|j|☆ur doggo
|j|☆ihymyly
|t:|1779696865
|gametype|singles
|player|p1|ur doggo|2|1601
|player|p2|ihymyly|266|1558
|gen|9
|tier|[Gen 9] OU
|rated|
|rule|HP Percentage Mod: HP is shown in percentages
|rule|Endless Battle Clause: Forcing endless battles is banned
|rule|Species Clause: Limit one of each Pokémon
|rule|OHKO Clause: OHKO moves are banned
|rule|Evasion Items Clause: Evasion items are banned
|rule|Evasion Moves Clause: Evasion moves are banned
|rule|Evasion Abilities Clause: Evasion abilities are banned
|rule|Sleep Moves Clause: Sleep-inducing moves are banned
|clearpoke
|poke|p1|Ninetales, F|
|poke|p1|Walking Wake|
|poke|p1|Great Tusk|
|poke|p1|Hatterene, F|
|poke|p1|Typhlosion-Hisui, M|
|poke|p1|Slither Wing|
|poke|p2|Darkrai|
|poke|p2|Skarmory, F|
|poke|p2|Great Tusk|
|poke|p2|Latios, M|
|poke|p2|Weavile, M|
|poke|p2|Mimikyu, M|
|teampreview
|
|t:|1779696876
|teamsize|p1|6
|teamsize|p2|6
|start
|switch|p1a: Ninetales|Ninetales, F|100/100
|switch|p2a: Latios|Latios, M|100/100
|-weather|SunnyDay|[from] ability: Drought|[of] p1a: Ninetales
|turn|1
|
|t:|1779696882
|switch|p1a: Hatterene|Hatterene, F|100/100
|move|p2a: Latios|Luster Purge|p1a: Hatterene
|-resisted|p1a: Hatterene
|-damage|p1a: Hatterene|76/100
|-unboost|p1a: Hatterene|spd|1
|-enditem|p1a: Hatterene|Eject Button
|j| Disscratch
|
|t:|1779696893
|switch|p1a: Jesus|Walking Wake|100/100
|-activate|p1a: Jesus|ability: Protosynthesis
|-start|p1a: Jesus|protosynthesisspe
|
|-weather|SunnyDay|[upkeep]
|upkeep
|turn|2
|
|t:|1779696897
|switch|p2a: Mimikyu|Mimikyu, M|100/100
|move|p1a: Jesus|Draco Meteor|p2a: Mimikyu
|-immune|p2a: Mimikyu
|
|-weather|SunnyDay|[upkeep]
|upkeep
|turn|3
|
|t:|1779696902
|move|p1a: Jesus|Flip Turn|p2a: Mimikyu
|-activate|p2a: Mimikyu|ability: Disguise
|-damage|p2a: Mimikyu|100/100
|detailschange|p2a: Mimikyu|Mimikyu-Busted, M
|-damage|p2a: Mimikyu|88/100|[from] pokemon: Mimikyu-Busted
|-enditem|p2a: Mimikyu|Red Card|[of] p1a: Jesus
|-end|p1a: Jesus|Protosynthesis|[silent]
|drag|p1a: Slither Wing|Slither Wing|100/100
|-activate|p1a: Slither Wing|ability: Protosynthesis
|-start|p1a: Slither Wing|protosynthesisatk
|move|p2a: Mimikyu|Swords Dance|p2a: Mimikyu
|-boost|p2a: Mimikyu|atk|2
|
|-weather|SunnyDay|[upkeep]
|upkeep
|turn|4
|
|t:|1779696921
|-end|p1a: Slither Wing|Protosynthesis|[silent]
|switch|p1a: Ninetales|Ninetales, F|100/100
|move|p2a: Mimikyu|Play Rough|p1a: Ninetales
|-resisted|p1a: Ninetales
|-damage|p1a: Ninetales|39/100
|
|-weather|SunnyDay|[upkeep]
|upkeep
|turn|5
|
|t:|1779696930
|move|p2a: Mimikyu|Shadow Sneak|p1a: Ninetales
|-damage|p1a: Ninetales|0 fnt
|faint|p1a: Ninetales
|
|-weather|SunnyDay|[upkeep]
|upkeep
|
|t:|1779696936
|switch|p1a: Jesus|Walking Wake|100/100
|-activate|p1a: Jesus|ability: Protosynthesis
|-start|p1a: Jesus|protosynthesisspe
|turn|6
|
|t:|1779696945
|-terastallize|p1a: Jesus|Water
|move|p2a: Mimikyu|Shadow Sneak|p1a: Jesus
|-damage|p1a: Jesus|62/100
|move|p1a: Jesus|Hydro Steam|p2a: Mimikyu
|-damage|p2a: Mimikyu|0 fnt
|faint|p2a: Mimikyu
|
|-weather|SunnyDay|[upkeep]
|upkeep
|
|t:|1779696959
|switch|p2a: Red Bull|Skarmory, F|100/100
|turn|7
|
|t:|1779696964
|move|p1a: Jesus|Hydro Steam|p2a: Red Bull
|-ability|p2a: Red Bull|Sturdy
|-damage|p2a: Red Bull|1/100
|move|p2a: Red Bull|Brave Bird|p1a: Jesus
|-damage|p1a: Jesus|28/100
|-damage|p2a: Red Bull|0 fnt|[from] Recoil
|faint|p2a: Red Bull
|
|-weather|SunnyDay|[upkeep]
|upkeep
|
|t:|1779696977
|switch|p2a: almost*evil*jordan|Darkrai, shiny|100/100
|turn|8
|
|t:|1779696981
|move|p1a: Jesus|Hydro Steam|p2a: almost*evil*jordan
|-damage|p2a: almost*evil*jordan|0 fnt
|faint|p2a: almost*evil*jordan
|
|-weather|none
|-end|p1a: Jesus|Protosynthesis
|upkeep
|
|t:|1779696987
|switch|p2a: Latios|Latios, M|100/100
|turn|9
|
|t:|1779696990
|-end|p1a: Jesus|Protosynthesis|[silent]
|switch|p1a: Hatterene|Hatterene, F|76/100
|move|p2a: Latios|Luster Purge|p1a: Hatterene
|-resisted|p1a: Hatterene
|-damage|p1a: Hatterene|54/100
|-unboost|p1a: Hatterene|spd|1
|
|upkeep
|turn|10
|
|t:|1779697007
|move|p2a: Latios|Luster Purge|p1a: Hatterene
|-resisted|p1a: Hatterene
|-damage|p1a: Hatterene|21/100
|-unboost|p1a: Hatterene|spd|1
|move|p1a: Hatterene|Draining Kiss|p2a: Latios
|-supereffective|p2a: Latios
|-damage|p2a: Latios|55/100
|-heal|p1a: Hatterene|54/100|[from] drain|[of] p2a: Latios
|
|upkeep
|turn|11
|j| bhybhdd
|
|t:|1779697022
|switch|p1a: high|Typhlosion-Hisui, M|100/100
|-item|p2a: Latios|Soul Dew|[from] ability: Frisk|[of] p1a: high
|move|p2a: Latios|Luster Purge|p1a: high
|-damage|p1a: high|24/100
|-unboost|p1a: high|spd|1
|
|upkeep
|turn|12
|l| bhybhdd
|
|t:|1779697043
|switch|p2a: Primal Schnoz|Great Tusk|100/100
|move|p1a: high|Shadow Ball|p2a: Primal Schnoz
|-damage|p2a: Primal Schnoz|28/100
|
|upkeep
|turn|13
|inactive|Battle timer is ON: inactive players will automatically lose when time's up. (requested by ur doggo)
|
|t:|1779697049
|-end|p2a: Primal Schnoz|Protosynthesis|[silent]
|switch|p2a: Mr. -ice Guy|Weavile, M|100/100
|-ability|p2a: Mr. -ice Guy|Pressure
|move|p1a: high|Shadow Ball|p2a: Mr. -ice Guy
|-resisted|p2a: Mr. -ice Guy
|-damage|p2a: Mr. -ice Guy|62/100
|-unboost|p2a: Mr. -ice Guy|spd|1
|
|upkeep
|turn|14
|
|t:|1779697059
|move|p2a: Mr. -ice Guy|Triple Axel|p1a: high
|-resisted|p1a: high
|-damage|p1a: high|17/100
|-hitcount|p1a: high|1
|move|p1a: high|Shadow Ball|p2a: Mr. -ice Guy
|-resisted|p2a: Mr. -ice Guy
|-damage|p2a: Mr. -ice Guy|3/100
|
|upkeep
|turn|15
|
|t:|1779697064
|move|p2a: Mr. -ice Guy|Knock Off|p1a: high
|-supereffective|p1a: high
|-damage|p1a: high|0 fnt
|-enditem|p1a: high|Choice Specs|[from] move: Knock Off|[of] p2a: Mr. -ice Guy
|faint|p1a: high
|
|upkeep
|
|t:|1779697072
|switch|p1a: Slither Wing|Slither Wing|100/100
|turn|16
|
|t:|1779697089
|move|p1a: Slither Wing|First Impression|p2a: Mr. -ice Guy
|-supereffective|p2a: Mr. -ice Guy
|-damage|p2a: Mr. -ice Guy|0 fnt
|faint|p2a: Mr. -ice Guy
|
|upkeep
|
|t:|1779697093
|switch|p2a: Latios|Latios, M|55/100
|turn|17
|
|t:|1779697101
|move|p2a: Latios|Luster Purge|p1a: Slither Wing
|-supereffective|p1a: Slither Wing
|-damage|p1a: Slither Wing|30/100
|move|p1a: Slither Wing|U-turn|p2a: Latios
|-supereffective|p2a: Latios
|-damage|p2a: Latios|0 fnt
|faint|p2a: Latios
|
|t:|1779697104
|-end|p1a: Slither Wing|Protosynthesis|[silent]
|switch|p1a: Jesus|Walking Wake, tera:Water|28/100|[from] U-turn
|
|upkeep
|-message|ihymyly forfeited.
|
|win|ur doggo
|raw|ur doggo's rating: 1601 &rarr; <strong>1619</strong><br />(+18 for winning)
|raw|ihymyly's rating: 1558 &rarr; <strong>1540</strong><br />(-18 for losing)
|l|☆ihymyly
|player|p2|
|l|☆ur doggo
|player|p1|
