|j|☆swatch tower
|j|☆Ghostshade
|t:|1779700626
|gametype|singles
|player|p1|swatch tower|depotagent|1182
|player|p2|Ghostshade|iris-gen5bw2|1152
|gen|9
|tier|[Gen 9] OU
|rated|
|rule|HP Percentage Mod: HP is shown in percentages
|rule|Endless Battle Clause: Forcing endless battles is banned
|rule|Species Clause: Limit one of each Pokémon
|rule|OHKO Clause: OHKO moves are banned
|rule|Evasion Items Clause: Evasion items are banned
|rule|Evasion Moves Clause: Evasion moves are banned
|rule|Evasion Abilities Clause: Evasion abilities are banned
|rule|Sleep Moves Clause: Sleep-inducing moves are banned
|clearpoke
|poke|p1|Golurk|
|poke|p1|Grimmsnarl, M|
|poke|p1|Deoxys-Speed|
|poke|p1|Greninja-*, M|
|poke|p1|Thundurus, M|
|poke|p1|Corviknight, F|
|poke|p2|Hatterene, F|
|poke|p2|Great Tusk|
|poke|p2|Tornadus-Therian, M|
|poke|p2|Kyurem|
|poke|p2|Slowking-Galar, F|
|poke|p2|Kingambit, F|
|teampreview
|
|t:|1779700652
|teamsize|p1|6
|teamsize|p2|6
|start
|switch|p1a: Golurk|Golurk, shiny|100/100
|switch|p2a: Tornadus|Tornadus-Therian, M|100/100
|turn|1
|
|t:|1779700659
|move|p2a: Tornadus|Knock Off|p1a: Golurk
|-supereffective|p1a: Golurk
|-damage|p1a: Golurk|62/100
|-enditem|p1a: Golurk|Life Orb|[from] move: Knock Off|[of] p2a: Tornadus
|move|p1a: Golurk|Stone Edge|p2a: Tornadus
|-supereffective|p2a: Tornadus
|-damage|p2a: Tornadus|7/100
|
|upkeep
|turn|2
|
|t:|1779700668
|switch|p1a: Thundurus|Thundurus, M|100/100
|move|p2a: Tornadus|U-turn|p1a: Thundurus
|-resisted|p1a: Thundurus
|-damage|p1a: Thundurus|89/100
|
|t:|1779700676
|switch|p2a: Slowking|Slowking-Galar, F|100/100|[from] U-turn
|
|upkeep
|turn|3
|
|t:|1779700682
|move|p1a: Thundurus|Knock Off|p2a: Slowking
|-supereffective|p2a: Slowking
|-damage|p2a: Slowking|64/100
|-enditem|p2a: Slowking|Black Sludge|[from] move: Knock Off|[of] p1a: Thundurus
|move|p2a: Slowking|Future Sight|p1a: Thundurus
|-start|p2a: Slowking|move: Future Sight
|
|upkeep
|turn|4
|
|t:|1779700697
|move|p1a: Thundurus|Taunt|p2a: Slowking
|-start|p2a: Slowking|move: Taunt
|-prepare|p2a: Slowking|Chilly Reception|[premajor]
|cant|p2a: Slowking|move: Taunt|Chilly Reception
|
|upkeep
|turn|5
|
|t:|1779700705
|switch|p2a: Great Tusk|Great Tusk|100/100
|move|p1a: Thundurus|Grass Knot|p2a: Great Tusk
|-supereffective|p2a: Great Tusk
|-damage|p2a: Great Tusk|0 fnt
|-damage|p1a: Thundurus|73/100|[from] item: Rocky Helmet|[of] p2a: Great Tusk
|faint|p2a: Great Tusk
|-end|p2a: Great Tusk|Protosynthesis|[silent]
|
|-end|p1a: Thundurus|move: Future Sight
|-damage|p1a: Thundurus|14/100
|upkeep
|
|t:|1779700711
|switch|p2a: Hatterene|Hatterene, F|100/100
|turn|6
|
|t:|1779700718
|move|p1a: Thundurus|Knock Off|p2a: Hatterene
|-damage|p2a: Hatterene|78/100
|-damage|p1a: Thundurus|0 fnt|[from] item: Rocky Helmet|[of] p2a: Hatterene
|faint|p1a: Thundurus
|move|p2a: Hatterene|Draining Kiss|p1: Thundurus|[notarget]
|-fail|p2a: Hatterene
|
|upkeep
|
|t:|1779700721
|switch|p1a: Golurk|Golurk, shiny|62/100
|turn|7
|
|t:|1779700733
|move|p1a: Golurk|Poltergeist|p2a: Hatterene
|-activate|p2a: Hatterene|move: Poltergeist|Rocky Helmet
|-supereffective|p2a: Hatterene
|-damage|p2a: Hatterene|0 fnt
|faint|p2a: Hatterene
|
|upkeep
|
|t:|1779700749
|switch|p2a: Kingambit|Kingambit, F|100/100
|-activate|p2a: Kingambit|ability: Supreme Overlord
|-start|p2a: Kingambit|fallen2|[silent]
|turn|8
|
|t:|1779700756
|-terastallize|p1a: Golurk|Grass
|move|p1a: Golurk|Dynamic Punch|p2a: Kingambit
|-supereffective|p2a: Kingambit
|-damage|p2a: Kingambit|0 fnt
|faint|p2a: Kingambit
|-end|p2a: Kingambit|fallen2|[silent]
|
|upkeep
|-message|Ghostshade forfeited.
|
|win|swatch tower
|raw|swatch tower's rating: 1182 &rarr; <strong>1205</strong><br />(+23 for winning)
|raw|Ghostshade's rating: 1152 &rarr; <strong>1129</strong><br />(-23 for losing)
|l|☆Ghostshade
|player|p2|
