|j|☆Lukas21
|j|☆NICKX12
|t:|1779708405
|gametype|singles
|player|p1|Lukas21|101|1172
|player|p2|NICKX12|170|1178
|gen|9
|tier|[Gen 9] OU
|rated|
|rule|HP Percentage Mod: HP is shown in percentages
|rule|Endless Battle Clause: Forcing endless battles is banned
|rule|Species Clause: Limit one of each Pokémon
|rule|OHKO Clause: OHKO moves are banned
|rule|Evasion Items Clause: Evasion items are banned
|rule|Evasion Moves Clause: Evasion moves are banned
|rule|Evasion Abilities Clause: Evasion abilities are banned
|rule|Sleep Moves Clause: Sleep-inducing moves are banned
|clearpoke
|poke|p1|Scyther, M|
|poke|p1|Incineroar, F|
|poke|p1|Eelektross, F|
|poke|p1|Glimmora, M|
|poke|p1|Registeel|
|poke|p1|Hydrapple, M|
|poke|p2|Great Tusk|
|poke|p2|Gholdengo|
|poke|p2|Kingambit, M|
|poke|p2|Dragonite, F|
|poke|p2|Raging Bolt|
|poke|p2|Ogerpon-Wellspring, F|
|teampreview
|
|t:|1779708426
|teamsize|p1|6
|teamsize|p2|6
|start
|switch|p1a: Eelektross|Eelektross, F|100/100
|switch|p2a: Great Tusk|Great Tusk|100/100
|turn|1
|
|t:|1779708433
|move|p2a: Great Tusk|Stealth Rock|p1a: Eelektross
|-sidestart|p1: Lukas21|move: Stealth Rock
|move|p1a: Eelektross|Giga Drain|p2a: Great Tusk
|-supereffective|p2a: Great Tusk
|-damage|p2a: Great Tusk|36/100
|
|-heal|p2a: Great Tusk|43/100|[from] item: Leftovers
|upkeep
|turn|2
|
|t:|1779708442
|move|p2a: Great Tusk|Earthquake|p1a: Eelektross
|-immune|p1a: Eelektross|[from] ability: Levitate
|move|p1a: Eelektross|Flamethrower|p2a: Great Tusk
|-damage|p2a: Great Tusk|8/100
|
|-heal|p2a: Great Tusk|15/100|[from] item: Leftovers
|upkeep
|turn|3
|
|t:|1779708454
|move|p2a: Great Tusk|Knock Off|p1a: Eelektross
|-damage|p1a: Eelektross|75/100
|-enditem|p1a: Eelektross|Assault Vest|[from] move: Knock Off|[of] p2a: Great Tusk
|move|p1a: Eelektross|Giga Drain|p2a: Great Tusk
|-supereffective|p2a: Great Tusk
|-damage|p2a: Great Tusk|0 fnt
|-heal|p1a: Eelektross|85/100|[from] drain|[of] p2a: Great Tusk
|faint|p2a: Great Tusk
|-end|p2a: Great Tusk|Protosynthesis|[silent]
|
|upkeep
|
|t:|1779708477
|switch|p2a: Gholdengo|Gholdengo|100/100
|-item|p2a: Gholdengo|Air Balloon
|turn|4
|
|t:|1779708490
|move|p2a: Gholdengo|Shadow Ball|p1a: Eelektross
|-damage|p1a: Eelektross|33/100
|move|p1a: Eelektross|Flamethrower|p2a: Gholdengo
|-supereffective|p2a: Gholdengo
|-damage|p2a: Gholdengo|34/100
|-enditem|p2a: Gholdengo|Air Balloon
|
|upkeep
|turn|5
|
|t:|1779708499
|move|p2a: Gholdengo|Shadow Ball|p1a: Eelektross
|-damage|p1a: Eelektross|0 fnt
|faint|p1a: Eelektross
|
|upkeep
|
|t:|1779708505
|switch|p1a: Incineroar|Incineroar, F|100/100
|-ability|p1a: Incineroar|Intimidate|boost
|-unboost|p2a: Gholdengo|atk|1
|turn|6
|
|t:|1779708514
|switch|p2a: Ogerpon|Ogerpon-Wellspring, F|100/100
|move|p1a: Incineroar|Darkest Lariat|p2a: Ogerpon
|-damage|p2a: Ogerpon|45/100
|
|upkeep
|turn|7
|
|t:|1779708525
|switch|p1a: Hydrapple|Hydrapple, M|100/100
|-damage|p1a: Hydrapple|88/100|[from] Stealth Rock
|move|p2a: Ogerpon|Ivy Cudgel|p1a: Hydrapple|[anim] Ivy Cudgel Water
|-resisted|p1a: Hydrapple
|-damage|p1a: Hydrapple|78/100
|
|upkeep
|turn|8
|
|t:|1779708537
|move|p2a: Ogerpon|U-turn|p1a: Hydrapple
|-supereffective|p1a: Hydrapple
|-crit|p1a: Hydrapple
|-damage|p1a: Hydrapple|17/100
|
|t:|1779708542
|switch|p2a: Dragonite|Dragonite, F|100/100|[from] U-turn
|move|p1a: Hydrapple|Fickle Beam|p2a: Dragonite
|-supereffective|p2a: Dragonite
|-damage|p2a: Dragonite|49/100
|-damage|p1a: Hydrapple|7/100|[from] item: Life Orb
|
|upkeep
|turn|9
|
|t:|1779708556
|switch|p1a: Registeel|Registeel|100/100
|-damage|p1a: Registeel|94/100|[from] Stealth Rock
|move|p2a: Dragonite|Extreme Speed|p1a: Registeel
|-resisted|p1a: Registeel
|-damage|p1a: Registeel|85/100
|
|-heal|p1a: Registeel|91/100|[from] item: Leftovers
|upkeep
|turn|10
|
|t:|1779708567
|move|p2a: Dragonite|Earthquake|p1a: Registeel
|-supereffective|p1a: Registeel
|-damage|p1a: Registeel|41/100
|move|p1a: Registeel|Curse|p1a: Registeel
|-unboost|p1a: Registeel|spe|1
|-boost|p1a: Registeel|atk|1
|-boost|p1a: Registeel|def|1
|
|-heal|p1a: Registeel|47/100|[from] item: Leftovers
|upkeep
|turn|11
|
|t:|1779708578
|move|p2a: Dragonite|Earthquake|p1a: Registeel
|-supereffective|p1a: Registeel
|-damage|p1a: Registeel|14/100
|move|p1a: Registeel|Iron Head|p2a: Dragonite
|-damage|p2a: Dragonite|6/100
|
|-heal|p1a: Registeel|20/100|[from] item: Leftovers
|upkeep
|turn|12
|
|t:|1779708589
|move|p2a: Dragonite|Earthquake|p1a: Registeel
|-supereffective|p1a: Registeel
|-damage|p1a: Registeel|0 fnt
|faint|p1a: Registeel
|
|upkeep
|
|t:|1779708599
|switch|p1a: Glimmora|Glimmora, M|100/100
|-damage|p1a: Glimmora|88/100|[from] Stealth Rock
|-item|p1a: Glimmora|Air Balloon
|turn|13
|
|t:|1779708608
|move|p2a: Dragonite|Ice Spinner|p1a: Glimmora
|-damage|p1a: Glimmora|58/100
|-activate|p1a: Glimmora|ability: Toxic Debris
|-sidestart|p2: NICKX12|move: Toxic Spikes
|-enditem|p1a: Glimmora|Air Balloon
|move|p1a: Glimmora|Mortal Spin|p2a: Dragonite
|-damage|p2a: Dragonite|0 fnt
|-sideend|p1: Lukas21|Stealth Rock|[from] move: Mortal Spin|[of] p1a: Glimmora
|faint|p2a: Dragonite
|
|upkeep
|
|t:|1779708621
|switch|p2a: Gholdengo|Gholdengo|34/100
|turn|14
|
|t:|1779708633
|move|p2a: Gholdengo|Make It Rain|p1a: Glimmora
|-supereffective|p1a: Glimmora
|-crit|p1a: Glimmora
|-damage|p1a: Glimmora|0 fnt
|-unboost|p2a: Gholdengo|spa|1
|faint|p1a: Glimmora
|
|upkeep
|
|t:|1779708647
|switch|p1a: Hydrapple|Hydrapple, M|40/100
|turn|15
|
|t:|1779708654
|-terastallize|p2a: Gholdengo|Flying
|move|p2a: Gholdengo|Make It Rain|p1a: Hydrapple
|-crit|p1a: Hydrapple
|-damage|p1a: Hydrapple|0 fnt
|-unboost|p2a: Gholdengo|spa|1
|faint|p1a: Hydrapple
|
|upkeep
|
|t:|1779708671
|switch|p1a: Scyther|Scyther, M|100/100
|turn|16
|
|t:|1779708675
|move|p1a: Scyther|Swords Dance|p1a: Scyther
|-boost|p1a: Scyther|atk|2
|move|p2a: Gholdengo|Nasty Plot|p2a: Gholdengo
|-boost|p2a: Gholdengo|spa|2
|
|upkeep
|turn|17
|
|t:|1779708682
|move|p1a: Scyther|Quick Attack|p2a: Gholdengo
|-damage|p2a: Gholdengo|3/100
|move|p2a: Gholdengo|Make It Rain|p1a: Scyther
|-damage|p1a: Scyther|50/100
|-unboost|p2a: Gholdengo|spa|1
|
|upkeep
|turn|18
|
|t:|1779708690
|move|p1a: Scyther|Quick Attack|p2a: Gholdengo
|-damage|p2a: Gholdengo|0 fnt
|faint|p2a: Gholdengo
|
|upkeep
|
|t:|1779708697
|switch|p2a: Raging Bolt|Raging Bolt|100/100
|-status|p2a: Raging Bolt|psn
|-enditem|p2a: Raging Bolt|Booster Energy
|-activate|p2a: Raging Bolt|ability: Protosynthesis|[fromitem]
|-start|p2a: Raging Bolt|protosynthesisspa
|turn|19
|inactive|Battle timer is ON: inactive players will automatically lose when time's up. (requested by NICKX12)
|
|t:|1779708710
|move|p1a: Scyther|U-turn|p2a: Raging Bolt
|-damage|p2a: Raging Bolt|51/100 psn
|
|t:|1779708712
|switch|p1a: Incineroar|Incineroar, F|100/100|[from] U-turn
|-ability|p1a: Incineroar|Intimidate|boost
|-unboost|p2a: Raging Bolt|atk|1
|move|p2a: Raging Bolt|Thunderbolt|p1a: Incineroar
|-damage|p1a: Incineroar|42/100
|
|-damage|p2a: Raging Bolt|38/100 psn|[from] psn
|upkeep
|turn|20
|
|t:|1779708722
|move|p1a: Incineroar|Fake Out|p2a: Raging Bolt
|-damage|p2a: Raging Bolt|27/100 psn
|cant|p2a: Raging Bolt|flinch
|
|-damage|p2a: Raging Bolt|15/100 psn|[from] psn
|upkeep
|turn|21
|
|t:|1779708729
|move|p2a: Raging Bolt|Draco Meteor|p1a: Incineroar
|-damage|p1a: Incineroar|0 fnt
|-unboost|p2a: Raging Bolt|spa|2
|faint|p1a: Incineroar
|
|-damage|p2a: Raging Bolt|2/100 psn|[from] psn
|upkeep
|
|t:|1779708735
|switch|p1a: Scyther|Scyther, M|50/100
|turn|22
|
|t:|1779708739
|-terastallize|p1a: Scyther|Normal
|move|p1a: Scyther|Swords Dance|p1a: Scyther
|-boost|p1a: Scyther|atk|2
|move|p2a: Raging Bolt|Draco Meteor|p1a: Scyther|[miss]
|-miss|p2a: Raging Bolt|p1a: Scyther
|
|-damage|p2a: Raging Bolt|0 fnt|[from] psn
|faint|p2a: Raging Bolt
|-end|p2a: Raging Bolt|Protosynthesis|[silent]
|upkeep
|
|t:|1779708748
|switch|p2a: Ogerpon|Ogerpon-Wellspring, F|45/100
|-status|p2a: Ogerpon|psn
|turn|23
|
|t:|1779708755
|move|p1a: Scyther|Quick Attack|p2a: Ogerpon
|-damage|p2a: Ogerpon|0 fnt
|faint|p2a: Ogerpon
|
|upkeep
|
|t:|1779708759
|switch|p2a: Kingambit|Kingambit, M|100/100
|-activate|p2a: Kingambit|ability: Supreme Overlord
|-start|p2a: Kingambit|fallen5|[silent]
|turn|24
|
|t:|1779708766
|move|p2a: Kingambit|Sucker Punch||[still]
|-fail|p2a: Kingambit
|move|p1a: Scyther|Swords Dance|p1a: Scyther
|-boost|p1a: Scyther|atk|2
|
|upkeep
|turn|25
|
|t:|1779708774
|move|p1a: Scyther|Quick Attack|p2a: Kingambit
|-resisted|p2a: Kingambit
|-damage|p2a: Kingambit|70/100
|move|p2a: Kingambit|Sucker Punch||[still]
|-fail|p2a: Kingambit
|
|upkeep
|turn|26
|
|t:|1779708780
|move|p1a: Scyther|U-turn|p2a: Kingambit
|-damage|p2a: Kingambit|0 fnt
|faint|p2a: Kingambit
|-end|p2a: Kingambit|fallen5|[silent]
|
|win|Lukas21
|raw|Lukas21's rating: 1172 &rarr; <strong>1197</strong><br />(+25 for winning)
|raw|NICKX12's rating: 1178 &rarr; <strong>1153</strong><br />(-25 for losing)
|l|☆NICKX12
|player|p2|
|l|☆Lukas21
|player|p1|
