|j|☆panzershock
|j|‽kaever
|t:|1779617674
|gametype|singles
|player|p1|panzershock|266|1249
|player|p2|kaever|1|1188
|gen|9
|tier|[Gen 9] OU
|rated|
|rule|HP Percentage Mod: HP is shown in percentages
|rule|Endless Battle Clause: Forcing endless battles is banned
|rule|Species Clause: Limit one of each Pokémon
|rule|OHKO Clause: OHKO moves are banned
|rule|Evasion Items Clause: Evasion items are banned
|rule|Evasion Moves Clause: Evasion moves are banned
|rule|Evasion Abilities Clause: Evasion abilities are banned
|rule|Sleep Moves Clause: Sleep-inducing moves are banned
|clearpoke
|poke|p1|Espeon, F|
|poke|p1|Porygon2|
|poke|p1|Farigiraf, F|
|poke|p1|Toucannon, M|
|poke|p1|Maushold|
|poke|p1|Deoxys-Defense|
|poke|p2|Probopass, F|
|poke|p2|Landorus-Therian, M|
|poke|p2|Ceruledge, M|
|poke|p2|Rotom-Wash|
|poke|p2|Ogerpon, F|
|poke|p2|Weezing-Galar, M|
|teampreview
|inactive|Battle timer is ON: inactive players will automatically lose when time's up. (requested by kaever)
|
|t:|1779617691
|teamsize|p1|6
|teamsize|p2|6
|start
|switch|p1a: Deoxys|Deoxys-Defense|100/100
|switch|p2a: Landorus|Landorus-Therian, M|100/100
|-ability|p2a: Landorus|Intimidate|boost
|-unboost|p1a: Deoxys|atk|1
|-ability|p1a: Deoxys|Pressure
|turn|1
|
|t:|1779617696
|move|p2a: Landorus|U-turn|p1a: Deoxys
|-supereffective|p1a: Deoxys
|-damage|p1a: Deoxys|60/100
|
|t:|1779617703
|switch|p2a: Ceruledge|Ceruledge, M|100/100|[from] U-turn
|move|p1a: Deoxys|Psychic Noise|p2a: Ceruledge
|-damage|p2a: Ceruledge|79/100
|
|-heal|p1a: Deoxys|66/100|[from] item: Leftovers
|upkeep
|turn|2
|
|t:|1779617726
|switch|p1a: Farigiraf|Farigiraf, F|100/100
|move|p2a: Ceruledge|Taunt|p1a: Farigiraf
|-start|p1a: Farigiraf|move: Taunt
|
|upkeep
|turn|3
|
|t:|1779617731
|move|p2a: Ceruledge|Bulk Up|p2a: Ceruledge
|-boost|p2a: Ceruledge|atk|1
|-boost|p2a: Ceruledge|def|1
|move|p1a: Farigiraf|Foul Play|p2a: Ceruledge
|-supereffective|p2a: Ceruledge
|-damage|p2a: Ceruledge|20/100
|
|upkeep
|turn|4
|
|t:|1779617741
|move|p2a: Ceruledge|Bitter Blade|p1a: Farigiraf
|-damage|p1a: Farigiraf|52/100
|-heal|p2a: Ceruledge|50/100|[from] drain|[of] p1a: Farigiraf
|-enditem|p1a: Farigiraf|Kee Berry|[eat]
|-boost|p1a: Farigiraf|def|1|[from] item: Kee Berry
|move|p1a: Farigiraf|Foul Play|p2a: Ceruledge
|-supereffective|p2a: Ceruledge
|-damage|p2a: Ceruledge|0 fnt
|faint|p2a: Ceruledge
|
|-end|p1a: Farigiraf|move: Taunt
|upkeep
|
|t:|1779617761
|switch|p2a: Probopass|Probopass, F|100/100
|turn|5
|
|t:|1779617767
|move|p1a: Farigiraf|Calm Mind|p1a: Farigiraf
|-boost|p1a: Farigiraf|spa|1
|-boost|p1a: Farigiraf|spd|1
|move|p2a: Probopass|Meteor Beam||[still]
|-prepare|p2a: Probopass|Meteor Beam
|-boost|p2a: Probopass|spa|1
|-enditem|p2a: Probopass|Power Herb
|-anim|p2a: Probopass|Meteor Beam|p1a: Farigiraf
|-damage|p1a: Farigiraf|15/100
|
|-activate|p1a: Farigiraf|ability: Cud Chew
|-enditem|p1a: Farigiraf|Kee Berry|[eat]
|-boost|p1a: Farigiraf|def|1|[from] item: Kee Berry
|upkeep
|turn|6
|
|t:|1779617778
|move|p1a: Farigiraf|Rest|p1a: Farigiraf
|-status|p1a: Farigiraf|slp|[from] move: Rest
|-heal|p1a: Farigiraf|100/100 slp|[silent]
|move|p2a: Probopass|Flash Cannon|p1a: Farigiraf
|-damage|p1a: Farigiraf|75/100 slp
|
|upkeep
|turn|7
|
|t:|1779617782
|cant|p1a: Farigiraf|slp
|move|p2a: Probopass|Meteor Beam||[still]
|-prepare|p2a: Probopass|Meteor Beam
|-boost|p2a: Probopass|spa|1
|
|upkeep
|turn|8
|
|t:|1779617787
|cant|p1a: Farigiraf|slp
|move|p2a: Probopass|Meteor Beam|p1a: Farigiraf|[from] lockedmove
|-damage|p1a: Farigiraf|23/100 slp
|
|upkeep
|turn|9
|
|t:|1779617792
|-curestatus|p1a: Farigiraf|slp|[msg]
|move|p1a: Farigiraf|Stored Power|p2a: Probopass
|-resisted|p2a: Probopass
|-damage|p2a: Probopass|80/100
|move|p2a: Probopass|Flash Cannon|p1a: Farigiraf
|-damage|p1a: Farigiraf|0 fnt
|faint|p1a: Farigiraf
|
|upkeep
|
|t:|1779617800
|switch|p1a: Toucannon|Toucannon, M|100/100
|turn|10
|
|t:|1779617804
|move|p1a: Toucannon|Heat Wave|p2a: Probopass
|-damage|p2a: Probopass|48/100
|move|p2a: Probopass|Thunderbolt|p1a: Toucannon
|-supereffective|p1a: Toucannon
|-damage|p1a: Toucannon|0 fnt
|faint|p1a: Toucannon
|
|upkeep
|
|t:|1779617816
|switch|p1a: Porygon2|Porygon2|100/100
|-ability|p1a: Porygon2|Magnet Pull|Trace|[from] ability: Trace|[of] p2a: Probopass
|turn|11
|
|t:|1779617829
|move|p1a: Porygon2|Discharge|p2a: Probopass
|-damage|p2a: Probopass|33/100
|move|p2a: Probopass|Flash Cannon|p1a: Porygon2
|-damage|p1a: Porygon2|63/100
|
|upkeep
|turn|12
|
|t:|1779617835
|move|p1a: Porygon2|Discharge|p2a: Probopass
|-damage|p2a: Probopass|17/100
|move|p2a: Probopass|Flash Cannon|p1a: Porygon2
|-damage|p1a: Porygon2|23/100
|
|upkeep
|turn|13
|
|t:|1779617847
|move|p1a: Porygon2|Recover|p1a: Porygon2
|-heal|p1a: Porygon2|73/100
|move|p2a: Probopass|Flash Cannon|p1a: Porygon2
|-damage|p1a: Porygon2|33/100
|
|upkeep
|turn|14
|
|t:|1779617850
|move|p1a: Porygon2|Recover|p1a: Porygon2
|-heal|p1a: Porygon2|83/100
|move|p2a: Probopass|Flash Cannon|p1a: Porygon2
|-damage|p1a: Porygon2|40/100
|
|upkeep
|turn|15
|
|t:|1779617854
|move|p1a: Porygon2|Recover|p1a: Porygon2
|-heal|p1a: Porygon2|90/100
|move|p2a: Probopass|Flash Cannon|p1a: Porygon2
|-damage|p1a: Porygon2|48/100
|
|upkeep
|turn|16
|
|t:|1779617858
|move|p1a: Porygon2|Discharge|p2a: Probopass
|-damage|p2a: Probopass|2/100
|-status|p2a: Probopass|par
|cant|p2a: Probopass|par
|
|upkeep
|turn|17
|
|t:|1779617864
|move|p1a: Porygon2|Recover|p1a: Porygon2
|-heal|p1a: Porygon2|98/100
|move|p2a: Probopass|Flash Cannon|p1a: Porygon2
|-damage|p1a: Porygon2|61/100
|
|upkeep
|turn|18
|
|t:|1779617869
|move|p1a: Porygon2|Recover|p1a: Porygon2
|-heal|p1a: Porygon2|100/100
|move|p2a: Probopass|Flash Cannon|p1a: Porygon2
|-damage|p1a: Porygon2|61/100
|
|upkeep
|turn|19
|
|t:|1779617873
|move|p1a: Porygon2|Discharge|p2a: Probopass
|-damage|p2a: Probopass|0 fnt
|faint|p2a: Probopass
|
|upkeep
|
|t:|1779617878
|switch|p2a: Ogerpon|Ogerpon, F|100/100
|turn|20
|
|t:|1779617883
|move|p2a: Ogerpon|Knock Off|p1a: Porygon2
|-damage|p1a: Porygon2|46/100
|-enditem|p1a: Porygon2|Eviolite|[from] move: Knock Off|[of] p2a: Ogerpon
|move|p1a: Porygon2|Ice Beam|p2a: Ogerpon
|-supereffective|p2a: Ogerpon
|-damage|p2a: Ogerpon|53/100
|
|upkeep
|turn|21
|
|t:|1779617890
|move|p2a: Ogerpon|Ivy Cudgel|p1a: Porygon2
|-damage|p1a: Porygon2|11/100
|move|p1a: Porygon2|Ice Beam|p2a: Ogerpon
|-supereffective|p2a: Ogerpon
|-damage|p2a: Ogerpon|1/100
|
|upkeep
|turn|22
|
|t:|1779617900
|move|p2a: Ogerpon|Ivy Cudgel|p1a: Porygon2
|-damage|p1a: Porygon2|0 fnt
|faint|p1a: Porygon2
|
|upkeep
|
|t:|1779617903
|switch|p1a: Espeon|Espeon, F|100/100
|turn|23
|
|t:|1779617911
|move|p1a: Espeon|Psychic|p2a: Ogerpon
|-damage|p2a: Ogerpon|0 fnt
|faint|p2a: Ogerpon
|
|upkeep
|
|t:|1779617915
|switch|p2a: Landorus|Landorus-Therian, M|100/100
|-ability|p2a: Landorus|Intimidate|boost
|-unboost|p1a: Espeon|atk|1
|turn|24
|
|t:|1779617921
|switch|p1a: Deoxys|Deoxys-Defense|66/100
|-ability|p1a: Deoxys|Pressure
|move|p2a: Landorus|U-turn|p1a: Deoxys
|-supereffective|p1a: Deoxys
|-damage|p1a: Deoxys|29/100
|
|t:|1779617929
|switch|p2a: Rotom|Rotom-Wash|100/100|[from] U-turn
|
|-heal|p1a: Deoxys|35/100|[from] item: Leftovers
|upkeep
|turn|25
|
|t:|1779617935
|move|p2a: Rotom|Hydro Pump|p1a: Deoxys
|-crit|p1a: Deoxys
|-damage|p1a: Deoxys|0 fnt
|faint|p1a: Deoxys
|
|upkeep
|
|t:|1779617939
|switch|p1a: Maushold|Maushold|100/100
|turn|26
|
|t:|1779617951
|move|p1a: Maushold|Population Bomb|p2a: Rotom
|-damage|p2a: Rotom|92/100
|-hitcount|p2a: Rotom|1
|move|p2a: Rotom|Will-O-Wisp|p1a: Maushold
|-status|p1a: Maushold|brn
|
|-heal|p2a: Rotom|99/100|[from] item: Leftovers
|-damage|p1a: Maushold|94/100 brn|[from] brn
|upkeep
|turn|27
|-message|panzershock forfeited.
|
|win|kaever
|raw|panzershock's rating: 1249 &rarr; <strong>1220</strong><br />(-29 for losing)
|raw|kaever's rating: 1188 &rarr; <strong>1217</strong><br />(+29 for winning)
|l|☆panzershock
|player|p1|
|l|‽kaever
|player|p2|
