|j|☆MrsDelacerna
|j|☆Dakota1683
|t:|1779658644
|gametype|singles
|player|p1|MrsDelacerna|lucas|1217
|player|p2|Dakota1683|2|1245
|gen|9
|tier|[Gen 9] OU
|rated|
|rule|HP Percentage Mod: HP is shown in percentages
|rule|Endless Battle Clause: Forcing endless battles is banned
|rule|Species Clause: Limit one of each Pokémon
|rule|OHKO Clause: OHKO moves are banned
|rule|Evasion Items Clause: Evasion items are banned
|rule|Evasion Moves Clause: Evasion moves are banned
|rule|Evasion Abilities Clause: Evasion abilities are banned
|rule|Sleep Moves Clause: Sleep-inducing moves are banned
|clearpoke
|poke|p1|Grimmsnarl, M|
|poke|p1|Kommo-o, F|
|poke|p1|Gholdengo|
|poke|p1|Dragapult, F|
|poke|p1|Scizor, F|
|poke|p1|Kingambit, F|
|poke|p2|Shiftry, F|
|poke|p2|Metagross|
|poke|p2|Banette, F|
|poke|p2|Latias, F|
|poke|p2|Torkoal, F|
|poke|p2|Sceptile, F|
|teampreview
|inactive|Battle timer is ON: inactive players will automatically lose when time's up. (requested by MrsDelacerna)
|
|t:|1779658653
|teamsize|p1|6
|teamsize|p2|6
|start
|switch|p1a: Grimmsnarl|Grimmsnarl, M|100/100
|switch|p2a: Torkoal|Torkoal, F|100/100
|-weather|SunnyDay|[from] ability: Drought|[of] p2a: Torkoal
|turn|1
|
|t:|1779658665
|move|p1a: Grimmsnarl|Light Screen|p1a: Grimmsnarl
|-sidestart|p1: MrsDelacerna|move: Light Screen
|move|p2a: Torkoal|Stealth Rock|p1a: Grimmsnarl
|-sidestart|p1: MrsDelacerna|move: Stealth Rock
|
|-weather|SunnyDay|[upkeep]
|upkeep
|turn|2
|
|t:|1779658676
|switch|p2a: Metagross|Metagross|100/100
|move|p1a: Grimmsnarl|Reflect|p1a: Grimmsnarl
|-sidestart|p1: MrsDelacerna|Reflect
|
|-weather|SunnyDay|[upkeep]
|upkeep
|turn|3
|
|t:|1779658690
|move|p1a: Grimmsnarl|Parting Shot|p2a: Metagross
|-fail|p2a: Metagross|unboost|[from] ability: Clear Body|[of] p2a: Metagross
|move|p2a: Metagross|Psychic Fangs|p1a: Grimmsnarl
|-immune|p1a: Grimmsnarl
|
|-weather|SunnyDay|[upkeep]
|upkeep
|turn|4
|
|t:|1779658714
|switch|p1a: Dragapult|Dragapult, F|100/100
|-damage|p1a: Dragapult|88/100|[from] Stealth Rock
|move|p2a: Metagross|Psychic Fangs|p1a: Dragapult
|-sideend|p1: MrsDelacerna|Reflect
|-sideend|p1: MrsDelacerna|move: Light Screen
|-damage|p1a: Dragapult|15/100
|
|-weather|SunnyDay|[upkeep]
|upkeep
|turn|5
|inactive|MrsDelacerna has 120 seconds left.
|
|t:|1779658736
|move|p2a: Metagross|Bullet Punch|p1a: Dragapult
|-damage|p1a: Dragapult|0 fnt
|faint|p1a: Dragapult
|
|-weather|none
|upkeep
|inactive|MrsDelacerna has 120 seconds left.
|
|t:|1779658752
|switch|p1a: Gholdengo|Gholdengo|100/100
|-damage|p1a: Gholdengo|94/100|[from] Stealth Rock
|-item|p1a: Gholdengo|Air Balloon
|turn|6
|
|t:|1779658764
|switch|p2a: Shiftry|Shiftry, F|100/100
|move|p1a: Gholdengo|Shadow Ball|p2a: Shiftry
|-resisted|p2a: Shiftry
|-damage|p2a: Shiftry|66/100
|
|upkeep
|turn|7
|inactive|MrsDelacerna has 120 seconds left.
|
|t:|1779658776
|move|p2a: Shiftry|Sucker Punch|p1a: Gholdengo
|-supereffective|p1a: Gholdengo
|-damage|p1a: Gholdengo|18/100
|-enditem|p1a: Gholdengo|Air Balloon
|move|p1a: Gholdengo|Make It Rain|p2a: Shiftry
|-damage|p2a: Shiftry|0 fnt
|-unboost|p1a: Gholdengo|spa|1
|faint|p2a: Shiftry
|
|upkeep
|
|t:|1779658795
|switch|p2a: Banette|Banette, F|100/100
|turn|8
|inactive|MrsDelacerna has 120 seconds left.
|
|t:|1779658806
|switch|p1a: Kommo-o|Kommo-o, F|100/100
|-damage|p1a: Kommo-o|94/100|[from] Stealth Rock
|move|p2a: Banette|Shadow Sneak|p1a: Kommo-o
|-damage|p1a: Kommo-o|75/100
|
|upkeep
|turn|9
|inactive|MrsDelacerna has 120 seconds left.
|
|t:|1779658819
|move|p1a: Kommo-o|Clangorous Soul|p1a: Kommo-o
|-boost|p1a: Kommo-o|atk|1
|-boost|p1a: Kommo-o|def|1
|-boost|p1a: Kommo-o|spa|1
|-boost|p1a: Kommo-o|spd|1
|-boost|p1a: Kommo-o|spe|1
|-damage|p1a: Kommo-o|42/100
|-enditem|p1a: Kommo-o|Throat Spray
|-boost|p1a: Kommo-o|spa|1|[from] item: Throat Spray
|move|p2a: Banette|Poltergeist||[still]
|-fail|p2a: Banette
|
|upkeep
|turn|10
|inactive|MrsDelacerna has 120 seconds left.
|
|t:|1779658833
|move|p1a: Kommo-o|Clanging Scales|p2a: Banette
|-enditem|p2a: Banette|Focus Sash
|-damage|p2a: Banette|1/100
|-unboost|p1a: Kommo-o|def|1
|move|p2a: Banette|Will-O-Wisp|p1a: Kommo-o
|-status|p1a: Kommo-o|brn
|
|-damage|p1a: Kommo-o|36/100 brn|[from] brn
|upkeep
|turn|11
|inactive|MrsDelacerna has 120 seconds left.
|
|t:|1779658851
|move|p2a: Banette|Shadow Sneak|p1a: Kommo-o
|-damage|p1a: Kommo-o|15/100 brn
|move|p1a: Kommo-o|Flamethrower|p2a: Banette
|-damage|p2a: Banette|0 fnt
|faint|p2a: Banette
|
|-damage|p1a: Kommo-o|8/100 brn|[from] brn
|upkeep
|
|t:|1779658860
|switch|p2a: Sceptile|Sceptile, F|100/100
|turn|12
|
|t:|1779658868
|move|p2a: Sceptile|Vacuum Wave|p1a: Kommo-o
|-damage|p1a: Kommo-o|0 fnt
|faint|p1a: Kommo-o
|
|upkeep
|
|t:|1779658879
|switch|p1a: Scizor|Scizor, F|100/100
|-damage|p1a: Scizor|88/100|[from] Stealth Rock
|turn|13
|
|t:|1779658887
|move|p2a: Sceptile|Leech Seed|p1a: Scizor
|-start|p1a: Scizor|move: Leech Seed
|move|p1a: Scizor|U-turn|p2a: Sceptile
|-supereffective|p2a: Sceptile
|-damage|p2a: Sceptile|0 fnt
|faint|p2a: Sceptile
|-damage|p1a: Scizor|78/100|[from] item: Life Orb
|
|t:|1779658896
|switch|p1a: Grimmsnarl|Grimmsnarl, M|100/100|[from] U-turn
|-damage|p1a: Grimmsnarl|88/100|[from] Stealth Rock
|
|upkeep
|
|t:|1779658903
|switch|p2a: Metagross|Metagross|100/100
|turn|14
|
|t:|1779658908
|move|p1a: Grimmsnarl|Parting Shot|p2a: Metagross
|-fail|p2a: Metagross|unboost|[from] ability: Clear Body|[of] p2a: Metagross
|move|p2a: Metagross|Iron Head|p1a: Grimmsnarl
|-supereffective|p1a: Grimmsnarl
|-crit|p1a: Grimmsnarl
|-damage|p1a: Grimmsnarl|0 fnt
|faint|p1a: Grimmsnarl
|
|upkeep
|
|t:|1779658920
|switch|p1a: Kingambit|Kingambit, F|100/100
|-damage|p1a: Kingambit|94/100|[from] Stealth Rock
|-activate|p1a: Kingambit|ability: Supreme Overlord
|-start|p1a: Kingambit|fallen3|[silent]
|turn|15
|
|t:|1779658927
|move|p2a: Metagross|Hammer Arm|p1a: Kingambit
|-supereffective|p1a: Kingambit
|-damage|p1a: Kingambit|0 fnt
|-unboost|p2a: Metagross|spe|1
|faint|p1a: Kingambit
|-end|p1a: Kingambit|fallen3|[silent]
|
|upkeep
|
|t:|1779658934
|switch|p1a: Scizor|Scizor, F|78/100
|-damage|p1a: Scizor|66/100|[from] Stealth Rock
|turn|16
|
|t:|1779658949
|switch|p2a: Torkoal|Torkoal, F|100/100
|-weather|SunnyDay|[from] ability: Drought|[of] p2a: Torkoal
|move|p1a: Scizor|Knock Off|p2a: Torkoal
|-damage|p2a: Torkoal|75/100
|-enditem|p2a: Torkoal|Heavy-Duty Boots|[from] move: Knock Off|[of] p1a: Scizor
|-damage|p1a: Scizor|56/100|[from] item: Life Orb
|
|-weather|SunnyDay|[upkeep]
|upkeep
|turn|17
|
|t:|1779658964
|move|p1a: Scizor|Close Combat|p2a: Torkoal
|-damage|p2a: Torkoal|40/100
|-unboost|p1a: Scizor|def|1
|-unboost|p1a: Scizor|spd|1
|-damage|p1a: Scizor|46/100|[from] item: Life Orb
|move|p2a: Torkoal|Lava Plume|p1a: Scizor
|-supereffective|p1a: Scizor
|-damage|p1a: Scizor|0 fnt
|faint|p1a: Scizor
|
|-weather|SunnyDay|[upkeep]
|upkeep
|-message|MrsDelacerna forfeited.
|
|win|Dakota1683
|raw|MrsDelacerna's rating: 1217 &rarr; <strong>1194</strong><br />(-23 for losing)
|raw|Dakota1683's rating: 1245 &rarr; <strong>1268</strong><br />(+23 for winning)
|l|☆MrsDelacerna
|player|p1|
|l|☆Dakota1683
|player|p2|
