|j|☆iwfnvsbhhsabfbb
|j|☆PokeAbl05241728znw
|t:|1779658577
|gametype|singles
|player|p1|iwfnvsbhhsabfbb|1|1116
|player|p2|PokeAbl05241728znw|1|1104
|gen|9
|tier|[Gen 9] OU
|rated|
|rule|HP Percentage Mod: HP is shown in percentages
|rule|Endless Battle Clause: Forcing endless battles is banned
|rule|Species Clause: Limit one of each Pokémon
|rule|OHKO Clause: OHKO moves are banned
|rule|Evasion Items Clause: Evasion items are banned
|rule|Evasion Moves Clause: Evasion moves are banned
|rule|Evasion Abilities Clause: Evasion abilities are banned
|rule|Sleep Moves Clause: Sleep-inducing moves are banned
|clearpoke
|poke|p1|Porygon-Z|
|poke|p1|Dragonite, M|
|poke|p1|Primarina, F|
|poke|p1|Darkrai|
|poke|p1|Slither Wing|
|poke|p1|Kingambit, F|
|poke|p2|Glimmora, M|
|poke|p2|Great Tusk|
|poke|p2|Gholdengo|
|poke|p2|Dragapult, F|
|poke|p2|Primarina, F|
|poke|p2|Kingambit, M|
|teampreview
|inactive|Battle timer is ON: inactive players will automatically lose when time's up. (requested by PokeAbl05241728znw)
|
|t:|1779658591
|teamsize|p1|6
|teamsize|p2|6
|start
|switch|p1a: Porygon-Z|Porygon-Z|100/100
|switch|p2a: Primarina|Primarina, F|100/100
|-ability|p1a: Porygon-Z|Download|boost
|-boost|p1a: Porygon-Z|atk|1
|turn|1
|
|t:|1779658595
|move|p1a: Porygon-Z|Nasty Plot|p1a: Porygon-Z
|-boost|p1a: Porygon-Z|spa|2
|move|p2a: Primarina|Moonblast|p1a: Porygon-Z
|-damage|p1a: Porygon-Z|30/100
|
|upkeep
|turn|2
|
|t:|1779658600
|move|p1a: Porygon-Z|Thunderbolt|p2a: Primarina
|-supereffective|p2a: Primarina
|-damage|p2a: Primarina|15/100
|move|p2a: Primarina|Moonblast|p1a: Porygon-Z
|-damage|p1a: Porygon-Z|0 fnt
|faint|p1a: Porygon-Z
|
|upkeep
|
|t:|1779658606
|switch|p1a: Dragonite|Dragonite, M|100/100
|turn|3
|
|t:|1779658614
|move|p1a: Dragonite|Extreme Speed|p2a: Primarina
|-damage|p2a: Primarina|0 fnt
|faint|p2a: Primarina
|
|upkeep
|
|t:|1779658619
|switch|p2a: Great Tusk|Great Tusk|100/100
|turn|4
|
|t:|1779658626
|move|p2a: Great Tusk|Ice Spinner|p1a: Dragonite
|-supereffective|p1a: Dragonite
|-damage|p1a: Dragonite|35/100
|move|p1a: Dragonite|Dragon Dance|p1a: Dragonite
|-boost|p1a: Dragonite|atk|1
|-boost|p1a: Dragonite|spe|1
|
|-heal|p1a: Dragonite|41/100|[from] item: Leftovers
|upkeep
|turn|5
|
|t:|1779658633
|move|p1a: Dragonite|Scale Shot|p2a: Great Tusk
|-damage|p2a: Great Tusk|83/100
|-damage|p2a: Great Tusk|66/100
|-damage|p2a: Great Tusk|49/100
|-damage|p2a: Great Tusk|34/100
|-damage|p2a: Great Tusk|18/100
|-hitcount|p2a: Great Tusk|5
|-unboost|p1a: Dragonite|def|1
|-boost|p1a: Dragonite|spe|1
|move|p2a: Great Tusk|Ice Spinner|p1a: Dragonite
|-supereffective|p1a: Dragonite
|-damage|p1a: Dragonite|0 fnt
|faint|p1a: Dragonite
|
|upkeep
|-message|iwfnvsbhhsabfbb forfeited.
|
|win|PokeAbl05241728znw
|raw|iwfnvsbhhsabfbb's rating: 1116 &rarr; <strong>1090</strong><br />(-26 for losing)
|raw|PokeAbl05241728znw's rating: 1104 &rarr; <strong>1130</strong><br />(+26 for winning)
|l|☆iwfnvsbhhsabfbb
|player|p1|
