|j|☆patterman444
|j|‽legendaryx8
|t:|1779561776
|gametype|singles
|player|p1|patterman444|gentleman-gen4|1256
|player|p2|legendaryx8|steven|1259
|gen|9
|tier|[Gen 9] OU
|rated|
|rule|HP Percentage Mod: HP is shown in percentages
|rule|Endless Battle Clause: Forcing endless battles is banned
|rule|Species Clause: Limit one of each Pokémon
|rule|OHKO Clause: OHKO moves are banned
|rule|Evasion Items Clause: Evasion items are banned
|rule|Evasion Moves Clause: Evasion moves are banned
|rule|Evasion Abilities Clause: Evasion abilities are banned
|rule|Sleep Moves Clause: Sleep-inducing moves are banned
|clearpoke
|poke|p1|Ting-Lu|
|poke|p1|Toxapex, F|
|poke|p1|Whimsicott, F|
|poke|p1|Alomomola, F|
|poke|p1|Clefable, F|
|poke|p1|Kingambit, M|
|poke|p2|Porygon2|
|poke|p2|Ursaluna, M|
|poke|p2|Hatterene, F|
|poke|p2|Dragonite, F|
|poke|p2|Iron Hands|
|poke|p2|Cresselia, F|
|teampreview
|inactive|Battle timer is ON: inactive players will automatically lose when time's up. (requested by patterman444)
|inactive|patterman444 has 120 seconds left.
|inactive|legendaryx8 has 120 seconds left.
|inactive|patterman444 has 90 seconds left.
|
|t:|1779561845
|teamsize|p1|6
|teamsize|p2|6
|start
|switch|p1a: Ting-Lu|Ting-Lu|100/100
|switch|p2a: Hatterene|Hatterene, F|100/100
|-ability|p1a: Ting-Lu|Vessel of Ruin
|turn|1
|
|t:|1779561868
|move|p1a: Ting-Lu|Stealth Rock|p2a: Hatterene
|move|p2a: Hatterene|Stealth Rock|p1a: Ting-Lu|[from] ability: Magic Bounce
|-sidestart|p1: patterman444|move: Stealth Rock
|move|p2a: Hatterene|Dazzling Gleam|p1a: Ting-Lu
|-supereffective|p1a: Ting-Lu
|-damage|p1a: Ting-Lu|58/100
|
|-heal|p1a: Ting-Lu|64/100|[from] item: Leftovers
|upkeep
|turn|2
|inactive|legendaryx8 has 120 seconds left.
|inactive|legendaryx8 has 90 seconds left.
|inactive|legendaryx8 has 60 seconds left.
|
|t:|1779561976
|switch|p1a: Clefable|Clefable, F|100/100
|move|p2a: Hatterene|Dazzling Gleam|p1a: Clefable
|-crit|p1a: Clefable
|-damage|p1a: Clefable|34/100
|
|-heal|p1a: Clefable|40/100|[from] item: Leftovers
|upkeep
|turn|3
|inactive|patterman444 has 120 seconds left.
|
|t:|1779562002
|-terastallize|p1a: Clefable|Steel
|move|p1a: Clefable|Calm Mind|p1a: Clefable
|-boost|p1a: Clefable|spa|1
|-boost|p1a: Clefable|spd|1
|move|p2a: Hatterene|Trick Room|p2a: Hatterene
|-fieldstart|move: Trick Room|[of] p2a: Hatterene
|
|-heal|p1a: Clefable|46/100|[from] item: Leftovers
|upkeep
|turn|4
|inactive|patterman444 has 120 seconds left.
|
|t:|1779562016
|move|p2a: Hatterene|Mystical Fire|p1a: Clefable
|-supereffective|p1a: Clefable
|-damage|p1a: Clefable|5/100
|-unboost|p1a: Clefable|spa|1
|move|p1a: Clefable|Moonlight|p1a: Clefable
|-heal|p1a: Clefable|55/100
|
|-heal|p1a: Clefable|61/100|[from] item: Leftovers
|upkeep
|turn|5
|
|t:|1779562026
|switch|p2a: Ursaluna|Ursaluna, M|100/100
|switch|p1a: Alomomola|Alomomola, F|100/100
|
|-status|p2a: Ursaluna|brn|[from] item: Flame Orb
|upkeep
|turn|6
|inactive|patterman444 has 120 seconds left.
|inactive|legendaryx8 has 30 seconds left.
|inactive|patterman444 has 90 seconds left.
|
|t:|1779562074
|-terastallize|p2a: Ursaluna|Normal
|move|p1a: Alomomola|Scald|p2a: Ursaluna
|-damage|p2a: Ursaluna|88/100 brn
|move|p2a: Ursaluna|Swords Dance|p2a: Ursaluna
|-boost|p2a: Ursaluna|atk|2
|
|-damage|p2a: Ursaluna|82/100 brn|[from] brn
|upkeep
|turn|7
|inactive|legendaryx8 has 30 seconds left.
|
|t:|1779562085
|move|p1a: Alomomola|Flip Turn|p2a: Ursaluna
|-damage|p2a: Ursaluna|72/100 brn
|inactive|patterman444 has 90 seconds left.
|
|t:|1779562115
|switch|p1a: Whimsicott|Whimsicott, F, shiny|100/100|[from] Flip Turn
|-damage|p1a: Whimsicott|88/100|[from] Stealth Rock
|move|p2a: Ursaluna|Facade|p1a: Whimsicott
|-damage|p1a: Whimsicott|0 fnt
|faint|p1a: Whimsicott
|
|-damage|p2a: Ursaluna|66/100 brn|[from] brn
|-fieldend|move: Trick Room
|upkeep
|
|t:|1779562119
|switch|p1a: Toxapex|Toxapex, F|100/100
|-damage|p1a: Toxapex|88/100|[from] Stealth Rock
|turn|8
|-message|patterman444 forfeited.
|
|win|legendaryx8
|raw|patterman444's rating: 1256 &rarr; <strong>1231</strong><br />(-25 for losing)
|raw|legendaryx8's rating: 1259 &rarr; <strong>1284</strong><br />(+25 for winning)
|l|☆patterman444
|player|p1|
