|j|☆liptight
|j|☆Spirit Guardian
|t:|1779665608
|gametype|singles
|player|p1|liptight|miku-ghost|1449
|player|p2|Spirit Guardian|265|1459
|gen|9
|tier|[Gen 9] OU
|rated|
|rule|HP Percentage Mod: HP is shown in percentages
|rule|Endless Battle Clause: Forcing endless battles is banned
|rule|Species Clause: Limit one of each Pokémon
|rule|OHKO Clause: OHKO moves are banned
|rule|Evasion Items Clause: Evasion items are banned
|rule|Evasion Moves Clause: Evasion moves are banned
|rule|Evasion Abilities Clause: Evasion abilities are banned
|rule|Sleep Moves Clause: Sleep-inducing moves are banned
|clearpoke
|poke|p1|Araquanid, F|
|poke|p1|Gholdengo|
|poke|p1|Iron Moth|
|poke|p1|Iron Valiant|
|poke|p1|Raging Bolt|
|poke|p1|Kingambit, F|
|poke|p2|Glimmora, F|
|poke|p2|Mimikyu, M|
|poke|p2|Quaquaval, M|
|poke|p2|Iron Moth|
|poke|p2|Galvantula, F|
|poke|p2|Dragonite, M|
|teampreview
|inactive|Battle timer is ON: inactive players will automatically lose when time's up. (requested by liptight)
|
|t:|1779665620
|teamsize|p1|6
|teamsize|p2|6
|start
|switch|p1a: QUIL|Araquanid, F|100/100
|switch|p2a: Glimmora|Glimmora, F|100/100
|-item|p2a: Glimmora|Air Balloon
|turn|1
|
|t:|1779665628
|move|p2a: Glimmora|Stealth Rock|p1a: QUIL
|-sidestart|p1: liptight|move: Stealth Rock
|move|p1a: QUIL|Surf|p2a: Glimmora
|-supereffective|p2a: Glimmora
|-damage|p2a: Glimmora|1/100
|-enditem|p2a: Glimmora|Air Balloon
|
|upkeep
|turn|2
|
|t:|1779665635
|move|p2a: Glimmora|Power Gem|p1a: QUIL
|-supereffective|p1a: QUIL
|-damage|p1a: QUIL|42/100
|move|p1a: QUIL|Sticky Web|p2a: Glimmora
|-sidestart|p2: Spirit Guardian|move: Sticky Web
|
|upkeep
|turn|3
|
|t:|1779665639
|move|p2a: Glimmora|Mortal Spin|p1a: QUIL
|-damage|p1a: QUIL|36/100
|-status|p1a: QUIL|psn
|-sideend|p2: Spirit Guardian|Sticky Web|[from] move: Mortal Spin|[of] p2a: Glimmora
|move|p1a: QUIL|Surf|p2a: Glimmora
|-supereffective|p2a: Glimmora
|-damage|p2a: Glimmora|0 fnt
|faint|p2a: Glimmora
|
|-damage|p1a: QUIL|24/100 psn|[from] psn
|upkeep
|
|t:|1779665643
|switch|p2a: Quaquaval|Quaquaval, M|100/100
|turn|4
|-enditem|p1a: QUIL|Custap Berry|[eat]
|-activate|p1a: QUIL|item: Custap Berry|[consumed]
|
|t:|1779665649
|move|p1a: QUIL|Sticky Web|p2a: Quaquaval
|-sidestart|p2: Spirit Guardian|move: Sticky Web
|move|p2a: Quaquaval|Close Combat|p1a: QUIL
|-resisted|p1a: QUIL
|-damage|p1a: QUIL|0 fnt
|-unboost|p2a: Quaquaval|def|1
|-unboost|p2a: Quaquaval|spd|1
|faint|p1a: QUIL
|-ability|p2a: Quaquaval|Moxie|boost
|-boost|p2a: Quaquaval|atk|1
|-enditem|p2a: Quaquaval|White Herb
|-clearnegativeboost|p2a: Quaquaval|[silent]
|
|upkeep
|
|t:|1779665656
|switch|p1a: DELI|Raging Bolt|100/100
|-damage|p1a: DELI|88/100|[from] Stealth Rock
|-enditem|p1a: DELI|Booster Energy
|-activate|p1a: DELI|ability: Protosynthesis|[fromitem]
|-start|p1a: DELI|protosynthesisspa
|turn|5
|
|t:|1779665662
|move|p2a: Quaquaval|Ice Spinner|p1a: DELI
|-supereffective|p1a: DELI
|-damage|p1a: DELI|15/100
|move|p1a: DELI|Thunderbolt|p2a: Quaquaval
|-supereffective|p2a: Quaquaval
|-damage|p2a: Quaquaval|0 fnt
|faint|p2a: Quaquaval
|
|upkeep
|
|t:|1779665667
|switch|p2a: Galvantula|Galvantula, F, shiny|100/100
|-activate|p2a: Galvantula|move: Sticky Web
|-unboost|p2a: Galvantula|spe|1
|turn|6
|
|t:|1779665675
|move|p1a: DELI|Dragon Pulse|p2a: Galvantula
|-enditem|p2a: Galvantula|Focus Sash
|-damage|p2a: Galvantula|1/100
|move|p2a: Galvantula|Sticky Web|p1a: DELI
|-sidestart|p1: liptight|move: Sticky Web
|
|upkeep
|turn|7
|
|t:|1779665681
|move|p1a: DELI|Dragon Pulse|p2a: Galvantula
|-damage|p2a: Galvantula|0 fnt
|faint|p2a: Galvantula
|
|upkeep
|
|t:|1779665684
|switch|p2a: Mimikyu|Mimikyu, M|100/100
|-activate|p2a: Mimikyu|move: Sticky Web
|-unboost|p2a: Mimikyu|spe|1
|turn|8
|
|t:|1779665690
|move|p1a: DELI|Thunderbolt|p2a: Mimikyu
|-activate|p2a: Mimikyu|ability: Disguise
|-damage|p2a: Mimikyu|100/100
|detailschange|p2a: Mimikyu|Mimikyu-Busted, M
|-damage|p2a: Mimikyu|88/100|[from] pokemon: Mimikyu-Busted
|-enditem|p2a: Mimikyu|Red Card|[of] p1a: DELI
|-end|p1a: DELI|Protosynthesis|[silent]
|drag|p1a: QUZZ|Iron Valiant|100/100
|-damage|p1a: QUZZ|94/100|[from] Stealth Rock
|-activate|p1a: QUZZ|move: Sticky Web
|-unboost|p1a: QUZZ|spe|1
|-enditem|p1a: QUZZ|Booster Energy
|-activate|p1a: QUZZ|ability: Quark Drive|[fromitem]
|-start|p1a: QUZZ|quarkdrivespa
|move|p2a: Mimikyu|Swords Dance|p2a: Mimikyu
|-boost|p2a: Mimikyu|atk|2
|
|upkeep
|turn|9
|
|t:|1779665704
|-terastallize|p1a: QUZZ|Ghost
|move|p2a: Mimikyu|Shadow Sneak|p1a: QUZZ
|-supereffective|p1a: QUZZ
|-damage|p1a: QUZZ|7/100
|move|p1a: QUZZ|Shadow Ball|p2a: Mimikyu
|-supereffective|p2a: Mimikyu
|-damage|p2a: Mimikyu|0 fnt
|faint|p2a: Mimikyu
|
|upkeep
|
|t:|1779665712
|switch|p2a: Dragonite|Dragonite, M|100/100
|turn|10
|
|t:|1779665719
|move|p2a: Dragonite|Dragon Dance|p2a: Dragonite
|-boost|p2a: Dragonite|atk|1
|-boost|p2a: Dragonite|spe|1
|move|p1a: QUZZ|Moonblast|p2a: Dragonite
|-supereffective|p2a: Dragonite
|-damage|p2a: Dragonite|26/100
|-unboost|p2a: Dragonite|spa|1
|
|upkeep
|turn|11
|
|t:|1779665723
|move|p1a: QUZZ|Vacuum Wave|p2a: Dragonite
|-resisted|p2a: Dragonite
|-damage|p2a: Dragonite|11/100
|move|p2a: Dragonite|Earthquake|p1a: QUZZ
|-damage|p1a: QUZZ|0 fnt
|faint|p1a: QUZZ
|-end|p1a: QUZZ|Quark Drive|[silent]
|
|upkeep
|
|t:|1779665727
|switch|p1a: TREE?|Gholdengo|100/100
|-damage|p1a: TREE?|94/100|[from] Stealth Rock
|-item|p1a: TREE?|Air Balloon
|turn|12
|
|t:|1779665732
|move|p2a: Dragonite|Dragon Claw|p1a: TREE?
|-resisted|p1a: TREE?
|-damage|p1a: TREE?|55/100
|-enditem|p1a: TREE?|Air Balloon
|move|p1a: TREE?|Psyshock|p2a: Dragonite
|-damage|p2a: Dragonite|0 fnt
|faint|p2a: Dragonite
|
|upkeep
|
|t:|1779665735
|switch|p2a: Iron Moth|Iron Moth, shiny|100/100
|-activate|p2a: Iron Moth|move: Sticky Web
|-unboost|p2a: Iron Moth|spe|1
|-enditem|p2a: Iron Moth|Booster Energy
|-activate|p2a: Iron Moth|ability: Quark Drive|[fromitem]
|-start|p2a: Iron Moth|quarkdrivespa
|turn|13
|
|t:|1779665742
|move|p1a: TREE?|Psyshock|p2a: Iron Moth
|-supereffective|p2a: Iron Moth
|-damage|p2a: Iron Moth|9/100
|move|p2a: Iron Moth|Flamethrower|p1a: TREE?
|-supereffective|p1a: TREE?
|-damage|p1a: TREE?|0 fnt
|faint|p1a: TREE?
|
|upkeep
|
|t:|1779665747
|switch|p1a: CALA|Iron Moth|100/100
|-damage|p1a: CALA|76/100|[from] Stealth Rock
|-activate|p1a: CALA|move: Sticky Web
|-unboost|p1a: CALA|spe|1
|-enditem|p1a: CALA|Booster Energy
|-activate|p1a: CALA|ability: Quark Drive|[fromitem]
|-start|p1a: CALA|quarkdrivespa
|turn|14
|
|t:|1779665753
|move|p2a: Iron Moth|Psychic|p1a: CALA
|-supereffective|p1a: CALA
|-damage|p1a: CALA|0 fnt
|faint|p1a: CALA
|-end|p1a: CALA|Quark Drive|[silent]
|
|upkeep
|inactive|liptight has 120 seconds left.
|
|t:|1779665800
|switch|p1a: SUPA|Kingambit, F|100/100
|-damage|p1a: SUPA|94/100|[from] Stealth Rock
|-activate|p1a: SUPA|ability: Supreme Overlord
|-start|p1a: SUPA|fallen4|[silent]
|-item|p1a: SUPA|Air Balloon
|turn|15
|
|t:|1779665805
|move|p2a: Iron Moth|Flamethrower|p1a: SUPA
|-supereffective|p1a: SUPA
|-damage|p1a: SUPA|0 fnt
|-enditem|p1a: SUPA|Air Balloon
|faint|p1a: SUPA
|-end|p1a: SUPA|fallen4|[silent]
|
|upkeep
|inactive|liptight has 120 seconds left.
|
|t:|1779665811
|switch|p1a: DELI|Raging Bolt|15/100
|-damage|p1a: DELI|3/100|[from] Stealth Rock
|-activate|p1a: DELI|move: Sticky Web
|-unboost|p1a: DELI|spe|1
|turn|16
|
|t:|1779665814
|-terastallize|p2a: Iron Moth|Psychic
|move|p1a: DELI|Thunderclap|p2a: Iron Moth
|-damage|p2a: Iron Moth|0 fnt
|faint|p2a: Iron Moth
|-end|p2a: Iron Moth|Quark Drive|[silent]
|
|win|liptight
|raw|liptight's rating: 1449 &rarr; <strong>1470</strong><br />(+21 for winning)
|raw|Spirit Guardian's rating: 1459 &rarr; <strong>1438</strong><br />(-21 for losing)
|l|☆Spirit Guardian
|player|p2|
|c|☆liptight|gg
|l|☆liptight
|player|p1|
