|j|☆BLAZ3_XWS
|j|☆hat_fm
|t:|1779636824
|gametype|singles
|player|p1|BLAZ3_XWS|lucas|1318
|player|p2|hat_fm|pilot|1298
|gen|9
|tier|[Gen 9] OU
|rated|
|rule|HP Percentage Mod: HP is shown in percentages
|rule|Endless Battle Clause: Forcing endless battles is banned
|rule|Species Clause: Limit one of each Pokémon
|rule|OHKO Clause: OHKO moves are banned
|rule|Evasion Items Clause: Evasion items are banned
|rule|Evasion Moves Clause: Evasion moves are banned
|rule|Evasion Abilities Clause: Evasion abilities are banned
|rule|Sleep Moves Clause: Sleep-inducing moves are banned
|clearpoke
|poke|p1|Goodra-Hisui, F|
|poke|p1|Weezing-Galar, M|
|poke|p1|Alomomola, F|
|poke|p1|Sableye, M|
|poke|p1|Meowscarada, F|
|poke|p1|Gastrodon, F|
|poke|p2|Zamazenta-*|
|poke|p2|Ceruledge, F|
|poke|p2|Scizor, F|
|poke|p2|Donphan, M|
|poke|p2|Lycanroc-Dusk, F|
|poke|p2|Florges, F|
|teampreview
|inactive|Battle timer is ON: inactive players will automatically lose when time's up. (requested by BLAZ3_XWS)
|
|t:|1779636827
|teamsize|p1|6
|teamsize|p2|6
|start
|switch|p1a: Meowscarada|Meowscarada, F|100/100
|switch|p2a: Donphan|Donphan, M|100/100
|turn|1
|
|t:|1779636838
|move|p1a: Meowscarada|U-turn|p2a: Donphan
|-start|p1a: Meowscarada|typechange|Bug|[from] ability: Protean
|-damage|p2a: Donphan|71/100
|-damage|p1a: Meowscarada|84/100|[from] item: Rocky Helmet|[of] p2a: Donphan
|
|t:|1779636841
|switch|p1a: Alomomola|Alomomola, F|100/100|[from] U-turn
|move|p2a: Donphan|Stealth Rock|p1a: Alomomola
|-sidestart|p1: BLAZ3_XWS|move: Stealth Rock
|
|upkeep
|turn|2
|
|t:|1779636845
|move|p1a: Alomomola|Scald|p2a: Donphan
|-supereffective|p2a: Donphan
|-damage|p2a: Donphan|38/100
|move|p2a: Donphan|Knock Off|p1a: Alomomola
|-damage|p1a: Alomomola|87/100
|-damage|p2a: Donphan|21/100|[from] item: Rocky Helmet|[of] p1a: Alomomola
|-enditem|p1a: Alomomola|Rocky Helmet|[from] move: Knock Off|[of] p2a: Donphan
|
|upkeep
|turn|3
|
|t:|1779636853
|move|p1a: Alomomola|Flip Turn|p2a: Donphan
|-supereffective|p2a: Donphan
|-damage|p2a: Donphan|4/100
|-damage|p1a: Alomomola|71/100|[from] item: Rocky Helmet|[of] p2a: Donphan
|
|t:|1779636859
|switch|p1a: Weezing|Weezing-Galar, M|100/100|[from] Flip Turn
|-ability|p1a: Weezing|Neutralizing Gas
|-damage|p1a: Weezing|88/100|[from] Stealth Rock
|move|p2a: Donphan|Earthquake|p1a: Weezing
|-supereffective|p1a: Weezing
|-damage|p1a: Weezing|23/100
|
|-heal|p1a: Weezing|29/100|[from] item: Leftovers
|upkeep
|turn|4
|
|t:|1779636867
|move|p1a: Weezing|Strange Steam|p2a: Donphan
|-damage|p2a: Donphan|0 fnt
|faint|p2a: Donphan
|
|-heal|p1a: Weezing|35/100|[from] item: Leftovers
|upkeep
|
|t:|1779636874
|switch|p2a: Scizor|Scizor, F|100/100
|turn|5
|
|t:|1779636876
|move|p2a: Scizor|Swords Dance|p2a: Scizor
|-boost|p2a: Scizor|atk|2
|move|p1a: Weezing|Will-O-Wisp|p2a: Scizor
|-status|p2a: Scizor|brn
|
|-heal|p1a: Weezing|41/100|[from] item: Leftovers
|-damage|p2a: Scizor|94/100 brn|[from] brn
|upkeep
|turn|6
|
|t:|1779636880
|move|p2a: Scizor|Swords Dance|p2a: Scizor
|-boost|p2a: Scizor|atk|2
|move|p1a: Weezing|Fire Blast|p2a: Scizor
|-supereffective|p2a: Scizor
|-damage|p2a: Scizor|0 fnt
|faint|p2a: Scizor
|
|-heal|p1a: Weezing|47/100|[from] item: Leftovers
|upkeep
|
|t:|1779636887
|switch|p2a: Lycanroc|Lycanroc-Dusk, F|100/100
|turn|7
|
|t:|1779636890
|move|p2a: Lycanroc|Zen Headbutt|p1a: Weezing
|-supereffective|p1a: Weezing
|-damage|p1a: Weezing|0 fnt
|faint|p1a: Weezing
|-end|p1a: Weezing|ability: Neutralizing Gas
|-damage|p2a: Lycanroc|91/100|[from] item: Life Orb
|
|upkeep
|
|t:|1779636896
|switch|p1a: Meowscarada|Meowscarada, F|84/100
|-damage|p1a: Meowscarada|72/100|[from] Stealth Rock
|turn|8
|
|t:|1779636902
|move|p2a: Lycanroc|Accelerock|p1a: Meowscarada
|-damage|p1a: Meowscarada|12/100
|-damage|p2a: Lycanroc|81/100|[from] item: Life Orb
|move|p1a: Meowscarada|Knock Off|p2a: Lycanroc
|-start|p1a: Meowscarada|typechange|Dark|[from] ability: Protean
|-damage|p2a: Lycanroc|0 fnt
|-enditem|p2a: Lycanroc|Life Orb|[from] move: Knock Off|[of] p1a: Meowscarada
|faint|p2a: Lycanroc
|
|upkeep
|
|t:|1779636912
|switch|p2a: Ceruledge|Ceruledge, F|100/100
|turn|9
|
|t:|1779636916
|move|p1a: Meowscarada|Knock Off|p2a: Ceruledge
|-supereffective|p2a: Ceruledge
|-enditem|p2a: Ceruledge|Focus Sash
|-damage|p2a: Ceruledge|1/100
|-ability|p2a: Ceruledge|Weak Armor|boost
|-unboost|p2a: Ceruledge|def|1
|-boost|p2a: Ceruledge|spe|2
|move|p2a: Ceruledge|Swords Dance|p2a: Ceruledge
|-boost|p2a: Ceruledge|atk|2
|
|upkeep
|turn|10
|
|t:|1779636920
|move|p2a: Ceruledge|Shadow Sneak|p1a: Meowscarada
|-resisted|p1a: Meowscarada
|-damage|p1a: Meowscarada|0 fnt
|faint|p1a: Meowscarada
|
|upkeep
|
|t:|1779636924
|switch|p1a: Alomomola|Alomomola, F|100/100
|-damage|p1a: Alomomola|88/100|[from] Stealth Rock
|turn|11
|
|t:|1779636938
|move|p2a: Ceruledge|Bitter Blade|p1a: Alomomola
|-resisted|p1a: Alomomola
|-damage|p1a: Alomomola|65/100
|-heal|p2a: Ceruledge|22/100|[from] drain|[of] p1a: Alomomola
|move|p1a: Alomomola|Flip Turn|p2a: Ceruledge
|-supereffective|p2a: Ceruledge
|-damage|p2a: Ceruledge|0 fnt
|faint|p2a: Ceruledge
|
|t:|1779636946
|switch|p1a: Goodra|Goodra-Hisui, F|100/100|[from] Flip Turn
|-damage|p1a: Goodra|94/100|[from] Stealth Rock
|
|upkeep
|
|t:|1779636953
|switch|p2a: Zamazenta|Zamazenta|100/100
|-ability|p2a: Zamazenta|Dauntless Shield|boost
|-boost|p2a: Zamazenta|def|1
|turn|12
|
|t:|1779636960
|switch|p1a: Sableye|Sableye, M|100/100
|-damage|p1a: Sableye|88/100|[from] Stealth Rock
|move|p2a: Zamazenta|Iron Defense|p2a: Zamazenta
|-boost|p2a: Zamazenta|def|2
|
|-heal|p1a: Sableye|94/100|[from] item: Leftovers
|upkeep
|turn|13
|
|t:|1779636965
|-terastallize|p2a: Zamazenta|Dark
|move|p1a: Sableye|Encore|p2a: Zamazenta
|-hint|Since gen 7, Dark is immune to Prankster moves.
|-immune|p2a: Zamazenta
|move|p2a: Zamazenta|Crunch|p1a: Sableye
|-damage|p1a: Sableye|48/100
|
|-heal|p1a: Sableye|54/100|[from] item: Leftovers
|upkeep
|turn|14
|
|t:|1779636977
|switch|p1a: Alomomola|Alomomola, F|98/100
|-damage|p1a: Alomomola|86/100|[from] Stealth Rock
|move|p2a: Zamazenta|Crunch|p1a: Alomomola
|-damage|p1a: Alomomola|69/100
|
|upkeep
|turn|15
|
|t:|1779636982
|move|p2a: Zamazenta|Body Press|p1a: Alomomola
|-damage|p1a: Alomomola|22/100
|move|p1a: Alomomola|Scald|p2a: Zamazenta
|-damage|p2a: Zamazenta|88/100
|
|-heal|p2a: Zamazenta|95/100|[from] item: Leftovers
|upkeep
|turn|16
|
|t:|1779636989
|move|p2a: Zamazenta|Body Press|p1a: Alomomola
|-damage|p1a: Alomomola|0 fnt
|faint|p1a: Alomomola
|
|-heal|p2a: Zamazenta|100/100|[from] item: Leftovers
|upkeep
|
|t:|1779636993
|switch|p1a: Goodra|Goodra-Hisui, F|94/100
|-damage|p1a: Goodra|88/100|[from] Stealth Rock
|turn|17
|
|t:|1779636997
|move|p2a: Zamazenta|Body Press|p1a: Goodra
|-supereffective|p1a: Goodra
|-damage|p1a: Goodra|0 fnt
|faint|p1a: Goodra
|
|upkeep
|-message|BLAZ3_XWS forfeited.
|
|win|hat_fm
|raw|BLAZ3_XWS's rating: 1318 &rarr; <strong>1297</strong><br />(-21 for losing)
|raw|hat_fm's rating: 1298 &rarr; <strong>1324</strong><br />(+26 for winning)
|l|☆BLAZ3_XWS
|player|p1|
|l|☆hat_fm
|player|p2|
