|j|☆Baptou26
|j|‽Okay44445
|t:|1779655527
|gametype|singles
|player|p1|Baptou26|101|1156
|player|p2|Okay44445|cyclist-gen4|1170
|gen|9
|tier|[Gen 9] OU
|rated|
|rule|HP Percentage Mod: HP is shown in percentages
|rule|Endless Battle Clause: Forcing endless battles is banned
|rule|Species Clause: Limit one of each Pokémon
|rule|OHKO Clause: OHKO moves are banned
|rule|Evasion Items Clause: Evasion items are banned
|rule|Evasion Moves Clause: Evasion moves are banned
|rule|Evasion Abilities Clause: Evasion abilities are banned
|rule|Sleep Moves Clause: Sleep-inducing moves are banned
|clearpoke
|poke|p1|Gliscor, F|
|poke|p1|Iron Valiant|
|poke|p1|Ceruledge, M|
|poke|p1|Meowscarada, F|
|poke|p1|Primarina, F|
|poke|p1|Basculin-Blue-Striped, F|
|poke|p2|Slowking-Galar, M|
|poke|p2|Cinderace, M|
|poke|p2|Corviknight, M|
|poke|p2|Tornadus-Therian, M|
|poke|p2|Great Tusk|
|poke|p2|Kyurem|
|teampreview
|inactive|Battle timer is ON: inactive players will automatically lose when time's up. (requested by Okay44445)
|
|t:|1779655546
|teamsize|p1|6
|teamsize|p2|6
|start
|switch|p1a: Angy Candle|Ceruledge, M|100/100
|switch|p2a: Kyurem|Kyurem|100/100
|-ability|p2a: Kyurem|Pressure
|turn|1
|
|t:|1779655557
|move|p2a: Kyurem|Icicle Spear|p1a: Angy Candle
|-resisted|p1a: Angy Candle
|-damage|p1a: Angy Candle|87/100
|-resisted|p1a: Angy Candle
|-damage|p1a: Angy Candle|74/100
|-resisted|p1a: Angy Candle
|-damage|p1a: Angy Candle|60/100
|-resisted|p1a: Angy Candle
|-damage|p1a: Angy Candle|46/100
|-resisted|p1a: Angy Candle
|-damage|p1a: Angy Candle|32/100
|-hitcount|p1a: Angy Candle|5
|move|p1a: Angy Candle|Poltergeist|p2a: Kyurem
|-activate|p2a: Kyurem|move: Poltergeist|Choice Band
|-damage|p2a: Kyurem|43/100
|
|upkeep
|turn|2
|
|t:|1779655572
|move|p2a: Kyurem|Icicle Spear|p1a: Angy Candle
|-resisted|p1a: Angy Candle
|-damage|p1a: Angy Candle|19/100
|-resisted|p1a: Angy Candle
|-damage|p1a: Angy Candle|5/100
|-resisted|p1a: Angy Candle
|-damage|p1a: Angy Candle|0 fnt
|faint|p1a: Angy Candle
|-hitcount|p1: Angy Candle|3
|
|upkeep
|
|t:|1779655582
|switch|p1a: Car|Meowscarada, F|100/100
|turn|3
|
|t:|1779655596
|switch|p2a: Corviknight|Corviknight, M|100/100
|-ability|p2a: Corviknight|Pressure
|move|p1a: Car|Triple Axel|p2a: Corviknight
|-start|p1a: Car|typechange|Ice|[from] ability: Protean
|-damage|p2a: Corviknight|95/100
|-damage|p1a: Car|84/100|[from] item: Rocky Helmet|[of] p2a: Corviknight
|-damage|p2a: Corviknight|83/100
|-damage|p1a: Car|68/100|[from] item: Rocky Helmet|[of] p2a: Corviknight
|-damage|p2a: Corviknight|65/100
|-damage|p1a: Car|51/100|[from] item: Rocky Helmet|[of] p2a: Corviknight
|-hitcount|p2a: Corviknight|3
|
|upkeep
|turn|4
|
|t:|1779655612
|switch|p1a: Fih|Basculin-Blue-Striped, F|100/100
|-ability|p1a: Fih|Mold Breaker
|move|p2a: Corviknight|U-turn|p1a: Fih
|-damage|p1a: Fih|77/100
|-enditem|p1a: Fih|Eject Button
|
|t:|1779655626
|switch|p1a: Stay With Me|Iron Valiant|100/100
|-enditem|p1a: Stay With Me|Booster Energy
|-activate|p1a: Stay With Me|ability: Quark Drive|[fromitem]
|-start|p1a: Stay With Me|quarkdrivespe
|
|upkeep
|turn|5
|
|t:|1779655633
|move|p1a: Stay With Me|Close Combat|p2a: Corviknight
|-damage|p2a: Corviknight|30/100
|-unboost|p1a: Stay With Me|def|1
|-unboost|p1a: Stay With Me|spd|1
|-damage|p1a: Stay With Me|84/100|[from] item: Rocky Helmet|[of] p2a: Corviknight
|move|p2a: Corviknight|Brave Bird|p1a: Stay With Me
|-supereffective|p1a: Stay With Me
|-damage|p1a: Stay With Me|0 fnt
|faint|p1a: Stay With Me
|-end|p1a: Stay With Me|Quark Drive|[silent]
|-damage|p2a: Corviknight|10/100|[from] Recoil
|
|upkeep
|
|t:|1779655645
|switch|p1a: Fih|Basculin-Blue-Striped, F|77/100
|-ability|p1a: Fih|Mold Breaker
|turn|6
|
|t:|1779655652
|move|p1a: Fih|Aqua Jet|p2a: Corviknight
|-damage|p2a: Corviknight|0 fnt
|-damage|p1a: Fih|60/100|[from] item: Rocky Helmet|[of] p2a: Corviknight
|faint|p2a: Corviknight
|
|upkeep
|
|t:|1779655665
|switch|p2a: Kyurem|Kyurem|43/100
|-ability|p2a: Kyurem|Pressure
|turn|7
|
|t:|1779655674
|move|p1a: Fih|Aqua Jet|p2a: Kyurem
|-resisted|p2a: Kyurem
|-damage|p2a: Kyurem|35/100
|move|p2a: Kyurem|Icicle Spear|p1a: Fih
|-resisted|p1a: Fih
|-damage|p1a: Fih|44/100
|-resisted|p1a: Fih
|-damage|p1a: Fih|28/100
|-hitcount|p1a: Fih|2
|
|upkeep
|turn|8
|
|t:|1779655684
|move|p1a: Fih|Aqua Jet|p2a: Kyurem
|-resisted|p2a: Kyurem
|-damage|p2a: Kyurem|26/100
|move|p2a: Kyurem|Icicle Spear|p1a: Fih
|-resisted|p1a: Fih
|-damage|p1a: Fih|9/100
|-resisted|p1a: Fih
|-damage|p1a: Fih|0 fnt
|faint|p1a: Fih
|-hitcount|p1: Fih|2
|
|upkeep
|
|t:|1779655693
|switch|p1a: Big Fih|Primarina, F|100/100
|turn|9
|
|t:|1779655702
|move|p2a: Kyurem|Icicle Spear|p1a: Big Fih
|-resisted|p1a: Big Fih
|-damage|p1a: Big Fih|90/100
|-resisted|p1a: Big Fih
|-damage|p1a: Big Fih|79/100
|-resisted|p1a: Big Fih
|-damage|p1a: Big Fih|66/100
|-resisted|p1a: Big Fih
|-damage|p1a: Big Fih|55/100
|-resisted|p1a: Big Fih
|-damage|p1a: Big Fih|44/100
|-hitcount|p1a: Big Fih|5
|move|p1a: Big Fih|Hyper Voice|p2a: Kyurem
|-resisted|p2a: Kyurem
|-damage|p2a: Kyurem|3/100
|-enditem|p1a: Big Fih|Throat Spray
|-boost|p1a: Big Fih|spa|1|[from] item: Throat Spray
|
|upkeep
|turn|10
|
|t:|1779655718
|move|p2a: Kyurem|Icicle Spear|p1a: Big Fih
|-resisted|p1a: Big Fih
|-damage|p1a: Big Fih|33/100
|-resisted|p1a: Big Fih
|-damage|p1a: Big Fih|21/100
|-resisted|p1a: Big Fih
|-damage|p1a: Big Fih|9/100
|-resisted|p1a: Big Fih
|-damage|p1a: Big Fih|0 fnt
|faint|p1a: Big Fih
|-hitcount|p1: Big Fih|4
|
|upkeep
|
|t:|1779655726
|switch|p1a: Car|Meowscarada, F|51/100
|turn|11
|
|t:|1779655729
|move|p1a: Car|U-turn|p2a: Kyurem
|-start|p1a: Car|typechange|Bug|[from] ability: Protean
|-damage|p2a: Kyurem|0 fnt
|faint|p2a: Kyurem
|
|t:|1779655735
|switch|p1a: FAHHH|Gliscor, F|100/100|[from] U-turn
|
|-status|p1a: FAHHH|tox|[from] item: Toxic Orb
|upkeep
|
|t:|1779655740
|switch|p2a: Tornadus|Tornadus-Therian, M|100/100
|turn|12
|
|t:|1779655745
|move|p1a: FAHHH|Protect|p1a: FAHHH
|-singleturn|p1a: FAHHH|Protect
|move|p2a: Tornadus|Nasty Plot|p2a: Tornadus
|-boost|p2a: Tornadus|spa|2
|
|upkeep
|turn|13
|
|t:|1779655752
|-terastallize|p1a: FAHHH|Normal
|move|p2a: Tornadus|Hurricane|p1a: FAHHH
|-damage|p1a: FAHHH|0 fnt
|faint|p1a: FAHHH
|-damage|p2a: Tornadus|91/100|[from] item: Life Orb
|
|upkeep
|-message|Baptou26 forfeited.
|
|win|Okay44445
|raw|Baptou26's rating: 1156 &rarr; <strong>1132</strong><br />(-24 for losing)
|raw|Okay44445's rating: 1170 &rarr; <strong>1194</strong><br />(+24 for winning)
|l|☆Baptou26
|player|p1|
