|j|☆xp180
|j|☆zicofool
|t:|1779706204
|gametype|singles
|player|p1|xp180|102|1547
|player|p2|zicofool|miku-water|1604
|gen|9
|tier|[Gen 9] OU
|rated|
|rule|HP Percentage Mod: HP is shown in percentages
|rule|Endless Battle Clause: Forcing endless battles is banned
|rule|Species Clause: Limit one of each Pokémon
|rule|OHKO Clause: OHKO moves are banned
|rule|Evasion Items Clause: Evasion items are banned
|rule|Evasion Moves Clause: Evasion moves are banned
|rule|Evasion Abilities Clause: Evasion abilities are banned
|rule|Sleep Moves Clause: Sleep-inducing moves are banned
|clearpoke
|poke|p1|Araquanid, M|
|poke|p1|Gholdengo|
|poke|p1|Raging Bolt|
|poke|p1|Iron Valiant|
|poke|p1|Ceruledge, M|
|poke|p1|Deoxys-Speed|
|poke|p2|Ogerpon, F|
|poke|p2|Maushold-Four|
|poke|p2|Volcanion|
|poke|p2|Fezandipiti, M|
|poke|p2|Garchomp, M|
|poke|p2|Tyranitar, M|
|teampreview
|
|t:|1779706231
|teamsize|p1|6
|teamsize|p2|6
|start
|switch|p1a: Araquanid|Araquanid, M|100/100
|switch|p2a: Ogerpon|Ogerpon, F|100/100
|turn|1
|
|t:|1779706239
|switch|p1a: Ceruledge|Ceruledge, M|100/100
|-terastallize|p2a: Ogerpon|Grass
|detailschange|p2a: Ogerpon|Ogerpon-Teal-Tera, F, tera:Grass
|-ability|p2a: Ogerpon|Embody Aspect (Teal)|boost
|-boost|p2a: Ogerpon|spe|1
|move|p2a: Ogerpon|Ivy Cudgel|p1a: Ceruledge
|-resisted|p1a: Ceruledge
|-damage|p1a: Ceruledge|32/100
|-ability|p1a: Ceruledge|Weak Armor|boost
|-unboost|p1a: Ceruledge|def|1
|-boost|p1a: Ceruledge|spe|2
|
|upkeep
|turn|2
|
|t:|1779706245
|switch|p2a: Garchomp|Garchomp, M|100/100
|move|p1a: Ceruledge|Bitter Blade|p2a: Garchomp
|-resisted|p2a: Garchomp
|-damage|p2a: Garchomp|86/100
|-heal|p1a: Ceruledge|42/100|[from] drain|[of] p2a: Garchomp
|-damage|p1a: Ceruledge|30/100|[from] ability: Rough Skin|[of] p2a: Garchomp
|-damage|p1a: Ceruledge|14/100|[from] item: Rocky Helmet|[of] p2a: Garchomp
|
|upkeep
|turn|3
|
|t:|1779706258
|switch|p1a: Araquanid|Araquanid, M|100/100
|move|p2a: Garchomp|Stealth Rock|p1a: Araquanid
|-sidestart|p1: xp180|move: Stealth Rock
|
|upkeep
|turn|4
|
|t:|1779706263
|move|p1a: Araquanid|Sticky Web|p2a: Garchomp
|-sidestart|p2: zicofool|move: Sticky Web
|move|p2a: Garchomp|Dragon Tail|p1a: Araquanid
|-damage|p1a: Araquanid|75/100
|drag|p1a: Gholdengo|Gholdengo|100/100
|-damage|p1a: Gholdengo|94/100|[from] Stealth Rock
|-item|p1a: Gholdengo|Air Balloon
|
|upkeep
|turn|5
|
|t:|1779706270
|move|p1a: Gholdengo|Shadow Ball|p2a: Garchomp
|-damage|p2a: Garchomp|41/100
|-unboost|p2a: Garchomp|spd|1
|move|p2a: Garchomp|Dragon Tail|p1a: Gholdengo
|-resisted|p1a: Gholdengo
|-damage|p1a: Gholdengo|80/100
|-enditem|p1a: Gholdengo|Air Balloon
|drag|p1a: Ceruledge|Ceruledge, M|14/100
|-damage|p1a: Ceruledge|0 fnt|[from] Stealth Rock
|faint|p1a: Ceruledge
|
|upkeep
|
|t:|1779706286
|switch|p1a: Iron Valiant|Iron Valiant|100/100
|-damage|p1a: Iron Valiant|94/100|[from] Stealth Rock
|-enditem|p1a: Iron Valiant|Booster Energy
|-activate|p1a: Iron Valiant|ability: Quark Drive|[fromitem]
|-start|p1a: Iron Valiant|quarkdrivespa
|turn|6
|
|t:|1779706293
|switch|p2a: Fezandipiti|Fezandipiti, M|100/100
|-activate|p2a: Fezandipiti|move: Sticky Web
|-unboost|p2a: Fezandipiti|spe|1
|move|p1a: Iron Valiant|Moonblast|p2a: Fezandipiti
|-resisted|p2a: Fezandipiti
|-damage|p2a: Fezandipiti|78/100
|
|-heal|p2a: Fezandipiti|84/100|[from] item: Leftovers
|upkeep
|turn|7
|
|t:|1779706301
|-terastallize|p1a: Iron Valiant|Ghost
|move|p1a: Iron Valiant|Calm Mind|p1a: Iron Valiant
|-boost|p1a: Iron Valiant|spa|1
|-boost|p1a: Iron Valiant|spd|1
|move|p2a: Fezandipiti|Moonblast|p1a: Iron Valiant
|-damage|p1a: Iron Valiant|66/100
|
|-heal|p2a: Fezandipiti|90/100|[from] item: Leftovers
|upkeep
|turn|8
|
|t:|1779706307
|move|p1a: Iron Valiant|Shadow Ball|p2a: Fezandipiti
|-damage|p2a: Fezandipiti|32/100
|move|p2a: Fezandipiti|Moonblast|p1a: Iron Valiant
|-damage|p1a: Iron Valiant|38/100
|-unboost|p1a: Iron Valiant|spa|1
|
|-heal|p2a: Fezandipiti|38/100|[from] item: Leftovers
|upkeep
|turn|9
|
|t:|1779706325
|move|p1a: Iron Valiant|Shadow Ball|p2a: Fezandipiti
|-damage|p2a: Fezandipiti|0 fnt
|faint|p2a: Fezandipiti
|
|upkeep
|
|t:|1779706331
|switch|p2a: Volcanion|Volcanion|100/100
|-activate|p2a: Volcanion|move: Sticky Web
|-unboost|p2a: Volcanion|spe|1
|turn|10
|
|t:|1779706346
|move|p1a: Iron Valiant|Shadow Ball|p2a: Volcanion
|-damage|p2a: Volcanion|42/100
|move|p2a: Volcanion|Earth Power|p1a: Iron Valiant
|-damage|p1a: Iron Valiant|0 fnt
|faint|p1a: Iron Valiant
|-end|p1a: Iron Valiant|Quark Drive|[silent]
|
|upkeep
|
|t:|1779706356
|switch|p1a: Raging Bolt|Raging Bolt|100/100
|-damage|p1a: Raging Bolt|88/100|[from] Stealth Rock
|-enditem|p1a: Raging Bolt|Booster Energy
|-activate|p1a: Raging Bolt|ability: Protosynthesis|[fromitem]
|-start|p1a: Raging Bolt|protosynthesisspa
|turn|11
|
|t:|1779706363
|move|p1a: Raging Bolt|Dragon Pulse|p2a: Volcanion
|-damage|p2a: Volcanion|0 fnt
|faint|p2a: Volcanion
|
|upkeep
|
|t:|1779706366
|switch|p2a: Tyranitar|Tyranitar, M|100/100
|-activate|p2a: Tyranitar|move: Sticky Web
|-unboost|p2a: Tyranitar|spe|1
|-weather|Sandstorm|[from] ability: Sand Stream|[of] p2a: Tyranitar
|turn|12
|
|t:|1779706369
|move|p1a: Raging Bolt|Calm Mind|p1a: Raging Bolt
|-boost|p1a: Raging Bolt|spa|1
|-boost|p1a: Raging Bolt|spd|1
|move|p2a: Tyranitar|Earthquake|p1a: Raging Bolt
|-supereffective|p1a: Raging Bolt
|-damage|p1a: Raging Bolt|21/100
|
|-weather|Sandstorm|[upkeep]
|-damage|p1a: Raging Bolt|15/100|[from] Sandstorm
|upkeep
|turn|13
|
|t:|1779706375
|move|p1a: Raging Bolt|Thunderbolt|p2a: Tyranitar
|-damage|p2a: Tyranitar|68/100
|-status|p2a: Tyranitar|par
|move|p2a: Tyranitar|Knock Off|p1a: Raging Bolt
|-crit|p1a: Raging Bolt
|-damage|p1a: Raging Bolt|0 fnt
|faint|p1a: Raging Bolt
|-end|p1a: Raging Bolt|Protosynthesis|[silent]
|
|-weather|Sandstorm|[upkeep]
|upkeep
|
|t:|1779706381
|switch|p1a: Araquanid|Araquanid, M|75/100
|-damage|p1a: Araquanid|50/100|[from] Stealth Rock
|turn|14
|
|t:|1779706384
|switch|p2a: Garchomp|Garchomp, M|41/100
|-activate|p2a: Garchomp|move: Sticky Web
|-unboost|p2a: Garchomp|spe|1
|move|p1a: Araquanid|Surf|p2a: Garchomp
|-damage|p2a: Garchomp|5/100
|
|-weather|Sandstorm|[upkeep]
|-damage|p1a: Araquanid|44/100|[from] Sandstorm
|upkeep
|turn|15
|
|t:|1779706387
|move|p1a: Araquanid|Surf|p2a: Garchomp
|-damage|p2a: Garchomp|0 fnt
|faint|p2a: Garchomp
|
|-weather|Sandstorm|[upkeep]
|-damage|p1a: Araquanid|37/100|[from] Sandstorm
|upkeep
|
|t:|1779706392
|switch|p2a: Maushold|Maushold-Four|100/100
|-activate|p2a: Maushold|move: Sticky Web
|-unboost|p2a: Maushold|spe|1
|turn|16
|
|t:|1779706397
|move|p2a: Maushold|Tidy Up|p2a: Maushold
|-sideend|p2: zicofool|Sticky Web
|-sideend|p1: xp180|Stealth Rock
|-activate|p2a: Maushold|move: Tidy Up
|-boost|p2a: Maushold|atk|1
|-boost|p2a: Maushold|spe|1
|move|p1a: Araquanid|Lunge|p2a: Maushold
|-damage|p2a: Maushold|69/100
|-unboost|p2a: Maushold|atk|1
|
|-weather|none
|upkeep
|turn|17
|
|t:|1779706400
|move|p2a: Maushold|Beat Up|p1a: Araquanid
|-damage|p1a: Araquanid|32/100
|-damage|p1a: Araquanid|26/100
|-hitcount|p1a: Araquanid|2
|move|p1a: Araquanid|Lunge|p2a: Maushold
|-damage|p2a: Maushold|39/100
|-unboost|p2a: Maushold|atk|1
|
|upkeep
|turn|18
|
|t:|1779706411
|move|p2a: Maushold|Beat Up|p1a: Araquanid
|-damage|p1a: Araquanid|22/100
|-damage|p1a: Araquanid|17/100
|-hitcount|p1a: Araquanid|2
|move|p1a: Araquanid|Lunge|p2a: Maushold
|-damage|p2a: Maushold|12/100
|-unboost|p2a: Maushold|atk|1
|
|upkeep
|turn|19
|-enditem|p1a: Araquanid|Custap Berry|[eat]
|-activate|p1a: Araquanid|item: Custap Berry|[consumed]
|
|t:|1779706416
|move|p1a: Araquanid|Lunge|p2a: Maushold
|-damage|p2a: Maushold|0 fnt
|faint|p2a: Maushold
|
|upkeep
|
|t:|1779706419
|switch|p2a: Ogerpon|Ogerpon-Teal-Tera, F, tera:Grass|100/100
|-ability|p2a: Ogerpon|Embody Aspect (Teal)|boost
|-boost|p2a: Ogerpon|spe|1
|turn|20
|
|t:|1779706423
|move|p2a: Ogerpon|Knock Off|p1a: Araquanid
|-damage|p1a: Araquanid|0 fnt
|faint|p1a: Araquanid
|
|upkeep
|
|t:|1779706432
|switch|p1a: Deoxys|Deoxys-Speed|100/100
|-ability|p1a: Deoxys|Pressure
|turn|21
|
|t:|1779706434
|move|p2a: Ogerpon|Knock Off|p1a: Deoxys
|-supereffective|p1a: Deoxys
|-damage|p1a: Deoxys|0 fnt
|-enditem|p1a: Deoxys|Life Orb|[from] move: Knock Off|[of] p2a: Ogerpon
|faint|p1a: Deoxys
|
|upkeep
|
|t:|1779706436
|switch|p1a: Gholdengo|Gholdengo|80/100
|turn|22
|
|t:|1779706443
|move|p2a: Ogerpon|Knock Off|p1a: Gholdengo
|-supereffective|p1a: Gholdengo
|-damage|p1a: Gholdengo|4/100
|move|p1a: Gholdengo|Make It Rain|p2a: Ogerpon
|-damage|p2a: Ogerpon|13/100
|-unboost|p1a: Gholdengo|spa|1
|
|upkeep
|turn|23
|
|t:|1779706449
|move|p2a: Ogerpon|Knock Off|p1a: Gholdengo
|-supereffective|p1a: Gholdengo
|-damage|p1a: Gholdengo|0 fnt
|faint|p1a: Gholdengo
|
|win|zicofool
|raw|xp180's rating: 1547 &rarr; <strong>1530</strong><br />(-17 for losing)
|raw|zicofool's rating: 1604 &rarr; <strong>1621</strong><br />(+17 for winning)
|l|☆xp180
|player|p1|
|l|☆zicofool
|player|p2|
