|j|☆Leo-Chirisu
|j|☆Karithus
|t:|1779556534
|gametype|singles
|player|p1|Leo-Chirisu|aaron|1372
|player|p2|Karithus|misty|1450
|gen|9
|tier|[Gen 9] OU
|rated|
|rule|HP Percentage Mod: HP is shown in percentages
|rule|Endless Battle Clause: Forcing endless battles is banned
|rule|Species Clause: Limit one of each Pokémon
|rule|OHKO Clause: OHKO moves are banned
|rule|Evasion Items Clause: Evasion items are banned
|rule|Evasion Moves Clause: Evasion moves are banned
|rule|Evasion Abilities Clause: Evasion abilities are banned
|rule|Sleep Moves Clause: Sleep-inducing moves are banned
|clearpoke
|poke|p1|Rillaboom, M|
|poke|p1|Hawlucha, F|
|poke|p1|Tentacruel, M|
|poke|p1|Ribombee, M|
|poke|p1|Weavile, F|
|poke|p1|Sandaconda, M|
|poke|p2|Zamazenta-*|
|poke|p2|Ogerpon-Wellspring, F|
|poke|p2|Great Tusk|
|poke|p2|Scizor, F|
|poke|p2|Ting-Lu|
|poke|p2|Dragapult, M|
|teampreview
|
|t:|1779556552
|teamsize|p1|6
|teamsize|p2|6
|start
|switch|p1a: Sandaconda|Sandaconda, M|100/100
|switch|p2a: Echidna|Scizor, F|100/100
|turn|1
|
|t:|1779556562
|move|p2a: Echidna|U-turn|p1a: Sandaconda
|-damage|p1a: Sandaconda|61/100
|-damage|p2a: Echidna|84/100|[from] item: Rocky Helmet|[of] p1a: Sandaconda
|
|t:|1779556571
|switch|p2a: Koifu|Ogerpon-Wellspring, F|100/100|[from] U-turn
|move|p1a: Sandaconda|Glare|p2a: Koifu
|-status|p2a: Koifu|par
|
|upkeep
|turn|2
|
|t:|1779556592
|move|p1a: Sandaconda|Stealth Rock|p2a: Koifu
|-sidestart|p2: Karithus|move: Stealth Rock
|move|p2a: Koifu|Ivy Cudgel|p1a: Sandaconda|[anim] Ivy Cudgel Water
|-supereffective|p1a: Sandaconda
|-damage|p1a: Sandaconda|0 fnt
|faint|p1a: Sandaconda
|
|upkeep
|
|t:|1779556598
|switch|p1a: Rillaboom|Rillaboom, M|100/100
|-fieldstart|move: Grassy Terrain|[from] ability: Grassy Surge|[of] p1a: Rillaboom
|turn|3
|inactive|Battle timer is ON: inactive players will automatically lose when time's up. (requested by Leo-Chirisu)
|
|t:|1779556629
|switch|p2a: Echidna|Scizor, F|84/100
|-damage|p2a: Echidna|72/100|[from] Stealth Rock
|move|p1a: Rillaboom|U-turn|p2a: Echidna
|-resisted|p2a: Echidna
|-damage|p2a: Echidna|58/100
|
|t:|1779556640
|switch|p1a: Hawlucha|Hawlucha, F|100/100|[from] U-turn
|-enditem|p1a: Hawlucha|Grassy Seed
|-boost|p1a: Hawlucha|def|1|[from] item: Grassy Seed
|
|-heal|p2a: Echidna|64/100|[from] Grassy Terrain
|upkeep
|turn|4
|
|t:|1779556649
|-terastallize|p1a: Hawlucha|Ground
|move|p2a: Echidna|Bullet Punch|p1a: Hawlucha
|-damage|p1a: Hawlucha|52/100
|move|p1a: Hawlucha|Swords Dance|p1a: Hawlucha
|-boost|p1a: Hawlucha|atk|2
|
|-heal|p1a: Hawlucha|58/100|[from] Grassy Terrain
|-heal|p2a: Echidna|70/100|[from] Grassy Terrain
|upkeep
|turn|5
|
|t:|1779556656
|-terastallize|p2a: Echidna|Steel
|move|p2a: Echidna|Bullet Punch|p1a: Hawlucha
|-damage|p1a: Hawlucha|0 fnt
|faint|p1a: Hawlucha
|
|-heal|p2a: Echidna|76/100|[from] Grassy Terrain
|upkeep
|
|t:|1779556666
|switch|p1a: Tentacruel|Tentacruel, M|100/100
|turn|6
|
|t:|1779556677
|switch|p2a: Koifu|Ogerpon-Wellspring, F|100/100 par
|-damage|p2a: Koifu|88/100 par|[from] Stealth Rock
|move|p1a: Tentacruel|Surf|p2a: Koifu
|-heal|p2a: Koifu|100/100 par|[from] ability: Water Absorb|[of] p1a: Tentacruel
|
|upkeep
|turn|7
|inactive|Karithus has 120 seconds left.
|
|t:|1779556708
|switch|p2a: Ting-Lu|Ting-Lu|100/100
|-damage|p2a: Ting-Lu|94/100|[from] Stealth Rock
|-ability|p2a: Ting-Lu|Vessel of Ruin
|move|p1a: Tentacruel|Sludge Bomb|p2a: Ting-Lu
|-resisted|p2a: Ting-Lu
|-damage|p2a: Ting-Lu|88/100
|
|-heal|p2a: Ting-Lu|94/100|[from] Grassy Terrain
|-heal|p2a: Ting-Lu|99/100|[from] item: Leftovers
|upkeep
|turn|8
|
|t:|1779556716
|move|p1a: Tentacruel|Surf|p2a: Ting-Lu
|-supereffective|p2a: Ting-Lu
|-damage|p2a: Ting-Lu|71/100
|move|p2a: Ting-Lu|Spikes|p1a: Tentacruel
|-sidestart|p1: Leo-Chirisu|Spikes
|
|-heal|p2a: Ting-Lu|77/100|[from] Grassy Terrain
|-heal|p2a: Ting-Lu|83/100|[from] item: Leftovers
|upkeep
|turn|9
|inactive|Karithus has 120 seconds left.
|
|t:|1779556732
|move|p1a: Tentacruel|Rapid Spin|p2a: Ting-Lu
|-damage|p2a: Ting-Lu|79/100
|-boost|p1a: Tentacruel|spe|1
|-sideend|p1: Leo-Chirisu|Spikes|[from] move: Rapid Spin|[of] p1a: Tentacruel
|move|p2a: Ting-Lu|Spikes|p1a: Tentacruel
|-sidestart|p1: Leo-Chirisu|Spikes
|
|-heal|p2a: Ting-Lu|85/100|[from] Grassy Terrain
|-heal|p2a: Ting-Lu|91/100|[from] item: Leftovers
|upkeep
|turn|10
|inactive|Karithus has 120 seconds left.
|
|t:|1779556749
|move|p1a: Tentacruel|Surf|p2a: Ting-Lu
|-supereffective|p2a: Ting-Lu
|-damage|p2a: Ting-Lu|63/100
|move|p2a: Ting-Lu|Ruination|p1a: Tentacruel
|-damage|p1a: Tentacruel|51/100
|
|-heal|p1a: Tentacruel|57/100|[from] Grassy Terrain
|-heal|p1a: Tentacruel|63/100|[from] item: Leftovers
|-heal|p2a: Ting-Lu|69/100|[from] Grassy Terrain
|-heal|p2a: Ting-Lu|75/100|[from] item: Leftovers
|-fieldend|move: Grassy Terrain
|upkeep
|turn|11
|
|t:|1779556752
|move|p1a: Tentacruel|Rapid Spin|p2a: Ting-Lu
|-damage|p2a: Ting-Lu|71/100
|-boost|p1a: Tentacruel|spe|1
|-sideend|p1: Leo-Chirisu|Spikes|[from] move: Rapid Spin|[of] p1a: Tentacruel
|move|p2a: Ting-Lu|Earthquake|p1a: Tentacruel
|-supereffective|p1a: Tentacruel
|-damage|p1a: Tentacruel|0 fnt
|faint|p1a: Tentacruel
|
|-heal|p2a: Ting-Lu|77/100|[from] item: Leftovers
|upkeep
|
|t:|1779556755
|switch|p1a: Rillaboom|Rillaboom, M|100/100
|-fieldstart|move: Grassy Terrain|[from] ability: Grassy Surge|[of] p1a: Rillaboom
|turn|12
|
|t:|1779556771
|move|p1a: Rillaboom|U-turn|p2a: Ting-Lu
|-supereffective|p2a: Ting-Lu
|-damage|p2a: Ting-Lu|49/100
|
|t:|1779556774
|switch|p1a: Ribombee|Ribombee, M|100/100|[from] U-turn
|-enditem|p1a: Ribombee|Grassy Seed
|-boost|p1a: Ribombee|def|1|[from] item: Grassy Seed
|move|p2a: Ting-Lu|Spikes|p1a: Ribombee
|-sidestart|p1: Leo-Chirisu|Spikes
|
|-heal|p2a: Ting-Lu|55/100|[from] Grassy Terrain
|-heal|p2a: Ting-Lu|61/100|[from] item: Leftovers
|upkeep
|turn|13
|
|t:|1779556782
|move|p1a: Ribombee|Quiver Dance|p1a: Ribombee
|-boost|p1a: Ribombee|spa|1
|-boost|p1a: Ribombee|spd|1
|-boost|p1a: Ribombee|spe|1
|move|p2a: Ting-Lu|Whirlwind|p1a: Ribombee
|drag|p1a: Rillaboom|Rillaboom, M|100/100
|-damage|p1a: Rillaboom|88/100|[from] Spikes
|
|-heal|p1a: Rillaboom|94/100|[from] Grassy Terrain
|-heal|p2a: Ting-Lu|68/100|[from] Grassy Terrain
|-heal|p2a: Ting-Lu|74/100|[from] item: Leftovers
|upkeep
|turn|14
|-message|Leo-Chirisu forfeited.
|
|win|Karithus
|raw|Leo-Chirisu's rating: 1372 &rarr; <strong>1356</strong><br />(-16 for losing)
|raw|Karithus's rating: 1450 &rarr; <strong>1466</strong><br />(+16 for winning)
|l|☆Leo-Chirisu
|player|p1|
|l|☆Karithus
|player|p2|
