|j|☆kalen80
|j|☆123zxcv
|t:|1779566599
|gametype|singles
|player|p1|kalen80|1|1173
|player|p2|123zxcv|170|1115
|gen|9
|tier|[Gen 9] OU
|rated|
|rule|HP Percentage Mod: HP is shown in percentages
|rule|Endless Battle Clause: Forcing endless battles is banned
|rule|Species Clause: Limit one of each Pokémon
|rule|OHKO Clause: OHKO moves are banned
|rule|Evasion Items Clause: Evasion items are banned
|rule|Evasion Moves Clause: Evasion moves are banned
|rule|Evasion Abilities Clause: Evasion abilities are banned
|rule|Sleep Moves Clause: Sleep-inducing moves are banned
|clearpoke
|poke|p1|Armarouge, F|
|poke|p1|Ambipom, F|
|poke|p1|Regidrago|
|poke|p1|Dudunsparce-*, F|
|poke|p1|Cyclizar, M|
|poke|p1|Galvantula, M|
|poke|p2|Tyranitar, F|
|poke|p2|Dragonite, F|
|poke|p2|Gliscor, F|
|poke|p2|Alomomola, M|
|poke|p2|Corviknight, M|
|poke|p2|Enamorus, F|
|teampreview
|inactive|Battle timer is ON: inactive players will automatically lose when time's up. (requested by 123zxcv)
|
|t:|1779566608
|teamsize|p1|6
|teamsize|p2|6
|start
|switch|p1a: Ambipom|Ambipom, F|100/100
|switch|p2a: Tyranitar|Tyranitar, F|100/100
|-weather|Sandstorm|[from] ability: Sand Stream|[of] p2a: Tyranitar
|turn|1
|
|t:|1779566620
|-terastallize|p2a: Tyranitar|Ghost
|move|p1a: Ambipom|Fake Out|p2a: Tyranitar
|-immune|p2a: Tyranitar
|move|p2a: Tyranitar|Rock Tomb|p1a: Ambipom
|-damage|p1a: Ambipom|47/100
|-unboost|p1a: Ambipom|spe|1
|
|-weather|Sandstorm|[upkeep]
|-damage|p1a: Ambipom|41/100|[from] Sandstorm
|-damage|p2a: Tyranitar|94/100|[from] Sandstorm
|upkeep
|turn|2
|
|t:|1779566630
|move|p1a: Ambipom|U-turn|p2a: Tyranitar
|-resisted|p2a: Tyranitar
|-damage|p2a: Tyranitar|85/100
|
|t:|1779566638
|switch|p1a: Armarouge|Armarouge, F|100/100|[from] U-turn
|move|p2a: Tyranitar|Rock Tomb|p1a: Armarouge
|-supereffective|p1a: Armarouge
|-damage|p1a: Armarouge|25/100
|-unboost|p1a: Armarouge|spe|1
|-ability|p1a: Armarouge|Weak Armor|boost
|-unboost|p1a: Armarouge|def|1
|-boost|p1a: Armarouge|spe|2
|
|-weather|Sandstorm|[upkeep]
|-damage|p1a: Armarouge|19/100|[from] Sandstorm
|-damage|p2a: Tyranitar|79/100|[from] Sandstorm
|upkeep
|turn|3
|
|t:|1779566653
|move|p1a: Armarouge|Destiny Bond|p1a: Armarouge
|-singlemove|p1a: Armarouge|Destiny Bond
|move|p2a: Tyranitar|Knock Off|p1a: Armarouge
|-supereffective|p1a: Armarouge
|-damage|p1a: Armarouge|0 fnt
|-enditem|p1a: Armarouge|Focus Sash|[from] move: Knock Off|[of] p2a: Tyranitar
|faint|p1a: Armarouge
|-activate|p1a: Armarouge|move: Destiny Bond
|faint|p2a: Tyranitar
|
|-weather|Sandstorm|[upkeep]
|upkeep
|
|t:|1779566660
|switch|p1a: Ambipom|Ambipom, F|41/100
|switch|p2a: Alomomola|Alomomola, M|100/100
|turn|4
|
|t:|1779566663
|move|p1a: Ambipom|Fake Out|p2a: Alomomola
|-damage|p2a: Alomomola|81/100
|-damage|p1a: Ambipom|24/100|[from] item: Rocky Helmet|[of] p2a: Alomomola
|cant|p2a: Alomomola|flinch
|
|-weather|Sandstorm|[upkeep]
|-damage|p1a: Ambipom|18/100|[from] Sandstorm
|-damage|p2a: Alomomola|74/100|[from] Sandstorm
|upkeep
|turn|5
|
|t:|1779566668
|switch|p1a: Galvantula|Galvantula, M|100/100
|move|p2a: Alomomola|Wish|p2a: Alomomola
|
|-weather|none
|upkeep
|turn|6
|
|t:|1779566678
|move|p1a: Galvantula|Thunder|p2a: Alomomola
|-supereffective|p2a: Alomomola
|-damage|p2a: Alomomola|0 fnt
|faint|p2a: Alomomola
|
|upkeep
|
|t:|1779566682
|switch|p2a: Gliscor|Gliscor, F|100/100
|turn|7
|
|t:|1779566691
|switch|p1a: Cyclizar|Cyclizar, M|100/100
|move|p2a: Gliscor|Knock Off|p1a: Cyclizar
|-damage|p1a: Cyclizar|60/100
|-enditem|p1a: Cyclizar|Heavy-Duty Boots|[from] move: Knock Off|[of] p2a: Gliscor
|
|-status|p2a: Gliscor|tox|[from] item: Toxic Orb
|upkeep
|turn|8
|
|t:|1779566699
|move|p1a: Cyclizar|Knock Off|p2a: Gliscor
|-damage|p2a: Gliscor|82/100 tox
|-enditem|p2a: Gliscor|Toxic Orb|[from] move: Knock Off|[of] p1a: Cyclizar
|move|p2a: Gliscor|Facade|p1a: Cyclizar
|-damage|p1a: Cyclizar|5/100
|
|-heal|p2a: Gliscor|94/100 tox|[from] ability: Poison Heal
|upkeep
|turn|9
|
|t:|1779566705
|move|p1a: Cyclizar|Draco Meteor|p2a: Gliscor
|-crit|p2a: Gliscor
|-damage|p2a: Gliscor|24/100 tox
|-unboost|p1a: Cyclizar|spa|2
|move|p2a: Gliscor|Knock Off|p1a: Cyclizar
|-damage|p1a: Cyclizar|0 fnt
|faint|p1a: Cyclizar
|
|-heal|p2a: Gliscor|36/100 tox|[from] ability: Poison Heal
|upkeep
|
|t:|1779566709
|switch|p1a: Ambipom|Ambipom, F|18/100
|turn|10
|
|t:|1779566711
|move|p2a: Gliscor|Protect|p2a: Gliscor
|-singleturn|p2a: Gliscor|Protect
|move|p1a: Ambipom|Triple Axel|p2a: Gliscor
|-activate|p2a: Gliscor|move: Protect
|
|-heal|p2a: Gliscor|49/100 tox|[from] ability: Poison Heal
|upkeep
|turn|11
|
|t:|1779566721
|move|p1a: Ambipom|Triple Axel|p2a: Gliscor
|-supereffective|p2a: Gliscor
|-damage|p2a: Gliscor|13/100 tox
|-supereffective|p2a: Gliscor
|-damage|p2a: Gliscor|0 fnt
|faint|p2a: Gliscor
|-hitcount|p2: Gliscor|2
|
|upkeep
|
|t:|1779566725
|switch|p2a: Dragonite|Dragonite, F|100/100
|turn|12
|
|t:|1779566729
|-terastallize|p1a: Ambipom|Ghost
|move|p2a: Dragonite|Extreme Speed|p1a: Ambipom
|-immune|p1a: Ambipom
|move|p1a: Ambipom|Triple Axel|p2a: Dragonite
|-supereffective|p2a: Dragonite
|-damage|p2a: Dragonite|78/100
|-supereffective|p2a: Dragonite
|-damage|p2a: Dragonite|0 fnt
|faint|p2a: Dragonite
|-hitcount|p2: Dragonite|2
|
|upkeep
|
|t:|1779566739
|switch|p2a: Corviknight|Corviknight, M|100/100
|turn|13
|
|t:|1779566744
|switch|p1a: Dudunsparce|Dudunsparce, F|100/100
|move|p2a: Corviknight|Dual Wingbeat|p1a: Dudunsparce
|-damage|p1a: Dudunsparce|87/100
|-crit|p1a: Dudunsparce
|-damage|p1a: Dudunsparce|69/100
|-hitcount|p1a: Dudunsparce|2
|
|upkeep
|turn|14
|
|t:|1779566750
|move|p1a: Dudunsparce|Boomburst|p2a: Corviknight
|-resisted|p2a: Corviknight
|-damage|p2a: Corviknight|73/100
|-enditem|p1a: Dudunsparce|Throat Spray
|-boost|p1a: Dudunsparce|spa|1|[from] item: Throat Spray
|move|p2a: Corviknight|Body Press|p1a: Dudunsparce
|-supereffective|p1a: Dudunsparce
|-damage|p1a: Dudunsparce|15/100
|
|-heal|p2a: Corviknight|79/100|[from] item: Leftovers
|upkeep
|turn|15
|
|t:|1779566754
|move|p1a: Dudunsparce|Boomburst|p2a: Corviknight
|-resisted|p2a: Corviknight
|-damage|p2a: Corviknight|39/100
|move|p2a: Corviknight|Iron Head|p1a: Dudunsparce
|-damage|p1a: Dudunsparce|0 fnt
|faint|p1a: Dudunsparce
|
|-heal|p2a: Corviknight|45/100|[from] item: Leftovers
|upkeep
|
|t:|1779566757
|switch|p1a: Galvantula|Galvantula, M|100/100
|turn|16
|
|t:|1779566763
|move|p1a: Galvantula|Thunder|p2a: Corviknight
|-supereffective|p2a: Corviknight
|-damage|p2a: Corviknight|0 fnt
|faint|p2a: Corviknight
|
|upkeep
|
|t:|1779566766
|switch|p2a: Enamorus|Enamorus, F|100/100
|turn|17
|
|t:|1779566768
|move|p1a: Galvantula|Thunder|p2a: Enamorus|[miss]
|-miss|p1a: Galvantula|p2a: Enamorus
|move|p2a: Enamorus|Mystical Fire|p1a: Galvantula
|-supereffective|p1a: Galvantula
|-enditem|p1a: Galvantula|Focus Sash
|-damage|p1a: Galvantula|1/100
|-unboost|p1a: Galvantula|spa|1
|
|upkeep
|turn|18
|
|t:|1779566774
|move|p1a: Galvantula|Volt Switch|p2a: Enamorus
|-supereffective|p2a: Enamorus
|-damage|p2a: Enamorus|62/100
|
|t:|1779566781
|switch|p1a: Regidrago|Regidrago|100/100|[from] Volt Switch
|move|p2a: Enamorus|Mystical Fire|p1a: Regidrago
|-resisted|p1a: Regidrago
|-crit|p1a: Regidrago
|-damage|p1a: Regidrago|76/100
|-unboost|p1a: Regidrago|spa|1
|
|upkeep
|turn|19
|
|t:|1779566788
|move|p1a: Regidrago|Hyper Beam|p2a: Enamorus
|-damage|p2a: Enamorus|33/100
|-mustrecharge|p1a: Regidrago
|move|p2a: Enamorus|Moonblast|p1a: Regidrago
|-supereffective|p1a: Regidrago
|-damage|p1a: Regidrago|0 fnt
|faint|p1a: Regidrago
|
|upkeep
|
|t:|1779566795
|switch|p1a: Ambipom|Ambipom, F, tera:Ghost|18/100
|turn|20
|
|t:|1779566799
|move|p1a: Ambipom|Fake Out|p2a: Enamorus
|-damage|p2a: Enamorus|0 fnt
|faint|p2a: Enamorus
|
|win|kalen80
|raw|kalen80's rating: 1173 &rarr; <strong>1194</strong><br />(+21 for winning)
|raw|123zxcv's rating: 1115 &rarr; <strong>1094</strong><br />(-21 for losing)
|l|☆123zxcv
|player|p2|
|l|☆kalen80
|player|p1|
