|j|☆STONE CHAI
|j|☆damorush
|t:|1779716804
|gametype|singles
|player|p1|STONE CHAI|2|1598
|player|p2|damorush|2|1634
|gen|9
|tier|[Gen 9] OU
|rated|
|rule|HP Percentage Mod: HP is shown in percentages
|rule|Endless Battle Clause: Forcing endless battles is banned
|rule|Species Clause: Limit one of each Pokémon
|rule|OHKO Clause: OHKO moves are banned
|rule|Evasion Items Clause: Evasion items are banned
|rule|Evasion Moves Clause: Evasion moves are banned
|rule|Evasion Abilities Clause: Evasion abilities are banned
|rule|Sleep Moves Clause: Sleep-inducing moves are banned
|clearpoke
|poke|p1|Gholdengo|
|poke|p1|Zamazenta-*|
|poke|p1|Ting-Lu|
|poke|p1|Clefable, F|
|poke|p1|Dragonite, M|
|poke|p1|Skarmory, F|
|poke|p2|Ceruledge, F|
|poke|p2|Kommo-o, F|
|poke|p2|Glimmora, F|
|poke|p2|Zamazenta-*|
|poke|p2|Kingambit, M|
|poke|p2|Iron Valiant|
|teampreview
|
|t:|1779716840
|teamsize|p1|6
|teamsize|p2|6
|start
|switch|p1a: K.F.C.|Skarmory, F|100/100
|switch|p2a: Glimmora|Glimmora, F|100/100
|turn|1
|inactive|Battle timer is ON: inactive players will automatically lose when time's up. (requested by damorush)
|
|t:|1779716872
|switch|p1a: Up Bowl On Em|Ting-Lu|100/100
|-ability|p1a: Up Bowl On Em|Vessel of Ruin
|move|p2a: Glimmora|Stealth Rock|p1a: Up Bowl On Em
|-sidestart|p1: STONE CHAI|move: Stealth Rock
|
|upkeep
|turn|2
|
|t:|1779716879
|move|p2a: Glimmora|Mortal Spin|p1a: Up Bowl On Em
|-resisted|p1a: Up Bowl On Em
|-damage|p1a: Up Bowl On Em|99/100
|-status|p1a: Up Bowl On Em|psn
|move|p1a: Up Bowl On Em|Earthquake|p2a: Glimmora
|-supereffective|p2a: Glimmora
|-enditem|p2a: Glimmora|Focus Sash
|-damage|p2a: Glimmora|1/100
|-activate|p2a: Glimmora|ability: Toxic Debris
|-sidestart|p1: STONE CHAI|move: Toxic Spikes
|
|-heal|p1a: Up Bowl On Em|100/100 psn|[from] item: Leftovers
|-damage|p1a: Up Bowl On Em|88/100 psn|[from] psn
|upkeep
|turn|3
|
|t:|1779716896
|switch|p1a: K.F.C.|Skarmory, F|100/100
|-damage|p1a: K.F.C.|88/100|[from] Stealth Rock
|move|p2a: Glimmora|Earth Power|p1a: K.F.C.
|-immune|p1a: K.F.C.
|
|upkeep
|turn|4
|
|t:|1779716909
|move|p2a: Glimmora|Power Gem|p1a: K.F.C.
|-crit|p1a: K.F.C.
|-damage|p1a: K.F.C.|4/100
|move|p1a: K.F.C.|Spikes|p2a: Glimmora
|-sidestart|p2: damorush|Spikes
|
|upkeep
|turn|5
|inactive|STONE CHAI has 120 seconds left.
|
|t:|1779716943
|move|p2a: Glimmora|Power Gem|p1a: K.F.C.
|-damage|p1a: K.F.C.|0 fnt
|faint|p1a: K.F.C.
|
|upkeep
|inactive|STONE CHAI has 120 seconds left.
|
|t:|1779716949
|switch|p1a: Secret Service|Dragonite, M|100/100
|turn|6
|inactive|damorush has 120 seconds left.
|
|t:|1779716981
|move|p1a: Secret Service|Extreme Speed|p2a: Glimmora
|-resisted|p2a: Glimmora
|-damage|p2a: Glimmora|0 fnt
|-activate|p2a: Glimmora|ability: Toxic Debris
|-sidestart|p1: STONE CHAI|move: Toxic Spikes
|faint|p2a: Glimmora
|
|upkeep
|
|t:|1779716986
|switch|p2a: Iron Valiant|Iron Valiant|100/100
|-damage|p2a: Iron Valiant|88/100|[from] Spikes
|-enditem|p2a: Iron Valiant|Booster Energy
|-activate|p2a: Iron Valiant|ability: Quark Drive|[fromitem]
|-start|p2a: Iron Valiant|quarkdrivespe
|turn|7
|
|t:|1779717006
|move|p2a: Iron Valiant|Moonblast|p1a: Secret Service
|-supereffective|p1a: Secret Service
|-crit|p1a: Secret Service
|-damage|p1a: Secret Service|37/100
|-unboost|p1a: Secret Service|spa|1
|move|p1a: Secret Service|Earthquake|p2a: Iron Valiant
|-damage|p2a: Iron Valiant|36/100
|
|upkeep
|turn|8
|inactive|damorush has 120 seconds left.
|
|t:|1779717059
|switch|p1a: Up Bowl On Em|Ting-Lu|88/100 psn
|-damage|p1a: Up Bowl On Em|82/100 psn|[from] Stealth Rock
|-ability|p1a: Up Bowl On Em|Vessel of Ruin
|move|p2a: Iron Valiant|Moonblast|p1a: Up Bowl On Em
|-supereffective|p1a: Up Bowl On Em
|-damage|p1a: Up Bowl On Em|39/100 psn
|
|-heal|p1a: Up Bowl On Em|46/100 psn|[from] item: Leftovers
|-damage|p1a: Up Bowl On Em|33/100 psn|[from] psn
|upkeep
|turn|9
|
|t:|1779717070
|move|p2a: Iron Valiant|Moonblast|p1a: Up Bowl On Em
|-supereffective|p1a: Up Bowl On Em
|-damage|p1a: Up Bowl On Em|0 fnt
|faint|p1a: Up Bowl On Em
|
|upkeep
|inactive|STONE CHAI has 120 seconds left.
|
|t:|1779717085
|switch|p1a: Secret Service|Dragonite, M|37/100
|turn|10
|
|t:|1779717099
|-terastallize|p2a: Iron Valiant|Ghost
|move|p1a: Secret Service|Extreme Speed|p2a: Iron Valiant
|-immune|p2a: Iron Valiant
|move|p2a: Iron Valiant|Moonblast|p1a: Secret Service
|-supereffective|p1a: Secret Service
|-damage|p1a: Secret Service|0 fnt
|faint|p1a: Secret Service
|
|upkeep
|c|☆STONE CHAI|Dude
|inactive|STONE CHAI has 120 seconds left.
|c|☆STONE CHAI|U are sooo toygh for that
|c|☆STONE CHAI|how did u know i was gonna scout tera
|
|t:|1779717122
|switch|p1a: Moonrock 350|Clefable, F|100/100
|-status|p1a: Moonrock 350|tox
|turn|11
|inactive|damorush has 90 seconds left.
|inactive|damorush has 60 seconds left.
|inactive|damorush has 30 seconds left.
|inactive|damorush has 20 seconds left.
|inactive|damorush has 15 seconds left.
|j| chillncurry
|inactive|damorush has 10 seconds left.
|inactive|damorush has 5 seconds left.
|-message|damorush lost due to inactivity.
|
|win|STONE CHAI
|raw|STONE CHAI's rating: 1598 &rarr; <strong>1621</strong><br />(+23 for winning)
|raw|damorush's rating: 1651 &rarr; <strong>1628</strong><br />(-23 for losing)
|l|☆STONE CHAI
|player|p1|
|l|☆damorush
|player|p2|
|l| chillncurry
