|j|☆encore21768768
|j|☆Abyssal Bot
|t:|1779631609
|gametype|singles
|player|p1|encore21768768|266|
|player|p2|Abyssal Bot|supernerd|
|teamsize|p1|6
|teamsize|p2|6
|gen|9
|tier|[Gen 9] OU
|rule|Species Clause: Limit one of each Pokémon
|rule|OHKO Clause: OHKO moves are banned
|rule|Evasion Items Clause: Evasion items are banned
|rule|Evasion Moves Clause: Evasion moves are banned
|rule|Endless Battle Clause: Forcing endless battles is banned
|rule|HP Percentage Mod: HP is shown in percentages
|rule|Sleep Moves Clause: Sleep-inducing moves are banned
|clearpoke
|poke|p1|Thundurus-Therian, M|
|poke|p1|Mandibuzz, F|
|poke|p1|Tornadus-Therian, M|
|poke|p1|Pelipper, M|
|poke|p1|Gyarados, F|
|poke|p1|Gliscor, M|
|poke|p2|Gholdengo|
|poke|p2|Ting-Lu|
|poke|p2|Deoxys-Speed|
|poke|p2|Garganacl, F|
|poke|p2|Ogerpon, F|
|poke|p2|Gliscor, F|
|teampreview
|c|☆Abyssal Bot|Good Luck and Have Fun my Friend!
|inactive|Battle timer is ON: inactive players will automatically lose when time's up. (requested by Abyssal Bot)
|j|*Turbo Bottttt
|
|t:|1779631612
|start
|switch|p1a: Thundurus|Thundurus-Therian, M|100/100
|switch|p2a: Gholdengo|Gholdengo|100/100
|turn|1
|
|t:|1779631615
|switch|p1a: Pelipper|Pelipper, M|100/100
|-weather|Rain Dance|[from] ability: Drizzle|[of] p1a: Pelipper
|switch|p2a: Gliscor|Gliscor, F|100/100
|
|-weather|Rain Dance|[upkeep]
|-status|p2a: Gliscor|tox|[from] item: Toxic Orb
|upkeep
|turn|2
|
|t:|1779631618
|switch|p2a: Gholdengo|Gholdengo|100/100
|move|p1a: Pelipper|U-turn|p2a: Gholdengo
|-resisted|p2a: Gholdengo
|-damage|p2a: Gholdengo|99/100
|
|t:|1779631622
|switch|p1a: Thundurus|Thundurus-Therian, M|100/100|[from] U-turn
|
|-weather|Rain Dance|[upkeep]
|upkeep
|turn|3
|
|t:|1779631623
|switch|p2a: Gliscor|Gliscor, F|100/100 tox
|move|p1a: Thundurus|Nasty Plot|p1a: Thundurus
|-boost|p1a: Thundurus|spa|2
|
|-weather|Rain Dance|[upkeep]
|upkeep
|turn|4
|
|t:|1779631626
|move|p1a: Thundurus|Weather Ball|p2a: Gliscor
|-supereffective|p2a: Gliscor
|-damage|p2a: Gliscor|0 tox
|faint|p2a: Gliscor
|
|-weather|Rain Dance|[upkeep]
|upkeep
|
|t:|1779631627
|switch|p2a: Ting-Lu|Ting-Lu|100/100
|-ability|p2a: Ting-Lu|Vessel of Ruin
|turn|5
|
|t:|1779631629
|move|p1a: Thundurus|Weather Ball|p2a: Ting-Lu
|-supereffective|p2a: Ting-Lu
|-damage|p2a: Ting-Lu|23/100
|move|p2a: Ting-Lu|Spikes|p1a: Thundurus
|-sidestart|p1: encore21768768|Spikes
|
|-weather|Rain Dance|[upkeep]
|upkeep
|turn|6
|
|t:|1779631633
|move|p1a: Thundurus|Weather Ball|p2a: Ting-Lu
|-supereffective|p2a: Ting-Lu
|-damage|p2a: Ting-Lu|0
|faint|p2a: Ting-Lu
|
|-weather|Rain Dance|[upkeep]
|upkeep
|
|t:|1779631633
|switch|p2a: Gholdengo|Gholdengo|99/100
|turn|7
|
|t:|1779631635
|move|p1a: Thundurus|Thunderbolt|p2a: Gholdengo
|-damage|p2a: Gholdengo|19/100
|move|p2a: Gholdengo|Hex|p1a: Thundurus
|-damage|p1a: Thundurus|68/100
|
|-weather|Rain Dance|[upkeep]
|upkeep
|turn|8
|
|t:|1779631639
|move|p1a: Thundurus|Thunderbolt|p2a: Gholdengo
|-damage|p2a: Gholdengo|0
|faint|p2a: Gholdengo
|
|-weather|none
|upkeep
|
|t:|1779631639
|switch|p2a: Garganacl|Garganacl, F|100/100
|turn|9
|
|t:|1779631641
|move|p1a: Thundurus|Focus Blast|p2a: Garganacl
|-supereffective|p2a: Garganacl
|-damage|p2a: Garganacl|0
|faint|p2a: Garganacl
|
|upkeep
|
|t:|1779631641
|switch|p2a: Deoxys|Deoxys-Speed|100/100
|-ability|p2a: Deoxys|Pressure
|turn|10
|
|t:|1779631646
|switch|p1a: Gyarados|Gyarados, F|100/100
|move|p2a: Deoxys|Psycho Boost|p1a: Gyarados|[miss]
|-miss|p2a: Deoxys|p1a: Gyarados
|
|upkeep
|turn|11
|c|☆Abyssal Bot|;-;
|
|t:|1779631649
|move|p2a: Deoxys|Psycho Boost|p1a: Gyarados
|-damage|p1a: Gyarados|68/100
|-unboost|p2a: Deoxys|spa|2
|move|p1a: Gyarados|Waterfall|p2a: Deoxys
|-damage|p2a: Deoxys|37/100
|
|upkeep
|turn|12
|
|t:|1779631655
|move|p2a: Deoxys|Psycho Boost|p1a: Gyarados
|-damage|p1a: Gyarados|51/100
|-unboost|p2a: Deoxys|spa|2
|move|p1a: Gyarados|Earthquake|p2a: Deoxys
|-damage|p2a: Deoxys|0
|faint|p2a: Deoxys
|-ability|p1a: Gyarados|Moxie|boost
|-boost|p1a: Gyarados|atk|1
|
|upkeep
|
|t:|1779631655
|switch|p2a: Ogerpon|Ogerpon, F|100/100
|turn|13
|
|t:|1779631660
|switch|p1a: Tornadus|Tornadus-Therian, M|100/100
|move|p2a: Ogerpon|Ivy Cudgel|p1a: Tornadus
|-resisted|p1a: Tornadus
|-damage|p1a: Tornadus|74/100
|
|upkeep
|turn|14
|
|t:|1779631662
|move|p1a: Tornadus|Bleakwind Storm|p2a: Ogerpon
|-supereffective|p2a: Ogerpon
|-damage|p2a: Ogerpon|15/100
|move|p2a: Ogerpon|Knock Off|p1a: Tornadus
|-damage|p1a: Tornadus|39/100
|-enditem|p1a: Tornadus|Heavy-Duty Boots|[from] move: Knock Off|[of] p2a: Ogerpon
|
|upkeep
|turn|15
|
|t:|1779631666
|move|p1a: Tornadus|Knock Off|p2a: Ogerpon
|-damage|p2a: Ogerpon|0
|-enditem|p2a: Ogerpon|Heavy-Duty Boots|[from] move: Knock Off|[of] p1a: Tornadus
|faint|p2a: Ogerpon
|
|win|encore21768768
|c|☆Abyssal Bot|Well Played.
|l|☆Abyssal Bot
|player|p2|
|l|*Turbo Bottttt
