|j|☆my shitters
|j|☆Igneos901
|t:|1779630396
|gametype|singles
|player|p1|my shitters|preschooler|1403
|player|p2|Igneos901|1|1313
|gen|9
|tier|[Gen 9] OU
|rated|
|rule|HP Percentage Mod: HP is shown in percentages
|rule|Endless Battle Clause: Forcing endless battles is banned
|rule|Species Clause: Limit one of each Pokémon
|rule|OHKO Clause: OHKO moves are banned
|rule|Evasion Items Clause: Evasion items are banned
|rule|Evasion Moves Clause: Evasion moves are banned
|rule|Evasion Abilities Clause: Evasion abilities are banned
|rule|Sleep Moves Clause: Sleep-inducing moves are banned
|clearpoke
|poke|p1|Sableye, F|
|poke|p1|Primeape, M|
|poke|p1|Alcremie-Ruby-Swirl, F|
|poke|p1|Ursaring, M|
|poke|p1|Brute Bonnet|
|poke|p1|Squawkabilly-Blue, M|
|poke|p2|Cinderace, M|
|poke|p2|Dragapult, M|
|poke|p2|Goodra, F|
|poke|p2|Whimsicott, F|
|poke|p2|Torkoal, F|
|poke|p2|Ursaluna, M|
|teampreview
|inactive|Battle timer is ON: inactive players will automatically lose when time's up. (requested by my shitters)
|
|t:|1779630420
|teamsize|p1|6
|teamsize|p2|6
|start
|switch|p1a: Squawkabilly|Squawkabilly-Blue, M|100/100
|switch|p2a: Dragapult|Dragapult, M|100/100
|-ability|p1a: Squawkabilly|Intimidate|boost
|-unboost|p2a: Dragapult|atk|1
|turn|1
|
|t:|1779630427
|move|p1a: Squawkabilly|U-turn|p2a: Dragapult
|-resisted|p2a: Dragapult
|-damage|p2a: Dragapult|90/100
|
|t:|1779630430
|switch|p1a: CremDeLaCreamie|Alcremie-Ruby-Swirl, F|100/100|[from] U-turn
|move|p2a: Dragapult|Dragon Darts|p1a: CremDeLaCreamie
|-immune|p1a: CremDeLaCreamie
|
|upkeep
|turn|2
|
|t:|1779630444
|switch|p2a: Cinderace|Cinderace, M|100/100
|switch|p1a: Squawkabilly|Squawkabilly-Blue, M|100/100
|-ability|p1a: Squawkabilly|Intimidate|boost
|-unboost|p2a: Cinderace|atk|1
|
|upkeep
|turn|3
|
|t:|1779630448
|switch|p2a: Torkoal|Torkoal, F|100/100
|-weather|SunnyDay|[from] ability: Drought|[of] p2a: Torkoal
|move|p1a: Squawkabilly|Final Gambit|p2a: Torkoal
|-damage|p2a: Torkoal|0 fnt
|faint|p1a: Squawkabilly
|faint|p2a: Torkoal
|
|-weather|SunnyDay|[upkeep]
|upkeep
|
|t:|1779630466
|switch|p1a: GenPostin|Sableye, F|100/100
|switch|p2a: Cinderace|Cinderace, M|100/100
|turn|4
|
|t:|1779630471
|move|p1a: GenPostin|Reflect|p1a: GenPostin
|-sidestart|p1: my shitters|Reflect
|move|p2a: Cinderace|Pyro Ball|p1a: GenPostin
|-damage|p1a: GenPostin|62/100
|-status|p1a: GenPostin|brn
|
|-weather|SunnyDay|[upkeep]
|-damage|p1a: GenPostin|56/100 brn|[from] brn
|upkeep
|turn|5
|
|t:|1779630476
|move|p1a: GenPostin|Taunt|p2a: Cinderace
|-start|p2a: Cinderace|move: Taunt
|move|p2a: Cinderace|Pyro Ball|p1a: GenPostin
|-damage|p1a: GenPostin|17/100 brn
|
|-weather|SunnyDay|[upkeep]
|-damage|p1a: GenPostin|11/100 brn|[from] brn
|upkeep
|turn|6
|
|t:|1779630480
|move|p1a: GenPostin|Light Screen|p1a: GenPostin
|-sidestart|p1: my shitters|move: Light Screen
|move|p2a: Cinderace|Pyro Ball|p1a: GenPostin
|-damage|p1a: GenPostin|0 fnt
|faint|p1a: GenPostin
|
|-weather|SunnyDay|[upkeep]
|upkeep
|
|t:|1779630490
|switch|p1a: PonnieColeman|Primeape, M|100/100
|turn|7
|
|t:|1779630500
|-terastallize|p1a: PonnieColeman|Fire
|move|p2a: Cinderace|Gunk Shot|p1a: PonnieColeman
|-start|p2a: Cinderace|typechange|Poison|[from] ability: Libero
|-damage|p1a: PonnieColeman|74/100
|move|p1a: PonnieColeman|Bulk Up|p1a: PonnieColeman
|-boost|p1a: PonnieColeman|atk|1
|-boost|p1a: PonnieColeman|def|1
|
|-weather|none
|-end|p2a: Cinderace|move: Taunt
|upkeep
|turn|8
|
|t:|1779630508
|move|p2a: Cinderace|Court Change|p2a: Cinderace
|-swapsideconditions
|-activate|p2a: Cinderace|move: Court Change
|move|p1a: PonnieColeman|Bulk Up|p1a: PonnieColeman
|-boost|p1a: PonnieColeman|atk|1
|-boost|p1a: PonnieColeman|def|1
|
|upkeep
|turn|9
|
|t:|1779630511
|switch|p2a: Whimsicott|Whimsicott, F|100/100
|move|p1a: PonnieColeman|Bulk Up|p1a: PonnieColeman
|-boost|p1a: PonnieColeman|atk|1
|-boost|p1a: PonnieColeman|def|1
|
|upkeep
|turn|10
|
|t:|1779630515
|move|p2a: Whimsicott|Encore|p1a: PonnieColeman
|-start|p1a: PonnieColeman|Encore
|move|p1a: PonnieColeman|Bulk Up|p1a: PonnieColeman
|-boost|p1a: PonnieColeman|atk|1
|-boost|p1a: PonnieColeman|def|1
|
|upkeep
|turn|11
|
|t:|1779630518
|switch|p1a: CremDeLaCreamie|Alcremie-Ruby-Swirl, F|100/100
|move|p2a: Whimsicott|Substitute|p2a: Whimsicott
|-start|p2a: Whimsicott|Substitute
|-damage|p2a: Whimsicott|76/100
|
|-heal|p2a: Whimsicott|82/100|[from] item: Leftovers
|-sideend|p2: Igneos901|Reflect
|upkeep
|turn|12
|
|t:|1779630544
|move|p2a: Whimsicott|Leech Seed|p1a: CremDeLaCreamie
|-start|p1a: CremDeLaCreamie|move: Leech Seed
|move|p1a: CremDeLaCreamie|Calm Mind|p1a: CremDeLaCreamie
|-boost|p1a: CremDeLaCreamie|spa|1
|-boost|p1a: CremDeLaCreamie|spd|1
|
|-heal|p2a: Whimsicott|88/100|[from] item: Leftovers
|-damage|p1a: CremDeLaCreamie|88/100|[from] Leech Seed|[of] p2a: Whimsicott
|-heal|p2a: Whimsicott|100/100|[silent]
|upkeep
|turn|13
|
|t:|1779630548
|move|p2a: Whimsicott|Encore|p1a: CremDeLaCreamie
|-block|p1a: CremDeLaCreamie|ability: Aroma Veil|[of] p1a: CremDeLaCreamie
|move|p1a: CremDeLaCreamie|Calm Mind|p1a: CremDeLaCreamie
|-boost|p1a: CremDeLaCreamie|spa|1
|-boost|p1a: CremDeLaCreamie|spd|1
|
|-heal|p1a: CremDeLaCreamie|94/100|[from] item: Leftovers
|-damage|p1a: CremDeLaCreamie|82/100|[from] Leech Seed|[of] p2a: Whimsicott
|-sideend|p2: Igneos901|move: Light Screen
|upkeep
|turn|14
|
|t:|1779630555
|move|p2a: Whimsicott|Leech Seed||[still]
|-fail|p2a: Whimsicott
|move|p1a: CremDeLaCreamie|Acid Armor|p1a: CremDeLaCreamie
|-boost|p1a: CremDeLaCreamie|def|2
|
|-heal|p1a: CremDeLaCreamie|88/100|[from] item: Leftovers
|-damage|p1a: CremDeLaCreamie|76/100|[from] Leech Seed|[of] p2a: Whimsicott
|upkeep
|turn|15
|
|t:|1779630562
|move|p2a: Whimsicott|Moonblast|p1a: CremDeLaCreamie
|-damage|p1a: CremDeLaCreamie|65/100
|move|p1a: CremDeLaCreamie|Acid Armor|p1a: CremDeLaCreamie
|-boost|p1a: CremDeLaCreamie|def|2
|
|-heal|p1a: CremDeLaCreamie|71/100|[from] item: Leftovers
|-damage|p1a: CremDeLaCreamie|59/100|[from] Leech Seed|[of] p2a: Whimsicott
|upkeep
|turn|16
|
|t:|1779630567
|move|p2a: Whimsicott|Moonblast|p1a: CremDeLaCreamie
|-damage|p1a: CremDeLaCreamie|47/100
|-unboost|p1a: CremDeLaCreamie|spa|1
|move|p1a: CremDeLaCreamie|Calm Mind|p1a: CremDeLaCreamie
|-boost|p1a: CremDeLaCreamie|spa|1
|-boost|p1a: CremDeLaCreamie|spd|1
|
|-heal|p1a: CremDeLaCreamie|53/100|[from] item: Leftovers
|-damage|p1a: CremDeLaCreamie|41/100|[from] Leech Seed|[of] p2a: Whimsicott
|upkeep
|turn|17
|
|t:|1779630581
|move|p2a: Whimsicott|Moonblast|p1a: CremDeLaCreamie
|-damage|p1a: CremDeLaCreamie|31/100
|move|p1a: CremDeLaCreamie|Draining Kiss|p2a: Whimsicott
|-end|p2a: Whimsicott|Substitute
|-heal|p1a: CremDeLaCreamie|45/100|[from] drain|[of] p2a: Whimsicott
|
|-heal|p1a: CremDeLaCreamie|51/100|[from] item: Leftovers
|-damage|p1a: CremDeLaCreamie|39/100|[from] Leech Seed|[of] p2a: Whimsicott
|upkeep
|turn|18
|
|t:|1779630593
|move|p2a: Whimsicott|Substitute|p2a: Whimsicott
|-start|p2a: Whimsicott|Substitute
|-damage|p2a: Whimsicott|76/100
|move|p1a: CremDeLaCreamie|Draining Kiss|p2a: Whimsicott
|-end|p2a: Whimsicott|Substitute
|-heal|p1a: CremDeLaCreamie|54/100|[from] drain|[of] p2a: Whimsicott
|
|-heal|p2a: Whimsicott|82/100|[from] item: Leftovers
|-heal|p1a: CremDeLaCreamie|60/100|[from] item: Leftovers
|-damage|p1a: CremDeLaCreamie|48/100|[from] Leech Seed|[of] p2a: Whimsicott
|-heal|p2a: Whimsicott|97/100|[silent]
|upkeep
|turn|19
|
|t:|1779630598
|move|p2a: Whimsicott|Substitute|p2a: Whimsicott
|-start|p2a: Whimsicott|Substitute
|-damage|p2a: Whimsicott|73/100
|move|p1a: CremDeLaCreamie|Draining Kiss|p2a: Whimsicott
|-end|p2a: Whimsicott|Substitute
|-heal|p1a: CremDeLaCreamie|62/100|[from] drain|[of] p2a: Whimsicott
|
|-heal|p2a: Whimsicott|79/100|[from] item: Leftovers
|-heal|p1a: CremDeLaCreamie|68/100|[from] item: Leftovers
|-damage|p1a: CremDeLaCreamie|56/100|[from] Leech Seed|[of] p2a: Whimsicott
|-heal|p2a: Whimsicott|94/100|[silent]
|upkeep
|turn|20
|
|t:|1779630605
|-terastallize|p2a: Whimsicott|Steel
|move|p2a: Whimsicott|Substitute|p2a: Whimsicott
|-start|p2a: Whimsicott|Substitute
|-damage|p2a: Whimsicott|69/100
|move|p1a: CremDeLaCreamie|Stored Power|p2a: Whimsicott
|-resisted|p2a: Whimsicott
|-end|p2a: Whimsicott|Substitute
|
|-heal|p2a: Whimsicott|76/100|[from] item: Leftovers
|-heal|p1a: CremDeLaCreamie|62/100|[from] item: Leftovers
|-damage|p1a: CremDeLaCreamie|50/100|[from] Leech Seed|[of] p2a: Whimsicott
|-heal|p2a: Whimsicott|91/100|[silent]
|upkeep
|turn|21
|
|t:|1779630615
|move|p2a: Whimsicott|Substitute|p2a: Whimsicott
|-start|p2a: Whimsicott|Substitute
|-damage|p2a: Whimsicott|66/100
|move|p1a: CremDeLaCreamie|Draining Kiss|p2a: Whimsicott
|-resisted|p2a: Whimsicott
|-activate|p2a: Whimsicott|move: Substitute|[damage]
|-heal|p1a: CremDeLaCreamie|64/100|[from] drain|[of] p2a: Whimsicott
|
|-heal|p2a: Whimsicott|73/100|[from] item: Leftovers
|-heal|p1a: CremDeLaCreamie|70/100|[from] item: Leftovers
|-damage|p1a: CremDeLaCreamie|57/100|[from] Leech Seed|[of] p2a: Whimsicott
|-heal|p2a: Whimsicott|88/100|[silent]
|upkeep
|turn|22
|
|t:|1779630621
|move|p2a: Whimsicott|Moonblast|p1a: CremDeLaCreamie
|-damage|p1a: CremDeLaCreamie|48/100
|move|p1a: CremDeLaCreamie|Calm Mind|p1a: CremDeLaCreamie
|-boost|p1a: CremDeLaCreamie|spa|1
|-boost|p1a: CremDeLaCreamie|spd|1
|
|-heal|p2a: Whimsicott|94/100|[from] item: Leftovers
|-heal|p1a: CremDeLaCreamie|54/100|[from] item: Leftovers
|-damage|p1a: CremDeLaCreamie|42/100|[from] Leech Seed|[of] p2a: Whimsicott
|-heal|p2a: Whimsicott|100/100|[silent]
|upkeep
|turn|23
|
|t:|1779630630
|move|p2a: Whimsicott|Encore|p1a: CremDeLaCreamie
|-block|p1a: CremDeLaCreamie|ability: Aroma Veil|[of] p1a: CremDeLaCreamie
|move|p1a: CremDeLaCreamie|Stored Power|p2a: Whimsicott
|-resisted|p2a: Whimsicott
|-end|p2a: Whimsicott|Substitute
|
|-heal|p1a: CremDeLaCreamie|48/100|[from] item: Leftovers
|-damage|p1a: CremDeLaCreamie|36/100|[from] Leech Seed|[of] p2a: Whimsicott
|upkeep
|turn|24
|
|t:|1779630644
|move|p2a: Whimsicott|Substitute|p2a: Whimsicott
|-start|p2a: Whimsicott|Substitute
|-damage|p2a: Whimsicott|76/100
|move|p1a: CremDeLaCreamie|Draining Kiss|p2a: Whimsicott
|-resisted|p2a: Whimsicott
|-end|p2a: Whimsicott|Substitute
|-heal|p1a: CremDeLaCreamie|50/100|[from] drain|[of] p2a: Whimsicott
|
|-heal|p2a: Whimsicott|82/100|[from] item: Leftovers
|-heal|p1a: CremDeLaCreamie|56/100|[from] item: Leftovers
|-damage|p1a: CremDeLaCreamie|44/100|[from] Leech Seed|[of] p2a: Whimsicott
|-heal|p2a: Whimsicott|97/100|[silent]
|upkeep
|turn|25
|
|t:|1779630670
|move|p2a: Whimsicott|Substitute|p2a: Whimsicott
|-start|p2a: Whimsicott|Substitute
|-damage|p2a: Whimsicott|73/100
|move|p1a: CremDeLaCreamie|Stored Power|p2a: Whimsicott
|-resisted|p2a: Whimsicott
|-end|p2a: Whimsicott|Substitute
|
|-heal|p2a: Whimsicott|79/100|[from] item: Leftovers
|-heal|p1a: CremDeLaCreamie|50/100|[from] item: Leftovers
|-damage|p1a: CremDeLaCreamie|38/100|[from] Leech Seed|[of] p2a: Whimsicott
|-heal|p2a: Whimsicott|94/100|[silent]
|upkeep
|turn|26
|
|t:|1779630677
|move|p2a: Whimsicott|Substitute|p2a: Whimsicott
|-start|p2a: Whimsicott|Substitute
|-damage|p2a: Whimsicott|69/100
|move|p1a: CremDeLaCreamie|Calm Mind|p1a: CremDeLaCreamie
|-boost|p1a: CremDeLaCreamie|spa|1
|-boost|p1a: CremDeLaCreamie|spd|1
|
|-heal|p2a: Whimsicott|76/100|[from] item: Leftovers
|-heal|p1a: CremDeLaCreamie|44/100|[from] item: Leftovers
|-damage|p1a: CremDeLaCreamie|32/100|[from] Leech Seed|[of] p2a: Whimsicott
|-heal|p2a: Whimsicott|91/100|[silent]
|upkeep
|turn|27
|
|t:|1779630682
|move|p2a: Whimsicott|Moonblast|p1a: CremDeLaCreamie
|-damage|p1a: CremDeLaCreamie|24/100
|-unboost|p1a: CremDeLaCreamie|spa|1
|move|p1a: CremDeLaCreamie|Draining Kiss|p2a: Whimsicott
|-resisted|p2a: Whimsicott
|-end|p2a: Whimsicott|Substitute
|-heal|p1a: CremDeLaCreamie|39/100|[from] drain|[of] p2a: Whimsicott
|
|-heal|p2a: Whimsicott|97/100|[from] item: Leftovers
|-heal|p1a: CremDeLaCreamie|45/100|[from] item: Leftovers
|-damage|p1a: CremDeLaCreamie|33/100|[from] Leech Seed|[of] p2a: Whimsicott
|-heal|p2a: Whimsicott|100/100|[silent]
|upkeep
|turn|28
|
|t:|1779630692
|move|p2a: Whimsicott|Moonblast|p1a: CremDeLaCreamie
|-damage|p1a: CremDeLaCreamie|27/100
|move|p1a: CremDeLaCreamie|Draining Kiss|p2a: Whimsicott
|-resisted|p2a: Whimsicott
|-damage|p2a: Whimsicott|71/100
|-heal|p1a: CremDeLaCreamie|44/100|[from] drain|[of] p2a: Whimsicott
|
|-heal|p2a: Whimsicott|77/100|[from] item: Leftovers
|-heal|p1a: CremDeLaCreamie|50/100|[from] item: Leftovers
|-damage|p1a: CremDeLaCreamie|38/100|[from] Leech Seed|[of] p2a: Whimsicott
|-heal|p2a: Whimsicott|92/100|[silent]
|upkeep
|turn|29
|
|t:|1779630707
|move|p2a: Whimsicott|Moonblast|p1a: CremDeLaCreamie
|-damage|p1a: CremDeLaCreamie|31/100
|-unboost|p1a: CremDeLaCreamie|spa|1
|move|p1a: CremDeLaCreamie|Draining Kiss|p2a: Whimsicott
|-resisted|p2a: Whimsicott
|-damage|p2a: Whimsicott|68/100
|-heal|p1a: CremDeLaCreamie|46/100|[from] drain|[of] p2a: Whimsicott
|
|-heal|p2a: Whimsicott|74/100|[from] item: Leftovers
|-heal|p1a: CremDeLaCreamie|52/100|[from] item: Leftovers
|-damage|p1a: CremDeLaCreamie|39/100|[from] Leech Seed|[of] p2a: Whimsicott
|-heal|p2a: Whimsicott|90/100|[silent]
|upkeep
|turn|30
|
|t:|1779630714
|move|p2a: Whimsicott|Moonblast|p1a: CremDeLaCreamie
|-damage|p1a: CremDeLaCreamie|32/100
|move|p1a: CremDeLaCreamie|Draining Kiss|p2a: Whimsicott
|-resisted|p2a: Whimsicott
|-damage|p2a: Whimsicott|67/100
|-heal|p1a: CremDeLaCreamie|46/100|[from] drain|[of] p2a: Whimsicott
|
|-heal|p2a: Whimsicott|73/100|[from] item: Leftovers
|-heal|p1a: CremDeLaCreamie|52/100|[from] item: Leftovers
|-damage|p1a: CremDeLaCreamie|39/100|[from] Leech Seed|[of] p2a: Whimsicott
|-heal|p2a: Whimsicott|89/100|[silent]
|upkeep
|turn|31
|
|t:|1779630719
|move|p2a: Whimsicott|Moonblast|p1a: CremDeLaCreamie
|-damage|p1a: CremDeLaCreamie|32/100
|-unboost|p1a: CremDeLaCreamie|spa|1
|move|p1a: CremDeLaCreamie|Stored Power|p2a: Whimsicott
|-resisted|p2a: Whimsicott
|-damage|p2a: Whimsicott|32/100
|
|-heal|p2a: Whimsicott|38/100|[from] item: Leftovers
|-heal|p1a: CremDeLaCreamie|38/100|[from] item: Leftovers
|-damage|p1a: CremDeLaCreamie|26/100|[from] Leech Seed|[of] p2a: Whimsicott
|-heal|p2a: Whimsicott|54/100|[silent]
|upkeep
|turn|32
|
|t:|1779630734
|move|p2a: Whimsicott|Substitute|p2a: Whimsicott
|-start|p2a: Whimsicott|Substitute
|-damage|p2a: Whimsicott|29/100
|move|p1a: CremDeLaCreamie|Stored Power|p2a: Whimsicott
|-resisted|p2a: Whimsicott
|-end|p2a: Whimsicott|Substitute
|
|-heal|p2a: Whimsicott|35/100|[from] item: Leftovers
|-heal|p1a: CremDeLaCreamie|32/100|[from] item: Leftovers
|-damage|p1a: CremDeLaCreamie|20/100|[from] Leech Seed|[of] p2a: Whimsicott
|-heal|p2a: Whimsicott|51/100|[silent]
|upkeep
|turn|33
|
|t:|1779630740
|move|p2a: Whimsicott|Substitute|p2a: Whimsicott
|-start|p2a: Whimsicott|Substitute
|-damage|p2a: Whimsicott|26/100
|move|p1a: CremDeLaCreamie|Stored Power|p2a: Whimsicott
|-resisted|p2a: Whimsicott
|-end|p2a: Whimsicott|Substitute
|
|-heal|p2a: Whimsicott|32/100|[from] item: Leftovers
|-heal|p1a: CremDeLaCreamie|26/100|[from] item: Leftovers
|-damage|p1a: CremDeLaCreamie|13/100|[from] Leech Seed|[of] p2a: Whimsicott
|-heal|p2a: Whimsicott|48/100|[silent]
|upkeep
|turn|34
|
|t:|1779630745
|move|p2a: Whimsicott|Substitute|p2a: Whimsicott
|-start|p2a: Whimsicott|Substitute
|-damage|p2a: Whimsicott|23/100
|move|p1a: CremDeLaCreamie|Stored Power|p2a: Whimsicott
|-resisted|p2a: Whimsicott
|-end|p2a: Whimsicott|Substitute
|
|-heal|p2a: Whimsicott|29/100|[from] item: Leftovers
|-heal|p1a: CremDeLaCreamie|19/100|[from] item: Leftovers
|-damage|p1a: CremDeLaCreamie|7/100|[from] Leech Seed|[of] p2a: Whimsicott
|-heal|p2a: Whimsicott|45/100|[silent]
|upkeep
|turn|35
|
|t:|1779630748
|move|p2a: Whimsicott|Moonblast|p1a: CremDeLaCreamie
|-damage|p1a: CremDeLaCreamie|1/100
|move|p1a: CremDeLaCreamie|Stored Power|p2a: Whimsicott
|-resisted|p2a: Whimsicott
|-damage|p2a: Whimsicott|0 fnt
|faint|p2a: Whimsicott
|
|-heal|p1a: CremDeLaCreamie|7/100|[from] item: Leftovers
|upkeep
|
|t:|1779630752
|switch|p2a: Cinderace|Cinderace, M|100/100
|turn|36
|
|t:|1779630756
|move|p2a: Cinderace|Pyro Ball|p1a: CremDeLaCreamie|[miss]
|-miss|p2a: Cinderace|p1a: CremDeLaCreamie
|move|p1a: CremDeLaCreamie|Stored Power|p2a: Cinderace
|-damage|p2a: Cinderace|0 fnt
|faint|p2a: Cinderace
|
|-heal|p1a: CremDeLaCreamie|13/100|[from] item: Leftovers
|upkeep
|
|t:|1779630759
|switch|p2a: Dragapult|Dragapult, M|90/100
|turn|37
|
|t:|1779630761
|move|p2a: Dragapult|U-turn|p1a: CremDeLaCreamie
|-resisted|p1a: CremDeLaCreamie
|-damage|p1a: CremDeLaCreamie|6/100
|
|t:|1779630765
|switch|p2a: Goodra|Goodra, F|100/100|[from] U-turn
|move|p1a: CremDeLaCreamie|Draining Kiss|p2a: Goodra
|-supereffective|p2a: Goodra
|-damage|p2a: Goodra|78/100
|-heal|p1a: CremDeLaCreamie|24/100|[from] drain|[of] p2a: Goodra
|-ability|p2a: Goodra|Gooey
|-unboost|p1a: CremDeLaCreamie|spe|1
|
|-heal|p1a: CremDeLaCreamie|30/100|[from] item: Leftovers
|-damage|p1a: CremDeLaCreamie|18/100|[from] Leech Seed|[of] p2a: Goodra
|-heal|p2a: Goodra|90/100|[silent]
|upkeep
|turn|38
|
|t:|1779630773
|move|p2a: Goodra|Sludge Bomb|p1a: CremDeLaCreamie
|-supereffective|p1a: CremDeLaCreamie
|-damage|p1a: CremDeLaCreamie|5/100
|move|p1a: CremDeLaCreamie|Calm Mind|p1a: CremDeLaCreamie
|-boost|p1a: CremDeLaCreamie|spa|1
|-boost|p1a: CremDeLaCreamie|spd|1
|
|-heal|p1a: CremDeLaCreamie|11/100|[from] item: Leftovers
|-damage|p1a: CremDeLaCreamie|0 fnt|[from] Leech Seed|[of] p2a: Goodra
|-heal|p2a: Goodra|99/100|[silent]
|faint|p1a: CremDeLaCreamie
|upkeep
|
|t:|1779630783
|switch|p1a: Only4CubLinx|Ursaring, M|100/100
|turn|39
|
|t:|1779630790
|move|p1a: Only4CubLinx|Swords Dance|p1a: Only4CubLinx
|-boost|p1a: Only4CubLinx|atk|2
|move|p2a: Goodra|Dragon Tail|p1a: Only4CubLinx
|-damage|p1a: Only4CubLinx|74/100
|drag|p1a: PonnieColeman|Primeape, M, tera:Fire|74/100
|
|upkeep
|turn|40
|
|t:|1779630799
|move|p1a: PonnieColeman|Drain Punch|p2a: Goodra
|-damage|p2a: Goodra|74/100
|-heal|p1a: PonnieColeman|88/100|[from] drain|[of] p2a: Goodra
|-ability|p2a: Goodra|Gooey
|-unboost|p1a: PonnieColeman|spe|1
|-ability|p1a: PonnieColeman|Defiant|boost
|-boost|p1a: PonnieColeman|atk|2
|move|p2a: Goodra|Dragon Tail|p1a: PonnieColeman
|-damage|p1a: PonnieColeman|68/100
|drag|p1a: Only4CubLinx|Ursaring, M|74/100
|
|-status|p1a: Only4CubLinx|brn|[from] item: Flame Orb
|upkeep
|turn|41
|
|t:|1779630810
|move|p1a: Only4CubLinx|Facade|p2a: Goodra
|-damage|p2a: Goodra|0 fnt
|-ability|p2a: Goodra|Gooey
|-unboost|p1a: Only4CubLinx|spe|1
|faint|p2a: Goodra
|
|-damage|p1a: Only4CubLinx|68/100 brn|[from] brn
|upkeep
|
|t:|1779630814
|switch|p2a: Dragapult|Dragapult, M|90/100
|turn|42
|
|t:|1779630816
|move|p2a: Dragapult|Dragon Darts|p1a: Only4CubLinx
|-damage|p1a: Only4CubLinx|12/100 brn
|-anim|p2a: Dragapult|Dragon Darts|p1a: Only4CubLinx
|-damage|p1a: Only4CubLinx|0 fnt
|faint|p1a: Only4CubLinx
|
|upkeep
|
|t:|1779630819
|switch|p1a: UngaBoonguss|Brute Bonnet|100/100
|-enditem|p1a: UngaBoonguss|Booster Energy
|-activate|p1a: UngaBoonguss|ability: Protosynthesis|[fromitem]
|-start|p1a: UngaBoonguss|protosynthesisatk
|turn|43
|
|t:|1779630821
|move|p1a: UngaBoonguss|Sucker Punch|p2a: Dragapult
|-supereffective|p2a: Dragapult
|-damage|p2a: Dragapult|0 fnt
|faint|p2a: Dragapult
|
|upkeep
|
|t:|1779630823
|switch|p2a: Ursaluna|Ursaluna, M|100/100
|turn|44
|
|t:|1779630829
|move|p1a: UngaBoonguss|Seed Bomb|p2a: Ursaluna
|-supereffective|p2a: Ursaluna
|-damage|p2a: Ursaluna|18/100
|move|p2a: Ursaluna|Drain Punch|p1a: UngaBoonguss
|-supereffective|p1a: UngaBoonguss
|-damage|p1a: UngaBoonguss|49/100
|-heal|p2a: Ursaluna|42/100|[from] drain|[of] p1a: UngaBoonguss
|
|-status|p2a: Ursaluna|brn|[from] item: Flame Orb
|upkeep
|turn|45
|
|t:|1779630832
|move|p1a: UngaBoonguss|Seed Bomb|p2a: Ursaluna
|-supereffective|p2a: Ursaluna
|-damage|p2a: Ursaluna|0 fnt
|faint|p2a: Ursaluna
|
|win|my shitters
|raw|my shitters's rating: 1403 &rarr; <strong>1418</strong><br />(+15 for winning)
|raw|Igneos901's rating: 1313 &rarr; <strong>1298</strong><br />(-15 for losing)
|l|☆Igneos901
|player|p2|
|l|☆my shitters
|player|p1|
