|j|☆Soyyo1223
|j|☆cardboardconfetti
|t:|1779675215
|gametype|singles
|player|p1|Soyyo1223|palmer|1283
|player|p2|cardboardconfetti|pryce|1220
|gen|9
|tier|[Gen 9] OU
|rated|
|rule|HP Percentage Mod: HP is shown in percentages
|rule|Endless Battle Clause: Forcing endless battles is banned
|rule|Species Clause: Limit one of each Pokémon
|rule|OHKO Clause: OHKO moves are banned
|rule|Evasion Items Clause: Evasion items are banned
|rule|Evasion Moves Clause: Evasion moves are banned
|rule|Evasion Abilities Clause: Evasion abilities are banned
|rule|Sleep Moves Clause: Sleep-inducing moves are banned
|clearpoke
|poke|p1|Gholdengo|
|poke|p1|Maushold-Four|
|poke|p1|Kingambit, M|
|poke|p1|Pecharunt|
|poke|p1|Walking Wake|
|poke|p1|Zapdos|
|poke|p2|Grafaiai, F|
|poke|p2|Ceruledge, F|
|poke|p2|Corviknight, F|
|poke|p2|Clodsire, F|
|poke|p2|Iron Valiant|
|poke|p2|Abomasnow, F|
|teampreview
|inactive|Battle timer is ON: inactive players will automatically lose when time's up. (requested by cardboardconfetti)
|
|t:|1779675224
|teamsize|p1|6
|teamsize|p2|6
|start
|switch|p1a: Walking Wake|Walking Wake|100/100
|switch|p2a: Grafaiai|Grafaiai, F|100/100
|-enditem|p1a: Walking Wake|Booster Energy
|-activate|p1a: Walking Wake|ability: Protosynthesis|[fromitem]
|-start|p1a: Walking Wake|protosynthesisspa
|turn|1
|
|t:|1779675232
|move|p2a: Grafaiai|Parting Shot|p1a: Walking Wake
|-unboost|p1a: Walking Wake|atk|1
|-unboost|p1a: Walking Wake|spa|1
|
|t:|1779675235
|switch|p2a: Clodsire|Clodsire, F|100/100|[from] Parting Shot
|move|p1a: Walking Wake|Dragon Pulse|p2a: Clodsire
|-damage|p2a: Clodsire|76/100
|
|-heal|p2a: Clodsire|82/100|[from] item: Black Sludge
|upkeep
|turn|2
|
|t:|1779675244
|-end|p1a: Walking Wake|Protosynthesis|[silent]
|switch|p1a: Gholdengo|Gholdengo|100/100
|move|p2a: Clodsire|Toxic|p1a: Gholdengo
|-immune|p1a: Gholdengo|[from] ability: Good as Gold
|
|-heal|p2a: Clodsire|88/100|[from] item: Black Sludge
|upkeep
|turn|3
|
|t:|1779675254
|move|p1a: Gholdengo|Trick|p2a: Clodsire
|-activate|p1a: Gholdengo|move: Trick|[of] p2a: Clodsire
|-item|p2a: Clodsire|Choice Scarf|[from] move: Trick
|-item|p1a: Gholdengo|Black Sludge|[from] move: Trick
|move|p2a: Clodsire|Earthquake|p1a: Gholdengo
|-supereffective|p1a: Gholdengo
|-damage|p1a: Gholdengo|37/100
|
|-damage|p1a: Gholdengo|25/100|[from] item: Black Sludge
|upkeep
|turn|4
|
|t:|1779675266
|switch|p1a: Zapdos|Zapdos|100/100
|move|p2a: Clodsire|Earthquake|p1a: Zapdos
|-immune|p1a: Zapdos
|
|upkeep
|turn|5
|
|t:|1779675280
|switch|p2a: Abomasnow|Abomasnow, F|100/100
|-weather|Snowscape|[from] ability: Snow Warning|[of] p2a: Abomasnow
|move|p1a: Zapdos|Tailwind|p1a: Zapdos
|-sidestart|p1: Soyyo1223|move: Tailwind
|
|-weather|Snowscape|[upkeep]
|upkeep
|turn|6
|
|t:|1779675288
|move|p1a: Zapdos|Heat Wave|p2a: Abomasnow
|-supereffective|p2a: Abomasnow
|-damage|p2a: Abomasnow|0 fnt
|faint|p2a: Abomasnow
|
|-weather|Snowscape|[upkeep]
|upkeep
|
|t:|1779675294
|switch|p2a: Corviknight|Corviknight, F|100/100
|turn|7
|
|t:|1779675298
|switch|p2a: Ceruledge|Ceruledge, F|100/100
|move|p1a: Zapdos|Thunderbolt|p2a: Ceruledge
|-damage|p2a: Ceruledge|64/100
|
|-weather|Snowscape|[upkeep]
|upkeep
|turn|8
|
|t:|1779675306
|move|p1a: Zapdos|Thunderbolt|p2a: Ceruledge
|-damage|p2a: Ceruledge|25/100
|move|p2a: Ceruledge|Bulk Up|p2a: Ceruledge
|-boost|p2a: Ceruledge|atk|1
|-boost|p2a: Ceruledge|def|1
|
|-weather|Snowscape|[upkeep]
|-sideend|p1: Soyyo1223|move: Tailwind
|upkeep
|turn|9
|
|t:|1779675319
|move|p1a: Zapdos|Thunderbolt|p2a: Ceruledge
|-damage|p2a: Ceruledge|0 fnt
|faint|p2a: Ceruledge
|
|-weather|Snowscape|[upkeep]
|upkeep
|-message|cardboardconfetti forfeited.
|
|win|Soyyo1223
|raw|Soyyo1223's rating: 1283 &rarr; <strong>1304</strong><br />(+21 for winning)
|raw|cardboardconfetti's rating: 1220 &rarr; <strong>1199</strong><br />(-21 for losing)
|l|☆cardboardconfetti
|player|p2|
|l|☆Soyyo1223
|player|p1|
