|j|☆banjo guro
|j|☆alitrompette
|t:|1779630279
|gametype|singles
|player|p1|banjo guro|erika|1368
|player|p2|alitrompette|266|1370
|gen|9
|tier|[Gen 9] OU
|rated|
|rule|HP Percentage Mod: HP is shown in percentages
|rule|Endless Battle Clause: Forcing endless battles is banned
|rule|Species Clause: Limit one of each Pokémon
|rule|OHKO Clause: OHKO moves are banned
|rule|Evasion Items Clause: Evasion items are banned
|rule|Evasion Moves Clause: Evasion moves are banned
|rule|Evasion Abilities Clause: Evasion abilities are banned
|rule|Sleep Moves Clause: Sleep-inducing moves are banned
|clearpoke
|poke|p1|Garganacl, F|
|poke|p1|Mimikyu, M|
|poke|p1|Chimecho, F|
|poke|p1|Serperior, M|
|poke|p1|Polteageist|
|poke|p1|Maushold|
|poke|p2|Samurott-Hisui, M|
|poke|p2|Great Tusk|
|poke|p2|Gholdengo|
|poke|p2|Glimmora, M|
|poke|p2|Hatterene, F|
|poke|p2|Iron Valiant|
|teampreview
|inactive|Battle timer is ON: inactive players will automatically lose when time's up. (requested by banjo guro)
|
|t:|1779630298
|teamsize|p1|6
|teamsize|p2|6
|start
|switch|p1a: Serperior|Serperior, M|100/100
|switch|p2a: Glimmora|Glimmora, M|100/100
|turn|1
|
|t:|1779630318
|move|p2a: Glimmora|Mortal Spin|p1a: Serperior
|-supereffective|p1a: Serperior
|-damage|p1a: Serperior|91/100
|-status|p1a: Serperior|psn
|move|p1a: Serperior|Glare|p2a: Glimmora
|-status|p2a: Glimmora|par
|
|-heal|p1a: Serperior|98/100 psn|[from] item: Leftovers
|-damage|p1a: Serperior|85/100 psn|[from] psn
|upkeep
|turn|2
|
|t:|1779630331
|move|p1a: Serperior|Leech Seed|p2a: Glimmora
|-start|p2a: Glimmora|move: Leech Seed
|move|p2a: Glimmora|Power Gem|p1a: Serperior
|-damage|p1a: Serperior|44/100 psn
|
|-heal|p1a: Serperior|50/100 psn|[from] item: Leftovers
|-damage|p2a: Glimmora|88/100 par|[from] Leech Seed|[of] p1a: Serperior
|-heal|p1a: Serperior|61/100 psn|[silent]
|-damage|p1a: Serperior|49/100 psn|[from] psn
|upkeep
|turn|3
|
|t:|1779630338
|switch|p2a: Hatterene|Hatterene, F|100/100
|move|p1a: Serperior|Substitute|p1a: Serperior
|-start|p1a: Serperior|Substitute
|-damage|p1a: Serperior|24/100 psn
|
|-heal|p1a: Serperior|30/100 psn|[from] item: Leftovers
|-damage|p1a: Serperior|18/100 psn|[from] psn
|upkeep
|turn|4
|
|t:|1779630347
|move|p1a: Serperior|Leaf Storm|p2a: Hatterene|[miss]
|-miss|p1a: Serperior|p2a: Hatterene
|move|p2a: Hatterene|Draining Kiss|p1a: Serperior
|-activate|p1a: Serperior|move: Substitute|[damage]
|
|-heal|p1a: Serperior|24/100 psn|[from] item: Leftovers
|-damage|p1a: Serperior|12/100 psn|[from] psn
|upkeep
|turn|5
|
|t:|1779630361
|move|p1a: Serperior|Leaf Storm|p2a: Hatterene
|-damage|p2a: Hatterene|74/100
|-boost|p1a: Serperior|spa|2
|move|p2a: Hatterene|Psychic Noise|p1a: Serperior
|-damage|p1a: Serperior|0 fnt
|faint|p1a: Serperior
|
|upkeep
|
|t:|1779630372
|switch|p1a: Polteageist|Polteageist|100/100
|turn|6
|
|t:|1779630379
|move|p1a: Polteageist|Shell Smash|p1a: Polteageist
|-unboost|p1a: Polteageist|def|1
|-unboost|p1a: Polteageist|spd|1
|-boost|p1a: Polteageist|atk|2
|-boost|p1a: Polteageist|spa|2
|-boost|p1a: Polteageist|spe|2
|move|p2a: Hatterene|Nuzzle|p1a: Polteageist
|-damage|p1a: Polteageist|89/100
|-status|p1a: Polteageist|par
|-ability|p1a: Polteageist|Weak Armor|boost
|-unboost|p1a: Polteageist|def|1
|-boost|p1a: Polteageist|spe|2
|
|upkeep
|turn|7
|
|t:|1779630394
|move|p1a: Polteageist|Stored Power|p2a: Hatterene
|-resisted|p2a: Hatterene
|-damage|p2a: Hatterene|31/100
|move|p2a: Hatterene|Psyshock|p1a: Polteageist
|-damage|p1a: Polteageist|0 fnt
|faint|p1a: Polteageist
|
|upkeep
|
|t:|1779630404
|switch|p1a: Garganacl|Garganacl, F|100/100
|turn|8
|
|t:|1779630412
|move|p1a: Garganacl|Salt Cure|p2a: Hatterene
|-damage|p2a: Hatterene|17/100
|-start|p2a: Hatterene|Salt Cure
|move|p2a: Hatterene|Psychic Noise|p1a: Garganacl
|-damage|p1a: Garganacl|67/100
|-start|p1a: Garganacl|move: Heal Block
|
|-damage|p2a: Hatterene|5/100|[from] Salt Cure
|upkeep
|turn|9
|
|t:|1779630422
|move|p1a: Garganacl|Iron Defense|p1a: Garganacl
|-boost|p1a: Garganacl|def|2
|move|p2a: Hatterene|Draining Kiss|p1a: Garganacl
|-damage|p1a: Garganacl|45/100
|-heal|p2a: Hatterene|23/100|[from] drain|[of] p1a: Garganacl
|
|-damage|p2a: Hatterene|11/100|[from] Salt Cure
|-end|p1a: Garganacl|move: Heal Block
|upkeep
|turn|10
|
|t:|1779630430
|move|p1a: Garganacl|Recover|p1a: Garganacl
|-heal|p1a: Garganacl|95/100
|move|p2a: Hatterene|Draining Kiss|p1a: Garganacl
|-damage|p1a: Garganacl|74/100
|-heal|p2a: Hatterene|28/100|[from] drain|[of] p1a: Garganacl
|
|-heal|p1a: Garganacl|80/100|[from] item: Leftovers
|-damage|p2a: Hatterene|16/100|[from] Salt Cure
|upkeep
|turn|11
|
|t:|1779630434
|move|p1a: Garganacl|Body Press|p2a: Hatterene
|-resisted|p2a: Hatterene
|-damage|p2a: Hatterene|1/100
|move|p2a: Hatterene|Psychic Noise|p1a: Garganacl
|-damage|p1a: Garganacl|50/100
|-start|p1a: Garganacl|move: Heal Block
|
|-damage|p2a: Hatterene|0 fnt|[from] Salt Cure
|faint|p2a: Hatterene
|upkeep
|
|t:|1779630439
|switch|p2a: Gholdengo|Gholdengo|100/100
|-item|p2a: Gholdengo|Air Balloon
|turn|12
|
|t:|1779630448
|switch|p1a: Mimikyu|Mimikyu, M|100/100
|move|p2a: Gholdengo|Make It Rain|p1a: Mimikyu
|-activate|p1a: Mimikyu|ability: Disguise
|-damage|p1a: Mimikyu|100/100
|-unboost|p2a: Gholdengo|spa|1
|detailschange|p1a: Mimikyu|Mimikyu-Busted, M
|-damage|p1a: Mimikyu|88/100|[from] pokemon: Mimikyu-Busted
|-enditem|p1a: Mimikyu|Red Card|[of] p2a: Gholdengo
|drag|p2a: Samurott|Samurott-Hisui, M|100/100
|
|upkeep
|turn|13
|
|t:|1779630460
|switch|p2a: Glimmora|Glimmora, M|88/100 par
|move|p1a: Mimikyu|Play Rough|p2a: Glimmora
|-resisted|p2a: Glimmora
|-damage|p2a: Glimmora|64/100 par
|-activate|p2a: Glimmora|ability: Toxic Debris
|-sidestart|p1: banjo guro|move: Toxic Spikes
|
|upkeep
|turn|14
|
|t:|1779630469
|move|p1a: Mimikyu|Swords Dance|p1a: Mimikyu
|-boost|p1a: Mimikyu|atk|2
|move|p2a: Glimmora|Stealth Rock|p1a: Mimikyu
|-sidestart|p1: banjo guro|move: Stealth Rock
|
|upkeep
|turn|15
|
|t:|1779630475
|move|p1a: Mimikyu|Swords Dance|p1a: Mimikyu
|-boost|p1a: Mimikyu|atk|2
|cant|p2a: Glimmora|par
|
|upkeep
|turn|16
|
|t:|1779630477
|move|p1a: Mimikyu|Play Rough|p2a: Glimmora
|-resisted|p2a: Glimmora
|-crit|p2a: Glimmora
|-damage|p2a: Glimmora|0 fnt
|-activate|p2a: Glimmora|ability: Toxic Debris
|-sidestart|p1: banjo guro|move: Toxic Spikes
|faint|p2a: Glimmora
|
|upkeep
|inactive|alitrompette has 120 seconds left.
|
|t:|1779630513
|switch|p2a: Gholdengo|Gholdengo|100/100
|-item|p2a: Gholdengo|Air Balloon
|turn|17
|
|t:|1779630520
|-terastallize|p2a: Gholdengo|Fairy
|move|p1a: Mimikyu|Shadow Sneak|p2a: Gholdengo
|-damage|p2a: Gholdengo|57/100
|-enditem|p2a: Gholdengo|Air Balloon
|move|p2a: Gholdengo|Make It Rain|p1a: Mimikyu
|-supereffective|p1a: Mimikyu
|-damage|p1a: Mimikyu|0 fnt
|-unboost|p2a: Gholdengo|spa|1
|faint|p1a: Mimikyu
|
|upkeep
|
|t:|1779630527
|switch|p1a: Maushold|Maushold|100/100
|-status|p1a: Maushold|tox
|-damage|p1a: Maushold|88/100 tox|[from] Stealth Rock
|turn|18
|
|t:|1779630535
|switch|p2a: Great Tusk|Great Tusk|100/100
|move|p1a: Maushold|Tidy Up|p1a: Maushold
|-sideend|p1: banjo guro|Toxic Spikes
|-sideend|p1: banjo guro|Stealth Rock
|-activate|p1a: Maushold|move: Tidy Up
|-boost|p1a: Maushold|atk|1
|-boost|p1a: Maushold|spe|1
|
|-damage|p1a: Maushold|82/100 tox|[from] psn
|upkeep
|turn|19
|
|t:|1779630541
|move|p1a: Maushold|Super Fang|p2a: Great Tusk
|-damage|p2a: Great Tusk|51/100
|move|p2a: Great Tusk|Headlong Rush|p1a: Maushold
|-damage|p1a: Maushold|5/100 tox
|-unboost|p2a: Great Tusk|def|1
|-unboost|p2a: Great Tusk|spd|1
|
|-damage|p1a: Maushold|0 fnt|[from] psn
|faint|p1a: Maushold
|upkeep
|
|t:|1779630547
|switch|p1a: Chimecho|Chimecho, F|100/100
|turn|20
|
|t:|1779630552
|-terastallize|p1a: Chimecho|Electric
|move|p2a: Great Tusk|Stealth Rock|p1a: Chimecho
|-sidestart|p1: banjo guro|move: Stealth Rock
|move|p1a: Chimecho|Cosmic Power|p1a: Chimecho
|-boost|p1a: Chimecho|def|1
|-boost|p1a: Chimecho|spd|1
|
|upkeep
|turn|21
|
|t:|1779630562
|-end|p2a: Great Tusk|Protosynthesis|[silent]
|switch|p2a: Gholdengo|Gholdengo, tera:Fairy|57/100
|move|p1a: Chimecho|Cosmic Power|p1a: Chimecho
|-boost|p1a: Chimecho|def|1
|-boost|p1a: Chimecho|spd|1
|
|upkeep
|turn|22
|
|t:|1779630567
|move|p2a: Gholdengo|Shadow Ball|p1a: Chimecho
|-damage|p1a: Chimecho|80/100
|move|p1a: Chimecho|Charge Beam|p2a: Gholdengo
|-damage|p2a: Gholdengo|31/100
|
|-heal|p1a: Chimecho|86/100|[from] item: Leftovers
|upkeep
|turn|23
|
|t:|1779630574
|move|p2a: Gholdengo|Shadow Ball|p1a: Chimecho
|-damage|p1a: Chimecho|64/100
|move|p1a: Chimecho|Charge Beam|p2a: Gholdengo
|-damage|p2a: Gholdengo|8/100
|-boost|p1a: Chimecho|spa|1
|
|-heal|p1a: Chimecho|70/100|[from] item: Leftovers
|upkeep
|turn|24
|
|t:|1779630583
|move|p2a: Gholdengo|Shadow Ball|p1a: Chimecho
|-damage|p1a: Chimecho|50/100
|move|p1a: Chimecho|Cosmic Power|p1a: Chimecho
|-boost|p1a: Chimecho|def|1
|-boost|p1a: Chimecho|spd|1
|
|-heal|p1a: Chimecho|57/100|[from] item: Leftovers
|upkeep
|turn|25
|
|t:|1779630589
|move|p2a: Gholdengo|Shadow Ball|p1a: Chimecho
|-damage|p1a: Chimecho|40/100
|move|p1a: Chimecho|Recover|p1a: Chimecho
|-heal|p1a: Chimecho|90/100
|
|-heal|p1a: Chimecho|96/100|[from] item: Leftovers
|upkeep
|turn|26
|
|t:|1779630597
|move|p2a: Gholdengo|Recover|p2a: Gholdengo
|-heal|p2a: Gholdengo|58/100
|move|p1a: Chimecho|Charge Beam|p2a: Gholdengo
|-damage|p2a: Gholdengo|20/100
|-boost|p1a: Chimecho|spa|1
|
|-heal|p1a: Chimecho|100/100|[from] item: Leftovers
|upkeep
|turn|27
|
|t:|1779630602
|move|p2a: Gholdengo|Recover|p2a: Gholdengo
|-heal|p2a: Gholdengo|70/100
|move|p1a: Chimecho|Charge Beam|p2a: Gholdengo
|-damage|p2a: Gholdengo|17/100
|-boost|p1a: Chimecho|spa|1
|
|upkeep
|turn|28
|
|t:|1779630608
|move|p2a: Gholdengo|Shadow Ball|p1a: Chimecho
|-damage|p1a: Chimecho|82/100
|move|p1a: Chimecho|Charge Beam|p2a: Gholdengo
|-damage|p2a: Gholdengo|0 fnt
|-boost|p1a: Chimecho|spa|1
|faint|p2a: Gholdengo
|
|-heal|p1a: Chimecho|88/100|[from] item: Leftovers
|upkeep
|
|t:|1779630624
|switch|p2a: Iron Valiant|Iron Valiant|100/100
|-enditem|p2a: Iron Valiant|Booster Energy
|-activate|p2a: Iron Valiant|ability: Quark Drive|[fromitem]
|-start|p2a: Iron Valiant|quarkdrivespe
|turn|29
|
|t:|1779630627
|move|p2a: Iron Valiant|Calm Mind|p2a: Iron Valiant
|-boost|p2a: Iron Valiant|spa|1
|-boost|p2a: Iron Valiant|spd|1
|move|p1a: Chimecho|Stored Power|p2a: Iron Valiant
|-supereffective|p2a: Iron Valiant
|-damage|p2a: Iron Valiant|0 fnt
|faint|p2a: Iron Valiant
|-end|p2a: Iron Valiant|Quark Drive|[silent]
|
|-heal|p1a: Chimecho|94/100|[from] item: Leftovers
|upkeep
|
|t:|1779630632
|switch|p2a: Samurott|Samurott-Hisui, M|100/100
|turn|30
|
|t:|1779630636
|move|p2a: Samurott|Razor Shell|p1a: Chimecho
|-damage|p1a: Chimecho|72/100
|move|p1a: Chimecho|Charge Beam|p2a: Samurott
|-supereffective|p2a: Samurott
|-damage|p2a: Samurott|0 fnt
|-boost|p1a: Chimecho|spa|1
|faint|p2a: Samurott
|
|-heal|p1a: Chimecho|79/100|[from] item: Leftovers
|upkeep
|-message|alitrompette forfeited.
|
|win|banjo guro
|raw|banjo guro's rating: 1368 &rarr; <strong>1388</strong><br />(+20 for winning)
|raw|alitrompette's rating: 1370 &rarr; <strong>1350</strong><br />(-20 for losing)
|l|☆alitrompette
|player|p2|
|l|☆banjo guro
|player|p1|
