|j|☆ozzdagoat
|j|☆bena13
|t:|1779679276
|gametype|singles
|player|p1|ozzdagoat|1|1232
|player|p2|bena13|169|1250
|gen|9
|tier|[Gen 9] OU
|rated|
|rule|HP Percentage Mod: HP is shown in percentages
|rule|Endless Battle Clause: Forcing endless battles is banned
|rule|Species Clause: Limit one of each Pokémon
|rule|OHKO Clause: OHKO moves are banned
|rule|Evasion Items Clause: Evasion items are banned
|rule|Evasion Moves Clause: Evasion moves are banned
|rule|Evasion Abilities Clause: Evasion abilities are banned
|rule|Sleep Moves Clause: Sleep-inducing moves are banned
|clearpoke
|poke|p1|Bellibolt, M|
|poke|p1|Feraligatr, F|
|poke|p1|Tyranitar, M|
|poke|p1|Excadrill, M|
|poke|p1|Kommo-o, M|
|poke|p1|Salazzle, F|
|poke|p2|Swanna, M|
|poke|p2|Muk, M|
|poke|p2|Gastrodon, F|
|poke|p2|Vileplume, F|
|poke|p2|Salazzle, F|
|poke|p2|Haunter, F|
|teampreview
|inactive|Battle timer is ON: inactive players will automatically lose when time's up. (requested by bena13)
|
|t:|1779679293
|teamsize|p1|6
|teamsize|p2|6
|start
|switch|p1a: Kommo-o|Kommo-o, M, shiny|100/100
|switch|p2a: Muk|Muk, M|100/100
|turn|1
|
|t:|1779679301
|-terastallize|p1a: Kommo-o|Normal
|move|p1a: Kommo-o|Clangorous Soul|p1a: Kommo-o
|-boost|p1a: Kommo-o|atk|1
|-boost|p1a: Kommo-o|def|1
|-boost|p1a: Kommo-o|spa|1
|-boost|p1a: Kommo-o|spd|1
|-boost|p1a: Kommo-o|spe|1
|-damage|p1a: Kommo-o|68/100
|-enditem|p1a: Kommo-o|Throat Spray
|-boost|p1a: Kommo-o|spa|1|[from] item: Throat Spray
|move|p2a: Muk|Gunk Shot|p1a: Kommo-o
|-damage|p1a: Kommo-o|28/100
|
|upkeep
|turn|2
|
|t:|1779679318
|move|p1a: Kommo-o|Boomburst|p2a: Muk
|-damage|p2a: Muk|29/100
|move|p2a: Muk|Drain Punch|p1a: Kommo-o
|-supereffective|p1a: Kommo-o
|-damage|p1a: Kommo-o|0 fnt
|-heal|p2a: Muk|39/100|[from] drain|[of] p1a: Kommo-o
|faint|p1a: Kommo-o
|
|upkeep
|
|t:|1779679327
|switch|p1a: Excadrill|Excadrill, M|100/100
|turn|3
|
|t:|1779679333
|switch|p2a: Swanna|Swanna, M|100/100
|move|p1a: Excadrill|Rapid Spin|p2a: Swanna
|-damage|p2a: Swanna|66/100
|-boost|p1a: Excadrill|spe|1
|
|upkeep
|turn|4
|
|t:|1779679341
|switch|p2a: Vileplume|Vileplume, F|100/100
|move|p1a: Excadrill|Swords Dance|p1a: Excadrill
|-boost|p1a: Excadrill|atk|2
|
|upkeep
|turn|5
|
|t:|1779679348
|move|p1a: Excadrill|Swords Dance|p1a: Excadrill
|-boost|p1a: Excadrill|atk|2
|move|p2a: Vileplume|Strength Sap|p1a: Excadrill
|-unboost|p1a: Excadrill|atk|1
|
|upkeep
|turn|6
|
|t:|1779679360
|move|p1a: Excadrill|Swords Dance|p1a: Excadrill
|-boost|p1a: Excadrill|atk|2
|move|p2a: Vileplume|Leech Seed|p1a: Excadrill
|-start|p1a: Excadrill|move: Leech Seed
|
|-damage|p1a: Excadrill|88/100|[from] Leech Seed|[of] p2a: Vileplume
|upkeep
|turn|7
|
|t:|1779679372
|move|p1a: Excadrill|Rapid Spin|p2a: Vileplume
|-damage|p2a: Vileplume|48/100
|-boost|p1a: Excadrill|spe|1
|-end|p1a: Excadrill|Leech Seed|[from] move: Rapid Spin|[of] p1a: Excadrill
|move|p2a: Vileplume|Charm|p1a: Excadrill
|-unboost|p1a: Excadrill|atk|2
|
|upkeep
|turn|8
|
|t:|1779679384
|move|p1a: Excadrill|Earthquake|p2a: Vileplume
|-damage|p2a: Vileplume|0 fnt
|faint|p2a: Vileplume
|
|upkeep
|-message|bena13 forfeited.
|
|win|ozzdagoat
|raw|ozzdagoat's rating: 1232 &rarr; <strong>1258</strong><br />(+26 for winning)
|raw|bena13's rating: 1250 &rarr; <strong>1224</strong><br />(-26 for losing)
|l|☆ozzdagoat
|player|p1|
|l|☆bena13
|player|p2|
