|j|☆wheezsumbeez
|j|☆I hate my pokemon.
|t:|1779696264
|gametype|singles
|player|p1|wheezsumbeez|roxie|1337
|player|p2|I hate my pokemon.|ghetsis-gen5bw|1342
|gen|9
|tier|[Gen 9] OU
|rated|
|rule|HP Percentage Mod: HP is shown in percentages
|rule|Endless Battle Clause: Forcing endless battles is banned
|rule|Species Clause: Limit one of each Pokémon
|rule|OHKO Clause: OHKO moves are banned
|rule|Evasion Items Clause: Evasion items are banned
|rule|Evasion Moves Clause: Evasion moves are banned
|rule|Evasion Abilities Clause: Evasion abilities are banned
|rule|Sleep Moves Clause: Sleep-inducing moves are banned
|clearpoke
|poke|p1|Heatran, F|
|poke|p1|Weezing-Galar, F|
|poke|p1|Slowking, M|
|poke|p1|Mamoswine, M|
|poke|p1|Zarude-Dada|
|poke|p1|Tornadus-Therian, M|
|poke|p2|Ting-Lu|
|poke|p2|Alomomola, F|
|poke|p2|Weezing-Galar, F|
|poke|p2|Zamazenta-*|
|poke|p2|Tyranitar, M|
|poke|p2|Iron Valiant|
|teampreview
|
|t:|1779696313
|teamsize|p1|6
|teamsize|p2|6
|start
|switch|p1a: Mamoswine|Mamoswine, M|100/100
|switch|p2a: John OU Showdown|Tyranitar, M|100/100
|-weather|Sandstorm|[from] ability: Sand Stream|[of] p2a: John OU Showdown
|turn|1
|
|t:|1779696320
|switch|p2a: Bong-Galar|Weezing-Galar, F|100/100
|move|p1a: Mamoswine|Earthquake|p2a: Bong-Galar
|-immune|p2a: Bong-Galar|[from] ability: Levitate
|
|-weather|Sandstorm|[upkeep]
|-damage|p2a: Bong-Galar|95/100|[from] Sandstorm
|upkeep
|turn|2
|c|☆wheezsumbeez|damn
|c|☆wheezsumbeez|my levitate tech caught on
|
|t:|1779696336
|switch|p1a: Heatran|Heatran, F, shiny|100/100
|move|p2a: Bong-Galar|Will-O-Wisp|p1a: Heatran
|-start|p1a: Heatran|ability: Flash Fire
|
|-weather|Sandstorm|[upkeep]
|-damage|p2a: Bong-Galar|89/100|[from] Sandstorm
|upkeep
|turn|3
|
|t:|1779696345
|switch|p2a: Wish upon a star|Alomomola, F|100/100
|move|p1a: Heatran|Magma Storm|p2a: Wish upon a star
|-resisted|p2a: Wish upon a star
|-damage|p2a: Wish upon a star|85/100
|-activate|p2a: Wish upon a star|move: Magma Storm|[of] p1a: Heatran
|
|-weather|Sandstorm|[upkeep]
|-damage|p2a: Wish upon a star|79/100|[from] Sandstorm
|-damage|p2a: Wish upon a star|66/100|[from] move: Magma Storm|[partiallytrapped]
|upkeep
|turn|4
|
|t:|1779696353
|move|p1a: Heatran|Protect|p1a: Heatran
|-singleturn|p1a: Heatran|Protect
|move|p2a: Wish upon a star|Flip Turn|p1a: Heatran
|-activate|p1a: Heatran|move: Protect
|
|-weather|Sandstorm|[upkeep]
|-damage|p2a: Wish upon a star|60/100|[from] Sandstorm
|-damage|p2a: Wish upon a star|48/100|[from] move: Magma Storm|[partiallytrapped]
|upkeep
|turn|5
|
|t:|1779696361
|move|p1a: Heatran|Stealth Rock|p2a: Wish upon a star
|-sidestart|p2: I hate my pokemon.|move: Stealth Rock
|move|p2a: Wish upon a star|Flip Turn|p1a: Heatran
|-supereffective|p1a: Heatran
|-damage|p1a: Heatran|70/100
|
|t:|1779696365
|switch|p2a: Ting-Lu|Ting-Lu|100/100|[from] Flip Turn
|-damage|p2a: Ting-Lu|94/100|[from] Stealth Rock
|-ability|p2a: Ting-Lu|Vessel of Ruin
|
|-weather|none
|-heal|p1a: Heatran|76/100|[from] item: Leftovers
|-heal|p2a: Ting-Lu|100/100|[from] item: Leftovers
|upkeep
|turn|6
|
|t:|1779696373
|-end|p1a: Heatran|ability: Flash Fire|[silent]
|switch|p1a: Zarude|Zarude-Dada|100/100
|move|p2a: Ting-Lu|Stealth Rock|p1a: Zarude
|-sidestart|p1: wheezsumbeez|move: Stealth Rock
|
|upkeep
|turn|7
|
|t:|1779696382
|move|p1a: Zarude|Knock Off|p2a: Ting-Lu
|-resisted|p2a: Ting-Lu
|-damage|p2a: Ting-Lu|89/100
|-enditem|p2a: Ting-Lu|Leftovers|[from] move: Knock Off|[of] p1a: Zarude
|move|p2a: Ting-Lu|Spikes|p1a: Zarude
|-sidestart|p1: wheezsumbeez|Spikes
|
|upkeep
|turn|8
|
|t:|1779696391
|switch|p2a: Bong-Galar|Weezing-Galar, F|89/100
|-damage|p2a: Bong-Galar|76/100|[from] Stealth Rock
|move|p1a: Zarude|Swords Dance|p1a: Zarude
|-boost|p1a: Zarude|atk|2
|
|upkeep
|turn|9
|
|t:|1779696411
|switch|p1a: Weezing|Weezing-Galar, F, shiny|100/100
|-damage|p1a: Weezing|88/100|[from] Stealth Rock
|move|p2a: Bong-Galar|Strange Steam|p1a: Weezing
|-resisted|p1a: Weezing
|-damage|p1a: Weezing|69/100
|-start|p1a: Weezing|confusion
|
|-heal|p1a: Weezing|75/100|[from] item: Leftovers
|upkeep
|turn|10
|
|t:|1779696421
|switch|p2a: Iron Harassment|Iron Valiant|100/100
|-damage|p2a: Iron Harassment|94/100|[from] Stealth Rock
|-enditem|p2a: Iron Harassment|Booster Energy
|-activate|p2a: Iron Harassment|ability: Quark Drive|[fromitem]
|-start|p2a: Iron Harassment|quarkdrivespe
|-activate|p1a: Weezing|confusion
|move|p1a: Weezing|Defog|p2a: Iron Harassment
|-unboost|p2a: Iron Harassment|evasion|1
|-sideend|p2: I hate my pokemon.|Stealth Rock|[from] move: Defog|[of] p1a: Weezing
|-sideend|p1: wheezsumbeez|Spikes|[from] move: Defog|[of] p1a: Weezing
|-sideend|p1: wheezsumbeez|Stealth Rock|[from] move: Defog|[of] p1a: Weezing
|
|-heal|p1a: Weezing|81/100|[from] item: Leftovers
|upkeep
|turn|11
|
|t:|1779696431
|switch|p1a: Slowking|Slowking, M, shiny|100/100
|move|p2a: Iron Harassment|Calm Mind|p2a: Iron Harassment
|-boost|p2a: Iron Harassment|spa|1
|-boost|p2a: Iron Harassment|spd|1
|
|upkeep
|turn|12
|
|t:|1779696437
|move|p2a: Iron Harassment|Calm Mind|p2a: Iron Harassment
|-boost|p2a: Iron Harassment|spa|1
|-boost|p2a: Iron Harassment|spd|1
|move|p1a: Slowking|Future Sight|p2a: Iron Harassment
|-start|p1a: Slowking|move: Future Sight
|
|upkeep
|turn|13
|
|t:|1779696442
|move|p2a: Iron Harassment|Encore|p1a: Slowking
|-start|p1a: Slowking|Encore
|move|p1a: Slowking|Future Sight||[still]
|-fail|p1a: Slowking
|
|upkeep
|turn|14
|
|t:|1779696448
|-terastallize|p2a: Iron Harassment|Ghost
|move|p2a: Iron Harassment|Calm Mind|p2a: Iron Harassment
|-boost|p2a: Iron Harassment|spa|1
|-boost|p2a: Iron Harassment|spd|1
|move|p1a: Slowking|Future Sight||[still]
|-fail|p1a: Slowking
|
|-end|p2a: Iron Harassment|move: Future Sight
|-damage|p2a: Iron Harassment|66/100
|upkeep
|turn|15
|
|t:|1779696456
|move|p2a: Iron Harassment|Calm Mind|p2a: Iron Harassment
|-boost|p2a: Iron Harassment|spa|1
|-boost|p2a: Iron Harassment|spd|1
|move|p1a: Slowking|Future Sight|p2a: Iron Harassment
|-start|p1a: Slowking|move: Future Sight
|
|-end|p1a: Slowking|Encore
|upkeep
|turn|16
|
|t:|1779696462
|move|p2a: Iron Harassment|Encore|p1a: Slowking
|-start|p1a: Slowking|Encore
|move|p1a: Slowking|Future Sight||[still]
|-fail|p1a: Slowking
|
|upkeep
|turn|17
|
|t:|1779696467
|move|p2a: Iron Harassment|Calm Mind|p2a: Iron Harassment
|-boost|p2a: Iron Harassment|spa|1
|-boost|p2a: Iron Harassment|spd|1
|move|p1a: Slowking|Future Sight||[still]
|-fail|p1a: Slowking
|
|-end|p2a: Iron Harassment|move: Future Sight
|-damage|p2a: Iron Harassment|45/100
|upkeep
|turn|18
|
|t:|1779696475
|move|p2a: Iron Harassment|Shadow Ball|p1a: Slowking
|-supereffective|p1a: Slowking
|-damage|p1a: Slowking|0 fnt
|faint|p1a: Slowking
|
|upkeep
|
|t:|1779696479
|switch|p1a: Mamoswine|Mamoswine, M|100/100
|turn|19
|
|t:|1779696483
|-terastallize|p1a: Mamoswine|Ice
|move|p1a: Mamoswine|Ice Shard|p2a: Iron Harassment
|-damage|p2a: Iron Harassment|0 fnt
|faint|p2a: Iron Harassment
|-end|p2a: Iron Harassment|Quark Drive|[silent]
|
|upkeep
|
|t:|1779696492
|switch|p2a: Built like CTC|Zamazenta|100/100
|-ability|p2a: Built like CTC|Dauntless Shield|boost
|-boost|p2a: Built like CTC|def|1
|turn|20
|
|t:|1779696496
|switch|p1a: Weezing|Weezing-Galar, F, shiny|81/100
|move|p2a: Built like CTC|Heavy Slam|p1a: Weezing
|-supereffective|p1a: Weezing
|-damage|p1a: Weezing|0 fnt
|faint|p1a: Weezing
|
|upkeep
|
|t:|1779696507
|switch|p1a: Tornadus|Tornadus-Therian, M|100/100
|turn|21
|
|t:|1779696516
|switch|p2a: John OU Showdown|Tyranitar, M|100/100
|-weather|Sandstorm|[from] ability: Sand Stream|[of] p2a: John OU Showdown
|move|p1a: Tornadus|Bleakwind Storm|p2a: John OU Showdown
|-resisted|p2a: John OU Showdown
|-damage|p2a: John OU Showdown|89/100
|-damage|p1a: Tornadus|91/100|[from] item: Life Orb
|
|-weather|Sandstorm|[upkeep]
|-damage|p1a: Tornadus|85/100|[from] Sandstorm
|upkeep
|turn|22
|
|t:|1779696595
|move|p1a: Tornadus|U-turn|p2a: John OU Showdown
|-supereffective|p2a: John OU Showdown
|-damage|p2a: John OU Showdown|58/100
|-damage|p1a: Tornadus|75/100|[from] item: Life Orb
|
|t:|1779696599
|switch|p1a: Zarude|Zarude-Dada|100/100|[from] U-turn
|move|p2a: John OU Showdown|Knock Off|p1a: Zarude
|-resisted|p1a: Zarude
|-damage|p1a: Zarude|72/100
|-enditem|p1a: Zarude|Black Glasses|[from] move: Knock Off|[of] p2a: John OU Showdown
|
|-weather|Sandstorm|[upkeep]
|-damage|p1a: Zarude|66/100|[from] Sandstorm
|upkeep
|turn|23
|
|t:|1779696609
|switch|p2a: Bong-Galar|Weezing-Galar, F|76/100
|move|p1a: Zarude|Power Whip|p2a: Bong-Galar
|-resisted|p2a: Bong-Galar
|-crit|p2a: Bong-Galar
|-damage|p2a: Bong-Galar|49/100
|-damage|p1a: Zarude|50/100|[from] item: Rocky Helmet|[of] p2a: Bong-Galar
|
|-weather|Sandstorm|[upkeep]
|-damage|p1a: Zarude|44/100|[from] Sandstorm
|-damage|p2a: Bong-Galar|43/100|[from] Sandstorm
|upkeep
|turn|24
|
|t:|1779696621
|move|p1a: Zarude|Swords Dance|p1a: Zarude
|-boost|p1a: Zarude|atk|2
|move|p2a: Bong-Galar|Pain Split|p1a: Zarude
|-sethp|p1a: Zarude|42/100|[from] move: Pain Split|[silent]
|-sethp|p2a: Bong-Galar|44/100|[from] move: Pain Split
|
|-weather|Sandstorm|[upkeep]
|-damage|p1a: Zarude|36/100|[from] Sandstorm
|-damage|p2a: Bong-Galar|38/100|[from] Sandstorm
|upkeep
|turn|25
|
|t:|1779696630
|move|p1a: Zarude|Power Whip|p2a: Bong-Galar
|-resisted|p2a: Bong-Galar
|-damage|p2a: Bong-Galar|2/100
|-damage|p1a: Zarude|20/100|[from] item: Rocky Helmet|[of] p2a: Bong-Galar
|move|p2a: Bong-Galar|Strange Steam|p1a: Zarude
|-supereffective|p1a: Zarude
|-damage|p1a: Zarude|0 fnt
|faint|p1a: Zarude
|
|-weather|none
|upkeep
|
|t:|1779696639
|switch|p1a: Tornadus|Tornadus-Therian, M|100/100
|turn|26
|
|t:|1779696653
|move|p1a: Tornadus|Heat Wave|p2a: Bong-Galar
|-crit|p2a: Bong-Galar
|-damage|p2a: Bong-Galar|0 fnt
|faint|p2a: Bong-Galar
|-damage|p1a: Tornadus|91/100|[from] item: Life Orb
|
|upkeep
|
|t:|1779696656
|switch|p2a: Ting-Lu|Ting-Lu|89/100
|-ability|p2a: Ting-Lu|Vessel of Ruin
|turn|27
|
|t:|1779696664
|move|p1a: Tornadus|Bleakwind Storm|p2a: Ting-Lu
|-damage|p2a: Ting-Lu|53/100
|-damage|p1a: Tornadus|81/100|[from] item: Life Orb
|move|p2a: Ting-Lu|Stealth Rock|p1a: Tornadus
|-sidestart|p1: wheezsumbeez|move: Stealth Rock
|
|upkeep
|turn|28
|
|t:|1779696677
|move|p1a: Tornadus|U-turn|p2a: Ting-Lu
|-supereffective|p2a: Ting-Lu
|-damage|p2a: Ting-Lu|39/100
|-damage|p1a: Tornadus|71/100|[from] item: Life Orb
|
|t:|1779696681
|switch|p1a: Heatran|Heatran, F, shiny|76/100|[from] U-turn
|-damage|p1a: Heatran|64/100|[from] Stealth Rock
|move|p2a: Ting-Lu|Spikes|p1a: Heatran
|-sidestart|p1: wheezsumbeez|Spikes
|
|-heal|p1a: Heatran|70/100|[from] item: Leftovers
|upkeep
|turn|29
|
|t:|1779696690
|move|p1a: Heatran|Magma Storm|p2a: Ting-Lu
|-damage|p2a: Ting-Lu|14/100
|-activate|p2a: Ting-Lu|move: Magma Storm|[of] p1a: Heatran
|move|p2a: Ting-Lu|Earthquake|p1a: Heatran
|-supereffective|p1a: Heatran
|-damage|p1a: Heatran|0 fnt
|faint|p1a: Heatran
|
|-end|p2a: Ting-Lu|Magma Storm|[partiallytrapped]|[silent]
|upkeep
|
|t:|1779696700
|switch|p1a: Tornadus|Tornadus-Therian, M|100/100
|-damage|p1a: Tornadus|76/100|[from] Stealth Rock
|turn|30
|
|t:|1779696705
|move|p1a: Tornadus|Heat Wave|p2a: Ting-Lu
|-damage|p2a: Ting-Lu|0 fnt
|faint|p2a: Ting-Lu
|-damage|p1a: Tornadus|66/100|[from] item: Life Orb
|
|upkeep
|
|t:|1779696710
|switch|p2a: John OU Showdown|Tyranitar, M|58/100
|-weather|Sandstorm|[from] ability: Sand Stream|[of] p2a: John OU Showdown
|turn|31
|
|t:|1779696714
|move|p1a: Tornadus|Focus Blast|p2a: John OU Showdown
|-supereffective|p2a: John OU Showdown
|-damage|p2a: John OU Showdown|0 fnt
|faint|p2a: John OU Showdown
|-damage|p1a: Tornadus|56/100|[from] item: Life Orb
|
|-weather|Sandstorm|[upkeep]
|-damage|p1a: Tornadus|50/100|[from] Sandstorm
|upkeep
|
|t:|1779696719
|switch|p2a: Built like CTC|Zamazenta|100/100
|turn|32
|
|t:|1779696731
|switch|p1a: Mamoswine|Mamoswine, M, tera:Ice|100/100
|-damage|p1a: Mamoswine|76/100|[from] Stealth Rock
|-damage|p1a: Mamoswine|63/100|[from] Spikes
|move|p2a: Built like CTC|Stone Edge|p1a: Mamoswine
|-supereffective|p1a: Mamoswine
|-damage|p1a: Mamoswine|0 fnt
|faint|p1a: Mamoswine
|
|-weather|Sandstorm|[upkeep]
|-damage|p2a: Built like CTC|94/100|[from] Sandstorm
|upkeep
|
|t:|1779696740
|switch|p1a: Tornadus|Tornadus-Therian, M|83/100
|-damage|p1a: Tornadus|59/100|[from] Stealth Rock
|turn|33
|
|t:|1779696746
|move|p2a: Built like CTC|Stone Edge|p1a: Tornadus
|-supereffective|p1a: Tornadus
|-damage|p1a: Tornadus|0 fnt
|faint|p1a: Tornadus
|
|win|I hate my pokemon.
|raw|wheezsumbeez's rating: 1337 &rarr; <strong>1317</strong><br />(-20 for losing)
|raw|I hate my pokemon.'s rating: 1342 &rarr; <strong>1362</strong><br />(+20 for winning)
|l|☆wheezsumbeez
|player|p1|
|l|☆I hate my pokemon.
|player|p2|
