|j|☆shauryagarchamp
|j|☆Esiroi974
|t:|1779647701
|gametype|singles
|player|p1|shauryagarchamp|elesa-masters3|1169
|player|p2|Esiroi974|lucas|1212
|gen|9
|tier|[Gen 9] OU
|rated|
|rule|HP Percentage Mod: HP is shown in percentages
|rule|Endless Battle Clause: Forcing endless battles is banned
|rule|Species Clause: Limit one of each Pokémon
|rule|OHKO Clause: OHKO moves are banned
|rule|Evasion Items Clause: Evasion items are banned
|rule|Evasion Moves Clause: Evasion moves are banned
|rule|Evasion Abilities Clause: Evasion abilities are banned
|rule|Sleep Moves Clause: Sleep-inducing moves are banned
|clearpoke
|poke|p1|Weezing-Galar, M|
|poke|p1|Goodra-Hisui, F|
|poke|p1|Ceruledge, M|
|poke|p1|Thundurus-Therian, M|
|poke|p1|Gastrodon-East, F|
|poke|p1|Weavile, F|
|poke|p2|Garganacl, M|
|poke|p2|Weezing-Galar, F|
|poke|p2|Corviknight, M|
|poke|p2|Dragapult, M|
|poke|p2|Slowking-Galar, F|
|poke|p2|Samurott-Hisui, F|
|teampreview
|inactive|Battle timer is ON: inactive players will automatically lose when time's up. (requested by Esiroi974)
|inactive|shauryagarchamp also wants the timer to be on.
|
|t:|1779647708
|teamsize|p1|6
|teamsize|p2|6
|start
|switch|p1a: Gastrodon|Gastrodon-East, F|100/100
|switch|p2a: Kidney Stones|Garganacl, M|100/100
|turn|1
|
|t:|1779647714
|move|p1a: Gastrodon|Stealth Rock|p2a: Kidney Stones
|-sidestart|p2: Esiroi974|move: Stealth Rock
|move|p2a: Kidney Stones|Salt Cure|p1a: Gastrodon
|-resisted|p1a: Gastrodon
|-damage|p1a: Gastrodon|92/100
|-start|p1a: Gastrodon|Salt Cure
|
|-damage|p1a: Gastrodon|67/100|[from] Salt Cure
|upkeep
|turn|2
|
|t:|1779647721
|move|p1a: Gastrodon|Ice Beam|p2a: Kidney Stones
|-damage|p2a: Kidney Stones|88/100
|move|p2a: Kidney Stones|Stealth Rock|p1a: Gastrodon
|-sidestart|p1: shauryagarchamp|move: Stealth Rock
|
|-heal|p2a: Kidney Stones|95/100|[from] item: Leftovers
|-damage|p1a: Gastrodon|43/100|[from] Salt Cure
|upkeep
|turn|3
|
|t:|1779647728
|move|p2a: Kidney Stones|Protect|p2a: Kidney Stones
|-singleturn|p2a: Kidney Stones|Protect
|move|p1a: Gastrodon|Recover|p1a: Gastrodon
|-heal|p1a: Gastrodon|93/100
|
|-heal|p2a: Kidney Stones|100/100|[from] item: Leftovers
|-damage|p1a: Gastrodon|68/100|[from] Salt Cure
|upkeep
|turn|4
|
|t:|1779647743
|switch|p1a: Weezing|Weezing-Galar, M|100/100
|-damage|p1a: Weezing|88/100|[from] Stealth Rock
|move|p2a: Kidney Stones|Salt Cure|p1a: Weezing
|-damage|p1a: Weezing|75/100
|-start|p1a: Weezing|Salt Cure
|
|-heal|p1a: Weezing|81/100|[from] item: Black Sludge
|-damage|p1a: Weezing|69/100|[from] Salt Cure
|upkeep
|turn|5
|
|t:|1779647753
|switch|p2a: Cancer|Slowking-Galar, F|100/100
|-damage|p2a: Cancer|88/100|[from] Stealth Rock
|move|p1a: Weezing|Will-O-Wisp|p2a: Cancer
|-status|p2a: Cancer|brn
|
|-heal|p1a: Weezing|75/100|[from] item: Black Sludge
|-damage|p2a: Cancer|82/100 brn|[from] brn
|-damage|p1a: Weezing|63/100|[from] Salt Cure
|upkeep
|turn|6
|
|t:|1779647763
|move|p1a: Weezing|Defog|p2a: Cancer
|-unboost|p2a: Cancer|evasion|1
|-sideend|p2: Esiroi974|Stealth Rock|[from] move: Defog|[of] p1a: Weezing
|-sideend|p1: shauryagarchamp|Stealth Rock|[from] move: Defog|[of] p1a: Weezing
|move|p2a: Cancer|Flamethrower|p1a: Weezing
|-damage|p1a: Weezing|39/100
|
|-heal|p1a: Weezing|45/100|[from] item: Black Sludge
|-damage|p2a: Cancer|76/100 brn|[from] brn
|-damage|p1a: Weezing|33/100|[from] Salt Cure
|upkeep
|turn|7
|
|t:|1779647773
|move|p1a: Weezing|Pain Split|p2a: Cancer
|-sethp|p2a: Cancer|52/100 brn|[from] move: Pain Split|[silent]
|-sethp|p1a: Weezing|61/100|[from] move: Pain Split
|move|p2a: Cancer|Psychic Noise|p1a: Weezing
|-supereffective|p1a: Weezing
|-damage|p1a: Weezing|4/100
|-start|p1a: Weezing|move: Heal Block
|
|-damage|p2a: Cancer|46/100 brn|[from] brn
|-damage|p1a: Weezing|0 fnt|[from] Salt Cure
|faint|p1a: Weezing
|upkeep
|
|t:|1779647787
|switch|p1a: Weavile|Weavile, F|100/100
|turn|8
|
|t:|1779647791
|switch|p2a: Blood Pressure|Corviknight, M|100/100
|-ability|p2a: Blood Pressure|Pressure
|move|p1a: Weavile|Knock Off|p2a: Blood Pressure
|-damage|p2a: Blood Pressure|72/100
|-damage|p1a: Weavile|84/100|[from] item: Rocky Helmet|[of] p2a: Blood Pressure
|-enditem|p2a: Blood Pressure|Rocky Helmet|[from] move: Knock Off|[of] p1a: Weavile
|
|upkeep
|turn|9
|
|t:|1779647799
|switch|p1a: Ceruledge|Ceruledge, M, shiny|100/100
|move|p2a: Blood Pressure|Body Press|p1a: Ceruledge
|-immune|p1a: Ceruledge
|
|upkeep
|turn|10
|
|t:|1779647806
|switch|p2a: Kidney Stones|Garganacl, M|100/100
|move|p1a: Ceruledge|Swords Dance|p1a: Ceruledge
|-boost|p1a: Ceruledge|atk|2
|
|upkeep
|turn|11
|
|t:|1779647817
|move|p1a: Ceruledge|Close Combat|p2a: Kidney Stones
|-supereffective|p2a: Kidney Stones
|-damage|p2a: Kidney Stones|0 fnt
|-unboost|p1a: Ceruledge|def|1
|-unboost|p1a: Ceruledge|spd|1
|faint|p2a: Kidney Stones
|
|upkeep
|
|t:|1779647824
|switch|p2a: Heart Attack|Dragapult, M|100/100
|turn|12
|
|t:|1779647828
|move|p1a: Ceruledge|Shadow Sneak|p2a: Heart Attack
|-supereffective|p2a: Heart Attack
|-damage|p2a: Heart Attack|0 fnt
|faint|p2a: Heart Attack
|
|upkeep
|-message|Esiroi974 forfeited.
|
|win|shauryagarchamp
|raw|shauryagarchamp's rating: 1169 &rarr; <strong>1197</strong><br />(+28 for winning)
|raw|Esiroi974's rating: 1212 &rarr; <strong>1184</strong><br />(-28 for losing)
|l|☆Esiroi974
|player|p2|
|l|☆shauryagarchamp
|player|p1|
