|j|☆astonmaachan
|j|☆929Z
|t:|1779719099
|gametype|singles
|player|p1|astonmaachan|scientist-gen4|1348
|player|p2|929Z|265|1401
|gen|9
|tier|[Gen 9] OU
|rated|
|rule|HP Percentage Mod: HP is shown in percentages
|rule|Endless Battle Clause: Forcing endless battles is banned
|rule|Species Clause: Limit one of each Pokémon
|rule|OHKO Clause: OHKO moves are banned
|rule|Evasion Items Clause: Evasion items are banned
|rule|Evasion Moves Clause: Evasion moves are banned
|rule|Evasion Abilities Clause: Evasion abilities are banned
|rule|Sleep Moves Clause: Sleep-inducing moves are banned
|clearpoke
|poke|p1|Meowscarada, F|
|poke|p1|Pecharunt|
|poke|p1|Enamorus, F|
|poke|p1|Iron Treads|
|poke|p1|Skarmory, M|
|poke|p1|Slowking, F|
|poke|p2|Araquanid, M|
|poke|p2|Gholdengo|
|poke|p2|Raging Bolt|
|poke|p2|Iron Valiant|
|poke|p2|Iron Treads|
|poke|p2|Deoxys-Speed|
|teampreview
|inactive|Battle timer is ON: inactive players will automatically lose when time's up. (requested by 929Z)
|inactive|astonmaachan has 120 seconds left.
|
|t:|1779719140
|teamsize|p1|6
|teamsize|p2|6
|start
|switch|p1a: Meowscarada|Meowscarada, F|100/100
|switch|p2a: Deoxys|Deoxys-Speed|100/100
|-ability|p2a: Deoxys|Pressure
|turn|1
|
|t:|1779719152
|move|p2a: Deoxys|Ice Beam|p1a: Meowscarada
|-supereffective|p1a: Meowscarada
|-damage|p1a: Meowscarada|0 fnt
|faint|p1a: Meowscarada
|-damage|p2a: Deoxys|91/100|[from] item: Life Orb
|
|upkeep
|
|t:|1779719167
|switch|p1a: Enamorus|Enamorus, F|100/100
|turn|2
|
|t:|1779719185
|switch|p2a: Iron Treads|Iron Treads|100/100
|move|p1a: Enamorus|Earth Power|p2a: Iron Treads
|-supereffective|p2a: Iron Treads
|-damage|p2a: Iron Treads|34/100
|
|upkeep
|turn|3
|
|t:|1779719198
|switch|p1a: Slowking|Slowking, F|100/100
|move|p2a: Iron Treads|Endeavor|p1a: Slowking
|-damage|p1a: Slowking|28/100
|
|upkeep
|turn|4
|
|t:|1779719203
|switch|p1a: Pecharunt|Pecharunt|100/100
|move|p2a: Iron Treads|Knock Off|p1a: Pecharunt
|-supereffective|p1a: Pecharunt
|-damage|p1a: Pecharunt|71/100
|-damage|p2a: Iron Treads|17/100|[from] item: Rocky Helmet|[of] p1a: Pecharunt
|-enditem|p1a: Pecharunt|Rocky Helmet|[from] move: Knock Off|[of] p2a: Iron Treads
|
|upkeep
|turn|5
|
|t:|1779719219
|-end|p2a: Iron Treads|Quark Drive|[silent]
|switch|p2a: Gholdengo|Gholdengo|100/100
|-item|p2a: Gholdengo|Air Balloon
|move|p1a: Pecharunt|Recover|p1a: Pecharunt
|-heal|p1a: Pecharunt|100/100
|
|upkeep
|turn|6
|inactive|astonmaachan has 120 seconds left.
|
|t:|1779719245
|move|p2a: Gholdengo|Nasty Plot|p2a: Gholdengo
|-boost|p2a: Gholdengo|spa|2
|move|p1a: Pecharunt|Foul Play|p2a: Gholdengo
|-supereffective|p2a: Gholdengo
|-damage|p2a: Gholdengo|76/100
|-enditem|p2a: Gholdengo|Air Balloon
|
|upkeep
|turn|7
|inactive|astonmaachan has 120 seconds left.
|
|t:|1779719264
|switch|p1a: Iron Treads|Iron Treads|100/100
|move|p2a: Gholdengo|Shadow Ball|p1a: Iron Treads
|-damage|p1a: Iron Treads|20/100
|
|-heal|p1a: Iron Treads|26/100|[from] item: Leftovers
|upkeep
|turn|8
|inactive|astonmaachan has 120 seconds left.
|
|t:|1779719277
|-terastallize|p2a: Gholdengo|Flying
|move|p2a: Gholdengo|Shadow Ball|p1a: Iron Treads
|-damage|p1a: Iron Treads|0 fnt
|faint|p1a: Iron Treads
|-end|p1a: Iron Treads|Quark Drive|[silent]
|
|upkeep
|inactive|astonmaachan has 120 seconds left.
|
|t:|1779719288
|switch|p1a: Enamorus|Enamorus, F|100/100
|turn|9
|inactive|astonmaachan has 120 seconds left.
|
|t:|1779719300
|-terastallize|p1a: Enamorus|Fairy
|move|p1a: Enamorus|Moonblast|p2a: Gholdengo
|-damage|p2a: Gholdengo|0 fnt
|faint|p2a: Gholdengo
|
|upkeep
|
|t:|1779719305
|switch|p2a: Iron Treads|Iron Treads|17/100
|turn|10
|
|t:|1779719307
|move|p1a: Enamorus|Moonblast|p2a: Iron Treads
|-resisted|p2a: Iron Treads
|-damage|p2a: Iron Treads|0 fnt
|faint|p2a: Iron Treads
|-end|p2a: Iron Treads|Quark Drive|[silent]
|
|upkeep
|
|t:|1779719311
|switch|p2a: Deoxys|Deoxys-Speed|91/100
|-ability|p2a: Deoxys|Pressure
|turn|11
|
|t:|1779719318
|move|p1a: Enamorus|Moonblast|p2a: Deoxys
|-damage|p2a: Deoxys|0 fnt
|faint|p2a: Deoxys
|
|upkeep
|c|☆929Z|ah, scarfspecs
|c|☆929Z|my old friend
|
|t:|1779719333
|switch|p2a: Araquanid|Araquanid, M|100/100
|turn|12
|
|t:|1779719338
|move|p1a: Enamorus|Moonblast|p2a: Araquanid
|-damage|p2a: Araquanid|54/100
|move|p2a: Araquanid|Endeavor|p1a: Enamorus
|-damage|p1a: Enamorus|63/100
|
|upkeep
|turn|13
|
|t:|1779719352
|switch|p1a: Slowking|Slowking, F|61/100
|move|p2a: Araquanid|Endeavor|p1a: Slowking
|-damage|p1a: Slowking|46/100
|
|upkeep
|turn|14
|
|t:|1779719361
|switch|p2a: Raging Bolt|Raging Bolt|100/100
|-enditem|p2a: Raging Bolt|Booster Energy
|-activate|p2a: Raging Bolt|ability: Protosynthesis|[fromitem]
|-start|p2a: Raging Bolt|protosynthesisspa
|move|p1a: Slowking|Future Sight|p2a: Raging Bolt
|-start|p1a: Slowking|move: Future Sight
|
|upkeep
|turn|15
|
|t:|1779719370
|switch|p1a: Pecharunt|Pecharunt|100/100
|move|p2a: Raging Bolt|Calm Mind|p2a: Raging Bolt
|-boost|p2a: Raging Bolt|spa|1
|-boost|p2a: Raging Bolt|spd|1
|
|upkeep
|turn|16
|
|t:|1779719388
|move|p2a: Raging Bolt|Thunderbolt|p1a: Pecharunt
|-damage|p1a: Pecharunt|12/100
|move|p1a: Pecharunt|Parting Shot|p2a: Raging Bolt
|-unboost|p2a: Raging Bolt|atk|1
|-unboost|p2a: Raging Bolt|spa|1
|inactive|astonmaachan has 120 seconds left.
|
|t:|1779719415
|switch|p1a: Enamorus|Enamorus, F, tera:Fairy|63/100|[from] Parting Shot
|
|-end|p2a: Raging Bolt|move: Future Sight
|-damage|p2a: Raging Bolt|71/100
|upkeep
|turn|17
|inactive|astonmaachan has 120 seconds left.
|
|t:|1779719427
|switch|p1a: Pecharunt|Pecharunt|12/100
|move|p2a: Raging Bolt|Thunderclap||[still]
|-fail|p2a: Raging Bolt
|
|upkeep
|turn|18
|inactive|astonmaachan has 120 seconds left.
|
|t:|1779719439
|switch|p1a: Skarmory|Skarmory, M|100/100
|move|p2a: Raging Bolt|Thunderbolt|p1a: Skarmory
|-supereffective|p1a: Skarmory
|-ability|p1a: Skarmory|Sturdy
|-damage|p1a: Skarmory|1/100
|
|upkeep
|turn|19
|
|t:|1779719448
|move|p2a: Raging Bolt|Thunderbolt|p1a: Skarmory
|-supereffective|p1a: Skarmory
|-damage|p1a: Skarmory|0 fnt
|faint|p1a: Skarmory
|
|upkeep
|inactive|astonmaachan has 120 seconds left.
|
|t:|1779719467
|switch|p1a: Enamorus|Enamorus, F, tera:Fairy|63/100
|turn|20
|
|t:|1779719471
|move|p2a: Raging Bolt|Thunderclap|p1a: Enamorus
|-damage|p1a: Enamorus|0 fnt
|faint|p1a: Enamorus
|
|upkeep
|
|t:|1779719475
|switch|p1a: Slowking|Slowking, F|80/100
|turn|21
|
|t:|1779719481
|-end|p2a: Raging Bolt|Protosynthesis|[silent]
|switch|p2a: Araquanid|Araquanid, M|54/100
|move|p1a: Slowking|Future Sight|p2a: Araquanid
|-start|p1a: Slowking|move: Future Sight
|
|upkeep
|turn|22
|
|t:|1779719485
|move|p2a: Araquanid|Endeavor|p1a: Slowking
|-damage|p1a: Slowking|46/100
|move|p1a: Slowking|Psyshock|p2a: Araquanid
|-damage|p2a: Araquanid|22/100
|
|upkeep
|turn|23
|
|t:|1779719495
|switch|p2a: Raging Bolt|Raging Bolt|71/100
|switch|p1a: Pecharunt|Pecharunt|12/100
|
|-end|p2a: Raging Bolt|move: Future Sight
|-damage|p2a: Raging Bolt|24/100
|upkeep
|turn|24
|
|t:|1779719511
|move|p2a: Raging Bolt|Thunderbolt|p1a: Pecharunt
|-damage|p1a: Pecharunt|0 fnt
|faint|p1a: Pecharunt
|
|upkeep
|
|t:|1779719513
|switch|p1a: Slowking|Slowking, F|80/100
|turn|25
|
|t:|1779719522
|-end|p2a: Raging Bolt|Protosynthesis|[silent]
|switch|p2a: Iron Valiant|Iron Valiant|100/100
|-enditem|p2a: Iron Valiant|Booster Energy
|-activate|p2a: Iron Valiant|ability: Quark Drive|[fromitem]
|-start|p2a: Iron Valiant|quarkdrivespa
|move|p1a: Slowking|Psyshock|p2a: Iron Valiant
|-supereffective|p2a: Iron Valiant
|-damage|p2a: Iron Valiant|27/100
|
|upkeep
|turn|26
|
|t:|1779719538
|move|p2a: Iron Valiant|Vacuum Wave|p1a: Slowking
|-resisted|p1a: Slowking
|-damage|p1a: Slowking|73/100
|move|p1a: Slowking|Future Sight|p2a: Iron Valiant
|-start|p1a: Slowking|move: Future Sight
|
|upkeep
|turn|27
|
|t:|1779719545
|move|p2a: Iron Valiant|Vacuum Wave|p1a: Slowking
|-resisted|p1a: Slowking
|-damage|p1a: Slowking|66/100
|move|p1a: Slowking|Psyshock|p2a: Iron Valiant
|-supereffective|p2a: Iron Valiant
|-damage|p2a: Iron Valiant|0 fnt
|faint|p2a: Iron Valiant
|-end|p2a: Iron Valiant|Quark Drive|[silent]
|
|upkeep
|
|t:|1779719547
|switch|p2a: Araquanid|Araquanid, M|22/100
|turn|28
|-enditem|p2a: Araquanid|Custap Berry|[eat]
|-activate|p2a: Araquanid|item: Custap Berry|[consumed]
|
|t:|1779719560
|move|p2a: Araquanid|Endeavor|p1a: Slowking
|-damage|p1a: Slowking|19/100
|move|p1a: Slowking|Psyshock|p2a: Araquanid
|-damage|p2a: Araquanid|0 fnt
|faint|p2a: Araquanid
|
|-hint|Future Sight did not hit because the target is fainted.
|upkeep
|
|t:|1779719564
|switch|p2a: Raging Bolt|Raging Bolt|24/100
|turn|29
|
|t:|1779719566
|move|p2a: Raging Bolt|Thunderbolt|p1a: Slowking
|-supereffective|p1a: Slowking
|-damage|p1a: Slowking|0 fnt
|faint|p1a: Slowking
|
|win|929Z
|raw|astonmaachan's rating: 1348 &rarr; <strong>1331</strong><br />(-17 for losing)
|raw|929Z's rating: 1401 &rarr; <strong>1418</strong><br />(+17 for winning)
|l|☆astonmaachan
|player|p1|
