|j|☆Than6942
|j|☆KenjiShiguma
|t:|1779691537
|gametype|singles
|player|p1|Than6942|steven|1139
|player|p2|KenjiShiguma|pokemonbreeder-gen4|1127
|gen|9
|tier|[Gen 9] OU
|rated|
|rule|HP Percentage Mod: HP is shown in percentages
|rule|Endless Battle Clause: Forcing endless battles is banned
|rule|Species Clause: Limit one of each Pokémon
|rule|OHKO Clause: OHKO moves are banned
|rule|Evasion Items Clause: Evasion items are banned
|rule|Evasion Moves Clause: Evasion moves are banned
|rule|Evasion Abilities Clause: Evasion abilities are banned
|rule|Sleep Moves Clause: Sleep-inducing moves are banned
|clearpoke
|poke|p1|Landorus-Therian, M|
|poke|p1|Dragapult, M|
|poke|p1|Iron Valiant|
|poke|p1|Raging Bolt|
|poke|p1|Hatterene, F|
|poke|p1|Moltres|
|poke|p2|Golduck, F|
|poke|p2|Porygon2|
|poke|p2|Gardevoir, M|
|poke|p2|Grumpig, F|
|poke|p2|Ariados, F|
|poke|p2|Greninja-*, M|
|teampreview
|inactive|Battle timer is ON: inactive players will automatically lose when time's up. (requested by Than6942)
|
|t:|1779691558
|teamsize|p1|6
|teamsize|p2|6
|start
|switch|p1a: Landorus|Landorus-Therian, M|100/100
|switch|p2a: Golduck|Golduck, F|100/100
|-ability|p2a: Golduck|Cloud Nine
|-ability|p1a: Landorus|Intimidate|boost
|-unboost|p2a: Golduck|atk|1
|turn|1
|
|t:|1779691567
|move|p2a: Golduck|Whirlpool|p1a: Landorus|[miss]
|-miss|p2a: Golduck|p1a: Landorus
|move|p1a: Landorus|Stealth Rock|p2a: Golduck
|-sidestart|p2: KenjiShiguma|move: Stealth Rock
|
|upkeep
|turn|2
|
|t:|1779691573
|switch|p1a: Hatterene|Hatterene, F|100/100
|move|p2a: Golduck|Encore|p1a: Hatterene
|move|p1a: Hatterene|Encore||[from] ability: Magic Bounce|[still]
|-fail|p1a: Hatterene
|
|upkeep
|turn|3
|
|t:|1779691586
|move|p2a: Golduck|Whirlpool|p1a: Hatterene
|-damage|p1a: Hatterene|89/100
|-activate|p1a: Hatterene|move: Whirlpool|[of] p2a: Golduck
|move|p1a: Hatterene|Nuzzle|p2a: Golduck
|-supereffective|p2a: Golduck
|-damage|p2a: Golduck|90/100
|-status|p2a: Golduck|par
|
|-heal|p1a: Hatterene|95/100|[from] item: Leftovers
|-damage|p1a: Hatterene|83/100|[from] move: Whirlpool|[partiallytrapped]
|upkeep
|turn|4
|
|t:|1779691609
|move|p2a: Golduck|Whirlpool|p1a: Hatterene
|-damage|p1a: Hatterene|69/100
|move|p1a: Hatterene|Psychic|p2a: Golduck
|-damage|p2a: Golduck|33/100 par
|
|-heal|p1a: Hatterene|75/100|[from] item: Leftovers
|-damage|p1a: Hatterene|63/100|[from] move: Whirlpool|[partiallytrapped]
|upkeep
|turn|5
|
|t:|1779691632
|switch|p2a: Porygon2|Porygon2|100/100
|-damage|p2a: Porygon2|88/100|[from] Stealth Rock
|-ability|p2a: Porygon2|Magic Bounce|Trace|[from] ability: Trace|[of] p1a: Hatterene
|move|p1a: Hatterene|Psychic|p2a: Porygon2
|-damage|p2a: Porygon2|66/100
|
|-heal|p1a: Hatterene|69/100|[from] item: Leftovers
|-end|p1a: Hatterene|Whirlpool|[partiallytrapped]|[silent]
|upkeep
|turn|6
|
|t:|1779691644
|move|p2a: Porygon2|Defense Curl|p2a: Porygon2
|-boost|p2a: Porygon2|def|1
|move|p1a: Hatterene|Nuzzle|p2a: Porygon2
|-crit|p2a: Porygon2
|-damage|p2a: Porygon2|61/100
|-status|p2a: Porygon2|par
|
|-heal|p1a: Hatterene|75/100|[from] item: Leftovers
|upkeep
|turn|7
|
|t:|1779691653
|move|p1a: Hatterene|Dazzling Gleam|p2a: Porygon2
|-damage|p2a: Porygon2|41/100 par
|move|p2a: Porygon2|Charge|p2a: Porygon2
|-boost|p2a: Porygon2|spd|1
|-start|p2a: Porygon2|Charge
|
|-heal|p1a: Hatterene|81/100|[from] item: Leftovers
|upkeep
|turn|8
|
|t:|1779691661
|move|p1a: Hatterene|Dazzling Gleam|p2a: Porygon2
|-damage|p2a: Porygon2|25/100 par
|move|p2a: Porygon2|Recover|p2a: Porygon2
|-heal|p2a: Porygon2|75/100 par
|
|-heal|p1a: Hatterene|87/100|[from] item: Leftovers
|upkeep
|turn|9
|
|t:|1779691676
|switch|p1a: Iron Valiant|Iron Valiant|100/100
|-enditem|p1a: Iron Valiant|Booster Energy
|-activate|p1a: Iron Valiant|ability: Quark Drive|[fromitem]
|-start|p1a: Iron Valiant|quarkdrivespe
|move|p2a: Porygon2|Charge|p2a: Porygon2
|-boost|p2a: Porygon2|spd|1
|-start|p2a: Porygon2|Charge
|
|upkeep
|turn|10
|
|t:|1779691684
|move|p1a: Iron Valiant|Focus Blast|p2a: Porygon2
|-supereffective|p2a: Porygon2
|-damage|p2a: Porygon2|48/100 par
|cant|p2a: Porygon2|par
|-end|p2a: Porygon2|Charge|[silent]
|
|upkeep
|turn|11
|
|t:|1779691691
|move|p1a: Iron Valiant|Focus Blast|p2a: Porygon2
|-supereffective|p2a: Porygon2
|-damage|p2a: Porygon2|22/100 par
|move|p2a: Porygon2|Recover|p2a: Porygon2
|-heal|p2a: Porygon2|72/100 par
|
|upkeep
|turn|12
|
|t:|1779691697
|move|p1a: Iron Valiant|Focus Blast|p2a: Porygon2
|-supereffective|p2a: Porygon2
|-damage|p2a: Porygon2|45/100 par
|move|p2a: Porygon2|Charge|p2a: Porygon2
|-boost|p2a: Porygon2|spd|1
|-start|p2a: Porygon2|Charge
|
|upkeep
|turn|13
|
|t:|1779691717
|-end|p1a: Iron Valiant|Quark Drive|[silent]
|switch|p1a: Landorus|Landorus-Therian, M|100/100
|-ability|p1a: Landorus|Intimidate|boost
|-unboost|p2a: Porygon2|atk|1
|move|p2a: Porygon2|Recover|p2a: Porygon2
|-heal|p2a: Porygon2|95/100 par
|
|upkeep
|turn|14
|-message|KenjiShiguma forfeited.
|
|win|Than6942
|raw|Than6942's rating: 1139 &rarr; <strong>1163</strong><br />(+24 for winning)
|raw|KenjiShiguma's rating: 1127 &rarr; <strong>1103</strong><br />(-24 for losing)
|l|☆KenjiShiguma
|player|p2|
|l|☆Than6942
|player|p1|
