|j|☆FiiFiFoFum
|j|☆desktop-ini
|t:|1779657693
|gametype|singles
|player|p1|FiiFiFoFum|erika-gen1rb|1546
|player|p2|desktop-ini|winona|1485
|gen|9
|tier|[Gen 9] OU
|rated|
|rule|HP Percentage Mod: HP is shown in percentages
|rule|Endless Battle Clause: Forcing endless battles is banned
|rule|Species Clause: Limit one of each Pokémon
|rule|OHKO Clause: OHKO moves are banned
|rule|Evasion Items Clause: Evasion items are banned
|rule|Evasion Moves Clause: Evasion moves are banned
|rule|Evasion Abilities Clause: Evasion abilities are banned
|rule|Sleep Moves Clause: Sleep-inducing moves are banned
|clearpoke
|poke|p1|Scizor, F|
|poke|p1|Samurott-Hisui, F|
|poke|p1|Gholdengo|
|poke|p1|Landorus-Therian, M|
|poke|p1|Great Tusk|
|poke|p1|Raging Bolt|
|poke|p2|Hawlucha, F|
|poke|p2|Samurott-Hisui, F|
|poke|p2|Rillaboom, F|
|poke|p2|Gholdengo|
|poke|p2|Kyurem|
|poke|p2|Landorus-Therian, M|
|teampreview
|inactive|Battle timer is ON: inactive players will automatically lose when time's up. (requested by FiiFiFoFum)
|
|t:|1779657740
|teamsize|p1|6
|teamsize|p2|6
|start
|switch|p1a: Scizor|Scizor, F|100/100
|switch|p2a: Rillaboom|Rillaboom, F|100/100
|-fieldstart|move: Grassy Terrain|[from] ability: Grassy Surge|[of] p2a: Rillaboom
|turn|1
|
|t:|1779657748
|switch|p2a: Landorus|Landorus-Therian, M|100/100
|-ability|p2a: Landorus|Intimidate|boost
|-unboost|p1a: Scizor|atk|1
|move|p1a: Scizor|Knock Off|p2a: Landorus
|-damage|p2a: Landorus|67/100
|-damage|p1a: Scizor|84/100|[from] item: Rocky Helmet|[of] p2a: Landorus
|-enditem|p2a: Landorus|Rocky Helmet|[from] move: Knock Off|[of] p1a: Scizor
|
|-heal|p1a: Scizor|90/100|[from] Grassy Terrain
|upkeep
|turn|2
|inactive|FiiFiFoFum has 120 seconds left.
|
|t:|1779657779
|switch|p1a: Landorus|Landorus-Therian, M|100/100
|-ability|p1a: Landorus|Intimidate|boost
|-unboost|p2a: Landorus|atk|1
|move|p2a: Landorus|Stealth Rock|p1a: Landorus
|-sidestart|p1: FiiFiFoFum|move: Stealth Rock
|
|upkeep
|turn|3
|
|t:|1779657783
|move|p2a: Landorus|Taunt|p1a: Landorus
|-start|p1a: Landorus|move: Taunt
|cant|p1a: Landorus|move: Taunt|Stealth Rock
|
|upkeep
|turn|4
|
|t:|1779657789
|move|p2a: Landorus|U-turn|p1a: Landorus
|-resisted|p1a: Landorus
|-damage|p1a: Landorus|94/100
|-damage|p2a: Landorus|51/100|[from] item: Rocky Helmet|[of] p1a: Landorus
|
|t:|1779657804
|switch|p2a: Kyurem|Kyurem|100/100|[from] U-turn
|-ability|p2a: Kyurem|Pressure
|move|p1a: Landorus|Earth Power|p2a: Kyurem
|-damage|p2a: Kyurem|80/100
|
|-heal|p2a: Kyurem|86/100|[from] Grassy Terrain
|upkeep
|turn|5
|
|t:|1779657821
|switch|p1a: Scizor|Scizor, F|90/100
|-damage|p1a: Scizor|78/100|[from] Stealth Rock
|move|p2a: Kyurem|Freeze-Dry|p1a: Scizor
|-resisted|p1a: Scizor
|-damage|p1a: Scizor|52/100
|-status|p1a: Scizor|frz
|
|-heal|p2a: Kyurem|92/100|[from] Grassy Terrain
|-heal|p1a: Scizor|59/100 frz|[from] Grassy Terrain
|-fieldend|move: Grassy Terrain
|upkeep
|turn|6
|
|t:|1779657831
|move|p2a: Kyurem|Earth Power|p1a: Scizor
|-damage|p1a: Scizor|16/100 frz
|cant|p1a: Scizor|frz
|
|upkeep
|turn|7
|
|t:|1779657837
|cant|p1a: Scizor|frz
|move|p2a: Kyurem|Freeze-Dry|p1a: Scizor
|-resisted|p1a: Scizor
|-damage|p1a: Scizor|0 fnt
|faint|p1a: Scizor
|
|upkeep
|
|t:|1779657840
|switch|p1a: Gholdengo|Gholdengo|100/100
|-damage|p1a: Gholdengo|94/100|[from] Stealth Rock
|turn|8
|
|t:|1779657856
|move|p1a: Gholdengo|Focus Blast|p2a: Kyurem
|-supereffective|p2a: Kyurem
|-damage|p2a: Kyurem|39/100
|move|p2a: Kyurem|Earth Power|p1a: Gholdengo
|-supereffective|p1a: Gholdengo
|-damage|p1a: Gholdengo|23/100
|
|upkeep
|turn|9
|
|t:|1779657866
|switch|p2a: Gholdengo|Gholdengo|100/100
|move|p1a: Gholdengo|Focus Blast|p2a: Gholdengo
|-immune|p2a: Gholdengo
|
|upkeep
|turn|10
|
|t:|1779657879
|switch|p1a: Samurott|Samurott-Hisui, F|100/100
|-damage|p1a: Samurott|88/100|[from] Stealth Rock
|move|p2a: Gholdengo|Make It Rain|p1a: Samurott
|-resisted|p1a: Samurott
|-damage|p1a: Samurott|64/100
|-unboost|p2a: Gholdengo|spa|1
|
|upkeep
|turn|11
|
|t:|1779657889
|switch|p2a: Rillaboom|Rillaboom, F|100/100
|-fieldstart|move: Grassy Terrain|[from] ability: Grassy Surge|[of] p2a: Rillaboom
|move|p1a: Samurott|Ceaseless Edge|p2a: Rillaboom
|-damage|p2a: Rillaboom|56/100
|-sidestart|p2: desktop-ini|Spikes
|
|-heal|p2a: Rillaboom|62/100|[from] Grassy Terrain
|-heal|p1a: Samurott|70/100|[from] Grassy Terrain
|upkeep
|turn|12
|
|t:|1779657899
|switch|p1a: Gholdengo|Gholdengo|23/100
|-damage|p1a: Gholdengo|17/100|[from] Stealth Rock
|move|p2a: Rillaboom|Grassy Glide|p1a: Gholdengo
|-resisted|p1a: Gholdengo
|-damage|p1a: Gholdengo|0 fnt
|faint|p1a: Gholdengo
|
|-heal|p2a: Rillaboom|68/100|[from] Grassy Terrain
|upkeep
|
|t:|1779657902
|switch|p1a: Landorus|Landorus-Therian, M|94/100
|-damage|p1a: Landorus|82/100|[from] Stealth Rock
|-ability|p1a: Landorus|Intimidate|boost
|-unboost|p2a: Rillaboom|atk|1
|turn|13
|
|t:|1779657914
|switch|p2a: Kyurem|Kyurem|39/100
|-damage|p2a: Kyurem|27/100|[from] Spikes
|-ability|p2a: Kyurem|Pressure
|move|p1a: Landorus|Stealth Rock|p2a: Kyurem
|-sidestart|p2: desktop-ini|move: Stealth Rock
|
|-heal|p2a: Kyurem|33/100|[from] Grassy Terrain
|upkeep
|turn|14
|
|t:|1779657923
|switch|p1a: Samurott|Samurott-Hisui, F|70/100
|-damage|p1a: Samurott|58/100|[from] Stealth Rock
|move|p2a: Kyurem|Freeze-Dry|p1a: Samurott
|-supereffective|p1a: Samurott
|-crit|p1a: Samurott
|-damage|p1a: Samurott|0 fnt
|faint|p1a: Samurott
|
|-heal|p2a: Kyurem|39/100|[from] Grassy Terrain
|upkeep
|
|t:|1779657942
|switch|p1a: Great Tusk|Great Tusk|100/100
|-damage|p1a: Great Tusk|98/100|[from] Stealth Rock
|-enditem|p1a: Great Tusk|Booster Energy
|-activate|p1a: Great Tusk|ability: Protosynthesis|[fromitem]
|-start|p1a: Great Tusk|protosynthesisspe
|turn|15
|
|t:|1779657951
|switch|p2a: Hawlucha|Hawlucha, F|100/100
|-damage|p2a: Hawlucha|88/100|[from] Stealth Rock
|-enditem|p2a: Hawlucha|Grassy Seed
|-boost|p2a: Hawlucha|def|1|[from] item: Grassy Seed
|-terastallize|p1a: Great Tusk|Fire
|move|p1a: Great Tusk|Bulk Up|p1a: Great Tusk
|-boost|p1a: Great Tusk|atk|1
|-boost|p1a: Great Tusk|def|1
|
|-heal|p1a: Great Tusk|100/100|[from] Grassy Terrain
|-fieldend|move: Grassy Terrain
|upkeep
|turn|16
|
|t:|1779657962
|move|p2a: Hawlucha|Swords Dance|p2a: Hawlucha
|-boost|p2a: Hawlucha|atk|2
|move|p1a: Great Tusk|Ice Spinner|p2a: Hawlucha
|-supereffective|p2a: Hawlucha
|-damage|p2a: Hawlucha|34/100
|
|upkeep
|turn|17
|
|t:|1779657970
|move|p2a: Hawlucha|Roost|p2a: Hawlucha
|-heal|p2a: Hawlucha|84/100
|-singleturn|p2a: Hawlucha|move: Roost
|move|p1a: Great Tusk|Ice Spinner|p2a: Hawlucha
|-crit|p2a: Hawlucha
|-damage|p2a: Hawlucha|13/100
|
|upkeep
|turn|18
|
|t:|1779657981
|move|p2a: Hawlucha|Roost|p2a: Hawlucha
|-heal|p2a: Hawlucha|63/100
|-singleturn|p2a: Hawlucha|move: Roost
|move|p1a: Great Tusk|Rapid Spin|p2a: Hawlucha
|-damage|p2a: Hawlucha|45/100
|-boost|p1a: Great Tusk|spe|1
|-sideend|p1: FiiFiFoFum|Stealth Rock|[from] move: Rapid Spin|[of] p1a: Great Tusk
|
|upkeep
|turn|19
|
|t:|1779657993
|-terastallize|p2a: Hawlucha|Steel
|move|p1a: Great Tusk|Bulk Up|p1a: Great Tusk
|-boost|p1a: Great Tusk|atk|1
|-boost|p1a: Great Tusk|def|1
|move|p2a: Hawlucha|Low Kick|p1a: Great Tusk
|-damage|p1a: Great Tusk|65/100
|
|upkeep
|turn|20
|
|t:|1779658001
|switch|p2a: Landorus|Landorus-Therian, M|51/100
|-damage|p2a: Landorus|38/100|[from] Stealth Rock
|-ability|p2a: Landorus|Intimidate|boost
|-unboost|p1a: Great Tusk|atk|1
|move|p1a: Great Tusk|Headlong Rush|p2a: Landorus
|-immune|p2a: Landorus
|
|upkeep
|turn|21
|
|t:|1779658012
|move|p1a: Great Tusk|Ice Spinner|p2a: Landorus
|-supereffective|p2a: Landorus
|-crit|p2a: Landorus
|-damage|p2a: Landorus|0 fnt
|faint|p2a: Landorus
|
|upkeep
|
|t:|1779658021
|switch|p2a: Samurott|Samurott-Hisui, F|100/100
|-damage|p2a: Samurott|88/100|[from] Spikes
|-damage|p2a: Samurott|76/100|[from] Stealth Rock
|turn|22
|
|t:|1779658027
|move|p1a: Great Tusk|Headlong Rush|p2a: Samurott
|-damage|p2a: Samurott|0 fnt
|-unboost|p1a: Great Tusk|def|1
|-unboost|p1a: Great Tusk|spd|1
|faint|p2a: Samurott
|
|upkeep
|
|t:|1779658038
|switch|p2a: Hawlucha|Hawlucha, F, tera:Steel|45/100
|-damage|p2a: Hawlucha|32/100|[from] Spikes
|-damage|p2a: Hawlucha|26/100|[from] Stealth Rock
|turn|23
|
|t:|1779658043
|move|p1a: Great Tusk|Headlong Rush|p2a: Hawlucha
|-supereffective|p2a: Hawlucha
|-damage|p2a: Hawlucha|0 fnt
|-unboost|p1a: Great Tusk|def|1
|-unboost|p1a: Great Tusk|spd|1
|faint|p2a: Hawlucha
|
|upkeep
|
|t:|1779658048
|switch|p2a: Gholdengo|Gholdengo|100/100
|-damage|p2a: Gholdengo|88/100|[from] Spikes
|-damage|p2a: Gholdengo|82/100|[from] Stealth Rock
|turn|24
|
|t:|1779658050
|switch|p2a: Kyurem|Kyurem|39/100
|-damage|p2a: Kyurem|27/100|[from] Spikes
|-damage|p2a: Kyurem|2/100|[from] Stealth Rock
|-ability|p2a: Kyurem|Pressure
|move|p1a: Great Tusk|Headlong Rush|p2a: Kyurem
|-damage|p2a: Kyurem|0 fnt
|-unboost|p1a: Great Tusk|def|1
|-unboost|p1a: Great Tusk|spd|1
|faint|p2a: Kyurem
|
|upkeep
|
|t:|1779658052
|switch|p2a: Rillaboom|Rillaboom, F|68/100
|-damage|p2a: Rillaboom|56/100|[from] Spikes
|-damage|p2a: Rillaboom|43/100|[from] Stealth Rock
|-fieldstart|move: Grassy Terrain|[from] ability: Grassy Surge|[of] p2a: Rillaboom
|turn|25
|
|t:|1779658056
|move|p2a: Rillaboom|Grassy Glide|p1a: Great Tusk
|-resisted|p1a: Great Tusk
|-damage|p1a: Great Tusk|45/100
|move|p1a: Great Tusk|Ice Spinner|p2a: Rillaboom
|-supereffective|p2a: Rillaboom
|-damage|p2a: Rillaboom|0 fnt
|-fieldend|move: Grassy Terrain
|faint|p2a: Rillaboom
|
|upkeep
|
|t:|1779658059
|switch|p2a: Gholdengo|Gholdengo|82/100
|-damage|p2a: Gholdengo|70/100|[from] Spikes
|-damage|p2a: Gholdengo|64/100|[from] Stealth Rock
|turn|26
|
|t:|1779658062
|move|p1a: Great Tusk|Headlong Rush|p2a: Gholdengo
|-supereffective|p2a: Gholdengo
|-damage|p2a: Gholdengo|0 fnt
|-unboost|p1a: Great Tusk|def|1
|-unboost|p1a: Great Tusk|spd|1
|faint|p2a: Gholdengo
|
|win|FiiFiFoFum
|raw|FiiFiFoFum's rating: 1546 &rarr; <strong>1563</strong><br />(+17 for winning)
|raw|desktop-ini's rating: 1485 &rarr; <strong>1468</strong><br />(-17 for losing)
|l|☆desktop-ini
|player|p2|
