|j|☆0c3an m4n
|j|☆Morthill
|t:|1779643893
|gametype|singles
|player|p1|0c3an m4n|marlon|1485
|player|p2|Morthill|lucas|1447
|gen|9
|tier|[Gen 9] OU
|rated|
|rule|HP Percentage Mod: HP is shown in percentages
|rule|Endless Battle Clause: Forcing endless battles is banned
|rule|Species Clause: Limit one of each Pokémon
|rule|OHKO Clause: OHKO moves are banned
|rule|Evasion Items Clause: Evasion items are banned
|rule|Evasion Moves Clause: Evasion moves are banned
|rule|Evasion Abilities Clause: Evasion abilities are banned
|rule|Sleep Moves Clause: Sleep-inducing moves are banned
|clearpoke
|poke|p1|Quaquaval, M|
|poke|p1|Barraskewda, F|
|poke|p1|Pelipper, M|
|poke|p1|Slither Wing|
|poke|p1|Hatterene, F|
|poke|p1|Crawdaunt, F|
|poke|p2|Heatran, M|
|poke|p2|Cetitan, M|
|poke|p2|Ninetales-Alola, M|
|poke|p2|Kyurem|
|poke|p2|Avalugg, M|
|poke|p2|Zoroark-Hisui, M|
|teampreview
|inactive|Battle timer is ON: inactive players will automatically lose when time's up. (requested by Morthill)
|
|t:|1779643904
|teamsize|p1|6
|teamsize|p2|6
|start
|switch|p1a: Sphyraena (Fih) 🐟|Barraskewda, F, shiny|100/100
|switch|p2a: Kyurem|Kyurem|100/100
|-ability|p2a: Kyurem|Pressure
|turn|1
|
|t:|1779643906
|move|p2a: Kyurem|Freeze-Dry|p1a: Sphyraena (Fih) 🐟
|-supereffective|p1a: Sphyraena (Fih) 🐟
|-damage|p1a: Sphyraena (Fih) 🐟|0 fnt
|faint|p1a: Sphyraena (Fih) 🐟
|
|upkeep
|
|t:|1779643910
|switch|p1a: El papu|Slither Wing, shiny|100/100
|turn|2
|
|t:|1779643914
|switch|p2a: Ninetales|Ninetales-Alola, M, shiny|100/100
|-weather|Snowscape|[from] ability: Snow Warning|[of] p2a: Ninetales
|move|p1a: El papu|Close Combat|p2a: Ninetales
|-damage|p2a: Ninetales|22/100
|-unboost|p1a: El papu|def|1
|-unboost|p1a: El papu|spd|1
|
|-weather|Snowscape|[upkeep]
|upkeep
|turn|3
|
|t:|1779643918
|-end|p1a: El papu|Protosynthesis|[silent]
|switch|p1a: Risk of what?|Pelipper, M, shiny|100/100
|-weather|RainDance|[from] ability: Drizzle|[of] p1a: Risk of what?
|move|p2a: Ninetales|Aurora Veil||[still]
|-fail|p2a: Ninetales
|
|-weather|RainDance|[upkeep]
|upkeep
|turn|4
|
|t:|1779643926
|switch|p1a: El papu|Slither Wing, shiny|100/100
|move|p2a: Ninetales|Snowscape|p2a: Ninetales
|-weather|Snowscape
|
|-weather|Snowscape|[upkeep]
|upkeep
|turn|5
|
|t:|1779643930
|switch|p2a: Avalugg|Avalugg, M|100/100
|move|p1a: El papu|First Impression|p2a: Avalugg
|-damage|p2a: Avalugg|80/100
|-damage|p1a: El papu|84/100|[from] item: Rocky Helmet|[of] p2a: Avalugg
|
|-weather|Snowscape|[upkeep]
|upkeep
|turn|6
|
|t:|1779643937
|-end|p1a: El papu|Protosynthesis|[silent]
|switch|p1a: Si|Hatterene, F, shiny|100/100
|move|p2a: Avalugg|Body Press|p1a: Si
|-resisted|p1a: Si
|-damage|p1a: Si|89/100
|
|-weather|Snowscape|[upkeep]
|upkeep
|turn|7
|
|t:|1779643944
|switch|p2a: Heatran|Heatran, M|100/100
|move|p1a: Si|Nuzzle|p2a: Heatran
|-crit|p2a: Heatran
|-damage|p2a: Heatran|93/100
|-status|p2a: Heatran|par
|
|-weather|Snowscape|[upkeep]
|upkeep
|turn|8
|
|t:|1779643947
|switch|p1a: El papu|Slither Wing, shiny|84/100
|cant|p2a: Heatran|par
|
|-weather|none
|upkeep
|turn|9
|
|t:|1779643951
|move|p1a: El papu|Earthquake|p2a: Heatran
|-supereffective|p2a: Heatran
|-damage|p2a: Heatran|0 fnt
|faint|p2a: Heatran
|
|upkeep
|
|t:|1779643959
|switch|p2a: Ninetales|Ninetales-Alola, M, shiny|22/100
|-weather|Snowscape|[from] ability: Snow Warning|[of] p2a: Ninetales
|turn|10
|
|t:|1779643963
|switch|p2a: Avalugg|Avalugg, M|80/100
|move|p1a: El papu|Earthquake|p2a: Avalugg
|-damage|p2a: Avalugg|64/100
|
|-weather|Snowscape|[upkeep]
|upkeep
|turn|11
|
|t:|1779643965
|-end|p1a: El papu|Protosynthesis|[silent]
|switch|p1a: Risk of what?|Pelipper, M, shiny|100/100
|-weather|RainDance|[from] ability: Drizzle|[of] p1a: Risk of what?
|move|p2a: Avalugg|Recover|p2a: Avalugg
|-heal|p2a: Avalugg|100/100
|
|-weather|RainDance|[upkeep]
|upkeep
|turn|12
|
|t:|1779643970
|switch|p2a: Ninetales|Ninetales-Alola, M, shiny|22/100
|-weather|Snowscape|[from] ability: Snow Warning|[of] p2a: Ninetales
|move|p1a: Risk of what?|Surf|p2a: Ninetales
|-damage|p2a: Ninetales|0 fnt
|faint|p2a: Ninetales
|
|-weather|Snowscape|[upkeep]
|upkeep
|
|t:|1779643973
|switch|p2a: Kyurem|Kyurem|100/100
|-ability|p2a: Kyurem|Pressure
|turn|13
|
|t:|1779643976
|switch|p1a: Si|Hatterene, F, shiny|89/100
|move|p2a: Kyurem|Psychic|p1a: Si
|-resisted|p1a: Si
|-damage|p1a: Si|77/100
|
|-weather|Snowscape|[upkeep]
|upkeep
|turn|14
|
|t:|1779643982
|switch|p2a: Avalugg|Avalugg, M|100/100
|move|p1a: Si|Nuzzle|p2a: Avalugg
|-damage|p2a: Avalugg|99/100
|-status|p2a: Avalugg|par
|-damage|p1a: Si|60/100|[from] item: Rocky Helmet|[of] p2a: Avalugg
|
|-weather|Snowscape|[upkeep]
|upkeep
|turn|15
|
|t:|1779643985
|switch|p2a: Avalugg|Avalugg, M|100/100
|move|p1a: Si|Mystical Fire|p2a: Avalugg
|-damage|p2a: Avalugg|42/100
|-unboost|p2a: Avalugg|spa|1
|replace|p2a: Zoroark|Zoroark-Hisui, M
|-end|p2a: Zoroark|Illusion
|
|-weather|Snowscape|[upkeep]
|upkeep
|turn|16
|
|t:|1779643995
|switch|p1a: Apernao 🔥|Crawdaunt, F, shiny|100/100
|move|p2a: Zoroark|Shadow Ball|p1a: Apernao 🔥
|-resisted|p1a: Apernao 🔥
|-damage|p1a: Apernao 🔥|73/100
|
|-weather|none
|upkeep
|turn|17
|
|t:|1779643999
|move|p2a: Zoroark|Low Kick|p1a: Apernao 🔥
|-supereffective|p1a: Apernao 🔥
|-damage|p1a: Apernao 🔥|31/100
|move|p1a: Apernao 🔥|Swords Dance|p1a: Apernao 🔥
|-boost|p1a: Apernao 🔥|atk|2
|
|upkeep
|turn|18
|
|t:|1779644004
|switch|p2a: Avalugg|Avalugg, M|99/100 par
|move|p1a: Apernao 🔥|Aqua Jet|p2a: Avalugg
|-damage|p2a: Avalugg|76/100 par
|-damage|p1a: Apernao 🔥|15/100|[from] item: Rocky Helmet|[of] p2a: Avalugg
|
|upkeep
|turn|19
|
|t:|1779644007
|move|p1a: Apernao 🔥|Knock Off|p2a: Avalugg
|-crit|p2a: Avalugg
|-damage|p2a: Avalugg|0 fnt
|-damage|p1a: Apernao 🔥|0 fnt|[from] item: Rocky Helmet|[of] p2a: Avalugg
|faint|p2a: Avalugg
|faint|p1a: Apernao 🔥
|
|upkeep
|
|t:|1779644014
|switch|p1a: Risk of what?|Pelipper, M, shiny|100/100
|switch|p2a: Kyurem|Kyurem|42/100
|-weather|RainDance|[from] ability: Drizzle|[of] p1a: Risk of what?
|turn|20
|
|t:|1779644017
|switch|p1a: Si|Hatterene, F, shiny|60/100
|move|p2a: Kyurem|Shadow Ball|p1a: Si
|-supereffective|p1a: Si
|-damage|p1a: Si|0 fnt
|faint|p1a: Si
|
|-weather|RainDance|[upkeep]
|upkeep
|
|t:|1779644022
|switch|p1a: Berdly|Quaquaval, M, shiny|100/100
|turn|21
|
|t:|1779644028
|-terastallize|p1a: Berdly|Water
|move|p2a: Kyurem|Protect|p2a: Kyurem
|-singleturn|p2a: Kyurem|Protect
|move|p1a: Berdly|Aqua Step|p2a: Kyurem
|-activate|p2a: Kyurem|move: Protect
|
|-weather|RainDance|[upkeep]
|upkeep
|turn|22
|
|t:|1779644048
|move|p2a: Kyurem|Shadow Ball|p1a: Berdly
|-damage|p1a: Berdly|47/100
|-unboost|p1a: Berdly|spd|1
|move|p1a: Berdly|Aqua Step|p2a: Kyurem
|-damage|p2a: Kyurem|0 fnt
|-boost|p1a: Berdly|spe|1
|replace|p2a: Zoroark|Zoroark-Hisui, M
|-end|p2a: Zoroark|Illusion
|faint|p2a: Zoroark
|-ability|p1a: Berdly|Moxie|boost
|-boost|p1a: Berdly|atk|1
|
|-weather|RainDance|[upkeep]
|upkeep
|
|t:|1779644051
|switch|p2a: Kyurem|Kyurem|100/100
|-ability|p2a: Kyurem|Pressure
|turn|23
|
|t:|1779644057
|switch|p1a: El papu|Slither Wing, shiny|84/100
|-terastallize|p2a: Kyurem|Ghost
|move|p2a: Kyurem|Freeze-Dry|p1a: El papu
|-damage|p1a: El papu|42/100
|
|-weather|RainDance|[upkeep]
|upkeep
|turn|24
|
|t:|1779644072
|move|p1a: El papu|First Impression|p2a: Kyurem
|-resisted|p2a: Kyurem
|-damage|p2a: Kyurem|58/100
|move|p2a: Kyurem|Freeze-Dry|p1a: El papu
|-damage|p1a: El papu|5/100
|
|-weather|RainDance|[upkeep]
|upkeep
|turn|25
|
|t:|1779644077
|-end|p1a: El papu|Protosynthesis|[silent]
|switch|p1a: Risk of what?|Pelipper, M, shiny|100/100
|move|p2a: Kyurem|Freeze-Dry|p1a: Risk of what?
|-supereffective|p1a: Risk of what?
|-damage|p1a: Risk of what?|0 fnt
|faint|p1a: Risk of what?
|
|-weather|RainDance|[upkeep]
|upkeep
|
|t:|1779644079
|switch|p1a: El papu|Slither Wing, shiny|5/100
|turn|26
|
|t:|1779644083
|move|p1a: El papu|First Impression|p2a: Kyurem
|-resisted|p2a: Kyurem
|-damage|p2a: Kyurem|14/100
|move|p2a: Kyurem|Freeze-Dry|p1a: El papu
|-damage|p1a: El papu|0 fnt
|faint|p1a: El papu
|-end|p1a: El papu|Protosynthesis|[silent]
|
|-weather|RainDance|[upkeep]
|upkeep
|
|t:|1779644085
|switch|p1a: Berdly|Quaquaval, M, shiny, tera:Water|47/100
|turn|27
|
|t:|1779644087
|move|p2a: Kyurem|Freeze-Dry|p1a: Berdly
|-supereffective|p1a: Berdly
|-damage|p1a: Berdly|0 fnt
|faint|p1a: Berdly
|
|win|Morthill
|raw|0c3an m4n's rating: 1485 &rarr; <strong>1463</strong><br />(-22 for losing)
|raw|Morthill's rating: 1447 &rarr; <strong>1469</strong><br />(+22 for winning)
|l|☆0c3an m4n
|player|p1|
|l|☆Morthill
|player|p2|
