|j|☆Kaltaris83
|j|☆jlsdfhpjksdhfni
|t:|1779674619
|gametype|singles
|player|p1|Kaltaris83|psychic|1552
|player|p2|jlsdfhpjksdhfni|170|1511
|gen|9
|tier|[Gen 9] OU
|rated|
|rule|HP Percentage Mod: HP is shown in percentages
|rule|Endless Battle Clause: Forcing endless battles is banned
|rule|Species Clause: Limit one of each Pokémon
|rule|OHKO Clause: OHKO moves are banned
|rule|Evasion Items Clause: Evasion items are banned
|rule|Evasion Moves Clause: Evasion moves are banned
|rule|Evasion Abilities Clause: Evasion abilities are banned
|rule|Sleep Moves Clause: Sleep-inducing moves are banned
|clearpoke
|poke|p1|Garchomp, M|
|poke|p1|Tyranitar, M|
|poke|p1|Skarmory, M|
|poke|p1|Moltres-Galar|
|poke|p1|Talonflame, M|
|poke|p1|Deoxys-Speed|
|poke|p2|Hoopa-Unbound|
|poke|p2|Zoroark-Hisui, M|
|poke|p2|Zapdos|
|poke|p2|Iron Treads|
|poke|p2|Iron Moth|
|poke|p2|Samurott-Hisui, M|
|teampreview
|inactive|Battle timer is ON: inactive players will automatically lose when time's up. (requested by Kaltaris83)
|inactive|jlsdfhpjksdhfni has 120 seconds left.
|
|t:|1779674657
|teamsize|p1|6
|teamsize|p2|6
|start
|switch|p1a: Garchomp|Garchomp, M|100/100
|switch|p2a: Iron Moth|Iron Moth|100/100
|turn|1
|
|t:|1779674667
|move|p2a: Iron Moth|Dazzling Gleam|p1a: Garchomp
|-supereffective|p1a: Garchomp
|-damage|p1a: Garchomp|5/100
|move|p1a: Garchomp|Earthquake|p2a: Iron Moth
|-supereffective|p2a: Iron Moth
|-damage|p2a: Iron Moth|0 fnt
|faint|p2a: Iron Moth
|-end|p2a: Iron Moth|Quark Drive|[silent]
|
|upkeep
|c|☆jlsdfhpjksdhfni|tank chomp isnt an exageration
|
|t:|1779674696
|switch|p2a: Samurott|Samurott-Hisui, M|100/100
|turn|2
|
|t:|1779674702
|move|p2a: Samurott|Ceaseless Edge|p1a: Garchomp
|-damage|p1a: Garchomp|0 fnt
|-damage|p2a: Samurott|88/100|[from] ability: Rough Skin|[of] p1a: Garchomp
|-sidestart|p1: Kaltaris83|Spikes
|faint|p1a: Garchomp
|
|upkeep
|
|t:|1779674704
|switch|p1a: Skarmory|Skarmory, M, shiny|100/100
|turn|3
|
|t:|1779674709
|switch|p2a: Zapdos|Zapdos|100/100
|move|p1a: Skarmory|Iron Defense|p1a: Skarmory
|-boost|p1a: Skarmory|def|2
|
|upkeep
|turn|4
|
|t:|1779674717
|switch|p1a: Tyranitar|Tyranitar, M, shiny|100/100
|-damage|p1a: Tyranitar|88/100|[from] Spikes
|-weather|Sandstorm|[from] ability: Sand Stream|[of] p1a: Tyranitar
|move|p2a: Zapdos|Volt Switch|p1a: Tyranitar
|-damage|p1a: Tyranitar|67/100
|
|t:|1779674725
|switch|p2a: Samurott|Samurott-Hisui, M|88/100|[from] Volt Switch
|
|-weather|Sandstorm|[upkeep]
|-damage|p2a: Samurott|82/100|[from] Sandstorm
|upkeep
|turn|5
|
|t:|1779674735
|move|p2a: Samurott|Sacred Sword|p1a: Tyranitar
|-supereffective|p1a: Tyranitar
|-damage|p1a: Tyranitar|0 fnt
|faint|p1a: Tyranitar
|
|-weather|Sandstorm|[upkeep]
|-damage|p2a: Samurott|76/100|[from] Sandstorm
|upkeep
|
|t:|1779674739
|switch|p1a: Talonflame|Talonflame, M|100/100
|turn|6
|
|t:|1779674745
|switch|p2a: Zapdos|Zapdos|100/100
|move|p1a: Talonflame|Defog|p2a: Zapdos
|-unboost|p2a: Zapdos|evasion|1
|-sideend|p1: Kaltaris83|Spikes|[from] move: Defog|[of] p1a: Talonflame
|
|-weather|Sandstorm|[upkeep]
|-damage|p1a: Talonflame|94/100|[from] Sandstorm
|-damage|p2a: Zapdos|94/100|[from] Sandstorm
|upkeep
|turn|7
|
|t:|1779674755
|move|p1a: Talonflame|Flare Blitz|p2a: Zapdos
|-damage|p2a: Zapdos|62/100
|-damage|p1a: Talonflame|81/100|[from] Recoil
|move|p2a: Zapdos|Discharge|p1a: Talonflame
|-supereffective|p1a: Talonflame
|-damage|p1a: Talonflame|0 fnt
|faint|p1a: Talonflame
|
|-weather|Sandstorm|[upkeep]
|-damage|p2a: Zapdos|56/100|[from] Sandstorm
|upkeep
|
|t:|1779674759
|switch|p1a: Deoxys|Deoxys-Speed|100/100
|-ability|p1a: Deoxys|Pressure
|turn|8
|
|t:|1779674765
|move|p1a: Deoxys|Meteor Beam||[still]
|-prepare|p1a: Deoxys|Meteor Beam
|-boost|p1a: Deoxys|spa|1
|-enditem|p1a: Deoxys|Power Herb
|-anim|p1a: Deoxys|Meteor Beam|p2a: Zapdos
|-supereffective|p2a: Zapdos
|-damage|p2a: Zapdos|0 fnt
|faint|p2a: Zapdos
|
|-weather|none
|upkeep
|
|t:|1779674775
|switch|p2a: Hoopa|Hoopa-Unbound|100/100
|turn|9
|
|t:|1779674785
|move|p1a: Deoxys|Thunder Wave|p2a: Hoopa|[miss]
|-miss|p1a: Deoxys|p2a: Hoopa
|move|p2a: Hoopa|Hyperspace Fury|p1a: Deoxys
|-supereffective|p1a: Deoxys
|-damage|p1a: Deoxys|0 fnt
|-unboost|p2a: Hoopa|def|1
|faint|p1a: Deoxys
|
|upkeep
|
|t:|1779674789
|switch|p1a: Skarmory|Skarmory, M, shiny|100/100
|turn|10
|
|t:|1779674793
|switch|p2a: Iron Treads|Iron Treads|100/100
|move|p1a: Skarmory|Iron Defense|p1a: Skarmory
|-boost|p1a: Skarmory|def|2
|
|upkeep
|turn|11
|
|t:|1779674800
|move|p2a: Iron Treads|Nasty Plot|p2a: Iron Treads
|-boost|p2a: Iron Treads|spa|2
|move|p1a: Skarmory|Body Press|p2a: Iron Treads
|-immune|p2a: Iron Treads
|
|upkeep
|turn|12
|
|t:|1779674804
|move|p2a: Iron Treads|Shadow Ball|p1a: Skarmory
|-ability|p1a: Skarmory|Sturdy
|-damage|p1a: Skarmory|1/100
|move|p1a: Skarmory|Drill Run|p2a: Iron Treads
|-damage|p2a: Iron Treads|71/100
|replace|p2a: Zoroark|Zoroark-Hisui, M
|-end|p2a: Zoroark|Illusion
|
|-heal|p1a: Skarmory|7/100|[from] item: Leftovers
|upkeep
|turn|13
|
|t:|1779674814
|move|p2a: Zoroark|Hyper Voice|p1a: Skarmory
|-resisted|p1a: Skarmory
|-damage|p1a: Skarmory|0 fnt
|faint|p1a: Skarmory
|
|upkeep
|
|t:|1779674817
|switch|p1a: Moltres|Moltres-Galar, shiny|100/100
|turn|14
|
|t:|1779674820
|move|p2a: Zoroark|Hyper Voice|p1a: Moltres
|-damage|p1a: Moltres|22/100
|-ability|p1a: Moltres|Berserk|boost
|-boost|p1a: Moltres|spa|1
|move|p1a: Moltres|Agility|p1a: Moltres
|-boost|p1a: Moltres|spe|2
|
|upkeep
|turn|15
|
|t:|1779674845
|move|p1a: Moltres|Fiery Wrath|p2a: Zoroark
|-supereffective|p2a: Zoroark
|-damage|p2a: Zoroark|0 fnt
|faint|p2a: Zoroark
|
|upkeep
|
|t:|1779674854
|switch|p2a: Hoopa|Hoopa-Unbound|100/100
|turn|16
|
|t:|1779674858
|-terastallize|p1a: Moltres|Stellar
|move|p1a: Moltres|Fiery Wrath|p2a: Hoopa
|-damage|p2a: Hoopa|28/100
|move|p2a: Hoopa|Hyperspace Fury|p1a: Moltres
|-resisted|p1a: Moltres
|-damage|p1a: Moltres|0 fnt
|-unboost|p2a: Hoopa|def|1
|faint|p1a: Moltres
|
|win|jlsdfhpjksdhfni
|raw|Kaltaris83's rating: 1552 &rarr; <strong>1530</strong><br />(-22 for losing)
|raw|jlsdfhpjksdhfni's rating: 1511 &rarr; <strong>1533</strong><br />(+22 for winning)
|l|☆Kaltaris83
|player|p1|
|c|☆jlsdfhpjksdhfni|gg
|l|☆jlsdfhpjksdhfni
|player|p2|
