|j|☆tidou21
|j|☆P4SSI0N熱情
|t:|1779563932
|gametype|singles
|player|p1|tidou21|blackbelt-gen4dp|1221
|player|p2|P4SSI0N熱情|2|1236
|gen|9
|tier|[Gen 9] OU
|rated|
|rule|HP Percentage Mod: HP is shown in percentages
|rule|Endless Battle Clause: Forcing endless battles is banned
|rule|Species Clause: Limit one of each Pokémon
|rule|OHKO Clause: OHKO moves are banned
|rule|Evasion Items Clause: Evasion items are banned
|rule|Evasion Moves Clause: Evasion moves are banned
|rule|Evasion Abilities Clause: Evasion abilities are banned
|rule|Sleep Moves Clause: Sleep-inducing moves are banned
|clearpoke
|poke|p1|Azumarill, F|
|poke|p1|Glimmora, F|
|poke|p1|Dragonite, F|
|poke|p1|Zamazenta-*|
|poke|p1|Hoopa-Unbound|
|poke|p1|Slowking-Galar, M|
|poke|p2|Swampert, F|
|poke|p2|Quagsire, M|
|poke|p2|Gastrodon, F|
|poke|p2|Azumarill, F|
|poke|p2|Whiscash, M|
|poke|p2|Ditto|
|teampreview
|inactive|Battle timer is ON: inactive players will automatically lose when time's up. (requested by P4SSI0N熱情)
|
|t:|1779563937
|teamsize|p1|6
|teamsize|p2|6
|start
|switch|p1a: Glimmora|Glimmora, F, shiny|100/100
|switch|p2a: Swampert|Swampert, F|100/100
|turn|1
|
|t:|1779563944
|move|p1a: Glimmora|Stealth Rock|p2a: Swampert
|-sidestart|p2: P4SSI0N熱情|move: Stealth Rock
|move|p2a: Swampert|Stealth Rock|p1a: Glimmora
|-sidestart|p1: tidou21|move: Stealth Rock
|
|upkeep
|turn|2
|
|t:|1779563950
|switch|p2a: Gastrodon|Gastrodon, F|100/100
|-damage|p2a: Gastrodon|94/100|[from] Stealth Rock
|move|p1a: Glimmora|Mortal Spin|p2a: Gastrodon
|-resisted|p2a: Gastrodon
|-damage|p2a: Gastrodon|91/100
|-sideend|p1: tidou21|Stealth Rock|[from] move: Mortal Spin|[of] p1a: Glimmora
|
|upkeep
|turn|3
|
|t:|1779563969
|move|p1a: Glimmora|Dazzling Gleam|p2a: Gastrodon
|-crit|p2a: Gastrodon
|-damage|p2a: Gastrodon|64/100
|move|p2a: Gastrodon|Earth Power|p1a: Glimmora
|-supereffective|p1a: Glimmora
|-enditem|p1a: Glimmora|Focus Sash
|-damage|p1a: Glimmora|1/100
|
|upkeep
|turn|4
|
|t:|1779563984
|move|p1a: Glimmora|Mortal Spin|p2a: Gastrodon
|-resisted|p2a: Gastrodon
|-damage|p2a: Gastrodon|61/100
|move|p2a: Gastrodon|Recover|p2a: Gastrodon
|-heal|p2a: Gastrodon|100/100
|
|upkeep
|turn|5
|
|t:|1779563997
|move|p1a: Glimmora|Dazzling Gleam|p2a: Gastrodon
|-damage|p2a: Gastrodon|82/100
|move|p2a: Gastrodon|Earth Power|p1a: Glimmora
|-supereffective|p1a: Glimmora
|-damage|p1a: Glimmora|0 fnt
|faint|p1a: Glimmora
|
|upkeep
|
|t:|1779564014
|switch|p1a: Azumarill|Azumarill, F, shiny|100/100
|turn|6
|
|t:|1779564023
|move|p1a: Azumarill|Belly Drum|p1a: Azumarill
|-damage|p1a: Azumarill|50/100
|-setboost|p1a: Azumarill|atk|6|[from] move: Belly Drum
|-enditem|p1a: Azumarill|Sitrus Berry|[eat]
|-heal|p1a: Azumarill|75/100|[from] item: Sitrus Berry
|move|p2a: Gastrodon|Earth Power|p1a: Azumarill
|-damage|p1a: Azumarill|44/100
|
|upkeep
|turn|7
|
|t:|1779564033
|move|p1a: Azumarill|Play Rough|p2a: Gastrodon
|-damage|p2a: Gastrodon|0 fnt
|faint|p2a: Gastrodon
|
|upkeep
|
|t:|1779564037
|switch|p2a: Quagsire|Quagsire, M|100/100
|turn|8
|
|t:|1779564044
|move|p1a: Azumarill|Play Rough|p2a: Quagsire
|-damage|p2a: Quagsire|60/100
|move|p2a: Quagsire|Earthquake|p1a: Azumarill
|-damage|p1a: Azumarill|17/100
|
|upkeep
|turn|9
|
|t:|1779564058
|move|p1a: Azumarill|Encore|p2a: Quagsire
|-start|p2a: Quagsire|Encore
|move|p2a: Quagsire|Earthquake|p1a: Azumarill
|-damage|p1a: Azumarill|0 fnt
|faint|p1a: Azumarill
|
|upkeep
|
|t:|1779564065
|switch|p1a: Dragonite|Dragonite, F|100/100
|turn|10
|
|t:|1779564071
|switch|p2a: Swampert|Swampert, F|100/100
|-damage|p2a: Swampert|94/100|[from] Stealth Rock
|move|p1a: Dragonite|Dragon Dance|p1a: Dragonite
|-boost|p1a: Dragonite|atk|1
|-boost|p1a: Dragonite|spe|1
|
|-heal|p2a: Swampert|100/100|[from] item: Leftovers
|upkeep
|turn|11
|
|t:|1779564082
|move|p1a: Dragonite|Dragon Dance|p1a: Dragonite
|-boost|p1a: Dragonite|atk|1
|-boost|p1a: Dragonite|spe|1
|move|p2a: Swampert|Smack Down|p1a: Dragonite
|-supereffective|p1a: Dragonite
|-damage|p1a: Dragonite|84/100
|-start|p1a: Dragonite|Smack Down
|
|upkeep
|turn|12
|
|t:|1779564098
|-terastallize|p1a: Dragonite|Normal
|move|p1a: Dragonite|Extreme Speed|p2a: Swampert
|-damage|p2a: Swampert|10/100
|move|p2a: Swampert|Earthquake|p1a: Dragonite
|-damage|p1a: Dragonite|32/100
|
|-heal|p2a: Swampert|17/100|[from] item: Leftovers
|upkeep
|turn|13
|
|t:|1779564109
|move|p1a: Dragonite|Extreme Speed|p2a: Swampert
|-damage|p2a: Swampert|0 fnt
|faint|p2a: Swampert
|
|upkeep
|
|t:|1779564113
|switch|p2a: Ditto|Ditto|100/100
|-damage|p2a: Ditto|88/100|[from] Stealth Rock
|-transform|p2a: Ditto|p1a: Dragonite|[from] ability: Imposter
|-start|p2a: Ditto|typechange|Dragon/Flying|[silent]
|turn|14
|
|t:|1779564127
|move|p1a: Dragonite|Protect|p1a: Dragonite
|-singleturn|p1a: Dragonite|Protect
|move|p2a: Ditto|Earthquake|p1a: Dragonite
|-activate|p1a: Dragonite|move: Protect
|
|upkeep
|turn|15
|
|t:|1779564133
|move|p1a: Dragonite|Extreme Speed|p2a: Ditto
|-damage|p2a: Ditto|0 fnt
|faint|p2a: Ditto
|
|upkeep
|
|t:|1779564141
|switch|p2a: Quagsire|Quagsire, M|60/100
|turn|16
|
|t:|1779564150
|move|p1a: Dragonite|Protect|p1a: Dragonite
|-singleturn|p1a: Dragonite|Protect
|move|p2a: Quagsire|Earthquake|p1a: Dragonite
|-activate|p1a: Dragonite|move: Protect
|
|upkeep
|turn|17
|
|t:|1779564156
|move|p1a: Dragonite|Extreme Speed|p2a: Quagsire
|-crit|p2a: Quagsire
|-damage|p2a: Quagsire|15/100
|move|p2a: Quagsire|Earthquake|p1a: Dragonite
|-damage|p1a: Dragonite|3/100
|
|upkeep
|turn|18
|
|t:|1779564167
|move|p1a: Dragonite|Extreme Speed|p2a: Quagsire
|-damage|p2a: Quagsire|0 fnt
|faint|p2a: Quagsire
|
|upkeep
|
|t:|1779564172
|switch|p2a: Azumarill|Azumarill, F|100/100
|-damage|p2a: Azumarill|88/100|[from] Stealth Rock
|turn|19
|
|t:|1779564181
|move|p1a: Dragonite|Extreme Speed|p2a: Azumarill
|-damage|p2a: Azumarill|0 fnt
|faint|p2a: Azumarill
|
|upkeep
|
|t:|1779564185
|switch|p2a: Whiscash|Whiscash, M|100/100
|-damage|p2a: Whiscash|94/100|[from] Stealth Rock
|turn|20
|
|t:|1779564190
|move|p1a: Dragonite|Extreme Speed|p2a: Whiscash
|-damage|p2a: Whiscash|0 fnt
|faint|p2a: Whiscash
|
|win|tidou21
|raw|tidou21's rating: 1221 &rarr; <strong>1247</strong><br />(+26 for winning)
|raw|P4SSI0N熱情's rating: 1236 &rarr; <strong>1210</strong><br />(-26 for losing)
|l|☆P4SSI0N熱情
|player|p2|
|l|☆tidou21
|player|p1|
