|j|☆ghidorahstan69
|j|☆ilikepros_12
|t:|1779635225
|gametype|singles
|player|p1|ghidorahstan69|ghetsis|1086
|player|p2|ilikepros_12|265|1099
|gen|9
|tier|[Gen 9] OU
|rated|
|rule|HP Percentage Mod: HP is shown in percentages
|rule|Endless Battle Clause: Forcing endless battles is banned
|rule|Species Clause: Limit one of each Pokémon
|rule|OHKO Clause: OHKO moves are banned
|rule|Evasion Items Clause: Evasion items are banned
|rule|Evasion Moves Clause: Evasion moves are banned
|rule|Evasion Abilities Clause: Evasion abilities are banned
|rule|Sleep Moves Clause: Sleep-inducing moves are banned
|clearpoke
|poke|p1|Necrozma|
|poke|p1|Corviknight, M|
|poke|p1|Iron Jugulis|
|poke|p1|Salamence, M|
|poke|p1|Garchomp, F|
|poke|p1|Porygon-Z|
|poke|p2|Hatterene, F|
|poke|p2|Deoxys-Defense|
|poke|p2|Alomomola, M|
|poke|p2|Garganacl, F|
|poke|p2|Sableye, F|
|poke|p2|Corviknight, M|
|teampreview
|inactive|Battle timer is ON: inactive players will automatically lose when time's up. (requested by ghidorahstan69)
|
|t:|1779635236
|teamsize|p1|6
|teamsize|p2|6
|start
|switch|p1a: Garchomp|Garchomp, F|100/100
|switch|p2a: Sableye|Sableye, F|100/100
|turn|1
|
|t:|1779635240
|switch|p1a: Porygon-Z|Porygon-Z, shiny|100/100
|move|p2a: Sableye|Will-O-Wisp|p1a: Porygon-Z
|-status|p1a: Porygon-Z|brn
|
|-damage|p1a: Porygon-Z|94/100 brn|[from] brn
|upkeep
|turn|2
|
|t:|1779635251
|move|p1a: Porygon-Z|Agility|p1a: Porygon-Z
|-boost|p1a: Porygon-Z|spe|2
|move|p2a: Sableye|Knock Off|p1a: Porygon-Z
|-damage|p1a: Porygon-Z|55/100 brn
|-enditem|p1a: Porygon-Z|Spell Tag|[from] move: Knock Off|[of] p2a: Sableye
|
|-damage|p1a: Porygon-Z|49/100 brn|[from] brn
|upkeep
|turn|3
|
|t:|1779635265
|switch|p2a: Corviknight|Corviknight, M|100/100
|-ability|p2a: Corviknight|Pressure
|move|p1a: Porygon-Z|Shadow Ball|p2a: Corviknight
|-damage|p2a: Corviknight|70/100
|
|-heal|p2a: Corviknight|76/100|[from] item: Leftovers
|-damage|p1a: Porygon-Z|43/100 brn|[from] brn
|upkeep
|turn|4
|l|☆ilikepros_12
|inactive|ilikepros_12 disconnected and has a minute to reconnect!
|player|p2|
|j|☆ilikepros_12
|inactive|ilikepros_12 reconnected and has 130 seconds left.
|player|p2|ilikepros_12|265|
|
|t:|1779635294
|move|p1a: Porygon-Z|Tri Attack|p2a: Corviknight
|-resisted|p2a: Corviknight
|-damage|p2a: Corviknight|47/100
|-status|p2a: Corviknight|frz
|cant|p2a: Corviknight|frz
|
|-heal|p2a: Corviknight|53/100 frz|[from] item: Leftovers
|-damage|p1a: Porygon-Z|37/100 brn|[from] brn
|upkeep
|turn|5
|
|t:|1779635302
|move|p1a: Porygon-Z|Shadow Ball|p2a: Corviknight
|-damage|p2a: Corviknight|25/100 frz
|-curestatus|p2a: Corviknight|frz|[msg]
|move|p2a: Corviknight|Drill Peck|p1a: Porygon-Z
|-damage|p1a: Porygon-Z|0 fnt
|faint|p1a: Porygon-Z
|
|-heal|p2a: Corviknight|31/100|[from] item: Leftovers
|upkeep
|
|t:|1779635310
|switch|p1a: Garchomp|Garchomp, F|100/100
|turn|6
|l|☆ilikepros_12
|inactive|ilikepros_12 disconnected and has a minute to reconnect!
|player|p2|
|j|☆ilikepros_12
|inactive|ilikepros_12 reconnected and has 125 seconds left.
|player|p2|ilikepros_12|265|
|
|t:|1779635334
|move|p1a: Garchomp|Swords Dance|p1a: Garchomp
|-boost|p1a: Garchomp|atk|2
|move|p2a: Corviknight|Roost|p2a: Corviknight
|-heal|p2a: Corviknight|81/100
|-singleturn|p2a: Corviknight|move: Roost
|
|-heal|p2a: Corviknight|87/100|[from] item: Leftovers
|upkeep
|turn|7
|
|t:|1779635343
|switch|p2a: Sableye|Sableye, F|100/100
|move|p1a: Garchomp|Scale Shot|p2a: Sableye
|-damage|p2a: Sableye|63/100
|-damage|p2a: Sableye|25/100
|-damage|p2a: Sableye|0 fnt
|faint|p2a: Sableye
|-hitcount|p2: Sableye|3
|-unboost|p1a: Garchomp|def|1
|-boost|p1a: Garchomp|spe|1
|
|upkeep
|
|t:|1779635352
|switch|p2a: Hatterene|Hatterene, F|100/100
|turn|8
|
|t:|1779635358
|-terastallize|p1a: Garchomp|Fairy
|move|p1a: Garchomp|Iron Head|p2a: Hatterene
|-supereffective|p2a: Hatterene
|-damage|p2a: Hatterene|0 fnt
|faint|p2a: Hatterene
|
|upkeep
|
|t:|1779635363
|switch|p2a: Garganacl|Garganacl, F|100/100
|turn|9
|
|t:|1779635367
|move|p1a: Garchomp|Earthquake|p2a: Garganacl
|-supereffective|p2a: Garganacl
|-damage|p2a: Garganacl|0 fnt
|faint|p2a: Garganacl
|
|upkeep
|
|t:|1779635371
|switch|p2a: Alomomola|Alomomola, M|100/100
|turn|10
|
|t:|1779635377
|move|p1a: Garchomp|Scale Shot|p2a: Alomomola
|-crit|p2a: Alomomola
|-damage|p2a: Alomomola|74/100
|-damage|p2a: Alomomola|58/100
|-damage|p2a: Alomomola|40/100
|-damage|p2a: Alomomola|22/100
|-damage|p2a: Alomomola|4/100
|-hitcount|p2a: Alomomola|5
|-unboost|p1a: Garchomp|def|1
|-boost|p1a: Garchomp|spe|1
|move|p2a: Alomomola|Liquidation|p1a: Garchomp
|-damage|p1a: Garchomp|44/100
|-unboost|p1a: Garchomp|def|1
|-damage|p2a: Alomomola|0 fnt|[from] ability: Rough Skin|[of] p1a: Garchomp
|faint|p2a: Alomomola
|
|upkeep
|-message|ilikepros_12 forfeited.
|
|win|ghidorahstan69
|raw|ghidorahstan69's rating: 1086 &rarr; <strong>1114</strong><br />(+28 for winning)
|raw|ilikepros_12's rating: 1099 &rarr; <strong>1073</strong><br />(-26 for losing)
|l|☆ilikepros_12
|player|p2|
|l|☆ghidorahstan69
|player|p1|
