|j|☆blah0blah1blah2
|j|☆merlin sword
|t:|1779715561
|gametype|singles
|player|p1|blah0blah1blah2|1|1471
|player|p2|merlin sword|hiker-gen4|1515
|gen|9
|tier|[Gen 9] OU
|rated|
|rule|HP Percentage Mod: HP is shown in percentages
|rule|Endless Battle Clause: Forcing endless battles is banned
|rule|Species Clause: Limit one of each Pokémon
|rule|OHKO Clause: OHKO moves are banned
|rule|Evasion Items Clause: Evasion items are banned
|rule|Evasion Moves Clause: Evasion moves are banned
|rule|Evasion Abilities Clause: Evasion abilities are banned
|rule|Sleep Moves Clause: Sleep-inducing moves are banned
|clearpoke
|poke|p1|Regidrago|
|poke|p1|Regieleki|
|poke|p1|Iron Treads|
|poke|p1|Primarina, F|
|poke|p1|Dragonite, M|
|poke|p1|Azelf|
|poke|p2|Dragonite, F|
|poke|p2|Hatterene, F|
|poke|p2|Weavile, M|
|poke|p2|Ogerpon-Wellspring, F|
|poke|p2|Kingambit, F|
|poke|p2|Great Tusk|
|teampreview
|inactive|Battle timer is ON: inactive players will automatically lose when time's up. (requested by blah0blah1blah2)
|
|t:|1779715579
|teamsize|p1|6
|teamsize|p2|6
|start
|switch|p1a: Azelf|Azelf|100/100
|switch|p2a: Weavile|Weavile, M|100/100
|turn|1
|
|t:|1779715604
|switch|p1a: Iron Treads|Iron Treads|100/100
|move|p2a: Weavile|Beat Up|p1a: Iron Treads
|-damage|p1a: Iron Treads|94/100
|-damage|p1a: Iron Treads|89/100
|-damage|p1a: Iron Treads|81/100
|-damage|p1a: Iron Treads|74/100
|-damage|p1a: Iron Treads|67/100
|-damage|p1a: Iron Treads|59/100
|-hitcount|p1a: Iron Treads|6
|
|upkeep
|turn|2
|inactive|blah0blah1blah2 has 120 seconds left.
|
|t:|1779715624
|move|p2a: Weavile|Low Kick|p1a: Iron Treads
|-supereffective|p1a: Iron Treads
|-damage|p1a: Iron Treads|1/100
|-damage|p2a: Weavile|84/100|[from] item: Rocky Helmet|[of] p1a: Iron Treads
|move|p1a: Iron Treads|Knock Off|p2a: Weavile
|-resisted|p2a: Weavile
|-damage|p2a: Weavile|63/100
|-enditem|p2a: Weavile|Focus Sash|[from] move: Knock Off|[of] p1a: Iron Treads
|-enditem|p1a: Iron Treads|Rocky Helmet|[silent]|[from] ability: Pickpocket|[of] p1a: Iron Treads
|-item|p2a: Weavile|Rocky Helmet|[from] ability: Pickpocket|[of] p1a: Iron Treads
|
|upkeep
|turn|3
|inactive|blah0blah1blah2 has 120 seconds left.
|
|t:|1779715639
|-end|p1a: Iron Treads|Quark Drive|[silent]
|switch|p1a: Dragonite|Dragonite, M|100/100
|move|p2a: Weavile|Beat Up|p1a: Dragonite
|-damage|p1a: Dragonite|96/100
|-damage|p1a: Dragonite|87/100
|-damage|p1a: Dragonite|78/100
|-damage|p1a: Dragonite|69/100
|-damage|p1a: Dragonite|58/100
|-damage|p1a: Dragonite|48/100
|-hitcount|p1a: Dragonite|6
|
|upkeep
|turn|4
|inactive|blah0blah1blah2 has 120 seconds left.
|
|t:|1779715647
|-terastallize|p1a: Dragonite|Normal
|move|p1a: Dragonite|Extreme Speed|p2a: Weavile
|-damage|p2a: Weavile|0 fnt
|-damage|p1a: Dragonite|31/100|[from] item: Rocky Helmet|[of] p2a: Weavile
|faint|p2a: Weavile
|
|upkeep
|
|t:|1779715676
|switch|p2a: Dragonite|Dragonite, F|100/100
|turn|5
|
|t:|1779715691
|switch|p1a: Iron Treads|Iron Treads|1/100
|-terastallize|p2a: Dragonite|Ghost
|move|p2a: Dragonite|Dragon Dance|p2a: Dragonite
|-boost|p2a: Dragonite|atk|1
|-boost|p2a: Dragonite|spe|1
|
|upkeep
|turn|6
|
|t:|1779715700
|move|p2a: Dragonite|Earthquake|p1a: Iron Treads
|-supereffective|p1a: Iron Treads
|-damage|p1a: Iron Treads|0 fnt
|faint|p1a: Iron Treads
|-end|p1a: Iron Treads|Quark Drive|[silent]
|
|upkeep
|
|t:|1779715710
|switch|p1a: Regieleki|Regieleki|100/100
|turn|7
|
|t:|1779715717
|move|p1a: Regieleki|Volt Switch|p2a: Dragonite
|-damage|p2a: Dragonite|75/100
|-damage|p1a: Regieleki|91/100|[from] item: Life Orb
|
|t:|1779715721
|switch|p1a: Azelf|Azelf|100/100|[from] Volt Switch
|move|p2a: Dragonite|Dragon Dance|p2a: Dragonite
|-boost|p2a: Dragonite|atk|1
|-boost|p2a: Dragonite|spe|1
|
|-heal|p2a: Dragonite|81/100|[from] item: Leftovers
|upkeep
|turn|8
|
|t:|1779715741
|move|p2a: Dragonite|Ice Spinner|p1a: Azelf
|-damage|p1a: Azelf|15/100
|move|p1a: Azelf|Psychic|p2a: Dragonite
|-damage|p2a: Dragonite|34/100
|
|-heal|p2a: Dragonite|40/100|[from] item: Leftovers
|upkeep
|turn|9
|
|t:|1779715748
|move|p2a: Dragonite|Ice Spinner|p1a: Azelf
|-damage|p1a: Azelf|0 fnt
|faint|p1a: Azelf
|
|-heal|p2a: Dragonite|46/100|[from] item: Leftovers
|upkeep
|
|t:|1779715758
|switch|p1a: Regieleki|Regieleki|91/100
|turn|10
|
|t:|1779715762
|move|p2a: Dragonite|Earthquake|p1a: Regieleki
|-supereffective|p1a: Regieleki
|-damage|p1a: Regieleki|0 fnt
|faint|p1a: Regieleki
|
|-heal|p2a: Dragonite|53/100|[from] item: Leftovers
|upkeep
|
|t:|1779715770
|switch|p1a: Primarina|Primarina, F|100/100
|turn|11
|
|t:|1779715773
|move|p2a: Dragonite|Earthquake|p1a: Primarina
|-damage|p1a: Primarina|15/100
|move|p1a: Primarina|Moonblast|p2a: Dragonite
|-damage|p2a: Dragonite|0 fnt
|faint|p2a: Dragonite
|
|upkeep
|
|t:|1779715785
|switch|p2a: Ogerpon|Ogerpon-Wellspring, F|100/100
|turn|12
|
|t:|1779715788
|move|p2a: Ogerpon|Ivy Cudgel|p1a: Primarina|[anim] Ivy Cudgel Water
|-resisted|p1a: Primarina
|-damage|p1a: Primarina|0 fnt
|faint|p1a: Primarina
|
|upkeep
|
|t:|1779715794
|switch|p1a: Regidrago|Regidrago|100/100
|turn|13
|
|t:|1779715798
|move|p1a: Regidrago|Dragon Energy|p2a: Ogerpon
|-damage|p2a: Ogerpon|0 fnt
|faint|p2a: Ogerpon
|
|upkeep
|
|t:|1779715804
|switch|p2a: Hatterene|Hatterene, F|100/100
|turn|14
|
|t:|1779715810
|move|p1a: Regidrago|Dragon Energy|p2a: Hatterene
|-immune|p2a: Hatterene
|move|p2a: Hatterene|Psychic Noise|p1a: Regidrago
|-damage|p1a: Regidrago|63/100
|-start|p1a: Regidrago|move: Heal Block
|
|upkeep
|turn|15
|
|t:|1779715813
|move|p1a: Regidrago|Dragon Energy|p2a: Hatterene
|-immune|p2a: Hatterene
|move|p2a: Hatterene|Psychic Noise|p1a: Regidrago
|-damage|p1a: Regidrago|29/100
|
|-end|p1a: Regidrago|move: Heal Block
|upkeep
|turn|16
|
|t:|1779715815
|move|p1a: Regidrago|Dragon Energy|p2a: Hatterene
|-immune|p2a: Hatterene
|move|p2a: Hatterene|Psychic Noise|p1a: Regidrago
|-damage|p1a: Regidrago|0 fnt
|faint|p1a: Regidrago
|
|upkeep
|
|t:|1779715817
|switch|p1a: Dragonite|Dragonite, M, tera:Normal|31/100
|turn|17
|
|t:|1779715821
|move|p1a: Dragonite|Roost|p1a: Dragonite
|-heal|p1a: Dragonite|81/100
|move|p2a: Hatterene|Nuzzle|p1a: Dragonite
|-crit|p1a: Dragonite
|-damage|p1a: Dragonite|75/100
|-status|p1a: Dragonite|par
|
|upkeep
|turn|18
|
|t:|1779715826
|move|p1a: Dragonite|Dragon Dance|p1a: Dragonite
|-boost|p1a: Dragonite|atk|1
|-boost|p1a: Dragonite|spe|1
|move|p2a: Hatterene|Healing Wish|p2a: Hatterene
|faint|p2a: Hatterene
|
|upkeep
|
|t:|1779715829
|switch|p2a: Great Tusk|Great Tusk|100/100
|turn|19
|
|t:|1779715839
|cant|p1a: Dragonite|par
|move|p2a: Great Tusk|Rapid Spin|p1a: Dragonite
|-damage|p1a: Dragonite|56/100 par
|-boost|p2a: Great Tusk|spe|1
|
|upkeep
|turn|20
|
|t:|1779715843
|move|p1a: Dragonite|Extreme Speed|p2a: Great Tusk
|-damage|p2a: Great Tusk|48/100
|move|p2a: Great Tusk|Close Combat|p1a: Dragonite
|-supereffective|p1a: Dragonite
|-damage|p1a: Dragonite|0 fnt
|-unboost|p2a: Great Tusk|def|1
|-unboost|p2a: Great Tusk|spd|1
|faint|p1a: Dragonite
|
|win|merlin sword
|raw|blah0blah1blah2's rating: 1471 &rarr; <strong>1454</strong><br />(-17 for losing)
|raw|merlin sword's rating: 1515 &rarr; <strong>1532</strong><br />(+17 for winning)
|l|☆merlin sword
|player|p2|
|l|☆blah0blah1blah2
|player|p1|
