|j|☆teamofgoofygoobers
|j|☆El-Lindo
|t:|1779571134
|gametype|singles
|player|p1|teamofgoofygoobers|cilan|1186
|player|p2|El-Lindo|266|1176
|gen|9
|tier|[Gen 9] OU
|rated|
|rule|HP Percentage Mod: HP is shown in percentages
|rule|Endless Battle Clause: Forcing endless battles is banned
|rule|Species Clause: Limit one of each Pokémon
|rule|OHKO Clause: OHKO moves are banned
|rule|Evasion Items Clause: Evasion items are banned
|rule|Evasion Moves Clause: Evasion moves are banned
|rule|Evasion Abilities Clause: Evasion abilities are banned
|rule|Sleep Moves Clause: Sleep-inducing moves are banned
|clearpoke
|poke|p1|Ninetales-Alola, M|
|poke|p1|Beartic, F|
|poke|p1|Crabominable, F|
|poke|p1|Slowking-Galar, F|
|poke|p1|Alomomola, F|
|poke|p1|Avalugg, F|
|poke|p2|Iron Moth|
|poke|p2|Gliscor, F|
|poke|p2|Hatterene, F|
|poke|p2|Ogerpon-Wellspring, F|
|poke|p2|Raging Bolt|
|poke|p2|Zamazenta-*|
|teampreview
|
|t:|1779571139
|teamsize|p1|6
|teamsize|p2|6
|start
|switch|p1a: Slowking|Slowking-Galar, F|100/100
|switch|p2a: Gliscor|Gliscor, F|100/100
|turn|1
|
|t:|1779571145
|move|p2a: Gliscor|Earthquake|p1a: Slowking
|-supereffective|p1a: Slowking
|-damage|p1a: Slowking|12/100
|move|p1a: Slowking|Trick Room|p1a: Slowking
|-fieldstart|move: Trick Room|[of] p1a: Slowking
|
|-status|p2a: Gliscor|tox|[from] item: Toxic Orb
|upkeep
|turn|2
|
|t:|1779571147
|-prepare|p1a: Slowking|Chilly Reception|[premajor]
|move|p1a: Slowking|Chilly Reception|p1a: Slowking
|-weather|Snowscape
|
|t:|1779571151
|switch|p1a: Crab|Crabominable, F|100/100|[from] Chilly Reception
|move|p2a: Gliscor|Earthquake|p1a: Crab
|-damage|p1a: Crab|69/100
|
|-weather|Snowscape|[upkeep]
|upkeep
|turn|3
|
|t:|1779571165
|switch|p2a: Zamazenta|Zamazenta|100/100
|-ability|p2a: Zamazenta|Dauntless Shield|boost
|-boost|p2a: Zamazenta|def|1
|move|p1a: Crab|Ice Hammer|p2a: Zamazenta
|-damage|p2a: Zamazenta|65/100
|-unboost|p1a: Crab|spe|1
|
|-weather|Snowscape|[upkeep]
|upkeep
|turn|4
|
|t:|1779571184
|switch|p1a: Avalugg|Avalugg, F|100/100
|move|p2a: Zamazenta|Reflect|p2a: Zamazenta
|-sidestart|p2: El-Lindo|Reflect
|
|-weather|Snowscape|[upkeep]
|upkeep
|turn|5
|
|t:|1779571190
|move|p1a: Avalugg|Iron Defense|p1a: Avalugg
|-boost|p1a: Avalugg|def|2
|move|p2a: Zamazenta|Close Combat|p1a: Avalugg
|-supereffective|p1a: Avalugg
|-damage|p1a: Avalugg|87/100
|-unboost|p2a: Zamazenta|def|1
|-unboost|p2a: Zamazenta|spd|1
|
|-weather|Snowscape|[upkeep]
|-heal|p1a: Avalugg|93/100|[from] ability: Ice Body
|-heal|p1a: Avalugg|99/100|[from] item: Leftovers
|-fieldend|move: Trick Room
|upkeep
|turn|6
|
|t:|1779571200
|move|p2a: Zamazenta|Close Combat|p1a: Avalugg
|-supereffective|p1a: Avalugg
|-damage|p1a: Avalugg|85/100
|-unboost|p2a: Zamazenta|def|1
|-unboost|p2a: Zamazenta|spd|1
|move|p1a: Avalugg|Iron Defense|p1a: Avalugg
|-boost|p1a: Avalugg|def|2
|
|-weather|Snowscape|[upkeep]
|-heal|p1a: Avalugg|91/100|[from] ability: Ice Body
|-heal|p1a: Avalugg|97/100|[from] item: Leftovers
|upkeep
|turn|7
|
|t:|1779571211
|move|p2a: Zamazenta|Close Combat|p1a: Avalugg
|-supereffective|p1a: Avalugg
|-damage|p1a: Avalugg|88/100
|-unboost|p2a: Zamazenta|def|1
|-unboost|p2a: Zamazenta|spd|1
|move|p1a: Avalugg|Body Press|p2a: Zamazenta
|-damage|p2a: Zamazenta|0 fnt
|faint|p2a: Zamazenta
|
|-weather|Snowscape|[upkeep]
|-heal|p1a: Avalugg|94/100|[from] ability: Ice Body
|-heal|p1a: Avalugg|99/100|[from] item: Leftovers
|upkeep
|
|t:|1779571216
|switch|p2a: Iron Moth|Iron Moth|100/100
|-enditem|p2a: Iron Moth|Booster Energy
|-activate|p2a: Iron Moth|ability: Quark Drive|[fromitem]
|-start|p2a: Iron Moth|quarkdrivespe
|turn|8
|
|t:|1779571227
|switch|p1a: Alomomola|Alomomola, F|100/100
|move|p2a: Iron Moth|Fiery Dance|p1a: Alomomola
|-resisted|p1a: Alomomola
|-damage|p1a: Alomomola|77/100
|
|-weather|Snowscape|[upkeep]
|-heal|p1a: Alomomola|84/100|[from] item: Leftovers
|upkeep
|turn|9
|
|t:|1779571235
|move|p2a: Iron Moth|Toxic Spikes|p1a: Alomomola
|-sidestart|p1: teamofgoofygoobers|move: Toxic Spikes
|move|p1a: Alomomola|Wish|p1a: Alomomola
|
|-weather|none
|-heal|p1a: Alomomola|90/100|[from] item: Leftovers
|upkeep
|turn|10
|
|t:|1779571241
|move|p2a: Iron Moth|Sludge Wave|p1a: Alomomola
|-damage|p1a: Alomomola|33/100
|move|p1a: Alomomola|Flip Turn|p2a: Iron Moth
|-supereffective|p2a: Iron Moth
|-damage|p2a: Iron Moth|73/100
|
|t:|1779571254
|switch|p1a: Slowking|Slowking-Galar, F|45/100|[from] Flip Turn
|-sideend|p1: teamofgoofygoobers|move: Toxic Spikes|[of] p1a: Slowking
|
|-heal|p1a: Slowking|100/100|[from] move: Wish|[wisher] Alomomola
|upkeep
|turn|11
|
|t:|1779571278
|move|p2a: Iron Moth|Fiery Dance|p1a: Slowking
|-damage|p1a: Slowking|78/100
|-prepare|p1a: Slowking|Chilly Reception|[premajor]
|move|p1a: Slowking|Chilly Reception|p1a: Slowking
|-weather|Snowscape
|
|t:|1779571285
|switch|p1a: Girth Quake|Beartic, F|100/100|[from] Chilly Reception
|
|-weather|Snowscape|[upkeep]
|-sideend|p2: El-Lindo|Reflect
|upkeep
|turn|12
|
|t:|1779571290
|move|p2a: Iron Moth|Fiery Dance|p1a: Girth Quake
|-supereffective|p1a: Girth Quake
|-damage|p1a: Girth Quake|3/100
|move|p1a: Girth Quake|Earthquake|p2a: Iron Moth
|-supereffective|p2a: Iron Moth
|-damage|p2a: Iron Moth|0 fnt
|faint|p2a: Iron Moth
|-end|p2a: Iron Moth|Quark Drive|[silent]
|
|-weather|Snowscape|[upkeep]
|upkeep
|
|t:|1779571294
|switch|p2a: Ogerpon|Ogerpon-Wellspring, F|100/100
|turn|13
|l|☆teamofgoofygoobers
|player|p1|
|j|☆teamofgoofygoobers
|player|p1|teamofgoofygoobers|cilan|
|
|t:|1779571362
|switch|p1a: Aura (So Tuff)|Ninetales-Alola, M, shiny|100/100
|move|p2a: Ogerpon|Trailblaze|p1a: Aura (So Tuff)
|-damage|p1a: Aura (So Tuff)|72/100
|-boost|p2a: Ogerpon|spe|1
|
|-weather|Snowscape|[upkeep]
|upkeep
|turn|14
|
|t:|1779571370
|move|p2a: Ogerpon|Ivy Cudgel|p1a: Aura (So Tuff)|[anim] Ivy Cudgel Water
|-damage|p1a: Aura (So Tuff)|14/100
|move|p1a: Aura (So Tuff)|Freeze-Dry|p2a: Ogerpon
|-supereffective|p2a: Ogerpon
|-damage|p2a: Ogerpon|11/100
|
|-weather|Snowscape|[upkeep]
|upkeep
|turn|15
|
|t:|1779571380
|switch|p1a: Avalugg|Avalugg, F|99/100
|move|p2a: Ogerpon|Ivy Cudgel|p1a: Avalugg|[anim] Ivy Cudgel Water
|-damage|p1a: Avalugg|82/100
|
|-weather|Snowscape|[upkeep]
|-heal|p1a: Avalugg|88/100|[from] ability: Ice Body
|-heal|p1a: Avalugg|94/100|[from] item: Leftovers
|upkeep
|turn|16
|
|t:|1779571390
|move|p2a: Ogerpon|Ivy Cudgel|p1a: Avalugg|[anim] Ivy Cudgel Water
|-damage|p1a: Avalugg|78/100
|move|p1a: Avalugg|Body Press|p2a: Ogerpon
|-damage|p2a: Ogerpon|0 fnt
|faint|p2a: Ogerpon
|
|-weather|Snowscape|[upkeep]
|-heal|p1a: Avalugg|84/100|[from] ability: Ice Body
|-heal|p1a: Avalugg|90/100|[from] item: Leftovers
|upkeep
|
|t:|1779571395
|switch|p2a: Raging Bolt|Raging Bolt|100/100
|-enditem|p2a: Raging Bolt|Booster Energy
|-activate|p2a: Raging Bolt|ability: Protosynthesis|[fromitem]
|-start|p2a: Raging Bolt|protosynthesisspa
|turn|17
|
|t:|1779571430
|switch|p1a: Alomomola|Alomomola, F|66/100
|move|p2a: Raging Bolt|Dragon Pulse|p1a: Alomomola
|-damage|p1a: Alomomola|0 fnt
|faint|p1a: Alomomola
|
|-weather|Snowscape|[upkeep]
|upkeep
|
|t:|1779571439
|switch|p1a: Aura (So Tuff)|Ninetales-Alola, M, shiny|14/100
|turn|18
|inactive|Battle timer is ON: inactive players will automatically lose when time's up. (requested by teamofgoofygoobers)
|inactive|El-Lindo has 120 seconds left.
|inactive|El-Lindo has 90 seconds left.
|inactive|El-Lindo has 60 seconds left.
|inactive|El-Lindo has 30 seconds left.
|inactive|El-Lindo has 20 seconds left.
|inactive|El-Lindo has 15 seconds left.
|l|☆El-Lindo
|inactive|El-Lindo disconnected and has a minute to reconnect!
|player|p2|
|inactive|El-Lindo has 10 seconds left.
|inactive|El-Lindo has 5 seconds left.
|-message|El-Lindo lost due to inactivity.
|
|win|teamofgoofygoobers
|raw|teamofgoofygoobers's rating: 1186 &rarr; <strong>1210</strong><br />(+24 for winning)
|raw|El-Lindo's rating: 1175 &rarr; <strong>1151</strong><br />(-24 for losing)
