|j|☆fly casanova
|j|☆Team10thPlanet
|t:|1779669415
|gametype|singles
|player|p1|fly casanova|gamer-gen3|1618
|player|p2|Team10thPlanet|veteran|1699
|gen|9
|tier|[Gen 9] OU
|rated|
|rule|HP Percentage Mod: HP is shown in percentages
|rule|Endless Battle Clause: Forcing endless battles is banned
|rule|Species Clause: Limit one of each Pokémon
|rule|OHKO Clause: OHKO moves are banned
|rule|Evasion Items Clause: Evasion items are banned
|rule|Evasion Moves Clause: Evasion moves are banned
|rule|Evasion Abilities Clause: Evasion abilities are banned
|rule|Sleep Moves Clause: Sleep-inducing moves are banned
|clearpoke
|poke|p1|Tornadus-Therian, M|
|poke|p1|Okidogi, M|
|poke|p1|Ogerpon, F|
|poke|p1|Slowking-Galar, F|
|poke|p1|Great Tusk|
|poke|p1|Ceruledge, F|
|poke|p2|Zamazenta-*|
|poke|p2|Dragonite, M|
|poke|p2|Araquanid, M|
|poke|p2|Iron Treads|
|poke|p2|Raikou|
|poke|p2|Hoopa-Unbound|
|teampreview
|
|t:|1779669427
|teamsize|p1|6
|teamsize|p2|6
|start
|switch|p1a: Ogerpon|Ogerpon, F|100/100
|switch|p2a: Diego ⚡️|Raikou|100/100
|-ability|p2a: Diego ⚡️|Pressure
|turn|1
|
|t:|1779669440
|move|p2a: Diego ⚡️|Scald|p1a: Ogerpon
|-resisted|p1a: Ogerpon
|-damage|p1a: Ogerpon|80/100
|move|p1a: Ogerpon|Ivy Cudgel|p2a: Diego ⚡️
|-damage|p2a: Diego ⚡️|5/100
|
|upkeep
|turn|2
|
|t:|1779669459
|switch|p1a: Slowking|Slowking-Galar, F|100/100
|move|p2a: Diego ⚡️|Scald|p1a: Slowking
|-damage|p1a: Slowking|76/100
|-status|p1a: Slowking|brn
|
|-damage|p1a: Slowking|70/100 brn|[from] brn
|upkeep
|turn|3
|
|t:|1779669472
|switch|p2a: Johnny Tsunami 🌊|Araquanid, M|100/100
|-prepare|p1a: Slowking|Chilly Reception|[premajor]
|move|p1a: Slowking|Chilly Reception|p1a: Slowking
|-weather|Snowscape
|
|t:|1779669489
|switch|p1a: Tornadus|Tornadus-Therian, M|100/100|[from] Chilly Reception
|
|-weather|Snowscape|[upkeep]
|upkeep
|turn|4
|
|t:|1779669496
|move|p1a: Tornadus|Bleakwind Storm|p2a: Johnny Tsunami 🌊|[miss]
|-miss|p1a: Tornadus|p2a: Johnny Tsunami 🌊
|move|p2a: Johnny Tsunami 🌊|Sticky Web|p1a: Tornadus
|-sidestart|p1: fly casanova|move: Sticky Web
|
|-weather|Snowscape|[upkeep]
|upkeep
|turn|5
|
|t:|1779669509
|move|p1a: Tornadus|Bleakwind Storm|p2a: Johnny Tsunami 🌊|[miss]
|-miss|p1a: Tornadus|p2a: Johnny Tsunami 🌊
|move|p2a: Johnny Tsunami 🌊|Endeavor|p1a: Tornadus
|-immune|p1a: Tornadus
|
|-weather|Snowscape|[upkeep]
|upkeep
|turn|6
|j| Atarialex
|
|t:|1779669521
|switch|p2a: Iron Treads|Iron Treads|100/100
|-enditem|p2a: Iron Treads|Booster Energy
|-activate|p2a: Iron Treads|ability: Quark Drive|[fromitem]
|-start|p2a: Iron Treads|quarkdrivespe
|move|p1a: Tornadus|Bleakwind Storm|p2a: Iron Treads
|-resisted|p2a: Iron Treads
|-damage|p2a: Iron Treads|54/100
|-damage|p1a: Tornadus|91/100|[from] item: Life Orb
|
|-weather|Snowscape|[upkeep]
|upkeep
|turn|7
|
|t:|1779669535
|move|p2a: Iron Treads|Stealth Rock|p1a: Tornadus
|-sidestart|p1: fly casanova|move: Stealth Rock
|move|p1a: Tornadus|Heat Wave|p2a: Iron Treads
|-supereffective|p2a: Iron Treads
|-damage|p2a: Iron Treads|0 fnt
|faint|p2a: Iron Treads
|-end|p2a: Iron Treads|Quark Drive|[silent]
|-damage|p1a: Tornadus|81/100|[from] item: Life Orb
|
|-weather|none
|upkeep
|
|t:|1779669551
|switch|p2a: Johnny Tsunami 🌊|Araquanid, M|100/100
|turn|8
|
|t:|1779669586
|move|p1a: Tornadus|Bleakwind Storm|p2a: Johnny Tsunami 🌊
|-supereffective|p2a: Johnny Tsunami 🌊
|-damage|p2a: Johnny Tsunami 🌊|0 fnt
|faint|p2a: Johnny Tsunami 🌊
|-damage|p1a: Tornadus|71/100|[from] item: Life Orb
|
|upkeep
|
|t:|1779669593
|switch|p2a: Hoopa|Hoopa-Unbound|100/100
|turn|9
|
|t:|1779669609
|move|p2a: Hoopa|Thunderbolt|p1a: Tornadus
|-supereffective|p1a: Tornadus
|-damage|p1a: Tornadus|0 fnt
|faint|p1a: Tornadus
|
|upkeep
|
|t:|1779669641
|switch|p1a: Slowking|Slowking-Galar, F|100/100 brn
|turn|10
|
|t:|1779669651
|switch|p2a: Diego ⚡️|Raikou|5/100
|-ability|p2a: Diego ⚡️|Pressure
|move|p1a: Slowking|Thunder Wave|p2a: Diego ⚡️
|-immune|p2a: Diego ⚡️
|
|-damage|p1a: Slowking|94/100 brn|[from] brn
|upkeep
|turn|11
|
|t:|1779669678
|move|p2a: Diego ⚡️|Shadow Ball|p1a: Slowking
|-supereffective|p1a: Slowking
|-damage|p1a: Slowking|47/100 brn
|-prepare|p1a: Slowking|Chilly Reception|[premajor]
|move|p1a: Slowking|Chilly Reception|p1a: Slowking
|-weather|Snowscape
|
|t:|1779669691
|switch|p1a: Great Tusk|Great Tusk|100/100|[from] Chilly Reception
|-activate|p1a: Great Tusk|move: Sticky Web
|-unboost|p1a: Great Tusk|spe|1
|-damage|p1a: Great Tusk|98/100|[from] Stealth Rock
|
|-weather|Snowscape|[upkeep]
|upkeep
|turn|12
|
|t:|1779669706
|switch|p2a: Hoopa|Hoopa-Unbound|100/100
|move|p1a: Great Tusk|Rapid Spin|p2a: Hoopa
|-damage|p2a: Hoopa|77/100
|-boost|p1a: Great Tusk|spe|1
|-sideend|p1: fly casanova|Stealth Rock|[from] move: Rapid Spin|[of] p1a: Great Tusk
|-sideend|p1: fly casanova|Sticky Web|[from] move: Rapid Spin|[of] p1a: Great Tusk
|
|-weather|Snowscape|[upkeep]
|upkeep
|turn|13
|
|t:|1779669717
|-end|p1a: Great Tusk|Protosynthesis|[silent]
|switch|p1a: Slowking|Slowking-Galar, F|80/100 brn
|move|p2a: Hoopa|Psychic|p1a: Slowking
|-damage|p1a: Slowking|45/100 brn
|
|-weather|Snowscape|[upkeep]
|-damage|p1a: Slowking|39/100 brn|[from] brn
|upkeep
|turn|14
|
|t:|1779669730
|switch|p2a: Diego ⚡️|Raikou|5/100
|-ability|p2a: Diego ⚡️|Pressure
|-prepare|p1a: Slowking|Chilly Reception|[premajor]
|move|p1a: Slowking|Chilly Reception|p1a: Slowking
|
|t:|1779669742
|switch|p1a: Ceruledge|Ceruledge, F|100/100|[from] Chilly Reception
|
|-weather|Snowscape|[upkeep]
|upkeep
|turn|15
|
|t:|1779669764
|move|p1a: Ceruledge|Shadow Sneak|p2a: Diego ⚡️
|-damage|p2a: Diego ⚡️|0 fnt
|faint|p2a: Diego ⚡️
|-damage|p1a: Ceruledge|91/100|[from] item: Life Orb
|
|-weather|none
|upkeep
|
|t:|1779669785
|switch|p2a: Hoopa|Hoopa-Unbound|77/100
|turn|16
|j| Heliophete
|
|t:|1779669821
|switch|p1a: Slowking|Slowking-Galar, F|73/100 brn
|move|p2a: Hoopa|Dark Pulse|p1a: Slowking
|-supereffective|p1a: Slowking
|-damage|p1a: Slowking|13/100 brn
|
|-damage|p1a: Slowking|7/100 brn|[from] brn
|upkeep
|turn|17
|
|t:|1779669830
|switch|p1a: Okidogi|Okidogi, M|100/100
|move|p2a: Hoopa|Dark Pulse|p1a: Okidogi
|-resisted|p1a: Okidogi
|-damage|p1a: Okidogi|81/100
|
|-heal|p1a: Okidogi|87/100|[from] item: Leftovers
|upkeep
|turn|18
|l| Atarialex
|
|t:|1779669845
|switch|p2a: Fat Boy|Dragonite, M, shiny|100/100
|move|p1a: Okidogi|Bulk Up|p1a: Okidogi
|-boost|p1a: Okidogi|atk|1
|-boost|p1a: Okidogi|def|1
|
|-heal|p1a: Okidogi|93/100|[from] item: Leftovers
|upkeep
|turn|19
|j| alter6x
|
|t:|1779669855
|move|p1a: Okidogi|Ice Punch|p2a: Fat Boy
|-supereffective|p2a: Fat Boy
|-damage|p2a: Fat Boy|40/100
|move|p2a: Fat Boy|Earthquake|p1a: Okidogi
|-supereffective|p1a: Okidogi
|-damage|p1a: Okidogi|30/100
|
|-heal|p1a: Okidogi|36/100|[from] item: Leftovers
|upkeep
|turn|20
|l| alter6x
|
|t:|1779669881
|switch|p1a: Great Tusk|Great Tusk|98/100
|move|p2a: Fat Boy|Earthquake|p1a: Great Tusk
|-damage|p1a: Great Tusk|63/100
|
|upkeep
|turn|21
|
|t:|1779669889
|switch|p2a: Hoopa|Hoopa-Unbound|77/100
|move|p1a: Great Tusk|Ice Spinner|p2a: Hoopa
|-damage|p2a: Hoopa|40/100
|
|upkeep
|turn|22
|
|t:|1779669903
|-end|p1a: Great Tusk|Protosynthesis|[silent]
|switch|p1a: Slowking|Slowking-Galar, F|40/100 brn
|move|p2a: Hoopa|Psychic|p1a: Slowking
|-damage|p1a: Slowking|9/100 brn
|-unboost|p1a: Slowking|spd|1
|
|-damage|p1a: Slowking|3/100 brn|[from] brn
|upkeep
|turn|23
|
|t:|1779669914
|move|p2a: Hoopa|Psychic|p1a: Slowking
|-damage|p1a: Slowking|0 fnt
|faint|p1a: Slowking
|
|upkeep
|
|t:|1779669927
|switch|p1a: Ceruledge|Ceruledge, F|91/100
|turn|24
|
|t:|1779669932
|move|p2a: Hoopa|Psychic|p1a: Ceruledge
|-crit|p1a: Ceruledge
|-damage|p1a: Ceruledge|0 fnt
|faint|p1a: Ceruledge
|
|upkeep
|
|t:|1779669942
|switch|p1a: Ogerpon|Ogerpon, F|80/100
|turn|25
|
|t:|1779669954
|-terastallize|p1a: Ogerpon|Grass
|detailschange|p1a: Ogerpon|Ogerpon-Teal-Tera, F, tera:Grass
|-ability|p1a: Ogerpon|Embody Aspect (Teal)|boost
|-boost|p1a: Ogerpon|spe|1
|move|p1a: Ogerpon|U-turn|p2a: Hoopa
|-supereffective|p2a: Hoopa
|-damage|p2a: Hoopa|0 fnt
|faint|p2a: Hoopa
|
|t:|1779669962
|switch|p1a: Okidogi|Okidogi, M|36/100|[from] U-turn
|
|-heal|p1a: Okidogi|42/100|[from] item: Leftovers
|upkeep
|
|t:|1779669968
|switch|p2a: Fat Boy|Dragonite, M, shiny|40/100
|turn|26
|
|t:|1779669973
|switch|p1a: Great Tusk|Great Tusk|63/100
|-terastallize|p2a: Fat Boy|Normal
|move|p2a: Fat Boy|Extreme Speed|p1a: Great Tusk
|-crit|p1a: Great Tusk
|-damage|p1a: Great Tusk|0 fnt
|-damage|p2a: Fat Boy|24/100|[from] item: Rocky Helmet|[of] p1a: Great Tusk
|faint|p1a: Great Tusk
|-end|p1a: Great Tusk|Protosynthesis|[silent]
|
|upkeep
|
|t:|1779669988
|switch|p1a: Ogerpon|Ogerpon-Teal-Tera, F, tera:Grass|80/100
|-ability|p1a: Ogerpon|Embody Aspect (Teal)|boost
|-boost|p1a: Ogerpon|spe|1
|turn|27
|
|t:|1779669992
|move|p2a: Fat Boy|Extreme Speed|p1a: Ogerpon
|-damage|p1a: Ogerpon|0 fnt
|faint|p1a: Ogerpon
|detailschange|p1: Ogerpon|Ogerpon, F|[silent]
|
|upkeep
|
|t:|1779669995
|switch|p1a: Okidogi|Okidogi, M|42/100
|turn|28
|
|t:|1779670000
|move|p2a: Fat Boy|Extreme Speed|p1a: Okidogi
|-damage|p1a: Okidogi|0 fnt
|faint|p1a: Okidogi
|
|win|Team10thPlanet
|raw|fly casanova's rating: 1618 &rarr; <strong>1603</strong><br />(-15 for losing)
|raw|Team10thPlanet's rating: 1699 &rarr; <strong>1714</strong><br />(+15 for winning)
|l|☆fly casanova
|player|p1|
|l|☆Team10thPlanet
|player|p2|
|l| Heliophete
