|j|☆magicaldc
|j|☆yoony1
|t:|1779597181
|gametype|singles
|player|p1|magicaldc|266|1373
|player|p2|yoony1|plasmagrunt-gen5bw|1398
|gen|9
|tier|[Gen 9] OU
|rated|
|rule|HP Percentage Mod: HP is shown in percentages
|rule|Endless Battle Clause: Forcing endless battles is banned
|rule|Species Clause: Limit one of each Pokémon
|rule|OHKO Clause: OHKO moves are banned
|rule|Evasion Items Clause: Evasion items are banned
|rule|Evasion Moves Clause: Evasion moves are banned
|rule|Evasion Abilities Clause: Evasion abilities are banned
|rule|Sleep Moves Clause: Sleep-inducing moves are banned
|clearpoke
|poke|p1|Dragapult, F|
|poke|p1|Darkrai|
|poke|p1|Iron Treads|
|poke|p1|Clefable, F|
|poke|p1|Ogerpon-Wellspring, F|
|poke|p1|Moltres|
|poke|p2|Gholdengo|
|poke|p2|Samurott-Hisui, M|
|poke|p2|Meowscarada, M|
|poke|p2|Great Tusk|
|poke|p2|Skarmory, F|
|poke|p2|Slowking-Galar, L99, M|
|teampreview
|
|t:|1779597195
|teamsize|p1|6
|teamsize|p2|6
|start
|switch|p1a: Clefable|Clefable, F|100/100
|switch|p2a: Samurott|Samurott-Hisui, M|100/100
|turn|1
|inactive|Battle timer is ON: inactive players will automatically lose when time's up. (requested by magicaldc)
|
|t:|1779597202
|switch|p2a: Slowking|Slowking-Galar, L99, M|100/100
|move|p1a: Clefable|Stealth Rock|p2a: Slowking
|-sidestart|p2: yoony1|move: Stealth Rock
|
|upkeep
|turn|2
|
|t:|1779597214
|move|p1a: Clefable|Thunder Wave|p2a: Slowking
|-status|p2a: Slowking|par
|move|p2a: Slowking|Sludge Bomb|p1a: Clefable
|-supereffective|p1a: Clefable
|-damage|p1a: Clefable|35/100
|
|-heal|p1a: Clefable|41/100|[from] item: Leftovers
|upkeep
|turn|3
|
|t:|1779597228
|move|p1a: Clefable|Moonlight|p1a: Clefable
|-heal|p1a: Clefable|91/100
|move|p2a: Slowking|Sludge Bomb|p1a: Clefable
|-supereffective|p1a: Clefable
|-damage|p1a: Clefable|33/100
|
|-heal|p1a: Clefable|39/100|[from] item: Leftovers
|upkeep
|turn|4
|
|t:|1779597237
|move|p1a: Clefable|Moonlight|p1a: Clefable
|-heal|p1a: Clefable|89/100
|move|p2a: Slowking|Sludge Bomb|p1a: Clefable
|-supereffective|p1a: Clefable
|-damage|p1a: Clefable|28/100
|
|-heal|p1a: Clefable|35/100|[from] item: Leftovers
|upkeep
|turn|5
|
|t:|1779597254
|move|p1a: Clefable|Moonlight|p1a: Clefable
|-heal|p1a: Clefable|85/100
|move|p2a: Slowking|Sludge Bomb|p1a: Clefable
|-supereffective|p1a: Clefable
|-damage|p1a: Clefable|18/100
|
|-heal|p1a: Clefable|24/100|[from] item: Leftovers
|upkeep
|turn|6
|
|t:|1779597259
|switch|p1a: Iron Treads|Iron Treads|100/100
|move|p2a: Slowking|Sludge Bomb|p1a: Iron Treads
|-immune|p1a: Iron Treads
|
|upkeep
|turn|7
|
|t:|1779597270
|-end|p1a: Iron Treads|Quark Drive|[silent]
|switch|p1a: Clefable|Clefable, F|24/100
|switch|p2a: Skarmory|Skarmory, F|100/100
|-damage|p2a: Skarmory|88/100|[from] Stealth Rock
|
|-heal|p1a: Clefable|30/100|[from] item: Leftovers
|upkeep
|turn|8
|
|t:|1779597277
|switch|p2a: Slowking|Slowking-Galar, L99, M|100/100 par
|move|p1a: Clefable|Moonlight|p1a: Clefable
|-heal|p1a: Clefable|80/100
|
|-heal|p1a: Clefable|86/100|[from] item: Leftovers
|upkeep
|turn|9
|
|t:|1779597288
|switch|p1a: Iron Treads|Iron Treads|100/100
|move|p2a: Slowking|Sludge Bomb|p1a: Iron Treads
|-immune|p1a: Iron Treads
|
|upkeep
|turn|10
|
|t:|1779597292
|switch|p2a: Skarmory|Skarmory, F|88/100
|-damage|p2a: Skarmory|76/100|[from] Stealth Rock
|move|p1a: Iron Treads|Knock Off|p2a: Skarmory
|-damage|p2a: Skarmory|56/100
|-damage|p1a: Iron Treads|84/100|[from] item: Rocky Helmet|[of] p2a: Skarmory
|-enditem|p2a: Skarmory|Rocky Helmet|[from] move: Knock Off|[of] p1a: Iron Treads
|
|upkeep
|turn|11
|
|t:|1779597299
|-end|p1a: Iron Treads|Quark Drive|[silent]
|switch|p1a: Moltres|Moltres|100/100
|move|p2a: Skarmory|Roost|p2a: Skarmory
|-heal|p2a: Skarmory|100/100
|-singleturn|p2a: Skarmory|move: Roost
|
|upkeep
|turn|12
|
|t:|1779597305
|switch|p2a: Slowking|Slowking-Galar, L99, M|100/100 par
|move|p1a: Moltres|U-turn|p2a: Slowking
|-damage|p2a: Slowking|85/100 par
|
|t:|1779597311
|switch|p1a: Darkrai|Darkrai|100/100|[from] U-turn
|
|upkeep
|turn|13
|
|t:|1779597321
|switch|p2a: Samurott|Samurott-Hisui, M|100/100
|move|p1a: Darkrai|Dark Pulse|p2a: Samurott
|-resisted|p2a: Samurott
|-damage|p2a: Samurott|69/100
|
|upkeep
|turn|14
|
|t:|1779597335
|move|p1a: Darkrai|Will-O-Wisp|p2a: Samurott
|-status|p2a: Samurott|brn
|move|p2a: Samurott|Knock Off|p1a: Darkrai
|-resisted|p1a: Darkrai
|-damage|p1a: Darkrai|86/100
|-enditem|p1a: Darkrai|Heavy-Duty Boots|[from] move: Knock Off|[of] p2a: Samurott
|
|-damage|p2a: Samurott|62/100 brn|[from] brn
|upkeep
|turn|15
|
|t:|1779597343
|move|p1a: Darkrai|Sludge Bomb|p2a: Samurott
|-damage|p2a: Samurott|17/100 brn
|move|p2a: Samurott|Ceaseless Edge|p1a: Darkrai
|-resisted|p1a: Darkrai
|-damage|p1a: Darkrai|71/100
|-sidestart|p1: magicaldc|Spikes
|
|-damage|p2a: Samurott|10/100 brn|[from] brn
|upkeep
|turn|16
|
|t:|1779597349
|move|p2a: Samurott|Sucker Punch|p1a: Darkrai
|-resisted|p1a: Darkrai
|-damage|p1a: Darkrai|61/100
|move|p1a: Darkrai|Dark Pulse|p2a: Samurott
|-resisted|p2a: Samurott
|-damage|p2a: Samurott|0 fnt
|faint|p2a: Samurott
|
|upkeep
|
|t:|1779597375
|switch|p2a: Gholdengo|Gholdengo|100/100
|-damage|p2a: Gholdengo|94/100|[from] Stealth Rock
|-item|p2a: Gholdengo|Air Balloon
|turn|17
|
|t:|1779597387
|switch|p1a: Moltres|Moltres|100/100
|-terastallize|p2a: Gholdengo|Fairy
|move|p2a: Gholdengo|Make It Rain|p1a: Moltres
|-resisted|p1a: Moltres
|-damage|p1a: Moltres|69/100
|-unboost|p2a: Gholdengo|spa|1
|
|upkeep
|turn|18
|inactive|yoony1 has 120 seconds left.
|
|t:|1779597408
|switch|p2a: Slowking|Slowking-Galar, L99, M|100/100 par
|move|p1a: Moltres|U-turn|p2a: Slowking
|-damage|p2a: Slowking|85/100 par
|
|t:|1779597414
|switch|p1a: Darkrai|Darkrai|61/100|[from] U-turn
|-damage|p1a: Darkrai|48/100|[from] Spikes
|
|upkeep
|turn|19
|inactive|yoony1 has 120 seconds left.
|
|t:|1779597433
|move|p1a: Darkrai|Dark Pulse|p2a: Slowking
|-supereffective|p2a: Slowking
|-damage|p2a: Slowking|29/100 par
|move|p2a: Slowking|Thunder Wave|p1a: Darkrai
|-status|p1a: Darkrai|par
|
|upkeep
|turn|20
|inactive|yoony1 has 120 seconds left.
|
|t:|1779597454
|cant|p1a: Darkrai|par
|-prepare|p2a: Slowking|Chilly Reception|[premajor]
|cant|p2a: Slowking|par
|
|upkeep
|turn|21
|
|t:|1779597462
|move|p1a: Darkrai|Dark Pulse|p2a: Slowking
|-supereffective|p2a: Slowking
|-damage|p2a: Slowking|0 fnt
|faint|p2a: Slowking
|
|upkeep
|inactive|yoony1 has 90 seconds left.
|
|t:|1779597505
|switch|p2a: Great Tusk|Great Tusk|100/100
|-damage|p2a: Great Tusk|98/100|[from] Stealth Rock
|-enditem|p2a: Great Tusk|Booster Energy
|-activate|p2a: Great Tusk|ability: Protosynthesis|[fromitem]
|-start|p2a: Great Tusk|protosynthesisatk
|turn|22
|
|t:|1779597510
|move|p2a: Great Tusk|Ice Spinner|p1a: Darkrai
|-crit|p1a: Darkrai
|-damage|p1a: Darkrai|0 fnt
|faint|p1a: Darkrai
|
|upkeep
|
|t:|1779597515
|switch|p1a: Ogerpon|Ogerpon-Wellspring, F|100/100
|-damage|p1a: Ogerpon|88/100|[from] Spikes
|turn|23
|inactive|yoony1 has 90 seconds left.
|
|t:|1779597533
|switch|p1a: Moltres|Moltres|69/100
|-end|p2a: Great Tusk|Protosynthesis|[silent]
|switch|p2a: Skarmory|Skarmory, F|100/100
|-damage|p2a: Skarmory|88/100|[from] Stealth Rock
|
|upkeep
|turn|24
|inactive|yoony1 has 90 seconds left.
|
|t:|1779597546
|move|p1a: Moltres|Flamethrower|p2a: Skarmory
|-supereffective|p2a: Skarmory
|-damage|p2a: Skarmory|0 fnt
|faint|p2a: Skarmory
|
|upkeep
|inactive|yoony1 has 90 seconds left.
|
|t:|1779597552
|switch|p2a: Gholdengo|Gholdengo, tera:Fairy|94/100
|-damage|p2a: Gholdengo|82/100|[from] Stealth Rock
|-item|p2a: Gholdengo|Air Balloon
|turn|25
|
|t:|1779597557
|move|p2a: Gholdengo|Thunderbolt|p1a: Moltres
|-supereffective|p1a: Moltres
|-damage|p1a: Moltres|5/100
|move|p1a: Moltres|U-turn|p2a: Gholdengo
|-resisted|p2a: Gholdengo
|-damage|p2a: Gholdengo|74/100
|-enditem|p2a: Gholdengo|Air Balloon
|
|t:|1779597565
|switch|p1a: Iron Treads|Iron Treads|84/100|[from] U-turn
|-damage|p1a: Iron Treads|72/100|[from] Spikes
|
|upkeep
|turn|26
|
|t:|1779597571
|switch|p2a: Great Tusk|Great Tusk|98/100
|-damage|p2a: Great Tusk|95/100|[from] Stealth Rock
|move|p1a: Iron Treads|Rapid Spin|p2a: Great Tusk
|-crit|p2a: Great Tusk
|-damage|p2a: Great Tusk|78/100
|-boost|p1a: Iron Treads|spe|1
|-sideend|p1: magicaldc|Spikes|[from] move: Rapid Spin|[of] p1a: Iron Treads
|
|upkeep
|turn|27
|
|t:|1779597588
|-end|p1a: Iron Treads|Quark Drive|[silent]
|switch|p1a: Moltres|Moltres|5/100
|move|p2a: Great Tusk|Headlong Rush|p1a: Moltres
|-immune|p1a: Moltres
|
|upkeep
|turn|28
|
|t:|1779597594
|move|p2a: Great Tusk|Ice Spinner|p1a: Moltres
|-damage|p1a: Moltres|0 fnt
|-status|p2a: Great Tusk|brn|[from] ability: Flame Body|[of] p1a: Moltres
|faint|p1a: Moltres
|
|-damage|p2a: Great Tusk|72/100 brn|[from] brn
|upkeep
|
|t:|1779597598
|switch|p1a: Dragapult|Dragapult, F|100/100
|turn|29
|
|t:|1779597607
|move|p1a: Dragapult|Hex|p2a: Great Tusk
|-damage|p2a: Great Tusk|0 fnt
|faint|p2a: Great Tusk
|-end|p2a: Great Tusk|Protosynthesis|[silent]
|
|upkeep
|inactive|yoony1 has 120 seconds left.
|
|t:|1779597624
|switch|p2a: Gholdengo|Gholdengo, tera:Fairy|74/100
|-damage|p2a: Gholdengo|62/100|[from] Stealth Rock
|turn|30
|
|t:|1779597630
|move|p1a: Dragapult|U-turn|p2a: Gholdengo
|-resisted|p2a: Gholdengo
|-crit|p2a: Gholdengo
|-damage|p2a: Gholdengo|47/100
|
|t:|1779597632
|switch|p1a: Iron Treads|Iron Treads|72/100|[from] U-turn
|move|p2a: Gholdengo|Shadow Ball|p1a: Iron Treads
|-damage|p1a: Iron Treads|32/100
|-unboost|p1a: Iron Treads|spd|1
|
|upkeep
|turn|31
|
|t:|1779597648
|switch|p2a: Meowscarada|Meowscarada, M|100/100
|move|p1a: Iron Treads|Iron Head|p2a: Meowscarada
|-damage|p2a: Meowscarada|43/100
|
|upkeep
|turn|32
|
|t:|1779597657
|-end|p1a: Iron Treads|Quark Drive|[silent]
|switch|p1a: Clefable|Clefable, F|86/100
|move|p2a: Meowscarada|Flower Trick|p1a: Clefable
|-start|p2a: Meowscarada|typechange|Grass|[from] ability: Protean
|-crit|p1a: Clefable
|-damage|p1a: Clefable|49/100
|
|-heal|p1a: Clefable|55/100|[from] item: Leftovers
|upkeep
|turn|33
|
|t:|1779597666
|move|p2a: Meowscarada|U-turn|p1a: Clefable
|-resisted|p1a: Clefable
|-damage|p1a: Clefable|47/100
|
|t:|1779597667
|switch|p2a: Gholdengo|Gholdengo, tera:Fairy|47/100|[from] U-turn
|-damage|p2a: Gholdengo|34/100|[from] Stealth Rock
|move|p1a: Clefable|Moonblast|p2a: Gholdengo
|-crit|p2a: Gholdengo
|-damage|p2a: Gholdengo|0 fnt
|faint|p2a: Gholdengo
|
|-heal|p1a: Clefable|53/100|[from] item: Leftovers
|upkeep
|-message|yoony1 forfeited.
|
|win|magicaldc
|raw|magicaldc's rating: 1373 &rarr; <strong>1394</strong><br />(+21 for winning)
|raw|yoony1's rating: 1398 &rarr; <strong>1377</strong><br />(-21 for losing)
|l|☆yoony1
|player|p2|
|l|☆magicaldc
|player|p1|
