|j|☆menma0823
|j|☆aakpokemonmaster
|t:|1779582027
|gametype|singles
|player|p1|menma0823|266|1086
|player|p2|aakpokemonmaster|blackbelt-gen4dp|1097
|gen|9
|tier|[Gen 9] OU
|rated|
|rule|HP Percentage Mod: HP is shown in percentages
|rule|Endless Battle Clause: Forcing endless battles is banned
|rule|Species Clause: Limit one of each Pokémon
|rule|OHKO Clause: OHKO moves are banned
|rule|Evasion Items Clause: Evasion items are banned
|rule|Evasion Moves Clause: Evasion moves are banned
|rule|Evasion Abilities Clause: Evasion abilities are banned
|rule|Sleep Moves Clause: Sleep-inducing moves are banned
|clearpoke
|poke|p1|Rillaboom, M|
|poke|p1|Galvantula, M|
|poke|p1|Quaquaval, F|
|poke|p1|Incineroar, F|
|poke|p1|Cinccino, F|
|poke|p1|Smeargle, F|
|poke|p2|Kingambit, M|
|poke|p2|Corviknight, F|
|poke|p2|Landorus-Therian, M|
|poke|p2|Azumarill, M|
|poke|p2|Dragapult, F|
|poke|p2|Toxapex, M|
|teampreview
|c|☆aakpokemonmaster|Love your team
|inactive|Battle timer is ON: inactive players will automatically lose when time's up. (requested by aakpokemonmaster)
|
|t:|1779582048
|teamsize|p1|6
|teamsize|p2|6
|start
|switch|p1a: Galvantula|Galvantula, M|100/100
|switch|p2a: Maude|Toxapex, M|100/100
|turn|1
|
|t:|1779582056
|switch|p2a: Tigrou|Landorus-Therian, M|100/100
|-ability|p2a: Tigrou|Intimidate|boost
|-unboost|p1a: Galvantula|atk|1
|move|p1a: Galvantula|Sticky Web|p2a: Tigrou
|-sidestart|p2: aakpokemonmaster|move: Sticky Web
|
|upkeep
|turn|2
|
|t:|1779582074
|switch|p1a: Quaquaval|Quaquaval, F, shiny|100/100
|move|p2a: Tigrou|Earthquake|p1a: Quaquaval
|-damage|p1a: Quaquaval|22/100
|
|-heal|p1a: Quaquaval|28/100|[from] item: Leftovers
|upkeep
|turn|3
|
|t:|1779582089
|switch|p2a: Coco|Azumarill, M|100/100
|-activate|p2a: Coco|move: Sticky Web
|-unboost|p2a: Coco|spe|1
|move|p1a: Quaquaval|Aqua Step|p2a: Coco
|-resisted|p2a: Coco
|-damage|p2a: Coco|83/100
|-boost|p1a: Quaquaval|spe|1
|
|-heal|p1a: Quaquaval|34/100|[from] item: Leftovers
|-heal|p2a: Coco|89/100|[from] item: Leftovers
|upkeep
|turn|4
|inactive|menma0823 has 120 seconds left.
|
|t:|1779582120
|switch|p1a: Cinccino|Cinccino, F, shiny|100/100
|move|p2a: Coco|Knock Off|p1a: Cinccino
|-damage|p1a: Cinccino|73/100
|-enditem|p1a: Cinccino|Scope Lens|[from] move: Knock Off|[of] p2a: Coco
|
|-heal|p2a: Coco|96/100|[from] item: Leftovers
|upkeep
|turn|5
|
|t:|1779582130
|move|p1a: Cinccino|Bullet Seed|p2a: Coco
|-ability|p2a: Coco|Sap Sipper|boost
|-boost|p2a: Coco|atk|1
|move|p2a: Coco|Aqua Ring|p2a: Coco
|-start|p2a: Coco|Aqua Ring
|
|-heal|p2a: Coco|100/100|[from] item: Leftovers
|upkeep
|turn|6
|
|t:|1779582141
|move|p1a: Cinccino|Tail Slap|p2a: Coco
|-damage|p2a: Coco|90/100
|-damage|p2a: Coco|79/100
|-damage|p2a: Coco|68/100
|-damage|p2a: Coco|57/100
|-damage|p2a: Coco|47/100
|-hitcount|p2a: Coco|5
|move|p2a: Coco|Ice Spinner|p1a: Cinccino
|-crit|p1a: Cinccino
|-damage|p1a: Cinccino|25/100
|
|-heal|p2a: Coco|53/100|[from] item: Leftovers
|-heal|p2a: Coco|59/100|[from] Aqua Ring
|upkeep
|turn|7
|inactive|menma0823 has 120 seconds left.
|inactive|menma0823 has 90 seconds left.
|
|t:|1779582180
|move|p2a: Coco|Aqua Jet|p1a: Cinccino
|-damage|p1a: Cinccino|3/100
|move|p1a: Cinccino|Knock Off|p2a: Coco
|-resisted|p2a: Coco
|-damage|p2a: Coco|46/100
|-enditem|p2a: Coco|Leftovers|[from] move: Knock Off|[of] p1a: Cinccino
|
|-heal|p2a: Coco|52/100|[from] Aqua Ring
|upkeep
|turn|8
|inactive|menma0823 has 90 seconds left.
|
|t:|1779582191
|move|p2a: Coco|Aqua Jet|p1a: Cinccino
|-damage|p1a: Cinccino|0 fnt
|faint|p1a: Cinccino
|
|-heal|p2a: Coco|58/100|[from] Aqua Ring
|upkeep
|inactive|menma0823 has 90 seconds left.
|
|t:|1779582199
|switch|p1a: Smeargle|Smeargle, F|100/100
|turn|9
|
|t:|1779582207
|switch|p1a: Quaquaval|Quaquaval, F, shiny|34/100
|move|p2a: Coco|Knock Off|p1a: Quaquaval
|-resisted|p1a: Quaquaval
|-damage|p1a: Quaquaval|20/100
|-enditem|p1a: Quaquaval|Leftovers|[from] move: Knock Off|[of] p2a: Coco
|
|-heal|p2a: Coco|64/100|[from] Aqua Ring
|upkeep
|turn|10
|
|t:|1779582220
|move|p2a: Coco|Aqua Jet|p1a: Quaquaval
|-resisted|p1a: Quaquaval
|-damage|p1a: Quaquaval|10/100
|move|p1a: Quaquaval|Aqua Step|p2a: Coco
|-resisted|p2a: Coco
|-damage|p2a: Coco|46/100
|-boost|p1a: Quaquaval|spe|1
|
|-heal|p2a: Coco|52/100|[from] Aqua Ring
|upkeep
|turn|11
|
|t:|1779582236
|move|p1a: Quaquaval|Facade|p2a: Coco
|-damage|p2a: Coco|30/100
|move|p2a: Coco|Knock Off|p1a: Quaquaval
|-resisted|p1a: Quaquaval
|-damage|p1a: Quaquaval|2/100
|
|-heal|p2a: Coco|36/100|[from] Aqua Ring
|upkeep
|turn|12
|
|t:|1779582256
|move|p1a: Quaquaval|Aqua Step|p2a: Coco
|-resisted|p2a: Coco
|-damage|p2a: Coco|18/100
|-boost|p1a: Quaquaval|spe|1
|move|p2a: Coco|Knock Off|p1a: Quaquaval
|-resisted|p1a: Quaquaval
|-damage|p1a: Quaquaval|0 fnt
|faint|p1a: Quaquaval
|
|-heal|p2a: Coco|24/100|[from] Aqua Ring
|upkeep
|inactive|menma0823 has 90 seconds left.
|
|t:|1779582269
|switch|p1a: Smeargle|Smeargle, F|100/100
|turn|13
|
|t:|1779582275
|move|p1a: Smeargle|Shell Smash|p1a: Smeargle
|-unboost|p1a: Smeargle|def|1
|-unboost|p1a: Smeargle|spd|1
|-boost|p1a: Smeargle|atk|2
|-boost|p1a: Smeargle|spa|2
|-boost|p1a: Smeargle|spe|2
|move|p2a: Coco|Knock Off|p1a: Smeargle
|-damage|p1a: Smeargle|1/100
|-enditem|p1a: Smeargle|Expert Belt|[from] move: Knock Off|[of] p2a: Coco
|
|-heal|p2a: Coco|30/100|[from] Aqua Ring
|upkeep
|turn|14
|
|t:|1779582288
|move|p2a: Coco|Aqua Jet|p1a: Smeargle
|-damage|p1a: Smeargle|0 fnt
|faint|p1a: Smeargle
|
|-heal|p2a: Coco|37/100|[from] Aqua Ring
|upkeep
|
|t:|1779582295
|switch|p1a: Rillaboom|Rillaboom, M, shiny|100/100
|-fieldstart|move: Grassy Terrain|[from] ability: Grassy Surge|[of] p1a: Rillaboom
|turn|15
|
|t:|1779582306
|move|p1a: Rillaboom|Drain Punch|p2a: Coco
|-resisted|p2a: Coco
|-damage|p2a: Coco|23/100
|-damage|p1a: Rillaboom|91/100|[from] item: Life Orb
|move|p2a: Coco|Ice Spinner|p1a: Rillaboom
|-supereffective|p1a: Rillaboom
|-damage|p1a: Rillaboom|57/100
|-fieldend|move: Grassy Terrain
|
|-heal|p2a: Coco|29/100|[from] Aqua Ring
|upkeep
|turn|16
|
|t:|1779582322
|move|p1a: Rillaboom|U-turn|p2a: Coco
|-resisted|p2a: Coco
|-damage|p2a: Coco|16/100
|-damage|p1a: Rillaboom|47/100|[from] item: Life Orb
|
|t:|1779582326
|switch|p1a: Galvantula|Galvantula, M|100/100|[from] U-turn
|move|p2a: Coco|Ice Spinner|p1a: Galvantula
|-damage|p1a: Galvantula|70/100
|
|-heal|p2a: Coco|22/100|[from] Aqua Ring
|upkeep
|turn|17
|
|t:|1779582341
|-terastallize|p2a: Coco|Ground
|move|p1a: Galvantula|Thunder|p2a: Coco
|-immune|p2a: Coco
|move|p2a: Coco|Knock Off|p1a: Galvantula
|-damage|p1a: Galvantula|31/100
|-enditem|p1a: Galvantula|Focus Sash|[from] move: Knock Off|[of] p2a: Coco
|
|-heal|p2a: Coco|28/100|[from] Aqua Ring
|upkeep
|turn|18
|l|☆menma0823
|inactive|menma0823 disconnected and has a minute to reconnect!
|player|p1|
|inactive|menma0823 has 30 seconds to reconnect!
|inactive|menma0823 has 20 seconds to reconnect!
|inactive|menma0823 has 15 seconds to reconnect!
|inactive|menma0823 has 10 seconds to reconnect!
|inactive|menma0823 has 5 seconds to reconnect!
|-message|menma0823 lost due to inactivity.
|
|win|aakpokemonmaster
|raw|menma0823's rating: 1086 &rarr; <strong>1064</strong><br />(-22 for losing)
|raw|aakpokemonmaster's rating: 1097 &rarr; <strong>1122</strong><br />(+25 for winning)
