|j|☆greattrainer123
|j|☆Windy189
|t:|1779598713
|gametype|singles
|player|p1|greattrainer123|2|1341
|player|p2|Windy189|170|1343
|gen|9
|tier|[Gen 9] OU
|rated|
|rule|HP Percentage Mod: HP is shown in percentages
|rule|Endless Battle Clause: Forcing endless battles is banned
|rule|Species Clause: Limit one of each Pokémon
|rule|OHKO Clause: OHKO moves are banned
|rule|Evasion Items Clause: Evasion items are banned
|rule|Evasion Moves Clause: Evasion moves are banned
|rule|Evasion Abilities Clause: Evasion abilities are banned
|rule|Sleep Moves Clause: Sleep-inducing moves are banned
|clearpoke
|poke|p1|Kingambit, F|
|poke|p1|Ursaluna, M|
|poke|p1|Mew|
|poke|p1|Ribombee, F|
|poke|p1|Espeon, F|
|poke|p1|Deoxys-Defense|
|poke|p2|Blaziken, F|
|poke|p2|Darkrai|
|poke|p2|Dragonite, M|
|poke|p2|Skeledirge, M|
|poke|p2|Pawmot, F|
|poke|p2|Great Tusk|
|teampreview
|inactive|Battle timer is ON: inactive players will automatically lose when time's up. (requested by Windy189)
|inactive|greattrainer123 has 120 seconds left.
|
|t:|1779598744
|teamsize|p1|6
|teamsize|p2|6
|start
|switch|p1a: Ribombee|Ribombee, F|100/100
|switch|p2a: Darkrai|Darkrai|100/100
|turn|1
|
|t:|1779598751
|move|p2a: Darkrai|Sludge Bomb|p1a: Ribombee
|-supereffective|p1a: Ribombee
|-damage|p1a: Ribombee|10/100
|move|p1a: Ribombee|Light Screen|p1a: Ribombee
|-sidestart|p1: greattrainer123|move: Light Screen
|
|upkeep
|turn|2
|
|t:|1779598759
|move|p2a: Darkrai|Dark Pulse|p1a: Ribombee
|-resisted|p1a: Ribombee
|-damage|p1a: Ribombee|0 fnt
|faint|p1a: Ribombee
|
|upkeep
|
|t:|1779598761
|switch|p1a: Mew|Mew|100/100
|turn|3
|
|t:|1779598766
|move|p2a: Darkrai|Dark Pulse|p1a: Mew
|-supereffective|p1a: Mew
|-damage|p1a: Mew|56/100
|-enditem|p1a: Mew|Weakness Policy
|-boost|p1a: Mew|atk|2|[from] item: Weakness Policy
|-boost|p1a: Mew|spa|2|[from] item: Weakness Policy
|move|p1a: Mew|Close Combat|p2a: Darkrai
|-supereffective|p2a: Darkrai
|-enditem|p2a: Darkrai|Focus Sash
|-damage|p2a: Darkrai|1/100
|-unboost|p1a: Mew|def|1
|-unboost|p1a: Mew|spd|1
|
|upkeep
|turn|4
|
|t:|1779598782
|move|p2a: Darkrai|Sludge Bomb|p1a: Mew
|-damage|p1a: Mew|34/100
|-status|p1a: Mew|psn
|-activate|p1a: Mew|ability: Synchronize
|-status|p2a: Darkrai|psn
|move|p1a: Mew|Close Combat|p2a: Darkrai
|-supereffective|p2a: Darkrai
|-damage|p2a: Darkrai|0 fnt
|-unboost|p1a: Mew|def|1
|-unboost|p1a: Mew|spd|1
|faint|p2a: Darkrai
|
|-damage|p1a: Mew|21/100 psn|[from] psn
|upkeep
|
|t:|1779598798
|switch|p2a: Dragonite|Dragonite, M|100/100
|turn|5
|
|t:|1779598801
|move|p2a: Dragonite|Extreme Speed|p1a: Mew
|-damage|p1a: Mew|0 fnt
|faint|p1a: Mew
|
|upkeep
|
|t:|1779598810
|switch|p1a: Kingambit|Kingambit, F|100/100
|-activate|p1a: Kingambit|ability: Supreme Overlord
|-start|p1a: Kingambit|fallen2|[silent]
|turn|6
|
|t:|1779598818
|move|p2a: Dragonite|Earthquake|p1a: Kingambit
|-supereffective|p1a: Kingambit
|-damage|p1a: Kingambit|54/100
|move|p1a: Kingambit|Kowtow Cleave|p2a: Dragonite
|-damage|p2a: Dragonite|55/100
|
|-heal|p2a: Dragonite|62/100|[from] item: Leftovers
|upkeep
|turn|7
|
|t:|1779598827
|-terastallize|p1a: Kingambit|Dark
|move|p2a: Dragonite|Earthquake|p1a: Kingambit
|-damage|p1a: Kingambit|33/100
|move|p1a: Kingambit|Kowtow Cleave|p2a: Dragonite
|-damage|p2a: Dragonite|0 fnt
|faint|p2a: Dragonite
|
|upkeep
|
|t:|1779598837
|switch|p2a: Blaziken|Blaziken, F|100/100
|turn|8
|
|t:|1779598842
|-end|p1a: Kingambit|fallen2|[silent]
|switch|p1a: Deoxys|Deoxys-Defense|100/100
|-ability|p1a: Deoxys|Pressure
|move|p2a: Blaziken|Protect||[still]
|-fail|p2a: Blaziken
|
|-sideend|p1: greattrainer123|move: Light Screen
|-ability|p2a: Blaziken|Speed Boost|boost
|-boost|p2a: Blaziken|spe|1
|upkeep
|turn|9
|
|t:|1779598855
|move|p2a: Blaziken|Protect|p2a: Blaziken
|-singleturn|p2a: Blaziken|Protect
|move|p1a: Deoxys|Trick Room|p1a: Deoxys
|-fieldstart|move: Trick Room|[of] p1a: Deoxys
|
|-ability|p2a: Blaziken|Speed Boost|boost
|-boost|p2a: Blaziken|spe|1
|upkeep
|turn|10
|
|t:|1779598874
|move|p2a: Blaziken|Close Combat|p1a: Deoxys
|-resisted|p1a: Deoxys
|-damage|p1a: Deoxys|81/100
|-unboost|p2a: Blaziken|def|1
|-unboost|p2a: Blaziken|spd|1
|move|p1a: Deoxys|Teleport|p1a: Deoxys
|
|t:|1779598884
|switch|p1a: Ursaluna|Ursaluna, M|100/100|[from] Teleport
|
|-status|p1a: Ursaluna|brn|[from] item: Flame Orb
|-ability|p2a: Blaziken|Speed Boost|boost
|-boost|p2a: Blaziken|spe|1
|upkeep
|turn|11
|
|t:|1779598892
|move|p2a: Blaziken|Protect|p2a: Blaziken
|-singleturn|p2a: Blaziken|Protect
|move|p1a: Ursaluna|Headlong Rush|p2a: Blaziken
|-activate|p2a: Blaziken|move: Protect
|
|-damage|p1a: Ursaluna|94/100 brn|[from] brn
|-ability|p2a: Blaziken|Speed Boost|boost
|-boost|p2a: Blaziken|spe|1
|upkeep
|turn|12
|
|t:|1779598903
|-terastallize|p2a: Blaziken|Flying
|move|p1a: Ursaluna|Headlong Rush|p2a: Blaziken
|-immune|p2a: Blaziken
|move|p2a: Blaziken|Swords Dance|p2a: Blaziken
|-boost|p2a: Blaziken|atk|2
|
|-damage|p1a: Ursaluna|88/100 brn|[from] brn
|-ability|p2a: Blaziken|Speed Boost|boost
|-boost|p2a: Blaziken|spe|1
|upkeep
|turn|13
|
|t:|1779598915
|switch|p1a: Deoxys|Deoxys-Defense|81/100
|-ability|p1a: Deoxys|Pressure
|move|p2a: Blaziken|Protect||[still]
|-fail|p2a: Blaziken
|
|-fieldend|move: Trick Room
|-ability|p2a: Blaziken|Speed Boost|boost
|-boost|p2a: Blaziken|spe|1
|upkeep
|turn|14
|
|t:|1779598925
|move|p2a: Blaziken|Flare Blitz|p1a: Deoxys
|-damage|p1a: Deoxys|1/100
|-enditem|p1a: Deoxys|Sitrus Berry|[eat]
|-heal|p1a: Deoxys|26/100|[from] item: Sitrus Berry
|-damage|p2a: Blaziken|74/100|[from] Recoil
|move|p1a: Deoxys|Trick Room|p1a: Deoxys
|-fieldstart|move: Trick Room|[of] p1a: Deoxys
|
|upkeep
|turn|15
|
|t:|1779598935
|move|p2a: Blaziken|Close Combat|p1a: Deoxys
|-resisted|p1a: Deoxys
|-damage|p1a: Deoxys|0 fnt
|-unboost|p2a: Blaziken|def|1
|-unboost|p2a: Blaziken|spd|1
|faint|p1a: Deoxys
|
|upkeep
|
|t:|1779598939
|switch|p1a: Ursaluna|Ursaluna, M|88/100 brn
|turn|16
|
|t:|1779598947
|move|p2a: Blaziken|Protect|p2a: Blaziken
|-singleturn|p2a: Blaziken|Protect
|move|p1a: Ursaluna|Facade|p2a: Blaziken
|-activate|p2a: Blaziken|move: Protect
|
|-damage|p1a: Ursaluna|82/100 brn|[from] brn
|upkeep
|turn|17
|
|t:|1779598959
|move|p1a: Ursaluna|Supercell Slam|p2a: Blaziken
|-supereffective|p2a: Blaziken
|-damage|p2a: Blaziken|0 fnt
|faint|p2a: Blaziken
|
|-damage|p1a: Ursaluna|76/100 brn|[from] brn
|upkeep
|
|t:|1779598968
|switch|p2a: Great Tusk|Great Tusk|100/100
|-enditem|p2a: Great Tusk|Booster Energy
|-activate|p2a: Great Tusk|ability: Protosynthesis|[fromitem]
|-start|p2a: Great Tusk|protosynthesisatk
|turn|18
|
|t:|1779598977
|move|p1a: Ursaluna|Facade|p2a: Great Tusk
|-damage|p2a: Great Tusk|16/100
|move|p2a: Great Tusk|Ice Spinner|p1a: Ursaluna
|-supereffective|p1a: Ursaluna
|-damage|p1a: Ursaluna|21/100 brn
|
|-damage|p1a: Ursaluna|15/100 brn|[from] brn
|-fieldend|move: Trick Room
|upkeep
|turn|19
|
|t:|1779598988
|move|p2a: Great Tusk|Rapid Spin|p1a: Ursaluna
|-damage|p1a: Ursaluna|0 fnt
|-boost|p2a: Great Tusk|spe|1
|faint|p1a: Ursaluna
|
|upkeep
|
|t:|1779598990
|switch|p1a: Kingambit|Kingambit, F, tera:Dark|33/100
|-activate|p1a: Kingambit|ability: Supreme Overlord
|-start|p1a: Kingambit|fallen4|[silent]
|turn|20
|c|☆Windy189|no more trick room
|
|t:|1779599003
|move|p1a: Kingambit|Sucker Punch|p2a: Great Tusk
|-resisted|p2a: Great Tusk
|-damage|p2a: Great Tusk|0 fnt
|faint|p2a: Great Tusk
|-end|p2a: Great Tusk|Protosynthesis|[silent]
|
|upkeep
|
|t:|1779599008
|switch|p2a: Pawmot|Pawmot, F, shiny|100/100
|turn|21
|
|t:|1779599014
|-end|p1a: Kingambit|fallen4|[silent]
|switch|p1a: Espeon|Espeon, F|100/100
|move|p2a: Pawmot|Revival Blessing|p2a: Pawmot
|
|t:|1779599031
|-heal|p2: Dragonite|50/100|[from] move: Revival Blessing
|
|upkeep
|turn|22
|
|t:|1779599044
|move|p1a: Espeon|Psychic|p2a: Pawmot
|-supereffective|p2a: Pawmot
|-crit|p2a: Pawmot
|-enditem|p2a: Pawmot|Focus Sash
|-damage|p2a: Pawmot|1/100
|move|p2a: Pawmot|Knock Off|p1a: Espeon
|-supereffective|p1a: Espeon
|-damage|p1a: Espeon|0 fnt
|-enditem|p1a: Espeon|Choice Specs|[from] move: Knock Off|[of] p2a: Pawmot
|faint|p1a: Espeon
|
|upkeep
|c|☆greattrainer123|gg
|-message|greattrainer123 forfeited.
|
|win|Windy189
|raw|greattrainer123's rating: 1341 &rarr; <strong>1321</strong><br />(-20 for losing)
|raw|Windy189's rating: 1343 &rarr; <strong>1363</strong><br />(+20 for winning)
|l|☆greattrainer123
|player|p1|
|c|☆Windy189|gg
|l|☆Windy189
|player|p2|
