|j|☆DopeyDawg
|j|☆Smoke break mons
|t:|1779652918
|gametype|singles
|player|p1|DopeyDawg|2|1283
|player|p2|Smoke break mons|acetrainersnowf|1324
|gen|9
|tier|[Gen 9] OU
|rated|
|rule|HP Percentage Mod: HP is shown in percentages
|rule|Endless Battle Clause: Forcing endless battles is banned
|rule|Species Clause: Limit one of each Pokémon
|rule|OHKO Clause: OHKO moves are banned
|rule|Evasion Items Clause: Evasion items are banned
|rule|Evasion Moves Clause: Evasion moves are banned
|rule|Evasion Abilities Clause: Evasion abilities are banned
|rule|Sleep Moves Clause: Sleep-inducing moves are banned
|clearpoke
|poke|p1|Zoroark, F|
|poke|p1|Ninetales, F|
|poke|p1|Quaquaval, M|
|poke|p1|Venusaur, M|
|poke|p1|Toxapex, F|
|poke|p1|Garchomp, M|
|poke|p2|Raging Bolt|
|poke|p2|Darkrai|
|poke|p2|Hatterene, F|
|poke|p2|Gholdengo|
|poke|p2|Tornadus-Therian, M|
|poke|p2|Zamazenta-*|
|teampreview
|inactive|Battle timer is ON: inactive players will automatically lose when time's up. (requested by Smoke break mons)
|inactive|DopeyDawg also wants the timer to be on.
|
|t:|1779652930
|teamsize|p1|6
|teamsize|p2|6
|start
|switch|p1a: Toxapex|Toxapex, F|100/100
|switch|p2a: Zamazenta|Zamazenta|100/100
|-ability|p2a: Zamazenta|Dauntless Shield|boost
|-boost|p2a: Zamazenta|def|1
|turn|1
|
|t:|1779652939
|switch|p2a: Gholdengo|Gholdengo|100/100
|-item|p2a: Gholdengo|Air Balloon
|move|p1a: Toxapex|Sludge Bomb|p2a: Gholdengo
|-immune|p2a: Gholdengo
|
|upkeep
|turn|2
|
|t:|1779652953
|switch|p2a: Raging Bolt|Raging Bolt|100/100
|-enditem|p2a: Raging Bolt|Booster Energy
|-activate|p2a: Raging Bolt|ability: Protosynthesis|[fromitem]
|-start|p2a: Raging Bolt|protosynthesisspa
|move|p1a: Toxapex|Dark Pulse|p2a: Raging Bolt
|-damage|p2a: Raging Bolt|62/100
|
|upkeep
|turn|3
|
|t:|1779652962
|move|p1a: Toxapex|Dark Pulse|p2a: Raging Bolt
|-damage|p2a: Raging Bolt|21/100
|move|p2a: Raging Bolt|Dragon Pulse|p1a: Toxapex
|-enditem|p1a: Toxapex|Focus Sash
|-damage|p1a: Toxapex|1/100
|replace|p1a: Zoroark|Zoroark, F
|-end|p1a: Zoroark|Illusion
|
|upkeep
|turn|4
|
|t:|1779652969
|move|p2a: Raging Bolt|Thunderclap|p1a: Zoroark
|-damage|p1a: Zoroark|0 fnt
|faint|p1a: Zoroark
|
|upkeep
|
|t:|1779652974
|switch|p1a: Garchomp|Garchomp, M|100/100
|turn|5
|
|t:|1779652981
|-end|p2a: Raging Bolt|Protosynthesis|[silent]
|switch|p2a: Gholdengo|Gholdengo|100/100
|-item|p2a: Gholdengo|Air Balloon
|move|p1a: Garchomp|Scale Shot|p2a: Gholdengo
|-resisted|p2a: Gholdengo
|-damage|p2a: Gholdengo|93/100
|-enditem|p2a: Gholdengo|Air Balloon
|-resisted|p2a: Gholdengo
|-damage|p2a: Gholdengo|85/100
|-resisted|p2a: Gholdengo
|-damage|p2a: Gholdengo|79/100
|-resisted|p2a: Gholdengo
|-damage|p2a: Gholdengo|71/100
|-resisted|p2a: Gholdengo
|-damage|p2a: Gholdengo|63/100
|-hitcount|p2a: Gholdengo|5
|-unboost|p1a: Garchomp|def|1
|-boost|p1a: Garchomp|spe|1
|
|upkeep
|turn|6
|inactive|DopeyDawg has 120 seconds left.
|
|t:|1779653019
|switch|p2a: Raging Bolt|Raging Bolt|21/100
|move|p1a: Garchomp|Earthquake|p2a: Raging Bolt
|-supereffective|p2a: Raging Bolt
|-crit|p2a: Raging Bolt
|-damage|p2a: Raging Bolt|0 fnt
|faint|p2a: Raging Bolt
|-end|p2a: Raging Bolt|Protosynthesis|[silent]
|
|upkeep
|
|t:|1779653024
|switch|p2a: Darkrai|Darkrai|100/100
|turn|7
|inactive|DopeyDawg has 120 seconds left.
|
|t:|1779653040
|move|p1a: Garchomp|Earthquake|p2a: Darkrai
|-damage|p2a: Darkrai|36/100
|move|p2a: Darkrai|Nasty Plot|p2a: Darkrai
|-boost|p2a: Darkrai|spa|2
|
|-heal|p2a: Darkrai|42/100|[from] item: Leftovers
|upkeep
|turn|8
|inactive|DopeyDawg has 120 seconds left.
|
|t:|1779653051
|move|p1a: Garchomp|Earthquake|p2a: Darkrai
|-damage|p2a: Darkrai|0 fnt
|faint|p2a: Darkrai
|
|upkeep
|
|t:|1779653053
|switch|p2a: Hatterene|Hatterene, F|100/100
|turn|9
|inactive|DopeyDawg has 120 seconds left.
|
|t:|1779653074
|-terastallize|p1a: Garchomp|Steel
|move|p1a: Garchomp|Iron Head|p2a: Hatterene
|-supereffective|p2a: Hatterene
|-crit|p2a: Hatterene
|-damage|p2a: Hatterene|0 fnt
|faint|p2a: Hatterene
|
|upkeep
|
|t:|1779653080
|switch|p2a: Zamazenta|Zamazenta|100/100
|turn|10
|inactive|DopeyDawg has 120 seconds left.
|
|t:|1779653086
|move|p1a: Garchomp|Earthquake|p2a: Zamazenta
|-damage|p2a: Zamazenta|60/100
|move|p2a: Zamazenta|Reflect|p2a: Zamazenta
|-sidestart|p2: Smoke break mons|Reflect
|
|upkeep
|turn|11
|inactive|DopeyDawg has 120 seconds left.
|
|t:|1779653098
|switch|p1a: Toxapex|Toxapex, F|100/100
|switch|p2a: Tornadus|Tornadus-Therian, M|100/100
|
|upkeep
|turn|12
|
|t:|1779653104
|-terastallize|p2a: Tornadus|Steel
|move|p2a: Tornadus|Nasty Plot|p2a: Tornadus
|-boost|p2a: Tornadus|spa|2
|move|p1a: Toxapex|Toxic|p2a: Tornadus
|-immune|p2a: Tornadus
|
|upkeep
|turn|13
|
|t:|1779653113
|move|p2a: Tornadus|Nasty Plot|p2a: Tornadus
|-boost|p2a: Tornadus|spa|2
|move|p1a: Toxapex|Haze|p1a: Toxapex
|-clearallboost
|
|upkeep
|turn|14
|
|t:|1779653121
|move|p2a: Tornadus|Nasty Plot|p2a: Tornadus
|-boost|p2a: Tornadus|spa|2
|move|p1a: Toxapex|Haze|p1a: Toxapex
|-clearallboost
|
|upkeep
|turn|15
|
|t:|1779653130
|switch|p2a: Gholdengo|Gholdengo|63/100
|switch|p1a: Ninetales|Ninetales, F|100/100
|-weather|SunnyDay|[from] ability: Drought|[of] p1a: Ninetales
|
|-weather|SunnyDay|[upkeep]
|upkeep
|turn|16
|
|t:|1779653140
|move|p1a: Ninetales|Weather Ball|p2a: Gholdengo
|-supereffective|p2a: Gholdengo
|-damage|p2a: Gholdengo|0 fnt
|faint|p2a: Gholdengo
|
|-weather|SunnyDay|[upkeep]
|upkeep
|
|t:|1779653142
|switch|p2a: Zamazenta|Zamazenta|60/100
|turn|17
|
|t:|1779653154
|move|p2a: Zamazenta|Light Screen|p2a: Zamazenta
|-sidestart|p2: Smoke break mons|move: Light Screen
|move|p1a: Ninetales|Weather Ball|p2a: Zamazenta
|-damage|p2a: Zamazenta|45/100
|
|-weather|SunnyDay|[upkeep]
|-sideend|p2: Smoke break mons|Reflect
|upkeep
|turn|18
|
|t:|1779653159
|switch|p2a: Tornadus|Tornadus-Therian, M, tera:Steel|100/100
|move|p1a: Ninetales|Encore||[still]
|-fail|p1a: Ninetales
|
|-weather|SunnyDay|[upkeep]
|upkeep
|turn|19
|
|t:|1779653165
|move|p2a: Tornadus|Nasty Plot|p2a: Tornadus
|-boost|p2a: Tornadus|spa|2
|move|p1a: Ninetales|Weather Ball|p2a: Tornadus
|-supereffective|p2a: Tornadus
|-damage|p2a: Tornadus|49/100
|
|-weather|SunnyDay|[upkeep]
|upkeep
|turn|20
|
|t:|1779653176
|move|p2a: Tornadus|Bleakwind Storm|p1a: Ninetales
|-damage|p1a: Ninetales|0 fnt
|faint|p1a: Ninetales
|-damage|p2a: Tornadus|40/100|[from] item: Life Orb
|
|-weather|SunnyDay|[upkeep]
|upkeep
|
|t:|1779653185
|switch|p1a: Venusaur|Venusaur, M|100/100
|turn|21
|
|t:|1779653193
|switch|p2a: Zamazenta|Zamazenta|45/100
|move|p1a: Venusaur|Earth Power|p2a: Zamazenta
|-damage|p2a: Zamazenta|37/100
|
|-weather|SunnyDay|[upkeep]
|upkeep
|turn|22
|
|t:|1779653206
|switch|p2a: Tornadus|Tornadus-Therian, M, tera:Steel|73/100
|move|p1a: Venusaur|Growth|p1a: Venusaur
|-boost|p1a: Venusaur|atk|2
|-boost|p1a: Venusaur|spa|2
|
|-weather|none
|upkeep
|turn|23
|
|t:|1779653214
|move|p2a: Tornadus|Bleakwind Storm|p1a: Venusaur
|-supereffective|p1a: Venusaur
|-damage|p1a: Venusaur|8/100
|-damage|p2a: Tornadus|63/100|[from] item: Life Orb
|move|p1a: Venusaur|Earth Power|p2a: Tornadus
|-supereffective|p2a: Tornadus
|-damage|p2a: Tornadus|13/100
|-unboost|p2a: Tornadus|spd|1
|
|-heal|p1a: Venusaur|14/100|[from] item: Leftovers
|upkeep
|turn|24
|
|t:|1779653229
|switch|p2a: Zamazenta|Zamazenta|37/100
|move|p1a: Venusaur|Earth Power|p2a: Zamazenta
|-damage|p2a: Zamazenta|20/100
|
|-heal|p1a: Venusaur|20/100|[from] item: Leftovers
|-sideend|p2: Smoke break mons|move: Light Screen
|upkeep
|turn|25
|
|t:|1779653238
|move|p2a: Zamazenta|Light Screen|p2a: Zamazenta
|-sidestart|p2: Smoke break mons|move: Light Screen
|move|p1a: Venusaur|Earth Power|p2a: Zamazenta
|-damage|p2a: Zamazenta|2/100
|
|-heal|p1a: Venusaur|26/100|[from] item: Leftovers
|upkeep
|turn|26
|
|t:|1779653245
|move|p2a: Zamazenta|Close Combat|p1a: Venusaur
|-resisted|p1a: Venusaur
|-damage|p1a: Venusaur|4/100
|-unboost|p2a: Zamazenta|def|1
|-unboost|p2a: Zamazenta|spd|1
|move|p1a: Venusaur|Sunny Day|p1a: Venusaur
|-weather|SunnyDay
|
|-weather|SunnyDay|[upkeep]
|-heal|p1a: Venusaur|10/100|[from] item: Leftovers
|upkeep
|turn|27
|
|t:|1779653253
|move|p2a: Zamazenta|Reflect|p2a: Zamazenta
|-sidestart|p2: Smoke break mons|Reflect
|move|p1a: Venusaur|Earth Power|p2a: Zamazenta
|-damage|p2a: Zamazenta|0 fnt
|faint|p2a: Zamazenta
|
|-weather|SunnyDay|[upkeep]
|-heal|p1a: Venusaur|16/100|[from] item: Leftovers
|upkeep
|
|t:|1779653258
|switch|p2a: Tornadus|Tornadus-Therian, M, tera:Steel|46/100
|turn|28
|
|t:|1779653262
|move|p1a: Venusaur|Earth Power|p2a: Tornadus
|-supereffective|p2a: Tornadus
|-damage|p2a: Tornadus|0 fnt
|faint|p2a: Tornadus
|
|win|DopeyDawg
|raw|DopeyDawg's rating: 1283 &rarr; <strong>1311</strong><br />(+28 for winning)
|raw|Smoke break mons's rating: 1324 &rarr; <strong>1302</strong><br />(-22 for losing)
|l|☆Smoke break mons
|player|p2|
|l|☆DopeyDawg
|player|p1|
