|j|☆Juggagu
|j|☆immaterial-light
|t:|1779681877
|gametype|singles
|player|p1|Juggagu|blue-gen3champion|1496
|player|p2|immaterial-light|265|1504
|gen|9
|tier|[Gen 9] OU
|rated|
|rule|HP Percentage Mod: HP is shown in percentages
|rule|Endless Battle Clause: Forcing endless battles is banned
|rule|Species Clause: Limit one of each Pokémon
|rule|OHKO Clause: OHKO moves are banned
|rule|Evasion Items Clause: Evasion items are banned
|rule|Evasion Moves Clause: Evasion moves are banned
|rule|Evasion Abilities Clause: Evasion abilities are banned
|rule|Sleep Moves Clause: Sleep-inducing moves are banned
|clearpoke
|poke|p1|Dragonite, F|
|poke|p1|Samurott-Hisui, F|
|poke|p1|Gholdengo|
|poke|p1|Pecharunt|
|poke|p1|Walking Wake|
|poke|p1|Ting-Lu|
|poke|p2|Cresselia, F|
|poke|p2|Hatterene, F|
|poke|p2|Iron Hands|
|poke|p2|Ursaluna, F|
|poke|p2|Torkoal, F|
|poke|p2|Porygon2|
|teampreview
|inactive|Battle timer is ON: inactive players will automatically lose when time's up. (requested by Juggagu)
|
|t:|1779681888
|teamsize|p1|6
|teamsize|p2|6
|start
|switch|p1a: Samurott|Samurott-Hisui, F|100/100
|switch|p2a: Porygon2|Porygon2|100/100
|-ability|p2a: Porygon2|Download|boost
|-boost|p2a: Porygon2|atk|1
|turn|1
|
|t:|1779681899
|move|p1a: Samurott|Ceaseless Edge|p2a: Porygon2|[miss]
|-miss|p1a: Samurott|p2a: Porygon2
|move|p2a: Porygon2|Trick Room|p2a: Porygon2
|-fieldstart|move: Trick Room|[of] p2a: Porygon2
|
|upkeep
|turn|2
|
|t:|1779681903
|move|p2a: Porygon2|Hyper Beam|p1a: Samurott
|-damage|p1a: Samurott|51/100
|-mustrecharge|p2a: Porygon2
|move|p1a: Samurott|Ceaseless Edge|p2a: Porygon2
|-damage|p2a: Porygon2|73/100
|-sidestart|p2: immaterial-light|Spikes
|
|upkeep
|turn|3
|
|t:|1779681906
|cant|p2a: Porygon2|recharge
|move|p1a: Samurott|Knock Off|p2a: Porygon2
|-damage|p2a: Porygon2|47/100
|-enditem|p2a: Porygon2|Eviolite|[from] move: Knock Off|[of] p1a: Samurott
|
|upkeep
|turn|4
|
|t:|1779681916
|switch|p2a: Iron Hands|Iron Hands|100/100
|-damage|p2a: Iron Hands|88/100|[from] Spikes
|-enditem|p2a: Iron Hands|Booster Energy
|-activate|p2a: Iron Hands|ability: Quark Drive|[fromitem]
|-start|p2a: Iron Hands|quarkdriveatk
|move|p1a: Samurott|Flip Turn|p2a: Iron Hands
|-damage|p2a: Iron Hands|72/100
|
|t:|1779681927
|switch|p1a: Pecharunt|Pecharunt|100/100|[from] Flip Turn
|
|upkeep
|turn|5
|
|t:|1779681932
|move|p2a: Iron Hands|Swords Dance|p2a: Iron Hands
|-boost|p2a: Iron Hands|atk|2
|move|p1a: Pecharunt|Nasty Plot|p1a: Pecharunt
|-boost|p1a: Pecharunt|spa|2
|
|-fieldend|move: Trick Room
|upkeep
|turn|6
|
|t:|1779681938
|move|p1a: Pecharunt|Malignant Chain|p2a: Iron Hands
|-damage|p2a: Iron Hands|17/100
|-status|p2a: Iron Hands|tox
|-start|p2a: Iron Hands|confusion|[from] ability: Poison Puppeteer|[of] p1a: Pecharunt
|-activate|p2a: Iron Hands|confusion
|move|p2a: Iron Hands|Thunder Punch|p1a: Pecharunt
|-damage|p1a: Pecharunt|29/100
|
|-damage|p2a: Iron Hands|11/100 tox|[from] psn
|upkeep
|turn|7
|
|t:|1779681950
|move|p1a: Pecharunt|Recover|p1a: Pecharunt
|-heal|p1a: Pecharunt|79/100
|-activate|p2a: Iron Hands|confusion
|-damage|p2a: Iron Hands|0 fnt|[from] confusion
|faint|p2a: Iron Hands
|-end|p2a: Iron Hands|Quark Drive|[silent]
|
|upkeep
|
|t:|1779681956
|switch|p2a: Cresselia|Cresselia, F|100/100
|turn|8
|
|t:|1779681960
|-terastallize|p2a: Cresselia|Poison
|move|p1a: Pecharunt|Shadow Ball|p2a: Cresselia
|-damage|p2a: Cresselia|68/100
|move|p2a: Cresselia|Trick Room|p2a: Cresselia
|-fieldstart|move: Trick Room|[of] p2a: Cresselia
|
|upkeep
|turn|9
|
|t:|1779681972
|switch|p2a: Ursaluna|Ursaluna, F|100/100
|-damage|p2a: Ursaluna|88/100|[from] Spikes
|move|p1a: Pecharunt|Shadow Ball|p2a: Ursaluna
|-immune|p2a: Ursaluna
|
|-status|p2a: Ursaluna|brn|[from] item: Flame Orb
|upkeep
|turn|10
|
|t:|1779681987
|move|p2a: Ursaluna|Headlong Rush|p1a: Pecharunt
|-supereffective|p1a: Pecharunt
|-damage|p1a: Pecharunt|0 fnt
|-unboost|p2a: Ursaluna|def|1
|-unboost|p2a: Ursaluna|spd|1
|faint|p1a: Pecharunt
|
|-damage|p2a: Ursaluna|82/100 brn|[from] brn
|upkeep
|
|t:|1779681997
|switch|p1a: Dragonite|Dragonite, F|100/100
|turn|11
|
|t:|1779682000
|move|p2a: Ursaluna|Facade|p1a: Dragonite
|-damage|p1a: Dragonite|41/100
|move|p1a: Dragonite|Low Kick|p2a: Ursaluna
|-supereffective|p2a: Ursaluna
|-damage|p2a: Ursaluna|0 fnt
|faint|p2a: Ursaluna
|
|upkeep
|
|t:|1779682011
|switch|p2a: Torkoal|Torkoal, F|100/100
|-damage|p2a: Torkoal|88/100|[from] Spikes
|-weather|SunnyDay|[from] ability: Drought|[of] p2a: Torkoal
|turn|12
|
|t:|1779682020
|switch|p1a: Walking Wake|Walking Wake|100/100
|-activate|p1a: Walking Wake|ability: Protosynthesis
|-start|p1a: Walking Wake|protosynthesisspe
|move|p2a: Torkoal|Eruption|p1a: Walking Wake
|-resisted|p1a: Walking Wake
|-damage|p1a: Walking Wake|63/100
|
|-weather|SunnyDay|[upkeep]
|-fieldend|move: Trick Room
|upkeep
|turn|13
|
|t:|1779682033
|switch|p2a: Cresselia|Cresselia, F, tera:Poison|68/100
|move|p1a: Walking Wake|Surf|p2a: Cresselia
|-damage|p2a: Cresselia|54/100
|
|-weather|SunnyDay|[upkeep]
|upkeep
|turn|14
|
|t:|1779682038
|move|p1a: Walking Wake|Draco Meteor|p2a: Cresselia
|-damage|p2a: Cresselia|11/100
|-unboost|p1a: Walking Wake|spa|2
|move|p2a: Cresselia|Moonlight|p2a: Cresselia
|-heal|p2a: Cresselia|77/100
|
|-weather|SunnyDay|[upkeep]
|upkeep
|turn|15
|
|t:|1779682047
|move|p1a: Walking Wake|Knock Off|p2a: Cresselia
|-damage|p2a: Cresselia|69/100
|-enditem|p2a: Cresselia|Mental Herb|[from] move: Knock Off|[of] p1a: Walking Wake
|move|p2a: Cresselia|Trick Room|p2a: Cresselia
|-fieldstart|move: Trick Room|[of] p2a: Cresselia
|
|-weather|SunnyDay|[upkeep]
|upkeep
|turn|16
|
|t:|1779682073
|move|p2a: Cresselia|Lunar Dance|p2a: Cresselia
|faint|p2a: Cresselia
|move|p1a: Walking Wake|Flip Turn|p2: Cresselia|[notarget]
|-fail|p1a: Walking Wake
|
|-weather|none
|-end|p1a: Walking Wake|Protosynthesis
|upkeep
|
|t:|1779682075
|switch|p2a: Porygon2|Porygon2|47/100
|-heal|p2a: Porygon2|100/100|[from] move: Lunar Dance
|-damage|p2a: Porygon2|88/100|[from] Spikes
|-ability|p2a: Porygon2|Download|boost
|-boost|p2a: Porygon2|spa|1
|turn|17
|
|t:|1779682081
|move|p2a: Porygon2|Shadow Ball|p1a: Walking Wake
|-damage|p1a: Walking Wake|15/100
|move|p1a: Walking Wake|Flip Turn|p2a: Porygon2
|-damage|p2a: Porygon2|71/100
|
|t:|1779682087
|-end|p1a: Walking Wake|Protosynthesis|[silent]
|switch|p1a: Ting-Lu|Ting-Lu|100/100|[from] Flip Turn
|-ability|p1a: Ting-Lu|Vessel of Ruin
|
|upkeep
|turn|18
|
|t:|1779682097
|switch|p2a: Hatterene|Hatterene, F|100/100
|-damage|p2a: Hatterene|88/100|[from] Spikes
|move|p1a: Ting-Lu|Stealth Rock|p2a: Hatterene
|move|p2a: Hatterene|Stealth Rock|p1a: Ting-Lu|[from] ability: Magic Bounce
|-sidestart|p1: Juggagu|move: Stealth Rock
|
|upkeep
|turn|19
|
|t:|1779682103
|move|p2a: Hatterene|Dazzling Gleam|p1a: Ting-Lu
|-supereffective|p1a: Ting-Lu
|-damage|p1a: Ting-Lu|59/100
|move|p1a: Ting-Lu|Ruination|p2a: Hatterene
|-damage|p2a: Hatterene|45/100
|
|-heal|p1a: Ting-Lu|65/100|[from] item: Leftovers
|-fieldend|move: Trick Room
|upkeep
|turn|20
|
|t:|1779682111
|switch|p1a: Gholdengo|Gholdengo|100/100
|-damage|p1a: Gholdengo|94/100|[from] Stealth Rock
|move|p2a: Hatterene|Trick Room|p2a: Hatterene
|-fieldstart|move: Trick Room|[of] p2a: Hatterene
|
|upkeep
|turn|21
|
|t:|1779682116
|move|p2a: Hatterene|Healing Wish|p2a: Hatterene
|faint|p2a: Hatterene
|move|p1a: Gholdengo|Make It Rain|p2: Hatterene|[notarget]
|-fail|p1a: Gholdengo
|
|upkeep
|
|t:|1779682118
|switch|p2a: Torkoal|Torkoal, F|88/100
|-heal|p2a: Torkoal|100/100|[from] move: Healing Wish
|-damage|p2a: Torkoal|88/100|[from] Spikes
|-weather|SunnyDay|[from] ability: Drought|[of] p2a: Torkoal
|turn|22
|
|t:|1779682123
|switch|p1a: Walking Wake|Walking Wake|15/100
|-activate|p1a: Walking Wake|ability: Protosynthesis
|-start|p1a: Walking Wake|protosynthesisspe
|move|p2a: Torkoal|Eruption|p1a: Walking Wake
|-resisted|p1a: Walking Wake
|-damage|p1a: Walking Wake|0 fnt
|faint|p1a: Walking Wake
|-end|p1a: Walking Wake|Protosynthesis|[silent]
|
|-weather|SunnyDay|[upkeep]
|upkeep
|
|t:|1779682129
|switch|p1a: Dragonite|Dragonite, F|41/100
|turn|23
|
|t:|1779682137
|move|p1a: Dragonite|Extreme Speed|p2a: Torkoal
|-damage|p2a: Torkoal|65/100
|move|p2a: Torkoal|Eruption|p1a: Dragonite
|-resisted|p1a: Dragonite
|-damage|p1a: Dragonite|4/100
|
|-weather|SunnyDay|[upkeep]
|upkeep
|turn|24
|
|t:|1779682143
|move|p1a: Dragonite|Extreme Speed|p2a: Torkoal
|-damage|p2a: Torkoal|43/100
|move|p2a: Torkoal|Eruption|p1a: Dragonite
|-resisted|p1a: Dragonite
|-damage|p1a: Dragonite|0 fnt
|faint|p1a: Dragonite
|
|-weather|SunnyDay|[upkeep]
|-fieldend|move: Trick Room
|upkeep
|
|t:|1779682158
|switch|p1a: Samurott|Samurott-Hisui, F|51/100
|-damage|p1a: Samurott|38/100|[from] Stealth Rock
|turn|25
|
|t:|1779682164
|move|p1a: Samurott|Knock Off|p2a: Torkoal
|-damage|p2a: Torkoal|13/100
|-enditem|p2a: Torkoal|Choice Specs|[from] move: Knock Off|[of] p1a: Samurott
|move|p2a: Torkoal|Eruption|p1a: Samurott
|-resisted|p1a: Samurott
|-damage|p1a: Samurott|34/100
|
|-weather|SunnyDay|[upkeep]
|upkeep
|turn|26
|
|t:|1779682170
|move|p1a: Samurott|Ceaseless Edge|p2a: Torkoal
|-damage|p2a: Torkoal|0 fnt
|-sidestart|p2: immaterial-light|Spikes
|faint|p2a: Torkoal
|
|-weather|none
|upkeep
|
|t:|1779682172
|switch|p2a: Porygon2|Porygon2|71/100
|-damage|p2a: Porygon2|55/100|[from] Spikes
|-ability|p2a: Porygon2|Download|boost
|-boost|p2a: Porygon2|atk|1
|turn|27
|
|t:|1779682182
|move|p1a: Samurott|Ceaseless Edge|p2a: Porygon2
|-damage|p2a: Porygon2|12/100
|-sidestart|p2: immaterial-light|Spikes
|move|p2a: Porygon2|Trick Room|p2a: Porygon2
|-fieldstart|move: Trick Room|[of] p2a: Porygon2
|
|upkeep
|turn|28
|inactive|immaterial-light has 120 seconds left.
|-message|immaterial-light forfeited.
|
|win|Juggagu
|raw|Juggagu's rating: 1496 &rarr; <strong>1516</strong><br />(+20 for winning)
|raw|immaterial-light's rating: 1504 &rarr; <strong>1484</strong><br />(-20 for losing)
|l|☆immaterial-light
|player|p2|
|l|☆Juggagu
|player|p1|
