|j|☆noellepy
|j|☆bradfish1761
|t:|1779711955
|gametype|singles
|player|p1|noellepy|cheryl|1132
|player|p2|bradfish1761|elesa|1136
|gen|9
|tier|[Gen 9] OU
|rated|
|rule|HP Percentage Mod: HP is shown in percentages
|rule|Endless Battle Clause: Forcing endless battles is banned
|rule|Species Clause: Limit one of each Pokémon
|rule|OHKO Clause: OHKO moves are banned
|rule|Evasion Items Clause: Evasion items are banned
|rule|Evasion Moves Clause: Evasion moves are banned
|rule|Evasion Abilities Clause: Evasion abilities are banned
|rule|Sleep Moves Clause: Sleep-inducing moves are banned
|clearpoke
|poke|p1|Heatran, F|
|poke|p1|Gholdengo|
|poke|p1|Zamazenta-*|
|poke|p1|Great Tusk|
|poke|p1|Darkrai|
|poke|p1|Dragapult, M|
|poke|p2|Electrode-Hisui|
|poke|p2|Pelipper, F|
|poke|p2|Gholdengo|
|poke|p2|Cinderace, M|
|poke|p2|Great Tusk|
|poke|p2|Darkrai|
|teampreview
|inactive|Battle timer is ON: inactive players will automatically lose when time's up. (requested by bradfish1761)
|
|t:|1779711973
|teamsize|p1|6
|teamsize|p2|6
|start
|switch|p1a: Great Tusk|Great Tusk|100/100
|switch|p2a: Pelipper|Pelipper, F|100/100
|-weather|RainDance|[from] ability: Drizzle|[of] p2a: Pelipper
|-enditem|p1a: Great Tusk|Booster Energy
|-activate|p1a: Great Tusk|ability: Protosynthesis|[fromitem]
|-start|p1a: Great Tusk|protosynthesisspe
|turn|1
|
|t:|1779711983
|move|p1a: Great Tusk|Bulk Up|p1a: Great Tusk
|-boost|p1a: Great Tusk|atk|1
|-boost|p1a: Great Tusk|def|1
|move|p2a: Pelipper|Weather Ball|p1a: Great Tusk
|-supereffective|p1a: Great Tusk
|-damage|p1a: Great Tusk|0 fnt
|faint|p1a: Great Tusk
|-end|p1a: Great Tusk|Protosynthesis|[silent]
|
|-weather|RainDance|[upkeep]
|upkeep
|
|t:|1779712003
|switch|p1a: Gholdengo|Gholdengo|100/100
|turn|2
|
|t:|1779712008
|move|p1a: Gholdengo|Thunderbolt|p2a: Pelipper
|-supereffective|p2a: Pelipper
|-damage|p2a: Pelipper|0 fnt
|faint|p2a: Pelipper
|
|-weather|RainDance|[upkeep]
|upkeep
|
|t:|1779712011
|switch|p2a: Electrode|Electrode-Hisui|100/100
|turn|3
|
|t:|1779712034
|switch|p1a: Heatran|Heatran, F|100/100
|-item|p1a: Heatran|Air Balloon
|-terastallize|p2a: Electrode|Electric
|move|p2a: Electrode|Thunder|p1a: Heatran
|-damage|p1a: Heatran|40/100
|-enditem|p1a: Heatran|Air Balloon
|
|-weather|RainDance|[upkeep]
|upkeep
|turn|4
|
|t:|1779712046
|move|p2a: Electrode|Thunder|p1a: Heatran
|-damage|p1a: Heatran|0 fnt
|faint|p1a: Heatran
|
|-weather|RainDance|[upkeep]
|upkeep
|
|t:|1779712054
|switch|p1a: Zamazenta|Zamazenta|100/100
|-ability|p1a: Zamazenta|Dauntless Shield|boost
|-boost|p1a: Zamazenta|def|1
|turn|5
|
|t:|1779712058
|move|p2a: Electrode|Thunder|p1a: Zamazenta
|-damage|p1a: Zamazenta|14/100
|move|p1a: Zamazenta|Close Combat|p2a: Electrode
|-damage|p2a: Electrode|0 fnt
|-unboost|p1a: Zamazenta|def|1
|-unboost|p1a: Zamazenta|spd|1
|-damage|p1a: Zamazenta|0 fnt|[from] ability: Aftermath|[of] p2a: Electrode
|faint|p2a: Electrode
|faint|p1a: Zamazenta
|
|-weather|RainDance|[upkeep]
|upkeep
|
|t:|1779712073
|switch|p2a: Great Tusk|Great Tusk|100/100
|switch|p1a: Dragapult|Dragapult, M|100/100
|turn|6
|
|t:|1779712079
|move|p1a: Dragapult|Reflect|p1a: Dragapult
|-sidestart|p1: noellepy|Reflect
|move|p2a: Great Tusk|Knock Off|p1a: Dragapult
|-supereffective|p1a: Dragapult
|-damage|p1a: Dragapult|60/100
|-enditem|p1a: Dragapult|Light Clay|[from] move: Knock Off|[of] p2a: Great Tusk
|
|-weather|RainDance|[upkeep]
|upkeep
|turn|7
|
|t:|1779712085
|move|p1a: Dragapult|Light Screen|p1a: Dragapult
|-sidestart|p1: noellepy|move: Light Screen
|move|p2a: Great Tusk|Bulk Up|p2a: Great Tusk
|-boost|p2a: Great Tusk|atk|1
|-boost|p2a: Great Tusk|def|1
|
|-weather|RainDance|[upkeep]
|upkeep
|turn|8
|
|t:|1779712088
|move|p2a: Great Tusk|Bulk Up|p2a: Great Tusk
|-boost|p2a: Great Tusk|atk|1
|-boost|p2a: Great Tusk|def|1
|move|p1a: Dragapult|Dragon Tail|p2a: Great Tusk
|-crit|p2a: Great Tusk
|-damage|p2a: Great Tusk|75/100
|-end|p2a: Great Tusk|Protosynthesis|[silent]
|drag|p2a: Darkrai|Darkrai|100/100
|
|-weather|none
|upkeep
|turn|9
|
|t:|1779712096
|move|p2a: Darkrai|Dark Pulse|p1a: Dragapult
|-supereffective|p1a: Dragapult
|-damage|p1a: Dragapult|10/100
|-start|p2a: Darkrai|Disable|Dark Pulse|[from] ability: Cursed Body|[of] p1a: Dragapult
|cant|p1a: Dragapult|flinch
|
|upkeep
|turn|10
|
|t:|1779712103
|switch|p2a: Great Tusk|Great Tusk|75/100
|move|p1a: Dragapult|Draco Meteor|p2a: Great Tusk
|-damage|p2a: Great Tusk|12/100
|-unboost|p1a: Dragapult|spa|2
|
|-heal|p2a: Great Tusk|18/100|[from] item: Leftovers
|upkeep
|turn|11
|
|t:|1779712111
|move|p1a: Dragapult|Draco Meteor|p2a: Great Tusk
|-damage|p2a: Great Tusk|0 fnt
|-unboost|p1a: Dragapult|spa|2
|faint|p2a: Great Tusk
|-end|p2a: Great Tusk|Protosynthesis|[silent]
|
|-sideend|p1: noellepy|move: Light Screen
|upkeep
|
|t:|1779712117
|switch|p2a: Darkrai|Darkrai|100/100
|turn|12
|
|t:|1779712124
|move|p2a: Darkrai|Dark Pulse|p1a: Dragapult
|-supereffective|p1a: Dragapult
|-damage|p1a: Dragapult|0 fnt
|faint|p1a: Dragapult
|
|upkeep
|
|t:|1779712126
|switch|p1a: Darkrai|Darkrai|100/100
|turn|13
|
|t:|1779712131
|move|p2a: Darkrai|Dark Pulse|p1a: Darkrai
|-resisted|p1a: Darkrai
|-damage|p1a: Darkrai|69/100
|move|p1a: Darkrai|Thunder Wave|p2a: Darkrai
|-status|p2a: Darkrai|par
|
|-sideend|p1: noellepy|Reflect
|upkeep
|turn|14
|
|t:|1779712136
|switch|p1a: Gholdengo|Gholdengo|100/100
|cant|p2a: Darkrai|par
|
|upkeep
|turn|15
|
|t:|1779712141
|move|p1a: Gholdengo|Focus Blast|p2a: Darkrai
|-supereffective|p2a: Darkrai
|-damage|p2a: Darkrai|0 fnt
|faint|p2a: Darkrai
|
|upkeep
|
|t:|1779712144
|switch|p2a: Cinderace|Cinderace, M|100/100
|turn|16
|
|t:|1779712151
|-terastallize|p1a: Gholdengo|Water
|move|p2a: Cinderace|Pyro Ball|p1a: Gholdengo
|-resisted|p1a: Gholdengo
|-damage|p1a: Gholdengo|74/100
|move|p1a: Gholdengo|Focus Blast|p2a: Cinderace
|-damage|p2a: Cinderace|45/100
|
|upkeep
|turn|17
|
|t:|1779712156
|switch|p2a: Gholdengo|Gholdengo|100/100
|move|p1a: Gholdengo|Focus Blast|p2a: Gholdengo
|-immune|p2a: Gholdengo
|
|upkeep
|turn|18
|
|t:|1779712158
|switch|p1a: Darkrai|Darkrai|69/100
|move|p2a: Gholdengo|Thunder|p1a: Darkrai|[miss]
|-miss|p2a: Gholdengo|p1a: Darkrai
|
|upkeep
|turn|19
|
|t:|1779712165
|move|p2a: Gholdengo|Thunder|p1a: Darkrai
|-damage|p1a: Darkrai|16/100
|move|p1a: Darkrai|Nasty Plot|p1a: Darkrai
|-boost|p1a: Darkrai|spa|2
|
|upkeep
|turn|20
|
|t:|1779712171
|move|p2a: Gholdengo|Thunder|p1a: Darkrai
|-damage|p1a: Darkrai|0 fnt
|faint|p1a: Darkrai
|
|upkeep
|
|t:|1779712173
|switch|p1a: Gholdengo|Gholdengo, tera:Water|74/100
|turn|21
|
|t:|1779712179
|move|p2a: Gholdengo|Thunder|p1a: Gholdengo|[miss]
|-miss|p2a: Gholdengo|p1a: Gholdengo
|move|p1a: Gholdengo|Shadow Ball|p2a: Gholdengo
|-supereffective|p2a: Gholdengo
|-damage|p2a: Gholdengo|5/100
|
|upkeep
|turn|22
|
|t:|1779712184
|move|p2a: Gholdengo|Thunder|p1a: Gholdengo
|-supereffective|p1a: Gholdengo
|-damage|p1a: Gholdengo|1/100
|move|p1a: Gholdengo|Shadow Ball|p2a: Gholdengo
|-supereffective|p2a: Gholdengo
|-damage|p2a: Gholdengo|0 fnt
|faint|p2a: Gholdengo
|
|upkeep
|
|t:|1779712188
|switch|p2a: Cinderace|Cinderace, M|45/100
|turn|23
|
|t:|1779712189
|move|p2a: Cinderace|U-turn|p1a: Gholdengo
|-start|p2a: Cinderace|typechange|Bug|[from] ability: Libero
|-damage|p1a: Gholdengo|0 fnt
|faint|p1a: Gholdengo
|
|win|bradfish1761
|raw|noellepy's rating: 1132 &rarr; <strong>1107</strong><br />(-25 for losing)
|raw|bradfish1761's rating: 1136 &rarr; <strong>1161</strong><br />(+25 for winning)
|c|☆bradfish1761|Gg
|l|☆noellepy
|player|p1|
|l|☆bradfish1761
|player|p2|
|j|☆bradfish1761
|player|p2|bradfish1761|elesa|
|l|☆bradfish1761
|player|p2|
