|j|☆Flexliks
|j|☆iosoyio
|t:|1779616678
|gametype|singles
|player|p1|Flexliks|bruno|1281
|player|p2|iosoyio|gambler|1225
|gen|9
|tier|[Gen 9] OU
|rated|
|rule|HP Percentage Mod: HP is shown in percentages
|rule|Endless Battle Clause: Forcing endless battles is banned
|rule|Species Clause: Limit one of each Pokémon
|rule|OHKO Clause: OHKO moves are banned
|rule|Evasion Items Clause: Evasion items are banned
|rule|Evasion Moves Clause: Evasion moves are banned
|rule|Evasion Abilities Clause: Evasion abilities are banned
|rule|Sleep Moves Clause: Sleep-inducing moves are banned
|clearpoke
|poke|p1|Blaziken, M|
|poke|p1|Landorus-Therian, M|
|poke|p1|Dragapult, F|
|poke|p1|Corviknight, F|
|poke|p1|Primarina, M|
|poke|p1|Gliscor, F|
|poke|p2|Grafaiai, F|
|poke|p2|Kilowattrel, F|
|poke|p2|Meowscarada, F|
|poke|p2|Garganacl, F|
|poke|p2|Ceruledge, M|
|poke|p2|Rillaboom, F|
|teampreview
|
|t:|1779616686
|teamsize|p1|6
|teamsize|p2|6
|start
|switch|p1a: Landorus|Landorus-Therian, M|100/100
|switch|p2a: Grafaiai|Grafaiai, F|100/100
|-ability|p1a: Landorus|Intimidate|boost
|-unboost|p2a: Grafaiai|atk|1
|turn|1
|
|t:|1779616695
|move|p2a: Grafaiai|Taunt|p1a: Landorus
|-start|p1a: Landorus|move: Taunt
|move|p1a: Landorus|Earth Power|p2a: Grafaiai
|-supereffective|p2a: Grafaiai
|-damage|p2a: Grafaiai|17/100
|
|-heal|p2a: Grafaiai|23/100|[from] item: Black Sludge
|upkeep
|turn|2
|
|t:|1779616702
|switch|p2a: Rillaboom|Rillaboom, F|100/100
|-fieldstart|move: Grassy Terrain|[from] ability: Grassy Surge|[of] p2a: Rillaboom
|move|p1a: Landorus|Earth Power|p2a: Rillaboom
|-resisted|p2a: Rillaboom
|-damage|p2a: Rillaboom|80/100
|
|-heal|p2a: Rillaboom|86/100|[from] Grassy Terrain
|upkeep
|turn|3
|
|t:|1779616710
|move|p1a: Landorus|U-turn|p2a: Rillaboom
|-supereffective|p2a: Rillaboom
|-damage|p2a: Rillaboom|49/100
|
|t:|1779616715
|switch|p1a: Corviknight|Corviknight, F|100/100|[from] U-turn
|-ability|p1a: Corviknight|Pressure
|move|p2a: Rillaboom|U-turn|p1a: Corviknight
|-resisted|p1a: Corviknight
|-damage|p1a: Corviknight|97/100
|-damage|p2a: Rillaboom|33/100|[from] item: Rocky Helmet|[of] p1a: Corviknight
|
|t:|1779616719
|switch|p2a: Ceruledge|Ceruledge, M|100/100|[from] U-turn
|
|upkeep
|turn|4
|
|t:|1779616730
|switch|p1a: Primarina|Primarina, M|100/100
|move|p2a: Ceruledge|Swords Dance|p2a: Ceruledge
|-boost|p2a: Ceruledge|atk|2
|
|upkeep
|turn|5
|
|t:|1779616736
|move|p2a: Ceruledge|Poltergeist|p1a: Primarina
|-activate|p1a: Primarina|move: Poltergeist|Assault Vest
|-damage|p1a: Primarina|0 fnt
|faint|p1a: Primarina
|
|upkeep
|
|t:|1779616741
|switch|p1a: Dragapult|Dragapult, F|100/100
|turn|6
|
|t:|1779616745
|move|p2a: Ceruledge|Shadow Sneak|p1a: Dragapult
|-supereffective|p1a: Dragapult
|-damage|p1a: Dragapult|0 fnt
|faint|p1a: Dragapult
|
|-fieldend|move: Grassy Terrain
|upkeep
|
|t:|1779616750
|switch|p1a: Landorus|Landorus-Therian, M|100/100
|-ability|p1a: Landorus|Intimidate|boost
|-unboost|p2a: Ceruledge|atk|1
|turn|7
|
|t:|1779616757
|switch|p2a: Rillaboom|Rillaboom, F|33/100
|-fieldstart|move: Grassy Terrain|[from] ability: Grassy Surge|[of] p2a: Rillaboom
|move|p1a: Landorus|Earth Power|p2a: Rillaboom
|-resisted|p2a: Rillaboom
|-damage|p2a: Rillaboom|11/100
|
|-heal|p2a: Rillaboom|17/100|[from] Grassy Terrain
|upkeep
|turn|8
|
|t:|1779616765
|switch|p2a: Ceruledge|Ceruledge, M|100/100
|move|p1a: Landorus|U-turn|p2a: Ceruledge
|-resisted|p2a: Ceruledge
|-damage|p2a: Ceruledge|95/100
|-ability|p2a: Ceruledge|Weak Armor|boost
|-unboost|p2a: Ceruledge|def|1
|-boost|p2a: Ceruledge|spe|2
|
|t:|1779616781
|switch|p1a: Blaziken|Blaziken, M|100/100|[from] U-turn
|
|-heal|p2a: Ceruledge|100/100|[from] Grassy Terrain
|upkeep
|turn|9
|
|t:|1779616790
|move|p2a: Ceruledge|Swords Dance|p2a: Ceruledge
|-boost|p2a: Ceruledge|atk|2
|move|p1a: Blaziken|Swords Dance|p1a: Blaziken
|-boost|p1a: Blaziken|atk|2
|
|-ability|p1a: Blaziken|Speed Boost|boost
|-boost|p1a: Blaziken|spe|1
|upkeep
|turn|10
|
|t:|1779616797
|move|p1a: Blaziken|Protect|p1a: Blaziken
|-singleturn|p1a: Blaziken|Protect
|move|p2a: Ceruledge|Poltergeist|p1a: Blaziken
|-activate|p1a: Blaziken|move: Protect
|
|-ability|p1a: Blaziken|Speed Boost|boost
|-boost|p1a: Blaziken|spe|1
|upkeep
|turn|11
|
|t:|1779616834
|-terastallize|p1a: Blaziken|Fighting
|move|p2a: Ceruledge|Poltergeist|p1a: Blaziken|[miss]
|-miss|p2a: Ceruledge|p1a: Blaziken
|move|p1a: Blaziken|Flare Blitz|p2a: Ceruledge
|-resisted|p2a: Ceruledge
|-damage|p2a: Ceruledge|0 fnt
|faint|p2a: Ceruledge
|-damage|p1a: Blaziken|67/100|[from] Recoil
|-damage|p1a: Blaziken|57/100|[from] item: Life Orb
|
|-heal|p1a: Blaziken|63/100|[from] Grassy Terrain
|-fieldend|move: Grassy Terrain
|-ability|p1a: Blaziken|Speed Boost|boost
|-boost|p1a: Blaziken|spe|1
|upkeep
|
|t:|1779616848
|switch|p2a: Grafaiai|Grafaiai, F|23/100
|turn|12
|
|t:|1779616852
|move|p2a: Grafaiai|Switcheroo|p1a: Blaziken
|-activate|p2a: Grafaiai|move: Trick|[of] p1a: Blaziken
|-item|p1a: Blaziken|Black Sludge|[from] move: Switcheroo
|-item|p2a: Grafaiai|Life Orb|[from] move: Switcheroo
|move|p1a: Blaziken|Close Combat|p2a: Grafaiai
|-damage|p2a: Grafaiai|0 fnt
|-unboost|p1a: Blaziken|def|1
|-unboost|p1a: Blaziken|spd|1
|faint|p2a: Grafaiai
|
|-damage|p1a: Blaziken|51/100|[from] item: Black Sludge
|-ability|p1a: Blaziken|Speed Boost|boost
|-boost|p1a: Blaziken|spe|1
|upkeep
|
|t:|1779616860
|switch|p2a: Garganacl|Garganacl, F, shiny|100/100
|turn|13
|
|t:|1779616866
|move|p1a: Blaziken|Close Combat|p2a: Garganacl
|-supereffective|p2a: Garganacl
|-damage|p2a: Garganacl|0 fnt
|-unboost|p1a: Blaziken|def|1
|-unboost|p1a: Blaziken|spd|1
|-damage|p1a: Blaziken|34/100|[from] item: Rocky Helmet|[of] p2a: Garganacl
|faint|p2a: Garganacl
|
|-damage|p1a: Blaziken|22/100|[from] item: Black Sludge
|-ability|p1a: Blaziken|Speed Boost|boost
|-boost|p1a: Blaziken|spe|1
|upkeep
|
|t:|1779616871
|switch|p2a: Rillaboom|Rillaboom, F|17/100
|-fieldstart|move: Grassy Terrain|[from] ability: Grassy Surge|[of] p2a: Rillaboom
|turn|14
|
|t:|1779616879
|move|p2a: Rillaboom|Grassy Glide|p1a: Blaziken
|-damage|p1a: Blaziken|0 fnt
|faint|p1a: Blaziken
|
|-heal|p2a: Rillaboom|23/100|[from] Grassy Terrain
|upkeep
|
|t:|1779616886
|switch|p1a: Gliscor|Gliscor, F|100/100
|turn|15
|
|t:|1779616893
|move|p2a: Rillaboom|Knock Off|p1a: Gliscor
|-damage|p1a: Gliscor|75/100
|-enditem|p1a: Gliscor|Toxic Orb|[from] move: Knock Off|[of] p2a: Rillaboom
|move|p1a: Gliscor|Swords Dance|p1a: Gliscor
|-boost|p1a: Gliscor|atk|2
|
|-heal|p2a: Rillaboom|29/100|[from] Grassy Terrain
|upkeep
|turn|16
|
|t:|1779616906
|move|p2a: Rillaboom|Drum Beating|p1a: Gliscor
|-damage|p1a: Gliscor|27/100
|-unboost|p1a: Gliscor|spe|1
|move|p1a: Gliscor|Knock Off|p2a: Rillaboom
|-damage|p2a: Rillaboom|0 fnt
|-enditem|p2a: Rillaboom|Miracle Seed|[from] move: Knock Off|[of] p1a: Gliscor
|faint|p2a: Rillaboom
|
|upkeep
|
|t:|1779616912
|switch|p2a: Meowscarada|Meowscarada, F|100/100
|turn|17
|
|t:|1779616918
|switch|p1a: Corviknight|Corviknight, F|97/100
|-ability|p1a: Corviknight|Pressure
|move|p2a: Meowscarada|Flower Trick|p1a: Corviknight
|-start|p2a: Meowscarada|typechange|Grass|[from] ability: Protean
|-resisted|p1a: Corviknight
|-crit|p1a: Corviknight
|-damage|p1a: Corviknight|85/100
|-damage|p2a: Meowscarada|91/100|[from] item: Life Orb
|
|-heal|p2a: Meowscarada|97/100|[from] Grassy Terrain
|upkeep
|turn|18
|
|t:|1779616935
|move|p2a: Meowscarada|U-turn|p1a: Corviknight
|-resisted|p1a: Corviknight
|-damage|p1a: Corviknight|80/100
|-damage|p2a: Meowscarada|80/100|[from] item: Rocky Helmet|[of] p1a: Corviknight
|-damage|p2a: Meowscarada|70/100|[from] item: Life Orb
|
|t:|1779616937
|switch|p2a: Kilowattrel|Kilowattrel, F|100/100|[from] U-turn
|move|p1a: Corviknight|U-turn|p2a: Kilowattrel
|-resisted|p2a: Kilowattrel
|-damage|p2a: Kilowattrel|87/100
|
|t:|1779616944
|switch|p1a: Landorus|Landorus-Therian, M|100/100|[from] U-turn
|-ability|p1a: Landorus|Intimidate|boost
|-unboost|p2a: Kilowattrel|atk|1
|
|-fieldend|move: Grassy Terrain
|upkeep
|turn|19
|
|t:|1779616959
|-terastallize|p2a: Kilowattrel|Normal
|move|p2a: Kilowattrel|Uproar|p1a: Landorus
|-damage|p1a: Landorus|39/100
|-start|p2a: Kilowattrel|Uproar
|move|p1a: Landorus|Stealth Rock|p2a: Kilowattrel
|-sidestart|p2: iosoyio|move: Stealth Rock
|
|-start|p2a: Kilowattrel|Uproar|[upkeep]
|upkeep
|turn|20
|
|t:|1779617012
|switch|p1a: Corviknight|Corviknight, F|80/100
|-ability|p1a: Corviknight|Pressure
|move|p2a: Kilowattrel|Uproar|p1a: Corviknight|[from] lockedmove
|-resisted|p1a: Corviknight
|-damage|p1a: Corviknight|52/100
|
|-start|p2a: Kilowattrel|Uproar|[upkeep]
|upkeep
|turn|21
|
|t:|1779617021
|move|p2a: Kilowattrel|Uproar|p1a: Corviknight|[from] lockedmove
|-resisted|p1a: Corviknight
|-damage|p1a: Corviknight|22/100
|move|p1a: Corviknight|Roost|p1a: Corviknight
|-heal|p1a: Corviknight|72/100
|-singleturn|p1a: Corviknight|move: Roost
|
|-end|p2a: Kilowattrel|Uproar
|upkeep
|turn|22
|
|t:|1779617030
|switch|p2a: Meowscarada|Meowscarada, F|70/100
|-damage|p2a: Meowscarada|58/100|[from] Stealth Rock
|switch|p1a: Landorus|Landorus-Therian, M|39/100
|-ability|p1a: Landorus|Intimidate|boost
|-unboost|p2a: Meowscarada|atk|1
|
|upkeep
|turn|23
|
|t:|1779617047
|switch|p2a: Kilowattrel|Kilowattrel, F, tera:Normal|87/100
|-damage|p2a: Kilowattrel|75/100|[from] Stealth Rock
|switch|p1a: Gliscor|Gliscor, F|27/100
|
|upkeep
|turn|24
|l|☆iosoyio
|player|p2|
|j|☆iosoyio
|player|p2|iosoyio|gambler|
|
|t:|1779617067
|move|p1a: Gliscor|Protect|p1a: Gliscor
|-singleturn|p1a: Gliscor|Protect
|move|p2a: Kilowattrel|Hurricane|p1a: Gliscor
|-activate|p1a: Gliscor|move: Protect
|
|upkeep
|turn|25
|
|t:|1779617079
|move|p2a: Kilowattrel|Hurricane|p1a: Gliscor
|-damage|p1a: Gliscor|0 fnt
|faint|p1a: Gliscor
|
|upkeep
|
|t:|1779617083
|switch|p1a: Landorus|Landorus-Therian, M|39/100
|-ability|p1a: Landorus|Intimidate|boost
|-unboost|p2a: Kilowattrel|atk|1
|turn|26
|
|t:|1779617090
|switch|p1a: Corviknight|Corviknight, F|72/100
|-ability|p1a: Corviknight|Pressure
|move|p2a: Kilowattrel|Hurricane|p1a: Corviknight
|-resisted|p1a: Corviknight
|-damage|p1a: Corviknight|34/100
|
|upkeep
|turn|27
|
|t:|1779617103
|switch|p2a: Meowscarada|Meowscarada, F|58/100
|-damage|p2a: Meowscarada|46/100|[from] Stealth Rock
|move|p1a: Corviknight|Roost|p1a: Corviknight
|-heal|p1a: Corviknight|84/100
|-singleturn|p1a: Corviknight|move: Roost
|
|upkeep
|turn|28
|
|t:|1779617111
|move|p2a: Meowscarada|Knock Off|p1a: Corviknight
|-start|p2a: Meowscarada|typechange|Dark|[from] ability: Protean
|-damage|p1a: Corviknight|49/100
|-damage|p2a: Meowscarada|30/100|[from] item: Rocky Helmet|[of] p1a: Corviknight
|-enditem|p1a: Corviknight|Rocky Helmet|[from] move: Knock Off|[of] p2a: Meowscarada
|-damage|p2a: Meowscarada|20/100|[from] item: Life Orb
|move|p1a: Corviknight|Brave Bird|p2a: Meowscarada
|-damage|p2a: Meowscarada|0 fnt
|faint|p2a: Meowscarada
|-damage|p1a: Corviknight|44/100|[from] Recoil
|
|upkeep
|
|t:|1779617122
|switch|p2a: Kilowattrel|Kilowattrel, F, tera:Normal|75/100
|-damage|p2a: Kilowattrel|62/100|[from] Stealth Rock
|turn|29
|
|t:|1779617130
|move|p2a: Kilowattrel|Hurricane|p1a: Corviknight
|-resisted|p1a: Corviknight
|-damage|p1a: Corviknight|8/100
|move|p1a: Corviknight|Roost|p1a: Corviknight
|-heal|p1a: Corviknight|58/100
|-singleturn|p1a: Corviknight|move: Roost
|
|upkeep
|turn|30
|
|t:|1779617137
|move|p2a: Kilowattrel|Hurricane|p1a: Corviknight|[miss]
|-miss|p2a: Kilowattrel|p1a: Corviknight
|move|p1a: Corviknight|Roost|p1a: Corviknight
|-heal|p1a: Corviknight|100/100
|-singleturn|p1a: Corviknight|move: Roost
|
|upkeep
|turn|31
|
|t:|1779617143
|move|p2a: Kilowattrel|Hurricane|p1a: Corviknight|[miss]
|-miss|p2a: Kilowattrel|p1a: Corviknight
|move|p1a: Corviknight|Brave Bird|p2a: Kilowattrel
|-damage|p2a: Kilowattrel|0 fnt
|faint|p2a: Kilowattrel
|-damage|p1a: Corviknight|86/100|[from] Recoil
|
|win|Flexliks
|raw|Flexliks's rating: 1281 &rarr; <strong>1302</strong><br />(+21 for winning)
|raw|iosoyio's rating: 1225 &rarr; <strong>1204</strong><br />(-21 for losing)
|l|☆iosoyio
|player|p2|
|l|☆Flexliks
|player|p1|
