|j|☆vapelordell
|j|☆minhoto
|t:|1779557961
|gametype|singles
|player|p1|vapelordell|101|1563
|player|p2|minhoto|170|1597
|gen|9
|tier|[Gen 9] OU
|rated|
|rule|HP Percentage Mod: HP is shown in percentages
|rule|Endless Battle Clause: Forcing endless battles is banned
|rule|Species Clause: Limit one of each Pokémon
|rule|OHKO Clause: OHKO moves are banned
|rule|Evasion Items Clause: Evasion items are banned
|rule|Evasion Moves Clause: Evasion moves are banned
|rule|Evasion Abilities Clause: Evasion abilities are banned
|rule|Sleep Moves Clause: Sleep-inducing moves are banned
|clearpoke
|poke|p1|Arcanine-Hisui, F|
|poke|p1|Darkrai|
|poke|p1|Gholdengo|
|poke|p1|Landorus-Therian, M|
|poke|p1|Kyurem|
|poke|p1|Zamazenta-*|
|poke|p2|Blissey, F|
|poke|p2|Corviknight, M|
|poke|p2|Cinderace, M|
|poke|p2|Dondozo, M|
|poke|p2|Slowking-Galar, F|
|poke|p2|Toxapex, F|
|teampreview
|inactive|Battle timer is ON: inactive players will automatically lose when time's up. (requested by minhoto)
|
|t:|1779557966
|teamsize|p1|6
|teamsize|p2|6
|start
|switch|p1a: Arcanine|Arcanine-Hisui, F|100/100
|switch|p2a: Toxapex|Toxapex, F|100/100
|turn|1
|
|t:|1779557969
|-terastallize|p1a: Arcanine|Rock
|move|p1a: Arcanine|Head Smash|p2a: Toxapex
|-damage|p2a: Toxapex|10/100
|-damage|p1a: Arcanine|84/100|[from] item: Rocky Helmet|[of] p2a: Toxapex
|move|p2a: Toxapex|Toxic|p1a: Arcanine
|-status|p1a: Arcanine|tox
|
|-damage|p1a: Arcanine|78/100 tox|[from] psn
|upkeep
|turn|2
|
|t:|1779557982
|switch|p2a: Blissey|Blissey, F|100/100
|move|p1a: Arcanine|Head Smash|p2a: Blissey|[miss]
|-miss|p1a: Arcanine|p2a: Blissey
|
|-damage|p1a: Arcanine|66/100 tox|[from] psn
|upkeep
|turn|3
|
|t:|1779557988
|move|p1a: Arcanine|Head Smash|p2a: Blissey
|-damage|p2a: Blissey|0 fnt
|faint|p2a: Blissey
|
|-damage|p1a: Arcanine|48/100 tox|[from] psn
|upkeep
|
|t:|1779557992
|switch|p2a: Dondozo|Dondozo, M|100/100
|turn|4
|
|t:|1779557995
|switch|p1a: Kyurem|Kyurem|100/100
|-ability|p1a: Kyurem|Pressure
|move|p2a: Dondozo|Curse|p2a: Dondozo
|-unboost|p2a: Dondozo|spe|1
|-boost|p2a: Dondozo|atk|1
|-boost|p2a: Dondozo|def|1
|
|upkeep
|turn|5
|
|t:|1779557999
|switch|p2a: Slowking|Slowking-Galar, F|100/100
|move|p1a: Kyurem|Freeze-Dry|p2a: Slowking
|-damage|p2a: Slowking|64/100
|
|-heal|p2a: Slowking|71/100|[from] item: Black Sludge
|upkeep
|turn|6
|
|t:|1779558004
|switch|p1a: Landorus|Landorus-Therian, M|100/100
|-ability|p1a: Landorus|Intimidate|boost
|-unboost|p2a: Slowking|atk|1
|move|p2a: Slowking|Trick|p1a: Landorus
|-activate|p2a: Slowking|move: Trick|[of] p1a: Landorus
|-item|p1a: Landorus|Black Sludge|[from] move: Trick
|-item|p2a: Slowking|Choice Band|[from] move: Trick
|
|-damage|p1a: Landorus|88/100|[from] item: Black Sludge
|upkeep
|turn|7
|
|t:|1779558008
|switch|p2a: Corviknight|Corviknight, M|100/100
|-ability|p2a: Corviknight|Pressure
|move|p1a: Landorus|Rock Slide|p2a: Corviknight
|-damage|p2a: Corviknight|80/100
|
|-damage|p1a: Landorus|76/100|[from] item: Black Sludge
|upkeep
|turn|8
|
|t:|1779558012
|switch|p1a: Gholdengo|Gholdengo|100/100
|move|p2a: Corviknight|U-turn|p1a: Gholdengo
|-resisted|p1a: Gholdengo
|-damage|p1a: Gholdengo|96/100
|
|t:|1779558014
|switch|p2a: Cinderace|Cinderace, M|100/100|[from] U-turn
|
|upkeep
|turn|9
|
|t:|1779558020
|switch|p1a: Landorus|Landorus-Therian, M|76/100
|-ability|p1a: Landorus|Intimidate|boost
|-unboost|p2a: Cinderace|atk|1
|move|p2a: Cinderace|Pyro Ball|p1a: Landorus
|-damage|p1a: Landorus|29/100
|
|-damage|p1a: Landorus|16/100|[from] item: Black Sludge
|upkeep
|turn|10
|
|t:|1779558023
|switch|p1a: Zamazenta|Zamazenta|100/100
|-ability|p1a: Zamazenta|Dauntless Shield|boost
|-boost|p1a: Zamazenta|def|1
|move|p2a: Cinderace|Pyro Ball|p1a: Zamazenta
|-damage|p1a: Zamazenta|78/100
|
|upkeep
|turn|11
|
|t:|1779558027
|switch|p2a: Toxapex|Toxapex, F|43/100
|move|p1a: Zamazenta|Close Combat|p2a: Toxapex
|-resisted|p2a: Toxapex
|-damage|p2a: Toxapex|13/100
|-unboost|p1a: Zamazenta|def|1
|-unboost|p1a: Zamazenta|spd|1
|-damage|p1a: Zamazenta|62/100|[from] item: Rocky Helmet|[of] p2a: Toxapex
|
|upkeep
|turn|12
|
|t:|1779558032
|switch|p2a: Slowking|Slowking-Galar, F|100/100
|move|p1a: Zamazenta|Close Combat|p2a: Slowking
|-resisted|p2a: Slowking
|-damage|p2a: Slowking|81/100
|-unboost|p1a: Zamazenta|def|1
|-unboost|p1a: Zamazenta|spd|1
|
|upkeep
|turn|13
|
|t:|1779558038
|switch|p1a: Gholdengo|Gholdengo|96/100
|-prepare|p2a: Slowking|Chilly Reception|[premajor]
|move|p2a: Slowking|Chilly Reception|p2a: Slowking
|-weather|Snowscape
|
|t:|1779558040
|switch|p2a: Cinderace|Cinderace, M|100/100|[from] Chilly Reception
|
|-weather|Snowscape|[upkeep]
|upkeep
|turn|14
|
|t:|1779558044
|move|p2a: Cinderace|Pyro Ball|p1a: Gholdengo
|-supereffective|p1a: Gholdengo
|-damage|p1a: Gholdengo|0 fnt
|faint|p1a: Gholdengo
|
|-weather|Snowscape|[upkeep]
|upkeep
|
|t:|1779558053
|switch|p1a: Darkrai|Darkrai, shiny|100/100
|turn|15
|
|t:|1779558056
|move|p1a: Darkrai|Dark Pulse|p2a: Cinderace
|-damage|p2a: Cinderace|0 fnt
|faint|p2a: Cinderace
|
|-weather|Snowscape|[upkeep]
|upkeep
|
|t:|1779558061
|switch|p2a: Toxapex|Toxapex, F|46/100
|turn|16
|
|t:|1779558063
|switch|p2a: Corviknight|Corviknight, M|80/100
|-ability|p2a: Corviknight|Pressure
|move|p1a: Darkrai|Dark Pulse|p2a: Corviknight
|-damage|p2a: Corviknight|30/100
|
|-weather|Snowscape|[upkeep]
|upkeep
|turn|17
|
|t:|1779558066
|move|p1a: Darkrai|Dark Pulse|p2a: Corviknight
|-damage|p2a: Corviknight|0 fnt
|faint|p2a: Corviknight
|
|-weather|none
|upkeep
|
|t:|1779558069
|switch|p2a: Toxapex|Toxapex, F|79/100
|turn|18
|
|t:|1779558070
|move|p1a: Darkrai|Dark Pulse|p2a: Toxapex
|-damage|p2a: Toxapex|27/100
|move|p2a: Toxapex|Recover|p2a: Toxapex
|-heal|p2a: Toxapex|77/100
|
|upkeep
|turn|19
|
|t:|1779558075
|switch|p1a: Landorus|Landorus-Therian, M|16/100
|-ability|p1a: Landorus|Intimidate|boost
|-unboost|p2a: Toxapex|atk|1
|move|p2a: Toxapex|Toxic|p1a: Landorus
|-status|p1a: Landorus|tox
|
|-damage|p1a: Landorus|4/100 tox|[from] item: Black Sludge
|-damage|p1a: Landorus|0 fnt|[from] psn
|faint|p1a: Landorus
|upkeep
|
|t:|1779558077
|switch|p1a: Arcanine|Arcanine-Hisui, F, tera:Rock|48/100 tox
|turn|20
|
|t:|1779558081
|move|p1a: Arcanine|Head Smash|p2a: Toxapex
|-damage|p2a: Toxapex|0 fnt
|-damage|p1a: Arcanine|31/100 tox|[from] item: Rocky Helmet|[of] p2a: Toxapex
|faint|p2a: Toxapex
|
|-damage|p1a: Arcanine|25/100 tox|[from] psn
|upkeep
|j| hattybatty304
|-message|minhoto forfeited.
|
|win|vapelordell
|raw|vapelordell's rating: 1563 &rarr; <strong>1585</strong><br />(+22 for winning)
|raw|minhoto's rating: 1597 &rarr; <strong>1575</strong><br />(-22 for losing)
|l|☆minhoto
|player|p2|
|l| hattybatty304
|l|☆vapelordell
|player|p1|
