|j|☆duduai
|j|☆Fireblaze343z
|t:|1779640039
|gametype|singles
|player|p1|duduai|170|1173
|player|p2|Fireblaze343z|volkner-masters|1164
|gen|9
|tier|[Gen 9] OU
|rated|
|rule|HP Percentage Mod: HP is shown in percentages
|rule|Endless Battle Clause: Forcing endless battles is banned
|rule|Species Clause: Limit one of each Pokémon
|rule|OHKO Clause: OHKO moves are banned
|rule|Evasion Items Clause: Evasion items are banned
|rule|Evasion Moves Clause: Evasion moves are banned
|rule|Evasion Abilities Clause: Evasion abilities are banned
|rule|Sleep Moves Clause: Sleep-inducing moves are banned
|clearpoke
|poke|p1|Chandelure, M|
|poke|p1|Samurott-Hisui, F|
|poke|p1|Pecharunt|
|poke|p1|Corviknight, M|
|poke|p1|Great Tusk|
|poke|p1|Kyurem|
|poke|p2|Dusknoir, M|
|poke|p2|Metagross|
|poke|p2|Cinderace, F|
|poke|p2|Porygon2|
|poke|p2|Zoroark-Hisui, F|
|poke|p2|Ninetales-Alola, F|
|teampreview
|inactive|Battle timer is ON: inactive players will automatically lose when time's up. (requested by Fireblaze343z)
|inactive|duduai also wants the timer to be on.
|
|t:|1779640062
|teamsize|p1|6
|teamsize|p2|6
|start
|switch|p1a: Chandelure|Chandelure, M|100/100
|switch|p2a: Floe|Ninetales-Alola, F, shiny|100/100
|-weather|Snowscape|[from] ability: Snow Warning|[of] p2a: Floe
|turn|1
|
|t:|1779640071
|move|p1a: Chandelure|Overheat|p2a: Floe
|-supereffective|p2a: Floe
|-damage|p2a: Floe|0 fnt
|-unboost|p1a: Chandelure|spa|2
|faint|p2a: Floe
|
|-weather|Snowscape|[upkeep]
|upkeep
|
|t:|1779640079
|switch|p2a: Dusk|Dusknoir, M|100/100
|-item|p1a: Chandelure|Choice Scarf|[from] ability: Frisk|[of] p2a: Dusk
|turn|2
|
|t:|1779640085
|switch|p1a: Samurott|Samurott-Hisui, F|100/100
|move|p2a: Dusk|Poltergeist|p1a: Samurott
|-activate|p1a: Samurott|move: Poltergeist|Assault Vest
|-resisted|p1a: Samurott
|-damage|p1a: Samurott|72/100
|
|-weather|Snowscape|[upkeep]
|upkeep
|turn|3
|
|t:|1779640096
|switch|p2a: Driver|Porygon2|100/100
|move|p1a: Samurott|Ceaseless Edge|p2a: Driver
|-damage|p2a: Driver|75/100
|-sidestart|p2: Fireblaze343z|Spikes
|
|-weather|Snowscape|[upkeep]
|upkeep
|turn|4
|
|t:|1779640104
|move|p1a: Samurott|Knock Off|p2a: Driver
|-damage|p2a: Driver|48/100
|-enditem|p2a: Driver|Eviolite|[from] move: Knock Off|[of] p1a: Samurott
|move|p2a: Driver|Tri Attack|p1a: Samurott
|-damage|p1a: Samurott|34/100
|
|-weather|Snowscape|[upkeep]
|upkeep
|turn|5
|
|t:|1779640114
|switch|p1a: Corviknight|Corviknight, M|100/100
|-ability|p1a: Corviknight|Pressure
|move|p2a: Driver|Tri Attack|p1a: Corviknight
|-resisted|p1a: Corviknight
|-damage|p1a: Corviknight|83/100
|
|-weather|none
|-heal|p1a: Corviknight|89/100|[from] item: Leftovers
|upkeep
|turn|6
|
|t:|1779640126
|move|p2a: Driver|Thunder Wave|p1a: Corviknight
|-status|p1a: Corviknight|par
|move|p1a: Corviknight|U-turn|p2a: Driver
|-damage|p2a: Driver|33/100
|
|t:|1779640132
|switch|p1a: Great Tusk|Great Tusk|100/100|[from] U-turn
|
|upkeep
|turn|7
|
|t:|1779640137
|move|p1a: Great Tusk|Stealth Rock|p2a: Driver
|-sidestart|p2: Fireblaze343z|move: Stealth Rock
|move|p2a: Driver|Psyshock|p1a: Great Tusk
|-supereffective|p1a: Great Tusk
|-damage|p1a: Great Tusk|59/100
|
|upkeep
|turn|8
|
|t:|1779640145
|move|p1a: Great Tusk|Headlong Rush|p2a: Driver
|-damage|p2a: Driver|0 fnt
|-unboost|p1a: Great Tusk|def|1
|-unboost|p1a: Great Tusk|spd|1
|faint|p2a: Driver
|
|upkeep
|
|t:|1779640161
|switch|p2a: Lord Cross|Metagross, shiny|100/100
|-damage|p2a: Lord Cross|88/100|[from] Spikes
|-damage|p2a: Lord Cross|76/100|[from] Stealth Rock
|turn|9
|
|t:|1779640166
|move|p2a: Lord Cross|Psychic|p1a: Great Tusk
|-supereffective|p1a: Great Tusk
|-damage|p1a: Great Tusk|0 fnt
|faint|p1a: Great Tusk
|-end|p1a: Great Tusk|Protosynthesis|[silent]
|
|upkeep
|
|t:|1779640172
|switch|p1a: Chandelure|Chandelure, M|100/100
|turn|10
|
|t:|1779640182
|switch|p2a: Cinderace|Cinderace, F|100/100
|move|p1a: Chandelure|Flamethrower|p2a: Cinderace
|-resisted|p2a: Cinderace
|-damage|p2a: Cinderace|61/100
|
|upkeep
|turn|11
|
|t:|1779640189
|move|p1a: Chandelure|Flamethrower|p2a: Cinderace
|-resisted|p2a: Cinderace
|-damage|p2a: Cinderace|26/100
|move|p2a: Cinderace|Court Change|p2a: Cinderace
|-start|p2a: Cinderace|typechange|Normal|[from] ability: Libero
|-swapsideconditions
|-activate|p2a: Cinderace|move: Court Change
|
|upkeep
|turn|12
|
|t:|1779640196
|switch|p2a: Dusk|Dusknoir, M|100/100
|-item|p1a: Chandelure|Choice Scarf|[from] ability: Frisk|[of] p2a: Dusk
|move|p1a: Chandelure|Flamethrower|p2a: Dusk
|-damage|p2a: Dusk|56/100
|
|-heal|p2a: Dusk|62/100|[from] item: Leftovers
|upkeep
|turn|13
|
|t:|1779640208
|switch|p1a: Corviknight|Corviknight, M|89/100 par
|-damage|p1a: Corviknight|77/100 par|[from] Stealth Rock
|-ability|p1a: Corviknight|Pressure
|move|p2a: Dusk|Poltergeist|p1a: Corviknight
|-activate|p1a: Corviknight|move: Poltergeist|Leftovers
|-damage|p1a: Corviknight|36/100 par
|
|-heal|p2a: Dusk|69/100|[from] item: Leftovers
|-heal|p1a: Corviknight|42/100 par|[from] item: Leftovers
|upkeep
|turn|14
|
|t:|1779640223
|move|p2a: Dusk|Poltergeist|p1a: Corviknight
|-activate|p1a: Corviknight|move: Poltergeist|Leftovers
|-damage|p1a: Corviknight|1/100 par
|move|p1a: Corviknight|Defog|p2a: Dusk
|-unboost|p2a: Dusk|evasion|1
|-sideend|p1: duduai|Spikes|[from] move: Defog|[of] p1a: Corviknight
|-sideend|p1: duduai|Stealth Rock|[from] move: Defog|[of] p1a: Corviknight
|
|-heal|p2a: Dusk|75/100|[from] item: Leftovers
|-heal|p1a: Corviknight|7/100 par|[from] item: Leftovers
|upkeep
|turn|15
|
|t:|1779640235
|switch|p1a: Samurott|Samurott-Hisui, F|34/100
|move|p2a: Dusk|Shadow Sneak|p1a: Samurott
|-resisted|p1a: Samurott
|-damage|p1a: Samurott|23/100
|
|-heal|p2a: Dusk|81/100|[from] item: Leftovers
|upkeep
|turn|16
|
|t:|1779640256
|move|p1a: Samurott|Knock Off|p2a: Dusk
|-supereffective|p2a: Dusk
|-damage|p2a: Dusk|7/100
|-enditem|p2a: Dusk|Leftovers|[from] move: Knock Off|[of] p1a: Samurott
|move|p2a: Dusk|Poltergeist|p1a: Samurott
|-activate|p1a: Samurott|move: Poltergeist|Assault Vest
|-resisted|p1a: Samurott
|-damage|p1a: Samurott|0 fnt
|faint|p1a: Samurott
|
|upkeep
|
|t:|1779640269
|switch|p1a: Chandelure|Chandelure, M|100/100
|turn|17
|
|t:|1779640288
|move|p2a: Dusk|Shadow Sneak|p1a: Chandelure
|-supereffective|p1a: Chandelure
|-damage|p1a: Chandelure|47/100
|move|p1a: Chandelure|Flamethrower|p2a: Dusk
|-damage|p2a: Dusk|0 fnt
|faint|p2a: Dusk
|
|upkeep
|
|t:|1779640302
|switch|p2a: Lord Cross|Metagross, shiny|100/100
|turn|18
|
|t:|1779640309
|switch|p1a: Corviknight|Corviknight, M|7/100 par
|-ability|p1a: Corviknight|Pressure
|-terastallize|p2a: Lord Cross|Normal
|move|p2a: Lord Cross|Earthquake|p1a: Corviknight
|-immune|p1a: Corviknight
|
|-heal|p1a: Corviknight|13/100 par|[from] item: Leftovers
|upkeep
|turn|19
|
|t:|1779640320
|move|p2a: Lord Cross|Psychic Fangs|p1a: Corviknight
|-resisted|p1a: Corviknight
|-crit|p1a: Corviknight
|-damage|p1a: Corviknight|0 fnt
|faint|p1a: Corviknight
|
|upkeep
|
|t:|1779640326
|switch|p1a: Pecharunt|Pecharunt|100/100
|turn|20
|
|t:|1779640336
|move|p1a: Pecharunt|Malignant Chain|p2a: Lord Cross
|-damage|p2a: Lord Cross|71/100
|move|p2a: Lord Cross|Psychic Fangs|p1a: Pecharunt
|-supereffective|p1a: Pecharunt
|-damage|p1a: Pecharunt|48/100
|-damage|p2a: Lord Cross|54/100|[from] item: Rocky Helmet|[of] p1a: Pecharunt
|
|-heal|p2a: Lord Cross|60/100|[from] item: Leftovers
|upkeep
|turn|21
|
|t:|1779640346
|move|p1a: Pecharunt|Malignant Chain|p2a: Lord Cross
|-damage|p2a: Lord Cross|30/100
|move|p2a: Lord Cross|Psychic Fangs|p1a: Pecharunt
|-supereffective|p1a: Pecharunt
|-damage|p1a: Pecharunt|0 fnt
|-damage|p2a: Lord Cross|13/100|[from] item: Rocky Helmet|[of] p1a: Pecharunt
|faint|p1a: Pecharunt
|
|-heal|p2a: Lord Cross|19/100|[from] item: Leftovers
|upkeep
|
|t:|1779640359
|switch|p1a: Kyurem|Kyurem|100/100
|-ability|p1a: Kyurem|Pressure
|turn|22
|
|t:|1779640367
|move|p2a: Lord Cross|Bullet Punch|p1a: Kyurem
|-supereffective|p1a: Kyurem
|-damage|p1a: Kyurem|56/100
|move|p1a: Kyurem|Earth Power|p2a: Lord Cross
|-damage|p2a: Lord Cross|0 fnt
|faint|p2a: Lord Cross
|
|-heal|p1a: Kyurem|62/100|[from] item: Leftovers
|upkeep
|
|t:|1779640378
|switch|p2a: Cinderace|Cinderace, F|76/100
|turn|23
|
|t:|1779640384
|move|p1a: Kyurem|Protect|p1a: Kyurem
|-singleturn|p1a: Kyurem|Protect
|move|p2a: Cinderace|Flamethrower|p1a: Kyurem
|-activate|p1a: Kyurem|move: Protect
|
|-heal|p1a: Kyurem|68/100|[from] item: Leftovers
|upkeep
|turn|24
|
|t:|1779640393
|move|p2a: Cinderace|Flamethrower|p1a: Kyurem
|-damage|p1a: Kyurem|25/100
|move|p1a: Kyurem|Freeze-Dry|p2a: Cinderace
|-damage|p2a: Cinderace|4/100
|-status|p2a: Cinderace|frz
|replace|p2a: Demiurge|Zoroark-Hisui, F, shiny
|-end|p2a: Demiurge|Illusion
|
|-heal|p1a: Kyurem|31/100|[from] item: Leftovers
|upkeep
|turn|25
|
|t:|1779640405
|cant|p2a: Demiurge|frz
|move|p1a: Kyurem|Freeze-Dry|p2a: Demiurge
|-damage|p2a: Demiurge|0 fnt
|faint|p2a: Demiurge
|
|-heal|p1a: Kyurem|37/100|[from] item: Leftovers
|upkeep
|
|t:|1779640407
|switch|p2a: Cinderace|Cinderace, F|26/100
|turn|26
|
|t:|1779640416
|move|p2a: Cinderace|High Jump Kick|p1a: Kyurem
|-start|p2a: Cinderace|typechange|Fighting|[from] ability: Libero
|-supereffective|p1a: Kyurem
|-damage|p1a: Kyurem|0 fnt
|faint|p1a: Kyurem
|
|upkeep
|
|t:|1779640423
|switch|p1a: Chandelure|Chandelure, M|47/100
|turn|27
|
|t:|1779640429
|move|p1a: Chandelure|Shadow Ball|p2a: Cinderace
|-damage|p2a: Cinderace|0 fnt
|faint|p2a: Cinderace
|
|win|duduai
|raw|duduai's rating: 1173 &rarr; <strong>1197</strong><br />(+24 for winning)
|raw|Fireblaze343z's rating: 1164 &rarr; <strong>1140</strong><br />(-24 for losing)
|l|☆Fireblaze343z
|player|p2|
|l|☆duduai
|player|p1|
