|j|☆zTJay
|j|☆Marceliscool172010
|t:|1779687810
|gametype|singles
|player|p1|zTJay|169|1340
|player|p2|Marceliscool172010|170|1287
|gen|9
|tier|[Gen 9] OU
|rated|
|rule|HP Percentage Mod: HP is shown in percentages
|rule|Endless Battle Clause: Forcing endless battles is banned
|rule|Species Clause: Limit one of each Pokémon
|rule|OHKO Clause: OHKO moves are banned
|rule|Evasion Items Clause: Evasion items are banned
|rule|Evasion Moves Clause: Evasion moves are banned
|rule|Evasion Abilities Clause: Evasion abilities are banned
|rule|Sleep Moves Clause: Sleep-inducing moves are banned
|clearpoke
|poke|p1|Great Tusk|
|poke|p1|Iron Valiant|
|poke|p1|Pecharunt|
|poke|p1|Samurott-Hisui, F|
|poke|p1|Gliscor, M|
|poke|p1|Jirachi|
|poke|p2|Raging Bolt|
|poke|p2|Dragonite, M|
|poke|p2|Kingambit, F|
|poke|p2|Great Tusk|
|poke|p2|Latias, F|
|poke|p2|Iron Moth|
|teampreview
|
|t:|1779687838
|teamsize|p1|6
|teamsize|p2|6
|start
|switch|p1a: Jirachi|Jirachi|100/100
|switch|p2a: Latias|Latias, F|100/100
|turn|1
|inactive|Battle timer is ON: inactive players will automatically lose when time's up. (requested by zTJay)
|inactive|Marceliscool172010 has 120 seconds left.
|
|t:|1779687908
|move|p2a: Latias|Agility|p2a: Latias
|-boost|p2a: Latias|spe|2
|move|p1a: Jirachi|Doom Desire|p2a: Latias
|-start|p1a: Jirachi|Doom Desire
|
|upkeep
|turn|2
|
|t:|1779687917
|move|p2a: Latias|Calm Mind|p2a: Latias
|-boost|p2a: Latias|spa|1
|-boost|p2a: Latias|spd|1
|move|p1a: Jirachi|Psychic Noise|p2a: Latias
|-resisted|p2a: Latias
|-damage|p2a: Latias|91/100
|-start|p2a: Latias|move: Heal Block
|
|upkeep
|turn|3
|
|t:|1779687929
|move|p2a: Latias|Calm Mind|p2a: Latias
|-boost|p2a: Latias|spa|1
|-boost|p2a: Latias|spd|1
|move|p1a: Jirachi|Psychic Noise|p2a: Latias
|-resisted|p2a: Latias
|-crit|p2a: Latias
|-damage|p2a: Latias|70/100
|
|-end|p2a: Latias|move: Doom Desire
|-damage|p2a: Latias|45/100
|-end|p2a: Latias|move: Heal Block
|upkeep
|turn|4
|
|t:|1779687935
|move|p2a: Latias|Aura Sphere|p1a: Jirachi
|-damage|p1a: Jirachi|77/100
|move|p1a: Jirachi|Doom Desire|p2a: Latias
|-start|p1a: Jirachi|Doom Desire
|
|upkeep
|turn|5
|
|t:|1779687943
|move|p2a: Latias|Aura Sphere|p1a: Jirachi
|-damage|p1a: Jirachi|53/100
|move|p1a: Jirachi|Psychic Noise|p2a: Latias
|-resisted|p2a: Latias
|-damage|p2a: Latias|38/100
|-start|p2a: Latias|move: Heal Block
|
|upkeep
|turn|6
|
|t:|1779687949
|switch|p2a: Kingambit|Kingambit, F, shiny|100/100
|move|p1a: Jirachi|U-turn|p2a: Kingambit
|-damage|p2a: Kingambit|90/100
|
|t:|1779687956
|switch|p1a: Samurott|Samurott-Hisui, F|100/100|[from] U-turn
|
|-end|p2a: Kingambit|move: Doom Desire
|-resisted|p2a: Kingambit
|-damage|p2a: Kingambit|57/100
|upkeep
|turn|7
|
|t:|1779687969
|-end|p2a: Kingambit|fallenundefined|[silent]
|switch|p2a: Latias|Latias, F|38/100
|move|p1a: Samurott|Sacred Sword|p2a: Latias
|-resisted|p2a: Latias
|-crit|p2a: Latias
|-damage|p2a: Latias|13/100
|
|upkeep
|turn|8
|
|t:|1779687975
|move|p1a: Samurott|Sacred Sword|p2a: Latias
|-resisted|p2a: Latias
|-damage|p2a: Latias|0 fnt
|faint|p2a: Latias
|
|upkeep
|
|t:|1779687978
|switch|p2a: Iron Moth|Iron Moth|100/100
|-enditem|p2a: Iron Moth|Booster Energy
|-activate|p2a: Iron Moth|ability: Quark Drive|[fromitem]
|-start|p2a: Iron Moth|quarkdrivespa
|turn|9
|
|t:|1779687981
|switch|p1a: Gliscor|Gliscor, M|100/100
|move|p2a: Iron Moth|Substitute|p2a: Iron Moth
|-start|p2a: Iron Moth|Substitute
|-damage|p2a: Iron Moth|76/100
|
|-status|p1a: Gliscor|tox|[from] item: Toxic Orb
|upkeep
|turn|10
|
|t:|1779687986
|move|p2a: Iron Moth|Fiery Dance|p1a: Gliscor
|-damage|p1a: Gliscor|55/100 tox
|-boost|p2a: Iron Moth|spa|1
|move|p1a: Gliscor|Earthquake|p2a: Iron Moth
|-supereffective|p2a: Iron Moth
|-end|p2a: Iron Moth|Substitute
|
|-heal|p1a: Gliscor|68/100 tox|[from] ability: Poison Heal
|upkeep
|turn|11
|
|t:|1779688005
|move|p2a: Iron Moth|Substitute|p2a: Iron Moth
|-start|p2a: Iron Moth|Substitute
|-damage|p2a: Iron Moth|51/100
|move|p1a: Gliscor|Earthquake|p2a: Iron Moth
|-supereffective|p2a: Iron Moth
|-end|p2a: Iron Moth|Substitute
|
|-heal|p1a: Gliscor|80/100 tox|[from] ability: Poison Heal
|upkeep
|turn|12
|
|t:|1779688007
|move|p2a: Iron Moth|Fiery Dance|p1a: Gliscor
|-damage|p1a: Gliscor|11/100 tox
|-boost|p2a: Iron Moth|spa|1
|move|p1a: Gliscor|Earthquake|p2a: Iron Moth
|-supereffective|p2a: Iron Moth
|-damage|p2a: Iron Moth|0 fnt
|faint|p2a: Iron Moth
|-end|p2a: Iron Moth|Quark Drive|[silent]
|
|-heal|p1a: Gliscor|23/100 tox|[from] ability: Poison Heal
|upkeep
|
|t:|1779688016
|switch|p2a: Dragonite|Dragonite, M|100/100
|turn|13
|
|t:|1779688024
|move|p2a: Dragonite|Dragon Dance|p2a: Dragonite
|-boost|p2a: Dragonite|atk|1
|-boost|p2a: Dragonite|spe|1
|move|p1a: Gliscor|Knock Off|p2a: Dragonite
|-crit|p2a: Dragonite
|-damage|p2a: Dragonite|84/100
|-enditem|p2a: Dragonite|Heavy-Duty Boots|[from] move: Knock Off|[of] p1a: Gliscor
|
|-heal|p1a: Gliscor|36/100 tox|[from] ability: Poison Heal
|upkeep
|turn|14
|
|t:|1779688033
|move|p2a: Dragonite|Dragon Dance|p2a: Dragonite
|-boost|p2a: Dragonite|atk|1
|-boost|p2a: Dragonite|spe|1
|move|p1a: Gliscor|Spikes|p2a: Dragonite
|-sidestart|p2: Marceliscool172010|Spikes
|
|-heal|p1a: Gliscor|48/100 tox|[from] ability: Poison Heal
|upkeep
|turn|15
|inactive|zTJay has 120 seconds left.
|
|t:|1779688070
|move|p2a: Dragonite|Fire Punch|p1a: Gliscor
|-damage|p1a: Gliscor|2/100 tox
|move|p1a: Gliscor|Spikes|p2a: Dragonite
|-sidestart|p2: Marceliscool172010|Spikes
|
|-heal|p1a: Gliscor|15/100 tox|[from] ability: Poison Heal
|upkeep
|turn|16
|inactive|zTJay has 120 seconds left.
|inactive|Marceliscool172010 has 120 seconds left.
|
|t:|1779688118
|switch|p1a: Pecharunt|Pecharunt|100/100
|move|p2a: Dragonite|Fire Punch|p1a: Pecharunt
|-damage|p1a: Pecharunt|72/100
|
|upkeep
|turn|17
|inactive|zTJay has 120 seconds left.
|
|t:|1779688130
|switch|p1a: Gliscor|Gliscor, M|15/100 tox
|move|p2a: Dragonite|Earthquake|p1a: Gliscor
|-immune|p1a: Gliscor
|
|-heal|p1a: Gliscor|27/100 tox|[from] ability: Poison Heal
|upkeep
|turn|18
|
|t:|1779688135
|move|p2a: Dragonite|Fire Punch|p1a: Gliscor
|-damage|p1a: Gliscor|0 fnt
|faint|p1a: Gliscor
|
|upkeep
|inactive|zTJay has 120 seconds left.
|
|t:|1779688169
|switch|p1a: Pecharunt|Pecharunt|72/100
|turn|19
|inactive|Marceliscool172010 has 120 seconds left.
|
|t:|1779688208
|-terastallize|p1a: Pecharunt|Dark
|move|p2a: Dragonite|Earthquake|p1a: Pecharunt
|-damage|p1a: Pecharunt|36/100
|move|p1a: Pecharunt|Malignant Chain|p2a: Dragonite
|-damage|p2a: Dragonite|49/100
|-status|p2a: Dragonite|tox
|-start|p2a: Dragonite|confusion|[from] ability: Poison Puppeteer|[of] p1a: Pecharunt
|
|-damage|p2a: Dragonite|43/100 tox|[from] psn
|upkeep
|turn|20
|inactive|zTJay has 120 seconds left.
|
|t:|1779688222
|-activate|p2a: Dragonite|confusion
|move|p2a: Dragonite|Earthquake|p1a: Pecharunt
|-damage|p1a: Pecharunt|2/100
|move|p1a: Pecharunt|Recover|p1a: Pecharunt
|-heal|p1a: Pecharunt|52/100
|
|-damage|p2a: Dragonite|31/100 tox|[from] psn
|upkeep
|turn|21
|inactive|zTJay has 120 seconds left.
|
|t:|1779688230
|-terastallize|p2a: Dragonite|Normal
|-activate|p2a: Dragonite|confusion
|-damage|p2a: Dragonite|0 fnt|[from] confusion
|faint|p2a: Dragonite
|move|p1a: Pecharunt|Recover|p1a: Pecharunt
|-heal|p1a: Pecharunt|100/100
|
|upkeep
|
|t:|1779688234
|switch|p2a: Great Tusk|Great Tusk|100/100
|turn|22
|
|t:|1779688242
|switch|p1a: Great Tusk|Great Tusk|100/100
|move|p2a: Great Tusk|Rapid Spin|p1a: Great Tusk
|-damage|p1a: Great Tusk|89/100
|-boost|p2a: Great Tusk|spe|1
|-sideend|p2: Marceliscool172010|Spikes|[from] move: Rapid Spin|[of] p2a: Great Tusk
|
|upkeep
|turn|23
|
|t:|1779688249
|move|p2a: Great Tusk|Ice Spinner|p1a: Great Tusk
|-supereffective|p1a: Great Tusk
|-damage|p1a: Great Tusk|57/100
|move|p1a: Great Tusk|Close Combat|p2a: Great Tusk
|-damage|p2a: Great Tusk|61/100
|-unboost|p1a: Great Tusk|def|1
|-unboost|p1a: Great Tusk|spd|1
|
|upkeep
|turn|24
|inactive|Marceliscool172010 has 120 seconds left.
|
|t:|1779688294
|move|p2a: Great Tusk|Ice Spinner|p1a: Great Tusk
|-supereffective|p1a: Great Tusk
|-damage|p1a: Great Tusk|3/100
|move|p1a: Great Tusk|Close Combat|p2a: Great Tusk
|-damage|p2a: Great Tusk|18/100
|-unboost|p1a: Great Tusk|def|1
|-unboost|p1a: Great Tusk|spd|1
|
|upkeep
|turn|25
|
|t:|1779688300
|move|p2a: Great Tusk|Rapid Spin|p1a: Great Tusk
|-damage|p1a: Great Tusk|0 fnt
|-boost|p2a: Great Tusk|spe|1
|faint|p1a: Great Tusk
|-end|p1a: Great Tusk|Protosynthesis|[silent]
|
|upkeep
|
|t:|1779688323
|switch|p1a: Pecharunt|Pecharunt, tera:Dark|100/100
|turn|26
|inactive|Marceliscool172010 has 120 seconds left.
|
|t:|1779688330
|move|p2a: Great Tusk|Headlong Rush|p1a: Pecharunt
|-damage|p1a: Pecharunt|75/100
|-unboost|p2a: Great Tusk|def|1
|-unboost|p2a: Great Tusk|spd|1
|move|p1a: Pecharunt|Shadow Ball|p2a: Great Tusk
|-damage|p2a: Great Tusk|0 fnt
|faint|p2a: Great Tusk
|-end|p2a: Great Tusk|Protosynthesis|[silent]
|
|upkeep
|inactive|Marceliscool172010 has 120 seconds left.
|
|t:|1779688335
|switch|p2a: Raging Bolt|Raging Bolt|100/100
|-enditem|p2a: Raging Bolt|Booster Energy
|-activate|p2a: Raging Bolt|ability: Protosynthesis|[fromitem]
|-start|p2a: Raging Bolt|protosynthesisspa
|turn|27
|
|t:|1779688340
|move|p1a: Pecharunt|Malignant Chain|p2a: Raging Bolt
|-damage|p2a: Raging Bolt|75/100
|move|p2a: Raging Bolt|Thunderbolt|p1a: Pecharunt
|-damage|p1a: Pecharunt|10/100
|
|upkeep
|turn|28
|
|t:|1779688346
|move|p2a: Raging Bolt|Thunderclap||[still]
|-fail|p2a: Raging Bolt
|move|p1a: Pecharunt|Parting Shot|p2a: Raging Bolt
|-unboost|p2a: Raging Bolt|atk|1
|-unboost|p2a: Raging Bolt|spa|1
|
|t:|1779688349
|switch|p1a: Jirachi|Jirachi|53/100|[from] Parting Shot
|
|upkeep
|turn|29
|
|t:|1779688357
|move|p1a: Jirachi|U-turn|p2a: Raging Bolt
|-damage|p2a: Raging Bolt|64/100
|
|t:|1779688363
|switch|p1a: Pecharunt|Pecharunt, tera:Dark|10/100|[from] U-turn
|move|p2a: Raging Bolt|Thunderbolt|p1a: Pecharunt
|-damage|p1a: Pecharunt|0 fnt
|faint|p1a: Pecharunt
|
|upkeep
|
|t:|1779688365
|switch|p1a: Iron Valiant|Iron Valiant|100/100
|-enditem|p1a: Iron Valiant|Booster Energy
|-activate|p1a: Iron Valiant|ability: Quark Drive|[fromitem]
|-start|p1a: Iron Valiant|quarkdrivespe
|turn|30
|
|t:|1779688370
|move|p2a: Raging Bolt|Thunderclap||[still]
|-fail|p2a: Raging Bolt
|move|p1a: Iron Valiant|Calm Mind|p1a: Iron Valiant
|-boost|p1a: Iron Valiant|spa|1
|-boost|p1a: Iron Valiant|spd|1
|
|upkeep
|turn|31
|
|t:|1779688374
|move|p2a: Raging Bolt|Thunderclap||[still]
|-fail|p2a: Raging Bolt
|move|p1a: Iron Valiant|Encore|p2a: Raging Bolt
|-start|p2a: Raging Bolt|Encore
|
|upkeep
|turn|32
|
|t:|1779688377
|-end|p2a: Raging Bolt|Protosynthesis|[silent]
|switch|p2a: Kingambit|Kingambit, F, shiny|57/100
|-activate|p2a: Kingambit|ability: Supreme Overlord
|-start|p2a: Kingambit|fallen4|[silent]
|move|p1a: Iron Valiant|Calm Mind|p1a: Iron Valiant
|-boost|p1a: Iron Valiant|spa|1
|-boost|p1a: Iron Valiant|spd|1
|
|upkeep
|turn|33
|
|t:|1779688384
|move|p1a: Iron Valiant|Moonblast|p2a: Kingambit
|-damage|p2a: Kingambit|0 fnt
|faint|p2a: Kingambit
|-end|p2a: Kingambit|fallen4|[silent]
|
|upkeep
|
|t:|1779688386
|switch|p2a: Raging Bolt|Raging Bolt|64/100
|turn|34
|
|t:|1779688389
|move|p1a: Iron Valiant|Moonblast|p2a: Raging Bolt
|-supereffective|p2a: Raging Bolt
|-damage|p2a: Raging Bolt|0 fnt
|faint|p2a: Raging Bolt
|-end|p2a: Raging Bolt|Protosynthesis|[silent]
|
|win|zTJay
|raw|zTJay's rating: 1340 &rarr; <strong>1357</strong><br />(+17 for winning)
|raw|Marceliscool172010's rating: 1287 &rarr; <strong>1266</strong><br />(-21 for losing)
|c|☆zTJay|gg
|l|☆zTJay
|player|p1|
