|j|‽Ryoen
|j|☆ThunderSoul6
|t:|1779556176
|gametype|singles
|player|p1|Ryoen|lucas-gen4pt|1177
|player|p2|ThunderSoul6|266|1147
|gen|9
|tier|[Gen 9] OU
|rated|
|rule|HP Percentage Mod: HP is shown in percentages
|rule|Endless Battle Clause: Forcing endless battles is banned
|rule|Species Clause: Limit one of each Pokémon
|rule|OHKO Clause: OHKO moves are banned
|rule|Evasion Items Clause: Evasion items are banned
|rule|Evasion Moves Clause: Evasion moves are banned
|rule|Evasion Abilities Clause: Evasion abilities are banned
|rule|Sleep Moves Clause: Sleep-inducing moves are banned
|clearpoke
|poke|p1|Hawlucha, F|
|poke|p1|Samurott-Hisui, F|
|poke|p1|Rillaboom, M|
|poke|p1|Gholdengo|
|poke|p1|Kyurem|
|poke|p1|Landorus-Therian, M|
|poke|p2|Ogerpon, F|
|poke|p2|Samurott-Hisui, F|
|poke|p2|Blissey, F|
|poke|p2|Gliscor, F|
|poke|p2|Skarmory, F|
|poke|p2|Pecharunt|
|teampreview
|
|t:|1779556199
|teamsize|p1|6
|teamsize|p2|6
|start
|switch|p1a: Samurott|Samurott-Hisui, F|100/100
|switch|p2a: Skarmory|Skarmory, F|100/100
|turn|1
|
|t:|1779556233
|move|p1a: Samurott|Ceaseless Edge|p2a: Skarmory
|-damage|p2a: Skarmory|77/100
|-sidestart|p2: ThunderSoul6|Spikes
|move|p2a: Skarmory|Stealth Rock|p1a: Samurott
|-sidestart|p1: Ryoen|move: Stealth Rock
|
|upkeep
|turn|2
|
|t:|1779556268
|move|p1a: Samurott|Knock Off|p2a: Skarmory
|-damage|p2a: Skarmory|52/100
|-enditem|p2a: Skarmory|Heavy-Duty Boots|[from] move: Knock Off|[of] p1a: Samurott
|move|p2a: Skarmory|Body Press|p1a: Samurott
|-supereffective|p1a: Samurott
|-damage|p1a: Samurott|33/100
|
|upkeep
|turn|3
|
|t:|1779556279
|move|p1a: Samurott|Ceaseless Edge|p2a: Skarmory
|-damage|p2a: Skarmory|27/100
|-sidestart|p2: ThunderSoul6|Spikes
|move|p2a: Skarmory|Roost|p2a: Skarmory
|-heal|p2a: Skarmory|77/100
|-singleturn|p2a: Skarmory|move: Roost
|
|upkeep
|turn|4
|
|t:|1779556289
|move|p1a: Samurott|Ceaseless Edge|p2a: Skarmory
|-damage|p2a: Skarmory|51/100
|-sidestart|p2: ThunderSoul6|Spikes
|move|p2a: Skarmory|Body Press|p1a: Samurott
|-supereffective|p1a: Samurott
|-damage|p1a: Samurott|0 fnt
|faint|p1a: Samurott
|
|upkeep
|
|t:|1779556299
|switch|p1a: Kyurem|Kyurem, shiny|100/100
|-damage|p1a: Kyurem|76/100|[from] Stealth Rock
|-ability|p1a: Kyurem|Pressure
|turn|5
|
|t:|1779556307
|switch|p2a: Blissey|Blissey, F|100/100
|move|p1a: Kyurem|Ice Beam|p2a: Blissey
|-damage|p2a: Blissey|85/100
|
|upkeep
|turn|6
|
|t:|1779556320
|switch|p1a: Rillaboom|Rillaboom, M, shiny|100/100
|-damage|p1a: Rillaboom|88/100|[from] Stealth Rock
|-fieldstart|move: Grassy Terrain|[from] ability: Grassy Surge|[of] p1a: Rillaboom
|move|p2a: Blissey|Calm Mind|p2a: Blissey
|-boost|p2a: Blissey|spa|1
|-boost|p2a: Blissey|spd|1
|
|-heal|p1a: Rillaboom|94/100|[from] Grassy Terrain
|-heal|p2a: Blissey|91/100|[from] Grassy Terrain
|upkeep
|turn|7
|
|t:|1779556335
|switch|p2a: Pecharunt|Pecharunt|100/100
|move|p1a: Rillaboom|Swords Dance|p1a: Rillaboom
|-boost|p1a: Rillaboom|atk|2
|
|-heal|p1a: Rillaboom|100/100|[from] Grassy Terrain
|upkeep
|turn|8
|
|t:|1779556365
|-terastallize|p1a: Rillaboom|Fire
|move|p1a: Rillaboom|Knock Off|p2a: Pecharunt
|-supereffective|p2a: Pecharunt
|-damage|p2a: Pecharunt|30/100
|-enditem|p2a: Pecharunt|Heavy-Duty Boots|[from] move: Knock Off|[of] p1a: Rillaboom
|move|p2a: Pecharunt|Toxic|p1a: Rillaboom
|-status|p1a: Rillaboom|tox
|-start|p1a: Rillaboom|confusion|[from] ability: Poison Puppeteer|[of] p2a: Pecharunt
|-enditem|p1a: Rillaboom|Lum Berry|[eat]
|-curestatus|p1a: Rillaboom|tox|[msg]
|-end|p1a: Rillaboom|confusion
|
|-heal|p2a: Pecharunt|36/100|[from] Grassy Terrain
|upkeep
|turn|9
|
|t:|1779556390
|switch|p2a: Skarmory|Skarmory, F|51/100
|move|p1a: Rillaboom|Knock Off|p2a: Skarmory
|-damage|p2a: Skarmory|22/100
|
|upkeep
|turn|10
|
|t:|1779556399
|move|p1a: Rillaboom|Knock Off|p2a: Skarmory
|-crit|p2a: Skarmory
|-damage|p2a: Skarmory|0 fnt
|faint|p2a: Skarmory
|
|-fieldend|move: Grassy Terrain
|upkeep
|
|t:|1779556405
|switch|p2a: Gliscor|Gliscor, F|100/100
|turn|11
|
|t:|1779556411
|move|p1a: Rillaboom|Wood Hammer|p2a: Gliscor
|-damage|p2a: Gliscor|0 fnt
|faint|p2a: Gliscor
|-damage|p1a: Rillaboom|66/100|[from] Recoil
|
|upkeep
|-message|ThunderSoul6 forfeited.
|
|win|Ryoen
|raw|Ryoen's rating: 1177 &rarr; <strong>1200</strong><br />(+23 for winning)
|raw|ThunderSoul6's rating: 1147 &rarr; <strong>1124</strong><br />(-23 for losing)
|l|☆ThunderSoul6
|player|p2|
