|j|☆mcacma
|j|☆Continental Op
|t:|1779635658
|gametype|singles
|player|p1|mcacma|veteran|1089
|player|p2|Continental Op|2|1105
|gen|9
|tier|[Gen 9] OU
|rated|
|rule|HP Percentage Mod: HP is shown in percentages
|rule|Endless Battle Clause: Forcing endless battles is banned
|rule|Species Clause: Limit one of each Pokémon
|rule|OHKO Clause: OHKO moves are banned
|rule|Evasion Items Clause: Evasion items are banned
|rule|Evasion Moves Clause: Evasion moves are banned
|rule|Evasion Abilities Clause: Evasion abilities are banned
|rule|Sleep Moves Clause: Sleep-inducing moves are banned
|clearpoke
|poke|p1|Gholdengo|
|poke|p1|Kingambit, F|
|poke|p1|Flygon, M|
|poke|p1|Clodsire, M|
|poke|p1|Smeargle, F|
|poke|p1|Great Tusk|
|poke|p2|Tauros-Paldea-Blaze, M|
|poke|p2|Brambleghast, F|
|poke|p2|Gothitelle, M|
|poke|p2|Mandibuzz, F|
|poke|p2|Magneton|
|poke|p2|Cloyster, F|
|teampreview
|
|t:|1779635677
|teamsize|p1|6
|teamsize|p2|6
|start
|switch|p1a: Gholdengo|Gholdengo|100/100
|switch|p2a: Brambleghast|Brambleghast, F|100/100
|-item|p1a: Gholdengo|Air Balloon
|turn|1
|
|t:|1779635697
|switch|p1a: Smeargle|Smeargle, F|100/100
|move|p2a: Brambleghast|Poltergeist|p1a: Smeargle
|-immune|p1a: Smeargle
|
|upkeep
|turn|2
|
|t:|1779635728
|switch|p2a: Magneton|Magneton|100/100
|move|p1a: Smeargle|No Retreat|p1a: Smeargle
|-boost|p1a: Smeargle|atk|1
|-boost|p1a: Smeargle|def|1
|-boost|p1a: Smeargle|spa|1
|-boost|p1a: Smeargle|spd|1
|-boost|p1a: Smeargle|spe|1
|-start|p1a: Smeargle|move: No Retreat
|
|upkeep
|turn|3
|
|t:|1779635743
|move|p1a: Smeargle|Ceaseless Edge|p2a: Magneton
|-damage|p2a: Magneton|92/100
|-sidestart|p2: Continental Op|Spikes
|move|p2a: Magneton|Thunderbolt|p1a: Smeargle
|-damage|p1a: Smeargle|8/100
|-enditem|p1a: Smeargle|Sitrus Berry|[eat]
|-heal|p1a: Smeargle|32/100|[from] item: Sitrus Berry
|
|upkeep
|turn|4
|
|t:|1779635754
|move|p1a: Smeargle|Burning Bulwark|p1a: Smeargle
|-singleturn|p1a: Smeargle|move: Protect
|move|p2a: Magneton|Volt Switch|p1a: Smeargle
|-activate|p1a: Smeargle|move: Protect
|
|upkeep
|turn|5
|
|t:|1779635764
|move|p1a: Smeargle|Ceaseless Edge|p2a: Magneton
|-damage|p2a: Magneton|83/100
|-sidestart|p2: Continental Op|Spikes
|move|p2a: Magneton|Volt Switch|p1a: Smeargle
|-damage|p1a: Smeargle|0 fnt
|faint|p1a: Smeargle
|
|t:|1779635773
|switch|p2a: Brambleghast|Brambleghast, F|100/100|[from] Volt Switch
|
|upkeep
|
|t:|1779635787
|switch|p1a: Flygon|Flygon, M|100/100
|turn|6
|
|t:|1779635794
|-terastallize|p1a: Flygon|Steel
|move|p1a: Flygon|Fire Punch|p2a: Brambleghast
|-supereffective|p2a: Brambleghast
|-damage|p2a: Brambleghast|35/100
|move|p2a: Brambleghast|Rapid Spin|p1a: Flygon
|-resisted|p1a: Flygon
|-damage|p1a: Flygon|91/100
|-boost|p2a: Brambleghast|spe|1
|-sideend|p2: Continental Op|Spikes|[from] move: Rapid Spin|[of] p2a: Brambleghast
|
|upkeep
|turn|7
|
|t:|1779635804
|move|p2a: Brambleghast|Poltergeist|p1a: Flygon
|-activate|p1a: Flygon|move: Poltergeist|Loaded Dice
|-damage|p1a: Flygon|33/100
|move|p1a: Flygon|Fire Punch|p2a: Brambleghast
|-supereffective|p2a: Brambleghast
|-damage|p2a: Brambleghast|0 fnt
|faint|p2a: Brambleghast
|
|upkeep
|
|t:|1779635813
|switch|p2a: Tauros|Tauros-Paldea-Blaze, M|100/100
|turn|8
|
|t:|1779635821
|move|p1a: Flygon|Earthquake|p2a: Tauros
|-supereffective|p2a: Tauros
|-damage|p2a: Tauros|0 fnt
|faint|p2a: Tauros
|
|upkeep
|
|t:|1779635836
|switch|p2a: Cloyster|Cloyster, F|100/100
|turn|9
|
|t:|1779635843
|move|p1a: Flygon|Scale Shot|p2a: Cloyster
|-damage|p2a: Cloyster|91/100
|-damage|p2a: Cloyster|82/100
|-damage|p2a: Cloyster|73/100
|-damage|p2a: Cloyster|64/100
|-damage|p2a: Cloyster|55/100
|-hitcount|p2a: Cloyster|5
|-unboost|p1a: Flygon|def|1
|-boost|p1a: Flygon|spe|1
|move|p2a: Cloyster|Shell Smash|p2a: Cloyster
|-unboost|p2a: Cloyster|def|1
|-unboost|p2a: Cloyster|spd|1
|-boost|p2a: Cloyster|atk|2
|-boost|p2a: Cloyster|spa|2
|-boost|p2a: Cloyster|spe|2
|-enditem|p2a: Cloyster|White Herb
|-clearnegativeboost|p2a: Cloyster|[silent]
|
|upkeep
|turn|10
|
|t:|1779635874
|move|p1a: Flygon|Scale Shot|p2a: Cloyster
|-crit|p2a: Cloyster
|-damage|p2a: Cloyster|41/100
|-damage|p2a: Cloyster|31/100
|-damage|p2a: Cloyster|21/100
|-damage|p2a: Cloyster|12/100
|-damage|p2a: Cloyster|2/100
|-hitcount|p2a: Cloyster|5
|-unboost|p1a: Flygon|def|1
|-boost|p1a: Flygon|spe|1
|move|p2a: Cloyster|Shell Smash|p2a: Cloyster
|-unboost|p2a: Cloyster|def|1
|-unboost|p2a: Cloyster|spd|1
|-boost|p2a: Cloyster|atk|2
|-boost|p2a: Cloyster|spa|2
|-boost|p2a: Cloyster|spe|2
|
|upkeep
|turn|11
|
|t:|1779635890
|move|p2a: Cloyster|Waterfall|p1a: Flygon
|-damage|p1a: Flygon|0 fnt
|faint|p1a: Flygon
|
|upkeep
|
|t:|1779635894
|switch|p1a: Kingambit|Kingambit, F|100/100
|-activate|p1a: Kingambit|ability: Supreme Overlord
|-start|p1a: Kingambit|fallen2|[silent]
|turn|12
|
|t:|1779635900
|move|p1a: Kingambit|Sucker Punch|p2a: Cloyster
|-damage|p2a: Cloyster|0 fnt
|faint|p2a: Cloyster
|
|upkeep
|
|t:|1779635906
|switch|p2a: Gothitelle|Gothitelle, M|100/100
|turn|13
|
|t:|1779635912
|-terastallize|p2a: Gothitelle|Fighting
|move|p1a: Kingambit|Sucker Punch|p2a: Gothitelle
|-resisted|p2a: Gothitelle
|-damage|p2a: Gothitelle|73/100
|move|p2a: Gothitelle|Focus Blast|p1a: Kingambit
|-supereffective|p1a: Kingambit
|-damage|p1a: Kingambit|0 fnt
|faint|p1a: Kingambit
|-end|p1a: Kingambit|fallen2|[silent]
|
|upkeep
|
|t:|1779635927
|switch|p1a: Gholdengo|Gholdengo|100/100
|-item|p1a: Gholdengo|Air Balloon
|turn|14
|
|t:|1779635931
|move|p1a: Gholdengo|Make It Rain|p2a: Gothitelle
|-damage|p2a: Gothitelle|25/100
|-unboost|p1a: Gholdengo|spa|1
|move|p2a: Gothitelle|Dark Pulse|p1a: Gholdengo
|-supereffective|p1a: Gholdengo
|-damage|p1a: Gholdengo|50/100
|-enditem|p1a: Gholdengo|Air Balloon
|
|upkeep
|turn|15
|
|t:|1779635964
|switch|p2a: Magneton|Magneton|83/100
|move|p1a: Gholdengo|Make It Rain|p2a: Magneton
|-resisted|p2a: Magneton
|-damage|p2a: Magneton|73/100
|-unboost|p1a: Gholdengo|spa|1
|
|upkeep
|turn|16
|
|t:|1779635983
|switch|p1a: Clodsire|Clodsire, M|100/100
|move|p2a: Magneton|Tri Attack|p1a: Clodsire
|-damage|p1a: Clodsire|81/100
|-status|p1a: Clodsire|par
|
|upkeep
|turn|17
|
|t:|1779636007
|switch|p2a: Gothitelle|Gothitelle, M, tera:Fighting|25/100
|move|p1a: Clodsire|Earthquake|p2a: Gothitelle
|-damage|p2a: Gothitelle|0 fnt
|faint|p2a: Gothitelle
|
|upkeep
|
|t:|1779636013
|switch|p2a: Mandibuzz|Mandibuzz, F|100/100
|turn|18
|
|t:|1779636027
|move|p2a: Mandibuzz|Hurricane|p1a: Clodsire
|-damage|p1a: Clodsire|66/100 par
|-start|p1a: Clodsire|confusion
|-activate|p1a: Clodsire|confusion
|-damage|p1a: Clodsire|58/100 par|[from] confusion
|
|upkeep
|turn|19
|
|t:|1779636040
|switch|p1a: Gholdengo|Gholdengo|50/100
|move|p2a: Mandibuzz|Foul Play|p1a: Gholdengo
|-supereffective|p1a: Gholdengo
|-crit|p1a: Gholdengo
|-damage|p1a: Gholdengo|1/100
|
|upkeep
|turn|20
|
|t:|1779636056
|move|p1a: Gholdengo|Make It Rain|p2a: Mandibuzz
|-damage|p2a: Mandibuzz|42/100
|-unboost|p1a: Gholdengo|spa|1
|move|p2a: Mandibuzz|Foul Play|p1a: Gholdengo
|-supereffective|p1a: Gholdengo
|-damage|p1a: Gholdengo|0 fnt
|faint|p1a: Gholdengo
|
|-heal|p2a: Mandibuzz|49/100|[from] item: Leftovers
|upkeep
|
|t:|1779636072
|switch|p1a: Clodsire|Clodsire, M|58/100 par
|turn|21
|
|t:|1779636076
|move|p2a: Mandibuzz|Hurricane|p1a: Clodsire|[miss]
|-miss|p2a: Mandibuzz|p1a: Clodsire
|move|p1a: Clodsire|Gunk Shot|p2a: Mandibuzz
|-damage|p2a: Mandibuzz|23/100
|-status|p2a: Mandibuzz|psn
|
|-heal|p2a: Mandibuzz|29/100 psn|[from] item: Leftovers
|-damage|p2a: Mandibuzz|17/100 psn|[from] psn
|upkeep
|turn|22
|-message|Continental Op forfeited.
|
|win|mcacma
|raw|mcacma's rating: 1089 &rarr; <strong>1117</strong><br />(+28 for winning)
|raw|Continental Op's rating: 1105 &rarr; <strong>1079</strong><br />(-26 for losing)
|l|☆Continental Op
|player|p2|
|l|☆mcacma
|player|p1|
