|j|☆cheeseguy43
|j|☆yigyif
|t:|1779580426
|gametype|singles
|player|p1|cheeseguy43|cynthia-gen4|1271
|player|p2|yigyif|skyla|1304
|gen|9
|tier|[Gen 9] OU
|rated|
|rule|HP Percentage Mod: HP is shown in percentages
|rule|Endless Battle Clause: Forcing endless battles is banned
|rule|Species Clause: Limit one of each Pokémon
|rule|OHKO Clause: OHKO moves are banned
|rule|Evasion Items Clause: Evasion items are banned
|rule|Evasion Moves Clause: Evasion moves are banned
|rule|Evasion Abilities Clause: Evasion abilities are banned
|rule|Sleep Moves Clause: Sleep-inducing moves are banned
|clearpoke
|poke|p1|Araquanid, M|
|poke|p1|Gholdengo|
|poke|p1|Raging Bolt|
|poke|p1|Iron Valiant|
|poke|p1|Ceruledge, M|
|poke|p1|Deoxys-Speed|
|poke|p2|Toxtricity, F|
|poke|p2|Corviknight, F|
|poke|p2|Keldeo-Resolute|
|poke|p2|Scream Tail|
|poke|p2|Regieleki|
|poke|p2|Cinderace, F|
|teampreview
|inactive|Battle timer is ON: inactive players will automatically lose when time's up. (requested by cheeseguy43)
|
|t:|1779580430
|teamsize|p1|6
|teamsize|p2|6
|start
|switch|p1a: Araquanid|Araquanid, M|100/100
|switch|p2a: Regieleki|Regieleki|100/100
|turn|1
|
|t:|1779580433
|move|p1a: Araquanid|Endure|p1a: Araquanid
|-singleturn|p1a: Araquanid|move: Endure
|move|p2a: Regieleki|Volt Switch|p1a: Araquanid
|-supereffective|p1a: Araquanid
|-damage|p1a: Araquanid|34/100
|-damage|p2a: Regieleki|91/100|[from] item: Life Orb
|
|t:|1779580439
|switch|p2a: Toxtricity|Toxtricity, F|100/100|[from] Volt Switch
|
|upkeep
|turn|2
|
|t:|1779580445
|move|p2a: Toxtricity|Boomburst|p1a: Araquanid
|-damage|p1a: Araquanid|0 fnt
|faint|p1a: Araquanid
|
|upkeep
|
|t:|1779580455
|switch|p1a: Gholdengo|Gholdengo|100/100
|-item|p1a: Gholdengo|Air Balloon
|turn|3
|
|t:|1779580461
|switch|p2a: Corviknight|Corviknight, F|100/100
|move|p1a: Gholdengo|Nasty Plot|p1a: Gholdengo
|-boost|p1a: Gholdengo|spa|2
|
|upkeep
|turn|4
|
|t:|1779580465
|move|p1a: Gholdengo|Shadow Ball|p2a: Corviknight
|-damage|p2a: Corviknight|7/100
|move|p2a: Corviknight|U-turn|p1a: Gholdengo
|-resisted|p1a: Gholdengo
|-crit|p1a: Gholdengo
|-damage|p1a: Gholdengo|95/100
|-enditem|p1a: Gholdengo|Air Balloon
|
|t:|1779580469
|switch|p2a: Cinderace|Cinderace, F|100/100|[from] U-turn
|
|upkeep
|turn|5
|
|t:|1779580473
|move|p2a: Cinderace|Pyro Ball|p1a: Gholdengo
|-supereffective|p1a: Gholdengo
|-damage|p1a: Gholdengo|0 fnt
|faint|p1a: Gholdengo
|
|upkeep
|
|t:|1779580476
|switch|p1a: Ceruledge|Ceruledge, M|100/100
|turn|6
|
|t:|1779580481
|move|p2a: Cinderace|U-turn|p1a: Ceruledge
|-start|p2a: Cinderace|typechange|Bug|[from] ability: Libero
|-resisted|p1a: Ceruledge
|-damage|p1a: Ceruledge|89/100
|-ability|p1a: Ceruledge|Weak Armor|boost
|-unboost|p1a: Ceruledge|def|1
|-boost|p1a: Ceruledge|spe|2
|
|t:|1779580485
|switch|p2a: Corviknight|Corviknight, F|7/100|[from] U-turn
|move|p1a: Ceruledge|Swords Dance|p1a: Ceruledge
|-boost|p1a: Ceruledge|atk|2
|
|upkeep
|turn|7
|
|t:|1779580499
|move|p1a: Ceruledge|Close Combat|p2a: Corviknight
|-damage|p2a: Corviknight|0 fnt
|-unboost|p1a: Ceruledge|def|1
|-unboost|p1a: Ceruledge|spd|1
|faint|p2a: Corviknight
|
|upkeep
|
|t:|1779580501
|switch|p2a: Scream Tail|Scream Tail|100/100
|-enditem|p2a: Scream Tail|Booster Energy
|-activate|p2a: Scream Tail|ability: Protosynthesis|[fromitem]
|-start|p2a: Scream Tail|protosynthesisspd
|turn|8
|
|t:|1779580504
|-terastallize|p2a: Scream Tail|Dark
|move|p1a: Ceruledge|Bitter Blade|p2a: Scream Tail
|-damage|p2a: Scream Tail|25/100
|-heal|p1a: Ceruledge|100/100|[from] drain|[of] p2a: Scream Tail
|move|p2a: Scream Tail|Thunder Wave|p1a: Ceruledge
|-status|p1a: Ceruledge|par
|
|upkeep
|turn|9
|
|t:|1779580512
|cant|p1a: Ceruledge|par
|move|p2a: Scream Tail|Stealth Rock|p1a: Ceruledge
|-sidestart|p1: cheeseguy43|move: Stealth Rock
|
|upkeep
|turn|10
|
|t:|1779580517
|cant|p1a: Ceruledge|par
|move|p2a: Scream Tail|Boomburst|p1a: Ceruledge
|-immune|p1a: Ceruledge
|
|upkeep
|turn|11
|
|t:|1779580521
|cant|p1a: Ceruledge|par
|move|p2a: Scream Tail|Encore|p1a: Ceruledge
|-start|p1a: Ceruledge|Encore
|
|upkeep
|turn|12
|
|t:|1779580524
|move|p1a: Ceruledge|Bitter Blade|p2a: Scream Tail
|-damage|p2a: Scream Tail|0 fnt
|faint|p2a: Scream Tail
|-end|p2a: Scream Tail|Protosynthesis|[silent]
|
|upkeep
|
|t:|1779580528
|switch|p2a: Keldeo|Keldeo-Resolute|100/100
|turn|13
|
|t:|1779580532
|move|p2a: Keldeo|Hydro Pump|p1a: Ceruledge|[miss]
|-miss|p2a: Keldeo|p1a: Ceruledge
|cant|p1a: Ceruledge|par
|
|upkeep
|turn|14
|
|t:|1779580537
|move|p2a: Keldeo|Hydro Pump|p1a: Ceruledge
|-supereffective|p1a: Ceruledge
|-enditem|p1a: Ceruledge|Focus Sash
|-damage|p1a: Ceruledge|1/100 par
|cant|p1a: Ceruledge|par
|
|-end|p1a: Ceruledge|Encore
|upkeep
|turn|15
|c|☆yigyif|wow
|
|t:|1779580545
|move|p1a: Ceruledge|Shadow Sneak|p2a: Keldeo
|-damage|p2a: Keldeo|52/100
|move|p2a: Keldeo|Hydro Pump|p1a: Ceruledge
|-supereffective|p1a: Ceruledge
|-damage|p1a: Ceruledge|0 fnt
|faint|p1a: Ceruledge
|
|upkeep
|
|t:|1779580549
|switch|p1a: Iron Valiant|Iron Valiant|100/100
|-damage|p1a: Iron Valiant|94/100|[from] Stealth Rock
|-enditem|p1a: Iron Valiant|Booster Energy
|-activate|p1a: Iron Valiant|ability: Quark Drive|[fromitem]
|-start|p1a: Iron Valiant|quarkdrivespa
|turn|16
|
|t:|1779580554
|move|p2a: Keldeo|Hydro Pump|p1a: Iron Valiant
|-damage|p1a: Iron Valiant|0 fnt
|faint|p1a: Iron Valiant
|-end|p1a: Iron Valiant|Quark Drive|[silent]
|
|upkeep
|
|t:|1779580558
|switch|p1a: Raging Bolt|Raging Bolt|100/100
|-damage|p1a: Raging Bolt|88/100|[from] Stealth Rock
|-enditem|p1a: Raging Bolt|Booster Energy
|-activate|p1a: Raging Bolt|ability: Protosynthesis|[fromitem]
|-start|p1a: Raging Bolt|protosynthesisspa
|turn|17
|
|t:|1779580565
|switch|p2a: Cinderace|Cinderace, F|100/100
|move|p1a: Raging Bolt|Thunderbolt|p2a: Cinderace
|-damage|p2a: Cinderace|5/100
|
|upkeep
|turn|18
|
|t:|1779580569
|move|p2a: Cinderace|Sucker Punch|p1a: Raging Bolt
|-start|p2a: Cinderace|typechange|Dark|[from] ability: Libero
|-damage|p1a: Raging Bolt|54/100
|move|p1a: Raging Bolt|Thunderclap||[still]
|-fail|p1a: Raging Bolt
|
|upkeep
|turn|19
|
|t:|1779580573
|-terastallize|p1a: Raging Bolt|Bug
|move|p2a: Cinderace|Sucker Punch|p1a: Raging Bolt
|-damage|p1a: Raging Bolt|25/100
|move|p1a: Raging Bolt|Thunderbolt|p2a: Cinderace
|-damage|p2a: Cinderace|0 fnt
|faint|p2a: Cinderace
|
|upkeep
|
|t:|1779580580
|switch|p2a: Toxtricity|Toxtricity, F|100/100
|turn|20
|
|t:|1779580583
|move|p1a: Raging Bolt|Dragon Pulse|p2a: Toxtricity
|-damage|p2a: Toxtricity|6/100
|move|p2a: Toxtricity|Boomburst|p1a: Raging Bolt
|-damage|p1a: Raging Bolt|0 fnt
|faint|p1a: Raging Bolt
|-end|p1a: Raging Bolt|Protosynthesis|[silent]
|
|upkeep
|
|t:|1779580587
|switch|p1a: Deoxys|Deoxys-Speed|100/100
|-damage|p1a: Deoxys|88/100|[from] Stealth Rock
|-ability|p1a: Deoxys|Pressure
|turn|21
|
|t:|1779580590
|move|p1a: Deoxys|Ice Beam|p2a: Toxtricity
|-damage|p2a: Toxtricity|0 fnt
|faint|p2a: Toxtricity
|-damage|p1a: Deoxys|79/100|[from] item: Life Orb
|
|upkeep
|
|t:|1779580594
|switch|p2a: Regieleki|Regieleki|91/100
|turn|22
|
|t:|1779580597
|move|p2a: Regieleki|Explosion|p1a: Deoxys
|-damage|p1a: Deoxys|0 fnt
|faint|p2a: Regieleki
|faint|p1a: Deoxys
|
|win|yigyif
|raw|cheeseguy43's rating: 1271 &rarr; <strong>1248</strong><br />(-23 for losing)
|raw|yigyif's rating: 1304 &rarr; <strong>1322</strong><br />(+18 for winning)
|l|☆cheeseguy43
|player|p1|
