|j|☆Lemonsq
|j|☆babajeje
|t:|1779711488
|gametype|singles
|player|p1|Lemonsq|1|1416
|player|p2|babajeje|ghetsis-gen5bw|1366
|gen|9
|tier|[Gen 9] OU
|rated|
|rule|HP Percentage Mod: HP is shown in percentages
|rule|Endless Battle Clause: Forcing endless battles is banned
|rule|Species Clause: Limit one of each Pokémon
|rule|OHKO Clause: OHKO moves are banned
|rule|Evasion Items Clause: Evasion items are banned
|rule|Evasion Moves Clause: Evasion moves are banned
|rule|Evasion Abilities Clause: Evasion abilities are banned
|rule|Sleep Moves Clause: Sleep-inducing moves are banned
|clearpoke
|poke|p1|Tyranitar, M|
|poke|p1|Corviknight, M|
|poke|p1|Slowking-Galar, M|
|poke|p1|Raging Bolt|
|poke|p1|Rillaboom, F|
|poke|p1|Excadrill, F|
|poke|p2|Kleavor, M|
|poke|p2|Garganacl, M|
|poke|p2|Ogerpon-Wellspring, F|
|poke|p2|Alomomola, F|
|poke|p2|Corviknight, M|
|poke|p2|Slowking-Galar, M|
|teampreview
|
|t:|1779711522
|teamsize|p1|6
|teamsize|p2|6
|start
|switch|p1a: Excadrill|Excadrill, F|100/100
|switch|p2a: Corviknight|Corviknight, M|100/100
|-ability|p2a: Corviknight|Pressure
|turn|1
|inactive|Battle timer is ON: inactive players will automatically lose when time's up. (requested by Lemonsq)
|
|t:|1779711541
|move|p1a: Excadrill|Swords Dance|p1a: Excadrill
|-boost|p1a: Excadrill|atk|2
|move|p2a: Corviknight|U-turn|p1a: Excadrill
|-resisted|p1a: Excadrill
|-damage|p1a: Excadrill|90/100
|
|t:|1779711543
|switch|p2a: Garganacl|Garganacl, M|100/100|[from] U-turn
|
|-heal|p1a: Excadrill|96/100|[from] item: Leftovers
|upkeep
|turn|2
|c|☆babajeje|missclick
|c|☆babajeje|LOL
|
|t:|1779711553
|switch|p2a: Corviknight|Corviknight, M|100/100
|-ability|p2a: Corviknight|Pressure
|move|p1a: Excadrill|Earthquake|p2a: Corviknight
|-immune|p2a: Corviknight
|
|-heal|p1a: Excadrill|100/100|[from] item: Leftovers
|upkeep
|turn|3
|
|t:|1779711563
|move|p1a: Excadrill|Rapid Spin|p2a: Corviknight
|-resisted|p2a: Corviknight
|-damage|p2a: Corviknight|88/100
|-boost|p1a: Excadrill|spe|1
|-damage|p1a: Excadrill|84/100|[from] item: Rocky Helmet|[of] p2a: Corviknight
|move|p2a: Corviknight|Body Press|p1a: Excadrill
|-supereffective|p1a: Excadrill
|-damage|p1a: Excadrill|4/100
|
|-heal|p1a: Excadrill|10/100|[from] item: Leftovers
|upkeep
|turn|4
|
|t:|1779711575
|move|p1a: Excadrill|Iron Head|p2a: Corviknight
|-resisted|p2a: Corviknight
|-damage|p2a: Corviknight|61/100
|-damage|p1a: Excadrill|0 fnt|[from] item: Rocky Helmet|[of] p2a: Corviknight
|faint|p1a: Excadrill
|cant|p2a: Corviknight|flinch
|
|upkeep
|
|t:|1779711584
|switch|p1a: Raging Bolt|Raging Bolt|100/100
|turn|5
|
|t:|1779711587
|switch|p2a: Slowking|Slowking-Galar, M|100/100
|move|p1a: Raging Bolt|Thunderbolt|p2a: Slowking
|-damage|p2a: Slowking|55/100
|
|upkeep
|turn|6
|
|t:|1779711596
|switch|p2a: Alomomola|Alomomola, F|100/100
|move|p1a: Raging Bolt|Thunderbolt|p2a: Alomomola
|-supereffective|p2a: Alomomola
|-damage|p2a: Alomomola|0 fnt
|faint|p2a: Alomomola
|
|upkeep
|
|t:|1779711601
|switch|p2a: Ogerpon|Ogerpon-Wellspring, F|100/100
|turn|7
|
|t:|1779711606
|move|p2a: Ogerpon|Knock Off|p1a: Raging Bolt
|-damage|p1a: Raging Bolt|65/100
|-enditem|p1a: Raging Bolt|Choice Specs|[from] move: Knock Off|[of] p2a: Ogerpon
|move|p1a: Raging Bolt|Thunderbolt|p2a: Ogerpon
|-damage|p2a: Ogerpon|41/100
|-status|p2a: Ogerpon|par
|
|upkeep
|turn|8
|
|t:|1779711614
|move|p1a: Raging Bolt|Thunderbolt|p2a: Ogerpon
|-damage|p2a: Ogerpon|0 fnt
|faint|p2a: Ogerpon
|
|upkeep
|
|t:|1779711619
|switch|p2a: Kleavor|Kleavor, M|100/100
|turn|9
|inactive|Lemonsq has 120 seconds left.
|
|t:|1779711661
|-end|p1a: Raging Bolt|Protosynthesis|[silent]
|switch|p1a: Corviknight|Corviknight, M|100/100
|-ability|p1a: Corviknight|Pressure
|move|p2a: Kleavor|Stone Axe|p1a: Corviknight
|-damage|p1a: Corviknight|69/100
|-damage|p2a: Kleavor|84/100|[from] item: Rocky Helmet|[of] p1a: Corviknight
|-sidestart|p1: Lemonsq|move: Stealth Rock
|
|upkeep
|turn|10
|
|t:|1779711671
|switch|p2a: Corviknight|Corviknight, M|61/100
|-ability|p2a: Corviknight|Pressure
|move|p1a: Corviknight|Defog|p2a: Corviknight
|-unboost|p2a: Corviknight|evasion|1
|-sideend|p1: Lemonsq|Stealth Rock|[from] move: Defog|[of] p1a: Corviknight
|
|upkeep
|turn|11
|inactive|Lemonsq has 120 seconds left.
|
|t:|1779711679
|switch|p1a: Raging Bolt|Raging Bolt|65/100
|move|p2a: Corviknight|U-turn|p1a: Raging Bolt
|-damage|p1a: Raging Bolt|51/100
|
|t:|1779711681
|switch|p2a: Slowking|Slowking-Galar, M|88/100|[from] U-turn
|
|upkeep
|turn|12
|
|t:|1779711690
|move|p1a: Raging Bolt|Volt Switch|p2a: Slowking
|-damage|p2a: Slowking|65/100
|
|t:|1779711693
|-end|p1a: Raging Bolt|Protosynthesis|[silent]
|switch|p1a: Tyranitar|Tyranitar, M|100/100|[from] Volt Switch
|-weather|Sandstorm|[from] ability: Sand Stream|[of] p1a: Tyranitar
|move|p2a: Slowking|Sludge Wave|p1a: Tyranitar
|-resisted|p1a: Tyranitar
|-damage|p1a: Tyranitar|88/100
|
|-weather|Sandstorm|[upkeep]
|-damage|p2a: Slowking|59/100|[from] Sandstorm
|upkeep
|turn|13
|
|t:|1779711711
|switch|p2a: Corviknight|Corviknight, M|61/100
|-ability|p2a: Corviknight|Pressure
|move|p1a: Tyranitar|Ice Punch|p2a: Corviknight
|-damage|p2a: Corviknight|36/100
|-damage|p1a: Tyranitar|71/100|[from] item: Rocky Helmet|[of] p2a: Corviknight
|
|-weather|Sandstorm|[upkeep]
|upkeep
|turn|14
|
|t:|1779711722
|switch|p1a: Corviknight|Corviknight, M|69/100
|-ability|p1a: Corviknight|Pressure
|switch|p2a: Garganacl|Garganacl, M|100/100
|
|-weather|Sandstorm|[upkeep]
|upkeep
|turn|15
|
|t:|1779711731
|move|p1a: Corviknight|U-turn|p2a: Garganacl
|-damage|p2a: Garganacl|93/100
|
|t:|1779711747
|switch|p1a: Rillaboom|Rillaboom, F|100/100|[from] U-turn
|-fieldstart|move: Grassy Terrain|[from] ability: Grassy Surge|[of] p1a: Rillaboom
|move|p2a: Garganacl|Salt Cure|p1a: Rillaboom
|-damage|p1a: Rillaboom|85/100
|-start|p1a: Rillaboom|Salt Cure
|
|-weather|Sandstorm|[upkeep]
|-damage|p1a: Rillaboom|79/100|[from] Sandstorm
|-heal|p1a: Rillaboom|85/100|[from] Grassy Terrain
|-heal|p2a: Garganacl|99/100|[from] Grassy Terrain
|-heal|p2a: Garganacl|100/100|[from] item: Leftovers
|-damage|p1a: Rillaboom|73/100|[from] Salt Cure
|upkeep
|turn|16
|
|t:|1779711762
|switch|p1a: Raging Bolt|Raging Bolt|51/100
|switch|p2a: Corviknight|Corviknight, M|36/100
|-ability|p2a: Corviknight|Pressure
|
|-weather|none
|-heal|p1a: Raging Bolt|57/100|[from] Grassy Terrain
|upkeep
|turn|17
|
|t:|1779711771
|switch|p2a: Slowking|Slowking-Galar, M|93/100
|move|p1a: Raging Bolt|Thunderbolt|p2a: Slowking
|-damage|p2a: Slowking|62/100
|
|-heal|p1a: Raging Bolt|63/100|[from] Grassy Terrain
|-heal|p2a: Slowking|68/100|[from] Grassy Terrain
|upkeep
|turn|18
|
|t:|1779711780
|move|p1a: Raging Bolt|Volt Switch|p2a: Slowking
|-damage|p2a: Slowking|45/100
|
|t:|1779711783
|-end|p1a: Raging Bolt|Protosynthesis|[silent]
|switch|p1a: Tyranitar|Tyranitar, M|71/100|[from] Volt Switch
|-weather|Sandstorm|[from] ability: Sand Stream|[of] p1a: Tyranitar
|-prepare|p2a: Slowking|Chilly Reception|[premajor]
|move|p2a: Slowking|Chilly Reception|p2a: Slowking
|-weather|Snowscape
|
|t:|1779711788
|switch|p2a: Kleavor|Kleavor, M|84/100|[from] Chilly Reception
|
|-weather|Snowscape|[upkeep]
|-heal|p2a: Kleavor|90/100|[from] Grassy Terrain
|-heal|p1a: Tyranitar|77/100|[from] Grassy Terrain
|upkeep
|turn|19
|
|t:|1779711799
|move|p2a: Kleavor|Stone Axe|p1a: Tyranitar
|-damage|p1a: Tyranitar|30/100
|-sidestart|p1: Lemonsq|move: Stealth Rock
|move|p1a: Tyranitar|Low Kick|p2a: Kleavor
|-damage|p2a: Kleavor|28/100
|
|-weather|Snowscape|[upkeep]
|-heal|p2a: Kleavor|34/100|[from] Grassy Terrain
|-heal|p1a: Tyranitar|37/100|[from] Grassy Terrain
|-fieldend|move: Grassy Terrain
|upkeep
|turn|20
|
|t:|1779711811
|switch|p2a: Corviknight|Corviknight, M|36/100
|-ability|p2a: Corviknight|Pressure
|switch|p1a: Rillaboom|Rillaboom, F|73/100
|-damage|p1a: Rillaboom|61/100|[from] Stealth Rock
|-fieldstart|move: Grassy Terrain|[from] ability: Grassy Surge|[of] p1a: Rillaboom
|
|-weather|Snowscape|[upkeep]
|-heal|p1a: Rillaboom|67/100|[from] Grassy Terrain
|upkeep
|turn|21
|l|☆Lemonsq
|inactive|Lemonsq disconnected and has a minute to reconnect!
|player|p1|
|inactive|Lemonsq has 30 seconds to reconnect!
|inactive|Lemonsq has 20 seconds to reconnect!
|inactive|Lemonsq has 15 seconds to reconnect!
|inactive|Lemonsq has 10 seconds to reconnect!
|inactive|Lemonsq has 5 seconds to reconnect!
|-message|Lemonsq lost due to inactivity.
|
|win|babajeje
|raw|Lemonsq's rating: 1416 &rarr; <strong>1393</strong><br />(-23 for losing)
|raw|babajeje's rating: 1366 &rarr; <strong>1389</strong><br />(+23 for winning)
|l|☆babajeje
|player|p2|
|j|☆Lemonsq
|player|p1|Lemonsq|1|
|l|☆Lemonsq
|player|p1|
