|j|☆kopv
|j|☆LUPIIT
|t:|1779643475
|gametype|singles
|player|p1|kopv|bugcatcher-gen4dp|1563
|player|p2|LUPIIT|lucas|1545
|gen|9
|tier|[Gen 9] OU
|rated|
|rule|HP Percentage Mod: HP is shown in percentages
|rule|Endless Battle Clause: Forcing endless battles is banned
|rule|Species Clause: Limit one of each Pokémon
|rule|OHKO Clause: OHKO moves are banned
|rule|Evasion Items Clause: Evasion items are banned
|rule|Evasion Moves Clause: Evasion moves are banned
|rule|Evasion Abilities Clause: Evasion abilities are banned
|rule|Sleep Moves Clause: Sleep-inducing moves are banned
|clearpoke
|poke|p1|Pelipper, F|
|poke|p1|Barraskewda, M|
|poke|p1|Iron Treads|
|poke|p1|Bruxish, M|
|poke|p1|Raging Bolt|
|poke|p1|Enamorus, F|
|poke|p2|Smeargle, M|
|poke|p2|Glimmora, M|
|poke|p2|Zapdos|
|poke|p2|Rillaboom, M|
|poke|p2|Hydrapple, M|
|poke|p2|Skeledirge, F|
|teampreview
|inactive|Battle timer is ON: inactive players will automatically lose when time's up. (requested by LUPIIT)
|
|t:|1779643483
|teamsize|p1|6
|teamsize|p2|6
|start
|switch|p1a: Iron Treads|Iron Treads|100/100
|switch|p2a: Glimmora|Glimmora, M|100/100
|-item|p2a: Glimmora|Air Balloon
|turn|1
|
|t:|1779643488
|move|p1a: Iron Treads|Rapid Spin|p2a: Glimmora
|-resisted|p2a: Glimmora
|-damage|p2a: Glimmora|92/100
|-boost|p1a: Iron Treads|spe|1
|-activate|p2a: Glimmora|ability: Toxic Debris
|-sidestart|p1: kopv|move: Toxic Spikes
|-enditem|p2a: Glimmora|Air Balloon
|-sideend|p1: kopv|Toxic Spikes|[from] move: Rapid Spin|[of] p1a: Iron Treads
|move|p2a: Glimmora|Earth Power|p1a: Iron Treads
|-supereffective|p1a: Iron Treads
|-damage|p1a: Iron Treads|39/100
|
|-heal|p1a: Iron Treads|45/100|[from] item: Leftovers
|upkeep
|turn|2
|
|t:|1779643494
|switch|p2a: Zapdos|Zapdos|100/100
|move|p1a: Iron Treads|Earth Power|p2a: Zapdos
|-immune|p2a: Zapdos
|
|-heal|p1a: Iron Treads|51/100|[from] item: Leftovers
|upkeep
|turn|3
|
|t:|1779643503
|-end|p1a: Iron Treads|Quark Drive|[silent]
|switch|p1a: Raging Bolt|Raging Bolt|100/100
|move|p2a: Zapdos|Heat Wave|p1a: Raging Bolt
|-resisted|p1a: Raging Bolt
|-damage|p1a: Raging Bolt|88/100
|
|-heal|p1a: Raging Bolt|94/100|[from] item: Leftovers
|upkeep
|turn|4
|
|t:|1779643511
|move|p1a: Raging Bolt|Thunder|p2a: Zapdos
|-damage|p2a: Zapdos|34/100
|move|p2a: Zapdos|U-turn|p1a: Raging Bolt
|-damage|p1a: Raging Bolt|83/100
|
|t:|1779643517
|switch|p2a: Smeargle|Smeargle, M|100/100|[from] U-turn
|
|-heal|p1a: Raging Bolt|89/100|[from] item: Leftovers
|upkeep
|turn|5
|
|t:|1779643531
|move|p2a: Smeargle|Sticky Web|p1a: Raging Bolt
|-sidestart|p1: kopv|move: Sticky Web
|move|p1a: Raging Bolt|Thunder|p2a: Smeargle|[miss]
|-miss|p1a: Raging Bolt|p2a: Smeargle
|
|-heal|p1a: Raging Bolt|95/100|[from] item: Leftovers
|upkeep
|turn|6
|
|t:|1779643537
|switch|p2a: Rillaboom|Rillaboom, M|100/100
|-fieldstart|move: Grassy Terrain|[from] ability: Grassy Surge|[of] p2a: Rillaboom
|move|p1a: Raging Bolt|Thunder|p2a: Rillaboom
|-resisted|p2a: Rillaboom
|-damage|p2a: Rillaboom|71/100
|
|-heal|p1a: Raging Bolt|100/100|[from] Grassy Terrain
|-heal|p2a: Rillaboom|78/100|[from] Grassy Terrain
|upkeep
|turn|7
|
|t:|1779643544
|move|p1a: Raging Bolt|Draco Meteor|p2a: Rillaboom
|-damage|p2a: Rillaboom|6/100
|-unboost|p1a: Raging Bolt|spa|2
|move|p2a: Rillaboom|U-turn|p1a: Raging Bolt
|-damage|p1a: Raging Bolt|79/100
|
|t:|1779643551
|switch|p2a: Hydrapple|Hydrapple, M|100/100|[from] U-turn
|
|-heal|p1a: Raging Bolt|85/100|[from] Grassy Terrain
|-heal|p1a: Raging Bolt|91/100|[from] item: Leftovers
|upkeep
|turn|8
|
|t:|1779643558
|-end|p1a: Raging Bolt|Protosynthesis|[silent]
|switch|p1a: Enamorus|Enamorus, F|100/100
|move|p2a: Hydrapple|Nasty Plot|p2a: Hydrapple
|-boost|p2a: Hydrapple|spa|2
|
|upkeep
|turn|9
|
|t:|1779643585
|move|p1a: Enamorus|Moonblast|p2a: Hydrapple
|-supereffective|p2a: Hydrapple
|-damage|p2a: Hydrapple|0 fnt
|faint|p2a: Hydrapple
|
|upkeep
|
|t:|1779643589
|switch|p2a: Skeledirge|Skeledirge, F|100/100
|turn|10
|
|t:|1779643593
|switch|p1a: Pelipper|Pelipper, F|100/100
|-weather|RainDance|[from] ability: Drizzle|[of] p1a: Pelipper
|move|p2a: Skeledirge|Torch Song|p1a: Pelipper
|-resisted|p1a: Pelipper
|-damage|p1a: Pelipper|80/100
|-boost|p2a: Skeledirge|spa|1
|
|-weather|RainDance|[upkeep]
|upkeep
|turn|11
|
|t:|1779643618
|switch|p2a: Zapdos|Zapdos|34/100
|switch|p1a: Iron Treads|Iron Treads|51/100
|-activate|p1a: Iron Treads|move: Sticky Web
|-unboost|p1a: Iron Treads|spe|1
|
|-weather|RainDance|[upkeep]
|-heal|p1a: Iron Treads|57/100|[from] Grassy Terrain
|-heal|p1a: Iron Treads|63/100|[from] item: Leftovers
|upkeep
|turn|12
|
|t:|1779643625
|switch|p2a: Skeledirge|Skeledirge, F|100/100
|move|p1a: Iron Treads|Stealth Rock|p2a: Skeledirge
|-sidestart|p2: LUPIIT|move: Stealth Rock
|
|-weather|RainDance|[upkeep]
|-heal|p1a: Iron Treads|69/100|[from] Grassy Terrain
|-heal|p1a: Iron Treads|75/100|[from] item: Leftovers
|upkeep
|turn|13
|
|t:|1779643636
|-end|p1a: Iron Treads|Quark Drive|[silent]
|switch|p1a: Enamorus|Enamorus, F|100/100
|move|p2a: Skeledirge|Shadow Ball|p1a: Enamorus
|-damage|p1a: Enamorus|17/100
|
|-weather|RainDance|[upkeep]
|-fieldend|move: Grassy Terrain
|upkeep
|turn|14
|
|t:|1779643641
|switch|p2a: Rillaboom|Rillaboom, M|6/100
|-damage|p2a: Rillaboom|0 fnt|[from] Stealth Rock
|faint|p2a: Rillaboom
|move|p1a: Enamorus|Weather Ball|p2: Rillaboom|[notarget]
|-fail|p1a: Enamorus
|
|-weather|RainDance|[upkeep]
|upkeep
|
|t:|1779643652
|switch|p2a: Smeargle|Smeargle, M|100/100
|-damage|p2a: Smeargle|88/100|[from] Stealth Rock
|turn|15
|
|t:|1779643656
|move|p2a: Smeargle|Burning Bulwark|p2a: Smeargle
|-singleturn|p2a: Smeargle|move: Protect
|move|p1a: Enamorus|Weather Ball|p2a: Smeargle
|-activate|p2a: Smeargle|move: Protect
|
|-weather|RainDance|[upkeep]
|upkeep
|turn|16
|
|t:|1779643666
|move|p1a: Enamorus|Weather Ball|p2a: Smeargle
|-damage|p2a: Smeargle|0 fnt
|faint|p2a: Smeargle
|
|-weather|RainDance|[upkeep]
|upkeep
|
|t:|1779643668
|switch|p2a: Skeledirge|Skeledirge, F|100/100
|-damage|p2a: Skeledirge|76/100|[from] Stealth Rock
|turn|17
|
|t:|1779643677
|switch|p1a: Iron Treads|Iron Treads|75/100
|-activate|p1a: Iron Treads|move: Sticky Web
|-unboost|p1a: Iron Treads|spe|1
|-terastallize|p2a: Skeledirge|Grass
|move|p2a: Skeledirge|Shadow Ball|p1a: Iron Treads
|-damage|p1a: Iron Treads|23/100
|
|-weather|none
|-heal|p1a: Iron Treads|29/100|[from] item: Leftovers
|upkeep
|turn|18
|
|t:|1779643685
|move|p2a: Skeledirge|Shadow Ball|p1a: Iron Treads
|-damage|p1a: Iron Treads|0 fnt
|faint|p1a: Iron Treads
|-end|p1a: Iron Treads|Quark Drive|[silent]
|
|upkeep
|
|t:|1779643692
|switch|p1a: Barraskewda|Barraskewda, M|100/100
|-activate|p1a: Barraskewda|move: Sticky Web
|-unboost|p1a: Barraskewda|spe|1
|turn|19
|
|t:|1779643698
|move|p2a: Skeledirge|Shadow Ball|p1a: Barraskewda
|-damage|p1a: Barraskewda|0 fnt
|faint|p1a: Barraskewda
|
|upkeep
|
|t:|1779643704
|switch|p1a: Pelipper|Pelipper, F|80/100
|-weather|RainDance|[from] ability: Drizzle|[of] p1a: Pelipper
|turn|20
|
|t:|1779643706
|move|p2a: Skeledirge|Shadow Ball|p1a: Pelipper
|-damage|p1a: Pelipper|4/100
|move|p1a: Pelipper|Hurricane|p2a: Skeledirge
|-supereffective|p2a: Skeledirge
|-damage|p2a: Skeledirge|0 fnt
|faint|p2a: Skeledirge
|
|-weather|RainDance|[upkeep]
|upkeep
|
|t:|1779643709
|switch|p2a: Glimmora|Glimmora, M|92/100
|-damage|p2a: Glimmora|80/100|[from] Stealth Rock
|turn|21
|
|t:|1779643719
|move|p2a: Glimmora|Power Gem|p1a: Pelipper
|-supereffective|p1a: Pelipper
|-damage|p1a: Pelipper|0 fnt
|faint|p1a: Pelipper
|
|-weather|RainDance|[upkeep]
|upkeep
|
|t:|1779643722
|switch|p1a: Enamorus|Enamorus, F|17/100
|turn|22
|
|t:|1779643725
|switch|p2a: Zapdos|Zapdos|34/100
|move|p1a: Enamorus|Weather Ball|p2a: Zapdos
|-damage|p2a: Zapdos|0 fnt
|faint|p2a: Zapdos
|
|-weather|RainDance|[upkeep]
|upkeep
|-message|LUPIIT forfeited.
|
|win|kopv
|raw|kopv's rating: 1563 &rarr; <strong>1582</strong><br />(+19 for winning)
|raw|LUPIIT's rating: 1545 &rarr; <strong>1526</strong><br />(-19 for losing)
|l|☆LUPIIT
|player|p2|
