|j|☆shun5412
|j|‽antonitaly
|t:|1779615248
|gametype|singles
|player|p1|shun5412|az|1289
|player|p2|antonitaly|nate|1367
|gen|9
|tier|[Gen 9] OU
|rated|
|rule|HP Percentage Mod: HP is shown in percentages
|rule|Endless Battle Clause: Forcing endless battles is banned
|rule|Species Clause: Limit one of each Pokémon
|rule|OHKO Clause: OHKO moves are banned
|rule|Evasion Items Clause: Evasion items are banned
|rule|Evasion Moves Clause: Evasion moves are banned
|rule|Evasion Abilities Clause: Evasion abilities are banned
|rule|Sleep Moves Clause: Sleep-inducing moves are banned
|clearpoke
|poke|p1|Glimmora, M|
|poke|p1|Pelipper, M|
|poke|p1|Gholdengo|
|poke|p1|Grimmsnarl, M|
|poke|p1|Garganacl, M|
|poke|p1|Rotom-Mow|
|poke|p2|Landorus-Therian, M|
|poke|p2|Ceruledge, F|
|poke|p2|Darkrai|
|poke|p2|Glimmora, M|
|poke|p2|Ogerpon, F|
|poke|p2|Raging Bolt|
|teampreview
|
|t:|1779615253
|teamsize|p1|6
|teamsize|p2|6
|start
|switch|p1a: Rotom|Rotom-Mow|100/100
|switch|p2a: Landorus|Landorus-Therian, M|100/100
|-ability|p2a: Landorus|Intimidate|boost
|-unboost|p1a: Rotom|atk|1
|turn|1
|inactive|Battle timer is ON: inactive players will automatically lose when time's up. (requested by antonitaly)
|
|t:|1779615259
|move|p1a: Rotom|Trick|p2a: Landorus
|-activate|p1a: Rotom|move: Trick|[of] p2a: Landorus
|-item|p2a: Landorus|Choice Scarf|[from] move: Trick
|-item|p1a: Rotom|Rocky Helmet|[from] move: Trick
|move|p2a: Landorus|Stealth Rock|p1a: Rotom
|-sidestart|p1: shun5412|move: Stealth Rock
|
|upkeep
|turn|2
|
|t:|1779615276
|switch|p2a: Ogerpon|Ogerpon, F|100/100
|move|p1a: Rotom|Will-O-Wisp|p2a: Ogerpon|[miss]
|-miss|p1a: Rotom|p2a: Ogerpon
|
|upkeep
|turn|3
|
|t:|1779615282
|move|p2a: Ogerpon|U-turn|p1a: Rotom
|-supereffective|p1a: Rotom
|-damage|p1a: Rotom|53/100
|-damage|p2a: Ogerpon|84/100|[from] item: Rocky Helmet|[of] p1a: Rotom
|
|t:|1779615287
|switch|p2a: Ceruledge|Ceruledge, F|100/100|[from] U-turn
|move|p1a: Rotom|Will-O-Wisp|p2a: Ceruledge
|-immune|p2a: Ceruledge
|
|upkeep
|turn|4
|
|t:|1779615296
|switch|p1a: Garganacl|Garganacl, M|100/100
|-damage|p1a: Garganacl|88/100|[from] Stealth Rock
|move|p2a: Ceruledge|Swords Dance|p2a: Ceruledge
|-boost|p2a: Ceruledge|atk|2
|
|-heal|p1a: Garganacl|94/100|[from] item: Leftovers
|upkeep
|turn|5
|
|t:|1779615305
|move|p2a: Ceruledge|Bitter Blade|p1a: Garganacl
|-resisted|p1a: Garganacl
|-damage|p1a: Garganacl|64/100
|move|p1a: Garganacl|Salt Cure|p2a: Ceruledge
|-supereffective|p2a: Ceruledge
|-damage|p2a: Ceruledge|63/100
|-start|p2a: Ceruledge|Salt Cure
|-ability|p2a: Ceruledge|Weak Armor|boost
|-unboost|p2a: Ceruledge|def|1
|-boost|p2a: Ceruledge|spe|2
|
|-heal|p1a: Garganacl|70/100|[from] item: Leftovers
|-damage|p2a: Ceruledge|50/100|[from] Salt Cure
|upkeep
|turn|6
|
|t:|1779615317
|move|p2a: Ceruledge|Bitter Blade|p1a: Garganacl
|-resisted|p1a: Garganacl
|-damage|p1a: Garganacl|35/100
|-heal|p2a: Ceruledge|75/100|[from] drain|[of] p1a: Garganacl
|move|p1a: Garganacl|Salt Cure|p2a: Ceruledge
|-supereffective|p2a: Ceruledge
|-damage|p2a: Ceruledge|15/100
|-ability|p2a: Ceruledge|Weak Armor|boost
|-unboost|p2a: Ceruledge|def|1
|-boost|p2a: Ceruledge|spe|2
|
|-heal|p1a: Garganacl|41/100|[from] item: Leftovers
|-damage|p2a: Ceruledge|3/100|[from] Salt Cure
|upkeep
|turn|7
|
|t:|1779615330
|move|p1a: Garganacl|Protect|p1a: Garganacl
|-singleturn|p1a: Garganacl|Protect
|move|p2a: Ceruledge|Bitter Blade|p1a: Garganacl
|-activate|p1a: Garganacl|move: Protect
|
|-heal|p1a: Garganacl|47/100|[from] item: Leftovers
|-damage|p2a: Ceruledge|0 fnt|[from] Salt Cure
|faint|p2a: Ceruledge
|upkeep
|
|t:|1779615339
|switch|p2a: Ogerpon|Ogerpon, F|84/100
|turn|8
|
|t:|1779615342
|switch|p1a: Rotom|Rotom-Mow|53/100
|-damage|p1a: Rotom|41/100|[from] Stealth Rock
|move|p2a: Ogerpon|Ivy Cudgel|p1a: Rotom
|-resisted|p1a: Rotom
|-damage|p1a: Rotom|16/100
|
|upkeep
|turn|9
|
|t:|1779615350
|move|p2a: Ogerpon|Ivy Cudgel|p1a: Rotom
|-resisted|p1a: Rotom
|-damage|p1a: Rotom|0 fnt
|faint|p1a: Rotom
|
|upkeep
|
|t:|1779615355
|switch|p1a: Grimmsnarl|Grimmsnarl, M|100/100
|-damage|p1a: Grimmsnarl|88/100|[from] Stealth Rock
|turn|10
|
|t:|1779615362
|switch|p2a: Darkrai|Darkrai|100/100
|move|p1a: Grimmsnarl|Reflect|p1a: Grimmsnarl
|-sidestart|p1: shun5412|Reflect
|
|upkeep
|turn|11
|
|t:|1779615367
|move|p1a: Grimmsnarl|Light Screen|p1a: Grimmsnarl
|-sidestart|p1: shun5412|move: Light Screen
|move|p2a: Darkrai|Sludge Bomb|p1a: Grimmsnarl
|-supereffective|p1a: Grimmsnarl
|-damage|p1a: Grimmsnarl|54/100
|
|upkeep
|turn|12
|
|t:|1779615374
|move|p2a: Darkrai|Focus Blast|p1a: Grimmsnarl|[miss]
|-miss|p2a: Darkrai|p1a: Grimmsnarl
|move|p1a: Grimmsnarl|Spirit Break|p2a: Darkrai
|-supereffective|p2a: Darkrai
|-crit|p2a: Darkrai
|-damage|p2a: Darkrai|0 fnt
|faint|p2a: Darkrai
|
|upkeep
|
|t:|1779615383
|switch|p2a: Landorus|Landorus-Therian, M|100/100
|-ability|p2a: Landorus|Intimidate|boost
|-unboost|p1a: Grimmsnarl|atk|1
|turn|13
|
|t:|1779615388
|move|p1a: Grimmsnarl|Parting Shot|p2a: Landorus
|-unboost|p2a: Landorus|atk|1
|-unboost|p2a: Landorus|spa|1
|
|t:|1779615392
|switch|p1a: Garganacl|Garganacl, M|47/100|[from] Parting Shot
|-damage|p1a: Garganacl|35/100|[from] Stealth Rock
|move|p2a: Landorus|Earth Power|p1a: Garganacl
|-supereffective|p1a: Garganacl
|-crit|p1a: Garganacl
|-damage|p1a: Garganacl|0 fnt
|faint|p1a: Garganacl
|
|upkeep
|
|t:|1779615400
|switch|p1a: Glimmora|Glimmora, M|100/100
|-damage|p1a: Glimmora|88/100|[from] Stealth Rock
|turn|14
|
|t:|1779615408
|move|p2a: Landorus|Earth Power|p1a: Glimmora
|-supereffective|p1a: Glimmora
|-damage|p1a: Glimmora|28/100
|move|p1a: Glimmora|Mortal Spin|p2a: Landorus
|-resisted|p2a: Landorus
|-damage|p2a: Landorus|97/100
|-status|p2a: Landorus|psn
|-sideend|p1: shun5412|Stealth Rock|[from] move: Mortal Spin|[of] p1a: Glimmora
|
|-damage|p2a: Landorus|84/100 psn|[from] psn
|upkeep
|turn|15
|
|t:|1779615418
|switch|p1a: Pelipper|Pelipper, M|100/100
|-weather|RainDance|[from] ability: Drizzle|[of] p1a: Pelipper
|move|p2a: Landorus|Earth Power|p1a: Pelipper
|-immune|p1a: Pelipper
|
|-weather|RainDance|[upkeep]
|-damage|p2a: Landorus|72/100 psn|[from] psn
|upkeep
|turn|16
|
|t:|1779615427
|switch|p2a: Raging Bolt|Raging Bolt|100/100
|move|p1a: Pelipper|Tailwind|p1a: Pelipper
|-sidestart|p1: shun5412|move: Tailwind
|
|-weather|RainDance|[upkeep]
|upkeep
|turn|17
|
|t:|1779615434
|move|p1a: Pelipper|Ice Beam|p2a: Raging Bolt
|-supereffective|p2a: Raging Bolt
|-damage|p2a: Raging Bolt|65/100
|move|p2a: Raging Bolt|Thunderbolt|p1a: Pelipper
|-supereffective|p1a: Pelipper
|-damage|p1a: Pelipper|0 fnt
|faint|p1a: Pelipper
|
|-weather|RainDance|[upkeep]
|-heal|p2a: Raging Bolt|71/100|[from] item: Leftovers
|-sideend|p1: shun5412|Reflect
|upkeep
|
|t:|1779615451
|switch|p1a: Grimmsnarl|Grimmsnarl, M|54/100
|turn|18
|
|t:|1779615459
|-end|p2a: Raging Bolt|Protosynthesis|[silent]
|switch|p2a: Glimmora|Glimmora, M|100/100
|move|p1a: Grimmsnarl|Spirit Break|p2a: Glimmora
|-resisted|p2a: Glimmora
|-damage|p2a: Glimmora|82/100
|-unboost|p2a: Glimmora|spa|1
|-activate|p2a: Glimmora|ability: Toxic Debris
|-sidestart|p1: shun5412|move: Toxic Spikes
|
|-weather|RainDance|[upkeep]
|-sideend|p1: shun5412|move: Light Screen
|upkeep
|turn|19
|
|t:|1779615469
|move|p1a: Grimmsnarl|Parting Shot|p2a: Glimmora
|-unboost|p2a: Glimmora|atk|1
|-unboost|p2a: Glimmora|spa|1
|
|t:|1779615473
|switch|p1a: Glimmora|Glimmora, M|28/100|[from] Parting Shot
|-sideend|p1: shun5412|move: Toxic Spikes|[of] p1a: Glimmora
|move|p2a: Glimmora|Spikes|p1a: Glimmora
|-sidestart|p1: shun5412|Spikes
|
|-weather|none
|-sideend|p1: shun5412|move: Tailwind
|upkeep
|turn|20
|
|t:|1779615481
|move|p1a: Glimmora|Earth Power|p2a: Glimmora
|-supereffective|p2a: Glimmora
|-damage|p2a: Glimmora|0 fnt
|faint|p2a: Glimmora
|
|upkeep
|
|t:|1779615487
|switch|p2a: Landorus|Landorus-Therian, M|72/100 psn
|-ability|p2a: Landorus|Intimidate|boost
|-unboost|p1a: Glimmora|atk|1
|turn|21
|
|t:|1779615491
|switch|p1a: Grimmsnarl|Grimmsnarl, M|54/100
|-damage|p1a: Grimmsnarl|42/100|[from] Spikes
|move|p2a: Landorus|Earth Power|p1a: Grimmsnarl
|-damage|p1a: Grimmsnarl|11/100
|-unboost|p1a: Grimmsnarl|spd|1
|
|-damage|p2a: Landorus|60/100 psn|[from] psn
|upkeep
|turn|22
|
|t:|1779615501
|move|p1a: Grimmsnarl|Light Screen|p1a: Grimmsnarl
|-sidestart|p1: shun5412|move: Light Screen
|move|p2a: Landorus|Earth Power|p1a: Grimmsnarl
|-damage|p1a: Grimmsnarl|0 fnt
|faint|p1a: Grimmsnarl
|
|-damage|p2a: Landorus|47/100 psn|[from] psn
|upkeep
|
|t:|1779615508
|switch|p1a: Gholdengo|Gholdengo|100/100
|-item|p1a: Gholdengo|Air Balloon
|turn|23
|
|t:|1779615513
|switch|p2a: Ogerpon|Ogerpon, F|84/100
|move|p1a: Gholdengo|Shadow Ball|p2a: Ogerpon
|-damage|p2a: Ogerpon|58/100
|
|upkeep
|turn|24
|
|t:|1779615519
|move|p2a: Ogerpon|Knock Off|p1a: Gholdengo
|-supereffective|p1a: Gholdengo
|-damage|p1a: Gholdengo|51/100
|-enditem|p1a: Gholdengo|Air Balloon
|move|p1a: Gholdengo|Make It Rain|p2a: Ogerpon
|-damage|p2a: Ogerpon|19/100
|-unboost|p1a: Gholdengo|spa|1
|
|upkeep
|turn|25
|
|t:|1779615533
|-terastallize|p2a: Ogerpon|Grass
|detailschange|p2a: Ogerpon|Ogerpon-Teal-Tera, F, tera:Grass
|-ability|p2a: Ogerpon|Embody Aspect (Teal)|boost
|-boost|p2a: Ogerpon|spe|1
|move|p2a: Ogerpon|Horn Leech|p1a: Gholdengo
|-resisted|p1a: Gholdengo
|-damage|p1a: Gholdengo|31/100
|-heal|p2a: Ogerpon|31/100|[from] drain|[of] p1a: Gholdengo
|move|p1a: Gholdengo|Recover|p1a: Gholdengo
|-heal|p1a: Gholdengo|81/100
|
|upkeep
|turn|26
|
|t:|1779615544
|move|p2a: Ogerpon|Horn Leech|p1a: Gholdengo
|-resisted|p1a: Gholdengo
|-damage|p1a: Gholdengo|62/100
|-heal|p2a: Ogerpon|44/100|[from] drain|[of] p1a: Gholdengo
|move|p1a: Gholdengo|Nasty Plot|p1a: Gholdengo
|-boost|p1a: Gholdengo|spa|2
|
|upkeep
|turn|27
|
|t:|1779615551
|move|p2a: Ogerpon|Horn Leech|p1a: Gholdengo
|-resisted|p1a: Gholdengo
|-damage|p1a: Gholdengo|42/100
|-heal|p2a: Ogerpon|56/100|[from] drain|[of] p1a: Gholdengo
|move|p1a: Gholdengo|Recover|p1a: Gholdengo
|-heal|p1a: Gholdengo|93/100
|
|upkeep
|turn|28
|
|t:|1779615560
|move|p2a: Ogerpon|Horn Leech|p1a: Gholdengo
|-resisted|p1a: Gholdengo
|-damage|p1a: Gholdengo|72/100
|-heal|p2a: Ogerpon|69/100|[from] drain|[of] p1a: Gholdengo
|move|p1a: Gholdengo|Shadow Ball|p2a: Ogerpon
|-damage|p2a: Ogerpon|30/100
|
|upkeep
|turn|29
|
|t:|1779615568
|move|p2a: Ogerpon|Horn Leech|p1a: Gholdengo
|-resisted|p1a: Gholdengo
|-damage|p1a: Gholdengo|52/100
|-heal|p2a: Ogerpon|43/100|[from] drain|[of] p1a: Gholdengo
|move|p1a: Gholdengo|Shadow Ball|p2a: Ogerpon
|-damage|p2a: Ogerpon|0 fnt
|faint|p2a: Ogerpon
|detailschange|p2: Ogerpon|Ogerpon, F|[silent]
|
|-sideend|p1: shun5412|move: Light Screen
|upkeep
|
|t:|1779615577
|switch|p2a: Landorus|Landorus-Therian, M|47/100 psn
|-ability|p2a: Landorus|Intimidate|boost
|-unboost|p1a: Gholdengo|atk|1
|turn|30
|
|t:|1779615582
|move|p2a: Landorus|Earth Power|p1a: Gholdengo
|-supereffective|p1a: Gholdengo
|-damage|p1a: Gholdengo|0 fnt
|faint|p1a: Gholdengo
|
|-damage|p2a: Landorus|35/100 psn|[from] psn
|upkeep
|-message|shun5412 forfeited.
|
|win|antonitaly
|raw|shun5412's rating: 1289 &rarr; <strong>1270</strong><br />(-19 for losing)
|raw|antonitaly's rating: 1367 &rarr; <strong>1383</strong><br />(+16 for winning)
|l|☆shun5412
|player|p1|
|l|‽antonitaly
|player|p2|
