|j|☆stock-paradox
|j|☆Vkjoggers
|t:|1779600054
|gametype|singles
|player|p1|stock-paradox|gardenia|1162
|player|p2|Vkjoggers|265|1195
|gen|9
|tier|[Gen 9] OU
|rated|
|rule|HP Percentage Mod: HP is shown in percentages
|rule|Endless Battle Clause: Forcing endless battles is banned
|rule|Species Clause: Limit one of each Pokémon
|rule|OHKO Clause: OHKO moves are banned
|rule|Evasion Items Clause: Evasion items are banned
|rule|Evasion Moves Clause: Evasion moves are banned
|rule|Evasion Abilities Clause: Evasion abilities are banned
|rule|Sleep Moves Clause: Sleep-inducing moves are banned
|clearpoke
|poke|p1|Iron Valiant|
|poke|p1|Kingambit, F|
|poke|p1|Dragapult, M|
|poke|p1|Cinderace, F|
|poke|p1|Salazzle, F|
|poke|p1|Corviknight, M|
|poke|p2|Tatsugiri-Droopy, F|
|poke|p2|Goodra-Hisui, M|
|poke|p2|Swampert, M|
|poke|p2|Dragonite, F|
|poke|p2|Alomomola, M|
|poke|p2|Skeledirge, M|
|teampreview
|inactive|Battle timer is ON: inactive players will automatically lose when time's up. (requested by Vkjoggers)
|
|t:|1779600064
|teamsize|p1|6
|teamsize|p2|6
|start
|switch|p1a: Iron Valiant|Iron Valiant|100/100
|switch|p2a: Swampert|Swampert, M|100/100
|turn|1
|
|t:|1779600070
|move|p1a: Iron Valiant|Leaf Blade|p2a: Swampert
|-supereffective|p2a: Swampert
|-damage|p2a: Swampert|0 fnt
|faint|p2a: Swampert
|-damage|p1a: Iron Valiant|90/100|[from] item: Life Orb
|
|upkeep
|
|t:|1779600074
|switch|p2a: Alomomola|Alomomola, M|100/100
|turn|2
|
|t:|1779600079
|switch|p2a: Goodra|Goodra-Hisui, M|100/100
|move|p1a: Iron Valiant|Leaf Blade|p2a: Goodra
|-ability|p2a: Goodra|Sap Sipper|boost
|-boost|p2a: Goodra|atk|1
|
|upkeep
|turn|3
|
|t:|1779600087
|move|p1a: Iron Valiant|Spirit Break|p2a: Goodra
|-damage|p2a: Goodra|54/100
|-unboost|p2a: Goodra|spa|1
|-damage|p1a: Iron Valiant|80/100|[from] item: Life Orb
|move|p2a: Goodra|Flamethrower|p1a: Iron Valiant
|-damage|p1a: Iron Valiant|42/100
|
|upkeep
|turn|4
|
|t:|1779600096
|move|p1a: Iron Valiant|Spirit Break|p2a: Goodra
|-crit|p2a: Goodra
|-damage|p2a: Goodra|0 fnt
|faint|p2a: Goodra
|-damage|p1a: Iron Valiant|32/100|[from] item: Life Orb
|
|upkeep
|
|t:|1779600100
|switch|p2a: Dragonite|Dragonite, F|100/100
|turn|5
|
|t:|1779600105
|move|p1a: Iron Valiant|Spirit Break|p2a: Dragonite
|-supereffective|p2a: Dragonite
|-damage|p2a: Dragonite|43/100
|-unboost|p2a: Dragonite|spa|1
|-damage|p1a: Iron Valiant|22/100|[from] item: Life Orb
|move|p2a: Dragonite|Dragon Dance|p2a: Dragonite
|-boost|p2a: Dragonite|atk|1
|-boost|p2a: Dragonite|spe|1
|
|upkeep
|turn|6
|
|t:|1779600114
|move|p2a: Dragonite|Extreme Speed|p1a: Iron Valiant
|-damage|p1a: Iron Valiant|0 fnt
|faint|p1a: Iron Valiant
|-end|p1a: Iron Valiant|Quark Drive|[silent]
|
|upkeep
|
|t:|1779600117
|switch|p1a: Dragapult|Dragapult, M|100/100
|turn|7
|
|t:|1779600119
|move|p1a: Dragapult|Dragon Darts|p2a: Dragonite
|-supereffective|p2a: Dragonite
|-damage|p2a: Dragonite|0 fnt
|faint|p2a: Dragonite
|
|upkeep
|
|t:|1779600126
|switch|p2a: Skeledirge|Skeledirge, M|100/100
|turn|8
|
|t:|1779600130
|-terastallize|p2a: Skeledirge|Fairy
|move|p1a: Dragapult|Dragon Darts|p2a: Skeledirge
|-immune|p2a: Skeledirge
|move|p2a: Skeledirge|Will-O-Wisp|p1a: Dragapult
|-status|p1a: Dragapult|brn
|
|-damage|p1a: Dragapult|95/100 brn|[from] brn
|upkeep
|turn|9
|
|t:|1779600143
|switch|p1a: Cinderace|Cinderace, F|100/100
|move|p2a: Skeledirge|Will-O-Wisp|p1a: Cinderace
|-immune|p1a: Cinderace
|
|upkeep
|turn|10
|
|t:|1779600149
|switch|p2a: Alomomola|Alomomola, M|100/100
|move|p1a: Cinderace|Iron Head|p2a: Alomomola
|-start|p1a: Cinderace|typechange|Steel|[from] ability: Libero
|-resisted|p2a: Alomomola
|-damage|p2a: Alomomola|91/100
|
|upkeep
|turn|11
|
|t:|1779600160
|switch|p1a: Corviknight|Corviknight, M|100/100
|move|p2a: Alomomola|Scald|p1a: Corviknight
|-damage|p1a: Corviknight|86/100
|
|upkeep
|turn|12
|
|t:|1779600173
|switch|p1a: Cinderace|Cinderace, F|100/100
|move|p2a: Alomomola|Scald|p1a: Cinderace
|-supereffective|p1a: Cinderace
|-damage|p1a: Cinderace|61/100
|
|upkeep
|turn|13
|
|t:|1779600182
|move|p1a: Cinderace|Sucker Punch|p2a: Alomomola
|-start|p1a: Cinderace|typechange|Dark|[from] ability: Libero
|-damage|p2a: Alomomola|74/100
|move|p2a: Alomomola|Scald|p1a: Cinderace
|-damage|p1a: Cinderace|43/100
|-status|p1a: Cinderace|brn
|
|-damage|p1a: Cinderace|37/100 brn|[from] brn
|upkeep
|turn|14
|
|t:|1779600194
|switch|p1a: Corviknight|Corviknight, M|86/100
|move|p2a: Alomomola|Flip Turn|p1a: Corviknight
|-damage|p1a: Corviknight|77/100
|-damage|p2a: Alomomola|58/100|[from] item: Rocky Helmet|[of] p1a: Corviknight
|
|t:|1779600196
|switch|p2a: Tatsugiri|Tatsugiri-Droopy, F, shiny|100/100|[from] Flip Turn
|
|upkeep
|turn|15
|
|t:|1779600205
|move|p2a: Tatsugiri|Taunt|p1a: Corviknight
|-start|p1a: Corviknight|move: Taunt
|cant|p1a: Corviknight|move: Taunt|Iron Defense
|
|upkeep
|turn|16
|
|t:|1779600209
|move|p2a: Tatsugiri|Rapid Spin|p1a: Corviknight
|-resisted|p1a: Corviknight
|-damage|p1a: Corviknight|75/100
|-boost|p2a: Tatsugiri|spe|1
|-damage|p2a: Tatsugiri|84/100|[from] item: Rocky Helmet|[of] p1a: Corviknight
|move|p1a: Corviknight|Body Press|p2a: Tatsugiri
|-crit|p2a: Tatsugiri
|-damage|p2a: Tatsugiri|10/100
|
|upkeep
|turn|17
|
|t:|1779600218
|switch|p2a: Alomomola|Alomomola, M|91/100
|move|p1a: Corviknight|Body Press|p2a: Alomomola
|-damage|p2a: Alomomola|76/100
|
|-end|p1a: Corviknight|move: Taunt
|upkeep
|turn|18
|
|t:|1779600226
|move|p1a: Corviknight|Iron Defense|p1a: Corviknight
|-boost|p1a: Corviknight|def|2
|move|p2a: Alomomola|Scald|p1a: Corviknight
|-damage|p1a: Corviknight|62/100
|
|upkeep
|turn|19
|
|t:|1779600233
|move|p1a: Corviknight|Iron Defense|p1a: Corviknight
|-boost|p1a: Corviknight|def|2
|move|p2a: Alomomola|Flip Turn|p1a: Corviknight
|-damage|p1a: Corviknight|58/100
|-damage|p2a: Alomomola|59/100|[from] item: Rocky Helmet|[of] p1a: Corviknight
|
|t:|1779600235
|switch|p2a: Skeledirge|Skeledirge, M, tera:Fairy|100/100|[from] Flip Turn
|
|upkeep
|turn|20
|
|t:|1779600247
|switch|p1a: Cinderace|Cinderace, F|37/100 brn
|move|p2a: Skeledirge|Torch Song|p1a: Cinderace
|-resisted|p1a: Cinderace
|-damage|p1a: Cinderace|17/100 brn
|-boost|p2a: Skeledirge|spa|1
|
|-damage|p1a: Cinderace|11/100 brn|[from] brn
|upkeep
|turn|21
|
|t:|1779600260
|switch|p2a: Alomomola|Alomomola, M|92/100
|move|p1a: Cinderace|Iron Head|p2a: Alomomola
|-start|p1a: Cinderace|typechange|Steel|[from] ability: Libero
|-resisted|p2a: Alomomola
|-damage|p2a: Alomomola|88/100
|
|-damage|p1a: Cinderace|5/100 brn|[from] brn
|upkeep
|turn|22
|
|t:|1779600269
|switch|p1a: Dragapult|Dragapult, M|95/100 brn
|move|p2a: Alomomola|Wish|p2a: Alomomola
|
|-damage|p1a: Dragapult|89/100 brn|[from] brn
|upkeep
|turn|23
|
|t:|1779600276
|move|p1a: Dragapult|Phantom Force||[still]
|-prepare|p1a: Dragapult|Phantom Force
|move|p2a: Alomomola|Flip Turn|p1a: Dragapult|[miss]
|-miss|p2a: Alomomola|p1a: Dragapult
|
|-heal|p2a: Alomomola|100/100|[from] move: Wish|[wisher] Alomomola
|-damage|p1a: Dragapult|83/100 brn|[from] brn
|upkeep
|turn|24
|
|t:|1779600286
|move|p1a: Dragapult|Phantom Force|p2a: Alomomola|[from] lockedmove
|-damage|p2a: Alomomola|84/100
|move|p2a: Alomomola|Wish|p2a: Alomomola
|
|-damage|p1a: Dragapult|77/100 brn|[from] brn
|upkeep
|turn|25
|
|t:|1779600293
|move|p1a: Dragapult|Phantom Force||[still]
|-prepare|p1a: Dragapult|Phantom Force
|move|p2a: Alomomola|Flip Turn|p1a: Dragapult|[miss]
|-miss|p2a: Alomomola|p1a: Dragapult
|
|-heal|p2a: Alomomola|100/100|[from] move: Wish|[wisher] Alomomola
|-damage|p1a: Dragapult|71/100 brn|[from] brn
|upkeep
|turn|26
|
|t:|1779600301
|move|p1a: Dragapult|Phantom Force|p2a: Alomomola|[from] lockedmove
|-damage|p2a: Alomomola|83/100
|move|p2a: Alomomola|Flip Turn|p1a: Dragapult
|-resisted|p1a: Dragapult
|-damage|p1a: Dragapult|59/100 brn
|
|t:|1779600307
|switch|p2a: Skeledirge|Skeledirge, M, tera:Fairy|100/100|[from] Flip Turn
|
|-damage|p1a: Dragapult|53/100 brn|[from] brn
|upkeep
|turn|27
|
|t:|1779600314
|move|p1a: Dragapult|Phantom Force||[still]
|-prepare|p1a: Dragapult|Phantom Force
|move|p2a: Skeledirge|Hex|p1a: Dragapult|[miss]
|-miss|p2a: Skeledirge|p1a: Dragapult
|
|-damage|p1a: Dragapult|47/100 brn|[from] brn
|upkeep
|turn|28
|
|t:|1779600319
|move|p1a: Dragapult|Phantom Force|p2a: Skeledirge|[from] lockedmove
|-damage|p2a: Skeledirge|74/100
|move|p2a: Skeledirge|Hex|p1a: Dragapult
|-supereffective|p1a: Dragapult
|-damage|p1a: Dragapult|0 fnt
|faint|p1a: Dragapult
|
|upkeep
|
|t:|1779600332
|switch|p1a: Salazzle|Salazzle, F|100/100
|-item|p1a: Salazzle|Air Balloon
|turn|29
|
|t:|1779600338
|move|p1a: Salazzle|Sludge Wave|p2a: Skeledirge
|-supereffective|p2a: Skeledirge
|-damage|p2a: Skeledirge|16/100
|move|p2a: Skeledirge|Hex|p1a: Salazzle
|-damage|p1a: Salazzle|59/100
|-enditem|p1a: Salazzle|Air Balloon
|
|upkeep
|turn|30
|
|t:|1779600345
|switch|p2a: Alomomola|Alomomola, M|100/100
|move|p1a: Salazzle|Sludge Wave|p2a: Alomomola
|-damage|p2a: Alomomola|52/100
|-status|p2a: Alomomola|psn
|
|-damage|p2a: Alomomola|40/100 psn|[from] psn
|upkeep
|turn|31
|-message|Vkjoggers forfeited.
|
|win|stock-paradox
|raw|stock-paradox's rating: 1162 &rarr; <strong>1189</strong><br />(+27 for winning)
|raw|Vkjoggers's rating: 1195 &rarr; <strong>1168</strong><br />(-27 for losing)
|l|☆Vkjoggers
|player|p2|
|l|☆stock-paradox
|player|p1|
