|j|☆hide on top10
|j|☆Slopslop no Midren
|t:|1779642444
|gametype|singles
|player|p1|hide on top10|2|1597
|player|p2|Slopslop no Midren|169|1655
|gen|9
|tier|[Gen 9] OU
|rated|
|rule|HP Percentage Mod: HP is shown in percentages
|rule|Endless Battle Clause: Forcing endless battles is banned
|rule|Species Clause: Limit one of each Pokémon
|rule|OHKO Clause: OHKO moves are banned
|rule|Evasion Items Clause: Evasion items are banned
|rule|Evasion Moves Clause: Evasion moves are banned
|rule|Evasion Abilities Clause: Evasion abilities are banned
|rule|Sleep Moves Clause: Sleep-inducing moves are banned
|clearpoke
|poke|p1|Tyranitar, F|
|poke|p1|Excadrill, F|
|poke|p1|Keldeo-Resolute|
|poke|p1|Tornadus-Therian, M|
|poke|p1|Heatran, M|
|poke|p1|Hydrapple, M|
|poke|p2|Magnezone|
|poke|p2|Dragonite, M|
|poke|p2|Great Tusk|
|poke|p2|Iron Valiant|
|poke|p2|Samurott-Hisui, F|
|poke|p2|Slowking-Galar, M|
|teampreview
|inactive|Battle timer is ON: inactive players will automatically lose when time's up. (requested by Slopslop no Midren)
|
|t:|1779642469
|teamsize|p1|6
|teamsize|p2|6
|start
|switch|p1a: Tornadus|Tornadus-Therian, M|100/100
|switch|p2a: Great Tusk|Great Tusk|100/100
|turn|1
|
|t:|1779642486
|-end|p2a: Great Tusk|Protosynthesis|[silent]
|switch|p2a: Slowking|Slowking-Galar, M|100/100
|move|p1a: Tornadus|Bleakwind Storm|p2a: Slowking
|-damage|p2a: Slowking|79/100
|
|upkeep
|turn|2
|
|t:|1779642493
|move|p1a: Tornadus|Taunt|p2a: Slowking
|-start|p2a: Slowking|move: Taunt
|move|p2a: Slowking|Future Sight|p1a: Tornadus
|-start|p2a: Slowking|move: Future Sight
|
|upkeep
|turn|3
|
|t:|1779642499
|switch|p2a: Magnezone|Magnezone|100/100
|move|p1a: Tornadus|U-turn|p2a: Magnezone
|-resisted|p2a: Magnezone
|-damage|p2a: Magnezone|93/100
|inactive|hide on top10 has 120 seconds left.
|
|t:|1779642537
|switch|p1a: Heatran|Heatran, M|100/100|[from] U-turn
|
|upkeep
|turn|4
|
|t:|1779642559
|move|p2a: Magnezone|Volt Switch|p1a: Heatran
|-damage|p1a: Heatran|72/100
|
|t:|1779642564
|switch|p2a: Samurott|Samurott-Hisui, F|100/100|[from] Volt Switch
|move|p1a: Heatran|Magma Storm|p2a: Samurott
|-resisted|p2a: Samurott
|-damage|p2a: Samurott|67/100
|-activate|p2a: Samurott|move: Magma Storm|[of] p1a: Heatran
|
|-end|p1a: Heatran|move: Future Sight
|-resisted|p1a: Heatran
|-damage|p1a: Heatran|58/100
|-heal|p1a: Heatran|64/100|[from] item: Leftovers
|-damage|p2a: Samurott|54/100|[from] move: Magma Storm|[partiallytrapped]
|upkeep
|turn|5
|
|t:|1779642573
|switch|p1a: Hydrapple|Hydrapple, M|100/100
|move|p2a: Samurott|Flip Turn|p1a: Hydrapple
|-resisted|p1a: Hydrapple
|-damage|p1a: Hydrapple|97/100
|-damage|p2a: Samurott|38/100|[from] item: Rocky Helmet|[of] p1a: Hydrapple
|
|t:|1779642581
|switch|p2a: Slowking|Slowking-Galar, M|100/100|[from] Flip Turn
|
|upkeep
|turn|6
|
|t:|1779642594
|switch|p1a: Heatran|Heatran, M|64/100
|move|p2a: Slowking|Future Sight|p1a: Heatran
|-start|p2a: Slowking|move: Future Sight
|
|-heal|p1a: Heatran|70/100|[from] item: Leftovers
|upkeep
|turn|7
|
|t:|1779642599
|move|p1a: Heatran|Taunt|p2a: Slowking
|-start|p2a: Slowking|move: Taunt
|-prepare|p2a: Slowking|Chilly Reception|[premajor]
|cant|p2a: Slowking|move: Taunt|Chilly Reception
|
|-heal|p1a: Heatran|77/100|[from] item: Leftovers
|upkeep
|turn|8
|
|t:|1779642614
|switch|p2a: Dragonite|Dragonite, M|100/100
|move|p1a: Heatran|Magma Storm|p2a: Dragonite|[miss]
|-miss|p1a: Heatran|p2a: Dragonite
|
|-end|p1a: Heatran|move: Future Sight
|-resisted|p1a: Heatran
|-damage|p1a: Heatran|63/100
|-heal|p1a: Heatran|70/100|[from] item: Leftovers
|upkeep
|turn|9
|
|t:|1779642628
|switch|p1a: Tornadus|Tornadus-Therian, M|100/100
|move|p2a: Dragonite|Dragon Dance|p2a: Dragonite
|-boost|p2a: Dragonite|atk|1
|-boost|p2a: Dragonite|spe|1
|
|upkeep
|turn|10
|
|t:|1779642657
|switch|p1a: Heatran|Heatran, M|70/100
|move|p2a: Dragonite|Ice Spinner|p1a: Heatran
|-resisted|p1a: Heatran
|-crit|p1a: Heatran
|-damage|p1a: Heatran|54/100
|
|-heal|p1a: Heatran|61/100|[from] item: Leftovers
|upkeep
|turn|11
|
|t:|1779642668
|move|p2a: Dragonite|Earthquake|p1a: Heatran
|-supereffective|p1a: Heatran
|-damage|p1a: Heatran|0 fnt
|faint|p1a: Heatran
|
|upkeep
|
|t:|1779642671
|switch|p1a: Tornadus|Tornadus-Therian, M|100/100
|turn|12
|
|t:|1779642677
|move|p2a: Dragonite|Extreme Speed|p1a: Tornadus
|-damage|p1a: Tornadus|49/100
|move|p1a: Tornadus|Bleakwind Storm|p2a: Dragonite|[miss]
|-miss|p1a: Tornadus|p2a: Dragonite
|
|upkeep
|turn|13
|
|t:|1779642686
|switch|p1a: Hydrapple|Hydrapple, M|100/100
|move|p2a: Dragonite|Extreme Speed|p1a: Hydrapple
|-damage|p1a: Hydrapple|76/100
|-damage|p2a: Dragonite|84/100|[from] item: Rocky Helmet|[of] p1a: Hydrapple
|
|upkeep
|turn|14
|
|t:|1779642699
|-terastallize|p1a: Hydrapple|Fairy
|move|p2a: Dragonite|Ice Spinner|p1a: Hydrapple
|-damage|p1a: Hydrapple|49/100
|-damage|p2a: Dragonite|68/100|[from] item: Rocky Helmet|[of] p1a: Hydrapple
|move|p1a: Hydrapple|Fickle Beam|p2a: Dragonite|[anim] Fickle Beam All Out
|-activate|p1a: Hydrapple|move: Fickle Beam
|-supereffective|p2a: Dragonite
|-damage|p2a: Dragonite|0 fnt
|faint|p2a: Dragonite
|
|upkeep
|
|t:|1779642703
|switch|p2a: Magnezone|Magnezone|93/100
|turn|15
|j| kanaete onegai
|j| himejijou
|
|t:|1779642726
|switch|p1a: Tornadus|Tornadus-Therian, M|82/100
|move|p2a: Magnezone|Body Press|p1a: Tornadus
|-resisted|p1a: Tornadus
|-damage|p1a: Tornadus|71/100
|
|upkeep
|turn|16
|
|t:|1779642735
|switch|p1a: Hydrapple|Hydrapple, M, tera:Fairy|82/100
|move|p2a: Magnezone|Volt Switch|p1a: Hydrapple
|-damage|p1a: Hydrapple|38/100
|
|t:|1779642741
|switch|p2a: Slowking|Slowking-Galar, M|100/100|[from] Volt Switch
|
|upkeep
|turn|17
|
|t:|1779642760
|switch|p1a: Excadrill|Excadrill, F|100/100
|-item|p1a: Excadrill|Air Balloon
|move|p2a: Slowking|Future Sight|p1a: Excadrill
|-start|p2a: Slowking|move: Future Sight
|
|upkeep
|turn|18
|
|t:|1779642784
|switch|p2a: Great Tusk|Great Tusk|100/100
|move|p1a: Excadrill|Earthquake|p2a: Great Tusk
|-damage|p2a: Great Tusk|67/100
|
|upkeep
|turn|19
|inactive|hide on top10 has 120 seconds left.
|
|t:|1779642815
|switch|p1a: Tyranitar|Tyranitar, F|100/100
|-weather|Sandstorm|[from] ability: Sand Stream|[of] p1a: Tyranitar
|move|p2a: Great Tusk|Stealth Rock|p1a: Tyranitar
|-sidestart|p1: hide on top10|move: Stealth Rock
|
|-weather|Sandstorm|[upkeep]
|-end|p1a: Tyranitar|move: Future Sight
|-immune|p1a: Tyranitar
|upkeep
|turn|20
|
|t:|1779642833
|switch|p1a: Tornadus|Tornadus-Therian, M|100/100
|move|p2a: Great Tusk|Headlong Rush|p1a: Tornadus
|-immune|p1a: Tornadus
|
|-weather|Sandstorm|[upkeep]
|-damage|p1a: Tornadus|94/100|[from] Sandstorm
|upkeep
|turn|21
|
|t:|1779642849
|-end|p2a: Great Tusk|Protosynthesis|[silent]
|switch|p2a: Magnezone|Magnezone|93/100
|move|p1a: Tornadus|Heat Wave|p2a: Magnezone
|-supereffective|p2a: Magnezone
|-damage|p2a: Magnezone|26/100
|
|-weather|Sandstorm|[upkeep]
|-damage|p1a: Tornadus|88/100|[from] Sandstorm
|upkeep
|turn|22
|
|t:|1779642855
|move|p1a: Tornadus|Heat Wave|p2a: Magnezone
|-supereffective|p2a: Magnezone
|-damage|p2a: Magnezone|0 fnt
|faint|p2a: Magnezone
|
|-weather|Sandstorm|[upkeep]
|-damage|p1a: Tornadus|82/100|[from] Sandstorm
|upkeep
|
|t:|1779642857
|switch|p2a: Slowking|Slowking-Galar, M|100/100
|turn|23
|inactive|hide on top10 has 120 seconds left.
|
|t:|1779642867
|move|p1a: Tornadus|Taunt|p2a: Slowking
|-start|p2a: Slowking|move: Taunt
|move|p2a: Slowking|Sludge Bomb|p1a: Tornadus
|-damage|p1a: Tornadus|50/100
|
|-weather|none
|upkeep
|turn|24
|
|t:|1779642873
|move|p1a: Tornadus|U-turn|p2a: Slowking
|-damage|p2a: Slowking|86/100
|inactive|hide on top10 has 120 seconds left.
|l| himejijou
|
|t:|1779642887
|switch|p1a: Tyranitar|Tyranitar, F|100/100|[from] U-turn
|-damage|p1a: Tyranitar|88/100|[from] Stealth Rock
|-weather|Sandstorm|[from] ability: Sand Stream|[of] p1a: Tyranitar
|move|p2a: Slowking|Future Sight|p1a: Tyranitar
|-start|p2a: Slowking|move: Future Sight
|
|-weather|Sandstorm|[upkeep]
|-damage|p2a: Slowking|79/100|[from] Sandstorm
|upkeep
|turn|25
|inactive|hide on top10 has 120 seconds left.
|
|t:|1779642908
|switch|p2a: Iron Valiant|Iron Valiant|100/100
|-enditem|p2a: Iron Valiant|Booster Energy
|-activate|p2a: Iron Valiant|ability: Quark Drive|[fromitem]
|-start|p2a: Iron Valiant|quarkdrivespe
|move|p1a: Tyranitar|Ice Punch|p2a: Iron Valiant
|-damage|p2a: Iron Valiant|42/100
|
|-weather|Sandstorm|[upkeep]
|-damage|p2a: Iron Valiant|36/100|[from] Sandstorm
|upkeep
|turn|26
|inactive|hide on top10 has 90 seconds left.
|j| himejijou
|
|t:|1779642960
|switch|p1a: Tornadus|Tornadus-Therian, M|83/100
|move|p2a: Iron Valiant|Close Combat|p1a: Tornadus
|-resisted|p1a: Tornadus
|-damage|p1a: Tornadus|56/100
|-unboost|p2a: Iron Valiant|def|1
|-unboost|p2a: Iron Valiant|spd|1
|
|-weather|Sandstorm|[upkeep]
|-damage|p2a: Iron Valiant|30/100|[from] Sandstorm
|-damage|p1a: Tornadus|50/100|[from] Sandstorm
|-end|p1a: Tornadus|move: Future Sight
|-damage|p1a: Tornadus|1/100
|upkeep
|turn|27
|
|t:|1779642979
|move|p2a: Iron Valiant|Moonblast|p1a: Tornadus
|-damage|p1a: Tornadus|0 fnt
|faint|p1a: Tornadus
|
|-weather|Sandstorm|[upkeep]
|-damage|p2a: Iron Valiant|24/100|[from] Sandstorm
|upkeep
|
|t:|1779642982
|switch|p1a: Excadrill|Excadrill, F|100/100
|-damage|p1a: Excadrill|97/100|[from] Stealth Rock
|-item|p1a: Excadrill|Air Balloon
|turn|28
|
|t:|1779642990
|move|p1a: Excadrill|Rapid Spin|p2a: Iron Valiant
|-damage|p2a: Iron Valiant|0 fnt
|-boost|p1a: Excadrill|spe|1
|-sideend|p1: hide on top10|Stealth Rock|[from] move: Rapid Spin|[of] p1a: Excadrill
|faint|p2a: Iron Valiant
|-end|p2a: Iron Valiant|Quark Drive|[silent]
|
|-weather|none
|upkeep
|
|t:|1779642993
|switch|p2a: Great Tusk|Great Tusk|67/100
|turn|29
|
|t:|1779642998
|switch|p1a: Hydrapple|Hydrapple, M, tera:Fairy|72/100
|move|p2a: Great Tusk|Rapid Spin|p1a: Hydrapple
|-damage|p1a: Hydrapple|64/100
|-boost|p2a: Great Tusk|spe|1
|-damage|p2a: Great Tusk|50/100|[from] item: Rocky Helmet|[of] p1a: Hydrapple
|
|upkeep
|turn|30
|
|t:|1779643005
|-end|p2a: Great Tusk|Protosynthesis|[silent]
|switch|p2a: Slowking|Slowking-Galar, M|100/100
|move|p1a: Hydrapple|Giga Drain|p2a: Slowking
|-resisted|p2a: Slowking
|-damage|p2a: Slowking|92/100
|-heal|p1a: Hydrapple|68/100|[from] drain|[of] p2a: Slowking
|
|upkeep
|turn|31
|
|t:|1779643013
|switch|p1a: Tyranitar|Tyranitar, F|88/100
|-weather|Sandstorm|[from] ability: Sand Stream|[of] p1a: Tyranitar
|-prepare|p2a: Slowking|Chilly Reception|[premajor]
|move|p2a: Slowking|Chilly Reception|p2a: Slowking
|-weather|Snowscape
|
|t:|1779643015
|switch|p2a: Samurott|Samurott-Hisui, F|38/100|[from] Chilly Reception
|
|-weather|Snowscape|[upkeep]
|upkeep
|turn|32
|inactive|hide on top10 has 120 seconds left.
|
|t:|1779643025
|switch|p1a: Hydrapple|Hydrapple, M, tera:Fairy|100/100
|move|p2a: Samurott|Knock Off|p1a: Hydrapple
|-resisted|p1a: Hydrapple
|-damage|p1a: Hydrapple|88/100
|-damage|p2a: Samurott|21/100|[from] item: Rocky Helmet|[of] p1a: Hydrapple
|-enditem|p1a: Hydrapple|Rocky Helmet|[from] move: Knock Off|[of] p2a: Samurott
|
|-weather|Snowscape|[upkeep]
|upkeep
|turn|33
|inactive|hide on top10 has 120 seconds left.
|
|t:|1779643046
|switch|p2a: Slowking|Slowking-Galar, M|100/100
|move|p1a: Hydrapple|Earth Power|p2a: Slowking
|-supereffective|p2a: Slowking
|-damage|p2a: Slowking|70/100
|
|-weather|Snowscape|[upkeep]
|upkeep
|turn|34
|inactive|Slopslop no Midren has 120 seconds left.
|inactive|hide on top10 has 90 seconds left.
|
|t:|1779643093
|move|p1a: Hydrapple|Earth Power|p2a: Slowking
|-supereffective|p2a: Slowking
|-damage|p2a: Slowking|39/100
|move|p2a: Slowking|Future Sight|p1a: Hydrapple
|-start|p2a: Slowking|move: Future Sight
|
|-weather|Snowscape|[upkeep]
|upkeep
|turn|35
|
|t:|1779643104
|move|p1a: Hydrapple|Fickle Beam|p2a: Slowking
|-damage|p2a: Slowking|19/100
|-prepare|p2a: Slowking|Chilly Reception|[premajor]
|move|p2a: Slowking|Chilly Reception|p2a: Slowking
|
|t:|1779643109
|switch|p2a: Great Tusk|Great Tusk|50/100|[from] Chilly Reception
|
|-weather|none
|upkeep
|turn|36
|
|t:|1779643115
|-end|p2a: Great Tusk|Protosynthesis|[silent]
|switch|p2a: Slowking|Slowking-Galar, M|52/100
|move|p1a: Hydrapple|Giga Drain|p2a: Slowking
|-resisted|p2a: Slowking
|-damage|p2a: Slowking|44/100
|-heal|p1a: Hydrapple|92/100|[from] drain|[of] p2a: Slowking
|
|-end|p1a: Hydrapple|move: Future Sight
|-damage|p1a: Hydrapple|47/100
|upkeep
|turn|37
|inactive|Slopslop no Midren has 120 seconds left.
|
|t:|1779643128
|move|p1a: Hydrapple|Earth Power|p2a: Slowking
|-supereffective|p2a: Slowking
|-damage|p2a: Slowking|14/100
|move|p2a: Slowking|Sludge Bomb|p1a: Hydrapple
|-supereffective|p1a: Hydrapple
|-damage|p1a: Hydrapple|0 fnt
|faint|p1a: Hydrapple
|
|upkeep
|inactive|hide on top10 has 90 seconds left.
|
|t:|1779643146
|switch|p1a: Keldeo|Keldeo-Resolute|100/100
|turn|38
|
|t:|1779643150
|switch|p2a: Great Tusk|Great Tusk|50/100
|move|p1a: Keldeo|Surf|p2a: Great Tusk
|-supereffective|p2a: Great Tusk
|-damage|p2a: Great Tusk|0 fnt
|faint|p2a: Great Tusk
|-end|p2a: Great Tusk|Protosynthesis|[silent]
|
|upkeep
|
|t:|1779643153
|switch|p2a: Slowking|Slowking-Galar, M|48/100
|turn|39
|
|t:|1779643161
|-terastallize|p2a: Slowking|Water
|move|p1a: Keldeo|Surf|p2a: Slowking
|-resisted|p2a: Slowking
|-damage|p2a: Slowking|26/100
|move|p2a: Slowking|Sludge Bomb|p1a: Keldeo
|-damage|p1a: Keldeo|58/100
|-status|p1a: Keldeo|psn
|
|-damage|p1a: Keldeo|46/100 psn|[from] psn
|upkeep
|turn|40
|inactive|hide on top10 has 120 seconds left.
|
|t:|1779643169
|move|p1a: Keldeo|Surf|p2a: Slowking
|-resisted|p2a: Slowking
|-crit|p2a: Slowking
|-damage|p2a: Slowking|0 fnt
|faint|p2a: Slowking
|
|-damage|p1a: Keldeo|34/100 psn|[from] psn
|upkeep
|
|t:|1779643174
|switch|p2a: Samurott|Samurott-Hisui, F|21/100
|turn|41
|
|t:|1779643177
|move|p2a: Samurott|Razor Shell|p1a: Keldeo
|-resisted|p1a: Keldeo
|-damage|p1a: Keldeo|6/100 psn
|move|p1a: Keldeo|Surf|p2a: Samurott
|-resisted|p2a: Samurott
|-damage|p2a: Samurott|0 fnt
|faint|p2a: Samurott
|
|win|hide on top10
|raw|hide on top10's rating: 1597 &rarr; <strong>1620</strong><br />(+23 for winning)
|raw|Slopslop no Midren's rating: 1655 &rarr; <strong>1632</strong><br />(-23 for losing)
|l|☆Slopslop no Midren
|player|p2|
|c|☆hide on top10|gg
|l|☆hide on top10
|player|p1|
