|j|☆BaiAnt
|j|☆iraimairdna
|t:|1779630689
|gametype|singles
|player|p1|BaiAnt|hilbert|1070
|player|p2|iraimairdna|veteran|1101
|gen|9
|tier|[Gen 9] OU
|rated|
|rule|HP Percentage Mod: HP is shown in percentages
|rule|Endless Battle Clause: Forcing endless battles is banned
|rule|Species Clause: Limit one of each Pokémon
|rule|OHKO Clause: OHKO moves are banned
|rule|Evasion Items Clause: Evasion items are banned
|rule|Evasion Moves Clause: Evasion moves are banned
|rule|Evasion Abilities Clause: Evasion abilities are banned
|rule|Sleep Moves Clause: Sleep-inducing moves are banned
|clearpoke
|poke|p1|Talonflame, F|
|poke|p1|Sceptile, M|
|poke|p1|Walking Wake|
|poke|p1|Iron Valiant|
|poke|p1|Venusaur, F|
|poke|p1|Torkoal, F|
|poke|p2|Skeledirge, F|
|poke|p2|Conkeldurr, M|
|poke|p2|Heracross, F|
|poke|p2|Regieleki|
|poke|p2|Ursaluna, F|
|poke|p2|Porygon-Z|
|teampreview
|inactive|Battle timer is ON: inactive players will automatically lose when time's up. (requested by iraimairdna)
|
|t:|1779630695
|teamsize|p1|6
|teamsize|p2|6
|start
|switch|p1a: Torkoal|Torkoal, F|100/100
|switch|p2a: Regieleki|Regieleki|100/100
|-weather|SunnyDay|[from] ability: Drought|[of] p1a: Torkoal
|turn|1
|
|t:|1779630709
|move|p2a: Regieleki|Thunder Wave|p1a: Torkoal|[miss]
|-miss|p2a: Regieleki|p1a: Torkoal
|move|p1a: Torkoal|Stealth Rock|p2a: Regieleki
|-sidestart|p2: iraimairdna|move: Stealth Rock
|
|-weather|SunnyDay|[upkeep]
|upkeep
|turn|2
|l|☆BaiAnt
|inactive|BaiAnt disconnected and has a minute to reconnect!
|player|p1|
|j|☆BaiAnt
|inactive|BaiAnt reconnected and has 135 seconds left.
|player|p1|BaiAnt|hilbert|
|
|t:|1779630739
|move|p2a: Regieleki|Thunder Wave|p1a: Torkoal
|-status|p1a: Torkoal|par
|move|p1a: Torkoal|Lava Plume|p2a: Regieleki
|-damage|p2a: Regieleki|42/100
|
|-weather|SunnyDay|[upkeep]
|upkeep
|turn|3
|inactive|iraimairdna has 120 seconds left.
|inactive|iraimairdna has 90 seconds left.
|
|t:|1779630809
|move|p2a: Regieleki|Extreme Speed|p1a: Torkoal
|-damage|p1a: Torkoal|87/100 par
|move|p1a: Torkoal|Lava Plume|p2a: Regieleki
|-damage|p2a: Regieleki|0 fnt
|faint|p2a: Regieleki
|
|-weather|SunnyDay|[upkeep]
|upkeep
|
|t:|1779630818
|switch|p2a: Skeledirge|Skeledirge, F|100/100
|-damage|p2a: Skeledirge|76/100|[from] Stealth Rock
|-item|p2a: Skeledirge|Air Balloon
|turn|4
|inactive|iraimairdna has 90 seconds left.
|
|t:|1779630826
|switch|p1a: Walking Wake|Walking Wake|100/100
|-activate|p1a: Walking Wake|ability: Protosynthesis
|-start|p1a: Walking Wake|protosynthesisspa
|move|p2a: Skeledirge|Earth Power|p1a: Walking Wake
|-damage|p1a: Walking Wake|63/100
|
|-weather|SunnyDay|[upkeep]
|upkeep
|turn|5
|
|t:|1779630836
|move|p1a: Walking Wake|Hydro Steam|p2a: Skeledirge
|-supereffective|p2a: Skeledirge
|-damage|p2a: Skeledirge|0 fnt
|-enditem|p2a: Skeledirge|Air Balloon
|faint|p2a: Skeledirge
|
|-weather|SunnyDay|[upkeep]
|upkeep
|
|t:|1779630843
|switch|p2a: Conkeldurr|Conkeldurr, M|100/100
|-damage|p2a: Conkeldurr|94/100|[from] Stealth Rock
|turn|6
|
|t:|1779630851
|move|p1a: Walking Wake|Hydro Steam|p2a: Conkeldurr
|-damage|p2a: Conkeldurr|3/100
|move|p2a: Conkeldurr|Bulk Up|p2a: Conkeldurr
|-boost|p2a: Conkeldurr|atk|1
|-boost|p2a: Conkeldurr|def|1
|
|-weather|SunnyDay|[upkeep]
|-status|p2a: Conkeldurr|brn|[from] item: Flame Orb
|upkeep
|turn|7
|
|t:|1779630860
|move|p2a: Conkeldurr|Mach Punch|p1a: Walking Wake
|-damage|p1a: Walking Wake|8/100
|-enditem|p1a: Walking Wake|Sitrus Berry|[eat]
|-heal|p1a: Walking Wake|33/100|[from] item: Sitrus Berry
|move|p1a: Walking Wake|Hydro Steam|p2a: Conkeldurr
|-damage|p2a: Conkeldurr|0 fnt
|faint|p2a: Conkeldurr
|
|-weather|SunnyDay|[upkeep]
|upkeep
|
|t:|1779630870
|switch|p2a: Heracross|Heracross, F|100/100
|-damage|p2a: Heracross|88/100|[from] Stealth Rock
|turn|8
|
|t:|1779630875
|-end|p1a: Walking Wake|Protosynthesis|[silent]
|switch|p1a: JIAN|Talonflame, F|100/100
|move|p2a: Heracross|Swords Dance|p2a: Heracross
|-boost|p2a: Heracross|atk|2
|
|-weather|none
|-status|p2a: Heracross|brn|[from] item: Flame Orb
|upkeep
|turn|9
|inactive|iraimairdna has 120 seconds left.
|
|t:|1779630884
|move|p1a: JIAN|Bulk Up|p1a: JIAN
|-boost|p1a: JIAN|atk|1
|-boost|p1a: JIAN|def|1
|move|p2a: Heracross|Facade|p1a: JIAN
|-damage|p1a: JIAN|0 fnt
|faint|p1a: JIAN
|
|-damage|p2a: Heracross|82/100 brn|[from] brn
|upkeep
|
|t:|1779630898
|switch|p1a: Torkoal|Torkoal, F|87/100 par
|-weather|SunnyDay|[from] ability: Drought|[of] p1a: Torkoal
|turn|10
|
|t:|1779630905
|move|p2a: Heracross|Facade|p1a: Torkoal
|-damage|p1a: Torkoal|0 fnt
|faint|p1a: Torkoal
|
|-weather|SunnyDay|[upkeep]
|-damage|p2a: Heracross|76/100 brn|[from] brn
|upkeep
|
|t:|1779630913
|switch|p1a: Iron Valiant|Iron Valiant|100/100
|-enditem|p1a: Iron Valiant|Booster Energy
|-activate|p1a: Iron Valiant|ability: Quark Drive|[fromitem]
|-start|p1a: Iron Valiant|quarkdrivespe
|turn|11
|
|t:|1779630923
|move|p1a: Iron Valiant|Spirit Break|p2a: Heracross
|-supereffective|p2a: Heracross
|-damage|p2a: Heracross|0 fnt
|faint|p2a: Heracross
|
|-weather|SunnyDay|[upkeep]
|upkeep
|
|t:|1779630929
|switch|p2a: Porygon-Z|Porygon-Z|100/100
|-damage|p2a: Porygon-Z|88/100|[from] Stealth Rock
|turn|12
|
|t:|1779630940
|move|p1a: Iron Valiant|Close Combat|p2a: Porygon-Z
|-supereffective|p2a: Porygon-Z
|-damage|p2a: Porygon-Z|0 fnt
|-unboost|p1a: Iron Valiant|def|1
|-unboost|p1a: Iron Valiant|spd|1
|faint|p2a: Porygon-Z
|
|-weather|SunnyDay|[upkeep]
|upkeep
|
|t:|1779630948
|switch|p2a: Ursaluna|Ursaluna, F|100/100
|-damage|p2a: Ursaluna|94/100|[from] Stealth Rock
|turn|13
|
|t:|1779630956
|move|p1a: Iron Valiant|Close Combat|p2a: Ursaluna
|-supereffective|p2a: Ursaluna
|-crit|p2a: Ursaluna
|-damage|p2a: Ursaluna|0 fnt
|-unboost|p1a: Iron Valiant|def|1
|-unboost|p1a: Iron Valiant|spd|1
|faint|p2a: Ursaluna
|
|win|BaiAnt
|raw|BaiAnt's rating: 1070 &rarr; <strong>1102</strong><br />(+32 for winning)
|raw|iraimairdna's rating: 1101 &rarr; <strong>1074</strong><br />(-27 for losing)
|l|☆iraimairdna
|player|p2|
