|j|☆carrotboi4
|j|☆Slothguy1236
|t:|1779667449
|gametype|singles
|player|p1|carrotboi4|shauntal|1266
|player|p2|Slothguy1236|lucas|1230
|gen|9
|tier|[Gen 9] OU
|rated|
|rule|HP Percentage Mod: HP is shown in percentages
|rule|Endless Battle Clause: Forcing endless battles is banned
|rule|Species Clause: Limit one of each Pokémon
|rule|OHKO Clause: OHKO moves are banned
|rule|Evasion Items Clause: Evasion items are banned
|rule|Evasion Moves Clause: Evasion moves are banned
|rule|Evasion Abilities Clause: Evasion abilities are banned
|rule|Sleep Moves Clause: Sleep-inducing moves are banned
|clearpoke
|poke|p1|Excadrill, F|
|poke|p1|Tyranitar, F|
|poke|p1|Gholdengo|
|poke|p1|Chesnaught, F|
|poke|p1|Tornadus-Therian, M|
|poke|p1|Iron Valiant|
|poke|p2|Gyarados, M|
|poke|p2|Garganacl, F|
|poke|p2|Gliscor, F|
|poke|p2|Dunsparce, F|
|poke|p2|Greninja-*, M|
|poke|p2|Darkrai|
|teampreview
|inactive|Battle timer is ON: inactive players will automatically lose when time's up. (requested by Slothguy1236)
|c|☆carrotboi4|mad respect 4 dunsparce
|
|t:|1779667470
|teamsize|p1|6
|teamsize|p2|6
|start
|switch|p1a: Shitmon|Tornadus-Therian, M|100/100
|switch|p2a: Garganacl|Garganacl, F|100/100
|turn|1
|
|t:|1779667478
|move|p1a: Shitmon|Taunt|p2a: Garganacl
|-start|p2a: Garganacl|move: Taunt
|move|p2a: Garganacl|Salt Cure|p1a: Shitmon
|-supereffective|p1a: Shitmon
|-damage|p1a: Shitmon|68/100
|
|upkeep
|turn|2
|
|t:|1779667485
|move|p1a: Shitmon|U-turn|p2a: Garganacl
|-damage|p2a: Garganacl|91/100
|
|t:|1779667510
|switch|p1a: Gholdengo|Gholdengo|100/100|[from] U-turn
|move|p2a: Garganacl|Salt Cure|p1a: Gholdengo
|-resisted|p1a: Gholdengo
|-damage|p1a: Gholdengo|93/100
|-start|p1a: Gholdengo|Salt Cure
|
|-heal|p2a: Garganacl|97/100|[from] item: Leftovers
|-damage|p1a: Gholdengo|68/100|[from] Salt Cure
|upkeep
|turn|3
|
|t:|1779667516
|move|p1a: Gholdengo|Make It Rain|p2a: Garganacl
|-supereffective|p2a: Garganacl
|-damage|p2a: Garganacl|0 fnt
|-unboost|p1a: Gholdengo|spa|1
|faint|p2a: Garganacl
|
|-damage|p1a: Gholdengo|43/100|[from] Salt Cure
|upkeep
|
|t:|1779667537
|switch|p2a: Greninja|Greninja, M|100/100
|turn|4
|
|t:|1779667550
|switch|p1a: Tyranitar|Tyranitar, F|100/100
|-weather|Sandstorm|[from] ability: Sand Stream|[of] p1a: Tyranitar
|move|p2a: Greninja|Protect||[still]
|-fail|p2a: Greninja
|
|-weather|Sandstorm|[upkeep]
|-damage|p2a: Greninja|95/100|[from] Sandstorm
|upkeep
|turn|5
|inactive|carrotboi4 has 120 seconds left.
|
|t:|1779667583
|move|p2a: Greninja|Water Shuriken|p1a: Tyranitar
|-supereffective|p1a: Tyranitar
|-damage|p1a: Tyranitar|94/100
|-supereffective|p1a: Tyranitar
|-damage|p1a: Tyranitar|88/100
|-supereffective|p1a: Tyranitar
|-damage|p1a: Tyranitar|82/100
|-supereffective|p1a: Tyranitar
|-damage|p1a: Tyranitar|76/100
|-supereffective|p1a: Tyranitar
|-damage|p1a: Tyranitar|70/100
|-hitcount|p1a: Tyranitar|5
|move|p1a: Tyranitar|Low Kick|p2a: Greninja
|-supereffective|p2a: Greninja
|-damage|p2a: Greninja|33/100
|
|-weather|Sandstorm|[upkeep]
|-damage|p2a: Greninja|27/100|[from] Sandstorm
|-heal|p1a: Tyranitar|76/100|[from] item: Leftovers
|upkeep
|turn|6
|inactive|carrotboi4 has 120 seconds left.
|
|t:|1779667595
|move|p2a: Greninja|Water Shuriken|p1a: Tyranitar
|-supereffective|p1a: Tyranitar
|-damage|p1a: Tyranitar|71/100
|-supereffective|p1a: Tyranitar
|-damage|p1a: Tyranitar|66/100
|-supereffective|p1a: Tyranitar
|-damage|p1a: Tyranitar|60/100
|-supereffective|p1a: Tyranitar
|-damage|p1a: Tyranitar|54/100
|-hitcount|p1a: Tyranitar|4
|move|p1a: Tyranitar|Low Kick|p2a: Greninja
|-supereffective|p2a: Greninja
|-damage|p2a: Greninja|0 fnt
|faint|p2a: Greninja
|
|-weather|Sandstorm|[upkeep]
|-heal|p1a: Tyranitar|60/100|[from] item: Leftovers
|upkeep
|
|t:|1779667616
|switch|p2a: Darkrai|Darkrai|100/100
|turn|7
|inactive|carrotboi4 has 120 seconds left.
|
|t:|1779667636
|move|p2a: Darkrai|Focus Blast|p1a: Tyranitar
|-supereffective|p1a: Tyranitar
|-damage|p1a: Tyranitar|0 fnt
|faint|p1a: Tyranitar
|-damage|p2a: Darkrai|91/100|[from] item: Life Orb
|
|-weather|Sandstorm|[upkeep]
|-damage|p2a: Darkrai|84/100|[from] Sandstorm
|upkeep
|inactive|carrotboi4 has 90 seconds left.
|
|t:|1779667680
|switch|p1a: Shitmon|Tornadus-Therian, M|100/100
|turn|8
|
|t:|1779667686
|move|p2a: Darkrai|Nasty Plot|p2a: Darkrai
|-boost|p2a: Darkrai|spa|2
|move|p1a: Shitmon|U-turn|p2a: Darkrai
|-supereffective|p2a: Darkrai
|-damage|p2a: Darkrai|40/100
|
|t:|1779667697
|switch|p1a: Iron Valiant|Iron Valiant|100/100|[from] U-turn
|-enditem|p1a: Iron Valiant|Booster Energy
|-activate|p1a: Iron Valiant|ability: Quark Drive|[fromitem]
|-start|p1a: Iron Valiant|quarkdrivespe
|
|-weather|none
|upkeep
|turn|9
|
|t:|1779667706
|move|p1a: Iron Valiant|Moonblast|p2a: Darkrai
|-supereffective|p2a: Darkrai
|-damage|p2a: Darkrai|0 fnt
|faint|p2a: Darkrai
|
|upkeep
|
|t:|1779667712
|switch|p2a: Dunsparce|Dunsparce, F, shiny|100/100
|turn|10
|
|t:|1779667724
|move|p1a: Iron Valiant|Calm Mind|p1a: Iron Valiant
|-boost|p1a: Iron Valiant|spa|1
|-boost|p1a: Iron Valiant|spd|1
|move|p2a: Dunsparce|Body Slam|p1a: Iron Valiant
|-crit|p1a: Iron Valiant
|-damage|p1a: Iron Valiant|60/100
|
|upkeep
|turn|11
|
|t:|1779667737
|move|p1a: Iron Valiant|Calm Mind|p1a: Iron Valiant
|-boost|p1a: Iron Valiant|spa|1
|-boost|p1a: Iron Valiant|spd|1
|move|p2a: Dunsparce|Body Slam|p1a: Iron Valiant
|-damage|p1a: Iron Valiant|31/100
|
|upkeep
|turn|12
|
|t:|1779667744
|move|p1a: Iron Valiant|Moonblast|p2a: Dunsparce
|-damage|p2a: Dunsparce|51/100
|-unboost|p2a: Dunsparce|spa|1
|move|p2a: Dunsparce|Body Slam|p1a: Iron Valiant
|-damage|p1a: Iron Valiant|4/100
|
|upkeep
|turn|13
|
|t:|1779667759
|move|p1a: Iron Valiant|Moonblast|p2a: Dunsparce
|-crit|p2a: Dunsparce
|-damage|p2a: Dunsparce|0 fnt
|faint|p2a: Dunsparce
|
|upkeep
|
|t:|1779667770
|switch|p2a: Gliscor|Gliscor, F|100/100
|turn|14
|
|t:|1779667777
|move|p1a: Iron Valiant|Encore||[still]
|-fail|p1a: Iron Valiant
|move|p2a: Gliscor|Earthquake|p1a: Iron Valiant
|-damage|p1a: Iron Valiant|0 fnt
|faint|p1a: Iron Valiant
|-end|p1a: Iron Valiant|Quark Drive|[silent]
|
|-status|p2a: Gliscor|tox|[from] item: Toxic Orb
|upkeep
|inactive|carrotboi4 has 90 seconds left.
|
|t:|1779667813
|switch|p1a: Gholdengo|Gholdengo|43/100
|turn|15
|
|t:|1779667821
|move|p2a: Gliscor|Earthquake|p1a: Gholdengo
|-supereffective|p1a: Gholdengo
|-damage|p1a: Gholdengo|0 fnt
|faint|p1a: Gholdengo
|
|upkeep
|inactive|carrotboi4 has 90 seconds left.
|
|t:|1779667827
|switch|p1a: Chesnaught|Chesnaught, F|100/100
|turn|16
|inactive|carrotboi4 has 90 seconds left.
|
|t:|1779667842
|move|p2a: Gliscor|Dual Wingbeat|p1a: Chesnaught|[miss]
|-miss|p2a: Gliscor|p1a: Chesnaught
|move|p1a: Chesnaught|Knock Off|p2a: Gliscor
|-damage|p2a: Gliscor|76/100 tox
|-enditem|p2a: Gliscor|Toxic Orb|[from] move: Knock Off|[of] p1a: Chesnaught
|
|-heal|p2a: Gliscor|89/100 tox|[from] ability: Poison Heal
|upkeep
|turn|17
|
|t:|1779667851
|switch|p1a: Shitmon|Tornadus-Therian, M|100/100
|move|p2a: Gliscor|Dual Wingbeat|p1a: Shitmon
|-damage|p1a: Shitmon|81/100
|-damage|p1a: Shitmon|61/100
|-hitcount|p1a: Shitmon|2
|
|-heal|p2a: Gliscor|100/100 tox|[from] ability: Poison Heal
|upkeep
|turn|18
|
|t:|1779667863
|move|p1a: Shitmon|Bleakwind Storm|p2a: Gliscor
|-damage|p2a: Gliscor|39/100 tox
|move|p2a: Gliscor|Dual Wingbeat|p1a: Shitmon
|-damage|p1a: Shitmon|38/100
|-damage|p1a: Shitmon|17/100
|-hitcount|p1a: Shitmon|2
|
|-heal|p2a: Gliscor|51/100 tox|[from] ability: Poison Heal
|upkeep
|turn|19
|
|t:|1779667872
|move|p2a: Gliscor|Protect|p2a: Gliscor
|-singleturn|p2a: Gliscor|Protect
|move|p1a: Shitmon|Bleakwind Storm|p2a: Gliscor
|-activate|p2a: Gliscor|move: Protect
|
|-heal|p2a: Gliscor|63/100 tox|[from] ability: Poison Heal
|upkeep
|turn|20
|
|t:|1779667881
|move|p1a: Shitmon|Bleakwind Storm|p2a: Gliscor|[miss]
|-miss|p1a: Shitmon|p2a: Gliscor
|move|p2a: Gliscor|Dual Wingbeat|p1a: Shitmon|[miss]
|-miss|p2a: Gliscor|p1a: Shitmon
|
|-heal|p2a: Gliscor|76/100 tox|[from] ability: Poison Heal
|upkeep
|turn|21
|
|t:|1779667887
|move|p1a: Shitmon|Bleakwind Storm|p2a: Gliscor|[miss]
|-miss|p1a: Shitmon|p2a: Gliscor
|move|p2a: Gliscor|Dual Wingbeat|p1a: Shitmon
|-damage|p1a: Shitmon|0 fnt
|faint|p1a: Shitmon
|-hitcount|p1: Shitmon|1
|
|-heal|p2a: Gliscor|88/100 tox|[from] ability: Poison Heal
|upkeep
|inactive|carrotboi4 has 90 seconds left.
|
|t:|1779667920
|switch|p1a: Excadrill|Excadrill, F|100/100
|-item|p1a: Excadrill|Air Balloon
|turn|22
|
|t:|1779667927
|move|p2a: Gliscor|Dual Wingbeat|p1a: Excadrill
|-resisted|p1a: Excadrill
|-damage|p1a: Excadrill|89/100
|-enditem|p1a: Excadrill|Air Balloon
|-resisted|p1a: Excadrill
|-crit|p1a: Excadrill
|-damage|p1a: Excadrill|70/100
|-hitcount|p1a: Excadrill|2
|move|p1a: Excadrill|Rapid Spin|p2a: Gliscor
|-damage|p2a: Gliscor|69/100 tox
|-boost|p1a: Excadrill|spe|1
|
|-heal|p2a: Gliscor|81/100 tox|[from] ability: Poison Heal
|upkeep
|turn|23
|
|t:|1779667937
|move|p1a: Excadrill|Swords Dance|p1a: Excadrill
|-boost|p1a: Excadrill|atk|2
|move|p2a: Gliscor|Earthquake|p1a: Excadrill
|-supereffective|p1a: Excadrill
|-damage|p1a: Excadrill|0 fnt
|faint|p1a: Excadrill
|
|-heal|p2a: Gliscor|94/100 tox|[from] ability: Poison Heal
|upkeep
|c|☆carrotboi4|needed that bleakwind 2 hit gg
|-message|carrotboi4 forfeited.
|
|win|Slothguy1236
|raw|carrotboi4's rating: 1266 &rarr; <strong>1238</strong><br />(-28 for losing)
|raw|Slothguy1236's rating: 1230 &rarr; <strong>1258</strong><br />(+28 for winning)
|l|☆carrotboi4
|player|p1|
|l|☆Slothguy1236
|player|p2|
