|j|☆I<3weedletwineedle
|j|☆YumeKasumi76
|t:|1779647632
|gametype|singles
|player|p1|I<3weedletwineedle|170|1286
|player|p2|YumeKasumi76|170|1288
|gen|9
|tier|[Gen 9] OU
|rated|
|rule|HP Percentage Mod: HP is shown in percentages
|rule|Endless Battle Clause: Forcing endless battles is banned
|rule|Species Clause: Limit one of each Pokémon
|rule|OHKO Clause: OHKO moves are banned
|rule|Evasion Items Clause: Evasion items are banned
|rule|Evasion Moves Clause: Evasion moves are banned
|rule|Evasion Abilities Clause: Evasion abilities are banned
|rule|Sleep Moves Clause: Sleep-inducing moves are banned
|clearpoke
|poke|p1|Necrozma|
|poke|p1|Scizor, M|
|poke|p1|Enamorus, F|
|poke|p1|Great Tusk|
|poke|p1|Primarina, M|
|poke|p1|Glimmora, M|
|poke|p2|Dragapult, M|
|poke|p2|Bisharp, F|
|poke|p2|Glimmora, F|
|poke|p2|Entei|
|poke|p2|Braviary-Hisui, M|
|poke|p2|Cloyster, F|
|teampreview
|inactive|Battle timer is ON: inactive players will automatically lose when time's up. (requested by I<3weedletwineedle)
|
|t:|1779647644
|teamsize|p1|6
|teamsize|p2|6
|start
|switch|p1a: Primarina|Primarina, M|100/100
|switch|p2a: Bellator|Bisharp, F, shiny|100/100
|turn|1
|c|☆I<3weedletwineedle|Glhf sister
|
|t:|1779647654
|move|p2a: Bellator|Stealth Rock|p1a: Primarina
|-sidestart|p1: I<3weedletwineedle|move: Stealth Rock
|move|p1a: Primarina|Hyper Voice|p2a: Bellator
|-damage|p2a: Bellator|64/100
|
|upkeep
|turn|2
|c|☆YumeKasumi76|Slay girl
|
|t:|1779647682
|move|p2a: Bellator|Swords Dance|p2a: Bellator
|-boost|p2a: Bellator|atk|2
|move|p1a: Primarina|Moonblast|p2a: Bellator
|-damage|p2a: Bellator|20/100
|
|upkeep
|turn|3
|
|t:|1779647706
|move|p2a: Bellator|Iron Head|p1a: Primarina
|-damage|p1a: Primarina|11/100
|move|p1a: Primarina|Hyper Voice|p2a: Bellator
|-damage|p2a: Bellator|0 fnt
|faint|p2a: Bellator
|
|upkeep
|
|t:|1779647712
|switch|p2a: Mentalist|Braviary-Hisui, M|100/100
|turn|4
|inactive|I<3weedletwineedle has 120 seconds left.
|
|t:|1779647740
|move|p2a: Mentalist|Esper Wing|p1a: Primarina
|-damage|p1a: Primarina|0 fnt
|-boost|p2a: Mentalist|spe|1
|faint|p1a: Primarina
|
|upkeep
|inactive|I<3weedletwineedle has 120 seconds left.
|
|t:|1779647757
|switch|p1a: Necrozma|Necrozma|100/100
|-damage|p1a: Necrozma|88/100|[from] Stealth Rock
|turn|5
|
|t:|1779647761
|move|p2a: Mentalist|Esper Wing|p1a: Necrozma
|-resisted|p1a: Necrozma
|-crit|p1a: Necrozma
|-damage|p1a: Necrozma|52/100
|-boost|p2a: Mentalist|spe|1
|move|p1a: Necrozma|Power Gem|p2a: Mentalist
|-supereffective|p2a: Mentalist
|-damage|p2a: Mentalist|22/100
|-enditem|p2a: Mentalist|Weakness Policy
|-boost|p2a: Mentalist|atk|2|[from] item: Weakness Policy
|-boost|p2a: Mentalist|spa|2|[from] item: Weakness Policy
|
|upkeep
|turn|6
|inactive|I<3weedletwineedle has 120 seconds left.
|
|t:|1779647798
|move|p2a: Mentalist|Roost|p2a: Mentalist
|-heal|p2a: Mentalist|73/100
|-singleturn|p2a: Mentalist|move: Roost
|move|p1a: Necrozma|Power Gem|p2a: Mentalist
|-damage|p2a: Mentalist|34/100
|
|upkeep
|turn|7
|
|t:|1779647807
|move|p2a: Mentalist|Hurricane|p1a: Necrozma|[miss]
|-miss|p2a: Mentalist|p1a: Necrozma
|move|p1a: Necrozma|Heat Wave|p2a: Mentalist
|-damage|p2a: Mentalist|0 fnt
|faint|p2a: Mentalist
|
|upkeep
|
|t:|1779647811
|switch|p2a: Railgun|Dragapult, M|100/100
|turn|8
|
|t:|1779647813
|move|p2a: Railgun|Light Screen|p2a: Railgun
|-sidestart|p2: YumeKasumi76|move: Light Screen
|move|p1a: Necrozma|Photon Geyser|p2a: Railgun
|-damage|p2a: Railgun|70/100
|
|upkeep
|turn|9
|inactive|I<3weedletwineedle has 120 seconds left.
|
|t:|1779647826
|move|p2a: Railgun|Reflect|p2a: Railgun
|-sidestart|p2: YumeKasumi76|Reflect
|move|p1a: Necrozma|Photon Geyser|p2a: Railgun
|-damage|p2a: Railgun|36/100
|
|upkeep
|turn|10
|inactive|I<3weedletwineedle has 120 seconds left.
|
|t:|1779647853
|move|p2a: Railgun|Dragon Darts|p1a: Necrozma
|-damage|p1a: Necrozma|33/100
|-anim|p2a: Railgun|Dragon Darts|p1a: Necrozma
|-damage|p1a: Necrozma|17/100
|move|p1a: Necrozma|Photon Geyser|p2a: Railgun
|-damage|p2a: Railgun|3/100
|
|upkeep
|turn|11
|
|t:|1779647857
|move|p2a: Railgun|Dragon Darts|p1a: Necrozma
|-damage|p1a: Necrozma|0 fnt
|faint|p1a: Necrozma
|
|upkeep
|
|t:|1779647878
|switch|p1a: Scizor|Scizor, M|100/100
|-damage|p1a: Scizor|88/100|[from] Stealth Rock
|turn|12
|
|t:|1779647881
|move|p2a: Railgun|Curse|p1a: Scizor
|-start|p1a: Scizor|Curse|[of] p2a: Railgun
|-damage|p2a: Railgun|0 fnt
|faint|p2a: Railgun
|move|p1a: Scizor|U-turn|p2: Railgun|[notarget]
|-fail|p1a: Scizor
|
|-damage|p1a: Scizor|63/100|[from] Curse
|upkeep
|
|t:|1779647883
|switch|p2a: Hikari|Glimmora, F|100/100
|turn|13
|
|t:|1779647886
|move|p2a: Hikari|Meteor Beam||[still]
|-prepare|p2a: Hikari|Meteor Beam
|-boost|p2a: Hikari|spa|1
|-enditem|p2a: Hikari|Power Herb
|-anim|p2a: Hikari|Meteor Beam|p1a: Scizor
|-damage|p1a: Scizor|0 fnt
|faint|p1a: Scizor
|
|upkeep
|inactive|I<3weedletwineedle has 120 seconds left.
|inactive|I<3weedletwineedle has 90 seconds left.
|inactive|I<3weedletwineedle has 60 seconds left.
|
|t:|1779647975
|switch|p1a: Glimmora|Glimmora, M|100/100
|-damage|p1a: Glimmora|88/100|[from] Stealth Rock
|turn|14
|
|t:|1779647979
|-terastallize|p1a: Glimmora|Flying
|move|p1a: Glimmora|Earth Power|p2a: Hikari
|-supereffective|p2a: Hikari
|-damage|p2a: Hikari|16/100
|move|p2a: Hikari|Earth Power|p1a: Glimmora
|-immune|p1a: Glimmora
|
|upkeep
|turn|15
|
|t:|1779648000
|move|p1a: Glimmora|Power Gem|p2a: Hikari
|-damage|p2a: Hikari|0 fnt
|faint|p2a: Hikari
|
|-sideend|p2: YumeKasumi76|move: Light Screen
|upkeep
|
|t:|1779648006
|switch|p2a: Shellussy|Cloyster, F|100/100
|turn|16
|
|t:|1779648010
|-terastallize|p2a: Shellussy|Ground
|move|p1a: Glimmora|Meteor Beam||[still]
|-prepare|p1a: Glimmora|Meteor Beam
|-boost|p1a: Glimmora|spa|1
|-enditem|p1a: Glimmora|Power Herb
|-anim|p1a: Glimmora|Meteor Beam|p2a: Shellussy
|-resisted|p2a: Shellussy
|-damage|p2a: Shellussy|0 fnt
|faint|p2a: Shellussy
|
|-sideend|p2: YumeKasumi76|Reflect
|upkeep
|-message|YumeKasumi76 forfeited.
|
|win|I<3weedletwineedle
|raw|I&lt;3weedletwineedle's rating: 1286 &rarr; <strong>1311</strong><br />(+25 for winning)
|raw|YumeKasumi76's rating: 1288 &rarr; <strong>1263</strong><br />(-25 for losing)
|l|☆YumeKasumi76
|player|p2|
|l|☆I<3weedletwineedle
|player|p1|
