|j|☆hunter098
|j|☆wallahi brobini
|t:|1779663206
|gametype|singles
|player|p1|hunter098|caitlin|1336
|player|p2|wallahi brobini|169|1365
|gen|9
|tier|[Gen 9] OU
|rated|
|rule|HP Percentage Mod: HP is shown in percentages
|rule|Endless Battle Clause: Forcing endless battles is banned
|rule|Species Clause: Limit one of each Pokémon
|rule|OHKO Clause: OHKO moves are banned
|rule|Evasion Items Clause: Evasion items are banned
|rule|Evasion Moves Clause: Evasion moves are banned
|rule|Evasion Abilities Clause: Evasion abilities are banned
|rule|Sleep Moves Clause: Sleep-inducing moves are banned
|clearpoke
|poke|p1|Slowking-Galar, F|
|poke|p1|Great Tusk|
|poke|p1|Kyurem|
|poke|p1|Kingambit, M|
|poke|p1|Cinderace, F|
|poke|p1|Zapdos|
|poke|p2|Tyranitar, M|
|poke|p2|Zapdos-Galar|
|poke|p2|Ogerpon-Wellspring, F|
|poke|p2|Dragapult, M|
|poke|p2|Forretress, M|
|poke|p2|Gholdengo|
|teampreview
|inactive|Battle timer is ON: inactive players will automatically lose when time's up. (requested by hunter098)
|c|☆wallahi brobini|i never lost
|c|☆wallahi brobini|a game
|c|☆wallahi brobini|in my life
|c|☆wallahi brobini|btw
|c|☆hunter098|what the helly
|c|☆hunter098|damn
|c|☆wallahi brobini|im genuinely undefeated
|inactive|hunter098 has 120 seconds left.
|c|☆wallahi brobini|what makes you different bro
|c|☆hunter098|im luckier
|
|t:|1779663252
|teamsize|p1|6
|teamsize|p2|6
|start
|switch|p1a: Cinderace|Cinderace, F|100/100
|switch|p2a: Dragapult|Dragapult, M|100/100
|turn|1
|c|☆wallahi brobini|i guess bro
|
|t:|1779663261
|move|p2a: Dragapult|Draco Meteor|p1a: Cinderace|[miss]
|-miss|p2a: Dragapult|p1a: Cinderace
|move|p1a: Cinderace|U-turn|p2a: Dragapult
|-resisted|p2a: Dragapult
|-damage|p2a: Dragapult|87/100
|c|☆wallahi brobini|you are bro
|c|☆wallahi brobini|youre right
|c|☆hunter098|told you
|
|t:|1779663272
|switch|p1a: Slowking|Slowking-Galar, F|100/100|[from] U-turn
|
|upkeep
|turn|2
|
|t:|1779663281
|switch|p2a: Tyranitar|Tyranitar, M|100/100
|-weather|Sandstorm|[from] ability: Sand Stream|[of] p2a: Tyranitar
|-prepare|p1a: Slowking|Chilly Reception|[premajor]
|move|p1a: Slowking|Chilly Reception|p1a: Slowking
|-weather|Snowscape
|
|t:|1779663291
|switch|p1a: Great Tusk|Great Tusk|100/100|[from] Chilly Reception
|
|-weather|Snowscape|[upkeep]
|upkeep
|turn|3
|
|t:|1779663304
|switch|p2a: Zapdos|Zapdos-Galar|100/100
|move|p1a: Great Tusk|Headlong Rush|p2a: Zapdos
|-immune|p2a: Zapdos
|
|-weather|Snowscape|[upkeep]
|upkeep
|turn|4
|
|t:|1779663315
|-end|p1a: Great Tusk|Protosynthesis|[silent]
|switch|p1a: Zapdos|Zapdos, shiny|100/100
|move|p2a: Zapdos|Brave Bird|p1a: Zapdos
|-resisted|p1a: Zapdos
|-damage|p1a: Zapdos|68/100
|-damage|p2a: Zapdos|84/100|[from] item: Rocky Helmet|[of] p1a: Zapdos
|-damage|p2a: Zapdos|71/100|[from] Recoil
|
|-weather|Snowscape|[upkeep]
|upkeep
|turn|5
|
|t:|1779663327
|switch|p2a: Tyranitar|Tyranitar, M|100/100
|-weather|Sandstorm|[from] ability: Sand Stream|[of] p2a: Tyranitar
|move|p1a: Zapdos|Roost|p1a: Zapdos
|-heal|p1a: Zapdos|100/100
|-singleturn|p1a: Zapdos|move: Roost
|
|-weather|Sandstorm|[upkeep]
|-damage|p1a: Zapdos|94/100|[from] Sandstorm
|upkeep
|turn|6
|c|☆wallahi brobini|rocky helmet is crazy
|
|t:|1779663336
|move|p1a: Zapdos|U-turn|p2a: Tyranitar
|-supereffective|p2a: Tyranitar
|-damage|p2a: Tyranitar|84/100
|c|☆hunter098|you gotta go crazy to defeat the undefeated
|
|t:|1779663346
|switch|p1a: Great Tusk|Great Tusk|100/100|[from] U-turn
|move|p2a: Tyranitar|Knock Off|p1a: Great Tusk
|-resisted|p1a: Great Tusk
|-damage|p1a: Great Tusk|86/100
|-enditem|p1a: Great Tusk|Leftovers|[from] move: Knock Off|[of] p2a: Tyranitar
|
|-weather|Sandstorm|[upkeep]
|upkeep
|turn|7
|
|t:|1779663356
|switch|p2a: Forretress|Forretress, M|100/100
|move|p1a: Great Tusk|Ice Spinner|p2a: Forretress
|-resisted|p2a: Forretress
|-damage|p2a: Forretress|93/100
|
|-weather|Sandstorm|[upkeep]
|-heal|p2a: Forretress|99/100|[from] item: Leftovers
|upkeep
|turn|8
|c|☆wallahi brobini|i guess bro
|
|t:|1779663369
|-end|p1a: Great Tusk|Protosynthesis|[silent]
|switch|p1a: Slowking|Slowking-Galar, F|100/100
|move|p2a: Forretress|Iron Defense|p2a: Forretress
|-boost|p2a: Forretress|def|2
|
|-weather|Sandstorm|[upkeep]
|-damage|p1a: Slowking|94/100|[from] Sandstorm
|-heal|p2a: Forretress|100/100|[from] item: Leftovers
|upkeep
|turn|9
|
|t:|1779663375
|move|p2a: Forretress|Volt Switch|p1a: Slowking
|-damage|p1a: Slowking|88/100
|
|t:|1779663379
|switch|p2a: Tyranitar|Tyranitar, M|84/100|[from] Volt Switch
|move|p1a: Slowking|Thunder Wave|p2a: Tyranitar
|-status|p2a: Tyranitar|par
|
|-weather|none
|upkeep
|turn|10
|
|t:|1779663392
|switch|p2a: Dragapult|Dragapult, M|87/100
|switch|p1a: Great Tusk|Great Tusk|86/100
|
|upkeep
|turn|11
|
|t:|1779663397
|-end|p1a: Great Tusk|Protosynthesis|[silent]
|switch|p1a: Slowking|Slowking-Galar, F|100/100
|move|p2a: Dragapult|Draco Meteor|p1a: Slowking
|-damage|p1a: Slowking|44/100
|-unboost|p2a: Dragapult|spa|2
|
|upkeep
|turn|12
|
|t:|1779663407
|switch|p2a: Gholdengo|Gholdengo|100/100
|-item|p2a: Gholdengo|Air Balloon
|-prepare|p1a: Slowking|Chilly Reception|[premajor]
|move|p1a: Slowking|Chilly Reception|p1a: Slowking
|-weather|Snowscape
|
|t:|1779663411
|switch|p1a: Cinderace|Cinderace, F|100/100|[from] Chilly Reception
|
|-weather|Snowscape|[upkeep]
|upkeep
|turn|13
|
|t:|1779663418
|switch|p2a: Tyranitar|Tyranitar, M|84/100 par
|-weather|Sandstorm|[from] ability: Sand Stream|[of] p2a: Tyranitar
|move|p1a: Cinderace|Pyro Ball|p2a: Tyranitar
|-resisted|p2a: Tyranitar
|-damage|p2a: Tyranitar|69/100 par
|
|-weather|Sandstorm|[upkeep]
|-damage|p1a: Cinderace|94/100|[from] Sandstorm
|upkeep
|turn|14
|
|t:|1779663431
|switch|p2a: Dragapult|Dragapult, M|87/100
|move|p1a: Cinderace|U-turn|p2a: Dragapult
|-resisted|p2a: Dragapult
|-damage|p2a: Dragapult|74/100
|
|t:|1779663436
|switch|p1a: Slowking|Slowking-Galar, F|77/100|[from] U-turn
|
|-weather|Sandstorm|[upkeep]
|-damage|p2a: Dragapult|68/100|[from] Sandstorm
|-damage|p1a: Slowking|71/100|[from] Sandstorm
|upkeep
|turn|15
|c|☆wallahi brobini|no high jump kick
|c|☆wallahi brobini|ok
|
|t:|1779663446
|move|p2a: Dragapult|Shadow Ball|p1a: Slowking
|-supereffective|p1a: Slowking
|-damage|p1a: Slowking|10/100
|-unboost|p1a: Slowking|spd|1
|-prepare|p1a: Slowking|Chilly Reception|[premajor]
|move|p1a: Slowking|Chilly Reception|p1a: Slowking
|-weather|Snowscape
|
|t:|1779663452
|switch|p1a: Kingambit|Kingambit, M|100/100|[from] Chilly Reception
|
|-weather|Snowscape|[upkeep]
|upkeep
|turn|16
|
|t:|1779663460
|switch|p2a: Forretress|Forretress, M|100/100
|move|p1a: Kingambit|Iron Head|p2a: Forretress
|-resisted|p2a: Forretress
|-damage|p2a: Forretress|89/100
|
|-weather|Snowscape|[upkeep]
|-heal|p2a: Forretress|95/100|[from] item: Leftovers
|upkeep
|turn|17
|
|t:|1779663472
|-end|p1a: Kingambit|fallenundefined|[silent]
|switch|p1a: Zapdos|Zapdos, shiny|94/100
|move|p2a: Forretress|Body Press|p1a: Zapdos
|-resisted|p1a: Zapdos
|-damage|p1a: Zapdos|84/100
|-damage|p2a: Forretress|78/100|[from] item: Rocky Helmet|[of] p1a: Zapdos
|
|-weather|Snowscape|[upkeep]
|-heal|p2a: Forretress|84/100|[from] item: Leftovers
|upkeep
|turn|18
|
|t:|1779663480
|switch|p2a: Tyranitar|Tyranitar, M|69/100 par
|-weather|Sandstorm|[from] ability: Sand Stream|[of] p2a: Tyranitar
|move|p1a: Zapdos|U-turn|p2a: Tyranitar
|-supereffective|p2a: Tyranitar
|-damage|p2a: Tyranitar|52/100 par
|
|t:|1779663491
|switch|p1a: Great Tusk|Great Tusk|86/100|[from] U-turn
|
|-weather|Sandstorm|[upkeep]
|upkeep
|turn|19
|
|t:|1779663507
|switch|p2a: Forretress|Forretress, M|84/100
|move|p1a: Great Tusk|Headlong Rush|p2a: Forretress
|-damage|p2a: Forretress|52/100
|-unboost|p1a: Great Tusk|def|1
|-unboost|p1a: Great Tusk|spd|1
|
|-weather|Sandstorm|[upkeep]
|-heal|p2a: Forretress|58/100|[from] item: Leftovers
|upkeep
|turn|20
|
|t:|1779663517
|-end|p1a: Great Tusk|Protosynthesis|[silent]
|switch|p1a: Zapdos|Zapdos, shiny|84/100
|switch|p2a: Zapdos|Zapdos-Galar|71/100
|
|-weather|Sandstorm|[upkeep]
|-damage|p2a: Zapdos|65/100|[from] Sandstorm
|-damage|p1a: Zapdos|78/100|[from] Sandstorm
|upkeep
|turn|21
|
|t:|1779663525
|move|p2a: Zapdos|U-turn|p1a: Zapdos
|-resisted|p1a: Zapdos
|-damage|p1a: Zapdos|66/100
|-damage|p2a: Zapdos|48/100|[from] item: Rocky Helmet|[of] p1a: Zapdos
|
|t:|1779663529
|switch|p2a: Tyranitar|Tyranitar, M|52/100 par|[from] U-turn
|move|p1a: Zapdos|Discharge|p2a: Tyranitar
|-damage|p2a: Tyranitar|40/100 par
|
|-weather|Sandstorm|[upkeep]
|-damage|p1a: Zapdos|60/100|[from] Sandstorm
|upkeep
|turn|22
|
|t:|1779663541
|switch|p2a: Dragapult|Dragapult, M|68/100
|move|p1a: Zapdos|U-turn|p2a: Dragapult
|-resisted|p2a: Dragapult
|-damage|p2a: Dragapult|59/100
|
|t:|1779663546
|switch|p1a: Kingambit|Kingambit, M|100/100|[from] U-turn
|
|-weather|none
|upkeep
|turn|23
|
|t:|1779663554
|move|p1a: Kingambit|Sucker Punch|p2a: Dragapult
|-supereffective|p2a: Dragapult
|-damage|p2a: Dragapult|0 fnt
|faint|p2a: Dragapult
|
|upkeep
|
|t:|1779663556
|switch|p2a: Zapdos|Zapdos-Galar|48/100
|turn|24
|
|t:|1779663563
|-end|p1a: Kingambit|fallenundefined|[silent]
|switch|p1a: Zapdos|Zapdos, shiny|60/100
|move|p2a: Zapdos|U-turn|p1a: Zapdos
|-resisted|p1a: Zapdos
|-crit|p1a: Zapdos
|-damage|p1a: Zapdos|40/100
|-damage|p2a: Zapdos|32/100|[from] item: Rocky Helmet|[of] p1a: Zapdos
|
|t:|1779663567
|switch|p2a: Ogerpon|Ogerpon-Wellspring, F|100/100|[from] U-turn
|
|upkeep
|turn|25
|c|☆hunter098|go para!!
|
|t:|1779663591
|move|p2a: Ogerpon|Ivy Cudgel|p1a: Zapdos|[anim] Ivy Cudgel Water
|-damage|p1a: Zapdos|0 fnt
|faint|p1a: Zapdos
|
|upkeep
|
|t:|1779663593
|switch|p1a: Cinderace|Cinderace, F|94/100
|turn|26
|
|t:|1779663600
|switch|p2a: Forretress|Forretress, M|58/100
|move|p1a: Cinderace|U-turn|p2a: Forretress
|-resisted|p2a: Forretress
|-damage|p2a: Forretress|53/100
|
|t:|1779663610
|switch|p1a: Slowking|Slowking-Galar, F|43/100|[from] U-turn
|
|-heal|p2a: Forretress|59/100|[from] item: Leftovers
|upkeep
|turn|27
|
|t:|1779663614
|move|p2a: Forretress|Volt Switch|p1a: Slowking
|-damage|p1a: Slowking|36/100
|
|t:|1779663624
|switch|p2a: Gholdengo|Gholdengo|100/100|[from] Volt Switch
|-item|p2a: Gholdengo|Air Balloon
|-prepare|p1a: Slowking|Chilly Reception|[premajor]
|move|p1a: Slowking|Chilly Reception|p1a: Slowking
|-weather|Snowscape
|
|t:|1779663627
|switch|p1a: Cinderace|Cinderace, F|94/100|[from] Chilly Reception
|
|-weather|Snowscape|[upkeep]
|upkeep
|turn|28
|
|t:|1779663636
|-terastallize|p2a: Gholdengo|Fairy
|move|p1a: Cinderace|U-turn|p2a: Gholdengo
|-resisted|p2a: Gholdengo
|-damage|p2a: Gholdengo|92/100
|-enditem|p2a: Gholdengo|Air Balloon
|
|t:|1779663645
|switch|p1a: Slowking|Slowking-Galar, F|69/100|[from] U-turn
|move|p2a: Gholdengo|Thunder Wave|p1a: Slowking
|-status|p1a: Slowking|par
|
|-weather|Snowscape|[upkeep]
|upkeep
|turn|29
|
|t:|1779663657
|move|p2a: Gholdengo|Hex|p1a: Slowking
|-supereffective|p1a: Slowking
|-damage|p1a: Slowking|2/100 par
|move|p1a: Slowking|Sludge Bomb|p2a: Gholdengo
|-supereffective|p2a: Gholdengo
|-damage|p2a: Gholdengo|44/100
|
|-weather|Snowscape|[upkeep]
|upkeep
|turn|30
|
|t:|1779663670
|switch|p2a: Zapdos|Zapdos-Galar|32/100
|-prepare|p1a: Slowking|Chilly Reception|[premajor]
|cant|p1a: Slowking|par
|
|-weather|Snowscape|[upkeep]
|upkeep
|turn|31
|
|t:|1779663680
|move|p2a: Zapdos|U-turn|p1a: Slowking
|-damage|p1a: Slowking|0 fnt
|faint|p1a: Slowking
|
|t:|1779663691
|switch|p2a: Tyranitar|Tyranitar, M|40/100 par|[from] U-turn
|-weather|Sandstorm|[from] ability: Sand Stream|[of] p2a: Tyranitar
|
|-weather|Sandstorm|[upkeep]
|upkeep
|
|t:|1779663701
|switch|p1a: Great Tusk|Great Tusk|86/100
|turn|32
|
|t:|1779663712
|switch|p2a: Ogerpon|Ogerpon-Wellspring, F|100/100
|move|p1a: Great Tusk|Close Combat|p2a: Ogerpon
|-crit|p2a: Ogerpon
|-damage|p2a: Ogerpon|0 fnt
|-unboost|p1a: Great Tusk|def|1
|-unboost|p1a: Great Tusk|spd|1
|faint|p2a: Ogerpon
|
|-weather|Sandstorm|[upkeep]
|upkeep
|
|t:|1779663718
|switch|p2a: Zapdos|Zapdos-Galar|32/100
|turn|33
|
|t:|1779663728
|-end|p1a: Great Tusk|Protosynthesis|[silent]
|switch|p1a: Kyurem|Kyurem|100/100
|-ability|p1a: Kyurem|Pressure
|move|p2a: Zapdos|Close Combat|p1a: Kyurem
|-supereffective|p1a: Kyurem
|-damage|p1a: Kyurem|0 fnt
|-unboost|p2a: Zapdos|def|1
|-unboost|p2a: Zapdos|spd|1
|faint|p1a: Kyurem
|
|-weather|Sandstorm|[upkeep]
|-damage|p2a: Zapdos|26/100|[from] Sandstorm
|upkeep
|
|t:|1779663734
|switch|p1a: Cinderace|Cinderace, F|94/100
|turn|34
|
|t:|1779663744
|move|p1a: Cinderace|Pyro Ball|p2a: Zapdos
|-damage|p2a: Zapdos|0 fnt
|faint|p2a: Zapdos
|
|-weather|Sandstorm|[upkeep]
|-damage|p1a: Cinderace|88/100|[from] Sandstorm
|upkeep
|
|t:|1779663761
|switch|p2a: Tyranitar|Tyranitar, M|40/100 par
|turn|35
|
|t:|1779663767
|switch|p2a: Forretress|Forretress, M|59/100
|move|p1a: Cinderace|U-turn|p2a: Forretress
|-resisted|p2a: Forretress
|-damage|p2a: Forretress|54/100
|
|t:|1779663769
|switch|p1a: Great Tusk|Great Tusk|86/100|[from] U-turn
|
|-weather|none
|-heal|p2a: Forretress|60/100|[from] item: Leftovers
|upkeep
|turn|36
|
|t:|1779663777
|move|p1a: Great Tusk|Headlong Rush|p2a: Forretress
|-damage|p2a: Forretress|28/100
|-unboost|p1a: Great Tusk|def|1
|-unboost|p1a: Great Tusk|spd|1
|move|p2a: Forretress|Iron Defense|p2a: Forretress
|-boost|p2a: Forretress|def|2
|
|-heal|p2a: Forretress|34/100|[from] item: Leftovers
|upkeep
|turn|37
|
|t:|1779663789
|-end|p1a: Great Tusk|Protosynthesis|[silent]
|switch|p1a: Cinderace|Cinderace, F|88/100
|move|p2a: Forretress|Body Press|p1a: Cinderace
|-damage|p1a: Cinderace|6/100
|
|-heal|p2a: Forretress|40/100|[from] item: Leftovers
|upkeep
|turn|38
|c|☆wallahi brobini|low roll
|c|☆hunter098|+2 252+ Def Forretress Body Press (80 BP) vs. 224 HP / 0 Def Cinderace: 256-302 (71.7 - 84.5%) -- guaranteed OHKO
|c|☆wallahi brobini|i guess bro
|inactive|wallahi brobini has 120 seconds left.
|c|☆hunter098|medium role
|c|☆hunter098|pretty high actually
|c|☆wallahi brobini|im dead
|inactive|wallahi brobini has 90 seconds left.
|c|☆wallahi brobini|if i volt switched
|c|☆wallahi brobini|i mightve won?
|c|☆wallahi brobini|nah
|c|☆hunter098|nah
|c|☆wallahi brobini|ggs
|c|☆hunter098|gg
|
|t:|1779663869
|switch|p2a: Tyranitar|Tyranitar, M|40/100 par
|-weather|Sandstorm|[from] ability: Sand Stream|[of] p2a: Tyranitar
|move|p1a: Cinderace|Pyro Ball|p2a: Tyranitar
|-resisted|p2a: Tyranitar
|-damage|p2a: Tyranitar|20/100 par
|
|-weather|Sandstorm|[upkeep]
|-damage|p1a: Cinderace|0 fnt|[from] Sandstorm
|faint|p1a: Cinderace
|upkeep
|c|☆hunter098|theres a gambit lurking
|c|☆hunter098|in the back
|c|☆wallahi brobini|i mean
|
|t:|1779663880
|switch|p1a: Great Tusk|Great Tusk|86/100
|turn|39
|c|☆wallahi brobini|i know
|c|☆wallahi brobini|closer than you thought
|inactive|wallahi brobini has 60 seconds left.
|
|t:|1779663910
|move|p1a: Great Tusk|Headlong Rush|p2a: Tyranitar
|-supereffective|p2a: Tyranitar
|-damage|p2a: Tyranitar|0 fnt
|-unboost|p1a: Great Tusk|def|1
|-unboost|p1a: Great Tusk|spd|1
|faint|p2a: Tyranitar
|
|-weather|Sandstorm|[upkeep]
|upkeep
|
|t:|1779663911
|switch|p2a: Gholdengo|Gholdengo, tera:Fairy|44/100
|turn|40
|inactive|wallahi brobini has 60 seconds left.
|c|☆wallahi brobini|maybe
|c|☆wallahi brobini|you miss
|
|t:|1779663937
|move|p1a: Great Tusk|Headlong Rush|p2a: Gholdengo
|-damage|p2a: Gholdengo|0 fnt
|-unboost|p1a: Great Tusk|def|1
|-unboost|p1a: Great Tusk|spd|1
|faint|p2a: Gholdengo
|
|-weather|Sandstorm|[upkeep]
|upkeep
|
|t:|1779663940
|switch|p2a: Forretress|Forretress, M|40/100
|turn|41
|inactive|wallahi brobini has 60 seconds left.
|
|t:|1779663948
|move|p1a: Great Tusk|Headlong Rush|p2a: Forretress
|-damage|p2a: Forretress|7/100
|-unboost|p1a: Great Tusk|def|1
|-unboost|p1a: Great Tusk|spd|1
|move|p2a: Forretress|Iron Defense|p2a: Forretress
|-boost|p2a: Forretress|def|2
|
|-weather|Sandstorm|[upkeep]
|-heal|p2a: Forretress|13/100|[from] item: Leftovers
|upkeep
|turn|42
|inactive|wallahi brobini has 60 seconds left.
|
|t:|1779663962
|move|p1a: Great Tusk|Close Combat|p2a: Forretress
|-damage|p2a: Forretress|0 fnt
|-unboost|p1a: Great Tusk|def|1
|-unboost|p1a: Great Tusk|spd|1
|faint|p2a: Forretress
|
|win|hunter098
|raw|hunter098's rating: 1336 &rarr; <strong>1358</strong><br />(+22 for winning)
|raw|wallahi brobini's rating: 1365 &rarr; <strong>1343</strong><br />(-22 for losing)
|c|☆wallahi brobini|ggs
|c|☆hunter098|gg
|l|☆wallahi brobini
|player|p2|
|l|☆hunter098
|player|p1|
