|j|☆my shitters
|j|☆omega toad17
|t:|1779716794
|gametype|singles
|player|p1|my shitters|preschooler|1426
|player|p2|omega toad17|wattson|1389
|gen|9
|tier|[Gen 9] OU
|rated|
|rule|HP Percentage Mod: HP is shown in percentages
|rule|Endless Battle Clause: Forcing endless battles is banned
|rule|Species Clause: Limit one of each Pokémon
|rule|OHKO Clause: OHKO moves are banned
|rule|Evasion Items Clause: Evasion items are banned
|rule|Evasion Moves Clause: Evasion moves are banned
|rule|Evasion Abilities Clause: Evasion abilities are banned
|rule|Sleep Moves Clause: Sleep-inducing moves are banned
|clearpoke
|poke|p1|Alcremie-Ruby-Swirl, F|
|poke|p1|Sableye, F|
|poke|p1|Primeape, M|
|poke|p1|Ursaring, F|
|poke|p1|Brute Bonnet|
|poke|p1|Rotom-Heat|
|poke|p2|Heatran, M|
|poke|p2|Ogerpon-Wellspring, F|
|poke|p2|Slowking-Galar, M|
|poke|p2|Enamorus, F|
|poke|p2|Kingambit, M|
|poke|p2|Great Tusk|
|teampreview
|inactive|Battle timer is ON: inactive players will automatically lose when time's up. (requested by omega toad17)
|inactive|my shitters also wants the timer to be on.
|
|t:|1779716823
|teamsize|p1|6
|teamsize|p2|6
|start
|switch|p1a: FaintCorona|Rotom-Heat|100/100
|switch|p2a: Triple T|Ogerpon-Wellspring, F|100/100
|turn|1
|
|t:|1779716831
|switch|p1a: GemPostin|Sableye, F|100/100
|move|p2a: Triple T|Ivy Cudgel|p1a: GemPostin|[anim] Ivy Cudgel Water
|-crit|p1a: GemPostin
|-damage|p1a: GemPostin|16/100
|
|upkeep
|turn|2
|
|t:|1779716846
|move|p1a: GemPostin|Reflect|p1a: GemPostin
|-sidestart|p1: my shitters|Reflect
|move|p2a: Triple T|Ivy Cudgel|p1a: GemPostin|[anim] Ivy Cudgel Water
|-damage|p1a: GemPostin|0 fnt
|faint|p1a: GemPostin
|
|upkeep
|
|t:|1779716870
|switch|p1a: OnePunchBear|Ursaring, F|100/100
|turn|3
|
|t:|1779716879
|move|p2a: Triple T|Knock Off|p1a: OnePunchBear
|-damage|p1a: OnePunchBear|75/100
|-enditem|p1a: OnePunchBear|Flame Orb|[from] move: Knock Off|[of] p2a: Triple T
|move|p1a: OnePunchBear|Swords Dance|p1a: OnePunchBear
|-boost|p1a: OnePunchBear|atk|2
|
|upkeep
|turn|4
|
|t:|1779716887
|move|p2a: Triple T|Ivy Cudgel|p1a: OnePunchBear|[anim] Ivy Cudgel Water
|-damage|p1a: OnePunchBear|36/100
|move|p1a: OnePunchBear|Facade|p2a: Triple T
|-damage|p2a: Triple T|0 fnt
|faint|p2a: Triple T
|
|upkeep
|
|t:|1779716892
|switch|p2a: ronald|Great Tusk|100/100
|turn|5
|
|t:|1779716895
|move|p2a: ronald|Close Combat|p1a: OnePunchBear
|-supereffective|p1a: OnePunchBear
|-damage|p1a: OnePunchBear|0 fnt
|-unboost|p2a: ronald|def|1
|-unboost|p2a: ronald|spd|1
|faint|p1a: OnePunchBear
|
|upkeep
|
|t:|1779716902
|switch|p1a: UngaBoonguss|Brute Bonnet|100/100
|-enditem|p1a: UngaBoonguss|Booster Energy
|-activate|p1a: UngaBoonguss|ability: Protosynthesis|[fromitem]
|-start|p1a: UngaBoonguss|protosynthesisatk
|turn|6
|
|t:|1779716909
|-end|p2a: ronald|Protosynthesis|[silent]
|switch|p2a: frank|Heatran, M|100/100
|move|p1a: UngaBoonguss|Seed Bomb|p2a: frank
|-resisted|p2a: frank
|-damage|p2a: frank|89/100
|
|-heal|p2a: frank|95/100|[from] item: Leftovers
|upkeep
|turn|7
|
|t:|1779716916
|move|p2a: frank|Flamethrower|p1a: UngaBoonguss
|-supereffective|p1a: UngaBoonguss
|-damage|p1a: UngaBoonguss|36/100
|move|p1a: UngaBoonguss|Close Combat|p2a: frank
|-supereffective|p2a: frank
|-damage|p2a: frank|0 fnt
|-unboost|p1a: UngaBoonguss|def|1
|-unboost|p1a: UngaBoonguss|spd|1
|faint|p2a: frank
|
|upkeep
|
|t:|1779716920
|switch|p2a: ronald|Great Tusk|100/100
|turn|8
|
|t:|1779716925
|move|p1a: UngaBoonguss|Sucker Punch|p2a: ronald
|-resisted|p2a: ronald
|-damage|p2a: ronald|84/100
|move|p2a: ronald|Close Combat|p1a: UngaBoonguss
|-supereffective|p1a: UngaBoonguss
|-damage|p1a: UngaBoonguss|0 fnt
|-unboost|p2a: ronald|def|1
|-unboost|p2a: ronald|spd|1
|faint|p1a: UngaBoonguss
|-end|p1a: UngaBoonguss|Protosynthesis|[silent]
|
|upkeep
|
|t:|1779716936
|switch|p1a: FaintCorona|Rotom-Heat|100/100
|turn|9
|
|t:|1779716942
|-end|p2a: ronald|Protosynthesis|[silent]
|switch|p2a: jim|Slowking-Galar, M, shiny|100/100
|move|p1a: FaintCorona|Nasty Plot|p1a: FaintCorona
|-boost|p1a: FaintCorona|spa|2
|
|-sideend|p1: my shitters|Reflect
|upkeep
|turn|10
|
|t:|1779716952
|move|p1a: FaintCorona|Nasty Plot|p1a: FaintCorona
|-boost|p1a: FaintCorona|spa|2
|move|p2a: jim|Future Sight|p1a: FaintCorona
|-start|p2a: jim|move: Future Sight
|
|upkeep
|turn|11
|
|t:|1779716963
|move|p1a: FaintCorona|Overheat|p2a: jim
|-damage|p2a: jim|0 fnt
|-unboost|p1a: FaintCorona|spa|2
|faint|p2a: jim
|
|upkeep
|
|t:|1779716967
|switch|p2a: john|Kingambit, M|100/100
|turn|12
|
|t:|1779716972
|move|p2a: john|Sucker Punch|p1a: FaintCorona
|-damage|p1a: FaintCorona|45/100
|move|p1a: FaintCorona|Overheat|p2a: john
|-supereffective|p2a: john
|-damage|p2a: john|0 fnt
|-unboost|p1a: FaintCorona|spa|2
|faint|p2a: john
|
|-end|p1a: FaintCorona|move: Future Sight
|-damage|p1a: FaintCorona|0 fnt
|faint|p1a: FaintCorona
|upkeep
|
|t:|1779716985
|switch|p1a: RobotAlcremicDrive|Alcremie-Ruby-Swirl, F|100/100
|switch|p2a: other michael|Enamorus, F|100/100
|turn|13
|
|t:|1779716993
|-terastallize|p2a: other michael|Steel
|move|p2a: other michael|Moonblast|p1a: RobotAlcremicDrive
|-damage|p1a: RobotAlcremicDrive|58/100
|move|p1a: RobotAlcremicDrive|Calm Mind|p1a: RobotAlcremicDrive
|-boost|p1a: RobotAlcremicDrive|spa|1
|-boost|p1a: RobotAlcremicDrive|spd|1
|
|-heal|p1a: RobotAlcremicDrive|64/100|[from] item: Leftovers
|upkeep
|turn|14
|
|t:|1779717002
|move|p2a: other michael|Moonblast|p1a: RobotAlcremicDrive
|-damage|p1a: RobotAlcremicDrive|36/100
|move|p1a: RobotAlcremicDrive|Calm Mind|p1a: RobotAlcremicDrive
|-boost|p1a: RobotAlcremicDrive|spa|1
|-boost|p1a: RobotAlcremicDrive|spd|1
|
|-heal|p1a: RobotAlcremicDrive|42/100|[from] item: Leftovers
|upkeep
|turn|15
|
|t:|1779717006
|move|p2a: other michael|Moonblast|p1a: RobotAlcremicDrive
|-damage|p1a: RobotAlcremicDrive|22/100
|move|p1a: RobotAlcremicDrive|Draining Kiss|p2a: other michael
|-resisted|p2a: other michael
|-damage|p2a: other michael|71/100
|-heal|p1a: RobotAlcremicDrive|41/100|[from] drain|[of] p2a: other michael
|
|-heal|p2a: other michael|78/100|[from] item: Leftovers
|-heal|p1a: RobotAlcremicDrive|47/100|[from] item: Leftovers
|upkeep
|turn|16
|
|t:|1779717009
|move|p2a: other michael|Calm Mind|p2a: other michael
|-boost|p2a: other michael|spa|1
|-boost|p2a: other michael|spd|1
|move|p1a: RobotAlcremicDrive|Draining Kiss|p2a: other michael
|-resisted|p2a: other michael
|-damage|p2a: other michael|60/100
|-heal|p1a: RobotAlcremicDrive|59/100|[from] drain|[of] p2a: other michael
|
|-heal|p2a: other michael|66/100|[from] item: Leftovers
|-heal|p1a: RobotAlcremicDrive|65/100|[from] item: Leftovers
|upkeep
|turn|17
|
|t:|1779717015
|move|p2a: other michael|Calm Mind|p2a: other michael
|-boost|p2a: other michael|spa|1
|-boost|p2a: other michael|spd|1
|move|p1a: RobotAlcremicDrive|Calm Mind|p1a: RobotAlcremicDrive
|-boost|p1a: RobotAlcremicDrive|spa|1
|-boost|p1a: RobotAlcremicDrive|spd|1
|
|-heal|p2a: other michael|72/100|[from] item: Leftovers
|-heal|p1a: RobotAlcremicDrive|71/100|[from] item: Leftovers
|upkeep
|turn|18
|
|t:|1779717020
|move|p2a: other michael|Calm Mind|p2a: other michael
|-boost|p2a: other michael|spa|1
|-boost|p2a: other michael|spd|1
|move|p1a: RobotAlcremicDrive|Calm Mind|p1a: RobotAlcremicDrive
|-boost|p1a: RobotAlcremicDrive|spa|1
|-boost|p1a: RobotAlcremicDrive|spd|1
|
|-heal|p2a: other michael|78/100|[from] item: Leftovers
|-heal|p1a: RobotAlcremicDrive|77/100|[from] item: Leftovers
|upkeep
|turn|19
|
|t:|1779717022
|move|p2a: other michael|Calm Mind|p2a: other michael
|-boost|p2a: other michael|spa|1
|-boost|p2a: other michael|spd|1
|move|p1a: RobotAlcremicDrive|Calm Mind|p1a: RobotAlcremicDrive
|-boost|p1a: RobotAlcremicDrive|spa|1
|-boost|p1a: RobotAlcremicDrive|spd|1
|
|-heal|p2a: other michael|85/100|[from] item: Leftovers
|-heal|p1a: RobotAlcremicDrive|83/100|[from] item: Leftovers
|upkeep
|turn|20
|
|t:|1779717027
|move|p2a: other michael|Calm Mind|p2a: other michael
|-boost|p2a: other michael|spa|1
|-boost|p2a: other michael|spd|1
|move|p1a: RobotAlcremicDrive|Calm Mind|p1a: RobotAlcremicDrive
|-boost|p1a: RobotAlcremicDrive|spa|1
|-boost|p1a: RobotAlcremicDrive|spd|1
|
|-heal|p2a: other michael|91/100|[from] item: Leftovers
|-heal|p1a: RobotAlcremicDrive|89/100|[from] item: Leftovers
|upkeep
|turn|21
|
|t:|1779717032
|move|p2a: other michael|Calm Mind|p2a: other michael
|-boost|p2a: other michael|spa|1
|-boost|p2a: other michael|spd|1
|move|p1a: RobotAlcremicDrive|Acid Armor|p1a: RobotAlcremicDrive
|-boost|p1a: RobotAlcremicDrive|def|2
|
|-heal|p2a: other michael|97/100|[from] item: Leftovers
|-heal|p1a: RobotAlcremicDrive|95/100|[from] item: Leftovers
|upkeep
|turn|22
|
|t:|1779717035
|move|p2a: other michael|Substitute|p2a: other michael
|-start|p2a: other michael|Substitute
|-damage|p2a: other michael|72/100
|move|p1a: RobotAlcremicDrive|Stored Power|p2a: other michael
|-resisted|p2a: other michael
|-end|p2a: other michael|Substitute
|
|-heal|p2a: other michael|78/100|[from] item: Leftovers
|-heal|p1a: RobotAlcremicDrive|100/100|[from] item: Leftovers
|upkeep
|turn|23
|
|t:|1779717040
|move|p2a: other michael|Moonblast|p1a: RobotAlcremicDrive
|-damage|p1a: RobotAlcremicDrive|54/100
|move|p1a: RobotAlcremicDrive|Stored Power|p2a: other michael
|-resisted|p2a: other michael
|-damage|p2a: other michael|24/100
|
|-heal|p2a: other michael|30/100|[from] item: Leftovers
|-heal|p1a: RobotAlcremicDrive|60/100|[from] item: Leftovers
|upkeep
|turn|24
|
|t:|1779717052
|move|p2a: other michael|Moonblast|p1a: RobotAlcremicDrive
|-damage|p1a: RobotAlcremicDrive|13/100
|-unboost|p1a: RobotAlcremicDrive|spa|1
|move|p1a: RobotAlcremicDrive|Stored Power|p2a: other michael
|-resisted|p2a: other michael
|-damage|p2a: other michael|0 fnt
|faint|p2a: other michael
|
|-heal|p1a: RobotAlcremicDrive|19/100|[from] item: Leftovers
|upkeep
|
|t:|1779717058
|switch|p2a: ronald|Great Tusk|84/100
|turn|25
|
|t:|1779717061
|move|p2a: ronald|Earthquake|p1a: RobotAlcremicDrive
|-damage|p1a: RobotAlcremicDrive|0 fnt
|faint|p1a: RobotAlcremicDrive
|
|upkeep
|
|t:|1779717063
|switch|p1a: PonnieColeman|Primeape, M|100/100
|turn|26
|
|t:|1779717067
|move|p1a: PonnieColeman|Bulk Up|p1a: PonnieColeman
|-boost|p1a: PonnieColeman|atk|1
|-boost|p1a: PonnieColeman|def|1
|move|p2a: ronald|Earthquake|p1a: PonnieColeman
|-damage|p1a: PonnieColeman|71/100
|
|upkeep
|turn|27
|
|t:|1779717072
|move|p1a: PonnieColeman|Bulk Up|p1a: PonnieColeman
|-boost|p1a: PonnieColeman|atk|1
|-boost|p1a: PonnieColeman|def|1
|move|p2a: ronald|Knock Off|p1a: PonnieColeman
|-resisted|p1a: PonnieColeman
|-damage|p1a: PonnieColeman|63/100
|-enditem|p1a: PonnieColeman|Eviolite|[from] move: Knock Off|[of] p2a: ronald
|
|upkeep
|turn|28
|
|t:|1779717078
|-terastallize|p1a: PonnieColeman|Ghost
|move|p1a: PonnieColeman|Rage Fist|p2a: ronald
|-damage|p2a: ronald|25/100
|move|p2a: ronald|Earthquake|p1a: PonnieColeman
|-damage|p1a: PonnieColeman|29/100
|
|upkeep
|turn|29
|
|t:|1779717084
|move|p1a: PonnieColeman|Rage Fist|p2a: ronald
|-damage|p2a: ronald|0 fnt
|faint|p2a: ronald
|-end|p2a: ronald|Protosynthesis|[silent]
|
|win|my shitters
|raw|my shitters's rating: 1426 &rarr; <strong>1444</strong><br />(+18 for winning)
|raw|omega toad17's rating: 1389 &rarr; <strong>1371</strong><br />(-18 for losing)
|l|☆omega toad17
|player|p2|
|l|☆my shitters
|player|p1|
