|j|☆bigtimebrownie
|j|☆791erratic
|t:|1779558221
|gametype|singles
|player|p1|bigtimebrownie|169|1316
|player|p2|791erratic|lance|1311
|gen|9
|tier|[Gen 9] OU
|rated|
|rule|HP Percentage Mod: HP is shown in percentages
|rule|Endless Battle Clause: Forcing endless battles is banned
|rule|Species Clause: Limit one of each Pokémon
|rule|OHKO Clause: OHKO moves are banned
|rule|Evasion Items Clause: Evasion items are banned
|rule|Evasion Moves Clause: Evasion moves are banned
|rule|Evasion Abilities Clause: Evasion abilities are banned
|rule|Sleep Moves Clause: Sleep-inducing moves are banned
|clearpoke
|poke|p1|Garganacl, F|
|poke|p1|Bellibolt, F|
|poke|p1|Iron Valiant|
|poke|p1|Pecharunt|
|poke|p1|Samurott-Hisui, M|
|poke|p1|Great Tusk|
|poke|p2|Dragonite, F|
|poke|p2|Gholdengo|
|poke|p2|Ting-Lu|
|poke|p2|Ogerpon-Wellspring, F|
|poke|p2|Kingambit, F|
|poke|p2|Moltres|
|teampreview
|
|t:|1779558229
|teamsize|p1|6
|teamsize|p2|6
|start
|switch|p1a: Bellibolt|Bellibolt, F|100/100
|switch|p2a: Ogerpon|Ogerpon-Wellspring, F|100/100
|turn|1
|inactive|Battle timer is ON: inactive players will automatically lose when time's up. (requested by 791erratic)
|
|t:|1779558234
|switch|p2a: Ting-Lu|Ting-Lu|100/100
|-ability|p2a: Ting-Lu|Vessel of Ruin
|move|p1a: Bellibolt|Toxic|p2a: Ting-Lu
|-status|p2a: Ting-Lu|tox
|
|-damage|p2a: Ting-Lu|94/100 tox|[from] psn
|upkeep
|turn|2
|
|t:|1779558242
|switch|p1a: Great Tusk|Great Tusk|100/100
|move|p2a: Ting-Lu|Ruination|p1a: Great Tusk
|-damage|p1a: Great Tusk|51/100
|
|-heal|p2a: Ting-Lu|100/100 tox|[from] item: Leftovers
|-damage|p2a: Ting-Lu|88/100 tox|[from] psn
|upkeep
|turn|3
|
|t:|1779558250
|switch|p2a: Moltres|Moltres|100/100
|move|p1a: Great Tusk|Knock Off|p2a: Moltres
|-damage|p2a: Moltres|79/100
|-status|p1a: Great Tusk|brn|[from] ability: Flame Body|[of] p2a: Moltres
|-enditem|p2a: Moltres|Heavy-Duty Boots|[from] move: Knock Off|[of] p1a: Great Tusk
|
|-damage|p1a: Great Tusk|44/100 brn|[from] brn
|upkeep
|turn|4
|
|t:|1779558258
|-end|p1a: Great Tusk|Protosynthesis|[silent]
|switch|p1a: Garganacl|Garganacl, F|100/100
|move|p2a: Moltres|U-turn|p1a: Garganacl
|-crit|p1a: Garganacl
|-damage|p1a: Garganacl|89/100
|
|t:|1779558267
|switch|p2a: Ogerpon|Ogerpon-Wellspring, F|100/100|[from] U-turn
|
|-heal|p1a: Garganacl|96/100|[from] item: Leftovers
|upkeep
|turn|5
|
|t:|1779558273
|-terastallize|p1a: Garganacl|Steel
|move|p2a: Ogerpon|Knock Off|p1a: Garganacl
|-damage|p1a: Garganacl|74/100
|-enditem|p1a: Garganacl|Leftovers|[from] move: Knock Off|[of] p2a: Ogerpon
|move|p1a: Garganacl|Salt Cure|p2a: Ogerpon
|-damage|p2a: Ogerpon|82/100
|-start|p2a: Ogerpon|Salt Cure
|
|-damage|p2a: Ogerpon|57/100|[from] Salt Cure
|upkeep
|turn|6
|
|t:|1779558282
|move|p2a: Ogerpon|U-turn|p1a: Garganacl
|-resisted|p1a: Garganacl
|-damage|p1a: Garganacl|66/100
|
|t:|1779558285
|switch|p2a: Moltres|Moltres|79/100|[from] U-turn
|move|p1a: Garganacl|Stealth Rock|p2a: Moltres
|-sidestart|p2: 791erratic|move: Stealth Rock
|
|upkeep
|turn|7
|
|t:|1779558291
|switch|p1a: Bellibolt|Bellibolt, F|100/100
|move|p2a: Moltres|Flamethrower|p1a: Bellibolt
|-damage|p1a: Bellibolt|78/100
|-start|p1a: Bellibolt|Charge|Flamethrower|[from] ability: Electromorphosis
|
|-heal|p1a: Bellibolt|84/100|[from] item: Leftovers
|upkeep
|turn|8
|
|t:|1779558299
|move|p2a: Moltres|U-turn|p1a: Bellibolt
|-damage|p1a: Bellibolt|70/100
|-start|p1a: Bellibolt|Charge|U-turn|[from] ability: Electromorphosis
|
|t:|1779558303
|switch|p2a: Ting-Lu|Ting-Lu|88/100 tox|[from] U-turn
|-damage|p2a: Ting-Lu|82/100 tox|[from] Stealth Rock
|-ability|p2a: Ting-Lu|Vessel of Ruin
|move|p1a: Bellibolt|Toxic|p2a: Ting-Lu
|-fail|p2a: Ting-Lu|tox
|
|-heal|p1a: Bellibolt|76/100|[from] item: Leftovers
|-heal|p2a: Ting-Lu|88/100 tox|[from] item: Leftovers
|-damage|p2a: Ting-Lu|82/100 tox|[from] psn
|upkeep
|turn|9
|
|t:|1779558314
|switch|p1a: Samurott|Samurott-Hisui, M|100/100
|move|p2a: Ting-Lu|Earthquake|p1a: Samurott
|-damage|p1a: Samurott|54/100
|
|-heal|p2a: Ting-Lu|88/100 tox|[from] item: Leftovers
|-damage|p2a: Ting-Lu|76/100 tox|[from] psn
|upkeep
|turn|10
|
|t:|1779558322
|move|p1a: Samurott|Flip Turn|p2a: Ting-Lu
|-supereffective|p2a: Ting-Lu
|-damage|p2a: Ting-Lu|46/100 tox
|
|t:|1779558326
|switch|p1a: Great Tusk|Great Tusk|44/100 brn|[from] Flip Turn
|move|p2a: Ting-Lu|Spikes|p1a: Great Tusk
|-sidestart|p1: bigtimebrownie|Spikes
|
|-heal|p2a: Ting-Lu|52/100 tox|[from] item: Leftovers
|-damage|p2a: Ting-Lu|34/100 tox|[from] psn
|-damage|p1a: Great Tusk|38/100 brn|[from] brn
|upkeep
|turn|11
|
|t:|1779558334
|switch|p2a: Gholdengo|Gholdengo|100/100
|-damage|p2a: Gholdengo|94/100|[from] Stealth Rock
|move|p1a: Great Tusk|Knock Off|p2a: Gholdengo
|-supereffective|p2a: Gholdengo
|-damage|p2a: Gholdengo|55/100
|-enditem|p2a: Gholdengo|Choice Scarf|[from] move: Knock Off|[of] p1a: Great Tusk
|
|-damage|p1a: Great Tusk|32/100 brn|[from] brn
|upkeep
|turn|12
|
|t:|1779558344
|move|p1a: Great Tusk|Headlong Rush|p2a: Gholdengo
|-supereffective|p2a: Gholdengo
|-damage|p2a: Gholdengo|0 fnt
|-unboost|p1a: Great Tusk|def|1
|-unboost|p1a: Great Tusk|spd|1
|faint|p2a: Gholdengo
|
|-damage|p1a: Great Tusk|26/100 brn|[from] brn
|upkeep
|
|t:|1779558352
|switch|p2a: Dragonite|Dragonite, F|100/100
|turn|13
|
|t:|1779558363
|move|p1a: Great Tusk|Rapid Spin|p2a: Dragonite
|-crit|p2a: Dragonite
|-damage|p2a: Dragonite|95/100
|-boost|p1a: Great Tusk|spe|1
|-sideend|p1: bigtimebrownie|Spikes|[from] move: Rapid Spin|[of] p1a: Great Tusk
|move|p2a: Dragonite|Dragon Dance|p2a: Dragonite
|-boost|p2a: Dragonite|atk|1
|-boost|p2a: Dragonite|spe|1
|
|-damage|p1a: Great Tusk|20/100 brn|[from] brn
|upkeep
|turn|14
|
|t:|1779558372
|-end|p1a: Great Tusk|Protosynthesis|[silent]
|switch|p1a: Pecharunt|Pecharunt|100/100
|move|p2a: Dragonite|Extreme Speed|p1a: Pecharunt
|-immune|p1a: Pecharunt
|
|upkeep
|turn|15
|
|t:|1779558378
|move|p2a: Dragonite|Earthquake|p1a: Pecharunt
|-supereffective|p1a: Pecharunt
|-damage|p1a: Pecharunt|44/100
|move|p1a: Pecharunt|Malignant Chain|p2a: Dragonite
|-damage|p2a: Dragonite|66/100
|-status|p2a: Dragonite|tox
|-start|p2a: Dragonite|confusion|[from] ability: Poison Puppeteer|[of] p1a: Pecharunt
|
|-heal|p1a: Pecharunt|50/100|[from] item: Leftovers
|-damage|p2a: Dragonite|60/100 tox|[from] psn
|upkeep
|turn|16
|
|t:|1779558391
|switch|p1a: Great Tusk|Great Tusk|20/100 brn
|-activate|p2a: Dragonite|confusion
|move|p2a: Dragonite|Earthquake|p1a: Great Tusk
|-damage|p1a: Great Tusk|0 fnt
|faint|p1a: Great Tusk
|-end|p1a: Great Tusk|Protosynthesis|[silent]
|
|-damage|p2a: Dragonite|47/100 tox|[from] psn
|upkeep
|inactive|bigtimebrownie has 120 seconds left.
|
|t:|1779558440
|switch|p1a: Samurott|Samurott-Hisui, M|54/100
|turn|17
|
|t:|1779558450
|-terastallize|p2a: Dragonite|Normal
|-activate|p2a: Dragonite|confusion
|move|p2a: Dragonite|Extreme Speed|p1a: Samurott
|-damage|p1a: Samurott|0 fnt
|faint|p1a: Samurott
|
|-damage|p2a: Dragonite|29/100 tox|[from] psn
|upkeep
|
|t:|1779558463
|switch|p1a: Garganacl|Garganacl, F, tera:Steel|66/100
|turn|18
|
|t:|1779558466
|move|p1a: Garganacl|Protect|p1a: Garganacl
|-singleturn|p1a: Garganacl|Protect
|-activate|p2a: Dragonite|confusion
|move|p2a: Dragonite|Roost|p2a: Dragonite
|-heal|p2a: Dragonite|79/100 tox
|
|-damage|p2a: Dragonite|54/100 tox|[from] psn
|upkeep
|turn|19
|inactive|bigtimebrownie has 120 seconds left.
|
|t:|1779558500
|switch|p1a: Iron Valiant|Iron Valiant|100/100
|-enditem|p1a: Iron Valiant|Booster Energy
|-activate|p1a: Iron Valiant|ability: Quark Drive|[fromitem]
|-start|p1a: Iron Valiant|quarkdrivespe
|-activate|p2a: Dragonite|confusion
|-damage|p2a: Dragonite|31/100 tox|[from] confusion
|
|-damage|p2a: Dragonite|0 fnt|[from] psn
|faint|p2a: Dragonite
|upkeep
|
|t:|1779558511
|switch|p2a: Moltres|Moltres|79/100
|-damage|p2a: Moltres|29/100|[from] Stealth Rock
|turn|20
|
|t:|1779558517
|move|p1a: Iron Valiant|Moonblast|p2a: Moltres
|-resisted|p2a: Moltres
|-damage|p2a: Moltres|5/100
|-unboost|p2a: Moltres|spa|1
|move|p2a: Moltres|Roost|p2a: Moltres
|-heal|p2a: Moltres|56/100
|-singleturn|p2a: Moltres|move: Roost
|
|upkeep
|turn|21
|
|t:|1779558526
|move|p1a: Iron Valiant|Calm Mind|p1a: Iron Valiant
|-boost|p1a: Iron Valiant|spa|1
|-boost|p1a: Iron Valiant|spd|1
|move|p2a: Moltres|Roost|p2a: Moltres
|-heal|p2a: Moltres|100/100
|-singleturn|p2a: Moltres|move: Roost
|
|upkeep
|turn|22
|inactive|bigtimebrownie has 120 seconds left.
|
|t:|1779558532
|move|p1a: Iron Valiant|Calm Mind|p1a: Iron Valiant
|-boost|p1a: Iron Valiant|spa|1
|-boost|p1a: Iron Valiant|spd|1
|move|p2a: Moltres|Roar|p1a: Iron Valiant
|-end|p1a: Iron Valiant|Quark Drive|[silent]
|drag|p1a: Bellibolt|Bellibolt, F|76/100
|
|-heal|p1a: Bellibolt|82/100|[from] item: Leftovers
|upkeep
|turn|23
|
|t:|1779558540
|move|p2a: Moltres|U-turn|p1a: Bellibolt
|-damage|p1a: Bellibolt|70/100
|-start|p1a: Bellibolt|Charge|U-turn|[from] ability: Electromorphosis
|
|t:|1779558544
|switch|p2a: Ting-Lu|Ting-Lu|34/100 tox|[from] U-turn
|-damage|p2a: Ting-Lu|27/100 tox|[from] Stealth Rock
|-ability|p2a: Ting-Lu|Vessel of Ruin
|move|p1a: Bellibolt|Soak|p2a: Ting-Lu
|-start|p2a: Ting-Lu|typechange|Water
|
|-heal|p2a: Ting-Lu|34/100 tox|[from] item: Leftovers
|-heal|p1a: Bellibolt|76/100|[from] item: Leftovers
|-damage|p2a: Ting-Lu|27/100 tox|[from] psn
|upkeep
|turn|24
|
|t:|1779558556
|move|p2a: Ting-Lu|Spikes|p1a: Bellibolt
|-sidestart|p1: bigtimebrownie|Spikes
|move|p1a: Bellibolt|Discharge|p2a: Ting-Lu
|-supereffective|p2a: Ting-Lu
|-damage|p2a: Ting-Lu|0 fnt
|faint|p2a: Ting-Lu
|-end|p1a: Bellibolt|Charge|[silent]
|
|-heal|p1a: Bellibolt|82/100|[from] item: Leftovers
|upkeep
|
|t:|1779558570
|switch|p2a: Ogerpon|Ogerpon-Wellspring, F|57/100
|-damage|p2a: Ogerpon|44/100|[from] Stealth Rock
|turn|25
|
|t:|1779558577
|switch|p1a: Pecharunt|Pecharunt|50/100
|-damage|p1a: Pecharunt|38/100|[from] Spikes
|move|p2a: Ogerpon|Swords Dance|p2a: Ogerpon
|-boost|p2a: Ogerpon|atk|2
|
|-heal|p1a: Pecharunt|44/100|[from] item: Leftovers
|upkeep
|turn|26
|
|t:|1779558585
|move|p2a: Ogerpon|Ivy Cudgel|p1a: Pecharunt|[anim] Ivy Cudgel Water
|-crit|p1a: Pecharunt
|-damage|p1a: Pecharunt|0 fnt
|faint|p1a: Pecharunt
|
|upkeep
|
|t:|1779558591
|switch|p1a: Iron Valiant|Iron Valiant|100/100
|-damage|p1a: Iron Valiant|88/100|[from] Spikes
|turn|27
|
|t:|1779558597
|move|p1a: Iron Valiant|Moonblast|p2a: Ogerpon
|-damage|p2a: Ogerpon|0 fnt
|faint|p2a: Ogerpon
|
|upkeep
|
|t:|1779558600
|switch|p2a: Moltres|Moltres|100/100
|-damage|p2a: Moltres|51/100|[from] Stealth Rock
|turn|28
|
|t:|1779558607
|move|p1a: Iron Valiant|Calm Mind|p1a: Iron Valiant
|-boost|p1a: Iron Valiant|spa|1
|-boost|p1a: Iron Valiant|spd|1
|move|p2a: Moltres|Flamethrower|p1a: Iron Valiant
|-damage|p1a: Iron Valiant|45/100
|
|upkeep
|turn|29
|
|t:|1779558613
|move|p1a: Iron Valiant|Psyshock|p2a: Moltres
|-damage|p2a: Moltres|25/100
|move|p2a: Moltres|Roar|p1a: Iron Valiant
|-end|p1a: Iron Valiant|Quark Drive|[silent]
|drag|p1a: Garganacl|Garganacl, F, tera:Steel|66/100
|-damage|p1a: Garganacl|54/100|[from] Spikes
|
|upkeep
|turn|30
|
|t:|1779558620
|switch|p1a: Bellibolt|Bellibolt, F|82/100
|-damage|p1a: Bellibolt|70/100|[from] Spikes
|move|p2a: Moltres|Flamethrower|p1a: Bellibolt
|-damage|p1a: Bellibolt|46/100
|-start|p1a: Bellibolt|Charge|Flamethrower|[from] ability: Electromorphosis
|
|-heal|p1a: Bellibolt|53/100|[from] item: Leftovers
|upkeep
|turn|31
|
|t:|1779558630
|move|p2a: Moltres|Roost|p2a: Moltres
|-heal|p2a: Moltres|75/100
|-singleturn|p2a: Moltres|move: Roost
|move|p1a: Bellibolt|Slack Off|p1a: Bellibolt
|-heal|p1a: Bellibolt|100/100
|
|upkeep
|turn|32
|
|t:|1779558637
|move|p2a: Moltres|Flamethrower|p1a: Bellibolt
|-damage|p1a: Bellibolt|75/100
|-start|p1a: Bellibolt|Charge|Flamethrower|[from] ability: Electromorphosis
|move|p1a: Bellibolt|Soak|p2a: Moltres
|-start|p2a: Moltres|typechange|Water
|
|-heal|p1a: Bellibolt|81/100|[from] item: Leftovers
|upkeep
|turn|33
|
|t:|1779558645
|move|p2a: Moltres|U-turn|p1a: Bellibolt
|-damage|p1a: Bellibolt|69/100
|-start|p1a: Bellibolt|Charge|U-turn|[from] ability: Electromorphosis
|
|t:|1779558650
|switch|p2a: Kingambit|Kingambit, F|100/100|[from] U-turn
|-damage|p2a: Kingambit|94/100|[from] Stealth Rock
|-activate|p2a: Kingambit|ability: Supreme Overlord
|-start|p2a: Kingambit|fallen4|[silent]
|move|p1a: Bellibolt|Toxic|p2a: Kingambit
|-immune|p2a: Kingambit
|
|-heal|p2a: Kingambit|100/100|[from] item: Leftovers
|-heal|p1a: Bellibolt|75/100|[from] item: Leftovers
|upkeep
|turn|34
|
|t:|1779558661
|move|p2a: Kingambit|Swords Dance|p2a: Kingambit
|-boost|p2a: Kingambit|atk|2
|move|p1a: Bellibolt|Discharge|p2a: Kingambit
|-damage|p2a: Kingambit|40/100
|-end|p1a: Bellibolt|Charge|[silent]
|
|-heal|p2a: Kingambit|46/100|[from] item: Leftovers
|-heal|p1a: Bellibolt|81/100|[from] item: Leftovers
|upkeep
|turn|35
|
|t:|1779558670
|switch|p1a: Garganacl|Garganacl, F, tera:Steel|54/100
|-damage|p1a: Garganacl|42/100|[from] Spikes
|move|p2a: Kingambit|Kowtow Cleave|p1a: Garganacl
|-damage|p1a: Garganacl|0 fnt
|faint|p1a: Garganacl
|
|-heal|p2a: Kingambit|52/100|[from] item: Leftovers
|upkeep
|
|t:|1779558672
|switch|p1a: Iron Valiant|Iron Valiant|45/100
|-damage|p1a: Iron Valiant|33/100|[from] Spikes
|turn|36
|
|t:|1779558681
|move|p2a: Kingambit|Sucker Punch|p1a: Iron Valiant
|-resisted|p1a: Iron Valiant
|-damage|p1a: Iron Valiant|0 fnt
|faint|p1a: Iron Valiant
|-end|p1a: Iron Valiant|Quark Drive|[silent]
|
|-heal|p2a: Kingambit|58/100|[from] item: Leftovers
|upkeep
|-message|bigtimebrownie forfeited.
|
|win|791erratic
|raw|bigtimebrownie's rating: 1316 &rarr; <strong>1296</strong><br />(-20 for losing)
|raw|791erratic's rating: 1311 &rarr; <strong>1331</strong><br />(+20 for winning)
|l|☆bigtimebrownie
|player|p1|
|l|☆791erratic
|player|p2|
