|j|☆BerTheBlackestOne
|j|☆PulverazingPancake
|t:|1779582881
|gametype|singles
|player|p1|BerTheBlackestOne|samsonoak|1182
|player|p2|PulverazingPancake|169|1127
|gen|9
|tier|[Gen 9] OU
|rated|
|rule|HP Percentage Mod: HP is shown in percentages
|rule|Endless Battle Clause: Forcing endless battles is banned
|rule|Species Clause: Limit one of each Pokémon
|rule|OHKO Clause: OHKO moves are banned
|rule|Evasion Items Clause: Evasion items are banned
|rule|Evasion Moves Clause: Evasion moves are banned
|rule|Evasion Abilities Clause: Evasion abilities are banned
|rule|Sleep Moves Clause: Sleep-inducing moves are banned
|clearpoke
|poke|p1|Mareanie, M|
|poke|p1|Hawlucha, M|
|poke|p1|Dudunsparce-*, F|
|poke|p1|Scream Tail|
|poke|p1|Gligar, M|
|poke|p1|Crocalor, M|
|poke|p2|Torkoal, F|
|poke|p2|Walking Wake|
|poke|p2|Fezandipiti, M|
|poke|p2|Goodra-Hisui, F|
|poke|p2|Landorus-Therian, M|
|poke|p2|Whimsicott, M|
|teampreview
|inactive|Battle timer is ON: inactive players will automatically lose when time's up. (requested by PulverazingPancake)
|inactive|BerTheBlackestOne has 120 seconds left.
|
|t:|1779582920
|teamsize|p1|6
|teamsize|p2|6
|start
|switch|p1a: Lambidinha|Gligar, M|100/100
|switch|p2a: Landorus|Landorus-Therian, M|100/100
|-ability|p2a: Landorus|Intimidate|boost
|-unboost|p1a: Lambidinha|atk|1
|turn|1
|
|t:|1779582947
|move|p2a: Landorus|U-turn|p1a: Lambidinha
|-resisted|p1a: Lambidinha
|-damage|p1a: Lambidinha|94/100
|
|t:|1779582955
|switch|p2a: Goodra|Goodra-Hisui, F|100/100|[from] U-turn
|move|p1a: Lambidinha|Knock Off|p2a: Goodra
|-damage|p2a: Goodra|89/100
|-ability|p2a: Goodra|Gooey
|-unboost|p1a: Lambidinha|spe|1
|-enditem|p2a: Goodra|Assault Vest|[from] move: Knock Off|[of] p1a: Lambidinha
|
|upkeep
|turn|2
|
|t:|1779582969
|move|p2a: Goodra|Ice Beam|p1a: Lambidinha
|-supereffective|p1a: Lambidinha
|-damage|p1a: Lambidinha|0 fnt
|faint|p1a: Lambidinha
|
|upkeep
|inactive|BerTheBlackestOne has 120 seconds left.
|
|t:|1779583013
|switch|p1a: Porradillas|Hawlucha, M, shiny|100/100
|turn|3
|
|t:|1779583017
|move|p1a: Porradillas|Close Combat|p2a: Goodra
|-supereffective|p2a: Goodra
|-damage|p2a: Goodra|0 fnt
|-unboost|p1a: Porradillas|def|1
|-unboost|p1a: Porradillas|spd|1
|-ability|p2a: Goodra|Gooey
|-unboost|p1a: Porradillas|spe|1
|faint|p2a: Goodra
|
|upkeep
|
|t:|1779583023
|switch|p2a: Landorus|Landorus-Therian, M|100/100
|-ability|p2a: Landorus|Intimidate|boost
|-unboost|p1a: Porradillas|atk|1
|turn|4
|
|t:|1779583037
|switch|p1a: Vares Prime|Mareanie, M|100/100
|move|p2a: Landorus|Stone Edge|p1a: Vares Prime|[miss]
|-miss|p2a: Landorus|p1a: Vares Prime
|
|upkeep
|turn|5
|
|t:|1779583043
|switch|p2a: Fezandipiti|Fezandipiti, M|100/100
|move|p1a: Vares Prime|Surf|p2a: Fezandipiti
|-damage|p2a: Fezandipiti|88/100
|
|upkeep
|turn|6
|inactive|BerTheBlackestOne has 120 seconds left.
|
|t:|1779583071
|move|p2a: Fezandipiti|Beat Up|p1a: Vares Prime
|-damage|p1a: Vares Prime|97/100
|-damage|p1a: Vares Prime|93/100
|-damage|p1a: Vares Prime|88/100
|-damage|p1a: Vares Prime|84/100
|-damage|p1a: Vares Prime|80/100
|-hitcount|p1a: Vares Prime|5
|move|p1a: Vares Prime|Surf|p2a: Fezandipiti
|-damage|p2a: Fezandipiti|76/100
|
|upkeep
|turn|7
|
|t:|1779583080
|move|p2a: Fezandipiti|U-turn|p1a: Vares Prime
|-resisted|p1a: Vares Prime
|-damage|p1a: Vares Prime|71/100
|
|t:|1779583084
|switch|p2a: Torkoal|Torkoal, F|100/100|[from] U-turn
|-weather|SunnyDay|[from] ability: Drought|[of] p2a: Torkoal
|move|p1a: Vares Prime|Surf|p2a: Torkoal
|-supereffective|p2a: Torkoal
|-crit|p2a: Torkoal
|-damage|p2a: Torkoal|78/100
|
|-weather|SunnyDay|[upkeep]
|upkeep
|turn|8
|inactive|BerTheBlackestOne has 120 seconds left.
|
|t:|1779583107
|move|p1a: Vares Prime|Recover|p1a: Vares Prime
|-heal|p1a: Vares Prime|100/100
|move|p2a: Torkoal|Stealth Rock|p1a: Vares Prime
|-sidestart|p1: BerTheBlackestOne|move: Stealth Rock
|
|-weather|SunnyDay|[upkeep]
|upkeep
|turn|9
|
|t:|1779583111
|move|p1a: Vares Prime|Toxic|p2a: Torkoal
|-status|p2a: Torkoal|tox
|move|p2a: Torkoal|Will-O-Wisp|p1a: Vares Prime
|-status|p1a: Vares Prime|brn
|
|-weather|SunnyDay|[upkeep]
|-damage|p2a: Torkoal|72/100 tox|[from] psn
|-damage|p1a: Vares Prime|94/100 brn|[from] brn
|upkeep
|turn|10
|
|t:|1779583115
|switch|p2a: Fezandipiti|Fezandipiti, M|76/100
|move|p1a: Vares Prime|Surf|p2a: Fezandipiti
|-damage|p2a: Fezandipiti|70/100
|
|-weather|SunnyDay|[upkeep]
|-damage|p1a: Vares Prime|88/100 brn|[from] brn
|upkeep
|turn|11
|
|t:|1779583119
|move|p2a: Fezandipiti|U-turn|p1a: Vares Prime
|-resisted|p1a: Vares Prime
|-damage|p1a: Vares Prime|78/100 brn
|
|t:|1779583123
|switch|p2a: Whimsicott|Whimsicott, M|100/100|[from] U-turn
|move|p1a: Vares Prime|Surf|p2a: Whimsicott
|-resisted|p2a: Whimsicott
|-damage|p2a: Whimsicott|94/100
|
|-weather|SunnyDay|[upkeep]
|-damage|p1a: Vares Prime|72/100 brn|[from] brn
|upkeep
|turn|12
|
|t:|1779583138
|move|p2a: Whimsicott|Psychic|p1a: Vares Prime
|-supereffective|p1a: Vares Prime
|-damage|p1a: Vares Prime|5/100 brn
|move|p1a: Vares Prime|Toxic|p2a: Whimsicott
|-status|p2a: Whimsicott|tox
|
|-weather|SunnyDay|[upkeep]
|-damage|p2a: Whimsicott|87/100 tox|[from] psn
|-damage|p1a: Vares Prime|0 fnt|[from] brn
|faint|p1a: Vares Prime
|upkeep
|inactive|BerTheBlackestOne has 120 seconds left.
|
|t:|1779583187
|switch|p1a: LindinhoDeMais|Dudunsparce, F|100/100
|-damage|p1a: LindinhoDeMais|88/100|[from] Stealth Rock
|turn|13
|inactive|BerTheBlackestOne has 90 seconds left.
|
|t:|1779583203
|switch|p2a: Fezandipiti|Fezandipiti, M|70/100
|move|p1a: LindinhoDeMais|Coil|p1a: LindinhoDeMais
|-boost|p1a: LindinhoDeMais|atk|1
|-boost|p1a: LindinhoDeMais|def|1
|-boost|p1a: LindinhoDeMais|accuracy|1
|
|-weather|SunnyDay|[upkeep]
|-heal|p1a: LindinhoDeMais|94/100|[from] item: Leftovers
|upkeep
|turn|14
|inactive|BerTheBlackestOne has 90 seconds left.
|
|t:|1779583224
|move|p2a: Fezandipiti|Beat Up|p1a: LindinhoDeMais
|-damage|p1a: LindinhoDeMais|92/100
|-damage|p1a: LindinhoDeMais|89/100
|-status|p1a: LindinhoDeMais|tox|[from] ability: Toxic Chain|[of] p2a: Fezandipiti
|-damage|p1a: LindinhoDeMais|86/100 tox
|-hitcount|p1a: LindinhoDeMais|3
|move|p1a: LindinhoDeMais|Coil|p1a: LindinhoDeMais
|-boost|p1a: LindinhoDeMais|atk|1
|-boost|p1a: LindinhoDeMais|def|1
|-boost|p1a: LindinhoDeMais|accuracy|1
|
|-weather|none
|-heal|p1a: LindinhoDeMais|92/100 tox|[from] item: Leftovers
|-damage|p1a: LindinhoDeMais|86/100 tox|[from] psn
|upkeep
|turn|15
|
|t:|1779583232
|move|p2a: Fezandipiti|Moonblast|p1a: LindinhoDeMais
|-damage|p1a: LindinhoDeMais|69/100 tox
|move|p1a: LindinhoDeMais|Body Slam|p2a: Fezandipiti
|-damage|p2a: Fezandipiti|7/100
|-status|p2a: Fezandipiti|par
|
|-heal|p1a: LindinhoDeMais|75/100 tox|[from] item: Leftovers
|-damage|p1a: LindinhoDeMais|63/100 tox|[from] psn
|upkeep
|turn|16
|
|t:|1779583241
|move|p1a: LindinhoDeMais|Roost|p1a: LindinhoDeMais
|-heal|p1a: LindinhoDeMais|100/100 tox
|-singleturn|p1a: LindinhoDeMais|move: Roost
|move|p2a: Fezandipiti|Roost|p2a: Fezandipiti
|-heal|p2a: Fezandipiti|57/100 par
|-singleturn|p2a: Fezandipiti|move: Roost
|
|-damage|p1a: LindinhoDeMais|82/100 tox|[from] psn
|upkeep
|turn|17
|
|t:|1779583249
|move|p1a: LindinhoDeMais|Body Slam|p2a: Fezandipiti
|-damage|p2a: Fezandipiti|0 fnt
|faint|p2a: Fezandipiti
|
|-heal|p1a: LindinhoDeMais|88/100 tox|[from] item: Leftovers
|-damage|p1a: LindinhoDeMais|63/100 tox|[from] psn
|upkeep
|
|t:|1779583255
|switch|p2a: Landorus|Landorus-Therian, M|100/100
|-ability|p2a: Landorus|Intimidate|boost
|-unboost|p1a: LindinhoDeMais|atk|1
|turn|18
|
|t:|1779583260
|move|p2a: Landorus|Stone Edge|p1a: LindinhoDeMais|[miss]
|-miss|p2a: Landorus|p1a: LindinhoDeMais
|move|p1a: LindinhoDeMais|Body Slam|p2a: Landorus
|-damage|p2a: Landorus|51/100
|-status|p2a: Landorus|par
|
|-heal|p1a: LindinhoDeMais|70/100 tox|[from] item: Leftovers
|-damage|p1a: LindinhoDeMais|39/100 tox|[from] psn
|upkeep
|turn|19
|
|t:|1779583263
|move|p2a: Landorus|Stone Edge|p1a: LindinhoDeMais|[miss]
|-miss|p2a: Landorus|p1a: LindinhoDeMais
|move|p1a: LindinhoDeMais|Body Slam|p2a: Landorus
|-damage|p2a: Landorus|0 fnt
|faint|p2a: Landorus
|
|-heal|p1a: LindinhoDeMais|45/100 tox|[from] item: Leftovers
|-damage|p1a: LindinhoDeMais|8/100 tox|[from] psn
|upkeep
|
|t:|1779583270
|switch|p2a: Torkoal|Torkoal, F|72/100 tox
|-weather|SunnyDay|[from] ability: Drought|[of] p2a: Torkoal
|turn|20
|inactive|BerTheBlackestOne has 120 seconds left.
|inactive|BerTheBlackestOne has 90 seconds left.
|
|t:|1779583343
|move|p1a: LindinhoDeMais|Body Slam|p2a: Torkoal
|-damage|p2a: Torkoal|38/100 tox
|move|p2a: Torkoal|Rest|p2a: Torkoal
|-status|p2a: Torkoal|slp|[from] move: Rest
|-heal|p2a: Torkoal|100/100 slp|[silent]
|
|-weather|SunnyDay|[upkeep]
|-heal|p1a: LindinhoDeMais|14/100 tox|[from] item: Leftovers
|-damage|p1a: LindinhoDeMais|0 fnt|[from] psn
|faint|p1a: LindinhoDeMais
|upkeep
|
|t:|1779583348
|switch|p1a: Porradillas|Hawlucha, M, shiny|100/100
|-damage|p1a: Porradillas|88/100|[from] Stealth Rock
|turn|21
|
|t:|1779583373
|move|p1a: Porradillas|Acrobatics|p2a: Torkoal
|-damage|p2a: Torkoal|82/100 slp
|cant|p2a: Torkoal|slp
|
|-weather|SunnyDay|[upkeep]
|upkeep
|turn|22
|
|t:|1779583377
|move|p1a: Porradillas|Swords Dance|p1a: Porradillas
|-boost|p1a: Porradillas|atk|2
|cant|p2a: Torkoal|slp
|
|-weather|SunnyDay|[upkeep]
|upkeep
|turn|23
|inactive|BerTheBlackestOne has 90 seconds left.
|
|t:|1779583389
|move|p1a: Porradillas|Encore|p2a: Torkoal
|-start|p2a: Torkoal|Encore
|-curestatus|p2a: Torkoal|slp|[msg]
|move|p2a: Torkoal|Rest|p2a: Torkoal
|-status|p2a: Torkoal|slp|[from] move: Rest
|-heal|p2a: Torkoal|100/100 slp|[silent]
|
|-weather|SunnyDay|[upkeep]
|upkeep
|turn|24
|inactive|BerTheBlackestOne has 90 seconds left.
|
|t:|1779583422
|switch|p2a: Whimsicott|Whimsicott, M|87/100 tox
|move|p1a: Porradillas|Acrobatics|p2a: Whimsicott
|-supereffective|p2a: Whimsicott
|-damage|p2a: Whimsicott|0 fnt
|faint|p2a: Whimsicott
|
|-weather|SunnyDay|[upkeep]
|upkeep
|
|t:|1779583426
|switch|p2a: Walking Wake|Walking Wake|100/100
|-activate|p2a: Walking Wake|ability: Protosynthesis
|-start|p2a: Walking Wake|protosynthesisspa
|turn|25
|inactive|BerTheBlackestOne has 60 seconds left.
|inactive|BerTheBlackestOne has 30 seconds left.
|
|t:|1779583485
|switch|p1a: Quesadillas|Crocalor, M|100/100
|-damage|p1a: Quesadillas|76/100|[from] Stealth Rock
|-terastallize|p2a: Walking Wake|Fairy
|move|p2a: Walking Wake|Hydro Steam|p1a: Quesadillas
|-supereffective|p1a: Quesadillas
|-damage|p1a: Quesadillas|0 fnt
|faint|p1a: Quesadillas
|-damage|p2a: Walking Wake|91/100|[from] item: Life Orb
|
|-weather|SunnyDay|[upkeep]
|upkeep
|inactive|BerTheBlackestOne has 30 seconds left this turn.
|inactive|BerTheBlackestOne has 20 seconds left.
|
|t:|1779583498
|switch|p1a: AAAAAAAAAAA|Scream Tail|100/100
|-damage|p1a: AAAAAAAAAAA|88/100|[from] Stealth Rock
|-activate|p1a: AAAAAAAAAAA|ability: Protosynthesis
|-start|p1a: AAAAAAAAAAA|protosynthesisspe
|turn|26
|inactive|BerTheBlackestOne has 30 seconds left this turn.
|
|t:|1779583513
|move|p1a: AAAAAAAAAAA|Protect|p1a: AAAAAAAAAAA
|-singleturn|p1a: AAAAAAAAAAA|Protect
|move|p2a: Walking Wake|Knock Off|p1a: AAAAAAAAAAA
|-activate|p1a: AAAAAAAAAAA|move: Protect
|
|-weather|SunnyDay|[upkeep]
|-heal|p1a: AAAAAAAAAAA|94/100|[from] item: Leftovers
|upkeep
|turn|27
|inactive|BerTheBlackestOne has 30 seconds left.
|
|t:|1779583520
|-end|p2a: Walking Wake|Protosynthesis|[silent]
|switch|p2a: Torkoal|Torkoal, F|100/100 slp
|move|p1a: AAAAAAAAAAA|Encore||[still]
|-fail|p1a: AAAAAAAAAAA
|
|-weather|none
|-end|p1a: AAAAAAAAAAA|Protosynthesis
|-heal|p1a: AAAAAAAAAAA|100/100|[from] item: Leftovers
|upkeep
|turn|28
|inactive|BerTheBlackestOne has 30 seconds left.
|inactive|BerTheBlackestOne has 20 seconds left.
|inactive|BerTheBlackestOne has 15 seconds left.
|inactive|BerTheBlackestOne has 10 seconds left.
|
|t:|1779583551
|-end|p1a: AAAAAAAAAAA|Protosynthesis|[silent]
|switch|p1a: Porradillas|Hawlucha, M, shiny|88/100
|-damage|p1a: Porradillas|76/100|[from] Stealth Rock
|cant|p2a: Torkoal|slp
|
|upkeep
|turn|29
|inactive|BerTheBlackestOne has 20 seconds left this turn.
|inactive|BerTheBlackestOne has 15 seconds left.
|
|t:|1779583558
|move|p1a: Porradillas|Swords Dance|p1a: Porradillas
|-boost|p1a: Porradillas|atk|2
|cant|p2a: Torkoal|slp
|
|upkeep
|turn|30
|inactive|BerTheBlackestOne has 25 seconds left this turn.
|inactive|BerTheBlackestOne has 20 seconds left.
|
|t:|1779583564
|move|p1a: Porradillas|Close Combat|p2a: Torkoal
|-damage|p2a: Torkoal|14/100 slp
|-unboost|p1a: Porradillas|def|1
|-unboost|p1a: Porradillas|spd|1
|-curestatus|p2a: Torkoal|slp|[msg]
|move|p2a: Torkoal|Will-O-Wisp|p1a: Porradillas|[miss]
|-miss|p2a: Torkoal|p1a: Porradillas
|
|upkeep
|turn|31
|inactive|BerTheBlackestOne has 30 seconds left this turn.
|
|t:|1779583573
|switch|p2a: Walking Wake|Walking Wake, tera:Fairy|91/100
|move|p1a: Porradillas|Acrobatics|p2a: Walking Wake
|-damage|p2a: Walking Wake|33/100
|
|upkeep
|turn|32
|inactive|BerTheBlackestOne has 30 seconds left.
|inactive|BerTheBlackestOne has 20 seconds left.
|inactive|BerTheBlackestOne has 15 seconds left.
|inactive|BerTheBlackestOne has 10 seconds left.
|inactive|BerTheBlackestOne has 5 seconds left.
|
|t:|1779583604
|-end|p2a: Walking Wake|Protosynthesis|[silent]
|switch|p2a: Torkoal|Torkoal, F|14/100
|-weather|SunnyDay|[from] ability: Drought|[of] p2a: Torkoal
|switch|p1a: AAAAAAAAAAA|Scream Tail|100/100
|-damage|p1a: AAAAAAAAAAA|88/100|[from] Stealth Rock
|-activate|p1a: AAAAAAAAAAA|ability: Protosynthesis
|-start|p1a: AAAAAAAAAAA|protosynthesisspe
|
|-weather|SunnyDay|[upkeep]
|-heal|p1a: AAAAAAAAAAA|94/100|[from] item: Leftovers
|upkeep
|turn|33
|inactive|BerTheBlackestOne has 15 seconds left this turn.
|inactive|BerTheBlackestOne has 10 seconds left.
|
|t:|1779583613
|move|p1a: AAAAAAAAAAA|Dazzling Gleam|p2a: Torkoal
|-resisted|p2a: Torkoal
|-damage|p2a: Torkoal|6/100
|move|p2a: Torkoal|Rest|p2a: Torkoal
|-status|p2a: Torkoal|slp|[from] move: Rest
|-heal|p2a: Torkoal|100/100 slp|[silent]
|
|-weather|SunnyDay|[upkeep]
|-heal|p1a: AAAAAAAAAAA|100/100|[from] item: Leftovers
|upkeep
|turn|34
|inactive|BerTheBlackestOne has 20 seconds left this turn.
|
|t:|1779583618
|-end|p1a: AAAAAAAAAAA|Protosynthesis|[silent]
|switch|p1a: Porradillas|Hawlucha, M, shiny|76/100
|-damage|p1a: Porradillas|63/100|[from] Stealth Rock
|switch|p2a: Walking Wake|Walking Wake, tera:Fairy|33/100
|-activate|p2a: Walking Wake|ability: Protosynthesis
|-start|p2a: Walking Wake|protosynthesisspa
|
|-weather|SunnyDay|[upkeep]
|upkeep
|turn|35
|inactive|BerTheBlackestOne has 30 seconds left this turn.
|
|t:|1779583626
|switch|p1a: AAAAAAAAAAA|Scream Tail|100/100
|-damage|p1a: AAAAAAAAAAA|88/100|[from] Stealth Rock
|-activate|p1a: AAAAAAAAAAA|ability: Protosynthesis
|-start|p1a: AAAAAAAAAAA|protosynthesisspe
|move|p2a: Walking Wake|Hydro Steam|p1a: AAAAAAAAAAA
|-damage|p1a: AAAAAAAAAAA|19/100
|-damage|p2a: Walking Wake|24/100|[from] item: Life Orb
|
|-weather|SunnyDay|[upkeep]
|-heal|p1a: AAAAAAAAAAA|25/100|[from] item: Leftovers
|upkeep
|turn|36
|inactive|BerTheBlackestOne has 30 seconds left.
|
|t:|1779583644
|move|p1a: AAAAAAAAAAA|Protect|p1a: AAAAAAAAAAA
|-singleturn|p1a: AAAAAAAAAAA|Protect
|move|p2a: Walking Wake|Flamethrower|p1a: AAAAAAAAAAA
|-activate|p1a: AAAAAAAAAAA|move: Protect
|
|-weather|SunnyDay|[upkeep]
|-heal|p1a: AAAAAAAAAAA|31/100|[from] item: Leftovers
|upkeep
|turn|37
|
|t:|1779583653
|move|p1a: AAAAAAAAAAA|Dazzling Gleam|p2a: Walking Wake
|-damage|p2a: Walking Wake|0 fnt
|faint|p2a: Walking Wake
|-end|p2a: Walking Wake|Protosynthesis|[silent]
|
|-weather|SunnyDay|[upkeep]
|-heal|p1a: AAAAAAAAAAA|38/100|[from] item: Leftovers
|upkeep
|
|t:|1779583655
|switch|p2a: Torkoal|Torkoal, F|100/100 slp
|turn|38
|-message|PulverazingPancake forfeited.
|
|win|BerTheBlackestOne
|raw|BerTheBlackestOne's rating: 1182 &rarr; <strong>1203</strong><br />(+21 for winning)
|raw|PulverazingPancake's rating: 1127 &rarr; <strong>1106</strong><br />(-21 for losing)
|l|☆PulverazingPancake
|player|p2|
|l|☆BerTheBlackestOne
|player|p1|
