|j|☆DottyCo
|j|☆cubemotivation
|t:|1779572684
|gametype|singles
|player|p1|DottyCo|102|1123
|player|p2|cubemotivation|169|1093
|gen|9
|tier|[Gen 9] OU
|rated|
|rule|HP Percentage Mod: HP is shown in percentages
|rule|Endless Battle Clause: Forcing endless battles is banned
|rule|Species Clause: Limit one of each Pokémon
|rule|OHKO Clause: OHKO moves are banned
|rule|Evasion Items Clause: Evasion items are banned
|rule|Evasion Moves Clause: Evasion moves are banned
|rule|Evasion Abilities Clause: Evasion abilities are banned
|rule|Sleep Moves Clause: Sleep-inducing moves are banned
|clearpoke
|poke|p1|Weezing-Galar, F|
|poke|p1|Serperior, M|
|poke|p1|Tornadus-Therian, M|
|poke|p1|Darkrai|
|poke|p1|Great Tusk|
|poke|p1|Kingambit, F|
|poke|p2|Slither Wing|
|poke|p2|Glimmora, F|
|poke|p2|Pecharunt|
|poke|p2|Porygon-Z|
|poke|p2|Duraludon, M|
|poke|p2|Haxorus, F|
|teampreview
|inactive|Battle timer is ON: inactive players will automatically lose when time's up. (requested by cubemotivation)
|
|t:|1779572703
|teamsize|p1|6
|teamsize|p2|6
|start
|switch|p1a: Great Tusk|Great Tusk|100/100
|switch|p2a: Runt|Pecharunt|100/100
|turn|1
|
|t:|1779572712
|-end|p1a: Great Tusk|Protosynthesis|[silent]
|switch|p1a: Kingambit|Kingambit, F|100/100
|move|p2a: Runt|Protect||[still]
|-fail|p2a: Runt
|
|upkeep
|turn|2
|
|t:|1779572723
|switch|p2a: Dusty|Slither Wing, shiny|100/100
|-enditem|p2a: Dusty|Booster Energy
|-activate|p2a: Dusty|ability: Protosynthesis|[fromitem]
|-start|p2a: Dusty|protosynthesisatk
|move|p1a: Kingambit|Swords Dance|p1a: Kingambit
|-boost|p1a: Kingambit|atk|2
|
|upkeep
|turn|3
|inactive|DottyCo has 120 seconds left.
|
|t:|1779572753
|-terastallize|p1a: Kingambit|Fairy
|move|p2a: Dusty|Flame Charge|p1a: Kingambit
|-damage|p1a: Kingambit|84/100
|-boost|p2a: Dusty|spe|1
|move|p1a: Kingambit|Swords Dance|p1a: Kingambit
|-boost|p1a: Kingambit|atk|2
|
|-heal|p1a: Kingambit|91/100|[from] item: Leftovers
|upkeep
|turn|4
|
|t:|1779572766
|move|p2a: Dusty|Protect|p2a: Dusty
|-singleturn|p2a: Dusty|Protect
|move|p1a: Kingambit|Swords Dance|p1a: Kingambit
|-boost|p1a: Kingambit|atk|2
|
|-heal|p1a: Kingambit|97/100|[from] item: Leftovers
|upkeep
|turn|5
|
|t:|1779572779
|-end|p2a: Dusty|Protosynthesis|[silent]
|switch|p2a: Shiny|Glimmora, F, shiny|100/100
|-item|p2a: Shiny|Air Balloon
|move|p1a: Kingambit|X-Scissor|p2a: Shiny
|-resisted|p2a: Shiny
|-damage|p2a: Shiny|35/100
|-activate|p2a: Shiny|ability: Toxic Debris
|-sidestart|p1: DottyCo|move: Toxic Spikes
|-enditem|p2a: Shiny|Air Balloon
|
|-heal|p1a: Kingambit|100/100|[from] item: Leftovers
|upkeep
|turn|6
|inactive|DottyCo has 120 seconds left.
|
|t:|1779572795
|move|p2a: Shiny|Spiky Shield|p2a: Shiny
|-singleturn|p2a: Shiny|move: Protect
|move|p1a: Kingambit|Kowtow Cleave|p2a: Shiny
|-activate|p2a: Shiny|move: Protect
|-damage|p1a: Kingambit|88/100|[from] Spiky Shield|[of] p2a: Shiny
|
|-heal|p1a: Kingambit|94/100|[from] item: Leftovers
|upkeep
|turn|7
|
|t:|1779572812
|move|p2a: Shiny|Stealth Rock|p1a: Kingambit
|-sidestart|p1: DottyCo|move: Stealth Rock
|move|p1a: Kingambit|Kowtow Cleave|p2a: Shiny
|-damage|p2a: Shiny|0 fnt
|-activate|p2a: Shiny|ability: Toxic Debris
|-sidestart|p1: DottyCo|move: Toxic Spikes
|faint|p2a: Shiny
|
|-heal|p1a: Kingambit|100/100|[from] item: Leftovers
|upkeep
|
|t:|1779572819
|switch|p2a: Haxorus|Haxorus, F, shiny|100/100
|-ability|p2a: Haxorus|Mold Breaker
|turn|8
|
|t:|1779572825
|move|p1a: Kingambit|Sucker Punch|p2a: Haxorus
|-damage|p2a: Haxorus|0 fnt
|faint|p2a: Haxorus
|
|upkeep
|
|t:|1779572833
|switch|p2a: Nuke|Porygon-Z, shiny|100/100
|turn|9
|
|t:|1779572845
|move|p2a: Nuke|Hyper Beam|p1a: Kingambit
|-damage|p1a: Kingambit|0 fnt
|-mustrecharge|p2a: Nuke
|faint|p1a: Kingambit
|-end|p1a: Kingambit|fallenundefined|[silent]
|
|upkeep
|
|t:|1779572853
|switch|p1a: Darkrai|Darkrai|100/100
|-status|p1a: Darkrai|tox
|-damage|p1a: Darkrai|88/100 tox|[from] Stealth Rock
|turn|10
|
|t:|1779572858
|cant|p2a: Nuke|recharge
|move|p1a: Darkrai|Focus Blast|p2a: Nuke|[miss]
|-miss|p1a: Darkrai|p2a: Nuke
|
|-damage|p1a: Darkrai|82/100 tox|[from] psn
|upkeep
|turn|11
|
|t:|1779572864
|move|p2a: Nuke|Hyper Beam|p1a: Darkrai
|-damage|p1a: Darkrai|0 fnt
|-mustrecharge|p2a: Nuke
|faint|p1a: Darkrai
|
|upkeep
|
|t:|1779572887
|switch|p1a: Serperior|Serperior, M|100/100
|-status|p1a: Serperior|tox
|-damage|p1a: Serperior|88/100 tox|[from] Stealth Rock
|turn|12
|
|t:|1779572899
|cant|p2a: Nuke|recharge
|move|p1a: Serperior|Leaf Storm|p2a: Nuke
|-damage|p2a: Nuke|37/100
|-boost|p1a: Serperior|spa|2
|
|-damage|p1a: Serperior|82/100 tox|[from] psn
|upkeep
|turn|13
|
|t:|1779572912
|move|p2a: Nuke|Hyper Beam|p1a: Serperior
|-damage|p1a: Serperior|0 fnt
|-mustrecharge|p2a: Nuke
|faint|p1a: Serperior
|
|upkeep
|c|☆DottyCo|is that choice scarf
|c|☆DottyCo|that's kinda good omg
|inactive|DottyCo has 120 seconds left.
|c|☆DottyCo|i am stealing
|
|t:|1779572938
|switch|p1a: Great Tusk|Great Tusk|100/100
|-status|p1a: Great Tusk|tox
|-damage|p1a: Great Tusk|98/100 tox|[from] Stealth Rock
|turn|14
|c|☆cubemotivation|Yeah it's scarf
|
|t:|1779572948
|cant|p2a: Nuke|recharge
|move|p1a: Great Tusk|Headlong Rush|p2a: Nuke
|-damage|p2a: Nuke|0 fnt
|-unboost|p1a: Great Tusk|def|1
|-unboost|p1a: Great Tusk|spd|1
|faint|p2a: Nuke
|
|-damage|p1a: Great Tusk|91/100 tox|[from] psn
|upkeep
|
|t:|1779572965
|switch|p2a: Runt|Pecharunt|100/100
|turn|15
|
|t:|1779572972
|move|p2a: Runt|Protect|p2a: Runt
|-singleturn|p2a: Runt|Protect
|move|p1a: Great Tusk|Headlong Rush|p2a: Runt
|-activate|p2a: Runt|move: Protect
|
|-damage|p1a: Great Tusk|79/100 tox|[from] psn
|upkeep
|turn|16
|
|t:|1779572983
|move|p1a: Great Tusk|Headlong Rush|p2a: Runt
|-supereffective|p2a: Runt
|-damage|p2a: Runt|44/100
|-unboost|p1a: Great Tusk|def|1
|-unboost|p1a: Great Tusk|spd|1
|move|p2a: Runt|Parting Shot|p1a: Great Tusk
|-unboost|p1a: Great Tusk|atk|1
|-unboost|p1a: Great Tusk|spa|1
|
|t:|1779572990
|switch|p2a: Mini-THE WALL|Duraludon, M, shiny|100/100|[from] Parting Shot
|
|-damage|p1a: Great Tusk|60/100 tox|[from] psn
|upkeep
|turn|17
|
|t:|1779573004
|-terastallize|p2a: Mini-THE WALL|Fighting
|move|p1a: Great Tusk|Headlong Rush|p2a: Mini-THE WALL
|-damage|p2a: Mini-THE WALL|80/100
|-unboost|p1a: Great Tusk|def|1
|-unboost|p1a: Great Tusk|spd|1
|move|p2a: Mini-THE WALL|Iron Defense|p2a: Mini-THE WALL
|-boost|p2a: Mini-THE WALL|def|2
|
|-damage|p1a: Great Tusk|35/100 tox|[from] psn
|upkeep
|turn|18
|
|t:|1779573017
|-end|p1a: Great Tusk|Protosynthesis|[silent]
|switch|p1a: Weezing|Weezing-Galar, F|100/100
|-ability|p1a: Weezing|Neutralizing Gas
|-sideend|p1: DottyCo|move: Toxic Spikes|[of] p1a: Weezing
|-damage|p1a: Weezing|88/100|[from] Stealth Rock
|move|p2a: Mini-THE WALL|Iron Defense|p2a: Mini-THE WALL
|-boost|p2a: Mini-THE WALL|def|2
|
|upkeep
|turn|19
|
|t:|1779573027
|move|p2a: Mini-THE WALL|Flash Cannon|p1a: Weezing
|-supereffective|p1a: Weezing
|-damage|p1a: Weezing|7/100
|-enditem|p1a: Weezing|Sitrus Berry|[eat]
|-heal|p1a: Weezing|32/100|[from] item: Sitrus Berry
|move|p1a: Weezing|Dazzling Gleam|p2a: Mini-THE WALL
|-supereffective|p2a: Mini-THE WALL
|-damage|p2a: Mini-THE WALL|17/100
|
|upkeep
|turn|20
|inactive|DottyCo has 120 seconds left.
|
|t:|1779573058
|move|p2a: Mini-THE WALL|Flash Cannon|p1a: Weezing
|-supereffective|p1a: Weezing
|-damage|p1a: Weezing|0 fnt
|faint|p1a: Weezing
|-end|p1a: Weezing|ability: Neutralizing Gas
|
|upkeep
|
|t:|1779573063
|switch|p1a: Tornadus|Tornadus-Therian, M|100/100
|-damage|p1a: Tornadus|76/100|[from] Stealth Rock
|turn|21
|
|t:|1779573073
|move|p1a: Tornadus|Bleakwind Storm|p2a: Mini-THE WALL
|-supereffective|p2a: Mini-THE WALL
|-damage|p2a: Mini-THE WALL|0 fnt
|faint|p2a: Mini-THE WALL
|
|upkeep
|
|t:|1779573078
|switch|p2a: Runt|Pecharunt|44/100
|turn|22
|
|t:|1779573085
|move|p1a: Tornadus|Knock Off|p2a: Runt
|-supereffective|p2a: Runt
|-damage|p2a: Runt|20/100
|-enditem|p2a: Runt|Leftovers|[from] move: Knock Off|[of] p1a: Tornadus
|move|p2a: Runt|Recover|p2a: Runt
|-heal|p2a: Runt|70/100
|
|upkeep
|turn|23
|
|t:|1779573095
|move|p1a: Tornadus|U-turn|p2a: Runt
|-resisted|p2a: Runt
|-damage|p2a: Runt|68/100
|
|t:|1779573098
|switch|p1a: Great Tusk|Great Tusk|35/100 tox|[from] U-turn
|-damage|p1a: Great Tusk|32/100 tox|[from] Stealth Rock
|move|p2a: Runt|Recover|p2a: Runt
|-heal|p2a: Runt|100/100
|
|-damage|p1a: Great Tusk|26/100 tox|[from] psn
|upkeep
|turn|24
|
|t:|1779573110
|move|p2a: Runt|Protect|p2a: Runt
|-singleturn|p2a: Runt|Protect
|move|p1a: Great Tusk|Rapid Spin|p2a: Runt
|-activate|p2a: Runt|move: Protect
|
|-damage|p1a: Great Tusk|14/100 tox|[from] psn
|upkeep
|turn|25
|
|t:|1779573127
|move|p1a: Great Tusk|Headlong Rush|p2a: Runt
|-supereffective|p2a: Runt
|-damage|p2a: Runt|38/100
|-unboost|p1a: Great Tusk|def|1
|-unboost|p1a: Great Tusk|spd|1
|move|p2a: Runt|Malignant Chain|p1a: Great Tusk
|-resisted|p1a: Great Tusk
|-damage|p1a: Great Tusk|0 fnt
|faint|p1a: Great Tusk
|-end|p1a: Great Tusk|Protosynthesis|[silent]
|
|upkeep
|
|t:|1779573137
|switch|p1a: Tornadus|Tornadus-Therian, M|100/100
|-damage|p1a: Tornadus|76/100|[from] Stealth Rock
|turn|26
|
|t:|1779573148
|move|p1a: Tornadus|Bleakwind Storm|p2a: Runt
|-damage|p2a: Runt|3/100
|-unboost|p2a: Runt|spe|1
|move|p2a: Runt|Recover|p2a: Runt
|-heal|p2a: Runt|53/100
|
|upkeep
|turn|27
|
|t:|1779573155
|move|p1a: Tornadus|Bleakwind Storm|p2a: Runt
|-damage|p2a: Runt|17/100
|move|p2a: Runt|Recover|p2a: Runt
|-heal|p2a: Runt|67/100
|
|upkeep
|turn|28
|
|t:|1779573163
|move|p1a: Tornadus|Heat Wave|p2a: Runt
|-crit|p2a: Runt
|-damage|p2a: Runt|35/100
|move|p2a: Runt|Recover|p2a: Runt
|-heal|p2a: Runt|85/100
|
|upkeep
|turn|29
|
|t:|1779573169
|move|p1a: Tornadus|Heat Wave|p2a: Runt
|-damage|p2a: Runt|62/100
|move|p2a: Runt|Malignant Chain|p1a: Tornadus
|-damage|p1a: Tornadus|55/100
|-status|p1a: Tornadus|tox
|-start|p1a: Tornadus|confusion|[from] ability: Poison Puppeteer|[of] p2a: Runt
|
|-damage|p1a: Tornadus|49/100 tox|[from] psn
|upkeep
|turn|30
|-message|DottyCo forfeited.
|
|win|cubemotivation
|raw|DottyCo's rating: 1123 &rarr; <strong>1096</strong><br />(-27 for losing)
|raw|cubemotivation's rating: 1093 &rarr; <strong>1121</strong><br />(+28 for winning)
|l|☆DottyCo
|player|p1|
|c|☆cubemotivation|Gg
|l|☆cubemotivation
|player|p2|
