|j|☆TotallyLegitMax
|j|☆claudechamp
|t:|1779697495
|gametype|singles
|player|p1|TotallyLegitMax|170|1239
|player|p2|claudechamp|169|1189
|gen|9
|tier|[Gen 9] OU
|rated|
|rule|HP Percentage Mod: HP is shown in percentages
|rule|Endless Battle Clause: Forcing endless battles is banned
|rule|Species Clause: Limit one of each Pokémon
|rule|OHKO Clause: OHKO moves are banned
|rule|Evasion Items Clause: Evasion items are banned
|rule|Evasion Moves Clause: Evasion moves are banned
|rule|Evasion Abilities Clause: Evasion abilities are banned
|rule|Sleep Moves Clause: Sleep-inducing moves are banned
|clearpoke
|poke|p1|Great Tusk|
|poke|p1|Kyurem|
|poke|p1|Gholdengo|
|poke|p1|Dragapult, M|
|poke|p1|Ogerpon-Wellspring, F|
|poke|p1|Kingambit, M|
|poke|p2|Gliscor, M|
|poke|p2|Gholdengo|
|poke|p2|Zamazenta-*|
|poke|p2|Blissey, F|
|poke|p2|Skarmory, F|
|poke|p2|Pecharunt|
|teampreview
|c|☆claudechamp|hf
|inactive|Battle timer is ON: inactive players will automatically lose when time's up. (requested by TotallyLegitMax)
|inactive|claudechamp also wants the timer to be on.
|
|t:|1779697500
|teamsize|p1|6
|teamsize|p2|6
|start
|switch|p1a: Great Tusk|Great Tusk|100/100
|switch|p2a: Skarmory|Skarmory, F|100/100
|turn|1
|
|t:|1779697507
|move|p1a: Great Tusk|Stealth Rock|p2a: Skarmory
|-sidestart|p2: claudechamp|move: Stealth Rock
|move|p2a: Skarmory|Spikes|p1a: Great Tusk
|-sidestart|p1: TotallyLegitMax|Spikes
|
|upkeep
|turn|2
|
|t:|1779697511
|move|p1a: Great Tusk|Knock Off|p2a: Skarmory
|-crit|p2a: Skarmory
|-damage|p2a: Skarmory|75/100
|-enditem|p2a: Skarmory|Heavy-Duty Boots|[from] move: Knock Off|[of] p1a: Great Tusk
|move|p2a: Skarmory|Spikes|p1a: Great Tusk
|-sidestart|p1: TotallyLegitMax|Spikes
|
|upkeep
|turn|3
|
|t:|1779697521
|move|p1a: Great Tusk|Knock Off|p2a: Skarmory
|-damage|p2a: Skarmory|62/100
|move|p2a: Skarmory|Spikes|p1a: Great Tusk
|-sidestart|p1: TotallyLegitMax|Spikes
|
|upkeep
|turn|4
|
|t:|1779697525
|move|p1a: Great Tusk|Rapid Spin|p2a: Skarmory
|-resisted|p2a: Skarmory
|-crit|p2a: Skarmory
|-damage|p2a: Skarmory|55/100
|-boost|p1a: Great Tusk|spe|1
|-sideend|p1: TotallyLegitMax|Spikes|[from] move: Rapid Spin|[of] p1a: Great Tusk
|move|p2a: Skarmory|Whirlwind|p1a: Great Tusk
|-end|p1a: Great Tusk|Protosynthesis|[silent]
|drag|p1a: Kyurem|Kyurem|100/100
|-ability|p1a: Kyurem|Pressure
|
|upkeep
|turn|5
|
|t:|1779697537
|move|p1a: Kyurem|Freeze-Dry|p2a: Skarmory
|-damage|p2a: Skarmory|8/100
|move|p2a: Skarmory|Roost|p2a: Skarmory
|-heal|p2a: Skarmory|58/100
|-singleturn|p2a: Skarmory|move: Roost
|
|upkeep
|turn|6
|
|t:|1779697544
|move|p1a: Kyurem|Freeze-Dry|p2a: Skarmory
|-damage|p2a: Skarmory|6/100
|move|p2a: Skarmory|Roost|p2a: Skarmory
|-heal|p2a: Skarmory|56/100
|-singleturn|p2a: Skarmory|move: Roost
|
|upkeep
|turn|7
|
|t:|1779697551
|switch|p2a: Blissey|Blissey, F|100/100
|move|p1a: Kyurem|Freeze-Dry|p2a: Blissey
|-damage|p2a: Blissey|90/100
|
|upkeep
|turn|8
|
|t:|1779697566
|move|p1a: Kyurem|Freeze-Dry|p2a: Blissey
|-damage|p2a: Blissey|79/100
|move|p2a: Blissey|Stealth Rock|p1a: Kyurem
|-sidestart|p1: TotallyLegitMax|move: Stealth Rock
|
|upkeep
|turn|9
|
|t:|1779697573
|move|p1a: Kyurem|Freeze-Dry|p2a: Blissey
|-damage|p2a: Blissey|68/100
|move|p2a: Blissey|Soft-Boiled|p2a: Blissey
|-heal|p2a: Blissey|100/100
|
|upkeep
|turn|10
|
|t:|1779697579
|move|p1a: Kyurem|Freeze-Dry|p2a: Blissey
|-damage|p2a: Blissey|88/100
|move|p2a: Blissey|Calm Mind|p2a: Blissey
|-boost|p2a: Blissey|spa|1
|-boost|p2a: Blissey|spd|1
|
|upkeep
|turn|11
|
|t:|1779697593
|switch|p1a: Gholdengo|Gholdengo|100/100
|-damage|p1a: Gholdengo|94/100|[from] Stealth Rock
|-item|p1a: Gholdengo|Air Balloon
|move|p2a: Blissey|Shadow Ball|p1a: Gholdengo
|-supereffective|p1a: Gholdengo
|-damage|p1a: Gholdengo|46/100
|-enditem|p1a: Gholdengo|Air Balloon
|
|upkeep
|turn|12
|
|t:|1779697604
|move|p1a: Gholdengo|Recover|p1a: Gholdengo
|-heal|p1a: Gholdengo|96/100
|move|p2a: Blissey|Shadow Ball|p1a: Gholdengo
|-supereffective|p1a: Gholdengo
|-crit|p1a: Gholdengo
|-damage|p1a: Gholdengo|13/100
|
|upkeep
|turn|13
|
|t:|1779697612
|move|p1a: Gholdengo|Recover|p1a: Gholdengo
|-heal|p1a: Gholdengo|63/100
|move|p2a: Blissey|Shadow Ball|p1a: Gholdengo
|-supereffective|p1a: Gholdengo
|-damage|p1a: Gholdengo|16/100
|-unboost|p1a: Gholdengo|spd|1
|
|upkeep
|turn|14
|
|t:|1779697625
|switch|p2a: Gliscor|Gliscor, M|100/100
|-damage|p2a: Gliscor|88/100|[from] Stealth Rock
|move|p1a: Gholdengo|Make It Rain|p2a: Gliscor
|-damage|p2a: Gliscor|30/100
|-unboost|p1a: Gholdengo|spa|1
|
|-status|p2a: Gliscor|tox|[from] item: Toxic Orb
|upkeep
|turn|15
|
|t:|1779697638
|move|p1a: Gholdengo|Shadow Ball|p2a: Gliscor
|-damage|p2a: Gliscor|3/100 tox
|move|p2a: Gliscor|Earthquake|p1a: Gholdengo
|-supereffective|p1a: Gholdengo
|-damage|p1a: Gholdengo|0 fnt
|faint|p1a: Gholdengo
|
|-heal|p2a: Gliscor|16/100 tox|[from] ability: Poison Heal
|upkeep
|
|t:|1779697649
|switch|p1a: Great Tusk|Great Tusk|100/100
|-damage|p1a: Great Tusk|98/100|[from] Stealth Rock
|turn|16
|
|t:|1779697653
|switch|p2a: Pecharunt|Pecharunt|100/100
|move|p1a: Great Tusk|Rapid Spin|p2a: Pecharunt
|-immune|p2a: Pecharunt
|
|-heal|p1a: Great Tusk|100/100|[from] item: Leftovers
|upkeep
|turn|17
|
|t:|1779697660
|move|p1a: Great Tusk|Knock Off|p2a: Pecharunt
|-supereffective|p2a: Pecharunt
|-damage|p2a: Pecharunt|75/100
|-enditem|p2a: Pecharunt|Heavy-Duty Boots|[from] move: Knock Off|[of] p1a: Great Tusk
|move|p2a: Pecharunt|Toxic|p1a: Great Tusk
|-status|p1a: Great Tusk|tox
|-start|p1a: Great Tusk|confusion|[from] ability: Poison Puppeteer|[of] p2a: Pecharunt
|
|-damage|p1a: Great Tusk|94/100 tox|[from] psn
|upkeep
|turn|18
|
|t:|1779697672
|-activate|p1a: Great Tusk|confusion
|move|p1a: Great Tusk|Earthquake|p2a: Pecharunt
|-supereffective|p2a: Pecharunt
|-damage|p2a: Pecharunt|33/100
|move|p2a: Pecharunt|Shadow Ball|p1a: Great Tusk
|-damage|p1a: Great Tusk|60/100 tox
|
|-heal|p1a: Great Tusk|66/100 tox|[from] item: Leftovers
|-damage|p1a: Great Tusk|54/100 tox|[from] psn
|upkeep
|turn|19
|
|t:|1779697680
|-terastallize|p2a: Pecharunt|Fairy
|-activate|p1a: Great Tusk|confusion
|move|p1a: Great Tusk|Earthquake|p2a: Pecharunt
|-damage|p2a: Pecharunt|12/100
|move|p2a: Pecharunt|Recover|p2a: Pecharunt
|-heal|p2a: Pecharunt|62/100
|
|-heal|p1a: Great Tusk|60/100 tox|[from] item: Leftovers
|-damage|p1a: Great Tusk|42/100 tox|[from] psn
|upkeep
|turn|20
|
|t:|1779697695
|-end|p1a: Great Tusk|Protosynthesis|[silent]
|switch|p1a: Ogerpon|Ogerpon-Wellspring, F|100/100
|-damage|p1a: Ogerpon|88/100|[from] Stealth Rock
|move|p2a: Pecharunt|Shadow Ball|p1a: Ogerpon
|-damage|p1a: Ogerpon|59/100
|
|upkeep
|turn|21
|
|t:|1779697706
|move|p1a: Ogerpon|Ivy Cudgel|p2a: Pecharunt|[anim] Ivy Cudgel Water
|-crit|p2a: Pecharunt
|-damage|p2a: Pecharunt|24/100
|move|p2a: Pecharunt|Parting Shot|p1a: Ogerpon
|-unboost|p1a: Ogerpon|atk|1
|-unboost|p1a: Ogerpon|spa|1
|
|t:|1779697710
|switch|p2a: Zamazenta|Zamazenta|100/100|[from] Parting Shot
|-ability|p2a: Zamazenta|Dauntless Shield|boost
|-boost|p2a: Zamazenta|def|1
|
|upkeep
|turn|22
|
|t:|1779697721
|move|p2a: Zamazenta|Close Combat|p1a: Ogerpon
|-damage|p1a: Ogerpon|0 fnt
|-unboost|p2a: Zamazenta|def|1
|-unboost|p2a: Zamazenta|spd|1
|faint|p1a: Ogerpon
|
|upkeep
|
|t:|1779697729
|switch|p1a: Dragapult|Dragapult, M|100/100
|-damage|p1a: Dragapult|88/100|[from] Stealth Rock
|turn|23
|
|t:|1779697736
|move|p1a: Dragapult|Shadow Ball|p2a: Zamazenta
|-damage|p2a: Zamazenta|24/100
|move|p2a: Zamazenta|Ice Fang|p1a: Dragapult
|-supereffective|p1a: Dragapult
|-damage|p1a: Dragapult|34/100
|
|upkeep
|turn|24
|
|t:|1779697743
|switch|p2a: Blissey|Blissey, F|88/100
|move|p1a: Dragapult|Shadow Ball|p2a: Blissey
|-immune|p2a: Blissey
|
|upkeep
|turn|25
|
|t:|1779697758
|switch|p1a: Kingambit|Kingambit, M|100/100
|-damage|p1a: Kingambit|94/100|[from] Stealth Rock
|-activate|p1a: Kingambit|ability: Supreme Overlord
|-start|p1a: Kingambit|fallen2|[silent]
|move|p2a: Blissey|Calm Mind|p2a: Blissey
|-boost|p2a: Blissey|spa|1
|-boost|p2a: Blissey|spd|1
|
|upkeep
|turn|26
|
|t:|1779697766
|switch|p2a: Gholdengo|Gholdengo|100/100
|-damage|p2a: Gholdengo|94/100|[from] Stealth Rock
|move|p1a: Kingambit|Swords Dance|p1a: Kingambit
|-boost|p1a: Kingambit|atk|2
|
|upkeep
|turn|27
|
|t:|1779697774
|move|p1a: Kingambit|Sucker Punch|p2a: Gholdengo
|-supereffective|p2a: Gholdengo
|-damage|p2a: Gholdengo|0 fnt
|faint|p2a: Gholdengo
|
|upkeep
|
|t:|1779697783
|switch|p2a: Skarmory|Skarmory, F|56/100
|-damage|p2a: Skarmory|43/100|[from] Stealth Rock
|turn|28
|
|t:|1779697793
|move|p1a: Kingambit|Kowtow Cleave|p2a: Skarmory
|-damage|p2a: Skarmory|0 fnt
|faint|p2a: Skarmory
|
|upkeep
|
|t:|1779697804
|switch|p2a: Pecharunt|Pecharunt, tera:Fairy|24/100
|-damage|p2a: Pecharunt|12/100|[from] Stealth Rock
|turn|29
|
|t:|1779697818
|move|p2a: Pecharunt|Shadow Ball|p1a: Kingambit
|-resisted|p1a: Kingambit
|-damage|p1a: Kingambit|82/100
|move|p1a: Kingambit|Iron Head|p2a: Pecharunt
|-supereffective|p2a: Pecharunt
|-damage|p2a: Pecharunt|0 fnt
|faint|p2a: Pecharunt
|
|upkeep
|
|t:|1779697828
|switch|p2a: Zamazenta|Zamazenta|24/100
|turn|30
|
|t:|1779697843
|move|p1a: Kingambit|Sucker Punch|p2a: Zamazenta
|-resisted|p2a: Zamazenta
|-damage|p2a: Zamazenta|0 fnt
|faint|p2a: Zamazenta
|
|upkeep
|
|t:|1779697850
|switch|p2a: Blissey|Blissey, F|88/100
|turn|31
|
|t:|1779697865
|move|p1a: Kingambit|Swords Dance|p1a: Kingambit
|-boost|p1a: Kingambit|atk|2
|move|p2a: Blissey|Shadow Ball|p1a: Kingambit
|-resisted|p1a: Kingambit
|-damage|p1a: Kingambit|75/100
|
|upkeep
|turn|32
|
|t:|1779697872
|switch|p2a: Gliscor|Gliscor, M|16/100 tox
|-damage|p2a: Gliscor|3/100 tox|[from] Stealth Rock
|move|p1a: Kingambit|Swords Dance|p1a: Kingambit
|-boost|p1a: Kingambit|atk|2
|
|-heal|p2a: Gliscor|16/100 tox|[from] ability: Poison Heal
|upkeep
|turn|33
|
|t:|1779697880
|move|p1a: Kingambit|Sucker Punch|p2a: Gliscor
|-damage|p2a: Gliscor|0 fnt
|faint|p2a: Gliscor
|
|upkeep
|
|t:|1779697888
|switch|p2a: Blissey|Blissey, F|88/100
|turn|34
|
|t:|1779697895
|move|p1a: Kingambit|Kowtow Cleave|p2a: Blissey
|-damage|p2a: Blissey|0 fnt
|faint|p2a: Blissey
|
|win|TotallyLegitMax
|raw|TotallyLegitMax's rating: 1239 &rarr; <strong>1259</strong><br />(+20 for winning)
|raw|claudechamp's rating: 1167 &rarr; <strong>1147</strong><br />(-20 for losing)
|c|☆claudechamp|gg
|l|☆TotallyLegitMax
|player|p1|
