|j|☆damorush
|j|☆Igoodnamename
|t:|1779712064
|gametype|singles
|player|p1|damorush|2|1571
|player|p2|Igoodnamename|aaron|1609
|gen|9
|tier|[Gen 9] OU
|rated|
|rule|HP Percentage Mod: HP is shown in percentages
|rule|Endless Battle Clause: Forcing endless battles is banned
|rule|Species Clause: Limit one of each Pokémon
|rule|OHKO Clause: OHKO moves are banned
|rule|Evasion Items Clause: Evasion items are banned
|rule|Evasion Moves Clause: Evasion moves are banned
|rule|Evasion Abilities Clause: Evasion abilities are banned
|rule|Sleep Moves Clause: Sleep-inducing moves are banned
|clearpoke
|poke|p1|Ceruledge, F|
|poke|p1|Regieleki|
|poke|p1|Glimmora, F|
|poke|p1|Zamazenta-*|
|poke|p1|Kingambit, M|
|poke|p1|Iron Valiant|
|poke|p2|Pecharunt|
|poke|p2|Slowking, M|
|poke|p2|Iron Treads|
|poke|p2|Zamazenta-*|
|poke|p2|Umbreon, F|
|poke|p2|Ogerpon, F|
|teampreview
|
|t:|1779712075
|teamsize|p1|6
|teamsize|p2|6
|start
|switch|p1a: Glimmora|Glimmora, F|100/100
|switch|p2a: Ogerpon|Ogerpon, F|100/100
|turn|1
|
|t:|1779712094
|-terastallize|p2a: Ogerpon|Grass
|detailschange|p2a: Ogerpon|Ogerpon-Teal-Tera, F, tera:Grass
|-ability|p2a: Ogerpon|Embody Aspect (Teal)|boost
|-boost|p2a: Ogerpon|spe|1
|move|p2a: Ogerpon|Ivy Cudgel|p1a: Glimmora
|-enditem|p1a: Glimmora|Focus Sash
|-damage|p1a: Glimmora|1/100
|-activate|p1a: Glimmora|ability: Toxic Debris
|-sidestart|p2: Igoodnamename|move: Toxic Spikes
|move|p1a: Glimmora|Stealth Rock|p2a: Ogerpon
|-sidestart|p2: Igoodnamename|move: Stealth Rock
|
|upkeep
|turn|2
|
|t:|1779712101
|move|p2a: Ogerpon|Ivy Cudgel|p1a: Glimmora
|-damage|p1a: Glimmora|0 fnt
|-activate|p1a: Glimmora|ability: Toxic Debris
|-sidestart|p2: Igoodnamename|move: Toxic Spikes
|faint|p1a: Glimmora
|
|upkeep
|
|t:|1779712112
|switch|p1a: Ceruledge|Ceruledge, F|100/100
|turn|3
|
|t:|1779712117
|switch|p2a: Umbreon|Umbreon, F|100/100
|-status|p2a: Umbreon|tox
|-damage|p2a: Umbreon|88/100 tox|[from] Stealth Rock
|move|p1a: Ceruledge|Bitter Blade|p2a: Umbreon
|-damage|p2a: Umbreon|53/100 tox
|-damage|p1a: Ceruledge|91/100|[from] item: Life Orb
|
|-heal|p2a: Umbreon|59/100 tox|[from] item: Leftovers
|-damage|p2a: Umbreon|53/100 tox|[from] psn
|upkeep
|turn|4
|
|t:|1779712133
|move|p1a: Ceruledge|Bitter Blade|p2a: Umbreon
|-crit|p2a: Umbreon
|-damage|p2a: Umbreon|0 fnt
|-heal|p1a: Ceruledge|100/100|[from] drain|[of] p2a: Umbreon
|faint|p2a: Umbreon
|-damage|p1a: Ceruledge|91/100|[from] item: Life Orb
|
|upkeep
|
|t:|1779712142
|switch|p2a: Ogerpon|Ogerpon-Teal-Tera, F, tera:Grass|100/100
|-status|p2a: Ogerpon|tox
|-damage|p2a: Ogerpon|88/100 tox|[from] Stealth Rock
|-ability|p2a: Ogerpon|Embody Aspect (Teal)|boost
|-boost|p2a: Ogerpon|spe|1
|turn|5
|
|t:|1779712152
|move|p1a: Ceruledge|Shadow Sneak|p2a: Ogerpon
|-damage|p2a: Ogerpon|51/100 tox
|-damage|p1a: Ceruledge|81/100|[from] item: Life Orb
|move|p2a: Ogerpon|Knock Off|p1a: Ceruledge
|-supereffective|p1a: Ceruledge
|-damage|p1a: Ceruledge|0 fnt
|-enditem|p1a: Ceruledge|Life Orb|[from] move: Knock Off|[of] p2a: Ogerpon
|faint|p1a: Ceruledge
|
|-damage|p2a: Ogerpon|45/100 tox|[from] psn
|upkeep
|
|t:|1779712158
|switch|p1a: Iron Valiant|Iron Valiant|100/100
|-enditem|p1a: Iron Valiant|Booster Energy
|-activate|p1a: Iron Valiant|ability: Quark Drive|[fromitem]
|-start|p1a: Iron Valiant|quarkdrivespe
|turn|6
|
|t:|1779712162
|switch|p2a: Iron Treads|Iron Treads|100/100
|-damage|p2a: Iron Treads|97/100|[from] Stealth Rock
|move|p1a: Iron Valiant|Calm Mind|p1a: Iron Valiant
|-boost|p1a: Iron Valiant|spa|1
|-boost|p1a: Iron Valiant|spd|1
|
|-heal|p2a: Iron Treads|100/100|[from] item: Leftovers
|upkeep
|turn|7
|
|t:|1779712167
|-terastallize|p1a: Iron Valiant|Ghost
|move|p1a: Iron Valiant|Shadow Ball|p2a: Iron Treads
|-damage|p2a: Iron Treads|46/100
|move|p2a: Iron Treads|Rapid Spin|p1a: Iron Valiant
|-immune|p1a: Iron Valiant
|
|-heal|p2a: Iron Treads|52/100|[from] item: Leftovers
|upkeep
|turn|8
|
|t:|1779712174
|move|p1a: Iron Valiant|Shadow Ball|p2a: Iron Treads
|-damage|p2a: Iron Treads|1/100
|-unboost|p2a: Iron Treads|spd|1
|move|p2a: Iron Treads|Earthquake|p1a: Iron Valiant
|-damage|p1a: Iron Valiant|44/100
|
|-heal|p2a: Iron Treads|7/100|[from] item: Leftovers
|upkeep
|turn|9
|
|t:|1779712181
|move|p1a: Iron Valiant|Moonblast|p2a: Iron Treads
|-resisted|p2a: Iron Treads
|-damage|p2a: Iron Treads|0 fnt
|faint|p2a: Iron Treads
|-end|p2a: Iron Treads|Quark Drive|[silent]
|
|upkeep
|
|t:|1779712190
|switch|p2a: Slowking|Slowking, M|100/100
|-status|p2a: Slowking|tox
|-damage|p2a: Slowking|88/100 tox|[from] Stealth Rock
|turn|10
|
|t:|1779712195
|move|p1a: Iron Valiant|Shadow Ball|p2a: Slowking
|-supereffective|p2a: Slowking
|-damage|p2a: Slowking|37/100 tox
|move|p2a: Slowking|Psyshock|p1a: Iron Valiant
|-damage|p1a: Iron Valiant|7/100
|
|-damage|p2a: Slowking|31/100 tox|[from] psn
|upkeep
|turn|11
|
|t:|1779712202
|switch|p2a: Ogerpon|Ogerpon-Teal-Tera, F, tera:Grass|45/100 tox
|-damage|p2a: Ogerpon|32/100 tox|[from] Stealth Rock
|-ability|p2a: Ogerpon|Embody Aspect (Teal)|boost
|-boost|p2a: Ogerpon|spe|1
|move|p1a: Iron Valiant|Moonblast|p2a: Ogerpon
|-damage|p2a: Ogerpon|0 fnt
|faint|p2a: Ogerpon
|detailschange|p2: Ogerpon|Ogerpon, F|[silent]
|
|upkeep
|
|t:|1779712207
|switch|p2a: Slowking|Slowking, M|64/100 tox
|-damage|p2a: Slowking|52/100 tox|[from] Stealth Rock
|turn|12
|
|t:|1779712215
|switch|p2a: Pecharunt|Pecharunt|100/100
|-damage|p2a: Pecharunt|88/100|[from] Stealth Rock
|-item|p2a: Pecharunt|Air Balloon
|move|p1a: Iron Valiant|Moonblast|p2a: Pecharunt
|-resisted|p2a: Pecharunt
|-damage|p2a: Pecharunt|48/100
|-enditem|p2a: Pecharunt|Air Balloon
|
|upkeep
|turn|13
|
|t:|1779712223
|move|p1a: Iron Valiant|Shadow Ball|p2a: Pecharunt
|-supereffective|p2a: Pecharunt
|-damage|p2a: Pecharunt|0 fnt
|faint|p2a: Pecharunt
|
|upkeep
|
|t:|1779712226
|switch|p2a: Slowking|Slowking, M|85/100 tox
|-damage|p2a: Slowking|73/100 tox|[from] Stealth Rock
|turn|14
|
|t:|1779712230
|move|p1a: Iron Valiant|Shadow Ball|p2a: Slowking
|-supereffective|p2a: Slowking
|-damage|p2a: Slowking|16/100 tox
|move|p2a: Slowking|Scald|p1a: Iron Valiant
|-damage|p1a: Iron Valiant|0 fnt
|faint|p1a: Iron Valiant
|-end|p1a: Iron Valiant|Quark Drive|[silent]
|
|-damage|p2a: Slowking|10/100 tox|[from] psn
|upkeep
|
|t:|1779712233
|switch|p1a: Regieleki|Regieleki|100/100
|turn|15
|
|t:|1779712235
|move|p1a: Regieleki|Thunderbolt|p2a: Slowking
|-supereffective|p2a: Slowking
|-damage|p2a: Slowking|0 fnt
|faint|p2a: Slowking
|
|upkeep
|
|t:|1779712238
|switch|p2a: Zamazenta|Zamazenta|100/100
|-status|p2a: Zamazenta|tox
|-damage|p2a: Zamazenta|94/100 tox|[from] Stealth Rock
|-ability|p2a: Zamazenta|Dauntless Shield|boost
|-boost|p2a: Zamazenta|def|1
|turn|16
|
|t:|1779712240
|move|p1a: Regieleki|Thunderbolt|p2a: Zamazenta
|-damage|p2a: Zamazenta|20/100 tox
|move|p2a: Zamazenta|Close Combat|p1a: Regieleki
|-damage|p1a: Regieleki|0 fnt
|-unboost|p2a: Zamazenta|def|1
|-unboost|p2a: Zamazenta|spd|1
|faint|p1a: Regieleki
|
|-damage|p2a: Zamazenta|13/100 tox|[from] psn
|upkeep
|
|t:|1779712247
|switch|p1a: Zamazenta|Zamazenta|100/100
|-ability|p1a: Zamazenta|Dauntless Shield|boost
|-boost|p1a: Zamazenta|def|1
|turn|17
|
|t:|1779712251
|move|p2a: Zamazenta|Close Combat|p1a: Zamazenta
|-damage|p1a: Zamazenta|60/100
|-unboost|p2a: Zamazenta|def|1
|-unboost|p2a: Zamazenta|spd|1
|move|p1a: Zamazenta|Body Press|p2a: Zamazenta
|-crit|p2a: Zamazenta
|-damage|p2a: Zamazenta|0 fnt
|faint|p2a: Zamazenta
|
|win|damorush
|raw|damorush's rating: 1587 &rarr; <strong>1608</strong><br />(+21 for winning)
|raw|Igoodnamename's rating: 1609 &rarr; <strong>1588</strong><br />(-21 for losing)
|l|☆Igoodnamename
|player|p2|
|l|☆damorush
|player|p1|
