|j|☆lbjdagoat67
|j|☆VLADICK3333
|t:|1779592814
|gametype|singles
|player|p1|lbjdagoat67|giovanni|1126
|player|p2|VLADICK3333|unknown|1075
|gen|9
|tier|[Gen 9] OU
|rated|
|rule|HP Percentage Mod: HP is shown in percentages
|rule|Endless Battle Clause: Forcing endless battles is banned
|rule|Species Clause: Limit one of each Pokémon
|rule|OHKO Clause: OHKO moves are banned
|rule|Evasion Items Clause: Evasion items are banned
|rule|Evasion Moves Clause: Evasion moves are banned
|rule|Evasion Abilities Clause: Evasion abilities are banned
|rule|Sleep Moves Clause: Sleep-inducing moves are banned
|clearpoke
|poke|p1|Gholdengo|
|poke|p1|Iron Treads|
|poke|p1|Moltres|
|poke|p1|Zamazenta-*|
|poke|p1|Samurott-Hisui, F|
|poke|p1|Garganacl, M|
|poke|p2|Hatterene, F|
|poke|p2|Corviknight, F|
|poke|p2|Rillaboom, M|
|poke|p2|Gholdengo|
|poke|p2|Clodsire, F|
|poke|p2|Kingambit, M|
|teampreview
|inactive|Battle timer is ON: inactive players will automatically lose when time's up. (requested by lbjdagoat67)
|
|t:|1779592824
|teamsize|p1|6
|teamsize|p2|6
|start
|switch|p1a: Iron Treads|Iron Treads|100/100
|switch|p2a: Clodsire|Clodsire, F|100/100
|turn|1
|j| biparel
|
|t:|1779592834
|switch|p2a: Corviknight|Corviknight, F|100/100
|-ability|p2a: Corviknight|Pressure
|move|p1a: Iron Treads|Knock Off|p2a: Corviknight
|-damage|p2a: Corviknight|82/100
|-enditem|p2a: Corviknight|Leftovers|[from] move: Knock Off|[of] p1a: Iron Treads
|
|upkeep
|turn|2
|
|t:|1779592844
|move|p1a: Iron Treads|Stealth Rock|p2a: Corviknight
|-sidestart|p2: VLADICK3333|move: Stealth Rock
|move|p2a: Corviknight|Iron Defense|p2a: Corviknight
|-boost|p2a: Corviknight|def|2
|
|upkeep
|turn|3
|
|t:|1779592853
|-end|p1a: Iron Treads|Quark Drive|[silent]
|switch|p1a: Moltres|Moltres|100/100
|move|p2a: Corviknight|Body Press|p1a: Moltres
|-resisted|p1a: Moltres
|-damage|p1a: Moltres|85/100
|
|upkeep
|turn|4
|
|t:|1779592863
|switch|p2a: Hatterene|Hatterene, F|100/100
|move|p1a: Moltres|U-turn|p2a: Hatterene
|-damage|p2a: Hatterene|83/100
|
|t:|1779592874
|switch|p1a: Garganacl|Garganacl, M|100/100|[from] U-turn
|
|upkeep
|turn|5
|
|t:|1779592886
|move|p1a: Garganacl|Curse|p1a: Garganacl
|-unboost|p1a: Garganacl|spe|1
|-boost|p1a: Garganacl|atk|1
|-boost|p1a: Garganacl|def|1
|move|p2a: Hatterene|Psychic|p1a: Garganacl
|-damage|p1a: Garganacl|63/100
|
|-heal|p1a: Garganacl|70/100|[from] item: Leftovers
|upkeep
|turn|6
|
|t:|1779592904
|move|p2a: Hatterene|Psychic|p1a: Garganacl
|-damage|p1a: Garganacl|37/100
|-unboost|p1a: Garganacl|spd|1
|move|p1a: Garganacl|Recover|p1a: Garganacl
|-heal|p1a: Garganacl|87/100
|
|-heal|p1a: Garganacl|93/100|[from] item: Leftovers
|upkeep
|turn|7
|
|t:|1779592910
|move|p2a: Hatterene|Psychic|p1a: Garganacl
|-damage|p1a: Garganacl|42/100
|-unboost|p1a: Garganacl|spd|1
|move|p1a: Garganacl|Salt Cure|p2a: Hatterene
|-damage|p2a: Hatterene|60/100
|-start|p2a: Hatterene|Salt Cure
|
|-heal|p1a: Garganacl|49/100|[from] item: Leftovers
|-damage|p2a: Hatterene|48/100|[from] Salt Cure
|upkeep
|turn|8
|
|t:|1779592921
|switch|p1a: Samurott|Samurott-Hisui, F|100/100
|move|p2a: Hatterene|Psychic|p1a: Samurott
|-immune|p1a: Samurott
|
|-damage|p2a: Hatterene|36/100|[from] Salt Cure
|upkeep
|turn|9
|
|t:|1779592927
|switch|p2a: Rillaboom|Rillaboom, M|100/100
|-damage|p2a: Rillaboom|88/100|[from] Stealth Rock
|-fieldstart|move: Grassy Terrain|[from] ability: Grassy Surge|[of] p2a: Rillaboom
|move|p1a: Samurott|Flip Turn|p2a: Rillaboom
|-resisted|p2a: Rillaboom
|-damage|p2a: Rillaboom|75/100
|
|t:|1779592935
|switch|p1a: Moltres|Moltres|85/100|[from] Flip Turn
|
|-heal|p2a: Rillaboom|82/100|[from] Grassy Terrain
|upkeep
|turn|10
|
|t:|1779592944
|switch|p2a: Clodsire|Clodsire, F|100/100
|move|p1a: Moltres|Flamethrower|p2a: Clodsire
|-damage|p2a: Clodsire|82/100
|
|-heal|p2a: Clodsire|89/100|[from] Grassy Terrain
|upkeep
|turn|11
|
|t:|1779592953
|move|p2a: Clodsire|Toxic|p1a: Moltres
|-status|p1a: Moltres|tox
|move|p1a: Moltres|Roar|p2a: Clodsire
|drag|p2a: Kingambit|Kingambit, M|100/100
|-damage|p2a: Kingambit|94/100|[from] Stealth Rock
|
|-heal|p2a: Kingambit|100/100|[from] Grassy Terrain
|-damage|p1a: Moltres|79/100 tox|[from] psn
|upkeep
|turn|12
|
|t:|1779592974
|-end|p2a: Kingambit|fallenundefined|[silent]
|switch|p2a: Clodsire|Clodsire, F|89/100
|move|p1a: Moltres|U-turn|p2a: Clodsire
|-resisted|p2a: Clodsire
|-damage|p2a: Clodsire|81/100
|
|t:|1779592980
|switch|p1a: Iron Treads|Iron Treads|100/100|[from] U-turn
|
|-heal|p2a: Clodsire|87/100|[from] Grassy Terrain
|upkeep
|turn|13
|
|t:|1779592987
|switch|p2a: Corviknight|Corviknight, F|82/100
|-damage|p2a: Corviknight|69/100|[from] Stealth Rock
|-ability|p2a: Corviknight|Pressure
|move|p1a: Iron Treads|Earthquake|p2a: Corviknight
|-immune|p2a: Corviknight
|
|-fieldend|move: Grassy Terrain
|upkeep
|turn|14
|
|t:|1779592998
|-end|p1a: Iron Treads|Quark Drive|[silent]
|switch|p1a: Zamazenta|Zamazenta|100/100
|-ability|p1a: Zamazenta|Dauntless Shield|boost
|-boost|p1a: Zamazenta|def|1
|move|p2a: Corviknight|Defog|p1a: Zamazenta
|-unboost|p1a: Zamazenta|evasion|1
|-sideend|p2: VLADICK3333|Stealth Rock|[from] move: Defog|[of] p2a: Corviknight
|
|upkeep
|turn|15
|
|t:|1779593024
|-terastallize|p2a: Corviknight|Flying
|move|p1a: Zamazenta|Crunch|p2a: Corviknight
|-damage|p2a: Corviknight|51/100
|move|p2a: Corviknight|Iron Defense|p2a: Corviknight
|-boost|p2a: Corviknight|def|2
|
|upkeep
|turn|16
|inactive|lbjdagoat67 has 120 seconds left.
|
|t:|1779593039
|switch|p1a: Gholdengo|Gholdengo|100/100
|-item|p1a: Gholdengo|Air Balloon
|move|p2a: Corviknight|Roost|p2a: Corviknight
|-heal|p2a: Corviknight|100/100
|-hint|If a Terastallized Pokemon uses Roost, it remains Flying-type.
|
|upkeep
|turn|17
|inactive|lbjdagoat67 has 120 seconds left.
|
|t:|1779593056
|switch|p2a: Clodsire|Clodsire, F|87/100
|move|p1a: Gholdengo|Thunderbolt|p2a: Clodsire
|-immune|p2a: Clodsire
|
|upkeep
|turn|18
|inactive|lbjdagoat67 has 120 seconds left.
|
|t:|1779593068
|switch|p1a: Iron Treads|Iron Treads|100/100
|move|p2a: Clodsire|Stealth Rock|p1a: Iron Treads
|-sidestart|p1: lbjdagoat67|move: Stealth Rock
|
|upkeep
|turn|19
|inactive|lbjdagoat67 has 120 seconds left.
|
|t:|1779593075
|switch|p2a: Corviknight|Corviknight, F, tera:Flying|100/100
|-ability|p2a: Corviknight|Pressure
|move|p1a: Iron Treads|Rapid Spin|p2a: Corviknight
|-damage|p2a: Corviknight|91/100
|-boost|p1a: Iron Treads|spe|1
|-sideend|p1: lbjdagoat67|Stealth Rock|[from] move: Rapid Spin|[of] p1a: Iron Treads
|
|upkeep
|turn|20
|
|t:|1779593082
|move|p1a: Iron Treads|Stealth Rock|p2a: Corviknight
|-sidestart|p2: VLADICK3333|move: Stealth Rock
|move|p2a: Corviknight|Body Press|p1a: Iron Treads
|-supereffective|p1a: Iron Treads
|-damage|p1a: Iron Treads|57/100
|
|upkeep
|turn|21
|
|t:|1779593095
|-end|p1a: Iron Treads|Quark Drive|[silent]
|switch|p1a: Gholdengo|Gholdengo|100/100
|-item|p1a: Gholdengo|Air Balloon
|move|p2a: Corviknight|Defog|p1a: Gholdengo
|-immune|p1a: Gholdengo|[from] ability: Good as Gold
|
|upkeep
|turn|22
|
|t:|1779593104
|switch|p2a: Clodsire|Clodsire, F|87/100
|move|p1a: Gholdengo|Nasty Plot|p1a: Gholdengo
|-boost|p1a: Gholdengo|spa|2
|
|upkeep
|turn|23
|
|t:|1779593111
|move|p1a: Gholdengo|Make It Rain|p2a: Clodsire
|-damage|p2a: Clodsire|13/100
|-unboost|p1a: Gholdengo|spa|1
|move|p2a: Clodsire|Stealth Rock|p1a: Gholdengo
|-sidestart|p1: lbjdagoat67|move: Stealth Rock
|
|upkeep
|turn|24
|
|t:|1779593119
|switch|p2a: Rillaboom|Rillaboom, M|82/100
|-damage|p2a: Rillaboom|69/100|[from] Stealth Rock
|-fieldstart|move: Grassy Terrain|[from] ability: Grassy Surge|[of] p2a: Rillaboom
|move|p1a: Gholdengo|Make It Rain|p2a: Rillaboom
|-damage|p2a: Rillaboom|0 fnt
|-unboost|p1a: Gholdengo|spa|1
|faint|p2a: Rillaboom
|
|upkeep
|
|t:|1779593128
|switch|p2a: Kingambit|Kingambit, M|100/100
|-damage|p2a: Kingambit|94/100|[from] Stealth Rock
|-activate|p2a: Kingambit|ability: Supreme Overlord
|-start|p2a: Kingambit|fallen1|[silent]
|turn|25
|
|t:|1779593133
|switch|p1a: Moltres|Moltres|79/100 tox
|move|p2a: Kingambit|Sucker Punch||[still]
|-fail|p2a: Kingambit
|
|-heal|p2a: Kingambit|100/100|[from] Grassy Terrain
|-damage|p1a: Moltres|73/100 tox|[from] psn
|upkeep
|turn|26
|
|t:|1779593141
|-end|p2a: Kingambit|fallen1|[silent]
|switch|p2a: Clodsire|Clodsire, F|13/100
|move|p1a: Moltres|U-turn|p2a: Clodsire
|-resisted|p2a: Clodsire
|-damage|p2a: Clodsire|6/100
|
|t:|1779593149
|switch|p1a: Gholdengo|Gholdengo|100/100|[from] U-turn
|-damage|p1a: Gholdengo|94/100|[from] Stealth Rock
|-item|p1a: Gholdengo|Air Balloon
|
|-heal|p2a: Clodsire|12/100|[from] Grassy Terrain
|upkeep
|turn|27
|
|t:|1779593153
|switch|p2a: Kingambit|Kingambit, M|100/100
|-damage|p2a: Kingambit|94/100|[from] Stealth Rock
|-activate|p2a: Kingambit|ability: Supreme Overlord
|-start|p2a: Kingambit|fallen1|[silent]
|move|p1a: Gholdengo|Make It Rain|p2a: Kingambit
|-resisted|p2a: Kingambit
|-damage|p2a: Kingambit|72/100
|-unboost|p1a: Gholdengo|spa|1
|
|-heal|p2a: Kingambit|78/100|[from] Grassy Terrain
|upkeep
|turn|28
|
|t:|1779593160
|switch|p1a: Moltres|Moltres|73/100 tox
|move|p2a: Kingambit|Kowtow Cleave|p1a: Moltres
|-crit|p1a: Moltres
|-damage|p1a: Moltres|12/100 tox
|
|-heal|p2a: Kingambit|85/100|[from] Grassy Terrain
|-damage|p1a: Moltres|6/100 tox|[from] psn
|-fieldend|move: Grassy Terrain
|upkeep
|turn|29
|
|t:|1779593168
|move|p2a: Kingambit|Sucker Punch||[still]
|-fail|p2a: Kingambit
|move|p1a: Moltres|Roost|p1a: Moltres
|-heal|p1a: Moltres|56/100 tox
|-singleturn|p1a: Moltres|move: Roost
|
|-damage|p1a: Moltres|44/100 tox|[from] psn
|upkeep
|turn|30
|
|t:|1779593175
|-end|p2a: Kingambit|fallen1|[silent]
|switch|p2a: Clodsire|Clodsire, F|12/100
|move|p1a: Moltres|Roost|p1a: Moltres
|-heal|p1a: Moltres|94/100 tox
|-singleturn|p1a: Moltres|move: Roost
|
|-damage|p1a: Moltres|76/100 tox|[from] psn
|upkeep
|turn|31
|
|t:|1779593180
|move|p1a: Moltres|Flamethrower|p2a: Clodsire
|-damage|p2a: Clodsire|0 fnt
|faint|p2a: Clodsire
|
|-damage|p1a: Moltres|52/100 tox|[from] psn
|upkeep
|
|t:|1779593184
|switch|p2a: Hatterene|Hatterene, F|36/100
|turn|32
|
|t:|1779593189
|move|p1a: Moltres|U-turn|p2a: Hatterene
|-damage|p2a: Hatterene|19/100
|
|t:|1779593193
|switch|p1a: Samurott|Samurott-Hisui, F|100/100|[from] U-turn
|-damage|p1a: Samurott|88/100|[from] Stealth Rock
|move|p2a: Hatterene|Draining Kiss|p1a: Samurott
|-supereffective|p1a: Samurott
|-damage|p1a: Samurott|1/100
|-heal|p2a: Hatterene|85/100|[from] drain|[of] p1a: Samurott
|
|upkeep
|turn|33
|
|t:|1779593208
|switch|p2a: Corviknight|Corviknight, F, tera:Flying|91/100
|-damage|p2a: Corviknight|66/100|[from] Stealth Rock
|-ability|p2a: Corviknight|Pressure
|move|p1a: Samurott|Ceaseless Edge|p2a: Corviknight
|-damage|p2a: Corviknight|35/100
|-sidestart|p2: VLADICK3333|Spikes
|
|upkeep
|turn|34
|
|t:|1779593218
|move|p1a: Samurott|Ceaseless Edge|p2a: Corviknight
|-damage|p2a: Corviknight|4/100
|-sidestart|p2: VLADICK3333|Spikes
|move|p2a: Corviknight|Roost|p2a: Corviknight
|-heal|p2a: Corviknight|54/100
|-hint|If a Terastallized Pokemon uses Roost, it remains Flying-type.
|
|upkeep
|turn|35
|
|t:|1779593226
|move|p1a: Samurott|Ceaseless Edge|p2a: Corviknight|[miss]
|-miss|p1a: Samurott|p2a: Corviknight
|move|p2a: Corviknight|Roost|p2a: Corviknight
|-heal|p2a: Corviknight|100/100
|-hint|If a Terastallized Pokemon uses Roost, it remains Flying-type.
|
|upkeep
|turn|36
|
|t:|1779593232
|switch|p1a: Gholdengo|Gholdengo|94/100
|-damage|p1a: Gholdengo|88/100|[from] Stealth Rock
|-item|p1a: Gholdengo|Air Balloon
|move|p2a: Corviknight|Defog|p1a: Gholdengo
|-immune|p1a: Gholdengo|[from] ability: Good as Gold
|
|upkeep
|turn|37
|
|t:|1779593242
|switch|p2a: Kingambit|Kingambit, M|85/100
|-damage|p2a: Kingambit|78/100|[from] Stealth Rock
|-damage|p2a: Kingambit|62/100|[from] Spikes
|-activate|p2a: Kingambit|ability: Supreme Overlord
|-start|p2a: Kingambit|fallen2|[silent]
|move|p1a: Gholdengo|Thunderbolt|p2a: Kingambit
|-damage|p2a: Kingambit|41/100
|
|upkeep
|turn|38
|
|t:|1779593255
|switch|p1a: Moltres|Moltres|52/100 tox
|move|p2a: Kingambit|Kowtow Cleave|p1a: Moltres
|-damage|p1a: Moltres|7/100 tox
|
|-damage|p1a: Moltres|1/100 tox|[from] psn
|upkeep
|turn|39
|
|t:|1779593268
|-end|p2a: Kingambit|fallen2|[silent]
|switch|p2a: Hatterene|Hatterene, F|85/100
|move|p1a: Moltres|Roost|p1a: Moltres
|-heal|p1a: Moltres|51/100 tox
|-singleturn|p1a: Moltres|move: Roost
|
|-damage|p1a: Moltres|39/100 tox|[from] psn
|upkeep
|turn|40
|
|t:|1779593278
|move|p1a: Moltres|U-turn|p2a: Hatterene
|-damage|p2a: Hatterene|68/100
|
|t:|1779593283
|switch|p1a: Iron Treads|Iron Treads|57/100|[from] U-turn
|-damage|p1a: Iron Treads|54/100|[from] Stealth Rock
|move|p2a: Hatterene|Calm Mind|p2a: Hatterene
|-boost|p2a: Hatterene|spa|1
|-boost|p2a: Hatterene|spd|1
|
|upkeep
|turn|41
|
|t:|1779593294
|move|p1a: Iron Treads|Knock Off|p2a: Hatterene
|-damage|p2a: Hatterene|39/100
|-enditem|p2a: Hatterene|Heavy-Duty Boots|[from] move: Knock Off|[of] p1a: Iron Treads
|move|p2a: Hatterene|Mystical Fire|p1a: Iron Treads
|-supereffective|p1a: Iron Treads
|-damage|p1a: Iron Treads|0 fnt
|faint|p1a: Iron Treads
|-end|p1a: Iron Treads|Quark Drive|[silent]
|
|upkeep
|
|t:|1779593319
|switch|p1a: Gholdengo|Gholdengo|88/100
|-damage|p1a: Gholdengo|82/100|[from] Stealth Rock
|-item|p1a: Gholdengo|Air Balloon
|turn|42
|
|t:|1779593325
|move|p1a: Gholdengo|Nasty Plot|p1a: Gholdengo
|-boost|p1a: Gholdengo|spa|2
|move|p2a: Hatterene|Mystical Fire|p1a: Gholdengo
|-supereffective|p1a: Gholdengo
|-damage|p1a: Gholdengo|0 fnt
|-enditem|p1a: Gholdengo|Air Balloon
|faint|p1a: Gholdengo
|
|upkeep
|-message|lbjdagoat67 forfeited.
|
|win|VLADICK3333
|raw|lbjdagoat67's rating: 1126 &rarr; <strong>1097</strong><br />(-29 for losing)
|raw|VLADICK3333's rating: 1075 &rarr; <strong>1108</strong><br />(+33 for winning)
|l|☆lbjdagoat67
|player|p1|
|l|☆VLADICK3333
|player|p2|
