|j|☆Prudis
|j|☆Kwazy Kupcakes
|t:|1779685178
|gametype|singles
|player|p1|Prudis|workerice|1343
|player|p2|Kwazy Kupcakes|1|1339
|gen|9
|tier|[Gen 9] OU
|rated|
|rule|HP Percentage Mod: HP is shown in percentages
|rule|Endless Battle Clause: Forcing endless battles is banned
|rule|Species Clause: Limit one of each Pokémon
|rule|OHKO Clause: OHKO moves are banned
|rule|Evasion Items Clause: Evasion items are banned
|rule|Evasion Moves Clause: Evasion moves are banned
|rule|Evasion Abilities Clause: Evasion abilities are banned
|rule|Sleep Moves Clause: Sleep-inducing moves are banned
|clearpoke
|poke|p1|Garchomp, F|
|poke|p1|Iron Jugulis|
|poke|p1|Iron Treads|
|poke|p1|Meowscarada, F|
|poke|p1|Gholdengo|
|poke|p1|Lucario, F|
|poke|p2|Indeedee, M|
|poke|p2|Darkrai|
|poke|p2|Ogerpon, F|
|poke|p2|Landorus-Therian, M|
|poke|p2|Raging Bolt|
|poke|p2|Kingambit, F|
|teampreview
|inactive|Battle timer is ON: inactive players will automatically lose when time's up. (requested by Kwazy Kupcakes)
|
|t:|1779685191
|teamsize|p1|6
|teamsize|p2|6
|start
|switch|p1a: Gholdengo|Gholdengo|100/100
|switch|p2a: Indeedee|Indeedee, M|100/100
|-fieldstart|move: Psychic Terrain|[from] ability: Psychic Surge|[of] p2a: Indeedee
|turn|1
|
|t:|1779685200
|move|p2a: Indeedee|Shadow Ball|p1a: Gholdengo
|-supereffective|p1a: Gholdengo
|-damage|p1a: Gholdengo|41/100
|move|p1a: Gholdengo|Make It Rain|p2a: Indeedee
|-damage|p2a: Indeedee|7/100
|-unboost|p1a: Gholdengo|spa|1
|
|upkeep
|turn|2
|
|t:|1779685211
|switch|p2a: Darkrai|Darkrai|100/100
|switch|p1a: Iron Jugulis|Iron Jugulis|100/100
|-enditem|p1a: Iron Jugulis|Booster Energy
|-activate|p1a: Iron Jugulis|ability: Quark Drive|[fromitem]
|-start|p1a: Iron Jugulis|quarkdrivespe
|
|upkeep
|turn|3
|
|t:|1779685227
|move|p2a: Darkrai|Ice Beam|p1a: Iron Jugulis
|-supereffective|p1a: Iron Jugulis
|-damage|p1a: Iron Jugulis|26/100
|move|p1a: Iron Jugulis|Taunt|p2a: Darkrai
|-start|p2a: Darkrai|move: Taunt
|
|upkeep
|turn|4
|
|t:|1779685232
|-end|p1a: Iron Jugulis|Quark Drive|[silent]
|switch|p1a: Gholdengo|Gholdengo|41/100
|move|p2a: Darkrai|Ice Beam|p1a: Gholdengo
|-resisted|p1a: Gholdengo
|-damage|p1a: Gholdengo|24/100
|
|upkeep
|turn|5
|
|t:|1779685244
|switch|p2a: Raging Bolt|Raging Bolt|100/100
|move|p1a: Gholdengo|Focus Blast|p2a: Raging Bolt
|-damage|p2a: Raging Bolt|78/100
|
|-fieldend|move: Psychic Terrain
|upkeep
|turn|6
|
|t:|1779685255
|switch|p1a: Garchomp|Garchomp, F, shiny|100/100
|move|p2a: Raging Bolt|Draco Meteor|p1a: Garchomp
|-supereffective|p1a: Garchomp
|-crit|p1a: Garchomp
|-damage|p1a: Garchomp|0 fnt
|-unboost|p2a: Raging Bolt|spa|2
|faint|p1a: Garchomp
|
|upkeep
|
|t:|1779685258
|switch|p1a: Iron Treads|Iron Treads|100/100
|turn|7
|
|t:|1779685266
|-end|p2a: Raging Bolt|Protosynthesis|[silent]
|switch|p2a: Landorus|Landorus-Therian, M|100/100
|-ability|p2a: Landorus|Intimidate|boost
|-unboost|p1a: Iron Treads|atk|1
|move|p1a: Iron Treads|Knock Off|p2a: Landorus
|-damage|p2a: Landorus|77/100
|-enditem|p2a: Landorus|Heavy-Duty Boots|[from] move: Knock Off|[of] p1a: Iron Treads
|
|upkeep
|turn|8
|
|t:|1779685274
|-end|p1a: Iron Treads|Quark Drive|[silent]
|switch|p1a: Meowscarada|Meowscarada, F|100/100
|move|p2a: Landorus|Stealth Rock|p1a: Meowscarada
|-sidestart|p1: Prudis|move: Stealth Rock
|
|upkeep
|turn|9
|
|t:|1779685289
|-terastallize|p2a: Landorus|Steel
|move|p1a: Meowscarada|Spikes|p2a: Landorus
|-sidestart|p2: Kwazy Kupcakes|Spikes
|move|p2a: Landorus|U-turn|p1a: Meowscarada
|-supereffective|p1a: Meowscarada
|-enditem|p1a: Meowscarada|Focus Sash
|-damage|p1a: Meowscarada|1/100
|inactive|Kwazy Kupcakes has 120 seconds left.
|
|t:|1779685310
|switch|p2a: Ogerpon|Ogerpon, F|100/100|[from] U-turn
|-damage|p2a: Ogerpon|88/100|[from] Spikes
|
|upkeep
|turn|10
|inactive|Kwazy Kupcakes has 120 seconds left.
|
|t:|1779685322
|move|p1a: Meowscarada|Leaf Storm|p2a: Ogerpon
|-resisted|p2a: Ogerpon
|-damage|p2a: Ogerpon|48/100
|-unboost|p1a: Meowscarada|spa|2
|move|p2a: Ogerpon|Ivy Cudgel|p1a: Meowscarada
|-resisted|p1a: Meowscarada
|-damage|p1a: Meowscarada|0 fnt
|faint|p1a: Meowscarada
|
|upkeep
|
|t:|1779685345
|switch|p1a: Iron Treads|Iron Treads|100/100
|turn|11
|
|t:|1779685353
|switch|p2a: Landorus|Landorus-Therian, M, tera:Steel|77/100
|-damage|p2a: Landorus|65/100|[from] Spikes
|-ability|p2a: Landorus|Intimidate|boost
|-unboost|p1a: Iron Treads|atk|1
|move|p1a: Iron Treads|Rapid Spin|p2a: Landorus
|-resisted|p2a: Landorus
|-damage|p2a: Landorus|58/100
|-boost|p1a: Iron Treads|spe|1
|-sideend|p1: Prudis|Stealth Rock|[from] move: Rapid Spin|[of] p1a: Iron Treads
|
|upkeep
|turn|12
|
|t:|1779685363
|move|p1a: Iron Treads|Earthquake|p2a: Landorus
|-supereffective|p2a: Landorus
|-damage|p2a: Landorus|0 fnt
|faint|p2a: Landorus
|
|upkeep
|inactive|Kwazy Kupcakes has 120 seconds left.
|
|t:|1779685380
|switch|p2a: Darkrai|Darkrai|100/100
|-damage|p2a: Darkrai|88/100|[from] Spikes
|turn|13
|
|t:|1779685400
|move|p2a: Darkrai|Focus Blast|p1a: Iron Treads
|-supereffective|p1a: Iron Treads
|-damage|p1a: Iron Treads|0 fnt
|faint|p1a: Iron Treads
|-end|p1a: Iron Treads|Quark Drive|[silent]
|
|upkeep
|
|t:|1779685403
|switch|p1a: Gholdengo|Gholdengo|24/100
|turn|14
|
|t:|1779685409
|switch|p2a: Indeedee|Indeedee, M|7/100
|-damage|p2a: Indeedee|0 fnt|[from] Spikes
|faint|p2a: Indeedee
|move|p1a: Gholdengo|Shadow Ball|p2: Indeedee|[notarget]
|-fail|p1a: Gholdengo
|
|upkeep
|
|t:|1779685416
|switch|p2a: Ogerpon|Ogerpon, F|48/100
|-damage|p2a: Ogerpon|35/100|[from] Spikes
|turn|15
|
|t:|1779685424
|move|p1a: Gholdengo|Shadow Ball|p2a: Ogerpon
|-damage|p2a: Ogerpon|0 fnt
|faint|p2a: Ogerpon
|
|upkeep
|
|t:|1779685430
|switch|p2a: Raging Bolt|Raging Bolt|78/100
|-damage|p2a: Raging Bolt|65/100|[from] Spikes
|turn|16
|
|t:|1779685439
|move|p1a: Gholdengo|Shadow Ball|p2a: Raging Bolt
|-damage|p2a: Raging Bolt|40/100
|move|p2a: Raging Bolt|Volt Switch|p1a: Gholdengo
|-damage|p1a: Gholdengo|0 fnt
|faint|p1a: Gholdengo
|
|t:|1779685445
|-end|p2a: Raging Bolt|Protosynthesis|[silent]
|switch|p2a: Darkrai|Darkrai|88/100|[from] Volt Switch
|-damage|p2a: Darkrai|76/100|[from] Spikes
|
|upkeep
|
|t:|1779685457
|switch|p1a: Lucario|Lucario, F|100/100
|turn|17
|
|t:|1779685463
|-terastallize|p1a: Lucario|Normal
|move|p1a: Lucario|Extreme Speed|p2a: Darkrai
|-damage|p2a: Darkrai|27/100
|move|p2a: Darkrai|Focus Blast|p1a: Lucario
|-supereffective|p1a: Lucario
|-enditem|p1a: Lucario|Focus Sash
|-damage|p1a: Lucario|1/100
|
|upkeep
|turn|18
|
|t:|1779685474
|move|p1a: Lucario|Extreme Speed|p2a: Darkrai
|-damage|p2a: Darkrai|0 fnt
|faint|p2a: Darkrai
|
|upkeep
|
|t:|1779685485
|switch|p2a: Kingambit|Kingambit, F|100/100
|-damage|p2a: Kingambit|88/100|[from] Spikes
|-activate|p2a: Kingambit|ability: Supreme Overlord
|-start|p2a: Kingambit|fallen4|[silent]
|turn|19
|
|t:|1779685491
|move|p2a: Kingambit|Sucker Punch|p1a: Lucario
|-crit|p1a: Lucario
|-damage|p1a: Lucario|0 fnt
|faint|p1a: Lucario
|-damage|p2a: Kingambit|78/100|[from] item: Life Orb
|
|upkeep
|-message|Prudis forfeited.
|
|win|Kwazy Kupcakes
|raw|Prudis's rating: 1343 &rarr; <strong>1323</strong><br />(-20 for losing)
|raw|Kwazy Kupcakes's rating: 1339 &rarr; <strong>1359</strong><br />(+20 for winning)
|l|☆Prudis
|player|p1|
|l|☆Kwazy Kupcakes
|player|p2|
