|j|☆hueehuuuek
|j|☆divine2011
|t:|1779693367
|gametype|singles
|player|p1|hueehuuuek|steven|1385
|player|p2|divine2011|red|1350
|gen|9
|tier|[Gen 9] OU
|rated|
|rule|HP Percentage Mod: HP is shown in percentages
|rule|Endless Battle Clause: Forcing endless battles is banned
|rule|Species Clause: Limit one of each Pokémon
|rule|OHKO Clause: OHKO moves are banned
|rule|Evasion Items Clause: Evasion items are banned
|rule|Evasion Moves Clause: Evasion moves are banned
|rule|Evasion Abilities Clause: Evasion abilities are banned
|rule|Sleep Moves Clause: Sleep-inducing moves are banned
|clearpoke
|poke|p1|Suicune|
|poke|p1|Dragonite, M|
|poke|p1|Cinderace, M|
|poke|p1|Zamazenta-*|
|poke|p1|Blaziken, M|
|poke|p1|Zapdos-Galar|
|poke|p2|Gholdengo|
|poke|p2|Ursaluna, F|
|poke|p2|Mimikyu, M|
|poke|p2|Kingambit, M|
|poke|p2|Regidrago|
|poke|p2|Maushold-Four|
|teampreview
|inactive|Battle timer is ON: inactive players will automatically lose when time's up. (requested by hueehuuuek)
|inactive|divine2011 also wants the timer to be on.
|
|t:|1779693395
|teamsize|p1|6
|teamsize|p2|6
|start
|switch|p1a: Cinderace|Cinderace, M|100/100
|switch|p2a: The drago|Regidrago, shiny|100/100
|turn|1
|
|t:|1779693403
|move|p2a: The drago|Dragon Energy|p1a: Cinderace
|-damage|p1a: Cinderace|0 fnt
|faint|p1a: Cinderace
|
|upkeep
|
|t:|1779693413
|switch|p1a: Suicune|Suicune, shiny|100/100
|-ability|p1a: Suicune|Pressure
|turn|2
|
|t:|1779693417
|move|p2a: The drago|Dragon Energy|p1a: Suicune
|-damage|p1a: Suicune|23/100
|move|p1a: Suicune|Calm Mind|p1a: Suicune
|-boost|p1a: Suicune|spa|1
|-boost|p1a: Suicune|spd|1
|
|-heal|p1a: Suicune|29/100|[from] item: Leftovers
|upkeep
|turn|3
|
|t:|1779693425
|-terastallize|p1a: Suicune|Fairy
|move|p2a: The drago|Dragon Energy|p1a: Suicune
|-immune|p1a: Suicune
|move|p1a: Suicune|Rest|p1a: Suicune
|-status|p1a: Suicune|slp|[from] move: Rest
|-heal|p1a: Suicune|100/100 slp|[silent]
|
|upkeep
|turn|4
|
|t:|1779693436
|switch|p2a: Bisharp clears|Kingambit, M, shiny|100/100
|cant|p1a: Suicune|slp
|move|p1a: Suicune|Sleep Talk|p1a: Suicune
|move|p1a: Suicune|Calm Mind|p1a: Suicune|[from] move: Sleep Talk
|-boost|p1a: Suicune|spa|1
|-boost|p1a: Suicune|spd|1
|
|upkeep
|turn|5
|
|t:|1779693445
|cant|p1a: Suicune|slp
|move|p1a: Suicune|Sleep Talk|p1a: Suicune
|move|p1a: Suicune|Rest||[from] move: Sleep Talk|[still]
|-fail|p1a: Suicune
|move|p2a: Bisharp clears|Iron Head|p1a: Suicune
|-supereffective|p1a: Suicune
|-damage|p1a: Suicune|48/100 slp
|
|-heal|p1a: Suicune|55/100 slp|[from] item: Leftovers
|upkeep
|turn|6
|
|t:|1779693458
|-curestatus|p1a: Suicune|slp|[msg]
|move|p1a: Suicune|Scald|p2a: Bisharp clears
|-damage|p2a: Bisharp clears|48/100
|move|p2a: Bisharp clears|Iron Head|p1a: Suicune
|-supereffective|p1a: Suicune
|-damage|p1a: Suicune|0 fnt
|faint|p1a: Suicune
|
|-heal|p2a: Bisharp clears|54/100|[from] item: Leftovers
|upkeep
|
|t:|1779693465
|switch|p1a: Zapdos|Zapdos-Galar|100/100
|turn|7
|
|t:|1779693472
|-end|p2a: Bisharp clears|fallenundefined|[silent]
|switch|p2a: Zoroarkk|Mimikyu, M, shiny|100/100
|move|p1a: Zapdos|Substitute|p1a: Zapdos
|-start|p1a: Zapdos|Substitute
|-damage|p1a: Zapdos|76/100
|
|-heal|p1a: Zapdos|82/100|[from] item: Leftovers
|upkeep
|turn|8
|
|t:|1779693484
|move|p1a: Zapdos|Brave Bird|p2a: Zoroarkk
|-activate|p2a: Zoroarkk|ability: Disguise
|-damage|p2a: Zoroarkk|100/100
|detailschange|p2a: Zoroarkk|Mimikyu-Busted, M, shiny
|-damage|p2a: Zoroarkk|88/100|[from] pokemon: Mimikyu-Busted
|move|p2a: Zoroarkk|Play Rough|p1a: Zapdos|[miss]
|-miss|p2a: Zoroarkk|p1a: Zapdos
|
|-heal|p1a: Zapdos|88/100|[from] item: Leftovers
|upkeep
|turn|9
|
|t:|1779693496
|move|p1a: Zapdos|Bulk Up|p1a: Zapdos
|-boost|p1a: Zapdos|atk|1
|-boost|p1a: Zapdos|def|1
|move|p2a: Zoroarkk|Play Rough|p1a: Zapdos|[miss]
|-miss|p2a: Zoroarkk|p1a: Zapdos
|
|-heal|p1a: Zapdos|94/100|[from] item: Leftovers
|upkeep
|turn|10
|
|t:|1779693506
|move|p1a: Zapdos|Brave Bird|p2a: Zoroarkk
|-damage|p2a: Zoroarkk|0 fnt
|faint|p2a: Zoroarkk
|-damage|p1a: Zapdos|72/100|[from] Recoil
|
|-heal|p1a: Zapdos|78/100|[from] item: Leftovers
|upkeep
|
|t:|1779693516
|switch|p2a: Tuffness|Ursaluna, F, shiny|100/100
|turn|11
|
|t:|1779693522
|-terastallize|p2a: Tuffness|Fairy
|move|p1a: Zapdos|Bulk Up|p1a: Zapdos
|-boost|p1a: Zapdos|atk|1
|-boost|p1a: Zapdos|def|1
|move|p2a: Tuffness|Facade|p1a: Zapdos
|-activate|p1a: Zapdos|move: Substitute|[damage]
|
|-heal|p1a: Zapdos|84/100|[from] item: Leftovers
|-status|p2a: Tuffness|brn|[from] item: Flame Orb
|upkeep
|turn|12
|
|t:|1779693534
|move|p1a: Zapdos|Brave Bird|p2a: Tuffness
|-damage|p2a: Tuffness|13/100 brn
|-damage|p1a: Zapdos|42/100|[from] Recoil
|move|p2a: Tuffness|Facade|p1a: Zapdos
|-end|p1a: Zapdos|Substitute
|
|-heal|p1a: Zapdos|48/100|[from] item: Leftovers
|-damage|p2a: Tuffness|7/100 brn|[from] brn
|upkeep
|turn|13
|
|t:|1779693545
|move|p1a: Zapdos|Substitute|p1a: Zapdos
|-start|p1a: Zapdos|Substitute
|-damage|p1a: Zapdos|24/100
|move|p2a: Tuffness|Facade|p1a: Zapdos
|-crit|p1a: Zapdos
|-end|p1a: Zapdos|Substitute
|
|-heal|p1a: Zapdos|30/100|[from] item: Leftovers
|-damage|p2a: Tuffness|1/100 brn|[from] brn
|upkeep
|turn|14
|
|t:|1779693555
|move|p1a: Zapdos|Substitute|p1a: Zapdos
|-start|p1a: Zapdos|Substitute
|-damage|p1a: Zapdos|5/100
|move|p2a: Tuffness|Facade|p1a: Zapdos
|-end|p1a: Zapdos|Substitute
|
|-heal|p1a: Zapdos|11/100|[from] item: Leftovers
|-damage|p2a: Tuffness|0 fnt|[from] brn
|faint|p2a: Tuffness
|upkeep
|
|t:|1779693565
|switch|p2a: The drago|Regidrago, shiny|100/100
|turn|15
|
|t:|1779693576
|move|p2a: The drago|Dragon Energy|p1a: Zapdos
|-damage|p1a: Zapdos|0 fnt
|faint|p1a: Zapdos
|
|upkeep
|
|t:|1779693580
|switch|p1a: Blaziken|Blaziken, M|100/100
|turn|16
|
|t:|1779693583
|move|p2a: The drago|Dragon Energy|p1a: Blaziken
|-enditem|p1a: Blaziken|Focus Sash
|-damage|p1a: Blaziken|1/100
|move|p1a: Blaziken|Knock Off|p2a: The drago
|-damage|p2a: The drago|62/100
|-enditem|p2a: The drago|Choice Scarf|[from] move: Knock Off|[of] p1a: Blaziken
|
|-ability|p1a: Blaziken|Speed Boost|boost
|-boost|p1a: Blaziken|spe|1
|upkeep
|turn|17
|
|t:|1779693593
|move|p1a: Blaziken|Close Combat|p2a: The drago
|-damage|p2a: The drago|0 fnt
|-unboost|p1a: Blaziken|def|1
|-unboost|p1a: Blaziken|spd|1
|faint|p2a: The drago
|
|-ability|p1a: Blaziken|Speed Boost|boost
|-boost|p1a: Blaziken|spe|1
|upkeep
|
|t:|1779693602
|switch|p2a: Bisharp clears|Kingambit, M, shiny|54/100
|-activate|p2a: Bisharp clears|ability: Supreme Overlord
|-start|p2a: Bisharp clears|fallen3|[silent]
|turn|18
|
|t:|1779693607
|move|p1a: Blaziken|Upper Hand|p2a: Bisharp clears
|-supereffective|p2a: Bisharp clears
|-damage|p2a: Bisharp clears|0 fnt
|faint|p2a: Bisharp clears
|-end|p2a: Bisharp clears|fallen3|[silent]
|
|-ability|p1a: Blaziken|Speed Boost|boost
|-boost|p1a: Blaziken|spe|1
|upkeep
|
|t:|1779693614
|switch|p2a: gold and go|Gholdengo|100/100
|-item|p2a: gold and go|Air Balloon
|turn|19
|
|t:|1779693620
|move|p1a: Blaziken|Knock Off|p2a: gold and go
|-supereffective|p2a: gold and go
|-damage|p2a: gold and go|24/100
|-enditem|p2a: gold and go|Air Balloon
|move|p2a: gold and go|Shadow Ball|p1a: Blaziken
|-damage|p1a: Blaziken|0 fnt
|faint|p1a: Blaziken
|
|upkeep
|
|t:|1779693627
|switch|p1a: Zamazenta|Zamazenta|100/100
|-ability|p1a: Zamazenta|Dauntless Shield|boost
|-boost|p1a: Zamazenta|def|1
|turn|20
|
|t:|1779693633
|move|p1a: Zamazenta|Crunch|p2a: gold and go
|-supereffective|p2a: gold and go
|-damage|p2a: gold and go|0 fnt
|faint|p2a: gold and go
|
|upkeep
|
|t:|1779693638
|switch|p2a: The population|Maushold-Four, shiny|100/100
|turn|21
|
|t:|1779693642
|move|p1a: Zamazenta|Body Press|p2a: The population
|-supereffective|p2a: The population
|-damage|p2a: The population|0 fnt
|faint|p2a: The population
|
|win|hueehuuuek
|raw|hueehuuuek's rating: 1385 &rarr; <strong>1403</strong><br />(+18 for winning)
|raw|divine2011's rating: 1350 &rarr; <strong>1332</strong><br />(-18 for losing)
|l|☆divine2011
|player|p2|
|l|☆hueehuuuek
|player|p1|
