|j|☆lexshadow
|j|☆IgorCueio
|t:|1779569449
|gametype|singles
|player|p1|lexshadow|pokefan-gen4|1250
|player|p2|IgorCueio|265|1225
|gen|9
|tier|[Gen 9] OU
|rated|
|rule|HP Percentage Mod: HP is shown in percentages
|rule|Endless Battle Clause: Forcing endless battles is banned
|rule|Species Clause: Limit one of each Pokémon
|rule|OHKO Clause: OHKO moves are banned
|rule|Evasion Items Clause: Evasion items are banned
|rule|Evasion Moves Clause: Evasion moves are banned
|rule|Evasion Abilities Clause: Evasion abilities are banned
|rule|Sleep Moves Clause: Sleep-inducing moves are banned
|clearpoke
|poke|p1|Ninetales-Alola, F|
|poke|p1|Slowking-Galar, F|
|poke|p1|Samurott-Hisui, M|
|poke|p1|Zapdos|
|poke|p1|Iron Treads|
|poke|p1|Arcanine-Hisui, F|
|poke|p2|Kingambit, F|
|poke|p2|Meloetta|
|poke|p2|Rillaboom, F|
|poke|p2|Quaquaval, M|
|poke|p2|Ursaluna, M|
|poke|p2|Iron Moth|
|teampreview
|inactive|Battle timer is ON: inactive players will automatically lose when time's up. (requested by IgorCueio)
|
|t:|1779569473
|teamsize|p1|6
|teamsize|p2|6
|start
|switch|p1a: Samurott|Samurott-Hisui, M, shiny|100/100
|switch|p2a: Ursaluna|Ursaluna, M|100/100
|turn|1
|
|t:|1779569478
|move|p2a: Ursaluna|Protect|p2a: Ursaluna
|-singleturn|p2a: Ursaluna|Protect
|move|p1a: Samurott|Sacred Sword|p2a: Ursaluna
|-activate|p2a: Ursaluna|move: Protect
|
|-status|p2a: Ursaluna|brn|[from] item: Flame Orb
|upkeep
|turn|2
|
|t:|1779569486
|move|p1a: Samurott|Sacred Sword|p2a: Ursaluna
|-supereffective|p2a: Ursaluna
|-damage|p2a: Ursaluna|43/100 brn
|move|p2a: Ursaluna|Facade|p1a: Samurott
|-crit|p1a: Samurott
|-damage|p1a: Samurott|0 fnt
|faint|p1a: Samurott
|
|-damage|p2a: Ursaluna|37/100 brn|[from] brn
|upkeep
|
|t:|1779569500
|switch|p1a: Ninetales|Ninetales-Alola, F|100/100
|-weather|Snowscape|[from] ability: Snow Warning|[of] p1a: Ninetales
|turn|3
|
|t:|1779569505
|switch|p2a: Meloetta|Meloetta|100/100
|move|p1a: Ninetales|Freeze-Dry|p2a: Meloetta
|-damage|p2a: Meloetta|88/100
|
|-weather|Snowscape|[upkeep]
|upkeep
|turn|4
|
|t:|1779569515
|move|p1a: Ninetales|Aurora Veil|p1a: Ninetales
|-sidestart|p1: lexshadow|move: Aurora Veil
|move|p2a: Meloetta|Hyper Voice|p1a: Ninetales
|-crit|p1a: Ninetales
|-damage|p1a: Ninetales|17/100
|
|-weather|Snowscape|[upkeep]
|upkeep
|turn|5
|
|t:|1779569520
|switch|p1a: Slowking|Slowking-Galar, F|100/100
|move|p2a: Meloetta|Psyshock|p1a: Slowking
|-damage|p1a: Slowking|79/100
|
|-weather|Snowscape|[upkeep]
|upkeep
|turn|6
|
|t:|1779569529
|move|p2a: Meloetta|Psyshock|p1a: Slowking
|-damage|p1a: Slowking|57/100
|move|p1a: Slowking|Flamethrower|p2a: Meloetta
|-damage|p2a: Meloetta|75/100
|
|-weather|Snowscape|[upkeep]
|upkeep
|turn|7
|
|t:|1779569535
|move|p2a: Meloetta|Hyper Voice|p1a: Slowking
|-damage|p1a: Slowking|43/100
|move|p1a: Slowking|Sludge Wave|p2a: Meloetta
|-damage|p2a: Meloetta|53/100
|
|-weather|none
|upkeep
|turn|8
|inactive|lexshadow has 120 seconds left.
|inactive|lexshadow has 90 seconds left.
|
|t:|1779569596
|switch|p2a: Ursaluna|Ursaluna, M|37/100 brn
|move|p1a: Slowking|Sludge Wave|p2a: Ursaluna
|-resisted|p2a: Ursaluna
|-damage|p2a: Ursaluna|12/100 brn
|
|-damage|p2a: Ursaluna|5/100 brn|[from] brn
|upkeep
|turn|9
|
|t:|1779569603
|switch|p1a: Zapdos|Zapdos|100/100
|move|p2a: Ursaluna|Facade|p1a: Zapdos
|-damage|p1a: Zapdos|35/100
|
|-heal|p1a: Zapdos|41/100|[from] item: Leftovers
|-damage|p2a: Ursaluna|0 fnt|[from] brn
|faint|p2a: Ursaluna
|upkeep
|
|t:|1779569611
|switch|p2a: Meloetta|Meloetta|53/100
|turn|10
|
|t:|1779569617
|move|p1a: Zapdos|Roost|p1a: Zapdos
|-heal|p1a: Zapdos|91/100
|-singleturn|p1a: Zapdos|move: Roost
|move|p2a: Meloetta|Psyshock|p1a: Zapdos
|-damage|p1a: Zapdos|67/100
|
|-heal|p1a: Zapdos|73/100|[from] item: Leftovers
|upkeep
|turn|11
|
|t:|1779569625
|move|p1a: Zapdos|Thunderbolt|p2a: Meloetta
|-crit|p2a: Meloetta
|-damage|p2a: Meloetta|21/100
|move|p2a: Meloetta|Hyper Voice|p1a: Zapdos
|-damage|p1a: Zapdos|46/100
|
|-heal|p1a: Zapdos|52/100|[from] item: Leftovers
|-sideend|p1: lexshadow|move: Aurora Veil
|upkeep
|turn|12
|inactive|lexshadow has 120 seconds left.
|
|t:|1779569636
|move|p1a: Zapdos|Thunderbolt|p2a: Meloetta
|-damage|p2a: Meloetta|0 fnt
|faint|p2a: Meloetta
|
|-heal|p1a: Zapdos|58/100|[from] item: Leftovers
|upkeep
|
|t:|1779569659
|switch|p2a: Rillaboom|Rillaboom, F|100/100
|-fieldstart|move: Grassy Terrain|[from] ability: Grassy Surge|[of] p2a: Rillaboom
|turn|13
|inactive|lexshadow has 120 seconds left.
|
|t:|1779569673
|move|p1a: Zapdos|Roost|p1a: Zapdos
|-heal|p1a: Zapdos|100/100
|-singleturn|p1a: Zapdos|move: Roost
|move|p2a: Rillaboom|Drum Beating|p1a: Zapdos
|-damage|p1a: Zapdos|33/100
|-unboost|p1a: Zapdos|spe|1
|
|-heal|p1a: Zapdos|39/100|[from] Grassy Terrain
|-heal|p1a: Zapdos|45/100|[from] item: Leftovers
|upkeep
|turn|14
|inactive|lexshadow has 120 seconds left.
|
|t:|1779569687
|move|p2a: Rillaboom|Drum Beating|p1a: Zapdos
|-resisted|p1a: Zapdos
|-damage|p1a: Zapdos|13/100
|-unboost|p1a: Zapdos|spe|1
|move|p1a: Zapdos|Air Cutter|p2a: Rillaboom
|-supereffective|p2a: Rillaboom
|-crit|p2a: Rillaboom
|-damage|p2a: Rillaboom|40/100
|
|-heal|p2a: Rillaboom|46/100|[from] Grassy Terrain
|-heal|p1a: Zapdos|19/100|[from] item: Leftovers
|upkeep
|turn|15
|
|t:|1779569697
|switch|p1a: Slowking|Slowking-Galar, F|76/100
|move|p2a: Rillaboom|Drum Beating|p1a: Slowking
|-resisted|p1a: Slowking
|-damage|p1a: Slowking|47/100
|-unboost|p1a: Slowking|spe|1
|
|-heal|p2a: Rillaboom|53/100|[from] Grassy Terrain
|-heal|p1a: Slowking|53/100|[from] Grassy Terrain
|upkeep
|turn|16
|
|t:|1779569705
|move|p2a: Rillaboom|Drum Beating|p1a: Slowking
|-resisted|p1a: Slowking
|-damage|p1a: Slowking|25/100
|-unboost|p1a: Slowking|spe|1
|move|p1a: Slowking|Future Sight|p2a: Rillaboom
|-start|p1a: Slowking|move: Future Sight
|
|-heal|p2a: Rillaboom|59/100|[from] Grassy Terrain
|-heal|p1a: Slowking|31/100|[from] Grassy Terrain
|upkeep
|turn|17
|
|t:|1779569723
|switch|p1a: Ninetales|Ninetales-Alola, F|17/100
|-weather|Snowscape|[from] ability: Snow Warning|[of] p1a: Ninetales
|move|p2a: Rillaboom|Drum Beating|p1a: Ninetales
|-damage|p1a: Ninetales|0 fnt
|faint|p1a: Ninetales
|
|-weather|Snowscape|[upkeep]
|-heal|p2a: Rillaboom|65/100|[from] Grassy Terrain
|-fieldend|move: Grassy Terrain
|upkeep
|
|t:|1779569729
|switch|p1a: Iron Treads|Iron Treads, shiny|100/100
|turn|18
|
|t:|1779569736
|move|p1a: Iron Treads|Ice Spinner|p2a: Rillaboom
|-supereffective|p2a: Rillaboom
|-damage|p2a: Rillaboom|0 fnt
|faint|p2a: Rillaboom
|-damage|p1a: Iron Treads|91/100|[from] item: Life Orb
|
|-weather|Snowscape|[upkeep]
|-hint|Future Sight did not hit because the target is fainted.
|upkeep
|
|t:|1779569742
|switch|p2a: Quaquaval|Quaquaval, M|100/100
|turn|19
|
|t:|1779569757
|move|p1a: Iron Treads|Wild Charge|p2a: Quaquaval
|-supereffective|p2a: Quaquaval
|-damage|p2a: Quaquaval|25/100
|-enditem|p2a: Quaquaval|Salac Berry|[eat]
|-boost|p2a: Quaquaval|spe|1|[from] item: Salac Berry
|-damage|p1a: Iron Treads|72/100|[from] Recoil
|-damage|p1a: Iron Treads|62/100|[from] item: Life Orb
|move|p2a: Quaquaval|Aqua Step|p1a: Iron Treads
|-supereffective|p1a: Iron Treads
|-damage|p1a: Iron Treads|0 fnt
|-boost|p2a: Quaquaval|spe|1
|faint|p1a: Iron Treads
|-end|p1a: Iron Treads|Quark Drive|[silent]
|-ability|p2a: Quaquaval|Moxie|boost
|-boost|p2a: Quaquaval|atk|1
|
|-weather|Snowscape|[upkeep]
|upkeep
|
|t:|1779569769
|switch|p1a: Arcanine|Arcanine-Hisui, F, shiny|100/100
|turn|20
|
|t:|1779569774
|move|p1a: Arcanine|Extreme Speed|p2a: Quaquaval
|-damage|p2a: Quaquaval|0 fnt
|faint|p2a: Quaquaval
|
|-weather|Snowscape|[upkeep]
|upkeep
|
|t:|1779569787
|switch|p2a: Iron Moth|Iron Moth|100/100
|-enditem|p2a: Iron Moth|Booster Energy
|-activate|p2a: Iron Moth|ability: Quark Drive|[fromitem]
|-start|p2a: Iron Moth|quarkdrivespe
|turn|21
|
|t:|1779569794
|switch|p1a: Zapdos|Zapdos|19/100
|move|p2a: Iron Moth|Energy Ball|p1a: Zapdos
|-resisted|p1a: Zapdos
|-damage|p1a: Zapdos|2/100
|
|-weather|none
|-heal|p1a: Zapdos|8/100|[from] item: Leftovers
|upkeep
|turn|22
|
|t:|1779569802
|move|p2a: Iron Moth|Fiery Dance|p1a: Zapdos
|-damage|p1a: Zapdos|0 fnt
|faint|p1a: Zapdos
|
|upkeep
|
|t:|1779569809
|switch|p1a: Slowking|Slowking-Galar, F|64/100
|turn|23
|
|t:|1779569817
|move|p2a: Iron Moth|Fiery Dance|p1a: Slowking
|-damage|p1a: Slowking|39/100
|-boost|p2a: Iron Moth|spa|1
|move|p1a: Slowking|Surf|p2a: Iron Moth
|-supereffective|p2a: Iron Moth
|-damage|p2a: Iron Moth|44/100
|
|upkeep
|turn|24
|
|t:|1779569827
|-terastallize|p2a: Iron Moth|Grass
|move|p2a: Iron Moth|Fiery Dance|p1a: Slowking
|-damage|p1a: Slowking|3/100
|-boost|p2a: Iron Moth|spa|1
|move|p1a: Slowking|Surf|p2a: Iron Moth
|-resisted|p2a: Iron Moth
|-damage|p2a: Iron Moth|28/100
|
|upkeep
|turn|25
|
|t:|1779569842
|switch|p1a: Arcanine|Arcanine-Hisui, F, shiny|100/100
|move|p2a: Iron Moth|Fiery Dance|p1a: Arcanine
|-resisted|p1a: Arcanine
|-damage|p1a: Arcanine|74/100
|-boost|p2a: Iron Moth|spa|1
|
|upkeep
|turn|26
|
|t:|1779569848
|move|p1a: Arcanine|Extreme Speed|p2a: Iron Moth
|-damage|p2a: Iron Moth|0 fnt
|faint|p2a: Iron Moth
|-end|p2a: Iron Moth|Quark Drive|[silent]
|
|upkeep
|
|t:|1779569853
|switch|p2a: Kingambit|Kingambit, F|100/100
|-activate|p2a: Kingambit|ability: Supreme Overlord
|-start|p2a: Kingambit|fallen5|[silent]
|turn|27
|
|t:|1779569858
|switch|p1a: Slowking|Slowking-Galar, F|36/100
|move|p2a: Kingambit|Sucker Punch||[still]
|-fail|p2a: Kingambit
|
|upkeep
|turn|28
|
|t:|1779569865
|move|p2a: Kingambit|Kowtow Cleave|p1a: Slowking
|-supereffective|p1a: Slowking
|-damage|p1a: Slowking|0 fnt
|faint|p1a: Slowking
|
|upkeep
|
|t:|1779569869
|switch|p1a: Arcanine|Arcanine-Hisui, F, shiny|74/100
|turn|29
|
|t:|1779569898
|-terastallize|p1a: Arcanine|Normal
|move|p1a: Arcanine|Extreme Speed|p2a: Kingambit
|-resisted|p2a: Kingambit
|-damage|p2a: Kingambit|74/100
|move|p2a: Kingambit|Low Kick|p1a: Arcanine
|-supereffective|p1a: Arcanine
|-damage|p1a: Arcanine|0 fnt
|faint|p1a: Arcanine
|
|win|IgorCueio
|raw|lexshadow's rating: 1250 &rarr; <strong>1223</strong><br />(-27 for losing)
|raw|IgorCueio's rating: 1225 &rarr; <strong>1252</strong><br />(+27 for winning)
|l|☆IgorCueio
|player|p2|
|l|☆lexshadow
|player|p1|
