|j|☆Whole Lotta Doom
|j|☆takenoko111
|t:|1779679630
|gametype|singles
|player|p1|Whole Lotta Doom|102|1500
|player|p2|takenoko111|170|1500
|gen|9
|tier|[Gen 9] OU
|rated|
|rule|HP Percentage Mod: HP is shown in percentages
|rule|Endless Battle Clause: Forcing endless battles is banned
|rule|Species Clause: Limit one of each Pokémon
|rule|OHKO Clause: OHKO moves are banned
|rule|Evasion Items Clause: Evasion items are banned
|rule|Evasion Moves Clause: Evasion moves are banned
|rule|Evasion Abilities Clause: Evasion abilities are banned
|rule|Sleep Moves Clause: Sleep-inducing moves are banned
|clearpoke
|poke|p1|Tyranitar, F|
|poke|p1|Pelipper, F|
|poke|p1|Torkoal, F|
|poke|p1|Raging Bolt|
|poke|p1|Barraskewda, F|
|poke|p1|Excadrill, F|
|poke|p2|Dragonite, F|
|poke|p2|Hippowdon, M|
|poke|p2|Dragapult, F|
|poke|p2|Mimikyu, F|
|poke|p2|Pawmot, F|
|poke|p2|Kingambit, M|
|teampreview
|
|t:|1779679652
|teamsize|p1|6
|teamsize|p2|6
|start
|switch|p1a: Shaq in the 3rd|Pelipper, F|100/100
|switch|p2a: Dragonite|Dragonite, F|100/100
|-weather|RainDance|[from] ability: Drizzle|[of] p1a: Shaq in the 3rd
|turn|1
|
|t:|1779679659
|move|p2a: Dragonite|Thunderbolt|p1a: Shaq in the 3rd
|-supereffective|p1a: Shaq in the 3rd
|-crit|p1a: Shaq in the 3rd
|-damage|p1a: Shaq in the 3rd|0 fnt
|faint|p1a: Shaq in the 3rd
|-damage|p2a: Dragonite|91/100|[from] item: Life Orb
|
|-weather|RainDance|[upkeep]
|upkeep
|
|t:|1779679666
|switch|p1a: Osama bin Laden|Tyranitar, F, shiny|100/100
|-weather|Sandstorm|[from] ability: Sand Stream|[of] p1a: Osama bin Laden
|turn|2
|c|☆Whole Lotta Doom|sheesh
|
|t:|1779679677
|switch|p2a: Hippowdon|Hippowdon, M|100/100
|move|p1a: Osama bin Laden|Dragon Dance|p1a: Osama bin Laden
|-boost|p1a: Osama bin Laden|atk|1
|-boost|p1a: Osama bin Laden|spe|1
|
|-weather|Sandstorm|[upkeep]
|upkeep
|turn|3
|
|t:|1779679692
|move|p1a: Osama bin Laden|Dragon Dance|p1a: Osama bin Laden
|-boost|p1a: Osama bin Laden|atk|1
|-boost|p1a: Osama bin Laden|spe|1
|move|p2a: Hippowdon|Roar|p1a: Osama bin Laden
|drag|p1a: Kobe in the 4th|Barraskewda, F, shiny|100/100
|
|-weather|Sandstorm|[upkeep]
|-damage|p1a: Kobe in the 4th|94/100|[from] Sandstorm
|upkeep
|turn|4
|c|☆takenoko111|change that fucking nick name
|c|☆Whole Lotta Doom|why
|c|☆takenoko111|kobe and shaq is nice but
|c|☆Whole Lotta Doom|its a real name
|c|☆Whole Lotta Doom|a lot of osama
|
|t:|1779679732
|switch|p2a: Dragonite|Dragonite, F|91/100
|move|p1a: Kobe in the 4th|Liquidation|p2a: Dragonite
|-resisted|p2a: Dragonite
|-damage|p2a: Dragonite|55/100
|
|-weather|Sandstorm|[upkeep]
|-damage|p1a: Kobe in the 4th|88/100|[from] Sandstorm
|-damage|p2a: Dragonite|48/100|[from] Sandstorm
|upkeep
|turn|5
|c|☆Whole Lotta Doom|'s that exist
|c|☆Whole Lotta Doom|quite common to be honest
|
|t:|1779679753
|switch|p1a: Son of Odin|Raging Bolt|100/100
|move|p2a: Dragonite|Extreme Speed|p1a: Son of Odin
|-damage|p1a: Son of Odin|65/100
|-damage|p2a: Dragonite|39/100|[from] item: Life Orb
|
|-weather|Sandstorm|[upkeep]
|-damage|p2a: Dragonite|32/100|[from] Sandstorm
|-damage|p1a: Son of Odin|59/100|[from] Sandstorm
|upkeep
|turn|6
|
|t:|1779679762
|move|p2a: Dragonite|Earthquake|p1a: Son of Odin
|-supereffective|p1a: Son of Odin
|-damage|p1a: Son of Odin|0 fnt
|faint|p1a: Son of Odin
|-end|p1a: Son of Odin|Protosynthesis|[silent]
|-damage|p2a: Dragonite|22/100|[from] item: Life Orb
|
|-weather|none
|upkeep
|c|☆takenoko111|never mind
|inactive|Battle timer is ON: inactive players will automatically lose when time's up. (requested by takenoko111)
|inactive|Whole Lotta Doom has 120 seconds left.
|c|☆takenoko111|hey
|
|t:|1779679840
|switch|p1a: No No No|Torkoal, F, shiny|100/100
|-weather|SunnyDay|[from] ability: Drought|[of] p1a: No No No
|turn|7
|
|t:|1779679857
|move|p2a: Dragonite|Earthquake|p1a: No No No
|-supereffective|p1a: No No No
|-damage|p1a: No No No|40/100
|-damage|p2a: Dragonite|13/100|[from] item: Life Orb
|move|p1a: No No No|Will-O-Wisp|p2a: Dragonite
|-status|p2a: Dragonite|brn
|
|-weather|SunnyDay|[upkeep]
|-heal|p1a: No No No|46/100|[from] item: Leftovers
|-damage|p2a: Dragonite|6/100 brn|[from] brn
|upkeep
|turn|8
|c|☆Whole Lotta Doom|insane , never expected mix dragonite , might steal that one
|
|t:|1779679876
|move|p2a: Dragonite|Thunderbolt|p1a: No No No
|-damage|p1a: No No No|5/100
|-damage|p2a: Dragonite|0 fnt|[from] item: Life Orb
|faint|p2a: Dragonite
|move|p1a: No No No|Stealth Rock|p2: Dragonite
|-sidestart|p2: takenoko111|move: Stealth Rock
|
|-weather|SunnyDay|[upkeep]
|-heal|p1a: No No No|12/100|[from] item: Leftovers
|upkeep
|
|t:|1779679898
|switch|p2a: Dragapult|Dragapult, F|100/100
|-damage|p2a: Dragapult|88/100|[from] Stealth Rock
|turn|9
|
|t:|1779679906
|move|p2a: Dragapult|Shadow Ball|p1a: No No No
|-damage|p1a: No No No|0 fnt
|faint|p1a: No No No
|
|-weather|SunnyDay|[upkeep]
|upkeep
|
|t:|1779679910
|switch|p1a: Osama bin Laden|Tyranitar, F, shiny|100/100
|-weather|Sandstorm|[from] ability: Sand Stream|[of] p1a: Osama bin Laden
|turn|10
|
|t:|1779679917
|switch|p2a: Hippowdon|Hippowdon, M|100/100
|-damage|p2a: Hippowdon|94/100|[from] Stealth Rock
|move|p1a: Osama bin Laden|Knock Off|p2a: Hippowdon
|-damage|p2a: Hippowdon|61/100
|-enditem|p2a: Hippowdon|Sitrus Berry|[from] move: Knock Off|[of] p1a: Osama bin Laden
|
|-weather|Sandstorm|[upkeep]
|upkeep
|turn|11
|inactive|Whole Lotta Doom has 120 seconds left.
|
|t:|1779679950
|move|p1a: Osama bin Laden|Ice Punch|p2a: Hippowdon
|-supereffective|p2a: Hippowdon
|-damage|p2a: Hippowdon|25/100
|move|p2a: Hippowdon|Earthquake|p1a: Osama bin Laden
|-supereffective|p1a: Osama bin Laden
|-damage|p1a: Osama bin Laden|37/100
|
|-weather|Sandstorm|[upkeep]
|-heal|p1a: Osama bin Laden|43/100|[from] item: Leftovers
|upkeep
|turn|12
|inactive|Whole Lotta Doom has 120 seconds left.
|
|t:|1779679969
|move|p1a: Osama bin Laden|Ice Punch|p2a: Hippowdon
|-supereffective|p2a: Hippowdon
|-damage|p2a: Hippowdon|0 fnt
|faint|p2a: Hippowdon
|
|-weather|Sandstorm|[upkeep]
|-heal|p1a: Osama bin Laden|49/100|[from] item: Leftovers
|upkeep
|
|t:|1779679979
|switch|p2a: Dragapult|Dragapult, F|88/100
|-damage|p2a: Dragapult|76/100|[from] Stealth Rock
|turn|13
|c|☆Whole Lotta Doom|seesh
|inactive|takenoko111 has 120 seconds left.
|
|t:|1779680002
|move|p2a: Dragapult|Surf|p1a: Osama bin Laden
|-supereffective|p1a: Osama bin Laden
|-damage|p1a: Osama bin Laden|0 fnt
|faint|p1a: Osama bin Laden
|
|-weather|Sandstorm|[upkeep]
|-damage|p2a: Dragapult|70/100|[from] Sandstorm
|upkeep
|
|t:|1779680009
|switch|p1a: Curry for Three|Excadrill, F, shiny|100/100
|turn|14
|
|t:|1779680015
|move|p1a: Curry for Three|Earthquake|p2a: Dragapult
|-damage|p2a: Dragapult|0 fnt
|faint|p2a: Dragapult
|
|-weather|none
|upkeep
|
|t:|1779680023
|switch|p2a: Mimikyu|Mimikyu, F|100/100
|-damage|p2a: Mimikyu|88/100|[from] Stealth Rock
|turn|15
|
|t:|1779680031
|move|p2a: Mimikyu|Curse|p1a: Curry for Three
|-start|p1a: Curry for Three|Curse|[of] p2a: Mimikyu
|-damage|p2a: Mimikyu|38/100
|move|p1a: Curry for Three|Earthquake|p2a: Mimikyu
|-activate|p2a: Mimikyu|ability: Disguise
|-damage|p2a: Mimikyu|38/100
|detailschange|p2a: Mimikyu|Mimikyu-Busted, F
|-damage|p2a: Mimikyu|26/100|[from] pokemon: Mimikyu-Busted
|
|-damage|p1a: Curry for Three|76/100|[from] Curse
|upkeep
|turn|16
|c|☆Whole Lotta Doom|seesh
|
|t:|1779680047
|move|p2a: Mimikyu|Shadow Claw|p1a: Curry for Three
|-damage|p1a: Curry for Three|31/100
|move|p1a: Curry for Three|Earthquake|p2a: Mimikyu
|-damage|p2a: Mimikyu|0 fnt
|faint|p2a: Mimikyu
|
|-damage|p1a: Curry for Three|6/100|[from] Curse
|upkeep
|c|☆Whole Lotta Doom|what drugs is your team on
|
|t:|1779680056
|switch|p2a: Kingambit|Kingambit, M|100/100
|-damage|p2a: Kingambit|94/100|[from] Stealth Rock
|-activate|p2a: Kingambit|ability: Supreme Overlord
|-start|p2a: Kingambit|fallen4|[silent]
|turn|17
|
|t:|1779680066
|move|p2a: Kingambit|Sucker Punch|p1a: Curry for Three
|-crit|p1a: Curry for Three
|-damage|p1a: Curry for Three|0 fnt
|faint|p1a: Curry for Three
|
|upkeep
|
|t:|1779680068
|switch|p1a: Kobe in the 4th|Barraskewda, F, shiny|88/100
|turn|18
|
|t:|1779680082
|-terastallize|p1a: Kobe in the 4th|Water
|move|p2a: Kingambit|Sucker Punch|p1a: Kobe in the 4th
|-damage|p1a: Kobe in the 4th|0 fnt
|faint|p1a: Kobe in the 4th
|
|win|takenoko111
|raw|Whole Lotta Doom's rating: 1500 &rarr; <strong>1480</strong><br />(-20 for losing)
|raw|takenoko111's rating: 1500 &rarr; <strong>1520</strong><br />(+20 for winning)
|c|☆Whole Lotta Doom|g
|c|☆Whole Lotta Doom|g
|c|☆takenoko111|gg
|c|☆takenoko111|same rate
|c|☆Whole Lotta Doom|lol
|c|☆Whole Lotta Doom|I get lucky
|l|☆takenoko111
|player|p2|
|c|☆Whole Lotta Doom|im no good really
|l|☆Whole Lotta Doom
|player|p1|
