|j|☆gyhe
|j|☆ohko_charjabug
|t:|1779583783
|gametype|singles
|player|p1|gyhe|1|1616
|player|p2|ohko_charjabug|sophocles|1558
|gen|9
|tier|[Gen 9] OU
|rated|
|rule|HP Percentage Mod: HP is shown in percentages
|rule|Endless Battle Clause: Forcing endless battles is banned
|rule|Species Clause: Limit one of each Pokémon
|rule|OHKO Clause: OHKO moves are banned
|rule|Evasion Items Clause: Evasion items are banned
|rule|Evasion Moves Clause: Evasion moves are banned
|rule|Evasion Abilities Clause: Evasion abilities are banned
|rule|Sleep Moves Clause: Sleep-inducing moves are banned
|clearpoke
|poke|p1|Lokix, M|
|poke|p1|Pecharunt|
|poke|p1|Zamazenta-*|
|poke|p1|Ting-Lu|
|poke|p1|Latios, M|
|poke|p1|Gliscor, M|
|poke|p2|Weezing-Galar, M|
|poke|p2|Kingambit, F|
|poke|p2|Gliscor, M|
|poke|p2|Kyurem|
|poke|p2|Quaquaval, M|
|poke|p2|Ogerpon-Cornerstone, F|
|teampreview
|
|t:|1779583814
|teamsize|p1|6
|teamsize|p2|6
|start
|switch|p1a: Gliscor|Gliscor, M|100/100
|switch|p2a: Batman|Gliscor, M|100/100
|turn|1
|
|t:|1779583819
|move|p2a: Batman|Protect|p2a: Batman
|-singleturn|p2a: Batman|Protect
|move|p1a: Gliscor|Knock Off|p2a: Batman
|-activate|p2a: Batman|move: Protect
|
|-status|p1a: Gliscor|tox|[from] item: Toxic Orb
|-status|p2a: Batman|tox|[from] item: Toxic Orb
|upkeep
|turn|2
|
|t:|1779583822
|move|p1a: Gliscor|Spikes|p2a: Batman
|-sidestart|p2: ohko_charjabug|Spikes
|move|p2a: Batman|Stealth Rock|p1a: Gliscor
|-sidestart|p1: gyhe|move: Stealth Rock
|
|upkeep
|turn|3
|
|t:|1779583831
|move|p1a: Gliscor|Spikes|p2a: Batman
|-sidestart|p2: ohko_charjabug|Spikes
|move|p2a: Batman|U-turn|p1a: Gliscor
|-resisted|p1a: Gliscor
|-damage|p1a: Gliscor|95/100 tox
|
|t:|1779583847
|switch|p2a: Gooey|Quaquaval, M|100/100|[from] U-turn
|-damage|p2a: Gooey|84/100|[from] Spikes
|
|-heal|p1a: Gliscor|100/100 tox|[from] ability: Poison Heal
|upkeep
|turn|4
|
|t:|1779583853
|switch|p1a: Pecharunt|Pecharunt|100/100
|move|p2a: Gooey|Knock Off|p1a: Pecharunt
|-supereffective|p1a: Pecharunt
|-damage|p1a: Pecharunt|68/100
|-enditem|p1a: Pecharunt|Heavy-Duty Boots|[from] move: Knock Off|[of] p2a: Gooey
|
|upkeep
|turn|5
|
|t:|1779583862
|switch|p2a: Batman|Gliscor, M|100/100 tox
|move|p1a: Pecharunt|Recover|p1a: Pecharunt
|-heal|p1a: Pecharunt|100/100
|
|upkeep
|turn|6
|
|t:|1779583867
|move|p1a: Pecharunt|Parting Shot|p2a: Batman
|-unboost|p2a: Batman|atk|1
|-unboost|p2a: Batman|spa|1
|
|t:|1779583870
|switch|p1a: Gliscor|Gliscor, M|100/100 tox|[from] Parting Shot
|-damage|p1a: Gliscor|88/100 tox|[from] Stealth Rock
|move|p2a: Batman|Earthquake|p1a: Gliscor
|-immune|p1a: Gliscor
|
|-heal|p1a: Gliscor|100/100 tox|[from] ability: Poison Heal
|upkeep
|turn|7
|
|t:|1779583873
|move|p1a: Gliscor|Spikes|p2a: Batman
|-sidestart|p2: ohko_charjabug|Spikes
|move|p2a: Batman|U-turn|p1a: Gliscor
|-resisted|p1a: Gliscor
|-damage|p1a: Gliscor|97/100 tox
|
|t:|1779583877
|switch|p2a: Kyutie|Kyurem|100/100|[from] U-turn
|-damage|p2a: Kyutie|75/100|[from] Spikes
|-ability|p2a: Kyutie|Pressure
|
|-heal|p2a: Kyutie|82/100|[from] item: Leftovers
|-heal|p1a: Gliscor|100/100 tox|[from] ability: Poison Heal
|upkeep
|turn|8
|
|t:|1779583897
|switch|p1a: Ting-Lu|Ting-Lu|100/100
|-damage|p1a: Ting-Lu|94/100|[from] Stealth Rock
|-ability|p1a: Ting-Lu|Vessel of Ruin
|move|p2a: Kyutie|Substitute|p2a: Kyutie
|-start|p2a: Kyutie|Substitute
|-damage|p2a: Kyutie|57/100
|
|-heal|p2a: Kyutie|63/100|[from] item: Leftovers
|-heal|p1a: Ting-Lu|100/100|[from] item: Leftovers
|upkeep
|turn|9
|
|t:|1779583899
|move|p2a: Kyutie|Freeze-Dry|p1a: Ting-Lu
|-supereffective|p1a: Ting-Lu
|-damage|p1a: Ting-Lu|72/100
|move|p1a: Ting-Lu|Whirlwind|p2a: Kyutie
|drag|p2a: Smokey|Weezing-Galar, M|100/100
|-damage|p2a: Smokey|76/100|[from] Spikes
|-fieldstart|move: Misty Terrain|[from] ability: Misty Surge|[of] p2a: Smokey
|
|-heal|p1a: Ting-Lu|79/100|[from] item: Leftovers
|upkeep
|turn|10
|
|t:|1779583907
|move|p2a: Smokey|Strange Steam|p1a: Ting-Lu
|-supereffective|p1a: Ting-Lu
|-damage|p1a: Ting-Lu|27/100
|move|p1a: Ting-Lu|Earthquake|p2a: Smokey
|-supereffective|p2a: Smokey
|-damage|p2a: Smokey|0 fnt
|faint|p2a: Smokey
|
|-heal|p1a: Ting-Lu|34/100|[from] item: Leftovers
|upkeep
|
|t:|1779583912
|switch|p2a: Gooey|Quaquaval, M|84/100
|-damage|p2a: Gooey|59/100|[from] Spikes
|turn|11
|
|t:|1779583914
|switch|p1a: Pecharunt|Pecharunt|100/100
|-damage|p1a: Pecharunt|88/100|[from] Stealth Rock
|move|p2a: Gooey|Rapid Spin|p1a: Pecharunt
|-immune|p1a: Pecharunt
|
|upkeep
|turn|12
|
|t:|1779583924
|move|p2a: Gooey|Rapid Spin|p1a: Pecharunt
|-immune|p1a: Pecharunt
|move|p1a: Pecharunt|Parting Shot|p2a: Gooey
|-unboost|p2a: Gooey|atk|1
|-unboost|p2a: Gooey|spa|1
|
|t:|1779583929
|switch|p1a: Latios|Latios, M|100/100|[from] Parting Shot
|-damage|p1a: Latios|88/100|[from] Stealth Rock
|
|upkeep
|turn|13
|
|t:|1779583932
|switch|p2a: King Pin|Kingambit, F|100/100
|-damage|p2a: King Pin|76/100|[from] Spikes
|-activate|p2a: King Pin|ability: Supreme Overlord
|-start|p2a: King Pin|fallen1|[silent]
|move|p1a: Latios|Psychic Noise|p2a: King Pin
|-immune|p2a: King Pin
|
|-heal|p2a: King Pin|82/100|[from] item: Leftovers
|-fieldend|Misty Terrain
|upkeep
|turn|14
|j| Inothtunothtino
|
|t:|1779583935
|move|p1a: Latios|Flip Turn|p2a: King Pin
|-damage|p2a: King Pin|73/100
|l| Inothtunothtino
|
|t:|1779583944
|switch|p1a: Lokix|Lokix, M|100/100|[from] Flip Turn
|move|p2a: King Pin|Swords Dance|p2a: King Pin
|-boost|p2a: King Pin|atk|2
|
|-heal|p2a: King Pin|79/100|[from] item: Leftovers
|upkeep
|turn|15
|
|t:|1779583949
|move|p1a: Lokix|First Impression|p2a: King Pin
|-damage|p2a: King Pin|47/100
|move|p2a: King Pin|Iron Head|p1a: Lokix
|-crit|p1a: Lokix
|-damage|p1a: Lokix|0 fnt
|faint|p1a: Lokix
|
|-heal|p2a: King Pin|54/100|[from] item: Leftovers
|upkeep
|
|t:|1779583953
|switch|p1a: Zamazenta|Zamazenta|100/100
|-ability|p1a: Zamazenta|Dauntless Shield|boost
|-boost|p1a: Zamazenta|def|1
|turn|16
|
|t:|1779583963
|-terastallize|p2a: King Pin|Ghost
|move|p1a: Zamazenta|Close Combat|p2a: King Pin
|-immune|p2a: King Pin
|move|p2a: King Pin|Iron Head|p1a: Zamazenta
|-damage|p1a: Zamazenta|37/100
|
|-heal|p2a: King Pin|60/100|[from] item: Leftovers
|upkeep
|turn|17
|
|t:|1779583970
|switch|p1a: Gliscor|Gliscor, M|100/100 tox
|-damage|p1a: Gliscor|88/100 tox|[from] Stealth Rock
|move|p2a: King Pin|Iron Head|p1a: Gliscor
|-damage|p1a: Gliscor|5/100 tox
|
|-heal|p2a: King Pin|66/100|[from] item: Leftovers
|-heal|p1a: Gliscor|18/100 tox|[from] ability: Poison Heal
|upkeep
|turn|18
|
|t:|1779583973
|move|p2a: King Pin|Sucker Punch|p1a: Gliscor
|-damage|p1a: Gliscor|0 fnt
|faint|p1a: Gliscor
|
|-heal|p2a: King Pin|72/100|[from] item: Leftovers
|upkeep
|
|t:|1779583976
|switch|p1a: Pecharunt|Pecharunt|88/100
|-damage|p1a: Pecharunt|76/100|[from] Stealth Rock
|turn|19
|
|t:|1779583980
|-terastallize|p1a: Pecharunt|Dark
|move|p1a: Pecharunt|Foul Play|p2a: King Pin
|-supereffective|p2a: King Pin
|-damage|p2a: King Pin|0 fnt
|faint|p2a: King Pin
|-end|p2a: King Pin|fallen1|[silent]
|
|upkeep
|
|t:|1779583985
|switch|p2a: Gooey|Quaquaval, M|59/100
|-damage|p2a: Gooey|35/100|[from] Spikes
|turn|20
|
|t:|1779583991
|move|p2a: Gooey|Rapid Spin|p1a: Pecharunt
|-damage|p1a: Pecharunt|68/100
|-boost|p2a: Gooey|spe|1
|-sideend|p2: ohko_charjabug|Spikes|[from] move: Rapid Spin|[of] p2a: Gooey
|move|p1a: Pecharunt|Foul Play|p2a: Gooey
|-resisted|p2a: Gooey
|-damage|p2a: Gooey|4/100
|
|upkeep
|turn|21
|
|t:|1779583993
|move|p2a: Gooey|Close Combat|p1a: Pecharunt
|-supereffective|p1a: Pecharunt
|-damage|p1a: Pecharunt|15/100
|-unboost|p2a: Gooey|def|1
|-unboost|p2a: Gooey|spd|1
|move|p1a: Pecharunt|Recover|p1a: Pecharunt
|-heal|p1a: Pecharunt|65/100
|
|upkeep
|turn|22
|
|t:|1779583997
|move|p2a: Gooey|Close Combat|p1a: Pecharunt
|-supereffective|p1a: Pecharunt
|-damage|p1a: Pecharunt|13/100
|-unboost|p2a: Gooey|def|1
|-unboost|p2a: Gooey|spd|1
|move|p1a: Pecharunt|Recover|p1a: Pecharunt
|-heal|p1a: Pecharunt|63/100
|
|upkeep
|turn|23
|
|t:|1779583999
|move|p2a: Gooey|Close Combat|p1a: Pecharunt
|-supereffective|p1a: Pecharunt
|-damage|p1a: Pecharunt|9/100
|-unboost|p2a: Gooey|def|1
|-unboost|p2a: Gooey|spd|1
|move|p1a: Pecharunt|Malignant Chain|p2a: Gooey
|-damage|p2a: Gooey|0 fnt
|faint|p2a: Gooey
|
|upkeep
|
|t:|1779584004
|switch|p2a: Kyutie|Kyurem|63/100
|-ability|p2a: Kyutie|Pressure
|turn|24
|
|t:|1779584009
|move|p2a: Kyutie|Freeze-Dry|p1a: Pecharunt
|-damage|p1a: Pecharunt|0 fnt
|faint|p1a: Pecharunt
|
|-heal|p2a: Kyutie|69/100|[from] item: Leftovers
|upkeep
|
|t:|1779584013
|switch|p1a: Latios|Latios, M|88/100
|-damage|p1a: Latios|76/100|[from] Stealth Rock
|turn|25
|
|t:|1779584015
|move|p1a: Latios|Draco Meteor|p2a: Kyutie
|-supereffective|p2a: Kyutie
|-damage|p2a: Kyutie|0 fnt
|-unboost|p1a: Latios|spa|2
|faint|p2a: Kyutie
|
|upkeep
|
|t:|1779584019
|switch|p2a: Batman|Gliscor, M|100/100 tox
|turn|26
|
|t:|1779584034
|switch|p1a: Ting-Lu|Ting-Lu|34/100
|-damage|p1a: Ting-Lu|27/100|[from] Stealth Rock
|-ability|p1a: Ting-Lu|Vessel of Ruin
|move|p2a: Batman|U-turn|p1a: Ting-Lu
|-supereffective|p1a: Ting-Lu
|-damage|p1a: Ting-Lu|11/100
|
|t:|1779584036
|switch|p2a: Oni-Chan|Ogerpon-Cornerstone, F|100/100|[from] U-turn
|
|-heal|p1a: Ting-Lu|18/100|[from] item: Leftovers
|upkeep
|turn|27
|
|t:|1779584039
|move|p2a: Oni-Chan|Horn Leech|p1a: Ting-Lu
|-supereffective|p1a: Ting-Lu
|-damage|p1a: Ting-Lu|0 fnt
|faint|p1a: Ting-Lu
|
|upkeep
|
|t:|1779584041
|switch|p1a: Zamazenta|Zamazenta|37/100
|turn|28
|
|t:|1779584043
|move|p1a: Zamazenta|Close Combat|p2a: Oni-Chan
|-supereffective|p2a: Oni-Chan
|-ability|p2a: Oni-Chan|Sturdy
|-damage|p2a: Oni-Chan|1/100
|-unboost|p1a: Zamazenta|def|1
|-unboost|p1a: Zamazenta|spd|1
|move|p2a: Oni-Chan|Horn Leech|p1a: Zamazenta
|-damage|p1a: Zamazenta|0 fnt
|-heal|p2a: Oni-Chan|20/100|[from] drain|[of] p1a: Zamazenta
|faint|p1a: Zamazenta
|
|upkeep
|
|t:|1779584044
|switch|p1a: Latios|Latios, M|76/100
|-damage|p1a: Latios|64/100|[from] Stealth Rock
|turn|29
|
|t:|1779584046
|move|p2a: Oni-Chan|Ivy Cudgel|p1a: Latios|[anim] Ivy Cudgel Rock
|-damage|p1a: Latios|0 fnt
|faint|p1a: Latios
|
|win|ohko_charjabug
|raw|gyhe's rating: 1616 &rarr; <strong>1593</strong><br />(-23 for losing)
|raw|ohko_charjabug's rating: 1558 &rarr; <strong>1581</strong><br />(+23 for winning)
|c|☆ohko_charjabug|Gg
|l|☆ohko_charjabug
|player|p2|
