|j|☆calvas
|j|☆draconotmeteor
|t:|1779697739
|gametype|singles
|player|p1|calvas|gentleman-gen4dp|1409
|player|p2|draconotmeteor|shauntal|1350
|gen|9
|tier|[Gen 9] OU
|rated|
|rule|HP Percentage Mod: HP is shown in percentages
|rule|Endless Battle Clause: Forcing endless battles is banned
|rule|Species Clause: Limit one of each Pokémon
|rule|OHKO Clause: OHKO moves are banned
|rule|Evasion Items Clause: Evasion items are banned
|rule|Evasion Moves Clause: Evasion moves are banned
|rule|Evasion Abilities Clause: Evasion abilities are banned
|rule|Sleep Moves Clause: Sleep-inducing moves are banned
|clearpoke
|poke|p1|Dragapult, M|
|poke|p1|Great Tusk|
|poke|p1|Landorus-Therian, M|
|poke|p1|Enamorus, F|
|poke|p1|Ogerpon-Wellspring, F|
|poke|p1|Zamazenta-*|
|poke|p2|Cyclizar, F|
|poke|p2|Corviknight, F|
|poke|p2|Ting-Lu|
|poke|p2|Slowking-Galar, M|
|poke|p2|Kyurem|
|poke|p2|Garganacl, F|
|teampreview
|inactive|Battle timer is ON: inactive players will automatically lose when time's up. (requested by calvas)
|
|t:|1779697748
|teamsize|p1|6
|teamsize|p2|6
|start
|switch|p1a: Les Chicots|Great Tusk|100/100
|switch|p2a: Kyurem|Kyurem|100/100
|-ability|p2a: Kyurem|Pressure
|-enditem|p1a: Les Chicots|Booster Energy
|-activate|p1a: Les Chicots|ability: Protosynthesis|[fromitem]
|-start|p1a: Les Chicots|protosynthesisatk
|turn|1
|
|t:|1779697751
|move|p2a: Kyurem|Protect|p2a: Kyurem
|-singleturn|p2a: Kyurem|Protect
|move|p1a: Les Chicots|Close Combat|p2a: Kyurem
|-activate|p2a: Kyurem|move: Protect
|
|upkeep
|turn|2
|
|t:|1779697755
|move|p2a: Kyurem|Substitute|p2a: Kyurem
|-start|p2a: Kyurem|Substitute
|-damage|p2a: Kyurem|75/100
|move|p1a: Les Chicots|Close Combat|p2a: Kyurem
|-supereffective|p2a: Kyurem
|-end|p2a: Kyurem|Substitute
|-unboost|p1a: Les Chicots|def|1
|-unboost|p1a: Les Chicots|spd|1
|
|-heal|p2a: Kyurem|82/100|[from] item: Leftovers
|upkeep
|turn|3
|
|t:|1779697761
|-terastallize|p1a: Les Chicots|Steel
|move|p2a: Kyurem|Protect|p2a: Kyurem
|-singleturn|p2a: Kyurem|Protect
|move|p1a: Les Chicots|Close Combat|p2a: Kyurem
|-activate|p2a: Kyurem|move: Protect
|
|-heal|p2a: Kyurem|88/100|[from] item: Leftovers
|upkeep
|turn|4
|
|t:|1779697767
|-end|p1a: Les Chicots|Protosynthesis|[silent]
|switch|p1a: Enamorus|Enamorus, F|100/100
|-terastallize|p2a: Kyurem|Ground
|move|p2a: Kyurem|Earth Power|p1a: Enamorus
|-immune|p1a: Enamorus
|
|-heal|p2a: Kyurem|94/100|[from] item: Leftovers
|upkeep
|turn|5
|
|t:|1779697777
|move|p2a: Kyurem|Protect|p2a: Kyurem
|-singleturn|p2a: Kyurem|Protect
|move|p1a: Enamorus|Superpower|p2a: Kyurem
|-activate|p2a: Kyurem|move: Protect
|
|-heal|p2a: Kyurem|99/100|[from] item: Leftovers
|upkeep
|turn|6
|
|t:|1779697784
|move|p1a: Enamorus|Superpower|p2a: Kyurem
|-crit|p2a: Kyurem
|-damage|p2a: Kyurem|61/100
|-boost|p1a: Enamorus|atk|1
|-boost|p1a: Enamorus|def|1
|move|p2a: Kyurem|Freeze-Dry|p1a: Enamorus
|-supereffective|p1a: Enamorus
|-damage|p1a: Enamorus|5/100
|
|-heal|p2a: Kyurem|67/100|[from] item: Leftovers
|upkeep
|turn|7
|
|t:|1779697796
|switch|p1a: Les Chicots|Great Tusk, tera:Steel|100/100
|move|p2a: Kyurem|Protect||[still]
|-fail|p2a: Kyurem
|
|-heal|p2a: Kyurem|73/100|[from] item: Leftovers
|upkeep
|turn|8
|
|t:|1779697804
|move|p2a: Kyurem|Protect|p2a: Kyurem
|-singleturn|p2a: Kyurem|Protect
|move|p1a: Les Chicots|Rapid Spin|p2a: Kyurem
|-activate|p2a: Kyurem|move: Protect
|
|-heal|p2a: Kyurem|79/100|[from] item: Leftovers
|upkeep
|turn|9
|
|t:|1779697807
|move|p2a: Kyurem|Substitute|p2a: Kyurem
|-start|p2a: Kyurem|Substitute
|-damage|p2a: Kyurem|54/100
|move|p1a: Les Chicots|Rapid Spin|p2a: Kyurem
|-activate|p2a: Kyurem|move: Substitute|[damage]
|-boost|p1a: Les Chicots|spe|1
|
|-heal|p2a: Kyurem|60/100|[from] item: Leftovers
|upkeep
|turn|10
|
|t:|1779697808
|move|p1a: Les Chicots|Ice Spinner|p2a: Kyurem
|-supereffective|p2a: Kyurem
|-end|p2a: Kyurem|Substitute
|move|p2a: Kyurem|Earth Power|p1a: Les Chicots
|-supereffective|p1a: Les Chicots
|-damage|p1a: Les Chicots|0 fnt
|faint|p1a: Les Chicots
|-end|p1a: Les Chicots|Protosynthesis|[silent]
|
|-heal|p2a: Kyurem|67/100|[from] item: Leftovers
|upkeep
|
|t:|1779697821
|switch|p1a: Zamazenta|Zamazenta|100/100
|-ability|p1a: Zamazenta|Dauntless Shield|boost
|-boost|p1a: Zamazenta|def|1
|turn|11
|
|t:|1779697826
|switch|p2a: Slowking|Slowking-Galar, M|100/100
|move|p1a: Zamazenta|Iron Defense|p1a: Zamazenta
|-boost|p1a: Zamazenta|def|2
|
|upkeep
|turn|12
|
|t:|1779697830
|move|p2a: Slowking|Thunder Wave|p1a: Zamazenta|[miss]
|-miss|p2a: Slowking|p1a: Zamazenta
|move|p1a: Zamazenta|Roar|p2a: Slowking
|drag|p2a: Corviknight|Corviknight, F|100/100
|-ability|p2a: Corviknight|Pressure
|
|upkeep
|turn|13
|
|t:|1779697835
|switch|p2a: Slowking|Slowking-Galar, M|100/100
|move|p1a: Zamazenta|Iron Defense|p1a: Zamazenta
|-boost|p1a: Zamazenta|def|2
|
|upkeep
|turn|14
|
|t:|1779697837
|move|p2a: Slowking|Sludge Bomb|p1a: Zamazenta
|-damage|p1a: Zamazenta|69/100
|move|p1a: Zamazenta|Roar|p2a: Slowking
|drag|p2a: Cyclizar|Cyclizar, F|100/100
|
|-heal|p1a: Zamazenta|75/100|[from] item: Leftovers
|upkeep
|turn|15
|
|t:|1779697841
|switch|p2a: Slowking|Slowking-Galar, M|100/100
|move|p1a: Zamazenta|Body Press|p2a: Slowking
|-resisted|p2a: Slowking
|-damage|p2a: Slowking|66/100
|
|-heal|p1a: Zamazenta|81/100|[from] item: Leftovers
|upkeep
|turn|16
|
|t:|1779697848
|move|p1a: Zamazenta|Body Press|p2a: Slowking
|-resisted|p2a: Slowking
|-damage|p2a: Slowking|33/100
|move|p2a: Slowking|Thunder Wave|p1a: Zamazenta
|-status|p1a: Zamazenta|par
|
|-heal|p1a: Zamazenta|87/100 par|[from] item: Leftovers
|upkeep
|turn|17
|
|t:|1779697855
|move|p1a: Zamazenta|Body Press|p2a: Slowking
|-resisted|p2a: Slowking
|-damage|p2a: Slowking|0 fnt
|faint|p2a: Slowking
|
|-heal|p1a: Zamazenta|93/100 par|[from] item: Leftovers
|upkeep
|
|t:|1779697859
|switch|p2a: Kyurem|Kyurem, tera:Ground|67/100
|-ability|p2a: Kyurem|Pressure
|turn|18
|
|t:|1779697862
|move|p2a: Kyurem|Protect|p2a: Kyurem
|-singleturn|p2a: Kyurem|Protect
|move|p1a: Zamazenta|Body Press|p2a: Kyurem
|-activate|p2a: Kyurem|move: Protect
|
|-heal|p2a: Kyurem|73/100|[from] item: Leftovers
|-heal|p1a: Zamazenta|99/100 par|[from] item: Leftovers
|upkeep
|turn|19
|
|t:|1779697865
|move|p2a: Kyurem|Substitute|p2a: Kyurem
|-start|p2a: Kyurem|Substitute
|-damage|p2a: Kyurem|48/100
|move|p1a: Zamazenta|Body Press|p2a: Kyurem
|-end|p2a: Kyurem|Substitute
|
|-heal|p2a: Kyurem|54/100|[from] item: Leftovers
|-heal|p1a: Zamazenta|100/100 par|[from] item: Leftovers
|upkeep
|turn|20
|
|t:|1779697870
|move|p2a: Kyurem|Protect|p2a: Kyurem
|-singleturn|p2a: Kyurem|Protect
|move|p1a: Zamazenta|Body Press|p2a: Kyurem
|-activate|p2a: Kyurem|move: Protect
|
|-heal|p2a: Kyurem|60/100|[from] item: Leftovers
|upkeep
|turn|21
|
|t:|1779697873
|move|p2a: Kyurem|Substitute|p2a: Kyurem
|-start|p2a: Kyurem|Substitute
|-damage|p2a: Kyurem|35/100
|move|p1a: Zamazenta|Body Press|p2a: Kyurem
|-end|p2a: Kyurem|Substitute
|
|-heal|p2a: Kyurem|41/100|[from] item: Leftovers
|upkeep
|turn|22
|
|t:|1779697878
|move|p2a: Kyurem|Substitute|p2a: Kyurem
|-start|p2a: Kyurem|Substitute
|-damage|p2a: Kyurem|16/100
|move|p1a: Zamazenta|Iron Defense|p1a: Zamazenta
|-boost|p1a: Zamazenta|def|1
|
|-heal|p2a: Kyurem|23/100|[from] item: Leftovers
|upkeep
|turn|23
|
|t:|1779697881
|move|p2a: Kyurem|Protect|p2a: Kyurem
|-singleturn|p2a: Kyurem|Protect
|cant|p1a: Zamazenta|par
|
|-heal|p2a: Kyurem|29/100|[from] item: Leftovers
|upkeep
|turn|24
|
|t:|1779697893
|move|p2a: Kyurem|Substitute|p2a: Kyurem
|-fail|p2a: Kyurem|move: Substitute
|cant|p1a: Zamazenta|par
|
|-heal|p2a: Kyurem|35/100|[from] item: Leftovers
|upkeep
|turn|25
|
|t:|1779697899
|move|p2a: Kyurem|Protect|p2a: Kyurem
|-singleturn|p2a: Kyurem|Protect
|move|p1a: Zamazenta|Body Press|p2a: Kyurem
|-activate|p2a: Kyurem|move: Protect
|
|-heal|p2a: Kyurem|41/100|[from] item: Leftovers
|upkeep
|turn|26
|
|t:|1779697905
|move|p2a: Kyurem|Freeze-Dry|p1a: Zamazenta
|-damage|p1a: Zamazenta|70/100 par
|move|p1a: Zamazenta|Roar|p2a: Kyurem
|drag|p2a: Garganacl|Garganacl, F|100/100
|
|-heal|p1a: Zamazenta|76/100 par|[from] item: Leftovers
|upkeep
|turn|27
|
|t:|1779697913
|switch|p2a: Corviknight|Corviknight, F|100/100
|-ability|p2a: Corviknight|Pressure
|cant|p1a: Zamazenta|par
|
|-heal|p1a: Zamazenta|82/100 par|[from] item: Leftovers
|upkeep
|turn|28
|
|t:|1779697917
|move|p1a: Zamazenta|Body Press|p2a: Corviknight
|-damage|p2a: Corviknight|19/100
|-damage|p1a: Zamazenta|66/100 par|[from] item: Rocky Helmet|[of] p2a: Corviknight
|move|p2a: Corviknight|Roost|p2a: Corviknight
|-heal|p2a: Corviknight|69/100
|-singleturn|p2a: Corviknight|move: Roost
|
|-heal|p1a: Zamazenta|72/100 par|[from] item: Leftovers
|upkeep
|turn|29
|
|t:|1779697923
|move|p1a: Zamazenta|Body Press|p2a: Corviknight
|-damage|p2a: Corviknight|0 fnt
|-damage|p1a: Zamazenta|55/100 par|[from] item: Rocky Helmet|[of] p2a: Corviknight
|faint|p2a: Corviknight
|
|-heal|p1a: Zamazenta|61/100 par|[from] item: Leftovers
|upkeep
|
|t:|1779697925
|switch|p2a: Kyurem|Kyurem, tera:Ground|41/100
|-ability|p2a: Kyurem|Pressure
|turn|30
|
|t:|1779697931
|move|p2a: Kyurem|Protect|p2a: Kyurem
|-singleturn|p2a: Kyurem|Protect
|move|p1a: Zamazenta|Iron Head|p2a: Kyurem
|-activate|p2a: Kyurem|move: Protect
|
|-heal|p2a: Kyurem|47/100|[from] item: Leftovers
|-heal|p1a: Zamazenta|67/100 par|[from] item: Leftovers
|upkeep
|turn|31
|
|t:|1779697938
|switch|p2a: Ting-Lu|Ting-Lu|100/100
|-ability|p2a: Ting-Lu|Vessel of Ruin
|move|p1a: Zamazenta|Iron Head|p2a: Ting-Lu
|-damage|p2a: Ting-Lu|88/100
|
|-heal|p1a: Zamazenta|73/100 par|[from] item: Leftovers
|-heal|p2a: Ting-Lu|95/100|[from] item: Leftovers
|upkeep
|turn|32
|
|t:|1779697948
|switch|p1a: Landorus|Landorus-Therian, M|100/100
|-ability|p1a: Landorus|Intimidate|boost
|-unboost|p2a: Ting-Lu|atk|1
|move|p2a: Ting-Lu|Stealth Rock|p1a: Landorus
|-sidestart|p1: calvas|move: Stealth Rock
|
|-heal|p2a: Ting-Lu|100/100|[from] item: Leftovers
|upkeep
|turn|33
|
|t:|1779697954
|switch|p2a: Cyclizar|Cyclizar, F|100/100
|move|p1a: Landorus|Stealth Rock|p2a: Cyclizar
|-sidestart|p2: draconotmeteor|move: Stealth Rock
|
|upkeep
|turn|34
|
|t:|1779697958
|move|p2a: Cyclizar|Draco Meteor|p1a: Landorus
|-damage|p1a: Landorus|47/100
|-unboost|p2a: Cyclizar|spa|2
|move|p1a: Landorus|Earthquake|p2a: Cyclizar
|-crit|p2a: Cyclizar
|-damage|p2a: Cyclizar|0 fnt
|faint|p2a: Cyclizar
|
|-heal|p1a: Landorus|53/100|[from] item: Leftovers
|upkeep
|
|t:|1779697962
|switch|p2a: Kyurem|Kyurem, tera:Ground|47/100
|-damage|p2a: Kyurem|41/100|[from] Stealth Rock
|-ability|p2a: Kyurem|Pressure
|turn|35
|
|t:|1779697965
|move|p2a: Kyurem|Protect|p2a: Kyurem
|-singleturn|p2a: Kyurem|Protect
|move|p1a: Landorus|Protect||[still]
|-fail|p1a: Landorus
|
|-heal|p2a: Kyurem|47/100|[from] item: Leftovers
|-heal|p1a: Landorus|59/100|[from] item: Leftovers
|upkeep
|turn|36
|
|t:|1779697971
|move|p2a: Kyurem|Substitute|p2a: Kyurem
|-start|p2a: Kyurem|Substitute
|-damage|p2a: Kyurem|22/100
|move|p1a: Landorus|Earthquake|p2a: Kyurem
|-crit|p2a: Kyurem
|-end|p2a: Kyurem|Substitute
|
|-heal|p2a: Kyurem|28/100|[from] item: Leftovers
|-heal|p1a: Landorus|66/100|[from] item: Leftovers
|upkeep
|turn|37
|
|t:|1779697977
|switch|p1a: Air force One|Dragapult, M|100/100
|-damage|p1a: Air force One|88/100|[from] Stealth Rock
|move|p2a: Kyurem|Substitute|p2a: Kyurem
|-start|p2a: Kyurem|Substitute
|-damage|p2a: Kyurem|3/100
|
|-heal|p2a: Kyurem|10/100|[from] item: Leftovers
|upkeep
|turn|38
|
|t:|1779697983
|move|p2a: Kyurem|Protect|p2a: Kyurem
|-singleturn|p2a: Kyurem|Protect
|move|p1a: Air force One|Shadow Ball|p2a: Kyurem
|-activate|p2a: Kyurem|move: Protect
|
|-heal|p2a: Kyurem|16/100|[from] item: Leftovers
|upkeep
|turn|39
|
|t:|1779697987
|move|p1a: Air force One|Shadow Ball|p2a: Kyurem
|-damage|p2a: Kyurem|0 fnt
|faint|p2a: Kyurem
|
|upkeep
|
|t:|1779697989
|switch|p2a: Garganacl|Garganacl, F|100/100
|-damage|p2a: Garganacl|88/100|[from] Stealth Rock
|turn|40
|
|t:|1779697995
|move|p1a: Air force One|U-turn|p2a: Garganacl
|-damage|p2a: Garganacl|78/100
|
|t:|1779697997
|switch|p1a: Ogerpon|Ogerpon-Wellspring, F|100/100|[from] U-turn
|-damage|p1a: Ogerpon|88/100|[from] Stealth Rock
|move|p2a: Garganacl|Salt Cure|p1a: Ogerpon
|-damage|p1a: Ogerpon|69/100
|-start|p1a: Ogerpon|Salt Cure
|
|-heal|p2a: Garganacl|84/100|[from] item: Leftovers
|-damage|p1a: Ogerpon|44/100|[from] Salt Cure
|upkeep
|turn|41
|
|t:|1779698004
|move|p2a: Garganacl|Protect|p2a: Garganacl
|-singleturn|p2a: Garganacl|Protect
|move|p1a: Ogerpon|Power Whip|p2a: Garganacl
|-activate|p2a: Garganacl|move: Protect
|
|-heal|p2a: Garganacl|91/100|[from] item: Leftovers
|-damage|p1a: Ogerpon|19/100|[from] Salt Cure
|upkeep
|turn|42
|
|t:|1779698015
|switch|p2a: Ting-Lu|Ting-Lu|100/100
|-damage|p2a: Ting-Lu|94/100|[from] Stealth Rock
|-ability|p2a: Ting-Lu|Vessel of Ruin
|move|p1a: Ogerpon|Ivy Cudgel|p2a: Ting-Lu|[anim] Ivy Cudgel Water
|-supereffective|p2a: Ting-Lu
|-damage|p2a: Ting-Lu|32/100
|
|-heal|p2a: Ting-Lu|39/100|[from] item: Leftovers
|-damage|p1a: Ogerpon|0 fnt|[from] Salt Cure
|faint|p1a: Ogerpon
|upkeep
|
|t:|1779698025
|switch|p1a: Landorus|Landorus-Therian, M|66/100
|-damage|p1a: Landorus|53/100|[from] Stealth Rock
|-ability|p1a: Landorus|Intimidate|boost
|-unboost|p2a: Ting-Lu|atk|1
|turn|43
|
|t:|1779698029
|move|p1a: Landorus|Earthquake|p2a: Ting-Lu
|-damage|p2a: Ting-Lu|11/100
|move|p2a: Ting-Lu|Ruination|p1a: Landorus
|-damage|p1a: Landorus|27/100
|
|-heal|p1a: Landorus|33/100|[from] item: Leftovers
|-heal|p2a: Ting-Lu|17/100|[from] item: Leftovers
|upkeep
|turn|44
|
|t:|1779698032
|move|p1a: Landorus|Earthquake|p2a: Ting-Lu
|-damage|p2a: Ting-Lu|0 fnt
|faint|p2a: Ting-Lu
|
|-heal|p1a: Landorus|39/100|[from] item: Leftovers
|upkeep
|
|t:|1779698033
|switch|p2a: Garganacl|Garganacl, F|91/100
|-damage|p2a: Garganacl|78/100|[from] Stealth Rock
|turn|45
|
|t:|1779698035
|move|p2a: Garganacl|Protect|p2a: Garganacl
|-singleturn|p2a: Garganacl|Protect
|move|p1a: Landorus|Earthquake|p2a: Garganacl
|-activate|p2a: Garganacl|move: Protect
|
|-heal|p1a: Landorus|46/100|[from] item: Leftovers
|-heal|p2a: Garganacl|84/100|[from] item: Leftovers
|upkeep
|turn|46
|
|t:|1779698037
|move|p1a: Landorus|Earthquake|p2a: Garganacl
|-supereffective|p2a: Garganacl
|-crit|p2a: Garganacl
|-damage|p2a: Garganacl|0 fnt
|faint|p2a: Garganacl
|
|win|calvas
|raw|calvas's rating: 1409 &rarr; <strong>1426</strong><br />(+17 for winning)
|raw|draconotmeteor's rating: 1350 &rarr; <strong>1333</strong><br />(-17 for losing)
|l|☆calvas
|player|p1|
|l|☆draconotmeteor
|player|p2|
