|j|☆fvillatorm
|j|☆duli2010
|t:|1779722347
|gametype|singles
|player|p1|fvillatorm|palmer|1293
|player|p2|duli2010|bugcatcher-gen4dp|1338
|gen|9
|tier|[Gen 9] OU
|rated|
|rule|HP Percentage Mod: HP is shown in percentages
|rule|Endless Battle Clause: Forcing endless battles is banned
|rule|Species Clause: Limit one of each Pokémon
|rule|OHKO Clause: OHKO moves are banned
|rule|Evasion Items Clause: Evasion items are banned
|rule|Evasion Moves Clause: Evasion moves are banned
|rule|Evasion Abilities Clause: Evasion abilities are banned
|rule|Sleep Moves Clause: Sleep-inducing moves are banned
|clearpoke
|poke|p1|Dragonite, F|
|poke|p1|Deoxys-Speed|
|poke|p1|Ceruledge, F|
|poke|p1|Iron Valiant|
|poke|p1|Iron Treads|
|poke|p1|Dondozo, F|
|poke|p2|Weezing, F|
|poke|p2|Muk-Alola, F|
|poke|p2|Goodra, M|
|poke|p2|Hydrapple, F|
|poke|p2|Sylveon, F|
|poke|p2|Conkeldurr, M|
|teampreview
|
|t:|1779722352
|teamsize|p1|6
|teamsize|p2|6
|start
|switch|p1a: Deoxys|Deoxys-Speed|100/100
|switch|p2a: Muk|Muk-Alola, F|100/100
|-ability|p1a: Deoxys|Pressure
|turn|1
|inactive|Battle timer is ON: inactive players will automatically lose when time's up. (requested by fvillatorm)
|
|t:|1779722358
|move|p1a: Deoxys|Taunt|p2a: Muk
|-start|p2a: Muk|move: Taunt
|move|p2a: Muk|Knock Off|p1a: Deoxys
|-supereffective|p1a: Deoxys
|-enditem|p1a: Deoxys|Focus Sash
|-damage|p1a: Deoxys|1/100
|-status|p1a: Deoxys|psn|[from] ability: Poison Touch|[of] p2a: Muk
|
|-damage|p1a: Deoxys|0 fnt|[from] psn
|faint|p1a: Deoxys
|upkeep
|
|t:|1779722371
|switch|p1a: Iron Treads|Iron Treads|100/100
|-item|p1a: Iron Treads|Air Balloon
|turn|2
|
|t:|1779722388
|switch|p2a: Weezing|Weezing, F|100/100
|move|p1a: Iron Treads|Heavy Slam|p2a: Weezing
|-damage|p2a: Weezing|57/100
|
|-heal|p2a: Weezing|63/100|[from] item: Black Sludge
|upkeep
|turn|3
|
|t:|1779722401
|move|p1a: Iron Treads|Heavy Slam|p2a: Weezing
|-damage|p2a: Weezing|17/100
|move|p2a: Weezing|Will-O-Wisp|p1a: Iron Treads
|-status|p1a: Iron Treads|brn
|
|-heal|p2a: Weezing|23/100|[from] item: Black Sludge
|-damage|p1a: Iron Treads|94/100 brn|[from] brn
|upkeep
|turn|4
|
|t:|1779722411
|move|p1a: Iron Treads|Heavy Slam|p2a: Weezing
|-damage|p2a: Weezing|1/100
|move|p2a: Weezing|Pain Split|p1a: Iron Treads
|-sethp|p1a: Iron Treads|47/100 brn|[from] move: Pain Split|[silent]
|-sethp|p2a: Weezing|48/100|[from] move: Pain Split
|
|-heal|p2a: Weezing|54/100|[from] item: Black Sludge
|-damage|p1a: Iron Treads|41/100 brn|[from] brn
|upkeep
|turn|5
|
|t:|1779722426
|move|p1a: Iron Treads|Heavy Slam|p2a: Weezing
|-damage|p2a: Weezing|32/100
|move|p2a: Weezing|Flamethrower|p1a: Iron Treads
|-supereffective|p1a: Iron Treads
|-damage|p1a: Iron Treads|0 fnt
|-enditem|p1a: Iron Treads|Air Balloon
|faint|p1a: Iron Treads
|-end|p1a: Iron Treads|Quark Drive|[silent]
|
|-heal|p2a: Weezing|38/100|[from] item: Black Sludge
|upkeep
|
|t:|1779722442
|switch|p1a: Dragonite|Dragonite, F|100/100
|turn|6
|
|t:|1779722446
|-terastallize|p1a: Dragonite|Normal
|move|p1a: Dragonite|Extreme Speed|p2a: Weezing
|-damage|p2a: Weezing|1/100
|move|p2a: Weezing|Will-O-Wisp|p1a: Dragonite
|-status|p1a: Dragonite|brn
|
|-heal|p2a: Weezing|7/100|[from] item: Black Sludge
|-damage|p1a: Dragonite|94/100 brn|[from] brn
|upkeep
|turn|7
|-message|fvillatorm forfeited.
|
|win|duli2010
|raw|fvillatorm's rating: 1293 &rarr; <strong>1271</strong><br />(-22 for losing)
|raw|duli2010's rating: 1338 &rarr; <strong>1355</strong><br />(+17 for winning)
|l|☆fvillatorm
|player|p1|
|l|☆duli2010
|player|p2|
