|j|☆monday2026
|j|☆4W3N0
|t:|1779685713
|gametype|singles
|player|p1|monday2026|2|1585
|player|p2|4W3N0|101|1567
|gen|9
|tier|[Gen 9] OU
|rated|
|rule|HP Percentage Mod: HP is shown in percentages
|rule|Endless Battle Clause: Forcing endless battles is banned
|rule|Species Clause: Limit one of each Pokémon
|rule|OHKO Clause: OHKO moves are banned
|rule|Evasion Items Clause: Evasion items are banned
|rule|Evasion Moves Clause: Evasion moves are banned
|rule|Evasion Abilities Clause: Evasion abilities are banned
|rule|Sleep Moves Clause: Sleep-inducing moves are banned
|clearpoke
|poke|p1|Hoopa-Unbound|
|poke|p1|Regidrago|
|poke|p1|Ditto|
|poke|p1|Dondozo, F|
|poke|p1|Tyranitar, M|
|poke|p1|Iron Hands|
|poke|p2|Ninetales, M|
|poke|p2|Raging Bolt|
|poke|p2|Walking Wake|
|poke|p2|Great Tusk|
|poke|p2|Cresselia, F|
|poke|p2|Cinderace, F|
|teampreview
|inactive|Battle timer is ON: inactive players will automatically lose when time's up. (requested by monday2026)
|
|t:|1779685731
|teamsize|p1|6
|teamsize|p2|6
|start
|switch|p1a: Regidrago|Regidrago, shiny|100/100
|switch|p2a: Great Tusk|Great Tusk|100/100
|turn|1
|inactive|4W3N0 has 120 seconds left.
|
|t:|1779685769
|move|p1a: Regidrago|Dragon Energy|p2a: Great Tusk
|-damage|p2a: Great Tusk|0 fnt
|faint|p2a: Great Tusk
|-end|p2a: Great Tusk|Protosynthesis|[silent]
|
|upkeep
|
|t:|1779685774
|switch|p2a: Ninetales|Ninetales, M|100/100
|-weather|SunnyDay|[from] ability: Drought|[of] p2a: Ninetales
|turn|2
|
|t:|1779685776
|switch|p2a: Cresselia|Cresselia, F|100/100
|move|p1a: Regidrago|Dragon Energy|p2a: Cresselia
|-damage|p2a: Cresselia|35/100
|-enditem|p2a: Cresselia|Eject Button
|
|t:|1779685779
|switch|p2a: Walking Wake|Walking Wake|100/100
|-activate|p2a: Walking Wake|ability: Protosynthesis
|-start|p2a: Walking Wake|protosynthesisspe
|
|-weather|SunnyDay|[upkeep]
|upkeep
|turn|3
|
|t:|1779685790
|switch|p1a: Tyranitar|Tyranitar, M|100/100
|-weather|Sandstorm|[from] ability: Sand Stream|[of] p1a: Tyranitar
|-end|p2a: Walking Wake|Protosynthesis
|move|p2a: Walking Wake|Hydro Steam|p1a: Tyranitar
|-supereffective|p1a: Tyranitar
|-damage|p1a: Tyranitar|59/100
|
|-weather|Sandstorm|[upkeep]
|-damage|p2a: Walking Wake|94/100|[from] Sandstorm
|upkeep
|turn|4
|
|t:|1779685801
|-terastallize|p2a: Walking Wake|Water
|move|p2a: Walking Wake|Hydro Steam|p1a: Tyranitar
|-supereffective|p1a: Tyranitar
|-damage|p1a: Tyranitar|0 fnt
|faint|p1a: Tyranitar
|
|-weather|Sandstorm|[upkeep]
|-damage|p2a: Walking Wake|88/100|[from] Sandstorm
|upkeep
|
|t:|1779685812
|switch|p1a: Regidrago|Regidrago, shiny|100/100
|turn|5
|
|t:|1779685821
|-end|p2a: Walking Wake|Protosynthesis|[silent]
|switch|p2a: Cresselia|Cresselia, F|35/100
|move|p1a: Regidrago|Dragon Energy|p2a: Cresselia
|-damage|p2a: Cresselia|0 fnt
|faint|p2a: Cresselia
|
|-weather|Sandstorm|[upkeep]
|-damage|p1a: Regidrago|94/100|[from] Sandstorm
|upkeep
|
|t:|1779685824
|switch|p2a: Ninetales|Ninetales, M|100/100
|-weather|SunnyDay|[from] ability: Drought|[of] p2a: Ninetales
|turn|6
|
|t:|1779685837
|move|p1a: Regidrago|Dragon Energy|p2a: Ninetales
|-damage|p2a: Ninetales|0 fnt
|faint|p2a: Ninetales
|
|-weather|SunnyDay|[upkeep]
|upkeep
|
|t:|1779685839
|switch|p2a: Walking Wake|Walking Wake, tera:Water|88/100
|-activate|p2a: Walking Wake|ability: Protosynthesis
|-start|p2a: Walking Wake|protosynthesisspe
|turn|7
|
|t:|1779685849
|switch|p1a: Ditto|Ditto|100/100
|-transform|p1a: Ditto|p2a: Walking Wake|[from] ability: Imposter
|move|p2a: Walking Wake|Dragon Pulse|p1a: Ditto
|-supereffective|p1a: Ditto
|-damage|p1a: Ditto|0 fnt
|faint|p1a: Ditto
|-end|p1a: Ditto|Protosynthesis|[silent]
|
|-weather|SunnyDay|[upkeep]
|upkeep
|
|t:|1779685857
|switch|p1a: Iron Hands|Iron Hands|100/100
|-enditem|p1a: Iron Hands|Booster Energy
|-activate|p1a: Iron Hands|ability: Quark Drive|[fromitem]
|-start|p1a: Iron Hands|quarkdriveatk
|turn|8
|
|t:|1779685868
|move|p2a: Walking Wake|Dragon Pulse|p1a: Iron Hands
|-damage|p1a: Iron Hands|34/100
|move|p1a: Iron Hands|Supercell Slam|p2a: Walking Wake
|-supereffective|p2a: Walking Wake
|-damage|p2a: Walking Wake|0 fnt
|faint|p2a: Walking Wake
|-end|p2a: Walking Wake|Protosynthesis|[silent]
|
|-weather|SunnyDay|[upkeep]
|upkeep
|
|t:|1779685870
|switch|p2a: Raging Bolt|Raging Bolt|100/100
|-activate|p2a: Raging Bolt|ability: Protosynthesis
|-start|p2a: Raging Bolt|protosynthesisspa
|turn|9
|
|t:|1779685884
|move|p2a: Raging Bolt|Calm Mind|p2a: Raging Bolt
|-boost|p2a: Raging Bolt|spa|1
|-boost|p2a: Raging Bolt|spd|1
|move|p1a: Iron Hands|Close Combat|p2a: Raging Bolt
|-damage|p2a: Raging Bolt|16/100
|-unboost|p1a: Iron Hands|def|1
|-unboost|p1a: Iron Hands|spd|1
|
|-weather|SunnyDay|[upkeep]
|-heal|p2a: Raging Bolt|23/100|[from] item: Leftovers
|upkeep
|turn|10
|
|t:|1779685892
|move|p2a: Raging Bolt|Dragon Pulse|p1a: Iron Hands
|-damage|p1a: Iron Hands|0 fnt
|faint|p1a: Iron Hands
|-end|p1a: Iron Hands|Quark Drive|[silent]
|
|-weather|SunnyDay|[upkeep]
|-heal|p2a: Raging Bolt|29/100|[from] item: Leftovers
|upkeep
|
|t:|1779685898
|switch|p1a: Hoopa|Hoopa-Unbound|100/100
|turn|11
|
|t:|1779685905
|move|p2a: Raging Bolt|Thunderclap|p1a: Hoopa
|-damage|p1a: Hoopa|70/100
|move|p1a: Hoopa|Psychic|p2a: Raging Bolt
|-damage|p2a: Raging Bolt|0 fnt
|faint|p2a: Raging Bolt
|-end|p2a: Raging Bolt|Protosynthesis|[silent]
|
|-weather|SunnyDay|[upkeep]
|upkeep
|
|t:|1779685908
|switch|p2a: Cinderace|Cinderace, F|100/100
|turn|12
|
|t:|1779685912
|-terastallize|p1a: Hoopa|Fighting
|move|p2a: Cinderace|U-turn|p1a: Hoopa
|-start|p2a: Cinderace|typechange|Bug|[from] ability: Libero
|-resisted|p1a: Hoopa
|-damage|p1a: Hoopa|41/100
|move|p1a: Hoopa|Psychic|p2a: Cinderace
|-damage|p2a: Cinderace|29/100
|
|-weather|SunnyDay|[upkeep]
|upkeep
|turn|13
|-message|4W3N0 forfeited.
|
|win|monday2026
|raw|monday2026's rating: 1585 &rarr; <strong>1604</strong><br />(+19 for winning)
|raw|4W3N0's rating: 1567 &rarr; <strong>1548</strong><br />(-19 for losing)
|l|☆4W3N0
|player|p2|
|l|☆monday2026
|player|p1|
