|j|☆TWENNY7
|j|☆wubbybubbyjr
|t:|1779600139
|gametype|singles
|player|p1|TWENNY7|hau-stance|1540
|player|p2|wubbybubbyjr|preschooler|1667
|gen|9
|tier|[Gen 9] OU
|rated|
|rule|HP Percentage Mod: HP is shown in percentages
|rule|Endless Battle Clause: Forcing endless battles is banned
|rule|Species Clause: Limit one of each Pokémon
|rule|OHKO Clause: OHKO moves are banned
|rule|Evasion Items Clause: Evasion items are banned
|rule|Evasion Moves Clause: Evasion moves are banned
|rule|Evasion Abilities Clause: Evasion abilities are banned
|rule|Sleep Moves Clause: Sleep-inducing moves are banned
|clearpoke
|poke|p1|Iron Valiant|
|poke|p1|Tyranitar, M|
|poke|p1|Zapdos|
|poke|p1|Darkrai|
|poke|p1|Okidogi, M|
|poke|p1|Ogerpon, F|
|poke|p2|Deoxys-Speed|
|poke|p2|Gholdengo|
|poke|p2|Great Tusk|
|poke|p2|Darkrai|
|poke|p2|Ogerpon-Wellspring, F|
|poke|p2|Dragonite, M|
|teampreview
|inactive|Battle timer is ON: inactive players will automatically lose when time's up. (requested by wubbybubbyjr)
|inactive|wubbybubbyjr has 120 seconds left.
|
|t:|1779600185
|teamsize|p1|6
|teamsize|p2|6
|start
|switch|p1a: CODE:red|Tyranitar, M, shiny|100/100
|switch|p2a: Deoxys|Deoxys-Speed|100/100
|-ability|p2a: Deoxys|Pressure
|-weather|Sandstorm|[from] ability: Sand Stream|[of] p1a: CODE:red
|turn|1
|
|t:|1779600193
|-terastallize|p1a: CODE:red|Ghost
|move|p2a: Deoxys|Stealth Rock|p1a: CODE:red
|-sidestart|p1: TWENNY7|move: Stealth Rock
|move|p1a: CODE:red|Knock Off|p2a: Deoxys
|-supereffective|p2a: Deoxys
|-enditem|p2a: Deoxys|Focus Sash
|-damage|p2a: Deoxys|1/100
|
|-weather|Sandstorm|[upkeep]
|-damage|p2a: Deoxys|0 fnt|[from] Sandstorm
|-damage|p1a: CODE:red|94/100|[from] Sandstorm
|faint|p2a: Deoxys
|upkeep
|
|t:|1779600203
|switch|p2a: Darkrai|Darkrai|100/100
|turn|2
|
|t:|1779600212
|switch|p1a: RUNE 2H|Iron Valiant|100/100
|-damage|p1a: RUNE 2H|94/100|[from] Stealth Rock
|-enditem|p1a: RUNE 2H|Booster Energy
|-activate|p1a: RUNE 2H|ability: Quark Drive|[fromitem]
|-start|p1a: RUNE 2H|quarkdrivespe
|move|p2a: Darkrai|Dark Pulse|p1a: RUNE 2H
|-resisted|p1a: RUNE 2H
|-damage|p1a: RUNE 2H|64/100
|
|-weather|Sandstorm|[upkeep]
|-damage|p1a: RUNE 2H|58/100|[from] Sandstorm
|-damage|p2a: Darkrai|94/100|[from] Sandstorm
|upkeep
|turn|3
|
|t:|1779600227
|switch|p2a: Gholdengo|Gholdengo|100/100
|move|p1a: RUNE 2H|Moonblast|p2a: Gholdengo
|-resisted|p2a: Gholdengo
|-damage|p2a: Gholdengo|73/100
|
|-weather|Sandstorm|[upkeep]
|-damage|p1a: RUNE 2H|51/100|[from] Sandstorm
|upkeep
|turn|4
|
|t:|1779600233
|move|p1a: RUNE 2H|Destiny Bond|p1a: RUNE 2H
|-singlemove|p1a: RUNE 2H|Destiny Bond
|move|p2a: Gholdengo|Shadow Ball|p1a: RUNE 2H
|-damage|p1a: RUNE 2H|0 fnt
|faint|p1a: RUNE 2H
|-activate|p1a: RUNE 2H|move: Destiny Bond
|-end|p1a: RUNE 2H|Quark Drive|[silent]
|faint|p2a: Gholdengo
|
|-weather|Sandstorm|[upkeep]
|upkeep
|
|t:|1779600244
|switch|p1a: PONDER|Ogerpon, F|100/100
|switch|p2a: Ogerpon|Ogerpon-Wellspring, F|100/100
|-damage|p1a: PONDER|88/100|[from] Stealth Rock
|turn|5
|
|t:|1779600251
|move|p1a: PONDER|Ivy Cudgel|p2a: Ogerpon
|-damage|p2a: Ogerpon|37/100
|move|p2a: Ogerpon|U-turn|p1a: PONDER
|-supereffective|p1a: PONDER
|-damage|p1a: PONDER|15/100
|
|t:|1779600259
|switch|p2a: Darkrai|Darkrai|94/100|[from] U-turn
|
|-weather|none
|upkeep
|turn|6
|
|t:|1779600264
|move|p1a: PONDER|Ivy Cudgel|p2a: Darkrai
|-damage|p2a: Darkrai|25/100
|move|p2a: Darkrai|Dark Pulse|p1a: PONDER
|-damage|p1a: PONDER|0 fnt
|faint|p1a: PONDER
|
|upkeep
|
|t:|1779600271
|switch|p1a: Zzz|Darkrai|100/100
|-damage|p1a: Zzz|88/100|[from] Stealth Rock
|turn|7
|
|t:|1779600277
|move|p1a: Zzz|Ice Beam|p2a: Darkrai
|-damage|p2a: Darkrai|0 fnt
|faint|p2a: Darkrai
|
|upkeep
|
|t:|1779600284
|switch|p2a: Dragonite|Dragonite, M|100/100
|turn|8
|
|t:|1779600288
|switch|p1a: CODE:red|Tyranitar, M, shiny, tera:Ghost|94/100
|-damage|p1a: CODE:red|82/100|[from] Stealth Rock
|-weather|Sandstorm|[from] ability: Sand Stream|[of] p1a: CODE:red
|-terastallize|p2a: Dragonite|Normal
|move|p2a: Dragonite|Dragon Dance|p2a: Dragonite
|-boost|p2a: Dragonite|atk|1
|-boost|p2a: Dragonite|spe|1
|
|-weather|Sandstorm|[upkeep]
|-damage|p2a: Dragonite|94/100|[from] Sandstorm
|-damage|p1a: CODE:red|76/100|[from] Sandstorm
|upkeep
|turn|9
|
|t:|1779600293
|move|p2a: Dragonite|Earthquake|p1a: CODE:red
|-damage|p1a: CODE:red|31/100
|-enditem|p1a: CODE:red|Red Card|[of] p2a: Dragonite
|drag|p2a: Great Tusk|Great Tusk|100/100
|move|p1a: CODE:red|Knock Off|p2a: Great Tusk
|-resisted|p2a: Great Tusk
|-crit|p2a: Great Tusk
|-damage|p2a: Great Tusk|76/100
|-enditem|p2a: Great Tusk|Heavy-Duty Boots|[from] move: Knock Off|[of] p1a: CODE:red
|
|-weather|Sandstorm|[upkeep]
|-damage|p1a: CODE:red|25/100|[from] Sandstorm
|upkeep
|turn|10
|
|t:|1779600301
|move|p2a: Great Tusk|Knock Off|p1a: CODE:red
|-supereffective|p1a: CODE:red
|-damage|p1a: CODE:red|0 fnt
|faint|p1a: CODE:red
|
|-weather|Sandstorm|[upkeep]
|upkeep
|
|t:|1779600310
|switch|p1a: SHOXY|Zapdos|100/100
|-damage|p1a: SHOXY|76/100|[from] Stealth Rock
|turn|11
|
|t:|1779600328
|move|p2a: Great Tusk|Knock Off|p1a: SHOXY
|-damage|p1a: SHOXY|34/100
|-status|p2a: Great Tusk|par|[from] ability: Static|[of] p1a: SHOXY
|-enditem|p1a: SHOXY|Choice Specs|[from] move: Knock Off|[of] p2a: Great Tusk
|move|p1a: SHOXY|Hurricane|p2a: Great Tusk
|-supereffective|p2a: Great Tusk
|-damage|p2a: Great Tusk|0 fnt
|faint|p2a: Great Tusk
|-end|p2a: Great Tusk|Protosynthesis|[silent]
|
|-weather|Sandstorm|[upkeep]
|-damage|p1a: SHOXY|28/100|[from] Sandstorm
|upkeep
|
|t:|1779600337
|switch|p2a: Ogerpon|Ogerpon-Wellspring, F|37/100
|turn|12
|
|t:|1779600343
|move|p2a: Ogerpon|Ivy Cudgel|p1a: SHOXY|[anim] Ivy Cudgel Water
|-damage|p1a: SHOXY|0 fnt
|faint|p1a: SHOXY
|
|-weather|none
|upkeep
|
|t:|1779600354
|switch|p1a: CASPER|Okidogi, M|100/100
|-damage|p1a: CASPER|94/100|[from] Stealth Rock
|turn|13
|
|t:|1779600361
|move|p2a: Ogerpon|Ivy Cudgel|p1a: CASPER|[anim] Ivy Cudgel Water
|-damage|p1a: CASPER|41/100
|move|p1a: CASPER|Bulk Up|p1a: CASPER
|-boost|p1a: CASPER|atk|1
|-boost|p1a: CASPER|def|1
|
|-heal|p1a: CASPER|47/100|[from] item: Leftovers
|upkeep
|turn|14
|
|t:|1779600368
|move|p2a: Ogerpon|Ivy Cudgel|p1a: CASPER|[anim] Ivy Cudgel Water
|-damage|p1a: CASPER|11/100
|move|p1a: CASPER|Drain Punch|p2a: Ogerpon
|-damage|p2a: Ogerpon|0 fnt
|-heal|p1a: CASPER|27/100|[from] drain|[of] p2a: Ogerpon
|faint|p2a: Ogerpon
|
|-heal|p1a: CASPER|33/100|[from] item: Leftovers
|upkeep
|
|t:|1779600374
|switch|p2a: Dragonite|Dragonite, M, tera:Normal|94/100
|turn|15
|
|t:|1779600378
|move|p2a: Dragonite|Earthquake|p1a: CASPER
|-supereffective|p1a: CASPER
|-damage|p1a: CASPER|0 fnt
|faint|p1a: CASPER
|
|upkeep
|
|t:|1779600380
|switch|p1a: Zzz|Darkrai|88/100
|-damage|p1a: Zzz|76/100|[from] Stealth Rock
|turn|16
|
|t:|1779600384
|move|p2a: Dragonite|Extreme Speed|p1a: Zzz
|-damage|p1a: Zzz|2/100
|move|p1a: Zzz|Trick|p2a: Dragonite
|-activate|p1a: Zzz|move: Trick|[of] p2a: Dragonite
|-item|p2a: Dragonite|Choice Scarf|[from] move: Trick
|-item|p1a: Zzz|Silk Scarf|[from] move: Trick
|
|upkeep
|turn|17
|
|t:|1779600390
|move|p2a: Dragonite|Extreme Speed|p1a: Zzz
|-crit|p1a: Zzz
|-damage|p1a: Zzz|0 fnt
|faint|p1a: Zzz
|
|win|wubbybubbyjr
|raw|TWENNY7's rating: 1540 &rarr; <strong>1527</strong><br />(-13 for losing)
|raw|wubbybubbyjr's rating: 1667 &rarr; <strong>1680</strong><br />(+13 for winning)
|l|☆TWENNY7
|player|p1|
|l|☆wubbybubbyjr
|player|p2|
