|j|☆ChudleyDw1irks67
|j|☆batou7
|t:|1779704257
|gametype|singles
|player|p1|ChudleyDw1irks67|pokefan-gen4|1154
|player|p2|batou7|morty|1077
|gen|9
|tier|[Gen 9] OU
|rated|
|rule|HP Percentage Mod: HP is shown in percentages
|rule|Endless Battle Clause: Forcing endless battles is banned
|rule|Species Clause: Limit one of each Pokémon
|rule|OHKO Clause: OHKO moves are banned
|rule|Evasion Items Clause: Evasion items are banned
|rule|Evasion Moves Clause: Evasion moves are banned
|rule|Evasion Abilities Clause: Evasion abilities are banned
|rule|Sleep Moves Clause: Sleep-inducing moves are banned
|clearpoke
|poke|p1|Exeggutor-Alola, M|
|poke|p1|Slowking-Galar, F|
|poke|p1|Torkoal, F|
|poke|p1|Ursaluna, M|
|poke|p1|Hatterene, F|
|poke|p1|Great Tusk|
|poke|p2|Darkrai|
|poke|p2|Garchomp, M|
|poke|p2|Alomomola, F|
|poke|p2|Corviknight, F|
|poke|p2|Weezing-Galar, M|
|poke|p2|Ogerpon, F|
|teampreview
|inactive|Battle timer is ON: inactive players will automatically lose when time's up. (requested by batou7)
|inactive|ChudleyDw1irks67 has 120 seconds left.
|
|t:|1779704305
|teamsize|p1|6
|teamsize|p2|6
|start
|switch|p1a: Slowking|Slowking-Galar, F|100/100
|switch|p2a: Garchomp|Garchomp, M|100/100
|turn|1
|
|t:|1779704328
|move|p2a: Garchomp|Spikes|p1a: Slowking
|-sidestart|p1: ChudleyDw1irks67|Spikes
|move|p1a: Slowking|Trick Room|p1a: Slowking
|-fieldstart|move: Trick Room|[of] p1a: Slowking
|
|upkeep
|turn|2
|
|t:|1779704336
|switch|p1a: Ursaluna|Ursaluna, M|100/100
|-damage|p1a: Ursaluna|88/100|[from] Spikes
|move|p2a: Garchomp|Spikes|p1a: Ursaluna
|-sidestart|p1: ChudleyDw1irks67|Spikes
|
|-status|p1a: Ursaluna|brn|[from] item: Flame Orb
|upkeep
|turn|3
|
|t:|1779704350
|move|p1a: Ursaluna|Swords Dance|p1a: Ursaluna
|-boost|p1a: Ursaluna|atk|2
|move|p2a: Garchomp|Dragon Tail|p1a: Ursaluna
|-damage|p1a: Ursaluna|71/100 brn
|drag|p1a: Exeggutor|Exeggutor-Alola, M|100/100
|-damage|p1a: Exeggutor|84/100|[from] Spikes
|
|upkeep
|turn|4
|
|t:|1779704357
|move|p1a: Exeggutor|Draco Meteor|p2a: Garchomp
|-supereffective|p2a: Garchomp
|-damage|p2a: Garchomp|0 fnt
|-unboost|p1a: Exeggutor|spa|2
|faint|p2a: Garchomp
|
|upkeep
|c|☆ChudleyDw1irks67|sonion
|
|t:|1779704370
|switch|p2a: Darkrai|Darkrai|100/100
|turn|5
|inactive|ChudleyDw1irks67 has 120 seconds left.
|
|t:|1779704404
|switch|p1a: Torkoal|Torkoal, F|100/100
|-damage|p1a: Torkoal|84/100|[from] Spikes
|-weather|SunnyDay|[from] ability: Drought|[of] p1a: Torkoal
|move|p2a: Darkrai|Ice Beam|p1a: Torkoal
|-resisted|p1a: Torkoal
|-damage|p1a: Torkoal|52/100
|
|-weather|SunnyDay|[upkeep]
|-fieldend|move: Trick Room
|upkeep
|turn|6
|
|t:|1779704417
|switch|p2a: Alomomola|Alomomola, F|100/100
|move|p1a: Torkoal|Rapid Spin|p2a: Alomomola
|-damage|p2a: Alomomola|93/100
|-boost|p1a: Torkoal|spe|1
|-sideend|p1: ChudleyDw1irks67|Spikes|[from] move: Rapid Spin|[of] p1a: Torkoal
|
|-weather|SunnyDay|[upkeep]
|upkeep
|turn|7
|
|t:|1779704426
|move|p2a: Alomomola|Flip Turn|p1a: Torkoal
|-supereffective|p1a: Torkoal
|-damage|p1a: Torkoal|41/100
|
|t:|1779704440
|switch|p2a: Weezing|Weezing-Galar, M|100/100|[from] Flip Turn
|-ability|p2a: Weezing|Neutralizing Gas
|move|p1a: Torkoal|Solar Beam||[still]
|-prepare|p1a: Torkoal|Solar Beam
|-anim|p1a: Torkoal|Solar Beam|p2a: Weezing
|-resisted|p2a: Weezing
|-damage|p2a: Weezing|76/100
|
|-weather|SunnyDay|[upkeep]
|-heal|p2a: Weezing|82/100|[from] item: Leftovers
|upkeep
|turn|8
|
|t:|1779704454
|switch|p1a: Exeggutor|Exeggutor-Alola, M|84/100
|move|p2a: Weezing|Sludge Bomb|p1a: Exeggutor
|-supereffective|p1a: Exeggutor
|-damage|p1a: Exeggutor|22/100
|-enditem|p1a: Exeggutor|Sitrus Berry|[eat]
|-heal|p1a: Exeggutor|46/100|[from] item: Sitrus Berry
|
|-weather|SunnyDay|[upkeep]
|-heal|p2a: Weezing|88/100|[from] item: Leftovers
|upkeep
|turn|9
|
|t:|1779704471
|move|p2a: Weezing|Sludge Bomb|p1a: Exeggutor
|-supereffective|p1a: Exeggutor
|-damage|p1a: Exeggutor|0 fnt
|faint|p1a: Exeggutor
|
|-weather|SunnyDay|[upkeep]
|-heal|p2a: Weezing|94/100|[from] item: Leftovers
|upkeep
|
|t:|1779704478
|switch|p1a: Great Tusk|Great Tusk|100/100
|turn|10
|
|t:|1779704488
|move|p1a: Great Tusk|Headlong Rush|p2a: Weezing
|-supereffective|p2a: Weezing
|-damage|p2a: Weezing|0 fnt
|-unboost|p1a: Great Tusk|def|1
|-unboost|p1a: Great Tusk|spd|1
|faint|p2a: Weezing
|-end|p2a: Weezing|ability: Neutralizing Gas
|-activate|p1a: Great Tusk|ability: Protosynthesis
|-start|p1a: Great Tusk|protosynthesisatk
|
|-weather|SunnyDay|[upkeep]
|upkeep
|
|t:|1779704497
|switch|p2a: Alomomola|Alomomola, F|100/100
|turn|11
|
|t:|1779704510
|-end|p1a: Great Tusk|Protosynthesis|[silent]
|switch|p1a: Slowking|Slowking-Galar, F|100/100
|move|p2a: Alomomola|Aqua Jet|p1a: Slowking
|-damage|p1a: Slowking|96/100
|
|-weather|SunnyDay|[upkeep]
|-heal|p1a: Slowking|100/100|[from] item: Leftovers
|upkeep
|turn|12
|
|t:|1779704521
|switch|p2a: Ogerpon|Ogerpon, F|100/100
|move|p1a: Slowking|Trick Room|p1a: Slowking
|-fieldstart|move: Trick Room|[of] p1a: Slowking
|
|-weather|none
|upkeep
|turn|13
|
|t:|1779704528
|switch|p1a: Torkoal|Torkoal, F|41/100
|-weather|SunnyDay|[from] ability: Drought|[of] p1a: Torkoal
|move|p2a: Ogerpon|Swords Dance|p2a: Ogerpon
|-boost|p2a: Ogerpon|atk|2
|
|-weather|SunnyDay|[upkeep]
|upkeep
|turn|14
|
|t:|1779704535
|move|p1a: Torkoal|Eruption|p2a: Ogerpon
|-supereffective|p2a: Ogerpon
|-crit|p2a: Ogerpon
|-damage|p2a: Ogerpon|0 fnt
|faint|p2a: Ogerpon
|
|-weather|SunnyDay|[upkeep]
|upkeep
|c|☆ChudleyDw1irks67|crit didn't matter
|
|t:|1779704550
|switch|p2a: Alomomola|Alomomola, F|100/100
|turn|15
|
|t:|1779704556
|move|p2a: Alomomola|Aqua Jet|p1a: Torkoal
|-supereffective|p1a: Torkoal
|-damage|p1a: Torkoal|34/100
|move|p1a: Torkoal|Solar Beam||[still]
|-prepare|p1a: Torkoal|Solar Beam
|-anim|p1a: Torkoal|Solar Beam|p2a: Alomomola
|-supereffective|p2a: Alomomola
|-damage|p2a: Alomomola|65/100
|
|-weather|SunnyDay|[upkeep]
|upkeep
|turn|16
|
|t:|1779704566
|move|p2a: Alomomola|Aqua Jet|p1a: Torkoal
|-supereffective|p1a: Torkoal
|-crit|p1a: Torkoal
|-damage|p1a: Torkoal|23/100
|move|p1a: Torkoal|Stealth Rock|p2a: Alomomola
|-sidestart|p2: batou7|move: Stealth Rock
|
|-weather|SunnyDay|[upkeep]
|-fieldend|move: Trick Room
|upkeep
|turn|17
|c|☆batou7|why
|c|☆ChudleyDw1irks67|would have ohkoed anyway
|
|t:|1779704587
|move|p2a: Alomomola|Aqua Jet|p1a: Torkoal
|-supereffective|p1a: Torkoal
|-damage|p1a: Torkoal|15/100
|move|p1a: Torkoal|Solar Beam||[still]
|-prepare|p1a: Torkoal|Solar Beam
|-anim|p1a: Torkoal|Solar Beam|p2a: Alomomola
|-supereffective|p2a: Alomomola
|-damage|p2a: Alomomola|32/100
|
|-weather|SunnyDay|[upkeep]
|upkeep
|turn|18
|c|☆batou7|how do i know
|
|t:|1779704596
|move|p2a: Alomomola|Flip Turn|p1a: Torkoal
|-supereffective|p1a: Torkoal
|-damage|p1a: Torkoal|4/100
|
|t:|1779704601
|switch|p2a: Darkrai|Darkrai|100/100|[from] Flip Turn
|-damage|p2a: Darkrai|88/100|[from] Stealth Rock
|move|p1a: Torkoal|Solar Beam||[still]
|-prepare|p1a: Torkoal|Solar Beam
|-anim|p1a: Torkoal|Solar Beam|p2a: Darkrai
|-damage|p2a: Darkrai|45/100
|
|-weather|SunnyDay|[upkeep]
|upkeep
|turn|19
|c|☆ChudleyDw1irks67|cuz its a sun boosted stab eruption on half
|c|☆batou7|but why you r more quick than ogerpon
|c|☆ChudleyDw1irks67|and its super effective
|c|☆ChudleyDw1irks67|trick room
|inactive|batou7 has 120 seconds left.
|c|☆ChudleyDw1irks67|trick room was still uo
|c|☆batou7|what does trick room do sorry i begin
|c|☆ChudleyDw1irks67|up
|
|t:|1779704644
|switch|p1a: Hatterene|Hatterene, F|100/100
|move|p2a: Darkrai|Dark Pulse|p1a: Hatterene
|-damage|p1a: Hatterene|52/100
|
|-weather|SunnyDay|[upkeep]
|-heal|p1a: Hatterene|58/100|[from] item: Leftovers
|upkeep
|turn|20
|c|☆ChudleyDw1irks67|swaps speed stats
|c|☆ChudleyDw1irks67|so makes me faster than ogerporn
|inactive|batou7 has 90 seconds left.
|l|☆ChudleyDw1irks67
|inactive|ChudleyDw1irks67 disconnected and has a minute to reconnect!
|player|p1|
|
|t:|1779704689
|move|p2a: Darkrai|Dark Pulse|p1a: Hatterene
|-damage|p1a: Hatterene|8/100
|move|p1a: Hatterene|Draining Kiss|p2a: Darkrai
|-supereffective|p2a: Darkrai
|-damage|p2a: Darkrai|0 fnt
|-heal|p1a: Hatterene|37/100|[from] drain|[of] p2a: Darkrai
|faint|p2a: Darkrai
|
|-weather|none
|-heal|p1a: Hatterene|43/100|[from] item: Leftovers
|upkeep
|c|☆batou7|and how to counter trick room
|
|t:|1779704709
|switch|p2a: Corviknight|Corviknight, F|100/100
|-damage|p2a: Corviknight|88/100|[from] Stealth Rock
|-ability|p2a: Corviknight|Pressure
|turn|21
|inactive|ChudleyDw1irks67 has 30 seconds to reconnect!
|inactive|ChudleyDw1irks67 has 20 seconds to reconnect!
|inactive|ChudleyDw1irks67 has 15 seconds to reconnect!
|inactive|ChudleyDw1irks67 has 10 seconds to reconnect!
|j|☆ChudleyDw1irks67
|inactive|ChudleyDw1irks67 reconnected and has 100 seconds left.
|player|p1|ChudleyDw1irks67|pokefan-gen4|
|inactive|ChudleyDw1irks67 has 90 seconds left.
|
|t:|1779704776
|move|p2a: Corviknight|Brave Bird|p1a: Hatterene
|-damage|p1a: Hatterene|0 fnt
|faint|p1a: Hatterene
|-damage|p2a: Corviknight|77/100|[from] Recoil
|
|-heal|p2a: Corviknight|83/100|[from] item: Leftovers
|upkeep
|
|t:|1779704781
|switch|p1a: Torkoal|Torkoal, F|4/100
|-weather|SunnyDay|[from] ability: Drought|[of] p1a: Torkoal
|turn|22
|inactive|ChudleyDw1irks67 has 90 seconds left.
|
|t:|1779704793
|switch|p1a: Slowking|Slowking-Galar, F|100/100
|move|p2a: Corviknight|U-turn|p1a: Slowking
|-damage|p1a: Slowking|91/100
|
|t:|1779704799
|switch|p2a: Alomomola|Alomomola, F|66/100|[from] U-turn
|-damage|p2a: Alomomola|53/100|[from] Stealth Rock
|
|-weather|SunnyDay|[upkeep]
|-heal|p1a: Slowking|97/100|[from] item: Leftovers
|upkeep
|turn|23
|c|☆batou7|so i ask you how to counter trick room?
|inactive|ChudleyDw1irks67 has 90 seconds left.
|
|t:|1779704819
|move|p1a: Slowking|Toxic|p2a: Alomomola
|-status|p2a: Alomomola|tox
|move|p2a: Alomomola|Mirror Coat||[still]
|-fail|p2a: Alomomola
|
|-weather|SunnyDay|[upkeep]
|-heal|p1a: Slowking|100/100|[from] item: Leftovers
|-damage|p2a: Alomomola|47/100 tox|[from] psn
|upkeep
|turn|24
|inactive|ChudleyDw1irks67 has 90 seconds left.
|c|☆ChudleyDw1irks67|u don't let me setup idk
|c|☆ChudleyDw1irks67|have a slower pokemon
|
|t:|1779704841
|move|p2a: Alomomola|Body Slam|p1a: Slowking
|-damage|p1a: Slowking|90/100
|move|p1a: Slowking|Future Sight|p2a: Alomomola
|-start|p1a: Slowking|move: Future Sight
|
|-weather|SunnyDay|[upkeep]
|-heal|p1a: Slowking|96/100|[from] item: Leftovers
|-damage|p2a: Alomomola|35/100 tox|[from] psn
|upkeep
|turn|25
|c|☆batou7|hmmmm k k
|c|☆batou7|thank you
|
|t:|1779704861
|switch|p1a: Great Tusk|Great Tusk|100/100
|-activate|p1a: Great Tusk|ability: Protosynthesis
|-start|p1a: Great Tusk|protosynthesisatk
|move|p2a: Alomomola|Flip Turn|p1a: Great Tusk
|-supereffective|p1a: Great Tusk
|-damage|p1a: Great Tusk|90/100
|
|t:|1779704868
|switch|p2a: Corviknight|Corviknight, F|83/100|[from] Flip Turn
|-damage|p2a: Corviknight|70/100|[from] Stealth Rock
|-ability|p2a: Corviknight|Pressure
|
|-weather|SunnyDay|[upkeep]
|-heal|p2a: Corviknight|77/100|[from] item: Leftovers
|upkeep
|turn|26
|c|☆ChudleyDw1irks67|gg
|inactive|batou7 has 60 seconds left.
|
|t:|1779704886
|-terastallize|p2a: Corviknight|Ice
|move|p1a: Great Tusk|Close Combat|p2a: Corviknight
|-supereffective|p2a: Corviknight
|-damage|p2a: Corviknight|0 fnt
|-unboost|p1a: Great Tusk|def|1
|-unboost|p1a: Great Tusk|spd|1
|faint|p2a: Corviknight
|
|-weather|SunnyDay|[upkeep]
|-hint|Future Sight did not hit because the target is fainted.
|upkeep
|inactive|batou7 has 60 seconds left.
|
|t:|1779704894
|switch|p2a: Alomomola|Alomomola, F|68/100 tox
|-damage|p2a: Alomomola|56/100 tox|[from] Stealth Rock
|turn|27
|c|☆ChudleyDw1irks67|don't use tera ice on corv
|inactive|batou7 has 60 seconds left.
|c|☆batou7|idk its a sample team xd
|
|t:|1779704913
|move|p2a: Alomomola|Aqua Jet|p1a: Great Tusk
|-supereffective|p1a: Great Tusk
|-damage|p1a: Great Tusk|78/100
|move|p1a: Great Tusk|Close Combat|p2a: Alomomola
|-damage|p2a: Alomomola|0 fnt
|-unboost|p1a: Great Tusk|def|1
|-unboost|p1a: Great Tusk|spd|1
|faint|p2a: Alomomola
|
|win|ChudleyDw1irks67
|raw|ChudleyDw1irks67's rating: 1154 &rarr; <strong>1174</strong><br />(+20 for winning)
|raw|batou7's rating: 1077 &rarr; <strong>1060</strong><br />(-17 for losing)
|c|☆batou7|gg thank you for the tips
|l|☆ChudleyDw1irks67
|player|p1|
|l|☆batou7
|player|p2|
