|j|☆claudechamp
|j|☆DrakEragon
|t:|1779713552
|gametype|singles
|player|p1|claudechamp|102|1202
|player|p2|DrakEragon|morty|1206
|gen|9
|tier|[Gen 9] OU
|rated|
|rule|HP Percentage Mod: HP is shown in percentages
|rule|Endless Battle Clause: Forcing endless battles is banned
|rule|Species Clause: Limit one of each Pokémon
|rule|OHKO Clause: OHKO moves are banned
|rule|Evasion Items Clause: Evasion items are banned
|rule|Evasion Moves Clause: Evasion moves are banned
|rule|Evasion Abilities Clause: Evasion abilities are banned
|rule|Sleep Moves Clause: Sleep-inducing moves are banned
|clearpoke
|poke|p1|Gliscor, F|
|poke|p1|Gholdengo|
|poke|p1|Zamazenta-*|
|poke|p1|Blissey, F|
|poke|p1|Skarmory, M|
|poke|p1|Pecharunt|
|poke|p2|Electivire, M|
|poke|p2|Clodsire, F|
|poke|p2|Glimmora, F|
|poke|p2|Walking Wake|
|poke|p2|Corviknight, M|
|poke|p2|Dragapult, F|
|teampreview
|c|☆claudechamp|hf
|inactive|Battle timer is ON: inactive players will automatically lose when time's up. (requested by claudechamp)
|
|t:|1779713561
|teamsize|p1|6
|teamsize|p2|6
|start
|switch|p1a: Skarmory|Skarmory, M|100/100
|switch|p2a: Glimmora|Glimmora, F|100/100
|turn|1
|
|t:|1779713570
|move|p2a: Glimmora|Stealth Rock|p1a: Skarmory
|-sidestart|p1: claudechamp|move: Stealth Rock
|move|p1a: Skarmory|Spikes|p2a: Glimmora
|-sidestart|p2: DrakEragon|Spikes
|
|upkeep
|turn|2
|
|t:|1779713575
|move|p2a: Glimmora|Power Gem|p1a: Skarmory
|-damage|p1a: Skarmory|40/100
|move|p1a: Skarmory|Spikes|p2a: Glimmora
|-sidestart|p2: DrakEragon|Spikes
|
|upkeep
|turn|3
|
|t:|1779713580
|switch|p1a: Blissey|Blissey, F|100/100
|move|p2a: Glimmora|Power Gem|p1a: Blissey
|-damage|p1a: Blissey|87/100
|
|upkeep
|turn|4
|
|t:|1779713588
|switch|p2a: Corviknight|Corviknight, M|100/100
|switch|p1a: Gliscor|Gliscor, F|100/100
|-damage|p1a: Gliscor|88/100|[from] Stealth Rock
|
|-status|p1a: Gliscor|tox|[from] item: Toxic Orb
|upkeep
|turn|5
|
|t:|1779713596
|move|p1a: Gliscor|Knock Off|p2a: Corviknight
|-damage|p2a: Corviknight|87/100
|-enditem|p2a: Corviknight|Leftovers|[from] move: Knock Off|[of] p1a: Gliscor
|move|p2a: Corviknight|Iron Defense|p2a: Corviknight
|-boost|p2a: Corviknight|def|2
|
|-heal|p1a: Gliscor|100/100 tox|[from] ability: Poison Heal
|upkeep
|turn|6
|
|t:|1779713604
|switch|p1a: Gholdengo|Gholdengo|100/100
|-damage|p1a: Gholdengo|94/100|[from] Stealth Rock
|move|p2a: Corviknight|Iron Defense|p2a: Corviknight
|-boost|p2a: Corviknight|def|2
|
|upkeep
|turn|7
|
|t:|1779713620
|switch|p2a: Clodsire|Clodsire, F|100/100
|-damage|p2a: Clodsire|84/100|[from] Spikes
|move|p1a: Gholdengo|Hex|p2a: Clodsire
|-damage|p2a: Clodsire|69/100
|
|-heal|p2a: Clodsire|75/100|[from] item: Leftovers
|upkeep
|turn|8
|
|t:|1779713629
|switch|p1a: Gliscor|Gliscor, F|100/100 tox
|-damage|p1a: Gliscor|88/100 tox|[from] Stealth Rock
|move|p2a: Clodsire|Earthquake|p1a: Gliscor
|-immune|p1a: Gliscor
|
|-heal|p2a: Clodsire|81/100|[from] item: Leftovers
|-heal|p1a: Gliscor|100/100 tox|[from] ability: Poison Heal
|upkeep
|turn|9
|
|t:|1779713639
|move|p2a: Clodsire|Protect|p2a: Clodsire
|-singleturn|p2a: Clodsire|Protect
|move|p1a: Gliscor|Earthquake|p2a: Clodsire
|-activate|p2a: Clodsire|move: Protect
|
|-heal|p2a: Clodsire|87/100|[from] item: Leftovers
|upkeep
|turn|10
|
|t:|1779713647
|move|p1a: Gliscor|Earthquake|p2a: Clodsire
|-supereffective|p2a: Clodsire
|-damage|p2a: Clodsire|9/100
|move|p2a: Clodsire|Counter|p1a: Gliscor
|-damage|p1a: Gliscor|0 fnt
|faint|p1a: Gliscor
|
|-heal|p2a: Clodsire|15/100|[from] item: Leftovers
|upkeep
|
|t:|1779713650
|switch|p1a: Skarmory|Skarmory, M|40/100
|turn|11
|
|t:|1779713660
|move|p1a: Skarmory|Roost|p1a: Skarmory
|-heal|p1a: Skarmory|90/100
|-singleturn|p1a: Skarmory|move: Roost
|move|p2a: Clodsire|Recover|p2a: Clodsire
|-heal|p2a: Clodsire|66/100
|
|-heal|p2a: Clodsire|72/100|[from] item: Leftovers
|upkeep
|turn|12
|
|t:|1779713668
|switch|p2a: Glimmora|Glimmora, F|100/100
|-damage|p2a: Glimmora|84/100|[from] Spikes
|move|p1a: Skarmory|Spikes|p2a: Glimmora
|-sidestart|p2: DrakEragon|Spikes
|
|upkeep
|turn|13
|
|t:|1779713675
|switch|p1a: Blissey|Blissey, F|87/100
|move|p2a: Glimmora|Power Gem|p1a: Blissey
|-damage|p1a: Blissey|74/100
|
|upkeep
|turn|14
|
|t:|1779713682
|switch|p2a: Corviknight|Corviknight, M|87/100
|move|p1a: Blissey|Stealth Rock|p2a: Corviknight
|-sidestart|p2: DrakEragon|move: Stealth Rock
|
|upkeep
|turn|15
|
|t:|1779713690
|switch|p1a: Gholdengo|Gholdengo|94/100
|-damage|p1a: Gholdengo|88/100|[from] Stealth Rock
|move|p2a: Corviknight|Roost|p2a: Corviknight
|-heal|p2a: Corviknight|100/100
|-singleturn|p2a: Corviknight|move: Roost
|
|upkeep
|turn|16
|
|t:|1779713699
|switch|p1a: Skarmory|Skarmory, M|90/100
|switch|p2a: Clodsire|Clodsire, F|72/100
|-damage|p2a: Clodsire|47/100|[from] Spikes
|-damage|p2a: Clodsire|41/100|[from] Stealth Rock
|
|-heal|p2a: Clodsire|47/100|[from] item: Leftovers
|upkeep
|turn|17
|
|t:|1779713709
|move|p2a: Clodsire|Recover|p2a: Clodsire
|-heal|p2a: Clodsire|97/100
|move|p1a: Skarmory|Whirlwind|p2a: Clodsire
|drag|p2a: Walking Wake|Walking Wake|100/100
|-damage|p2a: Walking Wake|76/100|[from] Spikes
|-damage|p2a: Walking Wake|63/100|[from] Stealth Rock
|-enditem|p2a: Walking Wake|Booster Energy
|-activate|p2a: Walking Wake|ability: Protosynthesis|[fromitem]
|-start|p2a: Walking Wake|protosynthesisspe
|
|upkeep
|turn|18
|
|t:|1779713721
|switch|p1a: Blissey|Blissey, F|74/100
|move|p2a: Walking Wake|Flamethrower|p1a: Blissey
|-damage|p1a: Blissey|65/100
|
|upkeep
|turn|19
|
|t:|1779713729
|move|p2a: Walking Wake|Flip Turn|p1a: Blissey
|-damage|p1a: Blissey|48/100
|
|t:|1779713732
|-end|p2a: Walking Wake|Protosynthesis|[silent]
|switch|p2a: Corviknight|Corviknight, M|100/100|[from] Flip Turn
|-damage|p2a: Corviknight|88/100|[from] Stealth Rock
|move|p1a: Blissey|Soft-Boiled|p1a: Blissey
|-heal|p1a: Blissey|98/100
|
|upkeep
|turn|20
|
|t:|1779713740
|move|p2a: Corviknight|Iron Defense|p2a: Corviknight
|-boost|p2a: Corviknight|def|2
|move|p1a: Blissey|Shadow Ball|p2a: Corviknight
|-damage|p2a: Corviknight|75/100
|-ability|p2a: Corviknight|Mirror Armor
|-unboost|p1a: Blissey|spd|1
|
|upkeep
|turn|21
|
|t:|1779713752
|switch|p1a: Gholdengo|Gholdengo|88/100
|-damage|p1a: Gholdengo|82/100|[from] Stealth Rock
|move|p2a: Corviknight|Body Press|p1a: Gholdengo
|-immune|p1a: Gholdengo
|
|upkeep
|turn|22
|
|t:|1779713762
|switch|p2a: Clodsire|Clodsire, F|97/100
|-damage|p2a: Clodsire|72/100|[from] Spikes
|-damage|p2a: Clodsire|66/100|[from] Stealth Rock
|move|p1a: Gholdengo|Nasty Plot|p1a: Gholdengo
|-boost|p1a: Gholdengo|spa|2
|
|-heal|p2a: Clodsire|72/100|[from] item: Leftovers
|upkeep
|turn|23
|
|t:|1779713773
|switch|p1a: Skarmory|Skarmory, M|90/100
|move|p2a: Clodsire|Earthquake|p1a: Skarmory
|-immune|p1a: Skarmory
|
|-heal|p2a: Clodsire|78/100|[from] item: Leftovers
|upkeep
|turn|24
|
|t:|1779713781
|move|p2a: Clodsire|Counter||[still]
|-fail|p2a: Clodsire
|move|p1a: Skarmory|Whirlwind|p2a: Clodsire
|drag|p2a: Corviknight|Corviknight, M|75/100
|-damage|p2a: Corviknight|63/100|[from] Stealth Rock
|
|upkeep
|turn|25
|
|t:|1779713788
|move|p1a: Skarmory|Body Press|p2a: Corviknight
|-damage|p2a: Corviknight|43/100
|move|p2a: Corviknight|Body Press|p1a: Skarmory
|-damage|p1a: Skarmory|76/100
|
|upkeep
|turn|26
|
|t:|1779713795
|move|p2a: Corviknight|Roost|p2a: Corviknight
|-heal|p2a: Corviknight|93/100
|-singleturn|p2a: Corviknight|move: Roost
|move|p1a: Skarmory|Whirlwind|p2a: Corviknight
|drag|p2a: Clodsire|Clodsire, F|78/100
|-damage|p2a: Clodsire|53/100|[from] Spikes
|-damage|p2a: Clodsire|47/100|[from] Stealth Rock
|
|-heal|p2a: Clodsire|53/100|[from] item: Leftovers
|upkeep
|turn|27
|
|t:|1779713805
|move|p2a: Clodsire|Recover|p2a: Clodsire
|-heal|p2a: Clodsire|100/100
|move|p1a: Skarmory|Whirlwind|p2a: Clodsire
|drag|p2a: Corviknight|Corviknight, M|93/100
|-damage|p2a: Corviknight|80/100|[from] Stealth Rock
|
|upkeep
|turn|28
|
|t:|1779713812
|switch|p1a: Gholdengo|Gholdengo|82/100
|-damage|p1a: Gholdengo|76/100|[from] Stealth Rock
|move|p2a: Corviknight|Body Press|p1a: Gholdengo
|-immune|p1a: Gholdengo
|
|upkeep
|turn|29
|
|t:|1779713819
|switch|p2a: Clodsire|Clodsire, F|100/100
|-damage|p2a: Clodsire|76/100|[from] Spikes
|-damage|p2a: Clodsire|70/100|[from] Stealth Rock
|move|p1a: Gholdengo|Recover|p1a: Gholdengo
|-heal|p1a: Gholdengo|100/100
|
|-heal|p2a: Clodsire|76/100|[from] item: Leftovers
|upkeep
|turn|30
|
|t:|1779713829
|switch|p1a: Skarmory|Skarmory, M|76/100
|move|p2a: Clodsire|Earthquake|p1a: Skarmory
|-immune|p1a: Skarmory
|
|-heal|p2a: Clodsire|82/100|[from] item: Leftovers
|upkeep
|turn|31
|
|t:|1779713839
|move|p2a: Clodsire|Counter||[still]
|-fail|p2a: Clodsire
|move|p1a: Skarmory|Whirlwind|p2a: Clodsire
|drag|p2a: Corviknight|Corviknight, M|80/100
|-damage|p2a: Corviknight|68/100|[from] Stealth Rock
|
|upkeep
|turn|32
|
|t:|1779713851
|switch|p1a: Gholdengo|Gholdengo|100/100
|-damage|p1a: Gholdengo|94/100|[from] Stealth Rock
|move|p2a: Corviknight|Body Press|p1a: Gholdengo
|-immune|p1a: Gholdengo
|
|upkeep
|turn|33
|
|t:|1779713864
|switch|p2a: Dragapult|Dragapult, F|100/100
|-damage|p2a: Dragapult|76/100|[from] Spikes
|-damage|p2a: Dragapult|63/100|[from] Stealth Rock
|move|p1a: Gholdengo|Nasty Plot|p1a: Gholdengo
|-boost|p1a: Gholdengo|spa|2
|
|upkeep
|turn|34
|
|t:|1779713875
|switch|p1a: Skarmory|Skarmory, M|76/100
|move|p2a: Dragapult|Sucker Punch||[still]
|-fail|p2a: Dragapult
|
|upkeep
|turn|35
|
|t:|1779713881
|move|p2a: Dragapult|Dragon Darts|p1a: Skarmory
|-resisted|p1a: Skarmory
|-damage|p1a: Skarmory|65/100
|-anim|p2a: Dragapult|Dragon Darts|p1a: Skarmory
|-resisted|p1a: Skarmory
|-damage|p1a: Skarmory|55/100
|-damage|p2a: Dragapult|53/100|[from] item: Life Orb
|move|p1a: Skarmory|Roost|p1a: Skarmory
|-heal|p1a: Skarmory|100/100
|-singleturn|p1a: Skarmory|move: Roost
|
|upkeep
|turn|36
|
|t:|1779713904
|move|p2a: Dragapult|U-turn|p1a: Skarmory
|-resisted|p1a: Skarmory
|-damage|p1a: Skarmory|96/100
|-damage|p2a: Dragapult|44/100|[from] item: Life Orb
|
|t:|1779713909
|switch|p2a: Clodsire|Clodsire, F|82/100|[from] U-turn
|-damage|p2a: Clodsire|57/100|[from] Spikes
|-damage|p2a: Clodsire|51/100|[from] Stealth Rock
|move|p1a: Skarmory|Whirlwind|p2a: Clodsire
|drag|p2a: Corviknight|Corviknight, M|68/100
|-damage|p2a: Corviknight|55/100|[from] Stealth Rock
|
|upkeep
|turn|37
|
|t:|1779713918
|move|p1a: Skarmory|Body Press|p2a: Corviknight
|-damage|p2a: Corviknight|35/100
|move|p2a: Corviknight|Roost|p2a: Corviknight
|-heal|p2a: Corviknight|85/100
|-singleturn|p2a: Corviknight|move: Roost
|
|upkeep
|turn|38
|
|t:|1779713940
|move|p2a: Corviknight|Body Press|p1a: Skarmory
|-damage|p1a: Skarmory|81/100
|move|p1a: Skarmory|Whirlwind|p2a: Corviknight
|drag|p2a: Walking Wake|Walking Wake|63/100
|-damage|p2a: Walking Wake|39/100|[from] Spikes
|-damage|p2a: Walking Wake|26/100|[from] Stealth Rock
|
|upkeep
|turn|39
|
|t:|1779713951
|switch|p1a: Blissey|Blissey, F|98/100
|move|p2a: Walking Wake|Flamethrower|p1a: Blissey
|-damage|p1a: Blissey|88/100
|
|upkeep
|turn|40
|
|t:|1779713973
|move|p2a: Walking Wake|Hydro Pump|p1a: Blissey
|-damage|p1a: Blissey|70/100
|move|p1a: Blissey|Soft-Boiled|p1a: Blissey
|-heal|p1a: Blissey|100/100
|
|upkeep
|turn|41
|
|t:|1779713983
|move|p2a: Walking Wake|Flamethrower|p1a: Blissey
|-damage|p1a: Blissey|91/100
|move|p1a: Blissey|Shadow Ball|p2a: Walking Wake
|-damage|p2a: Walking Wake|10/100
|-unboost|p2a: Walking Wake|spd|1
|
|upkeep
|turn|42
|
|t:|1779713993
|move|p2a: Walking Wake|Draco Meteor|p1a: Blissey
|-damage|p1a: Blissey|69/100
|-unboost|p2a: Walking Wake|spa|2
|move|p1a: Blissey|Soft-Boiled|p1a: Blissey
|-heal|p1a: Blissey|100/100
|
|upkeep
|turn|43
|
|t:|1779714000
|switch|p1a: Gholdengo|Gholdengo|94/100
|-damage|p1a: Gholdengo|88/100|[from] Stealth Rock
|move|p2a: Walking Wake|Draco Meteor|p1a: Gholdengo|[miss]
|-miss|p2a: Walking Wake|p1a: Gholdengo
|
|upkeep
|turn|44
|
|t:|1779714008
|move|p2a: Walking Wake|Flip Turn|p1a: Gholdengo
|-damage|p1a: Gholdengo|76/100
|
|t:|1779714015
|-end|p2a: Walking Wake|Protosynthesis|[silent]
|switch|p2a: Clodsire|Clodsire, F|51/100|[from] Flip Turn
|-damage|p2a: Clodsire|26/100|[from] Spikes
|-damage|p2a: Clodsire|20/100|[from] Stealth Rock
|move|p1a: Gholdengo|Nasty Plot|p1a: Gholdengo
|-boost|p1a: Gholdengo|spa|2
|
|-heal|p2a: Clodsire|26/100|[from] item: Leftovers
|upkeep
|turn|45
|
|t:|1779714025
|move|p2a: Clodsire|Protect|p2a: Clodsire
|-singleturn|p2a: Clodsire|Protect
|move|p1a: Gholdengo|Hex|p2a: Clodsire
|-activate|p2a: Clodsire|move: Protect
|
|-heal|p2a: Clodsire|32/100|[from] item: Leftovers
|upkeep
|turn|46
|
|t:|1779714032
|move|p1a: Gholdengo|Hex|p2a: Clodsire
|-damage|p2a: Clodsire|0 fnt
|faint|p2a: Clodsire
|
|upkeep
|
|t:|1779714039
|switch|p2a: Electivire|Electivire, M|100/100
|-damage|p2a: Electivire|76/100|[from] Spikes
|-damage|p2a: Electivire|63/100|[from] Stealth Rock
|turn|47
|
|t:|1779714045
|move|p2a: Electivire|Earthquake|p1a: Gholdengo
|-supereffective|p1a: Gholdengo
|-damage|p1a: Gholdengo|24/100
|move|p1a: Gholdengo|Nasty Plot|p1a: Gholdengo
|-boost|p1a: Gholdengo|spa|2
|
|upkeep
|turn|48
|
|t:|1779714051
|switch|p1a: Skarmory|Skarmory, M|81/100
|move|p2a: Electivire|Earthquake|p1a: Skarmory
|-immune|p1a: Skarmory
|
|upkeep
|turn|49
|
|t:|1779714057
|move|p2a: Electivire|Supercell Slam|p1a: Skarmory
|-supereffective|p1a: Skarmory
|-damage|p1a: Skarmory|16/100
|move|p1a: Skarmory|Body Press|p2a: Electivire
|-damage|p2a: Electivire|14/100
|
|upkeep
|turn|50
|
|t:|1779714065
|switch|p1a: Pecharunt|Pecharunt|100/100
|move|p2a: Electivire|Supercell Slam|p1a: Pecharunt|[miss]
|-miss|p2a: Electivire|p1a: Pecharunt
|-damage|p2a: Electivire|0 fnt|[from] supercellslam
|faint|p2a: Electivire
|
|upkeep
|
|t:|1779714076
|switch|p2a: Dragapult|Dragapult, F|44/100
|-damage|p2a: Dragapult|19/100|[from] Spikes
|-damage|p2a: Dragapult|6/100|[from] Stealth Rock
|turn|51
|
|t:|1779714082
|move|p2a: Dragapult|Sucker Punch||[still]
|-fail|p2a: Dragapult
|move|p1a: Pecharunt|Parting Shot|p2a: Dragapult
|-unboost|p2a: Dragapult|atk|1
|-unboost|p2a: Dragapult|spa|1
|
|t:|1779714087
|switch|p1a: Gholdengo|Gholdengo|24/100|[from] Parting Shot
|-damage|p1a: Gholdengo|18/100|[from] Stealth Rock
|
|upkeep
|turn|52
|
|t:|1779714093
|move|p2a: Dragapult|Sucker Punch||[still]
|-fail|p2a: Dragapult
|move|p1a: Gholdengo|Recover|p1a: Gholdengo
|-heal|p1a: Gholdengo|68/100
|
|upkeep
|turn|53
|
|t:|1779714100
|move|p2a: Dragapult|Dragon Darts|p1a: Gholdengo
|-resisted|p1a: Gholdengo
|-damage|p1a: Gholdengo|59/100
|-anim|p2a: Dragapult|Dragon Darts|p1a: Gholdengo
|-resisted|p1a: Gholdengo
|-damage|p1a: Gholdengo|50/100
|-damage|p2a: Dragapult|0 fnt|[from] item: Life Orb
|faint|p2a: Dragapult
|move|p1a: Gholdengo|Nasty Plot|p1a: Gholdengo
|-boost|p1a: Gholdengo|spa|2
|
|upkeep
|
|t:|1779714112
|switch|p2a: Glimmora|Glimmora, F|84/100
|-damage|p2a: Glimmora|59/100|[from] Spikes
|-damage|p2a: Glimmora|47/100|[from] Stealth Rock
|turn|54
|
|t:|1779714119
|move|p2a: Glimmora|Power Gem|p1a: Gholdengo
|-resisted|p1a: Gholdengo
|-damage|p1a: Gholdengo|31/100
|move|p1a: Gholdengo|Hex|p2a: Glimmora
|-damage|p2a: Glimmora|0 fnt
|faint|p2a: Glimmora
|
|upkeep
|
|t:|1779714128
|switch|p2a: Walking Wake|Walking Wake|10/100
|-damage|p2a: Walking Wake|0 fnt|[from] Spikes
|faint|p2a: Walking Wake
|-end|p2a: Walking Wake|Protosynthesis|[silent]
|
|t:|1779714131
|switch|p2a: Corviknight|Corviknight, M|85/100
|-damage|p2a: Corviknight|72/100|[from] Stealth Rock
|turn|55
|
|t:|1779714139
|move|p2a: Corviknight|Protect|p2a: Corviknight
|-singleturn|p2a: Corviknight|Protect
|move|p1a: Gholdengo|Thunder Wave|p2a: Corviknight
|-activate|p2a: Corviknight|move: Protect
|
|upkeep
|turn|56
|
|t:|1779714146
|move|p1a: Gholdengo|Thunder Wave|p2a: Corviknight
|-status|p2a: Corviknight|par
|move|p2a: Corviknight|Iron Defense|p2a: Corviknight
|-boost|p2a: Corviknight|def|2
|
|upkeep
|turn|57
|
|t:|1779714153
|move|p1a: Gholdengo|Hex|p2a: Corviknight
|-damage|p2a: Corviknight|0 fnt
|faint|p2a: Corviknight
|
|win|claudechamp
|raw|claudechamp's rating: 1152 &rarr; <strong>1181</strong><br />(+29 for winning)
|raw|DrakEragon's rating: 1206 &rarr; <strong>1177</strong><br />(-29 for losing)
|c|☆claudechamp|gg
|l|☆DrakEragon
|player|p2|
|l|☆claudechamp
|player|p1|
