|j|☆king27102003
|j|☆VelvetLeveilleur
|t:|1779562953
|gametype|singles
|player|p1|king27102003|265|1022
|player|p2|VelvetLeveilleur|hilda|1000
|gen|9
|tier|[Gen 9] OU
|rated|
|rule|HP Percentage Mod: HP is shown in percentages
|rule|Endless Battle Clause: Forcing endless battles is banned
|rule|Species Clause: Limit one of each Pokémon
|rule|OHKO Clause: OHKO moves are banned
|rule|Evasion Items Clause: Evasion items are banned
|rule|Evasion Moves Clause: Evasion moves are banned
|rule|Evasion Abilities Clause: Evasion abilities are banned
|rule|Sleep Moves Clause: Sleep-inducing moves are banned
|clearpoke
|poke|p1|Dragapult, F|
|poke|p1|Garchomp, F|
|poke|p1|Clefable, M|
|poke|p1|Slowking-Galar, F|
|poke|p1|Corviknight, F|
|poke|p1|Quaquaval, F|
|poke|p2|Iron Moth|
|poke|p2|Gliscor, M|
|poke|p2|Hatterene, F|
|poke|p2|Ogerpon-Wellspring, F|
|poke|p2|Raging Bolt|
|poke|p2|Zamazenta-*|
|teampreview
|inactive|Battle timer is ON: inactive players will automatically lose when time's up. (requested by king27102003)
|
|t:|1779562965
|teamsize|p1|6
|teamsize|p2|6
|start
|switch|p1a: Garchomp|Garchomp, F|100/100
|switch|p2a: Zamazenta|Zamazenta|100/100
|-ability|p2a: Zamazenta|Dauntless Shield|boost
|-boost|p2a: Zamazenta|def|1
|turn|1
|
|t:|1779562973
|move|p2a: Zamazenta|Reflect|p2a: Zamazenta
|-sidestart|p2: VelvetLeveilleur|Reflect
|move|p1a: Garchomp|Stealth Rock|p2a: Zamazenta
|-sidestart|p2: VelvetLeveilleur|move: Stealth Rock
|
|upkeep
|turn|2
|
|t:|1779562978
|move|p2a: Zamazenta|Light Screen|p2a: Zamazenta
|-sidestart|p2: VelvetLeveilleur|move: Light Screen
|move|p1a: Garchomp|Dragon Tail|p2a: Zamazenta
|-damage|p2a: Zamazenta|94/100
|drag|p2a: Gliscor|Gliscor, M|100/100
|-damage|p2a: Gliscor|88/100|[from] Stealth Rock
|
|-status|p2a: Gliscor|tox|[from] item: Toxic Orb
|upkeep
|turn|3
|
|t:|1779562997
|switch|p2a: Iron Moth|Iron Moth|100/100
|-damage|p2a: Iron Moth|76/100|[from] Stealth Rock
|-enditem|p2a: Iron Moth|Booster Energy
|-activate|p2a: Iron Moth|ability: Quark Drive|[fromitem]
|-start|p2a: Iron Moth|quarkdrivespe
|move|p1a: Garchomp|Dragon Tail|p2a: Iron Moth
|-damage|p2a: Iron Moth|55/100
|-end|p2a: Iron Moth|Quark Drive|[silent]
|drag|p2a: Ogerpon|Ogerpon-Wellspring, F|100/100
|-damage|p2a: Ogerpon|88/100|[from] Stealth Rock
|
|upkeep
|turn|4
|
|t:|1779563009
|move|p2a: Ogerpon|Trailblaze|p1a: Garchomp
|-damage|p1a: Garchomp|80/100
|-boost|p2a: Ogerpon|spe|1
|-damage|p2a: Ogerpon|76/100|[from] ability: Rough Skin|[of] p1a: Garchomp
|-damage|p2a: Ogerpon|59/100|[from] item: Rocky Helmet|[of] p1a: Garchomp
|move|p1a: Garchomp|Earthquake|p2a: Ogerpon
|-resisted|p2a: Ogerpon
|-damage|p2a: Ogerpon|46/100
|
|upkeep
|turn|5
|
|t:|1779563024
|move|p2a: Ogerpon|Ivy Cudgel|p1a: Garchomp|[anim] Ivy Cudgel Water
|-damage|p1a: Garchomp|39/100
|move|p1a: Garchomp|Dragon Tail|p2a: Ogerpon
|-damage|p2a: Ogerpon|29/100
|drag|p2a: Iron Moth|Iron Moth|55/100
|-damage|p2a: Iron Moth|30/100|[from] Stealth Rock
|
|upkeep
|turn|6
|
|t:|1779563034
|switch|p1a: Slowking|Slowking-Galar, F|100/100
|move|p2a: Iron Moth|Toxic Spikes|p1a: Slowking
|-sidestart|p1: king27102003|move: Toxic Spikes
|
|upkeep
|turn|7
|
|t:|1779563045
|move|p1a: Slowking|Psyshock|p2a: Iron Moth
|-supereffective|p2a: Iron Moth
|-damage|p2a: Iron Moth|0 fnt
|faint|p2a: Iron Moth
|-end|p2a: Iron Moth|Quark Drive|[silent]
|
|upkeep
|
|t:|1779563055
|switch|p2a: Gliscor|Gliscor, M|88/100 tox
|-damage|p2a: Gliscor|76/100 tox|[from] Stealth Rock
|turn|8
|
|t:|1779563059
|switch|p1a: Corviknight|Corviknight, F|100/100
|-ability|p1a: Corviknight|Pressure
|move|p2a: Gliscor|Agility|p2a: Gliscor
|-boost|p2a: Gliscor|spe|2
|
|-heal|p2a: Gliscor|88/100 tox|[from] ability: Poison Heal
|-sideend|p2: VelvetLeveilleur|Reflect
|upkeep
|turn|9
|
|t:|1779563068
|move|p2a: Gliscor|Facade|p1a: Corviknight
|-resisted|p1a: Corviknight
|-damage|p1a: Corviknight|87/100
|move|p1a: Corviknight|Defog|p2a: Gliscor
|-unboost|p2a: Gliscor|evasion|1
|-sideend|p2: VelvetLeveilleur|move: Light Screen
|-sideend|p2: VelvetLeveilleur|Stealth Rock|[from] move: Defog|[of] p1a: Corviknight
|-sideend|p1: king27102003|Toxic Spikes|[from] move: Defog|[of] p1a: Corviknight
|
|-heal|p1a: Corviknight|93/100|[from] item: Leftovers
|-heal|p2a: Gliscor|100/100 tox|[from] ability: Poison Heal
|upkeep
|turn|10
|
|t:|1779563082
|move|p2a: Gliscor|Swords Dance|p2a: Gliscor
|-boost|p2a: Gliscor|atk|2
|move|p1a: Corviknight|U-turn|p2a: Gliscor
|-resisted|p2a: Gliscor
|-damage|p2a: Gliscor|94/100 tox
|
|t:|1779563093
|switch|p1a: Dragapult|Dragapult, F|100/100|[from] U-turn
|
|-heal|p2a: Gliscor|100/100 tox|[from] ability: Poison Heal
|upkeep
|turn|11
|
|t:|1779563102
|move|p2a: Gliscor|Earthquake|p1a: Dragapult
|-damage|p1a: Dragapult|0 fnt
|faint|p1a: Dragapult
|
|upkeep
|-message|king27102003 forfeited.
|
|win|VelvetLeveilleur
|raw|king27102003's rating: 1022 &rarr; <strong>1008</strong><br />(-14 for losing)
|raw|VelvetLeveilleur's rating: 1000 &rarr; <strong>1043</strong><br />(+43 for winning)
|l|☆king27102003
|player|p1|
