|j|☆TheBevenator
|j|☆Nickthenickthenick
|t:|1779611437
|gametype|singles
|player|p1|TheBevenator|caitlin|1340
|player|p2|Nickthenickthenick|2|1362
|gen|9
|tier|[Gen 9] OU
|rated|
|rule|HP Percentage Mod: HP is shown in percentages
|rule|Endless Battle Clause: Forcing endless battles is banned
|rule|Species Clause: Limit one of each Pokémon
|rule|OHKO Clause: OHKO moves are banned
|rule|Evasion Items Clause: Evasion items are banned
|rule|Evasion Moves Clause: Evasion moves are banned
|rule|Evasion Abilities Clause: Evasion abilities are banned
|rule|Sleep Moves Clause: Sleep-inducing moves are banned
|clearpoke
|poke|p1|Toxapex, M|
|poke|p1|Skarmory, M|
|poke|p1|Keldeo-Resolute|
|poke|p1|Cobalion|
|poke|p1|Weavile, F|
|poke|p1|Hydrapple, F|
|poke|p2|Raikou|
|poke|p2|Entei|
|poke|p2|Suicune|
|poke|p2|Tyranitar, F|
|poke|p2|Porygon2|
|poke|p2|Espeon, M|
|teampreview
|
|t:|1779611443
|teamsize|p1|6
|teamsize|p2|6
|start
|switch|p1a: Hydrapple|Hydrapple, F|100/100
|switch|p2a: Raikou|Raikou|100/100
|-ability|p2a: Raikou|Pressure
|turn|1
|
|t:|1779611451
|switch|p2a: Tyranitar|Tyranitar, F|100/100
|-weather|Sandstorm|[from] ability: Sand Stream|[of] p2a: Tyranitar
|move|p1a: Hydrapple|Earth Power|p2a: Tyranitar
|-supereffective|p2a: Tyranitar
|-damage|p2a: Tyranitar|75/100
|
|-weather|Sandstorm|[upkeep]
|-damage|p1a: Hydrapple|94/100|[from] Sandstorm
|-heal|p2a: Tyranitar|81/100|[from] item: Leftovers
|upkeep
|turn|2
|
|t:|1779611459
|switch|p1a: Cobalion|Cobalion, shiny|100/100
|move|p2a: Tyranitar|Stealth Rock|p1a: Cobalion
|-sidestart|p1: TheBevenator|move: Stealth Rock
|
|-weather|Sandstorm|[upkeep]
|-heal|p2a: Tyranitar|87/100|[from] item: Leftovers
|upkeep
|turn|3
|
|t:|1779611467
|switch|p2a: Espeon|Espeon, M|100/100
|move|p1a: Cobalion|Volt Switch|p2a: Espeon
|-damage|p2a: Espeon|81/100
|
|t:|1779611469
|switch|p1a: Weavile|Weavile, F|100/100|[from] Volt Switch
|-ability|p1a: Weavile|Pressure
|
|-weather|Sandstorm|[upkeep]
|-damage|p1a: Weavile|94/100|[from] Sandstorm
|-damage|p2a: Espeon|75/100|[from] Sandstorm
|upkeep
|turn|4
|
|t:|1779611475
|switch|p2a: Entei|Entei|100/100
|-ability|p2a: Entei|Pressure
|move|p1a: Weavile|Knock Off|p2a: Entei
|-damage|p2a: Entei|50/100
|-enditem|p2a: Entei|Heavy-Duty Boots|[from] move: Knock Off|[of] p1a: Weavile
|
|-weather|Sandstorm|[upkeep]
|-damage|p1a: Weavile|88/100|[from] Sandstorm
|-damage|p2a: Entei|44/100|[from] Sandstorm
|upkeep
|turn|5
|
|t:|1779611482
|switch|p1a: Toxapex|Toxapex, M, shiny|100/100
|-damage|p1a: Toxapex|88/100|[from] Stealth Rock
|move|p2a: Entei|Sacred Fire|p1a: Toxapex
|-resisted|p1a: Toxapex
|-damage|p1a: Toxapex|68/100
|
|-weather|none
|-heal|p1a: Toxapex|74/100|[from] item: Leftovers
|upkeep
|turn|6
|
|t:|1779611492
|switch|p2a: Espeon|Espeon, M|75/100
|switch|p1a: Weavile|Weavile, F|88/100
|-ability|p1a: Weavile|Pressure
|
|upkeep
|turn|7
|
|t:|1779611503
|switch|p2a: Entei|Entei|44/100
|-ability|p2a: Entei|Pressure
|move|p1a: Weavile|Swords Dance|p1a: Weavile
|-boost|p1a: Weavile|atk|2
|
|upkeep
|turn|8
|
|t:|1779611509
|move|p2a: Entei|Extreme Speed|p1a: Weavile
|-damage|p1a: Weavile|42/100
|move|p1a: Weavile|Knock Off|p2a: Entei
|-crit|p2a: Entei
|-damage|p2a: Entei|0 fnt
|faint|p2a: Entei
|
|upkeep
|
|t:|1779611520
|switch|p2a: Porygon2|Porygon2|100/100
|-ability|p2a: Porygon2|Pressure|Trace|[from] ability: Trace|[of] p1a: Weavile
|-ability|p2a: Porygon2|Pressure
|turn|9
|
|t:|1779611526
|-terastallize|p1a: Weavile|Ghost
|move|p1a: Weavile|Knock Off|p2a: Porygon2
|-damage|p2a: Porygon2|56/100
|-enditem|p2a: Porygon2|Eviolite|[from] move: Knock Off|[of] p1a: Weavile
|move|p2a: Porygon2|Foul Play|p1a: Weavile
|-supereffective|p1a: Weavile
|-damage|p1a: Weavile|0 fnt
|faint|p1a: Weavile
|
|upkeep
|
|t:|1779611538
|switch|p1a: Keldeo|Keldeo-Resolute|100/100
|-damage|p1a: Keldeo|94/100|[from] Stealth Rock
|turn|10
|
|t:|1779611543
|move|p1a: Keldeo|Surf|p2a: Porygon2
|-damage|p2a: Porygon2|0 fnt
|faint|p2a: Porygon2
|
|upkeep
|
|t:|1779611551
|switch|p2a: Suicune|Suicune|100/100
|-ability|p2a: Suicune|Pressure
|turn|11
|
|t:|1779611555
|switch|p1a: Skarmory|Skarmory, M|100/100
|-damage|p1a: Skarmory|88/100|[from] Stealth Rock
|move|p2a: Suicune|Calm Mind|p2a: Suicune
|-boost|p2a: Suicune|spa|1
|-boost|p2a: Suicune|spd|1
|
|upkeep
|turn|12
|
|t:|1779611558
|move|p2a: Suicune|Scald|p1a: Skarmory
|-damage|p1a: Skarmory|38/100
|-status|p1a: Skarmory|brn
|move|p1a: Skarmory|Whirlwind|p2a: Suicune
|drag|p2a: Raikou|Raikou|100/100
|-ability|p2a: Raikou|Pressure
|
|-damage|p1a: Skarmory|32/100 brn|[from] brn
|upkeep
|turn|13
|
|t:|1779611566
|switch|p1a: Hydrapple|Hydrapple, F|100/100
|move|p2a: Raikou|Discharge|p1a: Hydrapple
|-resisted|p1a: Hydrapple
|-damage|p1a: Hydrapple|91/100
|
|upkeep
|turn|14
|
|t:|1779611575
|switch|p2a: Tyranitar|Tyranitar, F|87/100
|-weather|Sandstorm|[from] ability: Sand Stream|[of] p2a: Tyranitar
|move|p1a: Hydrapple|Leaf Storm|p2a: Tyranitar
|-supereffective|p2a: Tyranitar
|-damage|p2a: Tyranitar|33/100
|-unboost|p1a: Hydrapple|spa|2
|
|-weather|Sandstorm|[upkeep]
|-damage|p1a: Hydrapple|85/100|[from] Sandstorm
|-heal|p2a: Tyranitar|39/100|[from] item: Leftovers
|upkeep
|turn|15
|
|t:|1779611583
|switch|p1a: Skarmory|Skarmory, M|32/100 brn
|-damage|p1a: Skarmory|20/100 brn|[from] Stealth Rock
|move|p2a: Tyranitar|Ice Beam|p1a: Skarmory
|-damage|p1a: Skarmory|0 fnt
|faint|p1a: Skarmory
|
|-weather|Sandstorm|[upkeep]
|-heal|p2a: Tyranitar|46/100|[from] item: Leftovers
|upkeep
|
|t:|1779611585
|switch|p1a: Cobalion|Cobalion, shiny|100/100
|-damage|p1a: Cobalion|97/100|[from] Stealth Rock
|turn|16
|
|t:|1779611598
|move|p1a: Cobalion|Body Press|p2a: Tyranitar
|-supereffective|p2a: Tyranitar
|-damage|p2a: Tyranitar|0 fnt
|faint|p2a: Tyranitar
|
|-weather|Sandstorm|[upkeep]
|upkeep
|
|t:|1779611609
|switch|p2a: Espeon|Espeon, M|75/100
|turn|17
|
|t:|1779611615
|switch|p1a: Hydrapple|Hydrapple, F|100/100
|move|p2a: Espeon|Psychic Noise|p1a: Hydrapple
|-damage|p1a: Hydrapple|61/100
|-start|p1a: Hydrapple|move: Heal Block
|
|-weather|Sandstorm|[upkeep]
|-damage|p2a: Espeon|69/100|[from] Sandstorm
|-damage|p1a: Hydrapple|55/100|[from] Sandstorm
|upkeep
|turn|18
|
|t:|1779611621
|move|p2a: Espeon|Alluring Voice|p1a: Hydrapple
|-supereffective|p1a: Hydrapple
|-damage|p1a: Hydrapple|0 fnt
|faint|p1a: Hydrapple
|
|-weather|none
|upkeep
|
|t:|1779611635
|switch|p1a: Cobalion|Cobalion, shiny|97/100
|-damage|p1a: Cobalion|94/100|[from] Stealth Rock
|turn|19
|
|t:|1779611639
|move|p2a: Espeon|Psychic Noise|p1a: Cobalion
|-damage|p1a: Cobalion|49/100
|-start|p1a: Cobalion|move: Heal Block
|move|p1a: Cobalion|Volt Switch|p2a: Espeon
|-damage|p2a: Espeon|51/100
|
|t:|1779611647
|switch|p1a: Toxapex|Toxapex, M, shiny|100/100|[from] Volt Switch
|-damage|p1a: Toxapex|88/100|[from] Stealth Rock
|
|-heal|p1a: Toxapex|94/100|[from] item: Leftovers
|upkeep
|turn|20
|
|t:|1779611651
|move|p1a: Toxapex|Baneful Bunker|p1a: Toxapex
|-singleturn|p1a: Toxapex|move: Protect
|move|p2a: Espeon|Psychic Noise|p1a: Toxapex
|-activate|p1a: Toxapex|move: Protect
|
|-heal|p1a: Toxapex|100/100|[from] item: Leftovers
|upkeep
|turn|21
|
|t:|1779611654
|move|p2a: Espeon|Psychic Noise|p1a: Toxapex
|-supereffective|p1a: Toxapex
|-damage|p1a: Toxapex|54/100
|-start|p1a: Toxapex|move: Heal Block
|move|p1a: Toxapex|Liquidation|p2a: Espeon
|-damage|p2a: Espeon|10/100
|
|upkeep
|turn|22
|
|t:|1779611669
|move|p2a: Espeon|Psychic Noise|p1a: Toxapex
|-supereffective|p1a: Toxapex
|-damage|p1a: Toxapex|8/100
|move|p1a: Toxapex|Toxic Spikes|p2a: Espeon
|move|p2a: Espeon|Toxic Spikes|p1a: Toxapex|[from] ability: Magic Bounce
|-sidestart|p1: TheBevenator|move: Toxic Spikes
|
|-end|p1a: Toxapex|move: Heal Block
|upkeep
|turn|23
|
|t:|1779611676
|switch|p1a: Cobalion|Cobalion, shiny|49/100
|-damage|p1a: Cobalion|46/100|[from] Stealth Rock
|move|p2a: Espeon|Psychic Noise|p1a: Cobalion
|-damage|p1a: Cobalion|3/100
|-start|p1a: Cobalion|move: Heal Block
|
|upkeep
|turn|24
|
|t:|1779611690
|move|p2a: Espeon|Psychic Noise|p1a: Cobalion
|-damage|p1a: Cobalion|0 fnt
|faint|p1a: Cobalion
|
|upkeep
|
|t:|1779611692
|switch|p1a: Toxapex|Toxapex, M, shiny|42/100
|-damage|p1a: Toxapex|29/100|[from] Stealth Rock
|-sideend|p1: TheBevenator|move: Toxic Spikes|[of] p1a: Toxapex
|turn|25
|
|t:|1779611695
|move|p1a: Toxapex|Baneful Bunker|p1a: Toxapex
|-singleturn|p1a: Toxapex|move: Protect
|move|p2a: Espeon|Psychic Noise|p1a: Toxapex
|-activate|p1a: Toxapex|move: Protect
|
|-heal|p1a: Toxapex|35/100|[from] item: Leftovers
|upkeep
|turn|26
|
|t:|1779611697
|move|p2a: Espeon|Psychic Noise|p1a: Toxapex
|-supereffective|p1a: Toxapex
|-damage|p1a: Toxapex|0 fnt
|faint|p1a: Toxapex
|
|upkeep
|-message|TheBevenator forfeited.
|
|win|Nickthenickthenick
|raw|TheBevenator's rating: 1340 &rarr; <strong>1321</strong><br />(-19 for losing)
|raw|Nickthenickthenick's rating: 1362 &rarr; <strong>1381</strong><br />(+19 for winning)
|l|☆TheBevenator
|player|p1|
