|inactive|Battle timer is ON: inactive players will automatically lose when time's up.
|t:|1779647956
|gametype|singles
|player|p1|j0natthan|miku-psychic|
|player|p2|ilesaural.|#wcop2020spain|
|gen|9
|tier|[Gen 9] OU
|rule|HP Percentage Mod: HP is shown in percentages
|rule|Endless Battle Clause: Forcing endless battles is banned
|rule|Species Clause: Limit one of each Pokémon
|rule|OHKO Clause: OHKO moves are banned
|rule|Evasion Items Clause: Evasion items are banned
|rule|Evasion Moves Clause: Evasion moves are banned
|rule|Evasion Abilities Clause: Evasion abilities are banned
|rule|Sleep Moves Clause: Sleep-inducing moves are banned
|clearpoke
|poke|p1|Dragonite, F|
|poke|p1|Great Tusk|
|poke|p1|Deoxys-Speed|
|poke|p1|Gholdengo|
|poke|p1|Zamazenta-*|
|poke|p1|Iron Valiant|
|poke|p2|Serperior, F|
|poke|p2|Zamazenta-*|
|poke|p2|Pecharunt|
|poke|p2|Gliscor, M|
|poke|p2|Ting-Lu|
|poke|p2|Heatran, F|
|teampreview
|c|☆j0natthan|Hf 
|inactive|ilesaural. has 270 seconds left.
|c|☆ilesaural.|hf
|inactive|ilesaural. has 240 seconds left.
|
|t:|1779648035
|teamsize|p1|6
|teamsize|p2|6
|start
|switch|p1a: Deoxys|Deoxys-Speed|100/100
|switch|p2a: Heatran|Heatran, F|100/100
|-ability|p1a: Deoxys|Pressure
|turn|1
|
|t:|1779648038
|move|p1a: Deoxys|Taunt|p2a: Heatran
|-start|p2a: Heatran|move: Taunt
|move|p2a: Heatran|Magma Storm|p1a: Deoxys
|-crit|p1a: Deoxys
|-damage|p1a: Deoxys|24/100
|-activate|p1a: Deoxys|move: Magma Storm|[of] p2a: Heatran
|
|-damage|p1a: Deoxys|12/100|[from] move: Magma Storm|[partiallytrapped]
|upkeep
|turn|2
|
|t:|1779648049
|move|p1a: Deoxys|Stealth Rock|p2a: Heatran
|-sidestart|p2: ilesaural.|move: Stealth Rock
|move|p2a: Heatran|Earth Power|p1a: Deoxys
|-damage|p1a: Deoxys|0 fnt
|faint|p1a: Deoxys
|
|upkeep
|
|t:|1779648057
|switch|p1a: Great Tusk|Great Tusk|100/100
|-enditem|p1a: Great Tusk|Booster Energy
|-activate|p1a: Great Tusk|ability: Protosynthesis|[fromitem]
|-start|p1a: Great Tusk|protosynthesisspe
|turn|3
|
|t:|1779648072
|switch|p2a: Zamazenta|Zamazenta|100/100
|-ability|p2a: Zamazenta|Dauntless Shield|boost
|-boost|p2a: Zamazenta|def|1
|move|p1a: Great Tusk|Bulk Up|p1a: Great Tusk
|-boost|p1a: Great Tusk|atk|1
|-boost|p1a: Great Tusk|def|1
|
|upkeep
|turn|4
|
|t:|1779648084
|move|p1a: Great Tusk|Taunt|p2a: Zamazenta
|-start|p2a: Zamazenta|move: Taunt
|move|p2a: Zamazenta|Close Combat|p1a: Great Tusk
|-damage|p1a: Great Tusk|74/100
|-unboost|p2a: Zamazenta|def|1
|-unboost|p2a: Zamazenta|spd|1
|
|upkeep
|turn|5
|
|t:|1779648099
|move|p1a: Great Tusk|Bulk Up|p1a: Great Tusk
|-boost|p1a: Great Tusk|atk|1
|-boost|p1a: Great Tusk|def|1
|move|p2a: Zamazenta|Close Combat|p1a: Great Tusk
|-damage|p1a: Great Tusk|56/100
|-unboost|p2a: Zamazenta|def|1
|-unboost|p2a: Zamazenta|spd|1
|
|upkeep
|turn|6
|
|t:|1779648110
|move|p1a: Great Tusk|Headlong Rush|p2a: Zamazenta
|-damage|p2a: Zamazenta|0 fnt
|-unboost|p1a: Great Tusk|def|1
|-unboost|p1a: Great Tusk|spd|1
|faint|p2a: Zamazenta
|
|upkeep
|
|t:|1779648120
|switch|p2a: Pecharunt|Pecharunt|100/100
|turn|7
|
|t:|1779648124
|-terastallize|p2a: Pecharunt|Ghost
|move|p1a: Great Tusk|Headlong Rush|p2a: Pecharunt
|-damage|p2a: Pecharunt|36/100
|-unboost|p1a: Great Tusk|def|1
|-unboost|p1a: Great Tusk|spd|1
|move|p2a: Pecharunt|Shadow Ball|p1a: Great Tusk
|-damage|p1a: Great Tusk|0 fnt
|faint|p1a: Great Tusk
|-end|p1a: Great Tusk|Protosynthesis|[silent]
|
|upkeep
|inactive|j0natthan has 270 seconds left.
|
|t:|1779648163
|switch|p1a: Gholdengo|Gholdengo|100/100
|turn|8
|
|t:|1779648182
|switch|p2a: Ting-Lu|Ting-Lu|100/100
|-damage|p2a: Ting-Lu|94/100|[from] Stealth Rock
|-ability|p2a: Ting-Lu|Vessel of Ruin
|move|p1a: Gholdengo|Nasty Plot|p1a: Gholdengo
|-boost|p1a: Gholdengo|spa|2
|
|-heal|p2a: Ting-Lu|100/100|[from] item: Leftovers
|upkeep
|turn|9
|
|t:|1779648187
|move|p1a: Gholdengo|Make It Rain|p2a: Ting-Lu
|-damage|p2a: Ting-Lu|51/100
|-unboost|p1a: Gholdengo|spa|1
|move|p2a: Ting-Lu|Whirlwind|p1a: Gholdengo
|-immune|p1a: Gholdengo|[from] ability: Good as Gold
|
|-heal|p2a: Ting-Lu|57/100|[from] item: Leftovers
|upkeep
|turn|10
|
|t:|1779648199
|move|p1a: Gholdengo|Make It Rain|p2a: Ting-Lu
|-damage|p2a: Ting-Lu|17/100
|-unboost|p1a: Gholdengo|spa|1
|move|p2a: Ting-Lu|Earthquake|p1a: Gholdengo
|-supereffective|p1a: Gholdengo
|-damage|p1a: Gholdengo|44/100
|
|-heal|p2a: Ting-Lu|23/100|[from] item: Leftovers
|upkeep
|turn|11
|
|t:|1779648222
|move|p1a: Gholdengo|Make It Rain|p2a: Ting-Lu
|-damage|p2a: Ting-Lu|0 fnt
|-unboost|p1a: Gholdengo|spa|1
|faint|p2a: Ting-Lu
|
|upkeep
|
|t:|1779648224
|switch|p2a: Gliscor|Gliscor, M|100/100
|-damage|p2a: Gliscor|88/100|[from] Stealth Rock
|turn|12
|
|t:|1779648249
|move|p2a: Gliscor|Earthquake|p1a: Gholdengo
|-supereffective|p1a: Gholdengo
|-damage|p1a: Gholdengo|0 fnt
|faint|p1a: Gholdengo
|
|-status|p2a: Gliscor|tox|[from] item: Toxic Orb
|upkeep
|inactive|j0natthan has 270 seconds left.
|
|t:|1779648264
|switch|p1a: Zamazenta|Zamazenta|100/100
|-ability|p1a: Zamazenta|Dauntless Shield|boost
|-boost|p1a: Zamazenta|def|1
|turn|13
|
|t:|1779648268
|move|p2a: Gliscor|Protect|p2a: Gliscor
|-singleturn|p2a: Gliscor|Protect
|move|p1a: Zamazenta|Ice Fang|p2a: Gliscor
|-activate|p2a: Gliscor|move: Protect
|
|-heal|p2a: Gliscor|100/100 tox|[from] ability: Poison Heal
|upkeep
|turn|14
|
|t:|1779648275
|switch|p2a: Heatran|Heatran, F|100/100
|-damage|p2a: Heatran|88/100|[from] Stealth Rock
|move|p1a: Zamazenta|Crunch|p2a: Heatran
|-damage|p2a: Heatran|57/100
|-damage|p1a: Zamazenta|91/100|[from] item: Life Orb
|
|-heal|p2a: Heatran|63/100|[from] item: Leftovers
|upkeep
|turn|15
|
|t:|1779648286
|move|p1a: Zamazenta|Close Combat|p2a: Heatran
|-supereffective|p2a: Heatran
|-damage|p2a: Heatran|0 fnt
|-unboost|p1a: Zamazenta|def|1
|-unboost|p1a: Zamazenta|spd|1
|faint|p2a: Heatran
|-damage|p1a: Zamazenta|81/100|[from] item: Life Orb
|
|upkeep
|
|t:|1779648289
|switch|p2a: Pecharunt|Pecharunt, tera:Ghost|36/100
|turn|16
|inactive|j0natthan has 270 seconds left.
|
|t:|1779648343
|-terastallize|p1a: Zamazenta|Steel
|move|p1a: Zamazenta|Crunch|p2a: Pecharunt
|-supereffective|p2a: Pecharunt
|-damage|p2a: Pecharunt|0 fnt
|faint|p2a: Pecharunt
|-damage|p1a: Zamazenta|71/100|[from] item: Life Orb
|
|upkeep
|
|t:|1779648349
|switch|p2a: Gliscor|Gliscor, M|100/100 tox
|-damage|p2a: Gliscor|88/100 tox|[from] Stealth Rock
|turn|17
|
|t:|1779648353
|move|p2a: Gliscor|Protect|p2a: Gliscor
|-singleturn|p2a: Gliscor|Protect
|move|p1a: Zamazenta|Ice Fang|p2a: Gliscor
|-activate|p2a: Gliscor|move: Protect
|
|-heal|p2a: Gliscor|100/100 tox|[from] ability: Poison Heal
|upkeep
|turn|18
|
|t:|1779648358
|move|p1a: Zamazenta|Ice Fang|p2a: Gliscor
|-supereffective|p2a: Gliscor
|-damage|p2a: Gliscor|9/100 tox
|-damage|p1a: Zamazenta|61/100|[from] item: Life Orb
|move|p2a: Gliscor|Earthquake|p1a: Zamazenta
|-supereffective|p1a: Zamazenta
|-damage|p1a: Zamazenta|4/100
|
|-heal|p2a: Gliscor|22/100 tox|[from] ability: Poison Heal
|upkeep
|turn|19
|
|t:|1779648364
|move|p2a: Gliscor|Protect|p2a: Gliscor
|-singleturn|p2a: Gliscor|Protect
|move|p1a: Zamazenta|Ice Fang|p2a: Gliscor
|-activate|p2a: Gliscor|move: Protect
|
|-heal|p2a: Gliscor|34/100 tox|[from] ability: Poison Heal
|upkeep
|turn|20
|
|t:|1779648368
|move|p1a: Zamazenta|Ice Fang|p2a: Gliscor
|-supereffective|p2a: Gliscor
|-damage|p2a: Gliscor|0 fnt
|faint|p2a: Gliscor
|-damage|p1a: Zamazenta|0 fnt|[from] item: Life Orb
|faint|p1a: Zamazenta
|
|upkeep
|
|t:|1779648373
|switch|p1a: Dragonite|Dragonite, F|100/100
|switch|p2a: Serperior|Serperior, F|100/100
|turn|21
|
|t:|1779648379
|move|p2a: Serperior|Glare|p1a: Dragonite
|-status|p1a: Dragonite|par
|move|p1a: Dragonite|Fire Punch|p2a: Serperior
|-supereffective|p2a: Serperior
|-damage|p2a: Serperior|24/100
|-status|p2a: Serperior|brn
|-damage|p1a: Dragonite|91/100 par|[from] item: Life Orb
|
|-damage|p2a: Serperior|18/100 brn|[from] brn
|upkeep
|turn|22
|
|t:|1779648386
|move|p1a: Dragonite|Extreme Speed|p2a: Serperior
|-damage|p2a: Serperior|0 fnt
|faint|p2a: Serperior
|-damage|p1a: Dragonite|81/100 par|[from] item: Life Orb
|
|win|j0natthan
|player|p2|
|c|☆j0natthan|gg 
