|j|☆mackoy507
|j|☆lapadaseca
|t:|1779587128
|gametype|singles
|player|p1|mackoy507|nate|1350
|player|p2|lapadaseca|janitor|1387
|gen|9
|tier|[Gen 9] OU
|rated|
|rule|HP Percentage Mod: HP is shown in percentages
|rule|Endless Battle Clause: Forcing endless battles is banned
|rule|Species Clause: Limit one of each Pokémon
|rule|OHKO Clause: OHKO moves are banned
|rule|Evasion Items Clause: Evasion items are banned
|rule|Evasion Moves Clause: Evasion moves are banned
|rule|Evasion Abilities Clause: Evasion abilities are banned
|rule|Sleep Moves Clause: Sleep-inducing moves are banned
|clearpoke
|poke|p1|Weezing-Galar, M|
|poke|p1|Alomomola, F|
|poke|p1|Blissey, F|
|poke|p1|Umbreon, M|
|poke|p1|Meowscarada, F|
|poke|p1|Gholdengo|
|poke|p2|Golurk|
|poke|p2|Dragapult, M|
|poke|p2|Primarina, F|
|poke|p2|Great Tusk|
|poke|p2|Kingambit, M|
|poke|p2|Amoonguss, M|
|teampreview
|inactive|Battle timer is ON: inactive players will automatically lose when time's up. (requested by mackoy507)
|
|t:|1779587134
|teamsize|p1|6
|teamsize|p2|6
|start
|switch|p1a: Meowscarada|Meowscarada, F|100/100
|switch|p2a: Carlinhos|Golurk, shiny|100/100
|turn|1
|
|t:|1779587142
|switch|p2a: Amoonguss|Amoonguss, M|100/100
|move|p1a: Meowscarada|Trick|p2a: Amoonguss
|-start|p1a: Meowscarada|typechange|Psychic|[from] ability: Protean
|-activate|p1a: Meowscarada|move: Trick|[of] p2a: Amoonguss
|-item|p2a: Amoonguss|Choice Scarf|[from] move: Trick
|-item|p1a: Meowscarada|Eject Pack|[from] move: Trick
|
|upkeep
|turn|2
|
|t:|1779587156
|move|p1a: Meowscarada|U-turn|p2a: Amoonguss
|-damage|p2a: Amoonguss|86/100
|
|t:|1779587159
|switch|p1a: Gholdengo|Gholdengo|100/100|[from] U-turn
|move|p2a: Amoonguss|Leaf Storm|p1a: Gholdengo
|-resisted|p1a: Gholdengo
|-damage|p1a: Gholdengo|76/100
|-unboost|p2a: Amoonguss|spa|2
|
|upkeep
|turn|3
|
|t:|1779587168
|switch|p2a: Primarina|Primarina, F|100/100
|-terastallize|p1a: Gholdengo|Steel
|move|p1a: Gholdengo|Make It Rain|p2a: Primarina
|-damage|p2a: Primarina|48/100
|-unboost|p1a: Gholdengo|spa|1
|
|upkeep
|turn|4
|
|t:|1779587176
|move|p1a: Gholdengo|Trick|p2a: Primarina
|-activate|p1a: Gholdengo|move: Trick|[of] p2a: Primarina
|-item|p2a: Primarina|Toxic Orb|[from] move: Trick
|-item|p1a: Gholdengo|Assault Vest|[from] move: Trick
|move|p2a: Primarina|Flip Turn|p1a: Gholdengo
|-damage|p1a: Gholdengo|58/100
|
|t:|1779587195
|switch|p2a: Great Tusk|Great Tusk|100/100|[from] Flip Turn
|-enditem|p2a: Great Tusk|Booster Energy
|-activate|p2a: Great Tusk|ability: Protosynthesis|[fromitem]
|-start|p2a: Great Tusk|protosynthesisspe
|
|upkeep
|turn|5
|
|t:|1779587201
|switch|p1a: Alomomola|Alomomola, F|100/100
|move|p2a: Great Tusk|Stealth Rock|p1a: Alomomola
|-sidestart|p1: mackoy507|move: Stealth Rock
|
|upkeep
|turn|6
|
|t:|1779587214
|-end|p2a: Great Tusk|Protosynthesis|[silent]
|switch|p2a: Dragapult|Dragapult, M|100/100
|move|p1a: Alomomola|Wish|p1a: Alomomola
|
|upkeep
|turn|7
|
|t:|1779587219
|move|p2a: Dragapult|Will-O-Wisp|p1a: Alomomola
|-status|p1a: Alomomola|brn
|move|p1a: Alomomola|Flip Turn|p2a: Dragapult
|-resisted|p2a: Dragapult
|-damage|p2a: Dragapult|96/100
|
|t:|1779587230
|switch|p1a: Meowscarada|Meowscarada, F|100/100|[from] Flip Turn
|-damage|p1a: Meowscarada|88/100|[from] Stealth Rock
|
|-heal|p1a: Meowscarada|100/100|[from] move: Wish|[wisher] Alomomola
|upkeep
|turn|8
|
|t:|1779587242
|switch|p2a: Amoonguss|Amoonguss, M|100/100
|move|p1a: Meowscarada|U-turn|p2a: Amoonguss
|-start|p1a: Meowscarada|typechange|Bug|[from] ability: Protean
|-damage|p2a: Amoonguss|78/100
|
|t:|1779587250
|switch|p1a: Gholdengo|Gholdengo, tera:Steel|58/100|[from] U-turn
|-damage|p1a: Gholdengo|52/100|[from] Stealth Rock
|
|upkeep
|turn|9
|
|t:|1779587257
|move|p1a: Gholdengo|Make It Rain|p2a: Amoonguss
|-damage|p2a: Amoonguss|0 fnt
|-unboost|p1a: Gholdengo|spa|1
|faint|p2a: Amoonguss
|
|upkeep
|
|t:|1779587261
|switch|p2a: Carlinhos|Golurk, shiny|100/100
|turn|10
|
|t:|1779587266
|switch|p1a: Alomomola|Alomomola, F|100/100 brn
|-damage|p1a: Alomomola|88/100 brn|[from] Stealth Rock
|move|p2a: Carlinhos|Earthquake|p1a: Alomomola
|-damage|p1a: Alomomola|42/100 brn
|
|-damage|p1a: Alomomola|35/100 brn|[from] brn
|upkeep
|turn|11
|
|t:|1779587273
|move|p2a: Carlinhos|Earthquake|p1a: Alomomola
|-damage|p1a: Alomomola|0 fnt
|faint|p1a: Alomomola
|
|upkeep
|
|t:|1779587275
|switch|p1a: Weezing|Weezing-Galar, M|100/100
|-ability|p1a: Weezing|Neutralizing Gas
|-damage|p1a: Weezing|88/100|[from] Stealth Rock
|turn|12
|
|t:|1779587279
|move|p2a: Carlinhos|Earthquake|p1a: Weezing
|-supereffective|p1a: Weezing
|-damage|p1a: Weezing|0 fnt
|faint|p1a: Weezing
|-end|p1a: Weezing|ability: Neutralizing Gas
|
|upkeep
|
|t:|1779587284
|switch|p1a: Meowscarada|Meowscarada, F|100/100
|-damage|p1a: Meowscarada|88/100|[from] Stealth Rock
|turn|13
|
|t:|1779587289
|switch|p2a: Kingambit|Kingambit, M|100/100
|-activate|p2a: Kingambit|ability: Supreme Overlord
|-start|p2a: Kingambit|fallen1|[silent]
|move|p1a: Meowscarada|Knock Off|p2a: Kingambit
|-start|p1a: Meowscarada|typechange|Dark|[from] ability: Protean
|-resisted|p2a: Kingambit
|-damage|p2a: Kingambit|81/100
|-enditem|p2a: Kingambit|Black Glasses|[from] move: Knock Off|[of] p1a: Meowscarada
|
|upkeep
|turn|14
|
|t:|1779587297
|move|p1a: Meowscarada|U-turn|p2a: Kingambit
|-damage|p2a: Kingambit|62/100
|-message|mackoy507 forfeited.
|
|win|lapadaseca
|raw|mackoy507's rating: 1350 &rarr; <strong>1332</strong><br />(-18 for losing)
|raw|lapadaseca's rating: 1387 &rarr; <strong>1405</strong><br />(+18 for winning)
|l|☆mackoy507
|player|p1|
|l|☆lapadaseca
|player|p2|
