|j|☆thebestyearsofou
|j|☆Frizkism
|t:|1779598633
|gametype|singles
|player|p1|thebestyearsofou|101|1072
|player|p2|Frizkism|kieran|1073
|gen|9
|tier|[Gen 9] OU
|rated|
|rule|HP Percentage Mod: HP is shown in percentages
|rule|Endless Battle Clause: Forcing endless battles is banned
|rule|Species Clause: Limit one of each Pokémon
|rule|OHKO Clause: OHKO moves are banned
|rule|Evasion Items Clause: Evasion items are banned
|rule|Evasion Moves Clause: Evasion moves are banned
|rule|Evasion Abilities Clause: Evasion abilities are banned
|rule|Sleep Moves Clause: Sleep-inducing moves are banned
|clearpoke
|poke|p1|Enamorus, F|
|poke|p1|Hatterene, F|
|poke|p1|Darkrai|
|poke|p1|Weezing-Galar, M|
|poke|p1|Dragonite, F|
|poke|p1|Frosmoth, F|
|poke|p2|Zamazenta-*|
|poke|p2|Iron Hands|
|poke|p2|Ceruledge, F|
|poke|p2|Iron Valiant|
|poke|p2|Deoxys-Speed|
|poke|p2|Glimmora, F|
|teampreview
|inactive|Battle timer is ON: inactive players will automatically lose when time's up. (requested by thebestyearsofou)
|
|t:|1779598647
|teamsize|p1|6
|teamsize|p2|6
|start
|switch|p1a: Darkrai|Darkrai|100/100
|switch|p2a: Dancin' RTR|Deoxys-Speed|100/100
|-ability|p2a: Dancin' RTR|Pressure
|turn|1
|
|t:|1779598667
|move|p1a: Darkrai|Trick|p2a: Dancin' RTR
|-activate|p1a: Darkrai|move: Trick|[of] p2a: Dancin' RTR
|-item|p2a: Dancin' RTR|Choice Scarf|[from] move: Trick
|-item|p1a: Darkrai|Light Clay|[from] move: Trick
|move|p2a: Dancin' RTR|Light Screen|p2a: Dancin' RTR
|-sidestart|p2: Frizkism|move: Light Screen
|
|upkeep
|turn|2
|
|t:|1779598680
|switch|p2a: Frizk F.|Glimmora, F|100/100
|move|p1a: Darkrai|Will-O-Wisp|p2a: Frizk F.|[miss]
|-miss|p1a: Darkrai|p2a: Frizk F.
|
|upkeep
|turn|3
|
|t:|1779598689
|move|p1a: Darkrai|Will-O-Wisp|p2a: Frizk F.
|-status|p2a: Frizk F.|brn
|move|p2a: Frizk F.|Stealth Rock|p1a: Darkrai
|-sidestart|p1: thebestyearsofou|move: Stealth Rock
|
|-damage|p2a: Frizk F.|94/100 brn|[from] brn
|upkeep
|turn|4
|
|t:|1779598701
|move|p1a: Darkrai|Dark Pulse|p2a: Frizk F.
|-damage|p2a: Frizk F.|71/100 brn
|-enditem|p2a: Frizk F.|Red Card|[of] p1a: Darkrai
|drag|p1a: Enamorus|Enamorus, F|100/100
|-damage|p1a: Enamorus|76/100|[from] Stealth Rock
|move|p2a: Frizk F.|Mortal Spin|p1a: Enamorus
|-supereffective|p1a: Enamorus
|-damage|p1a: Enamorus|66/100
|-status|p1a: Enamorus|psn
|
|-damage|p1a: Enamorus|53/100 psn|[from] psn
|-damage|p2a: Frizk F.|65/100 brn|[from] brn
|upkeep
|turn|5
|
|t:|1779598713
|move|p1a: Enamorus|Earth Power|p2a: Frizk F.
|-supereffective|p2a: Frizk F.
|-damage|p2a: Frizk F.|0 fnt
|faint|p2a: Frizk F.
|
|-damage|p1a: Enamorus|41/100 psn|[from] psn
|-sideend|p2: Frizkism|move: Light Screen
|upkeep
|
|t:|1779598728
|switch|p2a: ALL MY FELLAS|Ceruledge, F|100/100
|turn|6
|
|t:|1779598749
|-terastallize|p2a: ALL MY FELLAS|Ghost
|move|p1a: Enamorus|Earth Power|p2a: ALL MY FELLAS
|-damage|p2a: ALL MY FELLAS|61/100
|move|p2a: ALL MY FELLAS|Swords Dance|p2a: ALL MY FELLAS
|-boost|p2a: ALL MY FELLAS|atk|2
|
|-damage|p1a: Enamorus|29/100 psn|[from] psn
|upkeep
|turn|7
|
|t:|1779598763
|move|p1a: Enamorus|Moonblast|p2a: ALL MY FELLAS
|-damage|p2a: ALL MY FELLAS|3/100
|move|p2a: ALL MY FELLAS|Bitter Blade|p1a: Enamorus
|-damage|p1a: Enamorus|0 fnt
|-heal|p2a: ALL MY FELLAS|17/100|[from] drain|[of] p1a: Enamorus
|faint|p1a: Enamorus
|-damage|p2a: ALL MY FELLAS|7/100|[from] item: Life Orb
|
|upkeep
|
|t:|1779598771
|switch|p1a: Weezing|Weezing-Galar, M|100/100
|-damage|p1a: Weezing|88/100|[from] Stealth Rock
|turn|8
|
|t:|1779598776
|move|p2a: ALL MY FELLAS|Bitter Blade|p1a: Weezing
|-damage|p1a: Weezing|0 fnt
|-heal|p2a: ALL MY FELLAS|58/100|[from] drain|[of] p1a: Weezing
|faint|p1a: Weezing
|-damage|p2a: ALL MY FELLAS|48/100|[from] item: Life Orb
|
|upkeep
|
|t:|1779598785
|switch|p1a: Darkrai|Darkrai|100/100
|-damage|p1a: Darkrai|88/100|[from] Stealth Rock
|turn|9
|inactive|Frizkism has 120 seconds left.
|
|t:|1779598818
|switch|p2a: not askin 4 much|Iron Hands|100/100
|-enditem|p2a: not askin 4 much|Booster Energy
|-activate|p2a: not askin 4 much|ability: Quark Drive|[fromitem]
|-start|p2a: not askin 4 much|quarkdriveatk
|move|p1a: Darkrai|Dark Pulse|p2a: not askin 4 much
|-resisted|p2a: not askin 4 much
|-damage|p2a: not askin 4 much|79/100
|
|upkeep
|turn|10
|
|t:|1779598824
|move|p1a: Darkrai|Will-O-Wisp|p2a: not askin 4 much
|-status|p2a: not askin 4 much|brn
|move|p2a: not askin 4 much|Heavy Slam|p1a: Darkrai
|-damage|p1a: Darkrai|46/100
|
|-damage|p2a: not askin 4 much|73/100 brn|[from] brn
|upkeep
|turn|11
|
|t:|1779598841
|move|p1a: Darkrai|Ice Beam|p2a: not askin 4 much
|-damage|p2a: not askin 4 much|40/100 brn
|move|p2a: not askin 4 much|Close Combat|p1a: Darkrai
|-supereffective|p1a: Darkrai
|-damage|p1a: Darkrai|0 fnt
|-unboost|p2a: not askin 4 much|def|1
|-unboost|p2a: not askin 4 much|spd|1
|faint|p1a: Darkrai
|
|-damage|p2a: not askin 4 much|34/100 brn|[from] brn
|upkeep
|
|t:|1779598848
|switch|p1a: Hatterene|Hatterene, F|100/100
|-damage|p1a: Hatterene|88/100|[from] Stealth Rock
|turn|12
|
|t:|1779598852
|move|p2a: not askin 4 much|Heavy Slam|p1a: Hatterene
|-supereffective|p1a: Hatterene
|-damage|p1a: Hatterene|23/100
|move|p1a: Hatterene|Calm Mind|p1a: Hatterene
|-boost|p1a: Hatterene|spa|1
|-boost|p1a: Hatterene|spd|1
|
|-heal|p1a: Hatterene|29/100|[from] item: Leftovers
|-damage|p2a: not askin 4 much|27/100 brn|[from] brn
|upkeep
|turn|13
|
|t:|1779598858
|move|p2a: not askin 4 much|Heavy Slam|p1a: Hatterene
|-supereffective|p1a: Hatterene
|-damage|p1a: Hatterene|0 fnt
|faint|p1a: Hatterene
|
|-damage|p2a: not askin 4 much|21/100 brn|[from] brn
|upkeep
|
|t:|1779598864
|switch|p1a: Dragonite|Dragonite, F|100/100
|turn|14
|
|t:|1779598875
|move|p1a: Dragonite|Earthquake|p2a: not askin 4 much
|-supereffective|p2a: not askin 4 much
|-damage|p2a: not askin 4 much|0 fnt
|faint|p2a: not askin 4 much
|-end|p2a: not askin 4 much|Quark Drive|[silent]
|
|upkeep
|
|t:|1779598885
|switch|p2a: mintbeat|Iron Valiant|100/100
|-enditem|p2a: mintbeat|Booster Energy
|-activate|p2a: mintbeat|ability: Quark Drive|[fromitem]
|-start|p2a: mintbeat|quarkdrivespe
|turn|15
|
|t:|1779598902
|move|p2a: mintbeat|Moonblast|p1a: Dragonite
|-supereffective|p1a: Dragonite
|-damage|p1a: Dragonite|60/100
|move|p1a: Dragonite|Dragon Dance|p1a: Dragonite
|-boost|p1a: Dragonite|atk|1
|-boost|p1a: Dragonite|spe|1
|
|upkeep
|turn|16
|
|t:|1779598913
|-terastallize|p1a: Dragonite|Normal
|move|p2a: mintbeat|Moonblast|p1a: Dragonite
|-damage|p1a: Dragonite|22/100
|move|p1a: Dragonite|Dragon Dance|p1a: Dragonite
|-boost|p1a: Dragonite|atk|1
|-boost|p1a: Dragonite|spe|1
|
|upkeep
|turn|17
|
|t:|1779598921
|move|p2a: mintbeat|Moonblast|p1a: Dragonite
|-damage|p1a: Dragonite|0 fnt
|faint|p1a: Dragonite
|
|upkeep
|
|t:|1779598924
|switch|p1a: Frosmoth|Frosmoth, F|100/100
|turn|18
|
|t:|1779598929
|move|p2a: mintbeat|Focus Blast|p1a: Frosmoth|[miss]
|-miss|p2a: mintbeat|p1a: Frosmoth
|move|p1a: Frosmoth|Hurricane|p2a: mintbeat|[miss]
|-miss|p1a: Frosmoth|p2a: mintbeat
|
|upkeep
|turn|19
|-message|thebestyearsofou forfeited.
|
|win|Frizkism
|raw|thebestyearsofou's rating: 1072 &rarr; <strong>1051</strong><br />(-21 for losing)
|raw|Frizkism's rating: 1073 &rarr; <strong>1102</strong><br />(+29 for winning)
|l|☆thebestyearsofou
|player|p1|
|l|☆Frizkism
|player|p2|
