|j|☆harc
|j|☆cheeseguy43
|t:|1779615101
|gametype|singles
|player|p1|harc|blackbelt-gen4dp|1307
|player|p2|cheeseguy43|cynthia-gen4|1325
|gen|9
|tier|[Gen 9] OU
|rated|
|rule|HP Percentage Mod: HP is shown in percentages
|rule|Endless Battle Clause: Forcing endless battles is banned
|rule|Species Clause: Limit one of each Pokémon
|rule|OHKO Clause: OHKO moves are banned
|rule|Evasion Items Clause: Evasion items are banned
|rule|Evasion Moves Clause: Evasion moves are banned
|rule|Evasion Abilities Clause: Evasion abilities are banned
|rule|Sleep Moves Clause: Sleep-inducing moves are banned
|clearpoke
|poke|p1|Corviknight, F|
|poke|p1|Clefable, M|
|poke|p1|Dondozo, F|
|poke|p1|Slowking-Galar, M|
|poke|p1|Tyranitar, M|
|poke|p1|Gliscor, F|
|poke|p2|Clodsire, F|
|poke|p2|Toxapex, M|
|poke|p2|Corviknight, F|
|poke|p2|Dondozo, M|
|poke|p2|Clefable, F|
|poke|p2|Gliscor, F|
|teampreview
|inactive|Battle timer is ON: inactive players will automatically lose when time's up. (requested by cheeseguy43)
|
|t:|1779615111
|teamsize|p1|6
|teamsize|p2|6
|start
|switch|p1a: Gliscor|Gliscor, F|100/100
|switch|p2a: nothing new there|Gliscor, F|100/100
|turn|1
|
|t:|1779615118
|move|p1a: Gliscor|Protect|p1a: Gliscor
|-singleturn|p1a: Gliscor|Protect
|move|p2a: nothing new there|Knock Off|p1a: Gliscor
|-activate|p1a: Gliscor|move: Protect
|
|-status|p2a: nothing new there|tox|[from] item: Toxic Orb
|-status|p1a: Gliscor|tox|[from] item: Toxic Orb
|upkeep
|turn|2
|
|t:|1779615133
|switch|p1a: Corviknight|Corviknight, F, shiny|100/100
|move|p2a: nothing new there|Knock Off|p1a: Corviknight
|-damage|p1a: Corviknight|84/100
|-enditem|p1a: Corviknight|Weakness Policy|[from] move: Knock Off|[of] p2a: nothing new there
|
|upkeep
|turn|3
|
|t:|1779615143
|switch|p2a: keep trying|Dondozo, M|100/100
|move|p1a: Corviknight|Bulk Up|p1a: Corviknight
|-boost|p1a: Corviknight|atk|1
|-boost|p1a: Corviknight|def|1
|
|upkeep
|turn|4
|
|t:|1779615150
|move|p1a: Corviknight|Bulk Up|p1a: Corviknight
|-boost|p1a: Corviknight|atk|1
|-boost|p1a: Corviknight|def|1
|move|p2a: keep trying|Curse|p2a: keep trying
|-unboost|p2a: keep trying|spe|1
|-boost|p2a: keep trying|atk|1
|-boost|p2a: keep trying|def|1
|
|upkeep
|turn|5
|
|t:|1779615164
|switch|p1a: Gliscor|Gliscor, F|100/100 tox
|move|p2a: keep trying|Curse|p2a: keep trying
|-unboost|p2a: keep trying|spe|1
|-boost|p2a: keep trying|atk|1
|-boost|p2a: keep trying|def|1
|
|upkeep
|turn|6
|
|t:|1779615171
|move|p1a: Gliscor|Toxic|p2a: keep trying
|-status|p2a: keep trying|tox
|move|p2a: keep trying|Crunch|p1a: Gliscor
|-damage|p1a: Gliscor|78/100 tox
|
|-heal|p1a: Gliscor|90/100 tox|[from] ability: Poison Heal
|-damage|p2a: keep trying|94/100 tox|[from] psn
|upkeep
|turn|7
|
|t:|1779615179
|move|p1a: Gliscor|Protect|p1a: Gliscor
|-singleturn|p1a: Gliscor|Protect
|move|p2a: keep trying|Curse|p2a: keep trying
|-unboost|p2a: keep trying|spe|1
|-boost|p2a: keep trying|atk|1
|-boost|p2a: keep trying|def|1
|
|-heal|p2a: keep trying|100/100 tox|[from] item: Leftovers
|-heal|p1a: Gliscor|100/100 tox|[from] ability: Poison Heal
|-damage|p2a: keep trying|88/100 tox|[from] psn
|upkeep
|turn|8
|
|t:|1779615193
|switch|p1a: Dondozo|Dondozo, F|100/100
|move|p2a: keep trying|Crunch|p1a: Dondozo
|-damage|p1a: Dondozo|92/100
|
|-heal|p1a: Dondozo|98/100|[from] item: Leftovers
|-heal|p2a: keep trying|94/100 tox|[from] item: Leftovers
|-damage|p2a: keep trying|76/100 tox|[from] psn
|upkeep
|turn|9
|
|t:|1779615206
|switch|p2a: per my last turn|Corviknight, F|100/100
|-ability|p2a: per my last turn|Pressure
|move|p1a: Dondozo|Liquidation|p2a: per my last turn
|-damage|p2a: per my last turn|75/100
|
|-heal|p2a: per my last turn|82/100|[from] item: Leftovers
|-heal|p1a: Dondozo|100/100|[from] item: Leftovers
|upkeep
|turn|10
|
|t:|1779615223
|switch|p2a: take your time|Toxapex, M|100/100
|switch|p1a: Corviknight|Corviknight, F, shiny|84/100
|
|upkeep
|turn|11
|
|t:|1779615233
|move|p1a: Corviknight|Bulk Up|p1a: Corviknight
|-boost|p1a: Corviknight|atk|1
|-boost|p1a: Corviknight|def|1
|move|p2a: take your time|Infestation|p1a: Corviknight
|-resisted|p1a: Corviknight
|-damage|p1a: Corviknight|83/100
|-activate|p1a: Corviknight|move: Infestation|[of] p2a: take your time
|
|-damage|p1a: Corviknight|71/100|[from] move: Infestation|[partiallytrapped]
|upkeep
|turn|12
|
|t:|1779615244
|move|p1a: Corviknight|Bulk Up|p1a: Corviknight
|-boost|p1a: Corviknight|atk|1
|-boost|p1a: Corviknight|def|1
|move|p2a: take your time|Infestation|p1a: Corviknight
|-resisted|p1a: Corviknight
|-damage|p1a: Corviknight|71/100
|
|-damage|p1a: Corviknight|58/100|[from] move: Infestation|[partiallytrapped]
|upkeep
|turn|13
|
|t:|1779615252
|switch|p2a: keep trying|Dondozo, M|76/100 tox
|move|p1a: Corviknight|Bulk Up|p1a: Corviknight
|-boost|p1a: Corviknight|atk|1
|-boost|p1a: Corviknight|def|1
|
|-heal|p2a: keep trying|82/100 tox|[from] item: Leftovers
|-damage|p2a: keep trying|76/100 tox|[from] psn
|-end|p1a: Corviknight|Infestation|[partiallytrapped]|[silent]
|upkeep
|turn|14
|
|t:|1779615262
|move|p1a: Corviknight|Power Trip|p2a: keep trying
|-damage|p2a: keep trying|63/100 tox
|move|p2a: keep trying|Rest|p2a: keep trying
|-status|p2a: keep trying|slp|[from] move: Rest
|-heal|p2a: keep trying|100/100 slp|[silent]
|
|upkeep
|turn|15
|
|t:|1779615272
|move|p1a: Corviknight|Bulk Up|p1a: Corviknight
|-boost|p1a: Corviknight|atk|1
|-boost|p1a: Corviknight|def|1
|cant|p2a: keep trying|slp
|move|p2a: keep trying|Sleep Talk|p2a: keep trying
|move|p2a: keep trying|Rest||[from] move: Sleep Talk|[still]
|-fail|p2a: keep trying
|
|upkeep
|turn|16
|
|t:|1779615281
|move|p1a: Corviknight|Bulk Up|p1a: Corviknight
|-boost|p1a: Corviknight|atk|1
|-boost|p1a: Corviknight|def|1
|cant|p2a: keep trying|slp
|move|p2a: keep trying|Sleep Talk|p2a: keep trying
|move|p2a: keep trying|Curse|p2a: keep trying|[from] move: Sleep Talk
|-unboost|p2a: keep trying|spe|1
|-boost|p2a: keep trying|atk|1
|-boost|p2a: keep trying|def|1
|
|upkeep
|turn|17
|
|t:|1779615301
|move|p1a: Corviknight|Power Trip|p2a: keep trying
|-damage|p2a: keep trying|88/100 slp
|-curestatus|p2a: keep trying|slp|[msg]
|move|p2a: keep trying|Curse|p2a: keep trying
|-unboost|p2a: keep trying|spe|1
|-boost|p2a: keep trying|atk|1
|-boost|p2a: keep trying|def|1
|
|-heal|p2a: keep trying|94/100|[from] item: Leftovers
|upkeep
|turn|18
|
|t:|1779615315
|switch|p1a: Dondozo|Dondozo, F|100/100
|move|p2a: keep trying|Curse|p2a: keep trying
|-unboost|p2a: keep trying|spe|1
|-boost|p2a: keep trying|atk|1
|-boost|p2a: keep trying|def|1
|
|-heal|p2a: keep trying|99/100|[from] item: Leftovers
|upkeep
|turn|19
|
|t:|1779615324
|move|p1a: Dondozo|Body Press|p2a: keep trying
|-damage|p2a: keep trying|87/100
|move|p2a: keep trying|Crunch|p1a: Dondozo
|-damage|p1a: Dondozo|92/100
|
|-heal|p1a: Dondozo|98/100|[from] item: Leftovers
|-heal|p2a: keep trying|93/100|[from] item: Leftovers
|upkeep
|turn|20
|
|t:|1779615337
|move|p1a: Dondozo|Body Press|p2a: keep trying
|-damage|p2a: keep trying|81/100
|move|p2a: keep trying|Crunch|p1a: Dondozo
|-damage|p1a: Dondozo|89/100
|-unboost|p1a: Dondozo|def|1
|
|-heal|p1a: Dondozo|95/100|[from] item: Leftovers
|-heal|p2a: keep trying|87/100|[from] item: Leftovers
|upkeep
|turn|21
|
|t:|1779615346
|move|p1a: Dondozo|Liquidation|p2a: keep trying
|-resisted|p2a: keep trying
|-damage|p2a: keep trying|81/100
|move|p2a: keep trying|Crunch|p1a: Dondozo
|-damage|p1a: Dondozo|86/100
|
|-heal|p1a: Dondozo|93/100|[from] item: Leftovers
|-heal|p2a: keep trying|87/100|[from] item: Leftovers
|upkeep
|turn|22
|
|t:|1779615359
|switch|p2a: nothing new there|Gliscor, F|100/100 tox
|move|p1a: Dondozo|Body Press|p2a: nothing new there
|-resisted|p2a: nothing new there
|-damage|p2a: nothing new there|93/100 tox
|
|-heal|p1a: Dondozo|99/100|[from] item: Leftovers
|-heal|p2a: nothing new there|100/100 tox|[from] ability: Poison Heal
|upkeep
|turn|23
|
|t:|1779615371
|switch|p1a: Corviknight|Corviknight, F, shiny|58/100
|move|p2a: nothing new there|Toxic|p1a: Corviknight
|-immune|p1a: Corviknight
|
|upkeep
|turn|24
|
|t:|1779615378
|move|p2a: nothing new there|Knock Off|p1a: Corviknight
|-damage|p1a: Corviknight|46/100
|move|p1a: Corviknight|Roost|p1a: Corviknight
|-heal|p1a: Corviknight|96/100
|-singleturn|p1a: Corviknight|move: Roost
|
|upkeep
|turn|25
|
|t:|1779615396
|switch|p2a: love this for you|Clefable, F|100/100
|move|p1a: Corviknight|Bulk Up|p1a: Corviknight
|-boost|p1a: Corviknight|atk|1
|-boost|p1a: Corviknight|def|1
|
|upkeep
|turn|26
|
|t:|1779615408
|switch|p1a: Gliscor|Gliscor, F|100/100 tox
|move|p2a: love this for you|Stealth Rock|p1a: Gliscor
|-sidestart|p1: harc|move: Stealth Rock
|
|upkeep
|turn|27
|
|t:|1779615415
|move|p1a: Gliscor|Toxic|p2a: love this for you
|-status|p2a: love this for you|tox
|move|p2a: love this for you|Moonblast|p1a: Gliscor
|-damage|p1a: Gliscor|64/100 tox
|
|-heal|p1a: Gliscor|76/100 tox|[from] ability: Poison Heal
|upkeep
|turn|28
|
|t:|1779615423
|move|p1a: Gliscor|Protect|p1a: Gliscor
|-singleturn|p1a: Gliscor|Protect
|move|p2a: love this for you|Moonblast|p1a: Gliscor
|-activate|p1a: Gliscor|move: Protect
|
|-heal|p1a: Gliscor|89/100 tox|[from] ability: Poison Heal
|upkeep
|turn|29
|
|t:|1779615440
|switch|p1a: Slowking|Slowking-Galar, M|100/100
|-damage|p1a: Slowking|88/100|[from] Stealth Rock
|switch|p2a: per my last turn|Corviknight, F|82/100
|-ability|p2a: per my last turn|Pressure
|
|-heal|p2a: per my last turn|88/100|[from] item: Leftovers
|upkeep
|turn|30
|
|t:|1779615460
|move|p2a: per my last turn|Brave Bird|p1a: Slowking
|-damage|p1a: Slowking|51/100
|-damage|p2a: per my last turn|76/100|[from] Recoil
|move|p1a: Slowking|Future Sight|p2a: per my last turn
|-start|p1a: Slowking|move: Future Sight
|
|-heal|p2a: per my last turn|82/100|[from] item: Leftovers
|upkeep
|turn|31
|
|t:|1779615475
|switch|p1a: Dondozo|Dondozo, F|99/100
|-damage|p1a: Dondozo|86/100|[from] Stealth Rock
|move|p2a: per my last turn|Brave Bird|p1a: Dondozo
|-damage|p1a: Dondozo|70/100
|-damage|p2a: per my last turn|75/100|[from] Recoil
|
|-heal|p2a: per my last turn|82/100|[from] item: Leftovers
|-heal|p1a: Dondozo|76/100|[from] item: Leftovers
|upkeep
|turn|32
|inactive|harc has 120 seconds left.
|
|t:|1779615499
|switch|p1a: Slowking|Slowking-Galar, M|85/100
|-damage|p1a: Slowking|72/100|[from] Stealth Rock
|move|p2a: per my last turn|Protect||[still]
|-fail|p2a: per my last turn
|
|-end|p2a: per my last turn|move: Future Sight
|-resisted|p2a: per my last turn
|-damage|p2a: per my last turn|69/100
|-heal|p2a: per my last turn|75/100|[from] item: Leftovers
|upkeep
|turn|33
|inactive|harc has 120 seconds left.
|
|t:|1779615512
|switch|p2a: take your time|Toxapex, M|100/100
|move|p1a: Slowking|Future Sight|p2a: take your time
|-start|p1a: Slowking|move: Future Sight
|
|upkeep
|turn|34
|inactive|harc has 120 seconds left.
|
|t:|1779615551
|switch|p2a: per my last turn|Corviknight, F|75/100
|-ability|p2a: per my last turn|Pressure
|switch|p1a: Corviknight|Corviknight, F, shiny|96/100
|-damage|p1a: Corviknight|83/100|[from] Stealth Rock
|
|-heal|p2a: per my last turn|81/100|[from] item: Leftovers
|upkeep
|turn|35
|inactive|harc has 90 seconds left.
|
|t:|1779615567
|switch|p2a: keep trying|Dondozo, M|87/100
|move|p1a: Corviknight|Bulk Up|p1a: Corviknight
|-boost|p1a: Corviknight|atk|1
|-boost|p1a: Corviknight|def|1
|
|-end|p2a: keep trying|move: Future Sight
|-damage|p2a: keep trying|48/100
|-heal|p2a: keep trying|54/100|[from] item: Leftovers
|upkeep
|turn|36
|inactive|harc has 90 seconds left.
|
|t:|1779615584
|switch|p1a: Gliscor|Gliscor, F|89/100 tox
|-damage|p1a: Gliscor|76/100 tox|[from] Stealth Rock
|move|p2a: keep trying|Crunch|p1a: Gliscor
|-damage|p1a: Gliscor|64/100 tox
|
|-heal|p2a: keep trying|60/100|[from] item: Leftovers
|-heal|p1a: Gliscor|76/100 tox|[from] ability: Poison Heal
|upkeep
|turn|37
|inactive|harc has 90 seconds left.
|
|t:|1779615594
|switch|p2a: per my last turn|Corviknight, F|81/100
|-ability|p2a: per my last turn|Pressure
|move|p1a: Gliscor|Toxic|p2a: per my last turn
|-immune|p2a: per my last turn
|
|-heal|p2a: per my last turn|88/100|[from] item: Leftovers
|-heal|p1a: Gliscor|89/100 tox|[from] ability: Poison Heal
|upkeep
|turn|38
|inactive|harc has 90 seconds left.
|
|t:|1779615603
|switch|p2a: take your time|Toxapex, M|100/100
|move|p1a: Gliscor|Protect||[still]
|-fail|p1a: Gliscor
|
|-heal|p1a: Gliscor|100/100 tox|[from] ability: Poison Heal
|upkeep
|turn|39
|inactive|harc has 90 seconds left.
|
|t:|1779615633
|switch|p1a: Corviknight|Corviknight, F, shiny|83/100
|-damage|p1a: Corviknight|71/100|[from] Stealth Rock
|switch|p2a: per my last turn|Corviknight, F|88/100
|-ability|p2a: per my last turn|Pressure
|
|-heal|p2a: per my last turn|94/100|[from] item: Leftovers
|upkeep
|turn|40
|
|t:|1779615653
|switch|p2a: keep trying|Dondozo, M|60/100
|move|p1a: Corviknight|Body Press|p2a: keep trying
|-damage|p2a: keep trying|52/100
|
|-heal|p2a: keep trying|58/100|[from] item: Leftovers
|upkeep
|turn|41
|inactive|harc has 60 seconds left.
|inactive|harc has 30 seconds left.
|
|t:|1779615699
|switch|p1a: Clefable|Clefable, M|100/100
|move|p2a: keep trying|Rest|p2a: keep trying
|-status|p2a: keep trying|slp|[from] move: Rest
|-heal|p2a: keep trying|100/100 slp|[silent]
|
|upkeep
|turn|42
|
|t:|1779615709
|switch|p2a: love this for you|Clefable, F|100/100 tox
|move|p1a: Clefable|Moonblast|p2a: love this for you
|-damage|p2a: love this for you|72/100 tox
|
|upkeep
|turn|43
|
|t:|1779615717
|move|p2a: love this for you|Knock Off|p1a: Clefable
|-resisted|p1a: Clefable
|-damage|p1a: Clefable|95/100
|-enditem|p1a: Clefable|Leftovers|[from] move: Knock Off|[of] p2a: love this for you
|move|p1a: Clefable|Moonblast|p2a: love this for you
|-damage|p2a: love this for you|42/100 tox
|
|upkeep
|turn|44
|
|t:|1779615724
|move|p2a: love this for you|Moonlight|p2a: love this for you
|-heal|p2a: love this for you|92/100 tox
|move|p1a: Clefable|Wish|p1a: Clefable
|
|upkeep
|turn|45
|
|t:|1779615734
|switch|p2a: per my last turn|Corviknight, F|94/100
|-ability|p2a: per my last turn|Pressure
|switch|p1a: Gliscor|Gliscor, F|100/100 tox
|-damage|p1a: Gliscor|88/100 tox|[from] Stealth Rock
|
|-heal|p1a: Gliscor|100/100 tox|[from] move: Wish|[wisher] Clefable
|-heal|p2a: per my last turn|99/100|[from] item: Leftovers
|upkeep
|turn|46
|
|t:|1779615746
|switch|p2a: take your time|Toxapex, M|100/100
|move|p1a: Gliscor|U-turn|p2a: take your time
|-resisted|p2a: take your time
|-damage|p2a: take your time|96/100
|
|t:|1779615750
|switch|p1a: Tyranitar|Tyranitar, M|100/100|[from] U-turn
|-damage|p1a: Tyranitar|88/100|[from] Stealth Rock
|-weather|Sandstorm|[from] ability: Sand Stream|[of] p1a: Tyranitar
|
|-weather|Sandstorm|[upkeep]
|-damage|p2a: take your time|90/100|[from] Sandstorm
|-heal|p2a: take your time|96/100|[from] item: Leftovers
|upkeep
|turn|47
|inactive|harc has 60 seconds left.
|
|t:|1779615764
|switch|p1a: Slowking|Slowking-Galar, M|100/100
|-damage|p1a: Slowking|88/100|[from] Stealth Rock
|switch|p2a: nothing new there|Gliscor, F|100/100 tox
|
|-weather|Sandstorm|[upkeep]
|-damage|p1a: Slowking|82/100|[from] Sandstorm
|upkeep
|turn|48
|inactive|harc has 60 seconds left.
|
|t:|1779615773
|switch|p1a: Clefable|Clefable, M|95/100
|move|p2a: nothing new there|Knock Off|p1a: Clefable
|-resisted|p1a: Clefable
|-damage|p1a: Clefable|90/100
|
|-weather|Sandstorm|[upkeep]
|upkeep
|turn|49
|
|t:|1779615781
|move|p2a: nothing new there|Toxic|p1a: Clefable
|-status|p1a: Clefable|tox
|move|p1a: Clefable|Wish|p1a: Clefable
|
|-weather|Sandstorm|[upkeep]
|upkeep
|turn|50
|
|t:|1779615794
|switch|p2a: per my last turn|Corviknight, F|99/100
|-ability|p2a: per my last turn|Pressure
|switch|p1a: Corviknight|Corviknight, F, shiny|71/100
|-damage|p1a: Corviknight|58/100|[from] Stealth Rock
|
|-weather|none
|-heal|p1a: Corviknight|100/100|[from] move: Wish|[wisher] Clefable
|-heal|p2a: per my last turn|100/100|[from] item: Leftovers
|upkeep
|turn|51
|inactive|harc has 60 seconds left.
|
|t:|1779615826
|switch|p2a: keep trying|Dondozo, M|100/100 slp
|switch|p1a: Clefable|Clefable, M|90/100 tox
|
|upkeep
|turn|52
|
|t:|1779615838
|switch|p2a: take your time|Toxapex, M|100/100
|move|p1a: Clefable|Wish|p1a: Clefable
|
|upkeep
|turn|53
|
|t:|1779615856
|switch|p1a: Gliscor|Gliscor, F|100/100 tox
|-damage|p1a: Gliscor|88/100 tox|[from] Stealth Rock
|switch|p2a: per my last turn|Corviknight, F|100/100
|-ability|p2a: per my last turn|Pressure
|
|-heal|p1a: Gliscor|100/100 tox|[from] move: Wish|[wisher] Clefable
|upkeep
|turn|54
|
|t:|1779615867
|switch|p2a: take your time|Toxapex, M|100/100
|move|p1a: Gliscor|U-turn|p2a: take your time
|-resisted|p2a: take your time
|-damage|p2a: take your time|96/100
|
|t:|1779615873
|switch|p1a: Clefable|Clefable, M|90/100 tox|[from] U-turn
|
|-heal|p2a: take your time|100/100|[from] item: Leftovers
|upkeep
|turn|55
|
|t:|1779615885
|switch|p2a: per my last turn|Corviknight, F|100/100
|-ability|p2a: per my last turn|Pressure
|move|p1a: Clefable|Wish|p1a: Clefable
|
|upkeep
|turn|56
|
|t:|1779615893
|switch|p1a: Tyranitar|Tyranitar, M|88/100
|-damage|p1a: Tyranitar|76/100|[from] Stealth Rock
|-weather|Sandstorm|[from] ability: Sand Stream|[of] p1a: Tyranitar
|move|p2a: per my last turn|Brave Bird|p1a: Tyranitar
|-resisted|p1a: Tyranitar
|-damage|p1a: Tyranitar|63/100
|-damage|p2a: per my last turn|96/100|[from] Recoil
|
|-weather|Sandstorm|[upkeep]
|-heal|p1a: Tyranitar|100/100|[from] move: Wish|[wisher] Clefable
|-heal|p2a: per my last turn|100/100|[from] item: Leftovers
|upkeep
|turn|57
|inactive|harc has 60 seconds left.
|
|t:|1779615916
|switch|p2a: nothing new there|Gliscor, F|100/100 tox
|switch|p1a: Gliscor|Gliscor, F|100/100 tox
|-damage|p1a: Gliscor|88/100 tox|[from] Stealth Rock
|
|-weather|Sandstorm|[upkeep]
|-heal|p1a: Gliscor|100/100 tox|[from] ability: Poison Heal
|upkeep
|turn|58
|
|t:|1779615925
|switch|p2a: per my last turn|Corviknight, F|100/100
|-ability|p2a: per my last turn|Pressure
|move|p1a: Gliscor|U-turn|p2a: per my last turn
|-resisted|p2a: per my last turn
|-damage|p2a: per my last turn|97/100
|
|t:|1779615939
|switch|p1a: Slowking|Slowking-Galar, M|100/100|[from] U-turn
|-damage|p1a: Slowking|88/100|[from] Stealth Rock
|
|-weather|Sandstorm|[upkeep]
|-damage|p1a: Slowking|82/100|[from] Sandstorm
|-heal|p2a: per my last turn|100/100|[from] item: Leftovers
|upkeep
|turn|59
|
|t:|1779615951
|switch|p2a: nothing new there|Gliscor, F|100/100 tox
|move|p1a: Slowking|Future Sight|p2a: nothing new there
|-start|p1a: Slowking|move: Future Sight
|
|-weather|Sandstorm|[upkeep]
|-damage|p1a: Slowking|76/100|[from] Sandstorm
|upkeep
|turn|60
|
|t:|1779615978
|switch|p2a: per my last turn|Corviknight, F|100/100
|-ability|p2a: per my last turn|Pressure
|switch|p1a: Corviknight|Corviknight, F, shiny|100/100
|-damage|p1a: Corviknight|88/100|[from] Stealth Rock
|
|-weather|none
|upkeep
|turn|61
|inactive|harc has 30 seconds left.
|
|t:|1779615994
|switch|p2a: keep trying|Dondozo, M|100/100 slp
|move|p1a: Corviknight|Bulk Up|p1a: Corviknight
|-boost|p1a: Corviknight|atk|1
|-boost|p1a: Corviknight|def|1
|
|-end|p2a: keep trying|move: Future Sight
|-damage|p2a: keep trying|60/100 slp
|-heal|p2a: keep trying|66/100 slp|[from] item: Leftovers
|upkeep
|turn|62
|inactive|harc has 30 seconds left.
|
|t:|1779616005
|switch|p1a: Slowking|Slowking-Galar, M|100/100
|-damage|p1a: Slowking|88/100|[from] Stealth Rock
|switch|p2a: per my last turn|Corviknight, F|100/100
|-ability|p2a: per my last turn|Pressure
|
|upkeep
|turn|63
|
|t:|1779616012
|switch|p2a: keep trying|Dondozo, M|66/100 slp
|move|p1a: Slowking|Future Sight|p2a: keep trying
|-start|p1a: Slowking|move: Future Sight
|
|-heal|p2a: keep trying|72/100 slp|[from] item: Leftovers
|upkeep
|turn|64
|
|t:|1779616020
|cant|p2a: keep trying|slp
|move|p1a: Slowking|Sludge Wave|p2a: keep trying
|-damage|p2a: keep trying|40/100 slp
|
|-heal|p2a: keep trying|47/100 slp|[from] item: Leftovers
|upkeep
|turn|65
|
|t:|1779616028
|switch|p2a: take your time|Toxapex, M|100/100
|move|p1a: Slowking|Focus Blast|p2a: take your time
|-resisted|p2a: take your time
|-damage|p2a: take your time|90/100
|
|-end|p2a: take your time|move: Future Sight
|-supereffective|p2a: take your time
|-damage|p2a: take your time|27/100
|-heal|p2a: take your time|33/100|[from] item: Leftovers
|upkeep
|turn|66
|
|t:|1779616038
|move|p2a: take your time|Recover|p2a: take your time
|-heal|p2a: take your time|83/100
|move|p1a: Slowking|Future Sight|p2a: take your time
|-start|p1a: Slowking|move: Future Sight
|
|-heal|p2a: take your time|90/100|[from] item: Leftovers
|upkeep
|turn|67
|inactive|harc has 30 seconds left.
|
|t:|1779616071
|switch|p1a: Corviknight|Corviknight, F, shiny|88/100
|-damage|p1a: Corviknight|75/100|[from] Stealth Rock
|move|p2a: take your time|Infestation|p1a: Corviknight
|-resisted|p1a: Corviknight
|-damage|p1a: Corviknight|75/100
|-activate|p1a: Corviknight|move: Infestation|[of] p2a: take your time
|
|-heal|p2a: take your time|96/100|[from] item: Leftovers
|-damage|p1a: Corviknight|62/100|[from] move: Infestation|[partiallytrapped]
|upkeep
|turn|68
|inactive|harc has 30 seconds left.
|
|t:|1779616085
|move|p2a: take your time|Baneful Bunker|p2a: take your time
|-singleturn|p2a: take your time|move: Protect
|move|p1a: Corviknight|Bulk Up|p1a: Corviknight
|-boost|p1a: Corviknight|atk|1
|-boost|p1a: Corviknight|def|1
|
|-end|p2a: take your time|move: Future Sight
|-supereffective|p2a: take your time
|-damage|p2a: take your time|29/100
|-heal|p2a: take your time|35/100|[from] item: Leftovers
|-damage|p1a: Corviknight|50/100|[from] move: Infestation|[partiallytrapped]
|upkeep
|turn|69
|inactive|harc has 30 seconds left.
|inactive|harc has 20 seconds left.
|
|t:|1779616101
|move|p1a: Corviknight|Power Trip|p2a: take your time
|-damage|p2a: take your time|24/100
|move|p2a: take your time|Recover|p2a: take your time
|-heal|p2a: take your time|74/100
|
|-heal|p2a: take your time|80/100|[from] item: Leftovers
|-damage|p1a: Corviknight|37/100|[from] move: Infestation|[partiallytrapped]
|upkeep
|turn|70
|inactive|harc has 30 seconds left this turn.
|inactive|harc has 20 seconds left.
|
|t:|1779616112
|move|p1a: Corviknight|Bulk Up|p1a: Corviknight
|-boost|p1a: Corviknight|atk|1
|-boost|p1a: Corviknight|def|1
|move|p2a: take your time|Infestation|p1a: Corviknight
|-resisted|p1a: Corviknight
|-damage|p1a: Corviknight|37/100
|
|-heal|p2a: take your time|87/100|[from] item: Leftovers
|-damage|p1a: Corviknight|24/100|[from] move: Infestation|[partiallytrapped]
|upkeep
|turn|71
|inactive|harc has 30 seconds left this turn.
|inactive|harc has 20 seconds left.
|
|t:|1779616123
|move|p1a: Corviknight|Roost|p1a: Corviknight
|-heal|p1a: Corviknight|74/100
|-singleturn|p1a: Corviknight|move: Roost
|move|p2a: take your time|Infestation|p1a: Corviknight
|-resisted|p1a: Corviknight
|-damage|p1a: Corviknight|73/100
|
|-heal|p2a: take your time|93/100|[from] item: Leftovers
|-damage|p1a: Corviknight|61/100|[from] move: Infestation|[partiallytrapped]
|upkeep
|turn|72
|inactive|harc has 30 seconds left this turn.
|
|t:|1779616132
|move|p1a: Corviknight|Bulk Up|p1a: Corviknight
|-boost|p1a: Corviknight|atk|1
|-boost|p1a: Corviknight|def|1
|move|p2a: take your time|Infestation|p1a: Corviknight
|-resisted|p1a: Corviknight
|-damage|p1a: Corviknight|61/100
|
|-heal|p2a: take your time|99/100|[from] item: Leftovers
|-end|p1a: Corviknight|Infestation|[partiallytrapped]
|upkeep
|turn|73
|inactive|harc has 30 seconds left.
|
|t:|1779616142
|move|p1a: Corviknight|Power Trip|p2a: take your time
|-damage|p2a: take your time|55/100
|move|p2a: take your time|Infestation|p1a: Corviknight
|-resisted|p1a: Corviknight
|-damage|p1a: Corviknight|60/100
|-activate|p1a: Corviknight|move: Infestation|[of] p2a: take your time
|
|-heal|p2a: take your time|61/100|[from] item: Leftovers
|-damage|p1a: Corviknight|48/100|[from] move: Infestation|[partiallytrapped]
|upkeep
|turn|74
|inactive|harc has 30 seconds left.
|
|t:|1779616151
|move|p1a: Corviknight|Bulk Up|p1a: Corviknight
|-boost|p1a: Corviknight|atk|1
|-boost|p1a: Corviknight|def|1
|move|p2a: take your time|Recover|p2a: take your time
|-heal|p2a: take your time|100/100
|
|-damage|p1a: Corviknight|35/100|[from] move: Infestation|[partiallytrapped]
|upkeep
|turn|75
|
|t:|1779616159
|switch|p2a: per my last turn|Corviknight, F|100/100
|-ability|p2a: per my last turn|Pressure
|move|p1a: Corviknight|Roost|p1a: Corviknight
|-heal|p1a: Corviknight|85/100
|-singleturn|p1a: Corviknight|move: Roost
|
|-end|p1a: Corviknight|Infestation|[partiallytrapped]|[silent]
|upkeep
|turn|76
|
|t:|1779616171
|switch|p2a: keep trying|Dondozo, M|47/100 slp
|move|p1a: Corviknight|Power Trip|p2a: keep trying
|-damage|p2a: keep trying|30/100 slp
|
|-heal|p2a: keep trying|36/100 slp|[from] item: Leftovers
|upkeep
|turn|77
|
|t:|1779616181
|move|p1a: Corviknight|Bulk Up|p1a: Corviknight
|-boost|p1a: Corviknight|atk|1
|-boost|p1a: Corviknight|def|1
|cant|p2a: keep trying|slp
|move|p2a: keep trying|Sleep Talk|p2a: keep trying
|move|p2a: keep trying|Curse|p2a: keep trying|[from] move: Sleep Talk
|-unboost|p2a: keep trying|spe|1
|-boost|p2a: keep trying|atk|1
|-boost|p2a: keep trying|def|1
|
|-heal|p2a: keep trying|43/100 slp|[from] item: Leftovers
|upkeep
|turn|78
|
|t:|1779616193
|move|p1a: Corviknight|Bulk Up|p1a: Corviknight
|-boost|p1a: Corviknight|atk|1
|-boost|p1a: Corviknight|def|1
|-curestatus|p2a: keep trying|slp|[msg]
|move|p2a: keep trying|Rest|p2a: keep trying
|-status|p2a: keep trying|slp|[from] move: Rest
|-heal|p2a: keep trying|100/100 slp|[silent]
|
|upkeep
|turn|79
|
|t:|1779616202
|move|p1a: Corviknight|Power Trip|p2a: keep trying
|-damage|p2a: keep trying|84/100 slp
|cant|p2a: keep trying|slp
|move|p2a: keep trying|Sleep Talk|p2a: keep trying
|move|p2a: keep trying|Curse|p2a: keep trying|[from] move: Sleep Talk
|-unboost|p2a: keep trying|spe|1
|-boost|p2a: keep trying|atk|1
|-boost|p2a: keep trying|def|1
|
|-heal|p2a: keep trying|91/100 slp|[from] item: Leftovers
|upkeep
|turn|80
|inactive|harc has 30 seconds left.
|
|t:|1779616233
|switch|p1a: Dondozo|Dondozo, F|76/100
|-damage|p1a: Dondozo|64/100|[from] Stealth Rock
|cant|p2a: keep trying|slp
|move|p2a: keep trying|Sleep Talk|p2a: keep trying
|move|p2a: keep trying|Curse|p2a: keep trying|[from] move: Sleep Talk
|-unboost|p2a: keep trying|spe|1
|-boost|p2a: keep trying|atk|1
|-boost|p2a: keep trying|def|1
|
|-heal|p1a: Dondozo|70/100|[from] item: Leftovers
|-heal|p2a: keep trying|97/100 slp|[from] item: Leftovers
|upkeep
|turn|81
|inactive|harc has 30 seconds left.
|
|t:|1779616245
|move|p1a: Dondozo|Liquidation|p2a: keep trying
|-resisted|p2a: keep trying
|-damage|p2a: keep trying|90/100 slp
|-curestatus|p2a: keep trying|slp|[msg]
|move|p2a: keep trying|Crunch|p1a: Dondozo
|-damage|p1a: Dondozo|62/100
|-unboost|p1a: Dondozo|def|1
|
|-heal|p1a: Dondozo|68/100|[from] item: Leftovers
|-heal|p2a: keep trying|96/100|[from] item: Leftovers
|upkeep
|turn|82
|inactive|harc has 30 seconds left.
|
|t:|1779616255
|move|p1a: Dondozo|Liquidation|p2a: keep trying
|-resisted|p2a: keep trying
|-damage|p2a: keep trying|89/100
|-unboost|p2a: keep trying|def|1
|move|p2a: keep trying|Crunch|p1a: Dondozo
|-damage|p1a: Dondozo|60/100
|-unboost|p1a: Dondozo|def|1
|
|-heal|p1a: Dondozo|66/100|[from] item: Leftovers
|-heal|p2a: keep trying|95/100|[from] item: Leftovers
|upkeep
|turn|83
|inactive|harc has 30 seconds left.
|inactive|harc has 20 seconds left.
|inactive|harc has 15 seconds left.
|inactive|harc has 10 seconds left.
|inactive|harc has 5 seconds left.
|
|t:|1779616286
|move|p1a: Dondozo|Rest|p1a: Dondozo
|-status|p1a: Dondozo|slp|[from] move: Rest
|-heal|p1a: Dondozo|100/100 slp|[silent]
|move|p2a: keep trying|Crunch|p1a: Dondozo
|-damage|p1a: Dondozo|93/100 slp
|
|-heal|p1a: Dondozo|99/100 slp|[from] item: Leftovers
|-heal|p2a: keep trying|100/100|[from] item: Leftovers
|upkeep
|turn|84
|inactive|harc has 15 seconds left this turn.
|inactive|harc has 10 seconds left.
|
|t:|1779616294
|cant|p1a: Dondozo|slp
|move|p1a: Dondozo|Sleep Talk|p1a: Dondozo
|move|p1a: Dondozo|Rest||[from] move: Sleep Talk|[still]
|-fail|p1a: Dondozo
|move|p2a: keep trying|Crunch|p1a: Dondozo
|-damage|p1a: Dondozo|91/100 slp
|
|-heal|p1a: Dondozo|97/100 slp|[from] item: Leftovers
|upkeep
|turn|85
|inactive|harc has 20 seconds left this turn.
|inactive|harc has 15 seconds left.
|
|t:|1779616302
|switch|p2a: per my last turn|Corviknight, F|100/100
|-ability|p2a: per my last turn|Pressure
|cant|p1a: Dondozo|slp
|move|p1a: Dondozo|Sleep Talk|p1a: Dondozo
|move|p1a: Dondozo|Rest||[from] move: Sleep Talk|[still]
|-fail|p1a: Dondozo
|
|-heal|p1a: Dondozo|100/100 slp|[from] item: Leftovers
|upkeep
|turn|86
|inactive|harc has 25 seconds left this turn.
|inactive|harc has 20 seconds left.
|inactive|harc has 15 seconds left.
|
|t:|1779616316
|switch|p2a: take your time|Toxapex, M|100/100
|-curestatus|p1a: Dondozo|slp|[msg]
|move|p1a: Dondozo|Liquidation|p2a: take your time
|-resisted|p2a: take your time
|-damage|p2a: take your time|91/100
|
|-heal|p2a: take your time|97/100|[from] item: Leftovers
|upkeep
|turn|87
|inactive|harc has 25 seconds left this turn.
|inactive|harc has 20 seconds left.
|inactive|harc has 15 seconds left.
|inactive|harc has 10 seconds left.
|
|t:|1779616332
|switch|p1a: Clefable|Clefable, M|90/100 tox
|move|p2a: take your time|Infestation|p1a: Clefable
|-resisted|p1a: Clefable
|-damage|p1a: Clefable|89/100 tox
|-activate|p1a: Clefable|move: Infestation|[of] p2a: take your time
|
|-heal|p2a: take your time|100/100|[from] item: Leftovers
|upkeep
|turn|88
|inactive|harc has 20 seconds left this turn.
|inactive|harc has 15 seconds left.
|
|t:|1779616340
|move|p1a: Clefable|Protect|p1a: Clefable
|-singleturn|p1a: Clefable|Protect
|move|p2a: take your time|Poison Jab|p1a: Clefable
|-activate|p1a: Clefable|move: Protect
|
|upkeep
|turn|89
|inactive|harc has 25 seconds left this turn.
|inactive|harc has 20 seconds left.
|inactive|harc has 15 seconds left.
|
|t:|1779616351
|-terastallize|p1a: Clefable|Steel
|move|p1a: Clefable|Wish|p1a: Clefable
|move|p2a: take your time|Poison Jab|p1a: Clefable
|-immune|p1a: Clefable
|
|upkeep
|turn|90
|inactive|harc has 25 seconds left this turn.
|inactive|harc has 20 seconds left.
|
|t:|1779616361
|switch|p2a: love this for you|Clefable, F|92/100 tox
|move|p1a: Clefable|Moonblast|p2a: love this for you
|-damage|p2a: love this for you|62/100 tox
|
|-heal|p1a: Clefable|100/100 tox|[from] move: Wish|[wisher] Clefable
|-end|p1a: Clefable|Infestation|[partiallytrapped]|[silent]
|upkeep
|turn|91
|inactive|harc has 30 seconds left this turn.
|
|t:|1779616370
|move|p2a: love this for you|Moonlight|p2a: love this for you
|-heal|p2a: love this for you|100/100 tox
|move|p1a: Clefable|Moonblast|p2a: love this for you
|-damage|p2a: love this for you|71/100 tox
|-unboost|p2a: love this for you|spa|1
|
|upkeep
|turn|92
|inactive|harc has 30 seconds left.
|
|t:|1779616377
|move|p2a: love this for you|Knock Off|p1a: Clefable
|-damage|p1a: Clefable|93/100 tox
|move|p1a: Clefable|Moonblast|p2a: love this for you
|-damage|p2a: love this for you|41/100 tox
|
|upkeep
|turn|93
|
|t:|1779616383
|switch|p2a: did you calc that?|Clodsire, F|100/100
|move|p1a: Clefable|Moonblast|p2a: did you calc that?
|-resisted|p2a: did you calc that?
|-damage|p2a: did you calc that?|92/100
|
|upkeep
|turn|94
|
|t:|1779616389
|switch|p1a: Gliscor|Gliscor, F|100/100 tox
|-damage|p1a: Gliscor|88/100 tox|[from] Stealth Rock
|move|p2a: did you calc that?|Spikes|p1a: Gliscor
|-sidestart|p1: harc|Spikes
|
|-heal|p1a: Gliscor|100/100 tox|[from] ability: Poison Heal
|upkeep
|turn|95
|
|t:|1779616397
|switch|p2a: per my last turn|Corviknight, F|100/100
|-ability|p2a: per my last turn|Pressure
|move|p1a: Gliscor|Earthquake|p2a: per my last turn
|-immune|p2a: per my last turn
|
|upkeep
|turn|96
|
|t:|1779616407
|switch|p2a: nothing new there|Gliscor, F|100/100 tox
|move|p1a: Gliscor|U-turn|p2a: nothing new there
|-resisted|p2a: nothing new there
|-damage|p2a: nothing new there|95/100 tox
|
|t:|1779616415
|switch|p1a: Corviknight|Corviknight, F, shiny|85/100|[from] U-turn
|-damage|p1a: Corviknight|73/100|[from] Stealth Rock
|
|-heal|p2a: nothing new there|100/100 tox|[from] ability: Poison Heal
|upkeep
|turn|97
|
|t:|1779616422
|switch|p2a: did you calc that?|Clodsire, F|92/100
|move|p1a: Corviknight|Bulk Up|p1a: Corviknight
|-boost|p1a: Corviknight|atk|1
|-boost|p1a: Corviknight|def|1
|
|upkeep
|turn|98
|inactive|harc has 60 seconds left.
|
|t:|1779616427
|move|p1a: Corviknight|Bulk Up|p1a: Corviknight
|-boost|p1a: Corviknight|atk|1
|-boost|p1a: Corviknight|def|1
|move|p2a: did you calc that?|Spikes|p1a: Corviknight
|-sidestart|p1: harc|Spikes
|
|upkeep
|turn|99
|
|t:|1779616433
|move|p1a: Corviknight|Bulk Up|p1a: Corviknight
|-boost|p1a: Corviknight|atk|1
|-boost|p1a: Corviknight|def|1
|move|p2a: did you calc that?|Spikes|p1a: Corviknight
|-sidestart|p1: harc|Spikes
|
|upkeep
|turn|100
|
|t:|1779616438
|switch|p2a: keep trying|Dondozo, M|100/100
|move|p1a: Corviknight|Bulk Up|p1a: Corviknight
|-boost|p1a: Corviknight|atk|1
|-boost|p1a: Corviknight|def|1
|
|upkeep
|turn|101
|
|t:|1779616445
|move|p1a: Corviknight|Power Trip|p2a: keep trying
|-damage|p2a: keep trying|83/100
|move|p2a: keep trying|Curse|p2a: keep trying
|-unboost|p2a: keep trying|spe|1
|-boost|p2a: keep trying|atk|1
|-boost|p2a: keep trying|def|1
|
|-heal|p2a: keep trying|89/100|[from] item: Leftovers
|upkeep
|turn|102
|
|t:|1779616454
|switch|p1a: Dondozo|Dondozo, F|100/100
|-damage|p1a: Dondozo|88/100|[from] Stealth Rock
|-damage|p1a: Dondozo|63/100|[from] Spikes
|move|p2a: keep trying|Crunch|p1a: Dondozo
|-damage|p1a: Dondozo|54/100
|-unboost|p1a: Dondozo|def|1
|
|-heal|p1a: Dondozo|60/100|[from] item: Leftovers
|-heal|p2a: keep trying|96/100|[from] item: Leftovers
|upkeep
|turn|103
|
|t:|1779616464
|move|p1a: Dondozo|Liquidation|p2a: keep trying
|-resisted|p2a: keep trying
|-damage|p2a: keep trying|90/100
|move|p2a: keep trying|Crunch|p1a: Dondozo
|-damage|p1a: Dondozo|52/100
|
|-heal|p1a: Dondozo|58/100|[from] item: Leftovers
|-heal|p2a: keep trying|96/100|[from] item: Leftovers
|upkeep
|turn|104
|
|t:|1779616472
|switch|p2a: per my last turn|Corviknight, F|100/100
|-ability|p2a: per my last turn|Pressure
|move|p1a: Dondozo|Liquidation|p2a: per my last turn
|-damage|p2a: per my last turn|75/100
|
|-heal|p2a: per my last turn|81/100|[from] item: Leftovers
|-heal|p1a: Dondozo|64/100|[from] item: Leftovers
|upkeep
|turn|105
|inactive|harc has 60 seconds left.
|
|t:|1779616485
|switch|p1a: Clefable|Clefable, M, tera:Steel|93/100 tox
|move|p2a: per my last turn|Brave Bird|p1a: Clefable
|-resisted|p1a: Clefable
|-damage|p1a: Clefable|79/100 tox
|-damage|p2a: per my last turn|76/100|[from] Recoil
|
|-heal|p2a: per my last turn|83/100|[from] item: Leftovers
|upkeep
|turn|106
|inactive|harc has 60 seconds left.
|inactiveoff|Battle timer is now OFF.
|
|t:|1779616512
|switch|p2a: did you calc that?|Clodsire, F|92/100
|move|p1a: Clefable|Flamethrower|p2a: did you calc that?
|-crit|p2a: did you calc that?
|-damage|p2a: did you calc that?|75/100
|
|upkeep
|turn|107
|inactive|Battle timer is ON: inactive players will automatically lose when time's up. (requested by cheeseguy43)
|
|t:|1779616522
|switch|p2a: per my last turn|Corviknight, F|83/100
|-ability|p2a: per my last turn|Pressure
|move|p1a: Clefable|Protect||[still]
|-fail|p1a: Clefable
|
|-heal|p2a: per my last turn|89/100|[from] item: Leftovers
|upkeep
|turn|108
|
|t:|1779616530
|switch|p2a: did you calc that?|Clodsire, F|75/100
|move|p1a: Clefable|Flamethrower|p2a: did you calc that?
|-damage|p2a: did you calc that?|64/100
|
|upkeep
|turn|109
|
|t:|1779616535
|move|p1a: Clefable|Flamethrower|p2a: did you calc that?
|-damage|p2a: did you calc that?|53/100
|move|p2a: did you calc that?|Earthquake|p1a: Clefable
|-supereffective|p1a: Clefable
|-damage|p1a: Clefable|38/100 tox
|
|upkeep
|turn|110
|
|t:|1779616542
|move|p1a: Clefable|Wish|p1a: Clefable
|move|p2a: did you calc that?|Recover|p2a: did you calc that?
|-heal|p2a: did you calc that?|100/100
|
|upkeep
|turn|111
|
|t:|1779616547
|move|p1a: Clefable|Flamethrower|p2a: did you calc that?
|-damage|p2a: did you calc that?|90/100
|move|p2a: did you calc that?|Earthquake|p1a: Clefable
|-supereffective|p1a: Clefable
|-damage|p1a: Clefable|0 fnt
|faint|p1a: Clefable
|
|upkeep
|-message|harc forfeited.
|
|win|cheeseguy43
|raw|harc's rating: 1307 &rarr; <strong>1288</strong><br />(-19 for losing)
|raw|cheeseguy43's rating: 1325 &rarr; <strong>1344</strong><br />(+19 for winning)
|l|☆harc
|player|p1|
|c|☆cheeseguy43|Gg
