|j|☆hattybatty304
|j|☆SGA4MVP23
|t:|1779703626
|gametype|singles
|player|p1|hattybatty304|swimmerf|1412
|player|p2|SGA4MVP23|marshal|1410
|gen|9
|tier|[Gen 9] OU
|rated|
|rule|HP Percentage Mod: HP is shown in percentages
|rule|Endless Battle Clause: Forcing endless battles is banned
|rule|Species Clause: Limit one of each Pokémon
|rule|OHKO Clause: OHKO moves are banned
|rule|Evasion Items Clause: Evasion items are banned
|rule|Evasion Moves Clause: Evasion moves are banned
|rule|Evasion Abilities Clause: Evasion abilities are banned
|rule|Sleep Moves Clause: Sleep-inducing moves are banned
|clearpoke
|poke|p1|Hatterene, F|
|poke|p1|Meowscarada, F|
|poke|p1|Primarina, F|
|poke|p1|Pecharunt|
|poke|p1|Cinderace, F|
|poke|p1|Electrode-Hisui|
|poke|p2|Alomomola, M|
|poke|p2|Glimmora, F|
|poke|p2|Great Tusk|
|poke|p2|Raging Bolt|
|poke|p2|Tyranitar, F|
|poke|p2|Ogerpon-Wellspring, F|
|teampreview
|inactive|Battle timer is ON: inactive players will automatically lose when time's up. (requested by hattybatty304)
|
|t:|1779703653
|teamsize|p1|6
|teamsize|p2|6
|start
|switch|p1a: TakeYoMan|Meowscarada, F|100/100
|switch|p2a: Glimmora|Glimmora, F|100/100
|turn|1
|
|t:|1779703658
|move|p1a: TakeYoMan|U-turn|p2a: Glimmora
|-start|p1a: TakeYoMan|typechange|Bug|[from] ability: Protean
|-resisted|p2a: Glimmora
|-damage|p2a: Glimmora|70/100
|-activate|p2a: Glimmora|ability: Toxic Debris
|-sidestart|p1: hattybatty304|move: Toxic Spikes
|
|t:|1779703665
|switch|p1a: WWakeRBoltCringe|Hatterene, F|100/100|[from] U-turn
|-status|p1a: WWakeRBoltCringe|psn
|move|p2a: Glimmora|Mortal Spin|p1a: WWakeRBoltCringe
|-supereffective|p1a: WWakeRBoltCringe
|-damage|p1a: WWakeRBoltCringe|85/100 psn
|
|-damage|p1a: WWakeRBoltCringe|73/100 psn|[from] psn
|upkeep
|turn|2
|
|t:|1779703673
|switch|p2a: Tyranitar|Tyranitar, F|100/100
|-weather|Sandstorm|[from] ability: Sand Stream|[of] p2a: Tyranitar
|move|p1a: WWakeRBoltCringe|Psychic Noise|p2a: Tyranitar
|-immune|p2a: Tyranitar
|
|-weather|Sandstorm|[upkeep]
|-damage|p1a: WWakeRBoltCringe|67/100 psn|[from] Sandstorm
|-damage|p1a: WWakeRBoltCringe|54/100 psn|[from] psn
|upkeep
|turn|3
|
|t:|1779703679
|move|p2a: Tyranitar|Knock Off|p1a: WWakeRBoltCringe
|-damage|p1a: WWakeRBoltCringe|1/100 psn
|-enditem|p1a: WWakeRBoltCringe|Assault Vest|[from] move: Knock Off|[of] p2a: Tyranitar
|move|p1a: WWakeRBoltCringe|Nuzzle|p2a: Tyranitar
|-damage|p2a: Tyranitar|97/100
|-status|p2a: Tyranitar|par
|
|-weather|Sandstorm|[upkeep]
|-damage|p1a: WWakeRBoltCringe|0 fnt|[from] Sandstorm
|faint|p1a: WWakeRBoltCringe
|upkeep
|
|t:|1779703682
|switch|p1a: gambitDNiteCringe|Pecharunt|100/100
|-sideend|p1: hattybatty304|move: Toxic Spikes|[of] p1a: gambitDNiteCringe
|turn|4
|
|t:|1779703690
|move|p1a: gambitDNiteCringe|Nasty Plot|p1a: gambitDNiteCringe
|-boost|p1a: gambitDNiteCringe|spa|2
|move|p2a: Tyranitar|Knock Off|p1a: gambitDNiteCringe
|-supereffective|p1a: gambitDNiteCringe
|-damage|p1a: gambitDNiteCringe|58/100
|-damage|p2a: Tyranitar|80/100 par|[from] item: Rocky Helmet|[of] p1a: gambitDNiteCringe
|-enditem|p1a: gambitDNiteCringe|Rocky Helmet|[from] move: Knock Off|[of] p2a: Tyranitar
|
|-weather|Sandstorm|[upkeep]
|-damage|p1a: gambitDNiteCringe|52/100|[from] Sandstorm
|upkeep
|turn|5
|
|t:|1779703702
|move|p1a: gambitDNiteCringe|Recover|p1a: gambitDNiteCringe
|-heal|p1a: gambitDNiteCringe|100/100
|move|p2a: Tyranitar|Earthquake|p1a: gambitDNiteCringe
|-supereffective|p1a: gambitDNiteCringe
|-damage|p1a: gambitDNiteCringe|72/100
|
|-weather|Sandstorm|[upkeep]
|-damage|p1a: gambitDNiteCringe|65/100|[from] Sandstorm
|upkeep
|turn|6
|
|t:|1779703709
|switch|p2a: Raging Bolt|Raging Bolt|100/100
|move|p1a: gambitDNiteCringe|Nasty Plot|p1a: gambitDNiteCringe
|-boost|p1a: gambitDNiteCringe|spa|2
|
|-weather|none
|upkeep
|turn|7
|
|t:|1779703715
|move|p2a: Raging Bolt|Thunderbolt|p1a: gambitDNiteCringe
|-damage|p1a: gambitDNiteCringe|0 fnt
|faint|p1a: gambitDNiteCringe
|
|upkeep
|
|t:|1779703719
|switch|p1a: TakeYoMan|Meowscarada, F|100/100
|turn|8
|
|t:|1779703723
|-end|p2a: Raging Bolt|Protosynthesis|[silent]
|switch|p2a: Glimmora|Glimmora, F|70/100
|move|p1a: TakeYoMan|U-turn|p2a: Glimmora
|-start|p1a: TakeYoMan|typechange|Bug|[from] ability: Protean
|-resisted|p2a: Glimmora
|-damage|p2a: Glimmora|42/100
|-activate|p2a: Glimmora|ability: Toxic Debris
|-sidestart|p1: hattybatty304|move: Toxic Spikes
|
|t:|1779703728
|switch|p1a: Rapunzil|Primarina, F, shiny|100/100|[from] U-turn
|-status|p1a: Rapunzil|psn
|
|-damage|p1a: Rapunzil|88/100 psn|[from] psn
|upkeep
|turn|9
|
|t:|1779703735
|move|p2a: Glimmora|Sludge Wave|p1a: Rapunzil
|-supereffective|p1a: Rapunzil
|-damage|p1a: Rapunzil|42/100 psn
|move|p1a: Rapunzil|Psychic|p2a: Glimmora
|-supereffective|p2a: Glimmora
|-damage|p2a: Glimmora|0 fnt
|faint|p2a: Glimmora
|
|-damage|p1a: Rapunzil|30/100 psn|[from] psn
|upkeep
|
|t:|1779703747
|switch|p2a: Ogerpon|Ogerpon-Wellspring, F|100/100
|turn|10
|
|t:|1779703751
|move|p2a: Ogerpon|Horn Leech|p1a: Rapunzil
|-supereffective|p1a: Rapunzil
|-damage|p1a: Rapunzil|0 fnt
|faint|p1a: Rapunzil
|
|upkeep
|
|t:|1779703755
|switch|p1a: TakeYoMan|Meowscarada, F|100/100
|-status|p1a: TakeYoMan|psn
|turn|11
|
|t:|1779703759
|switch|p2a: Alomomola|Alomomola, M|100/100
|move|p1a: TakeYoMan|U-turn|p2a: Alomomola
|-start|p1a: TakeYoMan|typechange|Bug|[from] ability: Protean
|-damage|p2a: Alomomola|76/100
|
|t:|1779703762
|switch|p1a: BOMBOCLAAT|Electrode-Hisui|100/100|[from] U-turn
|-status|p1a: BOMBOCLAAT|psn
|
|-damage|p1a: BOMBOCLAAT|88/100 psn|[from] psn
|upkeep
|turn|12
|
|t:|1779703767
|move|p1a: BOMBOCLAAT|Chloroblast|p2a: Alomomola
|-supereffective|p2a: Alomomola
|-damage|p2a: Alomomola|0 fnt
|faint|p2a: Alomomola
|-damage|p1a: BOMBOCLAAT|38/100 psn|[from] Recoil
|
|-damage|p1a: BOMBOCLAAT|26/100 psn|[from] psn
|upkeep
|
|t:|1779703774
|switch|p2a: Tyranitar|Tyranitar, F|80/100 par
|-weather|Sandstorm|[from] ability: Sand Stream|[of] p2a: Tyranitar
|turn|13
|
|t:|1779703780
|move|p1a: BOMBOCLAAT|Chloroblast|p2a: Tyranitar
|-supereffective|p2a: Tyranitar
|-damage|p2a: Tyranitar|28/100 par
|-damage|p1a: BOMBOCLAAT|0 fnt|[from] Recoil
|faint|p1a: BOMBOCLAAT
|move|p2a: Tyranitar|Knock Off|p1: BOMBOCLAAT|[notarget]
|-fail|p2a: Tyranitar
|
|-weather|Sandstorm|[upkeep]
|upkeep
|
|t:|1779703785
|switch|p1a: TakeYoMan|Meowscarada, F|100/100 psn
|turn|14
|
|t:|1779703790
|move|p1a: TakeYoMan|U-turn|p2a: Tyranitar
|-start|p1a: TakeYoMan|typechange|Bug|[from] ability: Protean
|-supereffective|p2a: Tyranitar
|-damage|p2a: Tyranitar|0 fnt
|faint|p2a: Tyranitar
|
|t:|1779703794
|switch|p1a: Lm10|Cinderace, F|100/100|[from] U-turn
|
|-weather|Sandstorm|[upkeep]
|-damage|p1a: Lm10|95/100|[from] Sandstorm
|upkeep
|
|t:|1779703800
|switch|p2a: Great Tusk|Great Tusk|100/100
|-enditem|p2a: Great Tusk|Booster Energy
|-activate|p2a: Great Tusk|ability: Protosynthesis|[fromitem]
|-start|p2a: Great Tusk|protosynthesisatk
|turn|15
|
|t:|1779703808
|move|p1a: Lm10|Pyro Ball|p2a: Great Tusk
|-damage|p2a: Great Tusk|61/100
|move|p2a: Great Tusk|Rapid Spin|p1a: Lm10
|-damage|p1a: Lm10|57/100
|-boost|p2a: Great Tusk|spe|1
|
|-weather|Sandstorm|[upkeep]
|-damage|p1a: Lm10|51/100|[from] Sandstorm
|upkeep
|turn|16
|
|t:|1779703821
|move|p1a: Lm10|Sucker Punch|p2a: Great Tusk
|-start|p1a: Lm10|typechange|Dark|[from] ability: Libero
|-resisted|p2a: Great Tusk
|-damage|p2a: Great Tusk|50/100
|move|p2a: Great Tusk|Headlong Rush|p1a: Lm10
|-damage|p1a: Lm10|0 fnt
|-unboost|p2a: Great Tusk|def|1
|-unboost|p2a: Great Tusk|spd|1
|faint|p1a: Lm10
|
|-weather|Sandstorm|[upkeep]
|upkeep
|
|t:|1779703824
|switch|p1a: TakeYoMan|Meowscarada, F|100/100 psn
|turn|17
|
|t:|1779703828
|-end|p2a: Great Tusk|Protosynthesis|[silent]
|switch|p2a: Raging Bolt|Raging Bolt|100/100
|move|p1a: TakeYoMan|Sucker Punch||[still]
|-fail|p1a: TakeYoMan
|
|-weather|none
|-damage|p1a: TakeYoMan|88/100 psn|[from] psn
|upkeep
|turn|18
|
|t:|1779703835
|-terastallize|p1a: TakeYoMan|Grass
|move|p1a: TakeYoMan|Sucker Punch|p2a: Raging Bolt
|-damage|p2a: Raging Bolt|61/100
|move|p2a: Raging Bolt|Dragon Pulse|p1a: TakeYoMan
|-damage|p1a: TakeYoMan|0 fnt
|faint|p1a: TakeYoMan
|
|win|SGA4MVP23
|raw|hattybatty304's rating: 1412 &rarr; <strong>1392</strong><br />(-20 for losing)
|raw|SGA4MVP23's rating: 1410 &rarr; <strong>1430</strong><br />(+20 for winning)
|l|☆hattybatty304
|player|p1|
|l|☆SGA4MVP23
|player|p2|
