|badge|p1|bronze|gen9ou|100-9
|uhtml|medal-msg|<div class="broadcast-blue">Curious what those medals under the avatar are? PS now has Ladder Seasons! For more information, check out the <a href="https://www.smogon.com/forums/threads/3740067/">thread on Smogon.</a></div>
|j|☆Trainer #39
|j|‽p$ychopath
|t:|1779625203
|gametype|singles
|player|p1|Trainer #39|bugsy|1827
|player|p2|p$ychopath|volo-ginkgo|1777
|gen|9
|tier|[Gen 9] OU
|rated|
|rule|HP Percentage Mod: HP is shown in percentages
|rule|Endless Battle Clause: Forcing endless battles is banned
|rule|Species Clause: Limit one of each Pokémon
|rule|OHKO Clause: OHKO moves are banned
|rule|Evasion Items Clause: Evasion items are banned
|rule|Evasion Moves Clause: Evasion moves are banned
|rule|Evasion Abilities Clause: Evasion abilities are banned
|rule|Sleep Moves Clause: Sleep-inducing moves are banned
|clearpoke
|poke|p1|Blissey, F|
|poke|p1|Corviknight, M|
|poke|p1|Dondozo, M|
|poke|p1|Gliscor, M|
|poke|p1|Clefable, M|
|poke|p1|Slowking-Galar, M|
|poke|p2|Sandy Shocks|
|poke|p2|Iron Moth|
|poke|p2|Iron Valiant|
|poke|p2|Raging Bolt|
|poke|p2|Great Tusk|
|poke|p2|Iron Jugulis|
|teampreview
|
|t:|1779625224
|teamsize|p1|6
|teamsize|p2|6
|start
|switch|p1a: Free Palestine|Gliscor, M|100/100
|switch|p2a: Iron Jugulis|Iron Jugulis|100/100
|-enditem|p2a: Iron Jugulis|Booster Energy
|-activate|p2a: Iron Jugulis|ability: Quark Drive|[fromitem]
|-start|p2a: Iron Jugulis|quarkdrivespe
|turn|1
|
|t:|1779625229
|move|p1a: Free Palestine|Protect|p1a: Free Palestine
|-singleturn|p1a: Free Palestine|Protect
|move|p2a: Iron Jugulis|Taunt|p1a: Free Palestine
|-activate|p1a: Free Palestine|move: Protect
|
|-status|p1a: Free Palestine|tox|[from] item: Toxic Orb
|upkeep
|turn|2
|
|t:|1779625233
|switch|p1a: Free Lebanon|Clefable, M|100/100
|move|p2a: Iron Jugulis|Taunt|p1a: Free Lebanon
|-start|p1a: Free Lebanon|move: Taunt
|
|upkeep
|turn|3
|
|t:|1779625238
|-end|p2a: Iron Jugulis|Quark Drive|[silent]
|switch|p2a: Iron Moth|Iron Moth|100/100
|-enditem|p2a: Iron Moth|Booster Energy
|-activate|p2a: Iron Moth|ability: Quark Drive|[fromitem]
|-start|p2a: Iron Moth|quarkdrivespe
|move|p1a: Free Lebanon|Moonblast|p2a: Iron Moth
|-resisted|p2a: Iron Moth
|-damage|p2a: Iron Moth|93/100
|
|upkeep
|turn|4
|
|t:|1779625247
|switch|p1a: Save Sudan|Slowking-Galar, M|100/100
|move|p2a: Iron Moth|Fiery Dance|p1a: Save Sudan
|-damage|p1a: Save Sudan|68/100
|
|upkeep
|turn|5
|
|t:|1779625250
|move|p2a: Iron Moth|Fiery Dance|p1a: Save Sudan
|-damage|p1a: Save Sudan|36/100
|-boost|p2a: Iron Moth|spa|1
|move|p1a: Save Sudan|Future Sight|p2a: Iron Moth
|-start|p1a: Save Sudan|move: Future Sight
|
|upkeep
|turn|6
|
|t:|1779625256
|switch|p1a: brat|Blissey, F|100/100
|move|p2a: Iron Moth|Fiery Dance|p1a: brat
|-damage|p1a: brat|79/100
|
|upkeep
|turn|7
|
|t:|1779625262
|-end|p2a: Iron Moth|Quark Drive|[silent]
|switch|p2a: Sandy Shocks|Sandy Shocks|100/100
|-enditem|p2a: Sandy Shocks|Booster Energy
|-activate|p2a: Sandy Shocks|ability: Protosynthesis|[fromitem]
|-start|p2a: Sandy Shocks|protosynthesisspe
|move|p1a: brat|Stealth Rock|p2a: Sandy Shocks
|-sidestart|p2: p$ychopath|move: Stealth Rock
|
|-end|p2a: Sandy Shocks|move: Future Sight
|-damage|p2a: Sandy Shocks|53/100
|upkeep
|turn|8
|
|t:|1779625269
|switch|p1a: Free Palestine|Gliscor, M|100/100 tox
|move|p2a: Sandy Shocks|Stealth Rock|p1a: Free Palestine
|-sidestart|p1: Trainer #39|move: Stealth Rock
|
|upkeep
|turn|9
|
|t:|1779625272
|move|p1a: Free Palestine|Protect|p1a: Free Palestine
|-singleturn|p1a: Free Palestine|Protect
|move|p2a: Sandy Shocks|Spikes|p1a: Free Palestine
|-sidestart|p1: Trainer #39|Spikes
|
|upkeep
|turn|10
|
|t:|1779625275
|switch|p1a: brat|Blissey, F|79/100
|move|p2a: Sandy Shocks|Spikes|p1a: brat
|-sidestart|p1: Trainer #39|Spikes
|
|upkeep
|turn|11
|
|t:|1779625279
|move|p2a: Sandy Shocks|Spikes|p1a: brat
|-sidestart|p1: Trainer #39|Spikes
|move|p1a: brat|Shadow Ball|p2a: Sandy Shocks
|-damage|p2a: Sandy Shocks|36/100
|
|upkeep
|turn|12
|
|t:|1779625283
|switch|p1a: Free Palestine|Gliscor, M|100/100 tox
|-damage|p1a: Free Palestine|88/100 tox|[from] Stealth Rock
|move|p2a: Sandy Shocks|Thunderbolt|p1a: Free Palestine
|-immune|p1a: Free Palestine
|
|-heal|p1a: Free Palestine|100/100 tox|[from] ability: Poison Heal
|upkeep
|turn|13
|
|t:|1779625286
|switch|p1a: brat|Blissey, F|79/100
|move|p2a: Sandy Shocks|Spikes||[still]
|-fail|p2a: Sandy Shocks
|
|upkeep
|turn|14
|
|t:|1779625289
|move|p2a: Sandy Shocks|Thunderbolt|p1a: brat
|-damage|p1a: brat|65/100
|-status|p1a: brat|par
|cant|p1a: brat|par
|
|upkeep
|turn|15
|
|t:|1779625293
|move|p2a: Sandy Shocks|Thunderbolt|p1a: brat
|-damage|p1a: brat|51/100 par
|move|p1a: brat|Shadow Ball|p2a: Sandy Shocks
|-damage|p2a: Sandy Shocks|18/100
|
|upkeep
|turn|16
|
|t:|1779625296
|move|p2a: Sandy Shocks|Earth Power|p1a: brat
|-damage|p1a: brat|36/100 par
|move|p1a: brat|Soft-Boiled|p1a: brat
|-heal|p1a: brat|86/100 par
|
|upkeep
|turn|17
|
|t:|1779625298
|-curestatus|p1a: brat|par|[from] ability: Natural Cure|[silent]
|switch|p1a: Free Palestine|Gliscor, M|100/100 tox
|-damage|p1a: Free Palestine|88/100 tox|[from] Stealth Rock
|move|p2a: Sandy Shocks|Earth Power|p1a: Free Palestine
|-immune|p1a: Free Palestine
|
|-heal|p1a: Free Palestine|100/100 tox|[from] ability: Poison Heal
|upkeep
|turn|18
|
|t:|1779625302
|move|p2a: Sandy Shocks|Thunderbolt|p1a: Free Palestine
|-immune|p1a: Free Palestine
|move|p1a: Free Palestine|Substitute|p1a: Free Palestine
|-start|p1a: Free Palestine|Substitute
|-damage|p1a: Free Palestine|76/100 tox
|
|-heal|p1a: Free Palestine|88/100 tox|[from] ability: Poison Heal
|upkeep
|turn|19
|
|t:|1779625305
|move|p2a: Sandy Shocks|Earth Power|p1a: Free Palestine
|-immune|p1a: Free Palestine
|move|p1a: Free Palestine|Earthquake|p2a: Sandy Shocks
|-supereffective|p2a: Sandy Shocks
|-damage|p2a: Sandy Shocks|0 fnt
|faint|p2a: Sandy Shocks
|-end|p2a: Sandy Shocks|Protosynthesis|[silent]
|
|-heal|p1a: Free Palestine|100/100 tox|[from] ability: Poison Heal
|upkeep
|
|t:|1779625309
|switch|p2a: Iron Jugulis|Iron Jugulis|100/100
|-damage|p2a: Iron Jugulis|76/100|[from] Stealth Rock
|turn|20
|
|t:|1779625313
|switch|p1a: Free Lebanon|Clefable, M|100/100
|move|p2a: Iron Jugulis|Taunt|p1a: Free Lebanon
|-start|p1a: Free Lebanon|move: Taunt
|
|upkeep
|turn|21
|
|t:|1779625316
|move|p2a: Iron Jugulis|Hurricane|p1a: Free Lebanon
|-damage|p1a: Free Lebanon|62/100
|-start|p1a: Free Lebanon|confusion
|-activate|p1a: Free Lebanon|confusion
|-damage|p1a: Free Lebanon|54/100|[from] confusion
|
|upkeep
|turn|22
|
|t:|1779625329
|move|p2a: Iron Jugulis|Dark Pulse|p1a: Free Lebanon
|-resisted|p1a: Free Lebanon
|-damage|p1a: Free Lebanon|40/100
|-end|p1a: Free Lebanon|confusion
|move|p1a: Free Lebanon|Moonblast|p2a: Iron Jugulis
|-supereffective|p2a: Iron Jugulis
|-damage|p2a: Iron Jugulis|0 fnt
|faint|p2a: Iron Jugulis
|-end|p2a: Iron Jugulis|Quark Drive|[silent]
|
|-end|p1a: Free Lebanon|move: Taunt
|upkeep
|
|t:|1779625338
|switch|p2a: Iron Moth|Iron Moth|93/100
|-damage|p2a: Iron Moth|68/100|[from] Stealth Rock
|turn|23
|j| malabestia
|
|t:|1779625341
|switch|p1a: brat|Blissey, F|86/100
|move|p2a: Iron Moth|Fiery Dance|p1a: brat
|-damage|p1a: brat|72/100
|-boost|p2a: Iron Moth|spa|1
|
|upkeep
|turn|24
|
|t:|1779625346
|move|p2a: Iron Moth|Fiery Dance|p1a: brat
|-crit|p1a: brat
|-damage|p1a: brat|43/100
|move|p1a: brat|Calm Mind|p1a: brat
|-boost|p1a: brat|spa|1
|-boost|p1a: brat|spd|1
|
|upkeep
|turn|25
|
|t:|1779625352
|move|p2a: Iron Moth|Fiery Dance|p1a: brat
|-damage|p1a: brat|29/100
|-boost|p2a: Iron Moth|spa|1
|move|p1a: brat|Soft-Boiled|p1a: brat
|-heal|p1a: brat|79/100
|
|upkeep
|turn|26
|
|t:|1779625355
|move|p2a: Iron Moth|Fiery Dance|p1a: brat
|-damage|p1a: brat|59/100
|move|p1a: brat|Calm Mind|p1a: brat
|-boost|p1a: brat|spa|1
|-boost|p1a: brat|spd|1
|
|upkeep
|turn|27
|
|t:|1779625359
|move|p2a: Iron Moth|Fiery Dance|p1a: brat
|-damage|p1a: brat|45/100
|move|p1a: brat|Calm Mind|p1a: brat
|-boost|p1a: brat|spa|1
|-boost|p1a: brat|spd|1
|
|upkeep
|turn|28
|
|t:|1779625361
|move|p2a: Iron Moth|Fiery Dance|p1a: brat
|-damage|p1a: brat|33/100
|move|p1a: brat|Soft-Boiled|p1a: brat
|-heal|p1a: brat|83/100
|
|upkeep
|turn|29
|
|t:|1779625364
|move|p2a: Iron Moth|Fiery Dance|p1a: brat
|-damage|p1a: brat|72/100
|move|p1a: brat|Shadow Ball|p2a: Iron Moth
|-damage|p2a: Iron Moth|33/100
|-unboost|p2a: Iron Moth|spd|1
|
|upkeep
|turn|30
|
|t:|1779625366
|move|p2a: Iron Moth|Fiery Dance|p1a: brat
|-damage|p1a: brat|60/100
|-boost|p2a: Iron Moth|spa|1
|move|p1a: brat|Shadow Ball|p2a: Iron Moth
|-damage|p2a: Iron Moth|0 fnt
|faint|p2a: Iron Moth
|-end|p2a: Iron Moth|Quark Drive|[silent]
|
|upkeep
|
|t:|1779625371
|switch|p2a: Iron Valiant|Iron Valiant|100/100
|-damage|p2a: Iron Valiant|94/100|[from] Stealth Rock
|-enditem|p2a: Iron Valiant|Booster Energy
|-activate|p2a: Iron Valiant|ability: Quark Drive|[fromitem]
|-start|p2a: Iron Valiant|quarkdrivespe
|turn|31
|
|t:|1779625375
|move|p2a: Iron Valiant|Swords Dance|p2a: Iron Valiant
|-boost|p2a: Iron Valiant|atk|2
|move|p1a: brat|Shadow Ball|p2a: Iron Valiant
|-damage|p2a: Iron Valiant|31/100
|-unboost|p2a: Iron Valiant|spd|1
|
|upkeep
|turn|32
|
|t:|1779625379
|move|p2a: Iron Valiant|Knock Off|p1a: brat
|-damage|p1a: brat|0 fnt
|-enditem|p1a: brat|Heavy-Duty Boots|[from] move: Knock Off|[of] p2a: Iron Valiant
|faint|p1a: brat
|
|upkeep
|
|t:|1779625381
|switch|p1a: Free Palestine|Gliscor, M|100/100 tox
|-damage|p1a: Free Palestine|88/100 tox|[from] Stealth Rock
|turn|33
|
|t:|1779625390
|move|p2a: Iron Valiant|Knock Off|p1a: Free Palestine
|-damage|p1a: Free Palestine|49/100 tox
|-enditem|p1a: Free Palestine|Toxic Orb|[from] move: Knock Off|[of] p2a: Iron Valiant
|move|p1a: Free Palestine|Earthquake|p2a: Iron Valiant
|-damage|p2a: Iron Valiant|0 fnt
|faint|p2a: Iron Valiant
|-end|p2a: Iron Valiant|Quark Drive|[silent]
|
|-heal|p1a: Free Palestine|61/100 tox|[from] ability: Poison Heal
|upkeep
|
|t:|1779625402
|switch|p2a: Great Tusk|Great Tusk|100/100
|-damage|p2a: Great Tusk|98/100|[from] Stealth Rock
|-enditem|p2a: Great Tusk|Booster Energy
|-activate|p2a: Great Tusk|ability: Protosynthesis|[fromitem]
|-start|p2a: Great Tusk|protosynthesisspe
|turn|34
|
|t:|1779625405
|switch|p1a: Trump is low IQ|Corviknight, M|100/100
|-damage|p1a: Trump is low IQ|88/100|[from] Stealth Rock
|-ability|p1a: Trump is low IQ|Pressure
|move|p2a: Great Tusk|Bulk Up|p2a: Great Tusk
|-boost|p2a: Great Tusk|atk|1
|-boost|p2a: Great Tusk|def|1
|
|upkeep
|turn|35
|
|t:|1779625410
|move|p2a: Great Tusk|Ice Spinner|p1a: Trump is low IQ
|-damage|p1a: Trump is low IQ|68/100
|-damage|p2a: Great Tusk|81/100|[from] item: Rocky Helmet|[of] p1a: Trump is low IQ
|move|p1a: Trump is low IQ|Defog|p2a: Great Tusk
|-unboost|p2a: Great Tusk|evasion|1
|-sideend|p2: p$ychopath|Stealth Rock|[from] move: Defog|[of] p1a: Trump is low IQ
|-sideend|p1: Trainer #39|Spikes|[from] move: Defog|[of] p1a: Trump is low IQ
|-sideend|p1: Trainer #39|Stealth Rock|[from] move: Defog|[of] p1a: Trump is low IQ
|
|upkeep
|turn|36
|
|t:|1779625421
|move|p2a: Great Tusk|Bulk Up|p2a: Great Tusk
|-boost|p2a: Great Tusk|atk|1
|-boost|p2a: Great Tusk|def|1
|move|p1a: Trump is low IQ|U-turn|p2a: Great Tusk
|-resisted|p2a: Great Tusk
|-damage|p2a: Great Tusk|79/100
|
|t:|1779625425
|switch|p1a: 808 and curses|Dondozo, M|100/100|[from] U-turn
|
|upkeep
|turn|37
|
|t:|1779625429
|-end|p2a: Great Tusk|Protosynthesis|[silent]
|switch|p2a: Raging Bolt|Raging Bolt|100/100
|-enditem|p2a: Raging Bolt|Booster Energy
|-activate|p2a: Raging Bolt|ability: Protosynthesis|[fromitem]
|-start|p2a: Raging Bolt|protosynthesisspa
|move|p1a: 808 and curses|Curse|p1a: 808 and curses
|-unboost|p1a: 808 and curses|spe|1
|-boost|p1a: 808 and curses|atk|1
|-boost|p1a: 808 and curses|def|1
|
|upkeep
|turn|38
|
|t:|1779625439
|switch|p1a: Save Sudan|Slowking-Galar, M|69/100
|move|p2a: Raging Bolt|Calm Mind|p2a: Raging Bolt
|-boost|p2a: Raging Bolt|spa|1
|-boost|p2a: Raging Bolt|spd|1
|
|upkeep
|turn|39
|
|t:|1779625444
|move|p1a: Save Sudan|Trick|p2a: Raging Bolt
|-activate|p1a: Save Sudan|move: Trick|[of] p2a: Raging Bolt
|-item|p2a: Raging Bolt|Choice Scarf|[from] move: Trick
|-enditem|p1a: Save Sudan|Choice Scarf|[silent]|[from] move: Trick
|move|p2a: Raging Bolt|Thunderbolt|p1a: Save Sudan
|-damage|p1a: Save Sudan|0 fnt
|faint|p1a: Save Sudan
|
|upkeep
|
|t:|1779625447
|switch|p1a: Free Palestine|Gliscor, M|61/100 tox
|turn|40
|
|t:|1779625451
|-end|p2a: Raging Bolt|Protosynthesis|[silent]
|switch|p2a: Great Tusk|Great Tusk|79/100
|move|p1a: Free Palestine|Toxic|p2a: Great Tusk
|-status|p2a: Great Tusk|tox
|
|-damage|p2a: Great Tusk|73/100 tox|[from] psn
|-heal|p1a: Free Palestine|73/100 tox|[from] ability: Poison Heal
|upkeep
|turn|41
|
|t:|1779625456
|-end|p2a: Great Tusk|Protosynthesis|[silent]
|switch|p2a: Raging Bolt|Raging Bolt|100/100
|switch|p1a: Trump is low IQ|Corviknight, M|68/100
|-ability|p1a: Trump is low IQ|Pressure
|
|upkeep
|turn|42
|
|t:|1779625463
|switch|p1a: 808 and curses|Dondozo, M|100/100
|move|p2a: Raging Bolt|Dragon Pulse|p1a: 808 and curses
|-damage|p1a: 808 and curses|55/100
|
|-heal|p1a: 808 and curses|61/100|[from] item: Leftovers
|upkeep
|turn|43
|
|t:|1779625468
|-end|p2a: Raging Bolt|Protosynthesis|[silent]
|switch|p2a: Great Tusk|Great Tusk|73/100 tox
|switch|p1a: Free Lebanon|Clefable, M|40/100
|
|-damage|p2a: Great Tusk|66/100 tox|[from] psn
|upkeep
|turn|44
|
|t:|1779625472
|-end|p2a: Great Tusk|Protosynthesis|[silent]
|switch|p2a: Raging Bolt|Raging Bolt|100/100
|move|p1a: Free Lebanon|Protect||[still]
|-fail|p1a: Free Lebanon
|
|upkeep
|turn|45
|
|t:|1779625479
|move|p1a: Free Lebanon|Protect|p1a: Free Lebanon
|-singleturn|p1a: Free Lebanon|Protect
|move|p2a: Raging Bolt|Thunderbolt|p1a: Free Lebanon
|-activate|p1a: Free Lebanon|move: Protect
|
|upkeep
|turn|46
|
|t:|1779625482
|-end|p2a: Raging Bolt|Protosynthesis|[silent]
|switch|p2a: Great Tusk|Great Tusk|66/100 tox
|switch|p1a: Free Palestine|Gliscor, M|73/100 tox
|
|-damage|p2a: Great Tusk|60/100 tox|[from] psn
|-heal|p1a: Free Palestine|86/100 tox|[from] ability: Poison Heal
|upkeep
|turn|47
|
|t:|1779625491
|switch|p1a: Trump is low IQ|Corviknight, M|68/100
|-ability|p1a: Trump is low IQ|Pressure
|move|p2a: Great Tusk|Bulk Up|p2a: Great Tusk
|-boost|p2a: Great Tusk|atk|1
|-boost|p2a: Great Tusk|def|1
|
|-damage|p2a: Great Tusk|48/100 tox|[from] psn
|upkeep
|turn|48
|-message|p$ychopath forfeited.
|
|win|Trainer #39
|raw|Trainer #39's rating: 1827 &rarr; <strong>1844</strong><br />(+17 for winning)
|raw|p$ychopath's rating: 1777 &rarr; <strong>1760</strong><br />(-17 for losing)
|l|‽p$ychopath
|player|p2|
|l|☆Trainer #39
|player|p1|
|l| malabestia
