|j|☆Lano Del Rey2
|j|☆Sableyemygoat
|t:|1779599280
|gametype|singles
|player|p1|Lano Del Rey2|swimmer-gen4dp|1302
|player|p2|Sableyemygoat|aromalady|1242
|gen|9
|tier|[Gen 9] OU
|rated|
|rule|HP Percentage Mod: HP is shown in percentages
|rule|Endless Battle Clause: Forcing endless battles is banned
|rule|Species Clause: Limit one of each Pokémon
|rule|OHKO Clause: OHKO moves are banned
|rule|Evasion Items Clause: Evasion items are banned
|rule|Evasion Moves Clause: Evasion moves are banned
|rule|Evasion Abilities Clause: Evasion abilities are banned
|rule|Sleep Moves Clause: Sleep-inducing moves are banned
|clearpoke
|poke|p1|Tyranitar, M|
|poke|p1|Excadrill, F|
|poke|p1|Clefable, M|
|poke|p1|Glimmora, M|
|poke|p1|Vaporeon, M|
|poke|p1|Skarmory, M|
|poke|p2|Zoroark-Hisui, F|
|poke|p2|Deoxys-Speed|
|poke|p2|Zamazenta-*|
|poke|p2|Cinderace, M|
|poke|p2|Greninja-*, M|
|poke|p2|Porygon-Z|
|teampreview
|inactive|Battle timer is ON: inactive players will automatically lose when time's up. (requested by Lano Del Rey2)
|
|t:|1779599290
|teamsize|p1|6
|teamsize|p2|6
|start
|switch|p1a: Tyranitar|Tyranitar, M|100/100
|switch|p2a: Betterzacian|Zamazenta|100/100
|-ability|p2a: Betterzacian|Dauntless Shield|boost
|-boost|p2a: Betterzacian|def|1
|-weather|Sandstorm|[from] ability: Sand Stream|[of] p1a: Tyranitar
|turn|1
|
|t:|1779599298
|switch|p1a: Skarmory|Skarmory, M|100/100
|move|p2a: Betterzacian|Iron Defense|p2a: Betterzacian
|-boost|p2a: Betterzacian|def|2
|
|-weather|Sandstorm|[upkeep]
|-damage|p2a: Betterzacian|94/100|[from] Sandstorm
|-heal|p2a: Betterzacian|100/100|[from] item: Leftovers
|upkeep
|turn|2
|
|t:|1779599307
|move|p2a: Betterzacian|Body Press|p1a: Skarmory
|-damage|p1a: Skarmory|52/100
|-damage|p2a: Betterzacian|84/100|[from] item: Rocky Helmet|[of] p1a: Skarmory
|move|p1a: Skarmory|Iron Defense|p1a: Skarmory
|-boost|p1a: Skarmory|def|2
|
|-weather|Sandstorm|[upkeep]
|-damage|p2a: Betterzacian|78/100|[from] Sandstorm
|-heal|p2a: Betterzacian|84/100|[from] item: Leftovers
|upkeep
|turn|3
|
|t:|1779599317
|move|p2a: Betterzacian|Body Press|p1a: Skarmory
|-damage|p1a: Skarmory|24/100
|-damage|p2a: Betterzacian|68/100|[from] item: Rocky Helmet|[of] p1a: Skarmory
|move|p1a: Skarmory|Iron Defense|p1a: Skarmory
|-boost|p1a: Skarmory|def|2
|
|-weather|Sandstorm|[upkeep]
|-damage|p2a: Betterzacian|61/100|[from] Sandstorm
|-heal|p2a: Betterzacian|68/100|[from] item: Leftovers
|upkeep
|turn|4
|
|t:|1779599328
|move|p2a: Betterzacian|Iron Defense|p2a: Betterzacian
|-boost|p2a: Betterzacian|def|2
|move|p1a: Skarmory|Iron Defense|p1a: Skarmory
|-boost|p1a: Skarmory|def|2
|
|-weather|Sandstorm|[upkeep]
|-damage|p2a: Betterzacian|61/100|[from] Sandstorm
|-heal|p2a: Betterzacian|68/100|[from] item: Leftovers
|upkeep
|turn|5
|
|t:|1779599337
|move|p2a: Betterzacian|Body Press|p1a: Skarmory
|-damage|p1a: Skarmory|6/100
|-damage|p2a: Betterzacian|51/100|[from] item: Rocky Helmet|[of] p1a: Skarmory
|move|p1a: Skarmory|Roost|p1a: Skarmory
|-heal|p1a: Skarmory|56/100
|-singleturn|p1a: Skarmory|move: Roost
|
|-weather|none
|-heal|p2a: Betterzacian|57/100|[from] item: Leftovers
|upkeep
|turn|6
|
|t:|1779599348
|move|p2a: Betterzacian|Body Press|p1a: Skarmory
|-damage|p1a: Skarmory|38/100
|-damage|p2a: Betterzacian|41/100|[from] item: Rocky Helmet|[of] p1a: Skarmory
|move|p1a: Skarmory|Roost|p1a: Skarmory
|-heal|p1a: Skarmory|88/100
|-singleturn|p1a: Skarmory|move: Roost
|
|-heal|p2a: Betterzacian|47/100|[from] item: Leftovers
|upkeep
|turn|7
|
|t:|1779599359
|move|p2a: Betterzacian|Iron Defense|p2a: Betterzacian
|-boost|p2a: Betterzacian|def|1
|move|p1a: Skarmory|Roost|p1a: Skarmory
|-heal|p1a: Skarmory|100/100
|-singleturn|p1a: Skarmory|move: Roost
|
|-heal|p2a: Betterzacian|53/100|[from] item: Leftovers
|upkeep
|turn|8
|
|t:|1779599370
|move|p2a: Betterzacian|Iron Defense|p2a: Betterzacian
|-boost|p2a: Betterzacian|def|0
|move|p1a: Skarmory|Body Press|p2a: Betterzacian
|-damage|p2a: Betterzacian|33/100
|
|-heal|p2a: Betterzacian|39/100|[from] item: Leftovers
|upkeep
|turn|9
|
|t:|1779599381
|switch|p2a: Mygoat|Porygon-Z|100/100
|move|p1a: Skarmory|Body Press|p2a: Mygoat
|-immune|p2a: Mygoat
|
|upkeep
|turn|10
|
|t:|1779599388
|move|p2a: Mygoat|Nasty Plot|p2a: Mygoat
|-boost|p2a: Mygoat|spa|2
|move|p1a: Skarmory|Whirlwind|p2a: Mygoat
|drag|p2a: Tsbuns|Greninja, M|100/100
|
|upkeep
|turn|11
|
|t:|1779599396
|move|p2a: Tsbuns|Surf|p1a: Skarmory
|-damage|p1a: Skarmory|29/100
|-damage|p2a: Tsbuns|91/100|[from] item: Life Orb
|move|p1a: Skarmory|Body Press|p2a: Tsbuns
|-supereffective|p2a: Tsbuns
|-damage|p2a: Tsbuns|0 fnt
|faint|p2a: Tsbuns
|
|upkeep
|
|t:|1779599406
|switch|p2a: Mygoat|Porygon-Z|100/100
|turn|12
|
|t:|1779599412
|switch|p1a: Tyranitar|Tyranitar, M|100/100
|-weather|Sandstorm|[from] ability: Sand Stream|[of] p1a: Tyranitar
|move|p2a: Mygoat|Shadow Ball|p1a: Tyranitar
|-resisted|p1a: Tyranitar
|-damage|p1a: Tyranitar|88/100
|
|-weather|Sandstorm|[upkeep]
|-damage|p2a: Mygoat|95/100|[from] Sandstorm
|upkeep
|turn|13
|
|t:|1779599423
|move|p2a: Mygoat|Nasty Plot|p2a: Mygoat
|-boost|p2a: Mygoat|spa|2
|move|p1a: Tyranitar|Knock Off|p2a: Mygoat
|-supereffective|p2a: Mygoat
|-damage|p2a: Mygoat|0 fnt
|replace|p2a: Corny|Zoroark-Hisui, F
|-end|p2a: Corny|Illusion
|-enditem|p2a: Corny|Focus Sash|[from] move: Knock Off|[of] p1a: Tyranitar
|faint|p2a: Corny
|
|-weather|Sandstorm|[upkeep]
|upkeep
|
|t:|1779599433
|switch|p2a: Betterzacian|Zamazenta|39/100
|turn|14
|
|t:|1779599441
|switch|p1a: Skarmory|Skarmory, M|29/100
|move|p2a: Betterzacian|Iron Defense|p2a: Betterzacian
|-boost|p2a: Betterzacian|def|2
|
|-weather|Sandstorm|[upkeep]
|-damage|p2a: Betterzacian|33/100|[from] Sandstorm
|-heal|p2a: Betterzacian|39/100|[from] item: Leftovers
|upkeep
|turn|15
|
|t:|1779599450
|move|p2a: Betterzacian|Body Press|p1a: Skarmory
|-damage|p1a: Skarmory|0 fnt
|-damage|p2a: Betterzacian|22/100|[from] item: Rocky Helmet|[of] p1a: Skarmory
|faint|p1a: Skarmory
|
|-weather|Sandstorm|[upkeep]
|-damage|p2a: Betterzacian|16/100|[from] Sandstorm
|-heal|p2a: Betterzacian|22/100|[from] item: Leftovers
|upkeep
|
|t:|1779599460
|switch|p1a: Clefable|Clefable, M|100/100
|turn|16
|
|t:|1779599464
|move|p2a: Betterzacian|Heavy Slam|p1a: Clefable
|-supereffective|p1a: Clefable
|-damage|p1a: Clefable|53/100
|move|p1a: Clefable|Thunder Wave|p2a: Betterzacian
|-status|p2a: Betterzacian|par
|
|-weather|none
|-heal|p2a: Betterzacian|29/100 par|[from] item: Leftovers
|upkeep
|turn|17
|
|t:|1779599473
|-terastallize|p2a: Betterzacian|Steel
|move|p1a: Clefable|Moonblast|p2a: Betterzacian
|-resisted|p2a: Betterzacian
|-damage|p2a: Betterzacian|15/100 par
|move|p2a: Betterzacian|Heavy Slam|p1a: Clefable
|-supereffective|p1a: Clefable
|-damage|p1a: Clefable|0 fnt
|faint|p1a: Clefable
|
|-heal|p2a: Betterzacian|21/100 par|[from] item: Leftovers
|upkeep
|
|t:|1779599484
|switch|p1a: Fishtail|Vaporeon, M|100/100
|turn|18
|
|t:|1779599487
|move|p1a: Fishtail|Scald|p2a: Betterzacian
|-damage|p2a: Betterzacian|3/100 par
|move|p2a: Betterzacian|Body Press|p1a: Fishtail
|-damage|p1a: Fishtail|52/100
|
|-heal|p1a: Fishtail|59/100|[from] item: Leftovers
|-heal|p2a: Betterzacian|9/100 par|[from] item: Leftovers
|upkeep
|turn|19
|
|t:|1779599496
|move|p1a: Fishtail|Scald|p2a: Betterzacian
|-damage|p2a: Betterzacian|0 fnt
|faint|p2a: Betterzacian
|
|-heal|p1a: Fishtail|65/100|[from] item: Leftovers
|upkeep
|
|t:|1779599503
|switch|p2a: Mygoat|Porygon-Z|100/100
|turn|20
|
|t:|1779599506
|switch|p1a: Tyranitar|Tyranitar, M|88/100
|-weather|Sandstorm|[from] ability: Sand Stream|[of] p1a: Tyranitar
|move|p2a: Mygoat|Agility|p2a: Mygoat
|-boost|p2a: Mygoat|spe|2
|
|-weather|Sandstorm|[upkeep]
|-damage|p2a: Mygoat|94/100|[from] Sandstorm
|upkeep
|turn|21
|
|t:|1779599519
|move|p2a: Mygoat|Ice Beam|p1a: Tyranitar
|-damage|p1a: Tyranitar|64/100
|-status|p1a: Tyranitar|frz
|cant|p1a: Tyranitar|frz
|
|-weather|Sandstorm|[upkeep]
|-damage|p2a: Mygoat|88/100|[from] Sandstorm
|upkeep
|turn|22
|
|t:|1779599528
|move|p2a: Mygoat|Ice Beam|p1a: Tyranitar
|-damage|p1a: Tyranitar|41/100 frz
|cant|p1a: Tyranitar|frz
|
|-weather|Sandstorm|[upkeep]
|-damage|p2a: Mygoat|82/100|[from] Sandstorm
|upkeep
|turn|23
|
|t:|1779599536
|move|p2a: Mygoat|Ice Beam|p1a: Tyranitar
|-damage|p1a: Tyranitar|18/100 frz
|-curestatus|p1a: Tyranitar|frz|[msg]
|move|p1a: Tyranitar|Knock Off|p2a: Mygoat
|-damage|p2a: Mygoat|0 fnt
|-enditem|p2a: Mygoat|Focus Sash|[from] move: Knock Off|[of] p1a: Tyranitar
|faint|p2a: Mygoat
|
|-weather|Sandstorm|[upkeep]
|upkeep
|
|t:|1779599546
|switch|p2a: Defenceform|Deoxys-Speed|100/100
|-ability|p2a: Defenceform|Pressure
|turn|24
|
|t:|1779599557
|switch|p1a: A&W|Glimmora, M, shiny|100/100
|move|p2a: Defenceform|Superpower|p1a: A&W
|-damage|p1a: A&W|46/100
|-unboost|p2a: Defenceform|atk|1
|-unboost|p2a: Defenceform|def|1
|-activate|p1a: A&W|ability: Toxic Debris
|-sidestart|p2: Sableyemygoat|move: Toxic Spikes
|
|-weather|none
|-heal|p1a: A&W|52/100|[from] item: Leftovers
|upkeep
|turn|25
|
|t:|1779599580
|-terastallize|p1a: A&W|Ghost
|move|p2a: Defenceform|Superpower|p1a: A&W
|-immune|p1a: A&W
|move|p1a: A&W|Earth Power|p2a: Defenceform
|-damage|p2a: Defenceform|60/100
|
|-heal|p1a: A&W|58/100|[from] item: Leftovers
|upkeep
|turn|26
|
|t:|1779599591
|switch|p2a: Carlos|Cinderace, M|100/100
|move|p1a: A&W|Mortal Spin|p2a: Carlos
|-damage|p2a: Carlos|91/100
|-status|p2a: Carlos|psn
|
|-heal|p1a: A&W|64/100|[from] item: Leftovers
|-damage|p2a: Carlos|79/100 psn|[from] psn
|upkeep
|turn|27
|
|t:|1779599605
|switch|p1a: Tyranitar|Tyranitar, M|18/100
|-weather|Sandstorm|[from] ability: Sand Stream|[of] p1a: Tyranitar
|move|p2a: Carlos|Court Change|p2a: Carlos
|-start|p2a: Carlos|typechange|Normal|[from] ability: Libero
|-swapsideconditions
|-activate|p2a: Carlos|move: Court Change
|
|-weather|Sandstorm|[upkeep]
|-damage|p2a: Carlos|73/100 psn|[from] Sandstorm
|-damage|p2a: Carlos|61/100 psn|[from] psn
|upkeep
|turn|28
|
|t:|1779599616
|move|p2a: Carlos|U-turn|p1a: Tyranitar
|-supereffective|p1a: Tyranitar
|-damage|p1a: Tyranitar|0 fnt
|faint|p1a: Tyranitar
|
|t:|1779599621
|switch|p2a: Defenceform|Deoxys-Speed|60/100|[from] U-turn
|-ability|p2a: Defenceform|Pressure
|
|-weather|Sandstorm|[upkeep]
|-damage|p2a: Defenceform|53/100|[from] Sandstorm
|upkeep
|
|t:|1779599628
|switch|p1a: Excadrill|Excadrill, F|100/100
|-item|p1a: Excadrill|Air Balloon
|turn|29
|
|t:|1779599638
|move|p1a: Excadrill|Earthquake|p2a: Defenceform
|-damage|p2a: Defenceform|0 fnt
|faint|p2a: Defenceform
|
|-weather|Sandstorm|[upkeep]
|upkeep
|
|t:|1779599644
|switch|p2a: Carlos|Cinderace, M|61/100 psn
|turn|30
|
|t:|1779599648
|move|p1a: Excadrill|Earthquake|p2a: Carlos
|-supereffective|p2a: Carlos
|-damage|p2a: Carlos|0 fnt
|faint|p2a: Carlos
|
|win|Lano Del Rey2
|raw|Lano Del Rey2's rating: 1302 &rarr; <strong>1319</strong><br />(+17 for winning)
|raw|Sableyemygoat's rating: 1242 &rarr; <strong>1221</strong><br />(-21 for losing)
|l|☆Sableyemygoat
|player|p2|
|l|☆Lano Del Rey2
|player|p1|
