|j|☆Orkaros
|j|☆pepinoloko
|t:|1779640791
|gametype|singles
|player|p1|Orkaros|1|1435
|player|p2|pepinoloko|byron|1413
|gen|9
|tier|[Gen 9] OU
|rated|
|rule|HP Percentage Mod: HP is shown in percentages
|rule|Endless Battle Clause: Forcing endless battles is banned
|rule|Species Clause: Limit one of each Pokémon
|rule|OHKO Clause: OHKO moves are banned
|rule|Evasion Items Clause: Evasion items are banned
|rule|Evasion Moves Clause: Evasion moves are banned
|rule|Evasion Abilities Clause: Evasion abilities are banned
|rule|Sleep Moves Clause: Sleep-inducing moves are banned
|clearpoke
|poke|p1|Tyranitar, M|
|poke|p1|Excadrill, M|
|poke|p1|Hydrapple, F|
|poke|p1|Garganacl, M|
|poke|p1|Enamorus, F|
|poke|p1|Alomomola, F|
|poke|p2|Salazzle, F|
|poke|p2|Zoroark-Hisui, F|
|poke|p2|Cinderace, M|
|poke|p2|Toxapex, M|
|poke|p2|Chesnaught, F|
|poke|p2|Grimmsnarl, M|
|teampreview
|inactive|Battle timer is ON: inactive players will automatically lose when time's up. (requested by Orkaros)
|inactive|pepinoloko has 120 seconds left.
|inactive|pepinoloko has 90 seconds left.
|inactive|pepinoloko has 60 seconds left.
|
|t:|1779640887
|teamsize|p1|6
|teamsize|p2|6
|start
|switch|p1a: Queen|Alomomola, F|100/100
|switch|p2a: I U-turn on U|Cinderace, M|100/100
|turn|1
|
|t:|1779640897
|move|p2a: I U-turn on U|U-turn|p1a: Queen
|-start|p2a: I U-turn on U|typechange|Bug|[from] ability: Libero
|-damage|p1a: Queen|73/100
|
|t:|1779640901
|switch|p2a: Love has a name|Grimmsnarl, M|100/100|[from] U-turn
|move|p1a: Queen|Flip Turn|p2a: Love has a name
|-damage|p2a: Love has a name|78/100
|
|t:|1779640913
|switch|p1a: Castle|Garganacl, M|100/100|[from] Flip Turn
|
|upkeep
|turn|2
|
|t:|1779640927
|move|p2a: Love has a name|Trick|p1a: Castle
|-activate|p2a: Love has a name|move: Trick|[of] p1a: Castle
|-item|p1a: Castle|Choice Scarf|[from] move: Trick
|-item|p2a: Love has a name|Leftovers|[from] move: Trick
|move|p1a: Castle|Stealth Rock|p2a: Love has a name
|-sidestart|p2: pepinoloko|move: Stealth Rock
|
|-heal|p2a: Love has a name|84/100|[from] item: Leftovers
|upkeep
|turn|3
|
|t:|1779640940
|switch|p1a: Queen|Alomomola, F|100/100
|move|p2a: Love has a name|Drain Punch|p1a: Queen
|-damage|p1a: Queen|81/100
|-heal|p2a: Love has a name|98/100|[from] drain|[of] p1a: Queen
|
|-heal|p2a: Love has a name|100/100|[from] item: Leftovers
|upkeep
|turn|4
|
|t:|1779640950
|move|p2a: Love has a name|Drain Punch|p1a: Queen
|-damage|p1a: Queen|62/100
|move|p1a: Queen|Scald|p2a: Love has a name
|-damage|p2a: Love has a name|88/100
|
|-heal|p2a: Love has a name|94/100|[from] item: Leftovers
|upkeep
|turn|5
|
|t:|1779640960
|move|p2a: Love has a name|Drain Punch|p1a: Queen
|-damage|p1a: Queen|45/100
|-heal|p2a: Love has a name|100/100|[from] drain|[of] p1a: Queen
|move|p1a: Queen|Flip Turn|p2a: Love has a name
|-damage|p2a: Love has a name|78/100
|
|t:|1779640963
|switch|p1a: Sorceress|Enamorus, F|100/100|[from] Flip Turn
|
|-heal|p2a: Love has a name|84/100|[from] item: Leftovers
|upkeep
|turn|6
|
|t:|1779640968
|move|p2a: Love has a name|Thunder Wave|p1a: Sorceress
|-status|p1a: Sorceress|par
|cant|p1a: Sorceress|par
|
|-heal|p2a: Love has a name|90/100|[from] item: Leftovers
|upkeep
|turn|7
|
|t:|1779640977
|switch|p2a: Sin poisons|Toxapex, M, shiny|100/100
|-damage|p2a: Sin poisons|88/100|[from] Stealth Rock
|move|p1a: Sorceress|Moonblast|p2a: Sin poisons
|-resisted|p2a: Sin poisons
|-damage|p2a: Sin poisons|70/100
|-unboost|p2a: Sin poisons|spa|1
|
|-heal|p2a: Sin poisons|76/100|[from] item: Leftovers
|upkeep
|turn|8
|
|t:|1779640982
|switch|p1a: Gallant Squire|Excadrill, M|100/100
|move|p2a: Sin poisons|Infestation|p1a: Gallant Squire
|-resisted|p1a: Gallant Squire
|-damage|p1a: Gallant Squire|99/100
|-activate|p1a: Gallant Squire|move: Infestation|[of] p2a: Sin poisons
|
|-heal|p1a: Gallant Squire|100/100|[from] item: Leftovers
|-heal|p2a: Sin poisons|82/100|[from] item: Leftovers
|-damage|p1a: Gallant Squire|88/100|[from] move: Infestation|[partiallytrapped]
|upkeep
|turn|9
|
|t:|1779640988
|switch|p2a: Chesnaught|Chesnaught, F|100/100
|-damage|p2a: Chesnaught|94/100|[from] Stealth Rock
|move|p1a: Gallant Squire|Earthquake|p2a: Chesnaught
|-resisted|p2a: Chesnaught
|-damage|p2a: Chesnaught|77/100
|
|-heal|p1a: Gallant Squire|94/100|[from] item: Leftovers
|-end|p1a: Gallant Squire|Infestation|[partiallytrapped]|[silent]
|upkeep
|turn|10
|
|t:|1779640998
|switch|p1a: The Dragon|Hydrapple, F|100/100
|move|p2a: Chesnaught|Leech Seed|p1a: The Dragon
|-immune|p1a: The Dragon
|
|upkeep
|turn|11
|
|t:|1779641007
|switch|p2a: Love has a name|Grimmsnarl, M|90/100
|-damage|p2a: Love has a name|78/100|[from] Stealth Rock
|move|p1a: The Dragon|Earth Power|p2a: Love has a name
|-damage|p2a: Love has a name|57/100
|
|-heal|p2a: Love has a name|63/100|[from] item: Leftovers
|upkeep
|turn|12
|
|t:|1779641016
|switch|p1a: Sorceress|Enamorus, F|100/100 par
|move|p2a: Love has a name|Parting Shot|p1a: Sorceress
|-unboost|p1a: Sorceress|atk|1
|-unboost|p1a: Sorceress|spa|1
|
|t:|1779641021
|switch|p2a: I U-turn on U|Cinderace, M|100/100|[from] Parting Shot
|
|upkeep
|turn|13
|
|t:|1779641027
|switch|p1a: Castle|Garganacl, M|100/100
|move|p2a: I U-turn on U|Court Change|p2a: I U-turn on U
|-start|p2a: I U-turn on U|typechange|Normal|[from] ability: Libero
|-swapsideconditions
|-activate|p2a: I U-turn on U|move: Court Change
|
|upkeep
|turn|14
|
|t:|1779641032
|move|p2a: I U-turn on U|U-turn|p1a: Castle
|-damage|p1a: Castle|85/100
|
|t:|1779641049
|switch|p2a: Chesnaught|Chesnaught, F|77/100|[from] U-turn
|move|p1a: Castle|Stealth Rock|p2a: Chesnaught
|-sidestart|p2: pepinoloko|move: Stealth Rock
|
|upkeep
|turn|15
|
|t:|1779641057
|switch|p1a: The Dragon|Hydrapple, F|100/100
|-damage|p1a: The Dragon|88/100|[from] Stealth Rock
|move|p2a: Chesnaught|Drain Punch|p1a: The Dragon
|-damage|p1a: The Dragon|72/100
|-heal|p2a: Chesnaught|86/100|[from] drain|[of] p1a: The Dragon
|-damage|p2a: Chesnaught|69/100|[from] item: Rocky Helmet|[of] p1a: The Dragon
|
|upkeep
|turn|16
|
|t:|1779641064
|switch|p2a: Love has a name|Grimmsnarl, M|63/100
|-damage|p2a: Love has a name|51/100|[from] Stealth Rock
|move|p1a: The Dragon|Draco Meteor|p2a: Love has a name
|-immune|p2a: Love has a name
|
|-heal|p2a: Love has a name|57/100|[from] item: Leftovers
|upkeep
|turn|17
|
|t:|1779641074
|move|p2a: Love has a name|Drain Punch|p1a: The Dragon
|-damage|p1a: The Dragon|59/100
|-heal|p2a: Love has a name|65/100|[from] drain|[of] p1a: The Dragon
|-damage|p2a: Love has a name|48/100|[from] item: Rocky Helmet|[of] p1a: The Dragon
|move|p1a: The Dragon|Giga Drain|p2a: Love has a name
|-damage|p2a: Love has a name|18/100
|-heal|p1a: The Dragon|72/100|[from] drain|[of] p2a: Love has a name
|
|-heal|p2a: Love has a name|24/100|[from] item: Leftovers
|upkeep
|turn|18
|
|t:|1779641080
|switch|p1a: Gallant Squire|Excadrill, M|94/100
|-damage|p1a: Gallant Squire|91/100|[from] Stealth Rock
|move|p2a: Love has a name|Parting Shot|p1a: Gallant Squire
|-unboost|p1a: Gallant Squire|atk|1
|-unboost|p1a: Gallant Squire|spa|1
|
|t:|1779641085
|switch|p2a: I U-turn on U|Cinderace, M|100/100|[from] Parting Shot
|
|-heal|p1a: Gallant Squire|97/100|[from] item: Leftovers
|upkeep
|turn|19
|
|t:|1779641094
|-terastallize|p1a: Gallant Squire|Ground
|move|p2a: I U-turn on U|U-turn|p1a: Gallant Squire
|-start|p2a: I U-turn on U|typechange|Bug|[from] ability: Libero
|-damage|p1a: Gallant Squire|52/100
|
|t:|1779641100
|switch|p2a: Chesnaught|Chesnaught, F|69/100|[from] U-turn
|-damage|p2a: Chesnaught|63/100|[from] Stealth Rock
|move|p1a: Gallant Squire|Earthquake|p2a: Chesnaught
|-resisted|p2a: Chesnaught
|-damage|p2a: Chesnaught|48/100
|
|-heal|p1a: Gallant Squire|58/100|[from] item: Leftovers
|upkeep
|turn|20
|
|t:|1779641105
|switch|p1a: The Dragon|Hydrapple, F|100/100
|-damage|p1a: The Dragon|88/100|[from] Stealth Rock
|move|p2a: Chesnaught|Drain Punch|p1a: The Dragon
|-damage|p1a: The Dragon|72/100
|-heal|p2a: Chesnaught|57/100|[from] drain|[of] p1a: The Dragon
|-damage|p2a: Chesnaught|41/100|[from] item: Rocky Helmet|[of] p1a: The Dragon
|
|upkeep
|turn|21
|
|t:|1779641120
|switch|p2a: Love has a name|Grimmsnarl, M|24/100
|-damage|p2a: Love has a name|12/100|[from] Stealth Rock
|move|p1a: The Dragon|Earth Power|p2a: Love has a name
|-damage|p2a: Love has a name|0 fnt
|faint|p2a: Love has a name
|
|upkeep
|
|t:|1779641124
|switch|p2a: Forgive|Salazzle, F|100/100
|-damage|p2a: Forgive|76/100|[from] Stealth Rock
|turn|22
|
|t:|1779641129
|switch|p1a: All Hail the KING|Tyranitar, M|100/100
|-damage|p1a: All Hail the KING|88/100|[from] Stealth Rock
|-weather|Sandstorm|[from] ability: Sand Stream|[of] p1a: All Hail the KING
|-terastallize|p2a: Forgive|Flying
|move|p2a: Forgive|Toxic|p1a: All Hail the KING
|-status|p1a: All Hail the KING|tox
|
|-weather|Sandstorm|[upkeep]
|-damage|p2a: Forgive|70/100|[from] Sandstorm
|-heal|p2a: Forgive|76/100|[from] item: Leftovers
|-damage|p1a: All Hail the KING|82/100 tox|[from] psn
|upkeep
|turn|23
|
|t:|1779641137
|switch|p2a: Sin poisons|Toxapex, M, shiny|100/100
|-damage|p2a: Sin poisons|88/100|[from] Stealth Rock
|move|p1a: All Hail the KING|Knock Off|p2a: Sin poisons
|-damage|p2a: Sin poisons|25/100
|-enditem|p2a: Sin poisons|Leftovers|[from] move: Knock Off|[of] p1a: All Hail the KING
|
|-weather|Sandstorm|[upkeep]
|-damage|p2a: Sin poisons|19/100|[from] Sandstorm
|-damage|p1a: All Hail the KING|70/100 tox|[from] psn
|upkeep
|turn|24
|
|t:|1779641147
|move|p2a: Sin poisons|Baneful Bunker|p2a: Sin poisons
|-singleturn|p2a: Sin poisons|move: Protect
|move|p1a: All Hail the KING|Knock Off|p2a: Sin poisons
|-activate|p2a: Sin poisons|move: Protect
|
|-weather|Sandstorm|[upkeep]
|-damage|p2a: Sin poisons|12/100|[from] Sandstorm
|-damage|p1a: All Hail the KING|51/100 tox|[from] psn
|upkeep
|turn|25
|
|t:|1779641151
|switch|p1a: The Dragon|Hydrapple, F|100/100
|-damage|p1a: The Dragon|88/100|[from] Stealth Rock
|switch|p2a: Chesnaught|Chesnaught, F|41/100
|-damage|p2a: Chesnaught|35/100|[from] Stealth Rock
|
|-weather|Sandstorm|[upkeep]
|-damage|p2a: Chesnaught|29/100|[from] Sandstorm
|-damage|p1a: The Dragon|82/100|[from] Sandstorm
|upkeep
|turn|26
|
|t:|1779641161
|move|p2a: Chesnaught|Knock Off|p1a: The Dragon
|-crit|p1a: The Dragon
|-damage|p1a: The Dragon|64/100
|-damage|p2a: Chesnaught|12/100|[from] item: Rocky Helmet|[of] p1a: The Dragon
|-enditem|p1a: The Dragon|Rocky Helmet|[from] move: Knock Off|[of] p2a: Chesnaught
|move|p1a: The Dragon|Nasty Plot|p1a: The Dragon
|-boost|p1a: The Dragon|spa|2
|
|-weather|none
|upkeep
|turn|27
|
|t:|1779641168
|move|p2a: Chesnaught|Spiky Shield|p2a: Chesnaught
|-singleturn|p2a: Chesnaught|move: Protect
|move|p1a: The Dragon|Giga Drain|p2a: Chesnaught
|-activate|p2a: Chesnaught|move: Protect
|
|upkeep
|turn|28
|
|t:|1779641172
|move|p2a: Chesnaught|Knock Off|p1a: The Dragon
|-damage|p1a: The Dragon|54/100
|move|p1a: The Dragon|Earth Power|p2a: Chesnaught
|-resisted|p2a: Chesnaught
|-damage|p2a: Chesnaught|0 fnt
|faint|p2a: Chesnaught
|
|upkeep
|
|t:|1779641179
|switch|p2a: Forgive|Salazzle, F|100/100
|-damage|p2a: Forgive|88/100|[from] Stealth Rock
|-start|p2a: Forgive|typechange|Flying|[silent]
|turn|29
|
|t:|1779641187
|switch|p1a: Castle|Garganacl, M|85/100
|-damage|p1a: Castle|72/100|[from] Stealth Rock
|move|p2a: Forgive|Hyper Voice|p1a: Castle
|-resisted|p1a: Castle
|-damage|p1a: Castle|56/100
|
|upkeep
|turn|30
|-message|pepinoloko forfeited.
|
|win|Orkaros
|raw|Orkaros's rating: 1435 &rarr; <strong>1454</strong><br />(+19 for winning)
|raw|pepinoloko's rating: 1413 &rarr; <strong>1394</strong><br />(-19 for losing)
|l|☆pepinoloko
|player|p2|
|l|☆Orkaros
|player|p1|
