|j|☆Chjdjdjskskkk
|j|☆Spashtm
|t:|1779610533
|gametype|singles
|player|p1|Chjdjdjskskkk|1|1070
|player|p2|Spashtm|cress|1065
|gen|9
|tier|[Gen 9] OU
|rated|
|rule|HP Percentage Mod: HP is shown in percentages
|rule|Endless Battle Clause: Forcing endless battles is banned
|rule|Species Clause: Limit one of each Pokémon
|rule|OHKO Clause: OHKO moves are banned
|rule|Evasion Items Clause: Evasion items are banned
|rule|Evasion Moves Clause: Evasion moves are banned
|rule|Evasion Abilities Clause: Evasion abilities are banned
|rule|Sleep Moves Clause: Sleep-inducing moves are banned
|clearpoke
|poke|p1|Lokix, M|
|poke|p1|Cinderace, M|
|poke|p1|Great Tusk|
|poke|p1|Alomomola, M|
|poke|p1|Enamorus, F|
|poke|p1|Slowking-Galar, M|
|poke|p2|Mienshao, M|
|poke|p2|Greninja-*, M|
|poke|p2|Brambleghast, F|
|poke|p2|Masquerain, M|
|poke|p2|Meloetta|
|poke|p2|Heatran, M|
|teampreview
|inactive|Battle timer is ON: inactive players will automatically lose when time's up. (requested by Chjdjdjskskkk)
|
|t:|1779610539
|teamsize|p1|6
|teamsize|p2|6
|start
|switch|p1a: Enamorus|Enamorus, F|100/100
|switch|p2a: Masquerain|Masquerain, M|100/100
|-ability|p2a: Masquerain|Intimidate|boost
|-boost|p1a: Enamorus|atk|1
|turn|1
|
|t:|1779610549
|move|p1a: Enamorus|Moonblast|p2a: Masquerain
|-damage|p2a: Masquerain|26/100
|move|p2a: Masquerain|Tailwind|p2a: Masquerain
|-sidestart|p2: Spashtm|move: Tailwind
|
|upkeep
|turn|2
|
|t:|1779610557
|move|p2a: Masquerain|Ice Beam|p1a: Enamorus
|-supereffective|p1a: Enamorus
|-damage|p1a: Enamorus|18/100
|move|p1a: Enamorus|Moonblast|p2a: Masquerain
|-damage|p2a: Masquerain|0 fnt
|faint|p2a: Masquerain
|
|upkeep
|
|t:|1779610566
|switch|p2a: Meloetta|Meloetta|100/100
|turn|3
|
|t:|1779610569
|switch|p1a: Lokix|Lokix, M|100/100
|move|p2a: Meloetta|Relic Song|p1a: Lokix
|-damage|p1a: Lokix|37/100
|-status|p1a: Lokix|slp|[from] move: Relic Song
|-formechange|p2a: Meloetta|Meloetta-Pirouette|[msg]
|
|upkeep
|turn|4
|
|t:|1779610581
|switch|p1a: Slowking|Slowking-Galar, M|100/100
|move|p2a: Meloetta|Play Rough|p1a: Slowking
|-resisted|p1a: Slowking
|-damage|p1a: Slowking|89/100
|
|-sideend|p2: Spashtm|move: Tailwind
|upkeep
|turn|5
|
|t:|1779610588
|move|p2a: Meloetta|U-turn|p1a: Slowking
|-damage|p1a: Slowking|72/100
|
|t:|1779610593
|switch|p2a: Heatran|Heatran, M|100/100|[from] U-turn
|move|p1a: Slowking|Sludge Bomb|p2a: Heatran
|-immune|p2a: Heatran
|
|upkeep
|turn|6
|
|t:|1779610602
|switch|p1a: Alomomola|Alomomola, M|100/100
|move|p2a: Heatran|Earth Power|p1a: Alomomola
|-damage|p1a: Alomomola|86/100
|
|upkeep
|turn|7
|
|t:|1779610608
|switch|p2a: Brambleghast|Brambleghast, F|100/100
|move|p1a: Alomomola|Flip Turn|p2a: Brambleghast
|-resisted|p2a: Brambleghast
|-damage|p2a: Brambleghast|85/100
|
|t:|1779610614
|switch|p1a: Cinderace|Cinderace, M|100/100|[from] Flip Turn
|
|upkeep
|turn|8
|
|t:|1779610623
|switch|p2a: Heatran|Heatran, M|100/100
|move|p1a: Cinderace|Pyro Ball|p2a: Heatran
|-damage|p2a: Heatran|54/100
|
|upkeep
|turn|9
|
|t:|1779610629
|move|p2a: Heatran|Earth Power|p1a: Cinderace
|-supereffective|p1a: Cinderace
|-damage|p1a: Cinderace|25/100
|-unboost|p1a: Cinderace|spd|1
|move|p1a: Cinderace|U-turn|p2a: Heatran
|-resisted|p2a: Heatran
|-damage|p2a: Heatran|49/100
|
|t:|1779610636
|switch|p1a: Enamorus|Enamorus, F|18/100|[from] U-turn
|
|upkeep
|turn|10
|
|t:|1779610642
|switch|p2a: Meloetta|Meloetta|100/100
|move|p1a: Enamorus|Moonblast|p2a: Meloetta
|-damage|p2a: Meloetta|68/100
|
|upkeep
|turn|11
|
|t:|1779610649
|move|p1a: Enamorus|Moonblast|p2a: Meloetta
|-damage|p2a: Meloetta|40/100
|-unboost|p2a: Meloetta|spa|1
|move|p2a: Meloetta|Relic Song|p1a: Enamorus
|-damage|p1a: Enamorus|0 fnt
|faint|p1a: Enamorus
|-formechange|p2a: Meloetta|Meloetta-Pirouette|[msg]
|
|upkeep
|
|t:|1779610658
|switch|p1a: Slowking|Slowking-Galar, M|100/100
|turn|12
|
|t:|1779610663
|move|p2a: Meloetta|Relic Song|p1a: Slowking
|-damage|p1a: Slowking|90/100
|-formechange|p2a: Meloetta|Meloetta|[msg]
|move|p1a: Slowking|Future Sight|p2a: Meloetta
|-start|p1a: Slowking|move: Future Sight
|
|upkeep
|turn|13
|
|t:|1779610670
|move|p2a: Meloetta|Relic Song|p1a: Slowking
|-damage|p1a: Slowking|74/100
|-formechange|p2a: Meloetta|Meloetta-Pirouette|[msg]
|move|p1a: Slowking|Sludge Bomb|p2a: Meloetta
|-damage|p2a: Meloetta|11/100
|
|upkeep
|turn|14
|
|t:|1779610677
|move|p2a: Meloetta|Relic Song|p1a: Slowking
|-damage|p1a: Slowking|62/100
|-formechange|p2a: Meloetta|Meloetta|[msg]
|-prepare|p1a: Slowking|Chilly Reception|[premajor]
|move|p1a: Slowking|Chilly Reception|p1a: Slowking
|-weather|Snowscape
|
|t:|1779610684
|switch|p1a: Cinderace|Cinderace, M|25/100|[from] Chilly Reception
|
|-weather|Snowscape|[upkeep]
|-end|p2a: Meloetta|move: Future Sight
|-resisted|p2a: Meloetta
|-damage|p2a: Meloetta|0 fnt
|faint|p2a: Meloetta
|upkeep
|
|t:|1779610693
|switch|p2a: Greninja|Greninja, M|100/100
|turn|15
|
|t:|1779610702
|switch|p1a: Alomomola|Alomomola, M|100/100
|move|p2a: Greninja|Dark Pulse|p1a: Alomomola
|-damage|p1a: Alomomola|83/100
|
|-weather|Snowscape|[upkeep]
|upkeep
|turn|16
|
|t:|1779610712
|move|p2a: Greninja|Dark Pulse|p1a: Alomomola
|-damage|p1a: Alomomola|64/100
|move|p1a: Alomomola|Flip Turn|p2a: Greninja
|-resisted|p2a: Greninja
|-damage|p2a: Greninja|86/100
|
|t:|1779610720
|switch|p1a: Slowking|Slowking-Galar, M|95/100|[from] Flip Turn
|
|-weather|Snowscape|[upkeep]
|upkeep
|turn|17
|
|t:|1779610724
|switch|p1a: Alomomola|Alomomola, M|98/100
|move|p2a: Greninja|Dark Pulse|p1a: Alomomola
|-damage|p1a: Alomomola|80/100
|
|-weather|Snowscape|[upkeep]
|upkeep
|turn|18
|-message|Spashtm forfeited.
|
|win|Chjdjdjskskkk
|raw|Chjdjdjskskkk's rating: 1070 &rarr; <strong>1099</strong><br />(+29 for winning)
|raw|Spashtm's rating: 1065 &rarr; <strong>1046</strong><br />(-19 for losing)
|l|☆Spashtm
|player|p2|
|l|☆Chjdjdjskskkk
|player|p1|
