|j|☆Durianelite
|j|☆totally ligit
|t:|1779647903
|gametype|singles
|player|p1|Durianelite|266|1423
|player|p2|totally ligit|266|1431
|gen|9
|tier|[Gen 9] OU
|rated|
|rule|HP Percentage Mod: HP is shown in percentages
|rule|Endless Battle Clause: Forcing endless battles is banned
|rule|Species Clause: Limit one of each Pokémon
|rule|OHKO Clause: OHKO moves are banned
|rule|Evasion Items Clause: Evasion items are banned
|rule|Evasion Moves Clause: Evasion moves are banned
|rule|Evasion Abilities Clause: Evasion abilities are banned
|rule|Sleep Moves Clause: Sleep-inducing moves are banned
|clearpoke
|poke|p1|Toxtricity, M|
|poke|p1|Noivern, F|
|poke|p1|Excadrill, F|
|poke|p1|Slowking, M|
|poke|p1|Lokix, M|
|poke|p1|Ogerpon, F|
|poke|p2|Dragapult, F|
|poke|p2|Maushold-Four|
|poke|p2|Meowscarada, F|
|poke|p2|Walking Wake|
|poke|p2|Weezing-Galar, F|
|poke|p2|Magnezone|
|teampreview
|inactive|Battle timer is ON: inactive players will automatically lose when time's up. (requested by Durianelite)
|inactive|totally ligit also wants the timer to be on.
|
|t:|1779647916
|teamsize|p1|6
|teamsize|p2|6
|start
|switch|p1a: Noivern|Noivern, F|100/100
|switch|p2a: Magnezone|Magnezone|100/100
|-item|p2a: Magnezone|Choice Specs|[from] ability: Frisk|[of] p1a: Noivern
|turn|1
|
|t:|1779647920
|move|p1a: Noivern|Focus Blast|p2a: Magnezone
|-supereffective|p2a: Magnezone
|-damage|p2a: Magnezone|0 fnt
|faint|p2a: Magnezone
|
|upkeep
|
|t:|1779647926
|switch|p2a: Meowscarada|Meowscarada, F|100/100
|turn|2
|
|t:|1779647934
|move|p2a: Meowscarada|Triple Axel|p1a: Noivern
|-start|p2a: Meowscarada|typechange|Ice|[from] ability: Protean
|-supereffective|p1a: Noivern
|-damage|p1a: Noivern|53/100
|-supereffective|p1a: Noivern
|-damage|p1a: Noivern|0 fnt
|faint|p1a: Noivern
|-hitcount|p1: Noivern|2
|
|upkeep
|
|t:|1779647938
|switch|p1a: Lokix|Lokix, M|100/100
|turn|3
|
|t:|1779647948
|switch|p2a: Weezing|Weezing-Galar, F|100/100
|switch|p1a: Slowking|Slowking, M|100/100
|
|upkeep
|turn|4
|
|t:|1779647961
|switch|p2a: Meowscarada|Meowscarada, F|100/100
|move|p1a: Slowking|Scald|p2a: Meowscarada
|-resisted|p2a: Meowscarada
|-damage|p2a: Meowscarada|79/100
|
|upkeep
|turn|5
|
|t:|1779647975
|move|p2a: Meowscarada|U-turn|p1a: Slowking
|-start|p2a: Meowscarada|typechange|Bug|[from] ability: Protean
|-supereffective|p1a: Slowking
|-damage|p1a: Slowking|53/100
|
|t:|1779647985
|switch|p2a: Walking Wake|Walking Wake|100/100|[from] U-turn
|-enditem|p2a: Walking Wake|Booster Energy
|-activate|p2a: Walking Wake|ability: Protosynthesis|[fromitem]
|-start|p2a: Walking Wake|protosynthesisspa
|move|p1a: Slowking|Thunder Wave|p2a: Walking Wake
|-status|p2a: Walking Wake|par
|
|upkeep
|turn|6
|
|t:|1779647990
|move|p2a: Walking Wake|Dragon Pulse|p1a: Slowking
|-damage|p1a: Slowking|5/100
|-prepare|p1a: Slowking|Chilly Reception|[premajor]
|move|p1a: Slowking|Chilly Reception|p1a: Slowking
|-weather|Snowscape
|
|t:|1779648000
|switch|p1a: Toxtricity|Toxtricity, M|100/100|[from] Chilly Reception
|
|-weather|Snowscape|[upkeep]
|upkeep
|turn|7
|
|t:|1779648006
|move|p1a: Toxtricity|Volt Switch|p2a: Walking Wake
|-crit|p2a: Walking Wake
|-damage|p2a: Walking Wake|0 fnt
|faint|p2a: Walking Wake
|-end|p2a: Walking Wake|Protosynthesis|[silent]
|
|t:|1779648010
|switch|p1a: Lokix|Lokix, M|100/100|[from] Volt Switch
|
|-weather|Snowscape|[upkeep]
|upkeep
|
|t:|1779648020
|switch|p2a: Weezing|Weezing-Galar, F|100/100
|turn|8
|
|t:|1779648023
|move|p1a: Lokix|U-turn|p2a: Weezing
|-resisted|p2a: Weezing
|-damage|p2a: Weezing|89/100
|
|t:|1779648028
|switch|p1a: Excadrill|Excadrill, F|100/100|[from] U-turn
|-ability|p1a: Excadrill|Mold Breaker
|move|p2a: Weezing|Strange Steam|p1a: Excadrill
|-resisted|p1a: Excadrill
|-damage|p1a: Excadrill|89/100
|-start|p1a: Excadrill|confusion
|
|-weather|Snowscape|[upkeep]
|-heal|p1a: Excadrill|95/100|[from] item: Leftovers
|-heal|p2a: Weezing|95/100|[from] item: Leftovers
|upkeep
|turn|9
|
|t:|1779648032
|switch|p2a: Meowscarada|Meowscarada, F|79/100
|-activate|p1a: Excadrill|confusion
|-damage|p1a: Excadrill|80/100|[from] confusion
|
|-weather|Snowscape|[upkeep]
|-heal|p1a: Excadrill|86/100|[from] item: Leftovers
|upkeep
|turn|10
|
|t:|1779648037
|move|p2a: Meowscarada|Flower Trick|p1a: Excadrill
|-start|p2a: Meowscarada|typechange|Grass|[from] ability: Protean
|-crit|p1a: Excadrill
|-damage|p1a: Excadrill|18/100
|-activate|p1a: Excadrill|confusion
|-damage|p1a: Excadrill|3/100|[from] confusion
|
|-weather|none
|-heal|p1a: Excadrill|9/100|[from] item: Leftovers
|upkeep
|turn|11
|
|t:|1779648047
|move|p2a: Meowscarada|Flower Trick|p1a: Excadrill
|-crit|p1a: Excadrill
|-damage|p1a: Excadrill|0 fnt
|faint|p1a: Excadrill
|
|upkeep
|
|t:|1779648049
|switch|p1a: Lokix|Lokix, M|100/100
|turn|12
|
|t:|1779648056
|switch|p2a: Weezing|Weezing-Galar, F|95/100
|move|p1a: Lokix|U-turn|p2a: Weezing
|-resisted|p2a: Weezing
|-damage|p2a: Weezing|84/100
|
|t:|1779648061
|switch|p1a: Toxtricity|Toxtricity, M|100/100|[from] U-turn
|
|-heal|p2a: Weezing|90/100|[from] item: Leftovers
|upkeep
|turn|13
|
|t:|1779648067
|switch|p2a: Dragapult|Dragapult, F|100/100
|move|p1a: Toxtricity|Volt Switch|p2a: Dragapult
|-resisted|p2a: Dragapult
|-damage|p2a: Dragapult|63/100
|
|t:|1779648076
|switch|p1a: Lokix|Lokix, M|100/100|[from] Volt Switch
|
|upkeep
|turn|14
|
|t:|1779648081
|move|p2a: Dragapult|Dragon Darts|p1a: Lokix
|-damage|p1a: Lokix|59/100
|-anim|p2a: Dragapult|Dragon Darts|p1a: Lokix
|-damage|p1a: Lokix|19/100
|move|p1a: Lokix|U-turn|p2a: Dragapult
|-resisted|p2a: Dragapult
|-damage|p2a: Dragapult|20/100
|
|t:|1779648092
|switch|p1a: Slowking|Slowking, M|38/100|[from] U-turn
|
|upkeep
|turn|15
|
|t:|1779648096
|move|p2a: Dragapult|Dragon Darts|p1a: Slowking
|-damage|p1a: Slowking|16/100
|-anim|p2a: Dragapult|Dragon Darts|p1a: Slowking
|-damage|p1a: Slowking|0 fnt
|faint|p1a: Slowking
|
|upkeep
|
|t:|1779648102
|switch|p1a: Lokix|Lokix, M|19/100
|turn|16
|
|t:|1779648105
|switch|p2a: Weezing|Weezing-Galar, F|90/100
|move|p1a: Lokix|Sucker Punch||[still]
|-fail|p1a: Lokix
|
|-heal|p2a: Weezing|96/100|[from] item: Leftovers
|upkeep
|turn|17
|
|t:|1779648108
|move|p1a: Lokix|U-turn|p2a: Weezing
|-resisted|p2a: Weezing
|-damage|p2a: Weezing|86/100
|
|t:|1779648110
|switch|p1a: Toxtricity|Toxtricity, M|100/100|[from] U-turn
|move|p2a: Weezing|Strange Steam|p1a: Toxtricity
|-resisted|p1a: Toxtricity
|-damage|p1a: Toxtricity|78/100
|
|-heal|p2a: Weezing|92/100|[from] item: Leftovers
|upkeep
|turn|18
|
|t:|1779648122
|switch|p2a: Bonk*10|Maushold-Four|100/100
|move|p1a: Toxtricity|Volt Switch|p2a: Bonk*10
|-damage|p2a: Bonk*10|16/100
|
|t:|1779648127
|switch|p1a: Lokix|Lokix, M|19/100|[from] Volt Switch
|
|upkeep
|turn|19
|
|t:|1779648131
|move|p1a: Lokix|First Impression|p2a: Bonk*10
|-damage|p2a: Bonk*10|0 fnt
|faint|p2a: Bonk*10
|
|upkeep
|
|t:|1779648136
|switch|p2a: Meowscarada|Meowscarada, F|79/100
|turn|20
|
|t:|1779648145
|switch|p1a: Toxtricity|Toxtricity, M|78/100
|move|p2a: Meowscarada|U-turn|p1a: Toxtricity
|-start|p2a: Meowscarada|typechange|Bug|[from] ability: Protean
|-resisted|p1a: Toxtricity
|-damage|p1a: Toxtricity|54/100
|
|t:|1779648148
|switch|p2a: Dragapult|Dragapult, F|20/100|[from] U-turn
|
|upkeep
|turn|21
|
|t:|1779648159
|switch|p1a: Ogerpon|Ogerpon, F|100/100
|move|p2a: Dragapult|Dragon Darts|p1a: Ogerpon
|-damage|p1a: Ogerpon|59/100
|-anim|p2a: Dragapult|Dragon Darts|p1a: Ogerpon
|-damage|p1a: Ogerpon|18/100
|
|upkeep
|turn|22
|
|t:|1779648172
|switch|p2a: Weezing|Weezing-Galar, F|92/100
|-terastallize|p1a: Ogerpon|Grass
|detailschange|p1a: Ogerpon|Ogerpon-Teal-Tera, F, tera:Grass
|-ability|p1a: Ogerpon|Embody Aspect (Teal)|boost
|-boost|p1a: Ogerpon|spe|1
|move|p1a: Ogerpon|U-turn|p2a: Weezing
|-resisted|p2a: Weezing
|-damage|p2a: Weezing|88/100
|
|t:|1779648180
|switch|p1a: Toxtricity|Toxtricity, M|54/100|[from] U-turn
|
|-heal|p2a: Weezing|94/100|[from] item: Leftovers
|upkeep
|turn|23
|
|t:|1779648196
|switch|p2a: Dragapult|Dragapult, F|20/100
|move|p1a: Toxtricity|Overdrive|p2a: Dragapult
|-resisted|p2a: Dragapult
|-damage|p2a: Dragapult|0 fnt
|faint|p2a: Dragapult
|
|upkeep
|
|t:|1779648199
|switch|p2a: Meowscarada|Meowscarada, F|79/100
|turn|24
|c|☆totally ligit|!dt Overdrive
|c|☆totally ligit|/raw <ul class="utilichart"><li class="result"><span class="col movenamecol"><a href="https://dex.pokemonshowdown.com/moves/overdrive">Overdrive</a></span> <span class="col typecol"><img src="//play.pokemonshowdown.com/sprites/types/Electric.png" alt="Electric" width="32" height="14"><img src="//play.pokemonshowdown.com/sprites/categories/Special.png" alt="Special" width="32" height="14"></span> <span class="col labelcol"><em>Power</em><br>80</span> <span class="col widelabelcol"><em>Accuracy</em><br>100%</span> <span class="col pplabelcol"><em>PP</em><br>16</span> <span class="col movedesccol">No additional effect. Hits foe(s).</span> </li><li style="clear:both"></li></ul>
|c|☆totally ligit|/raw <font size="1"><font color="#686868">Priority:</font> 0&nbsp;|&ThickSpace;<font color="#686868">Gen:</font> 8&nbsp;|&ThickSpace;&#10003; Sound&nbsp;|&ThickSpace;&#10003; Bypasses Substitutes&nbsp;|&ThickSpace;<font color="#686868">Z-Power:</font> 160&nbsp;|&ThickSpace;<font color="#686868">Target:</font> All Adjacent Opponents</font>

|
|t:|1779648215
|switch|p1a: Ogerpon|Ogerpon-Teal-Tera, F, tera:Grass|18/100
|-ability|p1a: Ogerpon|Embody Aspect (Teal)|boost
|-boost|p1a: Ogerpon|spe|1
|move|p2a: Meowscarada|Knock Off|p1a: Ogerpon
|-start|p2a: Meowscarada|typechange|Dark|[from] ability: Protean
|-crit|p1a: Ogerpon
|-damage|p1a: Ogerpon|0 fnt
|-enditem|p1a: Ogerpon|Heavy-Duty Boots|[from] move: Knock Off|[of] p2a: Meowscarada
|faint|p1a: Ogerpon
|detailschange|p1: Ogerpon|Ogerpon, F|[silent]
|
|upkeep
|
|t:|1779648222
|switch|p1a: Lokix|Lokix, M|19/100
|turn|25
|
|t:|1779648229
|move|p1a: Lokix|First Impression|p2a: Meowscarada
|-supereffective|p2a: Meowscarada
|-damage|p2a: Meowscarada|0 fnt
|faint|p2a: Meowscarada
|
|upkeep
|
|t:|1779648231
|switch|p2a: Weezing|Weezing-Galar, F|94/100
|turn|26
|
|t:|1779648237
|move|p1a: Lokix|Knock Off|p2a: Weezing
|-resisted|p2a: Weezing
|-damage|p2a: Weezing|63/100
|-enditem|p2a: Weezing|Leftovers|[from] move: Knock Off|[of] p1a: Lokix
|move|p2a: Weezing|Strange Steam|p1a: Lokix
|-supereffective|p1a: Lokix
|-damage|p1a: Lokix|0 fnt
|faint|p1a: Lokix
|
|upkeep
|
|t:|1779648242
|switch|p1a: Toxtricity|Toxtricity, M|54/100
|turn|27
|
|t:|1779648256
|move|p1a: Toxtricity|Overdrive|p2a: Weezing
|-crit|p2a: Weezing
|-damage|p2a: Weezing|0 fnt
|faint|p2a: Weezing
|
|win|Durianelite
|raw|Durianelite's rating: 1423 &rarr; <strong>1443</strong><br />(+20 for winning)
|raw|totally ligit's rating: 1431 &rarr; <strong>1411</strong><br />(-20 for losing)
|l|☆totally ligit
|player|p2|
|l|☆Durianelite
|player|p1|
