|j|☆npctypebeat
|j|☆senior_pickle_luka
|t:|1779590855
|gametype|singles
|player|p1|npctypebeat|2|1113
|player|p2|senior_pickle_luka|red|1199
|gen|9
|tier|[Gen 9] OU
|rated|
|rule|HP Percentage Mod: HP is shown in percentages
|rule|Endless Battle Clause: Forcing endless battles is banned
|rule|Species Clause: Limit one of each Pokémon
|rule|OHKO Clause: OHKO moves are banned
|rule|Evasion Items Clause: Evasion items are banned
|rule|Evasion Moves Clause: Evasion moves are banned
|rule|Evasion Abilities Clause: Evasion abilities are banned
|rule|Sleep Moves Clause: Sleep-inducing moves are banned
|clearpoke
|poke|p1|Gliscor, F|
|poke|p1|Ogerpon, F|
|poke|p1|Walking Wake|
|poke|p1|Blissey, F|
|poke|p1|Corviknight, M|
|poke|p1|Pecharunt|
|poke|p2|Dragonite, F|
|poke|p2|Quaquaval, F|
|poke|p2|Gliscor, M|
|poke|p2|Gyarados, F|
|poke|p2|Entei|
|poke|p2|Gholdengo|
|teampreview
|c|☆npctypebeat|hf
|
|t:|1779590881
|teamsize|p1|6
|teamsize|p2|6
|start
|switch|p1a: Gliscor|Gliscor, F|100/100
|switch|p2a: Dragonite|Dragonite, F|100/100
|turn|1
|inactive|Battle timer is ON: inactive players will automatically lose when time's up. (requested by npctypebeat)
|
|t:|1779590896
|move|p2a: Dragonite|Dragon Dance|p2a: Dragonite
|-boost|p2a: Dragonite|atk|1
|-boost|p2a: Dragonite|spe|1
|move|p1a: Gliscor|Toxic|p2a: Dragonite
|-status|p2a: Dragonite|tox
|
|-damage|p2a: Dragonite|94/100 tox|[from] psn
|-status|p1a: Gliscor|tox|[from] item: Toxic Orb
|upkeep
|turn|2
|
|t:|1779590913
|switch|p1a: Blissey|Blissey, F|100/100
|move|p2a: Dragonite|Outrage|p1a: Blissey
|-damage|p1a: Blissey|0 fnt
|faint|p1a: Blissey
|
|-damage|p2a: Dragonite|82/100 tox|[from] psn
|upkeep
|inactive|npctypebeat has 120 seconds left.
|
|t:|1779590938
|switch|p1a: Pecharunt|Pecharunt|100/100
|turn|3
|inactive|npctypebeat has 120 seconds left.
|
|t:|1779590976
|move|p2a: Dragonite|Outrage|p1a: Pecharunt|[from] lockedmove
|-damage|p1a: Pecharunt|51/100
|move|p1a: Pecharunt|Foul Play|p2a: Dragonite
|-damage|p2a: Dragonite|18/100 tox
|
|-damage|p2a: Dragonite|0 fnt|[from] psn
|faint|p2a: Dragonite
|upkeep
|
|t:|1779590987
|switch|p2a: Entei|Entei|100/100
|turn|4
|
|t:|1779590990
|switch|p1a: Walking Wake|Walking Wake|100/100
|move|p2a: Entei|Calm Mind|p2a: Entei
|-boost|p2a: Entei|spa|1
|-boost|p2a: Entei|spd|1
|
|upkeep
|turn|5
|
|t:|1779590996
|move|p1a: Walking Wake|Surf|p2a: Entei
|-supereffective|p2a: Entei
|-damage|p2a: Entei|48/100
|move|p2a: Entei|Will-O-Wisp|p1a: Walking Wake
|-status|p1a: Walking Wake|brn
|
|-heal|p2a: Entei|54/100|[from] item: Leftovers
|-damage|p1a: Walking Wake|94/100 brn|[from] brn
|upkeep
|turn|6
|inactive|npctypebeat has 120 seconds left.
|
|t:|1779591030
|move|p1a: Walking Wake|Surf|p2a: Entei
|-supereffective|p2a: Entei
|-damage|p2a: Entei|4/100
|move|p2a: Entei|Extrasensory|p1a: Walking Wake
|-damage|p1a: Walking Wake|69/100 brn
|
|-heal|p2a: Entei|10/100|[from] item: Leftovers
|-damage|p1a: Walking Wake|63/100 brn|[from] brn
|upkeep
|turn|7
|
|t:|1779591045
|move|p1a: Walking Wake|Surf|p2a: Entei
|-supereffective|p2a: Entei
|-damage|p2a: Entei|0 fnt
|faint|p2a: Entei
|
|-damage|p1a: Walking Wake|57/100 brn|[from] brn
|upkeep
|
|t:|1779591061
|switch|p2a: Quaquaval|Quaquaval, F|100/100
|turn|8
|
|t:|1779591086
|-end|p1a: Walking Wake|Protosynthesis|[silent]
|switch|p1a: Ogerpon|Ogerpon, F|100/100
|move|p2a: Quaquaval|Bulk Up|p2a: Quaquaval
|-boost|p2a: Quaquaval|atk|1
|-boost|p2a: Quaquaval|def|1
|
|upkeep
|turn|9
|
|t:|1779591093
|move|p1a: Ogerpon|Ivy Cudgel|p2a: Quaquaval
|-supereffective|p2a: Quaquaval
|-damage|p2a: Quaquaval|13/100
|move|p2a: Quaquaval|Triple Axel|p1a: Ogerpon
|-supereffective|p1a: Ogerpon
|-damage|p1a: Ogerpon|77/100
|-supereffective|p1a: Ogerpon
|-crit|p1a: Ogerpon
|-damage|p1a: Ogerpon|19/100
|-hitcount|p1a: Ogerpon|2
|
|-heal|p2a: Quaquaval|19/100|[from] item: Leftovers
|upkeep
|turn|10
|
|t:|1779591113
|move|p1a: Ogerpon|Ivy Cudgel|p2a: Quaquaval
|-supereffective|p2a: Quaquaval
|-damage|p2a: Quaquaval|0 fnt
|faint|p2a: Quaquaval
|
|upkeep
|
|t:|1779591118
|switch|p2a: Gliscor|Gliscor, M|100/100
|turn|11
|
|t:|1779591124
|move|p1a: Ogerpon|U-turn|p2a: Gliscor
|-resisted|p2a: Gliscor
|-damage|p2a: Gliscor|90/100
|
|t:|1779591133
|switch|p1a: Pecharunt|Pecharunt|51/100|[from] U-turn
|move|p2a: Gliscor|Swords Dance|p2a: Gliscor
|-boost|p2a: Gliscor|atk|2
|
|-status|p2a: Gliscor|tox|[from] item: Toxic Orb
|upkeep
|turn|12
|
|t:|1779591140
|move|p2a: Gliscor|Earthquake|p1a: Pecharunt
|-supereffective|p1a: Pecharunt
|-damage|p1a: Pecharunt|0 fnt
|faint|p1a: Pecharunt
|
|-heal|p2a: Gliscor|100/100 tox|[from] ability: Poison Heal
|upkeep
|inactive|npctypebeat has 120 seconds left.
|
|t:|1779591151
|switch|p1a: Walking Wake|Walking Wake|57/100 brn
|turn|13
|inactive|npctypebeat has 120 seconds left.
|
|t:|1779591171
|move|p1a: Walking Wake|Surf|p2a: Gliscor
|-supereffective|p2a: Gliscor
|-damage|p2a: Gliscor|11/100 tox
|move|p2a: Gliscor|Facade|p1a: Walking Wake
|-damage|p1a: Walking Wake|0 fnt
|faint|p1a: Walking Wake
|-end|p1a: Walking Wake|Protosynthesis|[silent]
|
|-heal|p2a: Gliscor|24/100 tox|[from] ability: Poison Heal
|upkeep
|
|t:|1779591189
|switch|p1a: Ogerpon|Ogerpon, F|19/100
|turn|14
|
|t:|1779591194
|move|p1a: Ogerpon|Ivy Cudgel|p2a: Gliscor
|-damage|p2a: Gliscor|0 fnt
|faint|p2a: Gliscor
|
|upkeep
|
|t:|1779591201
|switch|p2a: Gholdengo|Gholdengo|100/100
|-item|p2a: Gholdengo|Air Balloon
|turn|15
|
|t:|1779591206
|move|p1a: Ogerpon|Ivy Cudgel|p2a: Gholdengo
|-resisted|p2a: Gholdengo
|-damage|p2a: Gholdengo|72/100
|-enditem|p2a: Gholdengo|Air Balloon
|move|p2a: Gholdengo|Flash Cannon|p1a: Ogerpon
|-damage|p1a: Ogerpon|0 fnt
|faint|p1a: Ogerpon
|
|upkeep
|inactive|npctypebeat has 120 seconds left.
|
|t:|1779591225
|switch|p1a: Gliscor|Gliscor, F|100/100 tox
|turn|16
|
|t:|1779591242
|move|p2a: Gholdengo|Shadow Ball|p1a: Gliscor
|-damage|p1a: Gliscor|61/100 tox
|move|p1a: Gliscor|Earthquake|p2a: Gholdengo
|-supereffective|p2a: Gholdengo
|-damage|p2a: Gholdengo|1/100
|
|-heal|p1a: Gliscor|74/100 tox|[from] ability: Poison Heal
|upkeep
|turn|17
|
|t:|1779591253
|move|p2a: Gholdengo|Shadow Ball|p1a: Gliscor
|-damage|p1a: Gliscor|39/100 tox
|move|p1a: Gliscor|Earthquake|p2a: Gholdengo
|-supereffective|p2a: Gholdengo
|-damage|p2a: Gholdengo|0 fnt
|faint|p2a: Gholdengo
|
|-heal|p1a: Gliscor|51/100 tox|[from] ability: Poison Heal
|upkeep
|
|t:|1779591261
|switch|p2a: Gyarados|Gyarados, F, shiny|100/100
|turn|18
|
|t:|1779591273
|move|p2a: Gyarados|Dragon Dance|p2a: Gyarados
|-boost|p2a: Gyarados|atk|1
|-boost|p2a: Gyarados|spe|1
|move|p1a: Gliscor|Toxic|p2a: Gyarados
|-status|p2a: Gyarados|tox
|
|-damage|p2a: Gyarados|94/100 tox|[from] psn
|-heal|p1a: Gliscor|64/100 tox|[from] ability: Poison Heal
|upkeep
|turn|19
|
|t:|1779591281
|switch|p1a: Corviknight|Corviknight, M|100/100
|-ability|p1a: Corviknight|Pressure
|move|p2a: Gyarados|Ice Fang|p1a: Corviknight
|-damage|p1a: Corviknight|78/100
|
|-damage|p2a: Gyarados|82/100 tox|[from] psn
|upkeep
|turn|20
|inactive|npctypebeat has 120 seconds left.
|
|t:|1779591316
|move|p2a: Gyarados|Waterfall|p1a: Corviknight
|-crit|p1a: Corviknight
|-damage|p1a: Corviknight|16/100
|cant|p1a: Corviknight|flinch
|
|-damage|p2a: Gyarados|64/100 tox|[from] psn
|upkeep
|turn|21
|
|t:|1779591325
|move|p2a: Gyarados|Waterfall|p1a: Corviknight
|-damage|p1a: Corviknight|0 fnt
|faint|p1a: Corviknight
|-ability|p2a: Gyarados|Moxie|boost
|-boost|p2a: Gyarados|atk|1
|
|-damage|p2a: Gyarados|40/100 tox|[from] psn
|upkeep
|
|t:|1779591331
|switch|p1a: Gliscor|Gliscor, F|64/100 tox
|turn|22
|
|t:|1779591335
|move|p1a: Gliscor|Protect|p1a: Gliscor
|-singleturn|p1a: Gliscor|Protect
|move|p2a: Gyarados|Ice Fang|p1a: Gliscor
|-activate|p1a: Gliscor|move: Protect
|
|-damage|p2a: Gyarados|10/100 tox|[from] psn
|-heal|p1a: Gliscor|76/100 tox|[from] ability: Poison Heal
|upkeep
|turn|23
|
|t:|1779591343
|move|p1a: Gliscor|Protect|p1a: Gliscor
|-singleturn|p1a: Gliscor|Protect
|move|p2a: Gyarados|Ice Fang|p1a: Gliscor
|-activate|p1a: Gliscor|move: Protect
|
|-damage|p2a: Gyarados|0 fnt|[from] psn
|faint|p2a: Gyarados
|
|win|npctypebeat
|raw|npctypebeat's rating: 1134 &rarr; <strong>1164</strong><br />(+30 for winning)
|raw|senior_pickle_luka's rating: 1199 &rarr; <strong>1169</strong><br />(-30 for losing)
|c|☆npctypebeat|gg
