|j|☆txghsfgh
|j|☆zarkivexy
|t:|1779724918
|gametype|singles
|player|p1|txghsfgh|170|1000
|player|p2|zarkivexy|clair|1042
|gen|9
|tier|[Gen 9] OU
|rated|
|rule|HP Percentage Mod: HP is shown in percentages
|rule|Endless Battle Clause: Forcing endless battles is banned
|rule|Species Clause: Limit one of each Pokémon
|rule|OHKO Clause: OHKO moves are banned
|rule|Evasion Items Clause: Evasion items are banned
|rule|Evasion Moves Clause: Evasion moves are banned
|rule|Evasion Abilities Clause: Evasion abilities are banned
|rule|Sleep Moves Clause: Sleep-inducing moves are banned
|clearpoke
|poke|p1|Blaziken, F|
|poke|p1|Raging Bolt|
|poke|p1|Tornadus-Therian, M|
|poke|p1|Primarina, M|
|poke|p1|Tyranitar, M|
|poke|p1|Polteageist|
|poke|p2|Ogerpon-Wellspring, F|
|poke|p2|Ceruledge, M|
|poke|p2|Gastrodon, M|
|poke|p2|Scizor, M|
|poke|p2|Incineroar, M|
|poke|p2|Iron Valiant|
|teampreview
|inactive|Battle timer is ON: inactive players will automatically lose when time's up. (requested by zarkivexy)
|c|☆zarkivexy|brah
|
|t:|1779724927
|teamsize|p1|6
|teamsize|p2|6
|start
|switch|p1a: Polteageist|Polteageist|100/100
|switch|p2a: Incineroar|Incineroar, M, shiny|100/100
|-ability|p2a: Incineroar|Intimidate|boost
|-unboost|p1a: Polteageist|atk|1
|turn|1
|c|☆zarkivexy|DARKEST LARIII
|
|t:|1779724946
|switch|p1a: Blaziken|Blaziken, F|100/100
|move|p2a: Incineroar|Sunny Day|p2a: Incineroar
|-weather|SunnyDay
|
|-weather|SunnyDay|[upkeep]
|upkeep
|turn|2
|c|☆zarkivexy|or fake out first
|
|t:|1779724954
|move|p1a: Blaziken|Earthquake|p2a: Incineroar
|-supereffective|p2a: Incineroar
|-damage|p2a: Incineroar|37/100
|move|p2a: Incineroar|Parting Shot|p1a: Blaziken
|-unboost|p1a: Blaziken|atk|1
|-unboost|p1a: Blaziken|spa|1
|
|t:|1779724974
|switch|p2a: Scizor|Scizor, M|100/100|[from] Parting Shot
|
|-weather|SunnyDay|[upkeep]
|-ability|p1a: Blaziken|Speed Boost|boost
|-boost|p1a: Blaziken|spe|1
|upkeep
|turn|3
|
|t:|1779724982
|switch|p2a: Ceruledge|Ceruledge, M|100/100
|move|p1a: Blaziken|Flare Blitz|p2a: Ceruledge
|-start|p2a: Ceruledge|ability: Flash Fire
|
|-weather|SunnyDay|[upkeep]
|-ability|p1a: Blaziken|Speed Boost|boost
|-boost|p1a: Blaziken|spe|1
|upkeep
|turn|4
|
|t:|1779724998
|-terastallize|p2a: Ceruledge|Fire
|move|p1a: Blaziken|Earthquake|p2a: Ceruledge
|-supereffective|p2a: Ceruledge
|-damage|p2a: Ceruledge|39/100
|move|p2a: Ceruledge|Bitter Blade|p1a: Blaziken
|-resisted|p1a: Blaziken
|-damage|p1a: Blaziken|0 fnt
|-heal|p2a: Ceruledge|88/100|[from] drain|[of] p1a: Blaziken
|faint|p1a: Blaziken
|
|-weather|SunnyDay|[upkeep]
|upkeep
|
|t:|1779725009
|switch|p1a: Primarina|Primarina, M|100/100
|turn|5
|
|t:|1779725014
|move|p2a: Ceruledge|Bitter Blade|p1a: Primarina
|-resisted|p1a: Primarina
|-crit|p1a: Primarina
|-damage|p1a: Primarina|0 fnt
|-heal|p2a: Ceruledge|100/100|[from] drain|[of] p1a: Primarina
|faint|p1a: Primarina
|
|-weather|SunnyDay|[upkeep]
|upkeep
|
|t:|1779725023
|switch|p1a: Tyranitar|Tyranitar, M|100/100
|-ability|p1a: Tyranitar|Unnerve
|turn|6
|
|t:|1779725028
|move|p2a: Ceruledge|Bitter Blade|p1a: Tyranitar
|-resisted|p1a: Tyranitar
|-crit|p1a: Tyranitar
|-damage|p1a: Tyranitar|0 fnt
|faint|p1a: Tyranitar
|
|-weather|SunnyDay|[upkeep]
|upkeep
|c|☆zarkivexy|da,mn
|
|t:|1779725037
|switch|p1a: Polteageist|Polteageist|100/100
|turn|7
|
|t:|1779725042
|move|p2a: Ceruledge|Bitter Blade|p1a: Polteageist
|-damage|p1a: Polteageist|0 fnt
|faint|p1a: Polteageist
|
|-weather|SunnyDay|[upkeep]
|upkeep
|
|t:|1779725048
|switch|p1a: Tornadus|Tornadus-Therian, M|100/100
|turn|8
|
|t:|1779725055
|move|p2a: Ceruledge|Bitter Blade|p1a: Tornadus
|-damage|p1a: Tornadus|0 fnt
|faint|p1a: Tornadus
|
|-weather|none
|upkeep
|
|t:|1779725058
|switch|p1a: Raging Bolt|Raging Bolt|100/100
|-enditem|p1a: Raging Bolt|Booster Energy
|-activate|p1a: Raging Bolt|ability: Protosynthesis|[fromitem]
|-start|p1a: Raging Bolt|protosynthesisspa
|turn|9
|c|☆zarkivexy|crazy
|
|t:|1779725066
|move|p2a: Ceruledge|Bitter Blade|p1a: Raging Bolt
|-resisted|p1a: Raging Bolt
|-damage|p1a: Raging Bolt|49/100
|move|p1a: Raging Bolt|Thunderbolt|p2a: Ceruledge
|-damage|p2a: Ceruledge|32/100
|
|upkeep
|turn|10
|c|☆zarkivexy|gg
|-message|txghsfgh forfeited.
|
|win|zarkivexy
|raw|txghsfgh's rating: 1000 &rarr; <strong>1000</strong><br />(+0 for losing)
|raw|zarkivexy's rating: 1042 &rarr; <strong>1072</strong><br />(+30 for winning)
|l|☆txghsfgh
|player|p1|
