|j|☆Suck dat sht
|j|☆patj17
|t:|1779557154
|gametype|singles
|player|p1|Suck dat sht|caitlin|1430
|player|p2|patj17|shadowtriad|1391
|gen|9
|tier|[Gen 9] OU
|rated|
|rule|HP Percentage Mod: HP is shown in percentages
|rule|Endless Battle Clause: Forcing endless battles is banned
|rule|Species Clause: Limit one of each Pokémon
|rule|OHKO Clause: OHKO moves are banned
|rule|Evasion Items Clause: Evasion items are banned
|rule|Evasion Moves Clause: Evasion moves are banned
|rule|Evasion Abilities Clause: Evasion abilities are banned
|rule|Sleep Moves Clause: Sleep-inducing moves are banned
|clearpoke
|poke|p1|Ninetales, F|
|poke|p1|Glaceon, F|
|poke|p1|Hatterene, F|
|poke|p1|Leafeon, M|
|poke|p1|Great Tusk|
|poke|p1|Walking Wake|
|poke|p2|Primarina, M|
|poke|p2|Great Tusk|
|poke|p2|Enamorus, F|
|poke|p2|Slowking-Galar, M|
|poke|p2|Ogerpon, F|
|poke|p2|Kingambit, M|
|teampreview
|inactive|Battle timer is ON: inactive players will automatically lose when time's up. (requested by patj17)
|
|t:|1779557172
|teamsize|p1|6
|teamsize|p2|6
|start
|switch|p1a: Kurama|Ninetales, F|100/100
|switch|p2a: Enamorus|Enamorus, F, shiny|100/100
|-weather|SunnyDay|[from] ability: Drought|[of] p1a: Kurama
|turn|1
|
|t:|1779557193
|switch|p1a: Marin|Hatterene, F|100/100
|move|p2a: Enamorus|Earth Power|p1a: Marin
|-damage|p1a: Marin|67/100
|-enditem|p1a: Marin|Eject Button
|
|t:|1779557212
|switch|p1a: Michael Jordan|Walking Wake|100/100
|-activate|p1a: Michael Jordan|ability: Protosynthesis
|-start|p1a: Michael Jordan|protosynthesisspe
|
|-weather|SunnyDay|[upkeep]
|upkeep
|turn|2
|
|t:|1779557224
|switch|p2a: Slowking|Slowking-Galar, M, shiny|100/100
|move|p1a: Michael Jordan|Hydro Steam|p2a: Slowking
|-damage|p2a: Slowking|62/100
|
|-weather|SunnyDay|[upkeep]
|upkeep
|turn|3
|
|t:|1779557247
|move|p1a: Michael Jordan|Flip Turn|p2a: Slowking
|-damage|p2a: Slowking|56/100
|
|t:|1779557250
|-end|p1a: Michael Jordan|Protosynthesis|[silent]
|switch|p1a: Marin|Hatterene, F|67/100|[from] Flip Turn
|move|p2a: Slowking|Sludge Bomb|p1a: Marin
|-supereffective|p1a: Marin
|-damage|p1a: Marin|5/100
|
|-weather|SunnyDay|[upkeep]
|upkeep
|turn|4
|
|t:|1779557266
|switch|p2a: Kingambit|Kingambit, M, shiny|100/100
|move|p1a: Marin|Healing Wish|p1a: Marin
|faint|p1a: Marin
|
|-weather|SunnyDay|[upkeep]
|upkeep
|
|t:|1779557271
|switch|p1a: Reyna|Glaceon, F, shiny|100/100
|turn|5
|
|t:|1779557282
|-end|p2a: Kingambit|fallenundefined|[silent]
|switch|p2a: Slowking|Slowking-Galar, M, shiny|89/100
|move|p1a: Reyna|Weather Ball|p2a: Slowking
|-damage|p2a: Slowking|57/100
|
|-weather|SunnyDay|[upkeep]
|upkeep
|turn|6
|
|t:|1779557289
|-terastallize|p1a: Reyna|Ground
|move|p1a: Reyna|Mud-Slap|p2a: Slowking
|-supereffective|p2a: Slowking
|-damage|p2a: Slowking|11/100
|-unboost|p2a: Slowking|accuracy|1
|move|p2a: Slowking|Flamethrower|p1a: Reyna
|-damage|p1a: Reyna|57/100
|
|-weather|SunnyDay|[upkeep]
|upkeep
|turn|7
|
|t:|1779557302
|switch|p2a: Ogerpon|Ogerpon, F|100/100
|move|p1a: Reyna|Freeze-Dry|p2a: Ogerpon
|-supereffective|p2a: Ogerpon
|-damage|p2a: Ogerpon|0 fnt
|faint|p2a: Ogerpon
|
|-weather|SunnyDay|[upkeep]
|upkeep
|
|t:|1779557314
|switch|p2a: Primarina|Primarina, M, shiny|100/100
|turn|8
|
|t:|1779557329
|switch|p1a: Vessel|Leafeon, M|100/100
|move|p2a: Primarina|Substitute|p2a: Primarina
|-start|p2a: Primarina|Substitute
|-damage|p2a: Primarina|76/100
|
|-weather|none
|-heal|p2a: Primarina|82/100|[from] item: Leftovers
|upkeep
|turn|9
|
|t:|1779557342
|switch|p1a: Kurama|Ninetales, F|100/100
|-weather|SunnyDay|[from] ability: Drought|[of] p1a: Kurama
|move|p2a: Primarina|Moonblast|p1a: Kurama
|-resisted|p1a: Kurama
|-damage|p1a: Kurama|81/100
|
|-weather|SunnyDay|[upkeep]
|-heal|p2a: Primarina|88/100|[from] item: Leftovers
|upkeep
|turn|10
|
|t:|1779557353
|switch|p1a: Vessel|Leafeon, M|100/100
|move|p2a: Primarina|Whirlpool|p1a: Vessel
|-resisted|p1a: Vessel
|-damage|p1a: Vessel|92/100
|-activate|p1a: Vessel|move: Whirlpool|[of] p2a: Primarina
|
|-weather|SunnyDay|[upkeep]
|-heal|p2a: Primarina|94/100|[from] item: Leftovers
|-damage|p1a: Vessel|80/100|[from] move: Whirlpool|[partiallytrapped]
|upkeep
|turn|11
|
|t:|1779557360
|move|p1a: Vessel|Solar Blade||[still]
|-prepare|p1a: Vessel|Solar Blade
|-anim|p1a: Vessel|Solar Blade|p2a: Primarina
|-supereffective|p2a: Primarina
|-end|p2a: Primarina|Substitute
|move|p2a: Primarina|Substitute|p2a: Primarina
|-start|p2a: Primarina|Substitute
|-damage|p2a: Primarina|69/100
|
|-weather|SunnyDay|[upkeep]
|-heal|p2a: Primarina|75/100|[from] item: Leftovers
|-damage|p1a: Vessel|68/100|[from] move: Whirlpool|[partiallytrapped]
|upkeep
|turn|12
|
|t:|1779557366
|move|p1a: Vessel|Swords Dance|p1a: Vessel
|-boost|p1a: Vessel|atk|2
|move|p2a: Primarina|Substitute|p2a: Primarina
|-fail|p2a: Primarina|move: Substitute
|
|-weather|SunnyDay|[upkeep]
|-heal|p2a: Primarina|81/100|[from] item: Leftovers
|-damage|p1a: Vessel|56/100|[from] move: Whirlpool|[partiallytrapped]
|upkeep
|turn|13
|
|t:|1779557374
|move|p1a: Vessel|Solar Blade||[still]
|-prepare|p1a: Vessel|Solar Blade
|-anim|p1a: Vessel|Solar Blade|p2a: Primarina
|-supereffective|p2a: Primarina
|-end|p2a: Primarina|Substitute
|move|p2a: Primarina|Substitute|p2a: Primarina
|-start|p2a: Primarina|Substitute
|-damage|p2a: Primarina|56/100
|
|-weather|SunnyDay|[upkeep]
|-heal|p2a: Primarina|62/100|[from] item: Leftovers
|-damage|p1a: Vessel|44/100|[from] move: Whirlpool|[partiallytrapped]
|upkeep
|turn|14
|
|t:|1779557380
|move|p1a: Vessel|Solar Blade||[still]
|-prepare|p1a: Vessel|Solar Blade
|-anim|p1a: Vessel|Solar Blade|p2a: Primarina
|-supereffective|p2a: Primarina
|-end|p2a: Primarina|Substitute
|move|p2a: Primarina|Moonblast|p1a: Vessel
|-damage|p1a: Vessel|0 fnt
|faint|p1a: Vessel
|
|-weather|SunnyDay|[upkeep]
|-heal|p2a: Primarina|68/100|[from] item: Leftovers
|upkeep
|
|t:|1779557383
|switch|p1a: Reyna|Glaceon, F, shiny, tera:Ground|57/100
|-heal|p1a: Reyna|100/100|[from] move: Healing Wish
|turn|15
|
|t:|1779557406
|switch|p2a: Slowking|Slowking-Galar, M, shiny|45/100
|move|p1a: Reyna|Freeze-Dry|p2a: Slowking
|-damage|p2a: Slowking|23/100
|
|-weather|SunnyDay|[upkeep]
|upkeep
|turn|16
|
|t:|1779557412
|switch|p2a: Primarina|Primarina, M, shiny|68/100
|move|p1a: Reyna|Mud-Slap|p2a: Primarina
|-damage|p2a: Primarina|31/100
|-unboost|p2a: Primarina|accuracy|1
|
|-weather|none
|-heal|p2a: Primarina|37/100|[from] item: Leftovers
|upkeep
|turn|17
|
|t:|1779557419
|switch|p2a: Slowking|Slowking-Galar, M, shiny|56/100
|move|p1a: Reyna|Freeze-Dry|p2a: Slowking
|-damage|p2a: Slowking|36/100
|
|upkeep
|turn|18
|
|t:|1779557426
|switch|p2a: Enamorus|Enamorus, F, shiny|100/100
|move|p1a: Reyna|Mud-Slap|p2a: Enamorus
|-immune|p2a: Enamorus
|
|upkeep
|turn|19
|
|t:|1779557432
|switch|p1a: Kurama|Ninetales, F|81/100
|-weather|SunnyDay|[from] ability: Drought|[of] p1a: Kurama
|move|p2a: Enamorus|Moonblast|p1a: Kurama
|-resisted|p1a: Kurama
|-damage|p1a: Kurama|62/100
|
|-weather|SunnyDay|[upkeep]
|upkeep
|turn|20
|
|t:|1779557445
|switch|p2a: Slowking|Slowking-Galar, M, shiny|69/100
|move|p1a: Kurama|Weather Ball|p2a: Slowking
|-damage|p2a: Slowking|47/100
|
|-weather|SunnyDay|[upkeep]
|upkeep
|turn|21
|
|t:|1779557462
|switch|p1a: Reyna|Glaceon, F, shiny, tera:Ground|100/100
|move|p2a: Slowking|Psychic Noise|p1a: Reyna
|-damage|p1a: Reyna|60/100
|-start|p1a: Reyna|move: Heal Block
|
|-weather|SunnyDay|[upkeep]
|upkeep
|turn|22
|
|t:|1779557469
|move|p1a: Reyna|Freeze-Dry|p2a: Slowking
|-damage|p2a: Slowking|24/100
|move|p2a: Slowking|Psychic Noise|p1a: Reyna
|-damage|p1a: Reyna|22/100
|
|-weather|SunnyDay|[upkeep]
|-end|p1a: Reyna|move: Heal Block
|upkeep
|turn|23
|
|t:|1779557476
|switch|p2a: Enamorus|Enamorus, F, shiny|100/100
|move|p1a: Reyna|Freeze-Dry|p2a: Enamorus
|-supereffective|p2a: Enamorus
|-damage|p2a: Enamorus|0 fnt
|faint|p2a: Enamorus
|
|-weather|SunnyDay|[upkeep]
|upkeep
|
|t:|1779557493
|switch|p2a: Great Tusk|Great Tusk|100/100
|-activate|p2a: Great Tusk|ability: Protosynthesis
|-start|p2a: Great Tusk|protosynthesisatk
|turn|24
|
|t:|1779557499
|switch|p1a: Michael Jordan|Walking Wake|100/100
|-activate|p1a: Michael Jordan|ability: Protosynthesis
|-start|p1a: Michael Jordan|protosynthesisspe
|move|p2a: Great Tusk|Ice Spinner|p1a: Michael Jordan
|-damage|p1a: Michael Jordan|58/100
|
|-weather|SunnyDay|[upkeep]
|upkeep
|turn|25
|
|t:|1779557507
|-terastallize|p2a: Great Tusk|Fire
|move|p1a: Michael Jordan|Hydro Steam|p2a: Great Tusk
|-supereffective|p2a: Great Tusk
|-damage|p2a: Great Tusk|0 fnt
|faint|p2a: Great Tusk
|-end|p2a: Great Tusk|Protosynthesis|[silent]
|
|-weather|SunnyDay|[upkeep]
|upkeep
|
|t:|1779557515
|switch|p2a: Slowking|Slowking-Galar, M, shiny|57/100
|turn|26
|
|t:|1779557522
|move|p1a: Michael Jordan|Draco Meteor|p2a: Slowking|[miss]
|-miss|p1a: Michael Jordan|p2a: Slowking
|move|p2a: Slowking|Psychic Noise|p1a: Michael Jordan
|-damage|p1a: Michael Jordan|28/100
|-start|p1a: Michael Jordan|move: Heal Block
|
|-weather|none
|-end|p1a: Michael Jordan|Protosynthesis
|upkeep
|turn|27
|
|t:|1779557528
|-end|p1a: Michael Jordan|Protosynthesis|[silent]
|switch|p1a: Kurama|Ninetales, F|62/100
|-weather|SunnyDay|[from] ability: Drought|[of] p1a: Kurama
|move|p2a: Slowking|Sludge Bomb|p1a: Kurama
|-damage|p1a: Kurama|38/100
|
|-weather|SunnyDay|[upkeep]
|upkeep
|turn|28
|
|t:|1779557535
|move|p1a: Kurama|Healing Wish|p1a: Kurama
|faint|p1a: Kurama
|move|p2a: Slowking|Sludge Bomb|p1: Kurama|[notarget]
|-fail|p2a: Slowking
|
|-weather|SunnyDay|[upkeep]
|upkeep
|
|t:|1779557543
|switch|p1a: Reyna|Glaceon, F, shiny, tera:Ground|22/100
|-heal|p1a: Reyna|100/100|[from] move: Healing Wish
|turn|29
|
|t:|1779557555
|move|p1a: Reyna|Mud-Slap|p2a: Slowking
|-supereffective|p2a: Slowking
|-damage|p2a: Slowking|11/100
|-unboost|p2a: Slowking|accuracy|1
|move|p2a: Slowking|Flamethrower|p1a: Reyna
|-damage|p1a: Reyna|58/100
|
|-weather|SunnyDay|[upkeep]
|upkeep
|turn|30
|
|t:|1779557564
|move|p1a: Reyna|Freeze-Dry|p2a: Slowking
|-damage|p2a: Slowking|0 fnt
|faint|p2a: Slowking
|
|-weather|SunnyDay|[upkeep]
|upkeep
|
|t:|1779557572
|switch|p2a: Primarina|Primarina, M, shiny|37/100
|turn|31
|
|t:|1779557574
|move|p1a: Reyna|Freeze-Dry|p2a: Primarina
|-supereffective|p2a: Primarina
|-damage|p2a: Primarina|0 fnt
|faint|p2a: Primarina
|
|-weather|SunnyDay|[upkeep]
|upkeep
|
|t:|1779557576
|switch|p2a: Kingambit|Kingambit, M, shiny|100/100
|-activate|p2a: Kingambit|ability: Supreme Overlord
|-start|p2a: Kingambit|fallen5|[silent]
|turn|32
|
|t:|1779557585
|move|p1a: Reyna|Weather Ball|p2a: Kingambit
|-supereffective|p2a: Kingambit
|-damage|p2a: Kingambit|0 fnt
|faint|p2a: Kingambit
|-end|p2a: Kingambit|fallen5|[silent]
|
|win|Suck dat sht
|raw|Suck dat sht's rating: 1430 &rarr; <strong>1448</strong><br />(+18 for winning)
|raw|patj17's rating: 1391 &rarr; <strong>1373</strong><br />(-18 for losing)
|l|☆patj17
|player|p2|
