|j|☆FireSide_01
|j|☆PheonixOfRa
|t:|1779624951
|gametype|singles
|player|p1|FireSide_01|janine|1456
|player|p2|PheonixOfRa|rocketgruntf|1436
|gen|9
|tier|[Gen 9] OU
|rated|
|rule|HP Percentage Mod: HP is shown in percentages
|rule|Endless Battle Clause: Forcing endless battles is banned
|rule|Species Clause: Limit one of each Pokémon
|rule|OHKO Clause: OHKO moves are banned
|rule|Evasion Items Clause: Evasion items are banned
|rule|Evasion Moves Clause: Evasion moves are banned
|rule|Evasion Abilities Clause: Evasion abilities are banned
|rule|Sleep Moves Clause: Sleep-inducing moves are banned
|clearpoke
|poke|p1|Ninetales, F|
|poke|p1|Walking Wake|
|poke|p1|Typhlosion-Hisui, F|
|poke|p1|Great Tusk|
|poke|p1|Rillaboom, F|
|poke|p1|Raging Bolt|
|poke|p2|Arcanine, F|
|poke|p2|Brambleghast, F|
|poke|p2|Porygon2|
|poke|p2|Cresselia, F|
|poke|p2|Scream Tail|
|poke|p2|Altaria, M|
|teampreview
|inactive|Battle timer is ON: inactive players will automatically lose when time's up. (requested by FireSide_01)
|inactive|PheonixOfRa has 120 seconds left.
|
|t:|1779625008
|teamsize|p1|6
|teamsize|p2|6
|start
|switch|p1a: Ninetales|Ninetales, F|100/100
|switch|p2a: Scream Tail|Scream Tail|100/100
|-weather|SunnyDay|[from] ability: Drought|[of] p1a: Ninetales
|-activate|p2a: Scream Tail|ability: Protosynthesis
|-start|p2a: Scream Tail|protosynthesisspe
|turn|1
|
|t:|1779625016
|move|p2a: Scream Tail|Stealth Rock|p1a: Ninetales
|-sidestart|p1: FireSide_01|move: Stealth Rock
|move|p1a: Ninetales|Encore|p2a: Scream Tail
|-start|p2a: Scream Tail|Encore
|
|-weather|SunnyDay|[upkeep]
|upkeep
|turn|2
|
|t:|1779625024
|-end|p2a: Scream Tail|Protosynthesis|[silent]
|switch|p2a: Altaria|Altaria, M|100/100
|switch|p1a: Great Tusk|Great Tusk|100/100
|-activate|p1a: Great Tusk|ability: Protosynthesis
|-start|p1a: Great Tusk|protosynthesisspe
|
|-weather|SunnyDay|[upkeep]
|upkeep
|turn|3
|
|t:|1779625034
|switch|p2a: Brambleghast|Brambleghast, F|100/100
|move|p1a: Great Tusk|Ice Spinner|p2a: Brambleghast
|-supereffective|p2a: Brambleghast
|-damage|p2a: Brambleghast|58/100
|
|-weather|SunnyDay|[upkeep]
|-heal|p2a: Brambleghast|64/100|[from] item: Leftovers
|upkeep
|turn|4
|
|t:|1779625040
|move|p1a: Great Tusk|Stealth Rock|p2a: Brambleghast
|-sidestart|p2: PheonixOfRa|move: Stealth Rock
|move|p2a: Brambleghast|Strength Sap|p1a: Great Tusk
|-unboost|p1a: Great Tusk|atk|1
|-heal|p2a: Brambleghast|100/100
|
|-weather|SunnyDay|[upkeep]
|upkeep
|turn|5
|
|t:|1779625046
|-end|p1a: Great Tusk|Protosynthesis|[silent]
|switch|p1a: Typhlosion|Typhlosion-Hisui, F|100/100
|-damage|p1a: Typhlosion|75/100|[from] Stealth Rock
|move|p2a: Brambleghast|Spikes|p1a: Typhlosion
|-sidestart|p1: FireSide_01|Spikes
|
|-weather|SunnyDay|[upkeep]
|upkeep
|turn|6
|inactive|PheonixOfRa has 120 seconds left.
|
|t:|1779625079
|switch|p2a: Altaria|Altaria, M|100/100
|-damage|p2a: Altaria|76/100|[from] Stealth Rock
|move|p1a: Typhlosion|Eruption|p2a: Altaria
|-resisted|p2a: Altaria
|-damage|p2a: Altaria|43/100
|
|-weather|SunnyDay|[upkeep]
|upkeep
|turn|7
|
|t:|1779625088
|switch|p1a: Great Tusk|Great Tusk|100/100
|-activate|p1a: Great Tusk|ability: Protosynthesis
|-start|p1a: Great Tusk|protosynthesisspe
|move|p2a: Altaria|Roost|p2a: Altaria
|-heal|p2a: Altaria|93/100
|-singleturn|p2a: Altaria|move: Roost
|
|-weather|SunnyDay|[upkeep]
|upkeep
|turn|8
|
|t:|1779625098
|switch|p2a: Brambleghast|Brambleghast, F|100/100
|-damage|p2a: Brambleghast|88/100|[from] Stealth Rock
|move|p1a: Great Tusk|Ice Spinner|p2a: Brambleghast
|-supereffective|p2a: Brambleghast
|-damage|p2a: Brambleghast|44/100
|
|-weather|none
|-end|p1a: Great Tusk|Protosynthesis
|-heal|p2a: Brambleghast|50/100|[from] item: Leftovers
|upkeep
|turn|9
|
|t:|1779625105
|-end|p1a: Great Tusk|Protosynthesis|[silent]
|switch|p1a: Ninetales|Ninetales, F|100/100
|-damage|p1a: Ninetales|76/100|[from] Stealth Rock
|-damage|p1a: Ninetales|63/100|[from] Spikes
|-weather|SunnyDay|[from] ability: Drought|[of] p1a: Ninetales
|move|p2a: Brambleghast|Strength Sap|p1a: Ninetales
|-unboost|p1a: Ninetales|atk|1
|-heal|p2a: Brambleghast|95/100
|
|-weather|SunnyDay|[upkeep]
|-heal|p2a: Brambleghast|100/100|[from] item: Leftovers
|upkeep
|turn|10
|
|t:|1779625128
|switch|p1a: Great Tusk|Great Tusk|100/100
|-activate|p1a: Great Tusk|ability: Protosynthesis
|-start|p1a: Great Tusk|protosynthesisspe
|switch|p2a: Scream Tail|Scream Tail|100/100
|-damage|p2a: Scream Tail|88/100|[from] Stealth Rock
|-activate|p2a: Scream Tail|ability: Protosynthesis
|-start|p2a: Scream Tail|protosynthesisspe
|
|-weather|SunnyDay|[upkeep]
|upkeep
|turn|11
|
|t:|1779625141
|-end|p2a: Scream Tail|Protosynthesis|[silent]
|switch|p2a: Brambleghast|Brambleghast, F|100/100
|-damage|p2a: Brambleghast|88/100|[from] Stealth Rock
|-end|p1a: Great Tusk|Protosynthesis|[silent]
|switch|p1a: Raging Bolt|Raging Bolt|100/100
|-damage|p1a: Raging Bolt|88/100|[from] Stealth Rock
|-damage|p1a: Raging Bolt|76/100|[from] Spikes
|-activate|p1a: Raging Bolt|ability: Protosynthesis
|-start|p1a: Raging Bolt|protosynthesisspa
|
|-weather|SunnyDay|[upkeep]
|-heal|p2a: Brambleghast|94/100|[from] item: Leftovers
|upkeep
|turn|12
|
|t:|1779625158
|switch|p2a: Porygon2|Porygon2|100/100
|-damage|p2a: Porygon2|88/100|[from] Stealth Rock
|move|p1a: Raging Bolt|Weather Ball|p2a: Porygon2
|-damage|p2a: Porygon2|54/100
|
|-weather|SunnyDay|[upkeep]
|upkeep
|turn|13
|inactive|PheonixOfRa has 120 seconds left.
|
|t:|1779625180
|move|p1a: Raging Bolt|Weather Ball|p2a: Porygon2
|-damage|p2a: Porygon2|18/100
|move|p2a: Porygon2|Recover|p2a: Porygon2
|-heal|p2a: Porygon2|69/100
|
|-weather|SunnyDay|[upkeep]
|upkeep
|turn|14
|inactive|PheonixOfRa has 120 seconds left.
|
|t:|1779625190
|move|p1a: Raging Bolt|Volt Switch|p2a: Porygon2
|-damage|p2a: Porygon2|44/100
|
|t:|1779625195
|-end|p1a: Raging Bolt|Protosynthesis|[silent]
|switch|p1a: Walking Wake|Walking Wake|100/100|[from] Volt Switch
|-damage|p1a: Walking Wake|88/100|[from] Stealth Rock
|-damage|p1a: Walking Wake|76/100|[from] Spikes
|-activate|p1a: Walking Wake|ability: Protosynthesis
|-start|p1a: Walking Wake|protosynthesisspa
|move|p2a: Porygon2|Recover|p2a: Porygon2
|-heal|p2a: Porygon2|94/100
|
|-weather|SunnyDay|[upkeep]
|upkeep
|turn|15
|
|t:|1779625206
|-terastallize|p1a: Walking Wake|Water
|move|p1a: Walking Wake|Hydro Steam|p2a: Porygon2
|-crit|p2a: Porygon2
|-damage|p2a: Porygon2|0 fnt
|faint|p2a: Porygon2
|
|-weather|SunnyDay|[upkeep]
|upkeep
|inactive|PheonixOfRa has 120 seconds left.
|
|t:|1779625220
|switch|p2a: Scream Tail|Scream Tail|88/100
|-damage|p2a: Scream Tail|76/100|[from] Stealth Rock
|-activate|p2a: Scream Tail|ability: Protosynthesis
|-start|p2a: Scream Tail|protosynthesisspe
|turn|16
|
|t:|1779625226
|-end|p1a: Walking Wake|Protosynthesis|[silent]
|switch|p1a: Raging Bolt|Raging Bolt|76/100
|-damage|p1a: Raging Bolt|64/100|[from] Stealth Rock
|-damage|p1a: Raging Bolt|51/100|[from] Spikes
|-activate|p1a: Raging Bolt|ability: Protosynthesis
|-start|p1a: Raging Bolt|protosynthesisspa
|move|p2a: Scream Tail|Light Screen|p2a: Scream Tail
|-sidestart|p2: PheonixOfRa|move: Light Screen
|
|-weather|none
|-end|p2a: Scream Tail|Protosynthesis
|-end|p1a: Raging Bolt|Protosynthesis
|upkeep
|turn|17
|
|t:|1779625237
|move|p2a: Scream Tail|Reflect|p2a: Scream Tail
|-sidestart|p2: PheonixOfRa|Reflect
|move|p1a: Raging Bolt|Volt Switch|p2a: Scream Tail
|-damage|p2a: Scream Tail|61/100
|
|t:|1779625240
|-end|p1a: Raging Bolt|Protosynthesis|[silent]
|switch|p1a: Ninetales|Ninetales, F|63/100|[from] Volt Switch
|-damage|p1a: Ninetales|38/100|[from] Stealth Rock
|-damage|p1a: Ninetales|26/100|[from] Spikes
|-weather|SunnyDay|[from] ability: Drought|[of] p1a: Ninetales
|-activate|p2a: Scream Tail|ability: Protosynthesis
|-start|p2a: Scream Tail|protosynthesisspe
|
|-weather|SunnyDay|[upkeep]
|upkeep
|turn|18
|
|t:|1779625248
|switch|p1a: Great Tusk|Great Tusk|100/100
|-activate|p1a: Great Tusk|ability: Protosynthesis
|-start|p1a: Great Tusk|protosynthesisspe
|move|p2a: Scream Tail|Psychic Noise|p1a: Great Tusk
|-supereffective|p1a: Great Tusk
|-damage|p1a: Great Tusk|53/100
|-start|p1a: Great Tusk|move: Heal Block
|
|-weather|SunnyDay|[upkeep]
|upkeep
|turn|19
|
|t:|1779625265
|-end|p2a: Scream Tail|Protosynthesis|[silent]
|switch|p2a: Brambleghast|Brambleghast, F|94/100
|-damage|p2a: Brambleghast|82/100|[from] Stealth Rock
|move|p1a: Great Tusk|Rapid Spin|p2a: Brambleghast
|-immune|p2a: Brambleghast
|
|-weather|SunnyDay|[upkeep]
|-heal|p2a: Brambleghast|88/100|[from] item: Leftovers
|-end|p1a: Great Tusk|move: Heal Block
|upkeep
|turn|20
|
|t:|1779625270
|-end|p1a: Great Tusk|Protosynthesis|[silent]
|switch|p1a: Rillaboom|Rillaboom, F|100/100
|-damage|p1a: Rillaboom|88/100|[from] Stealth Rock
|-damage|p1a: Rillaboom|76/100|[from] Spikes
|-fieldstart|move: Grassy Terrain|[from] ability: Grassy Surge|[of] p1a: Rillaboom
|move|p2a: Brambleghast|Spikes|p1a: Rillaboom
|-sidestart|p1: FireSide_01|Spikes
|
|-weather|SunnyDay|[upkeep]
|-heal|p1a: Rillaboom|82/100|[from] Grassy Terrain
|-heal|p2a: Brambleghast|94/100|[from] Grassy Terrain
|-heal|p2a: Brambleghast|99/100|[from] item: Leftovers
|upkeep
|turn|21
|
|t:|1779625278
|move|p1a: Rillaboom|Knock Off|p2a: Brambleghast
|-supereffective|p2a: Brambleghast
|-damage|p2a: Brambleghast|51/100
|-enditem|p2a: Brambleghast|Leftovers|[from] move: Knock Off|[of] p1a: Rillaboom
|move|p2a: Brambleghast|Spikes|p1a: Rillaboom
|-sidestart|p1: FireSide_01|Spikes
|
|-weather|SunnyDay|[upkeep]
|-heal|p1a: Rillaboom|88/100|[from] Grassy Terrain
|-heal|p2a: Brambleghast|57/100|[from] Grassy Terrain
|upkeep
|turn|22
|
|t:|1779625283
|move|p1a: Rillaboom|Knock Off|p2a: Brambleghast
|-supereffective|p2a: Brambleghast
|-damage|p2a: Brambleghast|24/100
|move|p2a: Brambleghast|Strength Sap|p1a: Rillaboom
|-unboost|p1a: Rillaboom|atk|1
|-heal|p2a: Brambleghast|100/100
|
|-weather|SunnyDay|[upkeep]
|-heal|p1a: Rillaboom|94/100|[from] Grassy Terrain
|upkeep
|turn|23
|
|t:|1779625290
|move|p1a: Rillaboom|Knock Off|p2a: Brambleghast
|-supereffective|p2a: Brambleghast
|-damage|p2a: Brambleghast|78/100
|move|p2a: Brambleghast|Poltergeist|p1a: Rillaboom
|-activate|p1a: Rillaboom|move: Poltergeist|Choice Band
|-damage|p1a: Rillaboom|49/100
|
|-weather|SunnyDay|[upkeep]
|-heal|p1a: Rillaboom|55/100|[from] Grassy Terrain
|-heal|p2a: Brambleghast|85/100|[from] Grassy Terrain
|-sideend|p2: PheonixOfRa|move: Light Screen
|upkeep
|turn|24
|
|t:|1779625306
|switch|p1a: Walking Wake|Walking Wake, tera:Water|76/100
|-damage|p1a: Walking Wake|63/100|[from] Stealth Rock
|-damage|p1a: Walking Wake|39/100|[from] Spikes
|-activate|p1a: Walking Wake|ability: Protosynthesis
|-start|p1a: Walking Wake|protosynthesisspa
|move|p2a: Brambleghast|Strength Sap|p1a: Walking Wake
|-unboost|p1a: Walking Wake|atk|1
|-heal|p2a: Brambleghast|100/100
|
|-weather|none
|-end|p1a: Walking Wake|Protosynthesis
|-heal|p1a: Walking Wake|45/100|[from] Grassy Terrain
|-sideend|p2: PheonixOfRa|Reflect
|-fieldend|move: Grassy Terrain
|upkeep
|turn|25
|
|t:|1779625322
|switch|p2a: Altaria|Altaria, M|93/100
|-damage|p2a: Altaria|68/100|[from] Stealth Rock
|move|p1a: Walking Wake|Flamethrower|p2a: Altaria
|-resisted|p2a: Altaria
|-crit|p2a: Altaria
|-damage|p2a: Altaria|45/100
|
|upkeep
|turn|26
|
|t:|1779625328
|-end|p1a: Walking Wake|Protosynthesis|[silent]
|switch|p1a: Great Tusk|Great Tusk|53/100
|move|p2a: Altaria|Roost|p2a: Altaria
|-heal|p2a: Altaria|95/100
|-singleturn|p2a: Altaria|move: Roost
|
|upkeep
|turn|27
|
|t:|1779625340
|-end|p1a: Great Tusk|Protosynthesis|[silent]
|switch|p1a: Typhlosion|Typhlosion-Hisui, F|75/100
|-damage|p1a: Typhlosion|50/100|[from] Stealth Rock
|-damage|p1a: Typhlosion|25/100|[from] Spikes
|switch|p2a: Brambleghast|Brambleghast, F|100/100
|-damage|p2a: Brambleghast|88/100|[from] Stealth Rock
|
|upkeep
|turn|28
|
|t:|1779625348
|switch|p2a: Altaria|Altaria, M|95/100
|-damage|p2a: Altaria|70/100|[from] Stealth Rock
|move|p1a: Typhlosion|Flamethrower|p2a: Altaria
|-resisted|p2a: Altaria
|-damage|p2a: Altaria|45/100
|
|upkeep
|turn|29
|
|t:|1779625356
|move|p1a: Typhlosion|Flamethrower|p2a: Altaria
|-resisted|p2a: Altaria
|-damage|p2a: Altaria|19/100
|-status|p2a: Altaria|brn
|move|p2a: Altaria|Roost|p2a: Altaria
|-heal|p2a: Altaria|69/100 brn
|-singleturn|p2a: Altaria|move: Roost
|
|-damage|p2a: Altaria|63/100 brn|[from] brn
|upkeep
|turn|30
|
|t:|1779625366
|switch|p1a: Great Tusk|Great Tusk|53/100
|move|p2a: Altaria|Roost|p2a: Altaria
|-heal|p2a: Altaria|100/100 brn
|-singleturn|p2a: Altaria|move: Roost
|
|-damage|p2a: Altaria|94/100 brn|[from] brn
|upkeep
|turn|31
|inactive|FireSide_01 has 120 seconds left.
|
|t:|1779625406
|-end|p1a: Great Tusk|Protosynthesis|[silent]
|switch|p1a: Rillaboom|Rillaboom, F|55/100
|-damage|p1a: Rillaboom|43/100|[from] Stealth Rock
|-damage|p1a: Rillaboom|18/100|[from] Spikes
|-fieldstart|move: Grassy Terrain|[from] ability: Grassy Surge|[of] p1a: Rillaboom
|-curestatus|p2a: Altaria|brn|[from] ability: Natural Cure|[silent]
|switch|p2a: Brambleghast|Brambleghast, F|88/100
|-damage|p2a: Brambleghast|76/100|[from] Stealth Rock
|
|-heal|p1a: Rillaboom|24/100|[from] Grassy Terrain
|-heal|p2a: Brambleghast|82/100|[from] Grassy Terrain
|upkeep
|turn|32
|
|t:|1779625415
|move|p1a: Rillaboom|Knock Off|p2a: Brambleghast
|-supereffective|p2a: Brambleghast
|-damage|p2a: Brambleghast|16/100
|move|p2a: Brambleghast|Strength Sap|p1a: Rillaboom
|-unboost|p1a: Rillaboom|atk|1
|-heal|p2a: Brambleghast|100/100
|
|-heal|p1a: Rillaboom|30/100|[from] Grassy Terrain
|upkeep
|turn|33
|
|t:|1779625430
|move|p1a: Rillaboom|Knock Off|p2a: Brambleghast
|-supereffective|p2a: Brambleghast
|-damage|p2a: Brambleghast|56/100
|move|p2a: Brambleghast|Rapid Spin|p1a: Rillaboom
|-crit|p1a: Rillaboom
|-damage|p1a: Rillaboom|9/100
|-boost|p2a: Brambleghast|spe|1
|-sideend|p2: PheonixOfRa|Stealth Rock|[from] move: Rapid Spin|[of] p2a: Brambleghast
|
|-heal|p2a: Brambleghast|62/100|[from] Grassy Terrain
|-heal|p1a: Rillaboom|15/100|[from] Grassy Terrain
|upkeep
|turn|34
|
|t:|1779625434
|move|p2a: Brambleghast|Strength Sap|p1a: Rillaboom
|-unboost|p1a: Rillaboom|atk|1
|-heal|p2a: Brambleghast|100/100
|move|p1a: Rillaboom|Knock Off|p2a: Brambleghast
|-supereffective|p2a: Brambleghast
|-damage|p2a: Brambleghast|63/100
|
|-heal|p2a: Brambleghast|69/100|[from] Grassy Terrain
|-heal|p1a: Rillaboom|21/100|[from] Grassy Terrain
|upkeep
|turn|35
|
|t:|1779625447
|move|p2a: Brambleghast|Rapid Spin|p1a: Rillaboom
|-damage|p1a: Rillaboom|7/100
|-boost|p2a: Brambleghast|spe|1
|move|p1a: Rillaboom|Knock Off|p2a: Brambleghast
|-supereffective|p2a: Brambleghast
|-damage|p2a: Brambleghast|34/100
|
|-heal|p2a: Brambleghast|40/100|[from] Grassy Terrain
|-heal|p1a: Rillaboom|13/100|[from] Grassy Terrain
|-fieldend|move: Grassy Terrain
|upkeep
|turn|36
|
|t:|1779625453
|move|p2a: Brambleghast|Strength Sap|p1a: Rillaboom
|-unboost|p1a: Rillaboom|atk|1
|-heal|p2a: Brambleghast|100/100
|move|p1a: Rillaboom|Knock Off|p2a: Brambleghast
|-supereffective|p2a: Brambleghast
|-damage|p2a: Brambleghast|72/100
|
|upkeep
|turn|37
|
|t:|1779625461
|move|p2a: Brambleghast|Rapid Spin|p1a: Rillaboom
|-damage|p1a: Rillaboom|0 fnt
|-boost|p2a: Brambleghast|spe|1
|faint|p1a: Rillaboom
|
|upkeep
|-message|FireSide_01 forfeited.
|
|win|PheonixOfRa
|raw|FireSide_01's rating: 1456 &rarr; <strong>1435</strong><br />(-21 for losing)
|raw|PheonixOfRa's rating: 1436 &rarr; <strong>1457</strong><br />(+21 for winning)
|l|☆FireSide_01
|player|p1|
