|badge|p1|bronze|gen9ou|100-9
|uhtml|medal-msg|<div class="broadcast-blue">Curious what those medals under the avatar are? PS now has Ladder Seasons! For more information, check out the <a href="https://www.smogon.com/forums/threads/3740067/">thread on Smogon.</a></div>
|j|☆slitherwing ily ><
|j|☆mansonabuluting
|t:|1779654885
|gametype|singles
|player|p1|slitherwing ily ><|iono-masters|1760
|player|p2|mansonabuluting|266|1758
|gen|9
|tier|[Gen 9] OU
|rated|
|rule|HP Percentage Mod: HP is shown in percentages
|rule|Endless Battle Clause: Forcing endless battles is banned
|rule|Species Clause: Limit one of each Pokémon
|rule|OHKO Clause: OHKO moves are banned
|rule|Evasion Items Clause: Evasion items are banned
|rule|Evasion Moves Clause: Evasion moves are banned
|rule|Evasion Abilities Clause: Evasion abilities are banned
|rule|Sleep Moves Clause: Sleep-inducing moves are banned
|clearpoke
|poke|p1|Iron Jugulis|
|poke|p1|Deoxys-Speed|
|poke|p1|Ogerpon-Wellspring, F|
|poke|p1|Ceruledge, F|
|poke|p1|Glimmora, F|
|poke|p1|Kommo-o, F|
|poke|p2|Volcanion|
|poke|p2|Rillaboom, F|
|poke|p2|Hawlucha, M|
|poke|p2|Thundurus-Therian, M|
|poke|p2|Goodra-Hisui, M|
|poke|p2|Great Tusk|
|teampreview
|
|t:|1779654890
|teamsize|p1|6
|teamsize|p2|6
|start
|switch|p1a: Deoxys|Deoxys-Speed|100/100
|switch|p2a: Thundurus|Thundurus-Therian, M|100/100
|-ability|p1a: Deoxys|Pressure
|turn|1
|inactive|Battle timer is ON: inactive players will automatically lose when time's up. (requested by mansonabuluting)
|
|t:|1779654894
|move|p1a: Deoxys|Light Screen|p1a: Deoxys
|-sidestart|p1: slitherwing ily ><|move: Light Screen
|move|p2a: Thundurus|Volt Switch|p1a: Deoxys
|-damage|p1a: Deoxys|72/100
|
|t:|1779654895
|switch|p2a: Rillaboom|Rillaboom, F|100/100|[from] Volt Switch
|-fieldstart|move: Grassy Terrain|[from] ability: Grassy Surge|[of] p2a: Rillaboom
|
|-heal|p1a: Deoxys|78/100|[from] Grassy Terrain
|upkeep
|turn|2
|
|t:|1779654905
|move|p2a: Rillaboom|Grassy Glide|p1a: Deoxys
|-damage|p1a: Deoxys|6/100
|move|p1a: Deoxys|Reflect|p1a: Deoxys
|-sidestart|p1: slitherwing ily ><|Reflect
|
|-heal|p1a: Deoxys|12/100|[from] Grassy Terrain
|upkeep
|turn|3
|
|t:|1779654910
|switch|p1a: Iron Jugulis|Iron Jugulis|100/100
|-enditem|p1a: Iron Jugulis|Booster Energy
|-activate|p1a: Iron Jugulis|ability: Quark Drive|[fromitem]
|-start|p1a: Iron Jugulis|quarkdrivespe
|move|p2a: Rillaboom|Grassy Glide|p1a: Iron Jugulis
|-resisted|p1a: Iron Jugulis
|-damage|p1a: Iron Jugulis|82/100
|
|upkeep
|turn|4
|
|t:|1779654915
|switch|p2a: Goodra|Goodra-Hisui, M|100/100
|move|p1a: Iron Jugulis|Knock Off|p2a: Goodra
|-damage|p2a: Goodra|76/100
|-ability|p2a: Goodra|Gooey
|-unboost|p1a: Iron Jugulis|spe|1
|-enditem|p2a: Goodra|Assault Vest|[from] move: Knock Off|[of] p1a: Iron Jugulis
|
|-heal|p2a: Goodra|82/100|[from] Grassy Terrain
|upkeep
|turn|5
|
|t:|1779654921
|switch|p2a: Thundurus|Thundurus-Therian, M|100/100
|move|p1a: Iron Jugulis|Earth Power|p2a: Thundurus
|-immune|p2a: Thundurus
|
|-fieldend|move: Grassy Terrain
|upkeep
|turn|6
|
|t:|1779654927
|move|p2a: Thundurus|Volt Switch|p1a: Iron Jugulis
|-supereffective|p1a: Iron Jugulis
|-damage|p1a: Iron Jugulis|22/100
|
|t:|1779654935
|switch|p2a: Goodra|Goodra-Hisui, M|82/100|[from] Volt Switch
|move|p1a: Iron Jugulis|Knock Off|p2a: Goodra
|-damage|p2a: Goodra|63/100
|-ability|p2a: Goodra|Gooey
|-unboost|p1a: Iron Jugulis|spe|1
|
|upkeep
|turn|7
|
|t:|1779654949
|move|p1a: Iron Jugulis|Earth Power|p2a: Goodra
|-supereffective|p2a: Goodra
|-damage|p2a: Goodra|21/100
|move|p2a: Goodra|Draco Meteor|p1a: Iron Jugulis
|-damage|p1a: Iron Jugulis|0 fnt
|-unboost|p2a: Goodra|spa|2
|faint|p1a: Iron Jugulis
|-end|p1a: Iron Jugulis|Quark Drive|[silent]
|
|upkeep
|
|t:|1779654958
|switch|p1a: Ceruledge|Ceruledge, F|100/100
|turn|8
|j| FaronAan
|
|t:|1779654960
|move|p1a: Ceruledge|Bitter Blade|p2a: Goodra
|-damage|p2a: Goodra|0 fnt
|-ability|p2a: Goodra|Gooey
|-unboost|p1a: Ceruledge|spe|1
|faint|p2a: Goodra
|
|-sideend|p1: slitherwing ily ><|move: Light Screen
|upkeep
|
|t:|1779654969
|switch|p2a: Volcanion|Volcanion|100/100
|turn|9
|
|t:|1779654973
|switch|p1a: Ogerpon|Ogerpon-Wellspring, F|100/100
|move|p2a: Volcanion|Steam Eruption|p1a: Ogerpon
|-immune|p1a: Ogerpon|[from] ability: Water Absorb
|
|-sideend|p1: slitherwing ily ><|Reflect
|upkeep
|turn|10
|
|t:|1779654975
|switch|p2a: Rillaboom|Rillaboom, F|100/100
|-fieldstart|move: Grassy Terrain|[from] ability: Grassy Surge|[of] p2a: Rillaboom
|move|p1a: Ogerpon|Swords Dance|p1a: Ogerpon
|-boost|p1a: Ogerpon|atk|2
|
|upkeep
|turn|11
|
|t:|1779654981
|move|p1a: Ogerpon|Ivy Cudgel|p2a: Rillaboom|[anim] Ivy Cudgel Water
|-resisted|p2a: Rillaboom
|-damage|p2a: Rillaboom|48/100
|move|p2a: Rillaboom|Wood Hammer|p1a: Ogerpon
|-damage|p1a: Ogerpon|0 fnt
|faint|p1a: Ogerpon
|-damage|p2a: Rillaboom|24/100|[from] Recoil
|
|-heal|p2a: Rillaboom|30/100|[from] Grassy Terrain
|upkeep
|
|t:|1779654985
|switch|p1a: Deoxys|Deoxys-Speed|12/100
|-ability|p1a: Deoxys|Pressure
|turn|12
|
|t:|1779655003
|switch|p2a: Volcanion|Volcanion|100/100
|move|p1a: Deoxys|Reflect|p1a: Deoxys
|-sidestart|p1: slitherwing ily ><|Reflect
|
|-heal|p1a: Deoxys|18/100|[from] Grassy Terrain
|upkeep
|turn|13
|
|t:|1779655008
|move|p1a: Deoxys|Light Screen|p1a: Deoxys
|-sidestart|p1: slitherwing ily ><|move: Light Screen
|move|p2a: Volcanion|Steam Eruption|p1a: Deoxys
|-damage|p1a: Deoxys|0 fnt
|faint|p1a: Deoxys
|
|upkeep
|
|t:|1779655010
|switch|p1a: Glimmora|Glimmora, F|100/100
|turn|14
|
|t:|1779655016
|-terastallize|p2a: Volcanion|Ground
|move|p1a: Glimmora|Meteor Beam||[still]
|-prepare|p1a: Glimmora|Meteor Beam
|-boost|p1a: Glimmora|spa|1
|-enditem|p1a: Glimmora|Power Herb
|-anim|p1a: Glimmora|Meteor Beam|p2a: Volcanion
|-resisted|p2a: Volcanion
|-damage|p2a: Volcanion|50/100
|move|p2a: Volcanion|Steam Eruption|p1a: Glimmora
|-supereffective|p1a: Glimmora
|-damage|p1a: Glimmora|0 fnt
|faint|p1a: Glimmora
|
|-heal|p2a: Volcanion|56/100|[from] Grassy Terrain
|-fieldend|move: Grassy Terrain
|upkeep
|
|t:|1779655027
|switch|p1a: Kommo-o|Kommo-o, F|100/100
|turn|15
|
|t:|1779655030
|move|p1a: Kommo-o|Clangorous Soul|p1a: Kommo-o
|-boost|p1a: Kommo-o|atk|1
|-boost|p1a: Kommo-o|def|1
|-boost|p1a: Kommo-o|spa|1
|-boost|p1a: Kommo-o|spd|1
|-boost|p1a: Kommo-o|spe|1
|-damage|p1a: Kommo-o|68/100
|move|p2a: Volcanion|Steam Eruption|p1a: Kommo-o
|-resisted|p1a: Kommo-o
|-damage|p1a: Kommo-o|54/100
|
|-heal|p1a: Kommo-o|60/100|[from] item: Leftovers
|upkeep
|turn|16
|
|t:|1779655032
|move|p1a: Kommo-o|Substitute|p1a: Kommo-o
|-start|p1a: Kommo-o|Substitute
|-damage|p1a: Kommo-o|35/100
|move|p2a: Volcanion|Steam Eruption|p1a: Kommo-o
|-resisted|p1a: Kommo-o
|-activate|p1a: Kommo-o|move: Substitute|[damage]
|
|-heal|p1a: Kommo-o|42/100|[from] item: Leftovers
|upkeep
|turn|17
|
|t:|1779655036
|move|p1a: Kommo-o|Clangorous Soul|p1a: Kommo-o
|-boost|p1a: Kommo-o|atk|1
|-boost|p1a: Kommo-o|def|1
|-boost|p1a: Kommo-o|spa|1
|-boost|p1a: Kommo-o|spd|1
|-boost|p1a: Kommo-o|spe|1
|-damage|p1a: Kommo-o|9/100
|move|p2a: Volcanion|Steam Eruption|p1a: Kommo-o
|-resisted|p1a: Kommo-o
|-end|p1a: Kommo-o|Substitute
|
|-heal|p1a: Kommo-o|15/100|[from] item: Leftovers
|upkeep
|turn|18
|
|t:|1779655040
|move|p1a: Kommo-o|Drain Punch|p2a: Volcanion
|-damage|p2a: Volcanion|12/100
|-heal|p1a: Kommo-o|38/100|[from] drain|[of] p2a: Volcanion
|move|p2a: Volcanion|Steam Eruption|p1a: Kommo-o
|-resisted|p1a: Kommo-o
|-damage|p1a: Kommo-o|27/100
|
|-heal|p1a: Kommo-o|34/100|[from] item: Leftovers
|upkeep
|turn|19
|
|t:|1779655045
|switch|p2a: Great Tusk|Great Tusk|100/100
|move|p1a: Kommo-o|Drain Punch|p2a: Great Tusk
|-damage|p2a: Great Tusk|73/100
|-heal|p1a: Kommo-o|50/100|[from] drain|[of] p2a: Great Tusk
|-damage|p1a: Kommo-o|34/100|[from] item: Rocky Helmet|[of] p2a: Great Tusk
|
|-heal|p1a: Kommo-o|40/100|[from] item: Leftovers
|-sideend|p1: slitherwing ily ><|Reflect
|upkeep
|turn|20
|
|t:|1779655066
|-end|p2a: Great Tusk|Protosynthesis|[silent]
|switch|p2a: Volcanion|Volcanion, tera:Ground|12/100
|move|p1a: Kommo-o|Drain Punch|p2a: Volcanion
|-damage|p2a: Volcanion|0 fnt
|-heal|p1a: Kommo-o|46/100|[from] drain|[of] p2a: Volcanion
|faint|p2a: Volcanion
|
|-heal|p1a: Kommo-o|52/100|[from] item: Leftovers
|-sideend|p1: slitherwing ily ><|move: Light Screen
|upkeep
|
|t:|1779655072
|switch|p2a: Rillaboom|Rillaboom, F|30/100
|-fieldstart|move: Grassy Terrain|[from] ability: Grassy Surge|[of] p2a: Rillaboom
|turn|21
|
|t:|1779655078
|move|p2a: Rillaboom|Grassy Glide|p1a: Kommo-o
|-resisted|p1a: Kommo-o
|-damage|p1a: Kommo-o|41/100
|move|p1a: Kommo-o|Drain Punch|p2a: Rillaboom
|-damage|p2a: Rillaboom|0 fnt
|-heal|p1a: Kommo-o|58/100|[from] drain|[of] p2a: Rillaboom
|faint|p2a: Rillaboom
|
|-heal|p1a: Kommo-o|64/100|[from] Grassy Terrain
|-heal|p1a: Kommo-o|70/100|[from] item: Leftovers
|upkeep
|
|t:|1779655081
|switch|p2a: Hawlucha|Hawlucha, M|100/100
|-enditem|p2a: Hawlucha|Grassy Seed
|-boost|p2a: Hawlucha|def|1|[from] item: Grassy Seed
|turn|22
|
|t:|1779655084
|move|p1a: Kommo-o|Shadow Claw|p2a: Hawlucha
|-crit|p2a: Hawlucha
|-damage|p2a: Hawlucha|36/100
|move|p2a: Hawlucha|Acrobatics|p1a: Kommo-o
|-supereffective|p1a: Kommo-o
|-damage|p1a: Kommo-o|27/100
|
|-heal|p1a: Kommo-o|34/100|[from] Grassy Terrain
|-heal|p1a: Kommo-o|40/100|[from] item: Leftovers
|upkeep
|turn|23
|
|t:|1779655090
|switch|p2a: Great Tusk|Great Tusk|73/100
|-terastallize|p1a: Kommo-o|Ghost
|move|p1a: Kommo-o|Shadow Claw|p2a: Great Tusk
|-damage|p2a: Great Tusk|50/100
|-damage|p1a: Kommo-o|23/100|[from] item: Rocky Helmet|[of] p2a: Great Tusk
|
|-heal|p1a: Kommo-o|30/100|[from] Grassy Terrain
|-heal|p1a: Kommo-o|36/100|[from] item: Leftovers
|-heal|p2a: Great Tusk|56/100|[from] Grassy Terrain
|upkeep
|turn|24
|
|t:|1779655095
|move|p1a: Kommo-o|Drain Punch|p2a: Great Tusk
|-crit|p2a: Great Tusk
|-damage|p2a: Great Tusk|16/100
|-heal|p1a: Kommo-o|61/100|[from] drain|[of] p2a: Great Tusk
|-damage|p1a: Kommo-o|44/100|[from] item: Rocky Helmet|[of] p2a: Great Tusk
|move|p2a: Great Tusk|Headlong Rush|p1a: Kommo-o
|-damage|p1a: Kommo-o|24/100
|-unboost|p2a: Great Tusk|def|1
|-unboost|p2a: Great Tusk|spd|1
|
|-heal|p1a: Kommo-o|30/100|[from] Grassy Terrain
|-heal|p1a: Kommo-o|36/100|[from] item: Leftovers
|-heal|p2a: Great Tusk|22/100|[from] Grassy Terrain
|upkeep
|turn|25
|
|t:|1779655101
|move|p1a: Kommo-o|Drain Punch|p2a: Great Tusk
|-damage|p2a: Great Tusk|0 fnt
|-heal|p1a: Kommo-o|50/100|[from] drain|[of] p2a: Great Tusk
|-damage|p1a: Kommo-o|33/100|[from] item: Rocky Helmet|[of] p2a: Great Tusk
|faint|p2a: Great Tusk
|-end|p2a: Great Tusk|Protosynthesis|[silent]
|
|-heal|p1a: Kommo-o|39/100|[from] Grassy Terrain
|-heal|p1a: Kommo-o|46/100|[from] item: Leftovers
|-fieldend|move: Grassy Terrain
|upkeep
|
|t:|1779655105
|switch|p2a: Thundurus|Thundurus-Therian, M|100/100
|turn|26
|l| FaronAan
|
|t:|1779655108
|move|p1a: Kommo-o|Drain Punch|p2a: Thundurus
|-resisted|p2a: Thundurus
|-damage|p2a: Thundurus|56/100
|-heal|p1a: Kommo-o|64/100|[from] drain|[of] p2a: Thundurus
|move|p2a: Thundurus|Volt Switch|p1a: Kommo-o
|-damage|p1a: Kommo-o|45/100
|
|t:|1779655110
|switch|p2a: Hawlucha|Hawlucha, M|36/100|[from] Volt Switch
|
|-heal|p1a: Kommo-o|51/100|[from] item: Leftovers
|upkeep
|turn|27
|
|t:|1779655113
|move|p1a: Kommo-o|Drain Punch|p2a: Hawlucha
|-resisted|p2a: Hawlucha
|-damage|p2a: Hawlucha|2/100
|-heal|p1a: Kommo-o|68/100|[from] drain|[of] p2a: Hawlucha
|move|p2a: Hawlucha|Acrobatics|p1a: Kommo-o
|-damage|p1a: Kommo-o|49/100
|
|-heal|p1a: Kommo-o|55/100|[from] item: Leftovers
|upkeep
|turn|28
|
|t:|1779655115
|move|p1a: Kommo-o|Drain Punch|p2a: Hawlucha
|-resisted|p2a: Hawlucha
|-damage|p2a: Hawlucha|0 fnt
|-heal|p1a: Kommo-o|56/100|[from] drain|[of] p2a: Hawlucha
|faint|p2a: Hawlucha
|
|-heal|p1a: Kommo-o|63/100|[from] item: Leftovers
|upkeep
|
|t:|1779655116
|switch|p2a: Thundurus|Thundurus-Therian, M|56/100
|turn|29
|
|t:|1779655118
|move|p1a: Kommo-o|Shadow Claw|p2a: Thundurus
|-damage|p2a: Thundurus|0 fnt
|faint|p2a: Thundurus
|
|win|slitherwing ily ><
|raw|slitherwing ily &gt;&lt;'s rating: 1760 &rarr; <strong>1780</strong><br />(+20 for winning)
|raw|mansonabuluting's rating: 1758 &rarr; <strong>1738</strong><br />(-20 for losing)
|l|☆mansonabuluting
|player|p2|
|l|☆slitherwing ily ><
|player|p1|
