|j|☆kingmorons
|j|☆theruberduckman
|t:|1779643305
|gametype|singles
|player|p1|kingmorons|2|1109
|player|p2|theruberduckman|pokemaniac|1070
|gen|9
|tier|[Gen 9] OU
|rated|
|rule|HP Percentage Mod: HP is shown in percentages
|rule|Endless Battle Clause: Forcing endless battles is banned
|rule|Species Clause: Limit one of each Pokémon
|rule|OHKO Clause: OHKO moves are banned
|rule|Evasion Items Clause: Evasion items are banned
|rule|Evasion Moves Clause: Evasion moves are banned
|rule|Evasion Abilities Clause: Evasion abilities are banned
|rule|Sleep Moves Clause: Sleep-inducing moves are banned
|clearpoke
|poke|p1|Cloyster, M|
|poke|p1|Ditto|
|poke|p1|Ceruledge, M|
|poke|p1|Ursaluna, M|
|poke|p1|Meowth, L20, M|
|poke|p1|Weezing-Galar, M|
|poke|p2|Goodra, F|
|poke|p2|Sylveon, F|
|poke|p2|Cinderace, M|
|poke|p2|Toxtricity, M|
|poke|p2|Dragapult, F|
|poke|p2|Dragonite, F|
|teampreview
|inactive|Battle timer is ON: inactive players will automatically lose when time's up. (requested by theruberduckman)
|c|☆theruberduckman|hi
|c|☆theruberduckman|gl
|
|t:|1779643311
|teamsize|p1|6
|teamsize|p2|6
|start
|switch|p1a: Weezing|Weezing-Galar, M|100/100
|switch|p2a: Sylveon|Sylveon, F|100/100
|-ability|p1a: Weezing|Neutralizing Gas
|turn|1
|
|t:|1779643325
|move|p1a: Weezing|Toxic|p2a: Sylveon
|-status|p2a: Sylveon|tox
|move|p2a: Sylveon|Hyper Voice|p1a: Weezing
|-damage|p1a: Weezing|71/100
|
|-damage|p2a: Sylveon|94/100 tox|[from] psn
|upkeep
|turn|2
|
|t:|1779643337
|switch|p2a: Dragonite|Dragonite, F|100/100
|move|p1a: Weezing|Flamethrower|p2a: Dragonite
|-resisted|p2a: Dragonite
|-damage|p2a: Dragonite|88/100
|
|-heal|p2a: Dragonite|94/100|[from] item: Leftovers
|upkeep
|turn|3
|
|t:|1779643350
|move|p2a: Dragonite|Agility|p2a: Dragonite
|-boost|p2a: Dragonite|spe|2
|move|p1a: Weezing|Toxic|p2a: Dragonite
|-status|p2a: Dragonite|tox
|
|-heal|p2a: Dragonite|100/100 tox|[from] item: Leftovers
|-damage|p2a: Dragonite|94/100 tox|[from] psn
|upkeep
|turn|4
|
|t:|1779643359
|move|p2a: Dragonite|Extreme Speed|p1a: Weezing
|-damage|p1a: Weezing|48/100
|move|p1a: Weezing|Clear Smog|p2a: Dragonite
|-damage|p2a: Dragonite|75/100 tox
|-clearboost|p2a: Dragonite
|
|-heal|p2a: Dragonite|81/100 tox|[from] item: Leftovers
|-damage|p2a: Dragonite|69/100 tox|[from] psn
|upkeep
|turn|5
|
|t:|1779643368
|move|p2a: Dragonite|Extreme Speed|p1a: Weezing
|-damage|p1a: Weezing|21/100
|move|p1a: Weezing|Dazzling Gleam|p2a: Dragonite
|-supereffective|p2a: Dragonite
|-damage|p2a: Dragonite|12/100 tox
|
|-heal|p2a: Dragonite|18/100 tox|[from] item: Leftovers
|-damage|p2a: Dragonite|0 fnt|[from] psn
|faint|p2a: Dragonite
|upkeep
|
|t:|1779643379
|switch|p2a: Cinderace|Cinderace, M|100/100
|turn|6
|
|t:|1779643384
|move|p2a: Cinderace|Pyro Ball|p1a: Weezing
|-damage|p1a: Weezing|0 fnt
|faint|p1a: Weezing
|-end|p1a: Weezing|ability: Neutralizing Gas
|-damage|p2a: Cinderace|91/100|[from] item: Life Orb
|
|upkeep
|
|t:|1779643388
|switch|p1a: Meowth|Meowth, L20, M|100/100
|turn|7
|
|t:|1779643391
|move|p2a: Cinderace|High Jump Kick|p1a: Meowth
|-supereffective|p1a: Meowth
|-enditem|p1a: Meowth|Focus Sash
|-damage|p1a: Meowth|2/100
|-damage|p2a: Cinderace|81/100|[from] item: Life Orb
|move|p1a: Meowth|Endeavor|p2a: Cinderace
|-damage|p2a: Cinderace|1/100
|
|upkeep
|turn|8
|
|t:|1779643403
|move|p1a: Meowth|Feint|p2a: Cinderace
|-damage|p2a: Cinderace|0 fnt
|faint|p2a: Cinderace
|
|upkeep
|
|t:|1779643407
|switch|p2a: Toxtricity|Toxtricity, M|100/100
|turn|9
|
|t:|1779643411
|move|p2a: Toxtricity|Fire Punch|p1a: Meowth
|-damage|p1a: Meowth|0 fnt
|faint|p1a: Meowth
|
|upkeep
|
|t:|1779643415
|switch|p1a: Ursaluna|Ursaluna, M|100/100
|turn|10
|
|t:|1779643421
|move|p1a: Ursaluna|Protect|p1a: Ursaluna
|-singleturn|p1a: Ursaluna|Protect
|move|p2a: Toxtricity|Fire Punch|p1a: Ursaluna
|-activate|p1a: Ursaluna|move: Protect
|
|-status|p1a: Ursaluna|brn|[from] item: Flame Orb
|upkeep
|turn|11
|
|t:|1779643429
|move|p2a: Toxtricity|Fire Punch|p1a: Ursaluna
|-damage|p1a: Ursaluna|86/100 brn
|move|p1a: Ursaluna|Facade|p2a: Toxtricity
|-damage|p2a: Toxtricity|0 fnt
|faint|p2a: Toxtricity
|
|-damage|p1a: Ursaluna|80/100 brn|[from] brn
|upkeep
|
|t:|1779643437
|switch|p2a: Dragapult|Dragapult, F|100/100
|turn|12
|
|t:|1779643447
|switch|p1a: Ditto|Ditto|100/100
|-transform|p1a: Ditto|p2a: Dragapult|[from] ability: Imposter
|move|p2a: Dragapult|Hydro Pump|p1a: Ditto
|-resisted|p1a: Ditto
|-crit|p1a: Ditto
|-damage|p1a: Ditto|74/100
|
|upkeep
|turn|13
|
|t:|1779643462
|switch|p2a: Goodra|Goodra, F|100/100
|move|p1a: Ditto|Thunder|p2a: Goodra
|-resisted|p2a: Goodra
|-damage|p2a: Goodra|95/100
|
|upkeep
|turn|14
|
|t:|1779643472
|switch|p1a: Ursaluna|Ursaluna, M|80/100 brn
|move|p2a: Goodra|Dragon Pulse|p1a: Ursaluna
|-damage|p1a: Ursaluna|37/100 brn
|
|-damage|p1a: Ursaluna|30/100 brn|[from] brn
|upkeep
|turn|15
|
|t:|1779643482
|switch|p1a: Ceruledge|Ceruledge, M|100/100
|move|p2a: Goodra|Dragon Pulse|p1a: Ceruledge
|-damage|p1a: Ceruledge|51/100
|
|upkeep
|turn|16
|
|t:|1779643491
|switch|p2a: Dragapult|Dragapult, F|100/100
|move|p1a: Ceruledge|Bitter Blade|p2a: Dragapult
|-resisted|p2a: Dragapult
|-damage|p2a: Dragapult|75/100
|-heal|p1a: Ceruledge|66/100|[from] drain|[of] p2a: Dragapult
|-start|p1a: Ceruledge|Disable|Bitter Blade|[from] ability: Cursed Body|[of] p2a: Dragapult
|
|-heal|p2a: Dragapult|81/100|[from] item: Leftovers
|upkeep
|turn|17
|
|t:|1779643502
|move|p2a: Dragapult|Hydro Pump|p1a: Ceruledge|[miss]
|-miss|p2a: Dragapult|p1a: Ceruledge
|move|p1a: Ceruledge|Poltergeist|p2a: Dragapult
|-activate|p2a: Dragapult|move: Poltergeist|Leftovers
|-supereffective|p2a: Dragapult
|-damage|p2a: Dragapult|0 fnt
|faint|p2a: Dragapult
|
|upkeep
|
|t:|1779643511
|switch|p2a: Sylveon|Sylveon, F|94/100 tox
|turn|18
|
|t:|1779643520
|-terastallize|p2a: Sylveon|Fairy
|move|p1a: Ceruledge|Endure|p1a: Ceruledge
|-singleturn|p1a: Ceruledge|move: Endure
|move|p2a: Sylveon|Hyper Voice|p1a: Ceruledge
|-resisted|p1a: Ceruledge
|-damage|p1a: Ceruledge|33/100
|
|-heal|p2a: Sylveon|100/100 tox|[from] item: Leftovers
|-damage|p2a: Sylveon|94/100 tox|[from] psn
|upkeep
|turn|19
|
|t:|1779643536
|move|p1a: Ceruledge|Poltergeist|p2a: Sylveon
|-activate|p2a: Sylveon|move: Poltergeist|Leftovers
|-crit|p2a: Sylveon
|-damage|p2a: Sylveon|17/100 tox
|move|p2a: Sylveon|Hyper Voice|p1a: Ceruledge
|-resisted|p1a: Ceruledge
|-damage|p1a: Ceruledge|2/100
|
|-heal|p2a: Sylveon|23/100 tox|[from] item: Leftovers
|-damage|p2a: Sylveon|10/100 tox|[from] psn
|-end|p1a: Ceruledge|Disable
|upkeep
|turn|20
|
|t:|1779643551
|switch|p2a: Goodra|Goodra, F|95/100
|move|p1a: Ceruledge|Bitter Blade|p2a: Goodra
|-resisted|p2a: Goodra
|-damage|p2a: Goodra|63/100
|-heal|p1a: Ceruledge|23/100|[from] drain|[of] p2a: Goodra
|
|upkeep
|turn|21
|
|t:|1779643561
|move|p1a: Ceruledge|Bitter Blade|p2a: Goodra
|-resisted|p2a: Goodra
|-damage|p2a: Goodra|32/100
|-heal|p1a: Ceruledge|44/100|[from] drain|[of] p2a: Goodra
|move|p2a: Goodra|Thunderbolt|p1a: Ceruledge
|-damage|p1a: Ceruledge|10/100
|
|upkeep
|turn|22
|
|t:|1779643570
|move|p1a: Ceruledge|Bitter Blade|p2a: Goodra
|-resisted|p2a: Goodra
|-damage|p2a: Goodra|0 fnt
|-heal|p1a: Ceruledge|31/100|[from] drain|[of] p2a: Goodra
|faint|p2a: Goodra
|
|upkeep
|
|t:|1779643576
|switch|p2a: Sylveon|Sylveon, F, tera:Fairy|10/100 tox
|turn|23
|
|t:|1779643585
|move|p1a: Ceruledge|Bitter Blade|p2a: Sylveon
|-damage|p2a: Sylveon|0 fnt
|-heal|p1a: Ceruledge|38/100|[from] drain|[of] p2a: Sylveon
|faint|p2a: Sylveon
|
|win|kingmorons
|raw|kingmorons's rating: 1109 &rarr; <strong>1131</strong><br />(+22 for winning)
|raw|theruberduckman's rating: 1070 &rarr; <strong>1052</strong><br />(-18 for losing)
|l|☆kingmorons
|player|p1|
|l|☆theruberduckman
|player|p2|
