|j|☆Tsugia
|j|☆glimpseman
|t:|1779596666
|gametype|singles
|player|p1|Tsugia|lacey|1354
|player|p2|glimpseman|#wcor2025canada|1386
|gen|9
|tier|[Gen 9] OU
|rated|
|rule|HP Percentage Mod: HP is shown in percentages
|rule|Endless Battle Clause: Forcing endless battles is banned
|rule|Species Clause: Limit one of each Pokémon
|rule|OHKO Clause: OHKO moves are banned
|rule|Evasion Items Clause: Evasion items are banned
|rule|Evasion Moves Clause: Evasion moves are banned
|rule|Evasion Abilities Clause: Evasion abilities are banned
|rule|Sleep Moves Clause: Sleep-inducing moves are banned
|clearpoke
|poke|p1|Ogerpon-Wellspring, F|
|poke|p1|Slowking-Galar, M|
|poke|p1|Kingambit, F|
|poke|p1|Samurott-Hisui, F|
|poke|p1|Zapdos|
|poke|p1|Glimmora, F|
|poke|p2|Toxtricity, M|
|poke|p2|Gholdengo|
|poke|p2|Samurott-Hisui, F|
|poke|p2|Glimmora, F|
|poke|p2|Iron Valiant|
|poke|p2|Rillaboom, M|
|teampreview
|inactive|Battle timer is ON: inactive players will automatically lose when time's up. (requested by glimpseman)
|
|t:|1779596678
|teamsize|p1|6
|teamsize|p2|6
|start
|switch|p1a: Ogerpon|Ogerpon-Wellspring, F|100/100
|switch|p2a: Samurott|Samurott-Hisui, F|100/100
|turn|1
|
|t:|1779596685
|switch|p2a: Glimmora|Glimmora, F|100/100
|move|p1a: Ogerpon|Swords Dance|p1a: Ogerpon
|-boost|p1a: Ogerpon|atk|2
|
|upkeep
|turn|2
|
|t:|1779596690
|switch|p2a: Rillaboom|Rillaboom, M|100/100
|-fieldstart|move: Grassy Terrain|[from] ability: Grassy Surge|[of] p2a: Rillaboom
|move|p1a: Ogerpon|Ivy Cudgel|p2a: Rillaboom|[anim] Ivy Cudgel Water
|-resisted|p2a: Rillaboom
|-damage|p2a: Rillaboom|40/100
|
|-heal|p2a: Rillaboom|46/100|[from] Grassy Terrain
|upkeep
|turn|3
|
|t:|1779596695
|move|p2a: Rillaboom|Grassy Glide|p1a: Ogerpon
|-damage|p1a: Ogerpon|51/100
|move|p1a: Ogerpon|Ivy Cudgel|p2a: Rillaboom|[anim] Ivy Cudgel Water
|-resisted|p2a: Rillaboom
|-damage|p2a: Rillaboom|0 fnt
|faint|p2a: Rillaboom
|
|-heal|p1a: Ogerpon|57/100|[from] Grassy Terrain
|upkeep
|
|t:|1779596697
|switch|p2a: Iron Valiant|Iron Valiant|100/100
|-enditem|p2a: Iron Valiant|Booster Energy
|-activate|p2a: Iron Valiant|ability: Quark Drive|[fromitem]
|-start|p2a: Iron Valiant|quarkdrivespe
|turn|4
|
|t:|1779596700
|move|p2a: Iron Valiant|Close Combat|p1a: Ogerpon
|-damage|p1a: Ogerpon|0 fnt
|-unboost|p2a: Iron Valiant|def|1
|-unboost|p2a: Iron Valiant|spd|1
|faint|p1a: Ogerpon
|
|upkeep
|
|t:|1779596704
|switch|p1a: Glimmora|Glimmora, F|100/100
|turn|5
|
|t:|1779596710
|-end|p2a: Iron Valiant|Quark Drive|[silent]
|switch|p2a: Samurott|Samurott-Hisui, F|100/100
|move|p1a: Glimmora|Stealth Rock|p2a: Samurott
|-sidestart|p2: glimpseman|move: Stealth Rock
|
|upkeep
|turn|6
|
|t:|1779596716
|move|p2a: Samurott|Flip Turn|p1a: Glimmora
|-supereffective|p1a: Glimmora
|-damage|p1a: Glimmora|35/100
|-activate|p1a: Glimmora|ability: Toxic Debris
|-sidestart|p2: glimpseman|move: Toxic Spikes
|-enditem|p1a: Glimmora|Red Card|[of] p2a: Samurott
|drag|p2a: Toxtricity|Toxtricity, M|100/100
|-damage|p2a: Toxtricity|88/100|[from] Stealth Rock
|-sideend|p2: glimpseman|move: Toxic Spikes|[of] p2a: Toxtricity
|move|p1a: Glimmora|Mortal Spin|p2a: Toxtricity
|-resisted|p2a: Toxtricity
|-damage|p2a: Toxtricity|84/100
|
|-heal|p1a: Glimmora|42/100|[from] Grassy Terrain
|-heal|p2a: Toxtricity|90/100|[from] Grassy Terrain
|-fieldend|move: Grassy Terrain
|upkeep
|turn|7
|c|☆Tsugia|fuck
|c|☆Tsugia|always get unlucky with my red card
|c|☆glimpseman|i mean ghold wouldve been worse
|c|☆glimpseman|at least u got damage
|inactive|glimpseman has 120 seconds left.
|
|t:|1779596753
|switch|p2a: Samurott|Samurott-Hisui, F|100/100
|-damage|p2a: Samurott|88/100|[from] Stealth Rock
|move|p1a: Glimmora|Earth Power|p2a: Samurott
|-damage|p2a: Samurott|38/100
|
|upkeep
|turn|8
|c|☆Tsugia|If you're curious, my first match this morning I switched a latios while spikes was on
|
|t:|1779596779
|move|p2a: Samurott|Flip Turn|p1a: Glimmora
|-supereffective|p1a: Glimmora
|-damage|p1a: Glimmora|0 fnt
|-activate|p1a: Glimmora|ability: Toxic Debris
|-sidestart|p2: glimpseman|move: Toxic Spikes
|faint|p1a: Glimmora
|inactive|glimpseman has 120 seconds left.
|
|t:|1779596793
|switch|p2a: Toxtricity|Toxtricity, M|90/100|[from] Flip Turn
|-damage|p2a: Toxtricity|78/100|[from] Stealth Rock
|-sideend|p2: glimpseman|move: Toxic Spikes|[of] p2a: Toxtricity
|
|upkeep
|
|t:|1779596797
|switch|p1a: Samurott|Samurott-Hisui, F|100/100
|turn|9
|
|t:|1779596800
|switch|p2a: Iron Valiant|Iron Valiant|100/100
|-damage|p2a: Iron Valiant|94/100|[from] Stealth Rock
|move|p1a: Samurott|Ceaseless Edge|p2a: Iron Valiant
|-resisted|p2a: Iron Valiant
|-damage|p2a: Iron Valiant|79/100
|-sidestart|p2: glimpseman|Spikes
|
|upkeep
|turn|10
|
|t:|1779596804
|move|p2a: Iron Valiant|Swords Dance|p2a: Iron Valiant
|-boost|p2a: Iron Valiant|atk|2
|move|p1a: Samurott|Aqua Cutter|p2a: Iron Valiant
|-damage|p2a: Iron Valiant|11/100
|
|upkeep
|turn|11
|
|t:|1779596809
|move|p2a: Iron Valiant|Close Combat|p1a: Samurott
|-supereffective|p1a: Samurott
|-enditem|p1a: Samurott|Focus Sash
|-damage|p1a: Samurott|1/100
|-unboost|p2a: Iron Valiant|def|1
|-unboost|p2a: Iron Valiant|spd|1
|move|p1a: Samurott|Flip Turn|p2a: Iron Valiant
|-damage|p2a: Iron Valiant|0 fnt
|faint|p2a: Iron Valiant
|-end|p2a: Iron Valiant|Quark Drive|[silent]
|
|t:|1779596816
|switch|p1a: Zapdos|Zapdos|100/100|[from] Flip Turn
|
|upkeep
|
|t:|1779596820
|switch|p2a: Glimmora|Glimmora, F|100/100
|-damage|p2a: Glimmora|88/100|[from] Stealth Rock
|-damage|p2a: Glimmora|76/100|[from] Spikes
|turn|12
|
|t:|1779596831
|-terastallize|p1a: Zapdos|Steel
|move|p1a: Zapdos|Thunder Wave|p2a: Glimmora
|-status|p2a: Glimmora|par
|move|p2a: Glimmora|Mortal Spin|p1a: Zapdos
|-immune|p1a: Zapdos
|
|upkeep
|turn|13
|
|t:|1779596842
|move|p1a: Zapdos|Volt Switch|p2a: Glimmora
|-damage|p2a: Glimmora|45/100 par
|
|t:|1779596844
|switch|p1a: Samurott|Samurott-Hisui, F|1/100|[from] Volt Switch
|move|p2a: Glimmora|Stealth Rock|p1a: Samurott
|-sidestart|p1: Tsugia|move: Stealth Rock
|
|upkeep
|turn|14
|
|t:|1779596849
|move|p1a: Samurott|Ceaseless Edge|p2a: Glimmora
|-damage|p2a: Glimmora|14/100 par
|-damage|p1a: Samurott|0 fnt|[from] item: Rocky Helmet|[of] p2a: Glimmora
|faint|p1a: Samurott
|move|p2a: Glimmora|Power Gem|p1: Samurott|[notarget]
|-fail|p2a: Glimmora
|
|upkeep
|
|t:|1779596855
|switch|p1a: Zapdos|Zapdos, tera:Steel|100/100
|turn|15
|
|t:|1779596857
|move|p1a: Zapdos|Volt Switch|p2a: Glimmora
|-crit|p2a: Glimmora
|-damage|p2a: Glimmora|0 fnt
|faint|p2a: Glimmora
|
|t:|1779596859
|switch|p1a: Slowking|Slowking-Galar, M|100/100|[from] Volt Switch
|
|upkeep
|
|t:|1779596862
|switch|p2a: Samurott|Samurott-Hisui, F|38/100
|-damage|p2a: Samurott|26/100|[from] Stealth Rock
|-damage|p2a: Samurott|14/100|[from] Spikes
|turn|16
|
|t:|1779596866
|move|p2a: Samurott|Knock Off|p1a: Slowking
|-supereffective|p1a: Slowking
|-damage|p1a: Slowking|6/100
|-enditem|p1a: Slowking|Heavy-Duty Boots|[from] move: Knock Off|[of] p2a: Samurott
|move|p1a: Slowking|Sludge Wave|p2a: Samurott
|-damage|p2a: Samurott|0 fnt
|faint|p2a: Samurott
|
|upkeep
|
|t:|1779596875
|switch|p2a: Toxtricity|Toxtricity, M|78/100
|-damage|p2a: Toxtricity|65/100|[from] Stealth Rock
|-damage|p2a: Toxtricity|53/100|[from] Spikes
|turn|17
|
|t:|1779596884
|switch|p1a: Zapdos|Zapdos, tera:Steel|100/100
|move|p2a: Toxtricity|Boomburst|p1a: Zapdos
|-resisted|p1a: Zapdos
|-damage|p1a: Zapdos|72/100
|-enditem|p2a: Toxtricity|Throat Spray
|-boost|p2a: Toxtricity|spa|1|[from] item: Throat Spray
|
|upkeep
|turn|18
|
|t:|1779596889
|move|p2a: Toxtricity|Hex|p1a: Zapdos
|-damage|p1a: Zapdos|37/100
|move|p1a: Zapdos|Hurricane|p2a: Toxtricity
|-resisted|p2a: Toxtricity
|-damage|p2a: Toxtricity|16/100
|
|upkeep
|turn|19
|
|t:|1779596905
|-terastallize|p2a: Toxtricity|Normal
|move|p2a: Toxtricity|Boomburst|p1a: Zapdos
|-resisted|p1a: Zapdos
|-damage|p1a: Zapdos|0 fnt
|faint|p1a: Zapdos
|
|upkeep
|
|t:|1779596910
|switch|p1a: Slowking|Slowking-Galar, M|39/100
|-damage|p1a: Slowking|26/100|[from] Stealth Rock
|turn|20
|
|t:|1779596914
|move|p2a: Toxtricity|Boomburst|p1a: Slowking
|-damage|p1a: Slowking|0 fnt
|faint|p1a: Slowking
|
|upkeep
|
|t:|1779596916
|switch|p1a: Kingambit|Kingambit, F|100/100
|-damage|p1a: Kingambit|94/100|[from] Stealth Rock
|-activate|p1a: Kingambit|ability: Supreme Overlord
|-start|p1a: Kingambit|fallen5|[silent]
|turn|21
|
|t:|1779596919
|move|p1a: Kingambit|Sucker Punch|p2a: Toxtricity
|-damage|p2a: Toxtricity|0 fnt
|faint|p2a: Toxtricity
|-damage|p1a: Kingambit|84/100|[from] item: Life Orb
|
|upkeep
|
|t:|1779596921
|switch|p2a: Gholdengo|Gholdengo|100/100
|-damage|p2a: Gholdengo|94/100|[from] Stealth Rock
|-damage|p2a: Gholdengo|82/100|[from] Spikes
|turn|22
|
|t:|1779596924
|move|p1a: Kingambit|Sucker Punch|p2a: Gholdengo
|-supereffective|p2a: Gholdengo
|-damage|p2a: Gholdengo|0 fnt
|faint|p2a: Gholdengo
|-damage|p1a: Kingambit|74/100|[from] item: Life Orb
|
|win|Tsugia
|raw|Tsugia's rating: 1354 &rarr; <strong>1376</strong><br />(+22 for winning)
|raw|glimpseman's rating: 1386 &rarr; <strong>1364</strong><br />(-22 for losing)
|c|☆glimpseman|gg
|c|☆Tsugia|gg
|l|☆glimpseman
|player|p2|
|c|☆Tsugia|got to go
|j|☆glimpseman
|player|p2|glimpseman|#wcor2025canada|
|l|☆Tsugia
|player|p1|
|l|☆glimpseman
|player|p2|
