|j|☆potion of binding
|j|☆Draconic Echo
|t:|1779692949
|gametype|singles
|player|p1|potion of binding|2|1526
|player|p2|Draconic Echo|gladion|1480
|gen|9
|tier|[Gen 9] OU
|rated|
|rule|HP Percentage Mod: HP is shown in percentages
|rule|Endless Battle Clause: Forcing endless battles is banned
|rule|Species Clause: Limit one of each Pokémon
|rule|OHKO Clause: OHKO moves are banned
|rule|Evasion Items Clause: Evasion items are banned
|rule|Evasion Moves Clause: Evasion moves are banned
|rule|Evasion Abilities Clause: Evasion abilities are banned
|rule|Sleep Moves Clause: Sleep-inducing moves are banned
|clearpoke
|poke|p1|Ceruledge, M|
|poke|p1|Dragonite, F|
|poke|p1|Hatterene, F|
|poke|p1|Kingambit, F|
|poke|p1|Ogerpon-Wellspring, F|
|poke|p1|Ting-Lu|
|poke|p2|Great Tusk|
|poke|p2|Vaporeon, M|
|poke|p2|Corviknight, M|
|poke|p2|Samurott-Hisui, M|
|poke|p2|Hatterene, F|
|poke|p2|Jolteon, F|
|teampreview
|
|t:|1779692959
|teamsize|p1|6
|teamsize|p2|6
|start
|switch|p1a: Ogerpon|Ogerpon-Wellspring, F|100/100
|switch|p2a: :3|Jolteon, F|100/100
|turn|1
|c|☆potion of binding|hf
|inactive|Battle timer is ON: inactive players will automatically lose when time's up. (requested by potion of binding)
|
|t:|1779692965
|move|p2a: :3|Volt Switch|p1a: Ogerpon
|-damage|p1a: Ogerpon|59/100
|
|t:|1779692968
|switch|p2a: Meep|Vaporeon, M|100/100|[from] Volt Switch
|move|p1a: Ogerpon|Ivy Cudgel|p2a: Meep|[anim] Ivy Cudgel Water
|-immune|p2a: Meep|[from] ability: Water Absorb
|
|upkeep
|turn|2
|
|t:|1779692972
|switch|p2a: :D|Corviknight, M, shiny|100/100
|-ability|p2a: :D|Pressure
|move|p1a: Ogerpon|Power Whip|p2a: :D|[miss]
|-miss|p1a: Ogerpon|p2a: :D
|
|upkeep
|turn|3
|
|t:|1779692974
|switch|p1a: Dragonite|Dragonite, F|100/100
|move|p2a: :D|Brave Bird|p1a: Dragonite
|-damage|p1a: Dragonite|80/100
|-damage|p2a: :D|95/100|[from] Recoil
|
|-heal|p1a: Dragonite|87/100|[from] item: Leftovers
|upkeep
|turn|4
|
|t:|1779692984
|switch|p2a: Meep|Vaporeon, M|100/100
|move|p1a: Dragonite|Dragon Dance|p1a: Dragonite
|-boost|p1a: Dragonite|atk|1
|-boost|p1a: Dragonite|spe|1
|
|-heal|p1a: Dragonite|93/100|[from] item: Leftovers
|upkeep
|turn|5
|
|t:|1779692987
|-terastallize|p1a: Dragonite|Ground
|move|p1a: Dragonite|Earthquake|p2a: Meep
|-damage|p2a: Meep|40/100
|move|p2a: Meep|Ice Beam|p1a: Dragonite
|-supereffective|p1a: Dragonite
|-damage|p1a: Dragonite|46/100
|
|-heal|p1a: Dragonite|53/100|[from] item: Leftovers
|-heal|p2a: Meep|47/100|[from] item: Leftovers
|upkeep
|turn|6
|
|t:|1779692996
|switch|p2a: :D|Corviknight, M, shiny|95/100
|-ability|p2a: :D|Pressure
|move|p1a: Dragonite|Earthquake|p2a: :D
|-immune|p2a: :D
|
|-heal|p1a: Dragonite|59/100|[from] item: Leftovers
|upkeep
|turn|7
|
|t:|1779692998
|move|p1a: Dragonite|Rock Slide|p2a: :D|[miss]
|-miss|p1a: Dragonite|p2a: :D
|move|p2a: :D|Brave Bird|p1a: Dragonite
|-damage|p1a: Dragonite|20/100
|-damage|p2a: :D|85/100|[from] Recoil
|
|-heal|p1a: Dragonite|27/100|[from] item: Leftovers
|upkeep
|turn|8
|
|t:|1779693005
|move|p1a: Dragonite|Rock Slide|p2a: :D
|-damage|p2a: :D|53/100
|move|p2a: :D|Brave Bird|p1a: Dragonite
|-damage|p1a: Dragonite|0 fnt
|faint|p1a: Dragonite
|-damage|p2a: :D|46/100|[from] Recoil
|
|upkeep
|
|t:|1779693016
|switch|p1a: Kingambit|Kingambit, F|100/100
|-activate|p1a: Kingambit|ability: Supreme Overlord
|-start|p1a: Kingambit|fallen1|[silent]
|turn|9
|
|t:|1779693022
|switch|p2a: Hi|Great Tusk|100/100
|move|p1a: Kingambit|Swords Dance|p1a: Kingambit
|-boost|p1a: Kingambit|atk|2
|
|upkeep
|turn|10
|
|t:|1779693029
|move|p2a: Hi|Headlong Rush|p1a: Kingambit
|-supereffective|p1a: Kingambit
|-damage|p1a: Kingambit|0 fnt
|-unboost|p2a: Hi|def|1
|-unboost|p2a: Hi|spd|1
|faint|p1a: Kingambit
|-end|p1a: Kingambit|fallen1|[silent]
|
|upkeep
|
|t:|1779693033
|switch|p1a: Ogerpon|Ogerpon-Wellspring, F|59/100
|turn|11
|
|t:|1779693037
|-end|p2a: Hi|Protosynthesis|[silent]
|switch|p2a: :D|Corviknight, M, shiny|46/100
|-ability|p2a: :D|Pressure
|move|p1a: Ogerpon|Power Whip|p2a: :D
|-resisted|p2a: :D
|-damage|p2a: :D|32/100
|-damage|p1a: Ogerpon|43/100|[from] item: Rocky Helmet|[of] p2a: :D
|
|upkeep
|turn|12
|
|t:|1779693044
|switch|p2a: Meep|Vaporeon, M|47/100
|move|p1a: Ogerpon|Ivy Cudgel|p2a: Meep|[anim] Ivy Cudgel Water
|-heal|p2a: Meep|72/100|[from] ability: Water Absorb|[of] p1a: Ogerpon
|
|-heal|p2a: Meep|78/100|[from] item: Leftovers
|upkeep
|turn|13
|
|t:|1779693049
|move|p1a: Ogerpon|Power Whip|p2a: Meep
|-supereffective|p2a: Meep
|-damage|p2a: Meep|0 fnt
|faint|p2a: Meep
|
|upkeep
|
|t:|1779693056
|switch|p2a: :3|Jolteon, F|100/100
|turn|14
|
|t:|1779693065
|switch|p2a: :)|Hatterene, F|100/100
|switch|p1a: Ting-Lu|Ting-Lu|100/100
|-ability|p1a: Ting-Lu|Vessel of Ruin
|
|upkeep
|turn|15
|
|t:|1779693070
|move|p1a: Ting-Lu|Ruination|p2a: :)
|-damage|p2a: :)|51/100
|move|p2a: :)|Draining Kiss|p1a: Ting-Lu
|-supereffective|p1a: Ting-Lu
|-damage|p1a: Ting-Lu|75/100
|-heal|p2a: :)|82/100|[from] drain|[of] p1a: Ting-Lu
|-damage|p2a: :)|65/100|[from] item: Rocky Helmet|[of] p1a: Ting-Lu
|
|-heal|p2a: :)|71/100|[from] item: Leftovers
|upkeep
|turn|16
|
|t:|1779693087
|switch|p1a: Ceruledge|Ceruledge, M|100/100
|move|p2a: :)|Calm Mind|p2a: :)
|-boost|p2a: :)|spa|1
|-boost|p2a: :)|spd|1
|
|-heal|p2a: :)|77/100|[from] item: Leftovers
|upkeep
|turn|17
|
|t:|1779693091
|move|p1a: Ceruledge|Poltergeist|p2a: :)
|-activate|p2a: :)|move: Poltergeist|Leftovers
|-supereffective|p2a: :)
|-damage|p2a: :)|0 fnt
|faint|p2a: :)
|-damage|p1a: Ceruledge|91/100|[from] item: Life Orb
|
|upkeep
|
|t:|1779693095
|switch|p2a: Hi|Great Tusk|100/100
|turn|18
|
|t:|1779693097
|switch|p1a: Ting-Lu|Ting-Lu|75/100
|-ability|p1a: Ting-Lu|Vessel of Ruin
|move|p2a: Hi|Head Smash|p1a: Ting-Lu
|-resisted|p1a: Ting-Lu
|-damage|p1a: Ting-Lu|52/100
|-damage|p2a: Hi|84/100|[from] item: Rocky Helmet|[of] p1a: Ting-Lu
|-damage|p2a: Hi|68/100|[from] Recoil
|
|upkeep
|turn|19
|
|t:|1779693102
|-end|p2a: Hi|Protosynthesis|[silent]
|switch|p2a: :D|Corviknight, M, shiny|32/100
|-ability|p2a: :D|Pressure
|move|p1a: Ting-Lu|Ruination|p2a: :D
|-damage|p2a: :D|16/100
|
|upkeep
|turn|20
|
|t:|1779693111
|move|p1a: Ting-Lu|Taunt|p2a: :D
|-start|p2a: :D|move: Taunt
|cant|p2a: :D|move: Taunt|Roost
|
|upkeep
|turn|21
|
|t:|1779693115
|switch|p2a: Hi|Great Tusk|68/100
|move|p1a: Ting-Lu|Stealth Rock|p2a: Hi
|-sidestart|p2: Draconic Echo|move: Stealth Rock
|
|upkeep
|turn|22
|
|t:|1779693119
|move|p2a: Hi|Headlong Rush|p1a: Ting-Lu
|-damage|p1a: Ting-Lu|3/100
|-unboost|p2a: Hi|def|1
|-unboost|p2a: Hi|spd|1
|-damage|p2a: Hi|52/100|[from] item: Rocky Helmet|[of] p1a: Ting-Lu
|move|p1a: Ting-Lu|Earthquake|p2a: Hi
|-damage|p2a: Hi|13/100
|
|upkeep
|turn|23
|
|t:|1779693120
|move|p2a: Hi|Headlong Rush|p1a: Ting-Lu
|-damage|p1a: Ting-Lu|0 fnt
|-unboost|p2a: Hi|def|1
|-unboost|p2a: Hi|spd|1
|-damage|p2a: Hi|0 fnt|[from] item: Rocky Helmet|[of] p1a: Ting-Lu
|faint|p1a: Ting-Lu
|faint|p2a: Hi
|-end|p2a: Hi|Protosynthesis|[silent]
|
|upkeep
|
|t:|1779693125
|switch|p2a: >:(|Samurott-Hisui, M|100/100
|switch|p1a: Hatterene|Hatterene, F|100/100
|-damage|p2a: >:(|88/100|[from] Stealth Rock
|turn|24
|
|t:|1779693128
|switch|p2a: :3|Jolteon, F|100/100
|move|p1a: Hatterene|Draining Kiss|p2a: :3
|-damage|p2a: :3|72/100
|
|upkeep
|turn|25
|
|t:|1779693135
|move|p2a: :3|Shadow Ball|p1a: Hatterene
|-supereffective|p1a: Hatterene
|-damage|p1a: Hatterene|63/100
|move|p1a: Hatterene|Mystical Fire|p2a: :3
|-damage|p2a: :3|44/100
|-unboost|p2a: :3|spa|1
|
|upkeep
|turn|26
|
|t:|1779693145
|move|p2a: :3|Volt Switch|p1a: Hatterene
|-crit|p1a: Hatterene
|-damage|p1a: Hatterene|30/100
|
|t:|1779693147
|switch|p2a: :D|Corviknight, M, shiny|16/100|[from] Volt Switch
|-damage|p2a: :D|4/100|[from] Stealth Rock
|-ability|p2a: :D|Pressure
|move|p1a: Hatterene|Mystical Fire|p2a: :D
|-supereffective|p2a: :D
|-damage|p2a: :D|0 fnt
|faint|p2a: :D
|
|upkeep
|
|t:|1779693149
|switch|p2a: :3|Jolteon, F|44/100
|turn|27
|
|t:|1779693151
|switch|p1a: Ceruledge|Ceruledge, M|91/100
|move|p2a: :3|Shadow Ball|p1a: Ceruledge
|-supereffective|p1a: Ceruledge
|-damage|p1a: Ceruledge|37/100
|-unboost|p1a: Ceruledge|spd|1
|
|upkeep
|turn|28
|
|t:|1779693156
|move|p1a: Ceruledge|Shadow Sneak|p2a: :3
|-damage|p2a: :3|0 fnt
|faint|p2a: :3
|-damage|p1a: Ceruledge|27/100|[from] item: Life Orb
|
|upkeep
|
|t:|1779693159
|switch|p2a: >:(|Samurott-Hisui, M|88/100
|-damage|p2a: >:(|76/100|[from] Stealth Rock
|turn|29
|
|t:|1779693161
|move|p2a: >:(|Ceaseless Edge|p1a: Ceruledge
|-supereffective|p1a: Ceruledge
|-damage|p1a: Ceruledge|0 fnt
|-sidestart|p1: potion of binding|Spikes
|faint|p1a: Ceruledge
|
|upkeep
|
|t:|1779693167
|switch|p1a: Hatterene|Hatterene, F|30/100
|-damage|p1a: Hatterene|18/100|[from] Spikes
|turn|30
|
|t:|1779693169
|move|p2a: >:(|Ceaseless Edge|p1a: Hatterene
|-damage|p1a: Hatterene|0 fnt
|-sidestart|p1: potion of binding|Spikes
|faint|p1a: Hatterene
|
|upkeep
|
|t:|1779693174
|switch|p1a: Ogerpon|Ogerpon-Wellspring, F|43/100
|-damage|p1a: Ogerpon|26/100|[from] Spikes
|turn|31
|
|t:|1779693176
|move|p2a: >:(|Ceaseless Edge|p1a: Ogerpon
|-damage|p1a: Ogerpon|0 fnt
|-sidestart|p1: potion of binding|Spikes
|faint|p1a: Ogerpon
|
|win|Draconic Echo
|raw|potion of binding's rating: 1526 &rarr; <strong>1503</strong><br />(-23 for losing)
|raw|Draconic Echo's rating: 1480 &rarr; <strong>1503</strong><br />(+23 for winning)
|c|☆potion of binding|gg
|l|☆potion of binding
|player|p1|
|c|☆Draconic Echo|gg
|l|☆Draconic Echo
|player|p2|
