|j|☆7_ying
|j|☆Frizkism
|t:|1779598943
|gametype|singles
|player|p1|7_ying|265|1141
|player|p2|Frizkism|kieran|1102
|gen|9
|tier|[Gen 9] OU
|rated|
|rule|HP Percentage Mod: HP is shown in percentages
|rule|Endless Battle Clause: Forcing endless battles is banned
|rule|Species Clause: Limit one of each Pokémon
|rule|OHKO Clause: OHKO moves are banned
|rule|Evasion Items Clause: Evasion items are banned
|rule|Evasion Moves Clause: Evasion moves are banned
|rule|Evasion Abilities Clause: Evasion abilities are banned
|rule|Sleep Moves Clause: Sleep-inducing moves are banned
|clearpoke
|poke|p1|Samurott-Hisui, F|
|poke|p1|Kleavor, M|
|poke|p1|Glimmora, F|
|poke|p1|Ting-Lu|
|poke|p1|Iron Moth|
|poke|p1|Gholdengo|
|poke|p2|Zamazenta-*|
|poke|p2|Iron Hands|
|poke|p2|Ceruledge, F|
|poke|p2|Iron Valiant|
|poke|p2|Deoxys-Speed|
|poke|p2|Glimmora, F|
|teampreview
|
|t:|1779598952
|teamsize|p1|6
|teamsize|p2|6
|start
|switch|p1a: Kleavor|Kleavor, M|100/100
|switch|p2a: Dancin' RTR|Deoxys-Speed|100/100
|-ability|p2a: Dancin' RTR|Pressure
|turn|1
|
|t:|1779598969
|switch|p2a: Frizk F.|Glimmora, F|100/100
|move|p1a: Kleavor|Stone Axe|p2a: Frizk F.
|-damage|p2a: Frizk F.|74/100
|-activate|p2a: Frizk F.|ability: Toxic Debris
|-sidestart|p1: 7_ying|move: Toxic Spikes
|-sidestart|p2: Frizkism|move: Stealth Rock
|-enditem|p2a: Frizk F.|Red Card|[of] p1a: Kleavor
|drag|p1a: Ting-Lu|Ting-Lu|100/100
|-status|p1a: Ting-Lu|psn
|-ability|p1a: Ting-Lu|Vessel of Ruin
|
|-damage|p1a: Ting-Lu|88/100 psn|[from] psn
|upkeep
|turn|2
|
|t:|1779598986
|move|p2a: Frizk F.|Stealth Rock|p1a: Ting-Lu
|-sidestart|p1: 7_ying|move: Stealth Rock
|move|p1a: Ting-Lu|Whirlwind|p2a: Frizk F.
|drag|p2a: not askin 4 much|Iron Hands|100/100
|-damage|p2a: not askin 4 much|94/100|[from] Stealth Rock
|-enditem|p2a: not askin 4 much|Booster Energy
|-activate|p2a: not askin 4 much|ability: Quark Drive|[fromitem]
|-start|p2a: not askin 4 much|quarkdriveatk
|
|-heal|p1a: Ting-Lu|94/100 psn|[from] item: Leftovers
|-damage|p1a: Ting-Lu|82/100 psn|[from] psn
|upkeep
|turn|3
|
|t:|1779598999
|move|p2a: not askin 4 much|Ice Punch|p1a: Ting-Lu
|-supereffective|p1a: Ting-Lu
|-damage|p1a: Ting-Lu|48/100 psn
|move|p1a: Ting-Lu|Spikes|p2a: not askin 4 much
|-sidestart|p2: Frizkism|Spikes
|
|-heal|p1a: Ting-Lu|54/100 psn|[from] item: Leftovers
|-damage|p1a: Ting-Lu|41/100 psn|[from] psn
|upkeep
|turn|4
|
|t:|1779599011
|move|p2a: not askin 4 much|Ice Punch|p1a: Ting-Lu
|-supereffective|p1a: Ting-Lu
|-damage|p1a: Ting-Lu|10/100 psn
|move|p1a: Ting-Lu|Whirlwind|p2a: not askin 4 much
|-end|p2a: not askin 4 much|Quark Drive|[silent]
|drag|p2a: ALL MY FELLAS|Ceruledge, F|100/100
|-damage|p2a: ALL MY FELLAS|76/100|[from] Stealth Rock
|-damage|p2a: ALL MY FELLAS|63/100|[from] Spikes
|
|-heal|p1a: Ting-Lu|16/100 psn|[from] item: Leftovers
|-damage|p1a: Ting-Lu|4/100 psn|[from] psn
|upkeep
|turn|5
|
|t:|1779599020
|move|p2a: ALL MY FELLAS|Shadow Sneak|p1a: Ting-Lu
|-resisted|p1a: Ting-Lu
|-damage|p1a: Ting-Lu|0 fnt
|faint|p1a: Ting-Lu
|-damage|p2a: ALL MY FELLAS|53/100|[from] item: Life Orb
|
|upkeep
|
|t:|1779599026
|switch|p1a: Glimmora|Glimmora, F|100/100
|-sideend|p1: 7_ying|move: Toxic Spikes|[of] p1a: Glimmora
|-damage|p1a: Glimmora|88/100|[from] Stealth Rock
|turn|6
|
|t:|1779599036
|switch|p2a: Frizk F.|Glimmora, F|74/100
|-damage|p2a: Frizk F.|61/100|[from] Stealth Rock
|-damage|p2a: Frizk F.|49/100|[from] Spikes
|move|p1a: Glimmora|Mortal Spin|p2a: Frizk F.
|-resisted|p2a: Frizk F.
|-damage|p2a: Frizk F.|48/100
|-activate|p2a: Frizk F.|ability: Toxic Debris
|-sidestart|p1: 7_ying|move: Toxic Spikes
|-sideend|p1: 7_ying|Toxic Spikes|[from] move: Mortal Spin|[of] p1a: Glimmora
|-sideend|p1: 7_ying|Stealth Rock|[from] move: Mortal Spin|[of] p1a: Glimmora
|
|upkeep
|turn|7
|
|t:|1779599042
|move|p2a: Frizk F.|Mortal Spin|p1a: Glimmora
|-resisted|p1a: Glimmora
|-damage|p1a: Glimmora|87/100
|-activate|p1a: Glimmora|ability: Toxic Debris
|-sidestart|p2: Frizkism|move: Toxic Spikes
|-sideend|p2: Frizkism|Spikes|[from] move: Mortal Spin|[of] p2a: Frizk F.
|-sideend|p2: Frizkism|Toxic Spikes|[from] move: Mortal Spin|[of] p2a: Frizk F.
|-sideend|p2: Frizkism|Stealth Rock|[from] move: Mortal Spin|[of] p2a: Frizk F.
|move|p1a: Glimmora|Earth Power|p2a: Frizk F.
|-supereffective|p2a: Frizk F.
|-damage|p2a: Frizk F.|0 fnt
|faint|p2a: Frizk F.
|
|upkeep
|
|t:|1779599066
|switch|p2a: mintbeat|Iron Valiant|100/100
|-enditem|p2a: mintbeat|Booster Energy
|-activate|p2a: mintbeat|ability: Quark Drive|[fromitem]
|-start|p2a: mintbeat|quarkdrivespe
|turn|8
|
|t:|1779599075
|-terastallize|p2a: mintbeat|Steel
|move|p2a: mintbeat|Calm Mind|p2a: mintbeat
|-boost|p2a: mintbeat|spa|1
|-boost|p2a: mintbeat|spd|1
|move|p1a: Glimmora|Sludge Wave|p2a: mintbeat
|-immune|p2a: mintbeat
|
|upkeep
|turn|9
|
|t:|1779599083
|move|p2a: mintbeat|Focus Blast|p1a: Glimmora
|-damage|p1a: Glimmora|0 fnt
|faint|p1a: Glimmora
|
|upkeep
|
|t:|1779599092
|switch|p1a: Kleavor|Kleavor, M|100/100
|turn|10
|
|t:|1779599107
|move|p2a: mintbeat|Moonblast|p1a: Kleavor
|-damage|p1a: Kleavor|0 fnt
|faint|p1a: Kleavor
|
|upkeep
|
|t:|1779599111
|switch|p1a: Samurott|Samurott-Hisui, F|100/100
|turn|11
|
|t:|1779599116
|move|p2a: mintbeat|Moonblast|p1a: Samurott
|-supereffective|p1a: Samurott
|-damage|p1a: Samurott|0 fnt
|faint|p1a: Samurott
|
|upkeep
|
|t:|1779599121
|switch|p1a: Gholdengo|Gholdengo|100/100
|-item|p1a: Gholdengo|Air Balloon
|turn|12
|
|t:|1779599125
|move|p2a: mintbeat|Moonblast|p1a: Gholdengo
|-resisted|p1a: Gholdengo
|-damage|p1a: Gholdengo|64/100
|-enditem|p1a: Gholdengo|Air Balloon
|move|p1a: Gholdengo|Thunder Wave|p2a: mintbeat
|-status|p2a: mintbeat|par
|
|upkeep
|turn|13
|
|t:|1779599131
|move|p2a: mintbeat|Thunderbolt|p1a: Gholdengo
|-damage|p1a: Gholdengo|23/100
|move|p1a: Gholdengo|Hex|p2a: mintbeat
|-damage|p2a: mintbeat|13/100 par
|
|upkeep
|turn|14
|
|t:|1779599140
|move|p2a: mintbeat|Thunderbolt|p1a: Gholdengo
|-damage|p1a: Gholdengo|0 fnt
|faint|p1a: Gholdengo
|
|upkeep
|
|t:|1779599142
|switch|p1a: Iron Moth|Iron Moth|100/100
|turn|15
|
|t:|1779599148
|-terastallize|p1a: Iron Moth|Fire
|move|p1a: Iron Moth|Fire Blast|p2a: mintbeat
|-supereffective|p2a: mintbeat
|-damage|p2a: mintbeat|0 fnt
|faint|p2a: mintbeat
|-end|p2a: mintbeat|Quark Drive|[silent]
|
|upkeep
|
|t:|1779599166
|switch|p2a: not askin 4 much|Iron Hands|94/100
|turn|16
|
|t:|1779599175
|move|p1a: Iron Moth|Dazzling Gleam|p2a: not askin 4 much
|-supereffective|p2a: not askin 4 much
|-damage|p2a: not askin 4 much|38/100
|move|p2a: not askin 4 much|Close Combat|p1a: Iron Moth
|-damage|p1a: Iron Moth|0 fnt
|-unboost|p2a: not askin 4 much|def|1
|-unboost|p2a: not askin 4 much|spd|1
|faint|p1a: Iron Moth
|-end|p1a: Iron Moth|Quark Drive|[silent]
|
|win|Frizkism
|raw|7_ying's rating: 1141 &rarr; <strong>1113</strong><br />(-28 for losing)
|raw|Frizkism's rating: 1102 &rarr; <strong>1130</strong><br />(+28 for winning)
|l|☆7_ying
|player|p1|
|l|☆Frizkism
|player|p2|
