|j|☆Big man Lukas
|j|☆delacroixxx
|t:|1779692223
|gametype|singles
|player|p1|Big man Lukas|hilda-wonderlauncher|1369
|player|p2|delacroixxx|az|1319
|gen|9
|tier|[Gen 9] OU
|rated|
|rule|HP Percentage Mod: HP is shown in percentages
|rule|Endless Battle Clause: Forcing endless battles is banned
|rule|Species Clause: Limit one of each Pokémon
|rule|OHKO Clause: OHKO moves are banned
|rule|Evasion Items Clause: Evasion items are banned
|rule|Evasion Moves Clause: Evasion moves are banned
|rule|Evasion Abilities Clause: Evasion abilities are banned
|rule|Sleep Moves Clause: Sleep-inducing moves are banned
|clearpoke
|poke|p1|Gholdengo|
|poke|p1|Ogerpon-Wellspring, F|
|poke|p1|Okidogi, M|
|poke|p1|Haxorus, M|
|poke|p1|Iron Treads|
|poke|p1|Volcanion|
|poke|p2|Grimmsnarl, M|
|poke|p2|Iron Treads|
|poke|p2|Raging Bolt|
|poke|p2|Ogerpon-Wellspring, F|
|poke|p2|Ceruledge, M|
|poke|p2|Maushold-Four|
|teampreview
|
|t:|1779692233
|teamsize|p1|6
|teamsize|p2|6
|start
|switch|p1a: Iron Treads|Iron Treads|100/100
|switch|p2a: Grimmsnarl|Grimmsnarl, M, shiny|100/100
|turn|1
|inactive|Battle timer is ON: inactive players will automatically lose when time's up. (requested by delacroixxx)
|
|t:|1779692247
|move|p2a: Grimmsnarl|Reflect|p2a: Grimmsnarl
|-sidestart|p2: delacroixxx|Reflect
|move|p1a: Iron Treads|Steel Beam|p2a: Grimmsnarl
|-supereffective|p2a: Grimmsnarl
|-damage|p2a: Grimmsnarl|0 fnt
|-damage|p1a: Iron Treads|50/100|[from] steelbeam
|faint|p2a: Grimmsnarl
|
|upkeep
|
|t:|1779692262
|switch|p2a: Iron Treads|Iron Treads|100/100
|-enditem|p2a: Iron Treads|Booster Energy
|-activate|p2a: Iron Treads|ability: Quark Drive|[fromitem]
|-start|p2a: Iron Treads|quarkdrivespe
|turn|2
|
|t:|1779692275
|move|p2a: Iron Treads|Earth Power|p1a: Iron Treads
|-supereffective|p1a: Iron Treads
|-damage|p1a: Iron Treads|0 fnt
|faint|p1a: Iron Treads
|-end|p1a: Iron Treads|Quark Drive|[silent]
|
|upkeep
|
|t:|1779692281
|switch|p1a: Ogerpon|Ogerpon-Wellspring, F|100/100
|turn|3
|
|t:|1779692287
|move|p2a: Iron Treads|Stealth Rock|p1a: Ogerpon
|-sidestart|p1: Big man Lukas|move: Stealth Rock
|move|p1a: Ogerpon|Power Whip|p2a: Iron Treads
|-damage|p2a: Iron Treads|71/100
|
|upkeep
|turn|4
|
|t:|1779692293
|move|p2a: Iron Treads|Earth Power|p1a: Ogerpon
|-resisted|p1a: Ogerpon
|-damage|p1a: Ogerpon|83/100
|move|p1a: Ogerpon|Ivy Cudgel|p2a: Iron Treads|[anim] Ivy Cudgel Water
|-supereffective|p2a: Iron Treads
|-damage|p2a: Iron Treads|14/100
|
|upkeep
|turn|5
|
|t:|1779692314
|move|p2a: Iron Treads|Steel Beam|p1a: Ogerpon
|-resisted|p1a: Ogerpon
|-damage|p1a: Ogerpon|55/100
|-damage|p2a: Iron Treads|0 fnt|[from] steelbeam
|faint|p2a: Iron Treads
|-end|p2a: Iron Treads|Quark Drive|[silent]
|move|p1a: Ogerpon|Power Whip|p2: Iron Treads|[notarget]
|-fail|p1a: Ogerpon
|
|upkeep
|
|t:|1779692325
|switch|p2a: Maushold|Maushold-Four|100/100
|turn|6
|
|t:|1779692330
|move|p2a: Maushold|Population Bomb|p1a: Ogerpon
|-damage|p1a: Ogerpon|39/100
|-damage|p1a: Ogerpon|23/100
|-crit|p1a: Ogerpon
|-damage|p1a: Ogerpon|2/100
|-damage|p1a: Ogerpon|0 fnt
|faint|p1a: Ogerpon
|-hitcount|p1: Ogerpon|4
|
|upkeep
|
|t:|1779692332
|switch|p1a: Volcanion|Volcanion|100/100
|turn|7
|
|t:|1779692338
|switch|p2a: Ogerpon|Ogerpon-Wellspring, F|100/100
|move|p1a: Volcanion|Steam Eruption|p2a: Ogerpon
|-immune|p2a: Ogerpon|[from] ability: Water Absorb
|
|upkeep
|turn|8
|
|t:|1779692349
|move|p2a: Ogerpon|Swords Dance|p2a: Ogerpon
|-boost|p2a: Ogerpon|atk|2
|move|p1a: Volcanion|Sludge Bomb|p2a: Ogerpon
|-supereffective|p2a: Ogerpon
|-damage|p2a: Ogerpon|23/100
|
|-sideend|p2: delacroixxx|Reflect
|upkeep
|turn|9
|
|t:|1779692371
|move|p2a: Ogerpon|Trailblaze|p1a: Volcanion
|-damage|p1a: Volcanion|53/100
|-boost|p2a: Ogerpon|spe|1
|move|p1a: Volcanion|Sludge Bomb|p2a: Ogerpon
|-supereffective|p2a: Ogerpon
|-damage|p2a: Ogerpon|0 fnt
|faint|p2a: Ogerpon
|
|upkeep
|
|t:|1779692378
|switch|p2a: Maushold|Maushold-Four|100/100
|turn|10
|
|t:|1779692400
|move|p2a: Maushold|Population Bomb|p1a: Volcanion
|-damage|p1a: Volcanion|44/100
|-damage|p1a: Volcanion|35/100
|-damage|p1a: Volcanion|26/100
|-damage|p1a: Volcanion|17/100
|-damage|p1a: Volcanion|8/100
|-damage|p1a: Volcanion|0 fnt
|faint|p1a: Volcanion
|-hitcount|p1: Volcanion|6
|
|upkeep
|
|t:|1779692404
|switch|p1a: Gholdengo|Gholdengo|100/100
|-damage|p1a: Gholdengo|94/100|[from] Stealth Rock
|-item|p1a: Gholdengo|Air Balloon
|turn|11
|
|t:|1779692419
|move|p2a: Maushold|Tidy Up|p2a: Maushold
|-sideend|p1: Big man Lukas|Stealth Rock
|-activate|p2a: Maushold|move: Tidy Up
|-boost|p2a: Maushold|atk|1
|-boost|p2a: Maushold|spe|1
|move|p1a: Gholdengo|Focus Blast|p2a: Maushold|[miss]
|-miss|p1a: Gholdengo|p2a: Maushold
|
|upkeep
|turn|12
|
|t:|1779692449
|-terastallize|p2a: Maushold|Ghost
|move|p2a: Maushold|Bite|p1a: Gholdengo
|-supereffective|p1a: Gholdengo
|-damage|p1a: Gholdengo|32/100
|-enditem|p1a: Gholdengo|Air Balloon
|cant|p1a: Gholdengo|flinch
|
|upkeep
|turn|13
|
|t:|1779692454
|-terastallize|p1a: Gholdengo|Fairy
|move|p2a: Maushold|Bite|p1a: Gholdengo
|-resisted|p1a: Gholdengo
|-damage|p1a: Gholdengo|16/100
|cant|p1a: Gholdengo|flinch
|
|upkeep
|turn|14
|
|t:|1779692460
|move|p2a: Maushold|Population Bomb|p1a: Gholdengo
|-damage|p1a: Gholdengo|0 fnt
|faint|p1a: Gholdengo
|-hitcount|p1: Gholdengo|1
|
|upkeep
|
|t:|1779692463
|switch|p1a: Okidogi|Okidogi, M|100/100
|turn|15
|
|t:|1779692468
|move|p2a: Maushold|Population Bomb|p1a: Okidogi
|-damage|p1a: Okidogi|88/100
|-damage|p1a: Okidogi|74/100
|-damage|p1a: Okidogi|61/100
|-damage|p1a: Okidogi|48/100
|-enditem|p1a: Okidogi|Sitrus Berry|[eat]
|-heal|p1a: Okidogi|73/100|[from] item: Sitrus Berry
|-damage|p1a: Okidogi|60/100
|-crit|p1a: Okidogi
|-damage|p1a: Okidogi|41/100
|-damage|p1a: Okidogi|28/100
|-damage|p1a: Okidogi|16/100
|-damage|p1a: Okidogi|2/100
|-damage|p1a: Okidogi|0 fnt
|faint|p1a: Okidogi
|-hitcount|p1: Okidogi|10
|
|upkeep
|
|t:|1779692475
|switch|p1a: Haxorus|Haxorus, M, shiny|100/100
|-ability|p1a: Haxorus|Mold Breaker
|turn|16
|
|t:|1779692479
|move|p2a: Maushold|Population Bomb|p1a: Haxorus
|-damage|p1a: Haxorus|81/100
|-damage|p1a: Haxorus|61/100
|-damage|p1a: Haxorus|39/100
|-damage|p1a: Haxorus|19/100
|-damage|p1a: Haxorus|0 fnt
|faint|p1a: Haxorus
|-hitcount|p1: Haxorus|5
|
|win|delacroixxx
|raw|Big man Lukas's rating: 1369 &rarr; <strong>1346</strong><br />(-23 for losing)
|raw|delacroixxx's rating: 1319 &rarr; <strong>1342</strong><br />(+23 for winning)
|l|☆delacroixxx
|player|p2|
