|j|☆Satoshi248
|j|☆distantmonk
|t:|1779601452
|gametype|singles
|player|p1|Satoshi248|hilbert|1123
|player|p2|distantmonk|li|1165
|gen|9
|tier|[Gen 9] OU
|rated|
|rule|HP Percentage Mod: HP is shown in percentages
|rule|Endless Battle Clause: Forcing endless battles is banned
|rule|Species Clause: Limit one of each Pokémon
|rule|OHKO Clause: OHKO moves are banned
|rule|Evasion Items Clause: Evasion items are banned
|rule|Evasion Moves Clause: Evasion moves are banned
|rule|Evasion Abilities Clause: Evasion abilities are banned
|rule|Sleep Moves Clause: Sleep-inducing moves are banned
|clearpoke
|poke|p1|Greninja-*, M|
|poke|p1|Porygon2|
|poke|p1|Garchomp, M|
|poke|p1|Arcanine, F|
|poke|p1|Blissey, F|
|poke|p1|Corviknight, F|
|poke|p2|Ribombee, F|
|poke|p2|Rillaboom, F|
|poke|p2|Gholdengo|
|poke|p2|Tentacruel, M|
|poke|p2|Weavile, F|
|poke|p2|Ceruledge, F|
|teampreview
|inactive|Battle timer is ON: inactive players will automatically lose when time's up. (requested by distantmonk)
|
|t:|1779601470
|teamsize|p1|6
|teamsize|p2|6
|start
|switch|p1a: Garchomp|Garchomp, M|100/100
|switch|p2a: Weavile|Weavile, F|100/100
|turn|1
|inactive|distantmonk has 120 seconds left.
|
|t:|1779601510
|switch|p1a: Arcanine|Arcanine, F|100/100
|-ability|p1a: Arcanine|Intimidate|boost
|-unboost|p2a: Weavile|atk|1
|-terastallize|p2a: Weavile|Dark
|move|p2a: Weavile|Knock Off|p1a: Arcanine
|-damage|p1a: Arcanine|14/100
|-enditem|p1a: Arcanine|Life Orb|[from] move: Knock Off|[of] p2a: Weavile
|
|upkeep
|turn|2
|
|t:|1779601526
|move|p2a: Weavile|Knock Off|p1a: Arcanine
|-damage|p1a: Arcanine|0 fnt
|faint|p1a: Arcanine
|
|upkeep
|inactive|Satoshi248 has 120 seconds left.
|
|t:|1779601544
|switch|p1a: Corviknight|Corviknight, F|100/100
|turn|3
|inactive|distantmonk has 120 seconds left.
|inactive|Satoshi248 has 120 seconds left.
|
|t:|1779601570
|switch|p2a: Ribombee|Ribombee, F|100/100
|move|p1a: Corviknight|Brave Bird|p2a: Ribombee
|-supereffective|p2a: Ribombee
|-enditem|p2a: Ribombee|Focus Sash
|-damage|p2a: Ribombee|1/100
|-damage|p1a: Corviknight|79/100|[from] Recoil
|
|upkeep
|turn|4
|inactive|Satoshi248 has 120 seconds left.
|
|t:|1779601583
|move|p2a: Ribombee|Stun Spore|p1a: Corviknight|[miss]
|-miss|p2a: Ribombee|p1a: Corviknight
|move|p1a: Corviknight|Iron Head|p2a: Ribombee
|-supereffective|p2a: Ribombee
|-damage|p2a: Ribombee|0 fnt
|faint|p2a: Ribombee
|
|upkeep
|
|t:|1779601594
|switch|p2a: Ceruledge|Ceruledge, F|100/100
|turn|5
|
|t:|1779601608
|switch|p1a: Greninja|Greninja, M|100/100
|move|p2a: Ceruledge|Bulk Up|p2a: Ceruledge
|-boost|p2a: Ceruledge|atk|1
|-boost|p2a: Ceruledge|def|1
|
|upkeep
|turn|6
|inactive|Satoshi248 has 120 seconds left.
|inactive|distantmonk has 90 seconds left.
|
|t:|1779601650
|switch|p2a: Tentacruel|Tentacruel, M|100/100
|move|p1a: Greninja|Dark Pulse|p2a: Tentacruel
|-damage|p2a: Tentacruel|69/100
|
|upkeep
|turn|7
|inactive|Satoshi248 has 120 seconds left.
|
|t:|1779601662
|switch|p1a: Corviknight|Corviknight, F|79/100
|move|p2a: Tentacruel|Knock Off|p1a: Corviknight
|-damage|p1a: Corviknight|69/100
|-enditem|p1a: Corviknight|Sitrus Berry|[from] move: Knock Off|[of] p2a: Tentacruel
|
|upkeep
|turn|8
|inactive|distantmonk has 90 seconds left.
|inactive|Satoshi248 has 120 seconds left.
|
|t:|1779601675
|move|p2a: Tentacruel|Flip Turn|p1a: Corviknight
|-damage|p1a: Corviknight|60/100
|
|t:|1779601679
|switch|p2a: Ceruledge|Ceruledge, F|100/100|[from] Flip Turn
|move|p1a: Corviknight|Roost|p1a: Corviknight
|-heal|p1a: Corviknight|100/100
|-singleturn|p1a: Corviknight|move: Roost
|
|upkeep
|turn|9
|
|t:|1779601689
|switch|p1a: Greninja|Greninja, M|100/100
|move|p2a: Ceruledge|Poltergeist|p1a: Greninja|[miss]
|-miss|p2a: Ceruledge|p1a: Greninja
|
|upkeep
|turn|10
|
|t:|1779601705
|switch|p2a: Tentacruel|Tentacruel, M|69/100
|move|p1a: Greninja|Dark Pulse|p2a: Tentacruel
|-damage|p2a: Tentacruel|42/100
|
|upkeep
|turn|11
|
|t:|1779601713
|switch|p1a: Corviknight|Corviknight, F|100/100
|move|p2a: Tentacruel|Flip Turn|p1a: Corviknight
|-damage|p1a: Corviknight|91/100
|
|t:|1779601720
|switch|p2a: Ceruledge|Ceruledge, F|100/100|[from] Flip Turn
|
|upkeep
|turn|12
|
|t:|1779601732
|move|p2a: Ceruledge|Poltergeist||[still]
|-fail|p2a: Ceruledge
|move|p1a: Corviknight|Brave Bird|p2a: Ceruledge
|-damage|p2a: Ceruledge|50/100
|-ability|p2a: Ceruledge|Weak Armor|boost
|-unboost|p2a: Ceruledge|def|1
|-boost|p2a: Ceruledge|spe|2
|-damage|p1a: Corviknight|77/100|[from] Recoil
|
|upkeep
|turn|13
|inactive|distantmonk has 120 seconds left.
|
|t:|1779601745
|switch|p1a: Greninja|Greninja, M|100/100
|move|p2a: Ceruledge|Bitter Blade|p1a: Greninja
|-resisted|p1a: Greninja
|-damage|p1a: Greninja|58/100
|-heal|p2a: Ceruledge|69/100|[from] drain|[of] p1a: Greninja
|
|upkeep
|turn|14
|
|t:|1779601755
|move|p2a: Ceruledge|Poltergeist|p1a: Greninja
|-activate|p1a: Greninja|move: Poltergeist|Choice Specs
|-resisted|p1a: Greninja
|-damage|p1a: Greninja|4/100
|move|p1a: Greninja|Dark Pulse|p2a: Ceruledge
|-supereffective|p2a: Ceruledge
|-damage|p2a: Ceruledge|0 fnt
|faint|p2a: Ceruledge
|-ability|p1a: Greninja|Battle Bond|boost
|-boost|p1a: Greninja|atk|1
|-boost|p1a: Greninja|spa|1
|-boost|p1a: Greninja|spe|1
|-activate|p1a: Greninja|ability: Battle Bond
|
|upkeep
|inactive|distantmonk has 120 seconds left.
|
|t:|1779601765
|switch|p2a: Weavile|Weavile, F, tera:Dark|100/100
|turn|15
|
|t:|1779601777
|switch|p1a: Corviknight|Corviknight, F|77/100
|move|p2a: Weavile|Ice Shard|p1a: Corviknight
|-damage|p1a: Corviknight|59/100
|
|upkeep
|turn|16
|c|☆distantmonk|Just barely
|
|t:|1779601785
|switch|p2a: Gholdengo|Gholdengo|100/100
|move|p1a: Corviknight|Roost|p1a: Corviknight
|-heal|p1a: Corviknight|100/100
|-singleturn|p1a: Corviknight|move: Roost
|
|upkeep
|turn|17
|
|t:|1779601797
|switch|p1a: Blissey|Blissey, F|100/100
|move|p2a: Gholdengo|Trick|p1a: Blissey
|-activate|p2a: Gholdengo|move: Trick|[of] p1a: Blissey
|-item|p1a: Blissey|Choice Scarf|[from] move: Trick
|-item|p2a: Gholdengo|Leftovers|[from] move: Trick
|
|upkeep
|turn|18
|
|t:|1779601809
|move|p2a: Gholdengo|Nasty Plot|p2a: Gholdengo
|-boost|p2a: Gholdengo|spa|2
|move|p1a: Blissey|Seismic Toss|p2a: Gholdengo
|-immune|p2a: Gholdengo
|
|upkeep
|turn|19
|
|t:|1779601826
|switch|p1a: Porygon2|Porygon2, shiny|100/100
|move|p2a: Gholdengo|Shadow Ball|p1a: Porygon2
|-immune|p1a: Porygon2
|
|upkeep
|turn|20
|
|t:|1779601840
|move|p2a: Gholdengo|Nasty Plot|p2a: Gholdengo
|-boost|p2a: Gholdengo|spa|2
|move|p1a: Porygon2|Discharge|p2a: Gholdengo
|-damage|p2a: Gholdengo|67/100
|
|-heal|p2a: Gholdengo|73/100|[from] item: Leftovers
|upkeep
|turn|21
|
|t:|1779601851
|move|p2a: Gholdengo|Make It Rain|p1a: Porygon2
|-damage|p1a: Porygon2|0 fnt
|-unboost|p2a: Gholdengo|spa|1
|faint|p1a: Porygon2
|
|-heal|p2a: Gholdengo|79/100|[from] item: Leftovers
|upkeep
|
|t:|1779601861
|switch|p1a: Garchomp|Garchomp, M|100/100
|turn|22
|
|t:|1779601865
|switch|p2a: Rillaboom|Rillaboom, F|100/100
|-fieldstart|move: Grassy Terrain|[from] ability: Grassy Surge|[of] p2a: Rillaboom
|move|p1a: Garchomp|Earthquake|p2a: Rillaboom
|-resisted|p2a: Rillaboom
|-damage|p2a: Rillaboom|81/100
|
|-heal|p2a: Rillaboom|87/100|[from] Grassy Terrain
|upkeep
|turn|23
|
|t:|1779601878
|switch|p1a: Corviknight|Corviknight, F|100/100
|switch|p2a: Gholdengo|Gholdengo|79/100
|
|-heal|p2a: Gholdengo|85/100|[from] Grassy Terrain
|-heal|p2a: Gholdengo|91/100|[from] item: Leftovers
|upkeep
|turn|24
|
|t:|1779601892
|switch|p1a: Garchomp|Garchomp, M|100/100
|move|p2a: Gholdengo|Shadow Ball|p1a: Garchomp
|-damage|p1a: Garchomp|54/100
|-unboost|p1a: Garchomp|spd|1
|
|-heal|p1a: Garchomp|61/100|[from] Grassy Terrain
|-heal|p2a: Gholdengo|97/100|[from] Grassy Terrain
|-heal|p2a: Gholdengo|100/100|[from] item: Leftovers
|upkeep
|turn|25
|
|t:|1779601903
|move|p1a: Garchomp|Poison Jab|p2a: Gholdengo
|-immune|p2a: Gholdengo
|move|p2a: Gholdengo|Shadow Ball|p1a: Garchomp
|-damage|p1a: Garchomp|0 fnt
|faint|p1a: Garchomp
|
|upkeep
|-message|Satoshi248 forfeited.
|
|win|distantmonk
|raw|Satoshi248's rating: 1123 &rarr; <strong>1101</strong><br />(-22 for losing)
|raw|distantmonk's rating: 1165 &rarr; <strong>1187</strong><br />(+22 for winning)
|l|☆Satoshi248
|player|p1|
