|j|☆x_anabolic_x
|j|☆Wyrdwind
|t:|1779694013
|gametype|singles
|player|p1|x_anabolic_x|ltsurge|1281
|player|p2|Wyrdwind|bea-masters|1303
|gen|9
|tier|[Gen 9] OU
|rated|
|rule|HP Percentage Mod: HP is shown in percentages
|rule|Endless Battle Clause: Forcing endless battles is banned
|rule|Species Clause: Limit one of each Pokémon
|rule|OHKO Clause: OHKO moves are banned
|rule|Evasion Items Clause: Evasion items are banned
|rule|Evasion Moves Clause: Evasion moves are banned
|rule|Evasion Abilities Clause: Evasion abilities are banned
|rule|Sleep Moves Clause: Sleep-inducing moves are banned
|clearpoke
|poke|p1|Tyranitar, F|
|poke|p1|Goodra-Hisui, F|
|poke|p1|Skeledirge, F|
|poke|p1|Ogerpon-Wellspring, F|
|poke|p1|Eelektross, M|
|poke|p1|Muk-Alola, M|
|poke|p2|Dragapult, F|
|poke|p2|Rillaboom, M|
|poke|p2|Slowking-Galar, M|
|poke|p2|Great Tusk|
|poke|p2|Garganacl, F|
|poke|p2|Kingambit, F|
|teampreview
|inactive|Battle timer is ON: inactive players will automatically lose when time's up. (requested by Wyrdwind)
|inactive|x_anabolic_x also wants the timer to be on.
|c|☆Wyrdwind|Hf
|c|☆x_anabolic_x|glhf bro
|inactive|Wyrdwind has 120 seconds left.
|
|t:|1779694046
|teamsize|p1|6
|teamsize|p2|6
|start
|switch|p1a: Ogerpon|Ogerpon-Wellspring, F|100/100
|switch|p2a: Great Tusk|Great Tusk, shiny|100/100
|-enditem|p2a: Great Tusk|Booster Energy
|-activate|p2a: Great Tusk|ability: Protosynthesis|[fromitem]
|-start|p2a: Great Tusk|protosynthesisatk
|turn|1
|c|☆x_anabolic_x|nice team
|c|☆Wyrdwind|Ty
|c|☆Wyrdwind|U2
|
|t:|1779694068
|-end|p2a: Great Tusk|Protosynthesis|[silent]
|switch|p2a: Rillaboom|Rillaboom, M|100/100
|-fieldstart|move: Grassy Terrain|[from] ability: Grassy Surge|[of] p2a: Rillaboom
|move|p1a: Ogerpon|Knock Off|p2a: Rillaboom
|-damage|p2a: Rillaboom|58/100
|-enditem|p2a: Rillaboom|Choice Band|[from] move: Knock Off|[of] p1a: Ogerpon
|
|-heal|p2a: Rillaboom|64/100|[from] Grassy Terrain
|upkeep
|turn|2
|
|t:|1779694083
|switch|p1a: Muk|Muk-Alola, M|100/100
|move|p2a: Rillaboom|Grassy Glide|p1a: Muk
|-resisted|p1a: Muk
|-damage|p1a: Muk|77/100
|
|-heal|p2a: Rillaboom|70/100|[from] Grassy Terrain
|-heal|p1a: Muk|83/100|[from] Grassy Terrain
|-heal|p1a: Muk|90/100|[from] item: Black Sludge
|upkeep
|turn|3
|
|t:|1779694098
|move|p2a: Rillaboom|U-turn|p1a: Muk
|-damage|p1a: Muk|58/100
|
|t:|1779694101
|switch|p2a: Great Tusk|Great Tusk, shiny|100/100|[from] U-turn
|move|p1a: Muk|Knock Off|p2a: Great Tusk
|-resisted|p2a: Great Tusk
|-damage|p2a: Great Tusk|90/100
|-status|p2a: Great Tusk|psn|[from] ability: Poison Touch|[of] p1a: Muk
|
|-heal|p2a: Great Tusk|96/100 psn|[from] Grassy Terrain
|-heal|p1a: Muk|64/100|[from] Grassy Terrain
|-heal|p1a: Muk|71/100|[from] item: Black Sludge
|-damage|p2a: Great Tusk|84/100 psn|[from] psn
|upkeep
|turn|4
|
|t:|1779694116
|switch|p1a: Eelektross|Eelektross, M|100/100
|move|p2a: Great Tusk|Stealth Rock|p1a: Eelektross
|-sidestart|p1: x_anabolic_x|move: Stealth Rock
|
|-heal|p2a: Great Tusk|90/100 psn|[from] Grassy Terrain
|-damage|p2a: Great Tusk|78/100 psn|[from] psn
|upkeep
|turn|5
|
|t:|1779694137
|-end|p2a: Great Tusk|Protosynthesis|[silent]
|switch|p2a: Kingambit|Kingambit, F|100/100
|-item|p2a: Kingambit|Air Balloon
|move|p1a: Eelektross|Coil|p1a: Eelektross
|-boost|p1a: Eelektross|atk|1
|-boost|p1a: Eelektross|def|1
|-boost|p1a: Eelektross|accuracy|1
|
|-fieldend|move: Grassy Terrain
|upkeep
|turn|6
|
|t:|1779694147
|move|p1a: Eelektross|Coil|p1a: Eelektross
|-boost|p1a: Eelektross|atk|1
|-boost|p1a: Eelektross|def|1
|-boost|p1a: Eelektross|accuracy|1
|move|p2a: Kingambit|Swords Dance|p2a: Kingambit
|-boost|p2a: Kingambit|atk|2
|
|upkeep
|turn|7
|
|t:|1779694154
|move|p2a: Kingambit|Sucker Punch|p1a: Eelektross
|-damage|p1a: Eelektross|53/100
|move|p1a: Eelektross|Drain Punch|p2a: Kingambit
|-supereffective|p2a: Kingambit
|-damage|p2a: Kingambit|0 fnt
|-heal|p1a: Eelektross|100/100|[from] drain|[of] p2a: Kingambit
|-enditem|p2a: Kingambit|Air Balloon
|faint|p2a: Kingambit
|-end|p2a: Kingambit|fallenundefined|[silent]
|
|upkeep
|
|t:|1779694158
|switch|p2a: Dragapult|Dragapult, F|100/100
|turn|8
|
|t:|1779694165
|move|p2a: Dragapult|Draco Meteor|p1a: Eelektross|[miss]
|-miss|p2a: Dragapult|p1a: Eelektross
|move|p1a: Eelektross|Knock Off|p2a: Dragapult
|-supereffective|p2a: Dragapult
|-damage|p2a: Dragapult|0 fnt
|-enditem|p2a: Dragapult|Choice Specs|[from] move: Knock Off|[of] p1a: Eelektross
|faint|p2a: Dragapult
|
|upkeep
|
|t:|1779694174
|switch|p2a: Garganacl|Garganacl, F, shiny|100/100
|turn|9
|
|t:|1779694180
|-terastallize|p2a: Garganacl|Electric
|move|p1a: Eelektross|Knock Off|p2a: Garganacl
|-damage|p2a: Garganacl|75/100
|-enditem|p2a: Garganacl|Leftovers|[from] move: Knock Off|[of] p1a: Eelektross
|move|p2a: Garganacl|Salt Cure|p1a: Eelektross
|-damage|p1a: Eelektross|92/100
|-start|p1a: Eelektross|Salt Cure
|
|-heal|p1a: Eelektross|98/100|[from] item: Leftovers
|-damage|p1a: Eelektross|86/100|[from] Salt Cure
|upkeep
|turn|10
|
|t:|1779694192
|move|p1a: Eelektross|Coil|p1a: Eelektross
|-boost|p1a: Eelektross|atk|1
|-boost|p1a: Eelektross|def|1
|-boost|p1a: Eelektross|accuracy|1
|move|p2a: Garganacl|Iron Defense|p2a: Garganacl
|-boost|p2a: Garganacl|def|2
|
|-heal|p1a: Eelektross|92/100|[from] item: Leftovers
|-damage|p1a: Eelektross|80/100|[from] Salt Cure
|upkeep
|turn|11
|
|t:|1779694207
|move|p1a: Eelektross|Drain Punch|p2a: Garganacl
|-crit|p2a: Garganacl
|-damage|p2a: Garganacl|41/100
|-heal|p1a: Eelektross|99/100|[from] drain|[of] p2a: Garganacl
|move|p2a: Garganacl|Iron Defense|p2a: Garganacl
|-boost|p2a: Garganacl|def|2
|
|-heal|p1a: Eelektross|100/100|[from] item: Leftovers
|-damage|p1a: Eelektross|88/100|[from] Salt Cure
|upkeep
|turn|12
|
|t:|1779694218
|move|p1a: Eelektross|Coil|p1a: Eelektross
|-boost|p1a: Eelektross|atk|1
|-boost|p1a: Eelektross|def|1
|-boost|p1a: Eelektross|accuracy|1
|move|p2a: Garganacl|Recover|p2a: Garganacl
|-heal|p2a: Garganacl|91/100
|
|-heal|p1a: Eelektross|94/100|[from] item: Leftovers
|-damage|p1a: Eelektross|82/100|[from] Salt Cure
|upkeep
|turn|13
|
|t:|1779694230
|move|p1a: Eelektross|Drain Punch|p2a: Garganacl
|-damage|p2a: Garganacl|81/100
|-heal|p1a: Eelektross|87/100|[from] drain|[of] p2a: Garganacl
|move|p2a: Garganacl|Iron Defense|p2a: Garganacl
|-boost|p2a: Garganacl|def|2
|
|-heal|p1a: Eelektross|94/100|[from] item: Leftovers
|-damage|p1a: Eelektross|81/100|[from] Salt Cure
|upkeep
|turn|14
|
|t:|1779694244
|switch|p1a: Goodra|Goodra-Hisui, F|100/100
|-damage|p1a: Goodra|94/100|[from] Stealth Rock
|move|p2a: Garganacl|Recover|p2a: Garganacl
|-heal|p2a: Garganacl|100/100
|
|upkeep
|turn|15
|
|t:|1779694252
|move|p2a: Garganacl|Body Press|p1a: Goodra
|-supereffective|p1a: Goodra
|-damage|p1a: Goodra|0 fnt
|faint|p1a: Goodra
|
|upkeep
|
|t:|1779694266
|switch|p1a: Skeledirge|Skeledirge, F|100/100
|turn|16
|
|t:|1779694273
|move|p1a: Skeledirge|Torch Song|p2a: Garganacl
|-damage|p2a: Garganacl|74/100
|-boost|p1a: Skeledirge|spa|1
|move|p2a: Garganacl|Salt Cure|p1a: Skeledirge
|-supereffective|p1a: Skeledirge
|-damage|p1a: Skeledirge|77/100
|-start|p1a: Skeledirge|Salt Cure
|
|-damage|p1a: Skeledirge|65/100|[from] Salt Cure
|upkeep
|turn|17
|
|t:|1779694285
|move|p1a: Skeledirge|Torch Song|p2a: Garganacl
|-damage|p2a: Garganacl|36/100
|-boost|p1a: Skeledirge|spa|1
|move|p2a: Garganacl|Salt Cure|p1a: Skeledirge
|-supereffective|p1a: Skeledirge
|-damage|p1a: Skeledirge|44/100
|
|-damage|p1a: Skeledirge|32/100|[from] Salt Cure
|upkeep
|turn|18
|
|t:|1779694298
|move|p1a: Skeledirge|Torch Song|p2a: Garganacl
|-damage|p2a: Garganacl|0 fnt
|-boost|p1a: Skeledirge|spa|1
|faint|p2a: Garganacl
|
|-damage|p1a: Skeledirge|20/100|[from] Salt Cure
|upkeep
|
|t:|1779694317
|switch|p2a: Rillaboom|Rillaboom, M|70/100
|-fieldstart|move: Grassy Terrain|[from] ability: Grassy Surge|[of] p2a: Rillaboom
|turn|19
|
|t:|1779694328
|move|p2a: Rillaboom|Knock Off|p1a: Skeledirge
|-supereffective|p1a: Skeledirge
|-damage|p1a: Skeledirge|0 fnt
|-enditem|p1a: Skeledirge|Heavy-Duty Boots|[from] move: Knock Off|[of] p2a: Rillaboom
|faint|p1a: Skeledirge
|
|-heal|p2a: Rillaboom|76/100|[from] Grassy Terrain
|upkeep
|
|t:|1779694344
|switch|p1a: Muk|Muk-Alola, M|71/100
|-damage|p1a: Muk|58/100|[from] Stealth Rock
|turn|20
|
|t:|1779694357
|move|p2a: Rillaboom|U-turn|p1a: Muk
|-damage|p1a: Muk|25/100
|
|t:|1779694361
|switch|p2a: Great Tusk|Great Tusk, shiny|78/100 psn|[from] U-turn
|move|p1a: Muk|Knock Off|p2a: Great Tusk
|-resisted|p2a: Great Tusk
|-damage|p2a: Great Tusk|67/100 psn
|
|-heal|p2a: Great Tusk|74/100 psn|[from] Grassy Terrain
|-heal|p1a: Muk|32/100|[from] Grassy Terrain
|-heal|p1a: Muk|38/100|[from] item: Black Sludge
|-damage|p2a: Great Tusk|61/100 psn|[from] psn
|upkeep
|turn|21
|
|t:|1779694379
|switch|p1a: Eelektross|Eelektross, M|81/100
|-damage|p1a: Eelektross|69/100|[from] Stealth Rock
|move|p2a: Great Tusk|Ice Spinner|p1a: Eelektross
|-crit|p1a: Eelektross
|-damage|p1a: Eelektross|26/100
|-fieldend|move: Grassy Terrain
|
|-heal|p1a: Eelektross|32/100|[from] item: Leftovers
|-damage|p2a: Great Tusk|49/100 psn|[from] psn
|upkeep
|turn|22
|j| ultra larper
|inactive|x_anabolic_x has 120 seconds left.
|
|t:|1779694400
|move|p2a: Great Tusk|Ice Spinner|p1a: Eelektross
|-damage|p1a: Eelektross|0 fnt
|faint|p1a: Eelektross
|
|-damage|p2a: Great Tusk|36/100 psn|[from] psn
|upkeep
|inactive|x_anabolic_x has 120 seconds left.
|
|t:|1779694406
|switch|p1a: Ogerpon|Ogerpon-Wellspring, F|100/100
|-damage|p1a: Ogerpon|88/100|[from] Stealth Rock
|turn|23
|inactive|x_anabolic_x has 120 seconds left.
|
|t:|1779694418
|move|p1a: Ogerpon|Ivy Cudgel|p2a: Great Tusk|[anim] Ivy Cudgel Water
|-supereffective|p2a: Great Tusk
|-damage|p2a: Great Tusk|0 fnt
|faint|p2a: Great Tusk
|-end|p2a: Great Tusk|Protosynthesis|[silent]
|
|upkeep
|
|t:|1779694423
|switch|p2a: Slowking|Slowking-Galar, M, shiny|100/100
|turn|24
|
|t:|1779694437
|move|p1a: Ogerpon|U-turn|p2a: Slowking
|-damage|p2a: Slowking|74/100
|
|t:|1779694441
|switch|p1a: Tyranitar|Tyranitar, F|100/100|[from] U-turn
|-damage|p1a: Tyranitar|88/100|[from] Stealth Rock
|-weather|Sandstorm|[from] ability: Sand Stream|[of] p1a: Tyranitar
|move|p2a: Slowking|Sludge Bomb|p1a: Tyranitar
|-resisted|p1a: Tyranitar
|-damage|p1a: Tyranitar|82/100
|
|-weather|Sandstorm|[upkeep]
|-damage|p2a: Slowking|68/100|[from] Sandstorm
|upkeep
|turn|25
|
|t:|1779694456
|move|p1a: Tyranitar|Knock Off|p2a: Slowking
|-supereffective|p2a: Slowking
|-damage|p2a: Slowking|0 fnt
|-enditem|p2a: Slowking|Heavy-Duty Boots|[from] move: Knock Off|[of] p1a: Tyranitar
|faint|p2a: Slowking
|
|-weather|Sandstorm|[upkeep]
|upkeep
|
|t:|1779694458
|switch|p2a: Rillaboom|Rillaboom, M|76/100
|-fieldstart|move: Grassy Terrain|[from] ability: Grassy Surge|[of] p2a: Rillaboom
|turn|26
|
|t:|1779694467
|move|p2a: Rillaboom|Wood Hammer|p1a: Tyranitar
|-supereffective|p1a: Tyranitar
|-crit|p1a: Tyranitar
|-damage|p1a: Tyranitar|0 fnt
|faint|p1a: Tyranitar
|-damage|p2a: Rillaboom|47/100|[from] Recoil
|
|-weather|Sandstorm|[upkeep]
|-damage|p2a: Rillaboom|41/100|[from] Sandstorm
|-heal|p2a: Rillaboom|47/100|[from] Grassy Terrain
|upkeep
|
|t:|1779694476
|switch|p1a: Muk|Muk-Alola, M|38/100
|-damage|p1a: Muk|25/100|[from] Stealth Rock
|turn|27
|
|t:|1779694491
|move|p1a: Muk|Shadow Sneak|p2a: Rillaboom
|-damage|p2a: Rillaboom|33/100
|-status|p2a: Rillaboom|psn|[from] ability: Poison Touch|[of] p1a: Muk
|move|p2a: Rillaboom|U-turn|p1a: Muk
|-crit|p1a: Muk
|-damage|p1a: Muk|0 fnt
|faint|p1a: Muk
|
|-weather|Sandstorm|[upkeep]
|-damage|p2a: Rillaboom|27/100 psn|[from] Sandstorm
|-heal|p2a: Rillaboom|33/100 psn|[from] Grassy Terrain
|-damage|p2a: Rillaboom|21/100 psn|[from] psn
|upkeep
|c|☆x_anabolic_x|u win gg
|
|t:|1779694503
|switch|p1a: Ogerpon|Ogerpon-Wellspring, F|88/100
|-damage|p1a: Ogerpon|76/100|[from] Stealth Rock
|turn|28
|c|☆Wyrdwind|I def don’t ko
|c|☆Wyrdwind|U win
|
|t:|1779694517
|move|p2a: Rillaboom|Grassy Glide|p1a: Ogerpon
|-damage|p1a: Ogerpon|21/100
|move|p1a: Ogerpon|U-turn|p2a: Rillaboom
|-supereffective|p2a: Rillaboom
|-damage|p2a: Rillaboom|0 fnt
|faint|p2a: Rillaboom
|
|win|x_anabolic_x
|raw|x_anabolic_x's rating: 1281 &rarr; <strong>1308</strong><br />(+27 for winning)
|raw|Wyrdwind's rating: 1303 &rarr; <strong>1282</strong><br />(-21 for losing)
|c|☆Wyrdwind|ggs
|c|☆x_anabolic_x|ohhhhh
|c|☆x_anabolic_x|gg
|c|☆x_anabolic_x|:)
|l|☆x_anabolic_x
|player|p1|
|l|☆Wyrdwind
|player|p2|
|l| ultra larper
