|j|☆excivemaster
|j|☆npctypebeat
|t:|1779589284
|gametype|singles
|player|p1|excivemaster|170|1114
|player|p2|npctypebeat|2|1135
|gen|9
|tier|[Gen 9] OU
|rated|
|rule|HP Percentage Mod: HP is shown in percentages
|rule|Endless Battle Clause: Forcing endless battles is banned
|rule|Species Clause: Limit one of each Pokémon
|rule|OHKO Clause: OHKO moves are banned
|rule|Evasion Items Clause: Evasion items are banned
|rule|Evasion Moves Clause: Evasion moves are banned
|rule|Evasion Abilities Clause: Evasion abilities are banned
|rule|Sleep Moves Clause: Sleep-inducing moves are banned
|clearpoke
|poke|p1|Tsareena, F|
|poke|p1|Clodsire, M|
|poke|p1|Cinderace, F|
|poke|p1|Gastrodon, M|
|poke|p1|Glimmora, M|
|poke|p1|Quagsire, F|
|poke|p2|Corviknight, M|
|poke|p2|Ting-Lu|
|poke|p2|Kyurem|
|poke|p2|Dondozo, F|
|poke|p2|Slowking-Galar, F|
|poke|p2|Cinderace, M|
|teampreview
|c|☆npctypebeat|hf
|inactive|Battle timer is ON: inactive players will automatically lose when time's up. (requested by npctypebeat)
|inactive|excivemaster has 120 seconds left.
|
|t:|1779589335
|teamsize|p1|6
|teamsize|p2|6
|start
|switch|p1a: Glimmora|Glimmora, M|100/100
|switch|p2a: Corviknight|Corviknight, M|100/100
|-ability|p2a: Corviknight|Pressure
|turn|1
|l|☆excivemaster
|inactive|excivemaster disconnected and has a minute to reconnect!
|player|p1|
|
|t:|1779589357
|switch|p2a: Kyurem|Kyurem|100/100
|-ability|p2a: Kyurem|Pressure
|move|p1a: Glimmora|Flash Cannon|p2a: Kyurem
|-supereffective|p2a: Kyurem
|-damage|p2a: Kyurem|45/100
|
|-heal|p2a: Kyurem|51/100|[from] item: Leftovers
|upkeep
|turn|2
|inactive|npctypebeat has 120 seconds left.
|j|☆excivemaster
|inactive|excivemaster reconnected and has 125 seconds left.
|player|p1|excivemaster|170|
|inactive|excivemaster has 120 seconds left.
|
|t:|1779589391
|move|p2a: Kyurem|Protect|p2a: Kyurem
|-singleturn|p2a: Kyurem|Protect
|move|p1a: Glimmora|Flash Cannon|p2a: Kyurem
|-activate|p2a: Kyurem|move: Protect
|
|-heal|p2a: Kyurem|57/100|[from] item: Leftovers
|upkeep
|turn|3
|
|t:|1779589393
|move|p2a: Kyurem|Earth Power|p1a: Glimmora
|-supereffective|p1a: Glimmora
|-enditem|p1a: Glimmora|Focus Sash
|-damage|p1a: Glimmora|1/100
|move|p1a: Glimmora|Flash Cannon|p2a: Kyurem
|-supereffective|p2a: Kyurem
|-crit|p2a: Kyurem
|-damage|p2a: Kyurem|0 fnt
|faint|p2a: Kyurem
|
|upkeep
|inactive|npctypebeat has 120 seconds left.
|
|t:|1779589412
|switch|p2a: Ting-Lu|Ting-Lu|100/100
|-ability|p2a: Ting-Lu|Vessel of Ruin
|turn|4
|
|t:|1779589420
|move|p1a: Glimmora|Energy Ball|p2a: Ting-Lu
|-supereffective|p2a: Ting-Lu
|-damage|p2a: Ting-Lu|76/100
|move|p2a: Ting-Lu|Earthquake|p1a: Glimmora
|-supereffective|p1a: Glimmora
|-damage|p1a: Glimmora|0 fnt
|-activate|p1a: Glimmora|ability: Toxic Debris
|-sidestart|p2: npctypebeat|move: Toxic Spikes
|faint|p1a: Glimmora
|
|-heal|p2a: Ting-Lu|82/100|[from] item: Leftovers
|upkeep
|
|t:|1779589428
|switch|p1a: Tsareena|Tsareena, F|100/100
|turn|5
|
|t:|1779589432
|move|p1a: Tsareena|Taunt|p2a: Ting-Lu
|-start|p2a: Ting-Lu|move: Taunt
|move|p2a: Ting-Lu|Earthquake|p1a: Tsareena
|-resisted|p1a: Tsareena
|-damage|p1a: Tsareena|77/100
|
|-heal|p2a: Ting-Lu|88/100|[from] item: Leftovers
|upkeep
|turn|6
|l|☆excivemaster
|inactive|excivemaster disconnected and has a minute to reconnect!
|player|p1|
|j|☆excivemaster
|inactive|excivemaster reconnected.
|player|p1|excivemaster|170|
|
|t:|1779589456
|move|p1a: Tsareena|Triple Axel|p2a: Ting-Lu
|-supereffective|p2a: Ting-Lu
|-damage|p2a: Ting-Lu|81/100
|-supereffective|p2a: Ting-Lu
|-damage|p2a: Ting-Lu|65/100
|-supereffective|p2a: Ting-Lu
|-damage|p2a: Ting-Lu|41/100
|-hitcount|p2a: Ting-Lu|3
|move|p2a: Ting-Lu|Earthquake|p1a: Tsareena
|-resisted|p1a: Tsareena
|-damage|p1a: Tsareena|53/100
|
|-heal|p2a: Ting-Lu|48/100|[from] item: Leftovers
|upkeep
|turn|7
|
|t:|1779589462
|switch|p2a: Slowking|Slowking-Galar, F|100/100
|-sideend|p2: npctypebeat|move: Toxic Spikes|[of] p2a: Slowking
|move|p1a: Tsareena|Triple Axel|p2a: Slowking
|-damage|p2a: Slowking|95/100
|-damage|p2a: Slowking|86/100
|-damage|p2a: Slowking|70/100
|-hitcount|p2a: Slowking|3
|
|upkeep
|turn|8
|
|t:|1779589466
|move|p1a: Tsareena|Knock Off|p2a: Slowking
|-supereffective|p2a: Slowking
|-damage|p2a: Slowking|20/100
|-enditem|p2a: Slowking|Shuca Berry|[from] move: Knock Off|[of] p1a: Tsareena
|move|p2a: Slowking|Sludge Bomb|p1a: Tsareena
|-supereffective|p1a: Tsareena
|-damage|p1a: Tsareena|0 fnt
|faint|p1a: Tsareena
|
|upkeep
|
|t:|1779589482
|switch|p1a: Clodsire|Clodsire, M|100/100
|turn|9
|
|t:|1779589495
|switch|p2a: Ting-Lu|Ting-Lu|48/100
|-ability|p2a: Ting-Lu|Vessel of Ruin
|move|p1a: Clodsire|Earthquake|p2a: Ting-Lu
|-damage|p2a: Ting-Lu|32/100
|
|-heal|p2a: Ting-Lu|38/100|[from] item: Leftovers
|upkeep
|turn|10
|
|t:|1779589514
|move|p2a: Ting-Lu|Earthquake|p1a: Clodsire
|-supereffective|p1a: Clodsire
|-damage|p1a: Clodsire|41/100
|move|p1a: Clodsire|Liquidation|p2a: Ting-Lu
|-supereffective|p2a: Ting-Lu
|-damage|p2a: Ting-Lu|22/100
|
|-heal|p2a: Ting-Lu|28/100|[from] item: Leftovers
|-heal|p1a: Clodsire|47/100|[from] item: Leftovers
|upkeep
|turn|11
|inactive|npctypebeat has 120 seconds left.
|l|☆npctypebeat
|inactive|npctypebeat disconnected and has a minute to reconnect!
|player|p2|
|j|☆npctypebeat
|inactive|npctypebeat reconnected and has 115 seconds left.
|player|p2|npctypebeat|2|
|
|t:|1779589545
|move|p2a: Ting-Lu|Earthquake|p1a: Clodsire
|-supereffective|p1a: Clodsire
|-damage|p1a: Clodsire|0 fnt
|faint|p1a: Clodsire
|
|-heal|p2a: Ting-Lu|34/100|[from] item: Leftovers
|upkeep
|
|t:|1779589556
|switch|p1a: Gastrodon|Gastrodon, M|100/100
|turn|12
|inactive|npctypebeat has 120 seconds left.
|inactive|npctypebeat has 90 seconds left.
|inactive|npctypebeat has 60 seconds left.
|inactive|npctypebeat has 30 seconds left.
|inactive|npctypebeat has 20 seconds left.
|inactive|npctypebeat has 15 seconds left.
|
|t:|1779589672
|move|p2a: Ting-Lu|Earthquake|p1a: Gastrodon
|-damage|p1a: Gastrodon|57/100
|move|p1a: Gastrodon|Surf|p2a: Ting-Lu
|-supereffective|p2a: Ting-Lu
|-damage|p2a: Ting-Lu|12/100
|
|-heal|p2a: Ting-Lu|18/100|[from] item: Leftovers
|upkeep
|turn|13
|inactive|npctypebeat has 25 seconds left this turn.
|inactive|npctypebeat has 20 seconds left.
|inactive|npctypebeat has 15 seconds left.
|
|t:|1779589685
|move|p2a: Ting-Lu|Rest|p2a: Ting-Lu
|-status|p2a: Ting-Lu|slp|[from] move: Rest
|-heal|p2a: Ting-Lu|100/100 slp|[silent]
|move|p1a: Gastrodon|Surf|p2a: Ting-Lu
|-supereffective|p2a: Ting-Lu
|-damage|p2a: Ting-Lu|77/100 slp
|
|-heal|p2a: Ting-Lu|83/100 slp|[from] item: Leftovers
|upkeep
|turn|14
|inactive|npctypebeat has 25 seconds left this turn.
|inactive|npctypebeat has 20 seconds left.
|
|t:|1779589691
|switch|p1a: Quagsire|Quagsire, F|100/100
|cant|p2a: Ting-Lu|slp
|move|p2a: Ting-Lu|Sleep Talk|p2a: Ting-Lu
|move|p2a: Ting-Lu|Rest||[from] move: Sleep Talk|[still]
|-fail|p2a: Ting-Lu
|
|-heal|p2a: Ting-Lu|90/100 slp|[from] item: Leftovers
|upkeep
|turn|15
|inactive|npctypebeat has 30 seconds left this turn.
|
|t:|1779589696
|cant|p2a: Ting-Lu|slp
|move|p2a: Ting-Lu|Sleep Talk|p2a: Ting-Lu
|move|p2a: Ting-Lu|Payback|p1a: Quagsire|[from] move: Sleep Talk
|-crit|p1a: Quagsire
|-damage|p1a: Quagsire|77/100
|move|p1a: Quagsire|Stockpile|p1a: Quagsire
|-start|p1a: Quagsire|stockpile1
|-boost|p1a: Quagsire|def|1
|-boost|p1a: Quagsire|spd|1
|
|-heal|p2a: Ting-Lu|96/100 slp|[from] item: Leftovers
|upkeep
|turn|16
|inactive|npctypebeat has 30 seconds left.
|
|t:|1779589702
|-curestatus|p2a: Ting-Lu|slp|[msg]
|move|p2a: Ting-Lu|Earthquake|p1a: Quagsire
|-damage|p1a: Quagsire|52/100
|move|p1a: Quagsire|Spikes|p2a: Ting-Lu
|-sidestart|p2: npctypebeat|Spikes
|
|-heal|p2a: Ting-Lu|100/100|[from] item: Leftovers
|upkeep
|turn|17
|
|t:|1779589711
|move|p2a: Ting-Lu|Earthquake|p1a: Quagsire
|-damage|p1a: Quagsire|30/100
|move|p1a: Quagsire|Spikes|p2a: Ting-Lu
|-sidestart|p2: npctypebeat|Spikes
|
|upkeep
|turn|18
|
|t:|1779589717
|move|p2a: Ting-Lu|Earthquake|p1a: Quagsire
|-damage|p1a: Quagsire|7/100
|move|p1a: Quagsire|Stockpile|p1a: Quagsire
|-start|p1a: Quagsire|stockpile2
|-boost|p1a: Quagsire|def|1
|-boost|p1a: Quagsire|spd|1
|
|upkeep
|turn|19
|
|t:|1779589725
|-terastallize|p1a: Quagsire|Grass
|move|p2a: Ting-Lu|Earthquake|p1a: Quagsire
|-resisted|p1a: Quagsire
|-damage|p1a: Quagsire|0 fnt
|faint|p1a: Quagsire
|
|upkeep
|-message|excivemaster forfeited.
|
|win|npctypebeat
|raw|excivemaster's rating: 1114 &rarr; <strong>1089</strong><br />(-25 for losing)
|raw|npctypebeat's rating: 1116 &rarr; <strong>1141</strong><br />(+25 for winning)
|l|☆excivemaster
|player|p1|
|c|☆npctypebeat|gg
