|j|‽C30league
|j|☆MoondropSoulHeart
|t:|1779644741
|gametype|singles
|player|p1|C30league|101|1170
|player|p2|MoondropSoulHeart|giovanni|1147
|gen|9
|tier|[Gen 9] OU
|rated|
|rule|HP Percentage Mod: HP is shown in percentages
|rule|Endless Battle Clause: Forcing endless battles is banned
|rule|Species Clause: Limit one of each Pokémon
|rule|OHKO Clause: OHKO moves are banned
|rule|Evasion Items Clause: Evasion items are banned
|rule|Evasion Moves Clause: Evasion moves are banned
|rule|Evasion Abilities Clause: Evasion abilities are banned
|rule|Sleep Moves Clause: Sleep-inducing moves are banned
|clearpoke
|poke|p1|Garganacl, F|
|poke|p1|Zapdos|
|poke|p1|Sinistcha-Masterpiece|
|poke|p1|Iron Treads|
|poke|p1|Latias, F|
|poke|p1|Gliscor, F|
|poke|p2|Iron Hands|
|poke|p2|Mamoswine, F|
|poke|p2|Hatterene, F|
|poke|p2|Rotom-Wash|
|poke|p2|Blaziken, F|
|poke|p2|Ceruledge, M|
|teampreview
|inactive|Battle timer is ON: inactive players will automatically lose when time's up. (requested by C30league)
|
|t:|1779644758
|teamsize|p1|6
|teamsize|p2|6
|start
|switch|p1a: Gliscor|Gliscor, F, shiny|100/100
|switch|p2a: Iron Hands|Iron Hands|100/100
|turn|1
|
|t:|1779644767
|-end|p2a: Iron Hands|Quark Drive|[silent]
|switch|p2a: Mamoswine|Mamoswine, F|100/100
|move|p1a: Gliscor|Earthquake|p2a: Mamoswine
|-damage|p2a: Mamoswine|57/100
|
|-status|p1a: Gliscor|tox|[from] item: Toxic Orb
|upkeep
|turn|2
|inactive|C30league has 120 seconds left.
|
|t:|1779644802
|move|p1a: Gliscor|Crabhammer|p2a: Mamoswine
|-supereffective|p2a: Mamoswine
|-crit|p2a: Mamoswine
|-damage|p2a: Mamoswine|0 fnt
|faint|p2a: Mamoswine
|
|upkeep
|
|t:|1779644808
|switch|p2a: Rotom|Rotom-Wash, shiny|100/100
|turn|3
|
|t:|1779644817
|move|p1a: Gliscor|Knock Off|p2a: Rotom
|-damage|p2a: Rotom|67/100
|-enditem|p2a: Rotom|Wise Glasses|[from] move: Knock Off|[of] p1a: Gliscor
|move|p2a: Rotom|Hydro Pump|p1a: Gliscor
|-supereffective|p1a: Gliscor
|-crit|p1a: Gliscor
|-damage|p1a: Gliscor|0 fnt
|faint|p1a: Gliscor
|
|upkeep
|
|t:|1779644828
|switch|p1a: Sinistcha|Sinistcha-Masterpiece|100/100
|turn|4
|
|t:|1779644840
|move|p2a: Rotom|Volt Switch|p1a: Sinistcha
|-resisted|p1a: Sinistcha
|-damage|p1a: Sinistcha|82/100
|
|t:|1779644842
|switch|p2a: Blaziken|Blaziken, F|100/100|[from] Volt Switch
|move|p1a: Sinistcha|Matcha Gotcha|p2a: Blaziken
|-resisted|p2a: Blaziken
|-damage|p2a: Blaziken|72/100
|-heal|p1a: Sinistcha|96/100|[from] drain|[of] p2a: Blaziken
|
|-heal|p1a: Sinistcha|100/100|[from] item: Leftovers
|upkeep
|turn|5
|
|t:|1779644847
|move|p2a: Blaziken|Swords Dance|p2a: Blaziken
|-boost|p2a: Blaziken|atk|2
|move|p1a: Sinistcha|Strength Sap|p2a: Blaziken
|-unboost|p2a: Blaziken|atk|1
|
|-ability|p2a: Blaziken|Speed Boost|boost
|-boost|p2a: Blaziken|spe|1
|upkeep
|turn|6
|
|t:|1779644858
|move|p2a: Blaziken|Blaze Kick|p1a: Sinistcha
|-supereffective|p1a: Sinistcha
|-damage|p1a: Sinistcha|39/100
|move|p1a: Sinistcha|Substitute|p1a: Sinistcha
|-start|p1a: Sinistcha|Substitute
|-damage|p1a: Sinistcha|14/100
|
|-heal|p1a: Sinistcha|20/100|[from] item: Leftovers
|-ability|p2a: Blaziken|Speed Boost|boost
|-boost|p2a: Blaziken|spe|1
|upkeep
|turn|7
|
|t:|1779644867
|move|p2a: Blaziken|Blaze Kick|p1a: Sinistcha
|-supereffective|p1a: Sinistcha
|-end|p1a: Sinistcha|Substitute
|move|p1a: Sinistcha|Strength Sap|p2a: Blaziken
|-unboost|p2a: Blaziken|atk|1
|-heal|p1a: Sinistcha|100/100
|
|-ability|p2a: Blaziken|Speed Boost|boost
|-boost|p2a: Blaziken|spe|1
|upkeep
|turn|8
|
|t:|1779644883
|move|p2a: Blaziken|Swords Dance|p2a: Blaziken
|-boost|p2a: Blaziken|atk|2
|move|p1a: Sinistcha|Hex|p2a: Blaziken
|-crit|p2a: Blaziken
|-damage|p2a: Blaziken|2/100
|
|-ability|p2a: Blaziken|Speed Boost|boost
|-boost|p2a: Blaziken|spe|1
|upkeep
|turn|9
|
|t:|1779644889
|switch|p1a: Garganacl|Garganacl, F|100/100
|move|p2a: Blaziken|Blaze Kick|p1a: Garganacl
|-resisted|p1a: Garganacl
|-damage|p1a: Garganacl|70/100
|-damage|p2a: Blaziken|0 fnt|[from] item: Rocky Helmet|[of] p1a: Garganacl
|faint|p2a: Blaziken
|
|upkeep
|
|t:|1779644892
|switch|p2a: Rotom|Rotom-Wash, shiny|67/100
|turn|10
|
|t:|1779644896
|switch|p1a: Sinistcha|Sinistcha-Masterpiece|100/100
|move|p2a: Rotom|Hydro Pump|p1a: Sinistcha
|-resisted|p1a: Sinistcha
|-damage|p1a: Sinistcha|71/100
|
|-heal|p1a: Sinistcha|77/100|[from] item: Leftovers
|upkeep
|turn|11
|
|t:|1779644905
|move|p2a: Rotom|Volt Switch|p1a: Sinistcha
|-resisted|p1a: Sinistcha
|-damage|p1a: Sinistcha|60/100
|
|t:|1779644907
|switch|p2a: Iron Hands|Iron Hands|100/100|[from] Volt Switch
|move|p1a: Sinistcha|Matcha Gotcha|p2a: Iron Hands|[miss]
|-miss|p1a: Sinistcha|p2a: Iron Hands
|
|-heal|p1a: Sinistcha|66/100|[from] item: Leftovers
|upkeep
|turn|12
|
|t:|1779644919
|-end|p2a: Iron Hands|Quark Drive|[silent]
|switch|p2a: Hatterene|Hatterene, F|100/100
|move|p1a: Sinistcha|Matcha Gotcha|p2a: Hatterene
|-damage|p2a: Hatterene|58/100
|-heal|p1a: Sinistcha|86/100|[from] drain|[of] p2a: Hatterene
|
|-heal|p1a: Sinistcha|93/100|[from] item: Leftovers
|upkeep
|turn|13
|
|t:|1779644940
|move|p1a: Sinistcha|Matcha Gotcha|p2a: Hatterene
|-damage|p2a: Hatterene|19/100
|-heal|p1a: Sinistcha|100/100|[from] drain|[of] p2a: Hatterene
|move|p2a: Hatterene|Trick Room|p2a: Hatterene
|-fieldstart|move: Trick Room|[of] p2a: Hatterene
|
|upkeep
|turn|14
|
|t:|1779644947
|move|p2a: Hatterene|Psychic|p1a: Sinistcha
|-damage|p1a: Sinistcha|41/100
|move|p1a: Sinistcha|Substitute|p1a: Sinistcha
|-start|p1a: Sinistcha|Substitute
|-damage|p1a: Sinistcha|16/100
|
|-heal|p1a: Sinistcha|22/100|[from] item: Leftovers
|upkeep
|turn|15
|
|t:|1779644950
|move|p2a: Hatterene|Draining Kiss|p1a: Sinistcha
|-end|p1a: Sinistcha|Substitute
|-heal|p2a: Hatterene|39/100|[from] drain|[of] p1a: Sinistcha
|move|p1a: Sinistcha|Matcha Gotcha|p2a: Hatterene
|-damage|p2a: Hatterene|1/100
|-heal|p1a: Sinistcha|40/100|[from] drain|[of] p2a: Hatterene
|
|-heal|p1a: Sinistcha|46/100|[from] item: Leftovers
|upkeep
|turn|16
|
|t:|1779644957
|switch|p1a: Garganacl|Garganacl, F|70/100
|move|p2a: Hatterene|Draining Kiss|p1a: Garganacl
|-damage|p1a: Garganacl|44/100
|-heal|p2a: Hatterene|25/100|[from] drain|[of] p1a: Garganacl
|-damage|p2a: Hatterene|8/100|[from] item: Rocky Helmet|[of] p1a: Garganacl
|
|upkeep
|turn|17
|
|t:|1779644962
|move|p2a: Hatterene|Psychic|p1a: Garganacl
|-damage|p1a: Garganacl|0 fnt
|faint|p1a: Garganacl
|
|-fieldend|move: Trick Room
|upkeep
|
|t:|1779644967
|switch|p1a: Sinistcha|Sinistcha-Masterpiece|46/100
|turn|18
|
|t:|1779644969
|move|p1a: Sinistcha|Matcha Gotcha|p2a: Hatterene|[miss]
|-miss|p1a: Sinistcha|p2a: Hatterene
|move|p2a: Hatterene|Psychic|p1a: Sinistcha
|-damage|p1a: Sinistcha|0 fnt
|faint|p1a: Sinistcha
|
|upkeep
|
|t:|1779644980
|switch|p1a: Iron Treads|Iron Treads|100/100
|-item|p1a: Iron Treads|Air Balloon
|turn|19
|
|t:|1779644982
|move|p1a: Iron Treads|Iron Head|p2a: Hatterene
|-supereffective|p2a: Hatterene
|-damage|p2a: Hatterene|0 fnt
|faint|p2a: Hatterene
|
|upkeep
|
|t:|1779644985
|switch|p2a: Rotom|Rotom-Wash, shiny|67/100
|turn|20
|
|t:|1779644990
|-end|p1a: Iron Treads|Quark Drive|[silent]
|switch|p1a: Latias|Latias, F|100/100
|move|p2a: Rotom|Hydro Pump|p1a: Latias
|-resisted|p1a: Latias
|-damage|p1a: Latias|75/100
|
|upkeep
|turn|21
|
|t:|1779645001
|move|p1a: Latias|Draining Kiss|p2a: Rotom
|-damage|p2a: Rotom|50/100
|-heal|p1a: Latias|87/100|[from] drain|[of] p2a: Rotom
|move|p2a: Rotom|Volt Switch|p1a: Latias
|-resisted|p1a: Latias
|-damage|p1a: Latias|72/100
|
|t:|1779645004
|switch|p2a: Ceruledge|Ceruledge, M|100/100|[from] Volt Switch
|
|upkeep
|turn|22
|
|t:|1779645010
|switch|p1a: Zapdos|Zapdos|100/100
|move|p2a: Ceruledge|Poltergeist|p1a: Zapdos|[miss]
|-miss|p2a: Ceruledge|p1a: Zapdos
|
|upkeep
|turn|23
|
|t:|1779645016
|move|p1a: Zapdos|Hurricane|p2a: Ceruledge
|-damage|p2a: Ceruledge|41/100
|move|p2a: Ceruledge|Poltergeist|p1a: Zapdos
|-activate|p1a: Zapdos|move: Poltergeist|Heavy-Duty Boots
|-damage|p1a: Zapdos|10/100
|
|upkeep
|turn|24
|
|t:|1779645024
|switch|p2a: Rotom|Rotom-Wash, shiny|50/100
|move|p1a: Zapdos|Thunderbolt|p2a: Rotom
|-damage|p2a: Rotom|0 fnt
|faint|p2a: Rotom
|
|upkeep
|
|t:|1779645026
|switch|p2a: Iron Hands|Iron Hands|100/100
|turn|25
|
|t:|1779645034
|move|p2a: Iron Hands|Fake Out|p1a: Zapdos
|-damage|p1a: Zapdos|0 fnt
|faint|p1a: Zapdos
|
|upkeep
|
|t:|1779645039
|switch|p1a: Iron Treads|Iron Treads|100/100
|-item|p1a: Iron Treads|Air Balloon
|turn|26
|
|t:|1779645045
|-terastallize|p2a: Iron Hands|Ghost
|move|p1a: Iron Treads|Earthquake|p2a: Iron Hands
|-damage|p2a: Iron Hands|69/100
|move|p2a: Iron Hands|Drain Punch|p1a: Iron Treads
|-supereffective|p1a: Iron Treads
|-damage|p1a: Iron Treads|25/100
|-heal|p2a: Iron Hands|93/100|[from] drain|[of] p1a: Iron Treads
|-enditem|p1a: Iron Treads|Air Balloon
|
|upkeep
|turn|27
|
|t:|1779645058
|move|p1a: Iron Treads|Iron Head|p2a: Iron Hands
|-damage|p2a: Iron Hands|71/100
|move|p2a: Iron Hands|Drain Punch|p1a: Iron Treads
|-supereffective|p1a: Iron Treads
|-damage|p1a: Iron Treads|0 fnt
|-heal|p2a: Iron Hands|79/100|[from] drain|[of] p1a: Iron Treads
|faint|p1a: Iron Treads
|-end|p1a: Iron Treads|Quark Drive|[silent]
|
|upkeep
|
|t:|1779645062
|switch|p1a: Latias|Latias, F|72/100
|turn|28
|
|t:|1779645088
|-terastallize|p1a: Latias|Fairy
|move|p1a: Latias|Draining Kiss|p2a: Iron Hands
|-damage|p2a: Iron Hands|62/100
|-heal|p1a: Latias|94/100|[from] drain|[of] p2a: Iron Hands
|move|p2a: Iron Hands|Thunder Punch|p1a: Latias
|-damage|p1a: Latias|39/100
|
|upkeep
|turn|29
|
|t:|1779645096
|move|p1a: Latias|Draining Kiss|p2a: Iron Hands
|-damage|p2a: Iron Hands|45/100
|-heal|p1a: Latias|60/100|[from] drain|[of] p2a: Iron Hands
|move|p2a: Iron Hands|Thunder Punch|p1a: Latias
|-damage|p1a: Latias|9/100
|
|upkeep
|turn|30
|
|t:|1779645105
|move|p1a: Latias|Draining Kiss|p2a: Iron Hands
|-damage|p2a: Iron Hands|31/100
|-heal|p1a: Latias|27/100|[from] drain|[of] p2a: Iron Hands
|move|p2a: Iron Hands|Thunder Punch|p1a: Latias
|-damage|p1a: Latias|0 fnt
|faint|p1a: Latias
|
|win|MoondropSoulHeart
|raw|C30league's rating: 1170 &rarr; <strong>1143</strong><br />(-27 for losing)
|raw|MoondropSoulHeart's rating: 1147 &rarr; <strong>1174</strong><br />(+27 for winning)
|l|‽C30league
|player|p1|
