|j|‽ekekdkdmdmwksl
|j|☆Goolagola
|t:|1779621679
|gametype|singles
|player|p1|ekekdkdmdmwksl|2|1305
|player|p2|Goolagola|colress|1314
|gen|9
|tier|[Gen 9] OU
|rated|
|rule|HP Percentage Mod: HP is shown in percentages
|rule|Endless Battle Clause: Forcing endless battles is banned
|rule|Species Clause: Limit one of each Pokémon
|rule|OHKO Clause: OHKO moves are banned
|rule|Evasion Items Clause: Evasion items are banned
|rule|Evasion Moves Clause: Evasion moves are banned
|rule|Evasion Abilities Clause: Evasion abilities are banned
|rule|Sleep Moves Clause: Sleep-inducing moves are banned
|clearpoke
|poke|p1|Scrafty, M|
|poke|p1|Volbeat, M|
|poke|p1|Hoopa-Unbound|
|poke|p1|Hatterene, F|
|poke|p1|Registeel|
|poke|p1|Iron Moth|
|poke|p2|Manaphy|
|poke|p2|Ribombee, M|
|poke|p2|Pelipper, F|
|poke|p2|Thundurus, M|
|poke|p2|Iron Treads|
|poke|p2|Toxicroak, F|
|teampreview
|inactive|Battle timer is ON: inactive players will automatically lose when time's up. (requested by Goolagola)
|
|t:|1779621695
|teamsize|p1|6
|teamsize|p2|6
|start
|switch|p1a: Volbeat|Volbeat, M, shiny|100/100
|switch|p2a: Pelipper|Pelipper, F|100/100
|-weather|RainDance|[from] ability: Drizzle|[of] p2a: Pelipper
|turn|1
|
|t:|1779621699
|move|p1a: Volbeat|Thunder Wave|p2a: Pelipper
|-status|p2a: Pelipper|par
|move|p2a: Pelipper|Hurricane|p1a: Volbeat
|-supereffective|p1a: Volbeat
|-damage|p1a: Volbeat|20/100
|-start|p1a: Volbeat|confusion
|
|-weather|RainDance|[upkeep]
|upkeep
|turn|2
|
|t:|1779621713
|switch|p1a: Hoopa|Hoopa-Unbound|100/100
|move|p2a: Pelipper|U-turn|p1a: Hoopa
|-supereffective|p1a: Hoopa
|-crit|p1a: Hoopa
|-damage|p1a: Hoopa|21/100
|
|t:|1779621719
|switch|p2a: Ribombee|Ribombee, M|100/100|[from] U-turn
|
|-weather|RainDance|[upkeep]
|upkeep
|turn|3
|
|t:|1779621723
|switch|p1a: Hatterene|Hatterene, F|100/100
|move|p2a: Ribombee|Moonblast|p1a: Hatterene
|-damage|p1a: Hatterene|58/100
|
|-weather|RainDance|[upkeep]
|-heal|p1a: Hatterene|64/100|[from] item: Leftovers
|upkeep
|turn|4
|
|t:|1779621730
|move|p2a: Ribombee|Moonblast|p1a: Hatterene
|-damage|p1a: Hatterene|23/100
|move|p1a: Hatterene|Draining Kiss|p2a: Ribombee
|-damage|p2a: Ribombee|58/100
|-heal|p1a: Hatterene|56/100|[from] drain|[of] p2a: Ribombee
|
|-weather|RainDance|[upkeep]
|-heal|p1a: Hatterene|62/100|[from] item: Leftovers
|upkeep
|turn|5
|
|t:|1779621742
|switch|p2a: Toxicroak|Toxicroak, F|100/100
|move|p1a: Hatterene|Draining Kiss|p2a: Toxicroak
|-damage|p2a: Toxicroak|67/100
|-heal|p1a: Hatterene|92/100|[from] drain|[of] p2a: Toxicroak
|
|-weather|RainDance|[upkeep]
|-heal|p2a: Toxicroak|79/100|[from] ability: Dry Skin
|-heal|p1a: Hatterene|98/100|[from] item: Leftovers
|upkeep
|turn|6
|
|t:|1779621756
|-terastallize|p1a: Hatterene|Fire
|move|p2a: Toxicroak|Swords Dance|p2a: Toxicroak
|-boost|p2a: Toxicroak|atk|2
|move|p1a: Hatterene|Psychic|p2a: Toxicroak
|-supereffective|p2a: Toxicroak
|-damage|p2a: Toxicroak|0 fnt
|faint|p2a: Toxicroak
|
|-weather|RainDance|[upkeep]
|-heal|p1a: Hatterene|100/100|[from] item: Leftovers
|upkeep
|
|t:|1779621768
|switch|p2a: Manaphy|Manaphy|100/100
|turn|7
|
|t:|1779621787
|move|p2a: Manaphy|Surf|p1a: Hatterene
|-supereffective|p1a: Hatterene
|-damage|p1a: Hatterene|0 fnt
|faint|p1a: Hatterene
|
|-weather|RainDance|[upkeep]
|upkeep
|
|t:|1779621789
|switch|p1a: Volbeat|Volbeat, M, shiny|20/100
|turn|8
|
|t:|1779621794
|switch|p2a: Pelipper|Pelipper, F|100/100 par
|move|p1a: Volbeat|Thunder Wave|p2a: Pelipper
|-fail|p2a: Pelipper|par
|
|-weather|none
|upkeep
|turn|9
|
|t:|1779621805
|move|p1a: Volbeat|Roost|p1a: Volbeat
|-heal|p1a: Volbeat|70/100
|-singleturn|p1a: Volbeat|move: Roost
|move|p2a: Pelipper|U-turn|p1a: Volbeat
|-damage|p1a: Volbeat|61/100
|
|t:|1779621811
|switch|p2a: Ribombee|Ribombee, M|58/100|[from] U-turn
|
|upkeep
|turn|10
|
|t:|1779621817
|switch|p1a: Iron Moth|Iron Moth|100/100
|-enditem|p1a: Iron Moth|Booster Energy
|-activate|p1a: Iron Moth|ability: Quark Drive|[fromitem]
|-start|p1a: Iron Moth|quarkdrivespa
|move|p2a: Ribombee|Sticky Web|p1a: Iron Moth
|-sidestart|p1: ekekdkdmdmwksl|move: Sticky Web
|
|upkeep
|turn|11
|
|t:|1779621823
|move|p2a: Ribombee|Stun Spore|p1a: Iron Moth
|-status|p1a: Iron Moth|par
|cant|p1a: Iron Moth|par
|
|upkeep
|turn|12
|
|t:|1779621827
|move|p2a: Ribombee|Psychic|p1a: Iron Moth
|-supereffective|p1a: Iron Moth
|-damage|p1a: Iron Moth|51/100 par
|cant|p1a: Iron Moth|par
|
|upkeep
|turn|13
|
|t:|1779621832
|move|p2a: Ribombee|Psychic|p1a: Iron Moth
|-supereffective|p1a: Iron Moth
|-damage|p1a: Iron Moth|4/100 par
|move|p1a: Iron Moth|Fiery Dance|p2a: Ribombee
|-supereffective|p2a: Ribombee
|-crit|p2a: Ribombee
|-damage|p2a: Ribombee|0 fnt
|faint|p2a: Ribombee
|
|upkeep
|
|t:|1779621837
|switch|p2a: Pelipper|Pelipper, F|100/100 par
|-weather|RainDance|[from] ability: Drizzle|[of] p2a: Pelipper
|turn|14
|
|t:|1779621845
|move|p1a: Iron Moth|Sludge Wave|p2a: Pelipper
|-damage|p2a: Pelipper|15/100 par
|cant|p2a: Pelipper|par
|
|-weather|RainDance|[upkeep]
|upkeep
|turn|15
|
|t:|1779621849
|switch|p2a: Iron Treads|Iron Treads|100/100
|-enditem|p2a: Iron Treads|Booster Energy
|-activate|p2a: Iron Treads|ability: Quark Drive|[fromitem]
|-start|p2a: Iron Treads|quarkdrivespe
|move|p1a: Iron Moth|Sludge Wave|p2a: Iron Treads
|-immune|p2a: Iron Treads
|
|-weather|RainDance|[upkeep]
|upkeep
|turn|16
|
|t:|1779621855
|move|p2a: Iron Treads|Rapid Spin|p1a: Iron Moth
|-damage|p1a: Iron Moth|0 fnt
|-boost|p2a: Iron Treads|spe|1
|faint|p1a: Iron Moth
|-end|p1a: Iron Moth|Quark Drive|[silent]
|
|-weather|RainDance|[upkeep]
|upkeep
|
|t:|1779621858
|switch|p1a: Volbeat|Volbeat, M, shiny|61/100
|-activate|p1a: Volbeat|move: Sticky Web
|-unboost|p1a: Volbeat|spe|1
|turn|17
|
|t:|1779621862
|move|p1a: Volbeat|Encore|p2a: Iron Treads
|-start|p2a: Iron Treads|Encore
|move|p2a: Iron Treads|Rapid Spin|p1a: Volbeat
|-damage|p1a: Volbeat|44/100
|-boost|p2a: Iron Treads|spe|1
|
|-weather|RainDance|[upkeep]
|upkeep
|turn|18
|
|t:|1779621868
|move|p2a: Iron Treads|Rapid Spin|p1a: Volbeat
|-damage|p1a: Volbeat|27/100
|-boost|p2a: Iron Treads|spe|1
|move|p1a: Volbeat|Lunge|p2a: Iron Treads
|-resisted|p2a: Iron Treads
|-damage|p2a: Iron Treads|91/100
|-unboost|p2a: Iron Treads|atk|1
|
|-weather|RainDance|[upkeep]
|upkeep
|turn|19
|
|t:|1779621875
|move|p1a: Volbeat|Roost|p1a: Volbeat
|-heal|p1a: Volbeat|77/100
|-singleturn|p1a: Volbeat|move: Roost
|move|p2a: Iron Treads|Rapid Spin|p1a: Volbeat
|-damage|p1a: Volbeat|66/100
|-boost|p2a: Iron Treads|spe|1
|
|-weather|RainDance|[upkeep]
|-end|p2a: Iron Treads|Encore
|upkeep
|turn|20
|
|t:|1779621878
|-end|p2a: Iron Treads|Quark Drive|[silent]
|switch|p2a: Pelipper|Pelipper, F|15/100 par
|move|p1a: Volbeat|Encore||[still]
|-fail|p1a: Volbeat
|
|-weather|RainDance|[upkeep]
|upkeep
|turn|21
|
|t:|1779621883
|move|p1a: Volbeat|Lunge|p2a: Pelipper
|-resisted|p2a: Pelipper
|-damage|p2a: Pelipper|6/100 par
|-unboost|p2a: Pelipper|atk|1
|move|p2a: Pelipper|Hurricane|p1a: Volbeat
|-supereffective|p1a: Volbeat
|-damage|p1a: Volbeat|0 fnt
|faint|p1a: Volbeat
|
|-weather|none
|upkeep
|
|t:|1779621892
|switch|p1a: Hoopa|Hoopa-Unbound|21/100
|-activate|p1a: Hoopa|move: Sticky Web
|-unboost|p1a: Hoopa|spe|1
|turn|22
|
|t:|1779621900
|switch|p2a: Iron Treads|Iron Treads|91/100
|move|p1a: Hoopa|Dark Pulse|p2a: Iron Treads
|-damage|p2a: Iron Treads|0 fnt
|faint|p2a: Iron Treads
|-end|p2a: Iron Treads|Quark Drive|[silent]
|
|upkeep
|
|t:|1779621905
|switch|p2a: Pelipper|Pelipper, F|6/100 par
|-weather|RainDance|[from] ability: Drizzle|[of] p2a: Pelipper
|turn|23
|
|t:|1779621911
|move|p1a: Hoopa|Dark Pulse|p2a: Pelipper
|-damage|p2a: Pelipper|0 fnt
|faint|p2a: Pelipper
|
|-weather|RainDance|[upkeep]
|upkeep
|
|t:|1779621916
|switch|p2a: Manaphy|Manaphy|100/100
|turn|24
|
|t:|1779621921
|move|p2a: Manaphy|Tail Glow|p2a: Manaphy
|-boost|p2a: Manaphy|spa|3
|move|p1a: Hoopa|Dark Pulse|p2a: Manaphy
|-damage|p2a: Manaphy|40/100
|
|-weather|RainDance|[upkeep]
|-heal|p2a: Manaphy|47/100|[from] item: Leftovers
|upkeep
|turn|25
|
|t:|1779621927
|move|p2a: Manaphy|Surf|p1a: Hoopa
|-damage|p1a: Hoopa|0 fnt
|faint|p1a: Hoopa
|
|-weather|RainDance|[upkeep]
|-heal|p2a: Manaphy|53/100|[from] item: Leftovers
|upkeep
|
|t:|1779621930
|switch|p1a: Registeel|Registeel|100/100
|-activate|p1a: Registeel|move: Sticky Web
|-fail|p1a: Registeel|unboost|[from] ability: Clear Body|[of] p1a: Registeel
|turn|26
|
|t:|1779621935
|move|p2a: Manaphy|Surf|p1a: Registeel
|-damage|p1a: Registeel|13/100
|move|p1a: Registeel|Body Press|p2a: Manaphy
|-damage|p2a: Manaphy|27/100
|
|-weather|RainDance|[upkeep]
|-heal|p2a: Manaphy|33/100|[from] item: Leftovers
|upkeep
|turn|27
|-message|ekekdkdmdmwksl forfeited.
|
|win|Goolagola
|raw|ekekdkdmdmwksl's rating: 1305 &rarr; <strong>1286</strong><br />(-19 for losing)
|raw|Goolagola's rating: 1314 &rarr; <strong>1333</strong><br />(+19 for winning)
|l|‽ekekdkdmdmwksl
|player|p1|
|l|☆Goolagola
|player|p2|
