|j|☆runningdan
|j|☆MangLe12138
|t:|1779717334
|gametype|singles
|player|p1|runningdan|102|1446
|player|p2|MangLe12138|pokefan|1427
|gen|9
|tier|[Gen 9] OU
|rated|
|rule|HP Percentage Mod: HP is shown in percentages
|rule|Endless Battle Clause: Forcing endless battles is banned
|rule|Species Clause: Limit one of each Pokémon
|rule|OHKO Clause: OHKO moves are banned
|rule|Evasion Items Clause: Evasion items are banned
|rule|Evasion Moves Clause: Evasion moves are banned
|rule|Evasion Abilities Clause: Evasion abilities are banned
|rule|Sleep Moves Clause: Sleep-inducing moves are banned
|clearpoke
|poke|p1|Pelipper, F|
|poke|p1|Barraskewda, F|
|poke|p1|Ogerpon-Wellspring, F|
|poke|p1|Scizor, F|
|poke|p1|Walking Wake|
|poke|p1|Raging Bolt|
|poke|p2|Scizor, M|
|poke|p2|Manaphy|
|poke|p2|Latios, M|
|poke|p2|Ogerpon, F|
|poke|p2|Iron Jugulis|
|poke|p2|Garchomp, M|
|teampreview
|inactive|Battle timer is ON: inactive players will automatically lose when time's up. (requested by runningdan)
|inactive|MangLe12138 has 120 seconds left.
|j| biscoitotroll
|inactive|runningdan has 120 seconds left.
|inactive|MangLe12138 has 90 seconds left.
|
|t:|1779717421
|teamsize|p1|6
|teamsize|p2|6
|start
|switch|p1a: Pelipper|Pelipper, F|100/100
|switch|p2a: Manaphy|Manaphy|100/100
|-weather|RainDance|[from] ability: Drizzle|[of] p1a: Pelipper
|turn|1
|
|t:|1779717430
|switch|p1a: Raging Bolt|Raging Bolt|100/100
|-enditem|p1a: Raging Bolt|Booster Energy
|-activate|p1a: Raging Bolt|ability: Protosynthesis|[fromitem]
|-start|p1a: Raging Bolt|protosynthesisspa
|move|p2a: Manaphy|Tail Glow|p2a: Manaphy
|-boost|p2a: Manaphy|spa|3
|
|-weather|RainDance|[upkeep]
|upkeep
|turn|2
|inactive|MangLe12138 has 120 seconds left.
|
|t:|1779717462
|-terastallize|p2a: Manaphy|Grass
|move|p1a: Raging Bolt|Thunderclap||[still]
|-fail|p1a: Raging Bolt
|move|p2a: Manaphy|Tail Glow|p2a: Manaphy
|-boost|p2a: Manaphy|spa|3
|
|-weather|RainDance|[upkeep]
|upkeep
|turn|3
|
|t:|1779717481
|-terastallize|p1a: Raging Bolt|Bug
|move|p2a: Manaphy|Ice Beam|p1a: Raging Bolt
|-crit|p1a: Raging Bolt
|-damage|p1a: Raging Bolt|0 fnt
|faint|p1a: Raging Bolt
|-end|p1a: Raging Bolt|Protosynthesis|[silent]
|
|-weather|RainDance|[upkeep]
|upkeep
|
|t:|1779717489
|switch|p1a: Barraskewda|Barraskewda, F|100/100
|turn|4
|
|t:|1779717493
|move|p1a: Barraskewda|Flip Turn|p2a: Manaphy
|-resisted|p2a: Manaphy
|-damage|p2a: Manaphy|61/100
|
|t:|1779717497
|switch|p1a: Scizor|Scizor, F|100/100|[from] Flip Turn
|move|p2a: Manaphy|Energy Ball|p1a: Scizor
|-resisted|p1a: Scizor
|-damage|p1a: Scizor|55/100
|
|-weather|RainDance|[upkeep]
|upkeep
|turn|5
|
|t:|1779717503
|move|p2a: Manaphy|Surf|p1a: Scizor
|-damage|p1a: Scizor|0 fnt
|faint|p1a: Scizor
|
|-weather|RainDance|[upkeep]
|upkeep
|
|t:|1779717507
|switch|p1a: Barraskewda|Barraskewda, F|100/100
|turn|6
|
|t:|1779717514
|move|p1a: Barraskewda|Poison Jab|p2a: Manaphy
|-supereffective|p2a: Manaphy
|-damage|p2a: Manaphy|0 fnt
|faint|p2a: Manaphy
|
|-weather|RainDance|[upkeep]
|upkeep
|
|t:|1779717527
|switch|p2a: Scizor|Scizor, M|100/100
|turn|7
|
|t:|1779717538
|switch|p1a: Walking Wake|Walking Wake|100/100
|move|p2a: Scizor|Knock Off|p1a: Walking Wake
|-damage|p1a: Walking Wake|62/100
|-enditem|p1a: Walking Wake|Choice Specs|[from] move: Knock Off|[of] p2a: Scizor
|
|-weather|RainDance|[upkeep]
|upkeep
|turn|8
|
|t:|1779717552
|move|p1a: Walking Wake|Weather Ball|p2a: Scizor
|-damage|p2a: Scizor|5/100
|-enditem|p2a: Scizor|Sitrus Berry|[eat]
|-heal|p2a: Scizor|30/100|[from] item: Sitrus Berry
|move|p2a: Scizor|Close Combat|p1a: Walking Wake
|-damage|p1a: Walking Wake|8/100
|-unboost|p2a: Scizor|def|1
|-unboost|p2a: Scizor|spd|1
|
|-weather|none
|upkeep
|turn|9
|
|t:|1779717573
|-end|p1a: Walking Wake|Protosynthesis|[silent]
|switch|p1a: Pelipper|Pelipper, F|100/100
|-weather|RainDance|[from] ability: Drizzle|[of] p1a: Pelipper
|move|p2a: Scizor|Knock Off|p1a: Pelipper
|-crit|p1a: Pelipper
|-damage|p1a: Pelipper|45/100
|-enditem|p1a: Pelipper|Damp Rock|[from] move: Knock Off|[of] p2a: Scizor
|
|-weather|RainDance|[upkeep]
|upkeep
|turn|10
|
|t:|1779717589
|switch|p2a: Garchomp|Garchomp, M|100/100
|move|p1a: Pelipper|U-turn|p2a: Garchomp
|-damage|p2a: Garchomp|91/100
|-damage|p1a: Pelipper|32/100|[from] ability: Rough Skin|[of] p2a: Garchomp
|
|t:|1779717614
|switch|p1a: Demonic Entity|Ogerpon-Wellspring, F|100/100|[from] U-turn
|
|-weather|RainDance|[upkeep]
|upkeep
|turn|11
|
|t:|1779717625
|move|p1a: Demonic Entity|Swords Dance|p1a: Demonic Entity
|-boost|p1a: Demonic Entity|atk|2
|move|p2a: Garchomp|Stealth Rock|p1a: Demonic Entity
|-sidestart|p1: runningdan|move: Stealth Rock
|
|-weather|RainDance|[upkeep]
|upkeep
|turn|12
|
|t:|1779717629
|move|p1a: Demonic Entity|Ivy Cudgel|p2a: Garchomp|[anim] Ivy Cudgel Water
|-damage|p2a: Garchomp|0 fnt
|faint|p2a: Garchomp
|
|-weather|RainDance|[upkeep]
|upkeep
|
|t:|1779717640
|switch|p2a: Ogerpon|Ogerpon, F|100/100
|turn|13
|
|t:|1779717645
|move|p2a: Ogerpon|Ivy Cudgel|p1a: Demonic Entity
|-damage|p1a: Demonic Entity|14/100
|-damage|p2a: Ogerpon|91/100|[from] item: Life Orb
|move|p1a: Demonic Entity|Ivy Cudgel|p2a: Ogerpon|[anim] Ivy Cudgel Water
|-resisted|p2a: Ogerpon
|-crit|p2a: Ogerpon
|-damage|p2a: Ogerpon|0 fnt
|faint|p2a: Ogerpon
|
|-weather|RainDance|[upkeep]
|upkeep
|
|t:|1779717658
|switch|p2a: Iron Jugulis|Iron Jugulis|100/100
|-enditem|p2a: Iron Jugulis|Booster Energy
|-activate|p2a: Iron Jugulis|ability: Quark Drive|[fromitem]
|-start|p2a: Iron Jugulis|quarkdrivespe
|turn|14
|
|t:|1779717665
|move|p2a: Iron Jugulis|Hurricane|p1a: Demonic Entity
|-supereffective|p1a: Demonic Entity
|-damage|p1a: Demonic Entity|0 fnt
|faint|p1a: Demonic Entity
|
|-weather|RainDance|[upkeep]
|upkeep
|
|t:|1779717667
|switch|p1a: Barraskewda|Barraskewda, F|100/100
|-damage|p1a: Barraskewda|88/100|[from] Stealth Rock
|turn|15
|
|t:|1779717675
|move|p1a: Barraskewda|Waterfall|p2a: Iron Jugulis
|-damage|p2a: Iron Jugulis|0 fnt
|faint|p2a: Iron Jugulis
|-end|p2a: Iron Jugulis|Quark Drive|[silent]
|
|-weather|RainDance|[upkeep]
|upkeep
|
|t:|1779717680
|switch|p2a: Latios|Latios, M|100/100
|turn|16
|
|t:|1779717687
|switch|p1a: Walking Wake|Walking Wake|8/100
|-damage|p1a: Walking Wake|0 fnt|[from] Stealth Rock
|faint|p1a: Walking Wake
|-end|p1a: Walking Wake|Protosynthesis|[silent]
|move|p2a: Latios|Agility|p2a: Latios
|-boost|p2a: Latios|spe|2
|
|-weather|none
|upkeep
|
|t:|1779717696
|switch|p1a: Pelipper|Pelipper, F|32/100
|-damage|p1a: Pelipper|8/100|[from] Stealth Rock
|-weather|RainDance|[from] ability: Drizzle|[of] p1a: Pelipper
|turn|17
|
|t:|1779717701
|move|p2a: Latios|Agility|p2a: Latios
|-boost|p2a: Latios|spe|2
|move|p1a: Pelipper|Hurricane|p2a: Latios
|-damage|p2a: Latios|60/100
|
|-weather|RainDance|[upkeep]
|upkeep
|turn|18
|
|t:|1779717715
|move|p2a: Latios|Stored Power|p1a: Pelipper
|-damage|p1a: Pelipper|0 fnt
|faint|p1a: Pelipper
|
|-weather|RainDance|[upkeep]
|upkeep
|
|t:|1779717720
|switch|p1a: Barraskewda|Barraskewda, F|88/100
|-damage|p1a: Barraskewda|76/100|[from] Stealth Rock
|turn|19
|
|t:|1779717725
|move|p2a: Latios|Stored Power|p1a: Barraskewda
|-damage|p1a: Barraskewda|0 fnt
|faint|p1a: Barraskewda
|
|win|MangLe12138
|raw|runningdan's rating: 1446 &rarr; <strong>1425</strong><br />(-21 for losing)
|raw|MangLe12138's rating: 1427 &rarr; <strong>1448</strong><br />(+21 for winning)
|l|☆runningdan
|player|p1|
|l| biscoitotroll
