|j|☆Winke Noppen
|j|☆erikmony
|t:|1779648994
|gametype|singles
|player|p1|Winke Noppen|flannery|1106
|player|p2|erikmony|blue|1111
|gen|9
|tier|[Gen 9] OU
|rated|
|rule|HP Percentage Mod: HP is shown in percentages
|rule|Endless Battle Clause: Forcing endless battles is banned
|rule|Species Clause: Limit one of each Pokémon
|rule|OHKO Clause: OHKO moves are banned
|rule|Evasion Items Clause: Evasion items are banned
|rule|Evasion Moves Clause: Evasion moves are banned
|rule|Evasion Abilities Clause: Evasion abilities are banned
|rule|Sleep Moves Clause: Sleep-inducing moves are banned
|clearpoke
|poke|p1|Malamar, F|
|poke|p1|Serperior, F|
|poke|p1|Manaphy|
|poke|p1|Hatterene, F|
|poke|p1|Toxapex, F|
|poke|p1|Glimmora, F|
|poke|p2|Skarmory, F|
|poke|p2|Chansey, F|
|poke|p2|Swanna, F|
|poke|p2|Hippowdon, M|
|poke|p2|Grimmsnarl, M|
|poke|p2|Gliscor, F|
|teampreview
|
|t:|1779649001
|teamsize|p1|6
|teamsize|p2|6
|start
|switch|p1a: Glimmora|Glimmora, F|100/100
|switch|p2a: Hippowdon|Hippowdon, M|100/100
|turn|1
|
|t:|1779649011
|-terastallize|p1a: Glimmora|Normal
|move|p1a: Glimmora|Stealth Rock|p2a: Hippowdon
|-sidestart|p2: erikmony|move: Stealth Rock
|move|p2a: Hippowdon|Earth Power|p1a: Glimmora
|-crit|p1a: Glimmora
|-damage|p1a: Glimmora|72/100
|
|-heal|p1a: Glimmora|78/100|[from] item: Leftovers
|upkeep
|turn|2
|
|t:|1779649031
|move|p1a: Glimmora|Toxic|p2a: Hippowdon
|-status|p2a: Hippowdon|tox
|move|p2a: Hippowdon|Stealth Rock|p1a: Glimmora
|-sidestart|p1: Winke Noppen|move: Stealth Rock
|
|-heal|p1a: Glimmora|85/100|[from] item: Leftovers
|-damage|p2a: Hippowdon|94/100 tox|[from] psn
|upkeep
|turn|3
|
|t:|1779649066
|move|p1a: Glimmora|Substitute|p1a: Glimmora
|-start|p1a: Glimmora|Substitute
|-damage|p1a: Glimmora|60/100
|move|p2a: Hippowdon|Roar|p1a: Glimmora
|drag|p1a: Toxapex|Toxapex, F|100/100
|-damage|p1a: Toxapex|88/100|[from] Stealth Rock
|
|-damage|p2a: Hippowdon|82/100 tox|[from] psn
|upkeep
|turn|4
|l|☆erikmony
|player|p2|
|j|☆erikmony
|player|p2|erikmony|blue|
|
|t:|1779649128
|switch|p2a: Skarmory|Skarmory, F|100/100
|-damage|p2a: Skarmory|88/100|[from] Stealth Rock
|move|p1a: Toxapex|Infestation|p2a: Skarmory
|-resisted|p2a: Skarmory
|-damage|p2a: Skarmory|88/100
|-activate|p2a: Skarmory|move: Infestation|[of] p1a: Toxapex
|
|-damage|p2a: Skarmory|75/100|[from] move: Infestation|[partiallytrapped]
|upkeep
|turn|5
|
|t:|1779649143
|move|p1a: Toxapex|Baneful Bunker|p1a: Toxapex
|-singleturn|p1a: Toxapex|move: Protect
|move|p2a: Skarmory|Spikes|p1a: Toxapex
|-sidestart|p1: Winke Noppen|Spikes
|
|-damage|p2a: Skarmory|63/100|[from] move: Infestation|[partiallytrapped]
|upkeep
|turn|6
|
|t:|1779649151
|switch|p1a: Malamar|Malamar, F|100/100
|move|p2a: Skarmory|Spikes|p1a: Malamar
|-sidestart|p1: Winke Noppen|Spikes
|
|-end|p2a: Skarmory|Infestation|[partiallytrapped]|[silent]
|upkeep
|turn|7
|
|t:|1779649160
|move|p1a: Malamar|Superpower|p2a: Skarmory
|-damage|p2a: Skarmory|38/100
|-boost|p1a: Malamar|atk|1
|-boost|p1a: Malamar|def|1
|-ability|p2a: Skarmory|Weak Armor|boost
|-unboost|p2a: Skarmory|def|1
|-boost|p2a: Skarmory|spe|2
|move|p2a: Skarmory|Roar|p1a: Malamar
|drag|p1a: Manaphy|Manaphy|100/100
|-damage|p1a: Manaphy|88/100|[from] Stealth Rock
|-damage|p1a: Manaphy|72/100|[from] Spikes
|
|-heal|p1a: Manaphy|78/100|[from] item: Leftovers
|upkeep
|turn|8
|
|t:|1779649176
|move|p1a: Manaphy|Whirlpool|p2a: Skarmory
|-damage|p2a: Skarmory|23/100
|-activate|p2a: Skarmory|move: Whirlpool|[of] p1a: Manaphy
|move|p2a: Skarmory|Roar|p1a: Manaphy
|drag|p1a: Toxapex|Toxapex, F|100/100
|-damage|p1a: Toxapex|88/100|[from] Stealth Rock
|-damage|p1a: Toxapex|71/100|[from] Spikes
|
|-end|p2a: Skarmory|Whirlpool|[partiallytrapped]|[silent]
|upkeep
|turn|9
|
|t:|1779649186
|move|p2a: Skarmory|Roost|p2a: Skarmory
|-heal|p2a: Skarmory|74/100
|-singleturn|p2a: Skarmory|move: Roost
|move|p1a: Toxapex|Recover|p1a: Toxapex
|-heal|p1a: Toxapex|100/100
|
|upkeep
|turn|10
|
|t:|1779649195
|move|p2a: Skarmory|Spikes|p1a: Toxapex
|-sidestart|p1: Winke Noppen|Spikes
|move|p1a: Toxapex|Infestation|p2a: Skarmory
|-resisted|p2a: Skarmory
|-damage|p2a: Skarmory|73/100
|-activate|p2a: Skarmory|move: Infestation|[of] p1a: Toxapex
|
|-damage|p2a: Skarmory|61/100|[from] move: Infestation|[partiallytrapped]
|upkeep
|turn|11
|
|t:|1779649217
|move|p1a: Toxapex|Baneful Bunker|p1a: Toxapex
|-singleturn|p1a: Toxapex|move: Protect
|move|p2a: Skarmory|Spikes||[still]
|-fail|p2a: Skarmory
|
|-damage|p2a: Skarmory|48/100|[from] move: Infestation|[partiallytrapped]
|upkeep
|turn|12
|
|t:|1779649228
|move|p2a: Skarmory|Roost|p2a: Skarmory
|-heal|p2a: Skarmory|99/100
|-singleturn|p2a: Skarmory|move: Roost
|move|p1a: Toxapex|Infestation|p2a: Skarmory
|-resisted|p2a: Skarmory
|-damage|p2a: Skarmory|97/100
|
|-damage|p2a: Skarmory|85/100|[from] move: Infestation|[partiallytrapped]
|upkeep
|turn|13
|
|t:|1779649245
|switch|p1a: Malamar|Malamar, F|100/100
|move|p2a: Skarmory|Roar|p1a: Malamar
|drag|p1a: Glimmora|Glimmora, F, tera:Normal|60/100
|-damage|p1a: Glimmora|47/100|[from] Stealth Rock
|-damage|p1a: Glimmora|23/100|[from] Spikes
|
|-heal|p1a: Glimmora|29/100|[from] item: Leftovers
|-end|p2a: Skarmory|Infestation|[partiallytrapped]|[silent]
|upkeep
|turn|14
|
|t:|1779649258
|move|p1a: Glimmora|Spiky Shield|p1a: Glimmora
|-singleturn|p1a: Glimmora|move: Protect
|move|p2a: Skarmory|Roar|p1a: Glimmora
|drag|p1a: Hatterene|Hatterene, F|100/100
|-damage|p1a: Hatterene|88/100|[from] Stealth Rock
|-damage|p1a: Hatterene|63/100|[from] Spikes
|
|upkeep
|turn|15
|
|t:|1779649267
|move|p1a: Hatterene|Mystical Fire|p2a: Skarmory
|-supereffective|p2a: Skarmory
|-damage|p2a: Skarmory|12/100
|-unboost|p2a: Skarmory|spa|1
|move|p2a: Skarmory|Roar|p1a: Hatterene
|move|p1a: Hatterene|Roar|p2a: Skarmory|[from] ability: Magic Bounce
|drag|p2a: Grimmsnarl|Grimmsnarl, M|100/100
|-damage|p2a: Grimmsnarl|88/100|[from] Stealth Rock
|
|-heal|p2a: Grimmsnarl|94/100|[from] item: Leftovers
|upkeep
|turn|16
|
|t:|1779649294
|move|p2a: Grimmsnarl|Light Screen|p2a: Grimmsnarl
|-sidestart|p2: erikmony|move: Light Screen
|move|p1a: Hatterene|Calm Mind|p1a: Hatterene
|-boost|p1a: Hatterene|spa|1
|-boost|p1a: Hatterene|spd|1
|
|-heal|p2a: Grimmsnarl|99/100|[from] item: Leftovers
|upkeep
|turn|17
|
|t:|1779649302
|move|p2a: Grimmsnarl|Reflect|p2a: Grimmsnarl
|-sidestart|p2: erikmony|Reflect
|move|p1a: Hatterene|Calm Mind|p1a: Hatterene
|-boost|p1a: Hatterene|spa|1
|-boost|p1a: Hatterene|spd|1
|
|-heal|p2a: Grimmsnarl|100/100|[from] item: Leftovers
|upkeep
|turn|18
|
|t:|1779649314
|move|p2a: Grimmsnarl|Crunch|p1a: Hatterene
|-damage|p1a: Hatterene|28/100
|-unboost|p1a: Hatterene|def|1
|-damage|p2a: Grimmsnarl|84/100|[from] item: Rocky Helmet|[of] p1a: Hatterene
|move|p1a: Hatterene|Substitute|p1a: Hatterene
|-start|p1a: Hatterene|Substitute
|-damage|p1a: Hatterene|3/100
|
|-heal|p2a: Grimmsnarl|90/100|[from] item: Leftovers
|upkeep
|turn|19
|
|t:|1779649325
|move|p2a: Grimmsnarl|Crunch|p1a: Hatterene
|-end|p1a: Hatterene|Substitute
|move|p1a: Hatterene|Draining Kiss|p2a: Grimmsnarl
|-supereffective|p2a: Grimmsnarl
|-damage|p2a: Grimmsnarl|34/100
|-heal|p1a: Hatterene|58/100|[from] drain|[of] p2a: Grimmsnarl
|
|-heal|p2a: Grimmsnarl|40/100|[from] item: Leftovers
|upkeep
|turn|20
|
|t:|1779649335
|move|p2a: Grimmsnarl|Crunch|p1a: Hatterene
|-damage|p1a: Hatterene|11/100
|-unboost|p1a: Hatterene|def|1
|-damage|p2a: Grimmsnarl|23/100|[from] item: Rocky Helmet|[of] p1a: Hatterene
|move|p1a: Hatterene|Draining Kiss|p2a: Grimmsnarl
|-supereffective|p2a: Grimmsnarl
|-damage|p2a: Grimmsnarl|0 fnt
|-heal|p1a: Hatterene|33/100|[from] drain|[of] p2a: Grimmsnarl
|faint|p2a: Grimmsnarl
|
|-sideend|p2: erikmony|move: Light Screen
|upkeep
|
|t:|1779649358
|switch|p2a: Swanna|Swanna, F|100/100
|-damage|p2a: Swanna|76/100|[from] Stealth Rock
|turn|21
|
|t:|1779649365
|move|p2a: Swanna|Brave Bird|p1a: Hatterene
|-damage|p1a: Hatterene|0 fnt
|-damage|p2a: Swanna|59/100|[from] item: Rocky Helmet|[of] p1a: Hatterene
|faint|p1a: Hatterene
|-damage|p2a: Swanna|50/100|[from] Recoil
|
|-heal|p2a: Swanna|56/100|[from] item: Leftovers
|-sideend|p2: erikmony|Reflect
|upkeep
|
|t:|1779649373
|switch|p1a: Toxapex|Toxapex, F|100/100
|-damage|p1a: Toxapex|88/100|[from] Stealth Rock
|-damage|p1a: Toxapex|63/100|[from] Spikes
|turn|22
|
|t:|1779649382
|move|p2a: Swanna|Protect|p2a: Swanna
|-singleturn|p2a: Swanna|Protect
|move|p1a: Toxapex|Toxic|p2a: Swanna
|-activate|p2a: Swanna|move: Protect
|
|-heal|p2a: Swanna|62/100|[from] item: Leftovers
|upkeep
|turn|23
|
|t:|1779649391
|switch|p2a: Gliscor|Gliscor, F|100/100
|-damage|p2a: Gliscor|88/100|[from] Stealth Rock
|move|p1a: Toxapex|Baneful Bunker||[still]
|-fail|p1a: Toxapex
|
|-status|p2a: Gliscor|tox|[from] item: Toxic Orb
|upkeep
|turn|24
|
|t:|1779649404
|move|p2a: Gliscor|Protect|p2a: Gliscor
|-singleturn|p2a: Gliscor|Protect
|move|p1a: Toxapex|Infestation|p2a: Gliscor
|-activate|p2a: Gliscor|move: Protect
|
|-heal|p2a: Gliscor|100/100 tox|[from] ability: Poison Heal
|upkeep
|turn|25
|
|t:|1779649420
|switch|p2a: Hippowdon|Hippowdon, M|82/100 tox
|-damage|p2a: Hippowdon|76/100 tox|[from] Stealth Rock
|move|p1a: Toxapex|Infestation|p2a: Hippowdon
|-damage|p2a: Hippowdon|73/100 tox
|-activate|p2a: Hippowdon|move: Infestation|[of] p1a: Toxapex
|-damage|p1a: Toxapex|47/100|[from] item: Rocky Helmet|[of] p2a: Hippowdon
|
|-damage|p2a: Hippowdon|66/100 tox|[from] psn
|-damage|p2a: Hippowdon|54/100 tox|[from] move: Infestation|[partiallytrapped]
|upkeep
|turn|26
|
|t:|1779649436
|move|p1a: Toxapex|Baneful Bunker|p1a: Toxapex
|-singleturn|p1a: Toxapex|move: Protect
|move|p2a: Hippowdon|Roar|p1a: Toxapex
|drag|p1a: Manaphy|Manaphy|78/100
|-damage|p1a: Manaphy|66/100|[from] Stealth Rock
|-damage|p1a: Manaphy|41/100|[from] Spikes
|
|-heal|p1a: Manaphy|47/100|[from] item: Leftovers
|-damage|p2a: Hippowdon|42/100 tox|[from] psn
|-end|p2a: Hippowdon|Infestation|[partiallytrapped]|[silent]
|upkeep
|turn|27
|
|t:|1779649456
|move|p1a: Manaphy|Whirlpool|p2a: Hippowdon
|-supereffective|p2a: Hippowdon
|-damage|p2a: Hippowdon|16/100 tox
|-activate|p2a: Hippowdon|move: Whirlpool|[of] p1a: Manaphy
|move|p2a: Hippowdon|Roar|p1a: Manaphy
|drag|p1a: Toxapex|Toxapex, F|80/100
|-damage|p1a: Toxapex|67/100|[from] Stealth Rock
|-damage|p1a: Toxapex|42/100|[from] Spikes
|
|-damage|p2a: Hippowdon|0 fnt|[from] psn
|faint|p2a: Hippowdon
|upkeep
|
|t:|1779649470
|switch|p2a: Skarmory|Skarmory, F|12/100
|-damage|p2a: Skarmory|0 fnt|[from] Stealth Rock
|faint|p2a: Skarmory
|
|t:|1779649482
|switch|p2a: Chansey|Chansey, F|100/100
|-damage|p2a: Chansey|88/100|[from] Stealth Rock
|turn|28
|
|t:|1779649488
|move|p2a: Chansey|Protect|p2a: Chansey
|-singleturn|p2a: Chansey|Protect
|move|p1a: Toxapex|Recover|p1a: Toxapex
|-heal|p1a: Toxapex|93/100
|
|upkeep
|turn|29
|
|t:|1779649496
|move|p2a: Chansey|Thunder Wave|p1a: Toxapex
|-status|p1a: Toxapex|par
|cant|p1a: Toxapex|par
|
|upkeep
|turn|30
|
|t:|1779649503
|move|p2a: Chansey|Double-Edge|p1a: Toxapex
|-damage|p1a: Toxapex|86/100 par
|-damage|p2a: Chansey|71/100|[from] item: Rocky Helmet|[of] p1a: Toxapex
|-damage|p2a: Chansey|71/100|[from] Recoil
|move|p1a: Toxapex|Toxic|p2a: Chansey
|-status|p2a: Chansey|tox
|
|-damage|p2a: Chansey|64/100 tox|[from] psn
|upkeep
|turn|31
|
|t:|1779649516
|-curestatus|p2a: Chansey|tox|[from] ability: Natural Cure|[silent]
|switch|p2a: Swanna|Swanna, F|62/100
|-damage|p2a: Swanna|38/100|[from] Stealth Rock
|move|p1a: Toxapex|Infestation|p2a: Swanna
|-resisted|p2a: Swanna
|-damage|p2a: Swanna|35/100
|-activate|p2a: Swanna|move: Infestation|[of] p1a: Toxapex
|
|-heal|p2a: Swanna|41/100|[from] item: Leftovers
|-damage|p2a: Swanna|29/100|[from] move: Infestation|[partiallytrapped]
|upkeep
|turn|32
|
|t:|1779649528
|cant|p1a: Toxapex|par
|move|p2a: Swanna|Roost|p2a: Swanna
|-heal|p2a: Swanna|79/100
|-singleturn|p2a: Swanna|move: Roost
|
|-heal|p2a: Swanna|85/100|[from] item: Leftovers
|-damage|p2a: Swanna|73/100|[from] move: Infestation|[partiallytrapped]
|upkeep
|turn|33
|
|t:|1779649540
|move|p2a: Swanna|Brave Bird|p1a: Toxapex
|-damage|p1a: Toxapex|48/100 par
|-damage|p2a: Swanna|57/100|[from] item: Rocky Helmet|[of] p1a: Toxapex
|-damage|p2a: Swanna|46/100|[from] Recoil
|move|p1a: Toxapex|Toxic|p2a: Swanna
|-status|p2a: Swanna|tox
|
|-heal|p2a: Swanna|52/100 tox|[from] item: Leftovers
|-damage|p2a: Swanna|46/100 tox|[from] psn
|-damage|p2a: Swanna|34/100 tox|[from] move: Infestation|[partiallytrapped]
|upkeep
|turn|34
|
|t:|1779649555
|move|p1a: Toxapex|Baneful Bunker|p1a: Toxapex
|-singleturn|p1a: Toxapex|move: Protect
|move|p2a: Swanna|Roost|p2a: Swanna
|-heal|p2a: Swanna|84/100 tox
|-singleturn|p2a: Swanna|move: Roost
|
|-heal|p2a: Swanna|90/100 tox|[from] item: Leftovers
|-damage|p2a: Swanna|78/100 tox|[from] psn
|-damage|p2a: Swanna|65/100 tox|[from] move: Infestation|[partiallytrapped]
|upkeep
|turn|35
|
|t:|1779649568
|move|p2a: Swanna|Brave Bird|p1a: Toxapex
|-damage|p1a: Toxapex|7/100 par
|-damage|p2a: Swanna|49/100 tox|[from] item: Rocky Helmet|[of] p1a: Toxapex
|-damage|p2a: Swanna|38/100 tox|[from] Recoil
|move|p1a: Toxapex|Recover|p1a: Toxapex
|-heal|p1a: Toxapex|57/100 par
|
|-heal|p2a: Swanna|44/100 tox|[from] item: Leftovers
|-damage|p2a: Swanna|25/100 tox|[from] psn
|-end|p2a: Swanna|Infestation|[partiallytrapped]
|upkeep
|turn|36
|
|t:|1779649580
|move|p2a: Swanna|Roost|p2a: Swanna
|-heal|p2a: Swanna|75/100 tox
|-singleturn|p2a: Swanna|move: Roost
|move|p1a: Toxapex|Recover|p1a: Toxapex
|-heal|p1a: Toxapex|100/100 par
|
|-heal|p2a: Swanna|82/100 tox|[from] item: Leftovers
|-damage|p2a: Swanna|57/100 tox|[from] psn
|upkeep
|turn|37
|
|t:|1779649594
|move|p1a: Toxapex|Baneful Bunker|p1a: Toxapex
|-singleturn|p1a: Toxapex|move: Protect
|move|p2a: Swanna|Brave Bird|p1a: Toxapex
|-activate|p1a: Toxapex|move: Protect
|
|-heal|p2a: Swanna|63/100 tox|[from] item: Leftovers
|-damage|p2a: Swanna|32/100 tox|[from] psn
|upkeep
|turn|38
|
|t:|1779649606
|move|p2a: Swanna|Brave Bird|p1a: Toxapex
|-damage|p1a: Toxapex|62/100 par
|-damage|p2a: Swanna|16/100 tox|[from] item: Rocky Helmet|[of] p1a: Toxapex
|-damage|p2a: Swanna|5/100 tox|[from] Recoil
|move|p1a: Toxapex|Recover|p1a: Toxapex
|-heal|p1a: Toxapex|100/100 par
|
|-heal|p2a: Swanna|11/100 tox|[from] item: Leftovers
|-damage|p2a: Swanna|0 fnt|[from] psn
|faint|p2a: Swanna
|upkeep
|
|t:|1779649623
|switch|p2a: Chansey|Chansey, F|64/100
|-damage|p2a: Chansey|52/100|[from] Stealth Rock
|turn|39
|
|t:|1779649628
|move|p2a: Chansey|Soft-Boiled|p2a: Chansey
|-heal|p2a: Chansey|100/100
|move|p1a: Toxapex|Toxic|p2a: Chansey
|-status|p2a: Chansey|tox
|
|-damage|p2a: Chansey|94/100 tox|[from] psn
|upkeep
|turn|40
|
|t:|1779649640
|-curestatus|p2a: Chansey|tox|[from] ability: Natural Cure|[silent]
|switch|p2a: Gliscor|Gliscor, F|100/100 tox
|-damage|p2a: Gliscor|88/100 tox|[from] Stealth Rock
|cant|p1a: Toxapex|par
|
|-heal|p2a: Gliscor|100/100 tox|[from] ability: Poison Heal
|upkeep
|turn|41
|
|t:|1779649652
|move|p2a: Gliscor|Protect|p2a: Gliscor
|-singleturn|p2a: Gliscor|Protect
|move|p1a: Toxapex|Infestation|p2a: Gliscor
|-activate|p2a: Gliscor|move: Protect
|
|upkeep
|turn|42
|
|t:|1779649662
|switch|p2a: Chansey|Chansey, F|94/100
|-damage|p2a: Chansey|82/100|[from] Stealth Rock
|move|p1a: Toxapex|Infestation|p2a: Chansey
|-damage|p2a: Chansey|81/100
|-activate|p2a: Chansey|move: Infestation|[of] p1a: Toxapex
|
|-damage|p2a: Chansey|68/100|[from] move: Infestation|[partiallytrapped]
|upkeep
|turn|43
|
|t:|1779649673
|move|p2a: Chansey|Protect|p2a: Chansey
|-singleturn|p2a: Chansey|Protect
|move|p1a: Toxapex|Baneful Bunker||[still]
|-fail|p1a: Toxapex
|
|-damage|p2a: Chansey|56/100|[from] move: Infestation|[partiallytrapped]
|upkeep
|turn|44
|
|t:|1779649684
|move|p2a: Chansey|Soft-Boiled|p2a: Chansey
|-heal|p2a: Chansey|100/100
|move|p1a: Toxapex|Toxic|p2a: Chansey
|-status|p2a: Chansey|tox
|
|-damage|p2a: Chansey|94/100 tox|[from] psn
|-damage|p2a: Chansey|82/100 tox|[from] move: Infestation|[partiallytrapped]
|upkeep
|turn|45
|
|t:|1779649707
|cant|p1a: Toxapex|par
|move|p2a: Chansey|Double-Edge|p1a: Toxapex
|-damage|p1a: Toxapex|94/100 par
|-damage|p2a: Chansey|65/100 tox|[from] item: Rocky Helmet|[of] p1a: Toxapex
|-damage|p2a: Chansey|64/100 tox|[from] Recoil
|
|-damage|p2a: Chansey|52/100 tox|[from] psn
|-damage|p2a: Chansey|40/100 tox|[from] move: Infestation|[partiallytrapped]
|upkeep
|turn|46
|
|t:|1779649719
|move|p2a: Chansey|Soft-Boiled|p2a: Chansey
|-heal|p2a: Chansey|90/100 tox
|cant|p1a: Toxapex|par
|
|-damage|p2a: Chansey|71/100 tox|[from] psn
|-damage|p2a: Chansey|58/100 tox|[from] move: Infestation|[partiallytrapped]
|upkeep
|turn|47
|
|t:|1779649734
|move|p2a: Chansey|Protect|p2a: Chansey
|-singleturn|p2a: Chansey|Protect
|move|p1a: Toxapex|Baneful Bunker||[still]
|-fail|p1a: Toxapex
|
|-damage|p2a: Chansey|33/100 tox|[from] psn
|-end|p2a: Chansey|Infestation|[partiallytrapped]
|upkeep
|turn|48
|
|t:|1779649743
|-curestatus|p2a: Chansey|tox|[from] ability: Natural Cure|[silent]
|switch|p2a: Gliscor|Gliscor, F|100/100 tox
|-damage|p2a: Gliscor|88/100 tox|[from] Stealth Rock
|cant|p1a: Toxapex|par
|
|-heal|p2a: Gliscor|100/100 tox|[from] ability: Poison Heal
|upkeep
|turn|49
|
|t:|1779649755
|move|p2a: Gliscor|Protect|p2a: Gliscor
|-singleturn|p2a: Gliscor|Protect
|cant|p1a: Toxapex|par
|
|upkeep
|turn|50
|
|t:|1779649761
|move|p2a: Gliscor|Protect||[still]
|-fail|p2a: Gliscor
|move|p1a: Toxapex|Infestation|p2a: Gliscor
|-resisted|p2a: Gliscor
|-damage|p2a: Gliscor|99/100 tox
|-activate|p2a: Gliscor|move: Infestation|[of] p1a: Toxapex
|
|-heal|p2a: Gliscor|100/100 tox|[from] ability: Poison Heal
|-damage|p2a: Gliscor|88/100 tox|[from] move: Infestation|[partiallytrapped]
|upkeep
|turn|51
|
|t:|1779649773
|move|p2a: Gliscor|Protect|p2a: Gliscor
|-singleturn|p2a: Gliscor|Protect
|cant|p1a: Toxapex|par
|
|-heal|p2a: Gliscor|100/100 tox|[from] ability: Poison Heal
|-damage|p2a: Gliscor|88/100 tox|[from] move: Infestation|[partiallytrapped]
|upkeep
|turn|52
|
|t:|1779649785
|switch|p1a: Malamar|Malamar, F|100/100
|-terastallize|p2a: Gliscor|Poison
|move|p2a: Gliscor|Protect||[still]
|-fail|p2a: Gliscor
|
|-heal|p2a: Gliscor|100/100 tox|[from] ability: Poison Heal
|-end|p2a: Gliscor|Infestation|[partiallytrapped]|[silent]
|upkeep
|turn|53
|
|t:|1779649795
|move|p2a: Gliscor|Toxic|p1a: Malamar
|-status|p1a: Malamar|tox
|move|p1a: Malamar|Knock Off|p2a: Gliscor
|-damage|p2a: Gliscor|70/100 tox
|-enditem|p2a: Gliscor|Toxic Orb|[from] move: Knock Off|[of] p1a: Malamar
|
|-heal|p2a: Gliscor|82/100 tox|[from] ability: Poison Heal
|-damage|p1a: Malamar|94/100 tox|[from] psn
|upkeep
|turn|54
|
|t:|1779649807
|move|p2a: Gliscor|Protect|p2a: Gliscor
|-singleturn|p2a: Gliscor|Protect
|move|p1a: Malamar|Rest|p1a: Malamar
|-status|p1a: Malamar|slp|[from] move: Rest
|-heal|p1a: Malamar|100/100 slp|[silent]
|
|-heal|p2a: Gliscor|94/100 tox|[from] ability: Poison Heal
|upkeep
|turn|55
|
|t:|1779649820
|switch|p2a: Chansey|Chansey, F|33/100
|-damage|p2a: Chansey|21/100|[from] Stealth Rock
|cant|p1a: Malamar|slp
|move|p1a: Malamar|Sleep Talk|p1a: Malamar
|move|p1a: Malamar|Superpower|p2a: Chansey|[from] move: Sleep Talk
|-supereffective|p2a: Chansey
|-damage|p2a: Chansey|0 fnt
|-boost|p1a: Malamar|atk|1
|-boost|p1a: Malamar|def|1
|faint|p2a: Chansey
|
|upkeep
|c|☆Winke Noppen|GG
|
|t:|1779649834
|switch|p2a: Gliscor|Gliscor, F, tera:Poison|94/100 tox
|-damage|p2a: Gliscor|82/100 tox|[from] Stealth Rock
|turn|56
|
|t:|1779649840
|move|p2a: Gliscor|Spikes||[still]
|-fail|p2a: Gliscor
|cant|p1a: Malamar|slp
|move|p1a: Malamar|Sleep Talk|p1a: Malamar
|move|p1a: Malamar|Rest||[from] move: Sleep Talk|[still]
|-fail|p1a: Malamar
|
|-heal|p2a: Gliscor|94/100 tox|[from] ability: Poison Heal
|upkeep
|turn|57
|
|t:|1779649851
|move|p2a: Gliscor|Spikes||[still]
|-fail|p2a: Gliscor
|-curestatus|p1a: Malamar|slp|[msg]
|move|p1a: Malamar|Superpower|p2a: Gliscor
|-resisted|p2a: Gliscor
|-damage|p2a: Gliscor|74/100 tox
|-boost|p1a: Malamar|atk|1
|-boost|p1a: Malamar|def|1
|
|-heal|p2a: Gliscor|86/100 tox|[from] ability: Poison Heal
|upkeep
|turn|58
|
|t:|1779649863
|move|p2a: Gliscor|Toxic|p1a: Malamar
|-status|p1a: Malamar|tox
|move|p1a: Malamar|Superpower|p2a: Gliscor
|-resisted|p2a: Gliscor
|-damage|p2a: Gliscor|58/100 tox
|-boost|p1a: Malamar|atk|1
|-boost|p1a: Malamar|def|1
|
|-heal|p2a: Gliscor|70/100 tox|[from] ability: Poison Heal
|-damage|p1a: Malamar|94/100 tox|[from] psn
|upkeep
|turn|59
|c|☆Winke Noppen|GG
|c|☆Winke Noppen|GG
|c|☆Winke Noppen|GG
|c|☆Winke Noppen|GG
|c|☆Winke Noppen|GG
|c|☆Winke Noppen|GG
|c|☆Winke Noppen|GG
|c|☆Winke Noppen|GG
|inactive|Battle timer is ON: inactive players will automatically lose when time's up. (requested by Winke Noppen)
|
|t:|1779649907
|move|p2a: Gliscor|Protect|p2a: Gliscor
|-singleturn|p2a: Gliscor|Protect
|move|p1a: Malamar|Knock Off|p2a: Gliscor
|-activate|p2a: Gliscor|move: Protect
|
|-heal|p2a: Gliscor|83/100 tox|[from] ability: Poison Heal
|-damage|p1a: Malamar|82/100 tox|[from] psn
|upkeep
|turn|60
|
|t:|1779649918
|move|p2a: Gliscor|Protect||[still]
|-fail|p2a: Gliscor
|move|p1a: Malamar|Rest|p1a: Malamar
|-status|p1a: Malamar|slp|[from] move: Rest
|-heal|p1a: Malamar|100/100 slp|[silent]
|
|-heal|p2a: Gliscor|95/100 tox|[from] ability: Poison Heal
|upkeep
|turn|61
|
|t:|1779649930
|move|p2a: Gliscor|Spikes||[still]
|-fail|p2a: Gliscor
|cant|p1a: Malamar|slp
|move|p1a: Malamar|Sleep Talk|p1a: Malamar
|move|p1a: Malamar|Knock Off|p2a: Gliscor|[from] move: Sleep Talk
|-damage|p2a: Gliscor|42/100 tox
|
|-heal|p2a: Gliscor|54/100 tox|[from] ability: Poison Heal
|upkeep
|turn|62
|
|t:|1779649941
|move|p2a: Gliscor|Protect|p2a: Gliscor
|-singleturn|p2a: Gliscor|Protect
|cant|p1a: Malamar|slp
|move|p1a: Malamar|Sleep Talk|p1a: Malamar
|move|p1a: Malamar|Knock Off|p2a: Gliscor|[from] move: Sleep Talk
|-activate|p2a: Gliscor|move: Protect
|
|-heal|p2a: Gliscor|67/100 tox|[from] ability: Poison Heal
|upkeep
|turn|63
|
|t:|1779649954
|move|p2a: Gliscor|Spikes||[still]
|-fail|p2a: Gliscor
|-curestatus|p1a: Malamar|slp|[msg]
|move|p1a: Malamar|Superpower|p2a: Gliscor
|-resisted|p2a: Gliscor
|-damage|p2a: Gliscor|36/100 tox
|-boost|p1a: Malamar|atk|1
|-boost|p1a: Malamar|def|1
|
|-heal|p2a: Gliscor|48/100 tox|[from] ability: Poison Heal
|upkeep
|turn|64
|
|t:|1779649966
|move|p2a: Gliscor|Protect|p2a: Gliscor
|-singleturn|p2a: Gliscor|Protect
|move|p1a: Malamar|Superpower|p2a: Gliscor
|-activate|p2a: Gliscor|move: Protect
|
|-heal|p2a: Gliscor|61/100 tox|[from] ability: Poison Heal
|upkeep
|turn|65
|
|t:|1779649975
|move|p2a: Gliscor|Toxic|p1a: Malamar
|-status|p1a: Malamar|tox
|move|p1a: Malamar|Superpower|p2a: Gliscor
|-resisted|p2a: Gliscor
|-damage|p2a: Gliscor|22/100 tox
|-boost|p1a: Malamar|atk|1
|-boost|p1a: Malamar|def|1
|
|-heal|p2a: Gliscor|35/100 tox|[from] ability: Poison Heal
|-damage|p1a: Malamar|94/100 tox|[from] psn
|upkeep
|turn|66
|
|t:|1779649987
|move|p2a: Gliscor|Protect|p2a: Gliscor
|-singleturn|p2a: Gliscor|Protect
|move|p1a: Malamar|Rest|p1a: Malamar
|-status|p1a: Malamar|slp|[from] move: Rest
|-heal|p1a: Malamar|100/100 slp|[silent]
|
|-heal|p2a: Gliscor|47/100 tox|[from] ability: Poison Heal
|upkeep
|turn|67
|
|t:|1779649997
|move|p2a: Gliscor|Toxic||[still]
|-fail|p2a: Gliscor
|cant|p1a: Malamar|slp
|move|p1a: Malamar|Sleep Talk|p1a: Malamar
|move|p1a: Malamar|Superpower|p2a: Gliscor|[from] move: Sleep Talk
|-resisted|p2a: Gliscor
|-damage|p2a: Gliscor|0 fnt
|-boost|p1a: Malamar|atk|1
|-boost|p1a: Malamar|def|1
|faint|p2a: Gliscor
|
|win|Winke Noppen
|raw|Winke Noppen's rating: 1106 &rarr; <strong>1131</strong><br />(+25 for winning)
|raw|erikmony's rating: 1111 &rarr; <strong>1086</strong><br />(-25 for losing)
|c|☆Winke Noppen|GG
|l|☆erikmony
|player|p2|
