|j|☆yoony1
|j|☆Sooswillbebeat
|t:|1779596598
|gametype|singles
|player|p1|yoony1|plasmagrunt-gen5bw|1400
|player|p2|Sooswillbebeat|cynthia|1356
|gen|9
|tier|[Gen 9] OU
|rated|
|rule|HP Percentage Mod: HP is shown in percentages
|rule|Endless Battle Clause: Forcing endless battles is banned
|rule|Species Clause: Limit one of each Pokémon
|rule|OHKO Clause: OHKO moves are banned
|rule|Evasion Items Clause: Evasion items are banned
|rule|Evasion Moves Clause: Evasion moves are banned
|rule|Evasion Abilities Clause: Evasion abilities are banned
|rule|Sleep Moves Clause: Sleep-inducing moves are banned
|clearpoke
|poke|p1|Gholdengo|
|poke|p1|Samurott-Hisui, F|
|poke|p1|Meowscarada, M|
|poke|p1|Great Tusk|
|poke|p1|Skarmory, F|
|poke|p1|Slowking-Galar, L99, M|
|poke|p2|Kyurem|
|poke|p2|Gholdengo|
|poke|p2|Ceruledge, M|
|poke|p2|Pecharunt|
|poke|p2|Regieleki|
|poke|p2|Iron Valiant|
|teampreview
|inactive|Battle timer is ON: inactive players will automatically lose when time's up. (requested by Sooswillbebeat)
|
|t:|1779596616
|teamsize|p1|6
|teamsize|p2|6
|start
|switch|p1a: Meowscarada|Meowscarada, M|100/100
|switch|p2a: Ceruledge|Ceruledge, M|100/100
|turn|1
|
|t:|1779596630
|move|p1a: Meowscarada|U-turn|p2a: Ceruledge
|-start|p1a: Meowscarada|typechange|Bug|[from] ability: Protean
|-resisted|p2a: Ceruledge
|-damage|p2a: Ceruledge|89/100
|-ability|p2a: Ceruledge|Weak Armor|boost
|-unboost|p2a: Ceruledge|def|1
|-boost|p2a: Ceruledge|spe|2
|
|t:|1779596638
|switch|p1a: Samurott|Samurott-Hisui, F|100/100|[from] U-turn
|move|p2a: Ceruledge|Bitter Blade|p1a: Samurott
|-resisted|p1a: Samurott
|-damage|p1a: Samurott|72/100
|-heal|p2a: Ceruledge|100/100|[from] drain|[of] p1a: Samurott
|
|upkeep
|turn|2
|
|t:|1779596651
|move|p2a: Ceruledge|Poltergeist|p1a: Samurott
|-activate|p1a: Samurott|move: Poltergeist|Heavy-Duty Boots
|-resisted|p1a: Samurott
|-damage|p1a: Samurott|34/100
|move|p1a: Samurott|Ceaseless Edge|p2a: Ceruledge
|-supereffective|p2a: Ceruledge
|-crit|p2a: Ceruledge
|-enditem|p2a: Ceruledge|Focus Sash
|-damage|p2a: Ceruledge|1/100
|-ability|p2a: Ceruledge|Weak Armor|boost
|-unboost|p2a: Ceruledge|def|1
|-boost|p2a: Ceruledge|spe|2
|-sidestart|p2: Sooswillbebeat|Spikes
|
|upkeep
|turn|3
|
|t:|1779596660
|move|p1a: Samurott|Sucker Punch|p2a: Ceruledge
|-supereffective|p2a: Ceruledge
|-damage|p2a: Ceruledge|0 fnt
|faint|p2a: Ceruledge
|
|upkeep
|
|t:|1779596670
|switch|p2a: Regieleki|Regieleki|100/100
|-damage|p2a: Regieleki|88/100|[from] Spikes
|turn|4
|
|t:|1779596680
|switch|p1a: Gholdengo|Gholdengo|100/100
|-item|p1a: Gholdengo|Air Balloon
|move|p2a: Regieleki|Rapid Spin|p1a: Gholdengo
|-immune|p1a: Gholdengo
|
|upkeep
|turn|5
|
|t:|1779596698
|switch|p2a: Gholdengo|Gholdengo|100/100
|-damage|p2a: Gholdengo|88/100|[from] Spikes
|move|p1a: Gholdengo|Shadow Ball|p2a: Gholdengo
|-supereffective|p2a: Gholdengo
|-damage|p2a: Gholdengo|0 fnt
|faint|p2a: Gholdengo
|
|upkeep
|-message|Sooswillbebeat forfeited.
|
|win|yoony1
|raw|yoony1's rating: 1400 &rarr; <strong>1417</strong><br />(+17 for winning)
|raw|Sooswillbebeat's rating: 1356 &rarr; <strong>1339</strong><br />(-17 for losing)
|l|☆Sooswillbebeat
|player|p2|
|l|☆yoony1
|player|p1|
