|badge|p1|bronze|gen9randombattle|100-9
|uhtml|medal-msg|<div class="broadcast-blue">Curious what those medals under the avatar are? PS now has Ladder Seasons! For more information, check out the <a href="https://www.smogon.com/forums/threads/3740067/">thread on Smogon.</a></div>
|j|☆Gloriousplays
|j|☆firewall1234
|t:|1779646082
|gametype|singles
|player|p1|Gloriousplays|ash|1620
|player|p2|firewall1234|hugh|1624
|gen|9
|tier|[Gen 9] OU
|rated|
|rule|HP Percentage Mod: HP is shown in percentages
|rule|Endless Battle Clause: Forcing endless battles is banned
|rule|Species Clause: Limit one of each Pokémon
|rule|OHKO Clause: OHKO moves are banned
|rule|Evasion Items Clause: Evasion items are banned
|rule|Evasion Moves Clause: Evasion moves are banned
|rule|Evasion Abilities Clause: Evasion abilities are banned
|rule|Sleep Moves Clause: Sleep-inducing moves are banned
|clearpoke
|poke|p1|Hoopa|
|poke|p1|Cinderace, M|
|poke|p1|Mandibuzz, F|
|poke|p1|Kyurem|
|poke|p1|Ting-Lu|
|poke|p1|Manaphy|
|poke|p2|Hatterene, F|
|poke|p2|Great Tusk|
|poke|p2|Tornadus-Therian, M|
|poke|p2|Kyurem|
|poke|p2|Slowking-Galar, F|
|poke|p2|Kingambit, F|
|teampreview
|inactive|Battle timer is ON: inactive players will automatically lose when time's up. (requested by firewall1234)
|j| ethereal workshop
|inactive|Gloriousplays has 120 seconds left.
|
|t:|1779646128
|teamsize|p1|6
|teamsize|p2|6
|start
|switch|p1a: Kyurem|Kyurem|100/100
|switch|p2a: Tornadus|Tornadus-Therian, M|100/100
|-ability|p1a: Kyurem|Pressure
|turn|1
|
|t:|1779646135
|move|p1a: Kyurem|Ice Beam|p2a: Tornadus
|-supereffective|p2a: Tornadus
|-damage|p2a: Tornadus|39/100
|move|p2a: Tornadus|U-turn|p1a: Kyurem
|-damage|p1a: Kyurem|87/100
|
|t:|1779646144
|switch|p2a: Slowking|Slowking-Galar, F|100/100|[from] U-turn
|
|upkeep
|turn|2
|
|t:|1779646157
|switch|p1a: Ting-Lucifer|Ting-Lu|100/100
|-ability|p1a: Ting-Lucifer|Vessel of Ruin
|move|p2a: Slowking|Future Sight|p1a: Ting-Lucifer
|-start|p2a: Slowking|move: Future Sight
|
|upkeep
|turn|3
|
|t:|1779646163
|switch|p2a: Hatterene|Hatterene, F, shiny|100/100
|move|p1a: Ting-Lucifer|Stealth Rock|p2a: Hatterene
|move|p2a: Hatterene|Stealth Rock|p1a: Ting-Lucifer|[from] ability: Magic Bounce
|-sidestart|p1: Gloriousplays|move: Stealth Rock
|
|upkeep
|turn|4
|
|t:|1779646171
|move|p1a: Ting-Lucifer|Heavy Slam|p2a: Hatterene
|-supereffective|p2a: Hatterene
|-damage|p2a: Hatterene|36/100
|-damage|p1a: Ting-Lucifer|84/100|[from] item: Rocky Helmet|[of] p2a: Hatterene
|move|p2a: Hatterene|Draining Kiss|p1a: Ting-Lucifer
|-supereffective|p1a: Ting-Lucifer
|-damage|p1a: Ting-Lucifer|57/100
|-heal|p2a: Hatterene|66/100|[from] drain|[of] p1a: Ting-Lucifer
|-enditem|p1a: Ting-Lucifer|Weakness Policy
|-boost|p1a: Ting-Lucifer|atk|2|[from] item: Weakness Policy
|-boost|p1a: Ting-Lucifer|spa|2|[from] item: Weakness Policy
|
|-end|p1a: Ting-Lucifer|move: Future Sight
|-immune|p1a: Ting-Lucifer
|upkeep
|turn|5
|
|t:|1779646185
|-terastallize|p2a: Hatterene|Flying
|move|p1a: Ting-Lucifer|Earthquake|p2a: Hatterene
|-immune|p2a: Hatterene
|move|p2a: Hatterene|Draining Kiss|p1a: Ting-Lucifer
|-supereffective|p1a: Ting-Lucifer
|-damage|p1a: Ting-Lucifer|34/100
|-heal|p2a: Hatterene|94/100|[from] drain|[of] p1a: Ting-Lucifer
|
|upkeep
|turn|6
|
|t:|1779646192
|move|p1a: Ting-Lucifer|Stone Edge|p2a: Hatterene
|-supereffective|p2a: Hatterene
|-damage|p2a: Hatterene|0 fnt
|faint|p2a: Hatterene
|
|upkeep
|
|t:|1779646196
|switch|p2a: Kyurem|Kyurem|100/100
|-ability|p2a: Kyurem|Pressure
|turn|7
|
|t:|1779646209
|-terastallize|p1a: Ting-Lucifer|Steel
|move|p2a: Kyurem|Earth Power|p1a: Ting-Lucifer
|-supereffective|p1a: Ting-Lucifer
|-damage|p1a: Ting-Lucifer|0 fnt
|faint|p1a: Ting-Lucifer
|
|upkeep
|c| ethereal workshop|aura
|
|t:|1779646220
|switch|p1a: Kyurem|Kyurem|87/100
|-damage|p1a: Kyurem|62/100|[from] Stealth Rock
|-ability|p1a: Kyurem|Pressure
|turn|8
|
|t:|1779646228
|switch|p1a: Hoopa|Hoopa|100/100
|-damage|p1a: Hoopa|88/100|[from] Stealth Rock
|switch|p2a: Slowking|Slowking-Galar, F|100/100
|
|upkeep
|turn|9
|
|t:|1779646235
|switch|p2a: Tornadus|Tornadus-Therian, M|73/100
|move|p1a: Hoopa|Substitute|p1a: Hoopa
|-start|p1a: Hoopa|Substitute
|-damage|p1a: Hoopa|63/100
|
|upkeep
|turn|10
|
|t:|1779646245
|move|p2a: Tornadus|U-turn|p1a: Hoopa
|-activate|p1a: Hoopa|move: Substitute|[damage]
|
|t:|1779646248
|switch|p2a: Kingambit|Kingambit, F, shiny|100/100|[from] U-turn
|-activate|p2a: Kingambit|ability: Supreme Overlord
|-start|p2a: Kingambit|fallen1|[silent]
|move|p1a: Hoopa|Substitute|p1a: Hoopa
|-fail|p1a: Hoopa|move: Substitute
|
|upkeep
|turn|11
|
|t:|1779646256
|-end|p2a: Kingambit|fallen1|[silent]
|switch|p2a: Tornadus|Tornadus-Therian, M|100/100
|move|p1a: Hoopa|Focus Blast|p2a: Tornadus|[miss]
|-miss|p1a: Hoopa|p2a: Tornadus
|
|upkeep
|turn|12
|
|t:|1779646268
|move|p2a: Tornadus|Knock Off|p1a: Hoopa
|-supereffective|p1a: Hoopa
|-end|p1a: Hoopa|Substitute
|move|p1a: Hoopa|Substitute|p1a: Hoopa
|-start|p1a: Hoopa|Substitute
|-damage|p1a: Hoopa|38/100
|
|upkeep
|turn|13
|
|t:|1779646278
|move|p2a: Tornadus|Knock Off|p1a: Hoopa
|-supereffective|p1a: Hoopa
|-end|p1a: Hoopa|Substitute
|move|p1a: Hoopa|Shadow Ball|p2a: Tornadus
|-damage|p2a: Tornadus|70/100
|
|upkeep
|turn|14
|
|t:|1779646300
|switch|p1a: Manaphy|Manaphy|100/100
|-damage|p1a: Manaphy|88/100|[from] Stealth Rock
|move|p2a: Tornadus|Knock Off|p1a: Manaphy
|-damage|p1a: Manaphy|72/100
|-enditem|p1a: Manaphy|Leftovers|[from] move: Knock Off|[of] p2a: Tornadus
|
|upkeep
|turn|15
|j| Little Cuack
|
|t:|1779646308
|move|p2a: Tornadus|U-turn|p1a: Manaphy
|-damage|p1a: Manaphy|60/100
|
|t:|1779646311
|switch|p2a: Kyurem|Kyurem|100/100|[from] U-turn
|-ability|p2a: Kyurem|Pressure
|move|p1a: Manaphy|Take Heart|p1a: Manaphy
|-boost|p1a: Manaphy|spa|1
|-boost|p1a: Manaphy|spd|1
|
|upkeep
|turn|16
|
|t:|1779646316
|move|p2a: Kyurem|Freeze-Dry|p1a: Manaphy
|-supereffective|p1a: Manaphy
|-damage|p1a: Manaphy|0 fnt
|faint|p1a: Manaphy
|
|upkeep
|
|t:|1779646322
|switch|p1a: Cinderace|Cinderace, M|100/100
|-damage|p1a: Cinderace|76/100|[from] Stealth Rock
|turn|17
|
|t:|1779646326
|switch|p2a: Great Tusk|Great Tusk|100/100
|move|p1a: Cinderace|Court Change|p1a: Cinderace
|-start|p1a: Cinderace|typechange|Normal|[from] ability: Libero
|-swapsideconditions
|-activate|p1a: Cinderace|move: Court Change
|
|upkeep
|turn|18
|
|t:|1779646330
|switch|p1a: Hoopa|Hoopa|38/100
|move|p2a: Great Tusk|Ice Spinner|p1a: Hoopa
|-damage|p1a: Hoopa|0 fnt
|faint|p1a: Hoopa
|
|upkeep
|
|t:|1779646335
|switch|p1a: Mandibuzz|Mandibuzz, F, shiny|100/100
|turn|19
|
|t:|1779646338
|move|p2a: Great Tusk|Rapid Spin|p1a: Mandibuzz
|-damage|p1a: Mandibuzz|90/100
|-boost|p2a: Great Tusk|spe|1
|-damage|p2a: Great Tusk|84/100|[from] item: Rocky Helmet|[of] p1a: Mandibuzz
|-sideend|p2: firewall1234|Stealth Rock|[from] move: Rapid Spin|[of] p2a: Great Tusk
|move|p1a: Mandibuzz|Toxic|p2a: Great Tusk|[miss]
|-miss|p1a: Mandibuzz|p2a: Great Tusk
|
|upkeep
|turn|20
|
|t:|1779646343
|move|p2a: Great Tusk|Stealth Rock|p1a: Mandibuzz
|-sidestart|p1: Gloriousplays|move: Stealth Rock
|move|p1a: Mandibuzz|Foul Play|p2a: Great Tusk
|-resisted|p2a: Great Tusk
|-damage|p2a: Great Tusk|67/100
|-damage|p1a: Mandibuzz|73/100|[from] item: Rocky Helmet|[of] p2a: Great Tusk
|
|upkeep
|turn|21
|
|t:|1779646348
|-end|p2a: Great Tusk|Protosynthesis|[silent]
|switch|p2a: Kyurem|Kyurem|100/100
|-ability|p2a: Kyurem|Pressure
|move|p1a: Mandibuzz|Toxic|p2a: Kyurem
|-status|p2a: Kyurem|tox
|
|-damage|p2a: Kyurem|94/100 tox|[from] psn
|upkeep
|turn|22
|
|t:|1779646356
|switch|p1a: Cinderace|Cinderace, M|76/100
|-damage|p1a: Cinderace|51/100|[from] Stealth Rock
|move|p2a: Kyurem|Ice Beam|p1a: Cinderace
|-resisted|p1a: Cinderace
|-damage|p1a: Cinderace|3/100
|
|-damage|p2a: Kyurem|82/100 tox|[from] psn
|upkeep
|turn|23
|
|t:|1779646362
|move|p1a: Cinderace|Pyro Ball|p2a: Kyurem
|-damage|p2a: Kyurem|19/100 tox
|move|p2a: Kyurem|Ice Beam|p1a: Cinderace
|-resisted|p1a: Cinderace
|-damage|p1a: Cinderace|0 fnt
|faint|p1a: Cinderace
|
|-damage|p2a: Kyurem|0 fnt|[from] psn
|faint|p2a: Kyurem
|upkeep
|
|t:|1779646370
|switch|p1a: Mandibuzz|Mandibuzz, F, shiny|73/100
|switch|p2a: Tornadus|Tornadus-Therian, M|100/100
|-damage|p1a: Mandibuzz|48/100|[from] Stealth Rock
|turn|24
|
|t:|1779646376
|move|p2a: Tornadus|Bleakwind Storm|p1a: Mandibuzz
|-damage|p1a: Mandibuzz|19/100
|move|p1a: Mandibuzz|Roost|p1a: Mandibuzz
|-heal|p1a: Mandibuzz|69/100
|-singleturn|p1a: Mandibuzz|move: Roost
|
|upkeep
|turn|25
|
|t:|1779646382
|switch|p2a: Slowking|Slowking-Galar, F|100/100
|move|p1a: Mandibuzz|Toxic|p2a: Slowking
|-immune|p2a: Slowking
|
|upkeep
|turn|26
|l| Little Cuack
|
|t:|1779646389
|move|p1a: Mandibuzz|Foul Play|p2a: Slowking
|-supereffective|p2a: Slowking
|-damage|p2a: Slowking|73/100
|move|p2a: Slowking|Trick|p1a: Mandibuzz
|-activate|p2a: Slowking|move: Trick|[of] p1a: Mandibuzz
|-item|p1a: Mandibuzz|Black Sludge|[from] move: Trick
|-item|p2a: Slowking|Rocky Helmet|[from] move: Trick
|
|-damage|p1a: Mandibuzz|57/100|[from] item: Black Sludge
|upkeep
|turn|27
|-message|Gloriousplays forfeited.
|
|win|firewall1234
|raw|Gloriousplays's rating: 1620 &rarr; <strong>1600</strong><br />(-20 for losing)
|raw|firewall1234's rating: 1624 &rarr; <strong>1644</strong><br />(+20 for winning)
|l|☆Gloriousplays
|player|p1|
|l|☆firewall1234
|player|p2|
