|j|☆PieCubed^3
|j|☆Akulti
|t:|1779686475
|gametype|singles
|player|p1|PieCubed^3|hilda-wonderlauncher|1427
|player|p2|Akulti|iris-gen5bw2|1384
|gen|9
|tier|[Gen 9] OU
|rated|
|rule|HP Percentage Mod: HP is shown in percentages
|rule|Endless Battle Clause: Forcing endless battles is banned
|rule|Species Clause: Limit one of each Pokémon
|rule|OHKO Clause: OHKO moves are banned
|rule|Evasion Items Clause: Evasion items are banned
|rule|Evasion Moves Clause: Evasion moves are banned
|rule|Evasion Abilities Clause: Evasion abilities are banned
|rule|Sleep Moves Clause: Sleep-inducing moves are banned
|clearpoke
|poke|p1|Ninetales, M|
|poke|p1|Raging Bolt|
|poke|p1|Ceruledge, F|
|poke|p1|Hatterene, F|
|poke|p1|Leafeon, M|
|poke|p1|Great Tusk|
|poke|p2|Keldeo|
|poke|p2|Latios, M|
|poke|p2|Excadrill, F|
|poke|p2|Lokix, F|
|poke|p2|Fezandipiti, M|
|poke|p2|Talonflame, F|
|teampreview
|inactive|Battle timer is ON: inactive players will automatically lose when time's up. (requested by PieCubed^3)
|
|t:|1779686489
|teamsize|p1|6
|teamsize|p2|6
|start
|switch|p1a: Ninetales|Ninetales, M|100/100
|switch|p2a: Keldeo|Keldeo|100/100
|-weather|SunnyDay|[from] ability: Drought|[of] p1a: Ninetales
|turn|1
|
|t:|1779686498
|switch|p1a: Raging Bolt|Raging Bolt|100/100
|-activate|p1a: Raging Bolt|ability: Protosynthesis
|-start|p1a: Raging Bolt|protosynthesisspa
|move|p2a: Keldeo|Substitute|p2a: Keldeo
|-start|p2a: Keldeo|Substitute
|-damage|p2a: Keldeo|76/100
|
|-weather|SunnyDay|[upkeep]
|upkeep
|turn|2
|
|t:|1779686508
|move|p2a: Keldeo|Pain Split|p1a: Raging Bolt
|-sethp|p1a: Raging Bolt|82/100|[from] move: Pain Split|[silent]
|-sethp|p2a: Keldeo|99/100|[from] move: Pain Split
|move|p1a: Raging Bolt|Weather Ball|p2a: Keldeo
|-resisted|p2a: Keldeo
|-end|p2a: Keldeo|Substitute
|
|-weather|SunnyDay|[upkeep]
|upkeep
|turn|3
|
|t:|1779686517
|move|p2a: Keldeo|Substitute|p2a: Keldeo
|-start|p2a: Keldeo|Substitute
|-damage|p2a: Keldeo|74/100
|move|p1a: Raging Bolt|Weather Ball|p2a: Keldeo
|-resisted|p2a: Keldeo
|-end|p2a: Keldeo|Substitute
|
|-weather|SunnyDay|[upkeep]
|upkeep
|turn|4
|
|t:|1779686526
|move|p2a: Keldeo|Substitute|p2a: Keldeo
|-start|p2a: Keldeo|Substitute
|-damage|p2a: Keldeo|49/100
|move|p1a: Raging Bolt|Weather Ball|p2a: Keldeo
|-resisted|p2a: Keldeo
|-end|p2a: Keldeo|Substitute
|
|-weather|SunnyDay|[upkeep]
|upkeep
|turn|5
|
|t:|1779686533
|move|p2a: Keldeo|Pain Split|p1a: Raging Bolt
|-sethp|p1a: Raging Bolt|61/100|[from] move: Pain Split|[silent]
|-sethp|p2a: Keldeo|74/100|[from] move: Pain Split
|move|p1a: Raging Bolt|Weather Ball|p2a: Keldeo
|-resisted|p2a: Keldeo
|-damage|p2a: Keldeo|10/100
|
|-weather|SunnyDay|[upkeep]
|upkeep
|turn|6
|
|t:|1779686542
|move|p2a: Keldeo|Pain Split|p1a: Raging Bolt
|-sethp|p1a: Raging Bolt|35/100|[from] move: Pain Split|[silent]
|-sethp|p2a: Keldeo|42/100|[from] move: Pain Split
|move|p1a: Raging Bolt|Weather Ball|p2a: Keldeo
|-resisted|p2a: Keldeo
|-damage|p2a: Keldeo|0 fnt
|faint|p2a: Keldeo
|
|-weather|SunnyDay|[upkeep]
|upkeep
|
|t:|1779686551
|switch|p2a: Lokix|Lokix, F, shiny|100/100
|turn|7
|
|t:|1779686561
|-end|p1a: Raging Bolt|Protosynthesis|[silent]
|switch|p1a: Great Tusk|Great Tusk|100/100
|-activate|p1a: Great Tusk|ability: Protosynthesis
|-start|p1a: Great Tusk|protosynthesisspe
|move|p2a: Lokix|First Impression|p1a: Great Tusk
|-resisted|p1a: Great Tusk
|-damage|p1a: Great Tusk|66/100
|
|-weather|SunnyDay|[upkeep]
|upkeep
|turn|8
|
|t:|1779686577
|switch|p2a: Talonflame|Talonflame, F|100/100
|move|p1a: Great Tusk|Headlong Rush|p2a: Talonflame
|-immune|p2a: Talonflame
|
|-weather|none
|-end|p1a: Great Tusk|Protosynthesis
|upkeep
|-enditem|p1a: Great Tusk|Booster Energy
|-activate|p1a: Great Tusk|ability: Protosynthesis|[fromitem]
|-start|p1a: Great Tusk|protosynthesisspe
|turn|9
|
|t:|1779686593
|-end|p1a: Great Tusk|Protosynthesis|[silent]
|switch|p1a: Ninetales|Ninetales, M|100/100
|-weather|SunnyDay|[from] ability: Drought|[of] p1a: Ninetales
|move|p2a: Talonflame|U-turn|p1a: Ninetales
|-resisted|p1a: Ninetales
|-damage|p1a: Ninetales|92/100
|inactive|Akulti has 120 seconds left.
|
|t:|1779686618
|switch|p2a: Excadrill|Excadrill, F, shiny|100/100|[from] U-turn
|-ability|p2a: Excadrill|Mold Breaker
|
|-weather|SunnyDay|[upkeep]
|upkeep
|turn|10
|inactive|Akulti has 120 seconds left.
|
|t:|1779686625
|move|p1a: Ninetales|Weather Ball|p2a: Excadrill
|-supereffective|p2a: Excadrill
|-damage|p2a: Excadrill|22/100
|move|p2a: Excadrill|Stealth Rock|p1a: Ninetales
|-sidestart|p1: PieCubed^3|move: Stealth Rock
|
|-weather|SunnyDay|[upkeep]
|-heal|p2a: Excadrill|29/100|[from] item: Leftovers
|upkeep
|turn|11
|inactive|Akulti has 120 seconds left.
|
|t:|1779686640
|switch|p1a: Hatterene|Hatterene, F|100/100
|-damage|p1a: Hatterene|88/100|[from] Stealth Rock
|switch|p2a: Talonflame|Talonflame, F|100/100
|
|-weather|SunnyDay|[upkeep]
|upkeep
|turn|12
|
|t:|1779686648
|move|p2a: Talonflame|U-turn|p1a: Hatterene
|-damage|p1a: Hatterene|76/100
|-enditem|p1a: Hatterene|Eject Button
|
|t:|1779686656
|switch|p1a: Leafeon|Leafeon, M|100/100
|-damage|p1a: Leafeon|88/100|[from] Stealth Rock
|
|-weather|SunnyDay|[upkeep]
|upkeep
|turn|13
|
|t:|1779686676
|switch|p1a: Hatterene|Hatterene, F|76/100
|-damage|p1a: Hatterene|64/100|[from] Stealth Rock
|move|p2a: Talonflame|U-turn|p1a: Hatterene
|-damage|p1a: Hatterene|53/100
|
|t:|1779686695
|switch|p2a: Lokix|Lokix, F, shiny|100/100|[from] U-turn
|
|-weather|SunnyDay|[upkeep]
|upkeep
|turn|14
|
|t:|1779686706
|switch|p1a: Ceruledge|Ceruledge, F|100/100
|-damage|p1a: Ceruledge|76/100|[from] Stealth Rock
|move|p2a: Lokix|U-turn|p1a: Ceruledge
|-resisted|p1a: Ceruledge
|-damage|p1a: Ceruledge|41/100
|-ability|p1a: Ceruledge|Weak Armor|boost
|-unboost|p1a: Ceruledge|def|1
|-boost|p1a: Ceruledge|spe|2
|
|t:|1779686716
|switch|p2a: Excadrill|Excadrill, F, shiny|29/100|[from] U-turn
|-ability|p2a: Excadrill|Mold Breaker
|
|-weather|SunnyDay|[upkeep]
|-heal|p2a: Excadrill|35/100|[from] item: Leftovers
|upkeep
|turn|15
|
|t:|1779686725
|move|p1a: Ceruledge|Bitter Blade|p2a: Excadrill
|-supereffective|p2a: Excadrill
|-damage|p2a: Excadrill|0 fnt
|-heal|p1a: Ceruledge|63/100|[from] drain|[of] p2a: Excadrill
|faint|p2a: Excadrill
|-damage|p1a: Ceruledge|53/100|[from] item: Life Orb
|
|-weather|SunnyDay|[upkeep]
|upkeep
|
|t:|1779686747
|switch|p2a: Lokix|Lokix, F, shiny|100/100
|turn|16
|
|t:|1779686767
|switch|p1a: Great Tusk|Great Tusk|66/100
|-damage|p1a: Great Tusk|63/100|[from] Stealth Rock
|-activate|p1a: Great Tusk|ability: Protosynthesis
|-start|p1a: Great Tusk|protosynthesisspe
|-terastallize|p2a: Lokix|Bug
|move|p2a: Lokix|First Impression|p1a: Great Tusk
|-resisted|p1a: Great Tusk
|-damage|p1a: Great Tusk|17/100
|
|-weather|none
|-end|p1a: Great Tusk|Protosynthesis
|upkeep
|turn|17
|
|t:|1779686781
|switch|p2a: Latios|Latios, M|100/100
|move|p1a: Great Tusk|Rapid Spin|p2a: Latios
|-damage|p2a: Latios|79/100
|-boost|p1a: Great Tusk|spe|1
|-sideend|p1: PieCubed^3|Stealth Rock|[from] move: Rapid Spin|[of] p1a: Great Tusk
|
|upkeep
|turn|18
|
|t:|1779686800
|move|p1a: Great Tusk|Temper Flare|p2a: Latios
|-resisted|p2a: Latios
|-damage|p2a: Latios|64/100
|move|p2a: Latios|Recover|p2a: Latios
|-heal|p2a: Latios|100/100
|
|upkeep
|turn|19
|
|t:|1779686809
|-end|p1a: Great Tusk|Protosynthesis|[silent]
|switch|p1a: Ninetales|Ninetales, M|92/100
|-weather|SunnyDay|[from] ability: Drought|[of] p1a: Ninetales
|switch|p2a: Talonflame|Talonflame, F|100/100
|
|-weather|SunnyDay|[upkeep]
|upkeep
|turn|20
|
|t:|1779686827
|switch|p1a: Hatterene|Hatterene, F|53/100
|move|p2a: Talonflame|U-turn|p1a: Hatterene
|-damage|p1a: Hatterene|40/100
|
|t:|1779686836
|switch|p2a: Lokix|Lokix, F, shiny, tera:Bug|100/100|[from] U-turn
|
|-weather|SunnyDay|[upkeep]
|upkeep
|turn|21
|
|t:|1779686852
|move|p2a: Lokix|First Impression|p1a: Hatterene
|-damage|p1a: Hatterene|0 fnt
|faint|p1a: Hatterene
|
|-weather|SunnyDay|[upkeep]
|upkeep
|
|t:|1779686856
|switch|p1a: Raging Bolt|Raging Bolt|35/100
|-activate|p1a: Raging Bolt|ability: Protosynthesis
|-start|p1a: Raging Bolt|protosynthesisspa
|turn|22
|
|t:|1779686874
|switch|p2a: Fezandipiti|Fezandipiti, M|100/100
|move|p1a: Raging Bolt|Draco Meteor|p2a: Fezandipiti
|-immune|p2a: Fezandipiti
|
|-weather|SunnyDay|[upkeep]
|upkeep
|turn|23
|
|t:|1779686889
|-end|p1a: Raging Bolt|Protosynthesis|[silent]
|switch|p1a: Great Tusk|Great Tusk|17/100
|-activate|p1a: Great Tusk|ability: Protosynthesis
|-start|p1a: Great Tusk|protosynthesisspe
|move|p2a: Fezandipiti|Moonblast|p1a: Great Tusk
|-supereffective|p1a: Great Tusk
|-damage|p1a: Great Tusk|0 fnt
|faint|p1a: Great Tusk
|-end|p1a: Great Tusk|Protosynthesis|[silent]
|
|-weather|SunnyDay|[upkeep]
|upkeep
|
|t:|1779686891
|switch|p1a: Raging Bolt|Raging Bolt|35/100
|-activate|p1a: Raging Bolt|ability: Protosynthesis
|-start|p1a: Raging Bolt|protosynthesisspa
|turn|24
|
|t:|1779686907
|switch|p2a: Latios|Latios, M|100/100
|-terastallize|p1a: Raging Bolt|Fire
|move|p1a: Raging Bolt|Weather Ball|p2a: Latios
|-resisted|p2a: Latios
|-damage|p2a: Latios|8/100
|
|-weather|SunnyDay|[upkeep]
|upkeep
|turn|25
|inactive|PieCubed^3 has 120 seconds left.
|
|t:|1779686940
|-end|p1a: Raging Bolt|Protosynthesis|[silent]
|switch|p1a: Leafeon|Leafeon, M|88/100
|move|p2a: Latios|Draco Meteor|p1a: Leafeon
|-damage|p1a: Leafeon|0 fnt
|-unboost|p2a: Latios|spa|2
|faint|p1a: Leafeon
|
|-weather|SunnyDay|[upkeep]
|upkeep
|
|t:|1779686944
|switch|p1a: Ceruledge|Ceruledge, F|53/100
|turn|26
|
|t:|1779686955
|move|p2a: Latios|Recover|p2a: Latios
|-heal|p2a: Latios|58/100
|move|p1a: Ceruledge|Bitter Blade|p2a: Latios
|-resisted|p2a: Latios
|-damage|p2a: Latios|0 fnt
|-heal|p1a: Ceruledge|83/100|[from] drain|[of] p2a: Latios
|faint|p2a: Latios
|-damage|p1a: Ceruledge|73/100|[from] item: Life Orb
|
|-weather|none
|upkeep
|
|t:|1779686967
|switch|p2a: Fezandipiti|Fezandipiti, M|100/100
|turn|27
|
|t:|1779686982
|switch|p1a: Ninetales|Ninetales, M|92/100
|-weather|SunnyDay|[from] ability: Drought|[of] p1a: Ninetales
|move|p2a: Fezandipiti|Taunt|p1a: Ninetales
|-start|p1a: Ninetales|move: Taunt
|
|-weather|SunnyDay|[upkeep]
|upkeep
|turn|28
|
|t:|1779686992
|move|p1a: Ninetales|Weather Ball|p2a: Fezandipiti
|-damage|p2a: Fezandipiti|68/100
|move|p2a: Fezandipiti|U-turn|p1a: Ninetales
|-resisted|p1a: Ninetales
|-damage|p1a: Ninetales|84/100
|
|t:|1779686999
|switch|p2a: Talonflame|Talonflame, F|100/100|[from] U-turn
|
|-weather|SunnyDay|[upkeep]
|upkeep
|turn|29
|
|t:|1779687004
|move|p2a: Talonflame|U-turn|p1a: Ninetales
|-resisted|p1a: Ninetales
|-damage|p1a: Ninetales|75/100
|
|t:|1779687007
|switch|p2a: Fezandipiti|Fezandipiti, M|68/100|[from] U-turn
|move|p1a: Ninetales|Weather Ball|p2a: Fezandipiti
|-damage|p2a: Fezandipiti|35/100
|
|-weather|SunnyDay|[upkeep]
|-end|p1a: Ninetales|move: Taunt
|upkeep
|turn|30
|
|t:|1779687015
|move|p1a: Ninetales|Weather Ball|p2a: Fezandipiti
|-damage|p2a: Fezandipiti|4/100
|move|p2a: Fezandipiti|Roost|p2a: Fezandipiti
|-heal|p2a: Fezandipiti|54/100
|-singleturn|p2a: Fezandipiti|move: Roost
|
|-weather|SunnyDay|[upkeep]
|upkeep
|turn|31
|
|t:|1779687023
|move|p1a: Ninetales|Encore|p2a: Fezandipiti
|-start|p2a: Fezandipiti|Encore
|move|p2a: Fezandipiti|Roost|p2a: Fezandipiti
|-heal|p2a: Fezandipiti|100/100
|-singleturn|p2a: Fezandipiti|move: Roost
|
|-weather|SunnyDay|[upkeep]
|upkeep
|turn|32
|
|t:|1779687031
|switch|p1a: Ceruledge|Ceruledge, F|73/100
|switch|p2a: Talonflame|Talonflame, F|100/100
|
|-weather|SunnyDay|[upkeep]
|upkeep
|turn|33
|inactive|PieCubed^3 has 120 seconds left.
|
|t:|1779687066
|switch|p2a: Fezandipiti|Fezandipiti, M|100/100
|move|p1a: Ceruledge|Bitter Blade|p2a: Fezandipiti
|-damage|p2a: Fezandipiti|32/100
|-heal|p1a: Ceruledge|100/100|[from] drain|[of] p2a: Fezandipiti
|-damage|p1a: Ceruledge|91/100|[from] item: Life Orb
|
|-weather|SunnyDay|[upkeep]
|upkeep
|turn|34
|inactive|PieCubed^3 has 120 seconds left.
|
|t:|1779687086
|move|p1a: Ceruledge|Swords Dance|p1a: Ceruledge
|-boost|p1a: Ceruledge|atk|2
|move|p2a: Fezandipiti|Moonblast|p1a: Ceruledge
|-resisted|p1a: Ceruledge
|-damage|p1a: Ceruledge|75/100
|-unboost|p1a: Ceruledge|spa|1
|
|-weather|none
|upkeep
|turn|35
|
|t:|1779687096
|move|p1a: Ceruledge|Bitter Blade|p2a: Fezandipiti
|-damage|p2a: Fezandipiti|0 fnt
|-heal|p1a: Ceruledge|96/100|[from] drain|[of] p2a: Fezandipiti
|faint|p2a: Fezandipiti
|-damage|p1a: Ceruledge|86/100|[from] item: Life Orb
|
|upkeep
|
|t:|1779687106
|switch|p2a: Lokix|Lokix, F, shiny, tera:Bug|100/100
|turn|36
|
|t:|1779687121
|switch|p1a: Ninetales|Ninetales, M|75/100
|-weather|SunnyDay|[from] ability: Drought|[of] p1a: Ninetales
|move|p2a: Lokix|Knock Off|p1a: Ninetales
|-damage|p1a: Ninetales|2/100
|-enditem|p1a: Ninetales|Heat Rock|[from] move: Knock Off|[of] p2a: Lokix
|
|-weather|SunnyDay|[upkeep]
|upkeep
|turn|37
|
|t:|1779687141
|switch|p2a: Talonflame|Talonflame, F|100/100
|move|p1a: Ninetales|Healing Wish|p1a: Ninetales
|faint|p1a: Ninetales
|
|-weather|SunnyDay|[upkeep]
|upkeep
|
|t:|1779687143
|switch|p1a: Raging Bolt|Raging Bolt, tera:Fire|35/100
|-heal|p1a: Raging Bolt|100/100|[from] move: Healing Wish
|-activate|p1a: Raging Bolt|ability: Protosynthesis
|-start|p1a: Raging Bolt|protosynthesisspa
|turn|38
|
|t:|1779687151
|move|p2a: Talonflame|Flare Blitz|p1a: Raging Bolt
|-resisted|p1a: Raging Bolt
|-damage|p1a: Raging Bolt|74/100
|-damage|p2a: Talonflame|91/100|[from] Recoil
|move|p1a: Raging Bolt|Volt Switch|p2a: Talonflame
|-supereffective|p2a: Talonflame
|-crit|p2a: Talonflame
|-damage|p2a: Talonflame|0 fnt
|faint|p2a: Talonflame
|
|t:|1779687155
|-end|p1a: Raging Bolt|Protosynthesis|[silent]
|switch|p1a: Ceruledge|Ceruledge, F|86/100|[from] Volt Switch
|
|-weather|SunnyDay|[upkeep]
|upkeep
|
|t:|1779687163
|switch|p2a: Lokix|Lokix, F, shiny, tera:Bug|100/100
|turn|39
|
|t:|1779687180
|move|p1a: Ceruledge|Shadow Sneak|p2a: Lokix
|-damage|p2a: Lokix|58/100
|-damage|p1a: Ceruledge|76/100|[from] item: Life Orb
|move|p2a: Lokix|Knock Off|p1a: Ceruledge
|-supereffective|p1a: Ceruledge
|-damage|p1a: Ceruledge|0 fnt
|-enditem|p1a: Ceruledge|Life Orb|[from] move: Knock Off|[of] p2a: Lokix
|faint|p1a: Ceruledge
|
|-weather|SunnyDay|[upkeep]
|upkeep
|
|t:|1779687184
|switch|p1a: Raging Bolt|Raging Bolt, tera:Fire|74/100
|-activate|p1a: Raging Bolt|ability: Protosynthesis
|-start|p1a: Raging Bolt|protosynthesisspa
|turn|40
|
|t:|1779687192
|move|p1a: Raging Bolt|Thunderclap|p2a: Lokix
|-damage|p2a: Lokix|0 fnt
|faint|p2a: Lokix
|
|win|PieCubed^3
|raw|PieCubed^3's rating: 1427 &rarr; <strong>1445</strong><br />(+18 for winning)
|raw|Akulti's rating: 1384 &rarr; <strong>1366</strong><br />(-18 for losing)
|l|☆PieCubed^3
|player|p1|
|l|☆Akulti
|player|p2|
