|j|☆xzx136870abc
|j|☆SillySushi
|t:|1779586662
|gametype|singles
|player|p1|xzx136870abc|dawn|1175
|player|p2|SillySushi|maid|1187
|gen|9
|tier|[Gen 9] OU
|rated|
|rule|HP Percentage Mod: HP is shown in percentages
|rule|Endless Battle Clause: Forcing endless battles is banned
|rule|Species Clause: Limit one of each Pokémon
|rule|OHKO Clause: OHKO moves are banned
|rule|Evasion Items Clause: Evasion items are banned
|rule|Evasion Moves Clause: Evasion moves are banned
|rule|Evasion Abilities Clause: Evasion abilities are banned
|rule|Sleep Moves Clause: Sleep-inducing moves are banned
|clearpoke
|poke|p1|Garchomp, M|
|poke|p1|Meowscarada, F|
|poke|p1|Hippowdon, M|
|poke|p1|Glimmora, F|
|poke|p1|Excadrill, M|
|poke|p1|Heatran, F|
|poke|p2|Pelipper, F|
|poke|p2|Kingdra, F|
|poke|p2|Barraskewda, M|
|poke|p2|Tornadus-Therian, M|
|poke|p2|Iron Moth|
|poke|p2|Iron Treads|
|teampreview
|
|t:|1779586680
|teamsize|p1|6
|teamsize|p2|6
|start
|switch|p1a: Hippowdon|Hippowdon, M|100/100
|switch|p2a: Iron Moth|Iron Moth|100/100
|-weather|Sandstorm|[from] ability: Sand Stream|[of] p1a: Hippowdon
|turn|1
|inactive|Battle timer is ON: inactive players will automatically lose when time's up. (requested by SillySushi)
|
|t:|1779586691
|move|p2a: Iron Moth|U-turn|p1a: Hippowdon
|-damage|p1a: Hippowdon|94/100
|
|t:|1779586694
|-end|p2a: Iron Moth|Quark Drive|[silent]
|switch|p2a: Pelipper|Pelipper, F|100/100|[from] U-turn
|-weather|RainDance|[from] ability: Drizzle|[of] p2a: Pelipper
|move|p1a: Hippowdon|Stealth Rock|p2a: Pelipper
|-sidestart|p2: SillySushi|move: Stealth Rock
|
|-weather|RainDance|[upkeep]
|-heal|p1a: Hippowdon|99/100|[from] item: Leftovers
|upkeep
|turn|2
|
|t:|1779586718
|switch|p1a: Garchomp|Garchomp, M|100/100
|move|p2a: Pelipper|Weather Ball|p1a: Garchomp
|-damage|p1a: Garchomp|46/100
|
|-weather|RainDance|[upkeep]
|upkeep
|turn|3
|inactive|xzx136870abc has 120 seconds left.
|
|t:|1779586763
|move|p1a: Garchomp|Dragon Claw|p2a: Pelipper
|-damage|p2a: Pelipper|48/100
|move|p2a: Pelipper|Weather Ball|p1a: Garchomp
|-damage|p1a: Garchomp|0 fnt
|faint|p1a: Garchomp
|
|-weather|RainDance|[upkeep]
|upkeep
|
|t:|1779586775
|switch|p1a: Meowscarada|Meowscarada, F|100/100
|turn|4
|
|t:|1779586797
|switch|p2a: Iron Moth|Iron Moth|100/100
|-damage|p2a: Iron Moth|76/100|[from] Stealth Rock
|move|p1a: Meowscarada|Knock Off|p2a: Iron Moth
|-start|p1a: Meowscarada|typechange|Dark|[from] ability: Protean
|-damage|p2a: Iron Moth|7/100
|-enditem|p2a: Iron Moth|Utility Umbrella|[from] move: Knock Off|[of] p1a: Meowscarada
|
|-weather|RainDance|[upkeep]
|upkeep
|turn|5
|
|t:|1779586808
|move|p1a: Meowscarada|Knock Off|p2a: Iron Moth
|-damage|p2a: Iron Moth|0 fnt
|faint|p2a: Iron Moth
|-end|p2a: Iron Moth|Quark Drive|[silent]
|
|-weather|RainDance|[upkeep]
|upkeep
|
|t:|1779586818
|switch|p2a: Barraskewda|Barraskewda, M|100/100
|-damage|p2a: Barraskewda|88/100|[from] Stealth Rock
|turn|6
|-message|xzx136870abc forfeited.
|
|win|SillySushi
|raw|xzx136870abc's rating: 1175 &rarr; <strong>1151</strong><br />(-24 for losing)
|raw|SillySushi's rating: 1187 &rarr; <strong>1211</strong><br />(+24 for winning)
|l|☆xzx136870abc
|player|p1|
