|j|☆BigT910
|j|☆KenjiShiguma
|t:|1779642318
|gametype|singles
|player|p1|BigT910|pryce|1175
|player|p2|KenjiShiguma|pokemonbreeder-gen4|1177
|gen|9
|tier|[Gen 9] OU
|rated|
|rule|HP Percentage Mod: HP is shown in percentages
|rule|Endless Battle Clause: Forcing endless battles is banned
|rule|Species Clause: Limit one of each Pokémon
|rule|OHKO Clause: OHKO moves are banned
|rule|Evasion Items Clause: Evasion items are banned
|rule|Evasion Moves Clause: Evasion moves are banned
|rule|Evasion Abilities Clause: Evasion abilities are banned
|rule|Sleep Moves Clause: Sleep-inducing moves are banned
|clearpoke
|poke|p1|Rillaboom, M|
|poke|p1|Ninetales, M|
|poke|p1|Lucario, M|
|poke|p1|Kyurem|
|poke|p1|Cyclizar, M|
|poke|p1|Wyrdeer, M|
|poke|p2|Drednaw, M|
|poke|p2|Golem, M|
|poke|p2|Snorlax, M|
|poke|p2|Clefable, F|
|poke|p2|Oricorio-Sensu, F|
|poke|p2|Infernape, M|
|teampreview
|inactive|Battle timer is ON: inactive players will automatically lose when time's up. (requested by BigT910)
|c|☆BigT910|cool team
|
|t:|1779642338
|teamsize|p1|6
|teamsize|p2|6
|start
|switch|p1a: Ninetales|Ninetales, M, shiny|100/100
|switch|p2a: Infernape|Infernape, M|100/100
|-weather|SunnyDay|[from] ability: Drought|[of] p1a: Ninetales
|turn|1
|
|t:|1779642351
|switch|p2a: Snorlax|Snorlax, M|100/100
|move|p1a: Ninetales|Scorching Sands|p2a: Snorlax
|-damage|p2a: Snorlax|92/100
|-status|p2a: Snorlax|brn
|
|-weather|SunnyDay|[upkeep]
|-damage|p2a: Snorlax|86/100 brn|[from] brn
|upkeep
|turn|2
|
|t:|1779642361
|move|p1a: Ninetales|Nasty Plot|p1a: Ninetales
|-boost|p1a: Ninetales|spa|2
|move|p2a: Snorlax|Block|p1a: Ninetales
|-activate|p1a: Ninetales|trapped
|
|-weather|SunnyDay|[upkeep]
|-damage|p2a: Snorlax|80/100 brn|[from] brn
|upkeep
|turn|3
|
|t:|1779642368
|move|p1a: Ninetales|Flamethrower|p2a: Snorlax
|-damage|p2a: Snorlax|38/100 brn
|-enditem|p2a: Snorlax|Sitrus Berry|[eat]
|-heal|p2a: Snorlax|63/100 brn|[from] item: Sitrus Berry
|move|p2a: Snorlax|Encore|p1a: Ninetales
|-start|p1a: Ninetales|Encore
|
|-weather|SunnyDay|[upkeep]
|-damage|p2a: Snorlax|57/100 brn|[from] brn
|upkeep
|turn|4
|
|t:|1779642378
|move|p1a: Ninetales|Flamethrower|p2a: Snorlax
|-damage|p2a: Snorlax|9/100 brn
|move|p2a: Snorlax|Earthquake|p1a: Ninetales
|-supereffective|p1a: Ninetales
|-damage|p1a: Ninetales|60/100
|
|-weather|SunnyDay|[upkeep]
|-damage|p2a: Snorlax|3/100 brn|[from] brn
|upkeep
|turn|5
|
|t:|1779642387
|move|p1a: Ninetales|Flamethrower|p2a: Snorlax
|-damage|p2a: Snorlax|0 fnt
|faint|p2a: Snorlax
|
|-weather|none
|upkeep
|
|t:|1779642398
|switch|p2a: Drednaw|Drednaw, M|100/100
|turn|6
|
|t:|1779642402
|move|p1a: Ninetales|Flamethrower|p2a: Drednaw
|-resisted|p2a: Drednaw
|-damage|p2a: Drednaw|80/100
|-status|p2a: Drednaw|brn
|move|p2a: Drednaw|Shell Smash|p2a: Drednaw
|-unboost|p2a: Drednaw|def|1
|-unboost|p2a: Drednaw|spd|1
|-boost|p2a: Drednaw|atk|2
|-boost|p2a: Drednaw|spa|2
|-boost|p2a: Drednaw|spe|2
|-enditem|p2a: Drednaw|White Herb
|-clearnegativeboost|p2a: Drednaw|[silent]
|
|-damage|p2a: Drednaw|73/100 brn|[from] brn
|-end|p1a: Ninetales|Encore
|upkeep
|turn|7
|c|☆KenjiShiguma|Lmao
|c|☆KenjiShiguma|Ok
|c|☆BigT910|wow insane second burn
|c|☆BigT910|im sorry
|
|t:|1779642416
|move|p2a: Drednaw|Rock Slide|p1a: Ninetales
|-supereffective|p1a: Ninetales
|-damage|p1a: Ninetales|0 fnt
|faint|p1a: Ninetales
|
|-damage|p2a: Drednaw|67/100 brn|[from] brn
|upkeep
|
|t:|1779642423
|switch|p1a: Rillaboom|Rillaboom, M|100/100
|-fieldstart|move: Grassy Terrain|[from] ability: Grassy Surge|[of] p1a: Rillaboom
|turn|8
|
|t:|1779642429
|switch|p2a: Infernape|Infernape, M|100/100
|move|p1a: Rillaboom|Grassy Glide|p2a: Infernape
|-resisted|p2a: Infernape
|-damage|p2a: Infernape|75/100
|
|-heal|p2a: Infernape|81/100|[from] Grassy Terrain
|upkeep
|turn|9
|
|t:|1779642446
|switch|p1a: Cyclizar|Cyclizar, M|100/100
|-singleturn|p2a: Infernape|move: Focus Punch
|move|p2a: Infernape|Focus Punch|p1a: Cyclizar
|-supereffective|p1a: Cyclizar
|-damage|p1a: Cyclizar|0 fnt
|faint|p1a: Cyclizar
|
|-heal|p2a: Infernape|88/100|[from] Grassy Terrain
|upkeep
|c|☆BigT910|ow
|
|t:|1779642456
|switch|p1a: Wyrdeer|Wyrdeer, M|100/100
|-ability|p1a: Wyrdeer|Intimidate|boost
|-unboost|p2a: Infernape|atk|1
|turn|10
|
|t:|1779642462
|switch|p2a: Drednaw|Drednaw, M|67/100 brn
|move|p1a: Wyrdeer|Body Slam|p2a: Drednaw
|-resisted|p2a: Drednaw
|-damage|p2a: Drednaw|48/100 brn
|
|-heal|p2a: Drednaw|55/100 brn|[from] Grassy Terrain
|-damage|p2a: Drednaw|48/100 brn|[from] brn
|upkeep
|turn|11
|
|t:|1779642472
|move|p1a: Wyrdeer|Trailblaze|p2a: Drednaw
|-supereffective|p2a: Drednaw
|-damage|p2a: Drednaw|0 fnt
|-boost|p1a: Wyrdeer|spe|1
|faint|p2a: Drednaw
|
|upkeep
|
|t:|1779642478
|switch|p2a: Infernape|Infernape, M|88/100
|turn|12
|
|t:|1779642484
|move|p2a: Infernape|Switcheroo|p1a: Wyrdeer
|-activate|p2a: Infernape|move: Trick|[of] p1a: Wyrdeer
|-item|p1a: Wyrdeer|Choice Scarf|[from] move: Switcheroo
|-item|p2a: Infernape|Assault Vest|[from] move: Switcheroo
|move|p1a: Wyrdeer|Zen Headbutt|p2a: Infernape|[miss]
|-miss|p1a: Wyrdeer|p2a: Infernape
|
|-heal|p2a: Infernape|94/100|[from] Grassy Terrain
|upkeep
|turn|13
|
|t:|1779642493
|switch|p2a: Clefable|Clefable, F|100/100
|move|p1a: Wyrdeer|Zen Headbutt|p2a: Clefable
|-damage|p2a: Clefable|63/100
|
|-heal|p2a: Clefable|69/100|[from] Grassy Terrain
|upkeep
|turn|14
|
|t:|1779642501
|move|p1a: Wyrdeer|Zen Headbutt|p2a: Clefable
|-damage|p2a: Clefable|32/100
|cant|p2a: Clefable|flinch
|
|-heal|p2a: Clefable|38/100|[from] Grassy Terrain
|upkeep
|turn|15
|
|t:|1779642509
|move|p1a: Wyrdeer|Zen Headbutt|p2a: Clefable
|-damage|p2a: Clefable|0 fnt
|faint|p2a: Clefable
|
|-fieldend|move: Grassy Terrain
|upkeep
|
|t:|1779642518
|switch|p2a: Golem|Golem, M|100/100
|turn|16
|
|t:|1779642526
|switch|p1a: Rillaboom|Rillaboom, M|100/100
|-fieldstart|move: Grassy Terrain|[from] ability: Grassy Surge|[of] p1a: Rillaboom
|move|p2a: Golem|Earthquake|p1a: Rillaboom
|-resisted|p1a: Rillaboom
|-damage|p1a: Rillaboom|86/100
|
|-heal|p1a: Rillaboom|92/100|[from] Grassy Terrain
|upkeep
|turn|17
|
|t:|1779642535
|move|p1a: Rillaboom|Knock Off|p2a: Golem
|-damage|p2a: Golem|77/100
|-enditem|p2a: Golem|Custap Berry|[from] move: Knock Off|[of] p1a: Rillaboom
|move|p2a: Golem|Explosion|p1a: Rillaboom
|-damage|p1a: Rillaboom|0 fnt
|faint|p2a: Golem
|faint|p1a: Rillaboom
|
|upkeep
|c|☆BigT910|ow
|
|t:|1779642552
|switch|p1a: Kyurem|Kyurem, shiny|100/100
|switch|p2a: Infernape|Infernape, M|94/100
|-ability|p1a: Kyurem|Pressure
|turn|18
|
|t:|1779642562
|move|p1a: Kyurem|Draco Meteor|p2a: Infernape
|-damage|p2a: Infernape|32/100
|-unboost|p1a: Kyurem|spa|2
|move|p2a: Infernape|Fire Punch|p1a: Kyurem
|-damage|p1a: Kyurem|57/100
|
|-heal|p1a: Kyurem|63/100|[from] Grassy Terrain
|-heal|p2a: Infernape|38/100|[from] Grassy Terrain
|upkeep
|turn|19
|
|t:|1779642573
|switch|p1a: Wyrdeer|Wyrdeer, M|100/100
|-ability|p1a: Wyrdeer|Intimidate|boost
|-unboost|p2a: Infernape|atk|1
|move|p2a: Infernape|Fire Punch|p1a: Wyrdeer
|-damage|p1a: Wyrdeer|63/100
|
|-heal|p1a: Wyrdeer|69/100|[from] Grassy Terrain
|-heal|p2a: Infernape|45/100|[from] Grassy Terrain
|upkeep
|turn|20
|
|t:|1779642587
|move|p1a: Wyrdeer|Zen Headbutt|p2a: Infernape
|-supereffective|p2a: Infernape
|-damage|p2a: Infernape|0 fnt
|faint|p2a: Infernape
|
|-heal|p1a: Wyrdeer|75/100|[from] Grassy Terrain
|upkeep
|
|t:|1779642594
|switch|p2a: Oricorio|Oricorio-Sensu, F|100/100
|turn|21
|
|t:|1779642610
|move|p1a: Wyrdeer|Zen Headbutt|p2a: Oricorio
|-damage|p2a: Oricorio|36/100
|cant|p2a: Oricorio|flinch
|
|-heal|p1a: Wyrdeer|81/100|[from] Grassy Terrain
|upkeep
|turn|22
|c|☆BigT910|im sorry
|
|t:|1779642619
|move|p1a: Wyrdeer|Zen Headbutt|p2a: Oricorio
|-damage|p2a: Oricorio|0 fnt
|faint|p2a: Oricorio
|
|win|BigT910
|raw|BigT910's rating: 1175 &rarr; <strong>1200</strong><br />(+25 for winning)
|raw|KenjiShiguma's rating: 1177 &rarr; <strong>1152</strong><br />(-25 for losing)
|c|☆BigT910|the rng gods were against you today
|c|☆KenjiShiguma|Lol it's ok
|c|☆KenjiShiguma|Tournaments are best of 3
|c|☆KenjiShiguma|Gg
|c|☆BigT910|gg
|l|☆KenjiShiguma
|player|p2|
|l|☆BigT910
|player|p1|
