|j|☆my shitters
|j|☆Hornraptorpro
|t:|1779584579
|gametype|singles
|player|p1|my shitters|preschooler|1114
|player|p2|Hornraptorpro|101|1145
|gen|9
|tier|[Gen 9] OU
|rated|
|rule|HP Percentage Mod: HP is shown in percentages
|rule|Endless Battle Clause: Forcing endless battles is banned
|rule|Species Clause: Limit one of each Pokémon
|rule|OHKO Clause: OHKO moves are banned
|rule|Evasion Items Clause: Evasion items are banned
|rule|Evasion Moves Clause: Evasion moves are banned
|rule|Evasion Abilities Clause: Evasion abilities are banned
|rule|Sleep Moves Clause: Sleep-inducing moves are banned
|clearpoke
|poke|p1|Sableye, F|
|poke|p1|Glastrier|
|poke|p1|Alcremie, F|
|poke|p1|Zangoose, M|
|poke|p1|Primeape, F|
|poke|p1|Smeargle, F|
|poke|p2|Whimsicott, M|
|poke|p2|Dragonite, F|
|poke|p2|Gliscor, F|
|poke|p2|Gengar, F|
|poke|p2|Breloom, M|
|poke|p2|Jirachi|
|teampreview
|inactive|Battle timer is ON: inactive players will automatically lose when time's up. (requested by my shitters)
|inactive|my shitters has 120 seconds left.
|inactive|my shitters has 90 seconds left.
|
|t:|1779584664
|teamsize|p1|6
|teamsize|p2|6
|start
|switch|p1a: Sableye|Sableye, F|100/100
|switch|p2a: Jirachi|Jirachi|100/100
|turn|1
|
|t:|1779584670
|move|p1a: Sableye|Light Screen|p1a: Sableye
|-sidestart|p1: my shitters|move: Light Screen
|move|p2a: Jirachi|Stealth Rock|p1a: Sableye
|-sidestart|p1: my shitters|move: Stealth Rock
|
|upkeep
|turn|2
|
|t:|1779584684
|move|p1a: Sableye|Reflect|p1a: Sableye
|-sidestart|p1: my shitters|Reflect
|move|p2a: Jirachi|Iron Head|p1a: Sableye
|-damage|p1a: Sableye|88/100
|
|upkeep
|turn|3
|
|t:|1779584707
|switch|p1a: Primeape|Primeape, F|100/100
|-damage|p1a: Primeape|95/100|[from] Stealth Rock
|move|p2a: Jirachi|Iron Head|p1a: Primeape
|-damage|p1a: Primeape|80/100
|
|upkeep
|turn|4
|
|t:|1779584715
|move|p1a: Primeape|Bulk Up|p1a: Primeape
|-boost|p1a: Primeape|atk|1
|-boost|p1a: Primeape|def|1
|move|p2a: Jirachi|Body Slam|p1a: Primeape
|-damage|p1a: Primeape|73/100
|
|upkeep
|turn|5
|
|t:|1779584721
|move|p1a: Primeape|Bulk Up|p1a: Primeape
|-boost|p1a: Primeape|atk|1
|-boost|p1a: Primeape|def|1
|move|p2a: Jirachi|Body Slam|p1a: Primeape
|-damage|p1a: Primeape|68/100
|
|upkeep
|turn|6
|
|t:|1779584735
|move|p1a: Primeape|Bulk Up|p1a: Primeape
|-boost|p1a: Primeape|atk|1
|-boost|p1a: Primeape|def|1
|move|p2a: Jirachi|Body Slam|p1a: Primeape
|-damage|p1a: Primeape|63/100
|
|upkeep
|turn|7
|
|t:|1779584744
|move|p1a: Primeape|Rage Fist|p2a: Jirachi
|-supereffective|p2a: Jirachi
|-crit|p2a: Jirachi
|-damage|p2a: Jirachi|0 fnt
|faint|p2a: Jirachi
|
|upkeep
|
|t:|1779584754
|switch|p2a: Whimsicott|Whimsicott, M|100/100
|turn|8
|
|t:|1779584762
|move|p2a: Whimsicott|Leech Seed|p1a: Primeape
|-start|p1a: Primeape|move: Leech Seed
|move|p1a: Primeape|Rage Fist|p2a: Whimsicott
|-damage|p2a: Whimsicott|0 fnt
|faint|p2a: Whimsicott
|
|-sideend|p1: my shitters|move: Light Screen
|upkeep
|
|t:|1779584770
|switch|p2a: Gliscor|Gliscor, F|100/100
|turn|9
|
|t:|1779584775
|move|p2a: Gliscor|Protect|p2a: Gliscor
|-singleturn|p2a: Gliscor|Protect
|move|p1a: Primeape|Rage Fist|p2a: Gliscor
|-activate|p2a: Gliscor|move: Protect
|
|-damage|p1a: Primeape|51/100|[from] Leech Seed|[of] p2a: Gliscor
|-sideend|p1: my shitters|Reflect
|-status|p2a: Gliscor|tox|[from] item: Toxic Orb
|upkeep
|turn|10
|
|t:|1779584786
|move|p1a: Primeape|Rage Fist|p2a: Gliscor
|-damage|p2a: Gliscor|15/100 tox
|move|p2a: Gliscor|Toxic|p1a: Primeape
|-status|p1a: Primeape|tox
|
|-damage|p1a: Primeape|39/100 tox|[from] Leech Seed|[of] p2a: Gliscor
|-heal|p2a: Gliscor|27/100 tox|[silent]
|-damage|p1a: Primeape|33/100 tox|[from] psn
|-heal|p2a: Gliscor|39/100 tox|[from] ability: Poison Heal
|upkeep
|turn|11
|
|t:|1779584797
|move|p2a: Gliscor|Protect|p2a: Gliscor
|-singleturn|p2a: Gliscor|Protect
|move|p1a: Primeape|Rest|p1a: Primeape
|-status|p1a: Primeape|slp|[from] move: Rest
|-heal|p1a: Primeape|100/100 slp|[silent]
|
|-damage|p1a: Primeape|88/100 slp|[from] Leech Seed|[of] p2a: Gliscor
|-heal|p2a: Gliscor|51/100 tox|[silent]
|-heal|p2a: Gliscor|63/100 tox|[from] ability: Poison Heal
|upkeep
|turn|12
|
|t:|1779584807
|cant|p1a: Primeape|slp
|move|p2a: Gliscor|Substitute|p2a: Gliscor
|-start|p2a: Gliscor|Substitute
|-damage|p2a: Gliscor|39/100 tox
|
|-damage|p1a: Primeape|76/100 slp|[from] Leech Seed|[of] p2a: Gliscor
|-heal|p2a: Gliscor|50/100 tox|[silent]
|-heal|p2a: Gliscor|63/100 tox|[from] ability: Poison Heal
|upkeep
|turn|13
|
|t:|1779584820
|cant|p1a: Primeape|slp
|move|p2a: Gliscor|Earthquake|p1a: Primeape
|-damage|p1a: Primeape|62/100 slp
|
|-damage|p1a: Primeape|49/100 slp|[from] Leech Seed|[of] p2a: Gliscor
|-heal|p2a: Gliscor|74/100 tox|[silent]
|-heal|p2a: Gliscor|87/100 tox|[from] ability: Poison Heal
|upkeep
|turn|14
|
|t:|1779584842
|move|p2a: Gliscor|Protect|p2a: Gliscor
|-singleturn|p2a: Gliscor|Protect
|-curestatus|p1a: Primeape|slp|[msg]
|move|p1a: Primeape|Drain Punch|p2a: Gliscor
|-activate|p2a: Gliscor|move: Protect
|
|-damage|p1a: Primeape|37/100|[from] Leech Seed|[of] p2a: Gliscor
|-heal|p2a: Gliscor|98/100 tox|[silent]
|-heal|p2a: Gliscor|100/100 tox|[from] ability: Poison Heal
|upkeep
|turn|15
|
|t:|1779584856
|move|p1a: Primeape|Drain Punch|p2a: Gliscor
|-resisted|p2a: Gliscor
|-activate|p2a: Gliscor|move: Substitute|[damage]
|-heal|p1a: Primeape|48/100|[from] drain|[of] p2a: Gliscor
|move|p2a: Gliscor|Toxic|p1a: Primeape|[miss]
|-miss|p2a: Gliscor|p1a: Primeape
|
|-damage|p1a: Primeape|36/100|[from] Leech Seed|[of] p2a: Gliscor
|upkeep
|turn|16
|
|t:|1779584867
|move|p1a: Primeape|Bulk Up|p1a: Primeape
|-boost|p1a: Primeape|atk|1
|-boost|p1a: Primeape|def|1
|move|p2a: Gliscor|Toxic|p1a: Primeape
|-status|p1a: Primeape|tox
|
|-damage|p1a: Primeape|24/100 tox|[from] Leech Seed|[of] p2a: Gliscor
|-damage|p1a: Primeape|18/100 tox|[from] psn
|upkeep
|turn|17
|
|t:|1779584876
|move|p1a: Primeape|Rest|p1a: Primeape
|-status|p1a: Primeape|slp|[from] move: Rest
|-heal|p1a: Primeape|100/100 slp|[silent]
|move|p2a: Gliscor|Earthquake|p1a: Primeape
|-damage|p1a: Primeape|88/100 slp
|
|-damage|p1a: Primeape|75/100 slp|[from] Leech Seed|[of] p2a: Gliscor
|upkeep
|turn|18
|
|t:|1779584889
|cant|p1a: Primeape|slp
|move|p2a: Gliscor|Earthquake|p1a: Primeape
|-damage|p1a: Primeape|64/100 slp
|
|-damage|p1a: Primeape|52/100 slp|[from] Leech Seed|[of] p2a: Gliscor
|upkeep
|turn|19
|
|t:|1779584896
|cant|p1a: Primeape|slp
|move|p2a: Gliscor|Earthquake|p1a: Primeape
|-damage|p1a: Primeape|40/100 slp
|
|-damage|p1a: Primeape|28/100 slp|[from] Leech Seed|[of] p2a: Gliscor
|upkeep
|turn|20
|
|t:|1779584904
|-curestatus|p1a: Primeape|slp|[msg]
|move|p1a: Primeape|Bulk Up|p1a: Primeape
|-boost|p1a: Primeape|atk|1
|-boost|p1a: Primeape|def|1
|move|p2a: Gliscor|Earthquake|p1a: Primeape
|-damage|p1a: Primeape|17/100
|
|-damage|p1a: Primeape|5/100|[from] Leech Seed|[of] p2a: Gliscor
|upkeep
|turn|21
|
|t:|1779584915
|move|p1a: Primeape|Rest|p1a: Primeape
|-status|p1a: Primeape|slp|[from] move: Rest
|-heal|p1a: Primeape|100/100 slp|[silent]
|move|p2a: Gliscor|Earthquake|p1a: Primeape
|-damage|p1a: Primeape|90/100 slp
|
|-damage|p1a: Primeape|77/100 slp|[from] Leech Seed|[of] p2a: Gliscor
|upkeep
|turn|22
|
|t:|1779584923
|cant|p1a: Primeape|slp
|move|p2a: Gliscor|Earthquake|p1a: Primeape
|-damage|p1a: Primeape|67/100 slp
|
|-damage|p1a: Primeape|54/100 slp|[from] Leech Seed|[of] p2a: Gliscor
|upkeep
|turn|23
|
|t:|1779584931
|cant|p1a: Primeape|slp
|move|p2a: Gliscor|Earthquake|p1a: Primeape
|-damage|p1a: Primeape|45/100 slp
|
|-damage|p1a: Primeape|32/100 slp|[from] Leech Seed|[of] p2a: Gliscor
|upkeep
|turn|24
|
|t:|1779584939
|-curestatus|p1a: Primeape|slp|[msg]
|move|p1a: Primeape|Drain Punch|p2a: Gliscor
|-resisted|p2a: Gliscor
|-end|p2a: Gliscor|Substitute
|-heal|p1a: Primeape|35/100|[from] drain|[of] p2a: Gliscor
|move|p2a: Gliscor|Earthquake|p1a: Primeape
|-damage|p1a: Primeape|25/100
|
|-damage|p1a: Primeape|13/100|[from] Leech Seed|[of] p2a: Gliscor
|upkeep
|turn|25
|
|t:|1779584951
|move|p1a: Primeape|Rest|p1a: Primeape
|-status|p1a: Primeape|slp|[from] move: Rest
|-heal|p1a: Primeape|100/100 slp|[silent]
|move|p2a: Gliscor|Substitute|p2a: Gliscor
|-start|p2a: Gliscor|Substitute
|-damage|p2a: Gliscor|76/100 tox
|
|-damage|p1a: Primeape|88/100 slp|[from] Leech Seed|[of] p2a: Gliscor
|-heal|p2a: Gliscor|87/100 tox|[silent]
|-heal|p2a: Gliscor|99/100 tox|[from] ability: Poison Heal
|upkeep
|turn|26
|
|t:|1779584970
|cant|p1a: Primeape|slp
|move|p2a: Gliscor|Earthquake|p1a: Primeape
|-damage|p1a: Primeape|78/100 slp
|
|-damage|p1a: Primeape|66/100 slp|[from] Leech Seed|[of] p2a: Gliscor
|-heal|p2a: Gliscor|100/100 tox|[silent]
|upkeep
|turn|27
|
|t:|1779584977
|cant|p1a: Primeape|slp
|move|p2a: Gliscor|Earthquake|p1a: Primeape
|-damage|p1a: Primeape|56/100 slp
|
|-damage|p1a: Primeape|44/100 slp|[from] Leech Seed|[of] p2a: Gliscor
|upkeep
|turn|28
|
|t:|1779584985
|-curestatus|p1a: Primeape|slp|[msg]
|move|p1a: Primeape|Drain Punch|p2a: Gliscor
|-resisted|p2a: Gliscor
|-crit|p2a: Gliscor
|-end|p2a: Gliscor|Substitute
|-heal|p1a: Primeape|57/100|[from] drain|[of] p2a: Gliscor
|move|p2a: Gliscor|Earthquake|p1a: Primeape
|-damage|p1a: Primeape|48/100
|
|-damage|p1a: Primeape|36/100|[from] Leech Seed|[of] p2a: Gliscor
|upkeep
|turn|29
|
|t:|1779584995
|move|p1a: Primeape|Bulk Up|p1a: Primeape
|-boost|p1a: Primeape|atk|1
|-boost|p1a: Primeape|def|1
|move|p2a: Gliscor|Toxic|p1a: Primeape
|-status|p1a: Primeape|tox
|
|-damage|p1a: Primeape|24/100 tox|[from] Leech Seed|[of] p2a: Gliscor
|-damage|p1a: Primeape|18/100 tox|[from] psn
|upkeep
|turn|30
|
|t:|1779585005
|switch|p2a: Breloom|Breloom, M|100/100
|move|p1a: Primeape|Rest|p1a: Primeape
|-status|p1a: Primeape|slp|[from] move: Rest
|-heal|p1a: Primeape|100/100 slp|[silent]
|
|-damage|p1a: Primeape|88/100 slp|[from] Leech Seed|[of] p2a: Breloom
|-status|p2a: Breloom|tox|[from] item: Toxic Orb
|upkeep
|turn|31
|
|t:|1779585014
|cant|p1a: Primeape|slp
|move|p2a: Breloom|Substitute|p2a: Breloom
|-start|p2a: Breloom|Substitute
|-damage|p2a: Breloom|75/100 tox
|
|-damage|p1a: Primeape|76/100 slp|[from] Leech Seed|[of] p2a: Breloom
|-heal|p2a: Breloom|91/100 tox|[silent]
|-heal|p2a: Breloom|100/100 tox|[from] ability: Poison Heal
|upkeep
|turn|32
|
|t:|1779585023
|-singleturn|p2a: Breloom|move: Focus Punch
|cant|p1a: Primeape|slp
|move|p2a: Breloom|Focus Punch|p1a: Primeape
|-damage|p1a: Primeape|56/100 slp
|
|-damage|p1a: Primeape|44/100 slp|[from] Leech Seed|[of] p2a: Breloom
|upkeep
|turn|33
|
|t:|1779585030
|-singleturn|p2a: Breloom|move: Focus Punch
|-curestatus|p1a: Primeape|slp|[msg]
|move|p1a: Primeape|Drain Punch|p2a: Breloom
|-end|p2a: Breloom|Substitute
|-heal|p1a: Primeape|53/100|[from] drain|[of] p2a: Breloom
|move|p2a: Breloom|Focus Punch|p1a: Primeape
|-damage|p1a: Primeape|33/100
|
|-damage|p1a: Primeape|20/100|[from] Leech Seed|[of] p2a: Breloom
|upkeep
|turn|34
|
|t:|1779585041
|move|p1a: Primeape|Drain Punch|p2a: Breloom
|-damage|p2a: Breloom|0 fnt
|-heal|p1a: Primeape|60/100|[from] drain|[of] p2a: Breloom
|faint|p2a: Breloom
|
|upkeep
|
|t:|1779585048
|switch|p2a: Gliscor|Gliscor, F|100/100 tox
|turn|35
|
|t:|1779585052
|move|p1a: Primeape|Rage Fist|p2a: Gliscor
|-damage|p2a: Gliscor|0 fnt
|faint|p2a: Gliscor
|
|upkeep
|-message|Hornraptorpro forfeited.
|
|win|my shitters
|raw|my shitters's rating: 1114 &rarr; <strong>1141</strong><br />(+27 for winning)
|raw|Hornraptorpro's rating: 1145 &rarr; <strong>1118</strong><br />(-27 for losing)
|l|☆Hornraptorpro
|player|p2|
