|j|☆Literally Trish
|j|☆Phoebuns
|t:|1779652877
|gametype|singles
|player|p1|Literally Trish|bianca|1040
|player|p2|Phoebuns|n|1013
|gen|9
|tier|[Gen 9] OU
|rated|
|rule|HP Percentage Mod: HP is shown in percentages
|rule|Endless Battle Clause: Forcing endless battles is banned
|rule|Species Clause: Limit one of each Pokémon
|rule|OHKO Clause: OHKO moves are banned
|rule|Evasion Items Clause: Evasion items are banned
|rule|Evasion Moves Clause: Evasion moves are banned
|rule|Evasion Abilities Clause: Evasion abilities are banned
|rule|Sleep Moves Clause: Sleep-inducing moves are banned
|clearpoke
|poke|p1|Iron Valiant|
|poke|p1|Fezandipiti, M|
|poke|p1|Empoleon, M|
|poke|p1|Infernape, M|
|poke|p1|Bronzong|
|poke|p1|Rotom-Fan|
|poke|p2|Deoxys-Speed|
|poke|p2|Ceruledge, M|
|poke|p2|Sinistcha-Masterpiece|
|poke|p2|Iron Valiant|
|poke|p2|Sylveon, F|
|poke|p2|Thundurus, M|
|teampreview
|
|t:|1779652889
|teamsize|p1|6
|teamsize|p2|6
|start
|switch|p1a: Abbacchio|Bronzong|100/100
|switch|p2a: Sylveon|Sylveon, F|100/100
|turn|1
|
|t:|1779652898
|move|p2a: Sylveon|Curse|p2a: Sylveon
|-unboost|p2a: Sylveon|spe|1
|-boost|p2a: Sylveon|atk|1
|-boost|p2a: Sylveon|def|1
|move|p1a: Abbacchio|Stealth Rock|p2a: Sylveon
|-sidestart|p2: Phoebuns|move: Stealth Rock
|
|upkeep
|turn|2
|
|t:|1779652907
|move|p2a: Sylveon|Draining Kiss|p1a: Abbacchio
|-resisted|p1a: Abbacchio
|-damage|p1a: Abbacchio|93/100
|move|p1a: Abbacchio|Psychic Noise|p2a: Sylveon
|-damage|p2a: Sylveon|79/100
|-start|p2a: Sylveon|move: Heal Block
|
|-heal|p1a: Abbacchio|99/100|[from] item: Leftovers
|upkeep
|turn|3
|
|t:|1779652917
|switch|p2a: Thundurus|Thundurus, M|100/100
|-damage|p2a: Thundurus|76/100|[from] Stealth Rock
|move|p1a: Abbacchio|Psychic Noise|p2a: Thundurus
|-damage|p2a: Thundurus|47/100
|-start|p2a: Thundurus|move: Heal Block
|
|-heal|p1a: Abbacchio|100/100|[from] item: Leftovers
|upkeep
|turn|4
|inactive|Battle timer is ON: inactive players will automatically lose when time's up. (requested by Literally Trish)
|
|t:|1779652927
|move|p2a: Thundurus|Crunch|p1a: Abbacchio
|-supereffective|p1a: Abbacchio
|-damage|p1a: Abbacchio|59/100
|-unboost|p1a: Abbacchio|def|1
|move|p1a: Abbacchio|Psychic Noise|p2a: Thundurus
|-damage|p2a: Thundurus|18/100
|
|-heal|p1a: Abbacchio|65/100|[from] item: Leftovers
|-end|p2a: Thundurus|move: Heal Block
|upkeep
|turn|5
|
|t:|1779652950
|switch|p1a: Narancia|Rotom-Fan|100/100
|move|p2a: Thundurus|Bulk Up|p2a: Thundurus
|-boost|p2a: Thundurus|atk|1
|-boost|p2a: Thundurus|def|1
|
|upkeep
|turn|6
|c|☆Phoebuns|wheres giorno
|
|t:|1779652974
|move|p1a: Narancia|Thunderbolt|p2a: Thundurus
|-crit|p2a: Thundurus
|-damage|p2a: Thundurus|0 fnt
|faint|p2a: Thundurus
|
|upkeep
|inactive|Phoebuns has 120 seconds left.
|
|t:|1779652993
|switch|p2a: Sylveon|Sylveon, F|79/100
|-damage|p2a: Sylveon|66/100|[from] Stealth Rock
|turn|7
|c|☆Literally Trish|Iron valiant
|
|t:|1779653005
|move|p2a: Sylveon|Protect|p2a: Sylveon
|-singleturn|p2a: Sylveon|Protect
|move|p1a: Narancia|Thunderbolt|p2a: Sylveon
|-activate|p2a: Sylveon|move: Protect
|
|upkeep
|turn|8
|c|☆Phoebuns|BRO-
|c|☆Phoebuns|good one ngl
|inactive|Phoebuns has 120 seconds left.
|c|☆Literally Trish|Thanks
|
|t:|1779653041
|move|p1a: Narancia|Thunderbolt|p2a: Sylveon
|-damage|p2a: Sylveon|31/100
|move|p2a: Sylveon|Draining Kiss|p1a: Narancia
|-damage|p1a: Narancia|67/100
|-heal|p2a: Sylveon|49/100|[from] drain|[of] p1a: Narancia
|
|upkeep
|turn|9
|c|☆Literally Trish|I made special attacking infernape mista
|inactive|Phoebuns has 90 seconds left.
|
|t:|1779653066
|move|p2a: Sylveon|Protect|p2a: Sylveon
|-singleturn|p2a: Sylveon|Protect
|move|p1a: Narancia|Thunderbolt|p2a: Sylveon
|-activate|p2a: Sylveon|move: Protect
|
|upkeep
|turn|10
|c|☆Phoebuns|ayo show me
|c|☆Phoebuns|this team got more bizarre
|
|t:|1779653076
|switch|p1a: Abbacchio|Bronzong|65/100
|move|p2a: Sylveon|Draining Kiss|p1a: Abbacchio
|-resisted|p1a: Abbacchio
|-damage|p1a: Abbacchio|58/100
|-heal|p2a: Sylveon|55/100|[from] drain|[of] p1a: Abbacchio
|
|-heal|p1a: Abbacchio|64/100|[from] item: Leftovers
|upkeep
|turn|11
|inactive|Phoebuns has 90 seconds left.
|
|t:|1779653091
|move|p2a: Sylveon|Alluring Voice|p1a: Abbacchio
|-resisted|p1a: Abbacchio
|-damage|p1a: Abbacchio|50/100
|move|p1a: Abbacchio|Psychic Noise|p2a: Sylveon
|-damage|p2a: Sylveon|37/100
|-start|p2a: Sylveon|move: Heal Block
|
|-heal|p1a: Abbacchio|56/100|[from] item: Leftovers
|upkeep
|turn|12
|inactive|Phoebuns has 90 seconds left.
|c|☆Literally Trish|I’m send it out maybe later
|
|t:|1779653112
|move|p2a: Sylveon|Protect|p2a: Sylveon
|-singleturn|p2a: Sylveon|Protect
|move|p1a: Abbacchio|Psychic Noise|p2a: Sylveon
|-activate|p2a: Sylveon|move: Protect
|
|-heal|p1a: Abbacchio|63/100|[from] item: Leftovers
|-end|p2a: Sylveon|move: Heal Block
|upkeep
|turn|13
|c|☆Phoebuns|bet bet
|inactive|Phoebuns has 90 seconds left.
|
|t:|1779653123
|move|p2a: Sylveon|Alluring Voice|p1a: Abbacchio
|-resisted|p1a: Abbacchio
|-damage|p1a: Abbacchio|50/100
|move|p1a: Abbacchio|Psychic Noise|p2a: Sylveon
|-damage|p2a: Sylveon|17/100
|-start|p2a: Sylveon|move: Heal Block
|
|-heal|p1a: Abbacchio|56/100|[from] item: Leftovers
|upkeep
|turn|14
|inactive|Phoebuns has 90 seconds left.
|c|☆Phoebuns|sent you an fr btw, thought you were cool, plus english opponents are hard to come by haha
|
|t:|1779653145
|move|p2a: Sylveon|Alluring Voice|p1a: Abbacchio
|-resisted|p1a: Abbacchio
|-damage|p1a: Abbacchio|43/100
|move|p1a: Abbacchio|Psychic Noise|p2a: Sylveon
|-damage|p2a: Sylveon|0 fnt
|faint|p2a: Sylveon
|
|-heal|p1a: Abbacchio|49/100|[from] item: Leftovers
|upkeep
|
|t:|1779653154
|switch|p2a: Iron Valiant|Iron Valiant|100/100
|-damage|p2a: Iron Valiant|94/100|[from] Stealth Rock
|turn|15
|
|t:|1779653159
|move|p2a: Iron Valiant|Disable|p1a: Abbacchio
|-start|p1a: Abbacchio|Disable|Psychic Noise
|cant|p1a: Abbacchio|Disable|Psychic Noise
|
|-heal|p1a: Abbacchio|55/100|[from] item: Leftovers
|upkeep
|turn|16
|inactive|Phoebuns has 90 seconds left.
|c|☆Phoebuns|oh uhh if you havent noticed yet- im practically a beginner at comp pokemon-
|c|☆Literally Trish|Bet
|
|t:|1779653180
|move|p2a: Iron Valiant|Moonblast|p1a: Abbacchio
|-resisted|p1a: Abbacchio
|-damage|p1a: Abbacchio|42/100
|-unboost|p1a: Abbacchio|spa|1
|move|p1a: Abbacchio|Body Press|p2a: Iron Valiant
|-resisted|p2a: Iron Valiant
|-damage|p2a: Iron Valiant|82/100
|
|-heal|p1a: Abbacchio|48/100|[from] item: Leftovers
|upkeep
|turn|17
|c|☆Literally Trish|I see
|c|☆Literally Trish|Honestly, I did way worse when I was a beginner
|
|t:|1779653204
|move|p1a: Abbacchio|Protect|p1a: Abbacchio
|-singleturn|p1a: Abbacchio|Protect
|move|p2a: Iron Valiant|Poison Jab|p1a: Abbacchio
|-activate|p1a: Abbacchio|move: Protect
|
|-heal|p1a: Abbacchio|54/100|[from] item: Leftovers
|upkeep
|turn|18
|c|☆Phoebuns|you shouldve seen my last battles lmao
|
|t:|1779653213
|move|p2a: Iron Valiant|Drain Punch|p1a: Abbacchio
|-damage|p1a: Abbacchio|18/100
|-heal|p2a: Iron Valiant|100/100|[from] drain|[of] p1a: Abbacchio
|move|p1a: Abbacchio|Body Press|p2a: Iron Valiant
|-resisted|p2a: Iron Valiant
|-crit|p2a: Iron Valiant
|-damage|p2a: Iron Valiant|83/100
|
|-heal|p1a: Abbacchio|24/100|[from] item: Leftovers
|-end|p1a: Abbacchio|Disable
|upkeep
|turn|19
|inactive|Phoebuns has 90 seconds left.
|inactive|Literally Trish has 120 seconds left.
|
|t:|1779653248
|move|p2a: Iron Valiant|Moonblast|p1a: Abbacchio
|-resisted|p1a: Abbacchio
|-damage|p1a: Abbacchio|11/100
|-unboost|p1a: Abbacchio|spa|1
|move|p1a: Abbacchio|Psychic Noise|p2a: Iron Valiant
|-supereffective|p2a: Iron Valiant
|-damage|p2a: Iron Valiant|48/100
|-start|p2a: Iron Valiant|move: Heal Block
|
|-heal|p1a: Abbacchio|17/100|[from] item: Leftovers
|upkeep
|turn|20
|inactive|Phoebuns has 90 seconds left.
|
|t:|1779653263
|move|p2a: Iron Valiant|Disable|p1a: Abbacchio
|-start|p1a: Abbacchio|Disable|Psychic Noise
|cant|p1a: Abbacchio|Disable|Psychic Noise
|
|-heal|p1a: Abbacchio|23/100|[from] item: Leftovers
|-end|p2a: Iron Valiant|move: Heal Block
|upkeep
|turn|21
|c|☆Literally Trish|I used to run an assault vest mom with protect and dragon dance
|inactive|Phoebuns has 90 seconds left.
|
|t:|1779653280
|move|p2a: Iron Valiant|Drain Punch|p1a: Abbacchio
|-damage|p1a: Abbacchio|0 fnt
|-heal|p2a: Iron Valiant|60/100|[from] drain|[of] p1a: Abbacchio
|faint|p1a: Abbacchio
|
|upkeep
|inactive|Literally Trish has 120 seconds left.
|c|☆Phoebuns|oh damn- that does sound bad ngl-
|c|☆Literally Trish|Honestly, the best way to experiment is to take other people’s sets and make them your own
|
|t:|1779653305
|switch|p1a: Giorno|Iron Valiant|100/100
|-enditem|p1a: Giorno|Booster Energy
|-activate|p1a: Giorno|ability: Quark Drive|[fromitem]
|-start|p1a: Giorno|quarkdrivespe
|turn|22
|inactive|Phoebuns has 90 seconds left.
|c|☆Literally Trish|I can send you some of my teams, do you have discord?
|c|☆Phoebuns|honestly thats sorta what i did, hence why im running iron valiant and deox, the sylveon is just there for jokesies
|
|t:|1779653331
|move|p1a: Giorno|Moonblast|p2a: Iron Valiant
|-supereffective|p2a: Iron Valiant
|-damage|p2a: Iron Valiant|0 fnt
|faint|p2a: Iron Valiant
|-end|p2a: Iron Valiant|Quark Drive|[silent]
|
|upkeep
|inactive|Phoebuns has 60 seconds left.
|c|☆Phoebuns|mehhh its fine i wanna learn on my own ngl
|
|t:|1779653354
|switch|p2a: Deoxys|Deoxys-Speed|100/100
|-damage|p2a: Deoxys|88/100|[from] Stealth Rock
|-ability|p2a: Deoxys|Pressure
|turn|23
|c|☆Literally Trish|Okay
|inactive|Literally Trish has 120 seconds left.
|inactive|Phoebuns has 60 seconds left.
|
|t:|1779653362
|move|p1a: Giorno|Knock Off|p2a: Deoxys
|-supereffective|p2a: Deoxys
|-damage|p2a: Deoxys|4/100
|-enditem|p2a: Deoxys|Assault Vest|[from] move: Knock Off|[of] p1a: Giorno
|move|p2a: Deoxys|Drain Punch|p1a: Giorno
|-resisted|p1a: Giorno
|-damage|p1a: Giorno|88/100
|-heal|p2a: Deoxys|11/100|[from] drain|[of] p1a: Giorno
|
|upkeep
|turn|24
|c|☆Phoebuns|my disc is "pandebuns~"
|c|☆Phoebuns|btw
|inactive|Literally Trish has 120 seconds left.
|inactive|Phoebuns has 60 seconds left.
|inactive|Literally Trish has 90 seconds left.
|c|☆Literally Trish|Alright, my disc is captiansnickerdoodle, I have Diavolo as my Pfp
|
|t:|1779653422
|move|p1a: Giorno|Knock Off|p2a: Deoxys
|-supereffective|p2a: Deoxys
|-damage|p2a: Deoxys|0 fnt
|faint|p2a: Deoxys
|
|upkeep
|inactive|Phoebuns has 60 seconds left.
|l|☆Literally Trish
|inactive|Literally Trish disconnected and has a minute to reconnect!
|player|p1|
|
|t:|1779653431
|switch|p2a: Sinistcha|Sinistcha-Masterpiece|100/100
|-damage|p2a: Sinistcha|88/100|[from] Stealth Rock
|turn|25
|inactive|Phoebuns has 60 seconds left.
|c|☆Phoebuns|ight ight, mines angel devil so yuh
|inactive|Literally Trish has 30 seconds to reconnect!
|inactive|Literally Trish has 20 seconds to reconnect!
|j|☆Literally Trish
|inactive|Literally Trish reconnected and has 50 seconds left.
|player|p1|Literally Trish|bianca|
|
|t:|1779653475
|move|p1a: Giorno|Knock Off|p2a: Sinistcha
|-supereffective|p2a: Sinistcha
|-damage|p2a: Sinistcha|28/100
|-enditem|p2a: Sinistcha|Leftovers|[from] move: Knock Off|[of] p1a: Giorno
|move|p2a: Sinistcha|Calm Mind|p2a: Sinistcha
|-boost|p2a: Sinistcha|spa|1
|-boost|p2a: Sinistcha|spd|1
|
|upkeep
|turn|26
|inactive|Phoebuns has 60 seconds left.
|l|☆Literally Trish
|inactive|Literally Trish disconnected and has a minute to reconnect!
|player|p1|
|c|☆Phoebuns|disc request has been sent
|j|☆Literally Trish
|inactive|Literally Trish reconnected and has 45 seconds left.
|player|p1|Literally Trish|bianca|
|
|t:|1779653495
|move|p1a: Giorno|Knock Off|p2a: Sinistcha
|-supereffective|p2a: Sinistcha
|-damage|p2a: Sinistcha|0 fnt
|faint|p2a: Sinistcha
|
|upkeep
|inactive|Phoebuns has 60 seconds left.
|
|t:|1779653504
|switch|p2a: Ceruledge|Ceruledge, M|100/100
|turn|27
|
|t:|1779653509
|move|p1a: Giorno|Knock Off|p2a: Ceruledge
|-supereffective|p2a: Ceruledge
|-damage|p2a: Ceruledge|29/100
|-enditem|p2a: Ceruledge|Heavy-Duty Boots|[from] move: Knock Off|[of] p1a: Giorno
|move|p2a: Ceruledge|Bitter Blade|p1a: Giorno
|-damage|p1a: Giorno|27/100
|-heal|p2a: Ceruledge|60/100|[from] drain|[of] p1a: Giorno
|
|upkeep
|turn|28
|inactive|Literally Trish has 60 seconds left.
|c|☆Literally Trish|Message me once you want my help; though, I think you’re great on your own.
|
|t:|1779653537
|move|p1a: Giorno|Knock Off|p2a: Ceruledge
|-supereffective|p2a: Ceruledge
|-damage|p2a: Ceruledge|14/100
|move|p2a: Ceruledge|Dragon Claw|p1a: Giorno
|-immune|p1a: Giorno
|
|upkeep
|turn|29
|inactive|Phoebuns has 60 seconds left.
|l|☆Literally Trish
|inactive|Literally Trish disconnected and has a minute to reconnect!
|player|p1|
|c|☆Phoebuns|oh shush i aint that great haha, hell last battle i got defeated by someone using only their hatterene
|
|t:|1779653560
|move|p1a: Giorno|Knock Off|p2a: Ceruledge
|-supereffective|p2a: Ceruledge
|-damage|p2a: Ceruledge|0 fnt
|faint|p2a: Ceruledge
|
|win|Literally Trish
|raw|Literally Trish's rating: 1040 &rarr; <strong>1071</strong><br />(+31 for winning)
|raw|Phoebuns's rating: 1013 &rarr; <strong>1002</strong><br />(-11 for losing)
|j|☆Literally Trish
|player|p1|Literally Trish|bianca|
|c|☆Literally Trish|Gg
|c|☆Phoebuns|GG
|c|☆Phoebuns|see you around trish
|c|☆Literally Trish|You too
