|j|☆theoddkeystone
|j|☆ancientatom1
|t:|1779563358
|gametype|singles
|player|p1|theoddkeystone|bruno-gen2|1469
|player|p2|ancientatom1|265|1488
|gen|9
|tier|[Gen 9] OU
|rated|
|rule|HP Percentage Mod: HP is shown in percentages
|rule|Endless Battle Clause: Forcing endless battles is banned
|rule|Species Clause: Limit one of each Pokémon
|rule|OHKO Clause: OHKO moves are banned
|rule|Evasion Items Clause: Evasion items are banned
|rule|Evasion Moves Clause: Evasion moves are banned
|rule|Evasion Abilities Clause: Evasion abilities are banned
|rule|Sleep Moves Clause: Sleep-inducing moves are banned
|clearpoke
|poke|p1|Pelipper, F|
|poke|p1|Hatterene, F|
|poke|p1|Toxicroak, F|
|poke|p1|Iron Treads|
|poke|p1|Barraskewda, F|
|poke|p1|Zapdos|
|poke|p2|Iron Moth|
|poke|p2|Gliscor, F|
|poke|p2|Hatterene, F|
|poke|p2|Ogerpon-Wellspring, F|
|poke|p2|Raging Bolt|
|poke|p2|Zamazenta-*|
|teampreview
|inactive|Battle timer is ON: inactive players will automatically lose when time's up. (requested by ancientatom1)
|
|t:|1779563367
|teamsize|p1|6
|teamsize|p2|6
|start
|switch|p1a: Iron Treads|Iron Treads|100/100
|switch|p2a: Mesophilioma|Raging Bolt|100/100
|-enditem|p2a: Mesophilioma|Booster Energy
|-activate|p2a: Mesophilioma|ability: Protosynthesis|[fromitem]
|-start|p2a: Mesophilioma|protosynthesisspa
|turn|1
|
|t:|1779563381
|move|p1a: Iron Treads|Earthquake|p2a: Mesophilioma
|-supereffective|p2a: Mesophilioma
|-damage|p2a: Mesophilioma|34/100
|move|p2a: Mesophilioma|Dragon Pulse|p1a: Iron Treads
|-resisted|p1a: Iron Treads
|-damage|p1a: Iron Treads|72/100
|
|-heal|p1a: Iron Treads|78/100|[from] item: Leftovers
|upkeep
|turn|2
|
|t:|1779563391
|-end|p2a: Mesophilioma|Protosynthesis|[silent]
|switch|p2a: ILuvSippinPiss|Gliscor, F|100/100
|move|p1a: Iron Treads|Earthquake|p2a: ILuvSippinPiss
|-immune|p2a: ILuvSippinPiss
|
|-heal|p1a: Iron Treads|84/100|[from] item: Leftovers
|-status|p2a: ILuvSippinPiss|tox|[from] item: Toxic Orb
|upkeep
|turn|3
|
|t:|1779563397
|move|p2a: ILuvSippinPiss|Agility|p2a: ILuvSippinPiss
|-boost|p2a: ILuvSippinPiss|spe|2
|move|p1a: Iron Treads|Stealth Rock|p2a: ILuvSippinPiss
|-sidestart|p2: ancientatom1|move: Stealth Rock
|
|-heal|p1a: Iron Treads|90/100|[from] item: Leftovers
|upkeep
|turn|4
|
|t:|1779563416
|-end|p1a: Iron Treads|Quark Drive|[silent]
|switch|p1a: Hatterene|Hatterene, F|100/100
|move|p2a: ILuvSippinPiss|Swords Dance|p2a: ILuvSippinPiss
|-boost|p2a: ILuvSippinPiss|atk|2
|
|upkeep
|turn|5
|
|t:|1779563441
|switch|p1a: Pelipper|Pelipper, F|100/100
|-weather|RainDance|[from] ability: Drizzle|[of] p1a: Pelipper
|-terastallize|p2a: ILuvSippinPiss|Normal
|move|p2a: ILuvSippinPiss|Facade|p1a: Pelipper
|-damage|p1a: Pelipper|0 fnt
|faint|p1a: Pelipper
|
|-weather|RainDance|[upkeep]
|upkeep
|
|t:|1779563445
|switch|p1a: Barraskewda|Barraskewda, F|100/100
|turn|6
|inactive|ancientatom1 has 120 seconds left.
|
|t:|1779563479
|switch|p2a: Big Zam|Zamazenta|100/100
|-damage|p2a: Big Zam|94/100|[from] Stealth Rock
|-ability|p2a: Big Zam|Dauntless Shield|boost
|-boost|p2a: Big Zam|def|1
|move|p1a: Barraskewda|Close Combat|p2a: Big Zam
|-damage|p2a: Big Zam|62/100
|-unboost|p1a: Barraskewda|def|1
|-unboost|p1a: Barraskewda|spd|1
|
|-weather|RainDance|[upkeep]
|upkeep
|turn|7
|
|t:|1779563488
|switch|p1a: Hatterene|Hatterene, F|100/100
|move|p2a: Big Zam|Reflect|p2a: Big Zam
|-sidestart|p2: ancientatom1|Reflect
|
|-weather|RainDance|[upkeep]
|upkeep
|turn|8
|
|t:|1779563495
|move|p2a: Big Zam|Light Screen|p2a: Big Zam
|-sidestart|p2: ancientatom1|move: Light Screen
|move|p1a: Hatterene|Psychic Noise|p2a: Big Zam
|-supereffective|p2a: Big Zam
|-damage|p2a: Big Zam|34/100
|-start|p2a: Big Zam|move: Heal Block
|
|-weather|RainDance|[upkeep]
|upkeep
|turn|9
|
|t:|1779563505
|move|p2a: Big Zam|Ice Fang|p1a: Hatterene
|-damage|p1a: Hatterene|84/100
|-enditem|p1a: Hatterene|Eject Button
|c|☆ancientatom1|pinkacross is the goat
|c|☆ancientatom1|i tried this team out, its a lot of fun
|inactive|theoddkeystone has 120 seconds left.
|
|t:|1779563542
|switch|p1a: Barraskewda|Barraskewda, F|100/100
|
|-weather|RainDance|[upkeep]
|-end|p2a: Big Zam|move: Heal Block
|upkeep
|turn|10
|
|t:|1779563549
|move|p1a: Barraskewda|Flip Turn|p2a: Big Zam
|-damage|p2a: Big Zam|13/100
|
|t:|1779563552
|switch|p1a: Toxicroak|Toxicroak, F|100/100|[from] Flip Turn
|move|p2a: Big Zam|Close Combat|p1a: Toxicroak
|-resisted|p1a: Toxicroak
|-damage|p1a: Toxicroak|78/100
|-unboost|p2a: Big Zam|def|1
|-unboost|p2a: Big Zam|spd|1
|-damage|p2a: Big Zam|0 fnt|[from] item: Rocky Helmet|[of] p1a: Toxicroak
|faint|p2a: Big Zam
|
|-weather|RainDance|[upkeep]
|-heal|p1a: Toxicroak|90/100|[from] ability: Dry Skin
|upkeep
|
|t:|1779563558
|switch|p2a: ILuvSippinPiss|Gliscor, F, tera:Normal|100/100 tox
|-damage|p2a: ILuvSippinPiss|88/100 tox|[from] Stealth Rock
|turn|11
|
|t:|1779563565
|switch|p1a: Zapdos|Zapdos|100/100
|move|p2a: ILuvSippinPiss|Agility|p2a: ILuvSippinPiss
|-boost|p2a: ILuvSippinPiss|spe|2
|
|-weather|RainDance|[upkeep]
|-heal|p2a: ILuvSippinPiss|100/100 tox|[from] ability: Poison Heal
|upkeep
|turn|12
|
|t:|1779563584
|move|p2a: ILuvSippinPiss|Swords Dance|p2a: ILuvSippinPiss
|-boost|p2a: ILuvSippinPiss|atk|2
|move|p1a: Zapdos|Hurricane|p2a: ILuvSippinPiss
|-damage|p2a: ILuvSippinPiss|48/100 tox
|-start|p2a: ILuvSippinPiss|confusion
|
|-weather|none
|-heal|p2a: ILuvSippinPiss|61/100 tox|[from] ability: Poison Heal
|upkeep
|turn|13
|
|t:|1779563592
|-activate|p2a: ILuvSippinPiss|confusion
|move|p2a: ILuvSippinPiss|Facade|p1a: Zapdos
|-damage|p1a: Zapdos|0 fnt
|faint|p1a: Zapdos
|
|-heal|p2a: ILuvSippinPiss|73/100 tox|[from] ability: Poison Heal
|upkeep
|
|t:|1779563596
|switch|p1a: Toxicroak|Toxicroak, F|90/100
|turn|14
|
|t:|1779563602
|-terastallize|p1a: Toxicroak|Ghost
|-end|p2a: ILuvSippinPiss|confusion
|move|p2a: ILuvSippinPiss|Earthquake|p1a: Toxicroak
|-damage|p1a: Toxicroak|15/100
|move|p1a: Toxicroak|Drain Punch|p2a: ILuvSippinPiss
|-supereffective|p2a: ILuvSippinPiss
|-damage|p2a: ILuvSippinPiss|49/100 tox
|-heal|p1a: Toxicroak|26/100|[from] drain|[of] p2a: ILuvSippinPiss
|
|-heal|p2a: ILuvSippinPiss|61/100 tox|[from] ability: Poison Heal
|-sideend|p2: ancientatom1|Reflect
|upkeep
|turn|15
|
|t:|1779563609
|move|p2a: ILuvSippinPiss|Earthquake|p1a: Toxicroak
|-damage|p1a: Toxicroak|0 fnt
|faint|p1a: Toxicroak
|
|-heal|p2a: ILuvSippinPiss|73/100 tox|[from] ability: Poison Heal
|-sideend|p2: ancientatom1|move: Light Screen
|upkeep
|
|t:|1779563612
|switch|p1a: Hatterene|Hatterene, F|84/100
|turn|16
|
|t:|1779563616
|move|p2a: ILuvSippinPiss|Facade|p1a: Hatterene
|-damage|p1a: Hatterene|0 fnt
|faint|p1a: Hatterene
|
|-heal|p2a: ILuvSippinPiss|86/100 tox|[from] ability: Poison Heal
|upkeep
|-message|theoddkeystone forfeited.
|
|win|ancientatom1
|raw|theoddkeystone's rating: 1469 &rarr; <strong>1450</strong><br />(-19 for losing)
|raw|ancientatom1's rating: 1488 &rarr; <strong>1507</strong><br />(+19 for winning)
|l|☆theoddkeystone
|player|p1|
|l|☆ancientatom1
|player|p2|
