|j|☆Igneos901
|j|☆An rua
|t:|1779599177
|gametype|singles
|player|p1|Igneos901|2|1331
|player|p2|An rua|bugcatcher-gen4dp|1375
|gen|9
|tier|[Gen 9] OU
|rated|
|rule|HP Percentage Mod: HP is shown in percentages
|rule|Endless Battle Clause: Forcing endless battles is banned
|rule|Species Clause: Limit one of each Pokémon
|rule|OHKO Clause: OHKO moves are banned
|rule|Evasion Items Clause: Evasion items are banned
|rule|Evasion Moves Clause: Evasion moves are banned
|rule|Evasion Abilities Clause: Evasion abilities are banned
|rule|Sleep Moves Clause: Sleep-inducing moves are banned
|clearpoke
|poke|p1|Cinderace, F|
|poke|p1|Dragapult, M|
|poke|p1|Goodra, F|
|poke|p1|Whimsicott, F|
|poke|p1|Torkoal, M|
|poke|p1|Ursaluna, M|
|poke|p2|Great Tusk|
|poke|p2|Kyurem|
|poke|p2|Hatterene, F|
|poke|p2|Corviknight, M|
|poke|p2|Slowking-Galar, M|
|poke|p2|Zamazenta-*|
|teampreview
|inactive|Battle timer is ON: inactive players will automatically lose when time's up. (requested by An rua)
|
|t:|1779599192
|teamsize|p1|6
|teamsize|p2|6
|start
|switch|p1a: Dragapult|Dragapult, M|100/100
|switch|p2a: Slowking|Slowking-Galar, M, shiny|100/100
|turn|1
|
|t:|1779599197
|move|p1a: Dragapult|Dragon Darts|p2a: Slowking
|-damage|p2a: Slowking|70/100
|-anim|p1a: Dragapult|Dragon Darts|p2a: Slowking
|-damage|p2a: Slowking|37/100
|move|p2a: Slowking|Thunder Wave|p1a: Dragapult
|-status|p1a: Dragapult|par
|
|upkeep
|turn|2
|
|t:|1779599208
|switch|p1a: Cinderace|Cinderace, F|100/100
|switch|p2a: Hatterene|Hatterene, F|100/100
|
|upkeep
|turn|3
|
|t:|1779599213
|move|p1a: Cinderace|Gunk Shot|p2a: Hatterene
|-start|p1a: Cinderace|typechange|Poison|[from] ability: Libero
|-supereffective|p2a: Hatterene
|-damage|p2a: Hatterene|7/100
|move|p2a: Hatterene|Nuzzle|p1a: Cinderace
|-damage|p1a: Cinderace|96/100
|-status|p1a: Cinderace|par
|
|-heal|p2a: Hatterene|13/100|[from] item: Leftovers
|upkeep
|turn|4
|
|t:|1779599218
|move|p1a: Cinderace|Gunk Shot|p2a: Hatterene
|-supereffective|p2a: Hatterene
|-crit|p2a: Hatterene
|-damage|p2a: Hatterene|0 fnt
|faint|p2a: Hatterene
|
|upkeep
|
|t:|1779599222
|switch|p2a: Slowking|Slowking-Galar, M, shiny|71/100
|turn|5
|
|t:|1779599227
|move|p1a: Cinderace|Pyro Ball|p2a: Slowking
|-damage|p2a: Slowking|43/100
|-prepare|p2a: Slowking|Chilly Reception|[premajor]
|move|p2a: Slowking|Chilly Reception|p2a: Slowking
|-weather|Snowscape
|
|t:|1779599235
|switch|p2a: Great Tusk|Great Tusk|100/100|[from] Chilly Reception
|
|-weather|Snowscape|[upkeep]
|upkeep
|turn|6
|
|t:|1779599241
|switch|p1a: Whimsicott|Whimsicott, F|100/100
|move|p2a: Great Tusk|Headlong Rush|p1a: Whimsicott
|-resisted|p1a: Whimsicott
|-damage|p1a: Whimsicott|65/100
|-unboost|p2a: Great Tusk|def|1
|-unboost|p2a: Great Tusk|spd|1
|
|-weather|Snowscape|[upkeep]
|-heal|p1a: Whimsicott|71/100|[from] item: Leftovers
|upkeep
|turn|7
|
|t:|1779599248
|-end|p2a: Great Tusk|Protosynthesis|[silent]
|switch|p2a: Slowking|Slowking-Galar, M, shiny|76/100
|move|p1a: Whimsicott|Substitute|p1a: Whimsicott
|-start|p1a: Whimsicott|Substitute
|-damage|p1a: Whimsicott|46/100
|
|-weather|Snowscape|[upkeep]
|-heal|p1a: Whimsicott|52/100|[from] item: Leftovers
|upkeep
|turn|8
|
|t:|1779599254
|move|p1a: Whimsicott|Leech Seed|p2a: Slowking
|-start|p2a: Slowking|move: Leech Seed
|move|p2a: Slowking|Sludge Bomb|p1a: Whimsicott
|-supereffective|p1a: Whimsicott
|-end|p1a: Whimsicott|Substitute
|
|-weather|Snowscape|[upkeep]
|-heal|p1a: Whimsicott|58/100|[from] item: Leftovers
|-damage|p2a: Slowking|63/100|[from] Leech Seed|[of] p1a: Whimsicott
|-heal|p1a: Whimsicott|77/100|[silent]
|upkeep
|turn|9
|
|t:|1779599268
|switch|p2a: Corviknight|Corviknight, M, shiny|100/100
|-terastallize|p1a: Whimsicott|Steel
|move|p1a: Whimsicott|Encore||[still]
|-fail|p1a: Whimsicott
|
|-weather|none
|-heal|p1a: Whimsicott|83/100|[from] item: Leftovers
|upkeep
|turn|10
|
|t:|1779599279
|move|p1a: Whimsicott|Leech Seed|p2a: Corviknight
|-start|p2a: Corviknight|move: Leech Seed
|move|p2a: Corviknight|Defog|p1a: Whimsicott
|-unboost|p1a: Whimsicott|evasion|1
|
|-heal|p1a: Whimsicott|89/100|[from] item: Leftovers
|-damage|p2a: Corviknight|88/100|[from] Leech Seed|[of] p1a: Whimsicott
|-heal|p1a: Whimsicott|100/100|[silent]
|upkeep
|turn|11
|
|t:|1779599287
|switch|p2a: Great Tusk|Great Tusk|100/100
|move|p1a: Whimsicott|Encore||[still]
|-fail|p1a: Whimsicott
|
|upkeep
|turn|12
|
|t:|1779599297
|switch|p1a: Goodra|Goodra, F|100/100
|move|p2a: Great Tusk|Headlong Rush|p1a: Goodra
|-damage|p1a: Goodra|41/100
|-unboost|p2a: Great Tusk|def|1
|-unboost|p2a: Great Tusk|spd|1
|-ability|p1a: Goodra|Gooey
|-unboost|p2a: Great Tusk|spe|1
|
|upkeep
|turn|13
|
|t:|1779599303
|move|p2a: Great Tusk|Headlong Rush|p1a: Goodra
|-damage|p1a: Goodra|0 fnt
|-unboost|p2a: Great Tusk|def|1
|-unboost|p2a: Great Tusk|spd|1
|-ability|p1a: Goodra|Gooey
|-unboost|p2a: Great Tusk|spe|1
|faint|p1a: Goodra
|
|upkeep
|
|t:|1779599311
|switch|p1a: Torkoal|Torkoal, M|100/100
|-weather|SunnyDay|[from] ability: Drought|[of] p1a: Torkoal
|-activate|p2a: Great Tusk|ability: Protosynthesis
|-start|p2a: Great Tusk|protosynthesisatk
|turn|14
|
|t:|1779599322
|move|p2a: Great Tusk|Headlong Rush|p1a: Torkoal
|-supereffective|p1a: Torkoal
|-damage|p1a: Torkoal|0 fnt
|-unboost|p2a: Great Tusk|def|1
|-unboost|p2a: Great Tusk|spd|1
|-damage|p2a: Great Tusk|84/100|[from] item: Rocky Helmet|[of] p1a: Torkoal
|faint|p1a: Torkoal
|
|-weather|SunnyDay|[upkeep]
|upkeep
|
|t:|1779599330
|switch|p1a: Ursaluna|Ursaluna, M|100/100
|turn|15
|
|t:|1779599336
|-end|p2a: Great Tusk|Protosynthesis|[silent]
|switch|p2a: Corviknight|Corviknight, M, shiny|88/100
|move|p1a: Ursaluna|Drain Punch|p2a: Corviknight
|-damage|p2a: Corviknight|67/100
|-damage|p1a: Ursaluna|84/100|[from] item: Rocky Helmet|[of] p2a: Corviknight
|
|-weather|SunnyDay|[upkeep]
|-status|p1a: Ursaluna|brn|[from] item: Flame Orb
|upkeep
|turn|16
|
|t:|1779599344
|move|p2a: Corviknight|Roost|p2a: Corviknight
|-heal|p2a: Corviknight|100/100
|-singleturn|p2a: Corviknight|move: Roost
|move|p1a: Ursaluna|Drain Punch|p2a: Corviknight
|-supereffective|p2a: Corviknight
|-damage|p2a: Corviknight|45/100
|-heal|p1a: Ursaluna|100/100 brn|[from] drain|[of] p2a: Corviknight
|-damage|p1a: Ursaluna|84/100 brn|[from] item: Rocky Helmet|[of] p2a: Corviknight
|
|-weather|SunnyDay|[upkeep]
|-damage|p1a: Ursaluna|78/100 brn|[from] brn
|upkeep
|turn|17
|
|t:|1779599349
|move|p2a: Corviknight|Roost|p2a: Corviknight
|-heal|p2a: Corviknight|95/100
|-singleturn|p2a: Corviknight|move: Roost
|move|p1a: Ursaluna|Drain Punch|p2a: Corviknight
|-supereffective|p2a: Corviknight
|-damage|p2a: Corviknight|35/100
|-heal|p1a: Ursaluna|100/100 brn|[from] drain|[of] p2a: Corviknight
|-damage|p1a: Ursaluna|84/100 brn|[from] item: Rocky Helmet|[of] p2a: Corviknight
|
|-weather|SunnyDay|[upkeep]
|-damage|p1a: Ursaluna|78/100 brn|[from] brn
|upkeep
|turn|18
|
|t:|1779599360
|move|p2a: Corviknight|Brave Bird|p1a: Ursaluna
|-damage|p1a: Ursaluna|50/100 brn
|-damage|p2a: Corviknight|24/100|[from] Recoil
|move|p1a: Ursaluna|Drain Punch|p2a: Corviknight
|-damage|p2a: Corviknight|0 fnt
|-heal|p1a: Ursaluna|60/100 brn|[from] drain|[of] p2a: Corviknight
|-damage|p1a: Ursaluna|43/100 brn|[from] item: Rocky Helmet|[of] p2a: Corviknight
|faint|p2a: Corviknight
|
|-weather|none
|-damage|p1a: Ursaluna|37/100 brn|[from] brn
|upkeep
|
|t:|1779599373
|switch|p2a: Kyurem|Kyurem|100/100
|-ability|p2a: Kyurem|Pressure
|turn|19
|
|t:|1779599378
|move|p2a: Kyurem|Ice Beam|p1a: Ursaluna
|-supereffective|p1a: Ursaluna
|-damage|p1a: Ursaluna|0 fnt
|faint|p1a: Ursaluna
|
|upkeep
|
|t:|1779599382
|switch|p1a: Dragapult|Dragapult, M|100/100 par
|turn|20
|
|t:|1779599385
|switch|p2a: Zamazenta|Zamazenta|100/100
|-ability|p2a: Zamazenta|Dauntless Shield|boost
|-boost|p2a: Zamazenta|def|1
|move|p1a: Dragapult|Dragon Darts|p2a: Zamazenta
|-damage|p2a: Zamazenta|82/100
|-anim|p1a: Dragapult|Dragon Darts|p2a: Zamazenta
|-damage|p2a: Zamazenta|61/100
|
|-heal|p2a: Zamazenta|67/100|[from] item: Leftovers
|upkeep
|turn|21
|
|t:|1779599388
|move|p2a: Zamazenta|Iron Defense|p2a: Zamazenta
|-boost|p2a: Zamazenta|def|2
|cant|p1a: Dragapult|par
|
|-heal|p2a: Zamazenta|73/100|[from] item: Leftovers
|upkeep
|turn|22
|
|t:|1779599390
|switch|p1a: Whimsicott|Whimsicott, F, tera:Steel|100/100
|move|p2a: Zamazenta|Iron Defense|p2a: Zamazenta
|-boost|p2a: Zamazenta|def|2
|
|-heal|p2a: Zamazenta|79/100|[from] item: Leftovers
|upkeep
|turn|23
|
|t:|1779599395
|move|p1a: Whimsicott|Encore|p2a: Zamazenta
|-start|p2a: Zamazenta|Encore
|move|p2a: Zamazenta|Iron Defense|p2a: Zamazenta
|-boost|p2a: Zamazenta|def|1
|
|-heal|p2a: Zamazenta|86/100|[from] item: Leftovers
|upkeep
|turn|24
|
|t:|1779599402
|switch|p2a: Great Tusk|Great Tusk|84/100
|move|p1a: Whimsicott|Moonblast|p2a: Great Tusk
|-supereffective|p2a: Great Tusk
|-damage|p2a: Great Tusk|3/100
|
|upkeep
|turn|25
|
|t:|1779599415
|-end|p2a: Great Tusk|Protosynthesis|[silent]
|switch|p2a: Slowking|Slowking-Galar, M, shiny|97/100
|move|p1a: Whimsicott|Moonblast|p2a: Slowking
|-resisted|p2a: Slowking
|-damage|p2a: Slowking|87/100
|
|upkeep
|turn|26
|
|t:|1779599422
|move|p1a: Whimsicott|Substitute|p1a: Whimsicott
|-start|p1a: Whimsicott|Substitute
|-damage|p1a: Whimsicott|76/100
|move|p2a: Slowking|Flamethrower|p1a: Whimsicott
|-supereffective|p1a: Whimsicott
|-end|p1a: Whimsicott|Substitute
|
|-heal|p1a: Whimsicott|82/100|[from] item: Leftovers
|upkeep
|turn|27
|
|t:|1779599444
|move|p1a: Whimsicott|Leech Seed|p2a: Slowking
|-start|p2a: Slowking|move: Leech Seed
|move|p2a: Slowking|Flamethrower|p1a: Whimsicott
|-supereffective|p1a: Whimsicott
|-damage|p1a: Whimsicott|23/100
|
|-heal|p1a: Whimsicott|30/100|[from] item: Leftovers
|-damage|p2a: Slowking|75/100|[from] Leech Seed|[of] p1a: Whimsicott
|-heal|p1a: Whimsicott|48/100|[silent]
|upkeep
|turn|28
|
|t:|1779599451
|move|p1a: Whimsicott|Substitute|p1a: Whimsicott
|-start|p1a: Whimsicott|Substitute
|-damage|p1a: Whimsicott|23/100
|move|p2a: Slowking|Flamethrower|p1a: Whimsicott
|-supereffective|p1a: Whimsicott
|-end|p1a: Whimsicott|Substitute
|
|-heal|p1a: Whimsicott|30/100|[from] item: Leftovers
|-damage|p2a: Slowking|62/100|[from] Leech Seed|[of] p1a: Whimsicott
|-heal|p1a: Whimsicott|48/100|[silent]
|upkeep
|turn|29
|
|t:|1779599460
|switch|p1a: Dragapult|Dragapult, M|100/100 par
|switch|p2a: Zamazenta|Zamazenta|86/100
|
|-heal|p2a: Zamazenta|92/100|[from] item: Leftovers
|upkeep
|turn|30
|
|t:|1779599465
|move|p2a: Zamazenta|Iron Defense|p2a: Zamazenta
|-boost|p2a: Zamazenta|def|2
|move|p1a: Dragapult|Psychic Fangs|p2a: Zamazenta
|-supereffective|p2a: Zamazenta
|-damage|p2a: Zamazenta|60/100
|
|-heal|p2a: Zamazenta|66/100|[from] item: Leftovers
|upkeep
|turn|31
|
|t:|1779599469
|switch|p1a: Whimsicott|Whimsicott, F, tera:Steel|48/100
|move|p2a: Zamazenta|Body Press|p1a: Whimsicott
|-supereffective|p1a: Whimsicott
|-damage|p1a: Whimsicott|0 fnt
|faint|p1a: Whimsicott
|
|-heal|p2a: Zamazenta|73/100|[from] item: Leftovers
|upkeep
|
|t:|1779599474
|switch|p1a: Cinderace|Cinderace, F|96/100 par
|turn|32
|l|☆Igneos901
|inactive|Igneos901 disconnected and has a minute to reconnect!
|player|p1|
|inactive|Igneos901 has 30 seconds to reconnect!
|inactive|Igneos901 has 20 seconds to reconnect!
|inactive|Igneos901 has 15 seconds to reconnect!
|inactive|Igneos901 has 10 seconds to reconnect!
|inactive|Igneos901 has 5 seconds to reconnect!
|-message|Igneos901 lost due to inactivity.
|
|win|An rua
|raw|Igneos901's rating: 1331 &rarr; <strong>1314</strong><br />(-17 for losing)
|raw|An rua's rating: 1375 &rarr; <strong>1392</strong><br />(+17 for winning)
|l|☆An rua
|player|p2|
