|j|☆GrahamJohnson11
|j|☆magicsalt
|t:|1779641003
|gametype|singles
|player|p1|GrahamJohnson11|169|1121
|player|p2|magicsalt|clair|1162
|gen|9
|tier|[Gen 9] OU
|rated|
|rule|HP Percentage Mod: HP is shown in percentages
|rule|Endless Battle Clause: Forcing endless battles is banned
|rule|Species Clause: Limit one of each Pokémon
|rule|OHKO Clause: OHKO moves are banned
|rule|Evasion Items Clause: Evasion items are banned
|rule|Evasion Moves Clause: Evasion moves are banned
|rule|Evasion Abilities Clause: Evasion abilities are banned
|rule|Sleep Moves Clause: Sleep-inducing moves are banned
|clearpoke
|poke|p1|Hydrapple, F|
|poke|p1|Moltres|
|poke|p1|Great Tusk|
|poke|p1|Okidogi, M|
|poke|p1|Primarina, F|
|poke|p1|Darkrai|
|poke|p2|Salazzle, F|
|poke|p2|Glimmora, M|
|poke|p2|Darkrai|
|poke|p2|Toxapex, F|
|poke|p2|Corviknight, M|
|poke|p2|Blissey, F|
|teampreview
|inactive|Battle timer is ON: inactive players will automatically lose when time's up. (requested by magicsalt)
|inactive|GrahamJohnson11 has 120 seconds left.
|
|t:|1779641044
|teamsize|p1|6
|teamsize|p2|6
|start
|switch|p1a: Okidogi|Okidogi, M|100/100
|switch|p2a: A roc|Glimmora, M, shiny|100/100
|turn|1
|
|t:|1779641057
|move|p2a: A roc|Toxic|p1a: Okidogi
|-status|p1a: Okidogi|tox
|move|p1a: Okidogi|Knock Off|p2a: A roc
|-damage|p2a: A roc|64/100
|-enditem|p2a: A roc|Focus Sash|[from] move: Knock Off|[of] p1a: Okidogi
|
|-damage|p1a: Okidogi|94/100 tox|[from] psn
|upkeep
|turn|2
|
|t:|1779641069
|move|p2a: A roc|Stealth Rock|p1a: Okidogi
|-sidestart|p1: GrahamJohnson11|move: Stealth Rock
|move|p1a: Okidogi|Drain Punch|p2a: A roc
|-damage|p2a: A roc|19/100
|-heal|p1a: Okidogi|100/100 tox|[from] drain|[of] p2a: A roc
|
|-damage|p1a: Okidogi|88/100 tox|[from] psn
|upkeep
|turn|3
|
|t:|1779641080
|move|p2a: A roc|Spiky Shield|p2a: A roc
|-singleturn|p2a: A roc|move: Protect
|move|p1a: Okidogi|Knock Off|p2a: A roc
|-activate|p2a: A roc|move: Protect
|-damage|p1a: Okidogi|76/100 tox|[from] Spiky Shield|[of] p2a: A roc
|
|-heal|p1a: Okidogi|82/100 tox|[from] item: Leftovers
|-damage|p1a: Okidogi|64/100 tox|[from] psn
|upkeep
|turn|4
|
|t:|1779641100
|move|p2a: A roc|Mortal Spin|p1a: Okidogi
|-resisted|p1a: Okidogi
|-damage|p1a: Okidogi|62/100 tox
|move|p1a: Okidogi|Knock Off|p2a: A roc
|-damage|p2a: A roc|0 fnt
|faint|p2a: A roc
|
|-heal|p1a: Okidogi|68/100 tox|[from] item: Leftovers
|-damage|p1a: Okidogi|43/100 tox|[from] psn
|upkeep
|
|t:|1779641117
|switch|p2a: Arkham birbby|Corviknight, M|100/100
|-ability|p2a: Arkham birbby|Unnerve
|turn|5
|
|t:|1779641145
|move|p1a: Okidogi|Knock Off|p2a: Arkham birbby
|-damage|p2a: Arkham birbby|70/100
|-enditem|p2a: Arkham birbby|Leftovers|[from] move: Knock Off|[of] p1a: Okidogi
|move|p2a: Arkham birbby|Iron Defense|p2a: Arkham birbby
|-boost|p2a: Arkham birbby|def|2
|
|-heal|p1a: Okidogi|49/100 tox|[from] item: Leftovers
|-damage|p1a: Okidogi|19/100 tox|[from] psn
|upkeep
|turn|6
|inactive|GrahamJohnson11 has 120 seconds left.
|
|t:|1779641168
|switch|p1a: Moltres|Moltres|100/100
|move|p2a: Arkham birbby|Roost|p2a: Arkham birbby
|-heal|p2a: Arkham birbby|100/100
|-singleturn|p2a: Arkham birbby|move: Roost
|
|upkeep
|turn|7
|inactive|GrahamJohnson11 has 120 seconds left.
|
|t:|1779641177
|switch|p2a: Spikey thingy|Toxapex, F|100/100
|move|p1a: Moltres|Will-O-Wisp|p2a: Spikey thingy|[miss]
|-miss|p1a: Moltres|p2a: Spikey thingy
|
|upkeep
|turn|8
|inactive|GrahamJohnson11 has 120 seconds left.
|
|t:|1779641194
|switch|p1a: Okidogi|Okidogi, M|19/100 tox
|-damage|p1a: Okidogi|13/100 tox|[from] Stealth Rock
|move|p2a: Spikey thingy|Infestation|p1a: Okidogi
|-resisted|p1a: Okidogi
|-damage|p1a: Okidogi|12/100 tox
|-activate|p1a: Okidogi|move: Infestation|[of] p2a: Spikey thingy
|
|-heal|p1a: Okidogi|18/100 tox|[from] item: Leftovers
|-damage|p1a: Okidogi|12/100 tox|[from] psn
|-damage|p1a: Okidogi|0 fnt|[from] move: Infestation|[partiallytrapped]
|faint|p1a: Okidogi
|upkeep
|inactive|GrahamJohnson11 has 90 seconds left.
|
|t:|1779641233
|switch|p1a: Great Tusk|Great Tusk|100/100
|-damage|p1a: Great Tusk|98/100|[from] Stealth Rock
|turn|9
|inactive|GrahamJohnson11 has 90 seconds left.
|
|t:|1779641242
|switch|p2a: Arkham birbby|Corviknight, M|100/100
|-ability|p2a: Arkham birbby|Unnerve
|move|p1a: Great Tusk|Rapid Spin|p2a: Arkham birbby
|-resisted|p2a: Arkham birbby
|-damage|p2a: Arkham birbby|94/100
|-boost|p1a: Great Tusk|spe|1
|-sideend|p1: GrahamJohnson11|Stealth Rock|[from] move: Rapid Spin|[of] p1a: Great Tusk
|
|-heal|p1a: Great Tusk|100/100|[from] item: Leftovers
|upkeep
|turn|10
|inactive|GrahamJohnson11 has 90 seconds left.
|
|t:|1779641260
|switch|p2a: Edgey|Darkrai, shiny|100/100
|move|p1a: Great Tusk|Stealth Rock|p2a: Edgey
|-sidestart|p2: magicsalt|move: Stealth Rock
|
|upkeep
|turn|11
|inactive|GrahamJohnson11 has 90 seconds left.
|
|t:|1779641297
|-end|p1a: Great Tusk|Protosynthesis|[silent]
|switch|p1a: Primarina|Primarina, F|100/100
|move|p2a: Edgey|Psychic|p1a: Primarina
|-damage|p1a: Primarina|82/100
|
|upkeep
|turn|12
|inactive|GrahamJohnson11 has 60 seconds left.
|
|t:|1779641316
|-terastallize|p2a: Edgey|Ghost
|move|p2a: Edgey|Curse|p1a: Primarina
|-start|p1a: Primarina|Curse|[of] p2a: Edgey
|-damage|p2a: Edgey|51/100
|move|p1a: Primarina|Moonblast|p2a: Edgey
|-damage|p2a: Edgey|0 fnt
|faint|p2a: Edgey
|
|-damage|p1a: Primarina|58/100|[from] Curse
|upkeep
|
|t:|1779641326
|switch|p2a: Arkham birbby|Corviknight, M|94/100
|-ability|p2a: Arkham birbby|Unnerve
|-damage|p2a: Arkham birbby|82/100|[from] Stealth Rock
|turn|13
|
|t:|1779641340
|switch|p1a: Moltres|Moltres|100/100
|move|p2a: Arkham birbby|Defog|p1a: Moltres
|-unboost|p1a: Moltres|evasion|1
|-sideend|p2: magicsalt|Stealth Rock|[from] move: Defog|[of] p2a: Arkham birbby
|
|upkeep
|turn|14
|
|t:|1779641351
|switch|p2a: Fatty whopper|Blissey, F|100/100
|move|p1a: Moltres|Will-O-Wisp|p2a: Fatty whopper
|-status|p2a: Fatty whopper|brn
|
|-damage|p2a: Fatty whopper|94/100 brn|[from] brn
|upkeep
|turn|15
|
|t:|1779641363
|move|p1a: Moltres|U-turn|p2a: Fatty whopper
|-damage|p2a: Fatty whopper|81/100 brn
|inactive|GrahamJohnson11 has 60 seconds left.
|
|t:|1779641378
|switch|p1a: Great Tusk|Great Tusk|100/100|[from] U-turn
|move|p2a: Fatty whopper|Heal Bell|p2a: Fatty whopper
|-activate|p2a: Fatty whopper|move: Heal Bell
|-curestatus|p2a: Fatty whopper|brn|[msg]
|
|-heal|p2a: Fatty whopper|87/100|[from] item: Leftovers
|upkeep
|turn|16
|inactive|GrahamJohnson11 has 60 seconds left.
|
|t:|1779641393
|switch|p2a: Arkham birbby|Corviknight, M|82/100
|-ability|p2a: Arkham birbby|Unnerve
|move|p1a: Great Tusk|Knock Off|p2a: Arkham birbby
|-crit|p2a: Arkham birbby
|-damage|p2a: Arkham birbby|58/100
|
|upkeep
|turn|17
|inactive|GrahamJohnson11 has 60 seconds left.
|
|t:|1779641402
|-end|p1a: Great Tusk|Protosynthesis|[silent]
|switch|p1a: Moltres|Moltres|100/100
|move|p2a: Arkham birbby|Iron Defense|p2a: Arkham birbby
|-boost|p2a: Arkham birbby|def|2
|
|upkeep
|turn|18
|
|t:|1779641409
|switch|p2a: Spikey thingy|Toxapex, F|100/100
|move|p1a: Moltres|Flamethrower|p2a: Spikey thingy
|-resisted|p2a: Spikey thingy
|-damage|p2a: Spikey thingy|86/100
|
|-heal|p2a: Spikey thingy|92/100|[from] item: Leftovers
|upkeep
|turn|19
|inactive|GrahamJohnson11 has 60 seconds left.
|
|t:|1779641431
|switch|p1a: Primarina|Primarina, F|58/100
|move|p2a: Spikey thingy|Infestation|p1a: Primarina
|-resisted|p1a: Primarina
|-damage|p1a: Primarina|57/100
|-activate|p1a: Primarina|move: Infestation|[of] p2a: Spikey thingy
|
|-heal|p2a: Spikey thingy|98/100|[from] item: Leftovers
|-damage|p1a: Primarina|44/100|[from] move: Infestation|[partiallytrapped]
|upkeep
|turn|20
|inactive|GrahamJohnson11 has 60 seconds left.
|
|t:|1779641445
|move|p2a: Spikey thingy|Baneful Bunker|p2a: Spikey thingy
|-singleturn|p2a: Spikey thingy|move: Protect
|move|p1a: Primarina|Psychic Noise|p2a: Spikey thingy
|-activate|p2a: Spikey thingy|move: Protect
|
|-heal|p2a: Spikey thingy|100/100|[from] item: Leftovers
|-damage|p1a: Primarina|32/100|[from] move: Infestation|[partiallytrapped]
|upkeep
|turn|21
|inactive|GrahamJohnson11 has 60 seconds left.
|
|t:|1779641463
|move|p1a: Primarina|Moonblast|p2a: Spikey thingy
|-resisted|p2a: Spikey thingy
|-damage|p2a: Spikey thingy|80/100
|move|p2a: Spikey thingy|Infestation|p1a: Primarina
|-resisted|p1a: Primarina
|-damage|p1a: Primarina|31/100
|
|-heal|p2a: Spikey thingy|86/100|[from] item: Leftovers
|-damage|p1a: Primarina|19/100|[from] move: Infestation|[partiallytrapped]
|upkeep
|turn|22
|
|t:|1779641480
|move|p2a: Spikey thingy|Baneful Bunker|p2a: Spikey thingy
|-singleturn|p2a: Spikey thingy|move: Protect
|move|p1a: Primarina|Psychic Noise|p2a: Spikey thingy
|-activate|p2a: Spikey thingy|move: Protect
|
|-heal|p2a: Spikey thingy|93/100|[from] item: Leftovers
|-damage|p1a: Primarina|6/100|[from] move: Infestation|[partiallytrapped]
|upkeep
|turn|23
|
|t:|1779641490
|move|p2a: Spikey thingy|Baneful Bunker||[still]
|-fail|p2a: Spikey thingy
|move|p1a: Primarina|Psychic Noise|p2a: Spikey thingy
|-supereffective|p2a: Spikey thingy
|-damage|p2a: Spikey thingy|42/100
|-start|p2a: Spikey thingy|move: Heal Block
|
|-end|p1a: Primarina|Infestation|[partiallytrapped]
|upkeep
|turn|24
|
|t:|1779641510
|switch|p2a: Arkham birbby|Corviknight, M|58/100
|-ability|p2a: Arkham birbby|Unnerve
|move|p1a: Primarina|Psychic Noise|p2a: Arkham birbby
|-resisted|p2a: Arkham birbby
|-damage|p2a: Arkham birbby|49/100
|-start|p2a: Arkham birbby|move: Heal Block
|
|upkeep
|turn|25
|
|t:|1779641525
|switch|p1a: Darkrai|Darkrai|100/100
|move|p2a: Arkham birbby|Body Press|p1a: Darkrai
|-supereffective|p1a: Darkrai
|-damage|p1a: Darkrai|51/100
|
|-end|p2a: Arkham birbby|move: Heal Block
|upkeep
|turn|26
|
|t:|1779641538
|move|p1a: Darkrai|Ice Beam|p2a: Arkham birbby
|-damage|p2a: Arkham birbby|28/100
|move|p2a: Arkham birbby|Roost|p2a: Arkham birbby
|-heal|p2a: Arkham birbby|78/100
|-singleturn|p2a: Arkham birbby|move: Roost
|
|upkeep
|turn|27
|
|t:|1779641549
|move|p1a: Darkrai|Ice Beam|p2a: Arkham birbby
|-damage|p2a: Arkham birbby|57/100
|move|p2a: Arkham birbby|Body Press|p1a: Darkrai
|-supereffective|p1a: Darkrai
|-damage|p1a: Darkrai|2/100
|
|upkeep
|turn|28
|
|t:|1779641558
|move|p1a: Darkrai|Ice Beam|p2a: Arkham birbby
|-damage|p2a: Arkham birbby|37/100
|move|p2a: Arkham birbby|Body Press|p1a: Darkrai
|-supereffective|p1a: Darkrai
|-damage|p1a: Darkrai|0 fnt
|faint|p1a: Darkrai
|
|upkeep
|
|t:|1779641567
|switch|p1a: Moltres|Moltres|100/100
|turn|29
|
|t:|1779641573
|switch|p2a: Spikey thingy|Toxapex, F|75/100
|move|p1a: Moltres|U-turn|p2a: Spikey thingy
|-resisted|p2a: Spikey thingy
|-damage|p2a: Spikey thingy|71/100
|
|t:|1779641583
|switch|p1a: Hydrapple|Hydrapple, F|100/100|[from] U-turn
|
|-heal|p2a: Spikey thingy|77/100|[from] item: Leftovers
|upkeep
|turn|30
|
|t:|1779641593
|move|p1a: Hydrapple|Earth Power|p2a: Spikey thingy
|-supereffective|p2a: Spikey thingy
|-damage|p2a: Spikey thingy|34/100
|move|p2a: Spikey thingy|Infestation|p1a: Hydrapple
|-supereffective|p1a: Hydrapple
|-damage|p1a: Hydrapple|94/100
|-activate|p1a: Hydrapple|move: Infestation|[of] p2a: Spikey thingy
|
|-heal|p1a: Hydrapple|100/100|[from] item: Leftovers
|-heal|p2a: Spikey thingy|40/100|[from] item: Leftovers
|-damage|p1a: Hydrapple|88/100|[from] move: Infestation|[partiallytrapped]
|upkeep
|turn|31
|
|t:|1779641606
|move|p2a: Spikey thingy|Baneful Bunker|p2a: Spikey thingy
|-singleturn|p2a: Spikey thingy|move: Protect
|move|p1a: Hydrapple|Earth Power|p2a: Spikey thingy
|-activate|p2a: Spikey thingy|move: Protect
|
|-heal|p1a: Hydrapple|94/100|[from] item: Leftovers
|-heal|p2a: Spikey thingy|46/100|[from] item: Leftovers
|-damage|p1a: Hydrapple|82/100|[from] move: Infestation|[partiallytrapped]
|upkeep
|turn|32
|
|t:|1779641619
|switch|p2a: Fatty whopper|Blissey, F|87/100
|move|p1a: Hydrapple|Earth Power|p2a: Fatty whopper
|-damage|p2a: Fatty whopper|78/100
|
|-heal|p2a: Fatty whopper|84/100|[from] item: Leftovers
|-heal|p1a: Hydrapple|88/100|[from] item: Leftovers
|-end|p1a: Hydrapple|Infestation|[partiallytrapped]|[silent]
|upkeep
|turn|33
|
|t:|1779641633
|switch|p1a: Great Tusk|Great Tusk|100/100
|move|p2a: Fatty whopper|Seismic Toss|p1a: Great Tusk
|-damage|p1a: Great Tusk|77/100
|
|-heal|p1a: Great Tusk|84/100|[from] item: Leftovers
|-heal|p2a: Fatty whopper|90/100|[from] item: Leftovers
|upkeep
|turn|34
|
|t:|1779641643
|switch|p2a: Arkham birbby|Corviknight, M|37/100
|-ability|p2a: Arkham birbby|Unnerve
|move|p1a: Great Tusk|Stealth Rock|p2a: Arkham birbby
|-sidestart|p2: magicsalt|move: Stealth Rock
|
|-heal|p1a: Great Tusk|90/100|[from] item: Leftovers
|upkeep
|turn|35
|
|t:|1779641655
|-end|p1a: Great Tusk|Protosynthesis|[silent]
|switch|p1a: Moltres|Moltres|100/100
|move|p2a: Arkham birbby|Defog|p1a: Moltres
|-unboost|p1a: Moltres|evasion|1
|-sideend|p2: magicsalt|Stealth Rock|[from] move: Defog|[of] p2a: Arkham birbby
|
|upkeep
|turn|36
|
|t:|1779641663
|switch|p2a: Spikey thingy|Toxapex, F|79/100
|move|p1a: Moltres|U-turn|p2a: Spikey thingy
|-resisted|p2a: Spikey thingy
|-damage|p2a: Spikey thingy|75/100
|
|t:|1779641668
|switch|p1a: Hydrapple|Hydrapple, F|100/100|[from] U-turn
|
|-heal|p2a: Spikey thingy|81/100|[from] item: Leftovers
|upkeep
|turn|37
|
|t:|1779641677
|switch|p2a: Arkham birbby|Corviknight, M|37/100
|-ability|p2a: Arkham birbby|Unnerve
|move|p1a: Hydrapple|Earth Power|p2a: Arkham birbby
|-immune|p2a: Arkham birbby
|
|upkeep
|turn|38
|
|t:|1779641690
|switch|p1a: Moltres|Moltres|100/100
|move|p2a: Arkham birbby|Roost|p2a: Arkham birbby
|-heal|p2a: Arkham birbby|87/100
|-singleturn|p2a: Arkham birbby|move: Roost
|
|upkeep
|turn|39
|
|t:|1779641699
|switch|p2a: Spikey thingy|Toxapex, F|100/100
|move|p1a: Moltres|U-turn|p2a: Spikey thingy
|-resisted|p2a: Spikey thingy
|-damage|p2a: Spikey thingy|96/100
|
|t:|1779641708
|switch|p1a: Hydrapple|Hydrapple, F|100/100|[from] U-turn
|
|-heal|p2a: Spikey thingy|100/100|[from] item: Leftovers
|upkeep
|turn|40
|inactive|GrahamJohnson11 has 60 seconds left.
|
|t:|1779641716
|move|p1a: Hydrapple|Fickle Beam|p2a: Spikey thingy|[anim] Fickle Beam All Out
|-activate|p1a: Hydrapple|move: Fickle Beam
|-damage|p2a: Spikey thingy|40/100
|move|p2a: Spikey thingy|Infestation|p1a: Hydrapple
|-supereffective|p1a: Hydrapple
|-damage|p1a: Hydrapple|95/100
|-activate|p1a: Hydrapple|move: Infestation|[of] p2a: Spikey thingy
|
|-heal|p1a: Hydrapple|100/100|[from] item: Leftovers
|-heal|p2a: Spikey thingy|47/100|[from] item: Leftovers
|-damage|p1a: Hydrapple|88/100|[from] move: Infestation|[partiallytrapped]
|upkeep
|turn|41
|inactive|GrahamJohnson11 has 60 seconds left.
|
|t:|1779641726
|move|p2a: Spikey thingy|Baneful Bunker|p2a: Spikey thingy
|-singleturn|p2a: Spikey thingy|move: Protect
|move|p1a: Hydrapple|Recover|p1a: Hydrapple
|-heal|p1a: Hydrapple|100/100
|
|-heal|p2a: Spikey thingy|53/100|[from] item: Leftovers
|-damage|p1a: Hydrapple|88/100|[from] move: Infestation|[partiallytrapped]
|upkeep
|turn|42
|
|t:|1779641741
|switch|p2a: Arkham birbby|Corviknight, M|87/100
|-ability|p2a: Arkham birbby|Unnerve
|move|p1a: Hydrapple|Fickle Beam|p2a: Arkham birbby
|-resisted|p2a: Arkham birbby
|-damage|p2a: Arkham birbby|74/100
|
|-heal|p1a: Hydrapple|94/100|[from] item: Leftovers
|-end|p1a: Hydrapple|Infestation|[partiallytrapped]|[silent]
|upkeep
|turn|43
|inactive|GrahamJohnson11 has 60 seconds left.
|
|t:|1779641759
|switch|p1a: Moltres|Moltres|100/100
|move|p2a: Arkham birbby|Body Press|p1a: Moltres
|-resisted|p1a: Moltres
|-damage|p1a: Moltres|93/100
|
|upkeep
|turn|44
|
|t:|1779641767
|switch|p2a: Spikey thingy|Toxapex, F|86/100
|move|p1a: Moltres|U-turn|p2a: Spikey thingy
|-resisted|p2a: Spikey thingy
|-damage|p2a: Spikey thingy|82/100
|
|t:|1779641774
|switch|p1a: Hydrapple|Hydrapple, F|100/100|[from] U-turn
|
|-heal|p2a: Spikey thingy|88/100|[from] item: Leftovers
|upkeep
|turn|45
|
|t:|1779641784
|move|p2a: Spikey thingy|Baneful Bunker|p2a: Spikey thingy
|-singleturn|p2a: Spikey thingy|move: Protect
|move|p1a: Hydrapple|Fickle Beam|p2a: Spikey thingy
|-activate|p2a: Spikey thingy|move: Protect
|
|-heal|p2a: Spikey thingy|94/100|[from] item: Leftovers
|upkeep
|turn|46
|
|t:|1779641793
|move|p1a: Hydrapple|Fickle Beam|p2a: Spikey thingy|[anim] Fickle Beam All Out
|-activate|p1a: Hydrapple|move: Fickle Beam
|-damage|p2a: Spikey thingy|33/100
|move|p2a: Spikey thingy|Infestation|p1a: Hydrapple
|-supereffective|p1a: Hydrapple
|-damage|p1a: Hydrapple|94/100
|-activate|p1a: Hydrapple|move: Infestation|[of] p2a: Spikey thingy
|
|-heal|p1a: Hydrapple|100/100|[from] item: Leftovers
|-heal|p2a: Spikey thingy|39/100|[from] item: Leftovers
|-damage|p1a: Hydrapple|88/100|[from] move: Infestation|[partiallytrapped]
|upkeep
|turn|47
|
|t:|1779641804
|move|p2a: Spikey thingy|Baneful Bunker|p2a: Spikey thingy
|-singleturn|p2a: Spikey thingy|move: Protect
|move|p1a: Hydrapple|Giga Drain|p2a: Spikey thingy
|-activate|p2a: Spikey thingy|move: Protect
|
|-heal|p1a: Hydrapple|94/100|[from] item: Leftovers
|-heal|p2a: Spikey thingy|45/100|[from] item: Leftovers
|-damage|p1a: Hydrapple|82/100|[from] move: Infestation|[partiallytrapped]
|upkeep
|turn|48
|
|t:|1779641815
|switch|p2a: Arkham birbby|Corviknight, M|74/100
|-ability|p2a: Arkham birbby|Unnerve
|move|p1a: Hydrapple|Fickle Beam|p2a: Arkham birbby
|-resisted|p2a: Arkham birbby
|-damage|p2a: Arkham birbby|62/100
|
|-heal|p1a: Hydrapple|88/100|[from] item: Leftovers
|-end|p1a: Hydrapple|Infestation|[partiallytrapped]|[silent]
|upkeep
|turn|49
|
|t:|1779641828
|switch|p2a: Thirst trap|Salazzle, F|100/100
|switch|p1a: Moltres|Moltres|93/100
|
|upkeep
|turn|50
|
|t:|1779641844
|move|p2a: Thirst trap|Toxic|p1a: Moltres
|-status|p1a: Moltres|tox
|move|p1a: Moltres|U-turn|p2a: Thirst trap
|-resisted|p2a: Thirst trap
|-damage|p2a: Thirst trap|95/100
|
|t:|1779641851
|switch|p1a: Primarina|Primarina, F|6/100|[from] U-turn
|
|upkeep
|turn|51
|
|t:|1779641859
|move|p2a: Thirst trap|Protect|p2a: Thirst trap
|-singleturn|p2a: Thirst trap|Protect
|move|p1a: Primarina|Surf|p2a: Thirst trap
|-activate|p2a: Thirst trap|move: Protect
|
|upkeep
|turn|52
|
|t:|1779641866
|move|p2a: Thirst trap|Overheat|p1a: Primarina
|-resisted|p1a: Primarina
|-damage|p1a: Primarina|0 fnt
|-unboost|p2a: Thirst trap|spa|2
|faint|p1a: Primarina
|
|upkeep
|
|t:|1779641875
|switch|p1a: Great Tusk|Great Tusk|90/100
|turn|53
|
|t:|1779641886
|move|p2a: Thirst trap|Toxic|p1a: Great Tusk
|-status|p1a: Great Tusk|tox
|move|p1a: Great Tusk|Earthquake|p2a: Thirst trap
|-supereffective|p2a: Thirst trap
|-damage|p2a: Thirst trap|0 fnt
|faint|p2a: Thirst trap
|
|-heal|p1a: Great Tusk|96/100 tox|[from] item: Leftovers
|-damage|p1a: Great Tusk|90/100 tox|[from] psn
|upkeep
|
|t:|1779641896
|switch|p2a: Arkham birbby|Corviknight, M|62/100
|-ability|p2a: Arkham birbby|Unnerve
|turn|54
|inactive|GrahamJohnson11 has 90 seconds left.
|
|t:|1779641920
|move|p1a: Great Tusk|Stealth Rock|p2a: Arkham birbby
|-sidestart|p2: magicsalt|move: Stealth Rock
|move|p2a: Arkham birbby|Roost|p2a: Arkham birbby
|-heal|p2a: Arkham birbby|100/100
|-singleturn|p2a: Arkham birbby|move: Roost
|
|-heal|p1a: Great Tusk|96/100 tox|[from] item: Leftovers
|-damage|p1a: Great Tusk|84/100 tox|[from] psn
|upkeep
|turn|55
|inactive|GrahamJohnson11 has 90 seconds left.
|
|t:|1779641933
|-end|p1a: Great Tusk|Protosynthesis|[silent]
|switch|p1a: Moltres|Moltres|93/100 tox
|move|p2a: Arkham birbby|Iron Defense|p2a: Arkham birbby
|-boost|p2a: Arkham birbby|def|2
|
|-damage|p1a: Moltres|87/100 tox|[from] psn
|upkeep
|turn|56
|
|t:|1779641943
|switch|p2a: Spikey thingy|Toxapex, F|78/100
|-damage|p2a: Spikey thingy|66/100|[from] Stealth Rock
|move|p1a: Moltres|Flamethrower|p2a: Spikey thingy
|-resisted|p2a: Spikey thingy
|-damage|p2a: Spikey thingy|50/100
|
|-heal|p2a: Spikey thingy|56/100|[from] item: Leftovers
|-damage|p1a: Moltres|75/100 tox|[from] psn
|upkeep
|turn|57
|
|t:|1779641955
|switch|p1a: Hydrapple|Hydrapple, F|100/100
|move|p2a: Spikey thingy|Baneful Bunker||[still]
|-fail|p2a: Spikey thingy
|
|-heal|p2a: Spikey thingy|63/100|[from] item: Leftovers
|upkeep
|turn|58
|
|t:|1779641965
|switch|p2a: Arkham birbby|Corviknight, M|100/100
|-ability|p2a: Arkham birbby|Unnerve
|-damage|p2a: Arkham birbby|88/100|[from] Stealth Rock
|move|p1a: Hydrapple|Fickle Beam|p2a: Arkham birbby
|-resisted|p2a: Arkham birbby
|-damage|p2a: Arkham birbby|76/100
|
|upkeep
|turn|59
|inactive|GrahamJohnson11 has 90 seconds left.
|
|t:|1779641984
|switch|p1a: Great Tusk|Great Tusk|84/100 tox
|move|p2a: Arkham birbby|Defog|p1a: Great Tusk
|-unboost|p1a: Great Tusk|evasion|1
|-sideend|p2: magicsalt|Stealth Rock|[from] move: Defog|[of] p2a: Arkham birbby
|
|-heal|p1a: Great Tusk|90/100 tox|[from] item: Leftovers
|-damage|p1a: Great Tusk|84/100 tox|[from] psn
|upkeep
|turn|60
|
|t:|1779641994
|move|p1a: Great Tusk|Knock Off|p2a: Arkham birbby
|-damage|p2a: Arkham birbby|61/100
|move|p2a: Arkham birbby|Body Press|p1a: Great Tusk
|-damage|p1a: Great Tusk|74/100 tox
|
|-heal|p1a: Great Tusk|81/100 tox|[from] item: Leftovers
|-damage|p1a: Great Tusk|68/100 tox|[from] psn
|upkeep
|turn|61
|
|t:|1779642005
|move|p1a: Great Tusk|Stealth Rock|p2a: Arkham birbby
|-sidestart|p2: magicsalt|move: Stealth Rock
|move|p2a: Arkham birbby|Body Press|p1a: Great Tusk
|-crit|p1a: Great Tusk
|-damage|p1a: Great Tusk|55/100 tox
|
|-heal|p1a: Great Tusk|62/100 tox|[from] item: Leftovers
|-damage|p1a: Great Tusk|43/100 tox|[from] psn
|upkeep
|turn|62
|
|t:|1779642015
|-end|p1a: Great Tusk|Protosynthesis|[silent]
|switch|p1a: Moltres|Moltres|75/100 tox
|move|p2a: Arkham birbby|Defog|p1a: Moltres
|-unboost|p1a: Moltres|evasion|1
|-sideend|p2: magicsalt|Stealth Rock|[from] move: Defog|[of] p2a: Arkham birbby
|
|-damage|p1a: Moltres|69/100 tox|[from] psn
|upkeep
|turn|63
|
|t:|1779642024
|switch|p2a: Spikey thingy|Toxapex, F|96/100
|move|p1a: Moltres|Will-O-Wisp|p2a: Spikey thingy
|-status|p2a: Spikey thingy|brn
|
|-heal|p2a: Spikey thingy|100/100 brn|[from] item: Leftovers
|-damage|p1a: Moltres|57/100 tox|[from] psn
|-damage|p2a: Spikey thingy|94/100 brn|[from] brn
|upkeep
|turn|64
|-message|GrahamJohnson11 forfeited.
|
|win|magicsalt
|raw|GrahamJohnson11's rating: 1121 &rarr; <strong>1099</strong><br />(-22 for losing)
|raw|magicsalt's rating: 1162 &rarr; <strong>1184</strong><br />(+22 for winning)
|l|☆GrahamJohnson11
|player|p1|
