|j|☆underskale
|j|☆PachuMerin
|t:|1779603906
|gametype|singles
|player|p1|underskale|fisherman-gen4|1069
|player|p2|PachuMerin|acetrainercouple|1060
|gen|9
|tier|[Gen 9] OU
|rated|
|rule|HP Percentage Mod: HP is shown in percentages
|rule|Endless Battle Clause: Forcing endless battles is banned
|rule|Species Clause: Limit one of each Pokémon
|rule|OHKO Clause: OHKO moves are banned
|rule|Evasion Items Clause: Evasion items are banned
|rule|Evasion Moves Clause: Evasion moves are banned
|rule|Evasion Abilities Clause: Evasion abilities are banned
|rule|Sleep Moves Clause: Sleep-inducing moves are banned
|clearpoke
|poke|p1|Scyther, M|
|poke|p1|Dragonite, M|
|poke|p1|Metagross|
|poke|p1|Chandelure, M|
|poke|p1|Rotom-Wash|
|poke|p1|Garchomp, M|
|poke|p2|Eelektross, M|
|poke|p2|Glimmora, F|
|poke|p2|Noivern, F|
|poke|p2|Zoroark-Hisui, M|
|poke|p2|Samurott-Hisui, M|
|poke|p2|Scream Tail|
|teampreview
|
|t:|1779603923
|teamsize|p1|6
|teamsize|p2|6
|start
|switch|p1a: Chandelure|Chandelure, M|100/100
|switch|p2a: Am i the spy?|Glimmora, F|100/100
|turn|1
|
|t:|1779603931
|move|p1a: Chandelure|Shadow Ball|p2a: Am i the spy?
|-damage|p2a: Am i the spy?|31/100
|move|p2a: Am i the spy?|Power Gem|p1a: Chandelure
|-supereffective|p1a: Chandelure
|-damage|p1a: Chandelure|0 fnt
|faint|p1a: Chandelure
|
|upkeep
|
|t:|1779603942
|switch|p1a: Garchomp|Garchomp, M|100/100
|turn|2
|
|t:|1779603947
|move|p2a: Am i the spy?|Spiky Shield|p2a: Am i the spy?
|-singleturn|p2a: Am i the spy?|move: Protect
|move|p1a: Garchomp|Earthquake|p2a: Am i the spy?
|-activate|p2a: Am i the spy?|move: Protect
|
|upkeep
|turn|3
|
|t:|1779603960
|switch|p2a: Might be the spy|Noivern, F|100/100
|move|p1a: Garchomp|Dragon Claw|p2a: Might be the spy
|-supereffective|p2a: Might be the spy
|-damage|p2a: Might be the spy|0 fnt
|faint|p2a: Might be the spy
|
|upkeep
|
|t:|1779603970
|switch|p2a: Could be the spy|Scream Tail|100/100
|turn|4
|
|t:|1779603977
|move|p1a: Garchomp|Earthquake|p2a: Could be the spy
|-damage|p2a: Could be the spy|58/100
|move|p2a: Could be the spy|Trick|p1a: Garchomp
|-activate|p2a: Could be the spy|move: Trick|[of] p1a: Garchomp
|-item|p1a: Garchomp|Lagging Tail|[from] move: Trick
|-item|p2a: Could be the spy|Assault Vest|[from] move: Trick
|
|upkeep
|turn|5
|
|t:|1779603987
|move|p2a: Could be the spy|Psychic Noise|p1a: Garchomp
|-damage|p1a: Garchomp|81/100
|-start|p1a: Garchomp|move: Heal Block
|move|p1a: Garchomp|Earthquake|p2a: Could be the spy
|-damage|p2a: Could be the spy|14/100
|
|upkeep
|turn|6
|
|t:|1779603999
|-end|p2a: Could be the spy|Protosynthesis|[silent]
|switch|p2a: Totally Grounded|Eelektross, M|100/100
|move|p1a: Garchomp|Earthquake|p2a: Totally Grounded
|-immune|p2a: Totally Grounded|[from] ability: Levitate
|
|-end|p1a: Garchomp|move: Heal Block
|upkeep
|turn|7
|
|t:|1779604015
|move|p2a: Totally Grounded|Coil|p2a: Totally Grounded
|-boost|p2a: Totally Grounded|atk|1
|-boost|p2a: Totally Grounded|def|1
|-boost|p2a: Totally Grounded|accuracy|1
|move|p1a: Garchomp|Stone Edge|p2a: Totally Grounded
|-damage|p2a: Totally Grounded|71/100
|
|-heal|p2a: Totally Grounded|77/100|[from] item: Leftovers
|upkeep
|turn|8
|
|t:|1779604024
|move|p2a: Totally Grounded|Coil|p2a: Totally Grounded
|-boost|p2a: Totally Grounded|atk|1
|-boost|p2a: Totally Grounded|def|1
|-boost|p2a: Totally Grounded|accuracy|1
|move|p1a: Garchomp|Stone Edge|p2a: Totally Grounded
|-damage|p2a: Totally Grounded|59/100
|
|-heal|p2a: Totally Grounded|65/100|[from] item: Leftovers
|upkeep
|turn|9
|
|t:|1779604035
|move|p2a: Totally Grounded|Drain Punch|p1a: Garchomp
|-damage|p1a: Garchomp|33/100
|-heal|p2a: Totally Grounded|90/100|[from] drain|[of] p1a: Garchomp
|-damage|p2a: Totally Grounded|78/100|[from] ability: Rough Skin|[of] p1a: Garchomp
|move|p1a: Garchomp|Stone Edge|p2a: Totally Grounded
|-damage|p2a: Totally Grounded|56/100
|
|-heal|p2a: Totally Grounded|62/100|[from] item: Leftovers
|upkeep
|turn|10
|
|t:|1779604046
|move|p2a: Totally Grounded|Drain Punch|p1a: Garchomp
|-damage|p1a: Garchomp|0 fnt
|-heal|p2a: Totally Grounded|79/100|[from] drain|[of] p1a: Garchomp
|-damage|p2a: Totally Grounded|67/100|[from] ability: Rough Skin|[of] p1a: Garchomp
|faint|p1a: Garchomp
|
|-heal|p2a: Totally Grounded|73/100|[from] item: Leftovers
|upkeep
|
|t:|1779604057
|switch|p1a: Rotom|Rotom-Wash|100/100
|turn|11
|
|t:|1779604061
|move|p1a: Rotom|Will-O-Wisp|p2a: Totally Grounded
|-status|p2a: Totally Grounded|brn
|move|p2a: Totally Grounded|Supercell Slam|p1a: Rotom
|-damage|p1a: Rotom|52/100
|
|-heal|p1a: Rotom|58/100|[from] item: Leftovers
|-heal|p2a: Totally Grounded|79/100 brn|[from] item: Leftovers
|-damage|p2a: Totally Grounded|73/100 brn|[from] brn
|upkeep
|turn|12
|
|t:|1779604072
|move|p1a: Rotom|Pain Split|p2a: Totally Grounded
|-sethp|p2a: Totally Grounded|63/100 brn|[from] move: Pain Split|[silent]
|-sethp|p1a: Rotom|70/100|[from] move: Pain Split
|move|p2a: Totally Grounded|Coil|p2a: Totally Grounded
|-boost|p2a: Totally Grounded|atk|1
|-boost|p2a: Totally Grounded|def|1
|-boost|p2a: Totally Grounded|accuracy|1
|
|-heal|p1a: Rotom|76/100|[from] item: Leftovers
|-heal|p2a: Totally Grounded|69/100 brn|[from] item: Leftovers
|-damage|p2a: Totally Grounded|63/100 brn|[from] brn
|upkeep
|turn|13
|
|t:|1779604084
|move|p1a: Rotom|Volt Switch|p2a: Totally Grounded
|-resisted|p2a: Totally Grounded
|-damage|p2a: Totally Grounded|50/100 brn
|
|t:|1779604089
|switch|p1a: Scyther|Scyther, M|100/100|[from] Volt Switch
|move|p2a: Totally Grounded|Coil|p2a: Totally Grounded
|-boost|p2a: Totally Grounded|atk|1
|-boost|p2a: Totally Grounded|def|1
|-boost|p2a: Totally Grounded|accuracy|1
|
|-heal|p2a: Totally Grounded|56/100 brn|[from] item: Leftovers
|-damage|p2a: Totally Grounded|50/100 brn|[from] brn
|upkeep
|turn|14
|
|t:|1779604103
|move|p1a: Scyther|Close Combat|p2a: Totally Grounded
|-damage|p2a: Totally Grounded|36/100 brn
|-unboost|p1a: Scyther|def|1
|-unboost|p1a: Scyther|spd|1
|move|p2a: Totally Grounded|Supercell Slam|p1a: Scyther
|-supereffective|p1a: Scyther
|-damage|p1a: Scyther|0 fnt
|faint|p1a: Scyther
|
|-heal|p2a: Totally Grounded|42/100 brn|[from] item: Leftovers
|-damage|p2a: Totally Grounded|36/100 brn|[from] brn
|upkeep
|
|t:|1779604116
|switch|p1a: Dragonite|Dragonite, M|100/100
|turn|15
|
|t:|1779604121
|move|p1a: Dragonite|Blizzard|p2a: Totally Grounded|[miss]
|-miss|p1a: Dragonite|p2a: Totally Grounded
|move|p2a: Totally Grounded|Supercell Slam|p1a: Dragonite
|-damage|p1a: Dragonite|62/100
|
|-heal|p2a: Totally Grounded|42/100 brn|[from] item: Leftovers
|-damage|p2a: Totally Grounded|36/100 brn|[from] brn
|upkeep
|turn|16
|-message|underskale forfeited.
|
|win|PachuMerin
|raw|underskale's rating: 1069 &rarr; <strong>1048</strong><br />(-21 for losing)
|raw|PachuMerin's rating: 1060 &rarr; <strong>1092</strong><br />(+32 for winning)
|l|☆underskale
|player|p1|
|l|☆PachuMerin
|player|p2|
