|j|☆npctypebeat
|j|☆yellowfly97
|t:|1779595373
|gametype|singles
|player|p1|npctypebeat|2|1136
|player|p2|yellowfly97|artist|1151
|gen|9
|tier|[Gen 9] OU
|rated|
|rule|HP Percentage Mod: HP is shown in percentages
|rule|Endless Battle Clause: Forcing endless battles is banned
|rule|Species Clause: Limit one of each Pokémon
|rule|OHKO Clause: OHKO moves are banned
|rule|Evasion Items Clause: Evasion items are banned
|rule|Evasion Moves Clause: Evasion moves are banned
|rule|Evasion Abilities Clause: Evasion abilities are banned
|rule|Sleep Moves Clause: Sleep-inducing moves are banned
|clearpoke
|poke|p1|Corviknight, M|
|poke|p1|Ting-Lu|
|poke|p1|Kyurem|
|poke|p1|Dondozo, F|
|poke|p1|Slowking-Galar, F|
|poke|p1|Cinderace, M|
|poke|p2|Lilligant, F|
|poke|p2|Ninetales, F|
|poke|p2|Great Tusk|
|poke|p2|Walking Wake|
|poke|p2|Hatterene, F|
|poke|p2|Slither Wing|
|teampreview
|c|☆npctypebeat|hf
|
|t:|1779595387
|teamsize|p1|6
|teamsize|p2|6
|start
|switch|p1a: Corviknight|Corviknight, M|100/100
|switch|p2a: Ninetales|Ninetales, F|100/100
|-weather|SunnyDay|[from] ability: Drought|[of] p2a: Ninetales
|-ability|p1a: Corviknight|Pressure
|turn|1
|inactive|Battle timer is ON: inactive players will automatically lose when time's up. (requested by npctypebeat)
|c|☆yellowfly97|glhf
|
|t:|1779595414
|switch|p1a: Cinderace|Cinderace, M|100/100
|move|p2a: Ninetales|Will-O-Wisp|p1a: Cinderace
|-immune|p1a: Cinderace
|
|-weather|SunnyDay|[upkeep]
|upkeep
|turn|2
|
|t:|1779595432
|move|p1a: Cinderace|Pyro Ball|p2a: Ninetales
|-resisted|p2a: Ninetales
|-damage|p2a: Ninetales|44/100
|move|p2a: Ninetales|Encore|p1a: Cinderace
|-start|p1a: Cinderace|Encore
|
|-weather|SunnyDay|[upkeep]
|upkeep
|turn|3
|inactive|npctypebeat has 120 seconds left.
|
|t:|1779595478
|switch|p2a: Walking Wake|Walking Wake|100/100
|-activate|p2a: Walking Wake|ability: Protosynthesis
|-start|p2a: Walking Wake|protosynthesisspa
|move|p1a: Cinderace|Pyro Ball|p2a: Walking Wake
|-resisted|p2a: Walking Wake
|-damage|p2a: Walking Wake|81/100
|
|-weather|SunnyDay|[upkeep]
|upkeep
|turn|4
|inactive|npctypebeat has 90 seconds left.
|
|t:|1779595502
|move|p1a: Cinderace|Pyro Ball|p2a: Walking Wake
|-resisted|p2a: Walking Wake
|-crit|p2a: Walking Wake
|-damage|p2a: Walking Wake|53/100
|-status|p2a: Walking Wake|brn
|move|p2a: Walking Wake|Draco Meteor|p1a: Cinderace
|-damage|p1a: Cinderace|0 fnt
|-unboost|p2a: Walking Wake|spa|2
|faint|p1a: Cinderace
|
|-weather|SunnyDay|[upkeep]
|-damage|p2a: Walking Wake|47/100 brn|[from] brn
|upkeep
|inactive|npctypebeat has 90 seconds left.
|
|t:|1779595515
|switch|p1a: Slowking|Slowking-Galar, F|100/100
|turn|5
|
|t:|1779595524
|-end|p2a: Walking Wake|Protosynthesis|[silent]
|switch|p2a: Great Tusk|Great Tusk|100/100
|-activate|p2a: Great Tusk|ability: Protosynthesis
|-start|p2a: Great Tusk|protosynthesisspe
|move|p1a: Slowking|Sludge Bomb|p2a: Great Tusk
|-resisted|p2a: Great Tusk
|-damage|p2a: Great Tusk|79/100
|-status|p2a: Great Tusk|psn
|
|-weather|SunnyDay|[upkeep]
|-damage|p2a: Great Tusk|66/100 psn|[from] psn
|upkeep
|turn|6
|
|t:|1779595538
|move|p2a: Great Tusk|Stealth Rock|p1a: Slowking
|-sidestart|p1: npctypebeat|move: Stealth Rock
|move|p1a: Slowking|Ice Beam|p2a: Great Tusk
|-supereffective|p2a: Great Tusk
|-damage|p2a: Great Tusk|5/100 psn
|
|-weather|SunnyDay|[upkeep]
|-damage|p2a: Great Tusk|0 fnt|[from] psn
|faint|p2a: Great Tusk
|-end|p2a: Great Tusk|Protosynthesis|[silent]
|upkeep
|-message|yellowfly97 forfeited.
|
|win|npctypebeat
|raw|npctypebeat's rating: 1108 &rarr; <strong>1136</strong><br />(+28 for winning)
|raw|yellowfly97's rating: 1151 &rarr; <strong>1123</strong><br />(-28 for losing)
|l|☆yellowfly97
|player|p2|
|c|☆npctypebeat|gg
