|j|☆FireWolf89
|j|☆cihNinja
|t:|1779682079
|gametype|singles
|player|p1|FireWolf89|psychic-gen4|1500
|player|p2|cihNinja|hilbert-wonderlauncher|1415
|gen|9
|tier|[Gen 9] OU
|rated|
|rule|HP Percentage Mod: HP is shown in percentages
|rule|Endless Battle Clause: Forcing endless battles is banned
|rule|Species Clause: Limit one of each Pokémon
|rule|OHKO Clause: OHKO moves are banned
|rule|Evasion Items Clause: Evasion items are banned
|rule|Evasion Moves Clause: Evasion moves are banned
|rule|Evasion Abilities Clause: Evasion abilities are banned
|rule|Sleep Moves Clause: Sleep-inducing moves are banned
|clearpoke
|poke|p1|Iron Valiant|
|poke|p1|Slowking-Galar, L99, F|
|poke|p1|Samurott-Hisui, F|
|poke|p1|Gliscor, F|
|poke|p1|Dragapult, F|
|poke|p1|Clefable, F|
|poke|p2|Garganacl, F|
|poke|p2|Zamazenta-*|
|poke|p2|Cresselia, F|
|poke|p2|Samurott-Hisui, M|
|poke|p2|Polteageist|
|poke|p2|Glimmora, F|
|teampreview
|inactive|Battle timer is ON: inactive players will automatically lose when time's up. (requested by cihNinja)
|inactive|FireWolf89 also wants the timer to be on.
|
|t:|1779682087
|teamsize|p1|6
|teamsize|p2|6
|start
|switch|p1a: Airblade|Samurott-Hisui, F|100/100
|switch|p2a: Glimmora|Glimmora, F|100/100
|turn|1
|
|t:|1779682094
|move|p2a: Glimmora|Power Gem|p1a: Airblade
|-damage|p1a: Airblade|68/100
|move|p1a: Airblade|Razor Shell|p2a: Glimmora
|-supereffective|p2a: Glimmora
|-crit|p2a: Glimmora
|-enditem|p2a: Glimmora|Focus Sash
|-damage|p2a: Glimmora|1/100
|-activate|p2a: Glimmora|ability: Toxic Debris
|-sidestart|p1: FireWolf89|move: Toxic Spikes
|
|upkeep
|turn|2
|
|t:|1779682099
|switch|p2a: Samurott|Samurott-Hisui, M|100/100
|move|p1a: Airblade|Ceaseless Edge|p2a: Samurott
|-resisted|p2a: Samurott
|-damage|p2a: Samurott|78/100
|-sidestart|p2: cihNinja|Spikes
|
|upkeep
|turn|3
|j| mono_8427109
|
|t:|1779682107
|move|p1a: Airblade|Ceaseless Edge|p2a: Samurott
|-resisted|p2a: Samurott
|-damage|p2a: Samurott|56/100
|-sidestart|p2: cihNinja|Spikes
|move|p2a: Samurott|Razor Shell|p1a: Airblade|[miss]
|-miss|p2a: Samurott|p1a: Airblade
|
|upkeep
|turn|4
|
|t:|1779682112
|move|p2a: Samurott|Razor Shell|p1a: Airblade
|-resisted|p1a: Airblade
|-damage|p1a: Airblade|43/100
|move|p1a: Airblade|Ceaseless Edge|p2a: Samurott
|-resisted|p2a: Samurott
|-damage|p2a: Samurott|35/100
|-sidestart|p2: cihNinja|Spikes
|
|upkeep
|turn|5
|
|t:|1779682115
|move|p2a: Samurott|Ceaseless Edge|p1a: Airblade
|-resisted|p1a: Airblade
|-damage|p1a: Airblade|22/100
|-sidestart|p1: FireWolf89|Spikes
|move|p1a: Airblade|Knock Off|p2a: Samurott
|-resisted|p2a: Samurott
|-damage|p2a: Samurott|13/100
|-enditem|p2a: Samurott|Assault Vest|[from] move: Knock Off|[of] p1a: Airblade
|
|upkeep
|turn|6
|
|t:|1779682118
|move|p1a: Airblade|Sucker Punch|p2a: Samurott
|-resisted|p2a: Samurott
|-damage|p2a: Samurott|0 fnt
|faint|p2a: Samurott
|
|upkeep
|
|t:|1779682123
|switch|p2a: Zamazenta|Zamazenta|100/100
|-damage|p2a: Zamazenta|75/100|[from] Spikes
|-ability|p2a: Zamazenta|Dauntless Shield|boost
|-boost|p2a: Zamazenta|def|1
|turn|7
|
|t:|1779682128
|switch|p1a: Dance|Clefable, F|100/100
|move|p2a: Zamazenta|Iron Defense|p2a: Zamazenta
|-boost|p2a: Zamazenta|def|2
|
|-heal|p2a: Zamazenta|82/100|[from] item: Leftovers
|upkeep
|turn|8
|
|t:|1779682134
|move|p2a: Zamazenta|Body Press|p1a: Dance
|-resisted|p1a: Dance
|-damage|p1a: Dance|87/100
|move|p1a: Dance|Moonblast|p2a: Zamazenta
|-supereffective|p2a: Zamazenta
|-damage|p2a: Zamazenta|32/100
|
|-heal|p2a: Zamazenta|38/100|[from] item: Leftovers
|upkeep
|turn|9
|
|t:|1779682138
|move|p2a: Zamazenta|Body Press|p1a: Dance
|-resisted|p1a: Dance
|-damage|p1a: Dance|75/100
|move|p1a: Dance|Stealth Rock|p2a: Zamazenta
|-sidestart|p2: cihNinja|move: Stealth Rock
|
|-heal|p2a: Zamazenta|45/100|[from] item: Leftovers
|upkeep
|turn|10
|
|t:|1779682141
|move|p2a: Zamazenta|Body Press|p1a: Dance
|-resisted|p1a: Dance
|-damage|p1a: Dance|63/100
|move|p1a: Dance|Calm Mind|p1a: Dance
|-boost|p1a: Dance|spa|1
|-boost|p1a: Dance|spd|1
|
|-heal|p2a: Zamazenta|51/100|[from] item: Leftovers
|upkeep
|turn|11
|
|t:|1779682149
|move|p2a: Zamazenta|Iron Defense|p2a: Zamazenta
|-boost|p2a: Zamazenta|def|2
|move|p1a: Dance|Moonlight|p1a: Dance
|-heal|p1a: Dance|100/100
|
|-heal|p2a: Zamazenta|57/100|[from] item: Leftovers
|upkeep
|turn|12
|
|t:|1779682151
|move|p2a: Zamazenta|Body Press|p1a: Dance
|-resisted|p1a: Dance
|-damage|p1a: Dance|88/100
|move|p1a: Dance|Calm Mind|p1a: Dance
|-boost|p1a: Dance|spa|1
|-boost|p1a: Dance|spd|1
|
|-heal|p2a: Zamazenta|63/100|[from] item: Leftovers
|upkeep
|turn|13
|
|t:|1779682156
|switch|p2a: Garganacl|Garganacl, F, shiny|100/100
|-damage|p2a: Garganacl|75/100|[from] Spikes
|-damage|p2a: Garganacl|63/100|[from] Stealth Rock
|move|p1a: Dance|Calm Mind|p1a: Dance
|-boost|p1a: Dance|spa|1
|-boost|p1a: Dance|spd|1
|
|-heal|p2a: Garganacl|69/100|[from] item: Leftovers
|upkeep
|turn|14
|
|t:|1779682160
|move|p1a: Dance|Moonblast|p2a: Garganacl
|-damage|p2a: Garganacl|17/100
|move|p2a: Garganacl|Salt Cure|p1a: Dance
|-damage|p1a: Dance|78/100
|-start|p1a: Dance|Salt Cure
|
|-heal|p2a: Garganacl|23/100|[from] item: Leftovers
|-damage|p1a: Dance|66/100|[from] Salt Cure
|upkeep
|turn|15
|
|t:|1779682164
|move|p1a: Dance|Moonblast|p2a: Garganacl
|-damage|p2a: Garganacl|0 fnt
|faint|p2a: Garganacl
|
|-damage|p1a: Dance|53/100|[from] Salt Cure
|upkeep
|
|t:|1779682172
|switch|p2a: Zamazenta|Zamazenta|63/100
|-damage|p2a: Zamazenta|38/100|[from] Spikes
|-damage|p2a: Zamazenta|32/100|[from] Stealth Rock
|turn|16
|inactive|FireWolf89 has 120 seconds left.
|
|t:|1779682218
|move|p1a: Dance|Moonlight|p1a: Dance
|-heal|p1a: Dance|100/100
|move|p2a: Zamazenta|Roar|p1a: Dance
|drag|p1a: Rifle|Gliscor, F|100/100
|
|-heal|p2a: Zamazenta|38/100|[from] item: Leftovers
|-status|p1a: Rifle|tox|[from] item: Toxic Orb
|upkeep
|turn|17
|
|t:|1779682224
|move|p2a: Zamazenta|Iron Defense|p2a: Zamazenta
|-boost|p2a: Zamazenta|def|2
|move|p1a: Rifle|Swords Dance|p1a: Rifle
|-boost|p1a: Rifle|atk|2
|
|-heal|p2a: Zamazenta|44/100|[from] item: Leftovers
|upkeep
|turn|18
|
|t:|1779682228
|switch|p1a: Dance|Clefable, F|100/100
|move|p2a: Zamazenta|Iron Defense|p2a: Zamazenta
|-boost|p2a: Zamazenta|def|2
|
|-heal|p2a: Zamazenta|50/100|[from] item: Leftovers
|upkeep
|turn|19
|
|t:|1779682239
|move|p1a: Dance|Moonblast|p2a: Zamazenta
|-supereffective|p2a: Zamazenta
|-damage|p2a: Zamazenta|3/100
|move|p2a: Zamazenta|Roar|p1a: Dance
|drag|p1a: Swing|Slowking-Galar, L99, F|100/100
|-sideend|p1: FireWolf89|move: Toxic Spikes|[of] p1a: Swing
|
|-heal|p2a: Zamazenta|9/100|[from] item: Leftovers
|upkeep
|turn|20
|-message|cihNinja forfeited.
|
|win|FireWolf89
|raw|FireWolf89's rating: 1500 &rarr; <strong>1515</strong><br />(+15 for winning)
|raw|cihNinja's rating: 1415 &rarr; <strong>1400</strong><br />(-15 for losing)
|l|☆cihNinja
|player|p2|
|l|☆FireWolf89
|player|p1|
|j|☆FireWolf89
|player|p1|FireWolf89|psychic-gen4|
