|j|☆bbperreo
|j|☆TwoLege
|t:|1779686490
|gametype|singles
|player|p1|bbperreo|169|1000
|player|p2|TwoLege|102|1000
|gen|9
|tier|[Gen 9] OU
|rated|
|rule|HP Percentage Mod: HP is shown in percentages
|rule|Endless Battle Clause: Forcing endless battles is banned
|rule|Species Clause: Limit one of each Pokémon
|rule|OHKO Clause: OHKO moves are banned
|rule|Evasion Items Clause: Evasion items are banned
|rule|Evasion Moves Clause: Evasion moves are banned
|rule|Evasion Abilities Clause: Evasion abilities are banned
|rule|Sleep Moves Clause: Sleep-inducing moves are banned
|clearpoke
|poke|p1|Samurott-Hisui, F|
|poke|p1|Salamence, M|
|poke|p1|Lucario, F|
|poke|p1|Incineroar, F|
|poke|p1|Rotom-Wash|
|poke|p1|Great Tusk|
|poke|p2|Lapras, F|
|poke|p2|Decidueye, M|
|poke|p2|Toxtricity, M|
|poke|p2|Incineroar, M|
|poke|p2|Mudsdale, F|
|poke|p2|Staraptor, F|
|teampreview
|
|t:|1779686501
|teamsize|p1|6
|teamsize|p2|6
|start
|switch|p1a: Samurott|Samurott-Hisui, F|100/100
|switch|p2a: ZappyLizrd|Toxtricity, M|100/100
|turn|1
|
|t:|1779686513
|switch|p1a: Great Tusk|Great Tusk|100/100
|move|p2a: ZappyLizrd|Overdrive|p1a: Great Tusk
|-immune|p1a: Great Tusk
|
|upkeep
|turn|2
|
|t:|1779686526
|switch|p2a: LappyCutie|Lapras, F, shiny|100/100
|move|p1a: Great Tusk|Stealth Rock|p2a: LappyCutie
|-sidestart|p2: TwoLege|move: Stealth Rock
|
|upkeep
|turn|3
|
|t:|1779686539
|-end|p1a: Great Tusk|Protosynthesis|[silent]
|switch|p1a: Rotom|Rotom-Wash|100/100
|move|p2a: LappyCutie|Freeze-Dry|p1a: Rotom
|-supereffective|p1a: Rotom
|-damage|p1a: Rotom|31/100
|
|-heal|p1a: Rotom|36/100|[from] item: Leftovers
|upkeep
|turn|4
|
|t:|1779686549
|move|p2a: LappyCutie|Protect|p2a: LappyCutie
|-singleturn|p2a: LappyCutie|Protect
|move|p1a: Rotom|Volt Switch|p2a: LappyCutie
|-activate|p2a: LappyCutie|move: Protect
|
|-heal|p1a: Rotom|42/100|[from] item: Leftovers
|upkeep
|turn|5
|
|t:|1779686562
|switch|p2a: BigHorse|Mudsdale, F|100/100
|-damage|p2a: BigHorse|94/100|[from] Stealth Rock
|move|p1a: Rotom|Volt Switch|p2a: BigHorse
|-immune|p2a: BigHorse
|
|-heal|p1a: Rotom|48/100|[from] item: Leftovers
|upkeep
|turn|6
|
|t:|1779686574
|move|p1a: Rotom|Hydro Pump|p2a: BigHorse|[miss]
|-miss|p1a: Rotom|p2a: BigHorse
|move|p2a: BigHorse|Counter||[still]
|-fail|p2a: BigHorse
|
|-heal|p1a: Rotom|54/100|[from] item: Leftovers
|upkeep
|turn|7
|
|t:|1779686586
|move|p1a: Rotom|Hydro Pump|p2a: BigHorse
|-supereffective|p2a: BigHorse
|-damage|p2a: BigHorse|9/100
|move|p2a: BigHorse|Earthquake|p1a: Rotom
|-immune|p1a: Rotom|[from] ability: Levitate
|
|-heal|p1a: Rotom|60/100|[from] item: Leftovers
|upkeep
|turn|8
|
|t:|1779686602
|switch|p2a: BadassBird|Decidueye, M|100/100
|-damage|p2a: BadassBird|88/100|[from] Stealth Rock
|move|p1a: Rotom|Will-O-Wisp|p2a: BadassBird
|-status|p2a: BadassBird|brn
|
|-heal|p1a: Rotom|66/100|[from] item: Leftovers
|-damage|p2a: BadassBird|82/100 brn|[from] brn
|upkeep
|turn|9
|
|t:|1779686615
|move|p1a: Rotom|Volt Switch|p2a: BadassBird
|-resisted|p2a: BadassBird
|-damage|p2a: BadassBird|74/100 brn
|
|t:|1779686623
|switch|p1a: Incineroar|Incineroar, F|100/100|[from] Volt Switch
|-ability|p1a: Incineroar|Intimidate|boost
|-unboost|p2a: BadassBird|atk|1
|move|p2a: BadassBird|Spirit Shackle|p1a: Incineroar
|-resisted|p1a: Incineroar
|-damage|p1a: Incineroar|96/100
|-activate|p1a: Incineroar|trapped
|
|-damage|p2a: BadassBird|68/100 brn|[from] brn
|upkeep
|turn|10
|
|t:|1779686639
|switch|p2a: ZappyLizrd|Toxtricity, M|100/100
|-damage|p2a: ZappyLizrd|88/100|[from] Stealth Rock
|move|p1a: Incineroar|Knock Off|p2a: ZappyLizrd
|-damage|p2a: ZappyLizrd|24/100
|-enditem|p2a: ZappyLizrd|Weakness Policy|[from] move: Knock Off|[of] p1a: Incineroar
|
|upkeep
|turn|11
|
|t:|1779686651
|move|p2a: ZappyLizrd|Boomburst|p1a: Incineroar
|-damage|p1a: Incineroar|46/100
|move|p1a: Incineroar|Knock Off|p2a: ZappyLizrd
|-damage|p2a: ZappyLizrd|0 fnt
|faint|p2a: ZappyLizrd
|
|upkeep
|
|t:|1779686661
|switch|p2a: BigBird|Staraptor, F, shiny|100/100
|-damage|p2a: BigBird|76/100|[from] Stealth Rock
|-ability|p2a: BigBird|Intimidate|boost
|-unboost|p1a: Incineroar|atk|1
|turn|12
|
|t:|1779686671
|move|p2a: BigBird|Hurricane|p1a: Incineroar
|-damage|p1a: Incineroar|28/100
|move|p1a: Incineroar|Knock Off|p2a: BigBird
|-damage|p2a: BigBird|42/100
|-enditem|p2a: BigBird|Choice Band|[from] move: Knock Off|[of] p1a: Incineroar
|
|upkeep
|turn|13
|
|t:|1779686696
|switch|p1a: Rotom|Rotom-Wash|66/100
|move|p2a: BigBird|Brave Bird|p1a: Rotom
|-resisted|p1a: Rotom
|-crit|p1a: Rotom
|-damage|p1a: Rotom|33/100
|-damage|p2a: BigBird|31/100|[from] Recoil
|
|-heal|p1a: Rotom|38/100|[from] item: Leftovers
|upkeep
|turn|14
|
|t:|1779686714
|switch|p2a: BadassBird|Decidueye, M|68/100 brn
|-damage|p2a: BadassBird|56/100 brn|[from] Stealth Rock
|move|p1a: Rotom|Volt Switch|p2a: BadassBird
|-resisted|p2a: BadassBird
|-damage|p2a: BadassBird|48/100 brn
|
|t:|1779686729
|switch|p1a: Samurott|Samurott-Hisui, F|100/100|[from] Volt Switch
|
|-damage|p2a: BadassBird|42/100 brn|[from] brn
|upkeep
|turn|15
|
|t:|1779686737
|move|p1a: Samurott|Sucker Punch|p2a: BadassBird
|-supereffective|p2a: BadassBird
|-damage|p2a: BadassBird|0 fnt
|faint|p2a: BadassBird
|
|upkeep
|
|t:|1779686747
|switch|p2a: LappyCutie|Lapras, F, shiny|100/100
|-damage|p2a: LappyCutie|75/100|[from] Stealth Rock
|turn|16
|
|t:|1779686755
|move|p1a: Samurott|Knock Off|p2a: LappyCutie
|-damage|p2a: LappyCutie|36/100
|-enditem|p2a: LappyCutie|Leftovers|[from] move: Knock Off|[of] p1a: Samurott
|move|p2a: LappyCutie|Ice Beam|p1a: Samurott
|-resisted|p1a: Samurott
|-damage|p1a: Samurott|72/100
|
|upkeep
|turn|17
|
|t:|1779686768
|switch|p1a: Rotom|Rotom-Wash|38/100
|move|p2a: LappyCutie|Protect||[still]
|-fail|p2a: LappyCutie
|
|-heal|p1a: Rotom|44/100|[from] item: Leftovers
|upkeep
|turn|18
|
|t:|1779686778
|move|p1a: Rotom|Will-O-Wisp|p2a: LappyCutie|[miss]
|-miss|p1a: Rotom|p2a: LappyCutie
|move|p2a: LappyCutie|Thunderbolt|p1a: Rotom
|-damage|p1a: Rotom|15/100
|
|-heal|p1a: Rotom|21/100|[from] item: Leftovers
|upkeep
|turn|19
|
|t:|1779686788
|move|p1a: Rotom|Volt Switch|p2a: LappyCutie
|-supereffective|p2a: LappyCutie
|-damage|p2a: LappyCutie|0 fnt
|faint|p2a: LappyCutie
|
|t:|1779686794
|switch|p1a: Salamence|Salamence, M|100/100|[from] Volt Switch
|
|upkeep
|
|t:|1779686798
|switch|p2a: Champ|Incineroar, M, shiny|100/100
|-damage|p2a: Champ|76/100|[from] Stealth Rock
|-ability|p2a: Champ|Intimidate|boost
|-unboost|p1a: Salamence|atk|1
|turn|20
|
|t:|1779686810
|move|p2a: Champ|Fake Out|p1a: Salamence
|-damage|p1a: Salamence|85/100
|cant|p1a: Salamence|flinch
|
|upkeep
|turn|21
|
|t:|1779686817
|move|p1a: Salamence|Earthquake|p2a: Champ
|-supereffective|p2a: Champ
|-damage|p2a: Champ|33/100
|move|p2a: Champ|Darkest Lariat|p1a: Salamence
|-damage|p1a: Salamence|31/100
|
|upkeep
|turn|22
|
|t:|1779686826
|move|p1a: Salamence|Earthquake|p2a: Champ
|-supereffective|p2a: Champ
|-crit|p2a: Champ
|-damage|p2a: Champ|0 fnt
|faint|p2a: Champ
|-ability|p1a: Salamence|Moxie|boost
|-boost|p1a: Salamence|atk|1
|
|upkeep
|
|t:|1779686834
|switch|p2a: BigBird|Staraptor, F, shiny|31/100
|-damage|p2a: BigBird|6/100|[from] Stealth Rock
|-ability|p2a: BigBird|Intimidate|boost
|-unboost|p1a: Salamence|atk|1
|turn|23
|
|t:|1779686847
|move|p1a: Salamence|Dual Wingbeat|p2a: BigBird
|-damage|p2a: BigBird|0 fnt
|faint|p2a: BigBird
|-ability|p1a: Salamence|Moxie|boost
|-boost|p1a: Salamence|atk|1
|-hitcount|p2: BigBird|1
|
|upkeep
|
|t:|1779686852
|switch|p2a: BigHorse|Mudsdale, F|9/100
|-damage|p2a: BigHorse|3/100|[from] Stealth Rock
|turn|24
|
|t:|1779686856
|move|p1a: Salamence|Dual Wingbeat|p2a: BigHorse
|-damage|p2a: BigHorse|0 fnt
|-damage|p1a: Salamence|14/100|[from] item: Rocky Helmet|[of] p2a: BigHorse
|faint|p2a: BigHorse
|-hitcount|p2: BigHorse|1
|
|win|bbperreo
|raw|bbperreo's rating: 1000 &rarr; <strong>1040</strong><br />(+40 for winning)
|raw|TwoLege's rating: 1000 &rarr; <strong>1000</strong><br />(+0 for losing)
|l|☆TwoLege
|player|p2|
|n|☆bbperreo|bbperreo
|l|☆bbperreo
|player|p1|
|j|☆bbperreo
|player|p1|bbperreo|169|
|l|☆bbperreo
|player|p1|
|j|☆bbperreo
|player|p1|bbperreo|169|
|l|☆bbperreo
|player|p1|
|j|☆bbperreo
|player|p1|bbperreo|169|
|c|☆bbperreo|gg
