|j|☆brickforbrains
|j|☆Gen1Starter
|t:|1779654431
|gametype|singles
|player|p1|brickforbrains|ninjaboy|1506
|player|p2|Gen1Starter|wallace|1509
|gen|9
|tier|[Gen 9] OU
|rated|
|rule|HP Percentage Mod: HP is shown in percentages
|rule|Endless Battle Clause: Forcing endless battles is banned
|rule|Species Clause: Limit one of each Pokémon
|rule|OHKO Clause: OHKO moves are banned
|rule|Evasion Items Clause: Evasion items are banned
|rule|Evasion Moves Clause: Evasion moves are banned
|rule|Evasion Abilities Clause: Evasion abilities are banned
|rule|Sleep Moves Clause: Sleep-inducing moves are banned
|clearpoke
|poke|p1|Landorus-Therian, M|
|poke|p1|Tinkaton, F|
|poke|p1|Ceruledge, F|
|poke|p1|Tornadus-Therian, M|
|poke|p1|Slowking-Galar, M|
|poke|p1|Great Tusk|
|poke|p2|Great Tusk|
|poke|p2|Torkoal, F|
|poke|p2|Walking Wake|
|poke|p2|Snorlax, M|
|poke|p2|Venusaur, M|
|poke|p2|Ceruledge, F|
|teampreview
|inactive|Battle timer is ON: inactive players will automatically lose when time's up. (requested by brickforbrains)
|
|t:|1779654439
|teamsize|p1|6
|teamsize|p2|6
|start
|switch|p1a: Landorus|Landorus-Therian, M|100/100
|switch|p2a: Torkoal|Torkoal, F|100/100
|-ability|p1a: Landorus|Intimidate|boost
|-unboost|p2a: Torkoal|atk|1
|-weather|SunnyDay|[from] ability: Drought|[of] p2a: Torkoal
|turn|1
|
|t:|1779654448
|switch|p2a: Great Tusk|Great Tusk|100/100
|-activate|p2a: Great Tusk|ability: Protosynthesis
|-start|p2a: Great Tusk|protosynthesisdef
|move|p1a: Landorus|U-turn|p2a: Great Tusk
|-resisted|p2a: Great Tusk
|-damage|p2a: Great Tusk|97/100
|-damage|p1a: Landorus|84/100|[from] item: Rocky Helmet|[of] p2a: Great Tusk
|
|t:|1779654457
|switch|p1a: Tornadus|Tornadus-Therian, M|100/100|[from] U-turn
|
|-weather|SunnyDay|[upkeep]
|upkeep
|turn|2
|
|t:|1779654461
|move|p1a: Tornadus|Bleakwind Storm|p2a: Great Tusk
|-supereffective|p2a: Great Tusk
|-crit|p2a: Great Tusk
|-damage|p2a: Great Tusk|0 fnt
|faint|p2a: Great Tusk
|-end|p2a: Great Tusk|Protosynthesis|[silent]
|
|-weather|SunnyDay|[upkeep]
|upkeep
|
|t:|1779654468
|switch|p2a: Snorlax|Snorlax, M|100/100
|turn|3
|
|t:|1779654471
|move|p1a: Tornadus|U-turn|p2a: Snorlax
|-damage|p2a: Snorlax|87/100
|
|t:|1779654477
|switch|p1a: Great Tusk|Great Tusk|100/100|[from] U-turn
|-activate|p1a: Great Tusk|ability: Protosynthesis
|-start|p1a: Great Tusk|protosynthesisspe
|move|p2a: Snorlax|Body Slam|p1a: Great Tusk
|-damage|p1a: Great Tusk|75/100
|
|-weather|SunnyDay|[upkeep]
|upkeep
|turn|4
|
|t:|1779654490
|switch|p2a: Walking Wake|Walking Wake|100/100
|-activate|p2a: Walking Wake|ability: Protosynthesis
|-start|p2a: Walking Wake|protosynthesisspa
|move|p1a: Great Tusk|Bulk Up|p1a: Great Tusk
|-boost|p1a: Great Tusk|atk|1
|-boost|p1a: Great Tusk|def|1
|
|-weather|SunnyDay|[upkeep]
|upkeep
|turn|5
|inactive|brickforbrains has 120 seconds left.
|
|t:|1779654525
|move|p1a: Great Tusk|Headlong Rush|p2a: Walking Wake
|-damage|p2a: Walking Wake|8/100
|-unboost|p1a: Great Tusk|def|1
|-unboost|p1a: Great Tusk|spd|1
|move|p2a: Walking Wake|Hydro Steam|p1a: Great Tusk
|-supereffective|p1a: Great Tusk
|-damage|p1a: Great Tusk|0 fnt
|faint|p1a: Great Tusk
|-end|p1a: Great Tusk|Protosynthesis|[silent]
|
|-weather|SunnyDay|[upkeep]
|upkeep
|
|t:|1779654529
|switch|p1a: Ceruledge|Ceruledge, F|100/100
|turn|6
|
|t:|1779654553
|-end|p2a: Walking Wake|Protosynthesis|[silent]
|switch|p2a: Snorlax|Snorlax, M|87/100
|move|p1a: Ceruledge|Shadow Sneak|p2a: Snorlax
|-immune|p2a: Snorlax
|
|-weather|SunnyDay|[upkeep]
|upkeep
|turn|7
|
|t:|1779654570
|-terastallize|p1a: Ceruledge|Bug
|move|p1a: Ceruledge|Bulk Up|p1a: Ceruledge
|-boost|p1a: Ceruledge|atk|1
|-boost|p1a: Ceruledge|def|1
|move|p2a: Snorlax|Body Slam|p1a: Ceruledge
|-damage|p1a: Ceruledge|66/100
|
|-weather|SunnyDay|[upkeep]
|upkeep
|turn|8
|
|t:|1779654587
|move|p1a: Ceruledge|Bitter Blade|p2a: Snorlax
|-damage|p2a: Snorlax|43/100
|-heal|p1a: Ceruledge|96/100|[from] drain|[of] p2a: Snorlax
|move|p2a: Snorlax|Body Slam|p1a: Ceruledge
|-damage|p1a: Ceruledge|65/100
|
|-weather|none
|upkeep
|turn|9
|
|t:|1779654598
|switch|p2a: Torkoal|Torkoal, F|100/100
|-weather|SunnyDay|[from] ability: Drought|[of] p2a: Torkoal
|move|p1a: Ceruledge|Bitter Blade|p2a: Torkoal
|-resisted|p2a: Torkoal
|-damage|p2a: Torkoal|76/100
|-heal|p1a: Ceruledge|76/100|[from] drain|[of] p2a: Torkoal
|
|-weather|SunnyDay|[upkeep]
|upkeep
|turn|10
|
|t:|1779654609
|move|p1a: Ceruledge|Bulk Up|p1a: Ceruledge
|-boost|p1a: Ceruledge|atk|1
|-boost|p1a: Ceruledge|def|1
|move|p2a: Torkoal|Lava Plume|p1a: Ceruledge
|-start|p1a: Ceruledge|ability: Flash Fire
|
|-weather|SunnyDay|[upkeep]
|upkeep
|turn|11
|
|t:|1779654617
|move|p1a: Ceruledge|Bitter Blade|p2a: Torkoal
|-resisted|p2a: Torkoal
|-damage|p2a: Torkoal|30/100
|-heal|p1a: Ceruledge|99/100|[from] drain|[of] p2a: Torkoal
|move|p2a: Torkoal|Clear Smog|p1a: Ceruledge
|-damage|p1a: Ceruledge|91/100
|-clearboost|p1a: Ceruledge
|
|-weather|SunnyDay|[upkeep]
|upkeep
|turn|12
|
|t:|1779654629
|switch|p2a: Venusaur|Venusaur, M|100/100
|move|p1a: Ceruledge|Bulk Up|p1a: Ceruledge
|-boost|p1a: Ceruledge|atk|1
|-boost|p1a: Ceruledge|def|1
|
|-weather|SunnyDay|[upkeep]
|upkeep
|turn|13
|
|t:|1779654637
|move|p2a: Venusaur|Sludge Bomb|p1a: Ceruledge
|-damage|p1a: Ceruledge|52/100
|-damage|p2a: Venusaur|91/100|[from] item: Life Orb
|move|p1a: Ceruledge|Bitter Blade|p2a: Venusaur
|-supereffective|p2a: Venusaur
|-damage|p2a: Venusaur|0 fnt
|-heal|p1a: Ceruledge|91/100|[from] drain|[of] p2a: Venusaur
|faint|p2a: Venusaur
|
|-weather|SunnyDay|[upkeep]
|upkeep
|-message|Gen1Starter forfeited.
|
|win|brickforbrains
|raw|brickforbrains's rating: 1506 &rarr; <strong>1526</strong><br />(+20 for winning)
|raw|Gen1Starter's rating: 1509 &rarr; <strong>1489</strong><br />(-20 for losing)
|l|☆Gen1Starter
|player|p2|
|l|☆brickforbrains
|player|p1|
