|j|‽aaagislash
|j|☆Andher
|t:|1779616165
|gametype|singles
|player|p1|aaagislash|102|1438
|player|p2|Andher|shadowtriad|1456
|gen|9
|tier|[Gen 9] OU
|rated|
|rule|HP Percentage Mod: HP is shown in percentages
|rule|Endless Battle Clause: Forcing endless battles is banned
|rule|Species Clause: Limit one of each Pokémon
|rule|OHKO Clause: OHKO moves are banned
|rule|Evasion Items Clause: Evasion items are banned
|rule|Evasion Moves Clause: Evasion moves are banned
|rule|Evasion Abilities Clause: Evasion abilities are banned
|rule|Sleep Moves Clause: Sleep-inducing moves are banned
|clearpoke
|poke|p1|Zamazenta-*|
|poke|p1|Gastrodon, F|
|poke|p1|Slowking-Galar, F|
|poke|p1|Cetitan, F|
|poke|p1|Dragapult, F|
|poke|p1|Hoopa-Unbound|
|poke|p2|Corviknight, M|
|poke|p2|Samurott-Hisui, F|
|poke|p2|Kingambit, F|
|poke|p2|Skeledirge, M|
|poke|p2|Gengar, F|
|poke|p2|Dragapult, M|
|teampreview
|inactive|Battle timer is ON: inactive players will automatically lose when time's up. (requested by Andher)
|
|t:|1779616187
|teamsize|p1|6
|teamsize|p2|6
|start
|switch|p1a: Gastrodon|Gastrodon, F|100/100
|switch|p2a: Ronin|Samurott-Hisui, F|100/100
|turn|1
|
|t:|1779616195
|move|p2a: Ronin|Ceaseless Edge|p1a: Gastrodon
|-damage|p1a: Gastrodon|60/100
|-sidestart|p1: aaagislash|Spikes
|-enditem|p1a: Gastrodon|Red Card|[of] p2a: Ronin
|drag|p2a: Malson|Gengar, F, shiny|100/100
|move|p1a: Gastrodon|Earth Power|p2a: Malson
|-supereffective|p2a: Malson
|-damage|p2a: Malson|0 fnt
|faint|p2a: Malson
|
|upkeep
|
|t:|1779616210
|switch|p2a: Ronin|Samurott-Hisui, F|100/100
|turn|2
|
|t:|1779616215
|move|p2a: Ronin|Ceaseless Edge|p1a: Gastrodon
|-damage|p1a: Gastrodon|21/100
|-sidestart|p1: aaagislash|Spikes
|move|p1a: Gastrodon|Stealth Rock|p2a: Ronin
|-sidestart|p2: Andher|move: Stealth Rock
|
|upkeep
|turn|3
|
|t:|1779616223
|move|p2a: Ronin|Ceaseless Edge|p1a: Gastrodon|[miss]
|-miss|p2a: Ronin|p1a: Gastrodon
|move|p1a: Gastrodon|Spikes|p2a: Ronin
|-sidestart|p2: Andher|Spikes
|
|upkeep
|turn|4
|
|t:|1779616229
|move|p2a: Ronin|Ceaseless Edge|p1a: Gastrodon
|-damage|p1a: Gastrodon|0 fnt
|-sidestart|p1: aaagislash|Spikes
|faint|p1a: Gastrodon
|
|upkeep
|
|t:|1779616236
|switch|p1a: Zamazenta|Zamazenta|100/100
|-damage|p1a: Zamazenta|75/100|[from] Spikes
|-ability|p1a: Zamazenta|Dauntless Shield|boost
|-boost|p1a: Zamazenta|def|1
|turn|5
|
|t:|1779616248
|switch|p2a: Corax|Corviknight, M|100/100
|-damage|p2a: Corax|88/100|[from] Stealth Rock
|-ability|p2a: Corax|Pressure
|move|p1a: Zamazenta|Roar|p2a: Corax
|drag|p2a: Shogun|Kingambit, F|100/100
|-damage|p2a: Shogun|94/100|[from] Stealth Rock
|-damage|p2a: Shogun|82/100|[from] Spikes
|-activate|p2a: Shogun|ability: Supreme Overlord
|-start|p2a: Shogun|fallen1|[silent]
|
|-heal|p1a: Zamazenta|82/100|[from] item: Leftovers
|-heal|p2a: Shogun|88/100|[from] item: Leftovers
|upkeep
|turn|6
|
|t:|1779616265
|-end|p2a: Shogun|fallen1|[silent]
|switch|p2a: Corax|Corviknight, M|88/100
|-damage|p2a: Corax|75/100|[from] Stealth Rock
|-ability|p2a: Corax|Pressure
|move|p1a: Zamazenta|Roar|p2a: Corax
|drag|p2a: Ombra|Dragapult, M|100/100
|-damage|p2a: Ombra|88/100|[from] Stealth Rock
|-damage|p2a: Ombra|76/100|[from] Spikes
|
|-heal|p1a: Zamazenta|88/100|[from] item: Leftovers
|upkeep
|turn|7
|
|t:|1779616279
|move|p2a: Ombra|Draco Meteor|p1a: Zamazenta
|-damage|p1a: Zamazenta|20/100
|-unboost|p2a: Ombra|spa|2
|move|p1a: Zamazenta|Roar|p2a: Ombra
|drag|p2a: Mort|Skeledirge, M|100/100
|
|-heal|p1a: Zamazenta|27/100|[from] item: Leftovers
|upkeep
|turn|8
|
|t:|1779616295
|switch|p1a: Hoopa|Hoopa-Unbound|100/100
|-damage|p1a: Hoopa|75/100|[from] Spikes
|move|p2a: Mort|Alluring Voice|p1a: Hoopa
|-supereffective|p1a: Hoopa
|-damage|p1a: Hoopa|54/100
|
|upkeep
|turn|9
|
|t:|1779616307
|switch|p2a: Ronin|Samurott-Hisui, F|100/100
|-damage|p2a: Ronin|88/100|[from] Stealth Rock
|-damage|p2a: Ronin|76/100|[from] Spikes
|move|p1a: Hoopa|Drain Punch|p2a: Ronin
|-supereffective|p2a: Ronin
|-damage|p2a: Ronin|1/100
|-heal|p1a: Hoopa|90/100|[from] drain|[of] p2a: Ronin
|
|upkeep
|turn|10
|inactive|Andher has 120 seconds left.
|
|t:|1779616337
|-terastallize|p1a: Hoopa|Fighting
|move|p2a: Ronin|Flip Turn|p1a: Hoopa
|-damage|p1a: Hoopa|60/100
|
|t:|1779616344
|switch|p2a: Mort|Skeledirge, M|100/100|[from] Flip Turn
|move|p1a: Hoopa|Drain Punch|p2a: Mort
|-immune|p2a: Mort
|
|upkeep
|turn|11
|inactive|Andher has 120 seconds left.
|
|t:|1779616353
|switch|p2a: Ronin|Samurott-Hisui, F|1/100
|-damage|p2a: Ronin|0 fnt|[from] Stealth Rock
|faint|p2a: Ronin
|move|p1a: Hoopa|Knock Off|p2: Ronin|[notarget]
|-fail|p1a: Hoopa
|
|upkeep
|inactive|Andher has 120 seconds left.
|
|t:|1779616363
|switch|p2a: Corax|Corviknight, M|75/100
|-damage|p2a: Corax|63/100|[from] Stealth Rock
|-ability|p2a: Corax|Pressure
|turn|12
|inactive|Andher has 120 seconds left.
|l|☆Andher
|inactive|Andher disconnected and has a minute to reconnect!
|player|p2|
|j|☆Andher
|inactive|Andher reconnected and has 110 seconds left.
|player|p2|Andher|shadowtriad|
|
|t:|1779616399
|switch|p1a: Slowking|Slowking-Galar, F|100/100
|move|p2a: Corax|Brave Bird|p1a: Slowking
|-damage|p1a: Slowking|69/100
|-damage|p2a: Corax|52/100|[from] Recoil
|
|upkeep
|turn|13
|l|☆Andher
|inactive|Andher disconnected and has a minute to reconnect!
|player|p2|
|inactive|Andher has 30 seconds to reconnect!
|inactive|Andher has 20 seconds to reconnect!
|j|☆Andher
|inactive|Andher reconnected and has 60 seconds left.
|player|p2|Andher|shadowtriad|
|
|t:|1779616460
|move|p2a: Corax|Defog|p1a: Slowking
|-unboost|p1a: Slowking|evasion|1
|-sideend|p1: aaagislash|Spikes|[from] move: Defog|[of] p2a: Corax
|-sideend|p2: Andher|Spikes|[from] move: Defog|[of] p2a: Corax
|-sideend|p2: Andher|Stealth Rock|[from] move: Defog|[of] p2a: Corax
|move|p1a: Slowking|Future Sight|p2a: Corax
|-start|p1a: Slowking|move: Future Sight
|
|upkeep
|turn|14
|inactive|Andher has 60 seconds left.
|
|t:|1779616474
|move|p2a: Corax|Roost|p2a: Corax
|-heal|p2a: Corax|100/100
|-singleturn|p2a: Corax|move: Roost
|-prepare|p1a: Slowking|Chilly Reception|[premajor]
|move|p1a: Slowking|Chilly Reception|p1a: Slowking
|-weather|Snowscape
|
|t:|1779616476
|switch|p1a: Dragapult|Dragapult, F|100/100|[from] Chilly Reception
|
|-weather|Snowscape|[upkeep]
|upkeep
|turn|15
|
|t:|1779616492
|switch|p2a: Shogun|Kingambit, F|88/100
|-activate|p2a: Shogun|ability: Supreme Overlord
|-start|p2a: Shogun|fallen2|[silent]
|move|p1a: Dragapult|Dragon Tail|p2a: Shogun|[miss]
|-miss|p1a: Dragapult|p2a: Shogun
|
|-weather|Snowscape|[upkeep]
|-end|p2a: Shogun|move: Future Sight
|-immune|p2a: Shogun
|-heal|p2a: Shogun|94/100|[from] item: Leftovers
|upkeep
|turn|16
|inactive|Andher has 60 seconds left.
|
|t:|1779616510
|move|p1a: Dragapult|Will-O-Wisp|p2a: Shogun
|-status|p2a: Shogun|brn
|move|p2a: Shogun|Iron Head|p1a: Dragapult
|-damage|p1a: Dragapult|67/100
|
|-weather|Snowscape|[upkeep]
|-heal|p2a: Shogun|100/100 brn|[from] item: Leftovers
|-damage|p2a: Shogun|94/100 brn|[from] brn
|upkeep
|turn|17
|inactive|Andher has 60 seconds left.
|
|t:|1779616526
|switch|p1a: Hoopa|Hoopa-Unbound, tera:Fighting|60/100
|move|p2a: Shogun|Kowtow Cleave|p1a: Hoopa
|-resisted|p1a: Hoopa
|-damage|p1a: Hoopa|45/100
|
|-weather|Snowscape|[upkeep]
|-heal|p2a: Shogun|100/100 brn|[from] item: Leftovers
|-damage|p2a: Shogun|94/100 brn|[from] brn
|upkeep
|turn|18
|inactive|Andher has 60 seconds left.
|l|☆Andher
|inactive|Andher disconnected and has a minute to reconnect!
|player|p2|
|inactive|Andher has 30 seconds left.
|inactive|Andher has 20 seconds left.
|inactive|Andher has 15 seconds left.
|inactive|Andher has 10 seconds left.
|inactive|Andher has 5 seconds left.
|-message|Andher lost due to inactivity.
|
|win|aaagislash
|raw|aaagislash's rating: 1438 &rarr; <strong>1459</strong><br />(+21 for winning)
|raw|Andher's rating: 1456 &rarr; <strong>1435</strong><br />(-21 for losing)
|j|☆Andher
|player|p2|Andher|shadowtriad|
|l|☆Andher
|player|p2|
