|j|☆alter6x
|j|☆CHixxxxx122
|t:|1779583495
|gametype|singles
|player|p1|alter6x|grimsley-gen7|1296
|player|p2|CHixxxxx122|169|1303
|gen|9
|tier|[Gen 9] OU
|rated|
|rule|HP Percentage Mod: HP is shown in percentages
|rule|Endless Battle Clause: Forcing endless battles is banned
|rule|Species Clause: Limit one of each Pokémon
|rule|OHKO Clause: OHKO moves are banned
|rule|Evasion Items Clause: Evasion items are banned
|rule|Evasion Moves Clause: Evasion moves are banned
|rule|Evasion Abilities Clause: Evasion abilities are banned
|rule|Sleep Moves Clause: Sleep-inducing moves are banned
|clearpoke
|poke|p1|Hoopa|
|poke|p1|Cinderace, M|
|poke|p1|Mandibuzz, F|
|poke|p1|Kyurem|
|poke|p1|Ting-Lu|
|poke|p1|Manaphy|
|poke|p2|Skuntank, F|
|poke|p2|Porygon2|
|poke|p2|Mamoswine, M|
|poke|p2|Staraptor, M|
|poke|p2|Lilligant-Hisui, F|
|poke|p2|Milotic, F|
|teampreview
|inactive|Battle timer is ON: inactive players will automatically lose when time's up. (requested by alter6x)
|
|t:|1779583505
|teamsize|p1|6
|teamsize|p2|6
|start
|switch|p1a: Hoopa|Hoopa|100/100
|switch|p2a: Mamoswine|Mamoswine, M|100/100
|turn|1
|
|t:|1779583527
|move|p2a: Mamoswine|Earthquake|p1a: Hoopa
|-damage|p1a: Hoopa|23/100
|-enditem|p1a: Hoopa|Aguav Berry|[eat]
|-heal|p1a: Hoopa|56/100|[from] item: Aguav Berry
|move|p1a: Hoopa|Focus Blast|p2a: Mamoswine
|-supereffective|p2a: Mamoswine
|-damage|p2a: Mamoswine|0 fnt
|faint|p2a: Mamoswine
|-item|p1a: Hoopa|Rocky Helmet|[from] ability: Magician|[of] p2: Mamoswine
|
|upkeep
|
|t:|1779583541
|switch|p2a: Staraptor|Staraptor, M|100/100
|turn|2
|
|t:|1779583551
|move|p2a: Staraptor|Brave Bird|p1a: Hoopa
|-damage|p1a: Hoopa|0 fnt
|-damage|p2a: Staraptor|84/100|[from] item: Rocky Helmet|[of] p1a: Hoopa
|faint|p1a: Hoopa
|-damage|p2a: Staraptor|65/100|[from] Recoil
|
|upkeep
|
|t:|1779583562
|switch|p1a: Kyurem|Kyurem|100/100
|-ability|p1a: Kyurem|Pressure
|turn|3
|
|t:|1779583566
|switch|p2a: Milotic|Milotic, F|100/100
|move|p1a: Kyurem|Freeze-Dry|p2a: Milotic
|-supereffective|p2a: Milotic
|-damage|p2a: Milotic|51/100
|
|-heal|p2a: Milotic|57/100|[from] item: Leftovers
|upkeep
|turn|4
|
|t:|1779583579
|switch|p1a: Ting-Lu|Ting-Lu|100/100
|-ability|p1a: Ting-Lu|Vessel of Ruin
|-terastallize|p2a: Milotic|Steel
|move|p2a: Milotic|Ice Beam|p1a: Ting-Lu
|-supereffective|p1a: Ting-Lu
|-damage|p1a: Ting-Lu|73/100
|-enditem|p1a: Ting-Lu|Weakness Policy
|-boost|p1a: Ting-Lu|atk|2|[from] item: Weakness Policy
|-boost|p1a: Ting-Lu|spa|2|[from] item: Weakness Policy
|
|-heal|p2a: Milotic|63/100|[from] item: Leftovers
|upkeep
|turn|5
|
|t:|1779583593
|move|p2a: Milotic|Haze|p2a: Milotic
|-clearallboost
|move|p1a: Ting-Lu|Earthquake|p2a: Milotic
|-supereffective|p2a: Milotic
|-damage|p2a: Milotic|0 fnt
|faint|p2a: Milotic
|
|upkeep
|
|t:|1779583599
|switch|p2a: Lilligant|Lilligant-Hisui, F|100/100
|turn|6
|
|t:|1779583602
|move|p2a: Lilligant|Close Combat|p1a: Ting-Lu
|-supereffective|p1a: Ting-Lu
|-damage|p1a: Ting-Lu|5/100
|-unboost|p2a: Lilligant|def|1
|-unboost|p2a: Lilligant|spd|1
|move|p1a: Ting-Lu|Stealth Rock|p2a: Lilligant
|-sidestart|p2: CHixxxxx122|move: Stealth Rock
|
|upkeep
|turn|7
|
|t:|1779583606
|move|p2a: Lilligant|Close Combat|p1a: Ting-Lu
|-supereffective|p1a: Ting-Lu
|-damage|p1a: Ting-Lu|0 fnt
|-unboost|p2a: Lilligant|def|1
|-unboost|p2a: Lilligant|spd|1
|faint|p1a: Ting-Lu
|
|upkeep
|
|t:|1779583618
|switch|p1a: Cinderace|Cinderace, M|100/100
|turn|8
|
|t:|1779583633
|move|p2a: Lilligant|Close Combat|p1a: Cinderace
|-damage|p1a: Cinderace|14/100
|-unboost|p2a: Lilligant|def|1
|-unboost|p2a: Lilligant|spd|1
|move|p1a: Cinderace|Pyro Ball|p2a: Lilligant
|-supereffective|p2a: Lilligant
|-damage|p2a: Lilligant|0 fnt
|faint|p2a: Lilligant
|
|upkeep
|
|t:|1779583637
|switch|p2a: Staraptor|Staraptor, M|65/100
|-damage|p2a: Staraptor|40/100|[from] Stealth Rock
|turn|9
|
|t:|1779583640
|move|p2a: Staraptor|Quick Attack|p1a: Cinderace
|-damage|p1a: Cinderace|0 fnt
|faint|p1a: Cinderace
|
|upkeep
|
|t:|1779583651
|switch|p1a: Mandibuzz|Mandibuzz, F, shiny|100/100
|turn|10
|
|t:|1779583655
|move|p2a: Staraptor|Brave Bird|p1a: Mandibuzz
|-damage|p1a: Mandibuzz|60/100
|-damage|p2a: Staraptor|24/100|[from] item: Rocky Helmet|[of] p1a: Mandibuzz
|-damage|p2a: Staraptor|6/100|[from] Recoil
|move|p1a: Mandibuzz|Toxic|p2a: Staraptor
|-status|p2a: Staraptor|tox
|
|-damage|p2a: Staraptor|0 fnt|[from] psn
|faint|p2a: Staraptor
|upkeep
|
|t:|1779583659
|switch|p2a: Skuntank|Skuntank, F|100/100
|-damage|p2a: Skuntank|88/100|[from] Stealth Rock
|turn|11
|
|t:|1779583664
|move|p2a: Skuntank|Gunk Shot|p1a: Mandibuzz
|-damage|p1a: Mandibuzz|19/100
|-status|p1a: Mandibuzz|psn
|-damage|p2a: Skuntank|78/100|[from] item: Life Orb
|move|p1a: Mandibuzz|Roost|p1a: Mandibuzz
|-heal|p1a: Mandibuzz|69/100 psn
|-singleturn|p1a: Mandibuzz|move: Roost
|
|-damage|p1a: Mandibuzz|57/100 psn|[from] psn
|upkeep
|turn|12
|
|t:|1779583667
|move|p2a: Skuntank|Knock Off|p1a: Mandibuzz
|-resisted|p1a: Mandibuzz
|-damage|p1a: Mandibuzz|40/100 psn
|-damage|p2a: Skuntank|62/100|[from] item: Rocky Helmet|[of] p1a: Mandibuzz
|-enditem|p1a: Mandibuzz|Rocky Helmet|[from] move: Knock Off|[of] p2a: Skuntank
|-damage|p2a: Skuntank|52/100|[from] item: Life Orb
|move|p1a: Mandibuzz|Roost|p1a: Mandibuzz
|-heal|p1a: Mandibuzz|90/100 psn
|-singleturn|p1a: Mandibuzz|move: Roost
|
|-damage|p1a: Mandibuzz|78/100 psn|[from] psn
|upkeep
|turn|13
|
|t:|1779583671
|move|p2a: Skuntank|Flamethrower|p1a: Mandibuzz
|-damage|p1a: Mandibuzz|63/100 psn
|-damage|p2a: Skuntank|42/100|[from] item: Life Orb
|move|p1a: Mandibuzz|Foul Play|p2a: Skuntank
|-resisted|p2a: Skuntank
|-damage|p2a: Skuntank|10/100
|
|-damage|p1a: Mandibuzz|50/100 psn|[from] psn
|upkeep
|turn|14
|
|t:|1779583676
|move|p2a: Skuntank|Gunk Shot|p1a: Mandibuzz|[miss]
|-miss|p2a: Skuntank|p1a: Mandibuzz
|move|p1a: Mandibuzz|Foul Play|p2a: Skuntank
|-resisted|p2a: Skuntank
|-damage|p2a: Skuntank|0 fnt
|-damage|p1a: Mandibuzz|25/100 psn|[from] ability: Aftermath|[of] p2a: Skuntank
|faint|p2a: Skuntank
|
|-damage|p1a: Mandibuzz|13/100 psn|[from] psn
|upkeep
|
|t:|1779583678
|switch|p2a: Porygon2|Porygon2|100/100
|-damage|p2a: Porygon2|88/100|[from] Stealth Rock
|-ability|p2a: Porygon2|Overcoat|Trace|[from] ability: Trace|[of] p1a: Mandibuzz
|turn|15
|
|t:|1779583680
|move|p1a: Mandibuzz|Toxic|p2a: Porygon2
|-status|p2a: Porygon2|tox
|move|p2a: Porygon2|Charge Beam|p1a: Mandibuzz
|-supereffective|p1a: Mandibuzz
|-damage|p1a: Mandibuzz|0 fnt
|-boost|p2a: Porygon2|spa|1
|faint|p1a: Mandibuzz
|
|-damage|p2a: Porygon2|82/100 tox|[from] psn
|upkeep
|
|t:|1779583686
|switch|p1a: Kyurem|Kyurem|100/100
|-ability|p1a: Kyurem|Pressure
|turn|16
|
|t:|1779583690
|-terastallize|p1a: Kyurem|Ground
|move|p1a: Kyurem|Draco Meteor|p2a: Porygon2
|-damage|p2a: Porygon2|39/100 tox
|-unboost|p1a: Kyurem|spa|2
|move|p2a: Porygon2|Tri Attack|p1a: Kyurem
|-damage|p1a: Kyurem|57/100
|-status|p1a: Kyurem|brn
|
|-damage|p2a: Porygon2|27/100 tox|[from] psn
|-damage|p1a: Kyurem|50/100 brn|[from] brn
|upkeep
|turn|17
|
|t:|1779583697
|move|p1a: Kyurem|Draco Meteor|p2a: Porygon2
|-damage|p2a: Porygon2|6/100 tox
|-unboost|p1a: Kyurem|spa|2
|move|p2a: Porygon2|Recover|p2a: Porygon2
|-heal|p2a: Porygon2|57/100 tox
|
|-damage|p2a: Porygon2|38/100 tox|[from] psn
|-damage|p1a: Kyurem|44/100 brn|[from] brn
|upkeep
|turn|18
|
|t:|1779583700
|move|p1a: Kyurem|Draco Meteor|p2a: Porygon2
|-damage|p2a: Porygon2|24/100 tox
|-unboost|p1a: Kyurem|spa|2
|move|p2a: Porygon2|Ice Beam|p1a: Kyurem
|-supereffective|p1a: Kyurem
|-damage|p1a: Kyurem|0 fnt
|faint|p1a: Kyurem
|
|-damage|p2a: Porygon2|0 fnt|[from] psn
|faint|p2a: Porygon2
|
|win|alter6x
|raw|alter6x's rating: 1296 &rarr; <strong>1322</strong><br />(+26 for winning)
|raw|CHixxxxx122's rating: 1303 &rarr; <strong>1283</strong><br />(-20 for losing)
|l|☆alter6x
|player|p1|
|l|☆CHixxxxx122
|player|p2|
