|j|☆marcus goobrelius
|j|☆PokeAbl05241603t6i
|t:|1779653034
|gametype|singles
|player|p1|marcus goobrelius|flint|1000
|player|p2|PokeAbl05241603t6i|102|1000
|gen|9
|tier|[Gen 9] OU
|rated|
|rule|HP Percentage Mod: HP is shown in percentages
|rule|Endless Battle Clause: Forcing endless battles is banned
|rule|Species Clause: Limit one of each Pokémon
|rule|OHKO Clause: OHKO moves are banned
|rule|Evasion Items Clause: Evasion items are banned
|rule|Evasion Moves Clause: Evasion moves are banned
|rule|Evasion Abilities Clause: Evasion abilities are banned
|rule|Sleep Moves Clause: Sleep-inducing moves are banned
|clearpoke
|poke|p1|Iron Boulder|
|poke|p1|Gengar, F|
|poke|p1|Samurott-Hisui, M|
|poke|p1|Ninetales-Alola, M|
|poke|p1|Rillaboom, M|
|poke|p1|Hatterene, F|
|poke|p2|Glimmora, F|
|poke|p2|Great Tusk|
|poke|p2|Gholdengo|
|poke|p2|Dragapult, F|
|poke|p2|Primarina, M|
|poke|p2|Kingambit, M|
|teampreview
|inactive|Battle timer is ON: inactive players will automatically lose when time's up. (requested by PokeAbl05241603t6i)
|
|t:|1779653042
|teamsize|p1|6
|teamsize|p2|6
|start
|switch|p1a: Dark Horse|Samurott-Hisui, M|100/100
|switch|p2a: Glimmora|Glimmora, F|100/100
|turn|1
|
|t:|1779653053
|move|p2a: Glimmora|Power Gem|p1a: Dark Horse
|-damage|p1a: Dark Horse|39/100
|move|p1a: Dark Horse|Ceaseless Edge|p2a: Glimmora
|-damage|p2a: Glimmora|46/100
|-activate|p2a: Glimmora|ability: Toxic Debris
|-sidestart|p1: marcus goobrelius|move: Toxic Spikes
|-sidestart|p2: PokeAbl05241603t6i|Spikes
|
|upkeep
|turn|2
|
|t:|1779653061
|move|p2a: Glimmora|Earth Power|p1a: Dark Horse
|-damage|p1a: Dark Horse|0 fnt
|faint|p1a: Dark Horse
|
|upkeep
|
|t:|1779653067
|switch|p1a: Poor Man's Ghold|Gengar, F|100/100
|-sideend|p1: marcus goobrelius|move: Toxic Spikes|[of] p1a: Poor Man's Ghold
|turn|3
|
|t:|1779653073
|move|p1a: Poor Man's Ghold|Shadow Ball|p2a: Glimmora
|-damage|p2a: Glimmora|0 fnt
|faint|p2a: Glimmora
|
|upkeep
|
|t:|1779653078
|switch|p2a: Kingambit|Kingambit, M|100/100
|-damage|p2a: Kingambit|88/100|[from] Spikes
|-activate|p2a: Kingambit|ability: Supreme Overlord
|-start|p2a: Kingambit|fallen1|[silent]
|turn|4
|
|t:|1779653092
|move|p1a: Poor Man's Ghold|Focus Blast|p2a: Kingambit|[miss]
|-miss|p1a: Poor Man's Ghold|p2a: Kingambit
|-enditem|p1a: Poor Man's Ghold|Blunder Policy
|-boost|p1a: Poor Man's Ghold|spe|2
|move|p2a: Kingambit|Iron Head|p1a: Poor Man's Ghold
|-damage|p1a: Poor Man's Ghold|5/100
|
|upkeep
|turn|5
|inactive|marcus goobrelius has 120 seconds left.
|
|t:|1779653125
|switch|p1a: Ninetales|Ninetales-Alola, M|100/100
|-weather|Snowscape|[from] ability: Snow Warning|[of] p1a: Ninetales
|move|p2a: Kingambit|Sucker Punch||[still]
|-fail|p2a: Kingambit
|
|-weather|Snowscape|[upkeep]
|upkeep
|turn|6
|
|t:|1779653132
|move|p1a: Ninetales|Encore|p2a: Kingambit
|-start|p2a: Kingambit|Encore
|move|p2a: Kingambit|Sucker Punch||[still]
|-fail|p2a: Kingambit
|
|-weather|Snowscape|[upkeep]
|upkeep
|turn|7
|
|t:|1779653137
|-end|p2a: Kingambit|fallen1|[silent]
|switch|p2a: Gholdengo|Gholdengo|100/100
|-item|p2a: Gholdengo|Air Balloon
|move|p1a: Ninetales|Aurora Veil|p1a: Ninetales
|-sidestart|p1: marcus goobrelius|move: Aurora Veil
|
|-weather|Snowscape|[upkeep]
|upkeep
|turn|8
|inactive|marcus goobrelius has 120 seconds left.
|
|t:|1779653163
|switch|p1a: Realerthanwhom|Rillaboom, M|100/100
|-fieldstart|move: Grassy Terrain|[from] ability: Grassy Surge|[of] p1a: Realerthanwhom
|move|p2a: Gholdengo|Shadow Ball|p1a: Realerthanwhom
|-damage|p1a: Realerthanwhom|71/100
|
|-weather|Snowscape|[upkeep]
|-heal|p1a: Realerthanwhom|77/100|[from] Grassy Terrain
|upkeep
|turn|9
|inactive|marcus goobrelius has 120 seconds left.
|
|t:|1779653172
|move|p2a: Gholdengo|Make It Rain|p1a: Realerthanwhom
|-damage|p1a: Realerthanwhom|33/100
|-unboost|p2a: Gholdengo|spa|1
|move|p1a: Realerthanwhom|U-turn|p2a: Gholdengo
|-resisted|p2a: Gholdengo
|-damage|p2a: Gholdengo|90/100
|-enditem|p2a: Gholdengo|Air Balloon
|inactive|marcus goobrelius has 120 seconds left.
|
|t:|1779653182
|switch|p1a: Hat trick|Hatterene, F, shiny|100/100|[from] U-turn
|-enditem|p1a: Hat trick|Grassy Seed
|-boost|p1a: Hat trick|def|1|[from] item: Grassy Seed
|
|-weather|none
|-heal|p2a: Gholdengo|96/100|[from] Grassy Terrain
|upkeep
|turn|10
|
|t:|1779653189
|move|p2a: Gholdengo|Nasty Plot|p2a: Gholdengo
|-boost|p2a: Gholdengo|spa|2
|move|p1a: Hat trick|Calm Mind|p1a: Hat trick
|-boost|p1a: Hat trick|spa|1
|-boost|p1a: Hat trick|spd|1
|
|-heal|p2a: Gholdengo|100/100|[from] Grassy Terrain
|upkeep
|turn|11
|
|t:|1779653197
|move|p2a: Gholdengo|Nasty Plot|p2a: Gholdengo
|-boost|p2a: Gholdengo|spa|2
|move|p1a: Hat trick|Agility|p1a: Hat trick
|-boost|p1a: Hat trick|spe|2
|
|upkeep
|turn|12
|
|t:|1779653213
|-terastallize|p1a: Hat trick|Steel
|move|p1a: Hat trick|Calm Mind|p1a: Hat trick
|-boost|p1a: Hat trick|spa|1
|-boost|p1a: Hat trick|spd|1
|move|p2a: Gholdengo|Shadow Ball|p1a: Hat trick
|-damage|p1a: Hat trick|73/100
|
|-heal|p1a: Hat trick|78/100|[from] Grassy Terrain
|-fieldend|move: Grassy Terrain
|upkeep
|turn|13
|
|t:|1779653222
|move|p1a: Hat trick|Calm Mind|p1a: Hat trick
|-boost|p1a: Hat trick|spa|1
|-boost|p1a: Hat trick|spd|1
|move|p2a: Gholdengo|Shadow Ball|p1a: Hat trick
|-damage|p1a: Hat trick|58/100
|
|upkeep
|turn|14
|inactive|marcus goobrelius has 120 seconds left.
|
|t:|1779653254
|move|p1a: Hat trick|Calm Mind|p1a: Hat trick
|-boost|p1a: Hat trick|spa|1
|-boost|p1a: Hat trick|spd|1
|move|p2a: Gholdengo|Shadow Ball|p1a: Hat trick
|-damage|p1a: Hat trick|39/100
|
|-sideend|p1: marcus goobrelius|move: Aurora Veil
|upkeep
|turn|15
|
|t:|1779653265
|move|p1a: Hat trick|Draining Kiss|p2a: Gholdengo
|-resisted|p2a: Gholdengo
|-damage|p2a: Gholdengo|62/100
|-heal|p1a: Hat trick|67/100|[from] drain|[of] p2a: Gholdengo
|move|p2a: Gholdengo|Shadow Ball|p1a: Hat trick
|-damage|p1a: Hat trick|32/100
|
|upkeep
|turn|16
|
|t:|1779653282
|move|p1a: Hat trick|Stored Power|p2a: Gholdengo
|-resisted|p2a: Gholdengo
|-damage|p2a: Gholdengo|0 fnt
|faint|p2a: Gholdengo
|
|upkeep
|
|t:|1779653284
|switch|p2a: Great Tusk|Great Tusk|100/100
|turn|17
|
|t:|1779653288
|move|p1a: Hat trick|Draining Kiss|p2a: Great Tusk
|-supereffective|p2a: Great Tusk
|-damage|p2a: Great Tusk|0 fnt
|-heal|p1a: Hat trick|100/100|[from] drain|[of] p2a: Great Tusk
|faint|p2a: Great Tusk
|-end|p2a: Great Tusk|Protosynthesis|[silent]
|
|upkeep
|
|t:|1779653291
|switch|p2a: Dragapult|Dragapult, F|100/100
|turn|18
|
|t:|1779653301
|move|p2a: Dragapult|U-turn|p1a: Hat trick
|-resisted|p1a: Hat trick
|-damage|p1a: Hat trick|94/100
|
|t:|1779653303
|switch|p2a: Primarina|Primarina, M|100/100|[from] U-turn
|-damage|p2a: Primarina|88/100|[from] Spikes
|move|p1a: Hat trick|Draining Kiss|p2a: Primarina
|-damage|p2a: Primarina|46/100
|-heal|p1a: Hat trick|100/100|[from] drain|[of] p2a: Primarina
|
|upkeep
|turn|19
|inactive|marcus goobrelius has 120 seconds left.
|
|t:|1779653338
|move|p1a: Hat trick|Stored Power|p2a: Primarina
|-damage|p2a: Primarina|0 fnt
|faint|p2a: Primarina
|
|upkeep
|
|t:|1779653341
|switch|p2a: Dragapult|Dragapult, F|100/100
|turn|20
|
|t:|1779653344
|-terastallize|p2a: Dragapult|Ghost
|move|p2a: Dragapult|Draco Meteor|p1a: Hat trick
|-resisted|p1a: Hat trick
|-damage|p1a: Hat trick|91/100
|-unboost|p2a: Dragapult|spa|2
|move|p1a: Hat trick|Draining Kiss|p2a: Dragapult
|-damage|p2a: Dragapult|5/100
|-heal|p1a: Hat trick|100/100|[from] drain|[of] p2a: Dragapult
|
|upkeep
|turn|21
|
|t:|1779653353
|move|p2a: Dragapult|Hex|p1a: Hat trick
|-damage|p1a: Hat trick|94/100
|move|p1a: Hat trick|Draining Kiss|p2a: Dragapult
|-damage|p2a: Dragapult|0 fnt
|-heal|p1a: Hat trick|97/100|[from] drain|[of] p2a: Dragapult
|faint|p2a: Dragapult
|
|upkeep
|
|t:|1779653356
|switch|p2a: Kingambit|Kingambit, M|88/100
|-damage|p2a: Kingambit|76/100|[from] Spikes
|-activate|p2a: Kingambit|ability: Supreme Overlord
|-start|p2a: Kingambit|fallen5|[silent]
|turn|22
|
|t:|1779653364
|move|p2a: Kingambit|Sucker Punch|p1a: Hat trick
|-damage|p1a: Hat trick|49/100
|move|p1a: Hat trick|Draining Kiss|p2a: Kingambit
|-damage|p2a: Kingambit|12/100
|-heal|p1a: Hat trick|100/100|[from] drain|[of] p2a: Kingambit
|
|upkeep
|turn|23
|
|t:|1779653370
|move|p2a: Kingambit|Sucker Punch|p1a: Hat trick
|-damage|p1a: Hat trick|52/100
|move|p1a: Hat trick|Draining Kiss|p2a: Kingambit
|-damage|p2a: Kingambit|0 fnt
|-heal|p1a: Hat trick|63/100|[from] drain|[of] p2a: Kingambit
|faint|p2a: Kingambit
|-end|p2a: Kingambit|fallen5|[silent]
|
|win|marcus goobrelius
|raw|marcus goobrelius's rating: 1000 &rarr; <strong>1040</strong><br />(+40 for winning)
|raw|PokeAbl05241603t6i's rating: 1000 &rarr; <strong>1000</strong><br />(+0 for losing)
