|j|☆fyouifyouleave
|j|☆Mrvictinifan
|t:|1779573868
|gametype|singles
|player|p1|fyouifyouleave|101|1159
|player|p2|Mrvictinifan|cynthia-gen4|1153
|gen|9
|tier|[Gen 9] OU
|rated|
|rule|HP Percentage Mod: HP is shown in percentages
|rule|Endless Battle Clause: Forcing endless battles is banned
|rule|Species Clause: Limit one of each Pokémon
|rule|OHKO Clause: OHKO moves are banned
|rule|Evasion Items Clause: Evasion items are banned
|rule|Evasion Moves Clause: Evasion moves are banned
|rule|Evasion Abilities Clause: Evasion abilities are banned
|rule|Sleep Moves Clause: Sleep-inducing moves are banned
|clearpoke
|poke|p1|Altaria, M|
|poke|p1|Empoleon, F|
|poke|p1|Golem, F|
|poke|p1|Drifblim, M|
|poke|p1|Breloom, M|
|poke|p1|Girafarig, F|
|poke|p2|Iron Valiant|
|poke|p2|Ceruledge, F|
|poke|p2|Corviknight, F|
|poke|p2|Ting-Lu|
|poke|p2|Ogerpon-Wellspring, F|
|poke|p2|Raging Bolt|
|teampreview
|inactive|Battle timer is ON: inactive players will automatically lose when time's up. (requested by fyouifyouleave)
|
|t:|1779573895
|teamsize|p1|6
|teamsize|p2|6
|start
|switch|p1a: Empoleon|Empoleon, F, shiny|100/100
|switch|p2a: Ogerpon|Ogerpon-Wellspring, F|100/100
|turn|1
|
|t:|1779573902
|switch|p2a: Raging Bolt|Raging Bolt|100/100
|-terastallize|p1a: Empoleon|Flying
|move|p1a: Empoleon|Air Slash|p2a: Raging Bolt
|-resisted|p2a: Raging Bolt
|-damage|p2a: Raging Bolt|88/100
|
|upkeep
|turn|2
|
|t:|1779573910
|switch|p1a: Golem|Golem, F, shiny|100/100
|move|p2a: Raging Bolt|Volt Switch|p1a: Golem
|-immune|p1a: Golem
|
|upkeep
|turn|3
|
|t:|1779573928
|-end|p2a: Raging Bolt|Protosynthesis|[silent]
|switch|p2a: Ogerpon|Ogerpon-Wellspring, F|100/100
|switch|p1a: Drifblim|Drifblim, M, shiny|100/100
|
|-status|p1a: Drifblim|brn|[from] item: Flame Orb
|upkeep
|turn|4
|
|t:|1779573939
|-terastallize|p2a: Ogerpon|Water
|detailschange|p2a: Ogerpon|Ogerpon-Wellspring-Tera, F, tera:Water
|-ability|p2a: Ogerpon|Embody Aspect (Wellspring)|boost
|-boost|p2a: Ogerpon|spd|1
|move|p2a: Ogerpon|Swords Dance|p2a: Ogerpon
|-boost|p2a: Ogerpon|atk|2
|move|p1a: Drifblim|Shadow Ball|p2a: Ogerpon
|-damage|p2a: Ogerpon|60/100
|-unboost|p2a: Ogerpon|spd|1
|
|-damage|p1a: Drifblim|94/100 brn|[from] brn
|upkeep
|turn|5
|inactive|fyouifyouleave has 120 seconds left.
|
|t:|1779573974
|switch|p1a: Altaria|Altaria, M, shiny|100/100
|move|p2a: Ogerpon|Ivy Cudgel|p1a: Altaria|[anim] Ivy Cudgel Water
|-resisted|p1a: Altaria
|-damage|p1a: Altaria|13/100
|
|-heal|p1a: Altaria|20/100|[from] item: Leftovers
|upkeep
|turn|6
|inactive|fyouifyouleave has 120 seconds left.
|
|t:|1779573987
|move|p2a: Ogerpon|Ivy Cudgel|p1a: Altaria|[anim] Ivy Cudgel Water
|-resisted|p1a: Altaria
|-crit|p1a: Altaria
|-damage|p1a: Altaria|0 fnt
|faint|p1a: Altaria
|
|upkeep
|inactive|fyouifyouleave has 120 seconds left.
|
|t:|1779574000
|switch|p1a: Empoleon|Empoleon, F, shiny, tera:Flying|100/100
|turn|7
|
|t:|1779574005
|move|p2a: Ogerpon|Ivy Cudgel|p1a: Empoleon|[anim] Ivy Cudgel Water
|-damage|p1a: Empoleon|0 fnt
|faint|p1a: Empoleon
|
|upkeep
|
|t:|1779574009
|switch|p1a: Golem|Golem, F, shiny|100/100
|turn|8
|
|t:|1779574013
|move|p2a: Ogerpon|Ivy Cudgel|p1a: Golem|[anim] Ivy Cudgel Water
|-supereffective|p1a: Golem
|-crit|p1a: Golem
|-ability|p1a: Golem|Sturdy
|-damage|p1a: Golem|1/100
|move|p1a: Golem|Rock Blast|p2a: Ogerpon
|-damage|p2a: Ogerpon|42/100
|-damage|p2a: Ogerpon|23/100
|-damage|p2a: Ogerpon|6/100
|-damage|p2a: Ogerpon|0 fnt
|faint|p2a: Ogerpon
|detailschange|p2: Ogerpon|Ogerpon-Wellspring, F|[silent]
|-hitcount|p2: Ogerpon|4
|
|upkeep
|
|t:|1779574027
|switch|p2a: Ceruledge|Ceruledge, F|100/100
|turn|9
|-enditem|p1a: Golem|Custap Berry|[eat]
|-activate|p1a: Golem|item: Custap Berry|[consumed]
|
|t:|1779574030
|move|p2a: Ceruledge|Shadow Sneak|p1a: Golem
|-damage|p1a: Golem|0 fnt
|faint|p1a: Golem
|-damage|p2a: Ceruledge|91/100|[from] item: Life Orb
|
|upkeep
|
|t:|1779574036
|switch|p1a: Breloom|Breloom, M, shiny|100/100
|turn|10
|
|t:|1779574041
|move|p2a: Ceruledge|Bitter Blade|p1a: Breloom
|-supereffective|p1a: Breloom
|-damage|p1a: Breloom|0 fnt
|-heal|p2a: Ceruledge|100/100|[from] drain|[of] p1a: Breloom
|faint|p1a: Breloom
|-damage|p2a: Ceruledge|91/100|[from] item: Life Orb
|
|upkeep
|
|t:|1779574051
|switch|p1a: Girafarig|Girafarig, F, shiny|100/100
|turn|11
|
|t:|1779574058
|switch|p2a: Ting-Lu|Ting-Lu|100/100
|-ability|p2a: Ting-Lu|Vessel of Ruin
|move|p1a: Girafarig|Calm Mind|p1a: Girafarig
|-boost|p1a: Girafarig|spa|1
|-boost|p1a: Girafarig|spd|1
|
|upkeep
|turn|12
|
|t:|1779574064
|move|p1a: Girafarig|Calm Mind|p1a: Girafarig
|-boost|p1a: Girafarig|spa|1
|-boost|p1a: Girafarig|spd|1
|move|p2a: Ting-Lu|Stealth Rock|p1a: Girafarig
|-sidestart|p1: fyouifyouleave|move: Stealth Rock
|
|upkeep
|turn|13
|
|t:|1779574071
|move|p1a: Girafarig|Hyper Voice|p2a: Ting-Lu
|-damage|p2a: Ting-Lu|66/100
|move|p2a: Ting-Lu|Whirlwind|p1a: Girafarig
|drag|p1a: Drifblim|Drifblim, M, shiny|94/100 brn
|-damage|p1a: Drifblim|69/100 brn|[from] Stealth Rock
|
|-heal|p2a: Ting-Lu|72/100|[from] item: Leftovers
|-damage|p1a: Drifblim|63/100 brn|[from] brn
|upkeep
|turn|14
|
|t:|1779574080
|move|p1a: Drifblim|Air Slash|p2a: Ting-Lu
|-damage|p2a: Ting-Lu|52/100
|move|p2a: Ting-Lu|Whirlwind|p1a: Drifblim
|drag|p1a: Girafarig|Girafarig, F, shiny|100/100
|-damage|p1a: Girafarig|88/100|[from] Stealth Rock
|
|-heal|p2a: Ting-Lu|58/100|[from] item: Leftovers
|upkeep
|turn|15
|
|t:|1779574083
|move|p1a: Girafarig|Hyper Voice|p2a: Ting-Lu
|-damage|p2a: Ting-Lu|43/100
|move|p2a: Ting-Lu|Whirlwind|p1a: Girafarig
|drag|p1a: Drifblim|Drifblim, M, shiny|63/100 brn
|-damage|p1a: Drifblim|38/100 brn|[from] Stealth Rock
|
|-heal|p2a: Ting-Lu|49/100|[from] item: Leftovers
|-damage|p1a: Drifblim|32/100 brn|[from] brn
|upkeep
|turn|16
|
|t:|1779574088
|move|p1a: Drifblim|Air Slash|p2a: Ting-Lu
|-damage|p2a: Ting-Lu|29/100
|cant|p2a: Ting-Lu|flinch
|
|-heal|p2a: Ting-Lu|36/100|[from] item: Leftovers
|-damage|p1a: Drifblim|26/100 brn|[from] brn
|upkeep
|turn|17
|
|t:|1779574092
|move|p1a: Drifblim|Air Slash|p2a: Ting-Lu
|-damage|p2a: Ting-Lu|17/100
|move|p2a: Ting-Lu|Whirlwind|p1a: Drifblim
|drag|p1a: Girafarig|Girafarig, F, shiny|88/100
|-damage|p1a: Girafarig|75/100|[from] Stealth Rock
|
|-heal|p2a: Ting-Lu|23/100|[from] item: Leftovers
|upkeep
|turn|18
|
|t:|1779574096
|move|p1a: Girafarig|Hyper Voice|p2a: Ting-Lu
|-damage|p2a: Ting-Lu|6/100
|move|p2a: Ting-Lu|Whirlwind|p1a: Girafarig
|drag|p1a: Drifblim|Drifblim, M, shiny|26/100 brn
|-damage|p1a: Drifblim|1/100 brn|[from] Stealth Rock
|
|-heal|p2a: Ting-Lu|12/100|[from] item: Leftovers
|-damage|p1a: Drifblim|0 fnt|[from] brn
|faint|p1a: Drifblim
|upkeep
|
|t:|1779574098
|switch|p1a: Girafarig|Girafarig, F, shiny|75/100
|-damage|p1a: Girafarig|63/100|[from] Stealth Rock
|turn|19
|
|t:|1779574105
|move|p1a: Girafarig|Hyper Voice|p2a: Ting-Lu
|-damage|p2a: Ting-Lu|0 fnt
|faint|p2a: Ting-Lu
|
|upkeep
|
|t:|1779574111
|switch|p2a: Corviknight|Corviknight, F|100/100
|-ability|p2a: Corviknight|Pressure
|turn|20
|
|t:|1779574116
|move|p1a: Girafarig|Calm Mind|p1a: Girafarig
|-boost|p1a: Girafarig|spa|1
|-boost|p1a: Girafarig|spd|1
|move|p2a: Corviknight|U-turn|p1a: Girafarig
|-supereffective|p1a: Girafarig
|-damage|p1a: Girafarig|30/100
|
|t:|1779574120
|switch|p2a: Ceruledge|Ceruledge, F|91/100|[from] U-turn
|
|upkeep
|turn|21
|
|t:|1779574123
|move|p2a: Ceruledge|Bitter Blade|p1a: Girafarig
|-damage|p1a: Girafarig|0 fnt
|-heal|p2a: Ceruledge|100/100|[from] drain|[of] p1a: Girafarig
|faint|p1a: Girafarig
|-damage|p2a: Ceruledge|91/100|[from] item: Life Orb
|
|win|Mrvictinifan
|raw|fyouifyouleave's rating: 1159 &rarr; <strong>1134</strong><br />(-25 for losing)
|raw|Mrvictinifan's rating: 1153 &rarr; <strong>1178</strong><br />(+25 for winning)
|l|☆fyouifyouleave
|player|p1|
|l|☆Mrvictinifan
|player|p2|
