|j|☆RobustLoki
|j|☆monday2026
|t:|1779686732
|gametype|singles
|player|p1|RobustLoki|lance|1606
|player|p2|monday2026|2|1627
|gen|9
|tier|[Gen 9] OU
|rated|
|rule|HP Percentage Mod: HP is shown in percentages
|rule|Endless Battle Clause: Forcing endless battles is banned
|rule|Species Clause: Limit one of each Pokémon
|rule|OHKO Clause: OHKO moves are banned
|rule|Evasion Items Clause: Evasion items are banned
|rule|Evasion Moves Clause: Evasion moves are banned
|rule|Evasion Abilities Clause: Evasion abilities are banned
|rule|Sleep Moves Clause: Sleep-inducing moves are banned
|clearpoke
|poke|p1|Ninetales-Alola, M|
|poke|p1|Ceruledge, M|
|poke|p1|Gliscor, M|
|poke|p1|Hatterene, F|
|poke|p1|Farigiraf, M|
|poke|p1|Ditto|
|poke|p2|Hoopa-Unbound|
|poke|p2|Regidrago|
|poke|p2|Ditto|
|poke|p2|Dondozo, M|
|poke|p2|Tyranitar, F|
|poke|p2|Iron Hands|
|teampreview
|inactive|Battle timer is ON: inactive players will automatically lose when time's up. (requested by RobustLoki)
|
|t:|1779686752
|teamsize|p1|6
|teamsize|p2|6
|start
|switch|p1a: Ninetales|Ninetales-Alola, M|100/100
|switch|p2a: Hoopa|Hoopa-Unbound|100/100
|-weather|Snowscape|[from] ability: Snow Warning|[of] p1a: Ninetales
|turn|1
|
|t:|1779686761
|move|p1a: Ninetales|Snowscape||[still]
|-fail|p1a: Ninetales
|move|p2a: Hoopa|Gunk Shot|p1a: Ninetales|[miss]
|-miss|p2a: Hoopa|p1a: Ninetales
|
|-weather|Snowscape|[upkeep]
|upkeep
|turn|2
|
|t:|1779686765
|move|p1a: Ninetales|Aurora Veil|p1a: Ninetales
|-sidestart|p1: RobustLoki|move: Aurora Veil
|move|p2a: Hoopa|Gunk Shot|p1a: Ninetales
|-supereffective|p1a: Ninetales
|-damage|p1a: Ninetales|66/100
|-status|p1a: Ninetales|psn
|
|-weather|Snowscape|[upkeep]
|-damage|p1a: Ninetales|53/100 psn|[from] psn
|upkeep
|turn|3
|
|t:|1779686772
|move|p1a: Ninetales|Encore|p2a: Hoopa
|-start|p2a: Hoopa|Encore
|move|p2a: Hoopa|Gunk Shot|p1a: Ninetales
|-supereffective|p1a: Ninetales
|-damage|p1a: Ninetales|20/100 psn
|
|-weather|Snowscape|[upkeep]
|-damage|p1a: Ninetales|7/100 psn|[from] psn
|upkeep
|turn|4
|
|t:|1779686787
|switch|p1a: Gliscor|Gliscor, M|100/100
|move|p2a: Hoopa|Gunk Shot|p1a: Gliscor
|-resisted|p1a: Gliscor
|-damage|p1a: Gliscor|92/100
|-status|p1a: Gliscor|psn
|
|-weather|Snowscape|[upkeep]
|-heal|p1a: Gliscor|100/100 psn|[from] ability: Poison Heal
|upkeep
|turn|5
|
|t:|1779686798
|switch|p1a: Idle Death Gamble|Farigiraf, M|100/100
|switch|p2a: Dondozo|Dondozo, M|100/100
|
|-weather|none
|upkeep
|turn|6
|
|t:|1779686806
|switch|p2a: Tyranitar|Tyranitar, F|100/100
|-weather|Sandstorm|[from] ability: Sand Stream|[of] p2a: Tyranitar
|move|p1a: Idle Death Gamble|Agility|p1a: Idle Death Gamble
|-boost|p1a: Idle Death Gamble|spe|2
|
|-weather|Sandstorm|[upkeep]
|-damage|p1a: Idle Death Gamble|94/100|[from] Sandstorm
|upkeep
|turn|7
|
|t:|1779686812
|move|p1a: Idle Death Gamble|Nasty Plot|p1a: Idle Death Gamble
|-boost|p1a: Idle Death Gamble|spa|2
|move|p2a: Tyranitar|Knock Off|p1a: Idle Death Gamble
|-supereffective|p1a: Idle Death Gamble
|-damage|p1a: Idle Death Gamble|29/100
|-enditem|p1a: Idle Death Gamble|Weakness Policy
|-boost|p1a: Idle Death Gamble|atk|2|[from] item: Weakness Policy
|-boost|p1a: Idle Death Gamble|spa|2|[from] item: Weakness Policy
|
|-weather|Sandstorm|[upkeep]
|-damage|p1a: Idle Death Gamble|23/100|[from] Sandstorm
|upkeep
|turn|8
|
|t:|1779686823
|move|p1a: Idle Death Gamble|Dazzling Gleam|p2a: Tyranitar
|-supereffective|p2a: Tyranitar
|-damage|p2a: Tyranitar|39/100
|move|p2a: Tyranitar|Knock Off|p1a: Idle Death Gamble
|-supereffective|p1a: Idle Death Gamble
|-damage|p1a: Idle Death Gamble|0 fnt
|faint|p1a: Idle Death Gamble
|
|-weather|Sandstorm|[upkeep]
|upkeep
|
|t:|1779686837
|switch|p1a: Gliscor|Gliscor, M|100/100 psn
|turn|9
|
|t:|1779686841
|-terastallize|p1a: Gliscor|Normal
|move|p1a: Gliscor|Facade|p2a: Tyranitar
|-resisted|p2a: Tyranitar
|-damage|p2a: Tyranitar|16/100
|move|p2a: Tyranitar|Ice Punch|p1a: Gliscor
|-damage|p1a: Gliscor|89/100 psn
|
|-weather|Sandstorm|[upkeep]
|-damage|p1a: Gliscor|82/100 psn|[from] Sandstorm
|-heal|p1a: Gliscor|95/100 psn|[from] ability: Poison Heal
|-sideend|p1: RobustLoki|move: Aurora Veil
|upkeep
|turn|10
|
|t:|1779686849
|move|p1a: Gliscor|Facade|p2a: Tyranitar
|-resisted|p2a: Tyranitar
|-damage|p2a: Tyranitar|0 fnt
|faint|p2a: Tyranitar
|
|-weather|none
|-heal|p1a: Gliscor|100/100 psn|[from] ability: Poison Heal
|upkeep
|
|t:|1779686867
|switch|p2a: Dondozo|Dondozo, M|100/100
|turn|11
|
|t:|1779686872
|move|p1a: Gliscor|Facade|p2a: Dondozo
|-crit|p2a: Dondozo
|-damage|p2a: Dondozo|51/100
|move|p2a: Dondozo|Wave Crash|p1a: Gliscor
|-damage|p1a: Gliscor|32/100 psn
|-damage|p2a: Dondozo|35/100|[from] Recoil
|
|-heal|p1a: Gliscor|45/100 psn|[from] ability: Poison Heal
|upkeep
|turn|12
|
|t:|1779686878
|move|p1a: Gliscor|Facade|p2a: Dondozo
|-damage|p2a: Dondozo|3/100
|move|p2a: Dondozo|Wave Crash|p1a: Gliscor
|-damage|p1a: Gliscor|0 fnt
|faint|p1a: Gliscor
|-damage|p2a: Dondozo|0 fnt|[from] Recoil
|faint|p2a: Dondozo
|
|upkeep
|
|t:|1779686894
|switch|p1a: Ditto|Ditto|100/100
|switch|p2a: Hoopa|Hoopa-Unbound|100/100
|-transform|p1a: Ditto|p2a: Hoopa|[from] ability: Imposter
|turn|13
|
|t:|1779686912
|-terastallize|p2a: Hoopa|Fighting
|move|p1a: Ditto|Knock Off|p2a: Hoopa
|-resisted|p2a: Hoopa
|-damage|p2a: Hoopa|57/100
|-enditem|p2a: Hoopa|Assault Vest|[from] move: Knock Off|[of] p1a: Ditto
|move|p2a: Hoopa|Knock Off|p1a: Ditto
|-damage|p1a: Ditto|8/100
|-enditem|p1a: Ditto|Mirror Herb|[from] move: Knock Off|[of] p2a: Hoopa
|
|upkeep
|turn|14
|inactive|monday2026 has 120 seconds left.
|
|t:|1779686933
|move|p2a: Hoopa|Knock Off|p1a: Ditto
|-damage|p1a: Ditto|0 fnt
|faint|p1a: Ditto
|
|upkeep
|
|t:|1779686936
|switch|p1a: Ninetales|Ninetales-Alola, M|7/100 psn
|-weather|Snowscape|[from] ability: Snow Warning|[of] p1a: Ninetales
|turn|15
|
|t:|1779686938
|move|p1a: Ninetales|Aurora Veil|p1a: Ninetales
|-sidestart|p1: RobustLoki|move: Aurora Veil
|move|p2a: Hoopa|Knock Off|p1a: Ninetales
|-resisted|p1a: Ninetales
|-damage|p1a: Ninetales|0 fnt
|-enditem|p1a: Ninetales|Light Clay|[from] move: Knock Off|[of] p2a: Hoopa
|faint|p1a: Ninetales
|
|-weather|Snowscape|[upkeep]
|upkeep
|
|t:|1779686944
|switch|p1a: Hatterene|Hatterene, F|100/100
|turn|16
|
|t:|1779686949
|move|p2a: Hoopa|Gunk Shot|p1a: Hatterene
|-supereffective|p1a: Hatterene
|-damage|p1a: Hatterene|64/100
|-item|p2a: Hoopa|Leftovers|[from] ability: Magician|[of] p1a: Hatterene
|move|p1a: Hatterene|Psyshock|p2a: Hoopa
|-supereffective|p2a: Hoopa
|-damage|p2a: Hoopa|0 fnt
|faint|p2a: Hoopa
|
|-weather|Snowscape|[upkeep]
|upkeep
|
|t:|1779686968
|switch|p2a: Ditto|Ditto|100/100
|-transform|p2a: Ditto|p1a: Hatterene|[from] ability: Imposter
|turn|17
|
|t:|1779686981
|move|p2a: Ditto|Draining Kiss|p1a: Hatterene
|-damage|p1a: Hatterene|52/100
|move|p1a: Hatterene|Nuzzle|p2a: Ditto
|-damage|p2a: Ditto|97/100
|-status|p2a: Ditto|par
|
|-weather|Snowscape|[upkeep]
|upkeep
|turn|18
|
|t:|1779686985
|move|p1a: Hatterene|Calm Mind|p1a: Hatterene
|-boost|p1a: Hatterene|spa|1
|-boost|p1a: Hatterene|spd|1
|cant|p2a: Ditto|par
|
|-weather|Snowscape|[upkeep]
|upkeep
|turn|19
|
|t:|1779686989
|move|p1a: Hatterene|Calm Mind|p1a: Hatterene
|-boost|p1a: Hatterene|spa|1
|-boost|p1a: Hatterene|spd|1
|move|p2a: Ditto|Draining Kiss|p1a: Hatterene
|-damage|p1a: Hatterene|45/100
|-heal|p2a: Ditto|100/100 par|[from] drain|[of] p1a: Hatterene
|
|-weather|none
|upkeep
|turn|20
|
|t:|1779686996
|move|p1a: Hatterene|Calm Mind|p1a: Hatterene
|-boost|p1a: Hatterene|spa|1
|-boost|p1a: Hatterene|spd|1
|move|p2a: Ditto|Draining Kiss|p1a: Hatterene
|-damage|p1a: Hatterene|41/100
|
|upkeep
|turn|21
|
|t:|1779687003
|switch|p2a: Iron Hands|Iron Hands|100/100
|-enditem|p2a: Iron Hands|Booster Energy
|-activate|p2a: Iron Hands|ability: Quark Drive|[fromitem]
|-start|p2a: Iron Hands|quarkdriveatk
|move|p1a: Hatterene|Calm Mind|p1a: Hatterene
|-boost|p1a: Hatterene|spa|1
|-boost|p1a: Hatterene|spd|1
|
|upkeep
|turn|22
|
|t:|1779687006
|move|p2a: Iron Hands|Heavy Slam|p1a: Hatterene
|-supereffective|p1a: Hatterene
|-damage|p1a: Hatterene|0 fnt
|faint|p1a: Hatterene
|
|-sideend|p1: RobustLoki|move: Aurora Veil
|upkeep
|
|t:|1779687009
|switch|p1a: Ceruledge|Ceruledge, M|100/100
|turn|23
|
|t:|1779687012
|move|p1a: Ceruledge|Bulk Up|p1a: Ceruledge
|-boost|p1a: Ceruledge|atk|1
|-boost|p1a: Ceruledge|def|1
|move|p2a: Iron Hands|Supercell Slam|p1a: Ceruledge|[miss]
|-miss|p2a: Iron Hands|p1a: Ceruledge
|-damage|p2a: Iron Hands|51/100|[from] supercellslam
|
|upkeep
|turn|24
|
|t:|1779687016
|move|p1a: Ceruledge|Bulk Up|p1a: Ceruledge
|-boost|p1a: Ceruledge|atk|1
|-boost|p1a: Ceruledge|def|1
|move|p2a: Iron Hands|Supercell Slam|p1a: Ceruledge
|-damage|p1a: Ceruledge|57/100
|
|upkeep
|turn|25
|
|t:|1779687025
|move|p1a: Ceruledge|Bulk Up|p1a: Ceruledge
|-boost|p1a: Ceruledge|atk|1
|-boost|p1a: Ceruledge|def|1
|move|p2a: Iron Hands|Supercell Slam|p1a: Ceruledge
|-damage|p1a: Ceruledge|22/100
|
|upkeep
|turn|26
|
|t:|1779687029
|move|p1a: Ceruledge|Bitter Blade|p2a: Iron Hands
|-damage|p2a: Iron Hands|0 fnt
|-heal|p1a: Ceruledge|56/100|[from] drain|[of] p2a: Iron Hands
|faint|p2a: Iron Hands
|-end|p2a: Iron Hands|Quark Drive|[silent]
|
|upkeep
|
|t:|1779687031
|switch|p2a: Ditto|Ditto|100/100 par
|-transform|p2a: Ditto|p1a: Ceruledge|[from] ability: Imposter
|turn|27
|
|t:|1779687035
|move|p1a: Ceruledge|Shadow Sneak|p2a: Ditto
|-supereffective|p2a: Ditto
|-damage|p2a: Ditto|54/100 par
|move|p2a: Ditto|Shadow Sneak|p1a: Ceruledge
|-supereffective|p1a: Ceruledge
|-damage|p1a: Ceruledge|17/100
|
|upkeep
|turn|28
|
|t:|1779687040
|move|p1a: Ceruledge|Shadow Sneak|p2a: Ditto
|-supereffective|p2a: Ditto
|-damage|p2a: Ditto|10/100 par
|move|p2a: Ditto|Shadow Sneak|p1a: Ceruledge
|-supereffective|p1a: Ceruledge
|-damage|p1a: Ceruledge|0 fnt
|faint|p1a: Ceruledge
|
|win|monday2026
|raw|RobustLoki's rating: 1606 &rarr; <strong>1587</strong><br />(-19 for losing)
|raw|monday2026's rating: 1627 &rarr; <strong>1646</strong><br />(+19 for winning)
|l|☆monday2026
|player|p2|
|c|☆RobustLoki|gg
|l|☆RobustLoki
|player|p1|
