|j|‽lowest rating
|j|☆FRZL.4
|t:|1779683055
|gametype|singles
|player|p1|lowest rating|palmer|1110
|player|p2|FRZL.4|101|1065
|gen|9
|tier|[Gen 9] OU
|rated|
|rule|HP Percentage Mod: HP is shown in percentages
|rule|Endless Battle Clause: Forcing endless battles is banned
|rule|Species Clause: Limit one of each Pokémon
|rule|OHKO Clause: OHKO moves are banned
|rule|Evasion Items Clause: Evasion items are banned
|rule|Evasion Moves Clause: Evasion moves are banned
|rule|Evasion Abilities Clause: Evasion abilities are banned
|rule|Sleep Moves Clause: Sleep-inducing moves are banned
|clearpoke
|poke|p1|Excadrill, M|
|poke|p1|Pelipper, M|
|poke|p1|Basculegion, M|
|poke|p1|Torkoal, M|
|poke|p1|Venusaur, F|
|poke|p1|Tyranitar, M|
|poke|p2|Swampert, M|
|poke|p2|Corviknight, M|
|poke|p2|Infernape, M|
|poke|p2|Kingambit, M|
|poke|p2|Slowking-Galar, M|
|poke|p2|Greninja-*, M|
|teampreview
|inactive|Battle timer is ON: inactive players will automatically lose when time's up. (requested by lowest rating)
|
|t:|1779683066
|teamsize|p1|6
|teamsize|p2|6
|start
|switch|p1a: Tyranitar|Tyranitar, M|100/100
|switch|p2a: Swampert|Swampert, M|100/100
|-weather|Sandstorm|[from] ability: Sand Stream|[of] p1a: Tyranitar
|turn|1
|
|t:|1779683078
|switch|p1a: Torkoal|Torkoal, M|100/100
|-weather|SunnyDay|[from] ability: Drought|[of] p1a: Torkoal
|move|p2a: Swampert|Earthquake|p1a: Torkoal
|-supereffective|p1a: Torkoal
|-damage|p1a: Torkoal|59/100
|
|-weather|SunnyDay|[upkeep]
|upkeep
|turn|2
|
|t:|1779683090
|move|p2a: Swampert|Earthquake|p1a: Torkoal
|-supereffective|p1a: Torkoal
|-damage|p1a: Torkoal|15/100
|move|p1a: Torkoal|Stealth Rock|p2a: Swampert
|-sidestart|p2: FRZL.4|move: Stealth Rock
|
|-weather|SunnyDay|[upkeep]
|upkeep
|turn|3
|
|t:|1779683096
|move|p2a: Swampert|Flip Turn|p1a: Torkoal
|-supereffective|p1a: Torkoal
|-damage|p1a: Torkoal|2/100
|
|t:|1779683100
|switch|p2a: Corviknight|Corviknight, M, shiny|100/100|[from] Flip Turn
|-damage|p2a: Corviknight|88/100|[from] Stealth Rock
|-ability|p2a: Corviknight|Pressure
|move|p1a: Torkoal|Will-O-Wisp|p2a: Corviknight
|-status|p2a: Corviknight|brn
|
|-weather|SunnyDay|[upkeep]
|-heal|p2a: Corviknight|94/100 brn|[from] item: Leftovers
|-damage|p2a: Corviknight|88/100 brn|[from] brn
|upkeep
|turn|4
|
|t:|1779683117
|switch|p1a: Pelipper|Pelipper, M|100/100
|-weather|RainDance|[from] ability: Drizzle|[of] p1a: Pelipper
|move|p2a: Corviknight|Brave Bird|p1a: Pelipper
|-damage|p1a: Pelipper|87/100
|-damage|p2a: Corviknight|84/100 brn|[from] Recoil
|
|-weather|RainDance|[upkeep]
|-heal|p2a: Corviknight|90/100 brn|[from] item: Leftovers
|-damage|p2a: Corviknight|84/100 brn|[from] brn
|upkeep
|turn|5
|
|t:|1779683129
|move|p2a: Corviknight|Defog|p1a: Pelipper
|-unboost|p1a: Pelipper|evasion|1
|-sideend|p2: FRZL.4|Stealth Rock|[from] move: Defog|[of] p2a: Corviknight
|move|p1a: Pelipper|Weather Ball|p2a: Corviknight
|-damage|p2a: Corviknight|40/100 brn
|
|-weather|RainDance|[upkeep]
|-heal|p2a: Corviknight|47/100 brn|[from] item: Leftovers
|-damage|p2a: Corviknight|40/100 brn|[from] brn
|upkeep
|turn|6
|
|t:|1779683151
|move|p2a: Corviknight|Roost|p2a: Corviknight
|-heal|p2a: Corviknight|90/100 brn
|-singleturn|p2a: Corviknight|move: Roost
|move|p1a: Pelipper|U-turn|p2a: Corviknight
|-resisted|p2a: Corviknight
|-damage|p2a: Corviknight|87/100 brn
|
|t:|1779683162
|switch|p1a: Torkoal|Torkoal, M|2/100|[from] U-turn
|-weather|SunnyDay|[from] ability: Drought|[of] p1a: Torkoal
|
|-weather|SunnyDay|[upkeep]
|-heal|p2a: Corviknight|94/100 brn|[from] item: Leftovers
|-damage|p2a: Corviknight|87/100 brn|[from] brn
|upkeep
|turn|7
|
|t:|1779683170
|move|p2a: Corviknight|Brave Bird|p1a: Torkoal
|-damage|p1a: Torkoal|0 fnt
|faint|p1a: Torkoal
|-damage|p2a: Corviknight|87/100 brn|[from] Recoil
|
|-weather|SunnyDay|[upkeep]
|-heal|p2a: Corviknight|93/100 brn|[from] item: Leftovers
|-damage|p2a: Corviknight|87/100 brn|[from] brn
|upkeep
|
|t:|1779683172
|switch|p1a: Venusaur|Venusaur, F|100/100
|turn|8
|
|t:|1779683181
|move|p1a: Venusaur|Growth|p1a: Venusaur
|-boost|p1a: Venusaur|atk|2
|-boost|p1a: Venusaur|spa|2
|move|p2a: Corviknight|Brave Bird|p1a: Venusaur
|-supereffective|p1a: Venusaur
|-damage|p1a: Venusaur|55/100
|-damage|p2a: Corviknight|75/100 brn|[from] Recoil
|
|-weather|SunnyDay|[upkeep]
|-heal|p1a: Venusaur|61/100|[from] item: Leftovers
|-heal|p2a: Corviknight|82/100 brn|[from] item: Leftovers
|-damage|p2a: Corviknight|75/100 brn|[from] brn
|upkeep
|turn|9
|
|t:|1779683191
|move|p1a: Venusaur|Weather Ball|p2a: Corviknight
|-supereffective|p2a: Corviknight
|-damage|p2a: Corviknight|0 fnt
|faint|p2a: Corviknight
|
|-weather|SunnyDay|[upkeep]
|-heal|p1a: Venusaur|67/100|[from] item: Leftovers
|upkeep
|
|t:|1779683199
|switch|p2a: Infernape|Infernape, M|100/100
|turn|10
|
|t:|1779683203
|move|p1a: Venusaur|Sludge Bomb|p2a: Infernape
|-damage|p2a: Infernape|0 fnt
|faint|p2a: Infernape
|
|-weather|SunnyDay|[upkeep]
|-heal|p1a: Venusaur|73/100|[from] item: Leftovers
|upkeep
|
|t:|1779683210
|switch|p2a: Swampert|Swampert, M|100/100
|turn|11
|
|t:|1779683216
|move|p1a: Venusaur|Solar Beam||[still]
|-prepare|p1a: Venusaur|Solar Beam
|-anim|p1a: Venusaur|Solar Beam|p2a: Swampert
|-supereffective|p2a: Swampert
|-damage|p2a: Swampert|0 fnt
|faint|p2a: Swampert
|
|-weather|SunnyDay|[upkeep]
|-heal|p1a: Venusaur|79/100|[from] item: Leftovers
|upkeep
|
|t:|1779683224
|switch|p2a: Greninja|Greninja, M, shiny|100/100
|turn|12
|
|t:|1779683227
|move|p1a: Venusaur|Solar Beam||[still]
|-prepare|p1a: Venusaur|Solar Beam
|-anim|p1a: Venusaur|Solar Beam|p2a: Greninja
|-supereffective|p2a: Greninja
|-damage|p2a: Greninja|0 fnt
|faint|p2a: Greninja
|
|-weather|SunnyDay|[upkeep]
|-heal|p1a: Venusaur|85/100|[from] item: Leftovers
|upkeep
|
|t:|1779683236
|switch|p2a: Slowking|Slowking-Galar, M|100/100
|turn|13
|
|t:|1779683240
|move|p1a: Venusaur|Weather Ball|p2a: Slowking
|-damage|p2a: Slowking|64/100
|move|p2a: Slowking|Ice Beam|p1a: Venusaur
|-supereffective|p1a: Venusaur
|-damage|p1a: Venusaur|32/100
|
|-weather|none
|-heal|p1a: Venusaur|38/100|[from] item: Leftovers
|upkeep
|turn|14
|
|t:|1779683249
|move|p1a: Venusaur|Weather Ball|p2a: Slowking
|-damage|p2a: Slowking|51/100
|move|p2a: Slowking|Ice Beam|p1a: Venusaur
|-supereffective|p1a: Venusaur
|-damage|p1a: Venusaur|0 fnt
|faint|p1a: Venusaur
|
|upkeep
|
|t:|1779683255
|switch|p1a: Pelipper|Pelipper, M|87/100
|-weather|RainDance|[from] ability: Drizzle|[of] p1a: Pelipper
|turn|15
|
|t:|1779683262
|move|p1a: Pelipper|U-turn|p2a: Slowking
|-damage|p2a: Slowking|42/100
|
|t:|1779683264
|switch|p1a: Basculegion|Basculegion, M|100/100|[from] U-turn
|move|p2a: Slowking|Sludge Bomb|p1a: Basculegion
|-resisted|p1a: Basculegion
|-damage|p1a: Basculegion|83/100
|
|-weather|RainDance|[upkeep]
|upkeep
|turn|16
|
|t:|1779683273
|switch|p2a: Kingambit|Kingambit, M|100/100
|-activate|p2a: Kingambit|ability: Supreme Overlord
|-start|p2a: Kingambit|fallen4|[silent]
|-terastallize|p1a: Basculegion|Water
|move|p1a: Basculegion|Wave Crash|p2a: Kingambit
|-damage|p2a: Kingambit|0 fnt
|faint|p2a: Kingambit
|-end|p2a: Kingambit|fallen4|[silent]
|-damage|p1a: Basculegion|48/100|[from] Recoil
|
|-weather|RainDance|[upkeep]
|upkeep
|
|t:|1779683284
|switch|p2a: Slowking|Slowking-Galar, M|76/100
|turn|17
|
|t:|1779683289
|move|p1a: Basculegion|Wave Crash|p2a: Slowking
|-damage|p2a: Slowking|0 fnt
|faint|p2a: Slowking
|-damage|p1a: Basculegion|23/100|[from] Recoil
|
|win|lowest rating
|raw|lowest rating's rating: 1110 &rarr; <strong>1132</strong><br />(+22 for winning)
|raw|FRZL.4's rating: 1065 &rarr; <strong>1048</strong><br />(-17 for losing)
|l|‽lowest rating
|player|p1|
|l|☆FRZL.4
|player|p2|
