|j|☆Winston'sDad
|j|☆jonnythocolin
|t:|1779595992
|gametype|singles
|player|p1|Winston'sDad|unknownf|1311
|player|p2|jonnythocolin|li|1260
|gen|9
|tier|[Gen 9] OU
|rated|
|rule|HP Percentage Mod: HP is shown in percentages
|rule|Endless Battle Clause: Forcing endless battles is banned
|rule|Species Clause: Limit one of each Pokémon
|rule|OHKO Clause: OHKO moves are banned
|rule|Evasion Items Clause: Evasion items are banned
|rule|Evasion Moves Clause: Evasion moves are banned
|rule|Evasion Abilities Clause: Evasion abilities are banned
|rule|Sleep Moves Clause: Sleep-inducing moves are banned
|clearpoke
|poke|p1|Gholdengo|
|poke|p1|Iron Valiant|
|poke|p1|Heatran, M|
|poke|p1|Gliscor, F|
|poke|p1|Zapdos|
|poke|p1|Walking Wake|
|poke|p2|Clodsire, M|
|poke|p2|Skeledirge, F|
|poke|p2|Corviknight, M|
|poke|p2|Meowscarada, F|
|poke|p2|Latios, M|
|poke|p2|Iron Valiant|
|teampreview
|
|t:|1779596001
|teamsize|p1|6
|teamsize|p2|6
|start
|switch|p1a: Heatran|Heatran, M|100/100
|switch|p2a: María Juana|Meowscarada, F, shiny|100/100
|turn|1
|
|t:|1779596008
|move|p2a: María Juana|U-turn|p1a: Heatran
|-start|p2a: María Juana|typechange|Bug|[from] ability: Protean
|-resisted|p1a: Heatran
|-damage|p1a: Heatran|93/100
|
|t:|1779596013
|switch|p2a: Ì'll Díâbõlö|Latios, M|100/100|[from] U-turn
|move|p1a: Heatran|Substitute|p1a: Heatran
|-start|p1a: Heatran|Substitute
|-damage|p1a: Heatran|68/100
|
|-heal|p1a: Heatran|74/100|[from] item: Leftovers
|upkeep
|turn|2
|
|t:|1779596025
|switch|p2a: Mojoncito|Clodsire, M|100/100
|move|p1a: Heatran|Protect||[still]
|-fail|p1a: Heatran
|
|-heal|p1a: Heatran|81/100|[from] item: Leftovers
|upkeep
|turn|3
|
|t:|1779596033
|move|p1a: Heatran|Magma Storm|p2a: Mojoncito
|-damage|p2a: Mojoncito|72/100
|-activate|p2a: Mojoncito|move: Magma Storm|[of] p1a: Heatran
|move|p2a: Mojoncito|Earthquake|p1a: Heatran
|-supereffective|p1a: Heatran
|-end|p1a: Heatran|Substitute
|
|-heal|p1a: Heatran|87/100|[from] item: Leftovers
|-heal|p2a: Mojoncito|78/100|[from] item: Leftovers
|-damage|p2a: Mojoncito|66/100|[from] move: Magma Storm|[partiallytrapped]
|upkeep
|turn|4
|
|t:|1779596044
|move|p1a: Heatran|Substitute|p1a: Heatran
|-start|p1a: Heatran|Substitute
|-damage|p1a: Heatran|62/100
|move|p2a: Mojoncito|Recover|p2a: Mojoncito
|-heal|p2a: Mojoncito|100/100
|
|-heal|p1a: Heatran|68/100|[from] item: Leftovers
|-damage|p2a: Mojoncito|88/100|[from] move: Magma Storm|[partiallytrapped]
|upkeep
|turn|5
|
|t:|1779596053
|move|p1a: Heatran|Earth Power|p2a: Mojoncito
|-supereffective|p2a: Mojoncito
|-damage|p2a: Mojoncito|54/100
|move|p2a: Mojoncito|Earthquake|p1a: Heatran
|-supereffective|p1a: Heatran
|-end|p1a: Heatran|Substitute
|
|-heal|p1a: Heatran|74/100|[from] item: Leftovers
|-heal|p2a: Mojoncito|61/100|[from] item: Leftovers
|-damage|p2a: Mojoncito|48/100|[from] move: Magma Storm|[partiallytrapped]
|upkeep
|turn|6
|
|t:|1779596064
|move|p1a: Heatran|Protect|p1a: Heatran
|-singleturn|p1a: Heatran|Protect
|move|p2a: Mojoncito|Earthquake|p1a: Heatran
|-activate|p1a: Heatran|move: Protect
|
|-heal|p1a: Heatran|81/100|[from] item: Leftovers
|-heal|p2a: Mojoncito|54/100|[from] item: Leftovers
|-damage|p2a: Mojoncito|42/100|[from] move: Magma Storm|[partiallytrapped]
|upkeep
|turn|7
|-message|jonnythocolin forfeited.
|
|win|Winston'sDad
|raw|Winston&apos;sDad's rating: 1311 &rarr; <strong>1328</strong><br />(+17 for winning)
|raw|jonnythocolin's rating: 1260 &rarr; <strong>1239</strong><br />(-21 for losing)
|l|☆jonnythocolin
|player|p2|
|l|☆Winston'sDad
|player|p1|
