|j|☆npctypebeat
|j|☆yigyif
|t:|1779657593
|gametype|singles
|player|p1|npctypebeat|101|1209
|player|p2|yigyif|skyla|1296
|gen|9
|tier|[Gen 9] OU
|rated|
|rule|HP Percentage Mod: HP is shown in percentages
|rule|Endless Battle Clause: Forcing endless battles is banned
|rule|Species Clause: Limit one of each Pokémon
|rule|OHKO Clause: OHKO moves are banned
|rule|Evasion Items Clause: Evasion items are banned
|rule|Evasion Moves Clause: Evasion moves are banned
|rule|Evasion Abilities Clause: Evasion abilities are banned
|rule|Sleep Moves Clause: Sleep-inducing moves are banned
|clearpoke
|poke|p1|Corviknight, M|
|poke|p1|Ting-Lu|
|poke|p1|Kyurem|
|poke|p1|Dondozo, M|
|poke|p1|Slowking-Galar, M|
|poke|p1|Cinderace, F|
|poke|p2|Ogerpon, F|
|poke|p2|Corviknight, M|
|poke|p2|Keldeo-Resolute|
|poke|p2|Scream Tail|
|poke|p2|Regieleki|
|poke|p2|Cinderace, F|
|teampreview
|inactive|Battle timer is ON: inactive players will automatically lose when time's up. (requested by yigyif)
|c|☆npctypebeat|hf
|
|t:|1779657620
|teamsize|p1|6
|teamsize|p2|6
|start
|switch|p1a: Cinderace|Cinderace, F|100/100
|switch|p2a: Keldeo|Keldeo-Resolute|100/100
|turn|1
|inactive|npctypebeat also wants the timer to be on.
|inactive|npctypebeat has 120 seconds left.
|inactive|npctypebeat has 90 seconds left.
|
|t:|1779657697
|move|p2a: Keldeo|Hydro Pump|p1a: Cinderace
|-supereffective|p1a: Cinderace
|-damage|p1a: Cinderace|0 fnt
|faint|p1a: Cinderace
|
|upkeep
|
|t:|1779657704
|switch|p1a: Kyurem|Kyurem|100/100
|-ability|p1a: Kyurem|Pressure
|turn|2
|inactive|npctypebeat has 60 seconds left.
|
|t:|1779657758
|switch|p2a: Scream Tail|Scream Tail|100/100
|-enditem|p2a: Scream Tail|Booster Energy
|-activate|p2a: Scream Tail|ability: Protosynthesis|[fromitem]
|-start|p2a: Scream Tail|protosynthesisspd
|move|p1a: Kyurem|Freeze-Dry|p2a: Scream Tail
|-damage|p2a: Scream Tail|85/100
|
|upkeep
|turn|3
|inactive|npctypebeat has 30 seconds left.
|inactive|npctypebeat has 20 seconds left.
|
|t:|1779657788
|switch|p1a: Ting-Lu|Ting-Lu|100/100
|-ability|p1a: Ting-Lu|Vessel of Ruin
|move|p2a: Scream Tail|Thunder Wave|p1a: Ting-Lu
|-immune|p1a: Ting-Lu
|
|upkeep
|turn|4
|inactive|npctypebeat has 30 seconds left this turn.
|inactive|npctypebeat has 20 seconds left.
|inactive|npctypebeat has 15 seconds left.
|inactive|npctypebeat has 10 seconds left.
|
|t:|1779657811
|move|p2a: Scream Tail|Wish|p2a: Scream Tail
|move|p1a: Ting-Lu|Earthquake|p2a: Scream Tail
|-damage|p2a: Scream Tail|56/100
|
|upkeep
|turn|5
|inactive|npctypebeat has 20 seconds left this turn.
|
|t:|1779657816
|move|p2a: Scream Tail|Encore|p1a: Ting-Lu
|-start|p1a: Ting-Lu|Encore
|move|p1a: Ting-Lu|Earthquake|p2a: Scream Tail
|-damage|p2a: Scream Tail|27/100
|
|-heal|p2a: Scream Tail|77/100|[from] move: Wish|[wisher] Scream Tail
|upkeep
|turn|6
|inactive|npctypebeat has 30 seconds left this turn.
|inactive|npctypebeat has 20 seconds left.
|
|t:|1779657830
|move|p2a: Scream Tail|Stealth Rock|p1a: Ting-Lu
|-sidestart|p1: npctypebeat|move: Stealth Rock
|move|p1a: Ting-Lu|Earthquake|p2a: Scream Tail
|-damage|p2a: Scream Tail|49/100
|
|upkeep
|turn|7
|inactive|npctypebeat has 30 seconds left this turn.
|
|t:|1779657859
|move|p2a: Scream Tail|Wish|p2a: Scream Tail
|move|p1a: Ting-Lu|Earthquake|p2a: Scream Tail
|-damage|p2a: Scream Tail|21/100
|
|-end|p1a: Ting-Lu|Encore
|upkeep
|turn|8
|
|t:|1779657867
|-end|p2a: Scream Tail|Protosynthesis|[silent]
|switch|p2a: Corviknight|Corviknight, M|100/100
|move|p1a: Ting-Lu|Earthquake|p2a: Corviknight
|-immune|p2a: Corviknight
|
|upkeep
|turn|9
|
|t:|1779657873
|move|p2a: Corviknight|U-turn|p1a: Ting-Lu
|-supereffective|p1a: Ting-Lu
|-damage|p1a: Ting-Lu|85/100
|
|t:|1779657879
|switch|p2a: Scream Tail|Scream Tail|21/100|[from] U-turn
|move|p1a: Ting-Lu|Payback|p2a: Scream Tail
|-damage|p2a: Scream Tail|7/100
|
|-heal|p1a: Ting-Lu|91/100|[from] item: Leftovers
|upkeep
|turn|10
|
|t:|1779657888
|-end|p2a: Scream Tail|Protosynthesis|[silent]
|switch|p2a: Corviknight|Corviknight, M|100/100
|move|p1a: Ting-Lu|Earthquake|p2a: Corviknight
|-immune|p2a: Corviknight
|
|-heal|p1a: Ting-Lu|97/100|[from] item: Leftovers
|upkeep
|turn|11
|
|t:|1779657905
|switch|p1a: Corviknight|Corviknight, M|100/100
|-damage|p1a: Corviknight|88/100|[from] Stealth Rock
|-ability|p1a: Corviknight|Pressure
|move|p2a: Corviknight|Brave Bird|p1a: Corviknight
|-resisted|p1a: Corviknight
|-damage|p1a: Corviknight|77/100
|-damage|p2a: Corviknight|84/100|[from] item: Rocky Helmet|[of] p1a: Corviknight
|-damage|p2a: Corviknight|80/100|[from] Recoil
|
|upkeep
|turn|12
|
|t:|1779657922
|move|p2a: Corviknight|Roost|p2a: Corviknight
|-heal|p2a: Corviknight|100/100
|-singleturn|p2a: Corviknight|move: Roost
|move|p1a: Corviknight|Defog|p2a: Corviknight
|-ability|p2a: Corviknight|Mirror Armor
|-unboost|p1a: Corviknight|evasion|1
|-sideend|p1: npctypebeat|Stealth Rock|[from] move: Defog|[of] p1a: Corviknight
|
|upkeep
|turn|13
|
|t:|1779657952
|move|p2a: Corviknight|U-turn|p1a: Corviknight
|-resisted|p1a: Corviknight
|-crit|p1a: Corviknight
|-damage|p1a: Corviknight|73/100
|-damage|p2a: Corviknight|84/100|[from] item: Rocky Helmet|[of] p1a: Corviknight
|
|t:|1779657957
|switch|p2a: Regieleki|Regieleki|100/100|[from] U-turn
|move|p1a: Corviknight|Brave Bird|p2a: Regieleki
|-resisted|p2a: Regieleki
|-damage|p2a: Regieleki|59/100
|-damage|p1a: Corviknight|63/100|[from] Recoil
|
|upkeep
|turn|14
|
|t:|1779657980
|switch|p2a: Corviknight|Corviknight, M|84/100
|move|p1a: Corviknight|Roost|p1a: Corviknight
|-heal|p1a: Corviknight|100/100
|-singleturn|p1a: Corviknight|move: Roost
|
|upkeep
|turn|15
|
|t:|1779658000
|move|p1a: Corviknight|U-turn|p2a: Corviknight
|-resisted|p2a: Corviknight
|-damage|p2a: Corviknight|82/100
|
|t:|1779658005
|switch|p1a: Kyurem|Kyurem|100/100|[from] U-turn
|-ability|p1a: Kyurem|Pressure
|move|p2a: Corviknight|Defog|p1a: Kyurem
|-unboost|p1a: Kyurem|evasion|1
|
|upkeep
|turn|16
|inactive|npctypebeat has 30 seconds left.
|
|t:|1779658024
|switch|p2a: Scream Tail|Scream Tail|7/100
|move|p1a: Kyurem|Freeze-Dry|p2a: Scream Tail
|-damage|p2a: Scream Tail|0 fnt
|faint|p2a: Scream Tail
|-end|p2a: Scream Tail|Protosynthesis|[silent]
|
|upkeep
|
|t:|1779658030
|switch|p2a: Cinderace|Cinderace, F|100/100
|turn|17
|
|t:|1779658040
|move|p2a: Cinderace|Pyro Ball|p1a: Kyurem
|-damage|p1a: Kyurem|51/100
|move|p1a: Kyurem|Freeze-Dry|p2a: Cinderace
|-resisted|p2a: Cinderace
|-damage|p2a: Cinderace|75/100
|-status|p2a: Cinderace|frz
|
|-heal|p1a: Kyurem|58/100|[from] item: Leftovers
|upkeep
|turn|18
|
|t:|1779658052
|-curestatus|p2a: Cinderace|frz|[msg]
|move|p2a: Cinderace|U-turn|p1a: Kyurem
|-start|p2a: Cinderace|typechange|Bug|[from] ability: Libero
|-damage|p1a: Kyurem|28/100
|
|t:|1779658055
|switch|p2a: Corviknight|Corviknight, M|82/100|[from] U-turn
|move|p1a: Kyurem|Earth Power|p2a: Corviknight
|-immune|p2a: Corviknight
|
|-heal|p1a: Kyurem|34/100|[from] item: Leftovers
|upkeep
|turn|19
|
|t:|1779658063
|move|p1a: Kyurem|Protect|p1a: Kyurem
|-singleturn|p1a: Kyurem|Protect
|move|p2a: Corviknight|U-turn|p1a: Kyurem
|-activate|p1a: Kyurem|move: Protect
|
|-heal|p1a: Kyurem|40/100|[from] item: Leftovers
|upkeep
|turn|20
|
|t:|1779658071
|move|p1a: Kyurem|Freeze-Dry|p2a: Corviknight
|-damage|p2a: Corviknight|48/100
|move|p2a: Corviknight|U-turn|p1a: Kyurem
|-damage|p1a: Kyurem|25/100
|
|t:|1779658077
|switch|p2a: Cinderace|Cinderace, F|75/100|[from] U-turn
|
|-heal|p1a: Kyurem|32/100|[from] item: Leftovers
|upkeep
|turn|21
|inactive|npctypebeat has 60 seconds left.
|
|t:|1779658087
|switch|p1a: Dondozo|Dondozo, M|100/100
|move|p2a: Cinderace|Pyro Ball|p1a: Dondozo
|-resisted|p1a: Dondozo
|-damage|p1a: Dondozo|84/100
|
|-heal|p1a: Dondozo|90/100|[from] item: Leftovers
|upkeep
|turn|22
|inactive|npctypebeat has 60 seconds left.
|
|t:|1779658097
|switch|p2a: Corviknight|Corviknight, M|48/100
|move|p1a: Dondozo|Curse|p1a: Dondozo
|-unboost|p1a: Dondozo|spe|1
|-boost|p1a: Dondozo|atk|1
|-boost|p1a: Dondozo|def|1
|
|-heal|p1a: Dondozo|96/100|[from] item: Leftovers
|upkeep
|turn|23
|
|t:|1779658105
|move|p2a: Corviknight|Roost|p2a: Corviknight
|-heal|p2a: Corviknight|98/100
|-singleturn|p2a: Corviknight|move: Roost
|move|p1a: Dondozo|Curse|p1a: Dondozo
|-unboost|p1a: Dondozo|spe|1
|-boost|p1a: Dondozo|atk|1
|-boost|p1a: Dondozo|def|1
|
|-heal|p1a: Dondozo|100/100|[from] item: Leftovers
|upkeep
|turn|24
|
|t:|1779658112
|move|p2a: Corviknight|U-turn|p1a: Dondozo
|-damage|p1a: Dondozo|96/100
|
|t:|1779658114
|switch|p2a: Regieleki|Regieleki|59/100|[from] U-turn
|move|p1a: Dondozo|Waterfall|p2a: Regieleki
|-damage|p2a: Regieleki|0 fnt
|faint|p2a: Regieleki
|
|-heal|p1a: Dondozo|100/100|[from] item: Leftovers
|upkeep
|
|t:|1779658119
|switch|p2a: Ogerpon|Ogerpon, F|100/100
|turn|25
|inactive|npctypebeat has 90 seconds left.
|
|t:|1779658126
|-terastallize|p2a: Ogerpon|Grass
|detailschange|p2a: Ogerpon|Ogerpon-Teal-Tera, F, tera:Grass
|-ability|p2a: Ogerpon|Embody Aspect (Teal)|boost
|-boost|p2a: Ogerpon|spe|1
|move|p2a: Ogerpon|Ivy Cudgel|p1a: Dondozo
|-supereffective|p1a: Dondozo
|-damage|p1a: Dondozo|58/100
|move|p1a: Dondozo|Waterfall|p2a: Ogerpon
|-resisted|p2a: Ogerpon
|-damage|p2a: Ogerpon|64/100
|
|-heal|p1a: Dondozo|64/100|[from] item: Leftovers
|upkeep
|turn|26
|inactive|npctypebeat has 90 seconds left.
|
|t:|1779658144
|move|p2a: Ogerpon|Ivy Cudgel|p1a: Dondozo
|-supereffective|p1a: Dondozo
|-damage|p1a: Dondozo|22/100
|move|p1a: Dondozo|Body Press|p2a: Ogerpon
|-damage|p2a: Ogerpon|5/100
|
|-heal|p1a: Dondozo|29/100|[from] item: Leftovers
|upkeep
|turn|27
|inactive|npctypebeat has 90 seconds left.
|
|t:|1779658168
|switch|p1a: Slowking|Slowking-Galar, M|100/100
|move|p2a: Ogerpon|Ivy Cudgel|p1a: Slowking
|-resisted|p1a: Slowking
|-damage|p1a: Slowking|76/100
|
|upkeep
|turn|28
|
|t:|1779658188
|move|p2a: Ogerpon|U-turn|p1a: Slowking
|-damage|p1a: Slowking|60/100
|
|t:|1779658191
|switch|p2a: Corviknight|Corviknight, M|98/100|[from] U-turn
|move|p1a: Slowking|Sludge Bomb|p2a: Corviknight
|-immune|p2a: Corviknight
|
|upkeep
|turn|29
|
|t:|1779658195
|move|p2a: Corviknight|Brave Bird|p1a: Slowking
|-damage|p1a: Slowking|35/100
|-damage|p2a: Corviknight|90/100|[from] Recoil
|-prepare|p1a: Slowking|Chilly Reception|[premajor]
|move|p1a: Slowking|Chilly Reception|p1a: Slowking
|-weather|Snowscape
|
|t:|1779658199
|switch|p1a: Kyurem|Kyurem|32/100|[from] Chilly Reception
|-ability|p1a: Kyurem|Pressure
|
|-weather|Snowscape|[upkeep]
|-heal|p1a: Kyurem|38/100|[from] item: Leftovers
|upkeep
|turn|30
|
|t:|1779658204
|move|p1a: Kyurem|Freeze-Dry|p2a: Corviknight
|-damage|p2a: Corviknight|56/100
|move|p2a: Corviknight|U-turn|p1a: Kyurem
|-damage|p1a: Kyurem|28/100
|
|t:|1779658208
|switch|p2a: Ogerpon|Ogerpon-Teal-Tera, F, tera:Grass|5/100|[from] U-turn
|-ability|p2a: Ogerpon|Embody Aspect (Teal)|boost
|-boost|p2a: Ogerpon|spe|1
|
|-weather|Snowscape|[upkeep]
|-heal|p1a: Kyurem|35/100|[from] item: Leftovers
|upkeep
|turn|31
|
|t:|1779658220
|switch|p2a: Cinderace|Cinderace, F|75/100
|move|p1a: Kyurem|Freeze-Dry|p2a: Cinderace
|-resisted|p2a: Cinderace
|-crit|p2a: Cinderace
|-damage|p2a: Cinderace|40/100
|
|-weather|Snowscape|[upkeep]
|-heal|p1a: Kyurem|41/100|[from] item: Leftovers
|upkeep
|turn|32
|inactive|npctypebeat has 120 seconds left.
|
|t:|1779658226
|move|p1a: Kyurem|Protect|p1a: Kyurem
|-singleturn|p1a: Kyurem|Protect
|move|p2a: Cinderace|Pyro Ball|p1a: Kyurem
|-activate|p1a: Kyurem|move: Protect
|
|-weather|Snowscape|[upkeep]
|-heal|p1a: Kyurem|47/100|[from] item: Leftovers
|upkeep
|turn|33
|inactive|npctypebeat has 120 seconds left.
|
|t:|1779658237
|move|p2a: Cinderace|Pyro Ball|p1a: Kyurem
|-damage|p1a: Kyurem|11/100
|move|p1a: Kyurem|Freeze-Dry|p2a: Cinderace
|-resisted|p2a: Cinderace
|-damage|p2a: Cinderace|13/100
|
|-weather|none
|-heal|p1a: Kyurem|17/100|[from] item: Leftovers
|upkeep
|turn|34
|inactive|npctypebeat has 120 seconds left.
|
|t:|1779658250
|move|p1a: Kyurem|Protect|p1a: Kyurem
|-singleturn|p1a: Kyurem|Protect
|move|p2a: Cinderace|Sucker Punch||[still]
|-fail|p2a: Cinderace
|
|-heal|p1a: Kyurem|23/100|[from] item: Leftovers
|upkeep
|turn|35
|
|t:|1779658258
|switch|p1a: Dondozo|Dondozo, M|29/100
|move|p2a: Cinderace|U-turn|p1a: Dondozo
|-start|p2a: Cinderace|typechange|Bug|[from] ability: Libero
|-crit|p1a: Dondozo
|-damage|p1a: Dondozo|0 fnt
|faint|p1a: Dondozo
|
|t:|1779658261
|switch|p2a: Keldeo|Keldeo-Resolute|100/100|[from] U-turn
|
|upkeep
|inactive|npctypebeat has 120 seconds left.
|
|t:|1779658278
|switch|p1a: Slowking|Slowking-Galar, M|68/100
|turn|36
|inactive|npctypebeat has 120 seconds left.
|
|t:|1779658298
|move|p2a: Keldeo|Hydro Pump|p1a: Slowking
|-damage|p1a: Slowking|25/100
|-prepare|p1a: Slowking|Chilly Reception|[premajor]
|move|p1a: Slowking|Chilly Reception|p1a: Slowking
|-weather|Snowscape
|
|t:|1779658309
|switch|p1a: Kyurem|Kyurem|23/100|[from] Chilly Reception
|-ability|p1a: Kyurem|Pressure
|
|-weather|Snowscape|[upkeep]
|-heal|p1a: Kyurem|29/100|[from] item: Leftovers
|upkeep
|turn|37
|
|t:|1779658321
|switch|p2a: Corviknight|Corviknight, M|56/100
|move|p1a: Kyurem|Protect||[still]
|-fail|p1a: Kyurem
|
|-weather|Snowscape|[upkeep]
|-heal|p1a: Kyurem|35/100|[from] item: Leftovers
|upkeep
|turn|38
|
|t:|1779658332
|move|p1a: Kyurem|Freeze-Dry|p2a: Corviknight
|-damage|p2a: Corviknight|20/100
|move|p2a: Corviknight|Brave Bird|p1a: Kyurem
|-damage|p1a: Kyurem|11/100
|-damage|p2a: Corviknight|11/100|[from] Recoil
|
|-weather|Snowscape|[upkeep]
|-heal|p1a: Kyurem|17/100|[from] item: Leftovers
|upkeep
|turn|39
|
|t:|1779658357
|move|p1a: Kyurem|Freeze-Dry|p2a: Corviknight
|-damage|p2a: Corviknight|0 fnt
|faint|p2a: Corviknight
|
|-weather|Snowscape|[upkeep]
|-heal|p1a: Kyurem|23/100|[from] item: Leftovers
|upkeep
|
|t:|1779658363
|switch|p2a: Keldeo|Keldeo-Resolute|100/100
|turn|40
|
|t:|1779658381
|move|p1a: Kyurem|Protect|p1a: Kyurem
|-singleturn|p1a: Kyurem|Protect
|move|p2a: Keldeo|Hydro Pump|p1a: Kyurem
|-activate|p1a: Kyurem|move: Protect
|
|-weather|none
|-heal|p1a: Kyurem|29/100|[from] item: Leftovers
|upkeep
|turn|41
|inactive|npctypebeat has 90 seconds left.
|
|t:|1779658397
|move|p2a: Keldeo|Hydro Pump|p1a: Kyurem
|-resisted|p1a: Kyurem
|-damage|p1a: Kyurem|5/100
|move|p1a: Kyurem|Freeze-Dry|p2a: Keldeo
|-supereffective|p2a: Keldeo
|-damage|p2a: Keldeo|19/100
|
|-heal|p1a: Kyurem|11/100|[from] item: Leftovers
|upkeep
|turn|42
|inactive|npctypebeat has 90 seconds left.
|
|t:|1779658411
|switch|p2a: Cinderace|Cinderace, F|13/100
|move|p1a: Kyurem|Earth Power|p2a: Cinderace
|-supereffective|p2a: Cinderace
|-damage|p2a: Cinderace|0 fnt
|faint|p2a: Cinderace
|
|-heal|p1a: Kyurem|18/100|[from] item: Leftovers
|upkeep
|
|t:|1779658419
|switch|p2a: Ogerpon|Ogerpon-Teal-Tera, F, tera:Grass|5/100
|-ability|p2a: Ogerpon|Embody Aspect (Teal)|boost
|-boost|p2a: Ogerpon|spe|1
|turn|43
|-message|yigyif forfeited.
|
|win|npctypebeat
|raw|npctypebeat's rating: 1200 &rarr; <strong>1232</strong><br />(+32 for winning)
|raw|yigyif's rating: 1296 &rarr; <strong>1264</strong><br />(-32 for losing)
|l|☆yigyif
|player|p2|
|c|☆npctypebeat|gg
