|j|☆danna_danonino
|j|☆hyfen
|t:|1779598778
|gametype|singles
|player|p1|danna_danonino|2|1362
|player|p2|hyfen|2|1282
|gen|9
|tier|[Gen 9] OU
|rated|
|rule|HP Percentage Mod: HP is shown in percentages
|rule|Endless Battle Clause: Forcing endless battles is banned
|rule|Species Clause: Limit one of each Pokémon
|rule|OHKO Clause: OHKO moves are banned
|rule|Evasion Items Clause: Evasion items are banned
|rule|Evasion Moves Clause: Evasion moves are banned
|rule|Evasion Abilities Clause: Evasion abilities are banned
|rule|Sleep Moves Clause: Sleep-inducing moves are banned
|clearpoke
|poke|p1|Weavile, F|
|poke|p1|Entei|
|poke|p1|Zapdos|
|poke|p1|Espeon, F|
|poke|p1|Goodra, F|
|poke|p1|Donphan, M|
|poke|p2|Raging Bolt|
|poke|p2|Landorus-Therian, M|
|poke|p2|Iron Valiant|
|poke|p2|Iron Moth|
|poke|p2|Meowscarada, M|
|poke|p2|Kyurem|
|teampreview
|inactive|Battle timer is ON: inactive players will automatically lose when time's up. (requested by hyfen)
|
|t:|1779598806
|teamsize|p1|6
|teamsize|p2|6
|start
|switch|p1a: Zapdos|Zapdos|100/100
|switch|p2a: Landorus|Landorus-Therian, M, shiny|100/100
|-ability|p2a: Landorus|Intimidate|boost
|-unboost|p1a: Zapdos|atk|1
|turn|1
|
|t:|1779598812
|move|p1a: Zapdos|Hurricane|p2a: Landorus
|-damage|p2a: Landorus|45/100
|move|p2a: Landorus|Stone Edge|p1a: Zapdos
|-supereffective|p1a: Zapdos
|-damage|p1a: Zapdos|30/100
|
|upkeep
|turn|2
|
|t:|1779598818
|move|p1a: Zapdos|Hurricane|p2a: Landorus
|-damage|p2a: Landorus|0 fnt
|faint|p2a: Landorus
|
|upkeep
|
|t:|1779598836
|switch|p2a: Iron Moth|Iron Moth|100/100
|-enditem|p2a: Iron Moth|Booster Energy
|-activate|p2a: Iron Moth|ability: Quark Drive|[fromitem]
|-start|p2a: Iron Moth|quarkdrivespe
|turn|3
|
|t:|1779598840
|switch|p1a: Goodra|Goodra, F, shiny|100/100
|move|p2a: Iron Moth|Substitute|p2a: Iron Moth
|-start|p2a: Iron Moth|Substitute
|-damage|p2a: Iron Moth|76/100
|
|upkeep
|turn|4
|
|t:|1779598845
|move|p2a: Iron Moth|Fiery Dance|p1a: Goodra
|-resisted|p1a: Goodra
|-damage|p1a: Goodra|91/100
|move|p1a: Goodra|Scald|p2a: Iron Moth
|-supereffective|p2a: Iron Moth
|-end|p2a: Iron Moth|Substitute
|
|-heal|p1a: Goodra|97/100|[from] item: Leftovers
|upkeep
|turn|5
|
|t:|1779598852
|-terastallize|p2a: Iron Moth|Fairy
|move|p2a: Iron Moth|Fiery Dance|p1a: Goodra
|-resisted|p1a: Goodra
|-damage|p1a: Goodra|88/100
|-boost|p2a: Iron Moth|spa|1
|move|p1a: Goodra|Scald|p2a: Iron Moth
|-damage|p2a: Iron Moth|55/100
|-status|p2a: Iron Moth|brn
|
|-heal|p1a: Goodra|94/100|[from] item: Leftovers
|-damage|p2a: Iron Moth|49/100 brn|[from] brn
|upkeep
|turn|6
|
|t:|1779598858
|move|p2a: Iron Moth|Dazzling Gleam|p1a: Goodra
|-supereffective|p1a: Goodra
|-damage|p1a: Goodra|33/100
|move|p1a: Goodra|Sludge Bomb|p2a: Iron Moth
|-supereffective|p2a: Iron Moth
|-damage|p2a: Iron Moth|5/100 brn
|
|-heal|p1a: Goodra|39/100|[from] item: Leftovers
|-damage|p2a: Iron Moth|0 fnt|[from] brn
|faint|p2a: Iron Moth
|-end|p2a: Iron Moth|Quark Drive|[silent]
|upkeep
|
|t:|1779598867
|switch|p2a: Kyurem|Kyurem|100/100
|-ability|p2a: Kyurem|Pressure
|turn|7
|
|t:|1779598874
|move|p2a: Kyurem|Scale Shot|p1a: Goodra
|-supereffective|p1a: Goodra
|-damage|p1a: Goodra|9/100
|-supereffective|p1a: Goodra
|-damage|p1a: Goodra|0 fnt
|faint|p1a: Goodra
|-hitcount|p1: Goodra|2
|-unboost|p2a: Kyurem|def|1
|-boost|p2a: Kyurem|spe|1
|
|upkeep
|
|t:|1779598877
|switch|p1a: Espeon|Espeon, F|100/100
|turn|8
|
|t:|1779598880
|-terastallize|p1a: Espeon|Fairy
|move|p1a: Espeon|Dazzling Gleam|p2a: Kyurem
|-supereffective|p2a: Kyurem
|-damage|p2a: Kyurem|18/100
|move|p2a: Kyurem|Icicle Spear|p1a: Espeon
|-damage|p1a: Espeon|76/100
|-damage|p1a: Espeon|51/100
|-damage|p1a: Espeon|26/100
|-damage|p1a: Espeon|2/100
|-damage|p1a: Espeon|0 fnt
|faint|p1a: Espeon
|-hitcount|p1: Espeon|5
|
|upkeep
|
|t:|1779598888
|switch|p1a: Weavile|Weavile, F, shiny|100/100
|turn|9
|
|t:|1779598893
|move|p1a: Weavile|Ice Shard|p2a: Kyurem
|-damage|p2a: Kyurem|0 fnt
|faint|p2a: Kyurem
|
|upkeep
|
|t:|1779598901
|switch|p2a: Iron Valiant|Iron Valiant|100/100
|turn|10
|
|t:|1779598910
|switch|p1a: Donphan|Donphan, M, shiny|100/100
|move|p2a: Iron Valiant|Vacuum Wave|p1a: Donphan
|-damage|p1a: Donphan|68/100
|-damage|p2a: Iron Valiant|91/100|[from] item: Life Orb
|
|-heal|p1a: Donphan|74/100|[from] item: Leftovers
|upkeep
|turn|11
|
|t:|1779598915
|move|p2a: Iron Valiant|Moonblast|p1a: Donphan
|-damage|p1a: Donphan|0 fnt
|faint|p1a: Donphan
|-damage|p2a: Iron Valiant|81/100|[from] item: Life Orb
|
|upkeep
|
|t:|1779598922
|switch|p1a: Entei|Entei|100/100
|turn|12
|
|t:|1779598929
|move|p2a: Iron Valiant|Knock Off|p1a: Entei
|-damage|p1a: Entei|65/100
|-enditem|p1a: Entei|Choice Band|[from] move: Knock Off|[of] p2a: Iron Valiant
|-damage|p2a: Iron Valiant|71/100|[from] item: Life Orb
|move|p1a: Entei|Flare Blitz|p2a: Iron Valiant
|-damage|p2a: Iron Valiant|0 fnt
|faint|p2a: Iron Valiant
|-end|p2a: Iron Valiant|Quark Drive|[silent]
|-damage|p1a: Entei|47/100|[from] Recoil
|
|upkeep
|
|t:|1779598945
|switch|p2a: Raging Bolt|Raging Bolt|100/100
|-enditem|p2a: Raging Bolt|Booster Energy
|-activate|p2a: Raging Bolt|ability: Protosynthesis|[fromitem]
|-start|p2a: Raging Bolt|protosynthesisspa
|turn|13
|
|t:|1779598951
|move|p1a: Entei|Stomping Tantrum|p2a: Raging Bolt
|-supereffective|p2a: Raging Bolt
|-damage|p2a: Raging Bolt|54/100
|move|p2a: Raging Bolt|Dragon Pulse|p1a: Entei
|-damage|p1a: Entei|0 fnt
|faint|p1a: Entei
|
|upkeep
|
|t:|1779598959
|switch|p1a: Weavile|Weavile, F, shiny|100/100
|turn|14
|
|t:|1779598963
|move|p2a: Raging Bolt|Thunderclap|p1a: Weavile
|-damage|p1a: Weavile|26/100
|move|p1a: Weavile|Ice Spinner|p2a: Raging Bolt
|-supereffective|p2a: Raging Bolt
|-damage|p2a: Raging Bolt|0 fnt
|faint|p2a: Raging Bolt
|-end|p2a: Raging Bolt|Protosynthesis|[silent]
|
|upkeep
|
|t:|1779598966
|switch|p2a: Meowscarada|Meowscarada, M|100/100
|turn|15
|
|t:|1779598973
|move|p1a: Weavile|Ice Shard|p2a: Meowscarada
|-supereffective|p2a: Meowscarada
|-damage|p2a: Meowscarada|43/100
|move|p2a: Meowscarada|Knock Off|p1a: Weavile
|-start|p2a: Meowscarada|typechange|Dark|[from] ability: Protean
|-resisted|p1a: Weavile
|-damage|p1a: Weavile|0 fnt
|-enditem|p1a: Weavile|Heavy-Duty Boots|[from] move: Knock Off|[of] p2a: Meowscarada
|faint|p1a: Weavile
|
|upkeep
|
|t:|1779598979
|switch|p1a: Zapdos|Zapdos|30/100
|turn|16
|
|t:|1779598981
|move|p2a: Meowscarada|Knock Off|p1a: Zapdos
|-crit|p1a: Zapdos
|-damage|p1a: Zapdos|0 fnt
|-enditem|p1a: Zapdos|Choice Scarf|[from] move: Knock Off|[of] p2a: Meowscarada
|faint|p1a: Zapdos
|
|win|hyfen
|raw|danna_danonino's rating: 1362 &rarr; <strong>1337</strong><br />(-25 for losing)
|raw|hyfen's rating: 1282 &rarr; <strong>1313</strong><br />(+31 for winning)
|l|☆hyfen
|player|p2|
|l|☆danna_danonino
|player|p1|
