|j|☆hat_fm
|j|☆phap'a
|t:|1779629756
|gametype|singles
|player|p1|hat_fm|pilot|1252
|player|p2|phap'a|dawn|1176
|gen|9
|tier|[Gen 9] OU
|rated|
|rule|HP Percentage Mod: HP is shown in percentages
|rule|Endless Battle Clause: Forcing endless battles is banned
|rule|Species Clause: Limit one of each Pokémon
|rule|OHKO Clause: OHKO moves are banned
|rule|Evasion Items Clause: Evasion items are banned
|rule|Evasion Moves Clause: Evasion moves are banned
|rule|Evasion Abilities Clause: Evasion abilities are banned
|rule|Sleep Moves Clause: Sleep-inducing moves are banned
|clearpoke
|poke|p1|Zamazenta-*|
|poke|p1|Ceruledge, M|
|poke|p1|Scizor, M|
|poke|p1|Donphan, F|
|poke|p1|Lycanroc-Dusk, M|
|poke|p1|Florges, F|
|poke|p2|Iron Treads|
|poke|p2|Samurott-Hisui, M|
|poke|p2|Iron Moth|
|poke|p2|Kyurem|
|poke|p2|Ting-Lu|
|poke|p2|Regieleki|
|teampreview
|c|☆phap'a|GLHF
|inactive|Battle timer is ON: inactive players will automatically lose when time's up. (requested by phap'a)
|c|☆phap'a|Oh....my boi Lycanroc
|c|☆phap'a|W
|
|t:|1779629805
|teamsize|p1|6
|teamsize|p2|6
|start
|switch|p1a: Donphan|Donphan, F|100/100
|switch|p2a: Regieleki|Regieleki|100/100
|turn|1
|
|t:|1779629811
|move|p2a: Regieleki|Reflect|p2a: Regieleki
|-sidestart|p2: phap'a|Reflect
|move|p1a: Donphan|Earthquake|p2a: Regieleki
|-supereffective|p2a: Regieleki
|-damage|p2a: Regieleki|35/100
|
|upkeep
|turn|2
|
|t:|1779629816
|move|p2a: Regieleki|Light Screen|p2a: Regieleki
|-sidestart|p2: phap'a|move: Light Screen
|move|p1a: Donphan|Stealth Rock|p2a: Regieleki
|-sidestart|p2: phap'a|move: Stealth Rock
|
|upkeep
|turn|3
|
|t:|1779629820
|move|p2a: Regieleki|Rapid Spin|p1a: Donphan
|-damage|p1a: Donphan|94/100
|-boost|p2a: Regieleki|spe|1
|-damage|p2a: Regieleki|18/100|[from] item: Rocky Helmet|[of] p1a: Donphan
|-sideend|p2: phap'a|Stealth Rock|[from] move: Rapid Spin|[of] p2a: Regieleki
|move|p1a: Donphan|Earthquake|p2a: Regieleki
|-supereffective|p2a: Regieleki
|-damage|p2a: Regieleki|0 fnt
|faint|p2a: Regieleki
|
|upkeep
|
|t:|1779629830
|switch|p2a: Kyurem|Kyurem|100/100
|-ability|p2a: Kyurem|Pressure
|turn|4
|
|t:|1779629834
|move|p2a: Kyurem|Dragon Dance|p2a: Kyurem
|-boost|p2a: Kyurem|atk|1
|-boost|p2a: Kyurem|spe|1
|move|p1a: Donphan|Stealth Rock|p2a: Kyurem
|-sidestart|p2: phap'a|move: Stealth Rock
|
|upkeep
|turn|5
|
|t:|1779629838
|move|p2a: Kyurem|Dragon Dance|p2a: Kyurem
|-boost|p2a: Kyurem|atk|1
|-boost|p2a: Kyurem|spe|1
|move|p1a: Donphan|Earthquake|p2a: Kyurem
|-damage|p2a: Kyurem|77/100
|
|upkeep
|turn|6
|
|t:|1779629846
|move|p2a: Kyurem|Dragon Dance|p2a: Kyurem
|-boost|p2a: Kyurem|atk|1
|-boost|p2a: Kyurem|spe|1
|move|p1a: Donphan|Earthquake|p2a: Kyurem
|-damage|p2a: Kyurem|57/100
|
|upkeep
|turn|7
|
|t:|1779629857
|move|p2a: Kyurem|Icicle Spear|p1a: Donphan
|-supereffective|p1a: Donphan
|-damage|p1a: Donphan|53/100
|-supereffective|p1a: Donphan
|-damage|p1a: Donphan|11/100
|-supereffective|p1a: Donphan
|-damage|p1a: Donphan|0 fnt
|faint|p1a: Donphan
|-hitcount|p1: Donphan|3
|
|upkeep
|
|t:|1779629866
|switch|p1a: Zamazenta|Zamazenta|100/100
|-ability|p1a: Zamazenta|Dauntless Shield|boost
|-boost|p1a: Zamazenta|def|1
|turn|8
|
|t:|1779629879
|move|p2a: Kyurem|Icicle Spear|p1a: Zamazenta
|-damage|p1a: Zamazenta|81/100
|-damage|p1a: Zamazenta|64/100
|-damage|p1a: Zamazenta|46/100
|-damage|p1a: Zamazenta|28/100
|-damage|p1a: Zamazenta|10/100
|-hitcount|p1a: Zamazenta|5
|move|p1a: Zamazenta|Body Press|p2a: Kyurem
|-supereffective|p2a: Kyurem
|-damage|p2a: Kyurem|0 fnt
|faint|p2a: Kyurem
|
|-heal|p1a: Zamazenta|16/100|[from] item: Leftovers
|-sideend|p2: phap'a|Reflect
|upkeep
|
|t:|1779629891
|switch|p2a: Iron Treads|Iron Treads|100/100
|-damage|p2a: Iron Treads|97/100|[from] Stealth Rock
|-enditem|p2a: Iron Treads|Booster Energy
|-activate|p2a: Iron Treads|ability: Quark Drive|[fromitem]
|-start|p2a: Iron Treads|quarkdrivespe
|turn|9
|
|t:|1779629896
|move|p2a: Iron Treads|Earthquake|p1a: Zamazenta
|-damage|p1a: Zamazenta|0 fnt
|faint|p1a: Zamazenta
|
|-sideend|p2: phap'a|move: Light Screen
|upkeep
|
|t:|1779629899
|switch|p1a: Ceruledge|Ceruledge, M|100/100
|turn|10
|
|t:|1779629912
|-terastallize|p2a: Iron Treads|Ground
|move|p2a: Iron Treads|Earthquake|p1a: Ceruledge
|-supereffective|p1a: Ceruledge
|-enditem|p1a: Ceruledge|Focus Sash
|-damage|p1a: Ceruledge|1/100
|-ability|p1a: Ceruledge|Weak Armor|boost
|-unboost|p1a: Ceruledge|def|1
|-boost|p1a: Ceruledge|spe|2
|move|p1a: Ceruledge|Swords Dance|p1a: Ceruledge
|-boost|p1a: Ceruledge|atk|2
|
|upkeep
|turn|11
|
|t:|1779629929
|move|p1a: Ceruledge|Bitter Blade|p2a: Iron Treads
|-damage|p2a: Iron Treads|11/100
|-heal|p1a: Ceruledge|49/100|[from] drain|[of] p2a: Iron Treads
|move|p2a: Iron Treads|Earthquake|p1a: Ceruledge
|-supereffective|p1a: Ceruledge
|-damage|p1a: Ceruledge|0 fnt
|faint|p1a: Ceruledge
|
|upkeep
|
|t:|1779629941
|switch|p1a: Scizor|Scizor, M|100/100
|turn|12
|
|t:|1779629946
|move|p2a: Iron Treads|Rapid Spin|p1a: Scizor
|-resisted|p1a: Scizor
|-damage|p1a: Scizor|93/100
|-boost|p2a: Iron Treads|spe|1
|-sideend|p2: phap'a|Stealth Rock|[from] move: Rapid Spin|[of] p2a: Iron Treads
|move|p1a: Scizor|Swords Dance|p1a: Scizor
|-boost|p1a: Scizor|atk|2
|
|upkeep
|turn|13
|
|t:|1779629955
|move|p2a: Iron Treads|Earthquake|p1a: Scizor
|-damage|p1a: Scizor|35/100
|move|p1a: Scizor|Swords Dance|p1a: Scizor
|-boost|p1a: Scizor|atk|2
|
|upkeep
|turn|14
|
|t:|1779629965
|-terastallize|p1a: Scizor|Steel
|move|p1a: Scizor|Bullet Punch|p2a: Iron Treads
|-damage|p2a: Iron Treads|0 fnt
|faint|p2a: Iron Treads
|-end|p2a: Iron Treads|Quark Drive|[silent]
|-damage|p1a: Scizor|25/100|[from] item: Life Orb
|
|upkeep
|
|t:|1779629970
|switch|p2a: Samurott|Samurott-Hisui, M|100/100
|turn|15
|
|t:|1779629973
|move|p2a: Samurott|Sucker Punch|p1a: Scizor
|-damage|p1a: Scizor|0 fnt
|faint|p1a: Scizor
|-damage|p2a: Samurott|91/100|[from] item: Life Orb
|
|upkeep
|
|t:|1779629977
|switch|p1a: Florges|Florges, F|100/100
|turn|16
|
|t:|1779629983
|switch|p2a: Ting-Lu|Ting-Lu|100/100
|-ability|p2a: Ting-Lu|Vessel of Ruin
|move|p1a: Florges|Giga Drain|p2a: Ting-Lu
|-supereffective|p2a: Ting-Lu
|-damage|p2a: Ting-Lu|71/100
|
|upkeep
|turn|17
|
|t:|1779629989
|move|p1a: Florges|Calm Mind|p1a: Florges
|-boost|p1a: Florges|spa|1
|-boost|p1a: Florges|spd|1
|move|p2a: Ting-Lu|Whirlwind|p1a: Florges
|drag|p1a: Lycanroc|Lycanroc-Dusk, M|100/100
|
|upkeep
|turn|18
|
|t:|1779630000
|move|p1a: Lycanroc|Stone Edge|p2a: Ting-Lu|[miss]
|-miss|p1a: Lycanroc|p2a: Ting-Lu
|move|p2a: Ting-Lu|Ruination|p1a: Lycanroc
|-damage|p1a: Lycanroc|50/100
|
|upkeep
|turn|19
|
|t:|1779630005
|move|p1a: Lycanroc|Stone Edge|p2a: Ting-Lu
|-resisted|p2a: Ting-Lu
|-damage|p2a: Ting-Lu|52/100
|-damage|p1a: Lycanroc|41/100|[from] item: Life Orb
|move|p2a: Ting-Lu|Earthquake|p1a: Lycanroc
|-supereffective|p1a: Lycanroc
|-damage|p1a: Lycanroc|0 fnt
|faint|p1a: Lycanroc
|
|upkeep
|
|t:|1779630007
|switch|p1a: Florges|Florges, F|100/100
|turn|20
|c|☆phap'a|I luv you 'Roc
|c|☆phap'a|but you had to faint
|c|☆phap'a|no hard feelings
|c|☆phap'a|still my fav 'mon
|c|☆hat_fm|Every dog has its day
|inactive|phap'a has 120 seconds left.
|
|t:|1779630039
|switch|p2a: Iron Moth|Iron Moth|100/100
|-enditem|p2a: Iron Moth|Booster Energy
|-activate|p2a: Iron Moth|ability: Quark Drive|[fromitem]
|-start|p2a: Iron Moth|quarkdrivespa
|move|p1a: Florges|Calm Mind|p1a: Florges
|-boost|p1a: Florges|spa|1
|-boost|p1a: Florges|spd|1
|
|upkeep
|turn|21
|
|t:|1779630046
|move|p2a: Iron Moth|Sludge Wave|p1a: Florges
|-supereffective|p1a: Florges
|-damage|p1a: Florges|44/100
|move|p1a: Florges|Calm Mind|p1a: Florges
|-boost|p1a: Florges|spa|1
|-boost|p1a: Florges|spd|1
|
|-heal|p1a: Florges|50/100|[from] item: Leftovers
|upkeep
|turn|22
|
|t:|1779630055
|move|p2a: Iron Moth|Sludge Wave|p1a: Florges
|-supereffective|p1a: Florges
|-damage|p1a: Florges|4/100
|move|p1a: Florges|Psychic Noise|p2a: Iron Moth
|-supereffective|p2a: Iron Moth
|-damage|p2a: Iron Moth|1/100
|-start|p2a: Iron Moth|move: Heal Block
|
|-heal|p1a: Florges|11/100|[from] item: Leftovers
|upkeep
|turn|23
|inactive|phap'a has 120 seconds left.
|c|☆phap'a|how iron moth survived +2 psychic noise is beyond me
|
|t:|1779630088
|move|p2a: Iron Moth|Energy Ball|p1a: Florges
|-damage|p1a: Florges|0 fnt
|faint|p1a: Florges
|
|win|phap'a
|raw|hat_fm's rating: 1252 &rarr; <strong>1222</strong><br />(-30 for losing)
|raw|phap&apos;a's rating: 1176 &rarr; <strong>1206</strong><br />(+30 for winning)
|c|☆phap'a|GGWP
|c|☆hat_fm|gg
|l|☆hat_fm
|player|p1|
