|j|☆perfecto123
|j|‽leifohman
|t:|1779715446
|gametype|singles
|player|p1|perfecto123|101|1584
|player|p2|leifohman|266|1566
|gen|9
|tier|[Gen 9] OU
|rated|
|rule|HP Percentage Mod: HP is shown in percentages
|rule|Endless Battle Clause: Forcing endless battles is banned
|rule|Species Clause: Limit one of each Pokémon
|rule|OHKO Clause: OHKO moves are banned
|rule|Evasion Items Clause: Evasion items are banned
|rule|Evasion Moves Clause: Evasion moves are banned
|rule|Evasion Abilities Clause: Evasion abilities are banned
|rule|Sleep Moves Clause: Sleep-inducing moves are banned
|clearpoke
|poke|p1|Ribombee, M|
|poke|p1|Quaquaval, M|
|poke|p1|Hydreigon, F|
|poke|p1|Iron Moth|
|poke|p1|Skeledirge, M|
|poke|p1|Ogerpon-Wellspring, F|
|poke|p2|Porygon2|
|poke|p2|Dragapult, F|
|poke|p2|Deoxys-Speed|
|poke|p2|Donphan, M|
|poke|p2|Gardevoir, F|
|poke|p2|Cinderace, M|
|teampreview
|inactive|Battle timer is ON: inactive players will automatically lose when time's up. (requested by leifohman)
|inactive|leifohman has 120 seconds left.
|
|t:|1779715499
|teamsize|p1|6
|teamsize|p2|6
|start
|switch|p1a: Quaquaval|Quaquaval, M|100/100
|switch|p2a: Dragapult|Dragapult, F, shiny|100/100
|turn|1
|
|t:|1779715509
|-terastallize|p1a: Quaquaval|Fire
|move|p2a: Dragapult|Shadow Ball|p1a: Quaquaval
|-damage|p1a: Quaquaval|32/100
|-unboost|p1a: Quaquaval|spd|1
|move|p1a: Quaquaval|Triple Axel|p2a: Dragapult
|-supereffective|p2a: Dragapult
|-damage|p2a: Dragapult|81/100
|-supereffective|p2a: Dragapult
|-damage|p2a: Dragapult|38/100
|-supereffective|p2a: Dragapult
|-damage|p2a: Dragapult|0 fnt
|faint|p2a: Dragapult
|-ability|p1a: Quaquaval|Moxie|boost
|-boost|p1a: Quaquaval|atk|1
|-hitcount|p2: Dragapult|3
|
|-heal|p1a: Quaquaval|38/100|[from] item: Leftovers
|upkeep
|inactive|leifohman has 120 seconds left.
|
|t:|1779715539
|switch|p2a: Deoxys|Deoxys-Speed, shiny|100/100
|-ability|p2a: Deoxys|Pressure
|turn|2
|
|t:|1779715544
|move|p2a: Deoxys|Knock Off|p1a: Quaquaval
|-damage|p1a: Quaquaval|0 fnt
|-enditem|p1a: Quaquaval|Leftovers|[from] move: Knock Off|[of] p2a: Deoxys
|faint|p1a: Quaquaval
|-damage|p2a: Deoxys|91/100|[from] item: Life Orb
|
|upkeep
|
|t:|1779715553
|switch|p1a: Ogerpon|Ogerpon-Wellspring, F|100/100
|turn|3
|
|t:|1779715562
|switch|p2a: Porygon2|Porygon2, shiny|100/100
|-ability|p2a: Porygon2|Water Absorb|Trace|[from] ability: Trace|[of] p1a: Ogerpon
|move|p1a: Ogerpon|Trailblaze|p2a: Porygon2
|-damage|p2a: Porygon2|81/100
|-boost|p1a: Ogerpon|spe|1
|
|upkeep
|turn|4
|
|t:|1779715570
|move|p1a: Ogerpon|Swords Dance|p1a: Ogerpon
|-boost|p1a: Ogerpon|atk|2
|move|p2a: Porygon2|Discharge|p1a: Ogerpon
|-damage|p1a: Ogerpon|78/100
|-status|p1a: Ogerpon|par
|
|upkeep
|turn|5
|
|t:|1779715577
|move|p1a: Ogerpon|Trailblaze|p2a: Porygon2
|-damage|p2a: Porygon2|43/100
|-boost|p1a: Ogerpon|spe|1
|move|p2a: Porygon2|Tri Attack|p1a: Ogerpon
|-damage|p1a: Ogerpon|46/100 par
|
|upkeep
|turn|6
|
|t:|1779715586
|move|p1a: Ogerpon|Trailblaze|p2a: Porygon2
|-damage|p2a: Porygon2|6/100
|-boost|p1a: Ogerpon|spe|1
|move|p2a: Porygon2|Recover|p2a: Porygon2
|-heal|p2a: Porygon2|56/100
|
|upkeep
|turn|7
|
|t:|1779715598
|move|p1a: Ogerpon|Play Rough|p2a: Porygon2
|-damage|p2a: Porygon2|6/100
|move|p2a: Porygon2|Tri Attack|p1a: Ogerpon
|-damage|p1a: Ogerpon|13/100 par
|
|upkeep
|turn|8
|
|t:|1779715605
|move|p1a: Ogerpon|Trailblaze|p2a: Porygon2
|-damage|p2a: Porygon2|0 fnt
|-boost|p1a: Ogerpon|spe|1
|faint|p2a: Porygon2
|
|upkeep
|inactive|leifohman has 120 seconds left.
|
|t:|1779715654
|switch|p2a: Donphan|Donphan, M|100/100
|turn|9
|
|t:|1779715659
|move|p2a: Donphan|Ice Shard|p1a: Ogerpon
|-damage|p1a: Ogerpon|0 fnt
|faint|p1a: Ogerpon
|
|upkeep
|
|t:|1779715666
|switch|p1a: Hydreigon|Hydreigon, F|100/100
|turn|10
|inactive|leifohman has 120 seconds left.
|
|t:|1779715685
|move|p1a: Hydreigon|Dark Pulse|p2a: Donphan
|-damage|p2a: Donphan|34/100
|-damage|p1a: Hydreigon|91/100|[from] item: Life Orb
|cant|p2a: Donphan|flinch
|
|upkeep
|turn|11
|inactive|leifohman has 120 seconds left.
|
|t:|1779715697
|move|p2a: Donphan|Ice Shard|p1a: Hydreigon
|-supereffective|p1a: Hydreigon
|-damage|p1a: Hydreigon|56/100
|move|p1a: Hydreigon|Dragon Pulse|p2a: Donphan
|-damage|p2a: Donphan|0 fnt
|faint|p2a: Donphan
|-damage|p1a: Hydreigon|46/100|[from] item: Life Orb
|
|upkeep
|
|t:|1779715704
|switch|p2a: Cinderace|Cinderace, M, shiny|100/100
|turn|12
|
|t:|1779715709
|switch|p1a: Skeledirge|Skeledirge, M|100/100
|move|p2a: Cinderace|U-turn|p1a: Skeledirge
|-start|p2a: Cinderace|typechange|Bug|[from] ability: Libero
|-resisted|p1a: Skeledirge
|-damage|p1a: Skeledirge|92/100
|
|t:|1779715716
|switch|p2a: Deoxys|Deoxys-Speed, shiny|91/100|[from] U-turn
|-ability|p2a: Deoxys|Pressure
|
|-heal|p1a: Skeledirge|98/100|[from] item: Leftovers
|upkeep
|turn|13
|
|t:|1779715722
|-terastallize|p2a: Deoxys|Dark
|move|p2a: Deoxys|Knock Off|p1a: Skeledirge
|-supereffective|p1a: Skeledirge
|-damage|p1a: Skeledirge|5/100
|-enditem|p1a: Skeledirge|Leftovers|[from] move: Knock Off|[of] p2a: Deoxys
|-damage|p2a: Deoxys|81/100|[from] item: Life Orb
|move|p1a: Skeledirge|Torch Song|p2a: Deoxys
|-damage|p2a: Deoxys|16/100
|-boost|p1a: Skeledirge|spa|1
|
|upkeep
|turn|14
|
|t:|1779715733
|switch|p1a: Hydreigon|Hydreigon, F|46/100
|move|p2a: Deoxys|Knock Off|p1a: Hydreigon
|-resisted|p1a: Hydreigon
|-damage|p1a: Hydreigon|20/100
|-enditem|p1a: Hydreigon|Life Orb|[from] move: Knock Off|[of] p2a: Deoxys
|-damage|p2a: Deoxys|6/100|[from] item: Life Orb
|
|upkeep
|turn|15
|
|t:|1779715757
|switch|p1a: Skeledirge|Skeledirge, M|5/100
|move|p2a: Deoxys|Ice Beam|p1a: Skeledirge
|-resisted|p1a: Skeledirge
|-damage|p1a: Skeledirge|0 fnt
|faint|p1a: Skeledirge
|-damage|p2a: Deoxys|0 fnt|[from] item: Life Orb
|faint|p2a: Deoxys
|
|upkeep
|inactive|leifohman has 120 seconds left.
|
|t:|1779715797
|switch|p2a: Gardevoir|Gardevoir, F, shiny|100/100
|switch|p1a: Ribombee|Ribombee, M|100/100
|-ability|p2a: Gardevoir|Shield Dust|Trace|[from] ability: Trace|[of] p1a: Ribombee
|turn|16
|
|t:|1779715808
|move|p2a: Gardevoir|Moonblast|p1a: Ribombee
|-damage|p1a: Ribombee|21/100
|move|p1a: Ribombee|Tailwind|p1a: Ribombee
|-sidestart|p1: perfecto123|move: Tailwind
|
|upkeep
|turn|17
|
|t:|1779715822
|switch|p2a: Cinderace|Cinderace, M, shiny|100/100
|move|p1a: Ribombee|Sticky Web|p2a: Cinderace
|-sidestart|p2: leifohman|move: Sticky Web
|
|upkeep
|turn|18
|
|t:|1779715832
|move|p1a: Ribombee|Stun Spore|p2a: Cinderace
|-status|p2a: Cinderace|par
|cant|p2a: Cinderace|par
|
|upkeep
|turn|19
|
|t:|1779715841
|switch|p1a: Iron Moth|Iron Moth|100/100
|-enditem|p1a: Iron Moth|Booster Energy
|-activate|p1a: Iron Moth|ability: Quark Drive|[fromitem]
|-start|p1a: Iron Moth|quarkdrivespa
|move|p2a: Cinderace|Court Change|p2a: Cinderace
|-start|p2a: Cinderace|typechange|Normal|[from] ability: Libero
|-swapsideconditions
|-activate|p2a: Cinderace|move: Court Change
|
|-sideend|p2: leifohman|move: Tailwind
|upkeep
|turn|20
|inactive|leifohman has 90 seconds left.
|
|t:|1779715894
|cant|p2a: Cinderace|par
|move|p1a: Iron Moth|Substitute|p1a: Iron Moth
|-start|p1a: Iron Moth|Substitute
|-damage|p1a: Iron Moth|76/100
|
|upkeep
|turn|21
|
|t:|1779715903
|move|p2a: Cinderace|Sucker Punch|p1a: Iron Moth
|-end|p1a: Iron Moth|Substitute
|move|p1a: Iron Moth|Sludge Wave|p2a: Cinderace
|-damage|p2a: Cinderace|0 fnt
|faint|p2a: Cinderace
|
|upkeep
|
|t:|1779715910
|switch|p2a: Gardevoir|Gardevoir, F, shiny|100/100
|turn|22
|inactive|leifohman has 60 seconds left.
|
|t:|1779715953
|move|p2a: Gardevoir|Psychic|p1a: Iron Moth
|-supereffective|p1a: Iron Moth
|-damage|p1a: Iron Moth|0 fnt
|faint|p1a: Iron Moth
|-end|p1a: Iron Moth|Quark Drive|[silent]
|
|upkeep
|
|t:|1779715958
|switch|p1a: Hydreigon|Hydreigon, F|20/100
|-ability|p2a: Gardevoir|Levitate|Trace|[from] ability: Trace|[of] p1a: Hydreigon
|turn|23
|-message|leifohman forfeited.
|
|win|perfecto123
|raw|perfecto123's rating: 1584 &rarr; <strong>1603</strong><br />(+19 for winning)
|raw|leifohman's rating: 1566 &rarr; <strong>1547</strong><br />(-19 for losing)
|l|‽leifohman
|player|p2|
|l|☆perfecto123
|player|p1|
