|j|☆chancemt
|j|☆great friend
|t:|1779600671
|gametype|singles
|player|p1|chancemt|102|1305
|player|p2|great friend|backers|1308
|gen|9
|tier|[Gen 9] OU
|rated|
|rule|HP Percentage Mod: HP is shown in percentages
|rule|Endless Battle Clause: Forcing endless battles is banned
|rule|Species Clause: Limit one of each Pokémon
|rule|OHKO Clause: OHKO moves are banned
|rule|Evasion Items Clause: Evasion items are banned
|rule|Evasion Moves Clause: Evasion moves are banned
|rule|Evasion Abilities Clause: Evasion abilities are banned
|rule|Sleep Moves Clause: Sleep-inducing moves are banned
|clearpoke
|poke|p1|Dondozo, M|
|poke|p1|Ting-Lu|
|poke|p1|Corviknight, F|
|poke|p1|Arcanine-Hisui, F|
|poke|p1|Meowscarada, M|
|poke|p1|Dragapult, F|
|poke|p2|Arcanine-Hisui, M|
|poke|p2|Darkrai|
|poke|p2|Great Tusk|
|poke|p2|Hatterene, F|
|poke|p2|Ogerpon-Wellspring, F|
|poke|p2|Zapdos|
|teampreview
|
|t:|1779600691
|teamsize|p1|6
|teamsize|p2|6
|start
|switch|p1a: Arcanine|Arcanine-Hisui, F|100/100
|switch|p2a: Ogerpon|Ogerpon-Wellspring, F|100/100
|turn|1
|
|t:|1779600710
|switch|p1a: Meowscarada|Meowscarada, M|100/100
|move|p2a: Ogerpon|Knock Off|p1a: Meowscarada
|-resisted|p1a: Meowscarada
|-damage|p1a: Meowscarada|68/100
|-enditem|p1a: Meowscarada|Choice Scarf|[from] move: Knock Off|[of] p2a: Ogerpon
|
|upkeep
|turn|2
|
|t:|1779600719
|switch|p2a: Zapdos|Zapdos|100/100
|move|p1a: Meowscarada|Triple Axel|p2a: Zapdos
|-start|p1a: Meowscarada|typechange|Ice|[from] ability: Protean
|-supereffective|p2a: Zapdos
|-damage|p2a: Zapdos|86/100
|-status|p1a: Meowscarada|par|[from] ability: Static|[of] p2a: Zapdos
|-supereffective|p2a: Zapdos
|-damage|p2a: Zapdos|59/100
|-supereffective|p2a: Zapdos
|-crit|p2a: Zapdos
|-damage|p2a: Zapdos|1/100
|-hitcount|p2a: Zapdos|3
|
|upkeep
|turn|3
|
|t:|1779600726
|switch|p1a: Arcanine|Arcanine-Hisui, F|100/100
|move|p2a: Zapdos|Roost|p2a: Zapdos
|-heal|p2a: Zapdos|51/100
|-singleturn|p2a: Zapdos|move: Roost
|
|upkeep
|turn|4
|
|t:|1779600746
|switch|p1a: Dragapult|Dragapult, F|100/100
|switch|p2a: Great Tusk|Great Tusk|100/100
|
|upkeep
|turn|5
|
|t:|1779600754
|-terastallize|p1a: Dragapult|Ghost
|move|p1a: Dragapult|Shadow Ball|p2a: Great Tusk
|-damage|p2a: Great Tusk|1/100
|move|p2a: Great Tusk|Stealth Rock|p1a: Dragapult
|-sidestart|p1: chancemt|move: Stealth Rock
|
|upkeep
|turn|6
|
|t:|1779600763
|-end|p2a: Great Tusk|Protosynthesis|[silent]
|switch|p2a: Darkrai|Darkrai|100/100
|move|p1a: Dragapult|Shadow Ball|p2a: Darkrai
|-resisted|p2a: Darkrai
|-damage|p2a: Darkrai|55/100
|
|upkeep
|turn|7
|
|t:|1779600777
|switch|p1a: Meowscarada|Meowscarada, M|68/100 par
|-damage|p1a: Meowscarada|56/100 par|[from] Stealth Rock
|move|p2a: Darkrai|Dark Pulse|p1a: Meowscarada
|-resisted|p1a: Meowscarada
|-damage|p1a: Meowscarada|25/100 par
|
|upkeep
|turn|8
|
|t:|1779600779
|move|p2a: Darkrai|Dark Pulse|p1a: Meowscarada
|-resisted|p1a: Meowscarada
|-damage|p1a: Meowscarada|0 fnt
|faint|p1a: Meowscarada
|
|upkeep
|
|t:|1779600790
|switch|p1a: Dragapult|Dragapult, F, tera:Ghost|100/100
|-damage|p1a: Dragapult|88/100|[from] Stealth Rock
|turn|9
|
|t:|1779600798
|move|p2a: Darkrai|Dark Pulse|p1a: Dragapult
|-supereffective|p1a: Dragapult
|-damage|p1a: Dragapult|0 fnt
|faint|p1a: Dragapult
|
|upkeep
|
|t:|1779600807
|switch|p1a: Corviknight|Corviknight, F|100/100
|-damage|p1a: Corviknight|88/100|[from] Stealth Rock
|-ability|p1a: Corviknight|Pressure
|turn|10
|
|t:|1779600815
|switch|p2a: Great Tusk|Great Tusk|1/100
|move|p1a: Corviknight|Body Press|p2a: Great Tusk
|-damage|p2a: Great Tusk|0 fnt
|-damage|p1a: Corviknight|71/100|[from] item: Rocky Helmet|[of] p2a: Great Tusk
|faint|p2a: Great Tusk
|-end|p2a: Great Tusk|Protosynthesis|[silent]
|
|-heal|p1a: Corviknight|78/100|[from] item: Leftovers
|upkeep
|
|t:|1779600823
|switch|p2a: Zapdos|Zapdos|51/100
|turn|11
|
|t:|1779600829
|switch|p1a: Arcanine|Arcanine-Hisui, F|100/100
|-damage|p1a: Arcanine|76/100|[from] Stealth Rock
|move|p2a: Zapdos|Thunder Wave|p1a: Arcanine
|-status|p1a: Arcanine|par
|
|upkeep
|turn|12
|
|t:|1779600840
|move|p2a: Zapdos|Roost|p2a: Zapdos
|-heal|p2a: Zapdos|100/100
|-singleturn|p2a: Zapdos|move: Roost
|cant|p1a: Arcanine|par
|
|upkeep
|turn|13
|
|t:|1779600843
|move|p2a: Zapdos|Volt Switch|p1a: Arcanine
|-damage|p1a: Arcanine|42/100 par
|
|t:|1779600847
|switch|p2a: Arcanine|Arcanine-Hisui, M|100/100|[from] Volt Switch
|move|p1a: Arcanine|Head Smash|p2a: Arcanine|[miss]
|-miss|p1a: Arcanine|p2a: Arcanine
|
|upkeep
|turn|14
|
|t:|1779600855
|move|p2a: Arcanine|Head Smash|p1a: Arcanine|[miss]
|-miss|p2a: Arcanine|p1a: Arcanine
|move|p1a: Arcanine|Head Smash|p2a: Arcanine
|-supereffective|p2a: Arcanine
|-damage|p2a: Arcanine|0 fnt
|faint|p2a: Arcanine
|
|upkeep
|
|t:|1779600860
|switch|p2a: Ogerpon|Ogerpon-Wellspring, F|100/100
|turn|15
|c|☆chancemt|Lo
|c|☆great friend|thats how it is isnt it
|l|☆chancemt
|player|p1|
|j|☆chancemt
|player|p1|chancemt|102|
|
|t:|1779600893
|switch|p1a: Corviknight|Corviknight, F|78/100
|-damage|p1a: Corviknight|65/100|[from] Stealth Rock
|-ability|p1a: Corviknight|Pressure
|move|p2a: Ogerpon|Ivy Cudgel|p1a: Corviknight|[anim] Ivy Cudgel Water
|-damage|p1a: Corviknight|21/100
|
|-heal|p1a: Corviknight|27/100|[from] item: Leftovers
|upkeep
|turn|16
|
|t:|1779600902
|move|p2a: Ogerpon|Ivy Cudgel|p1a: Corviknight|[anim] Ivy Cudgel Water
|-damage|p1a: Corviknight|0 fnt
|faint|p1a: Corviknight
|
|upkeep
|
|t:|1779600908
|switch|p1a: Dondozo|Dondozo, M|100/100
|-damage|p1a: Dondozo|88/100|[from] Stealth Rock
|turn|17
|
|t:|1779600911
|move|p2a: Ogerpon|Knock Off|p1a: Dondozo
|-damage|p1a: Dondozo|67/100
|-enditem|p1a: Dondozo|Leftovers|[from] move: Knock Off|[of] p2a: Ogerpon
|move|p1a: Dondozo|Curse|p1a: Dondozo
|-unboost|p1a: Dondozo|spe|1
|-boost|p1a: Dondozo|atk|1
|-boost|p1a: Dondozo|def|1
|
|upkeep
|turn|18
|
|t:|1779600920
|move|p2a: Ogerpon|U-turn|p1a: Dondozo
|-crit|p1a: Dondozo
|-damage|p1a: Dondozo|45/100
|
|t:|1779600923
|switch|p2a: Zapdos|Zapdos|100/100|[from] U-turn
|move|p1a: Dondozo|Curse|p1a: Dondozo
|-unboost|p1a: Dondozo|spe|1
|-boost|p1a: Dondozo|atk|1
|-boost|p1a: Dondozo|def|1
|
|upkeep
|turn|19
|
|t:|1779600926
|move|p2a: Zapdos|Volt Switch|p1a: Dondozo
|-supereffective|p1a: Dondozo
|-damage|p1a: Dondozo|0 fnt
|faint|p1a: Dondozo
|-message|chancemt forfeited.
|
|win|great friend
|raw|chancemt's rating: 1305 &rarr; <strong>1285</strong><br />(-20 for losing)
|raw|great friend's rating: 1308 &rarr; <strong>1328</strong><br />(+20 for winning)
|l|☆chancemt
|player|p1|
|l|☆great friend
|player|p2|
