|j|☆39% gxe
|j|☆Pakas123
|t:|1779562413
|gametype|singles
|player|p1|39% gxe|2|1179
|player|p2|Pakas123|schoolkid|1148
|gen|9
|tier|[Gen 9] OU
|rated|
|rule|HP Percentage Mod: HP is shown in percentages
|rule|Endless Battle Clause: Forcing endless battles is banned
|rule|Species Clause: Limit one of each Pokémon
|rule|OHKO Clause: OHKO moves are banned
|rule|Evasion Items Clause: Evasion items are banned
|rule|Evasion Moves Clause: Evasion moves are banned
|rule|Evasion Abilities Clause: Evasion abilities are banned
|rule|Sleep Moves Clause: Sleep-inducing moves are banned
|clearpoke
|poke|p1|Iron Crown|
|poke|p1|Moltres|
|poke|p1|Great Tusk|
|poke|p1|Wo-Chien|
|poke|p1|Iron Valiant|
|poke|p1|Kyurem|
|poke|p2|Pelipper, F|
|poke|p2|Kingdra, M|
|poke|p2|Barraskewda, M|
|poke|p2|Great Tusk|
|poke|p2|Gholdengo|
|poke|p2|Raging Bolt|
|teampreview
|inactive|Battle timer is ON: inactive players will automatically lose when time's up. (requested by 39% gxe)
|
|t:|1779562435
|teamsize|p1|6
|teamsize|p2|6
|start
|switch|p1a: dudeman|Iron Crown|100/100
|switch|p2a: Great Tusk|Great Tusk|100/100
|turn|1
|inactive|39% gxe has 120 seconds left.
|
|t:|1779562468
|-terastallize|p1a: dudeman|Steel
|move|p1a: dudeman|Tachyon Cutter|p2a: Great Tusk
|-damage|p2a: Great Tusk|30/100
|-damage|p2a: Great Tusk|0 fnt
|faint|p2a: Great Tusk
|-end|p2a: Great Tusk|Protosynthesis|[silent]
|-hitcount|p2: Great Tusk|2
|
|upkeep
|
|t:|1779562475
|switch|p2a: Pelipper|Pelipper, F|100/100
|-weather|RainDance|[from] ability: Drizzle|[of] p2a: Pelipper
|turn|2
|
|t:|1779562486
|-end|p1a: dudeman|Quark Drive|[silent]
|switch|p1a: Boolymon|Kyurem|100/100
|-ability|p1a: Boolymon|Pressure
|move|p2a: Pelipper|U-turn|p1a: Boolymon
|-damage|p1a: Boolymon|93/100
|
|t:|1779562510
|switch|p2a: Gholdengo|Gholdengo|100/100|[from] U-turn
|-item|p2a: Gholdengo|Air Balloon
|
|-weather|RainDance|[upkeep]
|-heal|p1a: Boolymon|99/100|[from] item: Leftovers
|upkeep
|turn|3
|
|t:|1779562520
|move|p1a: Boolymon|Protect|p1a: Boolymon
|-singleturn|p1a: Boolymon|Protect
|move|p2a: Gholdengo|Make It Rain|p1a: Boolymon
|-activate|p1a: Boolymon|move: Protect
|
|-weather|RainDance|[upkeep]
|-heal|p1a: Boolymon|100/100|[from] item: Leftovers
|upkeep
|turn|4
|
|t:|1779562533
|switch|p1a: dudeman|Iron Crown, tera:Steel|100/100
|move|p2a: Gholdengo|Nasty Plot|p2a: Gholdengo
|-boost|p2a: Gholdengo|spa|2
|
|-weather|RainDance|[upkeep]
|upkeep
|turn|5
|
|t:|1779562558
|move|p1a: dudeman|Tachyon Cutter|p2a: Gholdengo
|-resisted|p2a: Gholdengo
|-damage|p2a: Gholdengo|70/100
|-enditem|p2a: Gholdengo|Air Balloon
|-resisted|p2a: Gholdengo
|-damage|p2a: Gholdengo|42/100
|-hitcount|p2a: Gholdengo|2
|move|p2a: Gholdengo|Shadow Ball|p1a: dudeman
|-damage|p1a: dudeman|20/100
|
|-weather|RainDance|[upkeep]
|upkeep
|turn|6
|inactive|Pakas123 has 120 seconds left.
|
|t:|1779562575
|switch|p2a: Barraskewda|Barraskewda, M|100/100
|move|p1a: dudeman|Tachyon Cutter|p2a: Barraskewda
|-resisted|p2a: Barraskewda
|-damage|p2a: Barraskewda|41/100
|-resisted|p2a: Barraskewda
|-damage|p2a: Barraskewda|0 fnt
|faint|p2a: Barraskewda
|-hitcount|p2: Barraskewda|2
|
|-weather|RainDance|[upkeep]
|upkeep
|inactive|Pakas123 has 120 seconds left.
|
|t:|1779562586
|switch|p2a: Kingdra|Kingdra, M|100/100
|turn|7
|inactive|Pakas123 has 120 seconds left.
|inactive|39% gxe has 120 seconds left.
|
|t:|1779562630
|move|p1a: dudeman|Tachyon Cutter|p2a: Kingdra
|-resisted|p2a: Kingdra
|-damage|p2a: Kingdra|67/100
|-resisted|p2a: Kingdra
|-damage|p2a: Kingdra|37/100
|-hitcount|p2a: Kingdra|2
|move|p2a: Kingdra|Focus Energy|p2a: Kingdra
|-start|p2a: Kingdra|move: Focus Energy
|
|-weather|RainDance|[upkeep]
|upkeep
|turn|8
|inactive|Pakas123 has 120 seconds left.
|
|t:|1779562643
|move|p1a: dudeman|Tachyon Cutter|p2a: Kingdra
|-resisted|p2a: Kingdra
|-damage|p2a: Kingdra|8/100
|-resisted|p2a: Kingdra
|-damage|p2a: Kingdra|0 fnt
|faint|p2a: Kingdra
|-hitcount|p2: Kingdra|2
|
|-weather|RainDance|[upkeep]
|upkeep
|inactive|Pakas123 has 120 seconds left.
|
|t:|1779562652
|switch|p2a: Raging Bolt|Raging Bolt|100/100
|turn|9
|
|t:|1779562660
|move|p2a: Raging Bolt|Thunderclap|p1a: dudeman
|-damage|p1a: dudeman|0 fnt
|faint|p1a: dudeman
|-end|p1a: dudeman|Quark Drive|[silent]
|
|-weather|none
|upkeep
|
|t:|1779562669
|switch|p1a: what set am i?|Iron Valiant|100/100
|-enditem|p1a: what set am i?|Booster Energy
|-activate|p1a: what set am i?|ability: Quark Drive|[fromitem]
|-start|p1a: what set am i?|quarkdrivespe
|turn|10
|
|t:|1779562685
|move|p1a: what set am i?|Encore|p2a: Raging Bolt
|-start|p2a: Raging Bolt|Encore
|move|p2a: Raging Bolt|Thunderclap||[still]
|-fail|p2a: Raging Bolt
|
|upkeep
|turn|11
|
|t:|1779562697
|move|p2a: Raging Bolt|Thunderclap||[still]
|-fail|p2a: Raging Bolt
|move|p1a: what set am i?|Calm Mind|p1a: what set am i?
|-boost|p1a: what set am i?|spa|1
|-boost|p1a: what set am i?|spd|1
|
|upkeep
|turn|12
|
|t:|1779562705
|move|p2a: Raging Bolt|Thunderclap||[still]
|-fail|p2a: Raging Bolt
|move|p1a: what set am i?|Calm Mind|p1a: what set am i?
|-boost|p1a: what set am i?|spa|1
|-boost|p1a: what set am i?|spd|1
|
|-end|p2a: Raging Bolt|Encore
|upkeep
|turn|13
|inactive|Pakas123 has 120 seconds left.
|
|t:|1779562742
|-end|p2a: Raging Bolt|Protosynthesis|[silent]
|switch|p2a: Pelipper|Pelipper, F|100/100
|-weather|RainDance|[from] ability: Drizzle|[of] p2a: Pelipper
|move|p1a: what set am i?|Encore||[still]
|-fail|p1a: what set am i?
|
|-weather|RainDance|[upkeep]
|upkeep
|turn|14
|
|t:|1779562753
|move|p1a: what set am i?|Moonblast|p2a: Pelipper
|-damage|p2a: Pelipper|0 fnt
|faint|p2a: Pelipper
|
|-weather|RainDance|[upkeep]
|upkeep
|
|t:|1779562759
|switch|p2a: Gholdengo|Gholdengo|42/100
|turn|15
|
|t:|1779562764
|-terastallize|p2a: Gholdengo|Flying
|move|p1a: what set am i?|Shadow Ball|p2a: Gholdengo
|-damage|p2a: Gholdengo|0 fnt
|faint|p2a: Gholdengo
|
|-weather|RainDance|[upkeep]
|upkeep
|inactive|Pakas123 has 120 seconds left.
|-message|Pakas123 forfeited.
|
|win|39% gxe
|raw|39% gxe's rating: 1179 &rarr; <strong>1202</strong><br />(+23 for winning)
|raw|Pakas123's rating: 1148 &rarr; <strong>1125</strong><br />(-23 for losing)
|l|☆Pakas123
|player|p2|
