|j|☆ChillLanturnYT
|j|☆vontade88
|t:|1779713065
|gametype|singles
|player|p1|ChillLanturnYT|palmer|1137
|player|p2|vontade88|1|1129
|gen|9
|tier|[Gen 9] OU
|rated|
|rule|HP Percentage Mod: HP is shown in percentages
|rule|Endless Battle Clause: Forcing endless battles is banned
|rule|Species Clause: Limit one of each Pokémon
|rule|OHKO Clause: OHKO moves are banned
|rule|Evasion Items Clause: Evasion items are banned
|rule|Evasion Moves Clause: Evasion moves are banned
|rule|Evasion Abilities Clause: Evasion abilities are banned
|rule|Sleep Moves Clause: Sleep-inducing moves are banned
|clearpoke
|poke|p1|Feraligatr, M|
|poke|p1|Sawsbuck-Summer, F|
|poke|p1|Gholdengo|
|poke|p1|Iron Treads|
|poke|p1|Weezing-Galar, F|
|poke|p1|Milotic, F|
|poke|p2|Grimmsnarl, M|
|poke|p2|Enamorus, F|
|poke|p2|Iron Valiant|
|poke|p2|Iron Treads|
|poke|p2|Heatran, F|
|poke|p2|Cloyster, F|
|teampreview
|inactive|Battle timer is ON: inactive players will automatically lose when time's up. (requested by ChillLanturnYT)
|
|t:|1779713087
|teamsize|p1|6
|teamsize|p2|6
|start
|switch|p1a: Milotic|Milotic, F|100/100
|switch|p2a: Grimmsnarl|Grimmsnarl, M|100/100
|turn|1
|
|t:|1779713095
|switch|p1a: Gholdengo|Gholdengo|100/100
|-item|p1a: Gholdengo|Air Balloon
|move|p2a: Grimmsnarl|Thunder Wave|p1a: Gholdengo
|-immune|p1a: Gholdengo|[from] ability: Good as Gold
|
|upkeep
|turn|2
|
|t:|1779713100
|move|p1a: Gholdengo|Nasty Plot|p1a: Gholdengo
|-boost|p1a: Gholdengo|spa|2
|move|p2a: Grimmsnarl|Spirit Break|p1a: Gholdengo
|-resisted|p1a: Gholdengo
|-damage|p1a: Gholdengo|83/100
|-unboost|p1a: Gholdengo|spa|1
|-enditem|p1a: Gholdengo|Air Balloon
|
|upkeep
|turn|3
|
|t:|1779713107
|switch|p2a: Heatran|Heatran, F|100/100
|move|p1a: Gholdengo|Make It Rain|p2a: Heatran
|-resisted|p2a: Heatran
|-crit|p2a: Heatran
|-damage|p2a: Heatran|74/100
|-unboost|p1a: Gholdengo|spa|1
|
|-heal|p2a: Heatran|80/100|[from] item: Leftovers
|upkeep
|turn|4
|
|t:|1779713119
|switch|p1a: Milotic|Milotic, F|100/100
|move|p2a: Heatran|Earth Power|p1a: Milotic
|-damage|p1a: Milotic|83/100
|-unboost|p1a: Milotic|spd|1
|-ability|p1a: Milotic|Competitive|boost
|-boost|p1a: Milotic|spa|2
|
|-heal|p1a: Milotic|89/100|[from] item: Leftovers
|-heal|p2a: Heatran|86/100|[from] item: Leftovers
|upkeep
|turn|5
|
|t:|1779713126
|switch|p2a: Grimmsnarl|Grimmsnarl, M|100/100
|move|p1a: Milotic|Coil|p1a: Milotic
|-boost|p1a: Milotic|atk|1
|-boost|p1a: Milotic|def|1
|-boost|p1a: Milotic|accuracy|1
|
|-heal|p1a: Milotic|95/100|[from] item: Leftovers
|upkeep
|turn|6
|
|t:|1779713141
|move|p2a: Grimmsnarl|Thunder Wave|p1a: Milotic
|-status|p1a: Milotic|par
|move|p1a: Milotic|Aqua Ring|p1a: Milotic
|-start|p1a: Milotic|Aqua Ring
|
|-heal|p1a: Milotic|100/100 par|[from] item: Leftovers
|upkeep
|turn|7
|
|t:|1779713148
|move|p2a: Grimmsnarl|Spirit Break|p1a: Milotic
|-damage|p1a: Milotic|77/100 par
|-unboost|p1a: Milotic|spa|1
|-ability|p1a: Milotic|Competitive|boost
|-boost|p1a: Milotic|spa|2
|move|p1a: Milotic|Hydro Pump|p2a: Grimmsnarl
|-damage|p2a: Grimmsnarl|0 fnt
|faint|p2a: Grimmsnarl
|
|-heal|p1a: Milotic|83/100 par|[from] item: Leftovers
|-heal|p1a: Milotic|89/100 par|[from] Aqua Ring
|upkeep
|
|t:|1779713167
|switch|p2a: Iron Valiant|Iron Valiant|100/100
|-enditem|p2a: Iron Valiant|Booster Energy
|-activate|p2a: Iron Valiant|ability: Quark Drive|[fromitem]
|-start|p2a: Iron Valiant|quarkdrivespe
|turn|8
|
|t:|1779713171
|move|p2a: Iron Valiant|Thunderbolt|p1a: Milotic
|-supereffective|p1a: Milotic
|-damage|p1a: Milotic|38/100 par
|move|p1a: Milotic|Hydro Pump|p2a: Iron Valiant
|-damage|p2a: Iron Valiant|0 fnt
|faint|p2a: Iron Valiant
|-end|p2a: Iron Valiant|Quark Drive|[silent]
|
|-heal|p1a: Milotic|44/100 par|[from] item: Leftovers
|-heal|p1a: Milotic|50/100 par|[from] Aqua Ring
|upkeep
|
|t:|1779713178
|switch|p2a: Iron Treads|Iron Treads|100/100
|turn|9
|
|t:|1779713181
|move|p2a: Iron Treads|Earthquake|p1a: Milotic
|-damage|p1a: Milotic|15/100 par
|move|p1a: Milotic|Hydro Pump|p2a: Iron Treads
|-supereffective|p2a: Iron Treads
|-damage|p2a: Iron Treads|0 fnt
|faint|p2a: Iron Treads
|-end|p2a: Iron Treads|Quark Drive|[silent]
|
|-heal|p1a: Milotic|22/100 par|[from] item: Leftovers
|-heal|p1a: Milotic|28/100 par|[from] Aqua Ring
|upkeep
|-message|vontade88 forfeited.
|
|win|ChillLanturnYT
|raw|ChillLanturnYT's rating: 1137 &rarr; <strong>1161</strong><br />(+24 for winning)
|raw|vontade88's rating: 1129 &rarr; <strong>1105</strong><br />(-24 for losing)
|l|☆vontade88
|player|p2|
