|j|☆A05236
|j|☆Abyssal Bot
|t:|1779573006
|gametype|singles
|player|p1|A05236|265|
|player|p2|Abyssal Bot|supernerd|
|teamsize|p1|6
|teamsize|p2|6
|gen|9
|tier|[Gen 9] OU
|rule|Species Clause: Limit one of each Pokémon
|rule|OHKO Clause: OHKO moves are banned
|rule|Evasion Items Clause: Evasion items are banned
|rule|Evasion Moves Clause: Evasion moves are banned
|rule|Endless Battle Clause: Forcing endless battles is banned
|rule|HP Percentage Mod: HP is shown in percentages
|rule|Sleep Moves Clause: Sleep-inducing moves are banned
|clearpoke
|poke|p1|Rufflet, M|
|poke|p1|Ninetales-Alola, F|
|poke|p1|Carkol, F|
|poke|p1|Dragonair, F|
|poke|p1|Magnezone|
|poke|p1|Dragonite, F|
|poke|p2|Iron Moth|
|poke|p2|Kingambit, M|
|poke|p2|Iron Valiant|
|poke|p2|Rillaboom, M|
|poke|p2|Ogerpon-Cornerstone, F|
|poke|p2|Raging Bolt|
|teampreview
|c|☆Abyssal Bot|Good Luck and Have Fun my Friend!
|inactive|Battle timer is ON: inactive players will automatically lose when time's up. (requested by Abyssal Bot)
|j|*Turbo Bottttt
|c|☆A05236|its a pleasure to be with you again my friendf
|c|☆A05236|if only you was on the level of google ai
|inactive|A05236 has 270 seconds left.
|c|☆A05236|that really would be fucking interesting to hear
|c|☆A05236|could you maybe have a word to be fair. maybe an upgrade to be fair?
|
|t:|1779573059
|start
|switch|p1a: twice|Rufflet, M|100/100
|switch|p2a: Calamity|Iron Valiant, shiny|100/100
|-enditem|p2a: Calamity|Booster Energy
|-activate|p2a: Calamity|ability: Quark Drive|[fromitem]
|-start|p2a: Calamity|quarkdrivespe
|turn|1
|
|t:|1779573064
|move|p2a: Calamity|Substitute|p2a: Calamity
|-start|p2a: Calamity|Substitute
|-damage|p2a: Calamity|76/100
|move|p1a: twice|Brave Bird|p2a: Calamity
|-supereffective|p2a: Calamity
|-end|p2a: Calamity|Substitute
|-damage|p1a: twice|92/100|[from] Recoil|[of] p2a: Calamity
|
|upkeep
|turn|2
|
|t:|1779573067
|move|p2a: Calamity|Moonblast|p1a: twice
|-damage|p1a: twice|52/100
|-unboost|p1a: twice|spa|1
|move|p1a: twice|Brave Bird|p2a: Calamity
|-supereffective|p2a: Calamity
|-damage|p2a: Calamity|0
|faint|p2a: Calamity
|-end|p2a: Calamity|Quark Drive|[silent]
|-damage|p1a: twice|26/100|[from] Recoil
|
|upkeep
|
|t:|1779573067
|switch|p2a: Overgod|Kingambit, M, shiny|100/100
|-activate|p2a: Overgod|ability: Supreme Overlord
|-start|p2a: Overgod|fallen1|[silent]
|turn|3
|
|t:|1779573071
|move|p2a: Overgod|Sucker Punch|p1a: twice
|-damage|p1a: twice|0
|faint|p1a: twice
|
|upkeep
|
|t:|1779573076
|switch|p1a: deadly|Magnezone|100/100
|turn|4
|
|t:|1779573079
|move|p1a: deadly|Body Press|p2a: Overgod
|-supereffective|p2a: Overgod
|-damage|p2a: Overgod|0
|faint|p2a: Overgod
|-end|p2a: Overgod|fallen1|[silent]
|-damage|p1a: deadly|91/100|[from] item: Life Orb
|
|upkeep
|
|t:|1779573079
|switch|p2a: Byakko|Raging Bolt|100/100
|-enditem|p2a: Byakko|Booster Energy
|-activate|p2a: Byakko|ability: Protosynthesis|[fromitem]
|-start|p2a: Byakko|protosynthesisspa
|turn|5
|
|t:|1779573086
|switch|p1a: the agency|Dragonite, F|100/100
|move|p2a: Byakko|Dragon Pulse|p1a: the agency
|-supereffective|p1a: the agency
|-damage|p1a: the agency|37/100
|
|upkeep
|turn|6
|
|t:|1779573089
|move|p1a: the agency|Scale Shot|p2a: Byakko
|-supereffective|p2a: Byakko
|-damage|p2a: Byakko|71/100
|-supereffective|p2a: Byakko
|-damage|p2a: Byakko|42/100
|-supereffective|p2a: Byakko
|-damage|p2a: Byakko|12/100
|-supereffective|p2a: Byakko
|-damage|p2a: Byakko|0
|faint|p2a: Byakko
|-end|p2a: Byakko|Protosynthesis|[silent]
|-hitcount|p2: Byakko|4
|-unboost|p1a: the agency|def|1
|-boost|p1a: the agency|spe|1
|
|upkeep
|
|t:|1779573089
|switch|p2a: Symbolism|Iron Moth, shiny|100/100
|-enditem|p2a: Symbolism|Booster Energy
|-activate|p2a: Symbolism|ability: Quark Drive|[fromitem]
|-start|p2a: Symbolism|quarkdrivespe
|turn|7
|
|t:|1779573102
|switch|p1a: inroads|Carkol, F|100/100
|move|p2a: Symbolism|Sludge Wave|p1a: inroads
|-resisted|p1a: inroads
|-damage|p1a: inroads|79/100
|
|upkeep
|turn|8
|
|t:|1779573105
|-end|p2a: Symbolism|Quark Drive|[silent]
|switch|p2a: Spirit Monger|Ogerpon-Cornerstone, F|100/100
|move|p1a: inroads|Power Gem|p2a: Spirit Monger
|-damage|p2a: Spirit Monger|80/100
|
|upkeep
|turn|9
|
|t:|1779573112
|switch|p1a: china|Dragonair, F|100/100
|move|p2a: Spirit Monger|Power Whip|p1a: china
|-resisted|p1a: china
|-damage|p1a: china|75/100
|
|upkeep
|turn|10
|
|t:|1779573114
|move|p2a: Spirit Monger|Taunt|p1a: china
|-start|p1a: china|move: Taunt
|cant|p1a: china|move: Taunt|Thunder Wave
|
|upkeep
|turn|11
|
|t:|1779573116
|move|p2a: Spirit Monger|Ivy Cudgel|p1a: china|[anim] Ivy Cudgel Rock
|-damage|p1a: china|38/100
|move|p1a: china|Outrage|p2a: Spirit Monger
|-damage|p2a: Spirit Monger|33/100
|
|upkeep
|turn|12
|
|t:|1779573119
|move|p2a: Spirit Monger|Power Whip|p1a: china
|-resisted|p1a: china
|-damage|p1a: china|14/100
|move|p1a: china|Outrage|p2a: Spirit Monger|[from]lockedmove
|-damage|p2a: Spirit Monger|0
|faint|p2a: Spirit Monger
|-start|p1a: china|confusion|[fatigue]
|
|-end|p1a: china|move: Taunt
|upkeep
|
|t:|1779573119
|switch|p2a: Kong|Rillaboom, M, shiny|100/100
|-fieldstart|move: Grassy Terrain|[from] ability: Grassy Surge|[of] p2a: Kong
|turn|13
|
|t:|1779573122
|move|p2a: Kong|Wood Hammer|p1a: china
|-resisted|p1a: china
|-damage|p1a: china|0
|faint|p1a: china
|-damage|p2a: Kong|96/100|[from] Recoil
|
|-heal|p2a: Kong|100/100|[from] Grassy Terrain
|upkeep
|l|☆A05236
|inactive|A05236 disconnected and has 300 seconds to reconnect!
|player|p1|
|inactive|A05236 has 270 seconds to reconnect!
|inactive|A05236 has 240 seconds to reconnect!
|j|☆A05236
|inactive|A05236 reconnected and has 275 seconds left.
|player|p1|A05236|265|
|inactive|A05236 has 270 seconds left.
|
|t:|1779573237
|switch|p1a: deadly|Magnezone|91/100
|turn|14
|
|t:|1779573240
|move|p2a: Kong|Wood Hammer|p1a: deadly
|-resisted|p1a: deadly
|-damage|p1a: deadly|29/100
|-damage|p2a: Kong|84/100|[from] Recoil
|move|p1a: deadly|Thunderbolt|p2a: Kong
|-resisted|p2a: Kong
|-damage|p2a: Kong|43/100
|-damage|p1a: deadly|19/100|[from] item: Life Orb
|
|-heal|p2a: Kong|49/100|[from] Grassy Terrain
|-heal|p1a: deadly|25/100|[from] Grassy Terrain
|upkeep
|turn|15
|
|t:|1779573245
|move|p2a: Kong|Wood Hammer|p1a: deadly
|-resisted|p1a: deadly
|-damage|p1a: deadly|0
|faint|p1a: deadly
|-damage|p2a: Kong|42/100|[from] Recoil
|
|-heal|p2a: Kong|48/100|[from] Grassy Terrain
|upkeep
|
|t:|1779573250
|switch|p1a: negotiations|Ninetales-Alola, F|100/100
|-weather|Snow|[from] ability: Snow Warning|[of] p1a: negotiations
|turn|16
|
|t:|1779573252
|move|p1a: negotiations|Aurora Veil|p1a: negotiations
|-sidestart|p1: A05236|move: Aurora Veil
|move|p2a: Kong|Wood Hammer|p1a: negotiations
|-damage|p1a: negotiations|35/100
|-damage|p2a: Kong|30/100|[from] Recoil
|
|-weather|Snow|[upkeep]
|-heal|p1a: negotiations|41/100|[from] Grassy Terrain
|-heal|p2a: Kong|36/100|[from] Grassy Terrain
|upkeep
|turn|17
|
|t:|1779573255
|move|p1a: negotiations|Moonblast|p2a: Kong
|-damage|p2a: Kong|0
|faint|p2a: Kong
|
|-weather|Snow|[upkeep]
|-heal|p1a: negotiations|47/100|[from] Grassy Terrain
|-fieldend|move: Grassy Terrain
|upkeep
|
|t:|1779573255
|switch|p2a: Symbolism|Iron Moth, shiny|100/100
|turn|18
|
|t:|1779573257
|move|p2a: Symbolism|Fiery Dance|p1a: negotiations
|-supereffective|p1a: negotiations
|-damage|p1a: negotiations|0
|faint|p1a: negotiations
|
|-weather|Snow|[upkeep]
|upkeep
|
|t:|1779573261
|switch|p1a: inroads|Carkol, F|79/100
|turn|19
|
|t:|1779573262
|move|p2a: Symbolism|Psychic|p1a: inroads
|-damage|p1a: inroads|67/100
|move|p1a: inroads|Power Gem|p2a: Symbolism
|-supereffective|p2a: Symbolism
|-damage|p2a: Symbolism|64/100
|
|-weather|Snow|[upkeep]
|upkeep
|turn|20
|
|t:|1779573265
|move|p2a: Symbolism|Substitute|p2a: Symbolism
|-start|p2a: Symbolism|Substitute
|-damage|p2a: Symbolism|39/100
|move|p1a: inroads|Power Gem|p2a: Symbolism
|-supereffective|p2a: Symbolism
|-end|p2a: Symbolism|Substitute
|
|-weather|none
|upkeep
|turn|21
|
|t:|1779573267
|move|p2a: Symbolism|Substitute|p2a: Symbolism
|-start|p2a: Symbolism|Substitute
|-damage|p2a: Symbolism|14/100
|move|p1a: inroads|Power Gem|p2a: Symbolism
|-supereffective|p2a: Symbolism
|-end|p2a: Symbolism|Substitute
|
|upkeep
|turn|22
|
|t:|1779573269
|move|p2a: Symbolism|Psychic|p1a: inroads
|-damage|p1a: inroads|54/100
|move|p1a: inroads|Power Gem|p2a: Symbolism
|-supereffective|p2a: Symbolism
|-damage|p2a: Symbolism|0
|faint|p2a: Symbolism
|-end|p2a: Symbolism|Quark Drive|[silent]
|
|win|A05236
|c|☆Abyssal Bot|This loss doesn't matter, because I'm just a bot.
|l|☆Abyssal Bot
|player|p2|
|l|*Turbo Bottttt
