|j|☆sughari
|j|☆SillySushi
|t:|1779585483
|gametype|singles
|player|p1|sughari|169|1040
|player|p2|SillySushi|maid|1040
|gen|9
|tier|[Gen 9] OU
|rated|
|rule|HP Percentage Mod: HP is shown in percentages
|rule|Endless Battle Clause: Forcing endless battles is banned
|rule|Species Clause: Limit one of each Pokémon
|rule|OHKO Clause: OHKO moves are banned
|rule|Evasion Items Clause: Evasion items are banned
|rule|Evasion Moves Clause: Evasion moves are banned
|rule|Evasion Abilities Clause: Evasion abilities are banned
|rule|Sleep Moves Clause: Sleep-inducing moves are banned
|clearpoke
|poke|p1|Salamence, M|
|poke|p1|Weavile, M|
|poke|p1|Arcanine-Hisui, F|
|poke|p1|Empoleon, M|
|poke|p1|Espeon, F|
|poke|p1|Iron Moth|
|poke|p2|Pelipper, F|
|poke|p2|Kingdra, M|
|poke|p2|Barraskewda, F|
|poke|p2|Tornadus-Therian, M|
|poke|p2|Iron Moth|
|poke|p2|Iron Treads|
|teampreview
|inactive|Battle timer is ON: inactive players will automatically lose when time's up. (requested by SillySushi)
|
|t:|1779585488
|teamsize|p1|6
|teamsize|p2|6
|start
|switch|p1a: Arcanine|Arcanine-Hisui, F|100/100
|switch|p2a: Pelipper|Pelipper, F|100/100
|-weather|RainDance|[from] ability: Drizzle|[of] p2a: Pelipper
|turn|1
|
|t:|1779585500
|switch|p2a: Iron Treads|Iron Treads|100/100
|-item|p2a: Iron Treads|Air Balloon
|move|p1a: Arcanine|Wild Charge|p2a: Iron Treads
|-immune|p2a: Iron Treads
|
|-weather|RainDance|[upkeep]
|upkeep
|turn|2
|
|t:|1779585511
|switch|p1a: Salamence|Salamence, M|100/100
|-ability|p1a: Salamence|Intimidate|boost
|-unboost|p2a: Iron Treads|atk|1
|move|p2a: Iron Treads|Earthquake|p1a: Salamence
|-immune|p1a: Salamence
|
|-weather|RainDance|[upkeep]
|upkeep
|turn|3
|
|t:|1779585528
|move|p2a: Iron Treads|Stealth Rock|p1a: Salamence
|-sidestart|p1: sughari|move: Stealth Rock
|move|p1a: Salamence|Hydro Pump|p2a: Iron Treads
|-supereffective|p2a: Iron Treads
|-damage|p2a: Iron Treads|0 fnt
|-enditem|p2a: Iron Treads|Air Balloon
|faint|p2a: Iron Treads
|-end|p2a: Iron Treads|Quark Drive|[silent]
|
|-weather|RainDance|[upkeep]
|upkeep
|
|t:|1779585538
|switch|p2a: Kingdra|Kingdra, M|100/100
|turn|4
|
|t:|1779585544
|switch|p1a: Empoleon|Empoleon, M|100/100
|-damage|p1a: Empoleon|94/100|[from] Stealth Rock
|move|p2a: Kingdra|Flip Turn|p1a: Empoleon
|-resisted|p1a: Empoleon
|-damage|p1a: Empoleon|82/100
|
|t:|1779585550
|switch|p2a: Barraskewda|Barraskewda, F|100/100|[from] Flip Turn
|
|-weather|RainDance|[upkeep]
|-heal|p1a: Empoleon|88/100|[from] item: Leftovers
|upkeep
|turn|5
|
|t:|1779585583
|move|p2a: Barraskewda|Aqua Jet|p1a: Empoleon
|-resisted|p1a: Empoleon
|-damage|p1a: Empoleon|67/100
|move|p1a: Empoleon|Iron Defense|p1a: Empoleon
|-boost|p1a: Empoleon|def|2
|
|-weather|RainDance|[upkeep]
|-heal|p1a: Empoleon|73/100|[from] item: Leftovers
|upkeep
|turn|6
|c|☆SillySushi|Omg I fat fingered
|c|☆SillySushi|Witw
|
|t:|1779585597
|switch|p2a: Tornadus|Tornadus-Therian, M|100/100
|move|p1a: Empoleon|Iron Defense|p1a: Empoleon
|-boost|p1a: Empoleon|def|2
|
|-weather|RainDance|[upkeep]
|-heal|p1a: Empoleon|79/100|[from] item: Leftovers
|upkeep
|turn|7
|
|t:|1779585608
|move|p2a: Tornadus|Nasty Plot|p2a: Tornadus
|-boost|p2a: Tornadus|spa|2
|move|p1a: Empoleon|Ice Beam|p2a: Tornadus
|-supereffective|p2a: Tornadus
|-damage|p2a: Tornadus|40/100
|
|-weather|RainDance|[upkeep]
|-heal|p1a: Empoleon|85/100|[from] item: Leftovers
|upkeep
|turn|8
|
|t:|1779585621
|move|p2a: Tornadus|Focus Blast|p1a: Empoleon
|-supereffective|p1a: Empoleon
|-damage|p1a: Empoleon|0 fnt
|faint|p1a: Empoleon
|
|-weather|none
|upkeep
|
|t:|1779585636
|switch|p1a: Arcanine|Arcanine-Hisui, F|100/100
|-damage|p1a: Arcanine|76/100|[from] Stealth Rock
|turn|9
|
|t:|1779585643
|switch|p2a: Pelipper|Pelipper, F|100/100
|-weather|RainDance|[from] ability: Drizzle|[of] p2a: Pelipper
|move|p1a: Arcanine|Stone Edge|p2a: Pelipper|[miss]
|-miss|p1a: Arcanine|p2a: Pelipper
|
|-weather|RainDance|[upkeep]
|upkeep
|turn|10
|
|t:|1779585658
|move|p1a: Arcanine|Stone Edge|p2a: Pelipper
|-supereffective|p2a: Pelipper
|-damage|p2a: Pelipper|24/100
|move|p2a: Pelipper|U-turn|p1a: Arcanine
|-resisted|p1a: Arcanine
|-damage|p1a: Arcanine|70/100
|
|t:|1779585660
|switch|p2a: Kingdra|Kingdra, M|100/100|[from] U-turn
|
|-weather|RainDance|[upkeep]
|upkeep
|turn|11
|
|t:|1779585675
|move|p2a: Kingdra|Weather Ball|p1a: Arcanine
|-supereffective|p1a: Arcanine
|-damage|p1a: Arcanine|0 fnt
|faint|p1a: Arcanine
|
|-weather|RainDance|[upkeep]
|upkeep
|
|t:|1779585685
|switch|p1a: Espeon|Espeon, F|100/100
|-damage|p1a: Espeon|88/100|[from] Stealth Rock
|turn|12
|
|t:|1779585715
|-terastallize|p1a: Espeon|Fairy
|move|p2a: Kingdra|Weather Ball|p1a: Espeon
|-damage|p1a: Espeon|0 fnt
|faint|p1a: Espeon
|
|-weather|RainDance|[upkeep]
|upkeep
|
|t:|1779585725
|switch|p1a: Salamence|Salamence, M|100/100
|-damage|p1a: Salamence|75/100|[from] Stealth Rock
|-ability|p1a: Salamence|Intimidate|boost
|-unboost|p2a: Kingdra|atk|1
|turn|13
|inactive|SillySushi has 120 seconds left.
|
|t:|1779585754
|-terastallize|p2a: Kingdra|Water
|move|p2a: Kingdra|Weather Ball|p1a: Salamence
|-resisted|p1a: Salamence
|-damage|p1a: Salamence|0 fnt
|faint|p1a: Salamence
|
|-weather|RainDance|[upkeep]
|upkeep
|
|t:|1779585768
|switch|p1a: Iron Moth|Iron Moth|100/100
|-damage|p1a: Iron Moth|76/100|[from] Stealth Rock
|-enditem|p1a: Iron Moth|Booster Energy
|-activate|p1a: Iron Moth|ability: Quark Drive|[fromitem]
|-start|p1a: Iron Moth|quarkdrivespe
|turn|14
|
|t:|1779585775
|move|p2a: Kingdra|Weather Ball|p1a: Iron Moth
|-supereffective|p1a: Iron Moth
|-damage|p1a: Iron Moth|0 fnt
|faint|p1a: Iron Moth
|-end|p1a: Iron Moth|Quark Drive|[silent]
|
|-weather|RainDance|[upkeep]
|upkeep
|-message|sughari forfeited.
|
|win|SillySushi
|raw|sughari's rating: 1040 &rarr; <strong>1024</strong><br />(-16 for losing)
|raw|SillySushi's rating: 1040 &rarr; <strong>1074</strong><br />(+34 for winning)
|l|☆sughari
|player|p1|
