|j|☆renardoux99
|j|☆PHXSUNS
|t:|1779716312
|gametype|singles
|player|p1|renardoux99|medium|1165
|player|p2|PHXSUNS|265|1180
|gen|9
|tier|[Gen 9] OU
|rated|
|rule|HP Percentage Mod: HP is shown in percentages
|rule|Endless Battle Clause: Forcing endless battles is banned
|rule|Species Clause: Limit one of each Pokémon
|rule|OHKO Clause: OHKO moves are banned
|rule|Evasion Items Clause: Evasion items are banned
|rule|Evasion Moves Clause: Evasion moves are banned
|rule|Evasion Abilities Clause: Evasion abilities are banned
|rule|Sleep Moves Clause: Sleep-inducing moves are banned
|clearpoke
|poke|p1|Samurott-Hisui, M|
|poke|p1|Gholdengo|
|poke|p1|Iron Valiant|
|poke|p1|Iron Crown|
|poke|p1|Landorus-Therian, M|
|poke|p1|Deoxys-Speed|
|poke|p2|Garchomp, M|
|poke|p2|Porygon2|
|poke|p2|Vaporeon, F|
|poke|p2|Corviknight, F|
|poke|p2|Excadrill, M|
|poke|p2|Infernape, F|
|teampreview
|
|t:|1779716324
|teamsize|p1|6
|teamsize|p2|6
|start
|switch|p1a: Pascaloutre|Samurott-Hisui, M|100/100
|switch|p2a: Garchomp|Garchomp, M|100/100
|turn|1
|inactive|Battle timer is ON: inactive players will automatically lose when time's up. (requested by PHXSUNS)
|
|t:|1779716336
|move|p1a: Pascaloutre|Razor Shell|p2a: Garchomp
|-damage|p2a: Garchomp|58/100
|-damage|p1a: Pascaloutre|88/100|[from] ability: Rough Skin|[of] p2a: Garchomp
|move|p2a: Garchomp|Draco Meteor|p1a: Pascaloutre
|-damage|p1a: Pascaloutre|0 fnt
|-unboost|p2a: Garchomp|spa|2
|faint|p1a: Pascaloutre
|
|upkeep
|
|t:|1779716349
|switch|p1a: Agrabah|Landorus-Therian, M|100/100
|-ability|p1a: Agrabah|Intimidate|boost
|-unboost|p2a: Garchomp|atk|1
|turn|2
|
|t:|1779716357
|switch|p2a: Corviknight|Corviknight, F|100/100
|move|p1a: Agrabah|Grass Knot|p2a: Corviknight
|-resisted|p2a: Corviknight
|-damage|p2a: Corviknight|97/100
|-damage|p1a: Agrabah|84/100|[from] item: Rocky Helmet|[of] p2a: Corviknight
|
|-heal|p1a: Agrabah|90/100|[from] item: Leftovers
|upkeep
|turn|3
|
|t:|1779716372
|move|p1a: Agrabah|U-turn|p2a: Corviknight
|-resisted|p2a: Corviknight
|-damage|p2a: Corviknight|92/100
|-damage|p1a: Agrabah|73/100|[from] item: Rocky Helmet|[of] p2a: Corviknight
|
|t:|1779716379
|switch|p1a: You're to slow|Deoxys-Speed|100/100|[from] U-turn
|-ability|p1a: You're to slow|Pressure
|move|p2a: Corviknight|Iron Head|p1a: You're to slow
|-damage|p1a: You're to slow|61/100
|
|upkeep
|turn|4
|
|t:|1779716388
|switch|p2a: Vaporeon|Vaporeon, F|100/100
|move|p1a: You're to slow|Reflect|p1a: You're to slow
|-sidestart|p1: renardoux99|Reflect
|
|upkeep
|turn|5
|
|t:|1779716397
|move|p1a: You're to slow|Light Screen|p1a: You're to slow
|-sidestart|p1: renardoux99|move: Light Screen
|move|p2a: Vaporeon|Wish|p2a: Vaporeon
|
|upkeep
|turn|6
|
|t:|1779716405
|move|p1a: You're to slow|Stealth Rock|p2a: Vaporeon
|-sidestart|p2: PHXSUNS|move: Stealth Rock
|move|p2a: Vaporeon|Scald|p1a: You're to slow
|-damage|p1a: You're to slow|37/100
|
|upkeep
|turn|7
|
|t:|1779716412
|move|p1a: You're to slow|Psycho Boost|p2a: Vaporeon
|-damage|p2a: Vaporeon|56/100
|-unboost|p1a: You're to slow|spa|2
|move|p2a: Vaporeon|Wish|p2a: Vaporeon
|
|-heal|p2a: Vaporeon|62/100|[from] item: Leftovers
|upkeep
|turn|8
|
|t:|1779716422
|switch|p1a: DeTypeAcier|Iron Crown|100/100
|-enditem|p1a: DeTypeAcier|Booster Energy
|-activate|p1a: DeTypeAcier|ability: Quark Drive|[fromitem]
|-start|p1a: DeTypeAcier|quarkdrivespa
|move|p2a: Vaporeon|Scald|p1a: DeTypeAcier
|-crit|p1a: DeTypeAcier
|-damage|p1a: DeTypeAcier|55/100
|
|-heal|p2a: Vaporeon|100/100|[from] move: Wish|[wisher] Vaporeon
|upkeep
|turn|9
|
|t:|1779716438
|move|p2a: Vaporeon|Protect|p2a: Vaporeon
|-singleturn|p2a: Vaporeon|Protect
|move|p1a: DeTypeAcier|Calm Mind|p1a: DeTypeAcier
|-boost|p1a: DeTypeAcier|spa|1
|-boost|p1a: DeTypeAcier|spd|1
|
|upkeep
|turn|10
|
|t:|1779716449
|switch|p2a: Corviknight|Corviknight, F|92/100
|-damage|p2a: Corviknight|79/100|[from] Stealth Rock
|move|p1a: DeTypeAcier|Agility|p1a: DeTypeAcier
|-boost|p1a: DeTypeAcier|spe|2
|
|upkeep
|turn|11
|
|t:|1779716467
|move|p1a: DeTypeAcier|Focus Blast|p2a: Corviknight
|-damage|p2a: Corviknight|20/100
|move|p2a: Corviknight|Defog|p1a: DeTypeAcier
|-unboost|p1a: DeTypeAcier|evasion|1
|-sideend|p1: renardoux99|Reflect
|-sideend|p1: renardoux99|move: Light Screen
|-sideend|p2: PHXSUNS|Stealth Rock|[from] move: Defog|[of] p2a: Corviknight
|
|upkeep
|turn|12
|
|t:|1779716483
|switch|p2a: Vaporeon|Vaporeon, F|100/100
|move|p1a: DeTypeAcier|Stored Power|p2a: Vaporeon
|-damage|p2a: Vaporeon|23/100
|
|-heal|p2a: Vaporeon|29/100|[from] item: Leftovers
|upkeep
|turn|13
|
|t:|1779716495
|move|p1a: DeTypeAcier|Stored Power|p2a: Vaporeon
|-damage|p2a: Vaporeon|0 fnt
|faint|p2a: Vaporeon
|
|upkeep
|
|t:|1779716509
|switch|p2a: Excadrill|Excadrill, M|100/100
|-ability|p2a: Excadrill|Mold Breaker
|turn|14
|
|t:|1779716518
|-terastallize|p1a: DeTypeAcier|Fighting
|move|p1a: DeTypeAcier|Focus Blast|p2a: Excadrill|[miss]
|-miss|p1a: DeTypeAcier|p2a: Excadrill
|move|p2a: Excadrill|Earthquake|p1a: DeTypeAcier
|-damage|p1a: DeTypeAcier|0 fnt
|faint|p1a: DeTypeAcier
|-end|p1a: DeTypeAcier|Quark Drive|[silent]
|
|upkeep
|
|t:|1779716541
|switch|p1a: Agrabah|Landorus-Therian, M|73/100
|-ability|p1a: Agrabah|Intimidate|boost
|-unboost|p2a: Excadrill|atk|1
|turn|15
|
|t:|1779716552
|switch|p2a: Corviknight|Corviknight, F|20/100
|move|p1a: Agrabah|Grass Knot|p2a: Corviknight
|-resisted|p2a: Corviknight
|-damage|p2a: Corviknight|17/100
|-damage|p1a: Agrabah|57/100|[from] item: Rocky Helmet|[of] p2a: Corviknight
|
|-heal|p1a: Agrabah|63/100|[from] item: Leftovers
|upkeep
|turn|16
|
|t:|1779716564
|move|p1a: Agrabah|U-turn|p2a: Corviknight
|-resisted|p2a: Corviknight
|-damage|p2a: Corviknight|12/100
|-damage|p1a: Agrabah|46/100|[from] item: Rocky Helmet|[of] p2a: Corviknight
|
|t:|1779716571
|switch|p1a: You're to slow|Deoxys-Speed|37/100|[from] U-turn
|-ability|p1a: You're to slow|Pressure
|move|p2a: Corviknight|Roost|p2a: Corviknight
|-heal|p2a: Corviknight|62/100
|-singleturn|p2a: Corviknight|move: Roost
|
|upkeep
|turn|17
|
|t:|1779716584
|move|p1a: You're to slow|Reflect|p1a: You're to slow
|-sidestart|p1: renardoux99|Reflect
|move|p2a: Corviknight|Brave Bird|p1a: You're to slow
|-crit|p1a: You're to slow
|-damage|p1a: You're to slow|0 fnt
|faint|p1a: You're to slow
|-damage|p2a: Corviknight|55/100|[from] Recoil
|
|upkeep
|
|t:|1779716597
|switch|p1a: Ficellogold|Gholdengo|100/100
|-item|p1a: Ficellogold|Air Balloon
|turn|18
|
|t:|1779716606
|move|p1a: Ficellogold|Nasty Plot|p1a: Ficellogold
|-boost|p1a: Ficellogold|spa|2
|move|p2a: Corviknight|Iron Head|p1a: Ficellogold
|-resisted|p1a: Ficellogold
|-damage|p1a: Ficellogold|95/100
|-enditem|p1a: Ficellogold|Air Balloon
|
|upkeep
|turn|19
|
|t:|1779716619
|switch|p2a: Porygon2|Porygon2|100/100
|-ability|p2a: Porygon2|Download|boost
|-boost|p2a: Porygon2|spa|1
|move|p1a: Ficellogold|Shadow Ball|p2a: Porygon2
|-immune|p2a: Porygon2
|
|upkeep
|turn|20
|
|t:|1779716631
|move|p1a: Ficellogold|Nasty Plot|p1a: Ficellogold
|-boost|p1a: Ficellogold|spa|2
|move|p2a: Porygon2|Ice Beam|p1a: Ficellogold
|-resisted|p1a: Ficellogold
|-damage|p1a: Ficellogold|80/100
|
|upkeep
|turn|21
|
|t:|1779716638
|move|p1a: Ficellogold|Make It Rain|p2a: Porygon2
|-damage|p2a: Porygon2|0 fnt
|-unboost|p1a: Ficellogold|spa|1
|faint|p2a: Porygon2
|
|upkeep
|
|t:|1779716649
|switch|p2a: Corviknight|Corviknight, F|55/100
|turn|22
|
|t:|1779716656
|move|p1a: Ficellogold|Shadow Ball|p2a: Corviknight
|-crit|p2a: Corviknight
|-damage|p2a: Corviknight|0 fnt
|faint|p2a: Corviknight
|
|upkeep
|
|t:|1779716679
|switch|p2a: Infernape|Infernape, F|100/100
|-item|p2a: Infernape|Air Balloon
|turn|23
|
|t:|1779716689
|move|p2a: Infernape|Fire Punch|p1a: Ficellogold
|-supereffective|p1a: Ficellogold
|-damage|p1a: Ficellogold|45/100
|move|p1a: Ficellogold|Shadow Ball|p2a: Infernape
|-damage|p2a: Infernape|0 fnt
|-enditem|p2a: Infernape|Air Balloon
|faint|p2a: Infernape
|
|upkeep
|
|t:|1779716702
|switch|p2a: Excadrill|Excadrill, M|100/100
|-ability|p2a: Excadrill|Mold Breaker
|turn|24
|
|t:|1779716710
|move|p2a: Excadrill|Earthquake|p1a: Ficellogold
|-supereffective|p1a: Ficellogold
|-damage|p1a: Ficellogold|0 fnt
|faint|p1a: Ficellogold
|
|-sideend|p1: renardoux99|Reflect
|upkeep
|
|t:|1779716722
|switch|p1a: Agrabah|Landorus-Therian, M|46/100
|-ability|p1a: Agrabah|Intimidate|boost
|-unboost|p2a: Excadrill|atk|1
|turn|25
|
|t:|1779716729
|switch|p2a: Garchomp|Garchomp, M|58/100
|move|p1a: Agrabah|Grass Knot|p2a: Garchomp
|-damage|p2a: Garchomp|40/100
|-damage|p1a: Agrabah|34/100|[from] ability: Rough Skin|[of] p2a: Garchomp
|
|-heal|p1a: Agrabah|40/100|[from] item: Leftovers
|upkeep
|turn|26
|
|t:|1779716740
|move|p1a: Agrabah|Earthquake|p2a: Garchomp
|-damage|p2a: Garchomp|0 fnt
|faint|p2a: Garchomp
|
|-heal|p1a: Agrabah|46/100|[from] item: Leftovers
|upkeep
|
|t:|1779716745
|switch|p2a: Excadrill|Excadrill, M|100/100
|-ability|p2a: Excadrill|Mold Breaker
|turn|27
|
|t:|1779716753
|move|p2a: Excadrill|Iron Head|p1a: Agrabah
|-damage|p1a: Agrabah|0 fnt
|faint|p1a: Agrabah
|
|upkeep
|
|t:|1779716758
|switch|p1a: Mécanophilie|Iron Valiant|100/100
|-enditem|p1a: Mécanophilie|Booster Energy
|-activate|p1a: Mécanophilie|ability: Quark Drive|[fromitem]
|-start|p1a: Mécanophilie|quarkdrivespe
|turn|28
|
|t:|1779716768
|move|p1a: Mécanophilie|Aura Sphere|p2a: Excadrill
|-supereffective|p2a: Excadrill
|-damage|p2a: Excadrill|1/100
|move|p2a: Excadrill|Iron Head|p1a: Mécanophilie
|-supereffective|p1a: Mécanophilie
|-damage|p1a: Mécanophilie|0 fnt
|faint|p1a: Mécanophilie
|-end|p1a: Mécanophilie|Quark Drive|[silent]
|
|win|PHXSUNS
|raw|renardoux99's rating: 1165 &rarr; <strong>1141</strong><br />(-24 for losing)
|raw|PHXSUNS's rating: 1180 &rarr; <strong>1204</strong><br />(+24 for winning)
|l|☆renardoux99
|player|p1|
