|j|☆Akinarie
|j|☆GilgameshxLeonora
|t:|1779645002
|gametype|singles
|player|p1|Akinarie|punkgirl-gen7|1369
|player|p2|GilgameshxLeonora|nate|1419
|gen|9
|tier|[Gen 9] OU
|rated|
|rule|HP Percentage Mod: HP is shown in percentages
|rule|Endless Battle Clause: Forcing endless battles is banned
|rule|Species Clause: Limit one of each Pokémon
|rule|OHKO Clause: OHKO moves are banned
|rule|Evasion Items Clause: Evasion items are banned
|rule|Evasion Moves Clause: Evasion moves are banned
|rule|Evasion Abilities Clause: Evasion abilities are banned
|rule|Sleep Moves Clause: Sleep-inducing moves are banned
|clearpoke
|poke|p1|Avalugg-Hisui, M|
|poke|p1|Grimmsnarl, M|
|poke|p1|Dondozo, M|
|poke|p1|Gholdengo|
|poke|p1|Cramorant, F|
|poke|p1|Pikachu-World, M|
|poke|p2|Tyranitar, F|
|poke|p2|Iron Boulder|
|poke|p2|Rotom-Wash|
|poke|p2|Mandibuzz, F|
|poke|p2|Garganacl, M|
|poke|p2|Heatran, F|
|teampreview
|inactive|Battle timer is ON: inactive players will automatically lose when time's up. (requested by Akinarie)
|j| ExpertRed
|
|t:|1779645008
|teamsize|p1|6
|teamsize|p2|6
|start
|switch|p1a: Avalugg|Avalugg-Hisui, M|100/100
|switch|p2a: Rotom|Rotom-Wash|100/100
|turn|1
|l| ExpertRed
|
|t:|1779645011
|move|p2a: Rotom|Volt Switch|p1a: Avalugg
|-damage|p1a: Avalugg|40/100
|
|t:|1779645014
|switch|p2a: Tyranitar|Tyranitar, F|100/100|[from] Volt Switch
|-weather|Sandstorm|[from] ability: Sand Stream|[of] p2a: Tyranitar
|move|p1a: Avalugg|Body Press|p2a: Tyranitar
|-supereffective|p2a: Tyranitar
|-damage|p2a: Tyranitar|0 fnt
|faint|p2a: Tyranitar
|
|-weather|Sandstorm|[upkeep]
|upkeep
|
|t:|1779645017
|switch|p2a: Rotom|Rotom-Wash|100/100
|turn|2
|
|t:|1779645025
|switch|p1a: Pikachu|Pikachu-World, M|100/100
|move|p2a: Rotom|Hydro Pump|p1a: Pikachu
|-damage|p1a: Pikachu|0 fnt
|faint|p1a: Pikachu
|
|-weather|Sandstorm|[upkeep]
|-damage|p2a: Rotom|94/100|[from] Sandstorm
|upkeep
|
|t:|1779645032
|switch|p1a: Gholdengo|Gholdengo|100/100
|turn|3
|
|t:|1779645036
|switch|p2a: Heatran|Heatran, F|100/100
|move|p1a: Gholdengo|Shadow Ball|p2a: Heatran
|-damage|p2a: Heatran|65/100
|
|-weather|Sandstorm|[upkeep]
|-heal|p2a: Heatran|71/100|[from] item: Leftovers
|upkeep
|turn|4
|
|t:|1779645041
|switch|p1a: Avalugg|Avalugg-Hisui, M|40/100
|move|p2a: Heatran|Magma Storm|p1a: Avalugg
|-damage|p1a: Avalugg|0 fnt
|faint|p1a: Avalugg
|
|-weather|Sandstorm|[upkeep]
|-heal|p2a: Heatran|77/100|[from] item: Leftovers
|upkeep
|
|t:|1779645053
|switch|p1a: Cramorant|Cramorant, F|100/100
|turn|5
|
|t:|1779645056
|switch|p2a: Rotom|Rotom-Wash|94/100
|move|p1a: Cramorant|Surf|p2a: Rotom
|-formechange|p1a: Cramorant|Cramorant-Gulping|
|-resisted|p2a: Rotom
|-damage|p2a: Rotom|76/100
|
|-weather|none
|upkeep
|turn|6
|
|t:|1779645061
|switch|p1a: Gholdengo|Gholdengo|100/100
|move|p2a: Rotom|Volt Switch|p1a: Gholdengo
|-damage|p1a: Gholdengo|64/100
|
|t:|1779645064
|switch|p2a: Heatran|Heatran, F|77/100|[from] Volt Switch
|
|-heal|p2a: Heatran|83/100|[from] item: Leftovers
|upkeep
|turn|7
|
|t:|1779645070
|switch|p1a: Cramorant|Cramorant, F|100/100
|move|p2a: Heatran|Magma Storm|p1a: Cramorant|[miss]
|-miss|p2a: Heatran|p1a: Cramorant
|
|-heal|p2a: Heatran|89/100|[from] item: Leftovers
|upkeep
|turn|8
|
|t:|1779645076
|switch|p2a: Rotom|Rotom-Wash|76/100
|move|p1a: Cramorant|Surf|p2a: Rotom
|-formechange|p1a: Cramorant|Cramorant-Gulping|
|-resisted|p2a: Rotom
|-damage|p2a: Rotom|60/100
|
|upkeep
|turn|9
|
|t:|1779645082
|-terastallize|p1a: Cramorant|Dragon
|move|p2a: Rotom|Volt Switch|p1a: Cramorant
|-resisted|p1a: Cramorant
|-damage|p1a: Cramorant|87/100
|-damage|p2a: Rotom|35/100|[from] ability: Gulp Missile|[of] p1a: Cramorant
|-unboost|p2a: Rotom|def|1
|-formechange|p1a: Cramorant|Cramorant|
|
|t:|1779645090
|switch|p2a: Mandibuzz|Mandibuzz, F|100/100|[from] Volt Switch
|move|p1a: Cramorant|Surf|p2a: Mandibuzz
|-formechange|p1a: Cramorant|Cramorant-Gulping|
|-damage|p2a: Mandibuzz|79/100
|
|upkeep
|turn|10
|
|t:|1779645095
|switch|p1a: Gholdengo|Gholdengo|64/100
|move|p2a: Mandibuzz|Toxic|p1a: Gholdengo
|-immune|p1a: Gholdengo|[from] ability: Good as Gold
|
|upkeep
|turn|11
|
|t:|1779645101
|move|p1a: Gholdengo|Dazzling Gleam|p2a: Mandibuzz
|-supereffective|p2a: Mandibuzz
|-crit|p2a: Mandibuzz
|-damage|p2a: Mandibuzz|6/100
|move|p2a: Mandibuzz|Foul Play|p1a: Gholdengo
|-supereffective|p1a: Gholdengo
|-damage|p1a: Gholdengo|30/100
|
|upkeep
|turn|12
|
|t:|1779645104
|switch|p2a: Heatran|Heatran, F|89/100
|move|p1a: Gholdengo|Dazzling Gleam|p2a: Heatran
|-resisted|p2a: Heatran
|-damage|p2a: Heatran|83/100
|
|-heal|p2a: Heatran|89/100|[from] item: Leftovers
|upkeep
|turn|13
|
|t:|1779645106
|switch|p1a: Cramorant|Cramorant, F, tera:Dragon|87/100
|move|p2a: Heatran|Magma Storm|p1a: Cramorant
|-resisted|p1a: Cramorant
|-damage|p1a: Cramorant|64/100
|-activate|p1a: Cramorant|move: Magma Storm|[of] p2a: Heatran
|
|-heal|p2a: Heatran|95/100|[from] item: Leftovers
|-damage|p1a: Cramorant|52/100|[from] move: Magma Storm|[partiallytrapped]
|upkeep
|turn|14
|
|t:|1779645117
|move|p2a: Heatran|Flash Cannon|p1a: Cramorant
|-damage|p1a: Cramorant|11/100
|move|p1a: Cramorant|Roost|p1a: Cramorant
|-heal|p1a: Cramorant|61/100
|
|-heal|p2a: Heatran|100/100|[from] item: Leftovers
|-damage|p1a: Cramorant|48/100|[from] move: Magma Storm|[partiallytrapped]
|upkeep
|turn|15
|
|t:|1779645122
|move|p2a: Heatran|Taunt|p1a: Cramorant
|-start|p1a: Cramorant|move: Taunt
|move|p1a: Cramorant|Surf|p2a: Heatran
|-formechange|p1a: Cramorant|Cramorant-Gorging|
|-supereffective|p2a: Heatran
|-damage|p2a: Heatran|55/100
|
|-heal|p2a: Heatran|61/100|[from] item: Leftovers
|-damage|p1a: Cramorant|36/100|[from] move: Magma Storm|[partiallytrapped]
|upkeep
|turn|16
|
|t:|1779645125
|move|p2a: Heatran|Flash Cannon|p1a: Cramorant
|-damage|p1a: Cramorant|0 fnt
|-damage|p2a: Heatran|36/100|[from] ability: Gulp Missile|[of] p1a: Cramorant
|-status|p2a: Heatran|par
|-formechange|p1a: Cramorant|Cramorant|
|faint|p1a: Cramorant
|
|-heal|p2a: Heatran|42/100 par|[from] item: Leftovers
|upkeep
|
|t:|1779645135
|switch|p1a: Dondozo|Dondozo, M|100/100
|turn|17
|
|t:|1779645138
|switch|p2a: Mandibuzz|Mandibuzz, F|6/100
|move|p1a: Dondozo|Liquidation|p2a: Mandibuzz
|-damage|p2a: Mandibuzz|0 fnt
|faint|p2a: Mandibuzz
|
|upkeep
|
|t:|1779645140
|switch|p2a: Rotom|Rotom-Wash|35/100
|turn|18
|
|t:|1779645144
|switch|p1a: Gholdengo|Gholdengo|30/100
|move|p2a: Rotom|Volt Switch|p1a: Gholdengo
|-damage|p1a: Gholdengo|0 fnt
|faint|p1a: Gholdengo
|
|t:|1779645150
|switch|p2a: Garganacl|Garganacl, M|100/100|[from] Volt Switch
|
|upkeep
|
|t:|1779645153
|switch|p1a: Grimmsnarl|Grimmsnarl, M|100/100
|turn|19
|
|t:|1779645158
|switch|p2a: Heatran|Heatran, F|42/100 par
|move|p1a: Grimmsnarl|Reflect|p1a: Grimmsnarl
|-sidestart|p1: Akinarie|Reflect
|
|-heal|p2a: Heatran|48/100 par|[from] item: Leftovers
|upkeep
|turn|20
|
|t:|1779645162
|move|p1a: Grimmsnarl|Light Screen|p1a: Grimmsnarl
|-sidestart|p1: Akinarie|move: Light Screen
|move|p2a: Heatran|Magma Storm|p1a: Grimmsnarl
|-damage|p1a: Grimmsnarl|76/100
|-activate|p1a: Grimmsnarl|move: Magma Storm|[of] p2a: Heatran
|
|-heal|p2a: Heatran|54/100 par|[from] item: Leftovers
|-damage|p1a: Grimmsnarl|64/100|[from] move: Magma Storm|[partiallytrapped]
|upkeep
|turn|21
|
|t:|1779645165
|move|p1a: Grimmsnarl|Parting Shot|p2a: Heatran
|-unboost|p2a: Heatran|atk|1
|-unboost|p2a: Heatran|spa|1
|
|t:|1779645167
|switch|p1a: Dondozo|Dondozo, M|100/100|[from] Parting Shot
|move|p2a: Heatran|Flash Cannon|p1a: Dondozo
|-resisted|p1a: Dondozo
|-damage|p1a: Dondozo|91/100
|
|-heal|p2a: Heatran|60/100 par|[from] item: Leftovers
|-heal|p1a: Dondozo|97/100|[from] item: Leftovers
|upkeep
|turn|22
|
|t:|1779645171
|move|p2a: Heatran|Taunt|p1a: Dondozo
|-start|p1a: Dondozo|move: Taunt
|cant|p1a: Dondozo|move: Taunt|Curse
|
|-heal|p2a: Heatran|66/100 par|[from] item: Leftovers
|-heal|p1a: Dondozo|100/100|[from] item: Leftovers
|upkeep
|turn|23
|
|t:|1779645174
|switch|p2a: Rotom|Rotom-Wash|35/100
|move|p1a: Dondozo|Liquidation|p2a: Rotom
|-resisted|p2a: Rotom
|-damage|p2a: Rotom|11/100
|
|upkeep
|turn|24
|
|t:|1779645176
|move|p2a: Rotom|Thunderbolt|p1a: Dondozo
|-supereffective|p1a: Dondozo
|-damage|p1a: Dondozo|65/100
|-status|p1a: Dondozo|par
|move|p1a: Dondozo|Liquidation|p2a: Rotom
|-resisted|p2a: Rotom
|-damage|p2a: Rotom|0 fnt
|faint|p2a: Rotom
|
|-heal|p1a: Dondozo|71/100 par|[from] item: Leftovers
|-end|p1a: Dondozo|move: Taunt
|upkeep
|
|t:|1779645180
|switch|p2a: Garganacl|Garganacl, M|100/100
|turn|25
|
|t:|1779645183
|move|p2a: Garganacl|Salt Cure|p1a: Dondozo
|-damage|p1a: Dondozo|67/100 par
|-start|p1a: Dondozo|Salt Cure
|move|p1a: Dondozo|Liquidation|p2a: Garganacl
|-supereffective|p2a: Garganacl
|-damage|p2a: Garganacl|56/100
|-unboost|p2a: Garganacl|def|1
|
|-heal|p2a: Garganacl|62/100|[from] item: Leftovers
|-heal|p1a: Dondozo|73/100 par|[from] item: Leftovers
|-damage|p1a: Dondozo|48/100 par|[from] Salt Cure
|upkeep
|turn|26
|
|t:|1779645190
|move|p2a: Garganacl|Iron Defense|p2a: Garganacl
|-boost|p2a: Garganacl|def|2
|cant|p1a: Dondozo|par
|
|-heal|p2a: Garganacl|68/100|[from] item: Leftovers
|-heal|p1a: Dondozo|54/100 par|[from] item: Leftovers
|-damage|p1a: Dondozo|29/100 par|[from] Salt Cure
|-sideend|p1: Akinarie|Reflect
|upkeep
|turn|27
|
|t:|1779645197
|move|p2a: Garganacl|Iron Defense|p2a: Garganacl
|-boost|p2a: Garganacl|def|2
|move|p1a: Dondozo|Rest|p1a: Dondozo
|-status|p1a: Dondozo|slp|[from] move: Rest
|-heal|p1a: Dondozo|100/100 slp|[silent]
|
|-heal|p2a: Garganacl|74/100|[from] item: Leftovers
|-damage|p1a: Dondozo|75/100 slp|[from] Salt Cure
|-sideend|p1: Akinarie|move: Light Screen
|upkeep
|turn|28
|
|t:|1779645200
|switch|p1a: Grimmsnarl|Grimmsnarl, M|64/100
|move|p2a: Garganacl|Body Press|p1a: Grimmsnarl
|-damage|p1a: Grimmsnarl|0 fnt
|faint|p1a: Grimmsnarl
|
|-heal|p2a: Garganacl|81/100|[from] item: Leftovers
|upkeep
|
|t:|1779645205
|switch|p1a: Dondozo|Dondozo, M|75/100 slp
|turn|29
|
|t:|1779645208
|move|p2a: Garganacl|Salt Cure|p1a: Dondozo
|-damage|p1a: Dondozo|68/100 slp
|-start|p1a: Dondozo|Salt Cure
|cant|p1a: Dondozo|slp
|move|p1a: Dondozo|Sleep Talk|p1a: Dondozo
|move|p1a: Dondozo|Curse|p1a: Dondozo|[from] move: Sleep Talk
|-unboost|p1a: Dondozo|spe|1
|-boost|p1a: Dondozo|atk|1
|-boost|p1a: Dondozo|def|1
|
|-heal|p2a: Garganacl|87/100|[from] item: Leftovers
|-heal|p1a: Dondozo|74/100 slp|[from] item: Leftovers
|-damage|p1a: Dondozo|49/100 slp|[from] Salt Cure
|upkeep
|turn|30
|
|t:|1779645212
|move|p2a: Garganacl|Body Press|p1a: Dondozo
|-damage|p1a: Dondozo|37/100 slp
|cant|p1a: Dondozo|slp
|move|p1a: Dondozo|Sleep Talk|p1a: Dondozo
|move|p1a: Dondozo|Liquidation|p2a: Garganacl|[from] move: Sleep Talk
|-supereffective|p2a: Garganacl
|-damage|p2a: Garganacl|16/100
|
|-heal|p2a: Garganacl|22/100|[from] item: Leftovers
|-heal|p1a: Dondozo|44/100 slp|[from] item: Leftovers
|-damage|p1a: Dondozo|19/100 slp|[from] Salt Cure
|upkeep
|turn|31
|
|t:|1779645214
|move|p2a: Garganacl|Body Press|p1a: Dondozo
|-damage|p1a: Dondozo|8/100 slp
|-curestatus|p1a: Dondozo|slp|[msg]
|move|p1a: Dondozo|Liquidation|p2a: Garganacl
|-supereffective|p2a: Garganacl
|-damage|p2a: Garganacl|0 fnt
|faint|p2a: Garganacl
|
|-heal|p1a: Dondozo|14/100|[from] item: Leftovers
|-damage|p1a: Dondozo|0 fnt|[from] Salt Cure
|faint|p1a: Dondozo
|
|win|GilgameshxLeonora
|raw|Akinarie's rating: 1369 &rarr; <strong>1352</strong><br />(-17 for losing)
|raw|GilgameshxLeonora's rating: 1419 &rarr; <strong>1436</strong><br />(+17 for winning)
|l|☆Akinarie
|player|p1|
|l|☆GilgameshxLeonora
|player|p2|
