|j|☆ghidorahstan69
|j|☆dakshxv
|t:|1779563174
|gametype|singles
|player|p1|ghidorahstan69|ghetsis|1137
|player|p2|dakshxv|cynthia-gen4|1178
|gen|9
|tier|[Gen 9] OU
|rated|
|rule|HP Percentage Mod: HP is shown in percentages
|rule|Endless Battle Clause: Forcing endless battles is banned
|rule|Species Clause: Limit one of each Pokémon
|rule|OHKO Clause: OHKO moves are banned
|rule|Evasion Items Clause: Evasion items are banned
|rule|Evasion Moves Clause: Evasion moves are banned
|rule|Evasion Abilities Clause: Evasion abilities are banned
|rule|Sleep Moves Clause: Sleep-inducing moves are banned
|clearpoke
|poke|p1|Porygon|
|poke|p1|Porygon2|
|poke|p1|Porygon-Z|
|poke|p2|Dragonite, F|
|poke|p2|Gholdengo|
|poke|p2|Great Tusk|
|poke|p2|Kingambit, F|
|poke|p2|Rotom-Wash|
|poke|p2|Iron Valiant|
|teampreview
|inactive|Battle timer is ON: inactive players will automatically lose when time's up. (requested by ghidorahstan69)
|
|t:|1779563182
|teamsize|p1|3
|teamsize|p2|6
|start
|switch|p1a: Porygon|Porygon, shiny|100/100
|switch|p2a: Rotom|Rotom-Wash|100/100
|-ability|p1a: Porygon|Download|boost
|-boost|p1a: Porygon|spa|1
|turn|1
|
|t:|1779563189
|move|p2a: Rotom|Volt Switch|p1a: Porygon
|-damage|p1a: Porygon|80/100
|
|t:|1779563193
|switch|p2a: Iron Valiant|Iron Valiant|100/100|[from] Volt Switch
|-enditem|p2a: Iron Valiant|Booster Energy
|-activate|p2a: Iron Valiant|ability: Quark Drive|[fromitem]
|-start|p2a: Iron Valiant|quarkdrivespe
|move|p1a: Porygon|Trick Room|p1a: Porygon
|-fieldstart|move: Trick Room|[of] p1a: Porygon
|
|upkeep
|turn|2
|
|t:|1779563204
|move|p1a: Porygon|Tri Attack|p2a: Iron Valiant
|-damage|p2a: Iron Valiant|9/100
|move|p2a: Iron Valiant|Close Combat|p1a: Porygon
|-supereffective|p1a: Porygon
|-crit|p1a: Porygon
|-damage|p1a: Porygon|0 fnt
|-unboost|p2a: Iron Valiant|def|1
|-unboost|p2a: Iron Valiant|spd|1
|faint|p1a: Porygon
|
|upkeep
|
|t:|1779563208
|switch|p1a: Porygon2|Porygon2, shiny|100/100
|-ability|p1a: Porygon2|Download|boost
|-boost|p1a: Porygon2|spa|1
|turn|3
|
|t:|1779563218
|-terastallize|p2a: Iron Valiant|Fairy
|move|p1a: Porygon2|Shadow Ball|p2a: Iron Valiant
|-damage|p2a: Iron Valiant|0 fnt
|faint|p2a: Iron Valiant
|-end|p2a: Iron Valiant|Quark Drive|[silent]
|
|upkeep
|
|t:|1779563223
|switch|p2a: Gholdengo|Gholdengo|100/100
|turn|4
|
|t:|1779563228
|move|p1a: Porygon2|Shadow Ball|p2a: Gholdengo
|-supereffective|p2a: Gholdengo
|-damage|p2a: Gholdengo|3/100
|-unboost|p2a: Gholdengo|spd|1
|move|p2a: Gholdengo|Focus Blast|p1a: Porygon2|[miss]
|-miss|p2a: Gholdengo|p1a: Porygon2
|
|upkeep
|turn|5
|
|t:|1779563235
|move|p1a: Porygon2|Shadow Ball|p2a: Gholdengo
|-supereffective|p2a: Gholdengo
|-damage|p2a: Gholdengo|0 fnt
|faint|p2a: Gholdengo
|
|-fieldend|move: Trick Room
|upkeep
|
|t:|1779563240
|switch|p2a: Rotom|Rotom-Wash|100/100
|turn|6
|
|t:|1779563241
|move|p2a: Rotom|Hydro Pump|p1a: Porygon2
|-damage|p1a: Porygon2|75/100
|move|p1a: Porygon2|Trick Room|p1a: Porygon2
|-fieldstart|move: Trick Room|[of] p1a: Porygon2
|
|upkeep
|turn|7
|
|t:|1779563249
|move|p1a: Porygon2|Thunderbolt|p2a: Rotom
|-damage|p2a: Rotom|57/100
|move|p2a: Rotom|Will-O-Wisp|p1a: Porygon2|[miss]
|-miss|p2a: Rotom|p1a: Porygon2
|
|-heal|p2a: Rotom|64/100|[from] item: Leftovers
|upkeep
|turn|8
|
|t:|1779563254
|move|p1a: Porygon2|Shadow Ball|p2a: Rotom
|-damage|p2a: Rotom|23/100
|move|p2a: Rotom|Will-O-Wisp|p1a: Porygon2|[miss]
|-miss|p2a: Rotom|p1a: Porygon2
|
|-heal|p2a: Rotom|29/100|[from] item: Leftovers
|upkeep
|turn|9
|
|t:|1779563260
|move|p1a: Porygon2|Shadow Ball|p2a: Rotom
|-damage|p2a: Rotom|0 fnt
|faint|p2a: Rotom
|
|upkeep
|
|t:|1779563271
|switch|p2a: Dragonite|Dragonite, F|100/100
|turn|10
|
|t:|1779563274
|move|p1a: Porygon2|Ice Beam|p2a: Dragonite
|-supereffective|p2a: Dragonite
|-damage|p2a: Dragonite|5/100
|move|p2a: Dragonite|Ice Beam|p1a: Porygon2
|-damage|p1a: Porygon2|63/100
|
|-fieldend|move: Trick Room
|upkeep
|turn|11
|
|t:|1779563287
|move|p2a: Dragonite|Extreme Speed|p1a: Porygon2
|-damage|p1a: Porygon2|40/100
|move|p1a: Porygon2|Ice Beam|p2a: Dragonite
|-supereffective|p2a: Dragonite
|-damage|p2a: Dragonite|0 fnt
|faint|p2a: Dragonite
|
|upkeep
|
|t:|1779563293
|switch|p2a: Great Tusk|Great Tusk|100/100
|turn|12
|
|t:|1779563297
|move|p2a: Great Tusk|Knock Off|p1a: Porygon2
|-crit|p1a: Porygon2
|-damage|p1a: Porygon2|11/100
|-enditem|p1a: Porygon2|Eviolite|[from] move: Knock Off|[of] p2a: Great Tusk
|move|p1a: Porygon2|Ice Beam|p2a: Great Tusk
|-supereffective|p2a: Great Tusk
|-damage|p2a: Great Tusk|0 fnt
|faint|p2a: Great Tusk
|-end|p2a: Great Tusk|Protosynthesis|[silent]
|
|upkeep
|
|t:|1779563303
|switch|p2a: Kingambit|Kingambit, F|100/100
|-activate|p2a: Kingambit|ability: Supreme Overlord
|-start|p2a: Kingambit|fallen5|[silent]
|turn|13
|
|t:|1779563308
|move|p2a: Kingambit|Sucker Punch||[still]
|-fail|p2a: Kingambit
|move|p1a: Porygon2|Trick Room|p1a: Porygon2
|-fieldstart|move: Trick Room|[of] p1a: Porygon2
|
|upkeep
|turn|14
|
|t:|1779563312
|move|p2a: Kingambit|Kowtow Cleave|p1a: Porygon2
|-damage|p1a: Porygon2|0 fnt
|faint|p1a: Porygon2
|
|upkeep
|
|t:|1779563313
|switch|p1a: Porygon-Z|Porygon-Z, shiny|100/100
|turn|15
|
|t:|1779563320
|-terastallize|p1a: Porygon-Z|Ghost
|move|p2a: Kingambit|Kowtow Cleave|p1a: Porygon-Z
|-supereffective|p1a: Porygon-Z
|-damage|p1a: Porygon-Z|0 fnt
|faint|p1a: Porygon-Z
|
|win|dakshxv
|raw|ghidorahstan69's rating: 1137 &rarr; <strong>1115</strong><br />(-22 for losing)
|raw|dakshxv's rating: 1178 &rarr; <strong>1200</strong><br />(+22 for winning)
|l|☆ghidorahstan69
|player|p1|
