|j|☆Ssnowday
|j|☆its.kirubel
|t:|1779671543
|gametype|singles
|player|p1|Ssnowday|101|1231
|player|p2|its.kirubel|iris-gen5bw2|1177
|gen|9
|tier|[Gen 9] OU
|rated|
|rule|HP Percentage Mod: HP is shown in percentages
|rule|Endless Battle Clause: Forcing endless battles is banned
|rule|Species Clause: Limit one of each Pokémon
|rule|OHKO Clause: OHKO moves are banned
|rule|Evasion Items Clause: Evasion items are banned
|rule|Evasion Moves Clause: Evasion moves are banned
|rule|Evasion Abilities Clause: Evasion abilities are banned
|rule|Sleep Moves Clause: Sleep-inducing moves are banned
|clearpoke
|poke|p1|Samurott-Hisui, F|
|poke|p1|Zamazenta-*|
|poke|p1|Moltres|
|poke|p1|Iron Treads|
|poke|p1|Pecharunt|
|poke|p1|Raging Bolt|
|poke|p2|Hawlucha, F|
|poke|p2|Samurott-Hisui, F|
|poke|p2|Rillaboom, F|
|poke|p2|Gholdengo|
|poke|p2|Kyurem|
|poke|p2|Landorus-Therian, M|
|teampreview
|inactive|Battle timer is ON: inactive players will automatically lose when time's up. (requested by Ssnowday)
|
|t:|1779671557
|teamsize|p1|6
|teamsize|p2|6
|start
|switch|p1a: Raging Bolt|Raging Bolt|100/100
|switch|p2a: Samurott|Samurott-Hisui, F|100/100
|turn|1
|c|☆its.kirubel|bottom 5 lead selection of all time
|inactive|its.kirubel has 120 seconds left.
|c|☆Ssnowday|bots rly just clicks samu lead no thought
|
|t:|1779671589
|switch|p2a: Rillaboom|Rillaboom, F|100/100
|-fieldstart|move: Grassy Terrain|[from] ability: Grassy Surge|[of] p2a: Rillaboom
|move|p1a: Raging Bolt|Thunderclap||[still]
|-fail|p1a: Raging Bolt
|
|upkeep
|turn|2
|inactive|its.kirubel has 120 seconds left.
|c|☆its.kirubel|thats what im saying
|c|☆its.kirubel|my lead choice
|c|☆its.kirubel|was awful
|c|☆Ssnowday|thought you were talking about mine or sum
|c|☆its.kirubel|nah gng
|c|☆its.kirubel|in that situation
|inactive|its.kirubel has 90 seconds left.
|c|☆its.kirubel|we aint that ingorant
|c|☆Ssnowday|mb for flame
|c|☆Ssnowday|lol
|c|☆its.kirubel|nah its cool gngggggggggggggg
|
|t:|1779671652
|-end|p1a: Raging Bolt|Protosynthesis|[silent]
|switch|p1a: Moltres|Moltres|100/100
|switch|p2a: Landorus|Landorus-Therian, M|100/100
|-ability|p2a: Landorus|Intimidate|boost
|-unboost|p1a: Moltres|atk|1
|
|upkeep
|turn|3
|
|t:|1779671666
|move|p2a: Landorus|Stealth Rock|p1a: Moltres
|-sidestart|p1: Ssnowday|move: Stealth Rock
|move|p1a: Moltres|Will-O-Wisp|p2a: Landorus
|-status|p2a: Landorus|brn
|
|-damage|p2a: Landorus|94/100 brn|[from] brn
|upkeep
|turn|4
|
|t:|1779671680
|move|p2a: Landorus|Taunt|p1a: Moltres
|-start|p1a: Moltres|move: Taunt
|move|p1a: Moltres|U-turn|p2a: Landorus
|-resisted|p2a: Landorus
|-damage|p2a: Landorus|89/100 brn
|-damage|p1a: Moltres|84/100|[from] item: Rocky Helmet|[of] p2a: Landorus
|
|t:|1779671693
|switch|p1a: Pecharunt|Pecharunt|100/100|[from] U-turn
|-damage|p1a: Pecharunt|88/100|[from] Stealth Rock
|-item|p1a: Pecharunt|Air Balloon
|
|-damage|p2a: Landorus|83/100 brn|[from] brn
|upkeep
|turn|5
|
|t:|1779671703
|move|p2a: Landorus|U-turn|p1a: Pecharunt
|-resisted|p1a: Pecharunt
|-damage|p1a: Pecharunt|87/100
|-enditem|p1a: Pecharunt|Air Balloon
|
|t:|1779671719
|switch|p2a: Samurott|Samurott-Hisui, F|100/100|[from] U-turn
|move|p1a: Pecharunt|Shadow Ball|p2a: Samurott
|-resisted|p2a: Samurott
|-damage|p2a: Samurott|92/100
|
|-heal|p2a: Samurott|99/100|[from] Grassy Terrain
|-heal|p1a: Pecharunt|93/100|[from] Grassy Terrain
|-fieldend|move: Grassy Terrain
|upkeep
|turn|6
|
|t:|1779671728
|switch|p1a: Raging Bolt|Raging Bolt|100/100
|-damage|p1a: Raging Bolt|88/100|[from] Stealth Rock
|move|p2a: Samurott|Ceaseless Edge|p1a: Raging Bolt
|-damage|p1a: Raging Bolt|50/100
|-sidestart|p1: Ssnowday|Spikes
|
|upkeep
|turn|7
|
|t:|1779671745
|switch|p2a: Landorus|Landorus-Therian, M|83/100 brn
|-ability|p2a: Landorus|Intimidate|boost
|-unboost|p1a: Raging Bolt|atk|1
|move|p1a: Raging Bolt|Draco Meteor|p2a: Landorus
|-damage|p2a: Landorus|0 fnt
|-unboost|p1a: Raging Bolt|spa|2
|faint|p2a: Landorus
|
|upkeep
|inactive|its.kirubel has 60 seconds left.
|
|t:|1779671758
|switch|p2a: Kyurem|Kyurem|100/100
|-ability|p2a: Kyurem|Pressure
|turn|8
|
|t:|1779671775
|-end|p1a: Raging Bolt|Protosynthesis|[silent]
|switch|p1a: Zamazenta|Zamazenta|100/100
|-damage|p1a: Zamazenta|94/100|[from] Stealth Rock
|-damage|p1a: Zamazenta|82/100|[from] Spikes
|-ability|p1a: Zamazenta|Dauntless Shield|boost
|-boost|p1a: Zamazenta|def|1
|move|p2a: Kyurem|Ice Beam|p1a: Zamazenta
|-damage|p1a: Zamazenta|45/100
|
|-heal|p1a: Zamazenta|51/100|[from] item: Leftovers
|upkeep
|turn|9
|inactive|its.kirubel has 60 seconds left.
|
|t:|1779671799
|-terastallize|p2a: Kyurem|Poison
|move|p1a: Zamazenta|Crunch|p2a: Kyurem
|-damage|p2a: Kyurem|81/100
|move|p2a: Kyurem|Ice Beam|p1a: Zamazenta
|-damage|p1a: Zamazenta|16/100
|
|-heal|p1a: Zamazenta|23/100|[from] item: Leftovers
|upkeep
|turn|10
|inactive|its.kirubel has 60 seconds left.
|
|t:|1779671817
|move|p1a: Zamazenta|Body Press|p2a: Kyurem
|-resisted|p2a: Kyurem
|-damage|p2a: Kyurem|59/100
|move|p2a: Kyurem|Ice Beam|p1a: Zamazenta
|-damage|p1a: Zamazenta|0 fnt
|faint|p1a: Zamazenta
|
|upkeep
|
|t:|1779671820
|switch|p1a: Samurott|Samurott-Hisui, F|100/100
|-damage|p1a: Samurott|88/100|[from] Stealth Rock
|-damage|p1a: Samurott|76/100|[from] Spikes
|turn|11
|inactive|its.kirubel has 60 seconds left.
|
|t:|1779671849
|switch|p2a: Rillaboom|Rillaboom, F|100/100
|-fieldstart|move: Grassy Terrain|[from] ability: Grassy Surge|[of] p2a: Rillaboom
|move|p1a: Samurott|Ceaseless Edge|p2a: Rillaboom
|-damage|p2a: Rillaboom|56/100
|-sidestart|p2: its.kirubel|Spikes
|
|-heal|p2a: Rillaboom|62/100|[from] Grassy Terrain
|-heal|p1a: Samurott|82/100|[from] Grassy Terrain
|upkeep
|turn|12
|
|t:|1779671857
|switch|p1a: Moltres|Moltres|84/100
|move|p2a: Rillaboom|Swords Dance|p2a: Rillaboom
|-boost|p2a: Rillaboom|atk|2
|
|-heal|p2a: Rillaboom|68/100|[from] Grassy Terrain
|upkeep
|turn|13
|inactive|its.kirubel has 60 seconds left.
|
|t:|1779671866
|move|p2a: Rillaboom|Knock Off|p1a: Moltres
|-damage|p1a: Moltres|31/100
|-enditem|p1a: Moltres|Heavy-Duty Boots|[from] move: Knock Off|[of] p2a: Rillaboom
|move|p1a: Moltres|Will-O-Wisp|p2a: Rillaboom
|-status|p2a: Rillaboom|brn
|-enditem|p2a: Rillaboom|Lum Berry|[eat]
|-curestatus|p2a: Rillaboom|brn|[msg]
|
|-heal|p2a: Rillaboom|74/100|[from] Grassy Terrain
|upkeep
|turn|14
|inactive|its.kirubel has 60 seconds left.
|
|t:|1779671877
|switch|p2a: Samurott|Samurott-Hisui, F|99/100
|-damage|p2a: Samurott|86/100|[from] Spikes
|move|p1a: Moltres|Roost|p1a: Moltres
|-heal|p1a: Moltres|81/100
|-singleturn|p1a: Moltres|move: Roost
|
|-heal|p2a: Samurott|92/100|[from] Grassy Terrain
|-heal|p1a: Moltres|87/100|[from] Grassy Terrain
|upkeep
|turn|15
|inactive|its.kirubel has 60 seconds left.
|
|t:|1779671889
|-terastallize|p1a: Moltres|Grass
|move|p2a: Samurott|Ceaseless Edge|p1a: Moltres|[miss]
|-miss|p2a: Samurott|p1a: Moltres
|move|p1a: Moltres|Will-O-Wisp|p2a: Samurott
|-status|p2a: Samurott|brn
|
|-heal|p2a: Samurott|98/100 brn|[from] Grassy Terrain
|-heal|p1a: Moltres|93/100|[from] Grassy Terrain
|-damage|p2a: Samurott|92/100 brn|[from] brn
|-fieldend|move: Grassy Terrain
|upkeep
|turn|16
|
|t:|1779671899
|move|p2a: Samurott|Ceaseless Edge|p1a: Moltres
|-damage|p1a: Moltres|78/100
|-sidestart|p1: Ssnowday|Spikes
|move|p1a: Moltres|U-turn|p2a: Samurott
|-supereffective|p2a: Samurott
|-damage|p2a: Samurott|57/100 brn
|
|t:|1779671903
|switch|p1a: Iron Treads|Iron Treads|100/100|[from] U-turn
|-damage|p1a: Iron Treads|98/100|[from] Stealth Rock
|-damage|p1a: Iron Treads|81/100|[from] Spikes
|
|-heal|p1a: Iron Treads|87/100|[from] item: Leftovers
|-damage|p2a: Samurott|51/100 brn|[from] brn
|upkeep
|turn|17
|
|t:|1779671915
|move|p1a: Iron Treads|Knock Off|p2a: Samurott
|-resisted|p2a: Samurott
|-damage|p2a: Samurott|38/100 brn
|-enditem|p2a: Samurott|Assault Vest|[from] move: Knock Off|[of] p1a: Iron Treads
|move|p2a: Samurott|Flip Turn|p1a: Iron Treads
|-supereffective|p1a: Iron Treads
|-damage|p1a: Iron Treads|69/100
|inactive|its.kirubel has 60 seconds left.
|
|t:|1779671942
|switch|p2a: Rillaboom|Rillaboom, F|74/100|[from] Flip Turn
|-damage|p2a: Rillaboom|62/100|[from] Spikes
|-fieldstart|move: Grassy Terrain|[from] ability: Grassy Surge|[of] p2a: Rillaboom
|
|-heal|p1a: Iron Treads|75/100|[from] Grassy Terrain
|-heal|p1a: Iron Treads|81/100|[from] item: Leftovers
|-heal|p2a: Rillaboom|68/100|[from] Grassy Terrain
|upkeep
|turn|18
|
|t:|1779671954
|-end|p1a: Iron Treads|Quark Drive|[silent]
|switch|p1a: Pecharunt|Pecharunt|93/100
|-damage|p1a: Pecharunt|81/100|[from] Stealth Rock
|-damage|p1a: Pecharunt|64/100|[from] Spikes
|move|p2a: Rillaboom|Grassy Glide|p1a: Pecharunt
|-resisted|p1a: Pecharunt
|-damage|p1a: Pecharunt|55/100
|
|-heal|p2a: Rillaboom|74/100|[from] Grassy Terrain
|-heal|p1a: Pecharunt|61/100|[from] Grassy Terrain
|upkeep
|turn|19
|
|t:|1779671968
|move|p2a: Rillaboom|Knock Off|p1a: Pecharunt
|-supereffective|p1a: Pecharunt
|-damage|p1a: Pecharunt|38/100
|move|p1a: Pecharunt|Recover|p1a: Pecharunt
|-heal|p1a: Pecharunt|88/100
|
|-heal|p2a: Rillaboom|81/100|[from] Grassy Terrain
|-heal|p1a: Pecharunt|94/100|[from] Grassy Terrain
|upkeep
|turn|20
|
|t:|1779671984
|switch|p2a: Gholdengo|Gholdengo|100/100
|-damage|p2a: Gholdengo|88/100|[from] Spikes
|move|p1a: Pecharunt|Shadow Ball|p2a: Gholdengo
|-supereffective|p2a: Gholdengo
|-damage|p2a: Gholdengo|25/100
|-unboost|p2a: Gholdengo|spd|1
|
|-heal|p2a: Gholdengo|31/100|[from] Grassy Terrain
|-heal|p1a: Pecharunt|99/100|[from] Grassy Terrain
|upkeep
|turn|21
|
|t:|1779671994
|move|p2a: Gholdengo|Shadow Ball|p1a: Pecharunt
|-supereffective|p1a: Pecharunt
|-damage|p1a: Pecharunt|11/100
|move|p1a: Pecharunt|Shadow Ball|p2a: Gholdengo
|-supereffective|p2a: Gholdengo
|-damage|p2a: Gholdengo|0 fnt
|faint|p2a: Gholdengo
|
|-heal|p1a: Pecharunt|17/100|[from] Grassy Terrain
|-fieldend|move: Grassy Terrain
|upkeep
|
|t:|1779672000
|switch|p2a: Samurott|Samurott-Hisui, F|38/100 brn
|-damage|p2a: Samurott|26/100 brn|[from] Spikes
|turn|22
|
|t:|1779672011
|move|p2a: Samurott|Sucker Punch||[still]
|-fail|p2a: Samurott
|move|p1a: Pecharunt|Recover|p1a: Pecharunt
|-heal|p1a: Pecharunt|67/100
|
|-damage|p2a: Samurott|20/100 brn|[from] brn
|upkeep
|turn|23
|inactive|its.kirubel has 60 seconds left.
|inactive|Ssnowday has 120 seconds left.
|
|t:|1779672056
|switch|p1a: Samurott|Samurott-Hisui, F|82/100
|-damage|p1a: Samurott|70/100|[from] Stealth Rock
|-damage|p1a: Samurott|53/100|[from] Spikes
|move|p2a: Samurott|Sucker Punch||[still]
|-fail|p2a: Samurott
|
|-damage|p2a: Samurott|14/100 brn|[from] brn
|upkeep
|turn|24
|
|t:|1779672071
|move|p1a: Samurott|Sucker Punch|p2a: Samurott
|-resisted|p2a: Samurott
|-damage|p2a: Samurott|0 fnt
|faint|p2a: Samurott
|
|upkeep
|
|t:|1779672074
|switch|p2a: Rillaboom|Rillaboom, F|81/100
|-damage|p2a: Rillaboom|68/100|[from] Spikes
|-fieldstart|move: Grassy Terrain|[from] ability: Grassy Surge|[of] p2a: Rillaboom
|turn|25
|
|t:|1779672078
|switch|p1a: Pecharunt|Pecharunt|67/100
|-damage|p1a: Pecharunt|55/100|[from] Stealth Rock
|-damage|p1a: Pecharunt|38/100|[from] Spikes
|move|p2a: Rillaboom|Swords Dance|p2a: Rillaboom
|-boost|p2a: Rillaboom|atk|2
|
|-heal|p2a: Rillaboom|74/100|[from] Grassy Terrain
|-heal|p1a: Pecharunt|44/100|[from] Grassy Terrain
|upkeep
|turn|26
|
|t:|1779672084
|move|p2a: Rillaboom|Knock Off|p1a: Pecharunt
|-supereffective|p1a: Pecharunt
|-damage|p1a: Pecharunt|0 fnt
|faint|p1a: Pecharunt
|
|-heal|p2a: Rillaboom|81/100|[from] Grassy Terrain
|upkeep
|
|t:|1779672087
|switch|p1a: Moltres|Moltres, tera:Grass|78/100
|-damage|p1a: Moltres|66/100|[from] Stealth Rock
|-damage|p1a: Moltres|50/100|[from] Spikes
|turn|27
|
|t:|1779672100
|move|p2a: Rillaboom|Knock Off|p1a: Moltres
|-damage|p1a: Moltres|17/100
|-status|p2a: Rillaboom|brn|[from] ability: Flame Body|[of] p1a: Moltres
|move|p1a: Moltres|Roost|p1a: Moltres
|-heal|p1a: Moltres|67/100
|
|-heal|p2a: Rillaboom|87/100 brn|[from] Grassy Terrain
|-heal|p1a: Moltres|73/100|[from] Grassy Terrain
|-damage|p2a: Rillaboom|81/100 brn|[from] brn
|upkeep
|turn|28
|
|t:|1779672108
|switch|p2a: Hawlucha|Hawlucha, F|100/100
|-enditem|p2a: Hawlucha|Grassy Seed
|-boost|p2a: Hawlucha|def|1|[from] item: Grassy Seed
|move|p1a: Moltres|Roost|p1a: Moltres
|-heal|p1a: Moltres|100/100
|
|upkeep
|turn|29
|
|t:|1779672115
|move|p2a: Hawlucha|Acrobatics|p1a: Moltres
|-supereffective|p1a: Moltres
|-damage|p1a: Moltres|28/100
|-status|p2a: Hawlucha|brn|[from] ability: Flame Body|[of] p1a: Moltres
|move|p1a: Moltres|U-turn|p2a: Hawlucha
|-resisted|p2a: Hawlucha
|-damage|p2a: Hawlucha|98/100 brn
|
|t:|1779672121
|switch|p1a: Iron Treads|Iron Treads|81/100|[from] U-turn
|-damage|p1a: Iron Treads|78/100|[from] Stealth Rock
|-damage|p1a: Iron Treads|62/100|[from] Spikes
|
|-heal|p1a: Iron Treads|68/100|[from] Grassy Terrain
|-heal|p1a: Iron Treads|74/100|[from] item: Leftovers
|-damage|p2a: Hawlucha|92/100 brn|[from] brn
|-fieldend|move: Grassy Terrain
|upkeep
|turn|30
|inactive|its.kirubel has 90 seconds left.
|
|t:|1779672132
|move|p2a: Hawlucha|Drain Punch|p1a: Iron Treads
|-supereffective|p1a: Iron Treads
|-damage|p1a: Iron Treads|48/100
|-heal|p2a: Hawlucha|100/100 brn|[from] drain|[of] p1a: Iron Treads
|move|p1a: Iron Treads|Rapid Spin|p2a: Hawlucha
|-damage|p2a: Hawlucha|89/100 brn
|-boost|p1a: Iron Treads|spe|1
|-sideend|p1: Ssnowday|Spikes|[from] move: Rapid Spin|[of] p1a: Iron Treads
|-sideend|p1: Ssnowday|Stealth Rock|[from] move: Rapid Spin|[of] p1a: Iron Treads
|
|-heal|p1a: Iron Treads|54/100|[from] item: Leftovers
|-damage|p2a: Hawlucha|83/100 brn|[from] brn
|upkeep
|turn|31
|
|t:|1779672139
|move|p2a: Hawlucha|Swords Dance|p2a: Hawlucha
|-boost|p2a: Hawlucha|atk|2
|move|p1a: Iron Treads|Stealth Rock|p2a: Hawlucha
|-sidestart|p2: its.kirubel|move: Stealth Rock
|
|-heal|p1a: Iron Treads|60/100|[from] item: Leftovers
|-damage|p2a: Hawlucha|77/100 brn|[from] brn
|upkeep
|turn|32
|
|t:|1779672152
|move|p2a: Hawlucha|Drain Punch|p1a: Iron Treads
|-supereffective|p1a: Iron Treads
|-damage|p1a: Iron Treads|13/100
|-heal|p2a: Hawlucha|100/100 brn|[from] drain|[of] p1a: Iron Treads
|move|p1a: Iron Treads|Knock Off|p2a: Hawlucha
|-resisted|p2a: Hawlucha
|-damage|p2a: Hawlucha|94/100 brn
|
|-heal|p1a: Iron Treads|19/100|[from] item: Leftovers
|-damage|p2a: Hawlucha|88/100 brn|[from] brn
|upkeep
|turn|33
|
|t:|1779672166
|-end|p1a: Iron Treads|Quark Drive|[silent]
|switch|p1a: Samurott|Samurott-Hisui, F|53/100
|move|p2a: Hawlucha|Drain Punch|p1a: Samurott
|-supereffective|p1a: Samurott
|-damage|p1a: Samurott|0 fnt
|-heal|p2a: Hawlucha|100/100 brn|[from] drain|[of] p1a: Samurott
|faint|p1a: Samurott
|
|-damage|p2a: Hawlucha|94/100 brn|[from] brn
|upkeep
|
|t:|1779672168
|switch|p1a: Raging Bolt|Raging Bolt|50/100
|turn|34
|
|t:|1779672182
|switch|p2a: Rillaboom|Rillaboom, F|81/100 brn
|-damage|p2a: Rillaboom|68/100 brn|[from] Spikes
|-damage|p2a: Rillaboom|56/100 brn|[from] Stealth Rock
|-fieldstart|move: Grassy Terrain|[from] ability: Grassy Surge|[of] p2a: Rillaboom
|move|p1a: Raging Bolt|Draco Meteor|p2a: Rillaboom
|-damage|p2a: Rillaboom|0 fnt
|-unboost|p1a: Raging Bolt|spa|2
|faint|p2a: Rillaboom
|
|-heal|p1a: Raging Bolt|56/100|[from] Grassy Terrain
|upkeep
|
|t:|1779672193
|switch|p2a: Kyurem|Kyurem, tera:Poison|59/100
|-damage|p2a: Kyurem|46/100|[from] Spikes
|-damage|p2a: Kyurem|34/100|[from] Stealth Rock
|-ability|p2a: Kyurem|Pressure
|turn|35
|
|t:|1779672204
|-end|p1a: Raging Bolt|Protosynthesis|[silent]
|switch|p1a: Moltres|Moltres, tera:Grass|28/100
|move|p2a: Kyurem|Ice Beam|p1a: Moltres
|-supereffective|p1a: Moltres
|-damage|p1a: Moltres|0 fnt
|faint|p1a: Moltres
|
|-heal|p2a: Kyurem|40/100|[from] Grassy Terrain
|upkeep
|
|t:|1779672208
|switch|p1a: Raging Bolt|Raging Bolt|56/100
|turn|36
|
|t:|1779672211
|move|p1a: Raging Bolt|Thunderclap|p2a: Kyurem
|-damage|p2a: Kyurem|1/100
|move|p2a: Kyurem|Earth Power|p1a: Raging Bolt
|-supereffective|p1a: Raging Bolt
|-damage|p1a: Raging Bolt|0 fnt
|faint|p1a: Raging Bolt
|-end|p1a: Raging Bolt|Protosynthesis|[silent]
|
|-heal|p2a: Kyurem|7/100|[from] Grassy Terrain
|upkeep
|c|☆its.kirubel|yoooooo#
|c|☆Ssnowday|are u fk srs i hate kyrem fuck this stupid fucking mon
|n|‽Ssnowday|ssnowday
|c|~|/log Ssnowday was locked from talking by Artemis. (☆Ssnowday: are u fk srs i hate kyrem fuck this stupid fucking mon)
|c|~|/raw <small>This action was done automatically. Want to learn more about the AI? <a href="https://www.smogon.com/forums/threads/3570628/#post-9056769">Visit the information thread</a>.</small>
|-message|Ssnowday forfeited.
|
|win|its.kirubel
