|j|☆REX_1A91S
|j|‽RadiantSol
|t:|1779618841
|gametype|singles
|player|p1|REX_1A91S|riley|1352
|player|p2|RadiantSol|flint|1333
|gen|9
|tier|[Gen 9] OU
|rated|
|rule|HP Percentage Mod: HP is shown in percentages
|rule|Endless Battle Clause: Forcing endless battles is banned
|rule|Species Clause: Limit one of each Pokémon
|rule|OHKO Clause: OHKO moves are banned
|rule|Evasion Items Clause: Evasion items are banned
|rule|Evasion Moves Clause: Evasion moves are banned
|rule|Evasion Abilities Clause: Evasion abilities are banned
|rule|Sleep Moves Clause: Sleep-inducing moves are banned
|clearpoke
|poke|p1|Slowking-Galar, F|
|poke|p1|Tornadus-Therian, M|
|poke|p1|Ogerpon-Wellspring, F|
|poke|p1|Iron Treads|
|poke|p1|Pecharunt|
|poke|p1|Zamazenta-*|
|poke|p2|Espeon, F|
|poke|p2|Quagsire, F|
|poke|p2|Garchomp, F|
|poke|p2|Talonflame, F|
|poke|p2|Ninetales-Alola, F|
|poke|p2|Muk-Alola, F|
|teampreview
|inactive|Battle timer is ON: inactive players will automatically lose when time's up. (requested by RadiantSol)
|
|t:|1779618878
|teamsize|p1|6
|teamsize|p2|6
|start
|switch|p1a: Tornadus|Tornadus-Therian, M|100/100
|switch|p2a: Talonflame|Talonflame, F|100/100
|turn|1
|
|t:|1779618887
|move|p2a: Talonflame|U-turn|p1a: Tornadus
|-resisted|p1a: Tornadus
|-damage|p1a: Tornadus|93/100
|
|t:|1779618889
|switch|p2a: Muk|Muk-Alola, F|100/100|[from] U-turn
|move|p1a: Tornadus|Knock Off|p2a: Muk
|-resisted|p2a: Muk
|-damage|p2a: Muk|90/100
|-enditem|p2a: Muk|Leftovers|[from] move: Knock Off|[of] p1a: Tornadus
|
|upkeep
|turn|2
|
|t:|1779618898
|move|p1a: Tornadus|Bleakwind Storm|p2a: Muk
|-damage|p2a: Muk|68/100
|-unboost|p2a: Muk|spe|1
|move|p2a: Muk|Knock Off|p1a: Tornadus
|-damage|p1a: Tornadus|54/100
|-enditem|p1a: Tornadus|Assault Vest|[from] move: Knock Off|[of] p2a: Muk
|
|upkeep
|turn|3
|
|t:|1779618908
|move|p1a: Tornadus|Bleakwind Storm|p2a: Muk
|-damage|p2a: Muk|43/100
|-unboost|p2a: Muk|spe|1
|move|p2a: Muk|Knock Off|p1a: Tornadus
|-damage|p1a: Tornadus|25/100
|
|upkeep
|turn|4
|
|t:|1779618914
|move|p1a: Tornadus|U-turn|p2a: Muk
|-damage|p2a: Muk|27/100
|
|t:|1779618919
|switch|p1a: Iron Treads|Iron Treads|100/100|[from] U-turn
|move|p2a: Muk|Knock Off|p1a: Iron Treads
|-damage|p1a: Iron Treads|74/100
|-enditem|p1a: Iron Treads|Leftovers|[from] move: Knock Off|[of] p2a: Muk
|
|upkeep
|turn|5
|
|t:|1779618930
|switch|p2a: Talonflame|Talonflame, F|100/100
|move|p1a: Iron Treads|Earthquake|p2a: Talonflame
|-immune|p2a: Talonflame
|
|upkeep
|turn|6
|
|t:|1779618936
|-end|p1a: Iron Treads|Quark Drive|[silent]
|switch|p1a: Tornadus|Tornadus-Therian, M|59/100
|move|p2a: Talonflame|Will-O-Wisp|p1a: Tornadus
|-status|p1a: Tornadus|brn
|
|-damage|p1a: Tornadus|52/100 brn|[from] brn
|upkeep
|turn|7
|
|t:|1779618943
|move|p2a: Talonflame|U-turn|p1a: Tornadus
|-resisted|p1a: Tornadus
|-damage|p1a: Tornadus|45/100 brn
|
|t:|1779618949
|switch|p2a: Muk|Muk-Alola, F|27/100|[from] U-turn
|move|p1a: Tornadus|U-turn|p2a: Muk
|-damage|p2a: Muk|20/100
|
|t:|1779618957
|switch|p1a: Ogerpon|Ogerpon-Wellspring, F|100/100|[from] U-turn
|
|upkeep
|turn|8
|
|t:|1779618966
|move|p2a: Muk|Shadow Sneak|p1a: Ogerpon
|-damage|p1a: Ogerpon|88/100
|move|p1a: Ogerpon|Ivy Cudgel|p2a: Muk|[anim] Ivy Cudgel Water
|-damage|p2a: Muk|0 fnt
|faint|p2a: Muk
|
|upkeep
|
|t:|1779618974
|switch|p2a: Talonflame|Talonflame, F|100/100
|turn|9
|
|t:|1779618987
|switch|p1a: Tornadus|Tornadus-Therian, M|78/100 brn
|-terastallize|p2a: Talonflame|Dragon
|move|p2a: Talonflame|Will-O-Wisp|p1a: Tornadus
|-fail|p1a: Tornadus|brn
|
|-damage|p1a: Tornadus|72/100 brn|[from] brn
|upkeep
|turn|10
|
|t:|1779618997
|move|p2a: Talonflame|U-turn|p1a: Tornadus
|-resisted|p1a: Tornadus
|-damage|p1a: Tornadus|64/100 brn
|
|t:|1779619005
|switch|p2a: Garchomp|Garchomp, F|100/100|[from] U-turn
|move|p1a: Tornadus|Knock Off|p2a: Garchomp
|-damage|p2a: Garchomp|91/100
|-damage|p1a: Tornadus|52/100 brn|[from] ability: Rough Skin|[of] p2a: Garchomp
|-enditem|p2a: Garchomp|Lum Berry|[from] move: Knock Off|[of] p1a: Tornadus
|
|-damage|p1a: Tornadus|46/100 brn|[from] brn
|upkeep
|turn|11
|
|t:|1779619020
|switch|p1a: Zamazenta|Zamazenta|100/100
|-ability|p1a: Zamazenta|Dauntless Shield|boost
|-boost|p1a: Zamazenta|def|1
|move|p2a: Garchomp|Scale Shot|p1a: Zamazenta
|-damage|p1a: Zamazenta|94/100
|-damage|p1a: Zamazenta|87/100
|-damage|p1a: Zamazenta|80/100
|-damage|p1a: Zamazenta|74/100
|-damage|p1a: Zamazenta|67/100
|-hitcount|p1a: Zamazenta|5
|-unboost|p2a: Garchomp|def|1
|-boost|p2a: Garchomp|spe|1
|
|-heal|p1a: Zamazenta|73/100|[from] item: Leftovers
|upkeep
|turn|12
|
|t:|1779619035
|switch|p2a: Quagsire|Quagsire, F|100/100
|move|p1a: Zamazenta|Body Press|p2a: Quagsire
|-damage|p2a: Quagsire|79/100
|-damage|p1a: Zamazenta|57/100|[from] item: Rocky Helmet|[of] p2a: Quagsire
|
|-heal|p1a: Zamazenta|63/100|[from] item: Leftovers
|upkeep
|turn|13
|
|t:|1779619044
|switch|p1a: Tornadus|Tornadus-Therian, M|79/100 brn
|move|p2a: Quagsire|Liquidation|p1a: Tornadus
|-damage|p1a: Tornadus|51/100 brn
|
|-damage|p1a: Tornadus|45/100 brn|[from] brn
|upkeep
|turn|14
|
|t:|1779619058
|move|p1a: Tornadus|Knock Off|p2a: Quagsire
|-damage|p2a: Quagsire|72/100
|-damage|p1a: Tornadus|29/100 brn|[from] item: Rocky Helmet|[of] p2a: Quagsire
|-enditem|p2a: Quagsire|Rocky Helmet|[from] move: Knock Off|[of] p1a: Tornadus
|move|p2a: Quagsire|Liquidation|p1a: Tornadus
|-damage|p1a: Tornadus|0 fnt
|faint|p1a: Tornadus
|
|upkeep
|
|t:|1779619066
|switch|p1a: Ogerpon|Ogerpon-Wellspring, F|88/100
|turn|15
|
|t:|1779619073
|switch|p2a: Talonflame|Talonflame, F, tera:Dragon|100/100
|move|p1a: Ogerpon|Swords Dance|p1a: Ogerpon
|-boost|p1a: Ogerpon|atk|2
|
|upkeep
|turn|16
|
|t:|1779619079
|switch|p1a: Slowking|Slowking-Galar, F|100/100
|move|p2a: Talonflame|Will-O-Wisp|p1a: Slowking
|-status|p1a: Slowking|brn
|
|-damage|p1a: Slowking|94/100 brn|[from] brn
|upkeep
|turn|17
|
|t:|1779619092
|switch|p2a: Espeon|Espeon, F, shiny|100/100
|-terastallize|p1a: Slowking|Water
|move|p1a: Slowking|Future Sight|p2a: Espeon
|-start|p1a: Slowking|move: Future Sight
|
|-damage|p1a: Slowking|88/100 brn|[from] brn
|upkeep
|turn|18
|
|t:|1779619104
|move|p2a: Espeon|Calm Mind|p2a: Espeon
|-boost|p2a: Espeon|spa|1
|-boost|p2a: Espeon|spd|1
|-prepare|p1a: Slowking|Chilly Reception|[premajor]
|move|p1a: Slowking|Chilly Reception|p1a: Slowking
|-weather|Snowscape
|
|t:|1779619110
|switch|p1a: Iron Treads|Iron Treads|74/100|[from] Chilly Reception
|
|-weather|Snowscape|[upkeep]
|upkeep
|turn|19
|
|t:|1779619116
|move|p2a: Espeon|Substitute|p2a: Espeon
|-start|p2a: Espeon|Substitute
|-damage|p2a: Espeon|76/100
|move|p1a: Iron Treads|Earthquake|p2a: Espeon
|-end|p2a: Espeon|Substitute
|
|-weather|Snowscape|[upkeep]
|-end|p2a: Espeon|move: Future Sight
|-resisted|p2a: Espeon
|-damage|p2a: Espeon|55/100
|upkeep
|turn|20
|
|t:|1779619125
|switch|p2a: Talonflame|Talonflame, F, tera:Dragon|100/100
|move|p1a: Iron Treads|Earthquake|p2a: Talonflame
|-damage|p2a: Talonflame|57/100
|
|-weather|Snowscape|[upkeep]
|upkeep
|turn|21
|
|t:|1779619132
|move|p2a: Talonflame|Will-O-Wisp|p1a: Iron Treads
|-status|p1a: Iron Treads|brn
|move|p1a: Iron Treads|Stealth Rock|p2a: Talonflame
|-sidestart|p2: RadiantSol|move: Stealth Rock
|
|-weather|Snowscape|[upkeep]
|-damage|p1a: Iron Treads|68/100 brn|[from] brn
|upkeep
|turn|22
|
|t:|1779619140
|move|p2a: Talonflame|Defog|p1a: Iron Treads
|-unboost|p1a: Iron Treads|evasion|1
|-sideend|p2: RadiantSol|Stealth Rock|[from] move: Defog|[of] p2a: Talonflame
|move|p1a: Iron Treads|Volt Switch|p2a: Talonflame
|-resisted|p2a: Talonflame
|-damage|p2a: Talonflame|50/100
|
|t:|1779619146
|-end|p1a: Iron Treads|Quark Drive|[silent]
|switch|p1a: Ogerpon|Ogerpon-Wellspring, F|88/100|[from] Volt Switch
|
|-weather|none
|upkeep
|turn|23
|
|t:|1779619150
|move|p2a: Talonflame|Will-O-Wisp|p1a: Ogerpon
|-status|p1a: Ogerpon|brn
|move|p1a: Ogerpon|Play Rough|p2a: Talonflame|[miss]
|-miss|p1a: Ogerpon|p2a: Talonflame
|
|-damage|p1a: Ogerpon|82/100 brn|[from] brn
|upkeep
|turn|24
|-message|REX_1A91S forfeited.
|
|win|RadiantSol
|raw|REX_1A91S's rating: 1352 &rarr; <strong>1331</strong><br />(-21 for losing)
|raw|RadiantSol's rating: 1333 &rarr; <strong>1354</strong><br />(+21 for winning)
|l|☆REX_1A91S
|player|p1|
|l|‽RadiantSol
|player|p2|
