|j|☆A05236
|j|☆Abyssal Bot
|t:|1779574143
|gametype|singles
|player|p1|A05236|265|
|player|p2|Abyssal Bot|supernerd|
|teamsize|p1|6
|teamsize|p2|6
|gen|9
|tier|[Gen 9] OU
|rule|Species Clause: Limit one of each Pokémon
|rule|OHKO Clause: OHKO moves are banned
|rule|Evasion Items Clause: Evasion items are banned
|rule|Evasion Moves Clause: Evasion moves are banned
|rule|Endless Battle Clause: Forcing endless battles is banned
|rule|HP Percentage Mod: HP is shown in percentages
|rule|Sleep Moves Clause: Sleep-inducing moves are banned
|clearpoke
|poke|p1|Empoleon, M|
|poke|p1|Muk, M|
|poke|p1|Salamence, F|
|poke|p1|Rhydon, M|
|poke|p1|Landorus-Therian, M|
|poke|p1|Torkoal, F|
|poke|p2|Gholdengo|
|poke|p2|Ting-Lu|
|poke|p2|Deoxys-Speed|
|poke|p2|Garganacl, F|
|poke|p2|Ogerpon, F|
|poke|p2|Gliscor, M|
|teampreview
|c|☆Abyssal Bot|**WARNING**: Expect much hax.
|inactive|Battle timer is ON: inactive players will automatically lose when time's up. (requested by Abyssal Bot)
|j|*Turbo Bottttt
|
|t:|1779574146
|start
|switch|p1a: Empoleon|Empoleon, M|100/100
|switch|p2a: Garganacl|Garganacl, F|100/100
|turn|1
|
|t:|1779574148
|switch|p2a: Gholdengo|Gholdengo|100/100
|move|p1a: Empoleon|Hydro Pump|p2a: Gholdengo
|-damage|p2a: Gholdengo|49/100
|-damage|p1a: Empoleon|91/100|[from] item: Life Orb
|
|upkeep
|turn|2
|
|t:|1779574151
|move|p1a: Empoleon|Hydro Pump|p2a: Gholdengo
|-damage|p2a: Gholdengo|0
|faint|p2a: Gholdengo
|-damage|p1a: Empoleon|81/100|[from] item: Life Orb
|
|upkeep
|
|t:|1779574151
|switch|p2a: Ogerpon|Ogerpon, F|100/100
|turn|3
|
|t:|1779574155
|move|p2a: Ogerpon|Ivy Cudgel|p1a: Empoleon
|-damage|p1a: Empoleon|27/100
|move|p1a: Empoleon|Ice Spinner|p2a: Ogerpon
|-supereffective|p2a: Ogerpon
|-damage|p2a: Ogerpon|39/100
|-damage|p1a: Empoleon|17/100|[from] item: Life Orb
|
|upkeep
|turn|4
|
|t:|1779574159
|move|p1a: Empoleon|Aqua Jet|p2a: Ogerpon
|-resisted|p2a: Ogerpon
|-damage|p2a: Ogerpon|21/100
|-damage|p1a: Empoleon|7/100|[from] item: Life Orb
|move|p2a: Ogerpon|Ivy Cudgel|p1a: Empoleon
|-crit|p1a: Empoleon
|-damage|p1a: Empoleon|0
|faint|p1a: Empoleon
|
|upkeep
|c|☆Abyssal Bot|I had warned you about hax!! HAHAHA
|
|t:|1779574168
|switch|p1a: Salamence|Salamence, F|100/100
|turn|5
|
|t:|1779574171
|switch|p2a: Garganacl|Garganacl, F|100/100
|move|p1a: Salamence|Dragon Dance|p1a: Salamence
|-boost|p1a: Salamence|atk|1
|-boost|p1a: Salamence|spe|1
|
|upkeep
|turn|6
|
|t:|1779574174
|move|p1a: Salamence|Iron Head|p2a: Garganacl
|-supereffective|p2a: Garganacl
|-damage|p2a: Garganacl|51/100
|cant|p2a: Garganacl|flinch
|
|-heal|p2a: Garganacl|58/100|[from] item: Leftovers
|upkeep
|turn|7
|
|t:|1779574178
|move|p1a: Salamence|Earthquake|p2a: Garganacl
|-supereffective|p2a: Garganacl
|-damage|p2a: Garganacl|3/100
|move|p2a: Garganacl|Stealth Rock|p1a: Salamence
|-sidestart|p1: A05236|move: Stealth Rock
|
|-heal|p2a: Garganacl|9/100|[from] item: Leftovers
|upkeep
|turn|8
|
|t:|1779574183
|move|p1a: Salamence|Iron Head|p2a: Garganacl
|-supereffective|p2a: Garganacl
|-damage|p2a: Garganacl|0
|faint|p2a: Garganacl
|-ability|p1a: Salamence|Moxie|boost
|-boost|p1a: Salamence|atk|1
|
|upkeep
|
|t:|1779574183
|switch|p2a: Deoxys|Deoxys-Speed|100/100
|-ability|p2a: Deoxys|Pressure
|turn|9
|
|t:|1779574189
|move|p1a: Salamence|Outrage|p2a: Deoxys
|-damage|p2a: Deoxys|0
|faint|p2a: Deoxys
|-ability|p1a: Salamence|Moxie|boost
|-boost|p1a: Salamence|atk|1
|
|upkeep
|
|t:|1779574189
|switch|p2a: Gliscor|Gliscor, M|100/100
|turn|10
|
|t:|1779574192
|move|p1a: Salamence|Outrage|p2a: Gliscor|[from]lockedmove
|-damage|p2a: Gliscor|0
|faint|p2a: Gliscor
|-ability|p1a: Salamence|Moxie|boost
|-boost|p1a: Salamence|atk|1
|
|upkeep
|
|t:|1779574192
|switch|p2a: Ting-Lu|Ting-Lu|100/100
|-ability|p2a: Ting-Lu|Vessel of Ruin
|turn|11
|
|t:|1779574196
|move|p1a: Salamence|Outrage|p2a: Ting-Lu|[from]lockedmove
|-damage|p2a: Ting-Lu|0
|faint|p2a: Ting-Lu
|-ability|p1a: Salamence|Moxie|boost
|-boost|p1a: Salamence|atk|1
|-start|p1a: Salamence|confusion|[fatigue]
|
|upkeep
|
|t:|1779574196
|switch|p2a: Ogerpon|Ogerpon, F|21/100
|turn|12
|
|t:|1779574202
|switch|p1a: Torkoal|Torkoal, F|100/100
|-weather|Sunny Day|[from] ability: Drought|[of] p1a: Torkoal
|move|p2a: Ogerpon|Knock Off|p1a: Torkoal
|-crit|p1a: Torkoal
|-damage|p1a: Torkoal|74/100
|-enditem|p1a: Torkoal|Heavy-Duty Boots|[from] move: Knock Off|[of] p2a: Ogerpon
|
|-weather|Sunny Day|[upkeep]
|upkeep
|turn|13
|c|☆Abyssal Bot|YASS!
|
|t:|1779574204
|move|p2a: Ogerpon|Ivy Cudgel|p1a: Torkoal
|-resisted|p1a: Torkoal
|-damage|p1a: Torkoal|60/100
|move|p1a: Torkoal|Lava Plume|p2a: Ogerpon
|-supereffective|p2a: Ogerpon
|-damage|p2a: Ogerpon|0
|faint|p2a: Ogerpon
|
|win|A05236
|c|☆Abyssal Bot|Oh, I lost. Good Game.
|l|☆Abyssal Bot
|player|p2|
|l|*Turbo Bottttt
