|j|☆Motleystew
|j|☆pokemax161
|t:|1779635315
|gametype|singles
|player|p1|Motleystew|biker|1157
|player|p2|pokemax161|cyrus|1126
|gen|9
|tier|[Gen 9] OU
|rated|
|rule|HP Percentage Mod: HP is shown in percentages
|rule|Endless Battle Clause: Forcing endless battles is banned
|rule|Species Clause: Limit one of each Pokémon
|rule|OHKO Clause: OHKO moves are banned
|rule|Evasion Items Clause: Evasion items are banned
|rule|Evasion Moves Clause: Evasion moves are banned
|rule|Evasion Abilities Clause: Evasion abilities are banned
|rule|Sleep Moves Clause: Sleep-inducing moves are banned
|clearpoke
|poke|p1|Quaquaval, F|
|poke|p1|Ogerpon-Cornerstone, F|
|poke|p1|Grimmsnarl, M|
|poke|p1|Salazzle, F|
|poke|p1|Blaziken, M|
|poke|p1|Reuniclus, F|
|poke|p2|Ceruledge, F|
|poke|p2|Slowking-Galar, F|
|poke|p2|Alomomola, M|
|poke|p2|Scizor, F|
|poke|p2|Staraptor, M|
|poke|p2|Darkrai|
|teampreview
|inactive|Battle timer is ON: inactive players will automatically lose when time's up. (requested by Motleystew)
|
|t:|1779635337
|teamsize|p1|6
|teamsize|p2|6
|start
|switch|p1a: Salazzle|Salazzle, F, shiny|100/100
|switch|p2a: Scizor|Scizor, F|100/100
|turn|1
|inactive|pokemax161 has 120 seconds left.
|
|t:|1779635371
|move|p1a: Salazzle|Toxic|p2a: Scizor
|-status|p2a: Scizor|tox
|move|p2a: Scizor|U-turn|p1a: Salazzle
|-resisted|p1a: Salazzle
|-damage|p1a: Salazzle|83/100
|inactive|pokemax161 has 120 seconds left.
|
|t:|1779635380
|switch|p2a: Alomomola|Alomomola, M|100/100|[from] U-turn
|
|upkeep
|turn|2
|inactive|pokemax161 has 120 seconds left.
|
|t:|1779635394
|move|p1a: Salazzle|Toxic|p2a: Alomomola
|-status|p2a: Alomomola|tox
|move|p2a: Alomomola|Flip Turn|p1a: Salazzle
|-supereffective|p1a: Salazzle
|-damage|p1a: Salazzle|22/100
|inactive|pokemax161 has 120 seconds left.
|
|t:|1779635401
|switch|p2a: Staraptor|Staraptor, M|100/100|[from] Flip Turn
|-ability|p2a: Staraptor|Intimidate|boost
|-unboost|p1a: Salazzle|atk|1
|
|upkeep
|turn|3
|inactive|pokemax161 has 120 seconds left.
|
|t:|1779635413
|move|p2a: Staraptor|U-turn|p1a: Salazzle
|-resisted|p1a: Salazzle
|-damage|p1a: Salazzle|13/100
|
|t:|1779635416
|switch|p2a: Alomomola|Alomomola, M|100/100 tox|[from] U-turn
|move|p1a: Salazzle|Toxic|p2a: Alomomola
|-fail|p2a: Alomomola|tox
|
|-damage|p2a: Alomomola|94/100 tox|[from] psn
|upkeep
|turn|4
|
|t:|1779635425
|move|p1a: Salazzle|Protect|p1a: Salazzle
|-singleturn|p1a: Salazzle|Protect
|move|p2a: Alomomola|Aqua Jet|p1a: Salazzle
|-activate|p1a: Salazzle|move: Protect
|
|-damage|p2a: Alomomola|82/100 tox|[from] psn
|upkeep
|turn|5
|
|t:|1779635434
|switch|p1a: Grimmsnarl|Grimmsnarl, M|100/100
|move|p2a: Alomomola|Flip Turn|p1a: Grimmsnarl
|-damage|p1a: Grimmsnarl|80/100
|
|t:|1779635442
|switch|p2a: Scizor|Scizor, F|100/100 tox|[from] Flip Turn
|
|-damage|p2a: Scizor|94/100 tox|[from] psn
|upkeep
|turn|6
|
|t:|1779635451
|-terastallize|p1a: Grimmsnarl|Steel
|move|p2a: Scizor|Bullet Punch|p1a: Grimmsnarl
|-resisted|p1a: Grimmsnarl
|-damage|p1a: Grimmsnarl|58/100
|move|p1a: Grimmsnarl|Reflect|p1a: Grimmsnarl
|-sidestart|p1: Motleystew|Reflect
|
|-damage|p2a: Scizor|82/100 tox|[from] psn
|upkeep
|turn|7
|
|t:|1779635461
|move|p2a: Scizor|Close Combat|p1a: Grimmsnarl
|-supereffective|p1a: Grimmsnarl
|-damage|p1a: Grimmsnarl|0 fnt
|-unboost|p2a: Scizor|def|1
|-unboost|p2a: Scizor|spd|1
|faint|p1a: Grimmsnarl
|
|-damage|p2a: Scizor|64/100 tox|[from] psn
|upkeep
|
|t:|1779635471
|switch|p1a: Blaziken|Blaziken, M|100/100
|turn|8
|
|t:|1779635475
|switch|p2a: Alomomola|Alomomola, M|100/100 tox
|move|p1a: Blaziken|Swords Dance|p1a: Blaziken
|-boost|p1a: Blaziken|atk|2
|
|-damage|p2a: Alomomola|94/100 tox|[from] psn
|-ability|p1a: Blaziken|Speed Boost|boost
|-boost|p1a: Blaziken|spe|1
|upkeep
|turn|9
|
|t:|1779635487
|move|p1a: Blaziken|Swords Dance|p1a: Blaziken
|-boost|p1a: Blaziken|atk|2
|move|p2a: Alomomola|Wish|p2a: Alomomola
|
|-damage|p2a: Alomomola|82/100 tox|[from] psn
|-ability|p1a: Blaziken|Speed Boost|boost
|-boost|p1a: Blaziken|spe|1
|upkeep
|turn|10
|
|t:|1779635496
|move|p1a: Blaziken|Close Combat|p2a: Alomomola
|-damage|p2a: Alomomola|0 fnt
|-unboost|p1a: Blaziken|def|1
|-unboost|p1a: Blaziken|spd|1
|-damage|p1a: Blaziken|84/100|[from] item: Rocky Helmet|[of] p2a: Alomomola
|faint|p2a: Alomomola
|
|-ability|p1a: Blaziken|Speed Boost|boost
|-boost|p1a: Blaziken|spe|1
|upkeep
|
|t:|1779635508
|switch|p2a: Ceruledge|Ceruledge, F|100/100
|turn|11
|
|t:|1779635517
|switch|p1a: Salazzle|Salazzle, F, shiny|13/100
|move|p2a: Ceruledge|Swords Dance|p2a: Ceruledge
|-boost|p2a: Ceruledge|atk|2
|
|upkeep
|turn|12
|
|t:|1779635526
|move|p2a: Ceruledge|Shadow Sneak|p1a: Salazzle
|-damage|p1a: Salazzle|0 fnt
|faint|p1a: Salazzle
|
|upkeep
|
|t:|1779635535
|switch|p1a: Ogerpon|Ogerpon-Cornerstone, F|100/100
|turn|13
|
|t:|1779635552
|move|p1a: Ogerpon|Ivy Cudgel|p2a: Ceruledge|[anim] Ivy Cudgel Rock
|-supereffective|p2a: Ceruledge
|-damage|p2a: Ceruledge|0 fnt
|faint|p2a: Ceruledge
|
|-sideend|p1: Motleystew|Reflect
|upkeep
|inactive|pokemax161 has 120 seconds left.
|
|t:|1779635580
|switch|p2a: Scizor|Scizor, F|64/100 tox
|turn|14
|
|t:|1779635585
|move|p1a: Ogerpon|Spiky Shield|p1a: Ogerpon
|-singleturn|p1a: Ogerpon|move: Protect
|move|p2a: Scizor|Bullet Punch|p1a: Ogerpon
|-activate|p1a: Ogerpon|move: Protect
|-damage|p2a: Scizor|51/100 tox|[from] Spiky Shield|[of] p1a: Ogerpon
|
|-damage|p2a: Scizor|45/100 tox|[from] psn
|upkeep
|turn|15
|
|t:|1779635594
|move|p2a: Scizor|Bullet Punch|p1a: Ogerpon
|-supereffective|p1a: Ogerpon
|-damage|p1a: Ogerpon|2/100
|move|p1a: Ogerpon|Counter|p2a: Scizor
|-damage|p2a: Scizor|0 fnt
|faint|p2a: Scizor
|
|upkeep
|
|t:|1779635604
|switch|p2a: Staraptor|Staraptor, M|100/100
|-ability|p2a: Staraptor|Intimidate|boost
|-unboost|p1a: Ogerpon|atk|1
|turn|16
|
|t:|1779635609
|move|p2a: Staraptor|U-turn|p1a: Ogerpon
|-supereffective|p1a: Ogerpon
|-damage|p1a: Ogerpon|0 fnt
|faint|p1a: Ogerpon
|
|t:|1779635612
|switch|p2a: Slowking|Slowking-Galar, F|100/100|[from] U-turn
|
|upkeep
|
|t:|1779635618
|switch|p1a: Reuniclus|Reuniclus, F|100/100
|turn|17
|
|t:|1779635630
|move|p1a: Reuniclus|Calm Mind|p1a: Reuniclus
|-boost|p1a: Reuniclus|spa|1
|-boost|p1a: Reuniclus|spd|1
|move|p2a: Slowking|Light Screen|p2a: Slowking
|-sidestart|p2: pokemax161|move: Light Screen
|
|upkeep
|turn|18
|
|t:|1779635636
|move|p1a: Reuniclus|Calm Mind|p1a: Reuniclus
|-boost|p1a: Reuniclus|spa|1
|-boost|p1a: Reuniclus|spd|1
|-prepare|p2a: Slowking|Chilly Reception|[premajor]
|move|p2a: Slowking|Chilly Reception|p2a: Slowking
|-weather|Snowscape
|
|t:|1779635642
|switch|p2a: Staraptor|Staraptor, M|100/100|[from] Chilly Reception
|-ability|p2a: Staraptor|Intimidate|boost
|-unboost|p1a: Reuniclus|atk|1
|
|-weather|Snowscape|[upkeep]
|upkeep
|turn|19
|
|t:|1779635653
|move|p2a: Staraptor|U-turn|p1a: Reuniclus
|-supereffective|p1a: Reuniclus
|-damage|p1a: Reuniclus|57/100
|
|t:|1779635656
|switch|p2a: Slowking|Slowking-Galar, F|100/100|[from] U-turn
|move|p1a: Reuniclus|Acid Armor|p1a: Reuniclus
|-boost|p1a: Reuniclus|def|2
|
|-weather|Snowscape|[upkeep]
|-heal|p1a: Reuniclus|63/100|[from] item: Leftovers
|upkeep
|turn|20
|
|t:|1779635666
|move|p1a: Reuniclus|Calm Mind|p1a: Reuniclus
|-boost|p1a: Reuniclus|spa|1
|-boost|p1a: Reuniclus|spd|1
|-prepare|p2a: Slowking|Chilly Reception|[premajor]
|move|p2a: Slowking|Chilly Reception|p2a: Slowking
|
|t:|1779635671
|switch|p2a: Staraptor|Staraptor, M|100/100|[from] Chilly Reception
|-ability|p2a: Staraptor|Intimidate|boost
|-unboost|p1a: Reuniclus|atk|1
|
|-weather|Snowscape|[upkeep]
|-heal|p1a: Reuniclus|69/100|[from] item: Leftovers
|upkeep
|turn|21
|
|t:|1779635679
|move|p2a: Staraptor|U-turn|p1a: Reuniclus
|-supereffective|p1a: Reuniclus
|-damage|p1a: Reuniclus|47/100
|
|t:|1779635682
|switch|p2a: Slowking|Slowking-Galar, F|100/100|[from] U-turn
|move|p1a: Reuniclus|Stored Power|p2a: Slowking
|-damage|p2a: Slowking|49/100
|
|-weather|Snowscape|[upkeep]
|-heal|p1a: Reuniclus|53/100|[from] item: Leftovers
|-heal|p2a: Slowking|56/100|[from] item: Black Sludge
|-sideend|p2: pokemax161|move: Light Screen
|upkeep
|turn|22
|
|t:|1779635693
|move|p1a: Reuniclus|Stored Power|p2a: Slowking
|-damage|p2a: Slowking|0 fnt
|faint|p2a: Slowking
|
|-weather|none
|-heal|p1a: Reuniclus|59/100|[from] item: Leftovers
|upkeep
|
|t:|1779635699
|switch|p2a: Darkrai|Darkrai|100/100
|turn|23
|
|t:|1779635703
|move|p2a: Darkrai|Dark Pulse|p1a: Reuniclus
|-supereffective|p1a: Reuniclus
|-damage|p1a: Reuniclus|27/100
|move|p1a: Reuniclus|Flash Cannon|p2a: Darkrai
|-damage|p2a: Darkrai|26/100
|
|-heal|p1a: Reuniclus|33/100|[from] item: Leftovers
|upkeep
|turn|24
|
|t:|1779635711
|move|p2a: Darkrai|Dark Pulse|p1a: Reuniclus
|-supereffective|p1a: Reuniclus
|-damage|p1a: Reuniclus|0 fnt
|faint|p1a: Reuniclus
|
|upkeep
|
|t:|1779635717
|switch|p1a: Quaquaval|Quaquaval, F|100/100
|turn|25
|
|t:|1779635734
|move|p2a: Darkrai|Charge Beam|p1a: Quaquaval
|-supereffective|p1a: Quaquaval
|-damage|p1a: Quaquaval|51/100
|-boost|p2a: Darkrai|spa|1
|move|p1a: Quaquaval|Aqua Step|p2a: Darkrai
|-damage|p2a: Darkrai|0 fnt
|-boost|p1a: Quaquaval|spe|1
|faint|p2a: Darkrai
|-ability|p1a: Quaquaval|Moxie|boost
|-boost|p1a: Quaquaval|atk|1
|
|upkeep
|
|t:|1779635744
|switch|p2a: Staraptor|Staraptor, M|100/100
|-ability|p2a: Staraptor|Intimidate|boost
|-unboost|p1a: Quaquaval|atk|1
|turn|26
|
|t:|1779635751
|move|p2a: Staraptor|Brave Bird|p1a: Quaquaval
|-supereffective|p1a: Quaquaval
|-damage|p1a: Quaquaval|0 fnt
|faint|p1a: Quaquaval
|-damage|p2a: Staraptor|84/100|[from] Recoil
|
|upkeep
|
|t:|1779635757
|switch|p1a: Blaziken|Blaziken, M|84/100
|turn|27
|
|t:|1779635761
|move|p1a: Blaziken|Protect|p1a: Blaziken
|-singleturn|p1a: Blaziken|Protect
|move|p2a: Staraptor|Brave Bird|p1a: Blaziken
|-activate|p1a: Blaziken|move: Protect
|
|-ability|p1a: Blaziken|Speed Boost|boost
|-boost|p1a: Blaziken|spe|1
|upkeep
|turn|28
|
|t:|1779635771
|move|p1a: Blaziken|Protect|p1a: Blaziken
|-singleturn|p1a: Blaziken|Protect
|move|p2a: Staraptor|Brave Bird|p1a: Blaziken
|-activate|p1a: Blaziken|move: Protect
|
|-ability|p1a: Blaziken|Speed Boost|boost
|-boost|p1a: Blaziken|spe|1
|upkeep
|turn|29
|c|☆pokemax161|what
|c|☆pokemax161|come on
|
|t:|1779635788
|move|p2a: Staraptor|Brave Bird|p1a: Blaziken
|-supereffective|p1a: Blaziken
|-damage|p1a: Blaziken|0 fnt
|faint|p1a: Blaziken
|-damage|p2a: Staraptor|57/100|[from] Recoil
|
|win|pokemax161
|raw|Motleystew's rating: 1157 &rarr; <strong>1130</strong><br />(-27 for losing)
|raw|pokemax161's rating: 1126 &rarr; <strong>1153</strong><br />(+27 for winning)
|l|☆Motleystew
|player|p1|
