|j|☆Hantaanime Virus
|j|☆Turmimu
|t:|1779707335
|gametype|singles
|player|p1|Hantaanime Virus|101|1106
|player|p2|Turmimu|lucas|1130
|gen|9
|tier|[Gen 9] OU
|rated|
|rule|HP Percentage Mod: HP is shown in percentages
|rule|Endless Battle Clause: Forcing endless battles is banned
|rule|Species Clause: Limit one of each Pokémon
|rule|OHKO Clause: OHKO moves are banned
|rule|Evasion Items Clause: Evasion items are banned
|rule|Evasion Moves Clause: Evasion moves are banned
|rule|Evasion Abilities Clause: Evasion abilities are banned
|rule|Sleep Moves Clause: Sleep-inducing moves are banned
|clearpoke
|poke|p1|Slowking-Galar, F|
|poke|p1|Corviknight, M|
|poke|p1|Ting-Lu|
|poke|p1|Alomomola, F|
|poke|p1|Kyurem|
|poke|p1|Zamazenta-*|
|poke|p2|Garchomp, M|
|poke|p2|Gliscor, M|
|poke|p2|Scizor, M|
|poke|p2|Latios, M|
|poke|p2|Kingambit, M|
|poke|p2|Glimmora, M|
|teampreview
|inactive|Battle timer is ON: inactive players will automatically lose when time's up. (requested by Turmimu)
|inactive|Hantaanime Virus has 120 seconds left.
|
|t:|1779707437
|teamsize|p1|6
|teamsize|p2|6
|start
|switch|p1a: TheOriginalDragon|Kyurem|100/100
|switch|p2a: Glimmora|Glimmora, M, shiny|100/100
|-ability|p1a: TheOriginalDragon|Pressure
|turn|1
|
|t:|1779707444
|switch|p1a: TingTingTing Luhur|Ting-Lu|100/100
|-ability|p1a: TingTingTing Luhur|Vessel of Ruin
|move|p2a: Glimmora|Spikes|p1a: TingTingTing Luhur
|-sidestart|p1: Hantaanime Virus|Spikes
|
|upkeep
|turn|2
|inactive|Hantaanime Virus has 120 seconds left.
|
|t:|1779707481
|move|p2a: Glimmora|Toxic Spikes|p1a: TingTingTing Luhur
|-sidestart|p1: Hantaanime Virus|move: Toxic Spikes
|move|p1a: TingTingTing Luhur|Earthquake|p2a: Glimmora
|-supereffective|p2a: Glimmora
|-enditem|p2a: Glimmora|Focus Sash
|-damage|p2a: Glimmora|1/100
|-activate|p2a: Glimmora|ability: Toxic Debris
|-sidestart|p1: Hantaanime Virus|move: Toxic Spikes
|
|upkeep
|turn|3
|inactive|Hantaanime Virus has 120 seconds left.
|
|t:|1779707511
|move|p2a: Glimmora|Spikes|p1a: TingTingTing Luhur
|-sidestart|p1: Hantaanime Virus|Spikes
|move|p1a: TingTingTing Luhur|Snarl|p2a: Glimmora
|-damage|p2a: Glimmora|0 fnt
|faint|p2a: Glimmora
|
|upkeep
|
|t:|1779707517
|switch|p2a: Garchomp|Garchomp, M|100/100
|turn|4
|
|t:|1779707530
|switch|p1a: BigBlackCrownelius|Corviknight, M|100/100
|-ability|p1a: BigBlackCrownelius|Pressure
|move|p2a: Garchomp|Swords Dance|p2a: Garchomp
|-boost|p2a: Garchomp|atk|2
|
|upkeep
|turn|5
|
|t:|1779707548
|move|p2a: Garchomp|Scale Shot|p1a: BigBlackCrownelius
|-resisted|p1a: BigBlackCrownelius
|-damage|p1a: BigBlackCrownelius|94/100
|-resisted|p1a: BigBlackCrownelius
|-damage|p1a: BigBlackCrownelius|87/100
|-resisted|p1a: BigBlackCrownelius
|-damage|p1a: BigBlackCrownelius|79/100
|-resisted|p1a: BigBlackCrownelius
|-damage|p1a: BigBlackCrownelius|72/100
|-resisted|p1a: BigBlackCrownelius
|-damage|p1a: BigBlackCrownelius|66/100
|-hitcount|p1a: BigBlackCrownelius|5
|-unboost|p2a: Garchomp|def|1
|-boost|p2a: Garchomp|spe|1
|move|p1a: BigBlackCrownelius|Defog|p2a: Garchomp
|-unboost|p2a: Garchomp|evasion|1
|-sideend|p1: Hantaanime Virus|Spikes|[from] move: Defog|[of] p1a: BigBlackCrownelius
|-sideend|p1: Hantaanime Virus|Toxic Spikes|[from] move: Defog|[of] p1a: BigBlackCrownelius
|
|-heal|p1a: BigBlackCrownelius|72/100|[from] item: Leftovers
|upkeep
|turn|6
|inactive|Turmimu has 120 seconds left.
|
|t:|1779707581
|switch|p2a: Gliscor|Gliscor, M, shiny|100/100
|move|p1a: BigBlackCrownelius|Roost|p1a: BigBlackCrownelius
|-heal|p1a: BigBlackCrownelius|100/100
|-singleturn|p1a: BigBlackCrownelius|move: Roost
|
|-status|p2a: Gliscor|tox|[from] item: Toxic Orb
|upkeep
|turn|7
|inactive|Turmimu has 120 seconds left.
|
|t:|1779707591
|move|p2a: Gliscor|Fire Fang|p1a: BigBlackCrownelius
|-supereffective|p1a: BigBlackCrownelius
|-damage|p1a: BigBlackCrownelius|81/100
|move|p1a: BigBlackCrownelius|U-turn|p2a: Gliscor
|-resisted|p2a: Gliscor
|-damage|p2a: Gliscor|96/100 tox
|
|t:|1779707594
|switch|p1a: TheOriginalDragon|Kyurem|100/100|[from] U-turn
|-ability|p1a: TheOriginalDragon|Pressure
|
|-heal|p2a: Gliscor|100/100 tox|[from] ability: Poison Heal
|upkeep
|turn|8
|inactive|Turmimu has 120 seconds left.
|
|t:|1779707608
|move|p1a: TheOriginalDragon|Draco Meteor|p2a: Gliscor
|-damage|p2a: Gliscor|0 fnt
|-unboost|p1a: TheOriginalDragon|spa|2
|faint|p2a: Gliscor
|
|upkeep
|inactive|Turmimu has 120 seconds left.
|
|t:|1779707620
|switch|p2a: Latios|Latios, M, shiny|100/100
|turn|9
|inactive|Turmimu has 120 seconds left.
|
|t:|1779707629
|switch|p1a: DownSyndromeShawty|Slowking-Galar, F|100/100
|move|p2a: Latios|Calm Mind|p2a: Latios
|-boost|p2a: Latios|spa|1
|-boost|p2a: Latios|spd|1
|
|upkeep
|turn|10
|
|t:|1779707638
|move|p2a: Latios|Psychic|p1a: DownSyndromeShawty
|-damage|p1a: DownSyndromeShawty|46/100
|-unboost|p1a: DownSyndromeShawty|spd|1
|move|p1a: DownSyndromeShawty|Trick|p2a: Latios
|-activate|p1a: DownSyndromeShawty|move: Trick|[of] p2a: Latios
|-item|p2a: Latios|Black Sludge|[from] move: Trick
|-item|p1a: DownSyndromeShawty|Soul Dew|[from] move: Trick
|
|-damage|p2a: Latios|88/100|[from] item: Black Sludge
|upkeep
|turn|11
|
|t:|1779707647
|move|p2a: Latios|Psychic|p1a: DownSyndromeShawty
|-damage|p1a: DownSyndromeShawty|0 fnt
|faint|p1a: DownSyndromeShawty
|
|-damage|p2a: Latios|76/100|[from] item: Black Sludge
|upkeep
|
|t:|1779707654
|switch|p1a: Raw Dawgy Style|Zamazenta|100/100
|-ability|p1a: Raw Dawgy Style|Dauntless Shield|boost
|-boost|p1a: Raw Dawgy Style|def|1
|turn|12
|
|t:|1779707658
|move|p1a: Raw Dawgy Style|Crunch|p2a: Latios
|-supereffective|p2a: Latios
|-damage|p2a: Latios|0 fnt
|faint|p2a: Latios
|-damage|p1a: Raw Dawgy Style|91/100|[from] item: Life Orb
|
|upkeep
|
|t:|1779707673
|switch|p2a: Scizor|Scizor, M, shiny|100/100
|turn|13
|
|t:|1779707702
|move|p1a: Raw Dawgy Style|Close Combat|p2a: Scizor
|-damage|p2a: Scizor|1/100
|-unboost|p1a: Raw Dawgy Style|def|1
|-unboost|p1a: Raw Dawgy Style|spd|1
|-damage|p1a: Raw Dawgy Style|81/100|[from] item: Life Orb
|move|p2a: Scizor|Dual Wingbeat|p1a: Raw Dawgy Style
|-supereffective|p1a: Raw Dawgy Style
|-damage|p1a: Raw Dawgy Style|17/100
|-supereffective|p1a: Raw Dawgy Style
|-damage|p1a: Raw Dawgy Style|0 fnt
|faint|p1a: Raw Dawgy Style
|-hitcount|p1: Raw Dawgy Style|2
|
|upkeep
|inactive|Hantaanime Virus has 120 seconds left.
|inactive|Hantaanime Virus has 90 seconds left.
|inactive|Hantaanime Virus has 60 seconds left.
|inactive|Hantaanime Virus has 30 seconds left.
|inactive|Hantaanime Virus has 20 seconds left.
|inactive|Hantaanime Virus has 15 seconds left.
|
|t:|1779707820
|switch|p1a: ThiccThangWithBBL|Alomomola, F|100/100
|turn|14
|inactive|Hantaanime Virus has 25 seconds left this turn.
|
|t:|1779707830
|move|p2a: Scizor|Dual Wingbeat|p1a: ThiccThangWithBBL
|-damage|p1a: ThiccThangWithBBL|80/100
|-damage|p1a: ThiccThangWithBBL|59/100
|-hitcount|p1a: ThiccThangWithBBL|2
|move|p1a: ThiccThangWithBBL|Flip Turn|p2a: Scizor
|-damage|p2a: Scizor|0 fnt
|faint|p2a: Scizor
|inactive|Hantaanime Virus has 30 seconds left this turn.
|
|t:|1779707834
|switch|p1a: BigBlackCrownelius|Corviknight, M|81/100|[from] Flip Turn
|-ability|p1a: BigBlackCrownelius|Pressure
|
|-heal|p1a: BigBlackCrownelius|87/100|[from] item: Leftovers
|upkeep
|
|t:|1779707842
|switch|p2a: Garchomp|Garchomp, M|100/100
|turn|15
|
|t:|1779707849
|move|p2a: Garchomp|Swords Dance|p2a: Garchomp
|-boost|p2a: Garchomp|atk|2
|move|p1a: BigBlackCrownelius|Brave Bird|p2a: Garchomp
|-damage|p2a: Garchomp|65/100
|-damage|p1a: BigBlackCrownelius|75/100|[from] ability: Rough Skin|[of] p2a: Garchomp
|-damage|p1a: BigBlackCrownelius|64/100|[from] Recoil
|
|-heal|p1a: BigBlackCrownelius|70/100|[from] item: Leftovers
|upkeep
|turn|16
|
|t:|1779707858
|move|p2a: Garchomp|Swords Dance|p2a: Garchomp
|-boost|p2a: Garchomp|atk|2
|move|p1a: BigBlackCrownelius|Brave Bird|p2a: Garchomp
|-damage|p2a: Garchomp|32/100
|-damage|p1a: BigBlackCrownelius|58/100|[from] ability: Rough Skin|[of] p2a: Garchomp
|-damage|p1a: BigBlackCrownelius|48/100|[from] Recoil
|
|-heal|p1a: BigBlackCrownelius|54/100|[from] item: Leftovers
|upkeep
|turn|17
|
|t:|1779707870
|move|p2a: Garchomp|Scale Shot|p1a: BigBlackCrownelius
|-resisted|p1a: BigBlackCrownelius
|-damage|p1a: BigBlackCrownelius|43/100
|-resisted|p1a: BigBlackCrownelius
|-damage|p1a: BigBlackCrownelius|32/100
|-resisted|p1a: BigBlackCrownelius
|-crit|p1a: BigBlackCrownelius
|-damage|p1a: BigBlackCrownelius|15/100
|-resisted|p1a: BigBlackCrownelius
|-damage|p1a: BigBlackCrownelius|4/100
|-resisted|p1a: BigBlackCrownelius
|-damage|p1a: BigBlackCrownelius|0 fnt
|faint|p1a: BigBlackCrownelius
|-hitcount|p1: BigBlackCrownelius|5
|-unboost|p2a: Garchomp|def|1
|-boost|p2a: Garchomp|spe|1
|
|upkeep
|c|☆Hantaanime Virus|ofc u hit 5
|
|t:|1779707880
|switch|p1a: ThiccThangWithBBL|Alomomola, F|92/100
|turn|18
|
|t:|1779707892
|move|p2a: Garchomp|Scale Shot|p1a: ThiccThangWithBBL
|-damage|p1a: ThiccThangWithBBL|70/100
|-damage|p1a: ThiccThangWithBBL|48/100
|-damage|p1a: ThiccThangWithBBL|28/100
|-damage|p1a: ThiccThangWithBBL|5/100
|-hitcount|p1a: ThiccThangWithBBL|4
|-unboost|p2a: Garchomp|def|1
|-boost|p2a: Garchomp|spe|1
|move|p1a: ThiccThangWithBBL|Flip Turn|p2a: Garchomp
|-damage|p2a: Garchomp|2/100
|-damage|p1a: ThiccThangWithBBL|0 fnt|[from] ability: Rough Skin|[of] p2a: Garchomp
|faint|p1a: ThiccThangWithBBL
|
|upkeep
|
|t:|1779707906
|switch|p1a: TingTingTing Luhur|Ting-Lu|100/100
|-ability|p1a: TingTingTing Luhur|Vessel of Ruin
|turn|19
|
|t:|1779707919
|move|p2a: Garchomp|Scale Shot|p1a: TingTingTing Luhur
|-damage|p1a: TingTingTing Luhur|79/100
|-damage|p1a: TingTingTing Luhur|58/100
|-damage|p1a: TingTingTing Luhur|37/100
|-damage|p1a: TingTingTing Luhur|16/100
|-damage|p1a: TingTingTing Luhur|0 fnt
|faint|p1a: TingTingTing Luhur
|-hitcount|p1: TingTingTing Luhur|5
|-unboost|p2a: Garchomp|def|1
|-boost|p2a: Garchomp|spe|1
|
|upkeep
|inactive|Hantaanime Virus has 60 seconds left.
|
|t:|1779707926
|switch|p1a: TheOriginalDragon|Kyurem|100/100
|-ability|p1a: TheOriginalDragon|Pressure
|turn|20
|c|☆Hantaanime Virus|go fys
|c|☆Hantaanime Virus|bitch ass
|-message|Hantaanime Virus forfeited.
|
|win|Turmimu
