|j|☆hillbilly z
|j|☆katz motel
|t:|1779599650
|gametype|singles
|player|p1|hillbilly z|266|1490
|player|p2|katz motel|1|1545
|gen|9
|tier|[Gen 9] OU
|rated|
|rule|HP Percentage Mod: HP is shown in percentages
|rule|Endless Battle Clause: Forcing endless battles is banned
|rule|Species Clause: Limit one of each Pokémon
|rule|OHKO Clause: OHKO moves are banned
|rule|Evasion Items Clause: Evasion items are banned
|rule|Evasion Moves Clause: Evasion moves are banned
|rule|Evasion Abilities Clause: Evasion abilities are banned
|rule|Sleep Moves Clause: Sleep-inducing moves are banned
|clearpoke
|poke|p1|Torkoal, F|
|poke|p1|Scovillain, M|
|poke|p1|Walking Wake|
|poke|p1|Hatterene, F|
|poke|p1|Great Tusk|
|poke|p1|Ceruledge, M|
|poke|p2|Walking Wake|
|poke|p2|Ting-Lu|
|poke|p2|Gholdengo|
|poke|p2|Moltres|
|poke|p2|Ogerpon, F|
|poke|p2|Dragonite, F|
|teampreview
|
|t:|1779599658
|teamsize|p1|6
|teamsize|p2|6
|start
|switch|p1a: Torkoal|Torkoal, F|100/100
|switch|p2a: Walking Wake|Walking Wake|100/100
|-weather|SunnyDay|[from] ability: Drought|[of] p1a: Torkoal
|-activate|p2a: Walking Wake|ability: Protosynthesis
|-start|p2a: Walking Wake|protosynthesisspa
|turn|1
|
|t:|1779599669
|switch|p1a: Hatterene|Hatterene, F|100/100
|move|p2a: Walking Wake|Knock Off|p1a: Hatterene
|-damage|p1a: Hatterene|85/100
|-enditem|p1a: Hatterene|Eject Button|[from] move: Knock Off|[of] p2a: Walking Wake
|
|-weather|SunnyDay|[upkeep]
|upkeep
|turn|2
|
|t:|1779599676
|move|p2a: Walking Wake|Flip Turn|p1a: Hatterene
|-damage|p1a: Hatterene|78/100
|
|t:|1779599677
|-end|p2a: Walking Wake|Protosynthesis|[silent]
|switch|p2a: Ting-Lu|Ting-Lu|100/100|[from] Flip Turn
|-ability|p2a: Ting-Lu|Vessel of Ruin
|move|p1a: Hatterene|Mystical Fire|p2a: Ting-Lu
|-damage|p2a: Ting-Lu|86/100
|-unboost|p2a: Ting-Lu|spa|1
|
|-weather|SunnyDay|[upkeep]
|-heal|p2a: Ting-Lu|92/100|[from] item: Leftovers
|upkeep
|turn|3
|
|t:|1779599681
|switch|p2a: Gholdengo|Gholdengo|100/100
|move|p1a: Hatterene|Draining Kiss|p2a: Gholdengo
|-resisted|p2a: Gholdengo
|-damage|p2a: Gholdengo|88/100
|-heal|p1a: Hatterene|88/100|[from] drain|[of] p2a: Gholdengo
|
|-weather|SunnyDay|[upkeep]
|upkeep
|turn|4
|
|t:|1779599687
|switch|p2a: Ogerpon|Ogerpon, F|100/100
|switch|p1a: Walking Wake|Walking Wake|100/100
|-activate|p1a: Walking Wake|ability: Protosynthesis
|-start|p1a: Walking Wake|protosynthesisspa
|
|-weather|SunnyDay|[upkeep]
|upkeep
|turn|5
|inactive|Battle timer is ON: inactive players will automatically lose when time's up. (requested by hillbilly z)
|
|t:|1779599695
|move|p2a: Ogerpon|Ivy Cudgel|p1a: Walking Wake
|-damage|p1a: Walking Wake|51/100
|move|p1a: Walking Wake|Flamethrower|p2a: Ogerpon
|-supereffective|p2a: Ogerpon
|-damage|p2a: Ogerpon|0 fnt
|faint|p2a: Ogerpon
|
|-weather|SunnyDay|[upkeep]
|upkeep
|
|t:|1779599723
|switch|p2a: Walking Wake|Walking Wake|100/100
|-activate|p2a: Walking Wake|ability: Protosynthesis
|-start|p2a: Walking Wake|protosynthesisspa
|turn|6
|
|t:|1779599729
|-end|p1a: Walking Wake|Protosynthesis|[silent]
|switch|p1a: Hatterene|Hatterene, F|88/100
|move|p2a: Walking Wake|Surf|p1a: Hatterene
|-damage|p1a: Hatterene|59/100
|
|-weather|SunnyDay|[upkeep]
|upkeep
|turn|7
|
|t:|1779599735
|move|p2a: Walking Wake|Flip Turn|p1a: Hatterene
|-damage|p1a: Hatterene|52/100
|
|t:|1779599737
|-end|p2a: Walking Wake|Protosynthesis|[silent]
|switch|p2a: Moltres|Moltres|100/100|[from] Flip Turn
|move|p1a: Hatterene|Mystical Fire|p2a: Moltres
|-resisted|p2a: Moltres
|-damage|p2a: Moltres|82/100
|-unboost|p2a: Moltres|spa|1
|
|-weather|SunnyDay|[upkeep]
|upkeep
|turn|8
|
|t:|1779599740
|move|p2a: Moltres|Flamethrower|p1a: Hatterene
|-damage|p1a: Hatterene|16/100
|move|p1a: Hatterene|Mystical Fire|p2a: Moltres
|-resisted|p2a: Moltres
|-damage|p2a: Moltres|65/100
|-unboost|p2a: Moltres|spa|1
|
|-weather|none
|upkeep
|turn|9
|
|t:|1779599746
|move|p2a: Moltres|Flamethrower|p1a: Hatterene
|-damage|p1a: Hatterene|0 fnt
|faint|p1a: Hatterene
|
|upkeep
|
|t:|1779599751
|switch|p1a: Walking Wake|Walking Wake|51/100
|turn|10
|
|t:|1779599764
|switch|p2a: Walking Wake|Walking Wake|100/100
|move|p1a: Walking Wake|Draco Meteor|p2a: Walking Wake
|-supereffective|p2a: Walking Wake
|-damage|p2a: Walking Wake|0 fnt
|-unboost|p1a: Walking Wake|spa|2
|faint|p2a: Walking Wake
|-end|p2a: Walking Wake|Protosynthesis|[silent]
|
|upkeep
|
|t:|1779599766
|switch|p2a: Ting-Lu|Ting-Lu|92/100
|-ability|p2a: Ting-Lu|Vessel of Ruin
|turn|11
|
|t:|1779599768
|-end|p1a: Walking Wake|Protosynthesis|[silent]
|switch|p1a: Don|Great Tusk|100/100
|move|p2a: Ting-Lu|Stealth Rock|p1a: Don
|-sidestart|p1: hillbilly z|move: Stealth Rock
|
|-heal|p2a: Ting-Lu|98/100|[from] item: Leftovers
|upkeep
|turn|12
|
|t:|1779599772
|-terastallize|p2a: Ting-Lu|Ghost
|move|p1a: Don|Rapid Spin|p2a: Ting-Lu
|-immune|p2a: Ting-Lu
|move|p2a: Ting-Lu|Spikes|p1a: Don
|-sidestart|p1: hillbilly z|Spikes
|
|-heal|p2a: Ting-Lu|100/100|[from] item: Leftovers
|upkeep
|turn|13
|
|t:|1779599775
|-end|p1a: Don|Protosynthesis|[silent]
|switch|p1a: Torkoal|Torkoal, F|100/100
|-damage|p1a: Torkoal|76/100|[from] Stealth Rock
|-damage|p1a: Torkoal|63/100|[from] Spikes
|-weather|SunnyDay|[from] ability: Drought|[of] p1a: Torkoal
|move|p2a: Ting-Lu|Spikes|p1a: Torkoal
|-sidestart|p1: hillbilly z|Spikes
|
|-weather|SunnyDay|[upkeep]
|upkeep
|turn|14
|
|t:|1779599780
|switch|p1a: Walking Wake|Walking Wake|51/100
|-damage|p1a: Walking Wake|39/100|[from] Stealth Rock
|-damage|p1a: Walking Wake|22/100|[from] Spikes
|-activate|p1a: Walking Wake|ability: Protosynthesis
|-start|p1a: Walking Wake|protosynthesisspa
|move|p2a: Ting-Lu|Spikes|p1a: Walking Wake
|-sidestart|p1: hillbilly z|Spikes
|
|-weather|SunnyDay|[upkeep]
|upkeep
|turn|15
|
|t:|1779599784
|move|p1a: Walking Wake|Draco Meteor|p2a: Ting-Lu
|-damage|p2a: Ting-Lu|42/100
|-unboost|p1a: Walking Wake|spa|2
|move|p2a: Ting-Lu|Whirlwind|p1a: Walking Wake
|-end|p1a: Walking Wake|Protosynthesis|[silent]
|drag|p1a: Scovillain|Scovillain, M|100/100
|-damage|p1a: Scovillain|76/100|[from] Stealth Rock
|-damage|p1a: Scovillain|51/100|[from] Spikes
|
|-weather|SunnyDay|[upkeep]
|-heal|p2a: Ting-Lu|48/100|[from] item: Leftovers
|upkeep
|turn|16
|
|t:|1779599789
|switch|p2a: Moltres|Moltres|65/100
|move|p1a: Scovillain|Overheat|p2a: Moltres
|-resisted|p2a: Moltres
|-damage|p2a: Moltres|6/100
|-unboost|p1a: Scovillain|spa|2
|-damage|p1a: Scovillain|41/100|[from] item: Life Orb
|
|-weather|SunnyDay|[upkeep]
|upkeep
|turn|17
|
|t:|1779599792
|move|p1a: Scovillain|Flamethrower|p2a: Moltres
|-resisted|p2a: Moltres
|-damage|p2a: Moltres|0 fnt
|faint|p2a: Moltres
|-damage|p1a: Scovillain|31/100|[from] item: Life Orb
|
|-weather|SunnyDay|[upkeep]
|upkeep
|
|t:|1779599803
|switch|p2a: Dragonite|Dragonite, F|100/100
|turn|18
|
|t:|1779599806
|move|p1a: Scovillain|Flamethrower|p2a: Dragonite
|-resisted|p2a: Dragonite
|-damage|p2a: Dragonite|91/100
|-damage|p1a: Scovillain|21/100|[from] item: Life Orb
|move|p2a: Dragonite|Dragon Dance|p2a: Dragonite
|-boost|p2a: Dragonite|atk|1
|-boost|p2a: Dragonite|spe|1
|
|-weather|SunnyDay|[upkeep]
|upkeep
|turn|19
|
|t:|1779599809
|move|p1a: Scovillain|Overheat|p2a: Dragonite
|-resisted|p2a: Dragonite
|-damage|p2a: Dragonite|57/100
|-unboost|p1a: Scovillain|spa|2
|-damage|p1a: Scovillain|11/100|[from] item: Life Orb
|move|p2a: Dragonite|Dragon Dance|p2a: Dragonite
|-boost|p2a: Dragonite|atk|1
|-boost|p2a: Dragonite|spe|1
|
|-weather|SunnyDay|[upkeep]
|upkeep
|turn|20
|
|t:|1779599811
|move|p1a: Scovillain|Overheat|p2a: Dragonite
|-resisted|p2a: Dragonite
|-damage|p2a: Dragonite|35/100
|-unboost|p1a: Scovillain|spa|2
|-damage|p1a: Scovillain|1/100|[from] item: Life Orb
|move|p2a: Dragonite|Roost|p2a: Dragonite
|-heal|p2a: Dragonite|85/100
|-singleturn|p2a: Dragonite|move: Roost
|
|-weather|none
|upkeep
|turn|21
|
|t:|1779599815
|switch|p1a: Don|Great Tusk|100/100
|-damage|p1a: Don|98/100|[from] Stealth Rock
|-damage|p1a: Don|73/100|[from] Spikes
|move|p2a: Dragonite|Roost|p2a: Dragonite
|-heal|p2a: Dragonite|100/100
|-singleturn|p2a: Dragonite|move: Roost
|
|upkeep
|turn|22
|
|t:|1779599829
|move|p2a: Dragonite|Ice Spinner|p1a: Don
|-supereffective|p1a: Don
|-damage|p1a: Don|0 fnt
|-damage|p2a: Dragonite|84/100|[from] item: Rocky Helmet|[of] p1a: Don
|faint|p1a: Don
|-end|p1a: Don|Protosynthesis|[silent]
|
|upkeep
|-message|hillbilly z forfeited.
|
|win|katz motel
|raw|hillbilly z's rating: 1490 &rarr; <strong>1473</strong><br />(-17 for losing)
|raw|katz motel's rating: 1545 &rarr; <strong>1562</strong><br />(+17 for winning)
|l|☆hillbilly z
|player|p1|
|l|☆katz motel
|player|p2|
