|j|☆thebestyearsofou
|j|☆LoCalBeamz
|t:|1779708617
|gametype|singles
|player|p1|thebestyearsofou|265|1100
|player|p2|LoCalBeamz|101|1047
|gen|9
|tier|[Gen 9] OU
|rated|
|rule|HP Percentage Mod: HP is shown in percentages
|rule|Endless Battle Clause: Forcing endless battles is banned
|rule|Species Clause: Limit one of each Pokémon
|rule|OHKO Clause: OHKO moves are banned
|rule|Evasion Items Clause: Evasion items are banned
|rule|Evasion Moves Clause: Evasion moves are banned
|rule|Evasion Abilities Clause: Evasion abilities are banned
|rule|Sleep Moves Clause: Sleep-inducing moves are banned
|clearpoke
|poke|p1|Enamorus, F|
|poke|p1|Hatterene, F|
|poke|p1|Darkrai|
|poke|p1|Weezing-Galar, F|
|poke|p1|Dragonite, F|
|poke|p1|Blaziken, M|
|poke|p2|Dragonite, F|
|poke|p2|Cinderace, F|
|poke|p2|Glimmora, M|
|poke|p2|Deoxys-Speed|
|poke|p2|Ceruledge, F|
|poke|p2|Kingambit, M|
|teampreview
|inactive|Battle timer is ON: inactive players will automatically lose when time's up. (requested by LoCalBeamz)
|
|t:|1779708621
|teamsize|p1|6
|teamsize|p2|6
|start
|switch|p1a: Darkrai|Darkrai, shiny|100/100
|switch|p2a: Deoxys|Deoxys-Speed|100/100
|-ability|p2a: Deoxys|Pressure
|turn|1
|
|t:|1779708642
|switch|p2a: Kingambit|Kingambit, M|100/100
|-ability|p2a: Kingambit|Pressure
|move|p1a: Darkrai|Trick|p2a: Kingambit
|-activate|p1a: Darkrai|move: Trick|[of] p2a: Kingambit
|-item|p2a: Kingambit|Choice Scarf|[from] move: Trick
|-item|p1a: Darkrai|Leftovers|[from] move: Trick
|
|upkeep
|turn|2
|
|t:|1779708656
|move|p1a: Darkrai|Trick|p2a: Kingambit
|-activate|p1a: Darkrai|move: Trick|[of] p2a: Kingambit
|-item|p2a: Kingambit|Leftovers|[from] move: Trick
|-item|p1a: Darkrai|Choice Scarf|[from] move: Trick
|move|p2a: Kingambit|Kowtow Cleave|p1a: Darkrai
|-resisted|p1a: Darkrai
|-damage|p1a: Darkrai|72/100
|
|upkeep
|turn|3
|
|t:|1779708670
|move|p2a: Kingambit|Protect|p2a: Kingambit
|-singleturn|p2a: Kingambit|Protect
|move|p1a: Darkrai|Trick|p2a: Kingambit
|-activate|p2a: Kingambit|move: Protect
|
|upkeep
|turn|4
|
|t:|1779708676
|move|p1a: Darkrai|Trick|p2a: Kingambit
|-activate|p1a: Darkrai|move: Trick|[of] p2a: Kingambit
|-item|p2a: Kingambit|Choice Scarf|[from] move: Trick
|-item|p1a: Darkrai|Leftovers|[from] move: Trick
|move|p2a: Kingambit|Kowtow Cleave|p1a: Darkrai
|-resisted|p1a: Darkrai
|-damage|p1a: Darkrai|46/100
|
|-heal|p1a: Darkrai|52/100|[from] item: Leftovers
|upkeep
|turn|5
|
|t:|1779708678
|move|p1a: Darkrai|Will-O-Wisp|p2a: Kingambit
|-status|p2a: Kingambit|brn
|move|p2a: Kingambit|Kowtow Cleave|p1a: Darkrai
|-resisted|p1a: Darkrai
|-damage|p1a: Darkrai|38/100
|
|-heal|p1a: Darkrai|44/100|[from] item: Leftovers
|-damage|p2a: Kingambit|94/100 brn|[from] brn
|upkeep
|turn|6
|
|t:|1779708682
|switch|p1a: Dragonite|Dragonite, F, shiny|100/100
|move|p2a: Kingambit|Kowtow Cleave|p1a: Dragonite
|-damage|p1a: Dragonite|91/100
|
|-damage|p2a: Kingambit|88/100 brn|[from] brn
|upkeep
|turn|7
|
|t:|1779708685
|switch|p2a: Dragonite|Dragonite, F|100/100
|move|p1a: Dragonite|Dragon Dance|p1a: Dragonite
|-boost|p1a: Dragonite|atk|1
|-boost|p1a: Dragonite|spe|1
|
|upkeep
|turn|8
|
|t:|1779708687
|-terastallize|p1a: Dragonite|Normal
|move|p1a: Dragonite|Dragon Dance|p1a: Dragonite
|-boost|p1a: Dragonite|atk|1
|-boost|p1a: Dragonite|spe|1
|move|p2a: Dragonite|Thunder Wave|p1a: Dragonite
|-status|p1a: Dragonite|par
|
|upkeep
|turn|9
|
|t:|1779708696
|switch|p2a: Kingambit|Kingambit, M|88/100 brn
|-ability|p2a: Kingambit|Pressure
|move|p1a: Dragonite|Dragon Dance|p1a: Dragonite
|-boost|p1a: Dragonite|atk|1
|-boost|p1a: Dragonite|spe|1
|
|-damage|p2a: Kingambit|82/100 brn|[from] brn
|upkeep
|turn|10
|
|t:|1779708699
|move|p1a: Dragonite|Earthquake|p2a: Kingambit
|-supereffective|p2a: Kingambit
|-damage|p2a: Kingambit|0 fnt
|faint|p2a: Kingambit
|
|upkeep
|
|t:|1779708720
|switch|p2a: Dragonite|Dragonite, F|100/100
|turn|11
|
|t:|1779708738
|move|p1a: Dragonite|Extreme Speed|p2a: Dragonite
|-damage|p2a: Dragonite|64/100
|-damage|p1a: Dragonite|74/100 par|[from] item: Rocky Helmet|[of] p2a: Dragonite
|move|p2a: Dragonite|Ice Beam|p1a: Dragonite
|-damage|p1a: Dragonite|58/100 par
|
|upkeep
|turn|12
|
|t:|1779708742
|move|p1a: Dragonite|Dragon Dance|p1a: Dragonite
|-boost|p1a: Dragonite|atk|1
|-boost|p1a: Dragonite|spe|1
|move|p2a: Dragonite|Roost|p2a: Dragonite
|-heal|p2a: Dragonite|100/100
|-singleturn|p2a: Dragonite|move: Roost
|
|upkeep
|turn|13
|
|t:|1779708745
|move|p1a: Dragonite|Dragon Dance|p1a: Dragonite
|-boost|p1a: Dragonite|atk|1
|-boost|p1a: Dragonite|spe|1
|move|p2a: Dragonite|Encore|p1a: Dragonite
|-start|p1a: Dragonite|Encore
|
|upkeep
|turn|14
|
|t:|1779708748
|move|p1a: Dragonite|Dragon Dance|p1a: Dragonite
|-boost|p1a: Dragonite|atk|1
|-boost|p1a: Dragonite|spe|1
|move|p2a: Dragonite|Ice Beam|p1a: Dragonite
|-damage|p1a: Dragonite|40/100 par
|
|upkeep
|turn|15
|
|t:|1779708750
|cant|p1a: Dragonite|par
|move|p2a: Dragonite|Ice Beam|p1a: Dragonite
|-damage|p1a: Dragonite|24/100 par
|
|upkeep
|turn|16
|
|t:|1779708753
|move|p1a: Dragonite|Dragon Dance|p1a: Dragonite
|-boost|p1a: Dragonite|atk|0
|-boost|p1a: Dragonite|spe|0
|move|p2a: Dragonite|Ice Beam|p1a: Dragonite
|-damage|p1a: Dragonite|8/100 par
|
|-end|p1a: Dragonite|Encore
|upkeep
|turn|17
|
|t:|1779708755
|move|p1a: Dragonite|Roost|p1a: Dragonite
|-heal|p1a: Dragonite|58/100 par
|move|p2a: Dragonite|Encore|p1a: Dragonite
|-start|p1a: Dragonite|Encore
|
|upkeep
|turn|18
|
|t:|1779708758
|cant|p1a: Dragonite|par
|move|p2a: Dragonite|Ice Beam|p1a: Dragonite
|-damage|p1a: Dragonite|41/100 par
|
|upkeep
|turn|19
|c|☆thebestyearsofou|lmaooo
|
|t:|1779708762
|move|p1a: Dragonite|Roost|p1a: Dragonite
|-heal|p1a: Dragonite|91/100 par
|move|p2a: Dragonite|Ice Beam|p1a: Dragonite
|-damage|p1a: Dragonite|75/100 par
|
|upkeep
|turn|20
|
|t:|1779708766
|move|p1a: Dragonite|Roost|p1a: Dragonite
|-heal|p1a: Dragonite|100/100 par
|move|p2a: Dragonite|Ice Beam|p1a: Dragonite
|-damage|p1a: Dragonite|93/100 par
|
|-end|p1a: Dragonite|Encore
|upkeep
|turn|21
|
|t:|1779708771
|move|p1a: Dragonite|Extreme Speed|p2a: Dragonite
|-damage|p2a: Dragonite|48/100
|-damage|p1a: Dragonite|76/100 par|[from] item: Rocky Helmet|[of] p2a: Dragonite
|move|p2a: Dragonite|Encore|p1a: Dragonite
|-start|p1a: Dragonite|Encore
|
|upkeep
|turn|22
|
|t:|1779708774
|switch|p2a: Ceruledge|Ceruledge, F|100/100
|move|p1a: Dragonite|Extreme Speed|p2a: Ceruledge
|-immune|p2a: Ceruledge
|
|upkeep
|turn|23
|
|t:|1779708780
|move|p1a: Dragonite|Extreme Speed|p2a: Ceruledge
|-immune|p2a: Ceruledge
|move|p2a: Ceruledge|Bulk Up|p2a: Ceruledge
|-boost|p2a: Ceruledge|atk|1
|-boost|p2a: Ceruledge|def|1
|
|upkeep
|turn|24
|c|☆thebestyearsofou|LMAOOOO
|
|t:|1779708792
|cant|p1a: Dragonite|par
|move|p2a: Ceruledge|Bitter Blade|p1a: Dragonite
|-damage|p1a: Dragonite|22/100 par
|
|-end|p1a: Dragonite|Encore
|upkeep
|turn|25
|
|t:|1779708799
|switch|p2a: Dragonite|Dragonite, F|48/100
|move|p1a: Dragonite|Earthquake|p2a: Dragonite
|-immune|p2a: Dragonite
|
|upkeep
|turn|26
|
|t:|1779708804
|move|p1a: Dragonite|Roost|p1a: Dragonite
|-heal|p1a: Dragonite|72/100 par
|move|p2a: Dragonite|Encore|p1a: Dragonite
|-start|p1a: Dragonite|Encore
|
|upkeep
|turn|27
|
|t:|1779708811
|move|p1a: Dragonite|Roost|p1a: Dragonite
|-heal|p1a: Dragonite|100/100 par
|move|p2a: Dragonite|Roost|p2a: Dragonite
|-heal|p2a: Dragonite|98/100
|-singleturn|p2a: Dragonite|move: Roost
|
|upkeep
|turn|28
|
|t:|1779708815
|move|p1a: Dragonite|Roost||[still]
|-fail|p1a: Dragonite|heal
|move|p2a: Dragonite|Roost|p2a: Dragonite
|-heal|p2a: Dragonite|100/100
|-singleturn|p2a: Dragonite|move: Roost
|
|upkeep
|turn|29
|c|☆thebestyearsofou|youre really good at pokemon!
|c|☆thebestyearsofou|youre def gonna win
|
|t:|1779708823
|move|p1a: Dragonite|Roost||[still]
|-fail|p1a: Dragonite|heal
|move|p2a: Dragonite|Ice Beam|p1a: Dragonite
|-damage|p1a: Dragonite|92/100 par
|
|-end|p1a: Dragonite|Encore
|upkeep
|turn|30
|
|t:|1779708829
|move|p1a: Dragonite|Extreme Speed|p2a: Dragonite
|-damage|p2a: Dragonite|49/100
|-damage|p1a: Dragonite|75/100 par|[from] item: Rocky Helmet|[of] p2a: Dragonite
|move|p2a: Dragonite|Encore|p1a: Dragonite
|-start|p1a: Dragonite|Encore
|
|upkeep
|turn|31
|
|t:|1779708834
|switch|p2a: Ceruledge|Ceruledge, F|100/100
|move|p1a: Dragonite|Extreme Speed|p2a: Ceruledge
|-immune|p2a: Ceruledge
|
|upkeep
|turn|32
|
|t:|1779708839
|move|p1a: Dragonite|Extreme Speed|p2a: Ceruledge
|-immune|p2a: Ceruledge
|move|p2a: Ceruledge|Bitter Blade|p1a: Dragonite
|-damage|p1a: Dragonite|38/100 par
|
|upkeep
|turn|33
|c|☆thebestyearsofou|youre so good!
|
|t:|1779708847
|move|p1a: Dragonite|Extreme Speed|p2a: Ceruledge
|-immune|p2a: Ceruledge
|move|p2a: Ceruledge|Bitter Blade|p1a: Dragonite
|-damage|p1a: Dragonite|3/100 par
|
|-end|p1a: Dragonite|Encore
|upkeep
|turn|34
|
|t:|1779708853
|switch|p2a: Dragonite|Dragonite, F|49/100
|move|p1a: Dragonite|Roost|p1a: Dragonite
|-heal|p1a: Dragonite|53/100 par
|
|upkeep
|turn|35
|c|☆thebestyearsofou|i bet you have a great plan
|
|t:|1779708868
|cant|p1a: Dragonite|par
|move|p2a: Dragonite|Encore||[still]
|-fail|p2a: Dragonite
|
|upkeep
|turn|36
|
|t:|1779708871
|cant|p1a: Dragonite|par
|move|p2a: Dragonite|Roost|p2a: Dragonite
|-heal|p2a: Dragonite|99/100
|-singleturn|p2a: Dragonite|move: Roost
|
|upkeep
|turn|37
|
|t:|1779708881
|move|p1a: Dragonite|Earthquake|p2a: Dragonite
|-immune|p2a: Dragonite
|move|p2a: Dragonite|Ice Beam|p1a: Dragonite
|-damage|p1a: Dragonite|35/100 par
|
|upkeep
|turn|38
|
|t:|1779708884
|move|p1a: Dragonite|Earthquake|p2a: Dragonite
|-immune|p2a: Dragonite
|move|p2a: Dragonite|Ice Beam|p1a: Dragonite
|-damage|p1a: Dragonite|18/100 par
|
|upkeep
|turn|39
|
|t:|1779708886
|switch|p1a: Darkrai|Darkrai, shiny|44/100
|move|p2a: Dragonite|Ice Beam|p1a: Darkrai
|-damage|p1a: Darkrai|21/100
|-status|p1a: Darkrai|frz
|
|-heal|p1a: Darkrai|27/100 frz|[from] item: Leftovers
|upkeep
|turn|40
|
|t:|1779708891
|cant|p1a: Darkrai|frz
|move|p2a: Dragonite|Ice Beam|p1a: Darkrai
|-damage|p1a: Darkrai|4/100 frz
|
|-heal|p1a: Darkrai|10/100 frz|[from] item: Leftovers
|upkeep
|turn|41
|
|t:|1779708894
|cant|p1a: Darkrai|frz
|move|p2a: Dragonite|Roost|p2a: Dragonite
|-heal|p2a: Dragonite|100/100
|-singleturn|p2a: Dragonite|move: Roost
|
|-heal|p1a: Darkrai|16/100 frz|[from] item: Leftovers
|upkeep
|turn|42
|
|t:|1779708896
|cant|p1a: Darkrai|frz
|move|p2a: Dragonite|Ice Beam|p1a: Darkrai
|-damage|p1a: Darkrai|0 fnt
|faint|p1a: Darkrai
|
|upkeep
|
|t:|1779708897
|switch|p1a: Weezing|Weezing-Galar, F|100/100
|turn|43
|
|t:|1779708898
|move|p2a: Dragonite|Thunder Wave|p1a: Weezing
|-status|p1a: Weezing|par
|move|p1a: Weezing|Will-O-Wisp|p2a: Dragonite
|-status|p2a: Dragonite|brn
|
|-damage|p2a: Dragonite|94/100 brn|[from] brn
|upkeep
|turn|44
|
|t:|1779708901
|move|p2a: Dragonite|Encore|p1a: Weezing
|-start|p1a: Weezing|Encore
|move|p1a: Weezing|Will-O-Wisp|p2a: Dragonite
|-fail|p2a: Dragonite|brn
|
|-damage|p2a: Dragonite|88/100 brn|[from] brn
|upkeep
|turn|45
|
|t:|1779708905
|switch|p2a: Ceruledge|Ceruledge, F|100/100
|cant|p1a: Weezing|par
|
|upkeep
|turn|46
|
|t:|1779708907
|move|p2a: Ceruledge|Bulk Up|p2a: Ceruledge
|-boost|p2a: Ceruledge|atk|1
|-boost|p2a: Ceruledge|def|1
|move|p1a: Weezing|Will-O-Wisp|p2a: Ceruledge
|-start|p2a: Ceruledge|ability: Flash Fire
|
|-end|p1a: Weezing|Encore
|upkeep
|turn|47
|
|t:|1779708914
|move|p2a: Ceruledge|Bulk Up|p2a: Ceruledge
|-boost|p2a: Ceruledge|atk|1
|-boost|p2a: Ceruledge|def|1
|move|p1a: Weezing|Clear Smog|p2a: Ceruledge
|-resisted|p2a: Ceruledge
|-damage|p2a: Ceruledge|95/100
|-clearboost|p2a: Ceruledge
|
|upkeep
|turn|48
|
|t:|1779708921
|switch|p1a: Enamorus|Enamorus, F|100/100
|move|p2a: Ceruledge|Bitter Blade|p1a: Enamorus
|-damage|p1a: Enamorus|12/100
|-heal|p2a: Ceruledge|100/100|[from] drain|[of] p1a: Enamorus
|
|upkeep
|turn|49
|
|t:|1779708924
|move|p2a: Ceruledge|Shadow Sneak|p1a: Enamorus
|-damage|p1a: Enamorus|0 fnt
|faint|p1a: Enamorus
|
|upkeep
|
|t:|1779708926
|switch|p1a: Weezing|Weezing-Galar, F|100/100 par
|turn|50
|
|t:|1779708930
|move|p2a: Ceruledge|Taunt|p1a: Weezing
|-start|p1a: Weezing|move: Taunt
|cant|p1a: Weezing|move: Taunt|Toxic Spikes
|
|upkeep
|turn|51
|c|☆thebestyearsofou|youre so good!
|
|t:|1779708937
|move|p2a: Ceruledge|Bulk Up|p2a: Ceruledge
|-boost|p2a: Ceruledge|atk|1
|-boost|p2a: Ceruledge|def|1
|move|p1a: Weezing|Clear Smog|p2a: Ceruledge
|-resisted|p2a: Ceruledge
|-damage|p2a: Ceruledge|95/100
|-clearboost|p2a: Ceruledge
|
|upkeep
|turn|52
|-message|thebestyearsofou forfeited.
|
|win|LoCalBeamz
|raw|thebestyearsofou's rating: 1100 &rarr; <strong>1071</strong><br />(-29 for losing)
|raw|LoCalBeamz's rating: 1047 &rarr; <strong>1085</strong><br />(+38 for winning)
|l|☆thebestyearsofou
|player|p1|
|c|☆LoCalBeamz|GG
