|j|☆Kogasscarf
|j|☆pepelepiu
|t:|1779601657
|gametype|singles
|player|p1|Kogasscarf|koga|1354
|player|p2|pepelepiu|102|1419
|gen|9
|tier|[Gen 9] OU
|rated|
|rule|HP Percentage Mod: HP is shown in percentages
|rule|Endless Battle Clause: Forcing endless battles is banned
|rule|Species Clause: Limit one of each Pokémon
|rule|OHKO Clause: OHKO moves are banned
|rule|Evasion Items Clause: Evasion items are banned
|rule|Evasion Moves Clause: Evasion moves are banned
|rule|Evasion Abilities Clause: Evasion abilities are banned
|rule|Sleep Moves Clause: Sleep-inducing moves are banned
|clearpoke
|poke|p1|Zamazenta-*|
|poke|p1|Meowscarada, F|
|poke|p1|Enamorus, F|
|poke|p1|Cinderace, M|
|poke|p1|Keldeo-Resolute|
|poke|p1|Iron Treads|
|poke|p2|Walking Wake|
|poke|p2|Great Tusk|
|poke|p2|Ninetales, M|
|poke|p2|Cresselia, F|
|poke|p2|Zarude|
|poke|p2|Ceruledge, M|
|teampreview
|inactive|Battle timer is ON: inactive players will automatically lose when time's up. (requested by Kogasscarf)
|
|t:|1779601669
|teamsize|p1|6
|teamsize|p2|6
|start
|switch|p1a: Keldeo|Keldeo-Resolute|100/100
|switch|p2a: Ninetales|Ninetales, M|100/100
|-weather|SunnyDay|[from] ability: Drought|[of] p2a: Ninetales
|turn|1
|
|t:|1779601678
|switch|p2a: Cresselia|Cresselia, F|100/100
|move|p1a: Keldeo|Surf|p2a: Cresselia
|-damage|p2a: Cresselia|86/100
|-enditem|p2a: Cresselia|Eject Button
|
|t:|1779601681
|switch|p2a: Zarude|Zarude|100/100
|
|-weather|SunnyDay|[upkeep]
|upkeep
|turn|2
|
|t:|1779601686
|-terastallize|p2a: Zarude|Poison
|move|p1a: Keldeo|Secret Sword|p2a: Zarude
|-resisted|p2a: Zarude
|-damage|p2a: Zarude|79/100
|move|p2a: Zarude|Swords Dance|p2a: Zarude
|-boost|p2a: Zarude|atk|2
|
|-weather|SunnyDay|[upkeep]
|-heal|p2a: Zarude|85/100|[from] item: Leftovers
|upkeep
|turn|3
|
|t:|1779601695
|switch|p1a: Iron Treads|Iron Treads|100/100
|move|p2a: Zarude|Knock Off|p1a: Iron Treads
|-crit|p1a: Iron Treads
|-damage|p1a: Iron Treads|0 fnt
|-enditem|p1a: Iron Treads|Metal Coat|[from] move: Knock Off|[of] p2a: Zarude
|faint|p1a: Iron Treads
|-end|p1a: Iron Treads|Quark Drive|[silent]
|
|-weather|SunnyDay|[upkeep]
|-heal|p2a: Zarude|91/100|[from] item: Leftovers
|upkeep
|
|t:|1779601707
|switch|p1a: Enamorus|Enamorus, F|100/100
|turn|4
|
|t:|1779601713
|move|p1a: Enamorus|Earth Power|p2a: Zarude
|-supereffective|p2a: Zarude
|-damage|p2a: Zarude|18/100
|move|p2a: Zarude|Knock Off|p1a: Enamorus
|-resisted|p1a: Enamorus
|-damage|p1a: Enamorus|24/100
|-enditem|p1a: Enamorus|Expert Belt|[from] move: Knock Off|[of] p2a: Zarude
|
|-weather|SunnyDay|[upkeep]
|-heal|p2a: Zarude|24/100|[from] item: Leftovers
|upkeep
|turn|5
|
|t:|1779601719
|switch|p2a: Cresselia|Cresselia, F|86/100
|move|p1a: Enamorus|Mystical Fire|p2a: Cresselia
|-damage|p2a: Cresselia|64/100
|-unboost|p2a: Cresselia|spa|1
|
|-weather|SunnyDay|[upkeep]
|upkeep
|turn|6
|
|t:|1779601728
|move|p1a: Enamorus|Calm Mind|p1a: Enamorus
|-boost|p1a: Enamorus|spa|1
|-boost|p1a: Enamorus|spd|1
|move|p2a: Cresselia|Thunder Wave|p1a: Enamorus
|-status|p1a: Enamorus|par
|
|-weather|SunnyDay|[upkeep]
|upkeep
|turn|7
|j| gimmicks strategy
|
|t:|1779601738
|switch|p2a: Ceruledge|Ceruledge, M|100/100
|move|p1a: Enamorus|Moonblast|p2a: Ceruledge
|-resisted|p2a: Ceruledge
|-damage|p2a: Ceruledge|55/100
|
|-weather|SunnyDay|[upkeep]
|upkeep
|turn|8
|
|t:|1779601744
|move|p2a: Ceruledge|Bitter Blade|p1a: Enamorus
|-damage|p1a: Enamorus|0 fnt
|-heal|p2a: Ceruledge|66/100|[from] drain|[of] p1a: Enamorus
|-start|p2a: Ceruledge|Attract|[from] ability: Cute Charm|[of] p1a: Enamorus
|faint|p1a: Enamorus
|-end|p2a: Ceruledge|Attract|[silent]
|
|-weather|none
|upkeep
|l| gimmicks strategy
|
|t:|1779601756
|switch|p1a: Keldeo|Keldeo-Resolute|100/100
|turn|9
|
|t:|1779601762
|move|p1a: Keldeo|Surf|p2a: Ceruledge
|-supereffective|p2a: Ceruledge
|-damage|p2a: Ceruledge|0 fnt
|faint|p2a: Ceruledge
|
|upkeep
|
|t:|1779601769
|switch|p2a: Cresselia|Cresselia, F|64/100
|turn|10
|
|t:|1779601794
|move|p1a: Keldeo|Surf|p2a: Cresselia
|-damage|p2a: Cresselia|35/100
|move|p2a: Cresselia|Thunder Wave|p1a: Keldeo
|-status|p1a: Keldeo|par
|
|upkeep
|turn|11
|
|t:|1779601802
|move|p2a: Cresselia|Moonlight|p2a: Cresselia
|-heal|p2a: Cresselia|85/100
|move|p1a: Keldeo|Surf|p2a: Cresselia
|-damage|p2a: Cresselia|53/100
|
|upkeep
|turn|12
|
|t:|1779601807
|switch|p1a: Meowscarada|Meowscarada, F, shiny|100/100
|move|p2a: Cresselia|Psychic|p1a: Meowscarada
|-immune|p1a: Meowscarada
|
|upkeep
|turn|13
|
|t:|1779601819
|switch|p2a: Ninetales|Ninetales, M|100/100
|-weather|SunnyDay|[from] ability: Drought|[of] p2a: Ninetales
|move|p1a: Meowscarada|Flower Trick|p2a: Ninetales
|-start|p1a: Meowscarada|typechange|Grass|[from] ability: Protean
|-resisted|p2a: Ninetales
|-crit|p2a: Ninetales
|-damage|p2a: Ninetales|49/100
|
|-weather|SunnyDay|[upkeep]
|upkeep
|turn|14
|
|t:|1779601827
|switch|p2a: Great Tusk|Great Tusk|100/100
|-activate|p2a: Great Tusk|ability: Protosynthesis
|-start|p2a: Great Tusk|protosynthesisatk
|move|p1a: Meowscarada|Flower Trick|p2a: Great Tusk
|-supereffective|p2a: Great Tusk
|-crit|p2a: Great Tusk
|-damage|p2a: Great Tusk|3/100
|
|-weather|SunnyDay|[upkeep]
|upkeep
|turn|15
|
|t:|1779601838
|move|p1a: Meowscarada|Flower Trick|p2a: Great Tusk
|-supereffective|p2a: Great Tusk
|-crit|p2a: Great Tusk
|-damage|p2a: Great Tusk|0 fnt
|faint|p2a: Great Tusk
|-end|p2a: Great Tusk|Protosynthesis|[silent]
|
|-weather|SunnyDay|[upkeep]
|upkeep
|
|t:|1779601842
|switch|p2a: Walking Wake|Walking Wake|100/100
|-activate|p2a: Walking Wake|ability: Protosynthesis
|-start|p2a: Walking Wake|protosynthesisspe
|turn|16
|
|t:|1779601845
|switch|p1a: Cinderace|Cinderace, M, shiny|100/100
|move|p2a: Walking Wake|Weather Ball|p1a: Cinderace
|-resisted|p1a: Cinderace
|-damage|p1a: Cinderace|60/100
|
|-weather|SunnyDay|[upkeep]
|upkeep
|turn|17
|
|t:|1779601854
|move|p2a: Walking Wake|Hydro Steam|p1a: Cinderace
|-supereffective|p1a: Cinderace
|-damage|p1a: Cinderace|0 fnt
|faint|p1a: Cinderace
|
|-weather|SunnyDay|[upkeep]
|upkeep
|
|t:|1779601864
|switch|p1a: Keldeo|Keldeo-Resolute|100/100 par
|turn|18
|
|t:|1779601871
|move|p1a: Keldeo|Secret Sword|p2a: Walking Wake
|-damage|p2a: Walking Wake|55/100
|move|p2a: Walking Wake|Dragon Tail|p1a: Keldeo
|-damage|p1a: Keldeo|83/100 par
|drag|p1a: Meowscarada|Meowscarada, F, shiny|100/100
|
|-weather|SunnyDay|[upkeep]
|upkeep
|turn|19
|
|t:|1779601880
|move|p1a: Meowscarada|Sucker Punch|p2a: Walking Wake
|-start|p1a: Meowscarada|typechange|Dark|[from] ability: Protean
|-damage|p2a: Walking Wake|3/100
|move|p2a: Walking Wake|Weather Ball|p1a: Meowscarada
|-damage|p1a: Meowscarada|11/100
|
|-weather|SunnyDay|[upkeep]
|upkeep
|turn|20
|
|t:|1779601890
|-end|p2a: Walking Wake|Protosynthesis|[silent]
|switch|p2a: Cresselia|Cresselia, F|53/100
|switch|p1a: Keldeo|Keldeo-Resolute|83/100 par
|
|-weather|none
|upkeep
|turn|21
|
|t:|1779601904
|move|p2a: Cresselia|Lunar Dance|p2a: Cresselia
|faint|p2a: Cresselia
|move|p1a: Keldeo|Surf|p2: Cresselia|[notarget]
|-fail|p1a: Keldeo
|
|upkeep
|
|t:|1779601910
|switch|p2a: Walking Wake|Walking Wake|3/100
|-heal|p2a: Walking Wake|100/100|[from] move: Lunar Dance
|turn|22
|
|t:|1779601915
|-end|p2a: Walking Wake|Protosynthesis|[silent]
|switch|p2a: Ninetales|Ninetales, M|49/100
|-weather|SunnyDay|[from] ability: Drought|[of] p2a: Ninetales
|cant|p1a: Keldeo|par
|
|-weather|SunnyDay|[upkeep]
|upkeep
|turn|23
|
|t:|1779601923
|move|p2a: Ninetales|Healing Wish|p2a: Ninetales
|faint|p2a: Ninetales
|cant|p1a: Keldeo|par
|
|-weather|SunnyDay|[upkeep]
|upkeep
|
|t:|1779601926
|switch|p2a: Zarude|Zarude, tera:Poison|24/100
|-heal|p2a: Zarude|100/100|[from] move: Healing Wish
|turn|24
|
|t:|1779601930
|move|p2a: Zarude|Swords Dance|p2a: Zarude
|-boost|p2a: Zarude|atk|2
|move|p1a: Keldeo|Icy Wind|p2a: Zarude
|-damage|p2a: Zarude|82/100
|-unboost|p2a: Zarude|spe|1
|
|-weather|SunnyDay|[upkeep]
|-heal|p2a: Zarude|88/100|[from] item: Leftovers
|upkeep
|turn|25
|
|t:|1779601936
|move|p2a: Zarude|Power Whip|p1a: Keldeo
|-supereffective|p1a: Keldeo
|-damage|p1a: Keldeo|0 fnt
|faint|p1a: Keldeo
|
|-weather|SunnyDay|[upkeep]
|-heal|p2a: Zarude|94/100|[from] item: Leftovers
|upkeep
|
|t:|1779601939
|switch|p1a: Zamazenta|Zamazenta|100/100
|-ability|p1a: Zamazenta|Dauntless Shield|boost
|-boost|p1a: Zamazenta|def|1
|turn|26
|
|t:|1779601943
|move|p1a: Zamazenta|Iron Defense|p1a: Zamazenta
|-boost|p1a: Zamazenta|def|2
|move|p2a: Zarude|Knock Off|p1a: Zamazenta
|-resisted|p1a: Zamazenta
|-damage|p1a: Zamazenta|87/100
|-enditem|p1a: Zamazenta|Leftovers|[from] move: Knock Off|[of] p2a: Zarude
|
|-weather|SunnyDay|[upkeep]
|-heal|p2a: Zarude|99/100|[from] item: Leftovers
|upkeep
|turn|27
|
|t:|1779601948
|switch|p2a: Walking Wake|Walking Wake|100/100
|-activate|p2a: Walking Wake|ability: Protosynthesis
|-start|p2a: Walking Wake|protosynthesisspe
|move|p1a: Zamazenta|Iron Defense|p1a: Zamazenta
|-boost|p1a: Zamazenta|def|2
|
|-weather|SunnyDay|[upkeep]
|upkeep
|turn|28
|
|t:|1779601956
|-terastallize|p1a: Zamazenta|Steel
|move|p2a: Walking Wake|Draco Meteor|p1a: Zamazenta|[miss]
|-miss|p2a: Walking Wake|p1a: Zamazenta
|move|p1a: Zamazenta|Body Press|p2a: Walking Wake
|-damage|p2a: Walking Wake|0 fnt
|faint|p2a: Walking Wake
|-end|p2a: Walking Wake|Protosynthesis|[silent]
|
|-weather|SunnyDay|[upkeep]
|upkeep
|c|☆pepelepiu|a
|
|t:|1779601967
|switch|p2a: Zarude|Zarude, tera:Poison|99/100
|turn|29
|c|☆pepelepiu|gg
|c|☆Kogasscarf|gg
|
|t:|1779601976
|move|p1a: Zamazenta|Body Press|p2a: Zarude
|-resisted|p2a: Zarude
|-damage|p2a: Zarude|39/100
|move|p2a: Zarude|Knock Off|p1a: Zamazenta
|-damage|p1a: Zamazenta|81/100
|
|-weather|none
|-heal|p2a: Zarude|45/100|[from] item: Leftovers
|upkeep
|turn|30
|
|t:|1779601981
|move|p1a: Zamazenta|Body Press|p2a: Zarude
|-resisted|p2a: Zarude
|-damage|p2a: Zarude|0 fnt
|faint|p2a: Zarude
|
|win|Kogasscarf
|raw|Kogasscarf's rating: 1354 &rarr; <strong>1378</strong><br />(+24 for winning)
|raw|pepelepiu's rating: 1419 &rarr; <strong>1395</strong><br />(-24 for losing)
|l|☆Kogasscarf
|player|p1|
|l|☆pepelepiu
|player|p2|
