|j|☆pokecutieismyname
|j|☆iamashit
|t:|1779618610
|gametype|singles
|player|p1|pokecutieismyname|scientistf|1375
|player|p2|iamashit|102|1394
|gen|9
|tier|[Gen 9] OU
|rated|
|rule|HP Percentage Mod: HP is shown in percentages
|rule|Endless Battle Clause: Forcing endless battles is banned
|rule|Species Clause: Limit one of each Pokémon
|rule|OHKO Clause: OHKO moves are banned
|rule|Evasion Items Clause: Evasion items are banned
|rule|Evasion Moves Clause: Evasion moves are banned
|rule|Evasion Abilities Clause: Evasion abilities are banned
|rule|Sleep Moves Clause: Sleep-inducing moves are banned
|clearpoke
|poke|p1|Porygon2|
|poke|p1|Hatterene, F|
|poke|p1|Ursaluna, M|
|poke|p1|Torkoal, F|
|poke|p1|Volcanion|
|poke|p1|Cresselia, F|
|poke|p2|Pelipper, F|
|poke|p2|Hatterene, F|
|poke|p2|Iron Treads|
|poke|p2|Toxicroak, F|
|poke|p2|Barraskewda, F|
|poke|p2|Zapdos|
|teampreview
|
|t:|1779618634
|teamsize|p1|6
|teamsize|p2|6
|start
|switch|p1a: Cresselia|Cresselia, F|100/100
|switch|p2a: Pelipper|Pelipper, F|100/100
|-weather|RainDance|[from] ability: Drizzle|[of] p2a: Pelipper
|turn|1
|
|t:|1779618643
|move|p1a: Cresselia|Thunderbolt|p2a: Pelipper
|-supereffective|p2a: Pelipper
|-damage|p2a: Pelipper|32/100
|move|p2a: Pelipper|Knock Off|p1a: Cresselia
|-supereffective|p1a: Cresselia
|-damage|p1a: Cresselia|82/100
|-enditem|p1a: Cresselia|Mental Herb|[from] move: Knock Off|[of] p2a: Pelipper
|
|-weather|RainDance|[upkeep]
|upkeep
|turn|2
|
|t:|1779618661
|switch|p2a: Iron Treads|Iron Treads|100/100
|move|p1a: Cresselia|Trick Room|p1a: Cresselia
|-fieldstart|move: Trick Room|[of] p1a: Cresselia
|
|-weather|RainDance|[upkeep]
|upkeep
|turn|3
|
|t:|1779618669
|switch|p1a: Torkoal|Torkoal, F|100/100
|-weather|SunnyDay|[from] ability: Drought|[of] p1a: Torkoal
|move|p2a: Iron Treads|Stealth Rock|p1a: Torkoal
|-sidestart|p1: pokecutieismyname|move: Stealth Rock
|
|-weather|SunnyDay|[upkeep]
|upkeep
|turn|4
|
|t:|1779618682
|-end|p2a: Iron Treads|Quark Drive|[silent]
|switch|p2a: Pelipper|Pelipper, F|32/100
|-weather|RainDance|[from] ability: Drizzle|[of] p2a: Pelipper
|move|p1a: Torkoal|Solar Beam||[still]
|-prepare|p1a: Torkoal|Solar Beam
|
|-weather|RainDance|[upkeep]
|upkeep
|turn|5
|
|t:|1779618694
|switch|p2a: Zapdos|Zapdos|100/100
|move|p1a: Torkoal|Solar Beam|p2a: Zapdos|[from] lockedmove
|-resisted|p2a: Zapdos
|-damage|p2a: Zapdos|90/100
|
|-weather|RainDance|[upkeep]
|upkeep
|turn|6
|
|t:|1779618704
|switch|p1a: Cresselia|Cresselia, F|82/100
|-damage|p1a: Cresselia|70/100|[from] Stealth Rock
|move|p2a: Zapdos|Hurricane|p1a: Cresselia
|-damage|p1a: Cresselia|29/100
|-start|p1a: Cresselia|confusion
|
|-weather|RainDance|[upkeep]
|-fieldend|move: Trick Room
|upkeep
|turn|7
|
|t:|1779618718
|move|p2a: Zapdos|Hurricane|p1a: Cresselia
|-damage|p1a: Cresselia|0 fnt
|faint|p1a: Cresselia
|
|-weather|RainDance|[upkeep]
|upkeep
|
|t:|1779618725
|switch|p1a: Porygon2|Porygon2|100/100
|-damage|p1a: Porygon2|88/100|[from] Stealth Rock
|-ability|p1a: Porygon2|Download|boost
|-boost|p1a: Porygon2|atk|1
|turn|8
|
|t:|1779618732
|move|p2a: Zapdos|Hurricane|p1a: Porygon2
|-damage|p1a: Porygon2|38/100
|move|p1a: Porygon2|Trick Room|p1a: Porygon2
|-fieldstart|move: Trick Room|[of] p1a: Porygon2
|
|-weather|RainDance|[upkeep]
|upkeep
|turn|9
|
|t:|1779618740
|move|p1a: Porygon2|Ice Beam|p2a: Zapdos
|-supereffective|p2a: Zapdos
|-damage|p2a: Zapdos|43/100
|move|p2a: Zapdos|Hurricane|p1a: Porygon2
|-damage|p1a: Porygon2|0 fnt
|faint|p1a: Porygon2
|
|-weather|RainDance|[upkeep]
|upkeep
|
|t:|1779618750
|switch|p1a: Torkoal|Torkoal, F|100/100
|-damage|p1a: Torkoal|76/100|[from] Stealth Rock
|-weather|SunnyDay|[from] ability: Drought|[of] p1a: Torkoal
|turn|10
|
|t:|1779618761
|switch|p2a: Pelipper|Pelipper, F|32/100
|-weather|RainDance|[from] ability: Drizzle|[of] p2a: Pelipper
|move|p1a: Torkoal|Rapid Spin|p2a: Pelipper
|-damage|p2a: Pelipper|22/100
|-boost|p1a: Torkoal|spe|1
|-sideend|p1: pokecutieismyname|Stealth Rock|[from] move: Rapid Spin|[of] p1a: Torkoal
|
|-weather|RainDance|[upkeep]
|upkeep
|turn|11
|
|t:|1779618772
|move|p1a: Torkoal|Stealth Rock|p2a: Pelipper
|-sidestart|p2: iamashit|move: Stealth Rock
|move|p2a: Pelipper|Roost|p2a: Pelipper
|-heal|p2a: Pelipper|73/100
|-singleturn|p2a: Pelipper|move: Roost
|
|-weather|RainDance|[upkeep]
|upkeep
|turn|12
|
|t:|1779618781
|switch|p1a: Volcanion|Volcanion|100/100
|move|p2a: Pelipper|U-turn|p1a: Volcanion
|-resisted|p1a: Volcanion
|-damage|p1a: Volcanion|97/100
|
|t:|1779618784
|switch|p2a: Iron Treads|Iron Treads|100/100|[from] U-turn
|-damage|p2a: Iron Treads|98/100|[from] Stealth Rock
|
|-weather|RainDance|[upkeep]
|-heal|p2a: Iron Treads|100/100|[from] item: Leftovers
|-fieldend|move: Trick Room
|upkeep
|turn|13
|
|t:|1779618795
|-terastallize|p1a: Volcanion|Water
|move|p2a: Iron Treads|Rapid Spin|p1a: Volcanion
|-damage|p1a: Volcanion|86/100
|-boost|p2a: Iron Treads|spe|1
|-sideend|p2: iamashit|Stealth Rock|[from] move: Rapid Spin|[of] p2a: Iron Treads
|move|p1a: Volcanion|Steam Eruption|p2a: Iron Treads
|-supereffective|p2a: Iron Treads
|-damage|p2a: Iron Treads|0 fnt
|faint|p2a: Iron Treads
|-end|p2a: Iron Treads|Quark Drive|[silent]
|
|-weather|RainDance|[upkeep]
|upkeep
|
|t:|1779618796
|switch|p2a: Zapdos|Zapdos|43/100
|turn|14
|
|t:|1779618811
|switch|p1a: Torkoal|Torkoal, F|76/100
|-weather|SunnyDay|[from] ability: Drought|[of] p1a: Torkoal
|move|p2a: Zapdos|Hurricane|p1a: Torkoal|[miss]
|-miss|p2a: Zapdos|p1a: Torkoal
|
|-weather|SunnyDay|[upkeep]
|upkeep
|turn|15
|
|t:|1779618825
|switch|p2a: Pelipper|Pelipper, F|73/100
|-weather|RainDance|[from] ability: Drizzle|[of] p2a: Pelipper
|move|p1a: Torkoal|Stealth Rock|p2a: Pelipper
|-sidestart|p2: iamashit|move: Stealth Rock
|
|-weather|RainDance|[upkeep]
|upkeep
|turn|16
|
|t:|1779618833
|switch|p1a: Volcanion|Volcanion, tera:Water|86/100
|move|p2a: Pelipper|Hurricane|p1a: Volcanion
|-damage|p1a: Volcanion|48/100
|
|-weather|RainDance|[upkeep]
|upkeep
|turn|17
|
|t:|1779618847
|switch|p2a: Toxicroak|Toxicroak, F|100/100
|-damage|p2a: Toxicroak|94/100|[from] Stealth Rock
|move|p1a: Volcanion|Sludge Wave|p2a: Toxicroak
|-resisted|p2a: Toxicroak
|-damage|p2a: Toxicroak|56/100
|
|-weather|RainDance|[upkeep]
|-heal|p2a: Toxicroak|68/100|[from] ability: Dry Skin
|upkeep
|turn|18
|
|t:|1779618860
|switch|p1a: Torkoal|Torkoal, F|76/100
|-weather|SunnyDay|[from] ability: Drought|[of] p1a: Torkoal
|move|p2a: Toxicroak|Knock Off|p1a: Torkoal
|-damage|p1a: Torkoal|59/100
|-enditem|p1a: Torkoal|Charcoal|[from] move: Knock Off|[of] p2a: Toxicroak
|
|-weather|SunnyDay|[upkeep]
|-damage|p2a: Toxicroak|56/100|[from] ability: Dry Skin|[of] p2a: Toxicroak
|upkeep
|turn|19
|
|t:|1779618875
|switch|p2a: Pelipper|Pelipper, F|73/100
|-damage|p2a: Pelipper|48/100|[from] Stealth Rock
|-weather|RainDance|[from] ability: Drizzle|[of] p2a: Pelipper
|switch|p1a: Hatterene|Hatterene, F|100/100
|
|-weather|RainDance|[upkeep]
|upkeep
|turn|20
|
|t:|1779618888
|move|p2a: Pelipper|Roost|p2a: Pelipper
|-heal|p2a: Pelipper|98/100
|-singleturn|p2a: Pelipper|move: Roost
|move|p1a: Hatterene|Trick Room|p1a: Hatterene
|-fieldstart|move: Trick Room|[of] p1a: Hatterene
|
|-weather|RainDance|[upkeep]
|upkeep
|turn|21
|
|t:|1779618896
|move|p1a: Hatterene|Healing Wish|p1a: Hatterene
|faint|p1a: Hatterene
|move|p2a: Pelipper|Hurricane|p1: Hatterene|[notarget]
|-fail|p2a: Pelipper
|
|-weather|RainDance|[upkeep]
|upkeep
|
|t:|1779618903
|switch|p1a: Ursaluna|Ursaluna, M|100/100
|turn|22
|
|t:|1779618915
|move|p1a: Ursaluna|Protect|p1a: Ursaluna
|-singleturn|p1a: Ursaluna|Protect
|move|p2a: Pelipper|Knock Off|p1a: Ursaluna
|-activate|p1a: Ursaluna|move: Protect
|
|-weather|RainDance|[upkeep]
|-status|p1a: Ursaluna|brn|[from] item: Flame Orb
|upkeep
|turn|23
|
|t:|1779618928
|switch|p2a: Hatterene|Hatterene, F|100/100
|-damage|p2a: Hatterene|88/100|[from] Stealth Rock
|move|p1a: Ursaluna|Facade|p2a: Hatterene
|-damage|p2a: Hatterene|0 fnt
|faint|p2a: Hatterene
|
|-weather|RainDance|[upkeep]
|-damage|p1a: Ursaluna|94/100 brn|[from] brn
|upkeep
|
|t:|1779618931
|switch|p2a: Toxicroak|Toxicroak, F|56/100
|-damage|p2a: Toxicroak|49/100|[from] Stealth Rock
|turn|24
|
|t:|1779618943
|-terastallize|p2a: Toxicroak|Ghost
|move|p1a: Ursaluna|Facade|p2a: Toxicroak
|-immune|p2a: Toxicroak
|move|p2a: Toxicroak|Drain Punch|p1a: Ursaluna
|-supereffective|p1a: Ursaluna
|-damage|p1a: Ursaluna|53/100 brn
|-heal|p2a: Toxicroak|75/100|[from] drain|[of] p1a: Ursaluna
|
|-weather|RainDance|[upkeep]
|-heal|p2a: Toxicroak|88/100|[from] ability: Dry Skin
|-damage|p1a: Ursaluna|47/100 brn|[from] brn
|-fieldend|move: Trick Room
|upkeep
|turn|25
|
|t:|1779618958
|move|p2a: Toxicroak|Encore|p1a: Ursaluna
|-start|p1a: Ursaluna|Encore
|move|p1a: Ursaluna|Facade|p2a: Toxicroak
|-immune|p2a: Toxicroak
|
|-weather|RainDance|[upkeep]
|-heal|p2a: Toxicroak|99/100|[from] ability: Dry Skin
|-damage|p1a: Ursaluna|41/100 brn|[from] brn
|upkeep
|turn|26
|
|t:|1779618968
|switch|p1a: Torkoal|Torkoal, F|59/100
|-heal|p1a: Torkoal|100/100|[from] move: Healing Wish
|-weather|SunnyDay|[from] ability: Drought|[of] p1a: Torkoal
|move|p2a: Toxicroak|Drain Punch|p1a: Torkoal
|-damage|p1a: Torkoal|80/100
|-heal|p2a: Toxicroak|100/100|[from] drain|[of] p1a: Torkoal
|
|-weather|SunnyDay|[upkeep]
|-damage|p2a: Toxicroak|88/100|[from] ability: Dry Skin|[of] p2a: Toxicroak
|upkeep
|turn|27
|
|t:|1779618981
|switch|p2a: Pelipper|Pelipper, F|98/100
|-damage|p2a: Pelipper|73/100|[from] Stealth Rock
|-weather|RainDance|[from] ability: Drizzle|[of] p2a: Pelipper
|move|p1a: Torkoal|Solar Beam||[still]
|-prepare|p1a: Torkoal|Solar Beam
|
|-weather|RainDance|[upkeep]
|upkeep
|turn|28
|
|t:|1779618989
|move|p2a: Pelipper|Hurricane|p1a: Torkoal
|-damage|p1a: Torkoal|31/100
|move|p1a: Torkoal|Solar Beam|p2a: Pelipper|[from] lockedmove
|-damage|p2a: Pelipper|57/100
|
|-weather|RainDance|[upkeep]
|upkeep
|turn|29
|
|t:|1779619001
|switch|p1a: Volcanion|Volcanion, tera:Water|48/100
|move|p2a: Pelipper|Hurricane|p1a: Volcanion
|-damage|p1a: Volcanion|10/100
|
|-weather|RainDance|[upkeep]
|upkeep
|turn|30
|
|t:|1779619010
|move|p1a: Volcanion|Sludge Wave|p2a: Pelipper
|-damage|p2a: Pelipper|5/100
|move|p2a: Pelipper|Hurricane|p1a: Volcanion
|-crit|p1a: Volcanion
|-damage|p1a: Volcanion|0 fnt
|faint|p1a: Volcanion
|
|-weather|RainDance|[upkeep]
|upkeep
|
|t:|1779619020
|switch|p1a: Ursaluna|Ursaluna, M|41/100 brn
|turn|31
|
|t:|1779619034
|move|p2a: Pelipper|Hurricane|p1a: Ursaluna
|-damage|p1a: Ursaluna|7/100 brn
|move|p1a: Ursaluna|Fire Punch|p2a: Pelipper
|-resisted|p2a: Pelipper
|-damage|p2a: Pelipper|0 fnt
|faint|p2a: Pelipper
|
|-weather|RainDance|[upkeep]
|-damage|p1a: Ursaluna|1/100 brn|[from] brn
|upkeep
|
|t:|1779619039
|switch|p2a: Toxicroak|Toxicroak, F, tera:Ghost|88/100
|-damage|p2a: Toxicroak|76/100|[from] Stealth Rock
|turn|32
|
|t:|1779619048
|move|p2a: Toxicroak|Knock Off|p1a: Ursaluna
|-damage|p1a: Ursaluna|0 fnt
|-enditem|p1a: Ursaluna|Flame Orb|[from] move: Knock Off|[of] p2a: Toxicroak
|faint|p1a: Ursaluna
|
|-weather|RainDance|[upkeep]
|-heal|p2a: Toxicroak|88/100|[from] ability: Dry Skin
|upkeep
|
|t:|1779619056
|switch|p1a: Torkoal|Torkoal, F|31/100
|-weather|SunnyDay|[from] ability: Drought|[of] p1a: Torkoal
|turn|33
|
|t:|1779619069
|move|p2a: Toxicroak|Drain Punch|p1a: Torkoal
|-damage|p1a: Torkoal|9/100
|-heal|p2a: Toxicroak|98/100|[from] drain|[of] p1a: Torkoal
|move|p1a: Torkoal|Eruption|p2a: Toxicroak
|-damage|p2a: Toxicroak|84/100
|
|-weather|SunnyDay|[upkeep]
|-damage|p2a: Toxicroak|72/100|[from] ability: Dry Skin|[of] p2a: Toxicroak
|upkeep
|turn|34
|-message|pokecutieismyname forfeited.
|
|win|iamashit
|raw|pokecutieismyname's rating: 1375 &rarr; <strong>1356</strong><br />(-19 for losing)
|raw|iamashit's rating: 1394 &rarr; <strong>1413</strong><br />(+19 for winning)
|l|☆pokecutieismyname
|player|p1|
|l|☆iamashit
|player|p2|
