|j|☆jxnpm80
|j|☆Flinch Burninand
|t:|1779645458
|gametype|singles
|player|p1|jxnpm80|steven|1531
|player|p2|Flinch Burninand|102|1534
|gen|9
|tier|[Gen 9] OU
|rated|
|rule|HP Percentage Mod: HP is shown in percentages
|rule|Endless Battle Clause: Forcing endless battles is banned
|rule|Species Clause: Limit one of each Pokémon
|rule|OHKO Clause: OHKO moves are banned
|rule|Evasion Items Clause: Evasion items are banned
|rule|Evasion Moves Clause: Evasion moves are banned
|rule|Evasion Abilities Clause: Evasion abilities are banned
|rule|Sleep Moves Clause: Sleep-inducing moves are banned
|clearpoke
|poke|p1|Drifblim, F|
|poke|p1|Alomomola, F|
|poke|p1|Iron Treads|
|poke|p1|Deoxys-Speed|
|poke|p1|Kyurem|
|poke|p1|Moltres|
|poke|p2|Ogerpon, F|
|poke|p2|Samurott-Hisui, F|
|poke|p2|Blissey, F|
|poke|p2|Gliscor, F|
|poke|p2|Skarmory, F|
|poke|p2|Pecharunt|
|teampreview
|
|t:|1779645469
|teamsize|p1|6
|teamsize|p2|6
|start
|switch|p1a: Kyurem|Kyurem|100/100
|switch|p2a: Samurott|Samurott-Hisui, F|100/100
|-ability|p1a: Kyurem|Pressure
|turn|1
|inactive|Battle timer is ON: inactive players will automatically lose when time's up. (requested by Flinch Burninand)
|
|t:|1779645483
|switch|p2a: Blissey|Blissey, F|100/100
|move|p1a: Kyurem|Substitute|p1a: Kyurem
|-start|p1a: Kyurem|Substitute
|-damage|p1a: Kyurem|75/100
|
|-heal|p1a: Kyurem|82/100|[from] item: Leftovers
|upkeep
|turn|2
|
|t:|1779645491
|move|p1a: Kyurem|Freeze-Dry|p2a: Blissey
|-damage|p2a: Blissey|89/100
|move|p2a: Blissey|Calm Mind|p2a: Blissey
|-boost|p2a: Blissey|spa|1
|-boost|p2a: Blissey|spd|1
|
|-heal|p1a: Kyurem|88/100|[from] item: Leftovers
|upkeep
|turn|3
|
|t:|1779645500
|switch|p1a: Deoxys|Deoxys-Speed|100/100
|-ability|p1a: Deoxys|Pressure
|move|p2a: Blissey|Shadow Ball|p1a: Deoxys
|-supereffective|p1a: Deoxys
|-damage|p1a: Deoxys|34/100
|
|upkeep
|turn|4
|
|t:|1779645509
|switch|p2a: Skarmory|Skarmory, F|100/100
|move|p1a: Deoxys|Superpower|p2a: Skarmory
|-damage|p2a: Skarmory|85/100
|-unboost|p1a: Deoxys|atk|1
|-unboost|p1a: Deoxys|def|1
|-enditem|p1a: Deoxys|Eject Pack
|
|t:|1779645515
|switch|p1a: Moltres|Moltres|100/100
|
|upkeep
|turn|5
|
|t:|1779645539
|switch|p2a: Pecharunt|Pecharunt|100/100
|move|p1a: Moltres|U-turn|p2a: Pecharunt
|-resisted|p2a: Pecharunt
|-damage|p2a: Pecharunt|99/100
|
|t:|1779645555
|switch|p1a: Deoxys|Deoxys-Speed|34/100|[from] U-turn
|-ability|p1a: Deoxys|Pressure
|
|upkeep
|turn|6
|
|t:|1779645564
|switch|p2a: Skarmory|Skarmory, F|85/100
|move|p1a: Deoxys|Psycho Boost|p2a: Skarmory
|-resisted|p2a: Skarmory
|-damage|p2a: Skarmory|40/100
|-unboost|p1a: Deoxys|spa|2
|
|upkeep
|turn|7
|
|t:|1779645574
|switch|p1a: Moltres|Moltres|100/100
|move|p2a: Skarmory|Roost|p2a: Skarmory
|-heal|p2a: Skarmory|90/100
|-singleturn|p2a: Skarmory|move: Roost
|
|upkeep
|turn|8
|
|t:|1779645601
|switch|p2a: Pecharunt|Pecharunt|99/100
|move|p1a: Moltres|Flamethrower|p2a: Pecharunt
|-damage|p2a: Pecharunt|63/100
|
|upkeep
|turn|9
|
|t:|1779645611
|switch|p1a: Iron Treads|Iron Treads|100/100
|-item|p1a: Iron Treads|Air Balloon
|move|p2a: Pecharunt|Parting Shot|p1a: Iron Treads
|-unboost|p1a: Iron Treads|atk|1
|-unboost|p1a: Iron Treads|spa|1
|
|t:|1779645615
|switch|p2a: Samurott|Samurott-Hisui, F|100/100|[from] Parting Shot
|
|upkeep
|turn|10
|
|t:|1779645619
|-end|p1a: Iron Treads|Quark Drive|[silent]
|switch|p1a: Alomomola|Alomomola, F|100/100
|move|p2a: Samurott|Ceaseless Edge|p1a: Alomomola
|-damage|p1a: Alomomola|74/100
|-damage|p2a: Samurott|84/100|[from] item: Rocky Helmet|[of] p1a: Alomomola
|-sidestart|p1: jxnpm80|Spikes
|
|upkeep
|turn|11
|
|t:|1779645630
|switch|p2a: Gliscor|Gliscor, F|100/100
|move|p1a: Alomomola|Wish|p1a: Alomomola
|
|-status|p2a: Gliscor|tox|[from] item: Toxic Orb
|upkeep
|turn|12
|
|t:|1779645636
|move|p2a: Gliscor|Swords Dance|p2a: Gliscor
|-boost|p2a: Gliscor|atk|2
|move|p1a: Alomomola|Flip Turn|p2a: Gliscor
|-supereffective|p2a: Gliscor
|-damage|p2a: Gliscor|78/100 tox
|
|t:|1779645638
|switch|p1a: Deoxys|Deoxys-Speed|34/100|[from] Flip Turn
|-damage|p1a: Deoxys|22/100|[from] Spikes
|-ability|p1a: Deoxys|Pressure
|
|-heal|p1a: Deoxys|100/100|[from] move: Wish|[wisher] Alomomola
|-heal|p2a: Gliscor|91/100 tox|[from] ability: Poison Heal
|upkeep
|turn|13
|
|t:|1779645643
|move|p2a: Gliscor|Protect|p2a: Gliscor
|-singleturn|p2a: Gliscor|Protect
|move|p1a: Deoxys|Ice Beam|p2a: Gliscor
|-activate|p2a: Gliscor|move: Protect
|
|-heal|p2a: Gliscor|100/100 tox|[from] ability: Poison Heal
|upkeep
|turn|14
|
|t:|1779645650
|switch|p2a: Skarmory|Skarmory, F|90/100
|move|p1a: Deoxys|Superpower|p2a: Skarmory
|-damage|p2a: Skarmory|76/100
|-unboost|p1a: Deoxys|atk|1
|-unboost|p1a: Deoxys|def|1
|
|upkeep
|turn|15
|
|t:|1779645659
|move|p1a: Deoxys|Ice Beam|p2a: Skarmory
|-damage|p2a: Skarmory|40/100
|move|p2a: Skarmory|Stealth Rock|p1a: Deoxys
|-sidestart|p1: jxnpm80|move: Stealth Rock
|
|upkeep
|turn|16
|
|t:|1779645664
|switch|p2a: Samurott|Samurott-Hisui, F|84/100
|move|p1a: Deoxys|Psycho Boost|p2a: Samurott
|-immune|p2a: Samurott
|
|upkeep
|turn|17
|
|t:|1779645671
|switch|p1a: Alomomola|Alomomola, F|100/100
|-damage|p1a: Alomomola|88/100|[from] Spikes
|-damage|p1a: Alomomola|76/100|[from] Stealth Rock
|switch|p2a: Gliscor|Gliscor, F|100/100 tox
|
|upkeep
|turn|18
|
|t:|1779645681
|move|p2a: Gliscor|Swords Dance|p2a: Gliscor
|-boost|p2a: Gliscor|atk|2
|move|p1a: Alomomola|Flip Turn|p2a: Gliscor
|-supereffective|p2a: Gliscor
|-damage|p2a: Gliscor|77/100 tox
|
|t:|1779645688
|switch|p1a: Deoxys|Deoxys-Speed|100/100|[from] Flip Turn
|-damage|p1a: Deoxys|88/100|[from] Spikes
|-damage|p1a: Deoxys|76/100|[from] Stealth Rock
|-ability|p1a: Deoxys|Pressure
|
|-heal|p2a: Gliscor|89/100 tox|[from] ability: Poison Heal
|upkeep
|turn|19
|
|t:|1779645698
|-terastallize|p2a: Gliscor|Normal
|move|p1a: Deoxys|Ice Beam|p2a: Gliscor
|-damage|p2a: Gliscor|65/100 tox
|move|p2a: Gliscor|Earthquake|p1a: Deoxys
|-damage|p1a: Deoxys|0 fnt
|faint|p1a: Deoxys
|
|-heal|p2a: Gliscor|78/100 tox|[from] ability: Poison Heal
|upkeep
|
|t:|1779645712
|switch|p1a: Iron Treads|Iron Treads|100/100
|-damage|p1a: Iron Treads|97/100|[from] Stealth Rock
|-item|p1a: Iron Treads|Air Balloon
|turn|20
|
|t:|1779645717
|switch|p2a: Pecharunt|Pecharunt|63/100
|move|p1a: Iron Treads|Rapid Spin|p2a: Pecharunt
|-immune|p2a: Pecharunt
|
|upkeep
|turn|21
|
|t:|1779645721
|move|p1a: Iron Treads|Stealth Rock|p2a: Pecharunt
|-sidestart|p2: Flinch Burninand|move: Stealth Rock
|move|p2a: Pecharunt|Recover|p2a: Pecharunt
|-heal|p2a: Pecharunt|100/100
|
|upkeep
|turn|22
|
|t:|1779645724
|move|p1a: Iron Treads|Knock Off|p2a: Pecharunt
|-supereffective|p2a: Pecharunt
|-damage|p2a: Pecharunt|73/100
|-enditem|p2a: Pecharunt|Heavy-Duty Boots|[from] move: Knock Off|[of] p1a: Iron Treads
|move|p2a: Pecharunt|Shadow Ball|p1a: Iron Treads
|-damage|p1a: Iron Treads|69/100
|-enditem|p1a: Iron Treads|Air Balloon
|
|upkeep
|turn|23
|
|t:|1779645730
|move|p1a: Iron Treads|Earthquake|p2a: Pecharunt
|-supereffective|p2a: Pecharunt
|-damage|p2a: Pecharunt|30/100
|move|p2a: Pecharunt|Recover|p2a: Pecharunt
|-heal|p2a: Pecharunt|80/100
|
|upkeep
|turn|24
|
|t:|1779645736
|move|p1a: Iron Treads|Earthquake|p2a: Pecharunt
|-supereffective|p2a: Pecharunt
|-damage|p2a: Pecharunt|42/100
|move|p2a: Pecharunt|Parting Shot|p1a: Iron Treads
|-unboost|p1a: Iron Treads|atk|1
|-unboost|p1a: Iron Treads|spa|1
|
|t:|1779645748
|switch|p2a: Samurott|Samurott-Hisui, F|84/100|[from] Parting Shot
|
|upkeep
|turn|25
|
|t:|1779645755
|-end|p1a: Iron Treads|Quark Drive|[silent]
|switch|p1a: Alomomola|Alomomola, F|100/100
|-damage|p1a: Alomomola|88/100|[from] Spikes
|-damage|p1a: Alomomola|76/100|[from] Stealth Rock
|move|p2a: Samurott|Aqua Cutter|p1a: Alomomola
|-resisted|p1a: Alomomola
|-damage|p1a: Alomomola|62/100
|
|upkeep
|turn|26
|
|t:|1779645778
|switch|p2a: Ogerpon|Ogerpon, F|100/100
|move|p1a: Alomomola|Wish|p1a: Alomomola
|
|upkeep
|turn|27
|
|t:|1779645784
|switch|p1a: Moltres|Moltres|100/100
|move|p2a: Ogerpon|Encore||[still]
|-fail|p2a: Ogerpon
|
|upkeep
|turn|28
|
|t:|1779645794
|switch|p2a: Gliscor|Gliscor, F, tera:Normal|78/100 tox
|-damage|p2a: Gliscor|65/100 tox|[from] Stealth Rock
|move|p1a: Moltres|Roar|p2a: Gliscor
|drag|p2a: Skarmory|Skarmory, F|40/100
|
|upkeep
|turn|29
|
|t:|1779645799
|switch|p2a: Gliscor|Gliscor, F, tera:Normal|65/100 tox
|-damage|p2a: Gliscor|53/100 tox|[from] Stealth Rock
|move|p1a: Moltres|Roar|p2a: Gliscor
|drag|p2a: Ogerpon|Ogerpon, F|100/100
|
|upkeep
|turn|30
|
|t:|1779645805
|move|p2a: Ogerpon|Encore|p1a: Moltres
|-start|p1a: Moltres|Encore
|move|p1a: Moltres|Roar|p2a: Ogerpon
|drag|p2a: Samurott|Samurott-Hisui, F|84/100
|
|upkeep
|turn|31
|
|t:|1779645824
|switch|p1a: Alomomola|Alomomola, F|95/100
|-damage|p1a: Alomomola|83/100|[from] Spikes
|-damage|p1a: Alomomola|70/100|[from] Stealth Rock
|move|p2a: Samurott|Knock Off|p1a: Alomomola
|-damage|p1a: Alomomola|44/100
|-damage|p2a: Samurott|67/100|[from] item: Rocky Helmet|[of] p1a: Alomomola
|-enditem|p1a: Alomomola|Rocky Helmet|[from] move: Knock Off|[of] p2a: Samurott
|
|upkeep
|turn|32
|
|t:|1779645831
|move|p2a: Samurott|Ceaseless Edge|p1a: Alomomola|[miss]
|-miss|p2a: Samurott|p1a: Alomomola
|move|p1a: Alomomola|Wish|p1a: Alomomola
|
|upkeep
|turn|33
|
|t:|1779645837
|move|p2a: Samurott|Encore|p1a: Alomomola
|-start|p1a: Alomomola|Encore
|move|p1a: Alomomola|Wish||[still]
|-fail|p1a: Alomomola
|
|-heal|p1a: Alomomola|94/100|[from] move: Wish|[wisher] Alomomola
|upkeep
|turn|34
|
|t:|1779645841
|move|p2a: Samurott|Ceaseless Edge|p1a: Alomomola
|-damage|p1a: Alomomola|66/100
|-sidestart|p1: jxnpm80|Spikes
|move|p1a: Alomomola|Wish|p1a: Alomomola
|
|upkeep
|turn|35
|
|t:|1779645857
|switch|p1a: Moltres|Moltres|100/100
|move|p2a: Samurott|Knock Off|p1a: Moltres
|-damage|p1a: Moltres|51/100
|-status|p2a: Samurott|brn|[from] ability: Flame Body|[of] p1a: Moltres
|-enditem|p1a: Moltres|Heavy-Duty Boots|[from] move: Knock Off|[of] p2a: Samurott
|
|-heal|p1a: Moltres|100/100|[from] move: Wish|[wisher] Alomomola
|-damage|p2a: Samurott|61/100 brn|[from] brn
|upkeep
|turn|36
|
|t:|1779645873
|switch|p2a: Gliscor|Gliscor, F, tera:Normal|53/100 tox
|-damage|p2a: Gliscor|40/100 tox|[from] Stealth Rock
|move|p1a: Moltres|Roar|p2a: Gliscor
|drag|p2a: Skarmory|Skarmory, F|40/100
|
|upkeep
|turn|37
|
|t:|1779645880
|move|p2a: Skarmory|Roost|p2a: Skarmory
|-heal|p2a: Skarmory|90/100
|-singleturn|p2a: Skarmory|move: Roost
|move|p1a: Moltres|Roar|p2a: Skarmory
|drag|p2a: Ogerpon|Ogerpon, F|100/100
|
|upkeep
|turn|38
|
|t:|1779645885
|move|p2a: Ogerpon|Encore|p1a: Moltres
|-start|p1a: Moltres|Encore
|move|p1a: Moltres|Roar|p2a: Ogerpon
|drag|p2a: Gliscor|Gliscor, F, tera:Normal|40/100 tox
|-damage|p2a: Gliscor|28/100 tox|[from] Stealth Rock
|
|-heal|p2a: Gliscor|40/100 tox|[from] ability: Poison Heal
|upkeep
|turn|39
|
|t:|1779645891
|move|p2a: Gliscor|Protect|p2a: Gliscor
|-singleturn|p2a: Gliscor|Protect
|move|p1a: Moltres|Roar|p2a: Gliscor
|drag|p2a: Skarmory|Skarmory, F|90/100
|
|upkeep
|turn|40
|
|t:|1779645896
|move|p1a: Moltres|Roar|p2a: Skarmory
|drag|p2a: Samurott|Samurott-Hisui, F|61/100 brn
|
|-damage|p2a: Samurott|55/100 brn|[from] brn
|-end|p1a: Moltres|Encore
|upkeep
|turn|41
|
|t:|1779645904
|move|p2a: Samurott|Encore|p1a: Moltres
|-start|p1a: Moltres|Encore
|move|p1a: Moltres|Roar|p2a: Samurott
|drag|p2a: Blissey|Blissey, F|89/100
|
|upkeep
|turn|42
|
|t:|1779645907
|move|p2a: Blissey|Seismic Toss|p1a: Moltres
|-damage|p1a: Moltres|74/100
|move|p1a: Moltres|Roar|p2a: Blissey
|drag|p2a: Skarmory|Skarmory, F|90/100
|
|upkeep
|turn|43
|
|t:|1779645912
|move|p2a: Skarmory|Body Press|p1a: Moltres
|-resisted|p1a: Moltres
|-damage|p1a: Moltres|58/100
|move|p1a: Moltres|Roar|p2a: Skarmory
|drag|p2a: Blissey|Blissey, F|89/100
|
|-end|p1a: Moltres|Encore
|upkeep
|turn|44
|
|t:|1779645919
|move|p1a: Moltres|Roost|p1a: Moltres
|-heal|p1a: Moltres|100/100
|-singleturn|p1a: Moltres|move: Roost
|move|p2a: Blissey|Seismic Toss|p1a: Moltres
|-damage|p1a: Moltres|74/100
|
|upkeep
|turn|45
|
|t:|1779645923
|move|p1a: Moltres|U-turn|p2a: Blissey
|-damage|p2a: Blissey|74/100
|
|t:|1779645929
|switch|p1a: Iron Treads|Iron Treads|69/100|[from] U-turn
|-damage|p1a: Iron Treads|53/100|[from] Spikes
|-damage|p1a: Iron Treads|49/100|[from] Stealth Rock
|move|p2a: Blissey|Seismic Toss|p1a: Iron Treads
|-damage|p1a: Iron Treads|18/100
|
|upkeep
|turn|46
|
|t:|1779645937
|switch|p2a: Pecharunt|Pecharunt|42/100
|-damage|p2a: Pecharunt|30/100|[from] Stealth Rock
|move|p1a: Iron Treads|Earthquake|p2a: Pecharunt
|-supereffective|p2a: Pecharunt
|-damage|p2a: Pecharunt|0 fnt
|faint|p2a: Pecharunt
|
|upkeep
|
|t:|1779645945
|switch|p2a: Samurott|Samurott-Hisui, F|55/100 brn
|turn|47
|
|t:|1779645949
|move|p1a: Iron Treads|Rapid Spin|p2a: Samurott
|-damage|p2a: Samurott|37/100 brn
|-boost|p1a: Iron Treads|spe|1
|-sideend|p1: jxnpm80|Spikes|[from] move: Rapid Spin|[of] p1a: Iron Treads
|-sideend|p1: jxnpm80|Stealth Rock|[from] move: Rapid Spin|[of] p1a: Iron Treads
|move|p2a: Samurott|Ceaseless Edge|p1a: Iron Treads
|-damage|p1a: Iron Treads|0 fnt
|-sidestart|p1: jxnpm80|Spikes
|faint|p1a: Iron Treads
|-end|p1a: Iron Treads|Quark Drive|[silent]
|
|-damage|p2a: Samurott|31/100 brn|[from] brn
|upkeep
|
|t:|1779645957
|switch|p1a: Kyurem|Kyurem|88/100
|-damage|p1a: Kyurem|75/100|[from] Spikes
|-ability|p1a: Kyurem|Pressure
|turn|48
|
|t:|1779645964
|move|p1a: Kyurem|Freeze-Dry|p2a: Samurott
|-supereffective|p2a: Samurott
|-damage|p2a: Samurott|0 fnt
|faint|p2a: Samurott
|
|-heal|p1a: Kyurem|81/100|[from] item: Leftovers
|upkeep
|
|t:|1779645970
|switch|p2a: Blissey|Blissey, F|74/100
|turn|49
|
|t:|1779645981
|switch|p1a: Drifblim|Drifblim, F|100/100
|move|p2a: Blissey|Calm Mind|p2a: Blissey
|-boost|p2a: Blissey|spa|1
|-boost|p2a: Blissey|spd|1
|
|upkeep
|turn|50
|c|☆Flinch Burninand|idk what this has so ig I'll just tank it
|
|t:|1779645993
|move|p1a: Drifblim|Endure|p1a: Drifblim
|-singleturn|p1a: Drifblim|move: Endure
|move|p2a: Blissey|Calm Mind|p2a: Blissey
|-boost|p2a: Blissey|spa|1
|-boost|p2a: Blissey|spd|1
|
|upkeep
|turn|51
|
|t:|1779646006
|move|p1a: Drifblim|Shadow Ball|p2a: Blissey
|-immune|p2a: Blissey
|move|p2a: Blissey|Shadow Ball|p1a: Drifblim
|-supereffective|p1a: Drifblim
|-damage|p1a: Drifblim|25/100
|-enditem|p1a: Drifblim|Weakness Policy
|-boost|p1a: Drifblim|atk|2|[from] item: Weakness Policy
|-boost|p1a: Drifblim|spa|2|[from] item: Weakness Policy
|
|upkeep
|turn|52
|
|t:|1779646012
|move|p1a: Drifblim|Acrobatics|p2a: Blissey
|-damage|p2a: Blissey|0 fnt
|faint|p2a: Blissey
|
|upkeep
|c|☆Flinch Burninand|k gg
|-message|Flinch Burninand forfeited.
|
|win|jxnpm80
|raw|jxnpm80's rating: 1531 &rarr; <strong>1551</strong><br />(+20 for winning)
|raw|Flinch Burninand's rating: 1534 &rarr; <strong>1514</strong><br />(-20 for losing)
|l|☆Flinch Burninand
|player|p2|
|l|☆jxnpm80
|player|p1|
