|j|☆gojimon18
|j|☆kilobyt3
|t:|1779599661
|gametype|singles
|player|p1|gojimon18|silver|1465
|player|p2|kilobyt3|gambler|1409
|gen|9
|tier|[Gen 9] OU
|rated|
|rule|HP Percentage Mod: HP is shown in percentages
|rule|Endless Battle Clause: Forcing endless battles is banned
|rule|Species Clause: Limit one of each Pokémon
|rule|OHKO Clause: OHKO moves are banned
|rule|Evasion Items Clause: Evasion items are banned
|rule|Evasion Moves Clause: Evasion moves are banned
|rule|Evasion Abilities Clause: Evasion abilities are banned
|rule|Sleep Moves Clause: Sleep-inducing moves are banned
|clearpoke
|poke|p1|Incineroar, M|
|poke|p1|Latias, F|
|poke|p1|Skarmory, M|
|poke|p1|Klefki, M|
|poke|p1|Dragapult, M|
|poke|p1|Gyarados, F|
|poke|p2|Rillaboom, F|
|poke|p2|Dudunsparce-*, M|
|poke|p2|Grimmsnarl, M|
|poke|p2|Pecharunt|
|poke|p2|Ogerpon-Wellspring, F|
|poke|p2|Great Tusk|
|teampreview
|inactive|Battle timer is ON: inactive players will automatically lose when time's up. (requested by kilobyt3)
|
|t:|1779599687
|teamsize|p1|6
|teamsize|p2|6
|start
|switch|p1a: Tiamut|Gyarados, F, shiny|100/100
|switch|p2a: Rillaboom|Rillaboom, F|100/100
|-ability|p1a: Tiamut|Intimidate|boost
|-unboost|p2a: Rillaboom|atk|1
|-fieldstart|move: Grassy Terrain|[from] ability: Grassy Surge|[of] p2a: Rillaboom
|turn|1
|
|t:|1779599696
|switch|p1a: King Caesar|Incineroar, M|100/100
|-ability|p1a: King Caesar|Intimidate|boost
|-unboost|p2a: Rillaboom|atk|1
|move|p2a: Rillaboom|U-turn|p1a: King Caesar
|-damage|p1a: King Caesar|89/100
|
|t:|1779599699
|switch|p2a: Dudunsparce|Dudunsparce-Three-Segment, M, shiny|100/100|[from] U-turn
|-enditem|p2a: Dudunsparce|Grassy Seed
|-boost|p2a: Dudunsparce|def|1|[from] item: Grassy Seed
|
|-heal|p1a: King Caesar|95/100|[from] Grassy Terrain
|upkeep
|turn|2
|
|t:|1779599711
|move|p1a: King Caesar|Knock Off|p2a: Dudunsparce
|-crit|p2a: Dudunsparce
|-damage|p2a: Dudunsparce|75/100
|-ability|p2a: Dudunsparce|Rattled|boost
|-boost|p2a: Dudunsparce|spe|1
|move|p2a: Dudunsparce|Calm Mind|p2a: Dudunsparce
|-boost|p2a: Dudunsparce|spa|1
|-boost|p2a: Dudunsparce|spd|1
|
|-heal|p2a: Dudunsparce|81/100|[from] Grassy Terrain
|-heal|p1a: King Caesar|100/100|[from] Grassy Terrain
|upkeep
|turn|3
|
|t:|1779599722
|move|p2a: Dudunsparce|Calm Mind|p2a: Dudunsparce
|-boost|p2a: Dudunsparce|spa|1
|-boost|p2a: Dudunsparce|spd|1
|move|p1a: King Caesar|U-turn|p2a: Dudunsparce
|-damage|p2a: Dudunsparce|74/100
|-ability|p2a: Dudunsparce|Rattled|boost
|-boost|p2a: Dudunsparce|spe|1
|
|t:|1779599729
|switch|p1a: Rodan|Skarmory, M|100/100|[from] U-turn
|
|-heal|p2a: Dudunsparce|80/100|[from] Grassy Terrain
|upkeep
|turn|4
|
|t:|1779599736
|move|p2a: Dudunsparce|Boomburst|p1a: Rodan
|-resisted|p1a: Rodan
|-damage|p1a: Rodan|44/100
|move|p1a: Rodan|Whirlwind|p2a: Dudunsparce
|drag|p2a: Ogerpon|Ogerpon-Wellspring, F|100/100
|
|upkeep
|turn|5
|
|t:|1779599744
|move|p2a: Ogerpon|Swords Dance|p2a: Ogerpon
|-boost|p2a: Ogerpon|atk|2
|move|p1a: Rodan|Roost|p1a: Rodan
|-heal|p1a: Rodan|94/100
|-singleturn|p1a: Rodan|move: Roost
|
|-heal|p1a: Rodan|99/100|[from] Grassy Terrain
|upkeep
|turn|6
|
|t:|1779599758
|move|p2a: Ogerpon|Ivy Cudgel|p1a: Rodan|[anim] Ivy Cudgel Water
|-damage|p1a: Rodan|27/100
|move|p1a: Rodan|Whirlwind|p2a: Ogerpon
|drag|p2a: Rillaboom|Rillaboom, F|100/100
|
|upkeep
|turn|7
|
|t:|1779599767
|move|p2a: Rillaboom|Knock Off|p1a: Rodan
|-damage|p1a: Rodan|7/100
|-damage|p2a: Rillaboom|84/100|[from] item: Rocky Helmet|[of] p1a: Rodan
|-enditem|p1a: Rodan|Rocky Helmet|[from] move: Knock Off|[of] p2a: Rillaboom
|move|p1a: Rodan|Roost|p1a: Rodan
|-heal|p1a: Rodan|57/100
|-singleturn|p1a: Rodan|move: Roost
|
|-heal|p2a: Rillaboom|90/100|[from] Grassy Terrain
|-heal|p1a: Rodan|63/100|[from] Grassy Terrain
|upkeep
|turn|8
|
|t:|1779599779
|move|p2a: Rillaboom|U-turn|p1a: Rodan
|-resisted|p1a: Rodan
|-damage|p1a: Rodan|59/100
|
|t:|1779599782
|switch|p2a: Ogerpon|Ogerpon-Wellspring, F|100/100|[from] U-turn
|move|p1a: Rodan|Iron Defense|p1a: Rodan
|-boost|p1a: Rodan|def|2
|
|-fieldend|move: Grassy Terrain
|upkeep
|turn|9
|
|t:|1779599792
|move|p2a: Ogerpon|Swords Dance|p2a: Ogerpon
|-boost|p2a: Ogerpon|atk|2
|move|p1a: Rodan|Roost|p1a: Rodan
|-heal|p1a: Rodan|100/100
|-singleturn|p1a: Rodan|move: Roost
|
|upkeep
|turn|10
|
|t:|1779599800
|move|p2a: Ogerpon|Ivy Cudgel|p1a: Rodan|[anim] Ivy Cudgel Water
|-damage|p1a: Rodan|62/100
|move|p1a: Rodan|Iron Defense|p1a: Rodan
|-boost|p1a: Rodan|def|2
|
|upkeep
|turn|11
|
|t:|1779599807
|move|p2a: Ogerpon|Ivy Cudgel|p1a: Rodan|[anim] Ivy Cudgel Water
|-damage|p1a: Rodan|36/100
|move|p1a: Rodan|Roost|p1a: Rodan
|-heal|p1a: Rodan|86/100
|-singleturn|p1a: Rodan|move: Roost
|
|upkeep
|turn|12
|
|t:|1779599815
|move|p2a: Ogerpon|Ivy Cudgel|p1a: Rodan|[anim] Ivy Cudgel Water
|-crit|p1a: Rodan
|-damage|p1a: Rodan|0 fnt
|faint|p1a: Rodan
|
|upkeep
|
|t:|1779599837
|switch|p1a: Super-X|Klefki, M, shiny|100/100
|turn|13
|
|t:|1779599840
|move|p1a: Super-X|Reflect|p1a: Super-X
|-sidestart|p1: gojimon18|Reflect
|move|p2a: Ogerpon|Ivy Cudgel|p1a: Super-X|[anim] Ivy Cudgel Water
|-damage|p1a: Super-X|34/100
|
|upkeep
|turn|14
|
|t:|1779599846
|move|p1a: Super-X|Thunder Wave|p2a: Ogerpon
|-status|p2a: Ogerpon|par
|cant|p2a: Ogerpon|par
|
|upkeep
|turn|15
|
|t:|1779599853
|move|p1a: Super-X|Foul Play|p2a: Ogerpon
|-damage|p2a: Ogerpon|7/100 par
|move|p2a: Ogerpon|Ivy Cudgel|p1a: Super-X|[anim] Ivy Cudgel Water
|-damage|p1a: Super-X|0 fnt
|faint|p1a: Super-X
|
|upkeep
|
|t:|1779599870
|switch|p1a: Shin Godzilla|Dragapult, M|100/100
|turn|16
|
|t:|1779599875
|move|p1a: Shin Godzilla|Thunderbolt|p2a: Ogerpon
|-damage|p2a: Ogerpon|0 fnt
|faint|p2a: Ogerpon
|
|upkeep
|
|t:|1779599880
|switch|p2a: Rillaboom|Rillaboom, F|90/100
|-fieldstart|move: Grassy Terrain|[from] ability: Grassy Surge|[of] p2a: Rillaboom
|turn|17
|
|t:|1779599886
|switch|p1a: King Caesar|Incineroar, M|100/100
|-ability|p1a: King Caesar|Intimidate|boost
|-unboost|p2a: Rillaboom|atk|1
|switch|p2a: Grimmsnarl|Grimmsnarl, M|100/100
|
|upkeep
|turn|18
|
|t:|1779599897
|move|p2a: Grimmsnarl|Reflect|p2a: Grimmsnarl
|-sidestart|p2: kilobyt3|Reflect
|move|p1a: King Caesar|Knock Off|p2a: Grimmsnarl
|-resisted|p2a: Grimmsnarl
|-damage|p2a: Grimmsnarl|95/100
|-enditem|p2a: Grimmsnarl|Light Clay|[from] move: Knock Off|[of] p1a: King Caesar
|
|-heal|p2a: Grimmsnarl|100/100|[from] Grassy Terrain
|upkeep
|turn|19
|
|t:|1779599914
|move|p2a: Grimmsnarl|Parting Shot|p1a: King Caesar
|-hint|Since gen 7, Dark is immune to Prankster moves.
|-immune|p1a: King Caesar
|move|p1a: King Caesar|Flare Blitz|p2a: Grimmsnarl
|-damage|p2a: Grimmsnarl|70/100
|-damage|p1a: King Caesar|90/100|[from] Recoil
|
|-heal|p1a: King Caesar|96/100|[from] Grassy Terrain
|-heal|p2a: Grimmsnarl|76/100|[from] Grassy Terrain
|upkeep
|turn|20
|
|t:|1779599924
|switch|p2a: Dudunsparce|Dudunsparce-Three-Segment, M, shiny|80/100
|move|p1a: King Caesar|Flare Blitz|p2a: Dudunsparce
|-damage|p2a: Dudunsparce|65/100
|-damage|p1a: King Caesar|91/100|[from] Recoil
|
|-heal|p1a: King Caesar|97/100|[from] Grassy Terrain
|-heal|p2a: Dudunsparce|71/100|[from] Grassy Terrain
|-sideend|p1: gojimon18|Reflect
|upkeep
|turn|21
|
|t:|1779599936
|move|p1a: King Caesar|U-turn|p2a: Dudunsparce
|-damage|p2a: Dudunsparce|66/100
|-ability|p2a: Dudunsparce|Rattled|boost
|-boost|p2a: Dudunsparce|spe|1
|
|t:|1779599940
|switch|p1a: Godzooky|Latias, F, shiny|100/100|[from] U-turn
|move|p2a: Dudunsparce|Calm Mind|p2a: Dudunsparce
|-boost|p2a: Dudunsparce|spa|1
|-boost|p2a: Dudunsparce|spd|1
|
|-heal|p2a: Dudunsparce|72/100|[from] Grassy Terrain
|upkeep
|turn|22
|
|t:|1779599950
|move|p1a: Godzooky|Calm Mind|p1a: Godzooky
|-boost|p1a: Godzooky|spa|1
|-boost|p1a: Godzooky|spd|1
|move|p2a: Dudunsparce|Boomburst|p1a: Godzooky
|-damage|p1a: Godzooky|69/100
|
|-heal|p1a: Godzooky|75/100|[from] item: Leftovers
|-heal|p2a: Dudunsparce|78/100|[from] Grassy Terrain
|upkeep
|turn|23
|
|t:|1779599960
|move|p1a: Godzooky|Calm Mind|p1a: Godzooky
|-boost|p1a: Godzooky|spa|1
|-boost|p1a: Godzooky|spd|1
|move|p2a: Dudunsparce|Shadow Ball|p1a: Godzooky
|-supereffective|p1a: Godzooky
|-damage|p1a: Godzooky|58/100
|
|-heal|p1a: Godzooky|64/100|[from] item: Leftovers
|-heal|p2a: Dudunsparce|84/100|[from] Grassy Terrain
|upkeep
|turn|24
|
|t:|1779599972
|switch|p2a: Pecharunt|Pecharunt|100/100
|-terastallize|p1a: Godzooky|Poison
|move|p1a: Godzooky|Calm Mind|p1a: Godzooky
|-boost|p1a: Godzooky|spa|1
|-boost|p1a: Godzooky|spd|1
|
|-heal|p1a: Godzooky|70/100|[from] item: Leftovers
|-fieldend|move: Grassy Terrain
|upkeep
|turn|25
|
|t:|1779599983
|move|p2a: Pecharunt|Shadow Ball|p1a: Godzooky
|-damage|p1a: Godzooky|60/100
|move|p1a: Godzooky|Recover|p1a: Godzooky
|-heal|p1a: Godzooky|100/100
|
|-sideend|p2: kilobyt3|Reflect
|upkeep
|turn|26
|
|t:|1779599992
|move|p2a: Pecharunt|Nasty Plot|p2a: Pecharunt
|-boost|p2a: Pecharunt|spa|2
|move|p1a: Godzooky|Stored Power|p2a: Pecharunt
|-supereffective|p2a: Pecharunt
|-damage|p2a: Pecharunt|0 fnt
|faint|p2a: Pecharunt
|
|upkeep
|
|t:|1779599995
|switch|p2a: Rillaboom|Rillaboom, F|90/100
|-fieldstart|move: Grassy Terrain|[from] ability: Grassy Surge|[of] p2a: Rillaboom
|turn|27
|
|t:|1779600003
|move|p1a: Godzooky|Stored Power|p2a: Rillaboom
|-damage|p2a: Rillaboom|0 fnt
|faint|p2a: Rillaboom
|
|upkeep
|
|t:|1779600006
|switch|p2a: Grimmsnarl|Grimmsnarl, M|76/100
|turn|28
|
|t:|1779600015
|move|p2a: Grimmsnarl|Light Screen|p2a: Grimmsnarl
|-sidestart|p2: kilobyt3|move: Light Screen
|move|p1a: Godzooky|Shadow Ball|p2a: Grimmsnarl
|-resisted|p2a: Grimmsnarl
|-damage|p2a: Grimmsnarl|66/100
|-unboost|p2a: Grimmsnarl|spd|1
|
|-heal|p2a: Grimmsnarl|73/100|[from] Grassy Terrain
|upkeep
|turn|29
|
|t:|1779600024
|move|p2a: Grimmsnarl|Parting Shot|p1a: Godzooky
|-unboost|p1a: Godzooky|atk|1
|-unboost|p1a: Godzooky|spa|1
|
|t:|1779600027
|switch|p2a: Dudunsparce|Dudunsparce-Three-Segment, M, shiny|84/100|[from] Parting Shot
|move|p1a: Godzooky|Calm Mind|p1a: Godzooky
|-boost|p1a: Godzooky|spa|1
|-boost|p1a: Godzooky|spd|1
|
|-heal|p2a: Dudunsparce|91/100|[from] Grassy Terrain
|upkeep
|turn|30
|
|t:|1779600037
|move|p1a: Godzooky|Calm Mind|p1a: Godzooky
|-boost|p1a: Godzooky|spa|1
|-boost|p1a: Godzooky|spd|1
|move|p2a: Dudunsparce|Calm Mind|p2a: Dudunsparce
|-boost|p2a: Dudunsparce|spa|1
|-boost|p2a: Dudunsparce|spd|1
|
|-heal|p2a: Dudunsparce|97/100|[from] Grassy Terrain
|upkeep
|turn|31
|
|t:|1779600046
|move|p1a: Godzooky|Calm Mind|p1a: Godzooky
|-boost|p1a: Godzooky|spa|1
|-boost|p1a: Godzooky|spd|1
|move|p2a: Dudunsparce|Boomburst|p1a: Godzooky
|-damage|p1a: Godzooky|88/100
|
|-heal|p1a: Godzooky|94/100|[from] item: Leftovers
|-heal|p2a: Dudunsparce|100/100|[from] Grassy Terrain
|upkeep
|turn|32
|
|t:|1779600057
|move|p1a: Godzooky|Stored Power|p2a: Dudunsparce
|-damage|p2a: Dudunsparce|0 fnt
|faint|p2a: Dudunsparce
|
|-heal|p1a: Godzooky|99/100|[from] item: Leftovers
|-sideend|p2: kilobyt3|move: Light Screen
|upkeep
|
|t:|1779600059
|switch|p2a: Grimmsnarl|Grimmsnarl, M|73/100
|turn|33
|
|t:|1779600067
|move|p2a: Grimmsnarl|Light Screen|p2a: Grimmsnarl
|-sidestart|p2: kilobyt3|move: Light Screen
|move|p1a: Godzooky|Shadow Ball|p2a: Grimmsnarl
|-resisted|p2a: Grimmsnarl
|-crit|p2a: Grimmsnarl
|-damage|p2a: Grimmsnarl|36/100
|
|-heal|p1a: Godzooky|100/100|[from] item: Leftovers
|-heal|p2a: Grimmsnarl|42/100|[from] Grassy Terrain
|upkeep
|turn|34
|
|t:|1779600077
|move|p1a: Godzooky|Shadow Ball|p2a: Grimmsnarl
|-resisted|p2a: Grimmsnarl
|-damage|p2a: Grimmsnarl|30/100
|move|p2a: Grimmsnarl|Spirit Break|p1a: Godzooky
|-resisted|p1a: Godzooky
|-damage|p1a: Godzooky|90/100
|-unboost|p1a: Godzooky|spa|1
|
|-heal|p1a: Godzooky|96/100|[from] item: Leftovers
|-heal|p2a: Grimmsnarl|36/100|[from] Grassy Terrain
|-fieldend|move: Grassy Terrain
|upkeep
|turn|35
|-message|kilobyt3 forfeited.
|
|win|gojimon18
|raw|gojimon18's rating: 1465 &rarr; <strong>1482</strong><br />(+17 for winning)
|raw|kilobyt3's rating: 1409 &rarr; <strong>1392</strong><br />(-17 for losing)
|l|☆kilobyt3
|player|p2|
|l|☆gojimon18
|player|p1|
