|j|☆shunnybun
|j|☆vale zulu
|t:|1779585200
|gametype|singles
|player|p1|shunnybun|101|1069
|player|p2|vale zulu|hilda|1061
|gen|9
|tier|[Gen 9] OU
|rated|
|rule|HP Percentage Mod: HP is shown in percentages
|rule|Endless Battle Clause: Forcing endless battles is banned
|rule|Species Clause: Limit one of each Pokémon
|rule|OHKO Clause: OHKO moves are banned
|rule|Evasion Items Clause: Evasion items are banned
|rule|Evasion Moves Clause: Evasion moves are banned
|rule|Evasion Abilities Clause: Evasion abilities are banned
|rule|Sleep Moves Clause: Sleep-inducing moves are banned
|clearpoke
|poke|p1|Toxapex, F|
|poke|p1|Tropius, F|
|poke|p1|Gliscor, F|
|poke|p1|Grimmsnarl, M|
|poke|p1|Sableye, M|
|poke|p1|Corviknight, M|
|poke|p2|Dragonite, F|
|poke|p2|Krookodile, M|
|poke|p2|Primarina, F|
|poke|p2|Iron Moth|
|poke|p2|Iron Hands|
|poke|p2|Kyurem|
|teampreview
|
|t:|1779585204
|teamsize|p1|6
|teamsize|p2|6
|start
|switch|p1a: Gliscor|Gliscor, F|100/100
|switch|p2a: Primarina|Primarina, F, shiny|100/100
|turn|1
|inactive|Battle timer is ON: inactive players will automatically lose when time's up. (requested by vale zulu)
|
|t:|1779585213
|switch|p2a: Kyurem|Kyurem, shiny|100/100
|-ability|p2a: Kyurem|Pressure
|move|p1a: Gliscor|Protect||[still]
|-fail|p1a: Gliscor
|
|-status|p1a: Gliscor|tox|[from] item: Toxic Orb
|upkeep
|turn|2
|
|t:|1779585230
|switch|p1a: Corviknight|Corviknight, M|100/100
|-ability|p1a: Corviknight|Pressure
|move|p2a: Kyurem|Freeze-Dry|p1a: Corviknight
|-damage|p1a: Corviknight|67/100
|
|-heal|p1a: Corviknight|73/100|[from] item: Leftovers
|upkeep
|turn|3
|
|t:|1779585250
|switch|p2a: Iron Hands|Iron Hands|100/100
|-enditem|p2a: Iron Hands|Booster Energy
|-activate|p2a: Iron Hands|ability: Quark Drive|[fromitem]
|-start|p2a: Iron Hands|quarkdriveatk
|move|p1a: Corviknight|Body Press|p2a: Iron Hands
|-damage|p2a: Iron Hands|85/100
|
|-heal|p1a: Corviknight|79/100|[from] item: Leftovers
|upkeep
|turn|4
|
|t:|1779585268
|switch|p1a: Gliscor|Gliscor, F|100/100 tox
|move|p2a: Iron Hands|Supercell Slam|p1a: Gliscor
|-immune|p1a: Gliscor
|-damage|p2a: Iron Hands|35/100|[from] supercellslam
|
|upkeep
|turn|5
|
|t:|1779585278
|-end|p2a: Iron Hands|Quark Drive|[silent]
|switch|p2a: Kyurem|Kyurem, shiny|100/100
|-ability|p2a: Kyurem|Pressure
|move|p1a: Gliscor|Spikes|p2a: Kyurem
|-sidestart|p2: vale zulu|Spikes
|
|upkeep
|turn|6
|
|t:|1779585291
|switch|p1a: Grimmsnarl|Grimmsnarl, M|100/100
|move|p2a: Kyurem|Freeze-Dry|p1a: Grimmsnarl
|-damage|p1a: Grimmsnarl|72/100
|
|-heal|p1a: Grimmsnarl|78/100|[from] item: Leftovers
|upkeep
|turn|7
|
|t:|1779585308
|switch|p2a: Iron Hands|Iron Hands|35/100
|-damage|p2a: Iron Hands|22/100|[from] Spikes
|move|p1a: Grimmsnarl|Thunder Wave|p2a: Iron Hands
|-immune|p2a: Iron Hands
|
|-heal|p1a: Grimmsnarl|85/100|[from] item: Leftovers
|upkeep
|turn|8
|
|t:|1779585320
|move|p1a: Grimmsnarl|Parting Shot|p2a: Iron Hands
|-unboost|p2a: Iron Hands|atk|1
|-unboost|p2a: Iron Hands|spa|1
|
|t:|1779585324
|switch|p1a: Gliscor|Gliscor, F|100/100 tox|[from] Parting Shot
|move|p2a: Iron Hands|Drain Punch|p1a: Gliscor
|-resisted|p1a: Gliscor
|-damage|p1a: Gliscor|88/100 tox
|-heal|p2a: Iron Hands|26/100|[from] drain|[of] p1a: Gliscor
|
|-heal|p1a: Gliscor|100/100 tox|[from] ability: Poison Heal
|upkeep
|turn|9
|
|t:|1779585335
|-end|p2a: Iron Hands|Quark Drive|[silent]
|switch|p2a: Kyurem|Kyurem, shiny|100/100
|-ability|p2a: Kyurem|Pressure
|move|p1a: Gliscor|Toxic|p2a: Kyurem
|-status|p2a: Kyurem|tox
|
|-damage|p2a: Kyurem|94/100 tox|[from] psn
|upkeep
|turn|10
|
|t:|1779585347
|switch|p1a: Grimmsnarl|Grimmsnarl, M|85/100
|move|p2a: Kyurem|Freeze-Dry|p1a: Grimmsnarl
|-damage|p1a: Grimmsnarl|55/100
|
|-heal|p1a: Grimmsnarl|61/100|[from] item: Leftovers
|-damage|p2a: Kyurem|82/100 tox|[from] psn
|upkeep
|turn|11
|
|t:|1779585370
|switch|p2a: Primarina|Primarina, F, shiny|100/100
|-damage|p2a: Primarina|88/100|[from] Spikes
|move|p1a: Grimmsnarl|Spirit Break|p2a: Primarina
|-damage|p2a: Primarina|62/100
|-unboost|p2a: Primarina|spa|1
|
|-heal|p1a: Grimmsnarl|67/100|[from] item: Leftovers
|-heal|p2a: Primarina|68/100|[from] item: Leftovers
|upkeep
|turn|12
|
|t:|1779585382
|move|p1a: Grimmsnarl|Parting Shot|p2a: Primarina
|-unboost|p2a: Primarina|atk|1
|-unboost|p2a: Primarina|spa|1
|
|t:|1779585385
|switch|p1a: Corviknight|Corviknight, M|79/100|[from] Parting Shot
|-ability|p1a: Corviknight|Pressure
|move|p2a: Primarina|Moonblast|p1a: Corviknight
|-resisted|p1a: Corviknight
|-damage|p1a: Corviknight|69/100
|
|-heal|p1a: Corviknight|76/100|[from] item: Leftovers
|-heal|p2a: Primarina|74/100|[from] item: Leftovers
|upkeep
|turn|13
|
|t:|1779585400
|switch|p2a: Iron Moth|Iron Moth|100/100
|move|p1a: Corviknight|U-turn|p2a: Iron Moth
|-resisted|p2a: Iron Moth
|-damage|p2a: Iron Moth|94/100
|
|t:|1779585411
|switch|p1a: Gliscor|Gliscor, F|100/100 tox|[from] U-turn
|
|upkeep
|turn|14
|
|t:|1779585421
|move|p2a: Iron Moth|Flamethrower|p1a: Gliscor
|-damage|p1a: Gliscor|25/100 tox
|move|p1a: Gliscor|Spikes|p2a: Iron Moth
|-sidestart|p2: vale zulu|Spikes
|
|-heal|p1a: Gliscor|38/100 tox|[from] ability: Poison Heal
|upkeep
|turn|15
|
|t:|1779585432
|move|p1a: Gliscor|Protect|p1a: Gliscor
|-singleturn|p1a: Gliscor|Protect
|move|p2a: Iron Moth|Flamethrower|p1a: Gliscor
|-activate|p1a: Gliscor|move: Protect
|
|-heal|p1a: Gliscor|50/100 tox|[from] ability: Poison Heal
|upkeep
|turn|16
|
|t:|1779585443
|switch|p1a: Him|Toxapex, F|100/100
|move|p2a: Iron Moth|Flamethrower|p1a: Him
|-resisted|p1a: Him
|-damage|p1a: Him|83/100
|
|-heal|p1a: Him|89/100|[from] item: Black Sludge
|upkeep
|turn|17
|inactive|vale zulu has 120 seconds left.
|
|t:|1779585476
|-end|p2a: Iron Moth|Quark Drive|[silent]
|switch|p2a: Kyurem|Kyurem, shiny|82/100 tox
|-ability|p2a: Kyurem|Pressure
|move|p1a: Him|Toxic|p2a: Kyurem
|-fail|p2a: Kyurem|tox
|
|-heal|p1a: Him|96/100|[from] item: Black Sludge
|-damage|p2a: Kyurem|76/100 tox|[from] psn
|upkeep
|turn|18
|inactive|vale zulu has 120 seconds left.
|inactive|shunnybun has 120 seconds left.
|
|t:|1779585498
|switch|p1a: Grimmsnarl|Grimmsnarl, M|67/100
|move|p2a: Kyurem|Freeze-Dry|p1a: Grimmsnarl
|-damage|p1a: Grimmsnarl|42/100
|
|-heal|p1a: Grimmsnarl|48/100|[from] item: Leftovers
|-damage|p2a: Kyurem|64/100 tox|[from] psn
|upkeep
|turn|19
|inactive|shunnybun has 120 seconds left.
|inactive|vale zulu has 120 seconds left.
|
|t:|1779585519
|switch|p2a: Primarina|Primarina, F, shiny|74/100
|-damage|p2a: Primarina|58/100|[from] Spikes
|move|p1a: Grimmsnarl|Spirit Break|p2a: Primarina
|-damage|p2a: Primarina|32/100
|-unboost|p2a: Primarina|spa|1
|
|-heal|p2a: Primarina|38/100|[from] item: Leftovers
|-heal|p1a: Grimmsnarl|54/100|[from] item: Leftovers
|upkeep
|turn|20
|inactive|shunnybun has 120 seconds left.
|
|t:|1779585538
|move|p2a: Primarina|Protect|p2a: Primarina
|-singleturn|p2a: Primarina|Protect
|move|p1a: Grimmsnarl|Parting Shot|p2a: Primarina
|-activate|p2a: Primarina|move: Protect
|
|-heal|p2a: Primarina|44/100|[from] item: Leftovers
|-heal|p1a: Grimmsnarl|60/100|[from] item: Leftovers
|upkeep
|turn|21
|inactive|vale zulu has 120 seconds left.
|
|t:|1779585551
|move|p1a: Grimmsnarl|Parting Shot|p2a: Primarina
|-unboost|p2a: Primarina|atk|1
|-unboost|p2a: Primarina|spa|1
|
|t:|1779585557
|switch|p1a: Him|Toxapex, F|100/100|[from] Parting Shot
|move|p2a: Primarina|Moonblast|p1a: Him
|-resisted|p1a: Him
|-damage|p1a: Him|94/100
|
|-heal|p2a: Primarina|50/100|[from] item: Leftovers
|-heal|p1a: Him|99/100|[from] item: Black Sludge
|upkeep
|turn|22
|
|t:|1779585570
|move|p2a: Primarina|Protect|p2a: Primarina
|-singleturn|p2a: Primarina|Protect
|move|p1a: Him|Surf|p2a: Primarina
|-activate|p2a: Primarina|move: Protect
|
|-heal|p2a: Primarina|56/100|[from] item: Leftovers
|-heal|p1a: Him|100/100|[from] item: Black Sludge
|upkeep
|turn|23
|inactive|vale zulu has 120 seconds left.
|
|t:|1779585587
|switch|p2a: Iron Hands|Iron Hands|26/100
|-damage|p2a: Iron Hands|9/100|[from] Spikes
|move|p1a: Him|Toxic|p2a: Iron Hands
|-status|p2a: Iron Hands|tox
|
|-damage|p2a: Iron Hands|3/100 tox|[from] psn
|upkeep
|turn|24
|inactive|shunnybun has 120 seconds left.
|inactive|vale zulu has 120 seconds left.
|
|t:|1779585605
|switch|p1a: Gliscor|Gliscor, F|50/100 tox
|move|p2a: Iron Hands|Drain Punch|p1a: Gliscor
|-resisted|p1a: Gliscor
|-damage|p1a: Gliscor|32/100 tox
|-heal|p2a: Iron Hands|9/100 tox|[from] drain|[of] p1a: Gliscor
|
|-heal|p1a: Gliscor|45/100 tox|[from] ability: Poison Heal
|-damage|p2a: Iron Hands|0 fnt|[from] psn
|faint|p2a: Iron Hands
|-end|p2a: Iron Hands|Quark Drive|[silent]
|upkeep
|inactive|vale zulu has 120 seconds left.
|
|t:|1779585616
|switch|p2a: Kyurem|Kyurem, shiny|64/100 tox
|-ability|p2a: Kyurem|Pressure
|turn|25
|inactive|shunnybun has 120 seconds left.
|
|t:|1779585626
|move|p1a: Gliscor|Protect|p1a: Gliscor
|-singleturn|p1a: Gliscor|Protect
|move|p2a: Kyurem|Freeze-Dry|p1a: Gliscor
|-activate|p1a: Gliscor|move: Protect
|
|-damage|p2a: Kyurem|58/100 tox|[from] psn
|-heal|p1a: Gliscor|57/100 tox|[from] ability: Poison Heal
|upkeep
|turn|26
|inactive|shunnybun has 120 seconds left.
|
|t:|1779585642
|switch|p1a: Corviknight|Corviknight, M|76/100
|-ability|p1a: Corviknight|Pressure
|move|p2a: Kyurem|Freeze-Dry|p1a: Corviknight
|-damage|p1a: Corviknight|37/100
|
|-heal|p1a: Corviknight|43/100|[from] item: Leftovers
|-damage|p2a: Kyurem|45/100 tox|[from] psn
|upkeep
|turn|27
|inactive|shunnybun has 120 seconds left.
|
|t:|1779585661
|switch|p2a: Iron Moth|Iron Moth|94/100
|move|p1a: Corviknight|Body Press|p2a: Iron Moth
|-resisted|p2a: Iron Moth
|-damage|p2a: Iron Moth|73/100
|
|-heal|p1a: Corviknight|49/100|[from] item: Leftovers
|upkeep
|turn|28
|
|t:|1779585673
|-terastallize|p1a: Corviknight|Water
|move|p2a: Iron Moth|Flamethrower|p1a: Corviknight
|-resisted|p1a: Corviknight
|-damage|p1a: Corviknight|24/100
|move|p1a: Corviknight|Roost|p1a: Corviknight
|-heal|p1a: Corviknight|74/100
|
|-heal|p1a: Corviknight|81/100|[from] item: Leftovers
|upkeep
|turn|29
|
|t:|1779585688
|move|p2a: Iron Moth|Energy Ball|p1a: Corviknight
|-supereffective|p1a: Corviknight
|-damage|p1a: Corviknight|12/100
|move|p1a: Corviknight|U-turn|p2a: Iron Moth
|-resisted|p2a: Iron Moth
|-damage|p2a: Iron Moth|68/100
|
|t:|1779585704
|switch|p1a: Sableye|Sableye, M|100/100|[from] U-turn
|
|upkeep
|turn|30
|
|t:|1779585713
|move|p1a: Sableye|Encore|p2a: Iron Moth
|-start|p2a: Iron Moth|Encore
|move|p2a: Iron Moth|Energy Ball|p1a: Sableye
|-damage|p1a: Sableye|59/100
|
|upkeep
|turn|31
|
|t:|1779585725
|-end|p2a: Iron Moth|Quark Drive|[silent]
|switch|p2a: Krookodile|Krookodile, M|100/100
|-damage|p2a: Krookodile|84/100|[from] Spikes
|-ability|p2a: Krookodile|Intimidate|boost
|-unboost|p1a: Sableye|atk|1
|switch|p1a: Tropius|Tropius, F|100/100
|
|upkeep
|turn|32
|inactive|shunnybun has 120 seconds left.
|
|t:|1779585736
|switch|p2a: Iron Moth|Iron Moth|68/100
|move|p1a: Tropius|Leech Seed|p2a: Iron Moth
|-start|p2a: Iron Moth|move: Leech Seed
|
|-damage|p2a: Iron Moth|55/100|[from] Leech Seed|[of] p1a: Tropius
|upkeep
|turn|33
|c|☆vale zulu|hey bro i have to go out
|inactive|shunnybun has 120 seconds left.
|
|t:|1779585749
|move|p1a: Tropius|Protect|p1a: Tropius
|-singleturn|p1a: Tropius|Protect
|move|p2a: Iron Moth|Flamethrower|p1a: Tropius
|-activate|p1a: Tropius|move: Protect
|
|-damage|p2a: Iron Moth|43/100|[from] Leech Seed|[of] p1a: Tropius
|upkeep
|turn|34
|inactive|shunnybun has 120 seconds left.
|c|☆vale zulu|i dont think this battle will last this much
|
|t:|1779585767
|move|p2a: Iron Moth|Flamethrower|p1a: Tropius
|-supereffective|p1a: Tropius
|-damage|p1a: Tropius|6/100
|-enditem|p1a: Tropius|Sitrus Berry|[eat]
|-heal|p1a: Tropius|31/100|[from] item: Sitrus Berry
|move|p1a: Tropius|Substitute|p1a: Tropius
|-start|p1a: Tropius|Substitute
|-damage|p1a: Tropius|6/100
|
|-damage|p2a: Iron Moth|31/100|[from] Leech Seed|[of] p1a: Tropius
|-heal|p1a: Tropius|16/100|[silent]
|-item|p1a: Tropius|Sitrus Berry|[from] ability: Harvest
|upkeep
|-enditem|p1a: Tropius|Sitrus Berry|[eat]
|-heal|p1a: Tropius|41/100|[from] item: Sitrus Berry
|turn|35
|
|t:|1779585782
|move|p1a: Tropius|Protect|p1a: Tropius
|-singleturn|p1a: Tropius|Protect
|move|p2a: Iron Moth|Flamethrower|p1a: Tropius
|-activate|p1a: Tropius|move: Protect
|
|-damage|p2a: Iron Moth|19/100|[from] Leech Seed|[of] p1a: Tropius
|-heal|p1a: Tropius|50/100|[silent]
|upkeep
|turn|36
|c|☆vale zulu|didnt think
|
|t:|1779585798
|-end|p2a: Iron Moth|Quark Drive|[silent]
|switch|p2a: Dragonite|Dragonite, F|100/100
|move|p1a: Tropius|Substitute|p1a: Tropius
|-fail|p1a: Tropius|move: Substitute
|
|-item|p1a: Tropius|Sitrus Berry|[from] ability: Harvest
|upkeep
|-enditem|p1a: Tropius|Sitrus Berry|[eat]
|-heal|p1a: Tropius|75/100|[from] item: Sitrus Berry
|turn|37
|
|t:|1779585811
|move|p2a: Dragonite|Dragon Dance|p2a: Dragonite
|-boost|p2a: Dragonite|atk|1
|-boost|p2a: Dragonite|spe|1
|move|p1a: Tropius|Leech Seed|p2a: Dragonite
|-start|p2a: Dragonite|move: Leech Seed
|
|-damage|p2a: Dragonite|88/100|[from] Leech Seed|[of] p1a: Tropius
|-heal|p1a: Tropius|86/100|[silent]
|upkeep
|turn|38
|
|t:|1779585820
|move|p2a: Dragonite|Extreme Speed|p1a: Tropius
|-end|p1a: Tropius|Substitute
|move|p1a: Tropius|Dragon Tail|p2a: Dragonite
|-supereffective|p2a: Dragonite
|-damage|p2a: Dragonite|71/100
|drag|p2a: Primarina|Primarina, F, shiny|56/100
|-damage|p2a: Primarina|39/100|[from] Spikes
|
|-heal|p2a: Primarina|45/100|[from] item: Leftovers
|upkeep
|turn|39
|inactive|shunnybun has 120 seconds left.
|
|t:|1779585834
|move|p2a: Primarina|Protect|p2a: Primarina
|-singleturn|p2a: Primarina|Protect
|move|p1a: Tropius|Leech Seed|p2a: Primarina
|-activate|p2a: Primarina|move: Protect
|
|-heal|p2a: Primarina|51/100|[from] item: Leftovers
|-item|p1a: Tropius|Sitrus Berry|[from] ability: Harvest
|upkeep
|turn|40
|inactive|shunnybun has 120 seconds left.
|
|t:|1779585851
|switch|p2a: Dragonite|Dragonite, F|71/100
|move|p1a: Tropius|Leech Seed|p2a: Dragonite
|-start|p2a: Dragonite|move: Leech Seed
|
|-damage|p2a: Dragonite|59/100|[from] Leech Seed|[of] p1a: Tropius
|-heal|p1a: Tropius|97/100|[silent]
|upkeep
|turn|41
|inactive|shunnybun has 120 seconds left.
|
|t:|1779585863
|-terastallize|p2a: Dragonite|Normal
|move|p2a: Dragonite|Extreme Speed|p1a: Tropius
|-damage|p1a: Tropius|65/100
|move|p1a: Tropius|Substitute|p1a: Tropius
|-start|p1a: Tropius|Substitute
|-damage|p1a: Tropius|41/100
|-enditem|p1a: Tropius|Sitrus Berry|[eat]
|-heal|p1a: Tropius|65/100|[from] item: Sitrus Berry
|
|-damage|p2a: Dragonite|46/100|[from] Leech Seed|[of] p1a: Tropius
|-heal|p1a: Tropius|77/100|[silent]
|-item|p1a: Tropius|Sitrus Berry|[from] ability: Harvest
|upkeep
|turn|42
|inactive|shunnybun has 120 seconds left.
|
|t:|1779585883
|switch|p2a: Iron Moth|Iron Moth|19/100
|move|p1a: Tropius|Protect||[still]
|-fail|p1a: Tropius
|
|upkeep
|turn|43
|
|t:|1779585890
|move|p2a: Iron Moth|Flamethrower|p1a: Tropius
|-supereffective|p1a: Tropius
|-end|p1a: Tropius|Substitute
|move|p1a: Tropius|Leech Seed|p2a: Iron Moth
|-start|p2a: Iron Moth|move: Leech Seed
|
|-damage|p2a: Iron Moth|6/100|[from] Leech Seed|[of] p1a: Tropius
|-heal|p1a: Tropius|86/100|[silent]
|upkeep
|turn|44
|
|t:|1779585900
|move|p1a: Tropius|Protect|p1a: Tropius
|-singleturn|p1a: Tropius|Protect
|move|p2a: Iron Moth|Flamethrower|p1a: Tropius
|-activate|p1a: Tropius|move: Protect
|
|-damage|p2a: Iron Moth|0 fnt|[from] Leech Seed|[of] p1a: Tropius
|-heal|p1a: Tropius|90/100|[silent]
|faint|p2a: Iron Moth
|-end|p2a: Iron Moth|Quark Drive|[silent]
|upkeep
|inactive|vale zulu has 120 seconds left.
|c|☆vale zulu|i have to say that u play like a little bitch and this battle is too boring i dont know how u enjoy playing this shit
|inactive|vale zulu has 90 seconds left.
|-message|vale zulu forfeited.
|
|win|shunnybun
