|j|☆popozao
|j|☆Mouu'D
|t:|1779715641
|gametype|singles
|player|p1|popozao|lenora|1338
|player|p2|Mouu'D|youngster-gen4dp|1406
|gen|9
|tier|[Gen 9] OU
|rated|
|rule|HP Percentage Mod: HP is shown in percentages
|rule|Endless Battle Clause: Forcing endless battles is banned
|rule|Species Clause: Limit one of each Pokémon
|rule|OHKO Clause: OHKO moves are banned
|rule|Evasion Items Clause: Evasion items are banned
|rule|Evasion Moves Clause: Evasion moves are banned
|rule|Evasion Abilities Clause: Evasion abilities are banned
|rule|Sleep Moves Clause: Sleep-inducing moves are banned
|clearpoke
|poke|p1|Torterra, M|
|poke|p1|Glimmora, M|
|poke|p1|Alomomola, M|
|poke|p1|Indeedee, M|
|poke|p1|Cinderace, M|
|poke|p1|Ursaluna, M|
|poke|p2|Deoxys-Defense|
|poke|p2|Diancie|
|poke|p2|Glastrier|
|poke|p2|Ursaluna, M|
|poke|p2|Exeggutor-Alola, F|
|poke|p2|Conkeldurr, M|
|teampreview
|inactive|Battle timer is ON: inactive players will automatically lose when time's up. (requested by Mouu'D)
|inactive|popozao has 120 seconds left.
|inactive|popozao has 90 seconds left.
|
|t:|1779715728
|teamsize|p1|6
|teamsize|p2|6
|start
|switch|p1a: Cinderace|Cinderace, M|100/100
|switch|p2a: Vegapunk 03|Deoxys-Defense, shiny|100/100
|-ability|p2a: Vegapunk 03|Pressure
|turn|1
|
|t:|1779715737
|move|p1a: Cinderace|U-turn|p2a: Vegapunk 03
|-supereffective|p2a: Vegapunk 03
|-damage|p2a: Vegapunk 03|54/100
|
|t:|1779715740
|switch|p1a: Glimmora|Glimmora, M|100/100|[from] U-turn
|move|p2a: Vegapunk 03|Trick Room|p2a: Vegapunk 03
|-fieldstart|move: Trick Room|[of] p2a: Vegapunk 03
|
|upkeep
|turn|2
|
|t:|1779715744
|move|p2a: Vegapunk 03|Psycho Boost|p1a: Glimmora
|-supereffective|p1a: Glimmora
|-enditem|p1a: Glimmora|Focus Sash
|-damage|p1a: Glimmora|1/100
|-unboost|p2a: Vegapunk 03|spa|2
|move|p1a: Glimmora|Stealth Rock|p2a: Vegapunk 03
|-sidestart|p2: Mouu'D|move: Stealth Rock
|
|upkeep
|turn|3
|
|t:|1779715753
|switch|p1a: Alomomola|Alomomola, M|100/100
|move|p2a: Vegapunk 03|Psycho Boost|p1a: Alomomola
|-crit|p1a: Alomomola
|-damage|p1a: Alomomola|69/100
|-unboost|p2a: Vegapunk 03|spa|2
|
|upkeep
|turn|4
|
|t:|1779715760
|move|p1a: Alomomola|Flip Turn|p2a: Vegapunk 03
|-damage|p2a: Vegapunk 03|42/100
|
|t:|1779715767
|switch|p1a: Ursaluna|Ursaluna, M|100/100|[from] Flip Turn
|move|p2a: Vegapunk 03|Recover|p2a: Vegapunk 03
|-heal|p2a: Vegapunk 03|93/100
|
|upkeep
|turn|5
|
|t:|1779715775
|move|p1a: Ursaluna|Body Slam|p2a: Vegapunk 03
|-damage|p2a: Vegapunk 03|58/100
|move|p2a: Vegapunk 03|Focus Blast|p1a: Ursaluna
|-supereffective|p1a: Ursaluna
|-damage|p1a: Ursaluna|88/100
|
|-heal|p1a: Ursaluna|94/100|[from] item: Leftovers
|-fieldend|move: Trick Room
|upkeep
|turn|6
|
|t:|1779715785
|move|p2a: Vegapunk 03|Recover|p2a: Vegapunk 03
|-heal|p2a: Vegapunk 03|100/100
|move|p1a: Ursaluna|Body Slam|p2a: Vegapunk 03
|-damage|p2a: Vegapunk 03|62/100
|
|-heal|p1a: Ursaluna|99/100|[from] item: Leftovers
|upkeep
|turn|7
|
|t:|1779715802
|move|p2a: Vegapunk 03|Recover|p2a: Vegapunk 03
|-heal|p2a: Vegapunk 03|100/100
|move|p1a: Ursaluna|Body Slam|p2a: Vegapunk 03
|-damage|p2a: Vegapunk 03|64/100
|
|-heal|p1a: Ursaluna|100/100|[from] item: Leftovers
|upkeep
|turn|8
|
|t:|1779715811
|move|p2a: Vegapunk 03|Recover|p2a: Vegapunk 03
|-heal|p2a: Vegapunk 03|100/100
|move|p1a: Ursaluna|Body Slam|p2a: Vegapunk 03
|-damage|p2a: Vegapunk 03|64/100
|
|upkeep
|turn|9
|
|t:|1779715824
|move|p1a: Ursaluna|Body Slam|p2a: Vegapunk 03
|-damage|p2a: Vegapunk 03|29/100
|move|p2a: Vegapunk 03|Trick Room|p2a: Vegapunk 03
|-fieldstart|move: Trick Room|[of] p2a: Vegapunk 03
|
|upkeep
|turn|10
|
|t:|1779715843
|switch|p2a: Luffy gear 4th|Conkeldurr, M|100/100
|-damage|p2a: Luffy gear 4th|94/100|[from] Stealth Rock
|move|p1a: Ursaluna|Earthquake|p2a: Luffy gear 4th
|-damage|p2a: Luffy gear 4th|43/100
|
|-status|p2a: Luffy gear 4th|brn|[from] item: Flame Orb
|upkeep
|turn|11
|
|t:|1779715855
|move|p1a: Ursaluna|Protect|p1a: Ursaluna
|-singleturn|p1a: Ursaluna|Protect
|move|p2a: Luffy gear 4th|Knock Off|p1a: Ursaluna
|-activate|p1a: Ursaluna|move: Protect
|
|-damage|p2a: Luffy gear 4th|37/100 brn|[from] brn
|upkeep
|turn|12
|
|t:|1779715865
|switch|p1a: Glimmora|Glimmora, M|1/100
|move|p2a: Luffy gear 4th|Knock Off|p1a: Glimmora
|-damage|p1a: Glimmora|0 fnt
|-activate|p1a: Glimmora|ability: Toxic Debris
|-sidestart|p2: Mouu'D|move: Toxic Spikes
|faint|p1a: Glimmora
|
|-damage|p2a: Luffy gear 4th|31/100 brn|[from] brn
|upkeep
|
|t:|1779715874
|switch|p1a: Ursaluna|Ursaluna, M|100/100
|turn|13
|
|t:|1779715882
|move|p1a: Ursaluna|Protect|p1a: Ursaluna
|-singleturn|p1a: Ursaluna|Protect
|move|p2a: Luffy gear 4th|Drain Punch|p1a: Ursaluna
|-activate|p1a: Ursaluna|move: Protect
|
|-damage|p2a: Luffy gear 4th|25/100 brn|[from] brn
|-fieldend|move: Trick Room
|upkeep
|turn|14
|
|t:|1779715886
|move|p2a: Luffy gear 4th|Mach Punch|p1a: Ursaluna
|-supereffective|p1a: Ursaluna
|-damage|p1a: Ursaluna|51/100
|move|p1a: Ursaluna|Earthquake|p2a: Luffy gear 4th
|-damage|p2a: Luffy gear 4th|0 fnt
|faint|p2a: Luffy gear 4th
|
|-heal|p1a: Ursaluna|58/100|[from] item: Leftovers
|upkeep
|
|t:|1779715896
|switch|p2a: Vegapunk 03|Deoxys-Defense, shiny|29/100
|-damage|p2a: Vegapunk 03|16/100|[from] Stealth Rock
|-status|p2a: Vegapunk 03|psn
|-ability|p2a: Vegapunk 03|Pressure
|turn|15
|
|t:|1779715899
|move|p2a: Vegapunk 03|Recover|p2a: Vegapunk 03
|-heal|p2a: Vegapunk 03|67/100 psn
|move|p1a: Ursaluna|Earthquake|p2a: Vegapunk 03
|-damage|p2a: Vegapunk 03|21/100 psn
|
|-heal|p1a: Ursaluna|64/100|[from] item: Leftovers
|-damage|p2a: Vegapunk 03|8/100 psn|[from] psn
|upkeep
|turn|16
|
|t:|1779715905
|move|p2a: Vegapunk 03|Recover|p2a: Vegapunk 03
|-heal|p2a: Vegapunk 03|59/100 psn
|move|p1a: Ursaluna|Earthquake|p2a: Vegapunk 03
|-damage|p2a: Vegapunk 03|16/100 psn
|
|-heal|p1a: Ursaluna|70/100|[from] item: Leftovers
|-damage|p2a: Vegapunk 03|4/100 psn|[from] psn
|upkeep
|turn|17
|
|t:|1779715913
|move|p1a: Ursaluna|Earthquake|p2a: Vegapunk 03
|-damage|p2a: Vegapunk 03|0 fnt
|faint|p2a: Vegapunk 03
|
|-heal|p1a: Ursaluna|76/100|[from] item: Leftovers
|upkeep
|
|t:|1779715928
|switch|p2a: Sodom|Exeggutor-Alola, F, shiny|100/100
|-damage|p2a: Sodom|88/100|[from] Stealth Rock
|-status|p2a: Sodom|psn
|turn|18
|
|t:|1779715934
|-terastallize|p1a: Ursaluna|Fairy
|move|p1a: Ursaluna|Play Rough|p2a: Sodom
|-supereffective|p2a: Sodom
|-damage|p2a: Sodom|0 fnt
|faint|p2a: Sodom
|
|-heal|p1a: Ursaluna|82/100|[from] item: Leftovers
|upkeep
|
|t:|1779715951
|switch|p2a: Joz|Diancie|100/100
|-damage|p2a: Joz|88/100|[from] Stealth Rock
|-status|p2a: Joz|psn
|turn|19
|
|t:|1779715954
|-terastallize|p2a: Joz|Flying
|move|p1a: Ursaluna|Earthquake|p2a: Joz
|-immune|p2a: Joz
|move|p2a: Joz|Trick Room|p2a: Joz
|-fieldstart|move: Trick Room|[of] p2a: Joz
|
|-heal|p1a: Ursaluna|89/100|[from] item: Leftovers
|-damage|p2a: Joz|75/100 psn|[from] psn
|upkeep
|turn|20
|
|t:|1779715965
|switch|p2a: Kuma|Ursaluna, M|100/100
|-damage|p2a: Kuma|94/100|[from] Stealth Rock
|-status|p2a: Kuma|psn
|move|p1a: Ursaluna|Body Slam|p2a: Kuma
|-damage|p2a: Kuma|57/100 psn
|
|-heal|p1a: Ursaluna|95/100|[from] item: Leftovers
|-damage|p2a: Kuma|45/100 psn|[from] psn
|upkeep
|turn|21
|
|t:|1779715974
|move|p2a: Kuma|Facade|p1a: Ursaluna
|-damage|p1a: Ursaluna|7/100
|move|p1a: Ursaluna|Play Rough|p2a: Kuma
|-damage|p2a: Kuma|11/100 psn
|
|-heal|p1a: Ursaluna|14/100|[from] item: Leftovers
|-damage|p2a: Kuma|0 fnt|[from] psn
|faint|p2a: Kuma
|upkeep
|
|t:|1779715983
|switch|p2a: Stronger|Glastrier|100/100
|-damage|p2a: Stronger|76/100|[from] Stealth Rock
|-status|p2a: Stronger|psn
|turn|22
|
|t:|1779715987
|move|p1a: Ursaluna|Protect|p1a: Ursaluna
|-singleturn|p1a: Ursaluna|Protect
|move|p2a: Stronger|Stomping Tantrum|p1a: Ursaluna
|-activate|p1a: Ursaluna|move: Protect
|
|-heal|p1a: Ursaluna|20/100|[from] item: Leftovers
|-damage|p2a: Stronger|63/100 psn|[from] psn
|upkeep
|turn|23
|
|t:|1779715990
|switch|p1a: Alomomola|Alomomola, M|100/100
|move|p2a: Stronger|Stomping Tantrum|p1a: Alomomola
|-damage|p1a: Alomomola|80/100
|
|-damage|p2a: Stronger|51/100 psn|[from] psn
|-fieldend|move: Trick Room
|upkeep
|turn|24
|
|t:|1779715999
|move|p1a: Alomomola|Flip Turn|p2a: Stronger
|-damage|p2a: Stronger|39/100 psn
|
|t:|1779716002
|switch|p1a: Indeedee|Indeedee, M|100/100|[from] Flip Turn
|-fieldstart|move: Psychic Terrain|[from] ability: Psychic Surge|[of] p1a: Indeedee
|move|p2a: Stronger|Crunch|p1a: Indeedee
|-supereffective|p1a: Indeedee
|-damage|p1a: Indeedee|0 fnt
|faint|p1a: Indeedee
|-ability|p2a: Stronger|Chilling Neigh|boost
|-boost|p2a: Stronger|atk|1
|
|-damage|p2a: Stronger|27/100 psn|[from] psn
|upkeep
|
|t:|1779716006
|switch|p1a: Torterra|Torterra, M|100/100
|turn|25
|
|t:|1779716018
|move|p1a: Torterra|Wood Hammer|p2a: Stronger
|-damage|p2a: Stronger|0 fnt
|faint|p2a: Stronger
|-damage|p1a: Torterra|90/100|[from] Recoil
|
|upkeep
|
|t:|1779716021
|switch|p2a: Joz|Diancie, tera:Flying|75/100 psn
|-damage|p2a: Joz|50/100 psn|[from] Stealth Rock
|turn|26
|
|t:|1779716027
|move|p1a: Torterra|Shell Smash|p1a: Torterra
|-unboost|p1a: Torterra|def|1
|-unboost|p1a: Torterra|spd|1
|-boost|p1a: Torterra|atk|2
|-boost|p1a: Torterra|spa|2
|-boost|p1a: Torterra|spe|2
|-enditem|p1a: Torterra|White Herb
|-clearnegativeboost|p1a: Torterra|[silent]
|move|p2a: Joz|Trick Room|p2a: Joz
|-fieldstart|move: Trick Room|[of] p2a: Joz
|
|-damage|p2a: Joz|38/100 psn|[from] psn
|upkeep
|turn|27
|
|t:|1779716034
|move|p2a: Joz|Endeavor|p1a: Torterra
|-damage|p1a: Torterra|33/100
|move|p1a: Torterra|Wood Hammer|p2a: Joz
|-resisted|p2a: Joz
|-damage|p2a: Joz|0 fnt
|faint|p2a: Joz
|-damage|p1a: Torterra|22/100|[from] Recoil
|
|win|popozao
|raw|popozao's rating: 1338 &rarr; <strong>1362</strong><br />(+24 for winning)
|raw|Mouu&apos;D's rating: 1406 &rarr; <strong>1382</strong><br />(-24 for losing)
|l|☆popozao
|player|p1|
|l|☆Mouu'D
|player|p2|
