|j|☆viscus_55
|j|☆Flarefofo
|t:|1779595965
|gametype|singles
|player|p1|viscus_55|gardenia-masters|1392
|player|p2|Flarefofo|266|1385
|gen|9
|tier|[Gen 9] OU
|rated|
|rule|HP Percentage Mod: HP is shown in percentages
|rule|Endless Battle Clause: Forcing endless battles is banned
|rule|Species Clause: Limit one of each Pokémon
|rule|OHKO Clause: OHKO moves are banned
|rule|Evasion Items Clause: Evasion items are banned
|rule|Evasion Moves Clause: Evasion moves are banned
|rule|Evasion Abilities Clause: Evasion abilities are banned
|rule|Sleep Moves Clause: Sleep-inducing moves are banned
|clearpoke
|poke|p1|Pecharunt|
|poke|p1|Kommo-o, M|
|poke|p1|Darkrai|
|poke|p1|Cinderace, M|
|poke|p1|Ninetales-Alola, F|
|poke|p1|Iron Treads|
|poke|p2|Ninetales, M|
|poke|p2|Pecharunt|
|poke|p2|Dragonite, M|
|poke|p2|Great Tusk|
|poke|p2|Walking Wake|
|poke|p2|Scovillain, M|
|teampreview
|inactive|Battle timer is ON: inactive players will automatically lose when time's up. (requested by viscus_55)
|
|t:|1779595973
|teamsize|p1|6
|teamsize|p2|6
|start
|switch|p1a: Ninetales|Ninetales-Alola, F|100/100
|switch|p2a: Ninetales|Ninetales, M, shiny|100/100
|-weather|Snowscape|[from] ability: Snow Warning|[of] p1a: Ninetales
|-weather|SunnyDay|[from] ability: Drought|[of] p2a: Ninetales
|turn|1
|
|t:|1779595990
|switch|p1a: What's up doc|Cinderace, M|100/100
|move|p2a: Ninetales|Overheat|p1a: What's up doc
|-resisted|p1a: What's up doc
|-damage|p1a: What's up doc|50/100
|-unboost|p2a: Ninetales|spa|2
|
|-weather|SunnyDay|[upkeep]
|upkeep
|turn|2
|
|t:|1779595999
|switch|p2a: Pecharunt|Pecharunt|100/100
|move|p1a: What's up doc|Pyro Ball|p2a: Pecharunt
|-damage|p2a: Pecharunt|62/100
|
|-weather|SunnyDay|[upkeep]
|upkeep
|turn|3
|
|t:|1779596007
|move|p1a: What's up doc|Sucker Punch||[still]
|-fail|p1a: What's up doc
|move|p2a: Pecharunt|Parting Shot|p1a: What's up doc
|-unboost|p1a: What's up doc|atk|1
|-unboost|p1a: What's up doc|spa|1
|
|t:|1779596012
|switch|p2a: Walking Wake|Walking Wake|100/100|[from] Parting Shot
|-activate|p2a: Walking Wake|ability: Protosynthesis
|-start|p2a: Walking Wake|protosynthesisspe
|
|-weather|SunnyDay|[upkeep]
|upkeep
|turn|4
|
|t:|1779596021
|move|p1a: What's up doc|Sucker Punch|p2a: Walking Wake
|-start|p1a: What's up doc|typechange|Dark|[from] ability: Libero
|-damage|p2a: Walking Wake|78/100
|move|p2a: Walking Wake|Flip Turn|p1a: What's up doc
|-damage|p1a: What's up doc|37/100
|j| crust king kahn
|
|t:|1779596028
|-end|p2a: Walking Wake|Protosynthesis|[silent]
|switch|p2a: Great Tusk|Great Tusk, shiny|100/100|[from] Flip Turn
|-activate|p2a: Great Tusk|ability: Protosynthesis
|-start|p2a: Great Tusk|protosynthesisatk
|
|-weather|SunnyDay|[upkeep]
|upkeep
|turn|5
|
|t:|1779596034
|move|p2a: Great Tusk|Headlong Rush|p1a: What's up doc
|-damage|p1a: What's up doc|0 fnt
|-unboost|p2a: Great Tusk|def|1
|-unboost|p2a: Great Tusk|spd|1
|faint|p1a: What's up doc
|
|-weather|SunnyDay|[upkeep]
|upkeep
|inactive|viscus_55 has 120 seconds left.
|
|t:|1779596068
|switch|p1a: Ninetales|Ninetales-Alola, F|100/100
|-weather|Snowscape|[from] ability: Snow Warning|[of] p1a: Ninetales
|-end|p2a: Great Tusk|Protosynthesis
|turn|6
|
|t:|1779596074
|-end|p2a: Great Tusk|Protosynthesis|[silent]
|switch|p2a: Ninetales|Ninetales, M, shiny|100/100
|-weather|SunnyDay|[from] ability: Drought|[of] p2a: Ninetales
|move|p1a: Ninetales|Aurora Veil||[still]
|-fail|p1a: Ninetales
|
|-weather|SunnyDay|[upkeep]
|upkeep
|turn|7
|
|t:|1779596086
|switch|p1a: Anti fairy|Pecharunt|100/100
|move|p2a: Ninetales|Overheat|p1a: Anti fairy|[miss]
|-miss|p2a: Ninetales|p1a: Anti fairy
|
|-weather|SunnyDay|[upkeep]
|upkeep
|turn|8
|
|t:|1779596098
|switch|p2a: Great Tusk|Great Tusk, shiny|100/100
|-activate|p2a: Great Tusk|ability: Protosynthesis
|-start|p2a: Great Tusk|protosynthesisatk
|move|p1a: Anti fairy|Malignant Chain|p2a: Great Tusk
|-resisted|p2a: Great Tusk
|-damage|p2a: Great Tusk|74/100
|-status|p2a: Great Tusk|tox
|-start|p2a: Great Tusk|confusion|[from] ability: Poison Puppeteer|[of] p1a: Anti fairy
|
|-weather|SunnyDay|[upkeep]
|-damage|p2a: Great Tusk|68/100 tox|[from] psn
|upkeep
|turn|9
|inactive|viscus_55 has 120 seconds left.
|
|t:|1779596121
|switch|p1a: Underrated|Darkrai|100/100
|-activate|p2a: Great Tusk|confusion
|-damage|p2a: Great Tusk|57/100 tox|[from] confusion
|
|-weather|SunnyDay|[upkeep]
|-damage|p2a: Great Tusk|45/100 tox|[from] psn
|upkeep
|turn|10
|
|t:|1779596129
|-activate|p2a: Great Tusk|confusion
|move|p2a: Great Tusk|Close Combat|p1a: Underrated
|-supereffective|p1a: Underrated
|-damage|p1a: Underrated|0 fnt
|-unboost|p2a: Great Tusk|def|1
|-unboost|p2a: Great Tusk|spd|1
|faint|p1a: Underrated
|
|-weather|SunnyDay|[upkeep]
|-damage|p2a: Great Tusk|26/100 tox|[from] psn
|upkeep
|
|t:|1779596134
|switch|p1a: Ninetales|Ninetales-Alola, F|100/100
|-weather|Snowscape|[from] ability: Snow Warning|[of] p1a: Ninetales
|-end|p2a: Great Tusk|Protosynthesis
|turn|11
|
|t:|1779596141
|-end|p2a: Great Tusk|Protosynthesis|[silent]
|switch|p2a: Ninetales|Ninetales, M, shiny|100/100
|-weather|SunnyDay|[from] ability: Drought|[of] p2a: Ninetales
|switch|p1a: Anti fairy|Pecharunt|100/100
|
|-weather|SunnyDay|[upkeep]
|upkeep
|turn|12
|
|t:|1779596148
|move|p2a: Ninetales|Overheat|p1a: Anti fairy
|-damage|p1a: Anti fairy|43/100
|-unboost|p2a: Ninetales|spa|2
|move|p1a: Anti fairy|Malignant Chain|p2a: Ninetales
|-crit|p2a: Ninetales
|-damage|p2a: Ninetales|37/100
|-status|p2a: Ninetales|tox
|-start|p2a: Ninetales|confusion|[from] ability: Poison Puppeteer|[of] p1a: Anti fairy
|
|-weather|SunnyDay|[upkeep]
|-heal|p1a: Anti fairy|49/100|[from] item: Leftovers
|-damage|p2a: Ninetales|32/100 tox|[from] psn
|upkeep
|turn|13
|
|t:|1779596160
|switch|p2a: Walking Wake|Walking Wake|78/100
|-activate|p2a: Walking Wake|ability: Protosynthesis
|-start|p2a: Walking Wake|protosynthesisspe
|move|p1a: Anti fairy|Recover|p1a: Anti fairy
|-heal|p1a: Anti fairy|99/100
|
|-weather|SunnyDay|[upkeep]
|-heal|p1a: Anti fairy|100/100|[from] item: Leftovers
|upkeep
|turn|14
|
|t:|1779596165
|move|p2a: Walking Wake|Hydro Steam|p1a: Anti fairy
|-damage|p1a: Anti fairy|29/100
|move|p1a: Anti fairy|Malignant Chain|p2a: Walking Wake
|-damage|p2a: Walking Wake|34/100
|-status|p2a: Walking Wake|tox
|-start|p2a: Walking Wake|confusion|[from] ability: Poison Puppeteer|[of] p1a: Anti fairy
|
|-weather|SunnyDay|[upkeep]
|-heal|p1a: Anti fairy|35/100|[from] item: Leftovers
|-damage|p2a: Walking Wake|28/100 tox|[from] psn
|upkeep
|turn|15
|l| crust king kahn
|
|t:|1779596176
|switch|p1a: Iron Treads|Iron Treads|100/100
|-enditem|p1a: Iron Treads|Booster Energy
|-activate|p1a: Iron Treads|ability: Quark Drive|[fromitem]
|-start|p1a: Iron Treads|quarkdriveatk
|-activate|p2a: Walking Wake|confusion
|move|p2a: Walking Wake|Hydro Steam|p1a: Iron Treads
|-supereffective|p1a: Iron Treads
|-damage|p1a: Iron Treads|0 fnt
|faint|p1a: Iron Treads
|-end|p1a: Iron Treads|Quark Drive|[silent]
|
|-weather|SunnyDay|[upkeep]
|-damage|p2a: Walking Wake|16/100 tox|[from] psn
|upkeep
|
|t:|1779596185
|switch|p1a: Ninetales|Ninetales-Alola, F|100/100
|-weather|Snowscape|[from] ability: Snow Warning|[of] p1a: Ninetales
|-end|p2a: Walking Wake|Protosynthesis
|turn|16
|
|t:|1779596192
|-end|p2a: Walking Wake|Protosynthesis|[silent]
|switch|p2a: Ninetales|Ninetales, M, shiny|32/100 tox
|-weather|SunnyDay|[from] ability: Drought|[of] p2a: Ninetales
|switch|p1a: Anti fairy|Pecharunt|35/100
|
|-weather|SunnyDay|[upkeep]
|-heal|p1a: Anti fairy|42/100|[from] item: Leftovers
|-damage|p2a: Ninetales|26/100 tox|[from] psn
|upkeep
|turn|17
|
|t:|1779596212
|switch|p2a: Scovillain|Scovillain, M, shiny|100/100
|move|p1a: Anti fairy|Recover|p1a: Anti fairy
|-heal|p1a: Anti fairy|92/100
|
|-weather|SunnyDay|[upkeep]
|-heal|p1a: Anti fairy|98/100|[from] item: Leftovers
|upkeep
|turn|18
|
|t:|1779596220
|-terastallize|p2a: Scovillain|Ghost
|move|p2a: Scovillain|Growth|p2a: Scovillain
|-boost|p2a: Scovillain|atk|2
|-boost|p2a: Scovillain|spa|2
|move|p1a: Anti fairy|Malignant Chain|p2a: Scovillain
|-resisted|p2a: Scovillain
|-damage|p2a: Scovillain|63/100
|-status|p2a: Scovillain|tox
|-start|p2a: Scovillain|confusion|[from] ability: Poison Puppeteer|[of] p1a: Anti fairy
|
|-weather|SunnyDay|[upkeep]
|-heal|p1a: Anti fairy|100/100|[from] item: Leftovers
|-damage|p2a: Scovillain|57/100 tox|[from] psn
|upkeep
|turn|19
|
|t:|1779596236
|-terastallize|p1a: Anti fairy|Flying
|-activate|p2a: Scovillain|confusion
|-damage|p2a: Scovillain|22/100 tox|[from] confusion
|move|p1a: Anti fairy|Shadow Ball|p2a: Scovillain
|-supereffective|p2a: Scovillain
|-damage|p2a: Scovillain|0 fnt
|faint|p2a: Scovillain
|
|-weather|SunnyDay|[upkeep]
|upkeep
|
|t:|1779596245
|switch|p2a: Pecharunt|Pecharunt|62/100
|turn|20
|
|t:|1779596253
|move|p2a: Pecharunt|Malignant Chain|p1a: Anti fairy
|-damage|p1a: Anti fairy|74/100
|-status|p1a: Anti fairy|tox
|-start|p1a: Anti fairy|confusion|[from] ability: Poison Puppeteer|[of] p2a: Pecharunt
|-activate|p1a: Anti fairy|confusion
|move|p1a: Anti fairy|Nasty Plot|p1a: Anti fairy
|-boost|p1a: Anti fairy|spa|2
|
|-weather|SunnyDay|[upkeep]
|-heal|p1a: Anti fairy|80/100 tox|[from] item: Leftovers
|-damage|p1a: Anti fairy|74/100 tox|[from] psn
|upkeep
|turn|21
|
|t:|1779596259
|move|p2a: Pecharunt|Hex|p1a: Anti fairy
|-damage|p1a: Anti fairy|43/100 tox
|-activate|p1a: Anti fairy|confusion
|move|p1a: Anti fairy|Shadow Ball|p2a: Pecharunt
|-supereffective|p2a: Pecharunt
|-damage|p2a: Pecharunt|0 fnt
|faint|p2a: Pecharunt
|
|-weather|SunnyDay|[upkeep]
|-heal|p1a: Anti fairy|49/100 tox|[from] item: Leftovers
|-damage|p1a: Anti fairy|37/100 tox|[from] psn
|upkeep
|
|t:|1779596276
|switch|p2a: Great Tusk|Great Tusk, shiny|26/100 tox
|-activate|p2a: Great Tusk|ability: Protosynthesis
|-start|p2a: Great Tusk|protosynthesisatk
|turn|22
|
|t:|1779596281
|move|p2a: Great Tusk|Ice Spinner|p1a: Anti fairy
|-supereffective|p1a: Anti fairy
|-damage|p1a: Anti fairy|0 fnt
|faint|p1a: Anti fairy
|
|-weather|SunnyDay|[upkeep]
|-damage|p2a: Great Tusk|20/100 tox|[from] psn
|upkeep
|
|t:|1779596291
|switch|p1a: Ninetales|Ninetales-Alola, F|100/100
|-weather|Snowscape|[from] ability: Snow Warning|[of] p1a: Ninetales
|-end|p2a: Great Tusk|Protosynthesis
|turn|23
|
|t:|1779596295
|-end|p2a: Great Tusk|Protosynthesis|[silent]
|switch|p2a: Ninetales|Ninetales, M, shiny|26/100 tox
|-weather|SunnyDay|[from] ability: Drought|[of] p2a: Ninetales
|switch|p1a: Fav pseudo|Kommo-o, M|100/100
|
|-weather|SunnyDay|[upkeep]
|-damage|p2a: Ninetales|20/100 tox|[from] psn
|upkeep
|turn|24
|
|t:|1779596309
|switch|p2a: Walking Wake|Walking Wake|16/100 tox
|-activate|p2a: Walking Wake|ability: Protosynthesis
|-start|p2a: Walking Wake|protosynthesisspe
|move|p1a: Fav pseudo|Boomburst|p2a: Walking Wake
|-damage|p2a: Walking Wake|0 fnt
|faint|p2a: Walking Wake
|-end|p2a: Walking Wake|Protosynthesis|[silent]
|-enditem|p1a: Fav pseudo|Throat Spray
|-boost|p1a: Fav pseudo|spa|1|[from] item: Throat Spray
|
|-weather|SunnyDay|[upkeep]
|upkeep
|
|t:|1779596319
|switch|p2a: Great Tusk|Great Tusk, shiny|20/100 tox
|-activate|p2a: Great Tusk|ability: Protosynthesis
|-start|p2a: Great Tusk|protosynthesisatk
|turn|25
|
|t:|1779596324
|move|p2a: Great Tusk|Headlong Rush|p1a: Fav pseudo
|-damage|p1a: Fav pseudo|25/100
|-unboost|p2a: Great Tusk|def|1
|-unboost|p2a: Great Tusk|spd|1
|move|p1a: Fav pseudo|Boomburst|p2a: Great Tusk
|-damage|p2a: Great Tusk|0 fnt
|faint|p2a: Great Tusk
|-end|p2a: Great Tusk|Protosynthesis|[silent]
|
|-weather|SunnyDay|[upkeep]
|upkeep
|
|t:|1779596329
|switch|p2a: Dragonite|Dragonite, M, shiny|100/100
|turn|26
|
|t:|1779596335
|move|p1a: Fav pseudo|Clanging Scales|p2a: Dragonite
|-supereffective|p2a: Dragonite
|-damage|p2a: Dragonite|18/100
|-unboost|p1a: Fav pseudo|def|1
|move|p2a: Dragonite|Dragon Dance|p2a: Dragonite
|-boost|p2a: Dragonite|atk|1
|-boost|p2a: Dragonite|spe|1
|
|-weather|SunnyDay|[upkeep]
|upkeep
|turn|27
|
|t:|1779596338
|move|p2a: Dragonite|Scale Shot|p1a: Fav pseudo
|-supereffective|p1a: Fav pseudo
|-damage|p1a: Fav pseudo|0 fnt
|faint|p1a: Fav pseudo
|-hitcount|p1: Fav pseudo|1
|-unboost|p2a: Dragonite|def|1
|-boost|p2a: Dragonite|spe|1
|
|-weather|SunnyDay|[upkeep]
|upkeep
|
|t:|1779596341
|switch|p1a: Ninetales|Ninetales-Alola, F|100/100
|-weather|Snowscape|[from] ability: Snow Warning|[of] p1a: Ninetales
|turn|28
|
|t:|1779596351
|switch|p2a: Ninetales|Ninetales, M, shiny|20/100 tox
|-weather|SunnyDay|[from] ability: Drought|[of] p2a: Ninetales
|move|p1a: Ninetales|Freeze-Dry|p2a: Ninetales
|-resisted|p2a: Ninetales
|-damage|p2a: Ninetales|8/100 tox
|
|-weather|SunnyDay|[upkeep]
|-damage|p2a: Ninetales|2/100 tox|[from] psn
|upkeep
|turn|29
|
|t:|1779596355
|move|p1a: Ninetales|Freeze-Dry|p2a: Ninetales
|-resisted|p2a: Ninetales
|-damage|p2a: Ninetales|0 fnt
|faint|p2a: Ninetales
|
|-weather|SunnyDay|[upkeep]
|upkeep
|
|t:|1779596357
|switch|p2a: Dragonite|Dragonite, M, shiny|18/100
|turn|30
|
|t:|1779596359
|move|p1a: Ninetales|Freeze-Dry|p2a: Dragonite
|-supereffective|p2a: Dragonite
|-damage|p2a: Dragonite|0 fnt
|faint|p2a: Dragonite
|
|win|viscus_55
|raw|viscus_55's rating: 1392 &rarr; <strong>1412</strong><br />(+20 for winning)
|raw|Flarefofo's rating: 1385 &rarr; <strong>1365</strong><br />(-20 for losing)
|l|☆Flarefofo
|player|p2|
|l|☆viscus_55
|player|p1|
