|j|☆bigtestsofbig
|j|☆yoki
|t:|1779669602
|gametype|singles
|player|p1|bigtestsofbig|101|1574
|player|p2|yoki|2|1478
|gen|9
|tier|[Gen 9] OU
|rated|
|rule|HP Percentage Mod: HP is shown in percentages
|rule|Endless Battle Clause: Forcing endless battles is banned
|rule|Species Clause: Limit one of each Pokémon
|rule|OHKO Clause: OHKO moves are banned
|rule|Evasion Items Clause: Evasion items are banned
|rule|Evasion Moves Clause: Evasion moves are banned
|rule|Evasion Abilities Clause: Evasion abilities are banned
|rule|Sleep Moves Clause: Sleep-inducing moves are banned
|clearpoke
|poke|p1|Feraligatr, F|
|poke|p1|Excadrill, M|
|poke|p1|Moltres|
|poke|p1|Primarina, M|
|poke|p1|Tyranitar, M|
|poke|p1|Garganacl, M|
|poke|p2|Slowking-Galar, M|
|poke|p2|Great Tusk|
|poke|p2|Kyurem|
|poke|p2|Iron Hands|
|poke|p2|Darkrai|
|poke|p2|Zapdos|
|teampreview
|
|t:|1779669620
|teamsize|p1|6
|teamsize|p2|6
|start
|switch|p1a: Primarina|Primarina, M|100/100
|switch|p2a: Iron Hands|Iron Hands|100/100
|turn|1
|inactive|Battle timer is ON: inactive players will automatically lose when time's up. (requested by bigtestsofbig)
|
|t:|1779669626
|move|p1a: Primarina|Moonblast|p2a: Iron Hands
|-supereffective|p2a: Iron Hands
|-damage|p2a: Iron Hands|19/100
|-unboost|p2a: Iron Hands|spa|1
|move|p2a: Iron Hands|Thunder Punch|p1a: Primarina
|-supereffective|p1a: Primarina
|-damage|p1a: Primarina|0 fnt
|faint|p1a: Primarina
|
|upkeep
|inactive|bigtestsofbig has 120 seconds left.
|
|t:|1779669658
|switch|p1a: Feraligatr|Feraligatr, F|100/100
|turn|2
|
|t:|1779669669
|-end|p2a: Iron Hands|Quark Drive|[silent]
|switch|p2a: Kyurem|Kyurem|100/100
|-ability|p2a: Kyurem|Pressure
|move|p1a: Feraligatr|Liquidation|p2a: Kyurem
|-resisted|p2a: Kyurem
|-crit|p2a: Kyurem
|-damage|p2a: Kyurem|62/100
|
|upkeep
|turn|3
|
|t:|1779669678
|switch|p1a: Tyranitar|Tyranitar, M|100/100
|-weather|Sandstorm|[from] ability: Sand Stream|[of] p1a: Tyranitar
|move|p2a: Kyurem|Freeze-Dry|p1a: Tyranitar
|-damage|p1a: Tyranitar|74/100
|
|-weather|Sandstorm|[upkeep]
|-damage|p2a: Kyurem|56/100|[from] Sandstorm
|upkeep
|turn|4
|
|t:|1779669686
|switch|p2a: Iron Hands|Iron Hands|19/100
|move|p1a: Tyranitar|Knock Off|p2a: Iron Hands
|-resisted|p2a: Iron Hands
|-damage|p2a: Iron Hands|4/100
|-enditem|p2a: Iron Hands|Choice Band|[from] move: Knock Off|[of] p1a: Tyranitar
|
|-weather|Sandstorm|[upkeep]
|-damage|p2a: Iron Hands|0 fnt|[from] Sandstorm
|faint|p2a: Iron Hands
|-end|p2a: Iron Hands|Quark Drive|[silent]
|upkeep
|
|t:|1779669692
|switch|p2a: Great Tusk|Great Tusk|100/100
|turn|5
|
|t:|1779669698
|-end|p2a: Great Tusk|Protosynthesis|[silent]
|switch|p2a: Slowking|Slowking-Galar, M|100/100
|move|p1a: Tyranitar|Stealth Rock|p2a: Slowking
|-sidestart|p2: yoki|move: Stealth Rock
|
|-weather|Sandstorm|[upkeep]
|-damage|p2a: Slowking|94/100|[from] Sandstorm
|upkeep
|turn|6
|
|t:|1779669701
|move|p1a: Tyranitar|Knock Off|p2a: Slowking
|-supereffective|p2a: Slowking
|-enditem|p2a: Slowking|Colbur Berry|[eat]
|-enditem|p2a: Slowking|Colbur Berry|[weaken]
|-damage|p2a: Slowking|53/100
|move|p2a: Slowking|Thunder Wave|p1a: Tyranitar
|-status|p1a: Tyranitar|par
|
|-weather|Sandstorm|[upkeep]
|-damage|p2a: Slowking|46/100|[from] Sandstorm
|upkeep
|turn|7
|
|t:|1779669707
|switch|p2a: Great Tusk|Great Tusk|100/100
|-damage|p2a: Great Tusk|97/100|[from] Stealth Rock
|move|p1a: Tyranitar|Knock Off|p2a: Great Tusk
|-resisted|p2a: Great Tusk
|-damage|p2a: Great Tusk|80/100
|-enditem|p2a: Great Tusk|Leftovers|[from] move: Knock Off|[of] p1a: Tyranitar
|
|-weather|Sandstorm|[upkeep]
|upkeep
|turn|8
|
|t:|1779669713
|-end|p2a: Great Tusk|Protosynthesis|[silent]
|switch|p2a: Zapdos|Zapdos, shiny|100/100
|switch|p1a: Moltres|Moltres|100/100
|
|-weather|Sandstorm|[upkeep]
|-damage|p2a: Zapdos|94/100|[from] Sandstorm
|-damage|p1a: Moltres|94/100|[from] Sandstorm
|upkeep
|turn|9
|
|t:|1779669717
|switch|p1a: Garganacl|Garganacl, M|100/100
|move|p2a: Zapdos|Volt Switch|p1a: Garganacl
|-damage|p1a: Garganacl|85/100
|
|t:|1779669721
|switch|p2a: Great Tusk|Great Tusk|80/100|[from] Volt Switch
|-damage|p2a: Great Tusk|77/100|[from] Stealth Rock
|
|-weather|Sandstorm|[upkeep]
|-heal|p1a: Garganacl|92/100|[from] item: Leftovers
|upkeep
|turn|10
|
|t:|1779669726
|-end|p2a: Great Tusk|Protosynthesis|[silent]
|switch|p2a: Zapdos|Zapdos, shiny|94/100
|switch|p1a: Moltres|Moltres|94/100
|
|-weather|none
|upkeep
|turn|11
|
|t:|1779669730
|switch|p1a: Garganacl|Garganacl, M|92/100
|move|p2a: Zapdos|Volt Switch|p1a: Garganacl
|-damage|p1a: Garganacl|69/100
|-message|yoki forfeited.
|
|win|bigtestsofbig
|raw|bigtestsofbig's rating: 1574 &rarr; <strong>1589</strong><br />(+15 for winning)
|raw|yoki's rating: 1478 &rarr; <strong>1463</strong><br />(-15 for losing)
|l|☆yoki
|player|p2|
|l|☆bigtestsofbig
|player|p1|
