|j|☆Marceliscool172010
|j|☆FitzyLegend
|t:|1779684192
|gametype|singles
|player|p1|Marceliscool172010|170|1302
|player|p2|FitzyLegend|hilbert|1348
|gen|9
|tier|[Gen 9] OU
|rated|
|rule|HP Percentage Mod: HP is shown in percentages
|rule|Endless Battle Clause: Forcing endless battles is banned
|rule|Species Clause: Limit one of each Pokémon
|rule|OHKO Clause: OHKO moves are banned
|rule|Evasion Items Clause: Evasion items are banned
|rule|Evasion Moves Clause: Evasion moves are banned
|rule|Evasion Abilities Clause: Evasion abilities are banned
|rule|Sleep Moves Clause: Sleep-inducing moves are banned
|clearpoke
|poke|p1|Raging Bolt|
|poke|p1|Dragonite, F|
|poke|p1|Kingambit, F|
|poke|p1|Great Tusk|
|poke|p1|Latias, F|
|poke|p1|Ceruledge, F|
|poke|p2|Hawlucha, M|
|poke|p2|Maushold-Four|
|poke|p2|Iron Valiant|
|poke|p2|Samurott-Hisui, M|
|poke|p2|Serperior, M|
|poke|p2|Gliscor, M|
|teampreview
|
|t:|1779684198
|teamsize|p1|6
|teamsize|p2|6
|start
|switch|p1a: Latias|Latias, F|100/100
|switch|p2a: Serperior|Serperior, M|100/100
|turn|1
|inactive|Battle timer is ON: inactive players will automatically lose when time's up. (requested by FitzyLegend)
|
|t:|1779684208
|move|p2a: Serperior|Glare|p1a: Latias
|-status|p1a: Latias|par
|move|p1a: Latias|Agility|p1a: Latias
|-boost|p1a: Latias|spe|2
|
|upkeep
|turn|2
|
|t:|1779684220
|move|p2a: Serperior|Substitute|p2a: Serperior
|-start|p2a: Serperior|Substitute
|-damage|p2a: Serperior|75/100
|move|p1a: Latias|Calm Mind|p1a: Latias
|-boost|p1a: Latias|spa|1
|-boost|p1a: Latias|spd|1
|
|-heal|p2a: Serperior|82/100|[from] item: Leftovers
|upkeep
|turn|3
|
|t:|1779684229
|move|p2a: Serperior|Leaf Storm|p1a: Latias
|-resisted|p1a: Latias
|-damage|p1a: Latias|89/100 par
|-boost|p2a: Serperior|spa|2
|move|p1a: Latias|Aura Sphere|p2a: Serperior
|-end|p2a: Serperior|Substitute
|
|-heal|p2a: Serperior|88/100|[from] item: Leftovers
|upkeep
|turn|4
|
|t:|1779684245
|move|p2a: Serperior|Dragon Pulse|p1a: Latias
|-supereffective|p1a: Latias
|-damage|p1a: Latias|44/100 par
|-enditem|p1a: Latias|Weakness Policy
|-boost|p1a: Latias|atk|2|[from] item: Weakness Policy
|-boost|p1a: Latias|spa|2|[from] item: Weakness Policy
|move|p1a: Latias|Stored Power|p2a: Serperior
|-damage|p2a: Serperior|0 fnt
|faint|p2a: Serperior
|
|upkeep
|
|t:|1779684255
|switch|p2a: Samurott|Samurott-Hisui, M|100/100
|turn|5
|
|t:|1779684259
|-terastallize|p1a: Latias|Steel
|move|p2a: Samurott|Ceaseless Edge|p1a: Latias
|-damage|p1a: Latias|8/100 par
|-sidestart|p1: Marceliscool172010|Spikes
|move|p1a: Latias|Aura Sphere|p2a: Samurott
|-supereffective|p2a: Samurott
|-enditem|p2a: Samurott|Focus Sash
|-damage|p2a: Samurott|1/100
|
|upkeep
|turn|6
|
|t:|1779684276
|move|p2a: Samurott|Aqua Cutter|p1a: Latias
|-damage|p1a: Latias|0 fnt
|faint|p1a: Latias
|
|upkeep
|inactive|Marceliscool172010 has 120 seconds left.
|
|t:|1779684322
|switch|p1a: Dragonite|Dragonite, F|100/100
|turn|7
|
|t:|1779684337
|-terastallize|p2a: Samurott|Ghost
|move|p1a: Dragonite|Extreme Speed|p2a: Samurott
|-immune|p2a: Samurott
|move|p2a: Samurott|Encore|p1a: Dragonite
|-start|p1a: Dragonite|Encore
|
|upkeep
|turn|8
|inactive|Marceliscool172010 has 120 seconds left.
|c|☆FitzyLegend|READ
|inactive|Marceliscool172010 has 90 seconds left.
|
|t:|1779684387
|switch|p1a: Ceruledge|Ceruledge, F|100/100
|-damage|p1a: Ceruledge|88/100|[from] Spikes
|move|p2a: Samurott|Ceaseless Edge|p1a: Ceruledge
|-supereffective|p1a: Ceruledge
|-damage|p1a: Ceruledge|0 fnt
|-sidestart|p1: Marceliscool172010|Spikes
|faint|p1a: Ceruledge
|
|upkeep
|-message|Marceliscool172010 forfeited.
|
|win|FitzyLegend
|raw|Marceliscool172010's rating: 1302 &rarr; <strong>1285</strong><br />(-17 for losing)
|raw|FitzyLegend's rating: 1348 &rarr; <strong>1365</strong><br />(+17 for winning)
|c|☆FitzyLegend|Bang
|l|☆Marceliscool172010
|player|p1|
|l|☆FitzyLegend
|player|p2|
