|j|☆Esiroi974
|j|☆Nonchalant_Chef
|t:|1779656509
|gametype|singles
|player|p1|Esiroi974|lucas|1146
|player|p2|Nonchalant_Chef|waiter-gen4dp|1145
|gen|9
|tier|[Gen 9] OU
|rated|
|rule|HP Percentage Mod: HP is shown in percentages
|rule|Endless Battle Clause: Forcing endless battles is banned
|rule|Species Clause: Limit one of each Pokémon
|rule|OHKO Clause: OHKO moves are banned
|rule|Evasion Items Clause: Evasion items are banned
|rule|Evasion Moves Clause: Evasion moves are banned
|rule|Evasion Abilities Clause: Evasion abilities are banned
|rule|Sleep Moves Clause: Sleep-inducing moves are banned
|clearpoke
|poke|p1|Garganacl, M|
|poke|p1|Weezing-Galar, F|
|poke|p1|Corviknight, M|
|poke|p1|Dragapult, M|
|poke|p1|Slowking-Galar, M|
|poke|p1|Samurott-Hisui, F|
|poke|p2|Scrafty, F|
|poke|p2|Inteleon, F|
|poke|p2|Kricketune, M|
|poke|p2|Misdreavus, M|
|poke|p2|Komala, F|
|poke|p2|Bastiodon, F|
|teampreview
|inactive|Battle timer is ON: inactive players will automatically lose when time's up. (requested by Nonchalant_Chef)
|inactive|Esiroi974 also wants the timer to be on.
|
|t:|1779656524
|teamsize|p1|6
|teamsize|p2|6
|start
|switch|p1a: Insulin Spike|Samurott-Hisui, F|100/100
|switch|p2a: Kricketune|Kricketune, M|100/100
|turn|1
|
|t:|1779656536
|move|p1a: Insulin Spike|Flip Turn|p2a: Kricketune
|-damage|p2a: Kricketune|40/100
|
|t:|1779656540
|switch|p1a: Kidney Stones|Garganacl, M|100/100|[from] Flip Turn
|move|p2a: Kricketune|Pounce|p1a: Kidney Stones
|-damage|p1a: Kidney Stones|88/100
|-unboost|p1a: Kidney Stones|spe|1
|
|-heal|p1a: Kidney Stones|94/100|[from] item: Leftovers
|upkeep
|turn|2
|
|t:|1779656550
|move|p2a: Kricketune|Sticky Web|p1a: Kidney Stones
|-sidestart|p1: Esiroi974|move: Sticky Web
|move|p1a: Kidney Stones|Stealth Rock|p2a: Kricketune
|-sidestart|p2: Nonchalant_Chef|move: Stealth Rock
|
|-heal|p1a: Kidney Stones|99/100|[from] item: Leftovers
|upkeep
|turn|3
|
|t:|1779656555
|move|p2a: Kricketune|Knock Off|p1a: Kidney Stones
|-damage|p1a: Kidney Stones|82/100
|-enditem|p1a: Kidney Stones|Leftovers|[from] move: Knock Off|[of] p2a: Kricketune
|move|p1a: Kidney Stones|Salt Cure|p2a: Kricketune
|-supereffective|p2a: Kricketune
|-damage|p2a: Kricketune|0 fnt
|faint|p2a: Kricketune
|
|upkeep
|
|t:|1779656561
|switch|p2a: Inteleon|Inteleon, F|100/100
|-damage|p2a: Inteleon|88/100|[from] Stealth Rock
|turn|4
|
|t:|1779656567
|switch|p1a: Cancer|Slowking-Galar, M|100/100
|-activate|p1a: Cancer|move: Sticky Web
|-unboost|p1a: Cancer|spe|1
|move|p2a: Inteleon|Snipe Shot|p1a: Cancer
|-crit|p1a: Cancer
|-damage|p1a: Cancer|62/100
|
|upkeep
|turn|5
|
|t:|1779656576
|move|p2a: Inteleon|Taunt|p1a: Cancer
|-start|p1a: Cancer|move: Taunt
|move|p1a: Cancer|Sludge Bomb|p2a: Inteleon
|-damage|p2a: Inteleon|28/100
|-status|p2a: Inteleon|psn
|
|-damage|p2a: Inteleon|15/100 psn|[from] psn
|upkeep
|turn|6
|
|t:|1779656586
|move|p2a: Inteleon|U-turn|p1a: Cancer
|-damage|p1a: Cancer|50/100
|
|t:|1779656588
|switch|p2a: Komala|Komala, F|100/100|[from] U-turn
|-damage|p2a: Komala|88/100|[from] Stealth Rock
|-ability|p2a: Komala|Comatose
|move|p1a: Cancer|Future Sight|p2a: Komala
|-start|p1a: Cancer|move: Future Sight
|
|upkeep
|turn|7
|
|t:|1779656596
|switch|p1a: AIDS|Weezing-Galar, F|100/100
|-ability|p1a: AIDS|Neutralizing Gas
|-activate|p1a: AIDS|move: Sticky Web
|-unboost|p1a: AIDS|spe|1
|move|p2a: Komala|Knock Off|p1a: AIDS
|-resisted|p1a: AIDS
|-damage|p1a: AIDS|89/100
|-enditem|p1a: AIDS|Black Sludge|[from] move: Knock Off|[of] p2a: Komala
|
|upkeep
|turn|8
|
|t:|1779656605
|move|p2a: Komala|Rapid Spin|p1a: AIDS
|-damage|p1a: AIDS|73/100
|-boost|p2a: Komala|spe|1
|-sideend|p2: Nonchalant_Chef|Stealth Rock|[from] move: Rapid Spin|[of] p2a: Komala
|move|p1a: AIDS|Will-O-Wisp|p2a: Komala
|-immune|p2a: Komala|[from] ability: Comatose
|
|-end|p2a: Komala|move: Future Sight
|-damage|p2a: Komala|54/100
|upkeep
|turn|9
|
|t:|1779656617
|move|p2a: Komala|Body Slam|p1a: AIDS
|-damage|p1a: AIDS|42/100
|move|p1a: AIDS|Defog|p2a: Komala
|-unboost|p2a: Komala|evasion|1
|-sideend|p1: Esiroi974|Sticky Web|[from] move: Defog|[of] p1a: AIDS
|
|upkeep
|turn|10
|
|t:|1779656629
|-end|p1a: AIDS|ability: Neutralizing Gas
|switch|p1a: Blood Pressure|Corviknight, M|100/100
|-ability|p1a: Blood Pressure|Pressure
|move|p2a: Komala|Knock Off|p1a: Blood Pressure
|-damage|p1a: Blood Pressure|80/100
|-damage|p2a: Komala|37/100|[from] item: Rocky Helmet|[of] p1a: Blood Pressure
|-enditem|p1a: Blood Pressure|Rocky Helmet|[from] move: Knock Off|[of] p2a: Komala
|
|upkeep
|turn|11
|
|t:|1779656639
|switch|p2a: Misdreavus|Misdreavus, M|100/100
|move|p1a: Blood Pressure|Body Press|p2a: Misdreavus
|-immune|p2a: Misdreavus
|
|upkeep
|turn|12
|
|t:|1779656648
|switch|p1a: Kidney Stones|Garganacl, M|82/100
|move|p2a: Misdreavus|Will-O-Wisp|p1a: Kidney Stones
|-immune|p1a: Kidney Stones|[from] ability: Purifying Salt
|
|upkeep
|turn|13
|
|t:|1779656655
|switch|p2a: Inteleon|Inteleon, F|15/100 psn
|move|p1a: Kidney Stones|Stealth Rock|p2a: Inteleon
|-sidestart|p2: Nonchalant_Chef|move: Stealth Rock
|
|-damage|p2a: Inteleon|3/100 psn|[from] psn
|upkeep
|turn|14
|
|t:|1779656661
|move|p1a: Kidney Stones|Protect|p1a: Kidney Stones
|-singleturn|p1a: Kidney Stones|Protect
|move|p2a: Inteleon|Snipe Shot|p1a: Kidney Stones
|-activate|p1a: Kidney Stones|move: Protect
|
|-damage|p2a: Inteleon|0 fnt|[from] psn
|faint|p2a: Inteleon
|upkeep
|
|t:|1779656665
|switch|p2a: Scrafty|Scrafty, F|100/100
|-damage|p2a: Scrafty|95/100|[from] Stealth Rock
|turn|15
|
|t:|1779656671
|switch|p1a: AIDS|Weezing-Galar, F|42/100
|-ability|p1a: AIDS|Neutralizing Gas
|move|p2a: Scrafty|Dragon Dance|p2a: Scrafty
|-boost|p2a: Scrafty|atk|1
|-boost|p2a: Scrafty|spe|1
|
|-heal|p2a: Scrafty|100/100|[from] item: Leftovers
|upkeep
|turn|16
|
|t:|1779656686
|-terastallize|p2a: Scrafty|Poison
|move|p2a: Scrafty|Dragon Dance|p2a: Scrafty
|-boost|p2a: Scrafty|atk|1
|-boost|p2a: Scrafty|spe|1
|move|p1a: AIDS|Will-O-Wisp|p2a: Scrafty
|-status|p2a: Scrafty|brn
|
|-damage|p2a: Scrafty|95/100 brn|[from] brn
|upkeep
|turn|17
|
|t:|1779656697
|move|p2a: Scrafty|Dragon Dance|p2a: Scrafty
|-boost|p2a: Scrafty|atk|1
|-boost|p2a: Scrafty|spe|1
|move|p1a: AIDS|Pain Split|p2a: Scrafty
|-sethp|p2a: Scrafty|73/100 brn|[from] move: Pain Split|[silent]
|-sethp|p1a: AIDS|59/100|[from] move: Pain Split
|
|-heal|p2a: Scrafty|79/100 brn|[from] item: Leftovers
|-damage|p2a: Scrafty|73/100 brn|[from] brn
|upkeep
|turn|18
|
|t:|1779656710
|-end|p1a: AIDS|ability: Neutralizing Gas
|switch|p1a: Blood Pressure|Corviknight, M|80/100
|-ability|p1a: Blood Pressure|Pressure
|move|p2a: Scrafty|Dragon Dance|p2a: Scrafty
|-boost|p2a: Scrafty|atk|1
|-boost|p2a: Scrafty|spe|1
|
|-heal|p2a: Scrafty|79/100 brn|[from] item: Leftovers
|-damage|p2a: Scrafty|73/100 brn|[from] brn
|upkeep
|turn|19
|
|t:|1779656724
|move|p2a: Scrafty|Drain Punch|p1a: Blood Pressure
|-damage|p1a: Blood Pressure|53/100
|-heal|p2a: Scrafty|93/100 brn|[from] drain|[of] p1a: Blood Pressure
|move|p1a: Blood Pressure|Iron Defense|p1a: Blood Pressure
|-boost|p1a: Blood Pressure|def|2
|
|-heal|p2a: Scrafty|99/100 brn|[from] item: Leftovers
|-damage|p2a: Scrafty|93/100 brn|[from] brn
|upkeep
|turn|20
|
|t:|1779656736
|move|p2a: Scrafty|Dragon Dance|p2a: Scrafty
|-boost|p2a: Scrafty|atk|1
|-boost|p2a: Scrafty|spe|1
|move|p1a: Blood Pressure|Iron Defense|p1a: Blood Pressure
|-boost|p1a: Blood Pressure|def|2
|
|-heal|p2a: Scrafty|99/100 brn|[from] item: Leftovers
|-damage|p2a: Scrafty|93/100 brn|[from] brn
|upkeep
|turn|21
|
|t:|1779656744
|move|p2a: Scrafty|Dragon Dance|p2a: Scrafty
|-boost|p2a: Scrafty|atk|1
|-boost|p2a: Scrafty|spe|1
|move|p1a: Blood Pressure|Iron Defense|p1a: Blood Pressure
|-boost|p1a: Blood Pressure|def|2
|
|-heal|p2a: Scrafty|99/100 brn|[from] item: Leftovers
|-damage|p2a: Scrafty|93/100 brn|[from] brn
|upkeep
|turn|22
|
|t:|1779656751
|move|p2a: Scrafty|Drain Punch|p1a: Blood Pressure
|-damage|p1a: Blood Pressure|43/100
|-heal|p2a: Scrafty|99/100 brn|[from] drain|[of] p1a: Blood Pressure
|move|p1a: Blood Pressure|Roost|p1a: Blood Pressure
|-heal|p1a: Blood Pressure|93/100
|-singleturn|p1a: Blood Pressure|move: Roost
|
|-activate|p2a: Scrafty|ability: Shed Skin
|-curestatus|p2a: Scrafty|brn|[msg]
|-heal|p2a: Scrafty|100/100|[from] item: Leftovers
|upkeep
|turn|23
|
|t:|1779656764
|move|p2a: Scrafty|Drain Punch|p1a: Blood Pressure
|-damage|p1a: Blood Pressure|74/100
|move|p1a: Blood Pressure|Body Press|p2a: Scrafty
|-resisted|p2a: Scrafty
|-damage|p2a: Scrafty|39/100
|
|-heal|p2a: Scrafty|44/100|[from] item: Leftovers
|upkeep
|turn|24
|
|t:|1779656771
|move|p2a: Scrafty|Drain Punch|p1a: Blood Pressure
|-damage|p1a: Blood Pressure|54/100
|-heal|p2a: Scrafty|60/100|[from] drain|[of] p1a: Blood Pressure
|move|p1a: Blood Pressure|Brave Bird|p2a: Scrafty
|-damage|p2a: Scrafty|17/100
|-damage|p1a: Blood Pressure|44/100|[from] Recoil
|
|-heal|p2a: Scrafty|23/100|[from] item: Leftovers
|upkeep
|turn|25
|
|t:|1779656781
|move|p2a: Scrafty|Drain Punch|p1a: Blood Pressure
|-damage|p1a: Blood Pressure|25/100
|-heal|p2a: Scrafty|37/100|[from] drain|[of] p1a: Blood Pressure
|move|p1a: Blood Pressure|Roost|p1a: Blood Pressure
|-heal|p1a: Blood Pressure|75/100
|-singleturn|p1a: Blood Pressure|move: Roost
|
|-heal|p2a: Scrafty|43/100|[from] item: Leftovers
|upkeep
|turn|26
|
|t:|1779656790
|move|p2a: Scrafty|Drain Punch|p1a: Blood Pressure
|-damage|p1a: Blood Pressure|54/100
|-heal|p2a: Scrafty|59/100|[from] drain|[of] p1a: Blood Pressure
|move|p1a: Blood Pressure|Body Press|p2a: Scrafty
|-resisted|p2a: Scrafty
|-damage|p2a: Scrafty|2/100
|
|-heal|p2a: Scrafty|8/100|[from] item: Leftovers
|upkeep
|turn|27
|
|t:|1779656799
|move|p2a: Scrafty|Drain Punch|p1a: Blood Pressure
|-damage|p1a: Blood Pressure|34/100
|-heal|p2a: Scrafty|23/100|[from] drain|[of] p1a: Blood Pressure
|move|p1a: Blood Pressure|Body Press|p2a: Scrafty
|-resisted|p2a: Scrafty
|-damage|p2a: Scrafty|0 fnt
|faint|p2a: Scrafty
|
|upkeep
|
|t:|1779656807
|switch|p2a: Misdreavus|Misdreavus, M|100/100
|-damage|p2a: Misdreavus|88/100|[from] Stealth Rock
|turn|28
|
|t:|1779656812
|switch|p2a: Bastiodon|Bastiodon, F|100/100
|-damage|p2a: Bastiodon|94/100|[from] Stealth Rock
|-item|p2a: Bastiodon|Air Balloon
|switch|p1a: Kidney Stones|Garganacl, M|82/100
|
|upkeep
|turn|29
|
|t:|1779656820
|move|p1a: Kidney Stones|Salt Cure|p2a: Bastiodon
|-resisted|p2a: Bastiodon
|-damage|p2a: Bastiodon|91/100
|-start|p2a: Bastiodon|Salt Cure
|-enditem|p2a: Bastiodon|Air Balloon
|move|p2a: Bastiodon|Stealth Rock|p1a: Kidney Stones
|-sidestart|p1: Esiroi974|move: Stealth Rock
|
|-damage|p2a: Bastiodon|66/100|[from] Salt Cure
|upkeep
|turn|30
|
|t:|1779656832
|switch|p1a: Blood Pressure|Corviknight, M|34/100
|-damage|p1a: Blood Pressure|21/100|[from] Stealth Rock
|-ability|p1a: Blood Pressure|Pressure
|move|p2a: Bastiodon|Body Press|p1a: Blood Pressure
|-damage|p1a: Blood Pressure|0 fnt
|faint|p1a: Blood Pressure
|
|-damage|p2a: Bastiodon|41/100|[from] Salt Cure
|upkeep
|
|t:|1779656851
|switch|p1a: Heart Attack|Dragapult, M|100/100
|turn|31
|
|t:|1779656859
|move|p1a: Heart Attack|Will-O-Wisp|p2a: Bastiodon
|-status|p2a: Bastiodon|brn
|move|p2a: Bastiodon|Metal Burst||[still]
|-fail|p2a: Bastiodon
|
|-damage|p2a: Bastiodon|34/100 brn|[from] brn
|-damage|p2a: Bastiodon|9/100 brn|[from] Salt Cure
|upkeep
|turn|32
|
|t:|1779656867
|move|p1a: Heart Attack|Hex|p2a: Bastiodon
|-damage|p2a: Bastiodon|0 fnt
|faint|p2a: Bastiodon
|
|upkeep
|
|t:|1779656871
|switch|p2a: Komala|Komala, F|37/100
|-damage|p2a: Komala|25/100|[from] Stealth Rock
|-ability|p2a: Komala|Comatose
|turn|33
|
|t:|1779656876
|move|p1a: Heart Attack|Dragon Darts|p2a: Komala
|-damage|p2a: Komala|0 fnt
|faint|p2a: Komala
|
|upkeep
|
|t:|1779656879
|switch|p2a: Misdreavus|Misdreavus, M|88/100
|-damage|p2a: Misdreavus|76/100|[from] Stealth Rock
|turn|34
|
|t:|1779656887
|move|p1a: Heart Attack|Will-O-Wisp|p2a: Misdreavus|[miss]
|-miss|p1a: Heart Attack|p2a: Misdreavus
|move|p2a: Misdreavus|Calm Mind|p2a: Misdreavus
|-boost|p2a: Misdreavus|spa|1
|-boost|p2a: Misdreavus|spd|1
|
|upkeep
|turn|35
|
|t:|1779656893
|move|p1a: Heart Attack|Will-O-Wisp|p2a: Misdreavus
|-status|p2a: Misdreavus|brn
|move|p2a: Misdreavus|Draining Kiss|p1a: Heart Attack
|-supereffective|p1a: Heart Attack
|-damage|p1a: Heart Attack|38/100
|-heal|p2a: Misdreavus|100/100 brn|[from] drain|[of] p1a: Heart Attack
|
|-damage|p2a: Misdreavus|94/100 brn|[from] brn
|upkeep
|turn|36
|
|t:|1779656902
|move|p1a: Heart Attack|Hex|p2a: Misdreavus
|-supereffective|p2a: Misdreavus
|-damage|p2a: Misdreavus|44/100 brn
|move|p2a: Misdreavus|Draining Kiss|p1a: Heart Attack
|-supereffective|p1a: Heart Attack
|-damage|p1a: Heart Attack|0 fnt
|-heal|p2a: Misdreavus|72/100 brn|[from] drain|[of] p1a: Heart Attack
|faint|p1a: Heart Attack
|
|-damage|p2a: Misdreavus|66/100 brn|[from] brn
|upkeep
|
|t:|1779656911
|switch|p1a: Insulin Spike|Samurott-Hisui, F|100/100
|-damage|p1a: Insulin Spike|88/100|[from] Stealth Rock
|turn|37
|
|t:|1779656914
|move|p1a: Insulin Spike|Knock Off|p2a: Misdreavus
|-supereffective|p2a: Misdreavus
|-damage|p2a: Misdreavus|0 fnt
|-enditem|p2a: Misdreavus|Eviolite|[from] move: Knock Off|[of] p1a: Insulin Spike
|faint|p2a: Misdreavus
|
|win|Esiroi974
|raw|Esiroi974's rating: 1170 &rarr; <strong>1193</strong><br />(+23 for winning)
|raw|Nonchalant_Chef's rating: 1145 &rarr; <strong>1122</strong><br />(-23 for losing)
|l|☆Nonchalant_Chef
|player|p2|
|l|☆Esiroi974
|player|p1|
