|j|☆cyndaquilhat
|j|☆Lryuzaki13
|t:|1779599780
|gametype|singles
|player|p1|cyndaquilhat|backpackerf|1357
|player|p2|Lryuzaki13|101|1350
|gen|9
|tier|[Gen 9] OU
|rated|
|rule|HP Percentage Mod: HP is shown in percentages
|rule|Endless Battle Clause: Forcing endless battles is banned
|rule|Species Clause: Limit one of each Pokémon
|rule|OHKO Clause: OHKO moves are banned
|rule|Evasion Items Clause: Evasion items are banned
|rule|Evasion Moves Clause: Evasion moves are banned
|rule|Evasion Abilities Clause: Evasion abilities are banned
|rule|Sleep Moves Clause: Sleep-inducing moves are banned
|clearpoke
|poke|p1|Diancie|
|poke|p1|Blaziken, F|
|poke|p1|Oricorio-Pom-Pom, F|
|poke|p1|Cinderace, M|
|poke|p1|Regidrago|
|poke|p1|Ursaluna, M|
|poke|p2|Samurott-Hisui, F|
|poke|p2|Gholdengo|
|poke|p2|Great Tusk|
|poke|p2|Kingambit, M|
|poke|p2|Corviknight, M|
|poke|p2|Iron Valiant|
|teampreview
|inactive|Battle timer is ON: inactive players will automatically lose when time's up. (requested by cyndaquilhat)
|
|t:|1779599794
|teamsize|p1|6
|teamsize|p2|6
|start
|switch|p1a: Cinderace|Cinderace, M|100/100
|switch|p2a: Rook|Samurott-Hisui, F|100/100
|turn|1
|
|t:|1779599805
|move|p1a: Cinderace|High Jump Kick|p2a: Rook
|-start|p1a: Cinderace|typechange|Fighting|[from] ability: Libero
|-supereffective|p2a: Rook
|-damage|p2a: Rook|0 fnt
|faint|p2a: Rook
|
|upkeep
|
|t:|1779599808
|switch|p2a: Corviknight|Corviknight, M|100/100
|-ability|p2a: Corviknight|Pressure
|turn|2
|
|t:|1779599816
|switch|p1a: Oricorio|Oricorio-Pom-Pom, F|100/100
|move|p2a: Corviknight|Iron Defense|p2a: Corviknight
|-boost|p2a: Corviknight|def|2
|
|upkeep
|turn|3
|
|t:|1779599824
|move|p1a: Oricorio|Quiver Dance|p1a: Oricorio
|-boost|p1a: Oricorio|spa|1
|-boost|p1a: Oricorio|spd|1
|-boost|p1a: Oricorio|spe|1
|move|p2a: Corviknight|Iron Defense|p2a: Corviknight
|-boost|p2a: Corviknight|def|2
|
|upkeep
|turn|4
|
|t:|1779599834
|move|p1a: Oricorio|Revelation Dance|p2a: Corviknight
|-supereffective|p2a: Corviknight
|-damage|p2a: Corviknight|2/100
|move|p2a: Corviknight|Body Press|p1a: Oricorio
|-resisted|p1a: Oricorio
|-damage|p1a: Oricorio|60/100
|
|-heal|p2a: Corviknight|8/100|[from] item: Leftovers
|upkeep
|turn|5
|
|t:|1779599846
|move|p1a: Oricorio|Revelation Dance|p2a: Corviknight
|-supereffective|p2a: Corviknight
|-damage|p2a: Corviknight|0 fnt
|faint|p2a: Corviknight
|
|upkeep
|
|t:|1779599852
|switch|p2a: Gholdengo|Gholdengo|100/100
|-item|p2a: Gholdengo|Air Balloon
|turn|6
|
|t:|1779599855
|move|p1a: Oricorio|Revelation Dance|p2a: Gholdengo
|-damage|p2a: Gholdengo|45/100
|-enditem|p2a: Gholdengo|Air Balloon
|move|p2a: Gholdengo|Shadow Ball|p1a: Oricorio
|-damage|p1a: Oricorio|23/100
|
|upkeep
|turn|7
|
|t:|1779599862
|move|p1a: Oricorio|Roost|p1a: Oricorio
|-heal|p1a: Oricorio|73/100
|-singleturn|p1a: Oricorio|move: Roost
|move|p2a: Gholdengo|Shadow Ball|p1a: Oricorio
|-damage|p1a: Oricorio|36/100
|-unboost|p1a: Oricorio|spd|1
|
|upkeep
|turn|8
|
|t:|1779599877
|move|p1a: Oricorio|Revelation Dance|p2a: Gholdengo
|-damage|p2a: Gholdengo|0 fnt
|faint|p2a: Gholdengo
|
|upkeep
|
|t:|1779599884
|switch|p2a: Iron Valiant|Iron Valiant|100/100
|-enditem|p2a: Iron Valiant|Booster Energy
|-activate|p2a: Iron Valiant|ability: Quark Drive|[fromitem]
|-start|p2a: Iron Valiant|quarkdrivespe
|turn|9
|
|t:|1779599887
|move|p2a: Iron Valiant|Calm Mind|p2a: Iron Valiant
|-boost|p2a: Iron Valiant|spa|1
|-boost|p2a: Iron Valiant|spd|1
|move|p1a: Oricorio|Hurricane|p2a: Iron Valiant|[miss]
|-miss|p1a: Oricorio|p2a: Iron Valiant
|
|upkeep
|turn|10
|
|t:|1779599894
|-terastallize|p2a: Iron Valiant|Fairy
|move|p2a: Iron Valiant|Calm Mind|p2a: Iron Valiant
|-boost|p2a: Iron Valiant|spa|1
|-boost|p2a: Iron Valiant|spd|1
|move|p1a: Oricorio|Hurricane|p2a: Iron Valiant|[miss]
|-miss|p1a: Oricorio|p2a: Iron Valiant
|
|upkeep
|turn|11
|
|t:|1779599898
|move|p2a: Iron Valiant|Calm Mind|p2a: Iron Valiant
|-boost|p2a: Iron Valiant|spa|1
|-boost|p2a: Iron Valiant|spd|1
|move|p1a: Oricorio|Roost|p1a: Oricorio
|-heal|p1a: Oricorio|86/100
|-singleturn|p1a: Oricorio|move: Roost
|
|upkeep
|turn|12
|
|t:|1779599911
|move|p2a: Iron Valiant|Calm Mind|p2a: Iron Valiant
|-boost|p2a: Iron Valiant|spa|1
|-boost|p2a: Iron Valiant|spd|1
|move|p1a: Oricorio|Quiver Dance|p1a: Oricorio
|-boost|p1a: Oricorio|spa|1
|-boost|p1a: Oricorio|spd|1
|-boost|p1a: Oricorio|spe|1
|
|upkeep
|turn|13
|
|t:|1779599926
|move|p2a: Iron Valiant|Moonblast|p1a: Oricorio
|-damage|p1a: Oricorio|0 fnt
|faint|p1a: Oricorio
|
|upkeep
|
|t:|1779599931
|switch|p1a: Diancie|Diancie|100/100
|turn|14
|
|t:|1779599935
|move|p2a: Iron Valiant|Moonblast|p1a: Diancie
|-damage|p1a: Diancie|0 fnt
|faint|p1a: Diancie
|
|upkeep
|
|t:|1779599941
|switch|p1a: Cinderace|Cinderace, M|100/100
|turn|15
|
|t:|1779599945
|move|p2a: Iron Valiant|Shadow Ball|p1a: Cinderace
|-damage|p1a: Cinderace|0 fnt
|faint|p1a: Cinderace
|
|upkeep
|-message|cyndaquilhat forfeited.
|
|win|Lryuzaki13
|raw|cyndaquilhat's rating: 1357 &rarr; <strong>1337</strong><br />(-20 for losing)
|raw|Lryuzaki13's rating: 1350 &rarr; <strong>1370</strong><br />(+20 for winning)
|l|☆cyndaquilhat
|player|p1|
|l|☆Lryuzaki13
|player|p2|
