|j|☆DracoDropperDaquan
|j|☆magicsalt
|t:|1779630648
|gametype|singles
|player|p1|DracoDropperDaquan|hoopster|1172
|player|p2|magicsalt|clair|1114
|gen|9
|tier|[Gen 9] OU
|rated|
|rule|HP Percentage Mod: HP is shown in percentages
|rule|Endless Battle Clause: Forcing endless battles is banned
|rule|Species Clause: Limit one of each Pokémon
|rule|OHKO Clause: OHKO moves are banned
|rule|Evasion Items Clause: Evasion items are banned
|rule|Evasion Moves Clause: Evasion moves are banned
|rule|Evasion Abilities Clause: Evasion abilities are banned
|rule|Sleep Moves Clause: Sleep-inducing moves are banned
|clearpoke
|poke|p1|Mimikyu, F|
|poke|p1|Ting-Lu|
|poke|p1|Gholdengo|
|poke|p1|Iron Treads|
|poke|p1|Zamazenta-*|
|poke|p1|Ogerpon-Wellspring, F|
|poke|p2|Salazzle, F|
|poke|p2|Glimmora, M|
|poke|p2|Weezing-Galar, F|
|poke|p2|Toxapex, M|
|poke|p2|Blaziken, F|
|poke|p2|Blissey, F|
|teampreview
|
|t:|1779630662
|teamsize|p1|6
|teamsize|p2|6
|start
|switch|p1a: Iron Treads|Iron Treads|100/100
|switch|p2a: A roc|Glimmora, M, shiny|100/100
|turn|1
|
|t:|1779630670
|move|p2a: A roc|Toxic|p1a: Iron Treads
|-status|p1a: Iron Treads|tox
|move|p1a: Iron Treads|Rapid Spin|p2a: A roc
|-resisted|p2a: A roc
|-damage|p2a: A roc|91/100
|-boost|p1a: Iron Treads|spe|1
|
|-damage|p1a: Iron Treads|94/100 tox|[from] psn
|upkeep
|turn|2
|
|t:|1779630681
|move|p2a: A roc|Spiky Shield|p2a: A roc
|-singleturn|p2a: A roc|move: Protect
|move|p1a: Iron Treads|Earthquake|p2a: A roc
|-activate|p2a: A roc|move: Protect
|
|-heal|p1a: Iron Treads|100/100 tox|[from] item: Leftovers
|-damage|p1a: Iron Treads|88/100 tox|[from] psn
|upkeep
|turn|3
|
|t:|1779630689
|switch|p2a: Lung cancer|Weezing-Galar, F|100/100
|move|p1a: Iron Treads|Earthquake|p2a: Lung cancer
|-immune|p2a: Lung cancer|[from] ability: Levitate
|
|-heal|p1a: Iron Treads|94/100 tox|[from] item: Leftovers
|-damage|p1a: Iron Treads|75/100 tox|[from] psn
|upkeep
|turn|4
|
|t:|1779630698
|move|p2a: Lung cancer|Protect|p2a: Lung cancer
|-singleturn|p2a: Lung cancer|Protect
|move|p1a: Iron Treads|Iron Head|p2a: Lung cancer
|-activate|p2a: Lung cancer|move: Protect
|
|-heal|p1a: Iron Treads|82/100 tox|[from] item: Leftovers
|-damage|p1a: Iron Treads|57/100 tox|[from] psn
|upkeep
|turn|5
|-message|DracoDropperDaquan forfeited.
|
|win|magicsalt
|raw|DracoDropperDaquan's rating: 1172 &rarr; <strong>1143</strong><br />(-29 for losing)
|raw|magicsalt's rating: 1114 &rarr; <strong>1143</strong><br />(+29 for winning)
|l|☆DracoDropperDaquan
|player|p1|
