|j|☆Flexliks
|j|☆panzershock
|t:|1779616270
|gametype|singles
|player|p1|Flexliks|bruno|1301
|player|p2|panzershock|266|1294
|gen|9
|tier|[Gen 9] OU
|rated|
|rule|HP Percentage Mod: HP is shown in percentages
|rule|Endless Battle Clause: Forcing endless battles is banned
|rule|Species Clause: Limit one of each Pokémon
|rule|OHKO Clause: OHKO moves are banned
|rule|Evasion Items Clause: Evasion items are banned
|rule|Evasion Moves Clause: Evasion moves are banned
|rule|Evasion Abilities Clause: Evasion abilities are banned
|rule|Sleep Moves Clause: Sleep-inducing moves are banned
|clearpoke
|poke|p1|Blaziken, M|
|poke|p1|Landorus-Therian, M|
|poke|p1|Dragapult, M|
|poke|p1|Corviknight, F|
|poke|p1|Primarina, F|
|poke|p1|Gliscor, M|
|poke|p2|Pawmot, F|
|poke|p2|Persian-Alola, F|
|poke|p2|Noctowl, M|
|poke|p2|Decidueye-Hisui, M|
|poke|p2|Vikavolt, M|
|poke|p2|Palossand, M|
|teampreview
|
|t:|1779616311
|teamsize|p1|6
|teamsize|p2|6
|start
|switch|p1a: Landorus|Landorus-Therian, M|100/100
|switch|p2a: Pawmot|Pawmot, F|100/100
|-ability|p1a: Landorus|Intimidate|boost
|-unboost|p2a: Pawmot|atk|1
|turn|1
|
|t:|1779616328
|move|p2a: Pawmot|Bulk Up|p2a: Pawmot
|-boost|p2a: Pawmot|atk|1
|-boost|p2a: Pawmot|def|1
|move|p1a: Landorus|Stealth Rock|p2a: Pawmot
|-sidestart|p2: panzershock|move: Stealth Rock
|
|upkeep
|turn|2
|
|t:|1779616333
|move|p2a: Pawmot|Ice Punch|p1a: Landorus
|-supereffective|p1a: Landorus
|-crit|p1a: Landorus
|-damage|p1a: Landorus|0 fnt
|faint|p1a: Landorus
|
|upkeep
|
|t:|1779616357
|switch|p1a: Dragapult|Dragapult, M|100/100
|turn|3
|
|t:|1779616364
|move|p1a: Dragapult|Draco Meteor|p2a: Pawmot
|-damage|p2a: Pawmot|0 fnt
|-unboost|p1a: Dragapult|spa|2
|faint|p2a: Pawmot
|
|upkeep
|
|t:|1779616374
|switch|p2a: Palossand|Palossand, M|100/100
|-damage|p2a: Palossand|94/100|[from] Stealth Rock
|turn|4
|
|t:|1779616390
|switch|p1a: Corviknight|Corviknight, F|100/100
|-ability|p1a: Corviknight|Pressure
|move|p2a: Palossand|Hex|p1a: Corviknight
|-damage|p1a: Corviknight|74/100
|
|-heal|p2a: Palossand|100/100|[from] item: Leftovers
|upkeep
|turn|5
|
|t:|1779616410
|move|p1a: Corviknight|Roost|p1a: Corviknight
|-heal|p1a: Corviknight|100/100
|-singleturn|p1a: Corviknight|move: Roost
|move|p2a: Palossand|Energy Ball|p1a: Corviknight
|-resisted|p1a: Corviknight
|-damage|p1a: Corviknight|89/100
|
|upkeep
|turn|6
|
|t:|1779616424
|switch|p1a: Gliscor|Gliscor, M|100/100
|move|p2a: Palossand|Hex|p1a: Gliscor
|-damage|p1a: Gliscor|77/100
|
|-status|p1a: Gliscor|tox|[from] item: Toxic Orb
|upkeep
|turn|7
|
|t:|1779616433
|move|p1a: Gliscor|Swords Dance|p1a: Gliscor
|-boost|p1a: Gliscor|atk|2
|move|p2a: Palossand|Hex|p1a: Gliscor
|-damage|p1a: Gliscor|32/100 tox
|
|-heal|p1a: Gliscor|45/100 tox|[from] ability: Poison Heal
|upkeep
|turn|8
|
|t:|1779616439
|move|p1a: Gliscor|Protect|p1a: Gliscor
|-singleturn|p1a: Gliscor|Protect
|move|p2a: Palossand|Hex|p1a: Gliscor
|-activate|p1a: Gliscor|move: Protect
|
|-heal|p1a: Gliscor|57/100 tox|[from] ability: Poison Heal
|upkeep
|turn|9
|
|t:|1779616448
|move|p1a: Gliscor|Knock Off|p2a: Palossand
|-supereffective|p2a: Palossand
|-damage|p2a: Palossand|44/100
|-enditem|p2a: Palossand|Leftovers|[from] move: Knock Off|[of] p1a: Gliscor
|move|p2a: Palossand|Hex|p1a: Gliscor
|-damage|p1a: Gliscor|13/100 tox
|
|-heal|p1a: Gliscor|25/100 tox|[from] ability: Poison Heal
|upkeep
|turn|10
|
|t:|1779616457
|move|p1a: Gliscor|Knock Off|p2a: Palossand
|-supereffective|p2a: Palossand
|-damage|p2a: Palossand|3/100
|move|p2a: Palossand|Hex|p1a: Gliscor
|-damage|p1a: Gliscor|0 fnt
|faint|p1a: Gliscor
|
|upkeep
|
|t:|1779616480
|switch|p1a: Primarina|Primarina, F|100/100
|turn|11
|
|t:|1779616494
|move|p1a: Primarina|Moonblast|p2a: Palossand
|-damage|p2a: Palossand|0 fnt
|faint|p2a: Palossand
|
|upkeep
|
|t:|1779616503
|switch|p2a: Vikavolt|Vikavolt, M|100/100
|-damage|p2a: Vikavolt|76/100|[from] Stealth Rock
|turn|12
|
|t:|1779616527
|move|p1a: Primarina|Moonblast|p2a: Vikavolt
|-damage|p2a: Vikavolt|14/100
|move|p2a: Vikavolt|Discharge|p1a: Primarina
|-supereffective|p1a: Primarina
|-damage|p1a: Primarina|43/100
|
|upkeep
|turn|13
|
|t:|1779616535
|move|p1a: Primarina|Moonblast|p2a: Vikavolt
|-damage|p2a: Vikavolt|0 fnt
|faint|p2a: Vikavolt
|
|upkeep
|
|t:|1779616538
|switch|p2a: Noctowl|Noctowl, M|100/100
|-damage|p2a: Noctowl|76/100|[from] Stealth Rock
|turn|14
|
|t:|1779616545
|switch|p1a: Corviknight|Corviknight, F|89/100
|-ability|p1a: Corviknight|Pressure
|move|p2a: Noctowl|Echoed Voice|p1a: Corviknight
|-resisted|p1a: Corviknight
|-damage|p1a: Corviknight|75/100
|-enditem|p2a: Noctowl|Throat Spray
|-boost|p2a: Noctowl|spa|1|[from] item: Throat Spray
|
|upkeep
|turn|15
|
|t:|1779616557
|move|p2a: Noctowl|Echoed Voice|p1a: Corviknight
|-resisted|p1a: Corviknight
|-damage|p1a: Corviknight|31/100
|move|p1a: Corviknight|Roost|p1a: Corviknight
|-heal|p1a: Corviknight|81/100
|-singleturn|p1a: Corviknight|move: Roost
|
|upkeep
|turn|16
|
|t:|1779616564
|move|p2a: Noctowl|Echoed Voice|p1a: Corviknight
|-resisted|p1a: Corviknight
|-damage|p1a: Corviknight|18/100
|move|p1a: Corviknight|Brave Bird|p2a: Noctowl
|-damage|p2a: Noctowl|12/100
|-damage|p1a: Corviknight|0 fnt|[from] Recoil
|faint|p1a: Corviknight
|
|upkeep
|
|t:|1779616572
|switch|p1a: Blaziken|Blaziken, M|100/100
|turn|17
|
|t:|1779616575
|move|p1a: Blaziken|Protect|p1a: Blaziken
|-singleturn|p1a: Blaziken|Protect
|move|p2a: Noctowl|Agility|p2a: Noctowl
|-boost|p2a: Noctowl|spe|2
|
|-ability|p1a: Blaziken|Speed Boost|boost
|-boost|p1a: Blaziken|spe|1
|upkeep
|turn|18
|
|t:|1779616613
|switch|p1a: Dragapult|Dragapult, M|100/100
|move|p2a: Noctowl|Air Slash|p1a: Dragapult
|-damage|p1a: Dragapult|40/100
|
|upkeep
|turn|19
|
|t:|1779616627
|move|p2a: Noctowl|Air Slash|p1a: Dragapult
|-damage|p1a: Dragapult|0 fnt
|faint|p1a: Dragapult
|
|upkeep
|
|t:|1779616634
|switch|p1a: Blaziken|Blaziken, M|100/100
|turn|20
|
|t:|1779616638
|move|p1a: Blaziken|Protect|p1a: Blaziken
|-singleturn|p1a: Blaziken|Protect
|move|p2a: Noctowl|Air Slash|p1a: Blaziken
|-activate|p1a: Blaziken|move: Protect
|
|-ability|p1a: Blaziken|Speed Boost|boost
|-boost|p1a: Blaziken|spe|1
|upkeep
|turn|21
|
|t:|1779616651
|move|p2a: Noctowl|Air Slash|p1a: Blaziken
|-supereffective|p1a: Blaziken
|-damage|p1a: Blaziken|0 fnt
|faint|p1a: Blaziken
|
|upkeep
|
|t:|1779616655
|switch|p1a: Primarina|Primarina, F|43/100
|turn|22
|
|t:|1779616665
|move|p2a: Noctowl|Air Slash|p1a: Primarina
|-damage|p1a: Primarina|15/100
|cant|p1a: Primarina|flinch
|
|upkeep
|turn|23
|
|t:|1779616669
|move|p2a: Noctowl|Echoed Voice|p1a: Primarina
|-damage|p1a: Primarina|0 fnt
|faint|p1a: Primarina
|
|win|panzershock
|raw|Flexliks's rating: 1301 &rarr; <strong>1281</strong><br />(-20 for losing)
|raw|panzershock's rating: 1294 &rarr; <strong>1320</strong><br />(+26 for winning)
|l|☆panzershock
|player|p2|
|l|☆Flexliks
|player|p1|
