|j|☆PokeAbl052417015ub
|j|☆kayxor
|t:|1779656675
|gametype|singles
|player|p1|PokeAbl052417015ub|101|1074
|player|p2|kayxor|1|1028
|gen|9
|tier|[Gen 9] OU
|rated|
|rule|HP Percentage Mod: HP is shown in percentages
|rule|Endless Battle Clause: Forcing endless battles is banned
|rule|Species Clause: Limit one of each Pokémon
|rule|OHKO Clause: OHKO moves are banned
|rule|Evasion Items Clause: Evasion items are banned
|rule|Evasion Moves Clause: Evasion moves are banned
|rule|Evasion Abilities Clause: Evasion abilities are banned
|rule|Sleep Moves Clause: Sleep-inducing moves are banned
|clearpoke
|poke|p1|Glimmora, F|
|poke|p1|Great Tusk|
|poke|p1|Gholdengo|
|poke|p1|Dragapult, F|
|poke|p1|Primarina, F|
|poke|p1|Kingambit, F|
|poke|p2|Infernape, M|
|poke|p2|Gardevoir, F|
|poke|p2|Shaymin|
|poke|p2|Floatzel, F|
|poke|p2|Staraptor, F|
|poke|p2|Luxray, F|
|teampreview
|inactive|Battle timer is ON: inactive players will automatically lose when time's up. (requested by PokeAbl052417015ub)
|
|t:|1779656683
|teamsize|p1|6
|teamsize|p2|6
|start
|switch|p1a: Kingambit|Kingambit, F|100/100
|switch|p2a: Floatzel|Floatzel, F|100/100
|turn|1
|
|t:|1779656690
|move|p2a: Floatzel|Brick Break|p1a: Kingambit
|-supereffective|p1a: Kingambit
|-damage|p1a: Kingambit|39/100
|move|p1a: Kingambit|Kowtow Cleave|p2a: Floatzel
|-damage|p2a: Floatzel|14/100
|
|upkeep
|turn|2
|
|t:|1779656698
|move|p1a: Kingambit|Sucker Punch|p2a: Floatzel
|-damage|p2a: Floatzel|0 fnt
|faint|p2a: Floatzel
|
|upkeep
|
|t:|1779656704
|switch|p2a: Shaymin|Shaymin|100/100
|turn|3
|
|t:|1779656710
|move|p1a: Kingambit|Sucker Punch|p2a: Shaymin
|-damage|p2a: Shaymin|54/100
|move|p2a: Shaymin|Earth Power|p1a: Kingambit
|-supereffective|p1a: Kingambit
|-damage|p1a: Kingambit|1/100
|
|upkeep
|turn|4
|
|t:|1779656718
|move|p1a: Kingambit|Sucker Punch|p2a: Shaymin
|-damage|p2a: Shaymin|12/100
|move|p2a: Shaymin|Play Rough|p1a: Kingambit
|-damage|p1a: Kingambit|0 fnt
|faint|p1a: Kingambit
|-end|p1a: Kingambit|fallenundefined|[silent]
|
|upkeep
|
|t:|1779656724
|switch|p1a: Great Tusk|Great Tusk|100/100
|turn|5
|
|t:|1779656734
|move|p1a: Great Tusk|Rapid Spin|p2a: Shaymin
|-damage|p2a: Shaymin|0 fnt
|-boost|p1a: Great Tusk|spe|1
|faint|p2a: Shaymin
|
|upkeep
|
|t:|1779656741
|switch|p2a: Gardevoir|Gardevoir, F, shiny|100/100
|turn|6
|
|t:|1779656746
|-terastallize|p1a: Great Tusk|Steel
|move|p1a: Great Tusk|Knock Off|p2a: Gardevoir
|-damage|p2a: Gardevoir|40/100
|-enditem|p2a: Gardevoir|Focus Sash|[from] move: Knock Off|[of] p1a: Great Tusk
|move|p2a: Gardevoir|Alluring Voice|p1a: Great Tusk
|-resisted|p1a: Great Tusk
|-damage|p1a: Great Tusk|68/100
|
|upkeep
|turn|7
|
|t:|1779656754
|move|p1a: Great Tusk|Ice Spinner|p2a: Gardevoir
|-damage|p2a: Gardevoir|0 fnt
|faint|p2a: Gardevoir
|
|upkeep
|-message|kayxor forfeited.
|
|win|PokeAbl052417015ub
|raw|PokeAbl052417015ub's rating: 1074 &rarr; <strong>1099</strong><br />(+25 for winning)
|raw|kayxor's rating: 1028 &rarr; <strong>1016</strong><br />(-12 for losing)
|l|☆kayxor
|player|p2|
