|j|☆dia-sre
|j|☆arturohdez
|t:|1779670902
|gametype|singles
|player|p1|dia-sre|102|1700
|player|p2|arturohdez|hilbert|1693
|gen|9
|tier|[Gen 9] OU
|rated|
|rule|HP Percentage Mod: HP is shown in percentages
|rule|Endless Battle Clause: Forcing endless battles is banned
|rule|Species Clause: Limit one of each Pokémon
|rule|OHKO Clause: OHKO moves are banned
|rule|Evasion Items Clause: Evasion items are banned
|rule|Evasion Moves Clause: Evasion moves are banned
|rule|Evasion Abilities Clause: Evasion abilities are banned
|rule|Sleep Moves Clause: Sleep-inducing moves are banned
|clearpoke
|poke|p1|Azumarill, M|
|poke|p1|Dragapult, M|
|poke|p1|Garchomp, M|
|poke|p1|Weezing-Galar, M|
|poke|p1|Gholdengo|
|poke|p1|Hoopa-Unbound|
|poke|p2|Great Tusk|
|poke|p2|Hatterene, F|
|poke|p2|Dragonite, F|
|poke|p2|Kyurem|
|poke|p2|Kingambit, M|
|poke|p2|Darkrai|
|teampreview
|j| nesnot
|inactive|Battle timer is ON: inactive players will automatically lose when time's up. (requested by dia-sre)
|
|t:|1779670918
|teamsize|p1|6
|teamsize|p2|6
|start
|switch|p1a: Hoopa|Hoopa-Unbound|100/100
|switch|p2a: Kyurem|Kyurem|100/100
|-ability|p2a: Kyurem|Pressure
|turn|1
|
|t:|1779670925
|switch|p2a: Darkrai|Darkrai|100/100
|move|p1a: Hoopa|Drain Punch|p2a: Darkrai
|-supereffective|p2a: Darkrai
|-damage|p2a: Darkrai|0 fnt
|faint|p2a: Darkrai
|-damage|p1a: Hoopa|91/100|[from] item: Life Orb
|
|upkeep
|
|t:|1779670933
|switch|p2a: Great Tusk|Great Tusk|100/100
|turn|2
|
|t:|1779670938
|switch|p1a: Weezing|Weezing-Galar, M|100/100
|move|p2a: Great Tusk|Headlong Rush|p1a: Weezing
|-immune|p1a: Weezing|[from] ability: Levitate
|
|upkeep
|turn|3
|l| nesnot
|
|t:|1779670944
|-end|p2a: Great Tusk|Protosynthesis|[silent]
|switch|p2a: Hatterene|Hatterene, F|100/100
|-item|p2a: Hatterene|Air Balloon
|move|p1a: Weezing|Strange Steam|p2a: Hatterene
|-damage|p2a: Hatterene|72/100
|-enditem|p2a: Hatterene|Air Balloon
|
|upkeep
|turn|4
|
|t:|1779670952
|switch|p1a: Hoopa|Hoopa-Unbound|91/100
|move|p2a: Hatterene|Nuzzle|p1a: Hoopa
|-damage|p1a: Hoopa|83/100
|-status|p1a: Hoopa|par
|
|upkeep
|turn|5
|
|t:|1779670955
|move|p1a: Hoopa|Hyperspace Fury|p2a: Hatterene
|-damage|p2a: Hatterene|0 fnt
|-unboost|p1a: Hoopa|def|1
|faint|p2a: Hatterene
|-damage|p1a: Hoopa|73/100 par|[from] item: Life Orb
|
|upkeep
|
|t:|1779670959
|switch|p2a: Kyurem|Kyurem|100/100
|-ability|p2a: Kyurem|Pressure
|turn|6
|
|t:|1779670966
|move|p2a: Kyurem|Ice Beam|p1a: Hoopa
|-damage|p1a: Hoopa|32/100 par
|cant|p1a: Hoopa|par
|
|upkeep
|turn|7
|
|t:|1779670974
|move|p2a: Kyurem|Ice Beam|p1a: Hoopa
|-damage|p1a: Hoopa|0 fnt
|faint|p1a: Hoopa
|
|upkeep
|
|t:|1779670985
|switch|p1a: Azumarill|Azumarill, M|100/100
|turn|8
|
|t:|1779670987
|move|p2a: Kyurem|Freeze-Dry|p1a: Azumarill
|-supereffective|p1a: Azumarill
|-damage|p1a: Azumarill|49/100
|move|p1a: Azumarill|Play Rough|p2a: Kyurem
|-supereffective|p2a: Kyurem
|-damage|p2a: Kyurem|20/100
|
|upkeep
|turn|9
|
|t:|1779670996
|move|p2a: Kyurem|Freeze-Dry|p1a: Azumarill
|-supereffective|p1a: Azumarill
|-damage|p1a: Azumarill|0 fnt
|faint|p1a: Azumarill
|
|upkeep
|
|t:|1779670998
|switch|p1a: Dragapult|Dragapult, M|100/100
|turn|10
|j| RocketMaid
|
|t:|1779671009
|move|p1a: Dragapult|Dragon Darts|p2a: Kyurem
|-supereffective|p2a: Kyurem
|-crit|p2a: Kyurem
|-damage|p2a: Kyurem|0 fnt
|faint|p2a: Kyurem
|
|upkeep
|
|t:|1779671020
|switch|p2a: Great Tusk|Great Tusk|100/100
|turn|11
|
|t:|1779671027
|-terastallize|p1a: Dragapult|Dragon
|move|p1a: Dragapult|Dragon Darts|p2a: Great Tusk
|-damage|p2a: Great Tusk|61/100
|-anim|p1a: Dragapult|Dragon Darts|p2a: Great Tusk
|-damage|p2a: Great Tusk|22/100
|move|p2a: Great Tusk|Stealth Rock|p1a: Dragapult
|-sidestart|p1: dia-sre|move: Stealth Rock
|
|upkeep
|turn|12
|
|t:|1779671039
|move|p1a: Dragapult|Dragon Darts|p2a: Great Tusk
|-damage|p2a: Great Tusk|0 fnt
|faint|p2a: Great Tusk
|-end|p2a: Great Tusk|Protosynthesis|[silent]
|
|upkeep
|
|t:|1779671042
|switch|p2a: Kingambit|Kingambit, M|100/100
|-activate|p2a: Kingambit|ability: Supreme Overlord
|-start|p2a: Kingambit|fallen4|[silent]
|turn|13
|
|t:|1779671047
|move|p1a: Dragapult|Dragon Darts|p2a: Kingambit
|-resisted|p2a: Kingambit
|-damage|p2a: Kingambit|79/100
|-anim|p1a: Dragapult|Dragon Darts|p2a: Kingambit
|-resisted|p2a: Kingambit
|-damage|p2a: Kingambit|56/100
|move|p2a: Kingambit|Kowtow Cleave|p1a: Dragapult
|-damage|p1a: Dragapult|9/100
|
|-heal|p2a: Kingambit|62/100|[from] item: Leftovers
|upkeep
|turn|14
|
|t:|1779671060
|switch|p1a: Garchomp|Garchomp, M|100/100
|-damage|p1a: Garchomp|94/100|[from] Stealth Rock
|move|p2a: Kingambit|Kowtow Cleave|p1a: Garchomp
|-damage|p1a: Garchomp|51/100
|-damage|p2a: Kingambit|50/100|[from] ability: Rough Skin|[of] p1a: Garchomp
|-damage|p2a: Kingambit|33/100|[from] item: Rocky Helmet|[of] p1a: Garchomp
|
|-heal|p2a: Kingambit|39/100|[from] item: Leftovers
|upkeep
|turn|15
|
|t:|1779671073
|-end|p2a: Kingambit|fallen4|[silent]
|switch|p2a: Dragonite|Dragonite, F|100/100
|move|p1a: Garchomp|Dragon Tail|p2a: Dragonite|[miss]
|-miss|p1a: Garchomp|p2a: Dragonite
|
|upkeep
|turn|16
|
|t:|1779671079
|move|p2a: Dragonite|Scale Shot|p1a: Garchomp
|-supereffective|p1a: Garchomp
|-damage|p1a: Garchomp|34/100
|-supereffective|p1a: Garchomp
|-damage|p1a: Garchomp|15/100
|-supereffective|p1a: Garchomp
|-damage|p1a: Garchomp|0 fnt
|faint|p1a: Garchomp
|-hitcount|p1: Garchomp|3
|-unboost|p2a: Dragonite|def|1
|-boost|p2a: Dragonite|spe|1
|
|upkeep
|
|t:|1779671081
|switch|p1a: Weezing|Weezing-Galar, M|100/100
|-damage|p1a: Weezing|88/100|[from] Stealth Rock
|turn|17
|
|t:|1779671089
|-terastallize|p2a: Dragonite|Fire
|move|p2a: Dragonite|Dragon Dance|p2a: Dragonite
|-boost|p2a: Dragonite|atk|1
|-boost|p2a: Dragonite|spe|1
|move|p1a: Weezing|Will-O-Wisp|p2a: Dragonite
|-immune|p2a: Dragonite
|
|upkeep
|turn|18
|
|t:|1779671095
|move|p2a: Dragonite|Encore|p1a: Weezing
|-start|p1a: Weezing|Encore
|move|p1a: Weezing|Will-O-Wisp|p2a: Dragonite
|-immune|p2a: Dragonite
|
|upkeep
|turn|19
|
|t:|1779671097
|switch|p1a: Gholdengo|Gholdengo|100/100
|-damage|p1a: Gholdengo|94/100|[from] Stealth Rock
|move|p2a: Dragonite|Dragon Dance|p2a: Dragonite
|-boost|p2a: Dragonite|atk|1
|-boost|p2a: Dragonite|spe|1
|
|upkeep
|turn|20
|
|t:|1779671100
|switch|p1a: Weezing|Weezing-Galar, M|88/100
|-damage|p1a: Weezing|76/100|[from] Stealth Rock
|move|p2a: Dragonite|Fire Punch|p1a: Weezing
|-damage|p1a: Weezing|13/100
|
|upkeep
|turn|21
|-enditem|p1a: Weezing|Custap Berry|[eat]
|-activate|p1a: Weezing|item: Custap Berry|[consumed]
|
|t:|1779671102
|move|p1a: Weezing|Destiny Bond|p1a: Weezing
|-singlemove|p1a: Weezing|Destiny Bond
|move|p2a: Dragonite|Fire Punch|p1a: Weezing
|-damage|p1a: Weezing|0 fnt
|faint|p1a: Weezing
|-activate|p1a: Weezing|move: Destiny Bond
|faint|p2a: Dragonite
|
|upkeep
|
|t:|1779671106
|switch|p2a: Kingambit|Kingambit, M|39/100
|switch|p1a: Gholdengo|Gholdengo|94/100
|-damage|p1a: Gholdengo|88/100|[from] Stealth Rock
|-activate|p2a: Kingambit|ability: Supreme Overlord
|-start|p2a: Kingambit|fallen5|[silent]
|turn|22
|j| nesnot
|
|t:|1779671116
|move|p1a: Gholdengo|Trick|p2a: Kingambit
|-activate|p1a: Gholdengo|move: Trick|[of] p2a: Kingambit
|-item|p2a: Kingambit|Choice Scarf|[from] move: Trick
|-item|p1a: Gholdengo|Leftovers|[from] move: Trick
|move|p2a: Kingambit|Kowtow Cleave|p1a: Gholdengo
|-supereffective|p1a: Gholdengo
|-damage|p1a: Gholdengo|0 fnt
|faint|p1a: Gholdengo
|
|upkeep
|
|t:|1779671117
|switch|p1a: Dragapult|Dragapult, M, tera:Dragon|9/100
|-damage|p1a: Dragapult|0 fnt|[from] Stealth Rock
|faint|p1a: Dragapult
|
|win|arturohdez
|raw|dia-sre's rating: 1700 &rarr; <strong>1680</strong><br />(-20 for losing)
|raw|arturohdez's rating: 1693 &rarr; <strong>1713</strong><br />(+20 for winning)
|l| RocketMaid
|l| nesnot
|l|☆dia-sre
|player|p1|
|j| RocketMaid
|l| RocketMaid
