|j|☆sherbieee
|j|☆croakchamp
|t:|1779668279
|gametype|singles
|player|p1|sherbieee|265|1138
|player|p2|croakchamp|2|1092
|gen|9
|tier|[Gen 9] OU
|rated|
|rule|HP Percentage Mod: HP is shown in percentages
|rule|Endless Battle Clause: Forcing endless battles is banned
|rule|Species Clause: Limit one of each Pokémon
|rule|OHKO Clause: OHKO moves are banned
|rule|Evasion Items Clause: Evasion items are banned
|rule|Evasion Moves Clause: Evasion moves are banned
|rule|Evasion Abilities Clause: Evasion abilities are banned
|rule|Sleep Moves Clause: Sleep-inducing moves are banned
|clearpoke
|poke|p1|Lumineon, M|
|poke|p1|Manaphy|
|poke|p1|Krokorok, F|
|poke|p1|Greninja-*, M|
|poke|p1|Mienshao, M|
|poke|p1|Mareanie, F|
|poke|p2|Dragonite, M|
|poke|p2|Great Tusk|
|poke|p2|Deoxys-Speed|
|poke|p2|Gholdengo|
|poke|p2|Zamazenta-*|
|poke|p2|Iron Valiant|
|teampreview
|
|t:|1779668299
|teamsize|p1|6
|teamsize|p2|6
|start
|switch|p1a: Manaphy|Manaphy|100/100
|switch|p2a: W speed|Deoxys-Speed|100/100
|-ability|p2a: W speed|Pressure
|turn|1
|
|t:|1779668312
|move|p2a: W speed|Stealth Rock|p1a: Manaphy
|-sidestart|p1: sherbieee|move: Stealth Rock
|move|p1a: Manaphy|Rain Dance|p1a: Manaphy
|-weather|RainDance
|
|-weather|RainDance|[upkeep]
|upkeep
|turn|2
|
|t:|1779668320
|move|p2a: W speed|Taunt|p1a: Manaphy
|-start|p1a: Manaphy|move: Taunt
|move|p1a: Manaphy|Hydro Pump|p2a: W speed|[miss]
|-miss|p1a: Manaphy|p2a: W speed
|
|-weather|RainDance|[upkeep]
|upkeep
|turn|3
|
|t:|1779668326
|move|p2a: W speed|Spikes|p1a: Manaphy
|-sidestart|p1: sherbieee|Spikes
|move|p1a: Manaphy|Hydro Pump|p2a: W speed
|-damage|p2a: W speed|4/100
|
|-weather|RainDance|[upkeep]
|upkeep
|turn|4
|
|t:|1779668330
|move|p2a: W speed|Spikes|p1a: Manaphy
|-sidestart|p1: sherbieee|Spikes
|move|p1a: Manaphy|Scald|p2a: W speed
|-damage|p2a: W speed|0 fnt
|faint|p2a: W speed
|
|-weather|RainDance|[upkeep]
|-end|p1a: Manaphy|move: Taunt
|upkeep
|
|t:|1779668336
|switch|p2a: yum yum|Gholdengo|100/100
|turn|5
|
|t:|1779668346
|move|p1a: Manaphy|Hydro Pump|p2a: yum yum
|-damage|p2a: yum yum|19/100
|move|p2a: yum yum|Nasty Plot|p2a: yum yum
|-boost|p2a: yum yum|spa|2
|
|-weather|none
|upkeep
|turn|6
|
|t:|1779668375
|switch|p2a: michael|Dragonite, M|100/100
|move|p1a: Manaphy|Scald|p2a: michael
|-resisted|p2a: michael
|-damage|p2a: michael|91/100
|-status|p2a: michael|brn
|
|-damage|p2a: michael|85/100 brn|[from] brn
|upkeep
|turn|7
|
|t:|1779668387
|move|p2a: michael|Dragon Dance|p2a: michael
|-boost|p2a: michael|atk|1
|-boost|p2a: michael|spe|1
|move|p1a: Manaphy|Rain Dance|p1a: Manaphy
|-weather|RainDance
|
|-weather|RainDance|[upkeep]
|-damage|p2a: michael|79/100 brn|[from] brn
|upkeep
|turn|8
|c|☆sherbieee|michael
|
|t:|1779668414
|move|p2a: michael|Outrage|p1a: Manaphy
|-damage|p1a: Manaphy|43/100
|-damage|p2a: michael|69/100 brn|[from] item: Life Orb
|move|p1a: Manaphy|Tail Glow|p1a: Manaphy
|-boost|p1a: Manaphy|spa|3
|
|-weather|RainDance|[upkeep]
|-heal|p1a: Manaphy|50/100|[from] item: Leftovers
|-damage|p2a: michael|63/100 brn|[from] brn
|upkeep
|turn|9
|
|t:|1779668425
|move|p2a: michael|Outrage|p1a: Manaphy|[from] lockedmove
|-damage|p1a: Manaphy|0 fnt
|faint|p1a: Manaphy
|-damage|p2a: michael|53/100 brn|[from] item: Life Orb
|
|-weather|RainDance|[upkeep]
|-damage|p2a: michael|47/100 brn|[from] brn
|upkeep
|
|t:|1779668436
|switch|p1a: Mienshao|Mienshao, M|100/100
|-damage|p1a: Mienshao|95/100|[from] Stealth Rock
|-damage|p1a: Mienshao|78/100|[from] Spikes
|turn|10
|
|t:|1779668444
|move|p1a: Mienshao|Fake Out|p2a: michael
|-crit|p2a: michael
|-damage|p2a: michael|18/100 brn
|-damage|p1a: Mienshao|68/100|[from] item: Life Orb
|cant|p2a: michael|flinch
|
|-weather|RainDance|[upkeep]
|-damage|p2a: michael|12/100 brn|[from] brn
|-start|p2a: michael|confusion|[fatigue]
|upkeep
|turn|11
|
|t:|1779668453
|-activate|p2a: michael|confusion
|move|p2a: michael|Outrage|p1a: Mienshao
|-damage|p1a: Mienshao|0 fnt
|faint|p1a: Mienshao
|-damage|p2a: michael|2/100 brn|[from] item: Life Orb
|
|-weather|none
|-damage|p2a: michael|0 fnt|[from] brn
|faint|p2a: michael
|upkeep
|
|t:|1779668468
|switch|p1a: Mareanie|Mareanie, F|100/100
|switch|p2a: Great Tusk|Great Tusk|100/100
|-damage|p1a: Mareanie|88/100|[from] Stealth Rock
|-damage|p1a: Mareanie|72/100|[from] Spikes
|-enditem|p2a: Great Tusk|Booster Energy
|-activate|p2a: Great Tusk|ability: Protosynthesis|[fromitem]
|-start|p2a: Great Tusk|protosynthesisspe
|turn|12
|
|t:|1779668477
|move|p2a: Great Tusk|Headlong Rush|p1a: Mareanie
|-supereffective|p1a: Mareanie
|-crit|p1a: Mareanie
|-damage|p1a: Mareanie|0 fnt
|-unboost|p2a: Great Tusk|def|1
|-unboost|p2a: Great Tusk|spd|1
|faint|p1a: Mareanie
|
|upkeep
|
|t:|1779668493
|switch|p1a: Greninja|Greninja, M|100/100
|-damage|p1a: Greninja|88/100|[from] Stealth Rock
|-damage|p1a: Greninja|72/100|[from] Spikes
|turn|13
|
|t:|1779668511
|move|p2a: Great Tusk|Headlong Rush|p1a: Greninja
|-damage|p1a: Greninja|0 fnt
|-unboost|p2a: Great Tusk|def|1
|-unboost|p2a: Great Tusk|spd|1
|faint|p1a: Greninja
|
|upkeep
|
|t:|1779668520
|switch|p1a: Krokorok|Krokorok, F|100/100
|-damage|p1a: Krokorok|94/100|[from] Stealth Rock
|-damage|p1a: Krokorok|78/100|[from] Spikes
|-ability|p1a: Krokorok|Intimidate|boost
|-unboost|p2a: Great Tusk|atk|1
|turn|14
|
|t:|1779668527
|move|p2a: Great Tusk|Bulk Up|p2a: Great Tusk
|-boost|p2a: Great Tusk|atk|1
|-boost|p2a: Great Tusk|def|1
|move|p1a: Krokorok|Earthquake|p2a: Great Tusk
|-damage|p2a: Great Tusk|42/100
|
|upkeep
|turn|15
|
|t:|1779668534
|move|p2a: Great Tusk|Headlong Rush|p1a: Krokorok
|-crit|p1a: Krokorok
|-damage|p1a: Krokorok|0 fnt
|-unboost|p2a: Great Tusk|def|1
|-unboost|p2a: Great Tusk|spd|1
|faint|p1a: Krokorok
|
|upkeep
|
|t:|1779668537
|switch|p1a: Lumineon|Lumineon, M|100/100
|-damage|p1a: Lumineon|88/100|[from] Stealth Rock
|-damage|p1a: Lumineon|72/100|[from] Spikes
|turn|16
|-message|sherbieee forfeited.
|
|win|croakchamp
|raw|sherbieee's rating: 1138 &rarr; <strong>1110</strong><br />(-28 for losing)
|raw|croakchamp's rating: 1092 &rarr; <strong>1122</strong><br />(+30 for winning)
|l|☆sherbieee
|player|p1|
