|j|☆dazhigg
|j|☆pharajimbo
|t:|1779609291
|gametype|singles
|player|p1|dazhigg|schoolkid-gen4|1247
|player|p2|pharajimbo|n|1230
|gen|9
|tier|[Gen 9] OU
|rated|
|rule|HP Percentage Mod: HP is shown in percentages
|rule|Endless Battle Clause: Forcing endless battles is banned
|rule|Species Clause: Limit one of each Pokémon
|rule|OHKO Clause: OHKO moves are banned
|rule|Evasion Items Clause: Evasion items are banned
|rule|Evasion Moves Clause: Evasion moves are banned
|rule|Evasion Abilities Clause: Evasion abilities are banned
|rule|Sleep Moves Clause: Sleep-inducing moves are banned
|clearpoke
|poke|p1|Whimsicott, F|
|poke|p1|Great Tusk|
|poke|p1|Dragonite, F|
|poke|p1|Iron Moth|
|poke|p1|Ninetales, F|
|poke|p1|Walking Wake|
|poke|p2|Glimmora, F|
|poke|p2|Kingambit, F|
|poke|p2|Great Tusk|
|poke|p2|Walking Wake|
|poke|p2|Zamazenta-*|
|poke|p2|Iron Valiant|
|teampreview
|
|t:|1779609300
|teamsize|p1|6
|teamsize|p2|6
|start
|switch|p1a: Walking Wake|Walking Wake|100/100
|switch|p2a: blupty|Glimmora, F|100/100
|turn|1
|
|t:|1779609316
|move|p1a: Walking Wake|Hydro Steam|p2a: blupty
|-supereffective|p2a: blupty
|-enditem|p2a: blupty|Focus Sash
|-damage|p2a: blupty|1/100
|move|p2a: blupty|Stealth Rock|p1a: Walking Wake
|-sidestart|p1: dazhigg|move: Stealth Rock
|
|upkeep
|turn|2
|
|t:|1779609342
|move|p1a: Walking Wake|Hydro Steam|p2a: blupty
|-supereffective|p2a: blupty
|-damage|p2a: blupty|0 fnt
|faint|p2a: blupty
|
|upkeep
|
|t:|1779609371
|switch|p2a: Walking Wake|Walking Wake|100/100
|-enditem|p2a: Walking Wake|Booster Energy
|-activate|p2a: Walking Wake|ability: Protosynthesis|[fromitem]
|-start|p2a: Walking Wake|protosynthesisspe
|turn|3
|
|t:|1779609388
|-end|p1a: Walking Wake|Protosynthesis|[silent]
|switch|p1a: Whimsicott|Whimsicott, F|100/100
|-damage|p1a: Whimsicott|88/100|[from] Stealth Rock
|-terastallize|p2a: Walking Wake|Water
|move|p2a: Walking Wake|Draco Meteor|p1a: Whimsicott
|-immune|p1a: Whimsicott
|
|upkeep
|turn|4
|
|t:|1779609410
|move|p2a: Walking Wake|Flamethrower|p1a: Whimsicott
|-supereffective|p1a: Whimsicott
|-damage|p1a: Whimsicott|2/100
|move|p1a: Whimsicott|Moonblast|p2a: Walking Wake
|-damage|p2a: Walking Wake|45/100
|-damage|p1a: Whimsicott|0 fnt|[from] item: Life Orb
|faint|p1a: Whimsicott
|
|upkeep
|inactive|Battle timer is ON: inactive players will automatically lose when time's up. (requested by pharajimbo)
|
|t:|1779609474
|switch|p1a: Iron Moth|Iron Moth|100/100
|-damage|p1a: Iron Moth|76/100|[from] Stealth Rock
|-enditem|p1a: Iron Moth|Booster Energy
|-activate|p1a: Iron Moth|ability: Quark Drive|[fromitem]
|-start|p1a: Iron Moth|quarkdrivespe
|turn|5
|inactive|pharajimbo has 120 seconds left.
|
|t:|1779609510
|-end|p2a: Walking Wake|Protosynthesis|[silent]
|switch|p2a: Great Tusk|Great Tusk|100/100
|-enditem|p2a: Great Tusk|Booster Energy
|-activate|p2a: Great Tusk|ability: Protosynthesis|[fromitem]
|-start|p2a: Great Tusk|protosynthesisatk
|move|p1a: Iron Moth|Energy Ball|p2a: Great Tusk
|-supereffective|p2a: Great Tusk
|-damage|p2a: Great Tusk|13/100
|
|upkeep
|turn|6
|inactive|pharajimbo has 120 seconds left.
|inactive|pharajimbo has 90 seconds left.
|
|t:|1779609559
|move|p1a: Iron Moth|Fiery Dance|p2a: Great Tusk
|-damage|p2a: Great Tusk|0 fnt
|faint|p2a: Great Tusk
|-end|p2a: Great Tusk|Protosynthesis|[silent]
|
|upkeep
|
|t:|1779609566
|switch|p2a: Iron Valiant|Iron Valiant|100/100
|-enditem|p2a: Iron Valiant|Booster Energy
|-activate|p2a: Iron Valiant|ability: Quark Drive|[fromitem]
|-start|p2a: Iron Valiant|quarkdrivespe
|turn|7
|
|t:|1779609593
|-terastallize|p1a: Iron Moth|Grass
|move|p2a: Iron Valiant|Moonblast|p1a: Iron Moth
|-damage|p1a: Iron Moth|30/100
|move|p1a: Iron Moth|Sludge Wave|p2a: Iron Valiant
|-supereffective|p2a: Iron Valiant
|-damage|p2a: Iron Valiant|0 fnt
|faint|p2a: Iron Valiant
|-end|p2a: Iron Valiant|Quark Drive|[silent]
|
|upkeep
|
|t:|1779609601
|switch|p2a: Walking Wake|Walking Wake, tera:Water|45/100
|turn|8
|
|t:|1779609611
|move|p1a: Iron Moth|Energy Ball|p2a: Walking Wake
|-supereffective|p2a: Walking Wake
|-damage|p2a: Walking Wake|0 fnt
|faint|p2a: Walking Wake
|-end|p2a: Walking Wake|Protosynthesis|[silent]
|
|upkeep
|
|t:|1779609619
|switch|p2a: Kingambit|Kingambit, F|100/100
|-activate|p2a: Kingambit|ability: Supreme Overlord
|-start|p2a: Kingambit|fallen4|[silent]
|-item|p2a: Kingambit|Air Balloon
|turn|9
|
|t:|1779609633
|move|p2a: Kingambit|Sucker Punch|p1a: Iron Moth
|-damage|p1a: Iron Moth|0 fnt
|faint|p1a: Iron Moth
|-end|p1a: Iron Moth|Quark Drive|[silent]
|
|upkeep
|
|t:|1779609639
|switch|p1a: Ninetales|Ninetales, F|100/100
|-damage|p1a: Ninetales|76/100|[from] Stealth Rock
|-weather|SunnyDay|[from] ability: Drought|[of] p1a: Ninetales
|turn|10
|
|t:|1779609648
|-end|p2a: Kingambit|fallen4|[silent]
|switch|p2a: Zamazenta|Zamazenta|100/100
|-ability|p2a: Zamazenta|Dauntless Shield|boost
|-boost|p2a: Zamazenta|def|1
|move|p1a: Ninetales|Encore||[still]
|-fail|p1a: Ninetales
|
|-weather|SunnyDay|[upkeep]
|upkeep
|turn|11
|inactive|pharajimbo has 90 seconds left.
|
|t:|1779609663
|move|p2a: Zamazenta|Body Press|p1a: Ninetales
|-damage|p1a: Ninetales|14/100
|move|p1a: Ninetales|Will-O-Wisp|p2a: Zamazenta
|-status|p2a: Zamazenta|brn
|
|-weather|SunnyDay|[upkeep]
|-damage|p2a: Zamazenta|94/100 brn|[from] brn
|upkeep
|turn|12
|inactive|pharajimbo has 90 seconds left.
|
|t:|1779609675
|move|p2a: Zamazenta|Crunch|p1a: Ninetales
|-damage|p1a: Ninetales|0 fnt
|faint|p1a: Ninetales
|
|-weather|SunnyDay|[upkeep]
|-heal|p2a: Zamazenta|100/100 brn|[from] item: Leftovers
|-damage|p2a: Zamazenta|94/100 brn|[from] brn
|upkeep
|
|t:|1779609684
|switch|p1a: Walking Wake|Walking Wake|100/100
|-damage|p1a: Walking Wake|88/100|[from] Stealth Rock
|-activate|p1a: Walking Wake|ability: Protosynthesis
|-start|p1a: Walking Wake|protosynthesisspa
|turn|13
|
|t:|1779609697
|move|p1a: Walking Wake|Hydro Steam|p2a: Zamazenta
|-damage|p2a: Zamazenta|0 fnt
|faint|p2a: Zamazenta
|
|-weather|SunnyDay|[upkeep]
|upkeep
|
|t:|1779609702
|switch|p2a: Kingambit|Kingambit, F|100/100
|-activate|p2a: Kingambit|ability: Supreme Overlord
|-start|p2a: Kingambit|fallen5|[silent]
|-item|p2a: Kingambit|Air Balloon
|turn|14
|
|t:|1779609709
|move|p2a: Kingambit|Sucker Punch|p1a: Walking Wake
|-damage|p1a: Walking Wake|21/100
|move|p1a: Walking Wake|Hydro Steam|p2a: Kingambit
|-damage|p2a: Kingambit|0 fnt
|-enditem|p2a: Kingambit|Air Balloon
|faint|p2a: Kingambit
|-end|p2a: Kingambit|fallen5|[silent]
|
|win|dazhigg
|raw|dazhigg's rating: 1247 &rarr; <strong>1271</strong><br />(+24 for winning)
|raw|pharajimbo's rating: 1230 &rarr; <strong>1206</strong><br />(-24 for losing)
