|j|☆Mca player 11
|j|☆zg4h11
|t:|1779693842
|gametype|singles
|player|p1|Mca player 11|lucas|1454
|player|p2|zg4h11|170|1547
|gen|9
|tier|[Gen 9] OU
|rated|
|rule|HP Percentage Mod: HP is shown in percentages
|rule|Endless Battle Clause: Forcing endless battles is banned
|rule|Species Clause: Limit one of each Pokémon
|rule|OHKO Clause: OHKO moves are banned
|rule|Evasion Items Clause: Evasion items are banned
|rule|Evasion Moves Clause: Evasion moves are banned
|rule|Evasion Abilities Clause: Evasion abilities are banned
|rule|Sleep Moves Clause: Sleep-inducing moves are banned
|clearpoke
|poke|p1|Deoxys-Speed|
|poke|p1|Iron Moth|
|poke|p1|Zamazenta-*|
|poke|p1|Gholdengo|
|poke|p1|Rillaboom, M|
|poke|p1|Iron Jugulis|
|poke|p2|Tyranitar, M|
|poke|p2|Excadrill, M|
|poke|p2|Iron Valiant|
|poke|p2|Dragapult, M|
|poke|p2|Zapdos|
|poke|p2|Hatterene, F|
|teampreview
|inactive|Battle timer is ON: inactive players will automatically lose when time's up. (requested by Mca player 11)
|inactive|zg4h11 has 120 seconds left.
|
|t:|1779693942
|teamsize|p1|6
|teamsize|p2|6
|start
|switch|p1a: Iron Moth|Iron Moth|100/100
|switch|p2a: Tyranitar|Tyranitar, M, shiny|100/100
|-weather|Sandstorm|[from] ability: Sand Stream|[of] p2a: Tyranitar
|-enditem|p1a: Iron Moth|Booster Energy
|-activate|p1a: Iron Moth|ability: Quark Drive|[fromitem]
|-start|p1a: Iron Moth|quarkdrivespe
|turn|1
|
|t:|1779693953
|move|p1a: Iron Moth|Toxic Spikes|p2a: Tyranitar
|-sidestart|p2: zg4h11|move: Toxic Spikes
|move|p2a: Tyranitar|Stealth Rock|p1a: Iron Moth
|-sidestart|p1: Mca player 11|move: Stealth Rock
|
|-weather|Sandstorm|[upkeep]
|-damage|p1a: Iron Moth|95/100|[from] Sandstorm
|upkeep
|turn|2
|
|t:|1779693960
|-end|p1a: Iron Moth|Quark Drive|[silent]
|switch|p1a: Zamazenta|Zamazenta, shiny|100/100
|-damage|p1a: Zamazenta|94/100|[from] Stealth Rock
|-ability|p1a: Zamazenta|Dauntless Shield|boost
|-boost|p1a: Zamazenta|def|1
|move|p2a: Tyranitar|Knock Off|p1a: Zamazenta
|-resisted|p1a: Zamazenta
|-crit|p1a: Zamazenta
|-damage|p1a: Zamazenta|55/100
|-enditem|p1a: Zamazenta|Choice Band|[from] move: Knock Off|[of] p2a: Tyranitar
|
|-weather|Sandstorm|[upkeep]
|-damage|p1a: Zamazenta|49/100|[from] Sandstorm
|upkeep
|turn|3
|
|t:|1779693973
|switch|p2a: Zapdos|Zapdos|100/100
|move|p1a: Zamazenta|Close Combat|p2a: Zapdos
|-resisted|p2a: Zapdos
|-damage|p2a: Zapdos|70/100
|-unboost|p1a: Zamazenta|def|1
|-unboost|p1a: Zamazenta|spd|1
|
|-weather|Sandstorm|[upkeep]
|-damage|p1a: Zamazenta|43/100|[from] Sandstorm
|-damage|p2a: Zapdos|64/100|[from] Sandstorm
|upkeep
|turn|4
|
|t:|1779693983
|switch|p2a: Excadrill|Excadrill, M, shiny|100/100
|move|p1a: Zamazenta|Stone Edge|p2a: Excadrill|[miss]
|-miss|p1a: Zamazenta|p2a: Excadrill
|
|-weather|Sandstorm|[upkeep]
|-damage|p1a: Zamazenta|36/100|[from] Sandstorm
|upkeep
|turn|5
|
|t:|1779693999
|move|p2a: Excadrill|Earthquake|p1a: Zamazenta
|-damage|p1a: Zamazenta|0 fnt
|faint|p1a: Zamazenta
|
|-weather|Sandstorm|[upkeep]
|upkeep
|
|t:|1779694001
|switch|p1a: Rillaboom|Rillaboom, M|100/100
|-damage|p1a: Rillaboom|88/100|[from] Stealth Rock
|-fieldstart|move: Grassy Terrain|[from] ability: Grassy Surge|[of] p1a: Rillaboom
|turn|6
|
|t:|1779694009
|move|p2a: Excadrill|Rapid Spin|p1a: Rillaboom
|-damage|p1a: Rillaboom|67/100
|-boost|p2a: Excadrill|spe|1
|-sideend|p2: zg4h11|Toxic Spikes|[from] move: Rapid Spin|[of] p2a: Excadrill
|move|p1a: Rillaboom|Swords Dance|p1a: Rillaboom
|-boost|p1a: Rillaboom|atk|2
|
|-weather|Sandstorm|[upkeep]
|-damage|p1a: Rillaboom|61/100|[from] Sandstorm
|-heal|p1a: Rillaboom|67/100|[from] Grassy Terrain
|upkeep
|turn|7
|
|t:|1779694019
|switch|p2a: Zapdos|Zapdos|64/100
|move|p1a: Rillaboom|Knock Off|p2a: Zapdos
|-damage|p2a: Zapdos|0 fnt
|-enditem|p2a: Zapdos|Heavy-Duty Boots|[from] move: Knock Off|[of] p1a: Rillaboom
|faint|p2a: Zapdos
|-damage|p1a: Rillaboom|57/100|[from] item: Life Orb
|
|-weather|Sandstorm|[upkeep]
|-damage|p1a: Rillaboom|51/100|[from] Sandstorm
|-heal|p1a: Rillaboom|57/100|[from] Grassy Terrain
|upkeep
|inactive|zg4h11 has 120 seconds left.
|
|t:|1779694048
|switch|p2a: Dragapult|Dragapult, M|100/100
|turn|8
|
|t:|1779694054
|move|p1a: Rillaboom|Grassy Glide|p2a: Dragapult
|-resisted|p2a: Dragapult
|-damage|p2a: Dragapult|23/100
|-damage|p1a: Rillaboom|47/100|[from] item: Life Orb
|move|p2a: Dragapult|U-turn|p1a: Rillaboom
|-supereffective|p1a: Rillaboom
|-damage|p1a: Rillaboom|5/100
|
|t:|1779694061
|switch|p2a: Iron Valiant|Iron Valiant, shiny|100/100|[from] U-turn
|
|-weather|none
|-heal|p1a: Rillaboom|12/100|[from] Grassy Terrain
|upkeep
|turn|9
|
|t:|1779694066
|move|p2a: Iron Valiant|Vacuum Wave|p1a: Rillaboom
|-damage|p1a: Rillaboom|0 fnt
|faint|p1a: Rillaboom
|
|upkeep
|
|t:|1779694077
|switch|p1a: Gholdengo|Gholdengo|100/100
|-damage|p1a: Gholdengo|94/100|[from] Stealth Rock
|-enditem|p1a: Gholdengo|Grassy Seed
|-boost|p1a: Gholdengo|def|1|[from] item: Grassy Seed
|turn|10
|
|t:|1779694091
|-end|p2a: Iron Valiant|Quark Drive|[silent]
|switch|p2a: Tyranitar|Tyranitar, M, shiny|100/100
|-weather|Sandstorm|[from] ability: Sand Stream|[of] p2a: Tyranitar
|move|p1a: Gholdengo|Nasty Plot|p1a: Gholdengo
|-boost|p1a: Gholdengo|spa|2
|
|-weather|Sandstorm|[upkeep]
|-heal|p1a: Gholdengo|100/100|[from] Grassy Terrain
|-fieldend|move: Grassy Terrain
|upkeep
|turn|11
|
|t:|1779694102
|-terastallize|p1a: Gholdengo|Water
|move|p2a: Tyranitar|Knock Off|p1a: Gholdengo
|-damage|p1a: Gholdengo|77/100
|move|p1a: Gholdengo|Nasty Plot|p1a: Gholdengo
|-boost|p1a: Gholdengo|spa|2
|
|-weather|Sandstorm|[upkeep]
|-damage|p1a: Gholdengo|71/100|[from] Sandstorm
|upkeep
|turn|12
|
|t:|1779694113
|move|p2a: Tyranitar|Knock Off|p1a: Gholdengo
|-damage|p1a: Gholdengo|47/100
|move|p1a: Gholdengo|Make It Rain|p2a: Tyranitar
|-supereffective|p2a: Tyranitar
|-damage|p2a: Tyranitar|0 fnt
|-unboost|p1a: Gholdengo|spa|1
|faint|p2a: Tyranitar
|
|-weather|Sandstorm|[upkeep]
|-damage|p1a: Gholdengo|41/100|[from] Sandstorm
|upkeep
|
|t:|1779694126
|switch|p2a: Iron Valiant|Iron Valiant, shiny|100/100
|turn|13
|
|t:|1779694130
|move|p2a: Iron Valiant|Moonblast|p1a: Gholdengo
|-damage|p1a: Gholdengo|0 fnt
|faint|p1a: Gholdengo
|
|-weather|Sandstorm|[upkeep]
|-damage|p2a: Iron Valiant|94/100|[from] Sandstorm
|upkeep
|
|t:|1779694133
|switch|p1a: Iron Moth|Iron Moth|95/100
|-damage|p1a: Iron Moth|70/100|[from] Stealth Rock
|turn|14
|
|t:|1779694142
|-end|p2a: Iron Valiant|Quark Drive|[silent]
|switch|p2a: Excadrill|Excadrill, M, shiny|100/100
|move|p1a: Iron Moth|Fiery Dance|p2a: Excadrill
|-supereffective|p2a: Excadrill
|-damage|p2a: Excadrill|0 fnt
|faint|p2a: Excadrill
|
|-weather|Sandstorm|[upkeep]
|-damage|p1a: Iron Moth|64/100|[from] Sandstorm
|upkeep
|
|t:|1779694150
|switch|p2a: Dragapult|Dragapult, M|23/100
|turn|15
|
|t:|1779694154
|-terastallize|p2a: Dragapult|Dragon
|move|p2a: Dragapult|Dragon Darts|p1a: Iron Moth
|-damage|p1a: Iron Moth|19/100
|-anim|p2a: Dragapult|Dragon Darts|p1a: Iron Moth
|-damage|p1a: Iron Moth|0 fnt
|faint|p1a: Iron Moth
|-end|p1a: Iron Moth|Quark Drive|[silent]
|
|-weather|Sandstorm|[upkeep]
|-damage|p2a: Dragapult|17/100|[from] Sandstorm
|upkeep
|
|t:|1779694157
|switch|p1a: Iron Jugulis|Iron Jugulis|100/100
|-damage|p1a: Iron Jugulis|76/100|[from] Stealth Rock
|-enditem|p1a: Iron Jugulis|Booster Energy
|-activate|p1a: Iron Jugulis|ability: Quark Drive|[fromitem]
|-start|p1a: Iron Jugulis|quarkdrivespe
|turn|16
|
|t:|1779694177
|move|p1a: Iron Jugulis|Knock Off|p2a: Dragapult
|-damage|p2a: Dragapult|0 fnt
|-enditem|p2a: Dragapult|Heavy-Duty Boots|[from] move: Knock Off|[of] p1a: Iron Jugulis
|faint|p2a: Dragapult
|
|-weather|Sandstorm|[upkeep]
|-damage|p1a: Iron Jugulis|69/100|[from] Sandstorm
|upkeep
|
|t:|1779694184
|switch|p2a: Hatterene|Hatterene, F|100/100
|turn|17
|
|t:|1779694191
|move|p1a: Iron Jugulis|Hurricane|p2a: Hatterene
|-damage|p2a: Hatterene|38/100
|-start|p2a: Hatterene|confusion
|-activate|p2a: Hatterene|confusion
|move|p2a: Hatterene|Draining Kiss|p1a: Iron Jugulis
|-supereffective|p1a: Iron Jugulis
|-damage|p1a: Iron Jugulis|5/100
|-heal|p2a: Hatterene|88/100|[from] drain|[of] p1a: Iron Jugulis
|
|-weather|none
|upkeep
|turn|18
|inactive|zg4h11 has 120 seconds left.
|
|t:|1779694221
|move|p1a: Iron Jugulis|Hurricane|p2a: Hatterene|[miss]
|-miss|p1a: Iron Jugulis|p2a: Hatterene
|-activate|p2a: Hatterene|confusion
|move|p2a: Hatterene|Draining Kiss|p1a: Iron Jugulis
|-supereffective|p1a: Iron Jugulis
|-damage|p1a: Iron Jugulis|0 fnt
|-heal|p2a: Hatterene|92/100|[from] drain|[of] p1a: Iron Jugulis
|faint|p1a: Iron Jugulis
|-end|p1a: Iron Jugulis|Quark Drive|[silent]
|
|upkeep
|
|t:|1779694226
|switch|p1a: Deoxys|Deoxys-Speed|100/100
|-damage|p1a: Deoxys|88/100|[from] Stealth Rock
|-ability|p1a: Deoxys|Pressure
|turn|19
|c|☆Mca player 11|ggwp
|
|t:|1779694234
|move|p1a: Deoxys|Spikes|p2a: Hatterene
|move|p2a: Hatterene|Spikes|p1a: Deoxys|[from] ability: Magic Bounce
|-sidestart|p1: Mca player 11|Spikes
|-end|p2a: Hatterene|confusion
|move|p2a: Hatterene|Nuzzle|p1a: Deoxys
|-damage|p1a: Deoxys|83/100
|-status|p1a: Deoxys|par
|-damage|p2a: Hatterene|75/100|[from] item: Rocky Helmet|[of] p1a: Deoxys
|
|upkeep
|turn|20
|
|t:|1779694244
|move|p1a: Deoxys|Spikes|p2a: Hatterene
|move|p2a: Hatterene|Spikes|p1a: Deoxys|[from] ability: Magic Bounce
|-sidestart|p1: Mca player 11|Spikes
|move|p2a: Hatterene|Draining Kiss|p1a: Deoxys
|-damage|p1a: Deoxys|57/100 par
|-heal|p2a: Hatterene|94/100|[from] drain|[of] p1a: Deoxys
|-damage|p2a: Hatterene|77/100|[from] item: Rocky Helmet|[of] p1a: Deoxys
|
|upkeep
|turn|21
|
|t:|1779694252
|move|p1a: Deoxys|Pain Split|p2a: Hatterene
|-sethp|p2a: Hatterene|66/100|[from] move: Pain Split|[silent]
|-sethp|p1a: Deoxys|69/100 par|[from] move: Pain Split
|move|p2a: Hatterene|Draining Kiss|p1a: Deoxys
|-damage|p1a: Deoxys|41/100 par
|-heal|p2a: Hatterene|86/100|[from] drain|[of] p1a: Deoxys
|-damage|p2a: Hatterene|69/100|[from] item: Rocky Helmet|[of] p1a: Deoxys
|
|upkeep
|turn|22
|
|t:|1779694261
|switch|p2a: Iron Valiant|Iron Valiant, shiny|94/100
|move|p1a: Deoxys|Spikes|p2a: Iron Valiant
|-sidestart|p2: zg4h11|Spikes
|
|upkeep
|turn|23
|
|t:|1779694266
|move|p2a: Iron Valiant|Shadow Ball|p1a: Deoxys
|-supereffective|p1a: Deoxys
|-damage|p1a: Deoxys|0 fnt
|faint|p1a: Deoxys
|
|win|zg4h11
|raw|Mca player 11's rating: 1454 &rarr; <strong>1439</strong><br />(-15 for losing)
|raw|zg4h11's rating: 1547 &rarr; <strong>1562</strong><br />(+15 for winning)
|l|☆Mca player 11
|player|p1|
|l|☆zg4h11
|player|p2|
