|j|☆Scoffly
|j|☆not thatone pls
|t:|1779714902
|gametype|singles
|player|p1|Scoffly|cynthia|1165
|player|p2|not thatone pls|170|1162
|gen|9
|tier|[Gen 9] OU
|rated|
|rule|HP Percentage Mod: HP is shown in percentages
|rule|Endless Battle Clause: Forcing endless battles is banned
|rule|Species Clause: Limit one of each Pokémon
|rule|OHKO Clause: OHKO moves are banned
|rule|Evasion Items Clause: Evasion items are banned
|rule|Evasion Moves Clause: Evasion moves are banned
|rule|Evasion Abilities Clause: Evasion abilities are banned
|rule|Sleep Moves Clause: Sleep-inducing moves are banned
|clearpoke
|poke|p1|Corviknight, M|
|poke|p1|Dragapult, F|
|poke|p1|Primarina, F|
|poke|p1|Skeledirge, M|
|poke|p1|Great Tusk|
|poke|p1|Kingambit, M|
|poke|p2|Iron Crown|
|poke|p2|Quaquaval, M|
|poke|p2|Kingambit, F|
|poke|p2|Haxorus, F|
|poke|p2|Blastoise, M|
|poke|p2|Altaria, F|
|teampreview
|
|t:|1779714931
|teamsize|p1|6
|teamsize|p2|6
|start
|switch|p1a: Dragapult|Dragapult, F, shiny|100/100
|switch|p2a: Haxorus|Haxorus, F|100/100
|-ability|p2a: Haxorus|Mold Breaker
|turn|1
|
|t:|1779714945
|-terastallize|p2a: Haxorus|Steel
|move|p1a: Dragapult|U-turn|p2a: Haxorus
|-resisted|p2a: Haxorus
|-damage|p2a: Haxorus|90/100
|
|t:|1779714950
|switch|p1a: Corviknight|Corviknight, M, shiny|100/100|[from] U-turn
|move|p2a: Haxorus|Swords Dance|p2a: Haxorus
|-boost|p2a: Haxorus|atk|2
|
|upkeep
|turn|2
|
|t:|1779714958
|switch|p1a: Skeledirge|Skeledirge, M, shiny|100/100
|move|p2a: Haxorus|Swords Dance|p2a: Haxorus
|-boost|p2a: Haxorus|atk|2
|
|upkeep
|turn|3
|inactive|Battle timer is ON: inactive players will automatically lose when time's up. (requested by not thatone pls)
|
|t:|1779714972
|move|p2a: Haxorus|Scale Shot|p1a: Skeledirge
|-damage|p1a: Skeledirge|75/100
|-damage|p1a: Skeledirge|47/100
|-damage|p1a: Skeledirge|21/100
|-damage|p1a: Skeledirge|0 fnt
|faint|p1a: Skeledirge
|-hitcount|p1: Skeledirge|4
|-unboost|p2a: Haxorus|def|1
|-boost|p2a: Haxorus|spe|1
|
|upkeep
|c|☆not thatone pls|//dt unaware
|
|t:|1779714995
|switch|p1a: Great Tusk|Great Tusk, shiny|100/100
|turn|4
|
|t:|1779715005
|move|p2a: Haxorus|Iron Head|p1a: Great Tusk
|-damage|p1a: Great Tusk|0 fnt
|faint|p1a: Great Tusk
|-end|p1a: Great Tusk|Protosynthesis|[silent]
|
|upkeep
|
|t:|1779715010
|switch|p1a: Corviknight|Corviknight, M, shiny|100/100
|turn|5
|
|t:|1779715016
|move|p2a: Haxorus|Iron Head|p1a: Corviknight
|-resisted|p1a: Corviknight
|-damage|p1a: Corviknight|58/100
|-damage|p2a: Haxorus|74/100|[from] item: Rocky Helmet|[of] p1a: Corviknight
|move|p1a: Corviknight|U-turn|p2a: Haxorus
|-resisted|p2a: Haxorus
|-damage|p2a: Haxorus|59/100
|
|t:|1779715029
|switch|p1a: Dragapult|Dragapult, F, shiny|100/100|[from] U-turn
|
|upkeep
|turn|6
|
|t:|1779715036
|switch|p1a: Corviknight|Corviknight, M, shiny|58/100
|move|p2a: Haxorus|Iron Head|p1a: Corviknight
|-resisted|p1a: Corviknight
|-damage|p1a: Corviknight|18/100
|-damage|p2a: Haxorus|43/100|[from] item: Rocky Helmet|[of] p1a: Corviknight
|
|upkeep
|turn|7
|
|t:|1779715050
|move|p2a: Haxorus|Iron Head|p1a: Corviknight
|-resisted|p1a: Corviknight
|-damage|p1a: Corviknight|0 fnt
|-damage|p2a: Haxorus|26/100|[from] item: Rocky Helmet|[of] p1a: Corviknight
|faint|p1a: Corviknight
|
|upkeep
|
|t:|1779715055
|switch|p1a: Kingambit|Kingambit, M, shiny|100/100
|-activate|p1a: Kingambit|ability: Supreme Overlord
|-start|p1a: Kingambit|fallen3|[silent]
|turn|8
|
|t:|1779715063
|move|p1a: Kingambit|Sucker Punch||[still]
|-fail|p1a: Kingambit
|move|p2a: Haxorus|Swords Dance|p2a: Haxorus
|-boost|p2a: Haxorus|atk|2
|
|upkeep
|turn|9
|
|t:|1779715066
|move|p1a: Kingambit|Sucker Punch|p2a: Haxorus
|-damage|p2a: Haxorus|0 fnt
|faint|p2a: Haxorus
|
|upkeep
|
|t:|1779715075
|switch|p2a: Quaquaval|Quaquaval, M|100/100
|turn|10
|
|t:|1779715086
|-terastallize|p1a: Kingambit|Ghost
|move|p2a: Quaquaval|Swords Dance|p2a: Quaquaval
|-boost|p2a: Quaquaval|atk|2
|move|p1a: Kingambit|Swords Dance|p1a: Kingambit
|-boost|p1a: Kingambit|atk|2
|
|upkeep
|turn|11
|
|t:|1779715108
|move|p2a: Quaquaval|Aqua Step|p1a: Kingambit
|-damage|p1a: Kingambit|47/100
|-boost|p2a: Quaquaval|spe|1
|move|p1a: Kingambit|Kowtow Cleave|p2a: Quaquaval
|-resisted|p2a: Quaquaval
|-damage|p2a: Quaquaval|0 fnt
|faint|p2a: Quaquaval
|
|upkeep
|
|t:|1779715121
|switch|p2a: Altaria|Altaria, F|100/100
|turn|12
|inactive|Scoffly has 120 seconds left.
|
|t:|1779715153
|move|p2a: Altaria|Cotton Guard|p2a: Altaria
|-boost|p2a: Altaria|def|3
|move|p1a: Kingambit|Kowtow Cleave|p2a: Altaria
|-damage|p2a: Altaria|32/100
|
|-heal|p2a: Altaria|38/100|[from] item: Leftovers
|upkeep
|turn|13
|inactive|not thatone pls has 120 seconds left.
|inactive|Scoffly has 120 seconds left.
|
|t:|1779715180
|move|p2a: Altaria|Cotton Guard|p2a: Altaria
|-boost|p2a: Altaria|def|3
|move|p1a: Kingambit|Kowtow Cleave|p2a: Altaria
|-damage|p2a: Altaria|0 fnt
|faint|p2a: Altaria
|
|upkeep
|-message|not thatone pls forfeited.
|
|win|Scoffly
|raw|Scoffly's rating: 1165 &rarr; <strong>1190</strong><br />(+25 for winning)
|raw|not thatone pls's rating: 1162 &rarr; <strong>1137</strong><br />(-25 for losing)
|l|☆not thatone pls
|player|p2|
|l|☆Scoffly
|player|p1|
