|j|☆dooozdzdz
|j|☆1000TURNSFR
|t:|1779662332
|gametype|singles
|player|p1|dooozdzdz|cilan|1679
|player|p2|1000TURNSFR|ghetsis|1644
|gen|9
|tier|[Gen 9] OU
|rated|
|rule|HP Percentage Mod: HP is shown in percentages
|rule|Endless Battle Clause: Forcing endless battles is banned
|rule|Species Clause: Limit one of each Pokémon
|rule|OHKO Clause: OHKO moves are banned
|rule|Evasion Items Clause: Evasion items are banned
|rule|Evasion Moves Clause: Evasion moves are banned
|rule|Evasion Abilities Clause: Evasion abilities are banned
|rule|Sleep Moves Clause: Sleep-inducing moves are banned
|clearpoke
|poke|p1|Ogerpon-Wellspring, F|
|poke|p1|Arcanine-Hisui, M|
|poke|p1|Corviknight, F|
|poke|p1|Hatterene, F|
|poke|p1|Ting-Lu|
|poke|p1|Okidogi, M|
|poke|p2|Clodsire, F|
|poke|p2|Dondozo, F|
|poke|p2|Alomomola, F|
|poke|p2|Talonflame, F|
|poke|p2|Toxapex, F|
|poke|p2|Blissey, F|
|teampreview
|
|t:|1779662349
|teamsize|p1|6
|teamsize|p2|6
|start
|switch|p1a: Hatterene|Hatterene, F|100/100
|switch|p2a: Keep Trying.|Toxapex, F|100/100
|turn|1
|
|t:|1779662359
|switch|p1a: Okidogi|Okidogi, M|100/100
|switch|p2a: Still Trying?|Blissey, F, shiny|100/100
|
|upkeep
|turn|2
|
|t:|1779662363
|switch|p2a: Keep Trying.|Toxapex, F|100/100
|move|p1a: Okidogi|Knock Off|p2a: Keep Trying.
|-damage|p2a: Keep Trying.|83/100
|-enditem|p2a: Keep Trying.|Heavy-Duty Boots|[from] move: Knock Off|[of] p1a: Okidogi
|
|upkeep
|turn|3
|
|t:|1779662379
|switch|p1a: Hatterene|Hatterene, F|100/100
|move|p2a: Keep Trying.|Infestation|p1a: Hatterene
|-damage|p1a: Hatterene|97/100
|-activate|p1a: Hatterene|move: Infestation|[of] p2a: Keep Trying.
|-damage|p2a: Keep Trying.|67/100|[from] item: Rocky Helmet|[of] p1a: Hatterene
|
|-damage|p1a: Hatterene|85/100|[from] move: Infestation|[partiallytrapped]
|upkeep
|turn|4
|
|t:|1779662384
|switch|p2a: Still Trying?|Blissey, F, shiny|100/100
|move|p1a: Hatterene|Nuzzle|p2a: Still Trying?
|-damage|p2a: Still Trying?|97/100
|-status|p2a: Still Trying?|par
|
|-end|p1a: Hatterene|Infestation|[partiallytrapped]|[silent]
|upkeep
|turn|5
|
|t:|1779662388
|move|p1a: Hatterene|Psychic Noise|p2a: Still Trying?
|-damage|p2a: Still Trying?|87/100 par
|-start|p2a: Still Trying?|move: Heal Block
|move|p2a: Still Trying?|Seismic Toss|p1a: Hatterene
|-damage|p1a: Hatterene|54/100
|-damage|p2a: Still Trying?|70/100 par|[from] item: Rocky Helmet|[of] p1a: Hatterene
|
|upkeep
|turn|6
|
|t:|1779662395
|move|p1a: Hatterene|Pain Split|p2a: Still Trying?
|-sethp|p2a: Still Trying?|48/100 par|[from] move: Pain Split|[silent]
|-sethp|p1a: Hatterene|98/100|[from] move: Pain Split
|move|p2a: Still Trying?|Shadow Ball|p1a: Hatterene
|-supereffective|p1a: Hatterene
|-damage|p1a: Hatterene|67/100
|
|-end|p2a: Still Trying?|move: Heal Block
|upkeep
|turn|7
|
|t:|1779662402
|-terastallize|p2a: Still Trying?|Dark
|move|p1a: Hatterene|Psychic Noise|p2a: Still Trying?
|-immune|p2a: Still Trying?
|move|p2a: Still Trying?|Soft-Boiled|p2a: Still Trying?
|-heal|p2a: Still Trying?|98/100 par
|
|upkeep
|turn|8
|
|t:|1779662405
|move|p1a: Hatterene|Pain Split|p2a: Still Trying?
|-sethp|p2a: Still Trying?|66/100 par|[from] move: Pain Split|[silent]
|-sethp|p1a: Hatterene|100/100|[from] move: Pain Split
|move|p2a: Still Trying?|Calm Mind|p2a: Still Trying?
|-boost|p2a: Still Trying?|spa|1
|-boost|p2a: Still Trying?|spd|1
|
|upkeep
|turn|9
|
|t:|1779662409
|switch|p1a: Okidogi|Okidogi, M|100/100
|move|p2a: Still Trying?|Shadow Ball|p1a: Okidogi
|-damage|p1a: Okidogi|84/100
|-unboost|p1a: Okidogi|spd|1
|
|-heal|p1a: Okidogi|90/100|[from] item: Leftovers
|upkeep
|turn|10
|
|t:|1779662414
|-curestatus|p2a: Still Trying?|par|[from] ability: Natural Cure|[silent]
|switch|p2a: Keep Trying.|Toxapex, F|99/100
|move|p1a: Okidogi|Knock Off|p2a: Keep Trying.
|-damage|p2a: Keep Trying.|88/100
|
|-heal|p1a: Okidogi|96/100|[from] item: Leftovers
|upkeep
|turn|11
|
|t:|1779662420
|switch|p1a: Hatterene|Hatterene, F|100/100
|move|p2a: Keep Trying.|Infestation|p1a: Hatterene
|-damage|p1a: Hatterene|98/100
|-activate|p1a: Hatterene|move: Infestation|[of] p2a: Keep Trying.
|-damage|p2a: Keep Trying.|72/100|[from] item: Rocky Helmet|[of] p1a: Hatterene
|
|-damage|p1a: Hatterene|85/100|[from] move: Infestation|[partiallytrapped]
|upkeep
|turn|12
|
|t:|1779662425
|switch|p2a: Still Trying?|Blissey, F, shiny, tera:Dark|66/100
|move|p1a: Hatterene|Nuzzle|p2a: Still Trying?
|-damage|p2a: Still Trying?|62/100
|-status|p2a: Still Trying?|par
|
|-end|p1a: Hatterene|Infestation|[partiallytrapped]|[silent]
|upkeep
|turn|13
|
|t:|1779662427
|-curestatus|p2a: Still Trying?|par|[from] ability: Natural Cure|[silent]
|switch|p2a: Worth Trying.|Clodsire, F, shiny|100/100
|move|p1a: Hatterene|Draining Kiss|p2a: Worth Trying.
|-resisted|p2a: Worth Trying.
|-damage|p2a: Worth Trying.|95/100
|-heal|p1a: Hatterene|92/100|[from] drain|[of] p2a: Worth Trying.
|
|upkeep
|turn|14
|
|t:|1779662430
|move|p1a: Hatterene|Psychic Noise|p2a: Worth Trying.
|-supereffective|p2a: Worth Trying.
|-damage|p2a: Worth Trying.|56/100
|-start|p2a: Worth Trying.|move: Heal Block
|move|p2a: Worth Trying.|Gunk Shot|p1a: Hatterene
|-supereffective|p1a: Hatterene
|-damage|p1a: Hatterene|41/100
|
|upkeep
|turn|15
|
|t:|1779662439
|switch|p1a: Corviknight|Corviknight, F|100/100
|-ability|p1a: Corviknight|Pressure
|move|p2a: Worth Trying.|Gunk Shot|p1a: Corviknight
|-immune|p1a: Corviknight
|
|-end|p2a: Worth Trying.|move: Heal Block
|upkeep
|turn|16
|
|t:|1779662441
|move|p1a: Corviknight|U-turn|p2a: Worth Trying.
|-resisted|p2a: Worth Trying.
|-damage|p2a: Worth Trying.|47/100
|
|t:|1779662444
|switch|p1a: Okidogi|Okidogi, M|96/100|[from] U-turn
|move|p2a: Worth Trying.|Recover|p2a: Worth Trying.
|-heal|p2a: Worth Trying.|97/100
|
|-heal|p1a: Okidogi|100/100|[from] item: Leftovers
|upkeep
|turn|17
|
|t:|1779662447
|switch|p2a: Keep Trying.|Toxapex, F|100/100
|move|p1a: Okidogi|Knock Off|p2a: Keep Trying.
|-damage|p2a: Keep Trying.|88/100
|
|upkeep
|turn|18
|
|t:|1779662450
|switch|p1a: Hatterene|Hatterene, F|41/100
|switch|p2a: Worth Trying.|Clodsire, F, shiny|97/100
|
|upkeep
|turn|19
|
|t:|1779662453
|switch|p1a: Corviknight|Corviknight, F|100/100
|-ability|p1a: Corviknight|Pressure
|switch|p2a: Nice Try.|Talonflame, F, shiny|100/100
|
|upkeep
|turn|20
|
|t:|1779662459
|switch|p1a: Arcanine|Arcanine-Hisui, M|100/100
|move|p2a: Nice Try.|Flamethrower|p1a: Arcanine
|-resisted|p1a: Arcanine
|-damage|p1a: Arcanine|92/100
|
|upkeep
|turn|21
|
|t:|1779662464
|switch|p2a: Keep Trying.|Toxapex, F|100/100
|move|p1a: Arcanine|Head Smash|p2a: Keep Trying.
|-damage|p2a: Keep Trying.|30/100
|
|upkeep
|turn|22
|
|t:|1779662468
|move|p2a: Keep Trying.|Baneful Bunker|p2a: Keep Trying.
|-singleturn|p2a: Keep Trying.|move: Protect
|move|p1a: Arcanine|Head Smash|p2a: Keep Trying.
|-activate|p2a: Keep Trying.|move: Protect
|-status|p1a: Arcanine|psn
|
|-damage|p1a: Arcanine|80/100 psn|[from] psn
|upkeep
|turn|23
|
|t:|1779662470
|switch|p2a: Try Harder.|Alomomola, F, shiny|100/100
|move|p1a: Arcanine|Head Smash|p2a: Try Harder.|[miss]
|-miss|p1a: Arcanine|p2a: Try Harder.
|
|-damage|p1a: Arcanine|68/100 psn|[from] psn
|upkeep
|turn|24
|
|t:|1779662473
|switch|p1a: Ogerpon|Ogerpon-Wellspring, F|100/100
|move|p2a: Try Harder.|Wish|p2a: Try Harder.
|
|upkeep
|turn|25
|
|t:|1779662476
|switch|p2a: Keep Trying.|Toxapex, F|64/100
|move|p1a: Ogerpon|Swords Dance|p1a: Ogerpon
|-boost|p1a: Ogerpon|atk|2
|
|-heal|p2a: Keep Trying.|100/100|[from] move: Wish|[wisher] Try Harder.
|upkeep
|turn|26
|
|t:|1779662479
|move|p1a: Ogerpon|Power Whip|p2a: Keep Trying.
|-damage|p2a: Keep Trying.|10/100
|move|p2a: Keep Trying.|Toxic|p1a: Ogerpon
|-status|p1a: Ogerpon|tox
|
|-damage|p1a: Ogerpon|95/100 tox|[from] psn
|upkeep
|turn|27
|
|t:|1779662483
|move|p2a: Keep Trying.|Baneful Bunker|p2a: Keep Trying.
|-singleturn|p2a: Keep Trying.|move: Protect
|move|p1a: Ogerpon|Swords Dance|p1a: Ogerpon
|-boost|p1a: Ogerpon|atk|2
|
|-damage|p1a: Ogerpon|83/100 tox|[from] psn
|upkeep
|turn|28
|
|t:|1779662486
|switch|p2a: You Tried.|Dondozo, F, shiny|100/100
|move|p1a: Ogerpon|Power Whip|p2a: You Tried.
|-supereffective|p2a: You Tried.
|-damage|p2a: You Tried.|36/100
|
|-damage|p1a: Ogerpon|65/100 tox|[from] psn
|upkeep
|turn|29
|
|t:|1779662490
|switch|p2a: Nice Try.|Talonflame, F, shiny|100/100
|move|p1a: Ogerpon|Power Whip|p2a: Nice Try.
|-resisted|p2a: Nice Try.
|-damage|p2a: Nice Try.|44/100
|
|-damage|p1a: Ogerpon|41/100 tox|[from] psn
|upkeep
|turn|30
|
|t:|1779662495
|switch|p2a: Try Harder.|Alomomola, F, shiny|100/100
|move|p1a: Ogerpon|Ivy Cudgel|p2a: Try Harder.|[anim] Ivy Cudgel Water
|-resisted|p2a: Try Harder.
|-damage|p2a: Try Harder.|46/100
|
|-damage|p1a: Ogerpon|11/100 tox|[from] psn
|upkeep
|turn|31
|j| Powerpuffmoves
|
|t:|1779662500
|move|p2a: Try Harder.|Protect|p2a: Try Harder.
|-singleturn|p2a: Try Harder.|Protect
|move|p1a: Ogerpon|Ivy Cudgel|p2a: Try Harder.|[anim] Ivy Cudgel Water
|-activate|p2a: Try Harder.|move: Protect
|
|-damage|p1a: Ogerpon|0 fnt|[from] psn
|faint|p1a: Ogerpon
|upkeep
|
|t:|1779662508
|switch|p1a: Hatterene|Hatterene, F|41/100
|turn|32
|
|t:|1779662513
|switch|p2a: Still Trying?|Blissey, F, shiny, tera:Dark|62/100
|move|p1a: Hatterene|Psychic Noise|p2a: Still Trying?
|-immune|p2a: Still Trying?
|
|upkeep
|turn|33
|
|t:|1779662517
|switch|p2a: Worth Trying.|Clodsire, F, shiny|97/100
|move|p1a: Hatterene|Nuzzle|p2a: Worth Trying.
|-immune|p2a: Worth Trying.
|
|upkeep
|turn|34
|
|t:|1779662523
|switch|p1a: Okidogi|Okidogi, M|100/100
|move|p2a: Worth Trying.|Gunk Shot|p1a: Okidogi
|-resisted|p1a: Okidogi
|-crit|p1a: Okidogi
|-damage|p1a: Okidogi|80/100
|
|-heal|p1a: Okidogi|86/100|[from] item: Leftovers
|upkeep
|turn|35
|
|t:|1779662530
|switch|p2a: Keep Trying.|Toxapex, F|44/100
|move|p1a: Okidogi|Bulk Up|p1a: Okidogi
|-boost|p1a: Okidogi|atk|1
|-boost|p1a: Okidogi|def|1
|
|-heal|p1a: Okidogi|92/100|[from] item: Leftovers
|upkeep
|turn|36
|
|t:|1779662539
|switch|p2a: Worth Trying.|Clodsire, F, shiny|97/100
|move|p1a: Okidogi|Knock Off|p2a: Worth Trying.
|-damage|p2a: Worth Trying.|67/100
|-enditem|p2a: Worth Trying.|Heavy-Duty Boots|[from] move: Knock Off|[of] p1a: Okidogi
|
|-heal|p1a: Okidogi|98/100|[from] item: Leftovers
|upkeep
|turn|37
|
|t:|1779662542
|move|p1a: Okidogi|Ice Punch|p2a: Worth Trying.
|-supereffective|p2a: Worth Trying.
|-damage|p2a: Worth Trying.|23/100
|move|p2a: Worth Trying.|Recover|p2a: Worth Trying.
|-heal|p2a: Worth Trying.|73/100
|
|-heal|p1a: Okidogi|100/100|[from] item: Leftovers
|upkeep
|turn|38
|
|t:|1779662546
|switch|p2a: You Tried.|Dondozo, F, shiny|36/100
|move|p1a: Okidogi|Knock Off|p2a: You Tried.
|-damage|p2a: You Tried.|23/100
|-enditem|p2a: You Tried.|Heavy-Duty Boots|[from] move: Knock Off|[of] p1a: Okidogi
|
|upkeep
|turn|39
|
|t:|1779662551
|switch|p1a: Arcanine|Arcanine-Hisui, M|68/100 psn
|move|p2a: You Tried.|Rest|p2a: You Tried.
|-status|p2a: You Tried.|slp|[from] move: Rest
|-heal|p2a: You Tried.|100/100 slp|[silent]
|
|-damage|p1a: Arcanine|55/100 psn|[from] psn
|upkeep
|turn|40
|
|t:|1779662556
|move|p1a: Arcanine|Head Smash|p2a: You Tried.
|-damage|p2a: You Tried.|56/100 slp
|cant|p2a: You Tried.|slp
|move|p2a: You Tried.|Sleep Talk|p2a: You Tried.
|move|p2a: You Tried.|Rest||[from] move: Sleep Talk|[still]
|-fail|p2a: You Tried.
|
|-damage|p1a: Arcanine|43/100 psn|[from] psn
|upkeep
|turn|41
|
|t:|1779662561
|switch|p2a: Try Harder.|Alomomola, F, shiny|80/100
|move|p1a: Arcanine|Head Smash|p2a: Try Harder.
|-damage|p2a: Try Harder.|12/100
|
|-damage|p1a: Arcanine|30/100 psn|[from] psn
|upkeep
|turn|42
|
|t:|1779662564
|move|p2a: Try Harder.|Protect|p2a: Try Harder.
|-singleturn|p2a: Try Harder.|Protect
|move|p1a: Arcanine|Head Smash|p2a: Try Harder.
|-activate|p2a: Try Harder.|move: Protect
|
|-damage|p1a: Arcanine|18/100 psn|[from] psn
|upkeep
|turn|43
|
|t:|1779662571
|switch|p2a: Nice Try.|Talonflame, F, shiny|44/100
|move|p1a: Arcanine|Head Smash|p2a: Nice Try.
|-supereffective|p2a: Nice Try.
|-damage|p2a: Nice Try.|0 fnt
|faint|p2a: Nice Try.
|
|-damage|p1a: Arcanine|6/100 psn|[from] psn
|upkeep
|
|t:|1779662579
|switch|p2a: Try Harder.|Alomomola, F, shiny|45/100
|turn|44
|
|t:|1779662584
|switch|p1a: Ting-Lu|Ting-Lu|100/100
|-ability|p1a: Ting-Lu|Vessel of Ruin
|move|p2a: Try Harder.|Protect||[still]
|-fail|p2a: Try Harder.
|
|upkeep
|turn|45
|
|t:|1779662586
|move|p1a: Ting-Lu|Stealth Rock|p2a: Try Harder.
|-sidestart|p2: 1000TURNSFR|move: Stealth Rock
|move|p2a: Try Harder.|Wish|p2a: Try Harder.
|
|upkeep
|turn|46
|
|t:|1779662591
|switch|p1a: Hatterene|Hatterene, F|41/100
|move|p2a: Try Harder.|Flip Turn|p1a: Hatterene
|-damage|p1a: Hatterene|27/100
|-damage|p2a: Try Harder.|28/100|[from] item: Rocky Helmet|[of] p1a: Hatterene
|
|t:|1779662596
|switch|p2a: Worth Trying.|Clodsire, F, shiny|73/100|[from] Flip Turn
|-damage|p2a: Worth Trying.|67/100|[from] Stealth Rock
|
|-heal|p2a: Worth Trying.|100/100|[from] move: Wish|[wisher] Try Harder.
|upkeep
|turn|47
|
|t:|1779662599
|switch|p1a: Corviknight|Corviknight, F|100/100
|-ability|p1a: Corviknight|Pressure
|move|p2a: Worth Trying.|Bulldoze|p1a: Corviknight
|-immune|p1a: Corviknight
|
|upkeep
|turn|48
|
|t:|1779662602
|move|p1a: Corviknight|Brave Bird|p2a: Worth Trying.
|-damage|p2a: Worth Trying.|63/100
|-damage|p1a: Corviknight|86/100|[from] Recoil
|move|p2a: Worth Trying.|Bulldoze|p1a: Corviknight
|-immune|p1a: Corviknight
|
|upkeep
|turn|49
|
|t:|1779662605
|switch|p2a: Try Harder.|Alomomola, F, shiny|62/100
|move|p1a: Corviknight|Brave Bird|p2a: Try Harder.
|-damage|p2a: Try Harder.|37/100
|-damage|p1a: Corviknight|77/100|[from] Recoil
|
|upkeep
|turn|50
|
|t:|1779662608
|move|p1a: Corviknight|U-turn|p2a: Try Harder.
|-damage|p2a: Try Harder.|28/100
|
|t:|1779662615
|switch|p1a: Hatterene|Hatterene, F|27/100|[from] U-turn
|move|p2a: Try Harder.|Wish|p2a: Try Harder.
|
|upkeep
|turn|51
|
|t:|1779662622
|move|p2a: Try Harder.|Protect|p2a: Try Harder.
|-singleturn|p2a: Try Harder.|Protect
|move|p1a: Hatterene|Draining Kiss|p2a: Try Harder.
|-activate|p2a: Try Harder.|move: Protect
|
|-heal|p2a: Try Harder.|78/100|[from] move: Wish|[wisher] Try Harder.
|upkeep
|turn|52
|
|t:|1779662630
|move|p2a: Try Harder.|Scald|p1a: Hatterene
|-damage|p1a: Hatterene|12/100
|move|p1a: Hatterene|Pain Split|p2a: Try Harder.
|-sethp|p2a: Try Harder.|43/100|[from] move: Pain Split|[silent]
|-sethp|p1a: Hatterene|64/100|[from] move: Pain Split
|
|upkeep
|turn|53
|
|t:|1779662636
|switch|p2a: Still Trying?|Blissey, F, shiny, tera:Dark|62/100
|move|p1a: Hatterene|Psychic Noise|p2a: Still Trying?
|-immune|p2a: Still Trying?
|
|upkeep
|turn|54
|j| Ctannn
|
|t:|1779662646
|move|p2a: Still Trying?|Calm Mind|p2a: Still Trying?
|-boost|p2a: Still Trying?|spa|1
|-boost|p2a: Still Trying?|spd|1
|move|p1a: Hatterene|Nuzzle|p2a: Still Trying?
|-damage|p2a: Still Trying?|59/100
|-status|p2a: Still Trying?|par
|
|upkeep
|turn|55
|
|t:|1779662653
|switch|p1a: Ting-Lu|Ting-Lu|100/100
|-ability|p1a: Ting-Lu|Vessel of Ruin
|move|p2a: Still Trying?|Shadow Ball|p1a: Ting-Lu
|-resisted|p1a: Ting-Lu
|-damage|p1a: Ting-Lu|96/100
|
|-heal|p1a: Ting-Lu|100/100|[from] item: Leftovers
|upkeep
|turn|56
|
|t:|1779662657
|-curestatus|p2a: Still Trying?|par|[from] ability: Natural Cure|[silent]
|switch|p2a: Try Harder.|Alomomola, F, shiny|76/100
|move|p1a: Ting-Lu|Earthquake|p2a: Try Harder.
|-damage|p2a: Try Harder.|53/100
|
|upkeep
|turn|57
|
|t:|1779662662
|move|p1a: Ting-Lu|Earthquake|p2a: Try Harder.
|-damage|p2a: Try Harder.|31/100
|move|p2a: Try Harder.|Wish|p2a: Try Harder.
|
|upkeep
|turn|58
|
|t:|1779662667
|switch|p2a: You Tried.|Dondozo, F, shiny|56/100 slp
|-damage|p2a: You Tried.|43/100 slp|[from] Stealth Rock
|move|p1a: Ting-Lu|Whirlwind|p2a: You Tried.
|drag|p2a: Worth Trying.|Clodsire, F, shiny|63/100
|-damage|p2a: Worth Trying.|57/100|[from] Stealth Rock
|
|-heal|p2a: Worth Trying.|100/100|[from] move: Wish|[wisher] Try Harder.
|upkeep
|turn|59
|
|t:|1779662674
|switch|p2a: Try Harder.|Alomomola, F, shiny|64/100
|move|p1a: Ting-Lu|Ruination|p2a: Try Harder.
|-damage|p2a: Try Harder.|32/100
|
|upkeep
|turn|60
|
|t:|1779662681
|move|p2a: Try Harder.|Protect|p2a: Try Harder.
|-singleturn|p2a: Try Harder.|Protect
|move|p1a: Ting-Lu|Earthquake|p2a: Try Harder.
|-activate|p2a: Try Harder.|move: Protect
|
|upkeep
|turn|61
|
|t:|1779662693
|move|p1a: Ting-Lu|Earthquake|p2a: Try Harder.
|-damage|p2a: Try Harder.|11/100
|move|p2a: Try Harder.|Wish|p2a: Try Harder.
|
|upkeep
|turn|62
|
|t:|1779662698
|switch|p2a: Keep Trying.|Toxapex, F|77/100
|-damage|p2a: Keep Trying.|64/100|[from] Stealth Rock
|move|p1a: Ting-Lu|Whirlwind|p2a: Keep Trying.
|drag|p2a: Worth Trying.|Clodsire, F, shiny|100/100
|-damage|p2a: Worth Trying.|94/100|[from] Stealth Rock
|
|-heal|p2a: Worth Trying.|100/100|[from] move: Wish|[wisher] Try Harder.
|upkeep
|turn|63
|
|t:|1779662708
|switch|p2a: Keep Trying.|Toxapex, F|98/100
|-damage|p2a: Keep Trying.|85/100|[from] Stealth Rock
|move|p1a: Ting-Lu|Earthquake|p2a: Keep Trying.
|-supereffective|p2a: Keep Trying.
|-damage|p2a: Keep Trying.|36/100
|
|upkeep
|turn|64
|
|t:|1779662713
|switch|p2a: Try Harder.|Alomomola, F, shiny|45/100
|move|p1a: Ting-Lu|Earthquake|p2a: Try Harder.
|-damage|p2a: Try Harder.|20/100
|
|upkeep
|turn|65
|
|t:|1779662722
|move|p2a: Try Harder.|Protect|p2a: Try Harder.
|-singleturn|p2a: Try Harder.|Protect
|move|p1a: Ting-Lu|Earthquake|p2a: Try Harder.
|-activate|p2a: Try Harder.|move: Protect
|
|upkeep
|turn|66
|inactive|Battle timer is ON: inactive players will automatically lose when time's up. (requested by dooozdzdz)
|
|t:|1779662761
|switch|p2a: You Tried.|Dondozo, F, shiny|43/100 slp
|-damage|p2a: You Tried.|31/100 slp|[from] Stealth Rock
|move|p1a: Ting-Lu|Earthquake|p2a: You Tried.
|-damage|p2a: You Tried.|15/100 slp
|
|upkeep
|turn|67
|
|t:|1779662768
|move|p1a: Ting-Lu|Earthquake|p2a: You Tried.
|-damage|p2a: You Tried.|0 fnt
|faint|p2a: You Tried.
|
|upkeep
|
|t:|1779662769
|switch|p2a: Try Harder.|Alomomola, F, shiny|54/100
|turn|68
|
|t:|1779662772
|move|p1a: Ting-Lu|Ruination|p2a: Try Harder.|[miss]
|-miss|p1a: Ting-Lu|p2a: Try Harder.
|move|p2a: Try Harder.|Wish|p2a: Try Harder.
|
|upkeep
|turn|69
|
|t:|1779662778
|move|p2a: Try Harder.|Scald|p1a: Ting-Lu
|-supereffective|p1a: Ting-Lu
|-damage|p1a: Ting-Lu|90/100
|move|p1a: Ting-Lu|Whirlwind|p2a: Try Harder.
|drag|p2a: Keep Trying.|Toxapex, F|69/100
|-damage|p2a: Keep Trying.|56/100|[from] Stealth Rock
|
|-heal|p2a: Keep Trying.|100/100|[from] move: Wish|[wisher] Try Harder.
|-heal|p1a: Ting-Lu|96/100|[from] item: Leftovers
|upkeep
|turn|70
|
|t:|1779662786
|-terastallize|p1a: Ting-Lu|Poison
|move|p1a: Ting-Lu|Earthquake|p2a: Keep Trying.
|-supereffective|p2a: Keep Trying.
|-damage|p2a: Keep Trying.|55/100
|move|p2a: Keep Trying.|Toxic|p1a: Ting-Lu
|-immune|p1a: Ting-Lu
|
|-heal|p1a: Ting-Lu|100/100|[from] item: Leftovers
|upkeep
|turn|71
|
|t:|1779662790
|switch|p2a: Try Harder.|Alomomola, F, shiny|87/100
|move|p1a: Ting-Lu|Ruination|p2a: Try Harder.
|-damage|p2a: Try Harder.|44/100
|
|upkeep
|turn|72
|
|t:|1779662793
|move|p2a: Try Harder.|Wish|p2a: Try Harder.
|move|p1a: Ting-Lu|Whirlwind|p2a: Try Harder.
|drag|p2a: Still Trying?|Blissey, F, shiny, tera:Dark|59/100
|
|upkeep
|turn|73
|
|t:|1779662797
|switch|p2a: Try Harder.|Alomomola, F, shiny|77/100
|move|p1a: Ting-Lu|Ruination|p2a: Try Harder.
|-damage|p2a: Try Harder.|39/100
|
|-heal|p2a: Try Harder.|89/100|[from] move: Wish|[wisher] Try Harder.
|upkeep
|turn|74
|
|t:|1779662802
|move|p1a: Ting-Lu|Ruination|p2a: Try Harder.
|-damage|p2a: Try Harder.|45/100
|move|p2a: Try Harder.|Scald|p1a: Ting-Lu
|-damage|p1a: Ting-Lu|95/100
|
|-heal|p1a: Ting-Lu|100/100|[from] item: Leftovers
|upkeep
|turn|75
|
|t:|1779662806
|switch|p1a: Hatterene|Hatterene, F|64/100
|move|p2a: Try Harder.|Wish|p2a: Try Harder.
|
|upkeep
|turn|76
|
|t:|1779662812
|switch|p2a: Still Trying?|Blissey, F, shiny, tera:Dark|59/100
|move|p1a: Hatterene|Nuzzle|p2a: Still Trying?
|-damage|p2a: Still Trying?|55/100
|-status|p2a: Still Trying?|par
|
|-heal|p2a: Still Trying?|91/100 par|[from] move: Wish|[wisher] Try Harder.
|upkeep
|turn|77
|
|t:|1779662821
|move|p1a: Hatterene|Pain Split|p2a: Still Trying?
|-sethp|p2a: Still Trying?|61/100 par|[from] move: Pain Split|[silent]
|-sethp|p1a: Hatterene|100/100|[from] move: Pain Split
|move|p2a: Still Trying?|Calm Mind|p2a: Still Trying?
|-boost|p2a: Still Trying?|spa|1
|-boost|p2a: Still Trying?|spd|1
|
|upkeep
|turn|78
|
|t:|1779662825
|switch|p1a: Ting-Lu|Ting-Lu, tera:Poison|100/100
|-ability|p1a: Ting-Lu|Vessel of Ruin
|cant|p2a: Still Trying?|par
|
|upkeep
|turn|79
|
|t:|1779662829
|-curestatus|p2a: Still Trying?|par|[from] ability: Natural Cure|[silent]
|switch|p2a: Try Harder.|Alomomola, F, shiny|78/100
|move|p1a: Ting-Lu|Earthquake|p2a: Try Harder.
|-damage|p2a: Try Harder.|55/100
|
|upkeep
|turn|80
|
|t:|1779662833
|move|p2a: Try Harder.|Scald|p1a: Ting-Lu
|-damage|p1a: Ting-Lu|94/100
|move|p1a: Ting-Lu|Whirlwind|p2a: Try Harder.
|drag|p2a: Keep Trying.|Toxapex, F|88/100
|-damage|p2a: Keep Trying.|76/100|[from] Stealth Rock
|
|-heal|p1a: Ting-Lu|99/100|[from] item: Leftovers
|upkeep
|turn|81
|
|t:|1779662845
|switch|p1a: Hatterene|Hatterene, F|100/100
|switch|p2a: Try Harder.|Alomomola, F, shiny|88/100
|
|upkeep
|turn|82
|
|t:|1779662849
|switch|p2a: Still Trying?|Blissey, F, shiny, tera:Dark|61/100
|move|p1a: Hatterene|Psychic Noise|p2a: Still Trying?
|-immune|p2a: Still Trying?
|
|upkeep
|turn|83
|
|t:|1779662855
|move|p2a: Still Trying?|Calm Mind|p2a: Still Trying?
|-boost|p2a: Still Trying?|spa|1
|-boost|p2a: Still Trying?|spd|1
|move|p1a: Hatterene|Nuzzle|p2a: Still Trying?
|-damage|p2a: Still Trying?|57/100
|-status|p2a: Still Trying?|par
|
|upkeep
|turn|84
|
|t:|1779662858
|move|p1a: Hatterene|Draining Kiss|p2a: Still Trying?
|-supereffective|p2a: Still Trying?
|-damage|p2a: Still Trying?|47/100 par
|move|p2a: Still Trying?|Shadow Ball|p1a: Hatterene
|-supereffective|p1a: Hatterene
|-damage|p1a: Hatterene|58/100
|
|upkeep
|turn|85
|
|t:|1779662862
|move|p1a: Hatterene|Draining Kiss|p2a: Still Trying?
|-supereffective|p2a: Still Trying?
|-damage|p2a: Still Trying?|38/100 par
|-heal|p1a: Hatterene|73/100|[from] drain|[of] p2a: Still Trying?
|cant|p2a: Still Trying?|par
|
|upkeep
|turn|86
|
|t:|1779662865
|move|p1a: Hatterene|Draining Kiss|p2a: Still Trying?
|-supereffective|p2a: Still Trying?
|-damage|p2a: Still Trying?|29/100 par
|-heal|p1a: Hatterene|87/100|[from] drain|[of] p2a: Still Trying?
|move|p2a: Still Trying?|Soft-Boiled|p2a: Still Trying?
|-heal|p2a: Still Trying?|79/100 par
|
|upkeep
|turn|87
|
|t:|1779662869
|move|p1a: Hatterene|Draining Kiss|p2a: Still Trying?
|-supereffective|p2a: Still Trying?
|-damage|p2a: Still Trying?|70/100 par
|-heal|p1a: Hatterene|100/100|[from] drain|[of] p2a: Still Trying?
|move|p2a: Still Trying?|Calm Mind|p2a: Still Trying?
|-boost|p2a: Still Trying?|spa|1
|-boost|p2a: Still Trying?|spd|1
|
|upkeep
|turn|88
|
|t:|1779662873
|switch|p1a: Ting-Lu|Ting-Lu, tera:Poison|99/100
|-ability|p1a: Ting-Lu|Vessel of Ruin
|move|p2a: Still Trying?|Shadow Ball|p1a: Ting-Lu
|-crit|p1a: Ting-Lu
|-damage|p1a: Ting-Lu|82/100
|-unboost|p1a: Ting-Lu|spd|1
|
|-heal|p1a: Ting-Lu|88/100|[from] item: Leftovers
|upkeep
|turn|89
|
|t:|1779662881
|switch|p1a: Hatterene|Hatterene, F|100/100
|-curestatus|p2a: Still Trying?|par|[from] ability: Natural Cure|[silent]
|switch|p2a: Try Harder.|Alomomola, F, shiny|100/100
|
|upkeep
|turn|90
|
|t:|1779662888
|move|p2a: Try Harder.|Protect|p2a: Try Harder.
|-singleturn|p2a: Try Harder.|Protect
|move|p1a: Hatterene|Nuzzle|p2a: Try Harder.
|-activate|p2a: Try Harder.|move: Protect
|
|upkeep
|turn|91
|
|t:|1779662891
|switch|p2a: Still Trying?|Blissey, F, shiny, tera:Dark|70/100
|move|p1a: Hatterene|Draining Kiss|p2a: Still Trying?
|-supereffective|p2a: Still Trying?
|-damage|p2a: Still Trying?|55/100
|
|upkeep
|turn|92
|
|t:|1779662895
|switch|p2a: Worth Trying.|Clodsire, F, shiny|100/100
|-damage|p2a: Worth Trying.|94/100|[from] Stealth Rock
|move|p1a: Hatterene|Nuzzle|p2a: Worth Trying.
|-immune|p2a: Worth Trying.
|
|upkeep
|turn|93
|
|t:|1779662899
|switch|p1a: Corviknight|Corviknight, F|77/100
|-ability|p1a: Corviknight|Pressure
|move|p2a: Worth Trying.|Gunk Shot|p1a: Corviknight
|-immune|p1a: Corviknight
|
|upkeep
|turn|94
|
|t:|1779662902
|switch|p2a: Keep Trying.|Toxapex, F|100/100
|-damage|p2a: Keep Trying.|88/100|[from] Stealth Rock
|move|p1a: Corviknight|Brave Bird|p2a: Keep Trying.
|-damage|p2a: Keep Trying.|66/100
|-damage|p1a: Corviknight|71/100|[from] Recoil
|
|upkeep
|turn|95
|
|t:|1779662905
|switch|p2a: Try Harder.|Alomomola, F, shiny|100/100
|move|p1a: Corviknight|Brave Bird|p2a: Try Harder.
|-damage|p2a: Try Harder.|78/100
|-damage|p1a: Corviknight|62/100|[from] Recoil
|
|upkeep
|turn|96
|
|t:|1779662908
|switch|p2a: Keep Trying.|Toxapex, F|99/100
|-damage|p2a: Keep Trying.|87/100|[from] Stealth Rock
|move|p1a: Corviknight|Roost|p1a: Corviknight
|-heal|p1a: Corviknight|100/100
|-singleturn|p1a: Corviknight|move: Roost
|
|upkeep
|turn|97
|
|t:|1779662914
|move|p1a: Corviknight|U-turn|p2a: Keep Trying.
|-resisted|p2a: Keep Trying.
|-damage|p2a: Keep Trying.|82/100
|
|t:|1779662917
|switch|p1a: Okidogi|Okidogi, M|100/100|[from] U-turn
|move|p2a: Keep Trying.|Infestation|p1a: Okidogi
|-resisted|p1a: Okidogi
|-damage|p1a: Okidogi|99/100
|-activate|p1a: Okidogi|move: Infestation|[of] p2a: Keep Trying.
|
|-heal|p1a: Okidogi|100/100|[from] item: Leftovers
|-damage|p1a: Okidogi|88/100|[from] move: Infestation|[partiallytrapped]
|upkeep
|turn|98
|
|t:|1779662923
|switch|p2a: Worth Trying.|Clodsire, F, shiny|94/100
|-damage|p2a: Worth Trying.|88/100|[from] Stealth Rock
|move|p1a: Okidogi|Bulk Up|p1a: Okidogi
|-boost|p1a: Okidogi|atk|1
|-boost|p1a: Okidogi|def|1
|
|-heal|p1a: Okidogi|94/100|[from] item: Leftovers
|-end|p1a: Okidogi|Infestation|[partiallytrapped]|[silent]
|upkeep
|turn|99
|
|t:|1779662927
|switch|p1a: Corviknight|Corviknight, F|100/100
|-ability|p1a: Corviknight|Pressure
|move|p2a: Worth Trying.|Bulldoze|p1a: Corviknight
|-immune|p1a: Corviknight
|
|upkeep
|turn|100
|j| ArtistsRendition
|
|t:|1779662932
|switch|p2a: Try Harder.|Alomomola, F, shiny|100/100
|move|p1a: Corviknight|U-turn|p2a: Try Harder.
|-damage|p2a: Try Harder.|92/100
|
|t:|1779662936
|switch|p1a: Hatterene|Hatterene, F|100/100|[from] U-turn
|
|upkeep
|turn|101
|
|t:|1779662939
|switch|p2a: Still Trying?|Blissey, F, shiny, tera:Dark|55/100
|move|p1a: Hatterene|Nuzzle|p2a: Still Trying?
|-damage|p2a: Still Trying?|51/100
|-status|p2a: Still Trying?|par
|
|upkeep
|turn|102
|
|t:|1779662944
|-curestatus|p2a: Still Trying?|par|[from] ability: Natural Cure|[silent]
|switch|p2a: Try Harder.|Alomomola, F, shiny|100/100
|move|p1a: Hatterene|Draining Kiss|p2a: Try Harder.
|-damage|p2a: Try Harder.|81/100
|
|upkeep
|turn|103
|l| ArtistsRendition
|
|t:|1779662948
|switch|p2a: Still Trying?|Blissey, F, shiny, tera:Dark|51/100
|move|p1a: Hatterene|Nuzzle|p2a: Still Trying?
|-damage|p2a: Still Trying?|48/100
|-status|p2a: Still Trying?|par
|
|upkeep
|turn|104
|
|t:|1779662952
|move|p1a: Hatterene|Nuzzle|p2a: Still Trying?
|-damage|p2a: Still Trying?|45/100 par
|move|p2a: Still Trying?|Soft-Boiled|p2a: Still Trying?
|-heal|p2a: Still Trying?|95/100 par
|
|upkeep
|turn|105
|
|t:|1779662961
|move|p1a: Hatterene|Nuzzle|p2a: Still Trying?
|-damage|p2a: Still Trying?|91/100 par
|move|p2a: Still Trying?|Calm Mind|p2a: Still Trying?
|-boost|p2a: Still Trying?|spa|1
|-boost|p2a: Still Trying?|spd|1
|
|upkeep
|turn|106
|
|t:|1779662964
|switch|p1a: Okidogi|Okidogi, M|94/100
|cant|p2a: Still Trying?|par
|
|-heal|p1a: Okidogi|99/100|[from] item: Leftovers
|upkeep
|turn|107
|
|t:|1779662972
|-curestatus|p2a: Still Trying?|par|[from] ability: Natural Cure|[silent]
|switch|p2a: Try Harder.|Alomomola, F, shiny|100/100
|move|p1a: Okidogi|Bulk Up|p1a: Okidogi
|-boost|p1a: Okidogi|atk|1
|-boost|p1a: Okidogi|def|1
|
|-heal|p1a: Okidogi|100/100|[from] item: Leftovers
|upkeep
|turn|108
|
|t:|1779662981
|switch|p1a: Hatterene|Hatterene, F|100/100
|move|p2a: Try Harder.|Scald|p1a: Hatterene
|-damage|p1a: Hatterene|87/100
|
|upkeep
|turn|109
|
|t:|1779662989
|move|p2a: Try Harder.|Protect|p2a: Try Harder.
|-singleturn|p2a: Try Harder.|Protect
|move|p1a: Hatterene|Nuzzle|p2a: Try Harder.
|-activate|p2a: Try Harder.|move: Protect
|
|upkeep
|turn|110
|
|t:|1779662994
|switch|p2a: Still Trying?|Blissey, F, shiny, tera:Dark|91/100
|switch|p1a: Corviknight|Corviknight, F|100/100
|-ability|p1a: Corviknight|Pressure
|
|upkeep
|turn|111
|
|t:|1779663001
|switch|p2a: Try Harder.|Alomomola, F, shiny|100/100
|move|p1a: Corviknight|U-turn|p2a: Try Harder.
|-damage|p2a: Try Harder.|92/100
|
|t:|1779663005
|switch|p1a: Hatterene|Hatterene, F|87/100|[from] U-turn
|
|upkeep
|turn|112
|
|t:|1779663011
|move|p2a: Try Harder.|Flip Turn|p1a: Hatterene
|-damage|p1a: Hatterene|72/100
|-damage|p2a: Try Harder.|75/100|[from] item: Rocky Helmet|[of] p1a: Hatterene
|
|t:|1779663013
|switch|p2a: Still Trying?|Blissey, F, shiny, tera:Dark|91/100|[from] Flip Turn
|move|p1a: Hatterene|Nuzzle|p2a: Still Trying?
|-damage|p2a: Still Trying?|88/100
|-status|p2a: Still Trying?|par
|
|upkeep
|turn|113
|
|t:|1779663018
|switch|p1a: Ting-Lu|Ting-Lu, tera:Poison|88/100
|-ability|p1a: Ting-Lu|Vessel of Ruin
|-curestatus|p2a: Still Trying?|par|[from] ability: Natural Cure|[silent]
|switch|p2a: Worth Trying.|Clodsire, F, shiny|88/100
|-damage|p2a: Worth Trying.|82/100|[from] Stealth Rock
|
|-heal|p1a: Ting-Lu|94/100|[from] item: Leftovers
|upkeep
|turn|114
|
|t:|1779663022
|switch|p2a: Try Harder.|Alomomola, F, shiny|100/100
|move|p1a: Ting-Lu|Ruination|p2a: Try Harder.
|-damage|p2a: Try Harder.|50/100
|
|-heal|p1a: Ting-Lu|100/100|[from] item: Leftovers
|upkeep
|turn|115
|
|t:|1779663026
|switch|p2a: Keep Trying.|Toxapex, F|100/100
|-damage|p2a: Keep Trying.|88/100|[from] Stealth Rock
|move|p1a: Ting-Lu|Whirlwind|p2a: Keep Trying.
|drag|p2a: Worth Trying.|Clodsire, F, shiny|82/100
|-damage|p2a: Worth Trying.|76/100|[from] Stealth Rock
|
|upkeep
|turn|116
|
|t:|1779663031
|switch|p2a: Keep Trying.|Toxapex, F|100/100
|-damage|p2a: Keep Trying.|88/100|[from] Stealth Rock
|move|p1a: Ting-Lu|Ruination|p2a: Keep Trying.
|-damage|p2a: Keep Trying.|44/100
|
|upkeep
|turn|117
|
|t:|1779663035
|switch|p2a: Try Harder.|Alomomola, F, shiny|84/100
|move|p1a: Ting-Lu|Ruination|p2a: Try Harder.
|-damage|p2a: Try Harder.|42/100
|
|upkeep
|turn|118
|
|t:|1779663039
|move|p1a: Ting-Lu|Ruination|p2a: Try Harder.
|-damage|p2a: Try Harder.|21/100
|move|p2a: Try Harder.|Wish|p2a: Try Harder.
|
|upkeep
|turn|119
|
|t:|1779663041
|switch|p2a: Keep Trying.|Toxapex, F|77/100
|-damage|p2a: Keep Trying.|65/100|[from] Stealth Rock
|move|p1a: Ting-Lu|Whirlwind|p2a: Keep Trying.
|drag|p2a: Worth Trying.|Clodsire, F, shiny|76/100
|-damage|p2a: Worth Trying.|70/100|[from] Stealth Rock
|
|-heal|p2a: Worth Trying.|100/100|[from] move: Wish|[wisher] Try Harder.
|upkeep
|turn|120
|
|t:|1779663045
|switch|p2a: Keep Trying.|Toxapex, F|98/100
|-damage|p2a: Keep Trying.|86/100|[from] Stealth Rock
|move|p1a: Ting-Lu|Ruination|p2a: Keep Trying.
|-damage|p2a: Keep Trying.|43/100
|
|upkeep
|turn|121
|
|t:|1779663048
|move|p2a: Keep Trying.|Baneful Bunker|p2a: Keep Trying.
|-singleturn|p2a: Keep Trying.|move: Protect
|move|p1a: Ting-Lu|Earthquake|p2a: Keep Trying.
|-activate|p2a: Keep Trying.|move: Protect
|
|upkeep
|turn|122
|
|t:|1779663054
|switch|p2a: Try Harder.|Alomomola, F, shiny|55/100
|move|p1a: Ting-Lu|Earthquake|p2a: Try Harder.
|-damage|p2a: Try Harder.|31/100
|
|upkeep
|turn|123
|
|t:|1779663060
|switch|p2a: Keep Trying.|Toxapex, F|76/100
|-damage|p2a: Keep Trying.|64/100|[from] Stealth Rock
|move|p1a: Ting-Lu|Whirlwind|p2a: Keep Trying.
|drag|p2a: Still Trying?|Blissey, F, shiny, tera:Dark|88/100
|
|upkeep
|turn|124
|
|t:|1779663065
|switch|p2a: Keep Trying.|Toxapex, F|97/100
|-damage|p2a: Keep Trying.|85/100|[from] Stealth Rock
|move|p1a: Ting-Lu|Ruination|p2a: Keep Trying.
|-damage|p2a: Keep Trying.|43/100
|
|upkeep
|turn|125
|
|t:|1779663069
|move|p2a: Keep Trying.|Baneful Bunker|p2a: Keep Trying.
|-singleturn|p2a: Keep Trying.|move: Protect
|move|p1a: Ting-Lu|Whirlwind|p2a: Keep Trying.
|drag|p2a: Worth Trying.|Clodsire, F, shiny|100/100
|-damage|p2a: Worth Trying.|94/100|[from] Stealth Rock
|
|upkeep
|turn|126
|
|t:|1779663074
|switch|p2a: Try Harder.|Alomomola, F, shiny|64/100
|move|p1a: Ting-Lu|Ruination|p2a: Try Harder.
|-damage|p2a: Try Harder.|32/100
|
|upkeep
|turn|127
|
|t:|1779663079
|move|p2a: Try Harder.|Wish|p2a: Try Harder.
|move|p1a: Ting-Lu|Whirlwind|p2a: Try Harder.
|drag|p2a: Still Trying?|Blissey, F, shiny, tera:Dark|88/100
|
|upkeep
|turn|128
|
|t:|1779663083
|switch|p2a: Keep Trying.|Toxapex, F|76/100
|-damage|p2a: Keep Trying.|63/100|[from] Stealth Rock
|move|p1a: Ting-Lu|Earthquake|p2a: Keep Trying.
|-supereffective|p2a: Keep Trying.
|-damage|p2a: Keep Trying.|16/100
|
|-heal|p2a: Keep Trying.|94/100|[from] move: Wish|[wisher] Try Harder.
|upkeep
|turn|129
|
|t:|1779663091
|move|p1a: Ting-Lu|Ruination|p2a: Keep Trying.
|-damage|p2a: Keep Trying.|47/100
|move|p2a: Keep Trying.|Infestation|p1a: Ting-Lu
|-resisted|p1a: Ting-Lu
|-damage|p1a: Ting-Lu|99/100
|-activate|p1a: Ting-Lu|move: Infestation|[of] p2a: Keep Trying.
|
|-heal|p1a: Ting-Lu|100/100|[from] item: Leftovers
|-damage|p1a: Ting-Lu|88/100|[from] move: Infestation|[partiallytrapped]
|upkeep
|turn|130
|
|t:|1779663095
|move|p2a: Keep Trying.|Baneful Bunker|p2a: Keep Trying.
|-singleturn|p2a: Keep Trying.|move: Protect
|move|p1a: Ting-Lu|Whirlwind|p2a: Keep Trying.
|drag|p2a: Try Harder.|Alomomola, F, shiny|66/100
|
|-heal|p1a: Ting-Lu|94/100|[from] item: Leftovers
|-end|p1a: Ting-Lu|Infestation|[partiallytrapped]|[silent]
|upkeep
|turn|131
|
|t:|1779663099
|move|p1a: Ting-Lu|Ruination|p2a: Try Harder.|[miss]
|-miss|p1a: Ting-Lu|p2a: Try Harder.
|move|p2a: Try Harder.|Scald|p1a: Ting-Lu
|-damage|p1a: Ting-Lu|88/100
|
|-heal|p1a: Ting-Lu|94/100|[from] item: Leftovers
|upkeep
|turn|132
|
|t:|1779663113
|switch|p1a: Hatterene|Hatterene, F|72/100
|move|p2a: Try Harder.|Flip Turn|p1a: Hatterene
|-damage|p1a: Hatterene|59/100
|-damage|p2a: Try Harder.|49/100|[from] item: Rocky Helmet|[of] p1a: Hatterene
|
|t:|1779663117
|switch|p2a: Keep Trying.|Toxapex, F|80/100|[from] Flip Turn
|-damage|p2a: Keep Trying.|68/100|[from] Stealth Rock
|
|upkeep
|turn|133
|
|t:|1779663122
|switch|p2a: Still Trying?|Blissey, F, shiny, tera:Dark|88/100
|move|p1a: Hatterene|Nuzzle|p2a: Still Trying?
|-damage|p2a: Still Trying?|84/100
|-status|p2a: Still Trying?|par
|
|upkeep
|turn|134
|
|t:|1779663128
|move|p1a: Hatterene|Draining Kiss|p2a: Still Trying?
|-supereffective|p2a: Still Trying?
|-damage|p2a: Still Trying?|70/100 par
|-heal|p1a: Hatterene|80/100|[from] drain|[of] p2a: Still Trying?
|cant|p2a: Still Trying?|par
|
|upkeep
|turn|135
|
|t:|1779663134
|switch|p1a: Okidogi|Okidogi, M|100/100
|move|p2a: Still Trying?|Calm Mind|p2a: Still Trying?
|-boost|p2a: Still Trying?|spa|1
|-boost|p2a: Still Trying?|spd|1
|
|upkeep
|turn|136
|
|t:|1779663137
|switch|p1a: Hatterene|Hatterene, F|80/100
|-curestatus|p2a: Still Trying?|par|[from] ability: Natural Cure|[silent]
|switch|p2a: Try Harder.|Alomomola, F, shiny|82/100
|
|upkeep
|turn|137
|
|t:|1779663142
|move|p2a: Try Harder.|Flip Turn|p1a: Hatterene
|-damage|p1a: Hatterene|67/100
|-damage|p2a: Try Harder.|66/100|[from] item: Rocky Helmet|[of] p1a: Hatterene
|
|t:|1779663147
|switch|p2a: Still Trying?|Blissey, F, shiny, tera:Dark|70/100|[from] Flip Turn
|move|p1a: Hatterene|Nuzzle|p2a: Still Trying?
|-damage|p2a: Still Trying?|67/100
|-status|p2a: Still Trying?|par
|
|upkeep
|turn|138
|
|t:|1779663152
|-curestatus|p2a: Still Trying?|par|[from] ability: Natural Cure|[silent]
|switch|p2a: Worth Trying.|Clodsire, F, shiny|94/100
|-damage|p2a: Worth Trying.|88/100|[from] Stealth Rock
|move|p1a: Hatterene|Draining Kiss|p2a: Worth Trying.
|-resisted|p2a: Worth Trying.
|-damage|p2a: Worth Trying.|83/100
|-heal|p1a: Hatterene|73/100|[from] drain|[of] p2a: Worth Trying.
|
|upkeep
|turn|139
|
|t:|1779663158
|switch|p1a: Corviknight|Corviknight, F|100/100
|-ability|p1a: Corviknight|Pressure
|switch|p2a: Still Trying?|Blissey, F, shiny, tera:Dark|67/100
|
|upkeep
|turn|140
|
|t:|1779663161
|switch|p2a: Try Harder.|Alomomola, F, shiny|99/100
|move|p1a: Corviknight|Brave Bird|p2a: Try Harder.
|-damage|p2a: Try Harder.|77/100
|-damage|p1a: Corviknight|92/100|[from] Recoil
|
|upkeep
|turn|141
|
|t:|1779663164
|move|p1a: Corviknight|U-turn|p2a: Try Harder.
|-damage|p2a: Try Harder.|68/100
|
|t:|1779663166
|switch|p1a: Hatterene|Hatterene, F|73/100|[from] U-turn
|move|p2a: Try Harder.|Scald|p1a: Hatterene
|-damage|p1a: Hatterene|60/100
|-status|p1a: Hatterene|brn
|
|-damage|p1a: Hatterene|54/100 brn|[from] brn
|upkeep
|turn|142
|
|t:|1779663173
|switch|p2a: Still Trying?|Blissey, F, shiny, tera:Dark|67/100
|move|p1a: Hatterene|Nuzzle|p2a: Still Trying?
|-damage|p2a: Still Trying?|65/100
|-status|p2a: Still Trying?|par
|
|-damage|p1a: Hatterene|48/100 brn|[from] brn
|upkeep
|turn|143
|
|t:|1779663180
|-curestatus|p2a: Still Trying?|par|[from] ability: Natural Cure|[silent]
|switch|p2a: Keep Trying.|Toxapex, F|100/100
|-damage|p2a: Keep Trying.|88/100|[from] Stealth Rock
|move|p1a: Hatterene|Pain Split|p2a: Keep Trying.
|-sethp|p2a: Keep Trying.|69/100|[from] move: Pain Split|[silent]
|-sethp|p1a: Hatterene|66/100 brn|[from] move: Pain Split
|
|-damage|p1a: Hatterene|60/100 brn|[from] brn
|upkeep
|turn|144
|
|t:|1779663185
|move|p2a: Keep Trying.|Baneful Bunker|p2a: Keep Trying.
|-singleturn|p2a: Keep Trying.|move: Protect
|move|p1a: Hatterene|Nuzzle|p2a: Keep Trying.
|-activate|p2a: Keep Trying.|move: Protect
|
|-damage|p1a: Hatterene|54/100 brn|[from] brn
|upkeep
|turn|145
|
|t:|1779663191
|switch|p2a: Still Trying?|Blissey, F, shiny, tera:Dark|65/100
|move|p1a: Hatterene|Nuzzle|p2a: Still Trying?
|-damage|p2a: Still Trying?|63/100
|-status|p2a: Still Trying?|par
|
|-damage|p1a: Hatterene|48/100 brn|[from] brn
|upkeep
|turn|146
|
|t:|1779663196
|move|p1a: Hatterene|Pain Split|p2a: Still Trying?
|-sethp|p2a: Still Trying?|44/100 par|[from] move: Pain Split|[silent]
|-sethp|p1a: Hatterene|89/100 brn|[from] move: Pain Split
|cant|p2a: Still Trying?|par
|
|-damage|p1a: Hatterene|83/100 brn|[from] brn
|upkeep
|turn|147
|
|t:|1779663202
|move|p1a: Hatterene|Draining Kiss|p2a: Still Trying?
|-supereffective|p2a: Still Trying?
|-damage|p2a: Still Trying?|30/100 par
|-heal|p1a: Hatterene|100/100 brn|[from] drain|[of] p2a: Still Trying?
|move|p2a: Still Trying?|Soft-Boiled|p2a: Still Trying?
|-heal|p2a: Still Trying?|80/100 par
|
|-damage|p1a: Hatterene|95/100 brn|[from] brn
|upkeep
|turn|148
|
|t:|1779663212
|switch|p1a: Okidogi|Okidogi, M|100/100
|move|p2a: Still Trying?|Calm Mind|p2a: Still Trying?
|-boost|p2a: Still Trying?|spa|1
|-boost|p2a: Still Trying?|spd|1
|
|upkeep
|turn|149
|
|t:|1779663217
|-curestatus|p2a: Still Trying?|par|[from] ability: Natural Cure|[silent]
|switch|p2a: Try Harder.|Alomomola, F, shiny|100/100
|move|p1a: Okidogi|Bulk Up|p1a: Okidogi
|-boost|p1a: Okidogi|atk|1
|-boost|p1a: Okidogi|def|1
|
|upkeep
|turn|150
|
|t:|1779663221
|switch|p1a: Hatterene|Hatterene, F|95/100 brn
|move|p2a: Try Harder.|Scald|p1a: Hatterene
|-crit|p1a: Hatterene
|-damage|p1a: Hatterene|74/100 brn
|
|-damage|p1a: Hatterene|68/100 brn|[from] brn
|upkeep
|turn|151
|
|t:|1779663229
|switch|p2a: Still Trying?|Blissey, F, shiny, tera:Dark|80/100
|move|p1a: Hatterene|Nuzzle|p2a: Still Trying?
|-damage|p2a: Still Trying?|79/100
|-status|p2a: Still Trying?|par
|
|-damage|p1a: Hatterene|62/100 brn|[from] brn
|upkeep
|turn|152
|
|t:|1779663232
|switch|p1a: Okidogi|Okidogi, M|100/100
|-curestatus|p2a: Still Trying?|par|[from] ability: Natural Cure|[silent]
|switch|p2a: Worth Trying.|Clodsire, F, shiny|83/100
|-damage|p2a: Worth Trying.|77/100|[from] Stealth Rock
|
|upkeep
|turn|153
|
|t:|1779663236
|switch|p2a: Keep Trying.|Toxapex, F|100/100
|-damage|p2a: Keep Trying.|88/100|[from] Stealth Rock
|move|p1a: Okidogi|Ice Punch|p2a: Keep Trying.
|-resisted|p2a: Keep Trying.
|-damage|p2a: Keep Trying.|82/100
|
|upkeep
|turn|154
|
|t:|1779663240
|switch|p2a: Try Harder.|Alomomola, F, shiny|100/100
|move|p1a: Okidogi|Bulk Up|p1a: Okidogi
|-boost|p1a: Okidogi|atk|1
|-boost|p1a: Okidogi|def|1
|
|upkeep
|turn|155
|
|t:|1779663243
|switch|p1a: Hatterene|Hatterene, F|62/100 brn
|move|p2a: Try Harder.|Flip Turn|p1a: Hatterene
|-damage|p1a: Hatterene|49/100 brn
|-damage|p2a: Try Harder.|84/100|[from] item: Rocky Helmet|[of] p1a: Hatterene
|
|t:|1779663245
|switch|p2a: Worth Trying.|Clodsire, F, shiny|77/100|[from] Flip Turn
|-damage|p2a: Worth Trying.|71/100|[from] Stealth Rock
|
|-damage|p1a: Hatterene|43/100 brn|[from] brn
|upkeep
|turn|156
|
|t:|1779663248
|switch|p1a: Okidogi|Okidogi, M|100/100
|move|p2a: Worth Trying.|Bulldoze|p1a: Okidogi
|-supereffective|p1a: Okidogi
|-damage|p1a: Okidogi|72/100
|-unboost|p1a: Okidogi|spe|1
|
|-heal|p1a: Okidogi|78/100|[from] item: Leftovers
|upkeep
|turn|157
|
|t:|1779663254
|switch|p2a: Try Harder.|Alomomola, F, shiny|100/100
|move|p1a: Okidogi|Ice Punch|p2a: Try Harder.
|-resisted|p2a: Try Harder.
|-damage|p2a: Try Harder.|94/100
|
|-heal|p1a: Okidogi|84/100|[from] item: Leftovers
|upkeep
|turn|158
|l| Ctannn
|
|t:|1779663259
|switch|p1a: Corviknight|Corviknight, F|92/100
|-ability|p1a: Corviknight|Pressure
|move|p2a: Try Harder.|Flip Turn|p1a: Corviknight
|-damage|p1a: Corviknight|82/100
|-damage|p2a: Try Harder.|78/100|[from] item: Rocky Helmet|[of] p1a: Corviknight
|
|t:|1779663262
|switch|p2a: Keep Trying.|Toxapex, F|100/100|[from] Flip Turn
|-damage|p2a: Keep Trying.|88/100|[from] Stealth Rock
|
|upkeep
|turn|159
|
|t:|1779663267
|move|p1a: Corviknight|U-turn|p2a: Keep Trying.
|-resisted|p2a: Keep Trying.
|-damage|p2a: Keep Trying.|83/100
|
|t:|1779663270
|switch|p1a: Okidogi|Okidogi, M|84/100|[from] U-turn
|move|p2a: Keep Trying.|Infestation|p1a: Okidogi
|-resisted|p1a: Okidogi
|-damage|p1a: Okidogi|84/100
|-activate|p1a: Okidogi|move: Infestation|[of] p2a: Keep Trying.
|
|-heal|p1a: Okidogi|90/100|[from] item: Leftovers
|-damage|p1a: Okidogi|77/100|[from] move: Infestation|[partiallytrapped]
|upkeep
|turn|160
|
|t:|1779663274
|switch|p2a: Try Harder.|Alomomola, F, shiny|100/100
|move|p1a: Okidogi|Drain Punch|p2a: Try Harder.
|-damage|p2a: Try Harder.|82/100
|-heal|p1a: Okidogi|89/100|[from] drain|[of] p2a: Try Harder.
|
|-heal|p1a: Okidogi|95/100|[from] item: Leftovers
|-end|p1a: Okidogi|Infestation|[partiallytrapped]|[silent]
|upkeep
|turn|161
|
|t:|1779663278
|switch|p1a: Hatterene|Hatterene, F|43/100 brn
|move|p2a: Try Harder.|Flip Turn|p1a: Hatterene
|-damage|p1a: Hatterene|29/100 brn
|-damage|p2a: Try Harder.|65/100|[from] item: Rocky Helmet|[of] p1a: Hatterene
|
|t:|1779663282
|switch|p2a: Worth Trying.|Clodsire, F, shiny|71/100|[from] Flip Turn
|-damage|p2a: Worth Trying.|65/100|[from] Stealth Rock
|
|-damage|p1a: Hatterene|23/100 brn|[from] brn
|upkeep
|turn|162
|
|t:|1779663289
|switch|p1a: Corviknight|Corviknight, F|82/100
|-ability|p1a: Corviknight|Pressure
|move|p2a: Worth Trying.|Bulldoze|p1a: Corviknight
|-immune|p1a: Corviknight
|
|upkeep
|turn|163
|
|t:|1779663295
|switch|p2a: Try Harder.|Alomomola, F, shiny|99/100
|move|p1a: Corviknight|U-turn|p2a: Try Harder.
|-damage|p2a: Try Harder.|91/100
|
|t:|1779663309
|switch|p1a: Ting-Lu|Ting-Lu, tera:Poison|94/100|[from] U-turn
|-ability|p1a: Ting-Lu|Vessel of Ruin
|
|-heal|p1a: Ting-Lu|99/100|[from] item: Leftovers
|upkeep
|turn|164
|
|t:|1779663314
|switch|p1a: Corviknight|Corviknight, F|82/100
|-ability|p1a: Corviknight|Pressure
|move|p2a: Try Harder.|Scald|p1a: Corviknight
|-damage|p1a: Corviknight|69/100
|
|upkeep
|turn|165
|
|t:|1779663323
|move|p1a: Corviknight|U-turn|p2a: Try Harder.
|-damage|p2a: Try Harder.|81/100
|
|t:|1779663353
|switch|p1a: Arcanine|Arcanine-Hisui, M|6/100 psn|[from] U-turn
|move|p2a: Try Harder.|Flip Turn|p1a: Arcanine
|-supereffective|p1a: Arcanine
|-damage|p1a: Arcanine|0 fnt
|faint|p1a: Arcanine
|
|t:|1779663358
|switch|p2a: Worth Trying.|Clodsire, F, shiny|65/100|[from] Flip Turn
|-damage|p2a: Worth Trying.|59/100|[from] Stealth Rock
|
|upkeep
|
|t:|1779663361
|switch|p1a: Okidogi|Okidogi, M|95/100
|turn|166
|
|t:|1779663364
|switch|p2a: Try Harder.|Alomomola, F, shiny|100/100
|move|p1a: Okidogi|Ice Punch|p2a: Try Harder.
|-resisted|p2a: Try Harder.
|-damage|p2a: Try Harder.|94/100
|
|-heal|p1a: Okidogi|100/100|[from] item: Leftovers
|upkeep
|turn|167
|
|t:|1779663367
|move|p1a: Okidogi|Bulk Up|p1a: Okidogi
|-boost|p1a: Okidogi|atk|1
|-boost|p1a: Okidogi|def|1
|move|p2a: Try Harder.|Flip Turn|p1a: Okidogi
|-crit|p1a: Okidogi
|-damage|p1a: Okidogi|79/100
|
|t:|1779663373
|switch|p2a: Worth Trying.|Clodsire, F, shiny|59/100|[from] Flip Turn
|-damage|p2a: Worth Trying.|53/100|[from] Stealth Rock
|
|-heal|p1a: Okidogi|85/100|[from] item: Leftovers
|upkeep
|turn|168
|
|t:|1779663375
|switch|p2a: Try Harder.|Alomomola, F, shiny|100/100
|move|p1a: Okidogi|Drain Punch|p2a: Try Harder.
|-damage|p2a: Try Harder.|71/100
|-heal|p1a: Okidogi|100/100|[from] drain|[of] p2a: Try Harder.
|
|upkeep
|turn|169
|
|t:|1779663380
|switch|p1a: Corviknight|Corviknight, F|69/100
|-ability|p1a: Corviknight|Pressure
|move|p2a: Try Harder.|Scald|p1a: Corviknight
|-damage|p1a: Corviknight|56/100
|
|upkeep
|turn|170
|
|t:|1779663386
|move|p1a: Corviknight|Roost|p1a: Corviknight
|-heal|p1a: Corviknight|100/100
|-singleturn|p1a: Corviknight|move: Roost
|move|p2a: Try Harder.|Flip Turn|p1a: Corviknight
|-damage|p1a: Corviknight|91/100
|-damage|p2a: Try Harder.|55/100|[from] item: Rocky Helmet|[of] p1a: Corviknight
|
|t:|1779663389
|switch|p2a: Keep Trying.|Toxapex, F|100/100|[from] Flip Turn
|-damage|p2a: Keep Trying.|88/100|[from] Stealth Rock
|
|upkeep
|turn|171
|
|t:|1779663394
|switch|p1a: Ting-Lu|Ting-Lu, tera:Poison|99/100
|-ability|p1a: Ting-Lu|Vessel of Ruin
|switch|p2a: Try Harder.|Alomomola, F, shiny|88/100
|
|-heal|p1a: Ting-Lu|100/100|[from] item: Leftovers
|upkeep
|turn|172
|
|t:|1779663399
|switch|p1a: Corviknight|Corviknight, F|91/100
|-ability|p1a: Corviknight|Pressure
|move|p2a: Try Harder.|Scald|p1a: Corviknight
|-damage|p1a: Corviknight|78/100
|-status|p1a: Corviknight|brn
|
|-damage|p1a: Corviknight|72/100 brn|[from] brn
|upkeep
|turn|173
|
|t:|1779663403
|switch|p2a: Keep Trying.|Toxapex, F|100/100
|-damage|p2a: Keep Trying.|88/100|[from] Stealth Rock
|move|p1a: Corviknight|U-turn|p2a: Keep Trying.
|-resisted|p2a: Keep Trying.
|-damage|p2a: Keep Trying.|86/100
|
|t:|1779663406
|switch|p1a: Ting-Lu|Ting-Lu, tera:Poison|100/100|[from] U-turn
|-ability|p1a: Ting-Lu|Vessel of Ruin
|
|upkeep
|turn|174
|
|t:|1779663409
|switch|p1a: Corviknight|Corviknight, F|72/100 brn
|-ability|p1a: Corviknight|Pressure
|switch|p2a: Try Harder.|Alomomola, F, shiny|100/100
|
|-damage|p1a: Corviknight|66/100 brn|[from] brn
|upkeep
|turn|175
|
|t:|1779663420
|switch|p2a: Worth Trying.|Clodsire, F, shiny|53/100
|-damage|p2a: Worth Trying.|47/100|[from] Stealth Rock
|move|p1a: Corviknight|U-turn|p2a: Worth Trying.
|-resisted|p2a: Worth Trying.
|-damage|p2a: Worth Trying.|43/100
|
|t:|1779663423
|switch|p1a: Okidogi|Okidogi, M|100/100|[from] U-turn
|
|upkeep
|turn|176
|
|t:|1779663426
|switch|p2a: Try Harder.|Alomomola, F, shiny|100/100
|move|p1a: Okidogi|Ice Punch|p2a: Try Harder.
|-resisted|p2a: Try Harder.
|-damage|p2a: Try Harder.|94/100
|
|upkeep
|turn|177
|
|t:|1779663432
|switch|p1a: Corviknight|Corviknight, F|66/100 brn
|-ability|p1a: Corviknight|Pressure
|move|p2a: Try Harder.|Wish|p2a: Try Harder.
|
|-damage|p1a: Corviknight|60/100 brn|[from] brn
|upkeep
|turn|178
|
|t:|1779663436
|move|p1a: Corviknight|Roost|p1a: Corviknight
|-heal|p1a: Corviknight|100/100 brn
|-singleturn|p1a: Corviknight|move: Roost
|move|p2a: Try Harder.|Flip Turn|p1a: Corviknight
|-damage|p1a: Corviknight|91/100 brn
|-damage|p2a: Try Harder.|77/100|[from] item: Rocky Helmet|[of] p1a: Corviknight
|
|t:|1779663438
|switch|p2a: Worth Trying.|Clodsire, F, shiny|43/100|[from] Flip Turn
|-damage|p2a: Worth Trying.|37/100|[from] Stealth Rock
|
|-heal|p2a: Worth Trying.|88/100|[from] move: Wish|[wisher] Try Harder.
|-damage|p1a: Corviknight|85/100 brn|[from] brn
|upkeep
|turn|179
|
|t:|1779663442
|switch|p2a: Try Harder.|Alomomola, F, shiny|100/100
|move|p1a: Corviknight|Brave Bird|p2a: Try Harder.
|-damage|p2a: Try Harder.|89/100
|-damage|p1a: Corviknight|81/100 brn|[from] Recoil
|
|-damage|p1a: Corviknight|75/100 brn|[from] brn
|upkeep
|turn|180
|inactive|1000TURNSFR has 120 seconds left.
|
|t:|1779663473
|switch|p2a: Still Trying?|Blissey, F, shiny, tera:Dark|79/100
|move|p1a: Corviknight|U-turn|p2a: Still Trying?
|-supereffective|p2a: Still Trying?
|-damage|p2a: Still Trying?|64/100
|
|t:|1779663476
|switch|p1a: Hatterene|Hatterene, F|23/100 brn|[from] U-turn
|
|-damage|p1a: Hatterene|17/100 brn|[from] brn
|upkeep
|turn|181
|
|t:|1779663481
|switch|p1a: Okidogi|Okidogi, M|100/100
|move|p2a: Still Trying?|Seismic Toss|p1a: Okidogi
|-damage|p1a: Okidogi|74/100
|
|-heal|p1a: Okidogi|80/100|[from] item: Leftovers
|upkeep
|turn|182
|
|t:|1779663488
|switch|p1a: Ting-Lu|Ting-Lu, tera:Poison|100/100
|-ability|p1a: Ting-Lu|Vessel of Ruin
|switch|p2a: Try Harder.|Alomomola, F, shiny|100/100
|
|upkeep
|turn|183
|
|t:|1779663491
|switch|p1a: Corviknight|Corviknight, F|75/100 brn
|-ability|p1a: Corviknight|Pressure
|switch|p2a: Keep Trying.|Toxapex, F|100/100
|-damage|p2a: Keep Trying.|88/100|[from] Stealth Rock
|
|-damage|p1a: Corviknight|69/100 brn|[from] brn
|upkeep
|turn|184
|
|t:|1779663494
|switch|p1a: Okidogi|Okidogi, M|80/100
|switch|p2a: Try Harder.|Alomomola, F, shiny|100/100
|
|-heal|p1a: Okidogi|86/100|[from] item: Leftovers
|upkeep
|turn|185
|
|t:|1779663502
|switch|p2a: Worth Trying.|Clodsire, F, shiny|88/100
|-damage|p2a: Worth Trying.|82/100|[from] Stealth Rock
|move|p1a: Okidogi|Bulk Up|p1a: Okidogi
|-boost|p1a: Okidogi|atk|1
|-boost|p1a: Okidogi|def|1
|
|-heal|p1a: Okidogi|92/100|[from] item: Leftovers
|upkeep
|turn|186
|
|t:|1779663505
|switch|p2a: Try Harder.|Alomomola, F, shiny|100/100
|move|p1a: Okidogi|Ice Punch|p2a: Try Harder.
|-resisted|p2a: Try Harder.
|-damage|p2a: Try Harder.|90/100
|
|-heal|p1a: Okidogi|98/100|[from] item: Leftovers
|upkeep
|turn|187
|
|t:|1779663510
|switch|p2a: Keep Trying.|Toxapex, F|100/100
|-damage|p2a: Keep Trying.|88/100|[from] Stealth Rock
|move|p1a: Okidogi|Ice Punch|p2a: Keep Trying.
|-resisted|p2a: Keep Trying.
|-damage|p2a: Keep Trying.|78/100
|
|-heal|p1a: Okidogi|100/100|[from] item: Leftovers
|upkeep
|turn|188
|
|t:|1779663516
|switch|p2a: Try Harder.|Alomomola, F, shiny|100/100
|move|p1a: Okidogi|Ice Punch|p2a: Try Harder.
|-resisted|p2a: Try Harder.
|-damage|p2a: Try Harder.|91/100
|
|upkeep
|turn|189
|
|t:|1779663520
|switch|p1a: Corviknight|Corviknight, F|69/100 brn
|-ability|p1a: Corviknight|Pressure
|move|p2a: Try Harder.|Scald|p1a: Corviknight
|-damage|p1a: Corviknight|57/100 brn
|
|-damage|p1a: Corviknight|51/100 brn|[from] brn
|upkeep
|turn|190
|
|t:|1779663527
|switch|p2a: Keep Trying.|Toxapex, F|100/100
|-damage|p2a: Keep Trying.|88/100|[from] Stealth Rock
|move|p1a: Corviknight|U-turn|p2a: Keep Trying.
|-resisted|p2a: Keep Trying.
|-damage|p2a: Keep Trying.|86/100
|
|t:|1779663530
|switch|p1a: Hatterene|Hatterene, F|17/100 brn|[from] U-turn
|
|-damage|p1a: Hatterene|12/100 brn|[from] brn
|upkeep
|turn|191
|
|t:|1779663534
|move|p2a: Keep Trying.|Baneful Bunker|p2a: Keep Trying.
|-singleturn|p2a: Keep Trying.|move: Protect
|move|p1a: Hatterene|Pain Split|p2a: Keep Trying.
|-activate|p2a: Keep Trying.|move: Protect
|
|-damage|p1a: Hatterene|6/100 brn|[from] brn
|upkeep
|turn|192
|
|t:|1779663543
|move|p2a: Keep Trying.|Baneful Bunker||[still]
|-fail|p2a: Keep Trying.
|move|p1a: Hatterene|Pain Split|p2a: Keep Trying.
|-sethp|p2a: Keep Trying.|46/100|[from] move: Pain Split|[silent]
|-sethp|p1a: Hatterene|44/100 brn|[from] move: Pain Split
|
|-damage|p1a: Hatterene|38/100 brn|[from] brn
|upkeep
|turn|193
|
|t:|1779663549
|switch|p2a: Still Trying?|Blissey, F, shiny, tera:Dark|64/100
|move|p1a: Hatterene|Psychic Noise|p2a: Still Trying?
|-immune|p2a: Still Trying?
|
|-damage|p1a: Hatterene|32/100 brn|[from] brn
|upkeep
|turn|194
|
|t:|1779663555
|switch|p2a: Worth Trying.|Clodsire, F, shiny|82/100
|-damage|p2a: Worth Trying.|76/100|[from] Stealth Rock
|switch|p1a: Okidogi|Okidogi, M|100/100
|
|upkeep
|turn|195
|
|t:|1779663558
|switch|p2a: Try Harder.|Alomomola, F, shiny|100/100
|move|p1a: Okidogi|Ice Punch|p2a: Try Harder.
|-resisted|p2a: Try Harder.
|-damage|p2a: Try Harder.|95/100
|
|upkeep
|turn|196
|
|t:|1779663563
|switch|p1a: Corviknight|Corviknight, F|51/100 brn
|-ability|p1a: Corviknight|Pressure
|move|p2a: Try Harder.|Flip Turn|p1a: Corviknight
|-damage|p1a: Corviknight|41/100 brn
|-damage|p2a: Try Harder.|78/100|[from] item: Rocky Helmet|[of] p1a: Corviknight
|
|t:|1779663566
|switch|p2a: Worth Trying.|Clodsire, F, shiny|76/100|[from] Flip Turn
|-damage|p2a: Worth Trying.|70/100|[from] Stealth Rock
|
|-damage|p1a: Corviknight|35/100 brn|[from] brn
|upkeep
|turn|197
|
|t:|1779663571
|move|p1a: Corviknight|Roost|p1a: Corviknight
|-heal|p1a: Corviknight|85/100 brn
|-singleturn|p1a: Corviknight|move: Roost
|move|p2a: Worth Trying.|Bulldoze|p1a: Corviknight
|-supereffective|p1a: Corviknight
|-damage|p1a: Corviknight|67/100 brn
|-unboost|p1a: Corviknight|spe|1
|
|-damage|p1a: Corviknight|61/100 brn|[from] brn
|upkeep
|turn|198
|
|t:|1779663577
|move|p1a: Corviknight|U-turn|p2a: Worth Trying.
|-resisted|p2a: Worth Trying.
|-damage|p2a: Worth Trying.|66/100
|
|t:|1779663579
|switch|p1a: Ting-Lu|Ting-Lu, tera:Poison|100/100|[from] U-turn
|-ability|p1a: Ting-Lu|Vessel of Ruin
|move|p2a: Worth Trying.|Bulldoze|p1a: Ting-Lu
|-supereffective|p1a: Ting-Lu
|-damage|p1a: Ting-Lu|84/100
|-unboost|p1a: Ting-Lu|spe|1
|
|-heal|p1a: Ting-Lu|90/100|[from] item: Leftovers
|upkeep
|turn|199
|
|t:|1779663586
|switch|p1a: Okidogi|Okidogi, M|100/100
|switch|p2a: Try Harder.|Alomomola, F, shiny|100/100
|
|upkeep
|turn|200
|
|t:|1779663591
|switch|p1a: Corviknight|Corviknight, F|61/100 brn
|-ability|p1a: Corviknight|Pressure
|switch|p2a: Keep Trying.|Toxapex, F|79/100
|-damage|p2a: Keep Trying.|66/100|[from] Stealth Rock
|
|-damage|p1a: Corviknight|55/100 brn|[from] brn
|upkeep
|turn|201
|
|t:|1779663596
|switch|p1a: Okidogi|Okidogi, M|100/100
|switch|p2a: Try Harder.|Alomomola, F, shiny|100/100
|
|upkeep
|turn|202
|
|t:|1779663599
|switch|p1a: Ting-Lu|Ting-Lu, tera:Poison|90/100
|-ability|p1a: Ting-Lu|Vessel of Ruin
|switch|p2a: Keep Trying.|Toxapex, F|99/100
|-damage|p2a: Keep Trying.|87/100|[from] Stealth Rock
|
|-heal|p1a: Ting-Lu|97/100|[from] item: Leftovers
|upkeep
|turn|203
|
|t:|1779663604
|move|p1a: Ting-Lu|Ruination|p2a: Keep Trying.
|-damage|p2a: Keep Trying.|44/100
|move|p2a: Keep Trying.|Infestation|p1a: Ting-Lu
|-resisted|p1a: Ting-Lu
|-damage|p1a: Ting-Lu|96/100
|-activate|p1a: Ting-Lu|move: Infestation|[of] p2a: Keep Trying.
|
|-heal|p1a: Ting-Lu|100/100|[from] item: Leftovers
|-damage|p1a: Ting-Lu|88/100|[from] move: Infestation|[partiallytrapped]
|upkeep
|turn|204
|
|t:|1779663607
|switch|p2a: Try Harder.|Alomomola, F, shiny|100/100
|move|p1a: Ting-Lu|Earthquake|p2a: Try Harder.
|-damage|p2a: Try Harder.|80/100
|
|-heal|p1a: Ting-Lu|94/100|[from] item: Leftovers
|-end|p1a: Ting-Lu|Infestation|[partiallytrapped]|[silent]
|upkeep
|turn|205
|
|t:|1779663614
|switch|p2a: Keep Trying.|Toxapex, F|77/100
|-damage|p2a: Keep Trying.|65/100|[from] Stealth Rock
|move|p1a: Ting-Lu|Ruination|p2a: Keep Trying.
|-damage|p2a: Keep Trying.|33/100
|
|-heal|p1a: Ting-Lu|100/100|[from] item: Leftovers
|upkeep
|turn|206
|
|t:|1779663621
|switch|p2a: Try Harder.|Alomomola, F, shiny|100/100
|move|p1a: Ting-Lu|Stealth Rock||[still]
|-fail|p1a: Ting-Lu
|
|upkeep
|turn|207
|
|t:|1779663629
|switch|p1a: Hatterene|Hatterene, F|32/100 brn
|switch|p2a: Keep Trying.|Toxapex, F|66/100
|-damage|p2a: Keep Trying.|53/100|[from] Stealth Rock
|
|-damage|p1a: Hatterene|26/100 brn|[from] brn
|upkeep
|turn|208
|
|t:|1779663634
|switch|p2a: Still Trying?|Blissey, F, shiny, tera:Dark|64/100
|move|p1a: Hatterene|Pain Split|p2a: Still Trying?
|-sethp|p2a: Still Trying?|38/100|[from] move: Pain Split|[silent]
|-sethp|p1a: Hatterene|78/100 brn|[from] move: Pain Split
|
|-damage|p1a: Hatterene|72/100 brn|[from] brn
|upkeep
|turn|209
|
|t:|1779663637
|move|p2a: Still Trying?|Soft-Boiled|p2a: Still Trying?
|-heal|p2a: Still Trying?|88/100
|move|p1a: Hatterene|Nuzzle|p2a: Still Trying?
|-damage|p2a: Still Trying?|87/100
|-status|p2a: Still Trying?|par
|
|-damage|p1a: Hatterene|66/100 brn|[from] brn
|upkeep
|turn|210
|
|t:|1779663645
|move|p1a: Hatterene|Draining Kiss|p2a: Still Trying?
|-supereffective|p2a: Still Trying?
|-crit|p2a: Still Trying?
|-damage|p2a: Still Trying?|65/100 par
|-heal|p1a: Hatterene|98/100 brn|[from] drain|[of] p2a: Still Trying?
|move|p2a: Still Trying?|Seismic Toss|p1a: Hatterene
|-damage|p1a: Hatterene|67/100 brn
|-damage|p2a: Still Trying?|49/100 par|[from] item: Rocky Helmet|[of] p1a: Hatterene
|
|-damage|p1a: Hatterene|61/100 brn|[from] brn
|upkeep
|turn|211
|
|t:|1779663652
|move|p1a: Hatterene|Nuzzle|p2a: Still Trying?
|-damage|p2a: Still Trying?|47/100 par
|move|p2a: Still Trying?|Soft-Boiled|p2a: Still Trying?
|-heal|p2a: Still Trying?|97/100 par
|
|-damage|p1a: Hatterene|55/100 brn|[from] brn
|upkeep
|turn|212
|
|t:|1779663654
|-curestatus|p2a: Still Trying?|par|[from] ability: Natural Cure|[silent]
|switch|p2a: Worth Trying.|Clodsire, F, shiny|66/100
|-damage|p2a: Worth Trying.|60/100|[from] Stealth Rock
|move|p1a: Hatterene|Pain Split|p2a: Worth Trying.
|-sethp|p2a: Worth Trying.|49/100|[from] move: Pain Split|[silent]
|-sethp|p1a: Hatterene|71/100 brn|[from] move: Pain Split
|
|-damage|p1a: Hatterene|65/100 brn|[from] brn
|upkeep
|turn|213
|
|t:|1779663659
|switch|p1a: Corviknight|Corviknight, F|55/100 brn
|-ability|p1a: Corviknight|Pressure
|switch|p2a: Still Trying?|Blissey, F, shiny, tera:Dark|97/100
|
|-damage|p1a: Corviknight|49/100 brn|[from] brn
|upkeep
|turn|214
|
|t:|1779663664
|switch|p2a: Keep Trying.|Toxapex, F|87/100
|-damage|p2a: Keep Trying.|74/100|[from] Stealth Rock
|move|p1a: Corviknight|U-turn|p2a: Keep Trying.
|-resisted|p2a: Keep Trying.
|-damage|p2a: Keep Trying.|72/100
|
|t:|1779663667
|switch|p1a: Okidogi|Okidogi, M|100/100|[from] U-turn
|
|upkeep
|turn|215
|
|t:|1779663678
|move|p1a: Okidogi|Bulk Up|p1a: Okidogi
|-boost|p1a: Okidogi|atk|1
|-boost|p1a: Okidogi|def|1
|move|p2a: Keep Trying.|Infestation|p1a: Okidogi
|-resisted|p1a: Okidogi
|-damage|p1a: Okidogi|99/100
|-activate|p1a: Okidogi|move: Infestation|[of] p2a: Keep Trying.
|
|-heal|p1a: Okidogi|100/100|[from] item: Leftovers
|-damage|p1a: Okidogi|88/100|[from] move: Infestation|[partiallytrapped]
|upkeep
|turn|216
|
|t:|1779663682
|switch|p2a: Try Harder.|Alomomola, F, shiny|100/100
|move|p1a: Okidogi|Knock Off|p2a: Try Harder.
|-damage|p2a: Try Harder.|75/100
|-enditem|p2a: Try Harder.|Heavy-Duty Boots|[from] move: Knock Off|[of] p1a: Okidogi
|
|-heal|p1a: Okidogi|94/100|[from] item: Leftovers
|-end|p1a: Okidogi|Infestation|[partiallytrapped]|[silent]
|upkeep
|turn|217
|
|t:|1779663687
|switch|p1a: Hatterene|Hatterene, F|65/100 brn
|move|p2a: Try Harder.|Flip Turn|p1a: Hatterene
|-damage|p1a: Hatterene|50/100 brn
|-damage|p2a: Try Harder.|58/100|[from] item: Rocky Helmet|[of] p1a: Hatterene
|
|t:|1779663691
|switch|p2a: Worth Trying.|Clodsire, F, shiny|49/100|[from] Flip Turn
|-damage|p2a: Worth Trying.|43/100|[from] Stealth Rock
|
|-damage|p1a: Hatterene|44/100 brn|[from] brn
|upkeep
|turn|218
|
|t:|1779663695
|switch|p1a: Corviknight|Corviknight, F|49/100 brn
|-ability|p1a: Corviknight|Pressure
|switch|p2a: Still Trying?|Blissey, F, shiny, tera:Dark|97/100
|
|-damage|p1a: Corviknight|43/100 brn|[from] brn
|upkeep
|turn|219
|
|t:|1779663700
|switch|p2a: Keep Trying.|Toxapex, F|100/100
|-damage|p2a: Keep Trying.|88/100|[from] Stealth Rock
|move|p1a: Corviknight|Roost|p1a: Corviknight
|-heal|p1a: Corviknight|93/100 brn
|-singleturn|p1a: Corviknight|move: Roost
|
|-damage|p1a: Corviknight|87/100 brn|[from] brn
|upkeep
|turn|220
|
|t:|1779663705
|switch|p2a: Try Harder.|Alomomola, F, shiny|92/100
|-damage|p2a: Try Harder.|79/100|[from] Stealth Rock
|move|p1a: Corviknight|U-turn|p2a: Try Harder.
|-damage|p2a: Try Harder.|75/100
|
|t:|1779663708
|switch|p1a: Hatterene|Hatterene, F|44/100 brn|[from] U-turn
|
|-damage|p1a: Hatterene|38/100 brn|[from] brn
|upkeep
|turn|221
|
|t:|1779663713
|move|p2a: Try Harder.|Flip Turn|p1a: Hatterene
|-damage|p1a: Hatterene|23/100 brn
|-damage|p2a: Try Harder.|58/100|[from] item: Rocky Helmet|[of] p1a: Hatterene
|
|t:|1779663722
|switch|p2a: Worth Trying.|Clodsire, F, shiny|43/100|[from] Flip Turn
|-damage|p2a: Worth Trying.|37/100|[from] Stealth Rock
|move|p1a: Hatterene|Pain Split|p2a: Worth Trying.
|-sethp|p2a: Worth Trying.|26/100|[from] move: Pain Split|[silent]
|-sethp|p1a: Hatterene|38/100 brn|[from] move: Pain Split
|
|-damage|p1a: Hatterene|32/100 brn|[from] brn
|upkeep
|turn|222
|
|t:|1779663726
|switch|p1a: Corviknight|Corviknight, F|87/100 brn
|-ability|p1a: Corviknight|Pressure
|switch|p2a: Still Trying?|Blissey, F, shiny, tera:Dark|97/100
|
|-damage|p1a: Corviknight|81/100 brn|[from] brn
|upkeep
|turn|223
|
|t:|1779663730
|switch|p2a: Try Harder.|Alomomola, F, shiny|91/100
|-damage|p2a: Try Harder.|79/100|[from] Stealth Rock
|move|p1a: Corviknight|U-turn|p2a: Try Harder.
|-damage|p2a: Try Harder.|74/100
|
|t:|1779663734
|switch|p1a: Hatterene|Hatterene, F|32/100 brn|[from] U-turn
|
|-damage|p1a: Hatterene|26/100 brn|[from] brn
|upkeep
|turn|224
|
|t:|1779663739
|move|p2a: Try Harder.|Flip Turn|p1a: Hatterene
|-damage|p1a: Hatterene|12/100 brn
|-damage|p2a: Try Harder.|58/100|[from] item: Rocky Helmet|[of] p1a: Hatterene
|
|t:|1779663742
|switch|p2a: Worth Trying.|Clodsire, F, shiny|26/100|[from] Flip Turn
|-damage|p2a: Worth Trying.|20/100|[from] Stealth Rock
|move|p1a: Hatterene|Pain Split|p2a: Worth Trying.
|-sethp|p2a: Worth Trying.|14/100|[from] move: Pain Split|[silent]
|-sethp|p1a: Hatterene|20/100 brn|[from] move: Pain Split
|
|-damage|p1a: Hatterene|14/100 brn|[from] brn
|upkeep
|turn|225
|
|t:|1779663748
|switch|p1a: Okidogi|Okidogi, M|94/100
|switch|p2a: Try Harder.|Alomomola, F, shiny|91/100
|-damage|p2a: Try Harder.|78/100|[from] Stealth Rock
|
|-heal|p1a: Okidogi|99/100|[from] item: Leftovers
|upkeep
|turn|226
|
|t:|1779663753
|switch|p1a: Corviknight|Corviknight, F|81/100 brn
|-ability|p1a: Corviknight|Pressure
|move|p2a: Try Harder.|Wish|p2a: Try Harder.
|
|-damage|p1a: Corviknight|75/100 brn|[from] brn
|upkeep
|turn|227
|
|t:|1779663766
|move|p1a: Corviknight|U-turn|p2a: Try Harder.
|-damage|p2a: Try Harder.|74/100
|
|t:|1779663769
|switch|p1a: Ting-Lu|Ting-Lu, tera:Poison|100/100|[from] U-turn
|-ability|p1a: Ting-Lu|Vessel of Ruin
|move|p2a: Try Harder.|Flip Turn|p1a: Ting-Lu
|-damage|p1a: Ting-Lu|91/100
|
|t:|1779663773
|switch|p2a: Worth Trying.|Clodsire, F, shiny|14/100|[from] Flip Turn
|-damage|p2a: Worth Trying.|8/100|[from] Stealth Rock
|
|-heal|p2a: Worth Trying.|59/100|[from] move: Wish|[wisher] Try Harder.
|-heal|p1a: Ting-Lu|97/100|[from] item: Leftovers
|upkeep
|turn|228
|
|t:|1779663781
|switch|p1a: Okidogi|Okidogi, M|99/100
|switch|p2a: Keep Trying.|Toxapex, F|100/100
|-damage|p2a: Keep Trying.|88/100|[from] Stealth Rock
|
|-heal|p1a: Okidogi|100/100|[from] item: Leftovers
|upkeep
|turn|229
|
|t:|1779663784
|switch|p2a: Try Harder.|Alomomola, F, shiny|100/100
|-damage|p2a: Try Harder.|88/100|[from] Stealth Rock
|move|p1a: Okidogi|Ice Punch|p2a: Try Harder.
|-resisted|p2a: Try Harder.
|-damage|p2a: Try Harder.|81/100
|
|upkeep
|turn|230
|
|t:|1779663790
|switch|p1a: Corviknight|Corviknight, F|75/100 brn
|-ability|p1a: Corviknight|Pressure
|switch|p2a: Keep Trying.|Toxapex, F|100/100
|-damage|p2a: Keep Trying.|88/100|[from] Stealth Rock
|
|-damage|p1a: Corviknight|69/100 brn|[from] brn
|upkeep
|turn|231
|
|t:|1779663793
|switch|p2a: Try Harder.|Alomomola, F, shiny|100/100
|-damage|p2a: Try Harder.|88/100|[from] Stealth Rock
|move|p1a: Corviknight|U-turn|p2a: Try Harder.
|-crit|p2a: Try Harder.
|-damage|p2a: Try Harder.|82/100
|
|t:|1779663804
|switch|p1a: Okidogi|Okidogi, M|100/100|[from] U-turn
|
|upkeep
|turn|232
|
|t:|1779663807
|switch|p1a: Corviknight|Corviknight, F|69/100 brn
|-ability|p1a: Corviknight|Pressure
|move|p2a: Try Harder.|Scald|p1a: Corviknight
|-damage|p1a: Corviknight|55/100 brn
|
|-damage|p1a: Corviknight|49/100 brn|[from] brn
|upkeep
|turn|233
|
|t:|1779663812
|switch|p2a: Keep Trying.|Toxapex, F|100/100
|-damage|p2a: Keep Trying.|88/100|[from] Stealth Rock
|move|p1a: Corviknight|U-turn|p2a: Keep Trying.
|-resisted|p2a: Keep Trying.
|-crit|p2a: Keep Trying.
|-damage|p2a: Keep Trying.|85/100
|
|t:|1779663814
|switch|p1a: Hatterene|Hatterene, F|14/100 brn|[from] U-turn
|
|-damage|p1a: Hatterene|8/100 brn|[from] brn
|upkeep
|turn|234
|
|t:|1779663817
|move|p2a: Keep Trying.|Baneful Bunker|p2a: Keep Trying.
|-singleturn|p2a: Keep Trying.|move: Protect
|move|p1a: Hatterene|Pain Split|p2a: Keep Trying.
|-activate|p2a: Keep Trying.|move: Protect
|
|-damage|p1a: Hatterene|2/100 brn|[from] brn
|upkeep
|turn|235
|
|t:|1779663821
|move|p2a: Keep Trying.|Baneful Bunker||[still]
|-fail|p2a: Keep Trying.
|move|p1a: Hatterene|Pain Split|p2a: Keep Trying.
|-sethp|p2a: Keep Trying.|44/100|[from] move: Pain Split|[silent]
|-sethp|p1a: Hatterene|42/100 brn|[from] move: Pain Split
|
|-damage|p1a: Hatterene|36/100 brn|[from] brn
|upkeep
|turn|236
|c|☆1000TURNSFR|fck
|
|t:|1779663833
|switch|p2a: Still Trying?|Blissey, F, shiny, tera:Dark|97/100
|move|p1a: Hatterene|Nuzzle|p2a: Still Trying?
|-damage|p2a: Still Trying?|95/100
|-status|p2a: Still Trying?|par
|
|-damage|p1a: Hatterene|30/100 brn|[from] brn
|upkeep
|turn|237
|
|t:|1779663839
|-curestatus|p2a: Still Trying?|par|[from] ability: Natural Cure|[silent]
|switch|p2a: Worth Trying.|Clodsire, F, shiny|59/100
|-damage|p2a: Worth Trying.|53/100|[from] Stealth Rock
|move|p1a: Hatterene|Pain Split|p2a: Worth Trying.
|-sethp|p2a: Worth Trying.|37/100|[from] move: Pain Split|[silent]
|-sethp|p1a: Hatterene|53/100 brn|[from] move: Pain Split
|
|-damage|p1a: Hatterene|47/100 brn|[from] brn
|upkeep
|turn|238
|
|t:|1779663843
|switch|p1a: Corviknight|Corviknight, F|49/100 brn
|-ability|p1a: Corviknight|Pressure
|move|p2a: Worth Trying.|Recover|p2a: Worth Trying.
|-heal|p2a: Worth Trying.|87/100
|
|-damage|p1a: Corviknight|43/100 brn|[from] brn
|upkeep
|turn|239
|
|t:|1779663849
|switch|p2a: Keep Trying.|Toxapex, F|77/100
|-damage|p2a: Keep Trying.|64/100|[from] Stealth Rock
|move|p1a: Corviknight|Roost|p1a: Corviknight
|-heal|p1a: Corviknight|93/100 brn
|-singleturn|p1a: Corviknight|move: Roost
|
|-damage|p1a: Corviknight|87/100 brn|[from] brn
|upkeep
|turn|240
|
|t:|1779663856
|switch|p2a: Try Harder.|Alomomola, F, shiny|100/100
|-damage|p2a: Try Harder.|88/100|[from] Stealth Rock
|move|p1a: Corviknight|U-turn|p2a: Try Harder.
|-damage|p2a: Try Harder.|84/100
|
|t:|1779663862
|switch|p1a: Hatterene|Hatterene, F|47/100 brn|[from] U-turn
|
|-damage|p1a: Hatterene|41/100 brn|[from] brn
|upkeep
|turn|241
|
|t:|1779663869
|move|p2a: Try Harder.|Protect|p2a: Try Harder.
|-singleturn|p2a: Try Harder.|Protect
|move|p1a: Hatterene|Pain Split|p2a: Try Harder.
|-activate|p2a: Try Harder.|move: Protect
|
|-damage|p1a: Hatterene|35/100 brn|[from] brn
|upkeep
|turn|242
|
|t:|1779663873
|move|p2a: Try Harder.|Flip Turn|p1a: Hatterene
|-damage|p1a: Hatterene|23/100 brn
|-damage|p2a: Try Harder.|67/100|[from] item: Rocky Helmet|[of] p1a: Hatterene
|
|t:|1779663879
|switch|p2a: Worth Trying.|Clodsire, F, shiny|87/100|[from] Flip Turn
|-damage|p2a: Worth Trying.|81/100|[from] Stealth Rock
|move|p1a: Hatterene|Nuzzle|p2a: Worth Trying.
|-immune|p2a: Worth Trying.
|
|-damage|p1a: Hatterene|17/100 brn|[from] brn
|upkeep
|turn|243
|
|t:|1779663897
|move|p1a: Hatterene|Pain Split|p2a: Worth Trying.
|-sethp|p2a: Worth Trying.|46/100|[from] move: Pain Split|[silent]
|-sethp|p1a: Hatterene|67/100 brn|[from] move: Pain Split
|move|p2a: Worth Trying.|Bulldoze|p1a: Hatterene
|-crit|p1a: Hatterene
|-damage|p1a: Hatterene|47/100 brn
|-unboost|p1a: Hatterene|spe|1
|
|-damage|p1a: Hatterene|41/100 brn|[from] brn
|upkeep
|turn|244
|
|t:|1779663905
|switch|p1a: Corviknight|Corviknight, F|87/100 brn
|-ability|p1a: Corviknight|Pressure
|move|p2a: Worth Trying.|Recover|p2a: Worth Trying.
|-heal|p2a: Worth Trying.|96/100
|
|-damage|p1a: Corviknight|81/100 brn|[from] brn
|upkeep
|turn|245
|
|t:|1779663908
|switch|p2a: Keep Trying.|Toxapex, F|98/100
|-damage|p2a: Keep Trying.|85/100|[from] Stealth Rock
|move|p1a: Corviknight|U-turn|p2a: Keep Trying.
|-resisted|p2a: Keep Trying.
|-damage|p2a: Keep Trying.|83/100
|
|t:|1779663914
|switch|p1a: Hatterene|Hatterene, F|41/100 brn|[from] U-turn
|
|-damage|p1a: Hatterene|35/100 brn|[from] brn
|upkeep
|turn|246
|
|t:|1779663923
|move|p1a: Hatterene|Pain Split|p2a: Keep Trying.
|-sethp|p2a: Keep Trying.|60/100|[from] move: Pain Split|[silent]
|-sethp|p1a: Hatterene|57/100 brn|[from] move: Pain Split
|move|p2a: Keep Trying.|Infestation|p1a: Hatterene
|-damage|p1a: Hatterene|54/100 brn
|-activate|p1a: Hatterene|move: Infestation|[of] p2a: Keep Trying.
|-damage|p2a: Keep Trying.|43/100|[from] item: Rocky Helmet|[of] p1a: Hatterene
|
|-damage|p1a: Hatterene|48/100 brn|[from] brn
|-damage|p1a: Hatterene|36/100 brn|[from] move: Infestation|[partiallytrapped]
|upkeep
|turn|247
|
|t:|1779663928
|move|p2a: Keep Trying.|Baneful Bunker|p2a: Keep Trying.
|-singleturn|p2a: Keep Trying.|move: Protect
|move|p1a: Hatterene|Psychic Noise|p2a: Keep Trying.
|-activate|p2a: Keep Trying.|move: Protect
|
|-damage|p1a: Hatterene|30/100 brn|[from] brn
|-damage|p1a: Hatterene|17/100 brn|[from] move: Infestation|[partiallytrapped]
|upkeep
|turn|248
|
|t:|1779663938
|move|p2a: Keep Trying.|Baneful Bunker|p2a: Keep Trying.
|-singleturn|p2a: Keep Trying.|move: Protect
|move|p1a: Hatterene|Pain Split|p2a: Keep Trying.
|-activate|p2a: Keep Trying.|move: Protect
|
|-damage|p1a: Hatterene|12/100 brn|[from] brn
|-damage|p1a: Hatterene|0 fnt|[from] move: Infestation|[partiallytrapped]
|faint|p1a: Hatterene
|upkeep
|
|t:|1779663943
|switch|p1a: Okidogi|Okidogi, M|100/100
|turn|249
|
|t:|1779663949
|switch|p2a: Try Harder.|Alomomola, F, shiny|99/100
|-damage|p2a: Try Harder.|88/100|[from] Stealth Rock
|move|p1a: Okidogi|Bulk Up|p1a: Okidogi
|-boost|p1a: Okidogi|atk|1
|-boost|p1a: Okidogi|def|1
|
|upkeep
|turn|250
|
|t:|1779663956
|switch|p1a: Corviknight|Corviknight, F|81/100 brn
|-ability|p1a: Corviknight|Pressure
|move|p2a: Try Harder.|Flip Turn|p1a: Corviknight
|-damage|p1a: Corviknight|72/100 brn
|-damage|p2a: Try Harder.|71/100|[from] item: Rocky Helmet|[of] p1a: Corviknight
|
|t:|1779663961
|switch|p2a: Worth Trying.|Clodsire, F, shiny|96/100|[from] Flip Turn
|-damage|p2a: Worth Trying.|90/100|[from] Stealth Rock
|
|-damage|p1a: Corviknight|66/100 brn|[from] brn
|upkeep
|turn|251
|
|t:|1779663965
|switch|p1a: Ting-Lu|Ting-Lu, tera:Poison|97/100
|-ability|p1a: Ting-Lu|Vessel of Ruin
|switch|p2a: Keep Trying.|Toxapex, F|76/100
|-damage|p2a: Keep Trying.|64/100|[from] Stealth Rock
|
|-heal|p1a: Ting-Lu|100/100|[from] item: Leftovers
|upkeep
|turn|252
|
|t:|1779663978
|switch|p1a: Okidogi|Okidogi, M|100/100
|switch|p2a: Try Harder.|Alomomola, F, shiny|100/100
|-damage|p2a: Try Harder.|88/100|[from] Stealth Rock
|
|upkeep
|turn|253
|
|t:|1779663982
|switch|p2a: Keep Trying.|Toxapex, F|97/100
|-damage|p2a: Keep Trying.|85/100|[from] Stealth Rock
|move|p1a: Okidogi|Bulk Up|p1a: Okidogi
|-boost|p1a: Okidogi|atk|1
|-boost|p1a: Okidogi|def|1
|
|upkeep
|turn|254
|
|t:|1779663984
|switch|p2a: Try Harder.|Alomomola, F, shiny|100/100
|-damage|p2a: Try Harder.|88/100|[from] Stealth Rock
|move|p1a: Okidogi|Ice Punch|p2a: Try Harder.
|-resisted|p2a: Try Harder.
|-damage|p2a: Try Harder.|78/100
|
|upkeep
|turn|255
|
|t:|1779663988
|switch|p1a: Corviknight|Corviknight, F|66/100 brn
|-ability|p1a: Corviknight|Pressure
|switch|p2a: Keep Trying.|Toxapex, F|100/100
|-damage|p2a: Keep Trying.|88/100|[from] Stealth Rock
|
|-damage|p1a: Corviknight|60/100 brn|[from] brn
|upkeep
|turn|256
|
|t:|1779663990
|switch|p2a: Try Harder.|Alomomola, F, shiny|100/100
|-damage|p2a: Try Harder.|88/100|[from] Stealth Rock
|move|p1a: Corviknight|U-turn|p2a: Try Harder.
|-damage|p2a: Try Harder.|84/100
|
|t:|1779663993
|switch|p1a: Ting-Lu|Ting-Lu, tera:Poison|100/100|[from] U-turn
|-ability|p1a: Ting-Lu|Vessel of Ruin
|
|upkeep
|turn|257
|
|t:|1779663998
|switch|p2a: Keep Trying.|Toxapex, F|100/100
|-damage|p2a: Keep Trying.|88/100|[from] Stealth Rock
|move|p1a: Ting-Lu|Earthquake|p2a: Keep Trying.
|-supereffective|p2a: Keep Trying.
|-damage|p2a: Keep Trying.|42/100
|
|upkeep
|turn|258
|
|t:|1779664001
|switch|p1a: Okidogi|Okidogi, M|100/100
|switch|p2a: Try Harder.|Alomomola, F, shiny|100/100
|-damage|p2a: Try Harder.|88/100|[from] Stealth Rock
|
|upkeep
|turn|259
|
|t:|1779664005
|move|p1a: Okidogi|Bulk Up|p1a: Okidogi
|-boost|p1a: Okidogi|atk|1
|-boost|p1a: Okidogi|def|1
|move|p2a: Try Harder.|Scald|p1a: Okidogi
|-damage|p1a: Okidogi|90/100
|-status|p1a: Okidogi|brn
|
|-heal|p1a: Okidogi|96/100 brn|[from] item: Leftovers
|-damage|p1a: Okidogi|90/100 brn|[from] brn
|upkeep
|turn|260
|c|☆1000TURNSFR|lets goo
|
|t:|1779664016
|switch|p2a: Worth Trying.|Clodsire, F, shiny|90/100
|-damage|p2a: Worth Trying.|84/100|[from] Stealth Rock
|move|p1a: Okidogi|Bulk Up|p1a: Okidogi
|-boost|p1a: Okidogi|atk|1
|-boost|p1a: Okidogi|def|1
|
|-heal|p1a: Okidogi|96/100 brn|[from] item: Leftovers
|-damage|p1a: Okidogi|90/100 brn|[from] brn
|upkeep
|turn|261
|
|t:|1779664020
|move|p1a: Okidogi|Ice Punch|p2a: Worth Trying.
|-supereffective|p2a: Worth Trying.
|-damage|p2a: Worth Trying.|59/100
|move|p2a: Worth Trying.|Bulldoze|p1a: Okidogi
|-supereffective|p1a: Okidogi
|-damage|p1a: Okidogi|64/100 brn
|-unboost|p1a: Okidogi|spe|1
|
|-heal|p1a: Okidogi|70/100 brn|[from] item: Leftovers
|-damage|p1a: Okidogi|64/100 brn|[from] brn
|upkeep
|turn|262
|
|t:|1779664026
|switch|p1a: Corviknight|Corviknight, F|60/100 brn
|-ability|p1a: Corviknight|Pressure
|move|p2a: Worth Trying.|Recover|p2a: Worth Trying.
|-heal|p2a: Worth Trying.|100/100
|
|-damage|p1a: Corviknight|54/100 brn|[from] brn
|upkeep
|turn|263
|
|t:|1779664033
|switch|p1a: Okidogi|Okidogi, M|64/100 brn
|switch|p2a: Keep Trying.|Toxapex, F|75/100
|-damage|p2a: Keep Trying.|63/100|[from] Stealth Rock
|
|-heal|p1a: Okidogi|70/100 brn|[from] item: Leftovers
|-damage|p1a: Okidogi|64/100 brn|[from] brn
|upkeep
|turn|264
|
|t:|1779664037
|move|p1a: Okidogi|Drain Punch|p2a: Keep Trying.
|-resisted|p2a: Keep Trying.
|-damage|p2a: Keep Trying.|58/100
|-heal|p1a: Okidogi|66/100 brn|[from] drain|[of] p2a: Keep Trying.
|move|p2a: Keep Trying.|Infestation|p1a: Okidogi
|-resisted|p1a: Okidogi
|-damage|p1a: Okidogi|65/100 brn
|-activate|p1a: Okidogi|move: Infestation|[of] p2a: Keep Trying.
|
|-heal|p1a: Okidogi|72/100 brn|[from] item: Leftovers
|-damage|p1a: Okidogi|65/100 brn|[from] brn
|-damage|p1a: Okidogi|53/100 brn|[from] move: Infestation|[partiallytrapped]
|upkeep
|turn|265
|
|t:|1779664041
|move|p1a: Okidogi|Bulk Up|p1a: Okidogi
|-boost|p1a: Okidogi|atk|1
|-boost|p1a: Okidogi|def|1
|move|p2a: Keep Trying.|Recover|p2a: Keep Trying.
|-heal|p2a: Keep Trying.|100/100
|
|-heal|p1a: Okidogi|59/100 brn|[from] item: Leftovers
|-damage|p1a: Okidogi|53/100 brn|[from] brn
|-damage|p1a: Okidogi|41/100 brn|[from] move: Infestation|[partiallytrapped]
|upkeep
|turn|266
|
|t:|1779664044
|move|p1a: Okidogi|Bulk Up|p1a: Okidogi
|-boost|p1a: Okidogi|atk|1
|-boost|p1a: Okidogi|def|1
|move|p2a: Keep Trying.|Infestation|p1a: Okidogi
|-resisted|p1a: Okidogi
|-damage|p1a: Okidogi|40/100 brn
|
|-heal|p1a: Okidogi|46/100 brn|[from] item: Leftovers
|-damage|p1a: Okidogi|40/100 brn|[from] brn
|-damage|p1a: Okidogi|28/100 brn|[from] move: Infestation|[partiallytrapped]
|upkeep
|turn|267
|
|t:|1779664047
|move|p2a: Keep Trying.|Baneful Bunker|p2a: Keep Trying.
|-singleturn|p2a: Keep Trying.|move: Protect
|move|p1a: Okidogi|Drain Punch|p2a: Keep Trying.
|-activate|p2a: Keep Trying.|move: Protect
|
|-heal|p1a: Okidogi|34/100 brn|[from] item: Leftovers
|-damage|p1a: Okidogi|28/100 brn|[from] brn
|-damage|p1a: Okidogi|15/100 brn|[from] move: Infestation|[partiallytrapped]
|upkeep
|turn|268
|
|t:|1779664050
|move|p2a: Keep Trying.|Baneful Bunker|p2a: Keep Trying.
|-singleturn|p2a: Keep Trying.|move: Protect
|move|p1a: Okidogi|Drain Punch|p2a: Keep Trying.
|-activate|p2a: Keep Trying.|move: Protect
|
|-heal|p1a: Okidogi|22/100 brn|[from] item: Leftovers
|-damage|p1a: Okidogi|15/100 brn|[from] brn
|-damage|p1a: Okidogi|3/100 brn|[from] move: Infestation|[partiallytrapped]
|upkeep
|turn|269
|
|t:|1779664055
|switch|p2a: Worth Trying.|Clodsire, F, shiny|100/100
|-damage|p2a: Worth Trying.|94/100|[from] Stealth Rock
|move|p1a: Okidogi|Drain Punch|p2a: Worth Trying.
|-resisted|p2a: Worth Trying.
|-damage|p2a: Worth Trying.|86/100
|-heal|p1a: Okidogi|8/100 brn|[from] drain|[of] p2a: Worth Trying.
|
|-heal|p1a: Okidogi|14/100 brn|[from] item: Leftovers
|-damage|p1a: Okidogi|8/100 brn|[from] brn
|-end|p1a: Okidogi|Infestation|[partiallytrapped]
|upkeep
|turn|270
|-message|dooozdzdz forfeited.
|
|win|1000TURNSFR
|raw|dooozdzdz's rating: 1679 &rarr; <strong>1657</strong><br />(-22 for losing)
|raw|1000TURNSFR's rating: 1644 &rarr; <strong>1666</strong><br />(+22 for winning)
|l|☆dooozdzdz
|player|p1|
|l| Powerpuffmoves
|j| ANGEL ENGINE
|l| ANGEL ENGINE
|j| lol man1111
|l| lol man1111
|j| Mr. Sealman
|l| Mr. Sealman
|j| altyWIN
|j| 1mN0tD1zzy
|l| altyWIN
