|j|☆Jeystar
|j|☆ju2508
|t:|1779718347
|gametype|singles
|player|p1|Jeystar|shadowtriad|1229
|player|p2|ju2508|101|1201
|gen|9
|tier|[Gen 9] OU
|rated|
|rule|HP Percentage Mod: HP is shown in percentages
|rule|Endless Battle Clause: Forcing endless battles is banned
|rule|Species Clause: Limit one of each Pokémon
|rule|OHKO Clause: OHKO moves are banned
|rule|Evasion Items Clause: Evasion items are banned
|rule|Evasion Moves Clause: Evasion moves are banned
|rule|Evasion Abilities Clause: Evasion abilities are banned
|rule|Sleep Moves Clause: Sleep-inducing moves are banned
|clearpoke
|poke|p1|Tatsugiri-Droopy, F|
|poke|p1|Zamazenta-*|
|poke|p1|Slowking-Galar, F|
|poke|p1|Sylveon, M|
|poke|p1|Mew|
|poke|p1|Toxapex, F|
|poke|p2|Feraligatr, F|
|poke|p2|Donphan, F|
|poke|p2|Sylveon, F|
|poke|p2|Magneton|
|poke|p2|Serperior, F|
|poke|p2|Flamigo, F|
|teampreview
|inactive|Battle timer is ON: inactive players will automatically lose when time's up. (requested by ju2508)
|
|t:|1779718359
|teamsize|p1|6
|teamsize|p2|6
|start
|switch|p1a: Pluto to Mars|Mew|100/100
|switch|p2a: Flamigo|Flamigo, F|100/100
|turn|1
|
|t:|1779718365
|move|p2a: Flamigo|U-turn|p1a: Pluto to Mars
|-supereffective|p1a: Pluto to Mars
|-damage|p1a: Pluto to Mars|72/100
|-damage|p2a: Flamigo|84/100|[from] item: Rocky Helmet|[of] p1a: Pluto to Mars
|
|t:|1779718370
|switch|p2a: Donphan|Donphan, F|100/100|[from] U-turn
|move|p1a: Pluto to Mars|Psychic Noise|p2a: Donphan
|-damage|p2a: Donphan|69/100
|-start|p2a: Donphan|move: Heal Block
|
|upkeep
|turn|2
|
|t:|1779718379
|move|p1a: Pluto to Mars|Taunt|p2a: Donphan
|-start|p2a: Donphan|move: Taunt
|move|p2a: Donphan|Knock Off|p1a: Pluto to Mars
|-supereffective|p1a: Pluto to Mars
|-damage|p1a: Pluto to Mars|41/100
|-damage|p2a: Donphan|53/100|[from] item: Rocky Helmet|[of] p1a: Pluto to Mars
|-enditem|p1a: Pluto to Mars|Rocky Helmet|[from] move: Knock Off|[of] p2a: Donphan
|
|-end|p2a: Donphan|move: Heal Block
|upkeep
|turn|3
|
|t:|1779718395
|switch|p2a: Sylveon|Sylveon, F|100/100
|move|p1a: Pluto to Mars|Psychic Noise|p2a: Sylveon
|-damage|p2a: Sylveon|88/100
|-start|p2a: Sylveon|move: Heal Block
|
|upkeep
|turn|4
|
|t:|1779718403
|switch|p1a: Rehab|Slowking-Galar, F|100/100
|move|p2a: Sylveon|Hyper Voice|p1a: Rehab
|-resisted|p1a: Rehab
|-damage|p1a: Rehab|88/100
|
|-end|p2a: Sylveon|move: Heal Block
|upkeep
|turn|5
|
|t:|1779718412
|move|p2a: Sylveon|Protect|p2a: Sylveon
|-singleturn|p2a: Sylveon|Protect
|move|p1a: Rehab|Future Sight|p2a: Sylveon
|-start|p1a: Rehab|move: Future Sight
|
|-heal|p2a: Sylveon|94/100|[from] item: Leftovers
|upkeep
|turn|6
|
|t:|1779718422
|switch|p2a: Magneton|Magneton|100/100
|move|p1a: Rehab|Sludge Bomb|p2a: Magneton
|-immune|p2a: Magneton
|
|upkeep
|turn|7
|
|t:|1779718429
|move|p2a: Magneton|Tri Attack|p1a: Rehab
|-damage|p1a: Rehab|71/100
|-prepare|p1a: Rehab|Chilly Reception|[premajor]
|move|p1a: Rehab|Chilly Reception|p1a: Rehab
|-weather|Snowscape
|
|t:|1779718438
|switch|p1a: Crush Em|Zamazenta, shiny|100/100|[from] Chilly Reception
|-ability|p1a: Crush Em|Dauntless Shield|boost
|-boost|p1a: Crush Em|def|1
|
|-weather|Snowscape|[upkeep]
|-end|p2a: Magneton|move: Future Sight
|-resisted|p2a: Magneton
|-damage|p2a: Magneton|79/100
|upkeep
|turn|8
|
|t:|1779718447
|move|p1a: Crush Em|Body Press|p2a: Magneton
|-supereffective|p2a: Magneton
|-damage|p2a: Magneton|2/100
|move|p2a: Magneton|Tri Attack|p1a: Crush Em
|-crit|p1a: Crush Em
|-damage|p1a: Crush Em|66/100
|
|-weather|Snowscape|[upkeep]
|-heal|p1a: Crush Em|72/100|[from] item: Leftovers
|upkeep
|turn|9
|
|t:|1779718458
|move|p1a: Crush Em|Body Press|p2a: Magneton
|-supereffective|p2a: Magneton
|-damage|p2a: Magneton|0 fnt
|faint|p2a: Magneton
|
|-weather|Snowscape|[upkeep]
|-heal|p1a: Crush Em|79/100|[from] item: Leftovers
|upkeep
|
|t:|1779718465
|switch|p2a: Flamigo|Flamigo, F|84/100
|turn|10
|
|t:|1779718470
|switch|p1a: Rehab|Slowking-Galar, F|100/100
|move|p2a: Flamigo|Brave Bird|p1a: Rehab
|-damage|p1a: Rehab|37/100
|-damage|p2a: Flamigo|57/100|[from] Recoil
|
|-weather|Snowscape|[upkeep]
|upkeep
|turn|11
|
|t:|1779718479
|move|p2a: Flamigo|Brave Bird|p1a: Rehab
|-damage|p1a: Rehab|0 fnt
|faint|p1a: Rehab
|-damage|p2a: Flamigo|41/100|[from] Recoil
|
|-weather|none
|upkeep
|
|t:|1779718494
|switch|p1a: x2|Toxapex, F, shiny|100/100
|turn|12
|
|t:|1779718500
|switch|p2a: Donphan|Donphan, F|53/100
|move|p1a: x2|Toxic|p2a: Donphan
|-status|p2a: Donphan|tox
|
|-heal|p2a: Donphan|59/100 tox|[from] item: Leftovers
|-damage|p2a: Donphan|53/100 tox|[from] psn
|upkeep
|turn|13
|
|t:|1779718509
|move|p2a: Donphan|Stealth Rock|p1a: x2
|-sidestart|p1: Jeystar|move: Stealth Rock
|move|p1a: x2|Infestation|p2a: Donphan
|-damage|p2a: Donphan|49/100 tox
|-activate|p2a: Donphan|move: Infestation|[of] p1a: x2
|
|-heal|p2a: Donphan|55/100 tox|[from] item: Leftovers
|-damage|p2a: Donphan|43/100 tox|[from] psn
|-damage|p2a: Donphan|30/100 tox|[from] move: Infestation|[partiallytrapped]
|upkeep
|turn|14
|
|t:|1779718518
|move|p2a: Donphan|Bulldoze|p1a: x2
|-supereffective|p1a: x2
|-damage|p1a: x2|71/100
|-unboost|p1a: x2|spe|1
|move|p1a: x2|Recover|p1a: x2
|-heal|p1a: x2|100/100
|
|-heal|p2a: Donphan|36/100 tox|[from] item: Leftovers
|-damage|p2a: Donphan|18/100 tox|[from] psn
|-damage|p2a: Donphan|5/100 tox|[from] move: Infestation|[partiallytrapped]
|upkeep
|turn|15
|
|t:|1779718530
|move|p2a: Donphan|Knock Off|p1a: x2
|-damage|p1a: x2|86/100
|-enditem|p1a: x2|Heavy-Duty Boots|[from] move: Knock Off|[of] p2a: Donphan
|move|p1a: x2|Haze|p1a: x2
|-clearallboost
|
|-heal|p2a: Donphan|11/100 tox|[from] item: Leftovers
|-damage|p2a: Donphan|0 fnt|[from] psn
|faint|p2a: Donphan
|upkeep
|
|t:|1779718546
|switch|p2a: Serperior|Serperior, F|100/100
|turn|16
|
|t:|1779718550
|move|p2a: Serperior|Taunt|p1a: x2
|-start|p1a: x2|move: Taunt
|cant|p1a: x2|move: Taunt|Toxic
|
|upkeep
|turn|17
|
|t:|1779718555
|move|p2a: Serperior|Glare|p1a: x2
|-status|p1a: x2|par
|move|p1a: x2|Infestation|p2a: Serperior
|-supereffective|p2a: Serperior
|-damage|p2a: Serperior|93/100
|-activate|p2a: Serperior|move: Infestation|[of] p1a: x2
|
|-damage|p2a: Serperior|81/100|[from] move: Infestation|[partiallytrapped]
|upkeep
|turn|18
|
|t:|1779718565
|switch|p1a: Endless Fashion|Sylveon, M|100/100
|-damage|p1a: Endless Fashion|88/100|[from] Stealth Rock
|move|p2a: Serperior|Leaf Storm|p1a: Endless Fashion|[miss]
|-miss|p2a: Serperior|p1a: Endless Fashion
|
|-end|p2a: Serperior|Infestation|[partiallytrapped]|[silent]
|upkeep
|turn|19
|
|t:|1779718572
|move|p2a: Serperior|Glare|p1a: Endless Fashion
|-status|p1a: Endless Fashion|par
|move|p1a: Endless Fashion|Hyper Voice|p2a: Serperior
|-damage|p2a: Serperior|0 fnt
|faint|p2a: Serperior
|
|upkeep
|
|t:|1779718581
|switch|p2a: Sylveon|Sylveon, F|94/100
|turn|20
|
|t:|1779718588
|move|p2a: Sylveon|Calm Mind|p2a: Sylveon
|-boost|p2a: Sylveon|spa|1
|-boost|p2a: Sylveon|spd|1
|move|p1a: Endless Fashion|Hyper Voice|p2a: Sylveon
|-damage|p2a: Sylveon|66/100
|
|-heal|p2a: Sylveon|72/100|[from] item: Leftovers
|upkeep
|turn|21
|
|t:|1779718596
|switch|p1a: x2|Toxapex, F, shiny|100/100 par
|-damage|p1a: x2|88/100 par|[from] Stealth Rock
|move|p2a: Sylveon|Calm Mind|p2a: Sylveon
|-boost|p2a: Sylveon|spa|1
|-boost|p2a: Sylveon|spd|1
|
|-heal|p2a: Sylveon|78/100|[from] item: Leftovers
|upkeep
|turn|22
|
|t:|1779718605
|move|p2a: Sylveon|Protect|p2a: Sylveon
|-singleturn|p2a: Sylveon|Protect
|move|p1a: x2|Haze|p1a: x2
|-clearallboost
|
|-heal|p2a: Sylveon|84/100|[from] item: Leftovers
|upkeep
|turn|23
|
|t:|1779718615
|switch|p2a: Flamigo|Flamigo, F|41/100
|cant|p1a: x2|par
|
|upkeep
|turn|24
|
|t:|1779718621
|move|p2a: Flamigo|Taunt|p1a: x2
|-start|p1a: x2|move: Taunt
|cant|p1a: x2|move: Taunt|Recover
|
|upkeep
|turn|25
|
|t:|1779718627
|switch|p2a: Feraligatr|Feraligatr, F|100/100
|move|p1a: x2|Infestation|p2a: Feraligatr
|-damage|p2a: Feraligatr|97/100
|-activate|p2a: Feraligatr|move: Infestation|[of] p1a: x2
|
|-damage|p2a: Feraligatr|85/100|[from] move: Infestation|[partiallytrapped]
|upkeep
|turn|26
|
|t:|1779718635
|switch|p1a: Spin Again|Tatsugiri-Droopy, F|100/100
|move|p2a: Feraligatr|Dragon Dance|p2a: Feraligatr
|-boost|p2a: Feraligatr|atk|1
|-boost|p2a: Feraligatr|spe|1
|
|-end|p2a: Feraligatr|Infestation|[partiallytrapped]|[silent]
|upkeep
|turn|27
|
|t:|1779718642
|switch|p1a: x2|Toxapex, F, shiny|100/100 par
|-damage|p1a: x2|88/100 par|[from] Stealth Rock
|move|p2a: Feraligatr|Dragon Dance|p2a: Feraligatr
|-boost|p2a: Feraligatr|atk|1
|-boost|p2a: Feraligatr|spe|1
|
|upkeep
|turn|28
|
|t:|1779718650
|move|p2a: Feraligatr|Earthquake|p1a: x2
|-supereffective|p1a: x2
|-damage|p1a: x2|0 fnt
|faint|p1a: x2
|-damage|p2a: Feraligatr|75/100|[from] item: Life Orb
|
|upkeep
|
|t:|1779718655
|switch|p1a: Crush Em|Zamazenta, shiny|79/100
|-damage|p1a: Crush Em|72/100|[from] Stealth Rock
|turn|29
|
|t:|1779718660
|move|p2a: Feraligatr|Liquidation|p1a: Crush Em
|-damage|p1a: Crush Em|0 fnt
|faint|p1a: Crush Em
|
|upkeep
|
|t:|1779718666
|switch|p1a: Endless Fashion|Sylveon, M|88/100 par
|-damage|p1a: Endless Fashion|76/100 par|[from] Stealth Rock
|turn|30
|
|t:|1779718670
|move|p2a: Feraligatr|Liquidation|p1a: Endless Fashion
|-damage|p1a: Endless Fashion|0 fnt
|faint|p1a: Endless Fashion
|
|upkeep
|
|t:|1779718674
|switch|p1a: Pluto to Mars|Mew|41/100
|-damage|p1a: Pluto to Mars|28/100|[from] Stealth Rock
|turn|31
|
|t:|1779718678
|switch|p1a: Spin Again|Tatsugiri-Droopy, F|100/100
|move|p2a: Feraligatr|Liquidation|p1a: Spin Again
|-ability|p1a: Spin Again|Storm Drain|boost
|-boost|p1a: Spin Again|spa|1
|
|upkeep
|turn|32
|
|t:|1779718685
|-terastallize|p1a: Spin Again|Fairy
|move|p2a: Feraligatr|Ice Punch|p1a: Spin Again
|-damage|p1a: Spin Again|0 fnt
|faint|p1a: Spin Again
|
|upkeep
|-message|Jeystar forfeited.
|
|win|ju2508
|raw|Jeystar's rating: 1229 &rarr; <strong>1202</strong><br />(-27 for losing)
|raw|ju2508's rating: 1201 &rarr; <strong>1228</strong><br />(+27 for winning)
|l|☆Jeystar
|player|p1|
|c|☆ju2508|Lol
|l|☆ju2508
|player|p2|
