|j|☆Alakazam darnold
|j|☆soumbrarax
|t:|1779596113
|gametype|singles
|player|p1|Alakazam darnold|musician|1339
|player|p2|soumbrarax|266|1325
|gen|9
|tier|[Gen 9] OU
|rated|
|rule|HP Percentage Mod: HP is shown in percentages
|rule|Endless Battle Clause: Forcing endless battles is banned
|rule|Species Clause: Limit one of each Pokémon
|rule|OHKO Clause: OHKO moves are banned
|rule|Evasion Items Clause: Evasion items are banned
|rule|Evasion Moves Clause: Evasion moves are banned
|rule|Evasion Abilities Clause: Evasion abilities are banned
|rule|Sleep Moves Clause: Sleep-inducing moves are banned
|clearpoke
|poke|p1|Kyurem|
|poke|p1|Gliscor, F|
|poke|p1|Cinderace, F|
|poke|p1|Dragapult, F|
|poke|p1|Scizor, F|
|poke|p1|Pecharunt|
|poke|p2|Arboliva, F|
|poke|p2|Alomomola, F|
|poke|p2|Great Tusk|
|poke|p2|Heatran, M|
|poke|p2|Iron Valiant|
|poke|p2|Skeledirge, F|
|teampreview
|
|t:|1779596122
|teamsize|p1|6
|teamsize|p2|6
|start
|switch|p1a: Gliscor|Gliscor, F|100/100
|switch|p2a: Great Tusk|Great Tusk|100/100
|-enditem|p2a: Great Tusk|Booster Energy
|-activate|p2a: Great Tusk|ability: Protosynthesis|[fromitem]
|-start|p2a: Great Tusk|protosynthesisatk
|turn|1
|
|t:|1779596128
|move|p1a: Gliscor|Protect|p1a: Gliscor
|-singleturn|p1a: Gliscor|Protect
|move|p2a: Great Tusk|Knock Off|p1a: Gliscor
|-activate|p1a: Gliscor|move: Protect
|
|-status|p1a: Gliscor|tox|[from] item: Toxic Orb
|upkeep
|turn|2
|
|t:|1779596131
|switch|p1a: Pecharunt|Pecharunt|100/100
|move|p2a: Great Tusk|Ice Spinner|p1a: Pecharunt
|-crit|p1a: Pecharunt
|-damage|p1a: Pecharunt|72/100
|-damage|p2a: Great Tusk|84/100|[from] item: Rocky Helmet|[of] p1a: Pecharunt
|
|upkeep
|turn|3
|
|t:|1779596138
|-terastallize|p1a: Pecharunt|Flying
|move|p2a: Great Tusk|Headlong Rush|p1a: Pecharunt
|-immune|p1a: Pecharunt
|move|p1a: Pecharunt|Malignant Chain|p2a: Great Tusk
|-resisted|p2a: Great Tusk
|-damage|p2a: Great Tusk|63/100
|
|upkeep
|turn|4
|
|t:|1779596150
|move|p2a: Great Tusk|Knock Off|p1a: Pecharunt
|-crit|p1a: Pecharunt
|-damage|p1a: Pecharunt|33/100
|-damage|p2a: Great Tusk|47/100|[from] item: Rocky Helmet|[of] p1a: Pecharunt
|-enditem|p1a: Pecharunt|Rocky Helmet|[from] move: Knock Off|[of] p2a: Great Tusk
|move|p1a: Pecharunt|Recover|p1a: Pecharunt
|-heal|p1a: Pecharunt|83/100
|
|upkeep
|turn|5
|
|t:|1779596159
|-end|p2a: Great Tusk|Protosynthesis|[silent]
|switch|p2a: Heatran|Heatran, M|100/100
|move|p1a: Pecharunt|Malignant Chain|p2a: Heatran
|-immune|p2a: Heatran
|
|upkeep
|turn|6
|
|t:|1779596162
|move|p2a: Heatran|Stealth Rock|p1a: Pecharunt
|-sidestart|p1: Alakazam darnold|move: Stealth Rock
|move|p1a: Pecharunt|Parting Shot|p2a: Heatran
|-unboost|p2a: Heatran|atk|1
|-unboost|p2a: Heatran|spa|1
|
|t:|1779596167
|switch|p1a: Cinderace|Cinderace, F|100/100|[from] Parting Shot
|
|upkeep
|turn|7
|
|t:|1779596170
|move|p1a: Cinderace|Court Change|p1a: Cinderace
|-start|p1a: Cinderace|typechange|Normal|[from] ability: Libero
|-swapsideconditions
|-activate|p1a: Cinderace|move: Court Change
|move|p2a: Heatran|Lava Plume|p1a: Cinderace
|-damage|p1a: Cinderace|64/100
|
|upkeep
|turn|8
|
|t:|1779596175
|switch|p1a: Gliscor|Gliscor, F|100/100 tox
|move|p2a: Heatran|Stealth Rock|p1a: Gliscor
|-sidestart|p1: Alakazam darnold|move: Stealth Rock
|
|upkeep
|turn|9
|
|t:|1779596181
|switch|p2a: Alomomola|Alomomola, F|100/100
|move|p1a: Gliscor|Toxic|p2a: Alomomola
|-status|p2a: Alomomola|tox
|
|-damage|p2a: Alomomola|94/100 tox|[from] psn
|upkeep
|turn|10
|
|t:|1779596188
|switch|p1a: Kyurem|Kyurem|100/100
|-damage|p1a: Kyurem|75/100|[from] Stealth Rock
|-ability|p1a: Kyurem|Pressure
|move|p2a: Alomomola|Wish|p2a: Alomomola
|
|-heal|p1a: Kyurem|82/100|[from] item: Leftovers
|-damage|p2a: Alomomola|82/100 tox|[from] psn
|upkeep
|turn|11
|
|t:|1779596196
|switch|p2a: Arboliva|Arboliva, F|100/100
|-damage|p2a: Arboliva|88/100|[from] Stealth Rock
|move|p1a: Kyurem|Substitute|p1a: Kyurem
|-start|p1a: Kyurem|Substitute
|-damage|p1a: Kyurem|57/100
|
|-heal|p2a: Arboliva|100/100|[from] move: Wish|[wisher] Alomomola
|-heal|p1a: Kyurem|63/100|[from] item: Leftovers
|upkeep
|turn|12
|
|t:|1779596201
|move|p1a: Kyurem|Freeze-Dry|p2a: Arboliva
|-supereffective|p2a: Arboliva
|-damage|p2a: Arboliva|46/100
|-fieldstart|move: Grassy Terrain|[from] ability: Seed Sower|[of] p2a: Arboliva
|-enditem|p2a: Arboliva|Eject Button
|
|t:|1779596219
|switch|p2a: Great Tusk|Great Tusk|47/100
|-damage|p2a: Great Tusk|44/100|[from] Stealth Rock
|
|-heal|p1a: Kyurem|69/100|[from] Grassy Terrain
|-heal|p1a: Kyurem|75/100|[from] item: Leftovers
|-heal|p2a: Great Tusk|50/100|[from] Grassy Terrain
|upkeep
|turn|13
|
|t:|1779596227
|-end|p2a: Great Tusk|Protosynthesis|[silent]
|switch|p2a: Heatran|Heatran, M|100/100
|-damage|p2a: Heatran|88/100|[from] Stealth Rock
|move|p1a: Kyurem|Protect||[still]
|-fail|p1a: Kyurem
|
|-heal|p1a: Kyurem|81/100|[from] Grassy Terrain
|-heal|p1a: Kyurem|88/100|[from] item: Leftovers
|-heal|p2a: Heatran|94/100|[from] Grassy Terrain
|-heal|p2a: Heatran|99/100|[from] item: Leftovers
|upkeep
|turn|14
|
|t:|1779596234
|switch|p2a: Arboliva|Arboliva, F|46/100
|-damage|p2a: Arboliva|33/100|[from] Stealth Rock
|move|p1a: Kyurem|Earth Power|p2a: Arboliva
|-resisted|p2a: Arboliva
|-damage|p2a: Arboliva|22/100
|
|-heal|p1a: Kyurem|94/100|[from] Grassy Terrain
|-heal|p1a: Kyurem|99/100|[from] item: Leftovers
|-heal|p2a: Arboliva|29/100|[from] Grassy Terrain
|upkeep
|turn|15
|
|t:|1779596240
|switch|p2a: Great Tusk|Great Tusk|50/100
|-damage|p2a: Great Tusk|47/100|[from] Stealth Rock
|move|p1a: Kyurem|Freeze-Dry|p2a: Great Tusk
|-supereffective|p2a: Great Tusk
|-damage|p2a: Great Tusk|0 fnt
|faint|p2a: Great Tusk
|-end|p2a: Great Tusk|Protosynthesis|[silent]
|
|-heal|p1a: Kyurem|100/100|[from] Grassy Terrain
|upkeep
|
|t:|1779596247
|switch|p2a: Skeledirge|Skeledirge, F|100/100
|turn|16
|
|t:|1779596251
|move|p1a: Kyurem|Earth Power|p2a: Skeledirge
|-supereffective|p2a: Skeledirge
|-damage|p2a: Skeledirge|43/100
|move|p2a: Skeledirge|Torch Song|p1a: Kyurem
|-damage|p1a: Kyurem|73/100
|-boost|p2a: Skeledirge|spa|1
|
|-heal|p1a: Kyurem|79/100|[from] Grassy Terrain
|-heal|p1a: Kyurem|85/100|[from] item: Leftovers
|-heal|p2a: Skeledirge|49/100|[from] Grassy Terrain
|-fieldend|move: Grassy Terrain
|upkeep
|turn|17
|
|t:|1779596255
|move|p1a: Kyurem|Earth Power|p2a: Skeledirge
|-supereffective|p2a: Skeledirge
|-damage|p2a: Skeledirge|0 fnt
|faint|p2a: Skeledirge
|
|-heal|p1a: Kyurem|91/100|[from] item: Leftovers
|upkeep
|-message|soumbrarax forfeited.
|
|win|Alakazam darnold
|raw|Alakazam darnold's rating: 1339 &rarr; <strong>1358</strong><br />(+19 for winning)
|raw|soumbrarax's rating: 1325 &rarr; <strong>1306</strong><br />(-19 for losing)
|l|☆soumbrarax
|player|p2|
|l|☆Alakazam darnold
|player|p1|
