|j|☆Cyanea Nozaki
|j|☆Hidrog
|t:|1779666222
|gametype|singles
|player|p1|Cyanea Nozaki|backpacker|1102
|player|p2|Hidrog|youngcouple|1100
|gen|9
|tier|[Gen 9] OU
|rated|
|rule|HP Percentage Mod: HP is shown in percentages
|rule|Endless Battle Clause: Forcing endless battles is banned
|rule|Species Clause: Limit one of each Pokémon
|rule|OHKO Clause: OHKO moves are banned
|rule|Evasion Items Clause: Evasion items are banned
|rule|Evasion Moves Clause: Evasion moves are banned
|rule|Evasion Abilities Clause: Evasion abilities are banned
|rule|Sleep Moves Clause: Sleep-inducing moves are banned
|clearpoke
|poke|p1|Walking Wake|
|poke|p1|Ninetales, F|
|poke|p1|Espeon, M|
|poke|p1|Great Tusk|
|poke|p1|Lilligant-Hisui, F|
|poke|p1|Corviknight, M|
|poke|p2|Alomomola, F|
|poke|p2|Iron Valiant|
|poke|p2|Ceruledge, M|
|poke|p2|Ogerpon-Wellspring, F|
|poke|p2|Gliscor, M|
|poke|p2|Regieleki|
|teampreview
|
|t:|1779666235
|teamsize|p1|6
|teamsize|p2|6
|start
|switch|p1a: Ninetales|Ninetales, F|100/100
|switch|p2a: Ceruledge|Ceruledge, M|100/100
|-weather|SunnyDay|[from] ability: Drought|[of] p1a: Ninetales
|turn|1
|
|t:|1779666242
|move|p1a: Ninetales|Scorching Sands|p2a: Ceruledge
|-supereffective|p2a: Ceruledge
|-crit|p2a: Ceruledge
|-damage|p2a: Ceruledge|34/100
|move|p2a: Ceruledge|Swords Dance|p2a: Ceruledge
|-boost|p2a: Ceruledge|atk|2
|
|-weather|SunnyDay|[upkeep]
|upkeep
|turn|2
|
|t:|1779666261
|switch|p2a: Gliscor|Gliscor, M|100/100
|move|p1a: Ninetales|Scorching Sands|p2a: Gliscor
|-immune|p2a: Gliscor
|
|-weather|SunnyDay|[upkeep]
|-status|p2a: Gliscor|tox|[from] item: Toxic Orb
|upkeep
|turn|3
|
|t:|1779666266
|move|p1a: Ninetales|Overheat|p2a: Gliscor
|-damage|p2a: Gliscor|33/100 tox
|-unboost|p1a: Ninetales|spa|2
|move|p2a: Gliscor|Knock Off|p1a: Ninetales
|-damage|p1a: Ninetales|74/100
|-enditem|p1a: Ninetales|Heat Rock|[from] move: Knock Off|[of] p2a: Gliscor
|
|-weather|SunnyDay|[upkeep]
|-heal|p2a: Gliscor|46/100 tox|[from] ability: Poison Heal
|upkeep
|turn|4
|
|t:|1779666302
|switch|p2a: Iron Valiant|Iron Valiant|100/100
|move|p1a: Ninetales|Overheat|p2a: Iron Valiant
|-damage|p2a: Iron Valiant|30/100
|-unboost|p1a: Ninetales|spa|2
|
|-weather|SunnyDay|[upkeep]
|upkeep
|turn|5
|
|t:|1779666316
|switch|p1a: Espeon|Espeon, M|100/100
|move|p2a: Iron Valiant|Shadow Ball|p1a: Espeon
|-supereffective|p1a: Espeon
|-damage|p1a: Espeon|28/100
|
|-weather|SunnyDay|[upkeep]
|upkeep
|turn|6
|
|t:|1779666324
|move|p2a: Iron Valiant|Shadow Ball|p1a: Espeon
|-supereffective|p1a: Espeon
|-damage|p1a: Espeon|0 fnt
|faint|p1a: Espeon
|
|-weather|SunnyDay|[upkeep]
|upkeep
|
|t:|1779666337
|switch|p1a: Lilligant|Lilligant-Hisui, F|100/100
|turn|7
|
|t:|1779666347
|-end|p2a: Iron Valiant|Quark Drive|[silent]
|switch|p2a: Alomomola|Alomomola, F|100/100
|move|p1a: Lilligant|Solar Blade||[still]
|-prepare|p1a: Lilligant|Solar Blade
|-anim|p1a: Lilligant|Solar Blade|p2a: Alomomola
|-supereffective|p2a: Alomomola
|-crit|p2a: Alomomola
|-damage|p2a: Alomomola|0 fnt
|-damage|p1a: Lilligant|84/100|[from] item: Rocky Helmet|[of] p2a: Alomomola
|faint|p2a: Alomomola
|
|-weather|SunnyDay|[upkeep]
|upkeep
|
|t:|1779666364
|switch|p2a: Ogerpon|Ogerpon-Wellspring, F|100/100
|turn|8
|
|t:|1779666371
|move|p1a: Lilligant|Solar Blade||[still]
|-prepare|p1a: Lilligant|Solar Blade
|-anim|p1a: Lilligant|Solar Blade|p2a: Ogerpon
|-damage|p2a: Ogerpon|15/100
|move|p2a: Ogerpon|U-turn|p1a: Lilligant
|-damage|p1a: Lilligant|49/100
|
|t:|1779666378
|switch|p2a: Iron Valiant|Iron Valiant|30/100|[from] U-turn
|
|-weather|none
|upkeep
|turn|9
|
|t:|1779666391
|switch|p1a: Ninetales|Ninetales, F|74/100
|-weather|SunnyDay|[from] ability: Drought|[of] p1a: Ninetales
|move|p2a: Iron Valiant|Shadow Ball|p1a: Ninetales
|-crit|p1a: Ninetales
|-damage|p1a: Ninetales|9/100
|
|-weather|SunnyDay|[upkeep]
|upkeep
|turn|10
|
|t:|1779666399
|move|p2a: Iron Valiant|Shadow Ball|p1a: Ninetales
|-damage|p1a: Ninetales|0 fnt
|faint|p1a: Ninetales
|
|-weather|SunnyDay|[upkeep]
|upkeep
|
|t:|1779666401
|switch|p1a: Lilligant|Lilligant-Hisui, F|49/100
|turn|11
|
|t:|1779666422
|-end|p2a: Iron Valiant|Quark Drive|[silent]
|switch|p2a: Ogerpon|Ogerpon-Wellspring, F|15/100
|move|p1a: Lilligant|Solar Blade||[still]
|-prepare|p1a: Lilligant|Solar Blade
|-anim|p1a: Lilligant|Solar Blade|p2a: Ogerpon
|-damage|p2a: Ogerpon|0 fnt
|faint|p2a: Ogerpon
|
|-weather|SunnyDay|[upkeep]
|upkeep
|
|t:|1779666431
|switch|p2a: Regieleki|Regieleki|100/100
|turn|12
|
|t:|1779666439
|move|p2a: Regieleki|Extreme Speed|p1a: Lilligant
|-damage|p1a: Lilligant|15/100
|move|p1a: Lilligant|Axe Kick|p2a: Regieleki
|-damage|p2a: Regieleki|0 fnt
|faint|p2a: Regieleki
|
|-weather|SunnyDay|[upkeep]
|upkeep
|
|t:|1779666444
|switch|p2a: Ceruledge|Ceruledge, M|34/100
|turn|13
|
|t:|1779666448
|move|p2a: Ceruledge|Shadow Sneak|p1a: Lilligant
|-damage|p1a: Lilligant|0 fnt
|faint|p1a: Lilligant
|-damage|p2a: Ceruledge|24/100|[from] item: Life Orb
|
|-weather|none
|upkeep
|
|t:|1779666458
|switch|p1a: Walking Wake|Walking Wake|100/100
|turn|14
|
|t:|1779666470
|move|p1a: Walking Wake|Hydro Steam|p2a: Ceruledge
|-supereffective|p2a: Ceruledge
|-damage|p2a: Ceruledge|0 fnt
|faint|p2a: Ceruledge
|
|upkeep
|
|t:|1779666475
|switch|p2a: Iron Valiant|Iron Valiant|30/100
|turn|15
|
|t:|1779666478
|-terastallize|p1a: Walking Wake|Steel
|move|p2a: Iron Valiant|Moonblast|p1a: Walking Wake
|-resisted|p1a: Walking Wake
|-damage|p1a: Walking Wake|62/100
|-unboost|p1a: Walking Wake|spa|1
|move|p1a: Walking Wake|Hydro Steam|p2a: Iron Valiant
|-damage|p2a: Iron Valiant|0 fnt
|faint|p2a: Iron Valiant
|-end|p2a: Iron Valiant|Quark Drive|[silent]
|
|upkeep
|
|t:|1779666482
|switch|p2a: Gliscor|Gliscor, M|46/100 tox
|turn|16
|
|t:|1779666494
|-terastallize|p2a: Gliscor|Water
|move|p1a: Walking Wake|Hydro Steam|p2a: Gliscor
|-resisted|p2a: Gliscor
|-damage|p2a: Gliscor|27/100 tox
|move|p2a: Gliscor|Knock Off|p1a: Walking Wake
|-damage|p1a: Walking Wake|41/100
|-enditem|p1a: Walking Wake|Choice Specs|[from] move: Knock Off|[of] p2a: Gliscor
|
|-heal|p2a: Gliscor|40/100 tox|[from] ability: Poison Heal
|upkeep
|turn|17
|
|t:|1779666505
|move|p1a: Walking Wake|Draco Meteor|p2a: Gliscor
|-crit|p2a: Gliscor
|-damage|p2a: Gliscor|0 fnt
|-unboost|p1a: Walking Wake|spa|2
|faint|p2a: Gliscor
|
|win|Cyanea Nozaki
|raw|Cyanea Nozaki's rating: 1102 &rarr; <strong>1127</strong><br />(+25 for winning)
|raw|Hidrog's rating: 1100 &rarr; <strong>1075</strong><br />(-25 for losing)
