|j|☆skibidi but swole
|j|☆ihatecake69
|t:|1779705780
|gametype|singles
|player|p1|skibidi but swole|swimmer-gen4|1132
|player|p2|ihatecake69|giovanni|1082
|gen|9
|tier|[Gen 9] OU
|rated|
|rule|HP Percentage Mod: HP is shown in percentages
|rule|Endless Battle Clause: Forcing endless battles is banned
|rule|Species Clause: Limit one of each Pokémon
|rule|OHKO Clause: OHKO moves are banned
|rule|Evasion Items Clause: Evasion items are banned
|rule|Evasion Moves Clause: Evasion moves are banned
|rule|Evasion Abilities Clause: Evasion abilities are banned
|rule|Sleep Moves Clause: Sleep-inducing moves are banned
|clearpoke
|poke|p1|Dusclops, F|
|poke|p1|Corviknight, F|
|poke|p1|Kyurem|
|poke|p1|Suicune|
|poke|p1|Deoxys-Defense|
|poke|p1|Kingambit, F|
|poke|p2|Weavile, F|
|poke|p2|Spiritomb, F|
|poke|p2|Bisharp, M|
|poke|p2|Grimmsnarl, M|
|poke|p2|Umbreon, F|
|poke|p2|Houndoom, F|
|teampreview
|
|t:|1779705789
|teamsize|p1|6
|teamsize|p2|6
|start
|switch|p1a: Corviknight|Corviknight, F|100/100
|switch|p2a: Itachi|Weavile, F|100/100
|-ability|p1a: Corviknight|Pressure
|turn|1
|
|t:|1779705836
|move|p2a: Itachi|Triple Axel|p1a: Corviknight
|-crit|p1a: Corviknight
|-damage|p1a: Corviknight|85/100
|-damage|p2a: Itachi|84/100|[from] item: Rocky Helmet|[of] p1a: Corviknight
|-damage|p1a: Corviknight|67/100
|-damage|p2a: Itachi|68/100|[from] item: Rocky Helmet|[of] p1a: Corviknight
|-damage|p1a: Corviknight|39/100
|-damage|p2a: Itachi|51/100|[from] item: Rocky Helmet|[of] p1a: Corviknight
|-hitcount|p1a: Corviknight|3
|move|p1a: Corviknight|Body Press|p2a: Itachi
|-supereffective|p2a: Itachi
|-damage|p2a: Itachi|0 fnt
|faint|p2a: Itachi
|
|upkeep
|
|t:|1779705848
|switch|p2a: Lucifer|Houndoom, F|100/100
|turn|2
|
|t:|1779705852
|switch|p1a: Suicune|Suicune|100/100
|-ability|p1a: Suicune|Pressure
|move|p2a: Lucifer|Flamethrower|p1a: Suicune
|-resisted|p1a: Suicune
|-damage|p1a: Suicune|85/100
|
|-heal|p1a: Suicune|91/100|[from] item: Leftovers
|upkeep
|turn|3
|
|t:|1779705859
|move|p2a: Lucifer|Destiny Bond|p2a: Lucifer
|-singlemove|p2a: Lucifer|Destiny Bond
|move|p1a: Suicune|Substitute|p1a: Suicune
|-start|p1a: Suicune|Substitute
|-damage|p1a: Suicune|66/100
|
|-heal|p1a: Suicune|72/100|[from] item: Leftovers
|upkeep
|turn|4
|
|t:|1779705866
|move|p2a: Lucifer|Super Fang|p1a: Suicune
|-end|p1a: Suicune|Substitute
|move|p1a: Suicune|Calm Mind|p1a: Suicune
|-boost|p1a: Suicune|spa|1
|-boost|p1a: Suicune|spd|1
|
|-heal|p1a: Suicune|78/100|[from] item: Leftovers
|upkeep
|turn|5
|
|t:|1779705871
|move|p1a: Suicune|Protect|p1a: Suicune
|-singleturn|p1a: Suicune|Protect
|move|p2a: Lucifer|Destiny Bond|p2a: Lucifer
|-singlemove|p2a: Lucifer|Destiny Bond
|
|-heal|p1a: Suicune|85/100|[from] item: Leftovers
|upkeep
|turn|6
|
|t:|1779705879
|move|p2a: Lucifer|Super Fang|p1a: Suicune
|-damage|p1a: Suicune|43/100
|move|p1a: Suicune|Substitute|p1a: Suicune
|-start|p1a: Suicune|Substitute
|-damage|p1a: Suicune|18/100
|
|-heal|p1a: Suicune|24/100|[from] item: Leftovers
|upkeep
|turn|7
|
|t:|1779705888
|move|p1a: Suicune|Protect|p1a: Suicune
|-singleturn|p1a: Suicune|Protect
|move|p2a: Lucifer|Destiny Bond|p2a: Lucifer
|-singlemove|p2a: Lucifer|Destiny Bond
|
|-heal|p1a: Suicune|30/100|[from] item: Leftovers
|upkeep
|turn|8
|
|t:|1779705899
|move|p2a: Lucifer|Destiny Bond||[still]
|-fail|p2a: Lucifer
|move|p1a: Suicune|Calm Mind|p1a: Suicune
|-boost|p1a: Suicune|spa|1
|-boost|p1a: Suicune|spd|1
|
|-heal|p1a: Suicune|36/100|[from] item: Leftovers
|upkeep
|turn|9
|
|t:|1779705908
|move|p2a: Lucifer|Sludge Bomb|p1a: Suicune
|-activate|p1a: Suicune|move: Substitute|[damage]
|move|p1a: Suicune|Calm Mind|p1a: Suicune
|-boost|p1a: Suicune|spa|1
|-boost|p1a: Suicune|spd|1
|
|-heal|p1a: Suicune|42/100|[from] item: Leftovers
|upkeep
|turn|10
|
|t:|1779705917
|move|p1a: Suicune|Protect|p1a: Suicune
|-singleturn|p1a: Suicune|Protect
|move|p2a: Lucifer|Super Fang|p1a: Suicune
|-activate|p1a: Suicune|move: Protect
|
|-heal|p1a: Suicune|49/100|[from] item: Leftovers
|upkeep
|turn|11
|
|t:|1779705928
|move|p2a: Lucifer|Super Fang|p1a: Suicune
|-end|p1a: Suicune|Substitute
|move|p1a: Suicune|Substitute|p1a: Suicune
|-start|p1a: Suicune|Substitute
|-damage|p1a: Suicune|24/100
|
|-heal|p1a: Suicune|30/100|[from] item: Leftovers
|upkeep
|turn|12
|
|t:|1779705937
|move|p1a: Suicune|Protect|p1a: Suicune
|-singleturn|p1a: Suicune|Protect
|move|p2a: Lucifer|Destiny Bond|p2a: Lucifer
|-singlemove|p2a: Lucifer|Destiny Bond
|
|-heal|p1a: Suicune|36/100|[from] item: Leftovers
|upkeep
|turn|13
|
|t:|1779705945
|move|p2a: Lucifer|Super Fang|p1a: Suicune
|-activate|p1a: Suicune|move: Substitute|[damage]
|move|p1a: Suicune|Scald|p2a: Lucifer
|-supereffective|p2a: Lucifer
|-damage|p2a: Lucifer|0 fnt
|faint|p2a: Lucifer
|
|-heal|p1a: Suicune|42/100|[from] item: Leftovers
|upkeep
|
|t:|1779705952
|switch|p2a: ….|Spiritomb, F, shiny|100/100
|turn|14
|
|t:|1779705958
|move|p1a: Suicune|Scald|p2a: ….
|-damage|p2a: ….|29/100
|move|p2a: ….|Psychic|p1a: Suicune
|-damage|p1a: Suicune|37/100
|
|-heal|p1a: Suicune|43/100|[from] item: Leftovers
|upkeep
|turn|15
|
|t:|1779705965
|move|p1a: Suicune|Scald|p2a: ….
|-damage|p2a: ….|0 fnt
|faint|p2a: ….
|
|-heal|p1a: Suicune|49/100|[from] item: Leftovers
|upkeep
|inactive|Battle timer is ON: inactive players will automatically lose when time's up. (requested by skibidi but swole)
|
|t:|1779706014
|switch|p2a: Stong Goblin|Grimmsnarl, M, shiny|100/100
|turn|16
|
|t:|1779706021
|move|p1a: Suicune|Protect|p1a: Suicune
|-singleturn|p1a: Suicune|Protect
|move|p2a: Stong Goblin|Bulk Up|p2a: Stong Goblin
|-boost|p2a: Stong Goblin|atk|1
|-boost|p2a: Stong Goblin|def|1
|
|-heal|p1a: Suicune|55/100|[from] item: Leftovers
|upkeep
|turn|17
|
|t:|1779706027
|move|p2a: Stong Goblin|Bulk Up|p2a: Stong Goblin
|-boost|p2a: Stong Goblin|atk|1
|-boost|p2a: Stong Goblin|def|1
|move|p1a: Suicune|Scald|p2a: Stong Goblin
|-damage|p2a: Stong Goblin|57/100
|-status|p2a: Stong Goblin|brn
|
|-heal|p1a: Suicune|61/100|[from] item: Leftovers
|-heal|p2a: Stong Goblin|63/100 brn|[from] item: Leftovers
|-damage|p2a: Stong Goblin|57/100 brn|[from] brn
|upkeep
|turn|18
|
|t:|1779706037
|move|p1a: Suicune|Scald|p2a: Stong Goblin
|-damage|p2a: Stong Goblin|11/100 brn
|move|p2a: Stong Goblin|Spirit Break|p1a: Suicune
|-end|p1a: Suicune|Substitute
|
|-heal|p1a: Suicune|68/100|[from] item: Leftovers
|-heal|p2a: Stong Goblin|17/100 brn|[from] item: Leftovers
|-damage|p2a: Stong Goblin|11/100 brn|[from] brn
|upkeep
|turn|19
|
|t:|1779706049
|move|p1a: Suicune|Substitute|p1a: Suicune
|-start|p1a: Suicune|Substitute
|-damage|p1a: Suicune|43/100
|move|p2a: Stong Goblin|Spirit Break|p1a: Suicune
|-activate|p1a: Suicune|move: Substitute|[damage]
|
|-heal|p1a: Suicune|49/100|[from] item: Leftovers
|-heal|p2a: Stong Goblin|17/100 brn|[from] item: Leftovers
|-damage|p2a: Stong Goblin|11/100 brn|[from] brn
|upkeep
|turn|20
|
|t:|1779706075
|move|p1a: Suicune|Scald|p2a: Stong Goblin
|-damage|p2a: Stong Goblin|0 fnt
|faint|p2a: Stong Goblin
|
|-heal|p1a: Suicune|55/100|[from] item: Leftovers
|upkeep
|
|t:|1779706079
|switch|p2a: Babydoll|Umbreon, F, shiny|100/100
|turn|21
|
|t:|1779706088
|move|p1a: Suicune|Calm Mind|p1a: Suicune
|-boost|p1a: Suicune|spa|1
|-boost|p1a: Suicune|spd|1
|move|p2a: Babydoll|Wish|p2a: Babydoll
|
|-heal|p1a: Suicune|61/100|[from] item: Leftovers
|upkeep
|turn|22
|
|t:|1779706097
|move|p1a: Suicune|Scald|p2a: Babydoll
|-damage|p2a: Babydoll|61/100
|move|p2a: Babydoll|Flail|p1a: Suicune
|-activate|p1a: Suicune|move: Substitute|[damage]
|
|-heal|p2a: Babydoll|100/100|[from] move: Wish|[wisher] Babydoll
|-heal|p1a: Suicune|67/100|[from] item: Leftovers
|upkeep
|turn|23
|
|t:|1779706107
|move|p1a: Suicune|Calm Mind|p1a: Suicune
|-boost|p1a: Suicune|spa|1
|-boost|p1a: Suicune|spd|1
|move|p2a: Babydoll|Wish|p2a: Babydoll
|
|-heal|p1a: Suicune|74/100|[from] item: Leftovers
|upkeep
|turn|24
|
|t:|1779706112
|switch|p2a: Go go power ranger|Bisharp, M|100/100
|move|p1a: Suicune|Protect||[still]
|-fail|p1a: Suicune
|
|-heal|p1a: Suicune|80/100|[from] item: Leftovers
|upkeep
|turn|25
|
|t:|1779706119
|move|p1a: Suicune|Scald|p2a: Go go power ranger
|-crit|p2a: Go go power ranger
|-damage|p2a: Go go power ranger|0 fnt
|faint|p2a: Go go power ranger
|
|-heal|p1a: Suicune|86/100|[from] item: Leftovers
|upkeep
|
|t:|1779706122
|switch|p2a: Babydoll|Umbreon, F, shiny|100/100
|turn|26
|-message|ihatecake69 forfeited.
|
|win|skibidi but swole
|raw|skibidi but swole's rating: 1108 &rarr; <strong>1131</strong><br />(+23 for winning)
|raw|ihatecake69's rating: 1082 &rarr; <strong>1061</strong><br />(-21 for losing)
|l|☆ihatecake69
|player|p2|
|l|☆skibidi but swole
|player|p1|
