|j|☆dsekop
|j|☆joaopomba
|t:|1779676909
|gametype|singles
|player|p1|dsekop|unknown|1523
|player|p2|joaopomba|102|1515
|gen|9
|tier|[Gen 9] OU
|rated|
|rule|HP Percentage Mod: HP is shown in percentages
|rule|Endless Battle Clause: Forcing endless battles is banned
|rule|Species Clause: Limit one of each Pokémon
|rule|OHKO Clause: OHKO moves are banned
|rule|Evasion Items Clause: Evasion items are banned
|rule|Evasion Moves Clause: Evasion moves are banned
|rule|Evasion Abilities Clause: Evasion abilities are banned
|rule|Sleep Moves Clause: Sleep-inducing moves are banned
|clearpoke
|poke|p1|Komala, F|
|poke|p1|Blissey, F|
|poke|p1|Dondozo, M|
|poke|p1|Gliscor, M|
|poke|p1|Clefable, F|
|poke|p1|Toxapex, M|
|poke|p2|Kingambit, F|
|poke|p2|Cinderace, F|
|poke|p2|Landorus-Therian, M|
|poke|p2|Iron Valiant|
|poke|p2|Kyurem|
|poke|p2|Slowking-Galar, M|
|teampreview
|inactive|Battle timer is ON: inactive players will automatically lose when time's up. (requested by dsekop)
|
|t:|1779676917
|teamsize|p1|6
|teamsize|p2|6
|start
|switch|p1a: Gliscor|Gliscor, M|100/100
|switch|p2a: Mr. Freeze|Kyurem, shiny|100/100
|-ability|p2a: Mr. Freeze|Pressure
|turn|1
|
|t:|1779676924
|move|p1a: Gliscor|Protect|p1a: Gliscor
|-singleturn|p1a: Gliscor|Protect
|move|p2a: Mr. Freeze|Substitute|p2a: Mr. Freeze
|-start|p2a: Mr. Freeze|Substitute
|-damage|p2a: Mr. Freeze|76/100
|
|-heal|p2a: Mr. Freeze|82/100|[from] item: Leftovers
|-status|p1a: Gliscor|tox|[from] item: Toxic Orb
|upkeep
|turn|2
|
|t:|1779676928
|switch|p1a: Toxapex|Toxapex, M|100/100
|move|p2a: Mr. Freeze|Freeze-Dry|p1a: Toxapex
|-supereffective|p1a: Toxapex
|-damage|p1a: Toxapex|51/100
|
|-heal|p2a: Mr. Freeze|88/100|[from] item: Leftovers
|upkeep
|turn|3
|
|t:|1779676933
|switch|p1a: Blissey|Blissey, F|100/100
|move|p2a: Mr. Freeze|Freeze-Dry|p1a: Blissey
|-crit|p1a: Blissey
|-damage|p1a: Blissey|85/100
|-status|p1a: Blissey|frz
|
|-heal|p2a: Mr. Freeze|94/100|[from] item: Leftovers
|upkeep
|turn|4
|
|t:|1779676948
|-curestatus|p1a: Blissey|frz|[from] ability: Natural Cure|[silent]
|switch|p1a: Toxapex|Toxapex, M|84/100
|move|p2a: Mr. Freeze|Body Press|p1a: Toxapex
|-resisted|p1a: Toxapex
|-damage|p1a: Toxapex|79/100
|
|-heal|p2a: Mr. Freeze|99/100|[from] item: Leftovers
|upkeep
|turn|5
|
|t:|1779676955
|switch|p1a: Clefable|Clefable, F|100/100
|move|p2a: Mr. Freeze|Freeze-Dry|p1a: Clefable
|-damage|p1a: Clefable|69/100
|
|-heal|p2a: Mr. Freeze|100/100|[from] item: Leftovers
|upkeep
|turn|6
|
|t:|1779676960
|move|p2a: Mr. Freeze|Freeze-Dry|p1a: Clefable
|-damage|p1a: Clefable|35/100
|move|p1a: Clefable|Wish|p1a: Clefable
|
|upkeep
|turn|7
|
|t:|1779676971
|move|p1a: Clefable|Protect|p1a: Clefable
|-singleturn|p1a: Clefable|Protect
|move|p2a: Mr. Freeze|Freeze-Dry|p1a: Clefable
|-activate|p1a: Clefable|move: Protect
|
|-heal|p1a: Clefable|85/100|[from] move: Wish|[wisher] Clefable
|upkeep
|turn|8
|
|t:|1779676976
|move|p2a: Mr. Freeze|Freeze-Dry|p1a: Clefable
|-damage|p1a: Clefable|53/100
|move|p1a: Clefable|Wish|p1a: Clefable
|
|upkeep
|turn|9
|
|t:|1779676986
|move|p2a: Mr. Freeze|Freeze-Dry|p1a: Clefable
|-damage|p1a: Clefable|19/100
|move|p1a: Clefable|Stealth Rock|p2a: Mr. Freeze
|-sidestart|p2: joaopomba|move: Stealth Rock
|
|-heal|p1a: Clefable|69/100|[from] move: Wish|[wisher] Clefable
|upkeep
|turn|10
|
|t:|1779676989
|move|p2a: Mr. Freeze|Freeze-Dry|p1a: Clefable
|-damage|p1a: Clefable|36/100
|move|p1a: Clefable|Wish|p1a: Clefable
|
|upkeep
|turn|11
|
|t:|1779676993
|move|p1a: Clefable|Protect|p1a: Clefable
|-singleturn|p1a: Clefable|Protect
|move|p2a: Mr. Freeze|Freeze-Dry|p1a: Clefable
|-activate|p1a: Clefable|move: Protect
|
|-heal|p1a: Clefable|86/100|[from] move: Wish|[wisher] Clefable
|upkeep
|turn|12
|
|t:|1779677003
|move|p2a: Mr. Freeze|Freeze-Dry|p1a: Clefable
|-damage|p1a: Clefable|52/100
|move|p1a: Clefable|Wish|p1a: Clefable
|
|upkeep
|turn|13
|
|t:|1779677006
|move|p2a: Mr. Freeze|Freeze-Dry|p1a: Clefable
|-damage|p1a: Clefable|20/100
|move|p1a: Clefable|Moonblast|p2a: Mr. Freeze
|-supereffective|p2a: Mr. Freeze
|-end|p2a: Mr. Freeze|Substitute
|
|-heal|p1a: Clefable|70/100|[from] move: Wish|[wisher] Clefable
|upkeep
|turn|14
|
|t:|1779677011
|move|p2a: Mr. Freeze|Substitute|p2a: Mr. Freeze
|-start|p2a: Mr. Freeze|Substitute
|-damage|p2a: Mr. Freeze|76/100
|move|p1a: Clefable|Wish|p1a: Clefable
|
|-heal|p2a: Mr. Freeze|82/100|[from] item: Leftovers
|upkeep
|turn|15
|
|t:|1779677030
|move|p2a: Mr. Freeze|Freeze-Dry|p1a: Clefable
|-damage|p1a: Clefable|37/100
|move|p1a: Clefable|Moonblast|p2a: Mr. Freeze
|-supereffective|p2a: Mr. Freeze
|-end|p2a: Mr. Freeze|Substitute
|
|-heal|p1a: Clefable|87/100|[from] move: Wish|[wisher] Clefable
|-heal|p2a: Mr. Freeze|88/100|[from] item: Leftovers
|upkeep
|turn|16
|
|t:|1779677043
|switch|p2a: Daenerys|Kingambit, F|100/100
|-damage|p2a: Daenerys|94/100|[from] Stealth Rock
|move|p1a: Clefable|Moonblast|p2a: Daenerys
|-damage|p2a: Daenerys|63/100
|
|-heal|p2a: Daenerys|69/100|[from] item: Leftovers
|upkeep
|turn|17
|
|t:|1779677054
|-end|p2a: Daenerys|fallenundefined|[silent]
|switch|p2a: Kristine|Cinderace, F, shiny|100/100
|switch|p1a: Gliscor|Gliscor, M|100/100 tox
|
|upkeep
|turn|18
|
|t:|1779677060
|-terastallize|p2a: Kristine|Bug
|move|p2a: Kristine|Court Change|p2a: Kristine
|-swapsideconditions
|-activate|p2a: Kristine|move: Court Change
|move|p1a: Gliscor|Spikes|p2a: Kristine
|-sidestart|p2: joaopomba|Spikes
|
|upkeep
|turn|19
|
|t:|1779677065
|move|p2a: Kristine|U-turn|p1a: Gliscor
|-resisted|p1a: Gliscor
|-damage|p1a: Gliscor|92/100 tox
|
|t:|1779677070
|switch|p2a: Mr. Freeze|Kyurem, shiny|88/100|[from] U-turn
|-damage|p2a: Mr. Freeze|76/100|[from] Spikes
|-ability|p2a: Mr. Freeze|Pressure
|move|p1a: Gliscor|Spikes|p2a: Mr. Freeze
|-sidestart|p2: joaopomba|Spikes
|
|-heal|p2a: Mr. Freeze|82/100|[from] item: Leftovers
|-heal|p1a: Gliscor|100/100 tox|[from] ability: Poison Heal
|upkeep
|turn|20
|
|t:|1779677083
|switch|p1a: Blissey|Blissey, F|85/100
|move|p2a: Mr. Freeze|Substitute|p2a: Mr. Freeze
|-start|p2a: Mr. Freeze|Substitute
|-damage|p2a: Mr. Freeze|57/100
|
|-heal|p2a: Mr. Freeze|63/100|[from] item: Leftovers
|upkeep
|turn|21
|
|t:|1779677089
|switch|p1a: Clefable|Clefable, F|87/100
|move|p2a: Mr. Freeze|Body Press|p1a: Clefable
|-resisted|p1a: Clefable
|-damage|p1a: Clefable|80/100
|
|-heal|p2a: Mr. Freeze|69/100|[from] item: Leftovers
|upkeep
|turn|22
|
|t:|1779677093
|move|p1a: Clefable|Protect|p1a: Clefable
|-singleturn|p1a: Clefable|Protect
|move|p2a: Mr. Freeze|Freeze-Dry|p1a: Clefable
|-activate|p1a: Clefable|move: Protect
|
|-heal|p2a: Mr. Freeze|75/100|[from] item: Leftovers
|upkeep
|turn|23
|
|t:|1779677112
|move|p2a: Mr. Freeze|Freeze-Dry|p1a: Clefable
|-damage|p1a: Clefable|49/100
|move|p1a: Clefable|Wish|p1a: Clefable
|
|-heal|p2a: Mr. Freeze|81/100|[from] item: Leftovers
|upkeep
|turn|24
|
|t:|1779677119
|move|p2a: Mr. Freeze|Freeze-Dry|p1a: Clefable
|-damage|p1a: Clefable|15/100
|move|p1a: Clefable|Moonblast|p2a: Mr. Freeze
|-supereffective|p2a: Mr. Freeze
|-end|p2a: Mr. Freeze|Substitute
|
|-heal|p1a: Clefable|65/100|[from] move: Wish|[wisher] Clefable
|-heal|p2a: Mr. Freeze|88/100|[from] item: Leftovers
|upkeep
|turn|25
|
|t:|1779677122
|move|p2a: Mr. Freeze|Substitute|p2a: Mr. Freeze
|-start|p2a: Mr. Freeze|Substitute
|-damage|p2a: Mr. Freeze|63/100
|move|p1a: Clefable|Wish|p1a: Clefable
|
|-heal|p2a: Mr. Freeze|69/100|[from] item: Leftovers
|upkeep
|turn|26
|
|t:|1779677126
|move|p2a: Mr. Freeze|Freeze-Dry|p1a: Clefable
|-damage|p1a: Clefable|35/100
|move|p1a: Clefable|Moonblast|p2a: Mr. Freeze
|-supereffective|p2a: Mr. Freeze
|-end|p2a: Mr. Freeze|Substitute
|
|-heal|p1a: Clefable|85/100|[from] move: Wish|[wisher] Clefable
|-heal|p2a: Mr. Freeze|75/100|[from] item: Leftovers
|upkeep
|turn|27
|
|t:|1779677133
|switch|p2a: Chillionaire|Slowking-Galar, M, shiny|100/100
|move|p1a: Clefable|Moonblast|p2a: Chillionaire
|-resisted|p2a: Chillionaire
|-damage|p2a: Chillionaire|91/100
|
|upkeep
|turn|28
|
|t:|1779677158
|switch|p1a: Komala|Komala, F|100/100
|-ability|p1a: Komala|Comatose
|move|p2a: Chillionaire|Psychic Noise|p1a: Komala
|-crit|p1a: Komala
|-damage|p1a: Komala|61/100
|-start|p1a: Komala|move: Heal Block
|
|upkeep
|turn|29
|
|t:|1779677166
|-terastallize|p1a: Komala|Dark
|move|p1a: Komala|Knock Off|p2a: Chillionaire
|-supereffective|p2a: Chillionaire
|-damage|p2a: Chillionaire|13/100
|-enditem|p2a: Chillionaire|Heavy-Duty Boots|[from] move: Knock Off|[of] p1a: Komala
|-prepare|p2a: Chillionaire|Chilly Reception|[premajor]
|move|p2a: Chillionaire|Chilly Reception|p2a: Chillionaire
|-weather|Snowscape
|
|t:|1779677175
|switch|p2a: Mr. Freeze|Kyurem, shiny|75/100|[from] Chilly Reception
|-damage|p2a: Mr. Freeze|59/100|[from] Spikes
|-ability|p2a: Mr. Freeze|Pressure
|
|-weather|Snowscape|[upkeep]
|-heal|p2a: Mr. Freeze|65/100|[from] item: Leftovers
|-end|p1a: Komala|move: Heal Block
|upkeep
|turn|30
|j| hgghgbc
|inactive|dsekop has 120 seconds left.
|
|t:|1779677212
|switch|p1a: Clefable|Clefable, F|85/100
|move|p2a: Mr. Freeze|Freeze-Dry|p1a: Clefable
|-damage|p1a: Clefable|51/100
|
|-weather|Snowscape|[upkeep]
|-heal|p2a: Mr. Freeze|71/100|[from] item: Leftovers
|upkeep
|turn|31
|
|t:|1779677216
|move|p2a: Mr. Freeze|Substitute|p2a: Mr. Freeze
|-start|p2a: Mr. Freeze|Substitute
|-damage|p2a: Mr. Freeze|46/100
|move|p1a: Clefable|Wish|p1a: Clefable
|
|-weather|Snowscape|[upkeep]
|-heal|p2a: Mr. Freeze|52/100|[from] item: Leftovers
|upkeep
|turn|32
|
|t:|1779677219
|move|p2a: Mr. Freeze|Freeze-Dry|p1a: Clefable
|-damage|p1a: Clefable|20/100
|move|p1a: Clefable|Moonblast|p2a: Mr. Freeze
|-supereffective|p2a: Mr. Freeze
|-end|p2a: Mr. Freeze|Substitute
|
|-weather|Snowscape|[upkeep]
|-heal|p1a: Clefable|70/100|[from] move: Wish|[wisher] Clefable
|-heal|p2a: Mr. Freeze|58/100|[from] item: Leftovers
|upkeep
|turn|33
|
|t:|1779677224
|move|p2a: Mr. Freeze|Freeze-Dry|p1a: Clefable
|-damage|p1a: Clefable|35/100
|move|p1a: Clefable|Wish|p1a: Clefable
|
|-weather|none
|-heal|p2a: Mr. Freeze|64/100|[from] item: Leftovers
|upkeep
|turn|34
|inactive|dsekop has 120 seconds left.
|
|t:|1779677263
|switch|p2a: Chillionaire|Slowking-Galar, M, shiny|46/100
|-damage|p2a: Chillionaire|30/100|[from] Spikes
|move|p1a: Clefable|Protect||[still]
|-fail|p1a: Clefable
|
|-heal|p1a: Clefable|85/100|[from] move: Wish|[wisher] Clefable
|upkeep
|turn|35
|inactive|dsekop has 120 seconds left.
|
|t:|1779677269
|switch|p1a: Toxapex|Toxapex, M|100/100
|-prepare|p2a: Chillionaire|Chilly Reception|[premajor]
|move|p2a: Chillionaire|Chilly Reception|p2a: Chillionaire
|-weather|Snowscape
|
|t:|1779677277
|switch|p2a: Kristine|Cinderace, F, shiny, tera:Bug|100/100|[from] Chilly Reception
|
|-weather|Snowscape|[upkeep]
|upkeep
|turn|36
|inactive|dsekop has 120 seconds left.
|
|t:|1779677299
|switch|p1a: Clefable|Clefable, F|85/100
|move|p2a: Kristine|Court Change|p2a: Kristine
|-swapsideconditions
|-activate|p2a: Kristine|move: Court Change
|
|-weather|Snowscape|[upkeep]
|upkeep
|turn|37
|
|t:|1779677304
|switch|p2a: Homelandor|Landorus-Therian, M, shiny|100/100
|-damage|p2a: Homelandor|88/100|[from] Stealth Rock
|-ability|p2a: Homelandor|Intimidate|boost
|-unboost|p1a: Clefable|atk|1
|move|p1a: Clefable|Wish|p1a: Clefable
|
|-weather|Snowscape|[upkeep]
|upkeep
|turn|38
|l| hgghgbc
|
|t:|1779677308
|switch|p1a: Gliscor|Gliscor, M|100/100 tox
|move|p2a: Homelandor|Stealth Rock|p1a: Gliscor
|-sidestart|p1: dsekop|move: Stealth Rock
|
|-weather|Snowscape|[upkeep]
|upkeep
|turn|39
|
|t:|1779677315
|move|p2a: Homelandor|Taunt|p1a: Gliscor
|-start|p1a: Gliscor|move: Taunt
|cant|p1a: Gliscor|move: Taunt|Spikes
|
|-weather|none
|upkeep
|turn|40
|
|t:|1779677319
|switch|p1a: Toxapex|Toxapex, M|100/100
|move|p2a: Homelandor|U-turn|p1a: Toxapex
|-resisted|p1a: Toxapex
|-damage|p1a: Toxapex|94/100
|
|t:|1779677326
|switch|p2a: Chillionaire|Slowking-Galar, M, shiny|63/100|[from] U-turn
|-damage|p2a: Chillionaire|51/100|[from] Stealth Rock
|
|upkeep
|turn|41
|
|t:|1779677334
|switch|p1a: Komala|Komala, F, tera:Dark|61/100
|-ability|p1a: Komala|Comatose
|move|p2a: Chillionaire|Psychic Noise|p1a: Komala
|-immune|p1a: Komala
|
|upkeep
|turn|42
|
|t:|1779677342
|switch|p2a: Homelandor|Landorus-Therian, M, shiny|88/100
|-damage|p2a: Homelandor|76/100|[from] Stealth Rock
|-ability|p2a: Homelandor|Intimidate|boost
|-unboost|p1a: Komala|atk|1
|move|p1a: Komala|Rapid Spin|p2a: Homelandor
|-damage|p2a: Homelandor|64/100
|-boost|p1a: Komala|spe|1
|-damage|p1a: Komala|44/100|[from] item: Rocky Helmet|[of] p2a: Homelandor
|-sideend|p1: dsekop|Spikes|[from] move: Rapid Spin|[of] p1a: Komala
|-sideend|p1: dsekop|Stealth Rock|[from] move: Rapid Spin|[of] p1a: Komala
|
|upkeep
|turn|43
|
|t:|1779677348
|move|p2a: Homelandor|Stealth Rock|p1a: Komala
|-sidestart|p1: dsekop|move: Stealth Rock
|move|p1a: Komala|Wish|p1a: Komala
|
|upkeep
|turn|44
|
|t:|1779677353
|move|p1a: Komala|Protect|p1a: Komala
|-singleturn|p1a: Komala|Protect
|move|p2a: Homelandor|U-turn|p1a: Komala
|-activate|p1a: Komala|move: Protect
|
|-heal|p1a: Komala|94/100|[from] move: Wish|[wisher] Komala
|upkeep
|turn|45
|
|t:|1779677358
|switch|p1a: Gliscor|Gliscor, M|100/100 tox
|-damage|p1a: Gliscor|88/100 tox|[from] Stealth Rock
|move|p2a: Homelandor|Earthquake|p1a: Gliscor
|-immune|p1a: Gliscor
|
|-heal|p1a: Gliscor|100/100 tox|[from] ability: Poison Heal
|upkeep
|turn|46
|
|t:|1779677364
|move|p2a: Homelandor|Taunt|p1a: Gliscor
|-start|p1a: Gliscor|move: Taunt
|move|p1a: Gliscor|Knock Off|p2a: Homelandor
|-damage|p2a: Homelandor|43/100
|-damage|p1a: Gliscor|84/100 tox|[from] item: Rocky Helmet|[of] p2a: Homelandor
|-enditem|p2a: Homelandor|Rocky Helmet|[from] move: Knock Off|[of] p1a: Gliscor
|
|-heal|p1a: Gliscor|97/100 tox|[from] ability: Poison Heal
|upkeep
|turn|47
|
|t:|1779677367
|switch|p1a: Toxapex|Toxapex, M|100/100
|move|p2a: Homelandor|U-turn|p1a: Toxapex
|-resisted|p1a: Toxapex
|-damage|p1a: Toxapex|94/100
|
|t:|1779677377
|switch|p2a: Chillionaire|Slowking-Galar, M, shiny|84/100|[from] U-turn
|-damage|p2a: Chillionaire|71/100|[from] Stealth Rock
|
|upkeep
|turn|48
|
|t:|1779677396
|switch|p1a: Komala|Komala, F, tera:Dark|94/100
|-ability|p1a: Komala|Comatose
|switch|p2a: WALL-Y|Iron Valiant|100/100
|-damage|p2a: WALL-Y|94/100|[from] Stealth Rock
|-enditem|p2a: WALL-Y|Booster Energy
|-activate|p2a: WALL-Y|ability: Quark Drive|[fromitem]
|-start|p2a: WALL-Y|quarkdrivespe
|
|upkeep
|turn|49
|
|t:|1779677399
|switch|p1a: Toxapex|Toxapex, M|100/100
|move|p2a: WALL-Y|Calm Mind|p2a: WALL-Y
|-boost|p2a: WALL-Y|spa|1
|-boost|p2a: WALL-Y|spd|1
|
|upkeep
|turn|50
|
|t:|1779677407
|move|p2a: WALL-Y|Calm Mind|p2a: WALL-Y
|-boost|p2a: WALL-Y|spa|1
|-boost|p2a: WALL-Y|spd|1
|move|p1a: Toxapex|Toxic|p2a: WALL-Y
|-status|p2a: WALL-Y|tox
|
|-damage|p2a: WALL-Y|88/100 tox|[from] psn
|upkeep
|turn|51
|
|t:|1779677418
|move|p2a: WALL-Y|Shadow Ball|p1a: Toxapex
|-damage|p1a: Toxapex|64/100
|-unboost|p1a: Toxapex|spd|1
|move|p1a: Toxapex|Haze|p1a: Toxapex
|-clearallboost
|
|-damage|p2a: WALL-Y|76/100 tox|[from] psn
|upkeep
|turn|52
|-message|joaopomba forfeited.
|
|win|dsekop
|raw|dsekop's rating: 1523 &rarr; <strong>1543</strong><br />(+20 for winning)
|raw|joaopomba's rating: 1515 &rarr; <strong>1495</strong><br />(-20 for losing)
|l|☆joaopomba
|player|p2|
|l|☆dsekop
|player|p1|
