|j|‽arbok fangs
|j|☆goodnightnite
|t:|1779697658
|gametype|singles
|player|p1|arbok fangs|rocketgrunt|1639
|player|p2|goodnightnite|miku-water|1737
|gen|9
|tier|[Gen 9] OU
|rated|
|rule|HP Percentage Mod: HP is shown in percentages
|rule|Endless Battle Clause: Forcing endless battles is banned
|rule|Species Clause: Limit one of each Pokémon
|rule|OHKO Clause: OHKO moves are banned
|rule|Evasion Items Clause: Evasion items are banned
|rule|Evasion Moves Clause: Evasion moves are banned
|rule|Evasion Abilities Clause: Evasion abilities are banned
|rule|Sleep Moves Clause: Sleep-inducing moves are banned
|clearpoke
|poke|p1|Ninetales-Alola, F|
|poke|p1|Klefki, F|
|poke|p1|Maushold-Four|
|poke|p1|Latias, F|
|poke|p1|Okidogi, M|
|poke|p1|Kyurem|
|poke|p2|Weezing-Galar, F|
|poke|p2|Alomomola, F|
|poke|p2|Iron Treads|
|poke|p2|Tornadus-Therian, M|
|poke|p2|Zamazenta-*|
|poke|p2|Lokix, M|
|teampreview
|inactive|Battle timer is ON: inactive players will automatically lose when time's up. (requested by arbok fangs)
|inactive|goodnightnite also wants the timer to be on.
|
|t:|1779697681
|teamsize|p1|6
|teamsize|p2|6
|start
|switch|p1a: Klefki|Klefki, F|100/100
|switch|p2a: Weezing|Weezing-Galar, F|100/100
|-ability|p2a: Weezing|Neutralizing Gas
|turn|1
|
|t:|1779697686
|-end|p2a: Weezing|ability: Neutralizing Gas
|switch|p2a: Iron Treads|Iron Treads|100/100
|move|p1a: Klefki|Light Screen|p1a: Klefki
|-sidestart|p1: arbok fangs|move: Light Screen
|
|upkeep
|turn|2
|
|t:|1779697694
|move|p1a: Klefki|Reflect|p1a: Klefki
|-sidestart|p1: arbok fangs|Reflect
|move|p2a: Iron Treads|Earthquake|p1a: Klefki
|-supereffective|p1a: Klefki
|-damage|p1a: Klefki|59/100
|
|upkeep
|turn|3
|
|t:|1779697701
|-end|p2a: Iron Treads|Quark Drive|[silent]
|switch|p2a: Zamazenta|Zamazenta|100/100
|-ability|p2a: Zamazenta|Dauntless Shield|boost
|-boost|p2a: Zamazenta|def|1
|switch|p1a: Latias|Latias, F|100/100
|
|upkeep
|turn|4
|
|t:|1779697711
|move|p2a: Zamazenta|Crunch|p1a: Latias
|-supereffective|p1a: Latias
|-damage|p1a: Latias|60/100
|-enditem|p1a: Latias|Weakness Policy
|-boost|p1a: Latias|atk|2|[from] item: Weakness Policy
|-boost|p1a: Latias|spa|2|[from] item: Weakness Policy
|move|p1a: Latias|Agility|p1a: Latias
|-boost|p1a: Latias|spe|2
|
|upkeep
|turn|5
|
|t:|1779697717
|switch|p2a: Lokix|Lokix, M|100/100
|move|p1a: Latias|Stored Power|p2a: Lokix
|-immune|p2a: Lokix
|
|upkeep
|turn|6
|
|t:|1779697730
|switch|p2a: Tornadus|Tornadus-Therian, M|100/100
|-terastallize|p1a: Latias|Steel
|move|p1a: Latias|Stored Power|p2a: Tornadus
|-damage|p2a: Tornadus|9/100
|
|upkeep
|turn|7
|
|t:|1779697740
|switch|p2a: Weezing|Weezing-Galar, F|100/100
|-ability|p2a: Weezing|Neutralizing Gas
|move|p1a: Latias|Stored Power|p2a: Weezing
|-supereffective|p2a: Weezing
|-damage|p2a: Weezing|0 fnt
|faint|p2a: Weezing
|-end|p2a: Weezing|ability: Neutralizing Gas
|
|upkeep
|j| yuureisuisei
|
|t:|1779697749
|switch|p2a: Zamazenta|Zamazenta|100/100
|turn|8
|
|t:|1779697753
|move|p1a: Latias|Aura Sphere|p2a: Zamazenta
|-damage|p2a: Zamazenta|49/100
|move|p2a: Zamazenta|Close Combat|p1a: Latias
|-supereffective|p1a: Latias
|-damage|p1a: Latias|0 fnt
|-unboost|p2a: Zamazenta|def|1
|-unboost|p2a: Zamazenta|spd|1
|faint|p1a: Latias
|
|-sideend|p1: arbok fangs|move: Light Screen
|upkeep
|
|t:|1779697760
|switch|p1a: Klefki|Klefki, F|59/100
|turn|9
|inactive|goodnightnite has 120 seconds left.
|
|t:|1779697799
|move|p1a: Klefki|Light Screen|p1a: Klefki
|-sidestart|p1: arbok fangs|move: Light Screen
|move|p2a: Zamazenta|Close Combat|p1a: Klefki
|-damage|p1a: Klefki|7/100
|-unboost|p2a: Zamazenta|def|1
|-unboost|p2a: Zamazenta|spd|1
|
|-sideend|p1: arbok fangs|Reflect
|upkeep
|turn|10
|inactive|goodnightnite has 120 seconds left.
|
|t:|1779697807
|switch|p2a: Tornadus|Tornadus-Therian, M|42/100
|move|p1a: Klefki|Reflect|p1a: Klefki
|-sidestart|p1: arbok fangs|Reflect
|
|upkeep
|turn|11
|
|t:|1779697814
|switch|p2a: Iron Treads|Iron Treads|100/100
|switch|p1a: Kyurem|Kyurem, shiny|100/100
|-ability|p1a: Kyurem|Pressure
|
|upkeep
|turn|12
|j| Disscratch
|
|t:|1779697822
|move|p2a: Iron Treads|Earthquake|p1a: Kyurem
|-damage|p1a: Kyurem|82/100
|move|p1a: Kyurem|Dragon Dance|p1a: Kyurem
|-boost|p1a: Kyurem|atk|1
|-boost|p1a: Kyurem|spe|1
|
|upkeep
|turn|13
|-message|goodnightnite forfeited.
|
|win|arbok fangs
|raw|arbok fangs's rating: 1639 &rarr; <strong>1664</strong><br />(+25 for winning)
|raw|goodnightnite's rating: 1737 &rarr; <strong>1712</strong><br />(-25 for losing)
|l|☆goodnightnite
|player|p2|
|l|‽arbok fangs
|player|p1|
|l| yuureisuisei
|l| Disscratch
