|j|☆Baptou26
|j|☆prazelt
|t:|1779653060
|gametype|singles
|player|p1|Baptou26|101|1158
|player|p2|prazelt|red|1126
|gen|9
|tier|[Gen 9] OU
|rated|
|rule|HP Percentage Mod: HP is shown in percentages
|rule|Endless Battle Clause: Forcing endless battles is banned
|rule|Species Clause: Limit one of each Pokémon
|rule|OHKO Clause: OHKO moves are banned
|rule|Evasion Items Clause: Evasion items are banned
|rule|Evasion Moves Clause: Evasion moves are banned
|rule|Evasion Abilities Clause: Evasion abilities are banned
|rule|Sleep Moves Clause: Sleep-inducing moves are banned
|clearpoke
|poke|p1|Gliscor, F|
|poke|p1|Iron Valiant|
|poke|p1|Ceruledge, F|
|poke|p1|Meowscarada, M|
|poke|p1|Primarina, F|
|poke|p1|Basculin-Blue-Striped, M|
|poke|p2|Staraptor, M|
|poke|p2|Tyranitar, F|
|poke|p2|Lucario, M|
|poke|p2|Milotic, F|
|poke|p2|Hippowdon, M|
|poke|p2|Gardevoir, M|
|teampreview
|inactive|Battle timer is ON: inactive players will automatically lose when time's up. (requested by prazelt)
|
|t:|1779653067
|teamsize|p1|6
|teamsize|p2|6
|start
|switch|p1a: Ceruledge|Ceruledge, F|100/100
|switch|p2a: Staraptor|Staraptor, M|100/100
|turn|1
|
|t:|1779653077
|move|p2a: Staraptor|U-turn|p1a: Ceruledge
|-resisted|p1a: Ceruledge
|-crit|p1a: Ceruledge
|-damage|p1a: Ceruledge|89/100
|
|t:|1779653081
|switch|p2a: Tyranitar|Tyranitar, F|100/100|[from] U-turn
|-weather|Sandstorm|[from] ability: Sand Stream|[of] p2a: Tyranitar
|move|p1a: Ceruledge|Bitter Blade|p2a: Tyranitar
|-resisted|p2a: Tyranitar
|-damage|p2a: Tyranitar|83/100
|-heal|p1a: Ceruledge|100/100|[from] drain|[of] p2a: Tyranitar
|
|-weather|Sandstorm|[upkeep]
|-damage|p1a: Ceruledge|94/100|[from] Sandstorm
|upkeep
|turn|2
|
|t:|1779653102
|switch|p1a: Basculin|Basculin-Blue-Striped, M|100/100
|-ability|p1a: Basculin|Mold Breaker
|move|p2a: Tyranitar|Stealth Rock|p1a: Basculin
|-sidestart|p1: Baptou26|move: Stealth Rock
|
|-weather|Sandstorm|[upkeep]
|-damage|p1a: Basculin|94/100|[from] Sandstorm
|upkeep
|turn|3
|
|t:|1779653115
|switch|p2a: Milotic|Milotic, F|100/100
|move|p1a: Basculin|Aqua Jet|p2a: Milotic
|-resisted|p2a: Milotic
|-damage|p2a: Milotic|94/100
|
|-weather|Sandstorm|[upkeep]
|-damage|p1a: Basculin|88/100|[from] Sandstorm
|-damage|p2a: Milotic|88/100|[from] Sandstorm
|-heal|p2a: Milotic|94/100|[from] item: Leftovers
|upkeep
|turn|4
|
|t:|1779653126
|move|p1a: Basculin|Taunt|p2a: Milotic
|-start|p2a: Milotic|move: Taunt
|move|p2a: Milotic|Scald|p1a: Basculin
|-resisted|p1a: Basculin
|-damage|p1a: Basculin|64/100
|-enditem|p1a: Basculin|Eject Button
|
|t:|1779653133
|switch|p1a: Meowscarada|Meowscarada, M|100/100
|-damage|p1a: Meowscarada|88/100|[from] Stealth Rock
|
|-weather|Sandstorm|[upkeep]
|-damage|p1a: Meowscarada|82/100|[from] Sandstorm
|-damage|p2a: Milotic|88/100|[from] Sandstorm
|-heal|p2a: Milotic|94/100|[from] item: Leftovers
|upkeep
|turn|5
|
|t:|1779653142
|-terastallize|p2a: Milotic|Fairy
|move|p1a: Meowscarada|Flower Trick|p2a: Milotic
|-start|p1a: Meowscarada|typechange|Grass|[from] ability: Protean
|-crit|p2a: Milotic
|-damage|p2a: Milotic|62/100
|move|p2a: Milotic|Draining Kiss|p1a: Meowscarada
|-crit|p1a: Meowscarada
|-damage|p1a: Meowscarada|31/100
|-heal|p2a: Milotic|90/100|[from] drain|[of] p1a: Meowscarada
|
|-weather|none
|-heal|p2a: Milotic|96/100|[from] item: Leftovers
|upkeep
|turn|6
|
|t:|1779653155
|move|p1a: Meowscarada|Flower Trick|p2a: Milotic
|-crit|p2a: Milotic
|-damage|p2a: Milotic|61/100
|move|p2a: Milotic|Draining Kiss|p1a: Meowscarada
|-damage|p1a: Meowscarada|0 fnt
|-heal|p2a: Milotic|77/100|[from] drain|[of] p1a: Meowscarada
|faint|p1a: Meowscarada
|
|-heal|p2a: Milotic|83/100|[from] item: Leftovers
|-end|p2a: Milotic|move: Taunt
|upkeep
|
|t:|1779653166
|switch|p1a: Iron Valiant|Iron Valiant|100/100
|-damage|p1a: Iron Valiant|94/100|[from] Stealth Rock
|-enditem|p1a: Iron Valiant|Booster Energy
|-activate|p1a: Iron Valiant|ability: Quark Drive|[fromitem]
|-start|p1a: Iron Valiant|quarkdrivespe
|turn|7
|
|t:|1779653172
|move|p1a: Iron Valiant|Destiny Bond|p1a: Iron Valiant
|-singlemove|p1a: Iron Valiant|Destiny Bond
|move|p2a: Milotic|Draining Kiss|p1a: Iron Valiant
|-supereffective|p1a: Iron Valiant
|-damage|p1a: Iron Valiant|25/100
|-heal|p2a: Milotic|100/100|[from] drain|[of] p1a: Iron Valiant
|
|upkeep
|turn|8
|
|t:|1779653181
|-end|p1a: Iron Valiant|Quark Drive|[silent]
|switch|p1a: Basculin|Basculin-Blue-Striped, M|64/100
|-damage|p1a: Basculin|51/100|[from] Stealth Rock
|-ability|p1a: Basculin|Mold Breaker
|switch|p2a: Hippowdon|Hippowdon, M|100/100
|
|upkeep
|turn|9
|
|t:|1779653190
|move|p2a: Hippowdon|Protect|p2a: Hippowdon
|-singleturn|p2a: Hippowdon|Protect
|move|p1a: Basculin|Taunt|p2a: Hippowdon
|-activate|p2a: Hippowdon|move: Protect
|
|upkeep
|turn|10
|
|t:|1779653196
|move|p1a: Basculin|Flip Turn|p2a: Hippowdon
|-supereffective|p2a: Hippowdon
|-damage|p2a: Hippowdon|68/100
|
|t:|1779653205
|switch|p1a: Gliscor|Gliscor, F|100/100|[from] Flip Turn
|-damage|p1a: Gliscor|88/100|[from] Stealth Rock
|move|p2a: Hippowdon|Earthquake|p1a: Gliscor
|-immune|p1a: Gliscor
|
|-heal|p2a: Hippowdon|74/100|[from] item: Leftovers
|-status|p1a: Gliscor|tox|[from] item: Toxic Orb
|upkeep
|turn|11
|
|t:|1779653225
|switch|p2a: Milotic|Milotic, F, tera:Fairy|100/100
|move|p1a: Gliscor|Swords Dance|p1a: Gliscor
|-boost|p1a: Gliscor|atk|2
|
|-heal|p1a: Gliscor|100/100 tox|[from] ability: Poison Heal
|upkeep
|turn|12
|
|t:|1779653232
|-terastallize|p1a: Gliscor|Normal
|move|p1a: Gliscor|Swords Dance|p1a: Gliscor
|-boost|p1a: Gliscor|atk|2
|move|p2a: Milotic|Ice Beam|p1a: Gliscor
|-damage|p1a: Gliscor|71/100 tox
|
|-heal|p1a: Gliscor|83/100 tox|[from] ability: Poison Heal
|upkeep
|turn|13
|
|t:|1779653240
|move|p1a: Gliscor|Facade|p2a: Milotic
|-damage|p2a: Milotic|0 fnt
|faint|p2a: Milotic
|
|-heal|p1a: Gliscor|96/100 tox|[from] ability: Poison Heal
|upkeep
|
|t:|1779653254
|switch|p2a: Staraptor|Staraptor, M|100/100
|turn|14
|
|t:|1779653258
|move|p2a: Staraptor|Double-Edge|p1a: Gliscor
|-enditem|p2a: Staraptor|Normal Gem|[from] gem
|-damage|p1a: Gliscor|5/100 tox
|-damage|p2a: Staraptor|73/100|[from] Recoil
|move|p1a: Gliscor|Facade|p2a: Staraptor
|-damage|p2a: Staraptor|0 fnt
|faint|p2a: Staraptor
|
|-heal|p1a: Gliscor|17/100 tox|[from] ability: Poison Heal
|upkeep
|
|t:|1779653265
|switch|p2a: Lucario|Lucario, M|100/100
|turn|15
|
|t:|1779653269
|move|p1a: Gliscor|Protect|p1a: Gliscor
|-singleturn|p1a: Gliscor|Protect
|move|p2a: Lucario|Vacuum Wave|p1a: Gliscor
|-activate|p1a: Gliscor|move: Protect
|
|-heal|p1a: Gliscor|30/100 tox|[from] ability: Poison Heal
|upkeep
|turn|16
|
|t:|1779653276
|switch|p1a: Ceruledge|Ceruledge, F|94/100
|-damage|p1a: Ceruledge|70/100|[from] Stealth Rock
|move|p2a: Lucario|Vacuum Wave|p1a: Ceruledge
|-immune|p1a: Ceruledge
|
|upkeep
|turn|17
|
|t:|1779653282
|move|p2a: Lucario|Shadow Ball|p1a: Ceruledge
|-supereffective|p1a: Ceruledge
|-damage|p1a: Ceruledge|30/100
|move|p1a: Ceruledge|Bitter Blade|p2a: Lucario
|-supereffective|p2a: Lucario
|-damage|p2a: Lucario|0 fnt
|-heal|p1a: Ceruledge|79/100|[from] drain|[of] p2a: Lucario
|faint|p2a: Lucario
|
|upkeep
|
|t:|1779653289
|switch|p2a: Tyranitar|Tyranitar, F|83/100
|-weather|Sandstorm|[from] ability: Sand Stream|[of] p2a: Tyranitar
|turn|18
|
|t:|1779653299
|switch|p1a: Basculin|Basculin-Blue-Striped, M|51/100
|-damage|p1a: Basculin|39/100|[from] Stealth Rock
|-ability|p1a: Basculin|Mold Breaker
|move|p2a: Tyranitar|Curse|p2a: Tyranitar
|-unboost|p2a: Tyranitar|spe|1
|-boost|p2a: Tyranitar|atk|1
|-boost|p2a: Tyranitar|def|1
|-enditem|p2a: Tyranitar|White Herb
|-clearnegativeboost|p2a: Tyranitar|[silent]
|
|-weather|Sandstorm|[upkeep]
|-damage|p1a: Basculin|33/100|[from] Sandstorm
|upkeep
|turn|19
|
|t:|1779653311
|move|p1a: Basculin|Taunt|p2a: Tyranitar
|-start|p2a: Tyranitar|move: Taunt
|move|p2a: Tyranitar|Crunch|p1a: Basculin
|-damage|p1a: Basculin|0 fnt
|faint|p1a: Basculin
|
|-weather|Sandstorm|[upkeep]
|upkeep
|
|t:|1779653318
|switch|p1a: Primarina|Primarina, F|100/100
|-damage|p1a: Primarina|88/100|[from] Stealth Rock
|turn|20
|
|t:|1779653329
|switch|p2a: Gardevoir|Gardevoir, M|100/100
|-ability|p2a: Gardevoir|Liquid Voice|Trace|[from] ability: Trace|[of] p1a: Primarina
|move|p1a: Primarina|Hyper Voice|p2a: Gardevoir
|-damage|p2a: Gardevoir|61/100
|-enditem|p1a: Primarina|Throat Spray
|-boost|p1a: Primarina|spa|1|[from] item: Throat Spray
|
|-weather|Sandstorm|[upkeep]
|-damage|p2a: Gardevoir|55/100|[from] Sandstorm
|-damage|p1a: Primarina|82/100|[from] Sandstorm
|upkeep
|turn|21
|
|t:|1779653340
|move|p2a: Gardevoir|Moonblast|p1a: Primarina
|-damage|p1a: Primarina|41/100
|move|p1a: Primarina|Hyper Voice|p2a: Gardevoir
|-damage|p2a: Gardevoir|0 fnt
|faint|p2a: Gardevoir
|
|-weather|Sandstorm|[upkeep]
|-damage|p1a: Primarina|35/100|[from] Sandstorm
|upkeep
|
|t:|1779653347
|switch|p2a: Tyranitar|Tyranitar, F|83/100
|turn|22
|
|t:|1779653353
|move|p2a: Tyranitar|Crunch|p1a: Primarina
|-resisted|p1a: Primarina
|-damage|p1a: Primarina|7/100
|-unboost|p1a: Primarina|def|1
|move|p1a: Primarina|Hyper Voice|p2a: Tyranitar
|-supereffective|p2a: Tyranitar
|-damage|p2a: Tyranitar|0 fnt
|faint|p2a: Tyranitar
|
|-weather|none
|upkeep
|
|t:|1779653358
|switch|p2a: Hippowdon|Hippowdon, M|74/100
|turn|23
|
|t:|1779653363
|move|p1a: Primarina|Hyper Voice|p2a: Hippowdon
|-supereffective|p2a: Hippowdon
|-damage|p2a: Hippowdon|0 fnt
|faint|p2a: Hippowdon
|
|win|Baptou26
|raw|Baptou26's rating: 1158 &rarr; <strong>1181</strong><br />(+23 for winning)
|raw|prazelt's rating: 1126 &rarr; <strong>1103</strong><br />(-23 for losing)
|l|☆prazelt
|player|p2|
|l|☆Baptou26
|player|p1|
