|j|☆yotsuuba
|j|☆Eiyuro
|t:|1779619966
|gametype|singles
|player|p1|yotsuuba|youngcouple-gen4dp|1231
|player|p2|Eiyuro|lance|1268
|gen|9
|tier|[Gen 9] OU
|rated|
|rule|HP Percentage Mod: HP is shown in percentages
|rule|Endless Battle Clause: Forcing endless battles is banned
|rule|Species Clause: Limit one of each Pokémon
|rule|OHKO Clause: OHKO moves are banned
|rule|Evasion Items Clause: Evasion items are banned
|rule|Evasion Moves Clause: Evasion moves are banned
|rule|Evasion Abilities Clause: Evasion abilities are banned
|rule|Sleep Moves Clause: Sleep-inducing moves are banned
|clearpoke
|poke|p1|Regieleki|
|poke|p1|Hatterene, F|
|poke|p1|Metagross|
|poke|p1|Golem, F|
|poke|p1|Volcanion|
|poke|p1|Enamorus, F|
|poke|p2|Great Tusk|
|poke|p2|Ogerpon-Wellspring, F|
|poke|p2|Ceruledge, F|
|poke|p2|Dragapult, F|
|poke|p2|Dragonite, F|
|poke|p2|Zamazenta-*|
|teampreview
|
|t:|1779619985
|teamsize|p1|6
|teamsize|p2|6
|start
|switch|p1a: Enamorus|Enamorus, F|100/100
|switch|p2a: Dragapult|Dragapult, F, shiny|100/100
|turn|1
|
|t:|1779620009
|move|p2a: Dragapult|Will-O-Wisp|p1a: Enamorus
|-status|p1a: Enamorus|brn
|move|p1a: Enamorus|Misty Explosion|p2a: Dragapult
|-supereffective|p2a: Dragapult
|-damage|p2a: Dragapult|0 fnt
|faint|p1a: Enamorus
|faint|p2a: Dragapult
|
|upkeep
|inactive|Battle timer is ON: inactive players will automatically lose when time's up. (requested by yotsuuba)
|
|t:|1779620034
|switch|p2a: Ceruledge|Ceruledge, F, shiny|100/100
|switch|p1a: Volcanion|Volcanion|100/100
|turn|2
|
|t:|1779620040
|move|p2a: Ceruledge|Swords Dance|p2a: Ceruledge
|-boost|p2a: Ceruledge|atk|2
|move|p1a: Volcanion|Steam Eruption|p2a: Ceruledge
|-supereffective|p2a: Ceruledge
|-enditem|p2a: Ceruledge|Focus Sash
|-damage|p2a: Ceruledge|1/100
|-damage|p1a: Volcanion|91/100|[from] item: Life Orb
|
|upkeep
|turn|3
|
|t:|1779620058
|move|p2a: Ceruledge|Poltergeist|p1a: Volcanion|[miss]
|-miss|p2a: Ceruledge|p1a: Volcanion
|move|p1a: Volcanion|Steam Eruption|p2a: Ceruledge
|-supereffective|p2a: Ceruledge
|-damage|p2a: Ceruledge|0 fnt
|faint|p2a: Ceruledge
|-damage|p1a: Volcanion|81/100|[from] item: Life Orb
|
|upkeep
|
|t:|1779620074
|switch|p2a: Ogerpon|Ogerpon-Wellspring, F|100/100
|turn|4
|
|t:|1779620079
|-terastallize|p2a: Ogerpon|Water
|detailschange|p2a: Ogerpon|Ogerpon-Wellspring-Tera, F, tera:Water
|-ability|p2a: Ogerpon|Embody Aspect (Wellspring)|boost
|-boost|p2a: Ogerpon|spd|1
|move|p2a: Ogerpon|Swords Dance|p2a: Ogerpon
|-boost|p2a: Ogerpon|atk|2
|move|p1a: Volcanion|Will-O-Wisp|p2a: Ogerpon
|-status|p2a: Ogerpon|brn
|
|-damage|p2a: Ogerpon|95/100 brn|[from] brn
|upkeep
|turn|5
|
|t:|1779620092
|move|p2a: Ogerpon|Swords Dance|p2a: Ogerpon
|-boost|p2a: Ogerpon|atk|2
|move|p1a: Volcanion|Explosion|p2a: Ogerpon
|-damage|p2a: Ogerpon|0 fnt
|faint|p1a: Volcanion
|faint|p2a: Ogerpon
|detailschange|p2: Ogerpon|Ogerpon-Wellspring, F|[silent]
|
|upkeep
|
|t:|1779620116
|switch|p2a: Great Tusk|Great Tusk, shiny|100/100
|switch|p1a: Golem|Golem, F|100/100
|-enditem|p2a: Great Tusk|Booster Energy
|-activate|p2a: Great Tusk|ability: Protosynthesis|[fromitem]
|-start|p2a: Great Tusk|protosynthesisatk
|turn|6
|
|t:|1779620123
|move|p2a: Great Tusk|Earthquake|p1a: Golem
|-supereffective|p1a: Golem
|-ability|p1a: Golem|Sturdy
|-damage|p1a: Golem|1/100
|move|p1a: Golem|Explosion|p2a: Great Tusk
|-damage|p2a: Great Tusk|16/100
|faint|p1a: Golem
|
|upkeep
|
|t:|1779620136
|switch|p1a: Metagross|Metagross|100/100
|turn|7
|
|t:|1779620146
|move|p1a: Metagross|Earthquake|p2a: Great Tusk
|-damage|p2a: Great Tusk|0 fnt
|faint|p2a: Great Tusk
|-end|p2a: Great Tusk|Protosynthesis|[silent]
|
|upkeep
|
|t:|1779620152
|switch|p2a: Zamazenta|Zamazenta, shiny|100/100
|-ability|p2a: Zamazenta|Dauntless Shield|boost
|-boost|p2a: Zamazenta|def|1
|turn|8
|
|t:|1779620162
|switch|p1a: Hatterene|Hatterene, F|100/100
|move|p2a: Zamazenta|Iron Defense|p2a: Zamazenta
|-boost|p2a: Zamazenta|def|2
|
|upkeep
|turn|9
|
|t:|1779620169
|-terastallize|p1a: Hatterene|Normal
|move|p2a: Zamazenta|Crunch|p1a: Hatterene
|-damage|p1a: Hatterene|77/100
|move|p1a: Hatterene|Misty Explosion|p2a: Zamazenta
|-supereffective|p2a: Zamazenta
|-damage|p2a: Zamazenta|0 fnt
|faint|p1a: Hatterene
|faint|p2a: Zamazenta
|
|upkeep
|-message|Eiyuro forfeited.
|
|win|yotsuuba
|raw|yotsuuba's rating: 1231 &rarr; <strong>1259</strong><br />(+28 for winning)
|raw|Eiyuro's rating: 1268 &rarr; <strong>1240</strong><br />(-28 for losing)
|l|☆Eiyuro
|player|p2|
|l|☆yotsuuba
|player|p1|
