|j|☆babajeje
|j|☆diegoparra27
|t:|1779612084
|gametype|singles
|player|p1|babajeje|ghetsis-gen5bw|1371
|player|p2|diegoparra27|102|1414
|gen|9
|tier|[Gen 9] OU
|rated|
|rule|HP Percentage Mod: HP is shown in percentages
|rule|Endless Battle Clause: Forcing endless battles is banned
|rule|Species Clause: Limit one of each Pokémon
|rule|OHKO Clause: OHKO moves are banned
|rule|Evasion Items Clause: Evasion items are banned
|rule|Evasion Moves Clause: Evasion moves are banned
|rule|Evasion Abilities Clause: Evasion abilities are banned
|rule|Sleep Moves Clause: Sleep-inducing moves are banned
|clearpoke
|poke|p1|Clodsire, F|
|poke|p1|Ogerpon-Wellspring, F|
|poke|p1|Weezing-Galar, M|
|poke|p1|Alomomola, F|
|poke|p1|Moltres|
|poke|p1|Staraptor, F|
|poke|p2|Weezing-Galar, M|
|poke|p2|Gliscor, F|
|poke|p2|Blissey, F|
|poke|p2|Corviknight, F|
|poke|p2|Dondozo, M|
|poke|p2|Toxapex, F|
|teampreview
|
|t:|1779612097
|teamsize|p1|6
|teamsize|p2|6
|start
|switch|p1a: Staraptor|Staraptor, F|100/100
|switch|p2a: Gliscor|Gliscor, F|100/100
|turn|1
|
|t:|1779612103
|move|p2a: Gliscor|Protect|p2a: Gliscor
|-singleturn|p2a: Gliscor|Protect
|move|p1a: Staraptor|U-turn|p2a: Gliscor
|-activate|p2a: Gliscor|move: Protect
|
|-status|p2a: Gliscor|tox|[from] item: Toxic Orb
|upkeep
|turn|2
|
|t:|1779612108
|move|p1a: Staraptor|U-turn|p2a: Gliscor
|-resisted|p2a: Gliscor
|-damage|p2a: Gliscor|91/100 tox
|
|t:|1779612117
|switch|p1a: Weezing|Weezing-Galar, M|100/100|[from] U-turn
|move|p2a: Gliscor|Swords Dance|p2a: Gliscor
|-boost|p2a: Gliscor|atk|2
|
|-heal|p2a: Gliscor|100/100 tox|[from] ability: Poison Heal
|upkeep
|turn|3
|
|t:|1779612123
|move|p2a: Gliscor|Earthquake|p1a: Weezing
|-immune|p1a: Weezing|[from] ability: Levitate
|move|p1a: Weezing|Strange Steam|p2a: Gliscor
|-damage|p2a: Gliscor|69/100 tox
|
|-heal|p2a: Gliscor|81/100 tox|[from] ability: Poison Heal
|upkeep
|turn|4
|
|t:|1779612131
|move|p2a: Gliscor|Knock Off|p1a: Weezing
|-resisted|p1a: Weezing
|-damage|p1a: Weezing|83/100
|-damage|p2a: Gliscor|65/100 tox|[from] item: Rocky Helmet|[of] p1a: Weezing
|-enditem|p1a: Weezing|Rocky Helmet|[from] move: Knock Off|[of] p2a: Gliscor
|move|p1a: Weezing|Strange Steam|p2a: Gliscor
|-damage|p2a: Gliscor|31/100 tox
|
|-heal|p2a: Gliscor|44/100 tox|[from] ability: Poison Heal
|upkeep
|turn|5
|
|t:|1779612138
|move|p2a: Gliscor|Protect|p2a: Gliscor
|-singleturn|p2a: Gliscor|Protect
|move|p1a: Weezing|Strange Steam|p2a: Gliscor
|-activate|p2a: Gliscor|move: Protect
|
|-heal|p2a: Gliscor|56/100 tox|[from] ability: Poison Heal
|upkeep
|turn|6
|inactive|Battle timer is ON: inactive players will automatically lose when time's up. (requested by diegoparra27)
|
|t:|1779612150
|switch|p2a: Blissey|Blissey, F|100/100
|move|p1a: Weezing|Strange Steam|p2a: Blissey
|-damage|p2a: Blissey|89/100
|
|-heal|p2a: Blissey|95/100|[from] item: Leftovers
|upkeep
|turn|7
|
|t:|1779612156
|switch|p1a: Clodsire|Clodsire, F|100/100
|move|p2a: Blissey|Stealth Rock|p1a: Clodsire
|-sidestart|p1: babajeje|move: Stealth Rock
|
|-heal|p2a: Blissey|100/100|[from] item: Leftovers
|upkeep
|turn|8
|
|t:|1779612163
|switch|p2a: Gliscor|Gliscor, F|56/100 tox
|move|p1a: Clodsire|Stealth Rock|p2a: Gliscor
|-sidestart|p2: diegoparra27|move: Stealth Rock
|
|-heal|p2a: Gliscor|69/100 tox|[from] ability: Poison Heal
|upkeep
|turn|9
|
|t:|1779612169
|switch|p1a: Weezing|Weezing-Galar, M|83/100
|-damage|p1a: Weezing|71/100|[from] Stealth Rock
|move|p2a: Gliscor|Knock Off|p1a: Weezing
|-resisted|p1a: Weezing
|-damage|p1a: Weezing|64/100
|
|-heal|p2a: Gliscor|81/100 tox|[from] ability: Poison Heal
|upkeep
|turn|10
|
|t:|1779612178
|move|p2a: Gliscor|Protect|p2a: Gliscor
|-singleturn|p2a: Gliscor|Protect
|move|p1a: Weezing|Pain Split|p2a: Gliscor
|-activate|p2a: Gliscor|move: Protect
|
|-heal|p2a: Gliscor|94/100 tox|[from] ability: Poison Heal
|upkeep
|turn|11
|
|t:|1779612206
|move|p2a: Gliscor|Knock Off|p1a: Weezing
|-resisted|p1a: Weezing
|-damage|p1a: Weezing|58/100
|move|p1a: Weezing|Pain Split|p2a: Gliscor
|-sethp|p2a: Gliscor|74/100 tox|[from] move: Pain Split|[silent]
|-sethp|p1a: Weezing|78/100|[from] move: Pain Split
|
|-heal|p2a: Gliscor|87/100 tox|[from] ability: Poison Heal
|upkeep
|turn|12
|
|t:|1779612214
|move|p2a: Gliscor|Knock Off|p1a: Weezing
|-resisted|p1a: Weezing
|-damage|p1a: Weezing|72/100
|move|p1a: Weezing|Strange Steam|p2a: Gliscor
|-damage|p2a: Gliscor|52/100 tox
|
|-heal|p2a: Gliscor|64/100 tox|[from] ability: Poison Heal
|upkeep
|turn|13
|
|t:|1779612224
|switch|p1a: Ogerpon|Ogerpon-Wellspring, F|100/100
|-damage|p1a: Ogerpon|88/100|[from] Stealth Rock
|move|p2a: Gliscor|Protect||[still]
|-fail|p2a: Gliscor
|
|-heal|p2a: Gliscor|77/100 tox|[from] ability: Poison Heal
|upkeep
|turn|14
|
|t:|1779612234
|switch|p2a: Corviknight|Corviknight, F|100/100
|-damage|p2a: Corviknight|88/100|[from] Stealth Rock
|-ability|p2a: Corviknight|Pressure
|move|p1a: Ogerpon|Horn Leech|p2a: Corviknight
|-resisted|p2a: Corviknight
|-damage|p2a: Corviknight|82/100
|-heal|p1a: Ogerpon|92/100|[from] drain|[of] p2a: Corviknight
|
|-heal|p2a: Corviknight|88/100|[from] item: Leftovers
|upkeep
|turn|15
|
|t:|1779612243
|switch|p1a: Moltres|Moltres|100/100
|move|p2a: Corviknight|Iron Defense|p2a: Corviknight
|-boost|p2a: Corviknight|def|2
|
|-heal|p2a: Corviknight|94/100|[from] item: Leftovers
|upkeep
|turn|16
|
|t:|1779612253
|switch|p2a: Blissey|Blissey, F|100/100
|-damage|p2a: Blissey|88/100|[from] Stealth Rock
|move|p1a: Moltres|Flamethrower|p2a: Blissey
|-damage|p2a: Blissey|75/100
|
|-heal|p2a: Blissey|81/100|[from] item: Leftovers
|upkeep
|turn|17
|
|t:|1779612262
|switch|p1a: Clodsire|Clodsire, F|100/100
|-damage|p1a: Clodsire|94/100|[from] Stealth Rock
|move|p2a: Blissey|Calm Mind|p2a: Blissey
|-boost|p2a: Blissey|spa|1
|-boost|p2a: Blissey|spd|1
|
|-heal|p2a: Blissey|87/100|[from] item: Leftovers
|-heal|p1a: Clodsire|100/100|[from] item: Leftovers
|upkeep
|turn|18
|
|t:|1779612266
|move|p2a: Blissey|Seismic Toss|p1a: Clodsire
|-damage|p1a: Clodsire|79/100
|move|p1a: Clodsire|Toxic|p2a: Blissey
|-status|p2a: Blissey|tox
|
|-heal|p2a: Blissey|93/100 tox|[from] item: Leftovers
|-heal|p1a: Clodsire|85/100|[from] item: Leftovers
|-damage|p2a: Blissey|87/100 tox|[from] psn
|upkeep
|turn|19
|
|t:|1779612280
|-curestatus|p2a: Blissey|tox|[from] ability: Natural Cure|[silent]
|switch|p2a: Gliscor|Gliscor, F|77/100 tox
|-damage|p2a: Gliscor|64/100 tox|[from] Stealth Rock
|move|p1a: Clodsire|Toxic|p2a: Gliscor
|-fail|p2a: Gliscor|tox
|
|-heal|p1a: Clodsire|91/100|[from] item: Leftovers
|-heal|p2a: Gliscor|77/100 tox|[from] ability: Poison Heal
|upkeep
|turn|20
|
|t:|1779612289
|switch|p1a: Weezing|Weezing-Galar, M|72/100
|-damage|p1a: Weezing|59/100|[from] Stealth Rock
|move|p2a: Gliscor|Knock Off|p1a: Weezing
|-resisted|p1a: Weezing
|-crit|p1a: Weezing
|-damage|p1a: Weezing|50/100
|
|-heal|p2a: Gliscor|89/100 tox|[from] ability: Poison Heal
|upkeep
|turn|21
|
|t:|1779612302
|switch|p2a: Toxapex|Toxapex, F|100/100
|-damage|p2a: Toxapex|88/100|[from] Stealth Rock
|move|p1a: Weezing|Pain Split|p2a: Toxapex
|-sethp|p2a: Toxapex|71/100|[from] move: Pain Split|[silent]
|-sethp|p1a: Weezing|65/100|[from] move: Pain Split
|
|upkeep
|turn|22
|
|t:|1779612312
|switch|p1a: Clodsire|Clodsire, F|91/100
|-damage|p1a: Clodsire|85/100|[from] Stealth Rock
|move|p2a: Toxapex|Poison Jab|p1a: Clodsire
|-resisted|p1a: Clodsire
|-damage|p1a: Clodsire|80/100
|
|-heal|p1a: Clodsire|86/100|[from] item: Leftovers
|upkeep
|turn|23
|
|t:|1779612320
|switch|p2a: Corviknight|Corviknight, F|94/100
|-damage|p2a: Corviknight|82/100|[from] Stealth Rock
|-ability|p2a: Corviknight|Pressure
|move|p1a: Clodsire|Earthquake|p2a: Corviknight
|-immune|p2a: Corviknight
|
|-heal|p2a: Corviknight|88/100|[from] item: Leftovers
|-heal|p1a: Clodsire|93/100|[from] item: Leftovers
|upkeep
|turn|24
|
|t:|1779612327
|switch|p1a: Moltres|Moltres|100/100
|move|p2a: Corviknight|Iron Defense|p2a: Corviknight
|-boost|p2a: Corviknight|def|2
|
|-heal|p2a: Corviknight|94/100|[from] item: Leftovers
|upkeep
|turn|25
|
|t:|1779612335
|-terastallize|p2a: Corviknight|Dragon
|move|p1a: Moltres|U-turn|p2a: Corviknight
|-damage|p2a: Corviknight|89/100
|
|t:|1779612339
|switch|p1a: Clodsire|Clodsire, F|93/100|[from] U-turn
|-damage|p1a: Clodsire|86/100|[from] Stealth Rock
|move|p2a: Corviknight|Iron Defense|p2a: Corviknight
|-boost|p2a: Corviknight|def|2
|
|-heal|p2a: Corviknight|96/100|[from] item: Leftovers
|-heal|p1a: Clodsire|93/100|[from] item: Leftovers
|upkeep
|turn|26
|
|t:|1779612344
|move|p2a: Corviknight|Body Press|p1a: Clodsire
|-resisted|p1a: Clodsire
|-damage|p1a: Clodsire|46/100
|move|p1a: Clodsire|Toxic|p2a: Corviknight
|-status|p2a: Corviknight|tox
|
|-heal|p2a: Corviknight|100/100 tox|[from] item: Leftovers
|-heal|p1a: Clodsire|52/100|[from] item: Leftovers
|-damage|p2a: Corviknight|94/100 tox|[from] psn
|upkeep
|turn|27
|
|t:|1779612350
|switch|p1a: Weezing|Weezing-Galar, M|65/100
|-damage|p1a: Weezing|53/100|[from] Stealth Rock
|move|p2a: Corviknight|Body Press|p1a: Weezing
|-resisted|p1a: Weezing
|-damage|p1a: Weezing|35/100
|
|-heal|p2a: Corviknight|100/100 tox|[from] item: Leftovers
|-damage|p2a: Corviknight|88/100 tox|[from] psn
|upkeep
|turn|28
|
|t:|1779612357
|move|p2a: Corviknight|Body Press|p1a: Weezing
|-resisted|p1a: Weezing
|-damage|p1a: Weezing|17/100
|move|p1a: Weezing|Pain Split|p2a: Corviknight
|-sethp|p2a: Corviknight|52/100 tox|[from] move: Pain Split|[silent]
|-sethp|p1a: Weezing|57/100|[from] move: Pain Split
|
|-heal|p2a: Corviknight|58/100 tox|[from] item: Leftovers
|-damage|p2a: Corviknight|39/100 tox|[from] psn
|upkeep
|turn|29
|
|t:|1779612363
|move|p2a: Corviknight|Roost|p2a: Corviknight
|-heal|p2a: Corviknight|89/100 tox
|move|p1a: Weezing|Strange Steam|p2a: Corviknight|[miss]
|-miss|p1a: Weezing|p2a: Corviknight
|
|-heal|p2a: Corviknight|96/100 tox|[from] item: Leftovers
|-damage|p2a: Corviknight|71/100 tox|[from] psn
|upkeep
|turn|30
|
|t:|1779612369
|switch|p2a: Toxapex|Toxapex, F|100/100
|-damage|p2a: Toxapex|88/100|[from] Stealth Rock
|move|p1a: Weezing|Pain Split|p2a: Toxapex
|-sethp|p2a: Toxapex|76/100|[from] move: Pain Split|[silent]
|-sethp|p1a: Weezing|69/100|[from] move: Pain Split
|
|upkeep
|turn|31
|
|t:|1779612387
|switch|p1a: Clodsire|Clodsire, F|52/100
|-damage|p1a: Clodsire|46/100|[from] Stealth Rock
|move|p2a: Toxapex|Poison Jab|p1a: Clodsire
|-resisted|p1a: Clodsire
|-damage|p1a: Clodsire|41/100
|
|-heal|p1a: Clodsire|47/100|[from] item: Leftovers
|upkeep
|turn|32
|-message|diegoparra27 forfeited.
|
|win|babajeje
|raw|babajeje's rating: 1371 &rarr; <strong>1393</strong><br />(+22 for winning)
|raw|diegoparra27's rating: 1414 &rarr; <strong>1392</strong><br />(-22 for losing)
|l|☆diegoparra27
|player|p2|
|c|☆babajeje|gg
|l|☆babajeje
|player|p1|
