|j|☆A05236
|j|☆Abyssal Bot
|t:|1779571787
|gametype|singles
|player|p1|A05236|265|
|player|p2|Abyssal Bot|supernerd|
|teamsize|p1|6
|teamsize|p2|6
|gen|9
|tier|[Gen 9] OU
|rule|Species Clause: Limit one of each Pokémon
|rule|OHKO Clause: OHKO moves are banned
|rule|Evasion Items Clause: Evasion items are banned
|rule|Evasion Moves Clause: Evasion moves are banned
|rule|Endless Battle Clause: Forcing endless battles is banned
|rule|HP Percentage Mod: HP is shown in percentages
|rule|Sleep Moves Clause: Sleep-inducing moves are banned
|clearpoke
|poke|p1|Tyranitar, F|
|poke|p1|Skarmory, M|
|poke|p1|Sylveon, F|
|poke|p1|Zoroark-Hisui, F|
|poke|p1|Enamorus, F|
|poke|p1|Glimmora, M|
|poke|p2|Darkrai|
|poke|p2|Kingambit, F|
|poke|p2|Roaring Moon|
|poke|p2|Zamazenta-*|
|poke|p2|Glimmora, M|
|poke|p2|Enamorus, F|
|teampreview
|c|☆Abyssal Bot|Good Luck and Have Fun my Friend!
|inactive|Battle timer is ON: inactive players will automatically lose when time's up. (requested by Abyssal Bot)
|j|*Turbo Bottttt
|
|t:|1779571792
|start
|switch|p1a: mama|Skarmory, M|100/100
|switch|p2a: Kingambit|Kingambit, F|100/100
|-item|p2a: Kingambit|Air Balloon
|turn|1
|
|t:|1779571795
|move|p1a: mama|Iron Defense|p1a: mama
|-boost|p1a: mama|def|2
|move|p2a: Kingambit|Swords Dance|p2a: Kingambit
|-boost|p2a: Kingambit|atk|2
|
|upkeep
|turn|2
|
|t:|1779571798
|move|p1a: mama|Body Press|p2a: Kingambit
|-supereffective|p2a: Kingambit
|-damage|p2a: Kingambit|0
|-enditem|p2a: Kingambit|Air Balloon
|faint|p2a: Kingambit
|-end|p2a: Kingambit|fallenundefined|[silent]
|
|upkeep
|
|t:|1779571798
|switch|p2a: Darkrai|Darkrai|100/100
|turn|3
|
|t:|1779571800
|move|p2a: Darkrai|Focus Blast|p1a: mama|[miss]
|-miss|p2a: Darkrai|p1a: mama
|move|p1a: mama|Body Press|p2a: Darkrai
|-supereffective|p2a: Darkrai
|-damage|p2a: Darkrai|0
|faint|p2a: Darkrai
|
|upkeep
|c|☆Abyssal Bot|Uh Darkrai, you're as blind as Deino...
|
|t:|1779571800
|switch|p2a: Roaring Moon|Roaring Moon|100/100
|-enditem|p2a: Roaring Moon|Booster Energy
|-activate|p2a: Roaring Moon|ability: Protosynthesis|[fromitem]
|-start|p2a: Roaring Moon|protosynthesisatk
|turn|4
|
|t:|1779571803
|move|p2a: Roaring Moon|Taunt|p1a: mama
|-start|p1a: mama|move: Taunt
|move|p1a: mama|Body Press|p2a: Roaring Moon
|-supereffective|p2a: Roaring Moon
|-damage|p2a: Roaring Moon|0
|faint|p2a: Roaring Moon
|-end|p2a: Roaring Moon|Protosynthesis|[silent]
|
|upkeep
|
|t:|1779571803
|switch|p2a: Glimmora|Glimmora, M|100/100
|turn|5
|
|t:|1779571807
|switch|p1a: kazaa|Glimmora, M|100/100
|move|p2a: Glimmora|Stealth Rock|p1a: kazaa
|-sidestart|p1: A05236|move: Stealth Rock
|
|upkeep
|turn|6
|
|t:|1779571810
|move|p1a: kazaa|Shadow Ball|p2a: Glimmora
|-damage|p2a: Glimmora|31/100
|-enditem|p2a: Glimmora|Red Card|[of] p1a: kazaa
|drag|p1a: mama II|Sylveon, F|100/100
|-damage|p1a: mama II|88/100|[from] Stealth Rock|[of] p2a: Glimmora
|move|p2a: Glimmora|Earth Power|p1a: mama II
|-crit|p1a: mama II
|-damage|p1a: mama II|60/100
|
|upkeep
|turn|7
|c|☆Abyssal Bot|I had warned you about hax!! HAHAHA
|
|t:|1779571815
|move|p2a: Glimmora|Earth Power|p1a: mama II
|-damage|p1a: mama II|39/100
|move|p1a: mama II|Psyshock|p2a: Glimmora
|-supereffective|p2a: Glimmora
|-damage|p2a: Glimmora|0
|faint|p2a: Glimmora
|
|upkeep
|
|t:|1779571815
|switch|p2a: Enamorus|Enamorus, F|100/100
|turn|8
|
|t:|1779571818
|move|p2a: Enamorus|Moonblast|p1a: mama II
|-damage|p1a: mama II|6/100
|-unboost|p1a: mama II|spa|1
|move|p1a: mama II|Psyshock|p2a: Enamorus
|-damage|p2a: Enamorus|71/100
|
|upkeep
|turn|9
|
|t:|1779571820
|move|p2a: Enamorus|Moonblast|p1a: mama II
|-damage|p1a: mama II|0
|faint|p1a: mama II
|
|upkeep
|
|t:|1779571829
|switch|p1a: go|Tyranitar, F|100/100
|-weather|Sandstorm|[from] ability: Sand Stream|[of] p1a: go
|turn|10
|
|t:|1779571831
|move|p2a: Enamorus|Moonblast|p1a: go
|-supereffective|p1a: go
|-damage|p1a: go|56/100
|move|p1a: go|Stone Edge|p2a: Enamorus
|-supereffective|p2a: Enamorus
|-damage|p2a: Enamorus|0
|faint|p2a: Enamorus
|
|-weather|Sandstorm|[upkeep]
|upkeep
|
|t:|1779571831
|switch|p2a: Zamazenta|Zamazenta|100/100
|-ability|p2a: Zamazenta|Dauntless Shield|boost
|-boost|p2a: Zamazenta|def|1
|turn|11
|
|t:|1779571834
|move|p2a: Zamazenta|Body Press|p1a: go
|-supereffective|p1a: go
|-damage|p1a: go|0
|faint|p1a: go
|
|-weather|Sandstorm|[upkeep]
|-damage|p2a: Zamazenta|94/100|[from] Sandstorm|[of] p1: go
|-heal|p2a: Zamazenta|100/100|[from] item: Leftovers
|upkeep
|
|t:|1779571837
|switch|p1a: kazaa|Glimmora, M|100/100
|-damage|p1a: kazaa|88/100|[from] Stealth Rock|[of] p2: Glimmora
|turn|12
|
|t:|1779571840
|move|p2a: Zamazenta|Heavy Slam|p1a: kazaa
|-damage|p1a: kazaa|63/100
|replace|p1a: pepsico|Zoroark-Hisui, F
|-end|p1a: pepsico|Illusion
|move|p1a: pepsico|Trick|p2a: Zamazenta
|-activate|p1a: pepsico|move: Trick|[of] p2a: Zamazenta
|-item|p2a: Zamazenta|Choice Specs|[from] move: Trick
|-item|p1a: pepsico|Leftovers|[from] move: Trick
|
|-weather|Sandstorm|[upkeep]
|-damage|p2a: Zamazenta|94/100|[from] Sandstorm|[of] p1: go
|-damage|p1a: pepsico|57/100|[from] Sandstorm|[of] p1: go
|-heal|p1a: pepsico|63/100|[from] item: Leftovers
|upkeep
|turn|13
|
|t:|1779571844
|move|p2a: Zamazenta|Heavy Slam|p1a: pepsico
|-damage|p1a: pepsico|34/100
|move|p1a: pepsico|U-turn|p2a: Zamazenta
|-resisted|p2a: Zamazenta
|-damage|p2a: Zamazenta|91/100
|
|t:|1779571848
|switch|p1a: mama|Skarmory, M|100/100|[from] U-turn
|
|-weather|Sandstorm|[upkeep]
|-damage|p2a: Zamazenta|85/100|[from] Sandstorm|[of] p1: go
|upkeep
|turn|14
|
|t:|1779571850
|move|p2a: Zamazenta|Heavy Slam|p1a: mama
|-resisted|p1a: mama
|-damage|p1a: mama|92/100
|move|p1a: mama|Iron Defense|p1a: mama
|-boost|p1a: mama|def|2
|
|-weather|none
|upkeep
|turn|15
|
|t:|1779571852
|move|p2a: Zamazenta|Heavy Slam|p1a: mama
|-resisted|p1a: mama
|-damage|p1a: mama|88/100
|move|p1a: mama|Iron Defense|p1a: mama
|-boost|p1a: mama|def|2
|
|upkeep
|turn|16
|
|t:|1779571854
|move|p2a: Zamazenta|Heavy Slam|p1a: mama
|-resisted|p1a: mama
|-damage|p1a: mama|86/100
|move|p1a: mama|Iron Defense|p1a: mama
|-boost|p1a: mama|def|2
|
|upkeep
|turn|17
|
|t:|1779571856
|move|p2a: Zamazenta|Heavy Slam|p1a: mama
|-resisted|p1a: mama
|-crit|p1a: mama
|-damage|p1a: mama|74/100
|move|p1a: mama|Body Press|p2a: Zamazenta
|-damage|p2a: Zamazenta|22/100
|
|upkeep
|turn|18
|c|☆Abyssal Bot|LOL Die!
|
|t:|1779571859
|move|p2a: Zamazenta|Heavy Slam|p1a: mama
|-resisted|p1a: mama
|-damage|p1a: mama|72/100
|move|p1a: mama|Body Press|p2a: Zamazenta
|-damage|p2a: Zamazenta|0
|faint|p2a: Zamazenta
|
|win|A05236
|c|☆Abyssal Bot|Well Played.
|l|☆Abyssal Bot
|player|p2|
|l|*Turbo Bottttt
