|j|☆saxman17
|j|☆ikthoizzykil
|t:|1779665688
|gametype|singles
|player|p1|saxman17|wallace|1403
|player|p2|ikthoizzykil|pokemaniac-gen3rs|1401
|gen|9
|tier|[Gen 9] OU
|rated|
|rule|HP Percentage Mod: HP is shown in percentages
|rule|Endless Battle Clause: Forcing endless battles is banned
|rule|Species Clause: Limit one of each Pokémon
|rule|OHKO Clause: OHKO moves are banned
|rule|Evasion Items Clause: Evasion items are banned
|rule|Evasion Moves Clause: Evasion moves are banned
|rule|Evasion Abilities Clause: Evasion abilities are banned
|rule|Sleep Moves Clause: Sleep-inducing moves are banned
|clearpoke
|poke|p1|Maushold-Four|
|poke|p1|Raging Bolt|
|poke|p1|Zamazenta-*|
|poke|p1|Iron Treads|
|poke|p1|Moltres|
|poke|p1|Alomomola, F|
|poke|p2|Slaking, F|
|poke|p2|Rillaboom, M|
|poke|p2|Alomomola, F|
|poke|p2|Ting-Lu|
|poke|p2|Corviknight, F|
|poke|p2|Skeledirge, F|
|teampreview
|inactive|Battle timer is ON: inactive players will automatically lose when time's up. (requested by ikthoizzykil)
|inactive|saxman17 also wants the timer to be on.
|
|t:|1779665702
|teamsize|p1|6
|teamsize|p2|6
|start
|switch|p1a: Iron Treads|Iron Treads|100/100
|switch|p2a: Skeledirge|Skeledirge, F|100/100
|turn|1
|
|t:|1779665709
|-end|p1a: Iron Treads|Quark Drive|[silent]
|switch|p1a: Moltres|Moltres|100/100
|move|p2a: Skeledirge|Will-O-Wisp|p1a: Moltres
|-immune|p1a: Moltres
|
|upkeep
|turn|2
|
|t:|1779665718
|move|p1a: Moltres|U-turn|p2a: Skeledirge
|-resisted|p2a: Skeledirge
|-damage|p2a: Skeledirge|97/100
|
|t:|1779665721
|switch|p1a: Alomomola|Alomomola, F|100/100|[from] U-turn
|move|p2a: Skeledirge|Torch Song|p1a: Alomomola
|-resisted|p1a: Alomomola
|-damage|p1a: Alomomola|93/100
|-boost|p2a: Skeledirge|spa|1
|
|upkeep
|turn|3
|
|t:|1779665728
|move|p2a: Skeledirge|Will-O-Wisp|p1a: Alomomola
|-status|p1a: Alomomola|brn
|move|p1a: Alomomola|Scald|p2a: Skeledirge
|-supereffective|p2a: Skeledirge
|-damage|p2a: Skeledirge|79/100
|
|-damage|p1a: Alomomola|87/100 brn|[from] brn
|upkeep
|turn|4
|
|t:|1779665740
|switch|p2a: Slaking|Slaking, F|100/100
|move|p1a: Alomomola|Flip Turn|p2a: Slaking
|-damage|p2a: Slaking|96/100
|
|t:|1779665746
|switch|p1a: Iron Treads|Iron Treads|100/100|[from] Flip Turn
|
|upkeep
|turn|5
|
|t:|1779665752
|-end|p1a: Iron Treads|Quark Drive|[silent]
|switch|p1a: Moltres|Moltres|100/100
|move|p2a: Slaking|Knock Off|p1a: Moltres
|-damage|p1a: Moltres|75/100
|-enditem|p1a: Moltres|Heavy-Duty Boots|[from] move: Knock Off|[of] p2a: Slaking
|
|upkeep
|turn|6
|
|t:|1779665764
|switch|p2a: Alomomola|Alomomola, F|100/100
|move|p1a: Moltres|U-turn|p2a: Alomomola
|-damage|p2a: Alomomola|93/100
|
|t:|1779665772
|switch|p1a: Maushold|Maushold-Four|100/100|[from] U-turn
|
|upkeep
|turn|7
|
|t:|1779665779
|move|p1a: Maushold|Population Bomb|p2a: Alomomola
|-damage|p2a: Alomomola|86/100
|-damage|p2a: Alomomola|80/100
|-damage|p2a: Alomomola|73/100
|-damage|p2a: Alomomola|67/100
|-damage|p2a: Alomomola|61/100
|-crit|p2a: Alomomola
|-damage|p2a: Alomomola|52/100
|-damage|p2a: Alomomola|47/100
|-damage|p2a: Alomomola|40/100
|-damage|p2a: Alomomola|34/100
|-damage|p2a: Alomomola|28/100
|-hitcount|p2a: Alomomola|10
|move|p2a: Alomomola|Flip Turn|p1a: Maushold
|-damage|p1a: Maushold|76/100
|
|t:|1779665790
|switch|p2a: Skeledirge|Skeledirge, F|79/100|[from] Flip Turn
|
|upkeep
|turn|8
|
|t:|1779665796
|switch|p1a: Moltres|Moltres|75/100
|move|p2a: Skeledirge|Torch Song|p1a: Moltres
|-resisted|p1a: Moltres
|-damage|p1a: Moltres|60/100
|-boost|p2a: Skeledirge|spa|1
|
|upkeep
|turn|9
|
|t:|1779665802
|move|p2a: Skeledirge|Torch Song|p1a: Moltres
|-resisted|p1a: Moltres
|-damage|p1a: Moltres|38/100
|-boost|p2a: Skeledirge|spa|1
|move|p1a: Moltres|Roar|p2a: Skeledirge
|drag|p2a: Alomomola|Alomomola, F|61/100
|
|upkeep
|turn|10
|
|t:|1779665810
|move|p1a: Moltres|Roost|p1a: Moltres
|-heal|p1a: Moltres|88/100
|-singleturn|p1a: Moltres|move: Roost
|move|p2a: Alomomola|Flip Turn|p1a: Moltres
|-supereffective|p1a: Moltres
|-damage|p1a: Moltres|66/100
|
|t:|1779665816
|switch|p2a: Skeledirge|Skeledirge, F|79/100|[from] Flip Turn
|
|upkeep
|turn|11
|
|t:|1779665820
|move|p2a: Skeledirge|Torch Song|p1a: Moltres
|-resisted|p1a: Moltres
|-damage|p1a: Moltres|50/100
|-boost|p2a: Skeledirge|spa|1
|move|p1a: Moltres|Roar|p2a: Skeledirge
|drag|p2a: Alomomola|Alomomola, F|94/100
|
|upkeep
|turn|12
|
|t:|1779665828
|move|p1a: Moltres|Roost|p1a: Moltres
|-heal|p1a: Moltres|99/100
|-singleturn|p1a: Moltres|move: Roost
|move|p2a: Alomomola|Flip Turn|p1a: Moltres
|-supereffective|p1a: Moltres
|-damage|p1a: Moltres|75/100
|
|t:|1779665835
|switch|p2a: Slaking|Slaking, F|96/100|[from] Flip Turn
|
|upkeep
|turn|13
|
|t:|1779665842
|switch|p1a: Iron Treads|Iron Treads|100/100
|move|p2a: Slaking|Body Slam|p1a: Iron Treads
|-resisted|p1a: Iron Treads
|-damage|p1a: Iron Treads|78/100
|
|upkeep
|turn|14
|
|t:|1779665848
|switch|p2a: Rillaboom|Rillaboom, M|100/100
|-fieldstart|move: Grassy Terrain|[from] ability: Grassy Surge|[of] p2a: Rillaboom
|move|p1a: Iron Treads|Knock Off|p2a: Rillaboom
|-damage|p2a: Rillaboom|72/100
|-enditem|p2a: Rillaboom|Life Orb|[from] move: Knock Off|[of] p1a: Iron Treads
|
|-heal|p1a: Iron Treads|84/100|[from] Grassy Terrain
|-heal|p2a: Rillaboom|79/100|[from] Grassy Terrain
|upkeep
|turn|15
|
|t:|1779665859
|-end|p1a: Iron Treads|Quark Drive|[silent]
|switch|p1a: Moltres|Moltres|75/100
|switch|p2a: Slaking|Slaking, F|96/100
|
|-heal|p2a: Slaking|100/100|[from] Grassy Terrain
|upkeep
|turn|16
|
|t:|1779665868
|switch|p1a: Iron Treads|Iron Treads|84/100
|move|p2a: Slaking|Body Slam|p1a: Iron Treads
|-resisted|p1a: Iron Treads
|-damage|p1a: Iron Treads|61/100
|
|-heal|p1a: Iron Treads|67/100|[from] Grassy Terrain
|upkeep
|turn|17
|
|t:|1779665876
|switch|p2a: Rillaboom|Rillaboom, M|79/100
|move|p1a: Iron Treads|Stealth Rock|p2a: Rillaboom
|-sidestart|p2: ikthoizzykil|move: Stealth Rock
|
|-heal|p1a: Iron Treads|73/100|[from] Grassy Terrain
|-heal|p2a: Rillaboom|85/100|[from] Grassy Terrain
|upkeep
|turn|18
|
|t:|1779665883
|switch|p2a: Alomomola|Alomomola, F|100/100
|move|p1a: Iron Treads|Knock Off|p2a: Alomomola
|-damage|p2a: Alomomola|84/100
|-enditem|p2a: Alomomola|Heavy-Duty Boots|[from] move: Knock Off|[of] p1a: Iron Treads
|
|-heal|p1a: Iron Treads|80/100|[from] Grassy Terrain
|-heal|p2a: Alomomola|90/100|[from] Grassy Terrain
|-fieldend|move: Grassy Terrain
|upkeep
|turn|19
|
|t:|1779665892
|move|p1a: Iron Treads|Knock Off|p2a: Alomomola
|-damage|p2a: Alomomola|79/100
|move|p2a: Alomomola|Flip Turn|p1a: Iron Treads
|-supereffective|p1a: Iron Treads
|-damage|p1a: Iron Treads|52/100
|
|t:|1779665897
|switch|p2a: Rillaboom|Rillaboom, M|85/100|[from] Flip Turn
|-damage|p2a: Rillaboom|72/100|[from] Stealth Rock
|-fieldstart|move: Grassy Terrain|[from] ability: Grassy Surge|[of] p2a: Rillaboom
|
|-heal|p1a: Iron Treads|58/100|[from] Grassy Terrain
|-heal|p2a: Rillaboom|79/100|[from] Grassy Terrain
|upkeep
|turn|20
|
|t:|1779665904
|-end|p1a: Iron Treads|Quark Drive|[silent]
|switch|p1a: Moltres|Moltres|75/100
|switch|p2a: Alomomola|Alomomola, F|100/100
|-damage|p2a: Alomomola|88/100|[from] Stealth Rock
|
|-heal|p2a: Alomomola|94/100|[from] Grassy Terrain
|upkeep
|turn|21
|
|t:|1779665915
|move|p1a: Moltres|Roost|p1a: Moltres
|-heal|p1a: Moltres|100/100
|-singleturn|p1a: Moltres|move: Roost
|move|p2a: Alomomola|Wish|p2a: Alomomola
|
|-heal|p2a: Alomomola|100/100|[from] Grassy Terrain
|upkeep
|turn|22
|
|t:|1779665922
|move|p1a: Moltres|U-turn|p2a: Alomomola
|-damage|p2a: Alomomola|92/100
|
|t:|1779665929
|switch|p1a: Alomomola|Alomomola, F|100/100 brn|[from] U-turn
|move|p2a: Alomomola|Flip Turn|p1a: Alomomola
|-resisted|p1a: Alomomola
|-damage|p1a: Alomomola|95/100 brn
|
|t:|1779665936
|switch|p2a: Ting-Lu|Ting-Lu|100/100|[from] Flip Turn
|-damage|p2a: Ting-Lu|94/100|[from] Stealth Rock
|-ability|p2a: Ting-Lu|Vessel of Ruin
|
|-heal|p2a: Ting-Lu|100/100|[from] move: Wish|[wisher] Alomomola
|-heal|p1a: Alomomola|100/100 brn|[from] Grassy Terrain
|-damage|p1a: Alomomola|94/100 brn|[from] brn
|upkeep
|turn|23
|
|t:|1779665946
|switch|p1a: Maushold|Maushold-Four|76/100
|move|p2a: Ting-Lu|Stealth Rock|p1a: Maushold
|-sidestart|p1: saxman17|move: Stealth Rock
|
|-heal|p1a: Maushold|82/100|[from] Grassy Terrain
|-fieldend|move: Grassy Terrain
|upkeep
|turn|24
|
|t:|1779665958
|switch|p2a: Skeledirge|Skeledirge, F|79/100
|-damage|p2a: Skeledirge|55/100|[from] Stealth Rock
|move|p1a: Maushold|Tidy Up|p1a: Maushold
|-sideend|p1: saxman17|Stealth Rock
|-sideend|p2: ikthoizzykil|Stealth Rock
|-activate|p1a: Maushold|move: Tidy Up
|-boost|p1a: Maushold|atk|1
|-boost|p1a: Maushold|spe|1
|
|upkeep
|turn|25
|
|t:|1779665967
|-terastallize|p1a: Maushold|Dark
|move|p1a: Maushold|Bite|p2a: Skeledirge
|-supereffective|p2a: Skeledirge
|-damage|p2a: Skeledirge|5/100
|move|p2a: Skeledirge|Slack Off|p2a: Skeledirge
|-heal|p2a: Skeledirge|55/100
|
|upkeep
|turn|26
|
|t:|1779665974
|switch|p2a: Corviknight|Corviknight, F|100/100
|-ability|p2a: Corviknight|Pressure
|move|p1a: Maushold|Encore||[still]
|-fail|p1a: Maushold
|
|upkeep
|turn|27
|
|t:|1779665981
|switch|p1a: Iron Treads|Iron Treads|58/100
|move|p2a: Corviknight|U-turn|p1a: Iron Treads
|-resisted|p1a: Iron Treads
|-damage|p1a: Iron Treads|52/100
|
|t:|1779665987
|switch|p2a: Skeledirge|Skeledirge, F|55/100|[from] U-turn
|
|upkeep
|turn|28
|
|t:|1779665990
|switch|p2a: Rillaboom|Rillaboom, M|79/100
|-fieldstart|move: Grassy Terrain|[from] ability: Grassy Surge|[of] p2a: Rillaboom
|move|p1a: Iron Treads|Earthquake|p2a: Rillaboom
|-resisted|p2a: Rillaboom
|-damage|p2a: Rillaboom|68/100
|
|-heal|p1a: Iron Treads|58/100|[from] Grassy Terrain
|-heal|p2a: Rillaboom|74/100|[from] Grassy Terrain
|upkeep
|turn|29
|
|t:|1779665999
|-end|p1a: Iron Treads|Quark Drive|[silent]
|switch|p1a: Moltres|Moltres|100/100
|switch|p2a: Skeledirge|Skeledirge, F|55/100
|
|-heal|p2a: Skeledirge|61/100|[from] Grassy Terrain
|upkeep
|turn|30
|
|t:|1779666008
|move|p2a: Skeledirge|Slack Off|p2a: Skeledirge
|-heal|p2a: Skeledirge|100/100
|move|p1a: Moltres|Roar|p2a: Skeledirge
|drag|p2a: Rillaboom|Rillaboom, M|74/100
|
|-heal|p2a: Rillaboom|80/100|[from] Grassy Terrain
|upkeep
|turn|31
|
|t:|1779666020
|switch|p2a: Skeledirge|Skeledirge, F|100/100
|move|p1a: Moltres|U-turn|p2a: Skeledirge
|-resisted|p2a: Skeledirge
|-damage|p2a: Skeledirge|98/100
|
|t:|1779666029
|switch|p1a: Raging Bolt|Raging Bolt|100/100|[from] U-turn
|
|-heal|p2a: Skeledirge|100/100|[from] Grassy Terrain
|upkeep
|turn|32
|
|t:|1779666035
|switch|p2a: Slaking|Slaking, F|100/100
|move|p1a: Raging Bolt|Dragon Pulse|p2a: Slaking
|-damage|p2a: Slaking|75/100
|
|-heal|p2a: Slaking|81/100|[from] Grassy Terrain
|-fieldend|move: Grassy Terrain
|upkeep
|turn|33
|
|t:|1779666043
|move|p1a: Raging Bolt|Thunderbolt|p2a: Slaking
|-damage|p2a: Slaking|58/100
|move|p2a: Slaking|Body Slam|p1a: Raging Bolt
|-damage|p1a: Raging Bolt|53/100
|
|-heal|p1a: Raging Bolt|59/100|[from] item: Leftovers
|upkeep
|turn|34
|c|☆saxman17|is that a fucking assault vest slaking
|c|☆ikthoizzykil|lol it is
|
|t:|1779666070
|switch|p2a: Ting-Lu|Ting-Lu|100/100
|-ability|p2a: Ting-Lu|Vessel of Ruin
|move|p1a: Raging Bolt|Calm Mind|p1a: Raging Bolt
|-boost|p1a: Raging Bolt|spa|1
|-boost|p1a: Raging Bolt|spd|1
|
|-heal|p1a: Raging Bolt|65/100|[from] item: Leftovers
|upkeep
|turn|35
|
|t:|1779666079
|-end|p1a: Raging Bolt|Protosynthesis|[silent]
|switch|p1a: Moltres|Moltres|100/100
|move|p2a: Ting-Lu|Whirlwind|p1a: Moltres
|drag|p1a: Alomomola|Alomomola, F|100/100 brn
|
|-damage|p1a: Alomomola|94/100 brn|[from] brn
|upkeep
|turn|36
|
|t:|1779666085
|move|p2a: Ting-Lu|Stealth Rock|p1a: Alomomola
|-sidestart|p1: saxman17|move: Stealth Rock
|move|p1a: Alomomola|Flip Turn|p2a: Ting-Lu
|-supereffective|p2a: Ting-Lu
|-damage|p2a: Ting-Lu|92/100
|
|t:|1779666091
|switch|p1a: Zamazenta|Zamazenta|100/100|[from] Flip Turn
|-ability|p1a: Zamazenta|Dauntless Shield|boost
|-boost|p1a: Zamazenta|def|1
|
|-heal|p2a: Ting-Lu|98/100|[from] item: Leftovers
|upkeep
|turn|37
|
|t:|1779666098
|switch|p2a: Skeledirge|Skeledirge, F|100/100
|move|p1a: Zamazenta|Crunch|p2a: Skeledirge
|-supereffective|p2a: Skeledirge
|-damage|p2a: Skeledirge|54/100
|
|upkeep
|turn|38
|
|t:|1779666103
|move|p1a: Zamazenta|Crunch|p2a: Skeledirge
|-supereffective|p2a: Skeledirge
|-damage|p2a: Skeledirge|10/100
|move|p2a: Skeledirge|Will-O-Wisp|p1a: Zamazenta
|-status|p1a: Zamazenta|brn
|
|-damage|p1a: Zamazenta|94/100 brn|[from] brn
|upkeep
|turn|39
|
|t:|1779666111
|switch|p2a: Alomomola|Alomomola, F|100/100
|move|p1a: Zamazenta|Stone Edge|p2a: Alomomola
|-damage|p2a: Alomomola|92/100
|
|-damage|p1a: Zamazenta|88/100 brn|[from] brn
|upkeep
|turn|40
|
|t:|1779666118
|switch|p1a: Iron Treads|Iron Treads|58/100
|move|p2a: Alomomola|Wish|p2a: Alomomola
|
|upkeep
|turn|41
|
|t:|1779666122
|move|p1a: Iron Treads|Rapid Spin|p2a: Alomomola
|-damage|p2a: Alomomola|84/100
|-boost|p1a: Iron Treads|spe|1
|-sideend|p1: saxman17|Stealth Rock|[from] move: Rapid Spin|[of] p1a: Iron Treads
|move|p2a: Alomomola|Flip Turn|p1a: Iron Treads
|-supereffective|p1a: Iron Treads
|-damage|p1a: Iron Treads|25/100
|
|t:|1779666129
|switch|p2a: Skeledirge|Skeledirge, F|10/100|[from] Flip Turn
|
|-heal|p2a: Skeledirge|75/100|[from] move: Wish|[wisher] Alomomola
|upkeep
|turn|42
|
|t:|1779666134
|switch|p2a: Alomomola|Alomomola, F|100/100
|move|p1a: Iron Treads|Knock Off|p2a: Alomomola
|-damage|p2a: Alomomola|90/100
|
|upkeep
|turn|43
|
|t:|1779666141
|move|p1a: Iron Treads|Stealth Rock|p2a: Alomomola
|-sidestart|p2: ikthoizzykil|move: Stealth Rock
|move|p2a: Alomomola|Wish|p2a: Alomomola
|
|upkeep
|turn|44
|
|t:|1779666145
|move|p1a: Iron Treads|Earthquake|p2a: Alomomola
|-damage|p2a: Alomomola|64/100
|move|p2a: Alomomola|Flip Turn|p1a: Iron Treads
|-supereffective|p1a: Iron Treads
|-damage|p1a: Iron Treads|0 fnt
|faint|p1a: Iron Treads
|-end|p1a: Iron Treads|Quark Drive|[silent]
|
|t:|1779666152
|switch|p2a: Slaking|Slaking, F|58/100|[from] Flip Turn
|-damage|p2a: Slaking|45/100|[from] Stealth Rock
|
|-heal|p2a: Slaking|98/100|[from] move: Wish|[wisher] Alomomola
|upkeep
|
|t:|1779666161
|switch|p1a: Moltres|Moltres|100/100
|turn|45
|
|t:|1779666163
|switch|p1a: Maushold|Maushold-Four, tera:Dark|82/100
|move|p2a: Slaking|Body Slam|p1a: Maushold
|-damage|p1a: Maushold|9/100
|
|upkeep
|turn|46
|
|t:|1779666175
|switch|p2a: Corviknight|Corviknight, F|100/100
|-damage|p2a: Corviknight|88/100|[from] Stealth Rock
|-ability|p2a: Corviknight|Pressure
|move|p1a: Maushold|Tidy Up|p1a: Maushold
|-sideend|p2: ikthoizzykil|Stealth Rock
|-activate|p1a: Maushold|move: Tidy Up
|-boost|p1a: Maushold|atk|1
|-boost|p1a: Maushold|spe|1
|
|upkeep
|turn|47
|
|t:|1779666184
|move|p1a: Maushold|Population Bomb|p2a: Corviknight
|-resisted|p2a: Corviknight
|-damage|p2a: Corviknight|82/100
|-damage|p1a: Maushold|0 fnt|[from] item: Rocky Helmet|[of] p2a: Corviknight
|faint|p1a: Maushold
|-hitcount|p2a: Corviknight|1
|move|p2a: Corviknight|U-turn|p1: Maushold|[notarget]
|-fail|p2a: Corviknight
|
|upkeep
|-message|saxman17 forfeited.
|
|win|ikthoizzykil
|raw|saxman17's rating: 1403 &rarr; <strong>1383</strong><br />(-20 for losing)
|raw|ikthoizzykil's rating: 1401 &rarr; <strong>1421</strong><br />(+20 for winning)
|l|☆saxman17
|player|p1|
