|j|☆DuckyBro
|j|☆diav
|t:|1779615500
|gametype|singles
|player|p1|DuckyBro|dragontamer|1651
|player|p2|diav|kimonogirl|1495
|gen|9
|tier|[Gen 9] OU
|rated|
|rule|HP Percentage Mod: HP is shown in percentages
|rule|Endless Battle Clause: Forcing endless battles is banned
|rule|Species Clause: Limit one of each Pokémon
|rule|OHKO Clause: OHKO moves are banned
|rule|Evasion Items Clause: Evasion items are banned
|rule|Evasion Moves Clause: Evasion moves are banned
|rule|Evasion Abilities Clause: Evasion abilities are banned
|rule|Sleep Moves Clause: Sleep-inducing moves are banned
|clearpoke
|poke|p1|Cinderace, M|
|poke|p1|Dondozo, M|
|poke|p1|Zapdos|
|poke|p1|Garchomp, F|
|poke|p1|Kyurem|
|poke|p1|Volcanion|
|poke|p2|Darkrai|
|poke|p2|Garchomp, M|
|poke|p2|Alomomola, M|
|poke|p2|Corviknight, F|
|poke|p2|Weezing-Galar, F|
|poke|p2|Ogerpon, F|
|teampreview
|inactive|Battle timer is ON: inactive players will automatically lose when time's up. (requested by diav)
|l|☆diav
|inactive|diav disconnected and has a minute to reconnect!
|player|p2|
|j|☆diav
|inactive|diav reconnected.
|player|p2|diav|kimonogirl|
|inactive|DuckyBro has 120 seconds left.
|
|t:|1779615552
|teamsize|p1|6
|teamsize|p2|6
|start
|switch|p1a: Kyurem|Kyurem|100/100
|switch|p2a: Darkrai|Darkrai|100/100
|-ability|p1a: Kyurem|Pressure
|turn|1
|
|t:|1779615555
|move|p2a: Darkrai|Focus Blast|p1a: Kyurem
|-supereffective|p1a: Kyurem
|-damage|p1a: Kyurem|0 fnt
|faint|p1a: Kyurem
|
|upkeep
|
|t:|1779615560
|switch|p1a: Zapdos|Zapdos|100/100
|turn|2
|
|t:|1779615564
|switch|p2a: Garchomp|Garchomp, M|100/100
|move|p1a: Zapdos|Hurricane|p2a: Garchomp
|-damage|p2a: Garchomp|20/100
|
|upkeep
|turn|3
|
|t:|1779615569
|switch|p2a: Alomomola|Alomomola, M|100/100
|move|p1a: Zapdos|Hurricane|p2a: Alomomola
|-damage|p2a: Alomomola|56/100
|
|upkeep
|turn|4
|
|t:|1779615576
|switch|p1a: Garchomp|Garchomp, F|100/100
|move|p2a: Alomomola|Mirror Coat||[still]
|-fail|p2a: Alomomola
|
|upkeep
|turn|5
|
|t:|1779615580
|switch|p2a: Ogerpon|Ogerpon, F|100/100
|move|p1a: Garchomp|Swords Dance|p1a: Garchomp
|-boost|p1a: Garchomp|atk|2
|
|upkeep
|turn|6
|
|t:|1779615597
|move|p2a: Ogerpon|Encore|p1a: Garchomp
|-start|p1a: Garchomp|Encore
|move|p1a: Garchomp|Swords Dance|p1a: Garchomp
|-boost|p1a: Garchomp|atk|2
|
|upkeep
|turn|7
|
|t:|1779615600
|switch|p1a: Zapdos|Zapdos|100/100
|move|p2a: Ogerpon|Swords Dance|p2a: Ogerpon
|-boost|p2a: Ogerpon|atk|2
|
|upkeep
|turn|8
|
|t:|1779615604
|-terastallize|p2a: Ogerpon|Grass
|detailschange|p2a: Ogerpon|Ogerpon-Teal-Tera, F, tera:Grass
|-ability|p2a: Ogerpon|Embody Aspect (Teal)|boost
|-boost|p2a: Ogerpon|spe|1
|move|p2a: Ogerpon|Ivy Cudgel|p1a: Zapdos
|-resisted|p1a: Zapdos
|-damage|p1a: Zapdos|18/100
|move|p1a: Zapdos|Hurricane|p2a: Ogerpon
|-supereffective|p2a: Ogerpon
|-damage|p2a: Ogerpon|0 fnt
|faint|p2a: Ogerpon
|detailschange|p2: Ogerpon|Ogerpon, F|[silent]
|
|upkeep
|
|t:|1779615612
|switch|p2a: Darkrai|Darkrai|100/100
|turn|9
|
|t:|1779615616
|switch|p1a: Volcanion|Volcanion|100/100
|move|p2a: Darkrai|Dark Pulse|p1a: Volcanion
|-damage|p1a: Volcanion|53/100
|
|upkeep
|turn|10
|
|t:|1779615619
|switch|p2a: Alomomola|Alomomola, M|89/100
|move|p1a: Volcanion|Steam Eruption|p2a: Alomomola
|-resisted|p2a: Alomomola
|-damage|p2a: Alomomola|73/100
|
|upkeep
|turn|11
|
|t:|1779615622
|switch|p1a: Zapdos|Zapdos|18/100
|move|p2a: Alomomola|Body Slam|p1a: Zapdos
|-damage|p1a: Zapdos|0 fnt
|-status|p2a: Alomomola|par|[from] ability: Static|[of] p1a: Zapdos
|faint|p1a: Zapdos
|
|upkeep
|
|t:|1779615628
|switch|p1a: Garchomp|Garchomp, F|100/100
|turn|12
|
|t:|1779615635
|switch|p2a: Weezing|Weezing-Galar, F|100/100
|-ability|p2a: Weezing|Neutralizing Gas
|move|p1a: Garchomp|Swords Dance|p1a: Garchomp
|-boost|p1a: Garchomp|atk|2
|
|upkeep
|turn|13
|
|t:|1779615638
|move|p1a: Garchomp|Earthquake|p2a: Weezing
|-supereffective|p2a: Weezing
|-damage|p2a: Weezing|0 fnt
|faint|p2a: Weezing
|-end|p2a: Weezing|ability: Neutralizing Gas
|
|upkeep
|
|t:|1779615640
|switch|p2a: Darkrai|Darkrai|100/100
|turn|14
|
|t:|1779615644
|-terastallize|p1a: Garchomp|Steel
|move|p2a: Darkrai|Ice Beam|p1a: Garchomp
|-resisted|p1a: Garchomp
|-damage|p1a: Garchomp|72/100
|move|p1a: Garchomp|Scale Shot|p2a: Darkrai
|-damage|p2a: Darkrai|63/100
|-crit|p2a: Darkrai
|-damage|p2a: Darkrai|9/100
|-damage|p2a: Darkrai|0 fnt
|faint|p2a: Darkrai
|-hitcount|p2: Darkrai|3
|-unboost|p1a: Garchomp|def|1
|-boost|p1a: Garchomp|spe|1
|
|upkeep
|-message|diav forfeited.
|
|win|DuckyBro
|raw|DuckyBro's rating: 1651 &rarr; <strong>1663</strong><br />(+12 for winning)
|raw|diav's rating: 1495 &rarr; <strong>1483</strong><br />(-12 for losing)
|l|☆diav
|player|p2|
|l|☆DuckyBro
|player|p1|
