|j|☆dreddred5
|j|☆Ruzu707
|t:|1779595249
|gametype|singles
|player|p1|dreddred5|clay|1224
|player|p2|Ruzu707|marlon|1308
|gen|9
|tier|[Gen 9] OU
|rated|
|rule|HP Percentage Mod: HP is shown in percentages
|rule|Endless Battle Clause: Forcing endless battles is banned
|rule|Species Clause: Limit one of each Pokémon
|rule|OHKO Clause: OHKO moves are banned
|rule|Evasion Items Clause: Evasion items are banned
|rule|Evasion Moves Clause: Evasion moves are banned
|rule|Evasion Abilities Clause: Evasion abilities are banned
|rule|Sleep Moves Clause: Sleep-inducing moves are banned
|clearpoke
|poke|p1|Kyurem|
|poke|p1|Blaziken, F|
|poke|p1|Gholdengo|
|poke|p1|Iron Treads|
|poke|p1|Slowking-Galar, F|
|poke|p1|Corviknight, M|
|poke|p2|Ninetales, F|
|poke|p2|Blaziken, F|
|poke|p2|Walking Wake|
|poke|p2|Whimsicott, F|
|poke|p2|Great Tusk|
|poke|p2|Iron Moth|
|teampreview
|
|t:|1779595261
|teamsize|p1|6
|teamsize|p2|6
|start
|switch|p1a: Blaziken|Blaziken, F|100/100
|switch|p2a: borutodad|Ninetales, F|100/100
|-weather|SunnyDay|[from] ability: Drought|[of] p2a: borutodad
|turn|1
|
|t:|1779595267
|move|p2a: borutodad|Scorching Sands|p1a: Blaziken
|-supereffective|p1a: Blaziken
|-damage|p1a: Blaziken|45/100
|move|p1a: Blaziken|Swords Dance|p1a: Blaziken
|-boost|p1a: Blaziken|atk|2
|
|-weather|SunnyDay|[upkeep]
|-ability|p1a: Blaziken|Speed Boost|boost
|-boost|p1a: Blaziken|spe|1
|upkeep
|turn|2
|
|t:|1779595276
|-terastallize|p2a: borutodad|Ghost
|move|p1a: Blaziken|Protect|p1a: Blaziken
|-singleturn|p1a: Blaziken|Protect
|move|p2a: borutodad|Scorching Sands|p1a: Blaziken
|-activate|p1a: Blaziken|move: Protect
|
|-weather|SunnyDay|[upkeep]
|-ability|p1a: Blaziken|Speed Boost|boost
|-boost|p1a: Blaziken|spe|1
|upkeep
|turn|3
|
|t:|1779595285
|switch|p2a: Address Me|Great Tusk|100/100
|-activate|p2a: Address Me|ability: Protosynthesis
|-start|p2a: Address Me|protosynthesisspe
|move|p1a: Blaziken|Flare Blitz|p2a: Address Me
|-damage|p2a: Address Me|0 fnt
|-damage|p1a: Blaziken|28/100|[from] item: Rocky Helmet|[of] p2a: Address Me
|faint|p2a: Address Me
|-end|p2a: Address Me|Protosynthesis|[silent]
|-damage|p1a: Blaziken|0 fnt|[from] Recoil
|faint|p1a: Blaziken
|
|-weather|SunnyDay|[upkeep]
|upkeep
|
|t:|1779595308
|switch|p2a: Dubya|Walking Wake|100/100
|switch|p1a: Corviknight|Corviknight, M|100/100
|-ability|p1a: Corviknight|Pressure
|-activate|p2a: Dubya|ability: Protosynthesis
|-start|p2a: Dubya|protosynthesisspe
|turn|4
|inactive|Battle timer is ON: inactive players will automatically lose when time's up. (requested by dreddred5)
|
|t:|1779595335
|-terastallize|p1a: Corviknight|Dragon
|move|p2a: Dubya|Hydro Steam|p1a: Corviknight
|-resisted|p1a: Corviknight
|-damage|p1a: Corviknight|75/100
|move|p1a: Corviknight|U-turn|p2a: Dubya
|-damage|p2a: Dubya|88/100
|
|t:|1779595342
|switch|p1a: Kyurem|Kyurem|100/100|[from] U-turn
|-ability|p1a: Kyurem|Pressure
|
|-weather|SunnyDay|[upkeep]
|upkeep
|turn|5
|
|t:|1779595354
|switch|p1a: Slowking|Slowking-Galar, F|100/100
|move|p2a: Dubya|Draco Meteor|p1a: Slowking
|-damage|p1a: Slowking|68/100
|-unboost|p2a: Dubya|spa|2
|
|-weather|SunnyDay|[upkeep]
|upkeep
|turn|6
|
|t:|1779595376
|move|p2a: Dubya|Knock Off|p1a: Slowking
|-supereffective|p1a: Slowking
|-damage|p1a: Slowking|33/100
|-enditem|p1a: Slowking|Heavy-Duty Boots|[from] move: Knock Off|[of] p2a: Dubya
|-prepare|p1a: Slowking|Chilly Reception|[premajor]
|move|p1a: Slowking|Chilly Reception|p1a: Slowking
|-weather|Snowscape
|-end|p2a: Dubya|Protosynthesis
|
|t:|1779595384
|switch|p1a: Kyurem|Kyurem|100/100|[from] Chilly Reception
|-ability|p1a: Kyurem|Pressure
|
|-weather|Snowscape|[upkeep]
|upkeep
|turn|7
|
|t:|1779595392
|-end|p2a: Dubya|Protosynthesis|[silent]
|switch|p2a: borutodad|Ninetales, F, tera:Ghost|100/100
|-weather|SunnyDay|[from] ability: Drought|[of] p2a: borutodad
|move|p1a: Kyurem|Dragon Dance|p1a: Kyurem
|-boost|p1a: Kyurem|atk|1
|-boost|p1a: Kyurem|spe|1
|
|-weather|SunnyDay|[upkeep]
|upkeep
|turn|8
|
|t:|1779595400
|move|p1a: Kyurem|Icicle Spear|p2a: borutodad
|-damage|p2a: borutodad|70/100
|-damage|p2a: borutodad|33/100
|-hitcount|p2a: borutodad|2
|move|p2a: borutodad|Overheat|p1a: Kyurem
|-damage|p1a: Kyurem|27/100
|-unboost|p2a: borutodad|spa|2
|
|-weather|SunnyDay|[upkeep]
|upkeep
|turn|9
|
|t:|1779595412
|move|p1a: Kyurem|Icicle Spear|p2a: borutodad
|-damage|p2a: borutodad|0 fnt
|faint|p2a: borutodad
|-hitcount|p2: borutodad|1
|
|-weather|SunnyDay|[upkeep]
|upkeep
|
|t:|1779595419
|switch|p2a: Treevis Scott|Whimsicott, F|100/100
|turn|10
|
|t:|1779595422
|move|p2a: Treevis Scott|Moonblast|p1a: Kyurem
|-supereffective|p1a: Kyurem
|-damage|p1a: Kyurem|0 fnt
|faint|p1a: Kyurem
|-damage|p2a: Treevis Scott|91/100|[from] item: Life Orb
|
|-weather|SunnyDay|[upkeep]
|upkeep
|
|t:|1779595435
|switch|p1a: Corviknight|Corviknight, M, tera:Dragon|75/100
|-ability|p1a: Corviknight|Pressure
|turn|11
|
|t:|1779595441
|switch|p1a: Slowking|Slowking-Galar, F|67/100
|move|p2a: Treevis Scott|Moonblast|p1a: Slowking
|-resisted|p1a: Slowking
|-damage|p1a: Slowking|52/100
|-unboost|p1a: Slowking|spa|1
|-damage|p2a: Treevis Scott|81/100|[from] item: Life Orb
|
|-weather|SunnyDay|[upkeep]
|upkeep
|turn|12
|
|t:|1779595450
|move|p2a: Treevis Scott|Shadow Ball|p1a: Slowking
|-supereffective|p1a: Slowking
|-damage|p1a: Slowking|18/100
|-damage|p2a: Treevis Scott|71/100|[from] item: Life Orb
|move|p1a: Slowking|Sludge Bomb|p2a: Treevis Scott
|-supereffective|p2a: Treevis Scott
|-damage|p2a: Treevis Scott|0 fnt
|faint|p2a: Treevis Scott
|
|-weather|SunnyDay|[upkeep]
|upkeep
|
|t:|1779595457
|switch|p2a: Liu Kang|Blaziken, F|100/100
|turn|13
|
|t:|1779595469
|move|p2a: Liu Kang|Swords Dance|p2a: Liu Kang
|-boost|p2a: Liu Kang|atk|2
|move|p1a: Slowking|Thunder Wave|p2a: Liu Kang
|-status|p2a: Liu Kang|par
|
|-weather|SunnyDay|[upkeep]
|-ability|p2a: Liu Kang|Speed Boost|boost
|-boost|p2a: Liu Kang|spe|1
|upkeep
|turn|14
|
|t:|1779595478
|move|p2a: Liu Kang|Flare Blitz|p1a: Slowking
|-damage|p1a: Slowking|0 fnt
|faint|p1a: Slowking
|-damage|p2a: Liu Kang|93/100 par|[from] Recoil
|
|-weather|none
|-heal|p2a: Liu Kang|99/100 par|[from] item: Leftovers
|-ability|p2a: Liu Kang|Speed Boost|boost
|-boost|p2a: Liu Kang|spe|1
|upkeep
|
|t:|1779595488
|switch|p1a: Iron Treads|Iron Treads|100/100
|turn|15
|
|t:|1779595492
|move|p2a: Liu Kang|Protect|p2a: Liu Kang
|-singleturn|p2a: Liu Kang|Protect
|move|p1a: Iron Treads|Earthquake|p2a: Liu Kang
|-activate|p2a: Liu Kang|move: Protect
|
|-heal|p2a: Liu Kang|100/100 par|[from] item: Leftovers
|-ability|p2a: Liu Kang|Speed Boost|boost
|-boost|p2a: Liu Kang|spe|1
|upkeep
|turn|16
|
|t:|1779595501
|move|p2a: Liu Kang|Flare Blitz|p1a: Iron Treads
|-supereffective|p1a: Iron Treads
|-damage|p1a: Iron Treads|0 fnt
|faint|p1a: Iron Treads
|-end|p1a: Iron Treads|Quark Drive|[silent]
|-damage|p2a: Liu Kang|59/100 par|[from] Recoil
|
|-heal|p2a: Liu Kang|65/100 par|[from] item: Leftovers
|-ability|p2a: Liu Kang|Speed Boost|boost
|-boost|p2a: Liu Kang|spe|1
|upkeep
|
|t:|1779595509
|switch|p1a: Corviknight|Corviknight, M, tera:Dragon|75/100
|-ability|p1a: Corviknight|Pressure
|turn|17
|
|t:|1779595515
|move|p2a: Liu Kang|Close Combat|p1a: Corviknight
|-damage|p1a: Corviknight|0 fnt
|-unboost|p2a: Liu Kang|def|1
|-unboost|p2a: Liu Kang|spd|1
|-damage|p2a: Liu Kang|48/100 par|[from] item: Rocky Helmet|[of] p1a: Corviknight
|faint|p1a: Corviknight
|
|-heal|p2a: Liu Kang|54/100 par|[from] item: Leftovers
|-ability|p2a: Liu Kang|Speed Boost|boost
|-boost|p2a: Liu Kang|spe|1
|upkeep
|-message|dreddred5 forfeited.
|
|win|Ruzu707
|raw|dreddred5's rating: 1224 &rarr; <strong>1205</strong><br />(-19 for losing)
|raw|Ruzu707's rating: 1308 &rarr; <strong>1323</strong><br />(+15 for winning)
|l|☆dreddred5
|player|p1|
|l|☆Ruzu707
|player|p2|
