|j|☆vapelordell
|j|☆SgtBrick14
|t:|1779580947
|gametype|singles
|player|p1|vapelordell|101|1477
|player|p2|SgtBrick14|pokemonranger|1466
|gen|9
|tier|[Gen 9] OU
|rated|
|rule|HP Percentage Mod: HP is shown in percentages
|rule|Endless Battle Clause: Forcing endless battles is banned
|rule|Species Clause: Limit one of each Pokémon
|rule|OHKO Clause: OHKO moves are banned
|rule|Evasion Items Clause: Evasion items are banned
|rule|Evasion Moves Clause: Evasion moves are banned
|rule|Evasion Abilities Clause: Evasion abilities are banned
|rule|Sleep Moves Clause: Sleep-inducing moves are banned
|clearpoke
|poke|p1|Arcanine-Hisui, F|
|poke|p1|Darkrai|
|poke|p1|Gholdengo|
|poke|p1|Landorus-Therian, M|
|poke|p1|Kyurem|
|poke|p1|Zamazenta-*|
|poke|p2|Lucario, M|
|poke|p2|Kingambit, F|
|poke|p2|Ceruledge, F|
|poke|p2|Gengar, F|
|poke|p2|Cloyster, F|
|poke|p2|Froslass, F|
|teampreview
|
|t:|1779580968
|teamsize|p1|6
|teamsize|p2|6
|start
|switch|p1a: Gholdengo|Gholdengo|100/100
|switch|p2a: Froslass|Froslass, F|100/100
|turn|1
|
|t:|1779580994
|move|p2a: Froslass|Spikes|p1a: Gholdengo
|-sidestart|p1: vapelordell|Spikes
|move|p1a: Gholdengo|Shadow Ball|p2a: Froslass
|-supereffective|p2a: Froslass
|-enditem|p2a: Froslass|Focus Sash
|-damage|p2a: Froslass|1/100
|-unboost|p2a: Froslass|spd|1
|
|upkeep
|turn|2
|
|t:|1779580999
|move|p2a: Froslass|Destiny Bond|p2a: Froslass
|-singlemove|p2a: Froslass|Destiny Bond
|move|p1a: Gholdengo|Shadow Ball|p2a: Froslass
|-supereffective|p2a: Froslass
|-damage|p2a: Froslass|0 fnt
|faint|p2a: Froslass
|-activate|p2a: Froslass|move: Destiny Bond
|faint|p1a: Gholdengo
|
|upkeep
|
|t:|1779581013
|switch|p2a: Gengar|Gengar, F|100/100
|switch|p1a: Arcanine|Arcanine-Hisui, F|100/100
|-damage|p1a: Arcanine|88/100|[from] Spikes
|turn|3
|
|t:|1779581018
|move|p2a: Gengar|Shadow Ball|p1a: Arcanine
|-damage|p1a: Arcanine|36/100
|move|p1a: Arcanine|Head Smash|p2a: Gengar
|-enditem|p2a: Gengar|Focus Sash
|-damage|p2a: Gengar|1/100
|
|upkeep
|turn|4
|
|t:|1779581036
|move|p2a: Gengar|Shadow Ball|p1a: Arcanine
|-damage|p1a: Arcanine|0 fnt
|faint|p1a: Arcanine
|
|upkeep
|
|t:|1779581055
|switch|p1a: Darkrai|Darkrai, shiny|100/100
|-damage|p1a: Darkrai|88/100|[from] Spikes
|turn|5
|
|t:|1779581057
|move|p1a: Darkrai|Dark Pulse|p2a: Gengar
|-supereffective|p2a: Gengar
|-damage|p2a: Gengar|0 fnt
|faint|p2a: Gengar
|
|upkeep
|
|t:|1779581078
|switch|p2a: Ceruledge|Ceruledge, F|100/100
|turn|6
|
|t:|1779581089
|move|p1a: Darkrai|Dark Pulse|p2a: Ceruledge
|-supereffective|p2a: Ceruledge
|-enditem|p2a: Ceruledge|Focus Sash
|-damage|p2a: Ceruledge|1/100
|move|p2a: Ceruledge|Bitter Blade|p1a: Darkrai
|-damage|p1a: Darkrai|12/100
|-heal|p2a: Ceruledge|38/100|[from] drain|[of] p1a: Darkrai
|
|upkeep
|turn|7
|
|t:|1779581095
|move|p1a: Darkrai|Dark Pulse|p2a: Ceruledge
|-supereffective|p2a: Ceruledge
|-damage|p2a: Ceruledge|0 fnt
|faint|p2a: Ceruledge
|
|upkeep
|
|t:|1779581097
|switch|p2a: Cloyster|Cloyster, F|100/100
|turn|8
|
|t:|1779581102
|move|p2a: Cloyster|Ice Shard|p1a: Darkrai
|-damage|p1a: Darkrai|0 fnt
|faint|p1a: Darkrai
|
|upkeep
|
|t:|1779581105
|switch|p1a: Kyurem|Kyurem|100/100
|-damage|p1a: Kyurem|88/100|[from] Spikes
|-ability|p1a: Kyurem|Pressure
|turn|9
|
|t:|1779581108
|move|p1a: Kyurem|Freeze-Dry|p2a: Cloyster
|-enditem|p2a: Cloyster|Focus Sash
|-damage|p2a: Cloyster|1/100
|move|p2a: Cloyster|Shell Smash|p2a: Cloyster
|-unboost|p2a: Cloyster|def|1
|-unboost|p2a: Cloyster|spd|1
|-boost|p2a: Cloyster|atk|2
|-boost|p2a: Cloyster|spa|2
|-boost|p2a: Cloyster|spe|2
|
|upkeep
|turn|10
|
|t:|1779581120
|move|p2a: Cloyster|Icicle Spear|p1a: Kyurem
|-damage|p1a: Kyurem|66/100
|-damage|p1a: Kyurem|43/100
|-damage|p1a: Kyurem|21/100
|-crit|p1a: Kyurem
|-damage|p1a: Kyurem|0 fnt
|faint|p1a: Kyurem
|-hitcount|p1: Kyurem|4
|
|upkeep
|
|t:|1779581123
|switch|p1a: Zamazenta|Zamazenta|100/100
|-damage|p1a: Zamazenta|88/100|[from] Spikes
|-ability|p1a: Zamazenta|Dauntless Shield|boost
|-boost|p1a: Zamazenta|def|1
|turn|11
|
|t:|1779581136
|-terastallize|p2a: Cloyster|Ice
|move|p2a: Cloyster|Icicle Spear|p1a: Zamazenta
|-damage|p1a: Zamazenta|68/100
|-damage|p1a: Zamazenta|47/100
|-damage|p1a: Zamazenta|28/100
|-damage|p1a: Zamazenta|9/100
|-damage|p1a: Zamazenta|0 fnt
|faint|p1a: Zamazenta
|-hitcount|p1: Zamazenta|5
|
|upkeep
|inactive|Battle timer is ON: inactive players will automatically lose when time's up. (requested by SgtBrick14)
|
|t:|1779581161
|switch|p1a: Landorus|Landorus-Therian, M|100/100
|-ability|p1a: Landorus|Intimidate|boost
|-unboost|p2a: Cloyster|atk|1
|turn|12
|
|t:|1779581163
|move|p2a: Cloyster|Icicle Spear|p1a: Landorus
|-supereffective|p1a: Landorus
|-damage|p1a: Landorus|0 fnt
|faint|p1a: Landorus
|-hitcount|p1: Landorus|1
|
|win|SgtBrick14
|raw|vapelordell's rating: 1477 &rarr; <strong>1456</strong><br />(-21 for losing)
|raw|SgtBrick14's rating: 1466 &rarr; <strong>1487</strong><br />(+21 for winning)
|l|☆vapelordell
|player|p1|
|l|☆SgtBrick14
|player|p2|
