|j|☆The Boy Saviour
|j|☆Manneheld
|t:|1779605936
|gametype|singles
|player|p1|The Boy Saviour|dancer|1203
|player|p2|Manneheld|brycenman|1123
|gen|9
|tier|[Gen 9] OU
|rated|
|rule|HP Percentage Mod: HP is shown in percentages
|rule|Endless Battle Clause: Forcing endless battles is banned
|rule|Species Clause: Limit one of each Pokémon
|rule|OHKO Clause: OHKO moves are banned
|rule|Evasion Items Clause: Evasion items are banned
|rule|Evasion Moves Clause: Evasion moves are banned
|rule|Evasion Abilities Clause: Evasion abilities are banned
|rule|Sleep Moves Clause: Sleep-inducing moves are banned
|clearpoke
|poke|p1|Hatterene, F|
|poke|p1|Cresselia, F|
|poke|p1|Ursaluna, F|
|poke|p1|Iron Hands|
|poke|p1|Hoopa-Unbound|
|poke|p1|Porygon2|
|poke|p2|Salazzle, F|
|poke|p2|Garganacl, M|
|poke|p2|Ceruledge, M|
|poke|p2|Great Tusk|
|poke|p2|Mienshao, M|
|poke|p2|Hatterene, F|
|teampreview
|inactive|Battle timer is ON: inactive players will automatically lose when time's up. (requested by The Boy Saviour)
|
|t:|1779605946
|teamsize|p1|6
|teamsize|p2|6
|start
|switch|p1a: Khonshu|Cresselia, F|100/100
|switch|p2a: Mienshao|Mienshao, M|100/100
|turn|1
|
|t:|1779605956
|move|p2a: Mienshao|Fake Out|p1a: Khonshu
|-damage|p1a: Khonshu|89/100
|-damage|p2a: Mienshao|91/100|[from] item: Life Orb
|cant|p1a: Khonshu|flinch
|
|upkeep
|turn|2
|
|t:|1779605965
|move|p2a: Mienshao|Knock Off|p1a: Khonshu
|-supereffective|p1a: Khonshu
|-damage|p1a: Khonshu|29/100
|-enditem|p1a: Khonshu|Mental Herb|[from] move: Knock Off|[of] p2a: Mienshao
|-damage|p2a: Mienshao|81/100|[from] item: Life Orb
|move|p1a: Khonshu|Trick Room|p1a: Khonshu
|-fieldstart|move: Trick Room|[of] p1a: Khonshu
|
|upkeep
|turn|3
|
|t:|1779605973
|move|p1a: Khonshu|Ice Beam|p2a: Mienshao
|-damage|p2a: Mienshao|53/100
|move|p2a: Mienshao|U-turn|p1a: Khonshu
|-supereffective|p1a: Khonshu
|-damage|p1a: Khonshu|0 fnt
|faint|p1a: Khonshu
|-damage|p2a: Mienshao|43/100|[from] item: Life Orb
|
|t:|1779605982
|switch|p2a: Ceruledge|Ceruledge, M|100/100|[from] U-turn
|
|upkeep
|
|t:|1779605995
|switch|p1a: Who am I|Iron Hands|100/100
|-enditem|p1a: Who am I|Booster Energy
|-activate|p1a: Who am I|ability: Quark Drive|[fromitem]
|-start|p1a: Who am I|quarkdriveatk
|turn|4
|
|t:|1779606017
|move|p1a: Who am I|Swords Dance|p1a: Who am I
|-boost|p1a: Who am I|atk|2
|move|p2a: Ceruledge|Poltergeist||[still]
|-fail|p2a: Ceruledge
|
|upkeep
|turn|5
|
|t:|1779606025
|move|p1a: Who am I|Thunder Punch|p2a: Ceruledge
|-enditem|p2a: Ceruledge|Focus Sash
|-damage|p2a: Ceruledge|1/100
|-ability|p2a: Ceruledge|Weak Armor|boost
|-unboost|p2a: Ceruledge|def|1
|-boost|p2a: Ceruledge|spe|2
|move|p2a: Ceruledge|Swords Dance|p2a: Ceruledge
|-boost|p2a: Ceruledge|atk|2
|
|upkeep
|turn|6
|
|t:|1779606035
|move|p1a: Who am I|Thunder Punch|p2a: Ceruledge
|-crit|p2a: Ceruledge
|-damage|p2a: Ceruledge|0 fnt
|faint|p2a: Ceruledge
|
|-fieldend|move: Trick Room
|upkeep
|
|t:|1779606046
|switch|p2a: Great Tusk|Great Tusk|100/100
|turn|7
|
|t:|1779606050
|-terastallize|p1a: Who am I|Flying
|move|p2a: Great Tusk|Headlong Rush|p1a: Who am I
|-immune|p1a: Who am I
|move|p1a: Who am I|Ice Punch|p2a: Great Tusk
|-supereffective|p2a: Great Tusk
|-damage|p2a: Great Tusk|0 fnt
|faint|p2a: Great Tusk
|-end|p2a: Great Tusk|Protosynthesis|[silent]
|
|upkeep
|c|☆The Boy Saviour|Ouushiii
|
|t:|1779606060
|switch|p2a: Garganacl|Garganacl, M|100/100
|turn|8
|c|☆The Boy Saviour|mb
|
|t:|1779606065
|move|p2a: Garganacl|Salt Cure|p1a: Who am I
|-supereffective|p1a: Who am I
|-damage|p1a: Who am I|84/100
|-start|p1a: Who am I|Salt Cure
|move|p1a: Who am I|Drain Punch|p2a: Garganacl
|-supereffective|p2a: Garganacl
|-damage|p2a: Garganacl|0 fnt
|-heal|p1a: Who am I|100/100|[from] drain|[of] p2a: Garganacl
|faint|p2a: Garganacl
|
|-damage|p1a: Who am I|88/100|[from] Salt Cure
|upkeep
|
|t:|1779606078
|switch|p2a: Mienshao|Mienshao, M|77/100
|turn|9
|
|t:|1779606082
|move|p2a: Mienshao|Fake Out|p1a: Who am I
|-damage|p1a: Who am I|75/100
|-damage|p2a: Mienshao|67/100|[from] item: Life Orb
|cant|p1a: Who am I|flinch
|
|-damage|p1a: Who am I|63/100|[from] Salt Cure
|upkeep
|turn|10
|
|t:|1779606092
|move|p2a: Mienshao|U-turn|p1a: Who am I
|-resisted|p1a: Who am I
|-damage|p1a: Who am I|53/100
|-damage|p2a: Mienshao|57/100|[from] item: Life Orb
|
|t:|1779606096
|switch|p2a: Salazzle|Salazzle, F, shiny|100/100|[from] U-turn
|move|p1a: Who am I|Drain Punch|p2a: Salazzle
|-resisted|p2a: Salazzle
|-enditem|p2a: Salazzle|Focus Sash
|-damage|p2a: Salazzle|1/100
|-heal|p1a: Who am I|80/100|[from] drain|[of] p2a: Salazzle
|
|-damage|p1a: Who am I|67/100|[from] Salt Cure
|upkeep
|turn|11
|
|t:|1779606112
|move|p2a: Salazzle|Toxic|p1a: Who am I
|-status|p1a: Who am I|tox
|move|p1a: Who am I|Thunder Punch|p2a: Salazzle
|-damage|p2a: Salazzle|0 fnt
|faint|p2a: Salazzle
|
|-damage|p1a: Who am I|61/100 tox|[from] psn
|-damage|p1a: Who am I|49/100 tox|[from] Salt Cure
|upkeep
|
|t:|1779606122
|switch|p2a: Mienshao|Mienshao, M|90/100
|turn|12
|
|t:|1779606126
|move|p2a: Mienshao|Fake Out|p1a: Who am I
|-damage|p1a: Who am I|36/100 tox
|-damage|p2a: Mienshao|80/100|[from] item: Life Orb
|cant|p1a: Who am I|flinch
|
|-damage|p1a: Who am I|24/100 tox|[from] psn
|-damage|p1a: Who am I|11/100 tox|[from] Salt Cure
|upkeep
|turn|13
|
|t:|1779606137
|move|p2a: Mienshao|Knock Off|p1a: Who am I
|-damage|p1a: Who am I|0 fnt
|faint|p1a: Who am I
|-end|p1a: Who am I|Quark Drive|[silent]
|-damage|p2a: Mienshao|70/100|[from] item: Life Orb
|
|upkeep
|
|t:|1779606149
|switch|p1a: Jarvis|Porygon2|100/100
|-ability|p1a: Jarvis|Download|boost
|-boost|p1a: Jarvis|spa|1
|turn|14
|
|t:|1779606154
|move|p2a: Mienshao|Knock Off|p1a: Jarvis
|-damage|p1a: Jarvis|79/100
|-enditem|p1a: Jarvis|Eviolite|[from] move: Knock Off|[of] p2a: Mienshao
|-damage|p2a: Mienshao|60/100|[from] item: Life Orb
|move|p1a: Jarvis|Trick Room|p1a: Jarvis
|-fieldstart|move: Trick Room|[of] p1a: Jarvis
|
|upkeep
|turn|15
|
|t:|1779606162
|switch|p2a: Hatterene|Hatterene, F|100/100
|move|p1a: Jarvis|Tri Attack|p2a: Hatterene
|-damage|p2a: Hatterene|59/100
|
|-heal|p2a: Hatterene|65/100|[from] item: Leftovers
|upkeep
|turn|16
|
|t:|1779606171
|move|p2a: Hatterene|Calm Mind|p2a: Hatterene
|-boost|p2a: Hatterene|spa|1
|-boost|p2a: Hatterene|spd|1
|move|p1a: Jarvis|Shadow Ball|p2a: Hatterene
|-supereffective|p2a: Hatterene
|-damage|p2a: Hatterene|26/100
|-unboost|p2a: Hatterene|spd|1
|
|-heal|p2a: Hatterene|32/100|[from] item: Leftovers
|upkeep
|turn|17
|
|t:|1779606182
|move|p2a: Hatterene|Draining Kiss|p1a: Jarvis
|-damage|p1a: Jarvis|49/100
|-heal|p2a: Hatterene|58/100|[from] drain|[of] p1a: Jarvis
|move|p1a: Jarvis|Shadow Ball|p2a: Hatterene
|-supereffective|p2a: Hatterene
|-damage|p2a: Hatterene|2/100
|
|-heal|p2a: Hatterene|8/100|[from] item: Leftovers
|upkeep
|turn|18
|
|t:|1779606194
|move|p2a: Hatterene|Draining Kiss|p1a: Jarvis
|-damage|p1a: Jarvis|17/100
|-heal|p2a: Hatterene|36/100|[from] drain|[of] p1a: Jarvis
|move|p1a: Jarvis|Tri Attack|p2a: Hatterene
|-damage|p2a: Hatterene|0 fnt
|faint|p2a: Hatterene
|
|-fieldend|move: Trick Room
|upkeep
|
|t:|1779606204
|switch|p2a: Mienshao|Mienshao, M|93/100
|turn|19
|
|t:|1779606207
|move|p2a: Mienshao|Fake Out|p1a: Jarvis
|-damage|p1a: Jarvis|3/100
|-damage|p2a: Mienshao|84/100|[from] item: Life Orb
|cant|p1a: Jarvis|flinch
|
|upkeep
|turn|20
|c|☆The Boy Saviour|Ggwp
|
|t:|1779606214
|move|p2a: Mienshao|U-turn|p1a: Jarvis
|-damage|p1a: Jarvis|0 fnt
|faint|p1a: Jarvis
|-damage|p2a: Mienshao|74/100|[from] item: Life Orb
|
|upkeep
|
|t:|1779606217
|switch|p1a: Freddy|Ursaluna, F|100/100
|turn|21
|
|t:|1779606223
|move|p2a: Mienshao|Knock Off|p1a: Freddy
|-damage|p1a: Freddy|67/100
|-enditem|p1a: Freddy|Flame Orb|[from] move: Knock Off|[of] p2a: Mienshao
|-damage|p2a: Mienshao|64/100|[from] item: Life Orb
|move|p1a: Freddy|Facade|p2a: Mienshao
|-crit|p2a: Mienshao
|-damage|p2a: Mienshao|0 fnt
|faint|p2a: Mienshao
|
|win|The Boy Saviour
|raw|The Boy Saviour's rating: 1203 &rarr; <strong>1222</strong><br />(+19 for winning)
|raw|Manneheld's rating: 1123 &rarr; <strong>1104</strong><br />(-19 for losing)
