|j|☆24iomxx
|j|☆Chino_Gmr
|t:|1779632054
|gametype|singles
|player|p1|24iomxx|hilbert-masters|1126
|player|p2|Chino_Gmr|cynthia|1161
|gen|9
|tier|[Gen 9] OU
|rated|
|rule|HP Percentage Mod: HP is shown in percentages
|rule|Endless Battle Clause: Forcing endless battles is banned
|rule|Species Clause: Limit one of each Pokémon
|rule|OHKO Clause: OHKO moves are banned
|rule|Evasion Items Clause: Evasion items are banned
|rule|Evasion Moves Clause: Evasion moves are banned
|rule|Evasion Abilities Clause: Evasion abilities are banned
|rule|Sleep Moves Clause: Sleep-inducing moves are banned
|clearpoke
|poke|p1|Hydreigon, F|
|poke|p1|Excadrill, M|
|poke|p1|Galvantula, M|
|poke|p1|Chandelure, F|
|poke|p1|Amoonguss, F|
|poke|p1|Braviary, M|
|poke|p2|Garchomp, M|
|poke|p2|Milotic, F|
|poke|p2|Spiritomb, M|
|poke|p2|Lucario, M|
|poke|p2|Eelektross, M|
|poke|p2|Braviary-Hisui, M|
|teampreview
|inactive|Battle timer is ON: inactive players will automatically lose when time's up. (requested by 24iomxx)
|
|t:|1779632061
|teamsize|p1|6
|teamsize|p2|6
|start
|switch|p1a: Galvantula|Galvantula, M|100/100
|switch|p2a: Spiritomb|Spiritomb, M, shiny|100/100
|turn|1
|
|t:|1779632064
|move|p1a: Galvantula|Sticky Web|p2a: Spiritomb
|-sidestart|p2: Chino_Gmr|move: Sticky Web
|move|p2a: Spiritomb|Will-O-Wisp|p1a: Galvantula
|-status|p1a: Galvantula|brn
|
|-damage|p1a: Galvantula|94/100 brn|[from] brn
|upkeep
|turn|2
|
|t:|1779632071
|move|p1a: Galvantula|Thunder|p2a: Spiritomb
|-damage|p2a: Spiritomb|54/100
|move|p2a: Spiritomb|Hex|p1a: Galvantula
|-damage|p1a: Galvantula|16/100 brn
|
|-heal|p2a: Spiritomb|60/100|[from] item: Leftovers
|-damage|p1a: Galvantula|10/100 brn|[from] brn
|upkeep
|turn|3
|
|t:|1779632080
|switch|p2a: Garchomp|Garchomp, M|100/100
|-activate|p2a: Garchomp|move: Sticky Web
|-unboost|p2a: Garchomp|spe|1
|move|p1a: Galvantula|Thunder Wave|p2a: Garchomp
|-immune|p2a: Garchomp
|
|-damage|p1a: Galvantula|4/100 brn|[from] brn
|upkeep
|turn|4
|
|t:|1779632086
|move|p1a: Galvantula|Bug Buzz|p2a: Garchomp
|-damage|p2a: Garchomp|61/100
|move|p2a: Garchomp|Scale Shot|p1a: Galvantula
|-damage|p1a: Galvantula|0 fnt
|faint|p1a: Galvantula
|-hitcount|p1: Galvantula|1
|-unboost|p2a: Garchomp|def|1
|-boost|p2a: Garchomp|spe|1
|
|upkeep
|
|t:|1779632093
|switch|p1a: Hydreigon|Hydreigon, F|100/100
|turn|5
|
|t:|1779632098
|move|p2a: Garchomp|Scale Shot|p1a: Hydreigon
|-supereffective|p1a: Hydreigon
|-damage|p1a: Hydreigon|68/100
|-supereffective|p1a: Hydreigon
|-damage|p1a: Hydreigon|41/100
|-supereffective|p1a: Hydreigon
|-damage|p1a: Hydreigon|11/100
|-supereffective|p1a: Hydreigon
|-damage|p1a: Hydreigon|0 fnt
|faint|p1a: Hydreigon
|-hitcount|p1: Hydreigon|4
|-unboost|p2a: Garchomp|def|1
|-boost|p2a: Garchomp|spe|1
|
|upkeep
|
|t:|1779632114
|switch|p1a: Amoonguss|Amoonguss, F|100/100
|turn|6
|
|t:|1779632121
|move|p2a: Garchomp|Swords Dance|p2a: Garchomp
|-boost|p2a: Garchomp|atk|2
|move|p1a: Amoonguss|Foul Play|p2a: Garchomp
|-damage|p2a: Garchomp|0 fnt
|-damage|p1a: Amoonguss|88/100|[from] ability: Rough Skin|[of] p2a: Garchomp
|faint|p2a: Garchomp
|
|-heal|p1a: Amoonguss|94/100|[from] item: Leftovers
|upkeep
|
|t:|1779632130
|switch|p2a: Braviary|Braviary-Hisui, M, shiny|100/100
|turn|7
|
|t:|1779632133
|switch|p1a: Chandelure|Chandelure, F|100/100
|move|p2a: Braviary|Esper Wing|p1a: Chandelure
|-damage|p1a: Chandelure|17/100
|-boost|p2a: Braviary|spe|1
|
|upkeep
|turn|8
|
|t:|1779632141
|move|p1a: Chandelure|Shadow Ball|p2a: Braviary
|-supereffective|p2a: Braviary
|-damage|p2a: Braviary|0 fnt
|faint|p2a: Braviary
|
|upkeep
|
|t:|1779632150
|switch|p2a: Eelektross|Eelektross, M|100/100
|turn|9
|
|t:|1779632153
|switch|p1a: Excadrill|Excadrill, M|100/100
|-ability|p1a: Excadrill|Mold Breaker
|-item|p1a: Excadrill|Air Balloon
|move|p2a: Eelektross|Knock Off|p1a: Excadrill
|-damage|p1a: Excadrill|68/100
|-enditem|p1a: Excadrill|Air Balloon
|
|upkeep
|turn|10
|
|t:|1779632169
|switch|p2a: Milotic|Milotic, F|100/100
|-activate|p2a: Milotic|move: Sticky Web
|-unboost|p2a: Milotic|spe|1
|-ability|p2a: Milotic|Competitive|boost
|-boost|p2a: Milotic|spa|2
|move|p1a: Excadrill|Earthquake|p2a: Milotic
|-damage|p2a: Milotic|59/100
|
|-heal|p2a: Milotic|65/100|[from] item: Leftovers
|upkeep
|turn|11
|
|t:|1779632174
|switch|p1a: Amoonguss|Amoonguss, F|100/100
|move|p2a: Milotic|Recover|p2a: Milotic
|-heal|p2a: Milotic|100/100
|
|upkeep
|turn|12
|
|t:|1779632180
|-terastallize|p2a: Milotic|Dragon
|move|p2a: Milotic|Ice Beam|p1a: Amoonguss
|-supereffective|p1a: Amoonguss
|-damage|p1a: Amoonguss|27/100
|move|p1a: Amoonguss|Stun Spore|p2a: Milotic
|-status|p2a: Milotic|par
|
|-heal|p1a: Amoonguss|33/100|[from] item: Leftovers
|upkeep
|turn|13
|
|t:|1779632188
|switch|p1a: Chandelure|Chandelure, F|17/100
|move|p2a: Milotic|Ice Beam|p1a: Chandelure
|-resisted|p1a: Chandelure
|-damage|p1a: Chandelure|0 fnt
|faint|p1a: Chandelure
|
|upkeep
|
|t:|1779632211
|switch|p1a: Braviary|Braviary, M|100/100
|turn|14
|
|t:|1779632218
|-terastallize|p1a: Braviary|Fighting
|move|p1a: Braviary|Sky Attack||[still]
|-prepare|p1a: Braviary|Sky Attack
|-enditem|p1a: Braviary|Power Herb
|-anim|p1a: Braviary|Sky Attack|p2a: Milotic
|-damage|p2a: Milotic|45/100 par
|cant|p2a: Milotic|par
|
|-heal|p2a: Milotic|51/100 par|[from] item: Leftovers
|upkeep
|turn|15
|
|t:|1779632229
|move|p1a: Braviary|Acrobatics|p2a: Milotic
|-damage|p2a: Milotic|10/100 par
|cant|p2a: Milotic|par
|
|-heal|p2a: Milotic|16/100 par|[from] item: Leftovers
|upkeep
|turn|16
|
|t:|1779632235
|move|p1a: Braviary|Acrobatics|p2a: Milotic
|-damage|p2a: Milotic|0 fnt
|faint|p2a: Milotic
|
|upkeep
|
|t:|1779632241
|switch|p2a: Spiritomb|Spiritomb, M, shiny|60/100
|-activate|p2a: Spiritomb|move: Sticky Web
|-unboost|p2a: Spiritomb|spe|1
|turn|17
|
|t:|1779632245
|switch|p1a: Amoonguss|Amoonguss, F|66/100
|move|p2a: Spiritomb|Will-O-Wisp|p1a: Amoonguss
|-status|p1a: Amoonguss|brn
|
|-heal|p1a: Amoonguss|72/100 brn|[from] item: Leftovers
|-heal|p2a: Spiritomb|66/100|[from] item: Leftovers
|-damage|p1a: Amoonguss|66/100 brn|[from] brn
|upkeep
|turn|18
|
|t:|1779632255
|move|p1a: Amoonguss|Giga Drain|p2a: Spiritomb
|-damage|p2a: Spiritomb|42/100
|-heal|p1a: Amoonguss|75/100 brn|[from] drain|[of] p2a: Spiritomb
|move|p2a: Spiritomb|Hex|p1a: Amoonguss
|-damage|p1a: Amoonguss|39/100 brn
|
|-heal|p1a: Amoonguss|45/100 brn|[from] item: Leftovers
|-heal|p2a: Spiritomb|49/100|[from] item: Leftovers
|-damage|p1a: Amoonguss|39/100 brn|[from] brn
|upkeep
|turn|19
|
|t:|1779632267
|switch|p2a: Eelektross|Eelektross, M|100/100
|move|p1a: Amoonguss|Giga Drain|p2a: Eelektross
|-damage|p2a: Eelektross|88/100
|-heal|p1a: Amoonguss|44/100 brn|[from] drain|[of] p2a: Eelektross
|
|-heal|p1a: Amoonguss|50/100 brn|[from] item: Leftovers
|-damage|p1a: Amoonguss|44/100 brn|[from] brn
|upkeep
|turn|20
|
|t:|1779632275
|move|p1a: Amoonguss|Sludge Bomb|p2a: Eelektross
|-damage|p2a: Eelektross|75/100
|move|p2a: Eelektross|Knock Off|p1a: Amoonguss
|-damage|p1a: Amoonguss|26/100 brn
|-enditem|p1a: Amoonguss|Leftovers|[from] move: Knock Off|[of] p2a: Eelektross
|
|-damage|p1a: Amoonguss|20/100 brn|[from] brn
|upkeep
|turn|21
|
|t:|1779632279
|switch|p1a: Excadrill|Excadrill, M|68/100
|-ability|p1a: Excadrill|Mold Breaker
|move|p2a: Eelektross|Volt Switch|p1a: Excadrill
|-immune|p1a: Excadrill
|
|upkeep
|turn|22
|
|t:|1779632286
|switch|p2a: Spiritomb|Spiritomb, M, shiny|49/100
|-activate|p2a: Spiritomb|move: Sticky Web
|-unboost|p2a: Spiritomb|spe|1
|move|p1a: Excadrill|Earthquake|p2a: Spiritomb
|-crit|p2a: Spiritomb
|-damage|p2a: Spiritomb|0 fnt
|faint|p2a: Spiritomb
|
|upkeep
|
|t:|1779632288
|switch|p2a: Lucario|Lucario, M|100/100
|-activate|p2a: Lucario|move: Sticky Web
|-unboost|p2a: Lucario|spe|1
|turn|23
|
|t:|1779632297
|move|p2a: Lucario|Extreme Speed|p1a: Excadrill
|-resisted|p1a: Excadrill
|-damage|p1a: Excadrill|45/100
|-damage|p2a: Lucario|91/100|[from] item: Life Orb
|move|p1a: Excadrill|Earthquake|p2a: Lucario
|-supereffective|p2a: Lucario
|-damage|p2a: Lucario|0 fnt
|faint|p2a: Lucario
|
|upkeep
|
|t:|1779632303
|switch|p2a: Eelektross|Eelektross, M|75/100
|turn|24
|
|t:|1779632307
|move|p1a: Excadrill|Earthquake|p2a: Eelektross
|-supereffective|p2a: Eelektross
|-damage|p2a: Eelektross|0 fnt
|faint|p2a: Eelektross
|
|win|24iomxx
|raw|24iomxx's rating: 1126 &rarr; <strong>1154</strong><br />(+28 for winning)
|raw|Chino_Gmr's rating: 1161 &rarr; <strong>1133</strong><br />(-28 for losing)
|l|☆Chino_Gmr
|player|p2|
