|j|☆acediawa
|j|☆KING丶3266926956今余
|t:|1779702929
|gametype|singles
|player|p1|acediawa|backersf|1327
|player|p2|KING丶3266926956今余|dawn|1274
|gen|9
|tier|[Gen 9] OU
|rated|
|rule|HP Percentage Mod: HP is shown in percentages
|rule|Endless Battle Clause: Forcing endless battles is banned
|rule|Species Clause: Limit one of each Pokémon
|rule|OHKO Clause: OHKO moves are banned
|rule|Evasion Items Clause: Evasion items are banned
|rule|Evasion Moves Clause: Evasion moves are banned
|rule|Evasion Abilities Clause: Evasion abilities are banned
|rule|Sleep Moves Clause: Sleep-inducing moves are banned
|clearpoke
|poke|p1|Kyurem|
|poke|p1|Corviknight, M|
|poke|p1|Ting-Lu|
|poke|p1|Dondozo, M|
|poke|p1|Slowking-Galar, F|
|poke|p1|Cinderace, F|
|poke|p2|Luxray, F|
|poke|p2|Noctowl, F|
|poke|p2|Alomomola, F|
|poke|p2|Meowstic, M|
|poke|p2|Incineroar, F|
|poke|p2|Meowscarada, M|
|teampreview
|inactive|Battle timer is ON: inactive players will automatically lose when time's up. (requested by acediawa)
|inactive|KING丶3266926956今余 also wants the timer to be on.
|inactive|acediawa has 120 seconds left.
|inactive|acediawa has 90 seconds left.
|inactive|acediawa has 60 seconds left.
|inactive|acediawa has 30 seconds left.
|
|t:|1779703050
|teamsize|p1|6
|teamsize|p2|6
|start
|switch|p1a: Kyurem|Kyurem|100/100
|switch|p2a: Incineroar|Incineroar, F|100/100
|-ability|p1a: Kyurem|Pressure
|-ability|p2a: Incineroar|Intimidate|boost
|-unboost|p1a: Kyurem|atk|1
|turn|1
|
|t:|1779703059
|switch|p2a: Noctowl|Noctowl, F|100/100
|move|p1a: Kyurem|Protect||[still]
|-fail|p1a: Kyurem
|
|upkeep
|turn|2
|
|t:|1779703066
|switch|p2a: Incineroar|Incineroar, F|100/100
|-ability|p2a: Incineroar|Intimidate|boost
|-unboost|p1a: Kyurem|atk|1
|move|p1a: Kyurem|Substitute|p1a: Kyurem
|-start|p1a: Kyurem|Substitute
|-damage|p1a: Kyurem|75/100
|
|-heal|p1a: Kyurem|82/100|[from] item: Leftovers
|upkeep
|turn|3
|
|t:|1779703073
|move|p1a: Kyurem|Protect|p1a: Kyurem
|-singleturn|p1a: Kyurem|Protect
|move|p2a: Incineroar|Parting Shot|p1a: Kyurem
|-activate|p1a: Kyurem|move: Protect
|
|-heal|p1a: Kyurem|88/100|[from] item: Leftovers
|upkeep
|turn|4
|inactive|acediawa has 120 seconds left.
|inactive|acediawa has 90 seconds left.
|
|t:|1779703112
|move|p1a: Kyurem|Earth Power|p2a: Incineroar
|-supereffective|p2a: Incineroar
|-damage|p2a: Incineroar|53/100
|move|p2a: Incineroar|Parting Shot|p1a: Kyurem
|-unboost|p1a: Kyurem|atk|1
|-unboost|p1a: Kyurem|spa|1
|
|t:|1779703120
|switch|p2a: Meowscarada|Meowscarada, M|100/100|[from] Parting Shot
|
|-heal|p1a: Kyurem|94/100|[from] item: Leftovers
|upkeep
|turn|5
|
|t:|1779703133
|move|p1a: Kyurem|Protect|p1a: Kyurem
|-singleturn|p1a: Kyurem|Protect
|move|p2a: Meowscarada|U-turn|p1a: Kyurem
|-start|p2a: Meowscarada|typechange|Bug|[from] ability: Protean
|-activate|p1a: Kyurem|move: Protect
|
|-heal|p1a: Kyurem|99/100|[from] item: Leftovers
|upkeep
|turn|6
|
|t:|1779703137
|move|p2a: Meowscarada|U-turn|p1a: Kyurem
|-end|p1a: Kyurem|Substitute
|
|t:|1779703146
|switch|p2a: Incineroar|Incineroar, F|53/100|[from] U-turn
|-ability|p2a: Incineroar|Intimidate|boost
|-unboost|p1a: Kyurem|atk|1
|move|p1a: Kyurem|Freeze-Dry|p2a: Incineroar
|-resisted|p2a: Incineroar
|-damage|p2a: Incineroar|44/100
|
|-heal|p1a: Kyurem|100/100|[from] item: Leftovers
|upkeep
|turn|7
|inactive|acediawa has 90 seconds left.
|
|t:|1779703187
|switch|p1a: Ting-Lu|Ting-Lu|100/100
|-ability|p1a: Ting-Lu|Vessel of Ruin
|move|p2a: Incineroar|Parting Shot|p1a: Ting-Lu
|-unboost|p1a: Ting-Lu|atk|1
|-unboost|p1a: Ting-Lu|spa|1
|
|t:|1779703196
|switch|p2a: Meowscarada|Meowscarada, M|100/100|[from] Parting Shot
|
|upkeep
|turn|8
|
|t:|1779703200
|switch|p1a: Corviknight|Corviknight, M|100/100
|-ability|p1a: Corviknight|Pressure
|move|p2a: Meowscarada|Triple Axel|p1a: Corviknight|[miss]
|-start|p2a: Meowscarada|typechange|Ice|[from] ability: Protean
|-miss|p2a: Meowscarada|p1a: Corviknight
|
|upkeep
|turn|9
|
|t:|1779703205
|switch|p2a: Alomomola|Alomomola, F|100/100
|move|p1a: Corviknight|U-turn|p2a: Alomomola
|-damage|p2a: Alomomola|89/100
|
|t:|1779703210
|switch|p1a: Kyurem|Kyurem|100/100|[from] U-turn
|-ability|p1a: Kyurem|Pressure
|
|upkeep
|turn|10
|
|t:|1779703217
|move|p1a: Kyurem|Substitute|p1a: Kyurem
|-start|p1a: Kyurem|Substitute
|-damage|p1a: Kyurem|75/100
|move|p2a: Alomomola|Flip Turn|p1a: Kyurem
|-resisted|p1a: Kyurem
|-crit|p1a: Kyurem
|-activate|p1a: Kyurem|move: Substitute|[damage]
|
|t:|1779703221
|switch|p2a: Meowscarada|Meowscarada, M|100/100|[from] Flip Turn
|
|-heal|p1a: Kyurem|82/100|[from] item: Leftovers
|upkeep
|turn|11
|
|t:|1779703225
|move|p1a: Kyurem|Protect|p1a: Kyurem
|-singleturn|p1a: Kyurem|Protect
|move|p2a: Meowscarada|U-turn|p1a: Kyurem
|-start|p2a: Meowscarada|typechange|Bug|[from] ability: Protean
|-activate|p1a: Kyurem|move: Protect
|
|-heal|p1a: Kyurem|88/100|[from] item: Leftovers
|upkeep
|turn|12
|
|t:|1779703228
|move|p2a: Meowscarada|U-turn|p1a: Kyurem
|-end|p1a: Kyurem|Substitute
|
|t:|1779703233
|switch|p2a: Meowstic|Meowstic, M|100/100|[from] U-turn
|move|p1a: Kyurem|Freeze-Dry|p2a: Meowstic
|-damage|p2a: Meowstic|63/100
|
|-heal|p1a: Kyurem|94/100|[from] item: Leftovers
|upkeep
|turn|13
|
|t:|1779703239
|move|p2a: Meowstic|Trick|p1a: Kyurem
|-activate|p2a: Meowstic|move: Trick|[of] p1a: Kyurem
|-item|p1a: Kyurem|Choice Specs|[from] move: Trick
|-item|p2a: Meowstic|Leftovers|[from] move: Trick
|move|p1a: Kyurem|Substitute|p1a: Kyurem
|-start|p1a: Kyurem|Substitute
|-damage|p1a: Kyurem|69/100
|
|-heal|p2a: Meowstic|69/100|[from] item: Leftovers
|upkeep
|turn|14
|
|t:|1779703247
|switch|p1a: Slowking|Slowking-Galar, F|100/100
|switch|p2a: Alomomola|Alomomola, F|100/100
|
|upkeep
|turn|15
|
|t:|1779703253
|move|p1a: Slowking|Toxic|p2a: Alomomola
|-status|p2a: Alomomola|tox
|move|p2a: Alomomola|Wish|p2a: Alomomola
|
|-damage|p2a: Alomomola|94/100 tox|[from] psn
|upkeep
|turn|16
|
|t:|1779703259
|move|p1a: Slowking|Future Sight|p2a: Alomomola
|-start|p1a: Slowking|move: Future Sight
|move|p2a: Alomomola|Flip Turn|p1a: Slowking
|-damage|p1a: Slowking|83/100
|
|t:|1779703264
|switch|p2a: Incineroar|Incineroar, F|44/100|[from] Flip Turn
|-ability|p2a: Incineroar|Intimidate|boost
|-unboost|p1a: Slowking|atk|1
|
|-heal|p2a: Incineroar|100/100|[from] move: Wish|[wisher] Alomomola
|upkeep
|turn|17
|
|t:|1779703268
|switch|p1a: Corviknight|Corviknight, M|100/100
|-ability|p1a: Corviknight|Pressure
|move|p2a: Incineroar|Parting Shot|p1a: Corviknight
|-unboost|p1a: Corviknight|atk|1
|-unboost|p1a: Corviknight|spa|1
|
|t:|1779703276
|switch|p2a: Alomomola|Alomomola, F|100/100 tox|[from] Parting Shot
|
|-damage|p2a: Alomomola|94/100 tox|[from] psn
|upkeep
|turn|18
|
|t:|1779703290
|switch|p1a: Kyurem|Kyurem|69/100
|-ability|p1a: Kyurem|Pressure
|move|p2a: Alomomola|Flip Turn|p1a: Kyurem
|-resisted|p1a: Kyurem
|-damage|p1a: Kyurem|61/100
|
|t:|1779703298
|switch|p2a: Incineroar|Incineroar, F|100/100|[from] Flip Turn
|-ability|p2a: Incineroar|Intimidate|boost
|-unboost|p1a: Kyurem|atk|1
|
|-end|p2a: Incineroar|move: Future Sight
|-immune|p2a: Incineroar
|upkeep
|turn|19
|
|t:|1779703304
|switch|p1a: Dondozo|Dondozo, M|100/100
|move|p2a: Incineroar|Will-O-Wisp|p1a: Dondozo
|-status|p1a: Dondozo|brn
|
|-damage|p1a: Dondozo|94/100 brn|[from] brn
|upkeep
|turn|20
|
|t:|1779703314
|move|p2a: Incineroar|Parting Shot|p1a: Dondozo
|-unboost|p1a: Dondozo|atk|1
|-unboost|p1a: Dondozo|spa|1
|
|t:|1779703318
|switch|p2a: Meowscarada|Meowscarada, M|100/100|[from] Parting Shot
|move|p1a: Dondozo|Waterfall|p2a: Meowscarada
|-resisted|p2a: Meowscarada
|-damage|p2a: Meowscarada|94/100
|
|-heal|p1a: Dondozo|100/100 brn|[from] item: Leftovers
|-damage|p1a: Dondozo|94/100 brn|[from] brn
|upkeep
|turn|21
|
|t:|1779703325
|switch|p1a: Corviknight|Corviknight, M|100/100
|-ability|p1a: Corviknight|Pressure
|move|p2a: Meowscarada|Flower Trick|p1a: Corviknight
|-start|p2a: Meowscarada|typechange|Grass|[from] ability: Protean
|-resisted|p1a: Corviknight
|-crit|p1a: Corviknight
|-damage|p1a: Corviknight|90/100
|
|upkeep
|turn|22
|
|t:|1779703339
|switch|p2a: Incineroar|Incineroar, F|100/100
|-ability|p2a: Incineroar|Intimidate|boost
|-unboost|p1a: Corviknight|atk|1
|move|p1a: Corviknight|U-turn|p2a: Incineroar
|-damage|p2a: Incineroar|94/100
|inactive|acediawa has 120 seconds left.
|
|t:|1779703375
|switch|p1a: Slowking|Slowking-Galar, F|100/100|[from] U-turn
|
|upkeep
|turn|23
|
|t:|1779703383
|move|p2a: Incineroar|Parting Shot|p1a: Slowking
|-unboost|p1a: Slowking|atk|1
|-unboost|p1a: Slowking|spa|1
|
|t:|1779703387
|switch|p2a: Alomomola|Alomomola, F|100/100 tox|[from] Parting Shot
|move|p1a: Slowking|Toxic|p2a: Alomomola
|-fail|p2a: Alomomola|tox
|
|-damage|p2a: Alomomola|94/100 tox|[from] psn
|upkeep
|turn|24
|
|t:|1779703399
|move|p1a: Slowking|Sludge Bomb|p2a: Alomomola
|-damage|p2a: Alomomola|78/100 tox
|move|p2a: Alomomola|Flip Turn|p1a: Slowking
|-damage|p1a: Slowking|84/100
|
|t:|1779703409
|switch|p2a: Meowscarada|Meowscarada, M|94/100|[from] Flip Turn
|
|upkeep
|turn|25
|
|t:|1779703416
|switch|p1a: Corviknight|Corviknight, M|90/100
|-ability|p1a: Corviknight|Pressure
|move|p2a: Meowscarada|U-turn|p1a: Corviknight
|-start|p2a: Meowscarada|typechange|Bug|[from] ability: Protean
|-resisted|p1a: Corviknight
|-damage|p1a: Corviknight|82/100
|-damage|p2a: Meowscarada|77/100|[from] item: Rocky Helmet|[of] p1a: Corviknight
|
|t:|1779703424
|switch|p2a: Incineroar|Incineroar, F|94/100|[from] U-turn
|-ability|p2a: Incineroar|Intimidate|boost
|-unboost|p1a: Corviknight|atk|1
|
|upkeep
|turn|26
|
|t:|1779703428
|move|p1a: Corviknight|U-turn|p2a: Incineroar
|-damage|p2a: Incineroar|87/100
|
|t:|1779703430
|switch|p1a: Dondozo|Dondozo, M|94/100 brn|[from] U-turn
|move|p2a: Incineroar|Will-O-Wisp|p1a: Dondozo
|-fail|p1a: Dondozo|brn
|
|-heal|p1a: Dondozo|100/100 brn|[from] item: Leftovers
|-damage|p1a: Dondozo|94/100 brn|[from] brn
|upkeep
|turn|27
|
|t:|1779703436
|move|p2a: Incineroar|Parting Shot|p1a: Dondozo
|-unboost|p1a: Dondozo|atk|1
|-unboost|p1a: Dondozo|spa|1
|
|t:|1779703438
|switch|p2a: Alomomola|Alomomola, F|100/100 tox|[from] Parting Shot
|move|p1a: Dondozo|Curse|p1a: Dondozo
|-unboost|p1a: Dondozo|spe|1
|-boost|p1a: Dondozo|atk|1
|-boost|p1a: Dondozo|def|1
|
|-heal|p1a: Dondozo|100/100 brn|[from] item: Leftovers
|-damage|p2a: Alomomola|94/100 tox|[from] psn
|-damage|p1a: Dondozo|94/100 brn|[from] brn
|upkeep
|turn|28
|
|t:|1779703444
|move|p1a: Dondozo|Curse|p1a: Dondozo
|-unboost|p1a: Dondozo|spe|1
|-boost|p1a: Dondozo|atk|1
|-boost|p1a: Dondozo|def|1
|move|p2a: Alomomola|Flip Turn|p1a: Dondozo
|-resisted|p1a: Dondozo
|-damage|p1a: Dondozo|93/100 brn
|
|t:|1779703446
|switch|p2a: Meowscarada|Meowscarada, M|77/100|[from] Flip Turn
|
|-heal|p1a: Dondozo|99/100 brn|[from] item: Leftovers
|-damage|p1a: Dondozo|93/100 brn|[from] brn
|upkeep
|turn|29
|
|t:|1779703449
|move|p2a: Meowscarada|Flower Trick|p1a: Dondozo
|-start|p2a: Meowscarada|typechange|Grass|[from] ability: Protean
|-supereffective|p1a: Dondozo
|-crit|p1a: Dondozo
|-damage|p1a: Dondozo|25/100 brn
|move|p1a: Dondozo|Body Press|p2a: Meowscarada
|-damage|p2a: Meowscarada|30/100
|
|-heal|p1a: Dondozo|31/100 brn|[from] item: Leftovers
|-damage|p1a: Dondozo|25/100 brn|[from] brn
|upkeep
|turn|30
|
|t:|1779703460
|switch|p1a: Corviknight|Corviknight, M|82/100
|-ability|p1a: Corviknight|Pressure
|move|p2a: Meowscarada|Flower Trick|p1a: Corviknight
|-resisted|p1a: Corviknight
|-crit|p1a: Corviknight
|-damage|p1a: Corviknight|71/100
|
|upkeep
|turn|31
|
|t:|1779703465
|switch|p2a: Alomomola|Alomomola, F|100/100 tox
|move|p1a: Corviknight|U-turn|p2a: Alomomola
|-damage|p2a: Alomomola|90/100 tox
|
|t:|1779703467
|switch|p1a: Kyurem|Kyurem|61/100|[from] U-turn
|-ability|p1a: Kyurem|Pressure
|
|-damage|p2a: Alomomola|83/100 tox|[from] psn
|upkeep
|turn|32
|
|t:|1779703472
|switch|p2a: Incineroar|Incineroar, F|87/100
|-ability|p2a: Incineroar|Intimidate|boost
|-unboost|p1a: Kyurem|atk|1
|move|p1a: Kyurem|Freeze-Dry|p2a: Incineroar
|-resisted|p2a: Incineroar
|-damage|p2a: Incineroar|62/100
|
|upkeep
|turn|33
|
|t:|1779703481
|switch|p1a: Corviknight|Corviknight, M|71/100
|-ability|p1a: Corviknight|Pressure
|move|p2a: Incineroar|Parting Shot|p1a: Corviknight
|-unboost|p1a: Corviknight|atk|1
|-unboost|p1a: Corviknight|spa|1
|
|t:|1779703483
|switch|p2a: Alomomola|Alomomola, F|100/100 tox|[from] Parting Shot
|
|-damage|p2a: Alomomola|94/100 tox|[from] psn
|upkeep
|turn|34
|
|t:|1779703487
|move|p1a: Corviknight|U-turn|p2a: Alomomola
|-damage|p2a: Alomomola|86/100 tox
|
|t:|1779703494
|switch|p1a: Slowking|Slowking-Galar, F|100/100|[from] U-turn
|move|p2a: Alomomola|Wish|p2a: Alomomola
|
|-damage|p2a: Alomomola|74/100 tox|[from] psn
|upkeep
|turn|35
|
|t:|1779703500
|move|p1a: Slowking|Sludge Bomb|p2a: Alomomola
|-damage|p2a: Alomomola|51/100 tox
|move|p2a: Alomomola|Flip Turn|p1a: Slowking
|-damage|p1a: Slowking|83/100
|
|t:|1779703506
|switch|p2a: Meowscarada|Meowscarada, M|30/100|[from] Flip Turn
|
|-heal|p2a: Meowscarada|100/100|[from] move: Wish|[wisher] Alomomola
|upkeep
|turn|36
|
|t:|1779703511
|switch|p1a: Corviknight|Corviknight, M|71/100
|-ability|p1a: Corviknight|Pressure
|move|p2a: Meowscarada|U-turn|p1a: Corviknight
|-start|p2a: Meowscarada|typechange|Bug|[from] ability: Protean
|-resisted|p1a: Corviknight
|-damage|p1a: Corviknight|63/100
|-damage|p2a: Meowscarada|84/100|[from] item: Rocky Helmet|[of] p1a: Corviknight
|
|t:|1779703519
|switch|p2a: Alomomola|Alomomola, F|85/100 tox|[from] U-turn
|
|-damage|p2a: Alomomola|79/100 tox|[from] psn
|upkeep
|turn|37
|
|t:|1779703523
|move|p1a: Corviknight|Roost|p1a: Corviknight
|-heal|p1a: Corviknight|100/100
|-singleturn|p1a: Corviknight|move: Roost
|move|p2a: Alomomola|Wish|p2a: Alomomola
|
|-damage|p2a: Alomomola|66/100 tox|[from] psn
|upkeep
|turn|38
|inactive|acediawa has 120 seconds left.
|
|t:|1779703556
|switch|p1a: Kyurem|Kyurem|61/100
|-ability|p1a: Kyurem|Pressure
|move|p2a: Alomomola|Flip Turn|p1a: Kyurem
|-resisted|p1a: Kyurem
|-damage|p1a: Kyurem|54/100
|
|t:|1779703560
|switch|p2a: Incineroar|Incineroar, F|62/100|[from] Flip Turn
|-ability|p2a: Incineroar|Intimidate|boost
|-unboost|p1a: Kyurem|atk|1
|
|-heal|p2a: Incineroar|100/100|[from] move: Wish|[wisher] Alomomola
|upkeep
|turn|39
|
|t:|1779703569
|switch|p2a: Alomomola|Alomomola, F|99/100 tox
|-terastallize|p1a: Kyurem|Ground
|move|p1a: Kyurem|Earth Power|p2a: Alomomola
|-damage|p2a: Alomomola|52/100 tox
|
|-damage|p2a: Alomomola|45/100 tox|[from] psn
|upkeep
|turn|40
|
|t:|1779703576
|switch|p1a: Cinderace|Cinderace, F|100/100
|switch|p2a: Noctowl|Noctowl, F|100/100
|
|upkeep
|turn|41
|
|t:|1779703581
|switch|p2a: Alomomola|Alomomola, F|79/100 tox
|move|p1a: Cinderace|Pyro Ball|p2a: Alomomola
|-resisted|p2a: Alomomola
|-damage|p2a: Alomomola|61/100 tox
|
|-damage|p2a: Alomomola|55/100 tox|[from] psn
|upkeep
|turn|42
|
|t:|1779703588
|move|p1a: Cinderace|Will-O-Wisp||[still]
|-fail|p1a: Cinderace
|move|p2a: Alomomola|Flip Turn|p1a: Cinderace
|-supereffective|p1a: Cinderace
|-damage|p1a: Cinderace|63/100
|
|t:|1779703600
|switch|p2a: Meowscarada|Meowscarada, M|84/100|[from] Flip Turn
|
|upkeep
|turn|43
|
|t:|1779703608
|switch|p1a: Corviknight|Corviknight, M|100/100
|-ability|p1a: Corviknight|Pressure
|move|p2a: Meowscarada|U-turn|p1a: Corviknight
|-start|p2a: Meowscarada|typechange|Bug|[from] ability: Protean
|-resisted|p1a: Corviknight
|-damage|p1a: Corviknight|93/100
|-damage|p2a: Meowscarada|67/100|[from] item: Rocky Helmet|[of] p1a: Corviknight
|
|t:|1779703613
|switch|p2a: Alomomola|Alomomola, F|89/100 tox|[from] U-turn
|
|-damage|p2a: Alomomola|82/100 tox|[from] psn
|upkeep
|turn|44
|
|t:|1779703615
|move|p1a: Corviknight|U-turn|p2a: Alomomola
|-damage|p2a: Alomomola|71/100 tox
|
|t:|1779703621
|switch|p1a: Ting-Lu|Ting-Lu|100/100|[from] U-turn
|-ability|p1a: Ting-Lu|Vessel of Ruin
|move|p2a: Alomomola|Wish|p2a: Alomomola
|
|-damage|p2a: Alomomola|59/100 tox|[from] psn
|upkeep
|turn|45
|
|t:|1779703626
|switch|p1a: Slowking|Slowking-Galar, F|100/100
|move|p2a: Alomomola|Flip Turn|p1a: Slowking
|-damage|p1a: Slowking|85/100
|
|t:|1779703633
|switch|p2a: Meowscarada|Meowscarada, M|67/100|[from] Flip Turn
|
|-heal|p2a: Meowscarada|100/100|[from] move: Wish|[wisher] Alomomola
|upkeep
|turn|46
|
|t:|1779703641
|move|p2a: Meowscarada|U-turn|p1a: Slowking
|-start|p2a: Meowscarada|typechange|Bug|[from] ability: Protean
|-damage|p1a: Slowking|38/100
|
|t:|1779703646
|switch|p2a: Alomomola|Alomomola, F|92/100 tox|[from] U-turn
|move|p1a: Slowking|Sludge Bomb|p2a: Alomomola
|-damage|p2a: Alomomola|69/100 tox
|
|-damage|p2a: Alomomola|63/100 tox|[from] psn
|upkeep
|turn|47
|
|t:|1779703659
|-prepare|p1a: Slowking|Chilly Reception|[premajor]
|move|p1a: Slowking|Chilly Reception|p1a: Slowking
|-weather|Snowscape
|
|t:|1779703661
|switch|p1a: Dondozo|Dondozo, M|25/100 brn|[from] Chilly Reception
|move|p2a: Alomomola|Flip Turn|p1a: Dondozo
|-resisted|p1a: Dondozo
|-damage|p1a: Dondozo|21/100 brn
|
|t:|1779703662
|switch|p2a: Meowscarada|Meowscarada, M|100/100|[from] Flip Turn
|
|-weather|Snowscape|[upkeep]
|-heal|p1a: Dondozo|27/100 brn|[from] item: Leftovers
|-damage|p1a: Dondozo|21/100 brn|[from] brn
|upkeep
|turn|48
|
|t:|1779703665
|switch|p1a: Corviknight|Corviknight, M|93/100
|-ability|p1a: Corviknight|Pressure
|move|p2a: Meowscarada|Flower Trick|p1a: Corviknight
|-start|p2a: Meowscarada|typechange|Grass|[from] ability: Protean
|-resisted|p1a: Corviknight
|-crit|p1a: Corviknight
|-damage|p1a: Corviknight|82/100
|
|-weather|Snowscape|[upkeep]
|upkeep
|turn|49
|
|t:|1779703669
|switch|p2a: Alomomola|Alomomola, F|96/100 tox
|move|p1a: Corviknight|Brave Bird|p2a: Alomomola
|-damage|p2a: Alomomola|66/100 tox
|-damage|p1a: Corviknight|69/100|[from] Recoil
|
|-weather|Snowscape|[upkeep]
|-damage|p2a: Alomomola|60/100 tox|[from] psn
|upkeep
|turn|50
|
|t:|1779703674
|move|p1a: Corviknight|U-turn|p2a: Alomomola
|-damage|p2a: Alomomola|50/100 tox
|
|t:|1779703679
|switch|p1a: Kyurem|Kyurem, tera:Ground|54/100|[from] U-turn
|-ability|p1a: Kyurem|Pressure
|move|p2a: Alomomola|Flip Turn|p1a: Kyurem
|-supereffective|p1a: Kyurem
|-damage|p1a: Kyurem|26/100
|
|t:|1779703691
|switch|p2a: Incineroar|Incineroar, F|100/100|[from] Flip Turn
|-ability|p2a: Incineroar|Intimidate|boost
|-unboost|p1a: Kyurem|atk|1
|
|-weather|Snowscape|[upkeep]
|upkeep
|turn|51
|
|t:|1779703697
|switch|p2a: Noctowl|Noctowl, F|100/100
|move|p1a: Kyurem|Earth Power|p2a: Noctowl
|-immune|p2a: Noctowl
|
|-weather|none
|upkeep
|turn|52
|
|t:|1779703703
|switch|p1a: Ting-Lu|Ting-Lu|100/100
|-ability|p1a: Ting-Lu|Vessel of Ruin
|switch|p2a: Alomomola|Alomomola, F|83/100 tox
|
|-damage|p2a: Alomomola|77/100 tox|[from] psn
|upkeep
|turn|53
|
|t:|1779703706
|move|p1a: Ting-Lu|Earthquake|p2a: Alomomola
|-damage|p2a: Alomomola|47/100 tox
|move|p2a: Alomomola|Flip Turn|p1a: Ting-Lu
|-supereffective|p1a: Ting-Lu
|-damage|p1a: Ting-Lu|81/100
|
|t:|1779703709
|switch|p2a: Incineroar|Incineroar, F|100/100|[from] Flip Turn
|-ability|p2a: Incineroar|Intimidate|boost
|-unboost|p1a: Ting-Lu|atk|1
|
|-heal|p1a: Ting-Lu|88/100|[from] item: Leftovers
|upkeep
|turn|54
|
|t:|1779703714
|move|p1a: Ting-Lu|Earthquake|p2a: Incineroar
|-supereffective|p2a: Incineroar
|-damage|p2a: Incineroar|63/100
|move|p2a: Incineroar|Will-O-Wisp|p1a: Ting-Lu
|-status|p1a: Ting-Lu|brn
|
|-heal|p1a: Ting-Lu|94/100 brn|[from] item: Leftovers
|-damage|p1a: Ting-Lu|88/100 brn|[from] brn
|upkeep
|turn|55
|
|t:|1779703718
|switch|p2a: Alomomola|Alomomola, F|80/100 tox
|move|p1a: Ting-Lu|Earthquake|p2a: Alomomola
|-damage|p2a: Alomomola|70/100 tox
|
|-heal|p1a: Ting-Lu|94/100 brn|[from] item: Leftovers
|-damage|p2a: Alomomola|64/100 tox|[from] psn
|-damage|p1a: Ting-Lu|88/100 brn|[from] brn
|upkeep
|turn|56
|
|t:|1779703726
|move|p1a: Ting-Lu|Rest|p1a: Ting-Lu
|-status|p1a: Ting-Lu|slp|[from] move: Rest
|-heal|p1a: Ting-Lu|100/100 slp|[silent]
|move|p2a: Alomomola|Flip Turn|p1a: Ting-Lu
|-supereffective|p1a: Ting-Lu
|-damage|p1a: Ting-Lu|82/100 slp
|
|t:|1779703728
|switch|p2a: Meowscarada|Meowscarada, M|100/100|[from] Flip Turn
|
|-heal|p1a: Ting-Lu|88/100 slp|[from] item: Leftovers
|upkeep
|turn|57
|
|t:|1779703732
|switch|p1a: Corviknight|Corviknight, M|69/100
|-ability|p1a: Corviknight|Pressure
|move|p2a: Meowscarada|Flower Trick|p1a: Corviknight
|-start|p2a: Meowscarada|typechange|Grass|[from] ability: Protean
|-resisted|p1a: Corviknight
|-crit|p1a: Corviknight
|-damage|p1a: Corviknight|58/100
|
|upkeep
|turn|58
|
|t:|1779703737
|switch|p2a: Alomomola|Alomomola, F|98/100 tox
|move|p1a: Corviknight|Roost|p1a: Corviknight
|-heal|p1a: Corviknight|100/100
|-singleturn|p1a: Corviknight|move: Roost
|
|-damage|p2a: Alomomola|91/100 tox|[from] psn
|upkeep
|turn|59
|
|t:|1779703743
|move|p1a: Corviknight|U-turn|p2a: Alomomola
|-damage|p2a: Alomomola|80/100 tox
|
|t:|1779703744
|switch|p1a: Ting-Lu|Ting-Lu|88/100 slp|[from] U-turn
|-ability|p1a: Ting-Lu|Vessel of Ruin
|move|p2a: Alomomola|Wish|p2a: Alomomola
|
|-heal|p1a: Ting-Lu|94/100 slp|[from] item: Leftovers
|-damage|p2a: Alomomola|67/100 tox|[from] psn
|upkeep
|turn|60
|
|t:|1779703750
|cant|p1a: Ting-Lu|slp
|move|p2a: Alomomola|Flip Turn|p1a: Ting-Lu
|-supereffective|p1a: Ting-Lu
|-damage|p1a: Ting-Lu|78/100 slp
|
|t:|1779703756
|switch|p2a: Incineroar|Incineroar, F|63/100|[from] Flip Turn
|-ability|p2a: Incineroar|Intimidate|boost
|-unboost|p1a: Ting-Lu|atk|1
|
|-heal|p2a: Incineroar|100/100|[from] move: Wish|[wisher] Alomomola
|-heal|p1a: Ting-Lu|84/100 slp|[from] item: Leftovers
|upkeep
|turn|61
|
|t:|1779703760
|switch|p2a: Alomomola|Alomomola, F|100/100 tox
|cant|p1a: Ting-Lu|slp
|move|p1a: Ting-Lu|Sleep Talk|p1a: Ting-Lu
|move|p1a: Ting-Lu|Rest||[from] move: Sleep Talk|[still]
|-fail|p1a: Ting-Lu
|
|-heal|p1a: Ting-Lu|90/100 slp|[from] item: Leftovers
|-damage|p2a: Alomomola|94/100 tox|[from] psn
|upkeep
|turn|62
|
|t:|1779703771
|-curestatus|p1a: Ting-Lu|slp|[msg]
|move|p1a: Ting-Lu|Earthquake|p2a: Alomomola
|-damage|p2a: Alomomola|75/100 tox
|move|p2a: Alomomola|Flip Turn|p1a: Ting-Lu
|-supereffective|p1a: Ting-Lu
|-damage|p1a: Ting-Lu|71/100
|
|t:|1779703775
|switch|p2a: Meowscarada|Meowscarada, M|100/100|[from] Flip Turn
|
|-heal|p1a: Ting-Lu|77/100|[from] item: Leftovers
|upkeep
|turn|63
|
|t:|1779703778
|switch|p1a: Corviknight|Corviknight, M|100/100
|-ability|p1a: Corviknight|Pressure
|move|p2a: Meowscarada|Flower Trick|p1a: Corviknight
|-start|p2a: Meowscarada|typechange|Grass|[from] ability: Protean
|-resisted|p1a: Corviknight
|-crit|p1a: Corviknight
|-damage|p1a: Corviknight|90/100
|
|upkeep
|turn|64
|
|t:|1779703783
|switch|p2a: Alomomola|Alomomola, F|100/100 tox
|move|p1a: Corviknight|U-turn|p2a: Alomomola
|-damage|p2a: Alomomola|89/100 tox
|
|t:|1779703784
|switch|p1a: Dondozo|Dondozo, M|21/100 brn|[from] U-turn
|
|-heal|p1a: Dondozo|27/100 brn|[from] item: Leftovers
|-damage|p2a: Alomomola|83/100 tox|[from] psn
|-damage|p1a: Dondozo|21/100 brn|[from] brn
|upkeep
|turn|65
|
|t:|1779703788
|move|p1a: Dondozo|Rest|p1a: Dondozo
|-status|p1a: Dondozo|slp|[from] move: Rest
|-heal|p1a: Dondozo|100/100 slp|[silent]
|move|p2a: Alomomola|Flip Turn|p1a: Dondozo
|-resisted|p1a: Dondozo
|-damage|p1a: Dondozo|97/100 slp
|
|t:|1779703791
|switch|p2a: Meowscarada|Meowscarada, M|100/100|[from] Flip Turn
|
|-heal|p1a: Dondozo|100/100 slp|[from] item: Leftovers
|upkeep
|turn|66
|
|t:|1779703798
|switch|p1a: Corviknight|Corviknight, M|90/100
|-ability|p1a: Corviknight|Pressure
|move|p2a: Meowscarada|Flower Trick|p1a: Corviknight
|-start|p2a: Meowscarada|typechange|Grass|[from] ability: Protean
|-resisted|p1a: Corviknight
|-crit|p1a: Corviknight
|-damage|p1a: Corviknight|79/100
|
|upkeep
|turn|67
|
|t:|1779703801
|switch|p2a: Alomomola|Alomomola, F|100/100 tox
|move|p1a: Corviknight|U-turn|p2a: Alomomola
|-damage|p2a: Alomomola|89/100 tox
|
|t:|1779703803
|switch|p1a: Kyurem|Kyurem, tera:Ground|26/100|[from] U-turn
|-ability|p1a: Kyurem|Pressure
|
|-damage|p2a: Alomomola|83/100 tox|[from] psn
|upkeep
|turn|68
|
|t:|1779703808
|move|p2a: Alomomola|Protect|p2a: Alomomola
|-singleturn|p2a: Alomomola|Protect
|move|p1a: Kyurem|Earth Power|p2a: Alomomola
|-activate|p2a: Alomomola|move: Protect
|
|-damage|p2a: Alomomola|71/100 tox|[from] psn
|upkeep
|turn|69
|
|t:|1779703816
|switch|p1a: Slowking|Slowking-Galar, F|71/100
|switch|p2a: Noctowl|Noctowl, F|100/100
|
|upkeep
|turn|70
|
|t:|1779703823
|switch|p2a: Alomomola|Alomomola, F|100/100 tox
|-prepare|p1a: Slowking|Chilly Reception|[premajor]
|move|p1a: Slowking|Chilly Reception|p1a: Slowking
|-weather|Snowscape
|
|t:|1779703829
|switch|p1a: Dondozo|Dondozo, M|100/100 slp|[from] Chilly Reception
|
|-weather|Snowscape|[upkeep]
|-damage|p2a: Alomomola|94/100 tox|[from] psn
|upkeep
|turn|71
|
|t:|1779703832
|cant|p1a: Dondozo|slp
|move|p2a: Alomomola|Flip Turn|p1a: Dondozo
|-resisted|p1a: Dondozo
|-damage|p1a: Dondozo|97/100 slp
|
|t:|1779703833
|switch|p2a: Meowscarada|Meowscarada, M|100/100|[from] Flip Turn
|
|-weather|Snowscape|[upkeep]
|-heal|p1a: Dondozo|100/100 slp|[from] item: Leftovers
|upkeep
|turn|72
|
|t:|1779703837
|switch|p2a: Incineroar|Incineroar, F|100/100
|-ability|p2a: Incineroar|Intimidate|boost
|-unboost|p1a: Dondozo|atk|1
|switch|p1a: Corviknight|Corviknight, M|79/100
|-ability|p1a: Corviknight|Pressure
|
|-weather|Snowscape|[upkeep]
|upkeep
|turn|73
|
|t:|1779703842
|move|p1a: Corviknight|U-turn|p2a: Incineroar
|-damage|p2a: Incineroar|90/100
|
|t:|1779703844
|switch|p1a: Dondozo|Dondozo, M|100/100 slp|[from] U-turn
|move|p2a: Incineroar|Will-O-Wisp||[still]
|-fail|p2a: Incineroar
|
|-weather|Snowscape|[upkeep]
|upkeep
|turn|74
|
|t:|1779703847
|move|p2a: Incineroar|Parting Shot|p1a: Dondozo
|-unboost|p1a: Dondozo|atk|1
|-unboost|p1a: Dondozo|spa|1
|
|t:|1779703850
|switch|p2a: Alomomola|Alomomola, F|100/100 tox|[from] Parting Shot
|cant|p1a: Dondozo|slp
|
|-weather|none
|-damage|p2a: Alomomola|94/100 tox|[from] psn
|upkeep
|turn|75
|
|t:|1779703859
|-curestatus|p1a: Dondozo|slp|[msg]
|move|p1a: Dondozo|Curse|p1a: Dondozo
|-unboost|p1a: Dondozo|spe|1
|-boost|p1a: Dondozo|atk|1
|-boost|p1a: Dondozo|def|1
|move|p2a: Alomomola|Flip Turn|p1a: Dondozo
|-resisted|p1a: Dondozo
|-damage|p1a: Dondozo|98/100
|
|t:|1779703863
|switch|p2a: Meowscarada|Meowscarada, M|100/100|[from] Flip Turn
|
|-heal|p1a: Dondozo|100/100|[from] item: Leftovers
|upkeep
|turn|76
|
|t:|1779703866
|move|p2a: Meowscarada|Flower Trick|p1a: Dondozo
|-start|p2a: Meowscarada|typechange|Grass|[from] ability: Protean
|-supereffective|p1a: Dondozo
|-crit|p1a: Dondozo
|-damage|p1a: Dondozo|36/100
|move|p1a: Dondozo|Body Press|p2a: Meowscarada
|-damage|p2a: Meowscarada|40/100
|
|-heal|p1a: Dondozo|42/100|[from] item: Leftovers
|upkeep
|turn|77
|
|t:|1779703875
|switch|p1a: Corviknight|Corviknight, M|79/100
|-ability|p1a: Corviknight|Pressure
|move|p2a: Meowscarada|Flower Trick|p1a: Corviknight
|-resisted|p1a: Corviknight
|-crit|p1a: Corviknight
|-damage|p1a: Corviknight|68/100
|
|upkeep
|turn|78
|
|t:|1779703885
|switch|p2a: Alomomola|Alomomola, F|100/100 tox
|move|p1a: Corviknight|U-turn|p2a: Alomomola
|-damage|p2a: Alomomola|89/100 tox
|
|t:|1779703890
|switch|p1a: Slowking|Slowking-Galar, F|100/100|[from] U-turn
|
|-damage|p2a: Alomomola|83/100 tox|[from] psn
|upkeep
|turn|79
|
|t:|1779703894
|move|p1a: Slowking|Future Sight|p2a: Alomomola
|-start|p1a: Slowking|move: Future Sight
|move|p2a: Alomomola|Wish|p2a: Alomomola
|
|-damage|p2a: Alomomola|71/100 tox|[from] psn
|upkeep
|turn|80
|
|t:|1779703903
|move|p1a: Slowking|Sludge Bomb|p2a: Alomomola
|-damage|p2a: Alomomola|48/100 tox
|move|p2a: Alomomola|Flip Turn|p1a: Slowking
|-damage|p1a: Slowking|85/100
|
|t:|1779703905
|switch|p2a: Meowscarada|Meowscarada, M|40/100|[from] Flip Turn
|
|-heal|p2a: Meowscarada|100/100|[from] move: Wish|[wisher] Alomomola
|upkeep
|turn|81
|
|t:|1779703914
|switch|p1a: Corviknight|Corviknight, M|68/100
|-ability|p1a: Corviknight|Pressure
|move|p2a: Meowscarada|U-turn|p1a: Corviknight
|-start|p2a: Meowscarada|typechange|Bug|[from] ability: Protean
|-resisted|p1a: Corviknight
|-damage|p1a: Corviknight|61/100
|-damage|p2a: Meowscarada|84/100|[from] item: Rocky Helmet|[of] p1a: Corviknight
|
|t:|1779703916
|switch|p2a: Incineroar|Incineroar, F|90/100|[from] U-turn
|-ability|p2a: Incineroar|Intimidate|boost
|-unboost|p1a: Corviknight|atk|1
|
|-end|p2a: Incineroar|move: Future Sight
|-immune|p2a: Incineroar
|upkeep
|turn|82
|
|t:|1779703921
|switch|p1a: Ting-Lu|Ting-Lu|77/100
|-ability|p1a: Ting-Lu|Vessel of Ruin
|move|p2a: Incineroar|Will-O-Wisp|p1a: Ting-Lu
|-status|p1a: Ting-Lu|brn
|
|-heal|p1a: Ting-Lu|83/100 brn|[from] item: Leftovers
|-damage|p1a: Ting-Lu|77/100 brn|[from] brn
|upkeep
|turn|83
|
|t:|1779703924
|move|p1a: Ting-Lu|Earthquake|p2a: Incineroar
|-supereffective|p2a: Incineroar
|-crit|p2a: Incineroar
|-damage|p2a: Incineroar|46/100
|move|p2a: Incineroar|Parting Shot|p1a: Ting-Lu
|-unboost|p1a: Ting-Lu|atk|1
|-unboost|p1a: Ting-Lu|spa|1
|
|t:|1779703926
|switch|p2a: Alomomola|Alomomola, F|82/100 tox|[from] Parting Shot
|
|-heal|p1a: Ting-Lu|83/100 brn|[from] item: Leftovers
|-damage|p2a: Alomomola|75/100 tox|[from] psn
|-damage|p1a: Ting-Lu|77/100 brn|[from] brn
|upkeep
|turn|84
|
|t:|1779703931
|switch|p1a: Slowking|Slowking-Galar, F|100/100
|move|p2a: Alomomola|Wish|p2a: Alomomola
|
|-damage|p2a: Alomomola|63/100 tox|[from] psn
|upkeep
|turn|85
|
|t:|1779703935
|move|p1a: Slowking|Sludge Bomb|p2a: Alomomola
|-damage|p2a: Alomomola|37/100 tox
|move|p2a: Alomomola|Flip Turn|p1a: Slowking
|-damage|p1a: Slowking|83/100
|
|t:|1779703941
|switch|p2a: Incineroar|Incineroar, F|46/100|[from] Flip Turn
|-ability|p2a: Incineroar|Intimidate|boost
|-unboost|p1a: Slowking|atk|1
|
|-heal|p2a: Incineroar|100/100|[from] move: Wish|[wisher] Alomomola
|upkeep
|turn|86
|
|t:|1779703947
|switch|p1a: Ting-Lu|Ting-Lu|77/100 brn
|-ability|p1a: Ting-Lu|Vessel of Ruin
|move|p2a: Incineroar|Parting Shot|p1a: Ting-Lu
|-unboost|p1a: Ting-Lu|atk|1
|-unboost|p1a: Ting-Lu|spa|1
|
|t:|1779703950
|switch|p2a: Meowscarada|Meowscarada, M|84/100|[from] Parting Shot
|
|-heal|p1a: Ting-Lu|83/100 brn|[from] item: Leftovers
|-damage|p1a: Ting-Lu|77/100 brn|[from] brn
|upkeep
|turn|87
|
|t:|1779703962
|switch|p1a: Corviknight|Corviknight, M|61/100
|-ability|p1a: Corviknight|Pressure
|move|p2a: Meowscarada|U-turn|p1a: Corviknight
|-start|p2a: Meowscarada|typechange|Bug|[from] ability: Protean
|-resisted|p1a: Corviknight
|-damage|p1a: Corviknight|54/100
|-damage|p2a: Meowscarada|67/100|[from] item: Rocky Helmet|[of] p1a: Corviknight
|
|t:|1779703965
|switch|p2a: Meowstic|Meowstic, M|69/100|[from] U-turn
|
|-heal|p2a: Meowstic|75/100|[from] item: Leftovers
|upkeep
|turn|88
|
|t:|1779703969
|move|p2a: Meowstic|Thunderbolt|p1a: Corviknight
|-supereffective|p1a: Corviknight
|-damage|p1a: Corviknight|7/100
|move|p1a: Corviknight|Roost|p1a: Corviknight
|-heal|p1a: Corviknight|57/100
|-singleturn|p1a: Corviknight|move: Roost
|
|-heal|p2a: Meowstic|82/100|[from] item: Leftovers
|upkeep
|turn|89
|
|t:|1779703975
|move|p2a: Meowstic|Thunderbolt|p1a: Corviknight
|-supereffective|p1a: Corviknight
|-damage|p1a: Corviknight|10/100
|-status|p1a: Corviknight|par
|cant|p1a: Corviknight|par
|
|-heal|p2a: Meowstic|88/100|[from] item: Leftovers
|upkeep
|turn|90
|
|t:|1779703979
|switch|p1a: Ting-Lu|Ting-Lu|77/100 brn
|-ability|p1a: Ting-Lu|Vessel of Ruin
|move|p2a: Meowstic|Thunderbolt|p1a: Ting-Lu
|-immune|p1a: Ting-Lu
|
|-heal|p2a: Meowstic|94/100|[from] item: Leftovers
|-heal|p1a: Ting-Lu|83/100 brn|[from] item: Leftovers
|-damage|p1a: Ting-Lu|77/100 brn|[from] brn
|upkeep
|turn|91
|
|t:|1779703988
|switch|p2a: Alomomola|Alomomola, F|70/100 tox
|move|p1a: Ting-Lu|Rest|p1a: Ting-Lu
|-status|p1a: Ting-Lu|slp|[from] move: Rest
|-heal|p1a: Ting-Lu|100/100 slp|[silent]
|
|-damage|p2a: Alomomola|64/100 tox|[from] psn
|upkeep
|turn|92
|
|t:|1779703991
|cant|p1a: Ting-Lu|slp
|move|p1a: Ting-Lu|Sleep Talk|p1a: Ting-Lu
|move|p1a: Ting-Lu|Earthquake|p2a: Alomomola|[from] move: Sleep Talk
|-damage|p2a: Alomomola|35/100 tox
|move|p2a: Alomomola|Flip Turn|p1a: Ting-Lu
|-supereffective|p1a: Ting-Lu
|-damage|p1a: Ting-Lu|84/100 slp
|
|t:|1779703993
|switch|p2a: Meowscarada|Meowscarada, M|67/100|[from] Flip Turn
|
|-heal|p1a: Ting-Lu|90/100 slp|[from] item: Leftovers
|upkeep
|turn|93
|
|t:|1779703998
|switch|p1a: Corviknight|Corviknight, M|10/100 par
|-ability|p1a: Corviknight|Pressure
|move|p2a: Meowscarada|Triple Axel|p1a: Corviknight
|-start|p2a: Meowscarada|typechange|Ice|[from] ability: Protean
|-damage|p1a: Corviknight|2/100 par
|-damage|p2a: Meowscarada|50/100|[from] item: Rocky Helmet|[of] p1a: Corviknight
|-damage|p1a: Corviknight|0 fnt
|-damage|p2a: Meowscarada|34/100|[from] item: Rocky Helmet|[of] p1a: Corviknight
|faint|p1a: Corviknight
|-hitcount|p1: Corviknight|2
|
|upkeep
|
|t:|1779704007
|switch|p1a: Cinderace|Cinderace, F|63/100
|turn|94
|
|t:|1779704013
|switch|p2a: Alomomola|Alomomola, F|68/100 tox
|move|p1a: Cinderace|Pyro Ball|p2a: Alomomola
|-resisted|p2a: Alomomola
|-damage|p2a: Alomomola|48/100 tox
|
|-damage|p2a: Alomomola|42/100 tox|[from] psn
|upkeep
|turn|95
|
|t:|1779704021
|move|p1a: Cinderace|U-turn|p2a: Alomomola
|-damage|p2a: Alomomola|28/100 tox
|
|t:|1779704022
|switch|p1a: Slowking|Slowking-Galar, F|100/100|[from] U-turn
|move|p2a: Alomomola|Wish|p2a: Alomomola
|
|-damage|p2a: Alomomola|16/100 tox|[from] psn
|upkeep
|turn|96
|
|t:|1779704030
|switch|p2a: Luxray|Luxray, F|100/100
|move|p1a: Slowking|Sludge Bomb|p2a: Luxray
|-damage|p2a: Luxray|57/100
|
|-heal|p2a: Luxray|100/100|[from] move: Wish|[wisher] Alomomola
|-status|p2a: Luxray|brn|[from] item: Flame Orb
|upkeep
|turn|97
|
|t:|1779704039
|move|p2a: Luxray|Trailblaze|p1a: Slowking
|-resisted|p1a: Slowking
|-damage|p1a: Slowking|88/100
|-boost|p2a: Luxray|spe|1
|move|p1a: Slowking|Future Sight|p2a: Luxray
|-start|p1a: Slowking|move: Future Sight
|
|-damage|p2a: Luxray|95/100 brn|[from] brn
|upkeep
|turn|98
|
|t:|1779704046
|move|p2a: Luxray|Crunch|p1a: Slowking
|-supereffective|p1a: Slowking
|-crit|p1a: Slowking
|-damage|p1a: Slowking|0 fnt
|faint|p1a: Slowking
|
|-damage|p2a: Luxray|89/100 brn|[from] brn
|upkeep
|c|☆acediawa|ggwp
|-message|acediawa forfeited.
|
|win|KING丶3266926956今余
|raw|acediawa's rating: 1327 &rarr; <strong>1304</strong><br />(-23 for losing)
|raw|KING丶3266926956今余's rating: 1274 &rarr; <strong>1303</strong><br />(+29 for winning)
|l|☆acediawa
|player|p1|
|l|☆KING丶3266926956今余
|player|p2|
|j|☆KING丶3266926956今余
|player|p2|KING丶3266926956今余|dawn|
