|j|☆Igneos901
|j|☆lobobomy
|t:|1779598453
|gametype|singles
|player|p1|Igneos901|2|1308
|player|p2|lobobomy|brock|1324
|gen|9
|tier|[Gen 9] OU
|rated|
|rule|HP Percentage Mod: HP is shown in percentages
|rule|Endless Battle Clause: Forcing endless battles is banned
|rule|Species Clause: Limit one of each Pokémon
|rule|OHKO Clause: OHKO moves are banned
|rule|Evasion Items Clause: Evasion items are banned
|rule|Evasion Moves Clause: Evasion moves are banned
|rule|Evasion Abilities Clause: Evasion abilities are banned
|rule|Sleep Moves Clause: Sleep-inducing moves are banned
|clearpoke
|poke|p1|Cinderace, F|
|poke|p1|Dragapult, F|
|poke|p1|Goodra, M|
|poke|p1|Whimsicott, M|
|poke|p1|Torkoal, F|
|poke|p1|Ursaluna, F|
|poke|p2|Gholdengo|
|poke|p2|Darkrai|
|poke|p2|Clefable, F|
|poke|p2|Ting-Lu|
|poke|p2|Dragonite, F|
|poke|p2|Pecharunt|
|teampreview
|inactive|Battle timer is ON: inactive players will automatically lose when time's up. (requested by lobobomy)
|
|t:|1779598460
|teamsize|p1|6
|teamsize|p2|6
|start
|switch|p1a: Cinderace|Cinderace, F|100/100
|switch|p2a: Ting-Lu|Ting-Lu|100/100
|-ability|p2a: Ting-Lu|Vessel of Ruin
|turn|1
|
|t:|1779598469
|switch|p1a: Ursaluna|Ursaluna, F|100/100
|move|p2a: Ting-Lu|Stealth Rock|p1a: Ursaluna
|-sidestart|p1: Igneos901|move: Stealth Rock
|
|-status|p1a: Ursaluna|brn|[from] item: Flame Orb
|upkeep
|turn|2
|
|t:|1779598480
|move|p1a: Ursaluna|Facade|p2a: Ting-Lu
|-damage|p2a: Ting-Lu|40/100
|-enditem|p2a: Ting-Lu|Red Card|[of] p1a: Ursaluna
|drag|p1a: Cinderace|Cinderace, F|100/100
|move|p2a: Ting-Lu|Ruination|p1a: Cinderace
|-damage|p1a: Cinderace|50/100
|
|upkeep
|turn|3
|
|t:|1779598490
|move|p1a: Cinderace|Court Change|p1a: Cinderace
|-start|p1a: Cinderace|typechange|Normal|[from] ability: Libero
|-swapsideconditions
|-activate|p1a: Cinderace|move: Court Change
|move|p2a: Ting-Lu|Spikes|p1a: Cinderace
|-sidestart|p1: Igneos901|Spikes
|
|upkeep
|turn|4
|
|t:|1779598497
|move|p1a: Cinderace|Pyro Ball|p2a: Ting-Lu
|-damage|p2a: Ting-Lu|23/100
|move|p2a: Ting-Lu|Stealth Rock|p1a: Cinderace
|-sidestart|p1: Igneos901|move: Stealth Rock
|
|upkeep
|turn|5
|
|t:|1779598504
|move|p1a: Cinderace|Pyro Ball|p2a: Ting-Lu
|-damage|p2a: Ting-Lu|4/100
|move|p2a: Ting-Lu|Whirlwind|p1a: Cinderace
|drag|p1a: Torkoal|Torkoal, F|100/100
|-damage|p1a: Torkoal|88/100|[from] Spikes
|-damage|p1a: Torkoal|63/100|[from] Stealth Rock
|-weather|SunnyDay|[from] ability: Drought|[of] p1a: Torkoal
|
|-weather|SunnyDay|[upkeep]
|upkeep
|turn|6
|
|t:|1779598515
|move|p2a: Ting-Lu|Ruination|p1a: Torkoal
|-damage|p1a: Torkoal|32/100
|move|p1a: Torkoal|Rapid Spin|p2a: Ting-Lu
|-damage|p2a: Ting-Lu|0 fnt
|-boost|p1a: Torkoal|spe|1
|-sideend|p1: Igneos901|Spikes|[from] move: Rapid Spin|[of] p1a: Torkoal
|-sideend|p1: Igneos901|Stealth Rock|[from] move: Rapid Spin|[of] p1a: Torkoal
|faint|p2a: Ting-Lu
|
|-weather|SunnyDay|[upkeep]
|upkeep
|
|t:|1779598522
|switch|p2a: Pecharunt|Pecharunt|100/100
|turn|7
|
|t:|1779598525
|move|p2a: Pecharunt|Malignant Chain|p1a: Torkoal
|-damage|p1a: Torkoal|0 fnt
|faint|p1a: Torkoal
|
|-weather|SunnyDay|[upkeep]
|upkeep
|
|t:|1779598529
|switch|p1a: Ursaluna|Ursaluna, F|100/100 brn
|turn|8
|
|t:|1779598538
|switch|p2a: Gholdengo|Gholdengo|100/100
|-damage|p2a: Gholdengo|94/100|[from] Stealth Rock
|move|p1a: Ursaluna|Crunch|p2a: Gholdengo
|-supereffective|p2a: Gholdengo
|-damage|p2a: Gholdengo|0 fnt
|faint|p2a: Gholdengo
|
|-weather|SunnyDay|[upkeep]
|-damage|p1a: Ursaluna|94/100 brn|[from] brn
|upkeep
|
|t:|1779598544
|switch|p2a: Darkrai|Darkrai|100/100
|turn|9
|
|t:|1779598552
|-terastallize|p2a: Darkrai|Ghost
|move|p2a: Darkrai|Ice Beam|p1a: Ursaluna
|-supereffective|p1a: Ursaluna
|-damage|p1a: Ursaluna|39/100 brn
|move|p1a: Ursaluna|Drain Punch|p2a: Darkrai
|-immune|p2a: Darkrai
|
|-weather|none
|-damage|p1a: Ursaluna|33/100 brn|[from] brn
|upkeep
|turn|10
|
|t:|1779598558
|move|p2a: Darkrai|Nasty Plot|p2a: Darkrai
|-boost|p2a: Darkrai|spa|2
|move|p1a: Ursaluna|Crunch|p2a: Darkrai
|-supereffective|p2a: Darkrai
|-damage|p2a: Darkrai|0 fnt
|faint|p2a: Darkrai
|
|-damage|p1a: Ursaluna|27/100 brn|[from] brn
|upkeep
|
|t:|1779598561
|switch|p2a: Dragonite|Dragonite, F|100/100
|turn|11
|
|t:|1779598563
|move|p2a: Dragonite|Dragon Dance|p2a: Dragonite
|-boost|p2a: Dragonite|atk|1
|-boost|p2a: Dragonite|spe|1
|move|p1a: Ursaluna|Facade|p2a: Dragonite
|-damage|p2a: Dragonite|35/100
|
|-damage|p1a: Ursaluna|21/100 brn|[from] brn
|upkeep
|turn|12
|
|t:|1779598567
|move|p2a: Dragonite|Extreme Speed|p1a: Ursaluna
|-damage|p1a: Ursaluna|0 fnt
|faint|p1a: Ursaluna
|
|upkeep
|
|t:|1779598571
|switch|p1a: Whimsicott|Whimsicott, M|100/100
|turn|13
|
|t:|1779598578
|switch|p2a: Pecharunt|Pecharunt|100/100
|move|p1a: Whimsicott|Encore||[still]
|-fail|p1a: Whimsicott
|
|upkeep
|turn|14
|
|t:|1779598588
|-terastallize|p1a: Whimsicott|Steel
|move|p1a: Whimsicott|Leech Seed|p2a: Pecharunt
|-start|p2a: Pecharunt|move: Leech Seed
|move|p2a: Pecharunt|Malignant Chain|p1a: Whimsicott
|-immune|p1a: Whimsicott
|
|-damage|p2a: Pecharunt|88/100|[from] Leech Seed|[of] p1a: Whimsicott
|upkeep
|turn|15
|
|t:|1779598597
|switch|p2a: Clefable|Clefable, F|100/100
|move|p1a: Whimsicott|Encore||[still]
|-fail|p1a: Whimsicott
|
|upkeep
|turn|16
|
|t:|1779598599
|move|p1a: Whimsicott|Leech Seed|p2a: Clefable
|-start|p2a: Clefable|move: Leech Seed
|move|p2a: Clefable|Calm Mind|p2a: Clefable
|-boost|p2a: Clefable|spa|1
|-boost|p2a: Clefable|spd|1
|
|upkeep
|turn|17
|
|t:|1779598608
|switch|p2a: Dragonite|Dragonite, F|35/100
|move|p1a: Whimsicott|Encore||[still]
|-fail|p1a: Whimsicott
|
|upkeep
|turn|18
|
|t:|1779598610
|move|p1a: Whimsicott|Moonblast|p2a: Dragonite
|-supereffective|p2a: Dragonite
|-damage|p2a: Dragonite|0 fnt
|faint|p2a: Dragonite
|
|upkeep
|
|t:|1779598612
|switch|p2a: Pecharunt|Pecharunt|88/100
|turn|19
|
|t:|1779598619
|move|p1a: Whimsicott|Leech Seed|p2a: Pecharunt|[miss]
|-miss|p1a: Whimsicott|p2a: Pecharunt
|move|p2a: Pecharunt|Parting Shot|p1a: Whimsicott
|-unboost|p1a: Whimsicott|atk|1
|-unboost|p1a: Whimsicott|spa|1
|
|t:|1779598623
|switch|p2a: Clefable|Clefable, F|100/100|[from] Parting Shot
|
|upkeep
|turn|20
|
|t:|1779598626
|move|p1a: Whimsicott|Moonblast|p2a: Clefable
|-damage|p2a: Clefable|83/100
|move|p2a: Clefable|Flamethrower|p1a: Whimsicott
|-supereffective|p1a: Whimsicott
|-damage|p1a: Whimsicott|30/100
|
|-heal|p1a: Whimsicott|36/100|[from] item: Leftovers
|upkeep
|turn|21
|
|t:|1779598647
|switch|p1a: Goodra|Goodra, M|100/100
|move|p2a: Clefable|Flamethrower|p1a: Goodra
|-resisted|p1a: Goodra
|-damage|p1a: Goodra|94/100
|
|upkeep
|turn|22
|
|t:|1779598651
|move|p2a: Clefable|Moonblast|p1a: Goodra
|-supereffective|p1a: Goodra
|-damage|p1a: Goodra|57/100
|move|p1a: Goodra|Sludge Bomb|p2a: Clefable
|-supereffective|p2a: Clefable
|-damage|p2a: Clefable|33/100
|-status|p2a: Clefable|psn
|
|upkeep
|turn|23
|
|t:|1779598658
|move|p2a: Clefable|Moonlight|p2a: Clefable
|-heal|p2a: Clefable|83/100 psn
|move|p1a: Goodra|Sludge Bomb|p2a: Clefable
|-supereffective|p2a: Clefable
|-damage|p2a: Clefable|39/100 psn
|
|upkeep
|turn|24
|
|t:|1779598665
|switch|p2a: Pecharunt|Pecharunt|88/100
|move|p1a: Goodra|Sludge Bomb|p2a: Pecharunt
|-resisted|p2a: Pecharunt
|-damage|p2a: Pecharunt|82/100
|
|upkeep
|turn|25
|
|t:|1779598675
|move|p2a: Pecharunt|Malignant Chain|p1a: Goodra
|-damage|p1a: Goodra|41/100
|move|p1a: Goodra|Hydro Pump|p2a: Pecharunt
|-damage|p2a: Pecharunt|48/100
|
|upkeep
|turn|26
|
|t:|1779598682
|move|p2a: Pecharunt|Recover|p2a: Pecharunt
|-heal|p2a: Pecharunt|98/100
|move|p1a: Goodra|Hydro Pump|p2a: Pecharunt
|-damage|p2a: Pecharunt|66/100
|
|upkeep
|turn|27
|
|t:|1779598686
|switch|p1a: Whimsicott|Whimsicott, M, tera:Steel|36/100
|move|p2a: Pecharunt|Parting Shot|p1a: Whimsicott
|-unboost|p1a: Whimsicott|atk|1
|-unboost|p1a: Whimsicott|spa|1
|
|t:|1779598691
|switch|p2a: Clefable|Clefable, F|39/100 psn|[from] Parting Shot
|
|-heal|p1a: Whimsicott|42/100|[from] item: Leftovers
|upkeep
|turn|28
|
|t:|1779598696
|move|p1a: Whimsicott|Moonblast|p2a: Clefable
|-damage|p2a: Clefable|21/100 psn
|-unboost|p2a: Clefable|spa|1
|move|p2a: Clefable|Moonlight|p2a: Clefable
|-heal|p2a: Clefable|71/100 psn
|
|-heal|p1a: Whimsicott|48/100|[from] item: Leftovers
|upkeep
|turn|29
|
|t:|1779598704
|move|p1a: Whimsicott|Encore|p2a: Clefable
|-start|p2a: Clefable|Encore
|move|p2a: Clefable|Moonlight|p2a: Clefable
|-heal|p2a: Clefable|100/100 psn
|
|-heal|p1a: Whimsicott|54/100|[from] item: Leftovers
|upkeep
|turn|30
|
|t:|1779598709
|switch|p1a: Cinderace|Cinderace, F|50/100
|switch|p2a: Pecharunt|Pecharunt|66/100
|
|upkeep
|turn|31
|
|t:|1779598717
|switch|p1a: Whimsicott|Whimsicott, M, tera:Steel|54/100
|move|p2a: Pecharunt|Malignant Chain|p1a: Whimsicott
|-immune|p1a: Whimsicott
|
|-heal|p1a: Whimsicott|60/100|[from] item: Leftovers
|upkeep
|turn|32
|l|☆lobobomy
|inactive|lobobomy disconnected and has a minute to reconnect!
|player|p2|
|j|☆lobobomy
|inactive|lobobomy reconnected and has 140 seconds left.
|player|p2|lobobomy|brock|
|
|t:|1779598735
|switch|p2a: Clefable|Clefable, F|100/100 psn
|move|p1a: Whimsicott|Moonblast|p2a: Clefable
|-damage|p2a: Clefable|74/100 psn
|
|-heal|p1a: Whimsicott|66/100|[from] item: Leftovers
|upkeep
|turn|33
|
|t:|1779598758
|switch|p2a: Pecharunt|Pecharunt|66/100
|move|p1a: Whimsicott|Moonblast|p2a: Pecharunt
|-resisted|p2a: Pecharunt
|-damage|p2a: Pecharunt|54/100
|
|-heal|p1a: Whimsicott|73/100|[from] item: Leftovers
|upkeep
|turn|34
|
|t:|1779598770
|switch|p1a: Goodra|Goodra, M|41/100
|move|p2a: Pecharunt|Hex|p1a: Goodra
|-damage|p1a: Goodra|31/100
|
|upkeep
|turn|35
|
|t:|1779598777
|move|p2a: Pecharunt|Recover|p2a: Pecharunt
|-heal|p2a: Pecharunt|100/100
|move|p1a: Goodra|Hydro Pump|p2a: Pecharunt
|-crit|p2a: Pecharunt
|-damage|p2a: Pecharunt|51/100
|
|upkeep
|turn|36
|
|t:|1779598785
|switch|p1a: Whimsicott|Whimsicott, M, tera:Steel|73/100
|move|p2a: Pecharunt|Recover|p2a: Pecharunt
|-heal|p2a: Pecharunt|100/100
|
|-heal|p1a: Whimsicott|79/100|[from] item: Leftovers
|upkeep
|turn|37
|
|t:|1779598790
|switch|p2a: Clefable|Clefable, F|74/100 psn
|move|p1a: Whimsicott|Encore||[still]
|-fail|p1a: Whimsicott
|
|-heal|p1a: Whimsicott|85/100|[from] item: Leftovers
|upkeep
|turn|38
|
|t:|1779598798
|move|p1a: Whimsicott|Moonblast|p2a: Clefable
|-damage|p2a: Clefable|48/100 psn
|move|p2a: Clefable|Flamethrower|p1a: Whimsicott
|-supereffective|p1a: Whimsicott
|-damage|p1a: Whimsicott|12/100
|
|-heal|p1a: Whimsicott|18/100|[from] item: Leftovers
|upkeep
|turn|39
|
|t:|1779598805
|switch|p1a: Goodra|Goodra, M|31/100
|move|p2a: Clefable|Moonblast|p1a: Goodra
|-supereffective|p1a: Goodra
|-damage|p1a: Goodra|0 fnt
|faint|p1a: Goodra
|
|upkeep
|
|t:|1779598810
|switch|p1a: Dragapult|Dragapult, F|100/100
|turn|40
|
|t:|1779598818
|move|p1a: Dragapult|Double-Edge|p2a: Clefable
|-damage|p2a: Clefable|0 fnt
|faint|p2a: Clefable
|-damage|p1a: Dragapult|81/100|[from] Recoil
|
|upkeep
|
|t:|1779598821
|switch|p2a: Pecharunt|Pecharunt|100/100
|turn|41
|
|t:|1779598828
|switch|p1a: Cinderace|Cinderace, F|50/100
|move|p2a: Pecharunt|Hex|p1a: Cinderace
|-damage|p1a: Cinderace|20/100
|
|upkeep
|turn|42
|
|t:|1779598837
|move|p1a: Cinderace|Gunk Shot|p2a: Pecharunt
|-start|p1a: Cinderace|typechange|Poison|[from] ability: Libero
|-resisted|p2a: Pecharunt
|-damage|p2a: Pecharunt|93/100
|move|p2a: Pecharunt|Malignant Chain|p1a: Cinderace
|-resisted|p1a: Cinderace
|-damage|p1a: Cinderace|0 fnt
|faint|p1a: Cinderace
|
|upkeep
|
|t:|1779598844
|switch|p1a: Whimsicott|Whimsicott, M, tera:Steel|18/100
|turn|43
|
|t:|1779598851
|move|p1a: Whimsicott|Encore|p2a: Pecharunt
|-start|p2a: Pecharunt|Encore
|move|p2a: Pecharunt|Malignant Chain|p1a: Whimsicott
|-immune|p1a: Whimsicott
|
|-heal|p1a: Whimsicott|24/100|[from] item: Leftovers
|upkeep
|turn|44
|
|t:|1779598854
|move|p1a: Whimsicott|Leech Seed|p2a: Pecharunt
|-start|p2a: Pecharunt|move: Leech Seed
|move|p2a: Pecharunt|Malignant Chain|p1a: Whimsicott
|-immune|p1a: Whimsicott
|
|-heal|p1a: Whimsicott|30/100|[from] item: Leftovers
|-damage|p2a: Pecharunt|80/100|[from] Leech Seed|[of] p1a: Whimsicott
|-heal|p1a: Whimsicott|48/100|[silent]
|upkeep
|turn|45
|-message|lobobomy forfeited.
|
|win|Igneos901
|raw|Igneos901's rating: 1308 &rarr; <strong>1329</strong><br />(+21 for winning)
|raw|lobobomy's rating: 1324 &rarr; <strong>1303</strong><br />(-21 for losing)
|l|☆lobobomy
|player|p2|
|l|☆Igneos901
|player|p1|
