|j|☆jsf130808
|j|☆tavve
|t:|1779629238
|gametype|singles
|player|p1|jsf130808|dahlia|1168
|player|p2|tavve|pokekid|1121
|gen|9
|tier|[Gen 9] OU
|rated|
|rule|HP Percentage Mod: HP is shown in percentages
|rule|Endless Battle Clause: Forcing endless battles is banned
|rule|Species Clause: Limit one of each Pokémon
|rule|OHKO Clause: OHKO moves are banned
|rule|Evasion Items Clause: Evasion items are banned
|rule|Evasion Moves Clause: Evasion moves are banned
|rule|Evasion Abilities Clause: Evasion abilities are banned
|rule|Sleep Moves Clause: Sleep-inducing moves are banned
|clearpoke
|poke|p1|Armarouge, F|
|poke|p1|Hoopa-Unbound|
|poke|p1|Scrafty, F|
|poke|p1|Rotom-Wash|
|poke|p1|Registeel|
|poke|p1|Iron Leaves|
|poke|p2|Weezing-Galar, M|
|poke|p2|Barraskewda, M|
|poke|p2|Zamazenta-*|
|poke|p2|Ogerpon-Wellspring, F|
|poke|p2|Ting-Lu|
|poke|p2|Hatterene, F|
|teampreview
|
|t:|1779629254
|teamsize|p1|6
|teamsize|p2|6
|start
|switch|p1a: Japan|Scrafty, F|100/100
|switch|p2a: Barraskewda|Barraskewda, M|100/100
|turn|1
|
|t:|1779629275
|move|p2a: Barraskewda|Flip Turn|p1a: Japan
|-damage|p1a: Japan|52/100
|
|t:|1779629290
|switch|p2a: Weezing|Weezing-Galar, M|100/100|[from] Flip Turn
|move|p1a: Japan|Bulk Up|p1a: Japan
|-boost|p1a: Japan|atk|1
|-boost|p1a: Japan|def|1
|
|-heal|p1a: Japan|58/100|[from] item: Leftovers
|upkeep
|turn|2
|
|t:|1779629313
|switch|p1a: Stockdale|Armarouge, F|100/100
|move|p2a: Weezing|Will-O-Wisp|p1a: Stockdale
|-immune|p1a: Stockdale
|
|upkeep
|turn|3
|
|t:|1779629330
|switch|p2a: Ting-Lu|Ting-Lu|100/100
|-ability|p2a: Ting-Lu|Vessel of Ruin
|move|p1a: Stockdale|Psyshock|p2a: Ting-Lu
|-immune|p2a: Ting-Lu
|
|upkeep
|turn|4
|
|t:|1779629340
|-terastallize|p1a: Stockdale|Grass
|move|p1a: Stockdale|Calm Mind|p1a: Stockdale
|-boost|p1a: Stockdale|spa|1
|-boost|p1a: Stockdale|spd|1
|move|p2a: Ting-Lu|Stealth Rock|p1a: Stockdale
|-sidestart|p1: jsf130808|move: Stealth Rock
|
|upkeep
|turn|5
|
|t:|1779629349
|move|p1a: Stockdale|Energy Ball|p2a: Ting-Lu
|-supereffective|p2a: Ting-Lu
|-damage|p2a: Ting-Lu|35/100
|move|p2a: Ting-Lu|Whirlwind|p1a: Stockdale
|drag|p1a: CitySlicker|Iron Leaves|100/100
|-damage|p1a: CitySlicker|88/100|[from] Stealth Rock
|-enditem|p1a: CitySlicker|Booster Energy
|-activate|p1a: CitySlicker|ability: Quark Drive|[fromitem]
|-start|p1a: CitySlicker|quarkdriveatk
|
|-heal|p2a: Ting-Lu|41/100|[from] item: Leftovers
|upkeep
|turn|6
|
|t:|1779629365
|switch|p2a: Weezing|Weezing-Galar, M|100/100
|move|p1a: CitySlicker|Leaf Blade|p2a: Weezing
|-resisted|p2a: Weezing
|-crit|p2a: Weezing
|-damage|p2a: Weezing|68/100
|
|-heal|p2a: Weezing|74/100|[from] item: Leftovers
|upkeep
|turn|7
|
|t:|1779629385
|move|p1a: CitySlicker|Psyblade|p2a: Weezing
|-supereffective|p2a: Weezing
|-damage|p2a: Weezing|7/100
|move|p2a: Weezing|Gunk Shot|p1a: CitySlicker|[miss]
|-miss|p2a: Weezing|p1a: CitySlicker
|
|-heal|p2a: Weezing|13/100|[from] item: Leftovers
|upkeep
|turn|8
|
|t:|1779629393
|move|p2a: Weezing|Protect|p2a: Weezing
|-singleturn|p2a: Weezing|Protect
|move|p1a: CitySlicker|Psyblade|p2a: Weezing
|-activate|p2a: Weezing|move: Protect
|
|-heal|p2a: Weezing|19/100|[from] item: Leftovers
|upkeep
|turn|9
|
|t:|1779629403
|switch|p2a: Ting-Lu|Ting-Lu|41/100
|-ability|p2a: Ting-Lu|Vessel of Ruin
|move|p1a: CitySlicker|Psyblade|p2a: Ting-Lu
|-immune|p2a: Ting-Lu
|
|-heal|p2a: Ting-Lu|47/100|[from] item: Leftovers
|upkeep
|turn|10
|
|t:|1779629415
|switch|p2a: Weezing|Weezing-Galar, M|19/100
|move|p1a: CitySlicker|Leaf Blade|p2a: Weezing
|-resisted|p2a: Weezing
|-damage|p2a: Weezing|0 fnt
|faint|p2a: Weezing
|
|upkeep
|
|t:|1779629473
|switch|p2a: Barraskewda|Barraskewda, M|100/100
|turn|11
|
|t:|1779629483
|move|p2a: Barraskewda|Thrash|p1a: CitySlicker
|-damage|p1a: CitySlicker|5/100
|move|p1a: CitySlicker|Swords Dance|p1a: CitySlicker
|-boost|p1a: CitySlicker|atk|2
|
|upkeep
|turn|12
|
|t:|1779629490
|move|p2a: Barraskewda|Thrash|p1a: CitySlicker|[from] lockedmove
|-damage|p1a: CitySlicker|0 fnt
|faint|p1a: CitySlicker
|-end|p1a: CitySlicker|Quark Drive|[silent]
|-start|p2a: Barraskewda|confusion|[fatigue]
|
|upkeep
|
|t:|1779629499
|switch|p1a: Stockdale|Armarouge, F, tera:Grass|100/100
|turn|13
|
|t:|1779629523
|-activate|p2a: Barraskewda|confusion
|move|p2a: Barraskewda|Thrash|p1a: Stockdale
|-damage|p1a: Stockdale|42/100
|-ability|p1a: Stockdale|Weak Armor|boost
|-unboost|p1a: Stockdale|def|1
|-boost|p1a: Stockdale|spe|2
|move|p1a: Stockdale|Calm Mind|p1a: Stockdale
|-boost|p1a: Stockdale|spa|1
|-boost|p1a: Stockdale|spd|1
|
|upkeep
|turn|14
|
|t:|1779629533
|move|p1a: Stockdale|Energy Ball|p2a: Barraskewda
|-supereffective|p2a: Barraskewda
|-damage|p2a: Barraskewda|0 fnt
|faint|p2a: Barraskewda
|
|upkeep
|
|t:|1779629538
|switch|p2a: Hatterene|Hatterene, F|100/100
|turn|15
|
|t:|1779629545
|move|p1a: Stockdale|Energy Ball|p2a: Hatterene
|-damage|p2a: Hatterene|54/100
|move|p2a: Hatterene|Mystical Fire|p1a: Stockdale
|-supereffective|p1a: Stockdale
|-damage|p1a: Stockdale|3/100
|-unboost|p1a: Stockdale|spa|1
|
|upkeep
|turn|16
|
|t:|1779629559
|move|p1a: Stockdale|Energy Ball|p2a: Hatterene
|-damage|p2a: Hatterene|22/100
|move|p2a: Hatterene|Nuzzle|p1a: Stockdale
|-resisted|p1a: Stockdale
|-damage|p1a: Stockdale|1/100
|-status|p1a: Stockdale|par
|-ability|p1a: Stockdale|Weak Armor|boost
|-unboost|p1a: Stockdale|def|1
|-boost|p1a: Stockdale|spe|2
|
|upkeep
|turn|17
|
|t:|1779629576
|move|p1a: Stockdale|Energy Ball|p2a: Hatterene
|-damage|p2a: Hatterene|0 fnt
|faint|p2a: Hatterene
|
|upkeep
|
|t:|1779629590
|switch|p2a: Ogerpon|Ogerpon-Wellspring, F|100/100
|turn|18
|
|t:|1779629596
|move|p2a: Ogerpon|Swords Dance|p2a: Ogerpon
|-boost|p2a: Ogerpon|atk|2
|move|p1a: Stockdale|Energy Ball|p2a: Ogerpon
|-damage|p2a: Ogerpon|42/100
|
|upkeep
|turn|19
|
|t:|1779629626
|-terastallize|p2a: Ogerpon|Water
|detailschange|p2a: Ogerpon|Ogerpon-Wellspring-Tera, F, tera:Water
|-ability|p2a: Ogerpon|Embody Aspect (Wellspring)|boost
|-boost|p2a: Ogerpon|spd|1
|move|p2a: Ogerpon|Ivy Cudgel|p1a: Stockdale|[anim] Ivy Cudgel Water
|-resisted|p1a: Stockdale
|-crit|p1a: Stockdale
|-damage|p1a: Stockdale|0 fnt
|faint|p1a: Stockdale
|
|upkeep
|
|t:|1779629637
|switch|p1a: Otto|Rotom-Wash|100/100
|-damage|p1a: Otto|88/100|[from] Stealth Rock
|turn|20
|
|t:|1779629656
|move|p2a: Ogerpon|Trailblaze|p1a: Otto
|-supereffective|p1a: Otto
|-damage|p1a: Otto|0 fnt
|-boost|p2a: Ogerpon|spe|1
|faint|p1a: Otto
|
|upkeep
|
|t:|1779629665
|switch|p1a: Weirdman|Registeel|100/100
|-damage|p1a: Weirdman|94/100|[from] Stealth Rock
|turn|21
|
|t:|1779629701
|move|p2a: Ogerpon|Ivy Cudgel|p1a: Weirdman|[anim] Ivy Cudgel Water
|-damage|p1a: Weirdman|0 fnt
|faint|p1a: Weirdman
|
|upkeep
|
|t:|1779629707
|switch|p1a: Dup|Hoopa-Unbound|100/100
|-damage|p1a: Dup|88/100|[from] Stealth Rock
|turn|22
|
|t:|1779629713
|move|p2a: Ogerpon|Ivy Cudgel|p1a: Dup|[anim] Ivy Cudgel Water
|-damage|p1a: Dup|0 fnt
|faint|p1a: Dup
|
|upkeep
|
|t:|1779629718
|switch|p1a: Japan|Scrafty, F|58/100
|-damage|p1a: Japan|52/100|[from] Stealth Rock
|turn|23
|
|t:|1779629722
|move|p2a: Ogerpon|Ivy Cudgel|p1a: Japan|[anim] Ivy Cudgel Water
|-damage|p1a: Japan|0 fnt
|faint|p1a: Japan
|
|win|tavve
|raw|jsf130808's rating: 1168 &rarr; <strong>1140</strong><br />(-28 for losing)
|raw|tavve's rating: 1121 &rarr; <strong>1149</strong><br />(+28 for winning)
|c|☆jsf130808|gg
|l|☆tavve
|player|p2|
|l|☆jsf130808
|player|p1|
