|j|☆swaVyy
|j|☆ML L IUJH
|t:|1779653169
|gametype|singles
|player|p1|swaVyy|infielder|1123
|player|p2|ML L IUJH|266|1137
|gen|9
|tier|[Gen 9] OU
|rated|
|rule|HP Percentage Mod: HP is shown in percentages
|rule|Endless Battle Clause: Forcing endless battles is banned
|rule|Species Clause: Limit one of each Pokémon
|rule|OHKO Clause: OHKO moves are banned
|rule|Evasion Items Clause: Evasion items are banned
|rule|Evasion Moves Clause: Evasion moves are banned
|rule|Evasion Abilities Clause: Evasion abilities are banned
|rule|Sleep Moves Clause: Sleep-inducing moves are banned
|clearpoke
|poke|p1|Garganacl, M|
|poke|p1|Klefki, F|
|poke|p1|Dragonite, F|
|poke|p1|Deoxys-Speed|
|poke|p1|Glimmora, F|
|poke|p1|Araquanid, M|
|poke|p2|Okidogi, M|
|poke|p2|Zamazenta-*|
|poke|p2|Decidueye, M|
|poke|p2|Mamoswine, M|
|poke|p2|Cinderace, M|
|poke|p2|Tornadus-Therian, M|
|teampreview
|inactive|Battle timer is ON: inactive players will automatically lose when time's up. (requested by swaVyy)
|
|t:|1779653189
|teamsize|p1|6
|teamsize|p2|6
|start
|switch|p1a: Klefki|Klefki, F|100/100
|switch|p2a: Mamoswine|Mamoswine, M|100/100
|turn|1
|
|t:|1779653198
|move|p2a: Mamoswine|Earthquake|p1a: Klefki
|-supereffective|p1a: Klefki
|-enditem|p1a: Klefki|Focus Sash
|-damage|p1a: Klefki|1/100
|move|p1a: Klefki|Steel Beam|p2a: Mamoswine
|-supereffective|p2a: Mamoswine
|-enditem|p2a: Mamoswine|Focus Sash
|-damage|p2a: Mamoswine|1/100
|-damage|p1a: Klefki|0 fnt|[from] steelbeam
|faint|p1a: Klefki
|
|upkeep
|
|t:|1779653216
|switch|p1a: Dragonite|Dragonite, F|100/100
|turn|2
|
|t:|1779653227
|move|p1a: Dragonite|Extreme Speed|p2a: Mamoswine
|-damage|p2a: Mamoswine|0 fnt
|faint|p2a: Mamoswine
|
|upkeep
|
|t:|1779653236
|switch|p2a: Okidogi|Okidogi, M|100/100
|turn|3
|
|t:|1779653243
|switch|p1a: Glimmora|Glimmora, F|100/100
|move|p2a: Okidogi|Poison Jab|p1a: Glimmora
|-resisted|p1a: Glimmora
|-damage|p1a: Glimmora|87/100
|-activate|p1a: Glimmora|ability: Toxic Debris
|-sidestart|p2: ML L IUJH|move: Toxic Spikes
|
|upkeep
|turn|4
|
|t:|1779653253
|move|p1a: Glimmora|Stealth Rock|p2a: Okidogi
|-sidestart|p2: ML L IUJH|move: Stealth Rock
|move|p2a: Okidogi|Bulk Up|p2a: Okidogi
|-boost|p2a: Okidogi|atk|1
|-boost|p2a: Okidogi|def|1
|
|upkeep
|turn|5
|
|t:|1779653259
|move|p1a: Glimmora|Power Gem|p2a: Okidogi
|-resisted|p2a: Okidogi
|-damage|p2a: Okidogi|75/100
|move|p2a: Okidogi|Drain Punch|p1a: Glimmora
|-damage|p1a: Glimmora|9/100
|-heal|p2a: Okidogi|100/100|[from] drain|[of] p1a: Glimmora
|-activate|p1a: Glimmora|ability: Toxic Debris
|-sidestart|p2: ML L IUJH|move: Toxic Spikes
|
|upkeep
|turn|6
|
|t:|1779653268
|move|p1a: Glimmora|Earth Power|p2a: Okidogi
|-supereffective|p2a: Okidogi
|-damage|p2a: Okidogi|29/100
|move|p2a: Okidogi|Drain Punch|p1a: Glimmora
|-damage|p1a: Glimmora|0 fnt
|-heal|p2a: Okidogi|33/100|[from] drain|[of] p1a: Glimmora
|faint|p1a: Glimmora
|
|-heal|p2a: Okidogi|39/100|[from] item: Black Sludge
|upkeep
|
|t:|1779653274
|switch|p1a: Dragonite|Dragonite, F|100/100
|turn|7
|
|t:|1779653280
|-terastallize|p1a: Dragonite|Normal
|move|p1a: Dragonite|Extreme Speed|p2a: Okidogi
|-damage|p2a: Okidogi|13/100
|move|p2a: Okidogi|Poison Jab|p1a: Dragonite
|-damage|p1a: Dragonite|63/100
|
|-heal|p2a: Okidogi|19/100|[from] item: Black Sludge
|upkeep
|turn|8
|
|t:|1779653289
|move|p1a: Dragonite|Extreme Speed|p2a: Okidogi
|-damage|p2a: Okidogi|0 fnt
|faint|p2a: Okidogi
|
|upkeep
|
|t:|1779653295
|switch|p2a: Cinderace|Cinderace, M|100/100
|turn|9
|
|t:|1779653302
|switch|p1a: Araquanid|Araquanid, M|100/100
|move|p2a: Cinderace|Court Change|p2a: Cinderace
|-swapsideconditions
|-activate|p2a: Cinderace|move: Court Change
|
|upkeep
|turn|10
|
|t:|1779653321
|switch|p2a: Decidueye-Alola|Decidueye, M|100/100
|move|p1a: Araquanid|Sticky Web|p2a: Decidueye-Alola
|-sidestart|p2: ML L IUJH|move: Sticky Web
|
|upkeep
|turn|11
|
|t:|1779653333
|move|p2a: Decidueye-Alola|Spirit Shackle|p1a: Araquanid
|-damage|p1a: Araquanid|71/100
|-activate|p1a: Araquanid|trapped
|move|p1a: Araquanid|Reflect|p1a: Araquanid
|-sidestart|p1: swaVyy|Reflect
|
|-heal|p1a: Araquanid|77/100|[from] item: Leftovers
|upkeep
|turn|12
|
|t:|1779653340
|-terastallize|p2a: Decidueye-Alola|Fighting
|move|p2a: Decidueye-Alola|Curse|p2a: Decidueye-Alola
|-unboost|p2a: Decidueye-Alola|spe|1
|-boost|p2a: Decidueye-Alola|atk|1
|-boost|p2a: Decidueye-Alola|def|1
|move|p1a: Araquanid|Lunge|p2a: Decidueye-Alola
|-resisted|p2a: Decidueye-Alola
|-damage|p2a: Decidueye-Alola|93/100
|-unboost|p2a: Decidueye-Alola|atk|1
|
|-heal|p1a: Araquanid|84/100|[from] item: Leftovers
|-heal|p2a: Decidueye-Alola|99/100|[from] item: Leftovers
|upkeep
|turn|13
|
|t:|1779653351
|move|p1a: Araquanid|Liquidation|p2a: Decidueye-Alola
|-damage|p2a: Decidueye-Alola|61/100
|move|p2a: Decidueye-Alola|Curse|p2a: Decidueye-Alola
|-unboost|p2a: Decidueye-Alola|spe|1
|-boost|p2a: Decidueye-Alola|atk|1
|-boost|p2a: Decidueye-Alola|def|1
|
|-heal|p1a: Araquanid|90/100|[from] item: Leftovers
|-heal|p2a: Decidueye-Alola|67/100|[from] item: Leftovers
|upkeep
|turn|14
|
|t:|1779653360
|move|p1a: Araquanid|Lunge|p2a: Decidueye-Alola
|-resisted|p2a: Decidueye-Alola
|-damage|p2a: Decidueye-Alola|61/100
|-unboost|p2a: Decidueye-Alola|atk|1
|move|p2a: Decidueye-Alola|Curse|p2a: Decidueye-Alola
|-unboost|p2a: Decidueye-Alola|spe|1
|-boost|p2a: Decidueye-Alola|atk|1
|-boost|p2a: Decidueye-Alola|def|1
|
|-heal|p1a: Araquanid|96/100|[from] item: Leftovers
|-heal|p2a: Decidueye-Alola|67/100|[from] item: Leftovers
|upkeep
|turn|15
|inactive|ML L IUJH has 120 seconds left.
|
|t:|1779653394
|move|p1a: Araquanid|Lunge|p2a: Decidueye-Alola
|-resisted|p2a: Decidueye-Alola
|-damage|p2a: Decidueye-Alola|63/100
|-unboost|p2a: Decidueye-Alola|atk|1
|move|p2a: Decidueye-Alola|Curse|p2a: Decidueye-Alola
|-unboost|p2a: Decidueye-Alola|spe|1
|-boost|p2a: Decidueye-Alola|atk|1
|-boost|p2a: Decidueye-Alola|def|1
|
|-heal|p1a: Araquanid|100/100|[from] item: Leftovers
|-heal|p2a: Decidueye-Alola|69/100|[from] item: Leftovers
|-sideend|p1: swaVyy|Reflect
|upkeep
|turn|16
|inactive|ML L IUJH has 120 seconds left.
|
|t:|1779653407
|move|p1a: Araquanid|Lunge|p2a: Decidueye-Alola
|-resisted|p2a: Decidueye-Alola
|-damage|p2a: Decidueye-Alola|64/100
|-unboost|p2a: Decidueye-Alola|atk|1
|move|p2a: Decidueye-Alola|Trailblaze|p1a: Araquanid
|-damage|p1a: Araquanid|81/100
|-boost|p2a: Decidueye-Alola|spe|1
|
|-heal|p1a: Araquanid|87/100|[from] item: Leftovers
|-heal|p2a: Decidueye-Alola|70/100|[from] item: Leftovers
|upkeep
|turn|17
|inactive|ML L IUJH has 120 seconds left.
|
|t:|1779653418
|move|p1a: Araquanid|Lunge|p2a: Decidueye-Alola
|-resisted|p2a: Decidueye-Alola
|-damage|p2a: Decidueye-Alola|66/100
|-unboost|p2a: Decidueye-Alola|atk|1
|move|p2a: Decidueye-Alola|Trailblaze|p1a: Araquanid
|-damage|p1a: Araquanid|73/100
|-boost|p2a: Decidueye-Alola|spe|1
|
|-heal|p1a: Araquanid|80/100|[from] item: Leftovers
|-heal|p2a: Decidueye-Alola|72/100|[from] item: Leftovers
|upkeep
|turn|18
|inactive|ML L IUJH has 120 seconds left.
|
|t:|1779653434
|move|p1a: Araquanid|Reflect|p1a: Araquanid
|-sidestart|p1: swaVyy|Reflect
|move|p2a: Decidueye-Alola|Trailblaze|p1a: Araquanid
|-damage|p1a: Araquanid|73/100
|-boost|p2a: Decidueye-Alola|spe|1
|
|-heal|p1a: Araquanid|80/100|[from] item: Leftovers
|-heal|p2a: Decidueye-Alola|78/100|[from] item: Leftovers
|upkeep
|turn|19
|inactive|ML L IUJH has 120 seconds left.
|
|t:|1779653447
|move|p1a: Araquanid|Lunge|p2a: Decidueye-Alola
|-resisted|p2a: Decidueye-Alola
|-damage|p2a: Decidueye-Alola|74/100
|-unboost|p2a: Decidueye-Alola|atk|1
|move|p2a: Decidueye-Alola|Trailblaze|p1a: Araquanid
|-damage|p1a: Araquanid|75/100
|-boost|p2a: Decidueye-Alola|spe|1
|
|-heal|p2a: Decidueye-Alola|80/100|[from] item: Leftovers
|-heal|p1a: Araquanid|81/100|[from] item: Leftovers
|upkeep
|turn|20
|inactive|ML L IUJH has 120 seconds left.
|
|t:|1779653458
|move|p2a: Decidueye-Alola|Trailblaze|p1a: Araquanid
|-damage|p1a: Araquanid|76/100
|-boost|p2a: Decidueye-Alola|spe|1
|move|p1a: Araquanid|Lunge|p2a: Decidueye-Alola
|-resisted|p2a: Decidueye-Alola
|-damage|p2a: Decidueye-Alola|75/100
|-unboost|p2a: Decidueye-Alola|atk|1
|
|-heal|p2a: Decidueye-Alola|81/100|[from] item: Leftovers
|-heal|p1a: Araquanid|82/100|[from] item: Leftovers
|upkeep
|turn|21
|inactive|ML L IUJH has 120 seconds left.
|
|t:|1779653470
|move|p2a: Decidueye-Alola|Trailblaze|p1a: Araquanid
|-damage|p1a: Araquanid|78/100
|-boost|p2a: Decidueye-Alola|spe|1
|move|p1a: Araquanid|Lunge|p2a: Decidueye-Alola
|-resisted|p2a: Decidueye-Alola
|-damage|p2a: Decidueye-Alola|77/100
|-unboost|p2a: Decidueye-Alola|atk|1
|
|-heal|p2a: Decidueye-Alola|83/100|[from] item: Leftovers
|-heal|p1a: Araquanid|84/100|[from] item: Leftovers
|upkeep
|turn|22
|inactive|ML L IUJH has 120 seconds left.
|
|t:|1779653481
|move|p2a: Decidueye-Alola|Trailblaze|p1a: Araquanid
|-damage|p1a: Araquanid|81/100
|-boost|p2a: Decidueye-Alola|spe|1
|move|p1a: Araquanid|Lunge|p2a: Decidueye-Alola
|-resisted|p2a: Decidueye-Alola
|-damage|p2a: Decidueye-Alola|79/100
|-unboost|p2a: Decidueye-Alola|atk|1
|
|-heal|p2a: Decidueye-Alola|85/100|[from] item: Leftovers
|-heal|p1a: Araquanid|87/100|[from] item: Leftovers
|-sideend|p1: swaVyy|Reflect
|upkeep
|turn|23
|inactive|ML L IUJH has 120 seconds left.
|
|t:|1779653498
|move|p2a: Decidueye-Alola|Trailblaze|p1a: Araquanid
|-damage|p1a: Araquanid|82/100
|-boost|p2a: Decidueye-Alola|spe|1
|move|p1a: Araquanid|Reflect|p1a: Araquanid
|-sidestart|p1: swaVyy|Reflect
|
|-heal|p2a: Decidueye-Alola|91/100|[from] item: Leftovers
|-heal|p1a: Araquanid|88/100|[from] item: Leftovers
|upkeep
|turn|24
|inactive|ML L IUJH has 120 seconds left.
|
|t:|1779653510
|move|p2a: Decidueye-Alola|Trailblaze|p1a: Araquanid
|-damage|p1a: Araquanid|85/100
|-boost|p2a: Decidueye-Alola|spe|1
|move|p1a: Araquanid|Liquidation|p2a: Decidueye-Alola
|-crit|p2a: Decidueye-Alola
|-damage|p2a: Decidueye-Alola|10/100
|
|-heal|p2a: Decidueye-Alola|16/100|[from] item: Leftovers
|-heal|p1a: Araquanid|91/100|[from] item: Leftovers
|upkeep
|turn|25
|inactive|ML L IUJH has 120 seconds left.
|
|t:|1779653520
|move|p2a: Decidueye-Alola|Roost|p2a: Decidueye-Alola
|-heal|p2a: Decidueye-Alola|66/100
|move|p1a: Araquanid|Liquidation|p2a: Decidueye-Alola
|-damage|p2a: Decidueye-Alola|47/100
|
|-heal|p2a: Decidueye-Alola|53/100|[from] item: Leftovers
|-heal|p1a: Araquanid|98/100|[from] item: Leftovers
|upkeep
|turn|26
|inactive|ML L IUJH has 120 seconds left.
|
|t:|1779653532
|move|p2a: Decidueye-Alola|Curse|p2a: Decidueye-Alola
|-unboost|p2a: Decidueye-Alola|spe|1
|-boost|p2a: Decidueye-Alola|atk|1
|-boost|p2a: Decidueye-Alola|def|1
|move|p1a: Araquanid|Liquidation|p2a: Decidueye-Alola
|-damage|p2a: Decidueye-Alola|38/100
|-unboost|p2a: Decidueye-Alola|def|1
|
|-heal|p2a: Decidueye-Alola|44/100|[from] item: Leftovers
|-heal|p1a: Araquanid|100/100|[from] item: Leftovers
|upkeep
|turn|27
|inactive|ML L IUJH has 120 seconds left.
|
|t:|1779653544
|move|p2a: Decidueye-Alola|Roost|p2a: Decidueye-Alola
|-heal|p2a: Decidueye-Alola|94/100
|move|p1a: Araquanid|Liquidation|p2a: Decidueye-Alola
|-damage|p2a: Decidueye-Alola|75/100
|
|-heal|p2a: Decidueye-Alola|81/100|[from] item: Leftovers
|-sideend|p1: swaVyy|Reflect
|upkeep
|turn|28
|inactive|ML L IUJH has 120 seconds left.
|
|t:|1779653555
|move|p2a: Decidueye-Alola|Curse|p2a: Decidueye-Alola
|-unboost|p2a: Decidueye-Alola|spe|1
|-boost|p2a: Decidueye-Alola|atk|1
|-boost|p2a: Decidueye-Alola|def|1
|move|p1a: Araquanid|Reflect|p1a: Araquanid
|-sidestart|p1: swaVyy|Reflect
|
|-heal|p2a: Decidueye-Alola|87/100|[from] item: Leftovers
|upkeep
|turn|29
|inactive|ML L IUJH has 120 seconds left.
|
|t:|1779653568
|move|p2a: Decidueye-Alola|Trailblaze|p1a: Araquanid
|-damage|p1a: Araquanid|97/100
|-boost|p2a: Decidueye-Alola|spe|1
|move|p1a: Araquanid|Liquidation|p2a: Decidueye-Alola
|-damage|p2a: Decidueye-Alola|73/100
|
|-heal|p2a: Decidueye-Alola|79/100|[from] item: Leftovers
|-heal|p1a: Araquanid|100/100|[from] item: Leftovers
|upkeep
|turn|30
|
|t:|1779653576
|move|p2a: Decidueye-Alola|Trailblaze|p1a: Araquanid
|-damage|p1a: Araquanid|97/100
|-boost|p2a: Decidueye-Alola|spe|1
|move|p1a: Araquanid|Liquidation|p2a: Decidueye-Alola
|-damage|p2a: Decidueye-Alola|64/100
|-unboost|p2a: Decidueye-Alola|def|1
|
|-heal|p2a: Decidueye-Alola|70/100|[from] item: Leftovers
|-heal|p1a: Araquanid|100/100|[from] item: Leftovers
|upkeep
|turn|31
|
|t:|1779653587
|move|p2a: Decidueye-Alola|Curse|p2a: Decidueye-Alola
|-unboost|p2a: Decidueye-Alola|spe|1
|-boost|p2a: Decidueye-Alola|atk|1
|-boost|p2a: Decidueye-Alola|def|1
|move|p1a: Araquanid|Liquidation|p2a: Decidueye-Alola
|-damage|p2a: Decidueye-Alola|56/100
|
|-heal|p2a: Decidueye-Alola|62/100|[from] item: Leftovers
|upkeep
|turn|32
|
|t:|1779653595
|move|p2a: Decidueye-Alola|Curse|p2a: Decidueye-Alola
|-unboost|p2a: Decidueye-Alola|spe|1
|-boost|p2a: Decidueye-Alola|atk|1
|-boost|p2a: Decidueye-Alola|def|1
|move|p1a: Araquanid|Liquidation|p2a: Decidueye-Alola
|-damage|p2a: Decidueye-Alola|48/100
|
|-heal|p2a: Decidueye-Alola|54/100|[from] item: Leftovers
|-sideend|p1: swaVyy|Reflect
|upkeep
|turn|33
|
|t:|1779653605
|move|p2a: Decidueye-Alola|Spirit Shackle|p1a: Araquanid
|-damage|p1a: Araquanid|77/100
|move|p1a: Araquanid|Reflect|p1a: Araquanid
|-sidestart|p1: swaVyy|Reflect
|
|-heal|p2a: Decidueye-Alola|60/100|[from] item: Leftovers
|-heal|p1a: Araquanid|84/100|[from] item: Leftovers
|upkeep
|turn|34
|
|t:|1779653621
|move|p2a: Decidueye-Alola|Spirit Shackle|p1a: Araquanid
|-damage|p1a: Araquanid|74/100
|move|p1a: Araquanid|Lunge|p2a: Decidueye-Alola
|-resisted|p2a: Decidueye-Alola
|-damage|p2a: Decidueye-Alola|57/100
|-unboost|p2a: Decidueye-Alola|atk|1
|
|-heal|p2a: Decidueye-Alola|63/100|[from] item: Leftovers
|-heal|p1a: Araquanid|80/100|[from] item: Leftovers
|upkeep
|turn|35
|
|t:|1779653631
|move|p2a: Decidueye-Alola|Spirit Shackle|p1a: Araquanid
|-damage|p1a: Araquanid|72/100
|move|p1a: Araquanid|Liquidation|p2a: Decidueye-Alola
|-damage|p2a: Decidueye-Alola|50/100
|
|-heal|p2a: Decidueye-Alola|57/100|[from] item: Leftovers
|-heal|p1a: Araquanid|78/100|[from] item: Leftovers
|upkeep
|turn|36
|
|t:|1779653649
|move|p2a: Decidueye-Alola|Trailblaze|p1a: Araquanid
|-damage|p1a: Araquanid|72/100
|-boost|p2a: Decidueye-Alola|spe|1
|move|p1a: Araquanid|Liquidation|p2a: Decidueye-Alola
|-damage|p2a: Decidueye-Alola|42/100
|
|-heal|p2a: Decidueye-Alola|48/100|[from] item: Leftovers
|-heal|p1a: Araquanid|78/100|[from] item: Leftovers
|upkeep
|turn|37
|
|t:|1779653659
|move|p2a: Decidueye-Alola|Trailblaze|p1a: Araquanid
|-damage|p1a: Araquanid|73/100
|-boost|p2a: Decidueye-Alola|spe|1
|move|p1a: Araquanid|Liquidation|p2a: Decidueye-Alola
|-damage|p2a: Decidueye-Alola|36/100
|
|-heal|p2a: Decidueye-Alola|42/100|[from] item: Leftovers
|-heal|p1a: Araquanid|80/100|[from] item: Leftovers
|-sideend|p1: swaVyy|Reflect
|upkeep
|turn|38
|inactive|ML L IUJH has 120 seconds left.
|
|t:|1779653674
|move|p2a: Decidueye-Alola|Trailblaze|p1a: Araquanid
|-damage|p1a: Araquanid|70/100
|-boost|p2a: Decidueye-Alola|spe|1
|move|p1a: Araquanid|Reflect|p1a: Araquanid
|-sidestart|p1: swaVyy|Reflect
|
|-heal|p2a: Decidueye-Alola|48/100|[from] item: Leftovers
|-heal|p1a: Araquanid|76/100|[from] item: Leftovers
|upkeep
|turn|39
|
|t:|1779653683
|move|p2a: Decidueye-Alola|Trailblaze|p1a: Araquanid
|-damage|p1a: Araquanid|71/100
|move|p1a: Araquanid|Lunge|p2a: Decidueye-Alola
|-resisted|p2a: Decidueye-Alola
|-damage|p2a: Decidueye-Alola|45/100
|-unboost|p2a: Decidueye-Alola|atk|1
|
|-heal|p2a: Decidueye-Alola|51/100|[from] item: Leftovers
|-heal|p1a: Araquanid|77/100|[from] item: Leftovers
|upkeep
|turn|40
|
|t:|1779653696
|move|p2a: Decidueye-Alola|Trailblaze|p1a: Araquanid
|-damage|p1a: Araquanid|74/100
|move|p1a: Araquanid|Lunge|p2a: Decidueye-Alola
|-resisted|p2a: Decidueye-Alola
|-damage|p2a: Decidueye-Alola|48/100
|-unboost|p2a: Decidueye-Alola|atk|1
|
|-heal|p2a: Decidueye-Alola|54/100|[from] item: Leftovers
|-heal|p1a: Araquanid|80/100|[from] item: Leftovers
|upkeep
|turn|41
|
|t:|1779653706
|move|p2a: Decidueye-Alola|Trailblaze|p1a: Araquanid
|-damage|p1a: Araquanid|77/100
|move|p1a: Araquanid|Lunge|p2a: Decidueye-Alola
|-resisted|p2a: Decidueye-Alola
|-damage|p2a: Decidueye-Alola|51/100
|-unboost|p2a: Decidueye-Alola|atk|1
|
|-heal|p2a: Decidueye-Alola|57/100|[from] item: Leftovers
|-heal|p1a: Araquanid|83/100|[from] item: Leftovers
|upkeep
|turn|42
|
|t:|1779653715
|move|p2a: Decidueye-Alola|Trailblaze|p1a: Araquanid
|-crit|p1a: Araquanid
|-damage|p1a: Araquanid|53/100
|move|p1a: Araquanid|Liquidation|p2a: Decidueye-Alola
|-damage|p2a: Decidueye-Alola|43/100
|
|-heal|p2a: Decidueye-Alola|49/100|[from] item: Leftovers
|-heal|p1a: Araquanid|59/100|[from] item: Leftovers
|-sideend|p1: swaVyy|Reflect
|upkeep
|turn|43
|
|t:|1779653724
|move|p2a: Decidueye-Alola|Spirit Shackle|p1a: Araquanid
|-damage|p1a: Araquanid|51/100
|move|p1a: Araquanid|Reflect|p1a: Araquanid
|-sidestart|p1: swaVyy|Reflect
|
|-heal|p2a: Decidueye-Alola|55/100|[from] item: Leftovers
|-heal|p1a: Araquanid|57/100|[from] item: Leftovers
|upkeep
|turn|44
|
|t:|1779653748
|move|p2a: Decidueye-Alola|Spirit Shackle|p1a: Araquanid
|-damage|p1a: Araquanid|52/100
|move|p1a: Araquanid|Liquidation|p2a: Decidueye-Alola
|-damage|p2a: Decidueye-Alola|42/100
|
|-heal|p2a: Decidueye-Alola|48/100|[from] item: Leftovers
|-heal|p1a: Araquanid|59/100|[from] item: Leftovers
|upkeep
|turn|45
|
|t:|1779653756
|move|p2a: Decidueye-Alola|Spirit Shackle|p1a: Araquanid
|-damage|p1a: Araquanid|54/100
|move|p1a: Araquanid|Liquidation|p2a: Decidueye-Alola
|-damage|p2a: Decidueye-Alola|34/100
|
|-heal|p2a: Decidueye-Alola|40/100|[from] item: Leftovers
|-heal|p1a: Araquanid|60/100|[from] item: Leftovers
|upkeep
|turn|46
|
|t:|1779653767
|move|p2a: Decidueye-Alola|Spirit Shackle|p1a: Araquanid
|-damage|p1a: Araquanid|55/100
|move|p1a: Araquanid|Liquidation|p2a: Decidueye-Alola
|-damage|p2a: Decidueye-Alola|27/100
|
|-heal|p2a: Decidueye-Alola|34/100|[from] item: Leftovers
|-heal|p1a: Araquanid|62/100|[from] item: Leftovers
|upkeep
|turn|47
|
|t:|1779653776
|move|p2a: Decidueye-Alola|Spirit Shackle|p1a: Araquanid
|-damage|p1a: Araquanid|57/100
|move|p1a: Araquanid|Lunge|p2a: Decidueye-Alola
|-resisted|p2a: Decidueye-Alola
|-damage|p2a: Decidueye-Alola|30/100
|-unboost|p2a: Decidueye-Alola|atk|1
|
|-heal|p2a: Decidueye-Alola|36/100|[from] item: Leftovers
|-heal|p1a: Araquanid|63/100|[from] item: Leftovers
|-sideend|p1: swaVyy|Reflect
|upkeep
|turn|48
|
|t:|1779653786
|move|p2a: Decidueye-Alola|Spirit Shackle|p1a: Araquanid
|-crit|p1a: Araquanid
|-damage|p1a: Araquanid|20/100
|move|p1a: Araquanid|Reflect|p1a: Araquanid
|-sidestart|p1: swaVyy|Reflect
|
|-heal|p2a: Decidueye-Alola|42/100|[from] item: Leftovers
|-heal|p1a: Araquanid|26/100|[from] item: Leftovers
|upkeep
|turn|49
|
|t:|1779653793
|move|p2a: Decidueye-Alola|Spirit Shackle|p1a: Araquanid
|-damage|p1a: Araquanid|22/100
|move|p1a: Araquanid|Lunge|p2a: Decidueye-Alola
|-resisted|p2a: Decidueye-Alola
|-damage|p2a: Decidueye-Alola|40/100
|
|-heal|p2a: Decidueye-Alola|46/100|[from] item: Leftovers
|-heal|p1a: Araquanid|28/100|[from] item: Leftovers
|upkeep
|turn|50
|
|t:|1779653804
|move|p2a: Decidueye-Alola|Spirit Shackle|p1a: Araquanid
|-damage|p1a: Araquanid|24/100
|move|p1a: Araquanid|Lunge|p2a: Decidueye-Alola
|-resisted|p2a: Decidueye-Alola
|-damage|p2a: Decidueye-Alola|43/100
|
|-heal|p2a: Decidueye-Alola|49/100|[from] item: Leftovers
|-heal|p1a: Araquanid|30/100|[from] item: Leftovers
|upkeep
|turn|51
|
|t:|1779653813
|move|p2a: Decidueye-Alola|Spirit Shackle|p1a: Araquanid
|-damage|p1a: Araquanid|26/100
|move|p1a: Araquanid|Lunge|p2a: Decidueye-Alola
|-resisted|p2a: Decidueye-Alola
|-damage|p2a: Decidueye-Alola|45/100
|
|-heal|p2a: Decidueye-Alola|52/100|[from] item: Leftovers
|-heal|p1a: Araquanid|32/100|[from] item: Leftovers
|upkeep
|turn|52
|
|t:|1779653834
|move|p2a: Decidueye-Alola|Trailblaze|p1a: Araquanid
|-damage|p1a: Araquanid|30/100
|move|p1a: Araquanid|Lunge|p2a: Decidueye-Alola
|-resisted|p2a: Decidueye-Alola
|-damage|p2a: Decidueye-Alola|49/100
|
|-heal|p2a: Decidueye-Alola|55/100|[from] item: Leftovers
|-heal|p1a: Araquanid|36/100|[from] item: Leftovers
|-sideend|p1: swaVyy|Reflect
|upkeep
|turn|53
|
|t:|1779653850
|move|p2a: Decidueye-Alola|Spirit Shackle|p1a: Araquanid
|-damage|p1a: Araquanid|28/100
|move|p1a: Araquanid|Reflect|p1a: Araquanid
|-sidestart|p1: swaVyy|Reflect
|
|-heal|p2a: Decidueye-Alola|61/100|[from] item: Leftovers
|-heal|p1a: Araquanid|34/100|[from] item: Leftovers
|upkeep
|turn|54
|inactive|ML L IUJH has 120 seconds left.
|
|t:|1779653866
|move|p2a: Decidueye-Alola|Trailblaze|p1a: Araquanid
|-damage|p1a: Araquanid|32/100
|move|p1a: Araquanid|Sticky Web||[still]
|-fail|p1a: Araquanid
|
|-heal|p2a: Decidueye-Alola|67/100|[from] item: Leftovers
|-heal|p1a: Araquanid|38/100|[from] item: Leftovers
|upkeep
|turn|55
|inactive|ML L IUJH has 120 seconds left.
|
|t:|1779653877
|move|p2a: Decidueye-Alola|Curse|p2a: Decidueye-Alola
|-unboost|p2a: Decidueye-Alola|spe|1
|-boost|p2a: Decidueye-Alola|atk|1
|move|p1a: Araquanid|Sticky Web||[still]
|-fail|p1a: Araquanid
|
|-heal|p2a: Decidueye-Alola|73/100|[from] item: Leftovers
|-heal|p1a: Araquanid|44/100|[from] item: Leftovers
|upkeep
|turn|56
|inactive|ML L IUJH has 120 seconds left.
|
|t:|1779653888
|move|p2a: Decidueye-Alola|Curse|p2a: Decidueye-Alola
|-unboost|p2a: Decidueye-Alola|spe|1
|-boost|p2a: Decidueye-Alola|atk|1
|move|p1a: Araquanid|Sticky Web||[still]
|-fail|p1a: Araquanid
|
|-heal|p2a: Decidueye-Alola|79/100|[from] item: Leftovers
|-heal|p1a: Araquanid|50/100|[from] item: Leftovers
|upkeep
|turn|57
|
|t:|1779653897
|move|p2a: Decidueye-Alola|Curse|p2a: Decidueye-Alola
|-unboost|p2a: Decidueye-Alola|spe|1
|-boost|p2a: Decidueye-Alola|atk|1
|move|p1a: Araquanid|Sticky Web||[still]
|-fail|p1a: Araquanid
|
|-heal|p2a: Decidueye-Alola|85/100|[from] item: Leftovers
|-heal|p1a: Araquanid|56/100|[from] item: Leftovers
|-sideend|p1: swaVyy|Reflect
|upkeep
|turn|58
|
|t:|1779653905
|move|p2a: Decidueye-Alola|Spirit Shackle|p1a: Araquanid
|-damage|p1a: Araquanid|44/100
|move|p1a: Araquanid|Reflect|p1a: Araquanid
|-sidestart|p1: swaVyy|Reflect
|
|-heal|p2a: Decidueye-Alola|91/100|[from] item: Leftovers
|-heal|p1a: Araquanid|50/100|[from] item: Leftovers
|upkeep
|turn|59
|
|t:|1779653912
|move|p2a: Decidueye-Alola|Curse|p2a: Decidueye-Alola
|-unboost|p2a: Decidueye-Alola|spe|1
|-boost|p2a: Decidueye-Alola|atk|1
|move|p1a: Araquanid|Sticky Web||[still]
|-fail|p1a: Araquanid
|
|-heal|p2a: Decidueye-Alola|97/100|[from] item: Leftovers
|-heal|p1a: Araquanid|56/100|[from] item: Leftovers
|upkeep
|turn|60
|
|t:|1779653920
|move|p2a: Decidueye-Alola|Curse|p2a: Decidueye-Alola
|-unboost|p2a: Decidueye-Alola|spe|1
|-boost|p2a: Decidueye-Alola|atk|1
|move|p1a: Araquanid|Sticky Web||[still]
|-fail|p1a: Araquanid
|
|-heal|p2a: Decidueye-Alola|100/100|[from] item: Leftovers
|-heal|p1a: Araquanid|63/100|[from] item: Leftovers
|upkeep
|turn|61
|
|t:|1779653928
|move|p2a: Decidueye-Alola|Curse|p2a: Decidueye-Alola
|-unboost|p2a: Decidueye-Alola|spe|1
|-boost|p2a: Decidueye-Alola|atk|1
|move|p1a: Araquanid|Lunge|p2a: Decidueye-Alola
|-resisted|p2a: Decidueye-Alola
|-damage|p2a: Decidueye-Alola|97/100
|-unboost|p2a: Decidueye-Alola|atk|1
|
|-heal|p2a: Decidueye-Alola|100/100|[from] item: Leftovers
|-heal|p1a: Araquanid|69/100|[from] item: Leftovers
|upkeep
|turn|62
|
|t:|1779653940
|move|p2a: Decidueye-Alola|Trailblaze|p1a: Araquanid
|-damage|p1a: Araquanid|62/100
|-boost|p2a: Decidueye-Alola|spe|1
|move|p1a: Araquanid|Lunge|p2a: Decidueye-Alola
|-resisted|p2a: Decidueye-Alola
|-damage|p2a: Decidueye-Alola|97/100
|-unboost|p2a: Decidueye-Alola|atk|1
|
|-heal|p2a: Decidueye-Alola|100/100|[from] item: Leftovers
|-heal|p1a: Araquanid|68/100|[from] item: Leftovers
|-sideend|p1: swaVyy|Reflect
|upkeep
|turn|63
|
|t:|1779653951
|move|p2a: Decidueye-Alola|Spirit Shackle|p1a: Araquanid
|-damage|p1a: Araquanid|52/100
|move|p1a: Araquanid|Reflect|p1a: Araquanid
|-sidestart|p1: swaVyy|Reflect
|
|-heal|p1a: Araquanid|58/100|[from] item: Leftovers
|upkeep
|turn|64
|
|t:|1779653968
|move|p2a: Decidueye-Alola|Curse|p2a: Decidueye-Alola
|-unboost|p2a: Decidueye-Alola|spe|1
|-boost|p2a: Decidueye-Alola|atk|1
|move|p1a: Araquanid|Sticky Web||[still]
|-fail|p1a: Araquanid
|
|-heal|p1a: Araquanid|64/100|[from] item: Leftovers
|upkeep
|turn|65
|
|t:|1779653976
|move|p2a: Decidueye-Alola|Curse|p2a: Decidueye-Alola
|-unboost|p2a: Decidueye-Alola|spe|1
|-boost|p2a: Decidueye-Alola|atk|1
|move|p1a: Araquanid|Lunge|p2a: Decidueye-Alola
|-resisted|p2a: Decidueye-Alola
|-damage|p2a: Decidueye-Alola|98/100
|-unboost|p2a: Decidueye-Alola|atk|1
|
|-heal|p1a: Araquanid|70/100|[from] item: Leftovers
|-heal|p2a: Decidueye-Alola|100/100|[from] item: Leftovers
|upkeep
|turn|66
|
|t:|1779653989
|move|p1a: Araquanid|Lunge|p2a: Decidueye-Alola
|-resisted|p2a: Decidueye-Alola
|-damage|p2a: Decidueye-Alola|97/100
|-unboost|p2a: Decidueye-Alola|atk|1
|move|p2a: Decidueye-Alola|Trailblaze|p1a: Araquanid
|-damage|p1a: Araquanid|65/100
|-boost|p2a: Decidueye-Alola|spe|1
|
|-heal|p2a: Decidueye-Alola|100/100|[from] item: Leftovers
|-heal|p1a: Araquanid|72/100|[from] item: Leftovers
|upkeep
|turn|67
|
|t:|1779654002
|move|p2a: Decidueye-Alola|Trailblaze|p1a: Araquanid
|-damage|p1a: Araquanid|67/100
|-boost|p2a: Decidueye-Alola|spe|1
|move|p1a: Araquanid|Sticky Web||[still]
|-fail|p1a: Araquanid
|
|-heal|p1a: Araquanid|73/100|[from] item: Leftovers
|-sideend|p1: swaVyy|Reflect
|upkeep
|turn|68
|
|t:|1779654011
|move|p2a: Decidueye-Alola|Trailblaze|p1a: Araquanid
|-damage|p1a: Araquanid|64/100
|-boost|p2a: Decidueye-Alola|spe|1
|move|p1a: Araquanid|Reflect|p1a: Araquanid
|-sidestart|p1: swaVyy|Reflect
|
|-heal|p1a: Araquanid|70/100|[from] item: Leftovers
|upkeep
|turn|69
|
|t:|1779654022
|move|p2a: Decidueye-Alola|Trailblaze|p1a: Araquanid
|-damage|p1a: Araquanid|65/100
|-boost|p2a: Decidueye-Alola|spe|1
|move|p1a: Araquanid|Sticky Web||[still]
|-fail|p1a: Araquanid
|
|-heal|p1a: Araquanid|71/100|[from] item: Leftovers
|upkeep
|turn|70
|
|t:|1779654030
|move|p2a: Decidueye-Alola|Trailblaze|p1a: Araquanid
|-damage|p1a: Araquanid|66/100
|-boost|p2a: Decidueye-Alola|spe|1
|move|p1a: Araquanid|Sticky Web||[still]
|-fail|p1a: Araquanid
|
|-heal|p1a: Araquanid|72/100|[from] item: Leftovers
|upkeep
|turn|71
|
|t:|1779654040
|move|p2a: Decidueye-Alola|Trailblaze|p1a: Araquanid
|-damage|p1a: Araquanid|67/100
|-boost|p2a: Decidueye-Alola|spe|1
|move|p1a: Araquanid|Sticky Web||[still]
|-fail|p1a: Araquanid
|
|-heal|p1a: Araquanid|73/100|[from] item: Leftovers
|upkeep
|turn|72
|
|t:|1779654060
|move|p2a: Decidueye-Alola|Trailblaze|p1a: Araquanid
|-damage|p1a: Araquanid|69/100
|-boost|p2a: Decidueye-Alola|spe|1
|move|p1a: Araquanid|Sticky Web||[still]
|-fail|p1a: Araquanid
|
|-heal|p1a: Araquanid|75/100|[from] item: Leftovers
|-sideend|p1: swaVyy|Reflect
|upkeep
|turn|73
|
|t:|1779654068
|move|p2a: Decidueye-Alola|Roost||[still]
|-fail|p2a: Decidueye-Alola|heal
|move|p1a: Araquanid|Reflect|p1a: Araquanid
|-sidestart|p1: swaVyy|Reflect
|
|-heal|p1a: Araquanid|81/100|[from] item: Leftovers
|upkeep
|turn|74
|
|t:|1779654073
|move|p2a: Decidueye-Alola|Roost||[still]
|-fail|p2a: Decidueye-Alola|heal
|move|p1a: Araquanid|Sticky Web||[still]
|-fail|p1a: Araquanid
|
|-heal|p1a: Araquanid|87/100|[from] item: Leftovers
|upkeep
|turn|75
|
|t:|1779654079
|move|p2a: Decidueye-Alola|Roost||[still]
|-fail|p2a: Decidueye-Alola|heal
|move|p1a: Araquanid|Sticky Web||[still]
|-fail|p1a: Araquanid
|
|-heal|p1a: Araquanid|93/100|[from] item: Leftovers
|upkeep
|turn|76
|
|t:|1779654085
|move|p2a: Decidueye-Alola|Roost||[still]
|-fail|p2a: Decidueye-Alola|heal
|move|p1a: Araquanid|Sticky Web||[still]
|-fail|p1a: Araquanid
|
|-heal|p1a: Araquanid|99/100|[from] item: Leftovers
|upkeep
|turn|77
|
|t:|1779654091
|move|p2a: Decidueye-Alola|Roost||[still]
|-fail|p2a: Decidueye-Alola|heal
|move|p1a: Araquanid|Sticky Web||[still]
|-fail|p1a: Araquanid
|
|-heal|p1a: Araquanid|100/100|[from] item: Leftovers
|-sideend|p1: swaVyy|Reflect
|upkeep
|turn|78
|
|t:|1779654100
|move|p2a: Decidueye-Alola|Trailblaze|p1a: Araquanid
|-crit|p1a: Araquanid
|-damage|p1a: Araquanid|71/100
|move|p1a: Araquanid|Reflect|p1a: Araquanid
|-sidestart|p1: swaVyy|Reflect
|
|-heal|p1a: Araquanid|77/100|[from] item: Leftovers
|upkeep
|turn|79
|
|t:|1779654109
|move|p2a: Decidueye-Alola|Roost||[still]
|-fail|p2a: Decidueye-Alola|heal
|move|p1a: Araquanid|Sticky Web||[still]
|-fail|p1a: Araquanid
|
|-heal|p1a: Araquanid|83/100|[from] item: Leftovers
|upkeep
|turn|80
|
|t:|1779654115
|move|p2a: Decidueye-Alola|Trailblaze|p1a: Araquanid
|-damage|p1a: Araquanid|78/100
|move|p1a: Araquanid|Sticky Web||[still]
|-fail|p1a: Araquanid
|
|-heal|p1a: Araquanid|85/100|[from] item: Leftovers
|upkeep
|turn|81
|
|t:|1779654121
|move|p2a: Decidueye-Alola|Trailblaze|p1a: Araquanid
|-damage|p1a: Araquanid|80/100
|move|p1a: Araquanid|Sticky Web||[still]
|-fail|p1a: Araquanid
|
|-heal|p1a: Araquanid|86/100|[from] item: Leftovers
|upkeep
|turn|82
|
|t:|1779654130
|move|p2a: Decidueye-Alola|Trailblaze|p1a: Araquanid
|-damage|p1a: Araquanid|81/100
|move|p1a: Araquanid|Sticky Web||[still]
|-fail|p1a: Araquanid
|
|-heal|p1a: Araquanid|87/100|[from] item: Leftovers
|-sideend|p1: swaVyy|Reflect
|upkeep
|turn|83
|
|t:|1779654139
|-activate|p2a: Decidueye-Alola|move: Struggle
|move|p2a: Decidueye-Alola|Struggle|p1a: Araquanid
|-damage|p1a: Araquanid|81/100
|-damage|p2a: Decidueye-Alola|75/100|[from] recoil
|move|p1a: Araquanid|Sticky Web||[still]
|-fail|p1a: Araquanid
|
|-heal|p2a: Decidueye-Alola|82/100|[from] item: Leftovers
|-heal|p1a: Araquanid|87/100|[from] item: Leftovers
|upkeep
|turn|84
|
|t:|1779654147
|-activate|p2a: Decidueye-Alola|move: Struggle
|move|p2a: Decidueye-Alola|Struggle|p1a: Araquanid
|-damage|p1a: Araquanid|80/100
|-damage|p2a: Decidueye-Alola|57/100|[from] recoil
|move|p1a: Araquanid|Sticky Web||[still]
|-fail|p1a: Araquanid
|
|-heal|p2a: Decidueye-Alola|63/100|[from] item: Leftovers
|-heal|p1a: Araquanid|86/100|[from] item: Leftovers
|upkeep
|turn|85
|
|t:|1779654169
|-activate|p2a: Decidueye-Alola|move: Struggle
|move|p2a: Decidueye-Alola|Struggle|p1a: Araquanid
|-damage|p1a: Araquanid|78/100
|-damage|p2a: Decidueye-Alola|38/100|[from] recoil
|move|p1a: Araquanid|Reflect|p1a: Araquanid
|-sidestart|p1: swaVyy|Reflect
|
|-heal|p2a: Decidueye-Alola|44/100|[from] item: Leftovers
|-heal|p1a: Araquanid|85/100|[from] item: Leftovers
|upkeep
|turn|86
|
|t:|1779654179
|-activate|p2a: Decidueye-Alola|move: Struggle
|move|p2a: Decidueye-Alola|Struggle|p1a: Araquanid
|-damage|p1a: Araquanid|81/100
|-damage|p2a: Decidueye-Alola|19/100|[from] recoil
|move|p1a: Araquanid|Sticky Web||[still]
|-fail|p1a: Araquanid
|
|-heal|p2a: Decidueye-Alola|25/100|[from] item: Leftovers
|-heal|p1a: Araquanid|88/100|[from] item: Leftovers
|upkeep
|turn|87
|
|t:|1779654189
|-activate|p2a: Decidueye-Alola|move: Struggle
|move|p2a: Decidueye-Alola|Struggle|p1a: Araquanid
|-damage|p1a: Araquanid|84/100
|-damage|p2a: Decidueye-Alola|0 fnt|[from] recoil
|faint|p2a: Decidueye-Alola
|move|p1a: Araquanid|Sticky Web||[still]
|-fail|p1a: Araquanid
|
|-heal|p1a: Araquanid|90/100|[from] item: Leftovers
|upkeep
|
|t:|1779654203
|switch|p2a: Zamazenta|Zamazenta|100/100
|-activate|p2a: Zamazenta|move: Sticky Web
|-unboost|p2a: Zamazenta|spe|1
|-ability|p2a: Zamazenta|Dauntless Shield|boost
|-boost|p2a: Zamazenta|def|1
|turn|88
|
|t:|1779654210
|move|p2a: Zamazenta|Substitute|p2a: Zamazenta
|-start|p2a: Zamazenta|Substitute
|-damage|p2a: Zamazenta|76/100
|move|p1a: Araquanid|Lunge|p2a: Zamazenta
|-resisted|p2a: Zamazenta
|-activate|p2a: Zamazenta|move: Substitute|[damage]
|
|-heal|p1a: Araquanid|97/100|[from] item: Leftovers
|upkeep
|turn|89
|
|t:|1779654224
|switch|p1a: Garganacl|Garganacl, M|100/100
|-damage|p1a: Garganacl|88/100|[from] Stealth Rock
|move|p2a: Zamazenta|Close Combat|p1a: Garganacl
|-supereffective|p1a: Garganacl
|-damage|p1a: Garganacl|34/100
|-unboost|p2a: Zamazenta|def|1
|-unboost|p2a: Zamazenta|spd|1
|-damage|p2a: Zamazenta|66/100|[from] item: Life Orb
|
|-heal|p1a: Garganacl|40/100|[from] item: Leftovers
|-sideend|p1: swaVyy|Reflect
|upkeep
|turn|90
|
|t:|1779654236
|move|p2a: Zamazenta|Close Combat|p1a: Garganacl
|-supereffective|p1a: Garganacl
|-damage|p1a: Garganacl|0 fnt
|-unboost|p2a: Zamazenta|def|1
|-unboost|p2a: Zamazenta|spd|1
|faint|p1a: Garganacl
|-damage|p2a: Zamazenta|56/100|[from] item: Life Orb
|
|upkeep
|
|t:|1779654247
|switch|p1a: Deoxys|Deoxys-Speed|100/100
|-status|p1a: Deoxys|tox
|-damage|p1a: Deoxys|88/100 tox|[from] Stealth Rock
|-ability|p1a: Deoxys|Pressure
|turn|91
|
|t:|1779654253
|move|p1a: Deoxys|Cosmic Power|p1a: Deoxys
|-boost|p1a: Deoxys|def|1
|-boost|p1a: Deoxys|spd|1
|move|p2a: Zamazenta|Crunch|p1a: Deoxys
|-supereffective|p1a: Deoxys
|-damage|p1a: Deoxys|42/100 tox
|-damage|p2a: Zamazenta|46/100|[from] item: Life Orb
|
|-heal|p1a: Deoxys|48/100 tox|[from] item: Leftovers
|-damage|p1a: Deoxys|42/100 tox|[from] psn
|upkeep
|turn|92
|
|t:|1779654264
|move|p1a: Deoxys|Stored Power|p2a: Zamazenta
|-supereffective|p2a: Zamazenta
|-end|p2a: Zamazenta|Substitute
|move|p2a: Zamazenta|Crunch|p1a: Deoxys
|-supereffective|p1a: Deoxys
|-damage|p1a: Deoxys|0 fnt
|faint|p1a: Deoxys
|-damage|p2a: Zamazenta|36/100|[from] item: Life Orb
|
|upkeep
|
|t:|1779654268
|switch|p1a: Dragonite|Dragonite, F, tera:Normal|63/100
|turn|93
|
|t:|1779654274
|move|p1a: Dragonite|Extreme Speed|p2a: Zamazenta
|-damage|p2a: Zamazenta|0 fnt
|faint|p2a: Zamazenta
|
|upkeep
|
|t:|1779654280
|switch|p2a: Cinderace|Cinderace, M|100/100
|turn|94
|
|t:|1779654284
|switch|p1a: Araquanid|Araquanid, M|97/100
|-status|p1a: Araquanid|tox
|-damage|p1a: Araquanid|72/100 tox|[from] Stealth Rock
|move|p2a: Cinderace|Low Kick|p1a: Araquanid
|-resisted|p1a: Araquanid
|-crit|p1a: Araquanid
|-damage|p1a: Araquanid|51/100 tox
|
|-heal|p1a: Araquanid|57/100 tox|[from] item: Leftovers
|-damage|p1a: Araquanid|51/100 tox|[from] psn
|upkeep
|turn|95
|
|t:|1779654296
|switch|p2a: Tornadus|Tornadus-Therian, M|100/100
|move|p1a: Araquanid|Reflect|p1a: Araquanid
|-sidestart|p1: swaVyy|Reflect
|
|-heal|p1a: Araquanid|57/100 tox|[from] item: Leftovers
|-damage|p1a: Araquanid|45/100 tox|[from] psn
|upkeep
|turn|96
|
|t:|1779654306
|move|p2a: Tornadus|Heat Wave|p1a: Araquanid
|-damage|p1a: Araquanid|32/100 tox
|move|p1a: Araquanid|Lunge|p2a: Tornadus
|-resisted|p2a: Tornadus
|-damage|p2a: Tornadus|88/100
|-unboost|p2a: Tornadus|atk|1
|
|-heal|p1a: Araquanid|38/100 tox|[from] item: Leftovers
|-damage|p1a: Araquanid|19/100 tox|[from] psn
|upkeep
|turn|97
|
|t:|1779654322
|move|p2a: Tornadus|Heat Wave|p1a: Araquanid
|-damage|p1a: Araquanid|7/100 tox
|move|p1a: Araquanid|Sticky Web||[still]
|-fail|p1a: Araquanid
|
|-heal|p1a: Araquanid|13/100 tox|[from] item: Leftovers
|-damage|p1a: Araquanid|0 fnt|[from] psn
|faint|p1a: Araquanid
|upkeep
|
|t:|1779654325
|switch|p1a: Dragonite|Dragonite, F, tera:Normal|63/100
|turn|98
|
|t:|1779654334
|move|p2a: Tornadus|Bleakwind Storm|p1a: Dragonite
|-damage|p1a: Dragonite|8/100
|move|p1a: Dragonite|Dragon Dance|p1a: Dragonite
|-boost|p1a: Dragonite|atk|1
|-boost|p1a: Dragonite|spe|1
|
|upkeep
|turn|99
|
|t:|1779654340
|move|p1a: Dragonite|Ice Spinner|p2a: Tornadus
|-supereffective|p2a: Tornadus
|-damage|p2a: Tornadus|0 fnt
|faint|p2a: Tornadus
|
|-sideend|p1: swaVyy|Reflect
|upkeep
|
|t:|1779654346
|switch|p2a: Cinderace|Cinderace, M|100/100
|turn|100
|
|t:|1779654349
|move|p1a: Dragonite|Earthquake|p2a: Cinderace
|-supereffective|p2a: Cinderace
|-damage|p2a: Cinderace|0 fnt
|faint|p2a: Cinderace
|
|win|swaVyy
|raw|swaVyy's rating: 1123 &rarr; <strong>1149</strong><br />(+26 for winning)
|raw|ML L IUJH's rating: 1137 &rarr; <strong>1111</strong><br />(-26 for losing)
|l|☆ML L IUJH
|player|p2|
|l|☆swaVyy
|player|p1|
