|j|☆FairyManiac0108
|j|☆plodu
|t:|1779708622
|gametype|singles
|player|p1|FairyManiac0108|aromalady|1353
|player|p2|plodu|101|1346
|gen|9
|tier|[Gen 9] OU
|rated|
|rule|HP Percentage Mod: HP is shown in percentages
|rule|Endless Battle Clause: Forcing endless battles is banned
|rule|Species Clause: Limit one of each Pokémon
|rule|OHKO Clause: OHKO moves are banned
|rule|Evasion Items Clause: Evasion items are banned
|rule|Evasion Moves Clause: Evasion moves are banned
|rule|Evasion Abilities Clause: Evasion abilities are banned
|rule|Sleep Moves Clause: Sleep-inducing moves are banned
|clearpoke
|poke|p1|Weezing-Galar, F|
|poke|p1|Vileplume, M|
|poke|p1|Seviper, L1, F|
|poke|p1|Glimmora, F|
|poke|p1|Gengar, F|
|poke|p1|Muk-Alola, M|
|poke|p2|Landorus-Therian, M|
|poke|p2|Samurott-Hisui, M|
|poke|p2|Gholdengo|
|poke|p2|Dragapult, M|
|poke|p2|Ogerpon-Cornerstone, F|
|poke|p2|Zamazenta-*|
|teampreview
|
|t:|1779708639
|teamsize|p1|6
|teamsize|p2|6
|start
|switch|p1a: Weezing|Weezing-Galar, F|100/100
|switch|p2a: Landorus|Landorus-Therian, M|100/100
|-ability|p2a: Landorus|Intimidate|boost
|-unboost|p1a: Weezing|atk|1
|turn|1
|
|t:|1779708650
|move|p2a: Landorus|Stealth Rock|p1a: Weezing
|-sidestart|p1: FairyManiac0108|move: Stealth Rock
|move|p1a: Weezing|Will-O-Wisp|p2a: Landorus
|-status|p2a: Landorus|brn
|
|-damage|p2a: Landorus|94/100 brn|[from] brn
|upkeep
|turn|2
|
|t:|1779708653
|move|p2a: Landorus|U-turn|p1a: Weezing
|-resisted|p1a: Weezing
|-damage|p1a: Weezing|99/100
|-damage|p2a: Landorus|78/100 brn|[from] item: Rocky Helmet|[of] p1a: Weezing
|
|t:|1779708656
|switch|p2a: Gholdengo|Gholdengo|100/100|[from] U-turn
|-item|p2a: Gholdengo|Air Balloon
|move|p1a: Weezing|Flamethrower|p2a: Gholdengo
|-supereffective|p2a: Gholdengo
|-damage|p2a: Gholdengo|63/100
|-enditem|p2a: Gholdengo|Air Balloon
|
|upkeep
|turn|3
|
|t:|1779708663
|-terastallize|p1a: Weezing|Fire
|move|p2a: Gholdengo|Nasty Plot|p2a: Gholdengo
|-boost|p2a: Gholdengo|spa|2
|move|p1a: Weezing|Flamethrower|p2a: Gholdengo
|-supereffective|p2a: Gholdengo
|-damage|p2a: Gholdengo|13/100
|
|upkeep
|turn|4
|
|t:|1779708671
|-terastallize|p2a: Gholdengo|Fairy
|move|p2a: Gholdengo|Recover|p2a: Gholdengo
|-heal|p2a: Gholdengo|63/100
|move|p1a: Weezing|Flamethrower|p2a: Gholdengo
|-damage|p2a: Gholdengo|35/100
|
|upkeep
|turn|5
|
|t:|1779708683
|switch|p1a: Muk|Muk-Alola, M|100/100
|-damage|p1a: Muk|88/100|[from] Stealth Rock
|move|p2a: Gholdengo|Nasty Plot|p2a: Gholdengo
|-boost|p2a: Gholdengo|spa|2
|
|upkeep
|turn|6
|
|t:|1779708687
|move|p2a: Gholdengo|Dazzling Gleam|p1a: Muk
|-damage|p1a: Muk|33/100
|move|p1a: Muk|Poison Jab|p2a: Gholdengo
|-supereffective|p2a: Gholdengo
|-damage|p2a: Gholdengo|0 fnt
|faint|p2a: Gholdengo
|
|upkeep
|
|t:|1779708693
|switch|p2a: Dragapult|Dragapult, M|100/100
|turn|7
|
|t:|1779708699
|move|p2a: Dragapult|Substitute|p2a: Dragapult
|-start|p2a: Dragapult|Substitute
|-damage|p2a: Dragapult|76/100
|move|p1a: Muk|Knock Off|p2a: Dragapult
|-supereffective|p2a: Dragapult
|-end|p2a: Dragapult|Substitute
|
|-heal|p2a: Dragapult|82/100|[from] item: Leftovers
|upkeep
|turn|8
|
|t:|1779708701
|move|p1a: Muk|Shadow Sneak|p2a: Dragapult
|-supereffective|p2a: Dragapult
|-damage|p2a: Dragapult|50/100
|-status|p2a: Dragapult|psn|[from] ability: Poison Touch|[of] p1a: Muk
|move|p2a: Dragapult|Dragon Darts|p1a: Muk
|-damage|p1a: Muk|3/100
|-anim|p2a: Dragapult|Dragon Darts|p1a: Muk
|-damage|p1a: Muk|0 fnt
|faint|p1a: Muk
|
|-heal|p2a: Dragapult|56/100 psn|[from] item: Leftovers
|-damage|p2a: Dragapult|43/100 psn|[from] psn
|upkeep
|
|t:|1779708705
|switch|p1a: Weezing|Weezing-Galar, F, tera:Fire|99/100
|-damage|p1a: Weezing|74/100|[from] Stealth Rock
|turn|9
|
|t:|1779708707
|move|p2a: Dragapult|Dragon Darts|p1a: Weezing
|-damage|p1a: Weezing|54/100
|-anim|p2a: Dragapult|Dragon Darts|p1a: Weezing
|-damage|p1a: Weezing|34/100
|move|p1a: Weezing|Strange Steam|p2a: Dragapult
|-supereffective|p2a: Dragapult
|-damage|p2a: Dragapult|0 fnt
|faint|p2a: Dragapult
|
|upkeep
|
|t:|1779708713
|switch|p2a: Samurott|Samurott-Hisui, M|100/100
|turn|10
|
|t:|1779708718
|move|p2a: Samurott|Ceaseless Edge|p1a: Weezing
|-damage|p1a: Weezing|5/100
|-damage|p2a: Samurott|84/100|[from] item: Rocky Helmet|[of] p1a: Weezing
|-sidestart|p1: FairyManiac0108|Spikes
|move|p1a: Weezing|Will-O-Wisp|p2a: Samurott
|-status|p2a: Samurott|brn
|
|-damage|p2a: Samurott|78/100 brn|[from] brn
|upkeep
|turn|11
|
|t:|1779708722
|move|p2a: Samurott|Flip Turn|p1a: Weezing
|-supereffective|p1a: Weezing
|-crit|p1a: Weezing
|-damage|p1a: Weezing|0 fnt
|-damage|p2a: Samurott|62/100 brn|[from] item: Rocky Helmet|[of] p1a: Weezing
|faint|p1a: Weezing
|
|t:|1779708726
|switch|p2a: Landorus|Landorus-Therian, M|78/100 brn|[from] Flip Turn
|
|-damage|p2a: Landorus|72/100 brn|[from] brn
|upkeep
|
|t:|1779708728
|switch|p1a: Glimmora|Glimmora, F|100/100
|-damage|p1a: Glimmora|88/100|[from] Stealth Rock
|-item|p1a: Glimmora|Air Balloon
|turn|12
|
|t:|1779708731
|move|p2a: Landorus|Taunt|p1a: Glimmora
|-start|p1a: Glimmora|move: Taunt
|move|p1a: Glimmora|Mortal Spin|p2a: Landorus
|-resisted|p2a: Landorus
|-damage|p2a: Landorus|69/100 brn
|-damage|p1a: Glimmora|72/100|[from] item: Rocky Helmet|[of] p2a: Landorus
|-sideend|p1: FairyManiac0108|Spikes|[from] move: Mortal Spin|[of] p1a: Glimmora
|-sideend|p1: FairyManiac0108|Stealth Rock|[from] move: Mortal Spin|[of] p1a: Glimmora
|
|-damage|p2a: Landorus|63/100 brn|[from] brn
|upkeep
|turn|13
|
|t:|1779708734
|move|p2a: Landorus|Earth Power|p1a: Glimmora
|-immune|p1a: Glimmora
|move|p1a: Glimmora|Earth Power|p2a: Landorus
|-immune|p2a: Landorus
|
|-damage|p2a: Landorus|57/100 brn|[from] brn
|upkeep
|turn|14
|
|t:|1779708736
|move|p2a: Landorus|U-turn|p1a: Glimmora
|-resisted|p1a: Glimmora
|-damage|p1a: Glimmora|66/100
|-activate|p1a: Glimmora|ability: Toxic Debris
|-sidestart|p2: plodu|move: Toxic Spikes
|-enditem|p1a: Glimmora|Air Balloon
|
|t:|1779708738
|switch|p2a: Samurott|Samurott-Hisui, M|62/100 brn|[from] U-turn
|move|p1a: Glimmora|Power Gem|p2a: Samurott
|-damage|p2a: Samurott|31/100 brn
|
|-damage|p2a: Samurott|25/100 brn|[from] brn
|-end|p1a: Glimmora|move: Taunt
|upkeep
|turn|15
|
|t:|1779708742
|move|p1a: Glimmora|Stealth Rock|p2a: Samurott
|-sidestart|p2: plodu|move: Stealth Rock
|move|p2a: Samurott|Ceaseless Edge|p1a: Glimmora
|-damage|p1a: Glimmora|43/100
|-activate|p1a: Glimmora|ability: Toxic Debris
|-sidestart|p2: plodu|move: Toxic Spikes
|-sidestart|p1: FairyManiac0108|Spikes
|
|-damage|p2a: Samurott|19/100 brn|[from] brn
|upkeep
|turn|16
|
|t:|1779708745
|move|p1a: Glimmora|Mortal Spin|p2a: Samurott
|-damage|p2a: Samurott|12/100 brn
|-sideend|p1: FairyManiac0108|Spikes|[from] move: Mortal Spin|[of] p1a: Glimmora
|move|p2a: Samurott|Ceaseless Edge|p1a: Glimmora
|-damage|p1a: Glimmora|19/100
|-sidestart|p1: FairyManiac0108|Spikes
|
|-damage|p2a: Samurott|6/100 brn|[from] brn
|upkeep
|turn|17
|
|t:|1779708748
|move|p1a: Glimmora|Mortal Spin|p2a: Samurott
|-damage|p2a: Samurott|0 fnt
|-sideend|p1: FairyManiac0108|Spikes|[from] move: Mortal Spin|[of] p1a: Glimmora
|faint|p2a: Samurott
|
|upkeep
|
|t:|1779708749
|switch|p2a: Landorus|Landorus-Therian, M|57/100 brn
|-damage|p2a: Landorus|45/100 brn|[from] Stealth Rock
|-ability|p2a: Landorus|Intimidate|boost
|-unboost|p1a: Glimmora|atk|1
|turn|18
|
|t:|1779708753
|move|p2a: Landorus|Earth Power|p1a: Glimmora
|-supereffective|p1a: Glimmora
|-damage|p1a: Glimmora|0 fnt
|faint|p1a: Glimmora
|
|-damage|p2a: Landorus|39/100 brn|[from] brn
|upkeep
|
|t:|1779708756
|switch|p1a: Gengar|Gengar, F|100/100
|turn|19
|
|t:|1779708758
|move|p1a: Gengar|Shadow Ball|p2a: Landorus
|-damage|p2a: Landorus|0 fnt
|faint|p2a: Landorus
|
|upkeep
|
|t:|1779708761
|switch|p2a: Ogerpon|Ogerpon-Cornerstone, F|100/100
|-status|p2a: Ogerpon|tox
|-damage|p2a: Ogerpon|88/100 tox|[from] Stealth Rock
|turn|20
|
|t:|1779708766
|move|p1a: Gengar|Shadow Ball|p2a: Ogerpon
|-damage|p2a: Ogerpon|39/100 tox
|move|p2a: Ogerpon|Ivy Cudgel|p1a: Gengar|[anim] Ivy Cudgel Rock
|-damage|p1a: Gengar|0 fnt
|-start|p2a: Ogerpon|Disable|Ivy Cudgel|[from] ability: Cursed Body|[of] p1a: Gengar
|faint|p1a: Gengar
|
|-damage|p2a: Ogerpon|33/100 tox|[from] psn
|upkeep
|
|t:|1779708770
|switch|p1a: Seviper|Seviper, L1, F|100/100
|turn|21
|
|t:|1779708772
|move|p2a: Ogerpon|U-turn|p1a: Seviper
|-resisted|p1a: Seviper
|-enditem|p1a: Seviper|Focus Sash
|-damage|p1a: Seviper|9/100
|
|t:|1779708774
|switch|p2a: Zamazenta|Zamazenta|100/100|[from] U-turn
|-ability|p2a: Zamazenta|Dauntless Shield|boost
|-boost|p2a: Zamazenta|def|1
|move|p1a: Seviper|Endeavor|p2a: Zamazenta
|-damage|p2a: Zamazenta|1/100
|
|upkeep
|turn|22
|
|t:|1779708779
|move|p1a: Seviper|Protect|p1a: Seviper
|-singleturn|p1a: Seviper|Protect
|move|p2a: Zamazenta|Crunch|p1a: Seviper
|-activate|p1a: Seviper|move: Protect
|
|upkeep
|turn|23
|
|t:|1779708781
|move|p1a: Seviper|Feint|p2a: Zamazenta
|-damage|p2a: Zamazenta|0 fnt
|faint|p2a: Zamazenta
|
|upkeep
|
|t:|1779708784
|switch|p2a: Ogerpon|Ogerpon-Cornerstone, F|33/100 tox
|-damage|p2a: Ogerpon|21/100 tox|[from] Stealth Rock
|turn|24
|
|t:|1779708786
|move|p1a: Seviper|Protect|p1a: Seviper
|-singleturn|p1a: Seviper|Protect
|move|p2a: Ogerpon|Swords Dance|p2a: Ogerpon
|-boost|p2a: Ogerpon|atk|2
|
|-damage|p2a: Ogerpon|15/100 tox|[from] psn
|upkeep
|turn|25
|
|t:|1779708788
|move|p2a: Ogerpon|Ivy Cudgel|p1a: Seviper|[anim] Ivy Cudgel Rock
|-damage|p1a: Seviper|0 fnt
|faint|p1a: Seviper
|
|-damage|p2a: Ogerpon|3/100 tox|[from] psn
|upkeep
|
|t:|1779708791
|switch|p1a: Vileplume|Vileplume, M|100/100
|turn|26
|
|t:|1779708792
|move|p2a: Ogerpon|Ivy Cudgel|p1a: Vileplume|[anim] Ivy Cudgel Rock
|-damage|p1a: Vileplume|9/100
|move|p1a: Vileplume|Strength Sap|p2a: Ogerpon
|-unboost|p2a: Ogerpon|atk|1
|-heal|p1a: Vileplume|100/100
|
|-damage|p2a: Ogerpon|0 fnt|[from] psn
|faint|p2a: Ogerpon
|
|win|FairyManiac0108
|raw|FairyManiac0108's rating: 1353 &rarr; <strong>1373</strong><br />(+20 for winning)
|raw|plodu's rating: 1346 &rarr; <strong>1326</strong><br />(-20 for losing)
|c|☆plodu|gg
|l|☆plodu
|player|p2|
|l|☆FairyManiac0108
|player|p1|
