|j|☆jimbo1476
|j|☆Cakdink
|t:|1779654114
|gametype|singles
|player|p1|jimbo1476|1|1079
|player|p2|Cakdink|acetrainer-gen4|1141
|gen|9
|tier|[Gen 9] OU
|rated|
|rule|HP Percentage Mod: HP is shown in percentages
|rule|Endless Battle Clause: Forcing endless battles is banned
|rule|Species Clause: Limit one of each Pokémon
|rule|OHKO Clause: OHKO moves are banned
|rule|Evasion Items Clause: Evasion items are banned
|rule|Evasion Moves Clause: Evasion moves are banned
|rule|Evasion Abilities Clause: Evasion abilities are banned
|rule|Sleep Moves Clause: Sleep-inducing moves are banned
|clearpoke
|poke|p1|Gengar, F|
|poke|p1|Dragapult, M|
|poke|p1|Mimikyu, M|
|poke|p1|Garganacl, F|
|poke|p1|Clodsire, F|
|poke|p1|Breloom, F|
|poke|p2|Incineroar, F|
|poke|p2|Rillaboom, M|
|poke|p2|Ogerpon-Wellspring, F|
|poke|p2|Slowking-Galar, M|
|poke|p2|Corviknight, F|
|poke|p2|Kommo-o, F|
|teampreview
|inactive|Battle timer is ON: inactive players will automatically lose when time's up. (requested by Cakdink)
|
|t:|1779654121
|teamsize|p1|6
|teamsize|p2|6
|start
|switch|p1a: Garganacl|Garganacl, F|100/100
|switch|p2a: Incineroar|Incineroar, F|100/100
|-ability|p2a: Incineroar|Intimidate|boost
|-fail|p1a: Garganacl|unboost|[from] ability: Clear Body|[of] p1a: Garganacl
|turn|1
|
|t:|1779654128
|move|p2a: Incineroar|Fake Out|p1a: Garganacl
|-resisted|p1a: Garganacl
|-damage|p1a: Garganacl|97/100
|cant|p1a: Garganacl|flinch
|
|-heal|p1a: Garganacl|100/100|[from] item: Leftovers
|upkeep
|turn|2
|
|t:|1779654137
|move|p2a: Incineroar|Parting Shot|p1a: Garganacl
|-fail|p1a: Garganacl|unboost|[from] ability: Clear Body|[of] p1a: Garganacl
|move|p1a: Garganacl|Iron Defense|p1a: Garganacl
|-boost|p1a: Garganacl|def|2
|
|upkeep
|turn|3
|
|t:|1779654143
|move|p2a: Incineroar|Knock Off|p1a: Garganacl
|-damage|p1a: Garganacl|86/100
|-enditem|p1a: Garganacl|Leftovers|[from] move: Knock Off|[of] p2a: Incineroar
|move|p1a: Garganacl|Salt Cure|p2a: Incineroar
|-supereffective|p2a: Incineroar
|-damage|p2a: Incineroar|69/100
|-start|p2a: Incineroar|Salt Cure
|
|-damage|p2a: Incineroar|57/100|[from] Salt Cure
|upkeep
|turn|4
|
|t:|1779654148
|switch|p2a: Rillaboom|Rillaboom, M|100/100
|-fieldstart|move: Grassy Terrain|[from] ability: Grassy Surge|[of] p2a: Rillaboom
|move|p1a: Garganacl|Iron Defense|p1a: Garganacl
|-boost|p1a: Garganacl|def|2
|
|-heal|p1a: Garganacl|92/100|[from] Grassy Terrain
|upkeep
|turn|5
|
|t:|1779654157
|move|p2a: Rillaboom|Wood Hammer|p1a: Garganacl
|-supereffective|p1a: Garganacl
|-damage|p1a: Garganacl|62/100
|-damage|p2a: Rillaboom|89/100|[from] Recoil
|move|p1a: Garganacl|Avalanche|p2a: Rillaboom
|-supereffective|p2a: Rillaboom
|-damage|p2a: Rillaboom|31/100
|
|-heal|p2a: Rillaboom|37/100|[from] Grassy Terrain
|-heal|p1a: Garganacl|68/100|[from] Grassy Terrain
|upkeep
|turn|6
|
|t:|1779654166
|move|p2a: Rillaboom|U-turn|p1a: Garganacl
|-damage|p1a: Garganacl|64/100
|
|t:|1779654173
|switch|p2a: Slowking|Slowking-Galar, M|100/100|[from] U-turn
|move|p1a: Garganacl|Avalanche|p2a: Slowking
|-damage|p2a: Slowking|87/100
|
|-heal|p1a: Garganacl|70/100|[from] Grassy Terrain
|-heal|p2a: Slowking|93/100|[from] Grassy Terrain
|upkeep
|turn|7
|
|t:|1779654187
|move|p1a: Garganacl|Heavy Slam|p2a: Slowking
|-damage|p2a: Slowking|75/100
|move|p2a: Slowking|Sludge Bomb|p1a: Garganacl
|-resisted|p1a: Garganacl
|-damage|p1a: Garganacl|49/100
|-status|p1a: Garganacl|psn
|
|-heal|p1a: Garganacl|55/100 psn|[from] Grassy Terrain
|-heal|p2a: Slowking|81/100|[from] Grassy Terrain
|-damage|p1a: Garganacl|42/100 psn|[from] psn
|upkeep
|turn|8
|
|t:|1779654194
|move|p1a: Garganacl|Iron Defense|p1a: Garganacl
|-boost|p1a: Garganacl|def|2
|move|p2a: Slowking|Future Sight|p1a: Garganacl
|-start|p2a: Slowking|move: Future Sight
|
|-heal|p1a: Garganacl|49/100 psn|[from] Grassy Terrain
|-heal|p2a: Slowking|88/100|[from] Grassy Terrain
|-damage|p1a: Garganacl|36/100 psn|[from] psn
|upkeep
|turn|9
|
|t:|1779654202
|move|p1a: Garganacl|Salt Cure|p2a: Slowking
|-damage|p2a: Slowking|72/100
|-start|p2a: Slowking|Salt Cure
|-prepare|p2a: Slowking|Chilly Reception|[premajor]
|move|p2a: Slowking|Chilly Reception|p2a: Slowking
|-weather|Snowscape
|
|t:|1779654216
|switch|p2a: Ogerpon|Ogerpon-Wellspring, F|100/100|[from] Chilly Reception
|
|-weather|Snowscape|[upkeep]
|-heal|p1a: Garganacl|42/100 psn|[from] Grassy Terrain
|-damage|p1a: Garganacl|30/100 psn|[from] psn
|upkeep
|turn|10
|
|t:|1779654225
|move|p2a: Ogerpon|Ivy Cudgel|p1a: Garganacl|[anim] Ivy Cudgel Water
|-supereffective|p1a: Garganacl
|-damage|p1a: Garganacl|13/100 psn
|move|p1a: Garganacl|Salt Cure|p2a: Ogerpon
|-damage|p2a: Ogerpon|84/100
|-start|p2a: Ogerpon|Salt Cure
|
|-weather|Snowscape|[upkeep]
|-end|p1a: Garganacl|move: Future Sight
|-damage|p1a: Garganacl|0 fnt
|faint|p1a: Garganacl
|-heal|p2a: Ogerpon|90/100|[from] Grassy Terrain
|-damage|p2a: Ogerpon|65/100|[from] Salt Cure
|upkeep
|
|t:|1779654232
|switch|p1a: Dragapult|Dragapult, M|100/100
|turn|11
|
|t:|1779654238
|switch|p2a: Corviknight|Corviknight, F|100/100
|-ability|p2a: Corviknight|Pressure
|move|p1a: Dragapult|Dragon Darts|p2a: Corviknight
|-resisted|p2a: Corviknight
|-damage|p2a: Corviknight|93/100
|-anim|p1a: Dragapult|Dragon Darts|p2a: Corviknight
|-resisted|p2a: Corviknight
|-damage|p2a: Corviknight|86/100
|
|-weather|Snowscape|[upkeep]
|-fieldend|move: Grassy Terrain
|upkeep
|turn|12
|
|t:|1779654244
|move|p1a: Dragapult|Fire Blast|p2a: Corviknight
|-supereffective|p2a: Corviknight
|-damage|p2a: Corviknight|37/100
|move|p2a: Corviknight|Roost|p2a: Corviknight
|-heal|p2a: Corviknight|87/100
|-singleturn|p2a: Corviknight|move: Roost
|
|-weather|Snowscape|[upkeep]
|upkeep
|turn|13
|
|t:|1779654254
|switch|p2a: Slowking|Slowking-Galar, M|100/100
|move|p1a: Dragapult|Fire Blast|p2a: Slowking|[miss]
|-miss|p1a: Dragapult|p2a: Slowking
|
|-weather|none
|upkeep
|turn|14
|
|t:|1779654261
|move|p1a: Dragapult|Phantom Force||[still]
|-prepare|p1a: Dragapult|Phantom Force
|move|p2a: Slowking|Sludge Bomb|p1a: Dragapult|[miss]
|-miss|p2a: Slowking|p1a: Dragapult
|
|upkeep
|turn|15
|
|t:|1779654267
|move|p1a: Dragapult|Phantom Force|p2a: Slowking|[from] lockedmove
|-supereffective|p2a: Slowking
|-damage|p2a: Slowking|14/100
|move|p2a: Slowking|Future Sight|p1a: Dragapult
|-start|p2a: Slowking|move: Future Sight
|
|upkeep
|turn|16
|
|t:|1779654274
|switch|p2a: Corviknight|Corviknight, F|87/100
|-ability|p2a: Corviknight|Pressure
|move|p1a: Dragapult|Phantom Force||[still]
|-prepare|p1a: Dragapult|Phantom Force
|
|upkeep
|turn|17
|
|t:|1779654279
|move|p1a: Dragapult|Phantom Force|p2a: Corviknight|[from] lockedmove
|-damage|p2a: Corviknight|59/100
|-damage|p1a: Dragapult|84/100|[from] item: Rocky Helmet|[of] p2a: Corviknight
|move|p2a: Corviknight|Roost|p2a: Corviknight
|-heal|p2a: Corviknight|100/100
|-singleturn|p2a: Corviknight|move: Roost
|
|-end|p1a: Dragapult|move: Future Sight
|-damage|p1a: Dragapult|3/100
|-heal|p1a: Dragapult|9/100|[from] item: Leftovers
|upkeep
|turn|18
|
|t:|1779654291
|switch|p1a: Clodsire|Clodsire, F|100/100
|switch|p2a: Slowking|Slowking-Galar, M|47/100
|
|upkeep
|turn|19
|
|t:|1779654298
|move|p2a: Slowking|Psychic Noise|p1a: Clodsire
|-supereffective|p1a: Clodsire
|-damage|p1a: Clodsire|50/100
|-start|p1a: Clodsire|move: Heal Block
|move|p1a: Clodsire|Liquidation|p2a: Slowking
|-damage|p2a: Slowking|31/100
|-unboost|p2a: Slowking|def|1
|
|upkeep
|turn|20
|
|t:|1779654318
|switch|p1a: Mimikyu|Mimikyu, M|100/100
|move|p2a: Slowking|Future Sight|p1a: Mimikyu
|-start|p2a: Slowking|move: Future Sight
|
|upkeep
|turn|21
|
|t:|1779654324
|move|p1a: Mimikyu|Night Shade|p2a: Slowking
|-damage|p2a: Slowking|6/100
|move|p2a: Slowking|Sludge Bomb|p1a: Mimikyu
|-activate|p1a: Mimikyu|ability: Disguise
|-damage|p1a: Mimikyu|100/100
|detailschange|p1a: Mimikyu|Mimikyu-Busted, M
|-damage|p1a: Mimikyu|88/100|[from] pokemon: Mimikyu-Busted
|
|upkeep
|turn|22
|
|t:|1779654334
|switch|p2a: Corviknight|Corviknight, F|100/100
|-ability|p2a: Corviknight|Pressure
|move|p1a: Mimikyu|Night Shade|p2a: Corviknight
|-damage|p2a: Corviknight|75/100
|
|-end|p1a: Mimikyu|move: Future Sight
|-damage|p1a: Mimikyu|13/100
|upkeep
|turn|23
|
|t:|1779654352
|switch|p2a: Slowking|Slowking-Galar, M|39/100
|move|p1a: Mimikyu|Pain Split|p2a: Slowking
|-sethp|p2a: Slowking|24/100|[from] move: Pain Split|[silent]
|-sethp|p1a: Mimikyu|37/100|[from] move: Pain Split
|
|upkeep
|turn|24
|
|t:|1779654361
|switch|p2a: Corviknight|Corviknight, F|75/100
|-ability|p2a: Corviknight|Pressure
|move|p1a: Mimikyu|Night Shade|p2a: Corviknight
|-damage|p2a: Corviknight|50/100
|
|upkeep
|turn|25
|
|t:|1779654366
|switch|p2a: Slowking|Slowking-Galar, M|57/100
|move|p1a: Mimikyu|Pain Split|p2a: Slowking
|-sethp|p2a: Slowking|40/100|[from] move: Pain Split|[silent]
|-sethp|p1a: Mimikyu|63/100|[from] move: Pain Split
|
|upkeep
|turn|26
|
|t:|1779654376
|move|p1a: Mimikyu|Night Shade|p2a: Slowking
|-damage|p2a: Slowking|15/100
|move|p2a: Slowking|Future Sight|p1a: Mimikyu
|-start|p2a: Slowking|move: Future Sight
|
|upkeep
|turn|27
|
|t:|1779654384
|switch|p2a: Corviknight|Corviknight, F|50/100
|-ability|p2a: Corviknight|Pressure
|move|p1a: Mimikyu|Pain Split|p2a: Corviknight
|-sethp|p2a: Corviknight|45/100|[from] move: Pain Split|[silent]
|-sethp|p1a: Mimikyu|71/100|[from] move: Pain Split
|
|upkeep
|turn|28
|
|t:|1779654394
|move|p1a: Mimikyu|Night Shade|p2a: Corviknight
|-damage|p2a: Corviknight|20/100
|move|p2a: Corviknight|Roost|p2a: Corviknight
|-heal|p2a: Corviknight|70/100
|-singleturn|p2a: Corviknight|move: Roost
|
|-end|p1a: Mimikyu|move: Future Sight
|-damage|p1a: Mimikyu|0 fnt
|faint|p1a: Mimikyu
|upkeep
|
|t:|1779654398
|switch|p1a: Gengar|Gengar, F|100/100
|turn|29
|
|t:|1779654406
|switch|p2a: Slowking|Slowking-Galar, M|48/100
|move|p1a: Gengar|Drain Punch|p2a: Slowking
|-resisted|p2a: Slowking
|-damage|p2a: Slowking|45/100
|
|upkeep
|turn|30
|
|t:|1779654410
|move|p1a: Gengar|Dark Pulse|p2a: Slowking
|-supereffective|p2a: Slowking
|-damage|p2a: Slowking|3/100
|move|p2a: Slowking|Future Sight|p1a: Gengar
|-start|p2a: Slowking|move: Future Sight
|
|upkeep
|turn|31
|
|t:|1779654418
|switch|p2a: Corviknight|Corviknight, F|70/100
|-ability|p2a: Corviknight|Pressure
|move|p1a: Gengar|Dark Pulse|p2a: Corviknight
|-damage|p2a: Corviknight|40/100
|
|upkeep
|turn|32
|
|t:|1779654425
|move|p1a: Gengar|Dark Pulse|p2a: Corviknight
|-damage|p2a: Corviknight|12/100
|move|p2a: Corviknight|Roost|p2a: Corviknight
|-heal|p2a: Corviknight|62/100
|-singleturn|p2a: Corviknight|move: Roost
|
|-end|p1a: Gengar|move: Future Sight
|-supereffective|p1a: Gengar
|-damage|p1a: Gengar|0 fnt
|faint|p1a: Gengar
|upkeep
|
|t:|1779654429
|switch|p1a: Breloom|Breloom, F|100/100
|turn|33
|
|t:|1779654438
|move|p1a: Breloom|Leech Seed|p2a: Corviknight
|-start|p2a: Corviknight|move: Leech Seed
|move|p2a: Corviknight|Iron Defense|p2a: Corviknight
|-boost|p2a: Corviknight|def|2
|
|-damage|p2a: Corviknight|49/100|[from] Leech Seed|[of] p1a: Breloom
|-status|p1a: Breloom|tox|[from] item: Toxic Orb
|upkeep
|turn|34
|
|t:|1779654444
|switch|p2a: Slowking|Slowking-Galar, M|36/100
|move|p1a: Breloom|Bulk Up|p1a: Breloom
|-boost|p1a: Breloom|atk|1
|-boost|p1a: Breloom|def|1
|
|upkeep
|turn|35
|
|t:|1779654451
|move|p1a: Breloom|Leech Seed|p2a: Slowking
|-start|p2a: Slowking|move: Leech Seed
|move|p2a: Slowking|Future Sight|p1a: Breloom
|-start|p2a: Slowking|move: Future Sight
|
|-damage|p2a: Slowking|23/100|[from] Leech Seed|[of] p1a: Breloom
|upkeep
|turn|36
|
|t:|1779654458
|switch|p2a: Rillaboom|Rillaboom, M|37/100
|-fieldstart|move: Grassy Terrain|[from] ability: Grassy Surge|[of] p2a: Rillaboom
|move|p1a: Breloom|Bulk Up|p1a: Breloom
|-boost|p1a: Breloom|atk|1
|-boost|p1a: Breloom|def|1
|
|-heal|p2a: Rillaboom|44/100|[from] Grassy Terrain
|upkeep
|turn|37
|
|t:|1779654466
|move|p2a: Rillaboom|U-turn|p1a: Breloom
|-damage|p1a: Breloom|85/100 tox
|
|t:|1779654469
|switch|p2a: Corviknight|Corviknight, F|49/100|[from] U-turn
|-ability|p2a: Corviknight|Pressure
|move|p1a: Breloom|Close Combat|p2a: Corviknight
|-damage|p2a: Corviknight|0 fnt
|-unboost|p1a: Breloom|def|1
|-unboost|p1a: Breloom|spd|1
|-damage|p1a: Breloom|69/100 tox|[from] item: Rocky Helmet|[of] p2a: Corviknight
|faint|p2a: Corviknight
|
|-end|p1a: Breloom|move: Future Sight
|-supereffective|p1a: Breloom
|-damage|p1a: Breloom|0 fnt
|faint|p1a: Breloom
|upkeep
|
|t:|1779654475
|switch|p1a: Clodsire|Clodsire, F|50/100
|switch|p2a: Slowking|Slowking-Galar, M|57/100
|turn|38
|
|t:|1779654480
|move|p2a: Slowking|Future Sight|p1a: Clodsire
|-start|p2a: Slowking|move: Future Sight
|move|p1a: Clodsire|Recover|p1a: Clodsire
|-heal|p1a: Clodsire|99/100
|
|-heal|p2a: Slowking|63/100|[from] Grassy Terrain
|-heal|p1a: Clodsire|100/100|[from] Grassy Terrain
|upkeep
|turn|39
|
|t:|1779654486
|move|p2a: Slowking|Psychic Noise|p1a: Clodsire
|-supereffective|p1a: Clodsire
|-damage|p1a: Clodsire|53/100
|-start|p1a: Clodsire|move: Heal Block
|move|p1a: Clodsire|Liquidation|p2a: Slowking
|-damage|p2a: Slowking|45/100
|-unboost|p2a: Slowking|def|1
|
|-heal|p2a: Slowking|52/100|[from] Grassy Terrain
|upkeep
|turn|40
|
|t:|1779654496
|-prepare|p2a: Slowking|Chilly Reception|[premajor]
|move|p2a: Slowking|Chilly Reception|p2a: Slowking
|-weather|Snowscape
|
|t:|1779654504
|switch|p2a: Incineroar|Incineroar, F|57/100|[from] Chilly Reception
|-ability|p2a: Incineroar|Intimidate|boost
|-unboost|p1a: Clodsire|atk|1
|move|p1a: Clodsire|Liquidation|p2a: Incineroar
|-supereffective|p2a: Incineroar
|-damage|p2a: Incineroar|35/100
|-enditem|p2a: Incineroar|Sitrus Berry|[eat]
|-heal|p2a: Incineroar|60/100|[from] item: Sitrus Berry
|
|-weather|Snowscape|[upkeep]
|-end|p1a: Clodsire|move: Future Sight
|-supereffective|p1a: Clodsire
|-damage|p1a: Clodsire|0 fnt
|faint|p1a: Clodsire
|-heal|p2a: Incineroar|66/100|[from] Grassy Terrain
|upkeep
|
|t:|1779654507
|switch|p1a: Dragapult|Dragapult, M|9/100
|turn|41
|
|t:|1779654515
|move|p1a: Dragapult|Dragon Darts|p2a: Incineroar
|-damage|p2a: Incineroar|38/100
|-anim|p1a: Dragapult|Dragon Darts|p2a: Incineroar
|-damage|p2a: Incineroar|11/100
|move|p2a: Incineroar|Knock Off|p1a: Dragapult
|-supereffective|p1a: Dragapult
|-damage|p1a: Dragapult|0 fnt
|-enditem|p1a: Dragapult|Leftovers|[from] move: Knock Off|[of] p2a: Incineroar
|faint|p1a: Dragapult
|
|win|Cakdink
|raw|jimbo1476's rating: 1079 &rarr; <strong>1061</strong><br />(-18 for losing)
|raw|Cakdink's rating: 1141 &rarr; <strong>1162</strong><br />(+21 for winning)
|l|☆jimbo1476
|player|p1|
