|j|☆Sensei Oykas
|j|☆erjuanzas
|t:|1779699827
|gametype|singles
|player|p1|Sensei Oykas|scientist|1459
|player|p2|erjuanzas|linebacker|1418
|gen|9
|tier|[Gen 9] OU
|rated|
|rule|HP Percentage Mod: HP is shown in percentages
|rule|Endless Battle Clause: Forcing endless battles is banned
|rule|Species Clause: Limit one of each Pokémon
|rule|OHKO Clause: OHKO moves are banned
|rule|Evasion Items Clause: Evasion items are banned
|rule|Evasion Moves Clause: Evasion moves are banned
|rule|Evasion Abilities Clause: Evasion abilities are banned
|rule|Sleep Moves Clause: Sleep-inducing moves are banned
|clearpoke
|poke|p1|Raging Bolt|
|poke|p1|Meowscarada, M|
|poke|p1|Corviknight, M|
|poke|p1|Slowking-Galar, M|
|poke|p1|Heatran, F|
|poke|p1|Iron Valiant|
|poke|p2|Pelipper, M|
|poke|p2|Ludicolo, M|
|poke|p2|Iron Treads|
|poke|p2|Landorus-Therian, M|
|poke|p2|Barraskewda, M|
|poke|p2|Basculegion-F, F|
|teampreview
|
|t:|1779699842
|teamsize|p1|6
|teamsize|p2|6
|start
|switch|p1a: Raging Bolt|Raging Bolt|100/100
|switch|p2a: Chanao|Iron Treads, shiny|100/100
|turn|1
|inactive|Battle timer is ON: inactive players will automatically lose when time's up. (requested by erjuanzas)
|
|t:|1779699850
|-end|p1a: Raging Bolt|Protosynthesis|[silent]
|switch|p1a: Corviknight|Corviknight, M, shiny|100/100
|-ability|p1a: Corviknight|Pressure
|move|p2a: Chanao|Volt Switch|p1a: Corviknight
|-supereffective|p1a: Corviknight
|-damage|p1a: Corviknight|79/100
|
|t:|1779699854
|-end|p2a: Chanao|Quark Drive|[silent]
|switch|p2a: Pelipas|Pelipper, M, shiny|100/100|[from] Volt Switch
|-weather|RainDance|[from] ability: Drizzle|[of] p2a: Pelipas
|
|-weather|RainDance|[upkeep]
|upkeep
|turn|2
|
|t:|1779699857
|switch|p1a: Raging Bolt|Raging Bolt|100/100
|move|p2a: Pelipas|U-turn|p1a: Raging Bolt
|-crit|p1a: Raging Bolt
|-damage|p1a: Raging Bolt|87/100
|
|t:|1779699861
|switch|p2a: Chanao|Iron Treads, shiny|100/100|[from] U-turn
|
|-weather|RainDance|[upkeep]
|upkeep
|turn|3
|
|t:|1779699863
|-end|p1a: Raging Bolt|Protosynthesis|[silent]
|switch|p1a: Corviknight|Corviknight, M, shiny|79/100
|-ability|p1a: Corviknight|Pressure
|move|p2a: Chanao|Earthquake|p1a: Corviknight
|-immune|p1a: Corviknight
|
|-weather|RainDance|[upkeep]
|upkeep
|turn|4
|
|t:|1779699865
|move|p2a: Chanao|Volt Switch|p1a: Corviknight
|-supereffective|p1a: Corviknight
|-damage|p1a: Corviknight|58/100
|
|t:|1779699872
|-end|p2a: Chanao|Quark Drive|[silent]
|switch|p2a: Miauni|Basculegion-F, F, shiny|100/100|[from] Volt Switch
|move|p1a: Corviknight|U-turn|p2a: Miauni
|-resisted|p2a: Miauni
|-damage|p2a: Miauni|92/100
|
|t:|1779699879
|switch|p1a: Meowscarada|Meowscarada, M, shiny|100/100|[from] U-turn
|
|-weather|RainDance|[upkeep]
|upkeep
|turn|5
|
|t:|1779699883
|move|p1a: Meowscarada|Knock Off|p2a: Miauni
|-start|p1a: Meowscarada|typechange|Dark|[from] ability: Protean
|-supereffective|p2a: Miauni
|-damage|p2a: Miauni|0 fnt
|-enditem|p2a: Miauni|Life Orb|[from] move: Knock Off|[of] p1a: Meowscarada
|faint|p2a: Miauni
|
|-weather|RainDance|[upkeep]
|upkeep
|
|t:|1779699889
|switch|p2a: La cabra|Barraskewda, M|100/100
|turn|6
|
|t:|1779699898
|switch|p1a: Heatran|Heatran, F|100/100
|-terastallize|p2a: La cabra|Water
|move|p2a: La cabra|Flip Turn|p1a: Heatran
|-supereffective|p1a: Heatran
|-damage|p1a: Heatran|0 fnt
|faint|p1a: Heatran
|
|t:|1779699905
|switch|p2a: Loco|Ludicolo, M, shiny|100/100|[from] Flip Turn
|
|-weather|RainDance|[upkeep]
|upkeep
|
|t:|1779699916
|switch|p1a: Meowscarada|Meowscarada, M, shiny|100/100
|turn|7
|
|t:|1779699926
|move|p1a: Meowscarada|U-turn|p2a: Loco
|-start|p1a: Meowscarada|typechange|Bug|[from] ability: Protean
|-supereffective|p2a: Loco
|-damage|p2a: Loco|6/100
|
|t:|1779699930
|switch|p1a: Slowking|Slowking-Galar, M|100/100|[from] U-turn
|move|p2a: Loco|Surf|p1a: Slowking
|-damage|p1a: Slowking|57/100
|-damage|p2a: Loco|0 fnt|[from] item: Life Orb
|faint|p2a: Loco
|
|-weather|RainDance|[upkeep]
|upkeep
|
|t:|1779699934
|switch|p2a: La cabra|Barraskewda, M, tera:Water|100/100
|turn|8
|
|t:|1779699949
|switch|p1a: Corviknight|Corviknight, M, shiny|58/100
|-ability|p1a: Corviknight|Pressure
|move|p2a: La cabra|Flip Turn|p1a: Corviknight
|-damage|p1a: Corviknight|0 fnt
|-damage|p2a: La cabra|84/100|[from] item: Rocky Helmet|[of] p1a: Corviknight
|faint|p1a: Corviknight
|
|t:|1779699953
|switch|p2a: Chanao|Iron Treads, shiny|100/100|[from] Flip Turn
|
|-weather|none
|upkeep
|
|t:|1779699959
|switch|p1a: Iron Valiant|Iron Valiant, shiny|100/100
|-enditem|p1a: Iron Valiant|Booster Energy
|-activate|p1a: Iron Valiant|ability: Quark Drive|[fromitem]
|-start|p1a: Iron Valiant|quarkdrivespe
|turn|9
|
|t:|1779699963
|move|p1a: Iron Valiant|Close Combat|p2a: Chanao
|-supereffective|p2a: Chanao
|-damage|p2a: Chanao|8/100
|-unboost|p1a: Iron Valiant|def|1
|-unboost|p1a: Iron Valiant|spd|1
|move|p2a: Chanao|Iron Head|p1a: Iron Valiant
|-supereffective|p1a: Iron Valiant
|-damage|p1a: Iron Valiant|0 fnt
|faint|p1a: Iron Valiant
|-end|p1a: Iron Valiant|Quark Drive|[silent]
|
|upkeep
|
|t:|1779699966
|switch|p1a: Meowscarada|Meowscarada, M, shiny|100/100
|turn|10
|
|t:|1779699976
|move|p1a: Meowscarada|U-turn|p2a: Chanao
|-start|p1a: Meowscarada|typechange|Bug|[from] ability: Protean
|-resisted|p2a: Chanao
|-damage|p2a: Chanao|0 fnt
|faint|p2a: Chanao
|-end|p2a: Chanao|Quark Drive|[silent]
|
|t:|1779699980
|switch|p1a: Raging Bolt|Raging Bolt|87/100|[from] U-turn
|
|upkeep
|inactive|erjuanzas has 120 seconds left.
|inactive|erjuanzas has 90 seconds left.
|inactive|erjuanzas has 60 seconds left.
|inactive|erjuanzas has 30 seconds left.
|inactive|erjuanzas has 20 seconds left.
|inactive|erjuanzas has 15 seconds left.
|inactive|erjuanzas has 10 seconds left.
|inactive|erjuanzas has 5 seconds left.
|-message|erjuanzas lost due to inactivity.
|
|win|Sensei Oykas
|raw|Sensei Oykas's rating: 1459 &rarr; <strong>1477</strong><br />(+18 for winning)
|raw|erjuanzas's rating: 1418 &rarr; <strong>1400</strong><br />(-18 for losing)
|l|☆Sensei Oykas
|player|p1|
|l|☆erjuanzas
|player|p2|
