|j|☆ShakWasTaken
|j|☆Harriberri
|t:|1779689636
|gametype|singles
|player|p1|ShakWasTaken|n|1053
|player|p2|Harriberri|lyra|1024
|gen|9
|tier|[Gen 9] OU
|rated|
|rule|HP Percentage Mod: HP is shown in percentages
|rule|Endless Battle Clause: Forcing endless battles is banned
|rule|Species Clause: Limit one of each Pokémon
|rule|OHKO Clause: OHKO moves are banned
|rule|Evasion Items Clause: Evasion items are banned
|rule|Evasion Moves Clause: Evasion moves are banned
|rule|Evasion Abilities Clause: Evasion abilities are banned
|rule|Sleep Moves Clause: Sleep-inducing moves are banned
|clearpoke
|poke|p1|Glaceon, F|
|poke|p1|Greninja-*, M|
|poke|p1|Meowscarada, M|
|poke|p1|Garchomp, F|
|poke|p1|Gengar, M|
|poke|p1|Incineroar, M|
|poke|p2|Tinkaton, F|
|poke|p2|Great Tusk|
|poke|p2|Primarina, F|
|poke|p2|Garchomp, F|
|poke|p2|Kommo-o, M|
|poke|p2|Ceruledge, M|
|teampreview
|
|t:|1779689647
|teamsize|p1|6
|teamsize|p2|6
|start
|switch|p1a: Fleur|Meowscarada, M|100/100
|switch|p2a: caelum|Great Tusk|100/100
|turn|1
|
|t:|1779689655
|move|p1a: Fleur|U-turn|p2a: caelum
|-start|p1a: Fleur|typechange|Bug|[from] ability: Protean
|-resisted|p2a: caelum
|-damage|p2a: caelum|89/100
|
|t:|1779689667
|switch|p1a: Gengar|Gengar, M|100/100|[from] U-turn
|move|p2a: caelum|Ice Spinner|p1a: Gengar
|-damage|p1a: Gengar|46/100
|
|upkeep
|turn|2
|
|t:|1779689699
|switch|p1a: Incineroar|Incineroar, M|100/100
|-ability|p1a: Incineroar|Intimidate|boost
|-unboost|p2a: caelum|atk|1
|move|p2a: caelum|Headlong Rush|p1a: Incineroar
|-supereffective|p1a: Incineroar
|-damage|p1a: Incineroar|21/100
|-unboost|p2a: caelum|def|1
|-unboost|p2a: caelum|spd|1
|
|upkeep
|turn|3
|
|t:|1779689711
|move|p2a: caelum|Earthquake|p1a: Incineroar
|-supereffective|p1a: Incineroar
|-damage|p1a: Incineroar|0 fnt
|faint|p1a: Incineroar
|
|upkeep
|
|t:|1779689721
|switch|p1a: Greninja|Greninja, M|100/100
|turn|4
|
|t:|1779689734
|-end|p2a: caelum|Protosynthesis|[silent]
|switch|p2a: oceria|Primarina, F|100/100
|move|p1a: Greninja|Hydro Pump|p2a: oceria|[miss]
|-miss|p1a: Greninja|p2a: oceria
|
|upkeep
|turn|5
|
|t:|1779689744
|move|p1a: Greninja|U-turn|p2a: oceria
|-resisted|p2a: oceria
|-damage|p2a: oceria|92/100
|
|t:|1779689759
|switch|p1a: Gengar|Gengar, M|46/100|[from] U-turn
|move|p2a: oceria|Moonblast|p1a: Gengar
|-resisted|p1a: Gengar
|-damage|p1a: Gengar|2/100
|
|upkeep
|turn|6
|
|t:|1779689770
|move|p1a: Gengar|Sludge Wave|p2a: oceria
|-supereffective|p2a: oceria
|-damage|p2a: oceria|14/100
|move|p2a: oceria|Moonblast|p1a: Gengar
|-resisted|p1a: Gengar
|-damage|p1a: Gengar|0 fnt
|faint|p1a: Gengar
|
|upkeep
|
|t:|1779689784
|switch|p1a: Garchomp|Garchomp, F|100/100
|turn|7
|
|t:|1779689791
|switch|p2a: kokoe|Kommo-o, M|100/100
|move|p1a: Garchomp|Iron Head|p2a: kokoe
|-damage|p2a: kokoe|75/100
|
|-heal|p2a: kokoe|82/100|[from] item: Leftovers
|upkeep
|turn|8
|
|t:|1779689802
|move|p1a: Garchomp|Scale Shot|p2a: kokoe
|-supereffective|p2a: kokoe
|-damage|p2a: kokoe|57/100
|-supereffective|p2a: kokoe
|-damage|p2a: kokoe|30/100
|-supereffective|p2a: kokoe
|-damage|p2a: kokoe|3/100
|-supereffective|p2a: kokoe
|-damage|p2a: kokoe|0 fnt
|faint|p2a: kokoe
|-hitcount|p2: kokoe|4
|-unboost|p1a: Garchomp|def|1
|-boost|p1a: Garchomp|spe|1
|
|upkeep
|
|t:|1779689814
|switch|p2a: magnolia|Garchomp, F|100/100
|turn|9
|
|t:|1779689821
|-terastallize|p1a: Garchomp|Fire
|move|p1a: Garchomp|Swords Dance|p1a: Garchomp
|-boost|p1a: Garchomp|atk|2
|move|p2a: magnolia|Dragon Claw|p1a: Garchomp
|-damage|p1a: Garchomp|37/100
|-damage|p2a: magnolia|88/100|[from] ability: Rough Skin|[of] p1a: Garchomp
|
|upkeep
|turn|10
|
|t:|1779689831
|-terastallize|p2a: magnolia|Dragon
|move|p2a: magnolia|Dragon Claw|p1a: Garchomp
|-damage|p1a: Garchomp|0 fnt
|-damage|p2a: magnolia|76/100|[from] ability: Rough Skin|[of] p1a: Garchomp
|faint|p1a: Garchomp
|
|upkeep
|
|t:|1779689840
|switch|p1a: Greninja|Greninja, M|100/100
|turn|11
|
|t:|1779689844
|move|p2a: magnolia|Dragon Claw|p1a: Greninja
|-damage|p1a: Greninja|13/100
|move|p1a: Greninja|Blizzard|p2a: magnolia|[miss]
|-miss|p1a: Greninja|p2a: magnolia
|
|upkeep
|turn|12
|
|t:|1779689851
|move|p2a: magnolia|Dragon Claw|p1a: Greninja
|-damage|p1a: Greninja|0 fnt
|faint|p1a: Greninja
|
|upkeep
|
|t:|1779689860
|switch|p1a: Fleur|Meowscarada, M|100/100
|turn|13
|
|t:|1779689869
|switch|p2a: roselyn|Tinkaton, F|100/100
|-ability|p2a: roselyn|Mold Breaker
|move|p1a: Fleur|Triple Axel|p2a: roselyn
|-start|p1a: Fleur|typechange|Ice|[from] ability: Protean
|-resisted|p2a: roselyn
|-damage|p2a: roselyn|95/100
|-resisted|p2a: roselyn
|-damage|p2a: roselyn|85/100
|-resisted|p2a: roselyn
|-damage|p2a: roselyn|70/100
|-hitcount|p2a: roselyn|3
|
|-heal|p2a: roselyn|76/100|[from] item: Leftovers
|upkeep
|turn|14
|
|t:|1779689885
|switch|p1a: Snowflake|Glaceon, F|100/100
|move|p2a: roselyn|Thunder Wave|p1a: Snowflake
|-status|p1a: Snowflake|par
|
|-heal|p2a: roselyn|82/100|[from] item: Leftovers
|upkeep
|turn|15
|
|t:|1779689899
|switch|p2a: auden|Ceruledge, M|100/100
|move|p1a: Snowflake|Shadow Ball|p2a: auden
|-supereffective|p2a: auden
|-damage|p2a: auden|31/100
|
|upkeep
|turn|16
|
|t:|1779689915
|move|p2a: auden|Bitter Blade|p1a: Snowflake
|-supereffective|p1a: Snowflake
|-damage|p1a: Snowflake|0 fnt
|-heal|p2a: auden|78/100|[from] drain|[of] p1a: Snowflake
|faint|p1a: Snowflake
|
|upkeep
|
|t:|1779689924
|switch|p1a: Fleur|Meowscarada, M|100/100
|turn|17
|
|t:|1779689943
|move|p1a: Fleur|Knock Off|p2a: auden
|-start|p1a: Fleur|typechange|Dark|[from] ability: Protean
|-supereffective|p2a: auden
|-damage|p2a: auden|0 fnt
|-enditem|p2a: auden|Heavy-Duty Boots|[from] move: Knock Off|[of] p1a: Fleur
|faint|p2a: auden
|
|upkeep
|
|t:|1779689952
|switch|p2a: magnolia|Garchomp, F, tera:Dragon|76/100
|turn|18
|
|t:|1779689956
|move|p1a: Fleur|Knock Off|p2a: magnolia
|-damage|p2a: magnolia|30/100
|-damage|p1a: Fleur|88/100|[from] ability: Rough Skin|[of] p2a: magnolia
|-enditem|p2a: magnolia|Choice Scarf|[from] move: Knock Off|[of] p1a: Fleur
|move|p2a: magnolia|Fire Fang|p1a: Fleur
|-damage|p1a: Fleur|52/100
|
|upkeep
|turn|19
|
|t:|1779689968
|switch|p2a: caelum|Great Tusk|89/100
|move|p1a: Fleur|Knock Off|p2a: caelum
|-resisted|p2a: caelum
|-damage|p2a: caelum|73/100
|-enditem|p2a: caelum|Heavy-Duty Boots|[from] move: Knock Off|[of] p1a: Fleur
|
|upkeep
|turn|20
|
|t:|1779689979
|move|p1a: Fleur|Knock Off|p2a: caelum
|-resisted|p2a: caelum
|-damage|p2a: caelum|63/100
|move|p2a: caelum|Ice Spinner|p1a: Fleur
|-damage|p1a: Fleur|6/100
|
|upkeep
|turn|21
|
|t:|1779689992
|move|p1a: Fleur|Knock Off|p2a: caelum
|-resisted|p2a: caelum
|-damage|p2a: caelum|52/100
|move|p2a: caelum|Headlong Rush|p1a: Fleur
|-damage|p1a: Fleur|0 fnt
|-unboost|p2a: caelum|def|1
|-unboost|p2a: caelum|spd|1
|faint|p1a: Fleur
|
|win|Harriberri
|raw|ShakWasTaken's rating: 1053 &rarr; <strong>1034</strong><br />(-19 for losing)
|raw|Harriberri's rating: 1024 &rarr; <strong>1063</strong><br />(+39 for winning)
|l|☆ShakWasTaken
|player|p1|
