|j|☆gardevoirandvapo
|j|☆bundyx
|t:|1779697033
|gametype|singles
|player|p1|gardevoirandvapo|2|1127
|player|p2|bundyx|worker|1160
|gen|9
|tier|[Gen 9] OU
|rated|
|rule|HP Percentage Mod: HP is shown in percentages
|rule|Endless Battle Clause: Forcing endless battles is banned
|rule|Species Clause: Limit one of each Pokémon
|rule|OHKO Clause: OHKO moves are banned
|rule|Evasion Items Clause: Evasion items are banned
|rule|Evasion Moves Clause: Evasion moves are banned
|rule|Evasion Abilities Clause: Evasion abilities are banned
|rule|Sleep Moves Clause: Sleep-inducing moves are banned
|clearpoke
|poke|p1|Tinkaton, F|
|poke|p1|Smeargle, F|
|poke|p1|Dragapult, M|
|poke|p1|Mismagius, M|
|poke|p1|Mew|
|poke|p1|Scovillain, M|
|poke|p2|Pelipper, M|
|poke|p2|Gliscor, M|
|poke|p2|Slowbro-Galar, M|
|poke|p2|Kingambit, F|
|poke|p2|Quaquaval, M|
|poke|p2|Regieleki|
|teampreview
|
|t:|1779697045
|teamsize|p1|6
|teamsize|p2|6
|start
|switch|p1a: Smeargle|Smeargle, F|100/100
|switch|p2a: Gliscor|Gliscor, M|100/100
|turn|1
|inactive|Battle timer is ON: inactive players will automatically lose when time's up. (requested by gardevoirandvapo)
|
|t:|1779697059
|move|p1a: Smeargle|Toxic Spikes|p2a: Gliscor
|-sidestart|p2: bundyx|move: Toxic Spikes
|move|p2a: Gliscor|Stealth Rock|p1a: Smeargle
|-sidestart|p1: gardevoirandvapo|move: Stealth Rock
|
|-status|p2a: Gliscor|tox|[from] item: Toxic Orb
|upkeep
|turn|2
|
|t:|1779697067
|move|p1a: Smeargle|Stone Axe|p2a: Gliscor
|-damage|p2a: Gliscor|98/100 tox
|-sidestart|p2: bundyx|move: Stealth Rock
|move|p2a: Gliscor|Toxic|p1a: Smeargle
|-status|p1a: Smeargle|tox
|
|-damage|p1a: Smeargle|94/100 tox|[from] psn
|-heal|p2a: Gliscor|100/100 tox|[from] ability: Poison Heal
|upkeep
|turn|3
|
|t:|1779697080
|move|p1a: Smeargle|Burning Bulwark|p1a: Smeargle
|-singleturn|p1a: Smeargle|move: Protect
|move|p2a: Gliscor|Knock Off|p1a: Smeargle
|-activate|p1a: Smeargle|move: Protect
|
|-damage|p1a: Smeargle|82/100 tox|[from] psn
|upkeep
|turn|4
|
|t:|1779697086
|move|p1a: Smeargle|Ceaseless Edge|p2a: Gliscor
|-damage|p2a: Gliscor|97/100 tox
|-sidestart|p2: bundyx|Spikes
|move|p2a: Gliscor|Knock Off|p1a: Smeargle
|-damage|p1a: Smeargle|28/100 tox
|-enditem|p1a: Smeargle|Focus Sash|[from] move: Knock Off|[of] p2a: Gliscor
|
|-damage|p1a: Smeargle|9/100 tox|[from] psn
|-heal|p2a: Gliscor|100/100 tox|[from] ability: Poison Heal
|upkeep
|turn|5
|
|t:|1779697098
|move|p1a: Smeargle|Ceaseless Edge|p2a: Gliscor
|-damage|p2a: Gliscor|97/100 tox
|-sidestart|p2: bundyx|Spikes
|move|p2a: Gliscor|Knock Off|p1a: Smeargle
|-damage|p1a: Smeargle|0 fnt
|faint|p1a: Smeargle
|
|-heal|p2a: Gliscor|100/100 tox|[from] ability: Poison Heal
|upkeep
|inactive|gardevoirandvapo has 120 seconds left.
|
|t:|1779697134
|switch|p1a: Mismagius|Mismagius, M, shiny|100/100
|-damage|p1a: Mismagius|88/100|[from] Stealth Rock
|turn|6
|
|t:|1779697139
|-terastallize|p1a: Mismagius|Ghost
|move|p1a: Mismagius|Hex|p2a: Gliscor
|-damage|p2a: Gliscor|0 fnt
|faint|p2a: Gliscor
|
|upkeep
|
|t:|1779697160
|switch|p2a: Quaquaval|Quaquaval, M, shiny|100/100
|-status|p2a: Quaquaval|psn
|-damage|p2a: Quaquaval|94/100 psn|[from] Stealth Rock
|-damage|p2a: Quaquaval|78/100 psn|[from] Spikes
|turn|7
|
|t:|1779697174
|move|p1a: Mismagius|Hex|p2a: Quaquaval
|-damage|p2a: Quaquaval|0 fnt
|faint|p2a: Quaquaval
|
|upkeep
|inactive|bundyx has 120 seconds left.
|
|t:|1779697200
|switch|p2a: Pelipper|Pelipper, M, shiny|100/100
|-damage|p2a: Pelipper|76/100|[from] Stealth Rock
|-weather|RainDance|[from] ability: Drizzle|[of] p2a: Pelipper
|turn|8
|
|t:|1779697210
|move|p1a: Mismagius|Hex|p2a: Pelipper
|-damage|p2a: Pelipper|25/100
|move|p2a: Pelipper|Hurricane|p1a: Mismagius
|-damage|p1a: Mismagius|46/100
|
|-weather|RainDance|[upkeep]
|upkeep
|turn|9
|
|t:|1779697231
|move|p1a: Mismagius|Hex|p2a: Pelipper
|-damage|p2a: Pelipper|0 fnt
|faint|p2a: Pelipper
|
|-weather|RainDance|[upkeep]
|upkeep
|
|t:|1779697236
|switch|p2a: Regieleki|Regieleki|100/100
|-status|p2a: Regieleki|psn
|-damage|p2a: Regieleki|88/100 psn|[from] Stealth Rock
|-damage|p2a: Regieleki|72/100 psn|[from] Spikes
|turn|10
|
|t:|1779697246
|move|p2a: Regieleki|Thunder|p1a: Mismagius
|-damage|p1a: Mismagius|0 fnt
|faint|p1a: Mismagius
|-damage|p2a: Regieleki|62/100 psn|[from] item: Life Orb
|
|-weather|RainDance|[upkeep]
|-damage|p2a: Regieleki|49/100 psn|[from] psn
|upkeep
|
|t:|1779697259
|switch|p1a: Dragapult|Dragapult, M|100/100
|turn|11
|inactive|bundyx has 120 seconds left.
|
|t:|1779697277
|move|p2a: Regieleki|Volt Switch|p1a: Dragapult
|-resisted|p1a: Dragapult
|-damage|p1a: Dragapult|65/100
|-damage|p2a: Regieleki|39/100 psn|[from] item: Life Orb
|
|t:|1779697290
|switch|p2a: Kingambit|Kingambit, F|100/100|[from] Volt Switch
|-damage|p2a: Kingambit|94/100|[from] Stealth Rock
|-damage|p2a: Kingambit|78/100|[from] Spikes
|-activate|p2a: Kingambit|ability: Supreme Overlord
|-start|p2a: Kingambit|fallen3|[silent]
|move|p1a: Dragapult|Hex|p2a: Kingambit
|-resisted|p2a: Kingambit
|-damage|p2a: Kingambit|65/100
|
|-weather|RainDance|[upkeep]
|upkeep
|turn|12
|
|t:|1779697309
|switch|p1a: Tinkaton|Tinkaton, F|100/100
|-damage|p1a: Tinkaton|94/100|[from] Stealth Rock
|-ability|p1a: Tinkaton|Mold Breaker
|move|p2a: Kingambit|Swords Dance|p2a: Kingambit
|-boost|p2a: Kingambit|atk|2
|
|-weather|RainDance|[upkeep]
|-heal|p1a: Tinkaton|100/100|[from] item: Leftovers
|upkeep
|turn|13
|inactive|bundyx has 90 seconds left.
|
|t:|1779697348
|move|p1a: Tinkaton|Encore|p2a: Kingambit
|-start|p2a: Kingambit|Encore
|move|p2a: Kingambit|Swords Dance|p2a: Kingambit
|-boost|p2a: Kingambit|atk|2
|
|-weather|RainDance|[upkeep]
|upkeep
|turn|14
|
|t:|1779697368
|move|p1a: Tinkaton|Thunder Wave|p2a: Kingambit
|-status|p2a: Kingambit|par
|cant|p2a: Kingambit|par
|
|-weather|RainDance|[upkeep]
|upkeep
|turn|15
|
|t:|1779697393
|move|p1a: Tinkaton|Gigaton Hammer|p2a: Kingambit
|-resisted|p2a: Kingambit
|-damage|p2a: Kingambit|48/100 par
|move|p2a: Kingambit|Swords Dance|p2a: Kingambit
|-boost|p2a: Kingambit|atk|2
|
|-weather|none
|-end|p2a: Kingambit|Encore
|upkeep
|turn|16
|
|t:|1779697402
|move|p1a: Tinkaton|Encore|p2a: Kingambit
|-start|p2a: Kingambit|Encore
|move|p2a: Kingambit|Swords Dance|p2a: Kingambit
|-boost|p2a: Kingambit|atk|0
|
|upkeep
|turn|17
|inactive|bundyx has 90 seconds left.
|
|t:|1779697412
|move|p1a: Tinkaton|Gigaton Hammer|p2a: Kingambit
|-resisted|p2a: Kingambit
|-damage|p2a: Kingambit|32/100 par
|move|p2a: Kingambit|Swords Dance|p2a: Kingambit
|-boost|p2a: Kingambit|atk|0
|
|upkeep
|turn|18
|inactive|bundyx has 90 seconds left.
|
|t:|1779697423
|-end|p2a: Kingambit|fallen3|[silent]
|switch|p2a: Regieleki|Regieleki|39/100 psn
|-damage|p2a: Regieleki|27/100 psn|[from] Stealth Rock
|-damage|p2a: Regieleki|10/100 psn|[from] Spikes
|move|p1a: Tinkaton|Stealth Rock||[still]
|-fail|p1a: Tinkaton
|
|-damage|p2a: Regieleki|0 fnt|[from] psn
|faint|p2a: Regieleki
|upkeep
|inactive|bundyx has 90 seconds left.
|
|t:|1779697433
|switch|p2a: Slowbro|Slowbro-Galar, M|100/100
|-sideend|p2: bundyx|move: Toxic Spikes|[of] p2a: Slowbro
|-damage|p2a: Slowbro|88/100|[from] Stealth Rock
|-damage|p2a: Slowbro|72/100|[from] Spikes
|turn|19
|
|t:|1779697450
|move|p1a: Tinkaton|Thunder Wave|p2a: Slowbro
|-status|p2a: Slowbro|par
|cant|p2a: Slowbro|par
|
|-heal|p2a: Slowbro|78/100 par|[from] item: Leftovers
|upkeep
|turn|20
|
|t:|1779697458
|move|p1a: Tinkaton|Gigaton Hammer|p2a: Slowbro
|-damage|p2a: Slowbro|40/100 par
|move|p2a: Slowbro|Trick Room|p2a: Slowbro
|-fieldstart|move: Trick Room|[of] p2a: Slowbro
|
|-heal|p2a: Slowbro|46/100 par|[from] item: Leftovers
|upkeep
|turn|21
|
|t:|1779697469
|switch|p1a: Scovillain|Scovillain, M|100/100
|-damage|p1a: Scovillain|75/100|[from] Stealth Rock
|move|p2a: Slowbro|Psychic|p1a: Scovillain
|-damage|p1a: Scovillain|0 fnt
|faint|p1a: Scovillain
|
|-heal|p2a: Slowbro|52/100 par|[from] item: Leftovers
|upkeep
|
|t:|1779697489
|switch|p1a: Mew|Mew|100/100
|-damage|p1a: Mew|88/100|[from] Stealth Rock
|turn|22
|
|t:|1779697495
|move|p2a: Slowbro|Shell Side Arm|p1a: Mew|[anim] Shell Side Arm Special
|-damage|p1a: Mew|57/100
|-hint|Special Shell Side Arm
|move|p1a: Mew|Psychic Terrain|p1a: Mew
|-fieldstart|move: Psychic Terrain
|
|-heal|p2a: Slowbro|58/100 par|[from] item: Leftovers
|upkeep
|turn|23
|inactive|bundyx has 120 seconds left.
|
|t:|1779697503
|move|p2a: Slowbro|Shell Side Arm|p1a: Mew|[anim] Shell Side Arm Special
|-damage|p1a: Mew|26/100
|-hint|Special Shell Side Arm
|move|p1a: Mew|Expanding Force|p2a: Slowbro
|-damage|p2a: Slowbro|0 fnt
|faint|p2a: Slowbro
|
|upkeep
|inactive|bundyx has 120 seconds left.
|
|t:|1779697509
|switch|p2a: Kingambit|Kingambit, F|32/100 par
|-damage|p2a: Kingambit|26/100 par|[from] Stealth Rock
|-damage|p2a: Kingambit|9/100 par|[from] Spikes
|-activate|p2a: Kingambit|ability: Supreme Overlord
|-start|p2a: Kingambit|fallen5|[silent]
|turn|24
|inactive|bundyx has 120 seconds left.
|
|t:|1779697537
|move|p2a: Kingambit|Iron Head|p1a: Mew
|-damage|p1a: Mew|0 fnt
|faint|p1a: Mew
|
|-fieldend|move: Trick Room
|upkeep
|
|t:|1779697543
|switch|p1a: Dragapult|Dragapult, M|65/100
|turn|25
|
|t:|1779697553
|move|p1a: Dragapult|Flamethrower|p2a: Kingambit
|-supereffective|p2a: Kingambit
|-damage|p2a: Kingambit|0 fnt
|faint|p2a: Kingambit
|-end|p2a: Kingambit|fallen5|[silent]
|
|win|gardevoirandvapo
|raw|gardevoirandvapo's rating: 1127 &rarr; <strong>1154</strong><br />(+27 for winning)
|raw|bundyx's rating: 1160 &rarr; <strong>1133</strong><br />(-27 for losing)
|c|☆gardevoirandvapo|Gg
|l|☆bundyx
|player|p2|
