|j|☆xilandrekawaiuwu
|j|☆Five Knight
|t:|1779716536
|gametype|singles
|player|p1|xilandrekawaiuwu|266|1059
|player|p2|Five Knight|red|1084
|gen|9
|tier|[Gen 9] OU
|rated|
|rule|HP Percentage Mod: HP is shown in percentages
|rule|Endless Battle Clause: Forcing endless battles is banned
|rule|Species Clause: Limit one of each Pokémon
|rule|OHKO Clause: OHKO moves are banned
|rule|Evasion Items Clause: Evasion items are banned
|rule|Evasion Moves Clause: Evasion moves are banned
|rule|Evasion Abilities Clause: Evasion abilities are banned
|rule|Sleep Moves Clause: Sleep-inducing moves are banned
|clearpoke
|poke|p1|Blaziken, M|
|poke|p1|Donphan, M|
|poke|p1|Goodra-Hisui, M|
|poke|p1|Cloyster, F|
|poke|p1|Heracross, F|
|poke|p1|Conkeldurr, M|
|poke|p2|Charizard, M|
|poke|p2|Greninja-*, M|
|poke|p2|Lucario, M|
|poke|p2|Gardevoir, F|
|poke|p2|Ampharos, M|
|poke|p2|Garchomp, M|
|teampreview
|inactive|Battle timer is ON: inactive players will automatically lose when time's up. (requested by Five Knight)
|
|t:|1779716545
|teamsize|p1|6
|teamsize|p2|6
|start
|switch|p1a: Cloyster|Cloyster, F|100/100
|switch|p2a: Garchomp|Garchomp, M|100/100
|turn|1
|
|t:|1779716557
|move|p2a: Garchomp|Stealth Rock|p1a: Cloyster
|-sidestart|p1: xilandrekawaiuwu|move: Stealth Rock
|move|p1a: Cloyster|Shell Smash|p1a: Cloyster
|-unboost|p1a: Cloyster|def|1
|-unboost|p1a: Cloyster|spd|1
|-boost|p1a: Cloyster|atk|2
|-boost|p1a: Cloyster|spa|2
|-boost|p1a: Cloyster|spe|2
|
|upkeep
|turn|2
|
|t:|1779716575
|switch|p2a: Ampharos|Ampharos, M|100/100
|move|p1a: Cloyster|Icicle Spear|p2a: Ampharos
|-damage|p2a: Ampharos|75/100
|-damage|p2a: Ampharos|51/100
|-damage|p2a: Ampharos|28/100
|-crit|p2a: Ampharos
|-damage|p2a: Ampharos|0 fnt
|faint|p2a: Ampharos
|-hitcount|p2: Ampharos|4
|
|upkeep
|
|t:|1779716583
|switch|p2a: Lucario|Lucario, M|100/100
|turn|3
|
|t:|1779716601
|move|p1a: Cloyster|Icicle Spear|p2a: Lucario
|-resisted|p2a: Lucario
|-damage|p2a: Lucario|82/100
|-resisted|p2a: Lucario
|-damage|p2a: Lucario|63/100
|-resisted|p2a: Lucario
|-damage|p2a: Lucario|43/100
|-resisted|p2a: Lucario
|-damage|p2a: Lucario|25/100
|-resisted|p2a: Lucario
|-damage|p2a: Lucario|7/100
|-hitcount|p2a: Lucario|5
|move|p2a: Lucario|Close Combat|p1a: Cloyster
|-supereffective|p1a: Cloyster
|-enditem|p1a: Cloyster|Focus Sash
|-damage|p1a: Cloyster|1/100
|-unboost|p2a: Lucario|def|1
|-unboost|p2a: Lucario|spd|1
|-damage|p2a: Lucario|0 fnt|[from] item: Life Orb
|faint|p2a: Lucario
|
|upkeep
|inactive|Five Knight has 120 seconds left.
|
|t:|1779716630
|switch|p2a: Greninja|Greninja, M|100/100
|turn|4
|
|t:|1779716639
|move|p1a: Cloyster|Rock Blast|p2a: Greninja|[miss]
|-miss|p1a: Cloyster|p2a: Greninja
|move|p2a: Greninja|U-turn|p1a: Cloyster
|-start|p2a: Greninja|typechange|Bug|[from] ability: Protean
|-damage|p1a: Cloyster|0 fnt
|faint|p1a: Cloyster
|inactive|Five Knight has 120 seconds left.
|
|t:|1779716654
|switch|p2a: Gardevoir|Gardevoir, F|100/100|[from] U-turn
|
|upkeep
|
|t:|1779716658
|switch|p1a: Donphan|Donphan, M|100/100
|-ability|p2a: Gardevoir|Sturdy|Trace|[from] ability: Trace|[of] p1a: Donphan
|-damage|p1a: Donphan|94/100|[from] Stealth Rock
|turn|5
|inactive|Five Knight has 120 seconds left.
|
|t:|1779716673
|move|p2a: Gardevoir|Focus Blast|p1a: Donphan|[miss]
|-miss|p2a: Gardevoir|p1a: Donphan
|move|p1a: Donphan|Rapid Spin|p2a: Gardevoir
|-damage|p2a: Gardevoir|72/100
|-boost|p1a: Donphan|spe|1
|-sideend|p1: xilandrekawaiuwu|Stealth Rock|[from] move: Rapid Spin|[of] p1a: Donphan
|
|upkeep
|turn|6
|
|t:|1779716684
|move|p2a: Gardevoir|Focus Blast|p1a: Donphan
|-damage|p1a: Donphan|41/100
|move|p1a: Donphan|Earthquake|p2a: Gardevoir
|-damage|p2a: Gardevoir|0 fnt
|faint|p2a: Gardevoir
|
|upkeep
|
|t:|1779716692
|switch|p2a: Greninja|Greninja, M|100/100
|turn|7
|
|t:|1779716699
|switch|p1a: Conkeldurr|Conkeldurr, M|100/100
|move|p2a: Greninja|Hydro Pump|p1a: Conkeldurr
|-start|p2a: Greninja|typechange|Water|[from] ability: Protean
|-damage|p1a: Conkeldurr|11/100
|
|-status|p1a: Conkeldurr|brn|[from] item: Flame Orb
|upkeep
|turn|8
|
|t:|1779716717
|move|p2a: Greninja|Hydro Pump|p1a: Conkeldurr
|-damage|p1a: Conkeldurr|0 fnt
|faint|p1a: Conkeldurr
|
|upkeep
|
|t:|1779716724
|switch|p1a: Heracross|Heracross, F|100/100
|turn|9
|
|t:|1779716735
|move|p2a: Greninja|Hydro Pump|p1a: Heracross|[miss]
|-miss|p2a: Greninja|p1a: Heracross
|move|p1a: Heracross|Megahorn|p2a: Greninja
|-damage|p2a: Greninja|4/100
|
|-status|p1a: Heracross|brn|[from] item: Flame Orb
|upkeep
|turn|10
|
|t:|1779716746
|switch|p2a: Charizard|Charizard, M|100/100
|move|p1a: Heracross|Facade|p2a: Charizard
|-damage|p2a: Charizard|9/100
|
|-damage|p1a: Heracross|95/100 brn|[from] brn
|upkeep
|turn|11
|
|t:|1779716761
|move|p2a: Charizard|Air Slash|p1a: Heracross
|-supereffective|p1a: Heracross
|-damage|p1a: Heracross|0 fnt
|faint|p1a: Heracross
|
|upkeep
|
|t:|1779716766
|switch|p1a: Donphan|Donphan, M|41/100
|turn|12
|
|t:|1779716775
|switch|p2a: Greninja|Greninja, M|4/100
|move|p1a: Donphan|Ice Shard|p2a: Greninja
|-resisted|p2a: Greninja
|-damage|p2a: Greninja|0 fnt
|faint|p2a: Greninja
|
|upkeep
|
|t:|1779716782
|switch|p2a: Garchomp|Garchomp, M|100/100
|turn|13
|
|t:|1779716795
|move|p1a: Donphan|Ice Shard|p2a: Garchomp
|-supereffective|p2a: Garchomp
|-damage|p2a: Garchomp|66/100
|move|p2a: Garchomp|Draco Meteor|p1a: Donphan
|-damage|p1a: Donphan|0 fnt
|-unboost|p2a: Garchomp|spa|2
|faint|p1a: Donphan
|
|upkeep
|
|t:|1779716808
|switch|p1a: Blaziken|Blaziken, M|100/100
|-item|p1a: Blaziken|Air Balloon
|turn|14
|
|t:|1779716815
|move|p2a: Garchomp|Draco Meteor|p1a: Blaziken
|-damage|p1a: Blaziken|76/100
|-unboost|p2a: Garchomp|spa|2
|-enditem|p1a: Blaziken|Air Balloon
|move|p1a: Blaziken|Swords Dance|p1a: Blaziken
|-boost|p1a: Blaziken|atk|2
|
|-ability|p1a: Blaziken|Speed Boost|boost
|-boost|p1a: Blaziken|spe|1
|upkeep
|turn|15
|
|t:|1779716834
|move|p1a: Blaziken|Protect|p1a: Blaziken
|-singleturn|p1a: Blaziken|Protect
|move|p2a: Garchomp|Earthquake|p1a: Blaziken
|-activate|p1a: Blaziken|move: Protect
|
|-ability|p1a: Blaziken|Speed Boost|boost
|-boost|p1a: Blaziken|spe|1
|upkeep
|turn|16
|
|t:|1779716844
|move|p1a: Blaziken|Close Combat|p2a: Garchomp
|-damage|p2a: Garchomp|0 fnt
|-unboost|p1a: Blaziken|def|1
|-unboost|p1a: Blaziken|spd|1
|-damage|p1a: Blaziken|64/100|[from] ability: Rough Skin|[of] p2a: Garchomp
|-damage|p1a: Blaziken|47/100|[from] item: Rocky Helmet|[of] p2a: Garchomp
|faint|p2a: Garchomp
|
|-ability|p1a: Blaziken|Speed Boost|boost
|-boost|p1a: Blaziken|spe|1
|upkeep
|
|t:|1779716848
|switch|p2a: Charizard|Charizard, M|9/100
|turn|17
|
|t:|1779716859
|move|p1a: Blaziken|Close Combat|p2a: Charizard
|-resisted|p2a: Charizard
|-damage|p2a: Charizard|0 fnt
|-unboost|p1a: Blaziken|def|1
|-unboost|p1a: Blaziken|spd|1
|faint|p2a: Charizard
|
|win|xilandrekawaiuwu
|raw|xilandrekawaiuwu's rating: 1059 &rarr; <strong>1092</strong><br />(+33 for winning)
|raw|Five Knight's rating: 1084 &rarr; <strong>1060</strong><br />(-24 for losing)
|l|☆Five Knight
|player|p2|
|l|☆xilandrekawaiuwu
|player|p1|
