|j|☆shrkattack
|j|☆BodeDaGod
|t:|1779719747
|gametype|singles
|player|p1|shrkattack|1|1404
|player|p2|BodeDaGod|cowgirl|1361
|gen|9
|tier|[Gen 9] OU
|rated|
|rule|HP Percentage Mod: HP is shown in percentages
|rule|Endless Battle Clause: Forcing endless battles is banned
|rule|Species Clause: Limit one of each Pokémon
|rule|OHKO Clause: OHKO moves are banned
|rule|Evasion Items Clause: Evasion items are banned
|rule|Evasion Moves Clause: Evasion moves are banned
|rule|Evasion Abilities Clause: Evasion abilities are banned
|rule|Sleep Moves Clause: Sleep-inducing moves are banned
|clearpoke
|poke|p1|Dondozo, F|
|poke|p1|Garganacl, F|
|poke|p1|Zamazenta-*|
|poke|p1|Corviknight, M|
|poke|p1|Clodsire, M|
|poke|p1|Chansey, F|
|poke|p2|Samurott-Hisui, M|
|poke|p2|Kingambit, M|
|poke|p2|Iron Moth|
|poke|p2|Iron Valiant|
|poke|p2|Moltres-Galar|
|poke|p2|Torterra, F|
|teampreview
|
|t:|1779719760
|teamsize|p1|6
|teamsize|p2|6
|start
|switch|p1a: Garganacl|Garganacl, F|100/100
|switch|p2a: Samurott|Samurott-Hisui, M|100/100
|turn|1
|
|t:|1779719772
|move|p2a: Samurott|Razor Shell|p1a: Garganacl
|-supereffective|p1a: Garganacl
|-damage|p1a: Garganacl|48/100
|move|p1a: Garganacl|Salt Cure|p2a: Samurott
|-damage|p2a: Samurott|81/100
|-start|p2a: Samurott|Salt Cure
|
|-heal|p1a: Garganacl|54/100|[from] item: Leftovers
|-damage|p2a: Samurott|57/100|[from] Salt Cure
|upkeep
|turn|2
|
|t:|1779719790
|switch|p1a: Dondozo|Dondozo, F|100/100
|move|p2a: Samurott|Razor Shell|p1a: Dondozo
|-resisted|p1a: Dondozo
|-damage|p1a: Dondozo|88/100
|
|-heal|p1a: Dondozo|94/100|[from] item: Leftovers
|-damage|p2a: Samurott|32/100|[from] Salt Cure
|upkeep
|turn|3
|inactive|Battle timer is ON: inactive players will automatically lose when time's up. (requested by shrkattack)
|
|t:|1779719825
|move|p2a: Samurott|Knock Off|p1a: Dondozo
|-damage|p1a: Dondozo|72/100
|-enditem|p1a: Dondozo|Leftovers|[from] move: Knock Off|[of] p2a: Samurott
|move|p1a: Dondozo|Curse|p1a: Dondozo
|-unboost|p1a: Dondozo|spe|1
|-boost|p1a: Dondozo|atk|1
|-boost|p1a: Dondozo|def|1
|
|-damage|p2a: Samurott|7/100|[from] Salt Cure
|upkeep
|turn|4
|
|t:|1779719836
|move|p2a: Samurott|Ceaseless Edge|p1a: Dondozo
|-damage|p1a: Dondozo|59/100
|-sidestart|p1: shrkattack|Spikes
|move|p1a: Dondozo|Curse|p1a: Dondozo
|-unboost|p1a: Dondozo|spe|1
|-boost|p1a: Dondozo|atk|1
|-boost|p1a: Dondozo|def|1
|
|-damage|p2a: Samurott|0 fnt|[from] Salt Cure
|faint|p2a: Samurott
|upkeep
|
|t:|1779719855
|switch|p2a: Moltres|Moltres-Galar|100/100
|turn|5
|
|t:|1779719861
|move|p2a: Moltres|Nasty Plot|p2a: Moltres
|-boost|p2a: Moltres|spa|2
|move|p1a: Dondozo|Waterfall|p2a: Moltres
|-damage|p2a: Moltres|31/100
|-ability|p2a: Moltres|Berserk|boost
|-boost|p2a: Moltres|spa|1
|-enditem|p2a: Moltres|Sitrus Berry|[eat]
|-heal|p2a: Moltres|56/100|[from] item: Sitrus Berry
|
|upkeep
|turn|6
|
|t:|1779719884
|move|p2a: Moltres|Fiery Wrath|p1a: Dondozo
|-crit|p1a: Dondozo
|-damage|p1a: Dondozo|0 fnt
|faint|p1a: Dondozo
|
|upkeep
|
|t:|1779719892
|switch|p1a: Clodsire|Clodsire, M|100/100
|-damage|p1a: Clodsire|88/100|[from] Spikes
|turn|7
|
|t:|1779719908
|move|p2a: Moltres|Fiery Wrath|p1a: Clodsire
|-damage|p1a: Clodsire|67/100
|move|p1a: Clodsire|Toxic|p2a: Moltres
|-status|p2a: Moltres|tox
|
|-heal|p1a: Clodsire|73/100|[from] item: Black Sludge
|-damage|p2a: Moltres|50/100 tox|[from] psn
|upkeep
|turn|8
|
|t:|1779719919
|move|p2a: Moltres|Fiery Wrath|p1a: Clodsire
|-damage|p1a: Clodsire|51/100
|cant|p1a: Clodsire|flinch
|
|-heal|p1a: Clodsire|57/100|[from] item: Black Sludge
|-damage|p2a: Moltres|37/100 tox|[from] psn
|upkeep
|turn|9
|
|t:|1779719932
|move|p2a: Moltres|Brave Bird|p1a: Clodsire
|-damage|p1a: Clodsire|20/100
|-damage|p2a: Moltres|20/100 tox|[from] Recoil
|move|p1a: Clodsire|Recover|p1a: Clodsire
|-heal|p1a: Clodsire|70/100
|
|-heal|p1a: Clodsire|77/100|[from] item: Black Sludge
|-damage|p2a: Moltres|1/100 tox|[from] psn
|upkeep
|turn|10
|
|t:|1779719943
|move|p2a: Moltres|Brave Bird|p1a: Clodsire
|-damage|p1a: Clodsire|43/100
|-damage|p2a: Moltres|0 fnt|[from] Recoil
|faint|p2a: Moltres
|move|p1a: Clodsire|Spikes|p2: Moltres
|-sidestart|p2: BodeDaGod|Spikes
|
|-heal|p1a: Clodsire|49/100|[from] item: Black Sludge
|upkeep
|
|t:|1779719949
|switch|p2a: Torterra|Torterra, F|100/100
|-damage|p2a: Torterra|88/100|[from] Spikes
|turn|11
|
|t:|1779719966
|move|p2a: Torterra|Bullet Seed|p1a: Clodsire
|-damage|p1a: Clodsire|34/100
|-damage|p1a: Clodsire|21/100
|-damage|p1a: Clodsire|7/100
|-damage|p1a: Clodsire|0 fnt
|faint|p1a: Clodsire
|-hitcount|p1: Clodsire|4
|
|upkeep
|
|t:|1779719974
|switch|p1a: Corviknight|Corviknight, M|100/100
|-ability|p1a: Corviknight|Pressure
|turn|12
|inactive|BodeDaGod has 120 seconds left.
|
|t:|1779720013
|move|p2a: Torterra|Rock Blast|p1a: Corviknight
|-damage|p1a: Corviknight|93/100
|-damage|p1a: Corviknight|86/100
|-damage|p1a: Corviknight|79/100
|-damage|p1a: Corviknight|71/100
|-damage|p1a: Corviknight|65/100
|-hitcount|p1a: Corviknight|5
|move|p1a: Corviknight|Bulk Up|p1a: Corviknight
|-boost|p1a: Corviknight|atk|1
|-boost|p1a: Corviknight|def|1
|
|-heal|p1a: Corviknight|71/100|[from] item: Leftovers
|upkeep
|turn|13
|inactive|BodeDaGod has 120 seconds left.
|
|t:|1779720029
|switch|p2a: Iron Moth|Iron Moth|100/100
|-damage|p2a: Iron Moth|88/100|[from] Spikes
|-enditem|p2a: Iron Moth|Booster Energy
|-activate|p2a: Iron Moth|ability: Quark Drive|[fromitem]
|-start|p2a: Iron Moth|quarkdrivespe
|move|p1a: Corviknight|Bulk Up|p1a: Corviknight
|-boost|p1a: Corviknight|atk|1
|-boost|p1a: Corviknight|def|1
|
|-heal|p1a: Corviknight|77/100|[from] item: Leftovers
|upkeep
|turn|14
|
|t:|1779720050
|-terastallize|p1a: Corviknight|Ghost
|move|p2a: Iron Moth|Fiery Dance|p1a: Corviknight
|-damage|p1a: Corviknight|47/100
|-boost|p2a: Iron Moth|spa|1
|move|p1a: Corviknight|Brave Bird|p2a: Iron Moth
|-damage|p2a: Iron Moth|0 fnt
|faint|p2a: Iron Moth
|-end|p2a: Iron Moth|Quark Drive|[silent]
|-damage|p1a: Corviknight|25/100|[from] Recoil
|
|-heal|p1a: Corviknight|31/100|[from] item: Leftovers
|upkeep
|
|t:|1779720066
|switch|p2a: Iron Valiant|Iron Valiant|100/100
|-damage|p2a: Iron Valiant|88/100|[from] Spikes
|-enditem|p2a: Iron Valiant|Booster Energy
|-activate|p2a: Iron Valiant|ability: Quark Drive|[fromitem]
|-start|p2a: Iron Valiant|quarkdrivespe
|turn|15
|
|t:|1779720073
|move|p2a: Iron Valiant|Moonblast|p1a: Corviknight
|-damage|p1a: Corviknight|1/100
|move|p1a: Corviknight|Roost|p1a: Corviknight
|-heal|p1a: Corviknight|51/100
|
|-heal|p1a: Corviknight|57/100|[from] item: Leftovers
|upkeep
|turn|16
|inactive|BodeDaGod has 120 seconds left.
|
|t:|1779720081
|move|p2a: Iron Valiant|Moonblast|p1a: Corviknight
|-damage|p1a: Corviknight|24/100
|move|p1a: Corviknight|Roost|p1a: Corviknight
|-heal|p1a: Corviknight|74/100
|
|-heal|p1a: Corviknight|80/100|[from] item: Leftovers
|upkeep
|turn|17
|
|t:|1779720090
|move|p2a: Iron Valiant|Destiny Bond|p2a: Iron Valiant
|-singlemove|p2a: Iron Valiant|Destiny Bond
|move|p1a: Corviknight|Roost|p1a: Corviknight
|-heal|p1a: Corviknight|100/100
|
|upkeep
|turn|18
|
|t:|1779720097
|move|p2a: Iron Valiant|Moonblast|p1a: Corviknight
|-damage|p1a: Corviknight|71/100
|-unboost|p1a: Corviknight|spa|1
|move|p1a: Corviknight|Bulk Up|p1a: Corviknight
|-boost|p1a: Corviknight|atk|1
|-boost|p1a: Corviknight|def|1
|
|-heal|p1a: Corviknight|77/100|[from] item: Leftovers
|upkeep
|turn|19
|
|t:|1779720107
|move|p2a: Iron Valiant|Knock Off|p1a: Corviknight
|-supereffective|p1a: Corviknight
|-damage|p1a: Corviknight|59/100
|-enditem|p1a: Corviknight|Leftovers|[from] move: Knock Off|[of] p2a: Iron Valiant
|move|p1a: Corviknight|Bulk Up|p1a: Corviknight
|-boost|p1a: Corviknight|atk|1
|-boost|p1a: Corviknight|def|1
|
|upkeep
|turn|20
|
|t:|1779720116
|move|p2a: Iron Valiant|Moonblast|p1a: Corviknight
|-damage|p1a: Corviknight|26/100
|-unboost|p1a: Corviknight|spa|1
|move|p1a: Corviknight|Bulk Up|p1a: Corviknight
|-boost|p1a: Corviknight|atk|1
|-boost|p1a: Corviknight|def|1
|
|upkeep
|turn|21
|
|t:|1779720124
|move|p2a: Iron Valiant|Moonblast|p1a: Corviknight
|-damage|p1a: Corviknight|0 fnt
|faint|p1a: Corviknight
|
|upkeep
|
|t:|1779720131
|switch|p1a: Chansey|Chansey, F|100/100
|-damage|p1a: Chansey|88/100|[from] Spikes
|turn|22
|
|t:|1779720142
|move|p2a: Iron Valiant|Close Combat|p1a: Chansey
|-supereffective|p1a: Chansey
|-damage|p1a: Chansey|20/100
|-unboost|p2a: Iron Valiant|def|1
|-unboost|p2a: Iron Valiant|spd|1
|move|p1a: Chansey|Seismic Toss|p2a: Iron Valiant
|-damage|p2a: Iron Valiant|53/100
|
|upkeep
|turn|23
|
|t:|1779720152
|move|p2a: Iron Valiant|Close Combat|p1a: Chansey
|-supereffective|p1a: Chansey
|-damage|p1a: Chansey|0 fnt
|-unboost|p2a: Iron Valiant|def|1
|-unboost|p2a: Iron Valiant|spd|1
|faint|p1a: Chansey
|
|upkeep
|
|t:|1779720159
|switch|p1a: Zamazenta|Zamazenta|100/100
|-damage|p1a: Zamazenta|88/100|[from] Spikes
|-ability|p1a: Zamazenta|Dauntless Shield|boost
|-boost|p1a: Zamazenta|def|1
|turn|24
|
|t:|1779720173
|move|p2a: Iron Valiant|Moonblast|p1a: Zamazenta
|-supereffective|p1a: Zamazenta
|-damage|p1a: Zamazenta|35/100
|move|p1a: Zamazenta|Iron Defense|p1a: Zamazenta
|-boost|p1a: Zamazenta|def|2
|
|-heal|p1a: Zamazenta|42/100|[from] item: Leftovers
|upkeep
|turn|25
|
|t:|1779720182
|move|p2a: Iron Valiant|Moonblast|p1a: Zamazenta
|-supereffective|p1a: Zamazenta
|-damage|p1a: Zamazenta|0 fnt
|faint|p1a: Zamazenta
|
|upkeep
|
|t:|1779720188
|switch|p1a: Garganacl|Garganacl, F|54/100
|-damage|p1a: Garganacl|42/100|[from] Spikes
|turn|26
|
|t:|1779720194
|move|p2a: Iron Valiant|Close Combat|p1a: Garganacl
|-supereffective|p1a: Garganacl
|-damage|p1a: Garganacl|0 fnt
|-unboost|p2a: Iron Valiant|def|1
|-unboost|p2a: Iron Valiant|spd|1
|faint|p1a: Garganacl
|
|win|BodeDaGod
|raw|shrkattack's rating: 1404 &rarr; <strong>1382</strong><br />(-22 for losing)
|raw|BodeDaGod's rating: 1361 &rarr; <strong>1383</strong><br />(+22 for winning)
|l|☆shrkattack
|player|p1|
