|j|☆Pikamon333
|j|☆KnightKnaveSpy
|t:|1779596840
|gametype|singles
|player|p1|Pikamon333|1|1588
|player|p2|KnightKnaveSpy|101|1580
|gen|9
|tier|[Gen 9] OU
|rated|
|rule|HP Percentage Mod: HP is shown in percentages
|rule|Endless Battle Clause: Forcing endless battles is banned
|rule|Species Clause: Limit one of each Pokémon
|rule|OHKO Clause: OHKO moves are banned
|rule|Evasion Items Clause: Evasion items are banned
|rule|Evasion Moves Clause: Evasion moves are banned
|rule|Evasion Abilities Clause: Evasion abilities are banned
|rule|Sleep Moves Clause: Sleep-inducing moves are banned
|clearpoke
|poke|p1|Zapdos|
|poke|p1|Zamazenta-*|
|poke|p1|Iron Moth|
|poke|p1|Kyurem|
|poke|p1|Dragonite, F|
|poke|p1|Great Tusk|
|poke|p2|Samurott-Hisui, M|
|poke|p2|Blaziken, F|
|poke|p2|Kingambit, F|
|poke|p2|Raging Bolt|
|poke|p2|Ogerpon-Wellspring, F|
|poke|p2|Greninja-*, M|
|teampreview
|
|t:|1779596846
|teamsize|p1|6
|teamsize|p2|6
|start
|switch|p1a: Zapdos|Zapdos|100/100
|switch|p2a: Samurott|Samurott-Hisui, M|100/100
|turn|1
|inactive|Battle timer is ON: inactive players will automatically lose when time's up. (requested by KnightKnaveSpy)
|
|t:|1779596857
|move|p1a: Zapdos|Thunderbolt|p2a: Samurott
|-supereffective|p2a: Samurott
|-enditem|p2a: Samurott|Focus Sash
|-damage|p2a: Samurott|1/100
|move|p2a: Samurott|Ceaseless Edge|p1a: Zapdos
|-damage|p1a: Zapdos|46/100
|-sidestart|p1: Pikamon333|Spikes
|
|upkeep
|turn|2
|
|t:|1779596866
|move|p1a: Zapdos|Thunderbolt|p2a: Samurott
|-supereffective|p2a: Samurott
|-damage|p2a: Samurott|0 fnt
|faint|p2a: Samurott
|
|upkeep
|
|t:|1779596870
|switch|p2a: Ogerpon|Ogerpon-Wellspring, F|100/100
|turn|3
|
|t:|1779596877
|move|p1a: Zapdos|Thunderbolt|p2a: Ogerpon
|-damage|p2a: Ogerpon|41/100
|move|p2a: Ogerpon|Ivy Cudgel|p1a: Zapdos|[anim] Ivy Cudgel Water
|-damage|p1a: Zapdos|0 fnt
|faint|p1a: Zapdos
|
|upkeep
|j| crust king kahn
|
|t:|1779596881
|switch|p1a: Kyurem|Kyurem|100/100
|-damage|p1a: Kyurem|88/100|[from] Spikes
|-ability|p1a: Kyurem|Pressure
|turn|4
|
|t:|1779596886
|move|p2a: Ogerpon|U-turn|p1a: Kyurem
|-damage|p1a: Kyurem|60/100
|
|t:|1779596890
|switch|p2a: Blaziken|Blaziken, F|100/100|[from] U-turn
|move|p1a: Kyurem|Freeze-Dry|p2a: Blaziken
|-resisted|p2a: Blaziken
|-damage|p2a: Blaziken|74/100
|
|-heal|p2a: Blaziken|80/100|[from] item: Leftovers
|upkeep
|turn|5
|
|t:|1779596894
|move|p2a: Blaziken|Detect|p2a: Blaziken
|-singleturn|p2a: Blaziken|Protect
|move|p1a: Kyurem|Earth Power|p2a: Blaziken
|-activate|p2a: Blaziken|move: Protect
|
|-heal|p2a: Blaziken|86/100|[from] item: Leftovers
|-ability|p2a: Blaziken|Speed Boost|boost
|-boost|p2a: Blaziken|spe|1
|upkeep
|turn|6
|
|t:|1779596899
|switch|p1a: Great Tusk|Great Tusk|100/100
|-damage|p1a: Great Tusk|88/100|[from] Spikes
|-enditem|p1a: Great Tusk|Booster Energy
|-activate|p1a: Great Tusk|ability: Protosynthesis|[fromitem]
|-start|p1a: Great Tusk|protosynthesisatk
|move|p2a: Blaziken|Flare Blitz|p1a: Great Tusk
|-damage|p1a: Great Tusk|42/100
|-status|p1a: Great Tusk|brn
|-damage|p2a: Blaziken|67/100|[from] Recoil
|
|-heal|p2a: Blaziken|73/100|[from] item: Leftovers
|-damage|p1a: Great Tusk|36/100 brn|[from] brn
|-ability|p2a: Blaziken|Speed Boost|boost
|-boost|p2a: Blaziken|spe|1
|upkeep
|turn|7
|
|t:|1779596910
|move|p2a: Blaziken|Close Combat|p1a: Great Tusk
|-damage|p1a: Great Tusk|0 fnt
|-unboost|p2a: Blaziken|def|1
|-unboost|p2a: Blaziken|spd|1
|faint|p1a: Great Tusk
|-end|p1a: Great Tusk|Protosynthesis|[silent]
|
|-heal|p2a: Blaziken|79/100|[from] item: Leftovers
|-ability|p2a: Blaziken|Speed Boost|boost
|-boost|p2a: Blaziken|spe|1
|upkeep
|
|t:|1779596921
|switch|p1a: Zamazenta|Zamazenta|100/100
|-damage|p1a: Zamazenta|88/100|[from] Spikes
|-ability|p1a: Zamazenta|Dauntless Shield|boost
|-boost|p1a: Zamazenta|def|1
|turn|8
|
|t:|1779596925
|move|p2a: Blaziken|Flare Blitz|p1a: Zamazenta
|-damage|p1a: Zamazenta|54/100
|-damage|p2a: Blaziken|67/100|[from] Recoil
|move|p1a: Zamazenta|Body Press|p2a: Blaziken
|-damage|p2a: Blaziken|0 fnt
|faint|p2a: Blaziken
|
|-heal|p1a: Zamazenta|60/100|[from] item: Leftovers
|upkeep
|
|t:|1779596935
|switch|p2a: Raging Bolt|Raging Bolt|100/100
|-item|p2a: Raging Bolt|Air Balloon
|turn|9
|
|t:|1779596940
|move|p1a: Zamazenta|Body Press|p2a: Raging Bolt
|-damage|p2a: Raging Bolt|54/100
|-enditem|p2a: Raging Bolt|Air Balloon
|move|p2a: Raging Bolt|Draco Meteor|p1a: Zamazenta
|-damage|p1a: Zamazenta|0 fnt
|-unboost|p2a: Raging Bolt|spa|2
|faint|p1a: Zamazenta
|
|upkeep
|
|t:|1779596952
|switch|p1a: Iron Moth|Iron Moth|100/100
|-damage|p1a: Iron Moth|88/100|[from] Spikes
|-enditem|p1a: Iron Moth|Booster Energy
|-activate|p1a: Iron Moth|ability: Quark Drive|[fromitem]
|-start|p1a: Iron Moth|quarkdrivespe
|turn|10
|
|t:|1779596955
|move|p1a: Iron Moth|Fiery Dance|p2a: Raging Bolt
|-resisted|p2a: Raging Bolt
|-damage|p2a: Raging Bolt|37/100
|-boost|p1a: Iron Moth|spa|1
|move|p2a: Raging Bolt|Volt Switch|p1a: Iron Moth
|-damage|p1a: Iron Moth|67/100
|
|t:|1779596962
|-end|p2a: Raging Bolt|Protosynthesis|[silent]
|switch|p2a: Greninja|Greninja, M|100/100|[from] Volt Switch
|
|upkeep
|turn|11
|
|t:|1779596969
|-terastallize|p1a: Iron Moth|Fairy
|move|p2a: Greninja|Water Shuriken|p1a: Iron Moth
|-start|p2a: Greninja|typechange|Water|[from] ability: Protean
|-damage|p1a: Iron Moth|59/100
|-damage|p1a: Iron Moth|51/100
|-damage|p1a: Iron Moth|43/100
|-damage|p1a: Iron Moth|35/100
|-damage|p1a: Iron Moth|27/100
|-hitcount|p1a: Iron Moth|5
|move|p1a: Iron Moth|Dazzling Gleam|p2a: Greninja
|-damage|p2a: Greninja|12/100
|
|upkeep
|turn|12
|l| crust king kahn
|
|t:|1779596981
|move|p2a: Greninja|Water Shuriken|p1a: Iron Moth
|-damage|p1a: Iron Moth|19/100
|-damage|p1a: Iron Moth|12/100
|-hitcount|p1a: Iron Moth|2
|move|p1a: Iron Moth|Sludge Wave|p2a: Greninja
|-damage|p2a: Greninja|0 fnt
|faint|p2a: Greninja
|
|upkeep
|
|t:|1779597004
|switch|p2a: Raging Bolt|Raging Bolt|37/100
|turn|13
|
|t:|1779597008
|move|p2a: Raging Bolt|Thunderclap||[still]
|-fail|p2a: Raging Bolt
|move|p1a: Iron Moth|Toxic|p2a: Raging Bolt
|-status|p2a: Raging Bolt|tox
|
|-damage|p2a: Raging Bolt|30/100 tox|[from] psn
|upkeep
|turn|14
|
|t:|1779597018
|move|p1a: Iron Moth|Toxic|p2a: Raging Bolt
|-fail|p2a: Raging Bolt|tox
|move|p2a: Raging Bolt|Volt Switch|p1a: Iron Moth
|-damage|p1a: Iron Moth|0 fnt
|faint|p1a: Iron Moth
|-end|p1a: Iron Moth|Quark Drive|[silent]
|
|t:|1779597023
|-end|p2a: Raging Bolt|Protosynthesis|[silent]
|switch|p2a: Ogerpon|Ogerpon-Wellspring, F|41/100|[from] Volt Switch
|
|upkeep
|
|t:|1779597029
|switch|p1a: Dragonite|Dragonite, F|100/100
|turn|15
|
|t:|1779597032
|move|p1a: Dragonite|Extreme Speed|p2a: Ogerpon
|-damage|p2a: Ogerpon|0 fnt
|faint|p2a: Ogerpon
|
|upkeep
|
|t:|1779597035
|switch|p2a: Kingambit|Kingambit, F|100/100
|-activate|p2a: Kingambit|ability: Supreme Overlord
|-start|p2a: Kingambit|fallen4|[silent]
|turn|16
|
|t:|1779597042
|-terastallize|p2a: Kingambit|Ghost
|move|p1a: Dragonite|Earthquake|p2a: Kingambit
|-damage|p2a: Kingambit|74/100
|move|p2a: Kingambit|Iron Head|p1a: Dragonite
|-damage|p1a: Dragonite|63/100
|
|upkeep
|turn|17
|
|t:|1779597055
|move|p1a: Dragonite|Outrage|p2a: Kingambit
|-damage|p2a: Kingambit|26/100
|move|p2a: Kingambit|Kowtow Cleave|p1a: Dragonite
|-damage|p1a: Dragonite|0 fnt
|faint|p1a: Dragonite
|
|upkeep
|j| diancie The pearl
|
|t:|1779597058
|switch|p1a: Kyurem|Kyurem|60/100
|-damage|p1a: Kyurem|47/100|[from] Spikes
|-ability|p1a: Kyurem|Pressure
|turn|18
|
|t:|1779597065
|move|p1a: Kyurem|Ice Beam|p2a: Kingambit
|-damage|p2a: Kingambit|0 fnt
|faint|p2a: Kingambit
|-end|p2a: Kingambit|fallen4|[silent]
|
|upkeep
|
|t:|1779597068
|switch|p2a: Raging Bolt|Raging Bolt|30/100 tox
|turn|19
|c|☆KnightKnaveSpy|Gg
|-message|KnightKnaveSpy forfeited.
|
|win|Pikamon333
|raw|Pikamon333's rating: 1588 &rarr; <strong>1608</strong><br />(+20 for winning)
|raw|KnightKnaveSpy's rating: 1580 &rarr; <strong>1560</strong><br />(-20 for losing)
|l|☆KnightKnaveSpy
|player|p2|
|c|☆Pikamon333|Gg
|l|☆Pikamon333
|player|p1|
|l| diancie The pearl
