|j|☆SunDude3
|j|☆piunicoulours
|t:|1779656622
|gametype|singles
|player|p1|SunDude3|265|1486
|player|p2|piunicoulours|266|1478
|gen|9
|tier|[Gen 9] OU
|rated|
|rule|HP Percentage Mod: HP is shown in percentages
|rule|Endless Battle Clause: Forcing endless battles is banned
|rule|Species Clause: Limit one of each Pokémon
|rule|OHKO Clause: OHKO moves are banned
|rule|Evasion Items Clause: Evasion items are banned
|rule|Evasion Moves Clause: Evasion moves are banned
|rule|Evasion Abilities Clause: Evasion abilities are banned
|rule|Sleep Moves Clause: Sleep-inducing moves are banned
|clearpoke
|poke|p1|Torkoal, F|
|poke|p1|Walking Wake|
|poke|p1|Raging Bolt|
|poke|p1|Corviknight, M|
|poke|p1|Great Tusk|
|poke|p1|Ceruledge, M|
|poke|p2|Landorus-Therian, M|
|poke|p2|Great Tusk|
|poke|p2|Ogerpon-Wellspring, F|
|poke|p2|Kingambit, M|
|poke|p2|Slowking-Galar, M|
|poke|p2|Raging Bolt|
|teampreview
|inactive|Battle timer is ON: inactive players will automatically lose when time's up. (requested by SunDude3)
|
|t:|1779656630
|teamsize|p1|6
|teamsize|p2|6
|start
|switch|p1a: Torkoal|Torkoal, F|100/100
|switch|p2a: Landorus|Landorus-Therian, M|100/100
|-ability|p2a: Landorus|Intimidate|boost
|-unboost|p1a: Torkoal|atk|1
|-weather|SunnyDay|[from] ability: Drought|[of] p1a: Torkoal
|turn|1
|inactive|piunicoulours has 120 seconds left.
|
|t:|1779656663
|switch|p1a: Corviknight|Corviknight, M|100/100
|-ability|p1a: Corviknight|Pressure
|move|p2a: Landorus|Stealth Rock|p1a: Corviknight
|-sidestart|p1: SunDude3|move: Stealth Rock
|
|-weather|SunnyDay|[upkeep]
|upkeep
|turn|2
|
|t:|1779656670
|move|p2a: Landorus|Taunt|p1a: Corviknight
|-start|p1a: Corviknight|move: Taunt
|cant|p1a: Corviknight|move: Taunt|Defog
|
|-weather|SunnyDay|[upkeep]
|upkeep
|turn|3
|
|t:|1779656675
|switch|p2a: Raging Bolt|Raging Bolt|100/100
|-activate|p2a: Raging Bolt|ability: Protosynthesis
|-start|p2a: Raging Bolt|protosynthesisspa
|move|p1a: Corviknight|U-turn|p2a: Raging Bolt
|-damage|p2a: Raging Bolt|88/100
|
|t:|1779656684
|switch|p1a: Great Tusk|Great Tusk|100/100|[from] U-turn
|-damage|p1a: Great Tusk|98/100|[from] Stealth Rock
|-activate|p1a: Great Tusk|ability: Protosynthesis
|-start|p1a: Great Tusk|protosynthesisatk
|
|-weather|SunnyDay|[upkeep]
|upkeep
|turn|4
|
|t:|1779656701
|-end|p2a: Raging Bolt|Protosynthesis|[silent]
|switch|p2a: Great Tusk|Great Tusk|100/100
|-activate|p2a: Great Tusk|ability: Protosynthesis
|-start|p2a: Great Tusk|protosynthesisdef
|move|p1a: Great Tusk|Headlong Rush|p2a: Great Tusk
|-damage|p2a: Great Tusk|60/100
|-unboost|p1a: Great Tusk|def|1
|-unboost|p1a: Great Tusk|spd|1
|-damage|p1a: Great Tusk|81/100|[from] item: Rocky Helmet|[of] p2a: Great Tusk
|
|-weather|SunnyDay|[upkeep]
|upkeep
|turn|5
|
|t:|1779656714
|-end|p1a: Great Tusk|Protosynthesis|[silent]
|switch|p1a: Corviknight|Corviknight, M|100/100
|-damage|p1a: Corviknight|88/100|[from] Stealth Rock
|-ability|p1a: Corviknight|Pressure
|move|p2a: Great Tusk|Ice Spinner|p1a: Corviknight
|-damage|p1a: Corviknight|69/100
|
|-weather|SunnyDay|[upkeep]
|-heal|p1a: Corviknight|75/100|[from] item: Leftovers
|upkeep
|turn|6
|
|t:|1779656723
|move|p2a: Great Tusk|Knock Off|p1a: Corviknight
|-crit|p1a: Corviknight
|-damage|p1a: Corviknight|38/100
|-enditem|p1a: Corviknight|Leftovers|[from] move: Knock Off|[of] p2a: Great Tusk
|move|p1a: Corviknight|Defog|p2a: Great Tusk
|-unboost|p2a: Great Tusk|evasion|1
|-sideend|p1: SunDude3|Stealth Rock|[from] move: Defog|[of] p1a: Corviknight
|
|-weather|SunnyDay|[upkeep]
|upkeep
|turn|7
|
|t:|1779656748
|-end|p2a: Great Tusk|Protosynthesis|[silent]
|switch|p2a: Landorus|Landorus-Therian, M|100/100
|-ability|p2a: Landorus|Intimidate|boost
|-unboost|p1a: Corviknight|atk|1
|move|p1a: Corviknight|Roost|p1a: Corviknight
|-heal|p1a: Corviknight|88/100
|-singleturn|p1a: Corviknight|move: Roost
|
|-weather|SunnyDay|[upkeep]
|upkeep
|turn|8
|inactive|SunDude3 has 120 seconds left.
|
|t:|1779656799
|move|p2a: Landorus|Stealth Rock|p1a: Corviknight
|-sidestart|p1: SunDude3|move: Stealth Rock
|move|p1a: Corviknight|Brave Bird|p2a: Landorus
|-damage|p2a: Landorus|71/100
|-damage|p1a: Corviknight|71/100|[from] item: Rocky Helmet|[of] p2a: Landorus
|-damage|p1a: Corviknight|62/100|[from] Recoil
|
|-weather|none
|upkeep
|turn|9
|
|t:|1779656807
|move|p2a: Landorus|Taunt|p1a: Corviknight
|-start|p1a: Corviknight|move: Taunt
|cant|p1a: Corviknight|move: Taunt|Defog
|
|upkeep
|turn|10
|
|t:|1779656811
|move|p2a: Landorus|U-turn|p1a: Corviknight
|-resisted|p1a: Corviknight
|-damage|p1a: Corviknight|58/100
|
|t:|1779656814
|switch|p2a: Raging Bolt|Raging Bolt|88/100|[from] U-turn
|move|p1a: Corviknight|U-turn|p2a: Raging Bolt
|-damage|p2a: Raging Bolt|79/100
|inactive|SunDude3 has 120 seconds left.
|
|t:|1779656842
|switch|p1a: Great Tusk|Great Tusk|81/100|[from] U-turn
|-damage|p1a: Great Tusk|78/100|[from] Stealth Rock
|
|upkeep
|turn|11
|
|t:|1779656850
|-end|p2a: Raging Bolt|Protosynthesis|[silent]
|switch|p2a: Ogerpon|Ogerpon-Wellspring, F|100/100
|move|p1a: Great Tusk|Headlong Rush|p2a: Ogerpon
|-resisted|p2a: Ogerpon
|-damage|p2a: Ogerpon|64/100
|-unboost|p1a: Great Tusk|def|1
|-unboost|p1a: Great Tusk|spd|1
|
|upkeep
|turn|12
|inactive|SunDude3 has 90 seconds left.
|
|t:|1779656877
|-end|p1a: Great Tusk|Protosynthesis|[silent]
|switch|p1a: Torkoal|Torkoal, F|100/100
|-damage|p1a: Torkoal|76/100|[from] Stealth Rock
|-weather|SunnyDay|[from] ability: Drought|[of] p1a: Torkoal
|move|p2a: Ogerpon|Ivy Cudgel|p1a: Torkoal|[anim] Ivy Cudgel Water
|-supereffective|p1a: Torkoal
|-damage|p1a: Torkoal|35/100
|
|-weather|SunnyDay|[upkeep]
|upkeep
|turn|13
|inactive|SunDude3 has 90 seconds left.
|
|t:|1779656892
|switch|p1a: Raging Bolt|Raging Bolt|100/100
|-damage|p1a: Raging Bolt|88/100|[from] Stealth Rock
|-activate|p1a: Raging Bolt|ability: Protosynthesis
|-start|p1a: Raging Bolt|protosynthesisspa
|move|p2a: Ogerpon|Ivy Cudgel|p1a: Raging Bolt|[anim] Ivy Cudgel Water
|-resisted|p1a: Raging Bolt
|-damage|p1a: Raging Bolt|73/100
|
|-weather|SunnyDay|[upkeep]
|upkeep
|turn|14
|
|t:|1779656904
|switch|p2a: Great Tusk|Great Tusk|60/100
|-activate|p2a: Great Tusk|ability: Protosynthesis
|-start|p2a: Great Tusk|protosynthesisdef
|move|p1a: Raging Bolt|Weather Ball|p2a: Great Tusk
|-damage|p2a: Great Tusk|0 fnt
|faint|p2a: Great Tusk
|-end|p2a: Great Tusk|Protosynthesis|[silent]
|
|-weather|SunnyDay|[upkeep]
|upkeep
|
|t:|1779656910
|switch|p2a: Landorus|Landorus-Therian, M|71/100
|-ability|p2a: Landorus|Intimidate|boost
|-unboost|p1a: Raging Bolt|atk|1
|turn|15
|inactive|SunDude3 has 90 seconds left.
|
|t:|1779656932
|-end|p1a: Raging Bolt|Protosynthesis|[silent]
|switch|p1a: Corviknight|Corviknight, M|58/100
|-damage|p1a: Corviknight|46/100|[from] Stealth Rock
|-ability|p1a: Corviknight|Pressure
|move|p2a: Landorus|Earth Power|p1a: Corviknight
|-immune|p1a: Corviknight
|
|-weather|SunnyDay|[upkeep]
|upkeep
|turn|16
|
|t:|1779656941
|move|p2a: Landorus|Taunt|p1a: Corviknight
|-start|p1a: Corviknight|move: Taunt
|move|p1a: Corviknight|U-turn|p2a: Landorus
|-resisted|p2a: Landorus
|-damage|p2a: Landorus|64/100
|-damage|p1a: Corviknight|29/100|[from] item: Rocky Helmet|[of] p2a: Landorus
|inactive|SunDude3 has 90 seconds left.
|
|t:|1779656968
|switch|p1a: Walking Wake|Walking Wake|100/100|[from] U-turn
|-damage|p1a: Walking Wake|88/100|[from] Stealth Rock
|-activate|p1a: Walking Wake|ability: Protosynthesis
|-start|p1a: Walking Wake|protosynthesisspe
|
|-weather|SunnyDay|[upkeep]
|upkeep
|turn|17
|
|t:|1779656977
|switch|p2a: Slowking|Slowking-Galar, M|100/100
|move|p1a: Walking Wake|Weather Ball|p2a: Slowking
|-damage|p2a: Slowking|60/100
|
|-weather|SunnyDay|[upkeep]
|upkeep
|turn|18
|
|t:|1779656984
|move|p1a: Walking Wake|Weather Ball|p2a: Slowking
|-damage|p2a: Slowking|18/100
|move|p2a: Slowking|Future Sight|p1a: Walking Wake
|-start|p2a: Slowking|move: Future Sight
|
|-weather|SunnyDay|[upkeep]
|upkeep
|turn|19
|
|t:|1779656993
|switch|p2a: Raging Bolt|Raging Bolt|79/100
|-activate|p2a: Raging Bolt|ability: Protosynthesis
|-start|p2a: Raging Bolt|protosynthesisspa
|move|p1a: Walking Wake|Weather Ball|p2a: Raging Bolt
|-resisted|p2a: Raging Bolt
|-damage|p2a: Raging Bolt|47/100
|
|-weather|none
|-end|p1a: Walking Wake|Protosynthesis
|-end|p2a: Raging Bolt|Protosynthesis
|upkeep
|turn|20
|
|t:|1779657005
|-end|p1a: Walking Wake|Protosynthesis|[silent]
|switch|p1a: Corviknight|Corviknight, M|29/100
|-damage|p1a: Corviknight|17/100|[from] Stealth Rock
|-ability|p1a: Corviknight|Pressure
|move|p2a: Raging Bolt|Dragon Pulse|p1a: Corviknight
|-resisted|p1a: Corviknight
|-damage|p1a: Corviknight|0 fnt
|faint|p1a: Corviknight
|
|-hint|Future Sight did not hit because the target is fainted.
|upkeep
|inactive|SunDude3 has 90 seconds left.
|
|t:|1779657016
|switch|p1a: Great Tusk|Great Tusk|78/100
|-damage|p1a: Great Tusk|75/100|[from] Stealth Rock
|turn|21
|inactive|SunDude3 has 90 seconds left.
|
|t:|1779657035
|-end|p2a: Raging Bolt|Protosynthesis|[silent]
|switch|p2a: Landorus|Landorus-Therian, M|64/100
|-ability|p2a: Landorus|Intimidate|boost
|-unboost|p1a: Great Tusk|atk|1
|move|p1a: Great Tusk|Ice Spinner|p2a: Landorus
|-supereffective|p2a: Landorus
|-damage|p2a: Landorus|0 fnt
|-damage|p1a: Great Tusk|59/100|[from] item: Rocky Helmet|[of] p2a: Landorus
|faint|p2a: Landorus
|
|upkeep
|
|t:|1779657040
|switch|p2a: Ogerpon|Ogerpon-Wellspring, F|64/100
|turn|22
|
|t:|1779657047
|-end|p1a: Great Tusk|Protosynthesis|[silent]
|switch|p1a: Torkoal|Torkoal, F|35/100
|-damage|p1a: Torkoal|10/100|[from] Stealth Rock
|-weather|SunnyDay|[from] ability: Drought|[of] p1a: Torkoal
|move|p2a: Ogerpon|Ivy Cudgel|p1a: Torkoal|[anim] Ivy Cudgel Water
|-supereffective|p1a: Torkoal
|-damage|p1a: Torkoal|0 fnt
|faint|p1a: Torkoal
|
|-weather|SunnyDay|[upkeep]
|upkeep
|
|t:|1779657057
|switch|p1a: Raging Bolt|Raging Bolt|73/100
|-damage|p1a: Raging Bolt|61/100|[from] Stealth Rock
|-activate|p1a: Raging Bolt|ability: Protosynthesis
|-start|p1a: Raging Bolt|protosynthesisspa
|turn|23
|
|t:|1779657065
|switch|p2a: Slowking|Slowking-Galar, M|51/100
|move|p1a: Raging Bolt|Weather Ball|p2a: Slowking
|-damage|p2a: Slowking|0 fnt
|faint|p2a: Slowking
|
|-weather|SunnyDay|[upkeep]
|upkeep
|
|t:|1779657070
|switch|p2a: Kingambit|Kingambit, M|100/100
|-activate|p2a: Kingambit|ability: Supreme Overlord
|-start|p2a: Kingambit|fallen3|[silent]
|turn|24
|
|t:|1779657076
|-terastallize|p2a: Kingambit|Dark
|move|p1a: Raging Bolt|Weather Ball|p2a: Kingambit
|-damage|p2a: Kingambit|0 fnt
|faint|p2a: Kingambit
|-end|p2a: Kingambit|fallen3|[silent]
|
|-weather|SunnyDay|[upkeep]
|upkeep
|-message|piunicoulours forfeited.
|
|win|SunDude3
|raw|SunDude3's rating: 1486 &rarr; <strong>1506</strong><br />(+20 for winning)
|raw|piunicoulours's rating: 1478 &rarr; <strong>1458</strong><br />(-20 for losing)
|l|☆piunicoulours
|player|p2|
