|j|☆samohi0
|j|☆p$ychopath
|t:|1779610900
|gametype|singles
|player|p1|samohi0|hoopster|1671
|player|p2|p$ychopath|psychic-lgpe|1642
|gen|9
|tier|[Gen 9] OU
|rated|
|rule|HP Percentage Mod: HP is shown in percentages
|rule|Endless Battle Clause: Forcing endless battles is banned
|rule|Species Clause: Limit one of each Pokémon
|rule|OHKO Clause: OHKO moves are banned
|rule|Evasion Items Clause: Evasion items are banned
|rule|Evasion Moves Clause: Evasion moves are banned
|rule|Evasion Abilities Clause: Evasion abilities are banned
|rule|Sleep Moves Clause: Sleep-inducing moves are banned
|clearpoke
|poke|p1|Dragapult, F|
|poke|p1|Lokix, M|
|poke|p1|Alomomola, F|
|poke|p1|Great Tusk|
|poke|p1|Enamorus, F|
|poke|p1|Iron Crown|
|poke|p2|Sandy Shocks|
|poke|p2|Iron Moth|
|poke|p2|Iron Valiant|
|poke|p2|Raging Bolt|
|poke|p2|Great Tusk|
|poke|p2|Iron Jugulis|
|teampreview
|inactive|Battle timer is ON: inactive players will automatically lose when time's up. (requested by p$ychopath)
|
|t:|1779610924
|teamsize|p1|6
|teamsize|p2|6
|start
|switch|p1a: Iron Crown|Iron Crown|100/100
|switch|p2a: Sandy Shocks|Sandy Shocks|100/100
|-enditem|p2a: Sandy Shocks|Booster Energy
|-activate|p2a: Sandy Shocks|ability: Protosynthesis|[fromitem]
|-start|p2a: Sandy Shocks|protosynthesisspe
|turn|1
|
|t:|1779610927
|-end|p1a: Iron Crown|Quark Drive|[silent]
|switch|p1a: Alomomola|Alomomola, F|100/100
|move|p2a: Sandy Shocks|Stealth Rock|p1a: Alomomola
|-sidestart|p1: samohi0|move: Stealth Rock
|
|upkeep
|turn|2
|
|t:|1779610930
|move|p2a: Sandy Shocks|Spikes|p1a: Alomomola
|-sidestart|p1: samohi0|Spikes
|move|p1a: Alomomola|Flip Turn|p2a: Sandy Shocks
|-supereffective|p2a: Sandy Shocks
|-damage|p2a: Sandy Shocks|68/100
|
|t:|1779610933
|switch|p1a: Great Tusk|Great Tusk|100/100|[from] Flip Turn
|
|upkeep
|turn|3
|
|t:|1779610935
|-terastallize|p2a: Sandy Shocks|Ghost
|move|p2a: Sandy Shocks|Earth Power|p1a: Great Tusk
|-damage|p1a: Great Tusk|34/100
|-unboost|p1a: Great Tusk|spd|1
|move|p1a: Great Tusk|Rapid Spin|p2a: Sandy Shocks
|-immune|p2a: Sandy Shocks
|
|upkeep
|turn|4
|j| creeeper39
|
|t:|1779610943
|-end|p1a: Great Tusk|Protosynthesis|[silent]
|switch|p1a: Enamorus|Enamorus, F|100/100
|-damage|p1a: Enamorus|76/100|[from] Stealth Rock
|move|p2a: Sandy Shocks|Earth Power|p1a: Enamorus
|-immune|p1a: Enamorus
|
|upkeep
|turn|5
|l| creeeper39
|
|t:|1779610947
|move|p1a: Enamorus|Moonblast|p2a: Sandy Shocks
|-damage|p2a: Sandy Shocks|11/100
|move|p2a: Sandy Shocks|Thunderbolt|p1a: Enamorus
|-supereffective|p1a: Enamorus
|-damage|p1a: Enamorus|0 fnt
|faint|p1a: Enamorus
|
|upkeep
|
|t:|1779610958
|switch|p1a: Lokix|Lokix, M|100/100
|-damage|p1a: Lokix|76/100|[from] Stealth Rock
|-damage|p1a: Lokix|63/100|[from] Spikes
|turn|6
|
|t:|1779610960
|move|p1a: Lokix|First Impression|p2a: Sandy Shocks
|-resisted|p2a: Sandy Shocks
|-damage|p2a: Sandy Shocks|0 fnt
|faint|p2a: Sandy Shocks
|-end|p2a: Sandy Shocks|Protosynthesis|[silent]
|
|upkeep
|
|t:|1779610964
|switch|p2a: Iron Valiant|Iron Valiant|100/100
|-enditem|p2a: Iron Valiant|Booster Energy
|-activate|p2a: Iron Valiant|ability: Quark Drive|[fromitem]
|-start|p2a: Iron Valiant|quarkdrivespe
|turn|7
|
|t:|1779610968
|switch|p1a: Iron Crown|Iron Crown|100/100
|-damage|p1a: Iron Crown|94/100|[from] Stealth Rock
|-damage|p1a: Iron Crown|82/100|[from] Spikes
|move|p2a: Iron Valiant|Swords Dance|p2a: Iron Valiant
|-boost|p2a: Iron Valiant|atk|2
|
|upkeep
|turn|8
|
|t:|1779610971
|move|p2a: Iron Valiant|Close Combat|p1a: Iron Crown
|-crit|p1a: Iron Crown
|-damage|p1a: Iron Crown|0 fnt
|-unboost|p2a: Iron Valiant|def|1
|-unboost|p2a: Iron Valiant|spd|1
|faint|p1a: Iron Crown
|-end|p1a: Iron Crown|Quark Drive|[silent]
|
|upkeep
|
|t:|1779610975
|switch|p1a: Alomomola|Alomomola, F|100/100
|-damage|p1a: Alomomola|88/100|[from] Stealth Rock
|-damage|p1a: Alomomola|76/100|[from] Spikes
|turn|9
|j| infopro play392
|
|t:|1779610977
|move|p2a: Iron Valiant|Close Combat|p1a: Alomomola
|-damage|p1a: Alomomola|0 fnt
|-unboost|p2a: Iron Valiant|def|1
|-unboost|p2a: Iron Valiant|spd|1
|faint|p1a: Alomomola
|
|upkeep
|
|t:|1779610979
|switch|p1a: Lokix|Lokix, M|63/100
|-damage|p1a: Lokix|39/100|[from] Stealth Rock
|-damage|p1a: Lokix|26/100|[from] Spikes
|turn|10
|
|t:|1779610983
|-terastallize|p1a: Lokix|Bug
|move|p1a: Lokix|First Impression|p2a: Iron Valiant
|-resisted|p2a: Iron Valiant
|-damage|p2a: Iron Valiant|0 fnt
|faint|p2a: Iron Valiant
|-end|p2a: Iron Valiant|Quark Drive|[silent]
|
|upkeep
|
|t:|1779610992
|switch|p2a: Iron Mugulis|Iron Jugulis|100/100
|-enditem|p2a: Iron Mugulis|Booster Energy
|-activate|p2a: Iron Mugulis|ability: Quark Drive|[fromitem]
|-start|p2a: Iron Mugulis|quarkdrivespe
|turn|11
|
|t:|1779610996
|move|p1a: Lokix|First Impression||[still]
|-hint|First Impression only works on your first turn out.
|-fail|p1a: Lokix
|move|p2a: Iron Mugulis|Dark Pulse|p1a: Lokix
|-damage|p1a: Lokix|0 fnt
|faint|p1a: Lokix
|
|upkeep
|
|t:|1779610999
|switch|p1a: Great Tusk|Great Tusk|34/100
|turn|12
|
|t:|1779611003
|move|p2a: Iron Mugulis|Earth Power|p1a: Great Tusk
|-damage|p1a: Great Tusk|0 fnt
|faint|p1a: Great Tusk
|-end|p1a: Great Tusk|Protosynthesis|[silent]
|
|upkeep
|
|t:|1779611005
|switch|p1a: Dragapult|Dragapult, F|100/100
|-damage|p1a: Dragapult|88/100|[from] Stealth Rock
|-damage|p1a: Dragapult|76/100|[from] Spikes
|turn|13
|
|t:|1779611006
|move|p2a: Iron Mugulis|Dark Pulse|p1a: Dragapult
|-supereffective|p1a: Dragapult
|-damage|p1a: Dragapult|0 fnt
|faint|p1a: Dragapult
|
|win|p$ychopath
|raw|samohi0's rating: 1671 &rarr; <strong>1649</strong><br />(-22 for losing)
|raw|p$ychopath's rating: 1642 &rarr; <strong>1664</strong><br />(+22 for winning)
|l|☆samohi0
|player|p1|
|l|☆p$ychopath
|player|p2|
