|j|☆drkoalla123
|j|☆maiese
|t:|1779719773
|gametype|singles
|player|p1|drkoalla123|red|1103
|player|p2|maiese|red|1126
|gen|9
|tier|[Gen 9] OU
|rated|
|rule|HP Percentage Mod: HP is shown in percentages
|rule|Endless Battle Clause: Forcing endless battles is banned
|rule|Species Clause: Limit one of each Pokémon
|rule|OHKO Clause: OHKO moves are banned
|rule|Evasion Items Clause: Evasion items are banned
|rule|Evasion Moves Clause: Evasion moves are banned
|rule|Evasion Abilities Clause: Evasion abilities are banned
|rule|Sleep Moves Clause: Sleep-inducing moves are banned
|clearpoke
|poke|p1|Charizard, M|
|poke|p1|Venusaur, M|
|poke|p1|Blastoise, F|
|poke|p1|Snorlax, F|
|poke|p1|Pikachu, M|
|poke|p1|Lapras, M|
|poke|p2|Gliscor, M|
|poke|p2|Blaziken, M|
|poke|p2|Hydreigon, M|
|poke|p2|Lucario, F|
|poke|p2|Quaquaval, F|
|poke|p2|Iron Hands|
|teampreview
|
|t:|1779719779
|teamsize|p1|6
|teamsize|p2|6
|start
|switch|p1a: Pikachu|Pikachu, M|100/100
|switch|p2a: Iron Hands|Iron Hands|100/100
|-enditem|p2a: Iron Hands|Booster Energy
|-activate|p2a: Iron Hands|ability: Quark Drive|[fromitem]
|-start|p2a: Iron Hands|quarkdriveatk
|turn|1
|inactive|Battle timer is ON: inactive players will automatically lose when time's up. (requested by drkoalla123)
|inactive|maiese has 120 seconds left.
|
|t:|1779719810
|move|p1a: Pikachu|Fake Out|p2a: Iron Hands
|-damage|p2a: Iron Hands|91/100
|cant|p2a: Iron Hands|flinch
|
|upkeep
|turn|2
|
|t:|1779719824
|move|p1a: Pikachu|Volt Switch|p2a: Iron Hands
|-resisted|p2a: Iron Hands
|-damage|p2a: Iron Hands|78/100
|
|t:|1779719829
|switch|p1a: Snorlax|Snorlax, F|100/100|[from] Volt Switch
|move|p2a: Iron Hands|Earthquake|p1a: Snorlax
|-damage|p1a: Snorlax|70/100
|
|upkeep
|turn|3
|
|t:|1779719839
|-terastallize|p1a: Snorlax|Ghost
|move|p2a: Iron Hands|Body Press|p1a: Snorlax
|-immune|p1a: Snorlax
|move|p1a: Snorlax|Sunny Day|p1a: Snorlax
|-weather|SunnyDay
|
|-weather|SunnyDay|[upkeep]
|upkeep
|turn|4
|
|t:|1779719853
|switch|p1a: Charizard|Charizard, M|100/100
|move|p2a: Iron Hands|Thunder Punch|p1a: Charizard
|-supereffective|p1a: Charizard
|-damage|p1a: Charizard|0 fnt
|faint|p1a: Charizard
|
|-weather|SunnyDay|[upkeep]
|upkeep
|
|t:|1779719859
|switch|p1a: Venusaur|Venusaur, M|100/100
|turn|5
|
|t:|1779719862
|move|p1a: Venusaur|Growth|p1a: Venusaur
|-boost|p1a: Venusaur|atk|2
|-boost|p1a: Venusaur|spa|2
|move|p2a: Iron Hands|Ice Punch|p1a: Venusaur
|-supereffective|p1a: Venusaur
|-damage|p1a: Venusaur|17/100
|
|-weather|SunnyDay|[upkeep]
|-heal|p1a: Venusaur|23/100|[from] item: Leftovers
|upkeep
|turn|6
|
|t:|1779719869
|move|p1a: Venusaur|Earth Power|p2a: Iron Hands
|-supereffective|p2a: Iron Hands
|-damage|p2a: Iron Hands|0 fnt
|faint|p2a: Iron Hands
|-end|p2a: Iron Hands|Quark Drive|[silent]
|
|-weather|SunnyDay|[upkeep]
|-heal|p1a: Venusaur|29/100|[from] item: Leftovers
|upkeep
|
|t:|1779719881
|switch|p2a: Blaziken|Blaziken, M|100/100
|turn|7
|
|t:|1779719885
|move|p2a: Blaziken|Protect|p2a: Blaziken
|-singleturn|p2a: Blaziken|Protect
|move|p1a: Venusaur|Earth Power|p2a: Blaziken
|-activate|p2a: Blaziken|move: Protect
|
|-weather|SunnyDay|[upkeep]
|-heal|p1a: Venusaur|35/100|[from] item: Leftovers
|-ability|p2a: Blaziken|Speed Boost|boost
|-boost|p2a: Blaziken|spe|1
|upkeep
|turn|8
|
|t:|1779719893
|move|p1a: Venusaur|Earth Power|p2a: Blaziken
|-supereffective|p2a: Blaziken
|-enditem|p2a: Blaziken|Focus Sash
|-damage|p2a: Blaziken|1/100
|-unboost|p2a: Blaziken|spd|1
|move|p2a: Blaziken|Flamethrower|p1a: Venusaur
|-supereffective|p1a: Venusaur
|-damage|p1a: Venusaur|0 fnt
|faint|p1a: Venusaur
|
|-weather|SunnyDay|[upkeep]
|-ability|p2a: Blaziken|Speed Boost|boost
|-boost|p2a: Blaziken|spe|1
|upkeep
|
|t:|1779719902
|switch|p1a: Snorlax|Snorlax, F, tera:Ghost|70/100
|turn|9
|
|t:|1779719907
|move|p2a: Blaziken|Flamethrower|p1a: Snorlax
|-damage|p1a: Snorlax|40/100
|move|p1a: Snorlax|Rain Dance|p1a: Snorlax
|-weather|RainDance
|
|-weather|RainDance|[upkeep]
|-ability|p2a: Blaziken|Speed Boost|boost
|-boost|p2a: Blaziken|spe|1
|upkeep
|turn|10
|
|t:|1779719916
|move|p2a: Blaziken|Earthquake|p1a: Snorlax
|-damage|p1a: Snorlax|17/100
|move|p1a: Snorlax|Body Slam|p2a: Blaziken
|-damage|p2a: Blaziken|0 fnt
|faint|p2a: Blaziken
|
|-weather|RainDance|[upkeep]
|upkeep
|
|t:|1779719925
|switch|p2a: Lucario|Lucario, F|100/100
|turn|11
|
|t:|1779719931
|move|p2a: Lucario|Earthquake|p1a: Snorlax
|-damage|p1a: Snorlax|0 fnt
|faint|p1a: Snorlax
|
|-weather|RainDance|[upkeep]
|upkeep
|
|t:|1779719936
|switch|p1a: Pikachu|Pikachu, M|100/100
|turn|12
|inactive|maiese has 120 seconds left.
|inactive|maiese has 90 seconds left.
|
|t:|1779720000
|move|p1a: Pikachu|Volt Tackle|p2a: Lucario
|-enditem|p2a: Lucario|Focus Sash
|-damage|p2a: Lucario|1/100
|-damage|p1a: Pikachu|52/100|[from] Recoil
|move|p2a: Lucario|Earthquake|p1a: Pikachu
|-supereffective|p1a: Pikachu
|-damage|p1a: Pikachu|0 fnt
|faint|p1a: Pikachu
|
|-weather|RainDance|[upkeep]
|upkeep
|
|t:|1779720009
|switch|p1a: Blastoise|Blastoise, F|100/100
|turn|13
|
|t:|1779720013
|move|p2a: Lucario|Earthquake|p1a: Blastoise
|-damage|p1a: Blastoise|82/100
|move|p1a: Blastoise|Rapid Spin|p2a: Lucario
|-resisted|p2a: Lucario
|-damage|p2a: Lucario|0 fnt
|-boost|p1a: Blastoise|spe|1
|faint|p2a: Lucario
|
|-weather|none
|-heal|p1a: Blastoise|88/100|[from] item: Leftovers
|upkeep
|
|t:|1779720022
|switch|p2a: Gliscor|Gliscor, M|100/100
|turn|14
|
|t:|1779720030
|-terastallize|p2a: Gliscor|Ice
|move|p2a: Gliscor|Toxic|p1a: Blastoise
|-status|p1a: Blastoise|tox
|move|p1a: Blastoise|Ice Beam|p2a: Gliscor
|-resisted|p2a: Gliscor
|-damage|p2a: Gliscor|84/100
|
|-heal|p1a: Blastoise|94/100 tox|[from] item: Leftovers
|-damage|p1a: Blastoise|88/100 tox|[from] psn
|-status|p2a: Gliscor|tox|[from] item: Toxic Orb
|upkeep
|turn|15
|inactive|maiese has 120 seconds left.
|
|t:|1779720040
|move|p2a: Gliscor|Substitute|p2a: Gliscor
|-start|p2a: Gliscor|Substitute
|-damage|p2a: Gliscor|60/100 tox
|move|p1a: Blastoise|Shell Smash|p1a: Blastoise
|-unboost|p1a: Blastoise|def|1
|-unboost|p1a: Blastoise|spd|1
|-boost|p1a: Blastoise|atk|2
|-boost|p1a: Blastoise|spa|2
|-boost|p1a: Blastoise|spe|2
|
|-heal|p1a: Blastoise|94/100 tox|[from] item: Leftovers
|-damage|p1a: Blastoise|82/100 tox|[from] psn
|-heal|p2a: Gliscor|72/100 tox|[from] ability: Poison Heal
|upkeep
|turn|16
|inactive|maiese has 120 seconds left.
|
|t:|1779720058
|move|p2a: Gliscor|Protect|p2a: Gliscor
|-singleturn|p2a: Gliscor|Protect
|move|p1a: Blastoise|Hydro Pump|p2a: Gliscor
|-activate|p2a: Gliscor|move: Protect
|
|-heal|p1a: Blastoise|88/100 tox|[from] item: Leftovers
|-damage|p1a: Blastoise|70/100 tox|[from] psn
|-heal|p2a: Gliscor|84/100 tox|[from] ability: Poison Heal
|upkeep
|turn|17
|inactive|maiese has 120 seconds left.
|
|t:|1779720068
|move|p1a: Blastoise|Hydro Pump|p2a: Gliscor|[miss]
|-miss|p1a: Blastoise|p2a: Gliscor
|move|p2a: Gliscor|Substitute|p2a: Gliscor
|-fail|p2a: Gliscor|move: Substitute
|
|-heal|p1a: Blastoise|76/100 tox|[from] item: Leftovers
|-damage|p1a: Blastoise|51/100 tox|[from] psn
|-heal|p2a: Gliscor|97/100 tox|[from] ability: Poison Heal
|upkeep
|turn|18
|
|t:|1779720076
|move|p2a: Gliscor|Protect|p2a: Gliscor
|-singleturn|p2a: Gliscor|Protect
|move|p1a: Blastoise|Hydro Pump|p2a: Gliscor
|-activate|p2a: Gliscor|move: Protect
|
|-heal|p1a: Blastoise|57/100 tox|[from] item: Leftovers
|-damage|p1a: Blastoise|27/100 tox|[from] psn
|-heal|p2a: Gliscor|100/100 tox|[from] ability: Poison Heal
|upkeep
|turn|19
|
|t:|1779720085
|move|p1a: Blastoise|Hydro Pump|p2a: Gliscor
|-end|p2a: Gliscor|Substitute
|move|p2a: Gliscor|Substitute|p2a: Gliscor
|-start|p2a: Gliscor|Substitute
|-damage|p2a: Gliscor|76/100 tox
|
|-heal|p1a: Blastoise|33/100 tox|[from] item: Leftovers
|-damage|p1a: Blastoise|0 fnt|[from] psn
|faint|p1a: Blastoise
|-heal|p2a: Gliscor|88/100 tox|[from] ability: Poison Heal
|upkeep
|
|t:|1779720089
|switch|p1a: Lapras|Lapras, M, shiny|100/100
|turn|20
|
|t:|1779720097
|move|p2a: Gliscor|Toxic|p1a: Lapras
|-status|p1a: Lapras|tox
|move|p1a: Lapras|Thunder|p2a: Gliscor
|-end|p2a: Gliscor|Substitute
|
|-heal|p2a: Gliscor|100/100 tox|[from] ability: Poison Heal
|-damage|p1a: Lapras|94/100 tox|[from] psn
|upkeep
|turn|21
|
|t:|1779720106
|move|p2a: Gliscor|Protect|p2a: Gliscor
|-singleturn|p2a: Gliscor|Protect
|move|p1a: Lapras|Thunder|p2a: Gliscor
|-activate|p2a: Gliscor|move: Protect
|
|-damage|p1a: Lapras|82/100 tox|[from] psn
|upkeep
|turn|22
|
|t:|1779720113
|move|p2a: Gliscor|Substitute|p2a: Gliscor
|-start|p2a: Gliscor|Substitute
|-damage|p2a: Gliscor|76/100 tox
|move|p1a: Lapras|Thunder|p2a: Gliscor|[miss]
|-miss|p1a: Lapras|p2a: Gliscor
|
|-heal|p2a: Gliscor|88/100 tox|[from] ability: Poison Heal
|-damage|p1a: Lapras|63/100 tox|[from] psn
|upkeep
|turn|23
|-message|drkoalla123 forfeited.
|
|win|maiese
|raw|drkoalla123's rating: 1103 &rarr; <strong>1080</strong><br />(-23 for losing)
|raw|maiese's rating: 1126 &rarr; <strong>1149</strong><br />(+23 for winning)
|l|☆drkoalla123
|player|p1|
|l|☆maiese
|player|p2|
