|j|☆Rana2023
|j|☆Memone123
|t:|1779655305
|gametype|singles
|player|p1|Rana2023|clerkf|1088
|player|p2|Memone123|169|1118
|gen|9
|tier|[Gen 9] OU
|rated|
|rule|HP Percentage Mod: HP is shown in percentages
|rule|Endless Battle Clause: Forcing endless battles is banned
|rule|Species Clause: Limit one of each Pokémon
|rule|OHKO Clause: OHKO moves are banned
|rule|Evasion Items Clause: Evasion items are banned
|rule|Evasion Moves Clause: Evasion moves are banned
|rule|Evasion Abilities Clause: Evasion abilities are banned
|rule|Sleep Moves Clause: Sleep-inducing moves are banned
|clearpoke
|poke|p1|Hatterene, F|
|poke|p1|Gliscor, F|
|poke|p1|Dondozo, M|
|poke|p1|Dragapult, M|
|poke|p1|Corviknight, F|
|poke|p1|Arboliva, M|
|poke|p2|Voltorb-Hisui|
|poke|p2|Golem, F|
|poke|p2|Regirock|
|poke|p2|Weezing, M|
|poke|p2|Diancie|
|poke|p2|Metagross|
|teampreview
|inactive|Battle timer is ON: inactive players will automatically lose when time's up. (requested by Rana2023)
|
|t:|1779655313
|teamsize|p1|6
|teamsize|p2|6
|start
|switch|p1a: Gliscor|Gliscor, F|100/100
|switch|p2a: Regirock|Regirock|100/100
|turn|1
|
|t:|1779655321
|move|p1a: Gliscor|Toxic|p2a: Regirock
|-status|p2a: Regirock|tox
|move|p2a: Regirock|Iron Defense|p2a: Regirock
|-boost|p2a: Regirock|def|2
|
|-damage|p2a: Regirock|95/100 tox|[from] psn
|-status|p1a: Gliscor|tox|[from] item: Toxic Orb
|upkeep
|turn|2
|
|t:|1779655332
|move|p1a: Gliscor|Substitute|p1a: Gliscor
|-start|p1a: Gliscor|Substitute
|-damage|p1a: Gliscor|76/100 tox
|move|p2a: Regirock|Stealth Rock|p1a: Gliscor
|-sidestart|p1: Rana2023|move: Stealth Rock
|
|-heal|p2a: Regirock|100/100 tox|[from] item: Leftovers
|-heal|p1a: Gliscor|88/100 tox|[from] ability: Poison Heal
|-damage|p2a: Regirock|89/100 tox|[from] psn
|upkeep
|turn|3
|
|t:|1779655343
|move|p1a: Gliscor|Earthquake|p2a: Regirock
|-supereffective|p2a: Regirock
|-damage|p2a: Regirock|68/100 tox
|move|p2a: Regirock|Body Press|p1a: Gliscor
|-resisted|p1a: Gliscor
|-end|p1a: Gliscor|Substitute
|
|-heal|p2a: Regirock|74/100 tox|[from] item: Leftovers
|-heal|p1a: Gliscor|100/100 tox|[from] ability: Poison Heal
|-damage|p2a: Regirock|56/100 tox|[from] psn
|upkeep
|turn|4
|
|t:|1779655358
|switch|p2a: Voltorb|Voltorb-Hisui|100/100
|move|p1a: Gliscor|Substitute|p1a: Gliscor
|-start|p1a: Gliscor|Substitute
|-damage|p1a: Gliscor|76/100 tox
|
|-heal|p1a: Gliscor|88/100 tox|[from] ability: Poison Heal
|upkeep
|turn|5
|-message|Memone123 forfeited.
|
|win|Rana2023
|raw|Rana2023's rating: 1088 &rarr; <strong>1117</strong><br />(+29 for winning)
|raw|Memone123's rating: 1118 &rarr; <strong>1091</strong><br />(-27 for losing)
|l|☆Memone123
|player|p2|
|l|☆Rana2023
|player|p1|
