|j|☆glimpseman
|j|‽wheezsumbeez
|t:|1779599187
|gametype|singles
|player|p1|glimpseman|#wcor2025canada|1408
|player|p2|wheezsumbeez|roxie|1458
|gen|9
|tier|[Gen 9] OU
|rated|
|rule|HP Percentage Mod: HP is shown in percentages
|rule|Endless Battle Clause: Forcing endless battles is banned
|rule|Species Clause: Limit one of each Pokémon
|rule|OHKO Clause: OHKO moves are banned
|rule|Evasion Items Clause: Evasion items are banned
|rule|Evasion Moves Clause: Evasion moves are banned
|rule|Evasion Abilities Clause: Evasion abilities are banned
|rule|Sleep Moves Clause: Sleep-inducing moves are banned
|clearpoke
|poke|p1|Toxtricity, M|
|poke|p1|Gholdengo|
|poke|p1|Samurott-Hisui, F|
|poke|p1|Glimmora, F|
|poke|p1|Iron Valiant|
|poke|p1|Rillaboom, M|
|poke|p2|Kommo-o, M|
|poke|p2|Heatran, F|
|poke|p2|Tentacruel, F|
|poke|p2|Mamoswine, F|
|poke|p2|Enamorus, F|
|poke|p2|Ogerpon-Wellspring, F|
|teampreview
|inactive|Battle timer is ON: inactive players will automatically lose when time's up. (requested by glimpseman)
|
|t:|1779599201
|teamsize|p1|6
|teamsize|p2|6
|start
|switch|p1a: Samurott|Samurott-Hisui, F|100/100
|switch|p2a: Tentacruel|Tentacruel, F|100/100
|turn|1
|
|t:|1779599206
|switch|p2a: Kommo-o|Kommo-o, M|100/100
|move|p1a: Samurott|Ceaseless Edge|p2a: Kommo-o|[miss]
|-miss|p1a: Samurott|p2a: Kommo-o
|
|upkeep
|turn|2
|
|t:|1779599211
|switch|p1a: Iron Valiant|Iron Valiant|100/100
|-enditem|p1a: Iron Valiant|Booster Energy
|-activate|p1a: Iron Valiant|ability: Quark Drive|[fromitem]
|-start|p1a: Iron Valiant|quarkdrivespe
|move|p2a: Kommo-o|Stealth Rock|p1a: Iron Valiant
|-sidestart|p1: glimpseman|move: Stealth Rock
|
|upkeep
|turn|3
|
|t:|1779599220
|switch|p2a: Tentacruel|Tentacruel, F|100/100
|move|p1a: Iron Valiant|Swords Dance|p1a: Iron Valiant
|-boost|p1a: Iron Valiant|atk|2
|
|upkeep
|turn|4
|
|t:|1779599226
|move|p1a: Iron Valiant|Knock Off|p2a: Tentacruel
|-damage|p2a: Tentacruel|5/100
|-enditem|p2a: Tentacruel|Assault Vest|[from] move: Knock Off|[of] p1a: Iron Valiant
|move|p2a: Tentacruel|Sludge Bomb|p1a: Iron Valiant
|-supereffective|p1a: Iron Valiant
|-damage|p1a: Iron Valiant|5/100
|-status|p1a: Iron Valiant|psn
|
|-damage|p1a: Iron Valiant|0 fnt|[from] psn
|faint|p1a: Iron Valiant
|-end|p1a: Iron Valiant|Quark Drive|[silent]
|upkeep
|
|t:|1779599229
|switch|p1a: Glimmora|Glimmora, F|100/100
|-damage|p1a: Glimmora|88/100|[from] Stealth Rock
|turn|5
|
|t:|1779599242
|move|p2a: Tentacruel|Rapid Spin|p1a: Glimmora
|-resisted|p1a: Glimmora
|-crit|p1a: Glimmora
|-damage|p1a: Glimmora|84/100
|-boost|p2a: Tentacruel|spe|1
|-damage|p2a: Tentacruel|0 fnt|[from] item: Rocky Helmet|[of] p1a: Glimmora
|faint|p2a: Tentacruel
|move|p1a: Glimmora|Toxic|p2: Tentacruel|[notarget]
|-fail|p1a: Glimmora
|
|upkeep
|
|t:|1779599257
|switch|p2a: Enamorus|Enamorus, F|100/100
|turn|6
|
|t:|1779599264
|-terastallize|p1a: Glimmora|Flying
|move|p2a: Enamorus|Calm Mind|p2a: Enamorus
|-boost|p2a: Enamorus|spa|1
|-boost|p2a: Enamorus|spd|1
|move|p1a: Glimmora|Mortal Spin|p2a: Enamorus
|-supereffective|p2a: Enamorus
|-damage|p2a: Enamorus|83/100
|-status|p2a: Enamorus|psn
|-sideend|p1: glimpseman|Stealth Rock|[from] move: Mortal Spin|[of] p1a: Glimmora
|
|-damage|p2a: Enamorus|71/100 psn|[from] psn
|upkeep
|turn|7
|
|t:|1779599274
|switch|p1a: Gholdengo|Gholdengo|100/100
|move|p2a: Enamorus|Moonblast|p1a: Gholdengo
|-resisted|p1a: Gholdengo
|-damage|p1a: Gholdengo|45/100
|-unboost|p1a: Gholdengo|spa|1
|
|-damage|p2a: Enamorus|58/100 psn|[from] psn
|upkeep
|turn|8
|
|t:|1779599282
|move|p2a: Enamorus|Moonblast|p1a: Gholdengo
|-resisted|p1a: Gholdengo
|-damage|p1a: Gholdengo|0 fnt
|faint|p1a: Gholdengo
|
|-damage|p2a: Enamorus|46/100 psn|[from] psn
|upkeep
|
|t:|1779599292
|switch|p1a: Samurott|Samurott-Hisui, F|100/100
|turn|9
|
|t:|1779599296
|move|p1a: Samurott|Flip Turn|p2a: Enamorus
|-damage|p2a: Enamorus|0 fnt
|faint|p2a: Enamorus
|
|t:|1779599303
|switch|p1a: Glimmora|Glimmora, F, tera:Flying|84/100|[from] Flip Turn
|
|upkeep
|
|t:|1779599315
|switch|p2a: Ogerpon|Ogerpon-Wellspring, F|100/100
|turn|10
|
|t:|1779599322
|move|p2a: Ogerpon|Ivy Cudgel|p1a: Glimmora|[anim] Ivy Cudgel Water
|-damage|p1a: Glimmora|38/100
|move|p1a: Glimmora|Mortal Spin|p2a: Ogerpon
|-supereffective|p2a: Ogerpon
|-damage|p2a: Ogerpon|85/100
|-status|p2a: Ogerpon|psn
|
|-damage|p2a: Ogerpon|72/100 psn|[from] psn
|upkeep
|turn|11
|
|t:|1779599330
|switch|p1a: Rillaboom|Rillaboom, M|100/100
|-fieldstart|move: Grassy Terrain|[from] ability: Grassy Surge|[of] p1a: Rillaboom
|move|p2a: Ogerpon|Ivy Cudgel|p1a: Rillaboom|[anim] Ivy Cudgel Water
|-resisted|p1a: Rillaboom
|-damage|p1a: Rillaboom|71/100
|
|-heal|p2a: Ogerpon|78/100 psn|[from] Grassy Terrain
|-heal|p1a: Rillaboom|77/100|[from] Grassy Terrain
|-damage|p2a: Ogerpon|66/100 psn|[from] psn
|upkeep
|turn|12
|
|t:|1779599340
|switch|p2a: Kommo-o|Kommo-o, M|100/100
|move|p1a: Rillaboom|U-turn|p2a: Kommo-o
|-resisted|p2a: Kommo-o
|-damage|p2a: Kommo-o|92/100
|
|t:|1779599344
|switch|p1a: Toxtricity|Toxtricity, M, shiny|100/100|[from] U-turn
|
|-heal|p2a: Kommo-o|98/100|[from] Grassy Terrain
|-heal|p2a: Kommo-o|100/100|[from] item: Leftovers
|upkeep
|turn|13
|
|t:|1779599351
|switch|p2a: Heatran|Heatran, F|100/100
|move|p1a: Toxtricity|Boomburst|p2a: Heatran
|-resisted|p2a: Heatran
|-crit|p2a: Heatran
|-damage|p2a: Heatran|70/100
|-enditem|p1a: Toxtricity|Throat Spray
|-boost|p1a: Toxtricity|spa|1|[from] item: Throat Spray
|
|-heal|p2a: Heatran|76/100|[from] Grassy Terrain
|-heal|p2a: Heatran|82/100|[from] item: Leftovers
|upkeep
|turn|14
|
|t:|1779599361
|switch|p1a: Samurott|Samurott-Hisui, F|100/100
|move|p2a: Heatran|Magma Storm|p1a: Samurott|[miss]
|-miss|p2a: Heatran|p1a: Samurott
|
|-heal|p2a: Heatran|89/100|[from] Grassy Terrain
|-heal|p2a: Heatran|95/100|[from] item: Leftovers
|upkeep
|turn|15
|
|t:|1779599369
|switch|p2a: Kommo-o|Kommo-o, M|100/100
|move|p1a: Samurott|Sacred Sword|p2a: Kommo-o
|-damage|p2a: Kommo-o|72/100
|
|-heal|p2a: Kommo-o|78/100|[from] Grassy Terrain
|-heal|p2a: Kommo-o|84/100|[from] item: Leftovers
|-fieldend|move: Grassy Terrain
|upkeep
|turn|16
|
|t:|1779599377
|switch|p1a: Glimmora|Glimmora, F, tera:Flying|38/100
|move|p2a: Kommo-o|Dragon Tail|p1a: Glimmora|[miss]
|-miss|p2a: Kommo-o|p1a: Glimmora
|
|-heal|p2a: Kommo-o|90/100|[from] item: Leftovers
|upkeep
|turn|17
|
|t:|1779599384
|switch|p2a: Ogerpon|Ogerpon-Wellspring, F|66/100 psn
|move|p1a: Glimmora|Toxic||[still]
|-fail|p1a: Glimmora
|
|-damage|p2a: Ogerpon|54/100 psn|[from] psn
|upkeep
|turn|18
|
|t:|1779599391
|move|p2a: Ogerpon|Ivy Cudgel|p1a: Glimmora|[anim] Ivy Cudgel Water
|-damage|p1a: Glimmora|0 fnt
|faint|p1a: Glimmora
|
|-damage|p2a: Ogerpon|41/100 psn|[from] psn
|upkeep
|
|t:|1779599393
|switch|p1a: Rillaboom|Rillaboom, M|77/100
|-fieldstart|move: Grassy Terrain|[from] ability: Grassy Surge|[of] p1a: Rillaboom
|turn|19
|
|t:|1779599401
|switch|p2a: Kommo-o|Kommo-o, M|90/100
|move|p1a: Rillaboom|U-turn|p2a: Kommo-o
|-resisted|p2a: Kommo-o
|-damage|p2a: Kommo-o|82/100
|
|t:|1779599403
|switch|p1a: Toxtricity|Toxtricity, M, shiny|100/100|[from] U-turn
|
|-heal|p2a: Kommo-o|88/100|[from] Grassy Terrain
|-heal|p2a: Kommo-o|94/100|[from] item: Leftovers
|upkeep
|turn|20
|
|t:|1779599411
|switch|p1a: Rillaboom|Rillaboom, M|77/100
|switch|p2a: Mamoswine|Mamoswine, F|100/100
|
|-heal|p1a: Rillaboom|83/100|[from] Grassy Terrain
|upkeep
|turn|21
|
|t:|1779599422
|switch|p2a: Kommo-o|Kommo-o, M|94/100
|move|p1a: Rillaboom|Grassy Glide|p2a: Kommo-o
|-resisted|p2a: Kommo-o
|-damage|p2a: Kommo-o|84/100
|
|-heal|p2a: Kommo-o|90/100|[from] Grassy Terrain
|-heal|p2a: Kommo-o|96/100|[from] item: Leftovers
|-heal|p1a: Rillaboom|89/100|[from] Grassy Terrain
|upkeep
|turn|22
|
|t:|1779599431
|move|p1a: Rillaboom|Knock Off|p2a: Kommo-o
|-resisted|p2a: Kommo-o
|-damage|p2a: Kommo-o|85/100
|-enditem|p2a: Kommo-o|Leftovers|[from] move: Knock Off|[of] p1a: Rillaboom
|move|p2a: Kommo-o|Dragon Tail|p1a: Rillaboom
|-damage|p1a: Rillaboom|65/100
|drag|p1a: Samurott|Samurott-Hisui, F|100/100
|
|-heal|p2a: Kommo-o|91/100|[from] Grassy Terrain
|upkeep
|turn|23
|
|t:|1779599440
|move|p1a: Samurott|Ceaseless Edge|p2a: Kommo-o
|-resisted|p2a: Kommo-o
|-damage|p2a: Kommo-o|78/100
|-sidestart|p2: wheezsumbeez|Spikes
|move|p2a: Kommo-o|Stealth Rock|p1a: Samurott
|-sidestart|p1: glimpseman|move: Stealth Rock
|
|-heal|p2a: Kommo-o|84/100|[from] Grassy Terrain
|-fieldend|move: Grassy Terrain
|upkeep
|turn|24
|
|t:|1779599455
|move|p1a: Samurott|Ceaseless Edge|p2a: Kommo-o
|-resisted|p2a: Kommo-o
|-damage|p2a: Kommo-o|69/100
|-sidestart|p2: wheezsumbeez|Spikes
|move|p2a: Kommo-o|Dragon Tail|p1a: Samurott
|-damage|p1a: Samurott|71/100
|drag|p1a: Rillaboom|Rillaboom, M|65/100
|-damage|p1a: Rillaboom|53/100|[from] Stealth Rock
|-fieldstart|move: Grassy Terrain|[from] ability: Grassy Surge|[of] p1a: Rillaboom
|
|-heal|p2a: Kommo-o|75/100|[from] Grassy Terrain
|-heal|p1a: Rillaboom|59/100|[from] Grassy Terrain
|upkeep
|turn|25
|
|t:|1779599466
|move|p1a: Rillaboom|High Horsepower|p2a: Kommo-o
|-damage|p2a: Kommo-o|56/100
|move|p2a: Kommo-o|Dragon Tail|p1a: Rillaboom
|-damage|p1a: Rillaboom|35/100
|drag|p1a: Samurott|Samurott-Hisui, F|71/100
|-damage|p1a: Samurott|58/100|[from] Stealth Rock
|
|-heal|p1a: Samurott|64/100|[from] Grassy Terrain
|-heal|p2a: Kommo-o|62/100|[from] Grassy Terrain
|upkeep
|turn|26
|
|t:|1779599475
|move|p1a: Samurott|Sacred Sword|p2a: Kommo-o
|-damage|p2a: Kommo-o|34/100
|move|p2a: Kommo-o|Dragon Tail|p1a: Samurott
|-damage|p1a: Samurott|36/100
|drag|p1a: Rillaboom|Rillaboom, M|35/100
|-damage|p1a: Rillaboom|22/100|[from] Stealth Rock
|
|-heal|p2a: Kommo-o|40/100|[from] Grassy Terrain
|-heal|p1a: Rillaboom|28/100|[from] Grassy Terrain
|upkeep
|turn|27
|
|t:|1779599484
|move|p1a: Rillaboom|Grassy Glide|p2a: Kommo-o
|-resisted|p2a: Kommo-o
|-damage|p2a: Kommo-o|29/100
|move|p2a: Kommo-o|Body Press|p1a: Rillaboom
|-crit|p1a: Rillaboom
|-damage|p1a: Rillaboom|0 fnt
|faint|p1a: Rillaboom
|
|-heal|p2a: Kommo-o|35/100|[from] Grassy Terrain
|upkeep
|
|t:|1779599486
|switch|p1a: Toxtricity|Toxtricity, M, shiny|100/100
|-damage|p1a: Toxtricity|88/100|[from] Stealth Rock
|turn|28
|
|t:|1779599499
|move|p1a: Toxtricity|Shift Gear|p1a: Toxtricity
|-boost|p1a: Toxtricity|spe|2
|-boost|p1a: Toxtricity|atk|1
|move|p2a: Kommo-o|Dragon Tail|p1a: Toxtricity
|-crit|p1a: Toxtricity
|-damage|p1a: Toxtricity|38/100
|drag|p1a: Samurott|Samurott-Hisui, F|36/100
|-damage|p1a: Samurott|24/100|[from] Stealth Rock
|
|-heal|p1a: Samurott|30/100|[from] Grassy Terrain
|-heal|p2a: Kommo-o|41/100|[from] Grassy Terrain
|-fieldend|move: Grassy Terrain
|upkeep
|turn|29
|
|t:|1779599509
|move|p1a: Samurott|Sacred Sword|p2a: Kommo-o
|-damage|p2a: Kommo-o|16/100
|move|p2a: Kommo-o|Dragon Tail|p1a: Samurott
|-damage|p1a: Samurott|4/100
|drag|p1a: Toxtricity|Toxtricity, M, shiny|38/100
|-damage|p1a: Toxtricity|26/100|[from] Stealth Rock
|
|upkeep
|turn|30
|
|t:|1779599516
|move|p1a: Toxtricity|Boomburst|p2a: Kommo-o
|-damage|p2a: Kommo-o|0 fnt
|faint|p2a: Kommo-o
|
|upkeep
|
|t:|1779599521
|switch|p2a: Heatran|Heatran, F|95/100
|-damage|p2a: Heatran|78/100|[from] Spikes
|turn|31
|
|t:|1779599524
|move|p1a: Toxtricity|Boomburst|p2a: Heatran
|-resisted|p2a: Heatran
|-damage|p2a: Heatran|57/100
|move|p2a: Heatran|Earth Power|p1a: Toxtricity
|-supereffective|p1a: Toxtricity
|-damage|p1a: Toxtricity|0 fnt
|faint|p1a: Toxtricity
|
|-heal|p2a: Heatran|63/100|[from] item: Leftovers
|upkeep
|
|t:|1779599527
|switch|p1a: Samurott|Samurott-Hisui, F|4/100
|-damage|p1a: Samurott|0 fnt|[from] Stealth Rock
|faint|p1a: Samurott
|
|win|wheezsumbeez
|raw|glimpseman's rating: 1408 &rarr; <strong>1391</strong><br />(-17 for losing)
|raw|wheezsumbeez's rating: 1458 &rarr; <strong>1475</strong><br />(+17 for winning)
|l|☆glimpseman
|player|p1|
|l|‽wheezsumbeez
|player|p2|
