|j|☆FireSide_01
|j|☆tourmynutz
|t:|1779624731
|gametype|singles
|player|p1|FireSide_01|janine|1441
|player|p2|tourmynutz|lucas|1353
|gen|9
|tier|[Gen 9] OU
|rated|
|rule|HP Percentage Mod: HP is shown in percentages
|rule|Endless Battle Clause: Forcing endless battles is banned
|rule|Species Clause: Limit one of each Pokémon
|rule|OHKO Clause: OHKO moves are banned
|rule|Evasion Items Clause: Evasion items are banned
|rule|Evasion Moves Clause: Evasion moves are banned
|rule|Evasion Abilities Clause: Evasion abilities are banned
|rule|Sleep Moves Clause: Sleep-inducing moves are banned
|clearpoke
|poke|p1|Ninetales, F|
|poke|p1|Walking Wake|
|poke|p1|Typhlosion-Hisui, F|
|poke|p1|Great Tusk|
|poke|p1|Rillaboom, F|
|poke|p1|Raging Bolt|
|poke|p2|Electrode-Hisui|
|poke|p2|Masquerain, F|
|poke|p2|Zoroark-Hisui, F|
|poke|p2|Hoopa-Unbound|
|poke|p2|Basculegion, M|
|poke|p2|Cyclizar, F|
|teampreview
|inactive|Battle timer is ON: inactive players will automatically lose when time's up. (requested by tourmynutz)
|
|t:|1779624739
|teamsize|p1|6
|teamsize|p2|6
|start
|switch|p1a: Ninetales|Ninetales, F|100/100
|switch|p2a: Masquerain|Masquerain, F|100/100
|-weather|SunnyDay|[from] ability: Drought|[of] p1a: Ninetales
|-ability|p2a: Masquerain|Intimidate|boost
|-unboost|p1a: Ninetales|atk|1
|turn|1
|
|t:|1779624747
|move|p1a: Ninetales|Weather Ball|p2a: Masquerain
|-supereffective|p2a: Masquerain
|-enditem|p2a: Masquerain|Focus Sash
|-damage|p2a: Masquerain|1/100
|move|p2a: Masquerain|Tailwind|p2a: Masquerain
|-sidestart|p2: tourmynutz|move: Tailwind
|
|-weather|SunnyDay|[upkeep]
|upkeep
|turn|2
|
|t:|1779624752
|move|p2a: Masquerain|Sticky Web|p1a: Ninetales
|-sidestart|p1: FireSide_01|move: Sticky Web
|move|p1a: Ninetales|Encore|p2a: Masquerain
|-start|p2a: Masquerain|Encore
|
|-weather|SunnyDay|[upkeep]
|upkeep
|turn|3
|
|t:|1779624756
|switch|p2a: Cyclizar|Cyclizar, F|100/100
|switch|p1a: Great Tusk|Great Tusk|100/100
|-activate|p1a: Great Tusk|ability: Protosynthesis
|-start|p1a: Great Tusk|protosynthesisspe
|
|-weather|SunnyDay|[upkeep]
|upkeep
|turn|4
|
|t:|1779624760
|switch|p2a: Basculegion|Basculegion, M|100/100
|-item|p2a: Basculegion|Air Balloon
|move|p1a: Great Tusk|Ice Spinner|p2a: Basculegion
|-damage|p2a: Basculegion|53/100
|replace|p2a: Zoroark|Zoroark-Hisui, F
|-end|p2a: Zoroark|Illusion
|-enditem|p2a: Zoroark|Air Balloon
|
|-weather|SunnyDay|[upkeep]
|-sideend|p2: tourmynutz|move: Tailwind
|upkeep
|turn|5
|
|t:|1779624767
|move|p1a: Great Tusk|Headlong Rush|p2a: Zoroark
|-damage|p2a: Zoroark|0 fnt
|-unboost|p1a: Great Tusk|def|1
|-unboost|p1a: Great Tusk|spd|1
|faint|p2a: Zoroark
|
|-weather|SunnyDay|[upkeep]
|upkeep
|
|t:|1779624773
|switch|p2a: Masquerain|Masquerain, F|1/100
|-ability|p2a: Masquerain|Intimidate|boost
|-unboost|p1a: Great Tusk|atk|1
|turn|6
|
|t:|1779624776
|switch|p2a: Basculegion|Basculegion, M|100/100
|move|p1a: Great Tusk|Rapid Spin|p2a: Basculegion
|-immune|p2a: Basculegion
|
|-weather|SunnyDay|[upkeep]
|upkeep
|turn|7
|
|t:|1779624779
|switch|p2a: Masquerain|Masquerain, F|1/100
|-ability|p2a: Masquerain|Intimidate|boost
|-unboost|p1a: Great Tusk|atk|1
|move|p1a: Great Tusk|Stealth Rock|p2a: Masquerain
|-sidestart|p2: tourmynutz|move: Stealth Rock
|
|-weather|SunnyDay|[upkeep]
|upkeep
|turn|8
|
|t:|1779624782
|move|p1a: Great Tusk|Rapid Spin|p2a: Masquerain
|-damage|p2a: Masquerain|0 fnt
|-boost|p1a: Great Tusk|spe|1
|-sideend|p1: FireSide_01|Sticky Web|[from] move: Rapid Spin|[of] p1a: Great Tusk
|faint|p2a: Masquerain
|
|-weather|none
|-end|p1a: Great Tusk|Protosynthesis
|upkeep
|
|t:|1779624786
|switch|p2a: Electrode|Electrode-Hisui|100/100
|-damage|p2a: Electrode|88/100|[from] Stealth Rock
|turn|9
|
|t:|1779624792
|-end|p1a: Great Tusk|Protosynthesis|[silent]
|switch|p1a: Ninetales|Ninetales, F|100/100
|-weather|SunnyDay|[from] ability: Drought|[of] p1a: Ninetales
|move|p2a: Electrode|Volt Switch|p1a: Ninetales
|-damage|p1a: Ninetales|56/100
|
|t:|1779624796
|switch|p2a: Cyclizar|Cyclizar, F|100/100|[from] Volt Switch
|
|-weather|SunnyDay|[upkeep]
|upkeep
|turn|10
|
|t:|1779624806
|switch|p1a: Typhlosion|Typhlosion-Hisui, F|100/100
|move|p2a: Cyclizar|Rapid Spin|p1a: Typhlosion
|-immune|p1a: Typhlosion
|
|-weather|SunnyDay|[upkeep]
|upkeep
|turn|11
|
|t:|1779624813
|move|p1a: Typhlosion|Focus Blast|p2a: Cyclizar|[miss]
|-miss|p1a: Typhlosion|p2a: Cyclizar
|move|p2a: Cyclizar|Knock Off|p1a: Typhlosion
|-supereffective|p1a: Typhlosion
|-damage|p1a: Typhlosion|43/100
|-enditem|p1a: Typhlosion|Choice Scarf|[from] move: Knock Off|[of] p2a: Cyclizar
|
|-weather|SunnyDay|[upkeep]
|upkeep
|turn|12
|
|t:|1779624817
|move|p2a: Cyclizar|Draco Meteor|p1a: Typhlosion
|-damage|p1a: Typhlosion|0 fnt
|-unboost|p2a: Cyclizar|spa|2
|faint|p1a: Typhlosion
|
|-weather|SunnyDay|[upkeep]
|upkeep
|
|t:|1779624829
|switch|p1a: Raging Bolt|Raging Bolt|100/100
|-activate|p1a: Raging Bolt|ability: Protosynthesis
|-start|p1a: Raging Bolt|protosynthesisspa
|turn|13
|
|t:|1779624832
|move|p2a: Cyclizar|Rapid Spin|p1a: Raging Bolt
|-damage|p1a: Raging Bolt|86/100
|-boost|p2a: Cyclizar|spe|1
|-sideend|p2: tourmynutz|Stealth Rock|[from] move: Rapid Spin|[of] p2a: Cyclizar
|move|p1a: Raging Bolt|Dragon Pulse|p2a: Cyclizar
|-supereffective|p2a: Cyclizar
|-damage|p2a: Cyclizar|0 fnt
|faint|p2a: Cyclizar
|
|-weather|SunnyDay|[upkeep]
|upkeep
|
|t:|1779624836
|switch|p2a: Hoopa|Hoopa-Unbound|100/100
|turn|14
|
|t:|1779624846
|move|p2a: Hoopa|Ice Punch|p1a: Raging Bolt
|-supereffective|p1a: Raging Bolt
|-damage|p1a: Raging Bolt|7/100
|-damage|p2a: Hoopa|91/100|[from] item: Life Orb
|move|p1a: Raging Bolt|Volt Switch|p2a: Hoopa
|-damage|p2a: Hoopa|42/100
|
|t:|1779624854
|-end|p1a: Raging Bolt|Protosynthesis|[silent]
|switch|p1a: Walking Wake|Walking Wake|100/100|[from] Volt Switch
|-activate|p1a: Walking Wake|ability: Protosynthesis
|-start|p1a: Walking Wake|protosynthesisspa
|
|-weather|SunnyDay|[upkeep]
|upkeep
|turn|15
|
|t:|1779624861
|move|p1a: Walking Wake|Dragon Pulse|p2a: Hoopa
|-damage|p2a: Hoopa|0 fnt
|faint|p2a: Hoopa
|
|-weather|SunnyDay|[upkeep]
|upkeep
|
|t:|1779624864
|switch|p2a: Electrode|Electrode-Hisui|88/100
|turn|16
|
|t:|1779624867
|move|p2a: Electrode|Chloroblast|p1a: Walking Wake
|-damage|p1a: Walking Wake|0 fnt
|faint|p1a: Walking Wake
|-end|p1a: Walking Wake|Protosynthesis|[silent]
|-damage|p2a: Electrode|38/100|[from] Recoil
|
|-weather|none
|upkeep
|
|t:|1779624871
|switch|p1a: Ninetales|Ninetales, F|56/100
|-weather|SunnyDay|[from] ability: Drought|[of] p1a: Ninetales
|turn|17
|
|t:|1779624877
|move|p2a: Electrode|Chloroblast|p1a: Ninetales
|-resisted|p1a: Ninetales
|-damage|p1a: Ninetales|10/100
|-damage|p2a: Electrode|0 fnt|[from] Recoil
|faint|p2a: Electrode
|move|p1a: Ninetales|Will-O-Wisp|p2: Electrode|[notarget]
|-fail|p1a: Ninetales
|
|-weather|SunnyDay|[upkeep]
|upkeep
|
|t:|1779624880
|switch|p2a: Basculegion|Basculegion, M|100/100
|turn|18
|
|t:|1779624893
|move|p1a: Ninetales|Will-O-Wisp|p2a: Basculegion
|-status|p2a: Basculegion|brn
|move|p2a: Basculegion|Phantom Force||[still]
|-prepare|p2a: Basculegion|Phantom Force
|
|-weather|SunnyDay|[upkeep]
|-damage|p2a: Basculegion|94/100 brn|[from] brn
|upkeep
|turn|19
|-message|tourmynutz forfeited.
|
|win|FireSide_01
|raw|FireSide_01's rating: 1441 &rarr; <strong>1456</strong><br />(+15 for winning)
|raw|tourmynutz's rating: 1353 &rarr; <strong>1338</strong><br />(-15 for losing)
|l|☆tourmynutz
|player|p2|
|l|☆FireSide_01
|player|p1|
