|j|☆volkron zz
|j|☆PokeAbl05241728znw
|t:|1779659247
|gametype|singles
|player|p1|volkron zz|unknownf|1165
|player|p2|PokeAbl05241728znw|1|1181
|gen|9
|tier|[Gen 9] OU
|rated|
|rule|HP Percentage Mod: HP is shown in percentages
|rule|Endless Battle Clause: Forcing endless battles is banned
|rule|Species Clause: Limit one of each Pokémon
|rule|OHKO Clause: OHKO moves are banned
|rule|Evasion Items Clause: Evasion items are banned
|rule|Evasion Moves Clause: Evasion moves are banned
|rule|Evasion Abilities Clause: Evasion abilities are banned
|rule|Sleep Moves Clause: Sleep-inducing moves are banned
|clearpoke
|poke|p1|Mamoswine, F|
|poke|p1|Samurott-Hisui, F|
|poke|p1|Gholdengo|
|poke|p1|Iron Treads|
|poke|p1|Thundurus-Therian, M|
|poke|p1|Alomomola, M|
|poke|p2|Glimmora, M|
|poke|p2|Great Tusk|
|poke|p2|Gholdengo|
|poke|p2|Dragapult, M|
|poke|p2|Primarina, M|
|poke|p2|Kingambit, M|
|teampreview
|inactive|Battle timer is ON: inactive players will automatically lose when time's up. (requested by volkron zz)
|
|t:|1779659252
|teamsize|p1|6
|teamsize|p2|6
|start
|switch|p1a: Thundurus|Thundurus-Therian, M|100/100
|switch|p2a: Kingambit|Kingambit, M|100/100
|turn|1
|inactive|PokeAbl05241728znw also wants the timer to be on.
|
|t:|1779659257
|move|p2a: Kingambit|Sucker Punch|p1a: Thundurus
|-damage|p1a: Thundurus|21/100
|move|p1a: Thundurus|Volt Switch|p2a: Kingambit
|-damage|p2a: Kingambit|38/100
|
|t:|1779659263
|switch|p1a: Alomomola|Alomomola, M|100/100|[from] Volt Switch
|
|upkeep
|turn|2
|
|t:|1779659268
|move|p2a: Kingambit|Swords Dance|p2a: Kingambit
|-boost|p2a: Kingambit|atk|2
|move|p1a: Alomomola|Scald|p2a: Kingambit
|-damage|p2a: Kingambit|25/100
|-status|p2a: Kingambit|brn
|
|-damage|p2a: Kingambit|19/100 brn|[from] brn
|upkeep
|turn|3
|
|t:|1779659274
|move|p2a: Kingambit|Kowtow Cleave|p1a: Alomomola
|-damage|p1a: Alomomola|70/100
|move|p1a: Alomomola|Flip Turn|p2a: Kingambit
|-damage|p2a: Kingambit|6/100 brn
|
|t:|1779659280
|switch|p1a: Mamoswine|Mamoswine, F|100/100|[from] Flip Turn
|
|-damage|p2a: Kingambit|0 fnt|[from] brn
|faint|p2a: Kingambit
|-end|p2a: Kingambit|fallenundefined|[silent]
|upkeep
|
|t:|1779659285
|switch|p2a: Glimmora|Glimmora, M|100/100
|turn|4
|
|t:|1779659290
|move|p2a: Glimmora|Power Gem|p1a: Mamoswine
|-crit|p1a: Mamoswine
|-damage|p1a: Mamoswine|15/100
|move|p1a: Mamoswine|Earthquake|p2a: Glimmora
|-supereffective|p2a: Glimmora
|-enditem|p2a: Glimmora|Focus Sash
|-damage|p2a: Glimmora|1/100
|-activate|p2a: Glimmora|ability: Toxic Debris
|-sidestart|p1: volkron zz|move: Toxic Spikes
|
|upkeep
|turn|5
|
|t:|1779659296
|switch|p1a: Alomomola|Alomomola, M|100/100
|move|p2a: Glimmora|Power Gem|p1a: Alomomola
|-damage|p1a: Alomomola|49/100
|
|upkeep
|turn|6
|
|t:|1779659306
|move|p2a: Glimmora|Power Gem|p1a: Alomomola
|-crit|p1a: Alomomola
|-damage|p1a: Alomomola|0 fnt
|faint|p1a: Alomomola
|
|upkeep
|
|t:|1779659308
|switch|p1a: Iron Treads|Iron Treads|100/100
|turn|7
|
|t:|1779659316
|move|p1a: Iron Treads|Earthquake|p2a: Glimmora
|-supereffective|p2a: Glimmora
|-damage|p2a: Glimmora|0 fnt
|-activate|p2a: Glimmora|ability: Toxic Debris
|-sidestart|p1: volkron zz|move: Toxic Spikes
|faint|p2a: Glimmora
|
|upkeep
|
|t:|1779659321
|switch|p2a: Great Tusk|Great Tusk|100/100
|turn|8
|
|t:|1779659331
|-end|p1a: Iron Treads|Quark Drive|[silent]
|switch|p1a: Thundurus|Thundurus-Therian, M|21/100
|move|p2a: Great Tusk|Headlong Rush|p1a: Thundurus
|-immune|p1a: Thundurus
|
|upkeep
|turn|9
|
|t:|1779659336
|-end|p2a: Great Tusk|Protosynthesis|[silent]
|switch|p2a: Dragapult|Dragapult, M|100/100
|move|p1a: Thundurus|Grass Knot|p2a: Dragapult
|-resisted|p2a: Dragapult
|-damage|p2a: Dragapult|67/100
|
|upkeep
|turn|10
|
|t:|1779659342
|switch|p1a: Samurott|Samurott-Hisui, F|100/100
|-status|p1a: Samurott|tox
|move|p2a: Dragapult|Hex|p1a: Samurott
|-resisted|p1a: Samurott
|-damage|p1a: Samurott|59/100 tox
|
|-damage|p1a: Samurott|53/100 tox|[from] psn
|upkeep
|turn|11
|
|t:|1779659349
|move|p2a: Dragapult|Draco Meteor|p1a: Samurott
|-damage|p1a: Samurott|0 fnt
|-unboost|p2a: Dragapult|spa|2
|faint|p1a: Samurott
|
|upkeep
|
|t:|1779659352
|switch|p1a: Iron Treads|Iron Treads|100/100
|turn|12
|
|t:|1779659358
|move|p2a: Dragapult|U-turn|p1a: Iron Treads
|-resisted|p1a: Iron Treads
|-damage|p1a: Iron Treads|91/100
|
|t:|1779659363
|switch|p2a: Great Tusk|Great Tusk|100/100|[from] U-turn
|move|p1a: Iron Treads|Knock Off|p2a: Great Tusk
|-resisted|p2a: Great Tusk
|-damage|p2a: Great Tusk|89/100
|-enditem|p2a: Great Tusk|Heavy-Duty Boots|[from] move: Knock Off|[of] p1a: Iron Treads
|
|-heal|p1a: Iron Treads|98/100|[from] item: Leftovers
|upkeep
|turn|13
|
|t:|1779659369
|move|p1a: Iron Treads|Rapid Spin|p2a: Great Tusk
|-damage|p2a: Great Tusk|79/100
|-boost|p1a: Iron Treads|spe|1
|-sideend|p1: volkron zz|Toxic Spikes|[from] move: Rapid Spin|[of] p1a: Iron Treads
|move|p2a: Great Tusk|Rapid Spin|p1a: Iron Treads
|-resisted|p1a: Iron Treads
|-damage|p1a: Iron Treads|90/100
|-boost|p2a: Great Tusk|spe|1
|
|-heal|p1a: Iron Treads|96/100|[from] item: Leftovers
|upkeep
|turn|14
|
|t:|1779659376
|move|p1a: Iron Treads|Earthquake|p2a: Great Tusk
|-damage|p2a: Great Tusk|43/100
|move|p2a: Great Tusk|Headlong Rush|p1a: Iron Treads
|-supereffective|p1a: Iron Treads
|-damage|p1a: Iron Treads|0 fnt
|-unboost|p2a: Great Tusk|def|1
|-unboost|p2a: Great Tusk|spd|1
|faint|p1a: Iron Treads
|-end|p1a: Iron Treads|Quark Drive|[silent]
|
|upkeep
|
|t:|1779659379
|switch|p1a: Mamoswine|Mamoswine, F|15/100
|turn|15
|
|t:|1779659384
|-terastallize|p2a: Great Tusk|Steel
|move|p1a: Mamoswine|Ice Shard|p2a: Great Tusk
|-resisted|p2a: Great Tusk
|-damage|p2a: Great Tusk|26/100
|move|p2a: Great Tusk|Knock Off|p1a: Mamoswine
|-damage|p1a: Mamoswine|0 fnt
|-enditem|p1a: Mamoswine|Choice Band|[from] move: Knock Off|[of] p2a: Great Tusk
|faint|p1a: Mamoswine
|
|upkeep
|
|t:|1779659387
|switch|p1a: Thundurus|Thundurus-Therian, M|21/100
|turn|16
|
|t:|1779659392
|move|p2a: Great Tusk|Knock Off|p1a: Thundurus
|-damage|p1a: Thundurus|0 fnt
|-enditem|p1a: Thundurus|Choice Specs|[from] move: Knock Off|[of] p2a: Great Tusk
|faint|p1a: Thundurus
|
|upkeep
|
|t:|1779659394
|switch|p1a: Gholdengo|Gholdengo|100/100
|turn|17
|
|t:|1779659399
|-terastallize|p1a: Gholdengo|Fighting
|move|p2a: Great Tusk|Headlong Rush|p1a: Gholdengo
|-damage|p1a: Gholdengo|25/100
|-unboost|p2a: Great Tusk|def|1
|-unboost|p2a: Great Tusk|spd|1
|move|p1a: Gholdengo|Shadow Ball|p2a: Great Tusk
|-damage|p2a: Great Tusk|0 fnt
|faint|p2a: Great Tusk
|-end|p2a: Great Tusk|Protosynthesis|[silent]
|
|upkeep
|-message|volkron zz forfeited.
|
|win|PokeAbl05241728znw
|raw|volkron zz's rating: 1165 &rarr; <strong>1141</strong><br />(-24 for losing)
|raw|PokeAbl05241728znw's rating: 1181 &rarr; <strong>1205</strong><br />(+24 for winning)
|l|☆volkron zz
|player|p1|
