|j|☆MoondropSoulHeart
|j|☆my shitters
|t:|1779625154
|gametype|singles
|player|p1|MoondropSoulHeart|giovanni|1224
|player|p2|my shitters|preschooler|1233
|gen|9
|tier|[Gen 9] OU
|rated|
|rule|HP Percentage Mod: HP is shown in percentages
|rule|Endless Battle Clause: Forcing endless battles is banned
|rule|Species Clause: Limit one of each Pokémon
|rule|OHKO Clause: OHKO moves are banned
|rule|Evasion Items Clause: Evasion items are banned
|rule|Evasion Moves Clause: Evasion moves are banned
|rule|Evasion Abilities Clause: Evasion abilities are banned
|rule|Sleep Moves Clause: Sleep-inducing moves are banned
|clearpoke
|poke|p1|Greedent, M|
|poke|p1|Ceruledge, M|
|poke|p1|Poliwrath, M|
|poke|p1|Reuniclus, M|
|poke|p1|Regice|
|poke|p1|Iron Jugulis|
|poke|p2|Sableye, M|
|poke|p2|Primeape, F|
|poke|p2|Alcremie-Ruby-Swirl, F|
|poke|p2|Ursaring, F|
|poke|p2|Jolteon, F|
|poke|p2|Brute Bonnet|
|teampreview
|inactive|Battle timer is ON: inactive players will automatically lose when time's up. (requested by my shitters)
|c|☆MoondropSoulHeart|?
|
|t:|1779625178
|teamsize|p1|6
|teamsize|p2|6
|start
|switch|p1a: Iron Jugulis|Iron Jugulis|100/100
|switch|p2a: Sableye|Sableye, M|100/100
|-enditem|p1a: Iron Jugulis|Booster Energy
|-activate|p1a: Iron Jugulis|ability: Quark Drive|[fromitem]
|-start|p1a: Iron Jugulis|quarkdrivespe
|turn|1
|
|t:|1779625201
|move|p2a: Sableye|Light Screen|p2a: Sableye
|-sidestart|p2: my shitters|move: Light Screen
|move|p1a: Iron Jugulis|Dark Pulse|p2a: Sableye
|-damage|p2a: Sableye|68/100
|
|upkeep
|turn|2
|
|t:|1779625207
|move|p2a: Sableye|Reflect|p2a: Sableye
|-sidestart|p2: my shitters|Reflect
|move|p1a: Iron Jugulis|Air Slash|p2a: Sableye
|-damage|p2a: Sableye|38/100
|
|upkeep
|turn|3
|
|t:|1779625212
|switch|p2a: Jolteon|Jolteon, F|100/100
|move|p1a: Iron Jugulis|Air Slash|p2a: Jolteon
|-resisted|p2a: Jolteon
|-damage|p2a: Jolteon|89/100
|
|upkeep
|turn|4
|
|t:|1779625215
|-terastallize|p1a: Iron Jugulis|Ground
|move|p1a: Iron Jugulis|Earth Power|p2a: Jolteon
|-supereffective|p2a: Jolteon
|-damage|p2a: Jolteon|34/100
|move|p2a: Jolteon|Calm Mind|p2a: Jolteon
|-boost|p2a: Jolteon|spa|1
|-boost|p2a: Jolteon|spd|1
|
|upkeep
|turn|5
|
|t:|1779625221
|move|p1a: Iron Jugulis|Earth Power|p2a: Jolteon
|-supereffective|p2a: Jolteon
|-crit|p2a: Jolteon
|-damage|p2a: Jolteon|0 fnt
|faint|p2a: Jolteon
|
|upkeep
|
|t:|1779625225
|switch|p2a: CremDeLaCreamie|Alcremie-Ruby-Swirl, F|100/100
|turn|6
|
|t:|1779625228
|move|p1a: Iron Jugulis|Earth Power|p2a: CremDeLaCreamie
|-damage|p2a: CremDeLaCreamie|82/100
|move|p2a: CremDeLaCreamie|Calm Mind|p2a: CremDeLaCreamie
|-boost|p2a: CremDeLaCreamie|spa|1
|-boost|p2a: CremDeLaCreamie|spd|1
|
|-heal|p2a: CremDeLaCreamie|88/100|[from] item: Leftovers
|upkeep
|turn|7
|
|t:|1779625233
|move|p1a: Iron Jugulis|Air Slash|p2a: CremDeLaCreamie
|-damage|p2a: CremDeLaCreamie|79/100
|cant|p2a: CremDeLaCreamie|flinch
|
|-heal|p2a: CremDeLaCreamie|85/100|[from] item: Leftovers
|upkeep
|turn|8
|
|t:|1779625236
|move|p1a: Iron Jugulis|Air Slash|p2a: CremDeLaCreamie
|-damage|p2a: CremDeLaCreamie|75/100
|cant|p2a: CremDeLaCreamie|flinch
|
|-heal|p2a: CremDeLaCreamie|81/100|[from] item: Leftovers
|-sideend|p2: my shitters|move: Light Screen
|upkeep
|turn|9
|
|t:|1779625241
|move|p1a: Iron Jugulis|Air Slash|p2a: CremDeLaCreamie
|-damage|p2a: CremDeLaCreamie|60/100
|move|p2a: CremDeLaCreamie|Calm Mind|p2a: CremDeLaCreamie
|-boost|p2a: CremDeLaCreamie|spa|1
|-boost|p2a: CremDeLaCreamie|spd|1
|
|-heal|p2a: CremDeLaCreamie|66/100|[from] item: Leftovers
|-sideend|p2: my shitters|Reflect
|upkeep
|turn|10
|
|t:|1779625244
|move|p1a: Iron Jugulis|Earth Power|p2a: CremDeLaCreamie
|-damage|p2a: CremDeLaCreamie|49/100
|move|p2a: CremDeLaCreamie|Calm Mind|p2a: CremDeLaCreamie
|-boost|p2a: CremDeLaCreamie|spa|1
|-boost|p2a: CremDeLaCreamie|spd|1
|
|-heal|p2a: CremDeLaCreamie|55/100|[from] item: Leftovers
|upkeep
|turn|11
|
|t:|1779625248
|move|p1a: Iron Jugulis|Earth Power|p2a: CremDeLaCreamie
|-damage|p2a: CremDeLaCreamie|40/100
|-unboost|p2a: CremDeLaCreamie|spd|1
|move|p2a: CremDeLaCreamie|Acid Armor|p2a: CremDeLaCreamie
|-boost|p2a: CremDeLaCreamie|def|2
|
|-heal|p2a: CremDeLaCreamie|46/100|[from] item: Leftovers
|upkeep
|turn|12
|
|t:|1779625253
|move|p1a: Iron Jugulis|Earth Power|p2a: CremDeLaCreamie
|-damage|p2a: CremDeLaCreamie|28/100
|move|p2a: CremDeLaCreamie|Draining Kiss|p1a: Iron Jugulis
|-damage|p1a: Iron Jugulis|45/100
|-heal|p2a: CremDeLaCreamie|70/100|[from] drain|[of] p1a: Iron Jugulis
|
|-heal|p2a: CremDeLaCreamie|76/100|[from] item: Leftovers
|upkeep
|turn|13
|
|t:|1779625264
|move|p1a: Iron Jugulis|Air Slash|p2a: CremDeLaCreamie|[miss]
|-miss|p1a: Iron Jugulis|p2a: CremDeLaCreamie
|move|p2a: CremDeLaCreamie|Calm Mind|p2a: CremDeLaCreamie
|-boost|p2a: CremDeLaCreamie|spa|1
|-boost|p2a: CremDeLaCreamie|spd|1
|
|-heal|p2a: CremDeLaCreamie|82/100|[from] item: Leftovers
|upkeep
|turn|14
|
|t:|1779625266
|move|p1a: Iron Jugulis|Air Slash|p2a: CremDeLaCreamie
|-damage|p2a: CremDeLaCreamie|70/100
|move|p2a: CremDeLaCreamie|Calm Mind|p2a: CremDeLaCreamie
|-boost|p2a: CremDeLaCreamie|spa|1
|-boost|p2a: CremDeLaCreamie|spd|1
|
|-heal|p2a: CremDeLaCreamie|76/100|[from] item: Leftovers
|upkeep
|turn|15
|
|t:|1779625268
|move|p1a: Iron Jugulis|Air Slash|p2a: CremDeLaCreamie
|-damage|p2a: CremDeLaCreamie|65/100
|cant|p2a: CremDeLaCreamie|flinch
|
|-heal|p2a: CremDeLaCreamie|71/100|[from] item: Leftovers
|upkeep
|turn|16
|
|t:|1779625270
|move|p1a: Iron Jugulis|Air Slash|p2a: CremDeLaCreamie
|-damage|p2a: CremDeLaCreamie|60/100
|move|p2a: CremDeLaCreamie|Acid Armor|p2a: CremDeLaCreamie
|-boost|p2a: CremDeLaCreamie|def|2
|
|-heal|p2a: CremDeLaCreamie|66/100|[from] item: Leftovers
|upkeep
|turn|17
|
|t:|1779625272
|move|p1a: Iron Jugulis|Air Slash|p2a: CremDeLaCreamie
|-damage|p2a: CremDeLaCreamie|56/100
|move|p2a: CremDeLaCreamie|Draining Kiss|p1a: Iron Jugulis
|-damage|p1a: Iron Jugulis|0 fnt
|-heal|p2a: CremDeLaCreamie|89/100|[from] drain|[of] p1a: Iron Jugulis
|faint|p1a: Iron Jugulis
|-end|p1a: Iron Jugulis|Quark Drive|[silent]
|
|-heal|p2a: CremDeLaCreamie|95/100|[from] item: Leftovers
|upkeep
|
|t:|1779625281
|switch|p1a: Reuniclus|Reuniclus, M|100/100
|turn|18
|
|t:|1779625287
|move|p2a: CremDeLaCreamie|Calm Mind|p2a: CremDeLaCreamie
|-boost|p2a: CremDeLaCreamie|spa|1
|-boost|p2a: CremDeLaCreamie|spd|1
|move|p1a: Reuniclus|Trick Room|p1a: Reuniclus
|-fieldstart|move: Trick Room|[of] p1a: Reuniclus
|
|-heal|p2a: CremDeLaCreamie|100/100|[from] item: Leftovers
|upkeep
|turn|19
|
|t:|1779625290
|move|p1a: Reuniclus|Calm Mind|p1a: Reuniclus
|-boost|p1a: Reuniclus|spa|1
|-boost|p1a: Reuniclus|spd|1
|move|p2a: CremDeLaCreamie|Calm Mind|p2a: CremDeLaCreamie
|-boost|p2a: CremDeLaCreamie|spa|0
|-boost|p2a: CremDeLaCreamie|spd|1
|
|upkeep
|turn|20
|
|t:|1779625298
|move|p1a: Reuniclus|Calm Mind|p1a: Reuniclus
|-boost|p1a: Reuniclus|spa|1
|-boost|p1a: Reuniclus|spd|1
|move|p2a: CremDeLaCreamie|Acid Armor|p2a: CremDeLaCreamie
|-boost|p2a: CremDeLaCreamie|def|2
|
|upkeep
|turn|21
|
|t:|1779625300
|move|p1a: Reuniclus|Calm Mind|p1a: Reuniclus
|-boost|p1a: Reuniclus|spa|1
|-boost|p1a: Reuniclus|spd|1
|move|p2a: CremDeLaCreamie|Stored Power|p1a: Reuniclus
|-resisted|p1a: Reuniclus
|-damage|p1a: Reuniclus|37/100
|
|upkeep
|turn|22
|
|t:|1779625302
|move|p1a: Reuniclus|Psychic|p2a: CremDeLaCreamie
|-damage|p2a: CremDeLaCreamie|68/100
|move|p2a: CremDeLaCreamie|Stored Power|p1a: Reuniclus
|-resisted|p1a: Reuniclus
|-damage|p1a: Reuniclus|0 fnt
|faint|p1a: Reuniclus
|
|-heal|p2a: CremDeLaCreamie|74/100|[from] item: Leftovers
|-fieldend|move: Trick Room
|upkeep
|
|t:|1779625305
|switch|p1a: Regice|Regice|100/100
|turn|23
|
|t:|1779625309
|move|p2a: CremDeLaCreamie|Draining Kiss|p1a: Regice
|-damage|p1a: Regice|61/100
|-heal|p2a: CremDeLaCreamie|99/100|[from] drain|[of] p1a: Regice
|move|p1a: Regice|Flash Cannon|p2a: CremDeLaCreamie
|-supereffective|p2a: CremDeLaCreamie
|-damage|p2a: CremDeLaCreamie|85/100
|
|-heal|p2a: CremDeLaCreamie|91/100|[from] item: Leftovers
|upkeep
|turn|24
|-message|MoondropSoulHeart forfeited.
|
|win|my shitters
|raw|MoondropSoulHeart's rating: 1224 &rarr; <strong>1200</strong><br />(-24 for losing)
|raw|my shitters's rating: 1233 &rarr; <strong>1257</strong><br />(+24 for winning)
|l|☆MoondropSoulHeart
|player|p1|
|l|☆my shitters
|player|p2|
