|j|☆zu l8r feraligatr
|j|☆nchiitoo
|t:|1779581253
|gametype|singles
|player|p1|zu l8r feraligatr|roughneck|1360
|player|p2|nchiitoo|cynthia-gen4|1434
|gen|9
|tier|[Gen 9] OU
|rated|
|rule|HP Percentage Mod: HP is shown in percentages
|rule|Endless Battle Clause: Forcing endless battles is banned
|rule|Species Clause: Limit one of each Pokémon
|rule|OHKO Clause: OHKO moves are banned
|rule|Evasion Items Clause: Evasion items are banned
|rule|Evasion Moves Clause: Evasion moves are banned
|rule|Evasion Abilities Clause: Evasion abilities are banned
|rule|Sleep Moves Clause: Sleep-inducing moves are banned
|clearpoke
|poke|p1|Cobalion|
|poke|p1|Hydrapple, F|
|poke|p1|Toxapex, M|
|poke|p1|Diancie|
|poke|p1|Umbreon, M|
|poke|p1|Excadrill, M|
|poke|p2|Iron Valiant|
|poke|p2|Great Tusk|
|poke|p2|Dragonite, M|
|poke|p2|Deoxys-Speed|
|poke|p2|Glimmora, M|
|poke|p2|Kingambit, M|
|teampreview
|inactive|Battle timer is ON: inactive players will automatically lose when time's up. (requested by zu l8r feraligatr)
|
|t:|1779581259
|teamsize|p1|6
|teamsize|p2|6
|start
|switch|p1a: Excadrill|Excadrill, M|100/100
|switch|p2a: Glimmora|Glimmora, M|100/100
|-ability|p1a: Excadrill|Mold Breaker
|turn|1
|
|t:|1779581262
|switch|p2a: Dragonite|Dragonite, M|100/100
|move|p1a: Excadrill|Rapid Spin|p2a: Dragonite
|-damage|p2a: Dragonite|83/100
|-boost|p1a: Excadrill|spe|1
|
|-heal|p2a: Dragonite|89/100|[from] item: Leftovers
|upkeep
|turn|2
|
|t:|1779581265
|move|p1a: Excadrill|Stealth Rock|p2a: Dragonite
|-sidestart|p2: nchiitoo|move: Stealth Rock
|move|p2a: Dragonite|Earthquake|p1a: Excadrill
|-supereffective|p1a: Excadrill
|-damage|p1a: Excadrill|16/100
|
|-heal|p1a: Excadrill|22/100|[from] item: Leftovers
|-heal|p2a: Dragonite|95/100|[from] item: Leftovers
|upkeep
|turn|3
|
|t:|1779581269
|switch|p1a: Hydrapple|Hydrapple, F|100/100
|move|p2a: Dragonite|Earthquake|p1a: Hydrapple
|-resisted|p1a: Hydrapple
|-damage|p1a: Hydrapple|91/100
|
|-heal|p2a: Dragonite|100/100|[from] item: Leftovers
|upkeep
|turn|4
|
|t:|1779581279
|switch|p2a: Glimmora|Glimmora, M|100/100
|-damage|p2a: Glimmora|88/100|[from] Stealth Rock
|move|p1a: Hydrapple|Fickle Beam|p2a: Glimmora
|-damage|p2a: Glimmora|45/100
|
|upkeep
|turn|5
|
|t:|1779581282
|move|p2a: Glimmora|Meteor Beam||[still]
|-prepare|p2a: Glimmora|Meteor Beam
|-boost|p2a: Glimmora|spa|1
|-enditem|p2a: Glimmora|Power Herb
|-anim|p2a: Glimmora|Meteor Beam|p1a: Hydrapple
|-damage|p1a: Hydrapple|0 fnt
|faint|p1a: Hydrapple
|
|upkeep
|
|t:|1779581287
|switch|p1a: Diancie|Diancie|100/100
|turn|6
|
|t:|1779581291
|-terastallize|p1a: Diancie|Ground
|move|p2a: Glimmora|Earth Power|p1a: Diancie
|-damage|p1a: Diancie|58/100
|move|p1a: Diancie|Earth Power|p2a: Glimmora
|-supereffective|p2a: Glimmora
|-damage|p2a: Glimmora|0 fnt
|faint|p2a: Glimmora
|
|-heal|p1a: Diancie|65/100|[from] item: Leftovers
|upkeep
|inactive|nchiitoo has 120 seconds left.
|
|t:|1779581328
|switch|p2a: Kingambit|Kingambit, M|100/100
|-damage|p2a: Kingambit|94/100|[from] Stealth Rock
|-activate|p2a: Kingambit|ability: Supreme Overlord
|-start|p2a: Kingambit|fallen1|[silent]
|turn|7
|
|t:|1779581332
|-terastallize|p2a: Kingambit|Fighting
|move|p2a: Kingambit|Iron Head|p1a: Diancie
|-damage|p1a: Diancie|34/100
|cant|p1a: Diancie|flinch
|
|-heal|p1a: Diancie|40/100|[from] item: Leftovers
|upkeep
|turn|8
|
|t:|1779581338
|move|p2a: Kingambit|Iron Head|p1a: Diancie
|-damage|p1a: Diancie|7/100
|move|p1a: Diancie|Draining Kiss|p2a: Kingambit
|-supereffective|p2a: Kingambit
|-damage|p2a: Kingambit|57/100
|-heal|p1a: Diancie|39/100|[from] drain|[of] p2a: Kingambit
|
|-heal|p1a: Diancie|45/100|[from] item: Leftovers
|upkeep
|turn|9
|
|t:|1779581345
|move|p2a: Kingambit|Iron Head|p1a: Diancie
|-damage|p1a: Diancie|12/100
|move|p1a: Diancie|Calm Mind|p1a: Diancie
|-boost|p1a: Diancie|spa|1
|-boost|p1a: Diancie|spd|1
|
|-heal|p1a: Diancie|19/100|[from] item: Leftovers
|upkeep
|turn|10
|
|t:|1779581350
|switch|p1a: Cobalion|Cobalion|100/100
|move|p2a: Kingambit|Iron Head|p1a: Cobalion
|-resisted|p1a: Cobalion
|-damage|p1a: Cobalion|87/100
|-damage|p2a: Kingambit|41/100|[from] item: Rocky Helmet|[of] p1a: Cobalion
|
|upkeep
|turn|11
|
|t:|1779581353
|move|p1a: Cobalion|Iron Defense|p1a: Cobalion
|-boost|p1a: Cobalion|def|2
|move|p2a: Kingambit|Low Kick|p1a: Cobalion
|-supereffective|p1a: Cobalion
|-damage|p1a: Cobalion|47/100
|-damage|p2a: Kingambit|25/100|[from] item: Rocky Helmet|[of] p1a: Cobalion
|
|upkeep
|turn|12
|
|t:|1779581357
|move|p1a: Cobalion|Body Press|p2a: Kingambit
|-damage|p2a: Kingambit|0 fnt
|faint|p2a: Kingambit
|-end|p2a: Kingambit|fallen1|[silent]
|
|upkeep
|
|t:|1779581363
|switch|p2a: Dragonite|Dragonite, M|100/100
|-damage|p2a: Dragonite|76/100|[from] Stealth Rock
|turn|13
|
|t:|1779581367
|move|p2a: Dragonite|Earthquake|p1a: Cobalion
|-supereffective|p1a: Cobalion
|-damage|p1a: Cobalion|25/100
|move|p1a: Cobalion|Iron Defense|p1a: Cobalion
|-boost|p1a: Cobalion|def|2
|
|-heal|p2a: Dragonite|82/100|[from] item: Leftovers
|upkeep
|turn|14
|
|t:|1779581372
|move|p2a: Dragonite|Earthquake|p1a: Cobalion
|-supereffective|p1a: Cobalion
|-damage|p1a: Cobalion|13/100
|move|p1a: Cobalion|Rest|p1a: Cobalion
|-status|p1a: Cobalion|slp|[from] move: Rest
|-heal|p1a: Cobalion|100/100 slp|[silent]
|
|-heal|p2a: Dragonite|88/100|[from] item: Leftovers
|upkeep
|turn|15
|
|t:|1779581379
|switch|p2a: Deoxys|Deoxys-Speed|100/100
|-damage|p2a: Deoxys|88/100|[from] Stealth Rock
|-ability|p2a: Deoxys|Pressure
|cant|p1a: Cobalion|slp
|move|p1a: Cobalion|Sleep Talk|p1a: Cobalion
|move|p1a: Cobalion|Iron Defense|p1a: Cobalion|[from] move: Sleep Talk
|-boost|p1a: Cobalion|def|2
|
|upkeep
|turn|16
|
|t:|1779581382
|move|p2a: Deoxys|Psycho Boost|p1a: Cobalion
|-damage|p1a: Cobalion|44/100 slp
|-unboost|p2a: Deoxys|spa|2
|cant|p1a: Cobalion|slp
|move|p1a: Cobalion|Sleep Talk|p1a: Cobalion
|move|p1a: Cobalion|Iron Defense|p1a: Cobalion|[from] move: Sleep Talk
|-boost|p1a: Cobalion|def|0
|
|upkeep
|turn|17
|
|t:|1779581389
|move|p2a: Deoxys|Taunt|p1a: Cobalion
|-start|p1a: Cobalion|move: Taunt
|-curestatus|p1a: Cobalion|slp|[msg]
|move|p1a: Cobalion|Body Press|p2a: Deoxys
|-resisted|p2a: Deoxys
|-damage|p2a: Deoxys|0 fnt
|faint|p2a: Deoxys
|
|upkeep
|
|t:|1779581401
|switch|p2a: Iron Valiant|Iron Valiant|100/100
|-damage|p2a: Iron Valiant|94/100|[from] Stealth Rock
|-enditem|p2a: Iron Valiant|Booster Energy
|-activate|p2a: Iron Valiant|ability: Quark Drive|[fromitem]
|-start|p2a: Iron Valiant|quarkdrivespe
|turn|18
|
|t:|1779581402
|move|p2a: Iron Valiant|Moonblast|p1a: Cobalion
|-damage|p1a: Cobalion|0 fnt
|faint|p1a: Cobalion
|
|upkeep
|
|t:|1779581405
|switch|p1a: Toxapex|Toxapex, M|100/100
|turn|19
|
|t:|1779581418
|-end|p2a: Iron Valiant|Quark Drive|[silent]
|switch|p2a: Great Tusk|Great Tusk|100/100
|-damage|p2a: Great Tusk|97/100|[from] Stealth Rock
|-enditem|p2a: Great Tusk|Booster Energy
|-activate|p2a: Great Tusk|ability: Protosynthesis|[fromitem]
|-start|p2a: Great Tusk|protosynthesisspe
|move|p1a: Toxapex|Ice Beam|p2a: Great Tusk
|-supereffective|p2a: Great Tusk
|-damage|p2a: Great Tusk|46/100
|
|upkeep
|turn|20
|
|t:|1779581422
|move|p2a: Great Tusk|Headlong Rush|p1a: Toxapex
|-supereffective|p1a: Toxapex
|-damage|p1a: Toxapex|15/100
|-unboost|p2a: Great Tusk|def|1
|-unboost|p2a: Great Tusk|spd|1
|move|p1a: Toxapex|Surf|p2a: Great Tusk
|-supereffective|p2a: Great Tusk
|-damage|p2a: Great Tusk|0 fnt
|faint|p2a: Great Tusk
|-end|p2a: Great Tusk|Protosynthesis|[silent]
|
|upkeep
|
|t:|1779581426
|switch|p2a: Dragonite|Dragonite, M|88/100
|-damage|p2a: Dragonite|63/100|[from] Stealth Rock
|turn|21
|
|t:|1779581430
|switch|p1a: Excadrill|Excadrill, M|22/100
|-ability|p1a: Excadrill|Mold Breaker
|move|p2a: Dragonite|Earthquake|p1a: Excadrill
|-supereffective|p1a: Excadrill
|-crit|p1a: Excadrill
|-damage|p1a: Excadrill|0 fnt
|faint|p1a: Excadrill
|
|-heal|p2a: Dragonite|70/100|[from] item: Leftovers
|upkeep
|
|t:|1779581431
|switch|p1a: Toxapex|Toxapex, M|48/100
|turn|22
|
|t:|1779581434
|switch|p1a: Umbreon|Umbreon, M|100/100
|move|p2a: Dragonite|Earthquake|p1a: Umbreon
|-damage|p1a: Umbreon|75/100
|
|-heal|p2a: Dragonite|76/100|[from] item: Leftovers
|-heal|p1a: Umbreon|81/100|[from] item: Leftovers
|upkeep
|turn|23
|
|t:|1779581444
|move|p2a: Dragonite|Substitute|p2a: Dragonite
|-start|p2a: Dragonite|Substitute
|-damage|p2a: Dragonite|51/100
|move|p1a: Umbreon|Toxic||[still]
|-fail|p1a: Umbreon
|
|-heal|p2a: Dragonite|57/100|[from] item: Leftovers
|-heal|p1a: Umbreon|87/100|[from] item: Leftovers
|upkeep
|turn|24
|
|t:|1779581448
|move|p2a: Dragonite|Dragon Dance|p2a: Dragonite
|-boost|p2a: Dragonite|atk|1
|-boost|p2a: Dragonite|spe|1
|move|p1a: Umbreon|Foul Play|p2a: Dragonite
|-end|p2a: Dragonite|Substitute
|
|-heal|p2a: Dragonite|63/100|[from] item: Leftovers
|-heal|p1a: Umbreon|93/100|[from] item: Leftovers
|upkeep
|turn|25
|
|t:|1779581455
|move|p2a: Dragonite|Extreme Speed|p1a: Umbreon
|-damage|p1a: Umbreon|60/100
|move|p1a: Umbreon|Foul Play|p2a: Dragonite
|-damage|p2a: Dragonite|0 fnt
|faint|p2a: Dragonite
|
|-heal|p1a: Umbreon|66/100|[from] item: Leftovers
|upkeep
|
|t:|1779581460
|switch|p2a: Iron Valiant|Iron Valiant|94/100
|-damage|p2a: Iron Valiant|88/100|[from] Stealth Rock
|turn|26
|
|t:|1779581467
|move|p2a: Iron Valiant|Moonblast|p1a: Umbreon
|-supereffective|p1a: Umbreon
|-damage|p1a: Umbreon|22/100
|move|p1a: Umbreon|Toxic|p2a: Iron Valiant
|-status|p2a: Iron Valiant|tox
|
|-heal|p1a: Umbreon|28/100|[from] item: Leftovers
|-damage|p2a: Iron Valiant|82/100 tox|[from] psn
|upkeep
|turn|27
|
|t:|1779581472
|move|p1a: Umbreon|Protect|p1a: Umbreon
|-singleturn|p1a: Umbreon|Protect
|move|p2a: Iron Valiant|Moonblast|p1a: Umbreon
|-activate|p1a: Umbreon|move: Protect
|
|-heal|p1a: Umbreon|34/100|[from] item: Leftovers
|-damage|p2a: Iron Valiant|69/100 tox|[from] psn
|upkeep
|turn|28
|
|t:|1779581473
|move|p2a: Iron Valiant|Moonblast|p1a: Umbreon
|-supereffective|p1a: Umbreon
|-damage|p1a: Umbreon|0 fnt
|faint|p1a: Umbreon
|
|-damage|p2a: Iron Valiant|51/100 tox|[from] psn
|upkeep
|
|t:|1779581475
|switch|p1a: Diancie|Diancie, tera:Ground|19/100
|turn|29
|
|t:|1779581479
|move|p2a: Iron Valiant|Moonblast|p1a: Diancie
|-damage|p1a: Diancie|0 fnt
|faint|p1a: Diancie
|
|-damage|p2a: Iron Valiant|26/100 tox|[from] psn
|upkeep
|
|t:|1779581480
|switch|p1a: Toxapex|Toxapex, M|81/100
|turn|30
|
|t:|1779581485
|move|p2a: Iron Valiant|Close Combat|p1a: Toxapex
|-resisted|p1a: Toxapex
|-damage|p1a: Toxapex|59/100
|-unboost|p2a: Iron Valiant|def|1
|-unboost|p2a: Iron Valiant|spd|1
|move|p1a: Toxapex|Sludge Bomb|p2a: Iron Valiant
|-supereffective|p2a: Iron Valiant
|-damage|p2a: Iron Valiant|0 fnt
|faint|p2a: Iron Valiant
|-end|p2a: Iron Valiant|Quark Drive|[silent]
|
|win|zu l8r feraligatr
|raw|zu l8r feraligatr's rating: 1360 &rarr; <strong>1384</strong><br />(+24 for winning)
|raw|nchiitoo's rating: 1434 &rarr; <strong>1410</strong><br />(-24 for losing)
