|j|☆acerrillo6970
|j|☆Chrionxoihg
|t:|1779645835
|gametype|singles
|player|p1|acerrillo6970|102|1341
|player|p2|Chrionxoihg|dragontamer|1317
|gen|9
|tier|[Gen 9] OU
|rated|
|rule|HP Percentage Mod: HP is shown in percentages
|rule|Endless Battle Clause: Forcing endless battles is banned
|rule|Species Clause: Limit one of each Pokémon
|rule|OHKO Clause: OHKO moves are banned
|rule|Evasion Items Clause: Evasion items are banned
|rule|Evasion Moves Clause: Evasion moves are banned
|rule|Evasion Abilities Clause: Evasion abilities are banned
|rule|Sleep Moves Clause: Sleep-inducing moves are banned
|clearpoke
|poke|p1|Flamigo, M|
|poke|p1|Tentacruel, M|
|poke|p1|Meowscarada, F|
|poke|p1|Comfey, M|
|poke|p1|Cramorant, F|
|poke|p1|Lokix, F|
|poke|p2|Kommo-o, M|
|poke|p2|Garganacl, M|
|poke|p2|Slowking-Galar, M|
|poke|p2|Corviknight, M|
|poke|p2|Ogerpon-Wellspring, F|
|poke|p2|Darkrai|
|teampreview
|
|t:|1779645848
|teamsize|p1|6
|teamsize|p2|6
|start
|switch|p1a: Meowscarada|Meowscarada, F|100/100
|switch|p2a: Corviknight|Corviknight, M|100/100
|-ability|p2a: Corviknight|Pressure
|turn|1
|inactive|Battle timer is ON: inactive players will automatically lose when time's up. (requested by acerrillo6970)
|
|t:|1779645854
|move|p1a: Meowscarada|Knock Off|p2a: Corviknight
|-start|p1a: Meowscarada|typechange|Dark|[from] ability: Protean
|-damage|p2a: Corviknight|61/100
|-damage|p1a: Meowscarada|84/100|[from] item: Rocky Helmet|[of] p2a: Corviknight
|-enditem|p2a: Corviknight|Rocky Helmet|[from] move: Knock Off|[of] p1a: Meowscarada
|move|p2a: Corviknight|U-turn|p1a: Meowscarada
|-supereffective|p1a: Meowscarada
|-damage|p1a: Meowscarada|42/100
|
|t:|1779645862
|switch|p2a: Darkrai|Darkrai|100/100|[from] U-turn
|
|upkeep
|turn|2
|
|t:|1779645876
|switch|p1a: Flamigo|Flamigo, M|100/100
|move|p2a: Darkrai|Sludge Bomb|p1a: Flamigo
|-damage|p1a: Flamigo|17/100
|
|upkeep
|turn|3
|
|t:|1779645881
|move|p1a: Flamigo|Close Combat|p2a: Darkrai
|-supereffective|p2a: Darkrai
|-damage|p2a: Darkrai|0 fnt
|-unboost|p1a: Flamigo|def|1
|-unboost|p1a: Flamigo|spd|1
|faint|p2a: Darkrai
|
|upkeep
|
|t:|1779645888
|switch|p2a: Kommo-o|Kommo-o, M|100/100
|turn|4
|
|t:|1779645892
|switch|p1a: Cramorant|Cramorant, F|100/100
|move|p2a: Kommo-o|Substitute|p2a: Kommo-o
|-start|p2a: Kommo-o|Substitute
|-damage|p2a: Kommo-o|75/100
|
|upkeep
|turn|5
|
|t:|1779645898
|-terastallize|p2a: Kommo-o|Steel
|move|p2a: Kommo-o|Belly Drum|p2a: Kommo-o
|-damage|p2a: Kommo-o|25/100
|-setboost|p2a: Kommo-o|atk|6|[from] move: Belly Drum
|-enditem|p2a: Kommo-o|Salac Berry|[eat]
|-boost|p2a: Kommo-o|spe|1|[from] item: Salac Berry
|move|p1a: Cramorant|Ice Beam|p2a: Kommo-o
|-resisted|p2a: Kommo-o
|-activate|p2a: Kommo-o|move: Substitute|[damage]
|
|upkeep
|turn|6
|
|t:|1779645908
|move|p2a: Kommo-o|Shadow Claw|p1a: Cramorant
|-damage|p1a: Cramorant|0 fnt
|faint|p1a: Cramorant
|
|upkeep
|
|t:|1779645916
|switch|p1a: Lokix|Lokix, F|100/100
|turn|7
|
|t:|1779645919
|move|p1a: Lokix|First Impression|p2a: Kommo-o
|-resisted|p2a: Kommo-o
|-end|p2a: Kommo-o|Substitute
|-damage|p1a: Lokix|91/100|[from] item: Life Orb
|move|p2a: Kommo-o|Drain Punch|p1a: Lokix
|-damage|p1a: Lokix|0 fnt
|-heal|p2a: Kommo-o|69/100|[from] drain|[of] p1a: Lokix
|faint|p1a: Lokix
|
|upkeep
|
|t:|1779645926
|switch|p1a: Flamigo|Flamigo, M|17/100
|turn|8
|
|t:|1779645929
|move|p1a: Flamigo|Close Combat|p2a: Kommo-o
|-supereffective|p2a: Kommo-o
|-damage|p2a: Kommo-o|0 fnt
|-unboost|p1a: Flamigo|def|1
|-unboost|p1a: Flamigo|spd|1
|faint|p2a: Kommo-o
|
|upkeep
|
|t:|1779645936
|switch|p2a: Corviknight|Corviknight, M|61/100
|-ability|p2a: Corviknight|Pressure
|turn|9
|
|t:|1779645939
|move|p1a: Flamigo|Close Combat|p2a: Corviknight
|-damage|p2a: Corviknight|27/100
|-unboost|p1a: Flamigo|def|1
|-unboost|p1a: Flamigo|spd|1
|move|p2a: Corviknight|Roost|p2a: Corviknight
|-heal|p2a: Corviknight|77/100
|-singleturn|p2a: Corviknight|move: Roost
|
|upkeep
|turn|10
|
|t:|1779645947
|move|p1a: Flamigo|Close Combat|p2a: Corviknight
|-damage|p2a: Corviknight|42/100
|-unboost|p1a: Flamigo|def|1
|-unboost|p1a: Flamigo|spd|1
|move|p2a: Corviknight|Brave Bird|p1a: Flamigo
|-supereffective|p1a: Flamigo
|-damage|p1a: Flamigo|0 fnt
|faint|p1a: Flamigo
|-damage|p2a: Corviknight|38/100|[from] Recoil
|
|upkeep
|
|t:|1779645949
|switch|p1a: Comfey|Comfey, M|100/100
|turn|11
|
|t:|1779645952
|move|p1a: Comfey|Calm Mind|p1a: Comfey
|-boost|p1a: Comfey|spa|1
|-boost|p1a: Comfey|spd|1
|move|p2a: Corviknight|Roost|p2a: Corviknight
|-heal|p2a: Corviknight|88/100
|-singleturn|p2a: Corviknight|move: Roost
|
|upkeep
|turn|12
|
|t:|1779645954
|move|p1a: Comfey|Calm Mind|p1a: Comfey
|-boost|p1a: Comfey|spa|1
|-boost|p1a: Comfey|spd|1
|move|p2a: Corviknight|U-turn|p1a: Comfey
|-resisted|p1a: Comfey
|-crit|p1a: Comfey
|-damage|p1a: Comfey|87/100
|
|t:|1779645956
|switch|p2a: Garganacl|Garganacl, M|100/100|[from] U-turn
|
|upkeep
|turn|13
|
|t:|1779645960
|move|p1a: Comfey|Calm Mind|p1a: Comfey
|-boost|p1a: Comfey|spa|1
|-boost|p1a: Comfey|spd|1
|move|p2a: Garganacl|Salt Cure|p1a: Comfey
|-damage|p1a: Comfey|71/100
|-start|p1a: Comfey|Salt Cure
|
|-damage|p1a: Comfey|59/100|[from] Salt Cure
|upkeep
|turn|14
|
|t:|1779645965
|move|p1a: Comfey|Calm Mind|p1a: Comfey
|-boost|p1a: Comfey|spa|1
|-boost|p1a: Comfey|spd|1
|move|p2a: Garganacl|Stealth Rock|p1a: Comfey
|-sidestart|p1: acerrillo6970|move: Stealth Rock
|
|-damage|p1a: Comfey|46/100|[from] Salt Cure
|upkeep
|turn|15
|
|t:|1779645969
|move|p1a: Comfey|Draining Kiss|p2a: Garganacl
|-damage|p2a: Garganacl|25/100
|-heal|p1a: Comfey|100/100|[from] drain|[of] p2a: Garganacl
|move|p2a: Garganacl|Salt Cure|p1a: Comfey
|-damage|p1a: Comfey|83/100
|
|-heal|p2a: Garganacl|31/100|[from] item: Leftovers
|-damage|p1a: Comfey|70/100|[from] Salt Cure
|upkeep
|turn|16
|
|t:|1779645974
|switch|p2a: Slowking|Slowking-Galar, M|100/100
|move|p1a: Comfey|Calm Mind|p1a: Comfey
|-boost|p1a: Comfey|spa|1
|-boost|p1a: Comfey|spd|1
|
|-damage|p1a: Comfey|58/100|[from] Salt Cure
|upkeep
|turn|17
|
|t:|1779645978
|move|p1a: Comfey|Stored Power|p2a: Slowking
|-damage|p2a: Slowking|0 fnt
|faint|p2a: Slowking
|
|-damage|p1a: Comfey|45/100|[from] Salt Cure
|upkeep
|-message|Chrionxoihg forfeited.
|
|win|acerrillo6970
|raw|acerrillo6970's rating: 1341 &rarr; <strong>1360</strong><br />(+19 for winning)
|raw|Chrionxoihg's rating: 1317 &rarr; <strong>1298</strong><br />(-19 for losing)
|l|☆Chrionxoihg
|player|p2|
|l|☆acerrillo6970
|player|p1|
