|j|☆Nitidez
|j|☆dvJam
|t:|1779721597
|gametype|singles
|player|p1|Nitidez|lass|1004
|player|p2|dvJam|102|1082
|gen|9
|tier|[Gen 9] OU
|rated|
|rule|HP Percentage Mod: HP is shown in percentages
|rule|Endless Battle Clause: Forcing endless battles is banned
|rule|Species Clause: Limit one of each Pokémon
|rule|OHKO Clause: OHKO moves are banned
|rule|Evasion Items Clause: Evasion items are banned
|rule|Evasion Moves Clause: Evasion moves are banned
|rule|Evasion Abilities Clause: Evasion abilities are banned
|rule|Sleep Moves Clause: Sleep-inducing moves are banned
|clearpoke
|poke|p1|Mew|
|poke|p1|Ditto|
|poke|p1|Sableye, F|
|poke|p1|Garganacl, M|
|poke|p1|Breloom, F|
|poke|p1|Ting-Lu|
|poke|p2|Ninetales-Alola, M|
|poke|p2|Smeargle, M|
|poke|p2|Quaquaval, F|
|poke|p2|Incineroar, F|
|poke|p2|Cottonee, L1, F|
|poke|p2|Serperior, M|
|teampreview
|
|t:|1779721600
|teamsize|p1|6
|teamsize|p2|6
|start
|switch|p1a: Ting-Lu|Ting-Lu|100/100
|switch|p2a: Quaquaval|Quaquaval, F|100/100
|-ability|p1a: Ting-Lu|Vessel of Ruin
|turn|1
|
|t:|1779721607
|move|p2a: Quaquaval|Swords Dance|p2a: Quaquaval
|-boost|p2a: Quaquaval|atk|2
|move|p1a: Ting-Lu|Stealth Rock|p2a: Quaquaval
|-sidestart|p2: dvJam|move: Stealth Rock
|
|upkeep
|turn|2
|
|t:|1779721614
|move|p2a: Quaquaval|Rapid Spin|p1a: Ting-Lu
|-damage|p1a: Ting-Lu|85/100
|-boost|p2a: Quaquaval|spe|1
|-sideend|p2: dvJam|Stealth Rock|[from] move: Rapid Spin|[of] p2a: Quaquaval
|move|p1a: Ting-Lu|Whirlwind|p2a: Quaquaval
|drag|p2a: Smeargle|Smeargle, M|100/100
|
|-heal|p1a: Ting-Lu|91/100|[from] item: Leftovers
|upkeep
|turn|3
|
|t:|1779721626
|move|p2a: Smeargle|Shell Smash|p2a: Smeargle
|-unboost|p2a: Smeargle|def|1
|-unboost|p2a: Smeargle|spd|1
|-boost|p2a: Smeargle|atk|2
|-boost|p2a: Smeargle|spa|2
|-boost|p2a: Smeargle|spe|2
|move|p1a: Ting-Lu|Stealth Rock|p2a: Smeargle
|-sidestart|p2: dvJam|move: Stealth Rock
|
|-heal|p1a: Ting-Lu|97/100|[from] item: Leftovers
|upkeep
|turn|4
|
|t:|1779721636
|move|p2a: Smeargle|Taunt|p1a: Ting-Lu
|-start|p1a: Ting-Lu|move: Taunt
|cant|p1a: Ting-Lu|move: Taunt|Whirlwind
|
|-heal|p1a: Ting-Lu|100/100|[from] item: Leftovers
|upkeep
|turn|5
|
|t:|1779721647
|move|p2a: Smeargle|Population Bomb|p1a: Ting-Lu
|-damage|p1a: Ting-Lu|95/100
|-damage|p1a: Ting-Lu|90/100
|-damage|p1a: Ting-Lu|84/100
|-damage|p1a: Ting-Lu|78/100
|-damage|p1a: Ting-Lu|72/100
|-damage|p1a: Ting-Lu|66/100
|-damage|p1a: Ting-Lu|61/100
|-damage|p1a: Ting-Lu|55/100
|-hitcount|p1a: Ting-Lu|8
|move|p1a: Ting-Lu|Ruination|p2a: Smeargle
|-damage|p2a: Smeargle|51/100
|
|-heal|p1a: Ting-Lu|61/100|[from] item: Leftovers
|upkeep
|turn|6
|
|t:|1779721666
|move|p2a: Smeargle|Shell Smash|p2a: Smeargle
|-unboost|p2a: Smeargle|def|1
|-unboost|p2a: Smeargle|spd|1
|-boost|p2a: Smeargle|atk|2
|-boost|p2a: Smeargle|spa|2
|-boost|p2a: Smeargle|spe|2
|move|p1a: Ting-Lu|Ruination|p2a: Smeargle|[miss]
|-miss|p1a: Ting-Lu|p2a: Smeargle
|
|-heal|p1a: Ting-Lu|68/100|[from] item: Leftovers
|-end|p1a: Ting-Lu|move: Taunt
|upkeep
|turn|7
|
|t:|1779721682
|move|p2a: Smeargle|Shell Smash|p2a: Smeargle
|-unboost|p2a: Smeargle|def|1
|-unboost|p2a: Smeargle|spd|1
|-boost|p2a: Smeargle|atk|2
|-boost|p2a: Smeargle|spa|2
|-boost|p2a: Smeargle|spe|2
|move|p1a: Ting-Lu|Ruination|p2a: Smeargle
|-damage|p2a: Smeargle|26/100
|
|-heal|p1a: Ting-Lu|74/100|[from] item: Leftovers
|upkeep
|turn|8
|
|t:|1779721695
|move|p2a: Smeargle|Population Bomb|p1a: Ting-Lu
|-damage|p1a: Ting-Lu|62/100
|-damage|p1a: Ting-Lu|52/100
|-damage|p1a: Ting-Lu|40/100
|-crit|p1a: Ting-Lu
|-damage|p1a: Ting-Lu|22/100
|-damage|p1a: Ting-Lu|11/100
|-damage|p1a: Ting-Lu|0 fnt
|faint|p1a: Ting-Lu
|-hitcount|p1: Ting-Lu|6
|
|upkeep
|
|t:|1779721704
|switch|p1a: Ditto|Ditto|100/100
|-transform|p1a: Ditto|p2a: Smeargle|[from] ability: Imposter
|turn|9
|
|t:|1779721744
|-terastallize|p2a: Smeargle|Ghost
|move|p1a: Ditto|Power Trip|p2a: Smeargle
|-supereffective|p2a: Smeargle
|-damage|p2a: Smeargle|0 fnt
|faint|p2a: Smeargle
|
|upkeep
|
|t:|1779721761
|switch|p2a: Quaquaval|Quaquaval, F|100/100
|-damage|p2a: Quaquaval|94/100|[from] Stealth Rock
|turn|10
|
|t:|1779721771
|move|p1a: Ditto|Power Trip|p2a: Quaquaval
|-resisted|p2a: Quaquaval
|-damage|p2a: Quaquaval|0 fnt
|faint|p2a: Quaquaval
|
|upkeep
|-message|dvJam forfeited.
|
|win|Nitidez
|raw|Nitidez's rating: 1004 &rarr; <strong>1052</strong><br />(+48 for winning)
|raw|dvJam's rating: 1082 &rarr; <strong>1055</strong><br />(-27 for losing)
|l|☆dvJam
|player|p2|
