|j|☆KenjiShiguma
|j|☆icewizardlair☃
|t:|1779718514
|gametype|singles
|player|p1|KenjiShiguma|pokemonbreeder-gen4|1043
|player|p2|icewizardlair☃|lorelei-lgpe|1077
|gen|9
|tier|[Gen 9] OU
|rated|
|rule|HP Percentage Mod: HP is shown in percentages
|rule|Endless Battle Clause: Forcing endless battles is banned
|rule|Species Clause: Limit one of each Pokémon
|rule|OHKO Clause: OHKO moves are banned
|rule|Evasion Items Clause: Evasion items are banned
|rule|Evasion Moves Clause: Evasion moves are banned
|rule|Evasion Abilities Clause: Evasion abilities are banned
|rule|Sleep Moves Clause: Sleep-inducing moves are banned
|clearpoke
|poke|p1|Golduck, F|
|poke|p1|Porygon2|
|poke|p1|Gardevoir, F|
|poke|p1|Grumpig, F|
|poke|p1|Toxapex, M|
|poke|p1|Espeon, M|
|poke|p2|Chesnaught, M|
|poke|p2|Ninetales-Alola, F|
|poke|p2|Kilowattrel, M|
|poke|p2|Flygon, F|
|poke|p2|Lurantis, M|
|poke|p2|Grafaiai, M|
|teampreview
|inactive|Battle timer is ON: inactive players will automatically lose when time's up. (requested by icewizardlair☃)
|
|t:|1779718520
|teamsize|p1|6
|teamsize|p2|6
|start
|switch|p1a: Toxapex|Toxapex, M|100/100
|switch|p2a: Flygon|Flygon, F|100/100
|turn|1
|
|t:|1779718526
|move|p2a: Flygon|Earthquake|p1a: Toxapex
|-supereffective|p1a: Toxapex
|-damage|p1a: Toxapex|18/100
|-damage|p2a: Flygon|91/100|[from] item: Life Orb
|move|p1a: Toxapex|Acid Spray|p2a: Flygon
|-resisted|p2a: Flygon
|-damage|p2a: Flygon|86/100
|-unboost|p2a: Flygon|spd|2
|
|upkeep
|turn|2
|
|t:|1779718538
|switch|p1a: Porygon2|Porygon2|100/100
|-ability|p1a: Porygon2|Levitate|Trace|[from] ability: Trace|[of] p2a: Flygon
|move|p2a: Flygon|Earthquake|p1a: Porygon2
|-immune|p1a: Porygon2|[from] ability: Levitate
|
|upkeep
|turn|3
|
|t:|1779718547
|switch|p2a: Lurantis|Lurantis, M|100/100
|move|p1a: Porygon2|Defense Curl|p1a: Porygon2
|-boost|p1a: Porygon2|def|1
|
|upkeep
|turn|4
|
|t:|1779718559
|switch|p1a: Toxapex|Toxapex, M|51/100
|move|p2a: Lurantis|Superpower|p1a: Toxapex
|-resisted|p1a: Toxapex
|-damage|p1a: Toxapex|40/100
|-boost|p2a: Lurantis|atk|1
|-boost|p2a: Lurantis|def|1
|
|upkeep
|turn|5
|
|t:|1779718570
|switch|p1a: Grumpig|Grumpig, F|100/100
|move|p2a: Lurantis|Leaf Storm|p1a: Grumpig
|-damage|p1a: Grumpig|76/100
|-boost|p2a: Lurantis|spa|2
|
|upkeep
|turn|6
|
|t:|1779718579
|move|p1a: Grumpig|Simple Beam|p2a: Lurantis
|-ability|p2a: Lurantis|Simple|Contrary|[from] move: Simple Beam
|move|p2a: Lurantis|Leech Life|p1a: Grumpig
|-supereffective|p1a: Grumpig
|-damage|p1a: Grumpig|0 fnt
|faint|p1a: Grumpig
|
|upkeep
|
|t:|1779718588
|switch|p1a: Gardevoir|Gardevoir, F|100/100
|-ability|p1a: Gardevoir|Simple|Trace|[from] ability: Trace|[of] p2a: Lurantis
|turn|7
|
|t:|1779718594
|move|p1a: Gardevoir|Calm Mind|p1a: Gardevoir
|-boost|p1a: Gardevoir|spa|2
|-boost|p1a: Gardevoir|spd|2
|move|p2a: Lurantis|Leaf Storm|p1a: Gardevoir
|-damage|p1a: Gardevoir|59/100
|-unboost|p2a: Lurantis|spa|4
|
|-heal|p1a: Gardevoir|65/100|[from] item: Leftovers
|upkeep
|turn|8
|-activate|p2a: Lurantis|item: Quick Claw
|
|t:|1779718609
|move|p2a: Lurantis|Leech Life|p1a: Gardevoir
|-damage|p1a: Gardevoir|0 fnt
|faint|p1a: Gardevoir
|
|upkeep
|-message|KenjiShiguma forfeited.
|
|win|icewizardlair☃
|raw|KenjiShiguma's rating: 1043 &rarr; <strong>1028</strong><br />(-15 for losing)
|raw|icewizardlair☃'s rating: 1077 &rarr; <strong>1103</strong><br />(+26 for winning)
|l|☆KenjiShiguma
|player|p1|
