|j|☆ggabireu
|j|☆I Stay Untouched
|t:|1779669201
|gametype|singles
|player|p1|ggabireu|psychic|1389
|player|p2|I Stay Untouched|cynthia-gen4|1376
|gen|9
|tier|[Gen 9] OU
|rated|
|rule|HP Percentage Mod: HP is shown in percentages
|rule|Endless Battle Clause: Forcing endless battles is banned
|rule|Species Clause: Limit one of each Pokémon
|rule|OHKO Clause: OHKO moves are banned
|rule|Evasion Items Clause: Evasion items are banned
|rule|Evasion Moves Clause: Evasion moves are banned
|rule|Evasion Abilities Clause: Evasion abilities are banned
|rule|Sleep Moves Clause: Sleep-inducing moves are banned
|clearpoke
|poke|p1|Zapdos|
|poke|p1|Slowking-Galar, M|
|poke|p1|Great Tusk|
|poke|p1|Ogerpon-Wellspring, F|
|poke|p1|Darkrai|
|poke|p1|Gholdengo|
|poke|p2|Tyranitar, M|
|poke|p2|Excadrill, M|
|poke|p2|Enamorus, F|
|poke|p2|Araquanid, M|
|poke|p2|Gholdengo|
|poke|p2|Glimmora, M|
|teampreview
|inactive|Battle timer is ON: inactive players will automatically lose when time's up. (requested by ggabireu)
|inactive|I Stay Untouched has 120 seconds left.
|
|t:|1779669273
|teamsize|p1|6
|teamsize|p2|6
|start
|switch|p1a: Laboon|Great Tusk|100/100
|switch|p2a: Araquanid|Araquanid, M|100/100
|turn|1
|
|t:|1779669277
|-end|p1a: Laboon|Protosynthesis|[silent]
|switch|p1a: King Gizzard|Slowking-Galar, M, shiny|100/100
|move|p2a: Araquanid|Surf|p1a: King Gizzard
|-damage|p1a: King Gizzard|67/100
|
|upkeep
|turn|2
|
|t:|1779669291
|move|p2a: Araquanid|Sticky Web|p1a: King Gizzard
|-sidestart|p1: ggabireu|move: Sticky Web
|move|p1a: King Gizzard|Thunder Wave|p2a: Araquanid
|-status|p2a: Araquanid|par
|
|upkeep
|turn|3
|
|t:|1779669298
|-prepare|p1a: King Gizzard|Chilly Reception|[premajor]
|move|p1a: King Gizzard|Chilly Reception|p1a: King Gizzard
|-weather|Snowscape
|
|t:|1779669315
|switch|p1a: Curly Fry|Gholdengo|100/100|[from] Chilly Reception
|-activate|p1a: Curly Fry|move: Sticky Web
|-unboost|p1a: Curly Fry|spe|1
|move|p2a: Araquanid|Mirror Coat||[still]
|-fail|p2a: Araquanid
|
|-weather|Snowscape|[upkeep]
|upkeep
|turn|4
|
|t:|1779669328
|move|p1a: Curly Fry|Trick|p2a: Araquanid
|-activate|p1a: Curly Fry|move: Trick|[of] p2a: Araquanid
|-item|p2a: Araquanid|Choice Scarf|[from] move: Trick
|-item|p1a: Curly Fry|Rocky Helmet|[from] move: Trick
|move|p2a: Araquanid|Surf|p1a: Curly Fry
|-damage|p1a: Curly Fry|41/100
|
|-weather|Snowscape|[upkeep]
|upkeep
|turn|5
|
|t:|1779669337
|switch|p1a: Shrek 2|Ogerpon-Wellspring, F|100/100
|-activate|p1a: Shrek 2|move: Sticky Web
|-unboost|p1a: Shrek 2|spe|1
|move|p2a: Araquanid|Surf|p1a: Shrek 2
|-immune|p1a: Shrek 2|[from] ability: Water Absorb
|
|-weather|Snowscape|[upkeep]
|upkeep
|turn|6
|
|t:|1779669353
|switch|p2a: Glimmora|Glimmora, M|100/100
|move|p1a: Shrek 2|Ivy Cudgel|p2a: Glimmora|[anim] Ivy Cudgel Water
|-supereffective|p2a: Glimmora
|-damage|p2a: Glimmora|14/100
|-activate|p2a: Glimmora|ability: Toxic Debris
|-sidestart|p1: ggabireu|move: Toxic Spikes
|
|-weather|Snowscape|[upkeep]
|upkeep
|turn|7
|
|t:|1779669358
|move|p1a: Shrek 2|Ivy Cudgel|p2a: Glimmora|[anim] Ivy Cudgel Water
|-supereffective|p2a: Glimmora
|-crit|p2a: Glimmora
|-damage|p2a: Glimmora|0 fnt
|-activate|p2a: Glimmora|ability: Toxic Debris
|-sidestart|p1: ggabireu|move: Toxic Spikes
|faint|p2a: Glimmora
|
|-weather|none
|upkeep
|
|t:|1779669368
|switch|p2a: Araquanid|Araquanid, M|100/100 par
|turn|8
|
|t:|1779669376
|switch|p1a: King Gizzard|Slowking-Galar, M, shiny|99/100
|-sideend|p1: ggabireu|move: Toxic Spikes|[of] p1a: King Gizzard
|move|p2a: Araquanid|Lunge|p1a: King Gizzard
|-damage|p1a: King Gizzard|82/100
|-unboost|p1a: King Gizzard|atk|1
|
|upkeep
|turn|9
|
|t:|1779669387
|switch|p1a: Laboon|Great Tusk|100/100
|-activate|p1a: Laboon|move: Sticky Web
|-unboost|p1a: Laboon|spe|1
|switch|p2a: Tyranitar|Tyranitar, M|100/100
|-weather|Sandstorm|[from] ability: Sand Stream|[of] p2a: Tyranitar
|
|-weather|Sandstorm|[upkeep]
|upkeep
|turn|10
|
|t:|1779669392
|switch|p2a: Gholdengo|Gholdengo|100/100
|-item|p2a: Gholdengo|Air Balloon
|move|p1a: Laboon|Knock Off|p2a: Gholdengo
|-supereffective|p2a: Gholdengo
|-damage|p2a: Gholdengo|35/100
|-enditem|p2a: Gholdengo|Air Balloon
|
|-weather|Sandstorm|[upkeep]
|upkeep
|turn|11
|
|t:|1779669408
|move|p2a: Gholdengo|Make It Rain|p1a: Laboon
|-damage|p1a: Laboon|50/100
|-unboost|p2a: Gholdengo|spa|1
|move|p1a: Laboon|Earthquake|p2a: Gholdengo
|-supereffective|p2a: Gholdengo
|-damage|p2a: Gholdengo|0 fnt
|faint|p2a: Gholdengo
|
|-weather|Sandstorm|[upkeep]
|upkeep
|
|t:|1779669414
|switch|p2a: Excadrill|Excadrill, M|100/100
|turn|12
|
|t:|1779669435
|move|p2a: Excadrill|Earthquake|p1a: Laboon
|-damage|p1a: Laboon|0 fnt
|faint|p1a: Laboon
|-end|p1a: Laboon|Protosynthesis|[silent]
|
|-weather|Sandstorm|[upkeep]
|upkeep
|inactive|ggabireu has 120 seconds left.
|
|t:|1779669453
|switch|p1a: Professor|Zapdos|100/100
|turn|13
|
|t:|1779669466
|switch|p2a: Tyranitar|Tyranitar, M|100/100
|move|p1a: Professor|Hurricane|p2a: Tyranitar|[miss]
|-miss|p1a: Professor|p2a: Tyranitar
|
|-weather|none
|upkeep
|turn|14
|
|t:|1779669477
|move|p1a: Professor|Discharge|p2a: Tyranitar
|-damage|p2a: Tyranitar|66/100
|move|p2a: Tyranitar|Stone Edge|p1a: Professor
|-supereffective|p1a: Professor
|-damage|p1a: Professor|0 fnt
|faint|p1a: Professor
|-damage|p2a: Tyranitar|56/100|[from] item: Life Orb
|
|upkeep
|
|t:|1779669489
|switch|p1a: Shrek 2|Ogerpon-Wellspring, F|100/100
|-activate|p1a: Shrek 2|move: Sticky Web
|-unboost|p1a: Shrek 2|spe|1
|turn|15
|
|t:|1779669497
|switch|p2a: Araquanid|Araquanid, M|100/100 par
|move|p1a: Shrek 2|Swords Dance|p1a: Shrek 2
|-boost|p1a: Shrek 2|atk|2
|
|upkeep
|turn|16
|inactive|ggabireu has 120 seconds left.
|
|t:|1779669525
|-terastallize|p1a: Shrek 2|Water
|detailschange|p1a: Shrek 2|Ogerpon-Wellspring-Tera, F, tera:Water
|-ability|p1a: Shrek 2|Embody Aspect (Wellspring)|boost
|-boost|p1a: Shrek 2|spd|1
|move|p1a: Shrek 2|Swords Dance|p1a: Shrek 2
|-boost|p1a: Shrek 2|atk|2
|move|p2a: Araquanid|Lunge|p1a: Shrek 2
|-damage|p1a: Shrek 2|76/100
|-unboost|p1a: Shrek 2|atk|1
|
|upkeep
|turn|17
|
|t:|1779669533
|move|p1a: Shrek 2|Ivy Cudgel|p2a: Araquanid|[anim] Ivy Cudgel Water
|-resisted|p2a: Araquanid
|-crit|p2a: Araquanid
|-damage|p2a: Araquanid|0 fnt
|faint|p2a: Araquanid
|
|upkeep
|
|t:|1779669535
|switch|p2a: Tyranitar|Tyranitar, M|56/100
|-weather|Sandstorm|[from] ability: Sand Stream|[of] p2a: Tyranitar
|turn|18
|
|t:|1779669542
|move|p1a: Shrek 2|Horn Leech|p2a: Tyranitar
|-supereffective|p2a: Tyranitar
|-damage|p2a: Tyranitar|0 fnt
|-heal|p1a: Shrek 2|100/100|[from] drain|[of] p2a: Tyranitar
|faint|p2a: Tyranitar
|
|-weather|Sandstorm|[upkeep]
|-damage|p1a: Shrek 2|95/100|[from] Sandstorm
|upkeep
|
|t:|1779669548
|switch|p2a: Excadrill|Excadrill, M|100/100
|turn|19
|
|t:|1779669553
|move|p2a: Excadrill|Earthquake|p1a: Shrek 2
|-damage|p1a: Shrek 2|0 fnt
|faint|p1a: Shrek 2
|detailschange|p1: Shrek 2|Ogerpon-Wellspring, F|[silent]
|
|-weather|Sandstorm|[upkeep]
|upkeep
|
|t:|1779669568
|switch|p1a: King Gizzard|Slowking-Galar, M, shiny|100/100
|turn|20
|
|t:|1779669571
|move|p2a: Excadrill|Earthquake|p1a: King Gizzard
|-supereffective|p1a: King Gizzard
|-damage|p1a: King Gizzard|0 fnt
|faint|p1a: King Gizzard
|
|-weather|Sandstorm|[upkeep]
|upkeep
|
|t:|1779669574
|switch|p1a: Curly Fry|Gholdengo|41/100
|-activate|p1a: Curly Fry|move: Sticky Web
|-unboost|p1a: Curly Fry|spe|1
|turn|21
|
|t:|1779669577
|move|p2a: Excadrill|Earthquake|p1a: Curly Fry
|-supereffective|p1a: Curly Fry
|-damage|p1a: Curly Fry|0 fnt
|faint|p1a: Curly Fry
|
|-weather|Sandstorm|[upkeep]
|upkeep
|
|t:|1779669579
|switch|p1a: Darkrai|Darkrai|100/100
|-activate|p1a: Darkrai|move: Sticky Web
|-unboost|p1a: Darkrai|spe|1
|turn|22
|
|t:|1779669586
|move|p2a: Excadrill|Earthquake|p1a: Darkrai
|-damage|p1a: Darkrai|0 fnt
|faint|p1a: Darkrai
|
|win|I Stay Untouched
|raw|ggabireu's rating: 1389 &rarr; <strong>1368</strong><br />(-21 for losing)
|raw|I Stay Untouched's rating: 1376 &rarr; <strong>1397</strong><br />(+21 for winning)
|l|☆ggabireu
|player|p1|
