|j|☆SgtBrick14
|j|☆sylvr7070
|t:|1779583363
|gametype|singles
|player|p1|SgtBrick14|pokemonranger|1506
|player|p2|sylvr7070|fairytalegirl|1521
|gen|9
|tier|[Gen 9] OU
|rated|
|rule|HP Percentage Mod: HP is shown in percentages
|rule|Endless Battle Clause: Forcing endless battles is banned
|rule|Species Clause: Limit one of each Pokémon
|rule|OHKO Clause: OHKO moves are banned
|rule|Evasion Items Clause: Evasion items are banned
|rule|Evasion Moves Clause: Evasion moves are banned
|rule|Evasion Abilities Clause: Evasion abilities are banned
|rule|Sleep Moves Clause: Sleep-inducing moves are banned
|clearpoke
|poke|p1|Lucario, M|
|poke|p1|Kingambit, M|
|poke|p1|Ceruledge, F|
|poke|p1|Gengar, F|
|poke|p1|Cloyster, M|
|poke|p1|Froslass, F|
|poke|p2|Hoopa-Unbound|
|poke|p2|Zamazenta-*|
|poke|p2|Great Tusk|
|poke|p2|Pecharunt|
|poke|p2|Primarina, M|
|poke|p2|Dragonite, M|
|teampreview
|
|t:|1779583372
|teamsize|p1|6
|teamsize|p2|6
|start
|switch|p1a: Gengar|Gengar, F|100/100
|switch|p2a: Primarina|Primarina, M, shiny|100/100
|turn|1
|
|t:|1779583378
|move|p1a: Gengar|Sludge Wave|p2a: Primarina
|-supereffective|p2a: Primarina
|-damage|p2a: Primarina|32/100
|move|p2a: Primarina|Psychic Noise|p1a: Gengar
|-supereffective|p1a: Gengar
|-damage|p1a: Gengar|8/100
|-start|p1a: Gengar|move: Heal Block
|
|upkeep
|turn|2
|
|t:|1779583386
|switch|p2a: Pecharunt|Pecharunt|100/100
|move|p1a: Gengar|Destiny Bond|p1a: Gengar
|-singlemove|p1a: Gengar|Destiny Bond
|
|-end|p1a: Gengar|move: Heal Block
|upkeep
|turn|3
|
|t:|1779583398
|switch|p2a: Primarina|Primarina, M, shiny|32/100
|move|p1a: Gengar|Shadow Ball|p2a: Primarina
|-damage|p2a: Primarina|7/100
|
|upkeep
|turn|4
|
|t:|1779583402
|move|p1a: Gengar|Shadow Ball|p2a: Primarina
|-damage|p2a: Primarina|0 fnt
|faint|p2a: Primarina
|
|upkeep
|
|t:|1779583411
|switch|p2a: Dragonite|Dragonite, M, shiny|100/100
|turn|5
|
|t:|1779583415
|move|p1a: Gengar|Sludge Wave|p2a: Dragonite
|-damage|p2a: Dragonite|73/100
|move|p2a: Dragonite|Dragon Dance|p2a: Dragonite
|-boost|p2a: Dragonite|atk|1
|-boost|p2a: Dragonite|spe|1
|
|upkeep
|turn|6
|
|t:|1779583421
|move|p2a: Dragonite|Earthquake|p1a: Gengar
|-supereffective|p1a: Gengar
|-damage|p1a: Gengar|0 fnt
|-start|p2a: Dragonite|Disable|Earthquake|[from] ability: Cursed Body|[of] p1a: Gengar
|faint|p1a: Gengar
|
|upkeep
|c|☆sylvr7070|cursed body pmo icl
|
|t:|1779583455
|switch|p1a: Cloyster|Cloyster, M|100/100
|turn|7
|
|t:|1779583460
|move|p2a: Dragonite|Stone Edge|p1a: Cloyster
|-supereffective|p1a: Cloyster
|-enditem|p1a: Cloyster|Focus Sash
|-damage|p1a: Cloyster|1/100
|move|p1a: Cloyster|Icicle Spear|p2a: Dragonite
|-supereffective|p2a: Dragonite
|-damage|p2a: Dragonite|18/100
|-supereffective|p2a: Dragonite
|-damage|p2a: Dragonite|0 fnt
|faint|p2a: Dragonite
|-hitcount|p2: Dragonite|2
|
|upkeep
|
|t:|1779583467
|switch|p2a: Pecharunt|Pecharunt|100/100
|turn|8
|
|t:|1779583474
|move|p1a: Cloyster|Ice Shard|p2a: Pecharunt
|-damage|p2a: Pecharunt|88/100
|move|p2a: Pecharunt|Shadow Ball|p1a: Cloyster
|-damage|p1a: Cloyster|0 fnt
|faint|p1a: Cloyster
|
|upkeep
|
|t:|1779583475
|switch|p1a: Ceruledge|Ceruledge, F|100/100
|turn|9
|
|t:|1779583485
|move|p2a: Pecharunt|Shadow Ball|p1a: Ceruledge
|-supereffective|p1a: Ceruledge
|-damage|p1a: Ceruledge|44/100
|move|p1a: Ceruledge|Destiny Bond|p1a: Ceruledge
|-singlemove|p1a: Ceruledge|Destiny Bond
|
|upkeep
|turn|10
|
|t:|1779583492
|move|p2a: Pecharunt|Parting Shot|p1a: Ceruledge
|-unboost|p1a: Ceruledge|atk|1
|-unboost|p1a: Ceruledge|spa|1
|
|t:|1779583494
|switch|p2a: Zamazenta|Zamazenta|100/100|[from] Parting Shot
|-ability|p2a: Zamazenta|Dauntless Shield|boost
|-boost|p2a: Zamazenta|def|1
|move|p1a: Ceruledge|Bitter Blade|p2a: Zamazenta
|-damage|p2a: Zamazenta|83/100
|-heal|p1a: Ceruledge|55/100|[from] drain|[of] p2a: Zamazenta
|
|-heal|p2a: Zamazenta|90/100|[from] item: Leftovers
|upkeep
|turn|11
|
|t:|1779583500
|move|p2a: Zamazenta|Crunch|p1a: Ceruledge
|-supereffective|p1a: Ceruledge
|-damage|p1a: Ceruledge|0 fnt
|faint|p1a: Ceruledge
|
|-heal|p2a: Zamazenta|96/100|[from] item: Leftovers
|upkeep
|
|t:|1779583504
|switch|p1a: Froslass|Froslass, F|100/100
|turn|12
|
|t:|1779583508
|move|p2a: Zamazenta|Crunch|p1a: Froslass
|-supereffective|p1a: Froslass
|-damage|p1a: Froslass|44/100
|move|p1a: Froslass|Thunder Wave|p2a: Zamazenta
|-status|p2a: Zamazenta|par
|
|-heal|p2a: Zamazenta|100/100 par|[from] item: Leftovers
|upkeep
|turn|13
|
|t:|1779583520
|move|p1a: Froslass|Destiny Bond|p1a: Froslass
|-singlemove|p1a: Froslass|Destiny Bond
|move|p2a: Zamazenta|Iron Defense|p2a: Zamazenta
|-boost|p2a: Zamazenta|def|2
|
|upkeep
|turn|14
|
|t:|1779583523
|move|p1a: Froslass|Spikes|p2a: Zamazenta
|-sidestart|p2: sylvr7070|Spikes
|cant|p2a: Zamazenta|par
|
|upkeep
|turn|15
|
|t:|1779583552
|move|p1a: Froslass|Taunt|p2a: Zamazenta
|-start|p2a: Zamazenta|move: Taunt
|cant|p2a: Zamazenta|move: Taunt|Iron Defense
|
|upkeep
|turn|16
|
|t:|1779583557
|move|p1a: Froslass|Destiny Bond|p1a: Froslass
|-singlemove|p1a: Froslass|Destiny Bond
|cant|p2a: Zamazenta|par
|
|upkeep
|turn|17
|
|t:|1779583559
|move|p1a: Froslass|Spikes|p2a: Zamazenta
|-sidestart|p2: sylvr7070|Spikes
|move|p2a: Zamazenta|Crunch|p1a: Froslass
|-supereffective|p1a: Froslass
|-damage|p1a: Froslass|0 fnt
|-start|p2a: Zamazenta|Disable|Crunch|[from] ability: Cursed Body|[of] p1a: Froslass
|faint|p1a: Froslass
|
|-end|p2a: Zamazenta|move: Taunt
|upkeep
|
|t:|1779583564
|switch|p1a: Kingambit|Kingambit, M|100/100
|-activate|p1a: Kingambit|ability: Supreme Overlord
|-start|p1a: Kingambit|fallen4|[silent]
|turn|18
|
|t:|1779583568
|move|p1a: Kingambit|Swords Dance|p1a: Kingambit
|-boost|p1a: Kingambit|atk|2
|move|p2a: Zamazenta|Roar|p1a: Kingambit
|-end|p1a: Kingambit|fallen4|[silent]
|drag|p1a: Lucario|Lucario, M|100/100
|
|upkeep
|turn|19
|
|t:|1779583574
|move|p1a: Lucario|Swords Dance|p1a: Lucario
|-boost|p1a: Lucario|atk|2
|move|p2a: Zamazenta|Body Press|p1a: Lucario
|-supereffective|p1a: Lucario
|-damage|p1a: Lucario|0 fnt
|faint|p1a: Lucario
|
|upkeep
|
|t:|1779583576
|switch|p1a: Kingambit|Kingambit, M|100/100
|-activate|p1a: Kingambit|ability: Supreme Overlord
|-start|p1a: Kingambit|fallen5|[silent]
|turn|20
|
|t:|1779583580
|move|p2a: Zamazenta|Iron Defense|p2a: Zamazenta
|-boost|p2a: Zamazenta|def|2
|move|p1a: Kingambit|Swords Dance|p1a: Kingambit
|-boost|p1a: Kingambit|atk|2
|
|-end|p2a: Zamazenta|Disable
|upkeep
|turn|21
|
|t:|1779583582
|move|p2a: Zamazenta|Body Press|p1a: Kingambit
|-supereffective|p1a: Kingambit
|-damage|p1a: Kingambit|0 fnt
|faint|p1a: Kingambit
|-end|p1a: Kingambit|fallen5|[silent]
|
|win|sylvr7070
|raw|SgtBrick14's rating: 1506 &rarr; <strong>1487</strong><br />(-19 for losing)
|raw|sylvr7070's rating: 1521 &rarr; <strong>1540</strong><br />(+19 for winning)
|l|☆SgtBrick14
|player|p1|
