|j|☆Cpt-Yesterday
|j|☆m709lkjo
|t:|1779722548
|gametype|singles
|player|p1|Cpt-Yesterday|beauty-gen4dp|1451
|player|p2|m709lkjo|101|1406
|gen|9
|tier|[Gen 9] OU
|rated|
|rule|HP Percentage Mod: HP is shown in percentages
|rule|Endless Battle Clause: Forcing endless battles is banned
|rule|Species Clause: Limit one of each Pokémon
|rule|OHKO Clause: OHKO moves are banned
|rule|Evasion Items Clause: Evasion items are banned
|rule|Evasion Moves Clause: Evasion moves are banned
|rule|Evasion Abilities Clause: Evasion abilities are banned
|rule|Sleep Moves Clause: Sleep-inducing moves are banned
|clearpoke
|poke|p1|Zapdos|
|poke|p1|Iron Treads|
|poke|p1|Samurott-Hisui, M|
|poke|p1|Ceruledge, M|
|poke|p1|Gholdengo|
|poke|p1|Kingambit, F|
|poke|p2|Drifblim, M|
|poke|p2|Corviknight, M|
|poke|p2|Alomomola, F|
|poke|p2|Blaziken, F|
|poke|p2|Kleavor, F|
|poke|p2|Hoopa-Unbound|
|teampreview
|inactive|Battle timer is ON: inactive players will automatically lose when time's up. (requested by m709lkjo)
|c|☆m709lkjo|gl hf
|
|t:|1779722576
|teamsize|p1|6
|teamsize|p2|6
|start
|switch|p1a: Samurott|Samurott-Hisui, M|100/100
|switch|p2a: Kleavor|Kleavor, F|100/100
|turn|1
|
|t:|1779722581
|move|p2a: Kleavor|U-turn|p1a: Samurott
|-supereffective|p1a: Samurott
|-damage|p1a: Samurott|19/100
|
|t:|1779722584
|switch|p2a: Alomomola|Alomomola, F|100/100|[from] U-turn
|move|p1a: Samurott|Razor Shell|p2a: Alomomola
|-resisted|p2a: Alomomola
|-damage|p2a: Alomomola|87/100
|-unboost|p2a: Alomomola|def|1
|-damage|p1a: Samurott|2/100|[from] item: Rocky Helmet|[of] p2a: Alomomola
|
|upkeep
|turn|2
|
|t:|1779722589
|move|p1a: Samurott|Ceaseless Edge|p2a: Alomomola
|-damage|p2a: Alomomola|53/100
|-damage|p1a: Samurott|0 fnt|[from] item: Rocky Helmet|[of] p2a: Alomomola
|faint|p1a: Samurott
|move|p2a: Alomomola|Flip Turn|p1: Samurott|[notarget]
|-fail|p2a: Alomomola
|
|upkeep
|
|t:|1779722603
|switch|p1a: Ceruledge|Ceruledge, M|100/100
|turn|3
|
|t:|1779722619
|move|p1a: Ceruledge|Swords Dance|p1a: Ceruledge
|-boost|p1a: Ceruledge|atk|2
|move|p2a: Alomomola|Flip Turn|p1a: Ceruledge
|-supereffective|p1a: Ceruledge
|-damage|p1a: Ceruledge|60/100
|-ability|p1a: Ceruledge|Weak Armor|boost
|-unboost|p1a: Ceruledge|def|1
|-boost|p1a: Ceruledge|spe|2
|inactive|m709lkjo has 120 seconds left.
|
|t:|1779722650
|switch|p2a: Corviknight|Corviknight, M|100/100|[from] Flip Turn
|
|upkeep
|turn|4
|
|t:|1779722669
|switch|p2a: Alomomola|Alomomola, F|87/100
|move|p1a: Ceruledge|Bitter Blade|p2a: Alomomola
|-resisted|p2a: Alomomola
|-damage|p2a: Alomomola|59/100
|-heal|p1a: Ceruledge|82/100|[from] drain|[of] p2a: Alomomola
|-damage|p1a: Ceruledge|65/100|[from] item: Rocky Helmet|[of] p2a: Alomomola
|
|upkeep
|turn|5
|
|t:|1779722680
|move|p1a: Ceruledge|Poltergeist|p2a: Alomomola
|-activate|p2a: Alomomola|move: Poltergeist|Rocky Helmet
|-damage|p2a: Alomomola|0 fnt
|faint|p2a: Alomomola
|
|upkeep
|
|t:|1779722689
|switch|p2a: Kleavor|Kleavor, F|100/100
|turn|6
|
|t:|1779722696
|move|p2a: Kleavor|Stone Axe|p1a: Ceruledge
|-supereffective|p1a: Ceruledge
|-damage|p1a: Ceruledge|0 fnt
|-sidestart|p1: Cpt-Yesterday|move: Stealth Rock
|faint|p1a: Ceruledge
|
|upkeep
|
|t:|1779722700
|switch|p1a: Iron Treads|Iron Treads|100/100
|-damage|p1a: Iron Treads|97/100|[from] Stealth Rock
|turn|7
|
|t:|1779722710
|switch|p2a: Drifblim|Drifblim, M|100/100
|move|p1a: Iron Treads|Knock Off|p2a: Drifblim
|-supereffective|p2a: Drifblim
|-damage|p2a: Drifblim|54/100
|-enditem|p2a: Drifblim|Heavy-Duty Boots|[from] move: Knock Off|[of] p1a: Iron Treads
|
|-heal|p1a: Iron Treads|100/100|[from] item: Leftovers
|upkeep
|turn|8
|
|t:|1779722719
|move|p2a: Drifblim|Will-O-Wisp|p1a: Iron Treads
|-status|p1a: Iron Treads|brn
|move|p1a: Iron Treads|Stealth Rock|p2a: Drifblim
|-sidestart|p2: m709lkjo|move: Stealth Rock
|
|-damage|p1a: Iron Treads|94/100 brn|[from] brn
|upkeep
|turn|9
|
|t:|1779722727
|-end|p1a: Iron Treads|Quark Drive|[silent]
|switch|p1a: Zapdos|Zapdos|100/100
|move|p2a: Drifblim|Knock Off|p1a: Zapdos
|-damage|p1a: Zapdos|88/100
|-status|p2a: Drifblim|par|[from] ability: Static|[of] p1a: Zapdos
|-enditem|p1a: Zapdos|Heavy-Duty Boots|[from] move: Knock Off|[of] p2a: Drifblim
|
|upkeep
|turn|10
|
|t:|1779722745
|switch|p2a: Hoopa|Hoopa-Unbound|100/100
|-damage|p2a: Hoopa|88/100|[from] Stealth Rock
|move|p1a: Zapdos|Hurricane|p2a: Hoopa
|-damage|p2a: Hoopa|64/100
|-start|p2a: Hoopa|confusion
|
|upkeep
|turn|11
|
|t:|1779722755
|-singleturn|p2a: Hoopa|move: Focus Punch
|move|p1a: Zapdos|Thunder Wave|p2a: Hoopa
|-status|p2a: Hoopa|par
|-activate|p2a: Hoopa|confusion
|move|p2a: Hoopa|Focus Punch|p1a: Zapdos
|-resisted|p1a: Zapdos
|-damage|p1a: Zapdos|64/100
|
|upkeep
|turn|12
|
|t:|1779722765
|move|p1a: Zapdos|Roost|p1a: Zapdos
|-heal|p1a: Zapdos|100/100
|-singleturn|p1a: Zapdos|move: Roost
|-activate|p2a: Hoopa|confusion
|move|p2a: Hoopa|Knock Off|p1a: Zapdos
|-damage|p1a: Zapdos|68/100
|
|upkeep
|turn|13
|
|t:|1779722772
|move|p1a: Zapdos|Hurricane|p2a: Hoopa
|-damage|p2a: Hoopa|43/100 par
|-activate|p2a: Hoopa|confusion
|move|p2a: Hoopa|Gunk Shot|p1a: Zapdos|[miss]
|-miss|p2a: Hoopa|p1a: Zapdos
|
|upkeep
|turn|14
|
|t:|1779722780
|move|p1a: Zapdos|Hurricane|p2a: Hoopa
|-damage|p2a: Hoopa|22/100 par
|-end|p2a: Hoopa|confusion
|cant|p2a: Hoopa|par
|
|upkeep
|turn|15
|
|t:|1779722788
|move|p1a: Zapdos|Hurricane|p2a: Hoopa
|-damage|p2a: Hoopa|0 fnt
|faint|p2a: Hoopa
|
|upkeep
|
|t:|1779722795
|switch|p2a: Kleavor|Kleavor, F|100/100
|-damage|p2a: Kleavor|76/100|[from] Stealth Rock
|turn|16
|
|t:|1779722804
|switch|p1a: Iron Treads|Iron Treads|94/100 brn
|-damage|p1a: Iron Treads|91/100 brn|[from] Stealth Rock
|move|p2a: Kleavor|Close Combat|p1a: Iron Treads
|-supereffective|p1a: Iron Treads
|-damage|p1a: Iron Treads|15/100 brn
|-unboost|p2a: Kleavor|def|1
|-unboost|p2a: Kleavor|spd|1
|
|-heal|p1a: Iron Treads|21/100 brn|[from] item: Leftovers
|-damage|p1a: Iron Treads|15/100 brn|[from] brn
|upkeep
|turn|17
|
|t:|1779722812
|move|p2a: Kleavor|Close Combat|p1a: Iron Treads
|-supereffective|p1a: Iron Treads
|-damage|p1a: Iron Treads|0 fnt
|-unboost|p2a: Kleavor|def|1
|-unboost|p2a: Kleavor|spd|1
|faint|p1a: Iron Treads
|-end|p1a: Iron Treads|Quark Drive|[silent]
|
|upkeep
|
|t:|1779722815
|switch|p1a: Gholdengo|Gholdengo|100/100
|-damage|p1a: Gholdengo|94/100|[from] Stealth Rock
|-item|p1a: Gholdengo|Air Balloon
|turn|18
|
|t:|1779722818
|switch|p2a: Corviknight|Corviknight, M|100/100
|-damage|p2a: Corviknight|88/100|[from] Stealth Rock
|move|p1a: Gholdengo|Thunder Wave|p2a: Corviknight
|-status|p2a: Corviknight|par
|
|-heal|p2a: Corviknight|94/100 par|[from] item: Leftovers
|upkeep
|turn|19
|
|t:|1779722839
|move|p1a: Gholdengo|Hex|p2a: Corviknight
|-damage|p2a: Corviknight|53/100 par
|move|p2a: Corviknight|Agility|p2a: Corviknight
|-boost|p2a: Corviknight|spe|2
|
|-heal|p2a: Corviknight|59/100 par|[from] item: Leftovers
|upkeep
|turn|20
|
|t:|1779722849
|switch|p1a: Zapdos|Zapdos|68/100
|-damage|p1a: Zapdos|43/100|[from] Stealth Rock
|move|p2a: Corviknight|Agility|p2a: Corviknight
|-boost|p2a: Corviknight|spe|2
|
|-heal|p2a: Corviknight|65/100 par|[from] item: Leftovers
|upkeep
|turn|21
|
|t:|1779722867
|move|p2a: Corviknight|Roost|p2a: Corviknight
|-heal|p2a: Corviknight|100/100 par
|-singleturn|p2a: Corviknight|move: Roost
|move|p1a: Zapdos|Roost|p1a: Zapdos
|-heal|p1a: Zapdos|93/100
|-singleturn|p1a: Zapdos|move: Roost
|
|upkeep
|turn|22
|
|t:|1779722881
|move|p2a: Corviknight|Bulk Up|p2a: Corviknight
|-boost|p2a: Corviknight|atk|1
|-boost|p2a: Corviknight|def|1
|move|p1a: Zapdos|Volt Switch|p2a: Corviknight
|-supereffective|p2a: Corviknight
|-damage|p2a: Corviknight|59/100 par
|
|t:|1779722887
|switch|p1a: Gholdengo|Gholdengo|94/100|[from] Volt Switch
|-damage|p1a: Gholdengo|88/100|[from] Stealth Rock
|-item|p1a: Gholdengo|Air Balloon
|
|-heal|p2a: Corviknight|66/100 par|[from] item: Leftovers
|upkeep
|turn|23
|
|t:|1779722893
|move|p2a: Corviknight|Bulk Up|p2a: Corviknight
|-boost|p2a: Corviknight|atk|1
|-boost|p2a: Corviknight|def|1
|move|p1a: Gholdengo|Hex|p2a: Corviknight
|-damage|p2a: Corviknight|22/100 par
|
|-heal|p2a: Corviknight|28/100 par|[from] item: Leftovers
|upkeep
|turn|24
|
|t:|1779722899
|-terastallize|p2a: Corviknight|Dark
|move|p2a: Corviknight|Roost|p2a: Corviknight
|-heal|p2a: Corviknight|78/100 par
|move|p1a: Gholdengo|Hex|p2a: Corviknight
|-resisted|p2a: Corviknight
|-damage|p2a: Corviknight|57/100 par
|
|-heal|p2a: Corviknight|63/100 par|[from] item: Leftovers
|upkeep
|turn|25
|
|t:|1779722905
|move|p2a: Corviknight|Power Trip|p1a: Gholdengo
|-supereffective|p1a: Gholdengo
|-crit|p1a: Gholdengo
|-damage|p1a: Gholdengo|0 fnt
|-enditem|p1a: Gholdengo|Air Balloon
|faint|p1a: Gholdengo
|
|-heal|p2a: Corviknight|70/100 par|[from] item: Leftovers
|upkeep
|
|t:|1779722910
|switch|p1a: Kingambit|Kingambit, F|100/100
|-damage|p1a: Kingambit|94/100|[from] Stealth Rock
|-activate|p1a: Kingambit|ability: Supreme Overlord
|-start|p1a: Kingambit|fallen4|[silent]
|turn|26
|
|t:|1779722923
|move|p2a: Corviknight|Bulk Up|p2a: Corviknight
|-boost|p2a: Corviknight|atk|1
|-boost|p2a: Corviknight|def|1
|move|p1a: Kingambit|Low Kick|p2a: Corviknight
|-supereffective|p2a: Corviknight
|-damage|p2a: Corviknight|42/100 par
|
|-heal|p2a: Corviknight|48/100 par|[from] item: Leftovers
|-heal|p1a: Kingambit|100/100|[from] item: Leftovers
|upkeep
|turn|27
|
|t:|1779722929
|cant|p2a: Corviknight|par
|move|p1a: Kingambit|Swords Dance|p1a: Kingambit
|-boost|p1a: Kingambit|atk|2
|
|-heal|p2a: Corviknight|54/100 par|[from] item: Leftovers
|upkeep
|turn|28
|
|t:|1779722940
|-terastallize|p1a: Kingambit|Fighting
|cant|p2a: Corviknight|par
|move|p1a: Kingambit|Low Kick|p2a: Corviknight
|-supereffective|p2a: Corviknight
|-damage|p2a: Corviknight|0 fnt
|faint|p2a: Corviknight
|
|upkeep
|
|t:|1779722953
|switch|p2a: Blaziken|Blaziken, F|100/100
|-damage|p2a: Blaziken|88/100|[from] Stealth Rock
|turn|29
|
|t:|1779722958
|move|p2a: Blaziken|Brave Bird|p1a: Kingambit
|-supereffective|p1a: Kingambit
|-damage|p1a: Kingambit|12/100
|-damage|p2a: Blaziken|55/100|[from] Recoil
|-damage|p2a: Blaziken|45/100|[from] item: Life Orb
|move|p1a: Kingambit|Low Kick|p2a: Blaziken
|-damage|p2a: Blaziken|0 fnt
|faint|p2a: Blaziken
|
|-heal|p1a: Kingambit|18/100|[from] item: Leftovers
|upkeep
|
|t:|1779722962
|switch|p2a: Kleavor|Kleavor, F|76/100
|-damage|p2a: Kleavor|51/100|[from] Stealth Rock
|turn|30
|
|t:|1779722965
|move|p2a: Kleavor|Quick Attack|p1a: Kingambit
|-damage|p1a: Kingambit|5/100
|move|p1a: Kingambit|Sucker Punch||[still]
|-fail|p1a: Kingambit
|
|-heal|p1a: Kingambit|11/100|[from] item: Leftovers
|upkeep
|turn|31
|
|t:|1779722976
|-end|p1a: Kingambit|fallen4|[silent]
|switch|p1a: Zapdos|Zapdos|93/100
|-damage|p1a: Zapdos|68/100|[from] Stealth Rock
|move|p2a: Kleavor|Quick Attack|p1a: Zapdos
|-damage|p1a: Zapdos|58/100
|-status|p2a: Kleavor|par|[from] ability: Static|[of] p1a: Zapdos
|
|upkeep
|turn|32
|
|t:|1779722980
|switch|p2a: Drifblim|Drifblim, M|54/100 par
|-damage|p2a: Drifblim|29/100 par|[from] Stealth Rock
|move|p1a: Zapdos|Roost|p1a: Zapdos
|-heal|p1a: Zapdos|100/100
|-singleturn|p1a: Zapdos|move: Roost
|
|upkeep
|turn|33
|
|t:|1779722988
|move|p1a: Zapdos|Volt Switch|p2a: Drifblim
|-supereffective|p2a: Drifblim
|-damage|p2a: Drifblim|0 fnt
|faint|p2a: Drifblim
|
|t:|1779722991
|switch|p1a: Kingambit|Kingambit, F, tera:Fighting|11/100|[from] Volt Switch
|-damage|p1a: Kingambit|5/100|[from] Stealth Rock
|-activate|p1a: Kingambit|ability: Supreme Overlord
|-start|p1a: Kingambit|fallen4|[silent]
|
|-heal|p1a: Kingambit|11/100|[from] item: Leftovers
|upkeep
|
|t:|1779722996
|switch|p2a: Kleavor|Kleavor, F|51/100 par
|-damage|p2a: Kleavor|26/100 par|[from] Stealth Rock
|turn|34
|
|t:|1779723000
|move|p1a: Kingambit|Sucker Punch|p2a: Kleavor
|-crit|p2a: Kleavor
|-damage|p2a: Kleavor|0 fnt
|faint|p2a: Kleavor
|
|win|Cpt-Yesterday
|raw|Cpt-Yesterday's rating: 1451 &rarr; <strong>1468</strong><br />(+17 for winning)
|raw|m709lkjo's rating: 1406 &rarr; <strong>1389</strong><br />(-17 for losing)
|c|☆m709lkjo|gg
|l|☆m709lkjo
|player|p2|
|l|☆Cpt-Yesterday
|player|p1|
