|j|☆cozyprincemshroom
|j|☆dedfa
|t:|1779585006
|gametype|singles
|player|p1|cozyprincemshroom|waiter|1195
|player|p2|dedfa|byron|1185
|gen|9
|tier|[Gen 9] OU
|rated|
|rule|HP Percentage Mod: HP is shown in percentages
|rule|Endless Battle Clause: Forcing endless battles is banned
|rule|Species Clause: Limit one of each Pokémon
|rule|OHKO Clause: OHKO moves are banned
|rule|Evasion Items Clause: Evasion items are banned
|rule|Evasion Moves Clause: Evasion moves are banned
|rule|Evasion Abilities Clause: Evasion abilities are banned
|rule|Sleep Moves Clause: Sleep-inducing moves are banned
|clearpoke
|poke|p1|Inteleon, F|
|poke|p1|Meganium, F|
|poke|p1|Munkidori, M|
|poke|p1|Lycanroc-Dusk, F|
|poke|p1|Donphan, M|
|poke|p1|Raichu, M|
|poke|p2|Zapdos|
|poke|p2|Iron Treads|
|poke|p2|Pelipper, M|
|poke|p2|Greninja-*, M|
|poke|p2|Azumarill, F|
|poke|p2|Rotom-Wash|
|teampreview
|inactive|Battle timer is ON: inactive players will automatically lose when time's up. (requested by cozyprincemshroom)
|
|t:|1779585012
|teamsize|p1|6
|teamsize|p2|6
|start
|switch|p1a: Munkidori|Munkidori, M|100/100
|switch|p2a: Pelipper|Pelipper, M|100/100
|-weather|RainDance|[from] ability: Drizzle|[of] p2a: Pelipper
|turn|1
|
|t:|1779585020
|move|p1a: Munkidori|Trick|p2a: Pelipper
|-activate|p1a: Munkidori|move: Trick|[of] p2a: Pelipper
|-item|p2a: Pelipper|Choice Scarf|[from] move: Trick
|-item|p1a: Munkidori|Damp Rock|[from] move: Trick
|move|p2a: Pelipper|U-turn|p1a: Munkidori
|-damage|p1a: Munkidori|86/100
|
|t:|1779585026
|switch|p2a: Greninja|Greninja, M|100/100|[from] U-turn
|
|-weather|RainDance|[upkeep]
|upkeep
|turn|2
|
|t:|1779585038
|move|p2a: Greninja|Weather Ball|p1a: Munkidori
|-damage|p1a: Munkidori|0 fnt
|faint|p1a: Munkidori
|-ability|p2a: Greninja|Battle Bond|boost
|-boost|p2a: Greninja|atk|1
|-boost|p2a: Greninja|spa|1
|-boost|p2a: Greninja|spe|1
|-activate|p2a: Greninja|ability: Battle Bond
|
|-weather|RainDance|[upkeep]
|upkeep
|
|t:|1779585048
|switch|p1a: Donphan|Donphan, M|100/100
|turn|3
|
|t:|1779585052
|move|p2a: Greninja|Weather Ball|p1a: Donphan
|-supereffective|p1a: Donphan
|-ability|p1a: Donphan|Sturdy
|-damage|p1a: Donphan|1/100
|move|p1a: Donphan|Earthquake|p2a: Greninja
|-damage|p2a: Greninja|6/100
|
|-weather|RainDance|[upkeep]
|upkeep
|turn|4
|
|t:|1779585062
|move|p1a: Donphan|Ice Shard|p2a: Greninja
|-resisted|p2a: Greninja
|-damage|p2a: Greninja|0 fnt
|faint|p2a: Greninja
|
|-weather|RainDance|[upkeep]
|upkeep
|
|t:|1779585068
|switch|p2a: Azumarill|Azumarill, F|100/100
|turn|5
|
|t:|1779585072
|move|p2a: Azumarill|Aqua Jet|p1a: Donphan
|-supereffective|p1a: Donphan
|-damage|p1a: Donphan|0 fnt
|faint|p1a: Donphan
|
|-weather|RainDance|[upkeep]
|upkeep
|
|t:|1779585078
|switch|p1a: Raichu|Raichu, M|100/100
|-item|p1a: Raichu|Air Balloon
|turn|6
|
|t:|1779585087
|-terastallize|p2a: Azumarill|Water
|move|p1a: Raichu|Fake Out|p2a: Azumarill
|-damage|p2a: Azumarill|92/100
|cant|p2a: Azumarill|flinch
|
|-weather|RainDance|[upkeep]
|upkeep
|turn|7
|
|t:|1779585096
|-terastallize|p1a: Raichu|Water
|move|p2a: Azumarill|Aqua Jet|p1a: Raichu
|-resisted|p1a: Raichu
|-damage|p1a: Raichu|46/100
|-enditem|p1a: Raichu|Air Balloon
|move|p1a: Raichu|Discharge|p2a: Azumarill
|-supereffective|p2a: Azumarill
|-damage|p2a: Azumarill|29/100
|
|-weather|RainDance|[upkeep]
|upkeep
|turn|8
|
|t:|1779585109
|switch|p1a: Meganium|Meganium, F|100/100
|move|p2a: Azumarill|Aqua Jet|p1a: Meganium
|-resisted|p1a: Meganium
|-damage|p1a: Meganium|78/100
|
|-weather|none
|-heal|p1a: Meganium|84/100|[from] item: Leftovers
|upkeep
|turn|9
|
|t:|1779585119
|switch|p1a: Raichu|Raichu, M, tera:Water|46/100
|switch|p2a: Zapdos|Zapdos|100/100
|
|upkeep
|turn|10
|
|t:|1779585127
|move|p1a: Raichu|Fake Out|p2a: Zapdos
|-damage|p2a: Zapdos|92/100
|-status|p1a: Raichu|par|[from] ability: Static|[of] p2a: Zapdos
|cant|p2a: Zapdos|flinch
|
|upkeep
|turn|11
|
|t:|1779585134
|move|p2a: Zapdos|U-turn|p1a: Raichu
|-damage|p1a: Raichu|15/100 par
|
|t:|1779585138
|switch|p2a: Iron Treads|Iron Treads|100/100|[from] U-turn
|cant|p1a: Raichu|par
|
|upkeep
|turn|12
|
|t:|1779585148
|move|p2a: Iron Treads|Knock Off|p1a: Raichu
|-damage|p1a: Raichu|0 fnt
|faint|p1a: Raichu
|
|upkeep
|
|t:|1779585156
|switch|p1a: Inteleon|Inteleon, F|100/100
|turn|13
|
|t:|1779585161
|move|p1a: Inteleon|Scald|p2a: Iron Treads
|-supereffective|p2a: Iron Treads
|-damage|p2a: Iron Treads|0 fnt
|faint|p2a: Iron Treads
|-end|p2a: Iron Treads|Quark Drive|[silent]
|
|upkeep
|
|t:|1779585170
|switch|p2a: Rotom|Rotom-Wash|100/100
|turn|14
|
|t:|1779585173
|switch|p1a: Meganium|Meganium, F|84/100
|move|p2a: Rotom|Volt Switch|p1a: Meganium
|-resisted|p1a: Meganium
|-damage|p1a: Meganium|72/100
|
|t:|1779585180
|switch|p2a: Zapdos|Zapdos|92/100|[from] Volt Switch
|
|-heal|p1a: Meganium|78/100|[from] item: Leftovers
|upkeep
|turn|15
|
|t:|1779585188
|move|p2a: Zapdos|U-turn|p1a: Meganium
|-supereffective|p1a: Meganium
|-damage|p1a: Meganium|51/100
|
|t:|1779585192
|switch|p2a: Azumarill|Azumarill, F, tera:Water|29/100|[from] U-turn
|move|p1a: Meganium|Leech Seed|p2a: Azumarill
|-start|p2a: Azumarill|move: Leech Seed
|
|-heal|p1a: Meganium|57/100|[from] item: Leftovers
|-damage|p2a: Azumarill|17/100|[from] Leech Seed|[of] p1a: Meganium
|-heal|p1a: Meganium|71/100|[silent]
|upkeep
|-enditem|p2a: Azumarill|Aguav Berry|[eat]
|-heal|p2a: Azumarill|50/100|[from] item: Aguav Berry
|turn|16
|
|t:|1779585204
|move|p1a: Meganium|Energy Ball|p2a: Azumarill
|-supereffective|p2a: Azumarill
|-damage|p2a: Azumarill|0 fnt
|faint|p2a: Azumarill
|
|-heal|p1a: Meganium|77/100|[from] item: Leftovers
|upkeep
|
|t:|1779585212
|switch|p2a: Zapdos|Zapdos|92/100
|turn|17
|
|t:|1779585216
|move|p2a: Zapdos|Heat Wave|p1a: Meganium
|-supereffective|p1a: Meganium
|-damage|p1a: Meganium|32/100
|move|p1a: Meganium|Leech Seed|p2a: Zapdos
|-start|p2a: Zapdos|move: Leech Seed
|
|-heal|p1a: Meganium|38/100|[from] item: Leftovers
|-damage|p2a: Zapdos|80/100|[from] Leech Seed|[of] p1a: Meganium
|-heal|p1a: Meganium|50/100|[silent]
|upkeep
|turn|18
|
|t:|1779585227
|move|p2a: Zapdos|U-turn|p1a: Meganium
|-supereffective|p1a: Meganium
|-damage|p1a: Meganium|24/100
|
|t:|1779585233
|switch|p2a: Pelipper|Pelipper, M|100/100|[from] U-turn
|-weather|RainDance|[from] ability: Drizzle|[of] p2a: Pelipper
|move|p1a: Meganium|Synthesis|p1a: Meganium
|-heal|p1a: Meganium|49/100
|
|-weather|RainDance|[upkeep]
|-heal|p1a: Meganium|55/100|[from] item: Leftovers
|upkeep
|turn|19
|
|t:|1779585245
|switch|p1a: Lycanroc|Lycanroc-Dusk, F|100/100
|move|p2a: Pelipper|Hurricane|p1a: Lycanroc
|-resisted|p1a: Lycanroc
|-damage|p1a: Lycanroc|58/100
|
|-weather|RainDance|[upkeep]
|upkeep
|turn|20
|
|t:|1779585253
|move|p1a: Lycanroc|Swords Dance|p1a: Lycanroc
|-boost|p1a: Lycanroc|atk|2
|move|p2a: Pelipper|Hurricane|p1a: Lycanroc
|-resisted|p1a: Lycanroc
|-damage|p1a: Lycanroc|17/100
|-start|p1a: Lycanroc|confusion
|
|-weather|RainDance|[upkeep]
|upkeep
|turn|21
|
|t:|1779585262
|-activate|p1a: Lycanroc|confusion
|move|p1a: Lycanroc|Accelerock|p2a: Pelipper
|-supereffective|p2a: Pelipper
|-damage|p2a: Pelipper|0 fnt
|faint|p2a: Pelipper
|
|-weather|RainDance|[upkeep]
|upkeep
|
|t:|1779585269
|switch|p2a: Rotom|Rotom-Wash|100/100
|turn|22
|
|t:|1779585274
|-activate|p1a: Lycanroc|confusion
|-damage|p1a: Lycanroc|0 fnt|[from] confusion
|faint|p1a: Lycanroc
|move|p2a: Rotom|Volt Switch|p1: Lycanroc|[notarget]
|-fail|p2a: Rotom
|
|-weather|none
|upkeep
|
|t:|1779585281
|switch|p1a: Meganium|Meganium, F|55/100
|turn|23
|
|t:|1779585287
|move|p2a: Rotom|Thunder Wave|p1a: Meganium
|-status|p1a: Meganium|par
|cant|p1a: Meganium|par
|
|-heal|p1a: Meganium|61/100 par|[from] item: Leftovers
|upkeep
|turn|24
|
|t:|1779585296
|move|p2a: Rotom|Volt Switch|p1a: Meganium
|-resisted|p1a: Meganium
|-damage|p1a: Meganium|49/100 par
|
|t:|1779585299
|switch|p2a: Zapdos|Zapdos|80/100|[from] Volt Switch
|move|p1a: Meganium|Leech Seed|p2a: Zapdos
|-start|p2a: Zapdos|move: Leech Seed
|
|-heal|p1a: Meganium|55/100 par|[from] item: Leftovers
|-damage|p2a: Zapdos|68/100|[from] Leech Seed|[of] p1a: Meganium
|-heal|p1a: Meganium|68/100 par|[silent]
|upkeep
|turn|25
|
|t:|1779585311
|move|p2a: Zapdos|Hurricane|p1a: Meganium
|-supereffective|p1a: Meganium
|-damage|p1a: Meganium|0 fnt
|faint|p1a: Meganium
|
|upkeep
|
|t:|1779585316
|switch|p1a: Inteleon|Inteleon, F|100/100
|turn|26
|
|t:|1779585319
|move|p1a: Inteleon|Scald|p2a: Zapdos
|-damage|p2a: Zapdos|27/100
|-status|p2a: Zapdos|brn
|move|p2a: Zapdos|Hurricane|p1a: Inteleon|[miss]
|-miss|p2a: Zapdos|p1a: Inteleon
|
|-damage|p2a: Zapdos|14/100 brn|[from] Leech Seed|[of] p1a: Inteleon
|-damage|p2a: Zapdos|8/100 brn|[from] brn
|upkeep
|turn|27
|-message|cozyprincemshroom forfeited.
|
|win|dedfa
|raw|cozyprincemshroom's rating: 1195 &rarr; <strong>1169</strong><br />(-26 for losing)
|raw|dedfa's rating: 1185 &rarr; <strong>1211</strong><br />(+26 for winning)
|l|☆cozyprincemshroom
|player|p1|
|l|☆dedfa
|player|p2|
