|j|☆bozumon
|j|☆ddrago2009
|t:|1779559501
|gametype|singles
|player|p1|bozumon|102|1322
|player|p2|ddrago2009|pokemaniac|1324
|gen|9
|tier|[Gen 9] OU
|rated|
|rule|HP Percentage Mod: HP is shown in percentages
|rule|Endless Battle Clause: Forcing endless battles is banned
|rule|Species Clause: Limit one of each Pokémon
|rule|OHKO Clause: OHKO moves are banned
|rule|Evasion Items Clause: Evasion items are banned
|rule|Evasion Moves Clause: Evasion moves are banned
|rule|Evasion Abilities Clause: Evasion abilities are banned
|rule|Sleep Moves Clause: Sleep-inducing moves are banned
|clearpoke
|poke|p1|Raging Bolt|
|poke|p1|Great Tusk|
|poke|p1|Gholdengo|
|poke|p1|Alomomola, M|
|poke|p1|Clodsire, F|
|poke|p1|Tornadus-Therian, M|
|poke|p2|Polteageist|
|poke|p2|Indeedee, M|
|poke|p2|Great Tusk|
|poke|p2|Gholdengo|
|poke|p2|Cinderace, F|
|poke|p2|Dragonite, F|
|teampreview
|inactive|Battle timer is ON: inactive players will automatically lose when time's up. (requested by ddrago2009)
|
|t:|1779559509
|teamsize|p1|6
|teamsize|p2|6
|start
|switch|p1a: Tornadus|Tornadus-Therian, M|100/100
|switch|p2a: Indeedee|Indeedee, M|100/100
|-fieldstart|move: Psychic Terrain|[from] ability: Psychic Surge|[of] p2a: Indeedee
|turn|1
|
|t:|1779559514
|move|p2a: Indeedee|Expanding Force|p1a: Tornadus
|-damage|p1a: Tornadus|23/100
|move|p1a: Tornadus|U-turn|p2a: Indeedee
|-supereffective|p2a: Indeedee
|-damage|p2a: Indeedee|3/100
|
|t:|1779559523
|switch|p1a: Gholdengo|Gholdengo|100/100|[from] U-turn
|
|upkeep
|turn|2
|
|t:|1779559527
|move|p1a: Gholdengo|Shadow Ball|p2a: Indeedee
|-immune|p2a: Indeedee
|move|p2a: Indeedee|Healing Wish|p2a: Indeedee
|faint|p2a: Indeedee
|
|upkeep
|
|t:|1779559536
|switch|p2a: Polteageist|Polteageist|100/100
|turn|3
|
|t:|1779559545
|move|p1a: Gholdengo|Shadow Ball|p2a: Polteageist
|-supereffective|p2a: Polteageist
|-damage|p2a: Polteageist|8/100
|move|p2a: Polteageist|Shell Smash|p2a: Polteageist
|-unboost|p2a: Polteageist|def|1
|-unboost|p2a: Polteageist|spd|1
|-boost|p2a: Polteageist|atk|2
|-boost|p2a: Polteageist|spa|2
|-boost|p2a: Polteageist|spe|2
|
|upkeep
|turn|4
|
|t:|1779559565
|move|p2a: Polteageist|Shadow Ball|p1a: Gholdengo
|-supereffective|p1a: Gholdengo
|-damage|p1a: Gholdengo|0 fnt
|faint|p1a: Gholdengo
|
|upkeep
|
|t:|1779559578
|switch|p1a: Alomomola|Alomomola, M|100/100
|turn|5
|
|t:|1779559584
|move|p2a: Polteageist|Strength Sap|p1a: Alomomola
|-unboost|p1a: Alomomola|atk|1
|-heal|p2a: Polteageist|79/100
|move|p1a: Alomomola|Flip Turn|p2a: Polteageist
|-damage|p2a: Polteageist|47/100
|-ability|p2a: Polteageist|Weak Armor|boost
|-unboost|p2a: Polteageist|def|1
|-boost|p2a: Polteageist|spe|2
|
|t:|1779559594
|switch|p1a: Clodsire|Clodsire, F|100/100|[from] Flip Turn
|
|upkeep
|turn|6
|
|t:|1779559603
|move|p2a: Polteageist|Stored Power|p1a: Clodsire
|-supereffective|p1a: Clodsire
|-damage|p1a: Clodsire|0 fnt
|faint|p1a: Clodsire
|
|upkeep
|
|t:|1779559608
|switch|p1a: Alomomola|Alomomola, M|100/100
|turn|7
|
|t:|1779559611
|move|p1a: Alomomola|Protect|p1a: Alomomola
|-singleturn|p1a: Alomomola|Protect
|move|p2a: Polteageist|Stored Power|p1a: Alomomola
|-activate|p1a: Alomomola|move: Protect
|
|upkeep
|turn|8
|
|t:|1779559614
|move|p2a: Polteageist|Stored Power|p1a: Alomomola
|-damage|p1a: Alomomola|0 fnt
|faint|p1a: Alomomola
|
|-fieldend|move: Psychic Terrain
|upkeep
|
|t:|1779559621
|switch|p1a: Raging Bolt|Raging Bolt|100/100
|turn|9
|
|t:|1779559629
|switch|p2a: Great Tusk|Great Tusk|100/100
|-enditem|p2a: Great Tusk|Booster Energy
|-activate|p2a: Great Tusk|ability: Protosynthesis|[fromitem]
|-start|p2a: Great Tusk|protosynthesisatk
|move|p1a: Raging Bolt|Thunderclap||[still]
|-fail|p1a: Raging Bolt
|
|upkeep
|turn|10
|
|t:|1779559641
|-end|p1a: Raging Bolt|Protosynthesis|[silent]
|switch|p1a: Great Tusk|Great Tusk|100/100
|move|p2a: Great Tusk|Ice Spinner|p1a: Great Tusk
|-supereffective|p1a: Great Tusk
|-damage|p1a: Great Tusk|57/100
|
|upkeep
|turn|11
|
|t:|1779559648
|move|p2a: Great Tusk|Rapid Spin|p1a: Great Tusk
|-damage|p1a: Great Tusk|42/100
|-boost|p2a: Great Tusk|spe|1
|move|p1a: Great Tusk|Rapid Spin|p2a: Great Tusk
|-damage|p2a: Great Tusk|85/100
|-boost|p1a: Great Tusk|spe|1
|
|upkeep
|turn|12
|
|t:|1779559653
|move|p2a: Great Tusk|Ice Spinner|p1a: Great Tusk
|-supereffective|p1a: Great Tusk
|-damage|p1a: Great Tusk|0 fnt
|faint|p1a: Great Tusk
|-end|p1a: Great Tusk|Protosynthesis|[silent]
|
|upkeep
|
|t:|1779559657
|switch|p1a: Tornadus|Tornadus-Therian, M|56/100
|turn|13
|
|t:|1779559661
|-terastallize|p1a: Tornadus|Fighting
|move|p2a: Great Tusk|Ice Spinner|p1a: Tornadus
|-damage|p1a: Tornadus|12/100
|move|p1a: Tornadus|Bulk Up|p1a: Tornadus
|-boost|p1a: Tornadus|atk|1
|-boost|p1a: Tornadus|def|1
|
|upkeep
|turn|14
|
|t:|1779559670
|move|p2a: Great Tusk|Ice Spinner|p1a: Tornadus
|-damage|p1a: Tornadus|0 fnt
|faint|p1a: Tornadus
|
|upkeep
|
|t:|1779559672
|switch|p1a: Raging Bolt|Raging Bolt|100/100
|turn|15
|
|t:|1779559675
|move|p2a: Great Tusk|Ice Spinner|p1a: Raging Bolt
|-supereffective|p1a: Raging Bolt
|-damage|p1a: Raging Bolt|41/100
|move|p1a: Raging Bolt|Draco Meteor|p2a: Great Tusk
|-damage|p2a: Great Tusk|0 fnt
|-unboost|p1a: Raging Bolt|spa|2
|faint|p2a: Great Tusk
|-end|p2a: Great Tusk|Protosynthesis|[silent]
|
|upkeep
|
|t:|1779559683
|switch|p2a: Dragonite|Dragonite, F|100/100
|turn|16
|
|t:|1779559686
|-terastallize|p2a: Dragonite|Normal
|move|p2a: Dragonite|Extreme Speed|p1a: Raging Bolt
|-damage|p1a: Raging Bolt|6/100
|move|p1a: Raging Bolt|Draco Meteor|p2a: Dragonite
|-damage|p2a: Dragonite|73/100
|-unboost|p1a: Raging Bolt|spa|2
|
|upkeep
|turn|17
|
|t:|1779559693
|move|p2a: Dragonite|Extreme Speed|p1a: Raging Bolt
|-damage|p1a: Raging Bolt|0 fnt
|faint|p1a: Raging Bolt
|-end|p1a: Raging Bolt|Protosynthesis|[silent]
|
|win|ddrago2009
|raw|bozumon's rating: 1322 &rarr; <strong>1302</strong><br />(-20 for losing)
|raw|ddrago2009's rating: 1324 &rarr; <strong>1344</strong><br />(+20 for winning)
|c|☆ddrago2009|Gg
|l|☆ddrago2009
|player|p2|
