|j|‽Mellodinni
|j|☆baller salsa
|t:|1779707327
|gametype|singles
|player|p1|Mellodinni|266|1415
|player|p2|baller salsa|ingo|1424
|gen|9
|tier|[Gen 9] OU
|rated|
|rule|HP Percentage Mod: HP is shown in percentages
|rule|Endless Battle Clause: Forcing endless battles is banned
|rule|Species Clause: Limit one of each Pokémon
|rule|OHKO Clause: OHKO moves are banned
|rule|Evasion Items Clause: Evasion items are banned
|rule|Evasion Moves Clause: Evasion moves are banned
|rule|Evasion Abilities Clause: Evasion abilities are banned
|rule|Sleep Moves Clause: Sleep-inducing moves are banned
|clearpoke
|poke|p1|Zamazenta-*|
|poke|p1|Kyurem|
|poke|p1|Great Tusk|
|poke|p1|Scizor, M|
|poke|p1|Slowking-Galar, M|
|poke|p1|Gholdengo|
|poke|p2|Glimmora, F|
|poke|p2|Ogerpon-Wellspring, F|
|poke|p2|Kingambit, M|
|poke|p2|Raging Bolt|
|poke|p2|Ceruledge, M|
|poke|p2|Iron Valiant|
|teampreview
|
|t:|1779707347
|teamsize|p1|6
|teamsize|p2|6
|start
|switch|p1a: Scizor|Scizor, M|100/100
|switch|p2a: Dilemma|Ogerpon-Wellspring, F|100/100
|turn|1
|
|t:|1779707352
|switch|p2a: Blade go brrrrrr|Ceruledge, M|100/100
|move|p1a: Scizor|U-turn|p2a: Blade go brrrrrr
|-resisted|p2a: Blade go brrrrrr
|-damage|p2a: Blade go brrrrrr|79/100
|-ability|p2a: Blade go brrrrrr|Weak Armor|boost
|-unboost|p2a: Blade go brrrrrr|def|1
|-boost|p2a: Blade go brrrrrr|spe|2
|
|t:|1779707374
|switch|p1a: Zamazenta|Zamazenta|100/100|[from] U-turn
|-ability|p1a: Zamazenta|Dauntless Shield|boost
|-boost|p1a: Zamazenta|def|1
|
|upkeep
|turn|2
|
|t:|1779707379
|switch|p2a: Starting|Glimmora, F|100/100
|move|p1a: Zamazenta|Crunch|p2a: Starting
|-damage|p2a: Starting|69/100
|-unboost|p2a: Starting|def|1
|-activate|p2a: Starting|ability: Toxic Debris
|-sidestart|p1: Mellodinni|move: Toxic Spikes
|
|upkeep
|turn|3
|
|t:|1779707383
|move|p1a: Zamazenta|Heavy Slam|p2a: Starting
|-supereffective|p2a: Starting
|-damage|p2a: Starting|0 fnt
|-activate|p2a: Starting|ability: Toxic Debris
|-sidestart|p1: Mellodinni|move: Toxic Spikes
|faint|p2a: Starting
|
|upkeep
|
|t:|1779707388
|switch|p2a: Schrödinger|Iron Valiant|100/100
|turn|4
|
|t:|1779707412
|-end|p2a: Schrödinger|Quark Drive|[silent]
|switch|p2a: Blade go brrrrrr|Ceruledge, M|79/100
|switch|p1a: Slowking|Slowking-Galar, M|100/100
|-sideend|p1: Mellodinni|move: Toxic Spikes|[of] p1a: Slowking
|
|upkeep
|turn|5
|
|t:|1779707419
|move|p2a: Blade go brrrrrr|Swords Dance|p2a: Blade go brrrrrr
|-boost|p2a: Blade go brrrrrr|atk|2
|-prepare|p1a: Slowking|Chilly Reception|[premajor]
|move|p1a: Slowking|Chilly Reception|p1a: Slowking
|-weather|Snowscape
|
|t:|1779707428
|switch|p1a: Kyurem|Kyurem|100/100|[from] Chilly Reception
|-ability|p1a: Kyurem|Pressure
|
|-weather|Snowscape|[upkeep]
|upkeep
|turn|6
|
|t:|1779707442
|move|p1a: Kyurem|Freeze-Dry|p2a: Blade go brrrrrr
|-resisted|p2a: Blade go brrrrrr
|-damage|p2a: Blade go brrrrrr|48/100
|move|p2a: Blade go brrrrrr|Bitter Blade|p1a: Kyurem
|-damage|p1a: Kyurem|41/100
|-heal|p2a: Blade go brrrrrr|88/100|[from] drain|[of] p1a: Kyurem
|
|-weather|Snowscape|[upkeep]
|upkeep
|turn|7
|
|t:|1779707448
|switch|p1a: Zamazenta|Zamazenta|100/100
|move|p2a: Blade go brrrrrr|Bitter Blade|p1a: Zamazenta
|-damage|p1a: Zamazenta|13/100
|-heal|p2a: Blade go brrrrrr|100/100|[from] drain|[of] p1a: Zamazenta
|
|-weather|Snowscape|[upkeep]
|upkeep
|turn|8
|-message|Mellodinni forfeited.
|
|win|baller salsa
|raw|Mellodinni's rating: 1415 &rarr; <strong>1396</strong><br />(-19 for losing)
|raw|baller salsa's rating: 1424 &rarr; <strong>1443</strong><br />(+19 for winning)
|l|‽Mellodinni
|player|p1|
