|j|☆ollyisnot2
|j|☆canolex
|t:|1779562957
|gametype|singles
|player|p1|ollyisnot2|266|1140
|player|p2|canolex|1|1077
|gen|9
|tier|[Gen 9] OU
|rated|
|rule|HP Percentage Mod: HP is shown in percentages
|rule|Endless Battle Clause: Forcing endless battles is banned
|rule|Species Clause: Limit one of each Pokémon
|rule|OHKO Clause: OHKO moves are banned
|rule|Evasion Items Clause: Evasion items are banned
|rule|Evasion Moves Clause: Evasion moves are banned
|rule|Evasion Abilities Clause: Evasion abilities are banned
|rule|Sleep Moves Clause: Sleep-inducing moves are banned
|clearpoke
|poke|p1|Jolteon, F|
|poke|p1|Ursaluna, M|
|poke|p1|Zapdos|
|poke|p1|Glimmora, M|
|poke|p1|Rillaboom, M|
|poke|p1|Darkrai|
|poke|p2|Serperior, M|
|poke|p2|Sudowoodo, L1, F|
|poke|p2|Deoxys-Defense|
|poke|p2|Trevenant, M|
|poke|p2|Ninetales-Alola, M|
|poke|p2|Malamar, M|
|teampreview
|
|t:|1779562980
|teamsize|p1|6
|teamsize|p2|6
|start
|switch|p1a: Darkrai|Darkrai|100/100
|switch|p2a: Sudowoodo|Sudowoodo, L1, F|100/100
|turn|1
|
|t:|1779562992
|switch|p1a: Ursaluna|Ursaluna, M|100/100
|move|p2a: Sudowoodo|Endeavor|p1a: Ursaluna
|-damage|p1a: Ursaluna|3/100
|
|-status|p1a: Ursaluna|brn|[from] item: Flame Orb
|upkeep
|turn|2
|
|t:|1779563054
|move|p2a: Sudowoodo|Sucker Punch|p1a: Ursaluna
|-damage|p1a: Ursaluna|3/100 brn
|move|p1a: Ursaluna|Headlong Rush|p2a: Sudowoodo
|-supereffective|p2a: Sudowoodo
|-ability|p2a: Sudowoodo|Sturdy
|-damage|p2a: Sudowoodo|9/100
|-unboost|p1a: Ursaluna|def|1
|-unboost|p1a: Ursaluna|spd|1
|
|-damage|p1a: Ursaluna|0 fnt|[from] brn
|faint|p1a: Ursaluna
|upkeep
|
|t:|1779563063
|switch|p1a: Rillaboom|Rillaboom, M|100/100
|-fieldstart|move: Grassy Terrain|[from] ability: Grassy Surge|[of] p1a: Rillaboom
|turn|3
|
|t:|1779563070
|move|p1a: Rillaboom|U-turn|p2a: Sudowoodo
|-damage|p2a: Sudowoodo|0 fnt
|faint|p2a: Sudowoodo
|
|t:|1779563084
|switch|p1a: Zapdos|Zapdos|100/100|[from] U-turn
|-ability|p1a: Zapdos|Pressure
|
|upkeep
|
|t:|1779563097
|switch|p2a: Ninetales|Ninetales-Alola, M|100/100
|-weather|Snowscape|[from] ability: Snow Warning|[of] p2a: Ninetales
|turn|4
|
|t:|1779563117
|move|p2a: Ninetales|Aurora Veil|p2a: Ninetales
|-sidestart|p2: canolex|move: Aurora Veil
|move|p1a: Zapdos|Volt Switch|p2a: Ninetales
|-damage|p2a: Ninetales|78/100
|
|t:|1779563125
|switch|p1a: Glimmora|Glimmora, M|100/100|[from] Volt Switch
|
|-weather|Snowscape|[upkeep]
|-heal|p2a: Ninetales|84/100|[from] Grassy Terrain
|upkeep
|turn|5
|inactive|Battle timer is ON: inactive players will automatically lose when time's up. (requested by ollyisnot2)
|
|t:|1779563183
|move|p2a: Ninetales|Blizzard|p1a: Glimmora
|-crit|p1a: Glimmora
|-damage|p1a: Glimmora|11/100
|move|p1a: Glimmora|Meteor Beam||[still]
|-prepare|p1a: Glimmora|Meteor Beam
|-boost|p1a: Glimmora|spa|1
|-enditem|p1a: Glimmora|Power Herb
|-anim|p1a: Glimmora|Meteor Beam|p2a: Ninetales
|-supereffective|p2a: Ninetales
|-damage|p2a: Ninetales|0 fnt
|faint|p2a: Ninetales
|
|-weather|Snowscape|[upkeep]
|-heal|p1a: Glimmora|17/100|[from] Grassy Terrain
|upkeep
|
|t:|1779563206
|switch|p2a: Deoxys|Deoxys-Defense|100/100
|-ability|p2a: Deoxys|Pressure
|turn|6
|
|t:|1779563218
|move|p1a: Glimmora|Mortal Spin|p2a: Deoxys
|-damage|p2a: Deoxys|98/100
|-status|p2a: Deoxys|psn
|move|p2a: Deoxys|Night Shade|p1a: Glimmora
|-damage|p1a: Glimmora|0 fnt
|faint|p1a: Glimmora
|
|-weather|Snowscape|[upkeep]
|-heal|p2a: Deoxys|100/100 psn|[from] Grassy Terrain
|-damage|p2a: Deoxys|88/100 psn|[from] psn
|upkeep
|
|t:|1779563228
|switch|p1a: Darkrai|Darkrai|100/100
|turn|7
|l|☆canolex
|inactive|canolex disconnected and has a minute to reconnect!
|player|p2|
|inactive|canolex has 30 seconds to reconnect!
|inactive|canolex has 20 seconds to reconnect!
|inactive|canolex has 15 seconds to reconnect!
|inactive|canolex has 10 seconds to reconnect!
|inactive|canolex has 5 seconds to reconnect!
|-message|canolex lost due to inactivity.
|
|win|ollyisnot2
|raw|ollyisnot2's rating: 1140 &rarr; <strong>1161</strong><br />(+21 for winning)
|raw|canolex's rating: 1077 &rarr; <strong>1059</strong><br />(-18 for losing)
