|j|‽acerrillo6970
|j|☆yoki
|t:|1779696687
|gametype|singles
|player|p1|acerrillo6970|2|1338
|player|p2|yoki|2|1439
|gen|9
|tier|[Gen 9] OU
|rated|
|rule|HP Percentage Mod: HP is shown in percentages
|rule|Endless Battle Clause: Forcing endless battles is banned
|rule|Species Clause: Limit one of each Pokémon
|rule|OHKO Clause: OHKO moves are banned
|rule|Evasion Items Clause: Evasion items are banned
|rule|Evasion Moves Clause: Evasion moves are banned
|rule|Evasion Abilities Clause: Evasion abilities are banned
|rule|Sleep Moves Clause: Sleep-inducing moves are banned
|clearpoke
|poke|p1|Flamigo, F|
|poke|p1|Tentacruel, M|
|poke|p1|Meowscarada, F|
|poke|p1|Comfey, M|
|poke|p1|Cramorant, F|
|poke|p1|Lokix, F|
|poke|p2|Slowking-Galar, F|
|poke|p2|Great Tusk|
|poke|p2|Kyurem|
|poke|p2|Darkrai|
|poke|p2|Samurott-Hisui, M|
|poke|p2|Zapdos|
|teampreview
|
|t:|1779696700
|teamsize|p1|6
|teamsize|p2|6
|start
|switch|p1a: Meowscarada|Meowscarada, F|100/100
|switch|p2a: Zapdos|Zapdos, shiny|100/100
|turn|1
|inactive|Battle timer is ON: inactive players will automatically lose when time's up. (requested by acerrillo6970)
|
|t:|1779696704
|move|p1a: Meowscarada|Knock Off|p2a: Zapdos
|-start|p1a: Meowscarada|typechange|Dark|[from] ability: Protean
|-damage|p2a: Zapdos|54/100
|-enditem|p2a: Zapdos|Heavy-Duty Boots|[from] move: Knock Off|[of] p1a: Meowscarada
|move|p2a: Zapdos|Hurricane|p1a: Meowscarada
|-damage|p1a: Meowscarada|26/100
|
|upkeep
|turn|2
|
|t:|1779696710
|move|p1a: Meowscarada|Knock Off|p2a: Zapdos
|-damage|p2a: Zapdos|21/100
|move|p2a: Zapdos|Volt Switch|p1a: Meowscarada
|-damage|p1a: Meowscarada|0 fnt
|faint|p1a: Meowscarada
|
|t:|1779696717
|switch|p2a: Kyurem|Kyurem|100/100|[from] Volt Switch
|-ability|p2a: Kyurem|Pressure
|
|upkeep
|
|t:|1779696724
|switch|p1a: Flamigo|Flamigo, F|100/100
|turn|3
|
|t:|1779696732
|switch|p2a: Slowking|Slowking-Galar, F|100/100
|move|p1a: Flamigo|Close Combat|p2a: Slowking
|-resisted|p2a: Slowking
|-damage|p2a: Slowking|88/100
|-unboost|p1a: Flamigo|def|1
|-unboost|p1a: Flamigo|spd|1
|
|upkeep
|turn|4
|
|t:|1779696737
|switch|p1a: Tentacruel|Tentacruel, M|100/100
|move|p2a: Slowking|Thunder Wave|p1a: Tentacruel
|-status|p1a: Tentacruel|par
|
|upkeep
|turn|5
|inactive|yoki has 120 seconds left.
|
|t:|1779696785
|switch|p1a: Cramorant|Cramorant, F|100/100
|move|p2a: Slowking|Future Sight|p1a: Cramorant
|-start|p2a: Slowking|move: Future Sight
|
|upkeep
|turn|6
|
|t:|1779696788
|move|p1a: Cramorant|Surf|p2a: Slowking
|-formechange|p1a: Cramorant|Cramorant-Gulping|
|-damage|p2a: Slowking|69/100
|move|p2a: Slowking|Thunder Wave|p1a: Cramorant
|-status|p1a: Cramorant|par
|
|upkeep
|turn|7
|inactive|yoki has 120 seconds left.
|
|t:|1779696800
|move|p1a: Cramorant|Surf|p2a: Slowking
|-damage|p2a: Slowking|52/100
|-prepare|p2a: Slowking|Chilly Reception|[premajor]
|move|p2a: Slowking|Chilly Reception|p2a: Slowking
|-weather|Snowscape
|
|t:|1779696803
|switch|p2a: Samurott|Samurott-Hisui, M|100/100|[from] Chilly Reception
|
|-weather|Snowscape|[upkeep]
|-end|p1a: Cramorant|move: Future Sight
|-damage|p1a: Cramorant|43/100 par
|-heal|p1a: Cramorant|49/100 par|[from] item: Leftovers
|upkeep
|turn|8
|
|t:|1779696807
|move|p2a: Samurott|Ceaseless Edge|p1a: Cramorant
|-damage|p1a: Cramorant|0 fnt
|-damage|p2a: Samurott|76/100|[from] ability: Gulp Missile|[of] p1a: Cramorant
|-unboost|p2a: Samurott|def|1
|-formechange|p1a: Cramorant|Cramorant|
|-sidestart|p1: acerrillo6970|Spikes
|faint|p1a: Cramorant
|
|-weather|Snowscape|[upkeep]
|upkeep
|
|t:|1779696817
|switch|p1a: Comfey|Comfey, M|100/100
|-damage|p1a: Comfey|88/100|[from] Spikes
|turn|9
|
|t:|1779696822
|switch|p2a: Slowking|Slowking-Galar, F|85/100
|move|p1a: Comfey|Calm Mind|p1a: Comfey
|-boost|p1a: Comfey|spa|1
|-boost|p1a: Comfey|spd|1
|
|-weather|Snowscape|[upkeep]
|upkeep
|turn|10
|
|t:|1779696827
|-terastallize|p1a: Comfey|Ground
|move|p1a: Comfey|Calm Mind|p1a: Comfey
|-boost|p1a: Comfey|spa|1
|-boost|p1a: Comfey|spd|1
|move|p2a: Slowking|Thunder Wave|p1a: Comfey
|-immune|p1a: Comfey
|
|-weather|Snowscape|[upkeep]
|upkeep
|turn|11
|
|t:|1779696850
|move|p1a: Comfey|Calm Mind|p1a: Comfey
|-boost|p1a: Comfey|spa|1
|-boost|p1a: Comfey|spd|1
|move|p2a: Slowking|Future Sight|p1a: Comfey
|-start|p2a: Slowking|move: Future Sight
|
|-weather|none
|upkeep
|turn|12
|
|t:|1779696856
|move|p1a: Comfey|Calm Mind|p1a: Comfey
|-boost|p1a: Comfey|spa|1
|-boost|p1a: Comfey|spd|1
|-prepare|p2a: Slowking|Chilly Reception|[premajor]
|move|p2a: Slowking|Chilly Reception|p2a: Slowking
|-weather|Snowscape
|
|t:|1779696862
|switch|p2a: Kyurem|Kyurem|100/100|[from] Chilly Reception
|-ability|p2a: Kyurem|Pressure
|
|-weather|Snowscape|[upkeep]
|upkeep
|turn|13
|
|t:|1779696871
|-terastallize|p2a: Kyurem|Ice
|move|p1a: Comfey|Draining Kiss|p2a: Kyurem
|-damage|p2a: Kyurem|25/100
|-heal|p1a: Comfey|100/100|[from] drain|[of] p2a: Kyurem
|move|p2a: Kyurem|Blizzard|p1a: Comfey
|-supereffective|p1a: Comfey
|-damage|p1a: Comfey|14/100
|
|-weather|Snowscape|[upkeep]
|-end|p1a: Comfey|move: Future Sight
|-damage|p1a: Comfey|0 fnt
|faint|p1a: Comfey
|upkeep
|
|t:|1779696879
|switch|p1a: Flamigo|Flamigo, F|100/100
|turn|14
|
|t:|1779696885
|move|p1a: Flamigo|U-turn|p2a: Kyurem
|-damage|p2a: Kyurem|10/100
|
|t:|1779696887
|switch|p1a: Tentacruel|Tentacruel, M|100/100 par|[from] U-turn
|-damage|p1a: Tentacruel|88/100 par|[from] Spikes
|move|p2a: Kyurem|Blizzard|p1a: Tentacruel
|-resisted|p1a: Tentacruel
|-damage|p1a: Tentacruel|38/100 par
|
|-weather|Snowscape|[upkeep]
|-heal|p1a: Tentacruel|44/100 par|[from] item: Black Sludge
|upkeep
|turn|15
|
|t:|1779696890
|move|p2a: Kyurem|Blizzard|p1a: Tentacruel
|-resisted|p1a: Tentacruel
|-damage|p1a: Tentacruel|0 fnt
|faint|p1a: Tentacruel
|
|-weather|Snowscape|[upkeep]
|upkeep
|
|t:|1779696893
|switch|p1a: Flamigo|Flamigo, F|100/100
|turn|16
|
|t:|1779696896
|switch|p2a: Zapdos|Zapdos, shiny|21/100
|move|p1a: Flamigo|Brave Bird|p2a: Zapdos
|-resisted|p2a: Zapdos
|-damage|p2a: Zapdos|1/100
|-damage|p1a: Flamigo|92/100|[from] Recoil
|
|-weather|none
|upkeep
|turn|17
|
|t:|1779696900
|move|p1a: Flamigo|Brave Bird|p2a: Zapdos
|-resisted|p2a: Zapdos
|-damage|p2a: Zapdos|0 fnt
|faint|p2a: Zapdos
|-damage|p1a: Flamigo|92/100|[from] Recoil
|
|upkeep
|
|t:|1779696904
|switch|p2a: Slowking|Slowking-Galar, F|100/100
|turn|18
|
|t:|1779696905
|move|p1a: Flamigo|Brave Bird|p2a: Slowking
|-damage|p2a: Slowking|48/100
|-damage|p1a: Flamigo|69/100|[from] Recoil
|move|p2a: Slowking|Thunder Wave|p1a: Flamigo
|-status|p1a: Flamigo|par
|
|upkeep
|turn|19
|
|t:|1779696910
|cant|p1a: Flamigo|par
|move|p2a: Slowking|Sludge Bomb|p1a: Flamigo
|-damage|p1a: Flamigo|15/100 par
|
|upkeep
|turn|20
|
|t:|1779696914
|move|p1a: Flamigo|Brave Bird|p2a: Slowking
|-damage|p2a: Slowking|0 fnt
|faint|p2a: Slowking
|-damage|p1a: Flamigo|0 fnt|[from] Recoil
|faint|p1a: Flamigo
|
|upkeep
|
|t:|1779696918
|switch|p1a: Lokix|Lokix, F|100/100
|switch|p2a: Darkrai|Darkrai|100/100
|-damage|p1a: Lokix|88/100|[from] Spikes
|turn|21
|
|t:|1779696920
|move|p1a: Lokix|First Impression|p2a: Darkrai
|-supereffective|p2a: Darkrai
|-damage|p2a: Darkrai|0 fnt
|faint|p2a: Darkrai
|-damage|p1a: Lokix|78/100|[from] item: Life Orb
|
|upkeep
|
|t:|1779696926
|switch|p2a: Great Tusk|Great Tusk|100/100
|turn|22
|
|t:|1779696930
|move|p2a: Great Tusk|Close Combat|p1a: Lokix
|-damage|p1a: Lokix|0 fnt
|-unboost|p2a: Great Tusk|def|1
|-unboost|p2a: Great Tusk|spd|1
|faint|p1a: Lokix
|
|win|yoki
|raw|acerrillo6970's rating: 1338 &rarr; <strong>1325</strong><br />(-13 for losing)
|raw|yoki's rating: 1462 &rarr; <strong>1475</strong><br />(+13 for winning)
|l|‽acerrillo6970
|player|p1|
|l|☆yoki
|player|p2|
