|j|☆fregene97
|j|☆R0cK Bottom
|t:|1779656529
|gametype|singles
|player|p1|fregene97|hiker-gen4|1401
|player|p2|R0cK Bottom|cliff|1409
|gen|9
|tier|[Gen 9] OU
|rated|
|rule|HP Percentage Mod: HP is shown in percentages
|rule|Endless Battle Clause: Forcing endless battles is banned
|rule|Species Clause: Limit one of each Pokémon
|rule|OHKO Clause: OHKO moves are banned
|rule|Evasion Items Clause: Evasion items are banned
|rule|Evasion Moves Clause: Evasion moves are banned
|rule|Evasion Abilities Clause: Evasion abilities are banned
|rule|Sleep Moves Clause: Sleep-inducing moves are banned
|clearpoke
|poke|p1|Meowscarada, F|
|poke|p1|Quaquaval, F|
|poke|p1|Dragonite, F|
|poke|p1|Iron Valiant|
|poke|p1|Iron Crown|
|poke|p1|Typhlosion-Hisui, F|
|poke|p2|Iron Valiant|
|poke|p2|Dragonite, M|
|poke|p2|Gholdengo|
|poke|p2|Darkrai|
|poke|p2|Excadrill, M|
|poke|p2|Ogerpon-Wellspring, F|
|teampreview
|inactive|Battle timer is ON: inactive players will automatically lose when time's up. (requested by fregene97)
|
|t:|1779656559
|teamsize|p1|6
|teamsize|p2|6
|start
|switch|p1a: Meowscarada|Meowscarada, F|100/100
|switch|p2a: Excadrill|Excadrill, M, shiny|100/100
|turn|1
|
|t:|1779656578
|move|p1a: Meowscarada|Fling|p2a: Excadrill
|-start|p1a: Meowscarada|typechange|Dark|[from] ability: Protean
|-damage|p2a: Excadrill|79/100
|-enditem|p1a: Meowscarada|Eject Button|[from] move: Fling
|move|p2a: Excadrill|Rapid Spin|p1a: Meowscarada
|-damage|p1a: Meowscarada|75/100
|-boost|p2a: Excadrill|spe|1
|
|upkeep
|turn|2
|
|t:|1779656588
|switch|p1a: Quaquaval|Quaquaval, F|100/100
|move|p2a: Excadrill|Stealth Rock|p1a: Quaquaval
|-sidestart|p1: fregene97|move: Stealth Rock
|
|upkeep
|turn|3
|
|t:|1779656594
|move|p2a: Excadrill|Earthquake|p1a: Quaquaval
|-damage|p1a: Quaquaval|32/100
|move|p1a: Quaquaval|Aqua Step|p2a: Excadrill
|-supereffective|p2a: Excadrill
|-damage|p2a: Excadrill|0 fnt
|-boost|p1a: Quaquaval|spe|1
|faint|p2a: Excadrill
|-ability|p1a: Quaquaval|Moxie|boost
|-boost|p1a: Quaquaval|atk|1
|
|upkeep
|
|t:|1779656604
|switch|p2a: Iron Valiant|Iron Valiant, shiny|100/100
|-enditem|p2a: Iron Valiant|Booster Energy
|-activate|p2a: Iron Valiant|ability: Quark Drive|[fromitem]
|-start|p2a: Iron Valiant|quarkdrivespe
|turn|4
|
|t:|1779656610
|move|p2a: Iron Valiant|Moonblast|p1a: Quaquaval
|-supereffective|p1a: Quaquaval
|-damage|p1a: Quaquaval|0 fnt
|faint|p1a: Quaquaval
|
|upkeep
|
|t:|1779656612
|switch|p1a: Typhlosion|Typhlosion-Hisui, F|100/100
|-damage|p1a: Typhlosion|76/100|[from] Stealth Rock
|turn|5
|
|t:|1779656624
|-terastallize|p1a: Typhlosion|Fire
|move|p2a: Iron Valiant|Knock Off|p1a: Typhlosion
|-damage|p1a: Typhlosion|30/100
|-enditem|p1a: Typhlosion|Flame Orb|[from] move: Knock Off|[of] p2a: Iron Valiant
|move|p1a: Typhlosion|Eruption|p2a: Iron Valiant
|-damage|p2a: Iron Valiant|20/100
|
|upkeep
|turn|6
|
|t:|1779656634
|move|p2a: Iron Valiant|Close Combat|p1a: Typhlosion
|-damage|p1a: Typhlosion|0 fnt
|-unboost|p2a: Iron Valiant|def|1
|-unboost|p2a: Iron Valiant|spd|1
|faint|p1a: Typhlosion
|
|upkeep
|
|t:|1779656647
|switch|p1a: Dragonite|Dragonite, F, shiny|100/100
|turn|7
|
|t:|1779656656
|move|p1a: Dragonite|Extreme Speed|p2a: Iron Valiant
|-damage|p2a: Iron Valiant|0 fnt
|faint|p2a: Iron Valiant
|-end|p2a: Iron Valiant|Quark Drive|[silent]
|
|upkeep
|
|t:|1779656661
|switch|p2a: Gholdengo|Gholdengo, shiny|100/100
|-item|p2a: Gholdengo|Air Balloon
|turn|8
|
|t:|1779656676
|move|p2a: Gholdengo|Dazzling Gleam|p1a: Dragonite
|-supereffective|p1a: Dragonite
|-damage|p1a: Dragonite|76/100
|move|p1a: Dragonite|Rain Dance|p1a: Dragonite
|-weather|RainDance
|
|-weather|RainDance|[upkeep]
|upkeep
|turn|9
|
|t:|1779656685
|move|p2a: Gholdengo|Dazzling Gleam|p1a: Dragonite
|-supereffective|p1a: Dragonite
|-damage|p1a: Dragonite|26/100
|move|p1a: Dragonite|Hurricane|p2a: Gholdengo
|-resisted|p2a: Gholdengo
|-damage|p2a: Gholdengo|69/100
|-enditem|p2a: Gholdengo|Air Balloon
|
|-weather|RainDance|[upkeep]
|upkeep
|turn|10
|
|t:|1779656707
|move|p2a: Gholdengo|Shadow Ball|p1a: Dragonite
|-damage|p1a: Dragonite|0 fnt
|faint|p1a: Dragonite
|
|-weather|RainDance|[upkeep]
|upkeep
|
|t:|1779656711
|switch|p1a: Meowscarada|Meowscarada, F|75/100
|-damage|p1a: Meowscarada|63/100|[from] Stealth Rock
|turn|11
|
|t:|1779656719
|switch|p2a: Dragonite|Dragonite, M, shiny|100/100
|move|p1a: Meowscarada|Knock Off|p2a: Dragonite
|-start|p1a: Meowscarada|typechange|Dark|[from] ability: Protean
|-damage|p2a: Dragonite|75/100
|-enditem|p2a: Dragonite|Heavy-Duty Boots|[from] move: Knock Off|[of] p1a: Meowscarada
|
|-weather|RainDance|[upkeep]
|upkeep
|turn|12
|
|t:|1779656738
|-terastallize|p2a: Dragonite|Normal
|move|p1a: Meowscarada|Acrobatics|p2a: Dragonite
|-damage|p2a: Dragonite|36/100
|move|p2a: Dragonite|Dragon Dance|p2a: Dragonite
|-boost|p2a: Dragonite|atk|1
|-boost|p2a: Dragonite|spe|1
|
|-weather|none
|upkeep
|turn|13
|
|t:|1779656748
|move|p2a: Dragonite|Extreme Speed|p1a: Meowscarada
|-damage|p1a: Meowscarada|0 fnt
|faint|p1a: Meowscarada
|
|upkeep
|
|t:|1779656752
|switch|p1a: Iron Crown|Iron Crown|100/100
|-damage|p1a: Iron Crown|94/100|[from] Stealth Rock
|turn|14
|
|t:|1779656757
|move|p2a: Dragonite|Earthquake|p1a: Iron Crown
|-supereffective|p1a: Iron Crown
|-damage|p1a: Iron Crown|0 fnt
|faint|p1a: Iron Crown
|-end|p1a: Iron Crown|Quark Drive|[silent]
|
|upkeep
|
|t:|1779656767
|switch|p1a: Clear Amulet|Iron Valiant|100/100
|-damage|p1a: Clear Amulet|94/100|[from] Stealth Rock
|-enditem|p1a: Clear Amulet|Booster Energy
|-activate|p1a: Clear Amulet|ability: Quark Drive|[fromitem]
|-start|p1a: Clear Amulet|quarkdrivespe
|turn|15
|
|t:|1779656774
|move|p2a: Dragonite|Extreme Speed|p1a: Clear Amulet
|-damage|p1a: Clear Amulet|10/100
|move|p1a: Clear Amulet|Aura Sphere|p2a: Dragonite
|-supereffective|p2a: Dragonite
|-damage|p2a: Dragonite|0 fnt
|faint|p2a: Dragonite
|
|upkeep
|
|t:|1779656783
|switch|p2a: Gholdengo|Gholdengo, shiny|69/100
|turn|16
|
|t:|1779656802
|move|p1a: Clear Amulet|Shadow Ball|p2a: Gholdengo
|-supereffective|p2a: Gholdengo
|-damage|p2a: Gholdengo|7/100
|move|p2a: Gholdengo|Make It Rain|p1a: Clear Amulet
|-supereffective|p1a: Clear Amulet
|-crit|p1a: Clear Amulet
|-damage|p1a: Clear Amulet|0 fnt
|-unboost|p2a: Gholdengo|spa|1
|faint|p1a: Clear Amulet
|-end|p1a: Clear Amulet|Quark Drive|[silent]
|
|win|R0cK Bottom
|raw|fregene97's rating: 1401 &rarr; <strong>1381</strong><br />(-20 for losing)
|raw|R0cK Bottom's rating: 1409 &rarr; <strong>1429</strong><br />(+20 for winning)
|l|☆fregene97
|player|p1|
