|j|☆SparkyBoomBoomBoiY
|j|☆catergroub
|t:|1779636758
|gametype|singles
|player|p1|SparkyBoomBoomBoiY|marlon|1077
|player|p2|catergroub|petrel|1110
|gen|9
|tier|[Gen 9] OU
|rated|
|rule|HP Percentage Mod: HP is shown in percentages
|rule|Endless Battle Clause: Forcing endless battles is banned
|rule|Species Clause: Limit one of each Pokémon
|rule|OHKO Clause: OHKO moves are banned
|rule|Evasion Items Clause: Evasion items are banned
|rule|Evasion Moves Clause: Evasion moves are banned
|rule|Evasion Abilities Clause: Evasion abilities are banned
|rule|Sleep Moves Clause: Sleep-inducing moves are banned
|clearpoke
|poke|p1|Tornadus-Therian, M|
|poke|p1|Tsareena, F|
|poke|p1|Cramorant, F|
|poke|p1|Cryogonal|
|poke|p1|Grafaiai, M|
|poke|p1|Dragapult, F|
|poke|p2|Iron Moth|
|poke|p2|Iron Valiant|
|poke|p2|Hatterene, F|
|poke|p2|Arcanine-Hisui, F|
|poke|p2|Lokix, F|
|poke|p2|Alomomola, M|
|teampreview
|inactive|Battle timer is ON: inactive players will automatically lose when time's up. (requested by catergroub)
|
|t:|1779636772
|teamsize|p1|6
|teamsize|p2|6
|start
|switch|p1a: Grafaiai|Grafaiai, M|100/100
|switch|p2a: Lokix|Lokix, F|100/100
|turn|1
|
|t:|1779636798
|switch|p2a: Alomomola|Alomomola, M|100/100
|move|p1a: Grafaiai|Protect||[still]
|-fail|p1a: Grafaiai
|
|upkeep
|turn|2
|
|t:|1779636805
|move|p1a: Grafaiai|Toxic|p2a: Alomomola
|-status|p2a: Alomomola|tox
|move|p2a: Alomomola|Flip Turn|p1a: Grafaiai
|-damage|p1a: Grafaiai|82/100
|
|t:|1779636811
|switch|p2a: Iron Valiant|Iron Valiant, shiny|100/100|[from] Flip Turn
|-enditem|p2a: Iron Valiant|Booster Energy
|-activate|p2a: Iron Valiant|ability: Quark Drive|[fromitem]
|-start|p2a: Iron Valiant|quarkdriveatk
|
|-heal|p1a: Grafaiai|88/100|[from] item: Black Sludge
|upkeep
|turn|3
|
|t:|1779636820
|move|p1a: Grafaiai|Toxic|p2a: Iron Valiant
|-status|p2a: Iron Valiant|tox
|move|p2a: Iron Valiant|Close Combat|p1a: Grafaiai
|-damage|p1a: Grafaiai|0 fnt
|-unboost|p2a: Iron Valiant|def|1
|-unboost|p2a: Iron Valiant|spd|1
|faint|p1a: Grafaiai
|
|-damage|p2a: Iron Valiant|94/100 tox|[from] psn
|upkeep
|inactive|SparkyBoomBoomBoiY has 120 seconds left.
|
|t:|1779636863
|switch|p1a: Guzzler|Cramorant, F|100/100
|turn|4
|
|t:|1779636869
|move|p2a: Iron Valiant|Spirit Break|p1a: Guzzler
|-damage|p1a: Guzzler|25/100
|-unboost|p1a: Guzzler|spa|1
|move|p1a: Guzzler|Surf|p2a: Iron Valiant
|-formechange|p1a: Guzzler|Cramorant-Gorging|
|-damage|p2a: Iron Valiant|45/100 tox
|
|-heal|p1a: Guzzler|31/100|[from] item: Leftovers
|-damage|p2a: Iron Valiant|33/100 tox|[from] psn
|upkeep
|turn|5
|inactive|SparkyBoomBoomBoiY has 120 seconds left.
|
|t:|1779636890
|move|p2a: Iron Valiant|Spirit Break|p1a: Guzzler
|-damage|p1a: Guzzler|0 fnt
|-damage|p2a: Iron Valiant|8/100 tox|[from] ability: Gulp Missile|[of] p1a: Guzzler
|-formechange|p1a: Guzzler|Cramorant|
|faint|p1a: Guzzler
|
|-damage|p2a: Iron Valiant|0 fnt|[from] psn
|faint|p2a: Iron Valiant
|-end|p2a: Iron Valiant|Quark Drive|[silent]
|upkeep
|
|t:|1779636908
|switch|p2a: Arcanine|Arcanine-Hisui, F|100/100
|switch|p1a: Tsareena|Tsareena, F|100/100
|turn|6
|
|t:|1779636918
|-terastallize|p1a: Tsareena|Fighting
|move|p2a: Arcanine|Flare Blitz|p1a: Tsareena
|-damage|p1a: Tsareena|30/100
|move|p1a: Tsareena|High Jump Kick|p2a: Arcanine
|-supereffective|p2a: Arcanine
|-damage|p2a: Arcanine|0 fnt
|faint|p2a: Arcanine
|
|upkeep
|
|t:|1779636936
|switch|p2a: Iron Moth|Iron Moth|100/100
|-enditem|p2a: Iron Moth|Booster Energy
|-activate|p2a: Iron Moth|ability: Quark Drive|[fromitem]
|-start|p2a: Iron Moth|quarkdrivespe
|turn|7
|
|t:|1779636943
|move|p2a: Iron Moth|Discharge|p1a: Tsareena
|-damage|p1a: Tsareena|0 fnt
|faint|p1a: Tsareena
|
|upkeep
|
|t:|1779636962
|switch|p1a: Dragapult|Dragapult, F|100/100
|turn|8
|c|☆SparkyBoomBoomBoiY|Im cooked
|c|☆catergroub|;)
|
|t:|1779636975
|-end|p2a: Iron Moth|Quark Drive|[silent]
|switch|p2a: Hatterene|Hatterene, F|100/100
|move|p1a: Dragapult|Psychic Fangs|p2a: Hatterene
|-resisted|p2a: Hatterene
|-damage|p2a: Hatterene|85/100
|
|upkeep
|turn|9
|
|t:|1779636984
|move|p1a: Dragapult|Phantom Force||[still]
|-prepare|p1a: Dragapult|Phantom Force
|move|p2a: Hatterene|Calm Mind|p2a: Hatterene
|-boost|p2a: Hatterene|spa|1
|-boost|p2a: Hatterene|spd|1
|
|upkeep
|turn|10
|
|t:|1779636990
|move|p1a: Dragapult|Phantom Force|p2a: Hatterene|[from] lockedmove
|-supereffective|p2a: Hatterene
|-damage|p2a: Hatterene|0 fnt
|faint|p2a: Hatterene
|
|upkeep
|
|t:|1779636996
|switch|p2a: Lokix|Lokix, F|100/100
|turn|11
|inactive|SparkyBoomBoomBoiY has 120 seconds left.
|
|t:|1779637009
|switch|p1a: In-the-back|Tornadus-Therian, M|100/100
|-terastallize|p2a: Lokix|Dark
|move|p2a: Lokix|Sucker Punch||[still]
|-fail|p2a: Lokix
|
|upkeep
|turn|12
|inactive|SparkyBoomBoomBoiY has 120 seconds left.
|
|t:|1779637023
|switch|p2a: Iron Moth|Iron Moth|100/100
|move|p1a: In-the-back|Bleakwind Storm|p2a: Iron Moth
|-damage|p2a: Iron Moth|40/100
|-damage|p1a: In-the-back|90/100|[from] item: Life Orb
|
|upkeep
|turn|13
|inactive|SparkyBoomBoomBoiY has 120 seconds left.
|
|t:|1779637044
|-end|p2a: Iron Moth|Quark Drive|[silent]
|switch|p2a: Alomomola|Alomomola, M|100/100 tox
|switch|p1a: Dragapult|Dragapult, F|100/100
|
|-damage|p2a: Alomomola|94/100 tox|[from] psn
|upkeep
|turn|14
|
|t:|1779637056
|move|p1a: Dragapult|Phantom Force||[still]
|-prepare|p1a: Dragapult|Phantom Force
|move|p2a: Alomomola|Wish|p2a: Alomomola
|
|-heal|p2a: Alomomola|100/100 tox|[from] item: Leftovers
|-damage|p2a: Alomomola|88/100 tox|[from] psn
|upkeep
|turn|15
|c|☆SparkyBoomBoomBoiY|Rock helmet
|c|☆SparkyBoomBoomBoiY|?
|
|t:|1779637071
|move|p1a: Dragapult|Phantom Force|p2a: Alomomola|[from] lockedmove
|-damage|p2a: Alomomola|66/100 tox
|move|p2a: Alomomola|Flip Turn|p1a: Dragapult
|-resisted|p1a: Dragapult
|-damage|p1a: Dragapult|89/100
|c|☆catergroub|nah bro dw
|
|t:|1779637082
|switch|p2a: Iron Moth|Iron Moth|40/100|[from] Flip Turn
|
|-heal|p2a: Iron Moth|100/100|[from] move: Wish|[wisher] Alomomola
|-heal|p1a: Dragapult|95/100|[from] item: Leftovers
|upkeep
|turn|16
|c|☆SparkyBoomBoomBoiY|Suprising
|
|t:|1779637096
|-end|p2a: Iron Moth|Quark Drive|[silent]
|switch|p2a: Alomomola|Alomomola, M|99/100 tox
|move|p1a: Dragapult|Psychic Fangs|p2a: Alomomola
|-damage|p2a: Alomomola|83/100 tox
|
|-heal|p1a: Dragapult|100/100|[from] item: Leftovers
|-heal|p2a: Alomomola|89/100 tox|[from] item: Leftovers
|-damage|p2a: Alomomola|83/100 tox|[from] psn
|upkeep
|turn|17
|
|t:|1779637107
|switch|p1a: In-the-back|Tornadus-Therian, M|100/100
|move|p2a: Alomomola|Flip Turn|p1a: In-the-back
|-damage|p1a: In-the-back|77/100
|
|t:|1779637116
|switch|p2a: Iron Moth|Iron Moth|100/100|[from] Flip Turn
|
|upkeep
|turn|18
|inactive|SparkyBoomBoomBoiY has 120 seconds left.
|
|t:|1779637124
|-end|p2a: Iron Moth|Quark Drive|[silent]
|switch|p2a: Alomomola|Alomomola, M|100/100 tox
|switch|p1a: Dragapult|Dragapult, F|100/100
|
|-damage|p2a: Alomomola|94/100 tox|[from] psn
|upkeep
|turn|19
|inactive|SparkyBoomBoomBoiY has 120 seconds left.
|
|t:|1779637137
|move|p1a: Dragapult|Dragon Darts|p2a: Alomomola
|-damage|p2a: Alomomola|82/100 tox
|-anim|p1a: Dragapult|Dragon Darts|p2a: Alomomola
|-damage|p2a: Alomomola|68/100 tox
|move|p2a: Alomomola|Flip Turn|p1a: Dragapult
|-resisted|p1a: Dragapult
|-damage|p1a: Dragapult|89/100
|-start|p2a: Alomomola|Disable|Flip Turn|[from] ability: Cursed Body|[of] p1a: Dragapult
|
|t:|1779637147
|switch|p2a: Lokix|Lokix, F, tera:Dark|100/100|[from] Flip Turn
|
|-heal|p1a: Dragapult|95/100|[from] item: Leftovers
|upkeep
|turn|20
|
|t:|1779637156
|switch|p1a: Cryogonal|Cryogonal, shiny|100/100
|move|p2a: Lokix|Sucker Punch||[still]
|-fail|p2a: Lokix
|
|upkeep
|turn|21
|
|t:|1779637168
|switch|p2a: Alomomola|Alomomola, M|100/100 tox
|move|p1a: Cryogonal|Rapid Spin|p2a: Alomomola
|-damage|p2a: Alomomola|97/100 tox
|-boost|p1a: Cryogonal|spe|1
|
|-heal|p2a: Alomomola|100/100 tox|[from] item: Leftovers
|-damage|p2a: Alomomola|94/100 tox|[from] psn
|upkeep
|turn|22
|
|t:|1779637178
|move|p1a: Cryogonal|Freeze-Dry|p2a: Alomomola
|-supereffective|p2a: Alomomola
|-damage|p2a: Alomomola|19/100 tox
|move|p2a: Alomomola|Flip Turn|p1a: Cryogonal
|-damage|p1a: Cryogonal|71/100
|
|t:|1779637184
|switch|p2a: Iron Moth|Iron Moth|100/100|[from] Flip Turn
|
|upkeep
|turn|23
|
|t:|1779637197
|switch|p1a: Dragapult|Dragapult, F|95/100
|move|p2a: Iron Moth|Fiery Dance|p1a: Dragapult
|-resisted|p1a: Dragapult
|-damage|p1a: Dragapult|69/100
|-boost|p2a: Iron Moth|spa|1
|-start|p2a: Iron Moth|Disable|Fiery Dance|[from] ability: Cursed Body|[of] p1a: Dragapult
|
|-heal|p1a: Dragapult|75/100|[from] item: Leftovers
|upkeep
|turn|24
|
|t:|1779637213
|-end|p2a: Iron Moth|Quark Drive|[silent]
|switch|p2a: Alomomola|Alomomola, M|52/100 tox
|move|p1a: Dragapult|Dragon Darts|p2a: Alomomola
|-damage|p2a: Alomomola|39/100 tox
|-anim|p1a: Dragapult|Dragon Darts|p2a: Alomomola
|-damage|p2a: Alomomola|27/100 tox
|
|-heal|p1a: Dragapult|81/100|[from] item: Leftovers
|-heal|p2a: Alomomola|33/100 tox|[from] item: Leftovers
|-damage|p2a: Alomomola|27/100 tox|[from] psn
|upkeep
|turn|25
|
|t:|1779637234
|move|p1a: Dragapult|Dragon Darts|p2a: Alomomola
|-damage|p2a: Alomomola|13/100 tox
|-anim|p1a: Dragapult|Dragon Darts|p2a: Alomomola
|-damage|p2a: Alomomola|0 fnt
|faint|p2a: Alomomola
|
|-heal|p1a: Dragapult|87/100|[from] item: Leftovers
|upkeep
|c|☆SparkyBoomBoomBoiY|Eip
|
|t:|1779637241
|switch|p2a: Lokix|Lokix, F, tera:Dark|100/100
|turn|26
|c|☆SparkyBoomBoomBoiY|Rip
|
|t:|1779637252
|switch|p1a: Cryogonal|Cryogonal, shiny|71/100
|move|p2a: Lokix|Knock Off|p1a: Cryogonal
|-damage|p1a: Cryogonal|0 fnt
|-enditem|p1a: Cryogonal|Heavy-Duty Boots|[from] move: Knock Off|[of] p2a: Lokix
|faint|p1a: Cryogonal
|
|upkeep
|c|☆catergroub|its still on
|
|t:|1779637261
|switch|p1a: In-the-back|Tornadus-Therian, M|100/100
|turn|27
|c|☆SparkyBoomBoomBoiY|Nah I meant just RiP to that mon
|inactive|SparkyBoomBoomBoiY has 120 seconds left.
|
|t:|1779637291
|move|p2a: Lokix|Sucker Punch|p1a: In-the-back
|-damage|p1a: In-the-back|47/100
|move|p1a: In-the-back|Bleakwind Storm|p2a: Lokix
|-damage|p2a: Lokix|0 fnt
|faint|p2a: Lokix
|-damage|p1a: In-the-back|37/100|[from] item: Life Orb
|
|upkeep
|c|☆catergroub|ye
|
|t:|1779637299
|switch|p2a: Iron Moth|Iron Moth|100/100
|turn|28
|inactive|SparkyBoomBoomBoiY has 120 seconds left.
|
|t:|1779637310
|move|p2a: Iron Moth|Fiery Dance|p1a: In-the-back
|-damage|p1a: In-the-back|0 fnt
|faint|p1a: In-the-back
|
|upkeep
|
|t:|1779637315
|switch|p1a: Dragapult|Dragapult, F|87/100
|turn|29
|inactive|SparkyBoomBoomBoiY has 120 seconds left.
|c|☆SparkyBoomBoomBoiY|Wait it isnt garuteed to boost?
|c|☆catergroub|no
|c|☆catergroub|50%
|
|t:|1779637341
|move|p1a: Dragapult|Psychic Fangs|p2a: Iron Moth
|-supereffective|p2a: Iron Moth
|-damage|p2a: Iron Moth|22/100
|move|p2a: Iron Moth|Fiery Dance|p1a: Dragapult
|-resisted|p1a: Dragapult
|-damage|p1a: Dragapult|63/100
|-boost|p2a: Iron Moth|spa|1
|
|-heal|p1a: Dragapult|69/100|[from] item: Leftovers
|upkeep
|turn|30
|c|☆SparkyBoomBoomBoiY|I see
|
|t:|1779637356
|move|p1a: Dragapult|Psychic Fangs|p2a: Iron Moth
|-supereffective|p2a: Iron Moth
|-damage|p2a: Iron Moth|0 fnt
|faint|p2a: Iron Moth
|-end|p2a: Iron Moth|Quark Drive|[silent]
|
|win|SparkyBoomBoomBoiY
|raw|SparkyBoomBoomBoiY's rating: 1077 &rarr; <strong>1108</strong><br />(+31 for winning)
|raw|catergroub's rating: 1110 &rarr; <strong>1083</strong><br />(-27 for losing)
|c|☆SparkyBoomBoomBoiY|Gga
|c|☆catergroub|geges
|l|☆catergroub
|player|p2|
