|j|☆stephen777
|j|☆pfnolunks3
|t:|1779707637
|gametype|singles
|player|p1|stephen777|steven|1192
|player|p2|pfnolunks3|swimmer|1197
|gen|9
|tier|[Gen 9] OU
|rated|
|rule|HP Percentage Mod: HP is shown in percentages
|rule|Endless Battle Clause: Forcing endless battles is banned
|rule|Species Clause: Limit one of each Pokémon
|rule|OHKO Clause: OHKO moves are banned
|rule|Evasion Items Clause: Evasion items are banned
|rule|Evasion Moves Clause: Evasion moves are banned
|rule|Evasion Abilities Clause: Evasion abilities are banned
|rule|Sleep Moves Clause: Sleep-inducing moves are banned
|clearpoke
|poke|p1|Lycanroc-Dusk, M|
|poke|p1|Gyarados, F|
|poke|p1|Salamence, F|
|poke|p1|Rotom-Wash|
|poke|p1|Maushold|
|poke|p1|Bisharp, F|
|poke|p2|Walking Wake|
|poke|p2|Zamazenta-*|
|poke|p2|Regieleki|
|poke|p2|Gholdengo|
|poke|p2|Kyurem|
|poke|p2|Weezing-Galar, F|
|teampreview
|
|t:|1779707650
|teamsize|p1|6
|teamsize|p2|6
|start
|switch|p1a: Princambit|Bisharp, F|100/100
|switch|p2a: Kyurem|Kyurem|100/100
|-ability|p2a: Kyurem|Pressure
|turn|1
|
|t:|1779707660
|move|p2a: Kyurem|Earth Power|p1a: Princambit
|-supereffective|p1a: Princambit
|-damage|p1a: Princambit|37/100
|move|p1a: Princambit|Swords Dance|p1a: Princambit
|-boost|p1a: Princambit|atk|2
|
|upkeep
|turn|2
|
|t:|1779707670
|-terastallize|p2a: Kyurem|Fairy
|move|p1a: Princambit|Sucker Punch|p2a: Kyurem
|-resisted|p2a: Kyurem
|-damage|p2a: Kyurem|67/100
|move|p2a: Kyurem|Earth Power|p1a: Princambit
|-supereffective|p1a: Princambit
|-damage|p1a: Princambit|0 fnt
|faint|p1a: Princambit
|
|upkeep
|
|t:|1779707701
|switch|p1a: Gangbangers|Maushold|100/100
|turn|3
|
|t:|1779707708
|move|p1a: Gangbangers|Population Bomb|p2a: Kyurem
|-damage|p2a: Kyurem|58/100
|-damage|p2a: Kyurem|50/100
|-damage|p2a: Kyurem|41/100
|-damage|p2a: Kyurem|32/100
|-damage|p2a: Kyurem|23/100
|-damage|p2a: Kyurem|13/100
|-crit|p2a: Kyurem
|-damage|p2a: Kyurem|0 fnt
|faint|p2a: Kyurem
|-hitcount|p2: Kyurem|7
|
|upkeep
|
|t:|1779707722
|switch|p2a: Gholdengo|Gholdengo|100/100
|turn|4
|
|t:|1779707736
|switch|p1a: Khal Drogo|Gyarados, F, shiny|100/100
|move|p2a: Gholdengo|Make It Rain|p1a: Khal Drogo
|-resisted|p1a: Khal Drogo
|-damage|p1a: Khal Drogo|46/100
|-unboost|p2a: Gholdengo|spa|1
|
|upkeep
|turn|5
|
|t:|1779707756
|switch|p2a: Walking Wake|Walking Wake|100/100
|-enditem|p2a: Walking Wake|Booster Energy
|-activate|p2a: Walking Wake|ability: Protosynthesis|[fromitem]
|-start|p2a: Walking Wake|protosynthesisspe
|move|p1a: Khal Drogo|Earthquake|p2a: Walking Wake
|-damage|p2a: Walking Wake|58/100
|
|upkeep
|turn|6
|
|t:|1779707769
|switch|p1a: Agent 17½|Rotom-Wash, shiny|100/100
|move|p2a: Walking Wake|Draco Meteor|p1a: Agent 17½
|-damage|p1a: Agent 17½|27/100
|-unboost|p2a: Walking Wake|spa|2
|
|-heal|p1a: Agent 17½|34/100|[from] item: Leftovers
|upkeep
|turn|7
|
|t:|1779707781
|move|p2a: Walking Wake|Draco Meteor|p1a: Agent 17½
|-damage|p1a: Agent 17½|1/100
|-unboost|p2a: Walking Wake|spa|2
|move|p1a: Agent 17½|Pain Split|p2a: Walking Wake
|-sethp|p2a: Walking Wake|29/100|[from] move: Pain Split|[silent]
|-sethp|p1a: Agent 17½|33/100|[from] move: Pain Split
|
|-heal|p1a: Agent 17½|39/100|[from] item: Leftovers
|upkeep
|turn|8
|
|t:|1779707793
|-end|p2a: Walking Wake|Protosynthesis|[silent]
|switch|p2a: Gholdengo|Gholdengo|100/100
|move|p1a: Agent 17½|Will-O-Wisp|p2a: Gholdengo
|-immune|p2a: Gholdengo|[from] ability: Good as Gold
|
|-heal|p1a: Agent 17½|45/100|[from] item: Leftovers
|upkeep
|turn|9
|
|t:|1779707806
|move|p1a: Agent 17½|Hydro Pump|p2a: Gholdengo
|-damage|p2a: Gholdengo|61/100
|move|p2a: Gholdengo|Thunderbolt|p1a: Agent 17½
|-damage|p1a: Agent 17½|0 fnt
|faint|p1a: Agent 17½
|
|upkeep
|
|t:|1779707818
|switch|p1a: Wolfey|Lycanroc-Dusk, M, shiny|100/100
|turn|10
|
|t:|1779707832
|switch|p2a: Zamazenta|Zamazenta|100/100
|-ability|p2a: Zamazenta|Dauntless Shield|boost
|-boost|p2a: Zamazenta|def|1
|move|p1a: Wolfey|Stealth Rock|p2a: Zamazenta
|-sidestart|p2: pfnolunks3|move: Stealth Rock
|
|upkeep
|turn|11
|inactive|Battle timer is ON: inactive players will automatically lose when time's up. (requested by stephen777)
|
|t:|1779707895
|switch|p1a: Khal Drogo|Gyarados, F, shiny|46/100
|move|p2a: Zamazenta|Heavy Slam|p1a: Khal Drogo
|-resisted|p1a: Khal Drogo
|-damage|p1a: Khal Drogo|39/100
|
|upkeep
|turn|12
|
|t:|1779707914
|move|p2a: Zamazenta|Wild Charge|p1a: Khal Drogo
|-supereffective|p1a: Khal Drogo
|-damage|p1a: Khal Drogo|0 fnt
|faint|p1a: Khal Drogo
|-damage|p2a: Zamazenta|90/100|[from] Recoil
|
|upkeep
|
|t:|1779707929
|switch|p1a: Gangbangers|Maushold|100/100
|turn|13
|
|t:|1779707934
|-terastallize|p1a: Gangbangers|Ghost
|move|p2a: Zamazenta|Close Combat|p1a: Gangbangers
|-immune|p1a: Gangbangers
|move|p1a: Gangbangers|Population Bomb|p2a: Zamazenta
|-damage|p2a: Zamazenta|83/100
|-damage|p2a: Zamazenta|76/100
|-damage|p2a: Zamazenta|70/100
|-damage|p2a: Zamazenta|63/100
|-damage|p2a: Zamazenta|57/100
|-crit|p2a: Zamazenta
|-damage|p2a: Zamazenta|41/100
|-damage|p2a: Zamazenta|34/100
|-damage|p2a: Zamazenta|27/100
|-damage|p2a: Zamazenta|19/100
|-damage|p2a: Zamazenta|13/100
|-hitcount|p2a: Zamazenta|10
|
|upkeep
|turn|14
|inactive|stephen777 has 120 seconds left.
|
|t:|1779707955
|move|p2a: Zamazenta|Heavy Slam|p1a: Gangbangers
|-damage|p1a: Gangbangers|34/100
|move|p1a: Gangbangers|Population Bomb|p2a: Zamazenta
|-damage|p2a: Zamazenta|6/100
|-damage|p2a: Zamazenta|0 fnt
|faint|p2a: Zamazenta
|-hitcount|p2: Zamazenta|2
|
|upkeep
|inactive|pfnolunks3 has 120 seconds left.
|
|t:|1779707991
|switch|p2a: Walking Wake|Walking Wake|29/100
|-damage|p2a: Walking Wake|17/100|[from] Stealth Rock
|turn|15
|
|t:|1779708000
|move|p1a: Gangbangers|Population Bomb|p2a: Walking Wake
|-damage|p2a: Walking Wake|6/100
|-damage|p2a: Walking Wake|0 fnt
|faint|p2a: Walking Wake
|-end|p2a: Walking Wake|Protosynthesis|[silent]
|-hitcount|p2: Walking Wake|2
|
|upkeep
|
|t:|1779708005
|switch|p2a: Gholdengo|Gholdengo|61/100
|-damage|p2a: Gholdengo|55/100|[from] Stealth Rock
|turn|16
|l|☆pfnolunks3
|inactive|pfnolunks3 disconnected and has a minute to reconnect!
|player|p2|
|j|☆pfnolunks3
|inactive|pfnolunks3 reconnected and has 105 seconds left.
|player|p2|pfnolunks3|swimmer|
|
|t:|1779708036
|switch|p1a: Notroaringmoon|Salamence, F|100/100
|move|p2a: Gholdengo|Shadow Ball|p1a: Notroaringmoon
|-damage|p1a: Notroaringmoon|12/100
|
|upkeep
|turn|17
|
|t:|1779708045
|move|p1a: Notroaringmoon|Earthquake|p2a: Gholdengo
|-supereffective|p2a: Gholdengo
|-damage|p2a: Gholdengo|0 fnt
|faint|p2a: Gholdengo
|-ability|p1a: Notroaringmoon|Moxie|boost
|-boost|p1a: Notroaringmoon|atk|1
|
|upkeep
|
|t:|1779708055
|switch|p2a: Regieleki|Regieleki|100/100
|-damage|p2a: Regieleki|88/100|[from] Stealth Rock
|turn|18
|
|t:|1779708072
|move|p2a: Regieleki|Volt Switch|p1a: Notroaringmoon
|-damage|p1a: Notroaringmoon|0 fnt
|faint|p1a: Notroaringmoon
|
|t:|1779708076
|switch|p2a: Weezing|Weezing-Galar, F|100/100|[from] Volt Switch
|-damage|p2a: Weezing|88/100|[from] Stealth Rock
|
|-heal|p2a: Weezing|94/100|[from] item: Leftovers
|upkeep
|
|t:|1779708087
|switch|p1a: Gangbangers|Maushold, tera:Ghost|34/100
|turn|19
|inactive|pfnolunks3 has 120 seconds left.
|
|t:|1779708092
|move|p1a: Gangbangers|Population Bomb|p2a: Weezing
|-damage|p2a: Weezing|87/100
|-damage|p2a: Weezing|80/100
|-damage|p2a: Weezing|73/100
|-damage|p2a: Weezing|66/100
|-damage|p2a: Weezing|58/100
|-damage|p2a: Weezing|51/100
|-damage|p2a: Weezing|44/100
|-crit|p2a: Weezing
|-damage|p2a: Weezing|34/100
|-damage|p2a: Weezing|27/100
|-damage|p2a: Weezing|20/100
|-hitcount|p2a: Weezing|10
|move|p2a: Weezing|Will-O-Wisp|p1a: Gangbangers|[miss]
|-miss|p2a: Weezing|p1a: Gangbangers
|
|-heal|p2a: Weezing|26/100|[from] item: Leftovers
|upkeep
|turn|20
|
|t:|1779708114
|move|p1a: Gangbangers|Population Bomb|p2a: Weezing
|-damage|p2a: Weezing|18/100
|-damage|p2a: Weezing|12/100
|-damage|p2a: Weezing|4/100
|-damage|p2a: Weezing|0 fnt
|faint|p2a: Weezing
|-hitcount|p2: Weezing|4
|
|upkeep
|
|t:|1779708117
|switch|p2a: Regieleki|Regieleki|88/100
|-damage|p2a: Regieleki|76/100|[from] Stealth Rock
|turn|21
|
|t:|1779708136
|move|p2a: Regieleki|Thunderbolt|p1a: Gangbangers
|-damage|p1a: Gangbangers|0 fnt
|faint|p1a: Gangbangers
|
|upkeep
|
|t:|1779708141
|switch|p1a: Wolfey|Lycanroc-Dusk, M, shiny|100/100
|turn|22
|
|t:|1779708145
|move|p2a: Regieleki|Thunderbolt|p1a: Wolfey
|-damage|p1a: Wolfey|15/100
|move|p1a: Wolfey|Endeavor|p2a: Regieleki
|-damage|p2a: Regieleki|14/100
|
|upkeep
|turn|23
|
|t:|1779708161
|move|p2a: Regieleki|Thunderbolt|p1a: Wolfey
|-damage|p1a: Wolfey|0 fnt
|faint|p1a: Wolfey
|
|win|pfnolunks3
|raw|stephen777's rating: 1192 &rarr; <strong>1167</strong><br />(-25 for losing)
|raw|pfnolunks3's rating: 1197 &rarr; <strong>1222</strong><br />(+25 for winning)
|l|☆pfnolunks3
|player|p2|
|l|☆stephen777
|player|p1|
