|j|☆olden_magroin
|j|☆gustydust
|t:|1779574787
|gametype|singles
|player|p1|olden_magroin|101|1174
|player|p2|gustydust|ethan|1193
|gen|9
|tier|[Gen 9] OU
|rated|
|rule|HP Percentage Mod: HP is shown in percentages
|rule|Endless Battle Clause: Forcing endless battles is banned
|rule|Species Clause: Limit one of each Pokémon
|rule|OHKO Clause: OHKO moves are banned
|rule|Evasion Items Clause: Evasion items are banned
|rule|Evasion Moves Clause: Evasion moves are banned
|rule|Evasion Abilities Clause: Evasion abilities are banned
|rule|Sleep Moves Clause: Sleep-inducing moves are banned
|clearpoke
|poke|p1|Kingambit, F|
|poke|p1|Ceruledge, M|
|poke|p1|Landorus-Therian, M|
|poke|p1|Clefable, F|
|poke|p1|Raging Bolt|
|poke|p1|Gliscor, M|
|poke|p2|Chansey, F|
|poke|p2|Blaziken, M|
|poke|p2|Zapdos|
|poke|p2|Dragapult, M|
|poke|p2|Primarina, M|
|poke|p2|Breloom, M|
|teampreview
|inactive|Battle timer is ON: inactive players will automatically lose when time's up. (requested by olden_magroin)
|
|t:|1779574792
|teamsize|p1|6
|teamsize|p2|6
|start
|switch|p1a: Landorus|Landorus-Therian, M|100/100
|switch|p2a: Chansey|Chansey, F|100/100
|-ability|p1a: Landorus|Intimidate|boost
|-unboost|p2a: Chansey|atk|1
|turn|1
|
|t:|1779574801
|move|p1a: Landorus|Earthquake|p2a: Chansey
|-damage|p2a: Chansey|66/100
|move|p2a: Chansey|Stealth Rock|p1a: Landorus
|-sidestart|p1: olden_magroin|move: Stealth Rock
|
|upkeep
|turn|2
|
|t:|1779574806
|move|p1a: Landorus|Stealth Rock|p2a: Chansey
|-sidestart|p2: gustydust|move: Stealth Rock
|move|p2a: Chansey|Soft-Boiled|p2a: Chansey
|-heal|p2a: Chansey|100/100
|
|upkeep
|turn|3
|
|t:|1779574814
|switch|p1a: Ceruledge|Ceruledge, M|100/100
|-damage|p1a: Ceruledge|76/100|[from] Stealth Rock
|move|p2a: Chansey|Seismic Toss|p1a: Ceruledge
|-immune|p1a: Ceruledge
|
|upkeep
|turn|4
|
|t:|1779574826
|switch|p2a: Zapdos|Zapdos|100/100
|move|p1a: Ceruledge|Flame Charge|p2a: Zapdos
|-damage|p2a: Zapdos|68/100
|-boost|p1a: Ceruledge|spe|1
|
|upkeep
|turn|5
|
|t:|1779574833
|move|p1a: Ceruledge|Bitter Blade|p2a: Zapdos
|-damage|p2a: Zapdos|13/100
|-heal|p1a: Ceruledge|100/100|[from] drain|[of] p2a: Zapdos
|move|p2a: Zapdos|Thunderbolt|p1a: Ceruledge
|-damage|p1a: Ceruledge|65/100
|
|upkeep
|turn|6
|
|t:|1779574840
|move|p1a: Ceruledge|Bitter Blade|p2a: Zapdos
|-damage|p2a: Zapdos|0 fnt
|-heal|p1a: Ceruledge|72/100|[from] drain|[of] p2a: Zapdos
|-status|p1a: Ceruledge|par|[from] ability: Static|[of] p2a: Zapdos
|faint|p2a: Zapdos
|
|upkeep
|
|t:|1779574857
|switch|p2a: Primarina|Primarina, M|100/100
|-damage|p2a: Primarina|88/100|[from] Stealth Rock
|turn|7
|
|t:|1779574873
|move|p1a: Ceruledge|Poltergeist|p2a: Primarina
|-activate|p2a: Primarina|move: Poltergeist|Leftovers
|-damage|p2a: Primarina|24/100
|move|p2a: Primarina|Moonblast|p1a: Ceruledge
|-resisted|p1a: Ceruledge
|-damage|p1a: Ceruledge|52/100 par
|
|-heal|p2a: Primarina|30/100|[from] item: Leftovers
|upkeep
|turn|8
|
|t:|1779574882
|cant|p1a: Ceruledge|par
|move|p2a: Primarina|Sparkling Aria|p1a: Ceruledge
|-supereffective|p1a: Ceruledge
|-damage|p1a: Ceruledge|0 fnt
|faint|p1a: Ceruledge
|
|-heal|p2a: Primarina|36/100|[from] item: Leftovers
|upkeep
|
|t:|1779574886
|switch|p1a: Raging Bolt|Raging Bolt|100/100
|-damage|p1a: Raging Bolt|88/100|[from] Stealth Rock
|turn|9
|
|t:|1779574893
|move|p1a: Raging Bolt|Volt Switch|p2a: Primarina
|-supereffective|p2a: Primarina
|-damage|p2a: Primarina|0 fnt
|faint|p2a: Primarina
|
|t:|1779574901
|-end|p1a: Raging Bolt|Protosynthesis|[silent]
|switch|p1a: Kingambit|Kingambit, F|100/100|[from] Volt Switch
|-damage|p1a: Kingambit|94/100|[from] Stealth Rock
|-activate|p1a: Kingambit|ability: Supreme Overlord
|-start|p1a: Kingambit|fallen1|[silent]
|
|upkeep
|
|t:|1779574908
|switch|p2a: Blaziken|Blaziken, M, shiny|100/100
|-damage|p2a: Blaziken|88/100|[from] Stealth Rock
|turn|10
|
|t:|1779574913
|move|p2a: Blaziken|Detect|p2a: Blaziken
|-singleturn|p2a: Blaziken|Protect
|move|p1a: Kingambit|Zen Headbutt|p2a: Blaziken
|-activate|p2a: Blaziken|move: Protect
|
|-ability|p2a: Blaziken|Speed Boost|boost
|-boost|p2a: Blaziken|spe|1
|upkeep
|turn|11
|
|t:|1779574921
|-end|p1a: Kingambit|fallen1|[silent]
|switch|p1a: Clefable|Clefable, F|100/100
|-damage|p1a: Clefable|88/100|[from] Stealth Rock
|move|p2a: Blaziken|Close Combat|p1a: Clefable
|-resisted|p1a: Clefable
|-damage|p1a: Clefable|50/100
|-unboost|p2a: Blaziken|def|1
|-unboost|p2a: Blaziken|spd|1
|-damage|p2a: Blaziken|72/100|[from] item: Rocky Helmet|[of] p1a: Clefable
|
|-ability|p2a: Blaziken|Speed Boost|boost
|-boost|p2a: Blaziken|spe|1
|upkeep
|turn|12
|
|t:|1779574932
|move|p2a: Blaziken|Poison Jab|p1a: Clefable
|-supereffective|p1a: Clefable
|-damage|p1a: Clefable|0 fnt
|-damage|p2a: Blaziken|55/100|[from] item: Rocky Helmet|[of] p1a: Clefable
|faint|p1a: Clefable
|
|-ability|p2a: Blaziken|Speed Boost|boost
|-boost|p2a: Blaziken|spe|1
|upkeep
|inactive|olden_magroin has 120 seconds left.
|
|t:|1779574980
|switch|p1a: Raging Bolt|Raging Bolt|88/100
|-damage|p1a: Raging Bolt|76/100|[from] Stealth Rock
|turn|13
|
|t:|1779574992
|move|p1a: Raging Bolt|Thunderclap|p2a: Blaziken
|-damage|p2a: Blaziken|0 fnt
|faint|p2a: Blaziken
|
|upkeep
|
|t:|1779574999
|switch|p2a: Chansey|Chansey, F|100/100
|-damage|p2a: Chansey|88/100|[from] Stealth Rock
|turn|14
|inactive|olden_magroin has 120 seconds left.
|inactive|olden_magroin has 90 seconds left.
|
|t:|1779575053
|-end|p1a: Raging Bolt|Protosynthesis|[silent]
|switch|p1a: Gliscor|Gliscor, M|100/100
|-damage|p1a: Gliscor|88/100|[from] Stealth Rock
|move|p2a: Chansey|Seismic Toss|p1a: Gliscor
|-damage|p1a: Gliscor|60/100
|
|-status|p1a: Gliscor|tox|[from] item: Toxic Orb
|upkeep
|turn|15
|
|t:|1779575061
|move|p1a: Gliscor|Toxic|p2a: Chansey
|-status|p2a: Chansey|tox
|move|p2a: Chansey|Seismic Toss|p1a: Gliscor
|-damage|p1a: Gliscor|32/100 tox
|
|-heal|p1a: Gliscor|44/100 tox|[from] ability: Poison Heal
|-damage|p2a: Chansey|82/100 tox|[from] psn
|upkeep
|turn|16
|
|t:|1779575071
|move|p1a: Gliscor|Protect|p1a: Gliscor
|-singleturn|p1a: Gliscor|Protect
|move|p2a: Chansey|Seismic Toss|p1a: Gliscor
|-activate|p1a: Gliscor|move: Protect
|
|-heal|p1a: Gliscor|56/100 tox|[from] ability: Poison Heal
|-damage|p2a: Chansey|70/100 tox|[from] psn
|upkeep
|turn|17
|inactive|olden_magroin has 90 seconds left.
|
|t:|1779575096
|move|p1a: Gliscor|Crabhammer|p2a: Chansey
|-damage|p2a: Chansey|56/100 tox
|move|p2a: Chansey|Seismic Toss|p1a: Gliscor
|-damage|p1a: Gliscor|28/100 tox
|
|-heal|p1a: Gliscor|41/100 tox|[from] ability: Poison Heal
|-damage|p2a: Chansey|37/100 tox|[from] psn
|upkeep
|turn|18
|
|t:|1779575106
|-curestatus|p2a: Chansey|tox|[from] ability: Natural Cure|[silent]
|switch|p2a: Dragapult|Dragapult, M|100/100
|-damage|p2a: Dragapult|88/100|[from] Stealth Rock
|move|p1a: Gliscor|Swords Dance|p1a: Gliscor
|-boost|p1a: Gliscor|atk|2
|
|-heal|p1a: Gliscor|53/100 tox|[from] ability: Poison Heal
|upkeep
|turn|19
|
|t:|1779575116
|-terastallize|p2a: Dragapult|Dragon
|move|p1a: Gliscor|Protect|p1a: Gliscor
|-singleturn|p1a: Gliscor|Protect
|move|p2a: Dragapult|Dragon Darts|p1a: Gliscor
|-activate|p1a: Gliscor|move: Protect
|
|-heal|p1a: Gliscor|65/100 tox|[from] ability: Poison Heal
|upkeep
|turn|20
|
|t:|1779575131
|move|p2a: Dragapult|Dragon Darts|p1a: Gliscor
|-damage|p1a: Gliscor|36/100 tox
|-anim|p2a: Dragapult|Dragon Darts|p1a: Gliscor
|-damage|p1a: Gliscor|6/100 tox
|-damage|p2a: Dragapult|78/100|[from] item: Life Orb
|move|p1a: Gliscor|Toxic|p2a: Dragapult
|-status|p2a: Dragapult|tox
|
|-damage|p2a: Dragapult|72/100 tox|[from] psn
|-heal|p1a: Gliscor|18/100 tox|[from] ability: Poison Heal
|upkeep
|turn|21
|
|t:|1779575145
|move|p1a: Gliscor|Protect|p1a: Gliscor
|-singleturn|p1a: Gliscor|Protect
|move|p2a: Dragapult|Dragon Dance|p2a: Dragapult
|-boost|p2a: Dragapult|atk|1
|-boost|p2a: Dragapult|spe|1
|
|-damage|p2a: Dragapult|60/100 tox|[from] psn
|-heal|p1a: Gliscor|31/100 tox|[from] ability: Poison Heal
|upkeep
|turn|22
|
|t:|1779575153
|move|p2a: Dragapult|Dragon Darts|p1a: Gliscor
|-damage|p1a: Gliscor|0 fnt
|faint|p1a: Gliscor
|-damage|p2a: Dragapult|51/100 tox|[from] item: Life Orb
|
|-damage|p2a: Dragapult|33/100 tox|[from] psn
|upkeep
|
|t:|1779575156
|switch|p1a: Raging Bolt|Raging Bolt|76/100
|-damage|p1a: Raging Bolt|63/100|[from] Stealth Rock
|turn|23
|inactive|olden_magroin has 120 seconds left.
|
|t:|1779575171
|switch|p2a: Chansey|Chansey, F|37/100
|-damage|p2a: Chansey|25/100|[from] Stealth Rock
|-terastallize|p1a: Raging Bolt|Steel
|move|p1a: Raging Bolt|Heavy Slam|p2a: Chansey
|-damage|p2a: Chansey|6/100
|
|upkeep
|turn|24
|
|t:|1779575179
|move|p1a: Raging Bolt|Heavy Slam|p2a: Chansey
|-damage|p2a: Chansey|0 fnt
|faint|p2a: Chansey
|
|upkeep
|
|t:|1779575184
|switch|p2a: Dragapult|Dragapult, M, tera:Dragon|33/100 tox
|-damage|p2a: Dragapult|20/100 tox|[from] Stealth Rock
|turn|25
|
|t:|1779575208
|move|p2a: Dragapult|Phantom Force||[still]
|-prepare|p2a: Dragapult|Phantom Force
|move|p1a: Raging Bolt|Heavy Slam|p2a: Dragapult|[miss]
|-miss|p1a: Raging Bolt|p2a: Dragapult
|
|-damage|p2a: Dragapult|14/100 tox|[from] psn
|upkeep
|turn|26
|inactive|olden_magroin has 120 seconds left.
|inactive|olden_magroin has 90 seconds left.
|
|t:|1779575264
|move|p2a: Dragapult|Phantom Force|p1a: Raging Bolt|[from] lockedmove
|-damage|p1a: Raging Bolt|8/100
|-damage|p2a: Dragapult|5/100 tox|[from] item: Life Orb
|move|p1a: Raging Bolt|Heavy Slam|p2a: Dragapult
|-damage|p2a: Dragapult|0 fnt
|faint|p2a: Dragapult
|
|upkeep
|
|t:|1779575276
|switch|p2a: Breloom|Breloom, M|100/100
|-damage|p2a: Breloom|94/100|[from] Stealth Rock
|turn|27
|inactive|olden_magroin has 90 seconds left.
|
|t:|1779575283
|move|p2a: Breloom|Mach Punch|p1a: Raging Bolt
|-supereffective|p1a: Raging Bolt
|-damage|p1a: Raging Bolt|0 fnt
|faint|p1a: Raging Bolt
|-end|p1a: Raging Bolt|Protosynthesis|[silent]
|
|upkeep
|
|t:|1779575286
|switch|p1a: Kingambit|Kingambit, F|94/100
|-damage|p1a: Kingambit|88/100|[from] Stealth Rock
|-activate|p1a: Kingambit|ability: Supreme Overlord
|-start|p1a: Kingambit|fallen4|[silent]
|turn|28
|
|t:|1779575291
|move|p2a: Breloom|Drain Punch|p1a: Kingambit
|-supereffective|p1a: Kingambit
|-damage|p1a: Kingambit|0 fnt
|-heal|p2a: Breloom|100/100|[from] drain|[of] p1a: Kingambit
|faint|p1a: Kingambit
|-end|p1a: Kingambit|fallen4|[silent]
|
|upkeep
|
|t:|1779575294
|switch|p1a: Landorus|Landorus-Therian, M|100/100
|-damage|p1a: Landorus|88/100|[from] Stealth Rock
|-ability|p1a: Landorus|Intimidate|boost
|-unboost|p2a: Breloom|atk|1
|turn|29
|
|t:|1779575303
|move|p1a: Landorus|Earthquake|p2a: Breloom
|-resisted|p2a: Breloom
|-damage|p2a: Breloom|68/100
|move|p2a: Breloom|Seed Bomb|p1a: Landorus
|-damage|p1a: Landorus|55/100
|
|upkeep
|turn|30
|
|t:|1779575310
|move|p1a: Landorus|U-turn|p2a: Breloom
|-damage|p2a: Breloom|34/100
|move|p2a: Breloom|Seed Bomb|p1a: Landorus
|-damage|p1a: Landorus|20/100
|
|upkeep
|turn|31
|inactive|olden_magroin has 120 seconds left.
|
|t:|1779575329
|move|p1a: Landorus|U-turn|p2a: Breloom
|-damage|p2a: Breloom|2/100
|-status|p1a: Landorus|slp|[from] ability: Effect Spore|[of] p2a: Breloom
|move|p2a: Breloom|Seed Bomb|p1a: Landorus
|-damage|p1a: Landorus|0 fnt
|faint|p1a: Landorus
|
|win|gustydust
|raw|olden_magroin's rating: 1174 &rarr; <strong>1150</strong><br />(-24 for losing)
|raw|gustydust's rating: 1193 &rarr; <strong>1217</strong><br />(+24 for winning)
|c|☆gustydust|gg
