|j|☆Doloris114
|j|☆ianbenkenobi
|t:|1779713981
|gametype|singles
|player|p1|Doloris114|1|1155
|player|p2|ianbenkenobi|chuck|1168
|gen|9
|tier|[Gen 9] OU
|rated|
|rule|HP Percentage Mod: HP is shown in percentages
|rule|Endless Battle Clause: Forcing endless battles is banned
|rule|Species Clause: Limit one of each Pokémon
|rule|OHKO Clause: OHKO moves are banned
|rule|Evasion Items Clause: Evasion items are banned
|rule|Evasion Moves Clause: Evasion moves are banned
|rule|Evasion Abilities Clause: Evasion abilities are banned
|rule|Sleep Moves Clause: Sleep-inducing moves are banned
|clearpoke
|poke|p1|Pelipper, F|
|poke|p1|Basculegion, M|
|poke|p1|Zapdos|
|poke|p1|Greninja-*, M|
|poke|p1|Glimmora, F|
|poke|p1|Serperior, F|
|poke|p2|Lapras, F|
|poke|p2|Weezing-Galar, M|
|poke|p2|Hawlucha, F|
|poke|p2|Darkrai|
|poke|p2|Latios, M|
|poke|p2|Blissey, F|
|teampreview
|inactive|Battle timer is ON: inactive players will automatically lose when time's up. (requested by ianbenkenobi)
|
|t:|1779714009
|teamsize|p1|6
|teamsize|p2|6
|start
|switch|p1a: Glimmora|Glimmora, F|100/100
|switch|p2a: Latios|Latios, M|100/100
|turn|1
|
|t:|1779714022
|move|p1a: Glimmora|Power Gem|p2a: Latios
|-damage|p2a: Latios|58/100
|move|p2a: Latios|Psychic|p1a: Glimmora
|-supereffective|p1a: Glimmora
|-enditem|p1a: Glimmora|Focus Sash
|-damage|p1a: Glimmora|1/100
|-unboost|p1a: Glimmora|spd|1
|
|-heal|p2a: Latios|65/100|[from] item: Leftovers
|upkeep
|turn|2
|
|t:|1779714034
|move|p1a: Glimmora|Sludge Bomb|p2a: Latios
|-damage|p2a: Latios|12/100
|move|p2a: Latios|Psychic|p1a: Glimmora
|-supereffective|p1a: Glimmora
|-damage|p1a: Glimmora|0 fnt
|faint|p1a: Glimmora
|
|-heal|p2a: Latios|18/100|[from] item: Leftovers
|upkeep
|
|t:|1779714053
|switch|p1a: Basculegion|Basculegion, M, shiny|100/100
|turn|3
|
|t:|1779714059
|-terastallize|p1a: Basculegion|Water
|move|p1a: Basculegion|Aqua Jet|p2a: Latios
|-resisted|p2a: Latios
|-damage|p2a: Latios|0 fnt
|faint|p2a: Latios
|
|upkeep
|
|t:|1779714062
|switch|p2a: Lydia|Lapras, F|100/100
|turn|4
|
|t:|1779714070
|switch|p1a: Serperior|Serperior, F, shiny|100/100
|move|p2a: Lydia|Freeze-Dry|p1a: Serperior
|-supereffective|p1a: Serperior
|-damage|p1a: Serperior|44/100
|
|-heal|p1a: Serperior|50/100|[from] item: Leftovers
|upkeep
|turn|5
|
|t:|1779714088
|move|p1a: Serperior|Synthesis|p1a: Serperior
|-heal|p1a: Serperior|99/100
|move|p2a: Lydia|Freeze-Dry|p1a: Serperior
|-supereffective|p1a: Serperior
|-damage|p1a: Serperior|43/100
|
|-heal|p1a: Serperior|50/100|[from] item: Leftovers
|upkeep
|turn|6
|
|t:|1779714102
|move|p1a: Serperior|Light Screen|p1a: Serperior
|-sidestart|p1: Doloris114|move: Light Screen
|move|p2a: Lydia|Freeze-Dry|p1a: Serperior
|-supereffective|p1a: Serperior
|-damage|p1a: Serperior|19/100
|
|-heal|p1a: Serperior|26/100|[from] item: Leftovers
|upkeep
|turn|7
|
|t:|1779714110
|move|p1a: Serperior|Synthesis|p1a: Serperior
|-heal|p1a: Serperior|76/100
|move|p2a: Lydia|Freeze-Dry|p1a: Serperior
|-supereffective|p1a: Serperior
|-damage|p1a: Serperior|45/100
|
|-heal|p1a: Serperior|51/100|[from] item: Leftovers
|upkeep
|turn|8
|
|t:|1779714119
|move|p1a: Serperior|Synthesis|p1a: Serperior
|-heal|p1a: Serperior|100/100
|move|p2a: Lydia|Freeze-Dry|p1a: Serperior
|-supereffective|p1a: Serperior
|-damage|p1a: Serperior|72/100
|-status|p1a: Serperior|frz
|
|-heal|p1a: Serperior|79/100 frz|[from] item: Leftovers
|upkeep
|turn|9
|
|t:|1779714129
|cant|p1a: Serperior|frz
|move|p2a: Lydia|Freeze-Dry|p1a: Serperior
|-supereffective|p1a: Serperior
|-damage|p1a: Serperior|48/100 frz
|
|-heal|p1a: Serperior|54/100 frz|[from] item: Leftovers
|upkeep
|turn|10
|
|t:|1779714138
|cant|p1a: Serperior|frz
|move|p2a: Lydia|Freeze-Dry|p1a: Serperior
|-supereffective|p1a: Serperior
|-damage|p1a: Serperior|21/100 frz
|
|-heal|p1a: Serperior|27/100 frz|[from] item: Leftovers
|-sideend|p1: Doloris114|move: Light Screen
|upkeep
|turn|11
|
|t:|1779714148
|-curestatus|p1a: Serperior|frz|[msg]
|move|p1a: Serperior|Leaf Storm|p2a: Lydia
|-supereffective|p2a: Lydia
|-damage|p2a: Lydia|49/100
|-boost|p1a: Serperior|spa|2
|move|p2a: Lydia|Freeze-Dry|p1a: Serperior
|-supereffective|p1a: Serperior
|-damage|p1a: Serperior|0 fnt
|faint|p1a: Serperior
|
|-heal|p2a: Lydia|55/100|[from] item: Leftovers
|upkeep
|
|t:|1779714163
|switch|p1a: Greninja|Greninja, M|100/100
|turn|12
|
|t:|1779714167
|move|p1a: Greninja|Dark Pulse|p2a: Lydia
|-damage|p2a: Lydia|21/100
|-damage|p1a: Greninja|91/100|[from] item: Life Orb
|move|p2a: Lydia|Freeze-Dry|p1a: Greninja
|-supereffective|p1a: Greninja
|-damage|p1a: Greninja|0 fnt
|faint|p1a: Greninja
|
|-heal|p2a: Lydia|28/100|[from] item: Leftovers
|upkeep
|-message|Doloris114 forfeited.
|
|win|ianbenkenobi
|raw|Doloris114's rating: 1155 &rarr; <strong>1131</strong><br />(-24 for losing)
|raw|ianbenkenobi's rating: 1168 &rarr; <strong>1192</strong><br />(+24 for winning)
|l|☆Doloris114
|player|p1|
|l|☆ianbenkenobi
|player|p2|
