|j|☆fulls
|j|☆HiYawn
|inactive|Battle timer is ON: inactive players will automatically lose when time's up.
|t:|1779598881
|gametype|singles
|player|p1|fulls|sabi|
|player|p2|HiYawn|paxton|
|gen|9
|tier|[Gen 9] OU
|rated|Tournament battle
|rule|HP Percentage Mod: HP is shown in percentages
|rule|Endless Battle Clause: Forcing endless battles is banned
|rule|Species Clause: Limit one of each Pokémon
|rule|OHKO Clause: OHKO moves are banned
|rule|Evasion Items Clause: Evasion items are banned
|rule|Evasion Moves Clause: Evasion moves are banned
|rule|Evasion Abilities Clause: Evasion abilities are banned
|rule|Sleep Moves Clause: Sleep-inducing moves are banned
|clearpoke
|poke|p1|Ogerpon, F|
|poke|p1|Zamazenta-*|
|poke|p1|Pecharunt|
|poke|p1|Dragonite, F|
|poke|p1|Deoxys-Speed|
|poke|p1|Iron Treads|
|poke|p2|Zamazenta-*|
|poke|p2|Iron Hands|
|poke|p2|Ceruledge, F|
|poke|p2|Iron Valiant|
|poke|p2|Deoxys-Speed|
|poke|p2|Glimmora, F|
|teampreview
|inactive|fulls also wants the timer to be on.
|inactive|HiYawn also wants the timer to be on.
|c|☆HiYawn|glhf
|c|☆fulls|u2
|c|☆HiYawn|nice team
|inactive|fulls has 120 seconds left.
|
|t:|1779598915
|teamsize|p1|6
|teamsize|p2|6
|start
|switch|p1a: DID U GO DOWN?|Ogerpon, F|100/100
|switch|p2a: Glimmora|Glimmora, F|100/100
|turn|1
|j| Finkachu
|l| Finkachu
|j| dms902
|j| Joltinjoe18
|j| Finkachu
|j|%Tb0lt
|l|%Tb0lt
|
|t:|1779598945
|move|p1a: DID U GO DOWN?|Ivy Cudgel|p2a: Glimmora
|-damage|p2a: Glimmora|47/100
|-activate|p2a: Glimmora|ability: Toxic Debris
|-sidestart|p1: fulls|move: Toxic Spikes
|-enditem|p2a: Glimmora|Red Card|[of] p1a: DID U GO DOWN?
|drag|p1a: I'LL BE THERE|Deoxys-Speed|100/100
|-status|p1a: I'LL BE THERE|psn
|-ability|p1a: I'LL BE THERE|Pressure
|move|p2a: Glimmora|Stealth Rock|p1a: I'LL BE THERE
|-sidestart|p1: fulls|move: Stealth Rock
|
|-damage|p1a: I'LL BE THERE|88/100 psn|[from] psn
|upkeep
|turn|2
|
|t:|1779598959
|move|p1a: I'LL BE THERE|Psycho Boost|p2a: Glimmora|[miss]
|-miss|p1a: I'LL BE THERE|p2a: Glimmora
|move|p2a: Glimmora|Spikes|p1a: I'LL BE THERE
|-sidestart|p1: fulls|Spikes
|
|-damage|p1a: I'LL BE THERE|76/100 psn|[from] psn
|upkeep
|turn|3
|j| ANGEL ENGINE
|inactive|HiYawn has 120 seconds left.
|
|t:|1779598981
|move|p1a: I'LL BE THERE|Psycho Boost|p2a: Glimmora
|-supereffective|p2a: Glimmora
|-damage|p2a: Glimmora|0 fnt
|-unboost|p1a: I'LL BE THERE|spa|2
|faint|p2a: Glimmora
|-damage|p1a: I'LL BE THERE|66/100 psn|[from] item: Life Orb
|
|-damage|p1a: I'LL BE THERE|53/100 psn|[from] psn
|upkeep
|inactive|HiYawn has 120 seconds left.
|
|t:|1779599012
|switch|p2a: Deoxys|Deoxys-Speed|100/100
|-ability|p2a: Deoxys|Pressure
|turn|4
|
|t:|1779599021
|switch|p1a: BUTDIDYOULOVEME?|Iron Treads|100/100
|-damage|p1a: BUTDIDYOULOVEME?|97/100|[from] Stealth Rock
|-damage|p1a: BUTDIDYOULOVEME?|85/100|[from] Spikes
|-enditem|p1a: BUTDIDYOULOVEME?|Booster Energy
|-activate|p1a: BUTDIDYOULOVEME?|ability: Quark Drive|[fromitem]
|-start|p1a: BUTDIDYOULOVEME?|quarkdrivespe
|move|p2a: Deoxys|Reflect|p2a: Deoxys
|-sidestart|p2: HiYawn|Reflect
|
|upkeep
|turn|5
|j| sdyuv23
|
|t:|1779599045
|move|p2a: Deoxys|Taunt|p1a: BUTDIDYOULOVEME?
|-start|p1a: BUTDIDYOULOVEME?|move: Taunt
|cant|p1a: BUTDIDYOULOVEME?|move: Taunt|Stealth Rock
|
|upkeep
|turn|6
|l| sdyuv23
|inactive|HiYawn has 120 seconds left.
|j| sdyuv23
|
|t:|1779599053
|move|p2a: Deoxys|Light Screen|p2a: Deoxys
|-sidestart|p2: HiYawn|move: Light Screen
|move|p1a: BUTDIDYOULOVEME?|Rapid Spin|p2a: Deoxys
|-damage|p2a: Deoxys|93/100
|-boost|p1a: BUTDIDYOULOVEME?|spe|1
|-sideend|p1: fulls|Spikes|[from] move: Rapid Spin|[of] p1a: BUTDIDYOULOVEME?
|-sideend|p1: fulls|Toxic Spikes|[from] move: Rapid Spin|[of] p1a: BUTDIDYOULOVEME?
|-sideend|p1: fulls|Stealth Rock|[from] move: Rapid Spin|[of] p1a: BUTDIDYOULOVEME?
|
|upkeep
|turn|7
|
|t:|1779599057
|move|p1a: BUTDIDYOULOVEME?|Earth Power|p2a: Deoxys
|-crit|p2a: Deoxys
|-damage|p2a: Deoxys|26/100
|move|p2a: Deoxys|Teleport|p2a: Deoxys
|l| dms902
|
|t:|1779599066
|switch|p2a: Zamazenta|Zamazenta|100/100|[from] Teleport
|-ability|p2a: Zamazenta|Dauntless Shield|boost
|-boost|p2a: Zamazenta|def|1
|
|-end|p1a: BUTDIDYOULOVEME?|move: Taunt
|upkeep
|turn|8
|
|t:|1779599071
|-end|p1a: BUTDIDYOULOVEME?|Quark Drive|[silent]
|switch|p1a: MILK & HONEY|Pecharunt|100/100
|move|p2a: Zamazenta|Body Press|p1a: MILK & HONEY
|-immune|p1a: MILK & HONEY
|
|upkeep
|turn|9
|
|t:|1779599074
|move|p2a: Zamazenta|Heavy Slam|p1a: MILK & HONEY
|-damage|p1a: MILK & HONEY|83/100
|-damage|p2a: Zamazenta|84/100|[from] item: Rocky Helmet|[of] p1a: MILK & HONEY
|move|p1a: MILK & HONEY|Toxic|p2a: Zamazenta
|-status|p2a: Zamazenta|tox
|-start|p2a: Zamazenta|confusion|[from] ability: Poison Puppeteer|[of] p1a: MILK & HONEY
|
|-heal|p2a: Zamazenta|90/100 tox|[from] item: Leftovers
|-damage|p2a: Zamazenta|84/100 tox|[from] psn
|upkeep
|turn|10
|
|t:|1779599079
|move|p1a: MILK & HONEY|Toxic|p2a: Zamazenta
|-fail|p2a: Zamazenta|tox
|-activate|p2a: Zamazenta|confusion
|move|p2a: Zamazenta|Roar|p1a: MILK & HONEY
|drag|p1a: I'LL BE THERE|Deoxys-Speed|53/100 psn
|-ability|p1a: I'LL BE THERE|Pressure
|
|-heal|p2a: Zamazenta|90/100 tox|[from] item: Leftovers
|-damage|p1a: I'LL BE THERE|41/100 psn|[from] psn
|-damage|p2a: Zamazenta|78/100 tox|[from] psn
|upkeep
|turn|11
|
|t:|1779599084
|move|p1a: I'LL BE THERE|Psycho Boost|p2a: Zamazenta
|-supereffective|p2a: Zamazenta
|-damage|p2a: Zamazenta|0 fnt
|-unboost|p1a: I'LL BE THERE|spa|2
|faint|p2a: Zamazenta
|-damage|p1a: I'LL BE THERE|31/100 psn|[from] item: Life Orb
|
|-damage|p1a: I'LL BE THERE|18/100 psn|[from] psn
|-sideend|p2: HiYawn|Reflect
|upkeep
|
|t:|1779599088
|switch|p2a: Ceruledge|Ceruledge, F|100/100
|turn|12
|
|t:|1779599093
|move|p1a: I'LL BE THERE|Pain Split|p2a: Ceruledge
|-sethp|p2a: Ceruledge|58/100|[from] move: Pain Split|[silent]
|-sethp|p1a: I'LL BE THERE|70/100 psn|[from] move: Pain Split
|move|p2a: Ceruledge|Swords Dance|p2a: Ceruledge
|-boost|p2a: Ceruledge|atk|2
|
|-damage|p1a: I'LL BE THERE|57/100 psn|[from] psn
|upkeep
|turn|13
|
|t:|1779599107
|move|p2a: Ceruledge|Shadow Sneak|p1a: I'LL BE THERE
|-supereffective|p1a: I'LL BE THERE
|-damage|p1a: I'LL BE THERE|0 fnt
|faint|p1a: I'LL BE THERE
|-damage|p2a: Ceruledge|48/100|[from] item: Life Orb
|
|-sideend|p2: HiYawn|move: Light Screen
|upkeep
|
|t:|1779599115
|switch|p1a: DON'T RELY ON MEN|Dragonite, F|100/100
|turn|14
|
|t:|1779599120
|move|p2a: Ceruledge|Bitter Blade|p1a: DON'T RELY ON MEN
|-resisted|p1a: DON'T RELY ON MEN
|-damage|p1a: DON'T RELY ON MEN|63/100
|-heal|p2a: Ceruledge|69/100|[from] drain|[of] p1a: DON'T RELY ON MEN
|-damage|p2a: Ceruledge|59/100|[from] item: Life Orb
|move|p1a: DON'T RELY ON MEN|Earthquake|p2a: Ceruledge
|-supereffective|p2a: Ceruledge
|-damage|p2a: Ceruledge|0 fnt
|faint|p2a: Ceruledge
|
|upkeep
|
|t:|1779599129
|switch|p2a: Iron Hands|Iron Hands|100/100
|-enditem|p2a: Iron Hands|Booster Energy
|-activate|p2a: Iron Hands|ability: Quark Drive|[fromitem]
|-start|p2a: Iron Hands|quarkdriveatk
|turn|15
|
|t:|1779599139
|switch|p1a: MILK & HONEY|Pecharunt|83/100
|move|p2a: Iron Hands|Ice Punch|p1a: MILK & HONEY
|-damage|p1a: MILK & HONEY|60/100
|-damage|p2a: Iron Hands|84/100|[from] item: Rocky Helmet|[of] p1a: MILK & HONEY
|
|upkeep
|turn|16
|
|t:|1779599144
|move|p1a: MILK & HONEY|Shadow Ball|p2a: Iron Hands
|-damage|p2a: Iron Hands|59/100
|move|p2a: Iron Hands|Supercell Slam|p1a: MILK & HONEY
|-damage|p1a: MILK & HONEY|11/100
|-damage|p2a: Iron Hands|42/100|[from] item: Rocky Helmet|[of] p1a: MILK & HONEY
|
|upkeep
|turn|17
|
|t:|1779599153
|move|p1a: MILK & HONEY|Toxic|p2a: Iron Hands
|-status|p2a: Iron Hands|tox
|-start|p2a: Iron Hands|confusion|[from] ability: Poison Puppeteer|[of] p1a: MILK & HONEY
|-activate|p2a: Iron Hands|confusion
|-damage|p2a: Iron Hands|30/100 tox|[from] confusion
|
|-damage|p2a: Iron Hands|24/100 tox|[from] psn
|upkeep
|turn|18
|
|t:|1779599159
|move|p1a: MILK & HONEY|Recover|p1a: MILK & HONEY
|-heal|p1a: MILK & HONEY|61/100
|-activate|p2a: Iron Hands|confusion
|move|p2a: Iron Hands|Supercell Slam|p1a: MILK & HONEY
|-damage|p1a: MILK & HONEY|13/100
|-damage|p2a: Iron Hands|7/100 tox|[from] item: Rocky Helmet|[of] p1a: MILK & HONEY
|
|-damage|p2a: Iron Hands|0 fnt|[from] psn
|faint|p2a: Iron Hands
|-end|p2a: Iron Hands|Quark Drive|[silent]
|upkeep
|c| ANGEL ENGINE|fulls you better say sorry for that
|
|t:|1779599164
|switch|p2a: Iron Valiant|Iron Valiant|100/100
|-enditem|p2a: Iron Valiant|Booster Energy
|-activate|p2a: Iron Valiant|ability: Quark Drive|[fromitem]
|-start|p2a: Iron Valiant|quarkdrivespe
|turn|19
|l| sdyuv23
|c|☆HiYawn|lol
|
|t:|1779599172
|move|p2a: Iron Valiant|Thunderbolt|p1a: MILK & HONEY
|-damage|p1a: MILK & HONEY|0 fnt
|faint|p1a: MILK & HONEY
|
|upkeep
|
|t:|1779599181
|switch|p1a: BUTDIDYOULOVEME?|Iron Treads|85/100
|turn|20
|
|t:|1779599186
|-terastallize|p1a: BUTDIDYOULOVEME?|Ghost
|move|p2a: Iron Valiant|Calm Mind|p2a: Iron Valiant
|-boost|p2a: Iron Valiant|spa|1
|-boost|p2a: Iron Valiant|spd|1
|move|p1a: BUTDIDYOULOVEME?|Steel Beam|p2a: Iron Valiant
|-supereffective|p2a: Iron Valiant
|-damage|p2a: Iron Valiant|0 fnt
|-damage|p1a: BUTDIDYOULOVEME?|35/100|[from] steelbeam
|faint|p2a: Iron Valiant
|-end|p2a: Iron Valiant|Quark Drive|[silent]
|
|upkeep
|c|☆fulls|gg
|c|☆HiYawn|huh?
|c|☆HiYawn|gg
|
|t:|1779599204
|switch|p2a: Deoxys|Deoxys-Speed|26/100
|-ability|p2a: Deoxys|Pressure
|turn|21
|c|☆fulls|wdym huh
|c|☆HiYawn|lol
|c|☆HiYawn|never seen that
|c| ANGEL ENGINE|what does a deos with no attacking move do
|
|t:|1779599220
|move|p2a: Deoxys|Reflect|p2a: Deoxys
|-sidestart|p2: HiYawn|Reflect
|move|p1a: BUTDIDYOULOVEME?|Earth Power|p2a: Deoxys
|-damage|p2a: Deoxys|0 fnt
|faint|p2a: Deoxys
|
|win|fulls
|n|☆fulls|fulls
|n|☆HiYawn|hiyawn
|n| Joltinjoe18|joltinjoe18
|n| Finkachu|finkachu
|n| ANGEL ENGINE|angelengine
|l|☆fulls
|player|p1|
|c|☆HiYawn|gg
|l| ANGEL ENGINE
|l|☆HiYawn
|player|p2|
