|j|☆hillbilly z
|j|☆bfrhnnlfhroh
|t:|1779658362
|gametype|singles
|player|p1|hillbilly z|1|1480
|player|p2|bfrhnnlfhroh|170|1508
|gen|9
|tier|[Gen 9] OU
|rated|
|rule|HP Percentage Mod: HP is shown in percentages
|rule|Endless Battle Clause: Forcing endless battles is banned
|rule|Species Clause: Limit one of each Pokémon
|rule|OHKO Clause: OHKO moves are banned
|rule|Evasion Items Clause: Evasion items are banned
|rule|Evasion Moves Clause: Evasion moves are banned
|rule|Evasion Abilities Clause: Evasion abilities are banned
|rule|Sleep Moves Clause: Sleep-inducing moves are banned
|clearpoke
|poke|p1|Torkoal, F|
|poke|p1|Scovillain, M|
|poke|p1|Walking Wake|
|poke|p1|Hatterene, F|
|poke|p1|Great Tusk|
|poke|p1|Ceruledge, M|
|poke|p2|Walking Wake|
|poke|p2|Great Tusk|
|poke|p2|Ninetales, M|
|poke|p2|Cinderace, M|
|poke|p2|Raging Bolt|
|poke|p2|Meowscarada, F|
|teampreview
|
|t:|1779658379
|teamsize|p1|6
|teamsize|p2|6
|start
|switch|p1a: Torkoal|Torkoal, F|100/100
|switch|p2a: Raging Bolt|Raging Bolt|100/100
|-weather|SunnyDay|[from] ability: Drought|[of] p1a: Torkoal
|-activate|p2a: Raging Bolt|ability: Protosynthesis
|-start|p2a: Raging Bolt|protosynthesisspa
|turn|1
|inactive|Battle timer is ON: inactive players will automatically lose when time's up. (requested by bfrhnnlfhroh)
|
|t:|1779658399
|switch|p1a: Hatterene|Hatterene, F|100/100
|move|p2a: Raging Bolt|Draco Meteor|p1a: Hatterene
|-immune|p1a: Hatterene
|
|-weather|SunnyDay|[upkeep]
|upkeep
|turn|2
|
|t:|1779658406
|-terastallize|p2a: Raging Bolt|Fairy
|move|p2a: Raging Bolt|Thunderbolt|p1a: Hatterene
|-damage|p1a: Hatterene|39/100
|-status|p1a: Hatterene|par
|-enditem|p1a: Hatterene|Eject Button
|
|t:|1779658414
|switch|p1a: Scovillain|Scovillain, M|100/100
|
|-weather|SunnyDay|[upkeep]
|upkeep
|turn|3
|
|t:|1779658421
|move|p1a: Scovillain|Overheat|p2a: Raging Bolt
|-damage|p2a: Raging Bolt|13/100
|-unboost|p1a: Scovillain|spa|2
|-damage|p1a: Scovillain|91/100|[from] item: Life Orb
|move|p2a: Raging Bolt|Draco Meteor|p1a: Scovillain
|-damage|p1a: Scovillain|0 fnt
|-unboost|p2a: Raging Bolt|spa|2
|faint|p1a: Scovillain
|
|-weather|SunnyDay|[upkeep]
|-heal|p2a: Raging Bolt|19/100|[from] item: Leftovers
|upkeep
|
|t:|1779658424
|switch|p1a: Ceruledge|Ceruledge, M|100/100
|turn|4
|
|t:|1779658438
|move|p1a: Ceruledge|Swords Dance|p1a: Ceruledge
|-boost|p1a: Ceruledge|atk|2
|move|p2a: Raging Bolt|Thunderbolt|p1a: Ceruledge
|-damage|p1a: Ceruledge|63/100
|
|-weather|SunnyDay|[upkeep]
|-heal|p2a: Raging Bolt|25/100|[from] item: Leftovers
|upkeep
|turn|5
|
|t:|1779658465
|move|p1a: Ceruledge|Shadow Sneak|p2a: Raging Bolt
|-crit|p2a: Raging Bolt
|-damage|p2a: Raging Bolt|0 fnt
|faint|p2a: Raging Bolt
|-end|p2a: Raging Bolt|Protosynthesis|[silent]
|
|-weather|SunnyDay|[upkeep]
|upkeep
|
|t:|1779658471
|switch|p2a: fast strong|Walking Wake|100/100
|-activate|p2a: fast strong|ability: Protosynthesis
|-start|p2a: fast strong|protosynthesisspe
|turn|6
|
|t:|1779658481
|-terastallize|p1a: Ceruledge|Grass
|move|p2a: fast strong|Hydro Steam|p1a: Ceruledge
|-resisted|p1a: Ceruledge
|-damage|p1a: Ceruledge|11/100
|move|p1a: Ceruledge|Solar Blade||[still]
|-prepare|p1a: Ceruledge|Solar Blade
|-anim|p1a: Ceruledge|Solar Blade|p2a: fast strong
|-damage|p2a: fast strong|0 fnt
|faint|p2a: fast strong
|-end|p2a: fast strong|Protosynthesis|[silent]
|
|-weather|SunnyDay|[upkeep]
|upkeep
|
|t:|1779658496
|switch|p2a: fast|Great Tusk|100/100
|-activate|p2a: fast|ability: Protosynthesis
|-start|p2a: fast|protosynthesisspe
|turn|7
|
|t:|1779658509
|move|p1a: Ceruledge|Shadow Sneak|p2a: fast
|-damage|p2a: fast|75/100
|-damage|p1a: Ceruledge|0 fnt|[from] item: Rocky Helmet|[of] p2a: fast
|faint|p1a: Ceruledge
|move|p2a: fast|Ice Spinner|p1: Ceruledge|[notarget]
|-fail|p2a: fast
|
|-weather|SunnyDay|[upkeep]
|upkeep
|
|t:|1779658516
|switch|p1a: Don|Great Tusk|100/100
|-activate|p1a: Don|ability: Protosynthesis
|-start|p1a: Don|protosynthesisatk
|turn|8
|
|t:|1779658534
|move|p2a: fast|Ice Spinner|p1a: Don
|-supereffective|p1a: Don
|-damage|p1a: Don|67/100
|-damage|p2a: fast|58/100|[from] item: Rocky Helmet|[of] p1a: Don
|move|p1a: Don|Rapid Spin|p2a: fast
|-damage|p2a: fast|44/100
|-boost|p1a: Don|spe|1
|-damage|p1a: Don|50/100|[from] item: Rocky Helmet|[of] p2a: fast
|
|-weather|none
|-end|p2a: fast|Protosynthesis
|-end|p1a: Don|Protosynthesis
|upkeep
|turn|9
|
|t:|1779658549
|move|p1a: Don|Headlong Rush|p2a: fast
|-damage|p2a: fast|4/100
|-unboost|p1a: Don|def|1
|-unboost|p1a: Don|spd|1
|-damage|p1a: Don|34/100|[from] item: Rocky Helmet|[of] p2a: fast
|move|p2a: fast|Stealth Rock|p1a: Don
|-sidestart|p1: hillbilly z|move: Stealth Rock
|
|upkeep
|turn|10
|
|t:|1779658560
|move|p1a: Don|Rapid Spin|p2a: fast
|-damage|p2a: fast|0 fnt
|-boost|p1a: Don|spe|1
|-damage|p1a: Don|17/100|[from] item: Rocky Helmet|[of] p2a: fast
|-sideend|p1: hillbilly z|Stealth Rock|[from] move: Rapid Spin|[of] p1a: Don
|faint|p2a: fast
|-end|p2a: fast|Protosynthesis|[silent]
|
|upkeep
|inactive|bfrhnnlfhroh has 120 seconds left.
|
|t:|1779658575
|switch|p2a: Cinderace|Cinderace, M|100/100
|turn|11
|
|t:|1779658579
|move|p2a: Cinderace|Sucker Punch|p1a: Don
|-start|p2a: Cinderace|typechange|Dark|[from] ability: Libero
|-resisted|p1a: Don
|-damage|p1a: Don|0 fnt
|-damage|p2a: Cinderace|84/100|[from] item: Rocky Helmet|[of] p1a: Don
|faint|p1a: Don
|-end|p1a: Don|Protosynthesis|[silent]
|
|upkeep
|
|t:|1779658583
|switch|p1a: Torkoal|Torkoal, F|100/100
|-weather|SunnyDay|[from] ability: Drought|[of] p1a: Torkoal
|turn|12
|
|t:|1779658592
|switch|p2a: good|Ninetales, M|100/100
|move|p1a: Torkoal|Flamethrower|p2a: good
|-resisted|p2a: good
|-damage|p2a: good|73/100
|
|-weather|SunnyDay|[upkeep]
|upkeep
|turn|13
|
|t:|1779658599
|switch|p1a: Hatterene|Hatterene, F|39/100 par
|move|p2a: good|Weather Ball|p1a: Hatterene
|-damage|p1a: Hatterene|0 fnt
|faint|p1a: Hatterene
|
|-weather|SunnyDay|[upkeep]
|upkeep
|
|t:|1779658603
|switch|p1a: Walking Wake|Walking Wake|100/100
|-activate|p1a: Walking Wake|ability: Protosynthesis
|-start|p1a: Walking Wake|protosynthesisspa
|turn|14
|
|t:|1779658613
|move|p2a: good|Healing Wish|p2a: good
|faint|p2a: good
|move|p1a: Walking Wake|Dragon Pulse|p2: good|[notarget]
|-fail|p1a: Walking Wake
|
|-weather|SunnyDay|[upkeep]
|upkeep
|
|t:|1779658626
|switch|p2a: Cinderace|Cinderace, M|84/100
|-heal|p2a: Cinderace|100/100|[from] move: Healing Wish
|turn|15
|
|t:|1779658644
|move|p2a: Cinderace|U-turn|p1a: Walking Wake
|-start|p2a: Cinderace|typechange|Bug|[from] ability: Libero
|-damage|p1a: Walking Wake|41/100
|
|t:|1779658648
|switch|p2a: Meowscarada|Meowscarada, F|100/100|[from] U-turn
|move|p1a: Walking Wake|Dragon Pulse|p2a: Meowscarada
|-damage|p2a: Meowscarada|0 fnt
|faint|p2a: Meowscarada
|
|-weather|SunnyDay|[upkeep]
|upkeep
|
|t:|1779658656
|switch|p2a: Cinderace|Cinderace, M|100/100
|turn|16
|
|t:|1779658667
|move|p2a: Cinderace|Pyro Ball|p1a: Walking Wake
|-resisted|p1a: Walking Wake
|-damage|p1a: Walking Wake|5/100
|move|p1a: Walking Wake|Dragon Pulse|p2a: Cinderace
|-damage|p2a: Cinderace|0 fnt
|faint|p2a: Cinderace
|
|win|hillbilly z
|raw|hillbilly z's rating: 1480 &rarr; <strong>1502</strong><br />(+22 for winning)
|raw|bfrhnnlfhroh's rating: 1508 &rarr; <strong>1486</strong><br />(-22 for losing)
|l|☆bfrhnnlfhroh
|player|p2|
|l|☆hillbilly z
|player|p1|
