|j|☆erjuanzas
|j|☆Lamperi0n
|t:|1779703422
|gametype|singles
|player|p1|erjuanzas|linebacker|1422
|player|p2|Lamperi0n|will|1423
|gen|9
|tier|[Gen 9] OU
|rated|
|rule|HP Percentage Mod: HP is shown in percentages
|rule|Endless Battle Clause: Forcing endless battles is banned
|rule|Species Clause: Limit one of each Pokémon
|rule|OHKO Clause: OHKO moves are banned
|rule|Evasion Items Clause: Evasion items are banned
|rule|Evasion Moves Clause: Evasion moves are banned
|rule|Evasion Abilities Clause: Evasion abilities are banned
|rule|Sleep Moves Clause: Sleep-inducing moves are banned
|clearpoke
|poke|p1|Pelipper, M|
|poke|p1|Ludicolo, M|
|poke|p1|Iron Treads|
|poke|p1|Landorus-Therian, M|
|poke|p1|Barraskewda, M|
|poke|p1|Basculegion-F, F|
|poke|p2|Latias, F|
|poke|p2|Deoxys-Speed|
|poke|p2|Great Tusk|
|poke|p2|Zamazenta-*|
|poke|p2|Gliscor, M|
|poke|p2|Ogerpon-Wellspring, F|
|teampreview
|
|t:|1779703437
|teamsize|p1|6
|teamsize|p2|6
|start
|switch|p1a: Pelipas|Pelipper, M, shiny|100/100
|switch|p2a: Deoxys|Deoxys-Speed|100/100
|-ability|p2a: Deoxys|Pressure
|-weather|RainDance|[from] ability: Drizzle|[of] p1a: Pelipas
|turn|1
|inactive|Battle timer is ON: inactive players will automatically lose when time's up. (requested by erjuanzas)
|
|t:|1779703440
|switch|p1a: Chanao|Iron Treads, shiny|100/100
|move|p2a: Deoxys|Light Screen|p2a: Deoxys
|-sidestart|p2: Lamperi0n|move: Light Screen
|
|-weather|RainDance|[upkeep]
|upkeep
|turn|2
|
|t:|1779703446
|move|p2a: Deoxys|Taunt|p1a: Chanao
|-start|p1a: Chanao|move: Taunt
|move|p1a: Chanao|Volt Switch|p2a: Deoxys
|-damage|p2a: Deoxys|94/100
|
|t:|1779703451
|-end|p1a: Chanao|Quark Drive|[silent]
|switch|p1a: La cabra|Barraskewda, M|100/100|[from] Volt Switch
|
|-weather|RainDance|[upkeep]
|upkeep
|turn|3
|
|t:|1779703459
|switch|p2a: Ogerpon|Ogerpon-Wellspring, F|100/100
|move|p1a: La cabra|Close Combat|p2a: Ogerpon
|-damage|p2a: Ogerpon|11/100
|-unboost|p1a: La cabra|def|1
|-unboost|p1a: La cabra|spd|1
|
|-weather|RainDance|[upkeep]
|upkeep
|turn|4
|
|t:|1779703468
|switch|p1a: Chanao|Iron Treads, shiny|100/100
|switch|p2a: Gliscor|Gliscor, M|100/100
|
|-weather|RainDance|[upkeep]
|-status|p2a: Gliscor|tox|[from] item: Toxic Orb
|upkeep
|turn|5
|
|t:|1779703476
|-end|p1a: Chanao|Quark Drive|[silent]
|switch|p1a: Loco|Ludicolo, M, shiny|100/100
|move|p2a: Gliscor|Swords Dance|p2a: Gliscor
|-boost|p2a: Gliscor|atk|2
|
|-weather|RainDance|[upkeep]
|upkeep
|turn|6
|
|t:|1779703481
|-terastallize|p2a: Gliscor|Normal
|move|p1a: Loco|Ice Beam|p2a: Gliscor
|-damage|p2a: Gliscor|79/100 tox
|-damage|p1a: Loco|91/100|[from] item: Life Orb
|move|p2a: Gliscor|Agility|p2a: Gliscor
|-boost|p2a: Gliscor|spe|2
|
|-weather|RainDance|[upkeep]
|-heal|p2a: Gliscor|91/100 tox|[from] ability: Poison Heal
|upkeep
|turn|7
|
|t:|1779703492
|move|p1a: Loco|Surf|p2a: Gliscor
|-damage|p2a: Gliscor|41/100 tox
|-damage|p1a: Loco|81/100|[from] item: Life Orb
|move|p2a: Gliscor|Facade|p1a: Loco
|-crit|p1a: Loco
|-damage|p1a: Loco|0 fnt
|faint|p1a: Loco
|
|-weather|RainDance|[upkeep]
|-heal|p2a: Gliscor|53/100 tox|[from] ability: Poison Heal
|upkeep
|
|t:|1779703500
|switch|p1a: La cabra|Barraskewda, M|100/100
|turn|8
|
|t:|1779703504
|switch|p2a: Latias|Latias, F|100/100
|move|p1a: La cabra|Close Combat|p2a: Latias
|-resisted|p2a: Latias
|-damage|p2a: Latias|68/100
|-unboost|p1a: La cabra|def|1
|-unboost|p1a: La cabra|spd|1
|
|-weather|none
|-sideend|p2: Lamperi0n|move: Light Screen
|upkeep
|turn|9
|
|t:|1779703517
|switch|p1a: Miauni|Basculegion-F, F, shiny|100/100
|move|p2a: Latias|Recover|p2a: Latias
|-heal|p2a: Latias|100/100
|
|upkeep
|turn|10
|
|t:|1779703525
|switch|p2a: Deoxys|Deoxys-Speed|94/100
|-ability|p2a: Deoxys|Pressure
|move|p1a: Miauni|Shadow Ball|p2a: Deoxys
|-supereffective|p2a: Deoxys
|-damage|p2a: Deoxys|0 fnt
|faint|p2a: Deoxys
|-damage|p1a: Miauni|91/100|[from] item: Life Orb
|
|upkeep
|
|t:|1779703532
|switch|p2a: Latias|Latias, F|100/100
|turn|11
|
|t:|1779703539
|move|p2a: Latias|Calm Mind|p2a: Latias
|-boost|p2a: Latias|spa|1
|-boost|p2a: Latias|spd|1
|move|p1a: Miauni|Shadow Ball|p2a: Latias
|-supereffective|p2a: Latias
|-damage|p2a: Latias|51/100
|-enditem|p2a: Latias|Weakness Policy
|-boost|p2a: Latias|atk|2|[from] item: Weakness Policy
|-boost|p2a: Latias|spa|2|[from] item: Weakness Policy
|-damage|p1a: Miauni|81/100|[from] item: Life Orb
|
|upkeep
|turn|12
|
|t:|1779703552
|move|p2a: Latias|Stored Power|p1a: Miauni
|-crit|p1a: Miauni
|-damage|p1a: Miauni|0 fnt
|faint|p1a: Miauni
|
|upkeep
|
|t:|1779703571
|switch|p1a: La cabra|Barraskewda, M|100/100
|turn|13
|
|t:|1779703575
|-terastallize|p1a: La cabra|Water
|move|p1a: La cabra|Flip Turn|p2a: Latias
|-resisted|p2a: Latias
|-damage|p2a: Latias|20/100
|
|t:|1779703579
|switch|p1a: Chanao|Iron Treads, shiny|100/100|[from] Flip Turn
|move|p2a: Latias|Recover|p2a: Latias
|-heal|p2a: Latias|70/100
|
|upkeep
|turn|14
|
|t:|1779703586
|move|p2a: Latias|Aura Sphere|p1a: Chanao
|-supereffective|p1a: Chanao
|-damage|p1a: Chanao|51/100
|move|p1a: Chanao|Iron Head|p2a: Latias
|-damage|p2a: Latias|40/100
|
|upkeep
|turn|15
|
|t:|1779703592
|move|p2a: Latias|Recover|p2a: Latias
|-heal|p2a: Latias|90/100
|move|p1a: Chanao|Volt Switch|p2a: Latias
|-resisted|p2a: Latias
|-damage|p2a: Latias|87/100
|
|t:|1779703595
|-end|p1a: Chanao|Quark Drive|[silent]
|switch|p1a: Pelipas|Pelipper, M, shiny|100/100|[from] Volt Switch
|-weather|RainDance|[from] ability: Drizzle|[of] p1a: Pelipas
|
|-weather|RainDance|[upkeep]
|upkeep
|turn|16
|
|t:|1779703603
|switch|p1a: Chanao|Iron Treads, shiny|51/100
|move|p2a: Latias|Stored Power|p1a: Chanao
|-resisted|p1a: Chanao
|-damage|p1a: Chanao|17/100
|
|-weather|RainDance|[upkeep]
|upkeep
|turn|17
|
|t:|1779703608
|move|p2a: Latias|Stored Power|p1a: Chanao
|-resisted|p1a: Chanao
|-damage|p1a: Chanao|0 fnt
|faint|p1a: Chanao
|-end|p1a: Chanao|Quark Drive|[silent]
|
|-weather|RainDance|[upkeep]
|upkeep
|
|t:|1779703610
|switch|p1a: La cabra|Barraskewda, M, tera:Water|100/100
|turn|18
|
|t:|1779703613
|switch|p2a: Ogerpon|Ogerpon-Wellspring, F|11/100
|move|p1a: La cabra|Flip Turn|p2a: Ogerpon
|-heal|p2a: Ogerpon|36/100|[from] ability: Water Absorb|[of] p1a: La cabra
|
|-weather|RainDance|[upkeep]
|upkeep
|turn|19
|-message|erjuanzas forfeited.
|
|win|Lamperi0n
|raw|erjuanzas's rating: 1422 &rarr; <strong>1402</strong><br />(-20 for losing)
|raw|Lamperi0n's rating: 1423 &rarr; <strong>1443</strong><br />(+20 for winning)
|l|☆erjuanzas
|player|p1|
|l|☆Lamperi0n
|player|p2|
