|j|☆illumminate
|j|☆keqingmakesmewet
|t:|1779657128
|gametype|singles
|player|p1|illumminate|2|1247
|player|p2|keqingmakesmewet|acetrainerf|1269
|gen|9
|tier|[Gen 9] OU
|rated|
|rule|HP Percentage Mod: HP is shown in percentages
|rule|Endless Battle Clause: Forcing endless battles is banned
|rule|Species Clause: Limit one of each Pokémon
|rule|OHKO Clause: OHKO moves are banned
|rule|Evasion Items Clause: Evasion items are banned
|rule|Evasion Moves Clause: Evasion moves are banned
|rule|Evasion Abilities Clause: Evasion abilities are banned
|rule|Sleep Moves Clause: Sleep-inducing moves are banned
|clearpoke
|poke|p1|Ceruledge, M|
|poke|p1|Zapdos|
|poke|p1|Great Tusk|
|poke|p1|Kingambit, M|
|poke|p1|Primarina, F|
|poke|p1|Corviknight, F|
|poke|p2|Metagross|
|poke|p2|Azelf|
|poke|p2|Volcanion|
|poke|p2|Skuntank, M|
|poke|p2|Regirock|
|poke|p2|Slaking, F|
|teampreview
|inactive|Battle timer is ON: inactive players will automatically lose when time's up. (requested by illumminate)
|
|t:|1779657138
|teamsize|p1|6
|teamsize|p2|6
|start
|switch|p1a: Great Tusk|Great Tusk|100/100
|switch|p2a: Azelf|Azelf|100/100
|turn|1
|
|t:|1779657145
|move|p2a: Azelf|Stealth Rock|p1a: Great Tusk
|-sidestart|p1: illumminate|move: Stealth Rock
|move|p1a: Great Tusk|Stealth Rock|p2a: Azelf
|-sidestart|p2: keqingmakesmewet|move: Stealth Rock
|
|upkeep
|turn|2
|
|t:|1779657154
|move|p2a: Azelf|Explosion|p1a: Great Tusk
|-crit|p1a: Great Tusk
|-damage|p1a: Great Tusk|15/100
|faint|p2a: Azelf
|move|p1a: Great Tusk|Rapid Spin|p2: Azelf|[notarget]
|-fail|p1a: Great Tusk
|
|upkeep
|
|t:|1779657166
|switch|p2a: Slaking|Slaking, F|100/100
|-damage|p2a: Slaking|88/100|[from] Stealth Rock
|turn|3
|
|t:|1779657174
|move|p2a: Slaking|Earthquake|p1a: Great Tusk
|-damage|p1a: Great Tusk|0 fnt
|faint|p1a: Great Tusk
|-end|p1a: Great Tusk|Protosynthesis|[silent]
|
|upkeep
|
|t:|1779657181
|switch|p1a: Primarina|Primarina, F|100/100
|-damage|p1a: Primarina|88/100|[from] Stealth Rock
|turn|4
|
|t:|1779657184
|switch|p2a: Volcanion|Volcanion|100/100
|-damage|p2a: Volcanion|76/100|[from] Stealth Rock
|move|p1a: Primarina|Substitute|p1a: Primarina
|-start|p1a: Primarina|Substitute
|-damage|p1a: Primarina|63/100
|
|-heal|p1a: Primarina|69/100|[from] item: Leftovers
|upkeep
|turn|5
|
|t:|1779657192
|move|p2a: Volcanion|Wild Charge|p1a: Primarina
|-supereffective|p1a: Primarina
|-end|p1a: Primarina|Substitute
|-damage|p2a: Volcanion|69/100|[from] Recoil|[of] p1a: Primarina
|-damage|p2a: Volcanion|59/100|[from] item: Life Orb
|move|p1a: Primarina|Draining Kiss|p2a: Volcanion
|-resisted|p2a: Volcanion
|-damage|p2a: Volcanion|49/100
|-heal|p1a: Primarina|77/100|[from] drain|[of] p2a: Volcanion
|
|-heal|p1a: Primarina|83/100|[from] item: Leftovers
|upkeep
|turn|6
|
|t:|1779657202
|switch|p1a: Kingambit|Kingambit, M|100/100
|-damage|p1a: Kingambit|94/100|[from] Stealth Rock
|-activate|p1a: Kingambit|ability: Supreme Overlord
|-start|p1a: Kingambit|fallen1|[silent]
|move|p2a: Volcanion|Wild Charge|p1a: Kingambit
|-damage|p1a: Kingambit|60/100
|-damage|p2a: Volcanion|41/100|[from] Recoil
|-damage|p2a: Volcanion|31/100|[from] item: Life Orb
|
|-heal|p1a: Kingambit|66/100|[from] item: Leftovers
|upkeep
|turn|7
|
|t:|1779657207
|move|p1a: Kingambit|Sucker Punch|p2a: Volcanion
|-damage|p2a: Volcanion|0 fnt
|faint|p2a: Volcanion
|
|-heal|p1a: Kingambit|72/100|[from] item: Leftovers
|upkeep
|
|t:|1779657217
|switch|p2a: Regirock|Regirock|100/100
|-damage|p2a: Regirock|88/100|[from] Stealth Rock
|turn|8
|
|t:|1779657243
|move|p1a: Kingambit|Iron Head|p2a: Regirock
|-supereffective|p2a: Regirock
|-damage|p2a: Regirock|38/100
|move|p2a: Regirock|Earthquake|p1a: Kingambit
|-supereffective|p1a: Kingambit
|-damage|p1a: Kingambit|0 fnt
|faint|p1a: Kingambit
|-end|p1a: Kingambit|fallen1|[silent]
|-damage|p2a: Regirock|28/100|[from] item: Life Orb
|
|upkeep
|
|t:|1779657246
|switch|p1a: Primarina|Primarina, F|83/100
|-damage|p1a: Primarina|71/100|[from] Stealth Rock
|turn|9
|
|t:|1779657256
|move|p1a: Primarina|Substitute|p1a: Primarina
|-start|p1a: Primarina|Substitute
|-damage|p1a: Primarina|46/100
|move|p2a: Regirock|Explosion|p1a: Primarina
|-end|p1a: Primarina|Substitute
|faint|p2a: Regirock
|
|-heal|p1a: Primarina|52/100|[from] item: Leftovers
|upkeep
|
|t:|1779657264
|switch|p2a: Skuntank|Skuntank, M|100/100
|-damage|p2a: Skuntank|88/100|[from] Stealth Rock
|turn|10
|
|t:|1779657271
|switch|p1a: Corviknight|Corviknight, F|100/100
|-damage|p1a: Corviknight|88/100|[from] Stealth Rock
|-ability|p1a: Corviknight|Pressure
|move|p2a: Skuntank|Poison Jab|p1a: Corviknight
|-immune|p1a: Corviknight
|
|upkeep
|turn|11
|
|t:|1779657284
|move|p2a: Skuntank|Knock Off|p1a: Corviknight
|-crit|p1a: Corviknight
|-damage|p1a: Corviknight|43/100
|-damage|p2a: Skuntank|72/100|[from] item: Rocky Helmet|[of] p1a: Corviknight
|-enditem|p1a: Corviknight|Rocky Helmet|[from] move: Knock Off|[of] p2a: Skuntank
|-damage|p2a: Skuntank|62/100|[from] item: Life Orb
|move|p1a: Corviknight|Brave Bird|p2a: Skuntank
|-damage|p2a: Skuntank|9/100
|-damage|p1a: Corviknight|28/100|[from] Recoil
|
|upkeep
|turn|12
|
|t:|1779657297
|move|p2a: Skuntank|Knock Off|p1a: Corviknight
|-damage|p1a: Corviknight|6/100
|-damage|p2a: Skuntank|0 fnt|[from] item: Life Orb
|faint|p2a: Skuntank
|move|p1a: Corviknight|Roost|p1a: Corviknight
|-heal|p1a: Corviknight|56/100
|-singleturn|p1a: Corviknight|move: Roost
|
|upkeep
|
|t:|1779657301
|switch|p2a: Slaking|Slaking, F|88/100
|-damage|p2a: Slaking|76/100|[from] Stealth Rock
|turn|13
|
|t:|1779657308
|move|p2a: Slaking|Hammer Arm|p1a: Corviknight
|-damage|p1a: Corviknight|19/100
|-unboost|p2a: Slaking|spe|1
|move|p1a: Corviknight|U-turn|p2a: Slaking
|-damage|p2a: Slaking|63/100
|
|t:|1779657330
|switch|p1a: Ceruledge|Ceruledge, M, shiny|100/100|[from] U-turn
|-damage|p1a: Ceruledge|76/100|[from] Stealth Rock
|
|upkeep
|turn|14
|-message|keqingmakesmewet forfeited.
|
|t:|1779657336
|switch|p2a: Metagross|Metagross|100/100
|-damage|p2a: Metagross|94/100|[from] Stealth Rock
|move|p1a: Ceruledge|Swords Dance|p1a: Ceruledge
|-boost|p1a: Ceruledge|atk|2
|
|upkeep
|turn|15
|
|win|illumminate
|raw|illumminate's rating: 1247 &rarr; <strong>1274</strong><br />(+27 for winning)
|raw|keqingmakesmewet's rating: 1269 &rarr; <strong>1242</strong><br />(-27 for losing)
|l|☆keqingmakesmewet
|player|p2|
|l|☆illumminate
|player|p1|
