|j|☆Naturmacht
|j|☆noomvoom
|t:|1779666488
|gametype|singles
|player|p1|Naturmacht|drake-gen3|1441
|player|p2|noomvoom|bugcatcher-gen4dp|1454
|gen|9
|tier|[Gen 9] OU
|rated|
|rule|HP Percentage Mod: HP is shown in percentages
|rule|Endless Battle Clause: Forcing endless battles is banned
|rule|Species Clause: Limit one of each Pokémon
|rule|OHKO Clause: OHKO moves are banned
|rule|Evasion Items Clause: Evasion items are banned
|rule|Evasion Moves Clause: Evasion moves are banned
|rule|Evasion Abilities Clause: Evasion abilities are banned
|rule|Sleep Moves Clause: Sleep-inducing moves are banned
|clearpoke
|poke|p1|Rillaboom, M|
|poke|p1|Hatterene, F|
|poke|p1|Heatran, M|
|poke|p1|Clodsire, M|
|poke|p1|Corviknight, M|
|poke|p1|Ogerpon-Wellspring, F|
|poke|p2|Ceruledge, M|
|poke|p2|Clefable, F|
|poke|p2|Slowking-Galar, F|
|poke|p2|Great Tusk|
|poke|p2|Ogerpon-Wellspring, F|
|poke|p2|Kyurem|
|teampreview
|inactive|Battle timer is ON: inactive players will automatically lose when time's up. (requested by noomvoom)
|inactive|Naturmacht also wants the timer to be on.
|
|t:|1779666518
|teamsize|p1|6
|teamsize|p2|6
|start
|switch|p1a: Rillaboom|Rillaboom, M|100/100
|switch|p2a: Kyurem|Kyurem|100/100
|-ability|p2a: Kyurem|Pressure
|-fieldstart|move: Grassy Terrain|[from] ability: Grassy Surge|[of] p1a: Rillaboom
|turn|1
|
|t:|1779666526
|switch|p1a: Heatran|Heatran, M|100/100
|move|p2a: Kyurem|Ice Beam|p1a: Heatran
|-resisted|p1a: Heatran
|-damage|p1a: Heatran|93/100
|-status|p1a: Heatran|frz
|
|-heal|p1a: Heatran|99/100 frz|[from] Grassy Terrain
|-heal|p1a: Heatran|100/100 frz|[from] item: Leftovers
|upkeep
|turn|2
|c|☆Naturmacht|LMAOOOOOOOOOO
|c|☆Naturmacht|🤣🤣🤣
|
|t:|1779666545
|switch|p2a: Great Tusk|Great Tusk|100/100
|cant|p1a: Heatran|frz
|
|upkeep
|turn|3
|
|t:|1779666558
|switch|p1a: Corviknight|Corviknight, M|100/100
|-ability|p1a: Corviknight|Pressure
|move|p2a: Great Tusk|Headlong Rush|p1a: Corviknight
|-immune|p1a: Corviknight
|
|upkeep
|turn|4
|
|t:|1779666573
|-end|p2a: Great Tusk|Protosynthesis|[silent]
|switch|p2a: Slowking|Slowking-Galar, F|100/100
|switch|p1a: Clodsire|Clodsire, M|100/100
|
|upkeep
|turn|5
|
|t:|1779666579
|move|p1a: Clodsire|Spikes|p2a: Slowking
|-sidestart|p2: noomvoom|Spikes
|move|p2a: Slowking|Future Sight|p1a: Clodsire
|-start|p2a: Slowking|move: Future Sight
|
|upkeep
|turn|6
|
|t:|1779666584
|switch|p2a: Great Tusk|Great Tusk|100/100
|-damage|p2a: Great Tusk|88/100|[from] Spikes
|move|p1a: Clodsire|Spikes|p2a: Great Tusk
|-sidestart|p2: noomvoom|Spikes
|
|-heal|p2a: Great Tusk|94/100|[from] Grassy Terrain
|upkeep
|turn|7
|
|t:|1779666591
|move|p2a: Great Tusk|Rapid Spin|p1a: Clodsire
|-damage|p1a: Clodsire|82/100
|-boost|p2a: Great Tusk|spe|1
|-sideend|p2: noomvoom|Spikes|[from] move: Rapid Spin|[of] p2a: Great Tusk
|move|p1a: Clodsire|Toxic|p2a: Great Tusk
|-status|p2a: Great Tusk|tox
|
|-end|p1a: Clodsire|move: Future Sight
|-supereffective|p1a: Clodsire
|-damage|p1a: Clodsire|38/100
|-heal|p2a: Great Tusk|100/100 tox|[from] Grassy Terrain
|-heal|p1a: Clodsire|44/100|[from] Grassy Terrain
|-heal|p1a: Clodsire|50/100|[from] item: Leftovers
|-damage|p2a: Great Tusk|94/100 tox|[from] psn
|upkeep
|turn|8
|
|t:|1779666605
|switch|p1a: Corviknight|Corviknight, M|100/100
|-ability|p1a: Corviknight|Pressure
|move|p2a: Great Tusk|Stealth Rock|p1a: Corviknight
|-sidestart|p1: Naturmacht|move: Stealth Rock
|
|-heal|p2a: Great Tusk|100/100 tox|[from] Grassy Terrain
|-damage|p2a: Great Tusk|88/100 tox|[from] psn
|-fieldend|move: Grassy Terrain
|upkeep
|turn|9
|
|t:|1779666619
|-end|p2a: Great Tusk|Protosynthesis|[silent]
|switch|p2a: Ceruledge|Ceruledge, M|100/100
|move|p1a: Corviknight|Defog|p2a: Ceruledge
|-unboost|p2a: Ceruledge|evasion|1
|-sideend|p1: Naturmacht|Stealth Rock|[from] move: Defog|[of] p1a: Corviknight
|
|upkeep
|turn|10
|
|t:|1779666626
|switch|p1a: Heatran|Heatran, M|100/100 frz
|move|p2a: Ceruledge|Swords Dance|p2a: Ceruledge
|-boost|p2a: Ceruledge|atk|2
|
|upkeep
|turn|11
|
|t:|1779666632
|-curestatus|p1a: Heatran|frz|[msg]
|move|p1a: Heatran|Protect|p1a: Heatran
|-singleturn|p1a: Heatran|Protect
|move|p2a: Ceruledge|Poltergeist|p1a: Heatran
|-activate|p1a: Heatran|move: Protect
|
|upkeep
|turn|12
|
|t:|1779666654
|move|p2a: Ceruledge|Poltergeist|p1a: Heatran
|-activate|p1a: Heatran|move: Poltergeist|Leftovers
|-damage|p1a: Heatran|0 fnt
|faint|p1a: Heatran
|
|upkeep
|
|t:|1779666667
|switch|p1a: Corviknight|Corviknight, M|100/100
|-ability|p1a: Corviknight|Pressure
|turn|13
|
|t:|1779666675
|-terastallize|p1a: Corviknight|Dragon
|move|p2a: Ceruledge|Bitter Blade|p1a: Corviknight
|-resisted|p1a: Corviknight
|-damage|p1a: Corviknight|71/100
|-damage|p2a: Ceruledge|84/100|[from] item: Rocky Helmet|[of] p1a: Corviknight
|move|p1a: Corviknight|Iron Defense|p1a: Corviknight
|-boost|p1a: Corviknight|def|2
|
|upkeep
|turn|14
|
|t:|1779666683
|switch|p2a: Kyurem|Kyurem|100/100
|-ability|p2a: Kyurem|Pressure
|move|p1a: Corviknight|Iron Defense|p1a: Corviknight
|-boost|p1a: Corviknight|def|2
|
|upkeep
|turn|15
|
|t:|1779666692
|switch|p1a: Hatterene|Hatterene, F|100/100
|move|p2a: Kyurem|Ice Beam|p1a: Hatterene
|-damage|p1a: Hatterene|51/100
|-status|p1a: Hatterene|frz
|
|-heal|p1a: Hatterene|57/100 frz|[from] item: Leftovers
|upkeep
|turn|16
|c|☆Naturmacht|okay, what are THESE odds?🤣🤣🤣
|
|t:|1779666713
|switch|p2a: Ceruledge|Ceruledge, M|84/100
|-curestatus|p1a: Hatterene|frz|[msg]
|move|p1a: Hatterene|Draining Kiss|p2a: Ceruledge
|-resisted|p2a: Ceruledge
|-damage|p2a: Ceruledge|72/100
|-heal|p1a: Hatterene|66/100|[from] drain|[of] p2a: Ceruledge
|
|-heal|p1a: Hatterene|72/100|[from] item: Leftovers
|upkeep
|turn|17
|c|☆noomvoom|today is not your day
|c|☆Naturmacht|Nah, definirtely not. But it's funny XD
|
|t:|1779666733
|move|p2a: Ceruledge|Poltergeist|p1a: Hatterene
|-activate|p1a: Hatterene|move: Poltergeist|Leftovers
|-supereffective|p1a: Hatterene
|-damage|p1a: Hatterene|0 fnt
|faint|p1a: Hatterene
|
|upkeep
|
|t:|1779666738
|switch|p1a: Ogerpon|Ogerpon-Wellspring, F|100/100
|turn|18
|c|☆noomvoom|glad your taking it well
|
|t:|1779666750
|switch|p2a: Kyurem|Kyurem|100/100
|-ability|p2a: Kyurem|Pressure
|move|p1a: Ogerpon|Swords Dance|p1a: Ogerpon
|-boost|p1a: Ogerpon|atk|2
|
|upkeep
|turn|19
|inactive|Naturmacht has 120 seconds left.
|c|☆Naturmacht|Eh, if I couldn't take a loss I shouldn't play such games.
|
|t:|1779666787
|switch|p1a: Clodsire|Clodsire, M|50/100
|move|p2a: Kyurem|Freeze-Dry|p1a: Clodsire
|-supereffective|p1a: Clodsire
|-damage|p1a: Clodsire|11/100
|
|-heal|p1a: Clodsire|17/100|[from] item: Leftovers
|upkeep
|turn|20
|
|t:|1779666796
|move|p2a: Kyurem|Freeze-Dry|p1a: Clodsire
|-supereffective|p1a: Clodsire
|-damage|p1a: Clodsire|0 fnt
|faint|p1a: Clodsire
|
|upkeep
|
|t:|1779666803
|switch|p1a: Rillaboom|Rillaboom, M|100/100
|-fieldstart|move: Grassy Terrain|[from] ability: Grassy Surge|[of] p1a: Rillaboom
|turn|21
|
|t:|1779666809
|switch|p2a: Ceruledge|Ceruledge, M|72/100
|move|p1a: Rillaboom|Leech Seed|p2a: Ceruledge
|-start|p2a: Ceruledge|move: Leech Seed
|
|-heal|p2a: Ceruledge|78/100|[from] Grassy Terrain
|-damage|p2a: Ceruledge|65/100|[from] Leech Seed|[of] p1a: Rillaboom
|upkeep
|turn|22
|inactive|Naturmacht has 120 seconds left.
|c|☆Naturmacht|why did u switch? U could easily have finished me off with kyurem there.
|
|t:|1779666830
|switch|p2a: Kyurem|Kyurem|100/100
|-ability|p2a: Kyurem|Pressure
|move|p1a: Rillaboom|Grassy Glide|p2a: Kyurem
|-resisted|p2a: Kyurem
|-damage|p2a: Kyurem|81/100
|
|-heal|p2a: Kyurem|87/100|[from] Grassy Terrain
|upkeep
|turn|23
|c|☆noomvoom|I didnt know for sure if freeze dry killed bulky rilla
|
|t:|1779666859
|move|p2a: Kyurem|Ice Beam|p1a: Rillaboom
|-supereffective|p1a: Rillaboom
|-damage|p1a: Rillaboom|0 fnt
|faint|p1a: Rillaboom
|
|-heal|p2a: Kyurem|93/100|[from] Grassy Terrain
|upkeep
|
|t:|1779666865
|switch|p1a: Ogerpon|Ogerpon-Wellspring, F|100/100
|turn|24
|
|t:|1779666870
|switch|p2a: Ogerpon|Ogerpon-Wellspring, F|100/100
|move|p1a: Ogerpon|Swords Dance|p1a: Ogerpon
|-boost|p1a: Ogerpon|atk|2
|
|upkeep
|turn|25
|
|t:|1779666877
|move|p1a: Ogerpon|Horn Leech|p2a: Ogerpon
|-damage|p2a: Ogerpon|0 fnt
|faint|p2a: Ogerpon
|
|upkeep
|
|t:|1779666879
|switch|p2a: Kyurem|Kyurem|93/100
|-ability|p2a: Kyurem|Pressure
|turn|26
|c|☆Naturmacht|Now go with Freeze Dry and u get me in two turns.
|
|t:|1779666902
|move|p2a: Kyurem|Freeze-Dry|p1a: Ogerpon
|-supereffective|p1a: Ogerpon
|-damage|p1a: Ogerpon|0 fnt
|faint|p1a: Ogerpon
|
|-heal|p2a: Kyurem|99/100|[from] Grassy Terrain
|upkeep
|
|t:|1779666908
|switch|p1a: Corviknight|Corviknight, M, tera:Dragon|71/100
|-ability|p1a: Corviknight|Pressure
|turn|27
|
|t:|1779666912
|move|p2a: Kyurem|Freeze-Dry|p1a: Corviknight
|-supereffective|p1a: Corviknight
|-damage|p1a: Corviknight|0 fnt
|faint|p1a: Corviknight
|
|win|noomvoom
|raw|Naturmacht's rating: 1441 &rarr; <strong>1422</strong><br />(-19 for losing)
|raw|noomvoom's rating: 1454 &rarr; <strong>1473</strong><br />(+19 for winning)
|c|☆Naturmacht|gg pal
|c|☆noomvoom|gg
