|j|☆NojaKalm
|j|☆NoobishTrainerJoe
|t:|1779693071
|gametype|singles
|player|p1|NojaKalm|266|1623
|player|p2|NoobishTrainerJoe|2|1644
|gen|9
|tier|[Gen 9] OU
|rated|
|rule|HP Percentage Mod: HP is shown in percentages
|rule|Endless Battle Clause: Forcing endless battles is banned
|rule|Species Clause: Limit one of each Pokémon
|rule|OHKO Clause: OHKO moves are banned
|rule|Evasion Items Clause: Evasion items are banned
|rule|Evasion Moves Clause: Evasion moves are banned
|rule|Evasion Abilities Clause: Evasion abilities are banned
|rule|Sleep Moves Clause: Sleep-inducing moves are banned
|clearpoke
|poke|p1|Comfey, F|
|poke|p1|Whimsicott, F|
|poke|p1|Iron Moth|
|poke|p1|Walking Wake|
|poke|p1|Great Tusk|
|poke|p1|Ninetales, M|
|poke|p2|Greninja-*, M|
|poke|p2|Pelipper, F|
|poke|p2|Iron Valiant|
|poke|p2|Primarina, F|
|poke|p2|Iron Treads|
|poke|p2|Kingambit, M|
|teampreview
|inactive|Battle timer is ON: inactive players will automatically lose when time's up. (requested by NojaKalm)
|inactive|NojaKalm has 120 seconds left.
|
|t:|1779693102
|teamsize|p1|6
|teamsize|p2|6
|start
|switch|p1a: Walking Wake|Walking Wake|100/100
|switch|p2a: Primarina|Primarina, F|100/100
|turn|1
|
|t:|1779693110
|move|p1a: Walking Wake|Flip Turn|p2a: Primarina
|-resisted|p2a: Primarina
|-damage|p2a: Primarina|91/100
|
|t:|1779693132
|-end|p1a: Walking Wake|Protosynthesis|[silent]
|switch|p1a: Whimsicott|Whimsicott, F|100/100|[from] Flip Turn
|move|p2a: Primarina|Moonblast|p1a: Whimsicott
|-damage|p1a: Whimsicott|0 fnt
|faint|p1a: Whimsicott
|
|upkeep
|
|t:|1779693139
|switch|p1a: Ninetales|Ninetales, M|100/100
|-weather|SunnyDay|[from] ability: Drought|[of] p1a: Ninetales
|turn|2
|
|t:|1779693145
|switch|p1a: Iron Moth|Iron Moth|100/100
|-enditem|p1a: Iron Moth|Booster Energy
|-activate|p1a: Iron Moth|ability: Quark Drive|[fromitem]
|-start|p1a: Iron Moth|quarkdrivespa
|move|p2a: Primarina|Moonblast|p1a: Iron Moth
|-resisted|p1a: Iron Moth
|-damage|p1a: Iron Moth|81/100
|
|-weather|SunnyDay|[upkeep]
|upkeep
|turn|3
|
|t:|1779693158
|switch|p2a: Pelipper|Pelipper, F|100/100
|-weather|RainDance|[from] ability: Drizzle|[of] p2a: Pelipper
|move|p1a: Iron Moth|Sludge Wave|p2a: Pelipper
|-damage|p2a: Pelipper|0 fnt
|faint|p2a: Pelipper
|
|-weather|RainDance|[upkeep]
|upkeep
|
|t:|1779693170
|switch|p2a: Greninja|Greninja, M|100/100
|turn|4
|
|t:|1779693179
|-end|p1a: Iron Moth|Quark Drive|[silent]
|switch|p1a: Walking Wake|Walking Wake|100/100
|move|p2a: Greninja|Surf|p1a: Walking Wake
|-resisted|p1a: Walking Wake
|-damage|p1a: Walking Wake|85/100
|
|-weather|RainDance|[upkeep]
|upkeep
|turn|5
|
|t:|1779693184
|move|p2a: Greninja|Surf|p1a: Walking Wake
|-resisted|p1a: Walking Wake
|-damage|p1a: Walking Wake|71/100
|move|p1a: Walking Wake|Hydro Steam|p2a: Greninja
|-resisted|p2a: Greninja
|-damage|p2a: Greninja|58/100
|
|-weather|RainDance|[upkeep]
|upkeep
|turn|6
|
|t:|1779693190
|switch|p2a: Primarina|Primarina, F|91/100
|move|p1a: Walking Wake|Hydro Steam|p2a: Primarina
|-resisted|p2a: Primarina
|-damage|p2a: Primarina|67/100
|
|-weather|RainDance|[upkeep]
|upkeep
|turn|7
|
|t:|1779693192
|move|p1a: Walking Wake|Flip Turn|p2a: Primarina
|-resisted|p2a: Primarina
|-damage|p2a: Primarina|53/100
|
|t:|1779693198
|-end|p1a: Walking Wake|Protosynthesis|[silent]
|switch|p1a: Ninetales|Ninetales, M|100/100|[from] Flip Turn
|-weather|SunnyDay|[from] ability: Drought|[of] p1a: Ninetales
|move|p2a: Primarina|Flip Turn|p1a: Ninetales
|-supereffective|p1a: Ninetales
|-damage|p1a: Ninetales|83/100
|
|t:|1779693202
|switch|p2a: Greninja|Greninja, M|58/100|[from] Flip Turn
|
|-weather|SunnyDay|[upkeep]
|upkeep
|turn|8
|
|t:|1779693205
|switch|p1a: Walking Wake|Walking Wake|71/100
|-activate|p1a: Walking Wake|ability: Protosynthesis
|-start|p1a: Walking Wake|protosynthesisspe
|move|p2a: Greninja|Dark Pulse|p1a: Walking Wake
|-damage|p1a: Walking Wake|35/100
|
|-weather|SunnyDay|[upkeep]
|upkeep
|turn|9
|
|t:|1779693215
|switch|p2a: Primarina|Primarina, F|53/100
|move|p1a: Walking Wake|Hydro Steam|p2a: Primarina
|-resisted|p2a: Primarina
|-damage|p2a: Primarina|32/100
|
|-weather|SunnyDay|[upkeep]
|upkeep
|turn|10
|
|t:|1779693223
|move|p1a: Walking Wake|Hydro Steam|p2a: Primarina
|-resisted|p2a: Primarina
|-damage|p2a: Primarina|9/100
|move|p2a: Primarina|Moonblast|p1a: Walking Wake
|-supereffective|p1a: Walking Wake
|-damage|p1a: Walking Wake|0 fnt
|faint|p1a: Walking Wake
|-end|p1a: Walking Wake|Protosynthesis|[silent]
|
|-weather|SunnyDay|[upkeep]
|upkeep
|
|t:|1779693231
|switch|p1a: Great Tusk|Great Tusk|100/100
|-activate|p1a: Great Tusk|ability: Protosynthesis
|-start|p1a: Great Tusk|protosynthesisspe
|turn|11
|
|t:|1779693239
|move|p1a: Great Tusk|Rapid Spin|p2a: Primarina
|-crit|p2a: Primarina
|-damage|p2a: Primarina|0 fnt
|-boost|p1a: Great Tusk|spe|1
|faint|p2a: Primarina
|
|-weather|SunnyDay|[upkeep]
|upkeep
|
|t:|1779693246
|switch|p2a: Iron Valiant|Iron Valiant|100/100
|-enditem|p2a: Iron Valiant|Booster Energy
|-activate|p2a: Iron Valiant|ability: Quark Drive|[fromitem]
|-start|p2a: Iron Valiant|quarkdrivespe
|turn|12
|
|t:|1779693251
|move|p1a: Great Tusk|Headlong Rush|p2a: Iron Valiant
|-damage|p2a: Iron Valiant|31/100
|-unboost|p1a: Great Tusk|def|1
|-unboost|p1a: Great Tusk|spd|1
|move|p2a: Iron Valiant|Close Combat|p1a: Great Tusk
|-damage|p1a: Great Tusk|43/100
|-unboost|p2a: Iron Valiant|def|1
|-unboost|p2a: Iron Valiant|spd|1
|-damage|p2a: Iron Valiant|14/100|[from] item: Rocky Helmet|[of] p1a: Great Tusk
|
|-weather|SunnyDay|[upkeep]
|upkeep
|turn|13
|
|t:|1779693269
|-end|p2a: Iron Valiant|Quark Drive|[silent]
|switch|p2a: Iron Treads|Iron Treads|100/100
|move|p1a: Great Tusk|Headlong Rush|p2a: Iron Treads
|-supereffective|p2a: Iron Treads
|-damage|p2a: Iron Treads|8/100
|-unboost|p1a: Great Tusk|def|1
|-unboost|p1a: Great Tusk|spd|1
|
|-weather|SunnyDay|[upkeep]
|-heal|p2a: Iron Treads|14/100|[from] item: Leftovers
|upkeep
|turn|14
|
|t:|1779693292
|move|p1a: Great Tusk|Headlong Rush|p2a: Iron Treads
|-supereffective|p2a: Iron Treads
|-damage|p2a: Iron Treads|0 fnt
|-unboost|p1a: Great Tusk|def|1
|-unboost|p1a: Great Tusk|spd|1
|faint|p2a: Iron Treads
|-end|p2a: Iron Treads|Quark Drive|[silent]
|
|-weather|none
|-end|p1a: Great Tusk|Protosynthesis
|upkeep
|
|t:|1779693295
|switch|p2a: Greninja|Greninja, M|58/100
|turn|15
|
|t:|1779693301
|-end|p1a: Great Tusk|Protosynthesis|[silent]
|switch|p1a: Ninetales|Ninetales, M|83/100
|-weather|SunnyDay|[from] ability: Drought|[of] p1a: Ninetales
|move|p2a: Greninja|Water Shuriken|p1a: Ninetales
|-supereffective|p1a: Ninetales
|-damage|p1a: Ninetales|73/100
|-supereffective|p1a: Ninetales
|-damage|p1a: Ninetales|63/100
|-supereffective|p1a: Ninetales
|-damage|p1a: Ninetales|52/100
|-supereffective|p1a: Ninetales
|-damage|p1a: Ninetales|42/100
|-hitcount|p1a: Ninetales|4
|
|-weather|SunnyDay|[upkeep]
|upkeep
|turn|16
|
|t:|1779693312
|switch|p1a: Great Tusk|Great Tusk|43/100
|-activate|p1a: Great Tusk|ability: Protosynthesis
|-start|p1a: Great Tusk|protosynthesisspe
|move|p2a: Greninja|Water Shuriken|p1a: Great Tusk
|-supereffective|p1a: Great Tusk
|-damage|p1a: Great Tusk|30/100
|-supereffective|p1a: Great Tusk
|-damage|p1a: Great Tusk|18/100
|-supereffective|p1a: Great Tusk
|-crit|p1a: Great Tusk
|-damage|p1a: Great Tusk|0 fnt
|faint|p1a: Great Tusk
|-end|p1a: Great Tusk|Protosynthesis|[silent]
|-ability|p2a: Greninja|Battle Bond|boost
|-boost|p2a: Greninja|atk|1
|-boost|p2a: Greninja|spa|1
|-boost|p2a: Greninja|spe|1
|-activate|p2a: Greninja|ability: Battle Bond
|-hitcount|p1: Great Tusk|3
|
|-weather|SunnyDay|[upkeep]
|upkeep
|
|t:|1779693314
|switch|p1a: Comfey|Comfey, F|100/100
|turn|17
|
|t:|1779693326
|-terastallize|p2a: Greninja|Water
|-terastallize|p1a: Comfey|Water
|move|p2a: Greninja|Water Shuriken|p1a: Comfey
|-resisted|p1a: Comfey
|-damage|p1a: Comfey|95/100
|-resisted|p1a: Comfey
|-crit|p1a: Comfey
|-damage|p1a: Comfey|88/100
|-resisted|p1a: Comfey
|-damage|p1a: Comfey|83/100
|-resisted|p1a: Comfey
|-damage|p1a: Comfey|78/100
|-resisted|p1a: Comfey
|-damage|p1a: Comfey|72/100
|-hitcount|p1a: Comfey|5
|move|p1a: Comfey|Growth|p1a: Comfey
|-boost|p1a: Comfey|atk|2
|-boost|p1a: Comfey|spa|2
|
|-weather|SunnyDay|[upkeep]
|upkeep
|turn|18
|
|t:|1779693335
|move|p1a: Comfey|Draining Kiss|p2a: Greninja
|-damage|p2a: Greninja|0 fnt
|-heal|p1a: Comfey|100/100|[from] drain|[of] p2a: Greninja
|faint|p2a: Greninja
|-damage|p1a: Comfey|91/100|[from] item: Life Orb
|
|-weather|SunnyDay|[upkeep]
|upkeep
|
|t:|1779693337
|switch|p2a: Kingambit|Kingambit, M|100/100
|-activate|p2a: Kingambit|ability: Supreme Overlord
|-start|p2a: Kingambit|fallen4|[silent]
|turn|19
|
|t:|1779693340
|move|p1a: Comfey|Draining Kiss|p2a: Kingambit
|-damage|p2a: Kingambit|38/100
|-heal|p1a: Comfey|100/100|[from] drain|[of] p2a: Kingambit
|-damage|p1a: Comfey|91/100|[from] item: Life Orb
|move|p2a: Kingambit|Kowtow Cleave|p1a: Comfey
|-damage|p1a: Comfey|12/100
|
|-weather|SunnyDay|[upkeep]
|-heal|p2a: Kingambit|44/100|[from] item: Leftovers
|upkeep
|turn|20
|
|t:|1779693345
|move|p1a: Comfey|Draining Kiss|p2a: Kingambit
|-damage|p2a: Kingambit|0 fnt
|-heal|p1a: Comfey|49/100|[from] drain|[of] p2a: Kingambit
|faint|p2a: Kingambit
|-end|p2a: Kingambit|fallen4|[silent]
|-damage|p1a: Comfey|39/100|[from] item: Life Orb
|
|-weather|SunnyDay|[upkeep]
|upkeep
|-message|NoobishTrainerJoe forfeited.
|
|win|NojaKalm
|raw|NojaKalm's rating: 1623 &rarr; <strong>1644</strong><br />(+21 for winning)
|raw|NoobishTrainerJoe's rating: 1644 &rarr; <strong>1623</strong><br />(-21 for losing)
|l|☆NoobishTrainerJoe
|player|p2|
|l|☆NojaKalm
|player|p1|
