|j|☆Regikick&&
|j|☆Huge Brew
|t:|1779684015
|gametype|singles
|player|p1|Regikick&&|102|1130
|player|p2|Huge Brew|galacticgrunt|1180
|gen|9
|tier|[Gen 9] OU
|rated|
|rule|HP Percentage Mod: HP is shown in percentages
|rule|Endless Battle Clause: Forcing endless battles is banned
|rule|Species Clause: Limit one of each Pokémon
|rule|OHKO Clause: OHKO moves are banned
|rule|Evasion Items Clause: Evasion items are banned
|rule|Evasion Moves Clause: Evasion moves are banned
|rule|Evasion Abilities Clause: Evasion abilities are banned
|rule|Sleep Moves Clause: Sleep-inducing moves are banned
|clearpoke
|poke|p1|Gengar, F|
|poke|p1|Arcanine-Hisui, F|
|poke|p1|Kingambit, M|
|poke|p1|Gyarados, F|
|poke|p1|Zoroark-Hisui, F|
|poke|p1|Tyranitar, M|
|poke|p2|Tyranitar, M|
|poke|p2|Zamazenta-*|
|poke|p2|Iron Treads|
|poke|p2|Iron Valiant|
|poke|p2|Zapdos|
|poke|p2|Ogerpon-Wellspring, F|
|teampreview
|inactive|Battle timer is ON: inactive players will automatically lose when time's up. (requested by Huge Brew)
|inactive|Regikick&& has 120 seconds left.
|
|t:|1779684049
|teamsize|p1|6
|teamsize|p2|6
|start
|switch|p1a: Arcanine|Arcanine-Hisui, F|100/100
|switch|p2a: Air Fryer|Iron Treads|100/100
|-item|p2a: Air Fryer|Air Balloon
|turn|1
|
|t:|1779684066
|-end|p2a: Air Fryer|Quark Drive|[silent]
|switch|p2a: Beef Stew|Zamazenta|100/100
|-ability|p2a: Beef Stew|Dauntless Shield|boost
|-boost|p2a: Beef Stew|def|1
|move|p1a: Arcanine|Flamethrower|p2a: Beef Stew
|-damage|p2a: Beef Stew|67/100
|
|-heal|p2a: Beef Stew|73/100|[from] item: Leftovers
|upkeep
|turn|2
|
|t:|1779684080
|switch|p1a: Gengar|Gengar, F, shiny|100/100
|move|p2a: Beef Stew|Crunch|p1a: Gengar
|-supereffective|p1a: Gengar
|-damage|p1a: Gengar|11/100
|
|-heal|p2a: Beef Stew|80/100|[from] item: Leftovers
|-heal|p1a: Gengar|17/100|[from] item: Black Sludge
|upkeep
|turn|3
|
|t:|1779684093
|move|p2a: Beef Stew|Crunch|p1a: Gengar
|-supereffective|p1a: Gengar
|-damage|p1a: Gengar|0 fnt
|faint|p1a: Gengar
|
|-heal|p2a: Beef Stew|86/100|[from] item: Leftovers
|upkeep
|
|t:|1779684106
|switch|p1a: Gyarados|Gyarados, F, shiny|100/100
|turn|4
|
|t:|1779684115
|move|p2a: Beef Stew|Crunch|p1a: Gyarados
|-damage|p1a: Gyarados|75/100
|-unboost|p1a: Gyarados|def|1
|move|p1a: Gyarados|Waterfall|p2a: Beef Stew
|-damage|p2a: Beef Stew|57/100
|-damage|p1a: Gyarados|65/100|[from] item: Life Orb
|
|-heal|p2a: Beef Stew|64/100|[from] item: Leftovers
|upkeep
|turn|5
|
|t:|1779684129
|move|p2a: Beef Stew|Crunch|p1a: Gyarados
|-damage|p1a: Gyarados|25/100
|move|p1a: Gyarados|Waterfall|p2a: Beef Stew
|-damage|p2a: Beef Stew|38/100
|-damage|p1a: Gyarados|15/100|[from] item: Life Orb
|
|-heal|p2a: Beef Stew|44/100|[from] item: Leftovers
|upkeep
|turn|6
|
|t:|1779684139
|move|p2a: Beef Stew|Crunch|p1a: Gyarados
|-damage|p1a: Gyarados|0 fnt
|faint|p1a: Gyarados
|
|-heal|p2a: Beef Stew|50/100|[from] item: Leftovers
|upkeep
|
|t:|1779684147
|switch|p1a: Arcanine|Arcanine-Hisui, F|100/100
|turn|7
|
|t:|1779684151
|move|p2a: Beef Stew|Body Press|p1a: Arcanine
|-immune|p1a: Arcanine
|move|p1a: Arcanine|Psychic|p2a: Beef Stew
|-supereffective|p2a: Beef Stew
|-damage|p2a: Beef Stew|0 fnt
|faint|p2a: Beef Stew
|
|upkeep
|
|t:|1779684161
|switch|p2a: Pack Leader|Tyranitar, M, shiny|100/100
|-weather|Sandstorm|[from] ability: Sand Stream|[of] p2a: Pack Leader
|turn|8
|
|t:|1779684175
|switch|p1a: Tyranitar|Tyranitar, M|100/100
|move|p2a: Pack Leader|Knock Off|p1a: Tyranitar
|-resisted|p1a: Tyranitar
|-damage|p1a: Tyranitar|64/100
|-enditem|p1a: Tyranitar|Loaded Dice|[from] move: Knock Off|[of] p2a: Pack Leader
|
|-weather|Sandstorm|[upkeep]
|upkeep
|turn|9
|
|t:|1779684187
|switch|p2a: Ogerpon|Ogerpon-Wellspring, F|100/100
|-terastallize|p1a: Tyranitar|Ground
|move|p1a: Tyranitar|Earthquake|p2a: Ogerpon
|-resisted|p2a: Ogerpon
|-damage|p2a: Ogerpon|61/100
|
|-weather|Sandstorm|[upkeep]
|-damage|p2a: Ogerpon|55/100|[from] Sandstorm
|upkeep
|turn|10
|
|t:|1779684200
|move|p2a: Ogerpon|Horn Leech|p1a: Tyranitar
|-supereffective|p1a: Tyranitar
|-damage|p1a: Tyranitar|0 fnt
|-heal|p2a: Ogerpon|91/100|[from] drain|[of] p1a: Tyranitar
|faint|p1a: Tyranitar
|
|-weather|Sandstorm|[upkeep]
|-damage|p2a: Ogerpon|85/100|[from] Sandstorm
|upkeep
|
|t:|1779684211
|switch|p1a: Arcanine|Arcanine-Hisui, F|100/100
|turn|11
|
|t:|1779684219
|move|p2a: Ogerpon|Ivy Cudgel|p1a: Arcanine|[anim] Ivy Cudgel Water
|-damage|p1a: Arcanine|0 fnt
|replace|p1a: Zoroark|Zoroark-Hisui, F
|-end|p1a: Zoroark|Illusion
|faint|p1a: Zoroark
|
|-weather|Sandstorm|[upkeep]
|-damage|p2a: Ogerpon|79/100|[from] Sandstorm
|upkeep
|
|t:|1779684238
|switch|p1a: Arcanine|Arcanine-Hisui, F|100/100
|turn|12
|
|t:|1779684245
|move|p2a: Ogerpon|Ivy Cudgel|p1a: Arcanine|[anim] Ivy Cudgel Water
|-supereffective|p1a: Arcanine
|-damage|p1a: Arcanine|0 fnt
|faint|p1a: Arcanine
|
|-weather|none
|upkeep
|
|t:|1779684253
|switch|p1a: Kingambit|Kingambit, M|100/100
|-activate|p1a: Kingambit|ability: Supreme Overlord
|-start|p1a: Kingambit|fallen5|[silent]
|turn|13
|
|t:|1779684257
|move|p2a: Ogerpon|Ivy Cudgel|p1a: Kingambit|[anim] Ivy Cudgel Water
|-damage|p1a: Kingambit|57/100
|move|p1a: Kingambit|Swords Dance|p1a: Kingambit
|-boost|p1a: Kingambit|atk|2
|
|upkeep
|turn|14
|
|t:|1779684265
|move|p1a: Kingambit|Sucker Punch|p2a: Ogerpon
|-damage|p2a: Ogerpon|0 fnt
|faint|p2a: Ogerpon
|-damage|p1a: Kingambit|47/100|[from] item: Life Orb
|
|upkeep
|
|t:|1779684272
|switch|p2a: Pack Leader|Tyranitar, M, shiny|100/100
|-weather|Sandstorm|[from] ability: Sand Stream|[of] p2a: Pack Leader
|turn|15
|
|t:|1779684281
|move|p1a: Kingambit|Sucker Punch|p2a: Pack Leader
|-resisted|p2a: Pack Leader
|-damage|p2a: Pack Leader|28/100
|-damage|p1a: Kingambit|37/100|[from] item: Life Orb
|move|p2a: Pack Leader|Low Kick|p1a: Kingambit
|-supereffective|p1a: Kingambit
|-damage|p1a: Kingambit|0 fnt
|faint|p1a: Kingambit
|-end|p1a: Kingambit|fallen5|[silent]
|
|win|Huge Brew
|raw|Regikick&amp;&amp;'s rating: 1130 &rarr; <strong>1109</strong><br />(-21 for losing)
|raw|Huge Brew's rating: 1180 &rarr; <strong>1201</strong><br />(+21 for winning)
|l|☆Regikick&&
|player|p1|
|l|☆Huge Brew
|player|p2|
