|j|☆crismadara21!
|j|☆VelvetLeveilleur
|t:|1779565947
|gametype|singles
|player|p1|crismadara21!|steven|1170
|player|p2|VelvetLeveilleur|hilda|1195
|gen|9
|tier|[Gen 9] OU
|rated|
|rule|HP Percentage Mod: HP is shown in percentages
|rule|Endless Battle Clause: Forcing endless battles is banned
|rule|Species Clause: Limit one of each Pokémon
|rule|OHKO Clause: OHKO moves are banned
|rule|Evasion Items Clause: Evasion items are banned
|rule|Evasion Moves Clause: Evasion moves are banned
|rule|Evasion Abilities Clause: Evasion abilities are banned
|rule|Sleep Moves Clause: Sleep-inducing moves are banned
|clearpoke
|poke|p1|Iron Moth|
|poke|p1|Iron Treads|
|poke|p1|Metagross|
|poke|p1|Meowscarada, F|
|poke|p1|Orthworm, M|
|poke|p1|Primarina, F|
|poke|p2|Iron Moth|
|poke|p2|Gliscor, M|
|poke|p2|Hatterene, F|
|poke|p2|Ogerpon-Wellspring, F|
|poke|p2|Raging Bolt|
|poke|p2|Zamazenta-*|
|teampreview
|
|t:|1779565955
|teamsize|p1|6
|teamsize|p2|6
|start
|switch|p1a: Orthworm|Orthworm, M|100/100
|switch|p2a: Zamazenta|Zamazenta|100/100
|-ability|p2a: Zamazenta|Dauntless Shield|boost
|-boost|p2a: Zamazenta|def|1
|turn|1
|
|t:|1779565966
|switch|p2a: Hatterene|Hatterene, F|100/100
|-terastallize|p1a: Orthworm|Electric
|move|p1a: Orthworm|Iron Defense|p1a: Orthworm
|-boost|p1a: Orthworm|def|2
|
|upkeep
|turn|2
|
|t:|1779565978
|switch|p2a: Gliscor|Gliscor, M|100/100
|move|p1a: Orthworm|Iron Defense|p1a: Orthworm
|-boost|p1a: Orthworm|def|2
|
|-status|p2a: Gliscor|tox|[from] item: Toxic Orb
|upkeep
|turn|3
|
|t:|1779565992
|move|p2a: Gliscor|Agility|p2a: Gliscor
|-boost|p2a: Gliscor|spe|2
|move|p1a: Orthworm|Iron Head|p2a: Gliscor
|-damage|p2a: Gliscor|80/100 tox
|
|-heal|p2a: Gliscor|93/100 tox|[from] ability: Poison Heal
|upkeep
|turn|4
|
|t:|1779566003
|move|p2a: Gliscor|Swords Dance|p2a: Gliscor
|-boost|p2a: Gliscor|atk|2
|move|p1a: Orthworm|Iron Defense|p1a: Orthworm
|-boost|p1a: Orthworm|def|2
|
|-heal|p2a: Gliscor|100/100 tox|[from] ability: Poison Heal
|upkeep
|turn|5
|
|t:|1779566019
|move|p2a: Gliscor|Swords Dance|p2a: Gliscor
|-boost|p2a: Gliscor|atk|2
|move|p1a: Orthworm|Body Press|p2a: Gliscor
|-resisted|p2a: Gliscor
|-damage|p2a: Gliscor|48/100 tox
|
|-heal|p2a: Gliscor|60/100 tox|[from] ability: Poison Heal
|upkeep
|turn|6
|
|t:|1779566029
|move|p2a: Gliscor|Earthquake|p1a: Orthworm
|-immune|p1a: Orthworm|[from] ability: Earth Eater
|move|p1a: Orthworm|Body Press|p2a: Gliscor
|-resisted|p2a: Gliscor
|-damage|p2a: Gliscor|2/100 tox
|
|-heal|p2a: Gliscor|14/100 tox|[from] ability: Poison Heal
|upkeep
|turn|7
|
|t:|1779566039
|move|p2a: Gliscor|Facade|p1a: Orthworm
|-damage|p1a: Orthworm|84/100
|-damage|p2a: Gliscor|0 fnt|[from] item: Rocky Helmet|[of] p1a: Orthworm
|faint|p2a: Gliscor
|move|p1a: Orthworm|Body Press|p2: Gliscor|[notarget]
|-fail|p1a: Orthworm
|
|upkeep
|
|t:|1779566050
|switch|p2a: Iron Moth|Iron Moth|100/100
|-enditem|p2a: Iron Moth|Booster Energy
|-activate|p2a: Iron Moth|ability: Quark Drive|[fromitem]
|-start|p2a: Iron Moth|quarkdrivespe
|turn|8
|
|t:|1779566056
|move|p1a: Orthworm|Earth Power|p2a: Iron Moth
|-supereffective|p2a: Iron Moth
|-damage|p2a: Iron Moth|52/100
|move|p2a: Iron Moth|Whirlwind|p1a: Orthworm
|drag|p1a: Iron Treads|Iron Treads|100/100
|
|upkeep
|turn|9
|
|t:|1779566065
|move|p2a: Iron Moth|Toxic Spikes|p1a: Iron Treads
|-sidestart|p1: crismadara21!|move: Toxic Spikes
|move|p1a: Iron Treads|Earthquake|p2a: Iron Moth
|-supereffective|p2a: Iron Moth
|-damage|p2a: Iron Moth|0 fnt
|faint|p2a: Iron Moth
|-end|p2a: Iron Moth|Quark Drive|[silent]
|
|upkeep
|
|t:|1779566071
|switch|p2a: Hatterene|Hatterene, F|100/100
|turn|10
|
|t:|1779566075
|move|p1a: Iron Treads|Rapid Spin|p2a: Hatterene
|-damage|p2a: Hatterene|87/100
|-boost|p1a: Iron Treads|spe|1
|-sideend|p1: crismadara21!|Toxic Spikes|[from] move: Rapid Spin|[of] p1a: Iron Treads
|move|p2a: Hatterene|Calm Mind|p2a: Hatterene
|-boost|p2a: Hatterene|spa|1
|-boost|p2a: Hatterene|spd|1
|
|-heal|p2a: Hatterene|93/100|[from] item: Leftovers
|upkeep
|turn|11
|
|t:|1779566086
|move|p1a: Iron Treads|Iron Head|p2a: Hatterene
|-supereffective|p2a: Hatterene
|-damage|p2a: Hatterene|27/100
|move|p2a: Hatterene|Mystical Fire|p1a: Iron Treads
|-supereffective|p1a: Iron Treads
|-damage|p1a: Iron Treads|6/100
|-unboost|p1a: Iron Treads|spa|1
|
|-heal|p2a: Hatterene|33/100|[from] item: Leftovers
|upkeep
|turn|12
|
|t:|1779566097
|move|p1a: Iron Treads|Iron Head|p2a: Hatterene
|-supereffective|p2a: Hatterene
|-damage|p2a: Hatterene|0 fnt
|faint|p2a: Hatterene
|
|upkeep
|
|t:|1779566101
|switch|p2a: Ogerpon|Ogerpon-Wellspring, F|100/100
|turn|13
|
|t:|1779566106
|move|p1a: Iron Treads|Ice Spinner|p2a: Ogerpon
|-damage|p2a: Ogerpon|69/100
|move|p2a: Ogerpon|Trailblaze|p1a: Iron Treads
|-damage|p1a: Iron Treads|0 fnt
|-boost|p2a: Ogerpon|spe|1
|faint|p1a: Iron Treads
|-end|p1a: Iron Treads|Quark Drive|[silent]
|
|upkeep
|
|t:|1779566120
|switch|p1a: Orthworm|Orthworm, M, tera:Electric|84/100
|turn|14
|
|t:|1779566126
|move|p2a: Ogerpon|Ivy Cudgel|p1a: Orthworm|[anim] Ivy Cudgel Water
|-damage|p1a: Orthworm|50/100
|move|p1a: Orthworm|Iron Defense|p1a: Orthworm
|-boost|p1a: Orthworm|def|2
|
|upkeep
|turn|15
|
|t:|1779566135
|move|p2a: Ogerpon|Encore|p1a: Orthworm
|-start|p1a: Orthworm|Encore
|move|p1a: Orthworm|Iron Defense|p1a: Orthworm
|-boost|p1a: Orthworm|def|2
|
|upkeep
|turn|16
|
|t:|1779566154
|switch|p1a: Metagross|Metagross|100/100
|move|p2a: Ogerpon|Swords Dance|p2a: Ogerpon
|-boost|p2a: Ogerpon|atk|2
|
|upkeep
|turn|17
|
|t:|1779566164
|move|p2a: Ogerpon|Ivy Cudgel|p1a: Metagross|[anim] Ivy Cudgel Water
|-crit|p1a: Metagross
|-damage|p1a: Metagross|0 fnt
|faint|p1a: Metagross
|
|upkeep
|
|t:|1779566171
|switch|p1a: Iron Moth|Iron Moth|100/100
|-enditem|p1a: Iron Moth|Booster Energy
|-activate|p1a: Iron Moth|ability: Quark Drive|[fromitem]
|-start|p1a: Iron Moth|quarkdrivespa
|turn|18
|
|t:|1779566178
|move|p2a: Ogerpon|Ivy Cudgel|p1a: Iron Moth|[anim] Ivy Cudgel Water
|-supereffective|p1a: Iron Moth
|-damage|p1a: Iron Moth|0 fnt
|faint|p1a: Iron Moth
|-end|p1a: Iron Moth|Quark Drive|[silent]
|
|upkeep
|
|t:|1779566184
|switch|p1a: Orthworm|Orthworm, M, tera:Electric|50/100
|turn|19
|
|t:|1779566190
|move|p2a: Ogerpon|Ivy Cudgel|p1a: Orthworm|[anim] Ivy Cudgel Water
|-damage|p1a: Orthworm|0 fnt
|faint|p1a: Orthworm
|
|upkeep
|
|t:|1779566196
|switch|p1a: Meowscarada|Meowscarada, F|100/100
|turn|20
|
|t:|1779566202
|move|p2a: Ogerpon|Ivy Cudgel|p1a: Meowscarada|[anim] Ivy Cudgel Water
|-resisted|p1a: Meowscarada
|-damage|p1a: Meowscarada|0 fnt
|faint|p1a: Meowscarada
|
|upkeep
|-message|crismadara21! forfeited.
|
|win|VelvetLeveilleur
|raw|crismadara21!'s rating: 1170 &rarr; <strong>1147</strong><br />(-23 for losing)
|raw|VelvetLeveilleur's rating: 1195 &rarr; <strong>1218</strong><br />(+23 for winning)
|l|☆crismadara21!
|player|p1|
