|j|☆bobrumba
|j|☆Railio
|t:|1779685137
|gametype|singles
|player|p1|bobrumba|cynthia-gen4|1672
|player|p2|Railio|265|1611
|gen|9
|tier|[Gen 9] OU
|rated|
|rule|HP Percentage Mod: HP is shown in percentages
|rule|Endless Battle Clause: Forcing endless battles is banned
|rule|Species Clause: Limit one of each Pokémon
|rule|OHKO Clause: OHKO moves are banned
|rule|Evasion Items Clause: Evasion items are banned
|rule|Evasion Moves Clause: Evasion moves are banned
|rule|Evasion Abilities Clause: Evasion abilities are banned
|rule|Sleep Moves Clause: Sleep-inducing moves are banned
|clearpoke
|poke|p1|Dondozo, M|
|poke|p1|Blissey, F|
|poke|p1|Corviknight, F|
|poke|p1|Weezing-Galar, M|
|poke|p1|Gliscor, M|
|poke|p1|Toxapex, F|
|poke|p2|Cinderace, M|
|poke|p2|Meowscarada, F|
|poke|p2|Corviknight, F|
|poke|p2|Iron Boulder|
|poke|p2|Iron Valiant|
|poke|p2|Iron Moth|
|teampreview
|inactive|Battle timer is ON: inactive players will automatically lose when time's up. (requested by Railio)
|
|t:|1779685144
|teamsize|p1|6
|teamsize|p2|6
|start
|switch|p1a: Gliscor|Gliscor, M|100/100
|switch|p2a: Meowscarada|Meowscarada, F|100/100
|turn|1
|j| Concept Everything
|
|t:|1779685154
|move|p1a: Gliscor|Protect|p1a: Gliscor
|-singleturn|p1a: Gliscor|Protect
|move|p2a: Meowscarada|Knock Off|p1a: Gliscor
|-start|p2a: Meowscarada|typechange|Dark|[from] ability: Protean
|-activate|p1a: Gliscor|move: Protect
|
|-status|p1a: Gliscor|tox|[from] item: Toxic Orb
|upkeep
|turn|2
|
|t:|1779685163
|switch|p2a: Corviknight|Corviknight, F|100/100
|-ability|p2a: Corviknight|Pressure
|switch|p1a: Corviknight|Corviknight, F|100/100
|-ability|p1a: Corviknight|Pressure
|
|upkeep
|turn|3
|
|t:|1779685168
|switch|p1a: Gliscor|Gliscor, M|100/100 tox
|move|p2a: Corviknight|U-turn|p1a: Gliscor
|-resisted|p1a: Gliscor
|-damage|p1a: Gliscor|94/100 tox
|
|t:|1779685184
|switch|p2a: Meowscarada|Meowscarada, F|100/100|[from] U-turn
|
|-heal|p1a: Gliscor|100/100 tox|[from] ability: Poison Heal
|upkeep
|turn|4
|
|t:|1779685188
|move|p1a: Gliscor|Protect|p1a: Gliscor
|-singleturn|p1a: Gliscor|Protect
|move|p2a: Meowscarada|Trick|p1a: Gliscor
|-start|p2a: Meowscarada|typechange|Psychic|[from] ability: Protean
|-activate|p1a: Gliscor|move: Protect
|
|upkeep
|turn|5
|
|t:|1779685190
|switch|p1a: Toxapex|Toxapex, F|100/100
|move|p2a: Meowscarada|Trick|p1a: Toxapex
|-activate|p2a: Meowscarada|move: Trick|[of] p1a: Toxapex
|-item|p1a: Toxapex|Choice Scarf|[from] move: Trick
|-item|p2a: Meowscarada|Black Sludge|[from] move: Trick
|
|-damage|p2a: Meowscarada|88/100|[from] item: Black Sludge
|upkeep
|turn|6
|
|t:|1779685199
|move|p2a: Meowscarada|U-turn|p1a: Toxapex
|-resisted|p1a: Toxapex
|-damage|p1a: Toxapex|92/100
|
|t:|1779685202
|switch|p2a: Corviknight|Corviknight, F|100/100|[from] U-turn
|-ability|p2a: Corviknight|Pressure
|move|p1a: Toxapex|Toxic|p2a: Corviknight
|-immune|p2a: Corviknight
|
|upkeep
|turn|7
|
|t:|1779685216
|switch|p1a: Gliscor|Gliscor, M|100/100 tox
|move|p2a: Corviknight|U-turn|p1a: Gliscor
|-resisted|p1a: Gliscor
|-damage|p1a: Gliscor|95/100 tox
|
|t:|1779685218
|switch|p2a: Meowscarada|Meowscarada, F|88/100|[from] U-turn
|
|-damage|p2a: Meowscarada|76/100|[from] item: Black Sludge
|-heal|p1a: Gliscor|100/100 tox|[from] ability: Poison Heal
|upkeep
|turn|8
|
|t:|1779685233
|switch|p1a: Toxapex|Toxapex, F|100/100
|move|p2a: Meowscarada|U-turn|p1a: Toxapex
|-start|p2a: Meowscarada|typechange|Bug|[from] ability: Protean
|-resisted|p1a: Toxapex
|-damage|p1a: Toxapex|88/100
|inactive|Railio has 120 seconds left.
|
|t:|1779685274
|switch|p2a: Cinderace|Cinderace, M|100/100|[from] U-turn
|
|upkeep
|turn|9
|
|t:|1779685284
|switch|p1a: Gliscor|Gliscor, M|100/100 tox
|move|p2a: Cinderace|U-turn|p1a: Gliscor
|-start|p2a: Cinderace|typechange|Bug|[from] ability: Libero
|-resisted|p1a: Gliscor
|-damage|p1a: Gliscor|80/100 tox
|
|t:|1779685297
|switch|p2a: Iron Valiant|Iron Valiant|100/100|[from] U-turn
|-enditem|p2a: Iron Valiant|Booster Energy
|-activate|p2a: Iron Valiant|ability: Quark Drive|[fromitem]
|-start|p2a: Iron Valiant|quarkdrivespe
|
|-heal|p1a: Gliscor|93/100 tox|[from] ability: Poison Heal
|upkeep
|turn|10
|
|t:|1779685300
|switch|p1a: Toxapex|Toxapex, F|100/100
|move|p2a: Iron Valiant|Knock Off|p1a: Toxapex
|-damage|p1a: Toxapex|76/100
|-enditem|p1a: Toxapex|Choice Scarf|[from] move: Knock Off|[of] p2a: Iron Valiant
|
|upkeep
|turn|11
|c|☆bobrumba|ty
|
|t:|1779685317
|-end|p2a: Iron Valiant|Quark Drive|[silent]
|switch|p2a: Corviknight|Corviknight, F|100/100
|-ability|p2a: Corviknight|Pressure
|move|p1a: Toxapex|Toxic|p2a: Corviknight
|-immune|p2a: Corviknight
|
|upkeep
|turn|12
|
|t:|1779685320
|switch|p1a: Gliscor|Gliscor, M|93/100 tox
|move|p2a: Corviknight|Taunt|p1a: Gliscor
|-start|p1a: Gliscor|move: Taunt
|
|-heal|p1a: Gliscor|100/100 tox|[from] ability: Poison Heal
|upkeep
|turn|13
|
|t:|1779685325
|switch|p1a: Toxapex|Toxapex, F|100/100
|move|p2a: Corviknight|U-turn|p1a: Toxapex
|-resisted|p1a: Toxapex
|-damage|p1a: Toxapex|95/100
|
|t:|1779685328
|switch|p2a: Iron Boulder|Iron Boulder|100/100|[from] U-turn
|-enditem|p2a: Iron Boulder|Booster Energy
|-activate|p2a: Iron Boulder|ability: Quark Drive|[fromitem]
|-start|p2a: Iron Boulder|quarkdrivespe
|
|upkeep
|turn|14
|
|t:|1779685331
|move|p2a: Iron Boulder|Swords Dance|p2a: Iron Boulder
|-boost|p2a: Iron Boulder|atk|2
|move|p1a: Toxapex|Toxic|p2a: Iron Boulder
|-status|p2a: Iron Boulder|tox
|
|-damage|p2a: Iron Boulder|94/100 tox|[from] psn
|upkeep
|turn|15
|
|t:|1779685338
|switch|p1a: Dondozo|Dondozo, M|100/100
|move|p2a: Iron Boulder|Mighty Cleave|p1a: Dondozo
|-damage|p1a: Dondozo|79/100
|
|-heal|p1a: Dondozo|85/100|[from] item: Leftovers
|-damage|p2a: Iron Boulder|82/100 tox|[from] psn
|upkeep
|turn|16
|
|t:|1779685345
|move|p2a: Iron Boulder|Mighty Cleave|p1a: Dondozo
|-damage|p1a: Dondozo|63/100
|move|p1a: Dondozo|Body Press|p2a: Iron Boulder
|-damage|p2a: Iron Boulder|47/100 tox
|
|-heal|p1a: Dondozo|69/100|[from] item: Leftovers
|-damage|p2a: Iron Boulder|29/100 tox|[from] psn
|upkeep
|turn|17
|
|t:|1779685360
|move|p2a: Iron Boulder|Zen Headbutt|p1a: Dondozo
|-damage|p1a: Dondozo|51/100
|move|p1a: Dondozo|Rest|p1a: Dondozo
|-status|p1a: Dondozo|slp|[from] move: Rest
|-heal|p1a: Dondozo|100/100 slp|[silent]
|
|-damage|p2a: Iron Boulder|4/100 tox|[from] psn
|upkeep
|turn|18
|
|t:|1779685366
|move|p2a: Iron Boulder|Zen Headbutt|p1a: Dondozo
|-damage|p1a: Dondozo|82/100 slp
|cant|p1a: Dondozo|slp
|move|p1a: Dondozo|Sleep Talk|p1a: Dondozo
|move|p1a: Dondozo|Rest||[from] move: Sleep Talk|[still]
|-fail|p1a: Dondozo
|
|-heal|p1a: Dondozo|88/100 slp|[from] item: Leftovers
|-damage|p2a: Iron Boulder|0 fnt|[from] psn
|faint|p2a: Iron Boulder
|-end|p2a: Iron Boulder|Quark Drive|[silent]
|upkeep
|c|☆bobrumba|gg
|
|t:|1779685388
|switch|p2a: Iron Valiant|Iron Valiant|100/100
|turn|19
|-message|Railio forfeited.
|
|win|bobrumba
|raw|bobrumba's rating: 1672 &rarr; <strong>1689</strong><br />(+17 for winning)
|raw|Railio's rating: 1611 &rarr; <strong>1594</strong><br />(-17 for losing)
|l|☆Railio
|player|p2|
|l| Concept Everything
