|j|☆Andher
|j|☆MangLe12138
|t:|1779716336
|gametype|singles
|player|p1|Andher|shadowtriad|1434
|player|p2|MangLe12138|pokefan|1467
|gen|9
|tier|[Gen 9] OU
|rated|
|rule|HP Percentage Mod: HP is shown in percentages
|rule|Endless Battle Clause: Forcing endless battles is banned
|rule|Species Clause: Limit one of each Pokémon
|rule|OHKO Clause: OHKO moves are banned
|rule|Evasion Items Clause: Evasion items are banned
|rule|Evasion Moves Clause: Evasion moves are banned
|rule|Evasion Abilities Clause: Evasion abilities are banned
|rule|Sleep Moves Clause: Sleep-inducing moves are banned
|clearpoke
|poke|p1|Corviknight, F|
|poke|p1|Samurott-Hisui, F|
|poke|p1|Kingambit, F|
|poke|p1|Skeledirge, F|
|poke|p1|Gengar, F|
|poke|p1|Dragapult, F|
|poke|p2|Scizor, F|
|poke|p2|Manaphy|
|poke|p2|Latios, M|
|poke|p2|Ogerpon, F|
|poke|p2|Iron Jugulis|
|poke|p2|Garchomp, F|
|teampreview
|inactive|Battle timer is ON: inactive players will automatically lose when time's up. (requested by MangLe12138)
|
|t:|1779716345
|teamsize|p1|6
|teamsize|p2|6
|start
|switch|p1a: Mort|Skeledirge, F|100/100
|switch|p2a: Garchomp|Garchomp, F|100/100
|turn|1
|
|t:|1779716367
|-terastallize|p1a: Mort|Fairy
|move|p2a: Garchomp|Stealth Rock|p1a: Mort
|-sidestart|p1: Andher|move: Stealth Rock
|move|p1a: Mort|Torch Song|p2a: Garchomp
|-resisted|p2a: Garchomp
|-damage|p2a: Garchomp|84/100
|-boost|p1a: Mort|spa|1
|
|upkeep
|turn|2
|
|t:|1779716376
|move|p2a: Garchomp|Earthquake|p1a: Mort
|-damage|p1a: Mort|59/100
|-damage|p2a: Garchomp|74/100|[from] item: Life Orb
|move|p1a: Mort|Torch Song|p2a: Garchomp
|-resisted|p2a: Garchomp
|-damage|p2a: Garchomp|48/100
|-boost|p1a: Mort|spa|1
|
|upkeep
|turn|3
|
|t:|1779716390
|move|p2a: Garchomp|Earthquake|p1a: Mort
|-damage|p1a: Mort|16/100
|-damage|p2a: Garchomp|38/100|[from] item: Life Orb
|move|p1a: Mort|Alluring Voice|p2a: Garchomp
|-supereffective|p2a: Garchomp
|-damage|p2a: Garchomp|0 fnt
|faint|p2a: Garchomp
|
|upkeep
|inactive|MangLe12138 has 120 seconds left.
|
|t:|1779716424
|switch|p2a: Manaphy|Manaphy|100/100
|turn|4
|
|t:|1779716439
|move|p2a: Manaphy|Surf|p1a: Mort
|-damage|p1a: Mort|0 fnt
|faint|p1a: Mort
|
|upkeep
|
|t:|1779716444
|switch|p1a: Ombra|Dragapult, F|100/100
|-damage|p1a: Ombra|88/100|[from] Stealth Rock
|turn|5
|
|t:|1779716452
|move|p1a: Ombra|Draco Meteor|p2a: Manaphy|[miss]
|-miss|p1a: Ombra|p2a: Manaphy
|move|p2a: Manaphy|Ice Beam|p1a: Ombra
|-supereffective|p1a: Ombra
|-damage|p1a: Ombra|23/100
|
|upkeep
|turn|6
|
|t:|1779716459
|move|p1a: Ombra|Draco Meteor|p2a: Manaphy
|-damage|p2a: Manaphy|16/100
|-unboost|p1a: Ombra|spa|2
|-enditem|p2a: Manaphy|Sitrus Berry|[eat]
|-heal|p2a: Manaphy|41/100|[from] item: Sitrus Berry
|move|p2a: Manaphy|Ice Beam|p1a: Ombra
|-supereffective|p1a: Ombra
|-damage|p1a: Ombra|0 fnt
|faint|p1a: Ombra
|
|upkeep
|
|t:|1779716470
|switch|p1a: Ronin|Samurott-Hisui, F|100/100
|-damage|p1a: Ronin|88/100|[from] Stealth Rock
|turn|7
|inactive|Andher has 120 seconds left.
|
|t:|1779716501
|move|p1a: Ronin|Ceaseless Edge|p2a: Manaphy
|-damage|p2a: Manaphy|0 fnt
|-sidestart|p2: MangLe12138|Spikes
|faint|p2a: Manaphy
|
|upkeep
|
|t:|1779716527
|switch|p2a: Scizor|Scizor, F|100/100
|-damage|p2a: Scizor|88/100|[from] Spikes
|turn|8
|
|t:|1779716532
|switch|p1a: Corax|Corviknight, F|100/100
|-damage|p1a: Corax|88/100|[from] Stealth Rock
|-ability|p1a: Corax|Pressure
|move|p2a: Scizor|Close Combat|p1a: Corax
|-damage|p1a: Corax|54/100
|-unboost|p2a: Scizor|def|1
|-unboost|p2a: Scizor|spd|1
|-damage|p2a: Scizor|72/100|[from] item: Rocky Helmet|[of] p1a: Corax
|
|upkeep
|turn|9
|inactive|Andher has 120 seconds left.
|
|t:|1779716569
|move|p1a: Corax|Defog|p2a: Scizor
|-unboost|p2a: Scizor|evasion|1
|-sideend|p2: MangLe12138|Spikes|[from] move: Defog|[of] p1a: Corax
|-sideend|p1: Andher|Stealth Rock|[from] move: Defog|[of] p1a: Corax
|move|p2a: Scizor|Knock Off|p1a: Corax
|-damage|p1a: Corax|26/100
|-damage|p2a: Scizor|55/100|[from] item: Rocky Helmet|[of] p1a: Corax
|-enditem|p1a: Corax|Rocky Helmet|[from] move: Knock Off|[of] p2a: Scizor
|
|upkeep
|turn|10
|
|t:|1779716580
|move|p2a: Scizor|Bullet Punch|p1a: Corax
|-resisted|p1a: Corax
|-damage|p1a: Corax|13/100
|move|p1a: Corax|Roost|p1a: Corax
|-heal|p1a: Corax|63/100
|-singleturn|p1a: Corax|move: Roost
|
|upkeep
|turn|11
|inactive|Andher has 120 seconds left.
|
|t:|1779716589
|move|p1a: Corax|Roost|p1a: Corax
|-heal|p1a: Corax|100/100
|-singleturn|p1a: Corax|move: Roost
|move|p2a: Scizor|Close Combat|p1a: Corax
|-supereffective|p1a: Corax
|-damage|p1a: Corax|37/100
|-unboost|p2a: Scizor|def|1
|-unboost|p2a: Scizor|spd|1
|
|upkeep
|turn|12
|
|t:|1779716599
|move|p1a: Corax|Body Press|p2a: Scizor
|-damage|p2a: Scizor|11/100
|-enditem|p2a: Scizor|Sitrus Berry|[eat]
|-heal|p2a: Scizor|35/100|[from] item: Sitrus Berry
|move|p2a: Scizor|Close Combat|p1a: Corax
|-damage|p1a: Corax|5/100
|-unboost|p2a: Scizor|def|1
|-unboost|p2a: Scizor|spd|1
|
|upkeep
|turn|13
|
|t:|1779716611
|switch|p1a: Ronin|Samurott-Hisui, F|88/100
|move|p2a: Scizor|Bullet Punch|p1a: Ronin
|-resisted|p1a: Ronin
|-damage|p1a: Ronin|65/100
|
|upkeep
|turn|14
|
|t:|1779716618
|move|p1a: Ronin|Ceaseless Edge|p2a: Scizor
|-damage|p2a: Scizor|0 fnt
|-sidestart|p2: MangLe12138|Spikes
|faint|p2a: Scizor
|
|upkeep
|
|t:|1779716633
|switch|p2a: Latios|Latios, M|100/100
|turn|15
|
|t:|1779716649
|move|p1a: Ronin|Ceaseless Edge|p2a: Latios
|-supereffective|p2a: Latios
|-damage|p2a: Latios|22/100
|-enditem|p2a: Latios|Weakness Policy
|-boost|p2a: Latios|atk|2|[from] item: Weakness Policy
|-boost|p2a: Latios|spa|2|[from] item: Weakness Policy
|-sidestart|p2: MangLe12138|Spikes
|move|p2a: Latios|Agility|p2a: Latios
|-boost|p2a: Latios|spe|2
|
|upkeep
|turn|16
|
|t:|1779716665
|switch|p1a: Corax|Corviknight, F|5/100
|-ability|p1a: Corax|Pressure
|-terastallize|p2a: Latios|Fighting
|move|p2a: Latios|Aura Sphere|p1a: Corax
|-damage|p1a: Corax|0 fnt
|faint|p1a: Corax
|
|upkeep
|
|t:|1779716677
|switch|p1a: Shogun|Kingambit, F|100/100
|-activate|p1a: Shogun|ability: Supreme Overlord
|-start|p1a: Shogun|fallen3|[silent]
|turn|17
|
|t:|1779716684
|move|p1a: Shogun|Sucker Punch|p2a: Latios
|-resisted|p2a: Latios
|-crit|p2a: Latios
|-damage|p2a: Latios|0 fnt
|faint|p2a: Latios
|
|upkeep
|
|t:|1779716693
|switch|p2a: Ogerpon|Ogerpon, F|100/100
|-damage|p2a: Ogerpon|84/100|[from] Spikes
|turn|18
|
|t:|1779716717
|move|p2a: Ogerpon|Encore|p1a: Shogun
|-start|p1a: Shogun|Encore
|move|p1a: Shogun|Sucker Punch||[still]
|-fail|p1a: Shogun
|
|upkeep
|turn|19
|inactive|Andher has 120 seconds left.
|
|t:|1779716748
|-end|p1a: Shogun|fallen3|[silent]
|switch|p1a: Malson|Gengar, F, shiny|100/100
|move|p2a: Ogerpon|Swords Dance|p2a: Ogerpon
|-boost|p2a: Ogerpon|atk|2
|
|upkeep
|turn|20
|
|t:|1779716757
|move|p1a: Malson|Sludge Bomb|p2a: Ogerpon
|-supereffective|p2a: Ogerpon
|-damage|p2a: Ogerpon|0 fnt
|faint|p2a: Ogerpon
|
|upkeep
|
|t:|1779716760
|switch|p2a: Iron Jugulis|Iron Jugulis|100/100
|-enditem|p2a: Iron Jugulis|Booster Energy
|-activate|p2a: Iron Jugulis|ability: Quark Drive|[fromitem]
|-start|p2a: Iron Jugulis|quarkdrivespe
|turn|21
|inactive|Andher has 120 seconds left.
|
|t:|1779716766
|move|p2a: Iron Jugulis|Dark Pulse|p1a: Malson
|-supereffective|p1a: Malson
|-damage|p1a: Malson|0 fnt
|faint|p1a: Malson
|
|upkeep
|inactive|Andher has 120 seconds left.
|
|t:|1779716773
|switch|p1a: Ronin|Samurott-Hisui, F|65/100
|turn|22
|
|t:|1779716779
|move|p2a: Iron Jugulis|Hurricane|p1a: Ronin
|-damage|p1a: Ronin|0 fnt
|faint|p1a: Ronin
|
|upkeep
|
|t:|1779716785
|switch|p1a: Shogun|Kingambit, F|100/100
|-activate|p1a: Shogun|ability: Supreme Overlord
|-start|p1a: Shogun|fallen5|[silent]
|turn|23
|inactive|Andher has 120 seconds left.
|
|t:|1779716811
|move|p2a: Iron Jugulis|Earth Power|p1a: Shogun
|-supereffective|p1a: Shogun
|-damage|p1a: Shogun|55/100
|move|p1a: Shogun|Iron Head|p2a: Iron Jugulis
|-damage|p2a: Iron Jugulis|20/100
|
|-heal|p1a: Shogun|61/100|[from] item: Leftovers
|upkeep
|turn|24
|
|t:|1779716827
|move|p2a: Iron Jugulis|Taunt|p1a: Shogun
|-start|p1a: Shogun|move: Taunt
|move|p1a: Shogun|Iron Head|p2a: Iron Jugulis
|-damage|p2a: Iron Jugulis|0 fnt
|faint|p2a: Iron Jugulis
|-end|p2a: Iron Jugulis|Quark Drive|[silent]
|
|win|Andher
|raw|Andher's rating: 1434 &rarr; <strong>1456</strong><br />(+22 for winning)
|raw|MangLe12138's rating: 1467 &rarr; <strong>1445</strong><br />(-22 for losing)
