|j|☆MonkeYes9
|j|☆claudechamp
|t:|1779717011
|gametype|singles
|player|p1|MonkeYes9|blackbelt-gen4dp|1193
|player|p2|claudechamp|102|1271
|gen|9
|tier|[Gen 9] OU
|rated|
|rule|HP Percentage Mod: HP is shown in percentages
|rule|Endless Battle Clause: Forcing endless battles is banned
|rule|Species Clause: Limit one of each Pokémon
|rule|OHKO Clause: OHKO moves are banned
|rule|Evasion Items Clause: Evasion items are banned
|rule|Evasion Moves Clause: Evasion moves are banned
|rule|Evasion Abilities Clause: Evasion abilities are banned
|rule|Sleep Moves Clause: Sleep-inducing moves are banned
|clearpoke
|poke|p1|Iron Moth|
|poke|p1|Iron Valiant|
|poke|p1|Greninja-*, M|
|poke|p1|Metagross|
|poke|p1|Sandy Shocks|
|poke|p1|Ogerpon-Wellspring, F|
|poke|p2|Gliscor, M|
|poke|p2|Gholdengo|
|poke|p2|Zamazenta-*|
|poke|p2|Blissey, F|
|poke|p2|Skarmory, M|
|poke|p2|Pecharunt|
|teampreview
|c|☆claudechamp|hf
|inactive|Battle timer is ON: inactive players will automatically lose when time's up. (requested by MonkeYes9)
|inactive|claudechamp also wants the timer to be on.
|
|t:|1779717020
|teamsize|p1|6
|teamsize|p2|6
|start
|switch|p1a: Iron Valiant|Iron Valiant|100/100
|switch|p2a: Skarmory|Skarmory, M|100/100
|-enditem|p1a: Iron Valiant|Booster Energy
|-activate|p1a: Iron Valiant|ability: Quark Drive|[fromitem]
|-start|p1a: Iron Valiant|quarkdrivespe
|turn|1
|
|t:|1779717025
|move|p1a: Iron Valiant|Drain Punch|p2a: Skarmory
|-damage|p2a: Skarmory|76/100
|move|p2a: Skarmory|Spikes|p1a: Iron Valiant
|-sidestart|p1: MonkeYes9|Spikes
|
|upkeep
|turn|2
|
|t:|1779717032
|move|p1a: Iron Valiant|Liquidation|p2a: Skarmory
|-damage|p2a: Skarmory|57/100
|move|p2a: Skarmory|Spikes|p1a: Iron Valiant
|-sidestart|p1: MonkeYes9|Spikes
|
|upkeep
|turn|3
|
|t:|1779717037
|move|p1a: Iron Valiant|Drain Punch|p2a: Skarmory
|-damage|p2a: Skarmory|35/100
|move|p2a: Skarmory|Roost|p2a: Skarmory
|-heal|p2a: Skarmory|85/100
|-singleturn|p2a: Skarmory|move: Roost
|
|upkeep
|turn|4
|
|t:|1779717044
|move|p1a: Iron Valiant|Drain Punch|p2a: Skarmory
|-damage|p2a: Skarmory|58/100
|move|p2a: Skarmory|Spikes|p1a: Iron Valiant
|-sidestart|p1: MonkeYes9|Spikes
|
|upkeep
|turn|5
|
|t:|1779717057
|move|p1a: Iron Valiant|Liquidation|p2a: Skarmory
|-damage|p2a: Skarmory|40/100
|move|p2a: Skarmory|Whirlwind|p1a: Iron Valiant
|-end|p1a: Iron Valiant|Quark Drive|[silent]
|drag|p1a: Sandy Shocks|Sandy Shocks|100/100
|-damage|p1a: Sandy Shocks|76/100|[from] Spikes
|-enditem|p1a: Sandy Shocks|Booster Energy
|-activate|p1a: Sandy Shocks|ability: Protosynthesis|[fromitem]
|-start|p1a: Sandy Shocks|protosynthesisspa
|
|upkeep
|turn|6
|
|t:|1779717061
|switch|p2a: Gliscor|Gliscor, M|100/100
|move|p1a: Sandy Shocks|Thunderbolt|p2a: Gliscor
|-immune|p2a: Gliscor
|
|-status|p2a: Gliscor|tox|[from] item: Toxic Orb
|upkeep
|turn|7
|
|t:|1779717065
|move|p1a: Sandy Shocks|Flash Cannon|p2a: Gliscor
|-damage|p2a: Gliscor|72/100 tox
|-unboost|p2a: Gliscor|spd|1
|move|p2a: Gliscor|Earthquake|p1a: Sandy Shocks
|-supereffective|p1a: Sandy Shocks
|-damage|p1a: Sandy Shocks|2/100
|
|-heal|p2a: Gliscor|84/100 tox|[from] ability: Poison Heal
|upkeep
|turn|8
|
|t:|1779717071
|move|p2a: Gliscor|Protect|p2a: Gliscor
|-singleturn|p2a: Gliscor|Protect
|move|p1a: Sandy Shocks|Flash Cannon|p2a: Gliscor
|-activate|p2a: Gliscor|move: Protect
|
|-heal|p2a: Gliscor|97/100 tox|[from] ability: Poison Heal
|upkeep
|turn|9
|
|t:|1779717073
|move|p1a: Sandy Shocks|Flash Cannon|p2a: Gliscor
|-damage|p2a: Gliscor|51/100 tox
|move|p2a: Gliscor|Swords Dance|p2a: Gliscor
|-boost|p2a: Gliscor|atk|2
|
|-heal|p2a: Gliscor|64/100 tox|[from] ability: Poison Heal
|upkeep
|turn|10
|
|t:|1779717078
|move|p2a: Gliscor|Protect|p2a: Gliscor
|-singleturn|p2a: Gliscor|Protect
|move|p1a: Sandy Shocks|Flash Cannon|p2a: Gliscor
|-activate|p2a: Gliscor|move: Protect
|
|-heal|p2a: Gliscor|76/100 tox|[from] ability: Poison Heal
|upkeep
|turn|11
|
|t:|1779717081
|move|p1a: Sandy Shocks|Flash Cannon|p2a: Gliscor
|-damage|p2a: Gliscor|27/100 tox
|move|p2a: Gliscor|Earthquake|p1a: Sandy Shocks
|-supereffective|p1a: Sandy Shocks
|-damage|p1a: Sandy Shocks|0 fnt
|faint|p1a: Sandy Shocks
|-end|p1a: Sandy Shocks|Protosynthesis|[silent]
|
|-heal|p2a: Gliscor|40/100 tox|[from] ability: Poison Heal
|upkeep
|
|t:|1779717085
|switch|p1a: Greninja|Greninja, M|100/100
|turn|12
|
|t:|1779717087
|switch|p2a: Zamazenta|Zamazenta|100/100
|-ability|p2a: Zamazenta|Dauntless Shield|boost
|-boost|p2a: Zamazenta|def|1
|move|p1a: Greninja|Ice Beam|p2a: Zamazenta
|-crit|p2a: Zamazenta
|-damage|p2a: Zamazenta|64/100
|
|upkeep
|turn|13
|
|t:|1779717091
|-terastallize|p1a: Greninja|Water
|move|p2a: Zamazenta|Close Combat|p1a: Greninja
|-damage|p1a: Greninja|0 fnt
|-unboost|p2a: Zamazenta|def|1
|-unboost|p2a: Zamazenta|spd|1
|faint|p1a: Greninja
|
|upkeep
|l|☆MonkeYes9
|inactive|MonkeYes9 disconnected and has a minute to reconnect!
|player|p1|
|inactive|MonkeYes9 has 30 seconds to reconnect!
|inactive|MonkeYes9 has 20 seconds to reconnect!
|inactive|MonkeYes9 has 15 seconds to reconnect!
|inactive|MonkeYes9 has 10 seconds to reconnect!
|inactive|MonkeYes9 has 5 seconds to reconnect!
|-message|MonkeYes9 lost due to inactivity.
|
|win|claudechamp
|raw|MonkeYes9's rating: 1193 &rarr; <strong>1174</strong><br />(-19 for losing)
|raw|claudechamp's rating: 1271 &rarr; <strong>1290</strong><br />(+19 for winning)
|c|☆claudechamp|gg
