|j|☆DropAFreezeDry
|j|‽wheezsumbeez
|t:|1779670744
|gametype|singles
|player|p1|DropAFreezeDry|candice|1460
|player|p2|wheezsumbeez|roxie|1398
|gen|9
|tier|[Gen 9] OU
|rated|
|rule|HP Percentage Mod: HP is shown in percentages
|rule|Endless Battle Clause: Forcing endless battles is banned
|rule|Species Clause: Limit one of each Pokémon
|rule|OHKO Clause: OHKO moves are banned
|rule|Evasion Items Clause: Evasion items are banned
|rule|Evasion Moves Clause: Evasion moves are banned
|rule|Evasion Abilities Clause: Evasion abilities are banned
|rule|Sleep Moves Clause: Sleep-inducing moves are banned
|clearpoke
|poke|p1|Glaceon, F|
|poke|p1|Ninetales-Alola, F|
|poke|p1|Basculegion-F, F|
|poke|p1|Ogerpon-Wellspring, F|
|poke|p1|Iron Treads|
|poke|p1|Weavile, F|
|poke|p2|Cobalion|
|poke|p2|Weezing-Galar, M|
|poke|p2|Slowking, F|
|poke|p2|Mamoswine, F|
|poke|p2|Ogerpon-Wellspring, F|
|poke|p2|Hydreigon, M|
|teampreview
|inactive|Battle timer is ON: inactive players will automatically lose when time's up. (requested by DropAFreezeDry)
|
|t:|1779670758
|teamsize|p1|6
|teamsize|p2|6
|start
|switch|p1a: Ninetales|Ninetales-Alola, F|100/100
|switch|p2a: Mamoswine|Mamoswine, F|100/100
|-weather|Snowscape|[from] ability: Snow Warning|[of] p1a: Ninetales
|turn|1
|
|t:|1779670771
|move|p1a: Ninetales|Aurora Veil|p1a: Ninetales
|-sidestart|p1: DropAFreezeDry|move: Aurora Veil
|move|p2a: Mamoswine|Knock Off|p1a: Ninetales
|-resisted|p1a: Ninetales
|-damage|p1a: Ninetales|86/100
|-enditem|p1a: Ninetales|Light Clay|[from] move: Knock Off|[of] p2a: Mamoswine
|
|-weather|Snowscape|[upkeep]
|upkeep
|turn|2
|
|t:|1779670782
|switch|p2a: Slowking|Slowking, F|100/100
|move|p1a: Ninetales|Encore||[still]
|-fail|p1a: Ninetales
|
|-weather|Snowscape|[upkeep]
|upkeep
|turn|3
|
|t:|1779670788
|switch|p1a: Glaceon|Glaceon, F|100/100
|-prepare|p2a: Slowking|Chilly Reception|[premajor]
|move|p2a: Slowking|Chilly Reception|p2a: Slowking
|
|t:|1779670795
|switch|p2a: Cobalion|Cobalion|100/100|[from] Chilly Reception
|
|-weather|Snowscape|[upkeep]
|upkeep
|turn|4
|
|t:|1779670801
|switch|p1a: Basculegion|Basculegion-F, F|100/100
|move|p2a: Cobalion|Stealth Rock|p1a: Basculegion
|-sidestart|p1: DropAFreezeDry|move: Stealth Rock
|
|-weather|Snowscape|[upkeep]
|upkeep
|turn|5
|
|t:|1779670808
|switch|p2a: Hydreigon|Hydreigon, M|100/100
|move|p1a: Basculegion|Shadow Ball|p2a: Hydreigon
|-resisted|p2a: Hydreigon
|-damage|p2a: Hydreigon|74/100
|-unboost|p2a: Hydreigon|spd|1
|
|-weather|none
|upkeep
|turn|6
|
|t:|1779670817
|switch|p1a: Iron Treads|Iron Treads|100/100
|-damage|p1a: Iron Treads|97/100|[from] Stealth Rock
|-enditem|p1a: Iron Treads|Booster Energy
|-activate|p1a: Iron Treads|ability: Quark Drive|[fromitem]
|-start|p1a: Iron Treads|quarkdriveatk
|move|p2a: Hydreigon|Dark Pulse|p1a: Iron Treads
|-damage|p1a: Iron Treads|55/100
|
|upkeep
|turn|7
|
|t:|1779670826
|move|p2a: Hydreigon|Dark Pulse|p1a: Iron Treads
|-damage|p1a: Iron Treads|15/100
|move|p1a: Iron Treads|Rapid Spin|p2a: Hydreigon
|-damage|p2a: Hydreigon|49/100
|-boost|p1a: Iron Treads|spe|1
|-sideend|p1: DropAFreezeDry|Stealth Rock|[from] move: Rapid Spin|[of] p1a: Iron Treads
|
|upkeep
|turn|8
|
|t:|1779670834
|switch|p2a: Weezing|Weezing-Galar, M|100/100
|move|p1a: Iron Treads|Ice Spinner|p2a: Weezing
|-damage|p2a: Weezing|79/100
|
|-heal|p2a: Weezing|85/100|[from] item: Leftovers
|-sideend|p1: DropAFreezeDry|move: Aurora Veil
|upkeep
|turn|9
|
|t:|1779670842
|move|p1a: Iron Treads|Heavy Slam|p2a: Weezing
|-supereffective|p2a: Weezing
|-damage|p2a: Weezing|0 fnt
|faint|p2a: Weezing
|
|upkeep
|
|t:|1779670847
|switch|p2a: Mamoswine|Mamoswine, F|100/100
|turn|10
|
|t:|1779670852
|move|p2a: Mamoswine|Ice Shard|p1a: Iron Treads
|-damage|p1a: Iron Treads|0 fnt
|faint|p1a: Iron Treads
|-end|p1a: Iron Treads|Quark Drive|[silent]
|
|upkeep
|
|t:|1779670875
|switch|p1a: Weavile|Weavile, F|100/100
|-ability|p1a: Weavile|Pressure
|turn|11
|
|t:|1779670882
|switch|p2a: Cobalion|Cobalion|100/100
|move|p1a: Weavile|Low Kick|p2a: Cobalion
|-supereffective|p2a: Cobalion
|-damage|p2a: Cobalion|59/100
|
|-heal|p2a: Cobalion|65/100|[from] item: Leftovers
|upkeep
|turn|12
|
|t:|1779670892
|move|p1a: Weavile|Low Kick|p2a: Cobalion
|-supereffective|p2a: Cobalion
|-damage|p2a: Cobalion|22/100
|move|p2a: Cobalion|Body Press|p1a: Weavile
|-supereffective|p1a: Weavile
|-damage|p1a: Weavile|0 fnt
|faint|p1a: Weavile
|
|-heal|p2a: Cobalion|28/100|[from] item: Leftovers
|upkeep
|
|t:|1779670907
|switch|p1a: Basculegion|Basculegion-F, F|100/100
|turn|13
|
|t:|1779670915
|move|p1a: Basculegion|Shadow Ball|p2a: Cobalion
|-damage|p2a: Cobalion|0 fnt
|faint|p2a: Cobalion
|
|upkeep
|
|t:|1779670923
|switch|p2a: Hydreigon|Hydreigon, M|49/100
|turn|14
|
|t:|1779670929
|switch|p1a: Ninetales|Ninetales-Alola, F|86/100
|-weather|Snowscape|[from] ability: Snow Warning|[of] p1a: Ninetales
|move|p2a: Hydreigon|Dark Pulse|p1a: Ninetales
|-resisted|p1a: Ninetales
|-damage|p1a: Ninetales|49/100
|
|-weather|Snowscape|[upkeep]
|upkeep
|turn|15
|
|t:|1779670937
|switch|p2a: Slowking|Slowking, F|100/100
|move|p1a: Ninetales|Moonblast|p2a: Slowking
|-damage|p2a: Slowking|80/100
|-unboost|p2a: Slowking|spa|1
|
|-weather|Snowscape|[upkeep]
|upkeep
|turn|16
|
|t:|1779670944
|move|p1a: Ninetales|Aurora Veil|p1a: Ninetales
|-sidestart|p1: DropAFreezeDry|move: Aurora Veil
|-prepare|p2a: Slowking|Chilly Reception|[premajor]
|move|p2a: Slowking|Chilly Reception|p2a: Slowking
|
|t:|1779670951
|switch|p2a: Mamoswine|Mamoswine, F|100/100|[from] Chilly Reception
|
|-weather|Snowscape|[upkeep]
|upkeep
|turn|17
|
|t:|1779670956
|switch|p1a: Basculegion|Basculegion-F, F|100/100
|move|p2a: Mamoswine|Earthquake|p1a: Basculegion
|-damage|p1a: Basculegion|50/100
|
|-weather|Snowscape|[upkeep]
|upkeep
|turn|18
|
|t:|1779670966
|switch|p2a: Hydreigon|Hydreigon, M|49/100
|move|p1a: Basculegion|Surf|p2a: Hydreigon
|-resisted|p2a: Hydreigon
|-damage|p2a: Hydreigon|20/100
|
|-weather|none
|upkeep
|turn|19
|
|t:|1779670973
|move|p1a: Basculegion|Surf|p2a: Hydreigon
|-resisted|p2a: Hydreigon
|-damage|p2a: Hydreigon|0 fnt
|faint|p2a: Hydreigon
|
|upkeep
|
|t:|1779670977
|switch|p2a: Ogerpon|Ogerpon-Wellspring, F|100/100
|turn|20
|
|t:|1779670980
|switch|p1a: Glaceon|Glaceon, F|100/100
|move|p2a: Ogerpon|Swords Dance|p2a: Ogerpon
|-boost|p2a: Ogerpon|atk|2
|
|-sideend|p1: DropAFreezeDry|move: Aurora Veil
|upkeep
|turn|21
|
|t:|1779670987
|-terastallize|p2a: Ogerpon|Water
|detailschange|p2a: Ogerpon|Ogerpon-Wellspring-Tera, F, tera:Water
|-ability|p2a: Ogerpon|Embody Aspect (Wellspring)|boost
|-boost|p2a: Ogerpon|spd|1
|move|p2a: Ogerpon|Ivy Cudgel|p1a: Glaceon|[anim] Ivy Cudgel Water
|-damage|p1a: Glaceon|0 fnt
|faint|p1a: Glaceon
|
|upkeep
|
|t:|1779670994
|switch|p1a: Basculegion|Basculegion-F, F|50/100
|turn|22
|
|t:|1779670999
|move|p1a: Basculegion|Shadow Ball|p2a: Ogerpon
|-damage|p2a: Ogerpon|65/100
|move|p2a: Ogerpon|Ivy Cudgel|p1a: Basculegion|[anim] Ivy Cudgel Water
|-resisted|p1a: Basculegion
|-damage|p1a: Basculegion|0 fnt
|faint|p1a: Basculegion
|
|upkeep
|
|t:|1779671002
|switch|p1a: Ogerpon|Ogerpon-Wellspring, F|100/100
|turn|23
|
|t:|1779671007
|move|p1a: Ogerpon|Horn Leech|p2a: Ogerpon
|-supereffective|p2a: Ogerpon
|-damage|p2a: Ogerpon|0 fnt
|faint|p2a: Ogerpon
|detailschange|p2: Ogerpon|Ogerpon-Wellspring, F|[silent]
|
|upkeep
|-message|wheezsumbeez forfeited.
|
|win|DropAFreezeDry
|raw|DropAFreezeDry's rating: 1477 &rarr; <strong>1493</strong><br />(+16 for winning)
|raw|wheezsumbeez's rating: 1398 &rarr; <strong>1382</strong><br />(-16 for losing)
|l|‽wheezsumbeez
|player|p2|
|l|☆DropAFreezeDry
|player|p1|
