|j|☆OP Earthquakes
|j|☆Billythekid95
|t:|1779654368
|gametype|singles
|player|p1|OP Earthquakes|giovanni-masters|1679
|player|p2|Billythekid95|102|1648
|gen|9
|tier|[Gen 9] OU
|rated|
|rule|HP Percentage Mod: HP is shown in percentages
|rule|Endless Battle Clause: Forcing endless battles is banned
|rule|Species Clause: Limit one of each Pokémon
|rule|OHKO Clause: OHKO moves are banned
|rule|Evasion Items Clause: Evasion items are banned
|rule|Evasion Moves Clause: Evasion moves are banned
|rule|Evasion Abilities Clause: Evasion abilities are banned
|rule|Sleep Moves Clause: Sleep-inducing moves are banned
|clearpoke
|poke|p1|Tyranitar, M|
|poke|p1|Pawmot, F|
|poke|p1|Kyurem|
|poke|p1|Excadrill, M|
|poke|p1|Hawlucha, M|
|poke|p1|Greninja-*, F|
|poke|p2|Iron Crown|
|poke|p2|Ninetales-Alola, M|
|poke|p2|Great Tusk|
|poke|p2|Ogerpon-Wellspring, F|
|poke|p2|Moltres-Galar|
|poke|p2|Ceruledge, M|
|teampreview
|inactive|Battle timer is ON: inactive players will automatically lose when time's up. (requested by OP Earthquakes)
|inactive|OP Earthquakes has 120 seconds left.
|inactive|Billythekid95 has 120 seconds left.
|inactive|OP Earthquakes has 90 seconds left.
|inactive|Billythekid95 has 90 seconds left.
|
|t:|1779654441
|teamsize|p1|6
|teamsize|p2|6
|start
|switch|p1a: Toshiro|Kyurem, shiny|100/100
|switch|p2a: Ogerpon|Ogerpon-Wellspring, F|100/100
|-ability|p1a: Toshiro|Pressure
|turn|1
|
|t:|1779654454
|move|p2a: Ogerpon|U-turn|p1a: Toshiro
|-damage|p1a: Toshiro|76/100
|
|t:|1779654460
|switch|p2a: Ninetales|Ninetales-Alola, M|100/100|[from] U-turn
|-weather|Snowscape|[from] ability: Snow Warning|[of] p2a: Ninetales
|move|p1a: Toshiro|Freeze-Dry|p2a: Ninetales
|-resisted|p2a: Ninetales
|-damage|p2a: Ninetales|80/100
|
|-weather|Snowscape|[upkeep]
|upkeep
|turn|2
|
|t:|1779654473
|switch|p2a: Ogerpon|Ogerpon-Wellspring, F|100/100
|switch|p1a: Itachi|Hawlucha, M, shiny|100/100
|-ability|p1a: Itachi|Mold Breaker
|
|-weather|Snowscape|[upkeep]
|upkeep
|turn|3
|
|t:|1779654480
|move|p1a: Itachi|Brave Bird|p2a: Ogerpon
|-supereffective|p2a: Ogerpon
|-damage|p2a: Ogerpon|0 fnt
|faint|p2a: Ogerpon
|-damage|p1a: Itachi|67/100|[from] Recoil
|
|-weather|Snowscape|[upkeep]
|upkeep
|c|☆OP Earthquakes|no one can predict me
|c|☆OP Earthquakes|except me
|c|☆OP Earthquakes|lol
|inactive|Billythekid95 has 120 seconds left.
|
|t:|1779654511
|switch|p2a: Ninetales|Ninetales-Alola, M|80/100
|turn|4
|
|t:|1779654515
|switch|p1a: The sandstorm|Tyranitar, M, shiny|100/100
|-weather|Sandstorm|[from] ability: Sand Stream|[of] p1a: The sandstorm
|switch|p2a: Great Tusk|Great Tusk|100/100
|
|-weather|Sandstorm|[upkeep]
|upkeep
|turn|5
|
|t:|1779654528
|move|p2a: Great Tusk|Knock Off|p1a: The sandstorm
|-resisted|p1a: The sandstorm
|-damage|p1a: The sandstorm|91/100
|-enditem|p1a: The sandstorm|Smooth Rock|[from] move: Knock Off|[of] p2a: Great Tusk
|move|p1a: The sandstorm|Ice Beam|p2a: Great Tusk
|-supereffective|p2a: Great Tusk
|-damage|p2a: Great Tusk|74/100
|
|-weather|Sandstorm|[upkeep]
|upkeep
|turn|6
|c|☆OP Earthquakes|holy av
|
|t:|1779654547
|-end|p2a: Great Tusk|Protosynthesis|[silent]
|switch|p2a: Ninetales|Ninetales-Alola, M|80/100
|-weather|Snowscape|[from] ability: Snow Warning|[of] p2a: Ninetales
|move|p1a: The sandstorm|Stealth Rock|p2a: Ninetales
|-sidestart|p2: Billythekid95|move: Stealth Rock
|
|-weather|Snowscape|[upkeep]
|upkeep
|turn|7
|
|t:|1779654553
|move|p2a: Ninetales|Aurora Veil|p2a: Ninetales
|-sidestart|p2: Billythekid95|move: Aurora Veil
|move|p1a: The sandstorm|Thunder Wave|p2a: Ninetales
|-status|p2a: Ninetales|par
|
|-weather|Snowscape|[upkeep]
|upkeep
|turn|8
|
|t:|1779654558
|switch|p2a: Great Tusk|Great Tusk|74/100
|-damage|p2a: Great Tusk|71/100|[from] Stealth Rock
|switch|p1a: Itachi|Hawlucha, M, shiny|67/100
|-ability|p1a: Itachi|Mold Breaker
|
|-weather|Snowscape|[upkeep]
|upkeep
|turn|9
|
|t:|1779654566
|move|p1a: Itachi|Defog|p2a: Great Tusk
|-unboost|p2a: Great Tusk|evasion|1
|-sideend|p2: Billythekid95|move: Aurora Veil
|-sideend|p2: Billythekid95|Stealth Rock|[from] move: Defog|[of] p1a: Itachi
|move|p2a: Great Tusk|Rapid Spin|p1a: Itachi
|-damage|p1a: Itachi|47/100
|-boost|p2a: Great Tusk|spe|1
|-enditem|p1a: Itachi|Red Card|[of] p2a: Great Tusk
|-end|p2a: Great Tusk|Protosynthesis|[silent]
|drag|p2a: Ninetales|Ninetales-Alola, M|80/100 par
|
|-weather|Snowscape|[upkeep]
|upkeep
|turn|10
|
|t:|1779654575
|switch|p1a: The sandstorm|Tyranitar, M, shiny|91/100
|-weather|Sandstorm|[from] ability: Sand Stream|[of] p1a: The sandstorm
|move|p2a: Ninetales|Aurora Veil||[still]
|-fail|p2a: Ninetales
|
|-weather|Sandstorm|[upkeep]
|-damage|p2a: Ninetales|74/100 par|[from] Sandstorm
|upkeep
|turn|11
|
|t:|1779654583
|switch|p2a: Great Tusk|Great Tusk|71/100
|move|p1a: The sandstorm|Stealth Rock|p2a: Great Tusk
|-sidestart|p2: Billythekid95|move: Stealth Rock
|
|-weather|Sandstorm|[upkeep]
|upkeep
|turn|12
|
|t:|1779654592
|move|p2a: Great Tusk|Rapid Spin|p1a: The sandstorm
|-resisted|p1a: The sandstorm
|-damage|p1a: The sandstorm|87/100
|-boost|p2a: Great Tusk|spe|1
|-sideend|p2: Billythekid95|Stealth Rock|[from] move: Rapid Spin|[of] p2a: Great Tusk
|move|p1a: The sandstorm|Ice Beam|p2a: Great Tusk
|-supereffective|p2a: Great Tusk
|-damage|p2a: Great Tusk|44/100
|
|-weather|Sandstorm|[upkeep]
|upkeep
|turn|13
|
|t:|1779654599
|move|p2a: Great Tusk|Close Combat|p1a: The sandstorm
|-supereffective|p1a: The sandstorm
|-damage|p1a: The sandstorm|0 fnt
|-unboost|p2a: Great Tusk|def|1
|-unboost|p2a: Great Tusk|spd|1
|faint|p1a: The sandstorm
|
|-weather|Sandstorm|[upkeep]
|upkeep
|
|t:|1779654607
|switch|p1a: OP|Excadrill, M|100/100
|turn|14
|
|t:|1779654611
|move|p1a: OP|Earthquake|p2a: Great Tusk
|-crit|p2a: Great Tusk
|-damage|p2a: Great Tusk|0 fnt
|faint|p2a: Great Tusk
|-end|p2a: Great Tusk|Protosynthesis|[silent]
|
|-weather|none
|upkeep
|
|t:|1779654620
|switch|p2a: Moltres|Moltres-Galar|100/100
|turn|15
|
|t:|1779654628
|switch|p1a: Itachi|Hawlucha, M, shiny|47/100
|-ability|p1a: Itachi|Mold Breaker
|move|p2a: Moltres|Nasty Plot|p2a: Moltres
|-boost|p2a: Moltres|spa|2
|
|upkeep
|turn|16
|
|t:|1779654635
|switch|p2a: Ninetales|Ninetales-Alola, M|74/100 par
|-weather|Snowscape|[from] ability: Snow Warning|[of] p2a: Ninetales
|move|p1a: Itachi|Encore||[still]
|-fail|p1a: Itachi
|
|-weather|Snowscape|[upkeep]
|upkeep
|turn|17
|
|t:|1779654645
|move|p1a: Itachi|Swords Dance|p1a: Itachi
|-boost|p1a: Itachi|atk|2
|move|p2a: Ninetales|Aurora Veil|p2a: Ninetales
|-sidestart|p2: Billythekid95|move: Aurora Veil
|
|-weather|Snowscape|[upkeep]
|upkeep
|turn|18
|
|t:|1779654651
|move|p1a: Itachi|Encore|p2a: Ninetales
|-start|p2a: Ninetales|Encore
|move|p2a: Ninetales|Aurora Veil||[still]
|-fail|p2a: Ninetales
|
|-weather|Snowscape|[upkeep]
|upkeep
|turn|19
|
|t:|1779654657
|switch|p2a: Iron Crown|Iron Crown|100/100
|-enditem|p2a: Iron Crown|Booster Energy
|-activate|p2a: Iron Crown|ability: Quark Drive|[fromitem]
|-start|p2a: Iron Crown|quarkdrivespa
|move|p1a: Itachi|Defog|p2a: Iron Crown
|-unboost|p2a: Iron Crown|evasion|1
|-sideend|p2: Billythekid95|move: Aurora Veil
|
|-weather|Snowscape|[upkeep]
|upkeep
|turn|20
|
|t:|1779654665
|move|p1a: Itachi|Brave Bird|p2a: Iron Crown
|-resisted|p2a: Iron Crown
|-damage|p2a: Iron Crown|58/100
|-damage|p1a: Itachi|30/100|[from] Recoil
|move|p2a: Iron Crown|Tachyon Cutter|p1a: Itachi
|-damage|p1a: Itachi|0 fnt
|faint|p1a: Itachi
|-hitcount|p1: Itachi|1
|
|-weather|none
|upkeep
|
|t:|1779654670
|switch|p1a: Greninja|Greninja, F|100/100
|turn|21
|
|t:|1779654681
|-terastallize|p1a: Greninja|Water
|move|p1a: Greninja|Surf|p2a: Iron Crown
|-damage|p2a: Iron Crown|12/100
|move|p2a: Iron Crown|Tachyon Cutter|p1a: Greninja
|-resisted|p1a: Greninja
|-damage|p1a: Greninja|70/100
|-resisted|p1a: Greninja
|-damage|p1a: Greninja|42/100
|-hitcount|p1a: Greninja|2
|
|upkeep
|turn|22
|
|t:|1779654692
|move|p1a: Greninja|Surf|p2a: Iron Crown
|-damage|p2a: Iron Crown|0 fnt
|faint|p2a: Iron Crown
|-end|p2a: Iron Crown|Quark Drive|[silent]
|
|upkeep
|
|t:|1779654696
|switch|p2a: Ninetales|Ninetales-Alola, M|74/100 par
|-weather|Snowscape|[from] ability: Snow Warning|[of] p2a: Ninetales
|turn|23
|
|t:|1779654706
|switch|p1a: Porunga|Pawmot, F|100/100
|move|p2a: Ninetales|Aurora Veil|p2a: Ninetales
|-sidestart|p2: Billythekid95|move: Aurora Veil
|
|-weather|Snowscape|[upkeep]
|upkeep
|turn|24
|
|t:|1779654714
|switch|p2a: Ceruledge|Ceruledge, M|100/100
|move|p1a: Porunga|Revival Blessing|p1a: Porunga
|-enditem|p1a: Porunga|Leppa Berry|[eat]
|-activate|p1a: Porunga|item: Leppa Berry|Revival Blessing|[consumed]
|
|t:|1779654719
|-heal|p1: The sandstorm|50/100|[from] move: Revival Blessing
|
|-weather|Snowscape|[upkeep]
|upkeep
|turn|25
|
|t:|1779654725
|switch|p1a: The sandstorm|Tyranitar, M, shiny|50/100
|-weather|Sandstorm|[from] ability: Sand Stream|[of] p1a: The sandstorm
|move|p2a: Ceruledge|Bulk Up|p2a: Ceruledge
|-boost|p2a: Ceruledge|atk|1
|-boost|p2a: Ceruledge|def|1
|
|-weather|Sandstorm|[upkeep]
|-damage|p2a: Ceruledge|94/100|[from] Sandstorm
|upkeep
|turn|26
|j| ArtistsRendition
|j| FaronAan
|
|t:|1779654734
|move|p2a: Ceruledge|Taunt|p1a: The sandstorm
|-start|p1a: The sandstorm|move: Taunt
|cant|p1a: The sandstorm|move: Taunt|Roar
|
|-weather|Sandstorm|[upkeep]
|-damage|p2a: Ceruledge|88/100|[from] Sandstorm
|upkeep
|turn|27
|
|t:|1779654746
|switch|p1a: Greninja|Greninja, F, tera:Water|42/100
|move|p2a: Ceruledge|Bulk Up|p2a: Ceruledge
|-boost|p2a: Ceruledge|atk|1
|-boost|p2a: Ceruledge|def|1
|
|-weather|Sandstorm|[upkeep]
|-damage|p1a: Greninja|36/100|[from] Sandstorm
|-damage|p2a: Ceruledge|82/100|[from] Sandstorm
|upkeep
|turn|28
|
|t:|1779654754
|move|p2a: Ceruledge|Shadow Sneak|p1a: Greninja
|-damage|p1a: Greninja|0 fnt
|faint|p1a: Greninja
|
|-weather|Sandstorm|[upkeep]
|-damage|p2a: Ceruledge|76/100|[from] Sandstorm
|upkeep
|
|t:|1779654761
|switch|p1a: Toshiro|Kyurem, shiny|76/100
|-ability|p1a: Toshiro|Pressure
|turn|29
|
|t:|1779654768
|-terastallize|p2a: Ceruledge|Bug
|move|p1a: Toshiro|Earth Power|p2a: Ceruledge
|-resisted|p2a: Ceruledge
|-damage|p2a: Ceruledge|69/100
|move|p2a: Ceruledge|Bitter Blade|p1a: Toshiro
|-damage|p1a: Toshiro|3/100
|-heal|p2a: Ceruledge|100/100|[from] drain|[of] p1a: Toshiro
|
|-weather|none
|upkeep
|turn|30
|c|☆Billythekid95|predict this
|j| agape boy
|inactive|OP Earthquakes has 120 seconds left.
|c|☆OP Earthquakes|I havent stopped
|c|☆OP Earthquakes|:)
|
|t:|1779654811
|move|p2a: Ceruledge|Shadow Sneak|p1a: Toshiro
|-damage|p1a: Toshiro|0 fnt
|faint|p1a: Toshiro
|
|-sideend|p2: Billythekid95|move: Aurora Veil
|upkeep
|c|☆Billythekid95|u can only win with a crit
|c|☆Billythekid95|without crit, i win
|l| ArtistsRendition
|inactive|OP Earthquakes has 90 seconds left.
|
|t:|1779654837
|switch|p1a: Porunga|Pawmot, F|100/100
|turn|31
|
|t:|1779654839
|move|p1a: Porunga|Revival Blessing|p1a: Porunga
|l| agape boy
|
|t:|1779654843
|-heal|p1: Itachi|50/100|[from] move: Revival Blessing
|move|p2a: Ceruledge|Bitter Blade|p1a: Porunga
|-damage|p1a: Porunga|0 fnt
|faint|p1a: Porunga
|
|upkeep
|
|t:|1779654845
|switch|p1a: Itachi|Hawlucha, M, shiny|50/100
|-ability|p1a: Itachi|Mold Breaker
|turn|32
|
|t:|1779654852
|move|p1a: Itachi|Encore|p2a: Ceruledge
|-start|p2a: Ceruledge|Encore
|move|p2a: Ceruledge|Bitter Blade|p1a: Itachi
|-damage|p1a: Itachi|0 fnt
|faint|p1a: Itachi
|
|upkeep
|
|t:|1779654855
|switch|p1a: The sandstorm|Tyranitar, M, shiny|50/100
|-weather|Sandstorm|[from] ability: Sand Stream|[of] p1a: The sandstorm
|turn|33
|
|t:|1779654864
|switch|p2a: Ninetales|Ninetales-Alola, M|74/100 par
|-weather|Snowscape|[from] ability: Snow Warning|[of] p2a: Ninetales
|move|p1a: The sandstorm|Roar|p2a: Ninetales
|drag|p2a: Moltres|Moltres-Galar|100/100
|
|-weather|Snowscape|[upkeep]
|upkeep
|turn|34
|c|☆OP Earthquakes|;)
|
|t:|1779654872
|move|p2a: Moltres|Taunt|p1a: The sandstorm
|-start|p1a: The sandstorm|move: Taunt
|cant|p1a: The sandstorm|move: Taunt|Thunder Wave
|
|-weather|Snowscape|[upkeep]
|upkeep
|turn|35
|
|t:|1779654878
|switch|p2a: Ceruledge|Ceruledge, M, tera:Bug|100/100
|switch|p1a: OP|Excadrill, M|100/100
|
|-weather|Snowscape|[upkeep]
|upkeep
|turn|36
|
|t:|1779654888
|switch|p1a: The sandstorm|Tyranitar, M, shiny|50/100
|-weather|Sandstorm|[from] ability: Sand Stream|[of] p1a: The sandstorm
|move|p2a: Ceruledge|Bitter Blade|p1a: The sandstorm
|-resisted|p1a: The sandstorm
|-damage|p1a: The sandstorm|38/100
|
|-weather|Sandstorm|[upkeep]
|-damage|p2a: Ceruledge|94/100|[from] Sandstorm
|upkeep
|turn|37
|
|t:|1779654898
|switch|p2a: Ninetales|Ninetales-Alola, M|74/100 par
|-weather|Snowscape|[from] ability: Snow Warning|[of] p2a: Ninetales
|switch|p1a: OP|Excadrill, M|100/100
|
|-weather|Snowscape|[upkeep]
|upkeep
|turn|38
|
|t:|1779654906
|move|p1a: OP|Iron Head|p2a: Ninetales
|-supereffective|p2a: Ninetales
|-damage|p2a: Ninetales|0 fnt
|faint|p2a: Ninetales
|
|-weather|Snowscape|[upkeep]
|upkeep
|
|t:|1779654912
|switch|p2a: Ceruledge|Ceruledge, M, tera:Bug|94/100
|turn|39
|
|t:|1779654917
|switch|p1a: The sandstorm|Tyranitar, M, shiny|38/100
|-weather|Sandstorm|[from] ability: Sand Stream|[of] p1a: The sandstorm
|move|p2a: Ceruledge|Bitter Blade|p1a: The sandstorm
|-resisted|p1a: The sandstorm
|-damage|p1a: The sandstorm|25/100
|-heal|p2a: Ceruledge|99/100|[from] drain|[of] p1a: The sandstorm
|
|-weather|Sandstorm|[upkeep]
|-damage|p2a: Ceruledge|94/100|[from] Sandstorm
|upkeep
|turn|40
|
|t:|1779654927
|move|p2a: Ceruledge|Taunt|p1a: The sandstorm
|-start|p1a: The sandstorm|move: Taunt
|move|p1a: The sandstorm|Ice Beam|p2a: Ceruledge
|-damage|p2a: Ceruledge|74/100
|
|-weather|Sandstorm|[upkeep]
|-damage|p2a: Ceruledge|68/100|[from] Sandstorm
|upkeep
|turn|41
|
|t:|1779654938
|switch|p1a: OP|Excadrill, M|100/100
|move|p2a: Ceruledge|Bulk Up|p2a: Ceruledge
|-boost|p2a: Ceruledge|atk|1
|-boost|p2a: Ceruledge|def|1
|
|-weather|Sandstorm|[upkeep]
|-damage|p2a: Ceruledge|62/100|[from] Sandstorm
|upkeep
|turn|42
|
|t:|1779654946
|move|p1a: OP|Iron Head|p2a: Ceruledge
|-damage|p2a: Ceruledge|6/100
|move|p2a: Ceruledge|Bitter Blade|p1a: OP
|-supereffective|p1a: OP
|-damage|p1a: OP|0 fnt
|-heal|p2a: Ceruledge|57/100|[from] drain|[of] p1a: OP
|faint|p1a: OP
|
|-weather|Sandstorm|[upkeep]
|-damage|p2a: Ceruledge|51/100|[from] Sandstorm
|upkeep
|c|☆OP Earthquakes|lame
|c|☆Billythekid95|bye
|c|☆Billythekid95|;)
|c|☆Billythekid95|:)
|c|☆OP Earthquakes|no u
|l| FaronAan
|-message|OP Earthquakes forfeited.
|
|win|Billythekid95
|raw|OP Earthquakes's rating: 1679 &rarr; <strong>1657</strong><br />(-22 for losing)
|raw|Billythekid95's rating: 1648 &rarr; <strong>1670</strong><br />(+22 for winning)
|l|☆OP Earthquakes
|player|p1|
|l|☆Billythekid95
|player|p2|
