|j|☆sommeliersam
|j|☆dooozdzdz
|t:|1779667891
|gametype|singles
|player|p1|sommeliersam|169|1677
|player|p2|dooozdzdz|cilan|1684
|gen|9
|tier|[Gen 9] OU
|rated|
|rule|HP Percentage Mod: HP is shown in percentages
|rule|Endless Battle Clause: Forcing endless battles is banned
|rule|Species Clause: Limit one of each Pokémon
|rule|OHKO Clause: OHKO moves are banned
|rule|Evasion Items Clause: Evasion items are banned
|rule|Evasion Moves Clause: Evasion moves are banned
|rule|Evasion Abilities Clause: Evasion abilities are banned
|rule|Sleep Moves Clause: Sleep-inducing moves are banned
|clearpoke
|poke|p1|Dragapult, F|
|poke|p1|Gliscor, M|
|poke|p1|Ogerpon-Wellspring, F|
|poke|p1|Iron Crown|
|poke|p1|Ting-Lu|
|poke|p1|Kingambit, F|
|poke|p2|Maushold|
|poke|p2|Incineroar, F|
|poke|p2|Landorus-Therian, M|
|poke|p2|Empoleon, M|
|poke|p2|Slowking-Galar, M|
|poke|p2|Scizor, M|
|teampreview
|
|t:|1779667898
|teamsize|p1|6
|teamsize|p2|6
|start
|switch|p1a: Gliscor|Gliscor, M|100/100
|switch|p2a: Empoleon|Empoleon, M|100/100
|turn|1
|
|t:|1779667901
|move|p1a: Gliscor|Protect|p1a: Gliscor
|-singleturn|p1a: Gliscor|Protect
|move|p2a: Empoleon|Stealth Rock|p1a: Gliscor
|-sidestart|p1: sommeliersam|move: Stealth Rock
|
|-status|p1a: Gliscor|tox|[from] item: Toxic Orb
|upkeep
|turn|2
|
|t:|1779667904
|switch|p1a: Ogerpon|Ogerpon-Wellspring, F|100/100
|-damage|p1a: Ogerpon|88/100|[from] Stealth Rock
|move|p2a: Empoleon|Ice Beam|p1a: Ogerpon
|-damage|p1a: Ogerpon|52/100
|
|upkeep
|turn|3
|
|t:|1779667907
|move|p1a: Ogerpon|Knock Off|p2a: Empoleon
|-damage|p2a: Empoleon|63/100
|-enditem|p2a: Empoleon|Shuca Berry|[from] move: Knock Off|[of] p1a: Ogerpon
|move|p2a: Empoleon|Ice Beam|p1a: Ogerpon
|-damage|p1a: Ogerpon|17/100
|-status|p1a: Ogerpon|frz
|
|upkeep
|turn|4
|
|t:|1779667915
|switch|p1a: Ting-Lu|Ting-Lu|100/100
|-damage|p1a: Ting-Lu|94/100|[from] Stealth Rock
|-ability|p1a: Ting-Lu|Vessel of Ruin
|move|p2a: Empoleon|Ice Beam|p1a: Ting-Lu
|-supereffective|p1a: Ting-Lu
|-damage|p1a: Ting-Lu|60/100
|
|upkeep
|turn|5
|
|t:|1779667918
|move|p1a: Ting-Lu|Stealth Rock|p2a: Empoleon
|-sidestart|p2: dooozdzdz|move: Stealth Rock
|move|p2a: Empoleon|Surf|p1a: Ting-Lu
|-supereffective|p1a: Ting-Lu
|-damage|p1a: Ting-Lu|11/100
|
|upkeep
|turn|6
|
|t:|1779667921
|move|p2a: Empoleon|Vacuum Wave|p1a: Ting-Lu
|-supereffective|p1a: Ting-Lu
|-damage|p1a: Ting-Lu|0 fnt
|faint|p1a: Ting-Lu
|
|upkeep
|
|t:|1779667937
|switch|p1a: Gliscor|Gliscor, M|100/100 tox
|-damage|p1a: Gliscor|88/100 tox|[from] Stealth Rock
|turn|7
|
|t:|1779667946
|-terastallize|p2a: Empoleon|Fairy
|move|p1a: Gliscor|Protect|p1a: Gliscor
|-singleturn|p1a: Gliscor|Protect
|move|p2a: Empoleon|Ice Beam|p1a: Gliscor
|-activate|p1a: Gliscor|move: Protect
|
|-heal|p1a: Gliscor|100/100 tox|[from] ability: Poison Heal
|upkeep
|turn|8
|
|t:|1779667953
|switch|p1a: Ogerpon|Ogerpon-Wellspring, F|17/100 frz
|-damage|p1a: Ogerpon|5/100 frz|[from] Stealth Rock
|move|p2a: Empoleon|Ice Beam|p1a: Ogerpon
|-damage|p1a: Ogerpon|0 fnt
|faint|p1a: Ogerpon
|
|upkeep
|
|t:|1779667962
|switch|p1a: Iron Crown|Iron Crown|100/100
|-damage|p1a: Iron Crown|94/100|[from] Stealth Rock
|-enditem|p1a: Iron Crown|Booster Energy
|-activate|p1a: Iron Crown|ability: Quark Drive|[fromitem]
|-start|p1a: Iron Crown|quarkdrivespe
|turn|9
|
|t:|1779667981
|switch|p2a: Incineroar|Incineroar, F|100/100
|-ability|p2a: Incineroar|Intimidate|boost
|-unboost|p1a: Iron Crown|atk|1
|move|p1a: Iron Crown|Calm Mind|p1a: Iron Crown
|-boost|p1a: Iron Crown|spa|1
|-boost|p1a: Iron Crown|spd|1
|
|upkeep
|turn|10
|
|t:|1779668002
|move|p1a: Iron Crown|Focus Blast|p2a: Incineroar
|-supereffective|p2a: Incineroar
|-damage|p2a: Incineroar|24/100
|move|p2a: Incineroar|Knock Off|p1a: Iron Crown
|-supereffective|p1a: Iron Crown
|-damage|p1a: Iron Crown|41/100
|
|upkeep
|turn|11
|j| ArtistsRendition
|
|t:|1779668006
|move|p1a: Iron Crown|Tachyon Cutter|p2a: Incineroar
|-resisted|p2a: Incineroar
|-damage|p2a: Incineroar|12/100
|-resisted|p2a: Incineroar
|-damage|p2a: Incineroar|0 fnt
|faint|p2a: Incineroar
|-hitcount|p2: Incineroar|2
|
|upkeep
|
|t:|1779668011
|switch|p2a: Slowking|Slowking-Galar, M|100/100
|-damage|p2a: Slowking|88/100|[from] Stealth Rock
|turn|12
|
|t:|1779668014
|move|p1a: Iron Crown|Calm Mind|p1a: Iron Crown
|-boost|p1a: Iron Crown|spa|1
|-boost|p1a: Iron Crown|spd|1
|move|p2a: Slowking|Flamethrower|p1a: Iron Crown
|-supereffective|p1a: Iron Crown
|-damage|p1a: Iron Crown|13/100
|
|upkeep
|turn|13
|
|t:|1779668017
|move|p1a: Iron Crown|Tachyon Cutter|p2a: Slowking
|-damage|p2a: Slowking|63/100
|-damage|p2a: Slowking|42/100
|-hitcount|p2a: Slowking|2
|move|p2a: Slowking|Flamethrower|p1a: Iron Crown
|-supereffective|p1a: Iron Crown
|-damage|p1a: Iron Crown|0 fnt
|faint|p1a: Iron Crown
|-end|p1a: Iron Crown|Quark Drive|[silent]
|
|upkeep
|
|t:|1779668031
|switch|p1a: Kingambit|Kingambit, F|100/100
|-damage|p1a: Kingambit|94/100|[from] Stealth Rock
|-activate|p1a: Kingambit|ability: Supreme Overlord
|-start|p1a: Kingambit|fallen3|[silent]
|-item|p1a: Kingambit|Air Balloon
|turn|14
|
|t:|1779668041
|move|p1a: Kingambit|Kowtow Cleave|p2a: Slowking
|-supereffective|p2a: Slowking
|-damage|p2a: Slowking|0 fnt
|faint|p2a: Slowking
|
|upkeep
|
|t:|1779668043
|switch|p2a: Empoleon|Empoleon, M, tera:Fairy|63/100
|-damage|p2a: Empoleon|50/100|[from] Stealth Rock
|turn|15
|
|t:|1779668060
|-end|p1a: Kingambit|fallen3|[silent]
|switch|p1a: Dragapult|Dragapult, F|100/100
|move|p2a: Empoleon|Vacuum Wave|p1a: Dragapult
|-immune|p1a: Dragapult
|
|upkeep
|turn|16
|l| ArtistsRendition
|inactive|Battle timer is ON: inactive players will automatically lose when time's up. (requested by dooozdzdz)
|
|t:|1779668109
|move|p1a: Dragapult|Hex|p2a: Empoleon
|-damage|p2a: Empoleon|27/100
|move|p2a: Empoleon|Ice Beam|p1a: Dragapult
|-supereffective|p1a: Dragapult
|-damage|p1a: Dragapult|10/100
|
|upkeep
|turn|17
|
|t:|1779668114
|move|p1a: Dragapult|Hex|p2a: Empoleon
|-damage|p2a: Empoleon|0 fnt
|faint|p2a: Empoleon
|
|upkeep
|
|t:|1779668118
|switch|p2a: Landorus|Landorus-Therian, M|100/100
|-damage|p2a: Landorus|88/100|[from] Stealth Rock
|-ability|p2a: Landorus|Intimidate|boost
|-unboost|p1a: Dragapult|atk|1
|turn|18
|
|t:|1779668123
|move|p2a: Landorus|U-turn|p1a: Dragapult
|-resisted|p1a: Dragapult
|-damage|p1a: Dragapult|0 fnt
|faint|p1a: Dragapult
|
|t:|1779668131
|switch|p2a: Scizor|Scizor, M|100/100|[from] U-turn
|-damage|p2a: Scizor|88/100|[from] Stealth Rock
|
|upkeep
|
|t:|1779668136
|switch|p1a: Kingambit|Kingambit, F|94/100
|-damage|p1a: Kingambit|88/100|[from] Stealth Rock
|-activate|p1a: Kingambit|ability: Supreme Overlord
|-start|p1a: Kingambit|fallen4|[silent]
|-item|p1a: Kingambit|Air Balloon
|turn|19
|
|t:|1779668142
|-end|p1a: Kingambit|fallen4|[silent]
|switch|p1a: Gliscor|Gliscor, M|100/100 tox
|-damage|p1a: Gliscor|88/100 tox|[from] Stealth Rock
|move|p2a: Scizor|Knock Off|p1a: Gliscor
|-damage|p1a: Gliscor|51/100 tox
|-enditem|p1a: Gliscor|Toxic Orb|[from] move: Knock Off|[of] p2a: Scizor
|-damage|p2a: Scizor|78/100|[from] item: Life Orb
|
|-heal|p1a: Gliscor|64/100 tox|[from] ability: Poison Heal
|upkeep
|turn|20
|
|t:|1779668145
|move|p1a: Gliscor|Earthquake|p2a: Scizor
|-damage|p2a: Scizor|42/100
|move|p2a: Scizor|Swords Dance|p2a: Scizor
|-boost|p2a: Scizor|atk|2
|
|-heal|p1a: Gliscor|76/100 tox|[from] ability: Poison Heal
|upkeep
|turn|21
|
|t:|1779668154
|move|p2a: Scizor|Bullet Punch|p1a: Gliscor
|-damage|p1a: Gliscor|6/100 tox
|-damage|p2a: Scizor|33/100|[from] item: Life Orb
|move|p1a: Gliscor|Earthquake|p2a: Scizor
|-damage|p2a: Scizor|0 fnt
|faint|p2a: Scizor
|
|-heal|p1a: Gliscor|19/100 tox|[from] ability: Poison Heal
|upkeep
|
|t:|1779668157
|switch|p2a: Maushold|Maushold|100/100
|-damage|p2a: Maushold|88/100|[from] Stealth Rock
|turn|22
|
|t:|1779668161
|move|p2a: Maushold|Population Bomb|p1a: Gliscor
|-crit|p1a: Gliscor
|-damage|p1a: Gliscor|6/100 tox
|-damage|p1a: Gliscor|0 fnt
|faint|p1a: Gliscor
|-hitcount|p1: Gliscor|2
|
|upkeep
|
|t:|1779668165
|switch|p1a: Kingambit|Kingambit, F|88/100
|-damage|p1a: Kingambit|82/100|[from] Stealth Rock
|-activate|p1a: Kingambit|ability: Supreme Overlord
|-start|p1a: Kingambit|fallen5|[silent]
|-item|p1a: Kingambit|Air Balloon
|turn|23
|inactive|sommeliersam has 120 seconds left.
|inactive|dooozdzdz has 120 seconds left.
|inactive|sommeliersam has 90 seconds left.
|
|t:|1779668241
|move|p2a: Maushold|Population Bomb|p1a: Kingambit
|-resisted|p1a: Kingambit
|-damage|p1a: Kingambit|78/100
|-enditem|p1a: Kingambit|Air Balloon
|-hitcount|p1a: Kingambit|1
|move|p1a: Kingambit|Kowtow Cleave|p2a: Maushold
|-damage|p2a: Maushold|0 fnt
|faint|p2a: Maushold
|
|upkeep
|c|☆dooozdzdz|?
|
|t:|1779668255
|switch|p2a: Landorus|Landorus-Therian, M|88/100
|-damage|p2a: Landorus|76/100|[from] Stealth Rock
|-ability|p2a: Landorus|Intimidate|boost
|-unboost|p1a: Kingambit|atk|1
|turn|24
|
|t:|1779668268
|-terastallize|p1a: Kingambit|Dark
|move|p2a: Landorus|Earthquake|p1a: Kingambit
|-damage|p1a: Kingambit|32/100
|move|p1a: Kingambit|Kowtow Cleave|p2a: Landorus
|-damage|p2a: Landorus|5/100
|
|upkeep
|turn|25
|
|t:|1779668273
|move|p1a: Kingambit|Sucker Punch|p2a: Landorus
|-damage|p2a: Landorus|0 fnt
|faint|p2a: Landorus
|
|win|sommeliersam
|raw|sommeliersam's rating: 1677 &rarr; <strong>1697</strong><br />(+20 for winning)
|raw|dooozdzdz's rating: 1684 &rarr; <strong>1664</strong><br />(-20 for losing)
|l|☆sommeliersam
|player|p1|
|l|☆dooozdzdz
|player|p2|
