|j|‽leifohman
|j|☆whisperingcloth
|t:|1779653574
|gametype|singles
|player|p1|leifohman|2|1616
|player|p2|whisperingcloth|2|1661
|gen|9
|tier|[Gen 9] OU
|rated|
|rule|HP Percentage Mod: HP is shown in percentages
|rule|Endless Battle Clause: Forcing endless battles is banned
|rule|Species Clause: Limit one of each Pokémon
|rule|OHKO Clause: OHKO moves are banned
|rule|Evasion Items Clause: Evasion items are banned
|rule|Evasion Moves Clause: Evasion moves are banned
|rule|Evasion Abilities Clause: Evasion abilities are banned
|rule|Sleep Moves Clause: Sleep-inducing moves are banned
|clearpoke
|poke|p1|Porygon2|
|poke|p1|Dragapult, F|
|poke|p1|Deoxys-Speed|
|poke|p1|Cinderace, M|
|poke|p1|Donphan, M|
|poke|p1|Gardevoir, F|
|poke|p2|Scizor, F|
|poke|p2|Deoxys-Speed|
|poke|p2|Garganacl, F|
|poke|p2|Kyurem|
|poke|p2|Great Tusk|
|poke|p2|Zapdos|
|teampreview
|inactive|Battle timer is ON: inactive players will automatically lose when time's up. (requested by whisperingcloth)
|inactive|leifohman also wants the timer to be on.
|inactive|leifohman has 120 seconds left.
|inactive|whisperingcloth has 120 seconds left.
|inactive|leifohman has 90 seconds left.
|
|t:|1779653655
|teamsize|p1|6
|teamsize|p2|6
|start
|switch|p1a: Dragapult|Dragapult, F, shiny|100/100
|switch|p2a: Kyurem|Kyurem|100/100
|-ability|p2a: Kyurem|Pressure
|turn|1
|
|t:|1779653664
|switch|p2a: Garganacl|Garganacl, F|100/100
|move|p1a: Dragapult|Draco Meteor|p2a: Garganacl
|-damage|p2a: Garganacl|43/100
|-unboost|p1a: Dragapult|spa|2
|
|-heal|p2a: Garganacl|50/100|[from] item: Leftovers
|upkeep
|turn|2
|
|t:|1779653677
|switch|p1a: Gardevoir|Gardevoir, F, shiny|100/100
|-ability|p1a: Gardevoir|Purifying Salt|Trace|[from] ability: Trace|[of] p2a: Garganacl
|move|p2a: Garganacl|Recover|p2a: Garganacl
|-heal|p2a: Garganacl|99/100
|
|-heal|p2a: Garganacl|100/100|[from] item: Leftovers
|upkeep
|turn|3
|
|t:|1779653682
|move|p1a: Gardevoir|Trick|p2a: Garganacl
|-activate|p1a: Gardevoir|move: Trick|[of] p2a: Garganacl
|-item|p2a: Garganacl|Choice Scarf|[from] move: Trick
|-item|p1a: Gardevoir|Leftovers|[from] move: Trick
|move|p2a: Garganacl|Salt Cure|p1a: Gardevoir
|-damage|p1a: Gardevoir|76/100
|-start|p1a: Gardevoir|Salt Cure
|
|-heal|p1a: Gardevoir|82/100|[from] item: Leftovers
|-damage|p1a: Gardevoir|70/100|[from] Salt Cure
|upkeep
|turn|4
|
|t:|1779653699
|switch|p1a: Porygon2|Porygon2, shiny|100/100
|-ability|p1a: Porygon2|Purifying Salt|Trace|[from] ability: Trace|[of] p2a: Garganacl
|move|p2a: Garganacl|Salt Cure|p1a: Porygon2
|-damage|p1a: Porygon2|92/100
|-start|p1a: Porygon2|Salt Cure
|
|-damage|p1a: Porygon2|79/100|[from] Salt Cure
|upkeep
|turn|5
|
|t:|1779653708
|switch|p2a: Scizor|Scizor, F|100/100
|move|p1a: Porygon2|Discharge|p2a: Scizor
|-damage|p2a: Scizor|71/100
|
|-damage|p1a: Porygon2|67/100|[from] Salt Cure
|upkeep
|turn|6
|
|t:|1779653718
|switch|p1a: Cinderace|Cinderace, M, shiny|100/100
|move|p2a: Scizor|U-turn|p1a: Cinderace
|-resisted|p1a: Cinderace
|-crit|p1a: Cinderace
|-damage|p1a: Cinderace|41/100
|
|t:|1779653727
|switch|p2a: Zapdos|Zapdos|100/100|[from] U-turn
|
|upkeep
|turn|7
|
|t:|1779653736
|switch|p1a: Porygon2|Porygon2, shiny|67/100
|-ability|p1a: Porygon2|Static|Trace|[from] ability: Trace|[of] p2a: Zapdos
|move|p2a: Zapdos|Volt Switch|p1a: Porygon2
|-damage|p1a: Porygon2|53/100
|
|t:|1779653741
|switch|p2a: Scizor|Scizor, F|71/100|[from] Volt Switch
|
|upkeep
|turn|8
|inactive|leifohman has 120 seconds left.
|
|t:|1779653796
|switch|p1a: Cinderace|Cinderace, M, shiny|41/100
|move|p2a: Scizor|U-turn|p1a: Cinderace
|-resisted|p1a: Cinderace
|-damage|p1a: Cinderace|0 fnt
|faint|p1a: Cinderace
|
|t:|1779653826
|switch|p2a: Garganacl|Garganacl, F|100/100|[from] U-turn
|
|upkeep
|inactive|leifohman has 90 seconds left.
|inactive|leifohman has 60 seconds left.
|inactive|leifohman has 30 seconds left.
|
|t:|1779653904
|switch|p1a: Porygon2|Porygon2, shiny|53/100
|-ability|p1a: Porygon2|Purifying Salt|Trace|[from] ability: Trace|[of] p2a: Garganacl
|turn|9
|
|t:|1779653919
|move|p2a: Garganacl|Salt Cure|p1a: Porygon2
|-damage|p1a: Porygon2|43/100
|-start|p1a: Porygon2|Salt Cure
|move|p1a: Porygon2|Tri Attack|p2a: Garganacl
|-resisted|p2a: Garganacl
|-damage|p2a: Garganacl|90/100
|
|-damage|p1a: Porygon2|31/100|[from] Salt Cure
|upkeep
|turn|10
|
|t:|1779653925
|switch|p2a: Scizor|Scizor, F|71/100
|move|p1a: Porygon2|Recover|p1a: Porygon2
|-heal|p1a: Porygon2|81/100
|
|-damage|p1a: Porygon2|68/100|[from] Salt Cure
|upkeep
|turn|11
|
|t:|1779653929
|move|p2a: Scizor|U-turn|p1a: Porygon2
|-damage|p1a: Porygon2|29/100
|
|t:|1779653934
|switch|p2a: Garganacl|Garganacl, F|90/100|[from] U-turn
|move|p1a: Porygon2|Discharge|p2a: Garganacl
|-damage|p2a: Garganacl|76/100
|
|-damage|p1a: Porygon2|16/100|[from] Salt Cure
|upkeep
|turn|12
|inactive|leifohman has 60 seconds left.
|
|t:|1779653939
|switch|p2a: Scizor|Scizor, F|71/100
|move|p1a: Porygon2|Recover|p1a: Porygon2
|-heal|p1a: Porygon2|66/100
|
|-damage|p1a: Porygon2|54/100|[from] Salt Cure
|upkeep
|turn|13
|inactive|leifohman has 60 seconds left.
|
|t:|1779653953
|move|p2a: Scizor|U-turn|p1a: Porygon2
|-damage|p1a: Porygon2|13/100
|
|t:|1779653955
|switch|p2a: Garganacl|Garganacl, F|76/100|[from] U-turn
|move|p1a: Porygon2|Discharge|p2a: Garganacl
|-damage|p2a: Garganacl|64/100
|
|-damage|p1a: Porygon2|1/100|[from] Salt Cure
|upkeep
|turn|14
|
|t:|1779653965
|move|p2a: Garganacl|Recover|p2a: Garganacl
|-heal|p2a: Garganacl|100/100
|move|p1a: Porygon2|Discharge|p2a: Garganacl
|-damage|p2a: Garganacl|87/100
|
|-damage|p1a: Porygon2|0 fnt|[from] Salt Cure
|faint|p1a: Porygon2
|upkeep
|inactive|leifohman has 60 seconds left.
|
|t:|1779653989
|switch|p1a: Dragapult|Dragapult, F, shiny|100/100
|turn|15
|
|t:|1779653996
|switch|p2a: Zapdos|Zapdos|100/100
|-terastallize|p1a: Dragapult|Ghost
|move|p1a: Dragapult|Shadow Ball|p2a: Zapdos
|-damage|p2a: Zapdos|37/100
|
|upkeep
|turn|16
|
|t:|1779654003
|switch|p2a: Garganacl|Garganacl, F|87/100
|move|p1a: Dragapult|Shadow Ball|p2a: Garganacl
|-damage|p2a: Garganacl|65/100
|-unboost|p2a: Garganacl|spd|1
|
|upkeep
|turn|17
|
|t:|1779654009
|move|p1a: Dragapult|Shadow Ball|p2a: Garganacl
|-damage|p2a: Garganacl|28/100
|move|p2a: Garganacl|Salt Cure|p1a: Dragapult
|-damage|p1a: Dragapult|80/100
|-start|p1a: Dragapult|Salt Cure
|
|-damage|p1a: Dragapult|68/100|[from] Salt Cure
|upkeep
|turn|18
|
|t:|1779654014
|move|p1a: Dragapult|Shadow Ball|p2a: Garganacl
|-damage|p2a: Garganacl|0 fnt
|faint|p2a: Garganacl
|
|-damage|p1a: Dragapult|56/100|[from] Salt Cure
|upkeep
|
|t:|1779654024
|switch|p2a: Scizor|Scizor, F|71/100
|turn|19
|
|t:|1779654030
|switch|p1a: Donphan|Donphan, M, shiny|100/100
|move|p2a: Scizor|Bullet Punch|p1a: Donphan
|-damage|p1a: Donphan|62/100
|
|upkeep
|turn|20
|
|t:|1779654036
|switch|p2a: Zapdos|Zapdos|37/100
|move|p1a: Donphan|Ice Spinner|p2a: Zapdos
|-supereffective|p2a: Zapdos
|-damage|p2a: Zapdos|0 fnt
|-status|p1a: Donphan|par|[from] ability: Static|[of] p2a: Zapdos
|faint|p2a: Zapdos
|
|upkeep
|
|t:|1779654040
|switch|p2a: Kyurem|Kyurem|100/100
|-ability|p2a: Kyurem|Pressure
|turn|21
|
|t:|1779654054
|move|p2a: Kyurem|Ice Beam|p1a: Donphan
|-supereffective|p1a: Donphan
|-damage|p1a: Donphan|0 fnt
|faint|p1a: Donphan
|
|upkeep
|
|t:|1779654064
|switch|p1a: Gardevoir|Gardevoir, F, shiny|70/100
|-ability|p1a: Gardevoir|Pressure|Trace|[from] ability: Trace|[of] p2a: Kyurem
|-ability|p1a: Gardevoir|Pressure
|turn|22
|
|t:|1779654079
|move|p2a: Kyurem|Ice Beam|p1a: Gardevoir
|-damage|p1a: Gardevoir|13/100
|move|p1a: Gardevoir|Moonblast|p2a: Kyurem
|-supereffective|p2a: Kyurem
|-damage|p2a: Kyurem|5/100
|
|-heal|p1a: Gardevoir|20/100|[from] item: Leftovers
|upkeep
|turn|23
|inactive|leifohman has 90 seconds left.
|
|t:|1779654120
|move|p2a: Kyurem|Ice Beam|p1a: Gardevoir
|-damage|p1a: Gardevoir|0 fnt
|faint|p1a: Gardevoir
|
|upkeep
|
|t:|1779654122
|switch|p1a: Deoxys|Deoxys-Speed, shiny|100/100
|-ability|p1a: Deoxys|Pressure
|turn|24
|
|t:|1779654127
|move|p1a: Deoxys|Knock Off|p2a: Kyurem
|-damage|p2a: Kyurem|0 fnt
|-enditem|p2a: Kyurem|Never-Melt Ice|[from] move: Knock Off|[of] p1a: Deoxys
|faint|p2a: Kyurem
|-damage|p1a: Deoxys|91/100|[from] item: Life Orb
|
|upkeep
|
|t:|1779654139
|switch|p2a: Great Tusk|Great Tusk|100/100
|turn|25
|
|t:|1779654142
|-terastallize|p2a: Great Tusk|Dark
|move|p1a: Deoxys|Psycho Boost|p2a: Great Tusk
|-immune|p2a: Great Tusk
|move|p2a: Great Tusk|Knock Off|p1a: Deoxys
|-supereffective|p1a: Deoxys
|-damage|p1a: Deoxys|0 fnt
|-enditem|p1a: Deoxys|Life Orb|[from] move: Knock Off|[of] p2a: Great Tusk
|faint|p1a: Deoxys
|
|upkeep
|
|t:|1779654149
|switch|p1a: Dragapult|Dragapult, F, shiny, tera:Ghost|56/100
|turn|26
|
|t:|1779654155
|move|p1a: Dragapult|Draco Meteor|p2a: Great Tusk
|-damage|p2a: Great Tusk|0 fnt
|-unboost|p1a: Dragapult|spa|2
|faint|p2a: Great Tusk
|-end|p2a: Great Tusk|Protosynthesis|[silent]
|
|upkeep
|
|t:|1779654158
|switch|p2a: Deoxys|Deoxys-Speed|100/100
|-ability|p2a: Deoxys|Pressure
|turn|27
|
|t:|1779654163
|move|p2a: Deoxys|Knock Off|p1a: Dragapult
|-supereffective|p1a: Dragapult
|-damage|p1a: Dragapult|0 fnt
|-enditem|p1a: Dragapult|Choice Specs|[from] move: Knock Off|[of] p2a: Deoxys
|faint|p1a: Dragapult
|
|win|whisperingcloth
|raw|leifohman's rating: 1616 &rarr; <strong>1599</strong><br />(-17 for losing)
|raw|whisperingcloth's rating: 1661 &rarr; <strong>1678</strong><br />(+17 for winning)
|l|‽leifohman
|player|p1|
|l|☆whisperingcloth
|player|p2|
