|j|☆iosoyio
|j|☆Seriphaa
|t:|1779615549
|gametype|singles
|player|p1|iosoyio|gambler|1197
|player|p2|Seriphaa|unknownf|1237
|gen|9
|tier|[Gen 9] OU
|rated|
|rule|HP Percentage Mod: HP is shown in percentages
|rule|Endless Battle Clause: Forcing endless battles is banned
|rule|Species Clause: Limit one of each Pokémon
|rule|OHKO Clause: OHKO moves are banned
|rule|Evasion Items Clause: Evasion items are banned
|rule|Evasion Moves Clause: Evasion moves are banned
|rule|Evasion Abilities Clause: Evasion abilities are banned
|rule|Sleep Moves Clause: Sleep-inducing moves are banned
|clearpoke
|poke|p1|Lokix, F|
|poke|p1|Glimmora, M|
|poke|p1|Gholdengo|
|poke|p1|Iron Hands|
|poke|p1|Clawitzer, F|
|poke|p1|Iron Moth|
|poke|p2|Darkrai|
|poke|p2|Ting-Lu|
|poke|p2|Slowking-Galar, F|
|poke|p2|Cinderace, F|
|poke|p2|Ogerpon-Wellspring, F|
|poke|p2|Corviknight, M|
|teampreview
|
|t:|1779615554
|teamsize|p1|6
|teamsize|p2|6
|start
|switch|p1a: Glimmora|Glimmora, M|100/100
|switch|p2a: Cinderace|Cinderace, F|100/100
|turn|1
|
|t:|1779615563
|move|p2a: Cinderace|U-turn|p1a: Glimmora
|-start|p2a: Cinderace|typechange|Bug|[from] ability: Libero
|-resisted|p1a: Glimmora
|-damage|p1a: Glimmora|86/100
|-activate|p1a: Glimmora|ability: Toxic Debris
|-sidestart|p2: Seriphaa|move: Toxic Spikes
|
|t:|1779615569
|switch|p2a: Corviknight|Corviknight, M|100/100|[from] U-turn
|-ability|p2a: Corviknight|Pressure
|move|p1a: Glimmora|Stealth Rock|p2a: Corviknight
|-sidestart|p2: Seriphaa|move: Stealth Rock
|
|upkeep
|turn|2
|
|t:|1779615581
|switch|p1a: Iron Moth|Iron Moth|100/100
|move|p2a: Corviknight|Defog|p1a: Iron Moth
|-unboost|p1a: Iron Moth|evasion|1
|-sideend|p2: Seriphaa|Toxic Spikes|[from] move: Defog|[of] p2a: Corviknight
|-sideend|p2: Seriphaa|Stealth Rock|[from] move: Defog|[of] p2a: Corviknight
|
|upkeep
|turn|3
|
|t:|1779615588
|switch|p2a: Slowking|Slowking-Galar, F|100/100
|move|p1a: Iron Moth|Fiery Dance|p2a: Slowking
|-damage|p2a: Slowking|76/100
|
|upkeep
|turn|4
|
|t:|1779615601
|move|p1a: Iron Moth|Meteor Beam||[still]
|-prepare|p1a: Iron Moth|Meteor Beam
|-boost|p1a: Iron Moth|spa|1
|-enditem|p1a: Iron Moth|Power Herb
|-anim|p1a: Iron Moth|Meteor Beam|p2a: Slowking
|-damage|p2a: Slowking|35/100
|move|p2a: Slowking|Thunder Wave|p1a: Iron Moth
|-status|p1a: Iron Moth|par
|
|upkeep
|turn|5
|
|t:|1779615616
|switch|p2a: Ting-Lu|Ting-Lu|100/100
|-ability|p2a: Ting-Lu|Vessel of Ruin
|move|p1a: Iron Moth|Fiery Dance|p2a: Ting-Lu
|-damage|p2a: Ting-Lu|75/100
|
|-heal|p2a: Ting-Lu|82/100|[from] item: Leftovers
|upkeep
|turn|6
|
|t:|1779615625
|move|p1a: Iron Moth|Energy Ball|p2a: Ting-Lu
|-supereffective|p2a: Ting-Lu
|-damage|p2a: Ting-Lu|37/100
|move|p2a: Ting-Lu|Earthquake|p1a: Iron Moth
|-supereffective|p1a: Iron Moth
|-damage|p1a: Iron Moth|0 fnt
|faint|p1a: Iron Moth
|-end|p1a: Iron Moth|Quark Drive|[silent]
|
|-heal|p2a: Ting-Lu|43/100|[from] item: Leftovers
|upkeep
|
|t:|1779615636
|switch|p1a: Lokix|Lokix, F|100/100
|turn|7
|
|t:|1779615641
|switch|p2a: Corviknight|Corviknight, M|100/100
|-ability|p2a: Corviknight|Pressure
|move|p1a: Lokix|First Impression|p2a: Corviknight
|-resisted|p2a: Corviknight
|-damage|p2a: Corviknight|88/100
|-damage|p1a: Lokix|84/100|[from] item: Rocky Helmet|[of] p2a: Corviknight
|
|upkeep
|turn|8
|
|t:|1779615649
|move|p1a: Lokix|U-turn|p2a: Corviknight
|-resisted|p2a: Corviknight
|-damage|p2a: Corviknight|79/100
|-damage|p1a: Lokix|67/100|[from] item: Rocky Helmet|[of] p2a: Corviknight
|
|t:|1779615652
|switch|p1a: Glimmora|Glimmora, M|86/100|[from] U-turn
|move|p2a: Corviknight|U-turn|p1a: Glimmora
|-resisted|p1a: Glimmora
|-damage|p1a: Glimmora|79/100
|-activate|p1a: Glimmora|ability: Toxic Debris
|-sidestart|p2: Seriphaa|move: Toxic Spikes
|
|t:|1779615659
|switch|p2a: Ting-Lu|Ting-Lu|43/100|[from] U-turn
|-status|p2a: Ting-Lu|psn
|-ability|p2a: Ting-Lu|Vessel of Ruin
|
|-heal|p2a: Ting-Lu|49/100 psn|[from] item: Leftovers
|-damage|p2a: Ting-Lu|37/100 psn|[from] psn
|upkeep
|turn|9
|
|t:|1779615665
|move|p1a: Glimmora|Light Screen|p1a: Glimmora
|-sidestart|p1: iosoyio|move: Light Screen
|move|p2a: Ting-Lu|Earthquake|p1a: Glimmora
|-supereffective|p1a: Glimmora
|-damage|p1a: Glimmora|0 fnt
|-activate|p1a: Glimmora|ability: Toxic Debris
|-sidestart|p2: Seriphaa|move: Toxic Spikes
|faint|p1a: Glimmora
|
|-heal|p2a: Ting-Lu|43/100 psn|[from] item: Leftovers
|-damage|p2a: Ting-Lu|31/100 psn|[from] psn
|upkeep
|
|t:|1779615672
|switch|p1a: Clawitzer|Clawitzer, F, shiny|100/100
|turn|10
|
|t:|1779615676
|switch|p2a: Slowking|Slowking-Galar, F|68/100
|-sideend|p2: Seriphaa|move: Toxic Spikes|[of] p2a: Slowking
|move|p1a: Clawitzer|Surf|p2a: Slowking
|-damage|p2a: Slowking|41/100
|
|upkeep
|turn|11
|
|t:|1779615681
|move|p1a: Clawitzer|Dark Pulse|p2a: Slowking
|-supereffective|p2a: Slowking
|-damage|p2a: Slowking|0 fnt
|faint|p2a: Slowking
|
|upkeep
|
|t:|1779615688
|switch|p2a: Ogerpon|Ogerpon-Wellspring, F|100/100
|turn|12
|
|t:|1779615698
|move|p2a: Ogerpon|Power Whip|p1a: Clawitzer
|-supereffective|p1a: Clawitzer
|-damage|p1a: Clawitzer|0 fnt
|faint|p1a: Clawitzer
|
|upkeep
|
|t:|1779615704
|switch|p1a: Lokix|Lokix, F|67/100
|turn|13
|
|t:|1779615707
|switch|p2a: Corviknight|Corviknight, M|79/100
|-ability|p2a: Corviknight|Pressure
|move|p1a: Lokix|First Impression|p2a: Corviknight
|-resisted|p2a: Corviknight
|-damage|p2a: Corviknight|65/100
|-damage|p1a: Lokix|51/100|[from] item: Rocky Helmet|[of] p2a: Corviknight
|
|-sideend|p1: iosoyio|move: Light Screen
|upkeep
|turn|14
|
|t:|1779615719
|switch|p1a: Gholdengo|Gholdengo|100/100
|move|p2a: Corviknight|Roost|p2a: Corviknight
|-heal|p2a: Corviknight|100/100
|-singleturn|p2a: Corviknight|move: Roost
|
|upkeep
|turn|15
|
|t:|1779615725
|move|p1a: Gholdengo|Shadow Ball|p2a: Corviknight
|-damage|p2a: Corviknight|52/100
|move|p2a: Corviknight|U-turn|p1a: Gholdengo
|-resisted|p1a: Gholdengo
|-damage|p1a: Gholdengo|97/100
|
|t:|1779615731
|switch|p2a: Darkrai|Darkrai|100/100|[from] U-turn
|
|-heal|p1a: Gholdengo|100/100|[from] item: Leftovers
|upkeep
|turn|16
|
|t:|1779615738
|switch|p1a: Iron Hands|Iron Hands|100/100
|move|p2a: Darkrai|Dark Pulse|p1a: Iron Hands
|-resisted|p1a: Iron Hands
|-damage|p1a: Iron Hands|73/100
|
|-heal|p1a: Iron Hands|79/100|[from] item: Leftovers
|upkeep
|turn|17
|
|t:|1779615747
|switch|p2a: Ting-Lu|Ting-Lu|31/100 psn
|-ability|p2a: Ting-Lu|Vessel of Ruin
|move|p1a: Iron Hands|Swords Dance|p1a: Iron Hands
|-boost|p1a: Iron Hands|atk|2
|
|-heal|p1a: Iron Hands|85/100|[from] item: Leftovers
|-heal|p2a: Ting-Lu|37/100 psn|[from] item: Leftovers
|-damage|p2a: Ting-Lu|24/100 psn|[from] psn
|upkeep
|turn|18
|
|t:|1779615757
|move|p1a: Iron Hands|Drain Punch|p2a: Ting-Lu
|-supereffective|p2a: Ting-Lu
|-damage|p2a: Ting-Lu|0 fnt
|-heal|p1a: Iron Hands|97/100|[from] drain|[of] p2a: Ting-Lu
|faint|p2a: Ting-Lu
|
|-heal|p1a: Iron Hands|100/100|[from] item: Leftovers
|upkeep
|
|t:|1779615770
|switch|p2a: Ogerpon|Ogerpon-Wellspring, F|100/100
|turn|19
|
|t:|1779615773
|move|p2a: Ogerpon|Play Rough|p1a: Iron Hands
|-supereffective|p1a: Iron Hands
|-damage|p1a: Iron Hands|52/100
|move|p1a: Iron Hands|Supercell Slam|p2a: Ogerpon
|-damage|p2a: Ogerpon|0 fnt
|faint|p2a: Ogerpon
|
|-heal|p1a: Iron Hands|59/100|[from] item: Leftovers
|upkeep
|
|t:|1779615778
|switch|p2a: Cinderace|Cinderace, F|100/100
|turn|20
|
|t:|1779615783
|move|p2a: Cinderace|Pyro Ball|p1a: Iron Hands|[miss]
|-miss|p2a: Cinderace|p1a: Iron Hands
|move|p1a: Iron Hands|Drain Punch|p2a: Cinderace
|-damage|p2a: Cinderace|0 fnt
|-heal|p1a: Iron Hands|89/100|[from] drain|[of] p2a: Cinderace
|faint|p2a: Cinderace
|
|-heal|p1a: Iron Hands|95/100|[from] item: Leftovers
|upkeep
|
|t:|1779615790
|switch|p2a: Darkrai|Darkrai|100/100
|turn|21
|
|t:|1779615794
|move|p2a: Darkrai|Sludge Bomb|p1a: Iron Hands
|-damage|p1a: Iron Hands|50/100
|-status|p1a: Iron Hands|psn
|move|p1a: Iron Hands|Drain Punch|p2a: Darkrai
|-supereffective|p2a: Darkrai
|-damage|p2a: Darkrai|0 fnt
|-heal|p1a: Iron Hands|78/100 psn|[from] drain|[of] p2a: Darkrai
|faint|p2a: Darkrai
|
|-heal|p1a: Iron Hands|84/100 psn|[from] item: Leftovers
|-damage|p1a: Iron Hands|71/100 psn|[from] psn
|upkeep
|-message|Seriphaa forfeited.
|
|win|iosoyio
|raw|iosoyio's rating: 1197 &rarr; <strong>1225</strong><br />(+28 for winning)
|raw|Seriphaa's rating: 1237 &rarr; <strong>1209</strong><br />(-28 for losing)
|l|☆Seriphaa
|player|p2|
