|j|☆Regikick&&
|j|☆2ble Keldeo Engine
|t:|1779683043
|gametype|singles
|player|p1|Regikick&&|102|1102
|player|p2|2ble Keldeo Engine|emmet|1151
|gen|9
|tier|[Gen 9] OU
|rated|
|rule|HP Percentage Mod: HP is shown in percentages
|rule|Endless Battle Clause: Forcing endless battles is banned
|rule|Species Clause: Limit one of each Pokémon
|rule|OHKO Clause: OHKO moves are banned
|rule|Evasion Items Clause: Evasion items are banned
|rule|Evasion Moves Clause: Evasion moves are banned
|rule|Evasion Abilities Clause: Evasion abilities are banned
|rule|Sleep Moves Clause: Sleep-inducing moves are banned
|clearpoke
|poke|p1|Gengar, F|
|poke|p1|Arcanine-Hisui, F|
|poke|p1|Kingambit, F|
|poke|p1|Gyarados, F|
|poke|p1|Zoroark-Hisui, F|
|poke|p1|Tyranitar, M|
|poke|p2|Rillaboom, M|
|poke|p2|Ogerpon-Cornerstone, F|
|poke|p2|Iron Moth|
|poke|p2|Raging Bolt|
|poke|p2|Basculegion-F, F|
|poke|p2|Araquanid, M|
|teampreview
|
|t:|1779683061
|teamsize|p1|6
|teamsize|p2|6
|start
|switch|p1a: Tyranitar|Tyranitar, M|100/100
|switch|p2a: Araquanid|Araquanid, M|100/100
|-weather|Sandstorm|[from] ability: Sand Stream|[of] p1a: Tyranitar
|turn|1
|inactive|Battle timer is ON: inactive players will automatically lose when time's up. (requested by 2ble Keldeo Engine)
|
|t:|1779683071
|move|p1a: Tyranitar|Dragon Dance|p1a: Tyranitar
|-boost|p1a: Tyranitar|atk|1
|-boost|p1a: Tyranitar|spe|1
|move|p2a: Araquanid|Sticky Web|p1a: Tyranitar
|-sidestart|p1: Regikick&&|move: Sticky Web
|
|-weather|Sandstorm|[upkeep]
|-damage|p2a: Araquanid|94/100|[from] Sandstorm
|upkeep
|turn|2
|inactive|2ble Keldeo Engine has 120 seconds left.
|
|t:|1779683105
|move|p1a: Tyranitar|Rock Blast|p2a: Araquanid
|-supereffective|p2a: Araquanid
|-damage|p2a: Araquanid|47/100
|-supereffective|p2a: Araquanid
|-damage|p2a: Araquanid|0 fnt
|faint|p2a: Araquanid
|-hitcount|p2: Araquanid|2
|
|-weather|Sandstorm|[upkeep]
|upkeep
|
|t:|1779683109
|switch|p2a: Rillaboom|Rillaboom, M|100/100
|-fieldstart|move: Grassy Terrain|[from] ability: Grassy Surge|[of] p2a: Rillaboom
|turn|3
|
|t:|1779683118
|move|p2a: Rillaboom|Grassy Glide|p1a: Tyranitar
|-supereffective|p1a: Tyranitar
|-damage|p1a: Tyranitar|0 fnt
|faint|p1a: Tyranitar
|
|-weather|Sandstorm|[upkeep]
|-damage|p2a: Rillaboom|94/100|[from] Sandstorm
|-heal|p2a: Rillaboom|100/100|[from] Grassy Terrain
|upkeep
|
|t:|1779683131
|switch|p1a: Gengar|Gengar, F, shiny|100/100
|-activate|p1a: Gengar|move: Sticky Web
|-unboost|p1a: Gengar|spe|1
|turn|4
|
|t:|1779683145
|switch|p2a: Raging Bolt|Raging Bolt|100/100
|-enditem|p2a: Raging Bolt|Booster Energy
|-activate|p2a: Raging Bolt|ability: Protosynthesis|[fromitem]
|-start|p2a: Raging Bolt|protosynthesisspa
|move|p1a: Gengar|Sludge Wave|p2a: Raging Bolt
|-damage|p2a: Raging Bolt|55/100
|
|-weather|Sandstorm|[upkeep]
|-damage|p2a: Raging Bolt|49/100|[from] Sandstorm
|-damage|p1a: Gengar|94/100|[from] Sandstorm
|-heal|p2a: Raging Bolt|55/100|[from] Grassy Terrain
|-heal|p1a: Gengar|100/100|[from] Grassy Terrain
|upkeep
|turn|5
|
|t:|1779683157
|move|p2a: Raging Bolt|Dragon Pulse|p1a: Gengar
|-damage|p1a: Gengar|0 fnt
|-start|p2a: Raging Bolt|Disable|Dragon Pulse|[from] ability: Cursed Body|[of] p1a: Gengar
|faint|p1a: Gengar
|
|-weather|none
|-heal|p2a: Raging Bolt|61/100|[from] Grassy Terrain
|upkeep
|
|t:|1779683168
|switch|p1a: Arcanine|Arcanine-Hisui, F|100/100
|-activate|p1a: Arcanine|move: Sticky Web
|-unboost|p1a: Arcanine|spe|1
|turn|6
|
|t:|1779683183
|move|p2a: Raging Bolt|Thunderbolt|p1a: Arcanine
|-damage|p1a: Arcanine|0 fnt
|replace|p1a: Zoroark|Zoroark-Hisui, F
|-end|p1a: Zoroark|Illusion
|faint|p1a: Zoroark
|
|-heal|p2a: Raging Bolt|68/100|[from] Grassy Terrain
|upkeep
|
|t:|1779683192
|switch|p1a: Arcanine|Arcanine-Hisui, F|100/100
|-activate|p1a: Arcanine|move: Sticky Web
|-unboost|p1a: Arcanine|spe|1
|turn|7
|
|t:|1779683204
|move|p2a: Raging Bolt|Thunderbolt|p1a: Arcanine
|-damage|p1a: Arcanine|14/100
|move|p1a: Arcanine|Head Smash|p2a: Raging Bolt
|-damage|p2a: Raging Bolt|0 fnt
|faint|p2a: Raging Bolt
|-end|p2a: Raging Bolt|Protosynthesis|[silent]
|-damage|p1a: Arcanine|4/100|[from] item: Life Orb
|
|-heal|p1a: Arcanine|10/100|[from] Grassy Terrain
|-fieldend|move: Grassy Terrain
|upkeep
|
|t:|1779683211
|switch|p2a: Basculegion|Basculegion-F, F|100/100
|turn|8
|
|t:|1779683218
|move|p2a: Basculegion|Surf|p1a: Arcanine
|-supereffective|p1a: Arcanine
|-damage|p1a: Arcanine|0 fnt
|faint|p1a: Arcanine
|-damage|p2a: Basculegion|91/100|[from] item: Life Orb
|
|upkeep
|
|t:|1779683224
|switch|p1a: Gyarados|Gyarados, F, shiny|100/100
|turn|9
|
|t:|1779683232
|move|p2a: Basculegion|Shadow Ball|p1a: Gyarados
|-damage|p1a: Gyarados|42/100
|-damage|p2a: Basculegion|81/100|[from] item: Life Orb
|move|p1a: Gyarados|Crunch|p2a: Basculegion
|-supereffective|p2a: Basculegion
|-damage|p2a: Basculegion|0 fnt
|faint|p2a: Basculegion
|-ability|p1a: Gyarados|Moxie|boost
|-boost|p1a: Gyarados|atk|1
|-damage|p1a: Gyarados|32/100|[from] item: Life Orb
|
|upkeep
|
|t:|1779683243
|switch|p2a: Ogerpon|Ogerpon-Cornerstone, F|100/100
|turn|10
|
|t:|1779683254
|move|p2a: Ogerpon|Ivy Cudgel|p1a: Gyarados|[anim] Ivy Cudgel Rock
|-supereffective|p1a: Gyarados
|-damage|p1a: Gyarados|0 fnt
|faint|p1a: Gyarados
|
|upkeep
|
|t:|1779683260
|switch|p1a: Kingambit|Kingambit, F|100/100
|-activate|p1a: Kingambit|move: Sticky Web
|-unboost|p1a: Kingambit|spe|1
|-activate|p1a: Kingambit|ability: Supreme Overlord
|-start|p1a: Kingambit|fallen5|[silent]
|turn|11
|
|t:|1779683268
|move|p2a: Ogerpon|Low Kick|p1a: Kingambit
|-supereffective|p1a: Kingambit
|-damage|p1a: Kingambit|0 fnt
|faint|p1a: Kingambit
|-end|p1a: Kingambit|fallen5|[silent]
|
|win|2ble Keldeo Engine
|raw|Regikick&amp;&amp;'s rating: 1102 &rarr; <strong>1083</strong><br />(-19 for losing)
|raw|2ble Keldeo Engine's rating: 1181 &rarr; <strong>1200</strong><br />(+19 for winning)
|l|☆Regikick&&
|player|p1|
|l|☆2ble Keldeo Engine
|player|p2|
|j| fdsls
