|j|☆noodlepantseli
|j|☆Literally Trish
|t:|1779679656
|gametype|singles
|player|p1|noodlepantseli|101|1130
|player|p2|Literally Trish|bianca|1172
|gen|9
|tier|[Gen 9] OU
|rated|
|rule|HP Percentage Mod: HP is shown in percentages
|rule|Endless Battle Clause: Forcing endless battles is banned
|rule|Species Clause: Limit one of each Pokémon
|rule|OHKO Clause: OHKO moves are banned
|rule|Evasion Items Clause: Evasion items are banned
|rule|Evasion Moves Clause: Evasion moves are banned
|rule|Evasion Abilities Clause: Evasion abilities are banned
|rule|Sleep Moves Clause: Sleep-inducing moves are banned
|clearpoke
|poke|p1|Samurott-Hisui, F|
|poke|p1|Dragonite, M|
|poke|p1|Zamazenta-*|
|poke|p1|Gholdengo|
|poke|p1|Darkrai|
|poke|p1|Iron Treads|
|poke|p2|Iron Valiant|
|poke|p2|Fezandipiti, M|
|poke|p2|Empoleon, M|
|poke|p2|Infernape, M|
|poke|p2|Bronzong|
|poke|p2|Rotom-Fan|
|teampreview
|
|t:|1779679683
|teamsize|p1|6
|teamsize|p2|6
|start
|switch|p1a: Samurott|Samurott-Hisui, F|100/100
|switch|p2a: MISTA MISTA|Infernape, M, shiny|100/100
|turn|1
|
|t:|1779679700
|move|p1a: Samurott|Aqua Jet|p2a: MISTA MISTA
|-supereffective|p2a: MISTA MISTA
|-damage|p2a: MISTA MISTA|43/100
|move|p2a: MISTA MISTA|Aura Sphere|p1a: Samurott
|-supereffective|p1a: Samurott
|-enditem|p1a: Samurott|Focus Sash
|-damage|p1a: Samurott|1/100
|
|upkeep
|turn|2
|
|t:|1779679708
|move|p2a: MISTA MISTA|Vacuum Wave|p1a: Samurott
|-supereffective|p1a: Samurott
|-damage|p1a: Samurott|0 fnt
|faint|p1a: Samurott
|
|upkeep
|
|t:|1779679724
|switch|p1a: Dragonite|Dragonite, M|100/100
|turn|3
|
|t:|1779679746
|switch|p2a: Bucciarati|Empoleon, M, shiny|100/100
|move|p1a: Dragonite|Dragon Dance|p1a: Dragonite
|-boost|p1a: Dragonite|atk|1
|-boost|p1a: Dragonite|spe|1
|
|upkeep
|turn|4
|
|t:|1779679762
|-terastallize|p2a: Bucciarati|Flying
|move|p1a: Dragonite|Dragon Dance|p1a: Dragonite
|-boost|p1a: Dragonite|atk|1
|-boost|p1a: Dragonite|spe|1
|move|p2a: Bucciarati|Ice Beam|p1a: Dragonite
|-supereffective|p1a: Dragonite
|-damage|p1a: Dragonite|41/100
|-status|p1a: Dragonite|frz
|
|upkeep
|turn|5
|
|t:|1779679778
|cant|p1a: Dragonite|frz
|move|p2a: Bucciarati|Ice Beam|p1a: Dragonite
|-supereffective|p1a: Dragonite
|-damage|p1a: Dragonite|0 fnt
|faint|p1a: Dragonite
|
|upkeep
|
|t:|1779679790
|switch|p1a: Darkrai|Darkrai|100/100
|turn|6
|
|t:|1779679800
|switch|p2a: Abbacchio|Bronzong|100/100
|move|p1a: Darkrai|Nasty Plot|p1a: Darkrai
|-boost|p1a: Darkrai|spa|2
|
|upkeep
|turn|7
|
|t:|1779679815
|move|p1a: Darkrai|Dark Pulse|p2a: Abbacchio
|-supereffective|p2a: Abbacchio
|-damage|p2a: Abbacchio|0 fnt
|faint|p2a: Abbacchio
|-damage|p1a: Darkrai|91/100|[from] item: Life Orb
|
|upkeep
|
|t:|1779679819
|switch|p2a: Giorno|Iron Valiant|100/100
|-enditem|p2a: Giorno|Booster Energy
|-activate|p2a: Giorno|ability: Quark Drive|[fromitem]
|-start|p2a: Giorno|quarkdrivespe
|turn|8
|
|t:|1779679831
|move|p2a: Giorno|Close Combat|p1a: Darkrai
|-supereffective|p1a: Darkrai
|-damage|p1a: Darkrai|0 fnt
|-unboost|p2a: Giorno|def|1
|-unboost|p2a: Giorno|spd|1
|faint|p1a: Darkrai
|
|upkeep
|
|t:|1779679848
|switch|p1a: Gholdengo|Gholdengo|100/100
|turn|9
|
|t:|1779679853
|move|p2a: Giorno|Knock Off|p1a: Gholdengo
|-supereffective|p1a: Gholdengo
|-damage|p1a: Gholdengo|24/100
|-enditem|p1a: Gholdengo|Metal Coat|[from] move: Knock Off|[of] p2a: Giorno
|move|p1a: Gholdengo|Nasty Plot|p1a: Gholdengo
|-boost|p1a: Gholdengo|spa|2
|
|upkeep
|turn|10
|inactive|Battle timer is ON: inactive players will automatically lose when time's up. (requested by Literally Trish)
|
|t:|1779679865
|-terastallize|p1a: Gholdengo|Steel
|move|p2a: Giorno|Knock Off|p1a: Gholdengo
|-damage|p1a: Gholdengo|1/100
|move|p1a: Gholdengo|Recover|p1a: Gholdengo
|-heal|p1a: Gholdengo|52/100
|
|upkeep
|turn|11
|
|t:|1779679871
|move|p2a: Giorno|Close Combat|p1a: Gholdengo
|-supereffective|p1a: Gholdengo
|-damage|p1a: Gholdengo|0 fnt
|-unboost|p2a: Giorno|def|1
|-unboost|p2a: Giorno|spd|1
|faint|p1a: Gholdengo
|
|upkeep
|-message|noodlepantseli forfeited.
|
|win|Literally Trish
|raw|noodlepantseli's rating: 1130 &rarr; <strong>1108</strong><br />(-22 for losing)
|raw|Literally Trish's rating: 1172 &rarr; <strong>1194</strong><br />(+22 for winning)
|l|☆noodlepantseli
|player|p1|
|l|☆Literally Trish
|player|p2|
|j|☆Literally Trish
|player|p2|Literally Trish|bianca|
