|j|☆potatosforfree
|j|☆toothl3sswoopie
|t:|1779623381
|gametype|singles
|player|p1|potatosforfree|lucas|
|player|p2|toothl3sswoopie|steven|
|gen|9
|tier|[Gen 9] OU
|rule|HP Percentage Mod: HP is shown in percentages
|rule|Endless Battle Clause: Forcing endless battles is banned
|rule|Species Clause: Limit one of each Pokémon
|rule|OHKO Clause: OHKO moves are banned
|rule|Evasion Items Clause: Evasion items are banned
|rule|Evasion Moves Clause: Evasion moves are banned
|rule|Evasion Abilities Clause: Evasion abilities are banned
|rule|Sleep Moves Clause: Sleep-inducing moves are banned
|clearpoke
|poke|p1|Iron Valiant|
|poke|p1|Excadrill, M|
|poke|p1|Tyranitar, M|
|poke|p1|Tornadus-Therian, M|
|poke|p1|Ogerpon-Cornerstone, F|
|poke|p1|Toxapex, M|
|poke|p2|Ninetales-Alola, M|
|poke|p2|Cetitan, M|
|poke|p2|Weavile, F|
|poke|p2|Cryogonal|
|poke|p2|Mamoswine, F|
|poke|p2|Kyurem|
|teampreview
|inactive|Battle timer is ON: inactive players will automatically lose when time's up. (requested by potatosforfree)
|c|☆toothl3sswoopie|glhf
|
|t:|1779623394
|teamsize|p1|6
|teamsize|p2|6
|start
|switch|p1a: Tyranitar|Tyranitar, M, shiny|100/100
|switch|p2a: Ninetales|Ninetales-Alola, M|100/100
|-weather|Snowscape|[from] ability: Snow Warning|[of] p2a: Ninetales
|-weather|Sandstorm|[from] ability: Sand Stream|[of] p1a: Tyranitar
|turn|1
|
|t:|1779623403
|move|p2a: Ninetales|Aurora Veil||[still]
|-fail|p2a: Ninetales
|move|p1a: Tyranitar|Stealth Rock|p2a: Ninetales
|-sidestart|p2: toothl3sswoopie|move: Stealth Rock
|
|-weather|Sandstorm|[upkeep]
|-damage|p2a: Ninetales|94/100|[from] Sandstorm
|upkeep
|turn|2
|c|☆toothl3sswoopie|ah
|
|t:|1779623412
|move|p2a: Ninetales|Encore|p1a: Tyranitar
|-start|p1a: Tyranitar|Encore
|move|p1a: Tyranitar|Stealth Rock||[still]
|-fail|p1a: Tyranitar
|
|-weather|Sandstorm|[upkeep]
|-damage|p2a: Ninetales|88/100|[from] Sandstorm
|upkeep
|turn|3
|
|t:|1779623437
|switch|p2a: Kyurem|Kyurem|100/100
|-damage|p2a: Kyurem|76/100|[from] Stealth Rock
|-ability|p2a: Kyurem|Pressure
|switch|p1a: Excadrill|Excadrill, M, shiny|100/100
|
|-weather|Sandstorm|[upkeep]
|-damage|p2a: Kyurem|70/100|[from] Sandstorm
|upkeep
|turn|4
|
|t:|1779623452
|move|p1a: Excadrill|Substitute|p1a: Excadrill
|-start|p1a: Excadrill|Substitute
|-damage|p1a: Excadrill|76/100
|move|p2a: Kyurem|Icicle Spear|p1a: Excadrill
|-activate|p1a: Excadrill|move: Substitute|[damage]
|-end|p1a: Excadrill|Substitute
|-damage|p1a: Excadrill|55/100
|-damage|p1a: Excadrill|36/100
|-damage|p1a: Excadrill|16/100
|-hitcount|p1a: Excadrill|5
|
|-weather|Sandstorm|[upkeep]
|-damage|p2a: Kyurem|63/100|[from] Sandstorm
|-heal|p1a: Excadrill|22/100|[from] item: Leftovers
|upkeep
|turn|5
|
|t:|1779623467
|move|p1a: Excadrill|Rock Slide|p2a: Kyurem
|-supereffective|p2a: Kyurem
|-damage|p2a: Kyurem|10/100
|move|p2a: Kyurem|Icicle Spear|p1a: Excadrill
|-damage|p1a: Excadrill|3/100
|-damage|p1a: Excadrill|0 fnt
|faint|p1a: Excadrill
|-hitcount|p1: Excadrill|2
|
|-weather|Sandstorm|[upkeep]
|-damage|p2a: Kyurem|4/100|[from] Sandstorm
|upkeep
|
|t:|1779623484
|switch|p1a: Tornadus|Tornadus-Therian, M, shiny|100/100
|turn|6
|
|t:|1779623488
|move|p1a: Tornadus|Weather Ball|p2a: Kyurem
|-supereffective|p2a: Kyurem
|-damage|p2a: Kyurem|0 fnt
|faint|p2a: Kyurem
|
|-weather|Sandstorm|[upkeep]
|-damage|p1a: Tornadus|94/100|[from] Sandstorm
|upkeep
|
|t:|1779623498
|switch|p2a: Mamoswine|Mamoswine, F|100/100
|-damage|p2a: Mamoswine|88/100|[from] Stealth Rock
|turn|7
|
|t:|1779623509
|move|p1a: Tornadus|Weather Ball|p2a: Mamoswine
|-damage|p2a: Mamoswine|43/100
|move|p2a: Mamoswine|Icicle Crash|p1a: Tornadus
|-supereffective|p1a: Tornadus
|-damage|p1a: Tornadus|0 fnt
|faint|p1a: Tornadus
|
|-weather|Sandstorm|[upkeep]
|upkeep
|
|t:|1779623517
|switch|p1a: Ogerpon|Ogerpon-Cornerstone, F|100/100
|turn|8
|
|t:|1779623523
|move|p2a: Mamoswine|Ice Shard|p1a: Ogerpon
|-supereffective|p1a: Ogerpon
|-damage|p1a: Ogerpon|44/100
|move|p1a: Ogerpon|Ivy Cudgel|p2a: Mamoswine|[anim] Ivy Cudgel Rock
|-damage|p2a: Mamoswine|0 fnt
|faint|p2a: Mamoswine
|
|-weather|none
|upkeep
|
|t:|1779623534
|switch|p2a: Cryogonal|Cryogonal|100/100
|turn|9
|
|t:|1779623551
|move|p1a: Ogerpon|Ivy Cudgel|p2a: Cryogonal|[anim] Ivy Cudgel Rock
|-supereffective|p2a: Cryogonal
|-damage|p2a: Cryogonal|0 fnt
|faint|p2a: Cryogonal
|
|upkeep
|c|☆toothl3sswoopie|oofff
|
|t:|1779623562
|switch|p2a: Ninetales|Ninetales-Alola, M|88/100
|-damage|p2a: Ninetales|64/100|[from] Stealth Rock
|-weather|Snowscape|[from] ability: Snow Warning|[of] p2a: Ninetales
|turn|10
|
|t:|1779623567
|move|p1a: Ogerpon|Ivy Cudgel|p2a: Ninetales|[anim] Ivy Cudgel Rock
|-supereffective|p2a: Ninetales
|-damage|p2a: Ninetales|0 fnt
|faint|p2a: Ninetales
|
|-weather|Snowscape|[upkeep]
|upkeep
|c|☆potatosforfree|why not go weavile
|
|t:|1779623577
|switch|p2a: Weavile|Weavile, F|100/100
|-ability|p2a: Weavile|Pressure
|turn|11
|
|t:|1779623587
|move|p2a: Weavile|Ice Shard|p1a: Ogerpon
|-supereffective|p1a: Ogerpon
|-damage|p1a: Ogerpon|0 fnt
|faint|p1a: Ogerpon
|
|-weather|Snowscape|[upkeep]
|upkeep
|
|t:|1779623590
|switch|p1a: Toxapex|Toxapex, M, shiny|100/100
|turn|12
|
|t:|1779623596
|move|p2a: Weavile|Knock Off|p1a: Toxapex
|-damage|p1a: Toxapex|67/100
|-enditem|p1a: Toxapex|Eject Button|[from] move: Knock Off|[of] p2a: Weavile
|move|p1a: Toxapex|Toxic|p2a: Weavile
|-status|p2a: Weavile|tox
|
|-weather|Snowscape|[upkeep]
|-damage|p2a: Weavile|94/100 tox|[from] psn
|upkeep
|turn|13
|
|t:|1779623611
|switch|p2a: Cetitan|Cetitan, M|100/100
|-damage|p2a: Cetitan|76/100|[from] Stealth Rock
|move|p1a: Toxapex|Toxic Spikes|p2a: Cetitan
|-sidestart|p2: toothl3sswoopie|move: Toxic Spikes
|
|-weather|Snowscape|[upkeep]
|upkeep
|turn|14
|
|t:|1779623622
|move|p2a: Cetitan|Belly Drum|p2a: Cetitan
|-damage|p2a: Cetitan|26/100
|-setboost|p2a: Cetitan|atk|6|[from] move: Belly Drum
|-enditem|p2a: Cetitan|Sitrus Berry|[eat]
|-heal|p2a: Cetitan|51/100|[from] item: Sitrus Berry
|move|p1a: Toxapex|Toxic|p2a: Cetitan
|-status|p2a: Cetitan|tox
|
|-weather|none
|-damage|p2a: Cetitan|44/100 tox|[from] psn
|upkeep
|turn|15
|
|t:|1779623631
|move|p2a: Cetitan|Earthquake|p1a: Toxapex
|-supereffective|p1a: Toxapex
|-damage|p1a: Toxapex|0 fnt
|faint|p1a: Toxapex
|
|-damage|p2a: Cetitan|32/100 tox|[from] psn
|upkeep
|
|t:|1779623639
|switch|p1a: Iron Valiant|Iron Valiant, shiny|100/100
|turn|16
|c|☆potatosforfree|gg
|
|t:|1779623644
|move|p1a: Iron Valiant|Vacuum Wave|p2a: Cetitan
|-supereffective|p2a: Cetitan
|-damage|p2a: Cetitan|0 fnt
|faint|p2a: Cetitan
|
|upkeep
|c|☆toothl3sswoopie|ok im cooked
|
|t:|1779623649
|switch|p2a: Weavile|Weavile, F|94/100 tox
|-ability|p2a: Weavile|Pressure
|turn|17
|c|☆toothl3sswoopie|twt
|
|t:|1779623656
|move|p2a: Weavile|Ice Shard|p1a: Iron Valiant
|-crit|p1a: Iron Valiant
|-damage|p1a: Iron Valiant|62/100
|move|p1a: Iron Valiant|Vacuum Wave|p2a: Weavile
|-supereffective|p2a: Weavile
|-damage|p2a: Weavile|0 fnt
|faint|p2a: Weavile
|
|win|potatosforfree
