|j|☆theoddkeystone
|j|☆AmygdalanResponse
|t:|1779561319
|gametype|singles
|player|p1|theoddkeystone|bruno-gen2|1429
|player|p2|AmygdalanResponse|marshal|1447
|gen|9
|tier|[Gen 9] OU
|rated|
|rule|HP Percentage Mod: HP is shown in percentages
|rule|Endless Battle Clause: Forcing endless battles is banned
|rule|Species Clause: Limit one of each Pokémon
|rule|OHKO Clause: OHKO moves are banned
|rule|Evasion Items Clause: Evasion items are banned
|rule|Evasion Moves Clause: Evasion moves are banned
|rule|Evasion Abilities Clause: Evasion abilities are banned
|rule|Sleep Moves Clause: Sleep-inducing moves are banned
|clearpoke
|poke|p1|Ogerpon, F|
|poke|p1|Kingambit, F|
|poke|p1|Regieleki|
|poke|p1|Ting-Lu|
|poke|p1|Alomomola, F|
|poke|p1|Toxicroak, F|
|poke|p2|Ninetales, M|
|poke|p2|Hatterene, F|
|poke|p2|Walking Wake|
|poke|p2|Great Tusk|
|poke|p2|Lilligant-Hisui, F|
|poke|p2|Slither Wing|
|teampreview
|c|☆AmygdalanResponse|gl hf
|
|t:|1779561332
|teamsize|p1|6
|teamsize|p2|6
|start
|switch|p1a: Ting-Lu|Ting-Lu|100/100
|switch|p2a: Ninetales|Ninetales, M|100/100
|-weather|SunnyDay|[from] ability: Drought|[of] p2a: Ninetales
|-ability|p1a: Ting-Lu|Vessel of Ruin
|turn|1
|
|t:|1779561350
|switch|p2a: Hatterene|Hatterene, F|100/100
|move|p1a: Ting-Lu|Earthquake|p2a: Hatterene
|-damage|p2a: Hatterene|67/100
|
|-weather|SunnyDay|[upkeep]
|upkeep
|turn|2
|
|t:|1779561357
|move|p1a: Ting-Lu|Earthquake|p2a: Hatterene
|-damage|p2a: Hatterene|35/100
|move|p2a: Hatterene|Draining Kiss|p1a: Ting-Lu
|-supereffective|p1a: Ting-Lu
|-damage|p1a: Ting-Lu|83/100
|-heal|p2a: Hatterene|56/100|[from] drain|[of] p1a: Ting-Lu
|
|-weather|SunnyDay|[upkeep]
|-heal|p1a: Ting-Lu|89/100|[from] item: Leftovers
|upkeep
|turn|3
|
|t:|1779561363
|move|p1a: Ting-Lu|Earthquake|p2a: Hatterene
|-damage|p2a: Hatterene|24/100
|move|p2a: Hatterene|Pain Split|p1a: Ting-Lu
|-sethp|p1a: Ting-Lu|52/100|[from] move: Pain Split|[silent]
|-sethp|p2a: Hatterene|84/100|[from] move: Pain Split
|
|-weather|SunnyDay|[upkeep]
|-heal|p1a: Ting-Lu|58/100|[from] item: Leftovers
|upkeep
|turn|4
|
|t:|1779561370
|switch|p2a: Slither Wing|Slither Wing|100/100
|-activate|p2a: Slither Wing|ability: Protosynthesis
|-start|p2a: Slither Wing|protosynthesisatk
|move|p1a: Ting-Lu|Ruination|p2a: Slither Wing
|-damage|p2a: Slither Wing|51/100
|
|-weather|SunnyDay|[upkeep]
|-heal|p1a: Ting-Lu|65/100|[from] item: Leftovers
|upkeep
|turn|5
|
|t:|1779561374
|switch|p1a: Toxicroak|Toxicroak, F|100/100
|move|p2a: Slither Wing|First Impression|p1a: Toxicroak
|-resisted|p1a: Toxicroak
|-damage|p1a: Toxicroak|84/100
|-damage|p2a: Slither Wing|34/100|[from] item: Rocky Helmet|[of] p1a: Toxicroak
|
|-weather|SunnyDay|[upkeep]
|-damage|p1a: Toxicroak|72/100|[from] ability: Dry Skin|[of] p1a: Toxicroak
|upkeep
|turn|6
|
|t:|1779561382
|-end|p2a: Slither Wing|Protosynthesis|[silent]
|switch|p2a: Great Tusk|Great Tusk|100/100
|-activate|p2a: Great Tusk|ability: Protosynthesis
|-start|p2a: Great Tusk|protosynthesisatk
|move|p1a: Toxicroak|Toxic|p2a: Great Tusk
|-status|p2a: Great Tusk|tox
|
|-weather|SunnyDay|[upkeep]
|-damage|p1a: Toxicroak|59/100|[from] ability: Dry Skin|[of] p1a: Toxicroak
|-damage|p2a: Great Tusk|94/100 tox|[from] psn
|upkeep
|turn|7
|
|t:|1779561386
|switch|p1a: Alomomola|Alomomola, F|100/100
|move|p2a: Great Tusk|Stealth Rock|p1a: Alomomola
|-sidestart|p1: theoddkeystone|move: Stealth Rock
|
|-weather|SunnyDay|[upkeep]
|-damage|p2a: Great Tusk|82/100 tox|[from] psn
|upkeep
|turn|8
|
|t:|1779561391
|-end|p2a: Great Tusk|Protosynthesis|[silent]
|switch|p2a: Hatterene|Hatterene, F|84/100
|move|p1a: Alomomola|Flip Turn|p2a: Hatterene
|-damage|p2a: Hatterene|78/100
|-damage|p1a: Alomomola|84/100|[from] item: Rocky Helmet|[of] p2a: Hatterene
|
|t:|1779561393
|switch|p1a: Regieleki|Regieleki|100/100|[from] Flip Turn
|-damage|p1a: Regieleki|88/100|[from] Stealth Rock
|
|-weather|none
|upkeep
|turn|9
|
|t:|1779561402
|move|p1a: Regieleki|Rapid Spin|p2a: Hatterene
|-damage|p2a: Hatterene|64/100
|-boost|p1a: Regieleki|spe|1
|-damage|p1a: Regieleki|72/100|[from] item: Rocky Helmet|[of] p2a: Hatterene
|-sideend|p1: theoddkeystone|Stealth Rock|[from] move: Rapid Spin|[of] p1a: Regieleki
|move|p2a: Hatterene|Draining Kiss|p1a: Regieleki
|-damage|p1a: Regieleki|25/100
|-heal|p2a: Hatterene|97/100|[from] drain|[of] p1a: Regieleki
|
|upkeep
|turn|10
|
|t:|1779561408
|move|p1a: Regieleki|Volt Switch|p2a: Hatterene
|-damage|p2a: Hatterene|61/100
|
|t:|1779561413
|switch|p1a: Kingambit|Kingambit, F|100/100|[from] Volt Switch
|move|p2a: Hatterene|Draining Kiss|p1a: Kingambit
|-crit|p1a: Kingambit
|-damage|p1a: Kingambit|61/100
|-heal|p2a: Hatterene|92/100|[from] drain|[of] p1a: Kingambit
|
|upkeep
|turn|11
|
|t:|1779561422
|switch|p2a: Slither Wing|Slither Wing|34/100
|move|p1a: Kingambit|Kowtow Cleave|p2a: Slither Wing
|-resisted|p2a: Slither Wing
|-damage|p2a: Slither Wing|0 fnt
|faint|p2a: Slither Wing
|-end|p2a: Slither Wing|Protosynthesis|[silent]
|
|upkeep
|
|t:|1779561424
|switch|p2a: Ninetales|Ninetales, M|100/100
|-weather|SunnyDay|[from] ability: Drought|[of] p2a: Ninetales
|turn|12
|
|t:|1779561431
|-end|p1a: Kingambit|fallenundefined|[silent]
|switch|p1a: Regieleki|Regieleki|25/100
|move|p2a: Ninetales|Will-O-Wisp|p1a: Regieleki
|-status|p1a: Regieleki|brn
|
|-weather|SunnyDay|[upkeep]
|-damage|p1a: Regieleki|19/100 brn|[from] brn
|upkeep
|turn|13
|
|t:|1779561438
|switch|p2a: Great Tusk|Great Tusk|82/100 tox
|-activate|p2a: Great Tusk|ability: Protosynthesis
|-start|p2a: Great Tusk|protosynthesisatk
|move|p1a: Regieleki|Volt Switch|p2a: Great Tusk
|-immune|p2a: Great Tusk
|
|-weather|SunnyDay|[upkeep]
|-damage|p2a: Great Tusk|76/100 tox|[from] psn
|-damage|p1a: Regieleki|13/100 brn|[from] brn
|upkeep
|turn|14
|
|t:|1779561444
|switch|p1a: Alomomola|Alomomola, F|100/100
|move|p2a: Great Tusk|Rapid Spin|p1a: Alomomola
|-damage|p1a: Alomomola|89/100
|-boost|p2a: Great Tusk|spe|1
|
|-weather|SunnyDay|[upkeep]
|-damage|p2a: Great Tusk|63/100 tox|[from] psn
|upkeep
|turn|15
|
|t:|1779561449
|move|p2a: Great Tusk|Stealth Rock|p1a: Alomomola
|-sidestart|p1: theoddkeystone|move: Stealth Rock
|move|p1a: Alomomola|Alluring Voice|p2a: Great Tusk
|-supereffective|p2a: Great Tusk
|-damage|p2a: Great Tusk|35/100 tox
|
|-weather|SunnyDay|[upkeep]
|-damage|p2a: Great Tusk|17/100 tox|[from] psn
|upkeep
|turn|16
|
|t:|1779561464
|-end|p2a: Great Tusk|Protosynthesis|[silent]
|switch|p2a: Lilligant|Lilligant-Hisui, F|100/100
|move|p1a: Alomomola|Wish|p1a: Alomomola
|
|-weather|SunnyDay|[upkeep]
|upkeep
|turn|17
|
|t:|1779561473
|switch|p1a: Toxicroak|Toxicroak, F|59/100
|-damage|p1a: Toxicroak|53/100|[from] Stealth Rock
|move|p2a: Lilligant|Solar Blade||[still]
|-prepare|p2a: Lilligant|Solar Blade
|-anim|p2a: Lilligant|Solar Blade|p1a: Toxicroak
|-resisted|p1a: Toxicroak
|-damage|p1a: Toxicroak|15/100
|-damage|p2a: Lilligant|84/100|[from] item: Rocky Helmet|[of] p1a: Toxicroak
|-damage|p2a: Lilligant|74/100|[from] item: Life Orb
|
|-weather|SunnyDay|[upkeep]
|-damage|p1a: Toxicroak|3/100|[from] ability: Dry Skin|[of] p1a: Toxicroak
|-heal|p1a: Toxicroak|75/100|[from] move: Wish|[wisher] Alomomola
|upkeep
|turn|18
|
|t:|1779561485
|switch|p2a: Hatterene|Hatterene, F|92/100
|move|p1a: Toxicroak|Knock Off|p2a: Hatterene
|-damage|p2a: Hatterene|72/100
|-damage|p1a: Toxicroak|59/100|[from] item: Rocky Helmet|[of] p2a: Hatterene
|-enditem|p2a: Hatterene|Rocky Helmet|[from] move: Knock Off|[of] p1a: Toxicroak
|
|-weather|SunnyDay|[upkeep]
|-damage|p1a: Toxicroak|46/100|[from] ability: Dry Skin|[of] p1a: Toxicroak
|upkeep
|turn|19
|
|t:|1779561491
|switch|p1a: Regieleki|Regieleki|13/100 brn
|-damage|p1a: Regieleki|1/100 brn|[from] Stealth Rock
|move|p2a: Hatterene|Nuzzle|p1a: Regieleki
|-resisted|p1a: Regieleki
|-damage|p1a: Regieleki|0 fnt
|faint|p1a: Regieleki
|
|-weather|none
|upkeep
|
|t:|1779561494
|switch|p1a: Ogerpon|Ogerpon, F|100/100
|-damage|p1a: Ogerpon|88/100|[from] Stealth Rock
|turn|20
|
|t:|1779561499
|move|p1a: Ogerpon|U-turn|p2a: Hatterene
|-damage|p2a: Hatterene|45/100
|
|t:|1779561501
|switch|p1a: Ting-Lu|Ting-Lu|65/100|[from] U-turn
|-damage|p1a: Ting-Lu|58/100|[from] Stealth Rock
|-ability|p1a: Ting-Lu|Vessel of Ruin
|move|p2a: Hatterene|Nuzzle|p1a: Ting-Lu
|-immune|p1a: Ting-Lu
|
|-heal|p1a: Ting-Lu|65/100|[from] item: Leftovers
|upkeep
|turn|21
|
|t:|1779561506
|move|p1a: Ting-Lu|Earthquake|p2a: Hatterene
|-damage|p2a: Hatterene|15/100
|move|p2a: Hatterene|Pain Split|p1a: Ting-Lu
|-sethp|p1a: Ting-Lu|37/100|[from] move: Pain Split|[silent]
|-sethp|p2a: Hatterene|59/100|[from] move: Pain Split
|
|-heal|p1a: Ting-Lu|43/100|[from] item: Leftovers
|upkeep
|turn|22
|
|t:|1779561511
|move|p1a: Ting-Lu|Earthquake|p2a: Hatterene
|-damage|p2a: Hatterene|27/100
|move|p2a: Hatterene|Draining Kiss|p1a: Ting-Lu
|-supereffective|p1a: Ting-Lu
|-damage|p1a: Ting-Lu|24/100
|-heal|p2a: Hatterene|50/100|[from] drain|[of] p1a: Ting-Lu
|
|-heal|p1a: Ting-Lu|30/100|[from] item: Leftovers
|upkeep
|turn|23
|
|t:|1779561517
|move|p1a: Ting-Lu|Earthquake|p2a: Hatterene
|-damage|p2a: Hatterene|21/100
|move|p2a: Hatterene|Draining Kiss|p1a: Ting-Lu
|-supereffective|p1a: Ting-Lu
|-damage|p1a: Ting-Lu|13/100
|-heal|p2a: Hatterene|42/100|[from] drain|[of] p1a: Ting-Lu
|
|-heal|p1a: Ting-Lu|19/100|[from] item: Leftovers
|upkeep
|turn|24
|
|t:|1779561521
|move|p1a: Ting-Lu|Earthquake|p2a: Hatterene
|-damage|p2a: Hatterene|10/100
|move|p2a: Hatterene|Draining Kiss|p1a: Ting-Lu
|-supereffective|p1a: Ting-Lu
|-damage|p1a: Ting-Lu|0 fnt
|-heal|p2a: Hatterene|33/100|[from] drain|[of] p1a: Ting-Lu
|faint|p1a: Ting-Lu
|
|upkeep
|
|t:|1779561525
|switch|p1a: Ogerpon|Ogerpon, F|88/100
|-damage|p1a: Ogerpon|76/100|[from] Stealth Rock
|turn|25
|
|t:|1779561530
|move|p1a: Ogerpon|Ivy Cudgel|p2a: Hatterene
|-damage|p2a: Hatterene|0 fnt
|faint|p2a: Hatterene
|
|upkeep
|
|t:|1779561532
|switch|p2a: Ninetales|Ninetales, M|100/100
|-weather|SunnyDay|[from] ability: Drought|[of] p2a: Ninetales
|turn|26
|
|t:|1779561539
|switch|p1a: Alomomola|Alomomola, F|100/100
|move|p2a: Ninetales|Weather Ball|p1a: Alomomola
|-resisted|p1a: Alomomola
|-damage|p1a: Alomomola|73/100
|
|-weather|SunnyDay|[upkeep]
|upkeep
|turn|27
|
|t:|1779561543
|move|p2a: Ninetales|Will-O-Wisp|p1a: Alomomola
|-status|p1a: Alomomola|brn
|move|p1a: Alomomola|Flip Turn|p2a: Ninetales
|-supereffective|p2a: Ninetales
|-damage|p2a: Ninetales|91/100
|
|t:|1779561547
|switch|p1a: Ogerpon|Ogerpon, F|76/100|[from] Flip Turn
|-damage|p1a: Ogerpon|64/100|[from] Stealth Rock
|
|-weather|SunnyDay|[upkeep]
|upkeep
|turn|28
|
|t:|1779561551
|move|p1a: Ogerpon|Rock Tomb|p2a: Ninetales
|-supereffective|p2a: Ninetales
|-damage|p2a: Ninetales|18/100
|-unboost|p2a: Ninetales|spe|1
|move|p2a: Ninetales|Weather Ball|p1a: Ogerpon
|-supereffective|p1a: Ogerpon
|-crit|p1a: Ogerpon
|-damage|p1a: Ogerpon|0 fnt
|faint|p1a: Ogerpon
|
|-weather|SunnyDay|[upkeep]
|upkeep
|
|t:|1779561558
|switch|p1a: Alomomola|Alomomola, F|100/100 brn
|turn|29
|
|t:|1779561567
|switch|p2a: Walking Wake|Walking Wake|100/100
|-activate|p2a: Walking Wake|ability: Protosynthesis
|-start|p2a: Walking Wake|protosynthesisspe
|move|p1a: Alomomola|Wish|p1a: Alomomola
|
|-weather|SunnyDay|[upkeep]
|-damage|p1a: Alomomola|94/100 brn|[from] brn
|upkeep
|turn|30
|
|t:|1779561573
|move|p2a: Walking Wake|Flamethrower|p1a: Alomomola
|-resisted|p1a: Alomomola
|-damage|p1a: Alomomola|56/100 brn
|move|p1a: Alomomola|Alluring Voice|p2a: Walking Wake
|-supereffective|p2a: Walking Wake
|-damage|p2a: Walking Wake|80/100
|
|-weather|SunnyDay|[upkeep]
|-heal|p1a: Alomomola|100/100 brn|[from] move: Wish|[wisher] Alomomola
|-damage|p1a: Alomomola|94/100 brn|[from] brn
|upkeep
|turn|31
|
|t:|1779561578
|-end|p2a: Walking Wake|Protosynthesis|[silent]
|switch|p2a: Lilligant|Lilligant-Hisui, F|74/100
|move|p1a: Alomomola|Wish|p1a: Alomomola
|
|-weather|SunnyDay|[upkeep]
|-damage|p1a: Alomomola|88/100 brn|[from] brn
|upkeep
|turn|32
|
|t:|1779561589
|switch|p1a: Toxicroak|Toxicroak, F|46/100
|-damage|p1a: Toxicroak|40/100|[from] Stealth Rock
|move|p2a: Lilligant|Triple Axel|p1a: Toxicroak
|-damage|p1a: Toxicroak|32/100
|-damage|p2a: Lilligant|58/100|[from] item: Rocky Helmet|[of] p1a: Toxicroak
|-damage|p1a: Toxicroak|16/100
|-damage|p2a: Lilligant|41/100|[from] item: Rocky Helmet|[of] p1a: Toxicroak
|-hitcount|p1a: Toxicroak|2
|-damage|p2a: Lilligant|31/100|[from] item: Life Orb
|
|-weather|SunnyDay|[upkeep]
|-damage|p1a: Toxicroak|4/100|[from] ability: Dry Skin|[of] p1a: Toxicroak
|-heal|p1a: Toxicroak|76/100|[from] move: Wish|[wisher] Alomomola
|upkeep
|turn|33
|
|t:|1779561603
|switch|p2a: Great Tusk|Great Tusk|17/100 tox
|-activate|p2a: Great Tusk|ability: Protosynthesis
|-start|p2a: Great Tusk|protosynthesisatk
|move|p1a: Toxicroak|Drain Punch|p2a: Great Tusk
|-damage|p2a: Great Tusk|0 fnt
|-heal|p1a: Toxicroak|84/100|[from] drain|[of] p2a: Great Tusk
|faint|p2a: Great Tusk
|-end|p2a: Great Tusk|Protosynthesis|[silent]
|
|-weather|none
|upkeep
|
|t:|1779561605
|switch|p2a: Ninetales|Ninetales, M|18/100
|-weather|SunnyDay|[from] ability: Drought|[of] p2a: Ninetales
|turn|34
|
|t:|1779561617
|switch|p2a: Walking Wake|Walking Wake|80/100
|-activate|p2a: Walking Wake|ability: Protosynthesis
|-start|p2a: Walking Wake|protosynthesisspe
|switch|p1a: Alomomola|Alomomola, F|100/100 brn
|
|-weather|SunnyDay|[upkeep]
|-damage|p1a: Alomomola|94/100 brn|[from] brn
|upkeep
|turn|35
|
|t:|1779561624
|move|p1a: Alomomola|Protect|p1a: Alomomola
|-singleturn|p1a: Alomomola|Protect
|move|p2a: Walking Wake|Draco Meteor|p1a: Alomomola
|-activate|p1a: Alomomola|move: Protect
|
|-weather|SunnyDay|[upkeep]
|-damage|p1a: Alomomola|88/100 brn|[from] brn
|upkeep
|turn|36
|
|t:|1779561635
|switch|p1a: Kingambit|Kingambit, F|61/100
|-damage|p1a: Kingambit|55/100|[from] Stealth Rock
|-activate|p1a: Kingambit|ability: Supreme Overlord
|-start|p1a: Kingambit|fallen3|[silent]
|move|p2a: Walking Wake|Draco Meteor|p1a: Kingambit
|-resisted|p1a: Kingambit
|-damage|p1a: Kingambit|0 fnt
|-unboost|p2a: Walking Wake|spa|2
|faint|p1a: Kingambit
|-end|p1a: Kingambit|fallen3|[silent]
|
|-weather|SunnyDay|[upkeep]
|upkeep
|
|t:|1779561637
|switch|p1a: Alomomola|Alomomola, F|100/100 brn
|turn|37
|
|t:|1779561645
|-end|p2a: Walking Wake|Protosynthesis|[silent]
|switch|p2a: Lilligant|Lilligant-Hisui, F|31/100
|move|p1a: Alomomola|Alluring Voice|p2a: Lilligant
|-supereffective|p2a: Lilligant
|-damage|p2a: Lilligant|5/100
|
|-weather|SunnyDay|[upkeep]
|-damage|p1a: Alomomola|94/100 brn|[from] brn
|upkeep
|turn|38
|
|t:|1779561649
|switch|p2a: Walking Wake|Walking Wake|80/100
|-activate|p2a: Walking Wake|ability: Protosynthesis
|-start|p2a: Walking Wake|protosynthesisspe
|switch|p1a: Toxicroak|Toxicroak, F|84/100
|-damage|p1a: Toxicroak|78/100|[from] Stealth Rock
|
|-weather|SunnyDay|[upkeep]
|-damage|p1a: Toxicroak|66/100|[from] ability: Dry Skin|[of] p1a: Toxicroak
|upkeep
|turn|39
|
|t:|1779561659
|move|p2a: Walking Wake|Draco Meteor|p1a: Toxicroak
|-damage|p1a: Toxicroak|0 fnt
|-unboost|p2a: Walking Wake|spa|2
|faint|p1a: Toxicroak
|
|-weather|SunnyDay|[upkeep]
|upkeep
|
|t:|1779561661
|switch|p1a: Alomomola|Alomomola, F|100/100 brn
|turn|40
|
|t:|1779561666
|move|p2a: Walking Wake|Draco Meteor|p1a: Alomomola|[miss]
|-miss|p2a: Walking Wake|p1a: Alomomola
|move|p1a: Alomomola|Flip Turn|p2a: Walking Wake
|-resisted|p2a: Walking Wake
|-damage|p2a: Walking Wake|79/100
|
|-weather|SunnyDay|[upkeep]
|-damage|p1a: Alomomola|94/100 brn|[from] brn
|upkeep
|turn|41
|
|t:|1779561671
|move|p2a: Walking Wake|Draco Meteor|p1a: Alomomola|[miss]
|-miss|p2a: Walking Wake|p1a: Alomomola
|move|p1a: Alomomola|Alluring Voice|p2a: Walking Wake
|-supereffective|p2a: Walking Wake
|-damage|p2a: Walking Wake|58/100
|
|-weather|none
|-end|p2a: Walking Wake|Protosynthesis
|-damage|p1a: Alomomola|88/100 brn|[from] brn
|upkeep
|turn|42
|
|t:|1779561678
|-end|p2a: Walking Wake|Protosynthesis|[silent]
|switch|p2a: Ninetales|Ninetales, M|18/100
|-weather|SunnyDay|[from] ability: Drought|[of] p2a: Ninetales
|move|p1a: Alomomola|Flip Turn|p2a: Ninetales
|-supereffective|p2a: Ninetales
|-damage|p2a: Ninetales|8/100
|
|-weather|SunnyDay|[upkeep]
|-damage|p1a: Alomomola|82/100 brn|[from] brn
|upkeep
|turn|43
|
|t:|1779561680
|move|p2a: Ninetales|Healing Wish|p2a: Ninetales
|faint|p2a: Ninetales
|move|p1a: Alomomola|Flip Turn|p2: Ninetales|[notarget]
|-fail|p1a: Alomomola
|
|-weather|SunnyDay|[upkeep]
|-damage|p1a: Alomomola|76/100 brn|[from] brn
|upkeep
|
|t:|1779561682
|switch|p2a: Lilligant|Lilligant-Hisui, F|5/100
|-heal|p2a: Lilligant|100/100|[from] move: Healing Wish
|turn|44
|
|t:|1779561685
|move|p2a: Lilligant|Swords Dance|p2a: Lilligant
|-boost|p2a: Lilligant|atk|2
|move|p1a: Alomomola|Alluring Voice|p2a: Lilligant
|-supereffective|p2a: Lilligant
|-damage|p2a: Lilligant|73/100
|-start|p2a: Lilligant|confusion
|
|-weather|SunnyDay|[upkeep]
|-damage|p1a: Alomomola|70/100 brn|[from] brn
|upkeep
|turn|45
|
|t:|1779561687
|-activate|p2a: Lilligant|confusion
|move|p2a: Lilligant|Solar Blade||[still]
|-prepare|p2a: Lilligant|Solar Blade
|-anim|p2a: Lilligant|Solar Blade|p1a: Alomomola
|-supereffective|p1a: Alomomola
|-damage|p1a: Alomomola|0 fnt
|faint|p1a: Alomomola
|-damage|p2a: Lilligant|63/100|[from] item: Life Orb
|
|win|AmygdalanResponse
|raw|theoddkeystone's rating: 1429 &rarr; <strong>1410</strong><br />(-19 for losing)
|raw|AmygdalanResponse's rating: 1447 &rarr; <strong>1466</strong><br />(+19 for winning)
|l|☆theoddkeystone
|player|p1|
|c|☆AmygdalanResponse|gg
|l|☆AmygdalanResponse
|player|p2|
