|j|☆ArchStanton47
|j|☆kc66
|t:|1779672176
|gametype|singles
|player|p1|ArchStanton47|ethan-pokeathlon|1441
|player|p2|kc66|caitlin|1504
|gen|9
|tier|[Gen 9] OU
|rated|
|rule|HP Percentage Mod: HP is shown in percentages
|rule|Endless Battle Clause: Forcing endless battles is banned
|rule|Species Clause: Limit one of each Pokémon
|rule|OHKO Clause: OHKO moves are banned
|rule|Evasion Items Clause: Evasion items are banned
|rule|Evasion Moves Clause: Evasion moves are banned
|rule|Evasion Abilities Clause: Evasion abilities are banned
|rule|Sleep Moves Clause: Sleep-inducing moves are banned
|clearpoke
|poke|p1|Weezing-Galar, F|
|poke|p1|Hitmonlee, M|
|poke|p1|Hydrapple, M|
|poke|p1|Landorus-Therian, M|
|poke|p1|Hatterene, F|
|poke|p1|Kyurem|
|poke|p2|Darkrai|
|poke|p2|Garchomp, F|
|poke|p2|Alomomola, F|
|poke|p2|Corviknight, M|
|poke|p2|Weezing-Galar, M|
|poke|p2|Ogerpon, F|
|teampreview
|inactive|Battle timer is ON: inactive players will automatically lose when time's up. (requested by ArchStanton47)
|
|t:|1779672204
|teamsize|p1|6
|teamsize|p2|6
|start
|switch|p1a: Weezing|Weezing-Galar, F|100/100
|switch|p2a: Darkrai|Darkrai|100/100
|-fieldstart|move: Misty Terrain|[from] ability: Misty Surge|[of] p1a: Weezing
|turn|1
|
|t:|1779672213
|switch|p2a: Alomomola|Alomomola, F|100/100
|move|p1a: Weezing|Clear Smog|p2a: Alomomola
|-crit|p2a: Alomomola
|-damage|p2a: Alomomola|90/100
|-clearboost|p2a: Alomomola
|
|upkeep
|turn|2
|
|t:|1779672228
|switch|p1a: Hitmonlee|Hitmonlee, M|100/100
|-enditem|p1a: Hitmonlee|Misty Seed
|-boost|p1a: Hitmonlee|spd|1|[from] item: Misty Seed
|move|p2a: Alomomola|Flip Turn|p1a: Hitmonlee
|-damage|p1a: Hitmonlee|63/100
|
|t:|1779672240
|switch|p2a: Corviknight|Corviknight, M|100/100|[from] Flip Turn
|-ability|p2a: Corviknight|Pressure
|
|upkeep
|turn|3
|
|t:|1779672243
|move|p1a: Hitmonlee|High Jump Kick|p2a: Corviknight
|-damage|p2a: Corviknight|40/100
|move|p2a: Corviknight|Brave Bird|p1a: Hitmonlee
|-supereffective|p1a: Hitmonlee
|-damage|p1a: Hitmonlee|0 fnt
|faint|p1a: Hitmonlee
|-damage|p2a: Corviknight|28/100|[from] Recoil
|
|-heal|p2a: Corviknight|34/100|[from] item: Leftovers
|upkeep
|
|t:|1779672254
|switch|p1a: Kyurem|Kyurem|100/100
|-ability|p1a: Kyurem|Pressure
|turn|4
|
|t:|1779672267
|move|p1a: Kyurem|Dragon Dance|p1a: Kyurem
|-boost|p1a: Kyurem|atk|1
|-boost|p1a: Kyurem|spe|1
|move|p2a: Corviknight|Roost|p2a: Corviknight
|-heal|p2a: Corviknight|84/100
|-singleturn|p2a: Corviknight|move: Roost
|
|-heal|p2a: Corviknight|90/100|[from] item: Leftovers
|upkeep
|turn|5
|
|t:|1779672282
|switch|p2a: Garchomp|Garchomp, F|100/100
|move|p1a: Kyurem|Dragon Dance|p1a: Kyurem
|-boost|p1a: Kyurem|atk|1
|-boost|p1a: Kyurem|spe|1
|
|upkeep
|turn|6
|
|t:|1779672288
|-terastallize|p2a: Garchomp|Ghost
|move|p1a: Kyurem|Icicle Spear|p2a: Garchomp
|-damage|p2a: Garchomp|82/100
|-damage|p2a: Garchomp|65/100
|-damage|p2a: Garchomp|48/100
|-damage|p2a: Garchomp|29/100
|-hitcount|p2a: Garchomp|4
|move|p2a: Garchomp|Dragon Tail|p1a: Kyurem
|-supereffective|p1a: Kyurem
|-damage|p1a: Kyurem|73/100
|drag|p1a: Hydrapple|Hydrapple, M|100/100
|
|upkeep
|turn|7
|
|t:|1779672306
|switch|p2a: Weezing|Weezing-Galar, M|100/100
|-ability|p2a: Weezing|Neutralizing Gas
|move|p1a: Hydrapple|Leaf Storm|p2a: Weezing
|-resisted|p2a: Weezing
|-damage|p2a: Weezing|52/100
|-unboost|p1a: Hydrapple|spa|2
|-enditem|p1a: Hydrapple|Eject Pack
|
|t:|1779672315
|switch|p1a: Landorus|Landorus-Therian, M|100/100
|
|-heal|p2a: Weezing|58/100|[from] item: Leftovers
|upkeep
|turn|8
|
|t:|1779672324
|-end|p2a: Weezing|ability: Neutralizing Gas
|-ability|p1a: Landorus|Intimidate|boost
|-unboost|p2a: Weezing|atk|1
|switch|p2a: Corviknight|Corviknight, M|90/100
|-ability|p2a: Corviknight|Pressure
|move|p1a: Landorus|U-turn|p2a: Corviknight
|-resisted|p2a: Corviknight
|-damage|p2a: Corviknight|85/100
|
|t:|1779672341
|switch|p1a: Kyurem|Kyurem|73/100|[from] U-turn
|-ability|p1a: Kyurem|Pressure
|
|-heal|p2a: Corviknight|91/100|[from] item: Leftovers
|-fieldend|Misty Terrain
|upkeep
|turn|9
|
|t:|1779672368
|move|p1a: Kyurem|Dragon Dance|p1a: Kyurem
|-boost|p1a: Kyurem|atk|1
|-boost|p1a: Kyurem|spe|1
|move|p2a: Corviknight|Brave Bird|p1a: Kyurem
|-damage|p1a: Kyurem|36/100
|-damage|p2a: Corviknight|79/100|[from] Recoil
|
|-heal|p2a: Corviknight|86/100|[from] item: Leftovers
|upkeep
|turn|10
|
|t:|1779672384
|move|p1a: Kyurem|Icicle Spear|p2a: Corviknight
|-damage|p2a: Corviknight|67/100
|-damage|p2a: Corviknight|50/100
|-damage|p2a: Corviknight|33/100
|-damage|p2a: Corviknight|16/100
|-hitcount|p2a: Corviknight|4
|move|p2a: Corviknight|Brave Bird|p1a: Kyurem
|-damage|p1a: Kyurem|2/100
|-damage|p2a: Corviknight|5/100|[from] Recoil
|
|-heal|p2a: Corviknight|11/100|[from] item: Leftovers
|upkeep
|turn|11
|
|t:|1779672393
|move|p1a: Kyurem|Icicle Spear|p2a: Corviknight
|-crit|p2a: Corviknight
|-damage|p2a: Corviknight|0 fnt
|faint|p2a: Corviknight
|-hitcount|p2: Corviknight|1
|
|upkeep
|
|t:|1779672394
|switch|p2a: Alomomola|Alomomola, F|100/100
|turn|12
|
|t:|1779672398
|move|p2a: Alomomola|Aqua Jet|p1a: Kyurem
|-resisted|p1a: Kyurem
|-damage|p1a: Kyurem|0 fnt
|faint|p1a: Kyurem
|
|upkeep
|
|t:|1779672415
|switch|p1a: Hydrapple|Hydrapple, M|100/100
|turn|13
|
|t:|1779672421
|move|p1a: Hydrapple|Nasty Plot|p1a: Hydrapple
|-boost|p1a: Hydrapple|spa|2
|move|p2a: Alomomola|Mirror Coat||[still]
|-fail|p2a: Alomomola
|
|upkeep
|turn|14
|
|t:|1779672426
|move|p1a: Hydrapple|Leaf Storm|p2a: Alomomola
|-supereffective|p2a: Alomomola
|-damage|p2a: Alomomola|0 fnt
|-unboost|p1a: Hydrapple|spa|2
|faint|p2a: Alomomola
|
|upkeep
|
|t:|1779672431
|switch|p2a: Darkrai|Darkrai|100/100
|turn|15
|
|t:|1779672438
|switch|p1a: Weezing|Weezing-Galar, F|100/100
|-fieldstart|move: Misty Terrain|[from] ability: Misty Surge|[of] p1a: Weezing
|move|p2a: Darkrai|Ice Beam|p1a: Weezing
|-damage|p1a: Weezing|36/100
|
|upkeep
|turn|16
|
|t:|1779672447
|move|p2a: Darkrai|Ice Beam|p1a: Weezing
|-damage|p1a: Weezing|0 fnt
|faint|p1a: Weezing
|
|upkeep
|
|t:|1779672450
|switch|p1a: Hatterene|Hatterene, F|100/100
|turn|17
|
|t:|1779672452
|switch|p2a: Weezing|Weezing-Galar, M|58/100
|-ability|p2a: Weezing|Neutralizing Gas
|move|p1a: Hatterene|Draining Kiss|p2a: Weezing
|-resisted|p2a: Weezing
|-damage|p2a: Weezing|42/100
|
|-heal|p2a: Weezing|48/100|[from] item: Leftovers
|upkeep
|turn|18
|
|t:|1779672461
|move|p2a: Weezing|Sludge Bomb|p1a: Hatterene
|-supereffective|p1a: Hatterene
|-damage|p1a: Hatterene|56/100
|-enditem|p1a: Hatterene|Red Card|[of] p2a: Weezing
|-end|p2a: Weezing|ability: Neutralizing Gas
|drag|p2a: Ogerpon|Ogerpon, F|100/100
|move|p1a: Hatterene|Misty Explosion|p2a: Ogerpon
|-damage|p2a: Ogerpon|23/100
|faint|p1a: Hatterene
|
|upkeep
|
|t:|1779672482
|switch|p1a: Hydrapple|Hydrapple, M|100/100
|turn|19
|
|t:|1779672486
|move|p2a: Ogerpon|Knock Off|p1a: Hydrapple
|-damage|p1a: Hydrapple|85/100
|move|p1a: Hydrapple|Nasty Plot|p1a: Hydrapple
|-boost|p1a: Hydrapple|spa|2
|
|upkeep
|turn|20
|
|t:|1779672501
|move|p2a: Ogerpon|Encore|p1a: Hydrapple
|-start|p1a: Hydrapple|Encore
|move|p1a: Hydrapple|Nasty Plot|p1a: Hydrapple
|-boost|p1a: Hydrapple|spa|2
|
|upkeep
|turn|21
|
|t:|1779672505
|switch|p1a: Landorus|Landorus-Therian, M|100/100
|-ability|p1a: Landorus|Intimidate|boost
|-unboost|p2a: Ogerpon|atk|1
|-ability|p2a: Ogerpon|Defiant|boost
|-boost|p2a: Ogerpon|atk|2
|move|p2a: Ogerpon|Swords Dance|p2a: Ogerpon
|-boost|p2a: Ogerpon|atk|2
|
|upkeep
|turn|22
|l|☆ArchStanton47
|inactive|ArchStanton47 disconnected and has a minute to reconnect!
|player|p1|
|j|☆ArchStanton47
|inactive|ArchStanton47 reconnected and has 120 seconds left.
|player|p1|ArchStanton47|ethan-pokeathlon|
|
|t:|1779672551
|move|p1a: Landorus|U-turn|p2a: Ogerpon
|-supereffective|p2a: Ogerpon
|-damage|p2a: Ogerpon|0 fnt
|faint|p2a: Ogerpon
|
|t:|1779672556
|switch|p1a: Hydrapple|Hydrapple, M|100/100|[from] U-turn
|
|-fieldend|Misty Terrain
|upkeep
|
|t:|1779672559
|switch|p2a: Darkrai|Darkrai|100/100
|turn|23
|inactive|ArchStanton47 has 120 seconds left.
|
|t:|1779672579
|-terastallize|p1a: Hydrapple|Fairy
|move|p2a: Darkrai|Ice Beam|p1a: Hydrapple
|-damage|p1a: Hydrapple|50/100
|move|p1a: Hydrapple|Nasty Plot|p1a: Hydrapple
|-boost|p1a: Hydrapple|spa|2
|
|upkeep
|turn|24
|
|t:|1779672587
|move|p2a: Darkrai|Ice Beam|p1a: Hydrapple
|-damage|p1a: Hydrapple|4/100
|move|p1a: Hydrapple|Leaf Storm|p2a: Darkrai
|-damage|p2a: Darkrai|0 fnt
|-unboost|p1a: Hydrapple|spa|2
|faint|p2a: Darkrai
|
|upkeep
|
|t:|1779672598
|switch|p2a: Weezing|Weezing-Galar, M|48/100
|-ability|p2a: Weezing|Neutralizing Gas
|turn|25
|
|t:|1779672606
|move|p2a: Weezing|Sludge Bomb|p1a: Hydrapple
|-supereffective|p1a: Hydrapple
|-damage|p1a: Hydrapple|0 fnt
|faint|p1a: Hydrapple
|
|-heal|p2a: Weezing|54/100|[from] item: Leftovers
|upkeep
|
|t:|1779672608
|switch|p1a: Landorus|Landorus-Therian, M|100/100
|turn|26
|
|t:|1779672612
|move|p1a: Landorus|Earthquake|p2a: Weezing
|-supereffective|p2a: Weezing
|-damage|p2a: Weezing|0 fnt
|faint|p2a: Weezing
|-end|p2a: Weezing|ability: Neutralizing Gas
|
|upkeep
|
|t:|1779672614
|switch|p2a: Garchomp|Garchomp, F, tera:Ghost|29/100
|turn|27
|
|t:|1779672617
|move|p1a: Landorus|Earthquake|p2a: Garchomp
|-damage|p2a: Garchomp|0 fnt
|faint|p2a: Garchomp
|
|win|ArchStanton47
|raw|ArchStanton47's rating: 1441 &rarr; <strong>1465</strong><br />(+24 for winning)
|raw|kc66's rating: 1504 &rarr; <strong>1480</strong><br />(-24 for losing)
|l|☆kc66
|player|p2|
|l|☆ArchStanton47
|player|p1|
