|j|☆michael00000000
|j|☆Moltov91
|t:|1779660726
|gametype|singles
|player|p1|michael00000000|clair|1358
|player|p2|Moltov91|2|1276
|gen|9
|tier|[Gen 9] OU
|rated|
|rule|HP Percentage Mod: HP is shown in percentages
|rule|Endless Battle Clause: Forcing endless battles is banned
|rule|Species Clause: Limit one of each Pokémon
|rule|OHKO Clause: OHKO moves are banned
|rule|Evasion Items Clause: Evasion items are banned
|rule|Evasion Moves Clause: Evasion moves are banned
|rule|Evasion Abilities Clause: Evasion abilities are banned
|rule|Sleep Moves Clause: Sleep-inducing moves are banned
|clearpoke
|poke|p1|Gardevoir, F|
|poke|p1|Iron Valiant|
|poke|p1|Arcanine, M|
|poke|p1|Hatterene, F|
|poke|p1|Dragapult, F|
|poke|p1|Milotic, F|
|poke|p2|Dragapult, F|
|poke|p2|Zamazenta-*|
|poke|p2|Darkrai|
|poke|p2|Kyurem|
|poke|p2|Hitmontop, M|
|poke|p2|Scizor, M|
|teampreview
|inactive|Battle timer is ON: inactive players will automatically lose when time's up. (requested by Moltov91)
|inactive|michael00000000 has 120 seconds left.
|inactive|Moltov91 has 120 seconds left.
|
|t:|1779660777
|teamsize|p1|6
|teamsize|p2|6
|start
|switch|p1a: Mercé|Dragapult, F, shiny|100/100
|switch|p2a: Darkrai|Darkrai|100/100
|turn|1
|
|t:|1779660783
|move|p2a: Darkrai|Dark Pulse|p1a: Mercé
|-supereffective|p1a: Mercé
|-enditem|p1a: Mercé|Focus Sash
|-damage|p1a: Mercé|1/100
|move|p1a: Mercé|Thunder Wave|p2a: Darkrai
|-status|p2a: Darkrai|par
|
|upkeep
|turn|2
|
|t:|1779660791
|switch|p1a: Rhea|Gardevoir, F, shiny|100/100
|-ability|p1a: Rhea|Bad Dreams|Trace|[from] ability: Trace|[of] p2a: Darkrai
|move|p2a: Darkrai|Dark Pulse|p1a: Rhea
|-damage|p1a: Rhea|71/100
|
|upkeep
|turn|3
|
|t:|1779660805
|switch|p2a: Hitmontop|Hitmontop, M|100/100
|move|p1a: Rhea|Mystical Fire|p2a: Hitmontop
|-crit|p2a: Hitmontop
|-damage|p2a: Hitmontop|73/100
|-unboost|p2a: Hitmontop|spa|1
|
|upkeep
|turn|4
|
|t:|1779660826
|move|p2a: Hitmontop|Bullet Punch|p1a: Rhea
|-supereffective|p1a: Rhea
|-damage|p1a: Rhea|7/100
|move|p1a: Rhea|Psyshock|p2a: Hitmontop
|-supereffective|p2a: Hitmontop
|-damage|p2a: Hitmontop|0 fnt
|faint|p2a: Hitmontop
|
|upkeep
|
|t:|1779660836
|switch|p2a: Scizor|Scizor, M|100/100
|turn|5
|inactive|michael00000000 has 120 seconds left.
|
|t:|1779660867
|switch|p1a: Nimbus|Arcanine, M|100/100
|-ability|p1a: Nimbus|Intimidate|boost
|-unboost|p2a: Scizor|atk|1
|move|p2a: Scizor|Knock Off|p1a: Nimbus
|-damage|p1a: Nimbus|56/100
|-enditem|p1a: Nimbus|Choice Band|[from] move: Knock Off|[of] p2a: Scizor
|
|upkeep
|turn|6
|
|t:|1779660879
|switch|p2a: Zamazenta|Zamazenta|100/100
|-ability|p2a: Zamazenta|Dauntless Shield|boost
|-boost|p2a: Zamazenta|def|1
|move|p1a: Nimbus|Crunch|p2a: Zamazenta
|-resisted|p2a: Zamazenta
|-damage|p2a: Zamazenta|93/100
|-unboost|p2a: Zamazenta|def|1
|
|upkeep
|turn|7
|
|t:|1779660892
|switch|p1a: Ceteres|Milotic, F, shiny|100/100
|move|p2a: Zamazenta|Stone Edge|p1a: Ceteres
|-damage|p1a: Ceteres|66/100
|-damage|p2a: Zamazenta|83/100|[from] item: Life Orb
|
|-heal|p1a: Ceteres|72/100|[from] item: Leftovers
|upkeep
|turn|8
|inactive|michael00000000 has 120 seconds left.
|
|t:|1779660918
|move|p2a: Zamazenta|Close Combat|p1a: Ceteres
|-damage|p1a: Ceteres|7/100
|-unboost|p2a: Zamazenta|def|1
|-unboost|p2a: Zamazenta|spd|1
|-damage|p2a: Zamazenta|73/100|[from] item: Life Orb
|move|p1a: Ceteres|Scald|p2a: Zamazenta
|-damage|p2a: Zamazenta|35/100
|
|-heal|p1a: Ceteres|13/100|[from] item: Leftovers
|upkeep
|turn|9
|
|t:|1779660926
|move|p2a: Zamazenta|Crunch|p1a: Ceteres
|-damage|p1a: Ceteres|0 fnt
|faint|p1a: Ceteres
|-damage|p2a: Zamazenta|25/100|[from] item: Life Orb
|
|upkeep
|
|t:|1779660928
|switch|p1a: Mercé|Dragapult, F, shiny|1/100
|turn|10
|
|t:|1779660934
|move|p1a: Mercé|Hex|p2a: Zamazenta
|-damage|p2a: Zamazenta|0 fnt
|faint|p2a: Zamazenta
|
|upkeep
|
|t:|1779660938
|switch|p2a: Scizor|Scizor, M|100/100
|turn|11
|
|t:|1779660943
|switch|p1a: Rhea|Gardevoir, F, shiny|7/100
|-ability|p1a: Rhea|Technician|Trace|[from] ability: Trace|[of] p2a: Scizor
|move|p2a: Scizor|Bullet Punch|p1a: Rhea
|-supereffective|p1a: Rhea
|-damage|p1a: Rhea|0 fnt
|faint|p1a: Rhea
|
|upkeep
|
|t:|1779660945
|switch|p1a: Nimbus|Arcanine, M|56/100
|-ability|p1a: Nimbus|Intimidate|boost
|-unboost|p2a: Scizor|atk|1
|turn|12
|
|t:|1779660952
|switch|p2a: Dragapult|Dragapult, F|100/100
|move|p1a: Nimbus|Close Combat|p2a: Dragapult
|-immune|p2a: Dragapult
|
|upkeep
|turn|13
|
|t:|1779660961
|move|p2a: Dragapult|Shadow Ball|p1a: Nimbus
|-damage|p1a: Nimbus|0 fnt
|faint|p1a: Nimbus
|-damage|p2a: Dragapult|91/100|[from] item: Life Orb
|
|upkeep
|
|t:|1779660965
|switch|p1a: Hermé|Iron Valiant, shiny|100/100
|-enditem|p1a: Hermé|Booster Energy
|-activate|p1a: Hermé|ability: Quark Drive|[fromitem]
|-start|p1a: Hermé|quarkdrivespe
|turn|14
|
|t:|1779660973
|move|p1a: Hermé|Knock Off|p2a: Dragapult
|-supereffective|p2a: Dragapult
|-damage|p2a: Dragapult|0 fnt
|-enditem|p2a: Dragapult|Life Orb|[from] move: Knock Off|[of] p1a: Hermé
|faint|p2a: Dragapult
|
|upkeep
|
|t:|1779660978
|switch|p2a: Scizor|Scizor, M|100/100
|turn|15
|
|t:|1779660992
|-terastallize|p1a: Hermé|Dark
|move|p2a: Scizor|Bullet Punch|p1a: Hermé
|-damage|p1a: Hermé|35/100
|move|p1a: Hermé|Destiny Bond|p1a: Hermé
|-singlemove|p1a: Hermé|Destiny Bond
|
|upkeep
|turn|16
|
|t:|1779661005
|move|p2a: Scizor|Bullet Punch|p1a: Hermé
|-damage|p1a: Hermé|0 fnt
|faint|p1a: Hermé
|-activate|p1a: Hermé|move: Destiny Bond
|-end|p1a: Hermé|Quark Drive|[silent]
|faint|p2a: Scizor
|
|upkeep
|
|t:|1779661011
|switch|p1a: Mercé|Dragapult, F, shiny|1/100
|switch|p2a: Kyurem|Kyurem|100/100
|-ability|p2a: Kyurem|Pressure
|turn|17
|
|t:|1779661018
|move|p2a: Kyurem|Flash Cannon|p1a: Mercé
|-damage|p1a: Mercé|0 fnt
|faint|p1a: Mercé
|
|upkeep
|
|t:|1779661020
|switch|p1a: Noir|Hatterene, F, shiny|100/100
|turn|18
|
|t:|1779661022
|move|p2a: Kyurem|Flash Cannon|p1a: Noir
|-supereffective|p1a: Noir
|-damage|p1a: Noir|57/100
|-unboost|p1a: Noir|spd|1
|move|p1a: Noir|Draining Kiss|p2a: Kyurem
|-supereffective|p2a: Kyurem
|-damage|p2a: Kyurem|45/100
|-heal|p1a: Noir|100/100|[from] drain|[of] p2a: Kyurem
|
|upkeep
|turn|19
|
|t:|1779661025
|-terastallize|p2a: Kyurem|Ground
|move|p2a: Kyurem|Flash Cannon|p1a: Noir
|-supereffective|p1a: Noir
|-damage|p1a: Noir|31/100
|move|p1a: Noir|Draining Kiss|p2a: Kyurem
|-damage|p2a: Kyurem|16/100
|-heal|p1a: Noir|58/100|[from] drain|[of] p2a: Kyurem
|
|upkeep
|turn|20
|c|☆michael00000000|gg wp
|
|t:|1779661032
|move|p2a: Kyurem|Flash Cannon|p1a: Noir
|-supereffective|p1a: Noir
|-damage|p1a: Noir|0 fnt
|faint|p1a: Noir
|
|win|Moltov91
|raw|michael00000000's rating: 1358 &rarr; <strong>1333</strong><br />(-25 for losing)
|raw|Moltov91's rating: 1276 &rarr; <strong>1307</strong><br />(+31 for winning)
|l|☆Moltov91
|player|p2|
|l|☆michael00000000
|player|p1|
