|badge|p2|bronze|gen9ou|100-9
|uhtml|medal-msg|<div class="broadcast-blue">Curious what those medals under the avatar are? PS now has Ladder Seasons! For more information, check out the <a href="https://www.smogon.com/forums/threads/3740067/">thread on Smogon.</a></div>
|j|☆noob1877
|j|☆slitherwing ily ><
|t:|1779654338
|gametype|singles
|player|p1|noob1877|169|1739
|player|p2|slitherwing ily ><|iono-masters|1722
|gen|9
|tier|[Gen 9] OU
|rated|
|rule|HP Percentage Mod: HP is shown in percentages
|rule|Endless Battle Clause: Forcing endless battles is banned
|rule|Species Clause: Limit one of each Pokémon
|rule|OHKO Clause: OHKO moves are banned
|rule|Evasion Items Clause: Evasion items are banned
|rule|Evasion Moves Clause: Evasion moves are banned
|rule|Evasion Abilities Clause: Evasion abilities are banned
|rule|Sleep Moves Clause: Sleep-inducing moves are banned
|clearpoke
|poke|p1|Gliscor, M|
|poke|p1|Great Tusk|
|poke|p1|Empoleon, F|
|poke|p1|Zamazenta-*|
|poke|p1|Pecharunt|
|poke|p1|Kingambit, M|
|poke|p2|Iron Jugulis|
|poke|p2|Deoxys-Speed|
|poke|p2|Ogerpon-Wellspring, F|
|poke|p2|Ceruledge, F|
|poke|p2|Glimmora, F|
|poke|p2|Kommo-o, M|
|teampreview
|
|t:|1779654350
|teamsize|p1|6
|teamsize|p2|6
|start
|switch|p1a: Gliscor|Gliscor, M|100/100
|switch|p2a: Deoxys|Deoxys-Speed|100/100
|-ability|p2a: Deoxys|Pressure
|turn|1
|j| ecall
|
|t:|1779654360
|move|p2a: Deoxys|Reflect|p2a: Deoxys
|-sidestart|p2: slitherwing ily ><|Reflect
|move|p1a: Gliscor|Spikes|p2a: Deoxys
|-sidestart|p2: slitherwing ily ><|Spikes
|
|-status|p1a: Gliscor|tox|[from] item: Toxic Orb
|upkeep
|turn|2
|
|t:|1779654363
|move|p2a: Deoxys|Stealth Rock|p1a: Gliscor
|-sidestart|p1: noob1877|move: Stealth Rock
|move|p1a: Gliscor|Knock Off|p2a: Deoxys
|-supereffective|p2a: Deoxys
|-damage|p2a: Deoxys|76/100
|-enditem|p2a: Deoxys|Light Clay|[from] move: Knock Off|[of] p1a: Gliscor
|
|upkeep
|turn|3
|
|t:|1779654368
|move|p2a: Deoxys|Taunt|p1a: Gliscor
|-start|p1a: Gliscor|move: Taunt
|cant|p1a: Gliscor|move: Taunt|Toxic
|
|upkeep
|turn|4
|
|t:|1779654377
|switch|p2a: Iron Jugulis|Iron Jugulis|100/100
|-enditem|p2a: Iron Jugulis|Booster Energy
|-activate|p2a: Iron Jugulis|ability: Quark Drive|[fromitem]
|-start|p2a: Iron Jugulis|quarkdrivespe
|switch|p1a: Empoleon|Empoleon, F|100/100
|-damage|p1a: Empoleon|94/100|[from] Stealth Rock
|
|upkeep
|turn|5
|
|t:|1779654390
|move|p2a: Iron Jugulis|Earth Power|p1a: Empoleon
|-supereffective|p1a: Empoleon
|-enditem|p1a: Empoleon|Shuca Berry|[eat]
|-enditem|p1a: Empoleon|Shuca Berry|[weaken]
|-damage|p1a: Empoleon|66/100
|move|p1a: Empoleon|Surf|p2a: Iron Jugulis
|-damage|p2a: Iron Jugulis|51/100
|
|upkeep
|turn|6
|
|t:|1779654400
|move|p2a: Iron Jugulis|Earth Power|p1a: Empoleon
|-supereffective|p1a: Empoleon
|-damage|p1a: Empoleon|10/100
|move|p1a: Empoleon|Surf|p2a: Iron Jugulis
|-damage|p2a: Iron Jugulis|3/100
|
|upkeep
|turn|7
|
|t:|1779654404
|move|p2a: Iron Jugulis|Earth Power|p1a: Empoleon
|-supereffective|p1a: Empoleon
|-damage|p1a: Empoleon|0 fnt
|faint|p1a: Empoleon
|
|upkeep
|
|t:|1779654406
|switch|p1a: Kingambit|Kingambit, M|100/100
|-damage|p1a: Kingambit|94/100|[from] Stealth Rock
|-activate|p1a: Kingambit|ability: Supreme Overlord
|-start|p1a: Kingambit|fallen1|[silent]
|turn|8
|
|t:|1779654408
|move|p1a: Kingambit|Sucker Punch||[still]
|-fail|p1a: Kingambit
|move|p2a: Iron Jugulis|Taunt|p1a: Kingambit
|-start|p1a: Kingambit|move: Taunt
|
|-heal|p1a: Kingambit|100/100|[from] item: Leftovers
|-sideend|p2: slitherwing ily ><|Reflect
|upkeep
|turn|9
|
|t:|1779654414
|move|p1a: Kingambit|Sucker Punch|p2a: Iron Jugulis
|-resisted|p2a: Iron Jugulis
|-damage|p2a: Iron Jugulis|0 fnt
|faint|p2a: Iron Jugulis
|-end|p2a: Iron Jugulis|Quark Drive|[silent]
|
|upkeep
|
|t:|1779654418
|switch|p2a: Kommo-o|Kommo-o, M|100/100
|-damage|p2a: Kommo-o|88/100|[from] Spikes
|turn|10
|
|t:|1779654442
|-end|p1a: Kingambit|fallen1|[silent]
|switch|p1a: Great Tusk|Great Tusk|100/100
|-damage|p1a: Great Tusk|98/100|[from] Stealth Rock
|move|p2a: Kommo-o|Clangorous Soul|p2a: Kommo-o
|-boost|p2a: Kommo-o|atk|1
|-boost|p2a: Kommo-o|def|1
|-boost|p2a: Kommo-o|spa|1
|-boost|p2a: Kommo-o|spd|1
|-boost|p2a: Kommo-o|spe|1
|-damage|p2a: Kommo-o|55/100
|
|-heal|p2a: Kommo-o|61/100|[from] item: Leftovers
|upkeep
|turn|11
|
|t:|1779654456
|move|p2a: Kommo-o|Drain Punch|p1a: Great Tusk
|-damage|p1a: Great Tusk|72/100
|-heal|p2a: Kommo-o|76/100|[from] drain|[of] p1a: Great Tusk
|move|p1a: Great Tusk|Knock Off|p2a: Kommo-o
|-resisted|p2a: Kommo-o
|-damage|p2a: Kommo-o|68/100
|-enditem|p2a: Kommo-o|Leftovers|[from] move: Knock Off|[of] p1a: Great Tusk
|
|upkeep
|turn|12
|
|t:|1779654462
|move|p2a: Kommo-o|Drain Punch|p1a: Great Tusk
|-damage|p1a: Great Tusk|46/100
|-heal|p2a: Kommo-o|84/100|[from] drain|[of] p1a: Great Tusk
|move|p1a: Great Tusk|Ice Spinner|p2a: Kommo-o
|-supereffective|p2a: Kommo-o
|-damage|p2a: Kommo-o|56/100
|
|upkeep
|turn|13
|
|t:|1779654476
|move|p2a: Kommo-o|Drain Punch|p1a: Great Tusk
|-damage|p1a: Great Tusk|17/100
|-heal|p2a: Kommo-o|73/100|[from] drain|[of] p1a: Great Tusk
|move|p1a: Great Tusk|Ice Spinner|p2a: Kommo-o
|-supereffective|p2a: Kommo-o
|-damage|p2a: Kommo-o|42/100
|
|upkeep
|turn|14
|
|t:|1779654484
|-end|p1a: Great Tusk|Protosynthesis|[silent]
|switch|p1a: Pecharunt|Pecharunt|100/100
|-damage|p1a: Pecharunt|88/100|[from] Stealth Rock
|-item|p1a: Pecharunt|Air Balloon
|move|p2a: Kommo-o|Drain Punch|p1a: Pecharunt
|-immune|p1a: Pecharunt
|
|upkeep
|turn|15
|
|t:|1779654496
|move|p2a: Kommo-o|Substitute|p2a: Kommo-o
|-start|p2a: Kommo-o|Substitute
|-damage|p2a: Kommo-o|17/100
|move|p1a: Pecharunt|Malignant Chain|p2a: Kommo-o
|-end|p2a: Kommo-o|Substitute
|
|upkeep
|turn|16
|
|t:|1779654500
|move|p2a: Kommo-o|Shadow Claw|p1a: Pecharunt
|-supereffective|p1a: Pecharunt
|-damage|p1a: Pecharunt|52/100
|-enditem|p1a: Pecharunt|Air Balloon
|move|p1a: Pecharunt|Malignant Chain|p2a: Kommo-o
|-damage|p2a: Kommo-o|0 fnt
|faint|p2a: Kommo-o
|
|upkeep
|j| broflopieopp
|
|t:|1779654505
|switch|p2a: Glimmora|Glimmora, F|100/100
|-damage|p2a: Glimmora|88/100|[from] Spikes
|turn|17
|
|t:|1779654514
|move|p1a: Pecharunt|Shadow Ball|p2a: Glimmora
|-damage|p2a: Glimmora|43/100
|-unboost|p2a: Glimmora|spd|1
|move|p2a: Glimmora|Meteor Beam||[still]
|-prepare|p2a: Glimmora|Meteor Beam
|-boost|p2a: Glimmora|spa|1
|-enditem|p2a: Glimmora|Power Herb
|-anim|p2a: Glimmora|Meteor Beam|p1a: Pecharunt
|-damage|p1a: Pecharunt|0 fnt
|faint|p1a: Pecharunt
|
|upkeep
|
|t:|1779654527
|switch|p1a: Great Tusk|Great Tusk|17/100
|-damage|p1a: Great Tusk|15/100|[from] Stealth Rock
|turn|18
|
|t:|1779654533
|move|p2a: Glimmora|Earth Power|p1a: Great Tusk
|-damage|p1a: Great Tusk|0 fnt
|faint|p1a: Great Tusk
|-end|p1a: Great Tusk|Protosynthesis|[silent]
|
|upkeep
|c|☆noob1877|oops
|
|t:|1779654545
|switch|p1a: Zamazenta|Zamazenta|100/100
|-damage|p1a: Zamazenta|94/100|[from] Stealth Rock
|-ability|p1a: Zamazenta|Dauntless Shield|boost
|-boost|p1a: Zamazenta|def|1
|turn|19
|
|t:|1779654552
|move|p1a: Zamazenta|Heavy Slam|p2a: Glimmora
|-supereffective|p2a: Glimmora
|-damage|p2a: Glimmora|0 fnt
|-activate|p2a: Glimmora|ability: Toxic Debris
|-sidestart|p1: noob1877|move: Toxic Spikes
|faint|p2a: Glimmora
|-damage|p1a: Zamazenta|84/100|[from] item: Life Orb
|
|upkeep
|
|t:|1779654556
|switch|p2a: Deoxys|Deoxys-Speed|76/100
|-damage|p2a: Deoxys|64/100|[from] Spikes
|-ability|p2a: Deoxys|Pressure
|turn|20
|
|t:|1779654564
|switch|p1a: Kingambit|Kingambit, M|100/100
|-damage|p1a: Kingambit|94/100|[from] Stealth Rock
|-activate|p1a: Kingambit|ability: Supreme Overlord
|-start|p1a: Kingambit|fallen3|[silent]
|move|p2a: Deoxys|Reflect|p2a: Deoxys
|-sidestart|p2: slitherwing ily ><|Reflect
|
|-heal|p1a: Kingambit|100/100|[from] item: Leftovers
|upkeep
|turn|21
|
|t:|1779654568
|move|p2a: Deoxys|Taunt|p1a: Kingambit
|-start|p1a: Kingambit|move: Taunt
|move|p1a: Kingambit|Kowtow Cleave|p2a: Deoxys
|-supereffective|p2a: Deoxys
|-damage|p2a: Deoxys|0 fnt
|faint|p2a: Deoxys
|
|upkeep
|
|t:|1779654570
|switch|p2a: Ceruledge|Ceruledge, F|100/100
|-damage|p2a: Ceruledge|88/100|[from] Spikes
|turn|22
|
|t:|1779654581
|-terastallize|p1a: Kingambit|Dark
|move|p2a: Ceruledge|Bitter Blade|p1a: Kingambit
|-damage|p1a: Kingambit|65/100
|-heal|p2a: Ceruledge|100/100|[from] drain|[of] p1a: Kingambit
|move|p1a: Kingambit|Kowtow Cleave|p2a: Ceruledge
|-supereffective|p2a: Ceruledge
|-damage|p2a: Ceruledge|0 fnt
|faint|p2a: Ceruledge
|
|-heal|p1a: Kingambit|71/100|[from] item: Leftovers
|upkeep
|
|t:|1779654585
|switch|p2a: Ogerpon|Ogerpon-Wellspring, F|100/100
|-damage|p2a: Ogerpon|88/100|[from] Spikes
|turn|23
|
|t:|1779654603
|move|p2a: Ogerpon|Swords Dance|p2a: Ogerpon
|-boost|p2a: Ogerpon|atk|2
|move|p1a: Kingambit|Kowtow Cleave|p2a: Ogerpon
|-damage|p2a: Ogerpon|27/100
|
|-heal|p1a: Kingambit|77/100|[from] item: Leftovers
|-end|p1a: Kingambit|move: Taunt
|upkeep
|turn|24
|
|t:|1779654606
|move|p1a: Kingambit|Sucker Punch||[still]
|-fail|p1a: Kingambit
|move|p2a: Ogerpon|Swords Dance|p2a: Ogerpon
|-boost|p2a: Ogerpon|atk|2
|
|-heal|p1a: Kingambit|83/100|[from] item: Leftovers
|-sideend|p2: slitherwing ily ><|Reflect
|upkeep
|turn|25
|
|t:|1779654608
|move|p1a: Kingambit|Sucker Punch||[still]
|-fail|p1a: Kingambit
|move|p2a: Ogerpon|Swords Dance|p2a: Ogerpon
|-boost|p2a: Ogerpon|atk|2
|
|-heal|p1a: Kingambit|89/100|[from] item: Leftovers
|upkeep
|turn|26
|
|t:|1779654611
|move|p1a: Kingambit|Sucker Punch||[still]
|-fail|p1a: Kingambit
|move|p2a: Ogerpon|Swords Dance|p2a: Ogerpon
|-boost|p2a: Ogerpon|atk|0
|
|-heal|p1a: Kingambit|96/100|[from] item: Leftovers
|upkeep
|turn|27
|
|t:|1779654613
|move|p1a: Kingambit|Sucker Punch||[still]
|-fail|p1a: Kingambit
|move|p2a: Ogerpon|Swords Dance|p2a: Ogerpon
|-boost|p2a: Ogerpon|atk|0
|
|-heal|p1a: Kingambit|100/100|[from] item: Leftovers
|upkeep
|turn|28
|
|t:|1779654615
|move|p1a: Kingambit|Sucker Punch|p2a: Ogerpon
|-damage|p2a: Ogerpon|0 fnt
|faint|p2a: Ogerpon
|
|win|noob1877
|raw|noob1877's rating: 1739 &rarr; <strong>1758</strong><br />(+19 for winning)
|raw|slitherwing ily &gt;&lt;'s rating: 1722 &rarr; <strong>1703</strong><br />(-19 for losing)
|l|☆slitherwing ily ><
|player|p2|
|l|☆noob1877
|player|p1|
|l| ecall
