|j|☆kronas
|j|☆savajho
|t:|1779569337
|gametype|singles
|player|p1|kronas|101|1169
|player|p2|savajho|roxie|1228
|gen|9
|tier|[Gen 9] OU
|rated|
|rule|HP Percentage Mod: HP is shown in percentages
|rule|Endless Battle Clause: Forcing endless battles is banned
|rule|Species Clause: Limit one of each Pokémon
|rule|OHKO Clause: OHKO moves are banned
|rule|Evasion Items Clause: Evasion items are banned
|rule|Evasion Moves Clause: Evasion moves are banned
|rule|Evasion Abilities Clause: Evasion abilities are banned
|rule|Sleep Moves Clause: Sleep-inducing moves are banned
|clearpoke
|poke|p1|Zoroark, M|
|poke|p1|Muk, F|
|poke|p1|Hitmonlee, M|
|poke|p1|Skeledirge, F|
|poke|p1|Ditto|
|poke|p1|Okidogi, M|
|poke|p2|Glimmora, F|
|poke|p2|Great Tusk|
|poke|p2|Regieleki|
|poke|p2|Kyurem|
|poke|p2|Landorus-Therian, M|
|poke|p2|Blaziken, F|
|teampreview
|
|t:|1779569358
|teamsize|p1|6
|teamsize|p2|6
|start
|switch|p1a: Skeledirge|Skeledirge, F|100/100
|switch|p2a: Glimmora|Glimmora, F|100/100
|turn|1
|
|t:|1779569367
|move|p2a: Glimmora|Stealth Rock|p1a: Skeledirge
|-sidestart|p1: kronas|move: Stealth Rock
|move|p1a: Skeledirge|Torch Song|p2a: Glimmora
|-resisted|p2a: Glimmora
|-damage|p2a: Glimmora|80/100
|-boost|p1a: Skeledirge|spa|1
|
|upkeep
|turn|2
|
|t:|1779569374
|move|p2a: Glimmora|Toxic|p1a: Skeledirge
|-status|p1a: Skeledirge|tox
|move|p1a: Skeledirge|Earth Power|p2a: Glimmora
|-supereffective|p2a: Glimmora
|-damage|p2a: Glimmora|0 fnt
|faint|p2a: Glimmora
|
|-damage|p1a: Skeledirge|94/100 tox|[from] psn
|upkeep
|
|t:|1779569397
|switch|p2a: Blaziken|Blaziken, F|100/100
|turn|3
|
|t:|1779569412
|move|p2a: Blaziken|Knock Off|p1a: Skeledirge
|-supereffective|p1a: Skeledirge
|-damage|p1a: Skeledirge|12/100 tox
|-enditem|p1a: Skeledirge|Leftovers|[from] move: Knock Off|[of] p2a: Blaziken
|-damage|p2a: Blaziken|91/100|[from] item: Life Orb
|move|p1a: Skeledirge|Earth Power|p2a: Blaziken
|-supereffective|p2a: Blaziken
|-damage|p2a: Blaziken|0 fnt
|faint|p2a: Blaziken
|
|-damage|p1a: Skeledirge|0 fnt|[from] psn
|faint|p1a: Skeledirge
|upkeep
|
|t:|1779569433
|switch|p2a: Landorus|Landorus-Therian, M|100/100
|switch|p1a: Muk|Muk, F|100/100
|-ability|p2a: Landorus|Intimidate|boost
|-unboost|p1a: Muk|atk|1
|-damage|p1a: Muk|88/100|[from] Stealth Rock
|turn|4
|
|t:|1779569444
|move|p2a: Landorus|Earthquake|p1a: Muk
|-damage|p1a: Muk|0 fnt
|replace|p1a: Zoroark|Zoroark, M
|-end|p1a: Zoroark|Illusion
|faint|p1a: Zoroark
|
|upkeep
|
|t:|1779569470
|switch|p1a: Ditto|Ditto|100/100
|-damage|p1a: Ditto|88/100|[from] Stealth Rock
|-transform|p1a: Ditto|p2a: Landorus|[from] ability: Imposter
|-ability|p1a: Ditto|Intimidate|boost
|-unboost|p2a: Landorus|atk|1
|turn|5
|
|t:|1779569487
|switch|p2a: Great Tusk|Great Tusk|100/100
|move|p1a: Ditto|U-turn|p2a: Great Tusk
|-resisted|p2a: Great Tusk
|-damage|p2a: Great Tusk|90/100
|
|t:|1779569493
|switch|p1a: Hitmonlee|Hitmonlee, M|100/100|[from] U-turn
|-damage|p1a: Hitmonlee|94/100|[from] Stealth Rock
|
|-heal|p2a: Great Tusk|96/100|[from] item: Leftovers
|upkeep
|turn|6
|
|t:|1779569502
|move|p1a: Hitmonlee|Fake Out|p2a: Great Tusk
|-enditem|p1a: Hitmonlee|Normal Gem|[from] gem
|-damage|p2a: Great Tusk|82/100
|cant|p2a: Great Tusk|flinch
|
|-heal|p2a: Great Tusk|88/100|[from] item: Leftovers
|upkeep
|turn|7
|
|t:|1779569508
|move|p1a: Hitmonlee|High Jump Kick|p2a: Great Tusk
|-damage|p2a: Great Tusk|34/100
|move|p2a: Great Tusk|Rapid Spin|p1a: Hitmonlee
|-damage|p1a: Hitmonlee|50/100
|-boost|p2a: Great Tusk|spe|1
|
|-heal|p2a: Great Tusk|40/100|[from] item: Leftovers
|upkeep
|turn|8
|
|t:|1779569529
|move|p1a: Hitmonlee|High Jump Kick|p2a: Great Tusk
|-damage|p2a: Great Tusk|0 fnt
|faint|p2a: Great Tusk
|-end|p2a: Great Tusk|Protosynthesis|[silent]
|
|upkeep
|
|t:|1779569539
|switch|p2a: Landorus|Landorus-Therian, M|100/100
|-ability|p2a: Landorus|Intimidate|boost
|-unboost|p1a: Hitmonlee|atk|1
|turn|9
|
|t:|1779569552
|move|p1a: Hitmonlee|Knock Off|p2a: Landorus
|-damage|p2a: Landorus|72/100
|-enditem|p2a: Landorus|Choice Scarf|[from] move: Knock Off|[of] p1a: Hitmonlee
|move|p2a: Landorus|U-turn|p1a: Hitmonlee
|-resisted|p1a: Hitmonlee
|-crit|p1a: Hitmonlee
|-damage|p1a: Hitmonlee|3/100
|
|t:|1779569560
|switch|p2a: Regieleki|Regieleki|100/100|[from] U-turn
|-item|p2a: Regieleki|Air Balloon
|
|upkeep
|turn|10
|
|t:|1779569567
|switch|p2a: Landorus|Landorus-Therian, M|72/100
|-ability|p2a: Landorus|Intimidate|boost
|-unboost|p1a: Hitmonlee|atk|1
|move|p1a: Hitmonlee|High Jump Kick|p2a: Landorus
|-resisted|p2a: Landorus
|-damage|p2a: Landorus|51/100
|
|upkeep
|turn|11
|
|t:|1779569583
|move|p1a: Hitmonlee|Double-Edge|p2a: Landorus
|-damage|p2a: Landorus|25/100
|-damage|p1a: Hitmonlee|0 fnt|[from] Recoil
|faint|p1a: Hitmonlee
|move|p2a: Landorus|Earthquake|p1: Hitmonlee|[notarget]
|-fail|p2a: Landorus
|
|upkeep
|
|t:|1779569593
|switch|p1a: Ditto|Ditto|88/100
|-damage|p1a: Ditto|76/100|[from] Stealth Rock
|-transform|p1a: Ditto|p2a: Landorus|[from] ability: Imposter
|-ability|p1a: Ditto|Intimidate|boost
|-unboost|p2a: Landorus|atk|1
|turn|12
|
|t:|1779569603
|move|p1a: Ditto|Rock Slide|p2a: Landorus
|-damage|p2a: Landorus|0 fnt
|faint|p2a: Landorus
|
|upkeep
|
|t:|1779569611
|switch|p2a: Kyurem|Kyurem|100/100
|-ability|p2a: Kyurem|Pressure
|turn|13
|
|t:|1779569619
|-terastallize|p1a: Ditto|Water
|-terastallize|p2a: Kyurem|Dragon
|move|p1a: Ditto|Rock Slide|p2a: Kyurem
|-damage|p2a: Kyurem|68/100
|move|p2a: Kyurem|Ice Beam|p1a: Ditto
|-resisted|p1a: Ditto
|-damage|p1a: Ditto|44/100
|
|upkeep
|turn|14
|
|t:|1779569629
|move|p1a: Ditto|Rock Slide|p2a: Kyurem
|-damage|p2a: Kyurem|40/100
|move|p2a: Kyurem|Freeze-Dry|p1a: Ditto
|-supereffective|p1a: Ditto
|-damage|p1a: Ditto|0 fnt
|faint|p1a: Ditto
|
|upkeep
|
|t:|1779569640
|switch|p1a: Muk|Muk, F|100/100
|-damage|p1a: Muk|88/100|[from] Stealth Rock
|turn|15
|
|t:|1779569655
|move|p2a: Kyurem|Earth Power|p1a: Muk
|-supereffective|p1a: Muk
|-damage|p1a: Muk|62/100
|move|p1a: Muk|Ice Punch|p2a: Kyurem
|-supereffective|p2a: Kyurem
|-damage|p2a: Kyurem|3/100
|-status|p2a: Kyurem|psn|[from] ability: Poison Touch|[of] p1a: Muk
|
|-damage|p2a: Kyurem|0 fnt|[from] psn
|faint|p2a: Kyurem
|upkeep
|
|t:|1779569664
|switch|p2a: Regieleki|Regieleki|100/100
|-item|p2a: Regieleki|Air Balloon
|turn|16
|
|t:|1779569670
|move|p2a: Regieleki|Thunder Cage|p1a: Muk
|-crit|p1a: Muk
|-damage|p1a: Muk|29/100
|-activate|p1a: Muk|move: Thunder Cage|[of] p2a: Regieleki
|move|p1a: Muk|Poison Jab|p2a: Regieleki
|-damage|p2a: Regieleki|31/100
|-enditem|p2a: Regieleki|Air Balloon
|
|-damage|p1a: Muk|17/100|[from] move: Thunder Cage|[partiallytrapped]
|upkeep
|turn|17
|
|t:|1779569693
|move|p1a: Muk|Shadow Sneak|p2a: Regieleki
|-damage|p2a: Regieleki|8/100
|move|p2a: Regieleki|Volt Switch|p1a: Muk
|-damage|p1a: Muk|0 fnt
|faint|p1a: Muk
|
|upkeep
|
|t:|1779569698
|switch|p1a: Okidogi|Okidogi, M|100/100
|-damage|p1a: Okidogi|94/100|[from] Stealth Rock
|turn|18
|
|t:|1779569705
|move|p2a: Regieleki|Thunder Cage|p1a: Okidogi
|-damage|p1a: Okidogi|43/100
|-activate|p1a: Okidogi|move: Thunder Cage|[of] p2a: Regieleki
|move|p1a: Okidogi|Drain Punch|p2a: Regieleki
|-damage|p2a: Regieleki|0 fnt
|-heal|p1a: Okidogi|46/100|[from] drain|[of] p2a: Regieleki
|faint|p2a: Regieleki
|
|win|kronas
|raw|kronas's rating: 1169 &rarr; <strong>1198</strong><br />(+29 for winning)
|raw|savajho's rating: 1228 &rarr; <strong>1199</strong><br />(-29 for losing)
|l|☆savajho
|player|p2|
|l|☆kronas
|player|p1|
