|j|☆she's my winona
|j|‽Not Sarcasm
|t:|1779559256
|gametype|singles
|player|p1|she's my winona|palmer|1307
|player|p2|Not Sarcasm|101|1340
|gen|9
|tier|[Gen 9] OU
|rated|
|rule|HP Percentage Mod: HP is shown in percentages
|rule|Endless Battle Clause: Forcing endless battles is banned
|rule|Species Clause: Limit one of each Pokémon
|rule|OHKO Clause: OHKO moves are banned
|rule|Evasion Items Clause: Evasion items are banned
|rule|Evasion Moves Clause: Evasion moves are banned
|rule|Evasion Abilities Clause: Evasion abilities are banned
|rule|Sleep Moves Clause: Sleep-inducing moves are banned
|clearpoke
|poke|p1|Pelipper, M|
|poke|p1|Raging Bolt|
|poke|p1|Overqwil, M|
|poke|p1|Barraskewda, M|
|poke|p1|Iron Treads|
|poke|p1|Kingambit, F|
|poke|p2|Hydrapple, M|
|poke|p2|Tyranitar, F|
|poke|p2|Moltres|
|poke|p2|Zamazenta-*|
|poke|p2|Slowking-Galar, M|
|poke|p2|Excadrill, F|
|teampreview
|inactive|Battle timer is ON: inactive players will automatically lose when time's up. (requested by Not Sarcasm)
|
|t:|1779559281
|teamsize|p1|6
|teamsize|p2|6
|start
|switch|p1a: Pelipper|Pelipper, M|100/100
|switch|p2a: Hydrapple|Hydrapple, M|100/100
|-weather|RainDance|[from] ability: Drizzle|[of] p1a: Pelipper
|turn|1
|
|t:|1779559287
|move|p2a: Hydrapple|Fickle Beam|p1a: Pelipper
|-damage|p1a: Pelipper|51/100
|move|p1a: Pelipper|Hurricane|p2a: Hydrapple
|-supereffective|p2a: Hydrapple
|-damage|p2a: Hydrapple|31/100
|
|-weather|RainDance|[upkeep]
|upkeep
|turn|2
|
|t:|1779559296
|move|p2a: Hydrapple|Fickle Beam|p1a: Pelipper
|-damage|p1a: Pelipper|3/100
|move|p1a: Pelipper|Hurricane|p2a: Hydrapple
|-supereffective|p2a: Hydrapple
|-damage|p2a: Hydrapple|0 fnt
|faint|p2a: Hydrapple
|
|-weather|RainDance|[upkeep]
|upkeep
|
|t:|1779559303
|switch|p2a: Tyranitar|Tyranitar, F|100/100
|-weather|Sandstorm|[from] ability: Sand Stream|[of] p2a: Tyranitar
|turn|3
|
|t:|1779559311
|switch|p1a: Iron Treads|Iron Treads|100/100
|-enditem|p1a: Iron Treads|Booster Energy
|-activate|p1a: Iron Treads|ability: Quark Drive|[fromitem]
|-start|p1a: Iron Treads|quarkdrivespe
|move|p2a: Tyranitar|Knock Off|p1a: Iron Treads
|-damage|p1a: Iron Treads|73/100
|
|-weather|Sandstorm|[upkeep]
|upkeep
|turn|4
|inactive|she's my winona has 120 seconds left.
|
|t:|1779559361
|switch|p2a: Moltres|Moltres|100/100
|move|p1a: Iron Treads|Steel Beam|p2a: Moltres
|-resisted|p2a: Moltres
|-damage|p2a: Moltres|71/100
|-damage|p1a: Iron Treads|23/100|[from] steelbeam
|
|-weather|Sandstorm|[upkeep]
|-damage|p2a: Moltres|65/100|[from] Sandstorm
|upkeep
|turn|5
|
|t:|1779559379
|-end|p1a: Iron Treads|Quark Drive|[silent]
|switch|p1a: Pelipper|Pelipper, M|3/100
|-weather|RainDance|[from] ability: Drizzle|[of] p1a: Pelipper
|move|p2a: Moltres|U-turn|p1a: Pelipper
|-resisted|p1a: Pelipper
|-crit|p1a: Pelipper
|-damage|p1a: Pelipper|0 fnt
|faint|p1a: Pelipper
|
|t:|1779559387
|switch|p2a: Tyranitar|Tyranitar, F|100/100|[from] U-turn
|-weather|Sandstorm|[from] ability: Sand Stream|[of] p2a: Tyranitar
|
|-weather|Sandstorm|[upkeep]
|upkeep
|
|t:|1779559393
|switch|p1a: Barraskewda|Barraskewda, M|100/100
|turn|6
|
|t:|1779559408
|move|p1a: Barraskewda|Liquidation|p2a: Tyranitar
|-supereffective|p2a: Tyranitar
|-damage|p2a: Tyranitar|0 fnt
|faint|p2a: Tyranitar
|
|-weather|Sandstorm|[upkeep]
|-damage|p1a: Barraskewda|94/100|[from] Sandstorm
|upkeep
|
|t:|1779559414
|switch|p2a: Excadrill|Excadrill, F|100/100
|-item|p2a: Excadrill|Air Balloon
|turn|7
|
|t:|1779559419
|move|p2a: Excadrill|Earthquake|p1a: Barraskewda
|-damage|p1a: Barraskewda|0 fnt
|faint|p1a: Barraskewda
|
|-weather|Sandstorm|[upkeep]
|upkeep
|
|t:|1779559424
|switch|p1a: Overqwil|Overqwil, M|100/100
|turn|8
|
|t:|1779559428
|move|p2a: Excadrill|Iron Head|p1a: Overqwil
|-damage|p1a: Overqwil|56/100
|move|p1a: Overqwil|Liquidation|p2a: Excadrill
|-supereffective|p2a: Excadrill
|-damage|p2a: Excadrill|0 fnt
|-enditem|p2a: Excadrill|Air Balloon
|faint|p2a: Excadrill
|-damage|p1a: Overqwil|46/100|[from] item: Life Orb
|
|-weather|Sandstorm|[upkeep]
|-damage|p1a: Overqwil|40/100|[from] Sandstorm
|upkeep
|
|t:|1779559441
|switch|p2a: Zamazenta|Zamazenta|100/100
|-ability|p2a: Zamazenta|Dauntless Shield|boost
|-boost|p2a: Zamazenta|def|1
|turn|9
|
|t:|1779559448
|move|p2a: Zamazenta|Body Press|p1a: Overqwil
|-damage|p1a: Overqwil|0 fnt
|faint|p1a: Overqwil
|
|-weather|Sandstorm|[upkeep]
|-damage|p2a: Zamazenta|94/100|[from] Sandstorm
|-heal|p2a: Zamazenta|100/100|[from] item: Leftovers
|upkeep
|
|t:|1779559458
|switch|p1a: Raging Bolt|Raging Bolt|100/100
|-enditem|p1a: Raging Bolt|Booster Energy
|-activate|p1a: Raging Bolt|ability: Protosynthesis|[fromitem]
|-start|p1a: Raging Bolt|protosynthesisspa
|turn|10
|
|t:|1779559467
|switch|p2a: Moltres|Moltres|65/100
|move|p1a: Raging Bolt|Draco Meteor|p2a: Moltres
|-damage|p2a: Moltres|0 fnt
|-unboost|p1a: Raging Bolt|spa|2
|faint|p2a: Moltres
|
|-weather|Sandstorm|[upkeep]
|-damage|p1a: Raging Bolt|94/100|[from] Sandstorm
|upkeep
|
|t:|1779559476
|switch|p2a: Zamazenta|Zamazenta|100/100
|turn|11
|
|t:|1779559480
|move|p2a: Zamazenta|Iron Defense|p2a: Zamazenta
|-boost|p2a: Zamazenta|def|2
|move|p1a: Raging Bolt|Draco Meteor|p2a: Zamazenta
|-damage|p2a: Zamazenta|53/100
|-unboost|p1a: Raging Bolt|spa|2
|
|-weather|Sandstorm|[upkeep]
|-damage|p2a: Zamazenta|47/100|[from] Sandstorm
|-damage|p1a: Raging Bolt|88/100|[from] Sandstorm
|-heal|p2a: Zamazenta|53/100|[from] item: Leftovers
|upkeep
|turn|12
|
|t:|1779559492
|move|p2a: Zamazenta|Body Press|p1a: Raging Bolt
|-damage|p1a: Raging Bolt|18/100
|move|p1a: Raging Bolt|Thunder|p2a: Zamazenta
|-damage|p2a: Zamazenta|28/100
|
|-weather|none
|-heal|p2a: Zamazenta|34/100|[from] item: Leftovers
|upkeep
|turn|13
|
|t:|1779559509
|move|p2a: Zamazenta|Body Press|p1a: Raging Bolt
|-damage|p1a: Raging Bolt|0 fnt
|faint|p1a: Raging Bolt
|-end|p1a: Raging Bolt|Protosynthesis|[silent]
|
|-heal|p2a: Zamazenta|40/100|[from] item: Leftovers
|upkeep
|
|t:|1779559515
|switch|p1a: Iron Treads|Iron Treads|23/100
|turn|14
|
|t:|1779559542
|-terastallize|p1a: Iron Treads|Ghost
|move|p2a: Zamazenta|Body Press|p1a: Iron Treads
|-immune|p1a: Iron Treads
|move|p1a: Iron Treads|Steel Beam|p2a: Zamazenta
|-damage|p2a: Zamazenta|0 fnt
|-damage|p1a: Iron Treads|0 fnt|[from] steelbeam
|faint|p1a: Iron Treads
|-end|p1a: Iron Treads|Quark Drive|[silent]
|faint|p2a: Zamazenta
|
|upkeep
|
|t:|1779559551
|switch|p2a: Slowking|Slowking-Galar, M|100/100
|switch|p1a: Kingambit|Kingambit, F|100/100
|-activate|p1a: Kingambit|ability: Supreme Overlord
|-start|p1a: Kingambit|fallen5|[silent]
|turn|15
|
|t:|1779559558
|-terastallize|p2a: Slowking|Grass
|move|p1a: Kingambit|Kowtow Cleave|p2a: Slowking
|-damage|p2a: Slowking|43/100
|move|p2a: Slowking|Flamethrower|p1a: Kingambit
|-supereffective|p1a: Kingambit
|-damage|p1a: Kingambit|59/100
|
|-heal|p1a: Kingambit|65/100|[from] item: Leftovers
|upkeep
|turn|16
|-message|Not Sarcasm forfeited.
|
|win|she's my winona
|raw|she&apos;s my winona's rating: 1307 &rarr; <strong>1329</strong><br />(+22 for winning)
|raw|Not Sarcasm's rating: 1340 &rarr; <strong>1318</strong><br />(-22 for losing)
|l|‽Not Sarcasm
|player|p2|
