|j|☆notapingu
|j|☆Susmaster77
|t:|1779666284
|gametype|singles
|player|p1|notapingu|n|1110
|player|p2|Susmaster77|266|1062
|gen|9
|tier|[Gen 9] OU
|rated|
|rule|HP Percentage Mod: HP is shown in percentages
|rule|Endless Battle Clause: Forcing endless battles is banned
|rule|Species Clause: Limit one of each Pokémon
|rule|OHKO Clause: OHKO moves are banned
|rule|Evasion Items Clause: Evasion items are banned
|rule|Evasion Moves Clause: Evasion moves are banned
|rule|Evasion Abilities Clause: Evasion abilities are banned
|rule|Sleep Moves Clause: Sleep-inducing moves are banned
|clearpoke
|poke|p1|Glimmora, F|
|poke|p1|Gliscor, F|
|poke|p1|Duraludon, M|
|poke|p1|Grimmsnarl, M|
|poke|p1|Kingambit, F|
|poke|p1|Enamorus, F|
|poke|p2|Krokorok, M|
|poke|p2|Gholdengo|
|poke|p2|Koffing, F|
|poke|p2|Ting-Lu|
|poke|p2|Mudsdale, M|
|poke|p2|Clefable, F|
|teampreview
|
|t:|1779666302
|teamsize|p1|6
|teamsize|p2|6
|start
|switch|p1a: Glimmora|Glimmora, F|100/100
|switch|p2a: Ranseinamedthis|Ting-Lu|100/100
|-ability|p2a: Ranseinamedthis|Vessel of Ruin
|turn|1
|
|t:|1779666310
|move|p1a: Glimmora|Stealth Rock|p2a: Ranseinamedthis
|-sidestart|p2: Susmaster77|move: Stealth Rock
|move|p2a: Ranseinamedthis|Stealth Rock|p1a: Glimmora
|-sidestart|p1: notapingu|move: Stealth Rock
|
|upkeep
|turn|2
|
|t:|1779666315
|move|p1a: Glimmora|Spikes|p2a: Ranseinamedthis
|-sidestart|p2: Susmaster77|Spikes
|move|p2a: Ranseinamedthis|Spikes|p1a: Glimmora
|-sidestart|p1: notapingu|Spikes
|
|upkeep
|turn|3
|
|t:|1779666320
|move|p1a: Glimmora|Spikes|p2a: Ranseinamedthis
|-sidestart|p2: Susmaster77|Spikes
|move|p2a: Ranseinamedthis|Spikes|p1a: Glimmora
|-sidestart|p1: notapingu|Spikes
|
|upkeep
|turn|4
|
|t:|1779666329
|move|p1a: Glimmora|Spikes|p2a: Ranseinamedthis
|-sidestart|p2: Susmaster77|Spikes
|move|p2a: Ranseinamedthis|Spikes|p1a: Glimmora
|-sidestart|p1: notapingu|Spikes
|
|upkeep
|turn|5
|
|t:|1779666337
|move|p1a: Glimmora|Spikes||[still]
|-fail|p1a: Glimmora
|move|p2a: Ranseinamedthis|Ruination|p1a: Glimmora
|-damage|p1a: Glimmora|50/100
|
|upkeep
|turn|6
|
|t:|1779666345
|move|p1a: Glimmora|Spiky Shield|p1a: Glimmora
|-singleturn|p1a: Glimmora|move: Protect
|move|p2a: Ranseinamedthis|Ruination|p1a: Glimmora
|-activate|p1a: Glimmora|move: Protect
|
|upkeep
|turn|7
|
|t:|1779666354
|move|p1a: Glimmora|Stealth Rock||[still]
|-fail|p1a: Glimmora
|move|p2a: Ranseinamedthis|Ruination|p1a: Glimmora
|-damage|p1a: Glimmora|26/100
|
|upkeep
|turn|8
|
|t:|1779666370
|move|p1a: Glimmora|Explosion|p2a: Ranseinamedthis
|-damage|p2a: Ranseinamedthis|87/100
|faint|p1a: Glimmora
|move|p2a: Ranseinamedthis|Body Press|p1: Glimmora|[notarget]
|-fail|p2a: Ranseinamedthis
|
|-heal|p2a: Ranseinamedthis|93/100|[from] item: Leftovers
|upkeep
|
|t:|1779666380
|switch|p1a: Grimmsnarl|Grimmsnarl, M|100/100
|-damage|p1a: Grimmsnarl|88/100|[from] Stealth Rock
|-damage|p1a: Grimmsnarl|63/100|[from] Spikes
|turn|9
|
|t:|1779666386
|move|p1a: Grimmsnarl|Fake Out|p2a: Ranseinamedthis
|-damage|p2a: Ranseinamedthis|89/100
|cant|p2a: Ranseinamedthis|flinch
|
|-heal|p1a: Grimmsnarl|69/100|[from] item: Leftovers
|-heal|p2a: Ranseinamedthis|95/100|[from] item: Leftovers
|upkeep
|turn|10
|
|t:|1779666394
|move|p1a: Grimmsnarl|Spirit Break|p2a: Ranseinamedthis
|-supereffective|p2a: Ranseinamedthis
|-damage|p2a: Ranseinamedthis|69/100
|-unboost|p2a: Ranseinamedthis|spa|1
|move|p2a: Ranseinamedthis|Ruination|p1a: Grimmsnarl|[miss]
|-miss|p2a: Ranseinamedthis|p1a: Grimmsnarl
|
|-heal|p1a: Grimmsnarl|75/100|[from] item: Leftovers
|-heal|p2a: Ranseinamedthis|75/100|[from] item: Leftovers
|upkeep
|turn|11
|
|t:|1779666404
|move|p1a: Grimmsnarl|Spirit Break|p2a: Ranseinamedthis
|-supereffective|p2a: Ranseinamedthis
|-damage|p2a: Ranseinamedthis|51/100
|-unboost|p2a: Ranseinamedthis|spa|1
|move|p2a: Ranseinamedthis|Ruination|p1a: Grimmsnarl
|-damage|p1a: Grimmsnarl|38/100
|
|-heal|p1a: Grimmsnarl|44/100|[from] item: Leftovers
|-heal|p2a: Ranseinamedthis|57/100|[from] item: Leftovers
|upkeep
|turn|12
|
|t:|1779666414
|move|p1a: Grimmsnarl|Spirit Break|p2a: Ranseinamedthis
|-supereffective|p2a: Ranseinamedthis
|-damage|p2a: Ranseinamedthis|30/100
|-unboost|p2a: Ranseinamedthis|spa|1
|move|p2a: Ranseinamedthis|Body Press|p1a: Grimmsnarl
|-damage|p1a: Grimmsnarl|13/100
|
|-heal|p1a: Grimmsnarl|19/100|[from] item: Leftovers
|-heal|p2a: Ranseinamedthis|36/100|[from] item: Leftovers
|upkeep
|turn|13
|
|t:|1779666431
|move|p1a: Grimmsnarl|Spirit Break|p2a: Ranseinamedthis
|-supereffective|p2a: Ranseinamedthis
|-damage|p2a: Ranseinamedthis|10/100
|-unboost|p2a: Ranseinamedthis|spa|1
|move|p2a: Ranseinamedthis|Body Press|p1a: Grimmsnarl
|-damage|p1a: Grimmsnarl|0 fnt
|faint|p1a: Grimmsnarl
|
|-heal|p2a: Ranseinamedthis|16/100|[from] item: Leftovers
|upkeep
|
|t:|1779666448
|switch|p1a: Gliscor|Gliscor, F|100/100
|-damage|p1a: Gliscor|88/100|[from] Stealth Rock
|turn|14
|inactive|Battle timer is ON: inactive players will automatically lose when time's up. (requested by notapingu)
|
|t:|1779666479
|move|p1a: Gliscor|Crabhammer|p2a: Ranseinamedthis
|-supereffective|p2a: Ranseinamedthis
|-damage|p2a: Ranseinamedthis|0 fnt
|faint|p2a: Ranseinamedthis
|
|-status|p1a: Gliscor|tox|[from] item: Toxic Orb
|upkeep
|
|t:|1779666498
|switch|p2a: +A|Clefable, F|100/100
|turn|15
|
|t:|1779666508
|move|p1a: Gliscor|Facade|p2a: +A
|-damage|p2a: +A|60/100
|move|p2a: +A|Calm Mind|p2a: +A
|-boost|p2a: +A|spa|1
|-boost|p2a: +A|spd|1
|
|-heal|p1a: Gliscor|100/100 tox|[from] ability: Poison Heal
|upkeep
|turn|16
|
|t:|1779666516
|-terastallize|p2a: +A|Fairy
|move|p1a: Gliscor|Facade|p2a: +A
|-damage|p2a: +A|18/100
|move|p2a: +A|Moonblast|p1a: Gliscor
|-damage|p1a: Gliscor|0 fnt
|faint|p1a: Gliscor
|
|upkeep
|
|t:|1779666527
|switch|p1a: Duraludon|Duraludon, M|100/100
|-damage|p1a: Duraludon|95/100|[from] Stealth Rock
|-damage|p1a: Duraludon|70/100|[from] Spikes
|turn|17
|
|t:|1779666534
|move|p1a: Duraludon|Heavy Slam|p2a: +A
|-supereffective|p2a: +A
|-damage|p2a: +A|0 fnt
|faint|p2a: +A
|
|upkeep
|
|t:|1779666542
|switch|p2a: Extortion|Gholdengo|100/100
|-damage|p2a: Extortion|94/100|[from] Stealth Rock
|-damage|p2a: Extortion|70/100|[from] Spikes
|turn|18
|
|t:|1779666550
|move|p2a: Extortion|Focus Blast|p1a: Duraludon|[miss]
|-miss|p2a: Extortion|p1a: Duraludon
|move|p1a: Duraludon|Thunderbolt|p2a: Extortion
|-damage|p2a: Extortion|44/100
|
|upkeep
|turn|19
|
|t:|1779666558
|move|p2a: Extortion|Focus Blast|p1a: Duraludon
|-supereffective|p1a: Duraludon
|-damage|p1a: Duraludon|0 fnt
|faint|p1a: Duraludon
|
|upkeep
|
|t:|1779666564
|switch|p1a: Enamorus|Enamorus, F|100/100
|-damage|p1a: Enamorus|76/100|[from] Stealth Rock
|turn|20
|
|t:|1779666571
|switch|p2a: Smogon|Koffing, F|100/100
|-ability|p2a: Smogon|Neutralizing Gas
|-damage|p2a: Smogon|88/100|[from] Stealth Rock
|-damage|p2a: Smogon|63/100|[from] Spikes
|move|p1a: Enamorus|Earth Power|p2a: Smogon
|-supereffective|p2a: Smogon
|-damage|p2a: Smogon|3/100
|
|upkeep
|turn|21
|
|t:|1779666584
|move|p1a: Enamorus|Earth Power|p2a: Smogon
|-supereffective|p2a: Smogon
|-damage|p2a: Smogon|0 fnt
|faint|p2a: Smogon
|-end|p2a: Smogon|ability: Neutralizing Gas
|
|upkeep
|
|t:|1779666589
|switch|p2a: Honse|Mudsdale, M|100/100
|-damage|p2a: Honse|94/100|[from] Stealth Rock
|-damage|p2a: Honse|69/100|[from] Spikes
|turn|22
|
|t:|1779666598
|move|p1a: Enamorus|Superpower|p2a: Honse
|-damage|p2a: Honse|43/100
|-boost|p1a: Enamorus|atk|1
|-boost|p1a: Enamorus|def|1
|-ability|p2a: Honse|Stamina|boost
|-boost|p2a: Honse|def|1
|move|p2a: Honse|Iron Head|p1a: Enamorus
|-supereffective|p1a: Enamorus
|-damage|p1a: Enamorus|2/100
|
|upkeep
|turn|23
|
|t:|1779666612
|move|p1a: Enamorus|Springtide Storm|p2a: Honse
|-damage|p2a: Honse|10/100
|-unboost|p2a: Honse|atk|1
|-ability|p2a: Honse|Stamina|boost
|-boost|p2a: Honse|def|1
|move|p2a: Honse|Iron Head|p1a: Enamorus
|-supereffective|p1a: Enamorus
|-damage|p1a: Enamorus|0 fnt
|faint|p1a: Enamorus
|
|upkeep
|
|t:|1779666621
|switch|p1a: Kingambit|Kingambit, F|100/100
|-damage|p1a: Kingambit|94/100|[from] Stealth Rock
|-damage|p1a: Kingambit|69/100|[from] Spikes
|-activate|p1a: Kingambit|ability: Supreme Overlord
|-start|p1a: Kingambit|fallen5|[silent]
|turn|24
|
|t:|1779666636
|move|p1a: Kingambit|Kowtow Cleave|p2a: Honse
|-damage|p2a: Honse|0 fnt
|faint|p2a: Honse
|
|-heal|p1a: Kingambit|75/100|[from] item: Leftovers
|upkeep
|
|t:|1779666643
|switch|p2a: Lobbster|Krokorok, M|100/100
|-damage|p2a: Lobbster|94/100|[from] Stealth Rock
|-damage|p2a: Lobbster|69/100|[from] Spikes
|-ability|p2a: Lobbster|Intimidate|boost
|-unboost|p1a: Kingambit|atk|1
|turn|25
|
|t:|1779666668
|move|p2a: Lobbster|Knock Off|p1a: Kingambit
|-resisted|p1a: Kingambit
|-damage|p1a: Kingambit|66/100
|-enditem|p1a: Kingambit|Leftovers|[from] move: Knock Off|[of] p2a: Lobbster
|move|p1a: Kingambit|Facade|p2a: Lobbster
|-damage|p2a: Lobbster|31/100
|
|upkeep
|turn|26
|
|t:|1779666679
|move|p2a: Lobbster|Taunt|p1a: Kingambit
|-start|p1a: Kingambit|move: Taunt
|cant|p1a: Kingambit|move: Taunt|Swords Dance
|
|upkeep
|turn|27
|
|t:|1779666687
|move|p2a: Lobbster|Knock Off|p1a: Kingambit
|-resisted|p1a: Kingambit
|-damage|p1a: Kingambit|58/100
|move|p1a: Kingambit|Facade|p2a: Lobbster
|-damage|p2a: Lobbster|0 fnt
|faint|p2a: Lobbster
|
|upkeep
|
|t:|1779666690
|switch|p2a: Extortion|Gholdengo|44/100
|-damage|p2a: Extortion|38/100|[from] Stealth Rock
|-damage|p2a: Extortion|13/100|[from] Spikes
|turn|28
|
|t:|1779666699
|move|p2a: Extortion|Focus Blast|p1a: Kingambit
|-supereffective|p1a: Kingambit
|-crit|p1a: Kingambit
|-damage|p1a: Kingambit|0 fnt
|faint|p1a: Kingambit
|-end|p1a: Kingambit|fallen5|[silent]
|
|win|Susmaster77
|raw|notapingu's rating: 1110 &rarr; <strong>1082</strong><br />(-28 for losing)
|raw|Susmaster77's rating: 1062 &rarr; <strong>1097</strong><br />(+35 for winning)
|l|☆notapingu
|player|p1|
