|j|☆Hihealtfu
|j|☆Mcalmic
|t:|1779593114
|gametype|singles
|player|p1|Hihealtfu|2|1174
|player|p2|Mcalmic|101|1236
|gen|9
|tier|[Gen 9] OU
|rated|
|rule|HP Percentage Mod: HP is shown in percentages
|rule|Endless Battle Clause: Forcing endless battles is banned
|rule|Species Clause: Limit one of each Pokémon
|rule|OHKO Clause: OHKO moves are banned
|rule|Evasion Items Clause: Evasion items are banned
|rule|Evasion Moves Clause: Evasion moves are banned
|rule|Evasion Abilities Clause: Evasion abilities are banned
|rule|Sleep Moves Clause: Sleep-inducing moves are banned
|clearpoke
|poke|p1|Kingambit, M|
|poke|p1|Kommo-o, M|
|poke|p1|Iron Valiant|
|poke|p1|Kyurem|
|poke|p1|Iron Treads|
|poke|p1|Iron Crown|
|poke|p2|Ogerpon, F|
|poke|p2|Samurott-Hisui, F|
|poke|p2|Blissey, F|
|poke|p2|Gliscor, F|
|poke|p2|Skarmory, F|
|poke|p2|Pecharunt|
|teampreview
|inactive|Battle timer is ON: inactive players will automatically lose when time's up. (requested by Hihealtfu)
|
|t:|1779593132
|teamsize|p1|6
|teamsize|p2|6
|start
|switch|p1a: Iron Treads|Iron Treads|100/100
|switch|p2a: Samurott|Samurott-Hisui, F|100/100
|-enditem|p1a: Iron Treads|Booster Energy
|-activate|p1a: Iron Treads|ability: Quark Drive|[fromitem]
|-start|p1a: Iron Treads|quarkdrivespe
|turn|1
|
|t:|1779593139
|switch|p2a: Skarmory|Skarmory, F|100/100
|move|p1a: Iron Treads|Stealth Rock|p2a: Skarmory
|-sidestart|p2: Mcalmic|move: Stealth Rock
|
|upkeep
|turn|2
|
|t:|1779593154
|-end|p1a: Iron Treads|Quark Drive|[silent]
|switch|p1a: Kommo-o|Kommo-o, M|100/100
|move|p2a: Skarmory|Stealth Rock|p1a: Kommo-o
|-sidestart|p1: Hihealtfu|move: Stealth Rock
|
|upkeep
|turn|3
|
|t:|1779593163
|move|p1a: Kommo-o|Substitute|p1a: Kommo-o
|-start|p1a: Kommo-o|Substitute
|-damage|p1a: Kommo-o|75/100
|move|p2a: Skarmory|Whirlwind|p1a: Kommo-o
|drag|p1a: Kyurem|Kyurem|100/100
|-damage|p1a: Kyurem|76/100|[from] Stealth Rock
|-ability|p1a: Kyurem|Pressure
|
|upkeep
|turn|4
|
|t:|1779593191
|move|p1a: Kyurem|Icicle Spear|p2a: Skarmory
|-damage|p2a: Skarmory|93/100
|-damage|p2a: Skarmory|85/100
|-damage|p2a: Skarmory|77/100
|-damage|p2a: Skarmory|69/100
|-damage|p2a: Skarmory|62/100
|-hitcount|p2a: Skarmory|5
|move|p2a: Skarmory|Whirlwind|p1a: Kyurem
|drag|p1a: Iron Crown|Iron Crown|100/100
|-damage|p1a: Iron Crown|94/100|[from] Stealth Rock
|-enditem|p1a: Iron Crown|Booster Energy
|-activate|p1a: Iron Crown|ability: Quark Drive|[fromitem]
|-start|p1a: Iron Crown|quarkdrivespe
|
|upkeep
|turn|5
|inactive|Mcalmic has 120 seconds left.
|
|t:|1779593223
|move|p1a: Iron Crown|Focus Blast|p2a: Skarmory
|-damage|p2a: Skarmory|15/100
|move|p2a: Skarmory|Roost|p2a: Skarmory
|-heal|p2a: Skarmory|65/100
|-singleturn|p2a: Skarmory|move: Roost
|
|upkeep
|turn|6
|
|t:|1779593231
|move|p1a: Iron Crown|Calm Mind|p1a: Iron Crown
|-boost|p1a: Iron Crown|spa|1
|-boost|p1a: Iron Crown|spd|1
|move|p2a: Skarmory|Roost|p2a: Skarmory
|-heal|p2a: Skarmory|100/100
|-singleturn|p2a: Skarmory|move: Roost
|
|upkeep
|turn|7
|
|t:|1779593237
|-terastallize|p1a: Iron Crown|Fighting
|move|p1a: Iron Crown|Focus Blast|p2a: Skarmory
|-ability|p2a: Skarmory|Sturdy
|-damage|p2a: Skarmory|1/100
|move|p2a: Skarmory|Whirlwind|p1a: Iron Crown
|-end|p1a: Iron Crown|Quark Drive|[silent]
|drag|p1a: Kommo-o|Kommo-o, M|75/100
|-damage|p1a: Kommo-o|69/100|[from] Stealth Rock
|
|-heal|p1a: Kommo-o|75/100|[from] item: Leftovers
|upkeep
|turn|8
|
|t:|1779593255
|switch|p2a: Pecharunt|Pecharunt|100/100
|move|p1a: Kommo-o|Drain Punch|p2a: Pecharunt
|-immune|p2a: Pecharunt
|
|-heal|p1a: Kommo-o|82/100|[from] item: Leftovers
|upkeep
|turn|9
|
|t:|1779593265
|move|p1a: Kommo-o|Substitute|p1a: Kommo-o
|-start|p1a: Kommo-o|Substitute
|-damage|p1a: Kommo-o|57/100
|move|p2a: Pecharunt|Toxic||[still]
|-fail|p2a: Pecharunt
|
|-heal|p1a: Kommo-o|63/100|[from] item: Leftovers
|upkeep
|turn|10
|
|t:|1779593273
|move|p1a: Kommo-o|Clangorous Soul|p1a: Kommo-o
|-boost|p1a: Kommo-o|atk|1
|-boost|p1a: Kommo-o|def|1
|-boost|p1a: Kommo-o|spa|1
|-boost|p1a: Kommo-o|spd|1
|-boost|p1a: Kommo-o|spe|1
|-damage|p1a: Kommo-o|30/100
|move|p2a: Pecharunt|Shadow Ball|p1a: Kommo-o
|-activate|p1a: Kommo-o|move: Substitute|[damage]
|
|-heal|p1a: Kommo-o|36/100|[from] item: Leftovers
|upkeep
|turn|11
|
|t:|1779593299
|move|p1a: Kommo-o|Shadow Claw|p2a: Pecharunt
|-supereffective|p2a: Pecharunt
|-damage|p2a: Pecharunt|75/100
|move|p2a: Pecharunt|Shadow Ball|p1a: Kommo-o
|-end|p1a: Kommo-o|Substitute
|
|-heal|p1a: Kommo-o|43/100|[from] item: Leftovers
|upkeep
|turn|12
|
|t:|1779593312
|move|p1a: Kommo-o|Substitute|p1a: Kommo-o
|-start|p1a: Kommo-o|Substitute
|-damage|p1a: Kommo-o|18/100
|move|p2a: Pecharunt|Shadow Ball|p1a: Kommo-o
|-activate|p1a: Kommo-o|move: Substitute|[damage]
|
|-heal|p1a: Kommo-o|24/100|[from] item: Leftovers
|upkeep
|turn|13
|
|t:|1779593327
|move|p1a: Kommo-o|Shadow Claw|p2a: Pecharunt
|-supereffective|p2a: Pecharunt
|-damage|p2a: Pecharunt|50/100
|move|p2a: Pecharunt|Shadow Ball|p1a: Kommo-o
|-end|p1a: Kommo-o|Substitute
|
|-heal|p1a: Kommo-o|30/100|[from] item: Leftovers
|upkeep
|turn|14
|
|t:|1779593337
|move|p1a: Kommo-o|Shadow Claw|p2a: Pecharunt
|-supereffective|p2a: Pecharunt
|-damage|p2a: Pecharunt|25/100
|move|p2a: Pecharunt|Recover|p2a: Pecharunt
|-heal|p2a: Pecharunt|75/100
|
|-heal|p1a: Kommo-o|36/100|[from] item: Leftovers
|upkeep
|turn|15
|
|t:|1779593359
|move|p1a: Kommo-o|Shadow Claw|p2a: Pecharunt
|-supereffective|p2a: Pecharunt
|-damage|p2a: Pecharunt|51/100
|move|p2a: Pecharunt|Shadow Ball|p1a: Kommo-o
|-damage|p1a: Kommo-o|21/100
|-unboost|p1a: Kommo-o|spd|1
|
|-heal|p1a: Kommo-o|27/100|[from] item: Leftovers
|upkeep
|turn|16
|
|t:|1779593370
|move|p1a: Kommo-o|Shadow Claw|p2a: Pecharunt
|-supereffective|p2a: Pecharunt
|-crit|p2a: Pecharunt
|-damage|p2a: Pecharunt|14/100
|move|p2a: Pecharunt|Shadow Ball|p1a: Kommo-o
|-damage|p1a: Kommo-o|3/100
|-unboost|p1a: Kommo-o|spd|1
|
|-heal|p1a: Kommo-o|9/100|[from] item: Leftovers
|upkeep
|turn|17
|
|t:|1779593384
|switch|p2a: Skarmory|Skarmory, F|1/100
|move|p1a: Kommo-o|Shadow Claw|p2a: Skarmory
|-damage|p2a: Skarmory|0 fnt
|faint|p2a: Skarmory
|
|-heal|p1a: Kommo-o|16/100|[from] item: Leftovers
|upkeep
|
|t:|1779593392
|switch|p2a: Ogerpon|Ogerpon, F|100/100
|turn|18
|
|t:|1779593397
|-terastallize|p2a: Ogerpon|Grass
|detailschange|p2a: Ogerpon|Ogerpon-Teal-Tera, F, tera:Grass
|-ability|p2a: Ogerpon|Embody Aspect (Teal)|boost
|-boost|p2a: Ogerpon|spe|1
|move|p2a: Ogerpon|U-turn|p1a: Kommo-o
|-resisted|p1a: Kommo-o
|-damage|p1a: Kommo-o|8/100
|
|t:|1779593406
|switch|p2a: Pecharunt|Pecharunt|14/100|[from] U-turn
|move|p1a: Kommo-o|Drain Punch|p2a: Pecharunt
|-immune|p2a: Pecharunt
|
|-heal|p1a: Kommo-o|15/100|[from] item: Leftovers
|upkeep
|turn|19
|
|t:|1779593414
|move|p1a: Kommo-o|Shadow Claw|p2a: Pecharunt
|-supereffective|p2a: Pecharunt
|-damage|p2a: Pecharunt|0 fnt
|faint|p2a: Pecharunt
|
|-heal|p1a: Kommo-o|21/100|[from] item: Leftovers
|upkeep
|
|t:|1779593423
|switch|p2a: Ogerpon|Ogerpon-Teal-Tera, F, tera:Grass|100/100
|-ability|p2a: Ogerpon|Embody Aspect (Teal)|boost
|-boost|p2a: Ogerpon|spe|1
|turn|20
|
|t:|1779593430
|move|p2a: Ogerpon|Ivy Cudgel|p1a: Kommo-o
|-resisted|p1a: Kommo-o
|-damage|p1a: Kommo-o|2/100
|move|p1a: Kommo-o|Drain Punch|p2a: Ogerpon
|-damage|p2a: Ogerpon|50/100
|-heal|p1a: Kommo-o|24/100|[from] drain|[of] p2a: Ogerpon
|
|-heal|p1a: Kommo-o|31/100|[from] item: Leftovers
|upkeep
|turn|21
|
|t:|1779593439
|move|p2a: Ogerpon|Knock Off|p1a: Kommo-o
|-resisted|p1a: Kommo-o
|-crit|p1a: Kommo-o
|-damage|p1a: Kommo-o|11/100
|-enditem|p1a: Kommo-o|Leftovers|[from] move: Knock Off|[of] p2a: Ogerpon
|move|p1a: Kommo-o|Drain Punch|p2a: Ogerpon
|-damage|p2a: Ogerpon|0 fnt
|-heal|p1a: Kommo-o|32/100|[from] drain|[of] p2a: Ogerpon
|faint|p2a: Ogerpon
|detailschange|p2: Ogerpon|Ogerpon, F|[silent]
|
|upkeep
|-message|Mcalmic forfeited.
|
|win|Hihealtfu
|raw|Hihealtfu's rating: 1174 &rarr; <strong>1203</strong><br />(+29 for winning)
|raw|Mcalmic's rating: 1236 &rarr; <strong>1207</strong><br />(-29 for losing)
|l|☆Mcalmic
|player|p2|
