|j|☆Apollo62
|j|‽Taidar04ka
|t:|1779627137
|gametype|singles
|player|p1|Apollo62|red|1232
|player|p2|Taidar04ka|pokekid|1198
|gen|9
|tier|[Gen 9] OU
|rated|
|rule|HP Percentage Mod: HP is shown in percentages
|rule|Endless Battle Clause: Forcing endless battles is banned
|rule|Species Clause: Limit one of each Pokémon
|rule|OHKO Clause: OHKO moves are banned
|rule|Evasion Items Clause: Evasion items are banned
|rule|Evasion Moves Clause: Evasion moves are banned
|rule|Evasion Abilities Clause: Evasion abilities are banned
|rule|Sleep Moves Clause: Sleep-inducing moves are banned
|clearpoke
|poke|p1|Clodsire, F|
|poke|p1|Garganacl, F|
|poke|p1|Orthworm, F|
|poke|p1|Toxapex, M|
|poke|p1|Gliscor, M|
|poke|p1|Dondozo, M|
|poke|p2|Clodsire, F|
|poke|p2|Dondozo, M|
|poke|p2|Alomomola, F|
|poke|p2|Talonflame, M|
|poke|p2|Toxapex, F|
|poke|p2|Blissey, F|
|teampreview
|
|t:|1779627156
|teamsize|p1|6
|teamsize|p2|6
|start
|switch|p1a: Clodsire|Clodsire, F|100/100
|switch|p2a: Blissey|Blissey, F|100/100
|turn|1
|
|t:|1779627176
|switch|p2a: Dondozo|Dondozo, M|100/100
|move|p1a: Clodsire|Toxic|p2a: Dondozo
|-status|p2a: Dondozo|tox
|
|-damage|p2a: Dondozo|94/100 tox|[from] psn
|upkeep
|turn|2
|
|t:|1779627185
|move|p2a: Dondozo|Liquidation|p1a: Clodsire
|-immune|p1a: Clodsire|[from] ability: Water Absorb
|move|p1a: Clodsire|Recover||[still]
|-fail|p1a: Clodsire|heal
|
|-damage|p2a: Dondozo|82/100 tox|[from] psn
|upkeep
|turn|3
|
|t:|1779627200
|switch|p2a: Toxapex|Toxapex, F|100/100
|move|p1a: Clodsire|Toxic|p2a: Toxapex
|-immune|p2a: Toxapex
|
|upkeep
|turn|4
|
|t:|1779627208
|move|p2a: Toxapex|Infestation|p1a: Clodsire
|-resisted|p1a: Clodsire
|-damage|p1a: Clodsire|99/100
|-activate|p1a: Clodsire|move: Infestation|[of] p2a: Toxapex
|move|p1a: Clodsire|Earthquake|p2a: Toxapex
|-supereffective|p2a: Toxapex
|-damage|p2a: Toxapex|64/100
|
|-heal|p1a: Clodsire|100/100|[from] item: Black Sludge
|-damage|p1a: Clodsire|88/100|[from] move: Infestation|[partiallytrapped]
|upkeep
|turn|5
|
|t:|1779627219
|move|p2a: Toxapex|Recover|p2a: Toxapex
|-heal|p2a: Toxapex|100/100
|move|p1a: Clodsire|Earthquake|p2a: Toxapex
|-supereffective|p2a: Toxapex
|-damage|p2a: Toxapex|64/100
|
|-heal|p1a: Clodsire|94/100|[from] item: Black Sludge
|-damage|p1a: Clodsire|82/100|[from] move: Infestation|[partiallytrapped]
|upkeep
|turn|6
|
|t:|1779627238
|switch|p2a: Talonflame|Talonflame, M|100/100
|move|p1a: Clodsire|Earthquake|p2a: Talonflame
|-immune|p2a: Talonflame
|
|-heal|p1a: Clodsire|88/100|[from] item: Black Sludge
|-end|p1a: Clodsire|Infestation|[partiallytrapped]|[silent]
|upkeep
|turn|7
|
|t:|1779627251
|move|p2a: Talonflame|Will-O-Wisp|p1a: Clodsire
|-status|p1a: Clodsire|brn
|move|p1a: Clodsire|Toxic|p2a: Talonflame
|-status|p2a: Talonflame|tox
|
|-heal|p1a: Clodsire|94/100 brn|[from] item: Black Sludge
|-damage|p2a: Talonflame|94/100 tox|[from] psn
|-damage|p1a: Clodsire|88/100 brn|[from] brn
|upkeep
|turn|8
|
|t:|1779627285
|switch|p2a: Dondozo|Dondozo, M|82/100 tox
|move|p1a: Clodsire|Recover|p1a: Clodsire
|-heal|p1a: Clodsire|100/100 brn
|
|-damage|p2a: Dondozo|76/100 tox|[from] psn
|-damage|p1a: Clodsire|94/100 brn|[from] brn
|upkeep
|turn|9
|
|t:|1779627309
|move|p2a: Dondozo|Body Press|p1a: Clodsire
|-resisted|p1a: Clodsire
|-damage|p1a: Clodsire|80/100 brn
|move|p1a: Clodsire|Toxic|p2a: Dondozo
|-fail|p2a: Dondozo|tox
|
|-heal|p1a: Clodsire|86/100 brn|[from] item: Black Sludge
|-damage|p2a: Dondozo|64/100 tox|[from] psn
|-damage|p1a: Clodsire|80/100 brn|[from] brn
|upkeep
|turn|10
|
|t:|1779627320
|move|p2a: Dondozo|Body Press|p1a: Clodsire
|-resisted|p1a: Clodsire
|-damage|p1a: Clodsire|66/100 brn
|move|p1a: Clodsire|Recover|p1a: Clodsire
|-heal|p1a: Clodsire|100/100 brn
|
|-damage|p2a: Dondozo|45/100 tox|[from] psn
|-damage|p1a: Clodsire|94/100 brn|[from] brn
|upkeep
|turn|11
|
|t:|1779627331
|move|p2a: Dondozo|Rest|p2a: Dondozo
|-status|p2a: Dondozo|slp|[from] move: Rest
|-heal|p2a: Dondozo|100/100 slp|[silent]
|move|p1a: Clodsire|Toxic||[still]
|-fail|p1a: Clodsire
|
|-heal|p1a: Clodsire|100/100 brn|[from] item: Black Sludge
|-damage|p1a: Clodsire|94/100 brn|[from] brn
|upkeep
|turn|12
|
|t:|1779627367
|switch|p1a: Orthworm|Orthworm, F|100/100
|cant|p2a: Dondozo|slp
|move|p2a: Dondozo|Sleep Talk|p2a: Dondozo
|move|p2a: Dondozo|Body Press|p1a: Orthworm|[from] move: Sleep Talk
|-supereffective|p1a: Orthworm
|-damage|p1a: Orthworm|57/100
|
|-heal|p1a: Orthworm|63/100|[from] item: Leftovers
|upkeep
|turn|13
|
|t:|1779627389
|switch|p2a: Clodsire|Clodsire, F|100/100
|move|p1a: Orthworm|Stealth Rock|p2a: Clodsire
|-sidestart|p2: Taidar04ka|move: Stealth Rock
|
|-heal|p1a: Orthworm|69/100|[from] item: Leftovers
|upkeep
|turn|14
|
|t:|1779627400
|move|p1a: Orthworm|Earthquake|p2a: Clodsire
|-supereffective|p2a: Clodsire
|-damage|p2a: Clodsire|46/100
|move|p2a: Clodsire|Earthquake|p1a: Orthworm
|-heal|p1a: Orthworm|94/100|[from] ability: Earth Eater|[of] p2a: Clodsire
|
|-heal|p1a: Orthworm|99/100|[from] item: Leftovers
|upkeep
|turn|15
|
|t:|1779627414
|switch|p2a: Talonflame|Talonflame, M|94/100 tox
|move|p1a: Orthworm|Earthquake|p2a: Talonflame
|-immune|p2a: Talonflame
|
|-heal|p1a: Orthworm|100/100|[from] item: Leftovers
|-damage|p2a: Talonflame|88/100 tox|[from] psn
|upkeep
|turn|16
|
|t:|1779627425
|switch|p1a: Clodsire|Clodsire, F|94/100 brn
|move|p2a: Talonflame|Will-O-Wisp|p1a: Clodsire
|-fail|p1a: Clodsire|brn
|
|-heal|p1a: Clodsire|100/100 brn|[from] item: Black Sludge
|-damage|p2a: Talonflame|76/100 tox|[from] psn
|-damage|p1a: Clodsire|94/100 brn|[from] brn
|upkeep
|turn|17
|
|t:|1779627443
|move|p2a: Talonflame|Flamethrower|p1a: Clodsire
|-damage|p1a: Clodsire|78/100 brn
|move|p1a: Clodsire|Toxic|p2a: Talonflame
|-fail|p2a: Talonflame|tox
|
|-heal|p1a: Clodsire|84/100 brn|[from] item: Black Sludge
|-damage|p2a: Talonflame|58/100 tox|[from] psn
|-damage|p1a: Clodsire|78/100 brn|[from] brn
|upkeep
|turn|18
|
|t:|1779627454
|move|p2a: Talonflame|Flamethrower|p1a: Clodsire
|-damage|p1a: Clodsire|62/100 brn
|move|p1a: Clodsire|Recover|p1a: Clodsire
|-heal|p1a: Clodsire|100/100 brn
|
|-damage|p2a: Talonflame|33/100 tox|[from] psn
|-damage|p1a: Clodsire|94/100 brn|[from] brn
|upkeep
|turn|19
|
|t:|1779627468
|move|p2a: Talonflame|Roost|p2a: Talonflame
|-heal|p2a: Talonflame|83/100 tox
|-singleturn|p2a: Talonflame|move: Roost
|move|p1a: Clodsire|Toxic|p2a: Talonflame
|-fail|p2a: Talonflame|tox
|
|-heal|p1a: Clodsire|100/100 brn|[from] item: Black Sludge
|-damage|p2a: Talonflame|53/100 tox|[from] psn
|-damage|p1a: Clodsire|94/100 brn|[from] brn
|upkeep
|turn|20
|
|t:|1779627481
|move|p2a: Talonflame|Roost|p2a: Talonflame
|-heal|p2a: Talonflame|100/100 tox
|-singleturn|p2a: Talonflame|move: Roost
|move|p1a: Clodsire|Recover|p1a: Clodsire
|-heal|p1a: Clodsire|100/100 brn
|
|-damage|p2a: Talonflame|64/100 tox|[from] psn
|-damage|p1a: Clodsire|94/100 brn|[from] brn
|upkeep
|turn|21
|
|t:|1779627509
|switch|p2a: Alomomola|Alomomola, F|100/100
|move|p1a: Clodsire|Toxic|p2a: Alomomola
|-status|p2a: Alomomola|tox
|
|-heal|p1a: Clodsire|100/100 brn|[from] item: Black Sludge
|-damage|p2a: Alomomola|94/100 tox|[from] psn
|-damage|p1a: Clodsire|94/100 brn|[from] brn
|upkeep
|turn|22
|inactive|Battle timer is ON: inactive players will automatically lose when time's up. (requested by Taidar04ka)
|
|t:|1779627520
|move|p2a: Alomomola|Wish|p2a: Alomomola
|move|p1a: Clodsire|Earthquake|p2a: Alomomola
|-damage|p2a: Alomomola|86/100 tox
|
|-heal|p1a: Clodsire|100/100 brn|[from] item: Black Sludge
|-damage|p2a: Alomomola|74/100 tox|[from] psn
|-damage|p1a: Clodsire|94/100 brn|[from] brn
|upkeep
|turn|23
|
|t:|1779627543
|switch|p1a: Toxapex|Toxapex, M|100/100
|move|p2a: Alomomola|Protect||[still]
|-fail|p2a: Alomomola
|
|-heal|p2a: Alomomola|100/100 tox|[from] move: Wish|[wisher] Alomomola
|-damage|p2a: Alomomola|82/100 tox|[from] psn
|upkeep
|turn|24
|
|t:|1779627555
|move|p2a: Alomomola|Whirlpool|p1a: Toxapex
|-resisted|p1a: Toxapex
|-crit|p1a: Toxapex
|-damage|p1a: Toxapex|97/100
|-activate|p1a: Toxapex|move: Whirlpool|[of] p2a: Alomomola
|move|p1a: Toxapex|Ice Beam|p2a: Alomomola
|-resisted|p2a: Alomomola
|-damage|p2a: Alomomola|74/100 tox
|
|-heal|p1a: Toxapex|100/100|[from] item: Black Sludge
|-damage|p2a: Alomomola|50/100 tox|[from] psn
|-damage|p1a: Toxapex|88/100|[from] move: Whirlpool|[partiallytrapped]
|upkeep
|turn|25
|
|t:|1779627575
|switch|p2a: Clodsire|Clodsire, F|46/100
|move|p1a: Toxapex|Ice Beam|p2a: Clodsire
|-supereffective|p2a: Clodsire
|-damage|p2a: Clodsire|32/100
|
|-heal|p1a: Toxapex|94/100|[from] item: Black Sludge
|-end|p1a: Toxapex|Whirlpool|[partiallytrapped]|[silent]
|upkeep
|turn|26
|
|t:|1779627584
|move|p1a: Toxapex|Ice Beam|p2a: Clodsire
|-supereffective|p2a: Clodsire
|-damage|p2a: Clodsire|18/100
|move|p2a: Clodsire|Recover|p2a: Clodsire
|-heal|p2a: Clodsire|68/100
|
|-heal|p1a: Toxapex|100/100|[from] item: Black Sludge
|upkeep
|turn|27
|
|t:|1779627593
|switch|p1a: Orthworm|Orthworm, F|100/100
|move|p2a: Clodsire|Recover|p2a: Clodsire
|-heal|p2a: Clodsire|100/100
|
|upkeep
|turn|28
|
|t:|1779627610
|switch|p2a: Toxapex|Toxapex, F|98/100
|move|p1a: Orthworm|Coil|p1a: Orthworm
|-boost|p1a: Orthworm|atk|1
|-boost|p1a: Orthworm|def|1
|-boost|p1a: Orthworm|accuracy|1
|
|upkeep
|turn|29
|
|t:|1779627619
|move|p1a: Orthworm|Earthquake|p2a: Toxapex
|-supereffective|p2a: Toxapex
|-damage|p2a: Toxapex|54/100
|move|p2a: Toxapex|Haze|p2a: Toxapex
|-clearallboost
|
|upkeep
|turn|30
|
|t:|1779627627
|switch|p2a: Talonflame|Talonflame, M|64/100 tox
|move|p1a: Orthworm|Earthquake|p2a: Talonflame
|-immune|p2a: Talonflame
|
|-damage|p2a: Talonflame|58/100 tox|[from] psn
|upkeep
|turn|31
|
|t:|1779627638
|switch|p1a: Clodsire|Clodsire, F|94/100 brn
|move|p2a: Talonflame|Flamethrower|p1a: Clodsire
|-damage|p1a: Clodsire|79/100 brn
|
|-heal|p1a: Clodsire|86/100 brn|[from] item: Black Sludge
|-damage|p2a: Talonflame|45/100 tox|[from] psn
|-damage|p1a: Clodsire|79/100 brn|[from] brn
|upkeep
|turn|32
|
|t:|1779627658
|move|p2a: Talonflame|Roost|p2a: Talonflame
|-heal|p2a: Talonflame|95/100 tox
|-singleturn|p2a: Talonflame|move: Roost
|move|p1a: Clodsire|Earthquake|p2a: Talonflame
|-supereffective|p2a: Talonflame
|-damage|p2a: Talonflame|67/100 tox
|
|-heal|p1a: Clodsire|86/100 brn|[from] item: Black Sludge
|-damage|p2a: Talonflame|49/100 tox|[from] psn
|-damage|p1a: Clodsire|79/100 brn|[from] brn
|upkeep
|turn|33
|
|t:|1779627685
|switch|p2a: Dondozo|Dondozo, M|100/100 slp
|move|p1a: Clodsire|Earthquake|p2a: Dondozo
|-damage|p2a: Dondozo|94/100 slp
|
|-heal|p1a: Clodsire|86/100 brn|[from] item: Black Sludge
|-damage|p1a: Clodsire|79/100 brn|[from] brn
|upkeep
|turn|34
|
|t:|1779627695
|cant|p2a: Dondozo|slp
|move|p2a: Dondozo|Sleep Talk|p2a: Dondozo
|move|p2a: Dondozo|Liquidation|p1a: Clodsire|[from] move: Sleep Talk
|-heal|p1a: Clodsire|100/100 brn|[from] ability: Water Absorb|[of] p2a: Dondozo
|move|p1a: Clodsire|Toxic||[still]
|-fail|p1a: Clodsire
|
|-damage|p1a: Clodsire|94/100 brn|[from] brn
|upkeep
|turn|35
|
|t:|1779627707
|-curestatus|p2a: Dondozo|slp|[msg]
|move|p2a: Dondozo|Sleep Talk||[still]
|-fail|p2a: Dondozo
|move|p1a: Clodsire|Toxic|p2a: Dondozo
|-status|p2a: Dondozo|tox
|
|-heal|p1a: Clodsire|100/100 brn|[from] item: Black Sludge
|-damage|p2a: Dondozo|88/100 tox|[from] psn
|-damage|p1a: Clodsire|94/100 brn|[from] brn
|upkeep
|turn|36
|inactive|Apollo62 has 120 seconds left.
|
|t:|1779627756
|move|p2a: Dondozo|Body Press|p1a: Clodsire
|-resisted|p1a: Clodsire
|-damage|p1a: Clodsire|80/100 brn
|move|p1a: Clodsire|Earthquake|p2a: Dondozo
|-damage|p2a: Dondozo|81/100 tox
|
|-heal|p1a: Clodsire|86/100 brn|[from] item: Black Sludge
|-damage|p2a: Dondozo|68/100 tox|[from] psn
|-damage|p1a: Clodsire|80/100 brn|[from] brn
|upkeep
|turn|37
|
|t:|1779627774
|switch|p2a: Alomomola|Alomomola, F|83/100 tox
|move|p1a: Clodsire|Protect||[still]
|-fail|p1a: Clodsire
|
|-heal|p1a: Clodsire|86/100 brn|[from] item: Black Sludge
|-damage|p2a: Alomomola|77/100 tox|[from] psn
|-damage|p1a: Clodsire|80/100 brn|[from] brn
|upkeep
|turn|38
|
|t:|1779627791
|switch|p1a: Dondozo|Dondozo, M|100/100
|move|p2a: Alomomola|Wish|p2a: Alomomola
|
|-damage|p2a: Alomomola|64/100 tox|[from] psn
|upkeep
|turn|39
|
|t:|1779627801
|switch|p2a: Talonflame|Talonflame, M|49/100 tox
|move|p1a: Dondozo|Body Slam|p2a: Talonflame
|-damage|p2a: Talonflame|25/100 tox
|
|-heal|p2a: Talonflame|99/100 tox|[from] move: Wish|[wisher] Alomomola
|-damage|p2a: Talonflame|94/100 tox|[from] psn
|upkeep
|turn|40
|inactive|Apollo62 has 90 seconds left.
|
|t:|1779627822
|switch|p2a: Blissey|Blissey, F|100/100
|move|p1a: Dondozo|Order Up|p2a: Blissey
|-damage|p2a: Blissey|59/100
|
|upkeep
|turn|41
|
|t:|1779627831
|move|p2a: Blissey|Soft-Boiled|p2a: Blissey
|-heal|p2a: Blissey|100/100
|move|p1a: Dondozo|Body Slam|p2a: Blissey
|-damage|p2a: Blissey|56/100
|
|upkeep
|turn|42
|
|t:|1779627839
|move|p2a: Blissey|Seismic Toss|p1a: Dondozo
|-damage|p1a: Dondozo|80/100
|move|p1a: Dondozo|Wave Crash|p2a: Blissey
|-damage|p2a: Blissey|0 fnt
|faint|p2a: Blissey
|-damage|p1a: Dondozo|53/100|[from] Recoil
|
|-heal|p1a: Dondozo|59/100|[from] item: Leftovers
|upkeep
|
|t:|1779627853
|switch|p2a: Toxapex|Toxapex, F|87/100
|turn|43
|
|t:|1779627857
|move|p1a: Dondozo|Earthquake|p2a: Toxapex
|-supereffective|p2a: Toxapex
|-damage|p2a: Toxapex|56/100
|move|p2a: Toxapex|Toxic|p1a: Dondozo
|-status|p1a: Dondozo|tox
|
|-heal|p1a: Dondozo|65/100 tox|[from] item: Leftovers
|-damage|p1a: Dondozo|59/100 tox|[from] psn
|upkeep
|turn|44
|inactive|Apollo62 has 120 seconds left.
|
|t:|1779627869
|switch|p1a: Orthworm|Orthworm, F|100/100
|move|p2a: Toxapex|Recover|p2a: Toxapex
|-heal|p2a: Toxapex|100/100
|
|upkeep
|turn|45
|inactive|Apollo62 has 120 seconds left.
|
|t:|1779627881
|move|p1a: Orthworm|Iron Head|p2a: Toxapex
|-resisted|p2a: Toxapex
|-damage|p2a: Toxapex|92/100
|move|p2a: Toxapex|Infestation|p1a: Orthworm
|-resisted|p1a: Orthworm
|-damage|p1a: Orthworm|98/100
|-activate|p1a: Orthworm|move: Infestation|[of] p2a: Toxapex
|
|-heal|p1a: Orthworm|100/100|[from] item: Leftovers
|-damage|p1a: Orthworm|88/100|[from] move: Infestation|[partiallytrapped]
|upkeep
|turn|46
|inactive|Apollo62 has 120 seconds left.
|
|t:|1779627894
|move|p1a: Orthworm|Earthquake|p2a: Toxapex
|-supereffective|p2a: Toxapex
|-damage|p2a: Toxapex|64/100
|move|p2a: Toxapex|Infestation|p1a: Orthworm
|-resisted|p1a: Orthworm
|-damage|p1a: Orthworm|85/100
|
|-heal|p1a: Orthworm|91/100|[from] item: Leftovers
|-damage|p1a: Orthworm|79/100|[from] move: Infestation|[partiallytrapped]
|upkeep
|turn|47
|inactive|Apollo62 has 120 seconds left.
|
|t:|1779627904
|move|p1a: Orthworm|Coil|p1a: Orthworm
|-boost|p1a: Orthworm|atk|1
|-boost|p1a: Orthworm|def|1
|-boost|p1a: Orthworm|accuracy|1
|move|p2a: Toxapex|Recover|p2a: Toxapex
|-heal|p2a: Toxapex|100/100
|
|-heal|p1a: Orthworm|85/100|[from] item: Leftovers
|-damage|p1a: Orthworm|73/100|[from] move: Infestation|[partiallytrapped]
|upkeep
|turn|48
|inactive|Apollo62 has 120 seconds left.
|
|t:|1779627915
|move|p1a: Orthworm|Coil|p1a: Orthworm
|-boost|p1a: Orthworm|atk|1
|-boost|p1a: Orthworm|def|1
|-boost|p1a: Orthworm|accuracy|1
|move|p2a: Toxapex|Haze|p2a: Toxapex
|-clearallboost
|
|-heal|p1a: Orthworm|79/100|[from] item: Leftovers
|-damage|p1a: Orthworm|66/100|[from] move: Infestation|[partiallytrapped]
|upkeep
|turn|49
|inactive|Apollo62 has 120 seconds left.
|
|t:|1779627930
|move|p1a: Orthworm|Coil|p1a: Orthworm
|-boost|p1a: Orthworm|atk|1
|-boost|p1a: Orthworm|def|1
|-boost|p1a: Orthworm|accuracy|1
|move|p2a: Toxapex|Infestation|p1a: Orthworm
|-resisted|p1a: Orthworm
|-damage|p1a: Orthworm|64/100
|
|-heal|p1a: Orthworm|70/100|[from] item: Leftovers
|-end|p1a: Orthworm|Infestation|[partiallytrapped]
|upkeep
|turn|50
|
|t:|1779627940
|move|p1a: Orthworm|Earthquake|p2a: Toxapex
|-supereffective|p2a: Toxapex
|-damage|p2a: Toxapex|61/100
|move|p2a: Toxapex|Haze|p2a: Toxapex
|-clearallboost
|
|-heal|p1a: Orthworm|76/100|[from] item: Leftovers
|upkeep
|turn|51
|
|t:|1779627949
|move|p1a: Orthworm|Earthquake|p2a: Toxapex
|-supereffective|p2a: Toxapex
|-damage|p2a: Toxapex|34/100
|move|p2a: Toxapex|Recover|p2a: Toxapex
|-heal|p2a: Toxapex|84/100
|
|-heal|p1a: Orthworm|82/100|[from] item: Leftovers
|upkeep
|turn|52
|inactive|Apollo62 has 120 seconds left.
|
|t:|1779627958
|move|p1a: Orthworm|Coil|p1a: Orthworm
|-boost|p1a: Orthworm|atk|1
|-boost|p1a: Orthworm|def|1
|-boost|p1a: Orthworm|accuracy|1
|move|p2a: Toxapex|Infestation|p1a: Orthworm
|-resisted|p1a: Orthworm
|-damage|p1a: Orthworm|80/100
|-activate|p1a: Orthworm|move: Infestation|[of] p2a: Toxapex
|
|-heal|p1a: Orthworm|86/100|[from] item: Leftovers
|-damage|p1a: Orthworm|73/100|[from] move: Infestation|[partiallytrapped]
|upkeep
|turn|53
|inactive|Apollo62 has 120 seconds left.
|
|t:|1779627969
|move|p1a: Orthworm|Earthquake|p2a: Toxapex
|-supereffective|p2a: Toxapex
|-damage|p2a: Toxapex|45/100
|move|p2a: Toxapex|Haze|p2a: Toxapex
|-clearallboost
|
|-heal|p1a: Orthworm|79/100|[from] item: Leftovers
|-damage|p1a: Orthworm|67/100|[from] move: Infestation|[partiallytrapped]
|upkeep
|turn|54
|inactive|Apollo62 has 120 seconds left.
|
|t:|1779627982
|switch|p2a: Talonflame|Talonflame, M|94/100 tox
|move|p1a: Orthworm|Earthquake|p2a: Talonflame
|-immune|p2a: Talonflame
|
|-heal|p1a: Orthworm|73/100|[from] item: Leftovers
|-damage|p2a: Talonflame|87/100 tox|[from] psn
|-end|p1a: Orthworm|Infestation|[partiallytrapped]|[silent]
|upkeep
|turn|55
|inactive|Apollo62 has 120 seconds left.
|
|t:|1779627996
|switch|p1a: Dondozo|Dondozo, M|59/100 tox
|move|p2a: Talonflame|Will-O-Wisp||[still]
|-fail|p2a: Talonflame
|
|-heal|p1a: Dondozo|65/100 tox|[from] item: Leftovers
|-damage|p2a: Talonflame|75/100 tox|[from] psn
|-damage|p1a: Dondozo|59/100 tox|[from] psn
|upkeep
|turn|56
|inactive|Apollo62 has 120 seconds left.
|
|t:|1779628014
|switch|p2a: Alomomola|Alomomola, F|98/100 tox
|move|p1a: Dondozo|Wave Crash|p2a: Alomomola
|-resisted|p2a: Alomomola
|-damage|p2a: Alomomola|86/100 tox
|-damage|p1a: Dondozo|55/100 tox|[from] Recoil
|
|-heal|p1a: Dondozo|61/100 tox|[from] item: Leftovers
|-damage|p2a: Alomomola|79/100 tox|[from] psn
|-damage|p1a: Dondozo|48/100 tox|[from] psn
|upkeep
|turn|57
|inactive|Apollo62 has 120 seconds left.
|
|t:|1779628039
|switch|p1a: Toxapex|Toxapex, M|100/100
|move|p2a: Alomomola|Whirlpool|p1a: Toxapex
|-resisted|p1a: Toxapex
|-damage|p1a: Toxapex|98/100
|-activate|p1a: Toxapex|move: Whirlpool|[of] p2a: Alomomola
|
|-heal|p1a: Toxapex|100/100|[from] item: Black Sludge
|-damage|p2a: Alomomola|67/100 tox|[from] psn
|-damage|p1a: Toxapex|88/100|[from] move: Whirlpool|[partiallytrapped]
|upkeep
|turn|58
|
|t:|1779628053
|move|p2a: Alomomola|Wish|p2a: Alomomola
|move|p1a: Toxapex|Ice Beam|p2a: Alomomola
|-resisted|p2a: Alomomola
|-damage|p2a: Alomomola|59/100 tox
|
|-heal|p1a: Toxapex|94/100|[from] item: Black Sludge
|-damage|p2a: Alomomola|41/100 tox|[from] psn
|-damage|p1a: Toxapex|82/100|[from] move: Whirlpool|[partiallytrapped]
|upkeep
|turn|59
|
|t:|1779628065
|switch|p2a: Toxapex|Toxapex, F|78/100
|move|p1a: Toxapex|Ice Beam|p2a: Toxapex
|-resisted|p2a: Toxapex
|-damage|p2a: Toxapex|73/100
|-status|p2a: Toxapex|frz
|
|-heal|p2a: Toxapex|100/100 frz|[from] move: Wish|[wisher] Alomomola
|-heal|p1a: Toxapex|88/100|[from] item: Black Sludge
|-end|p1a: Toxapex|Whirlpool|[partiallytrapped]|[silent]
|upkeep
|turn|60
|
|t:|1779628079
|switch|p1a: Orthworm|Orthworm, F|73/100
|cant|p2a: Toxapex|frz
|
|-heal|p1a: Orthworm|79/100|[from] item: Leftovers
|upkeep
|turn|61
|
|t:|1779628088
|switch|p2a: Talonflame|Talonflame, M|75/100 tox
|move|p1a: Orthworm|Iron Head|p2a: Talonflame
|-resisted|p2a: Talonflame
|-crit|p2a: Talonflame
|-damage|p2a: Talonflame|55/100 tox
|
|-heal|p1a: Orthworm|85/100|[from] item: Leftovers
|-damage|p2a: Talonflame|49/100 tox|[from] psn
|upkeep
|turn|62
|inactive|Apollo62 has 120 seconds left.
|
|t:|1779628103
|switch|p1a: Dondozo|Dondozo, M|48/100 tox
|move|p2a: Talonflame|Roost|p2a: Talonflame
|-heal|p2a: Talonflame|99/100 tox
|-singleturn|p2a: Talonflame|move: Roost
|
|-heal|p1a: Dondozo|55/100 tox|[from] item: Leftovers
|-damage|p2a: Talonflame|86/100 tox|[from] psn
|-damage|p1a: Dondozo|48/100 tox|[from] psn
|upkeep
|turn|63
|
|t:|1779628123
|switch|p2a: Alomomola|Alomomola, F|74/100 tox
|move|p1a: Dondozo|Wave Crash|p2a: Alomomola
|-resisted|p2a: Alomomola
|-damage|p2a: Alomomola|63/100 tox
|-damage|p1a: Dondozo|44/100 tox|[from] Recoil
|
|-heal|p1a: Dondozo|50/100 tox|[from] item: Leftovers
|-damage|p2a: Alomomola|57/100 tox|[from] psn
|-damage|p1a: Dondozo|38/100 tox|[from] psn
|upkeep
|turn|64
|
|t:|1779628135
|switch|p1a: Clodsire|Clodsire, F|80/100 brn
|move|p2a: Alomomola|Wish|p2a: Alomomola
|
|-heal|p1a: Clodsire|86/100 brn|[from] item: Black Sludge
|-damage|p2a: Alomomola|44/100 tox|[from] psn
|-damage|p1a: Clodsire|80/100 brn|[from] brn
|upkeep
|turn|65
|
|t:|1779628146
|move|p2a: Alomomola|Protect|p2a: Alomomola
|-singleturn|p2a: Alomomola|Protect
|move|p1a: Clodsire|Earthquake|p2a: Alomomola
|-activate|p2a: Alomomola|move: Protect
|
|-heal|p2a: Alomomola|94/100 tox|[from] move: Wish|[wisher] Alomomola
|-heal|p1a: Clodsire|86/100 brn|[from] item: Black Sludge
|-damage|p2a: Alomomola|76/100 tox|[from] psn
|-damage|p1a: Clodsire|80/100 brn|[from] brn
|upkeep
|turn|66
|
|t:|1779628158
|switch|p2a: Talonflame|Talonflame, M|86/100 tox
|move|p1a: Clodsire|Earthquake|p2a: Talonflame
|-immune|p2a: Talonflame
|
|-heal|p1a: Clodsire|86/100 brn|[from] item: Black Sludge
|-damage|p2a: Talonflame|80/100 tox|[from] psn
|-damage|p1a: Clodsire|80/100 brn|[from] brn
|upkeep
|turn|67
|
|t:|1779628170
|move|p1a: Clodsire|Protect|p1a: Clodsire
|-singleturn|p1a: Clodsire|Protect
|move|p2a: Talonflame|Flamethrower|p1a: Clodsire
|-activate|p1a: Clodsire|move: Protect
|
|-heal|p1a: Clodsire|86/100 brn|[from] item: Black Sludge
|-damage|p2a: Talonflame|68/100 tox|[from] psn
|-damage|p1a: Clodsire|80/100 brn|[from] brn
|upkeep
|turn|68
|
|t:|1779628181
|move|p2a: Talonflame|Flamethrower|p1a: Clodsire
|-damage|p1a: Clodsire|63/100 brn
|move|p1a: Clodsire|Recover|p1a: Clodsire
|-heal|p1a: Clodsire|100/100 brn
|
|-damage|p2a: Talonflame|50/100 tox|[from] psn
|-damage|p1a: Clodsire|94/100 brn|[from] brn
|upkeep
|turn|69
|
|t:|1779628191
|switch|p2a: Alomomola|Alomomola, F|100/100 tox
|move|p1a: Clodsire|Earthquake|p2a: Alomomola
|-damage|p2a: Alomomola|93/100 tox
|
|-heal|p1a: Clodsire|100/100 brn|[from] item: Black Sludge
|-damage|p2a: Alomomola|87/100 tox|[from] psn
|-damage|p1a: Clodsire|94/100 brn|[from] brn
|upkeep
|turn|70
|
|t:|1779628203
|move|p2a: Alomomola|Wish|p2a: Alomomola
|move|p1a: Clodsire|Earthquake|p2a: Alomomola
|-damage|p2a: Alomomola|79/100 tox
|
|-heal|p1a: Clodsire|100/100 brn|[from] item: Black Sludge
|-damage|p2a: Alomomola|67/100 tox|[from] psn
|-damage|p1a: Clodsire|94/100 brn|[from] brn
|upkeep
|turn|71
|
|t:|1779628215
|switch|p2a: Talonflame|Talonflame, M|50/100 tox
|switch|p1a: Dondozo|Dondozo, M|38/100 tox
|
|-heal|p2a: Talonflame|100/100 tox|[from] move: Wish|[wisher] Alomomola
|-heal|p1a: Dondozo|44/100 tox|[from] item: Leftovers
|-damage|p2a: Talonflame|94/100 tox|[from] psn
|-damage|p1a: Dondozo|38/100 tox|[from] psn
|upkeep
|turn|72
|
|t:|1779628232
|switch|p2a: Alomomola|Alomomola, F|99/100 tox
|move|p1a: Dondozo|Wave Crash|p2a: Alomomola
|-resisted|p2a: Alomomola
|-damage|p2a: Alomomola|87/100 tox
|-damage|p1a: Dondozo|33/100 tox|[from] Recoil
|
|-heal|p1a: Dondozo|40/100 tox|[from] item: Leftovers
|-damage|p2a: Alomomola|81/100 tox|[from] psn
|-damage|p1a: Dondozo|27/100 tox|[from] psn
|upkeep
|turn|73
|
|t:|1779628259
|switch|p1a: Toxapex|Toxapex, M|100/100
|move|p2a: Alomomola|Wish|p2a: Alomomola
|
|-damage|p2a: Alomomola|69/100 tox|[from] psn
|upkeep
|turn|74
|
|t:|1779628268
|move|p2a: Alomomola|Whirlpool|p1a: Toxapex|[miss]
|-miss|p2a: Alomomola|p1a: Toxapex
|move|p1a: Toxapex|Ice Beam|p2a: Alomomola
|-resisted|p2a: Alomomola
|-damage|p2a: Alomomola|61/100 tox
|
|-heal|p2a: Alomomola|100/100 tox|[from] move: Wish|[wisher] Alomomola
|-damage|p2a: Alomomola|82/100 tox|[from] psn
|upkeep
|turn|75
|
|t:|1779628286
|move|p2a: Alomomola|Whirlpool|p1a: Toxapex
|-resisted|p1a: Toxapex
|-damage|p1a: Toxapex|98/100
|-activate|p1a: Toxapex|move: Whirlpool|[of] p2a: Alomomola
|move|p1a: Toxapex|Surf|p2a: Alomomola
|-resisted|p2a: Alomomola
|-damage|p2a: Alomomola|70/100 tox
|
|-heal|p1a: Toxapex|100/100|[from] item: Black Sludge
|-damage|p2a: Alomomola|45/100 tox|[from] psn
|-damage|p1a: Toxapex|88/100|[from] move: Whirlpool|[partiallytrapped]
|upkeep
|turn|76
|
|t:|1779628302
|switch|p2a: Clodsire|Clodsire, F|100/100
|move|p1a: Toxapex|Surf|p2a: Clodsire
|-supereffective|p2a: Clodsire
|-crit|p2a: Clodsire
|-damage|p2a: Clodsire|69/100
|
|-heal|p1a: Toxapex|94/100|[from] item: Black Sludge
|-end|p1a: Toxapex|Whirlpool|[partiallytrapped]|[silent]
|upkeep
|turn|77
|
|t:|1779628315
|move|p1a: Toxapex|Ice Beam|p2a: Clodsire
|-supereffective|p2a: Clodsire
|-damage|p2a: Clodsire|56/100
|move|p2a: Clodsire|Earthquake|p1a: Toxapex
|-supereffective|p1a: Toxapex
|-crit|p1a: Toxapex
|-damage|p1a: Toxapex|29/100
|
|-heal|p1a: Toxapex|35/100|[from] item: Black Sludge
|upkeep
|turn|78
|
|t:|1779628326
|switch|p1a: Orthworm|Orthworm, F|85/100
|move|p2a: Clodsire|Recover|p2a: Clodsire
|-heal|p2a: Clodsire|100/100
|
|-heal|p1a: Orthworm|91/100|[from] item: Leftovers
|upkeep
|turn|79
|
|t:|1779628345
|switch|p2a: Toxapex|Toxapex, F|100/100 frz
|move|p1a: Orthworm|Earthquake|p2a: Toxapex
|-supereffective|p2a: Toxapex
|-damage|p2a: Toxapex|73/100 frz
|
|-heal|p1a: Orthworm|97/100|[from] item: Leftovers
|upkeep
|turn|80
|
|t:|1779628354
|switch|p2a: Talonflame|Talonflame, M|94/100 tox
|move|p1a: Orthworm|Coil|p1a: Orthworm
|-boost|p1a: Orthworm|atk|1
|-boost|p1a: Orthworm|def|1
|-boost|p1a: Orthworm|accuracy|1
|
|-heal|p1a: Orthworm|100/100|[from] item: Leftovers
|-damage|p2a: Talonflame|88/100 tox|[from] psn
|upkeep
|turn|81
|
|t:|1779628379
|switch|p1a: Clodsire|Clodsire, F|94/100 brn
|move|p2a: Talonflame|Flamethrower|p1a: Clodsire
|-damage|p1a: Clodsire|78/100 brn
|
|-heal|p1a: Clodsire|84/100 brn|[from] item: Black Sludge
|-damage|p2a: Talonflame|76/100 tox|[from] psn
|-damage|p1a: Clodsire|78/100 brn|[from] brn
|upkeep
|turn|82
|
|t:|1779628391
|move|p1a: Clodsire|Protect|p1a: Clodsire
|-singleturn|p1a: Clodsire|Protect
|move|p2a: Talonflame|Flamethrower|p1a: Clodsire
|-activate|p1a: Clodsire|move: Protect
|
|-heal|p1a: Clodsire|84/100 brn|[from] item: Black Sludge
|-damage|p2a: Talonflame|58/100 tox|[from] psn
|-damage|p1a: Clodsire|78/100 brn|[from] brn
|upkeep
|turn|83
|
|t:|1779628408
|move|p1a: Clodsire|Protect||[still]
|-fail|p1a: Clodsire
|move|p2a: Talonflame|Roost|p2a: Talonflame
|-heal|p2a: Talonflame|100/100 tox
|-singleturn|p2a: Talonflame|move: Roost
|
|-heal|p1a: Clodsire|84/100 brn|[from] item: Black Sludge
|-damage|p2a: Talonflame|76/100 tox|[from] psn
|-damage|p1a: Clodsire|78/100 brn|[from] brn
|upkeep
|turn|84
|
|t:|1779628421
|switch|p2a: Toxapex|Toxapex, F|100/100 frz
|switch|p1a: Dondozo|Dondozo, M|27/100 tox
|
|-heal|p1a: Dondozo|33/100 tox|[from] item: Leftovers
|-damage|p1a: Dondozo|27/100 tox|[from] psn
|upkeep
|turn|85
|
|t:|1779628431
|move|p1a: Dondozo|Earthquake|p2a: Toxapex
|-supereffective|p2a: Toxapex
|-damage|p2a: Toxapex|68/100 frz
|-curestatus|p2a: Toxapex|frz|[msg]
|move|p2a: Toxapex|Infestation|p1a: Dondozo
|-damage|p1a: Dondozo|25/100 tox
|-activate|p1a: Dondozo|move: Infestation|[of] p2a: Toxapex
|
|-heal|p1a: Dondozo|31/100 tox|[from] item: Leftovers
|-damage|p1a: Dondozo|18/100 tox|[from] psn
|-damage|p1a: Dondozo|6/100 tox|[from] move: Infestation|[partiallytrapped]
|upkeep
|turn|86
|
|t:|1779628443
|move|p1a: Dondozo|Earthquake|p2a: Toxapex
|-supereffective|p2a: Toxapex
|-damage|p2a: Toxapex|40/100
|move|p2a: Toxapex|Recover|p2a: Toxapex
|-heal|p2a: Toxapex|90/100
|
|-heal|p1a: Dondozo|12/100 tox|[from] item: Leftovers
|-damage|p1a: Dondozo|0 fnt|[from] psn
|faint|p1a: Dondozo
|upkeep
|inactive|Apollo62 has 90 seconds left.
|
|t:|1779628461
|switch|p1a: Orthworm|Orthworm, F|100/100
|turn|87
|
|t:|1779628469
|move|p1a: Orthworm|Coil|p1a: Orthworm
|-boost|p1a: Orthworm|atk|1
|-boost|p1a: Orthworm|def|1
|-boost|p1a: Orthworm|accuracy|1
|move|p2a: Toxapex|Infestation|p1a: Orthworm
|-resisted|p1a: Orthworm
|-damage|p1a: Orthworm|98/100
|-activate|p1a: Orthworm|move: Infestation|[of] p2a: Toxapex
|
|-heal|p1a: Orthworm|100/100|[from] item: Leftovers
|-damage|p1a: Orthworm|88/100|[from] move: Infestation|[partiallytrapped]
|upkeep
|turn|88
|
|t:|1779628482
|switch|p2a: Talonflame|Talonflame, M|76/100 tox
|move|p1a: Orthworm|Earthquake|p2a: Talonflame
|-immune|p2a: Talonflame
|
|-heal|p1a: Orthworm|94/100|[from] item: Leftovers
|-damage|p2a: Talonflame|70/100 tox|[from] psn
|-end|p1a: Orthworm|Infestation|[partiallytrapped]|[silent]
|upkeep
|turn|89
|l|☆Apollo62
|inactive|Apollo62 disconnected and has a minute to reconnect!
|player|p1|
|j|☆Apollo62
|inactive|Apollo62 reconnected and has 70 seconds left.
|player|p1|Apollo62|red|
|
|t:|1779628525
|switch|p1a: Toxapex|Toxapex, M|68/100
|move|p2a: Talonflame|Flamethrower|p1a: Toxapex
|-resisted|p1a: Toxapex
|-damage|p1a: Toxapex|58/100
|
|-heal|p1a: Toxapex|64/100|[from] item: Black Sludge
|-damage|p2a: Talonflame|58/100 tox|[from] psn
|upkeep
|turn|90
|
|t:|1779628539
|switch|p2a: Alomomola|Alomomola, F|78/100 tox
|move|p1a: Toxapex|Surf|p2a: Alomomola
|-resisted|p2a: Alomomola
|-damage|p2a: Alomomola|67/100 tox
|
|-heal|p1a: Toxapex|71/100|[from] item: Black Sludge
|-damage|p2a: Alomomola|61/100 tox|[from] psn
|upkeep
|turn|91
|
|t:|1779628551
|move|p2a: Alomomola|Wish|p2a: Alomomola
|move|p1a: Toxapex|Surf|p2a: Alomomola
|-resisted|p2a: Alomomola
|-crit|p2a: Alomomola
|-damage|p2a: Alomomola|43/100 tox
|
|-heal|p1a: Toxapex|77/100|[from] item: Black Sludge
|-damage|p2a: Alomomola|31/100 tox|[from] psn
|upkeep
|turn|92
|
|t:|1779628565
|switch|p2a: Talonflame|Talonflame, M|58/100 tox
|move|p1a: Toxapex|Surf|p2a: Talonflame
|-supereffective|p2a: Talonflame
|-damage|p2a: Talonflame|11/100 tox
|
|-heal|p2a: Talonflame|85/100 tox|[from] move: Wish|[wisher] Alomomola
|-heal|p1a: Toxapex|83/100|[from] item: Black Sludge
|-damage|p2a: Talonflame|79/100 tox|[from] psn
|upkeep
|turn|93
|
|t:|1779628577
|switch|p2a: Clodsire|Clodsire, F|100/100
|move|p1a: Toxapex|Surf|p2a: Clodsire
|-supereffective|p2a: Clodsire
|-damage|p2a: Clodsire|79/100
|
|-heal|p1a: Toxapex|89/100|[from] item: Black Sludge
|upkeep
|turn|94
|
|t:|1779628593
|switch|p1a: Gliscor|Gliscor, M|100/100
|move|p2a: Clodsire|Earthquake|p1a: Gliscor
|-immune|p1a: Gliscor
|
|-status|p1a: Gliscor|tox|[from] item: Toxic Orb
|upkeep
|turn|95
|
|t:|1779628609
|switch|p2a: Alomomola|Alomomola, F|64/100 tox
|move|p1a: Gliscor|Earthquake|p2a: Alomomola
|-damage|p2a: Alomomola|40/100 tox
|
|-damage|p2a: Alomomola|34/100 tox|[from] psn
|upkeep
|turn|96
|
|t:|1779628623
|move|p1a: Gliscor|Knock Off|p2a: Alomomola
|-damage|p2a: Alomomola|19/100 tox
|-enditem|p2a: Alomomola|Heavy-Duty Boots|[from] move: Knock Off|[of] p1a: Gliscor
|move|p2a: Alomomola|Wish|p2a: Alomomola
|
|-damage|p2a: Alomomola|7/100 tox|[from] psn
|upkeep
|turn|97
|
|t:|1779628637
|move|p2a: Alomomola|Protect|p2a: Alomomola
|-singleturn|p2a: Alomomola|Protect
|move|p1a: Gliscor|Knock Off|p2a: Alomomola
|-activate|p2a: Alomomola|move: Protect
|
|-heal|p2a: Alomomola|57/100 tox|[from] move: Wish|[wisher] Alomomola
|-damage|p2a: Alomomola|38/100 tox|[from] psn
|upkeep
|turn|98
|
|t:|1779628653
|move|p1a: Gliscor|Earthquake|p2a: Alomomola
|-damage|p2a: Alomomola|15/100 tox
|move|p2a: Alomomola|Wish|p2a: Alomomola
|
|-damage|p2a: Alomomola|0 fnt|[from] psn
|faint|p2a: Alomomola
|upkeep
|
|t:|1779628661
|switch|p2a: Dondozo|Dondozo, M|68/100 tox
|turn|99
|inactive|Apollo62 has 60 seconds left.
|
|t:|1779628689
|switch|p1a: Toxapex|Toxapex, M|100/100
|move|p2a: Dondozo|Liquidation|p1a: Toxapex
|-resisted|p1a: Toxapex
|-damage|p1a: Toxapex|90/100
|-unboost|p1a: Toxapex|def|1
|
|-heal|p2a: Dondozo|100/100 tox|[from] move: Wish|[wisher] Alomomola
|-heal|p1a: Toxapex|96/100|[from] item: Black Sludge
|-damage|p2a: Dondozo|94/100 tox|[from] psn
|upkeep
|turn|100
|inactive|Apollo62 has 60 seconds left.
|
|t:|1779628705
|move|p2a: Dondozo|Body Press|p1a: Toxapex
|-resisted|p1a: Toxapex
|-damage|p1a: Toxapex|84/100
|move|p1a: Toxapex|Ice Beam|p2a: Dondozo
|-resisted|p2a: Dondozo
|-crit|p2a: Dondozo
|-damage|p2a: Dondozo|86/100 tox
|
|-heal|p1a: Toxapex|91/100|[from] item: Black Sludge
|-damage|p2a: Dondozo|74/100 tox|[from] psn
|upkeep
|turn|101
|inactive|Apollo62 has 30 seconds left.
|
|t:|1779628730
|move|p1a: Toxapex|Surf|p2a: Dondozo
|-resisted|p2a: Dondozo
|-damage|p2a: Dondozo|64/100 tox
|move|p2a: Dondozo|Body Press|p1a: Toxapex
|-resisted|p1a: Toxapex
|-crit|p1a: Toxapex
|-damage|p1a: Toxapex|74/100
|
|-heal|p1a: Toxapex|80/100|[from] item: Black Sludge
|-damage|p2a: Dondozo|46/100 tox|[from] psn
|upkeep
|turn|102
|inactive|Apollo62 has 30 seconds left.
|
|t:|1779628744
|move|p1a: Toxapex|Surf|p2a: Dondozo
|-resisted|p2a: Dondozo
|-damage|p2a: Dondozo|36/100 tox
|move|p2a: Dondozo|Rest|p2a: Dondozo
|-status|p2a: Dondozo|slp|[from] move: Rest
|-heal|p2a: Dondozo|100/100 slp|[silent]
|
|-heal|p1a: Toxapex|86/100|[from] item: Black Sludge
|upkeep
|turn|103
|inactive|Apollo62 has 30 seconds left this turn.
|inactive|Apollo62 has 20 seconds left.
|
|t:|1779628755
|switch|p1a: Gliscor|Gliscor, M|100/100 tox
|cant|p2a: Dondozo|slp
|move|p2a: Dondozo|Sleep Talk|p2a: Dondozo
|move|p2a: Dondozo|Liquidation|p1a: Gliscor|[from] move: Sleep Talk
|-supereffective|p1a: Gliscor
|-damage|p1a: Gliscor|41/100 tox
|
|-heal|p1a: Gliscor|53/100 tox|[from] ability: Poison Heal
|upkeep
|turn|104
|inactive|Apollo62 has 25 seconds left this turn.
|inactive|Apollo62 has 20 seconds left.
|inactive|Apollo62 has 15 seconds left.
|
|t:|1779628768
|move|p1a: Gliscor|Knock Off|p2a: Dondozo
|-damage|p2a: Dondozo|89/100 slp
|-enditem|p2a: Dondozo|Heavy-Duty Boots|[from] move: Knock Off|[of] p1a: Gliscor
|cant|p2a: Dondozo|slp
|move|p2a: Dondozo|Sleep Talk|p2a: Dondozo
|move|p2a: Dondozo|Body Press|p1a: Gliscor|[from] move: Sleep Talk
|-resisted|p1a: Gliscor
|-damage|p1a: Gliscor|39/100 tox
|
|-heal|p1a: Gliscor|51/100 tox|[from] ability: Poison Heal
|upkeep
|turn|105
|inactive|Apollo62 has 20 seconds left this turn.
|inactive|Apollo62 has 15 seconds left.
|inactive|Apollo62 has 10 seconds left.
|inactive|Apollo62 has 5 seconds left.
|
|t:|1779628784
|move|p1a: Gliscor|Protect|p1a: Gliscor
|-singleturn|p1a: Gliscor|Protect
|-curestatus|p2a: Dondozo|slp|[msg]
|move|p2a: Dondozo|Sleep Talk||[still]
|-fail|p2a: Dondozo
|
|-heal|p1a: Gliscor|64/100 tox|[from] ability: Poison Heal
|upkeep
|turn|106
|inactive|Apollo62 has 10 seconds left this turn.
|inactive|Apollo62 has 5 seconds left.
|-message|Apollo62 lost due to inactivity.
|
|win|Taidar04ka
|raw|Apollo62's rating: 1232 &rarr; <strong>1205</strong><br />(-27 for losing)
|raw|Taidar04ka's rating: 1198 &rarr; <strong>1225</strong><br />(+27 for winning)
|l|☆Apollo62
|player|p1|
