|j|☆Randomcan42
|j|‽benm4556
|t:|1779646539
|gametype|singles
|player|p1|Randomcan42|169|1378
|player|p2|benm4556|102|1344
|gen|9
|tier|[Gen 9] OU
|rated|
|rule|HP Percentage Mod: HP is shown in percentages
|rule|Endless Battle Clause: Forcing endless battles is banned
|rule|Species Clause: Limit one of each Pokémon
|rule|OHKO Clause: OHKO moves are banned
|rule|Evasion Items Clause: Evasion items are banned
|rule|Evasion Moves Clause: Evasion moves are banned
|rule|Evasion Abilities Clause: Evasion abilities are banned
|rule|Sleep Moves Clause: Sleep-inducing moves are banned
|clearpoke
|poke|p1|Kleavor, F|
|poke|p1|Alomomola, M|
|poke|p1|Pecharunt|
|poke|p1|Great Tusk|
|poke|p1|Dragapult, M|
|poke|p1|Pikachu, M|
|poke|p2|Glimmora, M|
|poke|p2|Cinderace, M|
|poke|p2|Dragapult, M|
|poke|p2|Great Tusk|
|poke|p2|Rillaboom, F|
|poke|p2|Hatterene, F|
|teampreview
|inactive|Battle timer is ON: inactive players will automatically lose when time's up. (requested by Randomcan42)
|
|t:|1779646559
|teamsize|p1|6
|teamsize|p2|6
|start
|switch|p1a: Great Tusk|Great Tusk|100/100
|switch|p2a: Glimmora|Glimmora, M|100/100
|turn|1
|
|t:|1779646567
|switch|p2a: Rillaboom|Rillaboom, F|100/100
|-fieldstart|move: Grassy Terrain|[from] ability: Grassy Surge|[of] p2a: Rillaboom
|move|p1a: Great Tusk|Earthquake|p2a: Rillaboom
|-resisted|p2a: Rillaboom
|-damage|p2a: Rillaboom|88/100
|
|-heal|p2a: Rillaboom|94/100|[from] Grassy Terrain
|upkeep
|turn|2
|
|t:|1779646577
|move|p2a: Rillaboom|Grassy Glide|p1a: Great Tusk
|-supereffective|p1a: Great Tusk
|-damage|p1a: Great Tusk|22/100
|move|p1a: Great Tusk|Ice Spinner|p2a: Rillaboom
|-supereffective|p2a: Rillaboom
|-crit|p2a: Rillaboom
|-damage|p2a: Rillaboom|4/100
|-fieldend|move: Grassy Terrain
|
|upkeep
|turn|3
|l|☆Randomcan42
|inactive|Randomcan42 disconnected and has a minute to reconnect!
|player|p1|
|j|☆Randomcan42
|inactive|Randomcan42 reconnected and has 140 seconds left.
|player|p1|Randomcan42|169|
|
|t:|1779646594
|switch|p2a: Cinderace|Cinderace, M|100/100
|-end|p1a: Great Tusk|Protosynthesis|[silent]
|switch|p1a: Alomomola|Alomomola, M|100/100
|
|upkeep
|turn|4
|
|t:|1779646600
|move|p2a: Cinderace|U-turn|p1a: Alomomola
|-start|p2a: Cinderace|typechange|Bug|[from] ability: Libero
|-damage|p1a: Alomomola|86/100
|-damage|p2a: Cinderace|84/100|[from] item: Rocky Helmet|[of] p1a: Alomomola
|l|☆Randomcan42
|inactive|Randomcan42 disconnected and has a minute to reconnect!
|player|p1|
|
|t:|1779646606
|switch|p2a: Glimmora|Glimmora, M|100/100|[from] U-turn
|move|p1a: Alomomola|Flip Turn|p2a: Glimmora
|-supereffective|p2a: Glimmora
|-damage|p2a: Glimmora|69/100
|-activate|p2a: Glimmora|ability: Toxic Debris
|-sidestart|p1: Randomcan42|move: Toxic Spikes
|j|☆Randomcan42
|inactive|Randomcan42 reconnected and has 140 seconds left.
|player|p1|Randomcan42|169|
|
|t:|1779646621
|switch|p1a: Pecharunt|Pecharunt|100/100|[from] Flip Turn
|-sideend|p1: Randomcan42|move: Toxic Spikes|[of] p1a: Pecharunt
|
|upkeep
|turn|5
|
|t:|1779646626
|move|p2a: Glimmora|Earth Power|p1a: Pecharunt
|-supereffective|p1a: Pecharunt
|-damage|p1a: Pecharunt|46/100
|move|p1a: Pecharunt|Shadow Ball|p2a: Glimmora
|-damage|p2a: Glimmora|40/100
|-unboost|p2a: Glimmora|spd|1
|
|upkeep
|turn|6
|
|t:|1779646633
|move|p2a: Glimmora|Earth Power|p1a: Pecharunt
|-supereffective|p1a: Pecharunt
|-damage|p1a: Pecharunt|0 fnt
|faint|p1a: Pecharunt
|
|upkeep
|
|t:|1779646642
|switch|p1a: Pikachu|Pikachu, M|100/100
|turn|7
|
|t:|1779646645
|move|p1a: Pikachu|Surf|p2a: Glimmora
|-supereffective|p2a: Glimmora
|-damage|p2a: Glimmora|0 fnt
|faint|p2a: Glimmora
|
|upkeep
|
|t:|1779646651
|switch|p2a: Rillaboom|Rillaboom, F|4/100
|-fieldstart|move: Grassy Terrain|[from] ability: Grassy Surge|[of] p2a: Rillaboom
|turn|8
|
|t:|1779646654
|switch|p1a: Alomomola|Alomomola, M|100/100
|move|p2a: Rillaboom|Grassy Glide|p1a: Alomomola
|-supereffective|p1a: Alomomola
|-damage|p1a: Alomomola|34/100
|-damage|p2a: Rillaboom|0 fnt|[from] item: Rocky Helmet|[of] p1a: Alomomola
|faint|p2a: Rillaboom
|
|-heal|p1a: Alomomola|40/100|[from] Grassy Terrain
|upkeep
|
|t:|1779646664
|switch|p2a: Dragapult|Dragapult, M|100/100
|turn|9
|
|t:|1779646668
|switch|p1a: Great Tusk|Great Tusk|22/100
|move|p2a: Dragapult|Thunder|p1a: Great Tusk
|-immune|p1a: Great Tusk
|
|-heal|p1a: Great Tusk|28/100|[from] Grassy Terrain
|upkeep
|turn|10
|
|t:|1779646677
|switch|p2a: Cinderace|Cinderace, M|84/100
|move|p1a: Great Tusk|Knock Off|p2a: Cinderace
|-damage|p2a: Cinderace|48/100
|-enditem|p2a: Cinderace|Heavy-Duty Boots|[from] move: Knock Off|[of] p1a: Great Tusk
|
|-heal|p2a: Cinderace|55/100|[from] Grassy Terrain
|-heal|p1a: Great Tusk|34/100|[from] Grassy Terrain
|upkeep
|turn|11
|
|t:|1779646685
|-end|p1a: Great Tusk|Protosynthesis|[silent]
|switch|p1a: Alomomola|Alomomola, M|73/100
|move|p2a: Cinderace|Pyro Ball|p1a: Alomomola
|-resisted|p1a: Alomomola
|-damage|p1a: Alomomola|60/100
|
|-heal|p2a: Cinderace|61/100|[from] Grassy Terrain
|-heal|p1a: Alomomola|66/100|[from] Grassy Terrain
|upkeep
|turn|12
|
|t:|1779646696
|switch|p2a: Dragapult|Dragapult, M|100/100
|move|p1a: Alomomola|Flip Turn|p2a: Dragapult
|-resisted|p2a: Dragapult
|-damage|p2a: Dragapult|90/100
|
|t:|1779646700
|switch|p1a: Great Tusk|Great Tusk|34/100|[from] Flip Turn
|
|-heal|p2a: Dragapult|96/100|[from] Grassy Terrain
|-heal|p1a: Great Tusk|40/100|[from] Grassy Terrain
|-fieldend|move: Grassy Terrain
|upkeep
|turn|13
|
|t:|1779646708
|move|p2a: Dragapult|Shadow Ball|p1a: Great Tusk
|-damage|p1a: Great Tusk|3/100
|move|p1a: Great Tusk|Knock Off|p2a: Dragapult
|-supereffective|p2a: Dragapult
|-damage|p2a: Dragapult|17/100
|-enditem|p2a: Dragapult|Choice Specs|[from] move: Knock Off|[of] p1a: Great Tusk
|
|upkeep
|turn|14
|
|t:|1779646715
|move|p2a: Dragapult|Shadow Ball|p1a: Great Tusk
|-damage|p1a: Great Tusk|0 fnt
|faint|p1a: Great Tusk
|-end|p1a: Great Tusk|Protosynthesis|[silent]
|
|upkeep
|
|t:|1779646717
|switch|p1a: Kleavor|Kleavor, F|100/100
|turn|15
|
|t:|1779646722
|move|p1a: Kleavor|Fury Cutter|p2a: Dragapult|[miss]
|-miss|p1a: Kleavor|p2a: Dragapult
|move|p2a: Dragapult|Hydro Pump|p1a: Kleavor
|-supereffective|p1a: Kleavor
|-damage|p1a: Kleavor|0 fnt
|faint|p1a: Kleavor
|
|upkeep
|
|t:|1779646731
|switch|p1a: Alomomola|Alomomola, M|99/100
|turn|16
|
|t:|1779646734
|move|p2a: Dragapult|Thunder|p1a: Alomomola
|-supereffective|p1a: Alomomola
|-damage|p1a: Alomomola|14/100
|-status|p1a: Alomomola|par
|cant|p1a: Alomomola|par
|
|upkeep
|turn|17
|c|☆Randomcan42|.....
|
|t:|1779646741
|move|p2a: Dragapult|Shadow Ball|p1a: Alomomola
|-damage|p1a: Alomomola|0 fnt
|faint|p1a: Alomomola
|
|upkeep
|
|t:|1779646743
|switch|p1a: Dragapult|Dragapult, M|100/100
|turn|18
|
|t:|1779646747
|move|p1a: Dragapult|U-turn|p2a: Dragapult
|-resisted|p2a: Dragapult
|-damage|p2a: Dragapult|0 fnt
|faint|p2a: Dragapult
|
|t:|1779646749
|switch|p1a: Pikachu|Pikachu, M|100/100|[from] U-turn
|
|upkeep
|
|t:|1779646753
|switch|p2a: Great Tusk|Great Tusk|100/100
|turn|19
|
|t:|1779646756
|move|p2a: Great Tusk|Headlong Rush|p1a: Pikachu
|-supereffective|p1a: Pikachu
|-damage|p1a: Pikachu|0 fnt
|-unboost|p2a: Great Tusk|def|1
|-unboost|p2a: Great Tusk|spd|1
|faint|p1a: Pikachu
|
|upkeep
|
|t:|1779646758
|switch|p1a: Dragapult|Dragapult, M|100/100
|turn|20
|
|t:|1779646764
|move|p2a: Great Tusk|Headlong Rush|p1a: Dragapult
|-damage|p1a: Dragapult|8/100
|-unboost|p2a: Great Tusk|def|1
|-unboost|p2a: Great Tusk|spd|1
|move|p1a: Dragapult|Phantom Force||[still]
|-prepare|p1a: Dragapult|Phantom Force
|
|upkeep
|turn|21
|
|t:|1779646770
|move|p2a: Great Tusk|Headlong Rush|p1a: Dragapult|[miss]
|-miss|p2a: Great Tusk|p1a: Dragapult
|move|p1a: Dragapult|Phantom Force|p2a: Great Tusk|[from] lockedmove
|-damage|p2a: Great Tusk|6/100
|
|upkeep
|turn|22
|-message|Randomcan42 forfeited.
|
|win|benm4556
|raw|Randomcan42's rating: 1378 &rarr; <strong>1356</strong><br />(-22 for losing)
|raw|benm4556's rating: 1344 &rarr; <strong>1366</strong><br />(+22 for winning)
|l|☆Randomcan42
|player|p1|
|l|‽benm4556
|player|p2|
