|j|☆brodiewhat
|j|☆distantmonk
|t:|1779713689
|gametype|singles
|player|p1|brodiewhat|fisherman-gen4|1338
|player|p2|distantmonk|li|1308
|gen|9
|tier|[Gen 9] OU
|rated|
|rule|HP Percentage Mod: HP is shown in percentages
|rule|Endless Battle Clause: Forcing endless battles is banned
|rule|Species Clause: Limit one of each Pokémon
|rule|OHKO Clause: OHKO moves are banned
|rule|Evasion Items Clause: Evasion items are banned
|rule|Evasion Moves Clause: Evasion moves are banned
|rule|Evasion Abilities Clause: Evasion abilities are banned
|rule|Sleep Moves Clause: Sleep-inducing moves are banned
|clearpoke
|poke|p1|Maushold|
|poke|p1|Regieleki|
|poke|p1|Ogerpon-Wellspring, F|
|poke|p1|Slowking-Galar, M|
|poke|p1|Meowscarada, F|
|poke|p1|Sableye, F|
|poke|p2|Ribombee, M|
|poke|p2|Rillaboom, F|
|poke|p2|Gholdengo|
|poke|p2|Tentacruel, F|
|poke|p2|Weavile, F|
|poke|p2|Ceruledge, F|
|teampreview
|inactive|Battle timer is ON: inactive players will automatically lose when time's up. (requested by brodiewhat)
|inactive|distantmonk also wants the timer to be on.
|
|t:|1779713699
|teamsize|p1|6
|teamsize|p2|6
|start
|switch|p1a: Maushold|Maushold|100/100
|switch|p2a: Weavile|Weavile, F|100/100
|turn|1
|
|t:|1779713705
|move|p2a: Weavile|Knock Off|p1a: Maushold
|-damage|p1a: Maushold|0 fnt
|-enditem|p1a: Maushold|Wide Lens|[from] move: Knock Off|[of] p2a: Weavile
|faint|p1a: Maushold
|
|upkeep
|
|t:|1779713709
|switch|p1a: Ogerpon|Ogerpon-Wellspring, F|100/100
|turn|2
|
|t:|1779713722
|-terastallize|p2a: Weavile|Dark
|move|p2a: Weavile|Knock Off|p1a: Ogerpon
|-damage|p1a: Ogerpon|52/100
|move|p1a: Ogerpon|Swords Dance|p1a: Ogerpon
|-boost|p1a: Ogerpon|atk|2
|
|upkeep
|turn|3
|
|t:|1779713730
|switch|p2a: Rillaboom|Rillaboom, F|100/100
|-fieldstart|move: Grassy Terrain|[from] ability: Grassy Surge|[of] p2a: Rillaboom
|move|p1a: Ogerpon|Synthesis|p1a: Ogerpon
|-heal|p1a: Ogerpon|100/100
|
|upkeep
|turn|4
|
|t:|1779713737
|move|p1a: Ogerpon|Swords Dance|p1a: Ogerpon
|-boost|p1a: Ogerpon|atk|2
|move|p2a: Rillaboom|Wood Hammer|p1a: Ogerpon
|-damage|p1a: Ogerpon|0 fnt
|faint|p1a: Ogerpon
|-damage|p2a: Rillaboom|71/100|[from] Recoil
|
|-heal|p2a: Rillaboom|77/100|[from] Grassy Terrain
|upkeep
|inactive|brodiewhat has 120 seconds left.
|inactive|brodiewhat has 90 seconds left.
|c|☆brodiewhat|252+ Atk Choice Band Rillaboom Wood Hammer vs. 252 HP / 224+ Def Ogerpon-Wellspring in Grassy Terrain: 336-396 (92.3 - 108.7%) -- 50% chance to OHKO
|c|☆brodiewhat|well damn
|
|t:|1779713822
|switch|p1a: Meowscarada|Meowscarada, F|100/100
|turn|5
|c|☆distantmonk|Lol
|
|t:|1779713837
|switch|p2a: Tentacruel|Tentacruel, F|100/100
|move|p1a: Meowscarada|U-turn|p2a: Tentacruel
|-start|p1a: Meowscarada|typechange|Bug|[from] ability: Protean
|-resisted|p2a: Tentacruel
|-damage|p2a: Tentacruel|75/100
|
|t:|1779713842
|switch|p1a: Regieleki|Regieleki|100/100|[from] U-turn
|
|-heal|p2a: Tentacruel|82/100|[from] Grassy Terrain
|upkeep
|turn|6
|
|t:|1779713847
|move|p1a: Regieleki|Volt Switch|p2a: Tentacruel
|-supereffective|p2a: Tentacruel
|-damage|p2a: Tentacruel|13/100
|
|t:|1779713851
|switch|p1a: Meowscarada|Meowscarada, F|100/100|[from] Volt Switch
|move|p2a: Tentacruel|Mirror Coat|p1a: Meowscarada
|-immune|p1a: Meowscarada
|
|-heal|p2a: Tentacruel|19/100|[from] Grassy Terrain
|upkeep
|turn|7
|c|☆distantmonk|Oof
|
|t:|1779713867
|switch|p2a: Ceruledge|Ceruledge, F|100/100
|move|p1a: Meowscarada|U-turn|p2a: Ceruledge
|-start|p1a: Meowscarada|typechange|Bug|[from] ability: Protean
|-resisted|p2a: Ceruledge
|-damage|p2a: Ceruledge|85/100
|-ability|p2a: Ceruledge|Weak Armor|boost
|-unboost|p2a: Ceruledge|def|1
|-boost|p2a: Ceruledge|spe|2
|
|t:|1779713872
|switch|p1a: Sableye|Sableye, F|100/100|[from] U-turn
|
|-heal|p2a: Ceruledge|91/100|[from] Grassy Terrain
|-fieldend|move: Grassy Terrain
|upkeep
|turn|8
|
|t:|1779713883
|move|p2a: Ceruledge|Poltergeist|p1a: Sableye
|-activate|p1a: Sableye|move: Poltergeist|Heavy-Duty Boots
|-damage|p1a: Sableye|38/100
|move|p1a: Sableye|Knock Off|p2a: Ceruledge
|-supereffective|p2a: Ceruledge
|-damage|p2a: Ceruledge|0 fnt
|-enditem|p2a: Ceruledge|Heavy-Duty Boots|[from] move: Knock Off|[of] p1a: Sableye
|faint|p2a: Ceruledge
|
|upkeep
|
|t:|1779713888
|switch|p2a: Weavile|Weavile, F, tera:Dark|100/100
|turn|9
|inactive|brodiewhat has 120 seconds left.
|
|t:|1779713900
|move|p1a: Sableye|Recover|p1a: Sableye
|-heal|p1a: Sableye|88/100
|move|p2a: Weavile|Knock Off|p1a: Sableye
|-damage|p1a: Sableye|0 fnt
|-enditem|p1a: Sableye|Heavy-Duty Boots|[from] move: Knock Off|[of] p2a: Weavile
|faint|p1a: Sableye
|
|upkeep
|
|t:|1779713918
|switch|p1a: Regieleki|Regieleki|100/100
|turn|10
|
|t:|1779713926
|switch|p2a: Tentacruel|Tentacruel, F|19/100
|move|p1a: Regieleki|Thunderbolt|p2a: Tentacruel
|-supereffective|p2a: Tentacruel
|-damage|p2a: Tentacruel|0 fnt
|faint|p2a: Tentacruel
|
|upkeep
|
|t:|1779713938
|switch|p2a: Rillaboom|Rillaboom, F|77/100
|-fieldstart|move: Grassy Terrain|[from] ability: Grassy Surge|[of] p2a: Rillaboom
|turn|11
|
|t:|1779713944
|switch|p1a: Slowking|Slowking-Galar, M|100/100
|move|p2a: Rillaboom|Knock Off|p1a: Slowking
|-supereffective|p1a: Slowking
|-damage|p1a: Slowking|0 fnt
|-enditem|p1a: Slowking|Assault Vest|[from] move: Knock Off|[of] p2a: Rillaboom
|faint|p1a: Slowking
|
|-heal|p2a: Rillaboom|83/100|[from] Grassy Terrain
|upkeep
|
|t:|1779713949
|switch|p1a: Meowscarada|Meowscarada, F|100/100
|turn|12
|
|t:|1779713958
|switch|p2a: Ribombee|Ribombee, M|100/100
|move|p1a: Meowscarada|Knock Off|p2a: Ribombee
|-start|p1a: Meowscarada|typechange|Dark|[from] ability: Protean
|-resisted|p2a: Ribombee
|-damage|p2a: Ribombee|39/100
|-enditem|p2a: Ribombee|Focus Sash|[from] move: Knock Off|[of] p1a: Meowscarada
|
|-heal|p2a: Ribombee|45/100|[from] Grassy Terrain
|upkeep
|turn|13
|
|t:|1779713969
|move|p2a: Ribombee|Bug Buzz|p1a: Meowscarada
|-supereffective|p1a: Meowscarada
|-damage|p1a: Meowscarada|0 fnt
|faint|p1a: Meowscarada
|
|-heal|p2a: Ribombee|51/100|[from] Grassy Terrain
|upkeep
|
|t:|1779713971
|switch|p1a: Regieleki|Regieleki|100/100
|turn|14
|
|t:|1779713978
|move|p1a: Regieleki|Thunderbolt|p2a: Ribombee
|-crit|p2a: Ribombee
|-damage|p2a: Ribombee|0 fnt
|faint|p2a: Ribombee
|
|upkeep
|
|t:|1779713981
|switch|p2a: Rillaboom|Rillaboom, F|83/100
|turn|15
|
|t:|1779713997
|-terastallize|p1a: Regieleki|Electric
|move|p2a: Rillaboom|Grassy Glide|p1a: Regieleki
|-damage|p1a: Regieleki|0 fnt
|faint|p1a: Regieleki
|
|win|distantmonk
|raw|brodiewhat's rating: 1338 &rarr; <strong>1316</strong><br />(-22 for losing)
|raw|distantmonk's rating: 1308 &rarr; <strong>1330</strong><br />(+22 for winning)
|l|☆brodiewhat
|player|p1|
|l|☆distantmonk
|player|p2|
