|j|☆Hawesome
|j|☆GunkLicker
|t:|1779563061
|gametype|singles
|player|p1|Hawesome|2|1085
|player|p2|GunkLicker|waiter|1070
|gen|9
|tier|[Gen 9] OU
|rated|
|rule|HP Percentage Mod: HP is shown in percentages
|rule|Endless Battle Clause: Forcing endless battles is banned
|rule|Species Clause: Limit one of each Pokémon
|rule|OHKO Clause: OHKO moves are banned
|rule|Evasion Items Clause: Evasion items are banned
|rule|Evasion Moves Clause: Evasion moves are banned
|rule|Evasion Abilities Clause: Evasion abilities are banned
|rule|Sleep Moves Clause: Sleep-inducing moves are banned
|clearpoke
|poke|p1|Milotic, F|
|poke|p1|Zapdos-Galar|
|poke|p1|Pecharunt|
|poke|p1|Ting-Lu|
|poke|p1|Great Tusk|
|poke|p1|Dragapult, M|
|poke|p2|Smeargle, M|
|poke|p2|Gliscor, M|
|poke|p2|Weavile, M|
|poke|p2|Ralts, M|
|poke|p2|Altaria, F|
|poke|p2|Murkrow, M|
|teampreview
|
|t:|1779563094
|teamsize|p1|6
|teamsize|p2|6
|start
|switch|p1a: Ting-Lu|Ting-Lu|100/100
|switch|p2a: john paint|Smeargle, M, shiny|100/100
|-ability|p1a: Ting-Lu|Vessel of Ruin
|turn|1
|inactive|Battle timer is ON: inactive players will automatically lose when time's up. (requested by Hawesome)
|
|t:|1779563111
|switch|p2a: paul gliscor|Gliscor, M|100/100
|move|p1a: Ting-Lu|Stealth Rock|p2a: paul gliscor
|-sidestart|p2: GunkLicker|move: Stealth Rock
|
|-status|p2a: paul gliscor|tox|[from] item: Toxic Orb
|upkeep
|turn|2
|
|t:|1779563124
|-terastallize|p1a: Ting-Lu|Ghost
|move|p2a: paul gliscor|Swords Dance|p2a: paul gliscor
|-boost|p2a: paul gliscor|atk|2
|move|p1a: Ting-Lu|Spikes|p2a: paul gliscor
|-sidestart|p2: GunkLicker|Spikes
|
|upkeep
|turn|3
|
|t:|1779563129
|move|p2a: paul gliscor|Substitute|p2a: paul gliscor
|-start|p2a: paul gliscor|Substitute
|-damage|p2a: paul gliscor|76/100 tox
|move|p1a: Ting-Lu|Whirlwind|p2a: paul gliscor
|drag|p2a: birb|Altaria, F|100/100
|-damage|p2a: birb|76/100|[from] Stealth Rock
|-ability|p2a: birb|Cloud Nine
|
|-heal|p2a: birb|82/100|[from] item: Leftovers
|upkeep
|turn|4
|
|t:|1779563139
|move|p2a: birb|Will-O-Wisp|p1a: Ting-Lu
|-status|p1a: Ting-Lu|brn
|move|p1a: Ting-Lu|Spikes|p2a: birb
|-sidestart|p2: GunkLicker|Spikes
|
|-heal|p2a: birb|88/100|[from] item: Leftovers
|-damage|p1a: Ting-Lu|94/100 brn|[from] brn
|upkeep
|turn|5
|
|t:|1779563153
|move|p2a: birb|Defog|p1a: Ting-Lu
|-unboost|p1a: Ting-Lu|evasion|1
|-sideend|p2: GunkLicker|Spikes|[from] move: Defog|[of] p2a: birb
|-sideend|p2: GunkLicker|Stealth Rock|[from] move: Defog|[of] p2a: birb
|move|p1a: Ting-Lu|Spikes|p2a: birb
|-sidestart|p2: GunkLicker|Spikes
|
|-heal|p2a: birb|94/100|[from] item: Leftovers
|-heal|p1a: Ting-Lu|100/100 brn|[from] item: Leftovers
|-damage|p1a: Ting-Lu|94/100 brn|[from] brn
|upkeep
|turn|6
|
|t:|1779563173
|move|p2a: birb|Cotton Guard|p2a: birb
|-boost|p2a: birb|def|3
|move|p1a: Ting-Lu|Whirlwind|p2a: birb
|drag|p2a: rats|Ralts, M|100/100
|-damage|p2a: rats|88/100|[from] Spikes
|
|-heal|p1a: Ting-Lu|100/100 brn|[from] item: Leftovers
|-damage|p1a: Ting-Lu|94/100 brn|[from] brn
|upkeep
|turn|7
|
|t:|1779563184
|switch|p2a: Nevermore|Murkrow, M, shiny|100/100
|move|p1a: Ting-Lu|Stealth Rock|p2a: Nevermore
|-sidestart|p2: GunkLicker|move: Stealth Rock
|
|-heal|p1a: Ting-Lu|100/100 brn|[from] item: Leftovers
|-damage|p1a: Ting-Lu|94/100 brn|[from] brn
|upkeep
|turn|8
|
|t:|1779563193
|move|p2a: Nevermore|Perish Song|p2a: Nevermore
|-start|p1a: Ting-Lu|perish3|[silent]
|-start|p2a: Nevermore|perish3|[silent]
|-fieldactivate|move: Perish Song
|move|p1a: Ting-Lu|Whirlwind|p2a: Nevermore
|drag|p2a: paul gliscor|Gliscor, M|76/100 tox
|-damage|p2a: paul gliscor|63/100 tox|[from] Stealth Rock
|
|-heal|p1a: Ting-Lu|100/100 brn|[from] item: Leftovers
|-heal|p2a: paul gliscor|76/100 tox|[from] ability: Poison Heal
|-damage|p1a: Ting-Lu|94/100 brn|[from] brn
|-start|p1a: Ting-Lu|perish3
|upkeep
|turn|9
|
|t:|1779563207
|move|p2a: paul gliscor|Substitute|p2a: paul gliscor
|-start|p2a: paul gliscor|Substitute
|-damage|p2a: paul gliscor|51/100 tox
|move|p1a: Ting-Lu|Whirlwind|p2a: paul gliscor
|drag|p2a: Nevermore|Murkrow, M, shiny|100/100
|-damage|p2a: Nevermore|76/100|[from] Stealth Rock
|
|-heal|p1a: Ting-Lu|100/100 brn|[from] item: Leftovers
|-damage|p1a: Ting-Lu|94/100 brn|[from] brn
|-start|p1a: Ting-Lu|perish2
|upkeep
|turn|10
|
|t:|1779563219
|switch|p2a: birb|Altaria, F|94/100
|-damage|p2a: birb|69/100|[from] Stealth Rock
|-ability|p2a: birb|Cloud Nine
|switch|p1a: Zapdos|Zapdos-Galar|100/100
|
|-heal|p2a: birb|76/100|[from] item: Leftovers
|upkeep
|turn|11
|
|t:|1779563236
|move|p1a: Zapdos|Knock Off|p2a: birb
|-damage|p2a: birb|26/100
|-enditem|p2a: birb|Leftovers|[from] move: Knock Off|[of] p1a: Zapdos
|move|p2a: birb|Defog|p1a: Zapdos
|-unboost|p1a: Zapdos|evasion|1
|-ability|p1a: Zapdos|Defiant|boost
|-boost|p1a: Zapdos|atk|2
|-sideend|p2: GunkLicker|Spikes|[from] move: Defog|[of] p2a: birb
|-sideend|p2: GunkLicker|Stealth Rock|[from] move: Defog|[of] p2a: birb
|
|upkeep
|turn|12
|
|t:|1779563246
|move|p1a: Zapdos|Knock Off|p2a: birb
|-damage|p2a: birb|0 fnt
|faint|p2a: birb
|
|upkeep
|
|t:|1779563251
|switch|p2a: john paint|Smeargle, M, shiny|100/100
|turn|13
|
|t:|1779563256
|-terastallize|p2a: john paint|Fairy
|move|p1a: Zapdos|Knock Off|p2a: john paint
|-resisted|p2a: john paint
|-damage|p2a: john paint|17/100
|-enditem|p2a: john paint|Leftovers|[from] move: Knock Off|[of] p1a: Zapdos
|move|p2a: john paint|Jaw Lock|p1a: Zapdos
|-resisted|p1a: Zapdos
|-damage|p1a: Zapdos|97/100
|-activate|p2a: john paint|trapped
|-activate|p1a: Zapdos|trapped
|
|upkeep
|turn|14
|
|t:|1779563265
|move|p1a: Zapdos|Knock Off|p2a: john paint
|-resisted|p2a: john paint
|-damage|p2a: john paint|0 fnt
|faint|p2a: john paint
|
|upkeep
|-message|GunkLicker forfeited.
|
|win|Hawesome
|raw|Hawesome's rating: 1085 &rarr; <strong>1111</strong><br />(+26 for winning)
|raw|GunkLicker's rating: 1070 &rarr; <strong>1050</strong><br />(-20 for losing)
|l|☆GunkLicker
|player|p2|
|l|☆Hawesome
|player|p1|
