|j|☆Miurez
|j|☆whisperingcloth
|t:|1779685299
|gametype|singles
|player|p1|Miurez|pokemonranger-gen4|1649
|player|p2|whisperingcloth|169|1682
|gen|9
|tier|[Gen 9] OU
|rated|
|rule|HP Percentage Mod: HP is shown in percentages
|rule|Endless Battle Clause: Forcing endless battles is banned
|rule|Species Clause: Limit one of each Pokémon
|rule|OHKO Clause: OHKO moves are banned
|rule|Evasion Items Clause: Evasion items are banned
|rule|Evasion Moves Clause: Evasion moves are banned
|rule|Evasion Abilities Clause: Evasion abilities are banned
|rule|Sleep Moves Clause: Sleep-inducing moves are banned
|clearpoke
|poke|p1|Dragonite, M|
|poke|p1|Volcanion|
|poke|p1|Great Tusk|
|poke|p1|Hatterene, F|
|poke|p1|Kingambit, F|
|poke|p1|Deoxys-Speed|
|poke|p2|Scizor, F|
|poke|p2|Deoxys-Speed|
|poke|p2|Garganacl, F|
|poke|p2|Kyurem|
|poke|p2|Great Tusk|
|poke|p2|Zapdos|
|teampreview
|inactive|Battle timer is ON: inactive players will automatically lose when time's up. (requested by whisperingcloth)
|
|t:|1779685318
|teamsize|p1|6
|teamsize|p2|6
|start
|switch|p1a: Deoxys|Deoxys-Speed|100/100
|switch|p2a: Garganacl|Garganacl, F|100/100
|-ability|p1a: Deoxys|Pressure
|turn|1
|
|t:|1779685322
|move|p1a: Deoxys|Knock Off|p2a: Garganacl
|-crit|p2a: Garganacl
|-damage|p2a: Garganacl|75/100
|-enditem|p2a: Garganacl|Leftovers|[from] move: Knock Off|[of] p1a: Deoxys
|move|p2a: Garganacl|Salt Cure|p1a: Deoxys
|-damage|p1a: Deoxys|77/100
|-start|p1a: Deoxys|Salt Cure
|
|-damage|p1a: Deoxys|64/100|[from] Salt Cure
|upkeep
|turn|2
|
|t:|1779685327
|move|p1a: Deoxys|Psycho Boost|p2a: Garganacl
|-damage|p2a: Garganacl|35/100
|-unboost|p1a: Deoxys|spa|2
|-enditem|p1a: Deoxys|Eject Pack
|
|t:|1779685332
|switch|p1a: Hatterene|Hatterene, F|100/100
|move|p2a: Garganacl|Stealth Rock|p1a: Hatterene
|move|p1a: Hatterene|Stealth Rock|p2a: Garganacl|[from] ability: Magic Bounce
|-sidestart|p2: whisperingcloth|move: Stealth Rock
|
|upkeep
|turn|3
|
|t:|1779685338
|move|p2a: Garganacl|Recover|p2a: Garganacl
|-heal|p2a: Garganacl|85/100
|move|p1a: Hatterene|Psychic Noise|p2a: Garganacl
|-damage|p2a: Garganacl|61/100
|-start|p2a: Garganacl|move: Heal Block
|
|upkeep
|turn|4
|
|t:|1779685345
|move|p2a: Garganacl|Salt Cure|p1a: Hatterene
|-damage|p1a: Hatterene|88/100
|-start|p1a: Hatterene|Salt Cure
|move|p1a: Hatterene|Psychic Noise|p2a: Garganacl
|-damage|p2a: Garganacl|36/100
|
|-damage|p1a: Hatterene|76/100|[from] Salt Cure
|-end|p2a: Garganacl|move: Heal Block
|upkeep
|turn|5
|j| Yeahimgoinghome
|
|t:|1779685349
|move|p2a: Garganacl|Recover|p2a: Garganacl
|-heal|p2a: Garganacl|86/100
|move|p1a: Hatterene|Draining Kiss|p2a: Garganacl
|-damage|p2a: Garganacl|71/100
|-heal|p1a: Hatterene|90/100|[from] drain|[of] p2a: Garganacl
|
|-damage|p1a: Hatterene|78/100|[from] Salt Cure
|upkeep
|turn|6
|j| Little Cuack
|l| Yeahimgoinghome
|
|t:|1779685362
|switch|p2a: Scizor|Scizor, F|100/100
|-damage|p2a: Scizor|88/100|[from] Stealth Rock
|move|p1a: Hatterene|Psychic Noise|p2a: Scizor
|-resisted|p2a: Scizor
|-damage|p2a: Scizor|63/100
|-start|p2a: Scizor|move: Heal Block
|
|-damage|p1a: Hatterene|66/100|[from] Salt Cure
|upkeep
|turn|7
|
|t:|1779685365
|switch|p1a: Great Tusk|Great Tusk|100/100
|move|p2a: Scizor|U-turn|p1a: Great Tusk
|-resisted|p1a: Great Tusk
|-damage|p1a: Great Tusk|79/100
|-damage|p2a: Scizor|47/100|[from] item: Rocky Helmet|[of] p1a: Great Tusk
|
|t:|1779685368
|switch|p2a: Great Tusk|Great Tusk|100/100|[from] U-turn
|
|upkeep
|turn|8
|
|t:|1779685375
|move|p2a: Great Tusk|Rapid Spin|p1a: Great Tusk
|-damage|p1a: Great Tusk|67/100
|-boost|p2a: Great Tusk|spe|1
|-damage|p2a: Great Tusk|84/100|[from] item: Rocky Helmet|[of] p1a: Great Tusk
|-sideend|p2: whisperingcloth|Stealth Rock|[from] move: Rapid Spin|[of] p2a: Great Tusk
|move|p1a: Great Tusk|Rapid Spin|p2a: Great Tusk
|-damage|p2a: Great Tusk|71/100
|-boost|p1a: Great Tusk|spe|1
|
|upkeep
|turn|9
|
|t:|1779685390
|-end|p2a: Great Tusk|Protosynthesis|[silent]
|switch|p2a: Zapdos|Zapdos|100/100
|move|p1a: Great Tusk|Rapid Spin|p2a: Zapdos
|-damage|p2a: Zapdos|89/100
|-boost|p1a: Great Tusk|spe|1
|-status|p1a: Great Tusk|par|[from] ability: Static|[of] p2a: Zapdos
|
|upkeep
|turn|10
|
|t:|1779685396
|move|p1a: Great Tusk|Ice Spinner|p2a: Zapdos
|-supereffective|p2a: Zapdos
|-damage|p2a: Zapdos|47/100
|move|p2a: Zapdos|Hurricane|p1a: Great Tusk
|-supereffective|p1a: Great Tusk
|-damage|p1a: Great Tusk|0 fnt
|faint|p1a: Great Tusk
|-end|p1a: Great Tusk|Protosynthesis|[silent]
|
|upkeep
|
|t:|1779685405
|switch|p1a: Deoxys|Deoxys-Speed|64/100
|-ability|p1a: Deoxys|Pressure
|turn|11
|
|t:|1779685413
|move|p1a: Deoxys|Psycho Boost|p2a: Zapdos
|-damage|p2a: Zapdos|0 fnt
|-unboost|p1a: Deoxys|spa|2
|faint|p2a: Zapdos
|
|upkeep
|
|t:|1779685415
|switch|p2a: Scizor|Scizor, F|47/100
|turn|12
|
|t:|1779685419
|switch|p1a: Volcanion|Volcanion|100/100
|move|p2a: Scizor|U-turn|p1a: Volcanion
|-resisted|p1a: Volcanion
|-damage|p1a: Volcanion|75/100
|
|t:|1779685427
|switch|p2a: Great Tusk|Great Tusk|71/100|[from] U-turn
|
|-heal|p1a: Volcanion|81/100|[from] item: Leftovers
|upkeep
|turn|13
|
|t:|1779685439
|move|p2a: Great Tusk|Headlong Rush|p1a: Volcanion
|-supereffective|p1a: Volcanion
|-damage|p1a: Volcanion|0 fnt
|-unboost|p2a: Great Tusk|def|1
|-unboost|p2a: Great Tusk|spd|1
|faint|p1a: Volcanion
|
|upkeep
|l| Little Cuack
|
|t:|1779685452
|switch|p1a: Deoxys|Deoxys-Speed|64/100
|-ability|p1a: Deoxys|Pressure
|turn|14
|j| arnaud senju vgc
|j| Electronno
|
|t:|1779685473
|-end|p2a: Great Tusk|Protosynthesis|[silent]
|switch|p2a: Garganacl|Garganacl, F|71/100
|move|p1a: Deoxys|Psycho Boost|p2a: Garganacl
|-damage|p2a: Garganacl|30/100
|-unboost|p1a: Deoxys|spa|2
|
|upkeep
|turn|15
|
|t:|1779685480
|move|p1a: Deoxys|Superpower|p2a: Garganacl
|-supereffective|p2a: Garganacl
|-damage|p2a: Garganacl|0 fnt
|-unboost|p1a: Deoxys|atk|1
|-unboost|p1a: Deoxys|def|1
|faint|p2a: Garganacl
|
|upkeep
|
|t:|1779685484
|switch|p2a: Scizor|Scizor, F|47/100
|turn|16
|inactive|Miurez has 120 seconds left.
|
|t:|1779685516
|move|p2a: Scizor|Bullet Punch|p1a: Deoxys
|-damage|p1a: Deoxys|0 fnt
|faint|p1a: Deoxys
|
|upkeep
|
|t:|1779685520
|switch|p1a: Dragonite|Dragonite, M|100/100
|turn|17
|
|t:|1779685529
|move|p2a: Scizor|Bullet Punch|p1a: Dragonite
|-damage|p1a: Dragonite|71/100
|move|p1a: Dragonite|Dragon Dance|p1a: Dragonite
|-boost|p1a: Dragonite|atk|1
|-boost|p1a: Dragonite|spe|1
|
|upkeep
|turn|18
|inactive|Miurez has 120 seconds left.
|
|t:|1779685557
|switch|p2a: Kyurem|Kyurem|100/100
|-ability|p2a: Kyurem|Pressure
|-terastallize|p1a: Dragonite|Fire
|move|p1a: Dragonite|Dragon Dance|p1a: Dragonite
|-boost|p1a: Dragonite|atk|1
|-boost|p1a: Dragonite|spe|1
|
|upkeep
|turn|19
|
|t:|1779685565
|move|p1a: Dragonite|Scale Shot|p2a: Kyurem
|-supereffective|p2a: Kyurem
|-damage|p2a: Kyurem|42/100
|-supereffective|p2a: Kyurem
|-damage|p2a: Kyurem|0 fnt
|faint|p2a: Kyurem
|-hitcount|p2: Kyurem|2
|-unboost|p1a: Dragonite|def|1
|-boost|p1a: Dragonite|spe|1
|
|upkeep
|
|t:|1779685578
|switch|p2a: Great Tusk|Great Tusk|71/100
|turn|20
|
|t:|1779685582
|move|p1a: Dragonite|Scale Shot|p2a: Great Tusk
|-damage|p2a: Great Tusk|50/100
|-damage|p2a: Great Tusk|30/100
|-damage|p2a: Great Tusk|10/100
|-damage|p2a: Great Tusk|0 fnt
|faint|p2a: Great Tusk
|-end|p2a: Great Tusk|Protosynthesis|[silent]
|-hitcount|p2: Great Tusk|4
|-unboost|p1a: Dragonite|def|1
|-boost|p1a: Dragonite|spe|1
|
|upkeep
|
|t:|1779685584
|switch|p2a: Scizor|Scizor, F|47/100
|turn|21
|
|t:|1779685601
|switch|p1a: Hatterene|Hatterene, F|66/100
|-terastallize|p2a: Scizor|Steel
|move|p2a: Scizor|Bullet Punch|p1a: Hatterene
|-supereffective|p1a: Hatterene
|-damage|p1a: Hatterene|0 fnt
|-damage|p2a: Scizor|31/100|[from] item: Rocky Helmet|[of] p1a: Hatterene
|faint|p1a: Hatterene
|
|upkeep
|
|t:|1779685610
|switch|p1a: Dragonite|Dragonite, M, tera:Fire|71/100
|turn|22
|
|t:|1779685615
|switch|p2a: Deoxys|Deoxys-Speed|100/100
|-ability|p2a: Deoxys|Pressure
|move|p1a: Dragonite|Fire Punch|p2a: Deoxys
|-damage|p2a: Deoxys|37/100
|
|upkeep
|turn|23
|
|t:|1779685629
|move|p2a: Deoxys|Psycho Boost|p1a: Dragonite
|-damage|p1a: Dragonite|4/100
|-unboost|p2a: Deoxys|spa|2
|-enditem|p2a: Deoxys|Eject Pack
|
|t:|1779685631
|switch|p2a: Scizor|Scizor, F, tera:Steel|31/100
|move|p1a: Dragonite|Fire Punch|p2a: Scizor
|-supereffective|p2a: Scizor
|-damage|p2a: Scizor|0 fnt
|faint|p2a: Scizor
|
|upkeep
|
|t:|1779685632
|switch|p2a: Deoxys|Deoxys-Speed|37/100
|-ability|p2a: Deoxys|Pressure
|turn|24
|
|t:|1779685635
|move|p2a: Deoxys|Ice Beam|p1a: Dragonite
|-resisted|p1a: Dragonite
|-damage|p1a: Dragonite|0 fnt
|faint|p1a: Dragonite
|
|upkeep
|
|t:|1779685637
|switch|p1a: Kingambit|Kingambit, F|100/100
|-activate|p1a: Kingambit|ability: Supreme Overlord
|-start|p1a: Kingambit|fallen5|[silent]
|turn|25
|c|☆whisperingcloth|gg
|
|t:|1779685652
|move|p1a: Kingambit|Sucker Punch|p2a: Deoxys
|-supereffective|p2a: Deoxys
|-damage|p2a: Deoxys|0 fnt
|faint|p2a: Deoxys
|
|win|Miurez
|raw|Miurez's rating: 1649 &rarr; <strong>1671</strong><br />(+22 for winning)
|raw|whisperingcloth's rating: 1682 &rarr; <strong>1660</strong><br />(-22 for losing)
|l| Electronno
|c|☆Miurez|gg
|l|☆Miurez
|player|p1|
|l|☆whisperingcloth
|player|p2|
|l| arnaud senju vgc
