|j|☆Veiny1
|j|☆balash 97
|t:|1779620029
|gametype|singles
|player|p1|Veiny1|169|1364
|player|p2|balash 97|101|1413
|gen|9
|tier|[Gen 9] OU
|rated|
|rule|HP Percentage Mod: HP is shown in percentages
|rule|Endless Battle Clause: Forcing endless battles is banned
|rule|Species Clause: Limit one of each Pokémon
|rule|OHKO Clause: OHKO moves are banned
|rule|Evasion Items Clause: Evasion items are banned
|rule|Evasion Moves Clause: Evasion moves are banned
|rule|Evasion Abilities Clause: Evasion abilities are banned
|rule|Sleep Moves Clause: Sleep-inducing moves are banned
|clearpoke
|poke|p1|Salazzle, F|
|poke|p1|Clefable, F|
|poke|p1|Dragapult, M|
|poke|p1|Zapdos|
|poke|p1|Great Tusk|
|poke|p1|Whimsicott, M|
|poke|p2|Ninetales-Alola, M|
|poke|p2|Slowking-Galar, F|
|poke|p2|Dragapult, F|
|poke|p2|Frosmoth, F|
|poke|p2|Hatterene, F|
|poke|p2|Samurott-Hisui, M|
|teampreview
|inactive|Battle timer is ON: inactive players will automatically lose when time's up. (requested by balash 97)
|
|t:|1779620045
|teamsize|p1|6
|teamsize|p2|6
|start
|switch|p1a: Dragapult|Dragapult, M|100/100
|switch|p2a: Ninetales|Ninetales-Alola, M|100/100
|-weather|Snowscape|[from] ability: Snow Warning|[of] p2a: Ninetales
|turn|1
|
|t:|1779620053
|move|p1a: Dragapult|U-turn|p2a: Ninetales
|-resisted|p2a: Ninetales
|-damage|p2a: Ninetales|90/100
|
|t:|1779620056
|switch|p1a: Whimsicott|Whimsicott, M, shiny|100/100|[from] U-turn
|move|p2a: Ninetales|Aurora Veil|p2a: Ninetales
|-sidestart|p2: balash 97|move: Aurora Veil
|
|-weather|Snowscape|[upkeep]
|upkeep
|turn|2
|
|t:|1779620062
|switch|p2a: Slowking|Slowking-Galar, F|100/100
|move|p1a: Whimsicott|Encore||[still]
|-fail|p1a: Whimsicott
|
|-weather|Snowscape|[upkeep]
|upkeep
|turn|3
|
|t:|1779620066
|move|p1a: Whimsicott|U-turn|p2a: Slowking
|-damage|p2a: Slowking|95/100
|
|t:|1779620070
|switch|p1a: Salazzle|Salazzle, F|100/100|[from] U-turn
|move|p2a: Slowking|Future Sight|p1a: Salazzle
|-start|p2a: Slowking|move: Future Sight
|
|-weather|Snowscape|[upkeep]
|upkeep
|turn|4
|
|t:|1779620081
|switch|p2a: Samurott|Samurott-Hisui, M|100/100
|move|p1a: Salazzle|Toxic|p2a: Samurott
|-status|p2a: Samurott|tox
|
|-weather|Snowscape|[upkeep]
|-damage|p2a: Samurott|94/100 tox|[from] psn
|upkeep
|turn|5
|
|t:|1779620094
|move|p2a: Samurott|Razor Shell|p1a: Salazzle
|-supereffective|p1a: Salazzle
|-enditem|p1a: Salazzle|Focus Sash
|-damage|p1a: Salazzle|1/100
|move|p1a: Salazzle|Endeavor|p2a: Samurott
|-damage|p2a: Samurott|1/100 tox
|
|-weather|none
|-end|p1a: Salazzle|move: Future Sight
|-supereffective|p1a: Salazzle
|-damage|p1a: Salazzle|0 fnt
|faint|p1a: Salazzle
|-damage|p2a: Samurott|0 fnt|[from] psn
|faint|p2a: Samurott
|upkeep
|
|t:|1779620118
|switch|p1a: Zapdos|Zapdos|100/100
|switch|p2a: Hatterene|Hatterene, F|100/100
|turn|6
|
|t:|1779620128
|move|p1a: Zapdos|Hurricane|p2a: Hatterene
|-damage|p2a: Hatterene|67/100
|-start|p2a: Hatterene|confusion
|-activate|p2a: Hatterene|confusion
|-damage|p2a: Hatterene|62/100|[from] confusion
|
|-heal|p2a: Hatterene|68/100|[from] item: Leftovers
|upkeep
|turn|7
|
|t:|1779620132
|move|p1a: Zapdos|Hurricane|p2a: Hatterene
|-damage|p2a: Hatterene|36/100
|-end|p2a: Hatterene|confusion
|move|p2a: Hatterene|Calm Mind|p2a: Hatterene
|-boost|p2a: Hatterene|spa|1
|-boost|p2a: Hatterene|spd|1
|
|-heal|p2a: Hatterene|42/100|[from] item: Leftovers
|upkeep
|turn|8
|
|t:|1779620135
|move|p1a: Zapdos|Hurricane|p2a: Hatterene
|-damage|p2a: Hatterene|19/100
|move|p2a: Hatterene|Draining Kiss|p1a: Zapdos
|-damage|p1a: Zapdos|65/100
|-heal|p2a: Hatterene|46/100|[from] drain|[of] p1a: Zapdos
|-damage|p2a: Hatterene|30/100|[from] item: Rocky Helmet|[of] p1a: Zapdos
|
|-heal|p2a: Hatterene|36/100|[from] item: Leftovers
|-sideend|p2: balash 97|move: Aurora Veil
|upkeep
|turn|9
|
|t:|1779620141
|move|p1a: Zapdos|Roost|p1a: Zapdos
|-heal|p1a: Zapdos|100/100
|-singleturn|p1a: Zapdos|move: Roost
|move|p2a: Hatterene|Draining Kiss|p1a: Zapdos
|-damage|p1a: Zapdos|68/100
|-heal|p2a: Hatterene|60/100|[from] drain|[of] p1a: Zapdos
|-damage|p2a: Hatterene|44/100|[from] item: Rocky Helmet|[of] p1a: Zapdos
|
|-heal|p2a: Hatterene|50/100|[from] item: Leftovers
|upkeep
|turn|10
|
|t:|1779620144
|move|p1a: Zapdos|Hurricane|p2a: Hatterene|[miss]
|-miss|p1a: Zapdos|p2a: Hatterene
|move|p2a: Hatterene|Calm Mind|p2a: Hatterene
|-boost|p2a: Hatterene|spa|1
|-boost|p2a: Hatterene|spd|1
|
|-heal|p2a: Hatterene|56/100|[from] item: Leftovers
|upkeep
|turn|11
|
|t:|1779620147
|move|p1a: Zapdos|Hurricane|p2a: Hatterene
|-damage|p2a: Hatterene|26/100
|move|p2a: Hatterene|Calm Mind|p2a: Hatterene
|-boost|p2a: Hatterene|spa|1
|-boost|p2a: Hatterene|spd|1
|
|-heal|p2a: Hatterene|32/100|[from] item: Leftovers
|upkeep
|turn|12
|
|t:|1779620152
|move|p1a: Zapdos|Hurricane|p2a: Hatterene
|-damage|p2a: Hatterene|6/100
|-start|p2a: Hatterene|confusion
|-activate|p2a: Hatterene|confusion
|-damage|p2a: Hatterene|1/100|[from] confusion
|
|-heal|p2a: Hatterene|7/100|[from] item: Leftovers
|upkeep
|turn|13
|
|t:|1779620156
|move|p1a: Zapdos|Volt Switch|p2a: Hatterene
|-crit|p2a: Hatterene
|-damage|p2a: Hatterene|0 fnt
|faint|p2a: Hatterene
|c|☆balash 97|Yh man
|-message|balash 97 forfeited.
|
|win|Veiny1
|raw|Veiny1's rating: 1364 &rarr; <strong>1387</strong><br />(+23 for winning)
|raw|balash 97's rating: 1413 &rarr; <strong>1390</strong><br />(-23 for losing)
|l|☆balash 97
|player|p2|
|l|☆Veiny1
|player|p1|
