|j|☆amasawaichikamommy
|j|☆Saint qirex
|t:|1779682125
|gametype|singles
|player|p1|amasawaichikamommy|winona|1619
|player|p2|Saint qirex|169|1592
|gen|9
|tier|[Gen 9] OU
|rated|
|rule|HP Percentage Mod: HP is shown in percentages
|rule|Endless Battle Clause: Forcing endless battles is banned
|rule|Species Clause: Limit one of each Pokémon
|rule|OHKO Clause: OHKO moves are banned
|rule|Evasion Items Clause: Evasion items are banned
|rule|Evasion Moves Clause: Evasion moves are banned
|rule|Evasion Abilities Clause: Evasion abilities are banned
|rule|Sleep Moves Clause: Sleep-inducing moves are banned
|clearpoke
|poke|p1|Iron Moth|
|poke|p1|Gliscor, F|
|poke|p1|Hatterene, F|
|poke|p1|Ogerpon-Wellspring, F|
|poke|p1|Raging Bolt|
|poke|p1|Zamazenta-*|
|poke|p2|Meowscarada, M|
|poke|p2|Slowking-Galar, F|
|poke|p2|Zamazenta-*|
|poke|p2|Corviknight, F|
|poke|p2|Kyurem|
|poke|p2|Dragapult, F|
|teampreview
|inactive|Battle timer is ON: inactive players will automatically lose when time's up. (requested by amasawaichikamommy)
|
|t:|1779682137
|teamsize|p1|6
|teamsize|p2|6
|start
|switch|p1a: Zamazenta|Zamazenta|100/100
|switch|p2a: Slowking|Slowking-Galar, F|100/100
|-ability|p1a: Zamazenta|Dauntless Shield|boost
|-boost|p1a: Zamazenta|def|1
|turn|1
|
|t:|1779682141
|move|p1a: Zamazenta|Light Screen|p1a: Zamazenta
|-sidestart|p1: amasawaichikamommy|move: Light Screen
|move|p2a: Slowking|Thunder Wave|p1a: Zamazenta
|-status|p1a: Zamazenta|par
|
|upkeep
|turn|2
|
|t:|1779682147
|switch|p1a: Gliscor|Gliscor, F|100/100
|move|p2a: Slowking|Future Sight|p1a: Gliscor
|-start|p2a: Slowking|move: Future Sight
|
|-status|p1a: Gliscor|tox|[from] item: Toxic Orb
|upkeep
|turn|3
|
|t:|1779682155
|move|p1a: Gliscor|Swords Dance|p1a: Gliscor
|-boost|p1a: Gliscor|atk|2
|-prepare|p2a: Slowking|Chilly Reception|[premajor]
|move|p2a: Slowking|Chilly Reception|p2a: Slowking
|-weather|Snowscape
|
|t:|1779682161
|switch|p2a: Meowscarada|Meowscarada, M|100/100|[from] Chilly Reception
|
|-weather|Snowscape|[upkeep]
|upkeep
|turn|4
|
|t:|1779682171
|move|p2a: Meowscarada|Triple Axel|p1a: Gliscor
|-start|p2a: Meowscarada|typechange|Ice|[from] ability: Protean
|-supereffective|p1a: Gliscor
|-damage|p1a: Gliscor|49/100 tox
|-supereffective|p1a: Gliscor
|-damage|p1a: Gliscor|0 fnt
|faint|p1a: Gliscor
|-hitcount|p1: Gliscor|2
|
|-weather|Snowscape|[upkeep]
|-hint|Future Sight did not hit because the target is fainted.
|upkeep
|
|t:|1779682191
|switch|p1a: Iron Moth|Iron Moth|100/100
|-enditem|p1a: Iron Moth|Booster Energy
|-activate|p1a: Iron Moth|ability: Quark Drive|[fromitem]
|-start|p1a: Iron Moth|quarkdrivespe
|turn|5
|
|t:|1779682200
|switch|p2a: Slowking|Slowking-Galar, F|100/100
|move|p1a: Iron Moth|Fiery Dance|p2a: Slowking
|-damage|p2a: Slowking|75/100
|
|-weather|Snowscape|[upkeep]
|upkeep
|turn|6
|
|t:|1779682205
|-end|p1a: Iron Moth|Quark Drive|[silent]
|switch|p1a: Raging Bolt|Raging Bolt|100/100
|-enditem|p1a: Raging Bolt|Booster Energy
|-activate|p1a: Raging Bolt|ability: Protosynthesis|[fromitem]
|-start|p1a: Raging Bolt|protosynthesisspa
|move|p2a: Slowking|Thunder Wave|p1a: Raging Bolt|[miss]
|-miss|p2a: Slowking|p1a: Raging Bolt
|
|-weather|Snowscape|[upkeep]
|upkeep
|turn|7
|
|t:|1779682213
|move|p1a: Raging Bolt|Calm Mind|p1a: Raging Bolt
|-boost|p1a: Raging Bolt|spa|1
|-boost|p1a: Raging Bolt|spd|1
|-prepare|p2a: Slowking|Chilly Reception|[premajor]
|move|p2a: Slowking|Chilly Reception|p2a: Slowking
|
|t:|1779682216
|switch|p2a: Dragapult|Dragapult, F|100/100|[from] Chilly Reception
|
|-weather|none
|upkeep
|turn|8
|
|t:|1779682224
|-terastallize|p1a: Raging Bolt|Ghost
|move|p2a: Dragapult|Draco Meteor|p1a: Raging Bolt
|-damage|p1a: Raging Bolt|46/100
|-unboost|p2a: Dragapult|spa|2
|move|p1a: Raging Bolt|Dragon Pulse|p2a: Dragapult
|-supereffective|p2a: Dragapult
|-damage|p2a: Dragapult|0 fnt
|faint|p2a: Dragapult
|
|-sideend|p1: amasawaichikamommy|move: Light Screen
|upkeep
|
|t:|1779682231
|switch|p2a: Meowscarada|Meowscarada, M|100/100
|turn|9
|
|t:|1779682238
|move|p1a: Raging Bolt|Thunderclap|p2a: Meowscarada
|-resisted|p2a: Meowscarada
|-damage|p2a: Meowscarada|37/100
|move|p2a: Meowscarada|Flower Trick|p1a: Raging Bolt
|-start|p2a: Meowscarada|typechange|Grass|[from] ability: Protean
|-crit|p1a: Raging Bolt
|-damage|p1a: Raging Bolt|0 fnt
|faint|p1a: Raging Bolt
|-end|p1a: Raging Bolt|Protosynthesis|[silent]
|
|upkeep
|
|t:|1779682253
|switch|p1a: Iron Moth|Iron Moth|100/100
|turn|10
|
|t:|1779682266
|switch|p2a: Slowking|Slowking-Galar, F|100/100
|move|p1a: Iron Moth|Fiery Dance|p2a: Slowking
|-damage|p2a: Slowking|78/100
|
|upkeep
|turn|11
|
|t:|1779682271
|-end|p1a: Iron Moth|Quark Drive|[silent]
|switch|p1a: Hatterene|Hatterene, F|100/100
|move|p2a: Slowking|Thunder Wave|p1a: Hatterene
|move|p1a: Hatterene|Thunder Wave|p2a: Slowking|[from] ability: Magic Bounce
|-status|p2a: Slowking|par
|
|upkeep
|turn|12
|
|t:|1779682279
|move|p1a: Hatterene|Calm Mind|p1a: Hatterene
|-boost|p1a: Hatterene|spa|1
|-boost|p1a: Hatterene|spd|1
|-prepare|p2a: Slowking|Chilly Reception|[premajor]
|move|p2a: Slowking|Chilly Reception|p2a: Slowking
|-weather|Snowscape
|
|t:|1779682284
|switch|p2a: Meowscarada|Meowscarada, M|37/100|[from] Chilly Reception
|
|-weather|Snowscape|[upkeep]
|upkeep
|turn|13
|
|t:|1779682294
|move|p2a: Meowscarada|Triple Axel|p1a: Hatterene
|-start|p2a: Meowscarada|typechange|Ice|[from] ability: Protean
|-damage|p1a: Hatterene|90/100
|-damage|p1a: Hatterene|68/100
|-hitcount|p1a: Hatterene|2
|move|p1a: Hatterene|Draining Kiss|p2a: Meowscarada
|-damage|p2a: Meowscarada|0 fnt
|-heal|p1a: Hatterene|94/100|[from] drain|[of] p2a: Meowscarada
|faint|p2a: Meowscarada
|
|-weather|Snowscape|[upkeep]
|-heal|p1a: Hatterene|99/100|[from] item: Leftovers
|upkeep
|
|t:|1779682305
|switch|p2a: Slowking|Slowking-Galar, F|100/100 par
|turn|14
|
|t:|1779682310
|move|p1a: Hatterene|Calm Mind|p1a: Hatterene
|-boost|p1a: Hatterene|spa|1
|-boost|p1a: Hatterene|spd|1
|move|p2a: Slowking|Sludge Bomb|p1a: Hatterene
|-supereffective|p1a: Hatterene
|-damage|p1a: Hatterene|69/100
|
|-weather|Snowscape|[upkeep]
|-heal|p1a: Hatterene|75/100|[from] item: Leftovers
|upkeep
|turn|15
|inactive|amasawaichikamommy has 120 seconds left.
|
|t:|1779682350
|move|p1a: Hatterene|Stored Power|p2a: Slowking
|-damage|p2a: Slowking|47/100 par
|move|p2a: Slowking|Sludge Bomb|p1a: Hatterene
|-supereffective|p1a: Hatterene
|-damage|p1a: Hatterene|44/100
|
|-weather|Snowscape|[upkeep]
|-heal|p1a: Hatterene|50/100|[from] item: Leftovers
|upkeep
|turn|16
|
|t:|1779682359
|move|p1a: Hatterene|Stored Power|p2a: Slowking
|-damage|p2a: Slowking|0 fnt
|faint|p2a: Slowking
|
|-weather|none
|-heal|p1a: Hatterene|56/100|[from] item: Leftovers
|upkeep
|
|t:|1779682361
|switch|p2a: Corviknight|Corviknight, F|100/100
|turn|17
|inactive|amasawaichikamommy has 120 seconds left.
|
|t:|1779682385
|move|p2a: Corviknight|Brave Bird|p1a: Hatterene
|-damage|p1a: Hatterene|26/100
|-damage|p2a: Corviknight|93/100|[from] Recoil
|move|p1a: Hatterene|Draining Kiss|p2a: Corviknight
|-resisted|p2a: Corviknight
|-damage|p2a: Corviknight|69/100
|-heal|p1a: Hatterene|48/100|[from] drain|[of] p2a: Corviknight
|-damage|p1a: Hatterene|32/100|[from] item: Rocky Helmet|[of] p2a: Corviknight
|
|-heal|p1a: Hatterene|38/100|[from] item: Leftovers
|upkeep
|turn|18
|
|t:|1779682396
|move|p2a: Corviknight|Brave Bird|p1a: Hatterene
|-damage|p1a: Hatterene|7/100
|-damage|p2a: Corviknight|61/100|[from] Recoil
|move|p1a: Hatterene|Mystical Fire|p2a: Corviknight
|-supereffective|p2a: Corviknight
|-damage|p2a: Corviknight|0 fnt
|faint|p2a: Corviknight
|
|-heal|p1a: Hatterene|13/100|[from] item: Leftovers
|upkeep
|
|t:|1779682401
|switch|p2a: Kyurem|Kyurem|100/100
|-ability|p2a: Kyurem|Pressure
|turn|19
|inactive|amasawaichikamommy has 120 seconds left.
|
|t:|1779682416
|-terastallize|p2a: Kyurem|Ice
|move|p2a: Kyurem|Freeze-Dry|p1a: Hatterene
|-damage|p1a: Hatterene|0 fnt
|faint|p1a: Hatterene
|
|upkeep
|
|t:|1779682426
|switch|p1a: Iron Moth|Iron Moth|100/100
|turn|20
|
|t:|1779682431
|move|p1a: Iron Moth|Fiery Dance|p2a: Kyurem
|-supereffective|p2a: Kyurem
|-damage|p2a: Kyurem|22/100
|move|p2a: Kyurem|Freeze-Dry|p1a: Iron Moth
|-resisted|p1a: Iron Moth
|-damage|p1a: Iron Moth|68/100
|
|upkeep
|turn|21
|inactive|amasawaichikamommy has 120 seconds left.
|
|t:|1779682442
|move|p1a: Iron Moth|Toxic Spikes|p2a: Kyurem
|-sidestart|p2: Saint qirex|move: Toxic Spikes
|move|p2a: Kyurem|Freeze-Dry|p1a: Iron Moth
|-resisted|p1a: Iron Moth
|-damage|p1a: Iron Moth|34/100
|
|upkeep
|turn|22
|
|t:|1779682447
|move|p1a: Iron Moth|Fiery Dance|p2a: Kyurem
|-supereffective|p2a: Kyurem
|-damage|p2a: Kyurem|0 fnt
|-boost|p1a: Iron Moth|spa|1
|faint|p2a: Kyurem
|
|upkeep
|c|☆Saint qirex|Really mate?
|
|t:|1779682459
|switch|p2a: Zamazenta|Zamazenta|100/100
|-status|p2a: Zamazenta|psn
|-ability|p2a: Zamazenta|Dauntless Shield|boost
|-boost|p2a: Zamazenta|def|1
|turn|23
|
|t:|1779682464
|move|p2a: Zamazenta|Iron Defense|p2a: Zamazenta
|-boost|p2a: Zamazenta|def|2
|move|p1a: Iron Moth|Fiery Dance|p2a: Zamazenta
|-damage|p2a: Zamazenta|55/100 psn
|-boost|p1a: Iron Moth|spa|1
|
|-heal|p2a: Zamazenta|62/100 psn|[from] item: Leftovers
|-damage|p2a: Zamazenta|49/100 psn|[from] psn
|upkeep
|turn|24
|
|t:|1779682480
|move|p2a: Zamazenta|Body Press|p1a: Iron Moth
|-resisted|p1a: Iron Moth
|-damage|p1a: Iron Moth|0 fnt
|faint|p1a: Iron Moth
|-end|p1a: Iron Moth|Quark Drive|[silent]
|
|-heal|p2a: Zamazenta|55/100 psn|[from] item: Leftovers
|-damage|p2a: Zamazenta|43/100 psn|[from] psn
|upkeep
|
|t:|1779682485
|switch|p1a: Zamazenta|Zamazenta|100/100 par
|turn|25
|
|t:|1779682489
|move|p2a: Zamazenta|Iron Defense|p2a: Zamazenta
|-boost|p2a: Zamazenta|def|2
|move|p1a: Zamazenta|Reflect|p1a: Zamazenta
|-sidestart|p1: amasawaichikamommy|Reflect
|
|-heal|p2a: Zamazenta|49/100 psn|[from] item: Leftovers
|-damage|p2a: Zamazenta|37/100 psn|[from] psn
|upkeep
|turn|26
|
|t:|1779682497
|move|p2a: Zamazenta|Body Press|p1a: Zamazenta
|-damage|p1a: Zamazenta|55/100 par
|move|p1a: Zamazenta|Close Combat|p2a: Zamazenta
|-damage|p2a: Zamazenta|27/100 psn
|-unboost|p1a: Zamazenta|def|1
|-unboost|p1a: Zamazenta|spd|1
|
|-heal|p2a: Zamazenta|33/100 psn|[from] item: Leftovers
|-damage|p2a: Zamazenta|21/100 psn|[from] psn
|upkeep
|turn|27
|
|t:|1779682507
|move|p2a: Zamazenta|Body Press|p1a: Zamazenta
|-damage|p1a: Zamazenta|0 fnt
|faint|p1a: Zamazenta
|
|-heal|p2a: Zamazenta|27/100 psn|[from] item: Leftovers
|-damage|p2a: Zamazenta|14/100 psn|[from] psn
|upkeep
|
|t:|1779682513
|switch|p1a: Ogerpon|Ogerpon-Wellspring, F|100/100
|turn|28
|
|t:|1779682516
|move|p2a: Zamazenta|Body Press|p1a: Ogerpon
|-damage|p1a: Ogerpon|25/100
|move|p1a: Ogerpon|Ivy Cudgel|p2a: Zamazenta|[anim] Ivy Cudgel Water
|-damage|p2a: Zamazenta|0 fnt
|faint|p2a: Zamazenta
|
|win|amasawaichikamommy
|raw|amasawaichikamommy's rating: 1619 &rarr; <strong>1637</strong><br />(+18 for winning)
|raw|Saint qirex's rating: 1592 &rarr; <strong>1574</strong><br />(-18 for losing)
|c|☆amasawaichikamommy|GG
|l|☆Saint qirex
|player|p2|
