|j|☆Team10thPlanet
|j|☆Alfblu3
|t:|1779656535
|gametype|singles
|player|p1|Team10thPlanet|veteran|1519
|player|p2|Alfblu3|fisherman-gen4|1512
|gen|9
|tier|[Gen 9] OU
|rated|
|rule|HP Percentage Mod: HP is shown in percentages
|rule|Endless Battle Clause: Forcing endless battles is banned
|rule|Species Clause: Limit one of each Pokémon
|rule|OHKO Clause: OHKO moves are banned
|rule|Evasion Items Clause: Evasion items are banned
|rule|Evasion Moves Clause: Evasion moves are banned
|rule|Evasion Abilities Clause: Evasion abilities are banned
|rule|Sleep Moves Clause: Sleep-inducing moves are banned
|clearpoke
|poke|p1|Zamazenta-*|
|poke|p1|Dragonite, M|
|poke|p1|Araquanid, M|
|poke|p1|Iron Treads|
|poke|p1|Raikou|
|poke|p1|Hoopa-Unbound|
|poke|p2|Gholdengo|
|poke|p2|Iron Treads|
|poke|p2|Moltres|
|poke|p2|Zamazenta-*|
|poke|p2|Samurott-Hisui, M|
|poke|p2|Garganacl, M|
|teampreview
|inactive|Battle timer is ON: inactive players will automatically lose when time's up. (requested by Alfblu3)
|
|t:|1779656547
|teamsize|p1|6
|teamsize|p2|6
|start
|switch|p1a: Diego ⚡️|Raikou|100/100
|switch|p2a: Garganacl|Garganacl, M|100/100
|-ability|p1a: Diego ⚡️|Pressure
|turn|1
|
|t:|1779656574
|move|p1a: Diego ⚡️|Scald|p2a: Garganacl
|-supereffective|p2a: Garganacl
|-damage|p2a: Garganacl|48/100
|move|p2a: Garganacl|Salt Cure|p1a: Diego ⚡️
|-damage|p1a: Diego ⚡️|82/100
|-start|p1a: Diego ⚡️|Salt Cure
|
|-heal|p2a: Garganacl|54/100|[from] item: Leftovers
|-damage|p1a: Diego ⚡️|69/100|[from] Salt Cure
|upkeep
|turn|2
|inactive|Team10thPlanet has 120 seconds left.
|
|t:|1779656590
|switch|p2a: Zamazenta|Zamazenta|100/100
|-ability|p2a: Zamazenta|Dauntless Shield|boost
|-boost|p2a: Zamazenta|def|1
|move|p1a: Diego ⚡️|Scald|p2a: Zamazenta
|-damage|p2a: Zamazenta|62/100
|
|-damage|p1a: Diego ⚡️|57/100|[from] Salt Cure
|upkeep
|turn|3
|inactive|Team10thPlanet has 120 seconds left.
|
|t:|1779656606
|switch|p1a: Johnny Tsunami 🌊|Araquanid, M|100/100
|move|p2a: Zamazenta|Close Combat|p1a: Johnny Tsunami 🌊
|-resisted|p1a: Johnny Tsunami 🌊
|-damage|p1a: Johnny Tsunami 🌊|68/100
|-unboost|p2a: Zamazenta|def|1
|-unboost|p2a: Zamazenta|spd|1
|
|upkeep
|turn|4
|
|t:|1779656615
|move|p2a: Zamazenta|Stone Edge|p1a: Johnny Tsunami 🌊|[miss]
|-miss|p2a: Zamazenta|p1a: Johnny Tsunami 🌊
|move|p1a: Johnny Tsunami 🌊|Surf|p2a: Zamazenta
|-damage|p2a: Zamazenta|0 fnt
|faint|p2a: Zamazenta
|
|upkeep
|inactive|Alfblu3 has 120 seconds left.
|
|t:|1779656636
|switch|p2a: Samurott|Samurott-Hisui, M|100/100
|turn|5
|
|t:|1779656646
|move|p2a: Samurott|Ceaseless Edge|p1a: Johnny Tsunami 🌊
|-damage|p1a: Johnny Tsunami 🌊|23/100
|-sidestart|p1: Team10thPlanet|Spikes
|move|p1a: Johnny Tsunami 🌊|Endeavor|p2a: Samurott
|-damage|p2a: Samurott|24/100
|
|upkeep
|turn|6
|-enditem|p1a: Johnny Tsunami 🌊|Custap Berry|[eat]
|-activate|p1a: Johnny Tsunami 🌊|item: Custap Berry|[consumed]
|
|t:|1779656654
|move|p1a: Johnny Tsunami 🌊|Surf|p2a: Samurott
|-resisted|p2a: Samurott
|-damage|p2a: Samurott|0 fnt
|faint|p2a: Samurott
|
|upkeep
|
|t:|1779656659
|switch|p2a: Gholdengo|Gholdengo|100/100
|-item|p2a: Gholdengo|Air Balloon
|turn|7
|
|t:|1779656664
|move|p2a: Gholdengo|Thunderbolt|p1a: Johnny Tsunami 🌊
|-supereffective|p1a: Johnny Tsunami 🌊
|-damage|p1a: Johnny Tsunami 🌊|0 fnt
|faint|p1a: Johnny Tsunami 🌊
|
|upkeep
|j| FaronAan
|
|t:|1779656685
|switch|p1a: Hoopa|Hoopa-Unbound|100/100
|-damage|p1a: Hoopa|88/100|[from] Spikes
|turn|8
|inactive|Alfblu3 has 120 seconds left.
|
|t:|1779656715
|move|p1a: Hoopa|Dark Pulse|p2a: Gholdengo
|-supereffective|p2a: Gholdengo
|-damage|p2a: Gholdengo|0 fnt
|-enditem|p2a: Gholdengo|Air Balloon
|faint|p2a: Gholdengo
|
|upkeep
|inactive|Alfblu3 has 120 seconds left.
|
|t:|1779656742
|switch|p2a: Iron Treads|Iron Treads|100/100
|turn|9
|
|t:|1779656747
|move|p1a: Hoopa|Dark Pulse|p2a: Iron Treads
|-damage|p2a: Iron Treads|38/100
|move|p2a: Iron Treads|Knock Off|p1a: Hoopa
|-damage|p1a: Hoopa|39/100
|-enditem|p1a: Hoopa|Choice Scarf|[from] move: Knock Off|[of] p2a: Iron Treads
|
|upkeep
|turn|10
|inactive|Alfblu3 has 90 seconds left.
|
|t:|1779656781
|move|p2a: Iron Treads|Earthquake|p1a: Hoopa
|-damage|p1a: Hoopa|0 fnt
|faint|p1a: Hoopa
|
|upkeep
|
|t:|1779656795
|switch|p1a: Diego ⚡️|Raikou|57/100
|-damage|p1a: Diego ⚡️|44/100|[from] Spikes
|-ability|p1a: Diego ⚡️|Pressure
|turn|11
|
|t:|1779656804
|move|p1a: Diego ⚡️|Scald|p2a: Iron Treads
|-supereffective|p2a: Iron Treads
|-damage|p2a: Iron Treads|0 fnt
|faint|p2a: Iron Treads
|-end|p2a: Iron Treads|Quark Drive|[silent]
|
|upkeep
|
|t:|1779656810
|switch|p2a: Moltres|Moltres|100/100
|turn|12
|
|t:|1779656821
|switch|p1a: Iron Treads|Iron Treads|100/100
|-damage|p1a: Iron Treads|88/100|[from] Spikes
|-enditem|p1a: Iron Treads|Booster Energy
|-activate|p1a: Iron Treads|ability: Quark Drive|[fromitem]
|-start|p1a: Iron Treads|quarkdrivespe
|move|p2a: Moltres|Roar|p1a: Iron Treads
|-end|p1a: Iron Treads|Quark Drive|[silent]
|drag|p1a: Zamazenta|Zamazenta|100/100
|-damage|p1a: Zamazenta|88/100|[from] Spikes
|-ability|p1a: Zamazenta|Dauntless Shield|boost
|-boost|p1a: Zamazenta|def|1
|
|upkeep
|turn|13
|
|t:|1779656836
|switch|p1a: Iron Treads|Iron Treads|88/100
|-damage|p1a: Iron Treads|76/100|[from] Spikes
|move|p2a: Moltres|Roar|p1a: Iron Treads
|-end|p1a: Iron Treads|Quark Drive|[silent]
|drag|p1a: Zamazenta|Zamazenta|88/100
|-damage|p1a: Zamazenta|76/100|[from] Spikes
|
|upkeep
|turn|14
|inactive|Alfblu3 has 120 seconds left.
|
|t:|1779656852
|switch|p1a: Fat Boy|Dragonite, M, shiny|100/100
|move|p2a: Moltres|Roar|p1a: Fat Boy
|drag|p1a: Iron Treads|Iron Treads|76/100
|-damage|p1a: Iron Treads|63/100|[from] Spikes
|
|upkeep
|turn|15
|
|t:|1779656862
|move|p1a: Iron Treads|Rapid Spin|p2a: Moltres
|-damage|p2a: Moltres|88/100
|-boost|p1a: Iron Treads|spe|1
|-sideend|p1: Team10thPlanet|Spikes|[from] move: Rapid Spin|[of] p1a: Iron Treads
|move|p2a: Moltres|Flamethrower|p1a: Iron Treads
|-supereffective|p1a: Iron Treads
|-damage|p1a: Iron Treads|0 fnt
|faint|p1a: Iron Treads
|-end|p1a: Iron Treads|Quark Drive|[silent]
|
|upkeep
|
|t:|1779656874
|switch|p1a: Diego ⚡️|Raikou|44/100
|-ability|p1a: Diego ⚡️|Pressure
|turn|16
|
|t:|1779656881
|-terastallize|p1a: Diego ⚡️|Electric
|-terastallize|p2a: Moltres|Grass
|move|p1a: Diego ⚡️|Thunderbolt|p2a: Moltres
|-resisted|p2a: Moltres
|-damage|p2a: Moltres|44/100
|move|p2a: Moltres|U-turn|p1a: Diego ⚡️
|-damage|p1a: Diego ⚡️|27/100
|
|t:|1779656886
|switch|p2a: Garganacl|Garganacl, M|54/100|[from] U-turn
|
|-heal|p2a: Garganacl|60/100|[from] item: Leftovers
|upkeep
|turn|17
|-message|Alfblu3 forfeited.
|
|win|Team10thPlanet
|raw|Team10thPlanet's rating: 1519 &rarr; <strong>1539</strong><br />(+20 for winning)
|raw|Alfblu3's rating: 1512 &rarr; <strong>1492</strong><br />(-20 for losing)
|l|☆Alfblu3
|player|p2|
|l| FaronAan
|l|☆Team10thPlanet
|player|p1|
