|inactive|Battle timer is ON: inactive players will automatically lose when time's up.
|t:|1779569240
|gametype|singles
|player|p1|Kev|wallace-gen3|
|player|p2|The Hisui Region|#thehisuiregion|
|gen|9
|tier|[Gen 9] OU
|rule|HP Percentage Mod: HP is shown in percentages
|rule|Endless Battle Clause: Forcing endless battles is banned
|rule|Species Clause: Limit one of each Pokémon
|rule|OHKO Clause: OHKO moves are banned
|rule|Evasion Items Clause: Evasion items are banned
|rule|Evasion Moves Clause: Evasion moves are banned
|rule|Evasion Abilities Clause: Evasion abilities are banned
|rule|Sleep Moves Clause: Sleep-inducing moves are banned
|clearpoke
|poke|p1|Iron Valiant|
|poke|p1|Iron Moth|
|poke|p1|Dragonite, F|
|poke|p1|Ogerpon-Wellspring, F|
|poke|p1|Landorus-Therian, M|
|poke|p1|Kingambit, F|
|poke|p2|Ogerpon-Cornerstone, F|
|poke|p2|Zapdos|
|poke|p2|Slowking-Galar, F|
|poke|p2|Zamazenta-*|
|poke|p2|Iron Treads|
|poke|p2|Garganacl, F|
|teampreview
|c|☆Kev|hf
|c|☆The Hisui Region|u2
|inactive|The Hisui Region has 270 seconds left.
|inactive|Kev has 270 seconds left.
|
|t:|1779569291
|teamsize|p1|6
|teamsize|p2|6
|start
|switch|p1a: Landorus|Landorus-Therian, M|100/100
|switch|p2a: Zapdos|Zapdos|100/100
|-ability|p1a: Landorus|Intimidate|boost
|-unboost|p2a: Zapdos|atk|1
|turn|1
|
|t:|1779569296
|move|p1a: Landorus|Stealth Rock|p2a: Zapdos
|-sidestart|p2: The Hisui Region|move: Stealth Rock
|move|p2a: Zapdos|Hurricane|p1a: Landorus
|-damage|p1a: Landorus|52/100
|
|upkeep
|turn|2
|
|t:|1779569311
|move|p1a: Landorus|Taunt|p2a: Zapdos
|-start|p2a: Zapdos|move: Taunt
|move|p2a: Zapdos|Hurricane|p1a: Landorus
|-damage|p1a: Landorus|4/100
|
|upkeep
|turn|3
|
|t:|1779569315
|move|p1a: Landorus|U-turn|p2a: Zapdos
|-resisted|p2a: Zapdos
|-damage|p2a: Zapdos|93/100
|
|t:|1779569324
|switch|p1a: Kingambit|Kingambit, F|100/100|[from] U-turn
|move|p2a: Zapdos|Discharge|p1a: Kingambit
|-damage|p1a: Kingambit|66/100
|
|-heal|p1a: Kingambit|72/100|[from] item: Leftovers
|upkeep
|turn|4
|
|t:|1779569337
|move|p2a: Zapdos|Discharge|p1a: Kingambit
|-damage|p1a: Kingambit|38/100
|-status|p1a: Kingambit|par
|cant|p1a: Kingambit|par
|
|-heal|p1a: Kingambit|44/100 par|[from] item: Leftovers
|-end|p2a: Zapdos|move: Taunt
|upkeep
|turn|5
|
|t:|1779569359
|move|p2a: Zapdos|Discharge|p1a: Kingambit
|-damage|p1a: Kingambit|13/100 par
|cant|p1a: Kingambit|par
|
|-heal|p1a: Kingambit|19/100 par|[from] item: Leftovers
|upkeep
|turn|6
|c|☆The Hisui Region|Omg sorry
|
|t:|1779569365
|move|p1a: Kingambit|Sucker Punch|p2a: Zapdos
|-damage|p2a: Zapdos|64/100
|move|p2a: Zapdos|Discharge|p1a: Kingambit
|-damage|p1a: Kingambit|0 fnt
|faint|p1a: Kingambit
|-end|p1a: Kingambit|fallenundefined|[silent]
|
|upkeep
|
|t:|1779569369
|switch|p1a: Iron Moth|Iron Moth|100/100
|-enditem|p1a: Iron Moth|Booster Energy
|-activate|p1a: Iron Moth|ability: Quark Drive|[fromitem]
|-start|p1a: Iron Moth|quarkdrivespe
|turn|7
|c|☆The Hisui Region|i parahaxed my last opponent too
|
|t:|1779569373
|switch|p2a: Slowking|Slowking-Galar, F|100/100
|-damage|p2a: Slowking|88/100|[from] Stealth Rock
|move|p1a: Iron Moth|Substitute|p1a: Iron Moth
|-start|p1a: Iron Moth|Substitute
|-damage|p1a: Iron Moth|76/100
|
|upkeep
|turn|8
|
|t:|1779569377
|move|p1a: Iron Moth|Fiery Dance|p2a: Slowking
|-damage|p2a: Slowking|67/100
|move|p2a: Slowking|Psyshock|p1a: Iron Moth
|-supereffective|p1a: Iron Moth
|-end|p1a: Iron Moth|Substitute
|
|upkeep
|turn|9
|
|t:|1779569381
|-end|p1a: Iron Moth|Quark Drive|[silent]
|switch|p1a: Landorus|Landorus-Therian, M|4/100
|-ability|p1a: Landorus|Intimidate|boost
|-unboost|p2a: Slowking|atk|1
|move|p2a: Slowking|Psyshock|p1a: Landorus
|-damage|p1a: Landorus|0 fnt
|faint|p1a: Landorus
|
|upkeep
|
|t:|1779569386
|switch|p1a: Dragonite|Dragonite, F|100/100
|turn|10
|
|t:|1779569402
|switch|p2a: Garganacl|Garganacl, F|100/100
|-damage|p2a: Garganacl|88/100|[from] Stealth Rock
|move|p1a: Dragonite|Dragon Dance|p1a: Dragonite
|-boost|p1a: Dragonite|atk|1
|-boost|p1a: Dragonite|spe|1
|
|-heal|p2a: Garganacl|94/100|[from] item: Leftovers
|upkeep
|turn|11
|
|t:|1779569420
|move|p1a: Dragonite|Dragon Dance|p1a: Dragonite
|-boost|p1a: Dragonite|atk|1
|-boost|p1a: Dragonite|spe|1
|move|p2a: Garganacl|Salt Cure|p1a: Dragonite
|-supereffective|p1a: Dragonite
|-damage|p1a: Dragonite|84/100
|-start|p1a: Dragonite|Salt Cure
|
|-heal|p2a: Garganacl|100/100|[from] item: Leftovers
|-damage|p1a: Dragonite|72/100|[from] Salt Cure
|upkeep
|turn|12
|
|t:|1779569424
|move|p2a: Garganacl|Protect|p2a: Garganacl
|-singleturn|p2a: Garganacl|Protect
|move|p1a: Dragonite|Earthquake|p2a: Garganacl
|-activate|p2a: Garganacl|move: Protect
|
|-damage|p1a: Dragonite|60/100|[from] Salt Cure
|upkeep
|turn|13
|
|t:|1779569427
|-terastallize|p2a: Garganacl|Water
|move|p1a: Dragonite|Earthquake|p2a: Garganacl
|-damage|p2a: Garganacl|47/100
|move|p2a: Garganacl|Ice Punch|p1a: Dragonite
|-supereffective|p1a: Dragonite
|-damage|p1a: Dragonite|0 fnt
|faint|p1a: Dragonite
|
|-heal|p2a: Garganacl|53/100|[from] item: Leftovers
|upkeep
|
|t:|1779569430
|switch|p1a: Ogerpon|Ogerpon-Wellspring, F|100/100
|turn|14
|
|t:|1779569446
|switch|p2a: Zapdos|Zapdos|64/100
|move|p1a: Ogerpon|Horn Leech|p2a: Zapdos
|-resisted|p2a: Zapdos
|-damage|p2a: Zapdos|47/100
|
|upkeep
|turn|15
|
|t:|1779569452
|move|p1a: Ogerpon|Ivy Cudgel|p2a: Zapdos|[anim] Ivy Cudgel Water
|-damage|p2a: Zapdos|2/100
|move|p2a: Zapdos|Roost|p2a: Zapdos
|-heal|p2a: Zapdos|52/100
|-singleturn|p2a: Zapdos|move: Roost
|
|upkeep
|turn|16
|
|t:|1779569460
|move|p1a: Ogerpon|Taunt|p2a: Zapdos
|-start|p2a: Zapdos|move: Taunt
|move|p2a: Zapdos|Hurricane|p1a: Ogerpon|[miss]
|-miss|p2a: Zapdos|p1a: Ogerpon
|
|upkeep
|turn|17
|
|t:|1779569461
|move|p1a: Ogerpon|Ivy Cudgel|p2a: Zapdos|[anim] Ivy Cudgel Water
|-damage|p2a: Zapdos|9/100
|move|p2a: Zapdos|Hurricane|p1a: Ogerpon
|-supereffective|p1a: Ogerpon
|-damage|p1a: Ogerpon|1/100
|
|upkeep
|turn|18
|
|t:|1779569472
|move|p1a: Ogerpon|Ivy Cudgel|p2a: Zapdos|[anim] Ivy Cudgel Water
|-damage|p2a: Zapdos|0 fnt
|faint|p2a: Zapdos
|
|upkeep
|
|t:|1779569476
|switch|p2a: Zamazenta|Zamazenta|100/100
|-damage|p2a: Zamazenta|94/100|[from] Stealth Rock
|-ability|p2a: Zamazenta|Dauntless Shield|boost
|-boost|p2a: Zamazenta|def|1
|turn|19
|
|t:|1779569487
|move|p2a: Zamazenta|Iron Defense|p2a: Zamazenta
|-boost|p2a: Zamazenta|def|2
|move|p1a: Ogerpon|Play Rough|p2a: Zamazenta
|-supereffective|p2a: Zamazenta
|-damage|p2a: Zamazenta|71/100
|
|upkeep
|turn|20
|
|t:|1779569494
|move|p2a: Zamazenta|Body Press|p1a: Ogerpon
|-damage|p1a: Ogerpon|0 fnt
|faint|p1a: Ogerpon
|
|upkeep
|
|t:|1779569500
|switch|p1a: Iron Valiant|Iron Valiant|100/100
|-enditem|p1a: Iron Valiant|Booster Energy
|-activate|p1a: Iron Valiant|ability: Quark Drive|[fromitem]
|-start|p1a: Iron Valiant|quarkdrivespe
|turn|21
|
|t:|1779569510
|move|p1a: Iron Valiant|Moonblast|p2a: Zamazenta
|-supereffective|p2a: Zamazenta
|-damage|p2a: Zamazenta|0 fnt
|faint|p2a: Zamazenta
|
|upkeep
|
|t:|1779569523
|switch|p2a: Slowking|Slowking-Galar, F|99/100
|-damage|p2a: Slowking|88/100|[from] Stealth Rock
|turn|22
|
|t:|1779569528
|-terastallize|p1a: Iron Valiant|Steel
|move|p1a: Iron Valiant|Calm Mind|p1a: Iron Valiant
|-boost|p1a: Iron Valiant|spa|1
|-boost|p1a: Iron Valiant|spd|1
|move|p2a: Slowking|Future Sight|p1a: Iron Valiant
|-start|p2a: Slowking|move: Future Sight
|
|upkeep
|turn|23
|
|t:|1779569530
|move|p1a: Iron Valiant|Calm Mind|p1a: Iron Valiant
|-boost|p1a: Iron Valiant|spa|1
|-boost|p1a: Iron Valiant|spd|1
|move|p2a: Slowking|Flamethrower|p1a: Iron Valiant
|-supereffective|p1a: Iron Valiant
|-damage|p1a: Iron Valiant|48/100
|-status|p1a: Iron Valiant|brn
|
|-damage|p1a: Iron Valiant|42/100 brn|[from] brn
|upkeep
|turn|24
|
|t:|1779569534
|move|p1a: Iron Valiant|Shadow Ball|p2a: Slowking
|-supereffective|p2a: Slowking
|-damage|p2a: Slowking|36/100
|-unboost|p2a: Slowking|spd|1
|move|p2a: Slowking|Flamethrower|p1a: Iron Valiant
|-supereffective|p1a: Iron Valiant
|-crit|p1a: Iron Valiant
|-damage|p1a: Iron Valiant|0 fnt
|faint|p1a: Iron Valiant
|-end|p1a: Iron Valiant|Quark Drive|[silent]
|
|-hint|Future Sight did not hit because the target is fainted.
|upkeep
|
|t:|1779569535
|switch|p1a: Iron Moth|Iron Moth|76/100
|turn|25
|
|t:|1779569542
|move|p1a: Iron Moth|Fiery Dance|p2a: Slowking
|-damage|p2a: Slowking|5/100
|-boost|p1a: Iron Moth|spa|1
|move|p2a: Slowking|Psyshock|p1a: Iron Moth
|-supereffective|p1a: Iron Moth
|-damage|p1a: Iron Moth|0 fnt
|faint|p1a: Iron Moth
|-end|p1a: Iron Moth|Quark Drive|[silent]
|
|win|The Hisui Region
