|j|☆redcueto
|j|☆StormBladeBPB
|t:|1779597194
|gametype|singles
|player|p1|redcueto|265|1195
|player|p2|StormBladeBPB|teamrocket|1240
|gen|9
|tier|[Gen 9] OU
|rated|
|rule|HP Percentage Mod: HP is shown in percentages
|rule|Endless Battle Clause: Forcing endless battles is banned
|rule|Species Clause: Limit one of each Pokémon
|rule|OHKO Clause: OHKO moves are banned
|rule|Evasion Items Clause: Evasion items are banned
|rule|Evasion Moves Clause: Evasion moves are banned
|rule|Evasion Abilities Clause: Evasion abilities are banned
|rule|Sleep Moves Clause: Sleep-inducing moves are banned
|clearpoke
|poke|p1|Dragapult, M|
|poke|p1|Regieleki|
|poke|p1|Rillaboom, M|
|poke|p1|Greninja-*, M|
|poke|p1|Blaziken, M|
|poke|p1|Metagross|
|poke|p2|Hydreigon, M|
|poke|p2|Darkrai|
|poke|p2|Zapdos-Galar|
|poke|p2|Landorus-Therian, M|
|poke|p2|Tornadus-Therian, M|
|poke|p2|Blaziken, F|
|teampreview
|c|☆StormBladeBPB|glhf
|
|t:|1779597206
|teamsize|p1|6
|teamsize|p2|6
|start
|switch|p1a: Metagross|Metagross, shiny|100/100
|switch|p2a: Kicken|Blaziken, F|100/100
|turn|1
|
|t:|1779597214
|move|p2a: Kicken|Substitute|p2a: Kicken
|-start|p2a: Kicken|Substitute
|-damage|p2a: Kicken|76/100
|move|p1a: Metagross|Earthquake|p2a: Kicken
|-supereffective|p2a: Kicken
|-end|p2a: Kicken|Substitute
|
|-ability|p2a: Kicken|Speed Boost|boost
|-boost|p2a: Kicken|spe|1
|upkeep
|turn|2
|
|t:|1779597223
|move|p2a: Kicken|Overheat|p1a: Metagross
|-supereffective|p1a: Metagross
|-damage|p1a: Metagross|0 fnt
|-unboost|p2a: Kicken|spa|2
|faint|p1a: Metagross
|
|-ability|p2a: Kicken|Speed Boost|boost
|-boost|p2a: Kicken|spe|1
|upkeep
|
|t:|1779597242
|switch|p1a: Blaziken|Blaziken, M, shiny|100/100
|turn|3
|
|t:|1779597248
|-terastallize|p2a: Kicken|Ghost
|move|p2a: Kicken|Substitute|p2a: Kicken
|-start|p2a: Kicken|Substitute
|-damage|p2a: Kicken|51/100
|move|p1a: Blaziken|Brick Break|p2a: Kicken
|-immune|p2a: Kicken
|
|-ability|p2a: Kicken|Speed Boost|boost
|-boost|p2a: Kicken|spe|1
|-ability|p1a: Blaziken|Speed Boost|boost
|-boost|p1a: Blaziken|spe|1
|upkeep
|turn|4
|
|t:|1779597265
|move|p2a: Kicken|Focus Energy|p2a: Kicken
|-start|p2a: Kicken|move: Focus Energy
|move|p1a: Blaziken|Swords Dance|p1a: Blaziken
|-boost|p1a: Blaziken|atk|2
|
|-ability|p2a: Kicken|Speed Boost|boost
|-boost|p2a: Kicken|spe|1
|-ability|p1a: Blaziken|Speed Boost|boost
|-boost|p1a: Blaziken|spe|1
|upkeep
|turn|5
|
|t:|1779597275
|move|p2a: Kicken|Close Combat|p1a: Blaziken
|-crit|p1a: Blaziken
|-enditem|p1a: Blaziken|Focus Sash
|-damage|p1a: Blaziken|1/100
|-unboost|p2a: Kicken|def|1
|-unboost|p2a: Kicken|spd|1
|move|p1a: Blaziken|Fire Punch|p2a: Kicken
|-end|p2a: Kicken|Substitute
|
|-ability|p2a: Kicken|Speed Boost|boost
|-boost|p2a: Kicken|spe|1
|-ability|p1a: Blaziken|Speed Boost|boost
|-boost|p1a: Blaziken|spe|1
|upkeep
|turn|6
|
|t:|1779597288
|move|p1a: Blaziken|Protect|p1a: Blaziken
|-singleturn|p1a: Blaziken|Protect
|move|p2a: Kicken|Close Combat|p1a: Blaziken
|-activate|p1a: Blaziken|move: Protect
|
|-ability|p2a: Kicken|Speed Boost|boost
|-boost|p2a: Kicken|spe|1
|-ability|p1a: Blaziken|Speed Boost|boost
|-boost|p1a: Blaziken|spe|1
|upkeep
|turn|7
|
|t:|1779597299
|move|p2a: Kicken|Close Combat|p1a: Blaziken
|-crit|p1a: Blaziken
|-damage|p1a: Blaziken|0 fnt
|-unboost|p2a: Kicken|def|1
|-unboost|p2a: Kicken|spd|1
|faint|p1a: Blaziken
|
|upkeep
|
|t:|1779597307
|switch|p1a: Dragapult|Dragapult, M, shiny|100/100
|turn|8
|
|t:|1779597311
|move|p2a: Kicken|Overheat|p1a: Dragapult
|-resisted|p1a: Dragapult
|-crit|p1a: Dragapult
|-damage|p1a: Dragapult|35/100
|-unboost|p2a: Kicken|spa|2
|move|p1a: Dragapult|Dragon Darts|p2a: Kicken
|-damage|p2a: Kicken|0 fnt
|faint|p2a: Kicken
|
|upkeep
|
|t:|1779597321
|switch|p2a: ProtoIncin|Landorus-Therian, M|100/100
|-ability|p2a: ProtoIncin|Intimidate|boost
|-unboost|p1a: Dragapult|atk|1
|turn|9
|
|t:|1779597329
|move|p1a: Dragapult|Dragon Darts|p2a: ProtoIncin
|-damage|p2a: ProtoIncin|78/100
|-anim|p1a: Dragapult|Dragon Darts|p2a: ProtoIncin
|-damage|p2a: ProtoIncin|55/100
|move|p2a: ProtoIncin|Earth Power|p1a: Dragapult
|-damage|p1a: Dragapult|0 fnt
|faint|p1a: Dragapult
|
|upkeep
|
|t:|1779597338
|switch|p1a: Rillaboom|Rillaboom, M|100/100
|-fieldstart|move: Grassy Terrain|[from] ability: Grassy Surge|[of] p1a: Rillaboom
|-enditem|p1a: Rillaboom|Grassy Seed
|-boost|p1a: Rillaboom|def|1|[from] item: Grassy Seed
|turn|10
|
|t:|1779597344
|move|p2a: ProtoIncin|Sludge Wave|p1a: Rillaboom
|-supereffective|p1a: Rillaboom
|-damage|p1a: Rillaboom|37/100
|move|p1a: Rillaboom|Drum Beating|p2a: ProtoIncin
|-damage|p2a: ProtoIncin|0 fnt
|faint|p2a: ProtoIncin
|
|-heal|p1a: Rillaboom|43/100|[from] Grassy Terrain
|upkeep
|
|t:|1779597348
|switch|p2a: Birdman|Tornadus-Therian, M|100/100
|turn|11
|
|t:|1779597359
|move|p2a: Birdman|Bleakwind Storm|p1a: Rillaboom
|-supereffective|p1a: Rillaboom
|-damage|p1a: Rillaboom|0 fnt
|faint|p1a: Rillaboom
|
|upkeep
|
|t:|1779597365
|switch|p1a: Regieleki|Regieleki, shiny|100/100
|-item|p1a: Regieleki|Air Balloon
|turn|12
|
|t:|1779597369
|move|p1a: Regieleki|Thunderbolt|p2a: Birdman
|-supereffective|p2a: Birdman
|-damage|p2a: Birdman|0 fnt
|faint|p2a: Birdman
|
|upkeep
|
|t:|1779597373
|switch|p2a: Ridley|Hydreigon, M|100/100
|turn|13
|
|t:|1779597376
|move|p1a: Regieleki|Thunder Cage|p2a: Ridley
|-resisted|p2a: Ridley
|-damage|p2a: Ridley|75/100
|-activate|p2a: Ridley|move: Thunder Cage|[of] p1a: Regieleki
|move|p2a: Ridley|Focus Energy|p2a: Ridley
|-start|p2a: Ridley|move: Focus Energy
|
|-damage|p2a: Ridley|62/100|[from] move: Thunder Cage|[partiallytrapped]
|upkeep
|turn|14
|
|t:|1779597385
|move|p1a: Regieleki|Thunderbolt|p2a: Ridley
|-resisted|p2a: Ridley
|-damage|p2a: Ridley|33/100
|-status|p2a: Ridley|par
|move|p2a: Ridley|Draco Meteor|p1a: Regieleki|[miss]
|-miss|p2a: Ridley|p1a: Regieleki
|
|-damage|p2a: Ridley|21/100 par|[from] move: Thunder Cage|[partiallytrapped]
|-fieldend|move: Grassy Terrain
|upkeep
|turn|15
|
|t:|1779597396
|move|p1a: Regieleki|Ancient Power|p2a: Ridley
|-damage|p2a: Ridley|2/100 par
|move|p2a: Ridley|Draco Meteor|p1a: Regieleki
|-crit|p1a: Regieleki
|-damage|p1a: Regieleki|0 fnt
|-unboost|p2a: Ridley|spa|2
|-enditem|p1a: Regieleki|Air Balloon
|faint|p1a: Regieleki
|
|-end|p2a: Ridley|Thunder Cage|[partiallytrapped]|[silent]
|upkeep
|
|t:|1779597406
|switch|p1a: Greninja|Greninja, M|100/100
|turn|16
|
|t:|1779597410
|move|p1a: Greninja|Surf|p2a: Ridley
|-resisted|p2a: Ridley
|-damage|p2a: Ridley|0 fnt
|faint|p2a: Ridley
|-ability|p1a: Greninja|Battle Bond|boost
|-boost|p1a: Greninja|atk|1
|-boost|p1a: Greninja|spa|1
|-boost|p1a: Greninja|spe|1
|-activate|p1a: Greninja|ability: Battle Bond
|-damage|p1a: Greninja|91/100|[from] item: Life Orb
|
|upkeep
|
|t:|1779597413
|switch|p2a: Dash|Zapdos-Galar|100/100
|turn|17
|
|t:|1779597430
|-terastallize|p1a: Greninja|Water
|move|p1a: Greninja|Extrasensory|p2a: Dash
|-supereffective|p2a: Dash
|-crit|p2a: Dash
|-damage|p2a: Dash|0 fnt
|faint|p2a: Dash
|-damage|p1a: Greninja|81/100|[from] item: Life Orb
|
|upkeep
|
|t:|1779597435
|switch|p2a: Zero 3|Darkrai|100/100
|turn|18
|c|☆StormBladeBPB|gg
|
|t:|1779597440
|move|p1a: Greninja|Surf|p2a: Zero 3
|-damage|p2a: Zero 3|0 fnt
|faint|p2a: Zero 3
|-damage|p1a: Greninja|71/100|[from] item: Life Orb
|
|win|redcueto
|raw|redcueto's rating: 1195 &rarr; <strong>1223</strong><br />(+28 for winning)
|raw|StormBladeBPB's rating: 1240 &rarr; <strong>1212</strong><br />(-28 for losing)
|l|☆StormBladeBPB
|player|p2|
|l|☆redcueto
|player|p1|
