|j|☆Thederpa1
|j|☆loading screens
|t:|1779692560
|gametype|singles
|player|p1|Thederpa1|swimmer-gen4dp|1455
|player|p2|loading screens|harlequin|1337
|gen|9
|tier|[Gen 9] OU
|rated|
|rule|HP Percentage Mod: HP is shown in percentages
|rule|Endless Battle Clause: Forcing endless battles is banned
|rule|Species Clause: Limit one of each Pokémon
|rule|OHKO Clause: OHKO moves are banned
|rule|Evasion Items Clause: Evasion items are banned
|rule|Evasion Moves Clause: Evasion moves are banned
|rule|Evasion Abilities Clause: Evasion abilities are banned
|rule|Sleep Moves Clause: Sleep-inducing moves are banned
|clearpoke
|poke|p1|Great Tusk|
|poke|p1|Gholdengo|
|poke|p1|Volcanion|
|poke|p1|Scream Tail|
|poke|p1|Ogerpon-Wellspring, F|
|poke|p1|Hoopa-Unbound|
|poke|p2|Dragonite, F|
|poke|p2|Ting-Lu|
|poke|p2|Clefable, M|
|poke|p2|Pecharunt|
|poke|p2|Heatran, M|
|poke|p2|Zamazenta-*|
|teampreview
|
|t:|1779692567
|teamsize|p1|6
|teamsize|p2|6
|start
|switch|p1a: Volcanion|Volcanion|100/100
|switch|p2a: Pecharunt|Pecharunt|100/100
|turn|1
|inactive|Battle timer is ON: inactive players will automatically lose when time's up. (requested by loading screens)
|
|t:|1779692569
|move|p2a: Pecharunt|Toxic|p1a: Volcanion
|-status|p1a: Volcanion|tox
|-start|p1a: Volcanion|confusion|[from] ability: Poison Puppeteer|[of] p2a: Pecharunt
|-activate|p1a: Volcanion|confusion
|move|p1a: Volcanion|Steam Eruption|p2a: Pecharunt
|-damage|p2a: Pecharunt|42/100
|
|-damage|p1a: Volcanion|94/100 tox|[from] psn
|upkeep
|turn|2
|
|t:|1779692585
|move|p2a: Pecharunt|Recover|p2a: Pecharunt
|-heal|p2a: Pecharunt|92/100
|-activate|p1a: Volcanion|confusion
|move|p1a: Volcanion|Steam Eruption|p2a: Pecharunt
|-damage|p2a: Pecharunt|24/100
|
|-damage|p1a: Volcanion|82/100 tox|[from] psn
|upkeep
|turn|3
|
|t:|1779692593
|move|p2a: Pecharunt|Recover|p2a: Pecharunt
|-heal|p2a: Pecharunt|74/100
|-end|p1a: Volcanion|confusion
|move|p1a: Volcanion|Steam Eruption|p2a: Pecharunt
|-damage|p2a: Pecharunt|9/100
|
|-damage|p1a: Volcanion|64/100 tox|[from] psn
|upkeep
|turn|4
|
|t:|1779692601
|move|p2a: Pecharunt|Parting Shot|p1a: Volcanion
|-unboost|p1a: Volcanion|atk|1
|-unboost|p1a: Volcanion|spa|1
|
|t:|1779692606
|switch|p2a: Clefable|Clefable, M|100/100|[from] Parting Shot
|move|p1a: Volcanion|Steam Eruption|p2a: Clefable
|-damage|p2a: Clefable|61/100
|
|-heal|p2a: Clefable|68/100|[from] item: Leftovers
|-damage|p1a: Volcanion|40/100 tox|[from] psn
|upkeep
|turn|5
|
|t:|1779692610
|switch|p1a: Scream Tail|Scream Tail|100/100
|move|p2a: Clefable|Calm Mind|p2a: Clefable
|-boost|p2a: Clefable|spa|1
|-boost|p2a: Clefable|spd|1
|
|-heal|p2a: Clefable|74/100|[from] item: Leftovers
|upkeep
|turn|6
|
|t:|1779692617
|move|p1a: Scream Tail|Psychic Noise|p2a: Clefable
|-damage|p2a: Clefable|61/100
|-start|p2a: Clefable|move: Heal Block
|move|p2a: Clefable|Knock Off|p1a: Scream Tail
|-damage|p1a: Scream Tail|88/100
|-enditem|p1a: Scream Tail|Leftovers|[from] move: Knock Off|[of] p2a: Clefable
|
|upkeep
|turn|7
|
|t:|1779692624
|move|p1a: Scream Tail|Stealth Rock|p2a: Clefable
|-sidestart|p2: loading screens|move: Stealth Rock
|move|p2a: Clefable|Calm Mind|p2a: Clefable
|-boost|p2a: Clefable|spa|1
|-boost|p2a: Clefable|spd|1
|
|-end|p2a: Clefable|move: Heal Block
|upkeep
|turn|8
|
|t:|1779692629
|move|p1a: Scream Tail|Psychic Noise|p2a: Clefable
|-damage|p2a: Clefable|52/100
|-start|p2a: Clefable|move: Heal Block
|cant|p2a: Clefable|move: Heal Block|Moonlight
|
|upkeep
|turn|9
|
|t:|1779692638
|-end|p1a: Scream Tail|Protosynthesis|[silent]
|switch|p1a: Gholdengo|Gholdengo|100/100
|move|p2a: Clefable|Calm Mind|p2a: Clefable
|-boost|p2a: Clefable|spa|1
|-boost|p2a: Clefable|spd|1
|
|-end|p2a: Clefable|move: Heal Block
|upkeep
|turn|10
|
|t:|1779692642
|move|p1a: Gholdengo|Trick|p2a: Clefable
|-activate|p1a: Gholdengo|move: Trick|[of] p2a: Clefable
|-item|p2a: Clefable|Choice Scarf|[from] move: Trick
|-item|p1a: Gholdengo|Leftovers|[from] move: Trick
|move|p2a: Clefable|Moonlight|p2a: Clefable
|-heal|p2a: Clefable|100/100
|
|upkeep
|turn|11
|inactive|Thederpa1 has 120 seconds left.
|
|t:|1779692679
|switch|p2a: Pecharunt|Pecharunt|9/100
|move|p1a: Gholdengo|Shadow Ball|p2a: Pecharunt
|-supereffective|p2a: Pecharunt
|-damage|p2a: Pecharunt|0 fnt
|faint|p2a: Pecharunt
|
|upkeep
|
|t:|1779692681
|switch|p2a: Heatran|Heatran, M|100/100
|-damage|p2a: Heatran|88/100|[from] Stealth Rock
|turn|12
|inactive|Thederpa1 has 120 seconds left.
|
|t:|1779692692
|switch|p1a: Hoopa|Hoopa-Unbound|100/100
|move|p2a: Heatran|Magma Storm|p1a: Hoopa|[miss]
|-miss|p2a: Heatran|p1a: Hoopa
|
|-heal|p2a: Heatran|94/100|[from] item: Leftovers
|upkeep
|turn|13
|
|t:|1779692699
|move|p1a: Hoopa|Drain Punch|p2a: Heatran
|-supereffective|p2a: Heatran
|-damage|p2a: Heatran|15/100
|move|p2a: Heatran|Magma Storm|p1a: Hoopa
|-damage|p1a: Hoopa|63/100
|-activate|p1a: Hoopa|move: Magma Storm|[of] p2a: Heatran
|
|-heal|p2a: Heatran|21/100|[from] item: Leftovers
|-damage|p1a: Hoopa|51/100|[from] move: Magma Storm|[partiallytrapped]
|upkeep
|turn|14
|
|t:|1779692706
|switch|p2a: Zamazenta|Zamazenta|100/100
|-ability|p2a: Zamazenta|Dauntless Shield|boost
|-boost|p2a: Zamazenta|def|1
|move|p1a: Hoopa|Drain Punch|p2a: Zamazenta
|-damage|p2a: Zamazenta|70/100
|-heal|p1a: Hoopa|67/100|[from] drain|[of] p2a: Zamazenta
|
|-end|p1a: Hoopa|Magma Storm|[partiallytrapped]|[silent]
|upkeep
|turn|15
|-message|loading screens forfeited.
|
|win|Thederpa1
|raw|Thederpa1's rating: 1455 &rarr; <strong>1468</strong><br />(+13 for winning)
|raw|loading screens's rating: 1337 &rarr; <strong>1324</strong><br />(-13 for losing)
|l|☆loading screens
|player|p2|
|l|☆Thederpa1
|player|p1|
