|j|☆uigjhkkj
|j|☆Dearaurora
|t:|1779560608
|gametype|singles
|player|p1|uigjhkkj|169|1308
|player|p2|Dearaurora|gwynn|1339
|gen|9
|tier|[Gen 9] OU
|rated|
|rule|HP Percentage Mod: HP is shown in percentages
|rule|Endless Battle Clause: Forcing endless battles is banned
|rule|Species Clause: Limit one of each Pokémon
|rule|OHKO Clause: OHKO moves are banned
|rule|Evasion Items Clause: Evasion items are banned
|rule|Evasion Moves Clause: Evasion moves are banned
|rule|Evasion Abilities Clause: Evasion abilities are banned
|rule|Sleep Moves Clause: Sleep-inducing moves are banned
|clearpoke
|poke|p1|Landorus-Therian, M|
|poke|p1|Zamazenta-*|
|poke|p1|Dragapult, F|
|poke|p1|Iron Moth|
|poke|p1|Ditto|
|poke|p1|Blastoise, M|
|poke|p2|Gholdengo|
|poke|p2|Iron Treads|
|poke|p2|Moltres|
|poke|p2|Zamazenta-*|
|poke|p2|Samurott-Hisui, M|
|poke|p2|Garganacl, M|
|teampreview
|inactive|Battle timer is ON: inactive players will automatically lose when time's up. (requested by Dearaurora)
|inactive|uigjhkkj also wants the timer to be on.
|
|t:|1779560613
|teamsize|p1|6
|teamsize|p2|6
|start
|switch|p1a: Dragapult|Dragapult, F|100/100
|switch|p2a: Samurott|Samurott-Hisui, M|100/100
|turn|1
|
|t:|1779560619
|move|p2a: Samurott|Ceaseless Edge|p1a: Dragapult
|-supereffective|p1a: Dragapult
|-damage|p1a: Dragapult|0 fnt
|-sidestart|p1: uigjhkkj|Spikes
|faint|p1a: Dragapult
|
|upkeep
|
|t:|1779560622
|switch|p1a: Zamazenta|Zamazenta|100/100
|-damage|p1a: Zamazenta|88/100|[from] Spikes
|-ability|p1a: Zamazenta|Dauntless Shield|boost
|-boost|p1a: Zamazenta|def|1
|turn|2
|
|t:|1779560626
|switch|p2a: Gholdengo|Gholdengo|100/100
|-item|p2a: Gholdengo|Air Balloon
|move|p1a: Zamazenta|Substitute|p1a: Zamazenta
|-start|p1a: Zamazenta|Substitute
|-damage|p1a: Zamazenta|63/100
|
|-heal|p1a: Zamazenta|69/100|[from] item: Leftovers
|upkeep
|turn|3
|
|t:|1779560632
|-terastallize|p1a: Zamazenta|Dark
|move|p1a: Zamazenta|Crunch|p2a: Gholdengo
|-supereffective|p2a: Gholdengo
|-damage|p2a: Gholdengo|36/100
|-enditem|p2a: Gholdengo|Air Balloon
|move|p2a: Gholdengo|Thunderbolt|p1a: Zamazenta
|-end|p1a: Zamazenta|Substitute
|
|-heal|p1a: Zamazenta|76/100|[from] item: Leftovers
|upkeep
|turn|4
|
|t:|1779560643
|switch|p2a: Moltres|Moltres|100/100
|move|p1a: Zamazenta|Crunch|p2a: Moltres
|-damage|p2a: Moltres|77/100
|-status|p1a: Zamazenta|brn|[from] ability: Flame Body|[of] p2a: Moltres
|
|-heal|p1a: Zamazenta|82/100 brn|[from] item: Leftovers
|-damage|p1a: Zamazenta|76/100 brn|[from] brn
|upkeep
|turn|5
|
|t:|1779560647
|move|p1a: Zamazenta|Substitute|p1a: Zamazenta
|-start|p1a: Zamazenta|Substitute
|-damage|p1a: Zamazenta|51/100 brn
|move|p2a: Moltres|Flamethrower|p1a: Zamazenta
|-end|p1a: Zamazenta|Substitute
|
|-heal|p1a: Zamazenta|57/100 brn|[from] item: Leftovers
|-damage|p1a: Zamazenta|51/100 brn|[from] brn
|upkeep
|turn|6
|
|t:|1779560650
|switch|p1a: Blastoise|Blastoise, M|100/100
|-damage|p1a: Blastoise|88/100|[from] Spikes
|move|p2a: Moltres|Flamethrower|p1a: Blastoise
|-resisted|p1a: Blastoise
|-damage|p1a: Blastoise|69/100
|
|upkeep
|turn|7
|
|t:|1779560653
|move|p1a: Blastoise|Shell Smash|p1a: Blastoise
|-unboost|p1a: Blastoise|def|1
|-unboost|p1a: Blastoise|spd|1
|-boost|p1a: Blastoise|atk|2
|-boost|p1a: Blastoise|spa|2
|-boost|p1a: Blastoise|spe|2
|-enditem|p1a: Blastoise|White Herb
|-clearnegativeboost|p1a: Blastoise|[silent]
|move|p2a: Moltres|Roar|p1a: Blastoise
|drag|p1a: Landorus|Landorus-Therian, M, shiny|100/100
|-ability|p1a: Landorus|Intimidate|boost
|-unboost|p2a: Moltres|atk|1
|
|upkeep
|turn|8
|
|t:|1779560655
|move|p1a: Landorus|Stone Edge|p2a: Moltres
|-supereffective|p2a: Moltres
|-damage|p2a: Moltres|0 fnt
|faint|p2a: Moltres
|
|upkeep
|
|t:|1779560660
|switch|p2a: Samurott|Samurott-Hisui, M|100/100
|turn|9
|
|t:|1779560670
|switch|p1a: Blastoise|Blastoise, M|69/100
|-damage|p1a: Blastoise|57/100|[from] Spikes
|move|p2a: Samurott|Ceaseless Edge|p1a: Blastoise
|-damage|p1a: Blastoise|5/100
|-sidestart|p1: uigjhkkj|Spikes
|
|upkeep
|turn|10
|
|t:|1779560674
|move|p2a: Samurott|Ceaseless Edge|p1a: Blastoise|[miss]
|-miss|p2a: Samurott|p1a: Blastoise
|move|p1a: Blastoise|Aura Sphere|p2a: Samurott
|-supereffective|p2a: Samurott
|-damage|p2a: Samurott|35/100
|
|upkeep
|turn|11
|
|t:|1779560676
|move|p2a: Samurott|Ceaseless Edge|p1a: Blastoise
|-damage|p1a: Blastoise|0 fnt
|-sidestart|p1: uigjhkkj|Spikes
|faint|p1a: Blastoise
|
|upkeep
|
|t:|1779560682
|switch|p1a: Landorus|Landorus-Therian, M, shiny|100/100
|-ability|p1a: Landorus|Intimidate|boost
|-unboost|p2a: Samurott|atk|1
|turn|12
|
|t:|1779560684
|move|p1a: Landorus|Earthquake|p2a: Samurott
|-damage|p2a: Samurott|0 fnt
|faint|p2a: Samurott
|
|upkeep
|
|t:|1779560687
|switch|p2a: Zamazenta|Zamazenta|100/100
|-ability|p2a: Zamazenta|Dauntless Shield|boost
|-boost|p2a: Zamazenta|def|1
|turn|13
|
|t:|1779560690
|move|p1a: Landorus|Earthquake|p2a: Zamazenta
|-damage|p2a: Zamazenta|64/100
|move|p2a: Zamazenta|Crunch|p1a: Landorus
|-damage|p1a: Landorus|69/100
|-unboost|p1a: Landorus|def|1
|
|upkeep
|turn|14
|
|t:|1779560697
|switch|p1a: Zamazenta|Zamazenta, tera:Dark|51/100 brn
|-damage|p1a: Zamazenta|26/100 brn|[from] Spikes
|move|p2a: Zamazenta|Crunch|p1a: Zamazenta
|-resisted|p1a: Zamazenta
|-damage|p1a: Zamazenta|17/100 brn
|
|-heal|p1a: Zamazenta|23/100 brn|[from] item: Leftovers
|-damage|p1a: Zamazenta|17/100 brn|[from] brn
|upkeep
|turn|15
|
|t:|1779560700
|switch|p2a: Gholdengo|Gholdengo|36/100
|move|p1a: Zamazenta|Body Press|p2a: Gholdengo
|-immune|p2a: Gholdengo
|
|-heal|p1a: Zamazenta|23/100 brn|[from] item: Leftovers
|-damage|p1a: Zamazenta|17/100 brn|[from] brn
|upkeep
|turn|16
|
|t:|1779560702
|move|p1a: Zamazenta|Crunch|p2a: Gholdengo
|-supereffective|p2a: Gholdengo
|-damage|p2a: Gholdengo|2/100
|move|p2a: Gholdengo|Recover|p2a: Gholdengo
|-heal|p2a: Gholdengo|52/100
|
|-heal|p1a: Zamazenta|23/100 brn|[from] item: Leftovers
|-damage|p1a: Zamazenta|17/100 brn|[from] brn
|upkeep
|turn|17
|
|t:|1779560704
|move|p1a: Zamazenta|Crunch|p2a: Gholdengo
|-supereffective|p2a: Gholdengo
|-damage|p2a: Gholdengo|18/100
|move|p2a: Gholdengo|Recover|p2a: Gholdengo
|-heal|p2a: Gholdengo|69/100
|
|-heal|p1a: Zamazenta|23/100 brn|[from] item: Leftovers
|-damage|p1a: Zamazenta|17/100 brn|[from] brn
|upkeep
|turn|18
|
|t:|1779560707
|move|p1a: Zamazenta|Crunch|p2a: Gholdengo
|-supereffective|p2a: Gholdengo
|-damage|p2a: Gholdengo|37/100
|move|p2a: Gholdengo|Recover|p2a: Gholdengo
|-heal|p2a: Gholdengo|87/100
|
|-heal|p1a: Zamazenta|23/100 brn|[from] item: Leftovers
|-damage|p1a: Zamazenta|17/100 brn|[from] brn
|upkeep
|turn|19
|
|t:|1779560710
|move|p1a: Zamazenta|Crunch|p2a: Gholdengo
|-supereffective|p2a: Gholdengo
|-damage|p2a: Gholdengo|52/100
|move|p2a: Gholdengo|Recover|p2a: Gholdengo
|-heal|p2a: Gholdengo|100/100
|
|-heal|p1a: Zamazenta|23/100 brn|[from] item: Leftovers
|-damage|p1a: Zamazenta|17/100 brn|[from] brn
|upkeep
|turn|20
|
|t:|1779560712
|move|p1a: Zamazenta|Crunch|p2a: Gholdengo
|-supereffective|p2a: Gholdengo
|-damage|p2a: Gholdengo|69/100
|move|p2a: Gholdengo|Thunderbolt|p1a: Zamazenta
|-damage|p1a: Zamazenta|0 fnt
|faint|p1a: Zamazenta
|
|upkeep
|
|t:|1779560714
|switch|p1a: Iron Moth|Iron Moth|100/100
|-damage|p1a: Iron Moth|76/100|[from] Spikes
|-enditem|p1a: Iron Moth|Booster Energy
|-activate|p1a: Iron Moth|ability: Quark Drive|[fromitem]
|-start|p1a: Iron Moth|quarkdrivespe
|turn|21
|
|t:|1779560719
|-end|p1a: Iron Moth|Quark Drive|[silent]
|switch|p1a: Landorus|Landorus-Therian, M, shiny|69/100
|-ability|p1a: Landorus|Intimidate|boost
|-unboost|p2a: Gholdengo|atk|1
|switch|p2a: Garganacl|Garganacl, M|100/100
|
|upkeep
|turn|22
|
|t:|1779560726
|-terastallize|p2a: Garganacl|Water
|move|p1a: Landorus|Earthquake|p2a: Garganacl
|-damage|p2a: Garganacl|62/100
|move|p2a: Garganacl|Salt Cure|p1a: Landorus
|-damage|p1a: Landorus|53/100
|-start|p1a: Landorus|Salt Cure
|
|-heal|p2a: Garganacl|68/100|[from] item: Leftovers
|-damage|p1a: Landorus|41/100|[from] Salt Cure
|upkeep
|turn|23
|
|t:|1779560731
|switch|p1a: Ditto|Ditto, shiny|100/100
|-damage|p1a: Ditto|75/100|[from] Spikes
|-transform|p1a: Ditto|p2a: Garganacl|[from] ability: Imposter
|move|p2a: Garganacl|Recover|p2a: Garganacl
|-heal|p2a: Garganacl|100/100
|
|upkeep
|-start|p1a: Ditto|typechange|Rock|[silent]
|turn|24
|
|t:|1779560734
|move|p1a: Ditto|Salt Cure|p2a: Garganacl
|-damage|p2a: Garganacl|92/100
|-start|p2a: Garganacl|Salt Cure
|move|p2a: Garganacl|Body Press|p1a: Ditto
|-supereffective|p1a: Ditto
|-damage|p1a: Ditto|35/100
|
|-heal|p2a: Garganacl|98/100|[from] item: Leftovers
|-damage|p2a: Garganacl|73/100|[from] Salt Cure
|upkeep
|turn|25
|
|t:|1779560739
|switch|p2a: Zamazenta|Zamazenta|64/100
|move|p1a: Ditto|Salt Cure|p2a: Zamazenta
|-resisted|p2a: Zamazenta
|-damage|p2a: Zamazenta|58/100
|-start|p2a: Zamazenta|Salt Cure
|
|-damage|p2a: Zamazenta|46/100|[from] Salt Cure
|upkeep
|turn|26
|
|t:|1779560745
|switch|p1a: Iron Moth|Iron Moth|76/100
|-damage|p1a: Iron Moth|51/100|[from] Spikes
|move|p2a: Zamazenta|Close Combat|p1a: Iron Moth
|-resisted|p1a: Iron Moth
|-damage|p1a: Iron Moth|9/100
|-unboost|p2a: Zamazenta|def|1
|-unboost|p2a: Zamazenta|spd|1
|
|-damage|p2a: Zamazenta|33/100|[from] Salt Cure
|upkeep
|turn|27
|
|t:|1779560750
|move|p2a: Zamazenta|Close Combat|p1a: Iron Moth
|-resisted|p1a: Iron Moth
|-damage|p1a: Iron Moth|0 fnt
|-unboost|p2a: Zamazenta|def|1
|-unboost|p2a: Zamazenta|spd|1
|faint|p1a: Iron Moth
|-end|p1a: Iron Moth|Quark Drive|[silent]
|
|-damage|p2a: Zamazenta|21/100|[from] Salt Cure
|upkeep
|
|t:|1779560752
|switch|p1a: Landorus|Landorus-Therian, M, shiny|41/100
|-ability|p1a: Landorus|Intimidate|boost
|-unboost|p2a: Zamazenta|atk|1
|turn|28
|
|t:|1779560756
|switch|p2a: Garganacl|Garganacl, M, tera:Water|73/100
|move|p1a: Landorus|Earthquake|p2a: Garganacl
|-damage|p2a: Garganacl|33/100
|
|-heal|p2a: Garganacl|39/100|[from] item: Leftovers
|upkeep
|turn|29
|
|t:|1779560758
|move|p1a: Landorus|Earthquake|p2a: Garganacl
|-damage|p2a: Garganacl|0 fnt
|faint|p2a: Garganacl
|
|upkeep
|
|t:|1779560763
|switch|p2a: Gholdengo|Gholdengo|69/100
|turn|30
|
|t:|1779560765
|move|p1a: Landorus|Earthquake|p2a: Gholdengo
|-supereffective|p2a: Gholdengo
|-damage|p2a: Gholdengo|0 fnt
|faint|p2a: Gholdengo
|
|upkeep
|
|t:|1779560767
|switch|p2a: Iron Treads|Iron Treads|100/100
|turn|31
|
|t:|1779560769
|move|p1a: Landorus|Earthquake|p2a: Iron Treads
|-supereffective|p2a: Iron Treads
|-damage|p2a: Iron Treads|11/100
|move|p2a: Iron Treads|Ice Spinner|p1a: Landorus
|-supereffective|p1a: Landorus
|-damage|p1a: Landorus|0 fnt
|faint|p1a: Landorus
|
|upkeep
|
|t:|1779560772
|switch|p1a: Ditto|Ditto, shiny|35/100
|-damage|p1a: Ditto|10/100|[from] Spikes
|-transform|p1a: Ditto|p2a: Iron Treads|[from] ability: Imposter
|turn|32
|
|t:|1779560777
|move|p1a: Ditto|Earthquake|p2a: Iron Treads
|-supereffective|p2a: Iron Treads
|-damage|p2a: Iron Treads|0 fnt
|faint|p2a: Iron Treads
|-end|p2a: Iron Treads|Quark Drive|[silent]
|
|upkeep
|
|t:|1779560778
|switch|p2a: Zamazenta|Zamazenta|21/100
|turn|33
|
|t:|1779560790
|move|p1a: Ditto|Earthquake|p2a: Zamazenta
|-damage|p2a: Zamazenta|0 fnt
|faint|p2a: Zamazenta
|
|win|uigjhkkj
|raw|uigjhkkj's rating: 1308 &rarr; <strong>1330</strong><br />(+22 for winning)
|raw|Dearaurora's rating: 1339 &rarr; <strong>1317</strong><br />(-22 for losing)
|l|☆uigjhkkj
|player|p1|
|l|☆Dearaurora
|player|p2|
