|j|☆ihymyly
|j|☆theFirstComing
|t:|1779682771
|gametype|singles
|player|p1|ihymyly|266|1591
|player|p2|theFirstComing|1|1670
|gen|9
|tier|[Gen 9] OU
|rated|
|rule|HP Percentage Mod: HP is shown in percentages
|rule|Endless Battle Clause: Forcing endless battles is banned
|rule|Species Clause: Limit one of each Pokémon
|rule|OHKO Clause: OHKO moves are banned
|rule|Evasion Items Clause: Evasion items are banned
|rule|Evasion Moves Clause: Evasion moves are banned
|rule|Evasion Abilities Clause: Evasion abilities are banned
|rule|Sleep Moves Clause: Sleep-inducing moves are banned
|clearpoke
|poke|p1|Darkrai|
|poke|p1|Skarmory, F|
|poke|p1|Great Tusk|
|poke|p1|Latios, M|
|poke|p1|Weavile, M|
|poke|p1|Ogerpon-Wellspring, F|
|poke|p2|Braviary-Hisui, M|
|poke|p2|Pelipper, M|
|poke|p2|Raging Bolt|
|poke|p2|Kingambit, F|
|poke|p2|Iron Treads|
|poke|p2|Basculegion, M|
|teampreview
|inactive|Battle timer is ON: inactive players will automatically lose when time's up. (requested by theFirstComing)
|inactive|theFirstComing has 120 seconds left.
|
|t:|1779682808
|teamsize|p1|6
|teamsize|p2|6
|start
|switch|p1a: Latios|Latios, M|100/100
|switch|p2a: Kingambit|Kingambit, F|100/100
|-item|p2a: Kingambit|Air Balloon
|turn|1
|
|t:|1779682816
|switch|p1a: Red Bull|Skarmory, F|100/100
|-end|p2a: Kingambit|fallenundefined|[silent]
|switch|p2a: Pelipper|Pelipper, M|100/100
|-weather|RainDance|[from] ability: Drizzle|[of] p2a: Pelipper
|
|-weather|RainDance|[upkeep]
|upkeep
|turn|2
|
|t:|1779682823
|move|p1a: Red Bull|Spikes|p2a: Pelipper
|-sidestart|p2: theFirstComing|Spikes
|move|p2a: Pelipper|U-turn|p1a: Red Bull
|-resisted|p1a: Red Bull
|-damage|p1a: Red Bull|99/100
|-damage|p2a: Pelipper|84/100|[from] item: Rocky Helmet|[of] p1a: Red Bull
|
|t:|1779682829
|switch|p2a: Raging Bolt|Raging Bolt|100/100|[from] U-turn
|-damage|p2a: Raging Bolt|88/100|[from] Spikes
|-enditem|p2a: Raging Bolt|Booster Energy
|-activate|p2a: Raging Bolt|ability: Protosynthesis|[fromitem]
|-start|p2a: Raging Bolt|protosynthesisspa
|
|-weather|RainDance|[upkeep]
|upkeep
|turn|3
|j| Monkey D MinMin
|l| Monkey D MinMin
|
|t:|1779682856
|switch|p1a: almost*evil*jordan|Darkrai, shiny|100/100
|move|p2a: Raging Bolt|Weather Ball|p1a: almost*evil*jordan
|-crit|p1a: almost*evil*jordan
|-damage|p1a: almost*evil*jordan|0 fnt
|faint|p1a: almost*evil*jordan
|
|-weather|RainDance|[upkeep]
|upkeep
|
|t:|1779682864
|switch|p1a: Latios|Latios, M|100/100
|turn|4
|
|t:|1779682868
|-terastallize|p2a: Raging Bolt|Fairy
|move|p1a: Latios|Draco Meteor|p2a: Raging Bolt
|-immune|p2a: Raging Bolt
|move|p2a: Raging Bolt|Draco Meteor|p1a: Latios
|-supereffective|p1a: Latios
|-damage|p1a: Latios|0 fnt
|-unboost|p2a: Raging Bolt|spa|2
|faint|p1a: Latios
|
|-weather|RainDance|[upkeep]
|upkeep
|
|t:|1779682874
|switch|p1a: Ogerpon|Ogerpon-Wellspring, F|100/100
|turn|5
|
|t:|1779682894
|move|p1a: Ogerpon|Swords Dance|p1a: Ogerpon
|-boost|p1a: Ogerpon|atk|2
|move|p2a: Raging Bolt|Thunder|p1a: Ogerpon
|-damage|p1a: Ogerpon|54/100
|-status|p1a: Ogerpon|par
|
|-weather|RainDance|[upkeep]
|upkeep
|turn|6
|j| Eternity o2
|
|t:|1779682908
|move|p2a: Raging Bolt|Draco Meteor|p1a: Ogerpon
|-damage|p1a: Ogerpon|0 fnt
|-unboost|p2a: Raging Bolt|spa|2
|faint|p1a: Ogerpon
|
|-weather|RainDance|[upkeep]
|upkeep
|
|t:|1779682916
|switch|p1a: Mr. -ice Guy|Weavile, M|100/100
|-ability|p1a: Mr. -ice Guy|Pressure
|turn|7
|
|t:|1779682935
|-end|p2a: Raging Bolt|Protosynthesis|[silent]
|switch|p2a: Kingambit|Kingambit, F|100/100
|-item|p2a: Kingambit|Air Balloon
|move|p1a: Mr. -ice Guy|Swords Dance|p1a: Mr. -ice Guy
|-boost|p1a: Mr. -ice Guy|atk|2
|
|-weather|RainDance|[upkeep]
|upkeep
|turn|8
|
|t:|1779682951
|move|p1a: Mr. -ice Guy|Triple Axel|p2a: Kingambit
|-resisted|p2a: Kingambit
|-damage|p2a: Kingambit|93/100
|-enditem|p2a: Kingambit|Air Balloon
|-resisted|p2a: Kingambit
|-damage|p2a: Kingambit|78/100
|-resisted|p2a: Kingambit
|-damage|p2a: Kingambit|56/100
|-hitcount|p2a: Kingambit|3
|move|p2a: Kingambit|Iron Head|p1a: Mr. -ice Guy
|-supereffective|p1a: Mr. -ice Guy
|-damage|p1a: Mr. -ice Guy|0 fnt
|faint|p1a: Mr. -ice Guy
|
|-weather|none
|upkeep
|j| wuxinshushu1
|
|t:|1779682966
|switch|p1a: Red Bull|Skarmory, F|99/100
|turn|9
|
|t:|1779682969
|-end|p2a: Kingambit|fallenundefined|[silent]
|switch|p2a: Pelipper|Pelipper, M|84/100
|-weather|RainDance|[from] ability: Drizzle|[of] p2a: Pelipper
|move|p1a: Red Bull|Body Press|p2a: Pelipper
|-resisted|p2a: Pelipper
|-damage|p2a: Pelipper|73/100
|
|-weather|RainDance|[upkeep]
|upkeep
|turn|10
|
|t:|1779682989
|move|p1a: Red Bull|Brave Bird|p2a: Pelipper
|-damage|p2a: Pelipper|48/100
|-damage|p1a: Red Bull|91/100|[from] Recoil
|move|p2a: Pelipper|U-turn|p1a: Red Bull
|-resisted|p1a: Red Bull
|-damage|p1a: Red Bull|89/100
|-damage|p2a: Pelipper|31/100|[from] item: Rocky Helmet|[of] p1a: Red Bull
|
|t:|1779683000
|switch|p2a: Raging Bolt|Raging Bolt, tera:Fairy|88/100|[from] U-turn
|-damage|p2a: Raging Bolt|76/100|[from] Spikes
|
|-weather|RainDance|[upkeep]
|upkeep
|turn|11
|
|t:|1779683008
|move|p1a: Red Bull|Brave Bird|p2a: Raging Bolt
|-damage|p2a: Raging Bolt|50/100
|-damage|p1a: Red Bull|78/100|[from] Recoil
|move|p2a: Raging Bolt|Weather Ball|p1a: Red Bull
|-damage|p1a: Red Bull|2/100
|
|-weather|RainDance|[upkeep]
|upkeep
|turn|12
|
|t:|1779683016
|move|p1a: Red Bull|Roost|p1a: Red Bull
|-heal|p1a: Red Bull|52/100
|-singleturn|p1a: Red Bull|move: Roost
|move|p2a: Raging Bolt|Weather Ball|p1a: Red Bull
|-damage|p1a: Red Bull|0 fnt
|faint|p1a: Red Bull
|
|-weather|RainDance|[upkeep]
|upkeep
|
|t:|1779683020
|switch|p1a: Primal Schnoz|Great Tusk|100/100
|turn|13
|
|t:|1779683025
|move|p1a: Primal Schnoz|Headlong Rush|p2a: Raging Bolt
|-damage|p2a: Raging Bolt|6/100
|-unboost|p1a: Primal Schnoz|def|1
|-unboost|p1a: Primal Schnoz|spd|1
|move|p2a: Raging Bolt|Draco Meteor|p1a: Primal Schnoz
|-damage|p1a: Primal Schnoz|0 fnt
|-unboost|p2a: Raging Bolt|spa|2
|faint|p1a: Primal Schnoz
|-end|p1a: Primal Schnoz|Protosynthesis|[silent]
|
|win|theFirstComing
|raw|ihymyly's rating: 1591 &rarr; <strong>1575</strong><br />(-16 for losing)
|raw|theFirstComing's rating: 1670 &rarr; <strong>1686</strong><br />(+16 for winning)
|l|☆ihymyly
|player|p1|
|l|☆theFirstComing
|player|p2|
|l| wuxinshushu1
