|j|☆ryanman7
|j|☆Morthill
|t:|1779656191
|gametype|singles
|player|p1|ryanman7|skier|1415
|player|p2|Morthill|lucas|1425
|gen|9
|tier|[Gen 9] OU
|rated|
|rule|HP Percentage Mod: HP is shown in percentages
|rule|Endless Battle Clause: Forcing endless battles is banned
|rule|Species Clause: Limit one of each Pokémon
|rule|OHKO Clause: OHKO moves are banned
|rule|Evasion Items Clause: Evasion items are banned
|rule|Evasion Moves Clause: Evasion moves are banned
|rule|Evasion Abilities Clause: Evasion abilities are banned
|rule|Sleep Moves Clause: Sleep-inducing moves are banned
|clearpoke
|poke|p1|Gyarados, M|
|poke|p1|Ursaluna, M|
|poke|p1|Clefable, F|
|poke|p1|Dragapult, M|
|poke|p1|Amoonguss, M|
|poke|p1|Iron Treads|
|poke|p2|Heatran, M|
|poke|p2|Cetitan, M|
|poke|p2|Ninetales-Alola, M|
|poke|p2|Frosmoth, M|
|poke|p2|Kyurem|
|poke|p2|Avalugg, M|
|teampreview
|inactive|Battle timer is ON: inactive players will automatically lose when time's up. (requested by Morthill)
|
|t:|1779656206
|teamsize|p1|6
|teamsize|p2|6
|start
|switch|p1a: Dragapult|Dragapult, M|100/100
|switch|p2a: Heatran|Heatran, M|100/100
|turn|1
|
|t:|1779656211
|move|p1a: Dragapult|U-turn|p2a: Heatran
|-resisted|p2a: Heatran
|-damage|p2a: Heatran|96/100
|
|t:|1779656234
|switch|p1a: Ursaluna|Ursaluna, M|100/100|[from] U-turn
|move|p2a: Heatran|Magma Storm|p1a: Ursaluna
|-damage|p1a: Ursaluna|45/100
|-activate|p1a: Ursaluna|move: Magma Storm|[of] p2a: Heatran
|
|-damage|p1a: Ursaluna|32/100|[from] move: Magma Storm|[partiallytrapped]
|-status|p1a: Ursaluna|brn|[from] item: Flame Orb
|upkeep
|turn|2
|
|t:|1779656244
|switch|p2a: Avalugg|Avalugg, M|100/100
|move|p1a: Ursaluna|Headlong Rush|p2a: Avalugg
|-damage|p2a: Avalugg|58/100
|-unboost|p1a: Ursaluna|def|1
|-unboost|p1a: Ursaluna|spd|1
|-damage|p1a: Ursaluna|16/100 brn|[from] item: Rocky Helmet|[of] p2a: Avalugg
|
|-damage|p1a: Ursaluna|10/100 brn|[from] brn
|-end|p1a: Ursaluna|Magma Storm|[partiallytrapped]|[silent]
|upkeep
|turn|3
|
|t:|1779656248
|move|p1a: Ursaluna|Facade|p2a: Avalugg
|-damage|p2a: Avalugg|10/100
|-damage|p1a: Ursaluna|0 fnt|[from] item: Rocky Helmet|[of] p2a: Avalugg
|faint|p1a: Ursaluna
|move|p2a: Avalugg|Recover|p2a: Avalugg
|-heal|p2a: Avalugg|60/100
|
|upkeep
|
|t:|1779656252
|switch|p1a: Dragapult|Dragapult, M|100/100
|turn|4
|
|t:|1779656260
|switch|p2a: Ninetales|Ninetales-Alola, M, shiny|100/100
|-weather|Snowscape|[from] ability: Snow Warning|[of] p2a: Ninetales
|move|p1a: Dragapult|U-turn|p2a: Ninetales
|-resisted|p2a: Ninetales
|-damage|p2a: Ninetales|94/100
|
|t:|1779656264
|switch|p1a: Iron Treads|Iron Treads|100/100|[from] U-turn
|
|-weather|Snowscape|[upkeep]
|upkeep
|turn|5
|
|t:|1779656267
|move|p1a: Iron Treads|Knock Off|p2a: Ninetales
|-resisted|p2a: Ninetales
|-damage|p2a: Ninetales|82/100
|-enditem|p2a: Ninetales|Light Clay|[from] move: Knock Off|[of] p1a: Iron Treads
|move|p2a: Ninetales|Aurora Veil|p2a: Ninetales
|-sidestart|p2: Morthill|move: Aurora Veil
|
|-weather|Snowscape|[upkeep]
|upkeep
|turn|6
|
|t:|1779656277
|switch|p2a: Cetitan|Cetitan, M, shiny|100/100
|move|p1a: Iron Treads|Earthquake|p2a: Cetitan
|-crit|p2a: Cetitan
|-damage|p2a: Cetitan|56/100
|
|-weather|Snowscape|[upkeep]
|upkeep
|turn|7
|
|t:|1779656282
|move|p1a: Iron Treads|Knock Off|p2a: Cetitan
|-damage|p2a: Cetitan|47/100
|-enditem|p2a: Cetitan|Sitrus Berry|[from] move: Knock Off|[of] p1a: Iron Treads
|move|p2a: Cetitan|Earthquake|p1a: Iron Treads
|-supereffective|p1a: Iron Treads
|-damage|p1a: Iron Treads|41/100
|
|-weather|Snowscape|[upkeep]
|-heal|p1a: Iron Treads|48/100|[from] item: Leftovers
|upkeep
|turn|8
|
|t:|1779656291
|-end|p1a: Iron Treads|Quark Drive|[silent]
|switch|p1a: Clefable|Clefable, F|100/100
|move|p2a: Cetitan|Earthquake|p1a: Clefable
|-damage|p1a: Clefable|73/100
|
|-weather|none
|upkeep
|turn|9
|
|t:|1779656296
|switch|p2a: Heatran|Heatran, M|96/100
|move|p1a: Clefable|Stealth Rock|p2a: Heatran
|-sidestart|p2: Morthill|move: Stealth Rock
|
|-sideend|p2: Morthill|move: Aurora Veil
|upkeep
|turn|10
|
|t:|1779656310
|move|p2a: Heatran|Magma Storm|p1a: Clefable
|-damage|p1a: Clefable|20/100
|-activate|p1a: Clefable|move: Magma Storm|[of] p2a: Heatran
|move|p1a: Clefable|Thunder Wave|p2a: Heatran
|-status|p2a: Heatran|par
|
|-damage|p1a: Clefable|8/100|[from] move: Magma Storm|[partiallytrapped]
|upkeep
|turn|11
|
|t:|1779656315
|move|p1a: Clefable|Moonlight|p1a: Clefable
|-heal|p1a: Clefable|58/100
|move|p2a: Heatran|Heavy Slam|p1a: Clefable
|-supereffective|p1a: Clefable
|-damage|p1a: Clefable|3/100
|
|-damage|p1a: Clefable|0 fnt|[from] move: Magma Storm|[partiallytrapped]
|faint|p1a: Clefable
|upkeep
|
|t:|1779656319
|switch|p1a: Iron Treads|Iron Treads|48/100
|turn|12
|
|t:|1779656322
|move|p1a: Iron Treads|Earthquake|p2a: Heatran
|-supereffective|p2a: Heatran
|-damage|p2a: Heatran|0 fnt
|faint|p2a: Heatran
|
|-heal|p1a: Iron Treads|54/100|[from] item: Leftovers
|upkeep
|
|t:|1779656325
|switch|p2a: Kyurem|Kyurem|100/100
|-damage|p2a: Kyurem|76/100|[from] Stealth Rock
|-ability|p2a: Kyurem|Pressure
|turn|13
|
|t:|1779656343
|move|p2a: Kyurem|Freeze-Dry|p1a: Iron Treads
|-damage|p1a: Iron Treads|0 fnt
|faint|p1a: Iron Treads
|-end|p1a: Iron Treads|Quark Drive|[silent]
|
|upkeep
|
|t:|1779656348
|switch|p1a: Amoonguss|Amoonguss, M|100/100
|turn|14
|
|t:|1779656352
|-terastallize|p1a: Amoonguss|Steel
|move|p2a: Kyurem|Freeze-Dry|p1a: Amoonguss
|-resisted|p1a: Amoonguss
|-damage|p1a: Amoonguss|82/100
|move|p1a: Amoonguss|Toxic|p2a: Kyurem
|-status|p2a: Kyurem|tox
|
|-damage|p2a: Kyurem|70/100 tox|[from] psn
|upkeep
|turn|15
|
|t:|1779656356
|switch|p2a: Ninetales|Ninetales-Alola, M, shiny|82/100
|-damage|p2a: Ninetales|57/100|[from] Stealth Rock
|-weather|Snowscape|[from] ability: Snow Warning|[of] p2a: Ninetales
|switch|p1a: Dragapult|Dragapult, M|100/100
|
|-weather|Snowscape|[upkeep]
|upkeep
|turn|16
|
|t:|1779656359
|move|p1a: Dragapult|Flamethrower|p2a: Ninetales
|-supereffective|p2a: Ninetales
|-damage|p2a: Ninetales|0 fnt
|faint|p2a: Ninetales
|
|-weather|Snowscape|[upkeep]
|upkeep
|
|t:|1779656369
|switch|p2a: Kyurem|Kyurem|70/100 tox
|-damage|p2a: Kyurem|45/100 tox|[from] Stealth Rock
|-ability|p2a: Kyurem|Pressure
|turn|17
|j| Kalebheavyshadow
|
|t:|1779656377
|switch|p1a: Amoonguss|Amoonguss, M, tera:Steel|100/100
|move|p2a: Kyurem|Freeze-Dry|p1a: Amoonguss
|-resisted|p1a: Amoonguss
|-damage|p1a: Amoonguss|83/100
|
|-weather|Snowscape|[upkeep]
|-damage|p2a: Kyurem|39/100 tox|[from] psn
|upkeep
|turn|18
|inactive|ryanman7 has 120 seconds left.
|
|t:|1779656409
|switch|p2a: Frosmoth|Frosmoth, M, shiny|100/100
|move|p1a: Amoonguss|Toxic|p2a: Frosmoth|[miss]
|-miss|p1a: Amoonguss|p2a: Frosmoth
|
|-weather|Snowscape|[upkeep]
|upkeep
|turn|19
|
|t:|1779656416
|move|p2a: Frosmoth|Defog|p1a: Amoonguss
|-unboost|p1a: Amoonguss|evasion|1
|-sideend|p2: Morthill|Stealth Rock|[from] move: Defog|[of] p2a: Frosmoth
|move|p1a: Amoonguss|Clear Smog|p2a: Frosmoth
|-damage|p2a: Frosmoth|93/100
|-clearboost|p2a: Frosmoth
|
|-weather|none
|upkeep
|turn|20
|
|t:|1779656431
|switch|p2a: Avalugg|Avalugg, M|60/100
|move|p1a: Amoonguss|Toxic|p2a: Avalugg|[miss]
|-miss|p1a: Amoonguss|p2a: Avalugg
|
|upkeep
|turn|21
|
|t:|1779656437
|switch|p1a: Dragapult|Dragapult, M|100/100
|move|p2a: Avalugg|Body Press|p1a: Dragapult
|-immune|p1a: Dragapult
|
|upkeep
|turn|22
|
|t:|1779656441
|switch|p2a: Cetitan|Cetitan, M, shiny|47/100
|move|p1a: Dragapult|Shadow Ball|p2a: Cetitan
|-damage|p2a: Cetitan|0 fnt
|faint|p2a: Cetitan
|
|upkeep
|
|t:|1779656443
|switch|p2a: Kyurem|Kyurem|39/100 tox
|-ability|p2a: Kyurem|Pressure
|turn|23
|
|t:|1779656445
|switch|p1a: Amoonguss|Amoonguss, M, tera:Steel|100/100
|move|p2a: Kyurem|Earth Power|p1a: Amoonguss
|-supereffective|p1a: Amoonguss
|-damage|p1a: Amoonguss|35/100
|
|-damage|p2a: Kyurem|32/100 tox|[from] psn
|upkeep
|turn|24
|
|t:|1779656447
|switch|p1a: Gyarados|Gyarados, M|100/100
|move|p2a: Kyurem|Earth Power|p1a: Gyarados
|-immune|p1a: Gyarados
|
|-damage|p2a: Kyurem|20/100 tox|[from] psn
|upkeep
|turn|25
|
|t:|1779656450
|switch|p2a: Avalugg|Avalugg, M|60/100
|move|p1a: Gyarados|Dragon Dance|p1a: Gyarados
|-boost|p1a: Gyarados|atk|1
|-boost|p1a: Gyarados|spe|1
|
|upkeep
|turn|26
|
|t:|1779656458
|move|p1a: Gyarados|Waterfall|p2a: Avalugg
|-damage|p2a: Avalugg|35/100
|-damage|p1a: Gyarados|84/100|[from] item: Rocky Helmet|[of] p2a: Avalugg
|move|p2a: Avalugg|Recover|p2a: Avalugg
|-heal|p2a: Avalugg|85/100
|
|-heal|p1a: Gyarados|90/100|[from] item: Leftovers
|upkeep
|turn|27
|
|t:|1779656463
|move|p1a: Gyarados|Earthquake|p2a: Avalugg
|-damage|p2a: Avalugg|63/100
|move|p2a: Avalugg|Iron Defense|p2a: Avalugg
|-boost|p2a: Avalugg|def|2
|
|-heal|p1a: Gyarados|96/100|[from] item: Leftovers
|upkeep
|turn|28
|
|t:|1779656467
|switch|p1a: Dragapult|Dragapult, M|100/100
|move|p2a: Avalugg|Body Press|p1a: Dragapult
|-immune|p1a: Dragapult
|
|upkeep
|turn|29
|
|t:|1779656473
|switch|p2a: Frosmoth|Frosmoth, M, shiny|93/100
|move|p1a: Dragapult|Shadow Ball|p2a: Frosmoth
|-damage|p2a: Frosmoth|65/100
|
|upkeep
|turn|30
|
|t:|1779656477
|switch|p1a: Amoonguss|Amoonguss, M, tera:Steel|68/100
|-terastallize|p2a: Frosmoth|Ground
|move|p2a: Frosmoth|Ice Beam|p1a: Amoonguss
|-resisted|p1a: Amoonguss
|-damage|p1a: Amoonguss|45/100
|
|upkeep
|turn|31
|
|t:|1779656482
|move|p2a: Frosmoth|Ice Beam|p1a: Amoonguss
|-resisted|p1a: Amoonguss
|-damage|p1a: Amoonguss|22/100
|move|p1a: Amoonguss|Synthesis|p1a: Amoonguss
|-heal|p1a: Amoonguss|72/100
|
|upkeep
|turn|32
|
|t:|1779656488
|move|p2a: Frosmoth|Ice Beam|p1a: Amoonguss
|-resisted|p1a: Amoonguss
|-damage|p1a: Amoonguss|51/100
|move|p1a: Amoonguss|Synthesis|p1a: Amoonguss
|-heal|p1a: Amoonguss|100/100
|
|upkeep
|turn|33
|
|t:|1779656490
|move|p2a: Frosmoth|Ice Beam|p1a: Amoonguss
|-resisted|p1a: Amoonguss
|-damage|p1a: Amoonguss|80/100
|move|p1a: Amoonguss|Toxic|p2a: Frosmoth
|-status|p2a: Frosmoth|tox
|
|-damage|p2a: Frosmoth|59/100 tox|[from] psn
|upkeep
|turn|34
|
|t:|1779656496
|move|p2a: Frosmoth|Ice Beam|p1a: Amoonguss
|-resisted|p1a: Amoonguss
|-damage|p1a: Amoonguss|57/100
|-status|p1a: Amoonguss|frz
|cant|p1a: Amoonguss|frz
|
|-damage|p2a: Frosmoth|47/100 tox|[from] psn
|upkeep
|turn|35
|
|t:|1779656509
|switch|p1a: Gyarados|Gyarados, M|96/100
|move|p2a: Frosmoth|Ice Beam|p1a: Gyarados
|-damage|p1a: Gyarados|44/100
|
|-heal|p1a: Gyarados|50/100|[from] item: Leftovers
|-damage|p2a: Frosmoth|29/100 tox|[from] psn
|upkeep
|turn|36
|
|t:|1779656516
|switch|p2a: Avalugg|Avalugg, M|63/100
|move|p1a: Gyarados|Waterfall|p2a: Avalugg
|-damage|p2a: Avalugg|45/100
|-damage|p1a: Gyarados|34/100|[from] item: Rocky Helmet|[of] p2a: Avalugg
|
|-heal|p1a: Gyarados|40/100|[from] item: Leftovers
|upkeep
|turn|37
|
|t:|1779656519
|switch|p1a: Dragapult|Dragapult, M|100/100
|move|p2a: Avalugg|Recover|p2a: Avalugg
|-heal|p2a: Avalugg|95/100
|
|upkeep
|turn|38
|
|t:|1779656526
|switch|p2a: Frosmoth|Frosmoth, M, shiny, tera:Ground|29/100 tox
|move|p1a: Dragapult|Shadow Ball|p2a: Frosmoth
|-damage|p2a: Frosmoth|2/100 tox
|
|-damage|p2a: Frosmoth|0 fnt|[from] psn
|faint|p2a: Frosmoth
|upkeep
|
|t:|1779656528
|switch|p2a: Kyurem|Kyurem|20/100 tox
|-ability|p2a: Kyurem|Pressure
|turn|39
|
|t:|1779656532
|switch|p1a: Gyarados|Gyarados, M|40/100
|move|p2a: Kyurem|Freeze-Dry|p1a: Gyarados
|-supereffective|p1a: Gyarados
|-damage|p1a: Gyarados|0 fnt
|faint|p1a: Gyarados
|
|-damage|p2a: Kyurem|14/100 tox|[from] psn
|upkeep
|
|t:|1779656535
|switch|p1a: Amoonguss|Amoonguss, M, tera:Steel|91/100 frz
|turn|40
|
|t:|1779656548
|switch|p2a: Avalugg|Avalugg, M|95/100
|-curestatus|p1a: Amoonguss|frz|[msg]
|move|p1a: Amoonguss|Clear Smog|p2a: Avalugg
|-damage|p2a: Avalugg|73/100
|-clearboost|p2a: Avalugg
|
|upkeep
|turn|41
|
|t:|1779656554
|switch|p1a: Dragapult|Dragapult, M|100/100
|move|p2a: Avalugg|Body Press|p1a: Dragapult
|-immune|p1a: Dragapult
|
|upkeep
|turn|42
|
|t:|1779656567
|move|p1a: Dragapult|Flamethrower|p2a: Avalugg
|-supereffective|p2a: Avalugg
|-damage|p2a: Avalugg|0 fnt
|faint|p2a: Avalugg
|
|upkeep
|
|t:|1779656569
|switch|p2a: Kyurem|Kyurem|14/100 tox
|-ability|p2a: Kyurem|Pressure
|turn|43
|
|t:|1779656572
|move|p2a: Kyurem|Earth Power|p1a: Dragapult
|-damage|p1a: Dragapult|57/100
|-unboost|p1a: Dragapult|spd|1
|move|p1a: Dragapult|Flamethrower|p2a: Kyurem
|-damage|p2a: Kyurem|0 fnt
|faint|p2a: Kyurem
|
|win|ryanman7
|raw|ryanman7's rating: 1415 &rarr; <strong>1436</strong><br />(+21 for winning)
|raw|Morthill's rating: 1425 &rarr; <strong>1404</strong><br />(-21 for losing)
|l|☆Morthill
|player|p2|
|l| Kalebheavyshadow
