|j|☆chillkillr
|j|☆LemonDrake21
|t:|1779597241
|gametype|singles
|player|p1|chillkillr|101|1341
|player|p2|LemonDrake21|fisherman-gen4|1382
|gen|9
|tier|[Gen 9] OU
|rated|
|rule|HP Percentage Mod: HP is shown in percentages
|rule|Endless Battle Clause: Forcing endless battles is banned
|rule|Species Clause: Limit one of each Pokémon
|rule|OHKO Clause: OHKO moves are banned
|rule|Evasion Items Clause: Evasion items are banned
|rule|Evasion Moves Clause: Evasion moves are banned
|rule|Evasion Abilities Clause: Evasion abilities are banned
|rule|Sleep Moves Clause: Sleep-inducing moves are banned
|clearpoke
|poke|p1|Zamazenta-*|
|poke|p1|Iron Hands|
|poke|p1|Ceruledge, F|
|poke|p1|Iron Valiant|
|poke|p1|Deoxys-Speed|
|poke|p1|Glimmora, F|
|poke|p2|Ogerpon-Wellspring, F|
|poke|p2|Darkrai|
|poke|p2|Slowking-Galar, M|
|poke|p2|Dragonite, M|
|poke|p2|Kingambit, F|
|poke|p2|Landorus-Therian, M|
|teampreview
|
|t:|1779597255
|teamsize|p1|6
|teamsize|p2|6
|start
|switch|p1a: Iron Hands|Iron Hands|100/100
|switch|p2a: Landorus|Landorus-Therian, M|100/100
|-ability|p2a: Landorus|Intimidate|boost
|-unboost|p1a: Iron Hands|atk|1
|-enditem|p1a: Iron Hands|Booster Energy
|-activate|p1a: Iron Hands|ability: Quark Drive|[fromitem]
|-start|p1a: Iron Hands|quarkdriveatk
|turn|1
|
|t:|1779597261
|move|p2a: Landorus|Stealth Rock|p1a: Iron Hands
|-sidestart|p1: chillkillr|move: Stealth Rock
|move|p1a: Iron Hands|Ice Punch|p2a: Landorus
|-supereffective|p2a: Landorus
|-damage|p2a: Landorus|0 fnt
|-damage|p1a: Iron Hands|84/100|[from] item: Rocky Helmet|[of] p2a: Landorus
|faint|p2a: Landorus
|
|upkeep
|inactive|Battle timer is ON: inactive players will automatically lose when time's up. (requested by chillkillr)
|
|t:|1779597301
|switch|p2a: Darkrai|Darkrai|100/100
|turn|2
|
|t:|1779597314
|move|p2a: Darkrai|Sludge Bomb|p1a: Iron Hands
|-damage|p1a: Iron Hands|52/100
|move|p1a: Iron Hands|Close Combat|p2a: Darkrai
|-supereffective|p2a: Darkrai
|-damage|p2a: Darkrai|0 fnt
|-unboost|p1a: Iron Hands|def|1
|-unboost|p1a: Iron Hands|spd|1
|faint|p2a: Darkrai
|
|upkeep
|
|t:|1779597335
|switch|p2a: Ogerpon|Ogerpon-Wellspring, F|100/100
|turn|3
|
|t:|1779597343
|move|p2a: Ogerpon|Ivy Cudgel|p1a: Iron Hands|[anim] Ivy Cudgel Water
|-damage|p1a: Iron Hands|0 fnt
|faint|p1a: Iron Hands
|-end|p1a: Iron Hands|Quark Drive|[silent]
|
|upkeep
|
|t:|1779597371
|switch|p1a: Iron Valiant|Iron Valiant|100/100
|-damage|p1a: Iron Valiant|94/100|[from] Stealth Rock
|-enditem|p1a: Iron Valiant|Booster Energy
|-activate|p1a: Iron Valiant|ability: Quark Drive|[fromitem]
|-start|p1a: Iron Valiant|quarkdrivespe
|turn|4
|
|t:|1779597383
|move|p1a: Iron Valiant|Thunderbolt|p2a: Ogerpon
|-damage|p2a: Ogerpon|64/100
|move|p2a: Ogerpon|Ivy Cudgel|p1a: Iron Valiant|[anim] Ivy Cudgel Water
|-damage|p1a: Iron Valiant|16/100
|
|upkeep
|turn|5
|
|t:|1779597391
|move|p1a: Iron Valiant|Moonblast|p2a: Ogerpon
|-damage|p2a: Ogerpon|8/100
|move|p2a: Ogerpon|Horn Leech|p1a: Iron Valiant
|-damage|p1a: Iron Valiant|0 fnt
|-heal|p2a: Ogerpon|16/100|[from] drain|[of] p1a: Iron Valiant
|faint|p1a: Iron Valiant
|-end|p1a: Iron Valiant|Quark Drive|[silent]
|
|upkeep
|
|t:|1779597399
|switch|p1a: Zamazenta|Zamazenta|100/100
|-damage|p1a: Zamazenta|94/100|[from] Stealth Rock
|-ability|p1a: Zamazenta|Dauntless Shield|boost
|-boost|p1a: Zamazenta|def|1
|turn|6
|
|t:|1779597411
|switch|p2a: Dragonite|Dragonite, M|100/100
|move|p1a: Zamazenta|Body Press|p2a: Dragonite
|-resisted|p2a: Dragonite
|-damage|p2a: Dragonite|86/100
|
|-heal|p1a: Zamazenta|100/100|[from] item: Leftovers
|upkeep
|turn|7
|
|t:|1779597422
|move|p2a: Dragonite|Dragon Dance|p2a: Dragonite
|-boost|p2a: Dragonite|atk|1
|-boost|p2a: Dragonite|spe|1
|move|p1a: Zamazenta|Roar|p2a: Dragonite
|drag|p2a: Kingambit|Kingambit, F|100/100
|-activate|p2a: Kingambit|ability: Supreme Overlord
|-start|p2a: Kingambit|fallen2|[silent]
|
|upkeep
|turn|8
|
|t:|1779597433
|-terastallize|p2a: Kingambit|Ghost
|move|p1a: Zamazenta|Iron Defense|p1a: Zamazenta
|-boost|p1a: Zamazenta|def|2
|move|p2a: Kingambit|Swords Dance|p2a: Kingambit
|-boost|p2a: Kingambit|atk|2
|
|upkeep
|turn|9
|
|t:|1779597441
|move|p2a: Kingambit|Iron Head|p1a: Zamazenta
|-damage|p1a: Zamazenta|69/100
|cant|p1a: Zamazenta|flinch
|
|-heal|p1a: Zamazenta|75/100|[from] item: Leftovers
|upkeep
|turn|10
|
|t:|1779597452
|move|p2a: Kingambit|Iron Head|p1a: Zamazenta
|-damage|p1a: Zamazenta|38/100
|cant|p1a: Zamazenta|flinch
|
|-heal|p1a: Zamazenta|44/100|[from] item: Leftovers
|upkeep
|turn|11
|
|t:|1779597456
|move|p2a: Kingambit|Iron Head|p1a: Zamazenta
|-damage|p1a: Zamazenta|11/100
|move|p1a: Zamazenta|Roar|p2a: Kingambit
|-end|p2a: Kingambit|fallen2|[silent]
|drag|p2a: Slowking|Slowking-Galar, M|100/100
|
|-heal|p1a: Zamazenta|17/100|[from] item: Leftovers
|upkeep
|turn|12
|
|t:|1779597481
|move|p1a: Zamazenta|Body Press|p2a: Slowking
|-resisted|p2a: Slowking
|-damage|p2a: Slowking|77/100
|move|p2a: Slowking|Sludge Bomb|p1a: Zamazenta
|-damage|p1a: Zamazenta|0 fnt
|faint|p1a: Zamazenta
|
|upkeep
|
|t:|1779597490
|switch|p1a: Glimmora|Glimmora, F|100/100
|-damage|p1a: Glimmora|88/100|[from] Stealth Rock
|turn|13
|
|t:|1779597497
|move|p1a: Glimmora|Mortal Spin|p2a: Slowking
|-resisted|p2a: Slowking
|-damage|p2a: Slowking|74/100
|-sideend|p1: chillkillr|Stealth Rock|[from] move: Mortal Spin|[of] p1a: Glimmora
|move|p2a: Slowking|Future Sight|p1a: Glimmora
|-start|p2a: Slowking|move: Future Sight
|
|upkeep
|turn|14
|
|t:|1779597513
|move|p1a: Glimmora|Spikes|p2a: Slowking
|-sidestart|p2: LemonDrake21|Spikes
|move|p2a: Slowking|Power Gem|p1a: Glimmora
|-damage|p1a: Glimmora|65/100
|-enditem|p1a: Glimmora|Red Card|[of] p2a: Slowking
|drag|p2a: Dragonite|Dragonite, M|86/100
|
|upkeep
|turn|15
|
|t:|1779597528
|move|p2a: Dragonite|Dragon Dance|p2a: Dragonite
|-boost|p2a: Dragonite|atk|1
|-boost|p2a: Dragonite|spe|1
|move|p1a: Glimmora|Mortal Spin|p2a: Dragonite
|-damage|p2a: Dragonite|79/100
|-status|p2a: Dragonite|psn
|
|-end|p1a: Glimmora|move: Future Sight
|-supereffective|p1a: Glimmora
|-crit|p1a: Glimmora
|-damage|p1a: Glimmora|0 fnt
|faint|p1a: Glimmora
|-damage|p2a: Dragonite|66/100 psn|[from] psn
|upkeep
|
|t:|1779597535
|switch|p1a: Deoxys|Deoxys-Speed|100/100
|-ability|p1a: Deoxys|Pressure
|turn|16
|
|t:|1779597540
|move|p2a: Dragonite|Extreme Speed|p1a: Deoxys
|-damage|p1a: Deoxys|51/100
|move|p1a: Deoxys|Reflect|p1a: Deoxys
|-sidestart|p1: chillkillr|Reflect
|
|-damage|p2a: Dragonite|54/100 psn|[from] psn
|upkeep
|turn|17
|
|t:|1779597546
|move|p1a: Deoxys|Taunt|p2a: Dragonite
|-start|p2a: Dragonite|move: Taunt
|cant|p2a: Dragonite|move: Taunt|Roost
|
|-damage|p2a: Dragonite|41/100 psn|[from] psn
|upkeep
|turn|18
|
|t:|1779597556
|move|p2a: Dragonite|Extreme Speed|p1a: Deoxys
|-damage|p1a: Deoxys|27/100
|move|p1a: Deoxys|Teleport|p1a: Deoxys
|
|t:|1779597559
|switch|p1a: Ceruledge|Ceruledge, F|100/100|[from] Teleport
|
|-damage|p2a: Dragonite|29/100 psn|[from] psn
|upkeep
|turn|19
|
|t:|1779597567
|-terastallize|p1a: Ceruledge|Ghost
|move|p2a: Dragonite|Earthquake|p1a: Ceruledge
|-crit|p1a: Ceruledge
|-damage|p1a: Ceruledge|0 fnt
|faint|p1a: Ceruledge
|
|-damage|p2a: Dragonite|17/100 psn|[from] psn
|-end|p2a: Dragonite|move: Taunt
|upkeep
|c|☆chillkillr|ok
|inactive|chillkillr has 120 seconds left.
|c|☆LemonDrake21|?
|inactive|chillkillr has 90 seconds left.
|c|☆LemonDrake21|crits are part of the game dawg no need to be petty
|inactive|chillkillr has 60 seconds left.
|c|☆chillkillr|sorry  my league q popped
|c|☆chillkillr|gg
|
|t:|1779597667
|switch|p1a: Deoxys|Deoxys-Speed|27/100
|-ability|p1a: Deoxys|Pressure
|turn|20
|
|t:|1779597671
|move|p2a: Dragonite|Extreme Speed|p1a: Deoxys
|-damage|p1a: Deoxys|0 fnt
|faint|p1a: Deoxys
|
|win|LemonDrake21
|raw|chillkillr's rating: 1341 &rarr; <strong>1323</strong><br />(-18 for losing)
|raw|LemonDrake21's rating: 1382 &rarr; <strong>1400</strong><br />(+18 for winning)
|l|☆LemonDrake21
|player|p2|
|l| chillkillr
