|j|☆DishanMax
|j|☆draconotmeteor
|t:|1779700426
|gametype|singles
|player|p1|DishanMax|1|1408
|player|p2|draconotmeteor|shauntal|1353
|gen|9
|tier|[Gen 9] OU
|rated|
|rule|HP Percentage Mod: HP is shown in percentages
|rule|Endless Battle Clause: Forcing endless battles is banned
|rule|Species Clause: Limit one of each Pokémon
|rule|OHKO Clause: OHKO moves are banned
|rule|Evasion Items Clause: Evasion items are banned
|rule|Evasion Moves Clause: Evasion moves are banned
|rule|Evasion Abilities Clause: Evasion abilities are banned
|rule|Sleep Moves Clause: Sleep-inducing moves are banned
|clearpoke
|poke|p1|Sinistcha|
|poke|p1|Arcanine-Hisui, F|
|poke|p1|Primarina, F|
|poke|p1|Corviknight, F|
|poke|p1|Latios, M|
|poke|p1|Great Tusk|
|poke|p2|Cyclizar, F|
|poke|p2|Corviknight, F|
|poke|p2|Ting-Lu|
|poke|p2|Slowking-Galar, F|
|poke|p2|Kyurem|
|poke|p2|Garganacl, F|
|teampreview
|inactive|Battle timer is ON: inactive players will automatically lose when time's up. (requested by DishanMax)
|
|t:|1779700434
|teamsize|p1|6
|teamsize|p2|6
|start
|switch|p1a: Primarina|Primarina, F|100/100
|switch|p2a: Kyurem|Kyurem|100/100
|-ability|p2a: Kyurem|Pressure
|turn|1
|
|t:|1779700445
|move|p2a: Kyurem|Protect|p2a: Kyurem
|-singleturn|p2a: Kyurem|Protect
|move|p1a: Primarina|Moonblast|p2a: Kyurem
|-activate|p2a: Kyurem|move: Protect
|
|upkeep
|turn|2
|
|t:|1779700449
|switch|p2a: Slowking|Slowking-Galar, F|100/100
|move|p1a: Primarina|Psychic Noise|p2a: Slowking
|-damage|p2a: Slowking|77/100
|-start|p2a: Slowking|move: Heal Block
|
|upkeep
|turn|3
|
|t:|1779700456
|move|p1a: Primarina|Psychic Noise|p2a: Slowking
|-damage|p2a: Slowking|53/100
|move|p2a: Slowking|Future Sight|p1a: Primarina
|-start|p2a: Slowking|move: Future Sight
|
|-end|p2a: Slowking|move: Heal Block
|upkeep
|turn|4
|
|t:|1779700465
|switch|p1a: Corviknight|Corviknight, F|100/100
|-ability|p1a: Corviknight|Pressure
|-prepare|p2a: Slowking|Chilly Reception|[premajor]
|move|p2a: Slowking|Chilly Reception|p2a: Slowking
|-weather|Snowscape
|
|t:|1779700471
|switch|p2a: Cyclizar|Cyclizar, F|100/100|[from] Chilly Reception
|
|-weather|Snowscape|[upkeep]
|upkeep
|turn|5
|
|t:|1779700478
|move|p2a: Cyclizar|Knock Off|p1a: Corviknight
|-damage|p1a: Corviknight|85/100
|-enditem|p1a: Corviknight|Leftovers|[from] move: Knock Off|[of] p2a: Cyclizar
|move|p1a: Corviknight|Body Press|p2a: Cyclizar
|-supereffective|p2a: Cyclizar
|-damage|p2a: Cyclizar|36/100
|
|-weather|Snowscape|[upkeep]
|-end|p1a: Corviknight|move: Future Sight
|-resisted|p1a: Corviknight
|-damage|p1a: Corviknight|68/100
|upkeep
|turn|6
|
|t:|1779700490
|move|p2a: Cyclizar|Overheat|p1a: Corviknight
|-supereffective|p1a: Corviknight
|-damage|p1a: Corviknight|26/100
|-unboost|p2a: Cyclizar|spa|2
|move|p1a: Corviknight|Bulk Up|p1a: Corviknight
|-boost|p1a: Corviknight|atk|1
|-boost|p1a: Corviknight|def|1
|
|-weather|Snowscape|[upkeep]
|upkeep
|turn|7
|
|t:|1779700500
|move|p2a: Cyclizar|U-turn|p1a: Corviknight
|-resisted|p1a: Corviknight
|-damage|p1a: Corviknight|24/100
|
|t:|1779700505
|switch|p2a: Slowking|Slowking-Galar, F|86/100|[from] U-turn
|move|p1a: Corviknight|Roost|p1a: Corviknight
|-heal|p1a: Corviknight|74/100
|-singleturn|p1a: Corviknight|move: Roost
|
|-weather|Snowscape|[upkeep]
|upkeep
|turn|8
|
|t:|1779700508
|move|p1a: Corviknight|Bulk Up|p1a: Corviknight
|-boost|p1a: Corviknight|atk|1
|-boost|p1a: Corviknight|def|1
|move|p2a: Slowking|Thunder Wave|p1a: Corviknight
|-status|p1a: Corviknight|par
|
|-weather|none
|upkeep
|turn|9
|
|t:|1779700513
|cant|p1a: Corviknight|par
|-prepare|p2a: Slowking|Chilly Reception|[premajor]
|move|p2a: Slowking|Chilly Reception|p2a: Slowking
|-weather|Snowscape
|
|t:|1779700515
|switch|p2a: Kyurem|Kyurem|100/100|[from] Chilly Reception
|-ability|p2a: Kyurem|Pressure
|
|-weather|Snowscape|[upkeep]
|upkeep
|turn|10
|
|t:|1779700517
|move|p2a: Kyurem|Substitute|p2a: Kyurem
|-start|p2a: Kyurem|Substitute
|-damage|p2a: Kyurem|75/100
|cant|p1a: Corviknight|par
|
|-weather|Snowscape|[upkeep]
|-heal|p2a: Kyurem|82/100|[from] item: Leftovers
|upkeep
|turn|11
|
|t:|1779700524
|move|p2a: Kyurem|Protect|p2a: Kyurem
|-singleturn|p2a: Kyurem|Protect
|cant|p1a: Corviknight|par
|
|-weather|Snowscape|[upkeep]
|-heal|p2a: Kyurem|88/100|[from] item: Leftovers
|upkeep
|turn|12
|
|t:|1779700528
|move|p2a: Kyurem|Freeze-Dry|p1a: Corviknight
|-damage|p1a: Corviknight|49/100 par
|cant|p1a: Corviknight|par
|
|-weather|Snowscape|[upkeep]
|-heal|p2a: Kyurem|94/100|[from] item: Leftovers
|upkeep
|turn|13
|
|t:|1779700532
|move|p2a: Kyurem|Freeze-Dry|p1a: Corviknight
|-crit|p1a: Corviknight
|-damage|p1a: Corviknight|12/100 par
|move|p1a: Corviknight|Body Press|p2a: Kyurem
|-supereffective|p2a: Kyurem
|-end|p2a: Kyurem|Substitute
|
|-weather|none
|-heal|p2a: Kyurem|99/100|[from] item: Leftovers
|upkeep
|turn|14
|
|t:|1779700538
|move|p2a: Kyurem|Freeze-Dry|p1a: Corviknight
|-damage|p1a: Corviknight|0 fnt
|faint|p1a: Corviknight
|
|-heal|p2a: Kyurem|100/100|[from] item: Leftovers
|upkeep
|
|t:|1779700543
|switch|p1a: Latios|Latios, M|100/100
|turn|15
|
|t:|1779700547
|move|p2a: Kyurem|Protect|p2a: Kyurem
|-singleturn|p2a: Kyurem|Protect
|move|p1a: Latios|Psyshock|p2a: Kyurem
|-activate|p2a: Kyurem|move: Protect
|
|upkeep
|turn|16
|
|t:|1779700553
|switch|p1a: Primarina|Primarina, F|100/100
|switch|p2a: Ting-Lu|Ting-Lu|100/100
|-ability|p2a: Ting-Lu|Vessel of Ruin
|
|upkeep
|turn|17
|
|t:|1779700556
|move|p1a: Primarina|Psychic Noise|p2a: Ting-Lu
|-supereffective|p2a: Ting-Lu
|-damage|p2a: Ting-Lu|64/100
|-start|p2a: Ting-Lu|move: Heal Block
|move|p2a: Ting-Lu|Stealth Rock|p1a: Primarina
|-sidestart|p1: DishanMax|move: Stealth Rock
|
|upkeep
|turn|18
|
|t:|1779700561
|switch|p2a: Slowking|Slowking-Galar, F|100/100
|move|p1a: Primarina|Moonblast|p2a: Slowking
|-resisted|p2a: Slowking
|-damage|p2a: Slowking|85/100
|
|upkeep
|turn|19
|
|t:|1779700565
|move|p1a: Primarina|Psychic Noise|p2a: Slowking
|-damage|p2a: Slowking|61/100
|-start|p2a: Slowking|move: Heal Block
|move|p2a: Slowking|Sludge Bomb|p1a: Primarina
|-supereffective|p1a: Primarina
|-damage|p1a: Primarina|64/100
|
|upkeep
|turn|20
|
|t:|1779700570
|move|p1a: Primarina|Psychic Noise|p2a: Slowking
|-damage|p2a: Slowking|36/100
|-prepare|p2a: Slowking|Chilly Reception|[premajor]
|move|p2a: Slowking|Chilly Reception|p2a: Slowking
|-weather|Snowscape
|
|t:|1779700577
|switch|p2a: Garganacl|Garganacl, F|100/100|[from] Chilly Reception
|
|-weather|Snowscape|[upkeep]
|upkeep
|turn|21
|
|t:|1779700583
|move|p1a: Primarina|Psychic Noise|p2a: Garganacl
|-supereffective|p2a: Garganacl
|-damage|p2a: Garganacl|47/100
|-start|p2a: Garganacl|move: Heal Block
|move|p2a: Garganacl|Salt Cure|p1a: Primarina
|-damage|p1a: Primarina|48/100
|-start|p1a: Primarina|Salt Cure
|
|-weather|Snowscape|[upkeep]
|-damage|p1a: Primarina|23/100|[from] Salt Cure
|upkeep
|turn|22
|
|t:|1779700585
|move|p2a: Garganacl|Protect|p2a: Garganacl
|-singleturn|p2a: Garganacl|Protect
|move|p1a: Primarina|Psychic Noise|p2a: Garganacl
|-activate|p2a: Garganacl|move: Protect
|
|-weather|Snowscape|[upkeep]
|-damage|p1a: Primarina|0 fnt|[from] Salt Cure
|faint|p1a: Primarina
|-end|p2a: Garganacl|move: Heal Block
|upkeep
|
|t:|1779700590
|switch|p1a: Great Tusk|Great Tusk|100/100
|turn|23
|
|t:|1779700593
|switch|p2a: Corviknight|Corviknight, F|100/100
|-ability|p2a: Corviknight|Pressure
|move|p1a: Great Tusk|Rapid Spin|p2a: Corviknight
|-resisted|p2a: Corviknight
|-damage|p2a: Corviknight|95/100
|-boost|p1a: Great Tusk|spe|1
|-damage|p1a: Great Tusk|84/100|[from] item: Rocky Helmet|[of] p2a: Corviknight
|-sideend|p1: DishanMax|Stealth Rock|[from] move: Rapid Spin|[of] p1a: Great Tusk
|
|-weather|Snowscape|[upkeep]
|upkeep
|turn|24
|
|t:|1779700602
|-end|p1a: Great Tusk|Protosynthesis|[silent]
|switch|p1a: Latios|Latios, M|100/100
|move|p2a: Corviknight|Brave Bird|p1a: Latios
|-damage|p1a: Latios|54/100
|-damage|p2a: Corviknight|83/100|[from] Recoil
|
|-weather|none
|upkeep
|turn|25
|
|t:|1779700607
|switch|p2a: Ting-Lu|Ting-Lu|64/100
|-ability|p2a: Ting-Lu|Vessel of Ruin
|move|p1a: Latios|Draco Meteor|p2a: Ting-Lu
|-damage|p2a: Ting-Lu|21/100
|-unboost|p1a: Latios|spa|2
|
|-heal|p2a: Ting-Lu|27/100|[from] item: Leftovers
|upkeep
|turn|26
|
|t:|1779700612
|move|p1a: Latios|Draco Meteor|p2a: Ting-Lu
|-damage|p2a: Ting-Lu|7/100
|-unboost|p1a: Latios|spa|2
|move|p2a: Ting-Lu|Ruination|p1a: Latios
|-damage|p1a: Latios|27/100
|
|-heal|p2a: Ting-Lu|13/100|[from] item: Leftovers
|upkeep
|turn|27
|
|t:|1779700616
|move|p1a: Latios|Draco Meteor|p2a: Ting-Lu
|-crit|p2a: Ting-Lu
|-damage|p2a: Ting-Lu|0 fnt
|-unboost|p1a: Latios|spa|2
|faint|p2a: Ting-Lu
|
|upkeep
|
|t:|1779700619
|switch|p2a: Garganacl|Garganacl, F|47/100
|turn|28
|
|t:|1779700624
|switch|p1a: Great Tusk|Great Tusk|84/100
|move|p2a: Garganacl|Recover|p2a: Garganacl
|-heal|p2a: Garganacl|97/100
|
|-heal|p2a: Garganacl|100/100|[from] item: Leftovers
|upkeep
|turn|29
|
|t:|1779700630
|-end|p1a: Great Tusk|Protosynthesis|[silent]
|switch|p1a: Latios|Latios, M|27/100
|move|p2a: Garganacl|Salt Cure|p1a: Latios
|-damage|p1a: Latios|8/100
|-start|p1a: Latios|Salt Cure
|
|-damage|p1a: Latios|0 fnt|[from] Salt Cure
|faint|p1a: Latios
|upkeep
|
|t:|1779700637
|switch|p1a: Arcanine|Arcanine-Hisui, F|100/100
|turn|30
|
|t:|1779700640
|move|p2a: Garganacl|Protect|p2a: Garganacl
|-singleturn|p2a: Garganacl|Protect
|move|p1a: Arcanine|Head Smash|p2a: Garganacl
|-activate|p2a: Garganacl|move: Protect
|
|upkeep
|turn|31
|
|t:|1779700651
|switch|p2a: Cyclizar|Cyclizar, F|69/100
|move|p1a: Arcanine|Head Smash|p2a: Cyclizar
|-crit|p2a: Cyclizar
|-damage|p2a: Cyclizar|0 fnt
|faint|p2a: Cyclizar
|
|upkeep
|
|t:|1779700653
|switch|p2a: Kyurem|Kyurem|100/100
|-ability|p2a: Kyurem|Pressure
|turn|32
|
|t:|1779700666
|-terastallize|p2a: Kyurem|Ground
|move|p2a: Kyurem|Substitute|p2a: Kyurem
|-start|p2a: Kyurem|Substitute
|-damage|p2a: Kyurem|75/100
|move|p1a: Arcanine|Head Smash|p2a: Kyurem
|-resisted|p2a: Kyurem
|-end|p2a: Kyurem|Substitute
|
|-heal|p2a: Kyurem|82/100|[from] item: Leftovers
|upkeep
|turn|33
|
|t:|1779700672
|move|p2a: Kyurem|Protect|p2a: Kyurem
|-singleturn|p2a: Kyurem|Protect
|move|p1a: Arcanine|Head Smash|p2a: Kyurem
|-activate|p2a: Kyurem|move: Protect
|
|-heal|p2a: Kyurem|88/100|[from] item: Leftovers
|upkeep
|turn|34
|
|t:|1779700675
|move|p2a: Kyurem|Substitute|p2a: Kyurem
|-start|p2a: Kyurem|Substitute
|-damage|p2a: Kyurem|63/100
|move|p1a: Arcanine|Head Smash|p2a: Kyurem
|-resisted|p2a: Kyurem
|-end|p2a: Kyurem|Substitute
|
|-heal|p2a: Kyurem|69/100|[from] item: Leftovers
|upkeep
|turn|35
|
|t:|1779700678
|switch|p1a: Great Tusk|Great Tusk|84/100
|move|p2a: Kyurem|Substitute|p2a: Kyurem
|-start|p2a: Kyurem|Substitute
|-damage|p2a: Kyurem|44/100
|
|-heal|p2a: Kyurem|50/100|[from] item: Leftovers
|upkeep
|turn|36
|
|t:|1779700683
|move|p2a: Kyurem|Freeze-Dry|p1a: Great Tusk
|-supereffective|p1a: Great Tusk
|-damage|p1a: Great Tusk|0 fnt
|faint|p1a: Great Tusk
|-end|p1a: Great Tusk|Protosynthesis|[silent]
|
|-heal|p2a: Kyurem|56/100|[from] item: Leftovers
|upkeep
|
|t:|1779700685
|switch|p1a: Sinistcha|Sinistcha|100/100
|turn|37
|
|t:|1779700689
|move|p2a: Kyurem|Freeze-Dry|p1a: Sinistcha
|-supereffective|p1a: Sinistcha
|-damage|p1a: Sinistcha|13/100
|-status|p1a: Sinistcha|frz
|cant|p1a: Sinistcha|frz
|
|-heal|p2a: Kyurem|63/100|[from] item: Leftovers
|upkeep
|turn|38
|
|t:|1779700694
|move|p2a: Kyurem|Earth Power|p1a: Sinistcha
|-resisted|p1a: Sinistcha
|-damage|p1a: Sinistcha|0 fnt
|faint|p1a: Sinistcha
|
|-heal|p2a: Kyurem|69/100|[from] item: Leftovers
|upkeep
|c|☆DishanMax|lucky lucky guy
|-message|DishanMax forfeited.
|
|win|draconotmeteor
|raw|DishanMax's rating: 1408 &rarr; <strong>1385</strong><br />(-23 for losing)
|raw|draconotmeteor's rating: 1353 &rarr; <strong>1376</strong><br />(+23 for winning)
|l|☆DishanMax
|player|p1|
|l|☆draconotmeteor
|player|p2|
