|j|☆IDontLikeZebstrika
|j|☆just ryry
|t:|1779640330
|gametype|singles
|player|p1|IDontLikeZebstrika|bugcatcher-gen4dp|1165
|player|p2|just ryry|clown|1151
|gen|9
|tier|[Gen 9] OU
|rated|
|rule|HP Percentage Mod: HP is shown in percentages
|rule|Endless Battle Clause: Forcing endless battles is banned
|rule|Species Clause: Limit one of each Pokémon
|rule|OHKO Clause: OHKO moves are banned
|rule|Evasion Items Clause: Evasion items are banned
|rule|Evasion Moves Clause: Evasion moves are banned
|rule|Evasion Abilities Clause: Evasion abilities are banned
|rule|Sleep Moves Clause: Sleep-inducing moves are banned
|clearpoke
|poke|p1|Toxapex, F|
|poke|p1|Cinccino, M|
|poke|p1|Sandaconda, M|
|poke|p1|Zoroark-Hisui, F|
|poke|p1|Excadrill, F|
|poke|p1|Kingambit, M|
|poke|p2|Blaziken, M|
|poke|p2|Rotom-Wash|
|poke|p2|Munkidori, M|
|poke|p2|Serperior, F|
|poke|p2|Scizor, M|
|poke|p2|Gyarados, F|
|teampreview
|inactive|Battle timer is ON: inactive players will automatically lose when time's up. (requested by just ryry)
|
|t:|1779640347
|teamsize|p1|6
|teamsize|p2|6
|start
|switch|p1a: Kingambit|Kingambit, M, shiny|100/100
|switch|p2a: Rotom|Rotom-Wash|100/100
|turn|1
|
|t:|1779640359
|move|p1a: Kingambit|Nasty Plot|p1a: Kingambit
|-boost|p1a: Kingambit|spa|2
|move|p2a: Rotom|Will-O-Wisp|p1a: Kingambit
|-status|p1a: Kingambit|brn
|
|-damage|p1a: Kingambit|95/100 brn|[from] brn
|upkeep
|turn|2
|
|t:|1779640370
|move|p1a: Kingambit|Shadow Ball|p2a: Rotom
|-damage|p2a: Rotom|17/100
|-unboost|p2a: Rotom|spd|1
|move|p2a: Rotom|Pain Split|p1a: Kingambit
|-sethp|p1a: Kingambit|57/100 brn|[from] move: Pain Split|[silent]
|-sethp|p2a: Rotom|48/100|[from] move: Pain Split
|
|-heal|p2a: Rotom|54/100|[from] item: Leftovers
|-damage|p1a: Kingambit|51/100 brn|[from] brn
|upkeep
|turn|3
|
|t:|1779640387
|move|p1a: Kingambit|Shadow Ball|p2a: Rotom
|-damage|p2a: Rotom|0 fnt
|faint|p2a: Rotom
|
|-damage|p1a: Kingambit|46/100 brn|[from] brn
|upkeep
|
|t:|1779640393
|switch|p2a: Scizor|Scizor, M|100/100
|turn|4
|
|t:|1779640403
|move|p1a: Kingambit|Flamethrower|p2a: Scizor
|-supereffective|p2a: Scizor
|-damage|p2a: Scizor|0 fnt
|faint|p2a: Scizor
|
|-damage|p1a: Kingambit|40/100 brn|[from] brn
|upkeep
|
|t:|1779640410
|switch|p2a: Serperior|Serperior, F|100/100
|turn|5
|
|t:|1779640422
|move|p2a: Serperior|Substitute|p2a: Serperior
|-start|p2a: Serperior|Substitute
|-damage|p2a: Serperior|76/100
|move|p1a: Kingambit|Flamethrower|p2a: Serperior
|-supereffective|p2a: Serperior
|-end|p2a: Serperior|Substitute
|
|-damage|p1a: Kingambit|34/100 brn|[from] brn
|upkeep
|turn|6
|
|t:|1779640432
|switch|p2a: Blaziken|Blaziken, M|100/100
|move|p1a: Kingambit|Flamethrower|p2a: Blaziken
|-resisted|p2a: Blaziken
|-damage|p2a: Blaziken|54/100
|
|-heal|p2a: Blaziken|60/100|[from] item: Leftovers
|-damage|p1a: Kingambit|28/100 brn|[from] brn
|upkeep
|turn|7
|
|t:|1779640441
|move|p1a: Kingambit|Psychic|p2a: Blaziken
|-supereffective|p2a: Blaziken
|-damage|p2a: Blaziken|0 fnt
|faint|p2a: Blaziken
|
|-damage|p1a: Kingambit|22/100 brn|[from] brn
|upkeep
|
|t:|1779640449
|switch|p2a: Munkidori|Munkidori, M|100/100
|turn|8
|
|t:|1779640456
|move|p2a: Munkidori|Fake Out|p1a: Kingambit
|-immune|p1a: Kingambit
|move|p1a: Kingambit|Shadow Ball|p2a: Munkidori
|-supereffective|p2a: Munkidori
|-damage|p2a: Munkidori|0 fnt
|faint|p2a: Munkidori
|
|-damage|p1a: Kingambit|16/100 brn|[from] brn
|upkeep
|
|t:|1779640466
|switch|p2a: Serperior|Serperior, F|76/100
|turn|9
|
|t:|1779640471
|move|p2a: Serperior|Dragon Pulse|p1a: Kingambit
|-damage|p1a: Kingambit|0 fnt
|replace|p1a: Zoroark|Zoroark-Hisui, F, shiny
|-end|p1a: Zoroark|Illusion
|faint|p1a: Zoroark
|-damage|p2a: Serperior|66/100|[from] item: Life Orb
|
|upkeep
|
|t:|1779640476
|switch|p1a: Cinccino|Cinccino, M, shiny|100/100
|turn|10
|-message|just ryry forfeited.
|
|win|IDontLikeZebstrika
|raw|IDontLikeZebstrika's rating: 1165 &rarr; <strong>1189</strong><br />(+24 for winning)
|raw|just ryry's rating: 1151 &rarr; <strong>1127</strong><br />(-24 for losing)
|l|☆just ryry
|player|p2|
|l|☆IDontLikeZebstrika
|player|p1|
