|j|☆mayormccheese78
|j|☆Pedroelentrenador
|t:|1779713613
|gametype|singles
|player|p1|mayormccheese78|265|1231
|player|p2|Pedroelentrenador|n|1266
|gen|9
|tier|[Gen 9] OU
|rated|
|rule|HP Percentage Mod: HP is shown in percentages
|rule|Endless Battle Clause: Forcing endless battles is banned
|rule|Species Clause: Limit one of each Pokémon
|rule|OHKO Clause: OHKO moves are banned
|rule|Evasion Items Clause: Evasion items are banned
|rule|Evasion Moves Clause: Evasion moves are banned
|rule|Evasion Abilities Clause: Evasion abilities are banned
|rule|Sleep Moves Clause: Sleep-inducing moves are banned
|clearpoke
|poke|p1|Kyurem|
|poke|p1|Kingambit, M|
|poke|p1|Slowking-Galar, F|
|poke|p1|Great Tusk|
|poke|p1|Heatran, M|
|poke|p1|Ting-Lu|
|poke|p2|Hatterene, F|
|poke|p2|Slowbro, F|
|poke|p2|Ursaluna, M|
|poke|p2|Kingambit, M|
|poke|p2|Vikavolt, M|
|poke|p2|Toxapex, F|
|teampreview
|inactive|Battle timer is ON: inactive players will automatically lose when time's up. (requested by mayormccheese78)
|
|t:|1779713617
|teamsize|p1|6
|teamsize|p2|6
|start
|switch|p1a: Heatran|Heatran, M|100/100
|switch|p2a: Hatterene|Hatterene, F|100/100
|turn|1
|
|t:|1779713624
|switch|p2a: Slowbro|Slowbro, F|100/100
|move|p1a: Heatran|Magma Storm|p2a: Slowbro|[miss]
|-miss|p1a: Heatran|p2a: Slowbro
|
|upkeep
|turn|2
|
|t:|1779713631
|switch|p1a: Kyurem|Kyurem|100/100
|-ability|p1a: Kyurem|Pressure
|move|p2a: Slowbro|Trick Room|p2a: Slowbro
|-fieldstart|move: Trick Room|[of] p2a: Slowbro
|
|upkeep
|turn|3
|
|t:|1779713638
|switch|p2a: Vikavolt|Vikavolt, M|100/100
|move|p1a: Kyurem|Freeze-Dry|p2a: Vikavolt
|-damage|p2a: Vikavolt|54/100
|
|upkeep
|turn|4
|
|t:|1779713645
|move|p2a: Vikavolt|Bug Buzz|p1a: Kyurem
|-damage|p1a: Kyurem|14/100
|move|p1a: Kyurem|Ice Beam|p2a: Vikavolt
|-damage|p2a: Vikavolt|0 fnt
|faint|p2a: Vikavolt
|
|upkeep
|
|t:|1779713654
|switch|p2a: Kingambit|Kingambit, M|100/100
|-activate|p2a: Kingambit|ability: Supreme Overlord
|-start|p2a: Kingambit|fallen1|[silent]
|turn|5
|
|t:|1779713659
|switch|p1a: Poop Stripe|Great Tusk, shiny|100/100
|move|p2a: Kingambit|Sucker Punch||[still]
|-fail|p2a: Kingambit
|
|upkeep
|turn|6
|
|t:|1779713669
|-end|p2a: Kingambit|fallen1|[silent]
|switch|p2a: Slowbro|Slowbro, F|100/100
|move|p1a: Poop Stripe|Headlong Rush|p2a: Slowbro
|-damage|p2a: Slowbro|63/100
|-unboost|p1a: Poop Stripe|def|1
|-unboost|p1a: Poop Stripe|spd|1
|
|-heal|p2a: Slowbro|69/100|[from] item: Leftovers
|-fieldend|move: Trick Room
|upkeep
|turn|7
|
|t:|1779713680
|move|p1a: Poop Stripe|Knock Off|p2a: Slowbro
|-supereffective|p2a: Slowbro
|-damage|p2a: Slowbro|29/100
|-enditem|p2a: Slowbro|Leftovers|[from] move: Knock Off|[of] p1a: Poop Stripe
|move|p2a: Slowbro|Trick Room|p2a: Slowbro
|-fieldstart|move: Trick Room|[of] p2a: Slowbro
|
|upkeep
|turn|8
|
|t:|1779713692
|move|p2a: Slowbro|Hydro Pump|p1a: Poop Stripe|[miss]
|-miss|p2a: Slowbro|p1a: Poop Stripe
|move|p1a: Poop Stripe|Headlong Rush|p2a: Slowbro
|-damage|p2a: Slowbro|0 fnt
|-unboost|p1a: Poop Stripe|def|1
|-unboost|p1a: Poop Stripe|spd|1
|faint|p2a: Slowbro
|
|upkeep
|
|t:|1779713702
|switch|p2a: Hatterene|Hatterene, F|100/100
|turn|9
|
|t:|1779713706
|move|p2a: Hatterene|Draining Kiss|p1a: Poop Stripe
|-supereffective|p1a: Poop Stripe
|-damage|p1a: Poop Stripe|0 fnt
|faint|p1a: Poop Stripe
|-end|p1a: Poop Stripe|Protosynthesis|[silent]
|
|upkeep
|
|t:|1779713713
|switch|p1a: Slowking|Slowking-Galar, F|100/100
|turn|10
|
|t:|1779713718
|switch|p2a: Kingambit|Kingambit, M|100/100
|-activate|p2a: Kingambit|ability: Supreme Overlord
|-start|p2a: Kingambit|fallen2|[silent]
|move|p1a: Slowking|Sludge Bomb|p2a: Kingambit
|-immune|p2a: Kingambit
|
|upkeep
|turn|11
|
|t:|1779713726
|-prepare|p1a: Slowking|Chilly Reception|[premajor]
|move|p1a: Slowking|Chilly Reception|p1a: Slowking
|-weather|Snowscape
|
|t:|1779713731
|switch|p1a: Heatran|Heatran, M|100/100|[from] Chilly Reception
|move|p2a: Kingambit|Swords Dance|p2a: Kingambit
|-boost|p2a: Kingambit|atk|2
|
|-weather|Snowscape|[upkeep]
|-fieldend|move: Trick Room
|upkeep
|turn|12
|
|t:|1779713741
|-terastallize|p2a: Kingambit|Dark
|move|p2a: Kingambit|Sucker Punch|p1a: Heatran
|-damage|p1a: Heatran|0 fnt
|faint|p1a: Heatran
|
|-weather|Snowscape|[upkeep]
|upkeep
|-message|mayormccheese78 forfeited.
|
|win|Pedroelentrenador
|raw|mayormccheese78's rating: 1231 &rarr; <strong>1209</strong><br />(-22 for losing)
|raw|Pedroelentrenador's rating: 1266 &rarr; <strong>1288</strong><br />(+22 for winning)
|l|☆mayormccheese78
|player|p1|
|l|☆Pedroelentrenador
|player|p2|
|j|☆Pedroelentrenador
|player|p2|Pedroelentrenador|n|
|l|☆Pedroelentrenador
|player|p2|
