|inactive|Battle timer is ON: inactive players will automatically lose when time's up.
|t:|1779649332
|gametype|singles
|player|p1|leng loi|#scl4machines2|
|player|p2|Weaselfie|rosa|
|gen|9
|tier|[Gen 9] OU
|rule|HP Percentage Mod: HP is shown in percentages
|rule|Endless Battle Clause: Forcing endless battles is banned
|rule|Species Clause: Limit one of each Pokémon
|rule|OHKO Clause: OHKO moves are banned
|rule|Evasion Items Clause: Evasion items are banned
|rule|Evasion Moves Clause: Evasion moves are banned
|rule|Evasion Abilities Clause: Evasion abilities are banned
|rule|Sleep Moves Clause: Sleep-inducing moves are banned
|clearpoke
|poke|p1|Primarina, M|
|poke|p1|Zamazenta-*|
|poke|p1|Iron Treads|
|poke|p1|Zapdos|
|poke|p1|Kyurem|
|poke|p1|Kingambit, F|
|poke|p2|Dragapult, M|
|poke|p2|Great Tusk|
|poke|p2|Kingambit, F|
|poke|p2|Raging Bolt|
|poke|p2|Enamorus, F|
|poke|p2|Samurott-Hisui, M|
|teampreview
|c|☆leng loi|hf
|c|☆Weaselfie|hf
|inactive|leng loi has 270 seconds left.
|inactive|Weaselfie has 270 seconds left.
|inactive|leng loi has 240 seconds left.
|inactive|Weaselfie has 240 seconds left.
|inactive|leng loi has 210 seconds left.
|inactive|Weaselfie has 210 seconds left.
|inactive|leng loi has 180 seconds left.
|
|t:|1779649459
|teamsize|p1|6
|teamsize|p2|6
|start
|switch|p1a: Zapdos|Zapdos|100/100
|switch|p2a: Samurott|Samurott-Hisui, M, shiny|100/100
|turn|1
|
|t:|1779649471
|switch|p2a: Great Tusk|Great Tusk|100/100
|move|p1a: Zapdos|Volt Switch|p2a: Great Tusk
|-immune|p2a: Great Tusk
|
|upkeep
|turn|2
|
|t:|1779649479
|-end|p2a: Great Tusk|Protosynthesis|[silent]
|switch|p2a: Raging Bolt|Raging Bolt|100/100
|move|p1a: Zapdos|Volt Switch|p2a: Raging Bolt
|-resisted|p2a: Raging Bolt
|-damage|p2a: Raging Bolt|93/100
|
|t:|1779649481
|switch|p1a: Iron Treads|Iron Treads|100/100|[from] Volt Switch
|
|upkeep
|turn|3
|
|t:|1779649485
|-end|p2a: Raging Bolt|Protosynthesis|[silent]
|switch|p2a: Great Tusk|Great Tusk|100/100
|move|p1a: Iron Treads|Earthquake|p2a: Great Tusk
|-damage|p2a: Great Tusk|67/100
|
|upkeep
|turn|4
|
|t:|1779649492
|-end|p1a: Iron Treads|Quark Drive|[silent]
|switch|p1a: Kyurem|Kyurem|100/100
|-ability|p1a: Kyurem|Pressure
|move|p2a: Great Tusk|Stealth Rock|p1a: Kyurem
|-sidestart|p1: leng loi|move: Stealth Rock
|
|upkeep
|turn|5
|
|t:|1779649495
|-end|p2a: Great Tusk|Protosynthesis|[silent]
|switch|p2a: Kingambit|Kingambit, F|100/100
|move|p1a: Kyurem|Focus Blast|p2a: Kingambit
|-supereffective|p2a: Kingambit
|-damage|p2a: Kingambit|0 fnt
|faint|p2a: Kingambit
|-end|p2a: Kingambit|fallenundefined|[silent]
|
|upkeep
|
|t:|1779649499
|switch|p2a: Dragapult|Dragapult, M, shiny|100/100
|turn|6
|
|t:|1779649507
|-terastallize|p1a: Kyurem|Poison
|move|p2a: Dragapult|U-turn|p1a: Kyurem
|-resisted|p1a: Kyurem
|-damage|p1a: Kyurem|93/100
|
|t:|1779649531
|switch|p2a: Great Tusk|Great Tusk|67/100|[from] U-turn
|move|p1a: Kyurem|Freeze-Dry|p2a: Great Tusk
|-supereffective|p2a: Great Tusk
|-damage|p2a: Great Tusk|0 fnt
|faint|p2a: Great Tusk
|-end|p2a: Great Tusk|Protosynthesis|[silent]
|
|upkeep
|
|t:|1779649540
|switch|p2a: Raging Bolt|Raging Bolt|93/100
|turn|7
|
|t:|1779649545
|switch|p1a: Iron Treads|Iron Treads|100/100
|-damage|p1a: Iron Treads|97/100|[from] Stealth Rock
|move|p2a: Raging Bolt|Draco Meteor|p1a: Iron Treads
|-resisted|p1a: Iron Treads
|-damage|p1a: Iron Treads|9/100
|-unboost|p2a: Raging Bolt|spa|2
|
|upkeep
|turn|8
|
|t:|1779649552
|-end|p2a: Raging Bolt|Protosynthesis|[silent]
|switch|p2a: Dragapult|Dragapult, M, shiny|100/100
|move|p1a: Iron Treads|Earthquake|p2a: Dragapult
|-damage|p2a: Dragapult|28/100
|
|upkeep
|turn|9
|
|t:|1779649559
|-end|p1a: Iron Treads|Quark Drive|[silent]
|switch|p1a: Zapdos|Zapdos|100/100
|move|p2a: Dragapult|Shadow Ball|p1a: Zapdos
|-damage|p1a: Zapdos|69/100
|
|upkeep
|turn|10
|
|t:|1779649564
|switch|p2a: Raging Bolt|Raging Bolt|93/100
|move|p1a: Zapdos|Roost|p1a: Zapdos
|-heal|p1a: Zapdos|100/100
|-singleturn|p1a: Zapdos|move: Roost
|
|upkeep
|turn|11
|
|t:|1779649570
|switch|p1a: Primarina|Primarina, M|100/100
|-damage|p1a: Primarina|88/100|[from] Stealth Rock
|move|p2a: Raging Bolt|Volt Switch|p1a: Primarina
|-supereffective|p1a: Primarina
|-damage|p1a: Primarina|0 fnt
|faint|p1a: Primarina
|
|t:|1779649576
|-end|p2a: Raging Bolt|Protosynthesis|[silent]
|switch|p2a: Enamorus|Enamorus, F|100/100|[from] Volt Switch
|
|upkeep
|
|t:|1779649593
|switch|p1a: Kyurem|Kyurem, tera:Poison|93/100
|-damage|p1a: Kyurem|80/100|[from] Stealth Rock
|-ability|p1a: Kyurem|Pressure
|turn|12
|
|t:|1779649598
|-terastallize|p2a: Enamorus|Fairy
|move|p2a: Enamorus|Earth Power|p1a: Kyurem
|-supereffective|p1a: Kyurem
|-damage|p1a: Kyurem|38/100
|move|p1a: Kyurem|Freeze-Dry|p2a: Enamorus
|-damage|p2a: Enamorus|47/100
|
|upkeep
|turn|13
|
|t:|1779649602
|switch|p2a: Raging Bolt|Raging Bolt|93/100
|switch|p1a: Zapdos|Zapdos|100/100
|
|upkeep
|turn|14
|
|t:|1779649608
|move|p2a: Raging Bolt|Draco Meteor|p1a: Zapdos
|-damage|p1a: Zapdos|0 fnt
|-unboost|p2a: Raging Bolt|spa|2
|faint|p1a: Zapdos
|
|upkeep
|
|t:|1779649614
|switch|p1a: Iron Treads|Iron Treads|9/100
|-damage|p1a: Iron Treads|5/100|[from] Stealth Rock
|turn|15
|
|t:|1779649619
|-end|p2a: Raging Bolt|Protosynthesis|[silent]
|switch|p2a: Dragapult|Dragapult, M, shiny|28/100
|move|p1a: Iron Treads|Earthquake|p2a: Dragapult
|-damage|p2a: Dragapult|0 fnt
|faint|p2a: Dragapult
|
|upkeep
|
|t:|1779649621
|switch|p2a: Enamorus|Enamorus, F, tera:Fairy|47/100
|turn|16
|
|t:|1779649650
|move|p2a: Enamorus|Earth Power|p1a: Iron Treads
|-supereffective|p1a: Iron Treads
|-damage|p1a: Iron Treads|0 fnt
|faint|p1a: Iron Treads
|-end|p1a: Iron Treads|Quark Drive|[silent]
|
|upkeep
|
|t:|1779649655
|switch|p1a: Zamazenta|Zamazenta|100/100
|-damage|p1a: Zamazenta|94/100|[from] Stealth Rock
|-ability|p1a: Zamazenta|Dauntless Shield|boost
|-boost|p1a: Zamazenta|def|1
|turn|17
|
|t:|1779649661
|switch|p2a: Raging Bolt|Raging Bolt|93/100
|move|p1a: Zamazenta|Ice Fang|p2a: Raging Bolt|[miss]
|-miss|p1a: Zamazenta|p2a: Raging Bolt
|
|upkeep
|turn|18
|
|t:|1779649665
|move|p1a: Zamazenta|Ice Fang|p2a: Raging Bolt
|-supereffective|p2a: Raging Bolt
|-damage|p2a: Raging Bolt|39/100
|-damage|p1a: Zamazenta|84/100|[from] item: Life Orb
|cant|p2a: Raging Bolt|flinch
|
|upkeep
|turn|19
|
|t:|1779649673
|move|p2a: Raging Bolt|Thunderclap|p1a: Zamazenta
|-damage|p1a: Zamazenta|31/100
|move|p1a: Zamazenta|Ice Fang|p2a: Raging Bolt
|-supereffective|p2a: Raging Bolt
|-damage|p2a: Raging Bolt|0 fnt
|faint|p2a: Raging Bolt
|-end|p2a: Raging Bolt|Protosynthesis|[silent]
|-damage|p1a: Zamazenta|21/100|[from] item: Life Orb
|
|upkeep
|
|t:|1779649677
|switch|p2a: Enamorus|Enamorus, F, tera:Fairy|47/100
|turn|20
|
|t:|1779649684
|move|p2a: Enamorus|Moonblast|p1a: Zamazenta
|-supereffective|p1a: Zamazenta
|-damage|p1a: Zamazenta|0 fnt
|faint|p1a: Zamazenta
|
|upkeep
|
|t:|1779649686
|switch|p1a: Kyurem|Kyurem, tera:Poison|38/100
|-damage|p1a: Kyurem|26/100|[from] Stealth Rock
|-ability|p1a: Kyurem|Pressure
|turn|21
|
|t:|1779649687
|move|p2a: Enamorus|Moonblast|p1a: Kyurem
|-resisted|p1a: Kyurem
|-damage|p1a: Kyurem|2/100
|move|p1a: Kyurem|Freeze-Dry|p2a: Enamorus
|-damage|p2a: Enamorus|0 fnt
|faint|p2a: Enamorus
|
|upkeep
|
|t:|1779649690
|switch|p2a: Samurott|Samurott-Hisui, M, shiny|100/100
|turn|22
|
|t:|1779649693
|move|p2a: Samurott|Aqua Jet|p1a: Kyurem
|-damage|p1a: Kyurem|0 fnt
|faint|p1a: Kyurem
|
|upkeep
|
|t:|1779649694
|switch|p1a: Kingambit|Kingambit, F|100/100
|-damage|p1a: Kingambit|95/100|[from] Stealth Rock
|-activate|p1a: Kingambit|ability: Supreme Overlord
|-start|p1a: Kingambit|fallen5|[silent]
|turn|23
|
|t:|1779649696
|move|p2a: Samurott|Sacred Sword|p1a: Kingambit
|-supereffective|p1a: Kingambit
|-damage|p1a: Kingambit|0 fnt
|faint|p1a: Kingambit
|-end|p1a: Kingambit|fallen5|[silent]
|
|win|Weaselfie
|c|☆Weaselfie|gg
|c|☆leng loi|gg
|player|p1|
|player|p2|
