|j|☆LilPotRoast
|j|☆Jadar’sRisen
|t:|1779572419
|gametype|singles
|player|p1|LilPotRoast|wallace|
|player|p2|Jadar’sRisen|marshal|
|gen|9
|tier|[Gen 9] OU
|rule|HP Percentage Mod: HP is shown in percentages
|rule|Endless Battle Clause: Forcing endless battles is banned
|rule|Species Clause: Limit one of each Pokémon
|rule|OHKO Clause: OHKO moves are banned
|rule|Evasion Items Clause: Evasion items are banned
|rule|Evasion Moves Clause: Evasion moves are banned
|rule|Evasion Abilities Clause: Evasion abilities are banned
|rule|Sleep Moves Clause: Sleep-inducing moves are banned
|clearpoke
|poke|p1|Clefable, F|
|poke|p1|Gliscor, F|
|poke|p1|Ting-Lu|
|poke|p1|Iron Crown|
|poke|p1|Meowscarada, F|
|poke|p1|Alomomola, F|
|poke|p2|Goodra-Hisui, M|
|poke|p2|Hippowdon, M|
|poke|p2|Houndstone, F|
|poke|p2|Mabosstiff, F|
|poke|p2|Quagsire, F|
|poke|p2|Diancie|
|teampreview
|
|t:|1779572440
|teamsize|p1|6
|teamsize|p2|6
|start
|switch|p1a: Gone Fishin'|Alomomola, F, shiny|100/100
|switch|p2a: Hippowdon|Hippowdon, M|100/100
|-weather|Sandstorm|[from] ability: Sand Stream|[of] p2a: Hippowdon
|turn|1
|
|t:|1779572457
|switch|p2a: Goodra|Goodra-Hisui, M, shiny|100/100
|move|p1a: Gone Fishin'|Flip Turn|p2a: Goodra
|-resisted|p2a: Goodra
|-damage|p2a: Goodra|93/100
|
|t:|1779572471
|switch|p1a: Jazz Hands|Meowscarada, F, shiny|100/100|[from] Flip Turn
|
|-weather|Sandstorm|[upkeep]
|-damage|p1a: Jazz Hands|94/100|[from] Sandstorm
|upkeep
|turn|2
|
|t:|1779572493
|-terastallize|p2a: Goodra|Flying
|move|p1a: Jazz Hands|Triple Axel|p2a: Goodra
|-start|p1a: Jazz Hands|typechange|Ice|[from] ability: Protean
|-supereffective|p2a: Goodra
|-damage|p2a: Goodra|73/100
|-supereffective|p2a: Goodra
|-damage|p2a: Goodra|37/100
|-supereffective|p2a: Goodra
|-damage|p2a: Goodra|0 fnt
|faint|p2a: Goodra
|-hitcount|p2: Goodra|3
|
|-weather|Sandstorm|[upkeep]
|-damage|p1a: Jazz Hands|88/100|[from] Sandstorm
|upkeep
|
|t:|1779572511
|switch|p2a: Houndstone|Houndstone, F, shiny|100/100
|turn|3
|
|t:|1779572524
|move|p2a: Houndstone|Body Press|p1a: Jazz Hands
|-supereffective|p1a: Jazz Hands
|-damage|p1a: Jazz Hands|2/100
|move|p1a: Jazz Hands|Knock Off|p2a: Houndstone
|-supereffective|p2a: Houndstone
|-damage|p2a: Houndstone|32/100
|-enditem|p2a: Houndstone|Choice Band|[from] move: Knock Off|[of] p1a: Jazz Hands
|
|-weather|Sandstorm|[upkeep]
|-damage|p1a: Jazz Hands|0 fnt|[from] Sandstorm
|faint|p1a: Jazz Hands
|upkeep
|
|t:|1779572540
|switch|p1a: Glen|Gliscor, F|100/100
|turn|4
|
|t:|1779572550
|switch|p2a: Quagsire|Quagsire, F|100/100
|move|p1a: Glen|Knock Off|p2a: Quagsire
|-damage|p2a: Quagsire|85/100
|-enditem|p2a: Quagsire|Leftovers|[from] move: Knock Off|[of] p1a: Glen
|
|-weather|Sandstorm|[upkeep]
|-status|p1a: Glen|tox|[from] item: Toxic Orb
|upkeep
|turn|5
|
|t:|1779572575
|switch|p1a: PinkyWinky|Clefable, F, shiny|100/100
|switch|p2a: Diancie|Diancie|100/100
|
|-weather|Sandstorm|[upkeep]
|upkeep
|turn|6
|
|t:|1779572586
|move|p1a: PinkyWinky|Knock Off|p2a: Diancie
|-resisted|p2a: Diancie
|-damage|p2a: Diancie|94/100
|-enditem|p2a: Diancie|Power Herb|[from] move: Knock Off|[of] p1a: PinkyWinky
|move|p2a: Diancie|Meteor Beam||[still]
|-prepare|p2a: Diancie|Meteor Beam
|-boost|p2a: Diancie|spa|1
|
|-weather|Sandstorm|[upkeep]
|upkeep
|turn|7
|
|t:|1779572605
|switch|p1a: Gone Fishin'|Alomomola, F, shiny|100/100
|move|p2a: Diancie|Meteor Beam|p1a: Gone Fishin'|[from] lockedmove
|-damage|p1a: Gone Fishin'|33/100
|
|-weather|Sandstorm|[upkeep]
|-damage|p1a: Gone Fishin'|27/100|[from] Sandstorm
|upkeep
|turn|8
|
|t:|1779572619
|move|p1a: Gone Fishin'|Flip Turn|p2a: Diancie
|-supereffective|p2a: Diancie
|-damage|p2a: Diancie|69/100
|
|t:|1779572623
|switch|p1a: Beep Boop|Iron Crown|100/100|[from] Flip Turn
|move|p2a: Diancie|Earth Power|p1a: Beep Boop
|-supereffective|p1a: Beep Boop
|-damage|p1a: Beep Boop|38/100
|
|-weather|none
|upkeep
|turn|9
|
|t:|1779572643
|switch|p2a: Hippowdon|Hippowdon, M|100/100
|-weather|Sandstorm|[from] ability: Sand Stream|[of] p2a: Hippowdon
|-terastallize|p1a: Beep Boop|Fairy
|move|p1a: Beep Boop|Tachyon Cutter|p2a: Hippowdon
|-crit|p2a: Hippowdon
|-damage|p2a: Hippowdon|48/100
|-damage|p2a: Hippowdon|14/100
|-hitcount|p2a: Hippowdon|2
|
|-weather|Sandstorm|[upkeep]
|-damage|p1a: Beep Boop|31/100|[from] Sandstorm
|upkeep
|turn|10
|
|t:|1779572672
|switch|p2a: Quagsire|Quagsire, F|85/100
|move|p1a: Beep Boop|Tachyon Cutter|p2a: Quagsire
|-resisted|p2a: Quagsire
|-damage|p2a: Quagsire|63/100
|-resisted|p2a: Quagsire
|-damage|p2a: Quagsire|38/100
|-hitcount|p2a: Quagsire|2
|
|-weather|Sandstorm|[upkeep]
|-damage|p1a: Beep Boop|25/100|[from] Sandstorm
|upkeep
|turn|11
|
|t:|1779572685
|move|p1a: Beep Boop|Tachyon Cutter|p2a: Quagsire
|-resisted|p2a: Quagsire
|-damage|p2a: Quagsire|14/100
|-resisted|p2a: Quagsire
|-damage|p2a: Quagsire|0 fnt
|faint|p2a: Quagsire
|-hitcount|p2: Quagsire|2
|
|-weather|Sandstorm|[upkeep]
|-damage|p1a: Beep Boop|19/100|[from] Sandstorm
|upkeep
|
|t:|1779572697
|switch|p2a: Houndstone|Houndstone, F, shiny|32/100
|turn|12
|
|t:|1779572703
|move|p2a: Houndstone|Shadow Sneak|p1a: Beep Boop
|-damage|p1a: Beep Boop|0 fnt
|faint|p1a: Beep Boop
|-end|p1a: Beep Boop|Quark Drive|[silent]
|
|-weather|Sandstorm|[upkeep]
|upkeep
|
|t:|1779572710
|switch|p1a: Moose-Cow|Ting-Lu|100/100
|-ability|p1a: Moose-Cow|Vessel of Ruin
|turn|13
|
|t:|1779572741
|move|p2a: Houndstone|Play Rough|p1a: Moose-Cow
|-supereffective|p1a: Moose-Cow
|-damage|p1a: Moose-Cow|70/100
|move|p1a: Moose-Cow|Spikes|p2a: Houndstone
|-sidestart|p2: Jadar’sRisen|Spikes
|
|-weather|Sandstorm|[upkeep]
|-heal|p1a: Moose-Cow|76/100|[from] item: Leftovers
|upkeep
|turn|14
|
|t:|1779572759
|move|p2a: Houndstone|Body Press|p1a: Moose-Cow
|-supereffective|p1a: Moose-Cow
|-damage|p1a: Moose-Cow|56/100
|move|p1a: Moose-Cow|Earthquake|p2a: Houndstone
|-damage|p2a: Houndstone|0 fnt
|faint|p2a: Houndstone
|
|-weather|Sandstorm|[upkeep]
|-heal|p1a: Moose-Cow|62/100|[from] item: Leftovers
|upkeep
|
|t:|1779572779
|switch|p2a: Mabosstiff|Mabosstiff, F, shiny|100/100
|-damage|p2a: Mabosstiff|88/100|[from] Spikes
|turn|15
|
|t:|1779572793
|switch|p1a: Gone Fishin'|Alomomola, F, shiny|60/100
|move|p2a: Mabosstiff|Play Rough|p1a: Gone Fishin'
|-damage|p1a: Gone Fishin'|29/100
|-unboost|p1a: Gone Fishin'|atk|1
|
|-weather|Sandstorm|[upkeep]
|-damage|p2a: Mabosstiff|82/100|[from] Sandstorm
|-damage|p1a: Gone Fishin'|23/100|[from] Sandstorm
|upkeep
|turn|16
|
|t:|1779572810
|move|p2a: Mabosstiff|Play Rough|p1a: Gone Fishin'
|-damage|p1a: Gone Fishin'|6/100
|move|p1a: Gone Fishin'|Tickle|p2a: Mabosstiff
|-unboost|p2a: Mabosstiff|atk|1
|-unboost|p2a: Mabosstiff|def|1
|
|-weather|none
|upkeep
|turn|17
|
|t:|1779572825
|move|p2a: Mabosstiff|Play Rough|p1a: Gone Fishin'
|-damage|p1a: Gone Fishin'|0 fnt
|faint|p1a: Gone Fishin'
|
|upkeep
|
|t:|1779572841
|switch|p1a: Glen|Gliscor, F|100/100 tox
|turn|18
|
|t:|1779572846
|switch|p2a: Hippowdon|Hippowdon, M|14/100
|-damage|p2a: Hippowdon|2/100|[from] Spikes
|-weather|Sandstorm|[from] ability: Sand Stream|[of] p2a: Hippowdon
|move|p1a: Glen|Swords Dance|p1a: Glen
|-boost|p1a: Glen|atk|2
|
|-weather|Sandstorm|[upkeep]
|upkeep
|turn|19
|
|t:|1779572859
|move|p1a: Glen|Earthquake|p2a: Hippowdon
|-damage|p2a: Hippowdon|0 fnt
|faint|p2a: Hippowdon
|
|-weather|Sandstorm|[upkeep]
|upkeep
|
|t:|1779572867
|switch|p2a: Mabosstiff|Mabosstiff, F, shiny|82/100
|-damage|p2a: Mabosstiff|70/100|[from] Spikes
|turn|20
|
|t:|1779572874
|move|p2a: Mabosstiff|Destiny Bond|p2a: Mabosstiff
|-singlemove|p2a: Mabosstiff|Destiny Bond
|move|p1a: Glen|Earthquake|p2a: Mabosstiff
|-damage|p2a: Mabosstiff|0 fnt
|faint|p2a: Mabosstiff
|-activate|p2a: Mabosstiff|move: Destiny Bond
|faint|p1a: Glen
|
|-weather|Sandstorm|[upkeep]
|upkeep
|
|t:|1779572889
|switch|p2a: Diancie|Diancie|69/100
|switch|p1a: Moose-Cow|Ting-Lu|62/100
|-damage|p2a: Diancie|56/100|[from] Spikes
|-ability|p1a: Moose-Cow|Vessel of Ruin
|turn|21
|
|t:|1779572899
|move|p2a: Diancie|Moonblast|p1a: Moose-Cow
|-supereffective|p1a: Moose-Cow
|-damage|p1a: Moose-Cow|35/100
|move|p1a: Moose-Cow|Earthquake|p2a: Diancie
|-supereffective|p2a: Diancie
|-damage|p2a: Diancie|0 fnt
|faint|p2a: Diancie
|
|win|LilPotRoast
|c|☆LilPotRoast|gg
