|j|☆encore21768768
|j|☆Abyssal Bot
|t:|1779628608
|gametype|singles
|player|p1|encore21768768|266|
|player|p2|Abyssal Bot|supernerd|
|teamsize|p1|6
|teamsize|p2|6
|gen|9
|tier|[Gen 9] OU
|rule|Species Clause: Limit one of each Pokémon
|rule|OHKO Clause: OHKO moves are banned
|rule|Evasion Items Clause: Evasion items are banned
|rule|Evasion Moves Clause: Evasion moves are banned
|rule|Endless Battle Clause: Forcing endless battles is banned
|rule|HP Percentage Mod: HP is shown in percentages
|rule|Sleep Moves Clause: Sleep-inducing moves are banned
|clearpoke
|poke|p1|Clefable, M|
|poke|p1|Kommo-o, M|
|poke|p1|Deoxys-Speed|
|poke|p1|Arboliva, F|
|poke|p1|Dragalge, M|
|poke|p1|Ogerpon, F|
|poke|p2|Kingambit, F|
|poke|p2|Cinderace, F|
|poke|p2|Landorus-Therian, M|
|poke|p2|Iron Valiant|
|poke|p2|Kyurem|
|poke|p2|Slowking-Galar, M|
|teampreview
|c|☆Abyssal Bot|**WARNING**: Expect much hax.
|inactive|Battle timer is ON: inactive players will automatically lose when time's up. (requested by Abyssal Bot)
|j|*Turbo Bottttt
|
|t:|1779628612
|start
|switch|p1a: coconut|Kommo-o, M|100/100
|switch|p2a: SlodogChillionaire|Slowking-Galar, M, shiny|100/100
|turn|1
|
|t:|1779628615
|move|p1a: coconut|Ice Punch|p2a: SlodogChillionaire
|-damage|p2a: SlodogChillionaire|73/100
|-damage|p1a: coconut|91/100|[from] item: Life Orb
|move|p2a: SlodogChillionaire|Future Sight|p1a: coconut
|-start|p2a: SlodogChillionaire|move: Future Sight
|
|upkeep
|turn|2
|
|t:|1779628619
|switch|p1a: financial|Deoxys-Speed|100/100
|-ability|p1a: financial|Pressure
|move|p2a: SlodogChillionaire|Future Sight||[still]
|-fail|p2a: SlodogChillionaire
|
|upkeep
|turn|3
|
|t:|1779628621
|switch|p2a: Daenerys|Kingambit, F|100/100
|move|p1a: financial|Trick|p2a: Daenerys
|-activate|p1a: financial|move: Trick|[of] p2a: Daenerys
|-item|p2a: Daenerys|Choice Scarf|[from] move: Trick
|-item|p1a: financial|Leftovers|[from] move: Trick
|
|-end|p1a: financial|move: Future Sight
|-resisted|p1a: financial
|-damage|p1a: financial|64/100
|-heal|p1a: financial|71/100|[from] item: Leftovers
|upkeep
|turn|4
|
|t:|1779628626
|move|p2a: Daenerys|Sucker Punch|p1a: financial
|-supereffective|p1a: financial
|-damage|p1a: financial|0
|faint|p1a: financial
|
|upkeep
|
|t:|1779628630
|switch|p1a: coconut|Kommo-o, M|91/100
|turn|5
|
|t:|1779628631
|-end|p2a: Daenerys|fallenundefined|[silent]
|switch|p2a: WALL-Y|Iron Valiant|100/100
|-enditem|p2a: WALL-Y|Booster Energy
|-activate|p2a: WALL-Y|ability: Quark Drive|[fromitem]
|-start|p2a: WALL-Y|quarkdrivespe
|move|p1a: coconut|Clangorous Soul|p1a: coconut
|-boost|p1a: coconut|atk|1
|-boost|p1a: coconut|def|1
|-boost|p1a: coconut|spa|1
|-boost|p1a: coconut|spd|1
|-boost|p1a: coconut|spe|1
|-damage|p1a: coconut|58/100
|
|upkeep
|turn|6
|
|t:|1779628643
|switch|p1a: the idea|Arboliva, F|100/100
|move|p2a: WALL-Y|Moonblast|p1a: the idea
|-damage|p1a: the idea|67/100
|-fieldstart|move: Grassy Terrain|[from] ability: Seed Sower|[of] p1a: the idea
|
|-heal|p1a: the idea|73/100|[from] Grassy Terrain
|upkeep
|turn|7
|
|t:|1779628647
|move|p2a: WALL-Y|Close Combat|p1a: the idea
|-supereffective|p1a: the idea
|-crit|p1a: the idea
|-damage|p1a: the idea|0
|-unboost|p2a: WALL-Y|def|1
|-unboost|p2a: WALL-Y|spd|1
|faint|p1a: the idea
|
|upkeep
|c|☆Abyssal Bot|YASS!
|
|t:|1779628653
|switch|p1a: i know|Dragalge, M|100/100
|turn|8
|
|t:|1779628656
|move|p2a: WALL-Y|Moonblast|p1a: i know
|-damage|p1a: i know|65/100
|-unboost|p1a: i know|spa|1
|move|p1a: i know|Sludge Bomb|p2a: WALL-Y
|-supereffective|p2a: WALL-Y
|-damage|p2a: WALL-Y|0
|faint|p2a: WALL-Y
|-end|p2a: WALL-Y|Quark Drive|[silent]
|
|-heal|p1a: i know|71/100|[from] Grassy Terrain
|upkeep
|
|t:|1779628656
|switch|p2a: Daenerys|Kingambit, F|100/100
|-activate|p2a: Daenerys|ability: Supreme Overlord
|-start|p2a: Daenerys|fallen1|[silent]
|turn|9
|
|t:|1779628661
|switch|p1a: circumstances|Ogerpon, F|100/100
|move|p2a: Daenerys|Sucker Punch||[still]
|-fail|p2a: Daenerys
|
|upkeep
|turn|10
|
|t:|1779628664
|-end|p2a: Daenerys|fallen1|[silent]
|switch|p2a: Mr. Freeze|Kyurem, shiny|100/100
|-ability|p2a: Mr. Freeze|Pressure
|move|p1a: circumstances|Swords Dance|p1a: circumstances
|-boost|p1a: circumstances|atk|2
|
|upkeep
|turn|11
|
|t:|1779628666
|move|p1a: circumstances|Low Kick|p2a: Mr. Freeze
|-supereffective|p2a: Mr. Freeze
|-damage|p2a: Mr. Freeze|0
|faint|p2a: Mr. Freeze
|
|upkeep
|
|t:|1779628666
|switch|p2a: Kristine|Cinderace, F, shiny|100/100
|turn|12
|
|t:|1779628675
|switch|p1a: i know|Dragalge, M|71/100
|move|p2a: Kristine|Pyro Ball|p1a: i know
|-resisted|p1a: i know
|-damage|p1a: i know|48/100
|
|-heal|p1a: i know|54/100|[from] Grassy Terrain
|upkeep
|turn|13
|
|t:|1779628678
|move|p2a: Kristine|Court Change||[still]
|-swapsideconditions
|-fail|p2a: Kristine
|move|p1a: i know|Scald|p2a: Kristine
|-supereffective|p2a: Kristine
|-damage|p2a: Kristine|32/100
|
|-heal|p2a: Kristine|38/100|[from] Grassy Terrain
|-heal|p1a: i know|60/100|[from] Grassy Terrain
|-fieldend|move: Grassy Terrain
|upkeep
|turn|14
|
|t:|1779628680
|move|p2a: Kristine|Pyro Ball|p1a: i know
|-resisted|p1a: i know
|-damage|p1a: i know|41/100
|move|p1a: i know|Scald|p2a: Kristine
|-supereffective|p2a: Kristine
|-damage|p2a: Kristine|0
|faint|p2a: Kristine
|
|upkeep
|
|t:|1779628680
|switch|p2a: Daenerys|Kingambit, F|100/100
|-activate|p2a: Daenerys|ability: Supreme Overlord
|-start|p2a: Daenerys|fallen3|[silent]
|turn|15
|
|t:|1779628683
|move|p2a: Daenerys|Sucker Punch|p1a: i know
|-damage|p1a: i know|0
|faint|p1a: i know
|
|upkeep
|
|t:|1779628686
|switch|p1a: circumstances|Ogerpon, F|100/100
|turn|16
|
|t:|1779628687
|move|p2a: Daenerys|Sucker Punch||[still]
|-fail|p2a: Daenerys
|move|p1a: circumstances|Swords Dance|p1a: circumstances
|-boost|p1a: circumstances|atk|2
|
|upkeep
|turn|17
|
|t:|1779628689
|move|p2a: Daenerys|Sucker Punch||[still]
|-fail|p2a: Daenerys
|move|p1a: circumstances|Swords Dance|p1a: circumstances
|-boost|p1a: circumstances|atk|2
|
|upkeep
|turn|18
|
|t:|1779628690
|move|p2a: Daenerys|Sucker Punch||[still]
|-fail|p2a: Daenerys
|move|p1a: circumstances|Swords Dance|p1a: circumstances
|-boost|p1a: circumstances|atk|2
|
|upkeep
|turn|19
|
|t:|1779628692
|move|p2a: Daenerys|Sucker Punch||[still]
|-fail|p2a: Daenerys
|move|p1a: circumstances|Swords Dance|p1a: circumstances
|-boost|p1a: circumstances|atk|0
|
|upkeep
|turn|20
|
|t:|1779628696
|move|p1a: circumstances|Low Kick|p2a: Daenerys
|-supereffective|p2a: Daenerys
|-damage|p2a: Daenerys|0
|faint|p2a: Daenerys
|-end|p2a: Daenerys|fallen3|[silent]
|
|upkeep
|
|t:|1779628696
|switch|p2a: SlodogChillionaire|Slowking-Galar, M, shiny|100/100
|turn|21
|
|t:|1779628698
|move|p1a: circumstances|Knock Off|p2a: SlodogChillionaire
|-supereffective|p2a: SlodogChillionaire
|-damage|p2a: SlodogChillionaire|0
|-enditem|p2a: SlodogChillionaire|Heavy-Duty Boots|[from] move: Knock Off|[of] p1a: circumstances
|faint|p2a: SlodogChillionaire
|
|upkeep
|
|t:|1779628698
|switch|p2a: Homelandor|Landorus-Therian, M, shiny|100/100
|-ability|p2a: Homelandor|Intimidate|boost
|-unboost|p1a: circumstances|atk|1
|-ability|p1a: circumstances|Defiant|boost
|-boost|p1a: circumstances|atk|1
|turn|22
|
|t:|1779628699
|move|p1a: circumstances|Trailblaze|p2a: Homelandor
|-damage|p2a: Homelandor|47/100
|-boost|p1a: circumstances|spe|1
|-damage|p1a: circumstances|84/100|[from] item: Rocky Helmet|[of] p2a: Homelandor
|move|p2a: Homelandor|U-turn|p1a: circumstances
|-supereffective|p1a: circumstances
|-damage|p1a: circumstances|40/100
|
|upkeep
|turn|23
|
|t:|1779628704
|move|p1a: circumstances|Knock Off|p2a: Homelandor
|-damage|p2a: Homelandor|0
|-damage|p1a: circumstances|23/100|[from] item: Rocky Helmet|[of] p2a: Homelandor
|-enditem|p2a: Homelandor|Rocky Helmet|[from] move: Knock Off|[of] p1a: circumstances
|faint|p2a: Homelandor
|
|win|encore21768768
|c|☆Abyssal Bot|Oh, I lost. Good Game.
|l|☆Abyssal Bot
|player|p2|
|l|*Turbo Bottttt
