|j|☆Blue Deck Duckee
|j|☆Maiontye
|t:|1779578721
|gametype|singles
|player|p1|Blue Deck Duckee|rosa|1067
|player|p2|Maiontye|bruno|1057
|gen|9
|tier|[Gen 9] OU
|rated|
|rule|HP Percentage Mod: HP is shown in percentages
|rule|Endless Battle Clause: Forcing endless battles is banned
|rule|Species Clause: Limit one of each Pokémon
|rule|OHKO Clause: OHKO moves are banned
|rule|Evasion Items Clause: Evasion items are banned
|rule|Evasion Moves Clause: Evasion moves are banned
|rule|Evasion Abilities Clause: Evasion abilities are banned
|rule|Sleep Moves Clause: Sleep-inducing moves are banned
|clearpoke
|poke|p1|Toxicroak, M|
|poke|p1|Corviknight, F|
|poke|p1|Rillaboom, M|
|poke|p1|Dondozo, F|
|poke|p1|Clodsire, F|
|poke|p1|Torterra, M|
|poke|p2|Zoroark, M|
|poke|p2|Whimsicott, F|
|poke|p2|Dragonair, F|
|poke|p2|Goodra-Hisui, M|
|poke|p2|Noivern, M|
|poke|p2|Decidueye, M|
|teampreview
|
|t:|1779578726
|teamsize|p1|6
|teamsize|p2|6
|start
|switch|p1a: Clodsire|Clodsire, F|100/100
|switch|p2a: November Rain|Decidueye, M|100/100
|turn|1
|inactive|Battle timer is ON: inactive players will automatically lose when time's up. (requested by Maiontye)
|
|t:|1779578739
|move|p2a: November Rain|Taunt|p1a: Clodsire
|-start|p1a: Clodsire|move: Taunt
|cant|p1a: Clodsire|move: Taunt|Toxic Spikes
|
|upkeep
|turn|2
|
|t:|1779578753
|switch|p1a: Corviknight|Corviknight, F|100/100
|-ability|p1a: Corviknight|Unnerve
|move|p2a: November Rain|Swords Dance|p2a: November Rain
|-boost|p2a: November Rain|atk|2
|
|upkeep
|turn|3
|
|t:|1779578776
|move|p2a: November Rain|Swords Dance|p2a: November Rain
|-boost|p2a: November Rain|atk|2
|move|p1a: Corviknight|Drill Peck|p2a: November Rain
|-damage|p2a: November Rain|51/100
|replace|p2a: Thaumazein|Zoroark, M
|-end|p2a: Thaumazein|Illusion
|
|upkeep
|turn|4
|
|t:|1779578786
|move|p2a: Thaumazein|Sucker Punch||[still]
|-fail|p2a: Thaumazein
|move|p1a: Corviknight|Iron Defense|p1a: Corviknight
|-boost|p1a: Corviknight|def|2
|
|upkeep
|turn|5
|
|t:|1779578790
|move|p2a: Thaumazein|Sucker Punch||[still]
|-fail|p2a: Thaumazein
|move|p1a: Corviknight|Iron Defense|p1a: Corviknight
|-boost|p1a: Corviknight|def|2
|
|upkeep
|turn|6
|
|t:|1779578796
|move|p2a: Thaumazein|Sucker Punch|p1a: Corviknight
|-damage|p1a: Corviknight|75/100
|move|p1a: Corviknight|Body Press|p2a: Thaumazein
|-supereffective|p2a: Thaumazein
|-damage|p2a: Thaumazein|0 fnt
|faint|p2a: Thaumazein
|
|-heal|p1a: Corviknight|81/100|[from] item: Leftovers
|upkeep
|
|t:|1779578806
|switch|p2a: Qualia|Whimsicott, F|100/100
|turn|7
|
|t:|1779578813
|move|p2a: Qualia|Taunt|p1a: Corviknight
|-start|p1a: Corviknight|move: Taunt
|move|p1a: Corviknight|Drill Peck|p2a: Qualia
|-supereffective|p2a: Qualia
|-damage|p2a: Qualia|45/100
|
|-heal|p1a: Corviknight|87/100|[from] item: Leftovers
|upkeep
|turn|8
|
|t:|1779578822
|move|p2a: Qualia|Sunny Day|p2a: Qualia
|-weather|SunnyDay
|move|p1a: Corviknight|Drill Peck|p2a: Qualia
|-supereffective|p2a: Qualia
|-damage|p2a: Qualia|0 fnt
|faint|p2a: Qualia
|
|-weather|SunnyDay|[upkeep]
|-heal|p1a: Corviknight|93/100|[from] item: Leftovers
|upkeep
|
|t:|1779578829
|switch|p2a: The Cure|Dragonair, F, shiny|100/100
|turn|9
|
|t:|1779578847
|move|p2a: The Cure|Fire Blast|p1a: Corviknight
|-supereffective|p1a: Corviknight
|-damage|p1a: Corviknight|56/100
|move|p1a: Corviknight|Drill Peck|p2a: The Cure
|-damage|p2a: The Cure|73/100
|
|-weather|SunnyDay|[upkeep]
|-heal|p1a: Corviknight|62/100|[from] item: Leftovers
|-end|p1a: Corviknight|move: Taunt
|upkeep
|turn|10
|
|t:|1779578856
|move|p2a: The Cure|Fire Blast|p1a: Corviknight|[miss]
|-miss|p2a: The Cure|p1a: Corviknight
|move|p1a: Corviknight|Body Press|p2a: The Cure
|-crit|p2a: The Cure
|-damage|p2a: The Cure|0 fnt
|faint|p2a: The Cure
|
|-weather|SunnyDay|[upkeep]
|-heal|p1a: Corviknight|68/100|[from] item: Leftovers
|upkeep
|
|t:|1779578865
|switch|p2a: Sócrates|Goodra-Hisui, M|100/100
|turn|11
|
|t:|1779578880
|move|p1a: Corviknight|Body Press|p2a: Sócrates
|-supereffective|p2a: Sócrates
|-damage|p2a: Sócrates|0 fnt
|faint|p2a: Sócrates
|
|-weather|SunnyDay|[upkeep]
|-heal|p1a: Corviknight|75/100|[from] item: Leftovers
|upkeep
|-message|Maiontye forfeited.
|
|win|Blue Deck Duckee
|raw|Blue Deck Duckee's rating: 1067 &rarr; <strong>1096</strong><br />(+29 for winning)
|raw|Maiontye's rating: 1057 &rarr; <strong>1039</strong><br />(-18 for losing)
|l|☆Maiontye
|player|p2|
