|j|☆HugsSC
|j|☆Post Rut Sawsbuck
|t:|1779564867
|gametype|singles
|player|p1|HugsSC|alder|1273
|player|p2|Post Rut Sawsbuck|veteran|1333
|gen|9
|tier|[Gen 9] OU
|rated|
|rule|HP Percentage Mod: HP is shown in percentages
|rule|Endless Battle Clause: Forcing endless battles is banned
|rule|Species Clause: Limit one of each Pokémon
|rule|OHKO Clause: OHKO moves are banned
|rule|Evasion Items Clause: Evasion items are banned
|rule|Evasion Moves Clause: Evasion moves are banned
|rule|Evasion Abilities Clause: Evasion abilities are banned
|rule|Sleep Moves Clause: Sleep-inducing moves are banned
|clearpoke
|poke|p1|Wo-Chien|
|poke|p1|Landorus-Therian, M|
|poke|p1|Heatran, M|
|poke|p1|Alomomola, F|
|poke|p1|Mimikyu, F|
|poke|p1|Corviknight, M|
|poke|p2|Ninetales, F|
|poke|p2|Cinderace, M|
|poke|p2|Indeedee, M|
|poke|p2|Iron Moth|
|poke|p2|Hatterene, F|
|poke|p2|Darkrai|
|teampreview
|inactive|Battle timer is ON: inactive players will automatically lose when time's up. (requested by HugsSC)
|inactive|HugsSC has 120 seconds left.
|
|t:|1779564898
|teamsize|p1|6
|teamsize|p2|6
|start
|switch|p1a: Larry Bird|Landorus-Therian, M|100/100
|switch|p2a: Indeedee|Indeedee, M|100/100
|-fieldstart|move: Psychic Terrain|[from] ability: Psychic Surge|[of] p2a: Indeedee
|-ability|p1a: Larry Bird|Intimidate|boost
|-unboost|p2a: Indeedee|atk|1
|turn|1
|
|t:|1779564906
|move|p2a: Indeedee|Expanding Force|p1a: Larry Bird
|-damage|p1a: Larry Bird|18/100
|move|p1a: Larry Bird|U-turn|p2a: Indeedee
|-supereffective|p2a: Indeedee
|-damage|p2a: Indeedee|0 fnt
|faint|p2a: Indeedee
|
|t:|1779564918
|switch|p1a: King of Miami|Heatran, M|100/100|[from] U-turn
|-item|p1a: King of Miami|Air Balloon
|
|upkeep
|
|t:|1779564930
|switch|p2a: Hatterene|Hatterene, F|100/100
|turn|2
|
|t:|1779564938
|move|p1a: King of Miami|Earth Power|p2a: Hatterene
|-damage|p2a: Hatterene|67/100
|move|p2a: Hatterene|Psychic Noise|p1a: King of Miami
|-resisted|p1a: King of Miami
|-damage|p1a: King of Miami|79/100
|-start|p1a: King of Miami|move: Heal Block
|-enditem|p1a: King of Miami|Air Balloon
|
|upkeep
|turn|3
|
|t:|1779564943
|move|p1a: King of Miami|Overheat|p2a: Hatterene
|-damage|p2a: Hatterene|0 fnt
|-unboost|p1a: King of Miami|spa|2
|faint|p2a: Hatterene
|
|-end|p1a: King of Miami|move: Heal Block
|upkeep
|
|t:|1779564948
|switch|p2a: Cinderace|Cinderace, M|100/100
|turn|4
|
|t:|1779564953
|move|p2a: Cinderace|Swords Dance|p2a: Cinderace
|-boost|p2a: Cinderace|atk|2
|move|p1a: King of Miami|Earth Power|p2a: Cinderace
|-supereffective|p2a: Cinderace
|-damage|p2a: Cinderace|54/100
|
|upkeep
|turn|5
|
|t:|1779564958
|move|p2a: Cinderace|Substitute|p2a: Cinderace
|-start|p2a: Cinderace|Substitute
|-damage|p2a: Cinderace|29/100
|move|p1a: King of Miami|Earth Power|p2a: Cinderace
|-supereffective|p2a: Cinderace
|-end|p2a: Cinderace|Substitute
|
|upkeep
|turn|6
|
|t:|1779564964
|move|p2a: Cinderace|Substitute|p2a: Cinderace
|-start|p2a: Cinderace|Substitute
|-damage|p2a: Cinderace|4/100
|-enditem|p2a: Cinderace|Salac Berry|[eat]
|-boost|p2a: Cinderace|spe|1|[from] item: Salac Berry
|move|p1a: King of Miami|Earth Power|p2a: Cinderace
|-supereffective|p2a: Cinderace
|-end|p2a: Cinderace|Substitute
|
|upkeep
|turn|7
|
|t:|1779564967
|move|p2a: Cinderace|Low Kick|p1a: King of Miami
|-supereffective|p1a: King of Miami
|-damage|p1a: King of Miami|0 fnt
|faint|p1a: King of Miami
|
|upkeep
|
|t:|1779564971
|switch|p1a: Larry Bird|Landorus-Therian, M|18/100
|-ability|p1a: Larry Bird|Intimidate|boost
|-unboost|p2a: Cinderace|atk|1
|turn|8
|
|t:|1779564977
|move|p2a: Cinderace|Pyro Ball|p1a: Larry Bird
|-damage|p1a: Larry Bird|0 fnt
|faint|p1a: Larry Bird
|
|-fieldend|move: Psychic Terrain
|upkeep
|
|t:|1779564983
|switch|p1a: Wormtongue|Mimikyu, F|100/100
|turn|9
|
|t:|1779564985
|move|p1a: Wormtongue|Shadow Sneak|p2a: Cinderace
|-damage|p2a: Cinderace|0 fnt
|faint|p2a: Cinderace
|
|upkeep
|
|t:|1779564988
|switch|p2a: Ninetales|Ninetales, F|100/100
|-weather|SunnyDay|[from] ability: Drought|[of] p2a: Ninetales
|turn|10
|
|t:|1779564992
|move|p2a: Ninetales|Will-O-Wisp|p1a: Wormtongue
|-status|p1a: Wormtongue|brn
|move|p1a: Wormtongue|Swords Dance|p1a: Wormtongue
|-boost|p1a: Wormtongue|atk|2
|
|-weather|SunnyDay|[upkeep]
|-damage|p1a: Wormtongue|95/100 brn|[from] brn
|upkeep
|turn|11
|
|t:|1779565005
|move|p2a: Ninetales|Encore|p1a: Wormtongue
|-start|p1a: Wormtongue|Encore
|move|p1a: Wormtongue|Swords Dance|p1a: Wormtongue
|-boost|p1a: Wormtongue|atk|2
|
|-weather|SunnyDay|[upkeep]
|-damage|p1a: Wormtongue|89/100 brn|[from] brn
|upkeep
|turn|12
|
|t:|1779565008
|switch|p2a: Darkrai|Darkrai|100/100
|move|p1a: Wormtongue|Swords Dance|p1a: Wormtongue
|-boost|p1a: Wormtongue|atk|2
|
|-weather|SunnyDay|[upkeep]
|-damage|p1a: Wormtongue|83/100 brn|[from] brn
|upkeep
|turn|13
|
|t:|1779565011
|move|p2a: Darkrai|Sludge Bomb|p1a: Wormtongue
|-activate|p1a: Wormtongue|ability: Disguise
|-damage|p1a: Wormtongue|83/100 brn
|detailschange|p1a: Wormtongue|Mimikyu-Busted, F
|-damage|p1a: Wormtongue|70/100 brn|[from] pokemon: Mimikyu-Busted
|-enditem|p1a: Wormtongue|Red Card|[of] p2a: Darkrai
|drag|p2a: Iron Moth|Iron Moth|100/100
|-enditem|p2a: Iron Moth|Booster Energy
|-activate|p2a: Iron Moth|ability: Quark Drive|[fromitem]
|-start|p2a: Iron Moth|quarkdrivespe
|move|p1a: Wormtongue|Swords Dance|p1a: Wormtongue
|-boost|p1a: Wormtongue|atk|0
|
|-weather|SunnyDay|[upkeep]
|-damage|p1a: Wormtongue|64/100 brn|[from] brn
|-end|p1a: Wormtongue|Encore
|upkeep
|turn|14
|
|t:|1779565016
|move|p1a: Wormtongue|Shadow Sneak|p2a: Iron Moth
|-damage|p2a: Iron Moth|58/100
|move|p2a: Iron Moth|Fiery Dance|p1a: Wormtongue
|-damage|p1a: Wormtongue|0 fnt
|-boost|p2a: Iron Moth|spa|1
|faint|p1a: Wormtongue
|
|-weather|none
|upkeep
|
|t:|1779565034
|switch|p1a: Yung Slug|Wo-Chien|100/100
|-ability|p1a: Yung Slug|Tablets of Ruin
|turn|15
|
|t:|1779565047
|-terastallize|p2a: Iron Moth|Fairy
|-terastallize|p1a: Yung Slug|Poison
|move|p2a: Iron Moth|Dazzling Gleam|p1a: Yung Slug
|-resisted|p1a: Yung Slug
|-damage|p1a: Yung Slug|83/100
|move|p1a: Yung Slug|Mean Look|p2a: Iron Moth
|-activate|p2a: Iron Moth|trapped
|
|-heal|p1a: Yung Slug|90/100|[from] item: Leftovers
|upkeep
|turn|16
|
|t:|1779565054
|move|p2a: Iron Moth|Substitute|p2a: Iron Moth
|-start|p2a: Iron Moth|Substitute
|-damage|p2a: Iron Moth|33/100
|move|p1a: Yung Slug|Leech Seed||[still]
|-fail|p1a: Yung Slug
|
|-heal|p1a: Yung Slug|96/100|[from] item: Leftovers
|upkeep
|turn|17
|
|t:|1779565058
|move|p2a: Iron Moth|Fiery Dance|p1a: Yung Slug
|-damage|p1a: Yung Slug|63/100
|-boost|p2a: Iron Moth|spa|1
|move|p1a: Yung Slug|Knock Off|p2a: Iron Moth
|-resisted|p2a: Iron Moth
|-activate|p2a: Iron Moth|move: Substitute|[damage]
|
|-heal|p1a: Yung Slug|69/100|[from] item: Leftovers
|upkeep
|turn|18
|
|t:|1779565061
|move|p1a: Yung Slug|Protect|p1a: Yung Slug
|-singleturn|p1a: Yung Slug|Protect
|move|p2a: Iron Moth|Fiery Dance|p1a: Yung Slug
|-activate|p1a: Yung Slug|move: Protect
|
|-heal|p1a: Yung Slug|75/100|[from] item: Leftovers
|upkeep
|turn|19
|
|t:|1779565067
|move|p2a: Iron Moth|Fiery Dance|p1a: Yung Slug
|-damage|p1a: Yung Slug|30/100
|-boost|p2a: Iron Moth|spa|1
|move|p1a: Yung Slug|Knock Off|p2a: Iron Moth
|-resisted|p2a: Iron Moth
|-end|p2a: Iron Moth|Substitute
|
|-heal|p1a: Yung Slug|37/100|[from] item: Leftovers
|upkeep
|turn|20
|
|t:|1779565078
|move|p1a: Yung Slug|Protect|p1a: Yung Slug
|-singleturn|p1a: Yung Slug|Protect
|move|p2a: Iron Moth|Substitute|p2a: Iron Moth
|-start|p2a: Iron Moth|Substitute
|-damage|p2a: Iron Moth|8/100
|
|-heal|p1a: Yung Slug|43/100|[from] item: Leftovers
|upkeep
|turn|21
|
|t:|1779565080
|move|p2a: Iron Moth|Fiery Dance|p1a: Yung Slug
|-damage|p1a: Yung Slug|0 fnt
|-boost|p2a: Iron Moth|spa|1
|faint|p1a: Yung Slug
|
|upkeep
|
|t:|1779565084
|switch|p1a: Alowowowa|Alomomola, F|100/100
|turn|22
|
|t:|1779565089
|move|p2a: Iron Moth|Sludge Wave|p1a: Alowowowa
|-damage|p1a: Alowowowa|0 fnt
|faint|p1a: Alowowowa
|
|upkeep
|
|t:|1779565092
|switch|p1a: B-2 Bomber|Corviknight, M|100/100
|-ability|p1a: B-2 Bomber|Pressure
|turn|23
|
|t:|1779565094
|move|p2a: Iron Moth|Fiery Dance|p1a: B-2 Bomber
|-supereffective|p1a: B-2 Bomber
|-damage|p1a: B-2 Bomber|0 fnt
|-boost|p2a: Iron Moth|spa|1
|faint|p1a: B-2 Bomber
|
|win|Post Rut Sawsbuck
|raw|HugsSC's rating: 1273 &rarr; <strong>1252</strong><br />(-21 for losing)
|raw|Post Rut Sawsbuck's rating: 1333 &rarr; <strong>1350</strong><br />(+17 for winning)
