|inactive|Battle timer is ON: inactive players will automatically lose when time's up.
|t:|1779555768
|gametype|singles
|player|p1|Hairoll|#wcop2026latinamerica|
|player|p2|SpyOP|rood|
|gen|9
|tier|[Gen 9] OU
|rule|HP Percentage Mod: HP is shown in percentages
|rule|Endless Battle Clause: Forcing endless battles is banned
|rule|Species Clause: Limit one of each Pokémon
|rule|OHKO Clause: OHKO moves are banned
|rule|Evasion Items Clause: Evasion items are banned
|rule|Evasion Moves Clause: Evasion moves are banned
|rule|Evasion Abilities Clause: Evasion abilities are banned
|rule|Sleep Moves Clause: Sleep-inducing moves are banned
|clearpoke
|poke|p1|Cinderace, F|
|poke|p1|Gliscor, M|
|poke|p1|Kyurem|
|poke|p1|Zamazenta-*|
|poke|p1|Pecharunt|
|poke|p1|Corviknight, M|
|poke|p2|Alomomola, F|
|poke|p2|Weezing-Galar, F|
|poke|p2|Gliscor, M|
|poke|p2|Corviknight, F|
|poke|p2|Ogerpon, F|
|poke|p2|Darkrai|
|teampreview
|c|☆SpyOP|Hf
|c|☆Hairoll|hf
|inactive|Hairoll has 270 seconds left.
|inactive|SpyOP has 270 seconds left.
|inactive|Hairoll has 240 seconds left.
|inactive|SpyOP has 240 seconds left.
|inactive|Hairoll has 210 seconds left.
|inactive|Hairoll has 180 seconds left.
|inactive|Hairoll has 150 seconds left.
|inactive|Hairoll has 120 seconds left.
|
|t:|1779555978
|teamsize|p1|6
|teamsize|p2|6
|start
|switch|p1a: Kyurem|Kyurem|100/100
|switch|p2a: Alomomola|Alomomola, F|100/100
|-ability|p1a: Kyurem|Pressure
|turn|1
|
|t:|1779555992
|move|p1a: Kyurem|Substitute|p1a: Kyurem
|-start|p1a: Kyurem|Substitute
|-damage|p1a: Kyurem|76/100
|move|p2a: Alomomola|Flip Turn|p1a: Kyurem
|-resisted|p1a: Kyurem
|-activate|p1a: Kyurem|move: Substitute|[damage]
|
|t:|1779555994
|switch|p2a: Ogerpon|Ogerpon, F|100/100|[from] Flip Turn
|
|-heal|p1a: Kyurem|82/100|[from] item: Leftovers
|upkeep
|turn|2
|
|t:|1779556005
|move|p1a: Kyurem|Protect|p1a: Kyurem
|-singleturn|p1a: Kyurem|Protect
|move|p2a: Ogerpon|Encore|p1a: Kyurem
|-activate|p1a: Kyurem|move: Protect
|
|-heal|p1a: Kyurem|88/100|[from] item: Leftovers
|upkeep
|turn|3
|
|t:|1779556012
|switch|p1a: Cinderace|Cinderace, F|100/100
|move|p2a: Ogerpon|Encore||[still]
|-fail|p2a: Ogerpon
|
|upkeep
|turn|4
|
|t:|1779556030
|switch|p2a: Alomomola|Alomomola, F|100/100
|move|p1a: Cinderace|Will-O-Wisp|p2a: Alomomola
|-status|p2a: Alomomola|brn
|
|-damage|p2a: Alomomola|94/100 brn|[from] brn
|upkeep
|turn|5
|inactive|Hairoll has 180 seconds left.
|
|t:|1779556041
|move|p1a: Cinderace|U-turn|p2a: Alomomola
|-damage|p2a: Alomomola|84/100 brn
|-damage|p1a: Cinderace|84/100|[from] item: Rocky Helmet|[of] p2a: Alomomola
|inactive|Hairoll has 180 seconds left.
|
|t:|1779556059
|switch|p1a: Pecharunt|Pecharunt|100/100|[from] U-turn
|move|p2a: Alomomola|Flip Turn|p1a: Pecharunt
|-damage|p1a: Pecharunt|95/100
|
|t:|1779556062
|switch|p2a: Darkrai|Darkrai|100/100|[from] Flip Turn
|
|upkeep
|turn|6
|inactive|Hairoll has 180 seconds left.
|
|t:|1779556080
|switch|p1a: Zamazenta|Zamazenta|100/100
|-ability|p1a: Zamazenta|Dauntless Shield|boost
|-boost|p1a: Zamazenta|def|1
|move|p2a: Darkrai|Dark Pulse|p1a: Zamazenta
|-resisted|p1a: Zamazenta
|-damage|p1a: Zamazenta|69/100
|
|upkeep
|turn|7
|
|t:|1779556089
|switch|p1a: Gliscor|Gliscor, M|100/100
|switch|p2a: Weezing|Weezing-Galar, F|100/100
|-ability|p2a: Weezing|Neutralizing Gas
|
|-status|p1a: Gliscor|tox|[from] item: Toxic Orb
|upkeep
|turn|8
|inactive|Hairoll has 180 seconds left.
|
|t:|1779556114
|-end|p2a: Weezing|ability: Neutralizing Gas
|switch|p2a: Gliscor|Gliscor, M|100/100
|move|p1a: Gliscor|Earthquake|p2a: Gliscor
|-immune|p2a: Gliscor
|
|-status|p2a: Gliscor|tox|[from] item: Toxic Orb
|upkeep
|turn|9
|
|t:|1779556131
|switch|p1a: Pecharunt|Pecharunt|95/100
|move|p2a: Gliscor|Stealth Rock|p1a: Pecharunt
|-sidestart|p1: Hairoll|move: Stealth Rock
|
|upkeep
|turn|10
|inactive|SpyOP has 270 seconds left.
|
|t:|1779556154
|switch|p2a: Corviknight|Corviknight, F|100/100
|-ability|p2a: Corviknight|Pressure
|move|p1a: Pecharunt|Nasty Plot|p1a: Pecharunt
|-boost|p1a: Pecharunt|spa|2
|
|upkeep
|turn|11
|
|t:|1779556159
|move|p1a: Pecharunt|Shadow Ball|p2a: Corviknight
|-damage|p2a: Corviknight|64/100
|move|p2a: Corviknight|U-turn|p1a: Pecharunt
|-resisted|p1a: Pecharunt
|-damage|p1a: Pecharunt|93/100
|
|t:|1779556161
|switch|p2a: Ogerpon|Ogerpon, F|100/100|[from] U-turn
|
|upkeep
|turn|12
|
|t:|1779556170
|move|p2a: Ogerpon|Encore|p1a: Pecharunt
|-start|p1a: Pecharunt|Encore
|move|p1a: Pecharunt|Shadow Ball|p2a: Ogerpon
|-damage|p2a: Ogerpon|33/100
|
|upkeep
|turn|13
|
|t:|1779556179
|switch|p2a: Darkrai|Darkrai|100/100
|move|p1a: Pecharunt|Shadow Ball|p2a: Darkrai
|-resisted|p2a: Darkrai
|-damage|p2a: Darkrai|67/100
|
|upkeep
|turn|14
|
|t:|1779556188
|switch|p1a: Zamazenta|Zamazenta|69/100
|move|p2a: Darkrai|Dark Pulse|p1a: Zamazenta
|-resisted|p1a: Zamazenta
|-damage|p1a: Zamazenta|40/100
|
|upkeep
|turn|15
|
|t:|1779556194
|switch|p2a: Alomomola|Alomomola, F|100/100 brn
|move|p1a: Zamazenta|Heavy Slam|p2a: Alomomola
|-resisted|p2a: Alomomola
|-damage|p2a: Alomomola|89/100 brn
|-damage|p1a: Zamazenta|23/100|[from] item: Rocky Helmet|[of] p2a: Alomomola
|
|-damage|p2a: Alomomola|83/100 brn|[from] brn
|upkeep
|turn|16
|inactive|Hairoll has 210 seconds left.
|
|t:|1779556200
|switch|p1a: Gliscor|Gliscor, M|100/100 tox
|-damage|p1a: Gliscor|88/100 tox|[from] Stealth Rock
|move|p2a: Alomomola|Wish|p2a: Alomomola
|
|-heal|p1a: Gliscor|100/100 tox|[from] ability: Poison Heal
|-damage|p2a: Alomomola|77/100 brn|[from] brn
|upkeep
|turn|17
|inactive|Hairoll has 210 seconds left.
|
|t:|1779556214
|switch|p2a: Corviknight|Corviknight, F|64/100
|-ability|p2a: Corviknight|Pressure
|move|p1a: Gliscor|Protect||[still]
|-fail|p1a: Gliscor
|
|-heal|p2a: Corviknight|100/100|[from] move: Wish|[wisher] Alomomola
|upkeep
|turn|18
|inactive|Hairoll has 210 seconds left.
|
|t:|1779556228
|move|p1a: Gliscor|Protect|p1a: Gliscor
|-singleturn|p1a: Gliscor|Protect
|move|p2a: Corviknight|U-turn|p1a: Gliscor
|-activate|p1a: Gliscor|move: Protect
|
|upkeep
|turn|19
|
|t:|1779556238
|move|p1a: Gliscor|Toxic|p2a: Corviknight
|-immune|p2a: Corviknight
|move|p2a: Corviknight|U-turn|p1a: Gliscor
|-resisted|p1a: Gliscor
|-damage|p1a: Gliscor|95/100 tox
|
|t:|1779556243
|switch|p2a: Darkrai|Darkrai|67/100|[from] U-turn
|
|-heal|p1a: Gliscor|100/100 tox|[from] ability: Poison Heal
|upkeep
|turn|20
|
|t:|1779556249
|switch|p2a: Corviknight|Corviknight, F|100/100
|-ability|p2a: Corviknight|Pressure
|move|p1a: Gliscor|Protect||[still]
|-fail|p1a: Gliscor
|
|upkeep
|turn|21
|
|t:|1779556259
|move|p1a: Gliscor|Toxic|p2a: Corviknight
|-immune|p2a: Corviknight
|move|p2a: Corviknight|U-turn|p1a: Gliscor
|-resisted|p1a: Gliscor
|-damage|p1a: Gliscor|94/100 tox
|
|t:|1779556261
|switch|p2a: Darkrai|Darkrai|67/100|[from] U-turn
|
|-heal|p1a: Gliscor|100/100 tox|[from] ability: Poison Heal
|upkeep
|turn|22
|
|t:|1779556267
|move|p1a: Gliscor|Protect|p1a: Gliscor
|-singleturn|p1a: Gliscor|Protect
|move|p2a: Darkrai|Ice Beam|p1a: Gliscor
|-activate|p1a: Gliscor|move: Protect
|
|upkeep
|turn|23
|
|t:|1779556276
|switch|p1a: Cinderace|Cinderace, F|84/100
|move|p2a: Darkrai|Ice Beam|p1a: Cinderace
|-resisted|p1a: Cinderace
|-damage|p1a: Cinderace|55/100
|
|upkeep
|turn|24
|
|t:|1779556286
|switch|p2a: Alomomola|Alomomola, F|100/100 brn
|move|p1a: Cinderace|Court Change|p1a: Cinderace
|-swapsideconditions
|-activate|p1a: Cinderace|move: Court Change
|
|-damage|p2a: Alomomola|94/100 brn|[from] brn
|upkeep
|turn|25
|
|t:|1779556294
|switch|p1a: Kyurem|Kyurem|88/100
|-ability|p1a: Kyurem|Pressure
|move|p2a: Alomomola|Flip Turn|p1a: Kyurem
|-resisted|p1a: Kyurem
|-damage|p1a: Kyurem|84/100
|
|t:|1779556299
|switch|p2a: Weezing|Weezing-Galar, F|100/100|[from] Flip Turn
|-ability|p2a: Weezing|Neutralizing Gas
|-damage|p2a: Weezing|88/100|[from] Stealth Rock
|
|-heal|p1a: Kyurem|91/100|[from] item: Leftovers
|-heal|p2a: Weezing|94/100|[from] item: Leftovers
|upkeep
|turn|26
|inactive|Hairoll has 270 seconds left.
|
|t:|1779556310
|-terastallize|p1a: Kyurem|Ground
|move|p1a: Kyurem|Earth Power|p2a: Weezing
|-supereffective|p2a: Weezing
|-damage|p2a: Weezing|0 fnt
|faint|p2a: Weezing
|-end|p2a: Weezing|ability: Neutralizing Gas
|-ability|p1a: Kyurem|Pressure
|
|-heal|p1a: Kyurem|97/100|[from] item: Leftovers
|upkeep
|
|t:|1779556323
|switch|p2a: Corviknight|Corviknight, F|100/100
|-damage|p2a: Corviknight|88/100|[from] Stealth Rock
|-ability|p2a: Corviknight|Pressure
|turn|27
|
|t:|1779556329
|move|p1a: Kyurem|Freeze-Dry|p2a: Corviknight
|-damage|p2a: Corviknight|62/100
|move|p2a: Corviknight|Defog|p1a: Kyurem
|-unboost|p1a: Kyurem|evasion|1
|-sideend|p2: SpyOP|Stealth Rock|[from] move: Defog|[of] p2a: Corviknight
|
|-heal|p1a: Kyurem|100/100|[from] item: Leftovers
|-heal|p2a: Corviknight|68/100|[from] item: Leftovers
|upkeep
|turn|28
|
|t:|1779556343
|move|p1a: Kyurem|Freeze-Dry|p2a: Corviknight
|-damage|p2a: Corviknight|45/100
|move|p2a: Corviknight|U-turn|p1a: Kyurem
|-crit|p1a: Kyurem
|-damage|p1a: Kyurem|79/100
|
|t:|1779556352
|switch|p2a: Ogerpon|Ogerpon, F|33/100|[from] U-turn
|
|-heal|p1a: Kyurem|85/100|[from] item: Leftovers
|upkeep
|turn|29
|
|t:|1779556356
|switch|p1a: Corviknight|Corviknight, M|100/100
|-ability|p1a: Corviknight|Pressure
|move|p2a: Ogerpon|Ivy Cudgel|p1a: Corviknight
|-resisted|p1a: Corviknight
|-damage|p1a: Corviknight|93/100
|
|upkeep
|turn|30
|
|t:|1779556365
|switch|p2a: Alomomola|Alomomola, F|100/100 brn
|move|p1a: Corviknight|U-turn|p2a: Alomomola
|-damage|p2a: Alomomola|91/100 brn
|-damage|p1a: Corviknight|77/100|[from] item: Rocky Helmet|[of] p2a: Alomomola
|
|t:|1779556369
|switch|p1a: Kyurem|Kyurem, tera:Ground|85/100|[from] U-turn
|-ability|p1a: Kyurem|Pressure
|
|-heal|p1a: Kyurem|92/100|[from] item: Leftovers
|-damage|p2a: Alomomola|85/100 brn|[from] brn
|upkeep
|turn|31
|
|t:|1779556377
|move|p1a: Kyurem|Freeze-Dry|p2a: Alomomola
|-supereffective|p2a: Alomomola
|-damage|p2a: Alomomola|19/100 brn
|move|p2a: Alomomola|Flip Turn|p1a: Kyurem
|-supereffective|p1a: Kyurem
|-damage|p1a: Kyurem|76/100
|
|t:|1779556386
|switch|p2a: Darkrai|Darkrai|67/100|[from] Flip Turn
|
|-heal|p1a: Kyurem|82/100|[from] item: Leftovers
|upkeep
|turn|32
|
|t:|1779556391
|move|p1a: Kyurem|Protect|p1a: Kyurem
|-singleturn|p1a: Kyurem|Protect
|move|p2a: Darkrai|Ice Beam|p1a: Kyurem
|-activate|p1a: Kyurem|move: Protect
|
|-heal|p1a: Kyurem|88/100|[from] item: Leftovers
|upkeep
|turn|33
|
|t:|1779556406
|switch|p1a: Zamazenta|Zamazenta|23/100
|move|p2a: Darkrai|Ice Beam|p1a: Zamazenta
|-damage|p1a: Zamazenta|0 fnt
|faint|p1a: Zamazenta
|
|upkeep
|
|t:|1779556420
|switch|p1a: Pecharunt|Pecharunt|93/100
|turn|34
|
|t:|1779556428
|move|p2a: Darkrai|Ice Beam|p1a: Pecharunt
|-crit|p1a: Pecharunt
|-damage|p1a: Pecharunt|13/100
|move|p1a: Pecharunt|Malignant Chain|p2a: Darkrai
|-damage|p2a: Darkrai|18/100
|
|upkeep
|turn|35
|inactive|Hairoll has 270 seconds left.
|inactive|Hairoll has 240 seconds left.
|
|t:|1779556501
|switch|p1a: Gliscor|Gliscor, M|100/100 tox
|move|p2a: Darkrai|Ice Beam|p1a: Gliscor
|-supereffective|p1a: Gliscor
|-damage|p1a: Gliscor|0 fnt
|faint|p1a: Gliscor
|
|upkeep
|
|t:|1779556510
|switch|p1a: Corviknight|Corviknight, M|77/100
|-ability|p1a: Corviknight|Pressure
|turn|36
|
|t:|1779556521
|switch|p2a: Corviknight|Corviknight, F|45/100
|-ability|p2a: Corviknight|Pressure
|move|p1a: Corviknight|U-turn|p2a: Corviknight
|-resisted|p2a: Corviknight
|-damage|p2a: Corviknight|42/100
|
|t:|1779556526
|switch|p1a: Pecharunt|Pecharunt|13/100|[from] U-turn
|
|-heal|p2a: Corviknight|48/100|[from] item: Leftovers
|upkeep
|turn|37
|
|t:|1779556530
|move|p1a: Pecharunt|Recover|p1a: Pecharunt
|-heal|p1a: Pecharunt|63/100
|move|p2a: Corviknight|Roost|p2a: Corviknight
|-heal|p2a: Corviknight|98/100
|-singleturn|p2a: Corviknight|move: Roost
|
|-heal|p2a: Corviknight|100/100|[from] item: Leftovers
|upkeep
|turn|38
|inactive|Hairoll has 240 seconds left.
|
|t:|1779556542
|switch|p1a: Corviknight|Corviknight, M|77/100
|-ability|p1a: Corviknight|Pressure
|move|p2a: Corviknight|U-turn|p1a: Corviknight
|-resisted|p1a: Corviknight
|-damage|p1a: Corviknight|75/100
|-damage|p2a: Corviknight|84/100|[from] item: Rocky Helmet|[of] p1a: Corviknight
|
|t:|1779556554
|switch|p2a: Darkrai|Darkrai|18/100|[from] U-turn
|
|upkeep
|turn|39
|inactive|Hairoll has 240 seconds left.
|
|t:|1779556579
|switch|p1a: Cinderace|Cinderace, F|55/100
|-terastallize|p2a: Darkrai|Dark
|move|p2a: Darkrai|Dark Pulse|p1a: Cinderace
|-damage|p1a: Cinderace|0 fnt
|faint|p1a: Cinderace
|
|upkeep
|
|t:|1779556582
|switch|p1a: Kyurem|Kyurem, tera:Ground|88/100
|-ability|p1a: Kyurem|Pressure
|turn|40
|inactive|Hairoll has 240 seconds left.
|
|t:|1779556594
|switch|p2a: Corviknight|Corviknight, F|84/100
|-ability|p2a: Corviknight|Pressure
|move|p1a: Kyurem|Freeze-Dry|p2a: Corviknight
|-crit|p2a: Corviknight
|-damage|p2a: Corviknight|46/100
|
|-heal|p1a: Kyurem|95/100|[from] item: Leftovers
|-heal|p2a: Corviknight|52/100|[from] item: Leftovers
|upkeep
|turn|41
|
|t:|1779556600
|move|p1a: Kyurem|Freeze-Dry|p2a: Corviknight
|-damage|p2a: Corviknight|29/100
|move|p2a: Corviknight|Roost|p2a: Corviknight
|-heal|p2a: Corviknight|79/100
|-singleturn|p2a: Corviknight|move: Roost
|
|-heal|p1a: Kyurem|100/100|[from] item: Leftovers
|-heal|p2a: Corviknight|85/100|[from] item: Leftovers
|upkeep
|turn|42
|
|t:|1779556606
|move|p1a: Kyurem|Freeze-Dry|p2a: Corviknight
|-damage|p2a: Corviknight|60/100
|move|p2a: Corviknight|U-turn|p1a: Kyurem
|-damage|p1a: Kyurem|88/100
|
|t:|1779556608
|switch|p2a: Ogerpon|Ogerpon, F|33/100|[from] U-turn
|
|-heal|p1a: Kyurem|94/100|[from] item: Leftovers
|upkeep
|turn|43
|
|t:|1779556624
|move|p2a: Ogerpon|Knock Off|p1a: Kyurem
|-crit|p1a: Kyurem
|-damage|p1a: Kyurem|52/100
|-enditem|p1a: Kyurem|Leftovers|[from] move: Knock Off|[of] p2a: Ogerpon
|move|p1a: Kyurem|Freeze-Dry|p2a: Ogerpon
|-supereffective|p2a: Ogerpon
|-damage|p2a: Ogerpon|0 fnt
|faint|p2a: Ogerpon
|
|upkeep
|
|t:|1779556631
|switch|p2a: Darkrai|Darkrai, tera:Dark|18/100
|turn|44
|
|t:|1779556636
|move|p1a: Kyurem|Protect|p1a: Kyurem
|-singleturn|p1a: Kyurem|Protect
|move|p2a: Darkrai|Dark Pulse|p1a: Kyurem
|-activate|p1a: Kyurem|move: Protect
|
|upkeep
|turn|45
|inactive|Hairoll has 270 seconds left.
|
|t:|1779556646
|move|p1a: Kyurem|Protect||[still]
|-fail|p1a: Kyurem
|move|p2a: Darkrai|Dark Pulse|p1a: Kyurem
|-damage|p1a: Kyurem|0 fnt
|faint|p1a: Kyurem
|
|upkeep
|inactive|Hairoll has 270 seconds left.
|
|t:|1779556652
|switch|p1a: Corviknight|Corviknight, M|75/100
|-ability|p1a: Corviknight|Pressure
|turn|46
|
|t:|1779556657
|move|p2a: Darkrai|Dark Pulse|p1a: Corviknight
|-damage|p1a: Corviknight|0 fnt
|faint|p1a: Corviknight
|
|upkeep
|
|t:|1779556659
|switch|p1a: Pecharunt|Pecharunt|63/100
|turn|47
|
|t:|1779556661
|move|p2a: Darkrai|Dark Pulse|p1a: Pecharunt
|-supereffective|p1a: Pecharunt
|-damage|p1a: Pecharunt|0 fnt
|faint|p1a: Pecharunt
|
|win|SpyOP
|c|☆SpyOP|Gg
|c|☆Hairoll|gg
|player|p1|
|player|p2|
|player|p2|SpyOP|rood|
