|j|☆Regina dei Fiori
|j|☆Schlafparalyse
|t:|1779616458
|gametype|singles
|player|p1|Regina dei Fiori|roxanne-masters|1328
|player|p2|Schlafparalyse|petrel|1331
|gen|9
|tier|[Gen 9] OU
|rated|
|rule|HP Percentage Mod: HP is shown in percentages
|rule|Endless Battle Clause: Forcing endless battles is banned
|rule|Species Clause: Limit one of each Pokémon
|rule|OHKO Clause: OHKO moves are banned
|rule|Evasion Items Clause: Evasion items are banned
|rule|Evasion Moves Clause: Evasion moves are banned
|rule|Evasion Abilities Clause: Evasion abilities are banned
|rule|Sleep Moves Clause: Sleep-inducing moves are banned
|clearpoke
|poke|p1|Emboar, F|
|poke|p1|Corviknight, F|
|poke|p1|Toxapex, M|
|poke|p1|Great Tusk|
|poke|p1|Rillaboom, F|
|poke|p1|Dragonite, F|
|poke|p2|Gholdengo|
|poke|p2|Smeargle, F|
|poke|p2|Moltres-Galar|
|poke|p2|Zamazenta-*|
|poke|p2|Samurott-Hisui, M|
|poke|p2|Deoxys-Speed|
|teampreview
|
|t:|1779616475
|teamsize|p1|6
|teamsize|p2|6
|start
|switch|p1a: Toxapex|Toxapex, M|100/100
|switch|p2a: Samurott|Samurott-Hisui, M|100/100
|turn|1
|
|t:|1779616483
|move|p2a: Samurott|Knock Off|p1a: Toxapex
|-damage|p1a: Toxapex|65/100
|-enditem|p1a: Toxapex|Heavy-Duty Boots|[from] move: Knock Off|[of] p2a: Samurott
|move|p1a: Toxapex|Toxic Spikes|p2a: Samurott
|-sidestart|p2: Schlafparalyse|move: Toxic Spikes
|
|upkeep
|turn|2
|
|t:|1779616500
|move|p2a: Samurott|Ceaseless Edge|p1a: Toxapex
|-damage|p1a: Toxapex|32/100
|-sidestart|p1: Regina dei Fiori|Spikes
|move|p1a: Toxapex|Toxic|p2a: Samurott
|-status|p2a: Samurott|tox
|
|-damage|p2a: Samurott|94/100 tox|[from] psn
|upkeep
|turn|3
|
|t:|1779616507
|switch|p1a: Corviknight|Corviknight, F|100/100
|-ability|p1a: Corviknight|Pressure
|move|p2a: Samurott|Ceaseless Edge|p1a: Corviknight
|-damage|p1a: Corviknight|72/100
|-sidestart|p1: Regina dei Fiori|Spikes
|
|-heal|p1a: Corviknight|78/100|[from] item: Leftovers
|-damage|p2a: Samurott|82/100 tox|[from] psn
|upkeep
|turn|4
|
|t:|1779616513
|move|p2a: Samurott|Knock Off|p1a: Corviknight
|-damage|p1a: Corviknight|52/100
|-enditem|p1a: Corviknight|Leftovers|[from] move: Knock Off|[of] p2a: Samurott
|move|p1a: Corviknight|U-turn|p2a: Samurott
|-supereffective|p2a: Samurott
|-damage|p2a: Samurott|43/100 tox
|
|t:|1779616520
|switch|p1a: Great Tusk|Great Tusk|100/100|[from] U-turn
|
|-damage|p2a: Samurott|24/100 tox|[from] psn
|upkeep
|turn|5
|
|t:|1779616528
|move|p2a: Samurott|Razor Shell|p1a: Great Tusk
|-supereffective|p1a: Great Tusk
|-damage|p1a: Great Tusk|55/100
|-unboost|p1a: Great Tusk|def|1
|move|p1a: Great Tusk|Rapid Spin|p2a: Samurott
|-damage|p2a: Samurott|6/100 tox
|-boost|p1a: Great Tusk|spe|1
|-sideend|p1: Regina dei Fiori|Spikes|[from] move: Rapid Spin|[of] p1a: Great Tusk
|
|-damage|p2a: Samurott|0 fnt|[from] psn
|faint|p2a: Samurott
|upkeep
|
|t:|1779616540
|switch|p2a: Deoxys|Deoxys-Speed|100/100
|-status|p2a: Deoxys|psn
|-ability|p2a: Deoxys|Pressure
|turn|6
|
|t:|1779616552
|-end|p1a: Great Tusk|Protosynthesis|[silent]
|switch|p1a: Rillaboom|Rillaboom, F|100/100
|-fieldstart|move: Grassy Terrain|[from] ability: Grassy Surge|[of] p1a: Rillaboom
|move|p2a: Deoxys|Psycho Boost|p1a: Rillaboom
|-crit|p1a: Rillaboom
|-damage|p1a: Rillaboom|9/100
|-unboost|p2a: Deoxys|spa|2
|
|-heal|p1a: Rillaboom|15/100|[from] Grassy Terrain
|-damage|p2a: Deoxys|88/100 psn|[from] psn
|upkeep
|turn|7
|
|t:|1779616561
|move|p1a: Rillaboom|Grassy Glide|p2a: Deoxys
|-damage|p2a: Deoxys|19/100 psn
|move|p2a: Deoxys|Psycho Boost|p1a: Rillaboom
|-damage|p1a: Rillaboom|0 fnt
|-unboost|p2a: Deoxys|spa|2
|faint|p1a: Rillaboom
|
|-heal|p2a: Deoxys|25/100 psn|[from] Grassy Terrain
|-damage|p2a: Deoxys|13/100 psn|[from] psn
|upkeep
|
|t:|1779616566
|switch|p1a: Dragonite|Dragonite, F|100/100
|turn|8
|
|t:|1779616572
|switch|p2a: Gholdengo|Gholdengo|100/100
|move|p1a: Dragonite|Dragon Dance|p1a: Dragonite
|-boost|p1a: Dragonite|atk|1
|-boost|p1a: Dragonite|spe|1
|
|upkeep
|turn|9
|
|t:|1779616581
|move|p2a: Gholdengo|Trick|p1a: Dragonite
|-activate|p2a: Gholdengo|move: Trick|[of] p1a: Dragonite
|-item|p1a: Dragonite|Choice Scarf|[from] move: Trick
|-item|p2a: Gholdengo|Heavy-Duty Boots|[from] move: Trick
|move|p1a: Dragonite|Dragon Dance|p1a: Dragonite
|-boost|p1a: Dragonite|atk|1
|-boost|p1a: Dragonite|spe|1
|
|upkeep
|turn|10
|
|t:|1779616588
|switch|p1a: Emboar|Emboar, F|100/100
|move|p2a: Gholdengo|Shadow Ball|p1a: Emboar
|-crit|p1a: Emboar
|-damage|p1a: Emboar|41/100
|
|-heal|p1a: Emboar|47/100|[from] Grassy Terrain
|-fieldend|move: Grassy Terrain
|upkeep
|turn|11
|
|t:|1779616597
|move|p2a: Gholdengo|Shadow Ball|p1a: Emboar
|-damage|p1a: Emboar|7/100
|-unboost|p1a: Emboar|spd|1
|move|p1a: Emboar|Flare Blitz|p2a: Gholdengo
|-supereffective|p2a: Gholdengo
|-damage|p2a: Gholdengo|0 fnt
|faint|p2a: Gholdengo
|-damage|p1a: Emboar|0 fnt|[from] Recoil
|faint|p1a: Emboar
|
|upkeep
|
|t:|1779616611
|switch|p2a: Deoxys|Deoxys-Speed|13/100 psn
|switch|p1a: Toxapex|Toxapex, M|65/100
|-ability|p2a: Deoxys|Pressure
|turn|12
|
|t:|1779616615
|-terastallize|p1a: Toxapex|Steel
|move|p2a: Deoxys|Psycho Boost|p1a: Toxapex
|-resisted|p1a: Toxapex
|-damage|p1a: Toxapex|50/100
|-unboost|p2a: Deoxys|spa|2
|move|p1a: Toxapex|Recover|p1a: Toxapex
|-heal|p1a: Toxapex|100/100
|
|-damage|p2a: Deoxys|0 fnt|[from] psn
|faint|p2a: Deoxys
|upkeep
|
|t:|1779616633
|switch|p2a: Zamazenta|Zamazenta|100/100
|-status|p2a: Zamazenta|psn
|-ability|p2a: Zamazenta|Dauntless Shield|boost
|-boost|p2a: Zamazenta|def|1
|turn|13
|
|t:|1779616638
|move|p2a: Zamazenta|Iron Defense|p2a: Zamazenta
|-boost|p2a: Zamazenta|def|2
|move|p1a: Toxapex|Haze|p1a: Toxapex
|-clearallboost
|
|-damage|p2a: Zamazenta|88/100 psn|[from] psn
|upkeep
|turn|14
|
|t:|1779616644
|switch|p1a: Corviknight|Corviknight, F|52/100
|-ability|p1a: Corviknight|Pressure
|move|p2a: Zamazenta|Body Press|p1a: Corviknight
|-damage|p1a: Corviknight|29/100
|
|-heal|p2a: Zamazenta|94/100 psn|[from] item: Leftovers
|-damage|p2a: Zamazenta|82/100 psn|[from] psn
|upkeep
|turn|15
|
|t:|1779616651
|move|p2a: Zamazenta|Iron Defense|p2a: Zamazenta
|-boost|p2a: Zamazenta|def|2
|move|p1a: Corviknight|Roost|p1a: Corviknight
|-heal|p1a: Corviknight|79/100
|-singleturn|p1a: Corviknight|move: Roost
|
|-heal|p2a: Zamazenta|88/100 psn|[from] item: Leftovers
|-damage|p2a: Zamazenta|76/100 psn|[from] psn
|upkeep
|turn|16
|
|t:|1779616657
|move|p2a: Zamazenta|Iron Defense|p2a: Zamazenta
|-boost|p2a: Zamazenta|def|2
|move|p1a: Corviknight|Brave Bird|p2a: Zamazenta
|-supereffective|p2a: Zamazenta
|-damage|p2a: Zamazenta|57/100 psn
|-damage|p1a: Corviknight|74/100|[from] Recoil
|
|-heal|p2a: Zamazenta|64/100 psn|[from] item: Leftovers
|-damage|p2a: Zamazenta|51/100 psn|[from] psn
|upkeep
|turn|17
|
|t:|1779616665
|move|p2a: Zamazenta|Body Press|p1a: Corviknight
|-damage|p1a: Corviknight|10/100
|move|p1a: Corviknight|U-turn|p2a: Zamazenta
|-resisted|p2a: Zamazenta
|-damage|p2a: Zamazenta|49/100 psn
|
|t:|1779616671
|switch|p1a: Toxapex|Toxapex, M, tera:Steel|100/100|[from] U-turn
|
|-heal|p2a: Zamazenta|56/100 psn|[from] item: Leftovers
|-damage|p2a: Zamazenta|43/100 psn|[from] psn
|upkeep
|turn|18
|
|t:|1779616673
|move|p2a: Zamazenta|Body Press|p1a: Toxapex
|-supereffective|p1a: Toxapex
|-damage|p1a: Toxapex|0 fnt
|faint|p1a: Toxapex
|
|-heal|p2a: Zamazenta|49/100 psn|[from] item: Leftovers
|-damage|p2a: Zamazenta|37/100 psn|[from] psn
|upkeep
|
|t:|1779616678
|switch|p1a: Great Tusk|Great Tusk|55/100
|turn|19
|
|t:|1779616681
|move|p2a: Zamazenta|Body Press|p1a: Great Tusk
|-damage|p1a: Great Tusk|2/100
|move|p1a: Great Tusk|Earthquake|p2a: Zamazenta
|-damage|p2a: Zamazenta|25/100 psn
|
|-heal|p2a: Zamazenta|31/100 psn|[from] item: Leftovers
|-damage|p2a: Zamazenta|19/100 psn|[from] psn
|upkeep
|turn|20
|
|t:|1779616685
|move|p2a: Zamazenta|Body Press|p1a: Great Tusk
|-damage|p1a: Great Tusk|0 fnt
|faint|p1a: Great Tusk
|-end|p1a: Great Tusk|Protosynthesis|[silent]
|
|-heal|p2a: Zamazenta|25/100 psn|[from] item: Leftovers
|-damage|p2a: Zamazenta|13/100 psn|[from] psn
|upkeep
|
|t:|1779616687
|switch|p1a: Dragonite|Dragonite, F|100/100
|turn|21
|
|t:|1779616693
|move|p2a: Zamazenta|Body Press|p1a: Dragonite
|-resisted|p1a: Dragonite
|-damage|p1a: Dragonite|70/100
|move|p1a: Dragonite|Earthquake|p2a: Zamazenta
|-damage|p2a: Zamazenta|3/100 psn
|
|-heal|p2a: Zamazenta|9/100 psn|[from] item: Leftovers
|-damage|p2a: Zamazenta|0 fnt|[from] psn
|faint|p2a: Zamazenta
|upkeep
|
|t:|1779616698
|switch|p2a: Moltres|Moltres-Galar|100/100
|turn|22
|
|t:|1779616701
|switch|p1a: Corviknight|Corviknight, F|10/100
|-ability|p1a: Corviknight|Pressure
|move|p2a: Moltres|Nasty Plot|p2a: Moltres
|-boost|p2a: Moltres|spa|2
|
|upkeep
|turn|23
|
|t:|1779616708
|move|p2a: Moltres|Agility|p2a: Moltres
|-boost|p2a: Moltres|spe|2
|move|p1a: Corviknight|Body Press|p2a: Moltres
|-damage|p2a: Moltres|70/100
|
|upkeep
|turn|24
|
|t:|1779616715
|move|p2a: Moltres|Fiery Wrath|p1a: Corviknight
|-damage|p1a: Corviknight|0 fnt
|faint|p1a: Corviknight
|
|upkeep
|
|t:|1779616719
|switch|p1a: Dragonite|Dragonite, F|70/100
|turn|25
|
|t:|1779616721
|move|p1a: Dragonite|Extreme Speed|p2a: Moltres
|-crit|p2a: Moltres
|-damage|p2a: Moltres|15/100
|-ability|p2a: Moltres|Berserk|boost
|-boost|p2a: Moltres|spa|1
|-enditem|p2a: Moltres|Sitrus Berry|[eat]
|-heal|p2a: Moltres|40/100|[from] item: Sitrus Berry
|move|p2a: Moltres|Fiery Wrath|p1a: Dragonite
|-damage|p1a: Dragonite|0 fnt
|faint|p1a: Dragonite
|
|win|Schlafparalyse
|raw|Regina dei Fiori's rating: 1328 &rarr; <strong>1308</strong><br />(-20 for losing)
|raw|Schlafparalyse's rating: 1331 &rarr; <strong>1351</strong><br />(+20 for winning)
|l|☆Schlafparalyse
|player|p2|
|l|☆Regina dei Fiori
|player|p1|
