|j|☆supertfyuri
|j|☆sickofme
|t:|1779707723
|gametype|singles
|player|p1|supertfyuri|roxie|1589
|player|p2|sickofme|miku-water|1547
|gen|9
|tier|[Gen 9] OU
|rated|
|rule|HP Percentage Mod: HP is shown in percentages
|rule|Endless Battle Clause: Forcing endless battles is banned
|rule|Species Clause: Limit one of each Pokémon
|rule|OHKO Clause: OHKO moves are banned
|rule|Evasion Items Clause: Evasion items are banned
|rule|Evasion Moves Clause: Evasion moves are banned
|rule|Evasion Abilities Clause: Evasion abilities are banned
|rule|Sleep Moves Clause: Sleep-inducing moves are banned
|clearpoke
|poke|p1|Rillaboom, F|
|poke|p1|Serperior, F|
|poke|p1|Heatran, M|
|poke|p1|Gholdengo|
|poke|p1|Zamazenta-*|
|poke|p1|Great Tusk|
|poke|p2|Ogerpon-Wellspring, F|
|poke|p2|Zamazenta-*|
|poke|p2|Iron Treads|
|poke|p2|Gliscor, M|
|poke|p2|Moltres|
|poke|p2|Lokix, M|
|teampreview
|j| Lanz_udo
|inactive|Battle timer is ON: inactive players will automatically lose when time's up. (requested by sickofme)
|
|t:|1779707757
|teamsize|p1|6
|teamsize|p2|6
|start
|switch|p1a: Serperior|Serperior, F|100/100
|switch|p2a: Lokix|Lokix, M|100/100
|turn|1
|
|t:|1779707765
|switch|p1a: Zamazenta|Zamazenta|100/100
|-ability|p1a: Zamazenta|Dauntless Shield|boost
|-boost|p1a: Zamazenta|def|1
|move|p2a: Lokix|U-turn|p1a: Zamazenta
|-resisted|p1a: Zamazenta
|-damage|p1a: Zamazenta|67/100
|
|t:|1779707770
|switch|p2a: Moltres|Moltres|100/100|[from] U-turn
|
|upkeep
|turn|2
|
|t:|1779707777
|switch|p1a: Heatran|Heatran, M|100/100
|-item|p1a: Heatran|Air Balloon
|move|p2a: Moltres|Flamethrower|p1a: Heatran
|-start|p1a: Heatran|ability: Flash Fire
|
|upkeep
|turn|3
|
|t:|1779707786
|move|p2a: Moltres|U-turn|p1a: Heatran
|-resisted|p1a: Heatran
|-damage|p1a: Heatran|97/100
|-enditem|p1a: Heatran|Air Balloon
|
|t:|1779707789
|switch|p2a: Iron Treads|Iron Treads|100/100|[from] U-turn
|move|p1a: Heatran|Magma Storm|p2a: Iron Treads
|-supereffective|p2a: Iron Treads
|-damage|p2a: Iron Treads|0 fnt
|faint|p2a: Iron Treads
|-end|p2a: Iron Treads|Quark Drive|[silent]
|
|upkeep
|
|t:|1779707795
|switch|p2a: Gliscor|Gliscor, M|100/100
|turn|4
|
|t:|1779707803
|-end|p1a: Heatran|ability: Flash Fire|[silent]
|switch|p1a: Rillaboom|Rillaboom, F|100/100
|-fieldstart|move: Grassy Terrain|[from] ability: Grassy Surge|[of] p1a: Rillaboom
|move|p2a: Gliscor|Earthquake|p1a: Rillaboom
|-resisted|p1a: Rillaboom
|-damage|p1a: Rillaboom|88/100
|
|-heal|p1a: Rillaboom|94/100|[from] Grassy Terrain
|-status|p2a: Gliscor|tox|[from] item: Toxic Orb
|upkeep
|turn|5
|
|t:|1779707811
|switch|p2a: Moltres|Moltres|100/100
|move|p1a: Rillaboom|Knock Off|p2a: Moltres
|-damage|p2a: Moltres|68/100
|-status|p1a: Rillaboom|brn|[from] ability: Flame Body|[of] p2a: Moltres
|-enditem|p2a: Moltres|Heavy-Duty Boots|[from] move: Knock Off|[of] p1a: Rillaboom
|-damage|p1a: Rillaboom|84/100 brn|[from] item: Life Orb
|
|-heal|p1a: Rillaboom|90/100 brn|[from] Grassy Terrain
|-damage|p1a: Rillaboom|84/100 brn|[from] brn
|upkeep
|turn|6
|
|t:|1779707814
|switch|p1a: Heatran|Heatran, M|97/100
|move|p2a: Moltres|U-turn|p1a: Heatran
|-resisted|p1a: Heatran
|-damage|p1a: Heatran|94/100
|
|t:|1779707818
|switch|p2a: Gliscor|Gliscor, M|100/100 tox|[from] U-turn
|
|-heal|p1a: Heatran|100/100|[from] Grassy Terrain
|upkeep
|turn|7
|
|t:|1779707825
|switch|p1a: Serperior|Serperior, F|100/100
|move|p2a: Gliscor|Facade|p1a: Serperior
|-damage|p1a: Serperior|49/100
|
|-heal|p1a: Serperior|55/100|[from] Grassy Terrain
|upkeep
|turn|8
|
|t:|1779707830
|switch|p2a: Moltres|Moltres|68/100
|move|p1a: Serperior|Leaf Storm|p2a: Moltres
|-resisted|p2a: Moltres
|-damage|p2a: Moltres|51/100
|-boost|p1a: Serperior|spa|2
|
|-heal|p1a: Serperior|61/100|[from] Grassy Terrain
|-fieldend|move: Grassy Terrain
|upkeep
|turn|9
|
|t:|1779707841
|move|p1a: Serperior|Leaf Storm|p2a: Moltres
|-resisted|p2a: Moltres
|-damage|p2a: Moltres|24/100
|-boost|p1a: Serperior|spa|2
|move|p2a: Moltres|Flamethrower|p1a: Serperior
|-supereffective|p1a: Serperior
|-damage|p1a: Serperior|0 fnt
|faint|p1a: Serperior
|
|upkeep
|
|t:|1779707845
|switch|p1a: Heatran|Heatran, M|100/100
|turn|10
|
|t:|1779707850
|move|p2a: Moltres|Roost|p2a: Moltres
|-heal|p2a: Moltres|74/100
|-singleturn|p2a: Moltres|move: Roost
|move|p1a: Heatran|Stealth Rock|p2a: Moltres
|-sidestart|p2: sickofme|move: Stealth Rock
|
|upkeep
|turn|11
|
|t:|1779707853
|move|p2a: Moltres|Roost|p2a: Moltres
|-heal|p2a: Moltres|100/100
|-singleturn|p2a: Moltres|move: Roost
|move|p1a: Heatran|Magma Storm|p2a: Moltres
|-resisted|p2a: Moltres
|-damage|p2a: Moltres|80/100
|-activate|p2a: Moltres|move: Magma Storm|[of] p1a: Heatran
|
|-damage|p2a: Moltres|68/100|[from] move: Magma Storm|[partiallytrapped]
|upkeep
|turn|12
|
|t:|1779707857
|move|p2a: Moltres|U-turn|p1a: Heatran
|-resisted|p1a: Heatran
|-damage|p1a: Heatran|97/100
|
|t:|1779707868
|switch|p2a: Ogerpon|Ogerpon-Wellspring, F|100/100|[from] U-turn
|-damage|p2a: Ogerpon|88/100|[from] Stealth Rock
|move|p1a: Heatran|Heavy Slam|p2a: Ogerpon
|-resisted|p2a: Ogerpon
|-crit|p2a: Ogerpon
|-damage|p2a: Ogerpon|49/100
|
|upkeep
|turn|13
|
|t:|1779707872
|switch|p1a: Rillaboom|Rillaboom, F|84/100 brn
|-fieldstart|move: Grassy Terrain|[from] ability: Grassy Surge|[of] p1a: Rillaboom
|move|p2a: Ogerpon|Spikes|p1a: Rillaboom
|-sidestart|p1: supertfyuri|Spikes
|
|-heal|p2a: Ogerpon|55/100|[from] Grassy Terrain
|-heal|p1a: Rillaboom|90/100 brn|[from] Grassy Terrain
|-damage|p1a: Rillaboom|84/100 brn|[from] brn
|upkeep
|turn|14
|
|t:|1779707881
|move|p1a: Rillaboom|Grassy Glide|p2a: Ogerpon
|-damage|p2a: Ogerpon|24/100
|-damage|p1a: Rillaboom|74/100 brn|[from] item: Life Orb
|move|p2a: Ogerpon|Spikes|p1a: Rillaboom
|-sidestart|p1: supertfyuri|Spikes
|
|-heal|p2a: Ogerpon|30/100|[from] Grassy Terrain
|-heal|p1a: Rillaboom|80/100 brn|[from] Grassy Terrain
|-damage|p1a: Rillaboom|74/100 brn|[from] brn
|upkeep
|turn|15
|
|t:|1779707885
|switch|p2a: Moltres|Moltres|68/100
|-damage|p2a: Moltres|18/100|[from] Stealth Rock
|move|p1a: Rillaboom|Grassy Glide|p2a: Moltres
|-resisted|p2a: Moltres
|-damage|p2a: Moltres|13/100
|-damage|p1a: Rillaboom|65/100 brn|[from] item: Life Orb
|
|-heal|p1a: Rillaboom|71/100 brn|[from] Grassy Terrain
|-damage|p1a: Rillaboom|65/100 brn|[from] brn
|upkeep
|turn|16
|
|t:|1779707887
|move|p1a: Rillaboom|Knock Off|p2a: Moltres
|-damage|p2a: Moltres|2/100
|-damage|p1a: Rillaboom|55/100 brn|[from] item: Life Orb
|move|p2a: Moltres|Roost|p2a: Moltres
|-heal|p2a: Moltres|52/100
|-singleturn|p2a: Moltres|move: Roost
|
|-heal|p1a: Rillaboom|61/100 brn|[from] Grassy Terrain
|-heal|p2a: Moltres|58/100|[from] Grassy Terrain
|-damage|p1a: Rillaboom|55/100 brn|[from] brn
|upkeep
|turn|17
|
|t:|1779707891
|move|p1a: Rillaboom|Swords Dance|p1a: Rillaboom
|-boost|p1a: Rillaboom|atk|2
|move|p2a: Moltres|U-turn|p1a: Rillaboom
|-supereffective|p1a: Rillaboom
|-damage|p1a: Rillaboom|26/100 brn
|
|t:|1779707895
|switch|p2a: Lokix|Lokix, M|100/100|[from] U-turn
|-damage|p2a: Lokix|76/100|[from] Stealth Rock
|
|-heal|p2a: Lokix|82/100|[from] Grassy Terrain
|-heal|p1a: Rillaboom|33/100 brn|[from] Grassy Terrain
|-damage|p1a: Rillaboom|26/100 brn|[from] brn
|-fieldend|move: Grassy Terrain
|upkeep
|turn|18
|
|t:|1779707897
|switch|p1a: Great Tusk|Great Tusk|100/100
|-damage|p1a: Great Tusk|84/100|[from] Spikes
|-enditem|p1a: Great Tusk|Booster Energy
|-activate|p1a: Great Tusk|ability: Protosynthesis|[fromitem]
|-start|p1a: Great Tusk|protosynthesisspe
|move|p2a: Lokix|First Impression|p1a: Great Tusk
|-resisted|p1a: Great Tusk
|-damage|p1a: Great Tusk|45/100
|
|upkeep
|turn|19
|
|t:|1779707902
|switch|p2a: Moltres|Moltres|58/100
|-damage|p2a: Moltres|8/100|[from] Stealth Rock
|move|p1a: Great Tusk|Rapid Spin|p2a: Moltres
|-damage|p2a: Moltres|0 fnt
|-boost|p1a: Great Tusk|spe|1
|-sideend|p1: supertfyuri|Spikes|[from] move: Rapid Spin|[of] p1a: Great Tusk
|faint|p2a: Moltres
|
|upkeep
|
|t:|1779707908
|switch|p2a: Zamazenta|Zamazenta|100/100
|-damage|p2a: Zamazenta|94/100|[from] Stealth Rock
|-ability|p2a: Zamazenta|Dauntless Shield|boost
|-boost|p2a: Zamazenta|def|1
|turn|20
|
|t:|1779707914
|-end|p1a: Great Tusk|Protosynthesis|[silent]
|switch|p1a: Heatran|Heatran, M|97/100
|move|p2a: Zamazenta|Body Press|p1a: Heatran
|-supereffective|p1a: Heatran
|-damage|p1a: Heatran|24/100
|
|upkeep
|turn|21
|
|t:|1779707916
|-terastallize|p1a: Heatran|Ghost
|move|p2a: Zamazenta|Body Press|p1a: Heatran
|-immune|p1a: Heatran
|move|p1a: Heatran|Magma Storm|p2a: Zamazenta
|-crit|p2a: Zamazenta
|-damage|p2a: Zamazenta|46/100
|-activate|p2a: Zamazenta|move: Magma Storm|[of] p1a: Heatran
|
|-damage|p2a: Zamazenta|34/100|[from] move: Magma Storm|[partiallytrapped]
|upkeep
|turn|22
|
|t:|1779707930
|switch|p1a: Zamazenta|Zamazenta|67/100
|move|p2a: Zamazenta|Heavy Slam|p1a: Zamazenta
|-damage|p1a: Zamazenta|58/100
|
|-end|p2a: Zamazenta|Magma Storm|[partiallytrapped]|[silent]
|upkeep
|turn|23
|inactive|sickofme has 120 seconds left.
|
|t:|1779707967
|move|p2a: Zamazenta|Body Press|p1a: Zamazenta
|-damage|p1a: Zamazenta|15/100
|move|p1a: Zamazenta|Psychic Fangs|p2a: Zamazenta
|-supereffective|p2a: Zamazenta
|-damage|p2a: Zamazenta|0 fnt
|faint|p2a: Zamazenta
|-damage|p1a: Zamazenta|5/100|[from] item: Life Orb
|
|upkeep
|
|t:|1779707970
|switch|p2a: Lokix|Lokix, M|82/100
|-damage|p2a: Lokix|57/100|[from] Stealth Rock
|turn|24
|
|t:|1779707983
|move|p2a: Lokix|First Impression|p1a: Zamazenta
|-resisted|p1a: Zamazenta
|-damage|p1a: Zamazenta|0 fnt
|faint|p1a: Zamazenta
|
|upkeep
|
|t:|1779707989
|switch|p1a: Rillaboom|Rillaboom, F|26/100 brn
|-fieldstart|move: Grassy Terrain|[from] ability: Grassy Surge|[of] p1a: Rillaboom
|turn|25
|
|t:|1779707994
|switch|p2a: Ogerpon|Ogerpon-Wellspring, F|30/100
|-damage|p2a: Ogerpon|18/100|[from] Stealth Rock
|switch|p1a: Gholdengo|Gholdengo|100/100
|-enditem|p1a: Gholdengo|Grassy Seed
|-boost|p1a: Gholdengo|def|1|[from] item: Grassy Seed
|
|-heal|p2a: Ogerpon|24/100|[from] Grassy Terrain
|upkeep
|turn|26
|
|t:|1779708005
|move|p2a: Ogerpon|Ivy Cudgel|p1a: Gholdengo|[anim] Ivy Cudgel Water
|-damage|p1a: Gholdengo|65/100
|move|p1a: Gholdengo|Shadow Ball|p2a: Ogerpon
|-damage|p2a: Ogerpon|0 fnt
|faint|p2a: Ogerpon
|
|-heal|p1a: Gholdengo|71/100|[from] Grassy Terrain
|upkeep
|
|t:|1779708012
|switch|p2a: Lokix|Lokix, M|57/100
|-damage|p2a: Lokix|32/100|[from] Stealth Rock
|turn|27
|
|t:|1779708017
|switch|p1a: Rillaboom|Rillaboom, F|26/100 brn
|move|p2a: Lokix|Knock Off|p1a: Rillaboom
|-damage|p1a: Rillaboom|0 fnt
|-enditem|p1a: Rillaboom|Life Orb|[from] move: Knock Off|[of] p2a: Lokix
|faint|p1a: Rillaboom
|
|-heal|p2a: Lokix|38/100|[from] Grassy Terrain
|upkeep
|
|t:|1779708019
|switch|p1a: Gholdengo|Gholdengo|71/100
|turn|28
|
|t:|1779708021
|move|p2a: Lokix|Knock Off|p1a: Gholdengo
|-supereffective|p1a: Gholdengo
|-damage|p1a: Gholdengo|0 fnt
|faint|p1a: Gholdengo
|
|-heal|p2a: Lokix|44/100|[from] Grassy Terrain
|upkeep
|
|t:|1779708026
|switch|p1a: Great Tusk|Great Tusk|45/100
|turn|29
|
|t:|1779708029
|move|p1a: Great Tusk|Head Smash|p2a: Lokix
|-supereffective|p2a: Lokix
|-damage|p2a: Lokix|0 fnt
|faint|p2a: Lokix
|-damage|p1a: Great Tusk|31/100|[from] Recoil
|
|-heal|p1a: Great Tusk|37/100|[from] Grassy Terrain
|-fieldend|move: Grassy Terrain
|upkeep
|
|t:|1779708031
|switch|p2a: Gliscor|Gliscor, M|100/100 tox
|-damage|p2a: Gliscor|88/100 tox|[from] Stealth Rock
|turn|30
|
|t:|1779708036
|-terastallize|p2a: Gliscor|Normal
|move|p1a: Great Tusk|Bulk Up|p1a: Great Tusk
|-boost|p1a: Great Tusk|atk|1
|-boost|p1a: Great Tusk|def|1
|move|p2a: Gliscor|Agility|p2a: Gliscor
|-boost|p2a: Gliscor|spe|2
|
|-heal|p2a: Gliscor|100/100 tox|[from] ability: Poison Heal
|upkeep
|turn|31
|
|t:|1779708043
|move|p2a: Gliscor|Facade|p1a: Great Tusk
|-damage|p1a: Great Tusk|11/100
|move|p1a: Great Tusk|Bulk Up|p1a: Great Tusk
|-boost|p1a: Great Tusk|atk|1
|-boost|p1a: Great Tusk|def|1
|
|upkeep
|turn|32
|j| Iuxazo
|
|t:|1779708046
|move|p2a: Gliscor|Facade|p1a: Great Tusk
|-damage|p1a: Great Tusk|0 fnt
|faint|p1a: Great Tusk
|-end|p1a: Great Tusk|Protosynthesis|[silent]
|
|upkeep
|
|t:|1779708048
|switch|p1a: Heatran|Heatran, M, tera:Ghost|24/100
|turn|33
|
|t:|1779708050
|move|p2a: Gliscor|Earthquake|p1a: Heatran
|-damage|p1a: Heatran|0 fnt
|faint|p1a: Heatran
|
|win|sickofme
|raw|supertfyuri's rating: 1589 &rarr; <strong>1567</strong><br />(-22 for losing)
|raw|sickofme's rating: 1547 &rarr; <strong>1569</strong><br />(+22 for winning)
|l|☆supertfyuri
|player|p1|
|l|☆sickofme
|player|p2|
|l| Lanz_udo
