|j|☆uncle brown
|j|☆I still miss her
|t:|1779604059
|gametype|singles
|player|p1|uncle brown|102|1536
|player|p2|I still miss her|benga|1487
|gen|9
|tier|[Gen 9] OU
|rated|
|rule|HP Percentage Mod: HP is shown in percentages
|rule|Endless Battle Clause: Forcing endless battles is banned
|rule|Species Clause: Limit one of each Pokémon
|rule|OHKO Clause: OHKO moves are banned
|rule|Evasion Items Clause: Evasion items are banned
|rule|Evasion Moves Clause: Evasion moves are banned
|rule|Evasion Abilities Clause: Evasion abilities are banned
|rule|Sleep Moves Clause: Sleep-inducing moves are banned
|clearpoke
|poke|p1|Araquanid, F|
|poke|p1|Gholdengo|
|poke|p1|Landorus-Therian, M|
|poke|p1|Iron Valiant|
|poke|p1|Raging Bolt|
|poke|p1|Ceruledge, F|
|poke|p2|Gallade, M|
|poke|p2|Landorus-Therian, M|
|poke|p2|Kingambit, F|
|poke|p2|Cinderace, M|
|poke|p2|Latios, M|
|poke|p2|Alomomola, M|
|teampreview
|
|t:|1779604075
|teamsize|p1|6
|teamsize|p2|6
|start
|switch|p1a: Araquanid|Araquanid, F|100/100
|switch|p2a: Gallade|Gallade, M|100/100
|turn|1
|
|t:|1779604082
|move|p2a: Gallade|Psycho Cut|p1a: Araquanid
|-damage|p1a: Araquanid|11/100
|move|p1a: Araquanid|Sticky Web|p2a: Gallade
|-sidestart|p2: I still miss her|move: Sticky Web
|
|upkeep
|turn|2
|-enditem|p1a: Araquanid|Custap Berry|[eat]
|-activate|p1a: Araquanid|item: Custap Berry|[consumed]
|
|t:|1779604094
|move|p1a: Araquanid|Endeavor|p2a: Gallade
|-damage|p2a: Gallade|14/100
|move|p2a: Gallade|Psycho Cut|p1a: Araquanid
|-damage|p1a: Araquanid|0 fnt
|faint|p1a: Araquanid
|
|upkeep
|
|t:|1779604105
|switch|p1a: Landorus|Landorus-Therian, M|100/100
|-ability|p1a: Landorus|Intimidate|boost
|-unboost|p2a: Gallade|atk|1
|turn|3
|
|t:|1779604109
|move|p1a: Landorus|Substitute|p1a: Landorus
|-start|p1a: Landorus|Substitute
|-damage|p1a: Landorus|76/100
|move|p2a: Gallade|Psycho Cut|p1a: Landorus
|-end|p1a: Landorus|Substitute
|
|-heal|p1a: Landorus|82/100|[from] item: Leftovers
|upkeep
|turn|4
|
|t:|1779604112
|move|p1a: Landorus|Earthquake|p2a: Gallade
|-damage|p2a: Gallade|0 fnt
|faint|p2a: Gallade
|
|-heal|p1a: Landorus|88/100|[from] item: Leftovers
|upkeep
|
|t:|1779604117
|switch|p2a: Cinderace|Cinderace, M|100/100
|turn|5
|
|t:|1779604121
|move|p2a: Cinderace|Will-O-Wisp|p1a: Landorus
|-status|p1a: Landorus|brn
|move|p1a: Landorus|Earthquake|p2a: Cinderace
|-supereffective|p2a: Cinderace
|-damage|p2a: Cinderace|30/100
|
|-heal|p1a: Landorus|94/100 brn|[from] item: Leftovers
|-damage|p1a: Landorus|88/100 brn|[from] brn
|upkeep
|turn|6
|
|t:|1779604129
|move|p2a: Cinderace|Pyro Ball|p1a: Landorus
|-damage|p1a: Landorus|7/100 brn
|move|p1a: Landorus|Earthquake|p2a: Cinderace
|-supereffective|p2a: Cinderace
|-damage|p2a: Cinderace|0 fnt
|faint|p2a: Cinderace
|
|-heal|p1a: Landorus|13/100 brn|[from] item: Leftovers
|-damage|p1a: Landorus|7/100 brn|[from] brn
|upkeep
|
|t:|1779604137
|switch|p2a: Latios|Latios, M|100/100
|turn|7
|
|t:|1779604143
|move|p2a: Latios|Psychic Noise|p1a: Landorus
|-damage|p1a: Landorus|0 fnt
|faint|p1a: Landorus
|
|upkeep
|
|t:|1779604161
|switch|p1a: Gholdengo|Gholdengo|100/100
|-item|p1a: Gholdengo|Air Balloon
|turn|8
|
|t:|1779604166
|switch|p2a: Kingambit|Kingambit, F|100/100
|-activate|p2a: Kingambit|move: Sticky Web
|-unboost|p2a: Kingambit|spe|1
|-activate|p2a: Kingambit|ability: Supreme Overlord
|-start|p2a: Kingambit|fallen2|[silent]
|move|p1a: Gholdengo|Shadow Ball|p2a: Kingambit
|-resisted|p2a: Kingambit
|-damage|p2a: Kingambit|74/100
|
|-heal|p2a: Kingambit|80/100|[from] item: Leftovers
|upkeep
|turn|9
|
|t:|1779604175
|move|p1a: Gholdengo|Focus Blast|p2a: Kingambit
|-supereffective|p2a: Kingambit
|-damage|p2a: Kingambit|0 fnt
|faint|p2a: Kingambit
|-end|p2a: Kingambit|fallen2|[silent]
|
|upkeep
|
|t:|1779604181
|switch|p2a: Alomomola|Alomomola, M|100/100
|turn|10
|
|t:|1779604186
|switch|p1a: Raging Bolt|Raging Bolt|100/100
|-enditem|p1a: Raging Bolt|Booster Energy
|-activate|p1a: Raging Bolt|ability: Protosynthesis|[fromitem]
|-start|p1a: Raging Bolt|protosynthesisspa
|move|p2a: Alomomola|Flip Turn|p1a: Raging Bolt
|-resisted|p1a: Raging Bolt
|-damage|p1a: Raging Bolt|93/100
|
|t:|1779604190
|switch|p2a: Latios|Latios, M|100/100|[from] Flip Turn
|
|upkeep
|turn|11
|
|t:|1779604194
|-terastallize|p1a: Raging Bolt|Fairy
|move|p2a: Latios|Draco Meteor|p1a: Raging Bolt
|-immune|p1a: Raging Bolt
|move|p1a: Raging Bolt|Dragon Pulse|p2a: Latios
|-supereffective|p2a: Latios
|-damage|p2a: Latios|0 fnt
|faint|p2a: Latios
|
|upkeep
|-message|I still miss her forfeited.
|
|win|uncle brown
|raw|uncle brown's rating: 1549 &rarr; <strong>1565</strong><br />(+16 for winning)
|raw|I still miss her's rating: 1487 &rarr; <strong>1471</strong><br />(-16 for losing)
|l|☆I still miss her
|player|p2|
|l|☆uncle brown
|player|p1|
