|j|☆lunachili
|j|☆LetsgoBrandonJ
|t:|1779583193
|gametype|singles
|player|p1|lunachili|101|1722
|player|p2|LetsgoBrandonJ|palmer|1765
|gen|9
|tier|[Gen 9] OU
|rated|
|rule|HP Percentage Mod: HP is shown in percentages
|rule|Endless Battle Clause: Forcing endless battles is banned
|rule|Species Clause: Limit one of each Pokémon
|rule|OHKO Clause: OHKO moves are banned
|rule|Evasion Items Clause: Evasion items are banned
|rule|Evasion Moves Clause: Evasion moves are banned
|rule|Evasion Abilities Clause: Evasion abilities are banned
|rule|Sleep Moves Clause: Sleep-inducing moves are banned
|clearpoke
|poke|p1|Alomomola, F|
|poke|p1|Slowking-Galar, F|
|poke|p1|Kingambit, F|
|poke|p1|Great Tusk|
|poke|p1|Cinderace, F|
|poke|p1|Raging Bolt|
|poke|p2|Araquanid, M|
|poke|p2|Gholdengo|
|poke|p2|Iron Moth|
|poke|p2|Iron Valiant|
|poke|p2|Raging Bolt|
|poke|p2|Kingambit, M|
|teampreview
|inactive|Battle timer is ON: inactive players will automatically lose when time's up. (requested by LetsgoBrandonJ)
|inactive|lunachili also wants the timer to be on.
|
|t:|1779583210
|teamsize|p1|6
|teamsize|p2|6
|start
|switch|p1a: Raging Bolt|Raging Bolt|100/100
|switch|p2a: Iron Moth|Iron Moth|100/100
|-enditem|p2a: Iron Moth|Booster Energy
|-activate|p2a: Iron Moth|ability: Quark Drive|[fromitem]
|-start|p2a: Iron Moth|quarkdrivespa
|turn|1
|
|t:|1779583219
|move|p2a: Iron Moth|Sludge Wave|p1a: Raging Bolt
|-damage|p1a: Raging Bolt|48/100
|move|p1a: Raging Bolt|Draco Meteor|p2a: Iron Moth
|-damage|p2a: Iron Moth|25/100
|-unboost|p1a: Raging Bolt|spa|2
|
|-heal|p1a: Raging Bolt|54/100|[from] item: Leftovers
|upkeep
|turn|2
|
|t:|1779583238
|-end|p1a: Raging Bolt|Protosynthesis|[silent]
|switch|p1a: Slowking|Slowking-Galar, F|100/100
|move|p2a: Iron Moth|Sludge Wave|p1a: Slowking
|-resisted|p1a: Slowking
|-damage|p1a: Slowking|79/100
|
|upkeep
|turn|3
|
|t:|1779583246
|move|p2a: Iron Moth|Fiery Dance|p1a: Slowking
|-damage|p1a: Slowking|44/100
|move|p1a: Slowking|Sludge Bomb|p2a: Iron Moth
|-resisted|p2a: Iron Moth
|-damage|p2a: Iron Moth|6/100
|
|upkeep
|turn|4
|
|t:|1779583254
|move|p2a: Iron Moth|Fiery Dance|p1a: Slowking
|-damage|p1a: Slowking|10/100
|-boost|p2a: Iron Moth|spa|1
|move|p1a: Slowking|Sludge Bomb|p2a: Iron Moth
|-resisted|p2a: Iron Moth
|-damage|p2a: Iron Moth|0 fnt
|faint|p2a: Iron Moth
|-end|p2a: Iron Moth|Quark Drive|[silent]
|
|upkeep
|
|t:|1779583264
|switch|p2a: Iron Valiant|Iron Valiant|100/100
|-enditem|p2a: Iron Valiant|Booster Energy
|-activate|p2a: Iron Valiant|ability: Quark Drive|[fromitem]
|-start|p2a: Iron Valiant|quarkdrivespa
|turn|5
|
|t:|1779583276
|switch|p1a: Cinderace|Cinderace, F|100/100
|move|p2a: Iron Valiant|Moonblast|p1a: Cinderace
|-resisted|p1a: Cinderace
|-damage|p1a: Cinderace|50/100
|-unboost|p1a: Cinderace|spa|1
|
|upkeep
|turn|6
|
|t:|1779583293
|-end|p2a: Iron Valiant|Quark Drive|[silent]
|switch|p2a: Araquanid|Araquanid, M, shiny|100/100
|move|p1a: Cinderace|Pyro Ball|p2a: Araquanid
|-damage|p2a: Araquanid|72/100
|
|upkeep
|turn|7
|
|t:|1779583300
|move|p1a: Cinderace|U-turn|p2a: Araquanid
|-start|p1a: Cinderace|typechange|Bug|[from] ability: Libero
|-damage|p2a: Araquanid|39/100
|
|t:|1779583308
|switch|p1a: Slowking|Slowking-Galar, F|43/100|[from] U-turn
|move|p2a: Araquanid|Surf|p1a: Slowking
|-damage|p1a: Slowking|20/100
|
|upkeep
|turn|8
|
|t:|1779583315
|switch|p1a: Alomomola|Alomomola, F|100/100
|move|p2a: Araquanid|Surf|p1a: Alomomola
|-resisted|p1a: Alomomola
|-damage|p1a: Alomomola|78/100
|
|upkeep
|turn|9
|
|t:|1779583322
|move|p1a: Alomomola|Wish|p1a: Alomomola
|move|p2a: Araquanid|Endeavor|p1a: Alomomola
|-damage|p1a: Alomomola|25/100
|-damage|p2a: Araquanid|23/100|[from] item: Rocky Helmet|[of] p1a: Alomomola
|
|upkeep
|turn|10
|-enditem|p2a: Araquanid|Custap Berry|[eat]
|-activate|p2a: Araquanid|item: Custap Berry|[consumed]
|
|t:|1779583334
|move|p2a: Araquanid|Surf|p1a: Alomomola
|-resisted|p1a: Alomomola
|-damage|p1a: Alomomola|3/100
|move|p1a: Alomomola|Flip Turn|p2a: Araquanid
|-resisted|p2a: Araquanid
|-damage|p2a: Araquanid|15/100
|j| Concept Everything
|l|☆lunachili
|inactive|lunachili disconnected and has a minute to reconnect!
|player|p1|
|inactive|lunachili has 30 seconds to reconnect!
|inactive|lunachili has 20 seconds to reconnect!
|j|☆lunachili
|inactive|lunachili reconnected and has 90 seconds left.
|player|p1|lunachili|101|
|l|☆lunachili
|inactive|lunachili disconnected and has a minute to reconnect!
|player|p1|
|j|☆lunachili
|inactive|lunachili reconnected and has 75 seconds left.
|player|p1|lunachili|101|
|
|t:|1779583412
|switch|p1a: Cinderace|Cinderace, F|50/100|[from] Flip Turn
|
|-heal|p1a: Cinderace|100/100|[from] move: Wish|[wisher] Alomomola
|upkeep
|turn|11
|l|☆lunachili
|inactive|lunachili disconnected and has a minute to reconnect!
|player|p1|
|inactive|lunachili has 30 seconds to reconnect!
|j|☆lunachili
|inactive|lunachili reconnected and has 40 seconds left.
|player|p1|lunachili|101|
|
|t:|1779583462
|move|p1a: Cinderace|Pyro Ball|p2a: Araquanid
|-damage|p2a: Araquanid|0 fnt
|faint|p2a: Araquanid
|
|upkeep
|
|t:|1779583469
|switch|p2a: Raging Bolt|Raging Bolt|100/100
|-enditem|p2a: Raging Bolt|Booster Energy
|-activate|p2a: Raging Bolt|ability: Protosynthesis|[fromitem]
|-start|p2a: Raging Bolt|protosynthesisspa
|turn|12
|
|t:|1779583476
|move|p1a: Cinderace|U-turn|p2a: Raging Bolt
|-start|p1a: Cinderace|typechange|Bug|[from] ability: Libero
|-damage|p2a: Raging Bolt|68/100
|
|t:|1779583492
|switch|p1a: Kingambit|Kingambit, F|100/100|[from] U-turn
|move|p2a: Raging Bolt|Dragon Pulse|p1a: Kingambit
|-resisted|p1a: Kingambit
|-damage|p1a: Kingambit|71/100
|
|-heal|p1a: Kingambit|77/100|[from] item: Leftovers
|upkeep
|turn|13
|
|t:|1779583502
|move|p2a: Raging Bolt|Dragon Pulse|p1a: Kingambit
|-resisted|p1a: Kingambit
|-damage|p1a: Kingambit|44/100
|move|p1a: Kingambit|Kowtow Cleave|p2a: Raging Bolt
|-damage|p2a: Raging Bolt|19/100
|
|-heal|p1a: Kingambit|50/100|[from] item: Leftovers
|upkeep
|turn|14
|
|t:|1779583515
|move|p2a: Raging Bolt|Thunderbolt|p1a: Kingambit
|-damage|p1a: Kingambit|0 fnt
|faint|p1a: Kingambit
|-end|p1a: Kingambit|fallenundefined|[silent]
|
|upkeep
|
|t:|1779583522
|switch|p1a: Great Tusk|Great Tusk|100/100
|turn|15
|
|t:|1779583538
|move|p1a: Great Tusk|Ice Spinner|p2a: Raging Bolt
|-supereffective|p2a: Raging Bolt
|-damage|p2a: Raging Bolt|0 fnt
|faint|p2a: Raging Bolt
|-end|p2a: Raging Bolt|Protosynthesis|[silent]
|
|upkeep
|
|t:|1779583543
|switch|p2a: Iron Valiant|Iron Valiant|100/100
|turn|16
|
|t:|1779583553
|-end|p1a: Great Tusk|Protosynthesis|[silent]
|switch|p1a: Alomomola|Alomomola, F|36/100
|move|p2a: Iron Valiant|Moonblast|p1a: Alomomola
|-damage|p1a: Alomomola|0 fnt
|faint|p1a: Alomomola
|
|upkeep
|
|t:|1779583563
|switch|p1a: Slowking|Slowking-Galar, F|53/100
|turn|17
|
|t:|1779583569
|-terastallize|p2a: Iron Valiant|Ghost
|move|p2a: Iron Valiant|Calm Mind|p2a: Iron Valiant
|-boost|p2a: Iron Valiant|spa|1
|-boost|p2a: Iron Valiant|spd|1
|-prepare|p1a: Slowking|Chilly Reception|[premajor]
|move|p1a: Slowking|Chilly Reception|p1a: Slowking
|-weather|Snowscape
|
|t:|1779583579
|switch|p1a: Cinderace|Cinderace, F|100/100|[from] Chilly Reception
|
|-weather|Snowscape|[upkeep]
|upkeep
|turn|18
|
|t:|1779583597
|move|p1a: Cinderace|U-turn|p2a: Iron Valiant
|-start|p1a: Cinderace|typechange|Bug|[from] ability: Libero
|-resisted|p2a: Iron Valiant
|-crit|p2a: Iron Valiant
|-damage|p2a: Iron Valiant|66/100
|
|t:|1779583605
|switch|p1a: Slowking|Slowking-Galar, F|87/100|[from] U-turn
|move|p2a: Iron Valiant|Shadow Ball|p1a: Slowking
|-supereffective|p1a: Slowking
|-damage|p1a: Slowking|8/100
|
|-weather|Snowscape|[upkeep]
|upkeep
|turn|19
|
|t:|1779583614
|move|p2a: Iron Valiant|Moonblast|p1a: Slowking
|-resisted|p1a: Slowking
|-damage|p1a: Slowking|0 fnt
|faint|p1a: Slowking
|
|-weather|Snowscape|[upkeep]
|upkeep
|
|t:|1779583620
|switch|p1a: Cinderace|Cinderace, F|100/100
|turn|20
|
|t:|1779583624
|move|p2a: Iron Valiant|Vacuum Wave|p1a: Cinderace
|-damage|p1a: Cinderace|58/100
|move|p1a: Cinderace|Pyro Ball|p2a: Iron Valiant
|-damage|p2a: Iron Valiant|0 fnt
|faint|p2a: Iron Valiant
|-end|p2a: Iron Valiant|Quark Drive|[silent]
|
|-weather|Snowscape|[upkeep]
|upkeep
|
|t:|1779583633
|switch|p2a: Kingambit|Kingambit, M, shiny|100/100
|-activate|p2a: Kingambit|ability: Supreme Overlord
|-start|p2a: Kingambit|fallen4|[silent]
|-item|p2a: Kingambit|Air Balloon
|turn|21
|
|t:|1779583642
|move|p2a: Kingambit|Sucker Punch||[still]
|-fail|p2a: Kingambit
|move|p1a: Cinderace|Will-O-Wisp|p2a: Kingambit
|-status|p2a: Kingambit|brn
|
|-weather|none
|-damage|p2a: Kingambit|94/100 brn|[from] brn
|upkeep
|turn|22
|
|t:|1779583651
|move|p1a: Cinderace|Pyro Ball|p2a: Kingambit
|-supereffective|p2a: Kingambit
|-damage|p2a: Kingambit|0 fnt
|-enditem|p2a: Kingambit|Air Balloon
|faint|p2a: Kingambit
|-end|p2a: Kingambit|fallen4|[silent]
|
|upkeep
|
|t:|1779583657
|switch|p2a: Gholdengo|Gholdengo|100/100
|-item|p2a: Gholdengo|Air Balloon
|turn|23
|
|t:|1779583661
|move|p1a: Cinderace|Pyro Ball|p2a: Gholdengo
|-supereffective|p2a: Gholdengo
|-damage|p2a: Gholdengo|0 fnt
|-enditem|p2a: Gholdengo|Air Balloon
|faint|p2a: Gholdengo
|
|win|lunachili
|raw|lunachili's rating: 1722 &rarr; <strong>1744</strong><br />(+22 for winning)
|raw|LetsgoBrandonJ's rating: 1765 &rarr; <strong>1743</strong><br />(-22 for losing)
|l|☆LetsgoBrandonJ
|player|p2|
|c|☆lunachili|gg
|l|☆lunachili
|player|p1|
