|j|☆MBlas2002
|j|‽Davemcbean
|t:|1779661413
|gametype|singles
|player|p1|MBlas2002|volkner|1397
|player|p2|Davemcbean|101|1400
|gen|9
|tier|[Gen 9] OU
|rated|
|rule|HP Percentage Mod: HP is shown in percentages
|rule|Endless Battle Clause: Forcing endless battles is banned
|rule|Species Clause: Limit one of each Pokémon
|rule|OHKO Clause: OHKO moves are banned
|rule|Evasion Items Clause: Evasion items are banned
|rule|Evasion Moves Clause: Evasion moves are banned
|rule|Evasion Abilities Clause: Evasion abilities are banned
|rule|Sleep Moves Clause: Sleep-inducing moves are banned
|clearpoke
|poke|p1|Tornadus-Therian, M|
|poke|p1|Landorus-Therian, M|
|poke|p1|Chandelure, F|
|poke|p1|Scizor, M|
|poke|p1|Sylveon, F|
|poke|p1|Toxapex, F|
|poke|p2|Cresselia, F|
|poke|p2|Raging Bolt|
|poke|p2|Iron Moth|
|poke|p2|Great Tusk|
|poke|p2|Walking Wake|
|poke|p2|Torkoal, F|
|teampreview
|inactive|Battle timer is ON: inactive players will automatically lose when time's up. (requested by MBlas2002)
|
|t:|1779661430
|teamsize|p1|6
|teamsize|p2|6
|start
|switch|p1a: Irene|Chandelure, F, shiny|100/100
|switch|p2a: Great Tusk|Great Tusk|100/100
|turn|1
|
|t:|1779661443
|switch|p1a: Almogávar|Scizor, M|100/100
|move|p2a: Great Tusk|Head Smash|p1a: Almogávar
|-damage|p1a: Almogávar|55/100
|-damage|p2a: Great Tusk|84/100|[from] item: Rocky Helmet|[of] p1a: Almogávar
|-damage|p2a: Great Tusk|69/100|[from] Recoil
|
|upkeep
|turn|2
|inactive|MBlas2002 has 120 seconds left.
|
|t:|1779661493
|-end|p2a: Great Tusk|Protosynthesis|[silent]
|switch|p2a: Torkoal|Torkoal, F, shiny|100/100
|-weather|SunnyDay|[from] ability: Drought|[of] p2a: Torkoal
|move|p1a: Almogávar|Knock Off|p2a: Torkoal
|-damage|p2a: Torkoal|80/100
|-enditem|p2a: Torkoal|Heat Rock|[from] move: Knock Off|[of] p1a: Almogávar
|
|-weather|SunnyDay|[upkeep]
|upkeep
|turn|3
|
|t:|1779661503
|move|p1a: Almogávar|U-turn|p2a: Torkoal
|-resisted|p2a: Torkoal
|-damage|p2a: Torkoal|67/100
|
|t:|1779661507
|switch|p1a: Irene|Chandelure, F, shiny|100/100|[from] U-turn
|move|p2a: Torkoal|Stealth Rock|p1a: Irene
|-sidestart|p1: MBlas2002|move: Stealth Rock
|
|-weather|SunnyDay|[upkeep]
|upkeep
|turn|4
|inactive|MBlas2002 has 120 seconds left.
|
|t:|1779661522
|switch|p2a: Great Tusk|Great Tusk|69/100
|-activate|p2a: Great Tusk|ability: Protosynthesis
|-start|p2a: Great Tusk|protosynthesisspe
|move|p1a: Irene|Shadow Ball|p2a: Great Tusk
|-damage|p2a: Great Tusk|0 fnt
|faint|p2a: Great Tusk
|-end|p2a: Great Tusk|Protosynthesis|[silent]
|
|-weather|SunnyDay|[upkeep]
|upkeep
|
|t:|1779661538
|switch|p2a: Walking Wake|Walking Wake|100/100
|-activate|p2a: Walking Wake|ability: Protosynthesis
|-start|p2a: Walking Wake|protosynthesisspa
|turn|5
|
|t:|1779661543
|switch|p1a: Toxica|Toxapex, F, shiny|100/100
|-damage|p1a: Toxica|88/100|[from] Stealth Rock
|move|p2a: Walking Wake|Hydro Steam|p1a: Toxica
|-resisted|p1a: Toxica
|-damage|p1a: Toxica|30/100
|
|-weather|SunnyDay|[upkeep]
|-heal|p1a: Toxica|36/100|[from] item: Black Sludge
|upkeep
|turn|6
|
|t:|1779661563
|switch|p1a: The G.O.A.T.|Sylveon, F, shiny|100/100
|-damage|p1a: The G.O.A.T.|88/100|[from] Stealth Rock
|move|p2a: Walking Wake|Hydro Steam|p1a: The G.O.A.T.
|-damage|p1a: The G.O.A.T.|25/100
|
|-weather|SunnyDay|[upkeep]
|-heal|p1a: The G.O.A.T.|31/100|[from] item: Leftovers
|upkeep
|turn|7
|
|t:|1779661577
|move|p1a: The G.O.A.T.|Protect|p1a: The G.O.A.T.
|-singleturn|p1a: The G.O.A.T.|Protect
|move|p2a: Walking Wake|Hydro Steam|p1a: The G.O.A.T.
|-activate|p1a: The G.O.A.T.|move: Protect
|
|-weather|SunnyDay|[upkeep]
|-heal|p1a: The G.O.A.T.|38/100|[from] item: Leftovers
|upkeep
|turn|8
|
|t:|1779661586
|switch|p1a: Toxica|Toxapex, F, shiny|69/100
|-damage|p1a: Toxica|57/100|[from] Stealth Rock
|move|p2a: Walking Wake|Hydro Steam|p1a: Toxica
|-resisted|p1a: Toxica
|-damage|p1a: Toxica|0 fnt
|faint|p1a: Toxica
|
|-weather|SunnyDay|[upkeep]
|upkeep
|
|t:|1779661592
|switch|p1a: Almogávar|Scizor, M|55/100
|-damage|p1a: Almogávar|43/100|[from] Stealth Rock
|turn|9
|
|t:|1779661601
|move|p1a: Almogávar|Bullet Punch|p2a: Walking Wake
|-resisted|p2a: Walking Wake
|-damage|p2a: Walking Wake|82/100
|move|p2a: Walking Wake|Hydro Steam|p1a: Almogávar
|-damage|p1a: Almogávar|0 fnt
|faint|p1a: Almogávar
|
|-weather|none
|-end|p2a: Walking Wake|Protosynthesis
|upkeep
|
|t:|1779661607
|switch|p1a: The G.O.A.T.|Sylveon, F, shiny|38/100
|-damage|p1a: The G.O.A.T.|25/100|[from] Stealth Rock
|turn|10
|
|t:|1779661622
|move|p1a: The G.O.A.T.|Protect|p1a: The G.O.A.T.
|-singleturn|p1a: The G.O.A.T.|Protect
|move|p2a: Walking Wake|Hydro Steam|p1a: The G.O.A.T.
|-activate|p1a: The G.O.A.T.|move: Protect
|
|-heal|p1a: The G.O.A.T.|31/100|[from] item: Leftovers
|upkeep
|turn|11
|
|t:|1779661630
|-end|p2a: Walking Wake|Protosynthesis|[silent]
|switch|p2a: Torkoal|Torkoal, F, shiny|67/100
|-weather|SunnyDay|[from] ability: Drought|[of] p2a: Torkoal
|-terastallize|p1a: The G.O.A.T.|Electric
|move|p1a: The G.O.A.T.|Hyper Voice|p2a: Torkoal
|-resisted|p2a: Torkoal
|-damage|p2a: Torkoal|43/100
|
|-weather|SunnyDay|[upkeep]
|-heal|p1a: The G.O.A.T.|37/100|[from] item: Leftovers
|upkeep
|turn|12
|
|t:|1779661655
|switch|p2a: Cresselia|Cresselia, F, shiny|100/100
|move|p1a: The G.O.A.T.|Wish|p1a: The G.O.A.T.
|
|-weather|SunnyDay|[upkeep]
|-heal|p1a: The G.O.A.T.|43/100|[from] item: Leftovers
|upkeep
|turn|13
|inactive|Davemcbean has 120 seconds left.
|
|t:|1779661673
|move|p2a: Cresselia|Ice Beam|p1a: The G.O.A.T.
|-damage|p1a: The G.O.A.T.|34/100
|move|p1a: The G.O.A.T.|Hyper Voice|p2a: Cresselia
|-damage|p2a: Cresselia|74/100
|-enditem|p2a: Cresselia|Eject Button
|inactive|Davemcbean has 120 seconds left.
|
|t:|1779661686
|switch|p2a: Iron Moth|Iron Moth|100/100
|-enditem|p2a: Iron Moth|Booster Energy
|-activate|p2a: Iron Moth|ability: Quark Drive|[fromitem]
|-start|p2a: Iron Moth|quarkdrivespe
|
|-weather|SunnyDay|[upkeep]
|-heal|p1a: The G.O.A.T.|84/100|[from] move: Wish|[wisher] The G.O.A.T.
|-heal|p1a: The G.O.A.T.|90/100|[from] item: Leftovers
|upkeep
|turn|14
|inactive|Davemcbean has 120 seconds left.
|
|t:|1779661699
|move|p2a: Iron Moth|Fiery Dance|p1a: The G.O.A.T.
|-damage|p1a: The G.O.A.T.|59/100
|move|p1a: The G.O.A.T.|Psyshock|p2a: Iron Moth
|-supereffective|p2a: Iron Moth
|-damage|p2a: Iron Moth|42/100
|
|-weather|SunnyDay|[upkeep]
|-heal|p1a: The G.O.A.T.|65/100|[from] item: Leftovers
|upkeep
|turn|15
|inactive|Davemcbean has 120 seconds left.
|
|t:|1779661715
|-terastallize|p2a: Iron Moth|Grass
|move|p2a: Iron Moth|Solar Beam||[still]
|-prepare|p2a: Iron Moth|Solar Beam
|-anim|p2a: Iron Moth|Solar Beam|p1a: The G.O.A.T.
|-damage|p1a: The G.O.A.T.|34/100
|move|p1a: The G.O.A.T.|Psyshock|p2a: Iron Moth
|-damage|p2a: Iron Moth|13/100
|
|-weather|none
|-heal|p1a: The G.O.A.T.|40/100|[from] item: Leftovers
|upkeep
|turn|16
|
|t:|1779661730
|move|p2a: Iron Moth|Sludge Wave|p1a: The G.O.A.T.
|-damage|p1a: The G.O.A.T.|14/100
|move|p1a: The G.O.A.T.|Wish|p1a: The G.O.A.T.
|
|-heal|p1a: The G.O.A.T.|20/100|[from] item: Leftovers
|upkeep
|turn|17
|
|t:|1779661745
|move|p1a: The G.O.A.T.|Protect|p1a: The G.O.A.T.
|-singleturn|p1a: The G.O.A.T.|Protect
|move|p2a: Iron Moth|Morning Sun|p2a: Iron Moth
|-heal|p2a: Iron Moth|63/100
|
|-heal|p1a: The G.O.A.T.|70/100|[from] move: Wish|[wisher] The G.O.A.T.
|-heal|p1a: The G.O.A.T.|76/100|[from] item: Leftovers
|upkeep
|turn|18
|
|t:|1779661756
|move|p2a: Iron Moth|Sludge Wave|p1a: The G.O.A.T.
|-damage|p1a: The G.O.A.T.|49/100
|move|p1a: The G.O.A.T.|Hyper Voice|p2a: Iron Moth
|-damage|p2a: Iron Moth|18/100
|
|-heal|p1a: The G.O.A.T.|55/100|[from] item: Leftovers
|upkeep
|turn|19
|
|t:|1779661764
|move|p2a: Iron Moth|Sludge Wave|p1a: The G.O.A.T.
|-damage|p1a: The G.O.A.T.|31/100
|move|p1a: The G.O.A.T.|Wish|p1a: The G.O.A.T.
|
|-heal|p1a: The G.O.A.T.|37/100|[from] item: Leftovers
|upkeep
|turn|20
|
|t:|1779661779
|move|p2a: Iron Moth|Morning Sun|p2a: Iron Moth
|-heal|p2a: Iron Moth|68/100
|move|p1a: The G.O.A.T.|Hyper Voice|p2a: Iron Moth
|-damage|p2a: Iron Moth|25/100
|
|-heal|p1a: The G.O.A.T.|87/100|[from] move: Wish|[wisher] The G.O.A.T.
|-heal|p1a: The G.O.A.T.|93/100|[from] item: Leftovers
|upkeep
|turn|21
|inactive|Davemcbean has 120 seconds left.
|
|t:|1779661794
|move|p2a: Iron Moth|Morning Sun|p2a: Iron Moth
|-heal|p2a: Iron Moth|75/100
|move|p1a: The G.O.A.T.|Hyper Voice|p2a: Iron Moth
|-damage|p2a: Iron Moth|34/100
|
|-heal|p1a: The G.O.A.T.|99/100|[from] item: Leftovers
|upkeep
|turn|22
|inactive|Davemcbean has 120 seconds left.
|
|t:|1779661803
|move|p2a: Iron Moth|Morning Sun|p2a: Iron Moth
|-heal|p2a: Iron Moth|83/100
|move|p1a: The G.O.A.T.|Wish|p1a: The G.O.A.T.
|
|-heal|p1a: The G.O.A.T.|100/100|[from] item: Leftovers
|upkeep
|turn|23
|
|t:|1779661810
|switch|p1a: Irene|Chandelure, F, shiny|100/100
|-damage|p1a: Irene|76/100|[from] Stealth Rock
|move|p2a: Iron Moth|Fiery Dance|p1a: Irene
|-resisted|p1a: Irene
|-damage|p1a: Irene|51/100
|-boost|p2a: Iron Moth|spa|1
|
|-heal|p1a: Irene|100/100|[from] move: Wish|[wisher] The G.O.A.T.
|upkeep
|turn|24
|inactive|Davemcbean has 120 seconds left.
|
|t:|1779661837
|move|p2a: Iron Moth|Sludge Wave|p1a: Irene
|-resisted|p1a: Irene
|-damage|p1a: Irene|61/100
|move|p1a: Irene|Shadow Ball|p2a: Iron Moth
|-damage|p2a: Iron Moth|4/100
|
|upkeep
|turn|25
|
|t:|1779661845
|move|p2a: Iron Moth|Sludge Wave|p1a: Irene
|-resisted|p1a: Irene
|-damage|p1a: Irene|18/100
|move|p1a: Irene|Shadow Ball|p2a: Iron Moth
|-damage|p2a: Iron Moth|0 fnt
|faint|p2a: Iron Moth
|-end|p2a: Iron Moth|Quark Drive|[silent]
|
|upkeep
|
|t:|1779661853
|switch|p2a: Torkoal|Torkoal, F, shiny|43/100
|-weather|SunnyDay|[from] ability: Drought|[of] p2a: Torkoal
|turn|26
|inactive|Davemcbean has 120 seconds left.
|
|t:|1779661868
|switch|p2a: Walking Wake|Walking Wake|82/100
|-activate|p2a: Walking Wake|ability: Protosynthesis
|-start|p2a: Walking Wake|protosynthesisspa
|move|p1a: Irene|Shadow Ball|p2a: Walking Wake
|-damage|p2a: Walking Wake|0 fnt
|faint|p2a: Walking Wake
|-end|p2a: Walking Wake|Protosynthesis|[silent]
|
|-weather|SunnyDay|[upkeep]
|upkeep
|
|t:|1779661880
|switch|p2a: Raging Bolt|Raging Bolt|100/100
|-activate|p2a: Raging Bolt|ability: Protosynthesis
|-start|p2a: Raging Bolt|protosynthesisspa
|turn|27
|
|t:|1779661885
|move|p2a: Raging Bolt|Thunderclap|p1a: Irene
|-damage|p1a: Irene|0 fnt
|faint|p1a: Irene
|-damage|p2a: Raging Bolt|91/100|[from] item: Life Orb
|
|-weather|SunnyDay|[upkeep]
|upkeep
|
|t:|1779661891
|switch|p1a: Chocolate|Landorus-Therian, M|100/100
|-ability|p1a: Chocolate|Intimidate|boost
|-unboost|p2a: Raging Bolt|atk|1
|turn|28
|inactive|Davemcbean has 120 seconds left.
|
|t:|1779661907
|-end|p2a: Raging Bolt|Protosynthesis|[silent]
|switch|p2a: Cresselia|Cresselia, F, shiny|74/100
|move|p1a: Chocolate|Earthquake|p2a: Cresselia
|-immune|p2a: Cresselia|[from] ability: Levitate
|
|-weather|SunnyDay|[upkeep]
|upkeep
|turn|29
|inactive|Davemcbean has 120 seconds left.
|
|t:|1779661918
|move|p1a: Chocolate|U-turn|p2a: Cresselia
|-supereffective|p2a: Cresselia
|-damage|p2a: Cresselia|47/100
|
|t:|1779661921
|switch|p1a: The G.O.A.T.|Sylveon, F, shiny, tera:Electric|100/100|[from] U-turn
|-damage|p1a: The G.O.A.T.|88/100|[from] Stealth Rock
|move|p2a: Cresselia|Ice Beam|p1a: The G.O.A.T.
|-damage|p1a: The G.O.A.T.|80/100
|
|-weather|SunnyDay|[upkeep]
|-heal|p1a: The G.O.A.T.|86/100|[from] item: Leftovers
|upkeep
|turn|30
|inactive|Davemcbean has 120 seconds left.
|
|t:|1779661933
|move|p2a: Cresselia|Moonlight|p2a: Cresselia
|-heal|p2a: Cresselia|100/100
|move|p1a: The G.O.A.T.|Hyper Voice|p2a: Cresselia
|-damage|p2a: Cresselia|75/100
|
|-weather|none
|-heal|p1a: The G.O.A.T.|92/100|[from] item: Leftovers
|upkeep
|turn|31
|inactive|Davemcbean has 120 seconds left.
|
|t:|1779661952
|switch|p2a: Raging Bolt|Raging Bolt|91/100
|move|p1a: The G.O.A.T.|Hyper Voice|p2a: Raging Bolt
|-supereffective|p2a: Raging Bolt
|-damage|p2a: Raging Bolt|18/100
|
|-heal|p1a: The G.O.A.T.|98/100|[from] item: Leftovers
|upkeep
|turn|32
|inactive|Davemcbean has 120 seconds left.
|
|t:|1779661961
|move|p2a: Raging Bolt|Thunderclap|p1a: The G.O.A.T.
|-resisted|p1a: The G.O.A.T.
|-damage|p1a: The G.O.A.T.|84/100
|-damage|p2a: Raging Bolt|8/100|[from] item: Life Orb
|move|p1a: The G.O.A.T.|Hyper Voice|p2a: Raging Bolt
|-supereffective|p2a: Raging Bolt
|-damage|p2a: Raging Bolt|0 fnt
|faint|p2a: Raging Bolt
|-end|p2a: Raging Bolt|Protosynthesis|[silent]
|
|-heal|p1a: The G.O.A.T.|90/100|[from] item: Leftovers
|upkeep
|-message|Davemcbean forfeited.
|
|win|MBlas2002
|raw|MBlas2002's rating: 1397 &rarr; <strong>1417</strong><br />(+20 for winning)
|raw|Davemcbean's rating: 1400 &rarr; <strong>1380</strong><br />(-20 for losing)
|l|‽Davemcbean
|player|p2|
|l|☆MBlas2002
|player|p1|
