|j|☆tursu suyu
|j|☆43g4rbvfd
|t:|1779700152
|gametype|singles
|player|p1|tursu suyu|170|1081
|player|p2|43g4rbvfd|170|1139
|gen|9
|tier|[Gen 9] OU
|rated|
|rule|HP Percentage Mod: HP is shown in percentages
|rule|Endless Battle Clause: Forcing endless battles is banned
|rule|Species Clause: Limit one of each Pokémon
|rule|OHKO Clause: OHKO moves are banned
|rule|Evasion Items Clause: Evasion items are banned
|rule|Evasion Moves Clause: Evasion moves are banned
|rule|Evasion Abilities Clause: Evasion abilities are banned
|rule|Sleep Moves Clause: Sleep-inducing moves are banned
|clearpoke
|poke|p1|Gliscor, M|
|poke|p1|Gligar, M|
|poke|p1|Dragapult, F|
|poke|p1|Ursaluna, M|
|poke|p1|Heatran, M|
|poke|p1|Regieleki|
|poke|p2|Latias, F|
|poke|p2|Samurott-Hisui, M|
|poke|p2|Kommo-o, F|
|poke|p2|Ogerpon-Wellspring, F|
|poke|p2|Iron Moth|
|poke|p2|Weezing-Galar, F|
|teampreview
|
|t:|1779700159
|teamsize|p1|6
|teamsize|p2|6
|start
|switch|p1a: Gliscor|Gliscor, M|100/100
|switch|p2a: Ogerpon|Ogerpon-Wellspring, F|100/100
|turn|1
|
|t:|1779700172
|move|p2a: Ogerpon|Ivy Cudgel|p1a: Gliscor|[anim] Ivy Cudgel Water
|-supereffective|p1a: Gliscor
|-damage|p1a: Gliscor|5/100
|move|p1a: Gliscor|Substitute|p1a: Gliscor
|-fail|p1a: Gliscor|move: Substitute|[weak]
|
|-status|p1a: Gliscor|tox|[from] item: Toxic Orb
|upkeep
|turn|2
|
|t:|1779700179
|move|p1a: Gliscor|Protect|p1a: Gliscor
|-singleturn|p1a: Gliscor|Protect
|move|p2a: Ogerpon|Ivy Cudgel|p1a: Gliscor|[anim] Ivy Cudgel Water
|-activate|p1a: Gliscor|move: Protect
|
|-heal|p1a: Gliscor|17/100 tox|[from] ability: Poison Heal
|upkeep
|turn|3
|
|t:|1779700191
|switch|p1a: Heatran|Heatran, M|100/100
|-item|p1a: Heatran|Air Balloon
|move|p2a: Ogerpon|Knock Off|p1a: Heatran
|-damage|p1a: Heatran|60/100
|-enditem|p1a: Heatran|Air Balloon
|
|upkeep
|turn|4
|
|t:|1779700200
|move|p1a: Heatran|Protect|p1a: Heatran
|-singleturn|p1a: Heatran|Protect
|move|p2a: Ogerpon|Ivy Cudgel|p1a: Heatran|[anim] Ivy Cudgel Water
|-activate|p1a: Heatran|move: Protect
|
|upkeep
|turn|5
|
|t:|1779700214
|move|p2a: Ogerpon|U-turn|p1a: Heatran
|-resisted|p1a: Heatran
|-damage|p1a: Heatran|54/100
|
|t:|1779700219
|switch|p2a: Kommo-o|Kommo-o, F|100/100|[from] U-turn
|move|p1a: Heatran|Flamethrower|p2a: Kommo-o
|-resisted|p2a: Kommo-o
|-damage|p2a: Kommo-o|72/100
|
|upkeep
|turn|6
|
|t:|1779700232
|switch|p2a: Samurott|Samurott-Hisui, M|100/100
|switch|p1a: Gligar|Gligar, M|100/100
|
|upkeep
|turn|7
|
|t:|1779700239
|move|p2a: Samurott|Taunt|p1a: Gligar
|-start|p1a: Gligar|move: Taunt
|cant|p1a: Gligar|move: Taunt|Toxic
|
|upkeep
|turn|8
|
|t:|1779700246
|switch|p1a: Ursaluna|Ursaluna, M|100/100
|move|p2a: Samurott|Ceaseless Edge|p1a: Ursaluna
|-damage|p1a: Ursaluna|70/100
|-sidestart|p1: tursu suyu|Spikes
|
|-status|p1a: Ursaluna|brn|[from] item: Flame Orb
|upkeep
|turn|9
|
|t:|1779700255
|move|p2a: Samurott|Aqua Cutter|p1a: Ursaluna
|-supereffective|p1a: Ursaluna
|-damage|p1a: Ursaluna|5/100 brn
|move|p1a: Ursaluna|Facade|p2a: Samurott
|-enditem|p2a: Samurott|Focus Sash
|-damage|p2a: Samurott|1/100
|
|-damage|p1a: Ursaluna|0 fnt|[from] brn
|faint|p1a: Ursaluna
|upkeep
|
|t:|1779700265
|switch|p1a: Dragapult|Dragapult, F|100/100
|-damage|p1a: Dragapult|88/100|[from] Spikes
|turn|10
|
|t:|1779700269
|move|p1a: Dragapult|Dragon Darts|p2a: Samurott
|-damage|p2a: Samurott|0 fnt
|faint|p2a: Samurott
|
|upkeep
|
|t:|1779700278
|switch|p2a: Weezing|Weezing-Galar, F|100/100
|turn|11
|
|t:|1779700287
|switch|p1a: Heatran|Heatran, M|54/100
|-damage|p1a: Heatran|41/100|[from] Spikes
|move|p2a: Weezing|Strange Steam|p1a: Heatran
|-resisted|p1a: Heatran
|-damage|p1a: Heatran|34/100
|
|upkeep
|turn|12
|
|t:|1779700297
|switch|p2a: Ogerpon|Ogerpon-Wellspring, F|100/100
|move|p1a: Heatran|Heavy Slam|p2a: Ogerpon
|-resisted|p2a: Ogerpon
|-damage|p2a: Ogerpon|77/100
|
|upkeep
|turn|13
|
|t:|1779700307
|switch|p1a: Dragapult|Dragapult, F|88/100
|-damage|p1a: Dragapult|76/100|[from] Spikes
|move|p2a: Ogerpon|Ivy Cudgel|p1a: Dragapult|[anim] Ivy Cudgel Water
|-resisted|p1a: Dragapult
|-damage|p1a: Dragapult|49/100
|
|upkeep
|turn|14
|
|t:|1779700316
|switch|p2a: Weezing|Weezing-Galar, F|100/100
|move|p1a: Dragapult|Disable||[still]
|-fail|p1a: Dragapult
|
|upkeep
|turn|15
|
|t:|1779700324
|switch|p1a: Gligar|Gligar, M|100/100
|move|p2a: Weezing|Strange Steam|p1a: Gligar
|-damage|p1a: Gligar|64/100
|
|upkeep
|turn|16
|
|t:|1779700334
|move|p1a: Gligar|Spikes|p2a: Weezing
|-sidestart|p2: 43g4rbvfd|Spikes
|move|p2a: Weezing|Strange Steam|p1a: Gligar
|-damage|p1a: Gligar|31/100
|
|upkeep
|turn|17
|
|t:|1779700340
|move|p1a: Gligar|Spikes|p2a: Weezing
|-sidestart|p2: 43g4rbvfd|Spikes
|move|p2a: Weezing|Strange Steam|p1a: Gligar
|-damage|p1a: Gligar|0 fnt
|faint|p1a: Gligar
|
|upkeep
|
|t:|1779700346
|switch|p1a: Heatran|Heatran, M|34/100
|-damage|p1a: Heatran|22/100|[from] Spikes
|turn|18
|
|t:|1779700354
|switch|p2a: Latias|Latias, F|100/100
|move|p1a: Heatran|Flamethrower|p2a: Latias
|-resisted|p2a: Latias
|-damage|p2a: Latias|82/100
|
|upkeep
|turn|19
|
|t:|1779700361
|move|p2a: Latias|Agility|p2a: Latias
|-boost|p2a: Latias|spe|2
|move|p1a: Heatran|Heavy Slam|p2a: Latias
|-damage|p2a: Latias|47/100
|
|upkeep
|turn|20
|
|t:|1779700371
|move|p2a: Latias|Aura Sphere|p1a: Heatran
|-supereffective|p1a: Heatran
|-damage|p1a: Heatran|0 fnt
|faint|p1a: Heatran
|
|upkeep
|
|t:|1779700376
|switch|p1a: Gliscor|Gliscor, M|17/100 tox
|turn|21
|
|t:|1779700381
|move|p1a: Gliscor|Protect|p1a: Gliscor
|-singleturn|p1a: Gliscor|Protect
|move|p2a: Latias|Calm Mind|p2a: Latias
|-boost|p2a: Latias|spa|1
|-boost|p2a: Latias|spd|1
|
|-heal|p1a: Gliscor|30/100 tox|[from] ability: Poison Heal
|upkeep
|turn|22
|
|t:|1779700389
|move|p2a: Latias|Stored Power|p1a: Gliscor
|-damage|p1a: Gliscor|0 fnt
|faint|p1a: Gliscor
|
|upkeep
|-message|tursu suyu forfeited.
|
|win|43g4rbvfd
|raw|tursu suyu's rating: 1081 &rarr; <strong>1063</strong><br />(-18 for losing)
|raw|43g4rbvfd's rating: 1139 &rarr; <strong>1160</strong><br />(+21 for winning)
|l|☆tursu suyu
|player|p1|
|l|☆43g4rbvfd
|player|p2|
