|j|☆maugzz2003
|j|☆DankDodo
|t:|1779563380
|gametype|singles
|player|p1|maugzz2003|benga|
|player|p2|DankDodo|265|
|gen|9
|tier|[Gen 9] OU
|rule|HP Percentage Mod: HP is shown in percentages
|rule|Endless Battle Clause: Forcing endless battles is banned
|rule|Species Clause: Limit one of each Pokémon
|rule|OHKO Clause: OHKO moves are banned
|rule|Evasion Items Clause: Evasion items are banned
|rule|Evasion Moves Clause: Evasion moves are banned
|rule|Evasion Abilities Clause: Evasion abilities are banned
|rule|Sleep Moves Clause: Sleep-inducing moves are banned
|clearpoke
|poke|p1|Samurott-Hisui, F|
|poke|p1|Dragonite, F|
|poke|p1|Zamazenta-*|
|poke|p1|Hydrapple, F|
|poke|p1|Infernape, M|
|poke|p1|Mimikyu, M|
|poke|p2|Great Tusk|
|poke|p2|Zapdos|
|poke|p2|Kyurem|
|poke|p2|Metagross|
|poke|p2|Breloom, M|
|poke|p2|Incineroar, M|
|teampreview
|j| Swegnamyte
|j| Manmeet122502
|j| Arshdeep1234
|
|t:|1779563423
|teamsize|p1|6
|teamsize|p2|6
|start
|switch|p1a: Samurott|Samurott-Hisui, F|100/100
|switch|p2a: Breloom|Breloom, M|100/100
|turn|1
|
|t:|1779563456
|move|p1a: Samurott|Ceaseless Edge|p2a: Breloom
|-resisted|p2a: Breloom
|-damage|p2a: Breloom|63/100
|-sidestart|p2: DankDodo|Spikes
|move|p2a: Breloom|Bullet Seed|p1a: Samurott
|-supereffective|p1a: Samurott
|-damage|p1a: Samurott|23/100
|-supereffective|p1a: Samurott
|-damage|p1a: Samurott|0 fnt
|faint|p1a: Samurott
|-hitcount|p1: Samurott|2
|
|upkeep
|
|t:|1779563468
|switch|p1a: Infernape|Infernape, M|100/100
|turn|2
|
|t:|1779563526
|switch|p2a: Zapdos|Zapdos|100/100
|move|p1a: Infernape|Flamethrower|p2a: Zapdos
|-damage|p2a: Zapdos|41/100
|
|-heal|p2a: Zapdos|47/100|[from] item: Leftovers
|upkeep
|turn|3
|
|t:|1779563534
|move|p1a: Infernape|Flamethrower|p2a: Zapdos
|-damage|p2a: Zapdos|0 fnt
|faint|p2a: Zapdos
|
|upkeep
|
|t:|1779563548
|switch|p2a: Great Tusk|Great Tusk|100/100
|turn|4
|
|t:|1779563554
|switch|p1a: Mimikyu|Mimikyu, M|100/100
|move|p2a: Great Tusk|Headlong Rush|p1a: Mimikyu
|-activate|p1a: Mimikyu|ability: Disguise
|-damage|p1a: Mimikyu|100/100
|-unboost|p2a: Great Tusk|def|1
|-unboost|p2a: Great Tusk|spd|1
|detailschange|p1a: Mimikyu|Mimikyu-Busted, M
|-damage|p1a: Mimikyu|88/100|[from] pokemon: Mimikyu-Busted
|-enditem|p1a: Mimikyu|Red Card|[of] p2a: Great Tusk
|-end|p2a: Great Tusk|Protosynthesis|[silent]
|drag|p2a: Breloom|Breloom, M|63/100
|-damage|p2a: Breloom|50/100|[from] Spikes
|
|upkeep
|turn|5
|
|t:|1779563576
|move|p1a: Mimikyu|Play Rough|p2a: Breloom|[miss]
|-miss|p1a: Mimikyu|p2a: Breloom
|move|p2a: Breloom|Bullet Seed|p1a: Mimikyu
|-damage|p1a: Mimikyu|38/100
|-damage|p1a: Mimikyu|0 fnt
|faint|p1a: Mimikyu
|-hitcount|p1: Mimikyu|2
|
|upkeep
|c|☆maugzz2003|bruh
|c| Manmeet122502|holy shit
|
|t:|1779563598
|switch|p1a: Dragonite|Dragonite, F|100/100
|turn|6
|c| Swegnamyte|Insane misplay actually rewarded wtf
|
|t:|1779563614
|switch|p2a: Incineroar|Incineroar, M|100/100
|-damage|p2a: Incineroar|88/100|[from] Spikes
|-ability|p2a: Incineroar|Intimidate|boost
|-unboost|p1a: Dragonite|atk|1
|move|p1a: Dragonite|Dragon Dance|p1a: Dragonite
|-boost|p1a: Dragonite|atk|1
|-boost|p1a: Dragonite|spe|1
|
|upkeep
|turn|7
|
|t:|1779563629
|-terastallize|p1a: Dragonite|Fire
|move|p1a: Dragonite|Dragon Dance|p1a: Dragonite
|-boost|p1a: Dragonite|atk|1
|-boost|p1a: Dragonite|spe|1
|move|p2a: Incineroar|Will-O-Wisp|p1a: Dragonite
|-immune|p1a: Dragonite
|
|upkeep
|turn|8
|
|t:|1779563645
|move|p1a: Dragonite|Dragon Dance|p1a: Dragonite
|-boost|p1a: Dragonite|atk|1
|-boost|p1a: Dragonite|spe|1
|move|p2a: Incineroar|Parting Shot|p1a: Dragonite
|-unboost|p1a: Dragonite|atk|1
|-unboost|p1a: Dragonite|spa|1
|
|t:|1779563655
|switch|p2a: Great Tusk|Great Tusk|100/100|[from] Parting Shot
|
|upkeep
|turn|9
|
|t:|1779563661
|move|p1a: Dragonite|Scale Shot|p2a: Great Tusk
|-damage|p2a: Great Tusk|88/100
|-damage|p2a: Great Tusk|75/100
|-damage|p2a: Great Tusk|61/100
|-damage|p2a: Great Tusk|48/100
|-damage|p2a: Great Tusk|35/100
|-hitcount|p2a: Great Tusk|5
|-unboost|p1a: Dragonite|def|1
|-boost|p1a: Dragonite|spe|1
|move|p2a: Great Tusk|Headlong Rush|p1a: Dragonite
|-supereffective|p1a: Dragonite
|-damage|p1a: Dragonite|21/100
|-unboost|p2a: Great Tusk|def|1
|-unboost|p2a: Great Tusk|spd|1
|
|upkeep
|turn|10
|
|t:|1779563676
|move|p1a: Dragonite|Scale Shot|p2a: Great Tusk|[miss]
|-miss|p1a: Dragonite|p2a: Great Tusk
|move|p2a: Great Tusk|Headlong Rush|p1a: Dragonite
|-supereffective|p1a: Dragonite
|-damage|p1a: Dragonite|0 fnt
|-unboost|p2a: Great Tusk|def|1
|-unboost|p2a: Great Tusk|spd|1
|faint|p1a: Dragonite
|
|upkeep
|c| Swegnamyte|nah
|c|☆maugzz2003|no shot
|c| Swegnamyte|the universe
|c| Swegnamyte|hates u
|c| Swegnamyte|Dr Strange activated wtf
|
|t:|1779563699
|switch|p1a: Infernape|Infernape, M|100/100
|turn|11
|
|t:|1779563708
|move|p1a: Infernape|Aura Sphere|p2a: Great Tusk
|-damage|p2a: Great Tusk|0 fnt
|faint|p2a: Great Tusk
|-end|p2a: Great Tusk|Protosynthesis|[silent]
|
|upkeep
|
|t:|1779563719
|switch|p2a: Kyurem|Kyurem|100/100
|-damage|p2a: Kyurem|88/100|[from] Spikes
|-ability|p2a: Kyurem|Pressure
|turn|12
|
|t:|1779563723
|-terastallize|p2a: Kyurem|Ghost
|move|p2a: Kyurem|Earth Power|p1a: Infernape
|-supereffective|p1a: Infernape
|-damage|p1a: Infernape|5/100
|move|p1a: Infernape|Aura Sphere|p2a: Kyurem
|-immune|p2a: Kyurem
|
|upkeep
|turn|13
|c|☆maugzz2003|yeah i lost
|
|t:|1779563763
|switch|p1a: Zamazenta|Zamazenta|100/100
|-ability|p1a: Zamazenta|Dauntless Shield|boost
|-boost|p1a: Zamazenta|def|1
|move|p2a: Kyurem|Earth Power|p1a: Zamazenta
|-damage|p1a: Zamazenta|78/100
|
|-heal|p1a: Zamazenta|84/100|[from] item: Leftovers
|upkeep
|turn|14
|
|t:|1779563776
|switch|p2a: Incineroar|Incineroar, M|88/100
|-damage|p2a: Incineroar|76/100|[from] Spikes
|-ability|p2a: Incineroar|Intimidate|boost
|-unboost|p1a: Zamazenta|atk|1
|move|p1a: Zamazenta|Crunch|p2a: Incineroar
|-resisted|p2a: Incineroar
|-crit|p2a: Incineroar
|-damage|p2a: Incineroar|59/100
|-damage|p1a: Zamazenta|68/100|[from] item: Rocky Helmet|[of] p2a: Incineroar
|
|-heal|p1a: Zamazenta|74/100|[from] item: Leftovers
|upkeep
|turn|15
|
|t:|1779563792
|switch|p1a: Hydrapple|Hydrapple, F|100/100
|move|p2a: Incineroar|Will-O-Wisp|p1a: Hydrapple
|-status|p1a: Hydrapple|brn
|
|-damage|p1a: Hydrapple|94/100 brn|[from] brn
|upkeep
|turn|16
|
|t:|1779563801
|move|p2a: Incineroar|Flare Blitz|p1a: Hydrapple
|-damage|p1a: Hydrapple|56/100 brn
|-damage|p2a: Incineroar|45/100|[from] Recoil
|move|p1a: Hydrapple|Earth Power|p2a: Incineroar
|-supereffective|p2a: Incineroar
|-damage|p2a: Incineroar|7/100
|
|-damage|p1a: Hydrapple|50/100 brn|[from] brn
|upkeep
|turn|17
|
|t:|1779563815
|move|p2a: Incineroar|Flare Blitz|p1a: Hydrapple
|-damage|p1a: Hydrapple|11/100 brn
|-damage|p2a: Incineroar|0 fnt|[from] Recoil
|faint|p2a: Incineroar
|move|p1a: Hydrapple|Fickle Beam|p2: Incineroar|[notarget]
|-fail|p1a: Hydrapple
|
|-damage|p1a: Hydrapple|5/100 brn|[from] brn
|upkeep
|
|t:|1779563820
|switch|p2a: Metagross|Metagross|100/100
|-item|p2a: Metagross|Air Balloon
|turn|18
|
|t:|1779563827
|move|p2a: Metagross|Bullet Punch|p1a: Hydrapple
|-damage|p1a: Hydrapple|0 fnt
|faint|p1a: Hydrapple
|
|upkeep
|
|t:|1779563832
|switch|p1a: Zamazenta|Zamazenta|74/100
|turn|19
|
|t:|1779563843
|move|p1a: Zamazenta|Iron Defense|p1a: Zamazenta
|-boost|p1a: Zamazenta|def|2
|move|p2a: Metagross|Meteor Mash|p1a: Zamazenta
|-damage|p1a: Zamazenta|53/100
|
|-heal|p1a: Zamazenta|60/100|[from] item: Leftovers
|upkeep
|turn|20
|
|t:|1779563859
|move|p1a: Zamazenta|Body Press|p2a: Metagross
|-damage|p2a: Metagross|51/100
|-enditem|p2a: Metagross|Air Balloon
|move|p2a: Metagross|Ice Punch|p1a: Zamazenta
|-damage|p1a: Zamazenta|49/100
|
|-heal|p1a: Zamazenta|55/100|[from] item: Leftovers
|upkeep
|turn|21
|
|t:|1779563869
|move|p1a: Zamazenta|Body Press|p2a: Metagross
|-damage|p2a: Metagross|2/100
|move|p2a: Metagross|Meteor Mash|p1a: Zamazenta
|-damage|p1a: Zamazenta|36/100
|
|-heal|p1a: Zamazenta|42/100|[from] item: Leftovers
|upkeep
|turn|22
|
|t:|1779563876
|move|p2a: Metagross|Bullet Punch|p1a: Zamazenta
|-damage|p1a: Zamazenta|33/100
|move|p1a: Zamazenta|Crunch|p2a: Metagross
|-supereffective|p2a: Metagross
|-damage|p2a: Metagross|0 fnt
|faint|p2a: Metagross
|
|-heal|p1a: Zamazenta|39/100|[from] item: Leftovers
|upkeep
|
|t:|1779563887
|switch|p2a: Kyurem|Kyurem, tera:Ghost|88/100
|-damage|p2a: Kyurem|75/100|[from] Spikes
|-ability|p2a: Kyurem|Pressure
|turn|23
|
|t:|1779563895
|move|p2a: Kyurem|Draco Meteor|p1a: Zamazenta
|-damage|p1a: Zamazenta|0 fnt
|-unboost|p2a: Kyurem|spa|2
|faint|p1a: Zamazenta
|
|upkeep
|
|t:|1779563901
|switch|p1a: Infernape|Infernape, M|5/100
|turn|24
|
|t:|1779563907
|move|p2a: Kyurem|Draco Meteor|p1a: Infernape|[miss]
|-miss|p2a: Kyurem|p1a: Infernape
|move|p1a: Infernape|Flamethrower|p2a: Kyurem
|-damage|p2a: Kyurem|0 fnt
|faint|p2a: Kyurem
|
|upkeep
|
|t:|1779563913
|switch|p2a: Breloom|Breloom, M|50/100
|-damage|p2a: Breloom|38/100|[from] Spikes
|turn|25
|c|☆maugzz2003|if you have mach punch then ggs
|
|t:|1779563926
|move|p2a: Breloom|Mach Punch|p1a: Infernape
|-damage|p1a: Infernape|0 fnt
|faint|p1a: Infernape
|
|win|DankDodo
|c| Swegnamyte|UR THE FUCKING GOAT
