|j|☆yoki
|j|☆TWENNY7
|t:|1779683546
|gametype|singles
|player|p1|yoki|2|1384
|player|p2|TWENNY7|hau-stance|1449
|gen|9
|tier|[Gen 9] OU
|rated|
|rule|HP Percentage Mod: HP is shown in percentages
|rule|Endless Battle Clause: Forcing endless battles is banned
|rule|Species Clause: Limit one of each Pokémon
|rule|OHKO Clause: OHKO moves are banned
|rule|Evasion Items Clause: Evasion items are banned
|rule|Evasion Moves Clause: Evasion moves are banned
|rule|Evasion Abilities Clause: Evasion abilities are banned
|rule|Sleep Moves Clause: Sleep-inducing moves are banned
|clearpoke
|poke|p1|Slowking-Galar, M|
|poke|p1|Great Tusk|
|poke|p1|Kyurem|
|poke|p1|Iron Hands|
|poke|p1|Darkrai|
|poke|p1|Zapdos|
|poke|p2|Iron Valiant|
|poke|p2|Tyranitar, M|
|poke|p2|Zapdos|
|poke|p2|Darkrai|
|poke|p2|Okidogi, M|
|poke|p2|Dragonite, F|
|teampreview
|inactive|Battle timer is ON: inactive players will automatically lose when time's up. (requested by TWENNY7)
|inactive|yoki has 120 seconds left.
|
|t:|1779683588
|teamsize|p1|6
|teamsize|p2|6
|start
|switch|p1a: Iron Hands|Iron Hands|100/100
|switch|p2a: NITE NITE|Dragonite, F|100/100
|turn|1
|
|t:|1779683607
|move|p2a: NITE NITE|Dragon Dance|p2a: NITE NITE
|-boost|p2a: NITE NITE|atk|1
|-boost|p2a: NITE NITE|spe|1
|move|p1a: Iron Hands|Ice Punch|p2a: NITE NITE
|-supereffective|p2a: NITE NITE
|-damage|p2a: NITE NITE|17/100
|
|upkeep
|turn|2
|
|t:|1779683615
|-end|p1a: Iron Hands|Quark Drive|[silent]
|switch|p1a: Zapdos|Zapdos, shiny|100/100
|move|p2a: NITE NITE|Scale Shot|p1a: Zapdos
|-damage|p1a: Zapdos|86/100
|-damage|p1a: Zapdos|69/100
|-damage|p1a: Zapdos|53/100
|-damage|p1a: Zapdos|37/100
|-hitcount|p1a: Zapdos|4
|-unboost|p2a: NITE NITE|def|1
|-boost|p2a: NITE NITE|spe|1
|
|upkeep
|turn|3
|
|t:|1779683620
|move|p2a: NITE NITE|Scale Shot|p1a: Zapdos
|-damage|p1a: Zapdos|20/100
|-damage|p1a: Zapdos|3/100
|-damage|p1a: Zapdos|0 fnt
|faint|p1a: Zapdos
|-hitcount|p1: Zapdos|3
|-unboost|p2a: NITE NITE|def|1
|-boost|p2a: NITE NITE|spe|1
|
|upkeep
|j| testingrainteam1
|
|t:|1779683625
|switch|p1a: Iron Hands|Iron Hands|100/100
|turn|4
|
|t:|1779683630
|move|p2a: NITE NITE|Scale Shot|p1a: Iron Hands
|-damage|p1a: Iron Hands|86/100
|-damage|p1a: Iron Hands|70/100
|-damage|p1a: Iron Hands|54/100
|-crit|p1a: Iron Hands
|-damage|p1a: Iron Hands|29/100
|-hitcount|p1a: Iron Hands|4
|-unboost|p2a: NITE NITE|def|1
|-boost|p2a: NITE NITE|spe|1
|move|p1a: Iron Hands|Ice Punch|p2a: NITE NITE
|-supereffective|p2a: NITE NITE
|-damage|p2a: NITE NITE|0 fnt
|faint|p2a: NITE NITE
|
|upkeep
|
|t:|1779683645
|switch|p2a: RUNE 2H|Iron Valiant|100/100
|turn|5
|
|t:|1779683655
|-end|p1a: Iron Hands|Quark Drive|[silent]
|switch|p1a: Slowking|Slowking-Galar, M|100/100
|move|p2a: RUNE 2H|Psyshock|p1a: Slowking
|-damage|p1a: Slowking|65/100
|
|upkeep
|turn|6
|
|t:|1779683659
|-end|p2a: RUNE 2H|Quark Drive|[silent]
|switch|p2a: CODE:red|Tyranitar, M, shiny|100/100
|-weather|Sandstorm|[from] ability: Sand Stream|[of] p2a: CODE:red
|move|p1a: Slowking|Thunder Wave|p2a: CODE:red
|-status|p2a: CODE:red|par
|
|-weather|Sandstorm|[upkeep]
|-damage|p1a: Slowking|59/100|[from] Sandstorm
|upkeep
|turn|7
|
|t:|1779683665
|switch|p1a: Great Tusk|Great Tusk|100/100
|cant|p2a: CODE:red|par
|
|-weather|Sandstorm|[upkeep]
|upkeep
|turn|8
|
|t:|1779683695
|-end|p1a: Great Tusk|Protosynthesis|[silent]
|switch|p1a: Slowking|Slowking-Galar, M|92/100
|-terastallize|p2a: CODE:red|Ghost
|move|p2a: CODE:red|Stealth Rock|p1a: Slowking
|-sidestart|p1: yoki|move: Stealth Rock
|
|-weather|Sandstorm|[upkeep]
|-damage|p2a: CODE:red|94/100 par|[from] Sandstorm
|-damage|p1a: Slowking|86/100|[from] Sandstorm
|upkeep
|turn|9
|l| testingrainteam1
|
|t:|1779683720
|switch|p1a: Iron Hands|Iron Hands|29/100
|-damage|p1a: Iron Hands|23/100|[from] Stealth Rock
|move|p2a: CODE:red|Knock Off|p1a: Iron Hands
|-resisted|p1a: Iron Hands
|-damage|p1a: Iron Hands|6/100
|-enditem|p1a: Iron Hands|Expert Belt|[from] move: Knock Off|[of] p2a: CODE:red
|
|-weather|Sandstorm|[upkeep]
|-damage|p1a: Iron Hands|0 fnt|[from] Sandstorm
|-damage|p2a: CODE:red|88/100 par|[from] Sandstorm
|faint|p1a: Iron Hands
|-end|p1a: Iron Hands|Quark Drive|[silent]
|upkeep
|
|t:|1779683723
|switch|p1a: Darkrai|Darkrai|100/100
|turn|10
|
|t:|1779683732
|switch|p2a: CASPER|Okidogi, M|100/100
|move|p1a: Darkrai|Dark Pulse|p2a: CASPER
|-resisted|p2a: CASPER
|-damage|p2a: CASPER|84/100
|
|-weather|none
|-heal|p2a: CASPER|90/100|[from] item: Leftovers
|upkeep
|turn|11
|
|t:|1779683738
|move|p1a: Darkrai|Thunder Wave|p2a: CASPER
|-status|p2a: CASPER|par
|cant|p2a: CASPER|par
|
|-heal|p2a: CASPER|96/100 par|[from] item: Leftovers
|upkeep
|turn|12
|
|t:|1779683744
|switch|p1a: Slowking|Slowking-Galar, M|100/100
|-damage|p1a: Slowking|88/100|[from] Stealth Rock
|move|p2a: CASPER|Bulk Up|p2a: CASPER
|-boost|p2a: CASPER|atk|1
|-boost|p2a: CASPER|def|1
|
|-heal|p2a: CASPER|100/100 par|[from] item: Leftovers
|upkeep
|turn|13
|
|t:|1779683747
|move|p2a: CASPER|Knock Off|p1a: Slowking
|-supereffective|p1a: Slowking
|-enditem|p1a: Slowking|Colbur Berry|[eat]
|-enditem|p1a: Slowking|Colbur Berry|[weaken]
|-damage|p1a: Slowking|50/100
|move|p1a: Slowking|Future Sight|p2a: CASPER
|-start|p1a: Slowking|move: Future Sight
|
|upkeep
|turn|14
|
|t:|1779683752
|switch|p1a: Great Tusk|Great Tusk|100/100
|-damage|p1a: Great Tusk|97/100|[from] Stealth Rock
|move|p2a: CASPER|Knock Off|p1a: Great Tusk
|-resisted|p1a: Great Tusk
|-damage|p1a: Great Tusk|84/100
|-enditem|p1a: Great Tusk|Leftovers|[from] move: Knock Off|[of] p2a: CASPER
|
|upkeep
|turn|15
|
|t:|1779683757
|switch|p2a: CODE:red|Tyranitar, M, shiny, tera:Ghost|88/100 par
|-weather|Sandstorm|[from] ability: Sand Stream|[of] p2a: CODE:red
|move|p1a: Great Tusk|Rapid Spin|p2a: CODE:red
|-immune|p2a: CODE:red
|
|-weather|Sandstorm|[upkeep]
|-damage|p2a: CODE:red|82/100 par|[from] Sandstorm
|-end|p2a: CODE:red|move: Future Sight
|-damage|p2a: CODE:red|56/100 par
|upkeep
|turn|16
|
|t:|1779683765
|-end|p1a: Great Tusk|Protosynthesis|[silent]
|switch|p1a: Slowking|Slowking-Galar, M|84/100
|-damage|p1a: Slowking|71/100|[from] Stealth Rock
|move|p2a: CODE:red|Ice Beam|p1a: Slowking
|-crit|p1a: Slowking
|-damage|p1a: Slowking|52/100
|-status|p1a: Slowking|frz
|
|-weather|Sandstorm|[upkeep]
|-damage|p2a: CODE:red|50/100 par|[from] Sandstorm
|-damage|p1a: Slowking|46/100 frz|[from] Sandstorm
|upkeep
|turn|17
|
|t:|1779683770
|switch|p1a: Great Tusk|Great Tusk|84/100
|-damage|p1a: Great Tusk|80/100|[from] Stealth Rock
|cant|p2a: CODE:red|par
|
|-weather|Sandstorm|[upkeep]
|-damage|p2a: CODE:red|44/100 par|[from] Sandstorm
|upkeep
|turn|18
|
|t:|1779683775
|move|p1a: Great Tusk|Headlong Rush|p2a: CODE:red
|-crit|p2a: CODE:red
|-damage|p2a: CODE:red|0 fnt
|-unboost|p1a: Great Tusk|def|1
|-unboost|p1a: Great Tusk|spd|1
|faint|p2a: CODE:red
|
|-weather|Sandstorm|[upkeep]
|upkeep
|
|t:|1779683786
|switch|p2a: SHOXY|Zapdos|100/100
|turn|19
|
|t:|1779683790
|-end|p1a: Great Tusk|Protosynthesis|[silent]
|switch|p1a: Slowking|Slowking-Galar, M|79/100 frz
|-damage|p1a: Slowking|67/100 frz|[from] Stealth Rock
|move|p2a: SHOXY|Hurricane|p1a: Slowking
|-damage|p1a: Slowking|6/100 frz
|-start|p1a: Slowking|confusion
|
|-weather|none
|upkeep
|turn|20
|
|t:|1779683798
|move|p2a: SHOXY|Hurricane|p1a: Slowking
|-damage|p1a: Slowking|0 fnt
|faint|p1a: Slowking
|
|upkeep
|
|t:|1779683807
|switch|p1a: Darkrai|Darkrai|100/100
|turn|21
|
|t:|1779683820
|switch|p2a: CASPER|Okidogi, M|100/100 par
|move|p1a: Darkrai|Dark Pulse|p2a: CASPER
|-resisted|p2a: CASPER
|-damage|p2a: CASPER|82/100 par
|
|-heal|p2a: CASPER|88/100 par|[from] item: Leftovers
|upkeep
|turn|22
|
|t:|1779683846
|switch|p1a: Great Tusk|Great Tusk|80/100
|-damage|p1a: Great Tusk|77/100|[from] Stealth Rock
|move|p2a: CASPER|Ice Punch|p1a: Great Tusk
|-supereffective|p1a: Great Tusk
|-damage|p1a: Great Tusk|49/100
|
|-heal|p2a: CASPER|94/100 par|[from] item: Leftovers
|upkeep
|turn|23
|
|t:|1779683858
|switch|p2a: SHOXY|Zapdos|100/100
|move|p1a: Great Tusk|Ice Spinner|p2a: SHOXY
|-supereffective|p2a: SHOXY
|-damage|p2a: SHOXY|36/100
|-status|p1a: Great Tusk|par|[from] ability: Static|[of] p2a: SHOXY
|
|upkeep
|turn|24
|
|t:|1779683861
|move|p2a: SHOXY|Hurricane|p1a: Great Tusk
|-supereffective|p1a: Great Tusk
|-damage|p1a: Great Tusk|0 fnt
|faint|p1a: Great Tusk
|-end|p1a: Great Tusk|Protosynthesis|[silent]
|
|upkeep
|
|t:|1779683866
|switch|p1a: Kyurem|Kyurem|100/100
|-damage|p1a: Kyurem|76/100|[from] Stealth Rock
|-ability|p1a: Kyurem|Pressure
|turn|25
|
|t:|1779683868
|move|p1a: Kyurem|Ice Beam|p2a: SHOXY
|-supereffective|p2a: SHOXY
|-damage|p2a: SHOXY|0 fnt
|faint|p2a: SHOXY
|
|upkeep
|
|t:|1779683875
|switch|p2a: RUNE 2H|Iron Valiant|100/100
|turn|26
|l|☆TWENNY7
|inactive|TWENNY7 disconnected and has a minute to reconnect!
|player|p2|
|inactive|yoki has 120 seconds left.
|j|☆TWENNY7
|inactive|TWENNY7 reconnected.
|player|p2|TWENNY7|hau-stance|
|
|t:|1779683928
|-terastallize|p1a: Kyurem|Ice
|move|p2a: RUNE 2H|Moonblast|p1a: Kyurem
|-damage|p1a: Kyurem|5/100
|-unboost|p1a: Kyurem|spa|1
|move|p1a: Kyurem|Ice Beam|p2a: RUNE 2H
|-damage|p2a: RUNE 2H|0 fnt
|faint|p2a: RUNE 2H
|-end|p2a: RUNE 2H|Quark Drive|[silent]
|
|upkeep
|
|t:|1779683940
|switch|p2a: Zzz|Darkrai|100/100
|turn|27
|
|t:|1779683964
|move|p2a: Zzz|Focus Blast|p1a: Kyurem
|-supereffective|p1a: Kyurem
|-damage|p1a: Kyurem|0 fnt
|faint|p1a: Kyurem
|
|upkeep
|
|t:|1779683965
|switch|p1a: Darkrai|Darkrai|100/100
|turn|28
|
|t:|1779683967
|move|p2a: Zzz|Focus Blast|p1a: Darkrai|[miss]
|-miss|p2a: Zzz|p1a: Darkrai
|move|p1a: Darkrai|Thunder Wave|p2a: Zzz
|-status|p2a: Zzz|par
|
|upkeep
|turn|29
|
|t:|1779683969
|move|p1a: Darkrai|Sludge Bomb|p2a: Zzz
|-damage|p2a: Zzz|60/100 par
|move|p2a: Zzz|Focus Blast|p1a: Darkrai|[miss]
|-miss|p2a: Zzz|p1a: Darkrai
|
|upkeep
|turn|30
|
|t:|1779683971
|move|p1a: Darkrai|Sludge Bomb|p2a: Zzz
|-damage|p2a: Zzz|19/100 par
|move|p2a: Zzz|Focus Blast|p1a: Darkrai
|-supereffective|p1a: Darkrai
|-damage|p1a: Darkrai|0 fnt
|faint|p1a: Darkrai
|
|win|TWENNY7
|raw|yoki's rating: 1384 &rarr; <strong>1368</strong><br />(-16 for losing)
|raw|TWENNY7's rating: 1449 &rarr; <strong>1465</strong><br />(+16 for winning)
|l|☆yoki
|player|p1|
|l|☆TWENNY7
|player|p2|
