|j|☆jimborri
|j|☆Eduardo3321
|t:|1779706667
|gametype|singles
|player|p1|jimborri|blackbelt|1246
|player|p2|Eduardo3321|170|1243
|gen|9
|tier|[Gen 9] OU
|rated|
|rule|HP Percentage Mod: HP is shown in percentages
|rule|Endless Battle Clause: Forcing endless battles is banned
|rule|Species Clause: Limit one of each Pokémon
|rule|OHKO Clause: OHKO moves are banned
|rule|Evasion Items Clause: Evasion items are banned
|rule|Evasion Moves Clause: Evasion moves are banned
|rule|Evasion Abilities Clause: Evasion abilities are banned
|rule|Sleep Moves Clause: Sleep-inducing moves are banned
|clearpoke
|poke|p1|Jolteon, F|
|poke|p1|Skeledirge, F|
|poke|p1|Forretress, F|
|poke|p1|Hitmonlee, M|
|poke|p1|Hydrapple, F|
|poke|p1|Cloyster, F|
|poke|p2|Grimmsnarl, M|
|poke|p2|Dragapult, M|
|poke|p2|Kingambit, M|
|poke|p2|Great Tusk|
|poke|p2|Zamazenta-*|
|poke|p2|Rillaboom, F|
|teampreview
|inactive|Battle timer is ON: inactive players will automatically lose when time's up. (requested by jimborri)
|
|t:|1779706676
|teamsize|p1|6
|teamsize|p2|6
|start
|switch|p1a: Cloyster|Cloyster, F|100/100
|switch|p2a: Grimmsnarl|Grimmsnarl, M|100/100
|turn|1
|inactive|jimborri has 120 seconds left.
|
|t:|1779706719
|move|p2a: Grimmsnarl|Parting Shot|p1a: Cloyster
|-unboost|p1a: Cloyster|atk|1
|-unboost|p1a: Cloyster|spa|1
|
|t:|1779706738
|switch|p2a: Dragapult|Dragapult, M|100/100|[from] Parting Shot
|move|p1a: Cloyster|Shell Smash|p1a: Cloyster
|-unboost|p1a: Cloyster|def|1
|-unboost|p1a: Cloyster|spd|1
|-boost|p1a: Cloyster|atk|2
|-boost|p1a: Cloyster|spa|2
|-boost|p1a: Cloyster|spe|2
|
|upkeep
|turn|2
|inactive|jimborri has 120 seconds left.
|
|t:|1779706754
|move|p1a: Cloyster|Icicle Spear|p2a: Dragapult
|-supereffective|p2a: Dragapult
|-damage|p2a: Dragapult|51/100
|-supereffective|p2a: Dragapult
|-damage|p2a: Dragapult|4/100
|-supereffective|p2a: Dragapult
|-damage|p2a: Dragapult|0 fnt
|faint|p2a: Dragapult
|-hitcount|p2: Dragapult|3
|
|upkeep
|
|t:|1779706761
|switch|p2a: Kingambit|Kingambit, M|100/100
|-activate|p2a: Kingambit|ability: Supreme Overlord
|-start|p2a: Kingambit|fallen1|[silent]
|turn|3
|
|t:|1779706768
|switch|p1a: Forretress|Forretress, F|100/100
|move|p2a: Kingambit|Sucker Punch||[still]
|-fail|p2a: Kingambit
|
|upkeep
|turn|4
|
|t:|1779706775
|move|p2a: Kingambit|Kowtow Cleave|p1a: Forretress
|-damage|p1a: Forretress|55/100
|move|p1a: Forretress|Thunder Wave|p2a: Kingambit
|-status|p2a: Kingambit|par
|
|upkeep
|turn|5
|
|t:|1779706779
|move|p1a: Forretress|Stealth Rock|p2a: Kingambit
|-sidestart|p2: Eduardo3321|move: Stealth Rock
|move|p2a: Kingambit|Kowtow Cleave|p1a: Forretress
|-damage|p1a: Forretress|9/100
|
|upkeep
|turn|6
|
|t:|1779706783
|move|p1a: Forretress|Volt Switch|p2a: Kingambit
|-damage|p2a: Kingambit|89/100 par
|
|t:|1779706789
|switch|p1a: Hitmonlee|Hitmonlee, M|100/100|[from] Volt Switch
|cant|p2a: Kingambit|par
|
|upkeep
|turn|7
|
|t:|1779706792
|move|p1a: Hitmonlee|Knock Off|p2a: Kingambit
|-resisted|p2a: Kingambit
|-damage|p2a: Kingambit|76/100 par
|-enditem|p2a: Kingambit|Black Glasses|[from] move: Knock Off|[of] p1a: Hitmonlee
|move|p2a: Kingambit|Kowtow Cleave|p1a: Hitmonlee
|-resisted|p1a: Hitmonlee
|-damage|p1a: Hitmonlee|37/100
|
|upkeep
|turn|8
|
|t:|1779706799
|move|p1a: Hitmonlee|Endure|p1a: Hitmonlee
|-singleturn|p1a: Hitmonlee|move: Endure
|move|p2a: Kingambit|Kowtow Cleave|p1a: Hitmonlee
|-resisted|p1a: Hitmonlee
|-activate|p1a: Hitmonlee|move: Endure
|-damage|p1a: Hitmonlee|1/100
|-enditem|p1a: Hitmonlee|Liechi Berry|[eat]
|-boost|p1a: Hitmonlee|atk|1|[from] item: Liechi Berry
|
|upkeep
|turn|9
|
|t:|1779706805
|move|p1a: Hitmonlee|Upper Hand||[still]
|-fail|p1a: Hitmonlee
|cant|p2a: Kingambit|par
|
|upkeep
|turn|10
|
|t:|1779706809
|move|p1a: Hitmonlee|Reversal|p2a: Kingambit
|-supereffective|p2a: Kingambit
|-damage|p2a: Kingambit|0 fnt
|faint|p2a: Kingambit
|-end|p2a: Kingambit|fallen1|[silent]
|
|upkeep
|
|t:|1779706814
|switch|p2a: Rillaboom|Rillaboom, F|100/100
|-damage|p2a: Rillaboom|88/100|[from] Stealth Rock
|-fieldstart|move: Grassy Terrain|[from] ability: Grassy Surge|[of] p2a: Rillaboom
|turn|11
|
|t:|1779706817
|move|p1a: Hitmonlee|Upper Hand|p2a: Rillaboom
|-damage|p2a: Rillaboom|41/100
|cant|p2a: Rillaboom|flinch
|
|-heal|p1a: Hitmonlee|7/100|[from] Grassy Terrain
|-heal|p2a: Rillaboom|47/100|[from] Grassy Terrain
|upkeep
|turn|12
|
|t:|1779706836
|move|p1a: Hitmonlee|Endure|p1a: Hitmonlee
|-singleturn|p1a: Hitmonlee|move: Endure
|move|p2a: Rillaboom|Grassy Glide|p1a: Hitmonlee
|-activate|p1a: Hitmonlee|move: Endure
|-damage|p1a: Hitmonlee|1/100
|
|-heal|p1a: Hitmonlee|7/100|[from] Grassy Terrain
|-heal|p2a: Rillaboom|53/100|[from] Grassy Terrain
|upkeep
|turn|13
|inactive|Eduardo3321 has 120 seconds left.
|inactive|Eduardo3321 has 90 seconds left.
|inactive|Eduardo3321 has 60 seconds left.
|inactive|Eduardo3321 has 30 seconds left.
|inactive|Eduardo3321 has 20 seconds left.
|inactive|Eduardo3321 has 15 seconds left.
|inactive|Eduardo3321 has 10 seconds left.
|inactive|Eduardo3321 has 5 seconds left.
|-message|Eduardo3321 lost due to inactivity.
|
|win|jimborri
|raw|jimborri's rating: 1246 &rarr; <strong>1271</strong><br />(+25 for winning)
|raw|Eduardo3321's rating: 1243 &rarr; <strong>1218</strong><br />(-25 for losing)
