|j|☆Miguelito027
|j|☆Free6lackpanther
|t:|1779596734
|gametype|singles
|player|p1|Miguelito027|colress|1439
|player|p2|Free6lackpanther|101|1446
|gen|9
|tier|[Gen 9] OU
|rated|
|rule|HP Percentage Mod: HP is shown in percentages
|rule|Endless Battle Clause: Forcing endless battles is banned
|rule|Species Clause: Limit one of each Pokémon
|rule|OHKO Clause: OHKO moves are banned
|rule|Evasion Items Clause: Evasion items are banned
|rule|Evasion Moves Clause: Evasion moves are banned
|rule|Evasion Abilities Clause: Evasion abilities are banned
|rule|Sleep Moves Clause: Sleep-inducing moves are banned
|clearpoke
|poke|p1|Moltres|
|poke|p1|Slowking-Galar, M|
|poke|p1|Great Tusk|
|poke|p1|Kyurem|
|poke|p1|Kingambit, M|
|poke|p1|Ogerpon-Wellspring, F|
|poke|p2|Primarina, F|
|poke|p2|Slowking-Galar, F|
|poke|p2|Great Tusk|
|poke|p2|Tyranitar, F|
|poke|p2|Scizor, F|
|poke|p2|Skeledirge, F|
|teampreview
|inactive|Battle timer is ON: inactive players will automatically lose when time's up. (requested by Free6lackpanther)
|inactive|Miguelito027 has 120 seconds left.
|
|t:|1779596770
|teamsize|p1|6
|teamsize|p2|6
|start
|switch|p1a: Great Tusk|Great Tusk|100/100
|switch|p2a: Skeledirge|Skeledirge, F|100/100
|turn|1
|
|t:|1779596787
|move|p1a: Great Tusk|Stealth Rock|p2a: Skeledirge
|-sidestart|p2: Free6lackpanther|move: Stealth Rock
|move|p2a: Skeledirge|Will-O-Wisp|p1a: Great Tusk|[miss]
|-miss|p2a: Skeledirge|p1a: Great Tusk
|
|upkeep
|turn|2
|
|t:|1779596804
|-end|p1a: Great Tusk|Protosynthesis|[silent]
|switch|p1a: Moltres|Moltres|100/100
|move|p2a: Skeledirge|Will-O-Wisp|p1a: Moltres
|-immune|p1a: Moltres
|
|upkeep
|turn|3
|
|t:|1779596812
|switch|p2a: Slowking|Slowking-Galar, F|100/100
|-damage|p2a: Slowking|88/100|[from] Stealth Rock
|move|p1a: Moltres|Flamethrower|p2a: Slowking
|-damage|p2a: Slowking|68/100
|
|-heal|p2a: Slowking|74/100|[from] item: Black Sludge
|upkeep
|turn|4
|
|t:|1779596833
|move|p2a: Slowking|Future Sight|p1a: Moltres
|-start|p2a: Slowking|move: Future Sight
|move|p1a: Moltres|Roar|p2a: Slowking
|drag|p2a: Scizor|Scizor, F|100/100
|-damage|p2a: Scizor|88/100|[from] Stealth Rock
|
|-heal|p2a: Scizor|94/100|[from] item: Leftovers
|upkeep
|turn|5
|j| Pakas123
|inactive|Miguelito027 has 120 seconds left.
|
|t:|1779596861
|switch|p2a: Primarina|Primarina, F|100/100
|-damage|p2a: Primarina|88/100|[from] Stealth Rock
|move|p1a: Moltres|Roar|p2a: Primarina
|drag|p2a: Scizor|Scizor, F|94/100
|-damage|p2a: Scizor|82/100|[from] Stealth Rock
|
|-heal|p2a: Scizor|88/100|[from] item: Leftovers
|upkeep
|turn|6
|
|t:|1779596876
|switch|p2a: Slowking|Slowking-Galar, F|100/100
|-damage|p2a: Slowking|88/100|[from] Stealth Rock
|move|p1a: Moltres|Flamethrower|p2a: Slowking
|-damage|p2a: Slowking|66/100
|
|-end|p1a: Moltres|move: Future Sight
|-damage|p1a: Moltres|52/100
|-heal|p2a: Slowking|72/100|[from] item: Black Sludge
|upkeep
|turn|7
|
|t:|1779596888
|move|p1a: Moltres|Roost|p1a: Moltres
|-heal|p1a: Moltres|100/100
|-singleturn|p1a: Moltres|move: Roost
|move|p2a: Slowking|Future Sight|p1a: Moltres
|-start|p2a: Slowking|move: Future Sight
|
|-heal|p2a: Slowking|78/100|[from] item: Black Sludge
|upkeep
|turn|8
|inactive|Miguelito027 has 120 seconds left.
|
|t:|1779596898
|-prepare|p2a: Slowking|Chilly Reception|[premajor]
|move|p2a: Slowking|Chilly Reception|p2a: Slowking
|-weather|Snowscape
|
|t:|1779596907
|switch|p2a: Primarina|Primarina, F|88/100|[from] Chilly Reception
|-damage|p2a: Primarina|76/100|[from] Stealth Rock
|move|p1a: Moltres|Roar|p2a: Primarina
|drag|p2a: Tyranitar|Tyranitar, F|100/100
|-damage|p2a: Tyranitar|88/100|[from] Stealth Rock
|-weather|Sandstorm|[from] ability: Sand Stream|[of] p2a: Tyranitar
|
|-weather|Sandstorm|[upkeep]
|-damage|p1a: Moltres|94/100|[from] Sandstorm
|upkeep
|turn|9
|
|t:|1779596921
|move|p1a: Moltres|U-turn|p2a: Tyranitar
|-supereffective|p2a: Tyranitar
|-damage|p2a: Tyranitar|59/100
|inactive|Miguelito027 has 120 seconds left.
|
|t:|1779596931
|switch|p1a: Great Tusk|Great Tusk|100/100|[from] U-turn
|move|p2a: Tyranitar|Knock Off|p1a: Great Tusk
|-resisted|p1a: Great Tusk
|-damage|p1a: Great Tusk|82/100
|-damage|p2a: Tyranitar|42/100|[from] item: Rocky Helmet|[of] p1a: Great Tusk
|-enditem|p1a: Great Tusk|Rocky Helmet|[from] move: Knock Off|[of] p2a: Tyranitar
|
|-weather|Sandstorm|[upkeep]
|-end|p1a: Great Tusk|move: Future Sight
|-supereffective|p1a: Great Tusk
|-damage|p1a: Great Tusk|0 fnt
|faint|p1a: Great Tusk
|-end|p1a: Great Tusk|Protosynthesis|[silent]
|upkeep
|inactive|Miguelito027 has 120 seconds left.
|
|t:|1779596955
|switch|p1a: Ogerpon|Ogerpon-Wellspring, F|100/100
|turn|10
|
|t:|1779596966
|move|p1a: Ogerpon|Ivy Cudgel|p2a: Tyranitar|[anim] Ivy Cudgel Water
|-supereffective|p2a: Tyranitar
|-crit|p2a: Tyranitar
|-damage|p2a: Tyranitar|0 fnt
|faint|p2a: Tyranitar
|
|-weather|Sandstorm|[upkeep]
|-damage|p1a: Ogerpon|95/100|[from] Sandstorm
|upkeep
|
|t:|1779596975
|switch|p2a: Skeledirge|Skeledirge, F|100/100
|-damage|p2a: Skeledirge|75/100|[from] Stealth Rock
|turn|11
|
|t:|1779596984
|switch|p1a: Moltres|Moltres|94/100
|-terastallize|p2a: Skeledirge|Fairy
|move|p2a: Skeledirge|Will-O-Wisp|p1a: Moltres
|-immune|p1a: Moltres
|
|-weather|Sandstorm|[upkeep]
|-damage|p1a: Moltres|88/100|[from] Sandstorm
|-damage|p2a: Skeledirge|69/100|[from] Sandstorm
|-heal|p2a: Skeledirge|75/100|[from] item: Leftovers
|upkeep
|turn|12
|
|t:|1779596997
|move|p1a: Moltres|Flamethrower|p2a: Skeledirge
|-damage|p2a: Skeledirge|35/100
|move|p2a: Skeledirge|Slack Off|p2a: Skeledirge
|-heal|p2a: Skeledirge|85/100
|
|-weather|none
|-heal|p2a: Skeledirge|92/100|[from] item: Leftovers
|upkeep
|turn|13
|
|t:|1779597011
|switch|p2a: Slowking|Slowking-Galar, F|100/100
|-damage|p2a: Slowking|88/100|[from] Stealth Rock
|move|p1a: Moltres|Roar|p2a: Slowking
|drag|p2a: Great Tusk|Great Tusk|100/100
|-damage|p2a: Great Tusk|98/100|[from] Stealth Rock
|-enditem|p2a: Great Tusk|Booster Energy
|-activate|p2a: Great Tusk|ability: Protosynthesis|[fromitem]
|-start|p2a: Great Tusk|protosynthesisatk
|
|upkeep
|turn|14
|
|t:|1779597025
|move|p1a: Moltres|Flamethrower|p2a: Great Tusk
|-damage|p2a: Great Tusk|36/100
|move|p2a: Great Tusk|Stealth Rock|p1a: Moltres
|-sidestart|p1: Miguelito027|move: Stealth Rock
|
|upkeep
|turn|15
|
|t:|1779597039
|-end|p2a: Great Tusk|Protosynthesis|[silent]
|switch|p2a: Slowking|Slowking-Galar, F|100/100
|-damage|p2a: Slowking|88/100|[from] Stealth Rock
|move|p1a: Moltres|Flamethrower|p2a: Slowking
|-damage|p2a: Slowking|66/100
|
|-heal|p2a: Slowking|72/100|[from] item: Black Sludge
|upkeep
|turn|16
|
|t:|1779597049
|move|p2a: Slowking|Trick|p1a: Moltres
|-activate|p2a: Slowking|move: Trick|[of] p1a: Moltres
|-item|p1a: Moltres|Black Sludge|[from] move: Trick
|-item|p2a: Slowking|Heavy-Duty Boots|[from] move: Trick
|move|p1a: Moltres|Roar|p2a: Slowking
|drag|p2a: Scizor|Scizor, F|88/100
|-damage|p2a: Scizor|75/100|[from] Stealth Rock
|
|-damage|p1a: Moltres|76/100|[from] item: Black Sludge
|-heal|p2a: Scizor|81/100|[from] item: Leftovers
|upkeep
|turn|17
|
|t:|1779597072
|switch|p2a: Slowking|Slowking-Galar, F|100/100
|move|p1a: Moltres|U-turn|p2a: Slowking
|-damage|p2a: Slowking|84/100
|inactive|Miguelito027 has 120 seconds left.
|
|t:|1779597096
|switch|p1a: Kingambit|Kingambit, M|100/100|[from] U-turn
|-damage|p1a: Kingambit|94/100|[from] Stealth Rock
|-activate|p1a: Kingambit|ability: Supreme Overlord
|-start|p1a: Kingambit|fallen1|[silent]
|
|upkeep
|turn|18
|inactive|Miguelito027 has 120 seconds left.
|
|t:|1779597105
|move|p1a: Kingambit|Swords Dance|p1a: Kingambit
|-boost|p1a: Kingambit|atk|2
|-prepare|p2a: Slowking|Chilly Reception|[premajor]
|move|p2a: Slowking|Chilly Reception|p2a: Slowking
|-weather|Snowscape
|
|t:|1779597111
|switch|p2a: Skeledirge|Skeledirge, F, tera:Fairy|92/100|[from] Chilly Reception
|-damage|p2a: Skeledirge|79/100|[from] Stealth Rock
|
|-weather|Snowscape|[upkeep]
|-heal|p2a: Skeledirge|85/100|[from] item: Leftovers
|upkeep
|turn|19
|
|t:|1779597126
|-terastallize|p1a: Kingambit|Flying
|move|p2a: Skeledirge|Will-O-Wisp|p1a: Kingambit
|-status|p1a: Kingambit|brn
|move|p1a: Kingambit|Iron Head|p2a: Skeledirge
|-supereffective|p2a: Skeledirge
|-damage|p2a: Skeledirge|54/100
|
|-weather|Snowscape|[upkeep]
|-heal|p2a: Skeledirge|60/100|[from] item: Leftovers
|-damage|p1a: Kingambit|88/100 brn|[from] brn
|upkeep
|turn|20
|
|t:|1779597138
|move|p2a: Skeledirge|Slack Off|p2a: Skeledirge
|-heal|p2a: Skeledirge|100/100
|move|p1a: Kingambit|Iron Head|p2a: Skeledirge
|-supereffective|p2a: Skeledirge
|-damage|p2a: Skeledirge|67/100
|
|-weather|Snowscape|[upkeep]
|-heal|p2a: Skeledirge|73/100|[from] item: Leftovers
|-damage|p1a: Kingambit|82/100 brn|[from] brn
|upkeep
|turn|21
|
|t:|1779597148
|move|p2a: Skeledirge|Torch Song|p1a: Kingambit
|-damage|p1a: Kingambit|55/100 brn
|-boost|p2a: Skeledirge|spa|1
|move|p1a: Kingambit|Swords Dance|p1a: Kingambit
|-boost|p1a: Kingambit|atk|2
|
|-weather|Snowscape|[upkeep]
|-heal|p2a: Skeledirge|79/100|[from] item: Leftovers
|-damage|p1a: Kingambit|49/100 brn|[from] brn
|upkeep
|turn|22
|
|t:|1779597163
|move|p2a: Skeledirge|Slack Off|p2a: Skeledirge
|-heal|p2a: Skeledirge|100/100
|move|p1a: Kingambit|Iron Head|p2a: Skeledirge
|-supereffective|p2a: Skeledirge
|-damage|p2a: Skeledirge|68/100
|
|-weather|none
|-heal|p2a: Skeledirge|74/100|[from] item: Leftovers
|-damage|p1a: Kingambit|43/100 brn|[from] brn
|upkeep
|turn|23
|
|t:|1779597176
|move|p2a: Skeledirge|Torch Song|p1a: Kingambit
|-damage|p1a: Kingambit|0 fnt
|-boost|p2a: Skeledirge|spa|1
|faint|p1a: Kingambit
|-end|p1a: Kingambit|fallen1|[silent]
|
|-heal|p2a: Skeledirge|80/100|[from] item: Leftovers
|upkeep
|
|t:|1779597196
|switch|p1a: Slowking|Slowking-Galar, M, shiny|100/100
|-damage|p1a: Slowking|88/100|[from] Stealth Rock
|turn|24
|
|t:|1779597204
|move|p2a: Skeledirge|Torch Song|p1a: Slowking
|-damage|p1a: Slowking|50/100
|-boost|p2a: Skeledirge|spa|1
|move|p1a: Slowking|Sludge Bomb|p2a: Skeledirge
|-supereffective|p2a: Skeledirge
|-damage|p2a: Skeledirge|5/100
|-status|p2a: Skeledirge|psn
|
|-heal|p2a: Skeledirge|11/100 psn|[from] item: Leftovers
|-damage|p2a: Skeledirge|0 fnt|[from] psn
|faint|p2a: Skeledirge
|upkeep
|
|t:|1779597218
|switch|p2a: Great Tusk|Great Tusk|36/100
|-damage|p2a: Great Tusk|33/100|[from] Stealth Rock
|turn|25
|
|t:|1779597235
|move|p2a: Great Tusk|Rapid Spin|p1a: Slowking
|-damage|p1a: Slowking|30/100
|-boost|p2a: Great Tusk|spe|1
|-sideend|p2: Free6lackpanther|Stealth Rock|[from] move: Rapid Spin|[of] p2a: Great Tusk
|-prepare|p1a: Slowking|Chilly Reception|[premajor]
|move|p1a: Slowking|Chilly Reception|p1a: Slowking
|-weather|Snowscape
|inactive|Miguelito027 has 120 seconds left.
|
|t:|1779597263
|switch|p1a: Kyurem|Kyurem, shiny|100/100|[from] Chilly Reception
|-damage|p1a: Kyurem|76/100|[from] Stealth Rock
|-ability|p1a: Kyurem|Pressure
|
|-weather|Snowscape|[upkeep]
|upkeep
|turn|26
|
|t:|1779597274
|move|p1a: Kyurem|Blizzard|p2a: Great Tusk
|-supereffective|p2a: Great Tusk
|-damage|p2a: Great Tusk|0 fnt
|faint|p2a: Great Tusk
|-end|p2a: Great Tusk|Protosynthesis|[silent]
|
|-weather|Snowscape|[upkeep]
|upkeep
|
|t:|1779597280
|switch|p2a: Scizor|Scizor, F|81/100
|turn|27
|
|t:|1779597295
|switch|p1a: Moltres|Moltres|76/100
|-damage|p1a: Moltres|26/100|[from] Stealth Rock
|move|p2a: Scizor|Bullet Punch|p1a: Moltres
|-resisted|p1a: Moltres
|-damage|p1a: Moltres|15/100
|
|-weather|Snowscape|[upkeep]
|-damage|p1a: Moltres|2/100|[from] item: Black Sludge
|-heal|p2a: Scizor|87/100|[from] item: Leftovers
|upkeep
|turn|28
|
|t:|1779597306
|move|p2a: Scizor|Bullet Punch|p1a: Moltres
|-resisted|p1a: Moltres
|-damage|p1a: Moltres|0 fnt
|-status|p2a: Scizor|brn|[from] ability: Flame Body|[of] p1a: Moltres
|faint|p1a: Moltres
|
|-weather|Snowscape|[upkeep]
|-heal|p2a: Scizor|93/100 brn|[from] item: Leftovers
|-damage|p2a: Scizor|87/100 brn|[from] brn
|upkeep
|
|t:|1779597317
|switch|p1a: Slowking|Slowking-Galar, M, shiny|63/100
|-damage|p1a: Slowking|50/100|[from] Stealth Rock
|turn|29
|
|t:|1779597321
|move|p2a: Scizor|Knock Off|p1a: Slowking
|-supereffective|p1a: Slowking
|-enditem|p1a: Slowking|Colbur Berry|[eat]
|-enditem|p1a: Slowking|Colbur Berry|[weaken]
|-damage|p1a: Slowking|32/100
|move|p1a: Slowking|Flamethrower|p2a: Scizor
|-supereffective|p2a: Scizor
|-damage|p2a: Scizor|0 fnt
|faint|p2a: Scizor
|
|-weather|none
|upkeep
|
|t:|1779597340
|switch|p2a: Primarina|Primarina, F|76/100
|turn|30
|
|t:|1779597349
|move|p2a: Primarina|Psychic Noise|p1a: Slowking
|-damage|p1a: Slowking|4/100
|-start|p1a: Slowking|move: Heal Block
|move|p1a: Slowking|Sludge Bomb|p2a: Primarina
|-supereffective|p2a: Primarina
|-damage|p2a: Primarina|33/100
|
|upkeep
|turn|31
|
|t:|1779597366
|move|p2a: Primarina|Moonblast|p1a: Slowking
|-resisted|p1a: Slowking
|-damage|p1a: Slowking|0 fnt
|faint|p1a: Slowking
|
|upkeep
|
|t:|1779597368
|switch|p1a: Ogerpon|Ogerpon-Wellspring, F|95/100
|-damage|p1a: Ogerpon|82/100|[from] Stealth Rock
|turn|32
|
|t:|1779597375
|move|p1a: Ogerpon|Wood Hammer|p2a: Primarina
|-supereffective|p2a: Primarina
|-damage|p2a: Primarina|0 fnt
|faint|p2a: Primarina
|-damage|p1a: Ogerpon|69/100|[from] Recoil
|
|upkeep
|
|t:|1779597381
|switch|p2a: Slowking|Slowking-Galar, F|100/100
|turn|33
|
|t:|1779597388
|move|p1a: Ogerpon|Ivy Cudgel|p2a: Slowking|[anim] Ivy Cudgel Water
|-damage|p2a: Slowking|39/100
|move|p2a: Slowking|Ice Beam|p1a: Ogerpon
|-damage|p1a: Ogerpon|41/100
|
|upkeep
|turn|34
|
|t:|1779597394
|move|p1a: Ogerpon|Ivy Cudgel|p2a: Slowking|[anim] Ivy Cudgel Water
|-damage|p2a: Slowking|0 fnt
|faint|p2a: Slowking
|
|win|Miguelito027
|raw|Miguelito027's rating: 1439 &rarr; <strong>1459</strong><br />(+20 for winning)
|raw|Free6lackpanther's rating: 1446 &rarr; <strong>1426</strong><br />(-20 for losing)
|l|☆Free6lackpanther
|player|p2|
|c|☆Miguelito027|Gg
|l| Pakas123
|l|☆Miguelito027
|player|p1|
