|j|☆t0usei
|j|☆sickofme
|t:|1779708485
|gametype|singles
|player|p1|t0usei|ghetsis|1599
|player|p2|sickofme|miku-water|1569
|gen|9
|tier|[Gen 9] OU
|rated|
|rule|HP Percentage Mod: HP is shown in percentages
|rule|Endless Battle Clause: Forcing endless battles is banned
|rule|Species Clause: Limit one of each Pokémon
|rule|OHKO Clause: OHKO moves are banned
|rule|Evasion Items Clause: Evasion items are banned
|rule|Evasion Moves Clause: Evasion moves are banned
|rule|Evasion Abilities Clause: Evasion abilities are banned
|rule|Sleep Moves Clause: Sleep-inducing moves are banned
|clearpoke
|poke|p1|Ogerpon, F|
|poke|p1|Samurott-Hisui, F|
|poke|p1|Blissey, F|
|poke|p1|Skarmory, F|
|poke|p1|Pecharunt|
|poke|p1|Gliscor, F|
|poke|p2|Ogerpon-Wellspring, F|
|poke|p2|Zamazenta-*|
|poke|p2|Iron Treads|
|poke|p2|Gliscor, M|
|poke|p2|Moltres|
|poke|p2|Lokix, F|
|teampreview
|inactive|Battle timer is ON: inactive players will automatically lose when time's up. (requested by t0usei)
|
|t:|1779708496
|teamsize|p1|6
|teamsize|p2|6
|start
|switch|p1a: Samurott|Samurott-Hisui, F|100/100
|switch|p2a: Lokix|Lokix, F|100/100
|turn|1
|
|t:|1779708500
|switch|p1a: Skarmory|Skarmory, F|100/100
|move|p2a: Lokix|U-turn|p1a: Skarmory
|-resisted|p1a: Skarmory
|-damage|p1a: Skarmory|87/100
|
|t:|1779708507
|switch|p2a: Moltres|Moltres|100/100|[from] U-turn
|
|upkeep
|turn|2
|
|t:|1779708518
|switch|p1a: Gliscor|Gliscor, F, shiny|100/100
|move|p2a: Moltres|U-turn|p1a: Gliscor
|-resisted|p1a: Gliscor
|-damage|p1a: Gliscor|95/100
|
|t:|1779708525
|switch|p2a: Ogerpon|Ogerpon-Wellspring, F|100/100|[from] U-turn
|
|-status|p1a: Gliscor|tox|[from] item: Toxic Orb
|upkeep
|turn|3
|
|t:|1779708531
|switch|p1a: Skarmory|Skarmory, F|87/100
|move|p2a: Ogerpon|Spikes|p1a: Skarmory
|-sidestart|p1: t0usei|Spikes
|
|upkeep
|turn|4
|
|t:|1779708537
|switch|p2a: Moltres|Moltres|100/100
|move|p1a: Skarmory|Stealth Rock|p2a: Moltres
|-sidestart|p2: sickofme|move: Stealth Rock
|
|upkeep
|turn|5
|
|t:|1779708539
|switch|p1a: Gliscor|Gliscor, F, shiny|95/100 tox
|move|p2a: Moltres|Flamethrower|p1a: Gliscor
|-damage|p1a: Gliscor|57/100 tox
|
|-heal|p1a: Gliscor|70/100 tox|[from] ability: Poison Heal
|upkeep
|turn|6
|
|t:|1779708545
|switch|p2a: Iron Treads|Iron Treads|100/100
|-damage|p2a: Iron Treads|98/100|[from] Stealth Rock
|move|p1a: Gliscor|Protect||[still]
|-fail|p1a: Gliscor
|
|-heal|p2a: Iron Treads|100/100|[from] item: Leftovers
|-heal|p1a: Gliscor|82/100 tox|[from] ability: Poison Heal
|upkeep
|turn|7
|inactive|sickofme has 120 seconds left.
|
|t:|1779708592
|move|p2a: Iron Treads|Rapid Spin|p1a: Gliscor
|-damage|p1a: Gliscor|73/100 tox
|-boost|p2a: Iron Treads|spe|1
|-sideend|p2: sickofme|Stealth Rock|[from] move: Rapid Spin|[of] p2a: Iron Treads
|move|p1a: Gliscor|Earthquake|p2a: Iron Treads
|-supereffective|p2a: Iron Treads
|-damage|p2a: Iron Treads|48/100
|
|-heal|p2a: Iron Treads|54/100|[from] item: Leftovers
|-heal|p1a: Gliscor|85/100 tox|[from] ability: Poison Heal
|upkeep
|turn|8
|
|t:|1779708597
|move|p2a: Iron Treads|Stealth Rock|p1a: Gliscor
|-sidestart|p1: t0usei|move: Stealth Rock
|move|p1a: Gliscor|Earthquake|p2a: Iron Treads
|-supereffective|p2a: Iron Treads
|-damage|p2a: Iron Treads|7/100
|
|-heal|p2a: Iron Treads|13/100|[from] item: Leftovers
|-heal|p1a: Gliscor|98/100 tox|[from] ability: Poison Heal
|upkeep
|turn|9
|
|t:|1779708602
|-end|p2a: Iron Treads|Quark Drive|[silent]
|switch|p2a: Ogerpon|Ogerpon-Wellspring, F|100/100
|move|p1a: Gliscor|Earthquake|p2a: Ogerpon
|-resisted|p2a: Ogerpon
|-damage|p2a: Ogerpon|81/100
|
|-heal|p1a: Gliscor|100/100 tox|[from] ability: Poison Heal
|upkeep
|turn|10
|
|t:|1779708607
|move|p2a: Ogerpon|Ivy Cudgel|p1a: Gliscor|[anim] Ivy Cudgel Water
|-supereffective|p1a: Gliscor
|-damage|p1a: Gliscor|17/100 tox
|move|p1a: Gliscor|U-turn|p2a: Ogerpon
|-supereffective|p2a: Ogerpon
|-damage|p2a: Ogerpon|38/100
|
|t:|1779708611
|switch|p1a: Skarmory|Skarmory, F|87/100|[from] U-turn
|
|upkeep
|turn|11
|
|t:|1779708613
|move|p2a: Ogerpon|Ivy Cudgel|p1a: Skarmory|[anim] Ivy Cudgel Water
|-damage|p1a: Skarmory|55/100
|move|p1a: Skarmory|Stealth Rock|p2a: Ogerpon
|-sidestart|p2: sickofme|move: Stealth Rock
|
|upkeep
|turn|12
|
|t:|1779708618
|move|p2a: Ogerpon|Encore|p1a: Skarmory
|-start|p1a: Skarmory|Encore
|move|p1a: Skarmory|Stealth Rock||[still]
|-fail|p1a: Skarmory
|
|upkeep
|turn|13
|
|t:|1779708621
|switch|p1a: Ogerpon|Ogerpon, F|100/100
|move|p2a: Ogerpon|Ivy Cudgel|p1a: Ogerpon|[anim] Ivy Cudgel Water
|-resisted|p1a: Ogerpon
|-damage|p1a: Ogerpon|61/100
|
|upkeep
|turn|14
|
|t:|1779708628
|switch|p2a: Iron Treads|Iron Treads|13/100
|-damage|p2a: Iron Treads|10/100|[from] Stealth Rock
|move|p1a: Ogerpon|Knock Off|p2a: Iron Treads
|-damage|p2a: Iron Treads|0 fnt
|-enditem|p2a: Iron Treads|Leftovers|[from] move: Knock Off|[of] p1a: Ogerpon
|faint|p2a: Iron Treads
|-end|p2a: Iron Treads|Quark Drive|[silent]
|
|upkeep
|
|t:|1779708633
|switch|p2a: Lokix|Lokix, F|100/100
|-damage|p2a: Lokix|76/100|[from] Stealth Rock
|turn|15
|
|t:|1779708641
|move|p1a: Ogerpon|U-turn|p2a: Lokix
|-supereffective|p2a: Lokix
|-damage|p2a: Lokix|4/100
|
|t:|1779708649
|switch|p1a: Skarmory|Skarmory, F|55/100|[from] U-turn
|move|p2a: Lokix|U-turn|p1a: Skarmory
|-resisted|p1a: Skarmory
|-damage|p1a: Skarmory|38/100
|inactive|sickofme has 120 seconds left.
|inactive|sickofme has 90 seconds left.
|
|t:|1779708711
|switch|p2a: Moltres|Moltres|100/100|[from] U-turn
|
|upkeep
|turn|16
|
|t:|1779708716
|switch|p1a: Samurott|Samurott-Hisui, F|100/100
|move|p2a: Moltres|Flamethrower|p1a: Samurott
|-resisted|p1a: Samurott
|-damage|p1a: Samurott|70/100
|
|upkeep
|turn|17
|
|t:|1779708722
|move|p1a: Samurott|Knock Off|p2a: Moltres
|-damage|p2a: Moltres|67/100
|-status|p1a: Samurott|brn|[from] ability: Flame Body|[of] p2a: Moltres
|-enditem|p2a: Moltres|Heavy-Duty Boots|[from] move: Knock Off|[of] p1a: Samurott
|move|p2a: Moltres|U-turn|p1a: Samurott
|-supereffective|p1a: Samurott
|-damage|p1a: Samurott|34/100 brn
|
|t:|1779708729
|switch|p2a: Gliscor|Gliscor, M|100/100|[from] U-turn
|-damage|p2a: Gliscor|88/100|[from] Stealth Rock
|
|-damage|p1a: Samurott|28/100 brn|[from] brn
|-status|p2a: Gliscor|tox|[from] item: Toxic Orb
|upkeep
|turn|18
|inactive|sickofme has 120 seconds left.
|
|t:|1779708738
|-terastallize|p2a: Gliscor|Normal
|move|p2a: Gliscor|Agility|p2a: Gliscor
|-boost|p2a: Gliscor|spe|2
|move|p1a: Samurott|Ceaseless Edge|p2a: Gliscor
|-damage|p2a: Gliscor|65/100 tox
|-sidestart|p2: sickofme|Spikes
|
|-heal|p2a: Gliscor|77/100 tox|[from] ability: Poison Heal
|-damage|p1a: Samurott|22/100 brn|[from] brn
|upkeep
|turn|19
|
|t:|1779708742
|move|p2a: Gliscor|Swords Dance|p2a: Gliscor
|-boost|p2a: Gliscor|atk|2
|move|p1a: Samurott|Encore|p2a: Gliscor
|-start|p2a: Gliscor|Encore
|
|-heal|p2a: Gliscor|90/100 tox|[from] ability: Poison Heal
|-damage|p1a: Samurott|16/100 brn|[from] brn
|upkeep
|turn|20
|
|t:|1779708747
|move|p2a: Gliscor|Swords Dance|p2a: Gliscor
|-boost|p2a: Gliscor|atk|2
|move|p1a: Samurott|Ceaseless Edge|p2a: Gliscor
|-damage|p2a: Gliscor|67/100 tox
|-sidestart|p2: sickofme|Spikes
|
|-heal|p2a: Gliscor|80/100 tox|[from] ability: Poison Heal
|-damage|p1a: Samurott|10/100 brn|[from] brn
|upkeep
|turn|21
|
|t:|1779708751
|move|p2a: Gliscor|Swords Dance|p2a: Gliscor
|-boost|p2a: Gliscor|atk|2
|move|p1a: Samurott|Ceaseless Edge|p2a: Gliscor
|-damage|p2a: Gliscor|55/100 tox
|-sidestart|p2: sickofme|Spikes
|
|-heal|p2a: Gliscor|68/100 tox|[from] ability: Poison Heal
|-damage|p1a: Samurott|3/100 brn|[from] brn
|upkeep
|turn|22
|
|t:|1779708754
|move|p2a: Gliscor|Swords Dance|p2a: Gliscor
|-boost|p2a: Gliscor|atk|0
|move|p1a: Samurott|Ceaseless Edge|p2a: Gliscor
|-damage|p2a: Gliscor|46/100 tox
|
|-heal|p2a: Gliscor|58/100 tox|[from] ability: Poison Heal
|-damage|p1a: Samurott|0 fnt|[from] brn
|faint|p1a: Samurott
|-end|p2a: Gliscor|Encore
|upkeep
|j| cachowcapow
|
|t:|1779708771
|switch|p1a: Pecharunt|Pecharunt|100/100
|turn|23
|
|t:|1779708779
|move|p2a: Gliscor|Earthquake|p1a: Pecharunt
|-supereffective|p1a: Pecharunt
|-damage|p1a: Pecharunt|0 fnt
|faint|p1a: Pecharunt
|
|-heal|p2a: Gliscor|71/100 tox|[from] ability: Poison Heal
|upkeep
|
|t:|1779708782
|switch|p1a: Ogerpon|Ogerpon, F|61/100
|turn|24
|
|t:|1779708788
|-terastallize|p1a: Ogerpon|Grass
|detailschange|p1a: Ogerpon|Ogerpon-Teal-Tera, F, tera:Grass
|-ability|p1a: Ogerpon|Embody Aspect (Teal)|boost
|-boost|p1a: Ogerpon|spe|1
|move|p2a: Gliscor|Facade|p1a: Ogerpon
|-damage|p1a: Ogerpon|0 fnt
|faint|p1a: Ogerpon
|detailschange|p1: Ogerpon|Ogerpon, F|[silent]
|
|-heal|p2a: Gliscor|83/100 tox|[from] ability: Poison Heal
|upkeep
|
|t:|1779708798
|switch|p1a: Skarmory|Skarmory, F|38/100
|turn|25
|
|t:|1779708801
|move|p2a: Gliscor|Facade|p1a: Skarmory
|-resisted|p1a: Skarmory
|-damage|p1a: Skarmory|0 fnt
|faint|p1a: Skarmory
|
|-heal|p2a: Gliscor|95/100 tox|[from] ability: Poison Heal
|upkeep
|-message|t0usei forfeited.
|
|win|sickofme
|raw|t0usei's rating: 1599 &rarr; <strong>1577</strong><br />(-22 for losing)
|raw|sickofme's rating: 1569 &rarr; <strong>1591</strong><br />(+22 for winning)
|l|☆t0usei
|player|p1|
|l|☆sickofme
|player|p2|
|l| cachowcapow
