|j|☆fato_360
|j|☆Sofaniyas
|t:|1779697171
|gametype|singles
|player|p1|fato_360|swimmerf|1110
|player|p2|Sofaniyas|102|1077
|gen|9
|tier|[Gen 9] OU
|rated|
|rule|HP Percentage Mod: HP is shown in percentages
|rule|Endless Battle Clause: Forcing endless battles is banned
|rule|Species Clause: Limit one of each Pokémon
|rule|OHKO Clause: OHKO moves are banned
|rule|Evasion Items Clause: Evasion items are banned
|rule|Evasion Moves Clause: Evasion moves are banned
|rule|Evasion Abilities Clause: Evasion abilities are banned
|rule|Sleep Moves Clause: Sleep-inducing moves are banned
|clearpoke
|poke|p1|Primarina, F|
|poke|p1|Glimmora, F|
|poke|p1|Gholdengo|
|poke|p1|Garganacl, M|
|poke|p1|Incineroar, F|
|poke|p1|Mamoswine, F|
|poke|p2|Garchomp, M|
|poke|p2|Darkrai|
|poke|p2|Gholdengo|
|poke|p2|Ogerpon-Wellspring, F|
|poke|p2|Iron Valiant|
|poke|p2|Iron Treads|
|teampreview
|
|t:|1779697184
|teamsize|p1|6
|teamsize|p2|6
|start
|switch|p1a: that guy|Incineroar, F|100/100
|switch|p2a: Garchomp|Garchomp, M|100/100
|-ability|p1a: that guy|Intimidate|boost
|-unboost|p2a: Garchomp|atk|1
|turn|1
|
|t:|1779697192
|move|p1a: that guy|Fake Out|p2a: Garchomp
|-damage|p2a: Garchomp|88/100
|-damage|p1a: that guy|88/100|[from] ability: Rough Skin|[of] p2a: Garchomp
|-damage|p1a: that guy|72/100|[from] item: Rocky Helmet|[of] p2a: Garchomp
|cant|p2a: Garchomp|flinch
|
|upkeep
|turn|2
|
|t:|1779697201
|move|p1a: that guy|Fake Out||[still]
|-hint|Fake Out only works on your first turn out.
|-fail|p1a: that guy
|move|p2a: Garchomp|Spikes|p1a: that guy
|-sidestart|p1: fato_360|Spikes
|
|upkeep
|turn|3
|
|t:|1779697210
|move|p1a: that guy|Fake Out||[still]
|-hint|Fake Out only works on your first turn out.
|-fail|p1a: that guy
|move|p2a: Garchomp|Spikes|p1a: that guy
|-sidestart|p1: fato_360|Spikes
|
|upkeep
|turn|4
|
|t:|1779697216
|move|p1a: that guy|Fake Out||[still]
|-hint|Fake Out only works on your first turn out.
|-fail|p1a: that guy
|move|p2a: Garchomp|Stealth Rock|p1a: that guy
|-sidestart|p1: fato_360|move: Stealth Rock
|
|upkeep
|turn|5
|
|t:|1779697222
|move|p1a: that guy|Fake Out||[still]
|-hint|Fake Out only works on your first turn out.
|-fail|p1a: that guy
|move|p2a: Garchomp|Spikes|p1a: that guy
|-sidestart|p1: fato_360|Spikes
|
|upkeep
|turn|6
|c|☆fato_360|fake out or nothing
|
|t:|1779697234
|move|p1a: that guy|Fake Out||[still]
|-hint|Fake Out only works on your first turn out.
|-fail|p1a: that guy
|move|p2a: Garchomp|Stealth Rock||[still]
|-fail|p2a: Garchomp
|
|upkeep
|turn|7
|c|☆Sofaniyas|hahahhaha
|c|☆Sofaniyas|it nly works first turn
|
|t:|1779697245
|move|p1a: that guy|Fake Out||[still]
|-hint|Fake Out only works on your first turn out.
|-fail|p1a: that guy
|move|p2a: Garchomp|Stealth Rock||[still]
|-fail|p2a: Garchomp
|
|upkeep
|turn|8
|c|☆fato_360|and?
|
|t:|1779697258
|move|p1a: that guy|Fake Out||[still]
|-hint|Fake Out only works on your first turn out.
|-fail|p1a: that guy
|move|p2a: Garchomp|Spikes||[still]
|-fail|p2a: Garchomp
|
|upkeep
|turn|9
|
|t:|1779697263
|move|p1a: that guy|Fake Out||[still]
|-hint|Fake Out only works on your first turn out.
|-fail|p1a: that guy
|move|p2a: Garchomp|Stealth Rock||[still]
|-fail|p2a: Garchomp
|
|upkeep
|turn|10
|
|t:|1779697271
|move|p1a: that guy|Fake Out||[still]
|-hint|Fake Out only works on your first turn out.
|-fail|p1a: that guy
|move|p2a: Garchomp|Dragon Tail|p1a: that guy
|-damage|p1a: that guy|56/100
|drag|p1a: Judaism|Gholdengo|100/100
|-damage|p1a: Judaism|76/100|[from] Spikes
|-damage|p1a: Judaism|70/100|[from] Stealth Rock
|
|upkeep
|turn|11
|
|t:|1779697284
|-terastallize|p2a: Garchomp|Ghost
|move|p1a: Judaism|Make It Rain|p2a: Garchomp
|-damage|p2a: Garchomp|0 fnt
|-unboost|p1a: Judaism|spa|1
|faint|p2a: Garchomp
|
|upkeep
|
|t:|1779697292
|switch|p2a: Darkrai|Darkrai|100/100
|turn|12
|
|t:|1779697299
|-terastallize|p1a: Judaism|Steel
|move|p2a: Darkrai|Knock Off|p1a: Judaism
|-damage|p1a: Judaism|34/100
|-enditem|p1a: Judaism|Choice Specs|[from] move: Knock Off|[of] p2a: Darkrai
|move|p1a: Judaism|Make It Rain|p2a: Darkrai
|-damage|p2a: Darkrai|15/100
|-unboost|p1a: Judaism|spa|1
|
|upkeep
|turn|13
|
|t:|1779697310
|move|p2a: Darkrai|Knock Off|p1a: Judaism
|-damage|p1a: Judaism|10/100
|move|p1a: Judaism|Low Kick|p2a: Darkrai
|-supereffective|p2a: Darkrai
|-damage|p2a: Darkrai|0 fnt
|faint|p2a: Darkrai
|
|upkeep
|
|t:|1779697316
|switch|p2a: Gholdengo|Gholdengo|100/100
|-item|p2a: Gholdengo|Air Balloon
|turn|14
|
|t:|1779697326
|move|p1a: Judaism|Hex|p2a: Gholdengo
|-supereffective|p2a: Gholdengo
|-damage|p2a: Gholdengo|64/100
|-enditem|p2a: Gholdengo|Air Balloon
|move|p2a: Gholdengo|Make It Rain|p1a: Judaism
|-resisted|p1a: Judaism
|-damage|p1a: Judaism|0 fnt
|-unboost|p2a: Gholdengo|spa|1
|faint|p1a: Judaism
|
|upkeep
|
|t:|1779697344
|switch|p1a: that guy|Incineroar, F|56/100
|-damage|p1a: that guy|31/100|[from] Spikes
|-damage|p1a: that guy|7/100|[from] Stealth Rock
|-ability|p1a: that guy|Intimidate|boost
|-unboost|p2a: Gholdengo|atk|1
|turn|15
|
|t:|1779697352
|move|p2a: Gholdengo|Thunder Wave|p1a: that guy|[miss]
|-miss|p2a: Gholdengo|p1a: that guy
|move|p1a: that guy|Flare Blitz|p2a: Gholdengo
|-supereffective|p2a: Gholdengo
|-damage|p2a: Gholdengo|0 fnt
|faint|p2a: Gholdengo
|-damage|p1a: that guy|0 fnt|[from] Recoil
|faint|p1a: that guy
|
|upkeep
|
|t:|1779697365
|switch|p2a: Ogerpon|Ogerpon-Wellspring, F|100/100
|switch|p1a: I like salt|Garganacl, M, shiny|100/100
|turn|16
|
|t:|1779697378
|move|p2a: Ogerpon|Ivy Cudgel|p1a: I like salt|[anim] Ivy Cudgel Water
|-supereffective|p1a: I like salt
|-crit|p1a: I like salt
|-damage|p1a: I like salt|14/100
|move|p1a: I like salt|Stone Edge|p2a: Ogerpon
|-damage|p2a: Ogerpon|63/100
|
|upkeep
|turn|17
|
|t:|1779697391
|switch|p1a: flower thingy|Glimmora, F|100/100
|-damage|p1a: flower thingy|76/100|[from] Spikes
|-damage|p1a: flower thingy|63/100|[from] Stealth Rock
|move|p2a: Ogerpon|Ivy Cudgel|p1a: flower thingy|[anim] Ivy Cudgel Water
|-supereffective|p1a: flower thingy
|-damage|p1a: flower thingy|0 fnt
|faint|p1a: flower thingy
|
|upkeep
|
|t:|1779697400
|switch|p1a: guy from ice age|Mamoswine, F|100/100
|-damage|p1a: guy from ice age|76/100|[from] Spikes
|-damage|p1a: guy from ice age|63/100|[from] Stealth Rock
|turn|18
|
|t:|1779697408
|move|p2a: Ogerpon|Ivy Cudgel|p1a: guy from ice age|[anim] Ivy Cudgel Water
|-supereffective|p1a: guy from ice age
|-damage|p1a: guy from ice age|0 fnt
|faint|p1a: guy from ice age
|
|upkeep
|
|t:|1779697413
|switch|p1a: Sing song|Primarina, F|100/100
|-damage|p1a: Sing song|75/100|[from] Spikes
|-damage|p1a: Sing song|63/100|[from] Stealth Rock
|turn|19
|c|☆Sofaniyas|wht are these names dude
|
|t:|1779697423
|move|p2a: Ogerpon|Trailblaze|p1a: Sing song
|-supereffective|p1a: Sing song
|-damage|p1a: Sing song|2/100
|-boost|p2a: Ogerpon|spe|1
|move|p1a: Sing song|Triple Axel|p2a: Ogerpon|[miss]
|-miss|p1a: Sing song|p2a: Ogerpon
|
|-heal|p1a: Sing song|8/100|[from] item: Leftovers
|upkeep
|turn|20
|c|☆fato_360|yes
|c|☆fato_360|I used my big philosphical brain
|
|t:|1779697449
|move|p2a: Ogerpon|Swords Dance|p2a: Ogerpon
|-boost|p2a: Ogerpon|atk|2
|move|p1a: Sing song|Draining Kiss|p2a: Ogerpon
|-damage|p2a: Ogerpon|33/100
|-heal|p1a: Sing song|29/100|[from] drain|[of] p2a: Ogerpon
|
|-heal|p1a: Sing song|35/100|[from] item: Leftovers
|upkeep
|turn|21
|
|t:|1779697463
|move|p2a: Ogerpon|Trailblaze|p1a: Sing song
|-supereffective|p1a: Sing song
|-damage|p1a: Sing song|0 fnt
|-boost|p2a: Ogerpon|spe|1
|faint|p1a: Sing song
|
|upkeep
|
|t:|1779697469
|switch|p1a: I like salt|Garganacl, M, shiny|14/100
|turn|22
|
|t:|1779697477
|move|p2a: Ogerpon|Trailblaze|p1a: I like salt
|-supereffective|p1a: I like salt
|-damage|p1a: I like salt|0 fnt
|-boost|p2a: Ogerpon|spe|1
|faint|p1a: I like salt
|
|win|Sofaniyas
|raw|fato_360's rating: 1110 &rarr; <strong>1083</strong><br />(-27 for losing)
|raw|Sofaniyas's rating: 1077 &rarr; <strong>1108</strong><br />(+31 for winning)
|c|☆Sofaniyas|gg
|c|☆fato_360|ggs
