|j|☆rafxsainz
|j|☆claudechamp
|t:|1779573948
|gametype|singles
|player|p1|rafxsainz|youngster-gen4dp|1192
|player|p2|claudechamp|101|1210
|gen|9
|tier|[Gen 9] OU
|rated|
|rule|HP Percentage Mod: HP is shown in percentages
|rule|Endless Battle Clause: Forcing endless battles is banned
|rule|Species Clause: Limit one of each Pokémon
|rule|OHKO Clause: OHKO moves are banned
|rule|Evasion Items Clause: Evasion items are banned
|rule|Evasion Moves Clause: Evasion moves are banned
|rule|Evasion Abilities Clause: Evasion abilities are banned
|rule|Sleep Moves Clause: Sleep-inducing moves are banned
|clearpoke
|poke|p1|Garchomp, F|
|poke|p1|Amoonguss, F|
|poke|p1|Cinderace, F|
|poke|p1|Greninja-*, M|
|poke|p1|Blissey, F|
|poke|p1|Corviknight, F|
|poke|p2|Gliscor, F|
|poke|p2|Ogerpon, F|
|poke|p2|Walking Wake|
|poke|p2|Blissey, F|
|poke|p2|Corviknight, F|
|poke|p2|Pecharunt|
|teampreview
|inactive|Battle timer is ON: inactive players will automatically lose when time's up. (requested by rafxsainz)
|c|☆claudechamp|hf
|inactive|claudechamp also wants the timer to be on.
|
|t:|1779573960
|teamsize|p1|6
|teamsize|p2|6
|start
|switch|p1a: Chompy|Garchomp, F, shiny|100/100
|switch|p2a: Gliscor|Gliscor, F|100/100
|turn|1
|
|t:|1779573986
|switch|p1a: Ninjy|Greninja, M|100/100
|move|p2a: Gliscor|Spikes|p1a: Ninjy
|-sidestart|p1: rafxsainz|Spikes
|
|-status|p2a: Gliscor|tox|[from] item: Toxic Orb
|upkeep
|turn|2
|
|t:|1779573991
|move|p1a: Ninjy|Ice Beam|p2a: Gliscor
|-supereffective|p2a: Gliscor
|-damage|p2a: Gliscor|0 fnt
|faint|p2a: Gliscor
|-ability|p1a: Ninjy|Battle Bond|boost
|-boost|p1a: Ninjy|atk|1
|-boost|p1a: Ninjy|spa|1
|-boost|p1a: Ninjy|spe|1
|-activate|p1a: Ninjy|ability: Battle Bond
|-damage|p1a: Ninjy|91/100|[from] item: Life Orb
|
|upkeep
|
|t:|1779573993
|switch|p2a: Blissey|Blissey, F|100/100
|turn|3
|
|t:|1779574007
|move|p1a: Ninjy|Hydro Pump|p2a: Blissey
|-damage|p2a: Blissey|72/100
|-damage|p1a: Ninjy|81/100|[from] item: Life Orb
|move|p2a: Blissey|Seismic Toss|p1a: Ninjy
|-damage|p1a: Ninjy|46/100
|
|upkeep
|turn|4
|
|t:|1779574010
|move|p1a: Ninjy|Dark Pulse|p2a: Blissey
|-damage|p2a: Blissey|49/100
|-damage|p1a: Ninjy|36/100|[from] item: Life Orb
|move|p2a: Blissey|Seismic Toss|p1a: Ninjy
|-damage|p1a: Ninjy|1/100
|
|upkeep
|turn|5
|
|t:|1779574019
|switch|p1a: Cindy|Cinderace, F|100/100
|move|p2a: Blissey|Seismic Toss|p1a: Cindy
|-damage|p1a: Cindy|67/100
|
|upkeep
|turn|6
|
|t:|1779574023
|move|p1a: Cindy|Court Change|p1a: Cindy
|-start|p1a: Cindy|typechange|Normal|[from] ability: Libero
|-swapsideconditions
|-activate|p1a: Cindy|move: Court Change
|move|p2a: Blissey|Stealth Rock|p1a: Cindy
|-sidestart|p1: rafxsainz|move: Stealth Rock
|
|upkeep
|turn|7
|
|t:|1779574029
|switch|p1a: Chompy|Garchomp, F, shiny|100/100
|-damage|p1a: Chompy|94/100|[from] Stealth Rock
|move|p2a: Blissey|Soft-Boiled|p2a: Blissey
|-heal|p2a: Blissey|99/100
|
|-heal|p1a: Chompy|100/100|[from] item: Leftovers
|upkeep
|turn|8
|
|t:|1779574034
|move|p1a: Chompy|Stealth Rock|p2a: Blissey
|-sidestart|p2: claudechamp|move: Stealth Rock
|move|p2a: Blissey|Seismic Toss|p1a: Chompy
|-damage|p1a: Chompy|77/100
|-damage|p2a: Blissey|87/100|[from] ability: Rough Skin|[of] p1a: Chompy
|
|-heal|p1a: Chompy|83/100|[from] item: Leftovers
|upkeep
|turn|9
|
|t:|1779574040
|move|p2a: Blissey|Soft-Boiled|p2a: Blissey
|-heal|p2a: Blissey|100/100
|move|p1a: Chompy|Dragon Tail|p2a: Blissey|[miss]
|-miss|p1a: Chompy|p2a: Blissey
|
|-heal|p1a: Chompy|89/100|[from] item: Leftovers
|upkeep
|turn|10
|
|t:|1779574042
|switch|p2a: Corviknight|Corviknight, F|100/100
|-ability|p2a: Corviknight|Pressure
|move|p1a: Chompy|Dragon Tail|p2a: Corviknight
|-resisted|p2a: Corviknight
|-damage|p2a: Corviknight|92/100
|drag|p2a: Blissey|Blissey, F|100/100
|
|-heal|p1a: Chompy|95/100|[from] item: Leftovers
|upkeep
|turn|11
|
|t:|1779574051
|switch|p2a: Corviknight|Corviknight, F|92/100
|-ability|p2a: Corviknight|Pressure
|move|p1a: Chompy|Fire Blast|p2a: Corviknight
|-supereffective|p2a: Corviknight
|-damage|p2a: Corviknight|51/100
|
|-heal|p1a: Chompy|100/100|[from] item: Leftovers
|upkeep
|turn|12
|
|t:|1779574061
|move|p1a: Chompy|Fire Blast|p2a: Corviknight|[miss]
|-miss|p1a: Chompy|p2a: Corviknight
|move|p2a: Corviknight|Roost|p2a: Corviknight
|-heal|p2a: Corviknight|100/100
|-singleturn|p2a: Corviknight|move: Roost
|
|upkeep
|turn|13
|
|t:|1779574067
|switch|p1a: Cindy|Cinderace, F|67/100
|switch|p2a: Pecharunt|Pecharunt|100/100
|
|upkeep
|turn|14
|
|t:|1779574077
|switch|p1a: Gussy|Amoonguss, F, shiny|100/100
|-damage|p1a: Gussy|88/100|[from] Stealth Rock
|move|p2a: Pecharunt|Malignant Chain|p1a: Gussy
|-damage|p1a: Gussy|60/100
|
|upkeep
|turn|15
|
|t:|1779574083
|move|p2a: Pecharunt|Malignant Chain|p1a: Gussy
|-damage|p1a: Gussy|32/100
|move|p1a: Gussy|Foul Play|p2a: Pecharunt
|-supereffective|p2a: Pecharunt
|-damage|p2a: Pecharunt|87/100
|
|upkeep
|turn|16
|
|t:|1779574101
|switch|p1a: Corvi|Corviknight, F, shiny|100/100
|-damage|p1a: Corvi|88/100|[from] Stealth Rock
|-ability|p1a: Corvi|Pressure
|move|p2a: Pecharunt|Malignant Chain|p1a: Corvi
|-immune|p1a: Corvi
|
|-heal|p1a: Corvi|94/100|[from] item: Leftovers
|upkeep
|turn|17
|
|t:|1779574112
|switch|p1a: Gussy|Amoonguss, F, shiny|65/100
|-damage|p1a: Gussy|53/100|[from] Stealth Rock
|move|p2a: Pecharunt|Parting Shot|p1a: Gussy
|-unboost|p1a: Gussy|atk|1
|-unboost|p1a: Gussy|spa|1
|
|t:|1779574115
|switch|p2a: Walking Wake|Walking Wake|100/100|[from] Parting Shot
|
|upkeep
|turn|18
|
|t:|1779574119
|switch|p1a: Blissy|Blissey, F, shiny|100/100
|-damage|p1a: Blissy|88/100|[from] Stealth Rock
|move|p2a: Walking Wake|Draco Meteor|p1a: Blissy
|-damage|p1a: Blissy|70/100
|-unboost|p2a: Walking Wake|spa|2
|
|-heal|p1a: Blissy|76/100|[from] item: Leftovers
|upkeep
|turn|19
|
|t:|1779574125
|-end|p2a: Walking Wake|Protosynthesis|[silent]
|switch|p2a: Pecharunt|Pecharunt|87/100
|move|p1a: Blissy|Shadow Ball|p2a: Pecharunt
|-supereffective|p2a: Pecharunt
|-damage|p2a: Pecharunt|58/100
|
|-heal|p1a: Blissy|82/100|[from] item: Leftovers
|upkeep
|turn|20
|
|t:|1779574131
|switch|p1a: Corvi|Corviknight, F, shiny|94/100
|-damage|p1a: Corvi|82/100|[from] Stealth Rock
|-ability|p1a: Corvi|Pressure
|move|p2a: Pecharunt|Recover|p2a: Pecharunt
|-heal|p2a: Pecharunt|100/100
|
|-heal|p1a: Corvi|88/100|[from] item: Leftovers
|upkeep
|turn|21
|
|t:|1779574140
|move|p2a: Pecharunt|Parting Shot|p1a: Corvi
|-unboost|p1a: Corvi|atk|1
|-unboost|p1a: Corvi|spa|1
|
|t:|1779574143
|switch|p2a: Blissey|Blissey, F|100/100|[from] Parting Shot
|move|p1a: Corvi|Iron Head|p2a: Blissey
|-damage|p2a: Blissey|83/100
|
|-heal|p1a: Corvi|94/100|[from] item: Leftovers
|upkeep
|turn|22
|inactive|rafxsainz has 120 seconds left.
|
|t:|1779574175
|move|p1a: Corvi|Iron Head|p2a: Blissey
|-damage|p2a: Blissey|67/100
|move|p2a: Blissey|Seismic Toss|p1a: Corvi
|-damage|p1a: Corvi|69/100
|
|-heal|p1a: Corvi|75/100|[from] item: Leftovers
|upkeep
|turn|23
|
|t:|1779574182
|move|p1a: Corvi|Iron Head|p2a: Blissey
|-damage|p2a: Blissey|51/100
|move|p2a: Blissey|Soft-Boiled|p2a: Blissey
|-heal|p2a: Blissey|100/100
|
|-heal|p1a: Corvi|81/100|[from] item: Leftovers
|upkeep
|turn|24
|
|t:|1779574192
|move|p1a: Corvi|Iron Head|p2a: Blissey
|-damage|p2a: Blissey|84/100
|cant|p2a: Blissey|flinch
|
|-heal|p1a: Corvi|87/100|[from] item: Leftovers
|upkeep
|turn|25
|
|t:|1779574199
|move|p1a: Corvi|Iron Head|p2a: Blissey
|-damage|p2a: Blissey|68/100
|move|p2a: Blissey|Seismic Toss|p1a: Corvi
|-damage|p1a: Corvi|62/100
|
|-heal|p1a: Corvi|68/100|[from] item: Leftovers
|upkeep
|turn|26
|
|t:|1779574213
|move|p1a: Corvi|Roost|p1a: Corvi
|-heal|p1a: Corvi|100/100
|-singleturn|p1a: Corvi|move: Roost
|move|p2a: Blissey|Soft-Boiled|p2a: Blissey
|-heal|p2a: Blissey|100/100
|
|upkeep
|turn|27
|
|t:|1779574218
|move|p1a: Corvi|Iron Head|p2a: Blissey
|-damage|p2a: Blissey|84/100
|move|p2a: Blissey|Seismic Toss|p1a: Corvi
|-damage|p1a: Corvi|75/100
|
|-heal|p1a: Corvi|81/100|[from] item: Leftovers
|upkeep
|turn|28
|
|t:|1779574226
|move|p1a: Corvi|Iron Head|p2a: Blissey
|-crit|p2a: Blissey
|-damage|p2a: Blissey|43/100
|move|p2a: Blissey|Soft-Boiled|p2a: Blissey
|-heal|p2a: Blissey|93/100
|
|-heal|p1a: Corvi|87/100|[from] item: Leftovers
|upkeep
|turn|29
|
|t:|1779574232
|move|p1a: Corvi|Iron Head|p2a: Blissey
|-damage|p2a: Blissey|76/100
|cant|p2a: Blissey|flinch
|
|-heal|p1a: Corvi|93/100|[from] item: Leftovers
|upkeep
|turn|30
|
|t:|1779574237
|move|p1a: Corvi|Iron Head|p2a: Blissey
|-damage|p2a: Blissey|60/100
|move|p2a: Blissey|Soft-Boiled|p2a: Blissey
|-heal|p2a: Blissey|100/100
|
|-heal|p1a: Corvi|99/100|[from] item: Leftovers
|upkeep
|turn|31
|
|t:|1779574250
|move|p1a: Corvi|Iron Head|p2a: Blissey
|-damage|p2a: Blissey|83/100
|move|p2a: Blissey|Seismic Toss|p1a: Corvi
|-damage|p1a: Corvi|74/100
|
|-heal|p1a: Corvi|80/100|[from] item: Leftovers
|upkeep
|turn|32
|c|☆rafxsainz|i still have 7 roosts left btw
|
|t:|1779574257
|move|p1a: Corvi|Iron Head|p2a: Blissey
|-damage|p2a: Blissey|66/100
|cant|p2a: Blissey|flinch
|
|-heal|p1a: Corvi|86/100|[from] item: Leftovers
|upkeep
|turn|33
|
|t:|1779574270
|move|p1a: Corvi|Iron Head|p2a: Blissey
|-damage|p2a: Blissey|49/100
|move|p2a: Blissey|Soft-Boiled|p2a: Blissey
|-heal|p2a: Blissey|99/100
|
|-heal|p1a: Corvi|92/100|[from] item: Leftovers
|upkeep
|turn|34
|
|t:|1779574276
|move|p1a: Corvi|Iron Head|p2a: Blissey
|-damage|p2a: Blissey|82/100
|move|p2a: Blissey|Seismic Toss|p1a: Corvi
|-damage|p1a: Corvi|67/100
|
|-heal|p1a: Corvi|73/100|[from] item: Leftovers
|upkeep
|turn|35
|
|t:|1779574287
|move|p1a: Corvi|Iron Head|p2a: Blissey
|-damage|p2a: Blissey|65/100
|move|p2a: Blissey|Soft-Boiled|p2a: Blissey
|-heal|p2a: Blissey|100/100
|
|-heal|p1a: Corvi|79/100|[from] item: Leftovers
|upkeep
|turn|36
|
|t:|1779574298
|move|p1a: Corvi|Iron Head|p2a: Blissey
|-damage|p2a: Blissey|83/100
|move|p2a: Blissey|Seismic Toss|p1a: Corvi
|-damage|p1a: Corvi|54/100
|
|-heal|p1a: Corvi|60/100|[from] item: Leftovers
|upkeep
|turn|37
|
|t:|1779574308
|move|p1a: Corvi|Roost|p1a: Corvi
|-heal|p1a: Corvi|100/100
|-singleturn|p1a: Corvi|move: Roost
|move|p2a: Blissey|Seismic Toss|p1a: Corvi
|-damage|p1a: Corvi|75/100
|
|-heal|p1a: Corvi|81/100|[from] item: Leftovers
|upkeep
|turn|38
|
|t:|1779574319
|move|p1a: Corvi|Brave Bird|p2a: Blissey
|-damage|p2a: Blissey|60/100
|-damage|p1a: Corvi|69/100|[from] Recoil
|move|p2a: Blissey|Seismic Toss|p1a: Corvi
|-damage|p1a: Corvi|44/100
|
|-heal|p1a: Corvi|50/100|[from] item: Leftovers
|upkeep
|turn|39
|
|t:|1779574325
|switch|p2a: Pecharunt|Pecharunt|100/100
|move|p1a: Corvi|Roost|p1a: Corvi
|-heal|p1a: Corvi|99/100
|-singleturn|p1a: Corvi|move: Roost
|
|-heal|p1a: Corvi|100/100|[from] item: Leftovers
|upkeep
|turn|40
|
|t:|1779574336
|switch|p2a: Blissey|Blissey, F|60/100
|move|p1a: Corvi|Brave Bird|p2a: Blissey
|-damage|p2a: Blissey|36/100
|-damage|p1a: Corvi|88/100|[from] Recoil
|
|-heal|p1a: Corvi|94/100|[from] item: Leftovers
|upkeep
|turn|41
|
|t:|1779574346
|switch|p1a: Gussy|Amoonguss, F, shiny|86/100
|-damage|p1a: Gussy|74/100|[from] Stealth Rock
|move|p2a: Blissey|Seismic Toss|p1a: Gussy
|-damage|p1a: Gussy|51/100
|-damage|p2a: Blissey|20/100|[from] item: Rocky Helmet|[of] p1a: Gussy
|
|upkeep
|turn|42
|
|t:|1779574369
|switch|p2a: Pecharunt|Pecharunt|100/100
|move|p1a: Gussy|Giga Drain|p2a: Pecharunt
|-resisted|p2a: Pecharunt
|-damage|p2a: Pecharunt|89/100
|-heal|p1a: Gussy|56/100|[from] drain|[of] p2a: Pecharunt
|
|upkeep
|turn|43
|
|t:|1779574379
|switch|p1a: Corvi|Corviknight, F, shiny|94/100
|-damage|p1a: Corvi|82/100|[from] Stealth Rock
|-ability|p1a: Corvi|Pressure
|move|p2a: Pecharunt|Parting Shot|p1a: Corvi
|-unboost|p1a: Corvi|atk|1
|-unboost|p1a: Corvi|spa|1
|
|t:|1779574384
|switch|p2a: Walking Wake|Walking Wake|100/100|[from] Parting Shot
|
|-heal|p1a: Corvi|88/100|[from] item: Leftovers
|upkeep
|turn|44
|
|t:|1779574398
|move|p2a: Walking Wake|Surf|p1a: Corvi
|-damage|p1a: Corvi|54/100
|move|p1a: Corvi|Brave Bird|p2a: Walking Wake
|-damage|p2a: Walking Wake|76/100
|-damage|p1a: Corvi|47/100|[from] Recoil
|
|-heal|p1a: Corvi|53/100|[from] item: Leftovers
|upkeep
|turn|45
|
|t:|1779574405
|move|p2a: Walking Wake|Surf|p1a: Corvi
|-damage|p1a: Corvi|22/100
|move|p1a: Corvi|Roost|p1a: Corvi
|-heal|p1a: Corvi|72/100
|-singleturn|p1a: Corvi|move: Roost
|
|-heal|p1a: Corvi|78/100|[from] item: Leftovers
|upkeep
|turn|46
|
|t:|1779574411
|switch|p1a: Blissy|Blissey, F, shiny|82/100
|-damage|p1a: Blissy|70/100|[from] Stealth Rock
|move|p2a: Walking Wake|Knock Off|p1a: Blissy
|-damage|p1a: Blissy|51/100
|-enditem|p1a: Blissy|Leftovers|[from] move: Knock Off|[of] p2a: Walking Wake
|
|upkeep
|turn|47
|
|t:|1779574421
|-end|p2a: Walking Wake|Protosynthesis|[silent]
|switch|p2a: Pecharunt|Pecharunt|89/100
|move|p1a: Blissy|Soft-Boiled|p1a: Blissy
|-heal|p1a: Blissy|100/100
|
|upkeep
|turn|48
|
|t:|1779574426
|move|p2a: Pecharunt|Parting Shot|p1a: Blissy
|-unboost|p1a: Blissy|atk|1
|-unboost|p1a: Blissy|spa|1
|
|t:|1779574437
|switch|p2a: Walking Wake|Walking Wake|76/100|[from] Parting Shot
|move|p1a: Blissy|Shadow Ball|p2a: Walking Wake
|-damage|p2a: Walking Wake|64/100
|-unboost|p2a: Walking Wake|spd|1
|
|upkeep
|turn|49
|
|t:|1779574445
|move|p2a: Walking Wake|Surf|p1a: Blissy
|-damage|p1a: Blissy|86/100
|move|p1a: Blissy|Calm Mind|p1a: Blissy
|-boost|p1a: Blissy|spa|1
|-boost|p1a: Blissy|spd|1
|
|upkeep
|turn|50
|
|t:|1779574457
|move|p2a: Walking Wake|Surf|p1a: Blissy
|-damage|p1a: Blissy|77/100
|move|p1a: Blissy|Seismic Toss|p2a: Walking Wake
|-damage|p2a: Walking Wake|35/100
|
|upkeep
|turn|51
|
|t:|1779574465
|-end|p2a: Walking Wake|Protosynthesis|[silent]
|switch|p2a: Pecharunt|Pecharunt|89/100
|move|p1a: Blissy|Calm Mind|p1a: Blissy
|-boost|p1a: Blissy|spa|1
|-boost|p1a: Blissy|spd|1
|
|upkeep
|turn|52
|
|t:|1779574474
|move|p2a: Pecharunt|Malignant Chain|p1a: Blissy
|-damage|p1a: Blissy|73/100
|move|p1a: Blissy|Shadow Ball|p2a: Pecharunt
|-supereffective|p2a: Pecharunt
|-damage|p2a: Pecharunt|43/100
|
|upkeep
|turn|53
|
|t:|1779574481
|move|p2a: Pecharunt|Malignant Chain|p1a: Blissy
|-damage|p1a: Blissy|68/100
|-status|p1a: Blissy|tox
|-start|p1a: Blissy|confusion|[from] ability: Poison Puppeteer|[of] p2a: Pecharunt
|-activate|p1a: Blissy|confusion
|move|p1a: Blissy|Shadow Ball|p2a: Pecharunt
|-supereffective|p2a: Pecharunt
|-damage|p2a: Pecharunt|0 fnt
|faint|p2a: Pecharunt
|
|-damage|p1a: Blissy|62/100 tox|[from] psn
|upkeep
|
|t:|1779574489
|switch|p2a: Walking Wake|Walking Wake|35/100
|turn|54
|
|t:|1779574496
|-curestatus|p1a: Blissy|tox|[from] ability: Natural Cure|[silent]
|switch|p1a: Corvi|Corviknight, F, shiny|78/100
|-damage|p1a: Corvi|65/100|[from] Stealth Rock
|-ability|p1a: Corvi|Pressure
|move|p2a: Walking Wake|Surf|p1a: Corvi
|-damage|p1a: Corvi|36/100
|
|-heal|p1a: Corvi|42/100|[from] item: Leftovers
|upkeep
|turn|55
|
|t:|1779574505
|-terastallize|p2a: Walking Wake|Water
|move|p2a: Walking Wake|Surf|p1a: Corvi
|-crit|p1a: Corvi
|-damage|p1a: Corvi|0 fnt
|faint|p1a: Corvi
|
|upkeep
|
|t:|1779574518
|switch|p1a: Gussy|Amoonguss, F, shiny|89/100
|-damage|p1a: Gussy|77/100|[from] Stealth Rock
|turn|56
|
|t:|1779574531
|-end|p2a: Walking Wake|Protosynthesis|[silent]
|switch|p2a: Corviknight|Corviknight, F|100/100
|-ability|p2a: Corviknight|Pressure
|move|p1a: Gussy|Giga Drain|p2a: Corviknight
|-resisted|p2a: Corviknight
|-damage|p2a: Corviknight|95/100
|-heal|p1a: Gussy|79/100|[from] drain|[of] p2a: Corviknight
|
|upkeep
|turn|57
|
|t:|1779574540
|switch|p1a: Chompy|Garchomp, F, shiny|100/100
|-damage|p1a: Chompy|94/100|[from] Stealth Rock
|move|p2a: Corviknight|Roost|p2a: Corviknight
|-heal|p2a: Corviknight|100/100
|-singleturn|p2a: Corviknight|move: Roost
|
|-heal|p1a: Chompy|100/100|[from] item: Leftovers
|upkeep
|turn|58
|
|t:|1779574546
|move|p1a: Chompy|Fire Blast|p2a: Corviknight|[miss]
|-miss|p1a: Chompy|p2a: Corviknight
|move|p2a: Corviknight|Body Press|p1a: Chompy
|-damage|p1a: Chompy|83/100
|-damage|p2a: Corviknight|88/100|[from] ability: Rough Skin|[of] p1a: Chompy
|
|-heal|p1a: Chompy|89/100|[from] item: Leftovers
|upkeep
|turn|59
|
|t:|1779574552
|move|p1a: Chompy|Fire Blast|p2a: Corviknight
|-supereffective|p2a: Corviknight
|-damage|p2a: Corviknight|46/100
|-status|p2a: Corviknight|brn
|move|p2a: Corviknight|Roost|p2a: Corviknight
|-heal|p2a: Corviknight|96/100 brn
|-singleturn|p2a: Corviknight|move: Roost
|
|-heal|p1a: Chompy|95/100|[from] item: Leftovers
|-damage|p2a: Corviknight|90/100 brn|[from] brn
|upkeep
|turn|60
|
|t:|1779574559
|move|p2a: Corviknight|Roost|p2a: Corviknight
|-heal|p2a: Corviknight|100/100 brn
|-singleturn|p2a: Corviknight|move: Roost
|move|p1a: Chompy|Dragon Tail|p2a: Corviknight
|-resisted|p2a: Corviknight
|-damage|p2a: Corviknight|92/100 brn
|drag|p2a: Blissey|Blissey, F|20/100
|
|-heal|p1a: Chompy|100/100|[from] item: Leftovers
|upkeep
|turn|61
|
|t:|1779574565
|switch|p2a: Corviknight|Corviknight, F|92/100 brn
|-ability|p2a: Corviknight|Pressure
|move|p1a: Chompy|Earthquake|p2a: Corviknight
|-immune|p2a: Corviknight
|
|-damage|p2a: Corviknight|86/100 brn|[from] brn
|upkeep
|turn|62
|
|t:|1779574571
|move|p2a: Corviknight|Roost|p2a: Corviknight
|-heal|p2a: Corviknight|100/100 brn
|-singleturn|p2a: Corviknight|move: Roost
|move|p1a: Chompy|Dragon Tail|p2a: Corviknight
|-resisted|p2a: Corviknight
|-damage|p2a: Corviknight|91/100 brn
|drag|p2a: Blissey|Blissey, F|20/100
|
|upkeep
|turn|63
|
|t:|1779574578
|switch|p2a: Corviknight|Corviknight, F|91/100 brn
|-ability|p2a: Corviknight|Pressure
|move|p1a: Chompy|Earthquake|p2a: Corviknight
|-immune|p2a: Corviknight
|
|-damage|p2a: Corviknight|85/100 brn|[from] brn
|upkeep
|turn|64
|
|t:|1779574583
|move|p2a: Corviknight|Roost|p2a: Corviknight
|-heal|p2a: Corviknight|100/100 brn
|-singleturn|p2a: Corviknight|move: Roost
|move|p1a: Chompy|Dragon Tail|p2a: Corviknight|[miss]
|-miss|p1a: Chompy|p2a: Corviknight
|
|-damage|p2a: Corviknight|94/100 brn|[from] brn
|upkeep
|turn|65
|c|☆rafxsainz|ggez
|
|t:|1779574591
|move|p1a: Chompy|Stealth Rock||[still]
|-fail|p1a: Chompy
|move|p2a: Corviknight|Body Press|p1a: Chompy
|-damage|p1a: Chompy|92/100
|-damage|p2a: Corviknight|82/100 brn|[from] ability: Rough Skin|[of] p1a: Chompy
|
|-heal|p1a: Chompy|98/100|[from] item: Leftovers
|-damage|p2a: Corviknight|76/100 brn|[from] brn
|upkeep
|turn|66
|
|t:|1779574598
|move|p1a: Chompy|Stealth Rock||[still]
|-fail|p1a: Chompy
|move|p2a: Corviknight|Roost|p2a: Corviknight
|-heal|p2a: Corviknight|100/100 brn
|-singleturn|p2a: Corviknight|move: Roost
|
|-heal|p1a: Chompy|100/100|[from] item: Leftovers
|-damage|p2a: Corviknight|94/100 brn|[from] brn
|upkeep
|turn|67
|
|t:|1779574605
|move|p1a: Chompy|Stealth Rock||[still]
|-fail|p1a: Chompy
|move|p2a: Corviknight|Body Press|p1a: Chompy
|-damage|p1a: Chompy|92/100
|-damage|p2a: Corviknight|82/100 brn|[from] ability: Rough Skin|[of] p1a: Chompy
|
|-heal|p1a: Chompy|98/100|[from] item: Leftovers
|-damage|p2a: Corviknight|76/100 brn|[from] brn
|upkeep
|turn|68
|
|t:|1779574610
|move|p1a: Chompy|Stealth Rock||[still]
|-fail|p1a: Chompy
|move|p2a: Corviknight|Roost|p2a: Corviknight
|-heal|p2a: Corviknight|100/100 brn
|-singleturn|p2a: Corviknight|move: Roost
|
|-heal|p1a: Chompy|100/100|[from] item: Leftovers
|-damage|p2a: Corviknight|94/100 brn|[from] brn
|upkeep
|turn|69
|
|t:|1779574615
|move|p1a: Chompy|Stealth Rock||[still]
|-fail|p1a: Chompy
|move|p2a: Corviknight|Body Press|p1a: Chompy
|-damage|p1a: Chompy|92/100
|-damage|p2a: Corviknight|82/100 brn|[from] ability: Rough Skin|[of] p1a: Chompy
|
|-heal|p1a: Chompy|98/100|[from] item: Leftovers
|-damage|p2a: Corviknight|76/100 brn|[from] brn
|upkeep
|turn|70
|
|t:|1779574622
|move|p1a: Chompy|Stealth Rock||[still]
|-fail|p1a: Chompy
|move|p2a: Corviknight|Thief|p1a: Chompy
|-damage|p1a: Chompy|95/100
|-damage|p2a: Corviknight|63/100 brn|[from] ability: Rough Skin|[of] p1a: Chompy
|
|-heal|p1a: Chompy|100/100|[from] item: Leftovers
|-damage|p2a: Corviknight|57/100 brn|[from] brn
|upkeep
|turn|71
|
|t:|1779574627
|move|p1a: Chompy|Stealth Rock||[still]
|-fail|p1a: Chompy
|move|p2a: Corviknight|Body Press|p1a: Chompy
|-damage|p1a: Chompy|92/100
|-damage|p2a: Corviknight|45/100 brn|[from] ability: Rough Skin|[of] p1a: Chompy
|
|-heal|p1a: Chompy|99/100|[from] item: Leftovers
|-damage|p2a: Corviknight|39/100 brn|[from] brn
|upkeep
|turn|72
|
|t:|1779574634
|move|p1a: Chompy|Stealth Rock||[still]
|-fail|p1a: Chompy
|move|p2a: Corviknight|U-turn|p1a: Chompy
|-damage|p1a: Chompy|94/100
|-damage|p2a: Corviknight|26/100 brn|[from] ability: Rough Skin|[of] p1a: Chompy
|
|t:|1779574639
|switch|p2a: Walking Wake|Walking Wake, tera:Water|35/100|[from] U-turn
|
|-heal|p1a: Chompy|99/100|[from] item: Leftovers
|upkeep
|turn|73
|
|t:|1779574642
|-terastallize|p1a: Chompy|Ghost
|move|p2a: Walking Wake|Draco Meteor|p1a: Chompy
|-damage|p1a: Chompy|35/100
|-unboost|p2a: Walking Wake|spa|2
|move|p1a: Chompy|Dragon Tail|p2a: Walking Wake
|-damage|p2a: Walking Wake|6/100
|-end|p2a: Walking Wake|Protosynthesis|[silent]
|drag|p2a: Blissey|Blissey, F|20/100
|
|-heal|p1a: Chompy|41/100|[from] item: Leftovers
|upkeep
|turn|74
|
|t:|1779574647
|switch|p2a: Corviknight|Corviknight, F|26/100 brn
|-ability|p2a: Corviknight|Pressure
|move|p1a: Chompy|Earthquake|p2a: Corviknight
|-immune|p2a: Corviknight
|
|-heal|p1a: Chompy|47/100|[from] item: Leftovers
|-damage|p2a: Corviknight|20/100 brn|[from] brn
|upkeep
|turn|75
|
|t:|1779574658
|move|p1a: Chompy|Stealth Rock||[still]
|-fail|p1a: Chompy
|move|p2a: Corviknight|Thief|p1a: Chompy
|-supereffective|p1a: Chompy
|-damage|p1a: Chompy|39/100
|-damage|p2a: Corviknight|8/100 brn|[from] ability: Rough Skin|[of] p1a: Chompy
|
|-heal|p1a: Chompy|45/100|[from] item: Leftovers
|-damage|p2a: Corviknight|1/100 brn|[from] brn
|upkeep
|turn|76
|
|t:|1779574663
|move|p1a: Chompy|Stealth Rock||[still]
|-fail|p1a: Chompy
|move|p2a: Corviknight|Thief|p1a: Chompy
|-supereffective|p1a: Chompy
|-damage|p1a: Chompy|37/100
|-damage|p2a: Corviknight|0 fnt|[from] ability: Rough Skin|[of] p1a: Chompy
|faint|p2a: Corviknight
|
|-heal|p1a: Chompy|43/100|[from] item: Leftovers
|upkeep
|
|t:|1779574671
|switch|p2a: Ogerpon|Ogerpon, F|100/100
|turn|77
|
|t:|1779574680
|move|p2a: Ogerpon|Ivy Cudgel|p1a: Chompy
|-damage|p1a: Chompy|10/100
|move|p1a: Chompy|Dragon Tail|p2a: Ogerpon|[miss]
|-miss|p1a: Chompy|p2a: Ogerpon
|
|-heal|p1a: Chompy|16/100|[from] item: Leftovers
|upkeep
|turn|78
|
|t:|1779574684
|move|p2a: Ogerpon|Ivy Cudgel|p1a: Chompy
|-damage|p1a: Chompy|0 fnt
|faint|p1a: Chompy
|
|upkeep
|
|t:|1779574689
|switch|p1a: Gussy|Amoonguss, F, shiny|100/100
|-damage|p1a: Gussy|88/100|[from] Stealth Rock
|turn|79
|
|t:|1779574696
|move|p2a: Ogerpon|Knock Off|p1a: Gussy
|-damage|p1a: Gussy|65/100
|-damage|p2a: Ogerpon|84/100|[from] item: Rocky Helmet|[of] p1a: Gussy
|-enditem|p1a: Gussy|Rocky Helmet|[from] move: Knock Off|[of] p2a: Ogerpon
|move|p1a: Gussy|Toxic|p2a: Ogerpon
|-status|p2a: Ogerpon|tox
|
|-damage|p2a: Ogerpon|78/100 tox|[from] psn
|upkeep
|turn|80
|
|t:|1779574702
|move|p2a: Ogerpon|U-turn|p1a: Gussy
|-damage|p1a: Gussy|49/100
|
|t:|1779574710
|switch|p2a: Blissey|Blissey, F|20/100|[from] U-turn
|move|p1a: Gussy|Clear Smog|p2a: Blissey
|-damage|p2a: Blissey|15/100
|-clearboost|p2a: Blissey
|
|upkeep
|turn|81
|
|t:|1779574722
|switch|p2a: Ogerpon|Ogerpon, F|78/100 tox
|move|p1a: Gussy|Toxic|p2a: Ogerpon
|-fail|p2a: Ogerpon|tox
|
|-damage|p2a: Ogerpon|72/100 tox|[from] psn
|upkeep
|turn|82
|
|t:|1779574731
|move|p2a: Ogerpon|U-turn|p1a: Gussy
|-damage|p1a: Gussy|31/100
|
|t:|1779574739
|switch|p2a: Blissey|Blissey, F|15/100|[from] U-turn
|move|p1a: Gussy|Foul Play|p2a: Blissey
|-damage|p2a: Blissey|12/100
|
|upkeep
|turn|83
|
|t:|1779574748
|switch|p2a: Ogerpon|Ogerpon, F|72/100 tox
|move|p1a: Gussy|Giga Drain|p2a: Ogerpon
|-resisted|p2a: Ogerpon
|-damage|p2a: Ogerpon|60/100 tox
|-heal|p1a: Gussy|35/100|[from] drain|[of] p2a: Ogerpon
|
|-damage|p2a: Ogerpon|54/100 tox|[from] psn
|upkeep
|turn|84
|
|t:|1779574757
|move|p2a: Ogerpon|U-turn|p1a: Gussy
|-damage|p1a: Gussy|18/100
|
|t:|1779574761
|switch|p2a: Blissey|Blissey, F|12/100|[from] U-turn
|move|p1a: Gussy|Giga Drain|p2a: Blissey
|-damage|p2a: Blissey|6/100
|-heal|p1a: Gussy|23/100|[from] drain|[of] p2a: Blissey
|
|upkeep
|turn|85
|
|t:|1779574766
|switch|p2a: Ogerpon|Ogerpon, F|54/100 tox
|move|p1a: Gussy|Clear Smog|p2a: Ogerpon
|-supereffective|p2a: Ogerpon
|-damage|p2a: Ogerpon|17/100 tox
|-clearboost|p2a: Ogerpon
|
|-damage|p2a: Ogerpon|11/100 tox|[from] psn
|upkeep
|turn|86
|
|t:|1779574775
|move|p2a: Ogerpon|Knock Off|p1a: Gussy
|-damage|p1a: Gussy|8/100
|move|p1a: Gussy|Giga Drain|p2a: Ogerpon
|-resisted|p2a: Ogerpon
|-damage|p2a: Ogerpon|0 fnt
|-heal|p1a: Gussy|12/100|[from] drain|[of] p2a: Ogerpon
|faint|p2a: Ogerpon
|
|upkeep
|
|t:|1779574776
|switch|p2a: Blissey|Blissey, F|6/100
|turn|87
|
|t:|1779574781
|move|p2a: Blissey|Seismic Toss|p1a: Gussy
|-damage|p1a: Gussy|0 fnt
|faint|p1a: Gussy
|
|upkeep
|
|t:|1779574784
|switch|p1a: Cindy|Cinderace, F|67/100
|turn|88
|c|☆rafxsainz|good try bubba
|
|t:|1779574791
|move|p1a: Cindy|Sucker Punch|p2a: Blissey
|-start|p1a: Cindy|typechange|Dark|[from] ability: Libero
|-damage|p2a: Blissey|0 fnt
|faint|p2a: Blissey
|
|upkeep
|
|t:|1779574800
|switch|p2a: Walking Wake|Walking Wake, tera:Water|6/100
|turn|89
|
|t:|1779574810
|move|p1a: Cindy|Sucker Punch||[still]
|-fail|p1a: Cindy
|move|p2a: Walking Wake|Substitute|p2a: Walking Wake
|-fail|p2a: Walking Wake|move: Substitute|[weak]
|
|upkeep
|turn|90
|
|t:|1779574819
|move|p1a: Cindy|Sucker Punch|p2a: Walking Wake
|-damage|p2a: Walking Wake|0 fnt
|faint|p2a: Walking Wake
|-end|p2a: Walking Wake|Protosynthesis|[silent]
|
|win|rafxsainz
|raw|rafxsainz's rating: 1192 &rarr; <strong>1220</strong><br />(+28 for winning)
|raw|claudechamp's rating: 1237 &rarr; <strong>1209</strong><br />(-28 for losing)
|c|☆claudechamp|gg
|l|☆rafxsainz
|player|p1|
