|j|☆zudexc
|j|☆vaxanon
|t:|1779707902
|gametype|singles
|player|p1|zudexc|1|1151
|player|p2|vaxanon|169|1118
|gen|9
|tier|[Gen 9] OU
|rated|
|rule|HP Percentage Mod: HP is shown in percentages
|rule|Endless Battle Clause: Forcing endless battles is banned
|rule|Species Clause: Limit one of each Pokémon
|rule|OHKO Clause: OHKO moves are banned
|rule|Evasion Items Clause: Evasion items are banned
|rule|Evasion Moves Clause: Evasion moves are banned
|rule|Evasion Abilities Clause: Evasion abilities are banned
|rule|Sleep Moves Clause: Sleep-inducing moves are banned
|clearpoke
|poke|p1|Kingambit, F|
|poke|p1|Iron Treads|
|poke|p1|Barraskewda, F|
|poke|p1|Overqwil, M|
|poke|p1|Raging Bolt|
|poke|p1|Pelipper, F|
|poke|p2|Meowscarada, F|
|poke|p2|Gastrodon-East, M|
|poke|p2|Ambipom, M|
|poke|p2|Cinderace, M|
|poke|p2|Whimsicott, F|
|poke|p2|Sableye, M|
|teampreview
|inactive|Battle timer is ON: inactive players will automatically lose when time's up. (requested by vaxanon)
|
|t:|1779707913
|teamsize|p1|6
|teamsize|p2|6
|start
|switch|p1a: Iron Treads|Iron Treads|100/100
|switch|p2a: Ambipom|Ambipom, M, shiny|100/100
|-enditem|p1a: Iron Treads|Booster Energy
|-activate|p1a: Iron Treads|ability: Quark Drive|[fromitem]
|-start|p1a: Iron Treads|quarkdrivespe
|turn|1
|
|t:|1779707920
|move|p2a: Ambipom|Fake Out|p1a: Iron Treads
|-resisted|p1a: Iron Treads
|-damage|p1a: Iron Treads|87/100
|cant|p1a: Iron Treads|flinch
|
|upkeep
|turn|2
|
|t:|1779707927
|switch|p2a: Gastrodon|Gastrodon-East, M|100/100
|move|p1a: Iron Treads|Steel Beam|p2a: Gastrodon
|-resisted|p2a: Gastrodon
|-damage|p2a: Gastrodon|75/100
|-damage|p1a: Iron Treads|37/100|[from] steelbeam
|
|upkeep
|turn|3
|
|t:|1779707941
|move|p1a: Iron Treads|Earth Power|p2a: Gastrodon
|-damage|p2a: Gastrodon|45/100
|move|p2a: Gastrodon|Recover|p2a: Gastrodon
|-heal|p2a: Gastrodon|95/100
|
|upkeep
|turn|4
|
|t:|1779707947
|move|p1a: Iron Treads|Earth Power|p2a: Gastrodon
|-damage|p2a: Gastrodon|63/100
|move|p2a: Gastrodon|Earth Power|p1a: Iron Treads
|-supereffective|p1a: Iron Treads
|-damage|p1a: Iron Treads|0 fnt
|faint|p1a: Iron Treads
|-end|p1a: Iron Treads|Quark Drive|[silent]
|
|upkeep
|
|t:|1779707952
|switch|p1a: Pelipper|Pelipper, F|100/100
|-weather|RainDance|[from] ability: Drizzle|[of] p1a: Pelipper
|turn|5
|
|t:|1779707962
|move|p1a: Pelipper|Weather Ball|p2a: Gastrodon
|-ability|p2a: Gastrodon|Storm Drain|boost
|-boost|p2a: Gastrodon|spa|1
|move|p2a: Gastrodon|Recover|p2a: Gastrodon
|-heal|p2a: Gastrodon|100/100
|
|-weather|RainDance|[upkeep]
|upkeep
|turn|6
|
|t:|1779707970
|move|p1a: Pelipper|U-turn|p2a: Gastrodon
|-damage|p2a: Gastrodon|93/100
|-damage|p1a: Pelipper|84/100|[from] item: Rocky Helmet|[of] p2a: Gastrodon
|
|t:|1779707977
|switch|p1a: Kingambit|Kingambit, F|100/100|[from] U-turn
|-activate|p1a: Kingambit|ability: Supreme Overlord
|-start|p1a: Kingambit|fallen1|[silent]
|move|p2a: Gastrodon|Ice Beam|p1a: Kingambit
|-resisted|p1a: Kingambit
|-damage|p1a: Kingambit|86/100
|
|-weather|RainDance|[upkeep]
|-heal|p1a: Kingambit|92/100|[from] item: Leftovers
|upkeep
|turn|7
|
|t:|1779707988
|move|p1a: Kingambit|Swords Dance|p1a: Kingambit
|-boost|p1a: Kingambit|atk|2
|move|p2a: Gastrodon|Chilling Water|p1a: Kingambit
|-damage|p1a: Kingambit|54/100
|-unboost|p1a: Kingambit|atk|1
|
|-weather|RainDance|[upkeep]
|-heal|p1a: Kingambit|60/100|[from] item: Leftovers
|upkeep
|turn|8
|
|t:|1779707997
|move|p1a: Kingambit|Kowtow Cleave|p2a: Gastrodon
|-damage|p2a: Gastrodon|36/100
|-damage|p1a: Kingambit|43/100|[from] item: Rocky Helmet|[of] p2a: Gastrodon
|move|p2a: Gastrodon|Earth Power|p1a: Kingambit
|-supereffective|p1a: Kingambit
|-damage|p1a: Kingambit|0 fnt
|faint|p1a: Kingambit
|-end|p1a: Kingambit|fallen1|[silent]
|
|-weather|RainDance|[upkeep]
|upkeep
|
|t:|1779708000
|switch|p1a: Barraskewda|Barraskewda, F|100/100
|turn|9
|
|t:|1779708012
|move|p1a: Barraskewda|Close Combat|p2a: Gastrodon
|-damage|p2a: Gastrodon|0 fnt
|-unboost|p1a: Barraskewda|def|1
|-unboost|p1a: Barraskewda|spd|1
|-damage|p1a: Barraskewda|84/100|[from] item: Rocky Helmet|[of] p2a: Gastrodon
|faint|p2a: Gastrodon
|
|-weather|RainDance|[upkeep]
|upkeep
|
|t:|1779708020
|switch|p2a: Ambipom|Ambipom, M, shiny|100/100
|turn|10
|
|t:|1779708024
|-terastallize|p2a: Ambipom|Normal
|move|p2a: Ambipom|Fake Out|p1a: Barraskewda
|-damage|p1a: Barraskewda|0 fnt
|faint|p1a: Barraskewda
|
|-weather|RainDance|[upkeep]
|upkeep
|
|t:|1779708031
|switch|p1a: Overqwil|Overqwil, M|100/100
|turn|11
|
|t:|1779708057
|switch|p2a: Meowscarada|Meowscarada, F, shiny|100/100
|move|p1a: Overqwil|Swords Dance|p1a: Overqwil
|-boost|p1a: Overqwil|atk|2
|
|-weather|RainDance|[upkeep]
|upkeep
|turn|12
|
|t:|1779708066
|move|p2a: Meowscarada|U-turn|p1a: Overqwil
|-start|p2a: Meowscarada|typechange|Bug|[from] ability: Protean
|-damage|p1a: Overqwil|64/100
|
|t:|1779708072
|switch|p2a: Cinderace|Cinderace, M, shiny|100/100|[from] U-turn
|move|p1a: Overqwil|Gunk Shot|p2a: Cinderace
|-damage|p2a: Cinderace|0 fnt
|faint|p2a: Cinderace
|-damage|p1a: Overqwil|55/100|[from] item: Life Orb
|
|-weather|none
|upkeep
|
|t:|1779708081
|switch|p2a: Ambipom|Ambipom, M, shiny, tera:Normal|100/100
|turn|13
|
|t:|1779708087
|move|p2a: Ambipom|Fake Out|p1a: Overqwil
|-damage|p1a: Overqwil|9/100
|cant|p1a: Overqwil|flinch
|
|upkeep
|turn|14
|
|t:|1779708097
|switch|p1a: Raging Bolt|Raging Bolt|100/100
|-enditem|p1a: Raging Bolt|Booster Energy
|-activate|p1a: Raging Bolt|ability: Protosynthesis|[fromitem]
|-start|p1a: Raging Bolt|protosynthesisspa
|move|p2a: Ambipom|U-turn|p1a: Raging Bolt
|-damage|p1a: Raging Bolt|81/100
|
|t:|1779708111
|switch|p2a: Meowscarada|Meowscarada, F, shiny|100/100|[from] U-turn
|
|upkeep
|turn|15
|
|t:|1779708117
|move|p2a: Meowscarada|Triple Axel|p1a: Raging Bolt
|-start|p2a: Meowscarada|typechange|Ice|[from] ability: Protean
|-supereffective|p1a: Raging Bolt
|-damage|p1a: Raging Bolt|66/100
|-supereffective|p1a: Raging Bolt
|-damage|p1a: Raging Bolt|30/100
|-supereffective|p1a: Raging Bolt
|-damage|p1a: Raging Bolt|0 fnt
|faint|p1a: Raging Bolt
|-end|p1a: Raging Bolt|Protosynthesis|[silent]
|-hitcount|p1: Raging Bolt|3
|
|upkeep
|
|t:|1779708127
|switch|p1a: Pelipper|Pelipper, F|84/100
|-weather|RainDance|[from] ability: Drizzle|[of] p1a: Pelipper
|turn|16
|
|t:|1779708132
|move|p2a: Meowscarada|Triple Axel|p1a: Pelipper
|-damage|p1a: Pelipper|77/100
|-damage|p1a: Pelipper|63/100
|-damage|p1a: Pelipper|40/100
|-hitcount|p1a: Pelipper|3
|move|p1a: Pelipper|Hurricane|p2a: Meowscarada
|-crit|p2a: Meowscarada
|-damage|p2a: Meowscarada|12/100
|
|-weather|RainDance|[upkeep]
|upkeep
|turn|17
|
|t:|1779708142
|move|p2a: Meowscarada|Triple Axel|p1a: Pelipper
|-damage|p1a: Pelipper|34/100
|-hitcount|p1a: Pelipper|1
|move|p1a: Pelipper|Roost|p1a: Pelipper
|-heal|p1a: Pelipper|84/100
|-singleturn|p1a: Pelipper|move: Roost
|
|-weather|RainDance|[upkeep]
|upkeep
|turn|18
|
|t:|1779708152
|move|p2a: Meowscarada|Triple Axel|p1a: Pelipper
|-damage|p1a: Pelipper|77/100
|-hitcount|p1a: Pelipper|1
|move|p1a: Pelipper|Hurricane|p2a: Meowscarada
|-damage|p2a: Meowscarada|0 fnt
|faint|p2a: Meowscarada
|
|-weather|RainDance|[upkeep]
|upkeep
|
|t:|1779708161
|switch|p2a: Ambipom|Ambipom, M, shiny, tera:Normal|100/100
|turn|19
|
|t:|1779708168
|move|p2a: Ambipom|Fake Out|p1a: Pelipper
|-damage|p1a: Pelipper|43/100
|cant|p1a: Pelipper|flinch
|
|-weather|RainDance|[upkeep]
|upkeep
|turn|20
|
|t:|1779708175
|move|p2a: Ambipom|Double Hit|p1a: Pelipper
|-damage|p1a: Pelipper|14/100
|-damage|p1a: Pelipper|0 fnt
|faint|p1a: Pelipper
|-hitcount|p1: Pelipper|2
|
|-weather|RainDance|[upkeep]
|upkeep
|
|t:|1779708178
|switch|p1a: Overqwil|Overqwil, M|9/100
|turn|21
|
|t:|1779708186
|-terastallize|p1a: Overqwil|Water
|move|p1a: Overqwil|Liquidation|p2a: Ambipom
|-damage|p2a: Ambipom|0 fnt
|faint|p2a: Ambipom
|-damage|p1a: Overqwil|0 fnt|[from] item: Life Orb
|faint|p1a: Overqwil
|
|win|vaxanon
|raw|zudexc's rating: 1151 &rarr; <strong>1124</strong><br />(-27 for losing)
|raw|vaxanon's rating: 1118 &rarr; <strong>1145</strong><br />(+27 for winning)
|l|☆zudexc
|player|p1|
|l|☆vaxanon
|player|p2|
