|j|☆lizholmes
|j|☆rowlet13tb
|t:|1779581818
|gametype|singles
|player|p1|lizholmes|baker|1406
|player|p2|rowlet13tb|170|1374
|gen|9
|tier|[Gen 9] OU
|rated|
|rule|HP Percentage Mod: HP is shown in percentages
|rule|Endless Battle Clause: Forcing endless battles is banned
|rule|Species Clause: Limit one of each Pokémon
|rule|OHKO Clause: OHKO moves are banned
|rule|Evasion Items Clause: Evasion items are banned
|rule|Evasion Moves Clause: Evasion moves are banned
|rule|Evasion Abilities Clause: Evasion abilities are banned
|rule|Sleep Moves Clause: Sleep-inducing moves are banned
|clearpoke
|poke|p1|Zamazenta-*|
|poke|p1|Iron Hands|
|poke|p1|Ceruledge, F|
|poke|p1|Iron Valiant|
|poke|p1|Deoxys-Speed|
|poke|p1|Glimmora, F|
|poke|p2|Blastoise, F|
|poke|p2|Heatran, M|
|poke|p2|Great Tusk|
|poke|p2|Alcremie, F|
|poke|p2|Salamence, F|
|poke|p2|Sinistcha-Masterpiece|
|teampreview
|inactive|Battle timer is ON: inactive players will automatically lose when time's up. (requested by rowlet13tb)
|
|t:|1779581844
|teamsize|p1|6
|teamsize|p2|6
|start
|switch|p1a: Deoxys|Deoxys-Speed|100/100
|switch|p2a: Heatran|Heatran, M|100/100
|-ability|p1a: Deoxys|Pressure
|turn|1
|
|t:|1779581855
|move|p1a: Deoxys|Taunt|p2a: Heatran
|-start|p2a: Heatran|move: Taunt
|cant|p2a: Heatran|move: Taunt|Stealth Rock
|
|upkeep
|turn|2
|
|t:|1779581863
|switch|p1a: Glimmora|Glimmora, F|100/100
|move|p2a: Heatran|Flamethrower|p1a: Glimmora
|-resisted|p1a: Glimmora
|-damage|p1a: Glimmora|79/100
|-enditem|p1a: Glimmora|Red Card|[of] p2a: Heatran
|drag|p2a: Sinistcha|Sinistcha-Masterpiece|100/100
|
|upkeep
|turn|3
|
|t:|1779581873
|move|p1a: Glimmora|Stealth Rock|p2a: Sinistcha
|-sidestart|p2: rowlet13tb|move: Stealth Rock
|move|p2a: Sinistcha|Calm Mind|p2a: Sinistcha
|-boost|p2a: Sinistcha|spa|1
|-boost|p2a: Sinistcha|spd|1
|
|upkeep
|turn|4
|
|t:|1779581881
|move|p1a: Glimmora|Mortal Spin|p2a: Sinistcha
|-damage|p2a: Sinistcha|95/100
|-status|p2a: Sinistcha|psn
|move|p2a: Sinistcha|Calm Mind|p2a: Sinistcha
|-boost|p2a: Sinistcha|spa|1
|-boost|p2a: Sinistcha|spd|1
|
|-damage|p2a: Sinistcha|83/100 psn|[from] psn
|upkeep
|turn|5
|
|t:|1779581893
|switch|p1a: Ceruledge|Ceruledge, F|100/100
|move|p2a: Sinistcha|Matcha Gotcha|p1a: Ceruledge
|-resisted|p1a: Ceruledge
|-damage|p1a: Ceruledge|48/100
|-heal|p2a: Sinistcha|100/100 psn|[from] drain|[of] p1a: Ceruledge
|
|-damage|p2a: Sinistcha|88/100 psn|[from] psn
|upkeep
|turn|6
|
|t:|1779581904
|move|p1a: Ceruledge|Poltergeist|p2a: Sinistcha
|-activate|p2a: Sinistcha|move: Poltergeist|Weakness Policy
|-supereffective|p2a: Sinistcha
|-damage|p2a: Sinistcha|0 fnt
|faint|p2a: Sinistcha
|-damage|p1a: Ceruledge|38/100|[from] item: Life Orb
|
|upkeep
|
|t:|1779581913
|switch|p2a: Heatran|Heatran, M|100/100
|-damage|p2a: Heatran|88/100|[from] Stealth Rock
|turn|7
|
|t:|1779581922
|switch|p1a: Glimmora|Glimmora, F|79/100
|move|p2a: Heatran|Stealth Rock|p1a: Glimmora
|-sidestart|p1: lizholmes|move: Stealth Rock
|
|-heal|p2a: Heatran|94/100|[from] item: Leftovers
|upkeep
|turn|8
|
|t:|1779581931
|move|p1a: Glimmora|Earth Power|p2a: Heatran
|-supereffective|p2a: Heatran
|-damage|p2a: Heatran|34/100
|move|p2a: Heatran|Flamethrower|p1a: Glimmora
|-resisted|p1a: Glimmora
|-damage|p1a: Glimmora|59/100
|
|-heal|p2a: Heatran|40/100|[from] item: Leftovers
|upkeep
|turn|9
|
|t:|1779581941
|move|p1a: Glimmora|Mortal Spin|p2a: Heatran
|-immune|p2a: Heatran
|move|p2a: Heatran|Flash Cannon|p1a: Glimmora
|-supereffective|p1a: Glimmora
|-damage|p1a: Glimmora|0 fnt
|faint|p1a: Glimmora
|
|-heal|p2a: Heatran|47/100|[from] item: Leftovers
|upkeep
|
|t:|1779581950
|switch|p1a: Deoxys|Deoxys-Speed|100/100
|-damage|p1a: Deoxys|88/100|[from] Stealth Rock
|-ability|p1a: Deoxys|Pressure
|turn|10
|
|t:|1779581958
|move|p1a: Deoxys|Light Screen|p1a: Deoxys
|-sidestart|p1: lizholmes|move: Light Screen
|move|p2a: Heatran|Will-O-Wisp|p1a: Deoxys
|-status|p1a: Deoxys|brn
|
|-heal|p2a: Heatran|53/100|[from] item: Leftovers
|-damage|p1a: Deoxys|82/100 brn|[from] brn
|upkeep
|turn|11
|
|t:|1779581972
|move|p1a: Deoxys|Reflect|p1a: Deoxys
|-sidestart|p1: lizholmes|Reflect
|move|p2a: Heatran|Flamethrower|p1a: Deoxys
|-damage|p1a: Deoxys|60/100 brn
|
|-heal|p2a: Heatran|59/100|[from] item: Leftovers
|-damage|p1a: Deoxys|54/100 brn|[from] brn
|upkeep
|turn|12
|
|t:|1779581982
|move|p1a: Deoxys|Taunt|p2a: Heatran
|-start|p2a: Heatran|move: Taunt
|move|p2a: Heatran|Flamethrower|p1a: Deoxys
|-damage|p1a: Deoxys|31/100 brn
|
|-heal|p2a: Heatran|65/100|[from] item: Leftovers
|-damage|p1a: Deoxys|25/100 brn|[from] brn
|upkeep
|turn|13
|
|t:|1779581992
|switch|p1a: Iron Hands|Iron Hands|100/100
|-damage|p1a: Iron Hands|94/100|[from] Stealth Rock
|-enditem|p1a: Iron Hands|Booster Energy
|-activate|p1a: Iron Hands|ability: Quark Drive|[fromitem]
|-start|p1a: Iron Hands|quarkdriveatk
|move|p2a: Heatran|Flamethrower|p1a: Iron Hands
|-damage|p1a: Iron Hands|73/100
|
|-heal|p2a: Heatran|71/100|[from] item: Leftovers
|upkeep
|turn|14
|
|t:|1779582004
|move|p1a: Iron Hands|Supercell Slam|p2a: Heatran|[miss]
|-miss|p1a: Iron Hands|p2a: Heatran
|-damage|p1a: Iron Hands|23/100|[from] supercellslam
|move|p2a: Heatran|Flamethrower|p1a: Iron Hands
|-damage|p1a: Iron Hands|1/100
|
|-heal|p2a: Heatran|78/100|[from] item: Leftovers
|-end|p2a: Heatran|move: Taunt
|upkeep
|turn|15
|
|t:|1779582015
|move|p1a: Iron Hands|Close Combat|p2a: Heatran
|-supereffective|p2a: Heatran
|-damage|p2a: Heatran|0 fnt
|-unboost|p1a: Iron Hands|def|1
|-unboost|p1a: Iron Hands|spd|1
|faint|p2a: Heatran
|
|upkeep
|
|t:|1779582024
|switch|p2a: Great Tusk|Great Tusk|100/100
|-damage|p2a: Great Tusk|98/100|[from] Stealth Rock
|turn|16
|
|t:|1779582030
|-end|p1a: Iron Hands|Quark Drive|[silent]
|switch|p1a: Ceruledge|Ceruledge, F|38/100
|-damage|p1a: Ceruledge|13/100|[from] Stealth Rock
|move|p2a: Great Tusk|Rapid Spin|p1a: Ceruledge
|-immune|p1a: Ceruledge
|
|-heal|p2a: Great Tusk|100/100|[from] item: Leftovers
|upkeep
|turn|17
|
|t:|1779582039
|move|p1a: Ceruledge|Shadow Sneak|p2a: Great Tusk
|-damage|p2a: Great Tusk|82/100
|-damage|p1a: Ceruledge|3/100|[from] item: Life Orb
|move|p2a: Great Tusk|Bulk Up|p2a: Great Tusk
|-boost|p2a: Great Tusk|atk|1
|-boost|p2a: Great Tusk|def|1
|
|-heal|p2a: Great Tusk|89/100|[from] item: Leftovers
|-sideend|p1: lizholmes|move: Light Screen
|upkeep
|turn|18
|
|t:|1779582051
|move|p1a: Ceruledge|Poltergeist|p2a: Great Tusk
|-activate|p2a: Great Tusk|move: Poltergeist|Leftovers
|-damage|p2a: Great Tusk|53/100
|-damage|p1a: Ceruledge|0 fnt|[from] item: Life Orb
|faint|p1a: Ceruledge
|move|p2a: Great Tusk|Bulk Up|p2a: Great Tusk
|-boost|p2a: Great Tusk|atk|1
|-boost|p2a: Great Tusk|def|1
|
|-heal|p2a: Great Tusk|60/100|[from] item: Leftovers
|-sideend|p1: lizholmes|Reflect
|upkeep
|
|t:|1779582055
|switch|p1a: Iron Valiant|Iron Valiant|100/100
|-damage|p1a: Iron Valiant|94/100|[from] Stealth Rock
|-enditem|p1a: Iron Valiant|Booster Energy
|-activate|p1a: Iron Valiant|ability: Quark Drive|[fromitem]
|-start|p1a: Iron Valiant|quarkdrivespe
|turn|19
|
|t:|1779582070
|-terastallize|p2a: Great Tusk|Ground
|move|p1a: Iron Valiant|Moonblast|p2a: Great Tusk
|-damage|p2a: Great Tusk|0 fnt
|faint|p2a: Great Tusk
|-end|p2a: Great Tusk|Protosynthesis|[silent]
|
|upkeep
|
|t:|1779582077
|switch|p2a: Alcremie|Alcremie, F|100/100
|-damage|p2a: Alcremie|88/100|[from] Stealth Rock
|turn|20
|
|t:|1779582089
|move|p1a: Iron Valiant|Calm Mind|p1a: Iron Valiant
|-boost|p1a: Iron Valiant|spa|1
|-boost|p1a: Iron Valiant|spd|1
|move|p2a: Alcremie|Calm Mind|p2a: Alcremie
|-boost|p2a: Alcremie|spa|1
|-boost|p2a: Alcremie|spd|1
|
|-heal|p2a: Alcremie|94/100|[from] item: Leftovers
|upkeep
|turn|21
|
|t:|1779582098
|-terastallize|p1a: Iron Valiant|Steel
|move|p1a: Iron Valiant|Calm Mind|p1a: Iron Valiant
|-boost|p1a: Iron Valiant|spa|1
|-boost|p1a: Iron Valiant|spd|1
|move|p2a: Alcremie|Calm Mind|p2a: Alcremie
|-boost|p2a: Alcremie|spa|1
|-boost|p2a: Alcremie|spd|1
|
|-heal|p2a: Alcremie|99/100|[from] item: Leftovers
|upkeep
|turn|22
|
|t:|1779582109
|move|p1a: Iron Valiant|Moonblast|p2a: Alcremie
|-damage|p2a: Alcremie|58/100
|move|p2a: Alcremie|Calm Mind|p2a: Alcremie
|-boost|p2a: Alcremie|spa|1
|-boost|p2a: Alcremie|spd|1
|
|-heal|p2a: Alcremie|64/100|[from] item: Leftovers
|upkeep
|turn|23
|
|t:|1779582118
|move|p1a: Iron Valiant|Calm Mind|p1a: Iron Valiant
|-boost|p1a: Iron Valiant|spa|1
|-boost|p1a: Iron Valiant|spd|1
|move|p2a: Alcremie|Calm Mind|p2a: Alcremie
|-boost|p2a: Alcremie|spa|1
|-boost|p2a: Alcremie|spd|1
|
|-heal|p2a: Alcremie|70/100|[from] item: Leftovers
|upkeep
|turn|24
|
|t:|1779582127
|move|p1a: Iron Valiant|Calm Mind|p1a: Iron Valiant
|-boost|p1a: Iron Valiant|spa|1
|-boost|p1a: Iron Valiant|spd|1
|move|p2a: Alcremie|Calm Mind|p2a: Alcremie
|-boost|p2a: Alcremie|spa|1
|-boost|p2a: Alcremie|spd|1
|
|-heal|p2a: Alcremie|76/100|[from] item: Leftovers
|upkeep
|turn|25
|
|t:|1779582136
|move|p1a: Iron Valiant|Calm Mind|p1a: Iron Valiant
|-boost|p1a: Iron Valiant|spa|1
|-boost|p1a: Iron Valiant|spd|1
|move|p2a: Alcremie|Calm Mind|p2a: Alcremie
|-boost|p2a: Alcremie|spa|1
|-boost|p2a: Alcremie|spd|1
|
|-heal|p2a: Alcremie|82/100|[from] item: Leftovers
|upkeep
|turn|26
|
|t:|1779582146
|move|p1a: Iron Valiant|Calm Mind|p1a: Iron Valiant
|-boost|p1a: Iron Valiant|spa|1
|-boost|p1a: Iron Valiant|spd|1
|move|p2a: Alcremie|Draining Kiss|p1a: Iron Valiant
|-resisted|p1a: Iron Valiant
|-damage|p1a: Iron Valiant|76/100
|-heal|p2a: Alcremie|94/100|[from] drain|[of] p1a: Iron Valiant
|
|-heal|p2a: Alcremie|99/100|[from] item: Leftovers
|upkeep
|turn|27
|
|t:|1779582157
|move|p1a: Iron Valiant|Moonblast|p2a: Alcremie
|-damage|p2a: Alcremie|60/100
|move|p2a: Alcremie|Draining Kiss|p1a: Iron Valiant
|-resisted|p1a: Iron Valiant
|-damage|p1a: Iron Valiant|56/100
|-heal|p2a: Alcremie|73/100|[from] drain|[of] p1a: Iron Valiant
|
|-heal|p2a: Alcremie|79/100|[from] item: Leftovers
|upkeep
|turn|28
|
|t:|1779582167
|move|p1a: Iron Valiant|Moonblast|p2a: Alcremie
|-damage|p2a: Alcremie|40/100
|move|p2a: Alcremie|Draining Kiss|p1a: Iron Valiant
|-resisted|p1a: Iron Valiant
|-damage|p1a: Iron Valiant|36/100
|-heal|p2a: Alcremie|53/100|[from] drain|[of] p1a: Iron Valiant
|
|-heal|p2a: Alcremie|59/100|[from] item: Leftovers
|upkeep
|turn|29
|
|t:|1779582177
|move|p1a: Iron Valiant|Moonblast|p2a: Alcremie
|-crit|p2a: Alcremie
|-damage|p2a: Alcremie|0 fnt
|faint|p2a: Alcremie
|
|upkeep
|
|t:|1779582183
|switch|p2a: Blastoise|Blastoise, F|100/100
|-damage|p2a: Blastoise|88/100|[from] Stealth Rock
|turn|30
|
|t:|1779582188
|move|p1a: Iron Valiant|Thunderbolt|p2a: Blastoise
|-supereffective|p2a: Blastoise
|-damage|p2a: Blastoise|0 fnt
|faint|p2a: Blastoise
|
|upkeep
|
|t:|1779582193
|switch|p2a: Salamence|Salamence, F|100/100
|-damage|p2a: Salamence|76/100|[from] Stealth Rock
|turn|31
|
|t:|1779582198
|move|p1a: Iron Valiant|Moonblast|p2a: Salamence
|-supereffective|p2a: Salamence
|-damage|p2a: Salamence|0 fnt
|faint|p2a: Salamence
|
|win|lizholmes
|raw|lizholmes's rating: 1406 &rarr; <strong>1424</strong><br />(+18 for winning)
|raw|rowlet13tb's rating: 1374 &rarr; <strong>1356</strong><br />(-18 for losing)
|l|☆rowlet13tb
|player|p2|
|l|☆lizholmes
|player|p1|
