|j|‽Leap Call
|j|☆muskat-mix
|t:|1779624840
|gametype|singles
|player|p1|Leap Call|266|1324
|player|p2|muskat-mix|2|1395
|gen|9
|tier|[Gen 9] OU
|rated|
|rule|HP Percentage Mod: HP is shown in percentages
|rule|Endless Battle Clause: Forcing endless battles is banned
|rule|Species Clause: Limit one of each Pokémon
|rule|OHKO Clause: OHKO moves are banned
|rule|Evasion Items Clause: Evasion items are banned
|rule|Evasion Moves Clause: Evasion moves are banned
|rule|Evasion Abilities Clause: Evasion abilities are banned
|rule|Sleep Moves Clause: Sleep-inducing moves are banned
|clearpoke
|poke|p1|Pelipper, F|
|poke|p1|Lokix, F|
|poke|p1|Raging Bolt|
|poke|p1|Overqwil, F|
|poke|p1|Iron Treads|
|poke|p1|Barraskewda, M|
|poke|p2|Alomomola, F|
|poke|p2|Pecharunt|
|poke|p2|Great Tusk|
|poke|p2|Lokix, M|
|poke|p2|Iron Crown|
|poke|p2|Enamorus, F|
|teampreview
|inactive|Battle timer is ON: inactive players will automatically lose when time's up. (requested by muskat-mix)
|
|t:|1779624852
|teamsize|p1|6
|teamsize|p2|6
|start
|switch|p1a: Pelipper|Pelipper, F|100/100
|switch|p2a: Iron Crown|Iron Crown|100/100
|-weather|RainDance|[from] ability: Drizzle|[of] p1a: Pelipper
|turn|1
|
|t:|1779624855
|switch|p1a: Iron Treads|Iron Treads|100/100
|-enditem|p1a: Iron Treads|Booster Energy
|-activate|p1a: Iron Treads|ability: Quark Drive|[fromitem]
|-start|p1a: Iron Treads|quarkdrivespe
|move|p2a: Iron Crown|Focus Blast|p1a: Iron Treads
|-supereffective|p1a: Iron Treads
|-damage|p1a: Iron Treads|0 fnt
|faint|p1a: Iron Treads
|-end|p1a: Iron Treads|Quark Drive|[silent]
|
|-weather|RainDance|[upkeep]
|upkeep
|
|t:|1779624862
|switch|p1a: Barraskewda|Barraskewda, M|100/100
|turn|2
|
|t:|1779624879
|-end|p2a: Iron Crown|Quark Drive|[silent]
|switch|p2a: Alomomola|Alomomola, F|100/100
|-terastallize|p1a: Barraskewda|Water
|move|p1a: Barraskewda|Flip Turn|p2a: Alomomola
|-resisted|p2a: Alomomola
|-damage|p2a: Alomomola|65/100
|
|t:|1779624881
|switch|p1a: Raging Bolt|Raging Bolt|100/100|[from] Flip Turn
|
|-weather|RainDance|[upkeep]
|upkeep
|turn|3
|
|t:|1779624889
|move|p1a: Raging Bolt|Weather Ball|p2a: Alomomola
|-resisted|p2a: Alomomola
|-damage|p2a: Alomomola|43/100
|move|p2a: Alomomola|Mirror Coat|p1a: Raging Bolt
|-damage|p1a: Raging Bolt|40/100
|
|-weather|RainDance|[upkeep]
|upkeep
|turn|4
|
|t:|1779624896
|-end|p1a: Raging Bolt|Protosynthesis|[silent]
|switch|p1a: Overqwil|Overqwil, F|100/100
|move|p2a: Alomomola|Flip Turn|p1a: Overqwil
|-damage|p1a: Overqwil|71/100
|
|t:|1779624899
|switch|p2a: Lokix|Lokix, M|100/100|[from] Flip Turn
|
|-weather|RainDance|[upkeep]
|upkeep
|turn|5
|
|t:|1779624904
|switch|p1a: Raging Bolt|Raging Bolt|40/100
|-terastallize|p2a: Lokix|Bug
|move|p2a: Lokix|First Impression|p1a: Raging Bolt
|-damage|p1a: Raging Bolt|0 fnt
|faint|p1a: Raging Bolt
|-end|p1a: Raging Bolt|Protosynthesis|[silent]
|
|-weather|RainDance|[upkeep]
|upkeep
|
|t:|1779624908
|switch|p1a: Barraskewda|Barraskewda, M, tera:Water|100/100
|turn|6
|
|t:|1779624913
|switch|p2a: Alomomola|Alomomola, F|76/100
|move|p1a: Barraskewda|Liquidation|p2a: Alomomola
|-resisted|p2a: Alomomola
|-damage|p2a: Alomomola|25/100
|-unboost|p2a: Alomomola|def|1
|
|-weather|RainDance|[upkeep]
|upkeep
|turn|7
|
|t:|1779624918
|move|p1a: Barraskewda|Liquidation|p2a: Alomomola
|-resisted|p2a: Alomomola
|-damage|p2a: Alomomola|0 fnt
|faint|p2a: Alomomola
|
|-weather|RainDance|[upkeep]
|upkeep
|
|t:|1779624920
|switch|p2a: Lokix|Lokix, M, tera:Bug|100/100
|turn|8
|
|t:|1779624925
|switch|p1a: Pelipper|Pelipper, F|100/100
|move|p2a: Lokix|Knock Off|p1a: Pelipper
|-damage|p1a: Pelipper|31/100
|-enditem|p1a: Pelipper|Damp Rock|[from] move: Knock Off|[of] p2a: Lokix
|
|-weather|none
|upkeep
|turn|9
|
|t:|1779624931
|move|p2a: Lokix|Knock Off|p1a: Pelipper
|-damage|p1a: Pelipper|0 fnt
|faint|p1a: Pelipper
|
|upkeep
|
|t:|1779624933
|switch|p1a: Lokix|Lokix, F|100/100
|turn|10
|
|t:|1779624936
|switch|p2a: Pecharunt|Pecharunt|100/100
|move|p1a: Lokix|Leech Life|p2a: Pecharunt
|-resisted|p2a: Pecharunt
|-damage|p2a: Pecharunt|88/100
|-damage|p1a: Lokix|84/100|[from] item: Rocky Helmet|[of] p2a: Pecharunt
|
|upkeep
|turn|11
|-message|Leap Call forfeited.
|
|win|muskat-mix
|raw|Leap Call's rating: 1324 &rarr; <strong>1308</strong><br />(-16 for losing)
|raw|muskat-mix's rating: 1395 &rarr; <strong>1411</strong><br />(+16 for winning)
