|j|☆WEED4NOZE
|j|☆Snoboh
|t:|1779716285
|gametype|singles
|player|p1|WEED4NOZE|theroyal|1395
|player|p2|Snoboh|gentleman-gen4|1425
|gen|9
|tier|[Gen 9] OU
|rated|
|rule|HP Percentage Mod: HP is shown in percentages
|rule|Endless Battle Clause: Forcing endless battles is banned
|rule|Species Clause: Limit one of each Pokémon
|rule|OHKO Clause: OHKO moves are banned
|rule|Evasion Items Clause: Evasion items are banned
|rule|Evasion Moves Clause: Evasion moves are banned
|rule|Evasion Abilities Clause: Evasion abilities are banned
|rule|Sleep Moves Clause: Sleep-inducing moves are banned
|clearpoke
|poke|p1|Rillaboom, M|
|poke|p1|Mandibuzz, F|
|poke|p1|Kyurem|
|poke|p1|Slowking-Galar, F|
|poke|p1|Blaziken, F|
|poke|p1|Gholdengo|
|poke|p2|Torkoal, M|
|poke|p2|Ogerpon-Cornerstone, F|
|poke|p2|Walking Wake|
|poke|p2|Great Tusk|
|poke|p2|Scovillain, M|
|poke|p2|Ninetales, M|
|teampreview
|inactive|Battle timer is ON: inactive players will automatically lose when time's up. (requested by Snoboh)
|
|t:|1779716308
|teamsize|p1|6
|teamsize|p2|6
|start
|switch|p1a: Slowking|Slowking-Galar, F|100/100
|switch|p2a: Ninetales|Ninetales, M|100/100
|-weather|SunnyDay|[from] ability: Drought|[of] p2a: Ninetales
|turn|1
|c|☆WEED4NOZE|hf
|
|t:|1779716326
|move|p2a: Ninetales|Scorching Sands|p1a: Slowking
|-supereffective|p1a: Slowking
|-damage|p1a: Slowking|71/100
|-status|p1a: Slowking|brn
|move|p1a: Slowking|Thunder Wave|p2a: Ninetales
|-status|p2a: Ninetales|par
|
|-weather|SunnyDay|[upkeep]
|-heal|p1a: Slowking|77/100 brn|[from] item: Leftovers
|-damage|p1a: Slowking|71/100 brn|[from] brn
|upkeep
|turn|2
|inactive|Snoboh has 120 seconds left.
|
|t:|1779716362
|switch|p2a: Great Tusk|Great Tusk|100/100
|-activate|p2a: Great Tusk|ability: Protosynthesis
|-start|p2a: Great Tusk|protosynthesisspe
|-prepare|p1a: Slowking|Chilly Reception|[premajor]
|move|p1a: Slowking|Chilly Reception|p1a: Slowking
|-weather|Snowscape
|-end|p2a: Great Tusk|Protosynthesis
|inactive|WEED4NOZE has 120 seconds left.
|
|t:|1779716374
|switch|p1a: Kyurem|Kyurem|100/100|[from] Chilly Reception
|-ability|p1a: Kyurem|Pressure
|
|-weather|Snowscape|[upkeep]
|upkeep
|turn|3
|
|t:|1779716381
|-end|p2a: Great Tusk|Protosynthesis|[silent]
|switch|p2a: Torkoal|Torkoal, M|100/100
|-weather|SunnyDay|[from] ability: Drought|[of] p2a: Torkoal
|move|p1a: Kyurem|Draco Meteor|p2a: Torkoal|[miss]
|-miss|p1a: Kyurem|p2a: Torkoal
|
|-weather|SunnyDay|[upkeep]
|upkeep
|turn|4
|inactive|WEED4NOZE has 120 seconds left.
|
|t:|1779716402
|move|p1a: Kyurem|Draco Meteor|p2a: Torkoal
|-damage|p2a: Torkoal|9/100
|-unboost|p1a: Kyurem|spa|2
|move|p2a: Torkoal|Stealth Rock|p1a: Kyurem
|-sidestart|p1: WEED4NOZE|move: Stealth Rock
|
|-weather|SunnyDay|[upkeep]
|upkeep
|turn|5
|inactive|WEED4NOZE has 120 seconds left.
|
|t:|1779716415
|switch|p2a: Scovillain|Scovillain, M|100/100
|move|p1a: Kyurem|Draco Meteor|p2a: Scovillain
|-damage|p2a: Scovillain|12/100
|-unboost|p1a: Kyurem|spa|2
|
|-weather|SunnyDay|[upkeep]
|upkeep
|turn|6
|inactive|WEED4NOZE has 120 seconds left.
|
|t:|1779716447
|switch|p1a: Blaziken|Blaziken, F|100/100
|move|p2a: Scovillain|Overheat|p1a: Blaziken
|-resisted|p1a: Blaziken
|-damage|p1a: Blaziken|0 fnt
|-unboost|p2a: Scovillain|spa|2
|faint|p1a: Blaziken
|
|-weather|SunnyDay|[upkeep]
|upkeep
|
|t:|1779716455
|switch|p1a: Rillaboom|Rillaboom, M|100/100
|-damage|p1a: Rillaboom|88/100|[from] Stealth Rock
|-fieldstart|move: Grassy Terrain|[from] ability: Grassy Surge|[of] p1a: Rillaboom
|turn|7
|
|t:|1779716460
|move|p1a: Rillaboom|Grassy Glide|p2a: Scovillain
|-resisted|p2a: Scovillain
|-damage|p2a: Scovillain|0 fnt
|faint|p2a: Scovillain
|
|-weather|SunnyDay|[upkeep]
|-heal|p1a: Rillaboom|94/100|[from] Grassy Terrain
|upkeep
|
|t:|1779716486
|switch|p2a: Walking Wake|Walking Wake|100/100
|-activate|p2a: Walking Wake|ability: Protosynthesis
|-start|p2a: Walking Wake|protosynthesisspe
|turn|8
|
|t:|1779716510
|switch|p1a: Mandibuzz|Mandibuzz, F|100/100
|-terastallize|p2a: Walking Wake|Fire
|move|p2a: Walking Wake|Weather Ball|p1a: Mandibuzz
|-damage|p1a: Mandibuzz|27/100
|
|-weather|SunnyDay|[upkeep]
|upkeep
|turn|9
|
|t:|1779716519
|move|p2a: Walking Wake|Weather Ball|p1a: Mandibuzz
|-damage|p1a: Mandibuzz|0 fnt
|faint|p1a: Mandibuzz
|
|-weather|SunnyDay|[upkeep]
|upkeep
|
|t:|1779716529
|switch|p1a: Slowking|Slowking-Galar, F|100/100 brn
|-damage|p1a: Slowking|88/100 brn|[from] Stealth Rock
|turn|10
|
|t:|1779716538
|move|p2a: Walking Wake|Weather Ball|p1a: Slowking
|-crit|p1a: Slowking
|-damage|p1a: Slowking|0 fnt
|faint|p1a: Slowking
|
|-weather|none
|-end|p2a: Walking Wake|Protosynthesis
|upkeep
|c|☆WEED4NOZE|crit mattered
|inactive|WEED4NOZE has 90 seconds left.
|c|☆WEED4NOZE|gg
|-message|WEED4NOZE forfeited.
|
|win|Snoboh
|raw|WEED4NOZE's rating: 1395 &rarr; <strong>1377</strong><br />(-18 for losing)
|raw|Snoboh's rating: 1425 &rarr; <strong>1443</strong><br />(+18 for winning)
|l|☆WEED4NOZE
|player|p1|
|l|☆Snoboh
|player|p2|
