|j|☆benioooo
|j|☆Freakshow_09
|t:|1779723057
|gametype|singles
|player|p1|benioooo|cynthia-gen4|1093
|player|p2|Freakshow_09|ethan|1105
|gen|9
|tier|[Gen 9] OU
|rated|
|rule|HP Percentage Mod: HP is shown in percentages
|rule|Endless Battle Clause: Forcing endless battles is banned
|rule|Species Clause: Limit one of each Pokémon
|rule|OHKO Clause: OHKO moves are banned
|rule|Evasion Items Clause: Evasion items are banned
|rule|Evasion Moves Clause: Evasion moves are banned
|rule|Evasion Abilities Clause: Evasion abilities are banned
|rule|Sleep Moves Clause: Sleep-inducing moves are banned
|clearpoke
|poke|p1|Manaphy|
|poke|p1|Goodra-Hisui, M|
|poke|p1|Skeledirge, F|
|poke|p1|Iron Valiant|
|poke|p1|Iron Hands|
|poke|p1|Clefable, F|
|poke|p2|Typhlosion-Hisui, F|
|poke|p2|Tyranitar, M|
|poke|p2|Scizor, F|
|poke|p2|Feraligatr, F|
|poke|p2|Heracross, M|
|poke|p2|Bellossom, F|
|teampreview
|
|t:|1779723090
|teamsize|p1|6
|teamsize|p2|6
|start
|switch|p1a: fofinho|Manaphy|100/100
|switch|p2a: CODENAME: D.A.R.K|Tyranitar, M|100/100
|-weather|Sandstorm|[from] ability: Sand Stream|[of] p2a: CODENAME: D.A.R.K
|turn|1
|
|t:|1779723103
|move|p1a: fofinho|Hydro Pump|p2a: CODENAME: D.A.R.K
|-supereffective|p2a: CODENAME: D.A.R.K
|-damage|p2a: CODENAME: D.A.R.K|0 fnt
|faint|p2a: CODENAME: D.A.R.K
|
|-weather|Sandstorm|[upkeep]
|-damage|p1a: fofinho|94/100|[from] Sandstorm
|upkeep
|
|t:|1779723115
|switch|p2a: Madame Bloss|Bellossom, F|100/100
|turn|2
|
|t:|1779723123
|switch|p1a: vacinado|Skeledirge, F|100/100
|move|p2a: Madame Bloss|Quiver Dance|p2a: Madame Bloss
|-boost|p2a: Madame Bloss|spa|1
|-boost|p2a: Madame Bloss|spd|1
|-boost|p2a: Madame Bloss|spe|1
|
|-weather|Sandstorm|[upkeep]
|-damage|p2a: Madame Bloss|94/100|[from] Sandstorm
|-damage|p1a: vacinado|94/100|[from] Sandstorm
|-heal|p2a: Madame Bloss|100/100|[from] item: Leftovers
|upkeep
|turn|3
|
|t:|1779723133
|move|p2a: Madame Bloss|Sunny Day|p2a: Madame Bloss
|-weather|SunnyDay
|move|p1a: vacinado|Torch Song|p2a: Madame Bloss
|-supereffective|p2a: Madame Bloss
|-damage|p2a: Madame Bloss|0 fnt
|-boost|p1a: vacinado|spa|1
|faint|p2a: Madame Bloss
|
|-weather|SunnyDay|[upkeep]
|upkeep
|
|t:|1779723142
|switch|p2a: CODENAME: Panzer|Feraligatr, F|100/100
|turn|4
|
|t:|1779723147
|move|p2a: CODENAME: Panzer|Dragon Dance|p2a: CODENAME: Panzer
|-boost|p2a: CODENAME: Panzer|atk|1
|-boost|p2a: CODENAME: Panzer|spe|1
|move|p1a: vacinado|Encore|p2a: CODENAME: Panzer
|-start|p2a: CODENAME: Panzer|Encore
|
|-weather|SunnyDay|[upkeep]
|upkeep
|turn|5
|
|t:|1779723156
|switch|p1a: girdão da xj|Iron Hands|100/100
|-enditem|p1a: girdão da xj|Booster Energy
|-activate|p1a: girdão da xj|ability: Quark Drive|[fromitem]
|-start|p1a: girdão da xj|quarkdriveatk
|-terastallize|p2a: CODENAME: Panzer|Fire
|move|p2a: CODENAME: Panzer|Dragon Dance|p2a: CODENAME: Panzer
|-boost|p2a: CODENAME: Panzer|atk|1
|-boost|p2a: CODENAME: Panzer|spe|1
|
|-weather|SunnyDay|[upkeep]
|upkeep
|turn|6
|
|t:|1779723165
|-end|p1a: girdão da xj|Quark Drive|[silent]
|switch|p1a: fofinho|Manaphy|94/100
|move|p2a: CODENAME: Panzer|Dragon Dance|p2a: CODENAME: Panzer
|-boost|p2a: CODENAME: Panzer|atk|1
|-boost|p2a: CODENAME: Panzer|spe|1
|
|-weather|SunnyDay|[upkeep]
|upkeep
|turn|7
|
|t:|1779723171
|move|p2a: CODENAME: Panzer|Dragon Dance|p2a: CODENAME: Panzer
|-boost|p2a: CODENAME: Panzer|atk|1
|-boost|p2a: CODENAME: Panzer|spe|1
|move|p1a: fofinho|Hydro Pump|p2a: CODENAME: Panzer|[miss]
|-miss|p1a: fofinho|p2a: CODENAME: Panzer
|
|-weather|none
|-end|p2a: CODENAME: Panzer|Encore
|upkeep
|turn|8
|
|t:|1779723183
|move|p2a: CODENAME: Panzer|Waterfall|p1a: fofinho
|-resisted|p1a: fofinho
|-damage|p1a: fofinho|27/100
|move|p1a: fofinho|Hydro Pump|p2a: CODENAME: Panzer|[miss]
|-miss|p1a: fofinho|p2a: CODENAME: Panzer
|
|upkeep
|turn|9
|
|t:|1779723190
|move|p2a: CODENAME: Panzer|Waterfall|p1a: fofinho
|-resisted|p1a: fofinho
|-damage|p1a: fofinho|0 fnt
|faint|p1a: fofinho
|
|upkeep
|
|t:|1779723199
|switch|p1a: gary|Goodra-Hisui, M|100/100
|turn|10
|
|t:|1779723204
|move|p2a: CODENAME: Panzer|Ice Punch|p1a: gary
|-damage|p1a: gary|0 fnt
|faint|p1a: gary
|
|upkeep
|
|t:|1779723207
|switch|p1a: girdão da xj|Iron Hands|100/100
|turn|11
|
|t:|1779723212
|move|p1a: girdão da xj|Fake Out|p2a: CODENAME: Panzer
|-damage|p2a: CODENAME: Panzer|86/100
|cant|p2a: CODENAME: Panzer|flinch
|
|upkeep
|turn|12
|
|t:|1779723217
|move|p2a: CODENAME: Panzer|Waterfall|p1a: girdão da xj
|-damage|p1a: girdão da xj|0 fnt
|faint|p1a: girdão da xj
|-end|p1a: girdão da xj|Quark Drive|[silent]
|
|upkeep
|
|t:|1779723221
|switch|p1a: garota confusa|Clefable, F|100/100
|turn|13
|
|t:|1779723225
|move|p2a: CODENAME: Panzer|Waterfall|p1a: garota confusa
|-damage|p1a: garota confusa|0 fnt
|faint|p1a: garota confusa
|
|upkeep
|
|t:|1779723228
|switch|p1a: samurai jack|Iron Valiant|100/100
|-enditem|p1a: samurai jack|Booster Energy
|-activate|p1a: samurai jack|ability: Quark Drive|[fromitem]
|-start|p1a: samurai jack|quarkdrivespe
|turn|14
|
|t:|1779723233
|move|p2a: CODENAME: Panzer|Waterfall|p1a: samurai jack
|-damage|p1a: samurai jack|0 fnt
|faint|p1a: samurai jack
|-end|p1a: samurai jack|Quark Drive|[silent]
|
|upkeep
|
|t:|1779723236
|switch|p1a: vacinado|Skeledirge, F|94/100
|turn|15
|
|t:|1779723239
|move|p2a: CODENAME: Panzer|Waterfall|p1a: vacinado
|-supereffective|p1a: vacinado
|-damage|p1a: vacinado|2/100
|move|p1a: vacinado|Torch Song|p2a: CODENAME: Panzer
|-resisted|p2a: CODENAME: Panzer
|-damage|p2a: CODENAME: Panzer|66/100
|-boost|p1a: vacinado|spa|1
|
|upkeep
|turn|16
|
|t:|1779723247
|move|p2a: CODENAME: Panzer|Aqua Jet|p1a: vacinado
|-supereffective|p1a: vacinado
|-damage|p1a: vacinado|0 fnt
|faint|p1a: vacinado
|-damage|p2a: CODENAME: Panzer|56/100|[from] item: Life Orb
|
|win|Freakshow_09
|raw|benioooo's rating: 1093 &rarr; <strong>1070</strong><br />(-23 for losing)
|raw|Freakshow_09's rating: 1105 &rarr; <strong>1129</strong><br />(+24 for winning)
|c|☆benioooo|ao menos foi engraçado
|l|☆Freakshow_09
|player|p2|
|l|☆benioooo
|player|p1|
