|j|☆cihNinja
|j|☆phreshoatmeal
|t:|1779682929
|gametype|singles
|player|p1|cihNinja|hilbert-wonderlauncher|1395
|player|p2|phreshoatmeal|266|1448
|gen|9
|tier|[Gen 9] OU
|rated|
|rule|HP Percentage Mod: HP is shown in percentages
|rule|Endless Battle Clause: Forcing endless battles is banned
|rule|Species Clause: Limit one of each Pokémon
|rule|OHKO Clause: OHKO moves are banned
|rule|Evasion Items Clause: Evasion items are banned
|rule|Evasion Moves Clause: Evasion moves are banned
|rule|Evasion Abilities Clause: Evasion abilities are banned
|rule|Sleep Moves Clause: Sleep-inducing moves are banned
|clearpoke
|poke|p1|Garganacl, F|
|poke|p1|Zamazenta-*|
|poke|p1|Cresselia, F|
|poke|p1|Samurott-Hisui, F|
|poke|p1|Polteageist|
|poke|p1|Glimmora, M|
|poke|p2|Excadrill, F|
|poke|p2|Tyranitar, M|
|poke|p2|Indeedee, M|
|poke|p2|Amoonguss, F|
|poke|p2|Hatterene, F|
|poke|p2|Heatran, M|
|teampreview
|inactive|Battle timer is ON: inactive players will automatically lose when time's up. (requested by cihNinja)
|inactive|phreshoatmeal has 120 seconds left.
|
|t:|1779682962
|teamsize|p1|6
|teamsize|p2|6
|start
|switch|p1a: Glimmora|Glimmora, M|100/100
|switch|p2a: Hatterene|Hatterene, F|100/100
|turn|1
|
|t:|1779682973
|switch|p2a: Tyranitar|Tyranitar, M|100/100
|-weather|Sandstorm|[from] ability: Sand Stream|[of] p2a: Tyranitar
|move|p1a: Glimmora|Mortal Spin|p2a: Tyranitar
|-resisted|p2a: Tyranitar
|-damage|p2a: Tyranitar|98/100
|-status|p2a: Tyranitar|psn
|-enditem|p2a: Tyranitar|Eject Button
|
|t:|1779682981
|switch|p2a: Excadrill|Excadrill, F|100/100
|
|-weather|Sandstorm|[upkeep]
|upkeep
|turn|2
|inactive|cihNinja has 120 seconds left.
|
|t:|1779683015
|move|p2a: Excadrill|Iron Head|p1a: Glimmora
|-supereffective|p1a: Glimmora
|-enditem|p1a: Glimmora|Focus Sash
|-damage|p1a: Glimmora|1/100
|-activate|p1a: Glimmora|ability: Toxic Debris
|-sidestart|p2: phreshoatmeal|move: Toxic Spikes
|move|p1a: Glimmora|Earth Power|p2a: Excadrill
|-supereffective|p2a: Excadrill
|-damage|p2a: Excadrill|23/100
|
|-weather|Sandstorm|[upkeep]
|upkeep
|turn|3
|
|t:|1779683024
|move|p2a: Excadrill|Iron Head|p1a: Glimmora
|-supereffective|p1a: Glimmora
|-damage|p1a: Glimmora|0 fnt
|-activate|p1a: Glimmora|ability: Toxic Debris
|-sidestart|p2: phreshoatmeal|move: Toxic Spikes
|faint|p1a: Glimmora
|
|-weather|Sandstorm|[upkeep]
|upkeep
|inactive|cihNinja has 120 seconds left.
|
|t:|1779683047
|switch|p1a: Polteageist|Polteageist|100/100
|turn|4
|
|t:|1779683071
|switch|p2a: Amoonguss|Amoonguss, F|100/100
|-sideend|p2: phreshoatmeal|move: Toxic Spikes|[of] p2a: Amoonguss
|move|p1a: Polteageist|Shell Smash|p1a: Polteageist
|-unboost|p1a: Polteageist|def|1
|-unboost|p1a: Polteageist|spd|1
|-boost|p1a: Polteageist|atk|2
|-boost|p1a: Polteageist|spa|2
|-boost|p1a: Polteageist|spe|2
|
|-weather|Sandstorm|[upkeep]
|-damage|p1a: Polteageist|94/100|[from] Sandstorm
|-damage|p2a: Amoonguss|94/100|[from] Sandstorm
|upkeep
|turn|5
|
|t:|1779683086
|switch|p2a: Tyranitar|Tyranitar, M|98/100 psn
|move|p1a: Polteageist|Stored Power|p2a: Tyranitar
|-immune|p2a: Tyranitar
|
|-weather|none
|-damage|p2a: Tyranitar|86/100 psn|[from] psn
|upkeep
|turn|6
|inactive|cihNinja has 120 seconds left.
|inactive|phreshoatmeal has 120 seconds left.
|
|t:|1779683115
|switch|p2a: Amoonguss|Amoonguss, F|100/100
|move|p1a: Polteageist|Giga Drain|p2a: Amoonguss
|-resisted|p2a: Amoonguss
|-damage|p2a: Amoonguss|88/100
|-heal|p1a: Polteageist|100/100|[from] drain|[of] p2a: Amoonguss
|-enditem|p2a: Amoonguss|Eject Button
|
|t:|1779683120
|switch|p2a: Tyranitar|Tyranitar, M|86/100 psn
|-weather|Sandstorm|[from] ability: Sand Stream|[of] p2a: Tyranitar
|
|-weather|Sandstorm|[upkeep]
|-damage|p1a: Polteageist|94/100|[from] Sandstorm
|-damage|p2a: Tyranitar|74/100 psn|[from] psn
|upkeep
|turn|7
|inactive|cihNinja has 120 seconds left.
|
|t:|1779683136
|move|p1a: Polteageist|Giga Drain|p2a: Tyranitar
|-supereffective|p2a: Tyranitar
|-damage|p2a: Tyranitar|26/100 psn
|-heal|p1a: Polteageist|100/100|[from] drain|[of] p2a: Tyranitar
|move|p2a: Tyranitar|Knock Off|p1a: Polteageist
|-supereffective|p1a: Polteageist
|-enditem|p1a: Polteageist|Focus Sash
|-damage|p1a: Polteageist|1/100
|-ability|p1a: Polteageist|Weak Armor|boost
|-unboost|p1a: Polteageist|def|1
|-boost|p1a: Polteageist|spe|2
|
|-weather|Sandstorm|[upkeep]
|-damage|p1a: Polteageist|0 fnt|[from] Sandstorm
|faint|p1a: Polteageist
|-damage|p2a: Tyranitar|14/100 psn|[from] psn
|upkeep
|
|t:|1779683144
|switch|p1a: Samurott|Samurott-Hisui, F|100/100
|turn|8
|
|t:|1779683160
|move|p1a: Samurott|Ceaseless Edge|p2a: Tyranitar
|-resisted|p2a: Tyranitar
|-damage|p2a: Tyranitar|0 fnt
|-sidestart|p2: phreshoatmeal|Spikes
|faint|p2a: Tyranitar
|
|-weather|Sandstorm|[upkeep]
|-damage|p1a: Samurott|94/100|[from] Sandstorm
|upkeep
|inactive|phreshoatmeal has 120 seconds left.
|
|t:|1779683193
|switch|p2a: Hatterene|Hatterene, F|100/100
|-damage|p2a: Hatterene|88/100|[from] Spikes
|turn|9
|
|t:|1779683204
|move|p1a: Samurott|Ceaseless Edge|p2a: Hatterene
|-damage|p2a: Hatterene|57/100
|-sidestart|p2: phreshoatmeal|Spikes
|move|p2a: Hatterene|Draining Kiss|p1a: Samurott
|-supereffective|p1a: Samurott
|-damage|p1a: Samurott|63/100
|-heal|p2a: Hatterene|85/100|[from] drain|[of] p1a: Samurott
|
|-weather|Sandstorm|[upkeep]
|-damage|p1a: Samurott|57/100|[from] Sandstorm
|-damage|p2a: Hatterene|79/100|[from] Sandstorm
|-heal|p2a: Hatterene|85/100|[from] item: Leftovers
|upkeep
|turn|10
|
|t:|1779683211
|move|p1a: Samurott|Razor Shell|p2a: Hatterene
|-damage|p2a: Hatterene|43/100
|-unboost|p2a: Hatterene|def|1
|move|p2a: Hatterene|Draining Kiss|p1a: Samurott
|-supereffective|p1a: Samurott
|-damage|p1a: Samurott|27/100
|-heal|p2a: Hatterene|70/100|[from] drain|[of] p1a: Samurott
|
|-weather|none
|-heal|p2a: Hatterene|76/100|[from] item: Leftovers
|upkeep
|turn|11
|inactive|phreshoatmeal has 120 seconds left.
|
|t:|1779683222
|move|p1a: Samurott|Knock Off|p2a: Hatterene
|-damage|p2a: Hatterene|26/100
|-enditem|p2a: Hatterene|Leftovers|[from] move: Knock Off|[of] p1a: Samurott
|move|p2a: Hatterene|Draining Kiss|p1a: Samurott
|-supereffective|p1a: Samurott
|-damage|p1a: Samurott|0 fnt
|-heal|p2a: Hatterene|50/100|[from] drain|[of] p1a: Samurott
|faint|p1a: Samurott
|
|upkeep
|
|t:|1779683235
|switch|p1a: Garganacl|Garganacl, F, shiny|100/100
|turn|12
|
|t:|1779683239
|move|p1a: Garganacl|Earthquake|p2a: Hatterene
|-damage|p2a: Hatterene|22/100
|move|p2a: Hatterene|Pain Split|p1a: Garganacl
|-sethp|p1a: Garganacl|59/100|[from] move: Pain Split|[silent]
|-sethp|p2a: Hatterene|74/100|[from] move: Pain Split
|
|-heal|p1a: Garganacl|65/100|[from] item: Leftovers
|upkeep
|turn|13
|
|t:|1779683249
|switch|p2a: Amoonguss|Amoonguss, F|100/100
|-damage|p2a: Amoonguss|84/100|[from] Spikes
|move|p1a: Garganacl|Curse|p1a: Garganacl
|-unboost|p1a: Garganacl|spe|1
|-boost|p1a: Garganacl|atk|1
|-boost|p1a: Garganacl|def|1
|
|-heal|p1a: Garganacl|71/100|[from] item: Leftovers
|upkeep
|turn|14
|
|t:|1779683257
|-terastallize|p1a: Garganacl|Grass
|move|p2a: Amoonguss|Grass Knot|p1a: Garganacl
|-resisted|p1a: Garganacl
|-damage|p1a: Garganacl|58/100
|move|p1a: Garganacl|Curse|p1a: Garganacl
|-unboost|p1a: Garganacl|spe|1
|-boost|p1a: Garganacl|atk|1
|-boost|p1a: Garganacl|def|1
|
|-heal|p1a: Garganacl|64/100|[from] item: Leftovers
|upkeep
|turn|15
|inactive|phreshoatmeal has 120 seconds left.
|
|t:|1779683287
|switch|p2a: Heatran|Heatran, M|100/100
|-damage|p2a: Heatran|84/100|[from] Spikes
|move|p1a: Garganacl|Earthquake|p2a: Heatran
|-supereffective|p2a: Heatran
|-damage|p2a: Heatran|0 fnt
|faint|p2a: Heatran
|
|-heal|p1a: Garganacl|71/100|[from] item: Leftovers
|upkeep
|
|t:|1779683292
|switch|p2a: Indeedee|Indeedee, M|100/100
|-damage|p2a: Indeedee|84/100|[from] Spikes
|-fieldstart|move: Psychic Terrain|[from] ability: Psychic Surge|[of] p2a: Indeedee
|turn|16
|inactive|phreshoatmeal has 120 seconds left.
|
|t:|1779683309
|-terastallize|p2a: Indeedee|Psychic
|move|p2a: Indeedee|Expanding Force|p1a: Garganacl
|-damage|p1a: Garganacl|0 fnt
|faint|p1a: Garganacl
|
|upkeep
|
|t:|1779683332
|switch|p1a: Cresselia|Cresselia, F|100/100
|turn|17
|
|t:|1779683338
|move|p2a: Indeedee|Expanding Force|p1a: Cresselia
|-resisted|p1a: Cresselia
|-damage|p1a: Cresselia|52/100
|move|p1a: Cresselia|Calm Mind|p1a: Cresselia
|-boost|p1a: Cresselia|spa|1
|-boost|p1a: Cresselia|spd|1
|
|-heal|p1a: Cresselia|58/100|[from] item: Leftovers
|upkeep
|turn|18
|
|t:|1779683344
|move|p2a: Indeedee|Expanding Force|p1a: Cresselia
|-resisted|p1a: Cresselia
|-damage|p1a: Cresselia|28/100
|move|p1a: Cresselia|Moonlight|p1a: Cresselia
|-heal|p1a: Cresselia|78/100
|
|-heal|p1a: Cresselia|85/100|[from] item: Leftovers
|upkeep
|turn|19
|
|t:|1779683357
|switch|p2a: Amoonguss|Amoonguss, F|100/100
|-damage|p2a: Amoonguss|84/100|[from] Spikes
|move|p1a: Cresselia|Calm Mind|p1a: Cresselia
|-boost|p1a: Cresselia|spa|1
|-boost|p1a: Cresselia|spd|1
|
|-heal|p1a: Cresselia|91/100|[from] item: Leftovers
|upkeep
|turn|20
|
|t:|1779683385
|move|p1a: Cresselia|Stored Power|p2a: Amoonguss
|-supereffective|p2a: Amoonguss
|-damage|p2a: Amoonguss|0 fnt
|faint|p2a: Amoonguss
|
|-heal|p1a: Cresselia|97/100|[from] item: Leftovers
|-fieldend|move: Psychic Terrain
|upkeep
|
|t:|1779683391
|switch|p2a: Excadrill|Excadrill, F|23/100
|-damage|p2a: Excadrill|6/100|[from] Spikes
|turn|21
|
|t:|1779683394
|move|p2a: Excadrill|Iron Head|p1a: Cresselia
|-damage|p1a: Cresselia|53/100
|cant|p1a: Cresselia|flinch
|
|-heal|p1a: Cresselia|59/100|[from] item: Leftovers
|upkeep
|turn|22
|
|t:|1779683397
|move|p2a: Excadrill|Iron Head|p1a: Cresselia
|-damage|p1a: Cresselia|16/100
|cant|p1a: Cresselia|flinch
|
|-heal|p1a: Cresselia|22/100|[from] item: Leftovers
|upkeep
|turn|23
|
|t:|1779683400
|move|p2a: Excadrill|Iron Head|p1a: Cresselia
|-damage|p1a: Cresselia|0 fnt
|faint|p1a: Cresselia
|
|upkeep
|
|t:|1779683402
|switch|p1a: Zamazenta|Zamazenta|100/100
|-ability|p1a: Zamazenta|Dauntless Shield|boost
|-boost|p1a: Zamazenta|def|1
|turn|24
|
|t:|1779683406
|move|p1a: Zamazenta|Iron Defense|p1a: Zamazenta
|-boost|p1a: Zamazenta|def|2
|move|p2a: Excadrill|Iron Head|p1a: Zamazenta
|-damage|p1a: Zamazenta|82/100
|
|-heal|p1a: Zamazenta|88/100|[from] item: Leftovers
|upkeep
|turn|25
|
|t:|1779683409
|move|p1a: Zamazenta|Iron Defense|p1a: Zamazenta
|-boost|p1a: Zamazenta|def|2
|move|p2a: Excadrill|Iron Head|p1a: Zamazenta
|-damage|p1a: Zamazenta|74/100
|
|-heal|p1a: Zamazenta|81/100|[from] item: Leftovers
|upkeep
|turn|26
|
|t:|1779683412
|move|p1a: Zamazenta|Body Press|p2a: Excadrill
|-supereffective|p2a: Excadrill
|-damage|p2a: Excadrill|0 fnt
|faint|p2a: Excadrill
|
|-heal|p1a: Zamazenta|87/100|[from] item: Leftovers
|upkeep
|
|t:|1779683414
|switch|p2a: Hatterene|Hatterene, F|74/100
|-damage|p2a: Hatterene|58/100|[from] Spikes
|turn|27
|
|t:|1779683419
|move|p1a: Zamazenta|Body Press|p2a: Hatterene
|-resisted|p2a: Hatterene
|-damage|p2a: Hatterene|34/100
|move|p2a: Hatterene|Draining Kiss|p1a: Zamazenta
|-supereffective|p1a: Zamazenta
|-damage|p1a: Zamazenta|49/100
|-heal|p2a: Hatterene|68/100|[from] drain|[of] p1a: Zamazenta
|
|-heal|p1a: Zamazenta|55/100|[from] item: Leftovers
|upkeep
|turn|28
|
|t:|1779683425
|move|p1a: Zamazenta|Crunch|p2a: Hatterene
|-damage|p2a: Hatterene|50/100
|move|p2a: Hatterene|Draining Kiss|p1a: Zamazenta
|-supereffective|p1a: Zamazenta
|-damage|p1a: Zamazenta|18/100
|-heal|p2a: Hatterene|85/100|[from] drain|[of] p1a: Zamazenta
|
|-heal|p1a: Zamazenta|24/100|[from] item: Leftovers
|upkeep
|turn|29
|
|t:|1779683429
|move|p1a: Zamazenta|Body Press|p2a: Hatterene
|-resisted|p2a: Hatterene
|-damage|p2a: Hatterene|62/100
|move|p2a: Hatterene|Draining Kiss|p1a: Zamazenta
|-supereffective|p1a: Zamazenta
|-damage|p1a: Zamazenta|0 fnt
|-heal|p2a: Hatterene|83/100|[from] drain|[of] p1a: Zamazenta
|faint|p1a: Zamazenta
|
|win|phreshoatmeal
|raw|cihNinja's rating: 1395 &rarr; <strong>1378</strong><br />(-17 for losing)
|raw|phreshoatmeal's rating: 1448 &rarr; <strong>1465</strong><br />(+17 for winning)
|l|☆cihNinja
|player|p1|
|l|☆phreshoatmeal
|player|p2|
