|j|‽RadiantSol
|j|☆Hihealtfu
|t:|1779597196
|gametype|singles
|player|p1|RadiantSol|flint|1326
|player|p2|Hihealtfu|2|1393
|gen|9
|tier|[Gen 9] OU
|rated|
|rule|HP Percentage Mod: HP is shown in percentages
|rule|Endless Battle Clause: Forcing endless battles is banned
|rule|Species Clause: Limit one of each Pokémon
|rule|OHKO Clause: OHKO moves are banned
|rule|Evasion Items Clause: Evasion items are banned
|rule|Evasion Moves Clause: Evasion moves are banned
|rule|Evasion Abilities Clause: Evasion abilities are banned
|rule|Sleep Moves Clause: Sleep-inducing moves are banned
|clearpoke
|poke|p1|Espeon, F|
|poke|p1|Quagsire, F|
|poke|p1|Goodra-Hisui, F|
|poke|p1|Talonflame, F|
|poke|p1|Ninetales-Alola, F|
|poke|p1|Muk-Alola, F|
|poke|p2|Kingambit, F|
|poke|p2|Kommo-o, M|
|poke|p2|Iron Valiant|
|poke|p2|Kyurem|
|poke|p2|Iron Treads|
|poke|p2|Iron Crown|
|teampreview
|inactive|Battle timer is ON: inactive players will automatically lose when time's up. (requested by Hihealtfu)
|
|t:|1779597213
|teamsize|p1|6
|teamsize|p2|6
|start
|switch|p1a: Ninetales|Ninetales-Alola, F, shiny|100/100
|switch|p2a: Iron Treads|Iron Treads|100/100
|-weather|Snowscape|[from] ability: Snow Warning|[of] p1a: Ninetales
|-enditem|p2a: Iron Treads|Booster Energy
|-activate|p2a: Iron Treads|ability: Quark Drive|[fromitem]
|-start|p2a: Iron Treads|quarkdrivespe
|turn|1
|
|t:|1779597224
|switch|p1a: Talonflame|Talonflame, F|100/100
|move|p2a: Iron Treads|Stealth Rock|p1a: Talonflame
|-sidestart|p1: RadiantSol|move: Stealth Rock
|
|-weather|Snowscape|[upkeep]
|upkeep
|turn|2
|inactive|Hihealtfu has 120 seconds left.
|
|t:|1779597261
|move|p2a: Iron Treads|Rapid Spin|p1a: Talonflame
|-damage|p1a: Talonflame|84/100
|-boost|p2a: Iron Treads|spe|1
|move|p1a: Talonflame|Defog|p2a: Iron Treads
|-unboost|p2a: Iron Treads|evasion|1
|-sideend|p1: RadiantSol|Stealth Rock|[from] move: Defog|[of] p1a: Talonflame
|
|-weather|Snowscape|[upkeep]
|upkeep
|turn|3
|inactive|Hihealtfu has 120 seconds left.
|
|t:|1779597267
|move|p2a: Iron Treads|Stealth Rock|p1a: Talonflame
|-sidestart|p1: RadiantSol|move: Stealth Rock
|move|p1a: Talonflame|Flamethrower|p2a: Iron Treads
|-supereffective|p2a: Iron Treads
|-damage|p2a: Iron Treads|51/100
|
|-weather|Snowscape|[upkeep]
|upkeep
|turn|4
|
|t:|1779597272
|move|p2a: Iron Treads|Rapid Spin|p1a: Talonflame
|-damage|p1a: Talonflame|70/100
|-boost|p2a: Iron Treads|spe|1
|move|p1a: Talonflame|Defog|p2a: Iron Treads
|-unboost|p2a: Iron Treads|evasion|1
|-sideend|p1: RadiantSol|Stealth Rock|[from] move: Defog|[of] p1a: Talonflame
|
|-weather|Snowscape|[upkeep]
|upkeep
|turn|5
|
|t:|1779597276
|move|p2a: Iron Treads|Stealth Rock|p1a: Talonflame
|-sidestart|p1: RadiantSol|move: Stealth Rock
|move|p1a: Talonflame|Taunt|p2a: Iron Treads
|-start|p2a: Iron Treads|move: Taunt
|
|-weather|none
|upkeep
|turn|6
|
|t:|1779597291
|move|p2a: Iron Treads|Endeavor|p1a: Talonflame
|-damage|p1a: Talonflame|54/100
|move|p1a: Talonflame|Defog|p2a: Iron Treads
|-unboost|p2a: Iron Treads|evasion|1
|-sideend|p1: RadiantSol|Stealth Rock|[from] move: Defog|[of] p1a: Talonflame
|
|upkeep
|turn|7
|
|t:|1779597299
|-end|p2a: Iron Treads|Quark Drive|[silent]
|switch|p2a: Kyurem|Kyurem|100/100
|-ability|p2a: Kyurem|Pressure
|move|p1a: Talonflame|Flamethrower|p2a: Kyurem
|-damage|p2a: Kyurem|77/100
|
|upkeep
|turn|8
|
|t:|1779597310
|switch|p1a: Muk|Muk-Alola, F|100/100
|move|p2a: Kyurem|Dragon Dance|p2a: Kyurem
|-boost|p2a: Kyurem|atk|1
|-boost|p2a: Kyurem|spe|1
|
|upkeep
|turn|9
|
|t:|1779597320
|move|p1a: Muk|Protect|p1a: Muk
|-singleturn|p1a: Muk|Protect
|move|p2a: Kyurem|Dragon Dance|p2a: Kyurem
|-boost|p2a: Kyurem|atk|1
|-boost|p2a: Kyurem|spe|1
|
|upkeep
|turn|10
|
|t:|1779597324
|switch|p1a: Quagsire|Quagsire, F|100/100
|move|p2a: Kyurem|Icicle Spear|p1a: Quagsire
|-damage|p1a: Quagsire|91/100
|-damage|p1a: Quagsire|83/100
|-damage|p1a: Quagsire|74/100
|-damage|p1a: Quagsire|64/100
|-hitcount|p1a: Quagsire|4
|
|upkeep
|turn|11
|
|t:|1779597332
|switch|p2a: Iron Treads|Iron Treads|51/100
|-terastallize|p1a: Quagsire|Ice
|move|p1a: Quagsire|Recover|p1a: Quagsire
|-heal|p1a: Quagsire|100/100
|
|upkeep
|turn|12
|
|t:|1779597338
|switch|p1a: Talonflame|Talonflame, F|54/100
|move|p2a: Iron Treads|Stealth Rock|p1a: Talonflame
|-sidestart|p1: RadiantSol|move: Stealth Rock
|
|upkeep
|turn|13
|
|t:|1779597344
|-end|p2a: Iron Treads|Quark Drive|[silent]
|switch|p2a: Kommo-o|Kommo-o, M|100/100
|move|p1a: Talonflame|Roost|p1a: Talonflame
|-heal|p1a: Talonflame|100/100
|-singleturn|p1a: Talonflame|move: Roost
|
|upkeep
|turn|14
|
|t:|1779597349
|move|p1a: Talonflame|Taunt|p2a: Kommo-o
|-start|p2a: Kommo-o|move: Taunt
|cant|p2a: Kommo-o|move: Taunt|Clangorous Soul
|
|upkeep
|turn|15
|
|t:|1779597357
|switch|p2a: Iron Valiant|Iron Valiant|100/100
|-enditem|p2a: Iron Valiant|Booster Energy
|-activate|p2a: Iron Valiant|ability: Quark Drive|[fromitem]
|-start|p2a: Iron Valiant|quarkdrivespe
|move|p1a: Talonflame|Defog|p2a: Iron Valiant
|-unboost|p2a: Iron Valiant|evasion|1
|-sideend|p1: RadiantSol|Stealth Rock|[from] move: Defog|[of] p1a: Talonflame
|
|upkeep
|turn|16
|
|t:|1779597365
|switch|p1a: Muk|Muk-Alola, F|100/100
|move|p2a: Iron Valiant|Calm Mind|p2a: Iron Valiant
|-boost|p2a: Iron Valiant|spa|1
|-boost|p2a: Iron Valiant|spd|1
|
|upkeep
|turn|17
|
|t:|1779597373
|move|p2a: Iron Valiant|Focus Blast|p1a: Muk
|-damage|p1a: Muk|33/100
|move|p1a: Muk|Knock Off|p2a: Iron Valiant
|-resisted|p2a: Iron Valiant
|-damage|p2a: Iron Valiant|90/100
|-status|p2a: Iron Valiant|psn|[from] ability: Poison Touch|[of] p1a: Muk
|
|-heal|p1a: Muk|39/100|[from] item: Leftovers
|-damage|p2a: Iron Valiant|78/100 psn|[from] psn
|upkeep
|turn|18
|
|t:|1779597377
|move|p1a: Muk|Protect|p1a: Muk
|-singleturn|p1a: Muk|Protect
|move|p2a: Iron Valiant|Moonblast|p1a: Muk
|-activate|p1a: Muk|move: Protect
|
|-heal|p1a: Muk|45/100|[from] item: Leftovers
|-damage|p2a: Iron Valiant|65/100 psn|[from] psn
|upkeep
|turn|19
|
|t:|1779597391
|switch|p1a: Talonflame|Talonflame, F|100/100
|move|p2a: Iron Valiant|Focus Blast|p1a: Talonflame
|-resisted|p1a: Talonflame
|-damage|p1a: Talonflame|48/100
|
|-damage|p2a: Iron Valiant|53/100 psn|[from] psn
|upkeep
|turn|20
|
|t:|1779597397
|switch|p1a: Muk|Muk-Alola, F|45/100
|move|p2a: Iron Valiant|Moonblast|p1a: Muk
|-damage|p1a: Muk|0 fnt
|faint|p1a: Muk
|
|-damage|p2a: Iron Valiant|40/100 psn|[from] psn
|upkeep
|
|t:|1779597411
|switch|p1a: Quagsire|Quagsire, F, tera:Ice|100/100
|turn|21
|
|t:|1779597415
|move|p2a: Iron Valiant|Focus Blast|p1a: Quagsire
|-supereffective|p1a: Quagsire
|-damage|p1a: Quagsire|0 fnt
|faint|p1a: Quagsire
|
|-damage|p2a: Iron Valiant|28/100 psn|[from] psn
|upkeep
|
|t:|1779597429
|switch|p1a: Ninetales|Ninetales-Alola, F, shiny|100/100
|-weather|Snowscape|[from] ability: Snow Warning|[of] p1a: Ninetales
|turn|22
|inactive|Hihealtfu has 120 seconds left.
|
|t:|1779597469
|move|p2a: Iron Valiant|Moonblast|p1a: Ninetales
|-damage|p1a: Ninetales|32/100
|-unboost|p1a: Ninetales|spa|1
|move|p1a: Ninetales|Aurora Veil|p1a: Ninetales
|-sidestart|p1: RadiantSol|move: Aurora Veil
|
|-weather|Snowscape|[upkeep]
|-damage|p2a: Iron Valiant|15/100 psn|[from] psn
|upkeep
|turn|23
|inactive|Hihealtfu has 120 seconds left.
|inactive|Hihealtfu has 90 seconds left.
|
|t:|1779597523
|switch|p1a: Talonflame|Talonflame, F|48/100
|move|p2a: Iron Valiant|Moonblast|p1a: Talonflame
|-resisted|p1a: Talonflame
|-damage|p1a: Talonflame|27/100
|
|-weather|Snowscape|[upkeep]
|-damage|p2a: Iron Valiant|3/100 psn|[from] psn
|upkeep
|turn|24
|
|t:|1779597530
|move|p2a: Iron Valiant|Shadow Ball|p1a: Talonflame
|-damage|p1a: Talonflame|2/100
|-unboost|p1a: Talonflame|spd|1
|move|p1a: Talonflame|Roost|p1a: Talonflame
|-heal|p1a: Talonflame|52/100
|-singleturn|p1a: Talonflame|move: Roost
|
|-weather|Snowscape|[upkeep]
|-damage|p2a: Iron Valiant|0 fnt|[from] psn
|faint|p2a: Iron Valiant
|-end|p2a: Iron Valiant|Quark Drive|[silent]
|upkeep
|
|t:|1779597538
|switch|p2a: Kommo-o|Kommo-o, M|100/100
|turn|25
|
|t:|1779597541
|move|p1a: Talonflame|Taunt|p2a: Kommo-o
|-start|p2a: Kommo-o|move: Taunt
|cant|p2a: Kommo-o|move: Taunt|Substitute
|
|-weather|Snowscape|[upkeep]
|upkeep
|turn|26
|
|t:|1779597549
|switch|p1a: Goodra|Goodra-Hisui, F|100/100
|switch|p2a: Kyurem|Kyurem|77/100
|-ability|p2a: Kyurem|Pressure
|
|-weather|none
|upkeep
|turn|27
|
|t:|1779597559
|switch|p2a: Iron Treads|Iron Treads|51/100
|move|p1a: Goodra|Draco Meteor|p2a: Iron Treads
|-resisted|p2a: Iron Treads
|-damage|p2a: Iron Treads|13/100
|-unboost|p1a: Goodra|spa|2
|
|upkeep
|turn|28
|
|t:|1779597565
|switch|p1a: Espeon|Espeon, F, shiny|100/100
|move|p2a: Iron Treads|Stealth Rock|p1a: Espeon
|move|p1a: Espeon|Stealth Rock|p2a: Iron Treads|[from] ability: Magic Bounce
|-sidestart|p2: Hihealtfu|move: Stealth Rock
|
|upkeep
|turn|29
|
|t:|1779597568
|move|p1a: Espeon|Substitute|p1a: Espeon
|-start|p1a: Espeon|Substitute
|-damage|p1a: Espeon|76/100
|move|p2a: Iron Treads|Rapid Spin|p1a: Espeon
|-activate|p1a: Espeon|move: Substitute|[damage]
|-sideend|p2: Hihealtfu|Stealth Rock|[from] move: Rapid Spin|[of] p2a: Iron Treads
|-boost|p2a: Iron Treads|spe|1
|
|-sideend|p1: RadiantSol|move: Aurora Veil
|upkeep
|turn|30
|
|t:|1779597573
|move|p2a: Iron Treads|Earthquake|p1a: Espeon
|-crit|p1a: Espeon
|-end|p1a: Espeon|Substitute
|move|p1a: Espeon|Psyshock|p2a: Iron Treads
|-resisted|p2a: Iron Treads
|-damage|p2a: Iron Treads|0 fnt
|faint|p2a: Iron Treads
|-end|p2a: Iron Treads|Quark Drive|[silent]
|
|upkeep
|
|t:|1779597577
|switch|p2a: Kingambit|Kingambit, F|100/100
|-activate|p2a: Kingambit|ability: Supreme Overlord
|-start|p2a: Kingambit|fallen2|[silent]
|turn|31
|
|t:|1779597581
|switch|p1a: Talonflame|Talonflame, F|52/100
|move|p2a: Kingambit|Swords Dance|p2a: Kingambit
|-boost|p2a: Kingambit|atk|2
|
|upkeep
|turn|32
|
|t:|1779597588
|move|p2a: Kingambit|Sucker Punch||[still]
|-fail|p2a: Kingambit
|move|p1a: Talonflame|Roost|p1a: Talonflame
|-heal|p1a: Talonflame|100/100
|-singleturn|p1a: Talonflame|move: Roost
|
|upkeep
|turn|33
|
|t:|1779597593
|move|p2a: Kingambit|Sucker Punch||[still]
|-fail|p2a: Kingambit
|move|p1a: Talonflame|Taunt|p2a: Kingambit
|-start|p2a: Kingambit|move: Taunt
|
|upkeep
|turn|34
|
|t:|1779597599
|move|p2a: Kingambit|Sucker Punch|p1a: Talonflame
|-damage|p1a: Talonflame|0 fnt
|faint|p1a: Talonflame
|
|upkeep
|
|t:|1779597602
|switch|p1a: Ninetales|Ninetales-Alola, F, shiny|32/100
|-weather|Snowscape|[from] ability: Snow Warning|[of] p1a: Ninetales
|turn|35
|
|t:|1779597607
|move|p1a: Ninetales|Aurora Veil|p1a: Ninetales
|-sidestart|p1: RadiantSol|move: Aurora Veil
|move|p2a: Kingambit|Iron Head|p1a: Ninetales
|-supereffective|p1a: Ninetales
|-damage|p1a: Ninetales|0 fnt
|faint|p1a: Ninetales
|
|-weather|Snowscape|[upkeep]
|upkeep
|
|t:|1779597621
|switch|p1a: Goodra|Goodra-Hisui, F|100/100
|turn|36
|
|t:|1779597625
|move|p2a: Kingambit|Low Kick|p1a: Goodra
|-supereffective|p1a: Goodra
|-damage|p1a: Goodra|0 fnt
|-ability|p1a: Goodra|Gooey
|-unboost|p2a: Kingambit|spe|1
|faint|p1a: Goodra
|
|-weather|Snowscape|[upkeep]
|-end|p2a: Kingambit|move: Taunt
|upkeep
|
|t:|1779597628
|switch|p1a: Espeon|Espeon, F, shiny|76/100
|turn|37
|
|t:|1779597630
|move|p1a: Espeon|Substitute|p1a: Espeon
|-start|p1a: Espeon|Substitute
|-damage|p1a: Espeon|51/100
|move|p2a: Kingambit|Iron Head|p1a: Espeon
|-end|p1a: Espeon|Substitute
|
|-weather|Snowscape|[upkeep]
|upkeep
|turn|38
|
|t:|1779597633
|move|p1a: Espeon|Calm Mind|p1a: Espeon
|-boost|p1a: Espeon|spa|1
|-boost|p1a: Espeon|spd|1
|move|p2a: Kingambit|Iron Head|p1a: Espeon
|-damage|p1a: Espeon|0 fnt
|faint|p1a: Espeon
|
|win|Hihealtfu
|raw|RadiantSol's rating: 1326 &rarr; <strong>1310</strong><br />(-16 for losing)
|raw|Hihealtfu's rating: 1393 &rarr; <strong>1409</strong><br />(+16 for winning)
|l|‽RadiantSol
|player|p1|
|l|☆Hihealtfu
|player|p2|
