|j|☆yoki
|j|☆ANGEL ENGINE
|t:|1779685471
|gametype|singles
|player|p1|yoki|2|1428
|player|p2|ANGEL ENGINE|265|1509
|gen|9
|tier|[Gen 9] OU
|rated|
|rule|HP Percentage Mod: HP is shown in percentages
|rule|Endless Battle Clause: Forcing endless battles is banned
|rule|Species Clause: Limit one of each Pokémon
|rule|OHKO Clause: OHKO moves are banned
|rule|Evasion Items Clause: Evasion items are banned
|rule|Evasion Moves Clause: Evasion moves are banned
|rule|Evasion Abilities Clause: Evasion abilities are banned
|rule|Sleep Moves Clause: Sleep-inducing moves are banned
|clearpoke
|poke|p1|Slowking-Galar, F|
|poke|p1|Great Tusk|
|poke|p1|Kyurem|
|poke|p1|Keldeo-Resolute|
|poke|p1|Darkrai|
|poke|p1|Zapdos|
|poke|p2|Primarina, F|
|poke|p2|Weavile, F|
|poke|p2|Dragonite, M|
|poke|p2|Mamoswine, M|
|poke|p2|Zamazenta-*|
|poke|p2|Gholdengo|
|teampreview
|inactive|Battle timer is ON: inactive players will automatically lose when time's up. (requested by ANGEL ENGINE)
|
|t:|1779685477
|teamsize|p1|6
|teamsize|p2|6
|start
|switch|p1a: Keldeo|Keldeo-Resolute|100/100
|switch|p2a: Mamoswine|Mamoswine, M|100/100
|turn|1
|
|t:|1779685502
|move|p1a: Keldeo|Flip Turn|p2a: Mamoswine
|-supereffective|p2a: Mamoswine
|-damage|p2a: Mamoswine|67/100
|
|t:|1779685510
|switch|p1a: Great Tusk|Great Tusk|100/100|[from] Flip Turn
|move|p2a: Mamoswine|Endeavor|p1a: Great Tusk
|-damage|p1a: Great Tusk|63/100
|
|-heal|p1a: Great Tusk|69/100|[from] item: Leftovers
|upkeep
|turn|2
|
|t:|1779685518
|move|p1a: Great Tusk|Close Combat|p2a: Mamoswine
|-supereffective|p2a: Mamoswine
|-damage|p2a: Mamoswine|0 fnt
|-unboost|p1a: Great Tusk|def|1
|-unboost|p1a: Great Tusk|spd|1
|faint|p2a: Mamoswine
|
|-heal|p1a: Great Tusk|76/100|[from] item: Leftovers
|upkeep
|
|t:|1779685523
|switch|p2a: Gholdengo|Gholdengo|100/100
|turn|3
|
|t:|1779685553
|-end|p1a: Great Tusk|Protosynthesis|[silent]
|switch|p1a: Slowking|Slowking-Galar, F|100/100
|switch|p2a: Dragonite|Dragonite, M|100/100
|
|upkeep
|turn|4
|
|t:|1779685558
|move|p2a: Dragonite|Dragon Dance|p2a: Dragonite
|-boost|p2a: Dragonite|atk|1
|-boost|p2a: Dragonite|spe|1
|move|p1a: Slowking|Thunder Wave|p2a: Dragonite
|-status|p2a: Dragonite|par
|
|upkeep
|turn|5
|
|t:|1779685563
|switch|p1a: Zapdos|Zapdos, shiny|100/100
|cant|p2a: Dragonite|par
|
|upkeep
|turn|6
|
|t:|1779685567
|move|p1a: Zapdos|Volt Switch|p2a: Dragonite
|-damage|p2a: Dragonite|86/100 par
|
|t:|1779685571
|switch|p1a: Great Tusk|Great Tusk|76/100|[from] Volt Switch
|move|p2a: Dragonite|Scale Shot|p1a: Great Tusk
|-damage|p1a: Great Tusk|60/100
|-damage|p1a: Great Tusk|45/100
|-damage|p1a: Great Tusk|30/100
|-damage|p1a: Great Tusk|14/100
|-hitcount|p1a: Great Tusk|4
|-unboost|p2a: Dragonite|def|1
|-boost|p2a: Dragonite|spe|1
|
|-heal|p1a: Great Tusk|20/100|[from] item: Leftovers
|upkeep
|turn|7
|
|t:|1779685581
|move|p1a: Great Tusk|Ice Spinner|p2a: Dragonite
|-supereffective|p2a: Dragonite
|-damage|p2a: Dragonite|0 fnt
|faint|p2a: Dragonite
|
|-heal|p1a: Great Tusk|26/100|[from] item: Leftovers
|upkeep
|
|t:|1779685583
|switch|p2a: Weavile|Weavile, F|100/100
|turn|8
|
|t:|1779685587
|-end|p1a: Great Tusk|Protosynthesis|[silent]
|switch|p1a: Keldeo|Keldeo-Resolute|100/100
|move|p2a: Weavile|Triple Axel|p1a: Keldeo
|-resisted|p1a: Keldeo
|-damage|p1a: Keldeo|95/100
|-resisted|p1a: Keldeo
|-damage|p1a: Keldeo|84/100
|-resisted|p1a: Keldeo
|-damage|p1a: Keldeo|68/100
|-hitcount|p1a: Keldeo|3
|
|-heal|p1a: Keldeo|74/100|[from] item: Leftovers
|upkeep
|turn|9
|
|t:|1779685593
|switch|p2a: Primarina|Primarina, F|100/100
|move|p1a: Keldeo|Flip Turn|p2a: Primarina
|-resisted|p2a: Primarina
|-damage|p2a: Primarina|91/100
|
|t:|1779685604
|switch|p1a: Zapdos|Zapdos, shiny|100/100|[from] Flip Turn
|
|upkeep
|turn|10
|
|t:|1779685609
|move|p1a: Zapdos|Thunder Wave|p2a: Primarina
|-status|p2a: Primarina|par
|move|p2a: Primarina|Moonblast|p1a: Zapdos
|-damage|p1a: Zapdos|53/100
|-unboost|p1a: Zapdos|spa|1
|
|upkeep
|turn|11
|
|t:|1779685616
|switch|p2a: Weavile|Weavile, F|100/100
|move|p1a: Zapdos|Volt Switch|p2a: Weavile
|-damage|p2a: Weavile|75/100
|
|t:|1779685619
|switch|p1a: Keldeo|Keldeo-Resolute|74/100|[from] Volt Switch
|
|-heal|p1a: Keldeo|80/100|[from] item: Leftovers
|upkeep
|turn|12
|
|t:|1779685624
|switch|p2a: Primarina|Primarina, F|91/100 par
|move|p1a: Keldeo|Secret Sword|p2a: Primarina
|-resisted|p2a: Primarina
|-damage|p2a: Primarina|58/100 par
|
|-heal|p1a: Keldeo|86/100|[from] item: Leftovers
|upkeep
|turn|13
|
|t:|1779685627
|move|p1a: Keldeo|Flip Turn|p2a: Primarina
|-resisted|p2a: Primarina
|-damage|p2a: Primarina|49/100 par
|
|t:|1779685630
|switch|p1a: Slowking|Slowking-Galar, F|100/100|[from] Flip Turn
|move|p2a: Primarina|Moonblast|p1a: Slowking
|-resisted|p1a: Slowking
|-damage|p1a: Slowking|83/100
|
|upkeep
|turn|14
|
|t:|1779685634
|cant|p2a: Primarina|par
|-prepare|p1a: Slowking|Chilly Reception|[premajor]
|move|p1a: Slowking|Chilly Reception|p1a: Slowking
|-weather|Snowscape
|
|t:|1779685643
|switch|p1a: Great Tusk|Great Tusk|26/100|[from] Chilly Reception
|
|-weather|Snowscape|[upkeep]
|-heal|p1a: Great Tusk|32/100|[from] item: Leftovers
|upkeep
|turn|15
|
|t:|1779685646
|move|p1a: Great Tusk|Headlong Rush|p2a: Primarina
|-damage|p2a: Primarina|0 fnt
|-unboost|p1a: Great Tusk|def|1
|-unboost|p1a: Great Tusk|spd|1
|faint|p2a: Primarina
|
|-weather|Snowscape|[upkeep]
|-heal|p1a: Great Tusk|39/100|[from] item: Leftovers
|upkeep
|
|t:|1779685651
|switch|p2a: Zamazenta|Zamazenta|100/100
|-ability|p2a: Zamazenta|Dauntless Shield|boost
|-boost|p2a: Zamazenta|def|1
|turn|16
|
|t:|1779685659
|-end|p1a: Great Tusk|Protosynthesis|[silent]
|switch|p1a: Slowking|Slowking-Galar, F|100/100
|move|p2a: Zamazenta|Stone Edge|p1a: Slowking
|-damage|p1a: Slowking|52/100
|-damage|p2a: Zamazenta|91/100|[from] item: Life Orb
|
|-weather|Snowscape|[upkeep]
|upkeep
|turn|17
|
|t:|1779685673
|move|p2a: Zamazenta|Crunch|p1a: Slowking
|-supereffective|p1a: Slowking
|-enditem|p1a: Slowking|Colbur Berry|[eat]
|-enditem|p1a: Slowking|Colbur Berry|[weaken]
|-damage|p1a: Slowking|18/100
|-unboost|p1a: Slowking|def|1
|-damage|p2a: Zamazenta|81/100|[from] item: Life Orb
|move|p1a: Slowking|Thunder Wave|p2a: Zamazenta|[miss]
|-miss|p1a: Slowking|p2a: Zamazenta
|
|-weather|Snowscape|[upkeep]
|upkeep
|turn|18
|c|☆ANGEL ENGINE|mb
|
|t:|1779685683
|switch|p1a: Zapdos|Zapdos, shiny|53/100
|move|p2a: Zamazenta|Crunch|p1a: Zapdos
|-damage|p1a: Zapdos|24/100
|-status|p2a: Zamazenta|par|[from] ability: Static|[of] p1a: Zapdos
|-damage|p2a: Zamazenta|71/100 par|[from] item: Life Orb
|
|-weather|none
|upkeep
|turn|19
|
|t:|1779685694
|move|p1a: Zapdos|Hurricane|p2a: Zamazenta
|-supereffective|p2a: Zamazenta
|-damage|p2a: Zamazenta|0 fnt
|faint|p2a: Zamazenta
|
|upkeep
|
|t:|1779685698
|switch|p2a: Weavile|Weavile, F|75/100
|turn|20
|
|t:|1779685702
|move|p2a: Weavile|Ice Shard|p1a: Zapdos
|-supereffective|p1a: Zapdos
|-damage|p1a: Zapdos|0 fnt
|faint|p1a: Zapdos
|
|upkeep
|
|t:|1779685704
|switch|p1a: Keldeo|Keldeo-Resolute|86/100
|turn|21
|
|t:|1779685711
|move|p2a: Weavile|Triple Axel|p1a: Keldeo
|-resisted|p1a: Keldeo
|-damage|p1a: Keldeo|81/100
|-hitcount|p1a: Keldeo|1
|move|p1a: Keldeo|Surf|p2a: Weavile
|-damage|p2a: Weavile|8/100
|
|-heal|p1a: Keldeo|87/100|[from] item: Leftovers
|upkeep
|turn|22
|
|t:|1779685715
|move|p2a: Weavile|Triple Axel|p1a: Keldeo
|-resisted|p1a: Keldeo
|-damage|p1a: Keldeo|81/100
|-resisted|p1a: Keldeo
|-damage|p1a: Keldeo|71/100
|-resisted|p1a: Keldeo
|-damage|p1a: Keldeo|55/100
|-hitcount|p1a: Keldeo|3
|move|p1a: Keldeo|Surf|p2a: Weavile
|-damage|p2a: Weavile|0 fnt
|faint|p2a: Weavile
|
|-heal|p1a: Keldeo|61/100|[from] item: Leftovers
|upkeep
|
|t:|1779685718
|switch|p2a: Gholdengo|Gholdengo|100/100
|turn|23
|
|t:|1779685733
|-terastallize|p2a: Gholdengo|Flying
|move|p1a: Keldeo|Surf|p2a: Gholdengo
|-damage|p2a: Gholdengo|46/100
|move|p2a: Gholdengo|Substitute|p2a: Gholdengo
|-start|p2a: Gholdengo|Substitute
|-damage|p2a: Gholdengo|21/100
|-enditem|p2a: Gholdengo|Salac Berry|[eat]
|-boost|p2a: Gholdengo|spe|1|[from] item: Salac Berry
|
|-heal|p1a: Keldeo|67/100|[from] item: Leftovers
|upkeep
|turn|24
|
|t:|1779685738
|move|p2a: Gholdengo|Nasty Plot|p2a: Gholdengo
|-boost|p2a: Gholdengo|spa|2
|move|p1a: Keldeo|Surf|p2a: Gholdengo
|-end|p2a: Gholdengo|Substitute
|
|-heal|p1a: Keldeo|73/100|[from] item: Leftovers
|upkeep
|turn|25
|
|t:|1779685744
|move|p2a: Gholdengo|Shadow Ball|p1a: Keldeo
|-damage|p1a: Keldeo|0 fnt
|faint|p1a: Keldeo
|
|upkeep
|
|t:|1779685754
|switch|p1a: Darkrai|Darkrai|100/100
|turn|26
|
|t:|1779685762
|switch|p1a: Great Tusk|Great Tusk|39/100
|move|p2a: Gholdengo|Focus Blast|p1a: Great Tusk|[miss]
|-miss|p2a: Gholdengo|p1a: Great Tusk
|
|-heal|p1a: Great Tusk|45/100|[from] item: Leftovers
|upkeep
|turn|27
|
|t:|1779685774
|move|p2a: Gholdengo|Shadow Ball|p1a: Great Tusk
|-damage|p1a: Great Tusk|0 fnt
|faint|p1a: Great Tusk
|-end|p1a: Great Tusk|Protosynthesis|[silent]
|
|upkeep
|
|t:|1779685777
|switch|p1a: Slowking|Slowking-Galar, F|51/100
|turn|28
|
|t:|1779685781
|switch|p1a: Kyurem|Kyurem|100/100
|-ability|p1a: Kyurem|Pressure
|move|p2a: Gholdengo|Shadow Ball|p1a: Kyurem
|-damage|p1a: Kyurem|21/100
|
|upkeep
|turn|29
|
|t:|1779685784
|move|p2a: Gholdengo|Shadow Ball|p1a: Kyurem
|-damage|p1a: Kyurem|0 fnt
|faint|p1a: Kyurem
|
|upkeep
|
|t:|1779685786
|switch|p1a: Slowking|Slowking-Galar, F|84/100
|turn|30
|
|t:|1779685792
|-terastallize|p1a: Slowking|Water
|move|p2a: Gholdengo|Shadow Ball|p1a: Slowking
|-damage|p1a: Slowking|32/100
|move|p1a: Slowking|Sludge Bomb|p2a: Gholdengo
|-damage|p2a: Gholdengo|0 fnt
|faint|p2a: Gholdengo
|
|win|yoki
|raw|yoki's rating: 1409 &rarr; <strong>1435</strong><br />(+26 for winning)
|raw|ANGEL ENGINE's rating: 1509 &rarr; <strong>1483</strong><br />(-26 for losing)
|l|☆yoki
|player|p1|
|l|☆ANGEL ENGINE
|player|p2|
