|j|☆Acastillo631
|j|☆Mortifi
|t:|1779633911
|gametype|singles
|player|p1|Acastillo631|silver|1577
|player|p2|Mortifi|pokemaniac|1601
|gen|9
|tier|[Gen 9] OU
|rated|
|rule|HP Percentage Mod: HP is shown in percentages
|rule|Endless Battle Clause: Forcing endless battles is banned
|rule|Species Clause: Limit one of each Pokémon
|rule|OHKO Clause: OHKO moves are banned
|rule|Evasion Items Clause: Evasion items are banned
|rule|Evasion Moves Clause: Evasion moves are banned
|rule|Evasion Abilities Clause: Evasion abilities are banned
|rule|Sleep Moves Clause: Sleep-inducing moves are banned
|clearpoke
|poke|p1|Iron Valiant|
|poke|p1|Sinistcha|
|poke|p1|Tyranitar, F|
|poke|p1|Klefki, F|
|poke|p1|Corviknight, F|
|poke|p1|Swampert, F|
|poke|p2|Zapdos-Galar|
|poke|p2|Slowking-Galar, M|
|poke|p2|Alomomola, F|
|poke|p2|Great Tusk|
|poke|p2|Weavile, F|
|poke|p2|Skarmory, F|
|teampreview
|
|t:|1779633928
|teamsize|p1|6
|teamsize|p2|6
|start
|switch|p1a: Redips|Klefki, F|100/100
|switch|p2a: Skarmory|Skarmory, F|100/100
|turn|1
|inactive|Battle timer is ON: inactive players will automatically lose when time's up. (requested by Mortifi)
|
|t:|1779633936
|move|p1a: Redips|Thunder Wave|p2a: Skarmory
|-status|p2a: Skarmory|par
|move|p2a: Skarmory|Spikes|p1a: Redips
|-sidestart|p1: Acastillo631|Spikes
|
|upkeep
|turn|2
|
|t:|1779633941
|move|p1a: Redips|Spikes|p2a: Skarmory
|-sidestart|p2: Mortifi|Spikes
|move|p2a: Skarmory|Spikes|p1a: Redips
|-sidestart|p1: Acastillo631|Spikes
|
|upkeep
|turn|3
|
|t:|1779633946
|move|p1a: Redips|Spikes|p2a: Skarmory
|-sidestart|p2: Mortifi|Spikes
|move|p2a: Skarmory|Spikes|p1a: Redips
|-sidestart|p1: Acastillo631|Spikes
|
|upkeep
|turn|4
|
|t:|1779633951
|move|p1a: Redips|Spikes|p2a: Skarmory
|-sidestart|p2: Mortifi|Spikes
|move|p2a: Skarmory|Whirlwind|p1a: Redips
|drag|p1a: Wire Sponge|Sinistcha|100/100
|
|upkeep
|turn|5
|
|t:|1779633958
|switch|p2a: Slowking|Slowking-Galar, M|100/100
|move|p1a: Wire Sponge|Shadow Ball|p2a: Slowking
|-supereffective|p2a: Slowking
|-damage|p2a: Slowking|62/100
|
|upkeep
|turn|6
|
|t:|1779633965
|move|p1a: Wire Sponge|Shadow Ball|p2a: Slowking
|-supereffective|p2a: Slowking
|-damage|p2a: Slowking|22/100
|-prepare|p2a: Slowking|Chilly Reception|[premajor]
|move|p2a: Slowking|Chilly Reception|p2a: Slowking
|-weather|Snowscape
|j| diancie The pearl
|
|t:|1779633971
|switch|p2a: Weavile|Weavile, F|100/100|[from] Chilly Reception
|-damage|p2a: Weavile|76/100|[from] Spikes
|-ability|p2a: Weavile|Pressure
|
|-weather|Snowscape|[upkeep]
|upkeep
|turn|7
|
|t:|1779633978
|switch|p1a: Redips|Klefki, F|100/100
|-damage|p1a: Redips|76/100|[from] Spikes
|move|p2a: Weavile|Knock Off|p1a: Redips
|-resisted|p1a: Redips
|-damage|p1a: Redips|47/100
|-damage|p2a: Weavile|59/100|[from] item: Rocky Helmet|[of] p1a: Redips
|-enditem|p1a: Redips|Rocky Helmet|[from] move: Knock Off|[of] p2a: Weavile
|
|-weather|Snowscape|[upkeep]
|upkeep
|turn|8
|
|t:|1779633998
|switch|p2a: Slowking|Slowking-Galar, M|55/100
|switch|p1a: Wire Sponge|Sinistcha|100/100
|
|-weather|Snowscape|[upkeep]
|upkeep
|turn|9
|
|t:|1779634017
|move|p1a: Wire Sponge|Shadow Ball|p2a: Slowking
|-supereffective|p2a: Slowking
|-damage|p2a: Slowking|13/100
|move|p2a: Slowking|Future Sight|p1a: Wire Sponge
|-start|p2a: Slowking|move: Future Sight
|
|-weather|Snowscape|[upkeep]
|upkeep
|turn|10
|
|t:|1779634034
|switch|p2a: Zapdos|Zapdos-Galar|100/100
|move|p1a: Wire Sponge|Matcha Gotcha|p2a: Zapdos
|-resisted|p2a: Zapdos
|-crit|p2a: Zapdos
|-damage|p2a: Zapdos|73/100
|
|-weather|none
|upkeep
|turn|11
|
|t:|1779634045
|switch|p1a: Wind Crowrang|Corviknight, F|100/100
|move|p2a: Zapdos|Knock Off|p1a: Wind Crowrang
|-damage|p1a: Wind Crowrang|72/100
|-enditem|p1a: Wind Crowrang|Covert Cloak|[from] move: Knock Off|[of] p2a: Zapdos
|
|-end|p1a: Wind Crowrang|move: Future Sight
|-resisted|p1a: Wind Crowrang
|-damage|p1a: Wind Crowrang|57/100
|upkeep
|turn|12
|
|t:|1779634056
|move|p2a: Zapdos|U-turn|p1a: Wind Crowrang
|-resisted|p1a: Wind Crowrang
|-damage|p1a: Wind Crowrang|52/100
|
|t:|1779634059
|switch|p2a: Slowking|Slowking-Galar, M|47/100|[from] U-turn
|move|p1a: Wind Crowrang|Roost|p1a: Wind Crowrang
|-heal|p1a: Wind Crowrang|100/100
|-singleturn|p1a: Wind Crowrang|move: Roost
|
|upkeep
|turn|13
|
|t:|1779634066
|switch|p1a: Duff Mcwhalen|Swampert, F|100/100
|-damage|p1a: Duff Mcwhalen|75/100|[from] Spikes
|-prepare|p2a: Slowking|Chilly Reception|[premajor]
|move|p2a: Slowking|Chilly Reception|p2a: Slowking
|-weather|Snowscape
|
|t:|1779634072
|switch|p2a: Alomomola|Alomomola, F|100/100|[from] Chilly Reception
|-damage|p2a: Alomomola|75/100|[from] Spikes
|
|-weather|Snowscape|[upkeep]
|-heal|p1a: Duff Mcwhalen|82/100|[from] item: Leftovers
|upkeep
|turn|14
|
|t:|1779634079
|move|p1a: Duff Mcwhalen|Stealth Rock|p2a: Alomomola
|-sidestart|p2: Mortifi|move: Stealth Rock
|move|p2a: Alomomola|Wish|p2a: Alomomola
|
|-weather|Snowscape|[upkeep]
|-heal|p1a: Duff Mcwhalen|88/100|[from] item: Leftovers
|upkeep
|turn|15
|
|t:|1779634087
|move|p1a: Duff Mcwhalen|Knock Off|p2a: Alomomola
|-damage|p2a: Alomomola|66/100
|move|p2a: Alomomola|Flip Turn|p1a: Duff Mcwhalen
|-damage|p1a: Duff Mcwhalen|74/100
|
|t:|1779634098
|switch|p2a: Weavile|Weavile, F|59/100|[from] Flip Turn
|-damage|p2a: Weavile|34/100|[from] Spikes
|-damage|p2a: Weavile|9/100|[from] Stealth Rock
|-ability|p2a: Weavile|Pressure
|
|-weather|Snowscape|[upkeep]
|-heal|p2a: Weavile|93/100|[from] move: Wish|[wisher] Alomomola
|-heal|p1a: Duff Mcwhalen|80/100|[from] item: Leftovers
|upkeep
|turn|16
|
|t:|1779634118
|switch|p1a: Redips|Klefki, F|47/100
|-damage|p1a: Redips|23/100|[from] Spikes
|move|p2a: Weavile|Ice Spinner|p1a: Redips
|-resisted|p1a: Redips
|-damage|p1a: Redips|0 fnt
|faint|p1a: Redips
|
|-weather|Snowscape|[upkeep]
|upkeep
|inactive|Acastillo631 has 120 seconds left.
|
|t:|1779634138
|switch|p1a: Wind Crowrang|Corviknight, F|100/100
|turn|17
|j| kanaete onegai
|inactive|Acastillo631 has 120 seconds left.
|
|t:|1779634171
|switch|p2a: Slowking|Slowking-Galar, M|80/100
|switch|p1a: Eregion|Tyranitar, F|100/100
|-damage|p1a: Eregion|75/100|[from] Spikes
|-weather|Sandstorm|[from] ability: Sand Stream|[of] p1a: Eregion
|
|-weather|Sandstorm|[upkeep]
|-damage|p2a: Slowking|74/100|[from] Sandstorm
|-heal|p1a: Eregion|82/100|[from] item: Leftovers
|upkeep
|turn|18
|
|t:|1779634188
|switch|p2a: Skarmory|Skarmory, F|100/100 par
|-damage|p2a: Skarmory|88/100 par|[from] Stealth Rock
|move|p1a: Eregion|Knock Off|p2a: Skarmory
|-damage|p2a: Skarmory|65/100 par
|-damage|p1a: Eregion|65/100|[from] item: Rocky Helmet|[of] p2a: Skarmory
|-enditem|p2a: Skarmory|Rocky Helmet|[from] move: Knock Off|[of] p1a: Eregion
|
|-weather|Sandstorm|[upkeep]
|-heal|p1a: Eregion|71/100|[from] item: Leftovers
|upkeep
|turn|19
|
|t:|1779634201
|switch|p1a: Wire Sponge|Sinistcha|100/100
|cant|p2a: Skarmory|par
|
|-weather|Sandstorm|[upkeep]
|-damage|p1a: Wire Sponge|94/100|[from] Sandstorm
|upkeep
|turn|20
|
|t:|1779634208
|switch|p2a: Slowking|Slowking-Galar, M|100/100
|move|p1a: Wire Sponge|Shadow Ball|p2a: Slowking
|-supereffective|p2a: Slowking
|-damage|p2a: Slowking|65/100
|
|-weather|Sandstorm|[upkeep]
|-damage|p1a: Wire Sponge|88/100|[from] Sandstorm
|-damage|p2a: Slowking|59/100|[from] Sandstorm
|upkeep
|turn|21
|
|t:|1779634218
|move|p1a: Wire Sponge|Shadow Ball|p2a: Slowking
|-supereffective|p2a: Slowking
|-damage|p2a: Slowking|23/100
|-prepare|p2a: Slowking|Chilly Reception|[premajor]
|move|p2a: Slowking|Chilly Reception|p2a: Slowking
|-weather|Snowscape
|
|t:|1779634224
|switch|p2a: Zapdos|Zapdos-Galar|73/100|[from] Chilly Reception
|-damage|p2a: Zapdos|61/100|[from] Stealth Rock
|
|-weather|Snowscape|[upkeep]
|upkeep
|turn|22
|
|t:|1779634237
|switch|p1a: Wind Crowrang|Corviknight, F|100/100
|move|p2a: Zapdos|Thunderous Kick|p1a: Wind Crowrang
|-damage|p1a: Wind Crowrang|63/100
|-ability|p1a: Wind Crowrang|Mirror Armor
|-unboost|p2a: Zapdos|def|1
|-ability|p2a: Zapdos|Defiant|boost
|-boost|p2a: Zapdos|atk|2
|
|-weather|Snowscape|[upkeep]
|upkeep
|turn|23
|
|t:|1779634248
|move|p2a: Zapdos|Thunderous Kick|p1a: Wind Crowrang
|-damage|p1a: Wind Crowrang|0 fnt
|faint|p1a: Wind Crowrang
|
|-weather|Snowscape|[upkeep]
|upkeep
|
|t:|1779634261
|switch|p1a: Sage Harpuia|Iron Valiant|100/100
|-damage|p1a: Sage Harpuia|76/100|[from] Spikes
|-enditem|p1a: Sage Harpuia|Booster Energy
|-activate|p1a: Sage Harpuia|ability: Quark Drive|[fromitem]
|-start|p1a: Sage Harpuia|quarkdrivespe
|turn|24
|j| BricktorWembumyama
|
|t:|1779634277
|switch|p2a: Skarmory|Skarmory, F|65/100 par
|-damage|p2a: Skarmory|52/100 par|[from] Stealth Rock
|move|p1a: Sage Harpuia|Moonblast|p2a: Skarmory
|-resisted|p2a: Skarmory
|-damage|p2a: Skarmory|20/100 par
|
|-weather|Snowscape|[upkeep]
|upkeep
|turn|25
|
|t:|1779634285
|move|p1a: Sage Harpuia|Moonblast|p2a: Skarmory
|-resisted|p2a: Skarmory
|-damage|p2a: Skarmory|0 fnt
|faint|p2a: Skarmory
|
|-weather|none
|upkeep
|
|t:|1779634291
|switch|p2a: Slowking|Slowking-Galar, M|57/100
|turn|26
|
|t:|1779634296
|move|p1a: Sage Harpuia|Destiny Bond|p1a: Sage Harpuia
|-singlemove|p1a: Sage Harpuia|Destiny Bond
|move|p2a: Slowking|Sludge Bomb|p1a: Sage Harpuia
|-supereffective|p1a: Sage Harpuia
|-damage|p1a: Sage Harpuia|0 fnt
|faint|p1a: Sage Harpuia
|-activate|p1a: Sage Harpuia|move: Destiny Bond
|-end|p1a: Sage Harpuia|Quark Drive|[silent]
|faint|p2a: Slowking
|
|upkeep
|inactive|Acastillo631 has 120 seconds left.
|
|t:|1779634317
|switch|p1a: Wire Sponge|Sinistcha|88/100
|switch|p2a: Weavile|Weavile, F|93/100
|-damage|p2a: Weavile|68/100|[from] Spikes
|-damage|p2a: Weavile|44/100|[from] Stealth Rock
|-ability|p2a: Weavile|Pressure
|turn|27
|inactive|Acastillo631 has 120 seconds left.
|
|t:|1779634326
|-terastallize|p1a: Wire Sponge|Poison
|move|p2a: Weavile|Knock Off|p1a: Wire Sponge
|-damage|p1a: Wire Sponge|32/100
|-enditem|p1a: Wire Sponge|Heavy-Duty Boots|[from] move: Knock Off|[of] p2a: Weavile
|move|p1a: Wire Sponge|Strength Sap|p2a: Weavile
|-unboost|p2a: Weavile|atk|1
|-heal|p1a: Wire Sponge|100/100
|
|upkeep
|turn|28
|l| diancie The pearl
|
|t:|1779634348
|move|p2a: Weavile|Knock Off|p1a: Wire Sponge
|-damage|p1a: Wire Sponge|75/100
|move|p1a: Wire Sponge|Matcha Gotcha|p2a: Weavile
|-damage|p2a: Weavile|0 fnt
|-heal|p1a: Wire Sponge|93/100|[from] drain|[of] p2a: Weavile
|faint|p2a: Weavile
|
|upkeep
|inactive|Mortifi has 120 seconds left.
|
|t:|1779634363
|switch|p2a: Great Tusk|Great Tusk|100/100
|turn|29
|
|t:|1779634373
|-terastallize|p2a: Great Tusk|Fire
|move|p2a: Great Tusk|Rapid Spin|p1a: Wire Sponge
|-damage|p1a: Wire Sponge|79/100
|-boost|p2a: Great Tusk|spe|1
|-sideend|p2: Mortifi|Spikes|[from] move: Rapid Spin|[of] p2a: Great Tusk
|-sideend|p2: Mortifi|Stealth Rock|[from] move: Rapid Spin|[of] p2a: Great Tusk
|move|p1a: Wire Sponge|Strength Sap|p2a: Great Tusk
|-unboost|p2a: Great Tusk|atk|1
|-heal|p1a: Wire Sponge|100/100
|
|upkeep
|turn|30
|
|t:|1779634384
|-end|p2a: Great Tusk|Protosynthesis|[silent]
|switch|p2a: Zapdos|Zapdos-Galar|61/100
|move|p1a: Wire Sponge|Strength Sap|p2a: Zapdos
|-unboost|p2a: Zapdos|atk|1
|-ability|p2a: Zapdos|Defiant|boost
|-boost|p2a: Zapdos|atk|2
|
|upkeep
|turn|31
|inactive|Mortifi has 120 seconds left.
|
|t:|1779634401
|move|p2a: Zapdos|Thunderous Kick|p1a: Wire Sponge
|-resisted|p1a: Wire Sponge
|-damage|p1a: Wire Sponge|77/100
|-unboost|p1a: Wire Sponge|def|1
|move|p1a: Wire Sponge|Shadow Ball|p2a: Zapdos
|-damage|p2a: Zapdos|25/100
|
|upkeep
|turn|32
|
|t:|1779634413
|switch|p1a: Eregion|Tyranitar, F|71/100
|-damage|p1a: Eregion|46/100|[from] Spikes
|-weather|Sandstorm|[from] ability: Sand Stream|[of] p1a: Eregion
|move|p2a: Zapdos|Brave Bird|p1a: Eregion
|-resisted|p1a: Eregion
|-damage|p1a: Eregion|14/100
|-damage|p2a: Zapdos|11/100|[from] Recoil
|
|-weather|Sandstorm|[upkeep]
|-damage|p2a: Zapdos|5/100|[from] Sandstorm
|-heal|p1a: Eregion|20/100|[from] item: Leftovers
|upkeep
|turn|33
|
|t:|1779634426
|move|p2a: Zapdos|U-turn|p1a: Eregion
|-supereffective|p1a: Eregion
|-damage|p1a: Eregion|0 fnt
|faint|p1a: Eregion
|
|t:|1779634430
|switch|p2a: Great Tusk|Great Tusk, tera:Fire|100/100|[from] U-turn
|
|-weather|Sandstorm|[upkeep]
|-damage|p2a: Great Tusk|94/100|[from] Sandstorm
|upkeep
|
|t:|1779634433
|switch|p1a: Duff Mcwhalen|Swampert, F|80/100
|-damage|p1a: Duff Mcwhalen|55/100|[from] Spikes
|turn|34
|j| HonchkrowLover27
|
|t:|1779634443
|-end|p2a: Great Tusk|Protosynthesis|[silent]
|switch|p2a: Alomomola|Alomomola, F|99/100
|move|p1a: Duff Mcwhalen|Stealth Rock|p2a: Alomomola
|-sidestart|p2: Mortifi|move: Stealth Rock
|
|-weather|Sandstorm|[upkeep]
|-damage|p2a: Alomomola|93/100|[from] Sandstorm
|-heal|p1a: Duff Mcwhalen|61/100|[from] item: Leftovers
|upkeep
|turn|35
|
|t:|1779634458
|switch|p1a: Wire Sponge|Sinistcha, tera:Poison|77/100
|-damage|p1a: Wire Sponge|52/100|[from] Spikes
|move|p2a: Alomomola|Flip Turn|p1a: Wire Sponge
|-damage|p1a: Wire Sponge|40/100
|
|t:|1779634464
|switch|p2a: Great Tusk|Great Tusk, tera:Fire|94/100|[from] Flip Turn
|
|-weather|Sandstorm|[upkeep]
|-damage|p2a: Great Tusk|88/100|[from] Sandstorm
|-damage|p1a: Wire Sponge|34/100|[from] Sandstorm
|upkeep
|turn|36
|
|t:|1779634469
|move|p2a: Great Tusk|Headlong Rush|p1a: Wire Sponge
|-supereffective|p1a: Wire Sponge
|-damage|p1a: Wire Sponge|0 fnt
|-unboost|p2a: Great Tusk|def|1
|-unboost|p2a: Great Tusk|spd|1
|faint|p1a: Wire Sponge
|
|-weather|none
|upkeep
|
|t:|1779634472
|switch|p1a: Duff Mcwhalen|Swampert, F|61/100
|-damage|p1a: Duff Mcwhalen|36/100|[from] Spikes
|turn|37
|
|t:|1779634480
|move|p2a: Great Tusk|Headlong Rush|p1a: Duff Mcwhalen
|-damage|p1a: Duff Mcwhalen|0 fnt
|-unboost|p2a: Great Tusk|def|1
|-unboost|p2a: Great Tusk|spd|1
|faint|p1a: Duff Mcwhalen
|
|win|Mortifi
|raw|Acastillo631's rating: 1577 &rarr; <strong>1558</strong><br />(-19 for losing)
|raw|Mortifi's rating: 1601 &rarr; <strong>1620</strong><br />(+19 for winning)
|l|☆Acastillo631
|player|p1|
|l|☆Mortifi
|player|p2|
|l| BricktorWembumyama
