|j|☆scald spamm
|j|☆Snuffty
|inactive|Battle timer is ON: inactive players will automatically lose when time's up.
|t:|1779640624
|gametype|singles
|player|p1|scald spamm|wallace-masters|
|player|p2|Snuffty|169|
|gen|9
|tier|[Gen 9] OU
|rated|Tournament battle
|rule|HP Percentage Mod: HP is shown in percentages
|rule|Endless Battle Clause: Forcing endless battles is banned
|rule|Species Clause: Limit one of each Pokémon
|rule|OHKO Clause: OHKO moves are banned
|rule|Evasion Items Clause: Evasion items are banned
|rule|Evasion Moves Clause: Evasion moves are banned
|rule|Evasion Abilities Clause: Evasion abilities are banned
|rule|Sleep Moves Clause: Sleep-inducing moves are banned
|raw|<div class="infobox"><details class="readmore"><summary><strong>15 custom rules:</strong></summary> -burmy, -caterpie, -combee, -kricketot, -magikarp, -scatterbug, -sunkern, -tynamo, -typenull, -weedle, -wurmple, -cosmog, -blipbug, -snom, -wynaut</details></div>
|clearpoke
|poke|p1|Toxicroak, F|
|poke|p1|Meowstic-F, F|
|poke|p1|Whiscash, F|
|poke|p2|Ambipom, M|
|poke|p2|Tinkaton, F|
|poke|p2|Bronzor|
|teampreview
|j|*Lady Monita 
|inactive|Snuffty also wants the timer to be on.
|inactive|scald spamm also wants the timer to be on.
|c|☆scald spamm|hf
|j|^Baddieprathikmon
|j| Iexisttosuffer
|c|☆scald spamm|well
|c|☆scald spamm|baddie
|c|^Baddieprathikmon|?
|c|☆scald spamm|good thing i didnt bring fargiraf
|j| AllHailDudunsparce
|c|☆scald spamm|and bought fish
|j| Flari64
|c|^Baddieprathikmon|Indeed
|
|t:|1779640652
|teamsize|p1|3
|teamsize|p2|3
|start
|switch|p1a: Toxicroak|Toxicroak, F|100/100
|switch|p2a: Tinkaton|Tinkaton, F, shiny|100/100
|-ability|p2a: Tinkaton|Mold Breaker
|-item|p2a: Tinkaton|Air Balloon
|-item|p1a: Toxicroak|Air Balloon
|turn|1
|
|t:|1779640663
|switch|p1a: feesh|Whiscash, F|100/100
|move|p2a: Tinkaton|Thunder Wave|p1a: feesh
|-immune|p1a: feesh
|
|upkeep
|turn|2
|c|^Baddieprathikmon|Whose ballon will burst first
|c| AllHailDudunsparce|damn, double air balloon
|
|t:|1779640673
|switch|p2a: Bronzor|Bronzor, shiny|100/100
|move|p1a: feesh|Liquidation|p2a: Bronzor
|-damage|p2a: Bronzor|65/100
|-damage|p1a: feesh|91/100|[from] item: Life Orb
|
|-heal|p2a: Bronzor|71/100|[from] item: Leftovers
|upkeep
|turn|3
|
|t:|1779640677
|switch|p1a: Meowstic|Meowstic-F, F|100/100
|move|p2a: Bronzor|Iron Defense|p2a: Bronzor
|-boost|p2a: Bronzor|def|2
|
|-heal|p2a: Bronzor|77/100|[from] item: Leftovers
|upkeep
|turn|4
|
|t:|1779640682
|move|p1a: Meowstic|Nasty Plot|p1a: Meowstic
|-boost|p1a: Meowstic|spa|2
|move|p2a: Bronzor|Calm Mind|p2a: Bronzor
|-boost|p2a: Bronzor|spa|1
|-boost|p2a: Bronzor|spd|1
|
|-heal|p2a: Bronzor|83/100|[from] item: Leftovers
|upkeep
|turn|5
|c|^Baddieprathikmon|Encore em up
|c|☆scald spamm|no encores sry
|
|t:|1779640696
|move|p1a: Meowstic|Thunderbolt|p2a: Bronzor
|-damage|p2a: Bronzor|32/100
|-damage|p1a: Meowstic|91/100|[from] item: Life Orb
|move|p2a: Bronzor|Calm Mind|p2a: Bronzor
|-boost|p2a: Bronzor|spa|1
|-boost|p2a: Bronzor|spd|1
|
|-heal|p2a: Bronzor|38/100|[from] item: Leftovers
|upkeep
|turn|6
|c|☆Snuffty|i forgot eviolite
|c|☆scald spamm|wow
|
|t:|1779640714
|move|p1a: Meowstic|Thunderbolt|p2a: Bronzor
|-damage|p2a: Bronzor|4/100
|-damage|p1a: Meowstic|81/100|[from] item: Life Orb
|move|p2a: Bronzor|Stored Power|p1a: Meowstic
|-resisted|p1a: Meowstic
|-damage|p1a: Meowstic|56/100
|
|-heal|p2a: Bronzor|10/100|[from] item: Leftovers
|upkeep
|turn|7
|c| AllHailDudunsparce|damn
|inactive|scald spamm has 120 seconds left.
|
|t:|1779640754
|move|p1a: Meowstic|Thunderbolt|p2a: Bronzor
|-damage|p2a: Bronzor|0 fnt
|faint|p2a: Bronzor
|-damage|p1a: Meowstic|47/100|[from] item: Life Orb
|
|upkeep
|
|t:|1779640756
|switch|p2a: Ambipom|Ambipom, M, shiny|100/100
|turn|8
|
|t:|1779640767
|-terastallize|p2a: Ambipom|Normal
|move|p2a: Ambipom|Fake Out|p1a: Meowstic
|-damage|p1a: Meowstic|0 fnt
|faint|p1a: Meowstic
|
|upkeep
|
|t:|1779640772
|switch|p1a: Toxicroak|Toxicroak, F|100/100
|-item|p1a: Toxicroak|Air Balloon
|turn|9
|
|t:|1779640775
|switch|p2a: Tinkaton|Tinkaton, F, shiny|100/100
|-ability|p2a: Tinkaton|Mold Breaker
|-item|p2a: Tinkaton|Air Balloon
|-terastallize|p1a: Toxicroak|Ghost
|move|p1a: Toxicroak|Close Combat|p2a: Tinkaton
|-damage|p2a: Tinkaton|30/100
|-unboost|p1a: Toxicroak|def|1
|-unboost|p1a: Toxicroak|spd|1
|-enditem|p2a: Tinkaton|Air Balloon
|
|upkeep
|turn|10
|
|t:|1779640781
|switch|p1a: feesh|Whiscash, F|91/100
|move|p2a: Tinkaton|Gigaton Hammer|p1a: feesh
|-resisted|p1a: feesh
|-damage|p1a: feesh|56/100
|
|upkeep
|turn|11
|
|t:|1779640786
|move|p2a: Tinkaton|Play Rough|p1a: feesh|[miss]
|-miss|p2a: Tinkaton|p1a: feesh
|move|p1a: feesh|Earthquake|p2a: Tinkaton
|-supereffective|p2a: Tinkaton
|-damage|p2a: Tinkaton|0 fnt
|faint|p2a: Tinkaton
|-damage|p1a: feesh|46/100|[from] item: Life Orb
|
|upkeep
|
|t:|1779640789
|switch|p2a: Ambipom|Ambipom, M, shiny, tera:Normal|100/100
|turn|12
|
|t:|1779640793
|move|p2a: Ambipom|Triple Axel|p1a: feesh
|-damage|p1a: feesh|35/100
|-crit|p1a: feesh
|-damage|p1a: feesh|0 fnt
|faint|p1a: feesh
|-hitcount|p1: feesh|2
|
|upkeep
|
|t:|1779640796
|switch|p1a: Toxicroak|Toxicroak, F, tera:Ghost|100/100
|-item|p1a: Toxicroak|Air Balloon
|turn|13
|
|t:|1779640800
|move|p2a: Ambipom|Knock Off|p1a: Toxicroak
|-supereffective|p1a: Toxicroak
|-damage|p1a: Toxicroak|1/100
|-enditem|p1a: Toxicroak|Air Balloon
|move|p1a: Toxicroak|Close Combat|p2a: Ambipom
|-supereffective|p2a: Ambipom
|-damage|p2a: Ambipom|0 fnt
|-unboost|p1a: Toxicroak|def|1
|-unboost|p1a: Toxicroak|spd|1
|faint|p2a: Ambipom
|
|win|scald spamm
|n|☆scald spamm|scaldspamm
|n|☆Snuffty|snuffty
|n|*Lady Monita |ladymonita
|n| Baddieprathikmon|baddieprathikmon
|n| Iexisttosuffer|iexisttosuffer
|n| AllHailDudunsparce|allhaildudunsparce
|n| Flari64|flari64
