|j|☆STONE CHAI
|j|☆wassou21
|t:|1779650092
|gametype|singles
|player|p1|STONE CHAI|102|1526
|player|p2|wassou21|red|1523
|gen|9
|tier|[Gen 9] OU
|rated|
|rule|HP Percentage Mod: HP is shown in percentages
|rule|Endless Battle Clause: Forcing endless battles is banned
|rule|Species Clause: Limit one of each Pokémon
|rule|OHKO Clause: OHKO moves are banned
|rule|Evasion Items Clause: Evasion items are banned
|rule|Evasion Moves Clause: Evasion moves are banned
|rule|Evasion Abilities Clause: Evasion abilities are banned
|rule|Sleep Moves Clause: Sleep-inducing moves are banned
|clearpoke
|poke|p1|Gholdengo|
|poke|p1|Zamazenta-*|
|poke|p1|Ting-Lu|
|poke|p1|Clefable, F|
|poke|p1|Dragonite, M|
|poke|p1|Skarmory, F|
|poke|p2|Araquanid, M|
|poke|p2|Cinderace, M|
|poke|p2|Serperior, M|
|poke|p2|Comfey, F|
|poke|p2|Dragapult, M|
|poke|p2|Bisharp, F|
|teampreview
|
|t:|1779650120
|teamsize|p1|6
|teamsize|p2|6
|start
|switch|p1a: Secret Service|Dragonite, M|100/100
|switch|p2a: Araquanid|Araquanid, M|100/100
|turn|1
|j| broflopieopp
|
|t:|1779650136
|move|p2a: Araquanid|Surf|p1a: Secret Service
|-resisted|p1a: Secret Service
|-damage|p1a: Secret Service|89/100
|move|p1a: Secret Service|Dragon Tail|p2a: Araquanid
|-damage|p2a: Araquanid|61/100
|drag|p2a: Serperior|Serperior, M|100/100
|
|upkeep
|turn|2
|
|t:|1779650147
|move|p2a: Serperior|Glare|p1a: Secret Service
|-status|p1a: Secret Service|par
|cant|p1a: Secret Service|par
|
|upkeep
|turn|3
|
|t:|1779650158
|switch|p1a: K.F.C.|Skarmory, F|100/100
|move|p2a: Serperior|Leaf Storm|p1a: K.F.C.
|-resisted|p1a: K.F.C.
|-damage|p1a: K.F.C.|86/100
|-boost|p2a: Serperior|spa|2
|
|upkeep
|turn|4
|
|t:|1779650167
|move|p2a: Serperior|Glare|p1a: K.F.C.
|-status|p1a: K.F.C.|par
|move|p1a: K.F.C.|Whirlwind|p2a: Serperior
|drag|p2a: Cinderace|Cinderace, M|100/100
|
|upkeep
|turn|5
|
|t:|1779650181
|switch|p1a: CClifford|Zamazenta|100/100
|-ability|p1a: CClifford|Dauntless Shield|boost
|-boost|p1a: CClifford|def|1
|move|p2a: Cinderace|Pyro Ball|p1a: CClifford
|-damage|p1a: CClifford|69/100
|
|upkeep
|turn|6
|
|t:|1779650188
|move|p1a: CClifford|Stone Edge|p2a: Cinderace|[miss]
|-miss|p1a: CClifford|p2a: Cinderace
|move|p2a: Cinderace|Will-O-Wisp|p1a: CClifford
|-status|p1a: CClifford|brn
|
|-damage|p1a: CClifford|63/100 brn|[from] brn
|upkeep
|turn|7
|
|t:|1779650197
|switch|p2a: Comfey|Comfey, F|100/100
|move|p1a: CClifford|Close Combat|p2a: Comfey
|-resisted|p2a: Comfey
|-damage|p2a: Comfey|81/100
|-unboost|p1a: CClifford|def|1
|-unboost|p1a: CClifford|spd|1
|
|-heal|p2a: Comfey|87/100|[from] item: Leftovers
|-damage|p1a: CClifford|57/100 brn|[from] brn
|upkeep
|turn|8
|
|t:|1779650208
|switch|p1a: Djengo Unrained|Gholdengo|100/100
|move|p2a: Comfey|Draining Kiss|p1a: Djengo Unrained
|-resisted|p1a: Djengo Unrained
|-damage|p1a: Djengo Unrained|90/100
|-heal|p2a: Comfey|97/100|[from] drain|[of] p1a: Djengo Unrained
|
|-heal|p2a: Comfey|100/100|[from] item: Leftovers
|upkeep
|turn|9
|
|t:|1779650218
|switch|p2a: Bisharp|Bisharp, F|100/100
|move|p1a: Djengo Unrained|Make It Rain|p2a: Bisharp
|-resisted|p2a: Bisharp
|-damage|p2a: Bisharp|74/100
|-unboost|p1a: Djengo Unrained|spa|1
|
|upkeep
|turn|10
|
|t:|1779650225
|switch|p1a: K.F.C.|Skarmory, F|86/100 par
|move|p2a: Bisharp|Iron Head|p1a: K.F.C.
|-resisted|p1a: K.F.C.
|-damage|p1a: K.F.C.|74/100 par
|-damage|p2a: Bisharp|58/100|[from] item: Rocky Helmet|[of] p1a: K.F.C.
|
|upkeep
|turn|11
|
|t:|1779650237
|switch|p2a: Dragapult|Dragapult, M|100/100
|move|p1a: K.F.C.|Spikes|p2a: Dragapult
|-sidestart|p2: wassou21|Spikes
|
|upkeep
|turn|12
|
|t:|1779650248
|move|p2a: Dragapult|Flamethrower|p1a: K.F.C.
|-supereffective|p1a: K.F.C.
|-damage|p1a: K.F.C.|0 fnt
|faint|p1a: K.F.C.
|-damage|p2a: Dragapult|91/100|[from] item: Life Orb
|
|upkeep
|
|t:|1779650255
|switch|p1a: Up Bowl On Em|Ting-Lu|100/100
|-ability|p1a: Up Bowl On Em|Vessel of Ruin
|turn|13
|
|t:|1779650263
|switch|p2a: Comfey|Comfey, F|100/100
|-damage|p2a: Comfey|88/100|[from] Spikes
|move|p1a: Up Bowl On Em|Spikes|p2a: Comfey
|-sidestart|p2: wassou21|Spikes
|
|-heal|p2a: Comfey|94/100|[from] item: Leftovers
|upkeep
|turn|14
|
|t:|1779650273
|move|p2a: Comfey|Leech Seed|p1a: Up Bowl On Em
|-start|p1a: Up Bowl On Em|move: Leech Seed
|move|p1a: Up Bowl On Em|Spikes|p2a: Comfey
|-sidestart|p2: wassou21|Spikes
|
|-heal|p2a: Comfey|99/100|[from] item: Leftovers
|-damage|p1a: Up Bowl On Em|88/100|[from] Leech Seed|[of] p2a: Comfey
|-heal|p2a: Comfey|100/100|[silent]
|upkeep
|turn|15
|
|t:|1779650285
|switch|p1a: Djengo Unrained|Gholdengo|90/100
|move|p2a: Comfey|Calm Mind|p2a: Comfey
|-boost|p2a: Comfey|spa|1
|-boost|p2a: Comfey|spd|1
|
|upkeep
|turn|16
|
|t:|1779650292
|move|p2a: Comfey|Calm Mind|p2a: Comfey
|-boost|p2a: Comfey|spa|1
|-boost|p2a: Comfey|spd|1
|move|p1a: Djengo Unrained|Make It Rain|p2a: Comfey
|-supereffective|p2a: Comfey
|-damage|p2a: Comfey|43/100
|-unboost|p1a: Djengo Unrained|spa|1
|
|-heal|p2a: Comfey|49/100|[from] item: Leftovers
|upkeep
|turn|17
|
|t:|1779650302
|move|p2a: Comfey|Draining Kiss|p1a: Djengo Unrained
|-resisted|p1a: Djengo Unrained
|-damage|p1a: Djengo Unrained|71/100
|-heal|p2a: Comfey|67/100|[from] drain|[of] p1a: Djengo Unrained
|move|p1a: Djengo Unrained|Thunder Wave|p2a: Comfey
|-status|p2a: Comfey|par
|
|-heal|p2a: Comfey|73/100 par|[from] item: Leftovers
|upkeep
|turn|18
|
|t:|1779650313
|switch|p1a: CClifford|Zamazenta|57/100 brn
|cant|p2a: Comfey|par
|
|-heal|p2a: Comfey|79/100 par|[from] item: Leftovers
|-damage|p1a: CClifford|51/100 brn|[from] brn
|upkeep
|turn|19
|
|t:|1779650329
|move|p2a: Comfey|Draining Kiss|p1a: CClifford
|-supereffective|p1a: CClifford
|-damage|p1a: CClifford|0 fnt
|-heal|p2a: Comfey|100/100 par|[from] drain|[of] p1a: CClifford
|faint|p1a: CClifford
|
|upkeep
|
|t:|1779650346
|switch|p1a: Up Bowl On Em|Ting-Lu|88/100
|-ability|p1a: Up Bowl On Em|Vessel of Ruin
|turn|20
|
|t:|1779650350
|move|p2a: Comfey|Draining Kiss|p1a: Up Bowl On Em
|-supereffective|p1a: Up Bowl On Em
|-damage|p1a: Up Bowl On Em|55/100
|move|p1a: Up Bowl On Em|Whirlwind|p2a: Comfey
|drag|p2a: Bisharp|Bisharp, F|58/100
|-damage|p2a: Bisharp|33/100|[from] Spikes
|
|-heal|p1a: Up Bowl On Em|62/100|[from] item: Leftovers
|upkeep
|turn|21
|l| broflopieopp
|
|t:|1779650363
|switch|p2a: Comfey|Comfey, F|100/100 par
|-damage|p2a: Comfey|76/100 par|[from] Spikes
|move|p1a: Up Bowl On Em|Ruination|p2a: Comfey
|-damage|p2a: Comfey|38/100 par
|
|-heal|p1a: Up Bowl On Em|68/100|[from] item: Leftovers
|-heal|p2a: Comfey|44/100 par|[from] item: Leftovers
|upkeep
|turn|22
|
|t:|1779650371
|move|p2a: Comfey|Draining Kiss|p1a: Up Bowl On Em
|-supereffective|p1a: Up Bowl On Em
|-damage|p1a: Up Bowl On Em|49/100
|-heal|p2a: Comfey|68/100 par|[from] drain|[of] p1a: Up Bowl On Em
|move|p1a: Up Bowl On Em|Whirlwind|p2a: Comfey
|drag|p2a: Dragapult|Dragapult, M|91/100
|-damage|p2a: Dragapult|66/100|[from] Spikes
|
|-heal|p1a: Up Bowl On Em|55/100|[from] item: Leftovers
|upkeep
|turn|23
|
|t:|1779650380
|move|p2a: Dragapult|Surf|p1a: Up Bowl On Em
|-supereffective|p1a: Up Bowl On Em
|-damage|p1a: Up Bowl On Em|26/100
|-damage|p2a: Dragapult|56/100|[from] item: Life Orb
|move|p1a: Up Bowl On Em|Earthquake|p2a: Dragapult
|-damage|p2a: Dragapult|8/100
|
|-heal|p1a: Up Bowl On Em|32/100|[from] item: Leftovers
|upkeep
|turn|24
|
|t:|1779650387
|switch|p1a: Secret Service|Dragonite, M|89/100 par
|move|p2a: Dragapult|Surf|p1a: Secret Service
|-resisted|p1a: Secret Service
|-damage|p1a: Secret Service|75/100 par
|-damage|p2a: Dragapult|0 fnt|[from] item: Life Orb
|faint|p2a: Dragapult
|
|upkeep
|
|t:|1779650397
|switch|p2a: Comfey|Comfey, F|68/100 par
|-damage|p2a: Comfey|44/100 par|[from] Spikes
|turn|25
|
|t:|1779650411
|switch|p1a: Djengo Unrained|Gholdengo|71/100
|move|p2a: Comfey|Draining Kiss|p1a: Djengo Unrained
|-resisted|p1a: Djengo Unrained
|-damage|p1a: Djengo Unrained|62/100
|-heal|p2a: Comfey|53/100 par|[from] drain|[of] p1a: Djengo Unrained
|
|-heal|p2a: Comfey|59/100 par|[from] item: Leftovers
|upkeep
|turn|26
|
|t:|1779650423
|switch|p2a: Cinderace|Cinderace, M|100/100
|move|p1a: Djengo Unrained|Hex|p2a: Cinderace
|-damage|p2a: Cinderace|60/100
|
|upkeep
|turn|27
|
|t:|1779650432
|-terastallize|p1a: Djengo Unrained|Fairy
|move|p2a: Cinderace|Court Change|p2a: Cinderace
|-start|p2a: Cinderace|typechange|Normal|[from] ability: Libero
|-swapsideconditions
|-activate|p2a: Cinderace|move: Court Change
|move|p1a: Djengo Unrained|Thunder Wave|p2a: Cinderace
|-status|p2a: Cinderace|par
|
|upkeep
|turn|28
|
|t:|1779650444
|move|p1a: Djengo Unrained|Recover|p1a: Djengo Unrained
|-heal|p1a: Djengo Unrained|100/100
|move|p2a: Cinderace|Will-O-Wisp|p1a: Djengo Unrained
|-immune|p1a: Djengo Unrained|[from] ability: Good as Gold
|
|upkeep
|turn|29
|
|t:|1779650455
|move|p1a: Djengo Unrained|Make It Rain|p2a: Cinderace
|-damage|p2a: Cinderace|0 fnt
|-unboost|p1a: Djengo Unrained|spa|1
|faint|p2a: Cinderace
|
|upkeep
|
|t:|1779650466
|switch|p2a: Bisharp|Bisharp, F|33/100
|turn|30
|
|t:|1779650472
|switch|p1a: Up Bowl On Em|Ting-Lu|32/100
|-damage|p1a: Up Bowl On Em|7/100|[from] Spikes
|-ability|p1a: Up Bowl On Em|Vessel of Ruin
|move|p2a: Bisharp|Iron Head|p1a: Up Bowl On Em
|-damage|p1a: Up Bowl On Em|0 fnt
|faint|p1a: Up Bowl On Em
|
|upkeep
|
|t:|1779650477
|switch|p1a: Secret Service|Dragonite, M|75/100 par
|turn|31
|
|t:|1779650487
|move|p2a: Bisharp|Iron Head|p1a: Secret Service
|-damage|p1a: Secret Service|35/100 par
|move|p1a: Secret Service|Earthquake|p2a: Bisharp
|-supereffective|p2a: Bisharp
|-damage|p2a: Bisharp|0 fnt
|faint|p2a: Bisharp
|
|upkeep
|
|t:|1779650503
|switch|p2a: Serperior|Serperior, M|100/100
|turn|32
|
|t:|1779650516
|move|p1a: Secret Service|Extreme Speed|p2a: Serperior
|-damage|p2a: Serperior|64/100
|move|p2a: Serperior|Leaf Storm|p1a: Secret Service
|-resisted|p1a: Secret Service
|-damage|p1a: Secret Service|26/100 par
|-boost|p2a: Serperior|spa|2
|
|-heal|p2a: Serperior|71/100|[from] item: Leftovers
|upkeep
|turn|33
|
|t:|1779650527
|move|p2a: Serperior|Dragon Pulse|p1a: Secret Service
|-supereffective|p1a: Secret Service
|-crit|p1a: Secret Service
|-damage|p1a: Secret Service|0 fnt
|faint|p1a: Secret Service
|
|-heal|p2a: Serperior|77/100|[from] item: Leftovers
|upkeep
|
|t:|1779650539
|switch|p1a: Djengo Unrained|Gholdengo, tera:Fairy|100/100
|turn|34
|
|t:|1779650545
|move|p2a: Serperior|Leaf Storm|p1a: Djengo Unrained
|-damage|p1a: Djengo Unrained|18/100
|-boost|p2a: Serperior|spa|2
|move|p1a: Djengo Unrained|Thunder Wave|p2a: Serperior
|-status|p2a: Serperior|par
|
|-heal|p2a: Serperior|83/100 par|[from] item: Leftovers
|upkeep
|turn|35
|
|t:|1779650599
|move|p1a: Djengo Unrained|Hex|p2a: Serperior
|-damage|p2a: Serperior|7/100 par
|cant|p2a: Serperior|par
|
|-heal|p2a: Serperior|14/100 par|[from] item: Leftovers
|upkeep
|turn|36
|
|t:|1779650609
|move|p1a: Djengo Unrained|Hex|p2a: Serperior
|-damage|p2a: Serperior|0 fnt
|faint|p2a: Serperior
|
|upkeep
|
|t:|1779650625
|switch|p2a: Comfey|Comfey, F|59/100 par
|turn|37
|
|t:|1779650633
|move|p2a: Comfey|Draining Kiss|p1a: Djengo Unrained
|-damage|p1a: Djengo Unrained|0 fnt
|-heal|p2a: Comfey|75/100 par|[from] drain|[of] p1a: Djengo Unrained
|faint|p1a: Djengo Unrained
|
|-heal|p2a: Comfey|81/100 par|[from] item: Leftovers
|upkeep
|
|t:|1779650635
|switch|p1a: Moonrock 350|Clefable, F|100/100
|turn|38
|
|t:|1779650651
|move|p1a: Moonrock 350|Moonblast|p2a: Comfey
|-damage|p2a: Comfey|47/100 par
|-unboost|p2a: Comfey|spa|1
|cant|p2a: Comfey|par
|
|-heal|p2a: Comfey|53/100 par|[from] item: Leftovers
|upkeep
|turn|39
|
|t:|1779650661
|move|p1a: Moonrock 350|Moonblast|p2a: Comfey
|-damage|p2a: Comfey|18/100 par
|move|p2a: Comfey|Calm Mind|p2a: Comfey
|-boost|p2a: Comfey|spa|1
|-boost|p2a: Comfey|spd|1
|
|-heal|p2a: Comfey|24/100 par|[from] item: Leftovers
|upkeep
|turn|40
|
|t:|1779650669
|move|p2a: Comfey|Draining Kiss|p1a: Moonrock 350
|-crit|p1a: Moonrock 350
|-damage|p1a: Moonrock 350|70/100
|-heal|p2a: Comfey|54/100 par|[from] drain|[of] p1a: Moonrock 350
|-damage|p2a: Comfey|38/100 par|[from] item: Rocky Helmet|[of] p1a: Moonrock 350
|move|p1a: Moonrock 350|Moonblast|p2a: Comfey
|-damage|p2a: Comfey|16/100 par
|
|-heal|p2a: Comfey|22/100 par|[from] item: Leftovers
|upkeep
|turn|41
|
|t:|1779650676
|move|p2a: Comfey|Draining Kiss|p1a: Moonrock 350
|-damage|p1a: Moonrock 350|51/100
|-heal|p2a: Comfey|40/100 par|[from] drain|[of] p1a: Moonrock 350
|-damage|p2a: Comfey|23/100 par|[from] item: Rocky Helmet|[of] p1a: Moonrock 350
|move|p1a: Moonrock 350|Moonblast|p2a: Comfey
|-damage|p2a: Comfey|0 fnt
|faint|p2a: Comfey
|
|upkeep
|
|t:|1779650684
|switch|p2a: Araquanid|Araquanid, M|61/100
|turn|42
|
|t:|1779650719
|move|p1a: Moonrock 350|Moonlight|p1a: Moonrock 350
|-heal|p1a: Moonrock 350|100/100
|move|p2a: Araquanid|Mirror Coat||[still]
|-fail|p2a: Araquanid
|
|upkeep
|turn|43
|
|t:|1779650728
|move|p1a: Moonrock 350|Knock Off|p2a: Araquanid
|-damage|p2a: Araquanid|45/100
|-enditem|p2a: Araquanid|Custap Berry|[from] move: Knock Off|[of] p1a: Moonrock 350
|move|p2a: Araquanid|Mirror Coat||[still]
|-fail|p2a: Araquanid
|
|upkeep
|turn|44
|
|t:|1779650736
|move|p1a: Moonrock 350|Knock Off|p2a: Araquanid
|-damage|p2a: Araquanid|35/100
|move|p2a: Araquanid|Endeavor|p1a: Moonrock 350
|-damage|p1a: Moonrock 350|30/100
|-damage|p2a: Araquanid|18/100|[from] item: Rocky Helmet|[of] p1a: Moonrock 350
|
|upkeep
|turn|45
|
|t:|1779650745
|move|p1a: Moonrock 350|Moonblast|p2a: Araquanid
|-damage|p2a: Araquanid|0 fnt
|faint|p2a: Araquanid
|
|win|STONE CHAI
|raw|STONE CHAI's rating: 1526 &rarr; <strong>1546</strong><br />(+20 for winning)
|raw|wassou21's rating: 1523 &rarr; <strong>1503</strong><br />(-20 for losing)
|l|☆STONE CHAI
|player|p1|
|l|☆wassou21
|player|p2|
