|j|☆Zorark3939
|j|☆shauryagarchamp
|t:|1779599913
|gametype|singles
|player|p1|Zorark3939|boarder|1108
|player|p2|shauryagarchamp|elesa-masters3|1099
|gen|9
|tier|[Gen 9] OU
|rated|
|rule|HP Percentage Mod: HP is shown in percentages
|rule|Endless Battle Clause: Forcing endless battles is banned
|rule|Species Clause: Limit one of each Pokémon
|rule|OHKO Clause: OHKO moves are banned
|rule|Evasion Items Clause: Evasion items are banned
|rule|Evasion Moves Clause: Evasion moves are banned
|rule|Evasion Abilities Clause: Evasion abilities are banned
|rule|Sleep Moves Clause: Sleep-inducing moves are banned
|clearpoke
|poke|p1|Zoroark-Hisui, M|
|poke|p1|Tinkaton, F|
|poke|p1|Yanmega, M|
|poke|p1|Kyurem|
|poke|p1|Heatran, F|
|poke|p1|Lokix, M|
|poke|p2|Weezing-Galar, M|
|poke|p2|Goodra-Hisui, F|
|poke|p2|Thundurus-Therian, M|
|poke|p2|Ceruledge, M|
|poke|p2|Weavile, F|
|poke|p2|Gastrodon-East, F|
|teampreview
|inactive|Battle timer is ON: inactive players will automatically lose when time's up. (requested by shauryagarchamp)
|
|t:|1779599941
|teamsize|p1|6
|teamsize|p2|6
|start
|switch|p1a: LOOOOOOPoOO|Lokix, M, shiny|100/100
|switch|p2a: Gastrodon|Gastrodon-East, F|100/100
|turn|1
|
|t:|1779599955
|move|p1a: LOOOOOOPoOO|Knock Off|p2a: Gastrodon
|-damage|p2a: Gastrodon|48/100
|-damage|p1a: LOOOOOOPoOO|84/100|[from] item: Rocky Helmet|[of] p2a: Gastrodon
|-enditem|p2a: Gastrodon|Rocky Helmet|[from] move: Knock Off|[of] p1a: LOOOOOOPoOO
|move|p2a: Gastrodon|Stealth Rock|p1a: LOOOOOOPoOO
|-sidestart|p1: Zorark3939|move: Stealth Rock
|
|upkeep
|turn|2
|
|t:|1779599973
|move|p1a: LOOOOOOPoOO|Axe Kick|p2a: Gastrodon
|-damage|p2a: Gastrodon|8/100
|move|p2a: Gastrodon|Recover|p2a: Gastrodon
|-heal|p2a: Gastrodon|58/100
|
|upkeep
|turn|3
|
|t:|1779599983
|-terastallize|p1a: LOOOOOOPoOO|Fighting
|move|p1a: LOOOOOOPoOO|Axe Kick|p2a: Gastrodon
|-damage|p2a: Gastrodon|0 fnt
|faint|p2a: Gastrodon
|
|upkeep
|
|t:|1779599995
|switch|p2a: Thundurus|Thundurus-Therian, M|100/100
|turn|4
|
|t:|1779600019
|switch|p1a: Froglover|Heatran, F|100/100
|-damage|p1a: Froglover|88/100|[from] Stealth Rock
|move|p2a: Thundurus|Psychic|p1a: Froglover
|-resisted|p1a: Froglover
|-damage|p1a: Froglover|67/100
|-damage|p2a: Thundurus|91/100|[from] item: Life Orb
|
|-heal|p1a: Froglover|73/100|[from] item: Leftovers
|upkeep
|turn|5
|
|t:|1779600038
|move|p2a: Thundurus|Discharge|p1a: Froglover
|-damage|p1a: Froglover|18/100
|-status|p1a: Froglover|par
|-damage|p2a: Thundurus|81/100|[from] item: Life Orb
|move|p1a: Froglover|Magma Storm|p2a: Thundurus
|-damage|p2a: Thundurus|0 fnt
|faint|p2a: Thundurus
|
|-heal|p1a: Froglover|24/100 par|[from] item: Leftovers
|upkeep
|
|t:|1779600049
|switch|p2a: Long time bud|Ceruledge, M, shiny|100/100
|turn|6
|
|t:|1779600058
|move|p2a: Long time bud|Swords Dance|p2a: Long time bud
|-boost|p2a: Long time bud|atk|2
|move|p1a: Froglover|Magma Storm|p2a: Long time bud
|-start|p2a: Long time bud|ability: Flash Fire
|
|-heal|p1a: Froglover|30/100 par|[from] item: Leftovers
|upkeep
|turn|7
|inactive|Zorark3939 has 120 seconds left.
|
|t:|1779600092
|move|p2a: Long time bud|Swords Dance|p2a: Long time bud
|-boost|p2a: Long time bud|atk|2
|cant|p1a: Froglover|par
|
|-heal|p1a: Froglover|37/100 par|[from] item: Leftovers
|upkeep
|turn|8
|inactive|Zorark3939 has 120 seconds left.
|
|t:|1779600099
|switch|p1a: Ay LS Toadst oe|Yanmega, M, shiny|100/100
|-damage|p1a: Ay LS Toadst oe|50/100|[from] Stealth Rock
|move|p2a: Long time bud|Swords Dance|p2a: Long time bud
|-boost|p2a: Long time bud|atk|2
|
|upkeep
|turn|9
|
|t:|1779600105
|move|p1a: Ay LS Toadst oe|Detect|p1a: Ay LS Toadst oe
|-singleturn|p1a: Ay LS Toadst oe|Protect
|move|p2a: Long time bud|Shadow Sneak|p1a: Ay LS Toadst oe
|-activate|p1a: Ay LS Toadst oe|move: Protect
|
|-ability|p1a: Ay LS Toadst oe|Speed Boost|boost
|-boost|p1a: Ay LS Toadst oe|spe|1
|upkeep
|turn|10
|
|t:|1779600121
|move|p2a: Long time bud|Shadow Sneak|p1a: Ay LS Toadst oe
|-damage|p1a: Ay LS Toadst oe|0 fnt
|faint|p1a: Ay LS Toadst oe
|
|upkeep
|inactive|Zorark3939 has 120 seconds left.
|c|☆shauryagarchamp|Now he is in hangry mode!
|
|t:|1779600147
|switch|p1a: WELCOM TO india|Tinkaton, F, shiny|100/100
|-damage|p1a: WELCOM TO india|88/100|[from] Stealth Rock
|-item|p1a: WELCOM TO india|Air Balloon
|turn|11
|
|t:|1779600161
|move|p1a: WELCOM TO india|Shadow Ball|p2a: Long time bud
|-supereffective|p2a: Long time bud
|-damage|p2a: Long time bud|28/100
|-enditem|p2a: Long time bud|Sitrus Berry|[eat]
|-heal|p2a: Long time bud|52/100|[from] item: Sitrus Berry
|move|p2a: Long time bud|Bitter Blade|p1a: WELCOM TO india
|-damage|p1a: WELCOM TO india|0 fnt
|-heal|p2a: Long time bud|84/100|[from] drain|[of] p1a: WELCOM TO india
|replace|p1a: Me|Zoroark-Hisui, M, shiny
|-end|p1a: Me|Illusion
|-enditem|p1a: Me|Air Balloon
|faint|p1a: Me
|
|upkeep
|inactive|Zorark3939 has 90 seconds left.
|
|t:|1779600192
|switch|p1a: WELCOM TO india|Tinkaton, F, shiny|100/100
|-damage|p1a: WELCOM TO india|94/100|[from] Stealth Rock
|-ability|p1a: WELCOM TO india|Mold Breaker
|turn|12
|
|t:|1779600198
|move|p1a: WELCOM TO india|Knock Off|p2a: Long time bud
|-supereffective|p2a: Long time bud
|-damage|p2a: Long time bud|41/100
|move|p2a: Long time bud|Bitter Blade|p1a: WELCOM TO india
|-supereffective|p1a: WELCOM TO india
|-damage|p1a: WELCOM TO india|0 fnt
|-heal|p2a: Long time bud|83/100|[from] drain|[of] p1a: WELCOM TO india
|faint|p1a: WELCOM TO india
|
|upkeep
|
|t:|1779600211
|switch|p1a: LOOOOOOPoOO|Lokix, M, shiny, tera:Fighting|84/100
|-damage|p1a: LOOOOOOPoOO|78/100|[from] Stealth Rock
|turn|13
|
|t:|1779600220
|move|p1a: LOOOOOOPoOO|Sucker Punch|p2a: Long time bud
|-supereffective|p2a: Long time bud
|-damage|p2a: Long time bud|2/100
|move|p2a: Long time bud|Shadow Sneak|p1a: LOOOOOOPoOO
|-damage|p1a: LOOOOOOPoOO|0 fnt
|faint|p1a: LOOOOOOPoOO
|
|upkeep
|inactive|Zorark3939 has 90 seconds left.
|
|t:|1779600232
|switch|p1a: Ice ice baby|Kyurem, shiny|100/100
|-damage|p1a: Ice ice baby|75/100|[from] Stealth Rock
|-ability|p1a: Ice ice baby|Pressure
|turn|14
|inactive|Zorark3939 has 90 seconds left.
|
|t:|1779600240
|move|p2a: Long time bud|Shadow Sneak|p1a: Ice ice baby
|-damage|p1a: Ice ice baby|0 fnt
|faint|p1a: Ice ice baby
|
|upkeep
|
|t:|1779600241
|switch|p1a: Froglover|Heatran, F|37/100 par
|-damage|p1a: Froglover|24/100 par|[from] Stealth Rock
|turn|15
|c|☆Zorark3939|Gg
|c|☆shauryagarchamp|Gg!
|
|t:|1779600251
|move|p2a: Long time bud|Shadow Sneak|p1a: Froglover
|-damage|p1a: Froglover|0 fnt
|faint|p1a: Froglover
|
|win|shauryagarchamp
|raw|Zorark3939's rating: 1108 &rarr; <strong>1082</strong><br />(-26 for losing)
|raw|shauryagarchamp's rating: 1099 &rarr; <strong>1125</strong><br />(+26 for winning)
|l|☆shauryagarchamp
|player|p2|
|l|☆Zorark3939
|player|p1|
