|j|☆pepelepiu
|j|☆athrel
|t:|1779684332
|gametype|singles
|player|p1|pepelepiu|170|1424
|player|p2|athrel|102|1450
|gen|9
|tier|[Gen 9] OU
|rated|
|rule|HP Percentage Mod: HP is shown in percentages
|rule|Endless Battle Clause: Forcing endless battles is banned
|rule|Species Clause: Limit one of each Pokémon
|rule|OHKO Clause: OHKO moves are banned
|rule|Evasion Items Clause: Evasion items are banned
|rule|Evasion Moves Clause: Evasion moves are banned
|rule|Evasion Abilities Clause: Evasion abilities are banned
|rule|Sleep Moves Clause: Sleep-inducing moves are banned
|clearpoke
|poke|p1|Walking Wake|
|poke|p1|Great Tusk|
|poke|p1|Ninetales, F|
|poke|p1|Cresselia, F|
|poke|p1|Zarude|
|poke|p1|Ceruledge, F|
|poke|p2|Kyurem|
|poke|p2|Araquanid, F|
|poke|p2|Ceruledge, F|
|poke|p2|Rillaboom, F|
|poke|p2|Gholdengo|
|poke|p2|Iron Treads|
|teampreview
|
|t:|1779684343
|teamsize|p1|6
|teamsize|p2|6
|start
|switch|p1a: Ninetales|Ninetales, F|100/100
|switch|p2a: Araquanid|Araquanid, F|100/100
|-weather|SunnyDay|[from] ability: Drought|[of] p1a: Ninetales
|turn|1
|
|t:|1779684351
|switch|p1a: Ceruledge|Ceruledge, F|100/100
|move|p2a: Araquanid|Sticky Web|p1a: Ceruledge
|-sidestart|p1: pepelepiu|move: Sticky Web
|
|-weather|SunnyDay|[upkeep]
|upkeep
|turn|2
|
|t:|1779684358
|move|p1a: Ceruledge|Swords Dance|p1a: Ceruledge
|-boost|p1a: Ceruledge|atk|2
|move|p2a: Araquanid|Liquidation|p1a: Ceruledge
|-supereffective|p1a: Ceruledge
|-damage|p1a: Ceruledge|12/100
|-ability|p1a: Ceruledge|Weak Armor|boost
|-unboost|p1a: Ceruledge|def|1
|-boost|p1a: Ceruledge|spe|2
|
|-weather|SunnyDay|[upkeep]
|upkeep
|turn|3
|
|t:|1779684369
|-terastallize|p2a: Araquanid|Dragon
|move|p1a: Ceruledge|Poltergeist|p2a: Araquanid
|-activate|p2a: Araquanid|move: Poltergeist|Custap Berry
|-damage|p2a: Araquanid|0 fnt
|faint|p2a: Araquanid
|
|-weather|SunnyDay|[upkeep]
|upkeep
|
|t:|1779684379
|switch|p2a: Rillaboom|Rillaboom, F|100/100
|-fieldstart|move: Grassy Terrain|[from] ability: Grassy Surge|[of] p2a: Rillaboom
|turn|4
|
|t:|1779684382
|move|p2a: Rillaboom|Grassy Glide|p1a: Ceruledge
|-resisted|p1a: Ceruledge
|-damage|p1a: Ceruledge|0 fnt
|faint|p1a: Ceruledge
|
|-weather|SunnyDay|[upkeep]
|upkeep
|
|t:|1779684386
|switch|p1a: Great Tusk|Great Tusk|100/100
|-activate|p1a: Great Tusk|move: Sticky Web
|-unboost|p1a: Great Tusk|spe|1
|-activate|p1a: Great Tusk|ability: Protosynthesis
|-start|p1a: Great Tusk|protosynthesisatk
|turn|5
|
|t:|1779684399
|switch|p2a: Ceruledge|Ceruledge, F|100/100
|move|p1a: Great Tusk|Rapid Spin|p2a: Ceruledge
|-immune|p2a: Ceruledge
|
|-weather|SunnyDay|[upkeep]
|upkeep
|turn|6
|
|t:|1779684407
|switch|p2a: Kyurem|Kyurem|100/100
|-ability|p2a: Kyurem|Pressure
|move|p1a: Great Tusk|Headlong Rush|p2a: Kyurem
|-damage|p2a: Kyurem|19/100
|-unboost|p1a: Great Tusk|def|1
|-unboost|p1a: Great Tusk|spd|1
|
|-weather|SunnyDay|[upkeep]
|-heal|p2a: Kyurem|25/100|[from] Grassy Terrain
|upkeep
|turn|7
|
|t:|1779684412
|-end|p1a: Great Tusk|Protosynthesis|[silent]
|switch|p1a: Cresselia|Cresselia, F|100/100
|move|p2a: Kyurem|Ice Beam|p1a: Cresselia
|-damage|p1a: Cresselia|58/100
|-enditem|p1a: Cresselia|Eject Button
|
|t:|1779684416
|switch|p1a: Great Tusk|Great Tusk|100/100
|-activate|p1a: Great Tusk|move: Sticky Web
|-unboost|p1a: Great Tusk|spe|1
|-activate|p1a: Great Tusk|ability: Protosynthesis
|-start|p1a: Great Tusk|protosynthesisatk
|
|-weather|SunnyDay|[upkeep]
|-heal|p2a: Kyurem|31/100|[from] Grassy Terrain
|upkeep
|turn|8
|
|t:|1779684419
|-terastallize|p1a: Great Tusk|Steel
|move|p2a: Kyurem|Ice Beam|p1a: Great Tusk
|-resisted|p1a: Great Tusk
|-damage|p1a: Great Tusk|65/100
|move|p1a: Great Tusk|Rapid Spin|p2a: Kyurem
|-damage|p2a: Kyurem|9/100
|-boost|p1a: Great Tusk|spe|1
|-sideend|p1: pepelepiu|Sticky Web|[from] move: Rapid Spin|[of] p1a: Great Tusk
|
|-weather|none
|-end|p1a: Great Tusk|Protosynthesis
|-heal|p2a: Kyurem|15/100|[from] Grassy Terrain
|-heal|p1a: Great Tusk|71/100|[from] Grassy Terrain
|-fieldend|move: Grassy Terrain
|upkeep
|turn|9
|
|t:|1779684425
|switch|p2a: Rillaboom|Rillaboom, F|100/100
|-fieldstart|move: Grassy Terrain|[from] ability: Grassy Surge|[of] p2a: Rillaboom
|move|p1a: Great Tusk|Ice Spinner|p2a: Rillaboom
|-supereffective|p2a: Rillaboom
|-crit|p2a: Rillaboom
|-damage|p2a: Rillaboom|21/100
|-fieldend|move: Grassy Terrain
|
|upkeep
|turn|10
|
|t:|1779684432
|-end|p1a: Great Tusk|Protosynthesis|[silent]
|switch|p1a: Ninetales|Ninetales, F|100/100
|-weather|SunnyDay|[from] ability: Drought|[of] p1a: Ninetales
|move|p2a: Rillaboom|High Horsepower|p1a: Ninetales
|-supereffective|p1a: Ninetales
|-damage|p1a: Ninetales|16/100
|
|-weather|SunnyDay|[upkeep]
|upkeep
|turn|11
|
|t:|1779684441
|switch|p1a: Cresselia|Cresselia, F|58/100
|switch|p2a: Ceruledge|Ceruledge, F|100/100
|
|-weather|SunnyDay|[upkeep]
|upkeep
|turn|12
|
|t:|1779684457
|move|p2a: Ceruledge|Bitter Blade|p1a: Cresselia
|-damage|p1a: Cresselia|3/100
|-damage|p2a: Ceruledge|91/100|[from] item: Life Orb
|move|p1a: Cresselia|Thunder Wave|p2a: Ceruledge
|-status|p2a: Ceruledge|par
|
|-weather|SunnyDay|[upkeep]
|upkeep
|turn|13
|
|t:|1779684472
|switch|p1a: Zarude|Zarude|100/100
|move|p2a: Ceruledge|Shadow Sneak|p1a: Zarude
|-resisted|p1a: Zarude
|-damage|p1a: Zarude|88/100
|-damage|p2a: Ceruledge|81/100 par|[from] item: Life Orb
|
|-weather|SunnyDay|[upkeep]
|-heal|p1a: Zarude|94/100|[from] item: Leftovers
|upkeep
|turn|14
|
|t:|1779684477
|move|p1a: Zarude|Knock Off|p2a: Ceruledge
|-supereffective|p2a: Ceruledge
|-damage|p2a: Ceruledge|0 fnt
|-enditem|p2a: Ceruledge|Life Orb|[from] move: Knock Off|[of] p1a: Zarude
|faint|p2a: Ceruledge
|
|-weather|SunnyDay|[upkeep]
|-heal|p1a: Zarude|100/100|[from] item: Leftovers
|upkeep
|
|t:|1779684484
|switch|p2a: Iron Treads|Iron Treads|100/100
|turn|15
|-message|athrel forfeited.
|
|win|pepelepiu
|raw|pepelepiu's rating: 1424 &rarr; <strong>1445</strong><br />(+21 for winning)
|raw|athrel's rating: 1450 &rarr; <strong>1429</strong><br />(-21 for losing)
|l|☆athrel
|player|p2|
|l|☆pepelepiu
|player|p1|
