|j|☆phap'a
|j|☆germanybro
|t:|1779622144
|gametype|singles
|player|p1|phap'a|dawn|1154
|player|p2|germanybro|flannery|1108
|gen|9
|tier|[Gen 9] OU
|rated|
|rule|HP Percentage Mod: HP is shown in percentages
|rule|Endless Battle Clause: Forcing endless battles is banned
|rule|Species Clause: Limit one of each Pokémon
|rule|OHKO Clause: OHKO moves are banned
|rule|Evasion Items Clause: Evasion items are banned
|rule|Evasion Moves Clause: Evasion moves are banned
|rule|Evasion Abilities Clause: Evasion abilities are banned
|rule|Sleep Moves Clause: Sleep-inducing moves are banned
|clearpoke
|poke|p1|Iron Treads|
|poke|p1|Samurott-Hisui, M|
|poke|p1|Iron Moth|
|poke|p1|Kyurem|
|poke|p1|Ting-Lu|
|poke|p1|Regieleki|
|poke|p2|Moltres-Galar|
|poke|p2|Dragapult, M|
|poke|p2|Glimmora, M|
|poke|p2|Reuniclus, F|
|poke|p2|Corviknight, M|
|poke|p2|Garchomp, F|
|teampreview
|inactive|Battle timer is ON: inactive players will automatically lose when time's up. (requested by phap'a)
|c|☆phap'a|GLF
|c|☆phap'a|*GLHF
|
|t:|1779622157
|teamsize|p1|6
|teamsize|p2|6
|start
|switch|p1a: Regieleki|Regieleki|100/100
|switch|p2a: Glimmora|Glimmora, M|100/100
|turn|1
|
|t:|1779622164
|move|p1a: Regieleki|Light Screen|p1a: Regieleki
|-sidestart|p1: phap'a|move: Light Screen
|move|p2a: Glimmora|Mortal Spin|p1a: Regieleki
|-damage|p1a: Regieleki|90/100
|-status|p1a: Regieleki|psn
|
|-damage|p1a: Regieleki|78/100 psn|[from] psn
|upkeep
|turn|2
|
|t:|1779622168
|move|p1a: Regieleki|Reflect|p1a: Regieleki
|-sidestart|p1: phap'a|Reflect
|move|p2a: Glimmora|Stealth Rock|p1a: Regieleki
|-sidestart|p1: phap'a|move: Stealth Rock
|
|-damage|p1a: Regieleki|66/100 psn|[from] psn
|upkeep
|turn|3
|
|t:|1779622171
|switch|p2a: Garchomp|Garchomp, F|100/100
|move|p1a: Regieleki|Rapid Spin|p2a: Garchomp
|-damage|p2a: Garchomp|90/100
|-boost|p1a: Regieleki|spe|1
|-damage|p1a: Regieleki|53/100 psn|[from] ability: Rough Skin|[of] p2a: Garchomp
|-sideend|p1: phap'a|Stealth Rock|[from] move: Rapid Spin|[of] p1a: Regieleki
|
|-damage|p1a: Regieleki|41/100 psn|[from] psn
|upkeep
|turn|4
|
|t:|1779622182
|switch|p1a: Kyurem|Kyurem|100/100
|-ability|p1a: Kyurem|Pressure
|move|p2a: Garchomp|Swords Dance|p2a: Garchomp
|-boost|p2a: Garchomp|atk|2
|
|upkeep
|turn|5
|
|t:|1779622189
|move|p2a: Garchomp|Scale Shot|p1a: Kyurem|[miss]
|-miss|p2a: Garchomp|p1a: Kyurem
|move|p1a: Kyurem|Icicle Spear|p2a: Garchomp
|-supereffective|p2a: Garchomp
|-damage|p2a: Garchomp|36/100
|-supereffective|p2a: Garchomp
|-damage|p2a: Garchomp|0 fnt
|faint|p2a: Garchomp
|-hitcount|p2: Garchomp|2
|
|upkeep
|
|t:|1779622196
|switch|p2a: Glimmora|Glimmora, M|100/100
|turn|6
|
|t:|1779622201
|move|p2a: Glimmora|Power Gem|p1a: Kyurem
|-supereffective|p1a: Kyurem
|-damage|p1a: Kyurem|67/100
|move|p1a: Kyurem|Earth Power|p2a: Glimmora
|-supereffective|p2a: Glimmora
|-enditem|p2a: Glimmora|Focus Sash
|-damage|p2a: Glimmora|1/100
|
|upkeep
|turn|7
|
|t:|1779622207
|move|p2a: Glimmora|Spiky Shield|p2a: Glimmora
|-singleturn|p2a: Glimmora|move: Protect
|move|p1a: Kyurem|Dragon Dance|p1a: Kyurem
|-boost|p1a: Kyurem|atk|1
|-boost|p1a: Kyurem|spe|1
|
|upkeep
|turn|8
|-message|germanybro forfeited.
|
|win|phap'a
|raw|phap&apos;a's rating: 1154 &rarr; <strong>1176</strong><br />(+22 for winning)
|raw|germanybro's rating: 1108 &rarr; <strong>1086</strong><br />(-22 for losing)
|l|☆germanybro
|player|p2|
