|j|☆love4tauros
|j|☆Kis Vegallomas
|t:|1779572428
|gametype|singles
|player|p1|love4tauros|1|1351
|player|p2|Kis Vegallomas|169|1364
|gen|9
|tier|[Gen 9] OU
|rated|
|rule|HP Percentage Mod: HP is shown in percentages
|rule|Endless Battle Clause: Forcing endless battles is banned
|rule|Species Clause: Limit one of each Pokémon
|rule|OHKO Clause: OHKO moves are banned
|rule|Evasion Items Clause: Evasion items are banned
|rule|Evasion Moves Clause: Evasion moves are banned
|rule|Evasion Abilities Clause: Evasion abilities are banned
|rule|Sleep Moves Clause: Sleep-inducing moves are banned
|clearpoke
|poke|p1|Ting-Lu|
|poke|p1|Slowking-Galar, F|
|poke|p1|Heatran, M|
|poke|p1|Primarina, M|
|poke|p1|Sinistcha|
|poke|p1|Maushold|
|poke|p2|Primeape, F|
|poke|p2|Skarmory, F|
|poke|p2|Slowking-Galar, F|
|poke|p2|Whimsicott, F|
|poke|p2|Regidrago|
|poke|p2|Ditto|
|teampreview
|inactive|Battle timer is ON: inactive players will automatically lose when time's up. (requested by love4tauros)
|inactive|Kis Vegallomas has 120 seconds left.
|
|t:|1779572460
|teamsize|p1|6
|teamsize|p2|6
|start
|switch|p1a: Ting-Lu|Ting-Lu|100/100
|switch|p2a: Whimsicott|Whimsicott, F|100/100
|-ability|p1a: Ting-Lu|Vessel of Ruin
|turn|1
|
|t:|1779572475
|switch|p1a: Slowking|Slowking-Galar, F|100/100
|move|p2a: Whimsicott|U-turn|p1a: Slowking
|-damage|p1a: Slowking|89/100
|
|t:|1779572494
|switch|p2a: Regidrago|Regidrago|100/100|[from] U-turn
|
|upkeep
|turn|2
|
|t:|1779572497
|move|p2a: Regidrago|Dragon Energy|p1a: Slowking
|-damage|p1a: Slowking|0 fnt
|faint|p1a: Slowking
|
|upkeep
|
|t:|1779572501
|switch|p1a: Primarina|Primarina, M|100/100
|turn|3
|
|t:|1779572509
|switch|p2a: Slowking|Slowking-Galar, F|100/100
|move|p1a: Primarina|Surf|p2a: Slowking
|-damage|p2a: Slowking|57/100
|
|-heal|p2a: Slowking|63/100|[from] item: Black Sludge
|upkeep
|turn|4
|
|t:|1779572515
|switch|p1a: Ting-Lu|Ting-Lu|100/100
|-ability|p1a: Ting-Lu|Vessel of Ruin
|move|p2a: Slowking|Thunder Wave|p1a: Ting-Lu
|-immune|p1a: Ting-Lu
|
|-heal|p2a: Slowking|69/100|[from] item: Black Sludge
|upkeep
|turn|5
|
|t:|1779572518
|move|p1a: Ting-Lu|Spikes|p2a: Slowking
|-sidestart|p2: Kis Vegallomas|Spikes
|move|p2a: Slowking|Toxic|p1a: Ting-Lu
|-status|p1a: Ting-Lu|tox
|
|-heal|p2a: Slowking|75/100|[from] item: Black Sludge
|-damage|p1a: Ting-Lu|94/100 tox|[from] psn
|upkeep
|turn|6
|
|t:|1779572524
|move|p1a: Ting-Lu|Spikes|p2a: Slowking
|-sidestart|p2: Kis Vegallomas|Spikes
|-prepare|p2a: Slowking|Chilly Reception|[premajor]
|move|p2a: Slowking|Chilly Reception|p2a: Slowking
|-weather|Snowscape
|
|t:|1779572530
|switch|p2a: Skarmory|Skarmory, F|100/100|[from] Chilly Reception
|
|-weather|Snowscape|[upkeep]
|-heal|p1a: Ting-Lu|100/100 tox|[from] item: Leftovers
|-damage|p1a: Ting-Lu|88/100 tox|[from] psn
|upkeep
|turn|7
|
|t:|1779572537
|switch|p1a: Heatran|Heatran, M|100/100
|-item|p1a: Heatran|Air Balloon
|move|p2a: Skarmory|Swords Dance|p2a: Skarmory
|-boost|p2a: Skarmory|atk|2
|
|-weather|Snowscape|[upkeep]
|upkeep
|turn|8
|
|t:|1779572544
|switch|p2a: Ditto|Ditto|100/100
|-damage|p2a: Ditto|84/100|[from] Spikes
|-transform|p2a: Ditto|p1a: Heatran|[from] ability: Imposter
|move|p1a: Heatran|Lava Plume|p2a: Ditto
|-start|p2a: Ditto|ability: Flash Fire
|
|-weather|Snowscape|[upkeep]
|upkeep
|turn|9
|
|t:|1779572555
|move|p2a: Ditto|Stealth Rock|p1a: Heatran
|-sidestart|p1: love4tauros|move: Stealth Rock
|move|p1a: Heatran|Earth Power|p2a: Ditto
|-supereffective|p2a: Ditto
|-damage|p2a: Ditto|0 fnt
|faint|p2a: Ditto
|
|-weather|Snowscape|[upkeep]
|upkeep
|
|t:|1779572560
|switch|p2a: Whimsicott|Whimsicott, F|100/100
|-damage|p2a: Whimsicott|84/100|[from] Spikes
|turn|10
|
|t:|1779572562
|move|p2a: Whimsicott|Encore|p1a: Heatran
|-start|p1a: Heatran|Encore
|move|p1a: Heatran|Earth Power|p2a: Whimsicott
|-resisted|p2a: Whimsicott
|-damage|p2a: Whimsicott|62/100
|
|-weather|none
|-heal|p2a: Whimsicott|68/100|[from] item: Leftovers
|upkeep
|turn|11
|
|t:|1779572567
|switch|p1a: Ting-Lu|Ting-Lu|88/100 tox
|-damage|p1a: Ting-Lu|82/100 tox|[from] Stealth Rock
|-ability|p1a: Ting-Lu|Vessel of Ruin
|move|p2a: Whimsicott|Moonblast|p1a: Ting-Lu
|-supereffective|p1a: Ting-Lu
|-damage|p1a: Ting-Lu|58/100 tox
|-unboost|p1a: Ting-Lu|spa|1
|
|-heal|p2a: Whimsicott|74/100|[from] item: Leftovers
|-heal|p1a: Ting-Lu|64/100 tox|[from] item: Leftovers
|-damage|p1a: Ting-Lu|58/100 tox|[from] psn
|upkeep
|turn|12
|
|t:|1779572571
|move|p2a: Whimsicott|U-turn|p1a: Ting-Lu
|-supereffective|p1a: Ting-Lu
|-damage|p1a: Ting-Lu|46/100 tox
|
|t:|1779572576
|switch|p2a: Primeape|Primeape, F|100/100|[from] U-turn
|-damage|p2a: Primeape|84/100|[from] Spikes
|move|p1a: Ting-Lu|Whirlwind|p2a: Primeape
|drag|p2a: Skarmory|Skarmory, F|100/100
|
|-heal|p1a: Ting-Lu|52/100 tox|[from] item: Leftovers
|-damage|p1a: Ting-Lu|39/100 tox|[from] psn
|upkeep
|turn|13
|
|t:|1779572585
|switch|p1a: Heatran|Heatran, M|100/100
|-damage|p1a: Heatran|88/100|[from] Stealth Rock
|-item|p1a: Heatran|Air Balloon
|move|p2a: Skarmory|Whirlwind|p1a: Heatran
|drag|p1a: Primarina|Primarina, M|100/100
|-damage|p1a: Primarina|88/100|[from] Stealth Rock
|
|upkeep
|turn|14
|
|t:|1779572594
|move|p1a: Primarina|Surf|p2a: Skarmory
|-damage|p2a: Skarmory|0 fnt
|faint|p2a: Skarmory
|
|upkeep
|
|t:|1779572606
|switch|p2a: Slowking|Slowking-Galar, F|100/100
|-damage|p2a: Slowking|84/100|[from] Spikes
|turn|15
|
|t:|1779572610
|switch|p1a: Ting-Lu|Ting-Lu|39/100 tox
|-damage|p1a: Ting-Lu|33/100 tox|[from] Stealth Rock
|-ability|p1a: Ting-Lu|Vessel of Ruin
|move|p2a: Slowking|Thunder Wave|p1a: Ting-Lu
|-immune|p1a: Ting-Lu
|
|-heal|p1a: Ting-Lu|39/100 tox|[from] item: Leftovers
|-heal|p2a: Slowking|90/100|[from] item: Black Sludge
|-damage|p1a: Ting-Lu|33/100 tox|[from] psn
|upkeep
|turn|16
|
|t:|1779572618
|move|p2a: Slowking|Sludge Bomb|p1a: Ting-Lu
|-resisted|p1a: Ting-Lu
|-damage|p1a: Ting-Lu|26/100 tox
|move|p1a: Ting-Lu|Whirlwind|p2a: Slowking
|drag|p2a: Regidrago|Regidrago|100/100
|-damage|p2a: Regidrago|84/100|[from] Spikes
|
|-heal|p1a: Ting-Lu|32/100 tox|[from] item: Leftovers
|-damage|p1a: Ting-Lu|20/100 tox|[from] psn
|upkeep
|turn|17
|
|t:|1779572625
|move|p2a: Regidrago|Dragon Pulse|p1a: Ting-Lu
|-damage|p1a: Ting-Lu|0 fnt
|faint|p1a: Ting-Lu
|
|upkeep
|
|t:|1779572627
|switch|p1a: Primarina|Primarina, M|88/100
|-damage|p1a: Primarina|75/100|[from] Stealth Rock
|turn|18
|
|t:|1779572632
|switch|p2a: Whimsicott|Whimsicott, F|74/100
|-damage|p2a: Whimsicott|58/100|[from] Spikes
|move|p1a: Primarina|Moonblast|p2a: Whimsicott
|-damage|p2a: Whimsicott|0 fnt
|faint|p2a: Whimsicott
|
|upkeep
|
|t:|1779572634
|switch|p2a: Slowking|Slowking-Galar, F|100/100
|-damage|p2a: Slowking|84/100|[from] Spikes
|turn|19
|
|t:|1779572641
|switch|p1a: Sinistcha|Sinistcha|100/100
|-damage|p1a: Sinistcha|88/100|[from] Stealth Rock
|move|p2a: Slowking|Thunder Wave|p1a: Sinistcha
|-status|p1a: Sinistcha|par
|
|-heal|p1a: Sinistcha|94/100 par|[from] item: Leftovers
|-heal|p2a: Slowking|90/100|[from] item: Black Sludge
|upkeep
|turn|20
|
|t:|1779572650
|move|p1a: Sinistcha|Scald|p2a: Slowking
|-damage|p2a: Slowking|74/100
|move|p2a: Slowking|Sludge Bomb|p1a: Sinistcha
|-damage|p1a: Sinistcha|52/100 par
|
|-heal|p1a: Sinistcha|58/100 par|[from] item: Leftovers
|-heal|p2a: Slowking|80/100|[from] item: Black Sludge
|upkeep
|turn|21
|
|t:|1779572655
|move|p1a: Sinistcha|Scald|p2a: Slowking
|-damage|p2a: Slowking|63/100
|move|p2a: Slowking|Sludge Bomb|p1a: Sinistcha
|-damage|p1a: Sinistcha|13/100 par
|
|-heal|p1a: Sinistcha|19/100 par|[from] item: Leftovers
|-heal|p2a: Slowking|69/100|[from] item: Black Sludge
|upkeep
|turn|22
|
|t:|1779572659
|switch|p1a: Heatran|Heatran, M|88/100
|-damage|p1a: Heatran|76/100|[from] Stealth Rock
|-item|p1a: Heatran|Air Balloon
|move|p2a: Slowking|Sludge Bomb|p1a: Heatran
|-immune|p1a: Heatran
|
|-heal|p2a: Slowking|75/100|[from] item: Black Sludge
|upkeep
|turn|23
|
|t:|1779572664
|move|p1a: Heatran|Earth Power|p2a: Slowking
|-supereffective|p2a: Slowking
|-damage|p2a: Slowking|33/100
|-unboost|p2a: Slowking|spd|1
|-prepare|p2a: Slowking|Chilly Reception|[premajor]
|move|p2a: Slowking|Chilly Reception|p2a: Slowking
|-weather|Snowscape
|
|t:|1779572669
|switch|p2a: Primeape|Primeape, F|84/100|[from] Chilly Reception
|-damage|p2a: Primeape|68/100|[from] Spikes
|
|-weather|Snowscape|[upkeep]
|upkeep
|turn|24
|
|t:|1779572678
|switch|p1a: Sinistcha|Sinistcha|19/100 par
|-damage|p1a: Sinistcha|7/100 par|[from] Stealth Rock
|move|p2a: Primeape|Bulk Up|p2a: Primeape
|-boost|p2a: Primeape|atk|1
|-boost|p2a: Primeape|def|1
|
|-weather|Snowscape|[upkeep]
|-heal|p1a: Sinistcha|13/100 par|[from] item: Leftovers
|upkeep
|turn|25
|
|t:|1779572682
|move|p2a: Primeape|Rage Fist|p1a: Sinistcha
|-supereffective|p1a: Sinistcha
|-damage|p1a: Sinistcha|0 fnt
|faint|p1a: Sinistcha
|
|-weather|Snowscape|[upkeep]
|upkeep
|
|t:|1779572692
|switch|p1a: Maushold|Maushold|100/100
|-damage|p1a: Maushold|88/100|[from] Stealth Rock
|turn|26
|
|t:|1779572696
|switch|p2a: Slowking|Slowking-Galar, F|66/100
|-damage|p2a: Slowking|49/100|[from] Spikes
|move|p1a: Maushold|Encore||[still]
|-fail|p1a: Maushold
|
|-weather|Snowscape|[upkeep]
|-heal|p2a: Slowking|56/100|[from] item: Black Sludge
|upkeep
|turn|27
|
|t:|1779572702
|move|p1a: Maushold|Population Bomb|p2a: Slowking
|-damage|p2a: Slowking|44/100
|-damage|p2a: Slowking|33/100
|-damage|p2a: Slowking|21/100
|-damage|p2a: Slowking|8/100
|-damage|p2a: Slowking|0 fnt
|faint|p2a: Slowking
|-hitcount|p2: Slowking|5
|
|-weather|none
|upkeep
|
|t:|1779572705
|switch|p2a: Regidrago|Regidrago|84/100
|-damage|p2a: Regidrago|67/100|[from] Spikes
|turn|28
|
|t:|1779572708
|move|p1a: Maushold|Population Bomb|p2a: Regidrago
|-damage|p2a: Regidrago|55/100
|-damage|p2a: Regidrago|44/100
|-damage|p2a: Regidrago|31/100
|-damage|p2a: Regidrago|18/100
|-damage|p2a: Regidrago|5/100
|-damage|p2a: Regidrago|0 fnt
|faint|p2a: Regidrago
|-hitcount|p2: Regidrago|6
|
|upkeep
|
|t:|1779572709
|switch|p2a: Primeape|Primeape, F|68/100
|-damage|p2a: Primeape|51/100|[from] Spikes
|turn|29
|
|t:|1779572712
|-terastallize|p2a: Primeape|Ghost
|move|p1a: Maushold|Population Bomb|p2a: Primeape
|-immune|p2a: Primeape
|move|p2a: Primeape|Drain Punch|p1a: Maushold
|-supereffective|p1a: Maushold
|-damage|p1a: Maushold|0 fnt
|-heal|p2a: Primeape|89/100|[from] drain|[of] p1a: Maushold
|faint|p1a: Maushold
|
|upkeep
|
|t:|1779572719
|switch|p1a: Heatran|Heatran, M|76/100
|-damage|p1a: Heatran|63/100|[from] Stealth Rock
|-item|p1a: Heatran|Air Balloon
|turn|30
|
|t:|1779572724
|-terastallize|p1a: Heatran|Grass
|move|p2a: Primeape|Bulk Up|p2a: Primeape
|-boost|p2a: Primeape|atk|1
|-boost|p2a: Primeape|def|1
|move|p1a: Heatran|Will-O-Wisp|p2a: Primeape
|-status|p2a: Primeape|brn
|
|-damage|p2a: Primeape|83/100 brn|[from] brn
|upkeep
|turn|31
|
|t:|1779572729
|move|p2a: Primeape|Bulk Up|p2a: Primeape
|-boost|p2a: Primeape|atk|1
|-boost|p2a: Primeape|def|1
|move|p1a: Heatran|Lava Plume|p2a: Primeape
|-damage|p2a: Primeape|55/100 brn
|
|-damage|p2a: Primeape|49/100 brn|[from] brn
|upkeep
|turn|32
|
|t:|1779572734
|move|p2a: Primeape|Drain Punch|p1a: Heatran
|-damage|p1a: Heatran|38/100
|-heal|p2a: Primeape|63/100 brn|[from] drain|[of] p1a: Heatran
|-enditem|p1a: Heatran|Air Balloon
|move|p1a: Heatran|Lava Plume|p2a: Primeape
|-damage|p2a: Primeape|37/100 brn
|
|-damage|p2a: Primeape|31/100 brn|[from] brn
|upkeep
|turn|33
|
|t:|1779572744
|move|p2a: Primeape|Drain Punch|p1a: Heatran
|-damage|p1a: Heatran|16/100
|-heal|p2a: Primeape|44/100 brn|[from] drain|[of] p1a: Heatran
|move|p1a: Heatran|Lava Plume|p2a: Primeape
|-damage|p2a: Primeape|14/100 brn
|
|-damage|p2a: Primeape|8/100 brn|[from] brn
|upkeep
|turn|34
|
|t:|1779572748
|move|p2a: Primeape|Drain Punch|p1a: Heatran
|-damage|p1a: Heatran|0 fnt
|-heal|p2a: Primeape|17/100 brn|[from] drain|[of] p1a: Heatran
|faint|p1a: Heatran
|
|-damage|p2a: Primeape|11/100 brn|[from] brn
|upkeep
|
|t:|1779572750
|switch|p1a: Primarina|Primarina, M|75/100
|-damage|p1a: Primarina|63/100|[from] Stealth Rock
|turn|35
|
|t:|1779572754
|move|p2a: Primeape|Rage Fist|p1a: Primarina
|-damage|p1a: Primarina|0 fnt
|faint|p1a: Primarina
|
|win|Kis Vegallomas
|raw|love4tauros's rating: 1351 &rarr; <strong>1332</strong><br />(-19 for losing)
|raw|Kis Vegallomas's rating: 1364 &rarr; <strong>1383</strong><br />(+19 for winning)
|l|☆love4tauros
|player|p1|
