|j|☆Fhyx
|j|☆ju2508
|t:|1779639648
|gametype|singles
|player|p1|Fhyx|265|1109
|player|p2|ju2508|265|1073
|gen|9
|tier|[Gen 9] OU
|rated|
|rule|HP Percentage Mod: HP is shown in percentages
|rule|Endless Battle Clause: Forcing endless battles is banned
|rule|Species Clause: Limit one of each Pokémon
|rule|OHKO Clause: OHKO moves are banned
|rule|Evasion Items Clause: Evasion items are banned
|rule|Evasion Moves Clause: Evasion moves are banned
|rule|Evasion Abilities Clause: Evasion abilities are banned
|rule|Sleep Moves Clause: Sleep-inducing moves are banned
|clearpoke
|poke|p1|Primarina, M|
|poke|p1|Conkeldurr, F|
|poke|p1|Dusclops, M|
|poke|p1|Donphan, F|
|poke|p1|Dragonite, F|
|poke|p1|Scizor, M|
|poke|p2|Feraligatr, M|
|poke|p2|Lilligant, F|
|poke|p2|Donphan, M|
|poke|p2|Sylveon, F|
|poke|p2|Grafaiai, M|
|poke|p2|Magneton|
|teampreview
|inactive|Battle timer is ON: inactive players will automatically lose when time's up. (requested by Fhyx)
|
|t:|1779639660
|teamsize|p1|6
|teamsize|p2|6
|start
|switch|p1a: Scizor|Scizor, M|100/100
|switch|p2a: Grafaiai|Grafaiai, M|100/100
|turn|1
|
|t:|1779639667
|move|p2a: Grafaiai|Parting Shot|p1a: Scizor
|-unboost|p1a: Scizor|atk|1
|-unboost|p1a: Scizor|spa|1
|
|t:|1779639672
|switch|p2a: Magneton|Magneton|100/100|[from] Parting Shot
|move|p1a: Scizor|Bullet Punch|p2a: Magneton
|-resisted|p2a: Magneton
|-damage|p2a: Magneton|97/100
|
|upkeep
|turn|2
|
|t:|1779639683
|move|p1a: Scizor|Swords Dance|p1a: Scizor
|-boost|p1a: Scizor|atk|2
|move|p2a: Magneton|Thunderbolt|p1a: Scizor
|-damage|p1a: Scizor|32/100
|
|upkeep
|turn|3
|
|t:|1779639690
|move|p1a: Scizor|Close Combat|p2a: Magneton
|-supereffective|p2a: Magneton
|-damage|p2a: Magneton|7/100
|-unboost|p1a: Scizor|def|1
|-unboost|p1a: Scizor|spd|1
|move|p2a: Magneton|Volt Switch|p1a: Scizor
|-damage|p1a: Scizor|0 fnt
|faint|p1a: Scizor
|
|t:|1779639701
|switch|p2a: Grafaiai|Grafaiai, M|100/100|[from] Volt Switch
|
|upkeep
|
|t:|1779639709
|switch|p1a: Conkeldurr|Conkeldurr, F|100/100
|turn|4
|
|t:|1779639726
|move|p1a: Conkeldurr|Detect|p1a: Conkeldurr
|-singleturn|p1a: Conkeldurr|Protect
|move|p2a: Grafaiai|Switcheroo|p1a: Conkeldurr
|-activate|p1a: Conkeldurr|move: Protect
|
|-status|p1a: Conkeldurr|brn|[from] item: Flame Orb
|upkeep
|turn|5
|
|t:|1779639738
|switch|p2a: Donphan|Donphan, M|100/100
|move|p1a: Conkeldurr|Facade|p2a: Donphan
|-damage|p2a: Donphan|56/100
|
|-heal|p2a: Donphan|62/100|[from] item: Leftovers
|-damage|p1a: Conkeldurr|94/100 brn|[from] brn
|upkeep
|turn|6
|
|t:|1779639752
|move|p2a: Donphan|Bulldoze|p1a: Conkeldurr
|-damage|p1a: Conkeldurr|74/100 brn
|-unboost|p1a: Conkeldurr|spe|1
|move|p1a: Conkeldurr|Facade|p2a: Donphan
|-damage|p2a: Donphan|12/100
|
|-heal|p2a: Donphan|18/100|[from] item: Leftovers
|-damage|p1a: Conkeldurr|68/100 brn|[from] brn
|upkeep
|turn|7
|
|t:|1779639764
|move|p1a: Conkeldurr|Mach Punch|p2a: Donphan
|-damage|p2a: Donphan|0 fnt
|faint|p2a: Donphan
|
|-damage|p1a: Conkeldurr|62/100 brn|[from] brn
|upkeep
|
|t:|1779639776
|switch|p2a: Sylveon|Sylveon, F|100/100
|turn|8
|
|t:|1779639780
|switch|p1a: Primarina|Primarina, M|100/100
|move|p2a: Sylveon|Hyper Voice|p1a: Primarina
|-crit|p1a: Primarina
|-damage|p1a: Primarina|47/100
|
|-heal|p1a: Primarina|53/100|[from] item: Leftovers
|upkeep
|turn|9
|
|t:|1779639790
|move|p1a: Primarina|Hyper Voice|p2a: Sylveon
|-damage|p2a: Sylveon|79/100
|move|p2a: Sylveon|Calm Mind|p2a: Sylveon
|-boost|p2a: Sylveon|spa|1
|-boost|p2a: Sylveon|spd|1
|
|-heal|p1a: Primarina|59/100|[from] item: Leftovers
|-heal|p2a: Sylveon|85/100|[from] item: Leftovers
|upkeep
|turn|10
|
|t:|1779639799
|switch|p1a: Dusclops|Dusclops, M|100/100
|-ability|p1a: Dusclops|Pressure
|move|p2a: Sylveon|Hyper Voice|p1a: Dusclops
|-damage|p1a: Dusclops|56/100
|
|-heal|p2a: Sylveon|91/100|[from] item: Leftovers
|upkeep
|turn|11
|
|t:|1779639811
|move|p2a: Sylveon|Protect|p2a: Sylveon
|-singleturn|p2a: Sylveon|Protect
|move|p1a: Dusclops|Pain Split|p2a: Sylveon
|-activate|p2a: Sylveon|move: Protect
|
|-heal|p2a: Sylveon|97/100|[from] item: Leftovers
|upkeep
|turn|12
|
|t:|1779639821
|switch|p2a: Magneton|Magneton|7/100
|move|p1a: Dusclops|Pain Split|p2a: Magneton
|-sethp|p2a: Magneton|24/100|[from] move: Pain Split|[silent]
|-sethp|p1a: Dusclops|32/100|[from] move: Pain Split
|
|upkeep
|turn|13
|
|t:|1779639830
|switch|p1a: Donphan|Donphan, F|100/100
|move|p2a: Magneton|Volt Switch|p1a: Donphan
|-immune|p1a: Donphan
|
|upkeep
|turn|14
|
|t:|1779639837
|move|p2a: Magneton|Flash Cannon|p1a: Donphan
|-damage|p1a: Donphan|46/100
|move|p1a: Donphan|Stealth Rock|p2a: Magneton
|-sidestart|p2: ju2508|move: Stealth Rock
|
|upkeep
|turn|15
|
|t:|1779639844
|move|p2a: Magneton|Flash Cannon|p1a: Donphan
|-damage|p1a: Donphan|0 fnt
|faint|p1a: Donphan
|
|upkeep
|
|t:|1779639850
|switch|p1a: Conkeldurr|Conkeldurr, F|62/100 brn
|turn|16
|
|t:|1779639856
|move|p1a: Conkeldurr|Mach Punch|p2a: Magneton
|-supereffective|p2a: Magneton
|-damage|p2a: Magneton|0 fnt
|faint|p2a: Magneton
|
|-damage|p1a: Conkeldurr|56/100 brn|[from] brn
|upkeep
|
|t:|1779639865
|switch|p2a: Sylveon|Sylveon, F|97/100
|-damage|p2a: Sylveon|85/100|[from] Stealth Rock
|turn|17
|
|t:|1779639869
|move|p2a: Sylveon|Hyper Voice|p1a: Conkeldurr
|-supereffective|p1a: Conkeldurr
|-damage|p1a: Conkeldurr|0 fnt
|faint|p1a: Conkeldurr
|
|-heal|p2a: Sylveon|91/100|[from] item: Leftovers
|upkeep
|
|t:|1779639877
|switch|p1a: Dusclops|Dusclops, M|32/100
|-ability|p1a: Dusclops|Pressure
|turn|18
|
|t:|1779639881
|move|p2a: Sylveon|Hyper Voice|p1a: Dusclops
|-damage|p1a: Dusclops|4/100
|move|p1a: Dusclops|Pain Split|p2a: Sylveon
|-sethp|p2a: Sylveon|47/100|[from] move: Pain Split|[silent]
|-sethp|p1a: Dusclops|78/100|[from] move: Pain Split
|
|-heal|p2a: Sylveon|53/100|[from] item: Leftovers
|upkeep
|turn|19
|
|t:|1779639892
|switch|p2a: Grafaiai|Grafaiai, M|100/100
|-damage|p2a: Grafaiai|88/100|[from] Stealth Rock
|move|p1a: Dusclops|Curse|p2a: Grafaiai
|-start|p2a: Grafaiai|Curse|[of] p1a: Dusclops
|-damage|p1a: Dusclops|28/100
|
|-damage|p2a: Grafaiai|63/100|[from] Curse
|upkeep
|turn|20
|
|t:|1779639902
|move|p1a: Dusclops|Protect|p1a: Dusclops
|-singleturn|p1a: Dusclops|Protect
|move|p2a: Grafaiai|Switcheroo|p1a: Dusclops
|-activate|p1a: Dusclops|move: Protect
|
|-damage|p2a: Grafaiai|39/100|[from] Curse
|upkeep
|turn|21
|
|t:|1779639911
|move|p2a: Grafaiai|Switcheroo|p1a: Dusclops
|-activate|p2a: Grafaiai|move: Trick|[of] p1a: Dusclops
|-item|p1a: Dusclops|Choice Band|[from] move: Switcheroo
|-item|p2a: Grafaiai|Eviolite|[from] move: Switcheroo
|move|p1a: Dusclops|Night Shade|p2a: Grafaiai
|-immune|p2a: Grafaiai
|
|-damage|p2a: Grafaiai|14/100|[from] Curse
|upkeep
|turn|22
|
|t:|1779639923
|move|p2a: Grafaiai|Gunk Shot|p1a: Dusclops
|-resisted|p1a: Dusclops
|-damage|p1a: Dusclops|7/100
|move|p1a: Dusclops|Night Shade|p2a: Grafaiai
|-immune|p2a: Grafaiai
|
|-damage|p2a: Grafaiai|0 fnt|[from] Curse
|faint|p2a: Grafaiai
|upkeep
|-message|Fhyx forfeited.
|
|win|ju2508
|raw|Fhyx's rating: 1109 &rarr; <strong>1081</strong><br />(-28 for losing)
|raw|ju2508's rating: 1073 &rarr; <strong>1105</strong><br />(+32 for winning)
|l|☆Fhyx
|player|p1|
|l|☆ju2508
|player|p2|
