|j|☆party girl 2004
|j|☆CakNoel
|t:|1779621255
|gametype|singles
|player|p1|party girl 2004|lass-gen4dp|1355
|player|p2|CakNoel|hoopster|1331
|gen|9
|tier|[Gen 9] OU
|rated|
|rule|HP Percentage Mod: HP is shown in percentages
|rule|Endless Battle Clause: Forcing endless battles is banned
|rule|Species Clause: Limit one of each Pokémon
|rule|OHKO Clause: OHKO moves are banned
|rule|Evasion Items Clause: Evasion items are banned
|rule|Evasion Moves Clause: Evasion moves are banned
|rule|Evasion Abilities Clause: Evasion abilities are banned
|rule|Sleep Moves Clause: Sleep-inducing moves are banned
|clearpoke
|poke|p1|Serperior, M|
|poke|p1|Skarmory, M|
|poke|p1|Blaziken, M|
|poke|p1|Iron Valiant|
|poke|p1|Greninja-*, M|
|poke|p1|Iron Moth|
|poke|p2|Tyranitar, F|
|poke|p2|Excadrill, F|
|poke|p2|Kingambit, F|
|poke|p2|Alomomola, F|
|poke|p2|Ogerpon-Wellspring, F|
|poke|p2|Corviknight, M|
|teampreview
|inactive|Battle timer is ON: inactive players will automatically lose when time's up. (requested by party girl 2004)
|
|t:|1779621270
|teamsize|p1|6
|teamsize|p2|6
|start
|switch|p1a: Serperior|Serperior, M, shiny|100/100
|switch|p2a: Tyranitar|Tyranitar, F|100/100
|-weather|Sandstorm|[from] ability: Sand Stream|[of] p2a: Tyranitar
|turn|1
|
|t:|1779621278
|move|p1a: Serperior|Taunt|p2a: Tyranitar
|-start|p2a: Tyranitar|move: Taunt
|cant|p2a: Tyranitar|move: Taunt|Thunder Wave
|
|-weather|Sandstorm|[upkeep]
|-damage|p1a: Serperior|94/100|[from] Sandstorm
|upkeep
|turn|2
|
|t:|1779621287
|move|p1a: Serperior|Glare|p2a: Tyranitar
|-status|p2a: Tyranitar|par
|cant|p2a: Tyranitar|par
|
|-weather|Sandstorm|[upkeep]
|-damage|p1a: Serperior|88/100|[from] Sandstorm
|upkeep
|turn|3
|
|t:|1779621299
|switch|p2a: Corviknight|Corviknight, M|100/100
|-ability|p2a: Corviknight|Pressure
|move|p1a: Serperior|Reflect|p1a: Serperior
|-sidestart|p1: party girl 2004|Reflect
|
|-weather|Sandstorm|[upkeep]
|-damage|p1a: Serperior|82/100|[from] Sandstorm
|upkeep
|turn|4
|
|t:|1779621310
|move|p1a: Serperior|Glare|p2a: Corviknight
|-status|p2a: Corviknight|par
|move|p2a: Corviknight|U-turn|p1a: Serperior
|-supereffective|p1a: Serperior
|-damage|p1a: Serperior|65/100
|
|t:|1779621330
|switch|p2a: Tyranitar|Tyranitar, F|100/100 par|[from] U-turn
|
|-weather|Sandstorm|[upkeep]
|-damage|p1a: Serperior|59/100|[from] Sandstorm
|upkeep
|turn|5
|
|t:|1779621336
|move|p1a: Serperior|Taunt|p2a: Tyranitar
|-start|p2a: Tyranitar|move: Taunt
|cant|p2a: Tyranitar|par
|
|-weather|Sandstorm|[upkeep]
|-damage|p1a: Serperior|53/100|[from] Sandstorm
|upkeep
|turn|6
|
|t:|1779621344
|move|p1a: Serperior|Leaf Storm|p2a: Tyranitar
|-supereffective|p2a: Tyranitar
|-damage|p2a: Tyranitar|60/100 par
|-boost|p1a: Serperior|spa|2
|cant|p2a: Tyranitar|par
|
|-weather|Sandstorm|[upkeep]
|-damage|p1a: Serperior|47/100|[from] Sandstorm
|upkeep
|turn|7
|
|t:|1779621349
|switch|p2a: Corviknight|Corviknight, M|100/100 par
|-ability|p2a: Corviknight|Pressure
|move|p1a: Serperior|Leaf Storm|p2a: Corviknight
|-resisted|p2a: Corviknight
|-damage|p2a: Corviknight|78/100 par
|-boost|p1a: Serperior|spa|2
|
|-weather|Sandstorm|[upkeep]
|-damage|p1a: Serperior|41/100|[from] Sandstorm
|-sideend|p1: party girl 2004|Reflect
|upkeep
|turn|8
|
|t:|1779621353
|move|p1a: Serperior|Taunt|p2a: Corviknight
|-start|p2a: Corviknight|move: Taunt
|move|p2a: Corviknight|Brave Bird|p1a: Serperior
|-supereffective|p1a: Serperior
|-damage|p1a: Serperior|0 fnt
|faint|p1a: Serperior
|-damage|p2a: Corviknight|68/100 par|[from] Recoil
|
|-weather|none
|upkeep
|
|t:|1779621368
|switch|p1a: Iron Moth|Iron Moth|100/100
|-enditem|p1a: Iron Moth|Booster Energy
|-activate|p1a: Iron Moth|ability: Quark Drive|[fromitem]
|-start|p1a: Iron Moth|quarkdrivespe
|turn|9
|
|t:|1779621376
|switch|p2a: Tyranitar|Tyranitar, F|60/100 par
|-weather|Sandstorm|[from] ability: Sand Stream|[of] p2a: Tyranitar
|move|p1a: Iron Moth|Fiery Dance|p2a: Tyranitar
|-resisted|p2a: Tyranitar
|-damage|p2a: Tyranitar|52/100 par
|
|-weather|Sandstorm|[upkeep]
|-damage|p1a: Iron Moth|94/100|[from] Sandstorm
|upkeep
|turn|10
|
|t:|1779621384
|move|p1a: Iron Moth|Toxic Spikes|p2a: Tyranitar
|-sidestart|p2: CakNoel|move: Toxic Spikes
|move|p2a: Tyranitar|Thunder Wave|p1a: Iron Moth
|-status|p1a: Iron Moth|par
|
|-weather|Sandstorm|[upkeep]
|-damage|p1a: Iron Moth|88/100 par|[from] Sandstorm
|upkeep
|turn|11
|
|t:|1779621392
|move|p2a: Tyranitar|Stone Edge|p1a: Iron Moth
|-supereffective|p1a: Iron Moth
|-damage|p1a: Iron Moth|0 fnt
|faint|p1a: Iron Moth
|-end|p1a: Iron Moth|Quark Drive|[silent]
|
|-weather|Sandstorm|[upkeep]
|upkeep
|
|t:|1779621401
|switch|p1a: Iron Valiant|Iron Valiant|100/100
|-enditem|p1a: Iron Valiant|Booster Energy
|-activate|p1a: Iron Valiant|ability: Quark Drive|[fromitem]
|-start|p1a: Iron Valiant|quarkdrivespe
|turn|12
|
|t:|1779621406
|switch|p2a: Corviknight|Corviknight, M|68/100 par
|-ability|p2a: Corviknight|Pressure
|move|p1a: Iron Valiant|Calm Mind|p1a: Iron Valiant
|-boost|p1a: Iron Valiant|spa|1
|-boost|p1a: Iron Valiant|spd|1
|
|-weather|Sandstorm|[upkeep]
|-damage|p1a: Iron Valiant|94/100|[from] Sandstorm
|upkeep
|turn|13
|
|t:|1779621415
|move|p1a: Iron Valiant|Thunderbolt|p2a: Corviknight
|-supereffective|p2a: Corviknight
|-damage|p2a: Corviknight|0 fnt
|faint|p2a: Corviknight
|
|-weather|Sandstorm|[upkeep]
|-damage|p1a: Iron Valiant|88/100|[from] Sandstorm
|upkeep
|
|t:|1779621419
|switch|p2a: Excadrill|Excadrill, F|100/100
|turn|14
|
|t:|1779621430
|-end|p1a: Iron Valiant|Quark Drive|[silent]
|switch|p1a: Skarmory|Skarmory, M, shiny|100/100
|-terastallize|p2a: Excadrill|Ground
|move|p2a: Excadrill|Earthquake|p1a: Skarmory
|-immune|p1a: Skarmory
|
|-weather|Sandstorm|[upkeep]
|upkeep
|turn|15
|
|t:|1779621439
|move|p2a: Excadrill|Rapid Spin|p1a: Skarmory
|-resisted|p1a: Skarmory
|-damage|p1a: Skarmory|89/100
|-boost|p2a: Excadrill|spe|1
|-sideend|p2: CakNoel|Toxic Spikes|[from] move: Rapid Spin|[of] p2a: Excadrill
|-damage|p2a: Excadrill|91/100|[from] item: Life Orb
|move|p1a: Skarmory|Brave Bird|p2a: Excadrill
|-damage|p2a: Excadrill|24/100
|-damage|p1a: Skarmory|60/100|[from] Recoil
|
|-weather|Sandstorm|[upkeep]
|upkeep
|turn|16
|
|t:|1779621448
|switch|p2a: Alomomola|Alomomola, F|100/100
|move|p1a: Skarmory|Stealth Rock|p2a: Alomomola
|-sidestart|p2: CakNoel|move: Stealth Rock
|
|-weather|none
|upkeep
|turn|17
|
|t:|1779621453
|move|p1a: Skarmory|Taunt|p2a: Alomomola
|-start|p2a: Alomomola|move: Taunt
|cant|p2a: Alomomola|move: Taunt|Wish
|
|upkeep
|turn|18
|
|t:|1779621465
|move|p1a: Skarmory|Spikes|p2a: Alomomola
|-sidestart|p2: CakNoel|Spikes
|move|p2a: Alomomola|Flip Turn|p1a: Skarmory
|-damage|p1a: Skarmory|46/100
|
|t:|1779621479
|switch|p2a: Ogerpon|Ogerpon-Wellspring, F|100/100|[from] Flip Turn
|-damage|p2a: Ogerpon|88/100|[from] Stealth Rock
|-damage|p2a: Ogerpon|76/100|[from] Spikes
|
|upkeep
|turn|19
|inactive|party girl 2004 has 120 seconds left.
|
|t:|1779621521
|move|p2a: Ogerpon|Swords Dance|p2a: Ogerpon
|-boost|p2a: Ogerpon|atk|2
|move|p1a: Skarmory|Spikes|p2a: Ogerpon
|-sidestart|p2: CakNoel|Spikes
|
|upkeep
|turn|20
|
|t:|1779621527
|move|p2a: Ogerpon|Ivy Cudgel|p1a: Skarmory|[anim] Ivy Cudgel Water
|-damage|p1a: Skarmory|0 fnt
|faint|p1a: Skarmory
|
|upkeep
|inactive|party girl 2004 has 120 seconds left.
|
|t:|1779621539
|switch|p1a: Scolipede X|Blaziken, M|100/100
|turn|21
|inactive|party girl 2004 has 120 seconds left.
|
|t:|1779621544
|move|p2a: Ogerpon|Ivy Cudgel|p1a: Scolipede X|[anim] Ivy Cudgel Water
|-supereffective|p1a: Scolipede X
|-crit|p1a: Scolipede X
|-enditem|p1a: Scolipede X|Focus Sash
|-damage|p1a: Scolipede X|1/100
|move|p1a: Scolipede X|Close Combat|p2a: Ogerpon
|-damage|p2a: Ogerpon|0 fnt
|-unboost|p1a: Scolipede X|def|1
|-unboost|p1a: Scolipede X|spd|1
|faint|p2a: Ogerpon
|
|-ability|p1a: Scolipede X|Speed Boost|boost
|-boost|p1a: Scolipede X|spe|1
|upkeep
|
|t:|1779621553
|switch|p2a: Alomomola|Alomomola, F|100/100
|turn|22
|
|t:|1779621559
|move|p1a: Scolipede X|Thunder Punch|p2a: Alomomola
|-supereffective|p2a: Alomomola
|-damage|p2a: Alomomola|67/100
|move|p2a: Alomomola|Wish|p2a: Alomomola
|
|-ability|p1a: Scolipede X|Speed Boost|boost
|-boost|p1a: Scolipede X|spe|1
|upkeep
|turn|23
|
|t:|1779621564
|move|p1a: Scolipede X|Swords Dance|p1a: Scolipede X
|-boost|p1a: Scolipede X|atk|2
|move|p2a: Alomomola|Flip Turn|p1a: Scolipede X
|-supereffective|p1a: Scolipede X
|-damage|p1a: Scolipede X|0 fnt
|faint|p1a: Scolipede X
|
|t:|1779621569
|switch|p2a: Excadrill|Excadrill, F, tera:Ground|24/100|[from] Flip Turn
|-damage|p2a: Excadrill|18/100|[from] Stealth Rock
|-damage|p2a: Excadrill|1/100|[from] Spikes
|
|-heal|p2a: Excadrill|66/100|[from] move: Wish|[wisher] Alomomola
|upkeep
|
|t:|1779621571
|switch|p1a: Greninja|Greninja, M|100/100
|turn|24
|
|t:|1779621591
|switch|p2a: Alomomola|Alomomola, F|99/100
|-terastallize|p1a: Greninja|Water
|move|p1a: Greninja|Surf|p2a: Alomomola
|-resisted|p2a: Alomomola
|-damage|p2a: Alomomola|73/100
|
|upkeep
|turn|25
|
|t:|1779621601
|move|p1a: Greninja|Dark Pulse|p2a: Alomomola
|-damage|p2a: Alomomola|45/100
|cant|p2a: Alomomola|flinch
|
|upkeep
|turn|26
|
|t:|1779621610
|move|p1a: Greninja|Dark Pulse|p2a: Alomomola
|-damage|p2a: Alomomola|16/100
|move|p2a: Alomomola|Wish|p2a: Alomomola
|
|upkeep
|turn|27
|
|t:|1779621616
|move|p2a: Alomomola|Protect|p2a: Alomomola
|-singleturn|p2a: Alomomola|Protect
|move|p1a: Greninja|Surf|p2a: Alomomola
|-activate|p2a: Alomomola|move: Protect
|
|-heal|p2a: Alomomola|66/100|[from] move: Wish|[wisher] Alomomola
|upkeep
|turn|28
|
|t:|1779621619
|move|p1a: Greninja|Dark Pulse|p2a: Alomomola
|-damage|p2a: Alomomola|36/100
|move|p2a: Alomomola|Wish|p2a: Alomomola
|
|upkeep
|turn|29
|
|t:|1779621626
|move|p2a: Alomomola|Protect|p2a: Alomomola
|-singleturn|p2a: Alomomola|Protect
|move|p1a: Greninja|Surf|p2a: Alomomola
|-activate|p2a: Alomomola|move: Protect
|
|-heal|p2a: Alomomola|86/100|[from] move: Wish|[wisher] Alomomola
|upkeep
|turn|30
|
|t:|1779621630
|move|p1a: Greninja|Dark Pulse|p2a: Alomomola
|-damage|p2a: Alomomola|54/100
|cant|p2a: Alomomola|flinch
|
|upkeep
|turn|31
|
|t:|1779621639
|switch|p1a: Iron Valiant|Iron Valiant|88/100
|move|p2a: Alomomola|Wish|p2a: Alomomola
|
|upkeep
|turn|32
|j|+panure
|
|t:|1779621649
|move|p1a: Iron Valiant|Calm Mind|p1a: Iron Valiant
|-boost|p1a: Iron Valiant|spa|1
|-boost|p1a: Iron Valiant|spd|1
|move|p2a: Alomomola|Flip Turn|p1a: Iron Valiant
|-damage|p1a: Iron Valiant|67/100
|
|t:|1779621652
|switch|p2a: Tyranitar|Tyranitar, F|52/100 par|[from] Flip Turn
|-damage|p2a: Tyranitar|39/100 par|[from] Stealth Rock
|-damage|p2a: Tyranitar|23/100 par|[from] Spikes
|-weather|Sandstorm|[from] ability: Sand Stream|[of] p2a: Tyranitar
|
|-weather|Sandstorm|[upkeep]
|-damage|p1a: Iron Valiant|61/100|[from] Sandstorm
|-heal|p2a: Tyranitar|81/100 par|[from] move: Wish|[wisher] Alomomola
|upkeep
|turn|33
|
|t:|1779621659
|move|p1a: Iron Valiant|Moonblast|p2a: Tyranitar
|-supereffective|p2a: Tyranitar
|-damage|p2a: Tyranitar|27/100 par
|move|p2a: Tyranitar|Thunder Wave|p1a: Iron Valiant
|-status|p1a: Iron Valiant|par
|
|-weather|Sandstorm|[upkeep]
|-damage|p1a: Iron Valiant|55/100 par|[from] Sandstorm
|upkeep
|turn|34
|
|t:|1779621667
|move|p1a: Iron Valiant|Moonblast|p2a: Tyranitar
|-supereffective|p2a: Tyranitar
|-damage|p2a: Tyranitar|0 fnt
|faint|p2a: Tyranitar
|
|-weather|Sandstorm|[upkeep]
|-damage|p1a: Iron Valiant|49/100 par|[from] Sandstorm
|upkeep
|
|t:|1779621671
|switch|p2a: Excadrill|Excadrill, F, tera:Ground|66/100
|-damage|p2a: Excadrill|60/100|[from] Stealth Rock
|-damage|p2a: Excadrill|44/100|[from] Spikes
|turn|35
|
|t:|1779621686
|move|p2a: Excadrill|Earthquake|p1a: Iron Valiant
|-damage|p1a: Iron Valiant|0 fnt
|faint|p1a: Iron Valiant
|-end|p1a: Iron Valiant|Quark Drive|[silent]
|-damage|p2a: Excadrill|34/100|[from] item: Life Orb
|
|-weather|Sandstorm|[upkeep]
|upkeep
|
|t:|1779621687
|switch|p1a: Greninja|Greninja, M, tera:Water|100/100
|turn|36
|
|t:|1779621693
|move|p2a: Excadrill|Earthquake|p1a: Greninja
|-damage|p1a: Greninja|0 fnt
|faint|p1a: Greninja
|-damage|p2a: Excadrill|24/100|[from] item: Life Orb
|
|win|CakNoel
|raw|party girl 2004's rating: 1355 &rarr; <strong>1334</strong><br />(-21 for losing)
|raw|CakNoel's rating: 1331 &rarr; <strong>1352</strong><br />(+21 for winning)
|l|☆party girl 2004
|player|p1|
