|j|☆crust king kahn
|j|☆choispecs ironmoth
|t:|1779602651
|gametype|singles
|player|p1|crust king kahn|102|1583
|player|p2|choispecs ironmoth|lucas|1597
|gen|9
|tier|[Gen 9] OU
|rated|
|rule|HP Percentage Mod: HP is shown in percentages
|rule|Endless Battle Clause: Forcing endless battles is banned
|rule|Species Clause: Limit one of each Pokémon
|rule|OHKO Clause: OHKO moves are banned
|rule|Evasion Items Clause: Evasion items are banned
|rule|Evasion Moves Clause: Evasion moves are banned
|rule|Evasion Abilities Clause: Evasion abilities are banned
|rule|Sleep Moves Clause: Sleep-inducing moves are banned
|clearpoke
|poke|p1|Cramorant, F|
|poke|p1|Iron Treads|
|poke|p1|Dragonite, F|
|poke|p1|Deoxys-Speed|
|poke|p1|Zamazenta-*|
|poke|p1|Garganacl, F|
|poke|p2|Kyurem|
|poke|p2|Cinderace, M|
|poke|p2|Kingambit, M|
|poke|p2|Landorus-Therian, M|
|poke|p2|Iron Valiant|
|poke|p2|Slowking-Galar, F|
|teampreview
|inactive|Battle timer is ON: inactive players will automatically lose when time's up. (requested by choispecs ironmoth)
|j| gimmicks strategy
|inactive|crust king kahn has 120 seconds left.
|l| gimmicks strategy
|
|t:|1779602696
|teamsize|p1|6
|teamsize|p2|6
|start
|switch|p1a: Cramorant|Cramorant, F, shiny|100/100
|switch|p2a: Slowking|Slowking-Galar, F|100/100
|turn|1
|
|t:|1779602702
|move|p1a: Cramorant|Surf|p2a: Slowking
|-formechange|p1a: Cramorant|Cramorant-Gulping|
|-damage|p2a: Slowking|84/100
|-prepare|p2a: Slowking|Chilly Reception|[premajor]
|move|p2a: Slowking|Chilly Reception|p2a: Slowking
|-weather|Snowscape
|
|t:|1779602707
|switch|p2a: Kyurem|Kyurem|100/100|[from] Chilly Reception
|-ability|p2a: Kyurem|Pressure
|
|-weather|Snowscape|[upkeep]
|upkeep
|turn|2
|
|t:|1779602714
|switch|p1a: Iron Treads|Iron Treads|100/100
|move|p2a: Kyurem|Freeze-Dry|p1a: Iron Treads
|-damage|p1a: Iron Treads|68/100
|
|-weather|Snowscape|[upkeep]
|upkeep
|turn|3
|
|t:|1779602718
|move|p1a: Iron Treads|Ice Spinner|p2a: Kyurem
|-damage|p2a: Kyurem|88/100
|move|p2a: Kyurem|Earth Power|p1a: Iron Treads
|-supereffective|p1a: Iron Treads
|-damage|p1a: Iron Treads|9/100
|
|-weather|Snowscape|[upkeep]
|upkeep
|turn|4
|
|t:|1779602723
|move|p1a: Iron Treads|Iron Head|p2a: Kyurem
|-supereffective|p2a: Kyurem
|-damage|p2a: Kyurem|49/100
|move|p2a: Kyurem|Freeze-Dry|p1a: Iron Treads
|-damage|p1a: Iron Treads|0 fnt
|faint|p1a: Iron Treads
|-end|p1a: Iron Treads|Quark Drive|[silent]
|
|-weather|Snowscape|[upkeep]
|upkeep
|
|t:|1779602738
|switch|p1a: Deoxys|Deoxys-Speed|100/100
|-ability|p1a: Deoxys|Pressure
|turn|5
|
|t:|1779602743
|move|p1a: Deoxys|Focus Blast|p2a: Kyurem
|-supereffective|p2a: Kyurem
|-damage|p2a: Kyurem|4/100
|move|p2a: Kyurem|Freeze-Dry|p1a: Deoxys
|-damage|p1a: Deoxys|38/100
|
|-weather|none
|upkeep
|turn|6
|
|t:|1779602750
|switch|p2a: Slowking|Slowking-Galar, F|100/100
|move|p1a: Deoxys|Ice Beam|p2a: Slowking
|-damage|p2a: Slowking|86/100
|
|upkeep
|turn|7
|
|t:|1779602752
|move|p1a: Deoxys|Stealth Rock|p2a: Slowking
|-sidestart|p2: choispecs ironmoth|move: Stealth Rock
|move|p2a: Slowking|Sludge Bomb|p1a: Deoxys
|-damage|p1a: Deoxys|0 fnt
|faint|p1a: Deoxys
|
|upkeep
|
|t:|1779602759
|switch|p1a: Dragonite|Dragonite, F|100/100
|turn|8
|
|t:|1779602761
|move|p1a: Dragonite|Dragon Dance|p1a: Dragonite
|-boost|p1a: Dragonite|atk|1
|-boost|p1a: Dragonite|spe|1
|-prepare|p2a: Slowking|Chilly Reception|[premajor]
|move|p2a: Slowking|Chilly Reception|p2a: Slowking
|-weather|Snowscape
|
|t:|1779602764
|switch|p2a: Landorus|Landorus-Therian, M|100/100|[from] Chilly Reception
|-damage|p2a: Landorus|88/100|[from] Stealth Rock
|-ability|p2a: Landorus|Intimidate|boost
|-unboost|p1a: Dragonite|atk|1
|
|-weather|Snowscape|[upkeep]
|upkeep
|turn|9
|
|t:|1779602767
|move|p1a: Dragonite|Dragon Dance|p1a: Dragonite
|-boost|p1a: Dragonite|atk|1
|-boost|p1a: Dragonite|spe|1
|move|p2a: Landorus|Rock Tomb|p1a: Dragonite
|-supereffective|p1a: Dragonite
|-damage|p1a: Dragonite|79/100
|-unboost|p1a: Dragonite|spe|1
|
|-weather|Snowscape|[upkeep]
|upkeep
|turn|10
|
|t:|1779602773
|-terastallize|p1a: Dragonite|Normal
|move|p1a: Dragonite|Dragon Dance|p1a: Dragonite
|-boost|p1a: Dragonite|atk|1
|-boost|p1a: Dragonite|spe|1
|move|p2a: Landorus|Rock Tomb|p1a: Dragonite
|-damage|p1a: Dragonite|60/100
|-unboost|p1a: Dragonite|spe|1
|
|-weather|Snowscape|[upkeep]
|upkeep
|turn|11
|
|t:|1779602778
|move|p1a: Dragonite|Dragon Dance|p1a: Dragonite
|-boost|p1a: Dragonite|atk|1
|-boost|p1a: Dragonite|spe|1
|move|p2a: Landorus|Taunt|p1a: Dragonite
|-start|p1a: Dragonite|move: Taunt
|
|-weather|Snowscape|[upkeep]
|upkeep
|turn|12
|
|t:|1779602781
|move|p1a: Dragonite|Extreme Speed|p2a: Landorus
|-damage|p2a: Landorus|0 fnt
|-damage|p1a: Dragonite|43/100|[from] item: Rocky Helmet|[of] p2a: Landorus
|faint|p2a: Landorus
|
|-weather|none
|upkeep
|
|t:|1779602790
|switch|p2a: Kingambit|Kingambit, M|100/100
|-damage|p2a: Kingambit|94/100|[from] Stealth Rock
|-activate|p2a: Kingambit|ability: Supreme Overlord
|-start|p2a: Kingambit|fallen1|[silent]
|turn|13
|
|t:|1779602794
|-terastallize|p2a: Kingambit|Flying
|move|p1a: Dragonite|Extreme Speed|p2a: Kingambit
|-damage|p2a: Kingambit|3/100
|move|p2a: Kingambit|Kowtow Cleave|p1a: Dragonite
|-damage|p1a: Dragonite|0 fnt
|faint|p1a: Dragonite
|
|-heal|p2a: Kingambit|9/100|[from] item: Leftovers
|upkeep
|
|t:|1779602804
|switch|p1a: Cramorant|Cramorant, F, shiny|100/100
|turn|14
|
|t:|1779602808
|-end|p2a: Kingambit|fallen1|[silent]
|switch|p2a: Slowking|Slowking-Galar, F|100/100
|move|p1a: Cramorant|Surf|p2a: Slowking
|-formechange|p1a: Cramorant|Cramorant-Gulping|
|-damage|p2a: Slowking|86/100
|
|upkeep
|turn|15
|
|t:|1779602814
|move|p1a: Cramorant|Surf|p2a: Slowking
|-damage|p2a: Slowking|70/100
|move|p2a: Slowking|Thunder Wave|p1a: Cramorant
|-status|p1a: Cramorant|par
|
|upkeep
|turn|16
|
|t:|1779602817
|move|p1a: Cramorant|Surf|p2a: Slowking
|-damage|p2a: Slowking|55/100
|-prepare|p2a: Slowking|Chilly Reception|[premajor]
|move|p2a: Slowking|Chilly Reception|p2a: Slowking
|-weather|Snowscape
|
|t:|1779602819
|switch|p2a: Cinderace|Cinderace, M|100/100|[from] Chilly Reception
|
|-weather|Snowscape|[upkeep]
|upkeep
|turn|17
|
|t:|1779602824
|move|p2a: Cinderace|Court Change|p2a: Cinderace
|-start|p2a: Cinderace|typechange|Normal|[from] ability: Libero
|-swapsideconditions
|-activate|p2a: Cinderace|move: Court Change
|move|p1a: Cramorant|Surf|p2a: Cinderace
|-damage|p2a: Cinderace|59/100
|
|-weather|Snowscape|[upkeep]
|upkeep
|turn|18
|
|t:|1779602827
|move|p2a: Cinderace|U-turn|p1a: Cramorant
|-resisted|p1a: Cramorant
|-damage|p1a: Cramorant|83/100 par
|-damage|p2a: Cinderace|34/100|[from] ability: Gulp Missile|[of] p1a: Cramorant
|-unboost|p2a: Cinderace|def|1
|-formechange|p1a: Cramorant|Cramorant|
|
|t:|1779602829
|switch|p2a: Slowking|Slowking-Galar, F|89/100|[from] U-turn
|move|p1a: Cramorant|Defog|p2a: Slowking
|-unboost|p2a: Slowking|evasion|1
|-sideend|p1: crust king kahn|Stealth Rock|[from] move: Defog|[of] p1a: Cramorant
|
|-weather|Snowscape|[upkeep]
|upkeep
|turn|19
|
|t:|1779602839
|switch|p1a: Garganacl|Garganacl, F|100/100
|move|p2a: Slowking|Sludge Bomb|p1a: Garganacl
|-resisted|p1a: Garganacl
|-damage|p1a: Garganacl|86/100
|
|-weather|Snowscape|[upkeep]
|-heal|p1a: Garganacl|92/100|[from] item: Leftovers
|upkeep
|turn|20
|
|t:|1779602849
|move|p1a: Garganacl|Salt Cure|p2a: Slowking
|-damage|p2a: Slowking|74/100
|-start|p2a: Slowking|Salt Cure
|move|p2a: Slowking|Psychic Noise|p1a: Garganacl
|-damage|p1a: Garganacl|64/100
|-start|p1a: Garganacl|move: Heal Block
|
|-weather|none
|-damage|p2a: Slowking|62/100|[from] Salt Cure
|upkeep
|turn|21
|
|t:|1779602861
|move|p1a: Garganacl|Salt Cure|p2a: Slowking
|-crit|p2a: Slowking
|-damage|p2a: Slowking|42/100
|-prepare|p2a: Slowking|Chilly Reception|[premajor]
|move|p2a: Slowking|Chilly Reception|p2a: Slowking
|-weather|Snowscape
|
|t:|1779602865
|switch|p2a: Kingambit|Kingambit, M, tera:Flying|9/100|[from] Chilly Reception
|-activate|p2a: Kingambit|ability: Supreme Overlord
|-start|p2a: Kingambit|fallen1|[silent]
|
|-weather|Snowscape|[upkeep]
|-heal|p2a: Kingambit|15/100|[from] item: Leftovers
|-end|p1a: Garganacl|move: Heal Block
|upkeep
|turn|22
|
|t:|1779602868
|move|p2a: Kingambit|Low Kick|p1a: Garganacl
|-supereffective|p1a: Garganacl
|-damage|p1a: Garganacl|15/100
|move|p1a: Garganacl|Salt Cure|p2a: Kingambit
|-supereffective|p2a: Kingambit
|-damage|p2a: Kingambit|0 fnt
|faint|p2a: Kingambit
|-end|p2a: Kingambit|fallen1|[silent]
|
|-weather|Snowscape|[upkeep]
|-heal|p1a: Garganacl|21/100|[from] item: Leftovers
|upkeep
|
|t:|1779602871
|switch|p2a: Kyurem|Kyurem|4/100
|-ability|p2a: Kyurem|Pressure
|turn|23
|
|t:|1779602874
|move|p2a: Kyurem|Blizzard|p1a: Garganacl
|-damage|p1a: Garganacl|0 fnt
|faint|p1a: Garganacl
|
|-weather|Snowscape|[upkeep]
|upkeep
|
|t:|1779602876
|switch|p1a: Zamazenta|Zamazenta|100/100
|-ability|p1a: Zamazenta|Dauntless Shield|boost
|-boost|p1a: Zamazenta|def|1
|turn|24
|
|t:|1779602880
|move|p1a: Zamazenta|Body Press|p2a: Kyurem
|-supereffective|p2a: Kyurem
|-damage|p2a: Kyurem|0 fnt
|faint|p2a: Kyurem
|
|-weather|Snowscape|[upkeep]
|upkeep
|
|t:|1779602884
|switch|p2a: Slowking|Slowking-Galar, F|75/100
|turn|25
|
|t:|1779602888
|move|p1a: Zamazenta|Crunch|p2a: Slowking
|-supereffective|p2a: Slowking
|-damage|p2a: Slowking|29/100
|move|p2a: Slowking|Psychic Noise|p1a: Zamazenta
|-supereffective|p1a: Zamazenta
|-damage|p1a: Zamazenta|56/100
|-start|p1a: Zamazenta|move: Heal Block
|
|-weather|none
|upkeep
|turn|26
|
|t:|1779602895
|move|p1a: Zamazenta|Crunch|p2a: Slowking
|-supereffective|p2a: Slowking
|-damage|p2a: Slowking|0 fnt
|faint|p2a: Slowking
|
|-end|p1a: Zamazenta|move: Heal Block
|upkeep
|
|t:|1779602897
|switch|p2a: Iron Valiant|Iron Valiant|100/100
|-enditem|p2a: Iron Valiant|Booster Energy
|-activate|p2a: Iron Valiant|ability: Quark Drive|[fromitem]
|-start|p2a: Iron Valiant|quarkdrivespe
|turn|27
|
|t:|1779602900
|switch|p1a: Cramorant|Cramorant, F, shiny|83/100 par
|move|p2a: Iron Valiant|Moonblast|p1a: Cramorant
|-damage|p1a: Cramorant|50/100 par
|-unboost|p1a: Cramorant|spa|1
|
|upkeep
|turn|28
|
|t:|1779602905
|move|p2a: Iron Valiant|Calm Mind|p2a: Iron Valiant
|-boost|p2a: Iron Valiant|spa|1
|-boost|p2a: Iron Valiant|spd|1
|move|p1a: Cramorant|Roost|p1a: Cramorant
|-heal|p1a: Cramorant|99/100 par
|-singleturn|p1a: Cramorant|move: Roost
|
|upkeep
|turn|29
|
|t:|1779602908
|move|p2a: Iron Valiant|Moonblast|p1a: Cramorant
|-damage|p1a: Cramorant|48/100 par
|move|p1a: Cramorant|Surf|p2a: Iron Valiant
|-formechange|p1a: Cramorant|Cramorant-Gorging|
|-damage|p2a: Iron Valiant|78/100
|
|upkeep
|turn|30
|
|t:|1779602914
|move|p2a: Iron Valiant|Moonblast|p1a: Cramorant
|-damage|p1a: Cramorant|0 fnt
|-damage|p2a: Iron Valiant|53/100|[from] ability: Gulp Missile|[of] p1a: Cramorant
|-status|p2a: Iron Valiant|par
|-formechange|p1a: Cramorant|Cramorant|
|faint|p1a: Cramorant
|
|upkeep
|
|t:|1779602917
|switch|p1a: Zamazenta|Zamazenta|56/100
|turn|31
|
|t:|1779602921
|move|p1a: Zamazenta|Substitute|p1a: Zamazenta
|-start|p1a: Zamazenta|Substitute
|-damage|p1a: Zamazenta|31/100
|move|p2a: Iron Valiant|Moonblast|p1a: Zamazenta
|-supereffective|p1a: Zamazenta
|-end|p1a: Zamazenta|Substitute
|
|-heal|p1a: Zamazenta|37/100|[from] item: Leftovers
|upkeep
|turn|32
|
|t:|1779602926
|move|p1a: Zamazenta|Substitute|p1a: Zamazenta
|-start|p1a: Zamazenta|Substitute
|-damage|p1a: Zamazenta|12/100
|move|p2a: Iron Valiant|Moonblast|p1a: Zamazenta
|-supereffective|p1a: Zamazenta
|-end|p1a: Zamazenta|Substitute
|
|-heal|p1a: Zamazenta|18/100|[from] item: Leftovers
|upkeep
|turn|33
|
|t:|1779602930
|move|p1a: Zamazenta|Body Press|p2a: Iron Valiant
|-resisted|p2a: Iron Valiant
|-damage|p2a: Iron Valiant|34/100 par
|move|p2a: Iron Valiant|Moonblast|p1a: Zamazenta
|-supereffective|p1a: Zamazenta
|-damage|p1a: Zamazenta|0 fnt
|faint|p1a: Zamazenta
|
|win|choispecs ironmoth
|raw|crust king kahn's rating: 1583 &rarr; <strong>1564</strong><br />(-19 for losing)
|raw|choispecs ironmoth's rating: 1597 &rarr; <strong>1616</strong><br />(+19 for winning)
|l|☆crust king kahn
|player|p1|
|l|☆choispecs ironmoth
|player|p2|
