|j|☆desktop-ini
|j|☆YumeKasumi76
|t:|1779604829
|gametype|singles
|player|p1|desktop-ini|winona|1391
|player|p2|YumeKasumi76|266|1370
|gen|9
|tier|[Gen 9] OU
|rated|
|rule|HP Percentage Mod: HP is shown in percentages
|rule|Endless Battle Clause: Forcing endless battles is banned
|rule|Species Clause: Limit one of each Pokémon
|rule|OHKO Clause: OHKO moves are banned
|rule|Evasion Items Clause: Evasion items are banned
|rule|Evasion Moves Clause: Evasion moves are banned
|rule|Evasion Abilities Clause: Evasion abilities are banned
|rule|Sleep Moves Clause: Sleep-inducing moves are banned
|clearpoke
|poke|p1|Kingambit, F|
|poke|p1|Kommo-o, F|
|poke|p1|Iron Valiant|
|poke|p1|Kyurem|
|poke|p1|Iron Treads|
|poke|p1|Iron Crown|
|poke|p2|Dragapult, M|
|poke|p2|Bisharp, F|
|poke|p2|Glimmora, F|
|poke|p2|Entei|
|poke|p2|Braviary-Hisui, M|
|poke|p2|Cloyster, F|
|teampreview
|inactive|Battle timer is ON: inactive players will automatically lose when time's up. (requested by YumeKasumi76)
|
|t:|1779604856
|teamsize|p1|6
|teamsize|p2|6
|start
|switch|p1a: Iron Treads|Iron Treads|100/100
|switch|p2a: Sovereign|Entei|100/100
|-enditem|p1a: Iron Treads|Booster Energy
|-activate|p1a: Iron Treads|ability: Quark Drive|[fromitem]
|-start|p1a: Iron Treads|quarkdrivespe
|turn|1
|
|t:|1779604865
|move|p1a: Iron Treads|Earthquake|p2a: Sovereign
|-supereffective|p2a: Sovereign
|-damage|p2a: Sovereign|29/100
|move|p2a: Sovereign|Sacred Fire|p1a: Iron Treads
|-supereffective|p1a: Iron Treads
|-damage|p1a: Iron Treads|22/100
|
|upkeep
|turn|2
|
|t:|1779604876
|switch|p2a: Mentalist|Braviary-Hisui, M|100/100
|move|p1a: Iron Treads|Earthquake|p2a: Mentalist
|-immune|p2a: Mentalist
|
|upkeep
|turn|3
|
|t:|1779604882
|move|p1a: Iron Treads|Stealth Rock|p2a: Mentalist
|-sidestart|p2: YumeKasumi76|move: Stealth Rock
|move|p2a: Mentalist|Esper Wing|p1a: Iron Treads
|-resisted|p1a: Iron Treads
|-damage|p1a: Iron Treads|0 fnt
|-boost|p2a: Mentalist|spe|1
|faint|p1a: Iron Treads
|-end|p1a: Iron Treads|Quark Drive|[silent]
|
|upkeep
|
|t:|1779604888
|switch|p1a: Kyurem|Kyurem|100/100
|-ability|p1a: Kyurem|Pressure
|turn|4
|
|t:|1779604897
|move|p2a: Mentalist|Hurricane|p1a: Kyurem
|-crit|p1a: Kyurem
|-damage|p1a: Kyurem|14/100
|move|p1a: Kyurem|Icicle Spear|p2a: Mentalist
|-supereffective|p2a: Mentalist
|-damage|p2a: Mentalist|69/100
|-enditem|p2a: Mentalist|Weakness Policy
|-boost|p2a: Mentalist|atk|2|[from] item: Weakness Policy
|-boost|p2a: Mentalist|spa|2|[from] item: Weakness Policy
|-supereffective|p2a: Mentalist
|-damage|p2a: Mentalist|39/100
|-supereffective|p2a: Mentalist
|-damage|p2a: Mentalist|4/100
|-supereffective|p2a: Mentalist
|-damage|p2a: Mentalist|0 fnt
|faint|p2a: Mentalist
|-hitcount|p2: Mentalist|4
|
|upkeep
|
|t:|1779604906
|switch|p2a: Bellator|Bisharp, F, shiny|100/100
|-damage|p2a: Bellator|94/100|[from] Stealth Rock
|turn|5
|
|t:|1779604912
|switch|p1a: Kommo-o|Kommo-o, F|100/100
|move|p2a: Bellator|Stealth Rock|p1a: Kommo-o
|-sidestart|p1: desktop-ini|move: Stealth Rock
|
|upkeep
|turn|6
|
|t:|1779604921
|switch|p2a: Sovereign|Entei|29/100
|-damage|p2a: Sovereign|4/100|[from] Stealth Rock
|move|p1a: Kommo-o|Substitute|p1a: Kommo-o
|-start|p1a: Kommo-o|Substitute
|-damage|p1a: Kommo-o|75/100
|
|-heal|p1a: Kommo-o|82/100|[from] item: Leftovers
|upkeep
|turn|7
|
|t:|1779604930
|move|p1a: Kommo-o|Clangorous Soul|p1a: Kommo-o
|-boost|p1a: Kommo-o|atk|1
|-boost|p1a: Kommo-o|def|1
|-boost|p1a: Kommo-o|spa|1
|-boost|p1a: Kommo-o|spd|1
|-boost|p1a: Kommo-o|spe|1
|-damage|p1a: Kommo-o|49/100
|-enditem|p2a: Sovereign|Mirror Herb
|-boost|p2a: Sovereign|atk|1|[from] item: Mirror Herb
|-boost|p2a: Sovereign|def|1|[from] item: Mirror Herb
|-boost|p2a: Sovereign|spa|1|[from] item: Mirror Herb
|-boost|p2a: Sovereign|spd|1|[from] item: Mirror Herb
|-boost|p2a: Sovereign|spe|1|[from] item: Mirror Herb
|move|p2a: Sovereign|Roar|p1a: Kommo-o
|-immune|p1a: Kommo-o|[from] ability: Soundproof
|
|-heal|p1a: Kommo-o|55/100|[from] item: Leftovers
|upkeep
|turn|8
|
|t:|1779604941
|move|p1a: Kommo-o|Shadow Claw|p2a: Sovereign
|-damage|p2a: Sovereign|0 fnt
|faint|p2a: Sovereign
|
|-heal|p1a: Kommo-o|61/100|[from] item: Leftovers
|upkeep
|
|t:|1779604963
|switch|p2a: Shellussy|Cloyster, F|100/100
|-damage|p2a: Shellussy|76/100|[from] Stealth Rock
|turn|9
|
|t:|1779604967
|-terastallize|p1a: Kommo-o|Ghost
|-terastallize|p2a: Shellussy|Ground
|move|p1a: Kommo-o|Drain Punch|p2a: Shellussy
|-damage|p2a: Shellussy|38/100
|-heal|p1a: Kommo-o|74/100|[from] drain|[of] p2a: Shellussy
|move|p2a: Shellussy|Shell Smash|p2a: Shellussy
|-unboost|p2a: Shellussy|def|1
|-unboost|p2a: Shellussy|spd|1
|-boost|p2a: Shellussy|atk|2
|-boost|p2a: Shellussy|spa|2
|-boost|p2a: Shellussy|spe|2
|-enditem|p2a: Shellussy|White Herb
|-clearnegativeboost|p2a: Shellussy|[silent]
|
|-heal|p1a: Kommo-o|81/100|[from] item: Leftovers
|upkeep
|turn|10
|
|t:|1779604978
|move|p2a: Shellussy|Icicle Spear|p1a: Kommo-o
|-activate|p1a: Kommo-o|move: Substitute|[damage]
|-end|p1a: Kommo-o|Substitute
|-damage|p1a: Kommo-o|67/100
|-damage|p1a: Kommo-o|54/100
|-damage|p1a: Kommo-o|42/100
|-hitcount|p1a: Kommo-o|5
|move|p1a: Kommo-o|Drain Punch|p2a: Shellussy
|-damage|p2a: Shellussy|3/100
|-heal|p1a: Kommo-o|54/100|[from] drain|[of] p2a: Shellussy
|
|-heal|p1a: Kommo-o|60/100|[from] item: Leftovers
|upkeep
|turn|11
|
|t:|1779604990
|move|p2a: Shellussy|Icicle Spear|p1a: Kommo-o
|-damage|p1a: Kommo-o|46/100
|-damage|p1a: Kommo-o|33/100
|-damage|p1a: Kommo-o|20/100
|-damage|p1a: Kommo-o|6/100
|-damage|p1a: Kommo-o|0 fnt
|faint|p1a: Kommo-o
|-hitcount|p1: Kommo-o|5
|
|upkeep
|
|t:|1779604996
|switch|p1a: Kingambit|Kingambit, F|100/100
|-damage|p1a: Kingambit|94/100|[from] Stealth Rock
|-activate|p1a: Kingambit|ability: Supreme Overlord
|-start|p1a: Kingambit|fallen2|[silent]
|turn|12
|
|t:|1779604998
|move|p1a: Kingambit|Sucker Punch||[still]
|-fail|p1a: Kingambit
|move|p2a: Shellussy|Spikes|p1a: Kingambit
|-sidestart|p1: desktop-ini|Spikes
|
|-heal|p1a: Kingambit|100/100|[from] item: Leftovers
|upkeep
|turn|13
|
|t:|1779605003
|move|p1a: Kingambit|Sucker Punch||[still]
|-fail|p1a: Kingambit
|move|p2a: Shellussy|Spikes|p1a: Kingambit
|-sidestart|p1: desktop-ini|Spikes
|
|upkeep
|turn|14
|
|t:|1779605007
|move|p2a: Shellussy|Hydro Pump|p1a: Kingambit
|-damage|p1a: Kingambit|29/100
|move|p1a: Kingambit|Low Kick|p2a: Shellussy
|-damage|p2a: Shellussy|0 fnt
|faint|p2a: Shellussy
|
|-heal|p1a: Kingambit|35/100|[from] item: Leftovers
|upkeep
|
|t:|1779605011
|switch|p2a: Railgun|Dragapult, M|100/100
|-damage|p2a: Railgun|88/100|[from] Stealth Rock
|turn|15
|
|t:|1779605019
|-end|p1a: Kingambit|fallen2|[silent]
|switch|p1a: Iron Valiant|Iron Valiant|100/100
|-damage|p1a: Iron Valiant|94/100|[from] Stealth Rock
|-damage|p1a: Iron Valiant|78/100|[from] Spikes
|-enditem|p1a: Iron Valiant|Booster Energy
|-activate|p1a: Iron Valiant|ability: Quark Drive|[fromitem]
|-start|p1a: Iron Valiant|quarkdrivespe
|move|p2a: Railgun|Reflect|p2a: Railgun
|-sidestart|p2: YumeKasumi76|Reflect
|
|upkeep
|turn|16
|
|t:|1779605029
|switch|p2a: Hikari|Glimmora, F|100/100
|-damage|p2a: Hikari|88/100|[from] Stealth Rock
|move|p1a: Iron Valiant|Moonblast|p2a: Hikari
|-resisted|p2a: Hikari
|-crit|p2a: Hikari
|-damage|p2a: Hikari|39/100
|
|upkeep
|turn|17
|
|t:|1779605047
|move|p1a: Iron Valiant|Focus Blast|p2a: Hikari
|-damage|p2a: Hikari|0 fnt
|faint|p2a: Hikari
|
|upkeep
|
|t:|1779605050
|switch|p2a: Bellator|Bisharp, F, shiny|94/100
|-damage|p2a: Bellator|88/100|[from] Stealth Rock
|turn|18
|-message|YumeKasumi76 forfeited.
|
|win|desktop-ini
|raw|desktop-ini's rating: 1391 &rarr; <strong>1410</strong><br />(+19 for winning)
|raw|YumeKasumi76's rating: 1370 &rarr; <strong>1351</strong><br />(-19 for losing)
|l|☆YumeKasumi76
|player|p2|
|l|☆desktop-ini
|player|p1|
