|j|☆flaresun3
|j|☆Zleam
|t:|1779644979
|gametype|singles
|player|p1|flaresun3|shadowtriad|1237
|player|p2|Zleam|pokemonranger-gen4|1274
|gen|9
|tier|[Gen 9] OU
|rated|
|rule|HP Percentage Mod: HP is shown in percentages
|rule|Endless Battle Clause: Forcing endless battles is banned
|rule|Species Clause: Limit one of each Pokémon
|rule|OHKO Clause: OHKO moves are banned
|rule|Evasion Items Clause: Evasion items are banned
|rule|Evasion Moves Clause: Evasion moves are banned
|rule|Evasion Abilities Clause: Evasion abilities are banned
|rule|Sleep Moves Clause: Sleep-inducing moves are banned
|clearpoke
|poke|p1|Cinderace, M|
|poke|p1|Primarina, F|
|poke|p1|Whimsicott, F|
|poke|p1|Perrserker, M|
|poke|p1|Pawmot, M|
|poke|p1|Espeon, M|
|poke|p2|Cinderace, F|
|poke|p2|Sinistcha|
|poke|p2|Cloyster, F|
|poke|p2|Hatterene, F|
|poke|p2|Ogerpon-Wellspring, F|
|poke|p2|Cramorant, M|
|teampreview
|inactive|Battle timer is ON: inactive players will automatically lose when time's up. (requested by Zleam)
|inactive|flaresun3 also wants the timer to be on.
|
|t:|1779644983
|teamsize|p1|6
|teamsize|p2|6
|start
|switch|p1a: Charmy|Whimsicott, F|100/100
|switch|p2a: Cramorant|Cramorant, M|100/100
|turn|1
|
|t:|1779644991
|move|p1a: Charmy|Tailwind|p1a: Charmy
|-sidestart|p1: flaresun3|move: Tailwind
|move|p2a: Cramorant|Surf|p1a: Charmy
|-formechange|p2a: Cramorant|Cramorant-Gulping|
|-resisted|p1a: Charmy
|-damage|p1a: Charmy|79/100
|
|-heal|p1a: Charmy|85/100|[from] item: Leftovers
|upkeep
|turn|2
|
|t:|1779645000
|move|p1a: Charmy|Encore|p2a: Cramorant
|-start|p2a: Cramorant|Encore
|move|p2a: Cramorant|Surf|p1a: Charmy
|-resisted|p1a: Charmy
|-damage|p1a: Charmy|64/100
|
|-heal|p1a: Charmy|71/100|[from] item: Leftovers
|upkeep
|turn|3
|
|t:|1779645011
|switch|p2a: Hatterene|Hatterene, F|100/100
|move|p1a: Charmy|Leech Seed|p2a: Hatterene
|move|p2a: Hatterene|Leech Seed|p1a: Charmy|[from] ability: Magic Bounce
|-immune|p1a: Charmy
|
|-heal|p1a: Charmy|77/100|[from] item: Leftovers
|upkeep
|turn|4
|
|t:|1779645026
|switch|p1a: Noelle|Primarina, F|100/100
|move|p2a: Hatterene|Calm Mind|p2a: Hatterene
|-boost|p2a: Hatterene|spa|1
|-boost|p2a: Hatterene|spd|1
|
|-sideend|p1: flaresun3|move: Tailwind
|upkeep
|turn|5
|
|t:|1779645035
|move|p1a: Noelle|Light Screen|p1a: Noelle
|-sidestart|p1: flaresun3|move: Light Screen
|move|p2a: Hatterene|Calm Mind|p2a: Hatterene
|-boost|p2a: Hatterene|spa|1
|-boost|p2a: Hatterene|spd|1
|
|upkeep
|turn|6
|
|t:|1779645040
|switch|p1a: Asta|Perrserker, M|100/100
|move|p2a: Hatterene|Calm Mind|p2a: Hatterene
|-boost|p2a: Hatterene|spa|1
|-boost|p2a: Hatterene|spd|1
|
|upkeep
|turn|7
|
|t:|1779645047
|move|p1a: Asta|Iron Head|p2a: Hatterene
|-supereffective|p2a: Hatterene
|-damage|p2a: Hatterene|0 fnt
|faint|p2a: Hatterene
|-damage|p1a: Asta|91/100|[from] item: Life Orb
|
|upkeep
|
|t:|1779645059
|switch|p2a: Cramorant|Cramorant, M|100/100
|turn|8
|
|t:|1779645063
|move|p2a: Cramorant|Surf|p1a: Asta
|-formechange|p2a: Cramorant|Cramorant-Gulping|
|-damage|p1a: Asta|66/100
|move|p1a: Asta|Knock Off|p2a: Cramorant
|-damage|p2a: Cramorant|17/100
|-damage|p1a: Asta|41/100|[from] ability: Gulp Missile|[of] p2a: Cramorant
|-unboost|p1a: Asta|def|1
|-formechange|p2a: Cramorant|Cramorant|
|-enditem|p2a: Cramorant|Mystic Water|[from] move: Knock Off|[of] p1a: Asta
|-damage|p1a: Asta|32/100|[from] item: Life Orb
|
|upkeep
|turn|9
|
|t:|1779645077
|move|p2a: Cramorant|Surf|p1a: Asta
|-formechange|p2a: Cramorant|Cramorant-Gorging|
|-damage|p1a: Asta|10/100
|move|p1a: Asta|Knock Off|p2a: Cramorant
|-damage|p2a: Cramorant|0 fnt
|-damage|p1a: Asta|0 fnt|[from] ability: Gulp Missile|[of] p2a: Cramorant
|-formechange|p2a: Cramorant|Cramorant|
|faint|p2a: Cramorant
|faint|p1a: Asta
|
|upkeep
|
|t:|1779645092
|switch|p2a: Ogerpon|Ogerpon-Wellspring, F|100/100
|switch|p1a: Luck|Pawmot, M|100/100
|turn|10
|
|t:|1779645099
|move|p1a: Luck|Fake Out|p2a: Ogerpon
|-damage|p2a: Ogerpon|78/100
|-damage|p1a: Luck|91/100|[from] item: Life Orb
|cant|p2a: Ogerpon|flinch
|
|upkeep
|turn|11
|
|t:|1779645107
|move|p2a: Ogerpon|Play Rough|p1a: Luck
|-supereffective|p1a: Luck
|-damage|p1a: Luck|0 fnt
|faint|p1a: Luck
|
|upkeep
|
|t:|1779645115
|switch|p1a: Gauche|Espeon, M|100/100
|turn|12
|
|t:|1779645120
|move|p2a: Ogerpon|Ivy Cudgel|p1a: Gauche|[anim] Ivy Cudgel Water
|-damage|p1a: Gauche|0 fnt
|faint|p1a: Gauche
|
|-sideend|p1: flaresun3|move: Light Screen
|upkeep
|
|t:|1779645123
|switch|p1a: Magna|Cinderace, M|100/100
|turn|13
|
|t:|1779645129
|move|p1a: Magna|U-turn|p2a: Ogerpon
|-start|p1a: Magna|typechange|Bug|[from] ability: Libero
|-supereffective|p2a: Ogerpon
|-damage|p2a: Ogerpon|0 fnt
|faint|p2a: Ogerpon
|
|t:|1779645133
|switch|p1a: Charmy|Whimsicott, F|77/100|[from] U-turn
|
|-heal|p1a: Charmy|83/100|[from] item: Leftovers
|upkeep
|
|t:|1779645145
|switch|p2a: Sinistcha|Sinistcha|100/100
|turn|14
|
|t:|1779645150
|move|p1a: Charmy|Tailwind|p1a: Charmy
|-sidestart|p1: flaresun3|move: Tailwind
|move|p2a: Sinistcha|Calm Mind|p2a: Sinistcha
|-boost|p2a: Sinistcha|spa|1
|-boost|p2a: Sinistcha|spd|1
|
|-heal|p1a: Charmy|89/100|[from] item: Leftovers
|upkeep
|turn|15
|
|t:|1779645168
|move|p1a: Charmy|Encore|p2a: Sinistcha
|-start|p2a: Sinistcha|Encore
|move|p2a: Sinistcha|Calm Mind|p2a: Sinistcha
|-boost|p2a: Sinistcha|spa|1
|-boost|p2a: Sinistcha|spd|1
|
|-heal|p1a: Charmy|95/100|[from] item: Leftovers
|upkeep
|turn|16
|inactive|Zleam has 120 seconds left.
|inactive|Zleam has 90 seconds left.
|inactive|Zleam has 60 seconds left.
|inactive|Zleam has 30 seconds left.
|inactive|Zleam has 20 seconds left.
|inactive|Zleam has 15 seconds left.
|inactive|Zleam has 10 seconds left.
|inactive|Zleam has 5 seconds left.
|-message|Zleam lost due to inactivity.
|
|win|flaresun3
|raw|flaresun3's rating: 1237 &rarr; <strong>1265</strong><br />(+28 for winning)
|raw|Zleam's rating: 1274 &rarr; <strong>1246</strong><br />(-28 for losing)
|l|☆Zleam
|player|p2|
|l|☆flaresun3
|player|p1|
