|j|☆Brymont
|j|☆MeioPotato
|t:|1779578171
|gametype|singles
|player|p1|Brymont|steven|1503
|player|p2|MeioPotato|rosa|1489
|gen|9
|tier|[Gen 9] OU
|rated|
|rule|HP Percentage Mod: HP is shown in percentages
|rule|Endless Battle Clause: Forcing endless battles is banned
|rule|Species Clause: Limit one of each Pokémon
|rule|OHKO Clause: OHKO moves are banned
|rule|Evasion Items Clause: Evasion items are banned
|rule|Evasion Moves Clause: Evasion moves are banned
|rule|Evasion Abilities Clause: Evasion abilities are banned
|rule|Sleep Moves Clause: Sleep-inducing moves are banned
|clearpoke
|poke|p1|Dragapult, F|
|poke|p1|Great Tusk|
|poke|p1|Slowking-Galar, M|
|poke|p1|Hydreigon, M|
|poke|p1|Primarina, F|
|poke|p1|Ogerpon, F|
|poke|p2|Latias, F|
|poke|p2|Iron Moth|
|poke|p2|Polteageist|
|poke|p2|Ogerpon-Wellspring, F|
|poke|p2|Kingambit, M|
|poke|p2|Zamazenta-*|
|teampreview
|inactive|Battle timer is ON: inactive players will automatically lose when time's up. (requested by MeioPotato)
|inactive|Brymont also wants the timer to be on.
|
|t:|1779578179
|teamsize|p1|6
|teamsize|p2|6
|start
|switch|p1a: Dragapult|Dragapult, F|100/100
|switch|p2a: Clearsight|Latias, F|100/100
|turn|1
|
|t:|1779578190
|move|p1a: Dragapult|Dragon Darts|p2a: Clearsight
|-supereffective|p2a: Clearsight
|-damage|p2a: Clearsight|59/100
|-enditem|p2a: Clearsight|Weakness Policy
|-boost|p2a: Clearsight|atk|2|[from] item: Weakness Policy
|-boost|p2a: Clearsight|spa|2|[from] item: Weakness Policy
|-anim|p1a: Dragapult|Dragon Darts|p2a: Clearsight
|-supereffective|p2a: Clearsight
|-damage|p2a: Clearsight|24/100
|move|p2a: Clearsight|Agility|p2a: Clearsight
|-boost|p2a: Clearsight|spe|2
|
|upkeep
|turn|2
|
|t:|1779578194
|switch|p1a: Slowking|Slowking-Galar, M|100/100
|-terastallize|p2a: Clearsight|Fairy
|move|p2a: Clearsight|Draining Kiss|p1a: Slowking
|-resisted|p1a: Slowking
|-damage|p1a: Slowking|85/100
|-heal|p2a: Clearsight|39/100|[from] drain|[of] p1a: Slowking
|
|upkeep
|turn|3
|
|t:|1779578198
|move|p2a: Clearsight|Stored Power|p1a: Slowking
|-damage|p1a: Slowking|16/100
|move|p1a: Slowking|Sludge Bomb|p2a: Clearsight
|-supereffective|p2a: Clearsight
|-damage|p2a: Clearsight|0 fnt
|faint|p2a: Clearsight
|
|upkeep
|
|t:|1779578201
|switch|p2a: Luna|Iron Moth|100/100
|turn|4
|
|t:|1779578204
|switch|p1a: Primarina|Primarina, F|100/100
|move|p2a: Luna|Fiery Dance|p1a: Primarina
|-resisted|p1a: Primarina
|-damage|p1a: Primarina|83/100
|
|-heal|p1a: Primarina|89/100|[from] item: Leftovers
|upkeep
|turn|5
|
|t:|1779578208
|switch|p1a: Dragapult|Dragapult, F|100/100
|move|p2a: Luna|Sludge Wave|p1a: Dragapult
|-resisted|p1a: Dragapult
|-damage|p1a: Dragapult|68/100
|
|upkeep
|turn|6
|
|t:|1779578209
|move|p1a: Dragapult|Thunder Wave|p2a: Luna
|-status|p2a: Luna|par
|move|p2a: Luna|Dazzling Gleam|p1a: Dragapult
|-supereffective|p1a: Dragapult
|-damage|p1a: Dragapult|0 fnt
|faint|p1a: Dragapult
|
|upkeep
|
|t:|1779578218
|switch|p1a: Slowking|Slowking-Galar, M|50/100
|turn|7
|
|t:|1779578231
|cant|p2a: Luna|par
|-prepare|p1a: Slowking|Chilly Reception|[premajor]
|move|p1a: Slowking|Chilly Reception|p1a: Slowking
|-weather|Snowscape
|
|t:|1779578249
|switch|p1a: Primarina|Primarina, F|89/100|[from] Chilly Reception
|
|-weather|Snowscape|[upkeep]
|-heal|p1a: Primarina|95/100|[from] item: Leftovers
|upkeep
|turn|8
|
|t:|1779578252
|move|p2a: Luna|Dazzling Gleam|p1a: Primarina
|-damage|p1a: Primarina|73/100
|move|p1a: Primarina|Surf|p2a: Luna
|-supereffective|p2a: Luna
|-damage|p2a: Luna|27/100 par
|
|-weather|Snowscape|[upkeep]
|-heal|p1a: Primarina|79/100|[from] item: Leftovers
|upkeep
|turn|9
|
|t:|1779578256
|move|p2a: Luna|Sludge Wave|p1a: Primarina
|-supereffective|p1a: Primarina
|-damage|p1a: Primarina|0 fnt
|faint|p1a: Primarina
|
|-weather|Snowscape|[upkeep]
|upkeep
|
|t:|1779578258
|switch|p1a: Slowking|Slowking-Galar, M|83/100
|turn|10
|
|t:|1779578264
|move|p2a: Luna|Fiery Dance|p1a: Slowking
|-damage|p1a: Slowking|58/100
|-prepare|p1a: Slowking|Chilly Reception|[premajor]
|move|p1a: Slowking|Chilly Reception|p1a: Slowking
|
|t:|1779578267
|switch|p1a: Ogerpon|Ogerpon, F|100/100|[from] Chilly Reception
|
|-weather|Snowscape|[upkeep]
|upkeep
|turn|11
|
|t:|1779578269
|move|p1a: Ogerpon|Knock Off|p2a: Luna
|-damage|p2a: Luna|0 fnt
|-enditem|p2a: Luna|Focus Sash|[from] move: Knock Off|[of] p1a: Ogerpon
|faint|p2a: Luna
|-end|p2a: Luna|Quark Drive|[silent]
|-damage|p1a: Ogerpon|91/100|[from] item: Life Orb
|
|-weather|none
|upkeep
|
|t:|1779578272
|switch|p2a: Boa|Polteageist|100/100
|turn|12
|
|t:|1779578278
|move|p1a: Ogerpon|U-turn|p2a: Boa
|-resisted|p2a: Boa
|-damage|p2a: Boa|72/100
|-ability|p2a: Boa|Weak Armor|boost
|-unboost|p2a: Boa|def|1
|-boost|p2a: Boa|spe|2
|-damage|p1a: Ogerpon|81/100|[from] item: Life Orb
|
|t:|1779578280
|switch|p1a: Slowking|Slowking-Galar, M|91/100|[from] U-turn
|move|p2a: Boa|Shell Smash|p2a: Boa
|-unboost|p2a: Boa|def|1
|-unboost|p2a: Boa|spd|1
|-boost|p2a: Boa|atk|2
|-boost|p2a: Boa|spa|2
|-boost|p2a: Boa|spe|2
|
|upkeep
|turn|13
|
|t:|1779578283
|move|p2a: Boa|Shadow Ball|p1a: Slowking
|-supereffective|p1a: Slowking
|-damage|p1a: Slowking|0 fnt
|faint|p1a: Slowking
|
|upkeep
|
|t:|1779578287
|switch|p1a: Hydreigon|Hydreigon, M|100/100
|turn|14
|
|t:|1779578292
|move|p2a: Boa|Giga Drain|p1a: Hydreigon
|-resisted|p1a: Hydreigon
|-damage|p1a: Hydreigon|74/100
|-heal|p2a: Boa|92/100|[from] drain|[of] p1a: Hydreigon
|move|p1a: Hydreigon|Dark Pulse|p2a: Boa
|-supereffective|p2a: Boa
|-damage|p2a: Boa|0 fnt
|faint|p2a: Boa
|
|-heal|p1a: Hydreigon|80/100|[from] item: Leftovers
|upkeep
|
|t:|1779578298
|switch|p2a: Peril|Zamazenta|100/100
|-ability|p2a: Peril|Dauntless Shield|boost
|-boost|p2a: Peril|def|1
|turn|15
|
|t:|1779578300
|switch|p1a: Great Tusk|Great Tusk|100/100
|move|p2a: Peril|Iron Defense|p2a: Peril
|-boost|p2a: Peril|def|2
|
|upkeep
|turn|16
|
|t:|1779578306
|move|p2a: Peril|Iron Defense|p2a: Peril
|-boost|p2a: Peril|def|2
|move|p1a: Great Tusk|Knock Off|p2a: Peril
|-resisted|p2a: Peril
|-damage|p2a: Peril|97/100
|-enditem|p2a: Peril|Leftovers|[from] move: Knock Off|[of] p1a: Great Tusk
|
|upkeep
|turn|17
|
|t:|1779578308
|move|p2a: Peril|Body Press|p1a: Great Tusk
|-damage|p1a: Great Tusk|53/100
|-damage|p2a: Peril|80/100|[from] item: Rocky Helmet|[of] p1a: Great Tusk
|move|p1a: Great Tusk|Stealth Rock|p2a: Peril
|-sidestart|p2: MeioPotato|move: Stealth Rock
|
|upkeep
|turn|18
|
|t:|1779578310
|move|p2a: Peril|Body Press|p1a: Great Tusk
|-damage|p1a: Great Tusk|5/100
|-damage|p2a: Peril|64/100|[from] item: Rocky Helmet|[of] p1a: Great Tusk
|move|p1a: Great Tusk|Rapid Spin|p2a: Peril
|-damage|p2a: Peril|60/100
|-boost|p1a: Great Tusk|spe|1
|
|upkeep
|turn|19
|
|t:|1779578317
|move|p2a: Peril|Body Press|p1a: Great Tusk
|-damage|p1a: Great Tusk|0 fnt
|-damage|p2a: Peril|43/100|[from] item: Rocky Helmet|[of] p1a: Great Tusk
|faint|p1a: Great Tusk
|-end|p1a: Great Tusk|Protosynthesis|[silent]
|
|upkeep
|
|t:|1779578318
|switch|p1a: Hydreigon|Hydreigon, M|80/100
|turn|20
|
|t:|1779578320
|-terastallize|p1a: Hydreigon|Poison
|move|p2a: Peril|Body Press|p1a: Hydreigon
|-resisted|p1a: Hydreigon
|-damage|p1a: Hydreigon|26/100
|move|p1a: Hydreigon|Draco Meteor|p2a: Peril
|-damage|p2a: Peril|0 fnt
|-unboost|p1a: Hydreigon|spa|2
|faint|p2a: Peril
|
|-heal|p1a: Hydreigon|32/100|[from] item: Leftovers
|upkeep
|
|t:|1779578327
|switch|p2a: Darkstalker|Kingambit, M|100/100
|-damage|p2a: Darkstalker|94/100|[from] Stealth Rock
|turn|21
|
|t:|1779578329
|move|p1a: Hydreigon|Nasty Plot|p1a: Hydreigon
|-boost|p1a: Hydreigon|spa|2
|move|p2a: Darkstalker|Kowtow Cleave|p1a: Hydreigon
|-damage|p1a: Hydreigon|0 fnt
|faint|p1a: Hydreigon
|
|upkeep
|
|t:|1779578330
|switch|p1a: Ogerpon|Ogerpon, F|81/100
|turn|22
|-message|Brymont forfeited.
|
|win|MeioPotato
|raw|Brymont's rating: 1503 &rarr; <strong>1482</strong><br />(-21 for losing)
|raw|MeioPotato's rating: 1489 &rarr; <strong>1510</strong><br />(+21 for winning)
|l|☆Brymont
|player|p1|
|l|☆MeioPotato
|player|p2|
