|j|☆tacoman007
|j|☆ainasucks
|t:|1779609979
|gametype|singles
|player|p1|tacoman007|hiker-gen4|1339
|player|p2|ainasucks|169|1287
|gen|9
|tier|[Gen 9] OU
|rated|
|rule|HP Percentage Mod: HP is shown in percentages
|rule|Endless Battle Clause: Forcing endless battles is banned
|rule|Species Clause: Limit one of each Pokémon
|rule|OHKO Clause: OHKO moves are banned
|rule|Evasion Items Clause: Evasion items are banned
|rule|Evasion Moves Clause: Evasion moves are banned
|rule|Evasion Abilities Clause: Evasion abilities are banned
|rule|Sleep Moves Clause: Sleep-inducing moves are banned
|clearpoke
|poke|p1|Corviknight, M|
|poke|p1|Greninja-*, M|
|poke|p1|Lokix, M|
|poke|p1|Clefable, M|
|poke|p1|Slither Wing|
|poke|p1|Regieleki|
|poke|p2|Regieleki|
|poke|p2|Glastrier|
|poke|p2|Zamazenta-*|
|poke|p2|Darkrai|
|poke|p2|Latias, F|
|poke|p2|Garchomp, F|
|teampreview
|inactive|Battle timer is ON: inactive players will automatically lose when time's up. (requested by tacoman007)
|
|t:|1779609989
|teamsize|p1|6
|teamsize|p2|6
|start
|switch|p1a: Greninja|Greninja, M|100/100
|switch|p2a: Glastrier|Glastrier|100/100
|turn|1
|
|t:|1779610005
|move|p1a: Greninja|Spikes|p2a: Glastrier
|-sidestart|p2: ainasucks|Spikes
|move|p2a: Glastrier|High Horsepower|p1a: Greninja
|-damage|p1a: Greninja|40/100
|
|upkeep
|turn|2
|
|t:|1779610026
|move|p1a: Greninja|Surf|p2a: Glastrier
|-crit|p2a: Glastrier
|-damage|p2a: Glastrier|55/100
|move|p2a: Glastrier|High Horsepower|p1a: Greninja
|-damage|p1a: Greninja|0 fnt
|faint|p1a: Greninja
|-ability|p2a: Glastrier|Chilling Neigh|boost
|-boost|p2a: Glastrier|atk|1
|
|upkeep
|
|t:|1779610039
|switch|p1a: Corviknight|Corviknight, M|100/100
|-ability|p1a: Corviknight|Pressure
|turn|3
|
|t:|1779610064
|move|p1a: Corviknight|Bulk Up|p1a: Corviknight
|-boost|p1a: Corviknight|atk|1
|-boost|p1a: Corviknight|def|1
|move|p2a: Glastrier|Avalanche|p1a: Corviknight
|-crit|p1a: Corviknight
|-damage|p1a: Corviknight|35/100
|
|upkeep
|turn|4
|
|t:|1779610071
|move|p1a: Corviknight|Roost|p1a: Corviknight
|-heal|p1a: Corviknight|85/100
|-singleturn|p1a: Corviknight|move: Roost
|move|p2a: Glastrier|Avalanche|p1a: Corviknight
|-resisted|p1a: Corviknight
|-damage|p1a: Corviknight|71/100
|
|upkeep
|turn|5
|inactive|ainasucks has 120 seconds left.
|
|t:|1779610105
|move|p1a: Corviknight|Bulk Up|p1a: Corviknight
|-boost|p1a: Corviknight|atk|1
|-boost|p1a: Corviknight|def|1
|move|p2a: Glastrier|Rest|p2a: Glastrier
|-status|p2a: Glastrier|slp|[from] move: Rest
|-heal|p2a: Glastrier|100/100 slp|[silent]
|-enditem|p2a: Glastrier|Chesto Berry|[eat]
|-curestatus|p2a: Glastrier|slp|[msg]
|
|upkeep
|turn|6
|inactive|ainasucks has 120 seconds left.
|
|t:|1779610114
|switch|p2a: Zamazenta|Zamazenta|100/100
|-damage|p2a: Zamazenta|88/100|[from] Spikes
|-ability|p2a: Zamazenta|Dauntless Shield|boost
|-boost|p2a: Zamazenta|def|1
|move|p1a: Corviknight|Bulk Up|p1a: Corviknight
|-boost|p1a: Corviknight|atk|1
|-boost|p1a: Corviknight|def|1
|
|-heal|p2a: Zamazenta|94/100|[from] item: Leftovers
|upkeep
|turn|7
|
|t:|1779610121
|move|p2a: Zamazenta|Body Press|p1a: Corviknight
|-damage|p1a: Corviknight|51/100
|move|p1a: Corviknight|Power Trip|p2a: Zamazenta
|-resisted|p2a: Zamazenta
|-damage|p2a: Zamazenta|80/100
|
|-heal|p2a: Zamazenta|86/100|[from] item: Leftovers
|upkeep
|turn|8
|
|t:|1779610132
|move|p2a: Zamazenta|Iron Defense|p2a: Zamazenta
|-boost|p2a: Zamazenta|def|2
|move|p1a: Corviknight|Roost|p1a: Corviknight
|-heal|p1a: Corviknight|100/100
|-singleturn|p1a: Corviknight|move: Roost
|
|-heal|p2a: Zamazenta|92/100|[from] item: Leftovers
|upkeep
|turn|9
|inactive|ainasucks has 120 seconds left.
|
|t:|1779610173
|move|p2a: Zamazenta|Iron Defense|p2a: Zamazenta
|-boost|p2a: Zamazenta|def|2
|move|p1a: Corviknight|Bulk Up|p1a: Corviknight
|-boost|p1a: Corviknight|atk|1
|-boost|p1a: Corviknight|def|1
|
|-heal|p2a: Zamazenta|98/100|[from] item: Leftovers
|upkeep
|turn|10
|
|t:|1779610192
|move|p2a: Zamazenta|Iron Defense|p2a: Zamazenta
|-boost|p2a: Zamazenta|def|1
|move|p1a: Corviknight|Agility|p1a: Corviknight
|-boost|p1a: Corviknight|spe|2
|
|-heal|p2a: Zamazenta|100/100|[from] item: Leftovers
|upkeep
|turn|11
|
|t:|1779610196
|move|p1a: Corviknight|Agility|p1a: Corviknight
|-boost|p1a: Corviknight|spe|2
|move|p2a: Zamazenta|Body Press|p1a: Corviknight
|-damage|p1a: Corviknight|55/100
|
|upkeep
|turn|12
|
|t:|1779610204
|move|p1a: Corviknight|Power Trip|p2a: Zamazenta
|-resisted|p2a: Zamazenta
|-damage|p2a: Zamazenta|90/100
|move|p2a: Zamazenta|Body Press|p1a: Corviknight
|-damage|p1a: Corviknight|8/100
|
|-heal|p2a: Zamazenta|96/100|[from] item: Leftovers
|upkeep
|turn|13
|
|t:|1779610208
|move|p1a: Corviknight|Power Trip|p2a: Zamazenta
|-resisted|p2a: Zamazenta
|-damage|p2a: Zamazenta|85/100
|move|p2a: Zamazenta|Body Press|p1a: Corviknight
|-damage|p1a: Corviknight|0 fnt
|faint|p1a: Corviknight
|
|-heal|p2a: Zamazenta|91/100|[from] item: Leftovers
|upkeep
|
|t:|1779610212
|switch|p1a: Clefable|Clefable, M|100/100
|turn|14
|
|t:|1779610235
|move|p2a: Zamazenta|Iron Head|p1a: Clefable
|-supereffective|p1a: Clefable
|-damage|p1a: Clefable|56/100
|move|p1a: Clefable|Alluring Voice|p2a: Zamazenta
|-supereffective|p2a: Zamazenta
|-damage|p2a: Zamazenta|36/100
|
|-heal|p2a: Zamazenta|43/100|[from] item: Leftovers
|-heal|p1a: Clefable|62/100|[from] item: Leftovers
|upkeep
|turn|15
|
|t:|1779610251
|move|p2a: Zamazenta|Body Press|p1a: Clefable
|-resisted|p1a: Clefable
|-damage|p1a: Clefable|0 fnt
|faint|p1a: Clefable
|
|-heal|p2a: Zamazenta|49/100|[from] item: Leftovers
|upkeep
|-message|tacoman007 forfeited.
|
|win|ainasucks
|raw|tacoman007's rating: 1339 &rarr; <strong>1316</strong><br />(-23 for losing)
|raw|ainasucks's rating: 1287 &rarr; <strong>1316</strong><br />(+29 for winning)
|l|☆tacoman007
|player|p1|
|l|☆ainasucks
|player|p2|
