|j|☆jan jakkusu
|j|☆The Name Change
|t:|1779628390
|gametype|singles
|player|p1|jan jakkusu|101|1478
|player|p2|The Name Change|102|1458
|gen|9
|tier|[Gen 9] OU
|rated|
|rule|HP Percentage Mod: HP is shown in percentages
|rule|Endless Battle Clause: Forcing endless battles is banned
|rule|Species Clause: Limit one of each Pokémon
|rule|OHKO Clause: OHKO moves are banned
|rule|Evasion Items Clause: Evasion items are banned
|rule|Evasion Moves Clause: Evasion moves are banned
|rule|Evasion Abilities Clause: Evasion abilities are banned
|rule|Sleep Moves Clause: Sleep-inducing moves are banned
|clearpoke
|poke|p1|Heatran, M|
|poke|p1|Ogerpon-Wellspring, F|
|poke|p1|Great Tusk|
|poke|p1|Kommo-o, F|
|poke|p1|Corviknight, F|
|poke|p1|Sinistcha-Masterpiece|
|poke|p2|Pelipper, M|
|poke|p2|Raging Bolt|
|poke|p2|Overqwil, M|
|poke|p2|Barraskewda, M|
|poke|p2|Iron Treads|
|poke|p2|Kingambit, M|
|teampreview
|
|t:|1779628434
|teamsize|p1|6
|teamsize|p2|6
|start
|switch|p1a: Corviknight|Corviknight, F|100/100
|switch|p2a: Pelipper|Pelipper, M|100/100
|-ability|p1a: Corviknight|Pressure
|-weather|RainDance|[from] ability: Drizzle|[of] p2a: Pelipper
|turn|1
|
|t:|1779628444
|move|p1a: Corviknight|U-turn|p2a: Pelipper
|-resisted|p2a: Pelipper
|-damage|p2a: Pelipper|95/100
|
|t:|1779628449
|switch|p1a: Kommo-o|Kommo-o, F|100/100|[from] U-turn
|move|p2a: Pelipper|Weather Ball|p1a: Kommo-o
|-immune|p1a: Kommo-o|[from] ability: Bulletproof
|
|-weather|RainDance|[upkeep]
|upkeep
|turn|2
|
|t:|1779628483
|-terastallize|p1a: Kommo-o|Normal
|move|p1a: Kommo-o|Clangorous Soul|p1a: Kommo-o
|-boost|p1a: Kommo-o|atk|1
|-boost|p1a: Kommo-o|def|1
|-boost|p1a: Kommo-o|spa|1
|-boost|p1a: Kommo-o|spd|1
|-boost|p1a: Kommo-o|spe|1
|-damage|p1a: Kommo-o|68/100
|-enditem|p1a: Kommo-o|Throat Spray
|-boost|p1a: Kommo-o|spa|1|[from] item: Throat Spray
|move|p2a: Pelipper|Hurricane|p1a: Kommo-o
|-damage|p1a: Kommo-o|40/100
|
|-weather|RainDance|[upkeep]
|upkeep
|turn|3
|
|t:|1779628496
|switch|p2a: Iron Treads|Iron Treads|100/100
|-enditem|p2a: Iron Treads|Booster Energy
|-activate|p2a: Iron Treads|ability: Quark Drive|[fromitem]
|-start|p2a: Iron Treads|quarkdrivespe
|move|p1a: Kommo-o|Boomburst|p2a: Iron Treads
|-resisted|p2a: Iron Treads
|-damage|p2a: Iron Treads|12/100
|
|-weather|RainDance|[upkeep]
|upkeep
|turn|4
|
|t:|1779628505
|move|p2a: Iron Treads|Steel Beam|p1a: Kommo-o|[miss]
|-miss|p2a: Iron Treads|p1a: Kommo-o
|-damage|p2a: Iron Treads|0 fnt|[from] steelbeam
|faint|p2a: Iron Treads
|-end|p2a: Iron Treads|Quark Drive|[silent]
|move|p1a: Kommo-o|Boomburst|p2: Iron Treads|[notarget]
|-fail|p1a: Kommo-o
|
|-weather|RainDance|[upkeep]
|upkeep
|
|t:|1779628509
|switch|p2a: Barraskewda|Barraskewda, M|100/100
|turn|5
|
|t:|1779628517
|switch|p1a: Sinistcha|Sinistcha-Masterpiece|100/100
|move|p2a: Barraskewda|Close Combat|p1a: Sinistcha
|-immune|p1a: Sinistcha
|
|-weather|RainDance|[upkeep]
|upkeep
|turn|6
|
|t:|1779628528
|switch|p2a: Overqwil|Overqwil, M|100/100
|move|p1a: Sinistcha|Matcha Gotcha|p2a: Overqwil
|-resisted|p2a: Overqwil
|-damage|p2a: Overqwil|75/100
|-status|p2a: Overqwil|brn
|
|-weather|RainDance|[upkeep]
|-damage|p2a: Overqwil|69/100 brn|[from] brn
|upkeep
|turn|7
|
|t:|1779628540
|switch|p1a: Great Tusk|Great Tusk|100/100
|move|p2a: Overqwil|Swords Dance|p2a: Overqwil
|-boost|p2a: Overqwil|atk|2
|
|-weather|RainDance|[upkeep]
|-damage|p2a: Overqwil|63/100 brn|[from] brn
|upkeep
|turn|8
|
|t:|1779628549
|move|p2a: Overqwil|Liquidation|p1a: Great Tusk
|-supereffective|p1a: Great Tusk
|-damage|p1a: Great Tusk|34/100
|-damage|p2a: Overqwil|53/100 brn|[from] item: Life Orb
|move|p1a: Great Tusk|Headlong Rush|p2a: Overqwil
|-supereffective|p2a: Overqwil
|-damage|p2a: Overqwil|0 fnt
|-unboost|p1a: Great Tusk|def|1
|-unboost|p1a: Great Tusk|spd|1
|faint|p2a: Overqwil
|
|-weather|none
|-heal|p1a: Great Tusk|40/100|[from] item: Leftovers
|upkeep
|
|t:|1779628553
|switch|p2a: Pelipper|Pelipper, M|95/100
|-weather|RainDance|[from] ability: Drizzle|[of] p2a: Pelipper
|turn|9
|
|t:|1779628566
|move|p1a: Great Tusk|Knock Off|p2a: Pelipper
|-damage|p2a: Pelipper|73/100
|-enditem|p2a: Pelipper|Damp Rock|[from] move: Knock Off|[of] p1a: Great Tusk
|move|p2a: Pelipper|Hurricane|p1a: Great Tusk
|-supereffective|p1a: Great Tusk
|-damage|p1a: Great Tusk|0 fnt
|faint|p1a: Great Tusk
|-end|p1a: Great Tusk|Protosynthesis|[silent]
|
|-weather|RainDance|[upkeep]
|upkeep
|
|t:|1779628588
|switch|p1a: Kommo-o|Kommo-o, F, tera:Normal|40/100
|turn|10
|
|t:|1779628605
|switch|p2a: Kingambit|Kingambit, M|100/100
|-activate|p2a: Kingambit|ability: Supreme Overlord
|-start|p2a: Kingambit|fallen2|[silent]
|move|p1a: Kommo-o|Boomburst|p2a: Kingambit
|-resisted|p2a: Kingambit
|-damage|p2a: Kingambit|71/100
|
|-weather|RainDance|[upkeep]
|-heal|p2a: Kingambit|77/100|[from] item: Leftovers
|upkeep
|turn|11
|
|t:|1779628620
|switch|p1a: Corviknight|Corviknight, F|100/100
|-ability|p1a: Corviknight|Pressure
|move|p2a: Kingambit|Sucker Punch||[still]
|-fail|p2a: Kingambit
|
|-weather|RainDance|[upkeep]
|-heal|p2a: Kingambit|83/100|[from] item: Leftovers
|upkeep
|turn|12
|
|t:|1779628629
|move|p2a: Kingambit|Swords Dance|p2a: Kingambit
|-boost|p2a: Kingambit|atk|2
|move|p1a: Corviknight|Body Press|p2a: Kingambit
|-supereffective|p2a: Kingambit
|-damage|p2a: Kingambit|26/100
|
|-weather|RainDance|[upkeep]
|-heal|p2a: Kingambit|32/100|[from] item: Leftovers
|upkeep
|turn|13
|
|t:|1779628638
|move|p2a: Kingambit|Kowtow Cleave|p1a: Corviknight
|-damage|p1a: Corviknight|6/100
|move|p1a: Corviknight|Body Press|p2a: Kingambit
|-supereffective|p2a: Kingambit
|-damage|p2a: Kingambit|0 fnt
|faint|p2a: Kingambit
|-end|p2a: Kingambit|fallen2|[silent]
|
|-weather|RainDance|[upkeep]
|-heal|p1a: Corviknight|12/100|[from] item: Leftovers
|upkeep
|
|t:|1779628646
|switch|p2a: Raging Bolt|Raging Bolt|100/100
|-enditem|p2a: Raging Bolt|Booster Energy
|-activate|p2a: Raging Bolt|ability: Protosynthesis|[fromitem]
|-start|p2a: Raging Bolt|protosynthesisspa
|turn|14
|
|t:|1779628653
|move|p2a: Raging Bolt|Thunder|p1a: Corviknight
|-supereffective|p1a: Corviknight
|-damage|p1a: Corviknight|0 fnt
|faint|p1a: Corviknight
|
|-weather|RainDance|[upkeep]
|upkeep
|
|t:|1779628660
|switch|p1a: Kommo-o|Kommo-o, F, tera:Normal|40/100
|turn|15
|
|t:|1779628671
|move|p2a: Raging Bolt|Thunderclap|p1a: Kommo-o
|-damage|p1a: Kommo-o|0 fnt
|faint|p1a: Kommo-o
|
|-weather|RainDance|[upkeep]
|upkeep
|
|t:|1779628714
|switch|p1a: Ogerpon|Ogerpon-Wellspring, F|100/100
|turn|16
|
|t:|1779628722
|switch|p1a: Sinistcha|Sinistcha-Masterpiece|100/100
|move|p2a: Raging Bolt|Thunderclap||[still]
|-fail|p2a: Raging Bolt
|
|-weather|none
|upkeep
|turn|17
|
|t:|1779628732
|move|p2a: Raging Bolt|Draco Meteor|p1a: Sinistcha|[miss]
|-miss|p2a: Raging Bolt|p1a: Sinistcha
|move|p1a: Sinistcha|Shadow Ball|p2a: Raging Bolt
|-damage|p2a: Raging Bolt|69/100
|-unboost|p2a: Raging Bolt|spd|1
|
|upkeep
|turn|18
|
|t:|1779628739
|switch|p1a: Heatran|Heatran, M|100/100
|move|p2a: Raging Bolt|Draco Meteor|p1a: Heatran
|-resisted|p1a: Heatran
|-damage|p1a: Heatran|60/100
|-unboost|p2a: Raging Bolt|spa|2
|
|-heal|p1a: Heatran|67/100|[from] item: Leftovers
|upkeep
|turn|19
|
|t:|1779628750
|-end|p2a: Raging Bolt|Protosynthesis|[silent]
|switch|p2a: Pelipper|Pelipper, M|73/100
|-weather|RainDance|[from] ability: Drizzle|[of] p2a: Pelipper
|move|p1a: Heatran|Magma Storm|p2a: Pelipper
|-resisted|p2a: Pelipper
|-crit|p2a: Pelipper
|-damage|p2a: Pelipper|46/100
|-activate|p2a: Pelipper|move: Magma Storm|[of] p1a: Heatran
|
|-weather|RainDance|[upkeep]
|-heal|p1a: Heatran|73/100|[from] item: Leftovers
|-damage|p2a: Pelipper|34/100|[from] move: Magma Storm|[partiallytrapped]
|upkeep
|turn|20
|
|t:|1779628753
|move|p1a: Heatran|Protect|p1a: Heatran
|-singleturn|p1a: Heatran|Protect
|move|p2a: Pelipper|Roost|p2a: Pelipper
|-heal|p2a: Pelipper|84/100
|-singleturn|p2a: Pelipper|move: Roost
|
|-weather|RainDance|[upkeep]
|-heal|p1a: Heatran|79/100|[from] item: Leftovers
|-damage|p2a: Pelipper|71/100|[from] move: Magma Storm|[partiallytrapped]
|upkeep
|turn|21
|
|t:|1779628764
|switch|p1a: Ogerpon|Ogerpon-Wellspring, F|100/100
|move|p2a: Pelipper|Roost|p2a: Pelipper
|-heal|p2a: Pelipper|100/100
|-singleturn|p2a: Pelipper|move: Roost
|
|-weather|RainDance|[upkeep]
|-end|p2a: Pelipper|Magma Storm|[partiallytrapped]|[silent]
|upkeep
|turn|22
|
|t:|1779628773
|move|p1a: Ogerpon|Swords Dance|p1a: Ogerpon
|-boost|p1a: Ogerpon|atk|2
|move|p2a: Pelipper|Hurricane|p1a: Ogerpon
|-supereffective|p1a: Ogerpon
|-damage|p1a: Ogerpon|8/100
|-start|p1a: Ogerpon|confusion
|
|-weather|RainDance|[upkeep]
|upkeep
|turn|23
|
|t:|1779628784
|switch|p2a: Barraskewda|Barraskewda, M|100/100
|-activate|p1a: Ogerpon|confusion
|move|p1a: Ogerpon|Horn Leech|p2a: Barraskewda
|-supereffective|p2a: Barraskewda
|-damage|p2a: Barraskewda|0 fnt
|-heal|p1a: Ogerpon|52/100|[from] drain|[of] p2a: Barraskewda
|faint|p2a: Barraskewda
|
|-weather|none
|upkeep
|
|t:|1779628789
|switch|p2a: Raging Bolt|Raging Bolt|69/100
|turn|24
|
|t:|1779628816
|-activate|p1a: Ogerpon|confusion
|-damage|p1a: Ogerpon|14/100|[from] confusion
|move|p2a: Raging Bolt|Draco Meteor|p1a: Ogerpon
|-damage|p1a: Ogerpon|0 fnt
|-unboost|p2a: Raging Bolt|spa|2
|faint|p1a: Ogerpon
|
|upkeep
|
|t:|1779628822
|switch|p1a: Sinistcha|Sinistcha-Masterpiece|100/100
|turn|25
|
|t:|1779628826
|-end|p2a: Raging Bolt|Protosynthesis|[silent]
|switch|p2a: Pelipper|Pelipper, M|100/100
|-weather|RainDance|[from] ability: Drizzle|[of] p2a: Pelipper
|move|p1a: Sinistcha|Calm Mind|p1a: Sinistcha
|-boost|p1a: Sinistcha|spa|1
|-boost|p1a: Sinistcha|spd|1
|
|-weather|RainDance|[upkeep]
|upkeep
|turn|26
|
|t:|1779628831
|move|p1a: Sinistcha|Matcha Gotcha|p2a: Pelipper
|-damage|p2a: Pelipper|24/100
|move|p2a: Pelipper|Hurricane|p1a: Sinistcha
|-supereffective|p1a: Sinistcha
|-damage|p1a: Sinistcha|45/100
|
|-weather|RainDance|[upkeep]
|-heal|p1a: Sinistcha|51/100|[from] item: Leftovers
|upkeep
|turn|27
|
|t:|1779628840
|move|p1a: Sinistcha|Matcha Gotcha|p2a: Pelipper
|-damage|p2a: Pelipper|0 fnt
|-heal|p1a: Sinistcha|62/100|[from] drain|[of] p2a: Pelipper
|faint|p2a: Pelipper
|
|-weather|RainDance|[upkeep]
|-heal|p1a: Sinistcha|68/100|[from] item: Leftovers
|upkeep
|c|☆The Name Change|forgot about this guy
|c|☆The Name Change|hes a gangster
|
|t:|1779628848
|switch|p2a: Raging Bolt|Raging Bolt|69/100
|turn|28
|
|t:|1779628864
|move|p2a: Raging Bolt|Draco Meteor|p1a: Sinistcha
|-damage|p1a: Sinistcha|4/100
|-unboost|p2a: Raging Bolt|spa|2
|move|p1a: Sinistcha|Strength Sap|p2a: Raging Bolt
|-unboost|p2a: Raging Bolt|atk|1
|-heal|p1a: Sinistcha|48/100
|
|-weather|RainDance|[upkeep]
|-heal|p1a: Sinistcha|54/100|[from] item: Leftovers
|upkeep
|turn|29
|c|☆The Name Change|u mind telling me the evs ?
|c|☆The Name Change|I remember its normally max defence
|c|☆The Name Change|but forget the speed you run with him
|
|t:|1779628903
|move|p2a: Raging Bolt|Draco Meteor|p1a: Sinistcha
|-damage|p1a: Sinistcha|22/100
|-unboost|p2a: Raging Bolt|spa|2
|move|p1a: Sinistcha|Matcha Gotcha|p2a: Raging Bolt
|-resisted|p2a: Raging Bolt
|-damage|p2a: Raging Bolt|44/100
|-heal|p1a: Sinistcha|37/100|[from] drain|[of] p2a: Raging Bolt
|
|-weather|none
|-heal|p1a: Sinistcha|43/100|[from] item: Leftovers
|upkeep
|turn|30
|
|t:|1779628912
|move|p2a: Raging Bolt|Draco Meteor|p1a: Sinistcha
|-damage|p1a: Sinistcha|22/100
|-unboost|p2a: Raging Bolt|spa|2
|move|p1a: Sinistcha|Shadow Ball|p2a: Raging Bolt
|-damage|p2a: Raging Bolt|0 fnt
|faint|p2a: Raging Bolt
|-end|p2a: Raging Bolt|Protosynthesis|[silent]
|
|win|jan jakkusu
|raw|jan jakkusu's rating: 1478 &rarr; <strong>1497</strong><br />(+19 for winning)
|raw|The Name Change's rating: 1458 &rarr; <strong>1439</strong><br />(-19 for losing)
