|j|☆koyuuuuuuuuuu
|j|☆ikthoizzykil
|t:|1779659885
|gametype|singles
|player|p1|koyuuuuuuuuuu|elesa|1432
|player|p2|ikthoizzykil|pokemaniac-gen3rs|1381
|gen|9
|tier|[Gen 9] OU
|rated|
|rule|HP Percentage Mod: HP is shown in percentages
|rule|Endless Battle Clause: Forcing endless battles is banned
|rule|Species Clause: Limit one of each Pokémon
|rule|OHKO Clause: OHKO moves are banned
|rule|Evasion Items Clause: Evasion items are banned
|rule|Evasion Moves Clause: Evasion moves are banned
|rule|Evasion Abilities Clause: Evasion abilities are banned
|rule|Sleep Moves Clause: Sleep-inducing moves are banned
|clearpoke
|poke|p1|Cinderace, F|
|poke|p1|Darkrai|
|poke|p1|Slowking-Galar, F|
|poke|p1|Kyurem|
|poke|p1|Ceruledge, F|
|poke|p1|Crawdaunt, F|
|poke|p2|Slaking, M|
|poke|p2|Rillaboom, F|
|poke|p2|Alomomola, M|
|poke|p2|Ting-Lu|
|poke|p2|Corviknight, M|
|poke|p2|Skeledirge, F|
|teampreview
|inactive|Battle timer is ON: inactive players will automatically lose when time's up. (requested by ikthoizzykil)
|
|t:|1779659901
|teamsize|p1|6
|teamsize|p2|6
|start
|switch|p1a: Cinderace|Cinderace, F|100/100
|switch|p2a: Slaking|Slaking, M|100/100
|turn|1
|
|t:|1779659915
|switch|p1a: Darkrai|Darkrai|100/100
|move|p2a: Slaking|Knock Off|p1a: Darkrai
|-resisted|p1a: Darkrai
|-damage|p1a: Darkrai|77/100
|-enditem|p1a: Darkrai|Choice Scarf|[from] move: Knock Off|[of] p2a: Slaking
|
|upkeep
|turn|2
|
|t:|1779659927
|switch|p2a: Ting-Lu|Ting-Lu|100/100
|-ability|p2a: Ting-Lu|Vessel of Ruin
|move|p1a: Darkrai|Dark Pulse|p2a: Ting-Lu
|-resisted|p2a: Ting-Lu
|-damage|p2a: Ting-Lu|89/100
|
|-heal|p2a: Ting-Lu|96/100|[from] item: Leftovers
|upkeep
|turn|3
|
|t:|1779659936
|switch|p1a: Cinderace|Cinderace, F|100/100
|move|p2a: Ting-Lu|Ruination|p1a: Cinderace
|-damage|p1a: Cinderace|51/100
|
|-heal|p2a: Ting-Lu|100/100|[from] item: Leftovers
|upkeep
|turn|4
|
|t:|1779659943
|switch|p2a: Skeledirge|Skeledirge, F|100/100
|move|p1a: Cinderace|Low Kick|p2a: Skeledirge
|-start|p1a: Cinderace|typechange|Fighting|[from] ability: Libero
|-immune|p2a: Skeledirge
|
|upkeep
|turn|5
|
|t:|1779659950
|move|p1a: Cinderace|U-turn|p2a: Skeledirge
|-resisted|p2a: Skeledirge
|-damage|p2a: Skeledirge|96/100
|
|t:|1779659953
|switch|p1a: Darkrai|Darkrai|77/100|[from] U-turn
|move|p2a: Skeledirge|Hex|p1a: Darkrai
|-resisted|p1a: Darkrai
|-damage|p1a: Darkrai|60/100
|
|upkeep
|turn|6
|
|t:|1779659963
|switch|p1a: Cinderace|Cinderace, F|51/100
|switch|p2a: Ting-Lu|Ting-Lu|100/100
|-ability|p2a: Ting-Lu|Vessel of Ruin
|
|upkeep
|turn|7
|
|t:|1779659976
|switch|p2a: Skeledirge|Skeledirge, F|96/100
|move|p1a: Cinderace|U-turn|p2a: Skeledirge
|-start|p1a: Cinderace|typechange|Bug|[from] ability: Libero
|-resisted|p2a: Skeledirge
|-crit|p2a: Skeledirge
|-damage|p2a: Skeledirge|84/100
|
|t:|1779659978
|switch|p1a: Crawdaunt|Crawdaunt, F|100/100|[from] U-turn
|
|upkeep
|turn|8
|inactive|ikthoizzykil has 120 seconds left.
|
|t:|1779660026
|switch|p2a: Corviknight|Corviknight, M|100/100
|-ability|p2a: Corviknight|Pressure
|move|p1a: Crawdaunt|Knock Off|p2a: Corviknight
|-damage|p2a: Corviknight|33/100
|-damage|p1a: Crawdaunt|84/100|[from] item: Rocky Helmet|[of] p2a: Corviknight
|-enditem|p2a: Corviknight|Rocky Helmet|[from] move: Knock Off|[of] p1a: Crawdaunt
|-damage|p1a: Crawdaunt|74/100|[from] item: Life Orb
|
|upkeep
|turn|9
|
|t:|1779660037
|move|p2a: Corviknight|Roost|p2a: Corviknight
|-heal|p2a: Corviknight|83/100
|-singleturn|p2a: Corviknight|move: Roost
|move|p1a: Crawdaunt|Liquidation|p2a: Corviknight
|-damage|p2a: Corviknight|29/100
|-damage|p1a: Crawdaunt|65/100|[from] item: Life Orb
|
|upkeep
|turn|10
|
|t:|1779660044
|move|p1a: Crawdaunt|Aqua Jet|p2a: Corviknight
|-damage|p2a: Corviknight|3/100
|-damage|p1a: Crawdaunt|55/100|[from] item: Life Orb
|move|p2a: Corviknight|Roost|p2a: Corviknight
|-heal|p2a: Corviknight|53/100
|-singleturn|p2a: Corviknight|move: Roost
|
|upkeep
|turn|11
|
|t:|1779660055
|move|p2a: Corviknight|Roost|p2a: Corviknight
|-heal|p2a: Corviknight|100/100
|-singleturn|p2a: Corviknight|move: Roost
|move|p1a: Crawdaunt|Swords Dance|p1a: Crawdaunt
|-boost|p1a: Crawdaunt|atk|2
|
|upkeep
|turn|12
|inactive|ikthoizzykil has 120 seconds left.
|
|t:|1779660068
|switch|p2a: Rillaboom|Rillaboom, F|100/100
|-fieldstart|move: Grassy Terrain|[from] ability: Grassy Surge|[of] p2a: Rillaboom
|move|p1a: Crawdaunt|Liquidation|p2a: Rillaboom
|-resisted|p2a: Rillaboom
|-damage|p2a: Rillaboom|17/100
|-unboost|p2a: Rillaboom|def|1
|-damage|p1a: Crawdaunt|45/100|[from] item: Life Orb
|
|-heal|p2a: Rillaboom|23/100|[from] Grassy Terrain
|-heal|p1a: Crawdaunt|51/100|[from] Grassy Terrain
|upkeep
|turn|13
|inactive|ikthoizzykil has 120 seconds left.
|
|t:|1779660085
|-terastallize|p1a: Crawdaunt|Steel
|move|p2a: Rillaboom|Grassy Glide|p1a: Crawdaunt
|-resisted|p1a: Crawdaunt
|-damage|p1a: Crawdaunt|18/100
|-damage|p2a: Rillaboom|13/100|[from] item: Life Orb
|move|p1a: Crawdaunt|Aqua Jet|p2a: Rillaboom
|-resisted|p2a: Rillaboom
|-damage|p2a: Rillaboom|0 fnt
|faint|p2a: Rillaboom
|-damage|p1a: Crawdaunt|8/100|[from] item: Life Orb
|
|-heal|p1a: Crawdaunt|14/100|[from] Grassy Terrain
|upkeep
|
|t:|1779660104
|switch|p2a: Corviknight|Corviknight, M|100/100
|-ability|p2a: Corviknight|Pressure
|turn|14
|
|t:|1779660108
|move|p2a: Corviknight|Brave Bird|p1a: Crawdaunt
|-resisted|p1a: Crawdaunt
|-damage|p1a: Crawdaunt|0 fnt
|faint|p1a: Crawdaunt
|-damage|p2a: Corviknight|97/100|[from] Recoil
|
|upkeep
|
|t:|1779660115
|switch|p1a: Cinderace|Cinderace, F|51/100
|turn|15
|
|t:|1779660118
|switch|p2a: Skeledirge|Skeledirge, F|84/100
|move|p1a: Cinderace|Pyro Ball|p2a: Skeledirge
|-resisted|p2a: Skeledirge
|-damage|p2a: Skeledirge|57/100
|
|-heal|p1a: Cinderace|57/100|[from] Grassy Terrain
|-heal|p2a: Skeledirge|64/100|[from] Grassy Terrain
|upkeep
|turn|16
|
|t:|1779660129
|move|p1a: Cinderace|Court Change||[still]
|-start|p1a: Cinderace|typechange|Normal|[from] ability: Libero
|-fail|p1a: Cinderace
|move|p2a: Skeledirge|Slack Off|p2a: Skeledirge
|-heal|p2a: Skeledirge|100/100
|
|-heal|p1a: Cinderace|63/100|[from] Grassy Terrain
|-fieldend|move: Grassy Terrain
|upkeep
|turn|17
|
|t:|1779660137
|move|p1a: Cinderace|U-turn|p2a: Skeledirge
|-resisted|p2a: Skeledirge
|-damage|p2a: Skeledirge|95/100
|
|t:|1779660139
|switch|p1a: Darkrai|Darkrai|60/100|[from] U-turn
|move|p2a: Skeledirge|Torch Song|p1a: Darkrai
|-damage|p1a: Darkrai|19/100
|-boost|p2a: Skeledirge|spa|1
|
|upkeep
|turn|18
|
|t:|1779660147
|switch|p2a: Ting-Lu|Ting-Lu|100/100
|-ability|p2a: Ting-Lu|Vessel of Ruin
|move|p1a: Darkrai|Dark Pulse|p2a: Ting-Lu
|-resisted|p2a: Ting-Lu
|-damage|p2a: Ting-Lu|91/100
|
|-heal|p2a: Ting-Lu|97/100|[from] item: Leftovers
|upkeep
|turn|19
|
|t:|1779660162
|switch|p1a: Cinderace|Cinderace, F|63/100
|switch|p2a: Slaking|Slaking, M|100/100
|
|upkeep
|turn|20
|
|t:|1779660167
|switch|p2a: Skeledirge|Skeledirge, F|95/100
|move|p1a: Cinderace|Low Kick|p2a: Skeledirge
|-start|p1a: Cinderace|typechange|Fighting|[from] ability: Libero
|-immune|p2a: Skeledirge
|
|upkeep
|turn|21
|
|t:|1779660174
|move|p1a: Cinderace|U-turn|p2a: Skeledirge
|-resisted|p2a: Skeledirge
|-damage|p2a: Skeledirge|90/100
|
|t:|1779660175
|switch|p1a: Darkrai|Darkrai|19/100|[from] U-turn
|move|p2a: Skeledirge|Torch Song|p1a: Darkrai
|-damage|p1a: Darkrai|0 fnt
|-boost|p2a: Skeledirge|spa|1
|faint|p1a: Darkrai
|
|upkeep
|
|t:|1779660177
|switch|p1a: Slowking|Slowking-Galar, F|100/100
|turn|22
|
|t:|1779660185
|move|p2a: Skeledirge|Will-O-Wisp|p1a: Slowking
|-status|p1a: Slowking|brn
|move|p1a: Slowking|Thunder Wave|p2a: Skeledirge
|-status|p2a: Skeledirge|par
|
|-damage|p1a: Slowking|94/100 brn|[from] brn
|upkeep
|turn|23
|
|t:|1779660192
|move|p2a: Skeledirge|Hex|p1a: Slowking
|-supereffective|p1a: Slowking
|-damage|p1a: Slowking|9/100 brn
|-prepare|p1a: Slowking|Chilly Reception|[premajor]
|move|p1a: Slowking|Chilly Reception|p1a: Slowking
|-weather|Snowscape
|
|t:|1779660198
|switch|p1a: Kyurem|Kyurem|100/100|[from] Chilly Reception
|-ability|p1a: Kyurem|Pressure
|
|-weather|Snowscape|[upkeep]
|upkeep
|turn|24
|
|t:|1779660209
|switch|p2a: Slaking|Slaking, M|100/100
|move|p1a: Kyurem|Draco Meteor|p2a: Slaking
|-damage|p2a: Slaking|42/100
|-unboost|p1a: Kyurem|spa|2
|
|-weather|Snowscape|[upkeep]
|upkeep
|turn|25
|
|t:|1779660216
|switch|p1a: Cinderace|Cinderace, F|63/100
|move|p2a: Slaking|Drain Punch|p1a: Cinderace
|-damage|p1a: Cinderace|20/100
|-heal|p2a: Slaking|55/100|[from] drain|[of] p1a: Cinderace
|
|-weather|Snowscape|[upkeep]
|upkeep
|turn|26
|
|t:|1779660223
|switch|p2a: Skeledirge|Skeledirge, F|90/100 par
|move|p1a: Cinderace|U-turn|p2a: Skeledirge
|-start|p1a: Cinderace|typechange|Bug|[from] ability: Libero
|-resisted|p2a: Skeledirge
|-crit|p2a: Skeledirge
|-damage|p2a: Skeledirge|78/100 par
|
|t:|1779660225
|switch|p1a: Slowking|Slowking-Galar, F|42/100 brn|[from] U-turn
|
|-weather|Snowscape|[upkeep]
|-damage|p1a: Slowking|36/100 brn|[from] brn
|upkeep
|turn|27
|
|t:|1779660237
|cant|p2a: Skeledirge|par
|-prepare|p1a: Slowking|Chilly Reception|[premajor]
|move|p1a: Slowking|Chilly Reception|p1a: Slowking
|
|t:|1779660240
|switch|p1a: Kyurem|Kyurem|100/100|[from] Chilly Reception
|-ability|p1a: Kyurem|Pressure
|
|-weather|none
|upkeep
|turn|28
|
|t:|1779660246
|switch|p2a: Corviknight|Corviknight, M|97/100
|-ability|p2a: Corviknight|Pressure
|move|p1a: Kyurem|Draco Meteor|p2a: Corviknight
|-resisted|p2a: Corviknight
|-damage|p2a: Corviknight|59/100
|-unboost|p1a: Kyurem|spa|2
|
|upkeep
|turn|29
|
|t:|1779660255
|switch|p1a: Slowking|Slowking-Galar, F|70/100 brn
|move|p2a: Corviknight|Bulk Up|p2a: Corviknight
|-boost|p2a: Corviknight|atk|1
|-boost|p2a: Corviknight|def|1
|
|-damage|p1a: Slowking|63/100 brn|[from] brn
|upkeep
|turn|30
|
|t:|1779660262
|switch|p2a: Skeledirge|Skeledirge, F|78/100 par
|-prepare|p1a: Slowking|Chilly Reception|[premajor]
|move|p1a: Slowking|Chilly Reception|p1a: Slowking
|-weather|Snowscape
|
|t:|1779660264
|switch|p1a: Kyurem|Kyurem|100/100|[from] Chilly Reception
|-ability|p1a: Kyurem|Pressure
|
|-weather|Snowscape|[upkeep]
|upkeep
|turn|31
|
|t:|1779660272
|switch|p2a: Corviknight|Corviknight, M|59/100
|-ability|p2a: Corviknight|Pressure
|move|p1a: Kyurem|Draco Meteor|p2a: Corviknight
|-resisted|p2a: Corviknight
|-damage|p2a: Corviknight|21/100
|-unboost|p1a: Kyurem|spa|2
|
|-weather|Snowscape|[upkeep]
|upkeep
|turn|32
|
|t:|1779660281
|switch|p2a: Alomomola|Alomomola, M|100/100
|move|p1a: Kyurem|Draco Meteor|p2a: Alomomola
|-damage|p2a: Alomomola|44/100
|-unboost|p1a: Kyurem|spa|2
|
|-weather|Snowscape|[upkeep]
|upkeep
|turn|33
|
|t:|1779660288
|switch|p1a: Slowking|Slowking-Galar, F|97/100 brn
|move|p2a: Alomomola|Wish|p2a: Alomomola
|
|-weather|Snowscape|[upkeep]
|-damage|p1a: Slowking|91/100 brn|[from] brn
|upkeep
|turn|34
|
|t:|1779660293
|move|p2a: Alomomola|Flip Turn|p1a: Slowking
|-damage|p1a: Slowking|73/100 brn
|
|t:|1779660297
|switch|p2a: Slaking|Slaking, M|55/100|[from] Flip Turn
|move|p1a: Slowking|Thunder Wave|p2a: Slaking
|-status|p2a: Slaking|par
|
|-weather|none
|-heal|p2a: Slaking|100/100 par|[from] move: Wish|[wisher] Alomomola
|-damage|p1a: Slowking|67/100 brn|[from] brn
|upkeep
|turn|35
|
|t:|1779660306
|switch|p1a: Cinderace|Cinderace, F|20/100
|move|p2a: Slaking|Facade|p1a: Cinderace
|-damage|p1a: Cinderace|0 fnt
|faint|p1a: Cinderace
|
|upkeep
|
|t:|1779660308
|switch|p1a: Slowking|Slowking-Galar, F|99/100 brn
|turn|36
|
|t:|1779660313
|cant|p2a: Slaking|ability: Truant
|-prepare|p1a: Slowking|Chilly Reception|[premajor]
|move|p1a: Slowking|Chilly Reception|p1a: Slowking
|-weather|Snowscape
|
|t:|1779660315
|switch|p1a: Kyurem|Kyurem|100/100|[from] Chilly Reception
|-ability|p1a: Kyurem|Pressure
|
|-weather|Snowscape|[upkeep]
|upkeep
|turn|37
|
|t:|1779660329
|move|p1a: Kyurem|Blizzard|p2a: Slaking
|-damage|p2a: Slaking|53/100 par
|move|p2a: Slaking|Drain Punch|p1a: Kyurem
|-supereffective|p1a: Kyurem
|-damage|p1a: Kyurem|64/100
|-heal|p2a: Slaking|67/100 par|[from] drain|[of] p1a: Kyurem
|
|-weather|Snowscape|[upkeep]
|upkeep
|turn|38
|
|t:|1779660339
|switch|p2a: Skeledirge|Skeledirge, F|78/100 par
|move|p1a: Kyurem|Blizzard|p2a: Skeledirge
|-resisted|p2a: Skeledirge
|-damage|p2a: Skeledirge|46/100 par
|
|-weather|Snowscape|[upkeep]
|upkeep
|turn|39
|
|t:|1779660348
|move|p1a: Kyurem|Blizzard|p2a: Skeledirge
|-resisted|p2a: Skeledirge
|-damage|p2a: Skeledirge|17/100 par
|move|p2a: Skeledirge|Slack Off|p2a: Skeledirge
|-heal|p2a: Skeledirge|67/100 par
|
|-weather|Snowscape|[upkeep]
|upkeep
|turn|40
|
|t:|1779660354
|move|p1a: Kyurem|Blizzard|p2a: Skeledirge
|-resisted|p2a: Skeledirge
|-damage|p2a: Skeledirge|37/100 par
|move|p2a: Skeledirge|Slack Off|p2a: Skeledirge
|-heal|p2a: Skeledirge|88/100 par
|
|-weather|none
|upkeep
|turn|41
|
|t:|1779660364
|switch|p1a: Slowking|Slowking-Galar, F|100/100 brn
|move|p2a: Skeledirge|Torch Song|p1a: Slowking
|-crit|p1a: Slowking
|-damage|p1a: Slowking|72/100 brn
|-boost|p2a: Skeledirge|spa|1
|
|-damage|p1a: Slowking|66/100 brn|[from] brn
|upkeep
|turn|42
|
|t:|1779660372
|move|p2a: Skeledirge|Hex|p1a: Slowking
|-supereffective|p1a: Slowking
|-damage|p1a: Slowking|0 fnt
|faint|p1a: Slowking
|
|upkeep
|
|t:|1779660374
|switch|p1a: Kyurem|Kyurem|64/100
|-ability|p1a: Kyurem|Pressure
|turn|43
|
|t:|1779660387
|switch|p2a: Corviknight|Corviknight, M|21/100
|-ability|p2a: Corviknight|Pressure
|move|p1a: Kyurem|Draco Meteor|p2a: Corviknight
|-resisted|p2a: Corviknight
|-damage|p2a: Corviknight|0 fnt
|-unboost|p1a: Kyurem|spa|2
|faint|p2a: Corviknight
|
|upkeep
|
|t:|1779660398
|switch|p2a: Ting-Lu|Ting-Lu|97/100
|-ability|p2a: Ting-Lu|Vessel of Ruin
|turn|44
|
|t:|1779660403
|-activate|p1a: Kyurem|move: Struggle
|move|p1a: Kyurem|Struggle|p2a: Ting-Lu
|-damage|p2a: Ting-Lu|91/100
|-damage|p1a: Kyurem|39/100|[from] recoil
|move|p2a: Ting-Lu|Stealth Rock|p1a: Kyurem
|-sidestart|p1: koyuuuuuuuuuu|move: Stealth Rock
|
|-heal|p2a: Ting-Lu|97/100|[from] item: Leftovers
|upkeep
|turn|45
|
|t:|1779660410
|switch|p1a: Ceruledge|Ceruledge, F|100/100
|-damage|p1a: Ceruledge|76/100|[from] Stealth Rock
|move|p2a: Ting-Lu|Spikes|p1a: Ceruledge
|-sidestart|p1: koyuuuuuuuuuu|Spikes
|
|-heal|p2a: Ting-Lu|100/100|[from] item: Leftovers
|upkeep
|turn|46
|
|t:|1779660417
|move|p1a: Ceruledge|Swords Dance|p1a: Ceruledge
|-boost|p1a: Ceruledge|atk|2
|move|p2a: Ting-Lu|Whirlwind|p1a: Ceruledge
|drag|p1a: Kyurem|Kyurem|39/100
|-damage|p1a: Kyurem|14/100|[from] Stealth Rock
|-damage|p1a: Kyurem|2/100|[from] Spikes
|-ability|p1a: Kyurem|Pressure
|
|upkeep
|turn|47
|
|t:|1779660426
|switch|p2a: Skeledirge|Skeledirge, F|88/100 par
|move|p1a: Kyurem|Blizzard|p2a: Skeledirge
|-resisted|p2a: Skeledirge
|-damage|p2a: Skeledirge|58/100 par
|
|upkeep
|turn|48
|
|t:|1779660432
|move|p1a: Kyurem|Blizzard|p2a: Skeledirge
|-resisted|p2a: Skeledirge
|-damage|p2a: Skeledirge|26/100 par
|move|p2a: Skeledirge|Slack Off|p2a: Skeledirge
|-heal|p2a: Skeledirge|76/100 par
|
|upkeep
|turn|49
|
|t:|1779660438
|move|p1a: Kyurem|Blizzard|p2a: Skeledirge|[miss]
|-miss|p1a: Kyurem|p2a: Skeledirge
|move|p2a: Skeledirge|Slack Off|p2a: Skeledirge
|-heal|p2a: Skeledirge|100/100 par
|
|upkeep
|turn|50
|
|t:|1779660445
|move|p1a: Kyurem|Blizzard|p2a: Skeledirge
|-resisted|p2a: Skeledirge
|-damage|p2a: Skeledirge|71/100 par
|move|p2a: Skeledirge|Torch Song|p1a: Kyurem
|-crit|p1a: Kyurem
|-damage|p1a: Kyurem|0 fnt
|-boost|p2a: Skeledirge|spa|1
|faint|p1a: Kyurem
|
|upkeep
|
|t:|1779660447
|switch|p1a: Ceruledge|Ceruledge, F|76/100
|-damage|p1a: Ceruledge|51/100|[from] Stealth Rock
|-damage|p1a: Ceruledge|39/100|[from] Spikes
|turn|51
|
|t:|1779660457
|move|p1a: Ceruledge|Poltergeist|p2a: Skeledirge
|-activate|p2a: Skeledirge|move: Poltergeist|Covert Cloak
|-supereffective|p2a: Skeledirge
|-damage|p2a: Skeledirge|0 fnt
|faint|p2a: Skeledirge
|
|upkeep
|
|t:|1779660462
|switch|p2a: Slaking|Slaking, M|67/100 par
|turn|52
|
|t:|1779660464
|move|p1a: Ceruledge|Bitter Blade|p2a: Slaking
|-damage|p2a: Slaking|34/100 par
|-heal|p1a: Ceruledge|68/100|[from] drain|[of] p2a: Slaking
|move|p2a: Slaking|Knock Off|p1a: Ceruledge
|-supereffective|p1a: Ceruledge
|-damage|p1a: Ceruledge|0 fnt
|-enditem|p1a: Ceruledge|Focus Sash|[from] move: Knock Off|[of] p2a: Slaking
|faint|p1a: Ceruledge
|
|win|ikthoizzykil
|raw|koyuuuuuuuuuu's rating: 1432 &rarr; <strong>1409</strong><br />(-23 for losing)
|raw|ikthoizzykil's rating: 1381 &rarr; <strong>1404</strong><br />(+23 for winning)
|l|☆koyuuuuuuuuuu
|player|p1|
|l|☆ikthoizzykil
|player|p2|
