|j|☆trifling matter
|j|☆Pakas123
|t:|1779599484
|gametype|singles
|player|p1|trifling matter|ltsurge|1217
|player|p2|Pakas123|schoolkid|1209
|gen|9
|tier|[Gen 9] OU
|rated|
|rule|HP Percentage Mod: HP is shown in percentages
|rule|Endless Battle Clause: Forcing endless battles is banned
|rule|Species Clause: Limit one of each Pokémon
|rule|OHKO Clause: OHKO moves are banned
|rule|Evasion Items Clause: Evasion items are banned
|rule|Evasion Moves Clause: Evasion moves are banned
|rule|Evasion Abilities Clause: Evasion abilities are banned
|rule|Sleep Moves Clause: Sleep-inducing moves are banned
|clearpoke
|poke|p1|Pincurchin, M|
|poke|p1|Regieleki|
|poke|p1|Hawlucha, F|
|poke|p1|Iron Valiant|
|poke|p1|Iron Moth|
|poke|p1|Ogerpon-Wellspring, F|
|poke|p2|Poliwrath, M|
|poke|p2|Zapdos|
|poke|p2|Great Tusk|
|poke|p2|Pelipper, M|
|poke|p2|Barraskewda, M|
|poke|p2|Kingambit, M|
|teampreview
|inactive|Battle timer is ON: inactive players will automatically lose when time's up. (requested by Pakas123)
|
|t:|1779599508
|teamsize|p1|6
|teamsize|p2|6
|start
|switch|p1a: help i'm a rock|Pincurchin, M|100/100
|switch|p2a: Great Tusk|Great Tusk|100/100
|-fieldstart|move: Electric Terrain|[from] ability: Electric Surge|[of] p1a: help i'm a rock
|turn|1
|
|t:|1779599515
|switch|p1a: willie the pimp|Hawlucha, F|100/100
|-enditem|p1a: willie the pimp|Electric Seed
|-boost|p1a: willie the pimp|def|1|[from] item: Electric Seed
|move|p2a: Great Tusk|Stealth Rock|p1a: willie the pimp
|-sidestart|p1: trifling matter|move: Stealth Rock
|
|upkeep
|turn|2
|
|t:|1779599526
|-end|p2a: Great Tusk|Protosynthesis|[silent]
|switch|p2a: Pelipper|Pelipper, M|100/100
|-weather|RainDance|[from] ability: Drizzle|[of] p2a: Pelipper
|move|p1a: willie the pimp|Swords Dance|p1a: willie the pimp
|-boost|p1a: willie the pimp|atk|2
|
|-weather|RainDance|[upkeep]
|upkeep
|turn|3
|
|t:|1779599537
|-terastallize|p1a: willie the pimp|Steel
|move|p1a: willie the pimp|Swords Dance|p1a: willie the pimp
|-boost|p1a: willie the pimp|atk|2
|move|p2a: Pelipper|Hurricane|p1a: willie the pimp
|-resisted|p1a: willie the pimp
|-crit|p1a: willie the pimp
|-damage|p1a: willie the pimp|58/100
|-start|p1a: willie the pimp|confusion
|
|-weather|RainDance|[upkeep]
|upkeep
|turn|4
|
|t:|1779599546
|-activate|p1a: willie the pimp|confusion
|move|p1a: willie the pimp|Acrobatics|p2a: Pelipper
|-damage|p2a: Pelipper|0 fnt
|faint|p2a: Pelipper
|
|-weather|RainDance|[upkeep]
|upkeep
|
|t:|1779599554
|switch|p2a: Poliwrath|Poliwrath, M, shiny|100/100
|turn|5
|
|t:|1779599557
|-terastallize|p2a: Poliwrath|Water
|-activate|p1a: willie the pimp|confusion
|-damage|p1a: willie the pimp|27/100|[from] confusion
|move|p2a: Poliwrath|Belly Drum|p2a: Poliwrath
|-damage|p2a: Poliwrath|50/100
|-setboost|p2a: Poliwrath|atk|6|[from] move: Belly Drum
|-enditem|p2a: Poliwrath|Sitrus Berry|[eat]
|-heal|p2a: Poliwrath|75/100|[from] item: Sitrus Berry
|
|-weather|RainDance|[upkeep]
|upkeep
|turn|6
|
|t:|1779599568
|-activate|p1a: willie the pimp|confusion
|-damage|p1a: willie the pimp|0 fnt|[from] confusion
|faint|p1a: willie the pimp
|move|p2a: Poliwrath|Drain Punch|p1: willie the pimp|[notarget]
|-fail|p2a: Poliwrath
|
|-weather|RainDance|[upkeep]
|upkeep
|
|t:|1779599579
|switch|p1a: g-spot tornado|Regieleki|100/100
|-damage|p1a: g-spot tornado|88/100|[from] Stealth Rock
|-enditem|p1a: g-spot tornado|Electric Seed
|-boost|p1a: g-spot tornado|def|1|[from] item: Electric Seed
|turn|7
|
|t:|1779599586
|move|p2a: Poliwrath|Drain Punch|p1a: g-spot tornado
|-damage|p1a: g-spot tornado|0 fnt
|-heal|p2a: Poliwrath|100/100|[from] drain|[of] p1a: g-spot tornado
|faint|p1a: g-spot tornado
|
|-weather|RainDance|[upkeep]
|upkeep
|
|t:|1779599592
|switch|p1a: jewish princess|Iron Valiant|100/100
|-damage|p1a: jewish princess|94/100|[from] Stealth Rock
|-activate|p1a: jewish princess|ability: Quark Drive
|-start|p1a: jewish princess|quarkdrivespe
|turn|8
|
|t:|1779599607
|move|p1a: jewish princess|Thunderbolt|p2a: Poliwrath
|-supereffective|p2a: Poliwrath
|-damage|p2a: Poliwrath|9/100
|move|p2a: Poliwrath|Liquidation|p1a: jewish princess
|-damage|p1a: jewish princess|0 fnt
|faint|p1a: jewish princess
|-end|p1a: jewish princess|Quark Drive|[silent]
|
|-weather|RainDance|[upkeep]
|-fieldend|move: Electric Terrain
|upkeep
|l|☆trifling matter
|inactive|trifling matter disconnected and has a minute to reconnect!
|player|p1|
|inactive|trifling matter has 30 seconds to reconnect!
|inactive|trifling matter has 20 seconds to reconnect!
|inactive|trifling matter has 15 seconds to reconnect!
|inactive|trifling matter has 10 seconds to reconnect!
|inactive|trifling matter has 5 seconds to reconnect!
|-message|trifling matter lost due to inactivity.
|
|win|Pakas123
|raw|trifling matter's rating: 1217 &rarr; <strong>1191</strong><br />(-26 for losing)
|raw|Pakas123's rating: 1209 &rarr; <strong>1235</strong><br />(+26 for winning)
|l|☆Pakas123
|player|p2|
