|j|☆SGA4MVP23
|j|☆RaichuFan1534
|t:|1779629609
|gametype|singles
|player|p1|SGA4MVP23|marshal|1390
|player|p2|RaichuFan1534|170|1352
|gen|9
|tier|[Gen 9] OU
|rated|
|rule|HP Percentage Mod: HP is shown in percentages
|rule|Endless Battle Clause: Forcing endless battles is banned
|rule|Species Clause: Limit one of each Pokémon
|rule|OHKO Clause: OHKO moves are banned
|rule|Evasion Items Clause: Evasion items are banned
|rule|Evasion Moves Clause: Evasion moves are banned
|rule|Evasion Abilities Clause: Evasion abilities are banned
|rule|Sleep Moves Clause: Sleep-inducing moves are banned
|clearpoke
|poke|p1|Alomomola, M|
|poke|p1|Glimmora, F|
|poke|p1|Great Tusk|
|poke|p1|Raging Bolt|
|poke|p1|Tyranitar, M|
|poke|p1|Ogerpon-Wellspring, F|
|poke|p2|Regieleki|
|poke|p2|Latios, M|
|poke|p2|Krookodile, F|
|poke|p2|Heatran, M|
|poke|p2|Corviknight, F|
|poke|p2|Iron Valiant|
|teampreview
|inactive|Battle timer is ON: inactive players will automatically lose when time's up. (requested by RaichuFan1534)
|
|t:|1779629629
|teamsize|p1|6
|teamsize|p2|6
|start
|switch|p1a: Glimmora|Glimmora, F|100/100
|switch|p2a: Latios|Latios, M, shiny|100/100
|turn|1
|
|t:|1779629638
|move|p2a: Latios|Luster Purge|p1a: Glimmora
|-supereffective|p1a: Glimmora
|-enditem|p1a: Glimmora|Focus Sash
|-damage|p1a: Glimmora|1/100
|-unboost|p1a: Glimmora|spd|1
|move|p1a: Glimmora|Mortal Spin|p2a: Latios
|-damage|p2a: Latios|92/100
|-status|p2a: Latios|psn
|
|-damage|p2a: Latios|79/100 psn|[from] psn
|upkeep
|turn|2
|
|t:|1779629643
|switch|p1a: Tyranitar|Tyranitar, M|100/100
|-weather|Sandstorm|[from] ability: Sand Stream|[of] p1a: Tyranitar
|move|p2a: Latios|Luster Purge|p1a: Tyranitar
|-immune|p1a: Tyranitar
|
|-weather|Sandstorm|[upkeep]
|-damage|p2a: Latios|73/100 psn|[from] Sandstorm
|-damage|p2a: Latios|61/100 psn|[from] psn
|upkeep
|turn|3
|
|t:|1779629650
|switch|p2a: Krookodile|Krookodile, F|100/100
|move|p1a: Tyranitar|Knock Off|p2a: Krookodile
|-resisted|p2a: Krookodile
|-damage|p2a: Krookodile|69/100
|-enditem|p2a: Krookodile|Choice Scarf|[from] move: Knock Off|[of] p1a: Tyranitar
|
|-weather|Sandstorm|[upkeep]
|upkeep
|turn|4
|
|t:|1779629658
|switch|p1a: Alomomola|Alomomola, M|100/100
|move|p2a: Krookodile|Close Combat|p1a: Alomomola
|-damage|p1a: Alomomola|79/100
|-unboost|p2a: Krookodile|def|1
|-unboost|p2a: Krookodile|spd|1
|
|-weather|Sandstorm|[upkeep]
|-damage|p1a: Alomomola|73/100|[from] Sandstorm
|upkeep
|turn|5
|
|t:|1779629672
|switch|p2a: Latios|Latios, M, shiny|61/100 psn
|move|p1a: Alomomola|Flip Turn|p2a: Latios
|-resisted|p2a: Latios
|-damage|p2a: Latios|51/100 psn
|l|☆SGA4MVP23
|inactive|SGA4MVP23 disconnected and has a minute to reconnect!
|player|p1|
|j|☆SGA4MVP23
|inactive|SGA4MVP23 reconnected and has 115 seconds left.
|player|p1|SGA4MVP23|marshal|
|
|t:|1779629711
|switch|p1a: Tyranitar|Tyranitar, M|100/100|[from] Flip Turn
|
|-weather|Sandstorm|[upkeep]
|-damage|p2a: Latios|45/100 psn|[from] Sandstorm
|-damage|p2a: Latios|32/100 psn|[from] psn
|upkeep
|turn|6
|
|t:|1779629723
|move|p2a: Latios|Flip Turn|p1a: Tyranitar
|-supereffective|p1a: Tyranitar
|-damage|p1a: Tyranitar|82/100
|
|t:|1779629727
|switch|p2a: Krookodile|Krookodile, F|69/100|[from] Flip Turn
|move|p1a: Tyranitar|Ice Punch|p2a: Krookodile
|-supereffective|p2a: Krookodile
|-damage|p2a: Krookodile|11/100
|
|-weather|none
|upkeep
|turn|7
|
|t:|1779629738
|switch|p1a: Alomomola|Alomomola, M|100/100
|move|p2a: Krookodile|Earthquake|p1a: Alomomola
|-damage|p1a: Alomomola|76/100
|
|upkeep
|turn|8
|inactive|SGA4MVP23 has 120 seconds left.
|l|☆SGA4MVP23
|inactive|SGA4MVP23 disconnected and has a minute to reconnect!
|player|p1|
|inactive|SGA4MVP23 has 30 seconds to reconnect!
|j|☆SGA4MVP23
|inactive|SGA4MVP23 reconnected and has 85 seconds left.
|player|p1|SGA4MVP23|marshal|
|
|t:|1779629803
|move|p2a: Krookodile|Knock Off|p1a: Alomomola
|-damage|p1a: Alomomola|52/100
|-enditem|p1a: Alomomola|Heavy-Duty Boots|[from] move: Knock Off|[of] p2a: Krookodile
|move|p1a: Alomomola|Scald|p2a: Krookodile
|-supereffective|p2a: Krookodile
|-damage|p2a: Krookodile|0 fnt
|faint|p2a: Krookodile
|
|upkeep
|-message|RaichuFan1534 forfeited.
|
|win|SGA4MVP23
|raw|SGA4MVP23's rating: 1390 &rarr; <strong>1408</strong><br />(+18 for winning)
|raw|RaichuFan1534's rating: 1352 &rarr; <strong>1334</strong><br />(-18 for losing)
|l|☆RaichuFan1534
|player|p2|
|l|☆SGA4MVP23
|player|p1|
