|j|☆FitzyLegend
|j|☆athrel
|t:|1779685652
|gametype|singles
|player|p1|FitzyLegend|hilbert|1365
|player|p2|athrel|102|1368
|gen|9
|tier|[Gen 9] OU
|rated|
|rule|HP Percentage Mod: HP is shown in percentages
|rule|Endless Battle Clause: Forcing endless battles is banned
|rule|Species Clause: Limit one of each Pokémon
|rule|OHKO Clause: OHKO moves are banned
|rule|Evasion Items Clause: Evasion items are banned
|rule|Evasion Moves Clause: Evasion moves are banned
|rule|Evasion Abilities Clause: Evasion abilities are banned
|rule|Sleep Moves Clause: Sleep-inducing moves are banned
|clearpoke
|poke|p1|Hawlucha, M|
|poke|p1|Maushold-Four|
|poke|p1|Iron Valiant|
|poke|p1|Samurott-Hisui, M|
|poke|p1|Serperior, M|
|poke|p1|Gliscor, M|
|poke|p2|Kyurem|
|poke|p2|Araquanid, M|
|poke|p2|Ceruledge, M|
|poke|p2|Rillaboom, F|
|poke|p2|Gholdengo|
|poke|p2|Iron Treads|
|teampreview
|inactive|Battle timer is ON: inactive players will automatically lose when time's up. (requested by FitzyLegend)
|
|t:|1779685668
|teamsize|p1|6
|teamsize|p2|6
|start
|switch|p1a: Serperior|Serperior, M|100/100
|switch|p2a: Gholdengo|Gholdengo|100/100
|turn|1
|
|t:|1779685678
|move|p2a: Gholdengo|Trick|p1a: Serperior
|-activate|p2a: Gholdengo|move: Trick|[of] p1a: Serperior
|-item|p1a: Serperior|Choice Scarf|[from] move: Trick
|-item|p2a: Gholdengo|Leftovers|[from] move: Trick
|move|p1a: Serperior|Leaf Storm|p2a: Gholdengo
|-resisted|p2a: Gholdengo
|-damage|p2a: Gholdengo|73/100
|-boost|p1a: Serperior|spa|2
|
|-heal|p2a: Gholdengo|79/100|[from] item: Leftovers
|upkeep
|turn|2
|
|t:|1779685691
|move|p1a: Serperior|Leaf Storm|p2a: Gholdengo
|-resisted|p2a: Gholdengo
|-damage|p2a: Gholdengo|23/100
|-boost|p1a: Serperior|spa|2
|move|p2a: Gholdengo|Make It Rain|p1a: Serperior
|-damage|p1a: Serperior|20/100
|-unboost|p2a: Gholdengo|spa|1
|
|-heal|p2a: Gholdengo|29/100|[from] item: Leftovers
|upkeep
|turn|3
|
|t:|1779685703
|move|p1a: Serperior|Leaf Storm|p2a: Gholdengo|[miss]
|-miss|p1a: Serperior|p2a: Gholdengo
|move|p2a: Gholdengo|Make It Rain|p1a: Serperior
|-damage|p1a: Serperior|0 fnt
|-unboost|p2a: Gholdengo|spa|1
|faint|p1a: Serperior
|
|-heal|p2a: Gholdengo|35/100|[from] item: Leftovers
|upkeep
|
|t:|1779685715
|switch|p1a: Iron Valiant|Iron Valiant|100/100
|-enditem|p1a: Iron Valiant|Booster Energy
|-activate|p1a: Iron Valiant|ability: Quark Drive|[fromitem]
|-start|p1a: Iron Valiant|quarkdrivespe
|turn|4
|
|t:|1779685720
|move|p1a: Iron Valiant|Knock Off|p2a: Gholdengo
|-supereffective|p2a: Gholdengo
|-damage|p2a: Gholdengo|0 fnt
|-enditem|p2a: Gholdengo|Leftovers|[from] move: Knock Off|[of] p1a: Iron Valiant
|faint|p2a: Gholdengo
|
|upkeep
|
|t:|1779685725
|switch|p2a: Araquanid|Araquanid, M|100/100
|turn|5
|
|t:|1779685736
|move|p1a: Iron Valiant|Knock Off|p2a: Araquanid
|-damage|p2a: Araquanid|72/100
|-enditem|p2a: Araquanid|Custap Berry|[from] move: Knock Off|[of] p1a: Iron Valiant
|move|p2a: Araquanid|Liquidation|p1a: Iron Valiant
|-damage|p1a: Iron Valiant|10/100
|
|upkeep
|turn|6
|
|t:|1779685744
|move|p1a: Iron Valiant|Moonblast|p2a: Araquanid
|-damage|p2a: Araquanid|33/100
|move|p2a: Araquanid|Liquidation|p1a: Iron Valiant
|-damage|p1a: Iron Valiant|0 fnt
|faint|p1a: Iron Valiant
|-end|p1a: Iron Valiant|Quark Drive|[silent]
|
|upkeep
|
|t:|1779685771
|switch|p1a: Hawlucha|Hawlucha, M|100/100
|turn|7
|
|t:|1779685777
|move|p1a: Hawlucha|Sky Attack||[still]
|-prepare|p1a: Hawlucha|Sky Attack
|-enditem|p1a: Hawlucha|Power Herb
|-anim|p1a: Hawlucha|Sky Attack|p2a: Araquanid
|-supereffective|p2a: Araquanid
|-damage|p2a: Araquanid|0 fnt
|faint|p2a: Araquanid
|
|upkeep
|
|t:|1779685801
|switch|p2a: Ceruledge|Ceruledge, M|100/100
|turn|8
|
|t:|1779685807
|move|p1a: Hawlucha|Acrobatics|p2a: Ceruledge
|-damage|p2a: Ceruledge|33/100
|move|p2a: Ceruledge|Bitter Blade|p1a: Hawlucha
|-damage|p1a: Hawlucha|13/100
|-heal|p2a: Ceruledge|79/100|[from] drain|[of] p1a: Hawlucha
|-damage|p2a: Ceruledge|69/100|[from] item: Life Orb
|
|upkeep
|turn|9
|
|t:|1779685818
|move|p2a: Ceruledge|Shadow Sneak|p1a: Hawlucha
|-damage|p1a: Hawlucha|0 fnt
|faint|p1a: Hawlucha
|-damage|p2a: Ceruledge|59/100|[from] item: Life Orb
|
|upkeep
|
|t:|1779685826
|switch|p1a: Samurott|Samurott-Hisui, M|100/100
|turn|10
|
|t:|1779685836
|switch|p2a: Iron Treads|Iron Treads|100/100
|move|p1a: Samurott|Ceaseless Edge|p2a: Iron Treads|[miss]
|-miss|p1a: Samurott|p2a: Iron Treads
|
|upkeep
|turn|11
|
|t:|1779685843
|move|p2a: Iron Treads|Stealth Rock|p1a: Samurott
|-sidestart|p1: FitzyLegend|move: Stealth Rock
|move|p1a: Samurott|Aqua Cutter|p2a: Iron Treads
|-supereffective|p2a: Iron Treads
|-damage|p2a: Iron Treads|28/100
|
|-heal|p2a: Iron Treads|34/100|[from] item: Leftovers
|upkeep
|turn|12
|
|t:|1779685854
|move|p2a: Iron Treads|Earth Power|p1a: Samurott
|-damage|p1a: Samurott|64/100
|move|p1a: Samurott|Aqua Cutter|p2a: Iron Treads
|-supereffective|p2a: Iron Treads
|-damage|p2a: Iron Treads|0 fnt
|faint|p2a: Iron Treads
|-end|p2a: Iron Treads|Quark Drive|[silent]
|
|upkeep
|
|t:|1779685857
|switch|p2a: Rillaboom|Rillaboom, F|100/100
|-fieldstart|move: Grassy Terrain|[from] ability: Grassy Surge|[of] p2a: Rillaboom
|turn|13
|
|t:|1779685872
|switch|p1a: Gliscor|Gliscor, M|100/100
|-damage|p1a: Gliscor|88/100|[from] Stealth Rock
|move|p2a: Rillaboom|U-turn|p1a: Gliscor
|-resisted|p1a: Gliscor
|-damage|p1a: Gliscor|78/100
|
|t:|1779685880
|switch|p2a: Kyurem|Kyurem|100/100|[from] U-turn
|-ability|p2a: Kyurem|Pressure
|
|-status|p1a: Gliscor|tox|[from] item: Toxic Orb
|upkeep
|turn|14
|
|t:|1779685898
|-terastallize|p1a: Gliscor|Normal
|move|p2a: Kyurem|Freeze-Dry|p1a: Gliscor
|-damage|p1a: Gliscor|27/100 tox
|move|p1a: Gliscor|Swords Dance|p1a: Gliscor
|-boost|p1a: Gliscor|atk|2
|
|-heal|p1a: Gliscor|34/100 tox|[from] Grassy Terrain
|-heal|p1a: Gliscor|46/100 tox|[from] ability: Poison Heal
|upkeep
|turn|15
|
|t:|1779685909
|move|p1a: Gliscor|Protect|p1a: Gliscor
|-singleturn|p1a: Gliscor|Protect
|move|p2a: Kyurem|Freeze-Dry|p1a: Gliscor
|-activate|p1a: Gliscor|move: Protect
|
|-heal|p1a: Gliscor|52/100 tox|[from] Grassy Terrain
|-heal|p1a: Gliscor|65/100 tox|[from] ability: Poison Heal
|upkeep
|turn|16
|
|t:|1779685924
|move|p2a: Kyurem|Freeze-Dry|p1a: Gliscor
|-damage|p1a: Gliscor|11/100 tox
|move|p1a: Gliscor|Facade|p2a: Kyurem
|-damage|p2a: Kyurem|11/100
|
|-heal|p2a: Kyurem|17/100|[from] Grassy Terrain
|-heal|p1a: Gliscor|17/100 tox|[from] Grassy Terrain
|-heal|p1a: Gliscor|30/100 tox|[from] ability: Poison Heal
|upkeep
|turn|17
|
|t:|1779685935
|move|p1a: Gliscor|Protect|p1a: Gliscor
|-singleturn|p1a: Gliscor|Protect
|move|p2a: Kyurem|Freeze-Dry|p1a: Gliscor
|-activate|p1a: Gliscor|move: Protect
|
|-heal|p2a: Kyurem|24/100|[from] Grassy Terrain
|-heal|p1a: Gliscor|36/100 tox|[from] Grassy Terrain
|-heal|p1a: Gliscor|49/100 tox|[from] ability: Poison Heal
|-fieldend|move: Grassy Terrain
|upkeep
|turn|18
|inactive|FitzyLegend has 120 seconds left.
|
|t:|1779685961
|move|p1a: Gliscor|Protect||[still]
|-fail|p1a: Gliscor
|move|p2a: Kyurem|Freeze-Dry|p1a: Gliscor
|-damage|p1a: Gliscor|0 fnt
|faint|p1a: Gliscor
|
|upkeep
|
|t:|1779685970
|switch|p1a: Maushold|Maushold-Four|100/100
|-damage|p1a: Maushold|88/100|[from] Stealth Rock
|turn|19
|inactive|FitzyLegend has 120 seconds left.
|
|t:|1779685975
|move|p1a: Maushold|Population Bomb|p2a: Kyurem
|-damage|p2a: Kyurem|12/100
|-damage|p2a: Kyurem|2/100
|-damage|p2a: Kyurem|0 fnt
|faint|p2a: Kyurem
|-hitcount|p2: Kyurem|3
|
|upkeep
|
|t:|1779685991
|switch|p2a: Rillaboom|Rillaboom, F|100/100
|-fieldstart|move: Grassy Terrain|[from] ability: Grassy Surge|[of] p2a: Rillaboom
|turn|20
|inactive|FitzyLegend has 120 seconds left.
|
|t:|1779686006
|-terastallize|p2a: Rillaboom|Grass
|move|p2a: Rillaboom|Grassy Glide|p1a: Maushold
|-damage|p1a: Maushold|2/100
|move|p1a: Maushold|Population Bomb|p2a: Rillaboom
|-damage|p2a: Rillaboom|90/100
|-damage|p2a: Rillaboom|80/100
|-damage|p2a: Rillaboom|71/100
|-damage|p2a: Rillaboom|61/100
|-damage|p2a: Rillaboom|50/100
|-damage|p2a: Rillaboom|40/100
|-damage|p2a: Rillaboom|30/100
|-damage|p2a: Rillaboom|20/100
|-damage|p2a: Rillaboom|8/100
|-damage|p2a: Rillaboom|0 fnt
|faint|p2a: Rillaboom
|-hitcount|p2: Rillaboom|10
|
|-heal|p1a: Maushold|8/100|[from] Grassy Terrain
|upkeep
|
|t:|1779686013
|switch|p2a: Ceruledge|Ceruledge, M|59/100
|turn|21
|inactive|FitzyLegend has 120 seconds left.
|
|t:|1779686031
|move|p1a: Maushold|Crunch|p2a: Ceruledge
|-supereffective|p2a: Ceruledge
|-damage|p2a: Ceruledge|7/100
|move|p2a: Ceruledge|Bitter Blade|p1a: Maushold
|-damage|p1a: Maushold|0 fnt
|-heal|p2a: Ceruledge|11/100|[from] drain|[of] p1a: Maushold
|faint|p1a: Maushold
|-damage|p2a: Ceruledge|1/100|[from] item: Life Orb
|
|-heal|p2a: Ceruledge|7/100|[from] Grassy Terrain
|upkeep
|inactive|FitzyLegend has 120 seconds left.
|
|t:|1779686043
|switch|p1a: Samurott|Samurott-Hisui, M|64/100
|-damage|p1a: Samurott|51/100|[from] Stealth Rock
|turn|22
|
|t:|1779686047
|move|p1a: Samurott|Sucker Punch|p2a: Ceruledge
|-supereffective|p2a: Ceruledge
|-damage|p2a: Ceruledge|0 fnt
|faint|p2a: Ceruledge
|
|win|FitzyLegend
|raw|FitzyLegend's rating: 1365 &rarr; <strong>1385</strong><br />(+20 for winning)
|raw|athrel's rating: 1368 &rarr; <strong>1348</strong><br />(-20 for losing)
|l|☆athrel
|player|p2|
|l|☆FitzyLegend
|player|p1|
