|j|☆Demon from Discord
|j|☆Kwazy Kupcakes
|t:|1779682876
|gametype|singles
|player|p1|Demon from Discord|volkner|1398
|player|p2|Kwazy Kupcakes|1|1357
|gen|9
|tier|[Gen 9] OU
|rated|
|rule|HP Percentage Mod: HP is shown in percentages
|rule|Endless Battle Clause: Forcing endless battles is banned
|rule|Species Clause: Limit one of each Pokémon
|rule|OHKO Clause: OHKO moves are banned
|rule|Evasion Items Clause: Evasion items are banned
|rule|Evasion Moves Clause: Evasion moves are banned
|rule|Evasion Abilities Clause: Evasion abilities are banned
|rule|Sleep Moves Clause: Sleep-inducing moves are banned
|clearpoke
|poke|p1|Regieleki|
|poke|p1|Raging Bolt|
|poke|p1|Overqwil, M|
|poke|p1|Greninja-*, M|
|poke|p1|Pelipper, M|
|poke|p1|Iron Treads|
|poke|p2|Indeedee, M|
|poke|p2|Darkrai|
|poke|p2|Ogerpon, F|
|poke|p2|Landorus-Therian, M|
|poke|p2|Raging Bolt|
|poke|p2|Kingambit, M|
|teampreview
|inactive|Battle timer is ON: inactive players will automatically lose when time's up. (requested by Kwazy Kupcakes)
|
|t:|1779682879
|teamsize|p1|6
|teamsize|p2|6
|start
|switch|p1a: Pelipper|Pelipper, M|100/100
|switch|p2a: Indeedee|Indeedee, M|100/100
|-fieldstart|move: Psychic Terrain|[from] ability: Psychic Surge|[of] p2a: Indeedee
|-weather|RainDance|[from] ability: Drizzle|[of] p1a: Pelipper
|turn|1
|
|t:|1779682888
|switch|p1a: Greninja|Greninja, M|100/100
|move|p2a: Indeedee|Expanding Force|p1a: Greninja
|-immune|p1a: Greninja
|
|-weather|RainDance|[upkeep]
|upkeep
|turn|2
|
|t:|1779682897
|switch|p2a: Darkrai|Darkrai|100/100
|move|p1a: Greninja|Dark Pulse|p2a: Darkrai
|-resisted|p2a: Darkrai
|-damage|p2a: Darkrai|69/100
|-damage|p1a: Greninja|91/100|[from] item: Life Orb
|
|-weather|RainDance|[upkeep]
|upkeep
|turn|3
|
|t:|1779682915
|-terastallize|p1a: Greninja|Water
|move|p2a: Darkrai|Focus Blast|p1a: Greninja|[miss]
|-miss|p2a: Darkrai|p1a: Greninja
|move|p1a: Greninja|Surf|p2a: Darkrai
|-damage|p2a: Darkrai|0 fnt
|faint|p2a: Darkrai
|-ability|p1a: Greninja|Battle Bond|boost
|-boost|p1a: Greninja|atk|1
|-boost|p1a: Greninja|spa|1
|-boost|p1a: Greninja|spe|1
|-activate|p1a: Greninja|ability: Battle Bond
|-damage|p1a: Greninja|81/100|[from] item: Life Orb
|
|-weather|RainDance|[upkeep]
|upkeep
|
|t:|1779682928
|switch|p2a: Raging Bolt|Raging Bolt|100/100
|turn|4
|
|t:|1779682933
|move|p1a: Greninja|Surf|p2a: Raging Bolt
|-resisted|p2a: Raging Bolt
|-damage|p2a: Raging Bolt|54/100
|-damage|p1a: Greninja|71/100|[from] item: Life Orb
|move|p2a: Raging Bolt|Volt Switch|p1a: Greninja
|-supereffective|p1a: Greninja
|-damage|p1a: Greninja|0 fnt
|faint|p1a: Greninja
|
|t:|1779682941
|-end|p2a: Raging Bolt|Protosynthesis|[silent]
|switch|p2a: Landorus|Landorus-Therian, M|100/100|[from] Volt Switch
|
|-weather|RainDance|[upkeep]
|upkeep
|
|t:|1779682951
|switch|p1a: Pelipper|Pelipper, M|100/100
|turn|5
|
|t:|1779682957
|move|p2a: Landorus|Stone Edge|p1a: Pelipper
|-supereffective|p1a: Pelipper
|-damage|p1a: Pelipper|5/100
|move|p1a: Pelipper|Weather Ball|p2a: Landorus
|-supereffective|p2a: Landorus
|-damage|p2a: Landorus|0 fnt
|faint|p2a: Landorus
|
|-weather|RainDance|[upkeep]
|-fieldend|move: Psychic Terrain
|upkeep
|
|t:|1779682966
|switch|p2a: Indeedee|Indeedee, M|100/100
|-fieldstart|move: Psychic Terrain|[from] ability: Psychic Surge|[of] p2a: Indeedee
|turn|6
|
|t:|1779682975
|switch|p1a: Overqwil|Overqwil, M, shiny|100/100
|move|p2a: Indeedee|Dazzling Gleam|p1a: Overqwil
|-damage|p1a: Overqwil|65/100
|
|-weather|RainDance|[upkeep]
|upkeep
|turn|7
|
|t:|1779682983
|switch|p2a: Raging Bolt|Raging Bolt|54/100
|move|p1a: Overqwil|Swords Dance|p1a: Overqwil
|-boost|p1a: Overqwil|atk|2
|
|-weather|RainDance|[upkeep]
|upkeep
|turn|8
|
|t:|1779682991
|move|p1a: Overqwil|Crunch|p2a: Raging Bolt
|-damage|p2a: Raging Bolt|0 fnt
|faint|p2a: Raging Bolt
|-end|p2a: Raging Bolt|Protosynthesis|[silent]
|-damage|p1a: Overqwil|55/100|[from] item: Life Orb
|
|-weather|none
|upkeep
|
|t:|1779682998
|switch|p2a: Ogerpon|Ogerpon, F|100/100
|turn|9
|
|t:|1779683023
|-terastallize|p2a: Ogerpon|Grass
|detailschange|p2a: Ogerpon|Ogerpon-Teal-Tera, F, tera:Grass
|-ability|p2a: Ogerpon|Embody Aspect (Teal)|boost
|-boost|p2a: Ogerpon|spe|1
|move|p2a: Ogerpon|Ivy Cudgel|p1a: Overqwil
|-resisted|p1a: Overqwil
|-damage|p1a: Overqwil|17/100
|move|p1a: Overqwil|Gunk Shot|p2a: Ogerpon
|-supereffective|p2a: Ogerpon
|-enditem|p2a: Ogerpon|Focus Sash
|-damage|p2a: Ogerpon|1/100
|-damage|p1a: Overqwil|7/100|[from] item: Life Orb
|
|upkeep
|turn|10
|
|t:|1779683038
|move|p2a: Ogerpon|Ivy Cudgel|p1a: Overqwil
|-resisted|p1a: Overqwil
|-damage|p1a: Overqwil|0 fnt
|faint|p1a: Overqwil
|
|-fieldend|move: Psychic Terrain
|upkeep
|
|t:|1779683047
|switch|p1a: Regieleki|Regieleki, shiny|100/100
|turn|11
|
|t:|1779683053
|switch|p2a: Indeedee|Indeedee, M|100/100
|-fieldstart|move: Psychic Terrain|[from] ability: Psychic Surge|[of] p2a: Indeedee
|move|p1a: Regieleki|Volt Switch|p2a: Indeedee
|-damage|p2a: Indeedee|26/100
|
|t:|1779683057
|switch|p1a: Pelipper|Pelipper, M|5/100|[from] Volt Switch
|-weather|RainDance|[from] ability: Drizzle|[of] p1a: Pelipper
|
|-weather|RainDance|[upkeep]
|upkeep
|turn|12
|
|t:|1779683067
|switch|p1a: Iron Treads|Iron Treads|100/100
|-enditem|p1a: Iron Treads|Booster Energy
|-activate|p1a: Iron Treads|ability: Quark Drive|[fromitem]
|-start|p1a: Iron Treads|quarkdrivespe
|move|p2a: Indeedee|Expanding Force|p1a: Iron Treads
|-resisted|p1a: Iron Treads
|-damage|p1a: Iron Treads|48/100
|
|-weather|RainDance|[upkeep]
|upkeep
|turn|13
|
|t:|1779683081
|move|p1a: Iron Treads|Earth Power|p2a: Indeedee
|-damage|p2a: Indeedee|0 fnt
|faint|p2a: Indeedee
|
|-weather|RainDance|[upkeep]
|upkeep
|
|t:|1779683089
|switch|p2a: Ogerpon|Ogerpon-Teal-Tera, F, tera:Grass|1/100
|-ability|p2a: Ogerpon|Embody Aspect (Teal)|boost
|-boost|p2a: Ogerpon|spe|1
|turn|14
|
|t:|1779683096
|move|p2a: Ogerpon|Ivy Cudgel|p1a: Iron Treads
|-crit|p1a: Iron Treads
|-damage|p1a: Iron Treads|0 fnt
|faint|p1a: Iron Treads
|-end|p1a: Iron Treads|Quark Drive|[silent]
|
|-weather|RainDance|[upkeep]
|upkeep
|
|t:|1779683099
|switch|p1a: Regieleki|Regieleki, shiny|100/100
|turn|15
|
|t:|1779683107
|move|p1a: Regieleki|Volt Switch|p2a: Ogerpon
|-resisted|p2a: Ogerpon
|-damage|p2a: Ogerpon|0 fnt
|faint|p2a: Ogerpon
|detailschange|p2: Ogerpon|Ogerpon, F|[silent]
|
|t:|1779683111
|switch|p1a: Raging Bolt|Raging Bolt|100/100|[from] Volt Switch
|-enditem|p1a: Raging Bolt|Booster Energy
|-activate|p1a: Raging Bolt|ability: Protosynthesis|[fromitem]
|-start|p1a: Raging Bolt|protosynthesisspa
|
|-weather|RainDance|[upkeep]
|-fieldend|move: Psychic Terrain
|upkeep
|
|t:|1779683117
|switch|p2a: Kingambit|Kingambit, M|100/100
|-activate|p2a: Kingambit|ability: Supreme Overlord
|-start|p2a: Kingambit|fallen5|[silent]
|turn|16
|
|t:|1779683128
|move|p2a: Kingambit|Low Kick|p1a: Raging Bolt
|-damage|p1a: Raging Bolt|33/100
|-damage|p2a: Kingambit|91/100|[from] item: Life Orb
|move|p1a: Raging Bolt|Weather Ball|p2a: Kingambit
|-damage|p2a: Kingambit|6/100
|
|-weather|RainDance|[upkeep]
|upkeep
|turn|17
|
|t:|1779683141
|move|p2a: Kingambit|Sucker Punch|p1a: Raging Bolt
|-damage|p1a: Raging Bolt|0 fnt
|faint|p1a: Raging Bolt
|-end|p1a: Raging Bolt|Protosynthesis|[silent]
|-damage|p2a: Kingambit|0 fnt|[from] item: Life Orb
|faint|p2a: Kingambit
|-end|p2a: Kingambit|fallen5|[silent]
|
|win|Demon from Discord
|raw|Demon from Discord's rating: 1398 &rarr; <strong>1416</strong><br />(+18 for winning)
|raw|Kwazy Kupcakes's rating: 1357 &rarr; <strong>1339</strong><br />(-18 for losing)
|l|☆Kwazy Kupcakes
|player|p2|
