|j|☆stallkiller393
|j|☆hquijada
|t:|1779644027
|gametype|singles
|player|p1|stallkiller393|170|1092
|player|p2|hquijada|2|1079
|gen|9
|tier|[Gen 9] OU
|rated|
|rule|HP Percentage Mod: HP is shown in percentages
|rule|Endless Battle Clause: Forcing endless battles is banned
|rule|Species Clause: Limit one of each Pokémon
|rule|OHKO Clause: OHKO moves are banned
|rule|Evasion Items Clause: Evasion items are banned
|rule|Evasion Moves Clause: Evasion moves are banned
|rule|Evasion Abilities Clause: Evasion abilities are banned
|rule|Sleep Moves Clause: Sleep-inducing moves are banned
|clearpoke
|poke|p1|Torkoal, M|
|poke|p1|Crawdaunt, M|
|poke|p1|Ursaring, F|
|poke|p1|Cinderace, M|
|poke|p1|Clefable, F|
|poke|p1|Slither Wing|
|poke|p2|Iron Moth|
|poke|p2|Gliscor, F|
|poke|p2|Hatterene, F|
|poke|p2|Ogerpon-Wellspring, F|
|poke|p2|Raging Bolt|
|poke|p2|Zamazenta-*|
|teampreview
|inactive|Battle timer is ON: inactive players will automatically lose when time's up. (requested by hquijada)
|
|t:|1779644051
|teamsize|p1|6
|teamsize|p2|6
|start
|switch|p1a: Torkoal|Torkoal, M|100/100
|switch|p2a: Zamazenta|Zamazenta|100/100
|-ability|p2a: Zamazenta|Dauntless Shield|boost
|-boost|p2a: Zamazenta|def|1
|-weather|SunnyDay|[from] ability: Drought|[of] p1a: Torkoal
|-item|p1a: Torkoal|Air Balloon
|turn|1
|
|t:|1779644064
|move|p2a: Zamazenta|Light Screen|p2a: Zamazenta
|-sidestart|p2: hquijada|move: Light Screen
|move|p1a: Torkoal|Stealth Rock|p2a: Zamazenta
|-sidestart|p2: hquijada|move: Stealth Rock
|
|-weather|SunnyDay|[upkeep]
|upkeep
|turn|2
|
|t:|1779644068
|move|p2a: Zamazenta|Reflect|p2a: Zamazenta
|-sidestart|p2: hquijada|Reflect
|move|p1a: Torkoal|Lava Plume|p2a: Zamazenta
|-damage|p2a: Zamazenta|79/100
|
|-weather|SunnyDay|[upkeep]
|upkeep
|turn|3
|
|t:|1779644078
|switch|p2a: Gliscor|Gliscor, F|100/100
|-damage|p2a: Gliscor|88/100|[from] Stealth Rock
|move|p1a: Torkoal|Lava Plume|p2a: Gliscor
|-damage|p2a: Gliscor|55/100
|
|-weather|SunnyDay|[upkeep]
|-status|p2a: Gliscor|tox|[from] item: Toxic Orb
|upkeep
|turn|4
|
|t:|1779644093
|switch|p1a: Ursaring|Ursaring, F|100/100
|move|p2a: Gliscor|Agility|p2a: Gliscor
|-boost|p2a: Gliscor|spe|2
|
|-weather|SunnyDay|[upkeep]
|-heal|p2a: Gliscor|67/100 tox|[from] ability: Poison Heal
|-status|p1a: Ursaring|brn|[from] item: Flame Orb
|upkeep
|turn|5
|
|t:|1779644108
|move|p2a: Gliscor|Facade|p1a: Ursaring
|-damage|p1a: Ursaring|55/100 brn
|move|p1a: Ursaring|Swords Dance|p1a: Ursaring
|-boost|p1a: Ursaring|atk|2
|
|-weather|none
|-heal|p2a: Gliscor|80/100 tox|[from] ability: Poison Heal
|-damage|p1a: Ursaring|49/100 brn|[from] brn
|upkeep
|turn|6
|
|t:|1779644115
|move|p2a: Gliscor|Earthquake|p1a: Ursaring
|-damage|p1a: Ursaring|0 fnt
|faint|p1a: Ursaring
|
|-heal|p2a: Gliscor|92/100 tox|[from] ability: Poison Heal
|upkeep
|c|☆hquijada|jajajaja
|
|t:|1779644132
|switch|p1a: Cinderace|Cinderace, M|100/100
|turn|7
|
|t:|1779644137
|move|p2a: Gliscor|Swords Dance|p2a: Gliscor
|-boost|p2a: Gliscor|atk|2
|move|p1a: Cinderace|Court Change|p1a: Cinderace
|-start|p1a: Cinderace|typechange|Normal|[from] ability: Libero
|-swapsideconditions
|-activate|p1a: Cinderace|move: Court Change
|
|-heal|p2a: Gliscor|100/100 tox|[from] ability: Poison Heal
|upkeep
|turn|8
|
|t:|1779644153
|switch|p1a: Crawdaunt|Crawdaunt, M|100/100
|-damage|p1a: Crawdaunt|88/100|[from] Stealth Rock
|move|p2a: Gliscor|Facade|p1a: Crawdaunt
|-damage|p1a: Crawdaunt|38/100
|
|-sideend|p1: stallkiller393|move: Light Screen
|upkeep
|turn|9
|
|t:|1779644162
|-terastallize|p1a: Crawdaunt|Water
|move|p1a: Crawdaunt|Aqua Jet|p2a: Gliscor
|-supereffective|p2a: Gliscor
|-damage|p2a: Gliscor|17/100 tox
|move|p2a: Gliscor|Facade|p1a: Crawdaunt
|-damage|p1a: Crawdaunt|0 fnt
|faint|p1a: Crawdaunt
|
|-heal|p2a: Gliscor|30/100 tox|[from] ability: Poison Heal
|-sideend|p1: stallkiller393|Reflect
|upkeep
|
|t:|1779644172
|switch|p1a: Clefable|Clefable, F|100/100
|-damage|p1a: Clefable|88/100|[from] Stealth Rock
|turn|10
|c|☆hquijada|casi te sale la jugada...
|
|t:|1779644178
|move|p2a: Gliscor|Earthquake|p1a: Clefable
|-damage|p1a: Clefable|39/100
|move|p1a: Clefable|Moonblast|p2a: Gliscor
|-damage|p2a: Gliscor|0 fnt
|faint|p2a: Gliscor
|
|-heal|p1a: Clefable|45/100|[from] item: Leftovers
|upkeep
|
|t:|1779644185
|switch|p2a: Ogerpon|Ogerpon-Wellspring, F|100/100
|turn|11
|
|t:|1779644189
|-terastallize|p2a: Ogerpon|Water
|detailschange|p2a: Ogerpon|Ogerpon-Wellspring-Tera, F, tera:Water
|-ability|p2a: Ogerpon|Embody Aspect (Wellspring)|boost
|-boost|p2a: Ogerpon|spd|1
|move|p2a: Ogerpon|Swords Dance|p2a: Ogerpon
|-boost|p2a: Ogerpon|atk|2
|move|p1a: Clefable|Thunder Wave|p2a: Ogerpon
|-status|p2a: Ogerpon|par
|
|-heal|p1a: Clefable|51/100|[from] item: Leftovers
|upkeep
|turn|12
|
|t:|1779644203
|switch|p1a: Torkoal|Torkoal, M|100/100
|-damage|p1a: Torkoal|76/100|[from] Stealth Rock
|-weather|SunnyDay|[from] ability: Drought|[of] p1a: Torkoal
|-item|p1a: Torkoal|Air Balloon
|cant|p2a: Ogerpon|par
|
|-weather|SunnyDay|[upkeep]
|upkeep
|turn|13
|
|t:|1779644211
|move|p2a: Ogerpon|Ivy Cudgel|p1a: Torkoal|[anim] Ivy Cudgel Water
|-supereffective|p1a: Torkoal
|-damage|p1a: Torkoal|0 fnt
|-enditem|p1a: Torkoal|Air Balloon
|faint|p1a: Torkoal
|
|-weather|SunnyDay|[upkeep]
|upkeep
|
|t:|1779644216
|switch|p1a: Slither Wing|Slither Wing|100/100
|-damage|p1a: Slither Wing|88/100|[from] Stealth Rock
|-activate|p1a: Slither Wing|ability: Protosynthesis
|-start|p1a: Slither Wing|protosynthesisatk
|turn|14
|c|☆hquijada|venga chupa pollas
|
|t:|1779644225
|move|p1a: Slither Wing|Close Combat|p2a: Ogerpon
|-damage|p2a: Ogerpon|0 fnt
|-unboost|p1a: Slither Wing|def|1
|-unboost|p1a: Slither Wing|spd|1
|faint|p2a: Ogerpon
|detailschange|p2: Ogerpon|Ogerpon-Wellspring, F|[silent]
|
|-weather|SunnyDay|[upkeep]
|upkeep
|
|t:|1779644234
|switch|p2a: Hatterene|Hatterene, F|100/100
|turn|15
|inactive|stallkiller393 has 120 seconds left.
|
|t:|1779644267
|move|p1a: Slither Wing|U-turn|p2a: Hatterene
|-damage|p2a: Hatterene|57/100
|inactive|stallkiller393 has 120 seconds left.
|
|t:|1779644280
|-end|p1a: Slither Wing|Protosynthesis|[silent]
|switch|p1a: Cinderace|Cinderace, M|100/100|[from] U-turn
|-damage|p1a: Cinderace|76/100|[from] Stealth Rock
|move|p2a: Hatterene|Draining Kiss|p1a: Cinderace
|-resisted|p1a: Cinderace
|-damage|p1a: Cinderace|58/100
|-heal|p2a: Hatterene|70/100|[from] drain|[of] p1a: Cinderace
|
|-weather|SunnyDay|[upkeep]
|-heal|p2a: Hatterene|76/100|[from] item: Leftovers
|upkeep
|turn|16
|inactive|stallkiller393 has 120 seconds left.
|
|t:|1779644296
|move|p1a: Cinderace|Court Change|p1a: Cinderace
|-start|p1a: Cinderace|typechange|Normal|[from] ability: Libero
|-swapsideconditions
|-activate|p1a: Cinderace|move: Court Change
|move|p2a: Hatterene|Mystical Fire|p1a: Cinderace
|-damage|p1a: Cinderace|9/100
|-unboost|p1a: Cinderace|spa|1
|
|-weather|none
|-heal|p2a: Hatterene|82/100|[from] item: Leftovers
|upkeep
|turn|17
|inactive|stallkiller393 has 120 seconds left.
|
|t:|1779644325
|switch|p1a: Clefable|Clefable, F|51/100
|move|p2a: Hatterene|Calm Mind|p2a: Hatterene
|-boost|p2a: Hatterene|spa|1
|-boost|p2a: Hatterene|spd|1
|
|-heal|p1a: Clefable|57/100|[from] item: Leftovers
|-heal|p2a: Hatterene|88/100|[from] item: Leftovers
|upkeep
|turn|18
|
|t:|1779644331
|move|p1a: Clefable|Shadow Ball|p2a: Hatterene
|-supereffective|p2a: Hatterene
|-damage|p2a: Hatterene|38/100
|move|p2a: Hatterene|Mystical Fire|p1a: Clefable
|-damage|p1a: Clefable|38/100
|-unboost|p1a: Clefable|spa|1
|
|-heal|p1a: Clefable|44/100|[from] item: Leftovers
|-heal|p2a: Hatterene|44/100|[from] item: Leftovers
|upkeep
|turn|19
|
|t:|1779644343
|move|p1a: Clefable|Shadow Ball|p2a: Hatterene
|-supereffective|p2a: Hatterene
|-damage|p2a: Hatterene|9/100
|move|p2a: Hatterene|Calm Mind|p2a: Hatterene
|-boost|p2a: Hatterene|spa|1
|-boost|p2a: Hatterene|spd|1
|
|-heal|p1a: Clefable|50/100|[from] item: Leftovers
|-heal|p2a: Hatterene|15/100|[from] item: Leftovers
|upkeep
|turn|20
|inactive|stallkiller393 has 120 seconds left.
|
|t:|1779644348
|move|p1a: Clefable|Shadow Ball|p2a: Hatterene
|-supereffective|p2a: Hatterene
|-damage|p2a: Hatterene|0 fnt
|faint|p2a: Hatterene
|
|-heal|p1a: Clefable|56/100|[from] item: Leftovers
|upkeep
|
|t:|1779644352
|switch|p2a: Zamazenta|Zamazenta|79/100
|-damage|p2a: Zamazenta|73/100|[from] Stealth Rock
|turn|21
|
|t:|1779644356
|move|p2a: Zamazenta|Ice Fang|p1a: Clefable
|-damage|p1a: Clefable|35/100
|-status|p1a: Clefable|frz
|-curestatus|p1a: Clefable|frz|[msg]
|move|p1a: Clefable|Moonblast|p2a: Zamazenta
|-supereffective|p2a: Zamazenta
|-damage|p2a: Zamazenta|28/100
|
|-heal|p1a: Clefable|41/100|[from] item: Leftovers
|upkeep
|turn|22
|inactive|stallkiller393 has 120 seconds left.
|
|t:|1779644388
|move|p2a: Zamazenta|Close Combat|p1a: Clefable
|-resisted|p1a: Clefable
|-damage|p1a: Clefable|15/100
|-unboost|p2a: Zamazenta|def|1
|-unboost|p2a: Zamazenta|spd|1
|move|p1a: Clefable|Moonblast|p2a: Zamazenta
|-supereffective|p2a: Zamazenta
|-damage|p2a: Zamazenta|0 fnt
|faint|p2a: Zamazenta
|
|-heal|p1a: Clefable|21/100|[from] item: Leftovers
|upkeep
|
|t:|1779644397
|switch|p2a: Iron Moth|Iron Moth|100/100
|-damage|p2a: Iron Moth|76/100|[from] Stealth Rock
|-enditem|p2a: Iron Moth|Booster Energy
|-activate|p2a: Iron Moth|ability: Quark Drive|[fromitem]
|-start|p2a: Iron Moth|quarkdrivespe
|turn|23
|
|t:|1779644402
|move|p2a: Iron Moth|Sludge Wave|p1a: Clefable
|-supereffective|p1a: Clefable
|-damage|p1a: Clefable|0 fnt
|faint|p1a: Clefable
|
|upkeep
|
|t:|1779644405
|switch|p1a: Slither Wing|Slither Wing|88/100
|-enditem|p1a: Slither Wing|Booster Energy
|-activate|p1a: Slither Wing|ability: Protosynthesis|[fromitem]
|-start|p1a: Slither Wing|protosynthesisatk
|turn|24
|
|t:|1779644416
|move|p2a: Iron Moth|Fiery Dance|p1a: Slither Wing
|-supereffective|p1a: Slither Wing
|-damage|p1a: Slither Wing|7/100
|-boost|p2a: Iron Moth|spa|1
|move|p1a: Slither Wing|Wild Charge|p2a: Iron Moth
|-crit|p2a: Iron Moth
|-damage|p2a: Iron Moth|0 fnt
|faint|p2a: Iron Moth
|-end|p2a: Iron Moth|Quark Drive|[silent]
|-damage|p1a: Slither Wing|0 fnt|[from] Recoil
|faint|p1a: Slither Wing
|-end|p1a: Slither Wing|Protosynthesis|[silent]
|
|upkeep
|
|t:|1779644424
|switch|p2a: Raging Bolt|Raging Bolt|100/100
|switch|p1a: Cinderace|Cinderace, M|9/100
|-damage|p2a: Raging Bolt|88/100|[from] Stealth Rock
|-enditem|p2a: Raging Bolt|Booster Energy
|-activate|p2a: Raging Bolt|ability: Protosynthesis|[fromitem]
|-start|p2a: Raging Bolt|protosynthesisspa
|turn|25
|c|☆stallkiller393|Gg
|c|☆hquijada|gg
|
|t:|1779644430
|move|p1a: Cinderace|High Jump Kick|p2a: Raging Bolt
|-start|p1a: Cinderace|typechange|Fighting|[from] ability: Libero
|-damage|p2a: Raging Bolt|27/100
|move|p2a: Raging Bolt|Thunderbolt|p1a: Cinderace
|-damage|p1a: Cinderace|0 fnt
|faint|p1a: Cinderace
|
|win|hquijada
