|j|☆inferno_on_top
|j|☆magicsalt
|t:|1779632407
|gametype|singles
|player|p1|inferno_on_top|gentleman-gen4|1166
|player|p2|magicsalt|clair|1149
|gen|9
|tier|[Gen 9] OU
|rated|
|rule|HP Percentage Mod: HP is shown in percentages
|rule|Endless Battle Clause: Forcing endless battles is banned
|rule|Species Clause: Limit one of each Pokémon
|rule|OHKO Clause: OHKO moves are banned
|rule|Evasion Items Clause: Evasion items are banned
|rule|Evasion Moves Clause: Evasion moves are banned
|rule|Evasion Abilities Clause: Evasion abilities are banned
|rule|Sleep Moves Clause: Sleep-inducing moves are banned
|clearpoke
|poke|p1|Charizard, M|
|poke|p1|Garchomp, F|
|poke|p1|Gyarados, M|
|poke|p1|Salamence, M|
|poke|p1|Tyranitar, M|
|poke|p1|Noivern, M|
|poke|p2|Salazzle, F|
|poke|p2|Glimmora, F|
|poke|p2|Maushold-Four|
|poke|p2|Toxapex, F|
|poke|p2|Dragonite, F|
|poke|p2|Blissey, F|
|teampreview
|inactive|Battle timer is ON: inactive players will automatically lose when time's up. (requested by magicsalt)
|inactive|inferno_on_top has 120 seconds left.
|
|t:|1779632486
|teamsize|p1|6
|teamsize|p2|6
|start
|switch|p1a: Tantruma|Gyarados, M|100/100
|switch|p2a: A roc|Glimmora, F, shiny|100/100
|-ability|p1a: Tantruma|Intimidate|boost
|-unboost|p2a: A roc|atk|1
|turn|1
|
|t:|1779632505
|move|p2a: A roc|Toxic|p1a: Tantruma
|-status|p1a: Tantruma|tox
|move|p1a: Tantruma|Thunder Wave|p2a: A roc
|-status|p2a: A roc|par
|
|-damage|p1a: Tantruma|94/100 tox|[from] psn
|upkeep
|turn|2
|
|t:|1779632512
|move|p1a: Tantruma|Waterfall|p2a: A roc
|-supereffective|p2a: A roc
|-damage|p2a: A roc|9/100 par
|move|p2a: A roc|Stealth Rock|p1a: Tantruma
|-sidestart|p1: inferno_on_top|move: Stealth Rock
|
|-damage|p1a: Tantruma|82/100 tox|[from] psn
|upkeep
|turn|3
|
|t:|1779632519
|move|p2a: A roc|Spiky Shield|p2a: A roc
|-singleturn|p2a: A roc|move: Protect
|move|p1a: Tantruma|Waterfall|p2a: A roc
|-activate|p2a: A roc|move: Protect
|-damage|p1a: Tantruma|70/100 tox|[from] Spiky Shield|[of] p2a: A roc
|
|-damage|p1a: Tantruma|52/100 tox|[from] psn
|upkeep
|turn|4
|
|t:|1779632535
|move|p1a: Tantruma|Waterfall|p2a: A roc
|-supereffective|p2a: A roc
|-damage|p2a: A roc|0 fnt
|faint|p2a: A roc
|
|-damage|p1a: Tantruma|28/100 tox|[from] psn
|upkeep
|inactive|magicsalt has 120 seconds left.
|
|t:|1779632557
|switch|p2a: Spikey thingy|Toxapex, F|100/100
|turn|5
|inactive|inferno_on_top has 120 seconds left.
|inactive|magicsalt has 120 seconds left.
|
|t:|1779632592
|move|p2a: Spikey thingy|Baneful Bunker|p2a: Spikey thingy
|-singleturn|p2a: Spikey thingy|move: Protect
|move|p1a: Tantruma|Thunder Wave|p2a: Spikey thingy
|-activate|p2a: Spikey thingy|move: Protect
|
|-damage|p1a: Tantruma|0 fnt|[from] psn
|faint|p1a: Tantruma
|upkeep
|
|t:|1779632595
|switch|p1a: Morbius|Noivern, M|100/100
|-damage|p1a: Morbius|75/100|[from] Stealth Rock
|-item|p2a: Spikey thingy|Leftovers|[from] ability: Frisk|[of] p1a: Morbius
|turn|6
|inactive|magicsalt has 120 seconds left.
|
|t:|1779632611
|move|p1a: Morbius|Defog|p2a: Spikey thingy
|-unboost|p2a: Spikey thingy|evasion|1
|-sideend|p1: inferno_on_top|Stealth Rock|[from] move: Defog|[of] p1a: Morbius
|move|p2a: Spikey thingy|Infestation|p1a: Morbius
|-resisted|p1a: Morbius
|-damage|p1a: Morbius|74/100
|-activate|p1a: Morbius|move: Infestation|[of] p2a: Spikey thingy
|
|-damage|p1a: Morbius|61/100|[from] move: Infestation|[partiallytrapped]
|upkeep
|turn|7
|
|t:|1779632625
|move|p2a: Spikey thingy|Baneful Bunker|p2a: Spikey thingy
|-singleturn|p2a: Spikey thingy|move: Protect
|move|p1a: Morbius|Hurricane|p2a: Spikey thingy
|-activate|p2a: Spikey thingy|move: Protect
|
|-damage|p1a: Morbius|49/100|[from] move: Infestation|[partiallytrapped]
|upkeep
|turn|8
|
|t:|1779632635
|move|p1a: Morbius|Boomburst|p2a: Spikey thingy
|-damage|p2a: Spikey thingy|57/100
|move|p2a: Spikey thingy|Recover|p2a: Spikey thingy
|-heal|p2a: Spikey thingy|100/100
|
|-damage|p1a: Morbius|36/100|[from] move: Infestation|[partiallytrapped]
|upkeep
|turn|9
|
|t:|1779632642
|move|p2a: Spikey thingy|Baneful Bunker|p2a: Spikey thingy
|-singleturn|p2a: Spikey thingy|move: Protect
|move|p1a: Morbius|Boomburst|p2a: Spikey thingy
|-activate|p2a: Spikey thingy|move: Protect
|
|-damage|p1a: Morbius|24/100|[from] move: Infestation|[partiallytrapped]
|upkeep
|turn|10
|-message|inferno_on_top forfeited.
|
|win|magicsalt
|raw|inferno_on_top's rating: 1166 &rarr; <strong>1140</strong><br />(-26 for losing)
|raw|magicsalt's rating: 1149 &rarr; <strong>1175</strong><br />(+26 for winning)
|l|☆inferno_on_top
|player|p1|
