|j|☆greninjio
|j|☆rblt ryo
|t:|1779567101
|gametype|singles
|player|p1|greninjio|266|1562
|player|p2|rblt ryo|grimsley-gen7|1592
|gen|9
|tier|[Gen 9] OU
|rated|
|rule|HP Percentage Mod: HP is shown in percentages
|rule|Endless Battle Clause: Forcing endless battles is banned
|rule|Species Clause: Limit one of each Pokémon
|rule|OHKO Clause: OHKO moves are banned
|rule|Evasion Items Clause: Evasion items are banned
|rule|Evasion Moves Clause: Evasion moves are banned
|rule|Evasion Abilities Clause: Evasion abilities are banned
|rule|Sleep Moves Clause: Sleep-inducing moves are banned
|clearpoke
|poke|p1|Ursaluna, F|
|poke|p1|Dragapult, F|
|poke|p1|Alomomola, M|
|poke|p1|Kingambit, F|
|poke|p1|Great Tusk|
|poke|p1|Moltres|
|poke|p2|Metagross|
|poke|p2|Keldeo-Resolute|
|poke|p2|Ting-Lu|
|poke|p2|Pecharunt|
|poke|p2|Dragapult, F|
|poke|p2|Zapdos|
|teampreview
|inactive|Battle timer is ON: inactive players will automatically lose when time's up. (requested by greninjio)
|inactive|rblt ryo has 120 seconds left.
|
|t:|1779567150
|teamsize|p1|6
|teamsize|p2|6
|start
|switch|p1a: Ursaluna|Ursaluna, F|100/100
|switch|p2a: Keldeo|Keldeo-Resolute, shiny|100/100
|turn|1
|
|t:|1779567161
|switch|p1a: Alomomola|Alomomola, M|100/100
|-terastallize|p2a: Keldeo|Water
|move|p2a: Keldeo|Surf|p1a: Alomomola
|-resisted|p1a: Alomomola
|-damage|p1a: Alomomola|42/100
|
|upkeep
|turn|2
|
|t:|1779567177
|move|p1a: Alomomola|Protect|p1a: Alomomola
|-singleturn|p1a: Alomomola|Protect
|move|p2a: Keldeo|Surf|p1a: Alomomola
|-activate|p1a: Alomomola|move: Protect
|
|upkeep
|turn|3
|inactive|greninjio has 120 seconds left.
|
|t:|1779567202
|move|p2a: Keldeo|Surf|p1a: Alomomola
|-resisted|p1a: Alomomola
|-damage|p1a: Alomomola|0 fnt
|faint|p1a: Alomomola
|
|upkeep
|inactive|greninjio has 120 seconds left.
|
|t:|1779567216
|switch|p1a: Dragapult|Dragapult, F|100/100
|turn|4
|inactive|greninjio has 120 seconds left.
|
|t:|1779567230
|switch|p2a: Ting-Lu|Ting-Lu|100/100
|-ability|p2a: Ting-Lu|Vessel of Ruin
|move|p1a: Dragapult|Draco Meteor|p2a: Ting-Lu
|-damage|p2a: Ting-Lu|64/100
|-unboost|p1a: Dragapult|spa|2
|
|-heal|p2a: Ting-Lu|71/100|[from] item: Leftovers
|upkeep
|turn|5
|inactive|greninjio has 120 seconds left.
|
|t:|1779567252
|switch|p1a: Ursaluna|Ursaluna, F|100/100
|move|p2a: Ting-Lu|Ruination|p1a: Ursaluna
|-damage|p1a: Ursaluna|50/100
|
|-heal|p2a: Ting-Lu|77/100|[from] item: Leftovers
|-status|p1a: Ursaluna|brn|[from] item: Flame Orb
|upkeep
|turn|6
|
|t:|1779567259
|move|p1a: Ursaluna|Headlong Rush|p2a: Ting-Lu
|-damage|p2a: Ting-Lu|21/100
|-unboost|p1a: Ursaluna|def|1
|-unboost|p1a: Ursaluna|spd|1
|move|p2a: Ting-Lu|Stealth Rock|p1a: Ursaluna
|-sidestart|p1: greninjio|move: Stealth Rock
|
|-heal|p2a: Ting-Lu|27/100|[from] item: Leftovers
|-damage|p1a: Ursaluna|44/100 brn|[from] brn
|upkeep
|turn|7
|inactive|greninjio has 120 seconds left.
|
|t:|1779567267
|move|p1a: Ursaluna|Headlong Rush|p2a: Ting-Lu
|-damage|p2a: Ting-Lu|0 fnt
|-unboost|p1a: Ursaluna|def|1
|-unboost|p1a: Ursaluna|spd|1
|faint|p2a: Ting-Lu
|
|-damage|p1a: Ursaluna|38/100 brn|[from] brn
|upkeep
|
|t:|1779567269
|switch|p2a: Keldeo|Keldeo-Resolute, shiny, tera:Water|100/100
|turn|8
|
|t:|1779567278
|move|p2a: Keldeo|Surf|p1a: Ursaluna
|-supereffective|p1a: Ursaluna
|-damage|p1a: Ursaluna|0 fnt
|faint|p1a: Ursaluna
|
|upkeep
|
|t:|1779567281
|switch|p1a: Dragapult|Dragapult, F|100/100
|-damage|p1a: Dragapult|88/100|[from] Stealth Rock
|turn|9
|
|t:|1779567288
|switch|p2a: Metagross|Metagross, shiny|100/100
|move|p1a: Dragapult|Draco Meteor|p2a: Metagross
|-resisted|p2a: Metagross
|-damage|p2a: Metagross|72/100
|-unboost|p1a: Dragapult|spa|2
|
|upkeep
|turn|10
|
|t:|1779567297
|switch|p1a: Moltres|Moltres|100/100
|move|p2a: Metagross|Knock Off|p1a: Moltres
|-damage|p1a: Moltres|65/100
|-enditem|p1a: Moltres|Heavy-Duty Boots|[from] move: Knock Off|[of] p2a: Metagross
|
|upkeep
|turn|11
|
|t:|1779567306
|switch|p2a: Zapdos|Zapdos|100/100
|-terastallize|p1a: Moltres|Dragon
|move|p1a: Moltres|Roost|p1a: Moltres
|-heal|p1a: Moltres|100/100
|
|upkeep
|turn|12
|
|t:|1779567316
|move|p2a: Zapdos|Volt Switch|p1a: Moltres
|-resisted|p1a: Moltres
|-damage|p1a: Moltres|88/100
|
|t:|1779567318
|switch|p2a: Keldeo|Keldeo-Resolute, shiny, tera:Water|100/100|[from] Volt Switch
|move|p1a: Moltres|Flamethrower|p2a: Keldeo
|-resisted|p2a: Keldeo
|-damage|p2a: Keldeo|78/100
|
|upkeep
|turn|13
|
|t:|1779567323
|move|p2a: Keldeo|Surf|p1a: Moltres
|-resisted|p1a: Moltres
|-damage|p1a: Moltres|54/100
|move|p1a: Moltres|Roost|p1a: Moltres
|-heal|p1a: Moltres|100/100
|
|upkeep
|turn|14
|
|t:|1779567329
|switch|p2a: Zapdos|Zapdos|100/100
|move|p1a: Moltres|Brave Bird|p2a: Zapdos
|-resisted|p2a: Zapdos
|-damage|p2a: Zapdos|77/100
|-status|p1a: Moltres|par|[from] ability: Static|[of] p2a: Zapdos
|-damage|p1a: Moltres|94/100 par|[from] Recoil
|
|upkeep
|turn|15
|
|t:|1779567340
|move|p2a: Zapdos|Volt Switch|p1a: Moltres
|-resisted|p1a: Moltres
|-damage|p1a: Moltres|81/100 par
|
|t:|1779567342
|switch|p2a: Keldeo|Keldeo-Resolute, shiny, tera:Water|78/100|[from] Volt Switch
|move|p1a: Moltres|Flamethrower|p2a: Keldeo
|-resisted|p2a: Keldeo
|-damage|p2a: Keldeo|55/100
|
|upkeep
|turn|16
|
|t:|1779567345
|move|p2a: Keldeo|Secret Sword|p1a: Moltres
|-damage|p1a: Moltres|15/100 par
|move|p1a: Moltres|Roost|p1a: Moltres
|-heal|p1a: Moltres|65/100 par
|
|upkeep
|turn|17
|
|t:|1779567350
|switch|p1a: Dragapult|Dragapult, F|88/100
|-damage|p1a: Dragapult|76/100|[from] Stealth Rock
|move|p2a: Keldeo|Secret Sword|p1a: Dragapult
|-immune|p1a: Dragapult
|
|upkeep
|turn|18
|
|t:|1779567357
|switch|p2a: Metagross|Metagross, shiny|72/100
|move|p1a: Dragapult|Shadow Ball|p2a: Metagross
|-supereffective|p2a: Metagross
|-damage|p2a: Metagross|6/100
|
|upkeep
|turn|19
|
|t:|1779567376
|switch|p1a: Great Tusk|Great Tusk|100/100
|move|p2a: Metagross|Bullet Punch|p1a: Great Tusk
|-damage|p1a: Great Tusk|86/100
|
|upkeep
|turn|20
|inactive|greninjio has 120 seconds left.
|
|t:|1779567410
|move|p1a: Great Tusk|Headlong Rush|p2a: Metagross
|-supereffective|p2a: Metagross
|-damage|p2a: Metagross|0 fnt
|-unboost|p1a: Great Tusk|def|1
|-unboost|p1a: Great Tusk|spd|1
|faint|p2a: Metagross
|
|upkeep
|
|t:|1779567413
|switch|p2a: Keldeo|Keldeo-Resolute, shiny, tera:Water|55/100
|turn|21
|
|t:|1779567420
|-end|p1a: Great Tusk|Protosynthesis|[silent]
|switch|p1a: Moltres|Moltres, tera:Dragon|65/100 par
|-damage|p1a: Moltres|53/100 par|[from] Stealth Rock
|move|p2a: Keldeo|Surf|p1a: Moltres
|-resisted|p1a: Moltres
|-damage|p1a: Moltres|21/100 par
|
|upkeep
|turn|22
|
|t:|1779567425
|move|p2a: Keldeo|Surf|p1a: Moltres
|-resisted|p1a: Moltres
|-damage|p1a: Moltres|0 fnt
|faint|p1a: Moltres
|
|upkeep
|
|t:|1779567432
|switch|p1a: Dragapult|Dragapult, F|76/100
|-damage|p1a: Dragapult|64/100|[from] Stealth Rock
|turn|23
|
|t:|1779567437
|switch|p2a: Pecharunt|Pecharunt|100/100
|move|p1a: Dragapult|Shadow Ball|p2a: Pecharunt
|-supereffective|p2a: Pecharunt
|-damage|p2a: Pecharunt|0 fnt
|faint|p2a: Pecharunt
|
|upkeep
|
|t:|1779567439
|switch|p2a: Dragapult|Dragapult, F|100/100
|turn|24
|
|t:|1779567448
|switch|p1a: Great Tusk|Great Tusk|86/100
|move|p2a: Dragapult|Will-O-Wisp|p1a: Great Tusk
|-status|p1a: Great Tusk|brn
|
|-damage|p1a: Great Tusk|80/100 brn|[from] brn
|upkeep
|turn|25
|
|t:|1779567453
|switch|p2a: Zapdos|Zapdos|77/100
|move|p1a: Great Tusk|Stealth Rock|p2a: Zapdos
|-sidestart|p2: rblt ryo|move: Stealth Rock
|
|-damage|p1a: Great Tusk|74/100 brn|[from] brn
|upkeep
|turn|26
|
|t:|1779567462
|-end|p1a: Great Tusk|Protosynthesis|[silent]
|switch|p1a: Kingambit|Kingambit, F|100/100
|-damage|p1a: Kingambit|94/100|[from] Stealth Rock
|-activate|p1a: Kingambit|ability: Supreme Overlord
|-start|p1a: Kingambit|fallen3|[silent]
|move|p2a: Zapdos|Hurricane|p1a: Kingambit|[miss]
|-miss|p2a: Zapdos|p1a: Kingambit
|
|upkeep
|turn|27
|inactive|greninjio has 120 seconds left.
|
|t:|1779567504
|-end|p1a: Kingambit|fallen3|[silent]
|switch|p1a: Great Tusk|Great Tusk|74/100 brn
|move|p2a: Zapdos|Heat Wave|p1a: Great Tusk
|-damage|p1a: Great Tusk|30/100 brn
|
|-damage|p1a: Great Tusk|24/100 brn|[from] brn
|upkeep
|turn|28
|
|t:|1779567512
|move|p2a: Zapdos|Heat Wave|p1a: Great Tusk
|-damage|p1a: Great Tusk|0 fnt
|faint|p1a: Great Tusk
|-end|p1a: Great Tusk|Protosynthesis|[silent]
|
|upkeep
|inactive|greninjio has 120 seconds left.
|
|t:|1779567518
|switch|p1a: Dragapult|Dragapult, F|64/100
|-damage|p1a: Dragapult|51/100|[from] Stealth Rock
|turn|29
|
|t:|1779567524
|move|p1a: Dragapult|Draco Meteor|p2a: Zapdos
|-damage|p2a: Zapdos|0 fnt
|-unboost|p1a: Dragapult|spa|2
|faint|p2a: Zapdos
|
|upkeep
|
|t:|1779567541
|switch|p2a: Dragapult|Dragapult, F|100/100
|-damage|p2a: Dragapult|88/100|[from] Stealth Rock
|turn|30
|
|t:|1779567547
|switch|p1a: Kingambit|Kingambit, F|94/100
|-damage|p1a: Kingambit|88/100|[from] Stealth Rock
|-activate|p1a: Kingambit|ability: Supreme Overlord
|-start|p1a: Kingambit|fallen4|[silent]
|move|p2a: Dragapult|U-turn|p1a: Kingambit
|-damage|p1a: Kingambit|76/100
|
|t:|1779567549
|switch|p2a: Keldeo|Keldeo-Resolute, shiny, tera:Water|55/100|[from] U-turn
|-damage|p2a: Keldeo|43/100|[from] Stealth Rock
|
|upkeep
|turn|31
|
|t:|1779567567
|move|p1a: Kingambit|Sucker Punch|p2a: Keldeo
|-damage|p2a: Keldeo|0 fnt
|faint|p2a: Keldeo
|
|upkeep
|
|t:|1779567569
|switch|p2a: Dragapult|Dragapult, F|88/100
|-damage|p2a: Dragapult|76/100|[from] Stealth Rock
|turn|32
|-message|rblt ryo forfeited.
|
|win|greninjio
|raw|greninjio's rating: 1562 &rarr; <strong>1584</strong><br />(+22 for winning)
|raw|rblt ryo's rating: 1592 &rarr; <strong>1570</strong><br />(-22 for losing)
|l|☆greninjio
|player|p1|
