|j|‽Guejsvsj
|j|☆hasikaka
|t:|1779607853
|gametype|singles
|player|p1|Guejsvsj|1|1113
|player|p2|hasikaka|1|1090
|gen|9
|tier|[Gen 9] OU
|rated|
|rule|HP Percentage Mod: HP is shown in percentages
|rule|Endless Battle Clause: Forcing endless battles is banned
|rule|Species Clause: Limit one of each Pokémon
|rule|OHKO Clause: OHKO moves are banned
|rule|Evasion Items Clause: Evasion items are banned
|rule|Evasion Moves Clause: Evasion moves are banned
|rule|Evasion Abilities Clause: Evasion abilities are banned
|rule|Sleep Moves Clause: Sleep-inducing moves are banned
|clearpoke
|poke|p1|Orthworm, F|
|poke|p1|Gastrodon, M|
|poke|p1|Dragapult, F|
|poke|p1|Jirachi|
|poke|p1|Incineroar, M|
|poke|p1|Thundurus-Therian, M|
|poke|p2|Chandelure, F|
|poke|p2|Gallade, M|
|poke|p2|Tinkaton, F|
|poke|p2|Greninja-*, M|
|poke|p2|Weavile, F|
|poke|p2|Dragonite, F|
|teampreview
|
|t:|1779607865
|teamsize|p1|6
|teamsize|p2|6
|start
|switch|p1a: Gastrodon|Gastrodon, M|100/100
|switch|p2a: Chandelure|Chandelure, F|100/100
|turn|1
|
|t:|1779607874
|-terastallize|p2a: Chandelure|Ghost
|move|p2a: Chandelure|Energy Ball|p1a: Gastrodon
|-supereffective|p1a: Gastrodon
|-crit|p1a: Gastrodon
|-enditem|p1a: Gastrodon|Focus Sash
|-damage|p1a: Gastrodon|1/100
|move|p1a: Gastrodon|Mirror Coat|p2a: Chandelure
|-enditem|p2a: Chandelure|Focus Sash
|-damage|p2a: Chandelure|1/100
|
|upkeep
|turn|2
|
|t:|1779607887
|move|p1a: Gastrodon|Memento|p2a: Chandelure
|-unboost|p2a: Chandelure|atk|2
|-unboost|p2a: Chandelure|spa|2
|faint|p1a: Gastrodon
|move|p2a: Chandelure|Fire Blast|p1: Gastrodon|[notarget]
|-fail|p2a: Chandelure
|
|upkeep
|
|t:|1779607902
|switch|p1a: Jirachi|Jirachi|100/100
|turn|3
|
|t:|1779607914
|move|p1a: Jirachi|Cosmic Power|p1a: Jirachi
|-boost|p1a: Jirachi|def|1
|-boost|p1a: Jirachi|spd|1
|move|p2a: Chandelure|Fire Blast|p1a: Jirachi
|-supereffective|p1a: Jirachi
|-damage|p1a: Jirachi|70/100
|-enditem|p1a: Jirachi|Weakness Policy
|-boost|p1a: Jirachi|atk|2|[from] item: Weakness Policy
|-boost|p1a: Jirachi|spa|2|[from] item: Weakness Policy
|
|upkeep
|turn|4
|
|t:|1779607924
|move|p1a: Jirachi|Wish|p1a: Jirachi
|move|p2a: Chandelure|Shadow Ball|p1a: Jirachi
|-supereffective|p1a: Jirachi
|-damage|p1a: Jirachi|42/100
|-unboost|p1a: Jirachi|spd|1
|
|upkeep
|turn|5
|
|t:|1779607931
|move|p1a: Jirachi|Cosmic Power|p1a: Jirachi
|-boost|p1a: Jirachi|def|1
|-boost|p1a: Jirachi|spd|1
|move|p2a: Chandelure|Shadow Ball|p1a: Jirachi
|-supereffective|p1a: Jirachi
|-damage|p1a: Jirachi|14/100
|
|-heal|p1a: Jirachi|64/100|[from] move: Wish|[wisher] Jirachi
|upkeep
|turn|6
|
|t:|1779607940
|move|p1a: Jirachi|Cosmic Power|p1a: Jirachi
|-boost|p1a: Jirachi|def|1
|-boost|p1a: Jirachi|spd|1
|move|p2a: Chandelure|Shadow Ball|p1a: Jirachi
|-supereffective|p1a: Jirachi
|-damage|p1a: Jirachi|43/100
|
|upkeep
|turn|7
|
|t:|1779607947
|move|p1a: Jirachi|Wish|p1a: Jirachi
|move|p2a: Chandelure|Shadow Ball|p1a: Jirachi
|-supereffective|p1a: Jirachi
|-damage|p1a: Jirachi|23/100
|
|upkeep
|turn|8
|
|t:|1779607957
|move|p1a: Jirachi|Dazzling Gleam|p2a: Chandelure
|-damage|p2a: Chandelure|0 fnt
|faint|p2a: Chandelure
|
|-heal|p1a: Jirachi|73/100|[from] move: Wish|[wisher] Jirachi
|upkeep
|
|t:|1779607969
|switch|p2a: Dragonite|Dragonite, F|100/100
|turn|9
|
|t:|1779607973
|move|p1a: Jirachi|Stored Power|p2a: Dragonite
|-damage|p2a: Dragonite|30/100
|move|p2a: Dragonite|Earthquake|p1a: Jirachi
|-supereffective|p1a: Jirachi
|-damage|p1a: Jirachi|49/100
|
|-heal|p2a: Dragonite|36/100|[from] item: Leftovers
|upkeep
|turn|10
|
|t:|1779607981
|move|p1a: Jirachi|Wish|p1a: Jirachi
|move|p2a: Dragonite|Earthquake|p1a: Jirachi
|-supereffective|p1a: Jirachi
|-damage|p1a: Jirachi|22/100
|
|-heal|p2a: Dragonite|42/100|[from] item: Leftovers
|upkeep
|turn|11
|
|t:|1779607991
|move|p1a: Jirachi|Stored Power|p2a: Dragonite
|-damage|p2a: Dragonite|0 fnt
|faint|p2a: Dragonite
|
|-heal|p1a: Jirachi|72/100|[from] move: Wish|[wisher] Jirachi
|upkeep
|
|t:|1779607997
|switch|p2a: Gallade|Gallade, M, shiny|100/100
|turn|12
|
|t:|1779608002
|move|p2a: Gallade|Swords Dance|p2a: Gallade
|-boost|p2a: Gallade|atk|2
|move|p1a: Jirachi|Stored Power|p2a: Gallade
|-damage|p2a: Gallade|0 fnt
|faint|p2a: Gallade
|
|upkeep
|
|t:|1779608022
|switch|p2a: Weavile|Weavile, F|100/100
|-item|p2a: Weavile|Air Balloon
|turn|13
|
|t:|1779608028
|move|p2a: Weavile|Fake Out|p1a: Jirachi
|-resisted|p1a: Jirachi
|-damage|p1a: Jirachi|70/100
|cant|p1a: Jirachi|flinch
|
|upkeep
|turn|14
|
|t:|1779608033
|move|p2a: Weavile|Throat Chop|p1a: Jirachi
|-supereffective|p1a: Jirachi
|-damage|p1a: Jirachi|43/100
|-start|p1a: Jirachi|Throat Chop|[silent]
|move|p1a: Jirachi|Dazzling Gleam|p2a: Weavile
|-supereffective|p2a: Weavile
|-damage|p2a: Weavile|6/100
|-enditem|p2a: Weavile|Air Balloon
|
|upkeep
|turn|15
|
|t:|1779608039
|move|p2a: Weavile|Throat Chop|p1a: Jirachi
|-supereffective|p1a: Jirachi
|-damage|p1a: Jirachi|15/100
|move|p1a: Jirachi|Dazzling Gleam|p2a: Weavile
|-supereffective|p2a: Weavile
|-damage|p2a: Weavile|0 fnt
|faint|p2a: Weavile
|
|-end|p1a: Jirachi|Throat Chop|[silent]
|upkeep
|
|t:|1779608046
|switch|p2a: Greninja|Greninja, M|100/100
|turn|16
|
|t:|1779608051
|move|p2a: Greninja|Hydro Pump|p1a: Jirachi|[miss]
|-miss|p2a: Greninja|p1a: Jirachi
|move|p1a: Jirachi|Dazzling Gleam|p2a: Greninja
|-supereffective|p2a: Greninja
|-damage|p2a: Greninja|0 fnt
|faint|p2a: Greninja
|
|upkeep
|-message|hasikaka forfeited.
|
|win|Guejsvsj
|raw|Guejsvsj's rating: 1113 &rarr; <strong>1136</strong><br />(+23 for winning)
|raw|hasikaka's rating: 1090 &rarr; <strong>1068</strong><br />(-22 for losing)
|l|☆hasikaka
|player|p2|
|l|‽Guejsvsj
|player|p1|
