|j|☆yzen00
|j|☆Nertwerve
|t:|1779574108
|gametype|singles
|player|p1|yzen00|ghetsis|1045
|player|p2|Nertwerve|waitress-gen4|1035
|gen|9
|tier|[Gen 9] OU
|rated|
|rule|HP Percentage Mod: HP is shown in percentages
|rule|Endless Battle Clause: Forcing endless battles is banned
|rule|Species Clause: Limit one of each Pokémon
|rule|OHKO Clause: OHKO moves are banned
|rule|Evasion Items Clause: Evasion items are banned
|rule|Evasion Moves Clause: Evasion moves are banned
|rule|Evasion Abilities Clause: Evasion abilities are banned
|rule|Sleep Moves Clause: Sleep-inducing moves are banned
|clearpoke
|poke|p1|Primarina, F|
|poke|p1|Gholdengo|
|poke|p1|Alomomola, M|
|poke|p1|Gliscor, M|
|poke|p1|Kingambit, M|
|poke|p1|Dragapult, F|
|poke|p2|Conkeldurr, M|
|poke|p2|Scizor, F|
|poke|p2|Goodra, F|
|poke|p2|Clodsire, F|
|poke|p2|Dudunsparce-*, F|
|poke|p2|Zangoose, F|
|teampreview
|inactive|Battle timer is ON: inactive players will automatically lose when time's up. (requested by Nertwerve)
|inactive|yzen00 also wants the timer to be on.
|l|☆yzen00
|inactive|yzen00 disconnected and has a minute to reconnect!
|player|p1|
|j|☆yzen00
|inactive|yzen00 reconnected and has 130 seconds left.
|player|p1|yzen00|ghetsis|
|
|t:|1779574130
|teamsize|p1|6
|teamsize|p2|6
|start
|switch|p1a: Gliscor|Gliscor, M|100/100
|switch|p2a: Loafsire|Clodsire, F|100/100
|turn|1
|
|t:|1779574152
|switch|p2a: Dudunsparce|Dudunsparce, F|100/100
|move|p1a: Gliscor|Earthquake|p2a: Dudunsparce
|-damage|p2a: Dudunsparce|80/100
|
|-heal|p2a: Dudunsparce|86/100|[from] item: Leftovers
|-status|p1a: Gliscor|tox|[from] item: Toxic Orb
|upkeep
|turn|2
|
|t:|1779574165
|move|p1a: Gliscor|Toxic|p2a: Dudunsparce
|-status|p2a: Dudunsparce|tox
|move|p2a: Dudunsparce|Coil|p2a: Dudunsparce
|-boost|p2a: Dudunsparce|atk|1
|-boost|p2a: Dudunsparce|def|1
|-boost|p2a: Dudunsparce|accuracy|1
|
|-heal|p2a: Dudunsparce|92/100 tox|[from] item: Leftovers
|-damage|p2a: Dudunsparce|86/100 tox|[from] psn
|upkeep
|turn|3
|inactive|Nertwerve has 120 seconds left.
|
|t:|1779574198
|move|p1a: Gliscor|Spikes|p2a: Dudunsparce
|-sidestart|p2: Nertwerve|Spikes
|move|p2a: Dudunsparce|Hyper Drill|p1a: Gliscor
|-damage|p1a: Gliscor|58/100 tox
|
|-heal|p2a: Dudunsparce|92/100 tox|[from] item: Leftovers
|-heal|p1a: Gliscor|70/100 tox|[from] ability: Poison Heal
|-damage|p2a: Dudunsparce|80/100 tox|[from] psn
|upkeep
|turn|4
|inactive|Nertwerve has 120 seconds left.
|
|t:|1779574213
|move|p1a: Gliscor|Protect|p1a: Gliscor
|-singleturn|p1a: Gliscor|Protect
|move|p2a: Dudunsparce|Coil|p2a: Dudunsparce
|-boost|p2a: Dudunsparce|atk|1
|-boost|p2a: Dudunsparce|def|1
|-boost|p2a: Dudunsparce|accuracy|1
|
|-heal|p2a: Dudunsparce|86/100 tox|[from] item: Leftovers
|-heal|p1a: Gliscor|83/100 tox|[from] ability: Poison Heal
|-damage|p2a: Dudunsparce|68/100 tox|[from] psn
|upkeep
|turn|5
|
|t:|1779574224
|move|p1a: Gliscor|Earthquake|p2a: Dudunsparce
|-damage|p2a: Dudunsparce|56/100 tox
|move|p2a: Dudunsparce|Coil|p2a: Dudunsparce
|-boost|p2a: Dudunsparce|atk|1
|-boost|p2a: Dudunsparce|def|1
|-boost|p2a: Dudunsparce|accuracy|1
|
|-heal|p2a: Dudunsparce|62/100 tox|[from] item: Leftovers
|-heal|p1a: Gliscor|95/100 tox|[from] ability: Poison Heal
|-damage|p2a: Dudunsparce|38/100 tox|[from] psn
|upkeep
|turn|6
|
|t:|1779574236
|move|p1a: Gliscor|Protect|p1a: Gliscor
|-singleturn|p1a: Gliscor|Protect
|move|p2a: Dudunsparce|Hyper Drill|p1a: Gliscor
|-crit|p1a: Gliscor
|-damage|p1a: Gliscor|0 fnt
|faint|p1a: Gliscor
|
|-heal|p2a: Dudunsparce|44/100 tox|[from] item: Leftovers
|-damage|p2a: Dudunsparce|14/100 tox|[from] psn
|upkeep
|
|t:|1779574257
|switch|p1a: Dragapult|Dragapult, F|100/100
|turn|7
|
|t:|1779574271
|move|p1a: Dragapult|U-turn|p2a: Dudunsparce
|-damage|p2a: Dudunsparce|10/100 tox
|
|t:|1779574278
|switch|p1a: Gholdengo|Gholdengo|100/100|[from] U-turn
|-item|p1a: Gholdengo|Air Balloon
|move|p2a: Dudunsparce|Flamethrower|p1a: Gholdengo
|-supereffective|p1a: Gholdengo
|-damage|p1a: Gholdengo|66/100
|-enditem|p1a: Gholdengo|Air Balloon
|
|-heal|p2a: Dudunsparce|16/100 tox|[from] item: Leftovers
|-damage|p2a: Dudunsparce|0 fnt|[from] psn
|faint|p2a: Dudunsparce
|upkeep
|
|t:|1779574288
|switch|p2a: Loafsire|Clodsire, F|100/100
|-damage|p2a: Loafsire|88/100|[from] Spikes
|turn|8
|
|t:|1779574298
|move|p1a: Gholdengo|Nasty Plot|p1a: Gholdengo
|-boost|p1a: Gholdengo|spa|2
|move|p2a: Loafsire|Earthquake|p1a: Gholdengo
|-supereffective|p1a: Gholdengo
|-crit|p1a: Gholdengo
|-damage|p1a: Gholdengo|0 fnt
|faint|p1a: Gholdengo
|
|-heal|p2a: Loafsire|94/100|[from] item: Black Sludge
|upkeep
|
|t:|1779574309
|switch|p1a: Primarina|Primarina, F, shiny|100/100
|turn|9
|l|☆yzen00
|inactive|yzen00 disconnected and has a minute to reconnect!
|player|p1|
|j|☆yzen00
|inactive|yzen00 reconnected and has 130 seconds left.
|player|p1|yzen00|ghetsis|
|
|t:|1779574332
|-terastallize|p1a: Primarina|Water
|move|p1a: Primarina|Whirlpool|p2a: Loafsire
|-heal|p2a: Loafsire|100/100|[from] ability: Water Absorb|[of] p1a: Primarina
|move|p2a: Loafsire|Toxic Spikes|p1a: Primarina
|-sidestart|p1: yzen00|move: Toxic Spikes
|
|upkeep
|turn|10
|-message|yzen00 forfeited.
|
|win|Nertwerve
|raw|yzen00's rating: 1045 &rarr; <strong>1028</strong><br />(-17 for losing)
|raw|Nertwerve's rating: 1035 &rarr; <strong>1071</strong><br />(+36 for winning)
|l|☆yzen00
|player|p1|
|c|☆Nertwerve|gg
