|j|☆enigma96
|j|☆24iomxx
|t:|1779668134
|gametype|singles
|player|p1|enigma96|jogger|1070
|player|p2|24iomxx|hilbert-masters|1114
|gen|9
|tier|[Gen 9] OU
|rated|
|rule|HP Percentage Mod: HP is shown in percentages
|rule|Endless Battle Clause: Forcing endless battles is banned
|rule|Species Clause: Limit one of each Pokémon
|rule|OHKO Clause: OHKO moves are banned
|rule|Evasion Items Clause: Evasion items are banned
|rule|Evasion Moves Clause: Evasion moves are banned
|rule|Evasion Abilities Clause: Evasion abilities are banned
|rule|Sleep Moves Clause: Sleep-inducing moves are banned
|clearpoke
|poke|p1|Incineroar, M|
|poke|p1|Meowscarada, M|
|poke|p1|Luxray, M|
|poke|p1|Espeon, M|
|poke|p1|Pyroar, M|
|poke|p1|Persian-Alola, M|
|poke|p2|Hydreigon, M|
|poke|p2|Excadrill, F|
|poke|p2|Galvantula, F|
|poke|p2|Chandelure, F|
|poke|p2|Amoonguss, M|
|poke|p2|Braviary, M|
|teampreview
|inactive|Battle timer is ON: inactive players will automatically lose when time's up. (requested by 24iomxx)
|
|t:|1779668139
|teamsize|p1|6
|teamsize|p2|6
|start
|switch|p1a: Meowscarada|Meowscarada, M, shiny|100/100
|switch|p2a: Galvantula|Galvantula, F|100/100
|turn|1
|
|t:|1779668146
|move|p1a: Meowscarada|U-turn|p2a: Galvantula
|-start|p1a: Meowscarada|typechange|Bug|[from] ability: Protean
|-crit|p2a: Galvantula
|-damage|p2a: Galvantula|5/100
|
|t:|1779668150
|switch|p1a: Espeon|Espeon, M|100/100|[from] U-turn
|move|p2a: Galvantula|Thunder Wave|p1a: Espeon
|move|p1a: Espeon|Thunder Wave|p2a: Galvantula|[from] ability: Magic Bounce
|-immune|p2a: Galvantula
|
|upkeep
|turn|2
|
|t:|1779668165
|switch|p2a: Braviary|Braviary, M|100/100
|move|p1a: Espeon|Shadow Ball|p2a: Braviary
|-immune|p2a: Braviary
|
|upkeep
|turn|3
|
|t:|1779668173
|switch|p1a: Luxray|Luxray, M|100/100
|move|p2a: Braviary|Agility|p2a: Braviary
|-boost|p2a: Braviary|spe|2
|
|-status|p1a: Luxray|brn|[from] item: Flame Orb
|upkeep
|turn|4
|
|t:|1779668182
|switch|p2a: Excadrill|Excadrill, F|100/100
|-ability|p2a: Excadrill|Mold Breaker
|-item|p2a: Excadrill|Air Balloon
|move|p1a: Luxray|Facade|p2a: Excadrill
|-resisted|p2a: Excadrill
|-crit|p2a: Excadrill
|-damage|p2a: Excadrill|27/100
|-enditem|p2a: Excadrill|Air Balloon
|
|-damage|p1a: Luxray|95/100 brn|[from] brn
|upkeep
|turn|5
|
|t:|1779668198
|switch|p1a: Meowscarada|Meowscarada, M, shiny|100/100
|move|p2a: Excadrill|Earthquake|p1a: Meowscarada
|-resisted|p1a: Meowscarada
|-damage|p1a: Meowscarada|55/100
|
|upkeep
|turn|6
|
|t:|1779668206
|switch|p2a: Chandelure|Chandelure, F|100/100
|move|p1a: Meowscarada|U-turn|p2a: Chandelure
|-start|p1a: Meowscarada|typechange|Bug|[from] ability: Protean
|-resisted|p2a: Chandelure
|-damage|p2a: Chandelure|90/100
|
|t:|1779668213
|switch|p1a: Pyroar|Pyroar, M|100/100|[from] U-turn
|-ability|p1a: Pyroar|Unnerve
|
|upkeep
|turn|7
|
|t:|1779668221
|switch|p2a: Hydreigon|Hydreigon, M|100/100
|move|p1a: Pyroar|Dark Pulse|p2a: Hydreigon
|-resisted|p2a: Hydreigon
|-damage|p2a: Hydreigon|86/100
|
|-heal|p2a: Hydreigon|92/100|[from] item: Leftovers
|upkeep
|turn|8
|
|t:|1779668230
|move|p1a: Pyroar|Hyper Voice|p2a: Hydreigon
|-crit|p2a: Hydreigon
|-damage|p2a: Hydreigon|18/100
|move|p2a: Hydreigon|Substitute|p2a: Hydreigon
|-fail|p2a: Hydreigon|move: Substitute|[weak]
|
|-heal|p2a: Hydreigon|24/100|[from] item: Leftovers
|upkeep
|turn|9
|
|t:|1779668238
|move|p1a: Pyroar|Hyper Voice|p2a: Hydreigon
|-damage|p2a: Hydreigon|0 fnt
|faint|p2a: Hydreigon
|
|upkeep
|
|t:|1779668248
|switch|p2a: Amoonguss|Amoonguss, M|100/100
|turn|10
|
|t:|1779668253
|switch|p2a: Chandelure|Chandelure, F|90/100
|move|p1a: Pyroar|Flamethrower|p2a: Chandelure
|-start|p2a: Chandelure|ability: Flash Fire
|
|upkeep
|turn|11
|
|t:|1779668259
|move|p2a: Chandelure|Fire Blast|p1a: Pyroar
|-resisted|p1a: Pyroar
|-damage|p1a: Pyroar|56/100
|move|p1a: Pyroar|Dark Pulse|p2a: Chandelure
|-supereffective|p2a: Chandelure
|-damage|p2a: Chandelure|15/100
|
|upkeep
|turn|12
|
|t:|1779668267
|move|p2a: Chandelure|Fire Blast|p1a: Pyroar
|-resisted|p1a: Pyroar
|-damage|p1a: Pyroar|13/100
|move|p1a: Pyroar|Dark Pulse|p2a: Chandelure
|-supereffective|p2a: Chandelure
|-damage|p2a: Chandelure|0 fnt
|faint|p2a: Chandelure
|
|upkeep
|-message|24iomxx forfeited.
|
|win|enigma96
|raw|enigma96's rating: 1070 &rarr; <strong>1103</strong><br />(+33 for winning)
|raw|24iomxx's rating: 1114 &rarr; <strong>1086</strong><br />(-28 for losing)
|l|☆24iomxx
|player|p2|
|l|☆enigma96
|player|p1|
