|j|☆claudechamp
|j|☆zhh240724
|t:|1779683404
|gametype|singles
|player|p1|claudechamp|170|1278
|player|p2|zhh240724|1|1237
|gen|9
|tier|[Gen 9] OU
|rated|
|rule|HP Percentage Mod: HP is shown in percentages
|rule|Endless Battle Clause: Forcing endless battles is banned
|rule|Species Clause: Limit one of each Pokémon
|rule|OHKO Clause: OHKO moves are banned
|rule|Evasion Items Clause: Evasion items are banned
|rule|Evasion Moves Clause: Evasion moves are banned
|rule|Evasion Abilities Clause: Evasion abilities are banned
|rule|Sleep Moves Clause: Sleep-inducing moves are banned
|clearpoke
|poke|p1|Gliscor, M|
|poke|p1|Ogerpon, F|
|poke|p1|Walking Wake|
|poke|p1|Blissey, F|
|poke|p1|Corviknight, F|
|poke|p1|Pecharunt|
|poke|p2|Ceruledge, F|
|poke|p2|Iron Crown|
|poke|p2|Garganacl, M|
|poke|p2|Maushold-Four|
|poke|p2|Cramorant, F|
|poke|p2|Dondozo, F|
|teampreview
|c|☆claudechamp|hf
|inactive|Battle timer is ON: inactive players will automatically lose when time's up. (requested by claudechamp)
|
|t:|1779683412
|teamsize|p1|6
|teamsize|p2|6
|start
|switch|p1a: Gliscor|Gliscor, M|100/100
|switch|p2a: Cramorant|Cramorant, F, shiny|100/100
|turn|1
|
|t:|1779683420
|move|p2a: Cramorant|Surf|p1a: Gliscor
|-formechange|p2a: Cramorant|Cramorant-Gulping|
|-supereffective|p1a: Gliscor
|-crit|p1a: Gliscor
|-damage|p1a: Gliscor|9/100
|move|p1a: Gliscor|Spikes|p2a: Cramorant
|-sidestart|p2: zhh240724|Spikes
|
|-status|p1a: Gliscor|tox|[from] item: Toxic Orb
|upkeep
|turn|2
|
|t:|1779683427
|switch|p1a: Ogerpon|Ogerpon, F|100/100
|move|p2a: Cramorant|Surf|p1a: Ogerpon
|-resisted|p1a: Ogerpon
|-damage|p1a: Ogerpon|78/100
|
|upkeep
|turn|3
|
|t:|1779683434
|move|p1a: Ogerpon|Ivy Cudgel|p2a: Cramorant
|-crit|p2a: Cramorant
|-enditem|p2a: Cramorant|Focus Sash
|-damage|p2a: Cramorant|1/100
|-damage|p1a: Ogerpon|53/100|[from] ability: Gulp Missile|[of] p2a: Cramorant
|-unboost|p1a: Ogerpon|def|1
|-ability|p1a: Ogerpon|Defiant|boost
|-boost|p1a: Ogerpon|atk|2
|-formechange|p2a: Cramorant|Cramorant|
|move|p2a: Cramorant|Air Slash|p1a: Ogerpon
|-supereffective|p1a: Ogerpon
|-damage|p1a: Ogerpon|0 fnt
|faint|p1a: Ogerpon
|
|upkeep
|
|t:|1779683436
|switch|p1a: Blissey|Blissey, F|100/100
|turn|4
|
|t:|1779683450
|move|p2a: Cramorant|Surf|p1a: Blissey
|-formechange|p2a: Cramorant|Cramorant-Gorging|
|-damage|p1a: Blissey|89/100
|move|p1a: Blissey|Stealth Rock|p2a: Cramorant
|-sidestart|p2: zhh240724|move: Stealth Rock
|
|upkeep
|turn|5
|
|t:|1779683459
|move|p2a: Cramorant|Roost|p2a: Cramorant
|-heal|p2a: Cramorant|51/100
|-singleturn|p2a: Cramorant|move: Roost
|move|p1a: Blissey|Seismic Toss|p2a: Cramorant
|-damage|p2a: Cramorant|15/100
|-damage|p1a: Blissey|64/100|[from] ability: Gulp Missile|[of] p2a: Cramorant
|-status|p1a: Blissey|par
|-formechange|p2a: Cramorant|Cramorant|
|
|upkeep
|turn|6
|
|t:|1779683475
|-curestatus|p1a: Blissey|par|[from] ability: Natural Cure|[silent]
|switch|p1a: Walking Wake|Walking Wake|100/100
|move|p2a: Cramorant|Surf|p1a: Walking Wake
|-formechange|p2a: Cramorant|Cramorant-Gorging|
|-resisted|p1a: Walking Wake
|-damage|p1a: Walking Wake|91/100
|
|upkeep
|turn|7
|
|t:|1779683484
|move|p1a: Walking Wake|Surf|p2a: Cramorant
|-resisted|p2a: Cramorant
|-damage|p2a: Cramorant|0 fnt
|-damage|p1a: Walking Wake|66/100|[from] ability: Gulp Missile|[of] p2a: Cramorant
|-status|p1a: Walking Wake|par
|-formechange|p2a: Cramorant|Cramorant|
|faint|p2a: Cramorant
|
|upkeep
|
|t:|1779683491
|switch|p2a: Maushold|Maushold-Four, shiny|100/100
|-damage|p2a: Maushold|88/100|[from] Spikes
|-damage|p2a: Maushold|76/100|[from] Stealth Rock
|turn|8
|
|t:|1779683496
|-end|p1a: Walking Wake|Protosynthesis|[silent]
|switch|p1a: Gliscor|Gliscor, M|9/100 tox
|move|p2a: Maushold|Tidy Up|p2a: Maushold
|-sideend|p2: zhh240724|Spikes
|-sideend|p2: zhh240724|Stealth Rock
|-activate|p2a: Maushold|move: Tidy Up
|-boost|p2a: Maushold|atk|1
|-boost|p2a: Maushold|spe|1
|
|-heal|p1a: Gliscor|21/100 tox|[from] ability: Poison Heal
|upkeep
|turn|9
|
|t:|1779683501
|move|p2a: Maushold|Population Bomb|p1a: Gliscor
|-damage|p1a: Gliscor|8/100 tox
|-damage|p1a: Gliscor|0 fnt
|faint|p1a: Gliscor
|-hitcount|p1: Gliscor|2
|
|upkeep
|
|t:|1779683503
|switch|p1a: Pecharunt|Pecharunt|100/100
|turn|10
|
|t:|1779683508
|move|p2a: Maushold|Bite|p1a: Pecharunt
|-supereffective|p1a: Pecharunt
|-damage|p1a: Pecharunt|72/100
|move|p1a: Pecharunt|Foul Play|p2a: Maushold
|-damage|p2a: Maushold|20/100
|
|upkeep
|turn|11
|
|t:|1779683516
|move|p2a: Maushold|Bite|p1a: Pecharunt
|-supereffective|p1a: Pecharunt
|-damage|p1a: Pecharunt|39/100
|move|p1a: Pecharunt|Foul Play|p2a: Maushold
|-damage|p2a: Maushold|0 fnt
|faint|p2a: Maushold
|
|upkeep
|
|t:|1779683525
|switch|p2a: Garganacl|Garganacl, M, shiny|100/100
|turn|12
|
|t:|1779683528
|move|p1a: Pecharunt|Recover|p1a: Pecharunt
|-heal|p1a: Pecharunt|89/100
|move|p2a: Garganacl|Salt Cure|p1a: Pecharunt
|-damage|p1a: Pecharunt|82/100
|-start|p1a: Pecharunt|Salt Cure
|
|-damage|p1a: Pecharunt|70/100|[from] Salt Cure
|upkeep
|turn|13
|
|t:|1779683535
|move|p1a: Pecharunt|Foul Play|p2a: Garganacl
|-damage|p2a: Garganacl|88/100
|move|p2a: Garganacl|Substitute|p2a: Garganacl
|-start|p2a: Garganacl|Substitute
|-damage|p2a: Garganacl|63/100
|
|-heal|p2a: Garganacl|70/100|[from] item: Leftovers
|-damage|p1a: Pecharunt|58/100|[from] Salt Cure
|upkeep
|turn|14
|
|t:|1779683539
|switch|p1a: Blissey|Blissey, F|64/100
|move|p2a: Garganacl|Recover|p2a: Garganacl
|-heal|p2a: Garganacl|100/100
|
|upkeep
|turn|15
|
|t:|1779683546
|move|p1a: Blissey|Seismic Toss|p2a: Garganacl
|-activate|p2a: Garganacl|move: Substitute|[damage]
|move|p2a: Garganacl|Salt Cure|p1a: Blissey
|-damage|p1a: Blissey|49/100
|-start|p1a: Blissey|Salt Cure
|
|-damage|p1a: Blissey|37/100|[from] Salt Cure
|upkeep
|turn|16
|
|t:|1779683554
|switch|p1a: Pecharunt|Pecharunt|58/100
|move|p2a: Garganacl|Salt Cure|p1a: Pecharunt
|-damage|p1a: Pecharunt|51/100
|-start|p1a: Pecharunt|Salt Cure
|
|-damage|p1a: Pecharunt|39/100|[from] Salt Cure
|upkeep
|turn|17
|
|t:|1779683562
|move|p1a: Pecharunt|Malignant Chain|p2a: Garganacl
|-resisted|p2a: Garganacl
|-end|p2a: Garganacl|Substitute
|move|p2a: Garganacl|Salt Cure|p1a: Pecharunt
|-crit|p1a: Pecharunt
|-damage|p1a: Pecharunt|29/100
|
|-damage|p1a: Pecharunt|16/100|[from] Salt Cure
|upkeep
|turn|18
|
|t:|1779683570
|move|p1a: Pecharunt|Recover|p1a: Pecharunt
|-heal|p1a: Pecharunt|66/100
|move|p2a: Garganacl|Substitute|p2a: Garganacl
|-start|p2a: Garganacl|Substitute
|-damage|p2a: Garganacl|75/100
|
|-heal|p2a: Garganacl|82/100|[from] item: Leftovers
|-damage|p1a: Pecharunt|54/100|[from] Salt Cure
|upkeep
|turn|19
|
|t:|1779683574
|switch|p1a: Blissey|Blissey, F|37/100
|move|p2a: Garganacl|Recover|p2a: Garganacl
|-heal|p2a: Garganacl|100/100
|
|upkeep
|turn|20
|
|t:|1779683579
|-terastallize|p1a: Blissey|Dark
|move|p1a: Blissey|Soft-Boiled|p1a: Blissey
|-heal|p1a: Blissey|87/100
|move|p2a: Garganacl|Salt Cure|p1a: Blissey
|-damage|p1a: Blissey|73/100
|-start|p1a: Blissey|Salt Cure
|
|-damage|p1a: Blissey|61/100|[from] Salt Cure
|upkeep
|turn|21
|
|t:|1779683587
|switch|p1a: Pecharunt|Pecharunt|54/100
|move|p2a: Garganacl|Salt Cure|p1a: Pecharunt
|-damage|p1a: Pecharunt|48/100
|-start|p1a: Pecharunt|Salt Cure
|
|-damage|p1a: Pecharunt|35/100|[from] Salt Cure
|upkeep
|turn|22
|
|t:|1779683593
|move|p1a: Pecharunt|Foul Play|p2a: Garganacl
|-activate|p2a: Garganacl|move: Substitute|[damage]
|move|p2a: Garganacl|Salt Cure|p1a: Pecharunt
|-damage|p1a: Pecharunt|29/100
|
|-damage|p1a: Pecharunt|17/100|[from] Salt Cure
|upkeep
|turn|23
|
|t:|1779683600
|switch|p1a: Blissey|Blissey, F, tera:Dark|61/100
|move|p2a: Garganacl|Salt Cure|p1a: Blissey
|-damage|p1a: Blissey|46/100
|-start|p1a: Blissey|Salt Cure
|
|-damage|p1a: Blissey|33/100|[from] Salt Cure
|upkeep
|turn|24
|
|t:|1779683608
|move|p1a: Blissey|Seismic Toss|p2a: Garganacl
|-end|p2a: Garganacl|Substitute
|move|p2a: Garganacl|Salt Cure|p1a: Blissey
|-damage|p1a: Blissey|20/100
|
|-damage|p1a: Blissey|7/100|[from] Salt Cure
|upkeep
|turn|25
|
|t:|1779683614
|move|p1a: Blissey|Soft-Boiled|p1a: Blissey
|-heal|p1a: Blissey|57/100
|move|p2a: Garganacl|Salt Cure|p1a: Blissey
|-damage|p1a: Blissey|42/100
|
|-damage|p1a: Blissey|29/100|[from] Salt Cure
|upkeep
|turn|26
|
|t:|1779683620
|move|p1a: Blissey|Soft-Boiled|p1a: Blissey
|-heal|p1a: Blissey|79/100
|move|p2a: Garganacl|Salt Cure|p1a: Blissey
|-damage|p1a: Blissey|65/100
|
|-damage|p1a: Blissey|53/100|[from] Salt Cure
|upkeep
|turn|27
|
|t:|1779683631
|move|p1a: Blissey|Stealth Rock|p2a: Garganacl
|-sidestart|p2: zhh240724|move: Stealth Rock
|move|p2a: Garganacl|Salt Cure|p1a: Blissey
|-crit|p1a: Blissey
|-damage|p1a: Blissey|32/100
|
|-damage|p1a: Blissey|19/100|[from] Salt Cure
|upkeep
|turn|28
|
|t:|1779683642
|move|p1a: Blissey|Soft-Boiled|p1a: Blissey
|-heal|p1a: Blissey|69/100
|move|p2a: Garganacl|Salt Cure|p1a: Blissey
|-damage|p1a: Blissey|55/100
|
|-damage|p1a: Blissey|43/100|[from] Salt Cure
|upkeep
|turn|29
|
|t:|1779683653
|move|p1a: Blissey|Soft-Boiled|p1a: Blissey
|-heal|p1a: Blissey|93/100
|move|p2a: Garganacl|Substitute|p2a: Garganacl
|-start|p2a: Garganacl|Substitute
|-damage|p2a: Garganacl|75/100
|
|-heal|p2a: Garganacl|82/100|[from] item: Leftovers
|-damage|p1a: Blissey|80/100|[from] Salt Cure
|upkeep
|turn|30
|
|t:|1779683664
|move|p1a: Blissey|Seismic Toss|p2a: Garganacl
|-activate|p2a: Garganacl|move: Substitute|[damage]
|move|p2a: Garganacl|Salt Cure|p1a: Blissey
|-damage|p1a: Blissey|67/100
|
|-heal|p2a: Garganacl|88/100|[from] item: Leftovers
|-damage|p1a: Blissey|54/100|[from] Salt Cure
|upkeep
|turn|31
|
|t:|1779683674
|move|p1a: Blissey|Seismic Toss|p2a: Garganacl
|-end|p2a: Garganacl|Substitute
|move|p2a: Garganacl|Salt Cure|p1a: Blissey
|-damage|p1a: Blissey|39/100
|
|-heal|p2a: Garganacl|94/100|[from] item: Leftovers
|-damage|p1a: Blissey|27/100|[from] Salt Cure
|upkeep
|turn|32
|
|t:|1779683685
|move|p1a: Blissey|Soft-Boiled|p1a: Blissey
|-heal|p1a: Blissey|77/100
|move|p2a: Garganacl|Salt Cure|p1a: Blissey
|-damage|p1a: Blissey|61/100
|
|-heal|p2a: Garganacl|99/100|[from] item: Leftovers
|-damage|p1a: Blissey|49/100|[from] Salt Cure
|upkeep
|turn|33
|
|t:|1779683691
|switch|p1a: Pecharunt|Pecharunt|17/100
|move|p2a: Garganacl|Salt Cure|p1a: Pecharunt
|-damage|p1a: Pecharunt|10/100
|-start|p1a: Pecharunt|Salt Cure
|
|-heal|p2a: Garganacl|100/100|[from] item: Leftovers
|-damage|p1a: Pecharunt|0 fnt|[from] Salt Cure
|faint|p1a: Pecharunt
|upkeep
|
|t:|1779683698
|switch|p1a: Blissey|Blissey, F, tera:Dark|49/100
|turn|34
|
|t:|1779683703
|move|p1a: Blissey|Soft-Boiled|p1a: Blissey
|-heal|p1a: Blissey|99/100
|move|p2a: Garganacl|Salt Cure|p1a: Blissey
|-damage|p1a: Blissey|83/100
|-start|p1a: Blissey|Salt Cure
|
|-damage|p1a: Blissey|71/100|[from] Salt Cure
|upkeep
|turn|35
|
|t:|1779683711
|move|p1a: Blissey|Seismic Toss|p2a: Garganacl
|-damage|p2a: Garganacl|76/100
|move|p2a: Garganacl|Substitute|p2a: Garganacl
|-start|p2a: Garganacl|Substitute
|-damage|p2a: Garganacl|51/100
|
|-heal|p2a: Garganacl|57/100|[from] item: Leftovers
|-damage|p1a: Blissey|58/100|[from] Salt Cure
|upkeep
|turn|36
|
|t:|1779683721
|move|p1a: Blissey|Seismic Toss|p2a: Garganacl
|-activate|p2a: Garganacl|move: Substitute|[damage]
|move|p2a: Garganacl|Recover|p2a: Garganacl
|-heal|p2a: Garganacl|100/100
|
|-damage|p1a: Blissey|46/100|[from] Salt Cure
|upkeep
|turn|37
|
|t:|1779683726
|move|p1a: Blissey|Seismic Toss|p2a: Garganacl
|-end|p2a: Garganacl|Substitute
|move|p2a: Garganacl|Salt Cure|p1a: Blissey
|-damage|p1a: Blissey|32/100
|
|-damage|p1a: Blissey|19/100|[from] Salt Cure
|upkeep
|turn|38
|
|t:|1779683735
|move|p1a: Blissey|Soft-Boiled|p1a: Blissey
|-heal|p1a: Blissey|69/100
|move|p2a: Garganacl|Substitute|p2a: Garganacl
|-start|p2a: Garganacl|Substitute
|-damage|p2a: Garganacl|75/100
|
|-heal|p2a: Garganacl|82/100|[from] item: Leftovers
|-damage|p1a: Blissey|57/100|[from] Salt Cure
|upkeep
|turn|39
|
|t:|1779683743
|switch|p1a: Corviknight|Corviknight, F|100/100
|-ability|p1a: Corviknight|Pressure
|move|p2a: Garganacl|Salt Cure|p1a: Corviknight
|-damage|p1a: Corviknight|91/100
|-start|p1a: Corviknight|Salt Cure
|
|-heal|p2a: Garganacl|88/100|[from] item: Leftovers
|-damage|p1a: Corviknight|66/100|[from] Salt Cure
|upkeep
|turn|40
|
|t:|1779683752
|move|p1a: Corviknight|U-turn|p2a: Garganacl
|-activate|p2a: Garganacl|move: Substitute|[damage]
|
|t:|1779683757
|switch|p1a: Blissey|Blissey, F, tera:Dark|57/100|[from] U-turn
|move|p2a: Garganacl|Salt Cure|p1a: Blissey
|-damage|p1a: Blissey|42/100
|-start|p1a: Blissey|Salt Cure
|
|-heal|p2a: Garganacl|94/100|[from] item: Leftovers
|-damage|p1a: Blissey|29/100|[from] Salt Cure
|upkeep
|turn|41
|
|t:|1779683763
|switch|p1a: Corviknight|Corviknight, F|66/100
|-ability|p1a: Corviknight|Pressure
|move|p2a: Garganacl|Salt Cure|p1a: Corviknight
|-damage|p1a: Corviknight|57/100
|-start|p1a: Corviknight|Salt Cure
|
|-heal|p2a: Garganacl|99/100|[from] item: Leftovers
|-damage|p1a: Corviknight|32/100|[from] Salt Cure
|upkeep
|turn|42
|
|t:|1779683778
|switch|p1a: Blissey|Blissey, F, tera:Dark|29/100
|switch|p2a: Ceruledge|Ceruledge, F|100/100
|-damage|p2a: Ceruledge|76/100|[from] Stealth Rock
|
|upkeep
|turn|43
|
|t:|1779683785
|switch|p1a: Corviknight|Corviknight, F|32/100
|-ability|p1a: Corviknight|Pressure
|move|p2a: Ceruledge|Swords Dance|p2a: Ceruledge
|-boost|p2a: Ceruledge|atk|2
|
|upkeep
|turn|44
|
|t:|1779683793
|move|p2a: Ceruledge|Bitter Blade|p1a: Corviknight
|-supereffective|p1a: Corviknight
|-damage|p1a: Corviknight|0 fnt
|-heal|p2a: Ceruledge|96/100|[from] drain|[of] p1a: Corviknight
|faint|p1a: Corviknight
|
|upkeep
|
|t:|1779683803
|switch|p1a: Walking Wake|Walking Wake|66/100 par
|turn|45
|
|t:|1779683813
|move|p2a: Ceruledge|Bitter Blade|p1a: Walking Wake
|-resisted|p1a: Walking Wake
|-damage|p1a: Walking Wake|42/100 par
|-heal|p2a: Ceruledge|100/100|[from] drain|[of] p1a: Walking Wake
|cant|p1a: Walking Wake|par
|
|upkeep
|turn|46
|
|t:|1779683823
|move|p2a: Ceruledge|Poltergeist|p1a: Walking Wake
|-activate|p1a: Walking Wake|move: Poltergeist|Heavy-Duty Boots
|-damage|p1a: Walking Wake|0 fnt
|faint|p1a: Walking Wake
|-end|p1a: Walking Wake|Protosynthesis|[silent]
|
|upkeep
|
|t:|1779683827
|switch|p1a: Blissey|Blissey, F, tera:Dark|29/100
|turn|47
|
|t:|1779683834
|move|p2a: Ceruledge|Bitter Blade|p1a: Blissey
|-damage|p1a: Blissey|0 fnt
|faint|p1a: Blissey
|
|win|zhh240724
|raw|claudechamp's rating: 1248 &rarr; <strong>1222</strong><br />(-26 for losing)
|raw|zhh240724's rating: 1237 &rarr; <strong>1263</strong><br />(+26 for winning)
|c|☆claudechamp|gg
|l|☆zhh240724
|player|p2|
