|j|‽Come on mon
|j|☆a3720
|t:|1779598232
|gametype|singles
|player|p1|Come on mon|rocketgrunt|1697
|player|p2|a3720|170|1743
|gen|9
|tier|[Gen 9] OU
|rated|
|rule|HP Percentage Mod: HP is shown in percentages
|rule|Endless Battle Clause: Forcing endless battles is banned
|rule|Species Clause: Limit one of each Pokémon
|rule|OHKO Clause: OHKO moves are banned
|rule|Evasion Items Clause: Evasion items are banned
|rule|Evasion Moves Clause: Evasion moves are banned
|rule|Evasion Abilities Clause: Evasion abilities are banned
|rule|Sleep Moves Clause: Sleep-inducing moves are banned
|clearpoke
|poke|p1|Ninetales-Alola, M|
|poke|p1|Klefki, M|
|poke|p1|Maushold-Four|
|poke|p1|Latias, F|
|poke|p1|Okidogi, M|
|poke|p1|Kyurem|
|poke|p2|Indeedee, M|
|poke|p2|Dragapult, M|
|poke|p2|Hoopa-Unbound|
|poke|p2|Deoxys-Speed|
|poke|p2|Excadrill, M|
|poke|p2|Blaziken, M|
|teampreview
|inactive|Battle timer is ON: inactive players will automatically lose when time's up. (requested by Come on mon)
|inactive|a3720 has 120 seconds left.
|j| crust king kahn
|
|t:|1779598274
|teamsize|p1|6
|teamsize|p2|6
|start
|switch|p1a: Klefki|Klefki, M|100/100
|switch|p2a: Excadrill|Excadrill, M|100/100
|-ability|p2a: Excadrill|Mold Breaker
|turn|1
|
|t:|1779598280
|move|p1a: Klefki|Reflect|p1a: Klefki
|-sidestart|p1: Come on mon|Reflect
|move|p2a: Excadrill|Earthquake|p1a: Klefki
|-supereffective|p1a: Klefki
|-crit|p1a: Klefki
|-damage|p1a: Klefki|0 fnt
|faint|p1a: Klefki
|
|upkeep
|
|t:|1779598286
|switch|p1a: Maushold|Maushold-Four|100/100
|turn|2
|j| Pakas123
|inactive|a3720 has 120 seconds left.
|
|t:|1779598323
|move|p2a: Excadrill|Earthquake|p1a: Maushold
|-damage|p1a: Maushold|63/100
|move|p1a: Maushold|Tidy Up|p1a: Maushold
|-boost|p1a: Maushold|atk|1
|-boost|p1a: Maushold|spe|1
|
|upkeep
|turn|3
|inactive|a3720 has 120 seconds left.
|
|t:|1779598339
|move|p1a: Maushold|Tidy Up|p1a: Maushold
|-boost|p1a: Maushold|atk|1
|-boost|p1a: Maushold|spe|1
|move|p2a: Excadrill|Earthquake|p1a: Maushold
|-crit|p1a: Maushold
|-damage|p1a: Maushold|0 fnt
|faint|p1a: Maushold
|
|upkeep
|j| bumsama
|
|t:|1779598343
|switch|p1a: Kyurem|Kyurem, shiny|100/100
|-ability|p1a: Kyurem|Pressure
|turn|4
|inactive|a3720 has 120 seconds left.
|
|t:|1779598370
|move|p2a: Excadrill|Iron Head|p1a: Kyurem
|-supereffective|p1a: Kyurem
|-damage|p1a: Kyurem|58/100
|move|p1a: Kyurem|Dragon Dance|p1a: Kyurem
|-boost|p1a: Kyurem|atk|1
|-boost|p1a: Kyurem|spe|1
|
|-heal|p1a: Kyurem|64/100|[from] item: Leftovers
|upkeep
|turn|5
|
|t:|1779598377
|-terastallize|p1a: Kyurem|Ground
|move|p1a: Kyurem|Dragon Dance|p1a: Kyurem
|-boost|p1a: Kyurem|atk|1
|-boost|p1a: Kyurem|spe|1
|move|p2a: Excadrill|Iron Head|p1a: Kyurem
|-damage|p1a: Kyurem|43/100
|
|-heal|p1a: Kyurem|50/100|[from] item: Leftovers
|upkeep
|turn|6
|
|t:|1779598393
|move|p1a: Kyurem|Dragon Dance|p1a: Kyurem
|-boost|p1a: Kyurem|atk|1
|-boost|p1a: Kyurem|spe|1
|move|p2a: Excadrill|Earthquake|p1a: Kyurem
|-damage|p1a: Kyurem|25/100
|
|-heal|p1a: Kyurem|31/100|[from] item: Leftovers
|upkeep
|turn|7
|
|t:|1779598405
|move|p1a: Kyurem|Icicle Spear|p2a: Excadrill
|-damage|p2a: Excadrill|64/100
|-damage|p2a: Excadrill|23/100
|-damage|p2a: Excadrill|0 fnt
|faint|p2a: Excadrill
|-hitcount|p2: Excadrill|3
|
|-heal|p1a: Kyurem|37/100|[from] item: Leftovers
|upkeep
|inactive|a3720 has 90 seconds left.
|
|t:|1779598439
|switch|p2a: Blaziken|Blaziken, M|100/100
|turn|8
|
|t:|1779598443
|move|p1a: Kyurem|Earth Power|p2a: Blaziken
|-supereffective|p2a: Blaziken
|-damage|p2a: Blaziken|0 fnt
|faint|p2a: Blaziken
|
|-heal|p1a: Kyurem|43/100|[from] item: Leftovers
|-sideend|p1: Come on mon|Reflect
|upkeep
|
|t:|1779598450
|switch|p2a: Dragapult|Dragapult, M|100/100
|turn|9
|
|t:|1779598457
|-terastallize|p2a: Dragapult|Fire
|move|p1a: Kyurem|Icicle Spear|p2a: Dragapult
|-resisted|p2a: Dragapult
|-damage|p2a: Dragapult|80/100
|-resisted|p2a: Dragapult
|-crit|p2a: Dragapult
|-damage|p2a: Dragapult|51/100
|-resisted|p2a: Dragapult
|-damage|p2a: Dragapult|29/100
|-hitcount|p2a: Dragapult|3
|move|p2a: Dragapult|Dragon Darts|p1a: Kyurem
|-damage|p1a: Kyurem|13/100
|-anim|p2a: Dragapult|Dragon Darts|p1a: Kyurem
|-damage|p1a: Kyurem|0 fnt
|faint|p1a: Kyurem
|-damage|p2a: Dragapult|19/100|[from] item: Life Orb
|
|upkeep
|
|t:|1779598467
|switch|p1a: Ninetales|Ninetales-Alola, M|100/100
|-weather|Snowscape|[from] ability: Snow Warning|[of] p1a: Ninetales
|turn|10
|
|t:|1779598470
|move|p2a: Dragapult|Fire Blast|p1a: Ninetales
|-supereffective|p1a: Ninetales
|-damage|p1a: Ninetales|0 fnt
|faint|p1a: Ninetales
|-damage|p2a: Dragapult|9/100|[from] item: Life Orb
|
|-weather|Snowscape|[upkeep]
|upkeep
|
|t:|1779598472
|switch|p1a: Latias|Latias, F|100/100
|turn|11
|
|t:|1779598478
|switch|p1a: Okidogi|Okidogi, M|100/100
|move|p2a: Dragapult|Dragon Darts|p1a: Okidogi
|-damage|p1a: Okidogi|73/100
|-anim|p2a: Dragapult|Dragon Darts|p1a: Okidogi
|-damage|p1a: Okidogi|45/100
|-damage|p2a: Dragapult|0 fnt|[from] item: Life Orb
|faint|p2a: Dragapult
|
|-weather|Snowscape|[upkeep]
|-heal|p1a: Okidogi|51/100|[from] item: Leftovers
|upkeep
|inactive|a3720 has 120 seconds left.
|
|t:|1779598490
|switch|p2a: Indeedee|Indeedee, M|100/100
|-fieldstart|move: Psychic Terrain|[from] ability: Psychic Surge|[of] p2a: Indeedee
|turn|12
|inactive|a3720 has 120 seconds left.
|
|t:|1779598504
|move|p2a: Indeedee|Expanding Force|p1a: Okidogi
|-supereffective|p1a: Okidogi
|-damage|p1a: Okidogi|0 fnt
|faint|p1a: Okidogi
|
|-weather|Snowscape|[upkeep]
|upkeep
|
|t:|1779598506
|switch|p1a: Latias|Latias, F|100/100
|turn|13
|
|t:|1779598512
|move|p2a: Indeedee|Encore||[still]
|-fail|p2a: Indeedee
|move|p1a: Latias|Agility|p1a: Latias
|-boost|p1a: Latias|spe|2
|
|-weather|Snowscape|[upkeep]
|upkeep
|turn|14
|
|t:|1779598517
|move|p1a: Latias|Calm Mind|p1a: Latias
|-boost|p1a: Latias|spa|1
|-boost|p1a: Latias|spd|1
|move|p2a: Indeedee|Encore|p1a: Latias
|-start|p1a: Latias|Encore
|
|-weather|none
|upkeep
|turn|15
|
|t:|1779598521
|switch|p2a: Hoopa|Hoopa-Unbound|100/100
|-enditem|p2a: Hoopa|Psychic Seed
|-boost|p2a: Hoopa|spd|1|[from] item: Psychic Seed
|move|p1a: Latias|Calm Mind|p1a: Latias
|-boost|p1a: Latias|spa|1
|-boost|p1a: Latias|spd|1
|
|upkeep
|turn|16
|
|t:|1779598526
|move|p1a: Latias|Calm Mind|p1a: Latias
|-boost|p1a: Latias|spa|1
|-boost|p1a: Latias|spd|1
|move|p2a: Hoopa|Trick Room|p2a: Hoopa
|-fieldstart|move: Trick Room|[of] p2a: Hoopa
|
|upkeep
|turn|17
|
|t:|1779598532
|move|p2a: Hoopa|Hyperspace Fury|p1a: Latias
|-supereffective|p1a: Latias
|-damage|p1a: Latias|0 fnt
|-unboost|p2a: Hoopa|def|1
|faint|p1a: Latias
|-item|p2a: Hoopa|Weakness Policy|[from] ability: Magician|[of] p1: Latias
|
|win|a3720
|raw|Come on mon's rating: 1697 &rarr; <strong>1680</strong><br />(-17 for losing)
|raw|a3720's rating: 1743 &rarr; <strong>1760</strong><br />(+17 for winning)
|l|‽Come on mon
|player|p1|
|l| Pakas123
|l| bumsama
|l| crust king kahn
