|j|☆sk_pk123
|j|‽aaagislash
|t:|1779702437
|gametype|singles
|player|p1|sk_pk123|red|1433
|player|p2|aaagislash|1|1480
|gen|9
|tier|[Gen 9] OU
|rated|
|rule|HP Percentage Mod: HP is shown in percentages
|rule|Endless Battle Clause: Forcing endless battles is banned
|rule|Species Clause: Limit one of each Pokémon
|rule|OHKO Clause: OHKO moves are banned
|rule|Evasion Items Clause: Evasion items are banned
|rule|Evasion Moves Clause: Evasion moves are banned
|rule|Evasion Abilities Clause: Evasion abilities are banned
|rule|Sleep Moves Clause: Sleep-inducing moves are banned
|clearpoke
|poke|p1|Greninja-*, M|
|poke|p1|Pelipper, M|
|poke|p1|Volbeat, L20, M|
|poke|p1|Hitmonlee, M|
|poke|p1|Basculegion, M|
|poke|p1|Walking Wake|
|poke|p2|Kommo-o, F|
|poke|p2|Moltres|
|poke|p2|Iron Valiant|
|poke|p2|Meowscarada, F|
|poke|p2|Scizor, F|
|poke|p2|Great Tusk|
|teampreview
|inactive|Battle timer is ON: inactive players will automatically lose when time's up. (requested by sk_pk123)
|j| suiji-a
|l| suiji-a
|
|t:|1779702467
|teamsize|p1|6
|teamsize|p2|6
|start
|switch|p1a: Pelipper|Pelipper, M|100/100
|switch|p2a: Kommo-o|Kommo-o, F|100/100
|-weather|RainDance|[from] ability: Drizzle|[of] p1a: Pelipper
|turn|1
|
|t:|1779702478
|move|p2a: Kommo-o|Outrage|p1a: Pelipper
|-damage|p1a: Pelipper|17/100
|-damage|p2a: Kommo-o|91/100|[from] item: Life Orb
|move|p1a: Pelipper|Hurricane|p2a: Kommo-o
|-supereffective|p2a: Kommo-o
|-damage|p2a: Kommo-o|0 fnt
|faint|p2a: Kommo-o
|
|-weather|RainDance|[upkeep]
|upkeep
|
|t:|1779702481
|switch|p2a: Meowscarada|Meowscarada, F|100/100
|turn|2
|
|t:|1779702498
|switch|p1a: Volbeat|Volbeat, L20, M|100/100
|move|p2a: Meowscarada|Spikes|p1a: Volbeat
|-sidestart|p1: sk_pk123|Spikes
|
|-weather|RainDance|[upkeep]
|upkeep
|turn|3
|
|t:|1779702501
|move|p2a: Meowscarada|Spikes|p1a: Volbeat
|-sidestart|p1: sk_pk123|Spikes
|move|p1a: Volbeat|Endeavor|p2a: Meowscarada
|-damage|p2a: Meowscarada|22/100
|-enditem|p2a: Meowscarada|Liechi Berry|[eat]
|-boost|p2a: Meowscarada|atk|1|[from] item: Liechi Berry
|
|-weather|RainDance|[upkeep]
|upkeep
|turn|4
|
|t:|1779702515
|move|p2a: Meowscarada|Flower Trick|p1a: Volbeat
|-resisted|p1a: Volbeat
|-crit|p1a: Volbeat
|-enditem|p1a: Volbeat|Focus Sash
|-damage|p1a: Volbeat|2/100
|move|p1a: Volbeat|Endeavor|p2a: Meowscarada
|-damage|p2a: Meowscarada|1/100
|
|-weather|RainDance|[upkeep]
|upkeep
|turn|5
|
|t:|1779702520
|move|p2a: Meowscarada|Sucker Punch|p1a: Volbeat
|-damage|p1a: Volbeat|0 fnt
|faint|p1a: Volbeat
|
|-weather|RainDance|[upkeep]
|upkeep
|
|t:|1779702526
|switch|p1a: Basculegion|Basculegion, M, shiny|100/100
|-damage|p1a: Basculegion|84/100|[from] Spikes
|turn|6
|
|t:|1779702529
|move|p2a: Meowscarada|Endure|p2a: Meowscarada
|-singleturn|p2a: Meowscarada|move: Endure
|move|p1a: Basculegion|Aqua Jet|p2a: Meowscarada
|-resisted|p2a: Meowscarada
|-activate|p2a: Meowscarada|move: Endure
|-damage|p2a: Meowscarada|1/100
|
|-weather|RainDance|[upkeep]
|upkeep
|turn|7
|
|t:|1779702537
|switch|p2a: Great Tusk|Great Tusk|100/100
|-enditem|p2a: Great Tusk|Booster Energy
|-activate|p2a: Great Tusk|ability: Protosynthesis|[fromitem]
|-start|p2a: Great Tusk|protosynthesisatk
|move|p1a: Basculegion|Aqua Jet|p2a: Great Tusk
|-supereffective|p2a: Great Tusk
|-damage|p2a: Great Tusk|44/100
|
|-weather|RainDance|[upkeep]
|upkeep
|turn|8
|
|t:|1779702541
|move|p1a: Basculegion|Aqua Jet|p2a: Great Tusk
|-supereffective|p2a: Great Tusk
|-damage|p2a: Great Tusk|0 fnt
|faint|p2a: Great Tusk
|-end|p2a: Great Tusk|Protosynthesis|[silent]
|
|-weather|none
|upkeep
|
|t:|1779702546
|switch|p2a: Scizor|Scizor, F|100/100
|turn|9
|
|t:|1779702550
|switch|p1a: Pelipper|Pelipper, M|17/100
|-weather|RainDance|[from] ability: Drizzle|[of] p1a: Pelipper
|move|p2a: Scizor|Swords Dance|p2a: Scizor
|-boost|p2a: Scizor|atk|2
|
|-weather|RainDance|[upkeep]
|upkeep
|turn|10
|
|t:|1779702554
|move|p2a: Scizor|Trailblaze|p1a: Pelipper
|-damage|p1a: Pelipper|0 fnt
|-boost|p2a: Scizor|spe|1
|faint|p1a: Pelipper
|
|-weather|RainDance|[upkeep]
|upkeep
|
|t:|1779702559
|switch|p1a: Walking Wake|Walking Wake|100/100
|-damage|p1a: Walking Wake|84/100|[from] Spikes
|-enditem|p1a: Walking Wake|Booster Energy
|-activate|p1a: Walking Wake|ability: Protosynthesis|[fromitem]
|-start|p1a: Walking Wake|protosynthesisspa
|turn|11
|
|t:|1779702562
|-terastallize|p2a: Scizor|Grass
|move|p2a: Scizor|Trailblaze|p1a: Walking Wake
|-damage|p1a: Walking Wake|0 fnt
|-boost|p2a: Scizor|spe|1
|faint|p1a: Walking Wake
|-end|p1a: Walking Wake|Protosynthesis|[silent]
|
|-weather|RainDance|[upkeep]
|upkeep
|
|t:|1779702572
|switch|p1a: Basculegion|Basculegion, M, shiny|84/100
|-damage|p1a: Basculegion|67/100|[from] Spikes
|turn|12
|
|t:|1779702576
|-terastallize|p1a: Basculegion|Dragon
|move|p1a: Basculegion|Outrage|p2a: Scizor
|-damage|p2a: Scizor|28/100
|move|p2a: Scizor|Trailblaze|p1a: Basculegion
|-resisted|p1a: Basculegion
|-damage|p1a: Basculegion|21/100
|-boost|p2a: Scizor|spe|1
|
|-weather|RainDance|[upkeep]
|-heal|p2a: Scizor|34/100|[from] item: Leftovers
|upkeep
|turn|13
|
|t:|1779702589
|move|p2a: Scizor|Trailblaze|p1a: Basculegion
|-resisted|p1a: Basculegion
|-crit|p1a: Basculegion
|-damage|p1a: Basculegion|0 fnt
|-boost|p2a: Scizor|spe|1
|faint|p1a: Basculegion
|
|-weather|RainDance|[upkeep]
|-heal|p2a: Scizor|40/100|[from] item: Leftovers
|upkeep
|
|t:|1779702593
|switch|p1a: Hitmonlee|Hitmonlee, M|100/100
|-damage|p1a: Hitmonlee|84/100|[from] Spikes
|turn|14
|
|t:|1779702599
|move|p1a: Hitmonlee|Endure|p1a: Hitmonlee
|-singleturn|p1a: Hitmonlee|move: Endure
|move|p2a: Scizor|Trailblaze|p1a: Hitmonlee
|-activate|p1a: Hitmonlee|move: Endure
|-damage|p1a: Hitmonlee|1/100
|-boost|p2a: Scizor|spe|1
|-enditem|p1a: Hitmonlee|Liechi Berry|[eat]
|-boost|p1a: Hitmonlee|atk|1|[from] item: Liechi Berry
|
|-weather|RainDance|[upkeep]
|-heal|p2a: Scizor|46/100|[from] item: Leftovers
|upkeep
|turn|15
|j| Hrivik
|inactive|sk_pk123 has 120 seconds left.
|
|t:|1779702635
|move|p2a: Scizor|Trailblaze|p1a: Hitmonlee
|-damage|p1a: Hitmonlee|0 fnt
|-boost|p2a: Scizor|spe|1
|faint|p1a: Hitmonlee
|
|-weather|RainDance|[upkeep]
|-heal|p2a: Scizor|52/100|[from] item: Leftovers
|upkeep
|-message|sk_pk123 forfeited.
|
|win|aaagislash
|raw|sk_pk123's rating: 1433 &rarr; <strong>1416</strong><br />(-17 for losing)
|raw|aaagislash's rating: 1480 &rarr; <strong>1497</strong><br />(+17 for winning)
|l|☆sk_pk123
|player|p1|
|l|‽aaagislash
|player|p2|
