|j|☆39% gxe
|j|☆arataomega1
|t:|1779698165
|gametype|singles
|player|p1|39% gxe|169|1225
|player|p2|arataomega1|marnie-masters3|1375
|gen|9
|tier|[Gen 9] OU
|rated|
|rule|HP Percentage Mod: HP is shown in percentages
|rule|Endless Battle Clause: Forcing endless battles is banned
|rule|Species Clause: Limit one of each Pokémon
|rule|OHKO Clause: OHKO moves are banned
|rule|Evasion Items Clause: Evasion items are banned
|rule|Evasion Moves Clause: Evasion moves are banned
|rule|Evasion Abilities Clause: Evasion abilities are banned
|rule|Sleep Moves Clause: Sleep-inducing moves are banned
|clearpoke
|poke|p1|Iron Crown|
|poke|p1|Moltres|
|poke|p1|Great Tusk|
|poke|p1|Wo-Chien|
|poke|p1|Iron Valiant|
|poke|p1|Kyurem|
|poke|p2|Volcanion|
|poke|p2|Weezing-Galar, M|
|poke|p2|Reuniclus, M|
|poke|p2|Registeel|
|poke|p2|Krookodile, F|
|poke|p2|Zapdos-Galar|
|teampreview
|inactive|Battle timer is ON: inactive players will automatically lose when time's up. (requested by 39% gxe)
|
|t:|1779698186
|teamsize|p1|6
|teamsize|p2|6
|start
|switch|p1a: dudeman|Iron Crown|100/100
|switch|p2a: El Stromboli|Volcanion|100/100
|turn|1
|
|t:|1779698197
|move|p1a: dudeman|Volt Switch|p2a: El Stromboli
|-supereffective|p2a: El Stromboli
|-damage|p2a: El Stromboli|17/100
|
|t:|1779698212
|-end|p1a: dudeman|Quark Drive|[silent]
|switch|p1a: Osamason|Wo-Chien|100/100|[from] Volt Switch
|-ability|p1a: Osamason|Tablets of Ruin
|move|p2a: El Stromboli|Steam Eruption|p1a: Osamason
|-resisted|p1a: Osamason
|-damage|p1a: Osamason|84/100
|
|-heal|p1a: Osamason|91/100|[from] item: Leftovers
|upkeep
|turn|2
|
|t:|1779698227
|switch|p2a: Big daddy|Registeel, shiny|100/100
|move|p1a: Osamason|Knock Off|p2a: Big daddy
|-damage|p2a: Big daddy|83/100
|-enditem|p2a: Big daddy|Leftovers|[from] move: Knock Off|[of] p1a: Osamason
|
|-heal|p1a: Osamason|97/100|[from] item: Leftovers
|upkeep
|turn|3
|
|t:|1779698236
|move|p1a: Osamason|Leech Seed|p2a: Big daddy
|-start|p2a: Big daddy|move: Leech Seed
|move|p2a: Big daddy|Stealth Rock|p1a: Osamason
|-sidestart|p1: 39% gxe|move: Stealth Rock
|
|-heal|p1a: Osamason|100/100|[from] item: Leftovers
|-damage|p2a: Big daddy|70/100|[from] Leech Seed|[of] p1a: Osamason
|upkeep
|turn|4
|
|t:|1779698246
|switch|p2a: KFC chicken|Zapdos-Galar|100/100
|move|p1a: Osamason|Protect||[still]
|-fail|p1a: Osamason
|
|upkeep
|turn|5
|
|t:|1779698255
|switch|p1a: freaky ahh bird|Moltres|100/100
|move|p2a: KFC chicken|U-turn|p1a: freaky ahh bird
|-resisted|p1a: freaky ahh bird
|-damage|p1a: freaky ahh bird|97/100
|
|t:|1779698265
|switch|p2a: El Stromboli|Volcanion|17/100|[from] U-turn
|
|upkeep
|turn|6
|
|t:|1779698274
|switch|p1a: Osamason|Wo-Chien|100/100
|-damage|p1a: Osamason|88/100|[from] Stealth Rock
|-ability|p1a: Osamason|Tablets of Ruin
|move|p2a: El Stromboli|Steam Eruption|p1a: Osamason
|-resisted|p1a: Osamason
|-damage|p1a: Osamason|72/100
|-status|p1a: Osamason|brn
|
|-heal|p1a: Osamason|79/100 brn|[from] item: Leftovers
|-damage|p1a: Osamason|72/100 brn|[from] brn
|upkeep
|turn|7
|
|t:|1779698287
|move|p2a: El Stromboli|Flamethrower|p1a: Osamason
|-supereffective|p1a: Osamason
|-damage|p1a: Osamason|19/100 brn
|move|p1a: Osamason|Leech Seed|p2a: El Stromboli
|-start|p2a: El Stromboli|move: Leech Seed
|
|-heal|p1a: Osamason|26/100 brn|[from] item: Leftovers
|-damage|p2a: El Stromboli|4/100|[from] Leech Seed|[of] p1a: Osamason
|-heal|p1a: Osamason|36/100 brn|[silent]
|-damage|p1a: Osamason|29/100 brn|[from] brn
|upkeep
|turn|8
|
|t:|1779698305
|switch|p2a: KFC chicken|Zapdos-Galar|100/100
|move|p1a: Osamason|Protect||[still]
|-fail|p1a: Osamason
|
|-heal|p1a: Osamason|36/100 brn|[from] item: Leftovers
|-damage|p1a: Osamason|29/100 brn|[from] brn
|upkeep
|turn|9
|
|t:|1779698327
|switch|p2a: Cesar zepeli|Reuniclus, M, shiny|100/100
|move|p1a: Osamason|Foul Play|p2a: Cesar zepeli
|-supereffective|p2a: Cesar zepeli
|-damage|p2a: Cesar zepeli|80/100
|
|-heal|p1a: Osamason|36/100 brn|[from] item: Leftovers
|-damage|p1a: Osamason|29/100 brn|[from] brn
|upkeep
|turn|10
|
|t:|1779698338
|switch|p2a: EL sarcosucus|Krookodile, F, shiny|100/100
|move|p1a: Osamason|Knock Off|p2a: EL sarcosucus
|-resisted|p2a: EL sarcosucus
|-damage|p2a: EL sarcosucus|91/100
|-enditem|p2a: EL sarcosucus|Choice Band|[from] move: Knock Off|[of] p1a: Osamason
|
|-heal|p1a: Osamason|36/100 brn|[from] item: Leftovers
|-damage|p1a: Osamason|29/100 brn|[from] brn
|upkeep
|turn|11
|
|t:|1779698357
|move|p1a: Osamason|Protect|p1a: Osamason
|-singleturn|p1a: Osamason|Protect
|move|p2a: EL sarcosucus|Gunk Shot|p1a: Osamason
|-activate|p1a: Osamason|move: Protect
|
|-heal|p1a: Osamason|36/100 brn|[from] item: Leftovers
|-damage|p1a: Osamason|29/100 brn|[from] brn
|upkeep
|turn|12
|
|t:|1779698365
|move|p2a: EL sarcosucus|Knock Off|p1a: Osamason
|-resisted|p1a: Osamason
|-damage|p1a: Osamason|12/100 brn
|-enditem|p1a: Osamason|Leftovers|[from] move: Knock Off|[of] p2a: EL sarcosucus
|move|p1a: Osamason|Leech Seed|p2a: EL sarcosucus
|-start|p2a: EL sarcosucus|move: Leech Seed
|
|-damage|p2a: EL sarcosucus|79/100|[from] Leech Seed|[of] p1a: Osamason
|-heal|p1a: Osamason|23/100 brn|[silent]
|-damage|p1a: Osamason|17/100 brn|[from] brn
|upkeep
|turn|13
|
|t:|1779698376
|switch|p2a: Lord smogon|Weezing-Galar, M, shiny|100/100
|move|p1a: Osamason|Protect||[still]
|-fail|p1a: Osamason
|
|-damage|p1a: Osamason|11/100 brn|[from] brn
|upkeep
|turn|14
|
|t:|1779698385
|move|p2a: Lord smogon|Strange Steam|p1a: Osamason
|-supereffective|p1a: Osamason
|-damage|p1a: Osamason|0 fnt
|faint|p1a: Osamason
|
|upkeep
|
|t:|1779698399
|switch|p1a: shaq|Great Tusk|100/100
|turn|15
|
|t:|1779698417
|move|p1a: shaq|Headlong Rush|p2a: Lord smogon
|-immune|p2a: Lord smogon|[from] ability: Levitate
|move|p2a: Lord smogon|Will-O-Wisp|p1a: shaq
|-status|p1a: shaq|brn
|
|-damage|p1a: shaq|94/100 brn|[from] brn
|upkeep
|turn|16
|c|☆39% gxe|what
|inactive|39% gxe has 120 seconds left.
|
|t:|1779698445
|move|p1a: shaq|Rapid Spin|p2a: Lord smogon
|-damage|p2a: Lord smogon|94/100
|-boost|p1a: shaq|spe|1
|-sideend|p1: 39% gxe|Stealth Rock|[from] move: Rapid Spin|[of] p1a: shaq
|move|p2a: Lord smogon|Strange Steam|p1a: shaq|[miss]
|-miss|p2a: Lord smogon|p1a: shaq
|
|-heal|p2a: Lord smogon|99/100|[from] item: Leftovers
|-damage|p1a: shaq|88/100 brn|[from] brn
|upkeep
|turn|17
|inactive|39% gxe has 120 seconds left.
|
|t:|1779698459
|-end|p1a: shaq|Protosynthesis|[silent]
|switch|p1a: dudeman|Iron Crown|100/100
|move|p2a: Lord smogon|Strange Steam|p1a: dudeman
|-resisted|p1a: dudeman
|-damage|p1a: dudeman|87/100
|
|-heal|p2a: Lord smogon|100/100|[from] item: Leftovers
|upkeep
|turn|18
|inactive|39% gxe has 120 seconds left.
|
|t:|1779698471
|switch|p2a: Cesar zepeli|Reuniclus, M, shiny|100/100
|move|p1a: dudeman|Tachyon Cutter|p2a: Cesar zepeli
|-damage|p2a: Cesar zepeli|82/100
|-damage|p2a: Cesar zepeli|64/100
|-hitcount|p2a: Cesar zepeli|2
|
|upkeep
|turn|19
|inactive|39% gxe has 120 seconds left.
|
|t:|1779698489
|-end|p1a: dudeman|Quark Drive|[silent]
|switch|p1a: freaky ahh bird|Moltres|97/100
|move|p2a: Cesar zepeli|Knock Off|p1a: freaky ahh bird
|-damage|p1a: freaky ahh bird|86/100
|-enditem|p1a: freaky ahh bird|Heavy-Duty Boots|[from] move: Knock Off|[of] p2a: Cesar zepeli
|
|upkeep
|turn|20
|inactive|39% gxe has 120 seconds left.
|
|t:|1779698497
|move|p1a: freaky ahh bird|U-turn|p2a: Cesar zepeli
|-supereffective|p2a: Cesar zepeli
|-damage|p2a: Cesar zepeli|34/100
|inactive|39% gxe has 120 seconds left.
|
|t:|1779698508
|switch|p1a: what set am i?|Iron Valiant|100/100|[from] U-turn
|-enditem|p1a: what set am i?|Booster Energy
|-activate|p1a: what set am i?|ability: Quark Drive|[fromitem]
|-start|p1a: what set am i?|quarkdrivespe
|move|p2a: Cesar zepeli|Future Sight|p1a: what set am i?
|-start|p2a: Cesar zepeli|move: Future Sight
|
|upkeep
|turn|21
|inactive|39% gxe has 120 seconds left.
|
|t:|1779698517
|switch|p2a: Lord smogon|Weezing-Galar, M, shiny|100/100
|move|p1a: what set am i?|Shadow Ball|p2a: Lord smogon
|-damage|p2a: Lord smogon|66/100
|-unboost|p2a: Lord smogon|spd|1
|
|-heal|p2a: Lord smogon|72/100|[from] item: Leftovers
|upkeep
|turn|22
|inactive|39% gxe has 120 seconds left.
|
|t:|1779698537
|-terastallize|p1a: what set am i?|Ghost
|move|p1a: what set am i?|Calm Mind|p1a: what set am i?
|-boost|p1a: what set am i?|spa|1
|-boost|p1a: what set am i?|spd|1
|move|p2a: Lord smogon|Strange Steam|p1a: what set am i?
|-damage|p1a: what set am i?|70/100
|
|-end|p1a: what set am i?|move: Future Sight
|-damage|p1a: what set am i?|6/100
|-heal|p2a: Lord smogon|78/100|[from] item: Leftovers
|upkeep
|turn|23
|inactive|39% gxe has 120 seconds left.
|
|t:|1779698548
|switch|p2a: Big daddy|Registeel, shiny|70/100
|move|p1a: what set am i?|Shadow Ball|p2a: Big daddy
|-damage|p2a: Big daddy|40/100
|
|upkeep
|turn|24
|inactive|39% gxe has 120 seconds left.
|
|t:|1779698559
|move|p1a: what set am i?|Shadow Ball|p2a: Big daddy
|-damage|p2a: Big daddy|6/100
|move|p2a: Big daddy|Heavy Slam|p1a: what set am i?
|-damage|p1a: what set am i?|0 fnt
|faint|p1a: what set am i?
|-end|p1a: what set am i?|Quark Drive|[silent]
|
|upkeep
|inactive|39% gxe has 120 seconds left.
|
|t:|1779698569
|switch|p1a: dudeman|Iron Crown|87/100
|turn|25
|
|t:|1779698578
|move|p1a: dudeman|Tachyon Cutter|p2a: Big daddy
|-resisted|p2a: Big daddy
|-damage|p2a: Big daddy|0 fnt
|faint|p2a: Big daddy
|-hitcount|p2: Big daddy|1
|
|upkeep
|
|t:|1779698588
|switch|p2a: KFC chicken|Zapdos-Galar|100/100
|turn|26
|
|t:|1779698596
|-end|p1a: dudeman|Quark Drive|[silent]
|switch|p1a: freaky ahh bird|Moltres|86/100
|move|p2a: KFC chicken|Knock Off|p1a: freaky ahh bird
|-damage|p1a: freaky ahh bird|70/100
|
|upkeep
|turn|27
|
|t:|1779698605
|switch|p2a: Cesar zepeli|Reuniclus, M, shiny|68/100
|move|p1a: freaky ahh bird|U-turn|p2a: Cesar zepeli
|-supereffective|p2a: Cesar zepeli
|-crit|p2a: Cesar zepeli
|-damage|p2a: Cesar zepeli|21/100
|
|t:|1779698615
|switch|p1a: dudeman|Iron Crown|87/100|[from] U-turn
|
|upkeep
|turn|28
|
|t:|1779698622
|switch|p2a: El Stromboli|Volcanion|4/100
|move|p1a: dudeman|Volt Switch|p2a: El Stromboli
|-supereffective|p2a: El Stromboli
|-damage|p2a: El Stromboli|0 fnt
|faint|p2a: El Stromboli
|
|t:|1779698630
|-end|p1a: dudeman|Quark Drive|[silent]
|switch|p1a: freaky ahh bird|Moltres|70/100|[from] Volt Switch
|
|upkeep
|
|t:|1779698634
|switch|p2a: EL sarcosucus|Krookodile, F, shiny|79/100
|turn|29
|
|t:|1779698642
|switch|p1a: dudeman|Iron Crown|87/100
|move|p2a: EL sarcosucus|Stone Edge|p1a: dudeman
|-resisted|p1a: dudeman
|-damage|p1a: dudeman|69/100
|
|upkeep
|turn|30
|
|t:|1779698663
|switch|p2a: Cesar zepeli|Reuniclus, M, shiny|55/100
|move|p1a: dudeman|Tachyon Cutter|p2a: Cesar zepeli
|-crit|p2a: Cesar zepeli
|-damage|p2a: Cesar zepeli|25/100
|-damage|p2a: Cesar zepeli|6/100
|-hitcount|p2a: Cesar zepeli|2
|
|upkeep
|turn|31
|
|t:|1779698673
|move|p1a: dudeman|Tachyon Cutter|p2a: Cesar zepeli
|-damage|p2a: Cesar zepeli|0 fnt
|faint|p2a: Cesar zepeli
|-hitcount|p2: Cesar zepeli|1
|
|upkeep
|
|t:|1779698678
|switch|p2a: EL sarcosucus|Krookodile, F, shiny|79/100
|turn|32
|
|t:|1779698684
|move|p1a: dudeman|Tachyon Cutter|p2a: EL sarcosucus
|-damage|p2a: EL sarcosucus|29/100
|-damage|p2a: EL sarcosucus|0 fnt
|faint|p2a: EL sarcosucus
|-hitcount|p2: EL sarcosucus|2
|
|upkeep
|-message|arataomega1 forfeited.
|
|win|39% gxe
|raw|39% gxe's rating: 1225 &rarr; <strong>1260</strong><br />(+35 for winning)
|raw|arataomega1's rating: 1375 &rarr; <strong>1347</strong><br />(-28 for losing)
|l|☆arataomega1
|player|p2|
