|j|☆PokeAbl05241603t6i
|j|☆ML L IUJH
|t:|1779654691
|gametype|singles
|player|p1|PokeAbl05241603t6i|102|1197
|player|p2|ML L IUJH|266|1158
|gen|9
|tier|[Gen 9] OU
|rated|
|rule|HP Percentage Mod: HP is shown in percentages
|rule|Endless Battle Clause: Forcing endless battles is banned
|rule|Species Clause: Limit one of each Pokémon
|rule|OHKO Clause: OHKO moves are banned
|rule|Evasion Items Clause: Evasion items are banned
|rule|Evasion Moves Clause: Evasion moves are banned
|rule|Evasion Abilities Clause: Evasion abilities are banned
|rule|Sleep Moves Clause: Sleep-inducing moves are banned
|clearpoke
|poke|p1|Glimmora, M|
|poke|p1|Great Tusk|
|poke|p1|Gholdengo|
|poke|p1|Dragapult, F|
|poke|p1|Primarina, M|
|poke|p1|Kingambit, F|
|poke|p2|Okidogi, M|
|poke|p2|Zamazenta-*|
|poke|p2|Decidueye, F|
|poke|p2|Mamoswine, F|
|poke|p2|Cinderace, M|
|poke|p2|Tornadus-Therian, M|
|teampreview
|inactive|Battle timer is ON: inactive players will automatically lose when time's up. (requested by PokeAbl05241603t6i)
|
|t:|1779654701
|teamsize|p1|6
|teamsize|p2|6
|start
|switch|p1a: Glimmora|Glimmora, M|100/100
|switch|p2a: Mamoswine|Mamoswine, F|100/100
|turn|1
|
|t:|1779654706
|move|p1a: Glimmora|Power Gem|p2a: Mamoswine
|-damage|p2a: Mamoswine|46/100
|move|p2a: Mamoswine|Earthquake|p1a: Glimmora
|-supereffective|p1a: Glimmora
|-enditem|p1a: Glimmora|Focus Sash
|-damage|p1a: Glimmora|1/100
|-activate|p1a: Glimmora|ability: Toxic Debris
|-sidestart|p2: ML L IUJH|move: Toxic Spikes
|
|upkeep
|turn|2
|
|t:|1779654716
|move|p2a: Mamoswine|Ice Shard|p1a: Glimmora
|-damage|p1a: Glimmora|0 fnt
|-activate|p1a: Glimmora|ability: Toxic Debris
|-sidestart|p2: ML L IUJH|move: Toxic Spikes
|faint|p1a: Glimmora
|
|upkeep
|
|t:|1779654721
|switch|p1a: Gholdengo|Gholdengo|100/100
|-item|p1a: Gholdengo|Air Balloon
|turn|3
|
|t:|1779654733
|move|p2a: Mamoswine|Ice Shard|p1a: Gholdengo
|-resisted|p1a: Gholdengo
|-damage|p1a: Gholdengo|89/100
|-enditem|p1a: Gholdengo|Air Balloon
|move|p1a: Gholdengo|Nasty Plot|p1a: Gholdengo
|-boost|p1a: Gholdengo|spa|2
|
|upkeep
|turn|4
|
|t:|1779654741
|move|p1a: Gholdengo|Shadow Ball|p2a: Mamoswine
|-damage|p2a: Mamoswine|0 fnt
|faint|p2a: Mamoswine
|
|upkeep
|
|t:|1779654751
|switch|p2a: Zamazenta|Zamazenta|100/100
|-status|p2a: Zamazenta|tox
|-ability|p2a: Zamazenta|Dauntless Shield|boost
|-boost|p2a: Zamazenta|def|1
|turn|5
|
|t:|1779654756
|move|p2a: Zamazenta|Crunch|p1a: Gholdengo
|-supereffective|p1a: Gholdengo
|-damage|p1a: Gholdengo|10/100
|-unboost|p1a: Gholdengo|def|1
|-damage|p2a: Zamazenta|91/100 tox|[from] item: Life Orb
|move|p1a: Gholdengo|Recover|p1a: Gholdengo
|-heal|p1a: Gholdengo|60/100
|
|-damage|p2a: Zamazenta|84/100 tox|[from] psn
|upkeep
|turn|6
|
|t:|1779654766
|switch|p1a: Great Tusk|Great Tusk|100/100
|move|p2a: Zamazenta|Crunch|p1a: Great Tusk
|-resisted|p1a: Great Tusk
|-crit|p1a: Great Tusk
|-damage|p1a: Great Tusk|82/100
|-damage|p2a: Zamazenta|75/100 tox|[from] item: Life Orb
|
|-damage|p2a: Zamazenta|62/100 tox|[from] psn
|upkeep
|turn|7
|
|t:|1779654779
|move|p2a: Zamazenta|Close Combat|p1a: Great Tusk
|-damage|p1a: Great Tusk|30/100
|-unboost|p2a: Zamazenta|def|1
|-unboost|p2a: Zamazenta|spd|1
|-damage|p2a: Zamazenta|52/100 tox|[from] item: Life Orb
|move|p1a: Great Tusk|Rapid Spin|p2a: Zamazenta
|-damage|p2a: Zamazenta|36/100 tox
|-boost|p1a: Great Tusk|spe|1
|
|-damage|p2a: Zamazenta|18/100 tox|[from] psn
|upkeep
|turn|8
|
|t:|1779654789
|move|p1a: Great Tusk|Headlong Rush|p2a: Zamazenta
|-damage|p2a: Zamazenta|0 fnt
|-unboost|p1a: Great Tusk|def|1
|-unboost|p1a: Great Tusk|spd|1
|faint|p2a: Zamazenta
|
|upkeep
|inactive|ML L IUJH has 120 seconds left.
|
|t:|1779654831
|switch|p2a: Cinderace|Cinderace, M|100/100
|turn|9
|
|t:|1779654854
|move|p1a: Great Tusk|Headlong Rush|p2a: Cinderace
|-supereffective|p2a: Cinderace
|-damage|p2a: Cinderace|0 fnt
|-unboost|p1a: Great Tusk|def|1
|-unboost|p1a: Great Tusk|spd|1
|faint|p2a: Cinderace
|
|upkeep
|inactive|ML L IUJH has 90 seconds left.
|
|t:|1779654877
|switch|p2a: Okidogi|Okidogi, M|100/100
|-sideend|p2: ML L IUJH|move: Toxic Spikes|[of] p2a: Okidogi
|turn|10
|
|t:|1779654882
|move|p1a: Great Tusk|Headlong Rush|p2a: Okidogi
|-supereffective|p2a: Okidogi
|-damage|p2a: Okidogi|3/100
|-unboost|p1a: Great Tusk|def|1
|-unboost|p1a: Great Tusk|spd|1
|move|p2a: Okidogi|Poison Jab|p1a: Great Tusk
|-resisted|p1a: Great Tusk
|-damage|p1a: Great Tusk|0 fnt
|faint|p1a: Great Tusk
|-end|p1a: Great Tusk|Protosynthesis|[silent]
|
|-heal|p2a: Okidogi|10/100|[from] item: Black Sludge
|upkeep
|
|t:|1779654888
|switch|p1a: Gholdengo|Gholdengo|60/100
|turn|11
|
|t:|1779654896
|move|p1a: Gholdengo|Shadow Ball|p2a: Okidogi
|-damage|p2a: Okidogi|0 fnt
|faint|p2a: Okidogi
|
|upkeep
|
|t:|1779654908
|switch|p2a: Decidueye-Alola|Decidueye, F|100/100
|turn|12
|
|t:|1779654913
|-terastallize|p2a: Decidueye-Alola|Fighting
|move|p1a: Gholdengo|Shadow Ball|p2a: Decidueye-Alola
|-damage|p2a: Decidueye-Alola|70/100
|move|p2a: Decidueye-Alola|Spirit Shackle|p1a: Gholdengo
|-supereffective|p1a: Gholdengo
|-damage|p1a: Gholdengo|0 fnt
|faint|p1a: Gholdengo
|
|upkeep
|
|t:|1779654918
|switch|p1a: Kingambit|Kingambit, F|100/100
|-activate|p1a: Kingambit|ability: Supreme Overlord
|-start|p1a: Kingambit|fallen3|[silent]
|turn|13
|
|t:|1779654927
|move|p2a: Decidueye-Alola|Spirit Shackle|p1a: Kingambit
|-resisted|p1a: Kingambit
|-damage|p1a: Kingambit|89/100
|-activate|p1a: Kingambit|trapped
|move|p1a: Kingambit|Iron Head|p2a: Decidueye-Alola
|-damage|p2a: Decidueye-Alola|0 fnt
|faint|p2a: Decidueye-Alola
|
|upkeep
|-message|ML L IUJH forfeited.
|
|win|PokeAbl05241603t6i
|raw|PokeAbl05241603t6i's rating: 1197 &rarr; <strong>1219</strong><br />(+22 for winning)
|raw|ML L IUJH's rating: 1158 &rarr; <strong>1136</strong><br />(-22 for losing)
|l|☆ML L IUJH
|player|p2|
|l|☆PokeAbl05241603t6i
|player|p1|
