|j|☆calvas
|j|‽aaagislash
|t:|1779696511
|gametype|singles
|player|p1|calvas|gentleman-gen4dp|1412
|player|p2|aaagislash|1|1432
|gen|9
|tier|[Gen 9] OU
|rated|
|rule|HP Percentage Mod: HP is shown in percentages
|rule|Endless Battle Clause: Forcing endless battles is banned
|rule|Species Clause: Limit one of each Pokémon
|rule|OHKO Clause: OHKO moves are banned
|rule|Evasion Items Clause: Evasion items are banned
|rule|Evasion Moves Clause: Evasion moves are banned
|rule|Evasion Abilities Clause: Evasion abilities are banned
|rule|Sleep Moves Clause: Sleep-inducing moves are banned
|clearpoke
|poke|p1|Dragapult, F|
|poke|p1|Great Tusk|
|poke|p1|Landorus-Therian, M|
|poke|p1|Enamorus, F|
|poke|p1|Ogerpon-Wellspring, F|
|poke|p1|Zamazenta-*|
|poke|p2|Iron Treads|
|poke|p2|Sableye, M|
|poke|p2|Cinderace, F|
|poke|p2|Deoxys-Speed|
|poke|p2|Iron Valiant|
|poke|p2|Rillaboom, M|
|teampreview
|inactive|Battle timer is ON: inactive players will automatically lose when time's up. (requested by calvas)
|
|t:|1779696544
|teamsize|p1|6
|teamsize|p2|6
|start
|switch|p1a: Air force One|Dragapult, F|100/100
|switch|p2a: Rillaboom|Rillaboom, M|100/100
|-fieldstart|move: Grassy Terrain|[from] ability: Grassy Surge|[of] p2a: Rillaboom
|turn|1
|
|t:|1779696562
|switch|p2a: Sableye|Sableye, M|100/100
|move|p1a: Air force One|U-turn|p2a: Sableye
|-damage|p2a: Sableye|85/100
|-enditem|p2a: Sableye|Eject Button
|
|t:|1779696571
|switch|p2a: Iron Valiant|Iron Valiant|100/100
|
|upkeep
|turn|2
|
|t:|1779696589
|switch|p1a: Landorus|Landorus-Therian, M|100/100
|-ability|p1a: Landorus|Intimidate|boost
|-unboost|p2a: Iron Valiant|atk|1
|move|p2a: Iron Valiant|Moonblast|p1a: Landorus
|-damage|p1a: Landorus|7/100
|-unboost|p1a: Landorus|spa|1
|
|-heal|p1a: Landorus|14/100|[from] item: Leftovers
|upkeep
|turn|3
|
|t:|1779696604
|move|p1a: Landorus|Protect|p1a: Landorus
|-singleturn|p1a: Landorus|Protect
|move|p2a: Iron Valiant|Moonblast|p1a: Landorus
|-activate|p1a: Landorus|move: Protect
|
|-heal|p1a: Landorus|20/100|[from] item: Leftovers
|upkeep
|turn|4
|
|t:|1779696610
|move|p2a: Iron Valiant|Moonblast|p1a: Landorus
|-crit|p1a: Landorus
|-damage|p1a: Landorus|0 fnt
|faint|p1a: Landorus
|
|upkeep
|
|t:|1779696614
|switch|p1a: Enamorus|Enamorus, F|100/100
|turn|5
|
|t:|1779696620
|-end|p2a: Iron Valiant|Quark Drive|[silent]
|switch|p2a: Cinderace|Cinderace, F|100/100
|move|p1a: Enamorus|Alluring Voice|p2a: Cinderace
|-resisted|p2a: Cinderace
|-damage|p2a: Cinderace|79/100
|
|-heal|p2a: Cinderace|85/100|[from] Grassy Terrain
|-fieldend|move: Grassy Terrain
|upkeep
|turn|6
|
|t:|1779696627
|move|p2a: Cinderace|Pyro Ball|p1a: Enamorus
|-damage|p1a: Enamorus|13/100
|move|p1a: Enamorus|Earth Power|p2a: Cinderace
|-supereffective|p2a: Cinderace
|-damage|p2a: Cinderace|25/100
|
|upkeep
|turn|7
|-message|calvas forfeited.
|
|win|aaagislash
|raw|calvas's rating: 1412 &rarr; <strong>1393</strong><br />(-19 for losing)
|raw|aaagislash's rating: 1432 &rarr; <strong>1451</strong><br />(+19 for winning)
|l|☆calvas
|player|p1|
|l|‽aaagislash
|player|p2|
