|inactive|Battle timer is ON: inactive players will automatically lose when time's up.
|badge|p2|bronze|gen9ou|100-9
|uhtml|medal-msg|<div class="broadcast-blue">Curious what those medals under the avatar are? PS now has Ladder Seasons! For more information, check out the <a href="https://www.smogon.com/forums/threads/3740067/">thread on Smogon.</a></div>
|t:|1779573107
|gametype|singles
|player|p1|xdRudi.exe|#wcop2025germany|
|player|p2|Coach Jones 6fifth|lusamine-nihilego|
|gen|9
|tier|[Gen 9] OU
|rule|HP Percentage Mod: HP is shown in percentages
|rule|Endless Battle Clause: Forcing endless battles is banned
|rule|Species Clause: Limit one of each Pokémon
|rule|OHKO Clause: OHKO moves are banned
|rule|Evasion Items Clause: Evasion items are banned
|rule|Evasion Moves Clause: Evasion moves are banned
|rule|Evasion Abilities Clause: Evasion abilities are banned
|rule|Sleep Moves Clause: Sleep-inducing moves are banned
|clearpoke
|poke|p1|Kyurem|
|poke|p1|Samurott-Hisui, M|
|poke|p1|Hawlucha, F|
|poke|p1|Rillaboom, F|
|poke|p1|Gholdengo|
|poke|p1|Landorus-Therian, M|
|poke|p2|Glimmora, M|
|poke|p2|Iron Valiant|
|poke|p2|Dragonite, M|
|poke|p2|Kingambit, F|
|poke|p2|Raging Bolt|
|poke|p2|Zamazenta-*|
|teampreview
|c|☆Coach Jones 6fifth|hf
|c|☆xdRudi.exe|Hf
|inactive|xdRudi.exe has 270 seconds left.
|inactive|Coach Jones 6fifth has 270 seconds left.
|inactive|Coach Jones 6fifth has 240 seconds left.
|
|t:|1779573180
|teamsize|p1|6
|teamsize|p2|6
|start
|switch|p1a: Kyurem|Kyurem|100/100
|switch|p2a: Zamazenta|Zamazenta|100/100
|-ability|p2a: Zamazenta|Dauntless Shield|boost
|-boost|p2a: Zamazenta|def|1
|-ability|p1a: Kyurem|Pressure
|turn|1
|
|t:|1779573204
|switch|p1a: Landorus|Landorus-Therian, M|100/100
|-ability|p1a: Landorus|Intimidate|boost
|-unboost|p2a: Zamazenta|atk|1
|move|p2a: Zamazenta|Body Press|p1a: Landorus
|-resisted|p1a: Landorus
|-damage|p1a: Landorus|73/100
|-damage|p2a: Zamazenta|84/100|[from] item: Rocky Helmet|[of] p1a: Landorus
|
|upkeep
|turn|2
|
|t:|1779573211
|move|p2a: Zamazenta|Light Screen|p2a: Zamazenta
|-sidestart|p2: Coach Jones 6fifth|move: Light Screen
|move|p1a: Landorus|Stealth Rock|p2a: Zamazenta
|-sidestart|p2: Coach Jones 6fifth|move: Stealth Rock
|
|upkeep
|turn|3
|
|t:|1779573216
|move|p2a: Zamazenta|Reflect|p2a: Zamazenta
|-sidestart|p2: Coach Jones 6fifth|Reflect
|move|p1a: Landorus|Taunt|p2a: Zamazenta
|-start|p2a: Zamazenta|move: Taunt
|
|upkeep
|turn|4
|
|t:|1779573221
|move|p2a: Zamazenta|Body Press|p1a: Landorus
|-resisted|p1a: Landorus
|-damage|p1a: Landorus|46/100
|-damage|p2a: Zamazenta|67/100|[from] item: Rocky Helmet|[of] p1a: Landorus
|move|p1a: Landorus|U-turn|p2a: Zamazenta
|-resisted|p2a: Zamazenta
|-damage|p2a: Zamazenta|65/100
|
|t:|1779573226
|switch|p1a: Gholdengo|Gholdengo|100/100|[from] U-turn
|
|upkeep
|turn|5
|
|t:|1779573232
|switch|p2a: Glimmora|Glimmora, M|100/100
|-damage|p2a: Glimmora|88/100|[from] Stealth Rock
|move|p1a: Gholdengo|Trick|p2a: Glimmora
|-activate|p1a: Gholdengo|move: Trick|[of] p2a: Glimmora
|-item|p2a: Glimmora|Choice Scarf|[from] move: Trick
|-item|p1a: Gholdengo|Power Herb|[from] move: Trick
|
|upkeep
|turn|6
|
|t:|1779573239
|move|p2a: Glimmora|Stealth Rock|p1a: Gholdengo
|-sidestart|p1: xdRudi.exe|move: Stealth Rock
|move|p1a: Gholdengo|Make It Rain|p2a: Glimmora
|-supereffective|p2a: Glimmora
|-damage|p2a: Glimmora|9/100
|-unboost|p1a: Gholdengo|spa|1
|
|upkeep
|turn|7
|inactive|Coach Jones 6fifth has 270 seconds left.
|
|t:|1779573283
|switch|p2a: Raging Bolt|Raging Bolt|100/100
|-damage|p2a: Raging Bolt|88/100|[from] Stealth Rock
|-enditem|p2a: Raging Bolt|Booster Energy
|-activate|p2a: Raging Bolt|ability: Protosynthesis|[fromitem]
|-start|p2a: Raging Bolt|protosynthesisspa
|switch|p1a: Samurott|Samurott-Hisui, M|100/100
|-damage|p1a: Samurott|88/100|[from] Stealth Rock
|
|upkeep
|turn|8
|
|t:|1779573291
|move|p2a: Raging Bolt|Thunderbolt|p1a: Samurott
|-supereffective|p1a: Samurott
|-damage|p1a: Samurott|5/100
|move|p1a: Samurott|Ceaseless Edge|p2a: Raging Bolt
|-damage|p2a: Raging Bolt|71/100
|-sidestart|p2: Coach Jones 6fifth|Spikes
|
|upkeep
|turn|9
|
|t:|1779573300
|move|p2a: Raging Bolt|Thunderclap|p1a: Samurott
|-supereffective|p1a: Samurott
|-damage|p1a: Samurott|0 fnt
|faint|p1a: Samurott
|
|-sideend|p2: Coach Jones 6fifth|move: Light Screen
|upkeep
|
|t:|1779573302
|switch|p1a: Kyurem|Kyurem|100/100
|-damage|p1a: Kyurem|76/100|[from] Stealth Rock
|-ability|p1a: Kyurem|Pressure
|turn|10
|
|t:|1779573309
|move|p1a: Kyurem|Ice Beam|p2a: Raging Bolt
|-supereffective|p2a: Raging Bolt
|-damage|p2a: Raging Bolt|0 fnt
|faint|p2a: Raging Bolt
|-end|p2a: Raging Bolt|Protosynthesis|[silent]
|
|-sideend|p2: Coach Jones 6fifth|Reflect
|upkeep
|
|t:|1779573314
|switch|p2a: Zamazenta|Zamazenta|65/100
|-damage|p2a: Zamazenta|59/100|[from] Stealth Rock
|-damage|p2a: Zamazenta|47/100|[from] Spikes
|turn|11
|
|t:|1779573321
|move|p2a: Zamazenta|Reflect|p2a: Zamazenta
|-sidestart|p2: Coach Jones 6fifth|Reflect
|move|p1a: Kyurem|Ice Beam|p2a: Zamazenta
|-damage|p2a: Zamazenta|10/100
|
|upkeep
|turn|12
|
|t:|1779573328
|move|p2a: Zamazenta|Light Screen|p2a: Zamazenta
|-sidestart|p2: Coach Jones 6fifth|move: Light Screen
|move|p1a: Kyurem|Ice Beam|p2a: Zamazenta
|-damage|p2a: Zamazenta|0 fnt
|faint|p2a: Zamazenta
|
|upkeep
|
|t:|1779573341
|switch|p2a: Kingambit|Kingambit, F|100/100
|-damage|p2a: Kingambit|94/100|[from] Stealth Rock
|-damage|p2a: Kingambit|82/100|[from] Spikes
|-ability|p2a: Kingambit|Pressure
|turn|13
|
|t:|1779573347
|move|p1a: Kyurem|Focus Blast|p2a: Kingambit|[miss]
|-miss|p1a: Kyurem|p2a: Kingambit
|move|p2a: Kingambit|Iron Head|p1a: Kyurem
|-supereffective|p1a: Kyurem
|-damage|p1a: Kyurem|0 fnt
|faint|p1a: Kyurem
|
|upkeep
|
|t:|1779573359
|switch|p1a: Landorus|Landorus-Therian, M|46/100
|-damage|p1a: Landorus|34/100|[from] Stealth Rock
|-ability|p1a: Landorus|Intimidate|boost
|-unboost|p2a: Kingambit|atk|1
|turn|14
|c|☆Coach Jones 6fifth|mb
|
|t:|1779573369
|move|p1a: Landorus|Earth Power|p2a: Kingambit
|-supereffective|p2a: Kingambit
|-damage|p2a: Kingambit|47/100
|move|p2a: Kingambit|Kowtow Cleave|p1a: Landorus
|-damage|p1a: Landorus|1/100
|-damage|p2a: Kingambit|30/100|[from] item: Rocky Helmet|[of] p1a: Landorus
|
|upkeep
|turn|15
|
|t:|1779573380
|switch|p2a: Glimmora|Glimmora, M|9/100
|-damage|p2a: Glimmora|0 fnt|[from] Stealth Rock
|faint|p2a: Glimmora
|move|p1a: Landorus|Taunt|p2: Glimmora|[notarget]
|-fail|p1a: Landorus
|
|upkeep
|
|t:|1779573385
|switch|p2a: Iron Valiant|Iron Valiant|100/100
|-damage|p2a: Iron Valiant|94/100|[from] Stealth Rock
|-damage|p2a: Iron Valiant|82/100|[from] Spikes
|-enditem|p2a: Iron Valiant|Booster Energy
|-activate|p2a: Iron Valiant|ability: Quark Drive|[fromitem]
|-start|p2a: Iron Valiant|quarkdrivespe
|turn|16
|
|t:|1779573390
|move|p2a: Iron Valiant|Calm Mind|p2a: Iron Valiant
|-boost|p2a: Iron Valiant|spa|1
|-boost|p2a: Iron Valiant|spd|1
|move|p1a: Landorus|Taunt|p2a: Iron Valiant
|-start|p2a: Iron Valiant|move: Taunt
|
|upkeep
|turn|17
|
|t:|1779573394
|move|p2a: Iron Valiant|Moonblast|p1a: Landorus
|-damage|p1a: Landorus|0 fnt
|faint|p1a: Landorus
|
|upkeep
|inactive|xdRudi.exe has 270 seconds left.
|inactive|xdRudi.exe has 240 seconds left.
|
|t:|1779573469
|switch|p1a: Rillaboom|Rillaboom, F|100/100
|-damage|p1a: Rillaboom|88/100|[from] Stealth Rock
|-fieldstart|move: Grassy Terrain|[from] ability: Grassy Surge|[of] p1a: Rillaboom
|turn|18
|
|t:|1779573489
|move|p2a: Iron Valiant|Moonblast|p1a: Rillaboom
|-damage|p1a: Rillaboom|3/100
|move|p1a: Rillaboom|Swords Dance|p1a: Rillaboom
|-boost|p1a: Rillaboom|atk|2
|
|-heal|p2a: Iron Valiant|88/100|[from] Grassy Terrain
|-heal|p1a: Rillaboom|10/100|[from] Grassy Terrain
|-sideend|p2: Coach Jones 6fifth|Reflect
|upkeep
|turn|19
|
|t:|1779573503
|-end|p2a: Iron Valiant|Quark Drive|[silent]
|switch|p2a: Kingambit|Kingambit, F|30/100
|-damage|p2a: Kingambit|24/100|[from] Stealth Rock
|-damage|p2a: Kingambit|12/100|[from] Spikes
|-ability|p2a: Kingambit|Pressure
|move|p1a: Rillaboom|Grassy Glide|p2a: Kingambit
|-resisted|p2a: Kingambit
|-damage|p2a: Kingambit|0 fnt
|faint|p2a: Kingambit
|
|-heal|p1a: Rillaboom|16/100|[from] Grassy Terrain
|-sideend|p2: Coach Jones 6fifth|move: Light Screen
|upkeep
|
|t:|1779573505
|switch|p2a: Dragonite|Dragonite, M|100/100
|turn|20
|
|t:|1779573520
|switch|p1a: Gholdengo|Gholdengo|100/100
|-damage|p1a: Gholdengo|94/100|[from] Stealth Rock
|move|p2a: Dragonite|Ice Spinner|p1a: Gholdengo
|-resisted|p1a: Gholdengo
|-damage|p1a: Gholdengo|79/100
|-fieldend|move: Grassy Terrain
|
|upkeep
|turn|21
|
|t:|1779573534
|-terastallize|p2a: Dragonite|Ground
|move|p1a: Gholdengo|Shadow Ball|p2a: Dragonite
|-damage|p2a: Dragonite|79/100
|move|p2a: Dragonite|Dragon Dance|p2a: Dragonite
|-boost|p2a: Dragonite|atk|1
|-boost|p2a: Dragonite|spe|1
|
|upkeep
|turn|22
|
|t:|1779573543
|move|p2a: Dragonite|Roost|p2a: Dragonite
|-heal|p2a: Dragonite|100/100
|move|p1a: Gholdengo|Make It Rain|p2a: Dragonite
|-damage|p2a: Dragonite|66/100
|-unboost|p1a: Gholdengo|spa|1
|
|upkeep
|turn|23
|
|t:|1779573551
|move|p2a: Dragonite|Roost|p2a: Dragonite
|-heal|p2a: Dragonite|100/100
|move|p1a: Gholdengo|Make It Rain|p2a: Dragonite
|-damage|p2a: Dragonite|79/100
|-unboost|p1a: Gholdengo|spa|1
|
|upkeep
|turn|24
|
|t:|1779573555
|move|p2a: Dragonite|Roost|p2a: Dragonite
|-heal|p2a: Dragonite|100/100
|move|p1a: Gholdengo|Shadow Ball|p2a: Dragonite
|-crit|p2a: Dragonite
|-damage|p2a: Dragonite|68/100
|
|upkeep
|turn|25
|
|t:|1779573559
|move|p2a: Dragonite|Roost|p2a: Dragonite
|-heal|p2a: Dragonite|100/100
|move|p1a: Gholdengo|Shadow Ball|p2a: Dragonite
|-damage|p2a: Dragonite|89/100
|
|upkeep
|turn|26
|
|t:|1779573563
|move|p2a: Dragonite|Dragon Dance|p2a: Dragonite
|-boost|p2a: Dragonite|atk|1
|-boost|p2a: Dragonite|spe|1
|move|p1a: Gholdengo|Shadow Ball|p2a: Dragonite
|-damage|p2a: Dragonite|65/100
|
|upkeep
|turn|27
|
|t:|1779573566
|move|p2a: Dragonite|Roost|p2a: Dragonite
|-heal|p2a: Dragonite|100/100
|move|p1a: Gholdengo|Make It Rain|p2a: Dragonite
|-damage|p2a: Dragonite|83/100
|-unboost|p1a: Gholdengo|spa|1
|
|upkeep
|turn|28
|
|t:|1779573573
|move|p2a: Dragonite|Roost|p2a: Dragonite
|-heal|p2a: Dragonite|100/100
|move|p1a: Gholdengo|Shadow Ball|p2a: Dragonite
|-damage|p2a: Dragonite|92/100
|
|upkeep
|turn|29
|
|t:|1779573579
|move|p2a: Dragonite|Earthquake|p1a: Gholdengo
|-supereffective|p1a: Gholdengo
|-damage|p1a: Gholdengo|0 fnt
|faint|p1a: Gholdengo
|
|upkeep
|
|t:|1779573581
|switch|p1a: Rillaboom|Rillaboom, F|16/100
|-damage|p1a: Rillaboom|3/100|[from] Stealth Rock
|-fieldstart|move: Grassy Terrain|[from] ability: Grassy Surge|[of] p1a: Rillaboom
|turn|30
|
|t:|1779573584
|move|p1a: Rillaboom|Grassy Glide|p2a: Dragonite
|-supereffective|p2a: Dragonite
|-damage|p2a: Dragonite|10/100
|move|p2a: Dragonite|Ice Spinner|p1a: Rillaboom
|-supereffective|p1a: Rillaboom
|-damage|p1a: Rillaboom|0 fnt
|-fieldend|move: Grassy Terrain
|faint|p1a: Rillaboom
|
|upkeep
|
|t:|1779573587
|switch|p1a: Hawlucha|Hawlucha, F|100/100
|-damage|p1a: Hawlucha|88/100|[from] Stealth Rock
|turn|31
|
|t:|1779573593
|-terastallize|p1a: Hawlucha|Steel
|move|p2a: Dragonite|Ice Spinner|p1a: Hawlucha
|-resisted|p1a: Hawlucha
|-damage|p1a: Hawlucha|55/100
|move|p1a: Hawlucha|Low Kick|p2a: Dragonite
|-damage|p2a: Dragonite|0 fnt
|faint|p2a: Dragonite
|
|upkeep
|
|t:|1779573598
|switch|p2a: Iron Valiant|Iron Valiant|88/100
|-damage|p2a: Iron Valiant|82/100|[from] Stealth Rock
|-damage|p2a: Iron Valiant|69/100|[from] Spikes
|turn|32
|inactive|Coach Jones 6fifth has 270 seconds left.
|
|t:|1779573633
|move|p2a: Iron Valiant|Shadow Ball|p1a: Hawlucha
|-damage|p1a: Hawlucha|19/100
|move|p1a: Hawlucha|Acrobatics|p2a: Iron Valiant
|-supereffective|p2a: Iron Valiant
|-damage|p2a: Iron Valiant|11/100
|
|upkeep
|turn|33
|c|☆xdRudi.exe|Hawluchaaa
|
|t:|1779573645
|move|p2a: Iron Valiant|Shadow Ball|p1a: Hawlucha
|-damage|p1a: Hawlucha|0 fnt
|faint|p1a: Hawlucha
|
|win|Coach Jones 6fifth
|c|☆xdRudi.exe|Gg
|c|☆Coach Jones 6fifth|gg
|player|p2|
|player|p1|
