|j|☆tavve
|j|☆rabscashiny1945
|t:|1779704811
|gametype|singles
|player|p1|tavve|pokekid|1236
|player|p2|rabscashiny1945|cynthia-gen4|1227
|gen|9
|tier|[Gen 9] OU
|rated|
|rule|HP Percentage Mod: HP is shown in percentages
|rule|Endless Battle Clause: Forcing endless battles is banned
|rule|Species Clause: Limit one of each Pokémon
|rule|OHKO Clause: OHKO moves are banned
|rule|Evasion Items Clause: Evasion items are banned
|rule|Evasion Moves Clause: Evasion moves are banned
|rule|Evasion Abilities Clause: Evasion abilities are banned
|rule|Sleep Moves Clause: Sleep-inducing moves are banned
|clearpoke
|poke|p1|Weezing-Galar, M|
|poke|p1|Barraskewda, M|
|poke|p1|Zamazenta-*|
|poke|p1|Ogerpon-Wellspring, F|
|poke|p1|Ting-Lu|
|poke|p1|Hatterene, F|
|poke|p2|Zamazenta-*|
|poke|p2|Great Tusk|
|poke|p2|Gholdengo|
|poke|p2|Dragonite, M|
|poke|p2|Kingambit, M|
|poke|p2|Ogerpon-Wellspring, F|
|teampreview
|inactive|Battle timer is ON: inactive players will automatically lose when time's up. (requested by rabscashiny1945)
|
|t:|1779704823
|teamsize|p1|6
|teamsize|p2|6
|start
|switch|p1a: Barraskewda|Barraskewda, M|100/100
|switch|p2a: Great Tusk|Great Tusk|100/100
|turn|1
|
|t:|1779704840
|switch|p1a: Hatterene|Hatterene, F|100/100
|move|p2a: Great Tusk|Stealth Rock|p1a: Hatterene
|move|p1a: Hatterene|Stealth Rock|p2a: Great Tusk|[from] ability: Magic Bounce
|-sidestart|p2: rabscashiny1945|move: Stealth Rock
|
|upkeep
|turn|2
|
|t:|1779704863
|-end|p2a: Great Tusk|Protosynthesis|[silent]
|switch|p2a: Gholdengo|Gholdengo|100/100
|-damage|p2a: Gholdengo|94/100|[from] Stealth Rock
|move|p1a: Hatterene|Draining Kiss|p2a: Gholdengo
|-resisted|p2a: Gholdengo
|-damage|p2a: Gholdengo|78/100
|
|upkeep
|turn|3
|inactive|tavve has 120 seconds left.
|
|t:|1779704891
|-terastallize|p1a: Hatterene|Water
|move|p2a: Gholdengo|Trick|p1a: Hatterene
|-activate|p2a: Gholdengo|move: Trick|[of] p1a: Hatterene
|-item|p1a: Hatterene|Choice Scarf|[from] move: Trick
|-item|p2a: Gholdengo|Assault Vest|[from] move: Trick
|move|p1a: Hatterene|Mystical Fire|p2a: Gholdengo
|-supereffective|p2a: Gholdengo
|-damage|p2a: Gholdengo|35/100
|-unboost|p2a: Gholdengo|spa|1
|
|upkeep
|turn|4
|
|t:|1779704903
|switch|p2a: Great Tusk|Great Tusk|100/100
|move|p1a: Hatterene|Mystical Fire|p2a: Great Tusk
|-damage|p2a: Great Tusk|67/100
|-unboost|p2a: Great Tusk|spa|1
|
|upkeep
|turn|5
|
|t:|1779704912
|move|p2a: Great Tusk|Rapid Spin|p1a: Hatterene
|-damage|p1a: Hatterene|84/100
|-boost|p2a: Great Tusk|spe|1
|-sideend|p2: rabscashiny1945|Stealth Rock|[from] move: Rapid Spin|[of] p2a: Great Tusk
|move|p1a: Hatterene|Mystical Fire|p2a: Great Tusk
|-damage|p2a: Great Tusk|31/100
|-unboost|p2a: Great Tusk|spa|1
|
|upkeep
|turn|6
|
|t:|1779704925
|-end|p2a: Great Tusk|Protosynthesis|[silent]
|switch|p2a: Dragonite|Dragonite, M, shiny|100/100
|move|p1a: Hatterene|Mystical Fire|p2a: Dragonite
|-resisted|p2a: Dragonite
|-damage|p2a: Dragonite|94/100
|-unboost|p2a: Dragonite|spa|1
|
|upkeep
|turn|7
|
|t:|1779704948
|switch|p1a: Weezing|Weezing-Galar, M|100/100
|move|p2a: Dragonite|Dragon Dance|p2a: Dragonite
|-boost|p2a: Dragonite|atk|1
|-boost|p2a: Dragonite|spe|1
|
|upkeep
|turn|8
|
|t:|1779704962
|-terastallize|p2a: Dragonite|Normal
|move|p2a: Dragonite|Dragon Dance|p2a: Dragonite
|-boost|p2a: Dragonite|atk|1
|-boost|p2a: Dragonite|spe|1
|move|p1a: Weezing|Will-O-Wisp|p2a: Dragonite
|-status|p2a: Dragonite|brn
|
|-damage|p2a: Dragonite|87/100 brn|[from] brn
|upkeep
|turn|9
|inactive|tavve has 120 seconds left.
|
|t:|1779704987
|switch|p1a: Ting-Lu|Ting-Lu|100/100
|-ability|p1a: Ting-Lu|Vessel of Ruin
|move|p2a: Dragonite|Extreme Speed|p1a: Ting-Lu
|-damage|p1a: Ting-Lu|75/100
|
|-heal|p1a: Ting-Lu|81/100|[from] item: Leftovers
|-damage|p2a: Dragonite|81/100 brn|[from] brn
|upkeep
|turn|10
|inactive|tavve has 120 seconds left.
|
|t:|1779705006
|move|p2a: Dragonite|Dragon Dance|p2a: Dragonite
|-boost|p2a: Dragonite|atk|1
|-boost|p2a: Dragonite|spe|1
|move|p1a: Ting-Lu|Stealth Rock|p2a: Dragonite
|-sidestart|p2: rabscashiny1945|move: Stealth Rock
|
|-heal|p1a: Ting-Lu|87/100|[from] item: Leftovers
|-damage|p2a: Dragonite|75/100 brn|[from] brn
|upkeep
|turn|11
|
|t:|1779705014
|move|p2a: Dragonite|Ice Spinner|p1a: Ting-Lu
|-supereffective|p1a: Ting-Lu
|-damage|p1a: Ting-Lu|47/100
|move|p1a: Ting-Lu|Whirlwind|p2a: Dragonite
|drag|p2a: Ogerpon|Ogerpon-Wellspring, F|100/100
|-damage|p2a: Ogerpon|88/100|[from] Stealth Rock
|
|-heal|p1a: Ting-Lu|53/100|[from] item: Leftovers
|upkeep
|turn|12
|inactive|tavve has 120 seconds left.
|
|t:|1779705032
|switch|p1a: Weezing|Weezing-Galar, M|100/100
|move|p2a: Ogerpon|Ivy Cudgel|p1a: Weezing|[anim] Ivy Cudgel Water
|-damage|p1a: Weezing|62/100
|
|-heal|p1a: Weezing|68/100|[from] item: Leftovers
|upkeep
|turn|13
|
|t:|1779705042
|move|p2a: Ogerpon|Encore||[still]
|-fail|p2a: Ogerpon
|move|p1a: Weezing|Will-O-Wisp|p2a: Ogerpon
|-status|p2a: Ogerpon|brn
|
|-heal|p1a: Weezing|74/100|[from] item: Leftovers
|-damage|p2a: Ogerpon|82/100 brn|[from] brn
|upkeep
|turn|14
|-message|rabscashiny1945 forfeited.
|
|win|tavve
|raw|tavve's rating: 1236 &rarr; <strong>1260</strong><br />(+24 for winning)
|raw|rabscashiny1945's rating: 1227 &rarr; <strong>1203</strong><br />(-24 for losing)
|l|☆rabscashiny1945
|player|p2|
