|j|☆damorush
|j|☆Saint qirex
|t:|1779711336
|gametype|singles
|player|p1|damorush|2|1524
|player|p2|Saint qirex|169|1577
|gen|9
|tier|[Gen 9] OU
|rated|
|rule|HP Percentage Mod: HP is shown in percentages
|rule|Endless Battle Clause: Forcing endless battles is banned
|rule|Species Clause: Limit one of each Pokémon
|rule|OHKO Clause: OHKO moves are banned
|rule|Evasion Items Clause: Evasion items are banned
|rule|Evasion Moves Clause: Evasion moves are banned
|rule|Evasion Abilities Clause: Evasion abilities are banned
|rule|Sleep Moves Clause: Sleep-inducing moves are banned
|clearpoke
|poke|p1|Ceruledge, F|
|poke|p1|Regieleki|
|poke|p1|Glimmora, F|
|poke|p1|Gholdengo|
|poke|p1|Kingambit, M|
|poke|p1|Iron Valiant|
|poke|p2|Meowscarada, F|
|poke|p2|Slowking-Galar, F|
|poke|p2|Zamazenta-*|
|poke|p2|Corviknight, F|
|poke|p2|Kyurem|
|poke|p2|Dragapult, M|
|teampreview
|inactive|Battle timer is ON: inactive players will automatically lose when time's up. (requested by Saint qirex)
|
|t:|1779711344
|teamsize|p1|6
|teamsize|p2|6
|start
|switch|p1a: Glimmora|Glimmora, F|100/100
|switch|p2a: Slowking|Slowking-Galar, F|100/100
|turn|1
|
|t:|1779711349
|move|p1a: Glimmora|Stealth Rock|p2a: Slowking
|-sidestart|p2: Saint qirex|move: Stealth Rock
|-prepare|p2a: Slowking|Chilly Reception|[premajor]
|move|p2a: Slowking|Chilly Reception|p2a: Slowking
|-weather|Snowscape
|
|t:|1779711359
|switch|p2a: Dragapult|Dragapult, M|100/100|[from] Chilly Reception
|-damage|p2a: Dragapult|88/100|[from] Stealth Rock
|
|-weather|Snowscape|[upkeep]
|upkeep
|turn|2
|
|t:|1779711364
|move|p2a: Dragapult|Draco Meteor|p1a: Glimmora
|-enditem|p1a: Glimmora|Focus Sash
|-damage|p1a: Glimmora|1/100
|-unboost|p2a: Dragapult|spa|2
|move|p1a: Glimmora|Mortal Spin|p2a: Dragapult
|-resisted|p2a: Dragapult
|-damage|p2a: Dragapult|84/100
|-status|p2a: Dragapult|psn
|
|-weather|Snowscape|[upkeep]
|-damage|p2a: Dragapult|72/100 psn|[from] psn
|upkeep
|turn|3
|
|t:|1779711374
|move|p2a: Dragapult|Draco Meteor|p1a: Glimmora
|-damage|p1a: Glimmora|0 fnt
|-unboost|p2a: Dragapult|spa|2
|faint|p1a: Glimmora
|
|-weather|Snowscape|[upkeep]
|-damage|p2a: Dragapult|60/100 psn|[from] psn
|upkeep
|j| GracieVGC
|
|t:|1779711380
|switch|p1a: Ceruledge|Ceruledge, F|100/100
|turn|4
|
|t:|1779711391
|move|p2a: Dragapult|Draco Meteor|p1a: Ceruledge
|-damage|p1a: Ceruledge|69/100
|-unboost|p2a: Dragapult|spa|2
|move|p1a: Ceruledge|Swords Dance|p1a: Ceruledge
|-boost|p1a: Ceruledge|atk|2
|
|-weather|Snowscape|[upkeep]
|-damage|p2a: Dragapult|48/100 psn|[from] psn
|upkeep
|turn|5
|
|t:|1779711401
|switch|p2a: Zamazenta|Zamazenta|100/100
|-damage|p2a: Zamazenta|94/100|[from] Stealth Rock
|-ability|p2a: Zamazenta|Dauntless Shield|boost
|-boost|p2a: Zamazenta|def|1
|move|p1a: Ceruledge|Shadow Sneak|p2a: Zamazenta
|-damage|p2a: Zamazenta|67/100
|-damage|p1a: Ceruledge|59/100|[from] item: Life Orb
|
|-weather|none
|-heal|p2a: Zamazenta|73/100|[from] item: Leftovers
|upkeep
|turn|6
|
|t:|1779711411
|move|p2a: Zamazenta|Iron Defense|p2a: Zamazenta
|-boost|p2a: Zamazenta|def|2
|move|p1a: Ceruledge|Bitter Blade|p2a: Zamazenta
|-damage|p2a: Zamazenta|37/100
|-heal|p1a: Ceruledge|83/100|[from] drain|[of] p2a: Zamazenta
|-damage|p1a: Ceruledge|73/100|[from] item: Life Orb
|
|-heal|p2a: Zamazenta|44/100|[from] item: Leftovers
|upkeep
|turn|7
|
|t:|1779711420
|switch|p1a: Iron Valiant|Iron Valiant|100/100
|-enditem|p1a: Iron Valiant|Booster Energy
|-activate|p1a: Iron Valiant|ability: Quark Drive|[fromitem]
|-start|p1a: Iron Valiant|quarkdrivespe
|move|p2a: Zamazenta|Crunch|p1a: Iron Valiant
|-resisted|p1a: Iron Valiant
|-damage|p1a: Iron Valiant|94/100
|
|-heal|p2a: Zamazenta|50/100|[from] item: Leftovers
|upkeep
|turn|8
|
|t:|1779711430
|-terastallize|p2a: Zamazenta|Fire
|move|p1a: Iron Valiant|Shadow Ball|p2a: Zamazenta
|-damage|p2a: Zamazenta|30/100
|move|p2a: Zamazenta|Body Press|p1a: Iron Valiant
|-resisted|p1a: Iron Valiant
|-damage|p1a: Iron Valiant|36/100
|
|-heal|p2a: Zamazenta|37/100|[from] item: Leftovers
|upkeep
|turn|9
|
|t:|1779711435
|move|p1a: Iron Valiant|Shadow Ball|p2a: Zamazenta
|-damage|p2a: Zamazenta|18/100
|move|p2a: Zamazenta|Body Press|p1a: Iron Valiant
|-resisted|p1a: Iron Valiant
|-damage|p1a: Iron Valiant|0 fnt
|faint|p1a: Iron Valiant
|-end|p1a: Iron Valiant|Quark Drive|[silent]
|
|-heal|p2a: Zamazenta|24/100|[from] item: Leftovers
|upkeep
|
|t:|1779711439
|switch|p1a: Regieleki|Regieleki|100/100
|turn|10
|
|t:|1779711450
|move|p1a: Regieleki|Volt Switch|p2a: Zamazenta
|-damage|p2a: Zamazenta|0 fnt
|faint|p2a: Zamazenta
|
|t:|1779711455
|switch|p1a: Ceruledge|Ceruledge, F|73/100|[from] Volt Switch
|
|upkeep
|
|t:|1779711466
|switch|p2a: Meowscarada|Meowscarada, F|100/100
|-damage|p2a: Meowscarada|88/100|[from] Stealth Rock
|turn|11
|
|t:|1779711473
|switch|p1a: Kingambit|Kingambit, M|100/100
|-activate|p1a: Kingambit|ability: Supreme Overlord
|-start|p1a: Kingambit|fallen2|[silent]
|move|p2a: Meowscarada|Knock Off|p1a: Kingambit
|-start|p2a: Meowscarada|typechange|Dark|[from] ability: Protean
|-resisted|p1a: Kingambit
|-damage|p1a: Kingambit|73/100
|-enditem|p1a: Kingambit|Leftovers|[from] move: Knock Off|[of] p2a: Meowscarada
|
|upkeep
|turn|12
|
|t:|1779711483
|switch|p2a: Corviknight|Corviknight, F|100/100
|-damage|p2a: Corviknight|88/100|[from] Stealth Rock
|-end|p1a: Kingambit|fallen2|[silent]
|switch|p1a: Ceruledge|Ceruledge, F|73/100
|
|upkeep
|turn|13
|
|t:|1779711490
|move|p1a: Ceruledge|Bitter Blade|p2a: Corviknight
|-supereffective|p2a: Corviknight
|-damage|p2a: Corviknight|17/100
|-heal|p1a: Ceruledge|100/100|[from] drain|[of] p2a: Corviknight
|-damage|p1a: Ceruledge|84/100|[from] item: Rocky Helmet|[of] p2a: Corviknight
|-damage|p1a: Ceruledge|74/100|[from] item: Life Orb
|move|p2a: Corviknight|Brave Bird|p1a: Ceruledge
|-damage|p1a: Ceruledge|25/100
|-ability|p1a: Ceruledge|Weak Armor|boost
|-unboost|p1a: Ceruledge|def|1
|-boost|p1a: Ceruledge|spe|2
|-damage|p2a: Corviknight|5/100|[from] Recoil
|
|upkeep
|turn|14
|
|t:|1779711504
|move|p1a: Ceruledge|Bitter Blade|p2a: Corviknight
|-supereffective|p2a: Corviknight
|-damage|p2a: Corviknight|0 fnt
|-heal|p1a: Ceruledge|28/100|[from] drain|[of] p2a: Corviknight
|-damage|p1a: Ceruledge|11/100|[from] item: Rocky Helmet|[of] p2a: Corviknight
|faint|p2a: Corviknight
|-damage|p1a: Ceruledge|2/100|[from] item: Life Orb
|
|upkeep
|
|t:|1779711513
|switch|p2a: Kyurem|Kyurem|100/100
|-damage|p2a: Kyurem|76/100|[from] Stealth Rock
|-ability|p2a: Kyurem|Pressure
|turn|15
|
|t:|1779711523
|move|p1a: Ceruledge|Poltergeist|p2a: Kyurem
|-activate|p2a: Kyurem|move: Poltergeist|Choice Specs
|-crit|p2a: Kyurem
|-damage|p2a: Kyurem|0 fnt
|faint|p2a: Kyurem
|-damage|p1a: Ceruledge|0 fnt|[from] item: Life Orb
|faint|p1a: Ceruledge
|
|upkeep
|
|t:|1779711534
|switch|p2a: Meowscarada|Meowscarada, F|88/100
|switch|p1a: Regieleki|Regieleki|100/100
|-damage|p2a: Meowscarada|76/100|[from] Stealth Rock
|turn|16
|
|t:|1779711544
|move|p1a: Regieleki|Volt Switch|p2a: Meowscarada
|-resisted|p2a: Meowscarada
|-damage|p2a: Meowscarada|24/100
|
|t:|1779711549
|switch|p1a: Kingambit|Kingambit, M|73/100|[from] Volt Switch
|-activate|p1a: Kingambit|ability: Supreme Overlord
|-start|p1a: Kingambit|fallen3|[silent]
|move|p2a: Meowscarada|Flower Trick|p1a: Kingambit
|-start|p2a: Meowscarada|typechange|Grass|[from] ability: Protean
|-resisted|p1a: Kingambit
|-crit|p1a: Kingambit
|-damage|p1a: Kingambit|42/100
|
|upkeep
|turn|17
|-message|Saint qirex forfeited.
|
|win|damorush
|raw|damorush's rating: 1524 &rarr; <strong>1547</strong><br />(+23 for winning)
|raw|Saint qirex's rating: 1577 &rarr; <strong>1554</strong><br />(-23 for losing)
|l|☆damorush
|player|p1|
|l|☆Saint qirex
|player|p2|
|l| GracieVGC
