|j|☆1mN0tD1zzy
|j|☆Revelation3
|t:|1779668233
|gametype|singles
|player|p1|1mN0tD1zzy|benga|1209
|player|p2|Revelation3|hugh|1197
|gen|9
|tier|[Gen 9] OU
|rated|
|rule|HP Percentage Mod: HP is shown in percentages
|rule|Endless Battle Clause: Forcing endless battles is banned
|rule|Species Clause: Limit one of each Pokémon
|rule|OHKO Clause: OHKO moves are banned
|rule|Evasion Items Clause: Evasion items are banned
|rule|Evasion Moves Clause: Evasion moves are banned
|rule|Evasion Abilities Clause: Evasion abilities are banned
|rule|Sleep Moves Clause: Sleep-inducing moves are banned
|clearpoke
|poke|p1|Feebas, M|
|poke|p1|Luvdisc, L1, M|
|poke|p1|Overqwil, M|
|poke|p1|Barraskewda, M|
|poke|p1|Magikarp, M|
|poke|p1|Minior-Indigo|
|poke|p2|Great Tusk|
|poke|p2|Gliscor, M|
|poke|p2|Dragonite, M|
|poke|p2|Primarina, F|
|poke|p2|Slowking-Galar, M|
|poke|p2|Gholdengo|
|teampreview
|
|t:|1779668238
|teamsize|p1|6
|teamsize|p2|6
|start
|switch|p1a: Luvdisc|Luvdisc, L1, M|100/100
|switch|p2a: Great Tusk|Great Tusk|100/100
|turn|1
|
|t:|1779668245
|-terastallize|p2a: Great Tusk|Water
|move|p2a: Great Tusk|Stealth Rock|p1a: Luvdisc
|-sidestart|p1: 1mN0tD1zzy|move: Stealth Rock
|move|p1a: Luvdisc|Endeavor|p2a: Great Tusk
|-damage|p2a: Great Tusk|3/100
|
|upkeep
|turn|2
|
|t:|1779668263
|-end|p2a: Great Tusk|Protosynthesis|[silent]
|switch|p2a: Gholdengo|Gholdengo|100/100
|-item|p2a: Gholdengo|Air Balloon
|move|p1a: Luvdisc|Endeavor|p2a: Gholdengo
|-immune|p2a: Gholdengo
|
|upkeep
|turn|3
|
|t:|1779668271
|move|p1a: Luvdisc|Aqua Jet|p2a: Gholdengo
|-damage|p2a: Gholdengo|99/100
|-enditem|p2a: Gholdengo|Air Balloon
|move|p2a: Gholdengo|Shadow Ball|p1a: Luvdisc
|-enditem|p1a: Luvdisc|Focus Sash
|-damage|p1a: Luvdisc|9/100
|
|upkeep
|turn|4
|
|t:|1779668280
|move|p1a: Luvdisc|Aqua Jet|p2a: Gholdengo
|-damage|p2a: Gholdengo|99/100
|move|p2a: Gholdengo|Nasty Plot|p2a: Gholdengo
|-boost|p2a: Gholdengo|spa|2
|
|upkeep
|turn|5
|
|t:|1779668285
|move|p1a: Luvdisc|Aqua Jet|p2a: Gholdengo
|-damage|p2a: Gholdengo|99/100
|move|p2a: Gholdengo|Nasty Plot|p2a: Gholdengo
|-boost|p2a: Gholdengo|spa|2
|
|upkeep
|turn|6
|c|☆1mN0tD1zzy|i dont like that
|
|t:|1779668295
|move|p1a: Luvdisc|Aqua Jet|p2a: Gholdengo
|-damage|p2a: Gholdengo|99/100
|move|p2a: Gholdengo|Nasty Plot|p2a: Gholdengo
|-boost|p2a: Gholdengo|spa|2
|
|upkeep
|turn|7
|
|t:|1779668302
|move|p1a: Luvdisc|Aqua Jet|p2a: Gholdengo
|-damage|p2a: Gholdengo|99/100
|move|p2a: Gholdengo|Shadow Ball|p1a: Luvdisc
|-damage|p1a: Luvdisc|0 fnt
|faint|p1a: Luvdisc
|
|upkeep
|
|t:|1779668310
|switch|p1a: Aura|Magikarp, M|100/100
|-damage|p1a: Aura|88/100|[from] Stealth Rock
|turn|8
|
|t:|1779668315
|move|p2a: Gholdengo|Shadow Ball|p1a: Aura
|-damage|p1a: Aura|0 fnt
|faint|p1a: Aura
|
|upkeep
|-message|Revelation3 forfeited.
|
|win|1mN0tD1zzy
|raw|1mN0tD1zzy's rating: 1209 &rarr; <strong>1233</strong><br />(+24 for winning)
|raw|Revelation3's rating: 1197 &rarr; <strong>1173</strong><br />(-24 for losing)
|l|☆Revelation3
|player|p2|
|l|☆1mN0tD1zzy
|player|p1|
