|j|☆tauros3
|j|☆redskyatnight
|t:|1779635349
|gametype|singles
|player|p1|tauros3|swimmer-gen4dp|1558
|player|p2|redskyatnight|grimsley-gen7|1477
|gen|9
|tier|[Gen 9] OU
|rated|
|rule|HP Percentage Mod: HP is shown in percentages
|rule|Endless Battle Clause: Forcing endless battles is banned
|rule|Species Clause: Limit one of each Pokémon
|rule|OHKO Clause: OHKO moves are banned
|rule|Evasion Items Clause: Evasion items are banned
|rule|Evasion Moves Clause: Evasion moves are banned
|rule|Evasion Abilities Clause: Evasion abilities are banned
|rule|Sleep Moves Clause: Sleep-inducing moves are banned
|clearpoke
|poke|p1|Hatterene, F|
|poke|p1|Cresselia, F|
|poke|p1|Diancie|
|poke|p1|Iron Hands|
|poke|p1|Crawdaunt, F|
|poke|p1|Pelipper, F|
|poke|p2|Tinkaton, F|
|poke|p2|Ogerpon, F|
|poke|p2|Great Tusk|
|poke|p2|Pecharunt|
|poke|p2|Alomomola, M|
|poke|p2|Hydreigon, M|
|teampreview
|inactive|Battle timer is ON: inactive players will automatically lose when time's up. (requested by tauros3)
|inactive|tauros3 has 120 seconds left.
|inactive|redskyatnight has 120 seconds left.
|inactive|redskyatnight has 90 seconds left.
|
|t:|1779635414
|teamsize|p1|6
|teamsize|p2|6
|start
|switch|p1a: Pink Triangle|Hatterene, F|100/100
|switch|p2a: Hybrid|Hydreigon, M, shiny|100/100
|turn|1
|
|t:|1779635434
|switch|p2a: Pisces|Alomomola, M, shiny|100/100
|move|p1a: Pink Triangle|Trick Room|p1a: Pink Triangle
|-fieldstart|move: Trick Room|[of] p1a: Pink Triangle
|
|upkeep
|turn|2
|
|t:|1779635445
|switch|p1a: Getchoo|Crawdaunt, F|100/100
|move|p2a: Pisces|Flip Turn|p1a: Getchoo
|-resisted|p1a: Getchoo
|-damage|p1a: Getchoo|91/100
|
|t:|1779635460
|switch|p2a: Smile.exe|Tinkaton, F, shiny|100/100|[from] Flip Turn
|-item|p2a: Smile.exe|Air Balloon
|
|upkeep
|turn|3
|
|t:|1779635476
|move|p1a: Getchoo|Crabhammer|p2a: Smile.exe
|-crit|p2a: Smile.exe
|-damage|p2a: Smile.exe|0 fnt
|-enditem|p2a: Smile.exe|Air Balloon
|faint|p2a: Smile.exe
|-damage|p1a: Getchoo|81/100|[from] item: Life Orb
|
|upkeep
|inactive|redskyatnight has 120 seconds left.
|
|t:|1779635499
|switch|p2a: Behemoth|Great Tusk, shiny|100/100
|turn|4
|
|t:|1779635506
|-end|p2a: Behemoth|Protosynthesis|[silent]
|switch|p2a: Pisces|Alomomola, M, shiny|100/100
|move|p1a: Getchoo|Swords Dance|p1a: Getchoo
|-boost|p1a: Getchoo|atk|2
|
|upkeep
|turn|5
|
|t:|1779635520
|-terastallize|p2a: Pisces|Fairy
|move|p1a: Getchoo|Knock Off|p2a: Pisces
|-resisted|p2a: Pisces
|-damage|p2a: Pisces|35/100
|-enditem|p2a: Pisces|Assault Vest|[from] move: Knock Off|[of] p1a: Getchoo
|-damage|p1a: Getchoo|71/100|[from] item: Life Orb
|move|p2a: Pisces|Play Rough|p1a: Getchoo
|-supereffective|p1a: Getchoo
|-damage|p1a: Getchoo|18/100
|-unboost|p1a: Getchoo|atk|1
|
|-fieldend|move: Trick Room
|upkeep
|turn|6
|
|t:|1779635529
|move|p1a: Getchoo|Aqua Jet|p2a: Pisces
|-damage|p2a: Pisces|0 fnt
|faint|p2a: Pisces
|-damage|p1a: Getchoo|8/100|[from] item: Life Orb
|
|upkeep
|
|t:|1779635533
|switch|p2a: Anonymous|Ogerpon, F|100/100
|turn|7
|
|t:|1779635537
|switch|p1a: Butterfly|Cresselia, F|100/100
|move|p2a: Anonymous|U-turn|p1a: Butterfly
|-supereffective|p1a: Butterfly
|-damage|p1a: Butterfly|62/100
|
|t:|1779635544
|switch|p2a: Hybrid|Hydreigon, M, shiny|100/100|[from] U-turn
|
|upkeep
|turn|8
|
|t:|1779635551
|switch|p1a: No Other One|Diancie|100/100
|move|p2a: Hybrid|Dark Pulse|p1a: No Other One
|-resisted|p1a: No Other One
|-damage|p1a: No Other One|75/100
|
|upkeep
|turn|9
|
|t:|1779635563
|switch|p2a: Overseer|Pecharunt|100/100
|move|p1a: No Other One|Trick Room|p1a: No Other One
|-fieldstart|move: Trick Room|[of] p1a: No Other One
|
|upkeep
|turn|10
|
|t:|1779635567
|move|p1a: No Other One|Meteor Beam||[still]
|-prepare|p1a: No Other One|Meteor Beam
|-boost|p1a: No Other One|spa|1
|-enditem|p1a: No Other One|Power Herb
|-anim|p1a: No Other One|Meteor Beam|p2a: Overseer
|-damage|p2a: Overseer|9/100
|move|p2a: Overseer|Parting Shot|p1a: No Other One
|-fail|p1a: No Other One|unboost|[from] ability: Clear Body|[of] p1a: No Other One
|
|upkeep
|turn|11
|
|t:|1779635573
|move|p1a: No Other One|Moonblast|p2a: Overseer
|-resisted|p2a: Overseer
|-damage|p2a: Overseer|0 fnt
|faint|p2a: Overseer
|
|upkeep
|
|t:|1779635595
|switch|p2a: Anonymous|Ogerpon, F|100/100
|turn|12
|
|t:|1779635598
|move|p1a: No Other One|Moonblast|p2a: Anonymous
|-damage|p2a: Anonymous|22/100
|-unboost|p2a: Anonymous|spa|1
|-ability|p2a: Anonymous|Defiant|boost
|-boost|p2a: Anonymous|atk|2
|move|p2a: Anonymous|Ivy Cudgel|p1a: No Other One
|-supereffective|p1a: No Other One
|-damage|p1a: No Other One|0 fnt
|faint|p1a: No Other One
|
|upkeep
|
|t:|1779635605
|switch|p1a: Pink Triangle|Hatterene, F|100/100
|turn|13
|
|t:|1779635635
|move|p1a: Pink Triangle|Dazzling Gleam|p2a: Anonymous
|-damage|p2a: Anonymous|0 fnt
|faint|p2a: Anonymous
|
|-fieldend|move: Trick Room
|upkeep
|inactive|redskyatnight has 120 seconds left.
|
|t:|1779635649
|switch|p2a: Hybrid|Hydreigon, M, shiny|100/100
|turn|14
|
|t:|1779635653
|move|p2a: Hybrid|Flash Cannon|p1a: Pink Triangle
|-supereffective|p1a: Pink Triangle
|-damage|p1a: Pink Triangle|19/100
|move|p1a: Pink Triangle|Trick Room|p1a: Pink Triangle
|-fieldstart|move: Trick Room|[of] p1a: Pink Triangle
|
|upkeep
|turn|15
|
|t:|1779635656
|move|p1a: Pink Triangle|Dazzling Gleam|p2a: Hybrid
|-supereffective|p2a: Hybrid
|-damage|p2a: Hybrid|0 fnt
|faint|p2a: Hybrid
|
|upkeep
|
|t:|1779635659
|switch|p2a: Behemoth|Great Tusk, shiny|100/100
|turn|16
|
|t:|1779635661
|move|p1a: Pink Triangle|Dazzling Gleam|p2a: Behemoth
|-supereffective|p2a: Behemoth
|-damage|p2a: Behemoth|0 fnt
|faint|p2a: Behemoth
|-end|p2a: Behemoth|Protosynthesis|[silent]
|
|win|tauros3
|raw|tauros3's rating: 1558 &rarr; <strong>1573</strong><br />(+15 for winning)
|raw|redskyatnight's rating: 1477 &rarr; <strong>1462</strong><br />(-15 for losing)
|l|☆redskyatnight
|player|p2|
|l|☆tauros3
|player|p1|
