|j|☆TheDeepseeker
|j|☆eaos5
|t:|1779682469
|gametype|singles
|player|p1|TheDeepseeker|102|1055
|player|p2|eaos5|101|1056
|gen|9
|tier|[Gen 9] OU
|rated|
|rule|HP Percentage Mod: HP is shown in percentages
|rule|Endless Battle Clause: Forcing endless battles is banned
|rule|Species Clause: Limit one of each Pokémon
|rule|OHKO Clause: OHKO moves are banned
|rule|Evasion Items Clause: Evasion items are banned
|rule|Evasion Moves Clause: Evasion moves are banned
|rule|Evasion Abilities Clause: Evasion abilities are banned
|rule|Sleep Moves Clause: Sleep-inducing moves are banned
|clearpoke
|poke|p1|Garganacl, M|
|poke|p1|Skeledirge, F|
|poke|p1|Clodsire, M|
|poke|p1|Blissey, F|
|poke|p1|Corviknight, F|
|poke|p1|Mandibuzz, F|
|poke|p2|Luxray, F|
|poke|p2|Garchomp, F|
|poke|p2|Ceruledge, F|
|poke|p2|Primarina, M|
|poke|p2|Gallade, M|
|poke|p2|Corviknight, M|
|teampreview
|inactive|Battle timer is ON: inactive players will automatically lose when time's up. (requested by TheDeepseeker)
|c|☆TheDeepseeker|glhf!
|
|t:|1779682483
|teamsize|p1|6
|teamsize|p2|6
|start
|switch|p1a: Joey|Garganacl, M, shiny|100/100
|switch|p2a: Primarina|Primarina, M|100/100
|turn|1
|
|t:|1779682499
|move|p2a: Primarina|Energy Ball|p1a: Joey
|-supereffective|p1a: Joey
|-damage|p1a: Joey|62/100
|move|p1a: Joey|Stealth Rock|p2a: Primarina
|-sidestart|p2: eaos5|move: Stealth Rock
|
|-heal|p1a: Joey|69/100|[from] item: Leftovers
|upkeep
|turn|2
|
|t:|1779682509
|move|p1a: Joey|Protect|p1a: Joey
|-singleturn|p1a: Joey|Protect
|move|p2a: Primarina|Energy Ball|p1a: Joey
|-activate|p1a: Joey|move: Protect
|
|-heal|p1a: Joey|75/100|[from] item: Leftovers
|upkeep
|turn|3
|
|t:|1779682536
|switch|p1a: Bethany|Blissey, F|100/100
|move|p2a: Primarina|Chilling Water|p1a: Bethany
|-damage|p1a: Bethany|93/100
|-unboost|p1a: Bethany|atk|1
|
|upkeep
|turn|4
|
|t:|1779682545
|switch|p2a: Corviknight|Corviknight, M|100/100
|-damage|p2a: Corviknight|88/100|[from] Stealth Rock
|move|p1a: Bethany|Seismic Toss|p2a: Corviknight
|-damage|p2a: Corviknight|61/100
|
|upkeep
|turn|5
|
|t:|1779682555
|move|p1a: Bethany|Protect|p1a: Bethany
|-singleturn|p1a: Bethany|Protect
|move|p2a: Corviknight|Body Press|p1a: Bethany
|-activate|p1a: Bethany|move: Protect
|
|upkeep
|turn|6
|
|t:|1779682560
|-terastallize|p1a: Bethany|Ghost
|move|p2a: Corviknight|Body Press|p1a: Bethany
|-immune|p1a: Bethany
|move|p1a: Bethany|Seismic Toss|p2a: Corviknight
|-damage|p2a: Corviknight|33/100
|
|upkeep
|turn|7
|
|t:|1779682572
|switch|p2a: Gallade|Gallade, M|100/100
|-damage|p2a: Gallade|94/100|[from] Stealth Rock
|move|p1a: Bethany|Seismic Toss|p2a: Gallade
|-damage|p2a: Gallade|62/100
|
|upkeep
|turn|8
|
|t:|1779682579
|move|p1a: Bethany|Protect|p1a: Bethany
|-singleturn|p1a: Bethany|Protect
|move|p2a: Gallade|Future Sight|p1a: Bethany
|-start|p2a: Gallade|move: Future Sight
|
|upkeep
|turn|9
|
|t:|1779682588
|move|p2a: Gallade|Thunder Punch|p1a: Bethany
|-damage|p1a: Bethany|69/100
|move|p1a: Bethany|Seismic Toss|p2a: Gallade
|-damage|p2a: Gallade|30/100
|
|upkeep
|turn|10
|
|t:|1779682594
|move|p2a: Gallade|Thunder Punch|p1a: Bethany
|-damage|p1a: Bethany|44/100
|move|p1a: Bethany|Soft-Boiled|p1a: Bethany
|-heal|p1a: Bethany|94/100
|
|-end|p1a: Bethany|move: Future Sight
|-damage|p1a: Bethany|86/100
|upkeep
|turn|11
|c|☆TheDeepseeker|I love stall
|c|☆TheDeepseeker|=]
|c|☆TheDeepseeker|Big fat cuddly pokemans
|
|t:|1779682620
|switch|p2a: Garchomp|Garchomp, F|100/100
|-damage|p2a: Garchomp|94/100|[from] Stealth Rock
|move|p1a: Bethany|Seismic Toss|p2a: Garchomp
|-damage|p2a: Garchomp|68/100
|-damage|p1a: Bethany|74/100|[from] ability: Rough Skin|[of] p2a: Garchomp
|-damage|p1a: Bethany|57/100|[from] item: Rocky Helmet|[of] p2a: Garchomp
|
|upkeep
|turn|12
|c|☆TheDeepseeker|If only Snorlax was viable :pen
|
|t:|1779682630
|move|p1a: Bethany|Protect|p1a: Bethany
|-singleturn|p1a: Bethany|Protect
|move|p2a: Garchomp|Crunch|p1a: Bethany
|-activate|p1a: Bethany|move: Protect
|
|upkeep
|turn|13
|
|t:|1779682637
|move|p2a: Garchomp|Swords Dance|p2a: Garchomp
|-boost|p2a: Garchomp|atk|2
|move|p1a: Bethany|Soft-Boiled|p1a: Bethany
|-heal|p1a: Bethany|100/100
|
|upkeep
|turn|14
|
|t:|1779682655
|switch|p1a: Carlos|Corviknight, F, shiny|100/100
|-ability|p1a: Carlos|Pressure
|move|p2a: Garchomp|Crunch|p1a: Carlos
|-damage|p1a: Carlos|67/100
|
|upkeep
|turn|15
|
|t:|1779682669
|move|p2a: Garchomp|Swords Dance|p2a: Garchomp
|-boost|p2a: Garchomp|atk|2
|move|p1a: Carlos|Roost|p1a: Carlos
|-heal|p1a: Carlos|100/100
|-singleturn|p1a: Carlos|move: Roost
|
|upkeep
|turn|16
|
|t:|1779682678
|move|p2a: Garchomp|Swords Dance|p2a: Garchomp
|-boost|p2a: Garchomp|atk|2
|move|p1a: Carlos|Body Press|p2a: Garchomp
|-damage|p2a: Garchomp|47/100
|-damage|p1a: Carlos|88/100|[from] ability: Rough Skin|[of] p2a: Garchomp
|-damage|p1a: Carlos|71/100|[from] item: Rocky Helmet|[of] p2a: Garchomp
|
|upkeep
|turn|17
|c|☆TheDeepseeker|oh no...
|
|t:|1779682690
|move|p2a: Garchomp|Crunch|p1a: Carlos
|-damage|p1a: Carlos|3/100
|move|p1a: Carlos|Body Press|p2a: Garchomp
|-crit|p2a: Garchomp
|-damage|p2a: Garchomp|17/100
|-damage|p1a: Carlos|0 fnt|[from] ability: Rough Skin|[of] p2a: Garchomp
|faint|p1a: Carlos
|
|upkeep
|inactive|TheDeepseeker has 120 seconds left.
|
|t:|1779682722
|switch|p1a: Ricky|Skeledirge, F|100/100
|turn|18
|inactive|TheDeepseeker has 120 seconds left.
|
|t:|1779682728
|move|p2a: Garchomp|Stone Edge|p1a: Ricky
|-supereffective|p1a: Ricky
|-crit|p1a: Ricky
|-damage|p1a: Ricky|41/100
|move|p1a: Ricky|Hex|p2a: Garchomp
|-damage|p2a: Garchomp|0 fnt
|faint|p2a: Garchomp
|
|upkeep
|c|☆TheDeepseeker|phew
|
|t:|1779682740
|switch|p2a: Primarina|Primarina, M|100/100
|-damage|p2a: Primarina|88/100|[from] Stealth Rock
|turn|19
|c|☆TheDeepseeker|You killed my boy carlos :pen
|
|t:|1779682754
|switch|p1a: Bethany|Blissey, F, tera:Ghost|100/100
|move|p2a: Primarina|Chilling Water|p1a: Bethany
|-damage|p1a: Bethany|93/100
|-unboost|p1a: Bethany|atk|1
|
|upkeep
|turn|20
|inactive|eaos5 has 120 seconds left.
|
|t:|1779682785
|switch|p2a: Ceruledge|Ceruledge, F|100/100
|-damage|p2a: Ceruledge|75/100|[from] Stealth Rock
|move|p1a: Bethany|Seismic Toss|p2a: Ceruledge
|-immune|p2a: Ceruledge
|
|upkeep
|turn|21
|inactive|eaos5 has 120 seconds left.
|inactive|TheDeepseeker has 120 seconds left.
|
|t:|1779682814
|switch|p1a: Steve|Mandibuzz, F, shiny|100/100
|move|p2a: Ceruledge|Poltergeist|p1a: Steve|[miss]
|-miss|p2a: Ceruledge|p1a: Steve
|
|upkeep
|turn|22
|inactive|eaos5 has 120 seconds left.
|
|t:|1779682826
|switch|p2a: Luxray|Luxray, F|100/100
|-damage|p2a: Luxray|88/100|[from] Stealth Rock
|-ability|p2a: Luxray|Intimidate|boost
|-unboost|p1a: Steve|atk|1
|move|p1a: Steve|Foul Play|p2a: Luxray
|-damage|p2a: Luxray|43/100
|
|upkeep
|turn|23
|
|t:|1779682835
|move|p2a: Luxray|Thunder|p1a: Steve|[miss]
|-miss|p2a: Luxray|p1a: Steve
|move|p1a: Steve|Foul Play|p2a: Luxray
|-damage|p2a: Luxray|0 fnt
|faint|p2a: Luxray
|
|upkeep
|c|☆TheDeepseeker|:skull
|c|☆TheDeepseeker|GG's?
|inactive|eaos5 has 120 seconds left.
|
|t:|1779682857
|switch|p2a: Corviknight|Corviknight, M|33/100
|-damage|p2a: Corviknight|21/100|[from] Stealth Rock
|turn|24
|
|t:|1779682863
|move|p1a: Steve|Foul Play|p2a: Corviknight
|-damage|p2a: Corviknight|0 fnt
|faint|p2a: Corviknight
|
|upkeep
|
|t:|1779682869
|switch|p2a: Gallade|Gallade, M|30/100
|-damage|p2a: Gallade|24/100|[from] Stealth Rock
|turn|25
|inactive|eaos5 has 120 seconds left.
|c|☆TheDeepseeker|Are you new?
|
|t:|1779682878
|move|p2a: Gallade|Thunder Punch|p1a: Steve
|-supereffective|p1a: Steve
|-damage|p1a: Steve|65/100
|move|p1a: Steve|Foul Play|p2a: Gallade
|-damage|p2a: Gallade|0 fnt
|faint|p2a: Gallade
|
|-heal|p1a: Steve|71/100|[from] item: Leftovers
|upkeep
|inactive|eaos5 has 120 seconds left.
|c|☆TheDeepseeker|go ceruledge if ur new
|c|☆TheDeepseeker|Ik new acc's can't msg
|n|☆eaos5|eaos5
|inactive|eaos5 has 90 seconds left.
|c|☆TheDeepseeker|And lower rating on all ur modes-
|c|☆eaos5|just registered
|c|☆eaos5|ye
|c|☆TheDeepseeker|o lol
|c|☆eaos5|im new
|
|t:|1779682929
|switch|p2a: Ceruledge|Ceruledge, F|75/100
|-damage|p2a: Ceruledge|50/100|[from] Stealth Rock
|turn|26
|c|☆TheDeepseeker|New you pokemon as a whole?
|c|☆TheDeepseeker|Or just pvp aspect?
|
|t:|1779682943
|move|p2a: Ceruledge|Bitter Blade|p1a: Steve
|-damage|p1a: Steve|36/100
|-heal|p2a: Ceruledge|75/100|[from] drain|[of] p1a: Steve
|move|p1a: Steve|Foul Play|p2a: Ceruledge
|-supereffective|p2a: Ceruledge
|-damage|p2a: Ceruledge|0 fnt
|faint|p2a: Ceruledge
|
|-heal|p1a: Steve|42/100|[from] item: Leftovers
|upkeep
|c|☆eaos5|ive played nintendo ones
|
|t:|1779682963
|switch|p2a: Primarina|Primarina, M|88/100
|-damage|p2a: Primarina|76/100|[from] Stealth Rock
|turn|27
|c|☆TheDeepseeker|Oh lol
|c|☆eaos5|just new into  showdown
|c|☆TheDeepseeker|I'm too broke to deal w nintendo :rofl
|c|☆eaos5|ye
|c|☆TheDeepseeker|I think if I played though, I'd be good at it
|inactive|TheDeepseeker has 120 seconds left.
|
|t:|1779682999
|switch|p1a: Bethany|Blissey, F, tera:Ghost|93/100
|move|p2a: Primarina|Alluring Voice|p1a: Bethany
|-damage|p1a: Bethany|81/100
|
|upkeep
|turn|28
|inactive|TheDeepseeker has 120 seconds left.
|
|t:|1779683011
|move|p2a: Primarina|Blizzard|p1a: Bethany
|-damage|p1a: Bethany|71/100
|move|p1a: Bethany|Seismic Toss|p2a: Primarina
|-damage|p2a: Primarina|46/100
|
|upkeep
|turn|29
|inactive|TheDeepseeker has 120 seconds left.
|c|☆TheDeepseeker|I'm really good at breeding 6x31's from the time's I have played-
|c|☆TheDeepseeker|and creating nice pvp teams
|
|t:|1779683034
|move|p2a: Primarina|Energy Ball|p1a: Bethany
|-damage|p1a: Bethany|63/100
|move|p1a: Bethany|Seismic Toss|p2a: Primarina
|-damage|p2a: Primarina|15/100
|
|upkeep
|turn|30
|c|☆TheDeepseeker|Just don't have any nintendo systems-
|c|☆eaos5|yeah i aint good at that
|c|☆TheDeepseeker|well-
|c|☆TheDeepseeker|ggwp
|
|t:|1779683050
|move|p2a: Primarina|Chilling Water|p1a: Bethany
|-damage|p1a: Bethany|51/100
|-unboost|p1a: Bethany|atk|1
|move|p1a: Bethany|Seismic Toss|p2a: Primarina
|-damage|p2a: Primarina|0 fnt
|faint|p2a: Primarina
|
|win|TheDeepseeker
|raw|TheDeepseeker's rating: 1055 &rarr; <strong>1087</strong><br />(+32 for winning)
|raw|eaos5's rating: 1056 &rarr; <strong>1038</strong><br />(-18 for losing)
|c|☆eaos5|gg
|c|☆TheDeepseeker|You did pretty good
|c|☆TheDeepseeker|This is an alt acc-
|c|☆TheDeepseeker|I normally do ranbats lol
|c|☆eaos5|XD
|c|☆TheDeepseeker|Add me?
|c|☆eaos5|how
|c|☆TheDeepseeker|click my username
|c|☆TheDeepseeker|3 dots
|c|☆TheDeepseeker|add friend
|c|☆eaos5|sent
|l|☆eaos5
|player|p2|
|l|☆TheDeepseeker
|player|p1|
