|j|☆AsaurusRex
|j|☆fifodrummer
|t:|1779706308
|gametype|singles
|player|p1|AsaurusRex|169|1404
|player|p2|fifodrummer|pokemaniac|1371
|gen|9
|tier|[Gen 9] OU
|rated|
|rule|HP Percentage Mod: HP is shown in percentages
|rule|Endless Battle Clause: Forcing endless battles is banned
|rule|Species Clause: Limit one of each Pokémon
|rule|OHKO Clause: OHKO moves are banned
|rule|Evasion Items Clause: Evasion items are banned
|rule|Evasion Moves Clause: Evasion moves are banned
|rule|Evasion Abilities Clause: Evasion abilities are banned
|rule|Sleep Moves Clause: Sleep-inducing moves are banned
|clearpoke
|poke|p1|Dragonite, M|
|poke|p1|Ting-Lu|
|poke|p1|Clefable, M|
|poke|p1|Pecharunt|
|poke|p1|Heatran, M|
|poke|p1|Zamazenta-*|
|poke|p2|Pelipper, M|
|poke|p2|Raging Bolt|
|poke|p2|Overqwil, M|
|poke|p2|Ogerpon-Wellspring, F|
|poke|p2|Scizor, M|
|poke|p2|Kingdra, F|
|teampreview
|inactive|Battle timer is ON: inactive players will automatically lose when time's up. (requested by fifodrummer)
|
|t:|1779706321
|teamsize|p1|6
|teamsize|p2|6
|start
|switch|p1a: Clefable|Clefable, M|100/100
|switch|p2a: Nigel|Pelipper, M|100/100
|-weather|RainDance|[from] ability: Drizzle|[of] p2a: Nigel
|turn|1
|
|t:|1779706330
|move|p2a: Nigel|U-turn|p1a: Clefable
|-resisted|p1a: Clefable
|-damage|p1a: Clefable|97/100
|
|t:|1779706337
|switch|p2a: The Mask|Ogerpon-Wellspring, F|100/100|[from] U-turn
|move|p1a: Clefable|Knock Off|p2a: The Mask
|-damage|p2a: The Mask|87/100
|
|-weather|RainDance|[upkeep]
|-heal|p1a: Clefable|100/100|[from] item: Leftovers
|upkeep
|turn|2
|
|t:|1779706365
|switch|p1a: Dragonite|Dragonite, M|100/100
|move|p2a: The Mask|Ivy Cudgel|p1a: Dragonite|[anim] Ivy Cudgel Water
|-resisted|p1a: Dragonite
|-damage|p1a: Dragonite|80/100
|
|-weather|RainDance|[upkeep]
|upkeep
|turn|3
|
|t:|1779706374
|switch|p1a: Pecharunt|Pecharunt|100/100
|-terastallize|p2a: The Mask|Water
|detailschange|p2a: The Mask|Ogerpon-Wellspring-Tera, F, tera:Water
|-ability|p2a: The Mask|Embody Aspect (Wellspring)|boost
|-boost|p2a: The Mask|spd|1
|move|p2a: The Mask|Ivy Cudgel|p1a: Pecharunt|[anim] Ivy Cudgel Water
|-damage|p1a: Pecharunt|45/100
|
|-weather|RainDance|[upkeep]
|upkeep
|turn|4
|
|t:|1779706387
|move|p2a: The Mask|Ivy Cudgel|p1a: Pecharunt|[anim] Ivy Cudgel Water
|-damage|p1a: Pecharunt|0 fnt
|faint|p1a: Pecharunt
|
|-weather|RainDance|[upkeep]
|upkeep
|
|t:|1779706400
|switch|p1a: Zamazenta|Zamazenta|100/100
|-ability|p1a: Zamazenta|Dauntless Shield|boost
|-boost|p1a: Zamazenta|def|1
|turn|5
|
|t:|1779706406
|move|p1a: Zamazenta|Close Combat|p2a: The Mask
|-damage|p2a: The Mask|12/100
|-unboost|p1a: Zamazenta|def|1
|-unboost|p1a: Zamazenta|spd|1
|move|p2a: The Mask|Ivy Cudgel|p1a: Zamazenta|[anim] Ivy Cudgel Water
|-damage|p1a: Zamazenta|0 fnt
|faint|p1a: Zamazenta
|
|-weather|RainDance|[upkeep]
|upkeep
|
|t:|1779706416
|switch|p1a: Dragonite|Dragonite, M|80/100
|turn|6
|
|t:|1779706420
|switch|p2a: Iron Claw|Scizor, M, shiny|100/100
|move|p1a: Dragonite|Extreme Speed|p2a: Iron Claw
|-resisted|p2a: Iron Claw
|-damage|p2a: Iron Claw|86/100
|
|-weather|RainDance|[upkeep]
|upkeep
|turn|7
|
|t:|1779706428
|switch|p2a: I'm a Dragon!?|Kingdra, F|100/100
|move|p1a: Dragonite|Roost|p1a: Dragonite
|-heal|p1a: Dragonite|100/100
|-singleturn|p1a: Dragonite|move: Roost
|
|-weather|RainDance|[upkeep]
|upkeep
|turn|8
|
|t:|1779706439
|switch|p1a: Clefable|Clefable, M|100/100
|move|p2a: I'm a Dragon!?|Flip Turn|p1a: Clefable
|-damage|p1a: Clefable|80/100
|
|t:|1779706448
|switch|p2a: Spike|Overqwil, M, shiny|100/100|[from] Flip Turn
|
|-weather|none
|-heal|p1a: Clefable|87/100|[from] item: Leftovers
|upkeep
|turn|9
|
|t:|1779706457
|switch|p1a: Heatran|Heatran, M|100/100
|move|p2a: Spike|Poison Jab|p1a: Heatran
|-immune|p1a: Heatran
|
|upkeep
|turn|10
|
|t:|1779706464
|move|p2a: Spike|Liquidation|p1a: Heatran
|-supereffective|p1a: Heatran
|-crit|p1a: Heatran
|-damage|p1a: Heatran|4/100
|-damage|p2a: Spike|91/100|[from] item: Life Orb
|move|p1a: Heatran|Stealth Rock|p2a: Spike
|-sidestart|p2: fifodrummer|move: Stealth Rock
|
|-heal|p1a: Heatran|10/100|[from] item: Leftovers
|upkeep
|turn|11
|
|t:|1779706474
|switch|p1a: Dragonite|Dragonite, M|100/100
|move|p2a: Spike|Crunch|p1a: Dragonite
|-damage|p1a: Dragonite|75/100
|-damage|p2a: Spike|81/100|[from] item: Life Orb
|
|upkeep
|turn|12
|
|t:|1779706483
|switch|p2a: Nigel|Pelipper, M|100/100
|-damage|p2a: Nigel|76/100|[from] Stealth Rock
|-weather|RainDance|[from] ability: Drizzle|[of] p2a: Nigel
|move|p1a: Dragonite|Roost|p1a: Dragonite
|-heal|p1a: Dragonite|100/100
|-singleturn|p1a: Dragonite|move: Roost
|
|-weather|RainDance|[upkeep]
|upkeep
|turn|13
|
|t:|1779706496
|move|p2a: Nigel|Ice Beam|p1a: Dragonite
|-supereffective|p1a: Dragonite
|-damage|p1a: Dragonite|63/100
|move|p1a: Dragonite|Dragon Tail|p2a: Nigel
|-damage|p2a: Nigel|40/100
|drag|p2a: High AF|Raging Bolt|100/100
|-damage|p2a: High AF|88/100|[from] Stealth Rock
|
|-weather|RainDance|[upkeep]
|upkeep
|turn|14
|
|t:|1779706507
|switch|p1a: Ting-Lu|Ting-Lu|100/100
|-ability|p1a: Ting-Lu|Vessel of Ruin
|move|p2a: High AF|Weather Ball|p1a: Ting-Lu
|-supereffective|p1a: Ting-Lu
|-damage|p1a: Ting-Lu|57/100
|
|-weather|RainDance|[upkeep]
|-heal|p1a: Ting-Lu|63/100|[from] item: Leftovers
|upkeep
|turn|15
|
|t:|1779706532
|move|p2a: High AF|Weather Ball|p1a: Ting-Lu
|-supereffective|p1a: Ting-Lu
|-damage|p1a: Ting-Lu|21/100
|move|p1a: Ting-Lu|Earthquake|p2a: High AF
|-supereffective|p2a: High AF
|-damage|p2a: High AF|17/100
|
|-weather|RainDance|[upkeep]
|-heal|p1a: Ting-Lu|27/100|[from] item: Leftovers
|upkeep
|turn|16
|inactive|AsaurusRex has 120 seconds left.
|
|t:|1779706549
|switch|p1a: Heatran|Heatran, M|10/100
|move|p2a: High AF|Weather Ball|p1a: Heatran
|-supereffective|p1a: Heatran
|-damage|p1a: Heatran|0 fnt
|faint|p1a: Heatran
|
|-weather|RainDance|[upkeep]
|upkeep
|inactive|AsaurusRex has 120 seconds left.
|
|t:|1779706558
|switch|p1a: Dragonite|Dragonite, M|63/100
|turn|17
|
|t:|1779706564
|-end|p2a: High AF|Protosynthesis|[silent]
|switch|p2a: Iron Claw|Scizor, M, shiny|86/100
|move|p1a: Dragonite|Extreme Speed|p2a: Iron Claw
|-resisted|p2a: Iron Claw
|-damage|p2a: Iron Claw|70/100
|
|-weather|RainDance|[upkeep]
|upkeep
|turn|18
|
|t:|1779706577
|move|p1a: Dragonite|Roost|p1a: Dragonite
|-heal|p1a: Dragonite|100/100
|-singleturn|p1a: Dragonite|move: Roost
|move|p2a: Iron Claw|Defog|p1a: Dragonite
|-unboost|p1a: Dragonite|evasion|1
|-sideend|p2: fifodrummer|Stealth Rock|[from] move: Defog|[of] p2a: Iron Claw
|
|-weather|RainDance|[upkeep]
|upkeep
|turn|19
|
|t:|1779706586
|move|p1a: Dragonite|Earthquake|p2a: Iron Claw
|-damage|p2a: Iron Claw|29/100
|move|p2a: Iron Claw|Dual Wingbeat|p1a: Dragonite
|-damage|p1a: Dragonite|91/100
|-damage|p1a: Dragonite|69/100
|-hitcount|p1a: Dragonite|2
|
|-weather|none
|upkeep
|turn|20
|
|t:|1779706596
|move|p2a: Iron Claw|Bullet Punch|p1a: Dragonite
|-damage|p1a: Dragonite|37/100
|move|p1a: Dragonite|Roost|p1a: Dragonite
|-heal|p1a: Dragonite|87/100
|-singleturn|p1a: Dragonite|move: Roost
|
|upkeep
|turn|21
|inactive|AsaurusRex has 120 seconds left.
|
|t:|1779706622
|move|p1a: Dragonite|Roost|p1a: Dragonite
|-heal|p1a: Dragonite|100/100
|-singleturn|p1a: Dragonite|move: Roost
|move|p2a: Iron Claw|Dual Wingbeat|p1a: Dragonite
|-damage|p1a: Dragonite|91/100
|-damage|p1a: Dragonite|68/100
|-hitcount|p1a: Dragonite|2
|
|upkeep
|turn|22
|inactive|AsaurusRex has 120 seconds left.
|
|t:|1779706633
|move|p1a: Dragonite|Roost|p1a: Dragonite
|-heal|p1a: Dragonite|100/100
|-singleturn|p1a: Dragonite|move: Roost
|move|p2a: Iron Claw|Dual Wingbeat|p1a: Dragonite
|-damage|p1a: Dragonite|90/100
|-damage|p1a: Dragonite|70/100
|-hitcount|p1a: Dragonite|2
|
|upkeep
|turn|23
|
|t:|1779706642
|move|p1a: Dragonite|Earthquake|p2a: Iron Claw
|-damage|p2a: Iron Claw|0 fnt
|faint|p2a: Iron Claw
|
|upkeep
|
|t:|1779706652
|switch|p2a: Spike|Overqwil, M, shiny|81/100
|turn|24
|inactive|AsaurusRex has 120 seconds left.
|
|t:|1779706692
|switch|p1a: Ting-Lu|Ting-Lu|27/100
|-ability|p1a: Ting-Lu|Vessel of Ruin
|move|p2a: Spike|Poison Jab|p1a: Ting-Lu
|-resisted|p1a: Ting-Lu
|-damage|p1a: Ting-Lu|11/100
|-damage|p2a: Spike|71/100|[from] item: Life Orb
|
|-heal|p1a: Ting-Lu|17/100|[from] item: Leftovers
|upkeep
|turn|25
|
|t:|1779706704
|move|p2a: Spike|Liquidation|p1a: Ting-Lu
|-supereffective|p1a: Ting-Lu
|-damage|p1a: Ting-Lu|0 fnt
|faint|p1a: Ting-Lu
|-damage|p2a: Spike|61/100|[from] item: Life Orb
|
|upkeep
|
|t:|1779706711
|switch|p1a: Clefable|Clefable, M|87/100
|turn|26
|inactive|AsaurusRex has 90 seconds left.
|
|t:|1779706744
|switch|p2a: Nigel|Pelipper, M|40/100
|-weather|RainDance|[from] ability: Drizzle|[of] p2a: Nigel
|move|p1a: Clefable|Moonblast|p2a: Nigel
|-damage|p2a: Nigel|2/100
|-unboost|p2a: Nigel|spa|1
|
|-weather|RainDance|[upkeep]
|-heal|p1a: Clefable|93/100|[from] item: Leftovers
|upkeep
|turn|27
|
|t:|1779706756
|move|p2a: Nigel|Surf|p1a: Clefable
|-crit|p1a: Clefable
|-damage|p1a: Clefable|25/100
|move|p1a: Clefable|Moonblast|p2a: Nigel
|-damage|p2a: Nigel|0 fnt
|faint|p2a: Nigel
|
|-weather|RainDance|[upkeep]
|-heal|p1a: Clefable|31/100|[from] item: Leftovers
|upkeep
|
|t:|1779706767
|switch|p2a: High AF|Raging Bolt|17/100
|turn|28
|
|t:|1779706771
|move|p2a: High AF|Thunder|p1a: Clefable
|-damage|p1a: Clefable|0 fnt
|faint|p1a: Clefable
|
|-weather|RainDance|[upkeep]
|upkeep
|
|t:|1779706777
|switch|p1a: Dragonite|Dragonite, M|70/100
|turn|29
|
|t:|1779706781
|move|p1a: Dragonite|Extreme Speed|p2a: High AF
|-damage|p2a: High AF|0 fnt
|faint|p2a: High AF
|-end|p2a: High AF|Protosynthesis|[silent]
|
|-weather|RainDance|[upkeep]
|upkeep
|
|t:|1779706788
|switch|p2a: Spike|Overqwil, M, shiny|61/100
|turn|30
|
|t:|1779706810
|move|p2a: Spike|Poison Jab|p1a: Dragonite
|-damage|p1a: Dragonite|17/100
|-status|p1a: Dragonite|psn
|-damage|p2a: Spike|51/100|[from] item: Life Orb
|move|p1a: Dragonite|Roost|p1a: Dragonite
|-heal|p1a: Dragonite|67/100 psn
|-singleturn|p1a: Dragonite|move: Roost
|
|-weather|RainDance|[upkeep]
|-damage|p1a: Dragonite|55/100 psn|[from] psn
|upkeep
|turn|31
|
|t:|1779706825
|-terastallize|p1a: Dragonite|Normal
|move|p1a: Dragonite|Extreme Speed|p2a: Spike
|-damage|p2a: Spike|0 fnt
|faint|p2a: Spike
|
|-weather|RainDance|[upkeep]
|-damage|p1a: Dragonite|42/100 psn|[from] psn
|upkeep
|
|t:|1779706834
|switch|p2a: I'm a Dragon!?|Kingdra, F|100/100
|turn|32
|
|t:|1779706842
|move|p1a: Dragonite|Extreme Speed|p2a: I'm a Dragon!?
|-damage|p2a: I'm a Dragon!?|48/100
|move|p2a: I'm a Dragon!?|Surf|p1a: Dragonite
|-damage|p1a: Dragonite|0 fnt
|faint|p1a: Dragonite
|
|win|fifodrummer
|raw|AsaurusRex's rating: 1404 &rarr; <strong>1382</strong><br />(-22 for losing)
|raw|fifodrummer's rating: 1371 &rarr; <strong>1393</strong><br />(+22 for winning)
|l|☆AsaurusRex
|player|p1|
