|j|☆QueueStudioQuinn
|j|☆kamzisontop
|t:|1779653094
|gametype|singles
|player|p1|QueueStudioQuinn|265|1419
|player|p2|kamzisontop|pilot|1299
|gen|9
|tier|[Gen 9] OU
|rated|
|rule|HP Percentage Mod: HP is shown in percentages
|rule|Endless Battle Clause: Forcing endless battles is banned
|rule|Species Clause: Limit one of each Pokémon
|rule|OHKO Clause: OHKO moves are banned
|rule|Evasion Items Clause: Evasion items are banned
|rule|Evasion Moves Clause: Evasion moves are banned
|rule|Evasion Abilities Clause: Evasion abilities are banned
|rule|Sleep Moves Clause: Sleep-inducing moves are banned
|clearpoke
|poke|p1|Hatterene, F|
|poke|p1|Slowking-Galar, M|
|poke|p1|Rillaboom, M|
|poke|p1|Heatran, F|
|poke|p1|Sudowoodo, M|
|poke|p1|Sinistcha|
|poke|p2|Zamazenta-*|
|poke|p2|Kyurem|
|poke|p2|Slowking-Galar, M|
|poke|p2|Kingambit, F|
|poke|p2|Great Tusk|
|poke|p2|Alomomola, F|
|teampreview
|inactive|Battle timer is ON: inactive players will automatically lose when time's up. (requested by kamzisontop)
|
|t:|1779653120
|teamsize|p1|6
|teamsize|p2|6
|start
|switch|p1a: Tung Tung Sahur|Sudowoodo, M|100/100
|switch|p2a: pew pew|Kyurem|100/100
|-ability|p2a: pew pew|Pressure
|turn|1
|
|t:|1779653130
|-terastallize|p1a: Tung Tung Sahur|Fighting
|move|p2a: pew pew|Ice Beam|p1a: Tung Tung Sahur
|-damage|p1a: Tung Tung Sahur|33/100
|-status|p1a: Tung Tung Sahur|frz
|-curestatus|p1a: Tung Tung Sahur|frz|[msg]
|move|p1a: Tung Tung Sahur|Hammer Arm|p2a: pew pew
|-supereffective|p2a: pew pew
|-damage|p2a: pew pew|8/100
|-unboost|p1a: Tung Tung Sahur|spe|1
|
|upkeep
|turn|2
|
|t:|1779653142
|move|p1a: Tung Tung Sahur|Sucker Punch|p2a: pew pew
|-damage|p2a: pew pew|0 fnt
|faint|p2a: pew pew
|
|upkeep
|
|t:|1779653151
|switch|p2a: Elephant Ears|Great Tusk|100/100
|turn|3
|
|t:|1779653154
|switch|p1a: MindOverMatter|Slowking-Galar, M|100/100
|move|p2a: Elephant Ears|Stealth Rock|p1a: MindOverMatter
|-sidestart|p1: QueueStudioQuinn|move: Stealth Rock
|
|upkeep
|turn|4
|
|t:|1779653161
|move|p2a: Elephant Ears|Knock Off|p1a: MindOverMatter
|-supereffective|p1a: MindOverMatter
|-damage|p1a: MindOverMatter|44/100
|-enditem|p1a: MindOverMatter|Heavy-Duty Boots|[from] move: Knock Off|[of] p2a: Elephant Ears
|move|p1a: MindOverMatter|Trick Room|p1a: MindOverMatter
|-fieldstart|move: Trick Room|[of] p1a: MindOverMatter
|
|upkeep
|turn|5
|
|t:|1779653171
|switch|p1a: Rul334|Hatterene, F|100/100
|-end|p2a: Elephant Ears|Protosynthesis|[silent]
|switch|p2a: Le Chonk|Slowking-Galar, M, shiny|100/100
|
|upkeep
|turn|6
|
|t:|1779653174
|move|p1a: Rul334|Psychic Noise|p2a: Le Chonk
|-damage|p2a: Le Chonk|78/100
|-start|p2a: Le Chonk|move: Heal Block
|move|p2a: Le Chonk|Sludge Bomb|p1a: Rul334
|-supereffective|p1a: Rul334
|-damage|p1a: Rul334|8/100
|
|upkeep
|turn|7
|
|t:|1779653190
|move|p1a: Rul334|Psychic Noise|p2a: Le Chonk
|-crit|p2a: Le Chonk
|-damage|p2a: Le Chonk|42/100
|move|p2a: Le Chonk|Ice Beam|p1a: Rul334
|-damage|p1a: Rul334|0 fnt
|faint|p1a: Rul334
|
|-end|p2a: Le Chonk|move: Heal Block
|upkeep
|
|t:|1779653193
|switch|p1a: Tung Tung Sahur|Sudowoodo, M, tera:Fighting|33/100
|-damage|p1a: Tung Tung Sahur|27/100|[from] Stealth Rock
|turn|8
|
|t:|1779653199
|move|p1a: Tung Tung Sahur|Head Smash|p2a: Le Chonk
|-damage|p2a: Le Chonk|0 fnt
|faint|p2a: Le Chonk
|
|-fieldend|move: Trick Room
|upkeep
|
|t:|1779653206
|switch|p2a: Elephant Ears|Great Tusk|100/100
|turn|9
|
|t:|1779653209
|move|p2a: Elephant Ears|Knock Off|p1a: Tung Tung Sahur
|-resisted|p1a: Tung Tung Sahur
|-damage|p1a: Tung Tung Sahur|15/100
|-enditem|p1a: Tung Tung Sahur|Assault Vest|[from] move: Knock Off|[of] p2a: Elephant Ears
|move|p1a: Tung Tung Sahur|Wood Hammer|p2a: Elephant Ears
|-supereffective|p2a: Elephant Ears
|-damage|p2a: Elephant Ears|55/100
|-damage|p1a: Tung Tung Sahur|0 fnt|[from] item: Rocky Helmet|[of] p2a: Elephant Ears
|faint|p1a: Tung Tung Sahur
|
|upkeep
|
|t:|1779653221
|switch|p1a: MyCupOfTea|Sinistcha|100/100
|turn|10
|
|t:|1779653238
|move|p2a: Elephant Ears|Headlong Rush|p1a: MyCupOfTea
|-resisted|p1a: MyCupOfTea
|-damage|p1a: MyCupOfTea|81/100
|-unboost|p2a: Elephant Ears|def|1
|-unboost|p2a: Elephant Ears|spd|1
|move|p1a: MyCupOfTea|Trick Room|p1a: MyCupOfTea
|-fieldstart|move: Trick Room|[of] p1a: MyCupOfTea
|
|upkeep
|turn|11
|
|t:|1779653242
|move|p1a: MyCupOfTea|Matcha Gotcha|p2a: Elephant Ears
|-supereffective|p2a: Elephant Ears
|-damage|p2a: Elephant Ears|0 fnt
|-heal|p1a: MyCupOfTea|100/100|[from] drain|[of] p2a: Elephant Ears
|faint|p2a: Elephant Ears
|-end|p2a: Elephant Ears|Protosynthesis|[silent]
|
|upkeep
|
|t:|1779653248
|switch|p2a: Nancy Pelosi|Alomomola, F, shiny|100/100
|turn|12
|
|t:|1779653253
|move|p2a: Nancy Pelosi|Scald|p1a: MyCupOfTea
|-resisted|p1a: MyCupOfTea
|-crit|p1a: MyCupOfTea
|-damage|p1a: MyCupOfTea|88/100
|move|p1a: MyCupOfTea|Matcha Gotcha|p2a: Nancy Pelosi
|-supereffective|p2a: Nancy Pelosi
|-damage|p2a: Nancy Pelosi|17/100
|-heal|p1a: MyCupOfTea|100/100|[from] drain|[of] p2a: Nancy Pelosi
|
|upkeep
|turn|13
|
|t:|1779653260
|move|p2a: Nancy Pelosi|Scald|p1a: MyCupOfTea
|-resisted|p1a: MyCupOfTea
|-damage|p1a: MyCupOfTea|93/100
|move|p1a: MyCupOfTea|Trick Room|p1a: MyCupOfTea
|-fieldend|move: Trick Room
|
|upkeep
|turn|14
|
|t:|1779653270
|move|p2a: Nancy Pelosi|Scald|p1a: MyCupOfTea
|-resisted|p1a: MyCupOfTea
|-damage|p1a: MyCupOfTea|85/100
|move|p1a: MyCupOfTea|Trick Room|p1a: MyCupOfTea
|-fieldstart|move: Trick Room|[of] p1a: MyCupOfTea
|
|upkeep
|turn|15
|
|t:|1779653276
|move|p2a: Nancy Pelosi|Scald|p1a: MyCupOfTea
|-resisted|p1a: MyCupOfTea
|-damage|p1a: MyCupOfTea|77/100
|-status|p1a: MyCupOfTea|brn
|move|p1a: MyCupOfTea|Matcha Gotcha|p2a: Nancy Pelosi
|-supereffective|p2a: Nancy Pelosi
|-damage|p2a: Nancy Pelosi|0 fnt
|-heal|p1a: MyCupOfTea|89/100 brn|[from] drain|[of] p2a: Nancy Pelosi
|faint|p2a: Nancy Pelosi
|
|-damage|p1a: MyCupOfTea|86/100 brn|[from] brn
|upkeep
|
|t:|1779653284
|switch|p2a: Sensational|Zamazenta, shiny|100/100
|-ability|p2a: Sensational|Dauntless Shield|boost
|-boost|p2a: Sensational|def|1
|turn|16
|
|t:|1779653289
|move|p1a: MyCupOfTea|Matcha Gotcha|p2a: Sensational
|-damage|p2a: Sensational|69/100
|-heal|p1a: MyCupOfTea|100/100 brn|[from] drain|[of] p2a: Sensational
|-status|p2a: Sensational|brn
|move|p2a: Sensational|Crunch|p1a: MyCupOfTea
|-supereffective|p1a: MyCupOfTea
|-damage|p1a: MyCupOfTea|72/100 brn
|
|-damage|p1a: MyCupOfTea|69/100 brn|[from] brn
|-damage|p2a: Sensational|63/100 brn|[from] brn
|upkeep
|turn|17
|
|t:|1779653298
|move|p1a: MyCupOfTea|Shadow Ball|p2a: Sensational
|-damage|p2a: Sensational|34/100 brn
|move|p2a: Sensational|Crunch|p1a: MyCupOfTea
|-supereffective|p1a: MyCupOfTea
|-damage|p1a: MyCupOfTea|43/100 brn
|
|-damage|p1a: MyCupOfTea|40/100 brn|[from] brn
|-damage|p2a: Sensational|28/100 brn|[from] brn
|upkeep
|turn|18
|
|t:|1779653301
|move|p1a: MyCupOfTea|Shadow Ball|p2a: Sensational
|-damage|p2a: Sensational|0 fnt
|faint|p2a: Sensational
|
|-damage|p1a: MyCupOfTea|37/100 brn|[from] brn
|-fieldend|move: Trick Room
|upkeep
|
|t:|1779653310
|switch|p2a: 50/50 Wipe|Kingambit, F|100/100
|-activate|p2a: 50/50 Wipe|ability: Supreme Overlord
|-start|p2a: 50/50 Wipe|fallen5|[silent]
|turn|19
|
|t:|1779653325
|move|p2a: 50/50 Wipe|Swords Dance|p2a: 50/50 Wipe
|-boost|p2a: 50/50 Wipe|atk|2
|move|p1a: MyCupOfTea|Trick Room|p1a: MyCupOfTea
|-fieldstart|move: Trick Room|[of] p1a: MyCupOfTea
|
|-damage|p1a: MyCupOfTea|34/100 brn|[from] brn
|upkeep
|turn|20
|
|t:|1779653334
|switch|p1a: MindOverMatter|Slowking-Galar, M|77/100
|-damage|p1a: MindOverMatter|64/100|[from] Stealth Rock
|move|p2a: 50/50 Wipe|Iron Head|p1a: MindOverMatter
|-damage|p1a: MindOverMatter|0 fnt
|faint|p1a: MindOverMatter
|
|upkeep
|
|t:|1779653336
|switch|p1a: Heatransgender|Heatran, F, shiny|100/100
|-damage|p1a: Heatransgender|88/100|[from] Stealth Rock
|-item|p1a: Heatransgender|Air Balloon
|turn|21
|
|t:|1779653362
|move|p1a: Heatransgender|Stealth Rock|p2a: 50/50 Wipe
|-sidestart|p2: kamzisontop|move: Stealth Rock
|move|p2a: 50/50 Wipe|Kowtow Cleave|p1a: Heatransgender
|-damage|p1a: Heatransgender|0 fnt
|-enditem|p1a: Heatransgender|Air Balloon
|faint|p1a: Heatransgender
|
|upkeep
|
|t:|1779653364
|switch|p1a: Big Ni**a|Rillaboom, M|100/100
|-damage|p1a: Big Ni**a|88/100|[from] Stealth Rock
|-fieldstart|move: Grassy Terrain|[from] ability: Grassy Surge|[of] p1a: Big Ni**a
|turn|22
|
|t:|1779653382
|-terastallize|p2a: 50/50 Wipe|Ghost
|move|p1a: Big Ni**a|Grassy Glide|p2a: 50/50 Wipe
|-damage|p2a: 50/50 Wipe|66/100
|move|p2a: 50/50 Wipe|Kowtow Cleave|p1a: Big Ni**a
|-damage|p1a: Big Ni**a|0 fnt
|faint|p1a: Big Ni**a
|
|-heal|p2a: 50/50 Wipe|72/100|[from] Grassy Terrain
|-heal|p2a: 50/50 Wipe|79/100|[from] item: Leftovers
|upkeep
|
|t:|1779653385
|switch|p1a: MyCupOfTea|Sinistcha|34/100 brn
|turn|23
|
|t:|1779653390
|move|p1a: MyCupOfTea|Shadow Ball|p2a: 50/50 Wipe
|-supereffective|p2a: 50/50 Wipe
|-damage|p2a: 50/50 Wipe|8/100
|move|p2a: 50/50 Wipe|Kowtow Cleave|p1a: MyCupOfTea
|-supereffective|p1a: MyCupOfTea
|-damage|p1a: MyCupOfTea|0 fnt
|faint|p1a: MyCupOfTea
|
|win|kamzisontop
|raw|QueueStudioQuinn's rating: 1419 &rarr; <strong>1392</strong><br />(-27 for losing)
|raw|kamzisontop's rating: 1299 &rarr; <strong>1332</strong><br />(+33 for winning)
|l|☆QueueStudioQuinn
|player|p1|
|l|☆kamzisontop
|player|p2|
