|j|☆blabab
|j|☆idk du
|t:|1779591053
|gametype|singles
|player|p1|blabab|miku-ground|1398
|player|p2|idk du|elesa|1471
|gen|9
|tier|[Gen 9] OU
|rated|
|rule|HP Percentage Mod: HP is shown in percentages
|rule|Endless Battle Clause: Forcing endless battles is banned
|rule|Species Clause: Limit one of each Pokémon
|rule|OHKO Clause: OHKO moves are banned
|rule|Evasion Items Clause: Evasion items are banned
|rule|Evasion Moves Clause: Evasion moves are banned
|rule|Evasion Abilities Clause: Evasion abilities are banned
|rule|Sleep Moves Clause: Sleep-inducing moves are banned
|clearpoke
|poke|p1|Iron Leaves|
|poke|p1|Kingambit, M|
|poke|p1|Primarina, F|
|poke|p1|Araquanid, F|
|poke|p1|Blaziken, M|
|poke|p1|Thundurus-Therian, M|
|poke|p2|Corviknight, F|
|poke|p2|Regieleki|
|poke|p2|Rillaboom, M|
|poke|p2|Ting-Lu|
|poke|p2|Latias, F|
|poke|p2|Darkrai|
|teampreview
|inactive|Battle timer is ON: inactive players will automatically lose when time's up. (requested by idk du)
|inactive|blabab also wants the timer to be on.
|
|t:|1779591059
|teamsize|p1|6
|teamsize|p2|6
|start
|switch|p1a: Araquanid|Araquanid, F|100/100
|switch|p2a: Regieleki|Regieleki|100/100
|turn|1
|
|t:|1779591064
|switch|p1a: Thundurus|Thundurus-Therian, M|100/100
|move|p2a: Regieleki|Thunderbolt|p1a: Thundurus
|-immune|p1a: Thundurus|[from] ability: Volt Absorb
|
|upkeep
|turn|2
|
|t:|1779591069
|switch|p2a: Ting-Lu|Ting-Lu|100/100
|-ability|p2a: Ting-Lu|Vessel of Ruin
|move|p1a: Thundurus|Nasty Plot|p1a: Thundurus
|-boost|p1a: Thundurus|spa|2
|
|upkeep
|turn|3
|
|t:|1779591071
|move|p1a: Thundurus|Focus Blast|p2a: Ting-Lu
|-supereffective|p2a: Ting-Lu
|-damage|p2a: Ting-Lu|0 fnt
|faint|p2a: Ting-Lu
|
|upkeep
|
|t:|1779591081
|switch|p2a: Latias|Latias, F|100/100
|turn|4
|
|t:|1779591087
|switch|p1a: Primarina|Primarina, F|100/100
|move|p2a: Latias|Calm Mind|p2a: Latias
|-boost|p2a: Latias|spa|1
|-boost|p2a: Latias|spd|1
|
|upkeep
|turn|5
|
|t:|1779591093
|move|p2a: Latias|Calm Mind|p2a: Latias
|-boost|p2a: Latias|spa|1
|-boost|p2a: Latias|spd|1
|move|p1a: Primarina|Calm Mind|p1a: Primarina
|-boost|p1a: Primarina|spa|1
|-boost|p1a: Primarina|spd|1
|
|upkeep
|turn|6
|
|t:|1779591097
|move|p2a: Latias|Calm Mind|p2a: Latias
|-boost|p2a: Latias|spa|1
|-boost|p2a: Latias|spd|1
|move|p1a: Primarina|Calm Mind|p1a: Primarina
|-boost|p1a: Primarina|spa|1
|-boost|p1a: Primarina|spd|1
|
|upkeep
|turn|7
|
|t:|1779591100
|move|p2a: Latias|Calm Mind|p2a: Latias
|-boost|p2a: Latias|spa|1
|-boost|p2a: Latias|spd|1
|move|p1a: Primarina|Calm Mind|p1a: Primarina
|-boost|p1a: Primarina|spa|1
|-boost|p1a: Primarina|spd|1
|
|upkeep
|turn|8
|
|t:|1779591103
|move|p2a: Latias|Calm Mind|p2a: Latias
|-boost|p2a: Latias|spa|1
|-boost|p2a: Latias|spd|1
|move|p1a: Primarina|Moonblast|p2a: Latias
|-supereffective|p2a: Latias
|-damage|p2a: Latias|41/100
|-unboost|p2a: Latias|spa|1
|
|upkeep
|turn|9
|
|t:|1779591109
|move|p2a: Latias|Stored Power|p1a: Primarina
|-damage|p1a: Primarina|16/100
|move|p1a: Primarina|Moonblast|p2a: Latias
|-supereffective|p2a: Latias
|-damage|p2a: Latias|0 fnt
|faint|p2a: Latias
|
|upkeep
|
|t:|1779591115
|switch|p2a: Regieleki|Regieleki|100/100
|turn|10
|-enditem|p1a: Primarina|Custap Berry|[eat]
|-activate|p1a: Primarina|item: Custap Berry|[consumed]
|
|t:|1779591120
|move|p1a: Primarina|Surf|p2a: Regieleki
|-damage|p2a: Regieleki|0 fnt
|faint|p2a: Regieleki
|
|upkeep
|
|t:|1779591125
|switch|p2a: Rillaboom|Rillaboom, M|100/100
|-fieldstart|move: Grassy Terrain|[from] ability: Grassy Surge|[of] p2a: Rillaboom
|turn|11
|
|t:|1779591128
|move|p2a: Rillaboom|Grassy Glide|p1a: Primarina
|-supereffective|p1a: Primarina
|-damage|p1a: Primarina|0 fnt
|faint|p1a: Primarina
|
|upkeep
|
|t:|1779591130
|switch|p1a: Blaziken|Blaziken, M|100/100
|turn|12
|
|t:|1779591135
|move|p1a: Blaziken|Close Combat|p2a: Rillaboom
|-damage|p2a: Rillaboom|21/100
|-unboost|p1a: Blaziken|def|1
|-unboost|p1a: Blaziken|spd|1
|move|p2a: Rillaboom|High Horsepower|p1a: Blaziken
|-supereffective|p1a: Blaziken
|-damage|p1a: Blaziken|0 fnt
|faint|p1a: Blaziken
|
|-heal|p2a: Rillaboom|27/100|[from] Grassy Terrain
|-heal|p2a: Rillaboom|33/100|[from] item: Leftovers
|upkeep
|
|t:|1779591143
|switch|p1a: Iron Leaves|Iron Leaves|100/100
|-enditem|p1a: Iron Leaves|Booster Energy
|-activate|p1a: Iron Leaves|ability: Quark Drive|[fromitem]
|-start|p1a: Iron Leaves|quarkdriveatk
|turn|13
|
|t:|1779591151
|move|p1a: Iron Leaves|Close Combat|p2a: Rillaboom
|-damage|p2a: Rillaboom|0 fnt
|-unboost|p1a: Iron Leaves|def|1
|-unboost|p1a: Iron Leaves|spd|1
|faint|p2a: Rillaboom
|
|upkeep
|
|t:|1779591155
|switch|p2a: Corviknight|Corviknight, F|100/100
|-ability|p2a: Corviknight|Pressure
|turn|14
|
|t:|1779591164
|move|p1a: Iron Leaves|Close Combat|p2a: Corviknight
|-damage|p2a: Corviknight|69/100
|-unboost|p1a: Iron Leaves|def|1
|-unboost|p1a: Iron Leaves|spd|1
|-damage|p1a: Iron Leaves|84/100|[from] item: Rocky Helmet|[of] p2a: Corviknight
|move|p2a: Corviknight|U-turn|p1a: Iron Leaves
|-supereffective|p1a: Iron Leaves
|-damage|p1a: Iron Leaves|0 fnt
|faint|p1a: Iron Leaves
|-end|p1a: Iron Leaves|Quark Drive|[silent]
|
|t:|1779591167
|switch|p2a: Darkrai|Darkrai|100/100|[from] U-turn
|
|upkeep
|
|t:|1779591170
|switch|p1a: Araquanid|Araquanid, F|100/100
|turn|15
|
|t:|1779591176
|switch|p2a: Corviknight|Corviknight, F|69/100
|-ability|p2a: Corviknight|Pressure
|move|p1a: Araquanid|Bug Buzz|p2a: Corviknight
|-resisted|p2a: Corviknight
|-damage|p2a: Corviknight|62/100
|
|-fieldend|move: Grassy Terrain
|upkeep
|turn|16
|
|t:|1779591203
|move|p2a: Corviknight|U-turn|p1a: Araquanid
|-damage|p1a: Araquanid|85/100
|
|t:|1779591204
|switch|p2a: Darkrai|Darkrai|100/100|[from] U-turn
|move|p1a: Araquanid|Surf|p2a: Darkrai
|-damage|p2a: Darkrai|28/100
|
|-heal|p2a: Darkrai|34/100|[from] item: Leftovers
|upkeep
|turn|17
|
|t:|1779591221
|switch|p2a: Corviknight|Corviknight, F|62/100
|-ability|p2a: Corviknight|Pressure
|move|p1a: Araquanid|Surf|p2a: Corviknight
|-damage|p2a: Corviknight|3/100
|
|upkeep
|turn|18
|
|t:|1779591225
|move|p2a: Corviknight|Brave Bird|p1a: Araquanid
|-supereffective|p1a: Araquanid
|-damage|p1a: Araquanid|8/100
|-damage|p2a: Corviknight|0 fnt|[from] Recoil
|faint|p2a: Corviknight
|move|p1a: Araquanid|Surf|p2: Corviknight|[notarget]
|-fail|p1a: Araquanid
|
|upkeep
|
|t:|1779591228
|switch|p2a: Darkrai|Darkrai|34/100
|turn|19
|-enditem|p1a: Araquanid|Custap Berry|[eat]
|-activate|p1a: Araquanid|item: Custap Berry|[consumed]
|
|t:|1779591230
|move|p1a: Araquanid|Surf|p2a: Darkrai
|-damage|p2a: Darkrai|0 fnt
|faint|p2a: Darkrai
|
|win|blabab
|raw|blabab's rating: 1398 &rarr; <strong>1422</strong><br />(+24 for winning)
|raw|idk du's rating: 1471 &rarr; <strong>1447</strong><br />(-24 for losing)
|l|☆blabab
|player|p1|
|l|☆idk du
|player|p2|
|j|☆idk du
|player|p2|idk du|elesa|
|l|☆idk du
|player|p2|
