|j|☆Jeystar
|j|☆ImOuTtT
|t:|1779716649
|gametype|singles
|player|p1|Jeystar|shadowtriad|1182
|player|p2|ImOuTtT|170|1136
|gen|9
|tier|[Gen 9] OU
|rated|
|rule|HP Percentage Mod: HP is shown in percentages
|rule|Endless Battle Clause: Forcing endless battles is banned
|rule|Species Clause: Limit one of each Pokémon
|rule|OHKO Clause: OHKO moves are banned
|rule|Evasion Items Clause: Evasion items are banned
|rule|Evasion Moves Clause: Evasion moves are banned
|rule|Evasion Abilities Clause: Evasion abilities are banned
|rule|Sleep Moves Clause: Sleep-inducing moves are banned
|clearpoke
|poke|p1|Tatsugiri-Droopy, F|
|poke|p1|Zamazenta-*|
|poke|p1|Slowking-Galar, M|
|poke|p1|Sylveon, M|
|poke|p1|Mew|
|poke|p1|Toxapex, M|
|poke|p2|Cinderace, M|
|poke|p2|Great Tusk|
|poke|p2|Iron Moth|
|poke|p2|Dragonite, F|
|poke|p2|Ribombee, M|
|poke|p2|Eelektross, F|
|teampreview
|
|t:|1779716658
|teamsize|p1|6
|teamsize|p2|6
|start
|switch|p1a: x2|Toxapex, M, shiny|100/100
|switch|p2a: Dragonite|Dragonite, F|100/100
|turn|1
|inactive|Battle timer is ON: inactive players will automatically lose when time's up. (requested by Jeystar)
|
|t:|1779716669
|move|p2a: Dragonite|Dragon Dance|p2a: Dragonite
|-boost|p2a: Dragonite|atk|1
|-boost|p2a: Dragonite|spe|1
|move|p1a: x2|Ice Beam|p2a: Dragonite
|-supereffective|p2a: Dragonite
|-damage|p2a: Dragonite|22/100
|
|upkeep
|turn|2
|
|t:|1779716677
|move|p2a: Dragonite|Earthquake|p1a: x2
|-supereffective|p1a: x2
|-damage|p1a: x2|16/100
|-heal|p2a: Dragonite|32/100|[from] item: Shell Bell|[of] p1a: x2
|move|p1a: x2|Ice Beam|p2a: Dragonite
|-supereffective|p2a: Dragonite
|-damage|p2a: Dragonite|0 fnt
|faint|p2a: Dragonite
|
|upkeep
|
|t:|1779716686
|switch|p2a: Eelektross|Eelektross, F|100/100
|turn|3
|
|t:|1779716692
|switch|p1a: Endless Fashion|Sylveon, M|100/100
|move|p2a: Eelektross|Thunderbolt|p1a: Endless Fashion
|-damage|p1a: Endless Fashion|63/100
|
|upkeep
|turn|4
|
|t:|1779716700
|move|p1a: Endless Fashion|Hyper Voice|p2a: Eelektross
|-damage|p2a: Eelektross|3/100
|move|p2a: Eelektross|Thunderbolt|p1a: Endless Fashion
|-damage|p1a: Endless Fashion|28/100
|
|upkeep
|turn|5
|
|t:|1779716707
|move|p1a: Endless Fashion|Hyper Voice|p2a: Eelektross
|-damage|p2a: Eelektross|0 fnt
|faint|p2a: Eelektross
|
|upkeep
|
|t:|1779716713
|switch|p2a: Ribombee|Ribombee, M|100/100
|turn|6
|
|t:|1779716717
|move|p2a: Ribombee|Sticky Web|p1a: Endless Fashion
|-sidestart|p1: Jeystar|move: Sticky Web
|move|p1a: Endless Fashion|Hyper Voice|p2a: Ribombee
|-enditem|p2a: Ribombee|Focus Sash
|-damage|p2a: Ribombee|1/100
|
|upkeep
|turn|7
|
|t:|1779716725
|switch|p1a: x2|Toxapex, M, shiny|49/100
|-activate|p1a: x2|move: Sticky Web
|-unboost|p1a: x2|spe|1
|move|p2a: Ribombee|Moonblast|p1a: x2
|-resisted|p1a: x2
|-damage|p1a: x2|38/100
|-unboost|p1a: x2|spa|1
|
|upkeep
|turn|8
|
|t:|1779716739
|move|p2a: Ribombee|Psychic|p1a: x2
|-supereffective|p1a: x2
|-damage|p1a: x2|6/100
|move|p1a: x2|Sludge Bomb|p2a: Ribombee
|-supereffective|p2a: Ribombee
|-damage|p2a: Ribombee|0 fnt
|faint|p2a: Ribombee
|
|upkeep
|
|t:|1779716747
|switch|p2a: Cinderace|Cinderace, M|100/100
|turn|9
|
|t:|1779716753
|switch|p1a: Spin Again|Tatsugiri-Droopy, F|100/100
|move|p2a: Cinderace|Pyro Ball|p1a: Spin Again
|-resisted|p1a: Spin Again
|-damage|p1a: Spin Again|72/100
|
|upkeep
|turn|10
|
|t:|1779716762
|move|p2a: Cinderace|Trailblaze|p1a: Spin Again
|-start|p2a: Cinderace|typechange|Grass|[from] ability: Libero
|-damage|p1a: Spin Again|28/100
|-boost|p2a: Cinderace|spe|1
|move|p1a: Spin Again|Rapid Spin|p2a: Cinderace
|-damage|p2a: Cinderace|92/100
|-boost|p1a: Spin Again|spe|1
|-sideend|p1: Jeystar|Sticky Web|[from] move: Rapid Spin|[of] p1a: Spin Again
|
|upkeep
|turn|11
|
|t:|1779716775
|switch|p1a: x2|Toxapex, M, shiny|40/100
|move|p2a: Cinderace|Double Kick|p1a: x2
|-resisted|p1a: x2
|-damage|p1a: x2|36/100
|-resisted|p1a: x2
|-damage|p1a: x2|32/100
|-hitcount|p1a: x2|2
|
|upkeep
|turn|12
|
|t:|1779716784
|switch|p1a: Rehab|Slowking-Galar, M|100/100
|move|p2a: Cinderace|Trailblaze|p1a: Rehab
|-resisted|p1a: Rehab
|-damage|p1a: Rehab|88/100
|-boost|p2a: Cinderace|spe|1
|
|upkeep
|turn|13
|
|t:|1779716793
|move|p2a: Cinderace|Sucker Punch|p1a: Rehab
|-supereffective|p1a: Rehab
|-damage|p1a: Rehab|45/100
|move|p1a: Rehab|Sludge Bomb|p2a: Cinderace
|-supereffective|p2a: Cinderace
|-damage|p2a: Cinderace|0 fnt
|faint|p2a: Cinderace
|
|upkeep
|
|t:|1779716809
|switch|p2a: Great Tusk|Great Tusk|100/100
|-enditem|p2a: Great Tusk|Booster Energy
|-activate|p2a: Great Tusk|ability: Protosynthesis|[fromitem]
|-start|p2a: Great Tusk|protosynthesisatk
|turn|14
|
|t:|1779716817
|move|p2a: Great Tusk|Earthquake|p1a: Rehab
|-supereffective|p1a: Rehab
|-damage|p1a: Rehab|0 fnt
|faint|p1a: Rehab
|
|upkeep
|
|t:|1779716822
|switch|p1a: Pluto to Mars|Mew|100/100
|turn|15
|
|t:|1779716829
|-end|p2a: Great Tusk|Protosynthesis|[silent]
|switch|p2a: Iron Moth|Iron Moth|100/100
|-enditem|p2a: Iron Moth|Booster Energy
|-activate|p2a: Iron Moth|ability: Quark Drive|[fromitem]
|-start|p2a: Iron Moth|quarkdrivespa
|move|p1a: Pluto to Mars|Psychic Noise|p2a: Iron Moth
|-supereffective|p2a: Iron Moth
|-damage|p2a: Iron Moth|53/100
|-start|p2a: Iron Moth|move: Heal Block
|
|upkeep
|turn|16
|
|t:|1779716839
|move|p2a: Iron Moth|Bug Buzz|p1a: Pluto to Mars
|-supereffective|p1a: Pluto to Mars
|-crit|p1a: Pluto to Mars
|-damage|p1a: Pluto to Mars|0 fnt
|faint|p1a: Pluto to Mars
|
|-end|p2a: Iron Moth|move: Heal Block
|upkeep
|
|t:|1779716844
|switch|p1a: x2|Toxapex, M, shiny|66/100
|turn|17
|
|t:|1779716859
|-terastallize|p2a: Iron Moth|Water
|move|p2a: Iron Moth|Discharge|p1a: x2
|-supereffective|p1a: x2
|-damage|p1a: x2|24/100
|move|p1a: x2|Surf|p2a: Iron Moth
|-resisted|p2a: Iron Moth
|-damage|p2a: Iron Moth|37/100
|
|upkeep
|turn|18
|
|t:|1779716868
|switch|p1a: Endless Fashion|Sylveon, M|28/100
|move|p2a: Iron Moth|Discharge|p1a: Endless Fashion
|-damage|p1a: Endless Fashion|0 fnt
|faint|p1a: Endless Fashion
|
|upkeep
|
|t:|1779716872
|switch|p1a: Crush Em|Zamazenta, shiny|100/100
|-ability|p1a: Crush Em|Dauntless Shield|boost
|-boost|p1a: Crush Em|def|1
|turn|19
|
|t:|1779716879
|move|p1a: Crush Em|Body Press|p2a: Iron Moth
|-damage|p2a: Iron Moth|0 fnt
|faint|p2a: Iron Moth
|-end|p2a: Iron Moth|Quark Drive|[silent]
|
|upkeep
|
|t:|1779716884
|switch|p2a: Great Tusk|Great Tusk|100/100
|turn|20
|
|t:|1779716889
|move|p1a: Crush Em|Iron Defense|p1a: Crush Em
|-boost|p1a: Crush Em|def|2
|move|p2a: Great Tusk|Earthquake|p1a: Crush Em
|-damage|p1a: Crush Em|88/100
|
|-heal|p1a: Crush Em|94/100|[from] item: Leftovers
|upkeep
|turn|21
|c|☆Jeystar|gg
|
|t:|1779716898
|move|p1a: Crush Em|Body Press|p2a: Great Tusk
|-damage|p2a: Great Tusk|42/100
|move|p2a: Great Tusk|Earthquake|p1a: Crush Em
|-damage|p1a: Crush Em|81/100
|
|-heal|p1a: Crush Em|87/100|[from] item: Leftovers
|upkeep
|turn|22
|
|t:|1779716906
|move|p1a: Crush Em|Body Press|p2a: Great Tusk
|-damage|p2a: Great Tusk|0 fnt
|faint|p2a: Great Tusk
|-end|p2a: Great Tusk|Protosynthesis|[silent]
|
|win|Jeystar
|raw|Jeystar's rating: 1182 &rarr; <strong>1204</strong><br />(+22 for winning)
|raw|ImOuTtT's rating: 1136 &rarr; <strong>1114</strong><br />(-22 for losing)
|l|☆ImOuTtT
|player|p2|
|l|☆Jeystar
|player|p1|
