|j|☆Regina dei Fiori
|j|☆WarrenPease96
|t:|1779688814
|gametype|singles
|player|p1|Regina dei Fiori|roxanne-masters|1321
|player|p2|WarrenPease96|birdkeeper|1270
|gen|9
|tier|[Gen 9] OU
|rated|
|rule|HP Percentage Mod: HP is shown in percentages
|rule|Endless Battle Clause: Forcing endless battles is banned
|rule|Species Clause: Limit one of each Pokémon
|rule|OHKO Clause: OHKO moves are banned
|rule|Evasion Items Clause: Evasion items are banned
|rule|Evasion Moves Clause: Evasion moves are banned
|rule|Evasion Abilities Clause: Evasion abilities are banned
|rule|Sleep Moves Clause: Sleep-inducing moves are banned
|clearpoke
|poke|p1|Emboar, F|
|poke|p1|Corviknight, F|
|poke|p1|Toxapex, F|
|poke|p1|Great Tusk|
|poke|p1|Rillaboom, F|
|poke|p1|Dragonite, F|
|poke|p2|Hawlucha, F|
|poke|p2|Rillaboom, F|
|poke|p2|Gholdengo|
|poke|p2|Kyurem|
|poke|p2|Landorus-Therian, M|
|poke|p2|Samurott-Hisui, M|
|teampreview
|inactive|Battle timer is ON: inactive players will automatically lose when time's up. (requested by WarrenPease96)
|
|t:|1779688825
|teamsize|p1|6
|teamsize|p2|6
|start
|switch|p1a: Emboar|Emboar, F|100/100
|switch|p2a: Landorus|Landorus-Therian, M|100/100
|-ability|p2a: Landorus|Intimidate|boost
|-unboost|p1a: Emboar|atk|1
|turn|1
|
|t:|1779688854
|move|p2a: Landorus|Stealth Rock|p1a: Emboar
|-sidestart|p1: Regina dei Fiori|move: Stealth Rock
|move|p1a: Emboar|Scald|p2a: Landorus
|-supereffective|p2a: Landorus
|-damage|p2a: Landorus|58/100
|
|upkeep
|turn|2
|
|t:|1779688861
|switch|p1a: Corviknight|Corviknight, F|100/100
|-damage|p1a: Corviknight|88/100|[from] Stealth Rock
|-ability|p1a: Corviknight|Pressure
|move|p2a: Landorus|U-turn|p1a: Corviknight
|-resisted|p1a: Corviknight
|-damage|p1a: Corviknight|85/100
|
|t:|1779688880
|switch|p2a: Samurott|Samurott-Hisui, M|100/100|[from] U-turn
|
|-heal|p1a: Corviknight|91/100|[from] item: Leftovers
|upkeep
|turn|3
|
|t:|1779688886
|move|p2a: Samurott|Knock Off|p1a: Corviknight
|-damage|p1a: Corviknight|65/100
|-enditem|p1a: Corviknight|Leftovers|[from] move: Knock Off|[of] p2a: Samurott
|move|p1a: Corviknight|U-turn|p2a: Samurott
|-supereffective|p2a: Samurott
|-damage|p2a: Samurott|68/100
|
|t:|1779688892
|switch|p1a: Great Tusk|Great Tusk|100/100|[from] U-turn
|
|upkeep
|turn|4
|
|t:|1779688899
|move|p1a: Great Tusk|Stealth Rock|p2a: Samurott
|-sidestart|p2: WarrenPease96|move: Stealth Rock
|move|p2a: Samurott|Flip Turn|p1a: Great Tusk
|-supereffective|p1a: Great Tusk
|-damage|p1a: Great Tusk|72/100
|
|t:|1779688905
|switch|p2a: Kyurem|Kyurem|100/100|[from] Flip Turn
|-damage|p2a: Kyurem|76/100|[from] Stealth Rock
|-ability|p2a: Kyurem|Pressure
|
|upkeep
|turn|5
|
|t:|1779688913
|-end|p1a: Great Tusk|Protosynthesis|[silent]
|switch|p1a: Toxapex|Toxapex, F|100/100
|move|p2a: Kyurem|Ice Beam|p1a: Toxapex
|-resisted|p1a: Toxapex
|-damage|p1a: Toxapex|84/100
|
|upkeep
|turn|6
|
|t:|1779688921
|move|p2a: Kyurem|Earth Power|p1a: Toxapex
|-supereffective|p1a: Toxapex
|-damage|p1a: Toxapex|47/100
|move|p1a: Toxapex|Toxic|p2a: Kyurem
|-status|p2a: Kyurem|tox
|
|-damage|p2a: Kyurem|70/100 tox|[from] psn
|upkeep
|turn|7
|
|t:|1779688930
|switch|p1a: Corviknight|Corviknight, F|65/100
|-damage|p1a: Corviknight|53/100|[from] Stealth Rock
|-ability|p1a: Corviknight|Pressure
|move|p2a: Kyurem|Earth Power|p1a: Corviknight
|-immune|p1a: Corviknight
|
|-damage|p2a: Kyurem|57/100 tox|[from] psn
|upkeep
|turn|8
|
|t:|1779688935
|move|p2a: Kyurem|Ice Beam|p1a: Corviknight
|-damage|p1a: Corviknight|13/100
|-status|p1a: Corviknight|frz
|cant|p1a: Corviknight|frz
|
|-damage|p2a: Kyurem|39/100 tox|[from] psn
|upkeep
|turn|9
|
|t:|1779688950
|switch|p1a: Toxapex|Toxapex, F|81/100
|move|p2a: Kyurem|Freeze-Dry|p1a: Toxapex
|-supereffective|p1a: Toxapex
|-damage|p1a: Toxapex|31/100
|
|-damage|p2a: Kyurem|14/100 tox|[from] psn
|upkeep
|turn|10
|
|t:|1779688959
|switch|p1a: Corviknight|Corviknight, F|13/100 frz
|-damage|p1a: Corviknight|0 fnt|[from] Stealth Rock
|faint|p1a: Corviknight
|move|p2a: Kyurem|Freeze-Dry|p1: Corviknight|[notarget]
|-fail|p2a: Kyurem
|
|-damage|p2a: Kyurem|0 fnt|[from] psn
|faint|p2a: Kyurem
|upkeep
|
|t:|1779688971
|switch|p2a: Landorus|Landorus-Therian, M|58/100
|switch|p1a: Emboar|Emboar, F|100/100
|-damage|p2a: Landorus|45/100|[from] Stealth Rock
|-ability|p2a: Landorus|Intimidate|boost
|-unboost|p1a: Emboar|atk|1
|-damage|p1a: Emboar|88/100|[from] Stealth Rock
|turn|11
|
|t:|1779688988
|switch|p1a: Rillaboom|Rillaboom, F|100/100
|-damage|p1a: Rillaboom|88/100|[from] Stealth Rock
|-fieldstart|move: Grassy Terrain|[from] ability: Grassy Surge|[of] p1a: Rillaboom
|move|p2a: Landorus|U-turn|p1a: Rillaboom
|-supereffective|p1a: Rillaboom
|-damage|p1a: Rillaboom|38/100
|
|t:|1779688993
|switch|p2a: Hawlucha|Hawlucha, F|100/100|[from] U-turn
|-damage|p2a: Hawlucha|88/100|[from] Stealth Rock
|-enditem|p2a: Hawlucha|Grassy Seed
|-boost|p2a: Hawlucha|def|1|[from] item: Grassy Seed
|
|-heal|p1a: Rillaboom|44/100|[from] Grassy Terrain
|upkeep
|turn|12
|
|t:|1779689005
|move|p2a: Hawlucha|Swords Dance|p2a: Hawlucha
|-boost|p2a: Hawlucha|atk|2
|move|p1a: Rillaboom|Wood Hammer|p2a: Hawlucha
|-resisted|p2a: Hawlucha
|-damage|p2a: Hawlucha|33/100
|-damage|p1a: Rillaboom|26/100|[from] Recoil
|
|-heal|p1a: Rillaboom|32/100|[from] Grassy Terrain
|upkeep
|turn|13
|
|t:|1779689015
|switch|p1a: Toxapex|Toxapex, F|65/100
|move|p2a: Hawlucha|Roost|p2a: Hawlucha
|-heal|p2a: Hawlucha|83/100
|-singleturn|p2a: Hawlucha|move: Roost
|
|-heal|p2a: Hawlucha|89/100|[from] Grassy Terrain
|-heal|p1a: Toxapex|70/100|[from] Grassy Terrain
|upkeep
|turn|14
|
|t:|1779689020
|move|p2a: Hawlucha|Acrobatics|p1a: Toxapex
|-damage|p1a: Toxapex|0 fnt
|faint|p1a: Toxapex
|
|upkeep
|
|t:|1779689025
|switch|p1a: Great Tusk|Great Tusk|72/100
|turn|15
|
|t:|1779689034
|-terastallize|p1a: Great Tusk|Ghost
|move|p2a: Hawlucha|Acrobatics|p1a: Great Tusk
|-damage|p1a: Great Tusk|27/100
|move|p1a: Great Tusk|Rapid Spin|p2a: Hawlucha
|-damage|p2a: Hawlucha|77/100
|-boost|p1a: Great Tusk|spe|1
|-sideend|p1: Regina dei Fiori|Stealth Rock|[from] move: Rapid Spin|[of] p1a: Great Tusk
|
|-heal|p1a: Great Tusk|33/100|[from] Grassy Terrain
|-fieldend|move: Grassy Terrain
|upkeep
|turn|16
|
|t:|1779689044
|move|p2a: Hawlucha|Acrobatics|p1a: Great Tusk
|-damage|p1a: Great Tusk|0 fnt
|faint|p1a: Great Tusk
|-end|p1a: Great Tusk|Protosynthesis|[silent]
|
|upkeep
|
|t:|1779689047
|switch|p1a: Emboar|Emboar, F|88/100
|turn|17
|
|t:|1779689052
|move|p2a: Hawlucha|Acrobatics|p1a: Emboar
|-supereffective|p1a: Emboar
|-damage|p1a: Emboar|0 fnt
|faint|p1a: Emboar
|
|upkeep
|
|t:|1779689056
|switch|p1a: Rillaboom|Rillaboom, F|32/100
|-fieldstart|move: Grassy Terrain|[from] ability: Grassy Surge|[of] p1a: Rillaboom
|turn|18
|
|t:|1779689063
|move|p1a: Rillaboom|Grassy Glide|p2a: Hawlucha
|-resisted|p2a: Hawlucha
|-damage|p2a: Hawlucha|52/100
|move|p2a: Hawlucha|Acrobatics|p1a: Rillaboom
|-supereffective|p1a: Rillaboom
|-damage|p1a: Rillaboom|0 fnt
|faint|p1a: Rillaboom
|
|upkeep
|
|t:|1779689067
|switch|p1a: Dragonite|Dragonite, F|100/100
|turn|19
|
|t:|1779689075
|move|p2a: Hawlucha|Acrobatics|p1a: Dragonite
|-damage|p1a: Dragonite|43/100
|move|p1a: Dragonite|Dragon Dance|p1a: Dragonite
|-boost|p1a: Dragonite|atk|1
|-boost|p1a: Dragonite|spe|1
|
|upkeep
|turn|20
|
|t:|1779689081
|move|p1a: Dragonite|Extreme Speed|p2a: Hawlucha
|-damage|p2a: Hawlucha|16/100
|move|p2a: Hawlucha|Acrobatics|p1a: Dragonite
|-crit|p1a: Dragonite
|-damage|p1a: Dragonite|0 fnt
|faint|p1a: Dragonite
|
|win|WarrenPease96
|raw|Regina dei Fiori's rating: 1321 &rarr; <strong>1298</strong><br />(-23 for losing)
|raw|WarrenPease96's rating: 1270 &rarr; <strong>1299</strong><br />(+29 for winning)
|l|☆Regina dei Fiori
|player|p1|
|l|☆WarrenPease96
|player|p2|
