|j|☆greysay
|j|☆lunarfae
|t:|1779668664
|gametype|singles
|player|p1|greysay|harlequin|1091
|player|p2|lunarfae|doubleteam|1116
|gen|9
|tier|[Gen 9] OU
|rated|
|rule|HP Percentage Mod: HP is shown in percentages
|rule|Endless Battle Clause: Forcing endless battles is banned
|rule|Species Clause: Limit one of each Pokémon
|rule|OHKO Clause: OHKO moves are banned
|rule|Evasion Items Clause: Evasion items are banned
|rule|Evasion Moves Clause: Evasion moves are banned
|rule|Evasion Abilities Clause: Evasion abilities are banned
|rule|Sleep Moves Clause: Sleep-inducing moves are banned
|clearpoke
|poke|p1|Grafaiai, F|
|poke|p1|Ambipom, M|
|poke|p1|Eiscue, F|
|poke|p1|Goodra-Hisui, F|
|poke|p1|Primarina, F|
|poke|p1|Chesnaught, F|
|poke|p2|Mandibuzz, F|
|poke|p2|Goodra-Hisui, F|
|poke|p2|Registeel|
|poke|p2|Jumpluff, M|
|poke|p2|Vaporeon, F|
|poke|p2|Mudsdale, F|
|teampreview
|
|t:|1779668675
|teamsize|p1|6
|teamsize|p2|6
|start
|switch|p1a: Jet|Grafaiai, F|100/100
|switch|p2a: Registeel|Registeel, shiny|100/100
|turn|1
|
|t:|1779668682
|move|p1a: Jet|Switcheroo|p2a: Registeel
|-activate|p1a: Jet|move: Trick|[of] p2a: Registeel
|-item|p2a: Registeel|Black Sludge|[from] move: Switcheroo
|-item|p1a: Jet|Chesto Berry|[from] move: Switcheroo
|move|p2a: Registeel|Thunder Wave|p1a: Jet
|-status|p1a: Jet|par
|
|-damage|p2a: Registeel|88/100|[from] item: Black Sludge
|upkeep
|turn|2
|
|t:|1779668704
|switch|p2a: Mudsdale|Mudsdale, F|100/100
|move|p1a: Jet|Endeavor|p2a: Mudsdale
|-damage|p2a: Mudsdale|67/100
|-damage|p1a: Jet|84/100 par|[from] item: Rocky Helmet|[of] p2a: Mudsdale
|-ability|p2a: Mudsdale|Stamina|boost
|-boost|p2a: Mudsdale|def|1
|
|upkeep
|turn|3
|inactive|Battle timer is ON: inactive players will automatically lose when time's up. (requested by lunarfae)
|
|t:|1779668714
|cant|p1a: Jet|par
|move|p2a: Mudsdale|Stealth Rock|p1a: Jet
|-sidestart|p1: greysay|move: Stealth Rock
|
|upkeep
|turn|4
|
|t:|1779668724
|cant|p1a: Jet|par
|move|p2a: Mudsdale|Roar|p1a: Jet
|drag|p1a: Robin Hood|Ambipom, M|100/100
|-damage|p1a: Robin Hood|88/100|[from] Stealth Rock
|
|upkeep
|turn|5
|
|t:|1779668746
|move|p1a: Robin Hood|U-turn|p2a: Mudsdale
|-damage|p2a: Mudsdale|59/100
|-damage|p1a: Robin Hood|72/100|[from] item: Rocky Helmet|[of] p2a: Mudsdale
|-ability|p2a: Mudsdale|Stamina|boost
|-boost|p2a: Mudsdale|def|1
|
|t:|1779668752
|switch|p1a: Miguel|Chesnaught, F, shiny|100/100|[from] U-turn
|-damage|p1a: Miguel|94/100|[from] Stealth Rock
|move|p2a: Mudsdale|Body Press|p1a: Miguel
|-damage|p1a: Miguel|53/100
|
|upkeep
|turn|6
|
|t:|1779668764
|move|p1a: Miguel|Drain Punch|p2a: Mudsdale
|-damage|p2a: Mudsdale|50/100
|-heal|p1a: Miguel|58/100|[from] drain|[of] p2a: Mudsdale
|-damage|p1a: Miguel|41/100|[from] item: Rocky Helmet|[of] p2a: Mudsdale
|-ability|p2a: Mudsdale|Stamina|boost
|-boost|p2a: Mudsdale|def|1
|-enditem|p1a: Miguel|Sitrus Berry|[eat]
|-heal|p1a: Miguel|66/100|[from] item: Sitrus Berry
|move|p2a: Mudsdale|Body Press|p1a: Miguel
|-damage|p1a: Miguel|18/100
|
|upkeep
|turn|7
|
|t:|1779668777
|move|p2a: Mudsdale|Body Press|p1a: Miguel
|-damage|p1a: Miguel|0 fnt
|faint|p1a: Miguel
|
|upkeep
|
|t:|1779668784
|switch|p1a: Mr. Smee|Eiscue, F|100/100
|-damage|p1a: Mr. Smee|76/100|[from] Stealth Rock
|turn|8
|
|t:|1779668795
|-terastallize|p2a: Mudsdale|Water
|move|p1a: Mr. Smee|Icicle Spear|p2a: Mudsdale
|-resisted|p2a: Mudsdale
|-damage|p2a: Mudsdale|50/100
|-ability|p2a: Mudsdale|Stamina|boost
|-boost|p2a: Mudsdale|def|1
|-resisted|p2a: Mudsdale
|-damage|p2a: Mudsdale|49/100
|-ability|p2a: Mudsdale|Stamina|boost
|-boost|p2a: Mudsdale|def|1
|-resisted|p2a: Mudsdale
|-damage|p2a: Mudsdale|48/100
|-ability|p2a: Mudsdale|Stamina|boost
|-boost|p2a: Mudsdale|def|1
|-resisted|p2a: Mudsdale
|-damage|p2a: Mudsdale|48/100
|-hitcount|p2a: Mudsdale|4
|move|p2a: Mudsdale|Roar|p1a: Mr. Smee
|drag|p1a: Robin Hood|Ambipom, M|72/100
|-damage|p1a: Robin Hood|59/100|[from] Stealth Rock
|
|upkeep
|turn|9
|
|t:|1779668805
|move|p1a: Robin Hood|Fake Out|p2a: Mudsdale
|-damage|p2a: Mudsdale|43/100
|-damage|p1a: Robin Hood|43/100|[from] item: Rocky Helmet|[of] p2a: Mudsdale
|cant|p2a: Mudsdale|flinch
|
|upkeep
|turn|10
|
|t:|1779668814
|switch|p1a: Uchiha|Primarina, F, shiny|100/100
|-damage|p1a: Uchiha|88/100|[from] Stealth Rock
|move|p2a: Mudsdale|Body Press|p1a: Uchiha
|-resisted|p1a: Uchiha
|-damage|p1a: Uchiha|46/100
|
|-heal|p1a: Uchiha|52/100|[from] item: Leftovers
|upkeep
|turn|11
|
|t:|1779668825
|move|p1a: Uchiha|Perish Song|p1a: Uchiha
|-start|p1a: Uchiha|perish3|[silent]
|-start|p2a: Mudsdale|perish3|[silent]
|-fieldactivate|move: Perish Song
|move|p2a: Mudsdale|Body Press|p1a: Uchiha
|-resisted|p1a: Uchiha
|-damage|p1a: Uchiha|2/100
|
|-heal|p1a: Uchiha|8/100|[from] item: Leftovers
|-start|p1a: Uchiha|perish3
|-start|p2a: Mudsdale|perish3
|upkeep
|turn|12
|
|t:|1779668834
|move|p1a: Uchiha|Protect|p1a: Uchiha
|-singleturn|p1a: Uchiha|Protect
|move|p2a: Mudsdale|Body Press|p1a: Uchiha
|-activate|p1a: Uchiha|move: Protect
|
|-heal|p1a: Uchiha|14/100|[from] item: Leftovers
|-start|p1a: Uchiha|perish2
|-start|p2a: Mudsdale|perish2
|upkeep
|turn|13
|
|t:|1779668845
|move|p1a: Uchiha|Flip Turn|p2a: Mudsdale
|-resisted|p2a: Mudsdale
|-damage|p2a: Mudsdale|42/100
|-damage|p1a: Uchiha|0 fnt|[from] item: Rocky Helmet|[of] p2a: Mudsdale
|faint|p1a: Uchiha
|move|p2a: Mudsdale|Body Press|p1: Uchiha|[notarget]
|-fail|p2a: Mudsdale
|
|-start|p2a: Mudsdale|perish1
|upkeep
|
|t:|1779668855
|switch|p1a: Jet|Grafaiai, F|84/100 par
|-damage|p1a: Jet|72/100 par|[from] Stealth Rock
|turn|14
|
|t:|1779668863
|switch|p2a: Vaporeon|Vaporeon, F|100/100
|cant|p1a: Jet|par
|
|upkeep
|turn|15
|
|t:|1779668869
|cant|p1a: Jet|par
|move|p2a: Vaporeon|Wish|p2a: Vaporeon
|
|upkeep
|turn|16
|
|t:|1779668873
|move|p1a: Jet|Switcheroo|p2a: Vaporeon
|-activate|p1a: Jet|move: Trick|[of] p2a: Vaporeon
|-item|p2a: Vaporeon|Chesto Berry|[from] move: Switcheroo
|-item|p1a: Jet|Leftovers|[from] move: Switcheroo
|move|p2a: Vaporeon|Flip Turn|p1a: Jet
|-damage|p1a: Jet|44/100 par
|
|t:|1779668880
|switch|p2a: Mudsdale|Mudsdale, F, tera:Water|42/100|[from] Flip Turn
|
|-heal|p2a: Mudsdale|99/100|[from] move: Wish|[wisher] Vaporeon
|-heal|p1a: Jet|50/100 par|[from] item: Leftovers
|upkeep
|turn|17
|
|t:|1779668890
|move|p1a: Jet|Knock Off|p2a: Mudsdale
|-damage|p2a: Mudsdale|82/100
|-damage|p1a: Jet|34/100 par|[from] item: Rocky Helmet|[of] p2a: Mudsdale
|-ability|p2a: Mudsdale|Stamina|boost
|-boost|p2a: Mudsdale|def|1
|-enditem|p2a: Mudsdale|Rocky Helmet|[from] move: Knock Off|[of] p1a: Jet
|move|p2a: Mudsdale|Earthquake|p1a: Jet
|-supereffective|p1a: Jet
|-damage|p1a: Jet|0 fnt
|faint|p1a: Jet
|
|upkeep
|
|t:|1779668901
|switch|p1a: Robin Hood|Ambipom, M|43/100
|-damage|p1a: Robin Hood|30/100|[from] Stealth Rock
|turn|18
|
|t:|1779668905
|move|p1a: Robin Hood|Fake Out|p2a: Mudsdale
|-damage|p2a: Mudsdale|71/100
|-ability|p2a: Mudsdale|Stamina|boost
|-boost|p2a: Mudsdale|def|1
|cant|p2a: Mudsdale|flinch
|
|upkeep
|turn|19
|
|t:|1779668912
|move|p1a: Robin Hood|Fury Swipes|p2a: Mudsdale
|-damage|p2a: Mudsdale|67/100
|-ability|p2a: Mudsdale|Stamina|boost
|-boost|p2a: Mudsdale|def|1
|-damage|p2a: Mudsdale|64/100
|-ability|p2a: Mudsdale|Stamina|boost
|-boost|p2a: Mudsdale|def|1
|-damage|p2a: Mudsdale|61/100
|-ability|p2a: Mudsdale|Stamina|boost
|-boost|p2a: Mudsdale|def|1
|-damage|p2a: Mudsdale|59/100
|-ability|p2a: Mudsdale|Stamina|boost
|-boost|p2a: Mudsdale|def|1
|-damage|p2a: Mudsdale|57/100
|-hitcount|p2a: Mudsdale|5
|move|p2a: Mudsdale|Body Press|p1a: Robin Hood
|-supereffective|p1a: Robin Hood
|-damage|p1a: Robin Hood|0 fnt
|faint|p1a: Robin Hood
|
|upkeep
|
|t:|1779668915
|switch|p1a: Tsunade|Goodra-Hisui, F|100/100
|-damage|p1a: Tsunade|94/100|[from] Stealth Rock
|turn|20
|
|t:|1779668931
|-terastallize|p1a: Tsunade|Flying
|move|p1a: Tsunade|Acid Armor|p1a: Tsunade
|-boost|p1a: Tsunade|def|2
|move|p2a: Mudsdale|Body Press|p1a: Tsunade
|-resisted|p1a: Tsunade
|-damage|p1a: Tsunade|77/100
|-ability|p1a: Tsunade|Gooey
|-unboost|p2a: Mudsdale|spe|1
|
|-heal|p1a: Tsunade|83/100|[from] item: Leftovers
|upkeep
|turn|21
|
|t:|1779668944
|move|p1a: Tsunade|Acid Armor|p1a: Tsunade
|-boost|p1a: Tsunade|def|2
|move|p2a: Mudsdale|Roar|p1a: Tsunade
|drag|p1a: Mr. Smee|Eiscue, F|76/100
|-damage|p1a: Mr. Smee|51/100|[from] Stealth Rock
|
|upkeep
|turn|22
|
|t:|1779668951
|move|p1a: Mr. Smee|Snowscape|p1a: Mr. Smee
|-weather|Snowscape
|move|p2a: Mudsdale|Body Press|p1a: Mr. Smee
|-activate|p1a: Mr. Smee|ability: Ice Face
|-damage|p1a: Mr. Smee|51/100
|detailschange|p1a: Mr. Smee|Eiscue-Noice, F
|
|-weather|Snowscape|[upkeep]
|upkeep
|turn|23
|
|t:|1779668960
|move|p1a: Mr. Smee|Aurora Veil|p1a: Mr. Smee
|-sidestart|p1: greysay|move: Aurora Veil
|move|p2a: Mudsdale|Roar|p1a: Mr. Smee
|drag|p1a: Tsunade|Goodra-Hisui, F, tera:Flying|83/100
|-damage|p1a: Tsunade|58/100|[from] Stealth Rock
|
|-weather|Snowscape|[upkeep]
|-heal|p1a: Tsunade|64/100|[from] item: Leftovers
|upkeep
|turn|24
|
|t:|1779668970
|move|p1a: Tsunade|Acid Armor|p1a: Tsunade
|-boost|p1a: Tsunade|def|2
|move|p2a: Mudsdale|Roar|p1a: Tsunade
|drag|p1a: Mr. Smee|Eiscue-Noice, F|51/100
|-damage|p1a: Mr. Smee|26/100|[from] Stealth Rock
|-activate|p1a: Mr. Smee|ability: Ice Face
|detailschange|p1a: Mr. Smee|Eiscue, F
|
|-weather|Snowscape|[upkeep]
|upkeep
|turn|25
|
|t:|1779668980
|move|p1a: Mr. Smee|Icicle Spear|p2a: Mudsdale
|-resisted|p2a: Mudsdale
|-damage|p2a: Mudsdale|56/100
|-resisted|p2a: Mudsdale
|-damage|p2a: Mudsdale|55/100
|-resisted|p2a: Mudsdale
|-damage|p2a: Mudsdale|54/100
|-resisted|p2a: Mudsdale
|-damage|p2a: Mudsdale|54/100
|-resisted|p2a: Mudsdale
|-damage|p2a: Mudsdale|53/100
|-hitcount|p2a: Mudsdale|5
|move|p2a: Mudsdale|Body Press|p1a: Mr. Smee
|-activate|p1a: Mr. Smee|ability: Ice Face
|-damage|p1a: Mr. Smee|26/100
|detailschange|p1a: Mr. Smee|Eiscue-Noice, F
|
|-weather|Snowscape|[upkeep]
|upkeep
|turn|26
|
|t:|1779668984
|move|p1a: Mr. Smee|Icicle Spear|p2a: Mudsdale
|-resisted|p2a: Mudsdale
|-damage|p2a: Mudsdale|52/100
|-resisted|p2a: Mudsdale
|-damage|p2a: Mudsdale|51/100
|-resisted|p2a: Mudsdale
|-damage|p2a: Mudsdale|51/100
|-resisted|p2a: Mudsdale
|-damage|p2a: Mudsdale|50/100
|-resisted|p2a: Mudsdale
|-damage|p2a: Mudsdale|49/100
|-hitcount|p2a: Mudsdale|5
|move|p2a: Mudsdale|Body Press|p1a: Mr. Smee
|-supereffective|p1a: Mr. Smee
|-damage|p1a: Mr. Smee|0 fnt
|faint|p1a: Mr. Smee
|
|-weather|none
|upkeep
|
|t:|1779668987
|switch|p1a: Tsunade|Goodra-Hisui, F, tera:Flying|64/100
|-damage|p1a: Tsunade|39/100|[from] Stealth Rock
|turn|27
|
|t:|1779668992
|move|p1a: Tsunade|Body Press|p2a: Mudsdale
|-damage|p2a: Mudsdale|46/100
|move|p2a: Mudsdale|Body Press|p1a: Tsunade
|-resisted|p1a: Tsunade
|-damage|p1a: Tsunade|21/100
|-ability|p1a: Tsunade|Gooey
|-unboost|p2a: Mudsdale|spe|1
|
|-heal|p1a: Tsunade|27/100|[from] item: Leftovers
|-sideend|p1: greysay|move: Aurora Veil
|upkeep
|turn|28
|
|t:|1779669002
|move|p1a: Tsunade|Knock Off|p2a: Mudsdale
|-damage|p2a: Mudsdale|43/100
|move|p2a: Mudsdale|Body Press|p1a: Tsunade
|-resisted|p1a: Tsunade
|-crit|p1a: Tsunade
|-damage|p1a: Tsunade|0 fnt
|-ability|p1a: Tsunade|Gooey
|-unboost|p2a: Mudsdale|spe|1
|faint|p1a: Tsunade
|
|win|lunarfae
|raw|greysay's rating: 1091 &rarr; <strong>1069</strong><br />(-22 for losing)
|raw|lunarfae's rating: 1116 &rarr; <strong>1139</strong><br />(+23 for winning)
|l|☆greysay
|player|p1|
