|j|☆Lautycraft789
|j|☆DracoLoki
|t:|1779713384
|gametype|singles
|player|p1|Lautycraft789|1|1034
|player|p2|DracoLoki|169|1000
|gen|9
|tier|[Gen 9] OU
|rated|
|rule|HP Percentage Mod: HP is shown in percentages
|rule|Endless Battle Clause: Forcing endless battles is banned
|rule|Species Clause: Limit one of each Pokémon
|rule|OHKO Clause: OHKO moves are banned
|rule|Evasion Items Clause: Evasion items are banned
|rule|Evasion Moves Clause: Evasion moves are banned
|rule|Evasion Abilities Clause: Evasion abilities are banned
|rule|Sleep Moves Clause: Sleep-inducing moves are banned
|clearpoke
|poke|p1|Bellossom, M|
|poke|p1|Dondozo, F|
|poke|p1|Cinderace, M|
|poke|p1|Dragapult, M|
|poke|p1|Araquanid, F|
|poke|p1|Glimmora, F|
|poke|p2|Ditto|
|poke|p2|Mew|
|poke|p2|Corviknight, F|
|poke|p2|Alomomola, M|
|poke|p2|Ceruledge, F|
|poke|p2|Tyranitar, F|
|teampreview
|inactive|Battle timer is ON: inactive players will automatically lose when time's up. (requested by Lautycraft789)
|
|t:|1779713401
|teamsize|p1|6
|teamsize|p2|6
|start
|switch|p1a: Araquanid|Araquanid, F|100/100
|switch|p2a: Tyranitar|Tyranitar, F|100/100
|-weather|Sandstorm|[from] ability: Sand Stream|[of] p2a: Tyranitar
|turn|1
|
|t:|1779713412
|move|p2a: Tyranitar|Blizzard|p1a: Araquanid
|-resisted|p1a: Araquanid
|-damage|p1a: Araquanid|90/100
|move|p1a: Araquanid|Leech Life|p2a: Tyranitar
|-supereffective|p2a: Tyranitar
|-damage|p2a: Tyranitar|75/100
|-heal|p1a: Araquanid|100/100|[from] drain|[of] p2a: Tyranitar
|
|-weather|Sandstorm|[upkeep]
|-damage|p1a: Araquanid|94/100|[from] Sandstorm
|-heal|p1a: Araquanid|100/100|[from] item: Leftovers
|upkeep
|turn|2
|
|t:|1779713426
|move|p2a: Tyranitar|Body Slam|p1a: Araquanid
|-damage|p1a: Araquanid|78/100
|move|p1a: Araquanid|Leech Life|p2a: Tyranitar
|-supereffective|p2a: Tyranitar
|-damage|p2a: Tyranitar|46/100
|-heal|p1a: Araquanid|99/100|[from] drain|[of] p2a: Tyranitar
|
|-weather|Sandstorm|[upkeep]
|-damage|p1a: Araquanid|93/100|[from] Sandstorm
|-heal|p1a: Araquanid|99/100|[from] item: Leftovers
|upkeep
|turn|3
|
|t:|1779713439
|move|p2a: Tyranitar|Body Press|p1a: Araquanid
|-resisted|p1a: Araquanid
|-damage|p1a: Araquanid|86/100
|move|p1a: Araquanid|Leech Life|p2a: Tyranitar
|-supereffective|p2a: Tyranitar
|-damage|p2a: Tyranitar|21/100
|-heal|p1a: Araquanid|100/100|[from] drain|[of] p2a: Tyranitar
|
|-weather|Sandstorm|[upkeep]
|-damage|p1a: Araquanid|94/100|[from] Sandstorm
|-heal|p1a: Araquanid|100/100|[from] item: Leftovers
|upkeep
|turn|4
|
|t:|1779713462
|switch|p2a: Ceruledge|Ceruledge, F|100/100
|move|p1a: Araquanid|Leech Life|p2a: Ceruledge
|-resisted|p2a: Ceruledge
|-damage|p2a: Ceruledge|94/100
|
|-weather|Sandstorm|[upkeep]
|-damage|p2a: Ceruledge|88/100|[from] Sandstorm
|-damage|p1a: Araquanid|94/100|[from] Sandstorm
|-heal|p1a: Araquanid|100/100|[from] item: Leftovers
|upkeep
|turn|5
|
|t:|1779713475
|move|p2a: Ceruledge|Clear Smog|p1a: Araquanid
|-damage|p1a: Araquanid|94/100
|-clearboost|p1a: Araquanid
|move|p1a: Araquanid|Crunch|p2a: Ceruledge
|-supereffective|p2a: Ceruledge
|-damage|p2a: Ceruledge|53/100
|
|-weather|none
|-heal|p1a: Araquanid|100/100|[from] item: Leftovers
|upkeep
|turn|6
|
|t:|1779713486
|move|p2a: Ceruledge|Destiny Bond|p2a: Ceruledge
|-singlemove|p2a: Ceruledge|Destiny Bond
|move|p1a: Araquanid|Crunch|p2a: Ceruledge
|-supereffective|p2a: Ceruledge
|-crit|p2a: Ceruledge
|-damage|p2a: Ceruledge|3/100
|-unboost|p2a: Ceruledge|def|1
|
|upkeep
|turn|7
|
|t:|1779713502
|switch|p1a: Glimmora|Glimmora, F|100/100
|-item|p1a: Glimmora|Air Balloon
|move|p2a: Ceruledge|Destiny Bond||[still]
|-fail|p2a: Ceruledge
|
|upkeep
|turn|8
|
|t:|1779713517
|switch|p1a: Araquanid|Araquanid, F|100/100
|move|p2a: Ceruledge|Destiny Bond|p2a: Ceruledge
|-singlemove|p2a: Ceruledge|Destiny Bond
|
|upkeep
|turn|9
|
|t:|1779713528
|switch|p1a: Cinderace|Cinderace, M|100/100
|move|p2a: Ceruledge|Bitter Blade|p1a: Cinderace
|-resisted|p1a: Cinderace
|-damage|p1a: Cinderace|72/100
|-heal|p2a: Ceruledge|16/100|[from] drain|[of] p1a: Cinderace
|
|upkeep
|turn|10
|
|t:|1779713543
|move|p1a: Cinderace|Iron Head|p2a: Ceruledge
|-start|p1a: Cinderace|typechange|Steel|[from] ability: Libero
|-resisted|p2a: Ceruledge
|-damage|p2a: Ceruledge|0 fnt
|faint|p2a: Ceruledge
|
|upkeep
|
|t:|1779713564
|switch|p2a: Corviknight|Corviknight, F|100/100
|-ability|p2a: Corviknight|Pressure
|turn|11
|inactive|DracoLoki has 120 seconds left.
|
|t:|1779713592
|move|p1a: Cinderace|Bulk Up|p1a: Cinderace
|-boost|p1a: Cinderace|atk|1
|-boost|p1a: Cinderace|def|1
|move|p2a: Corviknight|U-turn|p1a: Cinderace
|-resisted|p1a: Cinderace
|-damage|p1a: Cinderace|63/100
|
|t:|1779713609
|switch|p2a: Mew|Mew|100/100|[from] U-turn
|
|upkeep
|turn|12
|
|t:|1779713617
|move|p1a: Cinderace|Iron Head|p2a: Mew
|-damage|p2a: Mew|47/100
|move|p2a: Mew|Alluring Voice|p1a: Cinderace
|-resisted|p1a: Cinderace
|-damage|p1a: Cinderace|50/100
|
|upkeep
|turn|13
|
|t:|1779713626
|move|p1a: Cinderace|Iron Head|p2a: Mew
|-crit|p2a: Mew
|-damage|p2a: Mew|0 fnt
|faint|p2a: Mew
|
|upkeep
|
|t:|1779713633
|switch|p2a: Alomomola|Alomomola, M|100/100
|turn|14
|inactive|DracoLoki has 120 seconds left.
|
|t:|1779713642
|switch|p1a: Araquanid|Araquanid, F|100/100
|move|p2a: Alomomola|Blizzard|p1a: Araquanid
|-resisted|p1a: Araquanid
|-damage|p1a: Araquanid|95/100
|
|-heal|p1a: Araquanid|100/100|[from] item: Leftovers
|upkeep
|turn|15
|inactive|DracoLoki has 120 seconds left.
|
|t:|1779713662
|switch|p2a: Ditto|Ditto|100/100
|move|p1a: Araquanid|Body Slam|p2a: Ditto
|-damage|p2a: Ditto|67/100
|
|upkeep
|turn|16
|inactive|DracoLoki has 120 seconds left.
|
|t:|1779713676
|-terastallize|p2a: Ditto|Normal
|move|p2a: Ditto|Transform|p1a: Araquanid
|-transform|p2a: Ditto|p1a: Araquanid
|move|p1a: Araquanid|Poison Jab|p2a: Ditto
|-damage|p2a: Ditto|53/100
|
|upkeep
|turn|17
|inactive|DracoLoki has 120 seconds left.
|
|t:|1779713690
|move|p1a: Araquanid|Body Slam|p2a: Ditto
|-damage|p2a: Ditto|39/100
|-status|p2a: Ditto|par
|move|p2a: Ditto|Leech Life|p1a: Araquanid
|-damage|p1a: Araquanid|81/100
|-heal|p2a: Ditto|49/100 par|[from] drain|[of] p1a: Araquanid
|
|-heal|p1a: Araquanid|87/100|[from] item: Leftovers
|upkeep
|turn|18
|inactive|DracoLoki has 120 seconds left.
|
|t:|1779713706
|switch|p1a: Glimmora|Glimmora, F|100/100
|-item|p1a: Glimmora|Air Balloon
|move|p2a: Ditto|Leech Life|p1a: Glimmora
|-resisted|p1a: Glimmora
|-damage|p1a: Glimmora|89/100
|-heal|p2a: Ditto|55/100 par|[from] drain|[of] p1a: Glimmora
|-activate|p1a: Glimmora|ability: Toxic Debris
|-sidestart|p2: DracoLoki|move: Toxic Spikes
|-enditem|p1a: Glimmora|Air Balloon
|
|upkeep
|turn|19
|inactive|DracoLoki has 120 seconds left.
|
|t:|1779713730
|move|p1a: Glimmora|Rock Polish|p1a: Glimmora
|-boost|p1a: Glimmora|spe|2
|move|p2a: Ditto|Crunch|p1a: Glimmora
|-damage|p1a: Glimmora|75/100
|-activate|p1a: Glimmora|ability: Toxic Debris
|-sidestart|p2: DracoLoki|move: Toxic Spikes
|
|upkeep
|turn|20
|
|t:|1779713742
|move|p1a: Glimmora|Energy Ball|p2a: Ditto
|-damage|p2a: Ditto|29/100 par
|move|p2a: Ditto|Leech Life|p1a: Glimmora
|-resisted|p1a: Glimmora
|-damage|p1a: Glimmora|64/100
|-heal|p2a: Ditto|35/100 par|[from] drain|[of] p1a: Glimmora
|
|upkeep
|turn|21
|
|t:|1779713753
|switch|p2a: Tyranitar|Tyranitar, F|21/100
|-status|p2a: Tyranitar|tox
|-weather|Sandstorm|[from] ability: Sand Stream|[of] p2a: Tyranitar
|move|p1a: Glimmora|Energy Ball|p2a: Tyranitar
|-supereffective|p2a: Tyranitar
|-damage|p2a: Tyranitar|0 fnt
|faint|p2a: Tyranitar
|
|-weather|Sandstorm|[upkeep]
|upkeep
|
|t:|1779713765
|switch|p2a: Alomomola|Alomomola, M|100/100
|-status|p2a: Alomomola|tox
|turn|22
|
|t:|1779713780
|switch|p2a: Corviknight|Corviknight, F|100/100
|-ability|p2a: Corviknight|Pressure
|move|p1a: Glimmora|Energy Ball|p2a: Corviknight
|-resisted|p2a: Corviknight
|-damage|p2a: Corviknight|92/100
|
|-weather|Sandstorm|[upkeep]
|upkeep
|turn|23
|
|t:|1779713802
|move|p1a: Glimmora|Dazzling Gleam|p2a: Corviknight
|-resisted|p2a: Corviknight
|-damage|p2a: Corviknight|79/100
|move|p2a: Corviknight|Body Slam|p1a: Glimmora
|-resisted|p1a: Glimmora
|-damage|p1a: Glimmora|54/100
|
|-weather|Sandstorm|[upkeep]
|upkeep
|turn|24
|inactive|DracoLoki has 90 seconds left.
|
|t:|1779713819
|move|p1a: Glimmora|Dazzling Gleam|p2a: Corviknight
|-resisted|p2a: Corviknight
|-damage|p2a: Corviknight|66/100
|move|p2a: Corviknight|Tailwind|p2a: Corviknight
|-sidestart|p2: DracoLoki|move: Tailwind
|
|-weather|Sandstorm|[upkeep]
|upkeep
|turn|25
|inactive|DracoLoki has 90 seconds left.
|
|t:|1779713834
|move|p1a: Glimmora|Dazzling Gleam|p2a: Corviknight
|-resisted|p2a: Corviknight
|-damage|p2a: Corviknight|51/100
|move|p2a: Corviknight|Roost|p2a: Corviknight
|-heal|p2a: Corviknight|100/100
|-singleturn|p2a: Corviknight|move: Roost
|
|-weather|none
|upkeep
|turn|26
|inactive|DracoLoki has 90 seconds left.
|
|t:|1779713848
|move|p1a: Glimmora|Dazzling Gleam|p2a: Corviknight
|-resisted|p2a: Corviknight
|-damage|p2a: Corviknight|88/100
|move|p2a: Corviknight|Body Slam|p1a: Glimmora
|-resisted|p1a: Glimmora
|-damage|p1a: Glimmora|42/100
|-status|p1a: Glimmora|par
|
|upkeep
|turn|27
|inactive|DracoLoki has 90 seconds left.
|
|t:|1779713857
|switch|p1a: Cinderace|Cinderace, M|50/100
|move|p2a: Corviknight|Body Slam|p1a: Cinderace
|-damage|p1a: Cinderace|21/100
|
|-sideend|p2: DracoLoki|move: Tailwind
|upkeep
|turn|28
|
|t:|1779713865
|move|p1a: Cinderace|Flame Charge|p2a: Corviknight
|-supereffective|p2a: Corviknight
|-damage|p2a: Corviknight|40/100
|-boost|p1a: Cinderace|spe|1
|move|p2a: Corviknight|Body Slam|p1a: Cinderace
|-damage|p1a: Cinderace|0 fnt
|faint|p1a: Cinderace
|
|upkeep
|
|t:|1779713883
|switch|p1a: Dondozo|Dondozo, F|100/100
|turn|29
|
|t:|1779713888
|move|p2a: Corviknight|Roost|p2a: Corviknight
|-heal|p2a: Corviknight|90/100
|-singleturn|p2a: Corviknight|move: Roost
|move|p1a: Dondozo|Curse|p1a: Dondozo
|-unboost|p1a: Dondozo|spe|1
|-boost|p1a: Dondozo|atk|1
|-boost|p1a: Dondozo|def|1
|
|upkeep
|turn|30
|
|t:|1779713901
|switch|p2a: Ditto|Ditto, tera:Normal|35/100 par
|-activate|p2a: Ditto|ability: Limber
|-curestatus|p2a: Ditto|par|[msg]
|-status|p2a: Ditto|tox
|move|p1a: Dondozo|Curse|p1a: Dondozo
|-unboost|p1a: Dondozo|spe|1
|-boost|p1a: Dondozo|atk|1
|-boost|p1a: Dondozo|def|1
|
|-damage|p2a: Ditto|29/100 tox|[from] psn
|upkeep
|turn|31
|
|t:|1779713914
|move|p2a: Ditto|Transform|p1a: Dondozo
|-transform|p2a: Ditto|p1a: Dondozo
|move|p1a: Dondozo|Body Press|p2a: Ditto
|-supereffective|p2a: Ditto
|-damage|p2a: Ditto|0 fnt
|faint|p2a: Ditto
|
|upkeep
|
|t:|1779713924
|switch|p2a: Alomomola|Alomomola, M|100/100 tox
|turn|32
|
|t:|1779713932
|move|p2a: Alomomola|Blizzard|p1a: Dondozo
|-resisted|p1a: Dondozo
|-damage|p1a: Dondozo|94/100
|move|p1a: Dondozo|Body Press|p2a: Alomomola
|-damage|p2a: Alomomola|54/100 tox
|
|-heal|p1a: Dondozo|100/100|[from] item: Leftovers
|-damage|p2a: Alomomola|48/100 tox|[from] psn
|upkeep
|turn|33
|inactive|DracoLoki has 120 seconds left.
|
|t:|1779713942
|move|p2a: Alomomola|Pain Split|p1a: Dondozo
|-sethp|p1a: Dondozo|76/100|[from] move: Pain Split|[silent]
|-sethp|p2a: Alomomola|70/100 tox|[from] move: Pain Split
|move|p1a: Dondozo|Body Press|p2a: Alomomola
|-damage|p2a: Alomomola|24/100 tox
|
|-heal|p1a: Dondozo|82/100|[from] item: Leftovers
|-damage|p2a: Alomomola|12/100 tox|[from] psn
|upkeep
|turn|34
|inactive|DracoLoki has 120 seconds left.
|
|t:|1779713953
|move|p2a: Alomomola|Pain Split|p1a: Dondozo
|-sethp|p1a: Dondozo|48/100|[from] move: Pain Split|[silent]
|-sethp|p2a: Alomomola|44/100 tox|[from] move: Pain Split
|move|p1a: Dondozo|Body Press|p2a: Alomomola
|-damage|p2a: Alomomola|0 fnt
|faint|p2a: Alomomola
|
|-heal|p1a: Dondozo|54/100|[from] item: Leftovers
|upkeep
|
|t:|1779713963
|switch|p2a: Corviknight|Corviknight, F|90/100
|-ability|p2a: Corviknight|Pressure
|turn|35
|
|t:|1779713973
|move|p2a: Corviknight|Body Slam|p1a: Dondozo
|-damage|p1a: Dondozo|49/100
|move|p1a: Dondozo|Body Press|p2a: Corviknight
|-damage|p2a: Corviknight|41/100
|
|-heal|p1a: Dondozo|55/100|[from] item: Leftovers
|upkeep
|turn|36
|
|t:|1779713982
|move|p2a: Corviknight|Roost|p2a: Corviknight
|-heal|p2a: Corviknight|91/100
|-singleturn|p2a: Corviknight|move: Roost
|move|p1a: Dondozo|Body Press|p2a: Corviknight
|-supereffective|p2a: Corviknight
|-damage|p2a: Corviknight|2/100
|
|-heal|p1a: Dondozo|61/100|[from] item: Leftovers
|upkeep
|turn|37
|inactive|DracoLoki has 120 seconds left.
|
|t:|1779713993
|move|p2a: Corviknight|Roost|p2a: Corviknight
|-heal|p2a: Corviknight|52/100
|-singleturn|p2a: Corviknight|move: Roost
|move|p1a: Dondozo|Body Press|p2a: Corviknight
|-supereffective|p2a: Corviknight
|-damage|p2a: Corviknight|0 fnt
|faint|p2a: Corviknight
|
|win|Lautycraft789
|raw|Lautycraft789's rating: 1034 &rarr; <strong>1065</strong><br />(+31 for winning)
|raw|DracoLoki's rating: 1000 &rarr; <strong>1000</strong><br />(+0 for losing)
|c|☆Lautycraft789|Gg
