|j|☆Luisowbro
|j|☆xander073
|t:|1779711039
|gametype|singles
|player|p1|Luisowbro|ingo|1442
|player|p2|xander073|gladion-stance|1444
|gen|9
|tier|[Gen 9] OU
|rated|
|rule|HP Percentage Mod: HP is shown in percentages
|rule|Endless Battle Clause: Forcing endless battles is banned
|rule|Species Clause: Limit one of each Pokémon
|rule|OHKO Clause: OHKO moves are banned
|rule|Evasion Items Clause: Evasion items are banned
|rule|Evasion Moves Clause: Evasion moves are banned
|rule|Evasion Abilities Clause: Evasion abilities are banned
|rule|Sleep Moves Clause: Sleep-inducing moves are banned
|clearpoke
|poke|p1|Haxorus, M|
|poke|p1|Moltres-Galar|
|poke|p1|Volcanion|
|poke|p1|Scizor, M|
|poke|p1|Enamorus, F|
|poke|p1|Ninetales-Alola, F|
|poke|p2|Gliscor, F|
|poke|p2|Corviknight, M|
|poke|p2|Iron Moth|
|poke|p2|Ogerpon-Wellspring, F|
|poke|p2|Kingambit, M|
|poke|p2|Iron Valiant|
|teampreview
|inactive|Battle timer is ON: inactive players will automatically lose when time's up. (requested by Luisowbro)
|
|t:|1779711060
|teamsize|p1|6
|teamsize|p2|6
|start
|switch|p1a: Volcanion|Volcanion|100/100
|switch|p2a: Iron Moth|Iron Moth|100/100
|turn|1
|
|t:|1779711065
|-end|p2a: Iron Moth|Quark Drive|[silent]
|switch|p2a: Ogerpon|Ogerpon-Wellspring, F|100/100
|move|p1a: Volcanion|Earth Power|p2a: Ogerpon
|-resisted|p2a: Ogerpon
|-damage|p2a: Ogerpon|81/100
|
|upkeep
|turn|2
|
|t:|1779711071
|move|p2a: Ogerpon|Power Whip|p1a: Volcanion
|-damage|p1a: Volcanion|39/100
|move|p1a: Volcanion|Sludge Bomb|p2a: Ogerpon
|-supereffective|p2a: Ogerpon
|-damage|p2a: Ogerpon|5/100
|-status|p2a: Ogerpon|psn
|
|-damage|p2a: Ogerpon|0 fnt|[from] psn
|faint|p2a: Ogerpon
|upkeep
|
|t:|1779711081
|switch|p2a: Iron Moth|Iron Moth|100/100
|turn|3
|
|t:|1779711084
|move|p2a: Iron Moth|Sludge Wave|p1a: Volcanion
|-crit|p1a: Volcanion
|-damage|p1a: Volcanion|0 fnt
|faint|p1a: Volcanion
|
|upkeep
|inactive|Luisowbro has 120 seconds left.
|
|t:|1779711115
|switch|p1a: Haxorus|Haxorus, M, shiny|100/100
|-ability|p1a: Haxorus|Mold Breaker
|turn|4
|
|t:|1779711120
|-end|p2a: Iron Moth|Quark Drive|[silent]
|switch|p2a: Corviknight|Corviknight, M|100/100
|-ability|p2a: Corviknight|Pressure
|move|p1a: Haxorus|Scale Shot|p2a: Corviknight
|-resisted|p2a: Corviknight
|-damage|p2a: Corviknight|96/100
|-resisted|p2a: Corviknight
|-damage|p2a: Corviknight|91/100
|-resisted|p2a: Corviknight
|-damage|p2a: Corviknight|87/100
|-resisted|p2a: Corviknight
|-crit|p2a: Corviknight
|-damage|p2a: Corviknight|81/100
|-hitcount|p2a: Corviknight|4
|-unboost|p1a: Haxorus|def|1
|-boost|p1a: Haxorus|spe|1
|
|-heal|p2a: Corviknight|87/100|[from] item: Leftovers
|upkeep
|turn|5
|
|t:|1779711139
|switch|p1a: Enamorus|Enamorus, F|100/100
|move|p2a: Corviknight|Brave Bird|p1a: Enamorus
|-damage|p1a: Enamorus|39/100
|-damage|p2a: Corviknight|73/100|[from] Recoil
|
|-heal|p2a: Corviknight|79/100|[from] item: Leftovers
|upkeep
|turn|6
|
|t:|1779711149
|switch|p2a: Gliscor|Gliscor, F|100/100
|move|p1a: Enamorus|Mystical Fire|p2a: Gliscor
|-damage|p2a: Gliscor|78/100
|-unboost|p2a: Gliscor|spa|1
|
|-status|p2a: Gliscor|tox|[from] item: Toxic Orb
|upkeep
|turn|7
|
|t:|1779711158
|switch|p1a: Ninetales|Ninetales-Alola, F, shiny|100/100
|-weather|Snowscape|[from] ability: Snow Warning|[of] p1a: Ninetales
|switch|p2a: Iron Moth|Iron Moth|100/100
|
|-weather|Snowscape|[upkeep]
|upkeep
|turn|8
|
|t:|1779711171
|move|p2a: Iron Moth|Fiery Dance|p1a: Ninetales
|-supereffective|p1a: Ninetales
|-damage|p1a: Ninetales|17/100
|move|p1a: Ninetales|Aurora Veil|p1a: Ninetales
|-sidestart|p1: Luisowbro|move: Aurora Veil
|
|-weather|Snowscape|[upkeep]
|upkeep
|turn|9
|
|t:|1779711177
|move|p2a: Iron Moth|Fiery Dance|p1a: Ninetales
|-supereffective|p1a: Ninetales
|-damage|p1a: Ninetales|0 fnt
|-boost|p2a: Iron Moth|spa|1
|faint|p1a: Ninetales
|
|-weather|Snowscape|[upkeep]
|upkeep
|
|t:|1779711189
|switch|p1a: Moltres|Moltres-Galar, shiny|100/100
|turn|10
|
|t:|1779711197
|move|p2a: Iron Moth|Sludge Wave|p1a: Moltres
|-damage|p1a: Moltres|72/100
|move|p1a: Moltres|Agility|p1a: Moltres
|-boost|p1a: Moltres|spe|2
|
|-weather|Snowscape|[upkeep]
|upkeep
|turn|11
|
|t:|1779711204
|move|p1a: Moltres|Nasty Plot|p1a: Moltres
|-boost|p1a: Moltres|spa|2
|move|p2a: Iron Moth|Fiery Dance|p1a: Moltres
|-damage|p1a: Moltres|49/100
|-ability|p1a: Moltres|Berserk|boost
|-boost|p1a: Moltres|spa|1
|-enditem|p1a: Moltres|Sitrus Berry|[eat]
|-heal|p1a: Moltres|74/100|[from] item: Sitrus Berry
|
|-weather|none
|upkeep
|turn|12
|
|t:|1779711213
|move|p1a: Moltres|Fiery Wrath|p2a: Iron Moth
|-damage|p2a: Iron Moth|0 fnt
|faint|p2a: Iron Moth
|-end|p2a: Iron Moth|Quark Drive|[silent]
|
|upkeep
|
|t:|1779711218
|switch|p2a: Kingambit|Kingambit, M|100/100
|-activate|p2a: Kingambit|ability: Supreme Overlord
|-start|p2a: Kingambit|fallen2|[silent]
|turn|13
|
|t:|1779711225
|move|p1a: Moltres|Fiery Wrath|p2a: Kingambit
|-resisted|p2a: Kingambit
|-damage|p2a: Kingambit|54/100
|move|p2a: Kingambit|Swords Dance|p2a: Kingambit
|-boost|p2a: Kingambit|atk|2
|
|-heal|p2a: Kingambit|60/100|[from] item: Leftovers
|upkeep
|turn|14
|
|t:|1779711237
|move|p1a: Moltres|Fiery Wrath|p2a: Kingambit
|-resisted|p2a: Kingambit
|-damage|p2a: Kingambit|14/100
|move|p2a: Kingambit|Iron Head|p1a: Moltres
|-damage|p1a: Moltres|23/100
|-ability|p1a: Moltres|Berserk|boost
|-boost|p1a: Moltres|spa|1
|
|-heal|p2a: Kingambit|20/100|[from] item: Leftovers
|upkeep
|turn|15
|
|t:|1779711246
|-terastallize|p1a: Moltres|Steel
|move|p2a: Kingambit|Sucker Punch|p1a: Moltres
|-damage|p1a: Moltres|0 fnt
|faint|p1a: Moltres
|
|-heal|p2a: Kingambit|26/100|[from] item: Leftovers
|-sideend|p1: Luisowbro|move: Aurora Veil
|upkeep
|
|t:|1779711259
|switch|p1a: Scizor|Scizor, M, shiny|100/100
|turn|16
|
|t:|1779711262
|move|p2a: Kingambit|Sucker Punch|p1a: Scizor
|-crit|p1a: Scizor
|-damage|p1a: Scizor|0 fnt
|faint|p1a: Scizor
|
|-heal|p2a: Kingambit|32/100|[from] item: Leftovers
|upkeep
|
|t:|1779711267
|switch|p1a: Enamorus|Enamorus, F|39/100
|turn|17
|
|t:|1779711270
|move|p2a: Kingambit|Sucker Punch|p1a: Enamorus
|-resisted|p1a: Enamorus
|-damage|p1a: Enamorus|0 fnt
|faint|p1a: Enamorus
|
|-heal|p2a: Kingambit|39/100|[from] item: Leftovers
|upkeep
|
|t:|1779711275
|switch|p1a: Haxorus|Haxorus, M, shiny|100/100
|-ability|p1a: Haxorus|Mold Breaker
|turn|18
|
|t:|1779711281
|-terastallize|p2a: Kingambit|Fairy
|move|p1a: Haxorus|First Impression|p2a: Kingambit
|-resisted|p2a: Kingambit
|-damage|p2a: Kingambit|26/100
|move|p2a: Kingambit|Kowtow Cleave|p1a: Haxorus
|-damage|p1a: Haxorus|0 fnt
|faint|p1a: Haxorus
|
|win|xander073
|raw|Luisowbro's rating: 1442 &rarr; <strong>1422</strong><br />(-20 for losing)
|raw|xander073's rating: 1444 &rarr; <strong>1464</strong><br />(+20 for winning)
|l|☆Luisowbro
|player|p1|
|l|☆xander073
|player|p2|
