|j|☆Arshdeep1234
|j|☆GITANO CON ESO
|t:|1779559939
|gametype|singles
|player|p1|Arshdeep1234|wallace|1203
|player|p2|GITANO CON ESO|266|1249
|gen|9
|tier|[Gen 9] OU
|rated|
|rule|HP Percentage Mod: HP is shown in percentages
|rule|Endless Battle Clause: Forcing endless battles is banned
|rule|Species Clause: Limit one of each Pokémon
|rule|OHKO Clause: OHKO moves are banned
|rule|Evasion Items Clause: Evasion items are banned
|rule|Evasion Moves Clause: Evasion moves are banned
|rule|Evasion Abilities Clause: Evasion abilities are banned
|rule|Sleep Moves Clause: Sleep-inducing moves are banned
|clearpoke
|poke|p1|Ogerpon-Wellspring, F|
|poke|p1|Gliscor, M|
|poke|p1|Gholdengo|
|poke|p1|Gastrodon, F|
|poke|p1|Thundurus, M|
|poke|p1|Terrakion|
|poke|p2|Ninetales, M|
|poke|p2|Ceruledge, F|
|poke|p2|Venusaur, M|
|poke|p2|Hatterene, F|
|poke|p2|Great Tusk|
|poke|p2|Walking Wake|
|teampreview
|inactive|Battle timer is ON: inactive players will automatically lose when time's up. (requested by Arshdeep1234)
|
|t:|1779559954
|teamsize|p1|6
|teamsize|p2|6
|start
|switch|p1a: Gastrodon|Gastrodon, F|100/100
|switch|p2a: Ninetales|Ninetales, M|100/100
|-weather|SunnyDay|[from] ability: Drought|[of] p2a: Ninetales
|turn|1
|
|t:|1779559972
|switch|p2a: Hatterene|Hatterene, F|100/100
|switch|p1a: Gliscor|Gliscor, M, shiny|100/100
|
|-weather|SunnyDay|[upkeep]
|-status|p1a: Gliscor|tox|[from] item: Toxic Orb
|upkeep
|turn|2
|
|t:|1779559985
|move|p1a: Gliscor|Knock Off|p2a: Hatterene
|-damage|p2a: Hatterene|82/100
|-enditem|p2a: Hatterene|Eject Button|[from] move: Knock Off|[of] p1a: Gliscor
|move|p2a: Hatterene|Psychic Noise|p1a: Gliscor
|-damage|p1a: Gliscor|56/100 tox
|-start|p1a: Gliscor|move: Heal Block
|
|-weather|SunnyDay|[upkeep]
|upkeep
|turn|3
|
|t:|1779560003
|switch|p1a: Gholdengo|Gholdengo|100/100
|-item|p1a: Gholdengo|Air Balloon
|move|p2a: Hatterene|Psychic Noise|p1a: Gholdengo
|-resisted|p1a: Gholdengo
|-damage|p1a: Gholdengo|84/100
|-start|p1a: Gholdengo|move: Heal Block
|-enditem|p1a: Gholdengo|Air Balloon
|
|-weather|SunnyDay|[upkeep]
|upkeep
|turn|4
|
|t:|1779560022
|switch|p2a: Ninetales|Ninetales, M|100/100
|move|p1a: Gholdengo|Nasty Plot|p1a: Gholdengo
|-boost|p1a: Gholdengo|spa|2
|
|-weather|SunnyDay|[upkeep]
|-end|p1a: Gholdengo|move: Heal Block
|upkeep
|turn|5
|
|t:|1779560035
|switch|p1a: Gastrodon|Gastrodon, F|100/100
|move|p2a: Ninetales|Flamethrower|p1a: Gastrodon
|-resisted|p1a: Gastrodon
|-damage|p1a: Gastrodon|81/100
|
|-weather|SunnyDay|[upkeep]
|upkeep
|turn|6
|
|t:|1779560043
|switch|p2a: Hatterene|Hatterene, F|82/100
|switch|p1a: Gliscor|Gliscor, M, shiny|56/100 tox
|
|-weather|SunnyDay|[upkeep]
|-heal|p1a: Gliscor|68/100 tox|[from] ability: Poison Heal
|upkeep
|turn|7
|
|t:|1779560065
|switch|p1a: Gholdengo|Gholdengo|84/100
|move|p2a: Hatterene|Psychic Noise|p1a: Gholdengo
|-resisted|p1a: Gholdengo
|-damage|p1a: Gholdengo|68/100
|-start|p1a: Gholdengo|move: Heal Block
|
|-weather|SunnyDay|[upkeep]
|upkeep
|turn|8
|
|t:|1779560074
|move|p1a: Gholdengo|Shadow Ball|p2a: Hatterene
|-supereffective|p2a: Hatterene
|-damage|p2a: Hatterene|17/100
|move|p2a: Hatterene|Nuzzle|p1a: Gholdengo
|-damage|p1a: Gholdengo|65/100
|-status|p1a: Gholdengo|par
|
|-weather|none
|-end|p1a: Gholdengo|move: Heal Block
|upkeep
|turn|9
|
|t:|1779560084
|switch|p2a: Ninetales|Ninetales, M|100/100
|-weather|SunnyDay|[from] ability: Drought|[of] p2a: Ninetales
|cant|p1a: Gholdengo|par
|
|-weather|SunnyDay|[upkeep]
|upkeep
|turn|10
|
|t:|1779560105
|switch|p2a: Venusaur|Venusaur, M|100/100
|move|p1a: Gholdengo|Shadow Ball|p2a: Venusaur
|-damage|p2a: Venusaur|57/100
|
|-weather|SunnyDay|[upkeep]
|upkeep
|turn|11
|
|t:|1779560114
|move|p2a: Venusaur|Growth|p2a: Venusaur
|-boost|p2a: Venusaur|atk|2
|-boost|p2a: Venusaur|spa|2
|cant|p1a: Gholdengo|par
|
|-weather|SunnyDay|[upkeep]
|upkeep
|turn|12
|
|t:|1779560128
|move|p2a: Venusaur|Weather Ball|p1a: Gholdengo
|-supereffective|p1a: Gholdengo
|-damage|p1a: Gholdengo|0 fnt
|faint|p1a: Gholdengo
|-damage|p2a: Venusaur|47/100|[from] item: Life Orb
|
|-weather|SunnyDay|[upkeep]
|upkeep
|
|t:|1779560137
|switch|p1a: Gliscor|Gliscor, M, shiny|68/100 tox
|turn|13
|
|t:|1779560145
|move|p1a: Gliscor|Protect|p1a: Gliscor
|-singleturn|p1a: Gliscor|Protect
|move|p2a: Venusaur|Weather Ball|p1a: Gliscor
|-activate|p1a: Gliscor|move: Protect
|
|-weather|SunnyDay|[upkeep]
|-heal|p1a: Gliscor|80/100 tox|[from] ability: Poison Heal
|upkeep
|turn|14
|
|t:|1779560160
|-terastallize|p2a: Venusaur|Fire
|move|p2a: Venusaur|Weather Ball|p1a: Gliscor
|-damage|p1a: Gliscor|0 fnt
|faint|p1a: Gliscor
|-damage|p2a: Venusaur|37/100|[from] item: Life Orb
|
|-weather|SunnyDay|[upkeep]
|upkeep
|
|t:|1779560172
|switch|p1a: Ogerpon|Ogerpon-Wellspring, F|100/100
|turn|15
|
|t:|1779560177
|-terastallize|p1a: Ogerpon|Water
|detailschange|p1a: Ogerpon|Ogerpon-Wellspring-Tera, F, tera:Water
|-ability|p1a: Ogerpon|Embody Aspect (Wellspring)|boost
|-boost|p1a: Ogerpon|spd|1
|move|p2a: Venusaur|Sludge Bomb|p1a: Ogerpon
|-crit|p1a: Ogerpon
|-damage|p1a: Ogerpon|0 fnt
|faint|p1a: Ogerpon
|detailschange|p1: Ogerpon|Ogerpon-Wellspring, F|[silent]
|-damage|p2a: Venusaur|27/100|[from] item: Life Orb
|
|-weather|SunnyDay|[upkeep]
|upkeep
|
|t:|1779560192
|switch|p1a: Terrakion|Terrakion|100/100
|turn|16
|
|t:|1779560196
|move|p1a: Terrakion|Quick Attack|p2a: Venusaur
|-damage|p2a: Venusaur|0 fnt
|faint|p2a: Venusaur
|
|-weather|none
|upkeep
|
|t:|1779560200
|switch|p2a: Ninetales|Ninetales, M|100/100
|-weather|SunnyDay|[from] ability: Drought|[of] p2a: Ninetales
|turn|17
|
|t:|1779560206
|switch|p1a: Thundurus|Thundurus, M, shiny|100/100
|move|p2a: Ninetales|Will-O-Wisp|p1a: Thundurus
|-status|p1a: Thundurus|brn
|
|-weather|SunnyDay|[upkeep]
|-damage|p1a: Thundurus|94/100 brn|[from] brn
|upkeep
|turn|18
|
|t:|1779560213
|switch|p2a: Great Tusk|Great Tusk|100/100
|-activate|p2a: Great Tusk|ability: Protosynthesis
|-start|p2a: Great Tusk|protosynthesisspe
|move|p1a: Thundurus|Thunder Wave|p2a: Great Tusk
|-immune|p2a: Great Tusk
|
|-weather|SunnyDay|[upkeep]
|-damage|p1a: Thundurus|88/100 brn|[from] brn
|upkeep
|turn|19
|
|t:|1779560225
|move|p2a: Great Tusk|Ice Spinner|p1a: Thundurus
|-supereffective|p1a: Thundurus
|-damage|p1a: Thundurus|22/100 brn
|move|p1a: Thundurus|Grass Knot|p2a: Great Tusk
|-supereffective|p2a: Great Tusk
|-damage|p2a: Great Tusk|0 fnt
|-damage|p1a: Thundurus|5/100 brn|[from] item: Rocky Helmet|[of] p2a: Great Tusk
|faint|p2a: Great Tusk
|-end|p2a: Great Tusk|Protosynthesis|[silent]
|
|-weather|SunnyDay|[upkeep]
|-damage|p1a: Thundurus|0 fnt|[from] brn
|faint|p1a: Thundurus
|upkeep
|
|t:|1779560244
|switch|p1a: Terrakion|Terrakion|100/100
|switch|p2a: Ceruledge|Ceruledge, F|100/100
|turn|20
|inactive|Arshdeep1234 has 120 seconds left.
|
|t:|1779560273
|switch|p2a: Hatterene|Hatterene, F|17/100
|move|p1a: Terrakion|Earthquake|p2a: Hatterene
|-damage|p2a: Hatterene|0 fnt
|faint|p2a: Hatterene
|
|-weather|SunnyDay|[upkeep]
|upkeep
|
|t:|1779560279
|switch|p2a: Walking Wake|Walking Wake|100/100
|-activate|p2a: Walking Wake|ability: Protosynthesis
|-start|p2a: Walking Wake|protosynthesisspa
|turn|21
|
|t:|1779560290
|switch|p1a: Gastrodon|Gastrodon, F|81/100
|move|p2a: Walking Wake|Hydro Steam|p1a: Gastrodon
|-damage|p1a: Gastrodon|0 fnt
|faint|p1a: Gastrodon
|
|-weather|SunnyDay|[upkeep]
|upkeep
|
|t:|1779560297
|switch|p1a: Terrakion|Terrakion|100/100
|turn|22
|inactive|Arshdeep1234 has 120 seconds left.
|
|t:|1779560329
|move|p1a: Terrakion|Close Combat|p2a: Walking Wake
|-damage|p2a: Walking Wake|3/100
|-unboost|p1a: Terrakion|def|1
|-unboost|p1a: Terrakion|spd|1
|move|p2a: Walking Wake|Hydro Steam|p1a: Terrakion
|-supereffective|p1a: Terrakion
|-damage|p1a: Terrakion|0 fnt
|faint|p1a: Terrakion
|
|win|GITANO CON ESO
|raw|Arshdeep1234's rating: 1203 &rarr; <strong>1181</strong><br />(-22 for losing)
|raw|GITANO CON ESO's rating: 1249 &rarr; <strong>1271</strong><br />(+22 for winning)
|l|☆Arshdeep1234
|player|p1|
|l|☆GITANO CON ESO
|player|p2|
