|inactive|Battle timer is ON: inactive players will automatically lose when time's up.
|t:|1779569294
|gametype|singles
|player|p1|xdRudi.exe|#wcop2025germany|
|player|p2|brandonlee1|#wcop2026brazil|
|gen|9
|tier|[Gen 9] OU
|rule|HP Percentage Mod: HP is shown in percentages
|rule|Endless Battle Clause: Forcing endless battles is banned
|rule|Species Clause: Limit one of each Pokémon
|rule|OHKO Clause: OHKO moves are banned
|rule|Evasion Items Clause: Evasion items are banned
|rule|Evasion Moves Clause: Evasion moves are banned
|rule|Evasion Abilities Clause: Evasion abilities are banned
|rule|Sleep Moves Clause: Sleep-inducing moves are banned
|clearpoke
|poke|p1|Ninetales, M|
|poke|p1|Great Tusk|
|poke|p1|Cresselia, F|
|poke|p1|Walking Wake|
|poke|p1|Zarude|
|poke|p1|Ceruledge, F|
|poke|p2|Ting-Lu|
|poke|p2|Sinistcha|
|poke|p2|Dragonite, F|
|poke|p2|Gliscor, F|
|poke|p2|Gholdengo|
|poke|p2|Keldeo-Resolute|
|teampreview
|c|☆brandonlee1|hf
|c|☆xdRudi.exe|Hf
|inactive|xdRudi.exe has 270 seconds left.
|inactive|xdRudi.exe has 240 seconds left.
|
|t:|1779569360
|teamsize|p1|6
|teamsize|p2|6
|start
|switch|p1a: Walking Wake|Walking Wake|100/100
|switch|p2a: Keldeo|Keldeo-Resolute|100/100
|turn|1
|inactive|brandonlee1 has 270 seconds left.
|
|t:|1779569394
|switch|p2a: Ting-Lu|Ting-Lu|100/100
|-ability|p2a: Ting-Lu|Vessel of Ruin
|move|p1a: Walking Wake|Draco Meteor|p2a: Ting-Lu
|-damage|p2a: Ting-Lu|71/100
|-unboost|p1a: Walking Wake|spa|2
|
|-heal|p2a: Ting-Lu|77/100|[from] item: Leftovers
|upkeep
|turn|2
|
|t:|1779569401
|move|p1a: Walking Wake|Flip Turn|p2a: Ting-Lu
|-supereffective|p2a: Ting-Lu
|-damage|p2a: Ting-Lu|60/100
|
|t:|1779569404
|-end|p1a: Walking Wake|Protosynthesis|[silent]
|switch|p1a: Great Tusk|Great Tusk|100/100|[from] Flip Turn
|move|p2a: Ting-Lu|Stealth Rock|p1a: Great Tusk
|-sidestart|p1: xdRudi.exe|move: Stealth Rock
|
|-heal|p2a: Ting-Lu|66/100|[from] item: Leftovers
|upkeep
|turn|3
|
|t:|1779569409
|move|p1a: Great Tusk|Ice Spinner|p2a: Ting-Lu
|-supereffective|p2a: Ting-Lu
|-damage|p2a: Ting-Lu|32/100
|move|p2a: Ting-Lu|Ruination|p1a: Great Tusk
|-damage|p1a: Great Tusk|50/100
|
|-heal|p2a: Ting-Lu|38/100|[from] item: Leftovers
|upkeep
|turn|4
|
|t:|1779569414
|switch|p2a: Sinistcha|Sinistcha|100/100
|move|p1a: Great Tusk|Ice Spinner|p2a: Sinistcha
|-supereffective|p2a: Sinistcha
|-damage|p2a: Sinistcha|60/100
|
|upkeep
|turn|5
|
|t:|1779569419
|-end|p1a: Great Tusk|Protosynthesis|[silent]
|switch|p1a: Ninetales|Ninetales, M|100/100
|-damage|p1a: Ninetales|76/100|[from] Stealth Rock
|-weather|SunnyDay|[from] ability: Drought|[of] p1a: Ninetales
|move|p2a: Sinistcha|Strength Sap|p1a: Ninetales
|-unboost|p1a: Ninetales|atk|1
|-heal|p2a: Sinistcha|100/100
|
|-weather|SunnyDay|[upkeep]
|upkeep
|turn|6
|
|t:|1779569429
|switch|p1a: Zarude|Zarude|100/100
|-damage|p1a: Zarude|88/100|[from] Stealth Rock
|switch|p2a: Keldeo|Keldeo-Resolute|100/100
|
|-weather|SunnyDay|[upkeep]
|-heal|p1a: Zarude|94/100|[from] item: Leftovers
|upkeep
|turn|7
|
|t:|1779569456
|move|p2a: Keldeo|Secret Sword|p1a: Zarude
|-supereffective|p1a: Zarude
|-damage|p1a: Zarude|14/100
|move|p1a: Zarude|Power Whip|p2a: Keldeo|[miss]
|-miss|p1a: Zarude|p2a: Keldeo
|
|-weather|SunnyDay|[upkeep]
|-heal|p1a: Zarude|20/100|[from] item: Leftovers
|upkeep
|turn|8
|
|t:|1779569473
|switch|p1a: Cresselia|Cresselia, F|100/100
|-damage|p1a: Cresselia|88/100|[from] Stealth Rock
|move|p2a: Keldeo|Secret Sword|p1a: Cresselia
|-resisted|p1a: Cresselia
|-damage|p1a: Cresselia|75/100
|-enditem|p1a: Cresselia|Eject Button
|c|☆brandonlee1|mb
|
|t:|1779569478
|switch|p1a: Walking Wake|Walking Wake|100/100
|-damage|p1a: Walking Wake|88/100|[from] Stealth Rock
|-activate|p1a: Walking Wake|ability: Protosynthesis
|-start|p1a: Walking Wake|protosynthesisspe
|
|-weather|SunnyDay|[upkeep]
|upkeep
|turn|9
|
|t:|1779569484
|move|p1a: Walking Wake|Draco Meteor|p2a: Keldeo
|-damage|p2a: Keldeo|12/100
|-unboost|p1a: Walking Wake|spa|2
|move|p2a: Keldeo|Secret Sword|p1a: Walking Wake
|-damage|p1a: Walking Wake|42/100
|
|-weather|SunnyDay|[upkeep]
|upkeep
|turn|10
|
|t:|1779569492
|move|p2a: Keldeo|Vacuum Wave|p1a: Walking Wake
|-damage|p1a: Walking Wake|16/100
|move|p1a: Walking Wake|Hydro Steam|p2a: Keldeo
|-resisted|p2a: Keldeo
|-damage|p2a: Keldeo|0 fnt
|faint|p2a: Keldeo
|
|-weather|SunnyDay|[upkeep]
|upkeep
|
|t:|1779569503
|switch|p2a: Dragonite|Dragonite, F|100/100
|turn|11
|
|t:|1779569513
|switch|p2a: Gholdengo|Gholdengo|100/100
|move|p1a: Walking Wake|Flip Turn|p2a: Gholdengo
|-damage|p2a: Gholdengo|92/100
|inactive|xdRudi.exe has 270 seconds left.
|inactive|xdRudi.exe has 240 seconds left.
|inactive|xdRudi.exe has 210 seconds left.
|
|t:|1779569601
|-end|p1a: Walking Wake|Protosynthesis|[silent]
|switch|p1a: Cresselia|Cresselia, F|75/100|[from] Flip Turn
|-damage|p1a: Cresselia|62/100|[from] Stealth Rock
|
|-weather|SunnyDay|[upkeep]
|upkeep
|turn|12
|inactive|brandonlee1 has 270 seconds left.
|
|t:|1779569636
|move|p2a: Gholdengo|Shadow Ball|p1a: Cresselia
|-supereffective|p1a: Cresselia
|-damage|p1a: Cresselia|11/100
|move|p1a: Cresselia|Lunar Dance|p1a: Cresselia
|faint|p1a: Cresselia
|
|-weather|none
|upkeep
|
|t:|1779569646
|switch|p1a: Zarude|Zarude|20/100
|-heal|p1a: Zarude|100/100|[from] move: Lunar Dance
|-damage|p1a: Zarude|88/100|[from] Stealth Rock
|turn|13
|inactive|brandonlee1 has 270 seconds left.
|
|t:|1779569656
|switch|p2a: Dragonite|Dragonite, F|100/100
|move|p1a: Zarude|Knock Off|p2a: Dragonite
|-damage|p2a: Dragonite|78/100
|-enditem|p2a: Dragonite|Heavy-Duty Boots|[from] move: Knock Off|[of] p1a: Zarude
|
|-heal|p1a: Zarude|94/100|[from] item: Leftovers
|upkeep
|turn|14
|
|t:|1779569662
|switch|p1a: Ninetales|Ninetales, M|76/100
|-damage|p1a: Ninetales|51/100|[from] Stealth Rock
|-weather|SunnyDay|[from] ability: Drought|[of] p1a: Ninetales
|move|p2a: Dragonite|Dragon Dance|p2a: Dragonite
|-boost|p2a: Dragonite|atk|1
|-boost|p2a: Dragonite|spe|1
|
|-weather|SunnyDay|[upkeep]
|upkeep
|turn|15
|
|t:|1779569679
|move|p2a: Dragonite|Earthquake|p1a: Ninetales
|-supereffective|p1a: Ninetales
|-damage|p1a: Ninetales|0 fnt
|faint|p1a: Ninetales
|
|-weather|SunnyDay|[upkeep]
|upkeep
|
|t:|1779569683
|switch|p1a: Great Tusk|Great Tusk|50/100
|-damage|p1a: Great Tusk|47/100|[from] Stealth Rock
|-activate|p1a: Great Tusk|ability: Protosynthesis
|-start|p1a: Great Tusk|protosynthesisatk
|turn|16
|inactive|brandonlee1 has 270 seconds left.
|inactive|xdRudi.exe has 210 seconds left.
|
|t:|1779569733
|switch|p2a: Sinistcha|Sinistcha|100/100
|-terastallize|p1a: Great Tusk|Steel
|move|p1a: Great Tusk|Rapid Spin|p2a: Sinistcha
|-immune|p2a: Sinistcha
|
|-weather|SunnyDay|[upkeep]
|upkeep
|turn|17
|inactive|xdRudi.exe has 210 seconds left.
|
|t:|1779569743
|-end|p1a: Great Tusk|Protosynthesis|[silent]
|switch|p1a: Zarude|Zarude|94/100
|-damage|p1a: Zarude|82/100|[from] Stealth Rock
|move|p2a: Sinistcha|Matcha Gotcha|p1a: Zarude
|-resisted|p1a: Zarude
|-damage|p1a: Zarude|67/100
|
|-weather|SunnyDay|[upkeep]
|-heal|p1a: Zarude|73/100|[from] item: Leftovers
|upkeep
|turn|18
|
|t:|1779569746
|switch|p2a: Dragonite|Dragonite, F|78/100
|move|p1a: Zarude|Swords Dance|p1a: Zarude
|-boost|p1a: Zarude|atk|2
|
|-weather|SunnyDay|[upkeep]
|-heal|p1a: Zarude|79/100|[from] item: Leftovers
|upkeep
|turn|19
|
|t:|1779569751
|move|p1a: Zarude|Swords Dance|p1a: Zarude
|-boost|p1a: Zarude|atk|2
|move|p2a: Dragonite|Dragon Dance|p2a: Dragonite
|-boost|p2a: Dragonite|atk|1
|-boost|p2a: Dragonite|spe|1
|
|-weather|SunnyDay|[upkeep]
|-heal|p1a: Zarude|85/100|[from] item: Leftovers
|upkeep
|turn|20
|
|t:|1779569765
|move|p2a: Dragonite|Roost|p2a: Dragonite
|-heal|p2a: Dragonite|100/100
|-singleturn|p2a: Dragonite|move: Roost
|move|p1a: Zarude|Knock Off|p2a: Dragonite
|-damage|p2a: Dragonite|55/100
|
|-weather|SunnyDay|[upkeep]
|-heal|p1a: Zarude|91/100|[from] item: Leftovers
|upkeep
|turn|21
|
|t:|1779569768
|move|p2a: Dragonite|Extreme Speed|p1a: Zarude
|-damage|p1a: Zarude|54/100
|move|p1a: Zarude|Knock Off|p2a: Dragonite
|-damage|p2a: Dragonite|0 fnt
|faint|p2a: Dragonite
|
|-weather|none
|-heal|p1a: Zarude|60/100|[from] item: Leftovers
|upkeep
|
|t:|1779569771
|switch|p2a: Gholdengo|Gholdengo|92/100
|turn|22
|
|t:|1779569777
|switch|p1a: Walking Wake|Walking Wake|16/100
|-damage|p1a: Walking Wake|4/100|[from] Stealth Rock
|-terastallize|p2a: Gholdengo|Steel
|move|p2a: Gholdengo|Make It Rain|p1a: Walking Wake
|-resisted|p1a: Walking Wake
|-damage|p1a: Walking Wake|0 fnt
|-unboost|p2a: Gholdengo|spa|1
|faint|p1a: Walking Wake
|-end|p1a: Walking Wake|Protosynthesis|[silent]
|
|upkeep
|
|t:|1779569781
|switch|p1a: Ceruledge|Ceruledge, F|100/100
|-damage|p1a: Ceruledge|76/100|[from] Stealth Rock
|turn|23
|
|t:|1779569789
|switch|p2a: Ting-Lu|Ting-Lu|38/100
|-ability|p2a: Ting-Lu|Vessel of Ruin
|move|p1a: Ceruledge|Swords Dance|p1a: Ceruledge
|-boost|p1a: Ceruledge|atk|2
|
|-heal|p2a: Ting-Lu|44/100|[from] item: Leftovers
|upkeep
|turn|24
|
|t:|1779569792
|move|p1a: Ceruledge|Bitter Blade|p2a: Ting-Lu
|-damage|p2a: Ting-Lu|0 fnt
|-heal|p1a: Ceruledge|100/100|[from] drain|[of] p2a: Ting-Lu
|faint|p2a: Ting-Lu
|
|upkeep
|
|t:|1779569798
|switch|p2a: Gholdengo|Gholdengo, tera:Steel|92/100
|turn|25
|
|t:|1779569807
|move|p2a: Gholdengo|Shadow Ball|p1a: Ceruledge
|-supereffective|p1a: Ceruledge
|-enditem|p1a: Ceruledge|Focus Sash
|-damage|p1a: Ceruledge|1/100
|move|p1a: Ceruledge|Bitter Blade|p2a: Gholdengo
|-supereffective|p2a: Gholdengo
|-damage|p2a: Gholdengo|0 fnt
|-heal|p1a: Ceruledge|50/100|[from] drain|[of] p2a: Gholdengo
|faint|p2a: Gholdengo
|
|upkeep
|
|t:|1779569811
|switch|p2a: Gliscor|Gliscor, F|100/100
|turn|26
|
|t:|1779569815
|move|p2a: Gliscor|Protect|p2a: Gliscor
|-singleturn|p2a: Gliscor|Protect
|move|p1a: Ceruledge|Poltergeist|p2a: Gliscor
|-activate|p2a: Gliscor|move: Protect
|
|-status|p2a: Gliscor|tox|[from] item: Toxic Orb
|upkeep
|turn|27
|
|t:|1779569818
|move|p1a: Ceruledge|Poltergeist|p2a: Gliscor
|-activate|p2a: Gliscor|move: Poltergeist|Toxic Orb
|-damage|p2a: Gliscor|9/100 tox
|move|p2a: Gliscor|Knock Off|p1a: Ceruledge
|-supereffective|p1a: Ceruledge
|-crit|p1a: Ceruledge
|-damage|p1a: Ceruledge|0 fnt
|faint|p1a: Ceruledge
|
|-heal|p2a: Gliscor|22/100 tox|[from] ability: Poison Heal
|upkeep
|
|t:|1779569826
|switch|p1a: Zarude|Zarude|60/100
|-damage|p1a: Zarude|48/100|[from] Stealth Rock
|turn|28
|
|t:|1779569832
|move|p1a: Zarude|Swords Dance|p1a: Zarude
|-boost|p1a: Zarude|atk|2
|move|p2a: Gliscor|Facade|p1a: Zarude
|-damage|p1a: Zarude|19/100
|
|-heal|p1a: Zarude|25/100|[from] item: Leftovers
|-heal|p2a: Gliscor|34/100 tox|[from] ability: Poison Heal
|upkeep
|turn|29
|
|t:|1779569836
|move|p2a: Gliscor|Protect|p2a: Gliscor
|-singleturn|p2a: Gliscor|Protect
|move|p1a: Zarude|Knock Off|p2a: Gliscor
|-activate|p2a: Gliscor|move: Protect
|
|-heal|p1a: Zarude|31/100|[from] item: Leftovers
|-heal|p2a: Gliscor|47/100 tox|[from] ability: Poison Heal
|upkeep
|turn|30
|
|t:|1779569839
|move|p1a: Zarude|Knock Off|p2a: Gliscor
|-damage|p2a: Gliscor|0 fnt
|-enditem|p2a: Gliscor|Toxic Orb|[from] move: Knock Off|[of] p1a: Zarude
|faint|p2a: Gliscor
|
|-heal|p1a: Zarude|38/100|[from] item: Leftovers
|upkeep
|
|t:|1779569842
|switch|p2a: Sinistcha|Sinistcha|100/100
|turn|31
|
|t:|1779569845
|move|p1a: Zarude|Knock Off|p2a: Sinistcha
|-supereffective|p2a: Sinistcha
|-damage|p2a: Sinistcha|0 fnt
|-enditem|p2a: Sinistcha|Heavy-Duty Boots|[from] move: Knock Off|[of] p1a: Zarude
|faint|p2a: Sinistcha
|
|win|xdRudi.exe
