|j|☆emellano
|j|☆dior on ice
|t:|1779559650
|gametype|singles
|player|p1|emellano|170|1417
|player|p2|dior on ice|swimmerf|1437
|gen|9
|tier|[Gen 9] OU
|rated|
|rule|HP Percentage Mod: HP is shown in percentages
|rule|Endless Battle Clause: Forcing endless battles is banned
|rule|Species Clause: Limit one of each Pokémon
|rule|OHKO Clause: OHKO moves are banned
|rule|Evasion Items Clause: Evasion items are banned
|rule|Evasion Moves Clause: Evasion moves are banned
|rule|Evasion Abilities Clause: Evasion abilities are banned
|rule|Sleep Moves Clause: Sleep-inducing moves are banned
|clearpoke
|poke|p1|Ninetales-Alola, F|
|poke|p1|Weavile, F|
|poke|p1|Haxorus, F|
|poke|p1|Inteleon, F|
|poke|p1|Iron Treads|
|poke|p1|Ceruledge, F|
|poke|p2|Araquanid, M|
|poke|p2|Raging Bolt|
|poke|p2|Iron Moth|
|poke|p2|Great Tusk|
|poke|p2|Gholdengo|
|poke|p2|Kingambit, F|
|teampreview
|
|t:|1779559661
|teamsize|p1|6
|teamsize|p2|6
|start
|switch|p1a: Inteleon|Inteleon, F|100/100
|switch|p2a: Iron Moth|Iron Moth, shiny|100/100
|turn|1
|
|t:|1779559667
|-terastallize|p2a: Iron Moth|Grass
|move|p1a: Inteleon|Light Screen|p1a: Inteleon
|-sidestart|p1: emellano|move: Light Screen
|move|p2a: Iron Moth|Energy Ball|p1a: Inteleon
|-supereffective|p1a: Inteleon
|-damage|p1a: Inteleon|10/100
|-damage|p2a: Iron Moth|91/100|[from] item: Life Orb
|
|upkeep
|turn|2
|
|t:|1779559679
|switch|p1a: Haxorus|Haxorus, F|100/100
|-ability|p1a: Haxorus|Mold Breaker
|move|p2a: Iron Moth|Fiery Dance|p1a: Haxorus
|-resisted|p1a: Haxorus
|-damage|p1a: Haxorus|77/100
|-boost|p2a: Iron Moth|spa|1
|-damage|p2a: Iron Moth|81/100|[from] item: Life Orb
|
|upkeep
|turn|3
|
|t:|1779559688
|move|p2a: Iron Moth|Sludge Wave|p1a: Haxorus
|-damage|p1a: Haxorus|2/100
|-damage|p2a: Iron Moth|71/100|[from] item: Life Orb
|move|p1a: Haxorus|Dragon Dance|p1a: Haxorus
|-boost|p1a: Haxorus|atk|1
|-boost|p1a: Haxorus|spe|1
|
|upkeep
|turn|4
|
|t:|1779559700
|move|p1a: Haxorus|Outrage|p2a: Iron Moth
|-damage|p2a: Iron Moth|0 fnt
|faint|p2a: Iron Moth
|-end|p2a: Iron Moth|Quark Drive|[silent]
|
|upkeep
|
|t:|1779559708
|switch|p2a: Araquanid|Araquanid, M, shiny|100/100
|turn|5
|
|t:|1779559712
|move|p1a: Haxorus|Outrage|p2a: Araquanid|[from] lockedmove
|-damage|p2a: Araquanid|3/100
|-start|p1a: Haxorus|confusion|[fatigue]
|-enditem|p1a: Haxorus|Lum Berry|[eat]
|-end|p1a: Haxorus|confusion
|move|p2a: Araquanid|Liquidation|p1a: Haxorus
|-resisted|p1a: Haxorus
|-damage|p1a: Haxorus|0 fnt
|faint|p1a: Haxorus
|
|upkeep
|
|t:|1779559720
|switch|p1a: Ceruledge|Ceruledge, F|100/100
|-item|p1a: Ceruledge|Air Balloon
|turn|6
|
|t:|1779559724
|switch|p2a: Raging Bolt|Raging Bolt|100/100
|move|p1a: Ceruledge|Shadow Sneak|p2a: Raging Bolt
|-damage|p2a: Raging Bolt|81/100
|
|upkeep
|turn|7
|
|t:|1779559730
|switch|p1a: Iron Treads|Iron Treads|100/100
|-enditem|p1a: Iron Treads|Booster Energy
|-activate|p1a: Iron Treads|ability: Quark Drive|[fromitem]
|-start|p1a: Iron Treads|quarkdrivespe
|move|p2a: Raging Bolt|Calm Mind|p2a: Raging Bolt
|-boost|p2a: Raging Bolt|spa|1
|-boost|p2a: Raging Bolt|spd|1
|
|upkeep
|turn|8
|
|t:|1779559740
|move|p1a: Iron Treads|Earthquake|p2a: Raging Bolt
|-supereffective|p2a: Raging Bolt
|-damage|p2a: Raging Bolt|0 fnt
|faint|p2a: Raging Bolt
|-end|p2a: Raging Bolt|Protosynthesis|[silent]
|
|-sideend|p1: emellano|move: Light Screen
|upkeep
|
|t:|1779559743
|switch|p2a: Araquanid|Araquanid, M, shiny|3/100
|turn|9
|-enditem|p2a: Araquanid|Custap Berry|[eat]
|-activate|p2a: Araquanid|item: Custap Berry|[consumed]
|
|t:|1779559756
|move|p2a: Araquanid|Sticky Web|p1a: Iron Treads
|-sidestart|p1: emellano|move: Sticky Web
|move|p1a: Iron Treads|Rapid Spin|p2a: Araquanid
|-damage|p2a: Araquanid|0 fnt
|-boost|p1a: Iron Treads|spe|1
|-sideend|p1: emellano|Sticky Web|[from] move: Rapid Spin|[of] p1a: Iron Treads
|faint|p2a: Araquanid
|
|upkeep
|
|t:|1779559762
|switch|p2a: Gholdengo|Gholdengo, shiny|100/100
|-item|p2a: Gholdengo|Air Balloon
|turn|10
|
|t:|1779559765
|move|p1a: Iron Treads|Knock Off|p2a: Gholdengo
|-supereffective|p2a: Gholdengo
|-damage|p2a: Gholdengo|29/100
|-enditem|p2a: Gholdengo|Air Balloon
|move|p2a: Gholdengo|Shadow Ball|p1a: Iron Treads
|-damage|p1a: Iron Treads|39/100
|
|upkeep
|turn|11
|
|t:|1779559768
|move|p1a: Iron Treads|Earthquake|p2a: Gholdengo
|-supereffective|p2a: Gholdengo
|-crit|p2a: Gholdengo
|-damage|p2a: Gholdengo|0 fnt
|faint|p2a: Gholdengo
|
|upkeep
|
|t:|1779559770
|switch|p2a: Great Tusk|Great Tusk, shiny|100/100
|-enditem|p2a: Great Tusk|Booster Energy
|-activate|p2a: Great Tusk|ability: Protosynthesis|[fromitem]
|-start|p2a: Great Tusk|protosynthesisatk
|turn|12
|
|t:|1779559779
|move|p1a: Iron Treads|Earthquake|p2a: Great Tusk
|-damage|p2a: Great Tusk|65/100
|move|p2a: Great Tusk|Rapid Spin|p1a: Iron Treads
|-resisted|p1a: Iron Treads
|-damage|p1a: Iron Treads|29/100
|-boost|p2a: Great Tusk|spe|1
|
|upkeep
|turn|13
|
|t:|1779559782
|move|p1a: Iron Treads|Earthquake|p2a: Great Tusk
|-damage|p2a: Great Tusk|29/100
|move|p2a: Great Tusk|Ice Spinner|p1a: Iron Treads
|-damage|p1a: Iron Treads|0 fnt
|faint|p1a: Iron Treads
|-end|p1a: Iron Treads|Quark Drive|[silent]
|
|upkeep
|
|t:|1779559789
|switch|p1a: Ceruledge|Ceruledge, F|100/100
|-item|p1a: Ceruledge|Air Balloon
|turn|14
|
|t:|1779559798
|move|p2a: Great Tusk|Ice Spinner|p1a: Ceruledge
|-resisted|p1a: Ceruledge
|-damage|p1a: Ceruledge|74/100
|-ability|p1a: Ceruledge|Weak Armor|boost
|-unboost|p1a: Ceruledge|def|1
|-boost|p1a: Ceruledge|spe|2
|-enditem|p1a: Ceruledge|Air Balloon
|move|p1a: Ceruledge|Swords Dance|p1a: Ceruledge
|-boost|p1a: Ceruledge|atk|2
|
|upkeep
|turn|15
|inactive|Battle timer is ON: inactive players will automatically lose when time's up. (requested by dior on ice)
|
|t:|1779559806
|move|p1a: Ceruledge|Bitter Blade|p2a: Great Tusk
|-damage|p2a: Great Tusk|0 fnt
|-heal|p1a: Ceruledge|92/100|[from] drain|[of] p2a: Great Tusk
|faint|p2a: Great Tusk
|-end|p2a: Great Tusk|Protosynthesis|[silent]
|
|upkeep
|
|t:|1779559807
|switch|p2a: Kingambit|Kingambit, F, shiny|100/100
|-activate|p2a: Kingambit|ability: Supreme Overlord
|-start|p2a: Kingambit|fallen5|[silent]
|turn|16
|
|t:|1779559811
|move|p2a: Kingambit|Sucker Punch|p1a: Ceruledge
|-supereffective|p1a: Ceruledge
|-damage|p1a: Ceruledge|0 fnt
|faint|p1a: Ceruledge
|
|upkeep
|
|t:|1779559814
|switch|p1a: Ninetales|Ninetales-Alola, F|100/100
|-weather|Snowscape|[from] ability: Snow Warning|[of] p1a: Ninetales
|turn|17
|
|t:|1779559817
|move|p1a: Ninetales|Encore|p2a: Kingambit
|-start|p2a: Kingambit|Encore
|move|p2a: Kingambit|Sucker Punch||[still]
|-fail|p2a: Kingambit
|
|-weather|Snowscape|[upkeep]
|upkeep
|turn|18
|
|t:|1779559823
|move|p2a: Kingambit|Sucker Punch||[still]
|-fail|p2a: Kingambit
|move|p1a: Ninetales|Aurora Veil|p1a: Ninetales
|-sidestart|p1: emellano|move: Aurora Veil
|
|-weather|Snowscape|[upkeep]
|upkeep
|turn|19
|
|t:|1779559829
|move|p2a: Kingambit|Sucker Punch||[still]
|-fail|p2a: Kingambit
|move|p1a: Ninetales|Snowscape||[still]
|-fail|p1a: Ninetales
|
|-weather|Snowscape|[upkeep]
|-end|p2a: Kingambit|Encore
|upkeep
|turn|20
|
|t:|1779559832
|move|p1a: Ninetales|Encore|p2a: Kingambit
|-start|p2a: Kingambit|Encore
|move|p2a: Kingambit|Sucker Punch||[still]
|-fail|p2a: Kingambit
|
|-weather|Snowscape|[upkeep]
|upkeep
|turn|21
|-message|dior on ice forfeited.
|
|win|emellano
|raw|emellano's rating: 1417 &rarr; <strong>1438</strong><br />(+21 for winning)
|raw|dior on ice's rating: 1437 &rarr; <strong>1416</strong><br />(-21 for losing)
|l|☆dior on ice
|player|p2|
|l|☆emellano
|player|p1|
