|j|☆claudechamp
|j|☆wizardrex
|t:|1779682055
|gametype|singles
|player|p1|claudechamp|170|1336
|player|p2|wizardrex|101|1324
|gen|9
|tier|[Gen 9] OU
|rated|
|rule|HP Percentage Mod: HP is shown in percentages
|rule|Endless Battle Clause: Forcing endless battles is banned
|rule|Species Clause: Limit one of each Pokémon
|rule|OHKO Clause: OHKO moves are banned
|rule|Evasion Items Clause: Evasion items are banned
|rule|Evasion Moves Clause: Evasion moves are banned
|rule|Evasion Abilities Clause: Evasion abilities are banned
|rule|Sleep Moves Clause: Sleep-inducing moves are banned
|clearpoke
|poke|p1|Gliscor, F|
|poke|p1|Gholdengo|
|poke|p1|Zamazenta-*|
|poke|p1|Blissey, F|
|poke|p1|Skarmory, F|
|poke|p1|Pecharunt|
|poke|p2|Dragonite, F|
|poke|p2|Garganacl, M|
|poke|p2|Iron Crown|
|poke|p2|Kyurem|
|poke|p2|Great Tusk|
|poke|p2|Skeledirge, M|
|teampreview
|c|☆claudechamp|hf
|inactive|Battle timer is ON: inactive players will automatically lose when time's up. (requested by claudechamp)
|
|t:|1779682071
|teamsize|p1|6
|teamsize|p2|6
|start
|switch|p1a: Skarmory|Skarmory, F|100/100
|switch|p2a: Kyurem|Kyurem|100/100
|-ability|p2a: Kyurem|Pressure
|turn|1
|
|t:|1779682081
|switch|p1a: Blissey|Blissey, F|100/100
|move|p2a: Kyurem|Freeze-Dry|p1a: Blissey
|-damage|p1a: Blissey|89/100
|
|upkeep
|turn|2
|
|t:|1779682084
|move|p2a: Kyurem|Substitute|p2a: Kyurem
|-start|p2a: Kyurem|Substitute
|-damage|p2a: Kyurem|75/100
|move|p1a: Blissey|Stealth Rock|p2a: Kyurem
|-sidestart|p2: wizardrex|move: Stealth Rock
|
|-heal|p2a: Kyurem|82/100|[from] item: Leftovers
|upkeep
|turn|3
|
|t:|1779682090
|move|p2a: Kyurem|Freeze-Dry|p1a: Blissey
|-damage|p1a: Blissey|78/100
|move|p1a: Blissey|Shadow Ball|p2a: Kyurem
|-activate|p2a: Kyurem|move: Substitute|[damage]
|
|-heal|p2a: Kyurem|88/100|[from] item: Leftovers
|upkeep
|turn|4
|
|t:|1779682095
|move|p2a: Kyurem|Freeze-Dry|p1a: Blissey
|-damage|p1a: Blissey|68/100
|move|p1a: Blissey|Shadow Ball|p2a: Kyurem
|-end|p2a: Kyurem|Substitute
|
|-heal|p2a: Kyurem|94/100|[from] item: Leftovers
|upkeep
|turn|5
|
|t:|1779682103
|switch|p2a: Great Tusk|Great Tusk|100/100
|move|p1a: Blissey|Soft-Boiled|p1a: Blissey
|-heal|p1a: Blissey|100/100
|
|upkeep
|turn|6
|
|t:|1779682109
|switch|p1a: Gliscor|Gliscor, F|100/100
|move|p2a: Great Tusk|Stealth Rock|p1a: Gliscor
|-sidestart|p1: claudechamp|move: Stealth Rock
|
|-status|p1a: Gliscor|tox|[from] item: Toxic Orb
|upkeep
|turn|7
|
|t:|1779682116
|-end|p2a: Great Tusk|Protosynthesis|[silent]
|switch|p2a: Garganacl|Garganacl, M|100/100
|-damage|p2a: Garganacl|88/100|[from] Stealth Rock
|-terastallize|p1a: Gliscor|Dark
|move|p1a: Gliscor|Swords Dance|p1a: Gliscor
|-boost|p1a: Gliscor|atk|2
|
|-heal|p2a: Garganacl|94/100|[from] item: Leftovers
|upkeep
|turn|8
|
|t:|1779682124
|move|p1a: Gliscor|Earthquake|p2a: Garganacl
|-supereffective|p2a: Garganacl
|-damage|p2a: Garganacl|26/100
|move|p2a: Garganacl|Salt Cure|p1a: Gliscor
|-damage|p1a: Gliscor|89/100 tox
|-start|p1a: Gliscor|Salt Cure
|
|-heal|p2a: Garganacl|32/100|[from] item: Leftovers
|-heal|p1a: Gliscor|100/100 tox|[from] ability: Poison Heal
|-damage|p1a: Gliscor|88/100 tox|[from] Salt Cure
|upkeep
|turn|9
|
|t:|1779682133
|move|p2a: Garganacl|Protect|p2a: Garganacl
|-singleturn|p2a: Garganacl|Protect
|move|p1a: Gliscor|Swords Dance|p1a: Gliscor
|-boost|p1a: Gliscor|atk|2
|
|-heal|p2a: Garganacl|38/100|[from] item: Leftovers
|-heal|p1a: Gliscor|100/100 tox|[from] ability: Poison Heal
|-damage|p1a: Gliscor|88/100 tox|[from] Salt Cure
|upkeep
|turn|10
|
|t:|1779682140
|switch|p2a: Dragonite|Dragonite, F|100/100
|move|p1a: Gliscor|Earthquake|p2a: Dragonite
|-immune|p2a: Dragonite
|
|-heal|p1a: Gliscor|100/100 tox|[from] ability: Poison Heal
|-damage|p1a: Gliscor|88/100 tox|[from] Salt Cure
|upkeep
|turn|11
|
|t:|1779682146
|move|p1a: Gliscor|Knock Off|p2a: Dragonite
|-damage|p2a: Dragonite|57/100
|-enditem|p2a: Dragonite|Heavy-Duty Boots|[from] move: Knock Off|[of] p1a: Gliscor
|move|p2a: Dragonite|Dragon Tail|p1a: Gliscor
|-damage|p1a: Gliscor|57/100 tox
|drag|p1a: Gholdengo|Gholdengo|100/100
|-damage|p1a: Gholdengo|94/100|[from] Stealth Rock
|
|upkeep
|turn|12
|
|t:|1779682155
|move|p1a: Gholdengo|Thunder Wave|p2a: Dragonite
|-status|p2a: Dragonite|par
|move|p2a: Dragonite|Roost|p2a: Dragonite
|-heal|p2a: Dragonite|100/100 par
|-singleturn|p2a: Dragonite|move: Roost
|
|upkeep
|turn|13
|
|t:|1779682159
|move|p1a: Gholdengo|Hex|p2a: Dragonite
|-damage|p2a: Dragonite|75/100 par
|move|p2a: Dragonite|Earthquake|p1a: Gholdengo
|-supereffective|p1a: Gholdengo
|-damage|p1a: Gholdengo|37/100
|
|upkeep
|turn|14
|
|t:|1779682166
|move|p1a: Gholdengo|Recover|p1a: Gholdengo
|-heal|p1a: Gholdengo|87/100
|move|p2a: Dragonite|Earthquake|p1a: Gholdengo
|-supereffective|p1a: Gholdengo
|-damage|p1a: Gholdengo|34/100
|
|upkeep
|turn|15
|
|t:|1779682172
|move|p1a: Gholdengo|Recover|p1a: Gholdengo
|-heal|p1a: Gholdengo|84/100
|move|p2a: Dragonite|Earthquake|p1a: Gholdengo
|-supereffective|p1a: Gholdengo
|-crit|p1a: Gholdengo
|-damage|p1a: Gholdengo|4/100
|
|upkeep
|turn|16
|
|t:|1779682175
|move|p1a: Gholdengo|Recover|p1a: Gholdengo
|-heal|p1a: Gholdengo|54/100
|cant|p2a: Dragonite|par
|
|upkeep
|turn|17
|
|t:|1779682178
|move|p1a: Gholdengo|Recover|p1a: Gholdengo
|-heal|p1a: Gholdengo|100/100
|move|p2a: Dragonite|Earthquake|p1a: Gholdengo
|-supereffective|p1a: Gholdengo
|-damage|p1a: Gholdengo|47/100
|
|upkeep
|turn|18
|
|t:|1779682183
|switch|p1a: Gliscor|Gliscor, F, tera:Dark|57/100 tox
|-damage|p1a: Gliscor|45/100 tox|[from] Stealth Rock
|move|p2a: Dragonite|Earthquake|p1a: Gliscor
|-damage|p1a: Gliscor|12/100 tox
|
|-heal|p1a: Gliscor|25/100 tox|[from] ability: Poison Heal
|upkeep
|turn|19
|
|t:|1779682189
|move|p1a: Gliscor|Protect|p1a: Gliscor
|-singleturn|p1a: Gliscor|Protect
|move|p2a: Dragonite|Extreme Speed|p1a: Gliscor
|-activate|p1a: Gliscor|move: Protect
|
|-heal|p1a: Gliscor|37/100 tox|[from] ability: Poison Heal
|upkeep
|turn|20
|
|t:|1779682194
|move|p1a: Gliscor|Knock Off|p2a: Dragonite
|-damage|p2a: Dragonite|55/100 par
|cant|p2a: Dragonite|par
|
|-heal|p1a: Gliscor|50/100 tox|[from] ability: Poison Heal
|upkeep
|turn|21
|
|t:|1779682198
|move|p1a: Gliscor|Knock Off|p2a: Dragonite
|-damage|p2a: Dragonite|35/100 par
|cant|p2a: Dragonite|par
|
|-heal|p1a: Gliscor|62/100 tox|[from] ability: Poison Heal
|upkeep
|turn|22
|
|t:|1779682203
|move|p1a: Gliscor|Swords Dance|p1a: Gliscor
|-boost|p1a: Gliscor|atk|2
|move|p2a: Dragonite|Roost|p2a: Dragonite
|-heal|p2a: Dragonite|86/100 par
|-singleturn|p2a: Dragonite|move: Roost
|
|-heal|p1a: Gliscor|75/100 tox|[from] ability: Poison Heal
|upkeep
|turn|23
|
|t:|1779682209
|move|p1a: Gliscor|Knock Off|p2a: Dragonite
|-damage|p2a: Dragonite|44/100 par
|move|p2a: Dragonite|Dragon Tail|p1a: Gliscor
|-damage|p1a: Gliscor|46/100 tox
|drag|p1a: Blissey|Blissey, F|100/100
|
|upkeep
|turn|24
|
|t:|1779682216
|switch|p1a: Zamazenta|Zamazenta|100/100
|-ability|p1a: Zamazenta|Dauntless Shield|boost
|-boost|p1a: Zamazenta|def|1
|cant|p2a: Dragonite|par
|
|upkeep
|turn|25
|
|t:|1779682221
|switch|p2a: Skeledirge|Skeledirge, M|100/100
|move|p1a: Zamazenta|Ice Fang|p2a: Skeledirge
|-resisted|p2a: Skeledirge
|-damage|p2a: Skeledirge|92/100
|
|upkeep
|turn|26
|
|t:|1779682228
|move|p1a: Zamazenta|Crunch|p2a: Skeledirge
|-supereffective|p2a: Skeledirge
|-damage|p2a: Skeledirge|54/100
|move|p2a: Skeledirge|Will-O-Wisp|p1a: Zamazenta
|-status|p1a: Zamazenta|brn
|
|-damage|p1a: Zamazenta|94/100 brn|[from] brn
|upkeep
|turn|27
|
|t:|1779682235
|switch|p1a: Gliscor|Gliscor, F, tera:Dark|46/100 tox
|-damage|p1a: Gliscor|33/100 tox|[from] Stealth Rock
|move|p2a: Skeledirge|Slack Off|p2a: Skeledirge
|-heal|p2a: Skeledirge|100/100
|
|-heal|p1a: Gliscor|46/100 tox|[from] ability: Poison Heal
|upkeep
|turn|28
|
|t:|1779682243
|move|p1a: Gliscor|Knock Off|p2a: Skeledirge
|-supereffective|p2a: Skeledirge
|-damage|p2a: Skeledirge|52/100
|-enditem|p2a: Skeledirge|Heavy-Duty Boots|[from] move: Knock Off|[of] p1a: Gliscor
|move|p2a: Skeledirge|Torch Song|p1a: Gliscor
|-damage|p1a: Gliscor|16/100 tox
|-boost|p2a: Skeledirge|spa|1
|
|-heal|p1a: Gliscor|29/100 tox|[from] ability: Poison Heal
|upkeep
|turn|29
|
|t:|1779682251
|move|p1a: Gliscor|Earthquake|p2a: Skeledirge
|-supereffective|p2a: Skeledirge
|-damage|p2a: Skeledirge|0 fnt
|faint|p2a: Skeledirge
|
|-heal|p1a: Gliscor|41/100 tox|[from] ability: Poison Heal
|upkeep
|
|t:|1779682256
|switch|p2a: Great Tusk|Great Tusk|100/100
|turn|30
|
|t:|1779682261
|move|p2a: Great Tusk|Earthquake|p1a: Gliscor
|-damage|p1a: Gliscor|0 fnt
|faint|p1a: Gliscor
|
|upkeep
|
|t:|1779682266
|switch|p1a: Skarmory|Skarmory, F|100/100
|turn|31
|
|t:|1779682273
|-end|p2a: Great Tusk|Protosynthesis|[silent]
|switch|p2a: Dragonite|Dragonite, F|44/100 par
|-damage|p2a: Dragonite|19/100 par|[from] Stealth Rock
|move|p1a: Skarmory|Body Press|p2a: Dragonite
|-resisted|p2a: Dragonite
|-damage|p2a: Dragonite|5/100 par
|
|upkeep
|turn|32
|
|t:|1779682282
|move|p2a: Dragonite|Extreme Speed|p1a: Skarmory
|-resisted|p1a: Skarmory
|-damage|p1a: Skarmory|90/100
|move|p1a: Skarmory|Body Press|p2a: Dragonite
|-resisted|p2a: Dragonite
|-damage|p2a: Dragonite|0 fnt
|faint|p2a: Dragonite
|
|upkeep
|
|t:|1779682291
|switch|p2a: Garganacl|Garganacl, M|38/100
|-damage|p2a: Garganacl|26/100|[from] Stealth Rock
|turn|33
|
|t:|1779682296
|-terastallize|p2a: Garganacl|Grass
|move|p2a: Garganacl|Recover|p2a: Garganacl
|-heal|p2a: Garganacl|76/100
|move|p1a: Skarmory|Whirlwind|p2a: Garganacl
|drag|p2a: Kyurem|Kyurem|94/100
|-damage|p2a: Kyurem|69/100|[from] Stealth Rock
|-ability|p2a: Kyurem|Pressure
|
|-heal|p2a: Kyurem|75/100|[from] item: Leftovers
|upkeep
|turn|34
|
|t:|1779682303
|move|p2a: Kyurem|Freeze-Dry|p1a: Skarmory
|-damage|p1a: Skarmory|44/100
|move|p1a: Skarmory|Body Press|p2a: Kyurem
|-supereffective|p2a: Kyurem
|-damage|p2a: Kyurem|19/100
|
|-heal|p2a: Kyurem|25/100|[from] item: Leftovers
|upkeep
|turn|35
|
|t:|1779682313
|switch|p1a: Blissey|Blissey, F|100/100
|move|p2a: Kyurem|Freeze-Dry|p1a: Blissey
|-damage|p1a: Blissey|90/100
|-status|p1a: Blissey|frz
|
|-heal|p2a: Kyurem|32/100|[from] item: Leftovers
|upkeep
|turn|36
|
|t:|1779682321
|switch|p2a: Garganacl|Garganacl, M, tera:Grass|76/100
|-damage|p2a: Garganacl|64/100|[from] Stealth Rock
|-curestatus|p1a: Blissey|frz|[from] ability: Natural Cure|[silent]
|switch|p1a: Zamazenta|Zamazenta|94/100 brn
|
|-heal|p2a: Garganacl|70/100|[from] item: Leftovers
|-damage|p1a: Zamazenta|88/100 brn|[from] brn
|upkeep
|turn|37
|
|t:|1779682331
|move|p1a: Zamazenta|Close Combat|p2a: Garganacl
|-damage|p2a: Garganacl|55/100
|-unboost|p1a: Zamazenta|def|1
|-unboost|p1a: Zamazenta|spd|1
|move|p2a: Garganacl|Salt Cure|p1a: Zamazenta
|-resisted|p1a: Zamazenta
|-damage|p1a: Zamazenta|78/100 brn
|-start|p1a: Zamazenta|Salt Cure
|
|-heal|p2a: Garganacl|62/100|[from] item: Leftovers
|-damage|p1a: Zamazenta|72/100 brn|[from] brn
|-damage|p1a: Zamazenta|60/100 brn|[from] Salt Cure
|upkeep
|turn|38
|
|t:|1779682344
|switch|p1a: Skarmory|Skarmory, F|44/100
|move|p2a: Garganacl|Salt Cure|p1a: Skarmory
|-damage|p1a: Skarmory|36/100
|-start|p1a: Skarmory|Salt Cure
|
|-heal|p2a: Garganacl|68/100|[from] item: Leftovers
|-damage|p1a: Skarmory|11/100|[from] Salt Cure
|upkeep
|turn|39
|
|t:|1779682353
|move|p1a: Skarmory|Roost|p1a: Skarmory
|-heal|p1a: Skarmory|61/100
|-singleturn|p1a: Skarmory|move: Roost
|move|p2a: Garganacl|Salt Cure|p1a: Skarmory
|-resisted|p1a: Skarmory
|-damage|p1a: Skarmory|57/100
|
|-heal|p2a: Garganacl|74/100|[from] item: Leftovers
|-damage|p1a: Skarmory|32/100|[from] Salt Cure
|upkeep
|turn|40
|
|t:|1779682362
|move|p1a: Skarmory|Roost|p1a: Skarmory
|-heal|p1a: Skarmory|82/100
|-singleturn|p1a: Skarmory|move: Roost
|move|p2a: Garganacl|Earthquake|p1a: Skarmory
|-supereffective|p1a: Skarmory
|-damage|p1a: Skarmory|53/100
|
|-heal|p2a: Garganacl|80/100|[from] item: Leftovers
|-damage|p1a: Skarmory|28/100|[from] Salt Cure
|upkeep
|turn|41
|
|t:|1779682372
|move|p1a: Skarmory|Roost|p1a: Skarmory
|-heal|p1a: Skarmory|78/100
|-singleturn|p1a: Skarmory|move: Roost
|move|p2a: Garganacl|Earthquake|p1a: Skarmory
|-supereffective|p1a: Skarmory
|-damage|p1a: Skarmory|50/100
|
|-heal|p2a: Garganacl|86/100|[from] item: Leftovers
|-damage|p1a: Skarmory|25/100|[from] Salt Cure
|upkeep
|turn|42
|
|t:|1779682383
|switch|p1a: Pecharunt|Pecharunt|100/100
|move|p2a: Garganacl|Earthquake|p1a: Pecharunt
|-supereffective|p1a: Pecharunt
|-damage|p1a: Pecharunt|80/100
|
|-heal|p2a: Garganacl|93/100|[from] item: Leftovers
|upkeep
|turn|43
|
|t:|1779682389
|move|p1a: Pecharunt|Parting Shot|p2a: Garganacl
|-unboost|p2a: Garganacl|atk|1
|-unboost|p2a: Garganacl|spa|1
|
|t:|1779682397
|switch|p1a: Zamazenta|Zamazenta|60/100 brn|[from] Parting Shot
|move|p2a: Garganacl|Salt Cure|p1a: Zamazenta
|-resisted|p1a: Zamazenta
|-damage|p1a: Zamazenta|56/100 brn
|-start|p1a: Zamazenta|Salt Cure
|
|-heal|p2a: Garganacl|99/100|[from] item: Leftovers
|-damage|p1a: Zamazenta|49/100 brn|[from] brn
|-damage|p1a: Zamazenta|37/100 brn|[from] Salt Cure
|upkeep
|turn|44
|
|t:|1779682420
|move|p1a: Zamazenta|Close Combat|p2a: Garganacl
|-damage|p2a: Garganacl|83/100
|-unboost|p1a: Zamazenta|def|1
|-unboost|p1a: Zamazenta|spd|1
|move|p2a: Garganacl|Earthquake|p1a: Zamazenta
|-damage|p1a: Zamazenta|14/100 brn
|
|-heal|p2a: Garganacl|89/100|[from] item: Leftovers
|-damage|p1a: Zamazenta|8/100 brn|[from] brn
|-damage|p1a: Zamazenta|0 fnt|[from] Salt Cure
|faint|p1a: Zamazenta
|upkeep
|
|t:|1779682428
|switch|p1a: Skarmory|Skarmory, F|25/100
|turn|45
|
|t:|1779682434
|move|p1a: Skarmory|Roost|p1a: Skarmory
|-heal|p1a: Skarmory|75/100
|-singleturn|p1a: Skarmory|move: Roost
|move|p2a: Garganacl|Salt Cure|p1a: Skarmory
|-resisted|p1a: Skarmory
|-damage|p1a: Skarmory|72/100
|-start|p1a: Skarmory|Salt Cure
|
|-heal|p2a: Garganacl|96/100|[from] item: Leftovers
|-damage|p1a: Skarmory|48/100|[from] Salt Cure
|upkeep
|turn|46
|
|t:|1779682442
|move|p1a: Skarmory|Roost|p1a: Skarmory
|-heal|p1a: Skarmory|98/100
|-singleturn|p1a: Skarmory|move: Roost
|move|p2a: Garganacl|Salt Cure|p1a: Skarmory
|-resisted|p1a: Skarmory
|-damage|p1a: Skarmory|95/100
|
|-heal|p2a: Garganacl|100/100|[from] item: Leftovers
|-damage|p1a: Skarmory|70/100|[from] Salt Cure
|upkeep
|turn|47
|
|t:|1779682448
|move|p2a: Garganacl|Protect|p2a: Garganacl
|-singleturn|p2a: Garganacl|Protect
|move|p1a: Skarmory|Spikes|p2a: Garganacl
|-sidestart|p2: wizardrex|Spikes
|
|-damage|p1a: Skarmory|45/100|[from] Salt Cure
|upkeep
|turn|48
|
|t:|1779682455
|switch|p2a: Great Tusk|Great Tusk|100/100
|move|p1a: Skarmory|Roost|p1a: Skarmory
|-heal|p1a: Skarmory|95/100
|-singleturn|p1a: Skarmory|move: Roost
|
|-damage|p1a: Skarmory|70/100|[from] Salt Cure
|upkeep
|turn|49
|
|t:|1779682461
|move|p2a: Great Tusk|Rapid Spin|p1a: Skarmory
|-resisted|p1a: Skarmory
|-damage|p1a: Skarmory|65/100
|-boost|p2a: Great Tusk|spe|1
|-sideend|p2: wizardrex|Spikes|[from] move: Rapid Spin|[of] p2a: Great Tusk
|-sideend|p2: wizardrex|Stealth Rock|[from] move: Rapid Spin|[of] p2a: Great Tusk
|move|p1a: Skarmory|Spikes|p2a: Great Tusk
|-sidestart|p2: wizardrex|Spikes
|
|-damage|p1a: Skarmory|40/100|[from] Salt Cure
|upkeep
|turn|50
|
|t:|1779682473
|move|p2a: Great Tusk|Earthquake|p1a: Skarmory
|-immune|p1a: Skarmory
|move|p1a: Skarmory|Whirlwind|p2a: Great Tusk
|-end|p2a: Great Tusk|Protosynthesis|[silent]
|drag|p2a: Garganacl|Garganacl, M, tera:Grass|100/100
|-damage|p2a: Garganacl|88/100|[from] Spikes
|
|-heal|p2a: Garganacl|94/100|[from] item: Leftovers
|-damage|p1a: Skarmory|15/100|[from] Salt Cure
|upkeep
|turn|51
|
|t:|1779682481
|move|p1a: Skarmory|Roost|p1a: Skarmory
|-heal|p1a: Skarmory|65/100
|-singleturn|p1a: Skarmory|move: Roost
|move|p2a: Garganacl|Earthquake|p1a: Skarmory
|-supereffective|p1a: Skarmory
|-damage|p1a: Skarmory|35/100
|
|-heal|p2a: Garganacl|100/100|[from] item: Leftovers
|-damage|p1a: Skarmory|10/100|[from] Salt Cure
|upkeep
|turn|52
|
|t:|1779682490
|switch|p1a: Pecharunt|Pecharunt|80/100
|move|p2a: Garganacl|Earthquake|p1a: Pecharunt
|-supereffective|p1a: Pecharunt
|-damage|p1a: Pecharunt|57/100
|
|upkeep
|turn|53
|
|t:|1779682496
|move|p1a: Pecharunt|Recover|p1a: Pecharunt
|-heal|p1a: Pecharunt|100/100
|move|p2a: Garganacl|Salt Cure|p1a: Pecharunt
|-damage|p1a: Pecharunt|94/100
|-start|p1a: Pecharunt|Salt Cure
|
|-damage|p1a: Pecharunt|82/100|[from] Salt Cure
|upkeep
|turn|54
|
|t:|1779682503
|switch|p2a: Iron Crown|Iron Crown|100/100
|-damage|p2a: Iron Crown|88/100|[from] Spikes
|move|p1a: Pecharunt|Recover|p1a: Pecharunt
|-heal|p1a: Pecharunt|100/100
|
|-damage|p1a: Pecharunt|88/100|[from] Salt Cure
|upkeep
|turn|55
|
|t:|1779682512
|move|p2a: Iron Crown|Future Sight|p1a: Pecharunt
|-start|p2a: Iron Crown|move: Future Sight
|move|p1a: Pecharunt|Parting Shot|p2a: Iron Crown
|-unboost|p2a: Iron Crown|atk|1
|-unboost|p2a: Iron Crown|spa|1
|
|t:|1779682518
|switch|p1a: Skarmory|Skarmory, F|10/100|[from] Parting Shot
|
|upkeep
|turn|56
|
|t:|1779682523
|move|p2a: Iron Crown|Volt Switch|p1a: Skarmory
|-supereffective|p1a: Skarmory
|-damage|p1a: Skarmory|0 fnt
|faint|p1a: Skarmory
|
|t:|1779682529
|-end|p2a: Iron Crown|Quark Drive|[silent]
|switch|p2a: Great Tusk|Great Tusk|100/100|[from] Volt Switch
|
|upkeep
|
|t:|1779682535
|switch|p1a: Pecharunt|Pecharunt|88/100
|turn|57
|
|t:|1779682542
|switch|p1a: Gholdengo|Gholdengo|47/100
|-damage|p1a: Gholdengo|40/100|[from] Stealth Rock
|move|p2a: Great Tusk|Earthquake|p1a: Gholdengo
|-supereffective|p1a: Gholdengo
|-damage|p1a: Gholdengo|0 fnt
|faint|p1a: Gholdengo
|
|-hint|Future Sight did not hit because the target is fainted.
|upkeep
|
|t:|1779682550
|switch|p1a: Pecharunt|Pecharunt|88/100
|turn|58
|
|t:|1779682557
|-end|p2a: Great Tusk|Protosynthesis|[silent]
|switch|p2a: Iron Crown|Iron Crown|88/100
|-damage|p2a: Iron Crown|76/100|[from] Spikes
|move|p1a: Pecharunt|Toxic|p2a: Iron Crown
|-immune|p2a: Iron Crown
|
|upkeep
|turn|59
|
|t:|1779682562
|move|p2a: Iron Crown|Future Sight|p1a: Pecharunt
|-start|p2a: Iron Crown|move: Future Sight
|move|p1a: Pecharunt|Recover|p1a: Pecharunt
|-heal|p1a: Pecharunt|100/100
|
|upkeep
|turn|60
|
|t:|1779682569
|move|p2a: Iron Crown|Volt Switch|p1a: Pecharunt
|-damage|p1a: Pecharunt|79/100
|
|t:|1779682572
|-end|p2a: Iron Crown|Quark Drive|[silent]
|switch|p2a: Great Tusk|Great Tusk|100/100|[from] Volt Switch
|move|p1a: Pecharunt|Parting Shot|p2a: Great Tusk
|-unboost|p2a: Great Tusk|atk|1
|-unboost|p2a: Great Tusk|spa|1
|
|t:|1779682578
|switch|p1a: Blissey|Blissey, F|90/100|[from] Parting Shot
|
|upkeep
|turn|61
|
|t:|1779682585
|move|p2a: Great Tusk|Close Combat|p1a: Blissey
|-supereffective|p1a: Blissey
|-damage|p1a: Blissey|2/100
|-unboost|p2a: Great Tusk|def|1
|-unboost|p2a: Great Tusk|spd|1
|move|p1a: Blissey|Stealth Rock|p2a: Great Tusk
|-sidestart|p2: wizardrex|move: Stealth Rock
|
|-end|p1a: Blissey|move: Future Sight
|-damage|p1a: Blissey|0 fnt
|faint|p1a: Blissey
|upkeep
|
|t:|1779682591
|switch|p1a: Pecharunt|Pecharunt|79/100
|turn|62
|
|t:|1779682598
|-end|p2a: Great Tusk|Protosynthesis|[silent]
|switch|p2a: Iron Crown|Iron Crown|76/100
|-damage|p2a: Iron Crown|63/100|[from] Spikes
|-damage|p2a: Iron Crown|57/100|[from] Stealth Rock
|move|p1a: Pecharunt|Shadow Ball|p2a: Iron Crown
|-supereffective|p2a: Iron Crown
|-damage|p2a: Iron Crown|24/100
|
|upkeep
|turn|63
|
|t:|1779682606
|move|p2a: Iron Crown|Future Sight|p1a: Pecharunt
|-start|p2a: Iron Crown|move: Future Sight
|move|p1a: Pecharunt|Recover|p1a: Pecharunt
|-heal|p1a: Pecharunt|100/100
|
|upkeep
|turn|64
|
|t:|1779682613
|move|p2a: Iron Crown|Tachyon Cutter|p1a: Pecharunt
|-damage|p1a: Pecharunt|75/100
|-damage|p1a: Pecharunt|50/100
|-hitcount|p1a: Pecharunt|2
|move|p1a: Pecharunt|Shadow Ball|p2a: Iron Crown
|-supereffective|p2a: Iron Crown
|-damage|p2a: Iron Crown|0 fnt
|faint|p2a: Iron Crown
|-end|p2a: Iron Crown|Quark Drive|[silent]
|
|upkeep
|
|t:|1779682621
|switch|p2a: Garganacl|Garganacl, M, tera:Grass|100/100
|-damage|p2a: Garganacl|88/100|[from] Spikes
|-damage|p2a: Garganacl|76/100|[from] Stealth Rock
|turn|65
|
|t:|1779682626
|move|p1a: Pecharunt|Recover|p1a: Pecharunt
|-heal|p1a: Pecharunt|99/100
|move|p2a: Garganacl|Salt Cure|p1a: Pecharunt
|-damage|p1a: Pecharunt|93/100
|-start|p1a: Pecharunt|Salt Cure
|
|-end|p1a: Pecharunt|move: Future Sight
|-supereffective|p1a: Pecharunt
|-damage|p1a: Pecharunt|0 fnt
|faint|p1a: Pecharunt
|
|win|wizardrex
|raw|claudechamp's rating: 1338 &rarr; <strong>1317</strong><br />(-21 for losing)
|raw|wizardrex's rating: 1324 &rarr; <strong>1345</strong><br />(+21 for winning)
|c|☆claudechamp|gg
|l|☆wizardrex
|player|p2|
|l|☆claudechamp
|player|p1|
