|j|☆tommytt22
|j|☆firewall1234
|t:|1779617913
|gametype|singles
|player|p1|tommytt22|drayden|1602
|player|p2|firewall1234|hugh|1680
|gen|9
|tier|[Gen 9] OU
|rated|
|rule|HP Percentage Mod: HP is shown in percentages
|rule|Endless Battle Clause: Forcing endless battles is banned
|rule|Species Clause: Limit one of each Pokémon
|rule|OHKO Clause: OHKO moves are banned
|rule|Evasion Items Clause: Evasion items are banned
|rule|Evasion Moves Clause: Evasion moves are banned
|rule|Evasion Abilities Clause: Evasion abilities are banned
|rule|Sleep Moves Clause: Sleep-inducing moves are banned
|clearpoke
|poke|p1|Cinderace, F|
|poke|p1|Iron Valiant|
|poke|p1|Clodsire, F|
|poke|p1|Samurott-Hisui, F|
|poke|p1|Dragapult, F|
|poke|p1|Landorus-Therian, M|
|poke|p2|Hatterene, F|
|poke|p2|Great Tusk|
|poke|p2|Tornadus-Therian, M|
|poke|p2|Kyurem|
|poke|p2|Slowking-Galar, F|
|poke|p2|Kingambit, M|
|teampreview
|inactive|Battle timer is ON: inactive players will automatically lose when time's up. (requested by firewall1234)
|
|t:|1779617926
|teamsize|p1|6
|teamsize|p2|6
|start
|switch|p1a: Iron Valiant|Iron Valiant|100/100
|switch|p2a: Tornadus|Tornadus-Therian, M|100/100
|turn|1
|
|t:|1779617946
|-end|p1a: Iron Valiant|Quark Drive|[silent]
|switch|p1a: Clodsire|Clodsire, F|100/100
|move|p2a: Tornadus|Bleakwind Storm|p1a: Clodsire|[miss]
|-miss|p2a: Tornadus|p1a: Clodsire
|
|upkeep
|turn|2
|inactive|tommytt22 has 120 seconds left.
|
|t:|1779617986
|move|p2a: Tornadus|U-turn|p1a: Clodsire
|-resisted|p1a: Clodsire
|-damage|p1a: Clodsire|94/100
|
|t:|1779617990
|switch|p2a: Hatterene|Hatterene, F, shiny|100/100|[from] U-turn
|move|p1a: Clodsire|Rock Tomb|p2a: Hatterene
|-crit|p2a: Hatterene
|-damage|p2a: Hatterene|88/100
|-unboost|p2a: Hatterene|spe|1
|
|-heal|p1a: Clodsire|100/100|[from] item: Leftovers
|upkeep
|turn|3
|
|t:|1779617999
|switch|p1a: Landorus|Landorus-Therian, M|100/100
|-ability|p1a: Landorus|Intimidate|boost
|-unboost|p2a: Hatterene|atk|1
|move|p2a: Hatterene|Psychic Noise|p1a: Landorus
|-damage|p1a: Landorus|54/100
|-start|p1a: Landorus|move: Heal Block
|
|upkeep
|turn|4
|inactive|tommytt22 has 120 seconds left.
|
|t:|1779618010
|switch|p2a: Great Tusk|Great Tusk|100/100
|move|p1a: Landorus|Smack Down|p2a: Great Tusk
|-resisted|p2a: Great Tusk
|-damage|p2a: Great Tusk|97/100
|
|-end|p1a: Landorus|move: Heal Block
|upkeep
|turn|5
|inactive|tommytt22 has 120 seconds left.
|
|t:|1779618016
|switch|p1a: Iron Valiant|Iron Valiant|100/100
|move|p2a: Great Tusk|Stealth Rock|p1a: Iron Valiant
|-sidestart|p1: tommytt22|move: Stealth Rock
|
|upkeep
|turn|6
|
|t:|1779618021
|-end|p2a: Great Tusk|Protosynthesis|[silent]
|switch|p2a: Tornadus|Tornadus-Therian, M|100/100
|move|p1a: Iron Valiant|Trick|p2a: Tornadus
|-activate|p1a: Iron Valiant|move: Trick|[of] p2a: Tornadus
|-item|p2a: Tornadus|Choice Scarf|[from] move: Trick
|-item|p1a: Iron Valiant|Assault Vest|[from] move: Trick
|
|upkeep
|turn|7
|
|t:|1779618027
|-end|p1a: Iron Valiant|Quark Drive|[silent]
|switch|p1a: Clodsire|Clodsire, F|100/100
|-damage|p1a: Clodsire|94/100|[from] Stealth Rock
|move|p2a: Tornadus|U-turn|p1a: Clodsire
|-resisted|p1a: Clodsire
|-damage|p1a: Clodsire|88/100
|
|t:|1779618040
|switch|p2a: Great Tusk|Great Tusk|97/100|[from] U-turn
|
|-heal|p1a: Clodsire|94/100|[from] item: Leftovers
|upkeep
|turn|8
|
|t:|1779618048
|switch|p1a: Landorus|Landorus-Therian, M|54/100
|-damage|p1a: Landorus|42/100|[from] Stealth Rock
|-ability|p1a: Landorus|Intimidate|boost
|-unboost|p2a: Great Tusk|atk|1
|move|p2a: Great Tusk|Headlong Rush|p1a: Landorus
|-immune|p1a: Landorus
|
|-heal|p1a: Landorus|48/100|[from] item: Leftovers
|upkeep
|turn|9
|
|t:|1779618068
|switch|p1a: Dragapult|Dragapult, F|100/100
|-damage|p1a: Dragapult|88/100|[from] Stealth Rock
|move|p2a: Great Tusk|Ice Spinner|p1a: Dragapult
|-supereffective|p1a: Dragapult
|-damage|p1a: Dragapult|35/100
|
|upkeep
|turn|10
|
|t:|1779618082
|-end|p2a: Great Tusk|Protosynthesis|[silent]
|switch|p2a: Tornadus|Tornadus-Therian, M|100/100
|move|p1a: Dragapult|Surf|p2a: Tornadus
|-damage|p2a: Tornadus|73/100
|
|upkeep
|turn|11
|
|t:|1779618103
|switch|p1a: Landorus|Landorus-Therian, M|48/100
|-damage|p1a: Landorus|36/100|[from] Stealth Rock
|-ability|p1a: Landorus|Intimidate|boost
|-unboost|p2a: Tornadus|atk|1
|move|p2a: Tornadus|U-turn|p1a: Landorus
|-resisted|p1a: Landorus
|-crit|p1a: Landorus
|-damage|p1a: Landorus|23/100
|
|t:|1779618106
|switch|p2a: Kyurem|Kyurem|100/100|[from] U-turn
|-ability|p2a: Kyurem|Pressure
|
|-heal|p1a: Landorus|29/100|[from] item: Leftovers
|upkeep
|turn|12
|
|t:|1779618118
|move|p2a: Kyurem|Ice Beam|p1a: Landorus
|-supereffective|p1a: Landorus
|-damage|p1a: Landorus|0 fnt
|faint|p1a: Landorus
|
|upkeep
|
|t:|1779618130
|switch|p1a: Samurott|Samurott-Hisui, F|100/100
|-damage|p1a: Samurott|88/100|[from] Stealth Rock
|turn|13
|
|t:|1779618134
|switch|p2a: Great Tusk|Great Tusk|97/100
|move|p1a: Samurott|Ceaseless Edge|p2a: Great Tusk
|-resisted|p2a: Great Tusk
|-damage|p2a: Great Tusk|78/100
|-damage|p1a: Samurott|71/100|[from] item: Rocky Helmet|[of] p2a: Great Tusk
|-sidestart|p2: firewall1234|Spikes
|
|upkeep
|turn|14
|
|t:|1779618144
|move|p2a: Great Tusk|Rapid Spin|p1a: Samurott
|-damage|p1a: Samurott|49/100
|-boost|p2a: Great Tusk|spe|1
|-sideend|p2: firewall1234|Spikes|[from] move: Rapid Spin|[of] p2a: Great Tusk
|move|p1a: Samurott|Aqua Cutter|p2a: Great Tusk
|-supereffective|p2a: Great Tusk
|-damage|p2a: Great Tusk|7/100
|
|upkeep
|turn|15
|
|t:|1779618152
|move|p1a: Samurott|Sucker Punch|p2a: Great Tusk
|-resisted|p2a: Great Tusk
|-damage|p2a: Great Tusk|0 fnt
|-damage|p1a: Samurott|33/100|[from] item: Rocky Helmet|[of] p2a: Great Tusk
|faint|p2a: Great Tusk
|-end|p2a: Great Tusk|Protosynthesis|[silent]
|
|upkeep
|
|t:|1779618155
|switch|p2a: Kyurem|Kyurem|100/100
|-ability|p2a: Kyurem|Pressure
|turn|16
|inactive|tommytt22 has 120 seconds left.
|inactive|tommytt22 has 90 seconds left.
|
|t:|1779618222
|switch|p1a: Cinderace|Cinderace, F|100/100
|move|p2a: Kyurem|Earth Power|p1a: Cinderace
|-supereffective|p1a: Cinderace
|-damage|p1a: Cinderace|0 fnt
|faint|p1a: Cinderace
|
|upkeep
|
|t:|1779618240
|switch|p1a: Iron Valiant|Iron Valiant|100/100
|-damage|p1a: Iron Valiant|94/100|[from] Stealth Rock
|turn|17
|
|t:|1779618249
|switch|p2a: Tornadus|Tornadus-Therian, M|100/100
|move|p1a: Iron Valiant|Moonblast|p2a: Tornadus
|-damage|p2a: Tornadus|58/100
|
|upkeep
|turn|18
|inactive|tommytt22 has 90 seconds left.
|
|t:|1779618262
|move|p2a: Tornadus|U-turn|p1a: Iron Valiant
|-resisted|p1a: Iron Valiant
|-damage|p1a: Iron Valiant|90/100
|
|t:|1779618266
|switch|p2a: Slowking|Slowking-Galar, F|100/100|[from] U-turn
|move|p1a: Iron Valiant|Thunderbolt|p2a: Slowking
|-damage|p2a: Slowking|76/100
|
|-heal|p2a: Slowking|82/100|[from] item: Black Sludge
|upkeep
|turn|19
|inactive|tommytt22 has 90 seconds left.
|
|t:|1779618280
|-end|p1a: Iron Valiant|Quark Drive|[silent]
|switch|p1a: Clodsire|Clodsire, F|94/100
|-damage|p1a: Clodsire|88/100|[from] Stealth Rock
|move|p2a: Slowking|Sludge Bomb|p1a: Clodsire
|-resisted|p1a: Clodsire
|-damage|p1a: Clodsire|84/100
|
|-heal|p1a: Clodsire|90/100|[from] item: Leftovers
|-heal|p2a: Slowking|88/100|[from] item: Black Sludge
|upkeep
|turn|20
|inactive|tommytt22 has 90 seconds left.
|
|t:|1779618304
|move|p1a: Clodsire|Rock Tomb|p2a: Slowking
|-damage|p2a: Slowking|80/100
|-unboost|p2a: Slowking|spe|1
|-prepare|p2a: Slowking|Chilly Reception|[premajor]
|move|p2a: Slowking|Chilly Reception|p2a: Slowking
|-weather|Snowscape
|
|t:|1779618308
|switch|p2a: Kyurem|Kyurem|100/100|[from] Chilly Reception
|-ability|p2a: Kyurem|Pressure
|
|-weather|Snowscape|[upkeep]
|-heal|p1a: Clodsire|96/100|[from] item: Leftovers
|upkeep
|turn|21
|inactive|tommytt22 has 90 seconds left.
|
|t:|1779618338
|move|p2a: Kyurem|Blizzard|p1a: Clodsire
|-supereffective|p1a: Clodsire
|-damage|p1a: Clodsire|0 fnt
|faint|p1a: Clodsire
|
|-weather|Snowscape|[upkeep]
|upkeep
|
|t:|1779618344
|switch|p1a: Dragapult|Dragapult, F|35/100
|-damage|p1a: Dragapult|22/100|[from] Stealth Rock
|turn|22
|
|t:|1779618350
|switch|p2a: Tornadus|Tornadus-Therian, M|91/100
|move|p1a: Dragapult|Dragon Darts|p2a: Tornadus
|-damage|p2a: Tornadus|67/100
|-anim|p1a: Dragapult|Dragon Darts|p2a: Tornadus
|-damage|p2a: Tornadus|43/100
|
|-weather|Snowscape|[upkeep]
|upkeep
|turn|23
|inactive|tommytt22 has 60 seconds left.
|
|t:|1779618384
|move|p2a: Tornadus|Knock Off|p1a: Dragapult
|-supereffective|p1a: Dragapult
|-damage|p1a: Dragapult|0 fnt
|-enditem|p1a: Dragapult|Expert Belt|[from] move: Knock Off|[of] p2a: Tornadus
|faint|p1a: Dragapult
|
|-weather|Snowscape|[upkeep]
|upkeep
|-message|tommytt22 forfeited.
|
|win|firewall1234
|raw|tommytt22's rating: 1602 &rarr; <strong>1586</strong><br />(-16 for losing)
|raw|firewall1234's rating: 1680 &rarr; <strong>1696</strong><br />(+16 for winning)
|l|☆tommytt22
|player|p1|
|l|☆firewall1234
|player|p2|
