|j|☆Cthuluhoop1738
|j|☆holo-lyte
|t:|1779618460
|gametype|singles
|player|p1|Cthuluhoop1738|ethan|1255
|player|p2|holo-lyte|avery|1279
|gen|9
|tier|[Gen 9] OU
|rated|
|rule|HP Percentage Mod: HP is shown in percentages
|rule|Endless Battle Clause: Forcing endless battles is banned
|rule|Species Clause: Limit one of each Pokémon
|rule|OHKO Clause: OHKO moves are banned
|rule|Evasion Items Clause: Evasion items are banned
|rule|Evasion Moves Clause: Evasion moves are banned
|rule|Evasion Abilities Clause: Evasion abilities are banned
|rule|Sleep Moves Clause: Sleep-inducing moves are banned
|clearpoke
|poke|p1|Ceruledge, F|
|poke|p1|Ninetales-Alola, M|
|poke|p1|Sinistcha-Masterpiece|
|poke|p1|Great Tusk|
|poke|p1|Greninja-*, M|
|poke|p1|Braviary, M|
|poke|p2|Iron Jugulis|
|poke|p2|Iron Boulder|
|poke|p2|Zapdos-Galar|
|poke|p2|Articuno-Galar|
|poke|p2|Ceruledge, M|
|poke|p2|Glastrier|
|teampreview
|
|t:|1779618473
|teamsize|p1|6
|teamsize|p2|6
|start
|switch|p1a: Great Tusk|Great Tusk|100/100
|switch|p2a: Scalivur|Ceruledge, M|100/100
|turn|1
|
|t:|1779618482
|switch|p2a: ribbon|Articuno-Galar|100/100
|move|p1a: Great Tusk|Stealth Rock|p2a: ribbon
|-sidestart|p2: holo-lyte|move: Stealth Rock
|
|upkeep
|turn|2
|inactive|Battle timer is ON: inactive players will automatically lose when time's up. (requested by Cthuluhoop1738)
|
|t:|1779618485
|move|p2a: ribbon|Agility|p2a: ribbon
|-boost|p2a: ribbon|spe|2
|move|p1a: Great Tusk|Ice Spinner|p2a: ribbon
|-supereffective|p2a: ribbon
|-damage|p2a: ribbon|36/100
|
|upkeep
|turn|3
|
|t:|1779618488
|move|p2a: ribbon|Freezing Glare|p1a: Great Tusk
|-supereffective|p1a: Great Tusk
|-damage|p1a: Great Tusk|0 fnt
|faint|p1a: Great Tusk
|-end|p1a: Great Tusk|Protosynthesis|[silent]
|-damage|p2a: ribbon|26/100|[from] item: Life Orb
|
|upkeep
|
|t:|1779618494
|switch|p1a: Ceruledge|Ceruledge, F|100/100
|turn|4
|
|t:|1779618496
|move|p1a: Ceruledge|Shadow Sneak|p2a: ribbon
|-supereffective|p2a: ribbon
|-damage|p2a: ribbon|0 fnt
|faint|p2a: ribbon
|
|upkeep
|
|t:|1779618500
|switch|p2a: ground hornbill|Zapdos-Galar|100/100
|-damage|p2a: ground hornbill|88/100|[from] Stealth Rock
|turn|5
|
|t:|1779618503
|move|p2a: ground hornbill|Knock Off|p1a: Ceruledge
|-supereffective|p1a: Ceruledge
|-damage|p1a: Ceruledge|13/100
|-ability|p1a: Ceruledge|Weak Armor|boost
|-unboost|p1a: Ceruledge|def|1
|-boost|p1a: Ceruledge|spe|2
|-enditem|p1a: Ceruledge|Weakness Policy
|-boost|p1a: Ceruledge|atk|2|[from] item: Weakness Policy
|-boost|p1a: Ceruledge|spa|2|[from] item: Weakness Policy
|move|p1a: Ceruledge|Poltergeist|p2a: ground hornbill
|-activate|p2a: ground hornbill|move: Poltergeist|Adrenaline Orb
|-damage|p2a: ground hornbill|0 fnt
|faint|p2a: ground hornbill
|
|upkeep
|
|t:|1779618511
|switch|p2a: steel stone|Iron Boulder|100/100
|-damage|p2a: steel stone|88/100|[from] Stealth Rock
|-enditem|p2a: steel stone|Booster Energy
|-activate|p2a: steel stone|ability: Quark Drive|[fromitem]
|-start|p2a: steel stone|quarkdrivespe
|turn|6
|
|t:|1779618516
|-terastallize|p2a: steel stone|Dragon
|move|p2a: steel stone|Mighty Cleave|p1a: Ceruledge
|-supereffective|p1a: Ceruledge
|-damage|p1a: Ceruledge|0 fnt
|faint|p1a: Ceruledge
|
|upkeep
|
|t:|1779618541
|switch|p1a: Ninetales|Ninetales-Alola, M|100/100
|-weather|Snowscape|[from] ability: Snow Warning|[of] p1a: Ninetales
|turn|7
|
|t:|1779618544
|move|p2a: steel stone|Mighty Cleave|p1a: Ninetales
|-supereffective|p1a: Ninetales
|-damage|p1a: Ninetales|4/100
|move|p1a: Ninetales|Aurora Veil|p1a: Ninetales
|-sidestart|p1: Cthuluhoop1738|move: Aurora Veil
|
|-weather|Snowscape|[upkeep]
|upkeep
|turn|8
|
|t:|1779618549
|move|p2a: steel stone|Mighty Cleave|p1a: Ninetales
|-supereffective|p1a: Ninetales
|-damage|p1a: Ninetales|0 fnt
|faint|p1a: Ninetales
|
|-weather|Snowscape|[upkeep]
|upkeep
|
|t:|1779618555
|switch|p1a: Greninja|Greninja, M|100/100
|turn|9
|
|t:|1779618560
|move|p2a: steel stone|Swords Dance|p2a: steel stone
|-boost|p2a: steel stone|atk|2
|move|p1a: Greninja|Ice Beam|p2a: steel stone
|-supereffective|p2a: steel stone
|-damage|p2a: steel stone|30/100
|
|-weather|Snowscape|[upkeep]
|upkeep
|turn|10
|
|t:|1779618565
|move|p2a: steel stone|Mighty Cleave|p1a: Greninja
|-damage|p1a: Greninja|24/100
|move|p1a: Greninja|Ice Beam|p2a: steel stone
|-supereffective|p2a: steel stone
|-damage|p2a: steel stone|0 fnt
|faint|p2a: steel stone
|-end|p2a: steel stone|Quark Drive|[silent]
|-ability|p1a: Greninja|Battle Bond|boost
|-boost|p1a: Greninja|atk|1
|-boost|p1a: Greninja|spa|1
|-boost|p1a: Greninja|spe|1
|-activate|p1a: Greninja|ability: Battle Bond
|
|-weather|Snowscape|[upkeep]
|upkeep
|
|t:|1779618571
|switch|p2a: yurem away|Glastrier|100/100
|turn|11
|
|t:|1779618589
|move|p1a: Greninja|Dark Pulse|p2a: yurem away
|-crit|p2a: yurem away
|-damage|p2a: yurem away|38/100
|move|p2a: yurem away|Close Combat|p1a: Greninja
|-supereffective|p1a: Greninja
|-crit|p1a: Greninja
|-damage|p1a: Greninja|0 fnt
|-unboost|p2a: yurem away|def|1
|-unboost|p2a: yurem away|spd|1
|faint|p1a: Greninja
|-ability|p2a: yurem away|Chilling Neigh|boost
|-boost|p2a: yurem away|atk|1
|
|-weather|none
|upkeep
|
|t:|1779618596
|switch|p1a: Braviary|Braviary, M|100/100
|turn|12
|
|t:|1779618602
|move|p1a: Braviary|Body Slam|p2a: yurem away
|-damage|p2a: yurem away|0 fnt
|faint|p2a: yurem away
|
|upkeep
|
|t:|1779618607
|switch|p2a: Scalivur|Ceruledge, M|100/100
|-damage|p2a: Scalivur|76/100|[from] Stealth Rock
|turn|13
|
|t:|1779618611
|move|p2a: Scalivur|Bitter Blade|p1a: Braviary
|-damage|p1a: Braviary|71/100
|-heal|p2a: Scalivur|93/100|[from] drain|[of] p1a: Braviary
|move|p1a: Braviary|Agility|p1a: Braviary
|-boost|p1a: Braviary|spe|2
|
|upkeep
|turn|14
|
|t:|1779618617
|move|p1a: Braviary|Zen Headbutt|p2a: Scalivur
|-damage|p2a: Scalivur|29/100
|-ability|p2a: Scalivur|Weak Armor|boost
|-unboost|p2a: Scalivur|def|1
|-boost|p2a: Scalivur|spe|2
|move|p2a: Scalivur|Bitter Blade|p1a: Braviary
|-damage|p1a: Braviary|42/100
|-heal|p2a: Scalivur|46/100|[from] drain|[of] p1a: Braviary
|
|-sideend|p1: Cthuluhoop1738|move: Aurora Veil
|upkeep
|turn|15
|
|t:|1779618624
|move|p2a: Scalivur|Bitter Blade|p1a: Braviary
|-damage|p1a: Braviary|0 fnt
|-heal|p2a: Scalivur|70/100|[from] drain|[of] p1a: Braviary
|faint|p1a: Braviary
|
|upkeep
|
|t:|1779618627
|switch|p1a: Sinistcha|Sinistcha-Masterpiece|100/100
|turn|16
|
|t:|1779618636
|-terastallize|p1a: Sinistcha|Water
|move|p2a: Scalivur|Shadow Claw|p1a: Sinistcha
|-damage|p1a: Sinistcha|68/100
|move|p1a: Sinistcha|Scald|p2a: Scalivur
|-supereffective|p2a: Scalivur
|-damage|p2a: Scalivur|0 fnt
|faint|p2a: Scalivur
|
|upkeep
|
|t:|1779618639
|switch|p2a: tin oesophagus|Iron Jugulis|100/100
|-damage|p2a: tin oesophagus|76/100|[from] Stealth Rock
|turn|17
|
|t:|1779618647
|move|p2a: tin oesophagus|Hurricane|p1a: Sinistcha|[miss]
|-miss|p2a: tin oesophagus|p1a: Sinistcha
|-enditem|p2a: tin oesophagus|Blunder Policy
|-boost|p2a: tin oesophagus|spe|2
|move|p1a: Sinistcha|Scald|p2a: tin oesophagus
|-damage|p2a: tin oesophagus|14/100
|
|upkeep
|turn|18
|
|t:|1779618655
|move|p2a: tin oesophagus|Charge Beam|p1a: Sinistcha
|-supereffective|p1a: Sinistcha
|-damage|p1a: Sinistcha|28/100
|-boost|p2a: tin oesophagus|spa|1
|move|p1a: Sinistcha|Scald|p2a: tin oesophagus
|-damage|p2a: tin oesophagus|0 fnt
|faint|p2a: tin oesophagus
|-end|p2a: tin oesophagus|Quark Drive|[silent]
|
|win|Cthuluhoop1738
|raw|Cthuluhoop1738's rating: 1255 &rarr; <strong>1282</strong><br />(+27 for winning)
|raw|holo-lyte's rating: 1279 &rarr; <strong>1252</strong><br />(-27 for losing)
|l|☆holo-lyte
|player|p2|
|l|☆Cthuluhoop1738
|player|p1|
