|j|☆sasfar
|j|☆kitakami kitchen
|t:|1779600695
|gametype|singles
|player|p1|sasfar|red|1618
|player|p2|kitakami kitchen|roxie|1605
|gen|9
|tier|[Gen 9] OU
|rated|
|rule|HP Percentage Mod: HP is shown in percentages
|rule|Endless Battle Clause: Forcing endless battles is banned
|rule|Species Clause: Limit one of each Pokémon
|rule|OHKO Clause: OHKO moves are banned
|rule|Evasion Items Clause: Evasion items are banned
|rule|Evasion Moves Clause: Evasion moves are banned
|rule|Evasion Abilities Clause: Evasion abilities are banned
|rule|Sleep Moves Clause: Sleep-inducing moves are banned
|clearpoke
|poke|p1|Alomomola, M|
|poke|p1|Samurott-Hisui, M|
|poke|p1|Landorus-Therian, M|
|poke|p1|Cinderace, F|
|poke|p1|Iron Valiant|
|poke|p1|Corviknight, F|
|poke|p2|Primarina, F|
|poke|p2|Gliscor, M|
|poke|p2|Slowking-Galar, M|
|poke|p2|Avalugg, F|
|poke|p2|Dragapult, F|
|poke|p2|Kingambit, M|
|teampreview
|inactive|Battle timer is ON: inactive players will automatically lose when time's up. (requested by sasfar)
|
|t:|1779600722
|teamsize|p1|6
|teamsize|p2|6
|start
|switch|p1a: Samurott|Samurott-Hisui, M|100/100
|switch|p2a: Dragapult|Dragapult, F|100/100
|turn|1
|
|t:|1779600737
|switch|p2a: Avalugg|Avalugg, F|100/100
|move|p1a: Samurott|Knock Off|p2a: Avalugg
|-damage|p2a: Avalugg|83/100
|-enditem|p2a: Avalugg|Heavy-Duty Boots|[from] move: Knock Off|[of] p1a: Samurott
|
|upkeep
|turn|2
|
|t:|1779600746
|switch|p1a: Alomomola|Alomomola, M|100/100
|move|p2a: Avalugg|Rapid Spin|p1a: Alomomola
|-damage|p1a: Alomomola|92/100
|-boost|p2a: Avalugg|spe|1
|
|upkeep
|turn|3
|
|t:|1779600762
|switch|p2a: Primarina|Primarina, F|100/100
|move|p1a: Alomomola|Flip Turn|p2a: Primarina
|-resisted|p2a: Primarina
|-damage|p2a: Primarina|89/100
|
|t:|1779600769
|switch|p1a: Cinderace|Cinderace, F|100/100|[from] Flip Turn
|
|upkeep
|turn|4
|
|t:|1779600778
|switch|p2a: Dragapult|Dragapult, F|100/100
|move|p1a: Cinderace|U-turn|p2a: Dragapult
|-start|p1a: Cinderace|typechange|Bug|[from] ability: Libero
|-resisted|p2a: Dragapult
|-damage|p2a: Dragapult|65/100
|
|t:|1779600805
|switch|p1a: Alomomola|Alomomola, M|100/100|[from] U-turn
|
|upkeep
|turn|5
|
|t:|1779600817
|move|p2a: Dragapult|U-turn|p1a: Alomomola
|-crit|p1a: Alomomola
|-damage|p1a: Alomomola|83/100
|
|t:|1779600819
|switch|p2a: Primarina|Primarina, F|89/100|[from] U-turn
|move|p1a: Alomomola|Scald|p2a: Primarina
|-resisted|p2a: Primarina
|-damage|p2a: Primarina|85/100
|-status|p2a: Primarina|brn
|
|-damage|p2a: Primarina|79/100 brn|[from] brn
|upkeep
|turn|6
|
|t:|1779600829
|move|p2a: Primarina|Moonblast|p1a: Alomomola
|-damage|p1a: Alomomola|57/100
|-unboost|p1a: Alomomola|spa|1
|move|p1a: Alomomola|Mirror Coat|p2a: Primarina
|-damage|p2a: Primarina|0 fnt
|faint|p2a: Primarina
|
|upkeep
|
|t:|1779600834
|switch|p2a: Gliscor|Gliscor, M|100/100
|turn|7
|
|t:|1779600837
|switch|p1a: Corviknight|Corviknight, F|100/100
|-ability|p1a: Corviknight|Pressure
|move|p2a: Gliscor|Spikes|p1a: Corviknight
|-sidestart|p1: sasfar|Spikes
|
|-status|p2a: Gliscor|tox|[from] item: Toxic Orb
|upkeep
|turn|8
|
|t:|1779600841
|move|p2a: Gliscor|Knock Off|p1a: Corviknight
|-damage|p1a: Corviknight|87/100
|-damage|p2a: Gliscor|84/100 tox|[from] item: Rocky Helmet|[of] p1a: Corviknight
|-enditem|p1a: Corviknight|Rocky Helmet|[from] move: Knock Off|[of] p2a: Gliscor
|move|p1a: Corviknight|Defog|p2a: Gliscor
|-unboost|p2a: Gliscor|evasion|1
|-sideend|p1: sasfar|Spikes|[from] move: Defog|[of] p1a: Corviknight
|
|-heal|p2a: Gliscor|97/100 tox|[from] ability: Poison Heal
|upkeep
|turn|9
|
|t:|1779600845
|move|p2a: Gliscor|Spikes|p1a: Corviknight
|-sidestart|p1: sasfar|Spikes
|move|p1a: Corviknight|Brave Bird|p2a: Gliscor
|-crit|p2a: Gliscor
|-damage|p2a: Gliscor|52/100 tox
|-damage|p1a: Corviknight|75/100|[from] Recoil
|
|-heal|p2a: Gliscor|65/100 tox|[from] ability: Poison Heal
|upkeep
|turn|10
|
|t:|1779600858
|move|p2a: Gliscor|Protect|p2a: Gliscor
|-singleturn|p2a: Gliscor|Protect
|move|p1a: Corviknight|Defog|p2a: Gliscor
|-activate|p2a: Gliscor|move: Protect
|
|-heal|p2a: Gliscor|77/100 tox|[from] ability: Poison Heal
|upkeep
|turn|11
|
|t:|1779600864
|switch|p2a: Dragapult|Dragapult, F|65/100
|move|p1a: Corviknight|Defog|p2a: Dragapult
|-unboost|p2a: Dragapult|evasion|1
|-sideend|p1: sasfar|Spikes|[from] move: Defog|[of] p1a: Corviknight
|
|upkeep
|turn|12
|
|t:|1779600871
|switch|p1a: Alomomola|Alomomola, M|90/100
|move|p2a: Dragapult|U-turn|p1a: Alomomola
|-damage|p1a: Alomomola|79/100
|
|t:|1779600875
|switch|p2a: Gliscor|Gliscor, M|77/100 tox|[from] U-turn
|
|-heal|p2a: Gliscor|90/100 tox|[from] ability: Poison Heal
|upkeep
|turn|13
|
|t:|1779600878
|switch|p1a: Corviknight|Corviknight, F|75/100
|-ability|p1a: Corviknight|Pressure
|move|p2a: Gliscor|Spikes|p1a: Corviknight
|-sidestart|p1: sasfar|Spikes
|
|-heal|p2a: Gliscor|100/100 tox|[from] ability: Poison Heal
|upkeep
|turn|14
|
|t:|1779600881
|move|p2a: Gliscor|Knock Off|p1a: Corviknight
|-damage|p1a: Corviknight|66/100
|move|p1a: Corviknight|Defog|p2a: Gliscor
|-unboost|p2a: Gliscor|evasion|1
|-sideend|p1: sasfar|Spikes|[from] move: Defog|[of] p1a: Corviknight
|
|upkeep
|turn|15
|
|t:|1779600884
|move|p2a: Gliscor|Spikes|p1a: Corviknight
|-sidestart|p1: sasfar|Spikes
|move|p1a: Corviknight|U-turn|p2a: Gliscor
|-resisted|p2a: Gliscor
|-damage|p2a: Gliscor|95/100 tox
|
|t:|1779600899
|switch|p1a: Landorus|Landorus-Therian, M|100/100|[from] U-turn
|-ability|p1a: Landorus|Intimidate|boost
|-unboost|p2a: Gliscor|atk|1
|
|-heal|p2a: Gliscor|100/100 tox|[from] ability: Poison Heal
|upkeep
|turn|16
|
|t:|1779600904
|switch|p1a: Corviknight|Corviknight, F|66/100
|-ability|p1a: Corviknight|Pressure
|move|p2a: Gliscor|Knock Off|p1a: Corviknight
|-damage|p1a: Corviknight|60/100
|
|upkeep
|turn|17
|
|t:|1779600912
|switch|p2a: Dragapult|Dragapult, F|65/100
|move|p1a: Corviknight|Defog|p2a: Dragapult
|-unboost|p2a: Dragapult|evasion|1
|-sideend|p1: sasfar|Spikes|[from] move: Defog|[of] p1a: Corviknight
|
|upkeep
|turn|18
|
|t:|1779600919
|move|p2a: Dragapult|Flamethrower|p1a: Corviknight
|-supereffective|p1a: Corviknight
|-damage|p1a: Corviknight|0 fnt
|faint|p1a: Corviknight
|
|upkeep
|
|t:|1779600928
|switch|p1a: Samurott|Samurott-Hisui, M|100/100
|turn|19
|
|t:|1779600931
|switch|p2a: Avalugg|Avalugg, F|83/100
|move|p1a: Samurott|Ceaseless Edge|p2a: Avalugg
|-damage|p2a: Avalugg|64/100
|-sidestart|p2: kitakami kitchen|Spikes
|
|upkeep
|turn|20
|
|t:|1779600941
|-terastallize|p1a: Samurott|Ghost
|move|p1a: Samurott|Ceaseless Edge|p2a: Avalugg
|-damage|p2a: Avalugg|45/100
|-sidestart|p2: kitakami kitchen|Spikes
|move|p2a: Avalugg|Rapid Spin|p1a: Samurott
|-immune|p1a: Samurott
|
|upkeep
|turn|21
|
|t:|1779600945
|move|p1a: Samurott|Encore|p2a: Avalugg
|-start|p2a: Avalugg|Encore
|move|p2a: Avalugg|Rapid Spin|p1a: Samurott
|-immune|p1a: Samurott
|
|upkeep
|turn|22
|j| crust king kahn
|
|t:|1779600968
|move|p1a: Samurott|Ceaseless Edge|p2a: Avalugg
|-damage|p2a: Avalugg|28/100
|-sidestart|p2: kitakami kitchen|Spikes
|move|p2a: Avalugg|Rapid Spin|p1a: Samurott
|-immune|p1a: Samurott
|
|upkeep
|turn|23
|
|t:|1779600977
|move|p1a: Samurott|Knock Off|p2a: Avalugg
|-damage|p2a: Avalugg|16/100
|move|p2a: Avalugg|Rapid Spin|p1a: Samurott
|-immune|p1a: Samurott
|
|-end|p2a: Avalugg|Encore
|upkeep
|turn|24
|
|t:|1779600988
|switch|p2a: Gliscor|Gliscor, M|100/100 tox
|move|p1a: Samurott|Ceaseless Edge|p2a: Gliscor
|-damage|p2a: Gliscor|66/100 tox
|
|-heal|p2a: Gliscor|79/100 tox|[from] ability: Poison Heal
|upkeep
|turn|25
|
|t:|1779601017
|switch|p1a: Iron Valiant|Iron Valiant|100/100
|-enditem|p1a: Iron Valiant|Booster Energy
|-activate|p1a: Iron Valiant|ability: Quark Drive|[fromitem]
|-start|p1a: Iron Valiant|quarkdrivespe
|move|p2a: Gliscor|Spikes|p1a: Iron Valiant
|-sidestart|p1: sasfar|Spikes
|
|-heal|p2a: Gliscor|91/100 tox|[from] ability: Poison Heal
|upkeep
|turn|26
|
|t:|1779601023
|move|p1a: Iron Valiant|Calm Mind|p1a: Iron Valiant
|-boost|p1a: Iron Valiant|spa|1
|-boost|p1a: Iron Valiant|spd|1
|move|p2a: Gliscor|Earthquake|p1a: Iron Valiant
|-crit|p1a: Iron Valiant
|-damage|p1a: Iron Valiant|42/100
|
|-heal|p2a: Gliscor|100/100 tox|[from] ability: Poison Heal
|upkeep
|turn|27
|c|☆sasfar|ok
|
|t:|1779601039
|move|p1a: Iron Valiant|Moonblast|p2a: Gliscor
|-damage|p2a: Gliscor|43/100 tox
|-unboost|p2a: Gliscor|spa|1
|move|p2a: Gliscor|Earthquake|p1a: Iron Valiant
|-damage|p1a: Iron Valiant|0 fnt
|faint|p1a: Iron Valiant
|-end|p1a: Iron Valiant|Quark Drive|[silent]
|
|-heal|p2a: Gliscor|56/100 tox|[from] ability: Poison Heal
|upkeep
|
|t:|1779601048
|switch|p1a: Landorus|Landorus-Therian, M|100/100
|-ability|p1a: Landorus|Intimidate|boost
|-unboost|p2a: Gliscor|atk|1
|turn|28
|
|t:|1779601054
|move|p2a: Gliscor|Knock Off|p1a: Landorus
|-damage|p1a: Landorus|87/100
|-enditem|p1a: Landorus|Soft Sand|[from] move: Knock Off|[of] p2a: Gliscor
|move|p1a: Landorus|Smack Down|p2a: Gliscor
|-damage|p2a: Gliscor|43/100 tox
|-start|p2a: Gliscor|Smack Down
|
|-heal|p2a: Gliscor|55/100 tox|[from] ability: Poison Heal
|upkeep
|turn|29
|
|t:|1779601061
|move|p2a: Gliscor|Protect|p2a: Gliscor
|-singleturn|p2a: Gliscor|Protect
|move|p1a: Landorus|Stealth Rock|p2a: Gliscor
|-sidestart|p2: kitakami kitchen|move: Stealth Rock
|
|-heal|p2a: Gliscor|68/100 tox|[from] ability: Poison Heal
|upkeep
|turn|30
|
|t:|1779601067
|switch|p2a: Avalugg|Avalugg, F|16/100
|-damage|p2a: Avalugg|0 fnt|[from] Spikes
|faint|p2a: Avalugg
|move|p1a: Landorus|Earthquake|p2: Avalugg|[notarget]
|-fail|p1a: Landorus
|
|upkeep
|
|t:|1779601074
|switch|p2a: Dragapult|Dragapult, F|65/100
|-damage|p2a: Dragapult|41/100|[from] Spikes
|-damage|p2a: Dragapult|28/100|[from] Stealth Rock
|turn|31
|
|t:|1779601078
|switch|p1a: Alomomola|Alomomola, M|100/100
|-damage|p1a: Alomomola|88/100|[from] Spikes
|move|p2a: Dragapult|Draco Meteor|p1a: Alomomola
|-damage|p1a: Alomomola|45/100
|-unboost|p2a: Dragapult|spa|2
|
|upkeep
|turn|32
|
|t:|1779601080
|move|p2a: Dragapult|Draco Meteor|p1a: Alomomola
|-damage|p1a: Alomomola|20/100
|-unboost|p2a: Dragapult|spa|2
|move|p1a: Alomomola|Flip Turn|p2a: Dragapult
|-resisted|p2a: Dragapult
|-damage|p2a: Dragapult|17/100
|
|t:|1779601083
|switch|p1a: Landorus|Landorus-Therian, M|87/100|[from] Flip Turn
|-ability|p1a: Landorus|Intimidate|boost
|-unboost|p2a: Dragapult|atk|1
|
|upkeep
|turn|33
|
|t:|1779601086
|switch|p1a: Alomomola|Alomomola, M|54/100
|-damage|p1a: Alomomola|41/100|[from] Spikes
|move|p2a: Dragapult|Draco Meteor|p1a: Alomomola|[miss]
|-miss|p2a: Dragapult|p1a: Alomomola
|
|upkeep
|turn|34
|
|t:|1779601093
|move|p2a: Dragapult|Draco Meteor|p1a: Alomomola
|-damage|p1a: Alomomola|26/100
|-unboost|p2a: Dragapult|spa|2
|move|p1a: Alomomola|Flip Turn|p2a: Dragapult
|-resisted|p2a: Dragapult
|-damage|p2a: Dragapult|6/100
|
|t:|1779601095
|switch|p1a: Landorus|Landorus-Therian, M|87/100|[from] Flip Turn
|-ability|p1a: Landorus|Intimidate|boost
|-unboost|p2a: Dragapult|atk|1
|
|upkeep
|turn|35
|
|t:|1779601097
|switch|p1a: Alomomola|Alomomola, M|59/100
|-damage|p1a: Alomomola|47/100|[from] Spikes
|move|p2a: Dragapult|Draco Meteor|p1a: Alomomola
|-damage|p1a: Alomomola|37/100
|
|upkeep
|turn|36
|
|t:|1779601099
|switch|p1a: Landorus|Landorus-Therian, M|87/100
|-ability|p1a: Landorus|Intimidate|boost
|-unboost|p2a: Dragapult|atk|1
|move|p2a: Dragapult|Draco Meteor|p1a: Landorus
|-damage|p1a: Landorus|72/100
|
|upkeep
|turn|37
|
|t:|1779601101
|switch|p1a: Alomomola|Alomomola, M|70/100
|-damage|p1a: Alomomola|58/100|[from] Spikes
|move|p2a: Dragapult|Draco Meteor|p1a: Alomomola
|-damage|p1a: Alomomola|47/100
|
|upkeep
|turn|38
|
|t:|1779601103
|switch|p1a: Landorus|Landorus-Therian, M|72/100
|-ability|p1a: Landorus|Intimidate|boost
|-unboost|p2a: Dragapult|atk|1
|move|p2a: Dragapult|Draco Meteor|p1a: Landorus
|-damage|p1a: Landorus|56/100
|
|upkeep
|turn|39
|
|t:|1779601106
|-activate|p2a: Dragapult|move: Struggle
|move|p2a: Dragapult|Struggle|p1a: Landorus
|-damage|p1a: Landorus|52/100
|-damage|p2a: Dragapult|0 fnt|[from] recoil
|faint|p2a: Dragapult
|move|p1a: Landorus|Smack Down|p2: Dragapult|[notarget]
|-fail|p1a: Landorus
|
|upkeep
|
|t:|1779601112
|switch|p2a: Gliscor|Gliscor, M|68/100 tox
|-damage|p2a: Gliscor|55/100 tox|[from] Stealth Rock
|turn|40
|
|t:|1779601128
|switch|p1a: Alomomola|Alomomola, M|80/100
|-damage|p1a: Alomomola|68/100|[from] Spikes
|move|p2a: Gliscor|Protect||[still]
|-fail|p2a: Gliscor
|
|-heal|p2a: Gliscor|68/100 tox|[from] ability: Poison Heal
|upkeep
|turn|41
|
|t:|1779601132
|move|p2a: Gliscor|Spikes|p1a: Alomomola
|-sidestart|p1: sasfar|Spikes
|move|p1a: Alomomola|Scald|p2a: Gliscor
|-supereffective|p2a: Gliscor
|-damage|p2a: Gliscor|45/100 tox
|
|-heal|p2a: Gliscor|58/100 tox|[from] ability: Poison Heal
|upkeep
|turn|42
|
|t:|1779601135
|move|p2a: Gliscor|Knock Off|p1a: Alomomola
|-damage|p1a: Alomomola|53/100
|-enditem|p1a: Alomomola|Assault Vest|[from] move: Knock Off|[of] p2a: Gliscor
|move|p1a: Alomomola|Scald|p2a: Gliscor
|-supereffective|p2a: Gliscor
|-damage|p2a: Gliscor|35/100 tox
|
|-heal|p2a: Gliscor|47/100 tox|[from] ability: Poison Heal
|upkeep
|turn|43
|
|t:|1779601137
|move|p2a: Gliscor|Spikes|p1a: Alomomola
|-sidestart|p1: sasfar|Spikes
|move|p1a: Alomomola|Flip Turn|p2a: Gliscor
|-supereffective|p2a: Gliscor
|-damage|p2a: Gliscor|20/100 tox
|
|t:|1779601154
|switch|p1a: Samurott|Samurott-Hisui, M, tera:Ghost|100/100|[from] Flip Turn
|
|-heal|p2a: Gliscor|33/100 tox|[from] ability: Poison Heal
|upkeep
|turn|44
|
|t:|1779601160
|move|p2a: Gliscor|Protect|p2a: Gliscor
|-singleturn|p2a: Gliscor|Protect
|move|p1a: Samurott|Knock Off|p2a: Gliscor
|-activate|p2a: Gliscor|move: Protect
|
|-heal|p2a: Gliscor|45/100 tox|[from] ability: Poison Heal
|upkeep
|turn|45
|
|t:|1779601169
|switch|p2a: Slowking|Slowking-Galar, M|100/100
|move|p1a: Samurott|Knock Off|p2a: Slowking
|-supereffective|p2a: Slowking
|-damage|p2a: Slowking|12/100
|-enditem|p2a: Slowking|Heavy-Duty Boots|[from] move: Knock Off|[of] p1a: Samurott
|
|upkeep
|turn|46
|
|t:|1779601177
|move|p1a: Samurott|Knock Off|p2a: Slowking
|-supereffective|p2a: Slowking
|-damage|p2a: Slowking|0 fnt
|faint|p2a: Slowking
|
|upkeep
|
|t:|1779601184
|switch|p2a: Gliscor|Gliscor, M|45/100 tox
|-damage|p2a: Gliscor|33/100 tox|[from] Stealth Rock
|turn|47
|
|t:|1779601188
|move|p1a: Samurott|Knock Off|p2a: Gliscor
|-damage|p2a: Gliscor|0 fnt
|-enditem|p2a: Gliscor|Toxic Orb|[from] move: Knock Off|[of] p1a: Samurott
|faint|p2a: Gliscor
|
|upkeep
|
|t:|1779601190
|switch|p2a: Kingambit|Kingambit, M|100/100
|-damage|p2a: Kingambit|76/100|[from] Spikes
|-damage|p2a: Kingambit|69/100|[from] Stealth Rock
|-activate|p2a: Kingambit|ability: Supreme Overlord
|-start|p2a: Kingambit|fallen5|[silent]
|turn|48
|
|t:|1779601198
|switch|p1a: Landorus|Landorus-Therian, M|52/100
|-ability|p1a: Landorus|Intimidate|boost
|-unboost|p2a: Kingambit|atk|1
|move|p2a: Kingambit|Kowtow Cleave|p1a: Landorus
|-damage|p1a: Landorus|0 fnt
|faint|p1a: Landorus
|
|-heal|p2a: Kingambit|76/100|[from] item: Leftovers
|upkeep
|
|t:|1779601205
|switch|p1a: Samurott|Samurott-Hisui, M, tera:Ghost|100/100
|turn|49
|
|t:|1779601214
|move|p1a: Samurott|Sacred Sword|p2a: Kingambit
|-supereffective|p2a: Kingambit
|-damage|p2a: Kingambit|0 fnt
|faint|p2a: Kingambit
|-end|p2a: Kingambit|fallen5|[silent]
|
|win|sasfar
|raw|sasfar's rating: 1618 &rarr; <strong>1637</strong><br />(+19 for winning)
|raw|kitakami kitchen's rating: 1605 &rarr; <strong>1586</strong><br />(-19 for losing)
|l|☆sasfar
|player|p1|
|l|☆kitakami kitchen
|player|p2|
|l| crust king kahn
