|j|☆party girl 2004
|j|☆fuckyacouch
|t:|1779558096
|gametype|singles
|player|p1|party girl 2004|lass-gen4dp|1340
|player|p2|fuckyacouch|1|1342
|gen|9
|tier|[Gen 9] OU
|rated|
|rule|HP Percentage Mod: HP is shown in percentages
|rule|Endless Battle Clause: Forcing endless battles is banned
|rule|Species Clause: Limit one of each Pokémon
|rule|OHKO Clause: OHKO moves are banned
|rule|Evasion Items Clause: Evasion items are banned
|rule|Evasion Moves Clause: Evasion moves are banned
|rule|Evasion Abilities Clause: Evasion abilities are banned
|rule|Sleep Moves Clause: Sleep-inducing moves are banned
|clearpoke
|poke|p1|Mew|
|poke|p1|Emboar, F|
|poke|p1|Serperior, M|
|poke|p1|Enamorus, F|
|poke|p1|Hoopa-Unbound|
|poke|p1|Dragonite, M|
|poke|p2|Darkrai|
|poke|p2|Enamorus, F|
|poke|p2|Ogerpon-Wellspring, F|
|poke|p2|Iron Moth|
|poke|p2|Dondozo, M|
|poke|p2|Scizor, F|
|teampreview
|inactive|Battle timer is ON: inactive players will automatically lose when time's up. (requested by party girl 2004)
|
|t:|1779558100
|teamsize|p1|6
|teamsize|p2|6
|start
|switch|p1a: 1111|Mew, shiny|100/100
|switch|p2a: Enamorus|Enamorus, F|100/100
|turn|1
|c|☆fuckyacouch|sad that they nerfed enamorus
|
|t:|1779558114
|move|p2a: Enamorus|Moonblast|p1a: 1111
|-damage|p1a: 1111|40/100
|move|p1a: 1111|Tailwind|p1a: 1111
|-sidestart|p1: party girl 2004|move: Tailwind
|
|upkeep
|turn|2
|c|☆fuckyacouch|:(
|
|t:|1779558119
|move|p1a: 1111|Spikes|p2a: Enamorus
|-sidestart|p2: fuckyacouch|Spikes
|move|p2a: Enamorus|Moonblast|p1a: 1111
|-damage|p1a: 1111|0 fnt
|faint|p1a: 1111
|
|upkeep
|
|t:|1779558129
|switch|p1a: 5555|Hoopa-Unbound|100/100
|turn|3
|
|t:|1779558136
|move|p1a: 5555|Zen Headbutt|p2a: Enamorus
|-damage|p2a: Enamorus|0 fnt
|faint|p2a: Enamorus
|-damage|p1a: 5555|91/100|[from] item: Life Orb
|
|upkeep
|
|t:|1779558150
|switch|p2a: Scizor|Scizor, F|100/100
|-damage|p2a: Scizor|88/100|[from] Spikes
|turn|4
|
|t:|1779558158
|move|p1a: 5555|Hyperspace Fury|p2a: Scizor
|-damage|p2a: Scizor|7/100
|-unboost|p1a: 5555|def|1
|-damage|p1a: 5555|81/100|[from] item: Life Orb
|move|p2a: Scizor|Swords Dance|p2a: Scizor
|-boost|p2a: Scizor|atk|2
|
|-sideend|p1: party girl 2004|move: Tailwind
|upkeep
|turn|5
|
|t:|1779558173
|move|p2a: Scizor|Bullet Punch|p1a: 5555
|-damage|p1a: 5555|0 fnt
|faint|p1a: 5555
|-damage|p2a: Scizor|0 fnt|[from] item: Life Orb
|faint|p2a: Scizor
|
|upkeep
|c|☆fuckyacouch|!data hoopa unbound
|c|☆fuckyacouch|/raw <div class="message"><ul class="utilichart"><li class="result"><span class="col numcol">UUBL</span> <span class="col iconcol"><psicon pokemon="hoopaunbound"/></span> <span class="col pokemonnamecol" style="white-space:nowrap"><a href="https://dex.pokemonshowdown.com/pokemon/hoopaunbound" target="_blank">Hoopa-Unbound</a></span> <span class="col typecol"><img src="https://play.pokemonshowdown.com/sprites/types/Psychic.png" alt="Psychic" height="14" width="32"><img src="https://play.pokemonshowdown.com/sprites/types/Dark.png" alt="Dark" height="14" width="32"></span> <span style="float:left;min-height:26px"><span class="col abilitycol">Magician</span><span class="col abilitycol"></span></span><span style="float:left;min-height:26px"><span class="col statcol"><em>HP</em><br />80</span> <span class="col statcol"><em>Atk</em><br />160</span> <span class="col statcol"><em>Def</em><br />60</span> <span class="col statcol"><em>SpA</em><br />170</span> <span class="col statcol"><em>SpD</em><br />130</span> <span class="col statcol"><em>Spe</em><br />80</span> <span class="col bstcol"><em>BST<br />680</em></span> </span></li><li style="clear:both"></li></ul></div>

|
|t:|1779558196
|switch|p1a: 3333|Serperior, M, shiny|100/100
|switch|p2a: Darkrai|Darkrai|100/100
|-damage|p2a: Darkrai|88/100|[from] Spikes
|turn|6
|c|☆fuckyacouch|how was he faster
|c|☆fuckyacouch|!data enamourus
'enamourus' has no exact match. Approximate match:
|c|☆fuckyacouch|/raw <div class="message"><ul class="utilichart"><li class="result"><span class="col numcol">OU</span> <span class="col iconcol"><psicon pokemon="enamorus"/></span> <span class="col pokemonnamecol" style="white-space:nowrap"><a href="https://dex.pokemonshowdown.com/pokemon/enamorus" target="_blank">Enamorus</a></span> <span class="col typecol"><img src="https://play.pokemonshowdown.com/sprites/types/Fairy.png" alt="Fairy" height="14" width="32"><img src="https://play.pokemonshowdown.com/sprites/types/Flying.png" alt="Flying" height="14" width="32"></span> <span style="float:left;min-height:26px"><span class="col abilitycol">Cute Charm</span><span class="col abilitycol"><em>Contrary</em></span></span><span style="float:left;min-height:26px"><span class="col statcol"><em>HP</em><br />74</span> <span class="col statcol"><em>Atk</em><br />115</span> <span class="col statcol"><em>Def</em><br />70</span> <span class="col statcol"><em>SpA</em><br />135</span> <span class="col statcol"><em>SpD</em><br />80</span> <span class="col statcol"><em>Spe</em><br />106</span> <span class="col bstcol"><em>BST<br />580</em></span> </span></li><li style="clear:both"></li></ul></div>

|inactive|fuckyacouch has 120 seconds left.
|
|t:|1779558212
|move|p2a: Darkrai|Ice Beam|p1a: 3333
|-supereffective|p1a: 3333
|-damage|p1a: 3333|17/100
|move|p1a: 3333|Glare|p2a: Darkrai
|-status|p2a: Darkrai|par
|
|upkeep
|turn|7
|
|t:|1779558223
|move|p1a: 3333|Leaf Storm|p2a: Darkrai
|-damage|p2a: Darkrai|22/100 par
|-boost|p1a: 3333|spa|2
|move|p2a: Darkrai|Ice Beam|p1a: 3333
|-supereffective|p1a: 3333
|-damage|p1a: 3333|0 fnt
|faint|p1a: 3333
|
|upkeep
|
|t:|1779558234
|switch|p1a: 2222|Emboar, F, shiny|100/100
|turn|8
|
|t:|1779558244
|switch|p2a: Dondozo|Dondozo, M|100/100
|-damage|p2a: Dondozo|88/100|[from] Spikes
|move|p1a: 2222|Flare Blitz|p2a: Dondozo
|-resisted|p2a: Dondozo
|-damage|p2a: Dondozo|67/100
|-damage|p1a: 2222|84/100|[from] item: Rocky Helmet|[of] p2a: Dondozo
|-damage|p1a: 2222|74/100|[from] Recoil
|-damage|p1a: 2222|64/100|[from] item: Life Orb
|
|upkeep
|turn|9
|
|t:|1779558257
|switch|p1a: 4444|Enamorus, F|100/100
|move|p2a: Dondozo|Wave Crash|p1a: 4444
|-damage|p1a: 4444|30/100
|-damage|p2a: Dondozo|53/100|[from] Recoil
|
|upkeep
|turn|10
|
|t:|1779558264
|switch|p2a: Iron Moth|Iron Moth, shiny|100/100
|-damage|p2a: Iron Moth|88/100|[from] Spikes
|-enditem|p2a: Iron Moth|Booster Energy
|-activate|p2a: Iron Moth|ability: Quark Drive|[fromitem]
|-start|p2a: Iron Moth|quarkdrivespa
|-terastallize|p1a: 4444|Fairy
|move|p1a: 4444|Moonblast|p2a: Iron Moth
|-resisted|p2a: Iron Moth
|-damage|p2a: Iron Moth|71/100
|
|upkeep
|turn|11
|
|t:|1779558274
|move|p1a: 4444|Tailwind|p1a: 4444
|-sidestart|p1: party girl 2004|move: Tailwind
|move|p2a: Iron Moth|Agility|p2a: Iron Moth
|-boost|p2a: Iron Moth|spe|2
|
|upkeep
|turn|12
|
|t:|1779558282
|move|p1a: 4444|Earth Power|p2a: Iron Moth
|-supereffective|p2a: Iron Moth
|-damage|p2a: Iron Moth|0 fnt
|faint|p2a: Iron Moth
|-end|p2a: Iron Moth|Quark Drive|[silent]
|
|upkeep
|
|t:|1779558289
|switch|p2a: Darkrai|Darkrai|22/100 par
|-damage|p2a: Darkrai|9/100 par|[from] Spikes
|turn|13
|
|t:|1779558296
|move|p1a: 4444|Earth Power|p2a: Darkrai
|-damage|p2a: Darkrai|0 fnt
|faint|p2a: Darkrai
|
|upkeep
|
|t:|1779558302
|switch|p2a: Ogerpon|Ogerpon-Wellspring, F|100/100
|-damage|p2a: Ogerpon|88/100|[from] Spikes
|turn|14
|
|t:|1779558312
|-terastallize|p2a: Ogerpon|Water
|detailschange|p2a: Ogerpon|Ogerpon-Wellspring-Tera, F, tera:Water
|-ability|p2a: Ogerpon|Embody Aspect (Wellspring)|boost
|-boost|p2a: Ogerpon|spd|1
|move|p1a: 4444|Moonblast|p2a: Ogerpon
|-damage|p2a: Ogerpon|36/100
|move|p2a: Ogerpon|Ivy Cudgel|p1a: 4444|[anim] Ivy Cudgel Water
|-crit|p1a: 4444
|-damage|p1a: 4444|0 fnt
|faint|p1a: 4444
|
|-sideend|p1: party girl 2004|move: Tailwind
|upkeep
|
|t:|1779558318
|switch|p1a: 6666|Dragonite, M, shiny|100/100
|turn|15
|
|t:|1779558326
|move|p2a: Ogerpon|Encore||[still]
|-fail|p2a: Ogerpon
|move|p1a: 6666|Dragon Dance|p1a: 6666
|-boost|p1a: 6666|atk|1
|-boost|p1a: 6666|spe|1
|
|upkeep
|turn|16
|
|t:|1779558331
|switch|p1a: 2222|Emboar, F, shiny|64/100
|move|p2a: Ogerpon|Encore||[still]
|-fail|p2a: Ogerpon
|
|upkeep
|turn|17
|
|t:|1779558339
|move|p1a: 2222|Sucker Punch|p2a: Ogerpon
|-damage|p2a: Ogerpon|0 fnt
|faint|p2a: Ogerpon
|detailschange|p2: Ogerpon|Ogerpon-Wellspring, F|[silent]
|-damage|p1a: 2222|54/100|[from] item: Life Orb
|
|upkeep
|
|t:|1779558344
|switch|p2a: Dondozo|Dondozo, M|53/100
|-damage|p2a: Dondozo|41/100|[from] Spikes
|turn|18
|
|t:|1779558348
|move|p1a: 2222|Superpower|p2a: Dondozo
|-damage|p2a: Dondozo|5/100
|-unboost|p1a: 2222|atk|1
|-unboost|p1a: 2222|def|1
|-damage|p1a: 2222|38/100|[from] item: Rocky Helmet|[of] p2a: Dondozo
|-damage|p1a: 2222|28/100|[from] item: Life Orb
|move|p2a: Dondozo|Rest|p2a: Dondozo
|-status|p2a: Dondozo|slp|[from] move: Rest
|-heal|p2a: Dondozo|100/100 slp|[silent]
|
|upkeep
|turn|19
|
|t:|1779558359
|switch|p1a: 6666|Dragonite, M, shiny|100/100
|cant|p2a: Dondozo|slp
|move|p2a: Dondozo|Sleep Talk|p2a: Dondozo
|move|p2a: Dondozo|Curse|p2a: Dondozo|[from] move: Sleep Talk
|-unboost|p2a: Dondozo|spe|1
|-boost|p2a: Dondozo|atk|1
|-boost|p2a: Dondozo|def|1
|
|upkeep
|turn|20
|
|t:|1779558369
|move|p1a: 6666|Dragon Dance|p1a: 6666
|-boost|p1a: 6666|atk|1
|-boost|p1a: 6666|spe|1
|cant|p2a: Dondozo|slp
|move|p2a: Dondozo|Sleep Talk|p2a: Dondozo
|move|p2a: Dondozo|Curse|p2a: Dondozo|[from] move: Sleep Talk
|-unboost|p2a: Dondozo|spe|1
|-boost|p2a: Dondozo|atk|1
|-boost|p2a: Dondozo|def|1
|
|upkeep
|turn|21
|c|☆fuckyacouch|gg
|
|t:|1779558378
|move|p1a: 6666|Fire Punch|p2a: Dondozo
|-resisted|p2a: Dondozo
|-damage|p2a: Dondozo|97/100 slp
|-damage|p1a: 6666|84/100|[from] item: Rocky Helmet|[of] p2a: Dondozo
|-curestatus|p2a: Dondozo|slp|[msg]
|move|p2a: Dondozo|Wave Crash|p1a: 6666
|-resisted|p1a: 6666
|-damage|p1a: 6666|41/100
|-damage|p2a: Dondozo|88/100|[from] Recoil
|
|upkeep
|turn|22
|
|t:|1779558389
|move|p1a: 6666|Roost|p1a: 6666
|-heal|p1a: 6666|91/100
|-singleturn|p1a: 6666|move: Roost
|move|p2a: Dondozo|Wave Crash|p1a: 6666
|-resisted|p1a: 6666
|-damage|p1a: 6666|43/100
|-damage|p2a: Dondozo|77/100|[from] Recoil
|
|upkeep
|turn|23
|
|t:|1779558397
|move|p1a: 6666|Roost|p1a: 6666
|-heal|p1a: 6666|93/100
|-singleturn|p1a: 6666|move: Roost
|move|p2a: Dondozo|Curse|p2a: Dondozo
|-unboost|p2a: Dondozo|spe|1
|-boost|p2a: Dondozo|atk|1
|-boost|p2a: Dondozo|def|1
|
|upkeep
|turn|24
|
|t:|1779558406
|move|p1a: 6666|Roost|p1a: 6666
|-heal|p1a: 6666|100/100
|-singleturn|p1a: 6666|move: Roost
|move|p2a: Dondozo|Curse|p2a: Dondozo
|-unboost|p2a: Dondozo|spe|1
|-boost|p2a: Dondozo|atk|1
|-boost|p2a: Dondozo|def|1
|
|upkeep
|turn|25
|-message|party girl 2004 forfeited.
|
|win|fuckyacouch
|raw|party girl 2004's rating: 1340 &rarr; <strong>1320</strong><br />(-20 for losing)
|raw|fuckyacouch's rating: 1342 &rarr; <strong>1362</strong><br />(+20 for winning)
|l|☆party girl 2004
|player|p1|
|l|☆fuckyacouch
|player|p2|
