|inactive|Battle timer is ON: inactive players will automatically lose when time's up.
|t:|1779567718
|gametype|singles
|player|p1|black thunderbolt|#fcl13snowbirds|
|player|p2|THE PDC SHOW|#splxviicryonicles2|
|gen|9
|tier|[Gen 9] OU
|rule|HP Percentage Mod: HP is shown in percentages
|rule|Endless Battle Clause: Forcing endless battles is banned
|rule|Species Clause: Limit one of each Pokémon
|rule|OHKO Clause: OHKO moves are banned
|rule|Evasion Items Clause: Evasion items are banned
|rule|Evasion Moves Clause: Evasion moves are banned
|rule|Evasion Abilities Clause: Evasion abilities are banned
|rule|Sleep Moves Clause: Sleep-inducing moves are banned
|clearpoke
|poke|p1|Ogerpon-Wellspring, F|
|poke|p1|Darkrai|
|poke|p1|Garganacl, F|
|poke|p1|Zapdos|
|poke|p1|Great Tusk|
|poke|p1|Kingambit, F|
|poke|p2|Ting-Lu|
|poke|p2|Heatran, M|
|poke|p2|Dragonite, F|
|poke|p2|Dragapult, M|
|poke|p2|Rillaboom, F|
|poke|p2|Slowking-Galar, M|
|teampreview
|c|☆THE PDC SHOW|gl hf
|c|☆black thunderbolt|u2
|inactive|black thunderbolt has 270 seconds left.
|inactive|THE PDC SHOW has 270 seconds left.
|
|t:|1779567768
|teamsize|p1|6
|teamsize|p2|6
|start
|switch|p1a: Garganacl|Garganacl, F|100/100
|switch|p2a: Rillaboom|Rillaboom, F|100/100
|-fieldstart|move: Grassy Terrain|[from] ability: Grassy Surge|[of] p2a: Rillaboom
|turn|1
|inactive|THE PDC SHOW has 270 seconds left.
|
|t:|1779567799
|switch|p1a: Zapdos|Zapdos|100/100
|move|p2a: Rillaboom|Knock Off|p1a: Zapdos
|-damage|p1a: Zapdos|77/100
|-enditem|p1a: Zapdos|Heavy-Duty Boots|[from] move: Knock Off|[of] p2a: Rillaboom
|
|upkeep
|turn|2
|inactive|THE PDC SHOW has 270 seconds left.
|inactive|black thunderbolt has 270 seconds left.
|
|t:|1779567831
|switch|p1a: Ogerpon|Ogerpon-Wellspring, F|100/100
|move|p2a: Rillaboom|U-turn|p1a: Ogerpon
|-supereffective|p1a: Ogerpon
|-damage|p1a: Ogerpon|37/100
|
|t:|1779567835
|switch|p2a: Dragapult|Dragapult, M|100/100|[from] U-turn
|
|-heal|p1a: Ogerpon|43/100|[from] Grassy Terrain
|upkeep
|turn|3
|
|t:|1779567841
|switch|p1a: Garganacl|Garganacl, F|100/100
|move|p2a: Dragapult|U-turn|p1a: Garganacl
|-damage|p1a: Garganacl|86/100
|inactive|THE PDC SHOW has 270 seconds left.
|
|t:|1779567853
|switch|p2a: Rillaboom|Rillaboom, F|100/100|[from] U-turn
|
|-heal|p1a: Garganacl|93/100|[from] Grassy Terrain
|-heal|p1a: Garganacl|99/100|[from] item: Leftovers
|upkeep
|turn|4
|
|t:|1779567859
|switch|p1a: Zapdos|Zapdos|77/100
|move|p2a: Rillaboom|Wood Hammer|p1a: Zapdos
|-resisted|p1a: Zapdos
|-damage|p1a: Zapdos|49/100
|-damage|p2a: Rillaboom|90/100|[from] Recoil
|
|-heal|p2a: Rillaboom|96/100|[from] Grassy Terrain
|upkeep
|turn|5
|
|t:|1779567870
|switch|p2a: Ting-Lu|Ting-Lu|100/100
|-ability|p2a: Ting-Lu|Vessel of Ruin
|move|p1a: Zapdos|Roost|p1a: Zapdos
|-heal|p1a: Zapdos|99/100
|-singleturn|p1a: Zapdos|move: Roost
|
|-heal|p1a: Zapdos|100/100|[from] Grassy Terrain
|-fieldend|move: Grassy Terrain
|upkeep
|turn|6
|
|t:|1779567878
|switch|p1a: Ogerpon|Ogerpon-Wellspring, F|43/100
|move|p2a: Ting-Lu|Spikes|p1a: Ogerpon
|-sidestart|p1: black thunderbolt|Spikes
|
|upkeep
|turn|7
|
|t:|1779567897
|switch|p2a: Slowking|Slowking-Galar, M|100/100
|move|p1a: Ogerpon|Knock Off|p2a: Slowking
|-supereffective|p2a: Slowking
|-damage|p2a: Slowking|46/100
|-enditem|p2a: Slowking|Heavy-Duty Boots|[from] move: Knock Off|[of] p1a: Ogerpon
|
|upkeep
|turn|8
|inactive|black thunderbolt has 270 seconds left.
|inactive|black thunderbolt has 240 seconds left.
|
|t:|1779567962
|move|p1a: Ogerpon|Ivy Cudgel|p2a: Slowking|[anim] Ivy Cudgel Water
|-damage|p2a: Slowking|5/100
|move|p2a: Slowking|Sludge Bomb|p1a: Ogerpon
|-supereffective|p1a: Ogerpon
|-damage|p1a: Ogerpon|0 fnt
|faint|p1a: Ogerpon
|
|upkeep
|inactive|black thunderbolt has 240 seconds left.
|
|t:|1779567977
|switch|p1a: Great Tusk|Great Tusk|100/100
|-damage|p1a: Great Tusk|88/100|[from] Spikes
|turn|9
|inactive|THE PDC SHOW has 270 seconds left.
|
|t:|1779568007
|switch|p2a: Rillaboom|Rillaboom, F|96/100
|-fieldstart|move: Grassy Terrain|[from] ability: Grassy Surge|[of] p2a: Rillaboom
|move|p1a: Great Tusk|Ice Spinner|p2a: Rillaboom
|-supereffective|p2a: Rillaboom
|-damage|p2a: Rillaboom|42/100
|-fieldend|move: Grassy Terrain
|
|upkeep
|turn|10
|inactive|black thunderbolt has 240 seconds left.
|inactive|THE PDC SHOW has 270 seconds left.
|
|t:|1779568019
|switch|p2a: Ting-Lu|Ting-Lu|100/100
|-ability|p2a: Ting-Lu|Vessel of Ruin
|move|p1a: Great Tusk|Stealth Rock|p2a: Ting-Lu
|-sidestart|p2: THE PDC SHOW|move: Stealth Rock
|
|upkeep
|turn|11
|inactive|black thunderbolt has 240 seconds left.
|
|t:|1779568045
|move|p1a: Great Tusk|Ice Spinner|p2a: Ting-Lu
|-supereffective|p2a: Ting-Lu
|-damage|p2a: Ting-Lu|76/100
|move|p2a: Ting-Lu|Sand Tomb|p1a: Great Tusk
|-damage|p1a: Great Tusk|79/100
|-activate|p1a: Great Tusk|move: Sand Tomb|[of] p2a: Ting-Lu
|
|-heal|p2a: Ting-Lu|82/100|[from] item: Leftovers
|-damage|p1a: Great Tusk|67/100|[from] move: Sand Tomb|[partiallytrapped]
|upkeep
|turn|12
|
|t:|1779568053
|move|p2a: Ting-Lu|Protect|p2a: Ting-Lu
|-singleturn|p2a: Ting-Lu|Protect
|move|p1a: Great Tusk|Rapid Spin|p2a: Ting-Lu
|-activate|p2a: Ting-Lu|move: Protect
|
|-heal|p2a: Ting-Lu|88/100|[from] item: Leftovers
|-damage|p1a: Great Tusk|55/100|[from] move: Sand Tomb|[partiallytrapped]
|upkeep
|turn|13
|
|t:|1779568058
|move|p1a: Great Tusk|Ice Spinner|p2a: Ting-Lu
|-supereffective|p2a: Ting-Lu
|-damage|p2a: Ting-Lu|63/100
|move|p2a: Ting-Lu|Ruination|p1a: Great Tusk
|-damage|p1a: Great Tusk|28/100
|
|-heal|p2a: Ting-Lu|69/100|[from] item: Leftovers
|-damage|p1a: Great Tusk|15/100|[from] move: Sand Tomb|[partiallytrapped]
|upkeep
|turn|14
|inactive|black thunderbolt has 240 seconds left.
|
|t:|1779568069
|move|p1a: Great Tusk|Rapid Spin|p2a: Ting-Lu
|-damage|p2a: Ting-Lu|61/100
|-boost|p1a: Great Tusk|spe|1
|-sideend|p1: black thunderbolt|Spikes|[from] move: Rapid Spin|[of] p1a: Great Tusk
|-end|p1a: Great Tusk|Sand Tomb|[partiallytrapped]
|move|p2a: Ting-Lu|Spikes|p1a: Great Tusk
|-sidestart|p1: black thunderbolt|Spikes
|
|-heal|p2a: Ting-Lu|67/100|[from] item: Leftovers
|upkeep
|turn|15
|inactive|black thunderbolt has 240 seconds left.
|
|t:|1779568088
|move|p2a: Ting-Lu|Protect|p2a: Ting-Lu
|-singleturn|p2a: Ting-Lu|Protect
|move|p1a: Great Tusk|Ice Spinner|p2a: Ting-Lu
|-activate|p2a: Ting-Lu|move: Protect
|
|-heal|p2a: Ting-Lu|73/100|[from] item: Leftovers
|upkeep
|turn|16
|
|t:|1779568107
|move|p1a: Great Tusk|Rapid Spin|p2a: Ting-Lu
|-damage|p2a: Ting-Lu|66/100
|-boost|p1a: Great Tusk|spe|1
|-sideend|p1: black thunderbolt|Spikes|[from] move: Rapid Spin|[of] p1a: Great Tusk
|move|p2a: Ting-Lu|Sand Tomb|p1a: Great Tusk|[miss]
|-miss|p2a: Ting-Lu|p1a: Great Tusk
|
|-heal|p2a: Ting-Lu|72/100|[from] item: Leftovers
|upkeep
|turn|17
|inactive|black thunderbolt has 210 seconds left.
|
|t:|1779568133
|-end|p1a: Great Tusk|Protosynthesis|[silent]
|switch|p1a: Darkrai|Darkrai|100/100
|move|p2a: Ting-Lu|Protect||[still]
|-fail|p2a: Ting-Lu
|
|-heal|p2a: Ting-Lu|78/100|[from] item: Leftovers
|upkeep
|turn|18
|inactive|black thunderbolt has 210 seconds left.
|
|t:|1779568150
|move|p1a: Darkrai|Ice Beam|p2a: Ting-Lu
|-supereffective|p2a: Ting-Lu
|-damage|p2a: Ting-Lu|51/100
|move|p2a: Ting-Lu|Sand Tomb|p1a: Darkrai
|-crit|p1a: Darkrai
|-damage|p1a: Darkrai|75/100
|-activate|p1a: Darkrai|move: Sand Tomb|[of] p2a: Ting-Lu
|
|-heal|p2a: Ting-Lu|57/100|[from] item: Leftovers
|-damage|p1a: Darkrai|62/100|[from] move: Sand Tomb|[partiallytrapped]
|upkeep
|turn|19
|inactive|black thunderbolt has 210 seconds left.
|
|t:|1779568157
|move|p1a: Darkrai|Ice Beam|p2a: Ting-Lu
|-supereffective|p2a: Ting-Lu
|-damage|p2a: Ting-Lu|30/100
|move|p2a: Ting-Lu|Spikes|p1a: Darkrai
|-sidestart|p1: black thunderbolt|Spikes
|
|-heal|p2a: Ting-Lu|36/100|[from] item: Leftovers
|-damage|p1a: Darkrai|50/100|[from] move: Sand Tomb|[partiallytrapped]
|upkeep
|turn|20
|
|t:|1779568163
|move|p2a: Ting-Lu|Protect|p2a: Ting-Lu
|-singleturn|p2a: Ting-Lu|Protect
|move|p1a: Darkrai|Ice Beam|p2a: Ting-Lu
|-activate|p2a: Ting-Lu|move: Protect
|
|-heal|p2a: Ting-Lu|43/100|[from] item: Leftovers
|-damage|p1a: Darkrai|38/100|[from] move: Sand Tomb|[partiallytrapped]
|upkeep
|turn|21
|
|t:|1779568167
|move|p1a: Darkrai|Ice Beam|p2a: Ting-Lu
|-supereffective|p2a: Ting-Lu
|-damage|p2a: Ting-Lu|18/100
|move|p2a: Ting-Lu|Spikes|p1a: Darkrai
|-sidestart|p1: black thunderbolt|Spikes
|
|-heal|p2a: Ting-Lu|24/100|[from] item: Leftovers
|-damage|p1a: Darkrai|25/100|[from] move: Sand Tomb|[partiallytrapped]
|upkeep
|turn|22
|
|t:|1779568173
|move|p2a: Ting-Lu|Protect|p2a: Ting-Lu
|-singleturn|p2a: Ting-Lu|Protect
|move|p1a: Darkrai|Ice Beam|p2a: Ting-Lu
|-activate|p2a: Ting-Lu|move: Protect
|
|-heal|p2a: Ting-Lu|30/100|[from] item: Leftovers
|-damage|p1a: Darkrai|13/100|[from] move: Sand Tomb|[partiallytrapped]
|upkeep
|turn|23
|
|t:|1779568201
|move|p1a: Darkrai|Ice Beam|p2a: Ting-Lu
|-supereffective|p2a: Ting-Lu
|-damage|p2a: Ting-Lu|5/100
|-status|p2a: Ting-Lu|frz
|cant|p2a: Ting-Lu|frz
|
|-heal|p2a: Ting-Lu|11/100 frz|[from] item: Leftovers
|-end|p1a: Darkrai|Sand Tomb|[partiallytrapped]
|upkeep
|turn|24
|
|t:|1779568210
|move|p1a: Darkrai|Ice Beam|p2a: Ting-Lu
|-supereffective|p2a: Ting-Lu
|-damage|p2a: Ting-Lu|0 fnt
|faint|p2a: Ting-Lu
|
|upkeep
|
|t:|1779568218
|switch|p2a: Dragonite|Dragonite, F|100/100
|turn|25
|
|t:|1779568225
|switch|p1a: Zapdos|Zapdos|100/100
|move|p2a: Dragonite|Extreme Speed|p1a: Zapdos
|-damage|p1a: Zapdos|78/100
|
|upkeep
|turn|26
|
|t:|1779568241
|move|p1a: Zapdos|Thunder Wave|p2a: Dragonite|[miss]
|-miss|p1a: Zapdos|p2a: Dragonite
|move|p2a: Dragonite|Dragon Tail|p1a: Zapdos
|-damage|p1a: Zapdos|54/100
|-status|p2a: Dragonite|par|[from] ability: Static|[of] p1a: Zapdos
|drag|p1a: Great Tusk|Great Tusk|15/100
|-damage|p1a: Great Tusk|0 fnt|[from] Spikes
|faint|p1a: Great Tusk
|-end|p1a: Great Tusk|Protosynthesis|[silent]
|
|upkeep
|
|t:|1779568254
|switch|p1a: Zapdos|Zapdos|54/100
|turn|27
|
|t:|1779568266
|move|p1a: Zapdos|Roost|p1a: Zapdos
|-heal|p1a: Zapdos|100/100
|-singleturn|p1a: Zapdos|move: Roost
|move|p2a: Dragonite|Earthquake|p1a: Zapdos
|-supereffective|p1a: Zapdos
|-damage|p1a: Zapdos|50/100
|
|upkeep
|turn|28
|inactive|black thunderbolt has 270 seconds left.
|
|t:|1779568273
|move|p1a: Zapdos|Roost|p1a: Zapdos
|-heal|p1a: Zapdos|99/100
|-singleturn|p1a: Zapdos|move: Roost
|cant|p2a: Dragonite|par
|
|upkeep
|turn|29
|
|t:|1779568279
|move|p1a: Zapdos|Hurricane|p2a: Dragonite|[miss]
|-miss|p1a: Zapdos|p2a: Dragonite
|move|p2a: Dragonite|Dragon Tail|p1a: Zapdos
|-damage|p1a: Zapdos|75/100
|drag|p1a: Kingambit|Kingambit, F|100/100
|-damage|p1a: Kingambit|84/100|[from] Spikes
|-activate|p1a: Kingambit|ability: Supreme Overlord
|-start|p1a: Kingambit|fallen2|[silent]
|
|-heal|p1a: Kingambit|90/100|[from] item: Leftovers
|upkeep
|turn|30
|inactive|black thunderbolt has 270 seconds left.
|
|t:|1779568295
|move|p1a: Kingambit|Kowtow Cleave|p2a: Dragonite
|-damage|p2a: Dragonite|77/100 par
|move|p2a: Dragonite|Earthquake|p1a: Kingambit
|-supereffective|p1a: Kingambit
|-damage|p1a: Kingambit|38/100
|
|-heal|p1a: Kingambit|45/100|[from] item: Leftovers
|upkeep
|turn|31
|
|t:|1779568316
|-end|p1a: Kingambit|fallen2|[silent]
|switch|p1a: Zapdos|Zapdos|75/100
|move|p2a: Dragonite|Earthquake|p1a: Zapdos
|-immune|p1a: Zapdos
|
|upkeep
|turn|32
|inactive|THE PDC SHOW has 270 seconds left.
|inactive|THE PDC SHOW has 240 seconds left.
|
|t:|1779568368
|move|p1a: Zapdos|Hurricane|p2a: Dragonite
|-damage|p2a: Dragonite|39/100 par
|move|p2a: Dragonite|Dragon Tail|p1a: Zapdos
|-damage|p1a: Zapdos|52/100
|drag|p1a: Garganacl|Garganacl, F|99/100
|-damage|p1a: Garganacl|82/100|[from] Spikes
|
|-heal|p1a: Garganacl|88/100|[from] item: Leftovers
|upkeep
|turn|33
|inactive|THE PDC SHOW has 240 seconds left.
|
|t:|1779568379
|switch|p2a: Slowking|Slowking-Galar, M|39/100
|-damage|p2a: Slowking|26/100|[from] Stealth Rock
|move|p1a: Garganacl|Salt Cure|p2a: Slowking
|-damage|p2a: Slowking|16/100
|-start|p2a: Slowking|Salt Cure
|
|-heal|p1a: Garganacl|95/100|[from] item: Leftovers
|-damage|p2a: Slowking|4/100|[from] Salt Cure
|upkeep
|turn|34
|inactive|THE PDC SHOW has 240 seconds left.
|inactive|black thunderbolt has 270 seconds left.
|
|t:|1779568402
|move|p1a: Garganacl|Body Press|p2a: Slowking
|-resisted|p2a: Slowking
|-damage|p2a: Slowking|0 fnt
|faint|p2a: Slowking
|
|-heal|p1a: Garganacl|100/100|[from] item: Leftovers
|upkeep
|
|t:|1779568406
|switch|p2a: Rillaboom|Rillaboom, F|42/100
|-fieldstart|move: Grassy Terrain|[from] ability: Grassy Surge|[of] p2a: Rillaboom
|turn|35
|inactive|black thunderbolt has 270 seconds left.
|
|t:|1779568428
|switch|p1a: Zapdos|Zapdos|52/100
|move|p2a: Rillaboom|U-turn|p1a: Zapdos
|-resisted|p1a: Zapdos
|-crit|p1a: Zapdos
|-damage|p1a: Zapdos|39/100
|
|t:|1779568433
|switch|p2a: Dragapult|Dragapult, M|100/100|[from] U-turn
|
|upkeep
|turn|36
|
|t:|1779568447
|switch|p1a: Darkrai|Darkrai|13/100
|-damage|p1a: Darkrai|0 fnt|[from] Spikes
|faint|p1a: Darkrai
|move|p2a: Dragapult|Dragon Darts|p1: Darkrai|[notarget]
|-fail|p2a: Dragapult
|
|upkeep
|
|t:|1779568454
|switch|p1a: Garganacl|Garganacl, F|100/100
|-damage|p1a: Garganacl|84/100|[from] Spikes
|turn|37
|inactive|black thunderbolt has 270 seconds left.
|inactive|THE PDC SHOW has 240 seconds left.
|
|t:|1779568498
|move|p2a: Dragapult|Dragon Darts|p1a: Garganacl
|-damage|p1a: Garganacl|70/100
|-anim|p2a: Dragapult|Dragon Darts|p1a: Garganacl
|-damage|p1a: Garganacl|55/100
|move|p1a: Garganacl|Salt Cure|p2a: Dragapult
|-damage|p2a: Dragapult|81/100
|-start|p2a: Dragapult|Salt Cure
|
|-heal|p2a: Dragapult|87/100|[from] Grassy Terrain
|-heal|p1a: Garganacl|61/100|[from] Grassy Terrain
|-heal|p1a: Garganacl|67/100|[from] item: Leftovers
|-damage|p2a: Dragapult|74/100|[from] Salt Cure
|upkeep
|turn|38
|
|t:|1779568502
|move|p2a: Dragapult|U-turn|p1a: Garganacl
|-damage|p1a: Garganacl|55/100
|
|t:|1779568509
|switch|p2a: Heatran|Heatran, M|100/100|[from] U-turn
|move|p1a: Garganacl|Recover|p1a: Garganacl
|-heal|p1a: Garganacl|100/100
|
|upkeep
|turn|39
|inactive|THE PDC SHOW has 240 seconds left.
|inactive|THE PDC SHOW has 210 seconds left.
|
|t:|1779568577
|move|p2a: Heatran|Stealth Rock|p1a: Garganacl
|-sidestart|p1: black thunderbolt|move: Stealth Rock
|move|p1a: Garganacl|Recover||[still]
|-fail|p1a: Garganacl|heal
|
|-fieldend|move: Grassy Terrain
|upkeep
|turn|40
|
|t:|1779568595
|switch|p2a: Dragonite|Dragonite, F|39/100 par
|move|p1a: Garganacl|Salt Cure|p2a: Dragonite
|-supereffective|p2a: Dragonite
|-damage|p2a: Dragonite|15/100 par
|-start|p2a: Dragonite|Salt Cure
|
|-damage|p2a: Dragonite|3/100 par|[from] Salt Cure
|upkeep
|turn|41
|
|t:|1779568615
|move|p1a: Garganacl|Salt Cure|p2a: Dragonite
|-supereffective|p2a: Dragonite
|-damage|p2a: Dragonite|0 fnt
|faint|p2a: Dragonite
|
|upkeep
|
|t:|1779568619
|switch|p2a: Rillaboom|Rillaboom, F|42/100
|-fieldstart|move: Grassy Terrain|[from] ability: Grassy Surge|[of] p2a: Rillaboom
|turn|42
|inactive|black thunderbolt has 240 seconds left.
|
|t:|1779568647
|switch|p1a: Zapdos|Zapdos|39/100
|-damage|p1a: Zapdos|14/100|[from] Stealth Rock
|move|p2a: Rillaboom|Wood Hammer|p1a: Zapdos
|-resisted|p1a: Zapdos
|-damage|p1a: Zapdos|0 fnt
|-status|p2a: Rillaboom|par|[from] ability: Static|[of] p1a: Zapdos
|faint|p1a: Zapdos
|-damage|p2a: Rillaboom|37/100 par|[from] Recoil
|
|-heal|p2a: Rillaboom|43/100 par|[from] Grassy Terrain
|upkeep
|inactive|black thunderbolt has 240 seconds left.
|
|t:|1779568661
|switch|p1a: Kingambit|Kingambit, F|45/100
|-damage|p1a: Kingambit|28/100|[from] Spikes
|-damage|p1a: Kingambit|22/100|[from] Stealth Rock
|-activate|p1a: Kingambit|ability: Supreme Overlord
|-start|p1a: Kingambit|fallen4|[silent]
|turn|43
|inactive|black thunderbolt has 240 seconds left.
|
|t:|1779568675
|switch|p2a: Dragapult|Dragapult, M|74/100
|move|p1a: Kingambit|Kowtow Cleave|p2a: Dragapult
|-supereffective|p2a: Dragapult
|-damage|p2a: Dragapult|0 fnt
|faint|p2a: Dragapult
|
|-heal|p1a: Kingambit|28/100|[from] Grassy Terrain
|-heal|p1a: Kingambit|34/100|[from] item: Leftovers
|upkeep
|
|t:|1779568677
|switch|p2a: Heatran|Heatran, M|100/100
|turn|44
|inactive|black thunderbolt has 240 seconds left.
|
|t:|1779568721
|move|p1a: Kingambit|Sucker Punch|p2a: Heatran
|-damage|p2a: Heatran|56/100
|move|p2a: Heatran|Earth Power|p1a: Kingambit
|-supereffective|p1a: Kingambit
|-damage|p1a: Kingambit|0 fnt
|faint|p1a: Kingambit
|-end|p1a: Kingambit|fallen4|[silent]
|
|-heal|p2a: Heatran|62/100|[from] Grassy Terrain
|upkeep
|
|t:|1779568726
|switch|p1a: Garganacl|Garganacl, F|100/100
|-damage|p1a: Garganacl|84/100|[from] Spikes
|-damage|p1a: Garganacl|72/100|[from] Stealth Rock
|turn|45
|inactive|THE PDC SHOW has 240 seconds left.
|inactive|black thunderbolt has 210 seconds left.
|inactive|THE PDC SHOW has 210 seconds left.
|
|t:|1779568791
|-terastallize|p1a: Garganacl|Fairy
|move|p2a: Heatran|Earth Power|p1a: Garganacl
|-damage|p1a: Garganacl|55/100
|move|p1a: Garganacl|Recover|p1a: Garganacl
|-heal|p1a: Garganacl|100/100
|
|-heal|p2a: Heatran|69/100|[from] Grassy Terrain
|upkeep
|turn|46
|inactive|THE PDC SHOW has 180 seconds left.
|
|t:|1779568818
|move|p2a: Heatran|Magma Storm|p1a: Garganacl
|-damage|p1a: Garganacl|71/100
|-activate|p1a: Garganacl|move: Magma Storm|[of] p2a: Heatran
|move|p1a: Garganacl|Salt Cure|p2a: Heatran
|-damage|p2a: Heatran|59/100
|-start|p2a: Heatran|Salt Cure
|
|-heal|p2a: Heatran|65/100|[from] Grassy Terrain
|-heal|p1a: Garganacl|77/100|[from] Grassy Terrain
|-heal|p1a: Garganacl|83/100|[from] item: Leftovers
|-damage|p2a: Heatran|40/100|[from] Salt Cure
|-damage|p1a: Garganacl|71/100|[from] move: Magma Storm|[partiallytrapped]
|-fieldend|move: Grassy Terrain
|upkeep
|turn|47
|inactive|THE PDC SHOW has 180 seconds left.
|
|t:|1779568835
|move|p2a: Heatran|Magma Storm|p1a: Garganacl|[miss]
|-miss|p2a: Heatran|p1a: Garganacl
|move|p1a: Garganacl|Recover|p1a: Garganacl
|-heal|p1a: Garganacl|100/100
|
|-damage|p2a: Heatran|16/100|[from] Salt Cure
|-damage|p1a: Garganacl|88/100|[from] move: Magma Storm|[partiallytrapped]
|upkeep
|turn|48
|
|t:|1779568840
|move|p2a: Heatran|Magma Storm|p1a: Garganacl|[miss]
|-miss|p2a: Heatran|p1a: Garganacl
|move|p1a: Garganacl|Iron Defense|p1a: Garganacl
|-boost|p1a: Garganacl|def|2
|
|-heal|p1a: Garganacl|94/100|[from] item: Leftovers
|-damage|p2a: Heatran|0 fnt|[from] Salt Cure
|faint|p2a: Heatran
|-end|p1a: Garganacl|Magma Storm|[partiallytrapped]|[silent]
|upkeep
|
|t:|1779568842
|switch|p2a: Rillaboom|Rillaboom, F|43/100 par
|-fieldstart|move: Grassy Terrain|[from] ability: Grassy Surge|[of] p2a: Rillaboom
|turn|49
|
|t:|1779568847
|-terastallize|p2a: Rillaboom|Grass
|move|p2a: Rillaboom|Wood Hammer|p1a: Garganacl
|-damage|p1a: Garganacl|62/100
|-damage|p2a: Rillaboom|30/100 par|[from] Recoil
|move|p1a: Garganacl|Body Press|p2a: Rillaboom
|-damage|p2a: Rillaboom|0 fnt
|faint|p2a: Rillaboom
|
|win|black thunderbolt
|c|☆THE PDC SHOW|gg
|c|+Blueflea.N|OUI
|c|☆black thunderbolt|gg
|player|p2|
|c|+Blueflea.N|GO TBOLT
