|j|☆hem07
|j|☆Mslaganjaestranja
|t:|1779560826
|gametype|singles
|player|p1|hem07|dawn|1236
|player|p2|Mslaganjaestranja|265|1287
|gen|9
|tier|[Gen 9] OU
|rated|
|rule|HP Percentage Mod: HP is shown in percentages
|rule|Endless Battle Clause: Forcing endless battles is banned
|rule|Species Clause: Limit one of each Pokémon
|rule|OHKO Clause: OHKO moves are banned
|rule|Evasion Items Clause: Evasion items are banned
|rule|Evasion Moves Clause: Evasion moves are banned
|rule|Evasion Abilities Clause: Evasion abilities are banned
|rule|Sleep Moves Clause: Sleep-inducing moves are banned
|clearpoke
|poke|p1|Deoxys-Speed|
|poke|p1|Ceruledge, F|
|poke|p1|Zamazenta-*|
|poke|p1|Ogerpon-Wellspring, F|
|poke|p1|Glimmora, F|
|poke|p1|Moltres-Galar|
|poke|p2|Alomomola, F|
|poke|p2|Chansey, F|
|poke|p2|Corviknight, F|
|poke|p2|Clodsire, F|
|poke|p2|Garganacl, M|
|poke|p2|Clefable, M|
|teampreview
|inactive|Battle timer is ON: inactive players will automatically lose when time's up. (requested by hem07)
|
|t:|1779560834
|teamsize|p1|6
|teamsize|p2|6
|start
|switch|p1a: Zamazenta|Zamazenta|100/100
|switch|p2a: Garganacl|Garganacl, M|100/100
|-ability|p1a: Zamazenta|Dauntless Shield|boost
|-boost|p1a: Zamazenta|def|1
|turn|1
|
|t:|1779560840
|move|p1a: Zamazenta|Body Press|p2a: Garganacl
|-supereffective|p2a: Garganacl
|-damage|p2a: Garganacl|43/100
|move|p2a: Garganacl|Salt Cure|p1a: Zamazenta
|-resisted|p1a: Zamazenta
|-damage|p1a: Zamazenta|97/100
|-start|p1a: Zamazenta|Salt Cure
|
|-heal|p1a: Zamazenta|100/100|[from] item: Leftovers
|-heal|p2a: Garganacl|49/100|[from] item: Leftovers
|-damage|p1a: Zamazenta|88/100|[from] Salt Cure
|upkeep
|turn|2
|
|t:|1779560846
|-terastallize|p2a: Garganacl|Ghost
|move|p2a: Garganacl|Recover|p2a: Garganacl
|-heal|p2a: Garganacl|99/100
|move|p1a: Zamazenta|Roar|p2a: Garganacl
|drag|p2a: Clefable|Clefable, M|100/100
|
|-heal|p1a: Zamazenta|94/100|[from] item: Leftovers
|-damage|p1a: Zamazenta|82/100|[from] Salt Cure
|upkeep
|turn|3
|
|t:|1779560858
|switch|p1a: Glimmora|Glimmora, F|100/100
|move|p2a: Clefable|Cosmic Power|p2a: Clefable
|-boost|p2a: Clefable|def|1
|-boost|p2a: Clefable|spd|1
|
|upkeep
|turn|4
|
|t:|1779560864
|move|p1a: Glimmora|Meteor Beam||[still]
|-prepare|p1a: Glimmora|Meteor Beam
|-boost|p1a: Glimmora|spa|1
|-enditem|p1a: Glimmora|Power Herb
|-anim|p1a: Glimmora|Meteor Beam|p2a: Clefable
|-damage|p2a: Clefable|64/100
|move|p2a: Clefable|Cosmic Power|p2a: Clefable
|-boost|p2a: Clefable|def|1
|-boost|p2a: Clefable|spd|1
|
|-heal|p2a: Clefable|70/100|[from] item: Leftovers
|upkeep
|turn|5
|
|t:|1779560872
|move|p1a: Glimmora|Mortal Spin|p2a: Clefable
|-supereffective|p2a: Clefable
|-damage|p2a: Clefable|64/100
|-status|p2a: Clefable|psn
|move|p2a: Clefable|Stored Power|p1a: Glimmora
|-supereffective|p1a: Glimmora
|-damage|p1a: Glimmora|39/100
|
|-heal|p2a: Clefable|70/100 psn|[from] item: Leftovers
|-damage|p2a: Clefable|58/100 psn|[from] psn
|upkeep
|turn|6
|
|t:|1779560879
|move|p1a: Glimmora|Earth Power|p2a: Clefable
|-damage|p2a: Clefable|43/100 psn
|move|p2a: Clefable|Stored Power|p1a: Glimmora
|-supereffective|p1a: Glimmora
|-damage|p1a: Glimmora|0 fnt
|faint|p1a: Glimmora
|
|-heal|p2a: Clefable|49/100 psn|[from] item: Leftovers
|-damage|p2a: Clefable|37/100 psn|[from] psn
|upkeep
|
|t:|1779560895
|switch|p1a: Ceruledge|Ceruledge, F|100/100
|turn|7
|
|t:|1779560899
|move|p1a: Ceruledge|Poltergeist|p2a: Clefable
|-activate|p2a: Clefable|move: Poltergeist|Leftovers
|-damage|p2a: Clefable|3/100 psn
|-damage|p1a: Ceruledge|91/100|[from] item: Life Orb
|move|p2a: Clefable|Moonlight|p2a: Clefable
|-heal|p2a: Clefable|53/100 psn
|
|-heal|p2a: Clefable|59/100 psn|[from] item: Leftovers
|-damage|p2a: Clefable|47/100 psn|[from] psn
|upkeep
|turn|8
|
|t:|1779560907
|move|p1a: Ceruledge|Poltergeist|p2a: Clefable
|-activate|p2a: Clefable|move: Poltergeist|Leftovers
|-damage|p2a: Clefable|9/100 psn
|-damage|p1a: Ceruledge|81/100|[from] item: Life Orb
|move|p2a: Clefable|Moonlight|p2a: Clefable
|-heal|p2a: Clefable|59/100 psn
|
|-heal|p2a: Clefable|65/100 psn|[from] item: Leftovers
|-damage|p2a: Clefable|53/100 psn|[from] psn
|upkeep
|turn|9
|
|t:|1779560915
|move|p1a: Ceruledge|Poltergeist|p2a: Clefable
|-activate|p2a: Clefable|move: Poltergeist|Leftovers
|-damage|p2a: Clefable|17/100 psn
|-damage|p1a: Ceruledge|71/100|[from] item: Life Orb
|move|p2a: Clefable|Moonlight|p2a: Clefable
|-heal|p2a: Clefable|67/100 psn
|
|-heal|p2a: Clefable|73/100 psn|[from] item: Leftovers
|-damage|p2a: Clefable|61/100 psn|[from] psn
|upkeep
|turn|10
|
|t:|1779560922
|move|p1a: Ceruledge|Poltergeist|p2a: Clefable
|-activate|p2a: Clefable|move: Poltergeist|Leftovers
|-damage|p2a: Clefable|24/100 psn
|-damage|p1a: Ceruledge|62/100|[from] item: Life Orb
|move|p2a: Clefable|Moonlight|p2a: Clefable
|-heal|p2a: Clefable|74/100 psn
|
|-heal|p2a: Clefable|80/100 psn|[from] item: Leftovers
|-damage|p2a: Clefable|68/100 psn|[from] psn
|upkeep
|turn|11
|
|t:|1779560927
|move|p1a: Ceruledge|Poltergeist|p2a: Clefable
|-activate|p2a: Clefable|move: Poltergeist|Leftovers
|-damage|p2a: Clefable|33/100 psn
|-damage|p1a: Ceruledge|52/100|[from] item: Life Orb
|move|p2a: Clefable|Moonlight|p2a: Clefable
|-heal|p2a: Clefable|83/100 psn
|
|-heal|p2a: Clefable|89/100 psn|[from] item: Leftovers
|-damage|p2a: Clefable|76/100 psn|[from] psn
|upkeep
|turn|12
|
|t:|1779560933
|move|p1a: Ceruledge|Bitter Blade|p2a: Clefable
|-damage|p2a: Clefable|47/100 psn
|-heal|p1a: Ceruledge|67/100|[from] drain|[of] p2a: Clefable
|-damage|p1a: Ceruledge|58/100|[from] item: Life Orb
|move|p2a: Clefable|Moonlight|p2a: Clefable
|-heal|p2a: Clefable|97/100 psn
|
|-heal|p2a: Clefable|100/100 psn|[from] item: Leftovers
|-damage|p2a: Clefable|88/100 psn|[from] psn
|upkeep
|turn|13
|
|t:|1779560936
|move|p1a: Ceruledge|Swords Dance|p1a: Ceruledge
|-boost|p1a: Ceruledge|atk|2
|move|p2a: Clefable|Cosmic Power|p2a: Clefable
|-boost|p2a: Clefable|def|1
|-boost|p2a: Clefable|spd|1
|
|-heal|p2a: Clefable|94/100 psn|[from] item: Leftovers
|-damage|p2a: Clefable|82/100 psn|[from] psn
|upkeep
|turn|14
|
|t:|1779560941
|move|p1a: Ceruledge|Poltergeist|p2a: Clefable
|-activate|p2a: Clefable|move: Poltergeist|Leftovers
|-damage|p2a: Clefable|53/100 psn
|-damage|p1a: Ceruledge|48/100|[from] item: Life Orb
|move|p2a: Clefable|Cosmic Power|p2a: Clefable
|-boost|p2a: Clefable|def|1
|-boost|p2a: Clefable|spd|1
|
|-heal|p2a: Clefable|59/100 psn|[from] item: Leftovers
|-damage|p2a: Clefable|46/100 psn|[from] psn
|upkeep
|turn|15
|
|t:|1779560948
|move|p1a: Ceruledge|Bitter Blade|p2a: Clefable
|-damage|p2a: Clefable|27/100 psn
|-heal|p1a: Ceruledge|58/100|[from] drain|[of] p2a: Clefable
|-damage|p1a: Ceruledge|48/100|[from] item: Life Orb
|move|p2a: Clefable|Moonlight|p2a: Clefable
|-heal|p2a: Clefable|77/100 psn
|
|-heal|p2a: Clefable|83/100 psn|[from] item: Leftovers
|-damage|p2a: Clefable|71/100 psn|[from] psn
|upkeep
|turn|16
|
|t:|1779560952
|move|p1a: Ceruledge|Bitter Blade|p2a: Clefable
|-damage|p2a: Clefable|52/100 psn
|-heal|p1a: Ceruledge|58/100|[from] drain|[of] p2a: Clefable
|-damage|p1a: Ceruledge|48/100|[from] item: Life Orb
|move|p2a: Clefable|Cosmic Power|p2a: Clefable
|-boost|p2a: Clefable|def|1
|-boost|p2a: Clefable|spd|1
|
|-heal|p2a: Clefable|58/100 psn|[from] item: Leftovers
|-damage|p2a: Clefable|46/100 psn|[from] psn
|upkeep
|turn|17
|
|t:|1779560957
|move|p1a: Ceruledge|Bitter Blade|p2a: Clefable
|-damage|p2a: Clefable|28/100 psn
|-heal|p1a: Ceruledge|57/100|[from] drain|[of] p2a: Clefable
|-damage|p1a: Ceruledge|48/100|[from] item: Life Orb
|move|p2a: Clefable|Moonlight|p2a: Clefable
|-heal|p2a: Clefable|78/100 psn
|
|-heal|p2a: Clefable|84/100 psn|[from] item: Leftovers
|-damage|p2a: Clefable|72/100 psn|[from] psn
|upkeep
|turn|18
|
|t:|1779560961
|move|p1a: Ceruledge|Bitter Blade|p2a: Clefable
|-damage|p2a: Clefable|55/100 psn
|-heal|p1a: Ceruledge|56/100|[from] drain|[of] p2a: Clefable
|-damage|p1a: Ceruledge|47/100|[from] item: Life Orb
|move|p2a: Clefable|Stored Power|p1a: Ceruledge
|-damage|p1a: Ceruledge|0 fnt
|faint|p1a: Ceruledge
|
|-heal|p2a: Clefable|61/100 psn|[from] item: Leftovers
|-damage|p2a: Clefable|49/100 psn|[from] psn
|upkeep
|
|t:|1779560973
|switch|p1a: Ogerpon|Ogerpon-Wellspring, F|100/100
|turn|19
|
|t:|1779560977
|move|p1a: Ogerpon|Ivy Cudgel|p2a: Clefable|[anim] Ivy Cudgel Water
|-crit|p2a: Clefable
|-damage|p2a: Clefable|0 fnt
|faint|p2a: Clefable
|
|upkeep
|
|t:|1779560982
|switch|p2a: Garganacl|Garganacl, M, tera:Ghost|99/100
|turn|20
|
|t:|1779560988
|move|p1a: Ogerpon|Ivy Cudgel|p2a: Garganacl|[anim] Ivy Cudgel Water
|-damage|p2a: Garganacl|65/100
|move|p2a: Garganacl|Salt Cure|p1a: Ogerpon
|-damage|p1a: Ogerpon|84/100
|-start|p1a: Ogerpon|Salt Cure
|
|-heal|p2a: Garganacl|71/100|[from] item: Leftovers
|-damage|p1a: Ogerpon|59/100|[from] Salt Cure
|upkeep
|turn|21
|
|t:|1779560992
|move|p1a: Ogerpon|Spikes|p2a: Garganacl
|-sidestart|p2: Mslaganjaestranja|Spikes
|move|p2a: Garganacl|Iron Defense|p2a: Garganacl
|-boost|p2a: Garganacl|def|2
|
|-heal|p2a: Garganacl|77/100|[from] item: Leftovers
|-damage|p1a: Ogerpon|34/100|[from] Salt Cure
|upkeep
|turn|22
|
|t:|1779560998
|move|p1a: Ogerpon|Horn Leech|p2a: Garganacl
|-damage|p2a: Garganacl|64/100
|-heal|p1a: Ogerpon|43/100|[from] drain|[of] p2a: Garganacl
|move|p2a: Garganacl|Iron Defense|p2a: Garganacl
|-boost|p2a: Garganacl|def|2
|
|-heal|p2a: Garganacl|70/100|[from] item: Leftovers
|-damage|p1a: Ogerpon|18/100|[from] Salt Cure
|upkeep
|turn|23
|
|t:|1779561001
|move|p1a: Ogerpon|Spikes|p2a: Garganacl
|-sidestart|p2: Mslaganjaestranja|Spikes
|move|p2a: Garganacl|Iron Defense|p2a: Garganacl
|-boost|p2a: Garganacl|def|2
|
|-heal|p2a: Garganacl|76/100|[from] item: Leftovers
|-damage|p1a: Ogerpon|0 fnt|[from] Salt Cure
|faint|p1a: Ogerpon
|upkeep
|
|t:|1779561007
|switch|p1a: Zamazenta|Zamazenta|82/100
|turn|24
|
|t:|1779561009
|move|p2a: Garganacl|Body Press|p1a: Zamazenta
|-damage|p1a: Zamazenta|0 fnt
|faint|p1a: Zamazenta
|
|-heal|p2a: Garganacl|83/100|[from] item: Leftovers
|upkeep
|
|t:|1779561027
|switch|p1a: Moltres|Moltres-Galar|100/100
|turn|25
|
|t:|1779561031
|-terastallize|p1a: Moltres|Ghost
|move|p1a: Moltres|Nasty Plot|p1a: Moltres
|-boost|p1a: Moltres|spa|2
|move|p2a: Garganacl|Body Press|p1a: Moltres
|-immune|p1a: Moltres
|
|-heal|p2a: Garganacl|89/100|[from] item: Leftovers
|upkeep
|turn|26
|
|t:|1779561039
|move|p1a: Moltres|Fiery Wrath|p2a: Garganacl
|-supereffective|p2a: Garganacl
|-damage|p2a: Garganacl|0 fnt
|faint|p2a: Garganacl
|
|upkeep
|
|t:|1779561043
|switch|p2a: Clodsire|Clodsire, F|100/100
|-damage|p2a: Clodsire|84/100|[from] Spikes
|turn|27
|
|t:|1779561047
|move|p1a: Moltres|Fiery Wrath|p2a: Clodsire
|-damage|p2a: Clodsire|59/100
|cant|p2a: Clodsire|flinch
|
|-heal|p2a: Clodsire|65/100|[from] item: Leftovers
|upkeep
|turn|28
|
|t:|1779561056
|move|p1a: Moltres|Fiery Wrath|p2a: Clodsire
|-damage|p2a: Clodsire|41/100
|move|p2a: Clodsire|Toxic|p1a: Moltres
|-status|p1a: Moltres|tox
|
|-heal|p2a: Clodsire|47/100|[from] item: Leftovers
|-damage|p1a: Moltres|94/100 tox|[from] psn
|upkeep
|turn|29
|
|t:|1779561062
|move|p1a: Moltres|Nasty Plot|p1a: Moltres
|-boost|p1a: Moltres|spa|2
|move|p2a: Clodsire|Recover|p2a: Clodsire
|-heal|p2a: Clodsire|97/100
|
|-heal|p2a: Clodsire|100/100|[from] item: Leftovers
|-damage|p1a: Moltres|82/100 tox|[from] psn
|upkeep
|turn|30
|
|t:|1779561065
|move|p1a: Moltres|Fiery Wrath|p2a: Clodsire
|-damage|p2a: Clodsire|72/100
|move|p2a: Clodsire|Haze|p2a: Clodsire
|-clearallboost
|
|-heal|p2a: Clodsire|78/100|[from] item: Leftovers
|-damage|p1a: Moltres|63/100 tox|[from] psn
|upkeep
|turn|31
|
|t:|1779561070
|switch|p1a: Deoxys|Deoxys-Speed|100/100
|-ability|p1a: Deoxys|Pressure
|move|p2a: Clodsire|Recover|p2a: Clodsire
|-heal|p2a: Clodsire|100/100
|
|upkeep
|turn|32
|
|t:|1779561079
|switch|p2a: Corviknight|Corviknight, F|100/100
|-ability|p2a: Corviknight|Pressure
|move|p1a: Deoxys|Psycho Boost|p2a: Corviknight
|-resisted|p2a: Corviknight
|-damage|p2a: Corviknight|76/100
|-unboost|p1a: Deoxys|spa|2
|
|-heal|p2a: Corviknight|83/100|[from] item: Leftovers
|upkeep
|turn|33
|
|t:|1779561083
|switch|p1a: Moltres|Moltres-Galar, tera:Ghost|63/100 tox
|move|p2a: Corviknight|Defog|p1a: Moltres
|-unboost|p1a: Moltres|evasion|1
|-sideend|p2: Mslaganjaestranja|Spikes|[from] move: Defog|[of] p2a: Corviknight
|
|-heal|p2a: Corviknight|89/100|[from] item: Leftovers
|-damage|p1a: Moltres|57/100 tox|[from] psn
|upkeep
|turn|34
|
|t:|1779561087
|move|p1a: Moltres|Fiery Wrath|p2a: Corviknight
|-crit|p2a: Corviknight
|-damage|p2a: Corviknight|29/100
|cant|p2a: Corviknight|flinch
|
|-heal|p2a: Corviknight|35/100|[from] item: Leftovers
|-damage|p1a: Moltres|45/100 tox|[from] psn
|upkeep
|-enditem|p1a: Moltres|Sitrus Berry|[eat]
|-heal|p1a: Moltres|70/100 tox|[from] item: Sitrus Berry
|turn|35
|
|t:|1779561097
|switch|p2a: Chansey|Chansey, F|100/100
|move|p1a: Moltres|Fiery Wrath|p2a: Chansey
|-damage|p2a: Chansey|88/100
|
|-damage|p1a: Moltres|51/100 tox|[from] psn
|upkeep
|turn|36
|
|t:|1779561105
|move|p1a: Moltres|Nasty Plot|p1a: Moltres
|-boost|p1a: Moltres|spa|2
|move|p2a: Chansey|Stealth Rock|p1a: Moltres
|-sidestart|p1: hem07|move: Stealth Rock
|
|-damage|p1a: Moltres|27/100 tox|[from] psn
|upkeep
|turn|37
|
|t:|1779561107
|switch|p2a: Clodsire|Clodsire, F|100/100
|move|p1a: Moltres|Fiery Wrath|p2a: Clodsire
|-damage|p2a: Clodsire|76/100
|
|-heal|p2a: Clodsire|83/100|[from] item: Leftovers
|-damage|p1a: Moltres|0 fnt|[from] psn
|faint|p1a: Moltres
|upkeep
|
|t:|1779561110
|switch|p1a: Deoxys|Deoxys-Speed|100/100
|-damage|p1a: Deoxys|88/100|[from] Stealth Rock
|-ability|p1a: Deoxys|Pressure
|turn|38
|
|t:|1779561113
|move|p1a: Deoxys|Psycho Boost|p2a: Clodsire
|-supereffective|p2a: Clodsire
|-damage|p2a: Clodsire|28/100
|-unboost|p1a: Deoxys|spa|2
|move|p2a: Clodsire|Toxic|p1a: Deoxys
|-status|p1a: Deoxys|tox
|
|-heal|p2a: Clodsire|35/100|[from] item: Leftovers
|-damage|p1a: Deoxys|82/100 tox|[from] psn
|upkeep
|turn|39
|
|t:|1779561120
|switch|p2a: Chansey|Chansey, F|88/100
|move|p1a: Deoxys|Psycho Boost|p2a: Chansey
|-damage|p2a: Chansey|82/100
|-unboost|p1a: Deoxys|spa|2
|
|-damage|p1a: Deoxys|70/100 tox|[from] psn
|upkeep
|turn|40
|-message|hem07 forfeited.
|
|win|Mslaganjaestranja
|raw|hem07's rating: 1236 &rarr; <strong>1215</strong><br />(-21 for losing)
|raw|Mslaganjaestranja's rating: 1287 &rarr; <strong>1308</strong><br />(+21 for winning)
|l|☆hem07
|player|p1|
