|j|☆hameed425
|j|☆banjo guro
|t:|1779707826
|gametype|singles
|player|p1|hameed425|102|1358
|player|p2|banjo guro|erika|1375
|gen|9
|tier|[Gen 9] OU
|rated|
|rule|HP Percentage Mod: HP is shown in percentages
|rule|Endless Battle Clause: Forcing endless battles is banned
|rule|Species Clause: Limit one of each Pokémon
|rule|OHKO Clause: OHKO moves are banned
|rule|Evasion Items Clause: Evasion items are banned
|rule|Evasion Moves Clause: Evasion moves are banned
|rule|Evasion Abilities Clause: Evasion abilities are banned
|rule|Sleep Moves Clause: Sleep-inducing moves are banned
|clearpoke
|poke|p1|Sandy Shocks|
|poke|p1|Great Tusk|
|poke|p1|Walking Wake|
|poke|p1|Torkoal, F|
|poke|p1|Venusaur, M|
|poke|p1|Raging Bolt|
|poke|p2|Garganacl, M|
|poke|p2|Mimikyu, F|
|poke|p2|Chimecho, F|
|poke|p2|Serperior, F|
|poke|p2|Polteageist|
|poke|p2|Maushold|
|teampreview
|
|t:|1779707835
|teamsize|p1|6
|teamsize|p2|6
|start
|switch|p1a: Torkoal|Torkoal, F|100/100
|switch|p2a: Serperior|Serperior, F|100/100
|-weather|SunnyDay|[from] ability: Drought|[of] p1a: Torkoal
|turn|1
|inactive|Battle timer is ON: inactive players will automatically lose when time's up. (requested by banjo guro)
|
|t:|1779707847
|move|p2a: Serperior|Substitute|p2a: Serperior
|-start|p2a: Serperior|Substitute
|-damage|p2a: Serperior|76/100
|move|p1a: Torkoal|Lava Plume|p2a: Serperior
|-supereffective|p2a: Serperior
|-end|p2a: Serperior|Substitute
|
|-weather|SunnyDay|[upkeep]
|-heal|p2a: Serperior|82/100|[from] item: Leftovers
|upkeep
|turn|2
|
|t:|1779707852
|move|p2a: Serperior|Glare|p1a: Torkoal
|-status|p1a: Torkoal|par
|move|p1a: Torkoal|Lava Plume|p2a: Serperior
|-supereffective|p2a: Serperior
|-damage|p2a: Serperior|17/100
|
|-weather|SunnyDay|[upkeep]
|-heal|p2a: Serperior|23/100|[from] item: Leftovers
|upkeep
|turn|3
|
|t:|1779707861
|move|p2a: Serperior|Leech Seed|p1a: Torkoal
|-start|p1a: Torkoal|move: Leech Seed
|move|p1a: Torkoal|Lava Plume|p2a: Serperior
|-supereffective|p2a: Serperior
|-damage|p2a: Serperior|0 fnt
|faint|p2a: Serperior
|
|-weather|SunnyDay|[upkeep]
|upkeep
|
|t:|1779707867
|switch|p2a: Polteageist|Polteageist|100/100
|turn|4
|
|t:|1779707874
|move|p2a: Polteageist|Shell Smash|p2a: Polteageist
|-unboost|p2a: Polteageist|def|1
|-unboost|p2a: Polteageist|spd|1
|-boost|p2a: Polteageist|atk|2
|-boost|p2a: Polteageist|spa|2
|-boost|p2a: Polteageist|spe|2
|move|p1a: Torkoal|Lava Plume|p2a: Polteageist
|-damage|p2a: Polteageist|31/100
|
|-weather|SunnyDay|[upkeep]
|-damage|p1a: Torkoal|88/100 par|[from] Leech Seed|[of] p2a: Polteageist
|-heal|p2a: Polteageist|47/100|[silent]
|upkeep
|turn|5
|
|t:|1779707883
|switch|p1a: Sandy Shocks|Sandy Shocks|100/100
|-activate|p1a: Sandy Shocks|ability: Protosynthesis
|-start|p1a: Sandy Shocks|protosynthesisspe
|move|p2a: Polteageist|Stored Power|p1a: Sandy Shocks
|-damage|p1a: Sandy Shocks|0 fnt
|faint|p1a: Sandy Shocks
|-end|p1a: Sandy Shocks|Protosynthesis|[silent]
|
|-weather|SunnyDay|[upkeep]
|upkeep
|
|t:|1779707891
|switch|p1a: Raging Bolt|Raging Bolt|100/100
|-activate|p1a: Raging Bolt|ability: Protosynthesis
|-start|p1a: Raging Bolt|protosynthesisspa
|turn|6
|
|t:|1779707898
|move|p1a: Raging Bolt|Thunderclap|p2a: Polteageist
|-damage|p2a: Polteageist|0 fnt
|faint|p2a: Polteageist
|
|-weather|SunnyDay|[upkeep]
|upkeep
|
|t:|1779707902
|switch|p2a: Chimecho|Chimecho, F|100/100
|turn|7
|
|t:|1779707908
|-end|p1a: Raging Bolt|Protosynthesis|[silent]
|switch|p1a: Venusaur|Venusaur, M|100/100
|-terastallize|p2a: Chimecho|Electric
|move|p2a: Chimecho|Cosmic Power|p2a: Chimecho
|-boost|p2a: Chimecho|def|1
|-boost|p2a: Chimecho|spd|1
|
|-weather|SunnyDay|[upkeep]
|upkeep
|turn|8
|
|t:|1779707919
|move|p1a: Venusaur|Sludge Bomb|p2a: Chimecho
|-damage|p2a: Chimecho|60/100
|-damage|p1a: Venusaur|91/100|[from] item: Life Orb
|move|p2a: Chimecho|Cosmic Power|p2a: Chimecho
|-boost|p2a: Chimecho|def|1
|-boost|p2a: Chimecho|spd|1
|
|-weather|none
|-heal|p2a: Chimecho|66/100|[from] item: Leftovers
|upkeep
|turn|9
|
|t:|1779707924
|move|p1a: Venusaur|Sludge Bomb|p2a: Chimecho
|-damage|p2a: Chimecho|31/100
|-status|p2a: Chimecho|psn
|-damage|p1a: Venusaur|81/100|[from] item: Life Orb
|move|p2a: Chimecho|Stored Power|p1a: Venusaur
|-supereffective|p1a: Venusaur
|-damage|p1a: Venusaur|0 fnt
|faint|p1a: Venusaur
|
|-heal|p2a: Chimecho|38/100 psn|[from] item: Leftovers
|-damage|p2a: Chimecho|25/100 psn|[from] psn
|upkeep
|
|t:|1779707931
|switch|p1a: Torkoal|Torkoal, F|88/100 par
|-weather|SunnyDay|[from] ability: Drought|[of] p1a: Torkoal
|turn|10
|
|t:|1779707938
|move|p2a: Chimecho|Recover|p2a: Chimecho
|-heal|p2a: Chimecho|75/100 psn
|move|p1a: Torkoal|Lava Plume|p2a: Chimecho
|-damage|p2a: Chimecho|55/100 psn
|
|-weather|SunnyDay|[upkeep]
|-heal|p2a: Chimecho|62/100 psn|[from] item: Leftovers
|-damage|p2a: Chimecho|49/100 psn|[from] psn
|upkeep
|turn|11
|
|t:|1779707944
|switch|p1a: Walking Wake|Walking Wake|100/100
|-activate|p1a: Walking Wake|ability: Protosynthesis
|-start|p1a: Walking Wake|protosynthesisspe
|move|p2a: Chimecho|Recover|p2a: Chimecho
|-heal|p2a: Chimecho|99/100 psn
|
|-weather|SunnyDay|[upkeep]
|-heal|p2a: Chimecho|100/100 psn|[from] item: Leftovers
|-damage|p2a: Chimecho|88/100 psn|[from] psn
|upkeep
|turn|12
|
|t:|1779707952
|move|p1a: Walking Wake|Hydro Steam|p2a: Chimecho
|-damage|p2a: Chimecho|44/100 psn
|-damage|p1a: Walking Wake|91/100|[from] item: Life Orb
|move|p2a: Chimecho|Charge Beam|p1a: Walking Wake
|-damage|p1a: Walking Wake|59/100
|
|-weather|SunnyDay|[upkeep]
|-heal|p2a: Chimecho|50/100 psn|[from] item: Leftovers
|-damage|p2a: Chimecho|38/100 psn|[from] psn
|upkeep
|turn|13
|
|t:|1779707962
|move|p1a: Walking Wake|Draco Meteor|p2a: Chimecho
|-damage|p2a: Chimecho|0 fnt
|-unboost|p1a: Walking Wake|spa|2
|faint|p2a: Chimecho
|-damage|p1a: Walking Wake|49/100|[from] item: Life Orb
|
|-weather|SunnyDay|[upkeep]
|upkeep
|
|t:|1779707967
|switch|p2a: Mimikyu|Mimikyu, F|100/100
|turn|14
|
|t:|1779707986
|move|p1a: Walking Wake|Hydro Steam|p2a: Mimikyu
|-activate|p2a: Mimikyu|ability: Disguise
|-damage|p2a: Mimikyu|100/100
|detailschange|p2a: Mimikyu|Mimikyu-Busted, F
|-damage|p2a: Mimikyu|88/100|[from] pokemon: Mimikyu-Busted
|-enditem|p2a: Mimikyu|Red Card|[of] p1a: Walking Wake
|-end|p1a: Walking Wake|Protosynthesis|[silent]
|drag|p1a: Great Tusk|Great Tusk|100/100
|-activate|p1a: Great Tusk|ability: Protosynthesis
|-start|p1a: Great Tusk|protosynthesisatk
|move|p2a: Mimikyu|Swords Dance|p2a: Mimikyu
|-boost|p2a: Mimikyu|atk|2
|
|-weather|SunnyDay|[upkeep]
|upkeep
|turn|15
|l|☆hameed425
|inactive|hameed425 disconnected and has a minute to reconnect!
|player|p1|
|inactive|hameed425 has 30 seconds to reconnect!
|inactive|hameed425 has 20 seconds to reconnect!
|inactive|hameed425 has 15 seconds to reconnect!
|inactive|hameed425 has 10 seconds to reconnect!
|inactive|hameed425 has 5 seconds to reconnect!
|-message|hameed425 lost due to inactivity.
|
|win|banjo guro
|raw|hameed425's rating: 1358 &rarr; <strong>1339</strong><br />(-19 for losing)
|raw|banjo guro's rating: 1375 &rarr; <strong>1394</strong><br />(+19 for winning)
|j|☆hameed425
|player|p1|hameed425|102|
|l|☆banjo guro
|player|p2|
