|j|☆smashdashsonick
|j|☆swatch tower
|t:|1779556852
|gametype|singles
|player|p1|smashdashsonick|170|1120
|player|p2|swatch tower|depotagent|1164
|gen|9
|tier|[Gen 9] OU
|rated|
|rule|HP Percentage Mod: HP is shown in percentages
|rule|Endless Battle Clause: Forcing endless battles is banned
|rule|Species Clause: Limit one of each Pokémon
|rule|OHKO Clause: OHKO moves are banned
|rule|Evasion Items Clause: Evasion items are banned
|rule|Evasion Moves Clause: Evasion moves are banned
|rule|Evasion Abilities Clause: Evasion abilities are banned
|rule|Sleep Moves Clause: Sleep-inducing moves are banned
|clearpoke
|poke|p1|Kommo-o, M|
|poke|p1|Darkrai|
|poke|p1|Great Tusk|
|poke|p1|Rillaboom, F|
|poke|p1|Enamorus, F|
|poke|p1|Kingambit, M|
|poke|p2|Golurk|
|poke|p2|Grimmsnarl, M|
|poke|p2|Deoxys-Speed|
|poke|p2|Greninja-*, M|
|poke|p2|Thundurus, M|
|poke|p2|Corviknight, F|
|teampreview
|
|t:|1779556886
|teamsize|p1|6
|teamsize|p2|6
|start
|switch|p1a: Enamorus|Enamorus, F|100/100
|switch|p2a: Deoxys|Deoxys-Speed|100/100
|-ability|p2a: Deoxys|Pressure
|turn|1
|
|t:|1779556894
|move|p2a: Deoxys|Psycho Boost|p1a: Enamorus
|-damage|p1a: Enamorus|11/100
|-unboost|p2a: Deoxys|spa|2
|-enditem|p2a: Deoxys|Eject Pack
|
|t:|1779556901
|switch|p2a: Thundurus|Thundurus, M|100/100
|move|p1a: Enamorus|Superpower|p2a: Thundurus
|-resisted|p2a: Thundurus
|-damage|p2a: Thundurus|70/100
|-boost|p1a: Enamorus|atk|1
|-boost|p1a: Enamorus|def|1
|
|-heal|p1a: Enamorus|17/100|[from] item: Leftovers
|upkeep
|turn|2
|
|t:|1779556928
|move|p2a: Thundurus|Volt Switch|p1a: Enamorus
|-supereffective|p1a: Enamorus
|-damage|p1a: Enamorus|0 fnt
|faint|p1a: Enamorus
|
|t:|1779556937
|switch|p2a: Golurk|Golurk, shiny|100/100|[from] Volt Switch
|
|upkeep
|
|t:|1779556945
|switch|p1a: Rillaboom|Rillaboom, F, shiny|100/100
|-fieldstart|move: Grassy Terrain|[from] ability: Grassy Surge|[of] p1a: Rillaboom
|turn|3
|
|t:|1779556951
|-terastallize|p2a: Golurk|Grass
|move|p1a: Rillaboom|Swords Dance|p1a: Rillaboom
|-boost|p1a: Rillaboom|atk|2
|move|p2a: Golurk|Poltergeist|p1a: Rillaboom
|-activate|p1a: Rillaboom|move: Poltergeist|Terrain Extender
|-damage|p1a: Rillaboom|34/100
|-damage|p2a: Golurk|91/100|[from] item: Life Orb
|
|-heal|p1a: Rillaboom|40/100|[from] Grassy Terrain
|-heal|p2a: Golurk|97/100|[from] Grassy Terrain
|upkeep
|turn|4
|
|t:|1779556962
|move|p1a: Rillaboom|Drain Punch|p2a: Golurk
|-damage|p2a: Golurk|45/100
|-heal|p1a: Rillaboom|60/100|[from] drain|[of] p2a: Golurk
|move|p2a: Golurk|Poltergeist|p1a: Rillaboom
|-activate|p1a: Rillaboom|move: Poltergeist|Terrain Extender
|-damage|p1a: Rillaboom|0 fnt
|faint|p1a: Rillaboom
|-damage|p2a: Golurk|35/100|[from] item: Life Orb
|
|-heal|p2a: Golurk|41/100|[from] Grassy Terrain
|upkeep
|
|t:|1779556977
|switch|p1a: Kommo-o|Kommo-o, M|100/100
|turn|5
|
|t:|1779556981
|move|p1a: Kommo-o|Clangorous Soul|p1a: Kommo-o
|-boost|p1a: Kommo-o|atk|1
|-boost|p1a: Kommo-o|def|1
|-boost|p1a: Kommo-o|spa|1
|-boost|p1a: Kommo-o|spd|1
|-boost|p1a: Kommo-o|spe|1
|-damage|p1a: Kommo-o|68/100
|move|p2a: Golurk|Earthquake|p1a: Kommo-o
|-damage|p1a: Kommo-o|42/100
|-damage|p2a: Golurk|32/100|[from] item: Life Orb
|
|-heal|p1a: Kommo-o|48/100|[from] Grassy Terrain
|-heal|p1a: Kommo-o|54/100|[from] item: Leftovers
|-heal|p2a: Golurk|37/100|[from] Grassy Terrain
|upkeep
|turn|6
|inactive|Battle timer is ON: inactive players will automatically lose when time's up. (requested by smashdashsonick)
|
|t:|1779556998
|move|p1a: Kommo-o|Drain Punch|p2a: Golurk
|-damage|p2a: Golurk|0 fnt
|-heal|p1a: Kommo-o|75/100|[from] drain|[of] p2a: Golurk
|faint|p2a: Golurk
|
|-heal|p1a: Kommo-o|81/100|[from] Grassy Terrain
|-heal|p1a: Kommo-o|87/100|[from] item: Leftovers
|upkeep
|
|t:|1779557006
|switch|p2a: Grimmsnarl|Grimmsnarl, M|100/100
|turn|7
|
|t:|1779557014
|move|p1a: Kommo-o|Iron Head|p2a: Grimmsnarl
|-supereffective|p2a: Grimmsnarl
|-damage|p2a: Grimmsnarl|35/100
|move|p2a: Grimmsnarl|Spirit Break|p1a: Kommo-o
|-supereffective|p1a: Kommo-o
|-damage|p1a: Kommo-o|3/100
|-unboost|p1a: Kommo-o|spa|1
|
|-heal|p1a: Kommo-o|9/100|[from] Grassy Terrain
|-heal|p1a: Kommo-o|16/100|[from] item: Leftovers
|-heal|p2a: Grimmsnarl|41/100|[from] Grassy Terrain
|-heal|p2a: Grimmsnarl|47/100|[from] item: Leftovers
|upkeep
|turn|8
|
|t:|1779557026
|move|p2a: Grimmsnarl|Thunder Wave|p1a: Kommo-o
|-status|p1a: Kommo-o|par
|move|p1a: Kommo-o|Iron Head|p2a: Grimmsnarl
|-supereffective|p2a: Grimmsnarl
|-damage|p2a: Grimmsnarl|0 fnt
|faint|p2a: Grimmsnarl
|
|-heal|p1a: Kommo-o|22/100 par|[from] Grassy Terrain
|-heal|p1a: Kommo-o|28/100 par|[from] item: Leftovers
|upkeep
|
|t:|1779557035
|switch|p2a: Corviknight|Corviknight, F|100/100
|-ability|p2a: Corviknight|Pressure
|turn|9
|
|t:|1779557039
|cant|p1a: Kommo-o|par
|move|p2a: Corviknight|Bulk Up|p2a: Corviknight
|-boost|p2a: Corviknight|atk|1
|-boost|p2a: Corviknight|def|1
|
|-heal|p1a: Kommo-o|34/100 par|[from] Grassy Terrain
|-heal|p1a: Kommo-o|40/100 par|[from] item: Leftovers
|upkeep
|turn|10
|
|t:|1779557049
|cant|p1a: Kommo-o|par
|move|p2a: Corviknight|Bulk Up|p2a: Corviknight
|-boost|p2a: Corviknight|atk|1
|-boost|p2a: Corviknight|def|1
|
|-heal|p1a: Kommo-o|47/100 par|[from] Grassy Terrain
|-heal|p1a: Kommo-o|53/100 par|[from] item: Leftovers
|-fieldend|move: Grassy Terrain
|upkeep
|turn|11
|-message|smashdashsonick forfeited.
|
|win|swatch tower
|raw|smashdashsonick's rating: 1120 &rarr; <strong>1098</strong><br />(-22 for losing)
|raw|swatch tower's rating: 1164 &rarr; <strong>1186</strong><br />(+22 for winning)
|l|☆smashdashsonick
|player|p1|
|l|☆swatch tower
|player|p2|
