|j|☆A05236
|j|☆Abyssal Bot
|t:|1779569001
|gametype|singles
|player|p1|A05236|265|
|player|p2|Abyssal Bot|supernerd|
|teamsize|p1|6
|teamsize|p2|6
|gen|9
|tier|[Gen 9] OU
|rule|Species Clause: Limit one of each Pokémon
|rule|OHKO Clause: OHKO moves are banned
|rule|Evasion Items Clause: Evasion items are banned
|rule|Evasion Moves Clause: Evasion moves are banned
|rule|Endless Battle Clause: Forcing endless battles is banned
|rule|HP Percentage Mod: HP is shown in percentages
|rule|Sleep Moves Clause: Sleep-inducing moves are banned
|clearpoke
|poke|p1|Rufflet, M|
|poke|p1|Dipplin, F|
|poke|p1|Carkol, M|
|poke|p1|Dragonair, F|
|poke|p1|Magnezone|
|poke|p1|Dragonite, F|
|poke|p2|Ting-Lu|
|poke|p2|Dragapult, F|
|poke|p2|Slowking-Galar, M|
|poke|p2|Kingambit, M|
|poke|p2|Gliscor, F|
|poke|p2|Zamazenta-*|
|teampreview
|c|☆Abyssal Bot|**WARNING**: Expect much hax.
|inactive|Battle timer is ON: inactive players will automatically lose when time's up. (requested by Abyssal Bot)
|j|*Turbo Bottttt
|
|t:|1779569003
|start
|switch|p1a: twice|Rufflet, M|100/100
|switch|p2a: Zamazenta|Zamazenta|100/100
|-ability|p2a: Zamazenta|Dauntless Shield|boost
|-boost|p2a: Zamazenta|def|1
|turn|1
|
|t:|1779569007
|move|p2a: Zamazenta|Close Combat|p1a: twice
|-damage|p1a: twice|20/100
|-unboost|p2a: Zamazenta|def|1
|-unboost|p2a: Zamazenta|spd|1
|move|p1a: twice|Brave Bird|p2a: Zamazenta
|-supereffective|p2a: Zamazenta
|-damage|p2a: Zamazenta|0
|faint|p2a: Zamazenta
|-damage|p1a: twice|0|[from] Recoil
|faint|p1a: twice
|
|upkeep
|
|t:|1779569011
|switch|p2a: Gliscor|Gliscor, F|100/100
|switch|p1a: safety concerns|Dipplin, F|100/100
|turn|2
|
|t:|1779569016
|switch|p2a: Kingambit|Kingambit, M|100/100
|-activate|p2a: Kingambit|ability: Supreme Overlord
|-start|p2a: Kingambit|fallen1|[silent]
|switch|p1a: the agency|Dragonite, F|100/100
|
|upkeep
|turn|3
|
|t:|1779569018
|move|p2a: Kingambit|Sucker Punch||[still]
|-fail|p2a: Kingambit
|move|p1a: the agency|Dragon Dance|p1a: the agency
|-boost|p1a: the agency|atk|1
|-boost|p1a: the agency|spe|1
|
|upkeep
|turn|4
|
|t:|1779569021
|move|p1a: the agency|Encore|p2a: Kingambit
|-start|p2a: Kingambit|Encore
|move|p2a: Kingambit|Sucker Punch||[still]
|-fail|p2a: Kingambit
|
|upkeep
|turn|5
|
|t:|1779569022
|move|p2a: Kingambit|Sucker Punch||[still]
|-fail|p2a: Kingambit
|move|p1a: the agency|Dragon Dance|p1a: the agency
|-boost|p1a: the agency|atk|1
|-boost|p1a: the agency|spe|1
|
|upkeep
|turn|6
|
|t:|1779569026
|move|p2a: Kingambit|Sucker Punch||[still]
|-fail|p2a: Kingambit
|move|p1a: the agency|Dragon Dance|p1a: the agency
|-boost|p1a: the agency|atk|1
|-boost|p1a: the agency|spe|1
|
|-end|p2a: Kingambit|Encore
|upkeep
|turn|7
|
|t:|1779569028
|move|p1a: the agency|Encore|p2a: Kingambit
|-start|p2a: Kingambit|Encore
|move|p2a: Kingambit|Sucker Punch||[still]
|-fail|p2a: Kingambit
|
|upkeep
|turn|8
|
|t:|1779569030
|move|p2a: Kingambit|Sucker Punch||[still]
|-fail|p2a: Kingambit
|move|p1a: the agency|Dragon Dance|p1a: the agency
|-boost|p1a: the agency|atk|1
|-boost|p1a: the agency|spe|1
|
|upkeep
|turn|9
|
|t:|1779569033
|move|p2a: Kingambit|Sucker Punch||[still]
|-fail|p2a: Kingambit
|move|p1a: the agency|Dragon Dance|p1a: the agency
|-boost|p1a: the agency|atk|1
|-boost|p1a: the agency|spe|1
|
|-end|p2a: Kingambit|Encore
|upkeep
|turn|10
|
|t:|1779569036
|move|p2a: Kingambit|Sucker Punch||[still]
|-fail|p2a: Kingambit
|move|p1a: the agency|Encore||[still]
|-fail|p1a: the agency
|
|upkeep
|turn|11
|
|t:|1779569040
|move|p1a: the agency|Fire Punch|p2a: Kingambit
|-supereffective|p2a: Kingambit
|-damage|p2a: Kingambit|0
|faint|p2a: Kingambit
|-end|p2a: Kingambit|fallen1|[silent]
|
|upkeep
|
|t:|1779569040
|switch|p2a: Slowking|Slowking-Galar, M|100/100
|turn|12
|
|t:|1779569044
|move|p1a: the agency|Scale Shot|p2a: Slowking
|-damage|p2a: Slowking|52/100
|-damage|p2a: Slowking|0
|faint|p2a: Slowking
|-hitcount|p2: Slowking|2
|-unboost|p1a: the agency|def|1
|-boost|p1a: the agency|spe|1
|
|upkeep
|
|t:|1779569044
|switch|p2a: Gliscor|Gliscor, F|100/100
|turn|13
|
|t:|1779569046
|move|p1a: the agency|Scale Shot|p2a: Gliscor
|-damage|p2a: Gliscor|60/100
|-damage|p2a: Gliscor|21/100
|-damage|p2a: Gliscor|0
|faint|p2a: Gliscor
|-hitcount|p2: Gliscor|3
|-unboost|p1a: the agency|def|1
|
|upkeep
|
|t:|1779569046
|switch|p2a: Ting-Lu|Ting-Lu|100/100
|-ability|p2a: Ting-Lu|Vessel of Ruin
|turn|14
|
|t:|1779569050
|move|p1a: the agency|Scale Shot|p2a: Ting-Lu
|-damage|p2a: Ting-Lu|74/100
|-crit|p2a: Ting-Lu
|-damage|p2a: Ting-Lu|37/100
|-damage|p2a: Ting-Lu|14/100
|-crit|p2a: Ting-Lu
|-damage|p2a: Ting-Lu|0
|faint|p2a: Ting-Lu
|-hitcount|p2: Ting-Lu|4
|-unboost|p1a: the agency|def|1
|
|upkeep
|c|☆Abyssal Bot|Oh crap, that crit...
|c|☆Abyssal Bot|Oh crap, that crit...
|
|t:|1779569050
|switch|p2a: Dragapult|Dragapult, F|100/100
|turn|15
|
|t:|1779569055
|move|p1a: the agency|Fire Punch|p2a: Dragapult
|-resisted|p2a: Dragapult
|-damage|p2a: Dragapult|36/100
|move|p2a: Dragapult|Draco Meteor|p1a: the agency
|-supereffective|p1a: the agency
|-damage|p1a: the agency|45/100
|-unboost|p2a: Dragapult|spa|2
|
|upkeep
|turn|16
|
|t:|1779569058
|move|p1a: the agency|Fire Punch|p2a: Dragapult
|-resisted|p2a: Dragapult
|-damage|p2a: Dragapult|0
|faint|p2a: Dragapult
|
|win|A05236
|c|☆Abyssal Bot|This loss doesn't matter, because I'm just a bot.
|l|☆Abyssal Bot
|player|p2|
|l|*Turbo Bottttt
