|j|☆kopv
|j|☆Holy Air
|t:|1779583230
|gametype|singles
|player|p1|kopv|bugcatcher-gen4dp|1428
|player|p2|Holy Air|miku-ground|1455
|gen|9
|tier|[Gen 9] OU
|rated|
|rule|HP Percentage Mod: HP is shown in percentages
|rule|Endless Battle Clause: Forcing endless battles is banned
|rule|Species Clause: Limit one of each Pokémon
|rule|OHKO Clause: OHKO moves are banned
|rule|Evasion Items Clause: Evasion items are banned
|rule|Evasion Moves Clause: Evasion moves are banned
|rule|Evasion Abilities Clause: Evasion abilities are banned
|rule|Sleep Moves Clause: Sleep-inducing moves are banned
|clearpoke
|poke|p1|Pelipper, F|
|poke|p1|Barraskewda, M|
|poke|p1|Iron Treads|
|poke|p1|Bruxish, F|
|poke|p1|Raging Bolt|
|poke|p1|Enamorus, F|
|poke|p2|Ribombee, M|
|poke|p2|Ogerpon-Wellspring, F|
|poke|p2|Glimmora, M|
|poke|p2|Ceruledge, M|
|poke|p2|Gholdengo|
|poke|p2|Zamazenta-*|
|teampreview
|inactive|Battle timer is ON: inactive players will automatically lose when time's up. (requested by Holy Air)
|
|t:|1779583244
|teamsize|p1|6
|teamsize|p2|6
|start
|switch|p1a: Iron Treads|Iron Treads|100/100
|switch|p2a: Ribombee|Ribombee, M|100/100
|turn|1
|
|t:|1779583248
|switch|p2a: Ceruledge|Ceruledge, M|100/100
|move|p1a: Iron Treads|Rapid Spin|p2a: Ceruledge
|-immune|p2a: Ceruledge
|
|upkeep
|turn|2
|
|t:|1779583267
|move|p1a: Iron Treads|Earth Power|p2a: Ceruledge
|-supereffective|p2a: Ceruledge
|-damage|p2a: Ceruledge|51/100
|move|p2a: Ceruledge|Poltergeist|p1a: Iron Treads
|-activate|p1a: Iron Treads|move: Poltergeist|Leftovers
|-damage|p1a: Iron Treads|56/100
|
|-heal|p1a: Iron Treads|62/100|[from] item: Leftovers
|-heal|p2a: Ceruledge|57/100|[from] item: Leftovers
|upkeep
|turn|3
|
|t:|1779583283
|move|p1a: Iron Treads|Earth Power|p2a: Ceruledge
|-supereffective|p2a: Ceruledge
|-damage|p2a: Ceruledge|11/100
|move|p2a: Ceruledge|Poltergeist|p1a: Iron Treads
|-activate|p1a: Iron Treads|move: Poltergeist|Leftovers
|-damage|p1a: Iron Treads|13/100
|
|-heal|p1a: Iron Treads|19/100|[from] item: Leftovers
|-heal|p2a: Ceruledge|17/100|[from] item: Leftovers
|upkeep
|turn|4
|
|t:|1779583290
|-end|p1a: Iron Treads|Quark Drive|[silent]
|switch|p1a: 'Ello gov'na|Bruxish, F|100/100
|move|p2a: Ceruledge|Shadow Sneak||[still]
|cant|p1a: 'Ello gov'na|ability: Dazzling|Shadow Sneak|[of] p2a: Ceruledge
|
|-heal|p2a: Ceruledge|24/100|[from] item: Leftovers
|upkeep
|turn|5
|
|t:|1779583303
|switch|p2a: Glimmora|Glimmora, M|100/100
|move|p1a: 'Ello gov'na|Psychic Fangs|p2a: Glimmora
|-supereffective|p2a: Glimmora
|-damage|p2a: Glimmora|0 fnt
|-activate|p2a: Glimmora|ability: Toxic Debris
|-sidestart|p1: kopv|move: Toxic Spikes
|faint|p2a: Glimmora
|
|upkeep
|
|t:|1779583313
|switch|p2a: Ogerpon|Ogerpon-Wellspring, F|100/100
|turn|6
|
|t:|1779583317
|switch|p1a: Raging Bolt|Raging Bolt|100/100
|-status|p1a: Raging Bolt|psn
|move|p2a: Ogerpon|Horn Leech|p1a: Raging Bolt
|-resisted|p1a: Raging Bolt
|-damage|p1a: Raging Bolt|81/100 psn
|
|-heal|p1a: Raging Bolt|87/100 psn|[from] item: Leftovers
|-damage|p1a: Raging Bolt|75/100 psn|[from] psn
|upkeep
|turn|7
|
|t:|1779583323
|switch|p2a: Ribombee|Ribombee, M|100/100
|move|p1a: Raging Bolt|Thunder|p2a: Ribombee|[miss]
|-miss|p1a: Raging Bolt|p2a: Ribombee
|
|-heal|p1a: Raging Bolt|81/100 psn|[from] item: Leftovers
|-damage|p1a: Raging Bolt|69/100 psn|[from] psn
|upkeep
|turn|8
|
|t:|1779583331
|move|p2a: Ribombee|Sticky Web|p1a: Raging Bolt
|-sidestart|p1: kopv|move: Sticky Web
|move|p1a: Raging Bolt|Thunder|p2a: Ribombee
|-enditem|p2a: Ribombee|Focus Sash
|-damage|p2a: Ribombee|1/100
|
|-heal|p1a: Raging Bolt|75/100 psn|[from] item: Leftovers
|-damage|p1a: Raging Bolt|63/100 psn|[from] psn
|upkeep
|turn|9
|
|t:|1779583346
|move|p1a: Raging Bolt|Thunderclap|p2a: Ribombee
|-damage|p2a: Ribombee|0 fnt
|faint|p2a: Ribombee
|
|-heal|p1a: Raging Bolt|69/100 psn|[from] item: Leftovers
|-damage|p1a: Raging Bolt|57/100 psn|[from] psn
|upkeep
|
|t:|1779583367
|switch|p2a: Gholdengo|Gholdengo|100/100
|-item|p2a: Gholdengo|Air Balloon
|turn|10
|
|t:|1779583373
|move|p2a: Gholdengo|Nasty Plot|p2a: Gholdengo
|-boost|p2a: Gholdengo|spa|2
|move|p1a: Raging Bolt|Thunder|p2a: Gholdengo|[miss]
|-miss|p1a: Raging Bolt|p2a: Gholdengo
|
|-heal|p1a: Raging Bolt|63/100 psn|[from] item: Leftovers
|-damage|p1a: Raging Bolt|50/100 psn|[from] psn
|upkeep
|turn|11
|
|t:|1779583381
|move|p1a: Raging Bolt|Thunderclap|p2a: Gholdengo
|-damage|p2a: Gholdengo|55/100
|-enditem|p2a: Gholdengo|Air Balloon
|move|p2a: Gholdengo|Dazzling Gleam|p1a: Raging Bolt
|-supereffective|p1a: Raging Bolt
|-damage|p1a: Raging Bolt|0 fnt
|faint|p1a: Raging Bolt
|-end|p1a: Raging Bolt|Protosynthesis|[silent]
|
|upkeep
|
|t:|1779583387
|switch|p1a: Enamorus|Enamorus, F|100/100
|turn|12
|
|t:|1779583396
|switch|p1a: Iron Treads|Iron Treads|19/100
|-activate|p1a: Iron Treads|move: Sticky Web
|-unboost|p1a: Iron Treads|spe|1
|-terastallize|p2a: Gholdengo|Fairy
|move|p2a: Gholdengo|Make It Rain|p1a: Iron Treads
|-resisted|p1a: Iron Treads
|-damage|p1a: Iron Treads|0 fnt
|-unboost|p2a: Gholdengo|spa|1
|faint|p1a: Iron Treads
|-end|p1a: Iron Treads|Quark Drive|[silent]
|
|upkeep
|
|t:|1779583407
|switch|p1a: Enamorus|Enamorus, F|100/100
|turn|13
|
|t:|1779583411
|move|p1a: Enamorus|Moonblast|p2a: Gholdengo
|-damage|p2a: Gholdengo|0 fnt
|faint|p2a: Gholdengo
|
|upkeep
|
|t:|1779583417
|switch|p2a: Ogerpon|Ogerpon-Wellspring, F|100/100
|turn|14
|
|t:|1779583423
|switch|p1a: Pelipper|Pelipper, F|100/100
|-weather|RainDance|[from] ability: Drizzle|[of] p1a: Pelipper
|move|p2a: Ogerpon|Ivy Cudgel|p1a: Pelipper|[anim] Ivy Cudgel Water
|-resisted|p1a: Pelipper
|-damage|p1a: Pelipper|64/100
|
|-weather|RainDance|[upkeep]
|upkeep
|turn|15
|
|t:|1779583432
|switch|p2a: Ceruledge|Ceruledge, M|24/100
|move|p1a: Pelipper|U-turn|p2a: Ceruledge
|-resisted|p2a: Ceruledge
|-damage|p2a: Ceruledge|20/100
|
|t:|1779583455
|switch|p1a: Barraskewda|Barraskewda, M|100/100|[from] U-turn
|-status|p1a: Barraskewda|psn
|-activate|p1a: Barraskewda|move: Sticky Web
|-unboost|p1a: Barraskewda|spe|1
|
|-weather|RainDance|[upkeep]
|-heal|p2a: Ceruledge|27/100|[from] item: Leftovers
|-damage|p1a: Barraskewda|88/100 psn|[from] psn
|upkeep
|turn|16
|
|t:|1779583467
|move|p2a: Ceruledge|Shadow Sneak|p1a: Barraskewda
|-damage|p1a: Barraskewda|49/100 psn
|move|p1a: Barraskewda|Liquidation|p2a: Ceruledge
|-supereffective|p2a: Ceruledge
|-damage|p2a: Ceruledge|0 fnt
|faint|p2a: Ceruledge
|-damage|p1a: Barraskewda|39/100 psn|[from] item: Life Orb
|
|-weather|RainDance|[upkeep]
|-damage|p1a: Barraskewda|27/100 psn|[from] psn
|upkeep
|
|t:|1779583473
|switch|p2a: Ogerpon|Ogerpon-Wellspring, F|100/100
|turn|17
|
|t:|1779583482
|move|p1a: Barraskewda|Poison Jab|p2a: Ogerpon
|-supereffective|p2a: Ogerpon
|-damage|p2a: Ogerpon|6/100
|-damage|p1a: Barraskewda|17/100 psn|[from] item: Life Orb
|move|p2a: Ogerpon|Swords Dance|p2a: Ogerpon
|-boost|p2a: Ogerpon|atk|2
|
|-weather|RainDance|[upkeep]
|-damage|p1a: Barraskewda|5/100 psn|[from] psn
|upkeep
|turn|18
|
|t:|1779583492
|switch|p2a: Zamazenta|Zamazenta|100/100
|-ability|p2a: Zamazenta|Dauntless Shield|boost
|-boost|p2a: Zamazenta|def|1
|move|p1a: Barraskewda|Close Combat|p2a: Zamazenta
|-damage|p2a: Zamazenta|75/100
|-unboost|p1a: Barraskewda|def|1
|-unboost|p1a: Barraskewda|spd|1
|-damage|p1a: Barraskewda|0 fnt|[from] item: Life Orb
|faint|p1a: Barraskewda
|
|-weather|RainDance|[upkeep]
|-heal|p2a: Zamazenta|81/100|[from] item: Leftovers
|upkeep
|
|t:|1779583502
|switch|p1a: Enamorus|Enamorus, F|100/100
|turn|19
|
|t:|1779583507
|move|p1a: Enamorus|Moonblast|p2a: Zamazenta
|-supereffective|p2a: Zamazenta
|-damage|p2a: Zamazenta|1/100
|move|p2a: Zamazenta|Heavy Slam|p1a: Enamorus
|-supereffective|p1a: Enamorus
|-damage|p1a: Enamorus|13/100
|
|-weather|RainDance|[upkeep]
|-heal|p2a: Zamazenta|7/100|[from] item: Leftovers
|upkeep
|turn|20
|
|t:|1779583520
|move|p1a: Enamorus|Moonblast|p2a: Zamazenta
|-supereffective|p2a: Zamazenta
|-damage|p2a: Zamazenta|0 fnt
|faint|p2a: Zamazenta
|
|-weather|RainDance|[upkeep]
|upkeep
|
|t:|1779583521
|switch|p2a: Ogerpon|Ogerpon-Wellspring, F|6/100
|turn|21
|
|t:|1779583524
|move|p1a: Enamorus|Moonblast|p2a: Ogerpon
|-damage|p2a: Ogerpon|0 fnt
|faint|p2a: Ogerpon
|
|win|kopv
|raw|kopv's rating: 1428 &rarr; <strong>1450</strong><br />(+22 for winning)
|raw|Holy Air's rating: 1455 &rarr; <strong>1433</strong><br />(-22 for losing)
|l|☆Holy Air
|player|p2|
