|j|☆z4nerd
|j|☆Morthill
|t:|1779566967
|gametype|singles
|player|p1|z4nerd|pilot|1446
|player|p2|Morthill|lucas|1454
|gen|9
|tier|[Gen 9] OU
|rated|
|rule|HP Percentage Mod: HP is shown in percentages
|rule|Endless Battle Clause: Forcing endless battles is banned
|rule|Species Clause: Limit one of each Pokémon
|rule|OHKO Clause: OHKO moves are banned
|rule|Evasion Items Clause: Evasion items are banned
|rule|Evasion Moves Clause: Evasion moves are banned
|rule|Evasion Abilities Clause: Evasion abilities are banned
|rule|Sleep Moves Clause: Sleep-inducing moves are banned
|clearpoke
|poke|p1|Dondozo, M|
|poke|p1|Clodsire, F|
|poke|p1|Blissey, F|
|poke|p1|Corviknight, M|
|poke|p1|Gliscor, F|
|poke|p1|Hydrapple, F|
|poke|p2|Heatran, M|
|poke|p2|Cetitan, M|
|poke|p2|Ninetales-Alola, M|
|poke|p2|Kyurem|
|poke|p2|Avalugg, M|
|poke|p2|Zoroark-Hisui, F|
|teampreview
|inactive|Battle timer is ON: inactive players will automatically lose when time's up. (requested by Morthill)
|inactive|z4nerd also wants the timer to be on.
|
|t:|1779566983
|teamsize|p1|6
|teamsize|p2|6
|start
|switch|p1a: Blissey|Blissey, F|100/100
|switch|p2a: Heatran|Heatran, M|100/100
|turn|1
|
|t:|1779566987
|move|p2a: Heatran|Magma Storm|p1a: Blissey
|-damage|p1a: Blissey|83/100
|-activate|p1a: Blissey|move: Magma Storm|[of] p2a: Heatran
|move|p1a: Blissey|Thunder Wave|p2a: Heatran
|-status|p2a: Heatran|par
|
|-damage|p1a: Blissey|70/100|[from] move: Magma Storm|[partiallytrapped]
|upkeep
|turn|2
|
|t:|1779566990
|move|p1a: Blissey|Seismic Toss|p2a: Heatran
|-damage|p2a: Heatran|70/100 par
|move|p2a: Heatran|Heavy Slam|p1a: Blissey
|-damage|p1a: Blissey|40/100
|
|-damage|p1a: Blissey|28/100|[from] move: Magma Storm|[partiallytrapped]
|upkeep
|turn|3
|
|t:|1779566993
|move|p1a: Blissey|Soft-Boiled|p1a: Blissey
|-heal|p1a: Blissey|78/100
|move|p2a: Heatran|Heavy Slam|p1a: Blissey
|-damage|p1a: Blissey|46/100
|
|-damage|p1a: Blissey|33/100|[from] move: Magma Storm|[partiallytrapped]
|upkeep
|turn|4
|
|t:|1779566999
|move|p1a: Blissey|Soft-Boiled|p1a: Blissey
|-heal|p1a: Blissey|84/100
|cant|p2a: Heatran|par
|
|-damage|p1a: Blissey|71/100|[from] move: Magma Storm|[partiallytrapped]
|upkeep
|turn|5
|
|t:|1779567004
|move|p1a: Blissey|Seismic Toss|p2a: Heatran
|-damage|p2a: Heatran|39/100 par
|move|p2a: Heatran|Will-O-Wisp|p1a: Blissey
|-status|p1a: Blissey|brn
|
|-damage|p1a: Blissey|65/100 brn|[from] brn
|-damage|p1a: Blissey|53/100 brn|[from] move: Magma Storm|[partiallytrapped]
|upkeep
|turn|6
|
|t:|1779567007
|move|p1a: Blissey|Soft-Boiled|p1a: Blissey
|-heal|p1a: Blissey|100/100 brn
|move|p2a: Heatran|Heavy Slam|p1a: Blissey
|-damage|p1a: Blissey|69/100 brn
|
|-damage|p1a: Blissey|63/100 brn|[from] brn
|-end|p1a: Blissey|Magma Storm|[partiallytrapped]
|upkeep
|turn|7
|
|t:|1779567010
|-curestatus|p1a: Blissey|brn|[from] ability: Natural Cure|[silent]
|switch|p1a: Gliscor|Gliscor, F|100/100
|move|p2a: Heatran|Magma Storm|p1a: Gliscor
|-damage|p1a: Gliscor|28/100
|-activate|p1a: Gliscor|move: Magma Storm|[of] p2a: Heatran
|
|-damage|p1a: Gliscor|15/100|[from] move: Magma Storm|[partiallytrapped]
|-status|p1a: Gliscor|tox|[from] item: Toxic Orb
|upkeep
|turn|8
|
|t:|1779567021
|switch|p2a: Ninetales|Ninetales-Alola, M, shiny|100/100
|-weather|Snowscape|[from] ability: Snow Warning|[of] p2a: Ninetales
|move|p1a: Gliscor|Earthquake|p2a: Ninetales
|-damage|p2a: Ninetales|75/100
|
|-weather|Snowscape|[upkeep]
|-heal|p1a: Gliscor|28/100 tox|[from] ability: Poison Heal
|-end|p1a: Gliscor|Magma Storm|[partiallytrapped]|[silent]
|upkeep
|turn|9
|
|t:|1779567027
|move|p1a: Gliscor|Protect|p1a: Gliscor
|-singleturn|p1a: Gliscor|Protect
|move|p2a: Ninetales|Blizzard|p1a: Gliscor
|-activate|p1a: Gliscor|move: Protect
|
|-weather|Snowscape|[upkeep]
|-heal|p1a: Gliscor|40/100 tox|[from] ability: Poison Heal
|upkeep
|turn|10
|
|t:|1779567031
|switch|p1a: Blissey|Blissey, F|63/100
|move|p2a: Ninetales|Aurora Veil|p2a: Ninetales
|-sidestart|p2: Morthill|move: Aurora Veil
|
|-weather|Snowscape|[upkeep]
|upkeep
|turn|11
|
|t:|1779567036
|switch|p2a: Ninetales|Ninetales-Alola, M, shiny|100/100
|move|p1a: Blissey|Thunder Wave|p2a: Ninetales
|-status|p2a: Ninetales|par
|
|-weather|Snowscape|[upkeep]
|upkeep
|turn|12
|
|t:|1779567045
|switch|p2a: Heatran|Heatran, M|39/100 par
|switch|p1a: Corviknight|Corviknight, M|100/100
|-ability|p1a: Corviknight|Pressure
|
|-weather|none
|upkeep
|turn|13
|
|t:|1779567050
|move|p1a: Corviknight|U-turn|p2a: Heatran
|-resisted|p2a: Heatran
|-damage|p2a: Heatran|37/100 par
|
|t:|1779567052
|switch|p1a: Clodsire|Clodsire, F|100/100|[from] U-turn
|move|p2a: Heatran|Magma Storm|p1a: Clodsire
|-damage|p1a: Clodsire|69/100
|-activate|p1a: Clodsire|move: Magma Storm|[of] p2a: Heatran
|
|-damage|p1a: Clodsire|56/100|[from] move: Magma Storm|[partiallytrapped]
|upkeep
|turn|14
|
|t:|1779567055
|move|p2a: Heatran|Earth Power|p1a: Clodsire
|-supereffective|p1a: Clodsire
|-damage|p1a: Clodsire|21/100
|move|p1a: Clodsire|Earthquake|p2a: Heatran
|-supereffective|p2a: Heatran
|-damage|p2a: Heatran|0 fnt
|faint|p2a: Heatran
|
|-end|p1a: Clodsire|Magma Storm|[partiallytrapped]|[silent]
|upkeep
|
|t:|1779567059
|switch|p2a: Cetitan|Cetitan, M, shiny|100/100
|turn|15
|
|t:|1779567065
|switch|p1a: Corviknight|Corviknight, M|100/100
|-ability|p1a: Corviknight|Pressure
|move|p2a: Cetitan|Earthquake|p1a: Corviknight
|-immune|p1a: Corviknight
|
|upkeep
|turn|16
|
|t:|1779567072
|switch|p2a: Kyurem|Kyurem|100/100
|-ability|p2a: Kyurem|Pressure
|move|p1a: Corviknight|Iron Head|p2a: Kyurem
|-supereffective|p2a: Kyurem
|-damage|p2a: Kyurem|75/100
|
|upkeep
|turn|17
|
|t:|1779567076
|move|p2a: Kyurem|Freeze-Dry|p1a: Corviknight
|-damage|p1a: Corviknight|64/100
|move|p1a: Corviknight|Iron Head|p2a: Kyurem
|-supereffective|p2a: Kyurem
|-damage|p2a: Kyurem|48/100
|
|-heal|p1a: Corviknight|70/100|[from] item: Leftovers
|-sideend|p2: Morthill|move: Aurora Veil
|upkeep
|turn|18
|
|t:|1779567081
|move|p2a: Kyurem|Freeze-Dry|p1a: Corviknight
|-damage|p1a: Corviknight|33/100
|move|p1a: Corviknight|Iron Head|p2a: Kyurem
|-supereffective|p2a: Kyurem
|-damage|p2a: Kyurem|0 fnt
|faint|p2a: Kyurem
|
|-heal|p1a: Corviknight|39/100|[from] item: Leftovers
|upkeep
|
|t:|1779567086
|switch|p2a: Ninetales|Ninetales-Alola, M, shiny|100/100 par
|turn|19
|
|t:|1779567089
|move|p2a: Ninetales|Bitter Malice|p1a: Corviknight
|-damage|p1a: Corviknight|4/100
|-unboost|p1a: Corviknight|atk|1
|move|p1a: Corviknight|Roost|p1a: Corviknight
|-heal|p1a: Corviknight|54/100
|-singleturn|p1a: Corviknight|move: Roost
|
|-heal|p1a: Corviknight|60/100|[from] item: Leftovers
|upkeep
|turn|20
|
|t:|1779567096
|switch|p1a: Blissey|Blissey, F|63/100
|move|p2a: Ninetales|Nasty Plot|p2a: Ninetales
|-boost|p2a: Ninetales|spa|2
|
|upkeep
|turn|21
|
|t:|1779567102
|cant|p2a: Ninetales|par
|move|p1a: Blissey|Seismic Toss|p2a: Ninetales
|-immune|p2a: Ninetales
|
|upkeep
|turn|22
|
|t:|1779567108
|switch|p1a: Clodsire|Clodsire, F|21/100
|move|p2a: Ninetales|Nasty Plot|p2a: Ninetales
|-boost|p2a: Ninetales|spa|2
|
|upkeep
|turn|23
|
|t:|1779567113
|-terastallize|p1a: Clodsire|Dark
|move|p2a: Ninetales|Bitter Malice|p1a: Clodsire
|-resisted|p1a: Clodsire
|-damage|p1a: Clodsire|11/100
|-unboost|p1a: Clodsire|atk|1
|move|p1a: Clodsire|Recover|p1a: Clodsire
|-heal|p1a: Clodsire|61/100
|
|upkeep
|turn|24
|
|t:|1779567121
|switch|p2a: Avalugg|Avalugg, M|100/100
|move|p1a: Clodsire|Recover|p1a: Clodsire
|-heal|p1a: Clodsire|100/100
|
|upkeep
|turn|25
|
|t:|1779567125
|switch|p1a: Gliscor|Gliscor, F|40/100 tox
|move|p2a: Avalugg|Body Press|p1a: Gliscor
|-resisted|p1a: Gliscor
|-damage|p1a: Gliscor|29/100 tox
|
|-heal|p1a: Gliscor|41/100 tox|[from] ability: Poison Heal
|upkeep
|turn|26
|
|t:|1779567128
|switch|p2a: Ninetales|Ninetales-Alola, M, shiny|100/100 par
|move|p1a: Gliscor|Protect||[still]
|-fail|p1a: Gliscor
|
|-heal|p1a: Gliscor|54/100 tox|[from] ability: Poison Heal
|upkeep
|turn|27
|
|t:|1779567131
|move|p1a: Gliscor|Knock Off|p2a: Ninetales
|-supereffective|p2a: Ninetales
|-damage|p2a: Ninetales|12/100 par
|replace|p2a: Zoroark|Zoroark-Hisui, F
|-end|p2a: Zoroark|Illusion
|-enditem|p2a: Zoroark|Expert Belt|[from] move: Knock Off|[of] p1a: Gliscor
|move|p2a: Zoroark|Shadow Ball|p1a: Gliscor
|-damage|p1a: Gliscor|4/100 tox
|
|-heal|p1a: Gliscor|17/100 tox|[from] ability: Poison Heal
|upkeep
|turn|28
|
|t:|1779567135
|move|p1a: Gliscor|Knock Off|p2a: Zoroark
|-supereffective|p2a: Zoroark
|-damage|p2a: Zoroark|0 fnt
|faint|p2a: Zoroark
|
|-heal|p1a: Gliscor|29/100 tox|[from] ability: Poison Heal
|upkeep
|
|t:|1779567137
|switch|p2a: Ninetales|Ninetales-Alola, M, shiny|75/100
|-weather|Snowscape|[from] ability: Snow Warning|[of] p2a: Ninetales
|turn|29
|
|t:|1779567140
|move|p1a: Gliscor|Protect|p1a: Gliscor
|-singleturn|p1a: Gliscor|Protect
|move|p2a: Ninetales|Aurora Veil|p2a: Ninetales
|-sidestart|p2: Morthill|move: Aurora Veil
|
|-weather|Snowscape|[upkeep]
|-heal|p1a: Gliscor|42/100 tox|[from] ability: Poison Heal
|upkeep
|turn|30
|
|t:|1779567144
|move|p2a: Ninetales|Blizzard|p1a: Gliscor
|-supereffective|p1a: Gliscor
|-damage|p1a: Gliscor|0 fnt
|faint|p1a: Gliscor
|
|-weather|Snowscape|[upkeep]
|upkeep
|
|t:|1779567147
|switch|p1a: Blissey|Blissey, F|63/100
|turn|31
|
|t:|1779567150
|switch|p2a: Avalugg|Avalugg, M|100/100
|move|p1a: Blissey|Thunder Wave|p2a: Avalugg
|-status|p2a: Avalugg|par
|
|-weather|Snowscape|[upkeep]
|upkeep
|turn|32
|
|t:|1779567155
|switch|p1a: Corviknight|Corviknight, M|60/100
|-ability|p1a: Corviknight|Pressure
|move|p2a: Avalugg|Body Press|p1a: Corviknight
|-damage|p1a: Corviknight|36/100
|
|-weather|Snowscape|[upkeep]
|-heal|p1a: Corviknight|42/100|[from] item: Leftovers
|upkeep
|turn|33
|
|t:|1779567161
|move|p1a: Corviknight|Roost|p1a: Corviknight
|-heal|p1a: Corviknight|92/100
|-singleturn|p1a: Corviknight|move: Roost
|cant|p2a: Avalugg|par
|
|-weather|none
|-heal|p1a: Corviknight|98/100|[from] item: Leftovers
|upkeep
|turn|34
|
|t:|1779567164
|move|p1a: Corviknight|Iron Head|p2a: Avalugg
|-supereffective|p2a: Avalugg
|-damage|p2a: Avalugg|90/100 par
|-damage|p1a: Corviknight|81/100|[from] item: Rocky Helmet|[of] p2a: Avalugg
|move|p2a: Avalugg|Iron Defense|p2a: Avalugg
|-boost|p2a: Avalugg|def|2
|
|-heal|p1a: Corviknight|87/100|[from] item: Leftovers
|upkeep
|turn|35
|
|t:|1779567168
|move|p1a: Corviknight|U-turn|p2a: Avalugg
|-damage|p2a: Avalugg|89/100 par
|-damage|p1a: Corviknight|71/100|[from] item: Rocky Helmet|[of] p2a: Avalugg
|
|t:|1779567175
|switch|p1a: Dondozo|Dondozo, M, shiny|100/100|[from] U-turn
|cant|p2a: Avalugg|par
|
|upkeep
|turn|36
|
|t:|1779567177
|move|p1a: Dondozo|Curse|p1a: Dondozo
|-unboost|p1a: Dondozo|spe|1
|-boost|p1a: Dondozo|atk|1
|-boost|p1a: Dondozo|def|1
|move|p2a: Avalugg|Body Press|p1a: Dondozo
|-damage|p1a: Dondozo|89/100
|
|-sideend|p2: Morthill|move: Aurora Veil
|upkeep
|turn|37
|
|t:|1779567184
|move|p1a: Dondozo|Body Press|p2a: Avalugg
|-supereffective|p2a: Avalugg
|-damage|p2a: Avalugg|58/100 par
|-damage|p1a: Dondozo|72/100|[from] item: Rocky Helmet|[of] p2a: Avalugg
|move|p2a: Avalugg|Body Press|p1a: Dondozo
|-damage|p1a: Dondozo|60/100
|
|upkeep
|turn|38
|
|t:|1779567187
|move|p1a: Dondozo|Body Press|p2a: Avalugg
|-supereffective|p2a: Avalugg
|-damage|p2a: Avalugg|25/100 par
|-damage|p1a: Dondozo|43/100|[from] item: Rocky Helmet|[of] p2a: Avalugg
|move|p2a: Avalugg|Recover|p2a: Avalugg
|-heal|p2a: Avalugg|75/100 par
|
|upkeep
|turn|39
|
|t:|1779567190
|move|p1a: Dondozo|Rest|p1a: Dondozo
|-status|p1a: Dondozo|slp|[from] move: Rest
|-heal|p1a: Dondozo|100/100 slp|[silent]
|move|p2a: Avalugg|Body Press|p1a: Dondozo
|-damage|p1a: Dondozo|89/100 slp
|
|upkeep
|turn|40
|
|t:|1779567197
|cant|p1a: Dondozo|slp
|move|p2a: Avalugg|Body Press|p1a: Dondozo
|-damage|p1a: Dondozo|76/100 slp
|
|upkeep
|turn|41
|
|t:|1779567203
|cant|p1a: Dondozo|slp
|move|p2a: Avalugg|Iron Defense|p2a: Avalugg
|-boost|p2a: Avalugg|def|2
|
|upkeep
|turn|42
|
|t:|1779567209
|-curestatus|p1a: Dondozo|slp|[msg]
|move|p1a: Dondozo|Curse|p1a: Dondozo
|-unboost|p1a: Dondozo|spe|1
|-boost|p1a: Dondozo|atk|1
|-boost|p1a: Dondozo|def|1
|move|p2a: Avalugg|Body Press|p1a: Dondozo
|-damage|p1a: Dondozo|66/100
|
|upkeep
|turn|43
|
|t:|1779567220
|move|p1a: Dondozo|Curse|p1a: Dondozo
|-unboost|p1a: Dondozo|spe|1
|-boost|p1a: Dondozo|atk|1
|-boost|p1a: Dondozo|def|1
|move|p2a: Avalugg|Body Press|p1a: Dondozo
|-damage|p1a: Dondozo|59/100
|
|upkeep
|turn|44
|
|t:|1779567227
|move|p1a: Dondozo|Curse|p1a: Dondozo
|-unboost|p1a: Dondozo|spe|1
|-boost|p1a: Dondozo|atk|1
|-boost|p1a: Dondozo|def|1
|move|p2a: Avalugg|Body Press|p1a: Dondozo
|-damage|p1a: Dondozo|53/100
|
|upkeep
|turn|45
|
|t:|1779567229
|move|p2a: Avalugg|Body Press|p1a: Dondozo
|-damage|p1a: Dondozo|46/100
|move|p1a: Dondozo|Curse|p1a: Dondozo
|-unboost|p1a: Dondozo|spe|1
|-boost|p1a: Dondozo|atk|1
|-boost|p1a: Dondozo|def|1
|
|upkeep
|turn|46
|
|t:|1779567233
|move|p2a: Avalugg|Body Press|p1a: Dondozo
|-damage|p1a: Dondozo|40/100
|move|p1a: Dondozo|Curse|p1a: Dondozo
|-unboost|p1a: Dondozo|spe|1
|-boost|p1a: Dondozo|atk|1
|-boost|p1a: Dondozo|def|1
|
|upkeep
|turn|47
|
|t:|1779567236
|move|p2a: Avalugg|Body Press|p1a: Dondozo
|-damage|p1a: Dondozo|36/100
|move|p1a: Dondozo|Rest|p1a: Dondozo
|-status|p1a: Dondozo|slp|[from] move: Rest
|-heal|p1a: Dondozo|100/100 slp|[silent]
|
|upkeep
|turn|48
|
|t:|1779567239
|switch|p2a: Ninetales|Ninetales-Alola, M, shiny|75/100
|-weather|Snowscape|[from] ability: Snow Warning|[of] p2a: Ninetales
|cant|p1a: Dondozo|slp
|
|-weather|Snowscape|[upkeep]
|upkeep
|turn|49
|
|t:|1779567243
|switch|p1a: Blissey|Blissey, F|63/100
|move|p2a: Ninetales|Roar|p1a: Blissey
|drag|p1a: Hydrapple|Hydrapple, F|100/100
|
|-weather|Snowscape|[upkeep]
|upkeep
|turn|50
|
|t:|1779567253
|switch|p1a: Blissey|Blissey, F|63/100
|move|p2a: Ninetales|Blizzard|p1a: Blissey
|-damage|p1a: Blissey|52/100
|
|-weather|Snowscape|[upkeep]
|upkeep
|turn|51
|
|t:|1779567256
|move|p2a: Ninetales|Blizzard|p1a: Blissey
|-damage|p1a: Blissey|41/100
|-status|p1a: Blissey|frz
|cant|p1a: Blissey|frz
|
|-weather|Snowscape|[upkeep]
|upkeep
|turn|52
|
|t:|1779567263
|switch|p2a: Cetitan|Cetitan, M, shiny|100/100
|-curestatus|p1a: Blissey|frz|[from] ability: Natural Cure|[silent]
|switch|p1a: Corviknight|Corviknight, M|71/100
|-ability|p1a: Corviknight|Pressure
|
|-weather|none
|-heal|p1a: Corviknight|77/100|[from] item: Leftovers
|upkeep
|turn|53
|
|t:|1779567267
|move|p2a: Cetitan|Belly Drum|p2a: Cetitan
|-damage|p2a: Cetitan|50/100
|-setboost|p2a: Cetitan|atk|6|[from] move: Belly Drum
|-enditem|p2a: Cetitan|Sitrus Berry|[eat]
|-heal|p2a: Cetitan|75/100|[from] item: Sitrus Berry
|move|p1a: Corviknight|U-turn|p2a: Cetitan
|-damage|p2a: Cetitan|63/100
|
|t:|1779567273
|switch|p1a: Dondozo|Dondozo, M, shiny|100/100 slp|[from] U-turn
|
|upkeep
|turn|54
|
|t:|1779567275
|move|p2a: Cetitan|Earthquake|p1a: Dondozo
|-damage|p1a: Dondozo|85/100 slp
|cant|p1a: Dondozo|slp
|
|upkeep
|turn|55
|
|t:|1779567283
|move|p2a: Cetitan|Knock Off|p1a: Dondozo
|-damage|p1a: Dondozo|70/100 slp
|-enditem|p1a: Dondozo|Heavy-Duty Boots|[from] move: Knock Off|[of] p2a: Cetitan
|-curestatus|p1a: Dondozo|slp|[msg]
|move|p1a: Dondozo|Curse|p1a: Dondozo
|-unboost|p1a: Dondozo|spe|1
|-boost|p1a: Dondozo|atk|1
|-boost|p1a: Dondozo|def|1
|
|upkeep
|turn|56
|
|t:|1779567287
|move|p2a: Cetitan|Earthquake|p1a: Dondozo
|-damage|p1a: Dondozo|61/100
|move|p1a: Dondozo|Body Press|p2a: Cetitan
|-supereffective|p2a: Cetitan
|-damage|p2a: Cetitan|0 fnt
|faint|p2a: Cetitan
|
|upkeep
|-message|Morthill forfeited.
|
|win|z4nerd
|raw|z4nerd's rating: 1446 &rarr; <strong>1466</strong><br />(+20 for winning)
|raw|Morthill's rating: 1454 &rarr; <strong>1434</strong><br />(-20 for losing)
|l|☆z4nerd
|player|p1|
|l|☆Morthill
|player|p2|
