|j|☆Linkinfernodouglas
|j|☆BigCungusxRemix
|t:|1779671027
|gametype|singles
|player|p1|Linkinfernodouglas|169|1340
|player|p2|BigCungusxRemix|101|1413
|gen|9
|tier|[Gen 9] OU
|rated|
|rule|HP Percentage Mod: HP is shown in percentages
|rule|Endless Battle Clause: Forcing endless battles is banned
|rule|Species Clause: Limit one of each Pokémon
|rule|OHKO Clause: OHKO moves are banned
|rule|Evasion Items Clause: Evasion items are banned
|rule|Evasion Moves Clause: Evasion moves are banned
|rule|Evasion Abilities Clause: Evasion abilities are banned
|rule|Sleep Moves Clause: Sleep-inducing moves are banned
|clearpoke
|poke|p1|Garchomp, M|
|poke|p1|Glimmora, M|
|poke|p1|Gholdengo|
|poke|p1|Iron Valiant|
|poke|p1|Ogerpon-Wellspring, F|
|poke|p1|Kingambit, M|
|poke|p2|Volcanion|
|poke|p2|Samurott-Hisui, F|
|poke|p2|Pecharunt|
|poke|p2|Quaquaval, M|
|poke|p2|Gliscor, F|
|poke|p2|Dragonite, F|
|teampreview
|
|t:|1779671034
|teamsize|p1|6
|teamsize|p2|6
|start
|switch|p1a: Glimmora|Glimmora, M|100/100
|switch|p2a: Samurott|Samurott-Hisui, F|100/100
|turn|1
|inactive|Battle timer is ON: inactive players will automatically lose when time's up. (requested by Linkinfernodouglas)
|
|t:|1779671051
|move|p1a: Glimmora|Stealth Rock|p2a: Samurott
|-sidestart|p2: BigCungusxRemix|move: Stealth Rock
|move|p2a: Samurott|Ceaseless Edge|p1a: Glimmora
|-damage|p1a: Glimmora|42/100
|-activate|p1a: Glimmora|ability: Toxic Debris
|-sidestart|p2: BigCungusxRemix|move: Toxic Spikes
|-sidestart|p1: Linkinfernodouglas|Spikes
|
|-heal|p1a: Glimmora|48/100|[from] item: Leftovers
|upkeep
|turn|2
|
|t:|1779671078
|switch|p1a: Ogerpon|Ogerpon-Wellspring, F|100/100
|-damage|p1a: Ogerpon|88/100|[from] Spikes
|move|p2a: Samurott|Ceaseless Edge|p1a: Ogerpon
|-damage|p1a: Ogerpon|23/100
|-sidestart|p1: Linkinfernodouglas|Spikes
|
|upkeep
|turn|3
|
|t:|1779671086
|move|p1a: Ogerpon|Horn Leech|p2a: Samurott
|-supereffective|p2a: Samurott
|-enditem|p2a: Samurott|Focus Sash
|-damage|p2a: Samurott|1/100
|-heal|p1a: Ogerpon|85/100|[from] drain|[of] p2a: Samurott
|move|p2a: Samurott|Ceaseless Edge|p1a: Ogerpon
|-damage|p1a: Ogerpon|20/100
|-sidestart|p1: Linkinfernodouglas|Spikes
|
|upkeep
|turn|4
|
|t:|1779671100
|move|p2a: Samurott|Sucker Punch|p1a: Ogerpon
|-damage|p1a: Ogerpon|0 fnt
|faint|p1a: Ogerpon
|
|upkeep
|
|t:|1779671109
|switch|p1a: Iron Valiant|Iron Valiant|100/100
|-damage|p1a: Iron Valiant|76/100|[from] Spikes
|turn|5
|
|t:|1779671117
|move|p1a: Iron Valiant|Moonblast|p2a: Samurott
|-supereffective|p2a: Samurott
|-damage|p2a: Samurott|0 fnt
|faint|p2a: Samurott
|
|upkeep
|
|t:|1779671121
|switch|p2a: Volcanion|Volcanion|100/100
|turn|6
|
|t:|1779671142
|-end|p1a: Iron Valiant|Quark Drive|[silent]
|switch|p1a: Gholdengo|Gholdengo|100/100
|-damage|p1a: Gholdengo|76/100|[from] Spikes
|move|p2a: Volcanion|Steam Eruption|p1a: Gholdengo|[miss]
|-miss|p2a: Volcanion|p1a: Gholdengo
|
|-heal|p1a: Gholdengo|82/100|[from] item: Leftovers
|upkeep
|turn|7
|
|t:|1779671150
|move|p1a: Gholdengo|Thunder Wave|p2a: Volcanion
|-status|p2a: Volcanion|par
|cant|p2a: Volcanion|par
|
|-heal|p1a: Gholdengo|88/100|[from] item: Leftovers
|upkeep
|turn|8
|
|t:|1779671158
|switch|p2a: Gliscor|Gliscor, F|100/100
|-damage|p2a: Gliscor|88/100|[from] Stealth Rock
|move|p1a: Gholdengo|Hex|p2a: Gliscor
|-damage|p2a: Gliscor|62/100
|
|-heal|p1a: Gholdengo|94/100|[from] item: Leftovers
|-status|p2a: Gliscor|tox|[from] item: Toxic Orb
|upkeep
|turn|9
|c|☆BigCungusxRemix|bruh max haxx turned on????
|inactive|Linkinfernodouglas has 120 seconds left.
|c|☆Linkinfernodouglas|Don't tell them they'll ban me again.
|
|t:|1779671211
|switch|p1a: Iron Valiant|Iron Valiant|76/100
|-damage|p1a: Iron Valiant|51/100|[from] Spikes
|move|p2a: Gliscor|Knock Off|p1a: Iron Valiant
|-resisted|p1a: Iron Valiant
|-damage|p1a: Iron Valiant|43/100
|-enditem|p1a: Iron Valiant|Choice Specs|[from] move: Knock Off|[of] p2a: Gliscor
|
|-heal|p2a: Gliscor|75/100 tox|[from] ability: Poison Heal
|upkeep
|turn|10
|
|t:|1779671222
|move|p1a: Iron Valiant|Moonblast|p2a: Gliscor
|-damage|p2a: Gliscor|32/100 tox
|-unboost|p2a: Gliscor|spa|1
|move|p2a: Gliscor|Earthquake|p1a: Iron Valiant
|-damage|p1a: Iron Valiant|0 fnt
|faint|p1a: Iron Valiant
|-end|p1a: Iron Valiant|Quark Drive|[silent]
|
|-heal|p2a: Gliscor|45/100 tox|[from] ability: Poison Heal
|upkeep
|
|t:|1779671236
|switch|p1a: Gholdengo|Gholdengo|94/100
|-damage|p1a: Gholdengo|69/100|[from] Spikes
|turn|11
|
|t:|1779671251
|move|p2a: Gliscor|Earthquake|p1a: Gholdengo
|-supereffective|p1a: Gholdengo
|-damage|p1a: Gholdengo|18/100
|move|p1a: Gholdengo|Hex|p2a: Gliscor
|-damage|p2a: Gliscor|0 fnt
|faint|p2a: Gliscor
|
|-heal|p1a: Gholdengo|24/100|[from] item: Leftovers
|upkeep
|
|t:|1779671260
|switch|p2a: Quaquaval|Quaquaval, M|100/100
|turn|12
|
|t:|1779671265
|move|p2a: Quaquaval|Aqua Step|p1a: Gholdengo
|-damage|p1a: Gholdengo|0 fnt
|-boost|p2a: Quaquaval|spe|1
|faint|p1a: Gholdengo
|-ability|p2a: Quaquaval|Moxie|boost
|-boost|p2a: Quaquaval|atk|1
|
|upkeep
|inactive|Linkinfernodouglas has 120 seconds left.
|
|t:|1779671288
|switch|p1a: Garchomp|Garchomp, M|100/100
|-damage|p1a: Garchomp|76/100|[from] Spikes
|turn|13
|
|t:|1779671295
|switch|p2a: Pecharunt|Pecharunt|100/100
|-damage|p2a: Pecharunt|88/100|[from] Stealth Rock
|-item|p2a: Pecharunt|Air Balloon
|move|p1a: Garchomp|Scale Shot|p2a: Pecharunt
|-crit|p2a: Pecharunt
|-damage|p2a: Pecharunt|76/100
|-enditem|p2a: Pecharunt|Air Balloon
|-damage|p2a: Pecharunt|68/100
|-damage|p2a: Pecharunt|60/100
|-crit|p2a: Pecharunt
|-damage|p2a: Pecharunt|48/100
|-hitcount|p2a: Pecharunt|4
|-unboost|p1a: Garchomp|def|1
|-boost|p1a: Garchomp|spe|1
|
|upkeep
|turn|14
|inactive|Linkinfernodouglas has 120 seconds left.
|
|t:|1779671323
|switch|p1a: Kingambit|Kingambit, M|100/100
|-damage|p1a: Kingambit|76/100|[from] Spikes
|-activate|p1a: Kingambit|ability: Supreme Overlord
|-start|p1a: Kingambit|fallen3|[silent]
|move|p2a: Pecharunt|Toxic|p1a: Kingambit
|-immune|p1a: Kingambit
|
|-heal|p1a: Kingambit|82/100|[from] item: Leftovers
|upkeep
|turn|15
|
|t:|1779671332
|switch|p2a: Quaquaval|Quaquaval, M|100/100
|move|p1a: Kingambit|Swords Dance|p1a: Kingambit
|-boost|p1a: Kingambit|atk|2
|
|-heal|p1a: Kingambit|88/100|[from] item: Leftovers
|upkeep
|turn|16
|inactive|Linkinfernodouglas has 90 seconds left.
|
|t:|1779671366
|-terastallize|p1a: Kingambit|Ghost
|move|p2a: Quaquaval|Encore|p1a: Kingambit
|-start|p1a: Kingambit|Encore
|move|p1a: Kingambit|Swords Dance|p1a: Kingambit
|-boost|p1a: Kingambit|atk|2
|
|-heal|p1a: Kingambit|94/100|[from] item: Leftovers
|upkeep
|turn|17
|inactive|Linkinfernodouglas has 90 seconds left.
|
|t:|1779671385
|-end|p1a: Kingambit|fallen3|[silent]
|switch|p1a: Garchomp|Garchomp, M|76/100
|-damage|p1a: Garchomp|51/100|[from] Spikes
|move|p2a: Quaquaval|Aqua Step|p1a: Garchomp
|-damage|p1a: Garchomp|11/100
|-boost|p2a: Quaquaval|spe|1
|-damage|p2a: Quaquaval|88/100|[from] ability: Rough Skin|[of] p1a: Garchomp
|
|upkeep
|turn|18
|
|t:|1779671399
|move|p2a: Quaquaval|Aqua Step|p1a: Garchomp
|-damage|p1a: Garchomp|0 fnt
|-boost|p2a: Quaquaval|spe|1
|-damage|p2a: Quaquaval|76/100|[from] ability: Rough Skin|[of] p1a: Garchomp
|faint|p1a: Garchomp
|-ability|p2a: Quaquaval|Moxie|boost
|-boost|p2a: Quaquaval|atk|1
|
|upkeep
|inactive|Linkinfernodouglas has 90 seconds left.
|
|t:|1779671416
|switch|p1a: Kingambit|Kingambit, M, tera:Ghost|94/100
|-damage|p1a: Kingambit|69/100|[from] Spikes
|-activate|p1a: Kingambit|ability: Supreme Overlord
|-start|p1a: Kingambit|fallen4|[silent]
|turn|19
|inactive|Linkinfernodouglas has 90 seconds left.
|
|t:|1779671426
|move|p1a: Kingambit|Sucker Punch|p2a: Quaquaval
|-resisted|p2a: Quaquaval
|-crit|p2a: Quaquaval
|-damage|p2a: Quaquaval|23/100
|move|p2a: Quaquaval|Aqua Step|p1a: Kingambit
|-damage|p1a: Kingambit|20/100
|-boost|p2a: Quaquaval|spe|1
|
|-heal|p1a: Kingambit|27/100|[from] item: Leftovers
|upkeep
|turn|20
|inactive|Linkinfernodouglas has 90 seconds left.
|
|t:|1779671438
|move|p1a: Kingambit|Sucker Punch||[still]
|-fail|p1a: Kingambit
|move|p2a: Quaquaval|Encore|p1a: Kingambit
|-start|p1a: Kingambit|Encore
|
|-heal|p1a: Kingambit|33/100|[from] item: Leftovers
|upkeep
|turn|21
|inactive|Linkinfernodouglas has 90 seconds left.
|
|t:|1779671447
|-end|p1a: Kingambit|fallen4|[silent]
|switch|p1a: Glimmora|Glimmora, M|48/100
|-damage|p1a: Glimmora|23/100|[from] Spikes
|move|p2a: Quaquaval|Aqua Jet|p1a: Glimmora
|-supereffective|p1a: Glimmora
|-damage|p1a: Glimmora|0 fnt
|-activate|p1a: Glimmora|ability: Toxic Debris
|-sidestart|p2: BigCungusxRemix|move: Toxic Spikes
|faint|p1a: Glimmora
|-ability|p2a: Quaquaval|Moxie|boost
|-boost|p2a: Quaquaval|atk|1
|
|upkeep
|
|t:|1779671450
|switch|p1a: Kingambit|Kingambit, M, tera:Ghost|33/100
|-damage|p1a: Kingambit|8/100|[from] Spikes
|-activate|p1a: Kingambit|ability: Supreme Overlord
|-start|p1a: Kingambit|fallen5|[silent]
|turn|22
|
|t:|1779671460
|move|p2a: Quaquaval|Aqua Jet|p1a: Kingambit
|-damage|p1a: Kingambit|0 fnt
|faint|p1a: Kingambit
|-end|p1a: Kingambit|fallen5|[silent]
|
|win|BigCungusxRemix
|raw|Linkinfernodouglas's rating: 1340 &rarr; <strong>1324</strong><br />(-16 for losing)
|raw|BigCungusxRemix's rating: 1413 &rarr; <strong>1429</strong><br />(+16 for winning)
|c|☆Linkinfernodouglas|gg
|l|☆Linkinfernodouglas
|player|p1|
|c|☆BigCungusxRemix|gg
