|j|☆SillySushi
|j|☆shauryagarchamp
|t:|1779585799
|gametype|singles
|player|p1|SillySushi|maid|1074
|player|p2|shauryagarchamp|elesa-masters3|1091
|gen|9
|tier|[Gen 9] OU
|rated|
|rule|HP Percentage Mod: HP is shown in percentages
|rule|Endless Battle Clause: Forcing endless battles is banned
|rule|Species Clause: Limit one of each Pokémon
|rule|OHKO Clause: OHKO moves are banned
|rule|Evasion Items Clause: Evasion items are banned
|rule|Evasion Moves Clause: Evasion moves are banned
|rule|Evasion Abilities Clause: Evasion abilities are banned
|rule|Sleep Moves Clause: Sleep-inducing moves are banned
|clearpoke
|poke|p1|Pelipper, M|
|poke|p1|Kingdra, M|
|poke|p1|Barraskewda, F|
|poke|p1|Tornadus-Therian, M|
|poke|p1|Iron Moth|
|poke|p1|Iron Treads|
|poke|p2|Weezing-Galar, M|
|poke|p2|Goodra-Hisui, F|
|poke|p2|Ceruledge, M|
|poke|p2|Thundurus-Therian, M|
|poke|p2|Weavile, F|
|poke|p2|Gastrodon-East, F|
|teampreview
|inactive|Battle timer is ON: inactive players will automatically lose when time's up. (requested by shauryagarchamp)
|
|t:|1779585808
|teamsize|p1|6
|teamsize|p2|6
|start
|switch|p1a: Pelipper|Pelipper, M|100/100
|switch|p2a: Gastrodon|Gastrodon-East, F|100/100
|-weather|RainDance|[from] ability: Drizzle|[of] p1a: Pelipper
|turn|1
|
|t:|1779585828
|move|p1a: Pelipper|U-turn|p2a: Gastrodon
|-damage|p2a: Gastrodon|91/100
|-damage|p1a: Pelipper|84/100|[from] item: Rocky Helmet|[of] p2a: Gastrodon
|
|t:|1779585836
|switch|p1a: Tornadus|Tornadus-Therian, M|100/100|[from] U-turn
|move|p2a: Gastrodon|Stealth Rock|p1a: Tornadus
|-sidestart|p1: SillySushi|move: Stealth Rock
|
|-weather|RainDance|[upkeep]
|upkeep
|turn|2
|
|t:|1779585845
|move|p1a: Tornadus|Nasty Plot|p1a: Tornadus
|-boost|p1a: Tornadus|spa|2
|move|p2a: Gastrodon|Ice Beam|p1a: Tornadus
|-supereffective|p1a: Tornadus
|-damage|p1a: Tornadus|50/100
|
|-weather|RainDance|[upkeep]
|upkeep
|turn|3
|inactive|SillySushi has 120 seconds left.
|
|t:|1779585879
|move|p1a: Tornadus|Hurricane|p2a: Gastrodon
|-damage|p2a: Gastrodon|26/100
|-start|p2a: Gastrodon|confusion
|-activate|p2a: Gastrodon|confusion
|move|p2a: Gastrodon|Ice Beam|p1a: Tornadus
|-supereffective|p1a: Tornadus
|-damage|p1a: Tornadus|2/100
|
|-weather|RainDance|[upkeep]
|upkeep
|turn|4
|c|☆shauryagarchamp|Should have cleared the smog!
|
|t:|1779585890
|move|p1a: Tornadus|Hurricane|p2a: Gastrodon
|-damage|p2a: Gastrodon|0 fnt
|faint|p2a: Gastrodon
|
|-weather|RainDance|[upkeep]
|upkeep
|
|t:|1779585908
|switch|p2a: Goodra|Goodra-Hisui, F|100/100
|turn|5
|
|t:|1779585914
|move|p1a: Tornadus|Focus Blast|p2a: Goodra
|-supereffective|p2a: Goodra
|-damage|p2a: Goodra|1/100
|move|p2a: Goodra|Substitute|p2a: Goodra
|-fail|p2a: Goodra|move: Substitute|[weak]
|
|-weather|RainDance|[upkeep]
|-heal|p2a: Goodra|7/100|[from] item: Leftovers
|upkeep
|turn|6
|
|t:|1779585920
|move|p1a: Tornadus|Hurricane|p2a: Goodra
|-resisted|p2a: Goodra
|-damage|p2a: Goodra|0 fnt
|faint|p2a: Goodra
|
|-weather|RainDance|[upkeep]
|upkeep
|
|t:|1779585923
|switch|p2a: Long time bud|Ceruledge, M, shiny|100/100
|turn|7
|
|t:|1779585929
|switch|p1a: Iron Treads|Iron Treads|100/100
|-damage|p1a: Iron Treads|97/100|[from] Stealth Rock
|-item|p1a: Iron Treads|Air Balloon
|move|p2a: Long time bud|Shadow Sneak|p1a: Iron Treads
|-damage|p1a: Iron Treads|79/100
|-enditem|p1a: Iron Treads|Air Balloon
|
|-weather|RainDance|[upkeep]
|upkeep
|turn|8
|-message|shauryagarchamp forfeited.
|
|win|SillySushi
|raw|SillySushi's rating: 1074 &rarr; <strong>1104</strong><br />(+30 for winning)
|raw|shauryagarchamp's rating: 1091 &rarr; <strong>1066</strong><br />(-25 for losing)
|l|☆shauryagarchamp
|player|p2|
