|j|☆NatsuNoYutsu
|j|☆SgtBrick14
|t:|1779605181
|gametype|singles
|player|p1|NatsuNoYutsu|youngster-gen4dp|1410
|player|p2|SgtBrick14|pokemonranger|1438
|gen|9
|tier|[Gen 9] OU
|rated|
|rule|HP Percentage Mod: HP is shown in percentages
|rule|Endless Battle Clause: Forcing endless battles is banned
|rule|Species Clause: Limit one of each Pokémon
|rule|OHKO Clause: OHKO moves are banned
|rule|Evasion Items Clause: Evasion items are banned
|rule|Evasion Moves Clause: Evasion moves are banned
|rule|Evasion Abilities Clause: Evasion abilities are banned
|rule|Sleep Moves Clause: Sleep-inducing moves are banned
|clearpoke
|poke|p1|Dragapult, F|
|poke|p1|Corviknight, M|
|poke|p1|Slowking-Galar, F|
|poke|p1|Great Tusk|
|poke|p1|Darkrai|
|poke|p1|Dragonite, F|
|poke|p2|Hatterene, F|
|poke|p2|Kleavor, M|
|poke|p2|Dragapult, F|
|poke|p2|Gengar, F|
|poke|p2|Muk-Alola, F|
|poke|p2|Torkoal, M|
|teampreview
|inactive|Battle timer is ON: inactive players will automatically lose when time's up. (requested by NatsuNoYutsu)
|inactive|SgtBrick14 has 120 seconds left.
|
|t:|1779605214
|teamsize|p1|6
|teamsize|p2|6
|start
|switch|p1a: Dragapult|Dragapult, F|100/100
|switch|p2a: Gengar|Gengar, F|100/100
|turn|1
|
|t:|1779605225
|move|p1a: Dragapult|Psychic Fangs|p2a: Gengar
|-supereffective|p2a: Gengar
|-enditem|p2a: Gengar|Focus Sash
|-damage|p2a: Gengar|1/100
|move|p2a: Gengar|Shadow Ball|p1a: Dragapult
|-supereffective|p1a: Dragapult
|-damage|p1a: Dragapult|0 fnt
|faint|p1a: Dragapult
|
|upkeep
|
|t:|1779605236
|switch|p1a: Darkrai|Darkrai, shiny|100/100
|turn|2
|inactive|SgtBrick14 has 120 seconds left.
|
|t:|1779605267
|switch|p2a: Muk|Muk-Alola, F|100/100
|move|p1a: Darkrai|Shadow Ball|p2a: Muk
|-resisted|p2a: Muk
|-damage|p2a: Muk|81/100
|
|upkeep
|turn|3
|
|t:|1779605279
|switch|p1a: Great Tusk|Great Tusk|100/100
|move|p2a: Muk|Knock Off|p1a: Great Tusk
|-resisted|p1a: Great Tusk
|-damage|p1a: Great Tusk|83/100
|-damage|p2a: Muk|65/100|[from] item: Rocky Helmet|[of] p1a: Great Tusk
|-status|p1a: Great Tusk|psn|[from] ability: Poison Touch|[of] p2a: Muk
|-enditem|p1a: Great Tusk|Rocky Helmet|[from] move: Knock Off|[of] p2a: Muk
|
|-damage|p1a: Great Tusk|71/100 psn|[from] psn
|upkeep
|turn|4
|
|t:|1779605291
|switch|p2a: Hatterene|Hatterene, F|100/100
|move|p1a: Great Tusk|Stealth Rock|p2a: Hatterene
|move|p2a: Hatterene|Stealth Rock|p1a: Great Tusk|[from] ability: Magic Bounce
|-sidestart|p1: NatsuNoYutsu|move: Stealth Rock
|
|-damage|p1a: Great Tusk|58/100 psn|[from] psn
|upkeep
|turn|5
|
|t:|1779605313
|-end|p1a: Great Tusk|Protosynthesis|[silent]
|switch|p1a: Slowking|Slowking-Galar, F|100/100
|-damage|p1a: Slowking|88/100|[from] Stealth Rock
|move|p2a: Hatterene|Trick Room|p2a: Hatterene
|-fieldstart|move: Trick Room|[of] p2a: Hatterene
|
|upkeep
|turn|6
|
|t:|1779605322
|move|p2a: Hatterene|Misty Explosion|p1a: Slowking
|-resisted|p1a: Slowking
|-damage|p1a: Slowking|69/100
|faint|p2a: Hatterene
|move|p1a: Slowking|Trick|p2: Hatterene|[notarget]
|-fail|p1a: Slowking
|
|upkeep
|
|t:|1779605325
|switch|p2a: Torkoal|Torkoal, M|100/100
|-weather|SunnyDay|[from] ability: Drought|[of] p2a: Torkoal
|turn|7
|
|t:|1779605332
|move|p2a: Torkoal|Eruption|p1a: Slowking
|-damage|p1a: Slowking|0 fnt
|faint|p1a: Slowking
|
|-weather|SunnyDay|[upkeep]
|upkeep
|-message|NatsuNoYutsu forfeited.
|
|win|SgtBrick14
|raw|NatsuNoYutsu's rating: 1410 &rarr; <strong>1389</strong><br />(-21 for losing)
|raw|SgtBrick14's rating: 1400 &rarr; <strong>1421</strong><br />(+21 for winning)
|l|☆NatsuNoYutsu
|player|p1|
|l|☆SgtBrick14
|player|p2|
