|j|☆wubbybubbyjr
|j|‽Gyarados Fangs
|t:|1779599408
|gametype|singles
|player|p1|wubbybubbyjr|preschooler|1693
|player|p2|Gyarados Fangs|rocketgrunt|1682
|gen|9
|tier|[Gen 9] OU
|rated|
|rule|HP Percentage Mod: HP is shown in percentages
|rule|Endless Battle Clause: Forcing endless battles is banned
|rule|Species Clause: Limit one of each Pokémon
|rule|OHKO Clause: OHKO moves are banned
|rule|Evasion Items Clause: Evasion items are banned
|rule|Evasion Moves Clause: Evasion moves are banned
|rule|Evasion Abilities Clause: Evasion abilities are banned
|rule|Sleep Moves Clause: Sleep-inducing moves are banned
|clearpoke
|poke|p1|Deoxys-Speed|
|poke|p1|Gholdengo|
|poke|p1|Great Tusk|
|poke|p1|Darkrai|
|poke|p1|Ogerpon-Wellspring, F|
|poke|p1|Dragonite, F|
|poke|p2|Ninetales-Alola, M|
|poke|p2|Klefki, F|
|poke|p2|Maushold-Four|
|poke|p2|Latias, F|
|poke|p2|Okidogi, M|
|poke|p2|Kyurem|
|teampreview
|inactive|Battle timer is ON: inactive players will automatically lose when time's up. (requested by wubbybubbyjr)
|
|t:|1779599421
|teamsize|p1|6
|teamsize|p2|6
|start
|switch|p1a: Deoxys|Deoxys-Speed|100/100
|switch|p2a: Klefki|Klefki, F|100/100
|-ability|p1a: Deoxys|Pressure
|turn|1
|
|t:|1779599430
|switch|p1a: Gholdengo|Gholdengo|100/100
|move|p2a: Klefki|Thunder Wave|p1a: Gholdengo
|-immune|p1a: Gholdengo|[from] ability: Good as Gold
|
|upkeep
|turn|2
|
|t:|1779599436
|move|p2a: Klefki|Light Screen|p2a: Klefki
|-sidestart|p2: Gyarados Fangs|move: Light Screen
|move|p1a: Gholdengo|Shadow Ball|p2a: Klefki
|-damage|p2a: Klefki|75/100
|
|upkeep
|turn|3
|
|t:|1779599442
|move|p2a: Klefki|Reflect|p2a: Klefki
|-sidestart|p2: Gyarados Fangs|Reflect
|move|p1a: Gholdengo|Shadow Ball|p2a: Klefki
|-damage|p2a: Klefki|51/100
|
|upkeep
|turn|4
|
|t:|1779599450
|switch|p1a: Deoxys|Deoxys-Speed|100/100
|-ability|p1a: Deoxys|Pressure
|move|p2a: Klefki|Spikes|p1a: Deoxys
|-sidestart|p1: wubbybubbyjr|Spikes
|
|upkeep
|turn|5
|
|t:|1779599460
|switch|p1a: Great Tusk|Great Tusk|100/100
|switch|p2a: Latias|Latias, F|100/100
|
|upkeep
|turn|6
|
|t:|1779599469
|-end|p1a: Great Tusk|Protosynthesis|[silent]
|switch|p1a: Deoxys|Deoxys-Speed|100/100
|-damage|p1a: Deoxys|88/100|[from] Spikes
|-ability|p1a: Deoxys|Pressure
|move|p2a: Latias|Agility|p2a: Latias
|-boost|p2a: Latias|spe|2
|
|upkeep
|turn|7
|
|t:|1779599480
|move|p2a: Latias|Calm Mind|p2a: Latias
|-boost|p2a: Latias|spa|1
|-boost|p2a: Latias|spd|1
|move|p1a: Deoxys|Stealth Rock|p2a: Latias
|-sidestart|p2: Gyarados Fangs|move: Stealth Rock
|
|upkeep
|turn|8
|
|t:|1779599488
|move|p2a: Latias|Calm Mind|p2a: Latias
|-boost|p2a: Latias|spa|1
|-boost|p2a: Latias|spd|1
|move|p1a: Deoxys|Taunt|p2a: Latias
|-start|p2a: Latias|move: Taunt
|
|upkeep
|turn|9
|
|t:|1779599492
|move|p2a: Latias|Stored Power|p1a: Deoxys
|-resisted|p1a: Deoxys
|-damage|p1a: Deoxys|0 fnt
|faint|p1a: Deoxys
|
|-sideend|p2: Gyarados Fangs|move: Light Screen
|upkeep
|
|t:|1779599513
|switch|p1a: Darkrai|Darkrai|100/100
|-damage|p1a: Darkrai|88/100|[from] Spikes
|turn|10
|
|t:|1779599516
|move|p2a: Latias|Aura Sphere|p1a: Darkrai
|-supereffective|p1a: Darkrai
|-damage|p1a: Darkrai|0 fnt
|faint|p1a: Darkrai
|
|-sideend|p2: Gyarados Fangs|Reflect
|upkeep
|
|t:|1779599520
|switch|p1a: Dragonite|Dragonite, F|100/100
|turn|11
|
|t:|1779599524
|-terastallize|p2a: Latias|Steel
|move|p2a: Latias|Stored Power|p1a: Dragonite
|-damage|p1a: Dragonite|24/100
|move|p1a: Dragonite|Ice Spinner|p2a: Latias
|-resisted|p2a: Latias
|-damage|p2a: Latias|86/100
|
|-end|p2a: Latias|move: Taunt
|upkeep
|turn|12
|-message|wubbybubbyjr forfeited.
|
|win|Gyarados Fangs
|raw|wubbybubbyjr's rating: 1693 &rarr; <strong>1671</strong><br />(-22 for losing)
|raw|Gyarados Fangs's rating: 1656 &rarr; <strong>1678</strong><br />(+22 for winning)
|l|☆wubbybubbyjr
|player|p1|
|l|‽Gyarados Fangs
|player|p2|
