|j|☆thehatfiend
|j|☆imawolf115
|t:|1779715941
|gametype|singles
|player|p1|thehatfiend|pokemonranger-gen4|1130
|player|p2|imawolf115|169|1181
|gen|9
|tier|[Gen 9] OU
|rated|
|rule|HP Percentage Mod: HP is shown in percentages
|rule|Endless Battle Clause: Forcing endless battles is banned
|rule|Species Clause: Limit one of each Pokémon
|rule|OHKO Clause: OHKO moves are banned
|rule|Evasion Items Clause: Evasion items are banned
|rule|Evasion Moves Clause: Evasion moves are banned
|rule|Evasion Abilities Clause: Evasion abilities are banned
|rule|Sleep Moves Clause: Sleep-inducing moves are banned
|clearpoke
|poke|p1|Scizor, M|
|poke|p1|Greninja-*, M|
|poke|p1|Corviknight, M|
|poke|p1|Cinccino, M|
|poke|p1|Scrafty, F|
|poke|p1|Gallade, M|
|poke|p2|Clefable, F|
|poke|p2|Dragonite, F|
|poke|p2|Heatran, M|
|poke|p2|Glimmora, F|
|poke|p2|Great Tusk|
|poke|p2|Araquanid, F|
|teampreview
|inactive|Battle timer is ON: inactive players will automatically lose when time's up. (requested by imawolf115)
|
|t:|1779715946
|teamsize|p1|6
|teamsize|p2|6
|start
|switch|p1a: Scrafty|Scrafty, F|100/100
|switch|p2a: Clefable|Clefable, F|100/100
|-ability|p1a: Scrafty|Intimidate|boost
|-unboost|p2a: Clefable|atk|1
|turn|1
|
|t:|1779715954
|move|p1a: Scrafty|Fake Out|p2a: Clefable
|-damage|p2a: Clefable|87/100
|cant|p2a: Clefable|flinch
|
|upkeep
|turn|2
|
|t:|1779715964
|switch|p1a: Tyson|Scizor, M, shiny|100/100
|move|p2a: Clefable|Moonblast|p1a: Tyson
|-resisted|p1a: Tyson
|-damage|p1a: Tyson|66/100
|-unboost|p1a: Tyson|spa|1
|
|upkeep
|turn|3
|
|t:|1779715974
|move|p1a: Tyson|U-turn|p2a: Clefable
|-resisted|p2a: Clefable
|-damage|p2a: Clefable|60/100
|-damage|p1a: Tyson|56/100|[from] item: Life Orb
|
|t:|1779715983
|switch|p1a: Corviknight|Corviknight, M|100/100|[from] U-turn
|move|p2a: Clefable|Fire Blast|p1a: Corviknight
|-supereffective|p1a: Corviknight
|-damage|p1a: Corviknight|44/100
|
|upkeep
|turn|4
|
|t:|1779715995
|-terastallize|p1a: Corviknight|Flying
|move|p1a: Corviknight|Bulk Up|p1a: Corviknight
|-boost|p1a: Corviknight|atk|1
|-boost|p1a: Corviknight|def|1
|move|p2a: Clefable|Thunderbolt|p1a: Corviknight
|-supereffective|p1a: Corviknight
|-damage|p1a: Corviknight|0 fnt
|faint|p1a: Corviknight
|
|upkeep
|
|t:|1779716005
|switch|p1a: Tyson|Scizor, M, shiny|56/100
|turn|5
|
|t:|1779716013
|move|p1a: Tyson|Bullet Punch|p2a: Clefable
|-supereffective|p2a: Clefable
|-damage|p2a: Clefable|0 fnt
|faint|p2a: Clefable
|-damage|p1a: Tyson|47/100|[from] item: Life Orb
|
|upkeep
|
|t:|1779716020
|switch|p2a: Heatran|Heatran, M|100/100
|turn|6
|
|t:|1779716026
|switch|p1a: Scrafty|Scrafty, F|100/100
|-ability|p1a: Scrafty|Intimidate|boost
|-unboost|p2a: Heatran|atk|1
|move|p2a: Heatran|Magma Storm|p1a: Scrafty
|-damage|p1a: Scrafty|74/100
|-activate|p1a: Scrafty|move: Magma Storm|[of] p2a: Heatran
|
|-damage|p1a: Scrafty|62/100|[from] move: Magma Storm|[partiallytrapped]
|upkeep
|turn|7
|
|t:|1779716044
|switch|p2a: Dragonite|Dragonite, F|100/100
|move|p1a: Scrafty|Fake Out|p2a: Dragonite
|-damage|p2a: Dragonite|94/100
|
|-end|p1a: Scrafty|Magma Storm|[partiallytrapped]|[silent]
|upkeep
|turn|8
|
|t:|1779716052
|move|p2a: Dragonite|Dragon Dance|p2a: Dragonite
|-boost|p2a: Dragonite|atk|1
|-boost|p2a: Dragonite|spe|1
|move|p1a: Scrafty|Knock Off|p2a: Dragonite
|-damage|p2a: Dragonite|44/100
|-enditem|p2a: Dragonite|Heavy-Duty Boots|[from] move: Knock Off|[of] p1a: Scrafty
|
|upkeep
|turn|9
|
|t:|1779716064
|move|p2a: Dragonite|Roost|p2a: Dragonite
|-heal|p2a: Dragonite|94/100
|-singleturn|p2a: Dragonite|move: Roost
|move|p1a: Scrafty|Counter||[still]
|-fail|p1a: Scrafty
|
|upkeep
|turn|10
|
|t:|1779716077
|move|p2a: Dragonite|Dragon Dance|p2a: Dragonite
|-boost|p2a: Dragonite|atk|1
|-boost|p2a: Dragonite|spe|1
|move|p1a: Scrafty|High Jump Kick|p2a: Dragonite
|-resisted|p2a: Dragonite
|-damage|p2a: Dragonite|62/100
|
|upkeep
|turn|11
|
|t:|1779716086
|move|p2a: Dragonite|Roost|p2a: Dragonite
|-heal|p2a: Dragonite|100/100
|-singleturn|p2a: Dragonite|move: Roost
|move|p1a: Scrafty|High Jump Kick|p2a: Dragonite
|-damage|p2a: Dragonite|71/100
|
|upkeep
|turn|12
|
|t:|1779716103
|move|p2a: Dragonite|Earthquake|p1a: Scrafty
|-damage|p1a: Scrafty|0 fnt
|faint|p1a: Scrafty
|
|upkeep
|
|t:|1779716111
|switch|p1a: Tyson|Scizor, M, shiny|47/100
|turn|13
|
|t:|1779716120
|move|p1a: Tyson|Bullet Punch|p2a: Dragonite
|-damage|p2a: Dragonite|20/100
|-damage|p1a: Tyson|37/100|[from] item: Life Orb
|move|p2a: Dragonite|Earthquake|p1a: Tyson
|-damage|p1a: Tyson|0 fnt
|faint|p1a: Tyson
|
|upkeep
|
|t:|1779716128
|switch|p1a: Gallade|Gallade, M|100/100
|turn|14
|
|t:|1779716135
|-terastallize|p2a: Dragonite|Normal
|move|p2a: Dragonite|Extreme Speed|p1a: Gallade
|-damage|p1a: Gallade|0 fnt
|faint|p1a: Gallade
|
|upkeep
|
|t:|1779716142
|switch|p1a: DatNinja|Greninja, M|100/100
|turn|15
|
|t:|1779716145
|move|p2a: Dragonite|Extreme Speed|p1a: DatNinja
|-damage|p1a: DatNinja|0 fnt
|faint|p1a: DatNinja
|
|upkeep
|
|t:|1779716150
|switch|p1a: Mickey|Cinccino, M|100/100
|turn|16
|
|t:|1779716153
|move|p2a: Dragonite|Extreme Speed|p1a: Mickey
|-damage|p1a: Mickey|0 fnt
|faint|p1a: Mickey
|
|win|imawolf115
|raw|thehatfiend's rating: 1130 &rarr; <strong>1109</strong><br />(-21 for losing)
|raw|imawolf115's rating: 1181 &rarr; <strong>1202</strong><br />(+21 for winning)
|l|☆thehatfiend
|player|p1|
|l|☆imawolf115
|player|p2|
