|j|☆Orkaros
|j|☆DropAFreezeDry
|t:|1779656990
|gametype|singles
|player|p1|Orkaros|169|1462
|player|p2|DropAFreezeDry|candice|1431
|gen|9
|tier|[Gen 9] OU
|rated|
|rule|HP Percentage Mod: HP is shown in percentages
|rule|Endless Battle Clause: Forcing endless battles is banned
|rule|Species Clause: Limit one of each Pokémon
|rule|OHKO Clause: OHKO moves are banned
|rule|Evasion Items Clause: Evasion items are banned
|rule|Evasion Moves Clause: Evasion moves are banned
|rule|Evasion Abilities Clause: Evasion abilities are banned
|rule|Sleep Moves Clause: Sleep-inducing moves are banned
|clearpoke
|poke|p1|Ninetales, M|
|poke|p1|Hatterene, F|
|poke|p1|Walking Wake|
|poke|p1|Iron Moth|
|poke|p1|Great Tusk|
|poke|p1|Whimsicott, M|
|poke|p2|Glaceon, F|
|poke|p2|Ninetales-Alola, F|
|poke|p2|Basculegion-F, F|
|poke|p2|Ogerpon-Wellspring, F|
|poke|p2|Iron Treads|
|poke|p2|Weavile, F|
|teampreview
|inactive|Battle timer is ON: inactive players will automatically lose when time's up. (requested by DropAFreezeDry)
|
|t:|1779657002
|teamsize|p1|6
|teamsize|p2|6
|start
|switch|p1a: Iron Moth|Iron Moth|100/100
|switch|p2a: Basculegion|Basculegion-F, F|100/100
|turn|1
|
|t:|1779657026
|move|p2a: Basculegion|Surf|p1a: Iron Moth
|-supereffective|p1a: Iron Moth
|-damage|p1a: Iron Moth|0 fnt
|faint|p1a: Iron Moth
|-end|p1a: Iron Moth|Quark Drive|[silent]
|
|upkeep
|inactive|Orkaros has 120 seconds left.
|
|t:|1779657042
|switch|p1a: Walking Wake|Walking Wake|100/100
|turn|2
|
|t:|1779657044
|switch|p2a: Ninetales|Ninetales-Alola, F|100/100
|-weather|Snowscape|[from] ability: Snow Warning|[of] p2a: Ninetales
|move|p1a: Walking Wake|Hydro Steam|p2a: Ninetales
|-damage|p2a: Ninetales|27/100
|
|-weather|Snowscape|[upkeep]
|upkeep
|turn|3
|
|t:|1779657046
|move|p1a: Walking Wake|Hydro Steam|p2a: Ninetales
|-damage|p2a: Ninetales|0 fnt
|faint|p2a: Ninetales
|
|-weather|Snowscape|[upkeep]
|upkeep
|
|t:|1779657049
|switch|p2a: Ogerpon|Ogerpon-Wellspring, F|100/100
|turn|4
|
|t:|1779657057
|-end|p1a: Walking Wake|Protosynthesis|[silent]
|switch|p1a: Ninetales|Ninetales, M|100/100
|-weather|SunnyDay|[from] ability: Drought|[of] p1a: Ninetales
|move|p2a: Ogerpon|Swords Dance|p2a: Ogerpon
|-boost|p2a: Ogerpon|atk|2
|
|-weather|SunnyDay|[upkeep]
|upkeep
|turn|5
|
|t:|1779657063
|move|p2a: Ogerpon|Ivy Cudgel|p1a: Ninetales|[anim] Ivy Cudgel Water
|-supereffective|p1a: Ninetales
|-damage|p1a: Ninetales|0 fnt
|faint|p1a: Ninetales
|
|-weather|SunnyDay|[upkeep]
|upkeep
|
|t:|1779657066
|switch|p1a: Whimsicott|Whimsicott, M|100/100
|turn|6
|
|t:|1779657078
|move|p1a: Whimsicott|Solar Beam||[still]
|-prepare|p1a: Whimsicott|Solar Beam
|-anim|p1a: Whimsicott|Solar Beam|p2a: Ogerpon
|-damage|p2a: Ogerpon|25/100
|-damage|p1a: Whimsicott|91/100|[from] item: Life Orb
|move|p2a: Ogerpon|U-turn|p1a: Whimsicott
|-damage|p1a: Whimsicott|16/100
|
|t:|1779657086
|switch|p2a: Weavile|Weavile, F|100/100|[from] U-turn
|-ability|p2a: Weavile|Pressure
|
|-weather|SunnyDay|[upkeep]
|upkeep
|turn|7
|
|t:|1779657091
|move|p2a: Weavile|Ice Shard|p1a: Whimsicott
|-supereffective|p1a: Whimsicott
|-damage|p1a: Whimsicott|0 fnt
|faint|p1a: Whimsicott
|
|-weather|SunnyDay|[upkeep]
|upkeep
|
|t:|1779657093
|switch|p1a: Walking Wake|Walking Wake|100/100
|-activate|p1a: Walking Wake|ability: Protosynthesis
|-start|p1a: Walking Wake|protosynthesisspe
|turn|8
|
|t:|1779657103
|move|p1a: Walking Wake|Flamethrower|p2a: Weavile
|-supereffective|p2a: Weavile
|-damage|p2a: Weavile|0 fnt
|faint|p2a: Weavile
|
|-weather|SunnyDay|[upkeep]
|upkeep
|
|t:|1779657119
|switch|p2a: Iron Treads|Iron Treads|100/100
|-enditem|p2a: Iron Treads|Booster Energy
|-activate|p2a: Iron Treads|ability: Quark Drive|[fromitem]
|-start|p2a: Iron Treads|quarkdriveatk
|turn|9
|
|t:|1779657123
|-terastallize|p2a: Iron Treads|Ground
|move|p1a: Walking Wake|Flamethrower|p2a: Iron Treads
|-damage|p2a: Iron Treads|9/100
|move|p2a: Iron Treads|Earthquake|p1a: Walking Wake
|-damage|p1a: Walking Wake|0 fnt
|faint|p1a: Walking Wake
|-end|p1a: Walking Wake|Protosynthesis|[silent]
|
|-weather|SunnyDay|[upkeep]
|upkeep
|-message|Orkaros forfeited.
|
|win|DropAFreezeDry
|raw|Orkaros's rating: 1462 &rarr; <strong>1440</strong><br />(-22 for losing)
|raw|DropAFreezeDry's rating: 1431 &rarr; <strong>1453</strong><br />(+22 for winning)
|l|☆Orkaros
|player|p1|
|l|☆DropAFreezeDry
|player|p2|
