|j|☆Draconic Echo
|j|☆gatorskk
|t:|1779697029
|gametype|singles
|player|p1|Draconic Echo|gladion|1506
|player|p2|gatorskk|265|1528
|gen|9
|tier|[Gen 9] OU
|rated|
|rule|HP Percentage Mod: HP is shown in percentages
|rule|Endless Battle Clause: Forcing endless battles is banned
|rule|Species Clause: Limit one of each Pokémon
|rule|OHKO Clause: OHKO moves are banned
|rule|Evasion Items Clause: Evasion items are banned
|rule|Evasion Moves Clause: Evasion moves are banned
|rule|Evasion Abilities Clause: Evasion abilities are banned
|rule|Sleep Moves Clause: Sleep-inducing moves are banned
|clearpoke
|poke|p1|Great Tusk|
|poke|p1|Vaporeon, F|
|poke|p1|Corviknight, F|
|poke|p1|Samurott-Hisui, M|
|poke|p1|Hatterene, F|
|poke|p1|Jolteon, F|
|poke|p2|Hawlucha, M|
|poke|p2|Samurott-Hisui, M|
|poke|p2|Rillaboom, M|
|poke|p2|Gholdengo|
|poke|p2|Kyurem|
|poke|p2|Landorus-Therian, M|
|teampreview
|inactive|Battle timer is ON: inactive players will automatically lose when time's up. (requested by gatorskk)
|
|t:|1779697048
|teamsize|p1|6
|teamsize|p2|6
|start
|switch|p1a: :3|Jolteon, F|100/100
|switch|p2a: Rillaboom|Rillaboom, M|100/100
|-fieldstart|move: Grassy Terrain|[from] ability: Grassy Surge|[of] p2a: Rillaboom
|turn|1
|
|t:|1779697053
|move|p1a: :3|Volt Switch|p2a: Rillaboom
|-resisted|p2a: Rillaboom
|-damage|p2a: Rillaboom|79/100
|
|t:|1779697056
|switch|p1a: :D|Corviknight, F, shiny|100/100|[from] Volt Switch
|-ability|p1a: :D|Pressure
|move|p2a: Rillaboom|Knock Off|p1a: :D
|-damage|p1a: :D|73/100
|-damage|p2a: Rillaboom|62/100|[from] item: Rocky Helmet|[of] p1a: :D
|-enditem|p1a: :D|Rocky Helmet|[from] move: Knock Off|[of] p2a: Rillaboom
|
|-heal|p2a: Rillaboom|68/100|[from] Grassy Terrain
|upkeep
|turn|2
|
|t:|1779697065
|switch|p2a: Landorus|Landorus-Therian, M|100/100
|-ability|p2a: Landorus|Intimidate|boost
|-unboost|p1a: :D|atk|1
|move|p1a: :D|Brave Bird|p2a: Landorus
|-damage|p2a: Landorus|78/100
|-damage|p1a: :D|56/100|[from] item: Rocky Helmet|[of] p2a: Landorus
|-damage|p1a: :D|49/100|[from] Recoil
|
|upkeep
|turn|3
|
|t:|1779697069
|move|p2a: Landorus|Taunt|p1a: :D
|-start|p1a: :D|move: Taunt
|cant|p1a: :D|move: Taunt|Roost
|
|upkeep
|turn|4
|
|t:|1779697073
|switch|p1a: :)|Hatterene, F|100/100
|move|p2a: Landorus|Stealth Rock|p1a: :)
|move|p1a: :)|Stealth Rock|p2a: Landorus|[from] ability: Magic Bounce
|-sidestart|p2: gatorskk|move: Stealth Rock
|
|upkeep
|turn|5
|
|t:|1779697079
|move|p2a: Landorus|Earth Power|p1a: :)
|-damage|p1a: :)|69/100
|move|p1a: :)|Psychic Noise|p2a: Landorus
|-damage|p2a: Landorus|43/100
|-start|p2a: Landorus|move: Heal Block
|
|-heal|p1a: :)|75/100|[from] Grassy Terrain
|-heal|p1a: :)|81/100|[from] item: Leftovers
|-fieldend|move: Grassy Terrain
|upkeep
|turn|6
|
|t:|1779697088
|move|p2a: Landorus|U-turn|p1a: :)
|-damage|p1a: :)|64/100
|
|t:|1779697091
|switch|p2a: Gholdengo|Gholdengo|100/100|[from] U-turn
|-damage|p2a: Gholdengo|94/100|[from] Stealth Rock
|move|p1a: :)|Mystical Fire|p2a: Gholdengo
|-supereffective|p2a: Gholdengo
|-damage|p2a: Gholdengo|36/100
|-unboost|p2a: Gholdengo|spa|1
|
|-heal|p1a: :)|70/100|[from] item: Leftovers
|upkeep
|turn|7
|
|t:|1779697102
|switch|p1a: >:(|Samurott-Hisui, M|100/100
|move|p2a: Gholdengo|Make It Rain|p1a: >:(
|-resisted|p1a: >:(
|-damage|p1a: >:(|69/100
|-unboost|p2a: Gholdengo|spa|1
|
|upkeep
|turn|8
|
|t:|1779697113
|switch|p2a: Landorus|Landorus-Therian, M|43/100
|-damage|p2a: Landorus|30/100|[from] Stealth Rock
|-ability|p2a: Landorus|Intimidate|boost
|-unboost|p1a: >:(|atk|1
|move|p1a: >:(|Ceaseless Edge|p2a: Landorus
|-damage|p2a: Landorus|0 fnt
|-damage|p1a: >:(|53/100|[from] item: Rocky Helmet|[of] p2a: Landorus
|-sidestart|p2: gatorskk|Spikes
|faint|p2a: Landorus
|
|upkeep
|
|t:|1779697121
|switch|p2a: Kyurem|Kyurem|100/100
|-damage|p2a: Kyurem|76/100|[from] Stealth Rock
|-damage|p2a: Kyurem|63/100|[from] Spikes
|-ability|p2a: Kyurem|Pressure
|turn|9
|
|t:|1779697141
|switch|p1a: :)|Hatterene, F|70/100
|move|p2a: Kyurem|Freeze-Dry|p1a: :)
|-damage|p1a: :)|31/100
|
|-heal|p1a: :)|37/100|[from] item: Leftovers
|upkeep
|turn|10
|
|t:|1779697151
|move|p2a: Kyurem|Ice Beam|p1a: :)
|-damage|p1a: :)|0 fnt
|faint|p1a: :)
|
|upkeep
|
|t:|1779697161
|switch|p1a: :D|Corviknight, F, shiny|49/100
|-ability|p1a: :D|Pressure
|turn|11
|
|t:|1779697166
|move|p2a: Kyurem|Ice Beam|p1a: :D
|-damage|p1a: :D|18/100
|move|p1a: :D|Roost|p1a: :D
|-heal|p1a: :D|68/100
|-singleturn|p1a: :D|move: Roost
|
|upkeep
|turn|12
|
|t:|1779697171
|move|p2a: Kyurem|Ice Beam|p1a: :D
|-crit|p1a: :D
|-damage|p1a: :D|16/100
|move|p1a: :D|Body Press|p2a: Kyurem
|-supereffective|p2a: Kyurem
|-damage|p2a: Kyurem|27/100
|
|upkeep
|turn|13
|
|t:|1779697177
|move|p2a: Kyurem|Freeze-Dry|p1a: :D
|-damage|p1a: :D|0 fnt
|faint|p1a: :D
|
|upkeep
|
|t:|1779697179
|switch|p1a: :3|Jolteon, F|100/100
|turn|14
|
|t:|1779697183
|move|p1a: :3|Alluring Voice|p2a: Kyurem
|-supereffective|p2a: Kyurem
|-damage|p2a: Kyurem|0 fnt
|faint|p2a: Kyurem
|
|upkeep
|
|t:|1779697188
|switch|p2a: Rillaboom|Rillaboom, M|68/100
|-damage|p2a: Rillaboom|56/100|[from] Stealth Rock
|-damage|p2a: Rillaboom|43/100|[from] Spikes
|-fieldstart|move: Grassy Terrain|[from] ability: Grassy Surge|[of] p2a: Rillaboom
|turn|15
|
|t:|1779697215
|move|p2a: Rillaboom|Grassy Glide|p1a: :3
|-damage|p1a: :3|24/100
|move|p1a: :3|Volt Switch|p2a: Rillaboom
|-resisted|p2a: Rillaboom
|-damage|p2a: Rillaboom|23/100
|inactive|Draconic Echo has 120 seconds left.
|
|t:|1779697230
|switch|p1a: Meep|Vaporeon, F|100/100|[from] Volt Switch
|
|-heal|p2a: Rillaboom|29/100|[from] Grassy Terrain
|upkeep
|turn|16
|inactive|Draconic Echo has 120 seconds left.
|
|t:|1779697237
|-terastallize|p1a: Meep|Poison
|move|p2a: Rillaboom|Wood Hammer|p1a: Meep
|-resisted|p1a: Meep
|-damage|p1a: Meep|69/100
|-damage|p2a: Rillaboom|16/100|[from] Recoil
|move|p1a: Meep|Ice Beam|p2a: Rillaboom
|-supereffective|p2a: Rillaboom
|-damage|p2a: Rillaboom|0 fnt
|faint|p2a: Rillaboom
|
|-heal|p1a: Meep|75/100|[from] Grassy Terrain
|-heal|p1a: Meep|81/100|[from] item: Leftovers
|upkeep
|
|t:|1779697249
|switch|p2a: Samurott|Samurott-Hisui, M|100/100
|-damage|p2a: Samurott|88/100|[from] Stealth Rock
|-damage|p2a: Samurott|76/100|[from] Spikes
|turn|17
|
|t:|1779697257
|switch|p1a: Hi|Great Tusk|100/100
|move|p2a: Samurott|Knock Off|p1a: Hi
|-resisted|p1a: Hi
|-damage|p1a: Hi|86/100
|-enditem|p1a: Hi|Choice Band|[from] move: Knock Off|[of] p2a: Samurott
|
|-heal|p1a: Hi|92/100|[from] Grassy Terrain
|-heal|p2a: Samurott|82/100|[from] Grassy Terrain
|upkeep
|turn|18
|
|t:|1779697270
|-terastallize|p2a: Samurott|Poison
|move|p1a: Hi|Close Combat|p2a: Samurott
|-resisted|p2a: Samurott
|-damage|p2a: Samurott|49/100
|-unboost|p1a: Hi|def|1
|-unboost|p1a: Hi|spd|1
|move|p2a: Samurott|Flip Turn|p1a: Hi
|-supereffective|p1a: Hi
|-damage|p1a: Hi|42/100
|
|t:|1779697288
|switch|p2a: Hawlucha|Hawlucha, M|100/100|[from] Flip Turn
|-damage|p2a: Hawlucha|88/100|[from] Stealth Rock
|-enditem|p2a: Hawlucha|Grassy Seed
|-boost|p2a: Hawlucha|def|1|[from] item: Grassy Seed
|
|-heal|p1a: Hi|48/100|[from] Grassy Terrain
|upkeep
|turn|19
|
|t:|1779697296
|-end|p1a: Hi|Protosynthesis|[silent]
|switch|p1a: Meep|Vaporeon, F, tera:Poison|81/100
|move|p2a: Hawlucha|Swords Dance|p2a: Hawlucha
|-boost|p2a: Hawlucha|atk|2
|
|-heal|p1a: Meep|88/100|[from] Grassy Terrain
|-heal|p1a: Meep|94/100|[from] item: Leftovers
|-fieldend|move: Grassy Terrain
|upkeep
|turn|20
|
|t:|1779697305
|move|p2a: Hawlucha|Swords Dance|p2a: Hawlucha
|-boost|p2a: Hawlucha|atk|2
|move|p1a: Meep|Scald|p2a: Hawlucha
|-damage|p2a: Hawlucha|45/100
|
|-heal|p1a: Meep|99/100|[from] item: Leftovers
|upkeep
|turn|21
|
|t:|1779697310
|move|p2a: Hawlucha|Acrobatics|p1a: Meep
|-damage|p1a: Meep|0 fnt
|faint|p1a: Meep
|
|upkeep
|
|t:|1779697316
|switch|p1a: >:(|Samurott-Hisui, M|53/100
|turn|22
|
|t:|1779697326
|move|p1a: >:(|Aqua Jet|p2a: Hawlucha
|-damage|p2a: Hawlucha|29/100
|move|p2a: Hawlucha|Acrobatics|p1a: >:(
|-damage|p1a: >:(|0 fnt
|faint|p1a: >:(
|
|upkeep
|
|t:|1779697330
|switch|p1a: :3|Jolteon, F|24/100
|turn|23
|-message|Draconic Echo forfeited.
|
|win|gatorskk
|raw|Draconic Echo's rating: 1506 &rarr; <strong>1487</strong><br />(-19 for losing)
|raw|gatorskk's rating: 1528 &rarr; <strong>1547</strong><br />(+19 for winning)
|l|☆Draconic Echo
|player|p1|
|l|☆gatorskk
|player|p2|
