|j|☆Cheesefriezz
|j|☆34c 24 36
|t:|1779599553
|gametype|singles
|player|p1|Cheesefriezz|n|1099
|player|p2|34c 24 36|swimmerf-gen4dp|1147
|gen|9
|tier|[Gen 9] OU
|rated|
|rule|HP Percentage Mod: HP is shown in percentages
|rule|Endless Battle Clause: Forcing endless battles is banned
|rule|Species Clause: Limit one of each Pokémon
|rule|OHKO Clause: OHKO moves are banned
|rule|Evasion Items Clause: Evasion items are banned
|rule|Evasion Moves Clause: Evasion moves are banned
|rule|Evasion Abilities Clause: Evasion abilities are banned
|rule|Sleep Moves Clause: Sleep-inducing moves are banned
|clearpoke
|poke|p1|Samurott-Hisui, M|
|poke|p1|Leafeon, M|
|poke|p1|Moltres|
|poke|p1|Ninetales, F|
|poke|p1|Kommo-o, M|
|poke|p1|Krookodile, F|
|poke|p2|Toxicroak, M|
|poke|p2|Pelipper, M|
|poke|p2|Landorus-Therian, M|
|poke|p2|Volcanion|
|poke|p2|Toedscruel, M|
|poke|p2|Metagross|
|teampreview
|inactive|Battle timer is ON: inactive players will automatically lose when time's up. (requested by 34c 24 36)
|
|t:|1779599557
|teamsize|p1|6
|teamsize|p2|6
|start
|switch|p1a: Gabriel|Krookodile, F|100/100
|switch|p2a: Pelipper|Pelipper, M|100/100
|-ability|p1a: Gabriel|Intimidate|boost
|-unboost|p2a: Pelipper|atk|1
|-weather|RainDance|[from] ability: Drizzle|[of] p2a: Pelipper
|turn|1
|
|t:|1779599569
|switch|p2a: Landorus|Landorus-Therian, M|100/100
|-ability|p2a: Landorus|Intimidate|boost
|-unboost|p1a: Gabriel|atk|1
|move|p1a: Gabriel|Stealth Rock|p2a: Landorus
|-sidestart|p2: 34c 24 36|move: Stealth Rock
|
|-weather|RainDance|[upkeep]
|upkeep
|turn|2
|
|t:|1779599579
|switch|p1a: six tails|Ninetales, F, shiny|100/100
|-weather|SunnyDay|[from] ability: Drought|[of] p1a: six tails
|move|p2a: Landorus|Stealth Rock|p1a: six tails
|-sidestart|p1: Cheesefriezz|move: Stealth Rock
|
|-weather|SunnyDay|[upkeep]
|upkeep
|turn|3
|
|t:|1779599589
|switch|p2a: Pelipper|Pelipper, M|100/100
|-damage|p2a: Pelipper|76/100|[from] Stealth Rock
|-weather|RainDance|[from] ability: Drizzle|[of] p2a: Pelipper
|move|p1a: six tails|Encore||[still]
|-fail|p1a: six tails
|
|-weather|RainDance|[upkeep]
|upkeep
|turn|4
|
|t:|1779599603
|switch|p1a: Gabriel|Krookodile, F|100/100
|-damage|p1a: Gabriel|94/100|[from] Stealth Rock
|-ability|p1a: Gabriel|Intimidate|boost
|-unboost|p2a: Pelipper|atk|1
|move|p2a: Pelipper|Tailwind|p2a: Pelipper
|-sidestart|p2: 34c 24 36|move: Tailwind
|
|-weather|RainDance|[upkeep]
|-heal|p1a: Gabriel|100/100|[from] item: Leftovers
|upkeep
|turn|5
|
|t:|1779599612
|switch|p2a: Toedscruel|Toedscruel, M|100/100
|-damage|p2a: Toedscruel|94/100|[from] Stealth Rock
|switch|p1a: six tails|Ninetales, F, shiny|100/100
|-damage|p1a: six tails|76/100|[from] Stealth Rock
|-weather|SunnyDay|[from] ability: Drought|[of] p1a: six tails
|
|-weather|SunnyDay|[upkeep]
|upkeep
|turn|6
|
|t:|1779599637
|-terastallize|p2a: Toedscruel|Ground
|move|p2a: Toedscruel|Earth Power|p1a: six tails
|-supereffective|p1a: six tails
|-damage|p1a: six tails|0 fnt
|faint|p1a: six tails
|
|-weather|SunnyDay|[upkeep]
|upkeep
|
|t:|1779599644
|switch|p1a: Melo|Leafeon, M, shiny|100/100
|-damage|p1a: Melo|88/100|[from] Stealth Rock
|turn|7
|
|t:|1779599654
|move|p1a: Melo|Leaf Blade|p2a: Toedscruel
|-supereffective|p2a: Toedscruel
|-damage|p2a: Toedscruel|0 fnt
|faint|p2a: Toedscruel
|-damage|p1a: Melo|78/100|[from] item: Life Orb
|
|-weather|SunnyDay|[upkeep]
|-sideend|p2: 34c 24 36|move: Tailwind
|upkeep
|inactive|34c 24 36 has 120 seconds left.
|
|t:|1779599674
|switch|p2a: Pelipper|Pelipper, M|76/100
|-damage|p2a: Pelipper|51/100|[from] Stealth Rock
|-weather|RainDance|[from] ability: Drizzle|[of] p2a: Pelipper
|turn|8
|
|t:|1779599686
|move|p1a: Melo|Knock Off|p2a: Pelipper
|-damage|p2a: Pelipper|12/100
|-enditem|p2a: Pelipper|Damp Rock|[from] move: Knock Off|[of] p1a: Melo
|-damage|p1a: Melo|68/100|[from] item: Life Orb
|move|p2a: Pelipper|Hurricane|p1a: Melo
|-supereffective|p1a: Melo
|-damage|p1a: Melo|0 fnt
|faint|p1a: Melo
|
|-weather|RainDance|[upkeep]
|upkeep
|
|t:|1779599696
|switch|p1a: Gabriel|Krookodile, F|100/100
|-damage|p1a: Gabriel|94/100|[from] Stealth Rock
|-ability|p1a: Gabriel|Intimidate|boost
|-unboost|p2a: Pelipper|atk|1
|turn|9
|
|t:|1779599704
|switch|p2a: Landorus|Landorus-Therian, M|100/100
|-damage|p2a: Landorus|88/100|[from] Stealth Rock
|-ability|p2a: Landorus|Intimidate|boost
|-unboost|p1a: Gabriel|atk|1
|move|p1a: Gabriel|Knock Off|p2a: Landorus
|-damage|p2a: Landorus|51/100
|-enditem|p2a: Landorus|Life Orb|[from] move: Knock Off|[of] p1a: Gabriel
|
|-weather|RainDance|[upkeep]
|-heal|p1a: Gabriel|100/100|[from] item: Leftovers
|upkeep
|turn|10
|
|t:|1779599720
|switch|p1a: Ima dive in|Samurott-Hisui, M|100/100
|-damage|p1a: Ima dive in|88/100|[from] Stealth Rock
|move|p2a: Landorus|U-turn|p1a: Ima dive in
|-supereffective|p1a: Ima dive in
|-damage|p1a: Ima dive in|24/100
|inactive|34c 24 36 has 120 seconds left.
|
|t:|1779599739
|switch|p2a: Toxicroak|Toxicroak, M|100/100|[from] U-turn
|-damage|p2a: Toxicroak|94/100|[from] Stealth Rock
|
|-weather|RainDance|[upkeep]
|-heal|p2a: Toxicroak|100/100|[from] ability: Dry Skin
|upkeep
|turn|11
|
|t:|1779599749
|move|p2a: Toxicroak|Drain Punch|p1a: Ima dive in
|-supereffective|p1a: Ima dive in
|-damage|p1a: Ima dive in|0 fnt
|faint|p1a: Ima dive in
|
|-weather|RainDance|[upkeep]
|upkeep
|
|t:|1779599753
|switch|p1a: Gabriel|Krookodile, F|100/100
|-damage|p1a: Gabriel|94/100|[from] Stealth Rock
|-ability|p1a: Gabriel|Intimidate|boost
|-unboost|p2a: Toxicroak|atk|1
|turn|12
|
|t:|1779599767
|switch|p2a: Landorus|Landorus-Therian, M|51/100
|-damage|p2a: Landorus|39/100|[from] Stealth Rock
|-ability|p2a: Landorus|Intimidate|boost
|-unboost|p1a: Gabriel|atk|1
|move|p1a: Gabriel|Earthquake|p2a: Landorus
|-immune|p2a: Landorus
|
|-weather|RainDance|[upkeep]
|-heal|p1a: Gabriel|100/100|[from] item: Leftovers
|upkeep
|turn|13
|
|t:|1779599774
|move|p1a: Gabriel|Knock Off|p2a: Landorus
|-damage|p2a: Landorus|13/100
|move|p2a: Landorus|U-turn|p1a: Gabriel
|-supereffective|p1a: Gabriel
|-damage|p1a: Gabriel|36/100
|
|t:|1779599782
|switch|p2a: Metagross|Metagross|100/100|[from] U-turn
|-damage|p2a: Metagross|94/100|[from] Stealth Rock
|
|-weather|RainDance|[upkeep]
|-heal|p1a: Gabriel|42/100|[from] item: Leftovers
|upkeep
|turn|14
|
|t:|1779599790
|move|p1a: Gabriel|Earthquake|p2a: Metagross
|-supereffective|p2a: Metagross
|-damage|p2a: Metagross|42/100
|-enditem|p2a: Metagross|Weakness Policy
|-boost|p2a: Metagross|atk|2|[from] item: Weakness Policy
|-boost|p2a: Metagross|spa|2|[from] item: Weakness Policy
|move|p2a: Metagross|Agility|p2a: Metagross
|-boost|p2a: Metagross|spe|2
|
|-weather|RainDance|[upkeep]
|-heal|p1a: Gabriel|48/100|[from] item: Leftovers
|upkeep
|turn|15
|
|t:|1779599796
|move|p2a: Metagross|Earthquake|p1a: Gabriel
|-damage|p1a: Gabriel|0 fnt
|faint|p1a: Gabriel
|
|-weather|none
|upkeep
|
|t:|1779599803
|switch|p1a: Supa Hot Fire|Moltres|100/100
|turn|16
|
|t:|1779599807
|move|p2a: Metagross|Rock Slide|p1a: Supa Hot Fire
|-supereffective|p1a: Supa Hot Fire
|-damage|p1a: Supa Hot Fire|0 fnt
|faint|p1a: Supa Hot Fire
|
|upkeep
|
|t:|1779599809
|switch|p1a: Iggy|Kommo-o, M|100/100
|-damage|p1a: Iggy|94/100|[from] Stealth Rock
|turn|17
|
|t:|1779599816
|-terastallize|p1a: Iggy|Normal
|move|p2a: Metagross|Iron Head|p1a: Iggy
|-damage|p1a: Iggy|4/100
|move|p1a: Iggy|Aura Sphere|p2a: Metagross
|-damage|p2a: Metagross|9/100
|
|upkeep
|turn|18
|
|t:|1779599825
|move|p2a: Metagross|Iron Head|p1a: Iggy
|-damage|p1a: Iggy|0 fnt
|faint|p1a: Iggy
|
|win|34c 24 36
|raw|Cheesefriezz's rating: 1099 &rarr; <strong>1078</strong><br />(-21 for losing)
|raw|34c 24 36's rating: 1147 &rarr; <strong>1169</strong><br />(+22 for winning)
|l|☆Cheesefriezz
|player|p1|
|l|☆34c 24 36
|player|p2|
