|j|☆jimborri
|j|☆rocktypepokemans
|t:|1779698423
|gametype|singles
|player|p1|jimborri|blackbelt|1265
|player|p2|rocktypepokemans|gambler|1364
|gen|9
|tier|[Gen 9] OU
|rated|
|rule|HP Percentage Mod: HP is shown in percentages
|rule|Endless Battle Clause: Forcing endless battles is banned
|rule|Species Clause: Limit one of each Pokémon
|rule|OHKO Clause: OHKO moves are banned
|rule|Evasion Items Clause: Evasion items are banned
|rule|Evasion Moves Clause: Evasion moves are banned
|rule|Evasion Abilities Clause: Evasion abilities are banned
|rule|Sleep Moves Clause: Sleep-inducing moves are banned
|clearpoke
|poke|p1|Jolteon, M|
|poke|p1|Skeledirge, M|
|poke|p1|Forretress, M|
|poke|p1|Hitmonlee, M|
|poke|p1|Hydrapple, M|
|poke|p1|Cloyster, M|
|poke|p2|Walking Wake|
|poke|p2|Great Tusk|
|poke|p2|Ninetales, M|
|poke|p2|Cresselia, F|
|poke|p2|Zarude|
|poke|p2|Ceruledge, M|
|teampreview
|inactive|Battle timer is ON: inactive players will automatically lose when time's up. (requested by jimborri)
|
|t:|1779698437
|teamsize|p1|6
|teamsize|p2|6
|start
|switch|p1a: Skeledirge|Skeledirge, M|100/100
|switch|p2a: Ninetales|Ninetales, M|100/100
|-weather|SunnyDay|[from] ability: Drought|[of] p2a: Ninetales
|turn|1
|
|t:|1779698440
|switch|p2a: Great Tusk|Great Tusk|100/100
|-activate|p2a: Great Tusk|ability: Protosynthesis
|-start|p2a: Great Tusk|protosynthesisatk
|move|p1a: Skeledirge|Alluring Voice|p2a: Great Tusk
|-supereffective|p2a: Great Tusk
|-damage|p2a: Great Tusk|53/100
|-enditem|p1a: Skeledirge|Throat Spray
|-boost|p1a: Skeledirge|spa|1|[from] item: Throat Spray
|
|-weather|SunnyDay|[upkeep]
|upkeep
|turn|2
|
|t:|1779698449
|-terastallize|p1a: Skeledirge|Flying
|move|p2a: Great Tusk|Headlong Rush|p1a: Skeledirge
|-immune|p1a: Skeledirge
|move|p1a: Skeledirge|Torch Song|p2a: Great Tusk
|-damage|p2a: Great Tusk|0 fnt
|-boost|p1a: Skeledirge|spa|1
|faint|p2a: Great Tusk
|-end|p2a: Great Tusk|Protosynthesis|[silent]
|
|-weather|SunnyDay|[upkeep]
|upkeep
|inactive|rocktypepokemans has 120 seconds left.
|
|t:|1779698505
|switch|p2a: Ceruledge|Ceruledge, M|100/100
|turn|3
|
|t:|1779698514
|move|p2a: Ceruledge|Swords Dance|p2a: Ceruledge
|-boost|p2a: Ceruledge|atk|2
|move|p1a: Skeledirge|Shadow Ball|p2a: Ceruledge
|-supereffective|p2a: Ceruledge
|-enditem|p2a: Ceruledge|Focus Sash
|-damage|p2a: Ceruledge|1/100
|-unboost|p2a: Ceruledge|spd|1
|
|-weather|SunnyDay|[upkeep]
|upkeep
|turn|4
|
|t:|1779698519
|move|p2a: Ceruledge|Bitter Blade|p1a: Skeledirge
|-damage|p1a: Skeledirge|47/100
|-heal|p2a: Ceruledge|33/100|[from] drain|[of] p1a: Skeledirge
|move|p1a: Skeledirge|Shadow Ball|p2a: Ceruledge
|-supereffective|p2a: Ceruledge
|-damage|p2a: Ceruledge|0 fnt
|faint|p2a: Ceruledge
|
|-weather|SunnyDay|[upkeep]
|upkeep
|
|t:|1779698528
|switch|p2a: Walking Wake|Walking Wake|100/100
|-activate|p2a: Walking Wake|ability: Protosynthesis
|-start|p2a: Walking Wake|protosynthesisspe
|turn|5
|
|t:|1779698532
|switch|p1a: Hydrapple|Hydrapple, M|100/100
|move|p2a: Walking Wake|Draco Meteor|p1a: Hydrapple
|-supereffective|p1a: Hydrapple
|-damage|p1a: Hydrapple|25/100
|-unboost|p2a: Walking Wake|spa|2
|
|-weather|SunnyDay|[upkeep]
|upkeep
|turn|6
|inactive|rocktypepokemans has 120 seconds left.
|
|t:|1779698562
|switch|p1a: Forretress|Forretress, M|100/100
|move|p2a: Walking Wake|Draco Meteor|p1a: Forretress
|-resisted|p1a: Forretress
|-damage|p1a: Forretress|70/100
|-unboost|p2a: Walking Wake|spa|2
|
|-weather|SunnyDay|[upkeep]
|upkeep
|turn|7
|
|t:|1779698583
|-end|p2a: Walking Wake|Protosynthesis|[silent]
|switch|p2a: Ninetales|Ninetales, M|100/100
|move|p1a: Forretress|Stealth Rock|p2a: Ninetales
|-sidestart|p2: rocktypepokemans|move: Stealth Rock
|
|-weather|SunnyDay|[upkeep]
|upkeep
|turn|8
|inactive|rocktypepokemans has 120 seconds left.
|inactive|jimborri has 120 seconds left.
|
|t:|1779698608
|switch|p1a: Skeledirge|Skeledirge, M, tera:Flying|47/100
|move|p2a: Ninetales|Overheat|p1a: Skeledirge
|-damage|p1a: Skeledirge|0 fnt
|-unboost|p2a: Ninetales|spa|2
|faint|p1a: Skeledirge
|
|-weather|none
|upkeep
|
|t:|1779698627
|switch|p1a: Cloyster|Cloyster, M|100/100
|turn|9
|
|t:|1779698633
|move|p2a: Ninetales|Will-O-Wisp|p1a: Cloyster
|-status|p1a: Cloyster|brn
|move|p1a: Cloyster|Shell Smash|p1a: Cloyster
|-unboost|p1a: Cloyster|def|1
|-unboost|p1a: Cloyster|spd|1
|-boost|p1a: Cloyster|atk|2
|-boost|p1a: Cloyster|spa|2
|-boost|p1a: Cloyster|spe|2
|
|-damage|p1a: Cloyster|94/100 brn|[from] brn
|upkeep
|turn|10
|
|t:|1779698637
|move|p1a: Cloyster|Rock Blast|p2a: Ninetales
|-supereffective|p2a: Ninetales
|-damage|p2a: Ninetales|81/100
|-supereffective|p2a: Ninetales
|-damage|p2a: Ninetales|63/100
|-supereffective|p2a: Ninetales
|-damage|p2a: Ninetales|43/100
|-supereffective|p2a: Ninetales
|-damage|p2a: Ninetales|22/100
|-supereffective|p2a: Ninetales
|-damage|p2a: Ninetales|3/100
|-hitcount|p2a: Ninetales|5
|move|p2a: Ninetales|Encore|p1a: Cloyster
|-start|p1a: Cloyster|Encore
|
|-damage|p1a: Cloyster|88/100 brn|[from] brn
|upkeep
|turn|11
|
|t:|1779698643
|switch|p2a: Cresselia|Cresselia, F|100/100
|-damage|p2a: Cresselia|88/100|[from] Stealth Rock
|move|p1a: Cloyster|Rock Blast|p2a: Cresselia
|-damage|p2a: Cresselia|83/100
|-damage|p2a: Cresselia|79/100
|-damage|p2a: Cresselia|74/100
|-damage|p2a: Cresselia|70/100
|-damage|p2a: Cresselia|66/100
|-hitcount|p2a: Cresselia|5
|-enditem|p2a: Cresselia|Eject Button
|
|t:|1779698666
|switch|p2a: Ninetales|Ninetales, M|3/100
|-damage|p2a: Ninetales|0 fnt|[from] Stealth Rock
|faint|p2a: Ninetales
|
|-damage|p1a: Cloyster|82/100 brn|[from] brn
|upkeep
|
|t:|1779698667
|switch|p2a: Walking Wake|Walking Wake|100/100
|-damage|p2a: Walking Wake|88/100|[from] Stealth Rock
|turn|12
|
|t:|1779698679
|move|p1a: Cloyster|Rock Blast|p2a: Walking Wake
|-damage|p2a: Walking Wake|79/100
|-damage|p2a: Walking Wake|71/100
|-damage|p2a: Walking Wake|63/100
|-damage|p2a: Walking Wake|55/100
|-damage|p2a: Walking Wake|47/100
|-hitcount|p2a: Walking Wake|5
|move|p2a: Walking Wake|Draco Meteor|p1a: Cloyster
|-damage|p1a: Cloyster|0 fnt
|-unboost|p2a: Walking Wake|spa|2
|faint|p1a: Cloyster
|
|upkeep
|
|t:|1779698687
|switch|p1a: Hydrapple|Hydrapple, M|58/100
|turn|13
|
|t:|1779698693
|-end|p2a: Walking Wake|Protosynthesis|[silent]
|switch|p2a: Cresselia|Cresselia, F|66/100
|-damage|p2a: Cresselia|53/100|[from] Stealth Rock
|move|p1a: Hydrapple|Giga Drain|p2a: Cresselia
|-damage|p2a: Cresselia|33/100
|-heal|p1a: Hydrapple|71/100|[from] drain|[of] p2a: Cresselia
|
|upkeep
|turn|14
|
|t:|1779698700
|switch|p1a: Hitmonlee|Hitmonlee, M|100/100
|move|p2a: Cresselia|Moonlight|p2a: Cresselia
|-heal|p2a: Cresselia|83/100
|
|upkeep
|turn|15
|
|t:|1779698706
|move|p1a: Hitmonlee|Knock Off|p2a: Cresselia
|-supereffective|p2a: Cresselia
|-damage|p2a: Cresselia|54/100
|move|p2a: Cresselia|Thunder Wave|p1a: Hitmonlee
|-status|p1a: Hitmonlee|par
|
|upkeep
|turn|16
|
|t:|1779698712
|switch|p1a: Hydrapple|Hydrapple, M|100/100
|move|p2a: Cresselia|Moonlight|p2a: Cresselia
|-heal|p2a: Cresselia|100/100
|
|upkeep
|turn|17
|
|t:|1779698715
|move|p2a: Cresselia|Thunder Wave|p1a: Hydrapple
|-status|p1a: Hydrapple|par
|move|p1a: Hydrapple|Infestation|p2a: Cresselia
|-supereffective|p2a: Cresselia
|-damage|p2a: Cresselia|92/100
|-activate|p2a: Cresselia|move: Infestation|[of] p1a: Hydrapple
|
|-damage|p2a: Cresselia|80/100|[from] move: Infestation|[partiallytrapped]
|upkeep
|turn|18
|
|t:|1779698720
|move|p2a: Cresselia|Psychic|p1a: Hydrapple
|-damage|p1a: Hydrapple|87/100 par
|move|p1a: Hydrapple|Fickle Beam|p2a: Cresselia
|-damage|p2a: Cresselia|58/100
|
|-damage|p2a: Cresselia|45/100|[from] move: Infestation|[partiallytrapped]
|upkeep
|turn|19
|
|t:|1779698727
|move|p2a: Cresselia|Moonlight|p2a: Cresselia
|-heal|p2a: Cresselia|95/100
|move|p1a: Hydrapple|Fickle Beam|p2a: Cresselia
|-damage|p2a: Cresselia|74/100
|
|-damage|p2a: Cresselia|62/100|[from] move: Infestation|[partiallytrapped]
|upkeep
|turn|20
|
|t:|1779698733
|move|p2a: Cresselia|Moonlight|p2a: Cresselia
|-heal|p2a: Cresselia|100/100
|move|p1a: Hydrapple|Fickle Beam|p2a: Cresselia
|-damage|p2a: Cresselia|76/100
|
|-damage|p2a: Cresselia|64/100|[from] move: Infestation|[partiallytrapped]
|upkeep
|turn|21
|
|t:|1779698738
|move|p2a: Cresselia|Moonlight|p2a: Cresselia
|-heal|p2a: Cresselia|100/100
|cant|p1a: Hydrapple|par
|
|-damage|p2a: Cresselia|88/100|[from] move: Infestation|[partiallytrapped]
|upkeep
|turn|22
|
|t:|1779698748
|move|p2a: Cresselia|Psychic|p1a: Hydrapple
|-damage|p1a: Hydrapple|75/100 par
|move|p1a: Hydrapple|Infestation|p2a: Cresselia
|-supereffective|p2a: Cresselia
|-damage|p2a: Cresselia|80/100
|
|-end|p2a: Cresselia|Infestation|[partiallytrapped]
|upkeep
|turn|23
|
|t:|1779698767
|move|p2a: Cresselia|Psychic|p1a: Hydrapple
|-damage|p1a: Hydrapple|61/100 par
|move|p1a: Hydrapple|Fickle Beam|p2a: Cresselia|[anim] Fickle Beam All Out
|-activate|p1a: Hydrapple|move: Fickle Beam
|-damage|p2a: Cresselia|35/100
|
|upkeep
|turn|24
|
|t:|1779698771
|move|p2a: Cresselia|Moonlight|p2a: Cresselia
|-heal|p2a: Cresselia|85/100
|move|p1a: Hydrapple|Infestation|p2a: Cresselia
|-supereffective|p2a: Cresselia
|-damage|p2a: Cresselia|77/100
|-activate|p2a: Cresselia|move: Infestation|[of] p1a: Hydrapple
|
|-damage|p2a: Cresselia|65/100|[from] move: Infestation|[partiallytrapped]
|upkeep
|turn|25
|
|t:|1779698779
|move|p2a: Cresselia|Psychic|p1a: Hydrapple
|-damage|p1a: Hydrapple|47/100 par
|move|p1a: Hydrapple|Giga Drain|p2a: Cresselia
|-damage|p2a: Cresselia|43/100
|-heal|p1a: Hydrapple|61/100 par|[from] drain|[of] p2a: Cresselia
|
|-damage|p2a: Cresselia|31/100|[from] move: Infestation|[partiallytrapped]
|upkeep
|turn|26
|
|t:|1779698784
|move|p2a: Cresselia|Moonlight|p2a: Cresselia
|-heal|p2a: Cresselia|81/100
|move|p1a: Hydrapple|Giga Drain|p2a: Cresselia
|-damage|p2a: Cresselia|58/100
|-heal|p1a: Hydrapple|75/100 par|[from] drain|[of] p2a: Cresselia
|
|-damage|p2a: Cresselia|45/100|[from] move: Infestation|[partiallytrapped]
|upkeep
|turn|27
|
|t:|1779698786
|move|p2a: Cresselia|Moonlight|p2a: Cresselia
|-heal|p2a: Cresselia|95/100
|move|p1a: Hydrapple|Giga Drain|p2a: Cresselia
|-damage|p2a: Cresselia|75/100
|-heal|p1a: Hydrapple|88/100 par|[from] drain|[of] p2a: Cresselia
|
|-damage|p2a: Cresselia|63/100|[from] move: Infestation|[partiallytrapped]
|upkeep
|turn|28
|
|t:|1779698791
|move|p2a: Cresselia|Lunar Dance|p2a: Cresselia
|faint|p2a: Cresselia
|move|p1a: Hydrapple|Giga Drain|p2: Cresselia|[notarget]
|-fail|p1a: Hydrapple
|
|upkeep
|
|t:|1779698793
|switch|p2a: Walking Wake|Walking Wake|47/100
|-heal|p2a: Walking Wake|100/100|[from] move: Lunar Dance
|-damage|p2a: Walking Wake|88/100|[from] Stealth Rock
|turn|29
|
|t:|1779698804
|switch|p1a: Forretress|Forretress, M|70/100
|-terastallize|p2a: Walking Wake|Fairy
|move|p2a: Walking Wake|Draco Meteor|p1a: Forretress
|-resisted|p1a: Forretress
|-damage|p1a: Forretress|5/100
|-unboost|p2a: Walking Wake|spa|2
|
|upkeep
|turn|30
|
|t:|1779698818
|move|p2a: Walking Wake|Hydro Steam|p1a: Forretress
|-crit|p1a: Forretress
|-damage|p1a: Forretress|0 fnt
|faint|p1a: Forretress
|
|upkeep
|
|t:|1779698822
|switch|p1a: Hitmonlee|Hitmonlee, M|100/100 par
|turn|31
|
|t:|1779698842
|-end|p2a: Walking Wake|Protosynthesis|[silent]
|switch|p2a: Zarude|Zarude|100/100
|-damage|p2a: Zarude|88/100|[from] Stealth Rock
|move|p1a: Hitmonlee|Endure||[still]
|-fail|p1a: Hitmonlee
|
|-heal|p2a: Zarude|94/100|[from] item: Leftovers
|upkeep
|turn|32
|
|t:|1779698854
|move|p1a: Hitmonlee|Endure|p1a: Hitmonlee
|-singleturn|p1a: Hitmonlee|move: Endure
|move|p2a: Zarude|Power Whip|p1a: Hitmonlee
|-activate|p1a: Hitmonlee|move: Endure
|-damage|p1a: Hitmonlee|1/100 par
|-enditem|p1a: Hitmonlee|Liechi Berry|[eat]
|-boost|p1a: Hitmonlee|atk|1|[from] item: Liechi Berry
|
|-heal|p2a: Zarude|100/100|[from] item: Leftovers
|upkeep
|turn|33
|
|t:|1779698866
|move|p2a: Zarude|Knock Off|p1a: Hitmonlee
|-resisted|p1a: Hitmonlee
|-damage|p1a: Hitmonlee|0 fnt
|faint|p1a: Hitmonlee
|
|upkeep
|
|t:|1779698878
|switch|p1a: Hydrapple|Hydrapple, M|100/100 par
|turn|34
|
|t:|1779698883
|move|p2a: Zarude|Knock Off|p1a: Hydrapple
|-damage|p1a: Hydrapple|59/100 par
|-enditem|p1a: Hydrapple|Assault Vest|[from] move: Knock Off|[of] p2a: Zarude
|move|p1a: Hydrapple|Infestation|p2a: Zarude
|-supereffective|p2a: Zarude
|-damage|p2a: Zarude|73/100
|-activate|p2a: Zarude|move: Infestation|[of] p1a: Hydrapple
|
|-heal|p2a: Zarude|79/100|[from] item: Leftovers
|-damage|p2a: Zarude|67/100|[from] move: Infestation|[partiallytrapped]
|upkeep
|turn|35
|
|t:|1779698889
|move|p2a: Zarude|Knock Off|p1a: Hydrapple
|-damage|p1a: Hydrapple|31/100 par
|cant|p1a: Hydrapple|par
|
|-heal|p2a: Zarude|73/100|[from] item: Leftovers
|-damage|p2a: Zarude|60/100|[from] move: Infestation|[partiallytrapped]
|upkeep
|turn|36
|
|t:|1779698894
|move|p2a: Zarude|Swords Dance|p2a: Zarude
|-boost|p2a: Zarude|atk|2
|cant|p1a: Hydrapple|par
|
|-heal|p2a: Zarude|67/100|[from] item: Leftovers
|-damage|p2a: Zarude|54/100|[from] move: Infestation|[partiallytrapped]
|upkeep
|turn|37
|
|t:|1779698898
|move|p2a: Zarude|Synthesis|p2a: Zarude
|-heal|p2a: Zarude|100/100
|move|p1a: Hydrapple|Fickle Beam|p2a: Zarude
|-damage|p2a: Zarude|63/100
|
|-heal|p2a: Zarude|70/100|[from] item: Leftovers
|-damage|p2a: Zarude|57/100|[from] move: Infestation|[partiallytrapped]
|upkeep
|turn|38
|
|t:|1779698905
|move|p2a: Zarude|Knock Off|p1a: Hydrapple
|-damage|p1a: Hydrapple|0 fnt
|faint|p1a: Hydrapple
|
|-heal|p2a: Zarude|63/100|[from] item: Leftovers
|-end|p2a: Zarude|Infestation|[partiallytrapped]|[silent]
|upkeep
|
|t:|1779698908
|switch|p1a: Jolteon|Jolteon, M|100/100
|turn|39
|
|t:|1779698911
|move|p1a: Jolteon|Alluring Voice|p2a: Zarude
|-supereffective|p2a: Zarude
|-damage|p2a: Zarude|13/100
|move|p2a: Zarude|Knock Off|p1a: Jolteon
|-damage|p1a: Jolteon|0 fnt
|-enditem|p1a: Jolteon|Leftovers|[from] move: Knock Off|[of] p2a: Zarude
|faint|p1a: Jolteon
|
|win|rocktypepokemans
|raw|jimborri's rating: 1265 &rarr; <strong>1247</strong><br />(-18 for losing)
|raw|rocktypepokemans's rating: 1364 &rarr; <strong>1378</strong><br />(+14 for winning)
|c|☆jimborri|gg
|l|☆jimborri
|player|p1|
|l|☆rocktypepokemans
|player|p2|
