|j|☆A05236
|j|☆Abyssal Bot
|t:|1779574397
|gametype|singles
|player|p1|A05236|265|
|player|p2|Abyssal Bot|supernerd|
|teamsize|p1|6
|teamsize|p2|6
|gen|9
|tier|[Gen 9] OU
|rule|Species Clause: Limit one of each Pokémon
|rule|OHKO Clause: OHKO moves are banned
|rule|Evasion Items Clause: Evasion items are banned
|rule|Evasion Moves Clause: Evasion moves are banned
|rule|Endless Battle Clause: Forcing endless battles is banned
|rule|HP Percentage Mod: HP is shown in percentages
|rule|Sleep Moves Clause: Sleep-inducing moves are banned
|clearpoke
|poke|p1|Blissey, F|
|poke|p1|Milotic, M|
|poke|p1|Gengar, M|
|poke|p1|Darkrai|
|poke|p1|Torkoal, F|
|poke|p1|Zapdos|
|poke|p2|Skarmory, F|
|poke|p2|Ting-Lu|
|poke|p2|Zamazenta-*|
|poke|p2|Weavile, F|
|poke|p2|Kyurem|
|poke|p2|Slowking-Galar, F|
|teampreview
|c|☆Abyssal Bot|**WARNING**: Expect much hax.
|inactive|Battle timer is ON: inactive players will automatically lose when time's up. (requested by Abyssal Bot)
|j|*Turbo Bottttt
|
|t:|1779574399
|start
|switch|p1a: Blissey|Blissey, F|100/100
|switch|p2a: Kyurem|Kyurem|100/100
|-ability|p2a: Kyurem|Pressure
|turn|1
|
|t:|1779574402
|switch|p2a: Skarmory|Skarmory, F|100/100
|move|p1a: Blissey|Rain Dance|p1a: Blissey
|-weather|Rain Dance
|
|-weather|Rain Dance|[upkeep]
|upkeep
|turn|2
|
|t:|1779574404
|move|p2a: Skarmory|Brave Bird|p1a: Blissey
|-damage|p1a: Blissey|70/100
|-damage|p2a: Skarmory|81/100|[from] Recoil
|move|p1a: Blissey|Thunder|p2a: Skarmory
|-supereffective|p2a: Skarmory
|-damage|p2a: Skarmory|12/100
|-status|p2a: Skarmory|par
|
|-weather|Rain Dance|[upkeep]
|upkeep
|turn|3
|
|t:|1779574407
|move|p1a: Blissey|Soft-Boiled|p1a: Blissey
|-heal|p1a: Blissey|100/100
|cant|p2a: Skarmory|par
|
|-weather|Rain Dance|[upkeep]
|upkeep
|turn|4
|
|t:|1779574410
|move|p1a: Blissey|Ice Beam|p2a: Skarmory
|-damage|p2a: Skarmory|0 par
|faint|p2a: Skarmory
|
|-weather|Rain Dance|[upkeep]
|upkeep
|
|t:|1779574410
|switch|p2a: Zamazenta|Zamazenta|100/100
|-ability|p2a: Zamazenta|Dauntless Shield|boost
|-boost|p2a: Zamazenta|def|1
|turn|5
|
|t:|1779574414
|switch|p1a: Zapdos|Zapdos|100/100
|-ability|p1a: Zapdos|Pressure
|move|p2a: Zamazenta|Close Combat|p1a: Zapdos
|-resisted|p1a: Zapdos
|-damage|p1a: Zapdos|70/100
|-unboost|p2a: Zamazenta|def|1
|-unboost|p2a: Zamazenta|spd|1
|
|-weather|Rain Dance|[upkeep]
|upkeep
|turn|6
|
|t:|1779574416
|move|p2a: Zamazenta|Stone Edge|p1a: Zapdos
|-supereffective|p1a: Zapdos
|-damage|p1a: Zapdos|0
|faint|p1a: Zapdos
|
|-weather|Rain Dance|[upkeep]
|upkeep
|
|t:|1779574433
|switch|p1a: Gengar|Gengar, M|100/100
|turn|7
|
|t:|1779574434
|move|p2a: Zamazenta|Heavy Slam|p1a: Gengar
|-damage|p1a: Gengar|20/100
|-start|p2a: Zamazenta|Disable|Heavy Slam|[from] ability: Cursed Body|[of] p1a: Gengar
|move|p1a: Gengar|Shadow Ball|p2a: Zamazenta
|-damage|p2a: Zamazenta|31/100
|-damage|p1a: Gengar|10/100|[from] item: Life Orb
|
|-weather|Rain Dance|[upkeep]
|upkeep
|turn|8
|
|t:|1779574440
|move|p2a: Zamazenta|Stone Edge|p1a: Gengar
|-damage|p1a: Gengar|0
|faint|p1a: Gengar
|
|-weather|none
|upkeep
|
|t:|1779574444
|switch|p1a: Torkoal|Torkoal, F|100/100
|-weather|Sunny Day|[from] ability: Drought|[of] p1a: Torkoal
|turn|9
|
|t:|1779574446
|move|p2a: Zamazenta|Close Combat|p1a: Torkoal
|-damage|p1a: Torkoal|64/100
|-unboost|p2a: Zamazenta|def|1
|-unboost|p2a: Zamazenta|spd|1
|move|p1a: Torkoal|Weather Ball|p2a: Zamazenta
|-damage|p2a: Zamazenta|0
|faint|p2a: Zamazenta
|
|-weather|Sunny Day|[upkeep]
|upkeep
|
|t:|1779574446
|switch|p2a: Kyurem|Kyurem|100/100
|-ability|p2a: Kyurem|Pressure
|turn|10
|
|t:|1779574450
|switch|p1a: Blissey|Blissey, F|100/100
|move|p2a: Kyurem|Earth Power|p1a: Blissey
|-damage|p1a: Blissey|87/100
|
|-weather|Sunny Day|[upkeep]
|upkeep
|turn|11
|
|t:|1779574452
|switch|p2a: Weavile|Weavile, F|100/100
|move|p1a: Blissey|Rain Dance|p1a: Blissey
|-weather|Rain Dance
|
|-weather|Rain Dance|[upkeep]
|upkeep
|turn|12
|
|t:|1779574455
|switch|p1a: Torkoal|Torkoal, F|64/100
|-weather|Sunny Day|[from] ability: Drought|[of] p1a: Torkoal
|move|p2a: Weavile|Low Kick|p1a: Torkoal
|-damage|p1a: Torkoal|50/100
|
|-weather|Sunny Day|[upkeep]
|upkeep
|turn|13
|
|t:|1779574458
|move|p2a: Weavile|Knock Off|p1a: Torkoal
|-damage|p1a: Torkoal|22/100
|-enditem|p1a: Torkoal|Heavy-Duty Boots|[from] move: Knock Off|[of] p2a: Weavile
|move|p1a: Torkoal|Body Press|p2a: Weavile
|-supereffective|p2a: Weavile
|-damage|p2a: Weavile|0
|faint|p2a: Weavile
|
|-weather|Sunny Day|[upkeep]
|upkeep
|
|t:|1779574458
|switch|p2a: Kyurem|Kyurem|100/100
|-ability|p2a: Kyurem|Pressure
|turn|14
|
|t:|1779574461
|switch|p1a: Blissey|Blissey, F|87/100
|move|p2a: Kyurem|Freeze-Dry|p1a: Blissey
|-damage|p1a: Blissey|73/100
|
|-weather|Sunny Day|[upkeep]
|upkeep
|turn|15
|
|t:|1779574465
|move|p2a: Kyurem|Freeze-Dry|p1a: Blissey
|-crit|p1a: Blissey
|-damage|p1a: Blissey|51/100
|move|p1a: Blissey|Rain Dance|p1a: Blissey
|-weather|Rain Dance
|
|-weather|Rain Dance|[upkeep]
|upkeep
|turn|16
|c|☆Abyssal Bot|LOL Die!
|
|t:|1779574467
|move|p2a: Kyurem|Ice Beam|p1a: Blissey
|-damage|p1a: Blissey|32/100
|move|p1a: Blissey|Soft-Boiled|p1a: Blissey
|-heal|p1a: Blissey|82/100
|
|-weather|Rain Dance|[upkeep]
|upkeep
|turn|17
|
|t:|1779574472
|move|p2a: Kyurem|Ice Beam|p1a: Blissey
|-damage|p1a: Blissey|64/100
|move|p1a: Blissey|Thunder|p2a: Kyurem
|-resisted|p2a: Kyurem
|-damage|p2a: Kyurem|87/100
|
|-weather|Rain Dance|[upkeep]
|upkeep
|turn|18
|
|t:|1779574475
|move|p2a: Kyurem|Freeze-Dry|p1a: Blissey
|-damage|p1a: Blissey|50/100
|move|p1a: Blissey|Thunder|p2a: Kyurem
|-resisted|p2a: Kyurem
|-damage|p2a: Kyurem|74/100
|
|-weather|Rain Dance|[upkeep]
|upkeep
|turn|19
|
|t:|1779574479
|move|p2a: Kyurem|Ice Beam|p1a: Blissey
|-damage|p1a: Blissey|32/100
|move|p1a: Blissey|Soft-Boiled|p1a: Blissey
|-heal|p1a: Blissey|82/100
|
|-weather|Rain Dance|[upkeep]
|upkeep
|turn|20
|
|t:|1779574481
|move|p2a: Kyurem|Ice Beam|p1a: Blissey
|-crit|p1a: Blissey
|-damage|p1a: Blissey|51/100
|move|p1a: Blissey|Thunder|p2a: Kyurem
|-resisted|p2a: Kyurem
|-damage|p2a: Kyurem|62/100
|-status|p2a: Kyurem|par
|
|-weather|Rain Dance|[upkeep]
|upkeep
|turn|21
|c|☆Abyssal Bot|YASS!
|
|t:|1779574484
|cant|p2a: Kyurem|par
|move|p1a: Blissey|Soft-Boiled|p1a: Blissey
|-heal|p1a: Blissey|100/100
|
|-weather|Rain Dance|[upkeep]
|upkeep
|turn|22
|
|t:|1779574499
|cant|p2a: Kyurem|par
|move|p1a: Blissey|Ice Beam|p2a: Kyurem
|-damage|p2a: Kyurem|42/100 par
|
|-weather|none
|upkeep
|turn|23
|
|t:|1779574504
|move|p2a: Kyurem|Scale Shot|p1a: Blissey
|-damage|p1a: Blissey|92/100
|-damage|p1a: Blissey|82/100
|-damage|p1a: Blissey|73/100
|-hitcount|p1a: Blissey|3
|-unboost|p2a: Kyurem|def|1
|-boost|p2a: Kyurem|spe|1
|move|p1a: Blissey|Ice Beam|p2a: Kyurem
|-damage|p2a: Kyurem|21/100 par
|
|upkeep
|turn|24
|
|t:|1779574507
|move|p2a: Kyurem|Freeze-Dry|p1a: Blissey
|-damage|p1a: Blissey|59/100
|move|p1a: Blissey|Ice Beam|p2a: Kyurem
|-damage|p2a: Kyurem|1/100 par
|
|upkeep
|turn|25
|
|t:|1779574509
|move|p2a: Kyurem|Ice Beam|p1a: Blissey
|-damage|p1a: Blissey|39/100
|move|p1a: Blissey|Ice Beam|p2a: Kyurem
|-damage|p2a: Kyurem|0 par
|faint|p2a: Kyurem
|
|upkeep
|
|t:|1779574509
|switch|p2a: Ting-Lu|Ting-Lu|100/100
|-ability|p2a: Ting-Lu|Vessel of Ruin
|turn|26
|
|t:|1779574511
|move|p1a: Blissey|Soft-Boiled|p1a: Blissey
|-heal|p1a: Blissey|89/100
|move|p2a: Ting-Lu|Spikes|p1a: Blissey
|-sidestart|p1: A05236|Spikes
|
|upkeep
|turn|27
|
|t:|1779574526
|switch|p1a: Milotic|Milotic, M|100/100
|-damage|p1a: Milotic|88/100|[from] Spikes|[of] p2a: Ting-Lu
|move|p2a: Ting-Lu|Earthquake|p1a: Milotic
|-damage|p1a: Milotic|60/100
|
|-heal|p1a: Milotic|66/100|[from] item: Leftovers
|upkeep
|turn|28
|
|t:|1779574529
|move|p1a: Milotic|Surf|p2a: Ting-Lu
|-supereffective|p2a: Ting-Lu
|-damage|p2a: Ting-Lu|75/100
|move|p2a: Ting-Lu|Spikes|p1a: Milotic
|-sidestart|p1: A05236|Spikes
|
|-heal|p1a: Milotic|72/100|[from] item: Leftovers
|upkeep
|turn|29
|
|t:|1779574532
|switch|p2a: Slowking|Slowking-Galar, F|100/100
|move|p1a: Milotic|Coil|p1a: Milotic
|-boost|p1a: Milotic|atk|1
|-boost|p1a: Milotic|def|1
|-boost|p1a: Milotic|accuracy|1
|
|-heal|p1a: Milotic|78/100|[from] item: Leftovers
|upkeep
|turn|30
|
|t:|1779574535
|move|p1a: Milotic|Coil|p1a: Milotic
|-boost|p1a: Milotic|atk|1
|-boost|p1a: Milotic|def|1
|-boost|p1a: Milotic|accuracy|1
|move|p2a: Slowking|Toxic|p1a: Milotic
|-status|p1a: Milotic|tox
|
|-heal|p1a: Milotic|84/100 tox|[from] item: Leftovers
|-damage|p1a: Milotic|78/100 tox|[from] psn|[of] p2a: Slowking
|upkeep
|turn|31
|
|t:|1779574538
|move|p2a: Slowking|Chilly Reception|p2a: Slowking
|-weather|Snow
|
|t:|1779574538
|switch|p2a: Ting-Lu|Ting-Lu|75/100|[from] Chilly Reception
|-ability|p2a: Ting-Lu|Vessel of Ruin
|move|p1a: Milotic|Dragon Tail|p2a: Ting-Lu
|-damage|p2a: Ting-Lu|65/100
|drag|p2a: Slowking|Slowking-Galar, F|100/100
|
|-weather|Snow|[upkeep]
|-heal|p1a: Milotic|84/100 tox|[from] item: Leftovers
|-damage|p1a: Milotic|72/100 tox|[from] psn|[of] p2a: Slowking
|upkeep
|turn|32
|
|t:|1779574540
|move|p1a: Milotic|Surf|p2a: Slowking
|-damage|p2a: Slowking|83/100
|move|p2a: Slowking|Sludge Bomb|p1a: Milotic
|-damage|p1a: Milotic|48/100 tox
|
|-weather|Snow|[upkeep]
|-heal|p1a: Milotic|55/100 tox|[from] item: Leftovers
|-damage|p1a: Milotic|36/100 tox|[from] psn|[of] p2a: Slowking
|upkeep
|turn|33
|
|t:|1779574544
|move|p2a: Slowking|Chilly Reception|p2a: Slowking
|
|t:|1779574544
|switch|p2a: Ting-Lu|Ting-Lu|65/100|[from] Chilly Reception
|-ability|p2a: Ting-Lu|Vessel of Ruin
|move|p1a: Milotic|Dragon Tail|p2a: Ting-Lu
|-damage|p2a: Ting-Lu|56/100
|drag|p2a: Slowking|Slowking-Galar, F|100/100
|
|-weather|Snow|[upkeep]
|-heal|p1a: Milotic|42/100 tox|[from] item: Leftovers
|-damage|p1a: Milotic|18/100 tox|[from] psn|[of] p2a: Slowking
|upkeep
|turn|34
|
|t:|1779574547
|move|p2a: Slowking|Future Sight|p1a: Milotic
|-start|p2a: Slowking|move: Future Sight
|move|p1a: Milotic|Dragon Tail|p2a: Slowking
|-damage|p2a: Slowking|82/100
|drag|p2a: Ting-Lu|Ting-Lu|56/100
|-ability|p2a: Ting-Lu|Vessel of Ruin
|
|-weather|Snow|[upkeep]
|-heal|p1a: Milotic|24/100 tox|[from] item: Leftovers
|-damage|p1a: Milotic|0 tox|[from] psn|[of] p2: Slowking
|faint|p1a: Milotic
|upkeep
|
|t:|1779574553
|switch|p1a: Darkrai|Darkrai|100/100
|turn|35
|
|t:|1779574555
|move|p1a: Darkrai|Swords Dance|p1a: Darkrai
|-boost|p1a: Darkrai|atk|2
|move|p2a: Ting-Lu|Spikes|p1a: Darkrai
|-sidestart|p1: A05236|Spikes
|
|-weather|none
|upkeep
|turn|36
|
|t:|1779574558
|move|p1a: Darkrai|Drain Punch|p2a: Ting-Lu
|-supereffective|p2a: Ting-Lu
|-damage|p2a: Ting-Lu|12/100
|move|p2a: Ting-Lu|Earthquake|p1a: Darkrai
|-damage|p1a: Darkrai|55/100
|
|-end|p1a: Darkrai|move: Future Sight
|-immune|p1a: Darkrai
|upkeep
|turn|37
|
|t:|1779574561
|move|p1a: Darkrai|Drain Punch|p2a: Ting-Lu
|-supereffective|p2a: Ting-Lu
|-damage|p2a: Ting-Lu|0
|-heal|p1a: Darkrai|66/100|[from] drain|[of] p2a: Ting-Lu
|faint|p2a: Ting-Lu
|
|upkeep
|
|t:|1779574561
|switch|p2a: Slowking|Slowking-Galar, F|100/100
|turn|38
|
|t:|1779574563
|move|p1a: Darkrai|Knock Off|p2a: Slowking
|-supereffective|p2a: Slowking
|-damage|p2a: Slowking|0
|-enditem|p2a: Slowking|Heavy-Duty Boots|[from] move: Knock Off|[of] p1a: Darkrai
|faint|p2a: Slowking
|
|win|A05236
|c|☆Abyssal Bot|This loss doesn't matter, because I'm just a bot.
|l|☆Abyssal Bot
|player|p2|
|l|*Turbo Bottttt
