|j|☆Bel3
|j|☆bena13
|t:|1779679655
|gametype|singles
|player|p1|Bel3|youngster-gen4dp|1172
|player|p2|bena13|169|1203
|gen|9
|tier|[Gen 9] OU
|rated|
|rule|HP Percentage Mod: HP is shown in percentages
|rule|Endless Battle Clause: Forcing endless battles is banned
|rule|Species Clause: Limit one of each Pokémon
|rule|OHKO Clause: OHKO moves are banned
|rule|Evasion Items Clause: Evasion items are banned
|rule|Evasion Moves Clause: Evasion moves are banned
|rule|Evasion Abilities Clause: Evasion abilities are banned
|rule|Sleep Moves Clause: Sleep-inducing moves are banned
|clearpoke
|poke|p1|Mamoswine, M|
|poke|p1|Gyarados, M|
|poke|p1|Breloom, M|
|poke|p1|Gengar, F|
|poke|p1|Scizor, M|
|poke|p1|Zapdos|
|poke|p2|Swanna, M|
|poke|p2|Muk, M|
|poke|p2|Gastrodon, M|
|poke|p2|Vileplume, M|
|poke|p2|Salazzle, F|
|poke|p2|Haunter, M|
|teampreview
|inactive|Battle timer is ON: inactive players will automatically lose when time's up. (requested by bena13)
|l|☆Bel3
|inactive|Bel3 disconnected and has a minute to reconnect!
|player|p1|
|j|☆Bel3
|inactive|Bel3 reconnected and has 120 seconds left.
|player|p1|Bel3|youngster-gen4dp|
|
|t:|1779679701
|teamsize|p1|6
|teamsize|p2|6
|start
|switch|p1a: Mamoswine|Mamoswine, M|100/100
|switch|p2a: Swanna|Swanna, M|100/100
|turn|1
|
|t:|1779679709
|move|p1a: Mamoswine|Ice Shard|p2a: Swanna
|-damage|p2a: Swanna|59/100
|move|p2a: Swanna|Surf|p1a: Mamoswine
|-supereffective|p1a: Mamoswine
|-enditem|p1a: Mamoswine|Focus Sash
|-damage|p1a: Mamoswine|1/100
|-damage|p2a: Swanna|49/100|[from] item: Life Orb
|
|upkeep
|turn|2
|l|☆Bel3
|inactive|Bel3 disconnected and has a minute to reconnect!
|player|p1|
|j|☆Bel3
|inactive|Bel3 reconnected and has 120 seconds left.
|player|p1|Bel3|youngster-gen4dp|
|
|t:|1779679747
|move|p1a: Mamoswine|Ice Shard|p2a: Swanna
|-damage|p2a: Swanna|13/100
|move|p2a: Swanna|Air Slash|p1a: Mamoswine
|-damage|p1a: Mamoswine|0 fnt
|faint|p1a: Mamoswine
|-damage|p2a: Swanna|3/100|[from] item: Life Orb
|
|upkeep
|inactive|Bel3 has 90 seconds left.
|
|t:|1779679778
|switch|p1a: Zapdos|Zapdos|100/100
|turn|3
|
|t:|1779679788
|move|p2a: Swanna|Ice Beam|p1a: Zapdos
|-supereffective|p1a: Zapdos
|-damage|p1a: Zapdos|35/100
|-damage|p2a: Swanna|0 fnt|[from] item: Life Orb
|faint|p2a: Swanna
|move|p1a: Zapdos|Heat Wave|p2: Swanna|[notarget]
|-fail|p1a: Zapdos
|
|upkeep
|
|t:|1779679796
|switch|p2a: Salazzle|Salazzle, F|100/100
|turn|4
|
|t:|1779679800
|move|p2a: Salazzle|Sludge Bomb|p1a: Zapdos
|-damage|p1a: Zapdos|0 fnt
|faint|p1a: Zapdos
|-damage|p2a: Salazzle|91/100|[from] item: Life Orb
|
|upkeep
|l|☆Bel3
|inactive|Bel3 disconnected and has a minute to reconnect!
|player|p1|
|j|☆Bel3
|inactive|Bel3 reconnected and has 80 seconds left.
|player|p1|Bel3|youngster-gen4dp|
|
|t:|1779679842
|switch|p1a: Gyarados|Gyarados, M|100/100
|-ability|p1a: Gyarados|Intimidate|boost
|-fail|p2a: Salazzle|unboost|Attack|[from] ability: Oblivious|[of] p2a: Salazzle
|turn|5
|
|t:|1779679848
|move|p2a: Salazzle|Substitute|p2a: Salazzle
|-start|p2a: Salazzle|Substitute
|-damage|p2a: Salazzle|66/100
|move|p1a: Gyarados|Dragon Dance|p1a: Gyarados
|-boost|p1a: Gyarados|atk|1
|-boost|p1a: Gyarados|spe|1
|
|upkeep
|turn|6
|inactive|Bel3 has 90 seconds left.
|
|t:|1779679856
|move|p1a: Gyarados|Waterfall|p2a: Salazzle
|-supereffective|p2a: Salazzle
|-end|p2a: Salazzle|Substitute
|move|p2a: Salazzle|Encore|p1a: Gyarados
|-start|p1a: Gyarados|Encore
|
|upkeep
|turn|7
|
|t:|1779679864
|switch|p2a: Gastrodon|Gastrodon, M|100/100
|move|p1a: Gyarados|Waterfall|p2a: Gastrodon
|-ability|p2a: Gastrodon|Storm Drain|boost
|-boost|p2a: Gastrodon|spa|1
|
|upkeep
|turn|8
|
|t:|1779679870
|move|p1a: Gyarados|Waterfall|p2a: Gastrodon
|-ability|p2a: Gastrodon|Storm Drain|boost
|-boost|p2a: Gastrodon|spa|1
|move|p2a: Gastrodon|Ice Beam|p1a: Gyarados
|-damage|p1a: Gyarados|49/100
|
|-heal|p1a: Gyarados|55/100|[from] item: Leftovers
|upkeep
|turn|9
|
|t:|1779679880
|move|p1a: Gyarados|Waterfall|p2a: Gastrodon
|-ability|p2a: Gastrodon|Storm Drain|boost
|-boost|p2a: Gastrodon|spa|1
|move|p2a: Gastrodon|Ice Beam|p1a: Gyarados
|-damage|p1a: Gyarados|0 fnt
|faint|p1a: Gyarados
|
|upkeep
|
|t:|1779679887
|switch|p1a: Breloom|Breloom, M|100/100
|turn|10
|
|t:|1779679896
|-terastallize|p2a: Gastrodon|Fairy
|move|p1a: Breloom|Seed Bomb|p2a: Gastrodon
|-damage|p2a: Gastrodon|47/100
|move|p2a: Gastrodon|Ice Beam|p1a: Breloom
|-supereffective|p1a: Breloom
|-damage|p1a: Breloom|0 fnt
|faint|p1a: Breloom
|
|upkeep
|-message|Bel3 forfeited.
|
|win|bena13
|raw|Bel3's rating: 1172 &rarr; <strong>1149</strong><br />(-23 for losing)
|raw|bena13's rating: 1203 &rarr; <strong>1226</strong><br />(+23 for winning)
|l|☆Bel3
|player|p1|
