|j|☆Uncle Dre
|j|☆bradfish1761
|t:|1779701557
|gametype|singles
|player|p1|Uncle Dre|red|1147
|player|p2|bradfish1761|elesa|1107
|gen|9
|tier|[Gen 9] OU
|rated|
|rule|HP Percentage Mod: HP is shown in percentages
|rule|Endless Battle Clause: Forcing endless battles is banned
|rule|Species Clause: Limit one of each Pokémon
|rule|OHKO Clause: OHKO moves are banned
|rule|Evasion Items Clause: Evasion items are banned
|rule|Evasion Moves Clause: Evasion moves are banned
|rule|Evasion Abilities Clause: Evasion abilities are banned
|rule|Sleep Moves Clause: Sleep-inducing moves are banned
|clearpoke
|poke|p1|Great Tusk|
|poke|p1|Slowking-Galar, M|
|poke|p1|Raging Bolt|
|poke|p1|Serperior, M|
|poke|p1|Cinderace, F|
|poke|p1|Kingambit, F|
|poke|p2|Electrode-Hisui|
|poke|p2|Pelipper, F|
|poke|p2|Gholdengo|
|poke|p2|Cinderace, F|
|poke|p2|Great Tusk|
|poke|p2|Darkrai|
|teampreview
|inactive|Battle timer is ON: inactive players will automatically lose when time's up. (requested by bradfish1761)
|
|t:|1779701579
|teamsize|p1|6
|teamsize|p2|6
|start
|switch|p1a: Raging Bolt|Raging Bolt|100/100
|switch|p2a: Pelipper|Pelipper, F|100/100
|-weather|RainDance|[from] ability: Drizzle|[of] p2a: Pelipper
|-enditem|p1a: Raging Bolt|Booster Energy
|-activate|p1a: Raging Bolt|ability: Protosynthesis|[fromitem]
|-start|p1a: Raging Bolt|protosynthesisspa
|turn|1
|
|t:|1779701594
|switch|p2a: Great Tusk|Great Tusk|100/100
|move|p1a: Raging Bolt|Calm Mind|p1a: Raging Bolt
|-boost|p1a: Raging Bolt|spa|1
|-boost|p1a: Raging Bolt|spd|1
|
|-weather|RainDance|[upkeep]
|upkeep
|turn|2
|
|t:|1779701604
|move|p2a: Great Tusk|Headlong Rush|p1a: Raging Bolt
|-supereffective|p1a: Raging Bolt
|-damage|p1a: Raging Bolt|0 fnt
|-unboost|p2a: Great Tusk|def|1
|-unboost|p2a: Great Tusk|spd|1
|faint|p1a: Raging Bolt
|-end|p1a: Raging Bolt|Protosynthesis|[silent]
|
|-weather|RainDance|[upkeep]
|upkeep
|
|t:|1779701620
|switch|p1a: Serperior|Serperior, M|100/100
|turn|3
|
|t:|1779701636
|-end|p2a: Great Tusk|Protosynthesis|[silent]
|switch|p2a: Gholdengo|Gholdengo|100/100
|move|p1a: Serperior|Leech Seed|p2a: Gholdengo
|-immune|p2a: Gholdengo|[from] ability: Good as Gold
|
|-weather|RainDance|[upkeep]
|upkeep
|turn|4
|inactive|Uncle Dre has 120 seconds left.
|
|t:|1779701653
|switch|p1a: Kingambit|Kingambit, F|100/100
|-activate|p1a: Kingambit|ability: Supreme Overlord
|-start|p1a: Kingambit|fallen1|[silent]
|move|p2a: Gholdengo|Make It Rain|p1a: Kingambit
|-resisted|p1a: Kingambit
|-damage|p1a: Kingambit|68/100
|-unboost|p2a: Gholdengo|spa|1
|
|-weather|RainDance|[upkeep]
|-heal|p1a: Kingambit|74/100|[from] item: Leftovers
|upkeep
|turn|5
|inactive|Uncle Dre has 120 seconds left.
|
|t:|1779701666
|switch|p2a: Electrode|Electrode-Hisui|100/100
|move|p1a: Kingambit|Swords Dance|p1a: Kingambit
|-boost|p1a: Kingambit|atk|2
|
|-weather|RainDance|[upkeep]
|-heal|p1a: Kingambit|80/100|[from] item: Leftovers
|upkeep
|turn|6
|inactive|Uncle Dre has 120 seconds left.
|
|t:|1779701688
|move|p2a: Electrode|Electro Ball|p1a: Kingambit
|-damage|p1a: Kingambit|33/100
|move|p1a: Kingambit|Swords Dance|p1a: Kingambit
|-boost|p1a: Kingambit|atk|2
|
|-weather|RainDance|[upkeep]
|-heal|p1a: Kingambit|39/100|[from] item: Leftovers
|upkeep
|turn|7
|
|t:|1779701704
|move|p1a: Kingambit|Sucker Punch|p2a: Electrode
|-damage|p2a: Electrode|0 fnt
|-damage|p1a: Kingambit|14/100|[from] ability: Aftermath|[of] p2a: Electrode
|faint|p2a: Electrode
|
|-weather|RainDance|[upkeep]
|-heal|p1a: Kingambit|21/100|[from] item: Leftovers
|upkeep
|
|t:|1779701712
|switch|p2a: Great Tusk|Great Tusk|100/100
|turn|8
|
|t:|1779701728
|move|p2a: Great Tusk|Bulk Up|p2a: Great Tusk
|-boost|p2a: Great Tusk|atk|1
|-boost|p2a: Great Tusk|def|1
|move|p1a: Kingambit|Iron Head|p2a: Great Tusk
|-damage|p2a: Great Tusk|27/100
|
|-weather|none
|-heal|p2a: Great Tusk|34/100|[from] item: Leftovers
|-heal|p1a: Kingambit|27/100|[from] item: Leftovers
|upkeep
|turn|9
|
|t:|1779701738
|move|p1a: Kingambit|Sucker Punch|p2a: Great Tusk
|-resisted|p2a: Great Tusk
|-damage|p2a: Great Tusk|0 fnt
|faint|p2a: Great Tusk
|-end|p2a: Great Tusk|Protosynthesis|[silent]
|
|-heal|p1a: Kingambit|33/100|[from] item: Leftovers
|upkeep
|
|t:|1779701741
|switch|p2a: Cinderace|Cinderace, F|100/100
|turn|10
|inactive|Uncle Dre has 120 seconds left.
|
|t:|1779701752
|move|p1a: Kingambit|Sucker Punch||[still]
|-fail|p1a: Kingambit
|move|p2a: Cinderace|Will-O-Wisp|p1a: Kingambit|[miss]
|-miss|p2a: Cinderace|p1a: Kingambit
|
|-heal|p1a: Kingambit|39/100|[from] item: Leftovers
|upkeep
|turn|11
|inactive|Uncle Dre has 120 seconds left.
|
|t:|1779701773
|-end|p1a: Kingambit|fallen1|[silent]
|switch|p1a: Cinderace|Cinderace, F|100/100
|move|p2a: Cinderace|Will-O-Wisp|p1a: Cinderace
|-immune|p1a: Cinderace
|
|upkeep
|turn|12
|
|t:|1779701785
|move|p2a: Cinderace|Pyro Ball|p1a: Cinderace
|-resisted|p1a: Cinderace
|-damage|p1a: Cinderace|58/100
|move|p1a: Cinderace|Pyro Ball|p2a: Cinderace
|-resisted|p2a: Cinderace
|-damage|p2a: Cinderace|58/100
|
|upkeep
|turn|13
|
|t:|1779701796
|move|p2a: Cinderace|Pyro Ball|p1a: Cinderace
|-resisted|p1a: Cinderace
|-damage|p1a: Cinderace|17/100
|move|p1a: Cinderace|Pyro Ball|p2a: Cinderace
|-resisted|p2a: Cinderace
|-damage|p2a: Cinderace|19/100
|
|upkeep
|turn|14
|
|t:|1779701805
|switch|p1a: Slowking|Slowking-Galar, M|100/100
|move|p2a: Cinderace|Pyro Ball|p1a: Slowking
|-damage|p1a: Slowking|42/100
|
|upkeep
|turn|15
|
|t:|1779701816
|move|p2a: Cinderace|Pyro Ball|p1a: Slowking
|-damage|p1a: Slowking|0 fnt
|faint|p1a: Slowking
|
|upkeep
|
|t:|1779701826
|switch|p1a: Kingambit|Kingambit, F|39/100
|-activate|p1a: Kingambit|ability: Supreme Overlord
|-start|p1a: Kingambit|fallen2|[silent]
|turn|16
|
|t:|1779701832
|move|p2a: Cinderace|Will-O-Wisp|p1a: Kingambit
|-status|p1a: Kingambit|brn
|move|p1a: Kingambit|Kowtow Cleave|p2a: Cinderace
|-damage|p2a: Cinderace|0 fnt
|faint|p2a: Cinderace
|
|-heal|p1a: Kingambit|45/100 brn|[from] item: Leftovers
|-damage|p1a: Kingambit|39/100 brn|[from] brn
|upkeep
|
|t:|1779701836
|switch|p2a: Darkrai|Darkrai|100/100
|turn|17
|inactive|Uncle Dre has 120 seconds left.
|
|t:|1779701850
|move|p2a: Darkrai|Dark Pulse|p1a: Kingambit
|-resisted|p1a: Kingambit
|-damage|p1a: Kingambit|15/100 brn
|cant|p1a: Kingambit|flinch
|
|-heal|p1a: Kingambit|22/100 brn|[from] item: Leftovers
|-damage|p1a: Kingambit|15/100 brn|[from] brn
|upkeep
|turn|18
|
|t:|1779701860
|move|p2a: Darkrai|Dark Pulse|p1a: Kingambit
|-resisted|p1a: Kingambit
|-damage|p1a: Kingambit|0 fnt
|faint|p1a: Kingambit
|-end|p1a: Kingambit|fallen2|[silent]
|
|upkeep
|
|t:|1779701868
|switch|p1a: Serperior|Serperior, M|100/100
|turn|19
|
|t:|1779701873
|-terastallize|p2a: Darkrai|Poison
|move|p2a: Darkrai|Dark Pulse|p1a: Serperior
|-damage|p1a: Serperior|45/100
|move|p1a: Serperior|Substitute|p1a: Serperior
|-start|p1a: Serperior|Substitute
|-damage|p1a: Serperior|20/100
|
|-heal|p1a: Serperior|26/100|[from] item: Leftovers
|upkeep
|turn|20
|
|t:|1779701884
|move|p2a: Darkrai|Dark Pulse|p1a: Serperior
|-end|p1a: Serperior|Substitute
|move|p1a: Serperior|Glare|p2a: Darkrai
|-status|p2a: Darkrai|par
|
|-heal|p1a: Serperior|32/100|[from] item: Leftovers
|upkeep
|turn|21
|
|t:|1779701894
|move|p1a: Serperior|Leech Seed|p2a: Darkrai
|-start|p2a: Darkrai|move: Leech Seed
|move|p2a: Darkrai|Dark Pulse|p1a: Serperior
|-damage|p1a: Serperior|0 fnt
|faint|p1a: Serperior
|
|upkeep
|
|t:|1779701908
|switch|p1a: Great Tusk|Great Tusk|100/100
|turn|22
|
|t:|1779701921
|move|p2a: Darkrai|Dark Pulse|p1a: Great Tusk
|-resisted|p1a: Great Tusk
|-damage|p1a: Great Tusk|71/100
|cant|p1a: Great Tusk|flinch
|
|-damage|p2a: Darkrai|88/100 par|[from] Leech Seed|[of] p1a: Great Tusk
|-heal|p1a: Great Tusk|79/100|[silent]
|upkeep
|turn|23
|
|t:|1779701930
|move|p2a: Darkrai|Dark Pulse|p1a: Great Tusk
|-resisted|p1a: Great Tusk
|-damage|p1a: Great Tusk|48/100
|move|p1a: Great Tusk|Knock Off|p2a: Darkrai
|-damage|p2a: Darkrai|54/100 par
|-enditem|p2a: Darkrai|Choice Scarf|[from] move: Knock Off|[of] p1a: Great Tusk
|
|-damage|p2a: Darkrai|42/100 par|[from] Leech Seed|[of] p1a: Great Tusk
|-heal|p1a: Great Tusk|56/100|[silent]
|upkeep
|turn|24
|
|t:|1779701944
|move|p1a: Great Tusk|Earthquake|p2a: Darkrai
|-supereffective|p2a: Darkrai
|-damage|p2a: Darkrai|0 fnt
|faint|p2a: Darkrai
|
|upkeep
|
|t:|1779701947
|switch|p2a: Pelipper|Pelipper, F|100/100
|-weather|RainDance|[from] ability: Drizzle|[of] p2a: Pelipper
|turn|25
|
|t:|1779701964
|move|p1a: Great Tusk|Knock Off|p2a: Pelipper
|-damage|p2a: Pelipper|73/100
|-enditem|p2a: Pelipper|Damp Rock|[from] move: Knock Off|[of] p1a: Great Tusk
|move|p2a: Pelipper|Weather Ball|p1a: Great Tusk
|-supereffective|p1a: Great Tusk
|-damage|p1a: Great Tusk|0 fnt
|faint|p1a: Great Tusk
|-end|p1a: Great Tusk|Protosynthesis|[silent]
|
|-weather|RainDance|[upkeep]
|upkeep
|
|t:|1779701974
|switch|p1a: Cinderace|Cinderace, F|17/100
|turn|26
|-message|Uncle Dre forfeited.
|
|win|bradfish1761
|raw|Uncle Dre's rating: 1147 &rarr; <strong>1119</strong><br />(-28 for losing)
|raw|bradfish1761's rating: 1107 &rarr; <strong>1135</strong><br />(+28 for winning)
|l|☆Uncle Dre
|player|p1|
