|j|☆Spashtm
|j|☆frostedcatcookie
|t:|1779673508
|gametype|singles
|player|p1|Spashtm|cress|1160
|player|p2|frostedcatcookie|170|1191
|gen|9
|tier|[Gen 9] OU
|rated|
|rule|HP Percentage Mod: HP is shown in percentages
|rule|Endless Battle Clause: Forcing endless battles is banned
|rule|Species Clause: Limit one of each Pokémon
|rule|OHKO Clause: OHKO moves are banned
|rule|Evasion Items Clause: Evasion items are banned
|rule|Evasion Moves Clause: Evasion moves are banned
|rule|Evasion Abilities Clause: Evasion abilities are banned
|rule|Sleep Moves Clause: Sleep-inducing moves are banned
|clearpoke
|poke|p1|Mienshao, F|
|poke|p1|Greninja-*, M|
|poke|p1|Meloetta|
|poke|p1|Heatran, F|
|poke|p1|Braviary, M|
|poke|p1|Sinistcha|
|poke|p2|Clodsire, F|
|poke|p2|Dondozo, F|
|poke|p2|Alomomola, M|
|poke|p2|Talonflame, F|
|poke|p2|Toxapex, M|
|poke|p2|Blissey, F|
|teampreview
|
|t:|1779673517
|teamsize|p1|6
|teamsize|p2|6
|start
|switch|p1a: Mienshao|Mienshao, F|100/100
|switch|p2a: Blissey|Blissey, F|100/100
|turn|1
|
|t:|1779673554
|switch|p2a: Talonflame|Talonflame, F|100/100
|move|p1a: Mienshao|Knock Off|p2a: Talonflame
|-damage|p2a: Talonflame|61/100
|-enditem|p2a: Talonflame|Heavy-Duty Boots|[from] move: Knock Off|[of] p1a: Mienshao
|-damage|p1a: Mienshao|91/100|[from] item: Life Orb
|
|upkeep
|turn|2
|
|t:|1779673571
|switch|p1a: Braviary|Braviary, M|100/100
|move|p2a: Talonflame|Will-O-Wisp|p1a: Braviary
|-status|p1a: Braviary|brn
|
|-damage|p1a: Braviary|94/100 brn|[from] brn
|upkeep
|turn|3
|
|t:|1779673583
|move|p2a: Talonflame|Roost|p2a: Talonflame
|-heal|p2a: Talonflame|100/100
|-singleturn|p2a: Talonflame|move: Roost
|move|p1a: Braviary|U-turn|p2a: Talonflame
|-resisted|p2a: Talonflame
|-damage|p2a: Talonflame|94/100
|
|t:|1779673589
|switch|p1a: Greninja|Greninja, M|100/100|[from] U-turn
|
|upkeep
|turn|4
|
|t:|1779673602
|switch|p2a: Toxapex|Toxapex, M|100/100
|-terastallize|p1a: Greninja|Water
|move|p1a: Greninja|Water Shuriken|p2a: Toxapex
|-resisted|p2a: Toxapex
|-damage|p2a: Toxapex|97/100
|-resisted|p2a: Toxapex
|-damage|p2a: Toxapex|93/100
|-hitcount|p2a: Toxapex|2
|
|upkeep
|turn|5
|
|t:|1779673630
|switch|p1a: Heatran|Heatran, F|100/100
|move|p2a: Toxapex|Infestation|p1a: Heatran
|-resisted|p1a: Heatran
|-damage|p1a: Heatran|99/100
|-activate|p1a: Heatran|move: Infestation|[of] p2a: Toxapex
|
|-damage|p1a: Heatran|87/100|[from] move: Infestation|[partiallytrapped]
|upkeep
|turn|6
|
|t:|1779673650
|switch|p2a: Alomomola|Alomomola, M|100/100
|move|p1a: Heatran|Earth Power|p2a: Alomomola
|-damage|p2a: Alomomola|65/100
|
|-end|p1a: Heatran|Infestation|[partiallytrapped]|[silent]
|upkeep
|turn|7
|
|t:|1779673664
|switch|p1a: Sinistcha|Sinistcha|100/100
|move|p2a: Alomomola|Whirlpool|p1a: Sinistcha
|-resisted|p1a: Sinistcha
|-crit|p1a: Sinistcha
|-damage|p1a: Sinistcha|95/100
|-activate|p1a: Sinistcha|move: Whirlpool|[of] p2a: Alomomola
|
|-damage|p1a: Sinistcha|83/100|[from] move: Whirlpool|[partiallytrapped]
|-status|p1a: Sinistcha|brn|[from] item: Flame Orb
|upkeep
|turn|8
|
|t:|1779673686
|switch|p2a: Blissey|Blissey, F|100/100
|move|p1a: Sinistcha|Scald|p2a: Blissey
|-damage|p2a: Blissey|92/100
|-status|p2a: Blissey|brn
|
|-damage|p1a: Sinistcha|80/100 brn|[from] brn
|-damage|p2a: Blissey|86/100 brn|[from] brn
|-end|p1a: Sinistcha|Whirlpool|[partiallytrapped]|[silent]
|upkeep
|turn|9
|
|t:|1779673699
|move|p1a: Sinistcha|Strength Sap|p2a: Blissey
|-unboost|p2a: Blissey|atk|1
|-heal|p1a: Sinistcha|86/100 brn
|move|p2a: Blissey|Stealth Rock|p1a: Sinistcha
|-sidestart|p1: Spashtm|move: Stealth Rock
|
|-damage|p1a: Sinistcha|83/100 brn|[from] brn
|-damage|p2a: Blissey|80/100 brn|[from] brn
|upkeep
|turn|10
|
|t:|1779673722
|switch|p1a: Braviary|Braviary, M|94/100 brn
|-damage|p1a: Braviary|69/100 brn|[from] Stealth Rock
|-curestatus|p2a: Blissey|brn|[from] ability: Natural Cure|[silent]
|switch|p2a: Toxapex|Toxapex, M|100/100
|
|-heal|p1a: Braviary|75/100 brn|[from] item: Leftovers
|-damage|p1a: Braviary|69/100 brn|[from] brn
|upkeep
|turn|11
|
|t:|1779673745
|move|p1a: Braviary|Defog|p2a: Toxapex
|-unboost|p2a: Toxapex|evasion|1
|-sideend|p1: Spashtm|Stealth Rock|[from] move: Defog|[of] p1a: Braviary
|move|p2a: Toxapex|Infestation|p1a: Braviary
|-resisted|p1a: Braviary
|-damage|p1a: Braviary|68/100 brn
|-activate|p1a: Braviary|move: Infestation|[of] p2a: Toxapex
|
|-heal|p1a: Braviary|74/100 brn|[from] item: Leftovers
|-damage|p1a: Braviary|68/100 brn|[from] brn
|-damage|p1a: Braviary|55/100 brn|[from] move: Infestation|[partiallytrapped]
|upkeep
|turn|12
|
|t:|1779673782
|switch|p2a: Dondozo|Dondozo, F|100/100
|move|p1a: Braviary|Roost|p1a: Braviary
|-heal|p1a: Braviary|100/100 brn
|-singleturn|p1a: Braviary|move: Roost
|
|-damage|p1a: Braviary|94/100 brn|[from] brn
|-end|p1a: Braviary|Infestation|[partiallytrapped]|[silent]
|upkeep
|turn|13
|
|t:|1779673803
|move|p1a: Braviary|U-turn|p2a: Dondozo
|-damage|p2a: Dondozo|94/100
|
|t:|1779673806
|switch|p1a: Sinistcha|Sinistcha|83/100 brn|[from] U-turn
|move|p2a: Dondozo|Body Press|p1a: Sinistcha
|-immune|p1a: Sinistcha
|
|-damage|p1a: Sinistcha|80/100 brn|[from] brn
|upkeep
|turn|14
|
|t:|1779673830
|switch|p2a: Toxapex|Toxapex, M|100/100
|move|p1a: Sinistcha|Strength Sap|p2a: Toxapex
|-unboost|p2a: Toxapex|atk|1
|-heal|p1a: Sinistcha|100/100 brn
|
|-damage|p1a: Sinistcha|98/100 brn|[from] brn
|upkeep
|turn|15
|
|t:|1779673852
|move|p1a: Sinistcha|Calm Mind|p1a: Sinistcha
|-boost|p1a: Sinistcha|spa|1
|-boost|p1a: Sinistcha|spd|1
|move|p2a: Toxapex|Infestation|p1a: Sinistcha
|-damage|p1a: Sinistcha|95/100 brn
|-activate|p1a: Sinistcha|move: Infestation|[of] p2a: Toxapex
|
|-damage|p1a: Sinistcha|92/100 brn|[from] brn
|-damage|p1a: Sinistcha|80/100 brn|[from] move: Infestation|[partiallytrapped]
|upkeep
|turn|16
|
|t:|1779673870
|move|p1a: Sinistcha|Matcha Gotcha|p2a: Toxapex|[miss]
|-miss|p1a: Sinistcha|p2a: Toxapex
|move|p2a: Toxapex|Haze|p2a: Toxapex
|-clearallboost
|
|-damage|p1a: Sinistcha|77/100 brn|[from] brn
|-damage|p1a: Sinistcha|64/100 brn|[from] move: Infestation|[partiallytrapped]
|upkeep
|turn|17
|
|t:|1779673891
|switch|p2a: Clodsire|Clodsire, F|100/100
|move|p1a: Sinistcha|Matcha Gotcha|p2a: Clodsire
|-damage|p2a: Clodsire|76/100
|-heal|p1a: Sinistcha|81/100 brn|[from] drain|[of] p2a: Clodsire
|
|-damage|p1a: Sinistcha|78/100 brn|[from] brn
|-end|p1a: Sinistcha|Infestation|[partiallytrapped]|[silent]
|upkeep
|turn|18
|c|☆Spashtm|I am really not enjoying this man
|
|t:|1779673902
|move|p1a: Sinistcha|Calm Mind|p1a: Sinistcha
|-boost|p1a: Sinistcha|spa|1
|-boost|p1a: Sinistcha|spd|1
|move|p2a: Clodsire|Earthquake|p1a: Sinistcha
|-resisted|p1a: Sinistcha
|-damage|p1a: Sinistcha|65/100 brn
|
|-damage|p1a: Sinistcha|62/100 brn|[from] brn
|upkeep
|turn|19
|c|☆frostedcatcookie|me neither
|c|☆frostedcatcookie|i'm new to tsall
|
|t:|1779673933
|move|p1a: Sinistcha|Strength Sap|p2a: Clodsire
|-unboost|p2a: Clodsire|atk|1
|-heal|p1a: Sinistcha|100/100 brn
|move|p2a: Clodsire|Earthquake|p1a: Sinistcha
|-resisted|p1a: Sinistcha
|-damage|p1a: Sinistcha|92/100 brn
|
|-damage|p1a: Sinistcha|89/100 brn|[from] brn
|upkeep
|turn|20
|c|☆Spashtm|mlem
|-message|frostedcatcookie forfeited.
|
|win|Spashtm
|raw|Spashtm's rating: 1160 &rarr; <strong>1187</strong><br />(+27 for winning)
|raw|frostedcatcookie's rating: 1191 &rarr; <strong>1164</strong><br />(-27 for losing)
|l|☆frostedcatcookie
|player|p2|
|l|☆Spashtm
|player|p1|
