|j|☆kopv
|j|☆ihymyly
|t:|1779638321
|gametype|singles
|player|p1|kopv|bugcatcher-gen4dp|1480
|player|p2|ihymyly|102|1590
|gen|9
|tier|[Gen 9] OU
|rated|
|rule|HP Percentage Mod: HP is shown in percentages
|rule|Endless Battle Clause: Forcing endless battles is banned
|rule|Species Clause: Limit one of each Pokémon
|rule|OHKO Clause: OHKO moves are banned
|rule|Evasion Items Clause: Evasion items are banned
|rule|Evasion Moves Clause: Evasion moves are banned
|rule|Evasion Abilities Clause: Evasion abilities are banned
|rule|Sleep Moves Clause: Sleep-inducing moves are banned
|clearpoke
|poke|p1|Pelipper, M|
|poke|p1|Barraskewda, F|
|poke|p1|Iron Treads|
|poke|p1|Bruxish, F|
|poke|p1|Raging Bolt|
|poke|p1|Enamorus, F|
|poke|p2|Samurott-Hisui, M|
|poke|p2|Gholdengo|
|poke|p2|Great Tusk|
|poke|p2|Darkrai|
|poke|p2|Landorus-Therian, M|
|poke|p2|Weavile, M|
|teampreview
|
|t:|1779638341
|teamsize|p1|6
|teamsize|p2|6
|start
|switch|p1a: Enamorus|Enamorus, F|100/100
|switch|p2a: Samurott|Samurott-Hisui, M|100/100
|turn|1
|
|t:|1779638350
|move|p1a: Enamorus|Moonblast|p2a: Samurott
|-supereffective|p2a: Samurott
|-damage|p2a: Samurott|19/100
|move|p2a: Samurott|Razor Shell|p1a: Enamorus
|-damage|p1a: Enamorus|23/100
|
|upkeep
|turn|2
|
|t:|1779638366
|move|p2a: Samurott|Sucker Punch|p1a: Enamorus
|-resisted|p1a: Enamorus
|-damage|p1a: Enamorus|0 fnt
|faint|p1a: Enamorus
|
|upkeep
|
|t:|1779638373
|switch|p1a: 'Ello gov'na|Bruxish, F|100/100
|turn|3
|
|t:|1779638379
|move|p1a: 'Ello gov'na|Flip Turn|p2a: Samurott
|-resisted|p2a: Samurott
|-damage|p2a: Samurott|0 fnt
|faint|p2a: Samurott
|
|t:|1779638384
|switch|p1a: Pelipper|Pelipper, M|100/100|[from] Flip Turn
|-weather|RainDance|[from] ability: Drizzle|[of] p1a: Pelipper
|
|-weather|RainDance|[upkeep]
|upkeep
|
|t:|1779638391
|switch|p2a: almost*evil*jordan|Darkrai, shiny|100/100
|turn|4
|
|t:|1779638411
|move|p2a: almost*evil*jordan|Dark Pulse|p1a: Pelipper
|-damage|p1a: Pelipper|42/100
|move|p1a: Pelipper|U-turn|p2a: almost*evil*jordan
|-supereffective|p2a: almost*evil*jordan
|-crit|p2a: almost*evil*jordan
|-damage|p2a: almost*evil*jordan|70/100
|
|t:|1779638417
|switch|p1a: Barraskewda|Barraskewda, F|100/100|[from] U-turn
|
|-weather|RainDance|[upkeep]
|-heal|p2a: almost*evil*jordan|76/100|[from] item: Leftovers
|upkeep
|turn|5
|
|t:|1779638429
|move|p1a: Barraskewda|Liquidation|p2a: almost*evil*jordan
|-damage|p2a: almost*evil*jordan|0 fnt
|faint|p2a: almost*evil*jordan
|-damage|p1a: Barraskewda|91/100|[from] item: Life Orb
|
|-weather|RainDance|[upkeep]
|upkeep
|
|t:|1779638434
|switch|p2a: Landorus|Landorus-Therian, M|100/100
|-ability|p2a: Landorus|Intimidate|boost
|-unboost|p1a: Barraskewda|atk|1
|turn|6
|
|t:|1779638442
|-terastallize|p2a: Landorus|Water
|move|p1a: Barraskewda|Flip Turn|p2a: Landorus
|-resisted|p2a: Landorus
|-damage|p2a: Landorus|79/100
|-damage|p1a: Barraskewda|74/100|[from] item: Rocky Helmet|[of] p2a: Landorus
|-damage|p1a: Barraskewda|64/100|[from] item: Life Orb
|
|t:|1779638461
|switch|p1a: Pelipper|Pelipper, M|42/100|[from] Flip Turn
|move|p2a: Landorus|Stealth Rock|p1a: Pelipper
|-sidestart|p1: kopv|move: Stealth Rock
|
|-weather|RainDance|[upkeep]
|upkeep
|turn|7
|
|t:|1779638477
|switch|p2a: Gholdengo|Gholdengo|100/100
|move|p1a: Pelipper|Roost|p1a: Pelipper
|-heal|p1a: Pelipper|92/100
|-singleturn|p1a: Pelipper|move: Roost
|
|-weather|RainDance|[upkeep]
|upkeep
|turn|8
|
|t:|1779638489
|switch|p1a: Iron Treads|Iron Treads|100/100
|-damage|p1a: Iron Treads|98/100|[from] Stealth Rock
|move|p2a: Gholdengo|Shadow Ball|p1a: Iron Treads
|-damage|p1a: Iron Treads|56/100
|
|-weather|RainDance|[upkeep]
|-heal|p1a: Iron Treads|62/100|[from] item: Leftovers
|upkeep
|turn|9
|
|t:|1779638495
|move|p2a: Gholdengo|Shadow Ball|p1a: Iron Treads
|-damage|p1a: Iron Treads|17/100
|-unboost|p1a: Iron Treads|spd|1
|move|p1a: Iron Treads|Earth Power|p2a: Gholdengo
|-supereffective|p2a: Gholdengo
|-damage|p2a: Gholdengo|43/100
|-unboost|p2a: Gholdengo|spd|1
|
|-weather|RainDance|[upkeep]
|-heal|p1a: Iron Treads|23/100|[from] item: Leftovers
|upkeep
|turn|10
|
|t:|1779638517
|move|p2a: Gholdengo|Shadow Ball|p1a: Iron Treads
|-damage|p1a: Iron Treads|0 fnt
|faint|p1a: Iron Treads
|-end|p1a: Iron Treads|Quark Drive|[silent]
|
|-weather|none
|upkeep
|
|t:|1779638525
|switch|p1a: Raging Bolt|Raging Bolt|100/100
|-damage|p1a: Raging Bolt|88/100|[from] Stealth Rock
|turn|11
|
|t:|1779638537
|move|p2a: Gholdengo|Shadow Ball|p1a: Raging Bolt
|-damage|p1a: Raging Bolt|44/100
|-unboost|p1a: Raging Bolt|spd|1
|move|p1a: Raging Bolt|Draco Meteor|p2a: Gholdengo
|-resisted|p2a: Gholdengo
|-damage|p2a: Gholdengo|0 fnt
|-unboost|p1a: Raging Bolt|spa|2
|faint|p2a: Gholdengo
|
|-heal|p1a: Raging Bolt|50/100|[from] item: Leftovers
|upkeep
|
|t:|1779638548
|switch|p2a: Primal Schnoz|Great Tusk|100/100
|turn|12
|
|t:|1779638555
|-end|p2a: Primal Schnoz|Protosynthesis|[silent]
|switch|p2a: Mr. -ice Guy|Weavile, M|100/100
|-ability|p2a: Mr. -ice Guy|Pressure
|-end|p1a: Raging Bolt|Protosynthesis|[silent]
|switch|p1a: Pelipper|Pelipper, M|92/100
|-damage|p1a: Pelipper|67/100|[from] Stealth Rock
|-weather|RainDance|[from] ability: Drizzle|[of] p1a: Pelipper
|
|-weather|RainDance|[upkeep]
|upkeep
|turn|13
|
|t:|1779638582
|switch|p1a: Raging Bolt|Raging Bolt|50/100
|-damage|p1a: Raging Bolt|38/100|[from] Stealth Rock
|move|p2a: Mr. -ice Guy|Swords Dance|p2a: Mr. -ice Guy
|-boost|p2a: Mr. -ice Guy|atk|2
|
|-weather|RainDance|[upkeep]
|-heal|p1a: Raging Bolt|44/100|[from] item: Leftovers
|upkeep
|turn|14
|
|t:|1779638594
|move|p2a: Mr. -ice Guy|Ice Shard|p1a: Raging Bolt
|-supereffective|p1a: Raging Bolt
|-damage|p1a: Raging Bolt|0 fnt
|faint|p1a: Raging Bolt
|-end|p1a: Raging Bolt|Protosynthesis|[silent]
|
|-weather|RainDance|[upkeep]
|upkeep
|
|t:|1779638622
|switch|p1a: Barraskewda|Barraskewda, F|64/100
|-damage|p1a: Barraskewda|52/100|[from] Stealth Rock
|turn|15
|
|t:|1779638638
|switch|p2a: Landorus|Landorus-Therian, M, tera:Water|79/100
|-ability|p2a: Landorus|Intimidate|boost
|-unboost|p1a: Barraskewda|atk|1
|move|p1a: Barraskewda|Liquidation|p2a: Landorus
|-resisted|p2a: Landorus
|-damage|p2a: Landorus|50/100
|-damage|p1a: Barraskewda|36/100|[from] item: Rocky Helmet|[of] p2a: Landorus
|-damage|p1a: Barraskewda|26/100|[from] item: Life Orb
|
|-weather|RainDance|[upkeep]
|upkeep
|turn|16
|
|t:|1779638648
|move|p1a: Barraskewda|Close Combat|p2a: Landorus
|-damage|p2a: Landorus|14/100
|-unboost|p1a: Barraskewda|def|1
|-unboost|p1a: Barraskewda|spd|1
|-damage|p1a: Barraskewda|10/100|[from] item: Rocky Helmet|[of] p2a: Landorus
|-damage|p1a: Barraskewda|0 fnt|[from] item: Life Orb
|faint|p1a: Barraskewda
|move|p2a: Landorus|U-turn|p1: Barraskewda|[notarget]
|-fail|p2a: Landorus
|
|-weather|RainDance|[upkeep]
|upkeep
|
|t:|1779638669
|switch|p1a: 'Ello gov'na|Bruxish, F|100/100
|-damage|p1a: 'Ello gov'na|88/100|[from] Stealth Rock
|turn|17
|
|t:|1779638676
|move|p1a: 'Ello gov'na|Aqua Jet|p2a: Landorus
|-resisted|p2a: Landorus
|-damage|p2a: Landorus|0 fnt
|-damage|p1a: 'Ello gov'na|72/100|[from] item: Rocky Helmet|[of] p2a: Landorus
|faint|p2a: Landorus
|
|-weather|RainDance|[upkeep]
|upkeep
|
|t:|1779638697
|switch|p2a: Mr. -ice Guy|Weavile, M|100/100
|-ability|p2a: Mr. -ice Guy|Pressure
|turn|18
|
|t:|1779638707
|-terastallize|p1a: 'Ello gov'na|Water
|move|p1a: 'Ello gov'na|Aqua Jet|p2a: Mr. -ice Guy
|-damage|p2a: Mr. -ice Guy|0 fnt
|faint|p2a: Mr. -ice Guy
|
|-weather|RainDance|[upkeep]
|upkeep
|
|t:|1779638719
|switch|p2a: Primal Schnoz|Great Tusk|100/100
|turn|19
|
|t:|1779638726
|move|p1a: 'Ello gov'na|Aqua Jet|p2a: Primal Schnoz
|-supereffective|p2a: Primal Schnoz
|-damage|p2a: Primal Schnoz|33/100
|move|p2a: Primal Schnoz|Knock Off|p1a: 'Ello gov'na
|-damage|p1a: 'Ello gov'na|29/100
|-enditem|p1a: 'Ello gov'na|Choice Band|[from] move: Knock Off|[of] p2a: Primal Schnoz
|
|-weather|none
|upkeep
|turn|20
|
|t:|1779638734
|move|p1a: 'Ello gov'na|Aqua Jet|p2a: Primal Schnoz
|-supereffective|p2a: Primal Schnoz
|-damage|p2a: Primal Schnoz|2/100
|move|p2a: Primal Schnoz|Ice Spinner|p1a: 'Ello gov'na
|-resisted|p1a: 'Ello gov'na
|-damage|p1a: 'Ello gov'na|12/100
|
|upkeep
|turn|21
|
|t:|1779638741
|move|p1a: 'Ello gov'na|Aqua Jet|p2a: Primal Schnoz
|-supereffective|p2a: Primal Schnoz
|-damage|p2a: Primal Schnoz|0 fnt
|faint|p2a: Primal Schnoz
|-end|p2a: Primal Schnoz|Protosynthesis|[silent]
|
|win|kopv
|raw|kopv's rating: 1480 &rarr; <strong>1506</strong><br />(+26 for winning)
|raw|ihymyly's rating: 1590 &rarr; <strong>1564</strong><br />(-26 for losing)
|l|☆ihymyly
|player|p2|
