|j|‽roxty
|j|☆semisemi44
|t:|1779702825
|gametype|singles
|player|p1|roxty|101|1451
|player|p2|semisemi44|2|1368
|gen|9
|tier|[Gen 9] OU
|rated|
|rule|HP Percentage Mod: HP is shown in percentages
|rule|Endless Battle Clause: Forcing endless battles is banned
|rule|Species Clause: Limit one of each Pokémon
|rule|OHKO Clause: OHKO moves are banned
|rule|Evasion Items Clause: Evasion items are banned
|rule|Evasion Moves Clause: Evasion moves are banned
|rule|Evasion Abilities Clause: Evasion abilities are banned
|rule|Sleep Moves Clause: Sleep-inducing moves are banned
|clearpoke
|poke|p1|Moltres-Galar|
|poke|p1|Gholdengo|
|poke|p1|Samurott-Hisui, F|
|poke|p1|Smeargle, M|
|poke|p1|Zamazenta-*|
|poke|p1|Deoxys-Speed|
|poke|p2|Gliscor, M|
|poke|p2|Chansey, F|
|poke|p2|Gholdengo|
|poke|p2|Ditto|
|poke|p2|Corviknight, F|
|poke|p2|Toxapex, F|
|teampreview
|inactive|Battle timer is ON: inactive players will automatically lose when time's up. (requested by roxty)
|inactive|roxty has 120 seconds left.
|
|t:|1779702880
|teamsize|p1|6
|teamsize|p2|6
|start
|switch|p1a: Samurott|Samurott-Hisui, F|100/100
|switch|p2a: Gliscor|Gliscor, M|100/100
|turn|1
|
|t:|1779702887
|move|p2a: Gliscor|Protect|p2a: Gliscor
|-singleturn|p2a: Gliscor|Protect
|move|p1a: Samurott|Ceaseless Edge|p2a: Gliscor
|-activate|p2a: Gliscor|move: Protect
|
|-status|p2a: Gliscor|tox|[from] item: Toxic Orb
|upkeep
|turn|2
|
|t:|1779702895
|switch|p2a: Toxapex|Toxapex, F|100/100
|move|p1a: Samurott|Ceaseless Edge|p2a: Toxapex
|-damage|p2a: Toxapex|75/100
|-sidestart|p2: semisemi44|Spikes
|
|-heal|p2a: Toxapex|82/100|[from] item: Black Sludge
|upkeep
|turn|3
|
|t:|1779702906
|move|p1a: Samurott|Ceaseless Edge|p2a: Toxapex
|-damage|p2a: Toxapex|56/100
|-sidestart|p2: semisemi44|Spikes
|move|p2a: Toxapex|Toxic Spikes|p1a: Samurott
|-sidestart|p1: roxty|move: Toxic Spikes
|
|-heal|p2a: Toxapex|62/100|[from] item: Black Sludge
|upkeep
|turn|4
|
|t:|1779702914
|move|p1a: Samurott|Ceaseless Edge|p2a: Toxapex|[miss]
|-miss|p1a: Samurott|p2a: Toxapex
|move|p2a: Toxapex|Toxic Spikes|p1a: Samurott
|-sidestart|p1: roxty|move: Toxic Spikes
|
|-heal|p2a: Toxapex|69/100|[from] item: Black Sludge
|upkeep
|turn|5
|
|t:|1779702930
|move|p1a: Samurott|Ceaseless Edge|p2a: Toxapex
|-damage|p2a: Toxapex|44/100
|-sidestart|p2: semisemi44|Spikes
|move|p2a: Toxapex|Infestation|p1a: Samurott
|-supereffective|p1a: Samurott
|-damage|p1a: Samurott|92/100
|-activate|p1a: Samurott|move: Infestation|[of] p2a: Toxapex
|
|-heal|p2a: Toxapex|50/100|[from] item: Black Sludge
|-damage|p1a: Samurott|79/100|[from] move: Infestation|[partiallytrapped]
|upkeep
|turn|6
|
|t:|1779702940
|move|p1a: Samurott|Knock Off|p2a: Toxapex
|-damage|p2a: Toxapex|23/100
|-enditem|p2a: Toxapex|Black Sludge|[from] move: Knock Off|[of] p1a: Samurott
|move|p2a: Toxapex|Recover|p2a: Toxapex
|-heal|p2a: Toxapex|73/100
|
|-damage|p1a: Samurott|67/100|[from] move: Infestation|[partiallytrapped]
|upkeep
|turn|7
|
|t:|1779702950
|move|p1a: Samurott|Ceaseless Edge|p2a: Toxapex
|-damage|p2a: Toxapex|45/100
|move|p2a: Toxapex|Infestation|p1a: Samurott
|-supereffective|p1a: Samurott
|-damage|p1a: Samurott|58/100
|
|-damage|p1a: Samurott|46/100|[from] move: Infestation|[partiallytrapped]
|upkeep
|turn|8
|
|t:|1779702959
|-terastallize|p1a: Samurott|Poison
|move|p1a: Samurott|Ceaseless Edge|p2a: Toxapex
|-damage|p2a: Toxapex|19/100
|move|p2a: Toxapex|Recover|p2a: Toxapex
|-heal|p2a: Toxapex|69/100
|
|-damage|p1a: Samurott|33/100|[from] move: Infestation|[partiallytrapped]
|upkeep
|turn|9
|
|t:|1779702968
|move|p1a: Samurott|Ceaseless Edge|p2a: Toxapex
|-damage|p2a: Toxapex|44/100
|move|p2a: Toxapex|Recover|p2a: Toxapex
|-heal|p2a: Toxapex|94/100
|
|-damage|p1a: Samurott|21/100|[from] move: Infestation|[partiallytrapped]
|upkeep
|turn|10
|
|t:|1779702976
|move|p1a: Samurott|Ceaseless Edge|p2a: Toxapex
|-damage|p2a: Toxapex|70/100
|move|p2a: Toxapex|Haze|p2a: Toxapex
|-clearallboost
|
|-end|p1a: Samurott|Infestation|[partiallytrapped]
|upkeep
|turn|11
|
|t:|1779702984
|switch|p1a: Gholdengo|Gholdengo|100/100
|move|p2a: Toxapex|Infestation|p1a: Gholdengo
|-resisted|p1a: Gholdengo
|-damage|p1a: Gholdengo|99/100
|-activate|p1a: Gholdengo|move: Infestation|[of] p2a: Toxapex
|
|-damage|p1a: Gholdengo|87/100|[from] move: Infestation|[partiallytrapped]
|upkeep
|turn|12
|
|t:|1779702993
|switch|p2a: Chansey|Chansey, F|100/100
|-damage|p2a: Chansey|75/100|[from] Spikes
|move|p1a: Gholdengo|Trick|p2a: Chansey
|-activate|p1a: Gholdengo|move: Trick|[of] p2a: Chansey
|-item|p2a: Chansey|Choice Scarf|[from] move: Trick
|-item|p1a: Gholdengo|Eviolite|[from] move: Trick
|
|-end|p1a: Gholdengo|Infestation|[partiallytrapped]|[silent]
|upkeep
|turn|13
|
|t:|1779703005
|switch|p1a: Samurott|Samurott-Hisui, F, tera:Poison|21/100
|-sideend|p1: roxty|move: Toxic Spikes|[of] p1a: Samurott
|move|p2a: Chansey|Stealth Rock|p1a: Samurott
|-sidestart|p1: roxty|move: Stealth Rock
|
|upkeep
|turn|14
|
|t:|1779703013
|switch|p1a: Smeargle|Smeargle, M|100/100
|-damage|p1a: Smeargle|88/100|[from] Stealth Rock
|switch|p2a: Corviknight|Corviknight, F|100/100
|-ability|p2a: Corviknight|Unnerve
|
|upkeep
|turn|15
|
|t:|1779703023
|switch|p1a: Gholdengo|Gholdengo|87/100
|-damage|p1a: Gholdengo|81/100|[from] Stealth Rock
|move|p2a: Corviknight|Defog|p1a: Gholdengo
|-immune|p1a: Gholdengo|[from] ability: Good as Gold
|
|upkeep
|turn|16
|
|t:|1779703031
|switch|p2a: Chansey|Chansey, F|75/100
|-damage|p2a: Chansey|50/100|[from] Spikes
|move|p1a: Gholdengo|Trick|p2a: Chansey
|-activate|p1a: Gholdengo|move: Trick|[of] p2a: Chansey
|-item|p2a: Chansey|Eviolite|[from] move: Trick
|-item|p1a: Gholdengo|Choice Scarf|[from] move: Trick
|
|upkeep
|turn|17
|
|t:|1779703054
|switch|p2a: Gliscor|Gliscor, M|100/100 tox
|move|p1a: Gholdengo|Trick|p2a: Gliscor
|-activate|p1a: Gholdengo|move: Trick|[of] p2a: Gliscor
|-item|p2a: Gliscor|Choice Scarf|[from] move: Trick
|-item|p1a: Gholdengo|Toxic Orb|[from] move: Trick
|
|upkeep
|turn|18
|
|t:|1779703065
|move|p2a: Gliscor|Earthquake|p1a: Gholdengo
|-supereffective|p1a: Gholdengo
|-damage|p1a: Gholdengo|12/100
|move|p1a: Gholdengo|Make It Rain|p2a: Gliscor
|-damage|p2a: Gliscor|17/100 tox
|-unboost|p1a: Gholdengo|spa|1
|
|-heal|p2a: Gliscor|30/100 tox|[from] ability: Poison Heal
|upkeep
|turn|19
|
|t:|1779703075
|move|p2a: Gliscor|Earthquake|p1a: Gholdengo
|-supereffective|p1a: Gholdengo
|-damage|p1a: Gholdengo|0 fnt
|faint|p1a: Gholdengo
|
|-heal|p2a: Gliscor|42/100 tox|[from] ability: Poison Heal
|upkeep
|-message|roxty forfeited.
|
|win|semisemi44
|raw|roxty's rating: 1451 &rarr; <strong>1426</strong><br />(-25 for losing)
|raw|semisemi44's rating: 1368 &rarr; <strong>1393</strong><br />(+25 for winning)
|l|‽roxty
|player|p1|
