|j|☆Naro51
|j|☆welovevaporeon
|t:|1779638783
|gametype|singles
|player|p1|Naro51|170|1510
|player|p2|welovevaporeon|miku-ghost|1472
|gen|9
|tier|[Gen 9] OU
|rated|
|rule|HP Percentage Mod: HP is shown in percentages
|rule|Endless Battle Clause: Forcing endless battles is banned
|rule|Species Clause: Limit one of each Pokémon
|rule|OHKO Clause: OHKO moves are banned
|rule|Evasion Items Clause: Evasion items are banned
|rule|Evasion Moves Clause: Evasion moves are banned
|rule|Evasion Abilities Clause: Evasion abilities are banned
|rule|Sleep Moves Clause: Sleep-inducing moves are banned
|clearpoke
|poke|p1|Rillaboom, M|
|poke|p1|Great Tusk|
|poke|p1|Zamazenta-*|
|poke|p1|Heatran, M|
|poke|p1|Hatterene, F|
|poke|p1|Kingambit, F|
|poke|p2|Iron Valiant|
|poke|p2|Slowking-Galar, F|
|poke|p2|Regieleki|
|poke|p2|Meowscarada, F|
|poke|p2|Moltres|
|poke|p2|Great Tusk|
|teampreview
|inactive|Battle timer is ON: inactive players will automatically lose when time's up. (requested by welovevaporeon)
|
|t:|1779638796
|teamsize|p1|6
|teamsize|p2|6
|start
|switch|p1a: Heatran|Heatran, M|100/100
|switch|p2a: Moltres|Moltres|100/100
|turn|1
|
|t:|1779638801
|move|p1a: Heatran|Taunt|p2a: Moltres
|-start|p2a: Moltres|move: Taunt
|move|p2a: Moltres|U-turn|p1a: Heatran
|-resisted|p1a: Heatran
|-damage|p1a: Heatran|97/100
|
|t:|1779638810
|switch|p2a: Great Tusk|Great Tusk|100/100|[from] U-turn
|
|-heal|p1a: Heatran|100/100|[from] item: Leftovers
|upkeep
|turn|2
|
|t:|1779638815
|switch|p1a: Rillaboom|Rillaboom, M|100/100
|-fieldstart|move: Grassy Terrain|[from] ability: Grassy Surge|[of] p1a: Rillaboom
|move|p2a: Great Tusk|Headlong Rush|p1a: Rillaboom
|-resisted|p1a: Rillaboom
|-damage|p1a: Rillaboom|77/100
|-unboost|p2a: Great Tusk|def|1
|-unboost|p2a: Great Tusk|spd|1
|
|-heal|p1a: Rillaboom|83/100|[from] Grassy Terrain
|upkeep
|turn|3
|
|t:|1779638818
|-end|p2a: Great Tusk|Protosynthesis|[silent]
|switch|p2a: Moltres|Moltres|100/100
|move|p1a: Rillaboom|U-turn|p2a: Moltres
|-resisted|p2a: Moltres
|-damage|p2a: Moltres|96/100
|
|t:|1779638820
|switch|p1a: Heatran|Heatran, M|100/100|[from] U-turn
|
|upkeep
|turn|4
|
|t:|1779638823
|move|p1a: Heatran|Magma Storm|p2a: Moltres
|-resisted|p2a: Moltres
|-damage|p2a: Moltres|75/100
|-activate|p2a: Moltres|move: Magma Storm|[of] p1a: Heatran
|move|p2a: Moltres|U-turn|p1a: Heatran
|-resisted|p1a: Heatran
|-damage|p1a: Heatran|97/100
|
|t:|1779638827
|switch|p2a: Great Tusk|Great Tusk|100/100|[from] U-turn
|
|-heal|p1a: Heatran|100/100|[from] Grassy Terrain
|upkeep
|turn|5
|
|t:|1779638834
|switch|p1a: Rillaboom|Rillaboom, M|83/100
|move|p2a: Great Tusk|Stealth Rock|p1a: Rillaboom
|-sidestart|p1: Naro51|move: Stealth Rock
|
|-heal|p1a: Rillaboom|90/100|[from] Grassy Terrain
|upkeep
|turn|6
|
|t:|1779638839
|-end|p2a: Great Tusk|Protosynthesis|[silent]
|switch|p2a: Slowking|Slowking-Galar, F|100/100
|move|p1a: Rillaboom|Knock Off|p2a: Slowking
|-supereffective|p2a: Slowking
|-damage|p2a: Slowking|23/100
|-enditem|p2a: Slowking|Heavy-Duty Boots|[from] move: Knock Off|[of] p1a: Rillaboom
|
|-heal|p1a: Rillaboom|96/100|[from] Grassy Terrain
|-heal|p2a: Slowking|29/100|[from] Grassy Terrain
|-fieldend|move: Grassy Terrain
|upkeep
|turn|7
|
|t:|1779638850
|switch|p2a: Iron Valiant|Iron Valiant|100/100
|-enditem|p2a: Iron Valiant|Booster Energy
|-activate|p2a: Iron Valiant|ability: Quark Drive|[fromitem]
|-start|p2a: Iron Valiant|quarkdrivespe
|move|p1a: Rillaboom|Knock Off|p2a: Iron Valiant
|-resisted|p2a: Iron Valiant
|-damage|p2a: Iron Valiant|92/100
|
|upkeep
|turn|8
|
|t:|1779638860
|move|p2a: Iron Valiant|Encore|p1a: Rillaboom
|-start|p1a: Rillaboom|Encore
|move|p1a: Rillaboom|Knock Off|p2a: Iron Valiant
|-resisted|p2a: Iron Valiant
|-damage|p2a: Iron Valiant|84/100
|
|upkeep
|turn|9
|
|t:|1779638867
|switch|p1a: Hatterene|Hatterene, F|100/100
|-damage|p1a: Hatterene|88/100|[from] Stealth Rock
|move|p2a: Iron Valiant|Calm Mind|p2a: Iron Valiant
|-boost|p2a: Iron Valiant|spa|1
|-boost|p2a: Iron Valiant|spd|1
|
|upkeep
|turn|10
|
|t:|1779638873
|-terastallize|p2a: Iron Valiant|Ghost
|move|p2a: Iron Valiant|Shadow Ball|p1a: Hatterene
|-supereffective|p1a: Hatterene
|-damage|p1a: Hatterene|0 fnt
|faint|p1a: Hatterene
|
|upkeep
|
|t:|1779638878
|switch|p1a: Rillaboom|Rillaboom, M|96/100
|-damage|p1a: Rillaboom|83/100|[from] Stealth Rock
|-fieldstart|move: Grassy Terrain|[from] ability: Grassy Surge|[of] p1a: Rillaboom
|turn|11
|
|t:|1779638886
|move|p2a: Iron Valiant|Moonblast|p1a: Rillaboom
|-damage|p1a: Rillaboom|29/100
|move|p1a: Rillaboom|Wood Hammer|p2a: Iron Valiant
|-damage|p2a: Iron Valiant|0 fnt
|faint|p2a: Iron Valiant
|-end|p2a: Iron Valiant|Quark Drive|[silent]
|-damage|p1a: Rillaboom|9/100|[from] Recoil
|
|-heal|p1a: Rillaboom|15/100|[from] Grassy Terrain
|upkeep
|
|t:|1779638893
|switch|p2a: Gary|Meowscarada, F, shiny|100/100
|turn|12
|
|t:|1779638904
|switch|p1a: Zamazenta|Zamazenta|100/100
|-damage|p1a: Zamazenta|94/100|[from] Stealth Rock
|-ability|p1a: Zamazenta|Dauntless Shield|boost
|-boost|p1a: Zamazenta|def|1
|move|p2a: Gary|U-turn|p1a: Zamazenta
|-start|p2a: Gary|typechange|Bug|[from] ability: Protean
|-resisted|p1a: Zamazenta
|-crit|p1a: Zamazenta
|-damage|p1a: Zamazenta|76/100
|
|t:|1779638915
|switch|p2a: Slowking|Slowking-Galar, F|63/100|[from] U-turn
|
|-heal|p1a: Zamazenta|82/100|[from] Grassy Terrain
|-heal|p1a: Zamazenta|88/100|[from] item: Leftovers
|-heal|p2a: Slowking|69/100|[from] Grassy Terrain
|upkeep
|turn|13
|
|t:|1779638922
|move|p1a: Zamazenta|Crunch|p2a: Slowking
|-supereffective|p2a: Slowking
|-damage|p2a: Slowking|24/100
|-unboost|p2a: Slowking|def|1
|move|p2a: Slowking|Future Sight|p1a: Zamazenta
|-start|p2a: Slowking|move: Future Sight
|
|-heal|p1a: Zamazenta|95/100|[from] Grassy Terrain
|-heal|p1a: Zamazenta|100/100|[from] item: Leftovers
|-heal|p2a: Slowking|30/100|[from] Grassy Terrain
|upkeep
|turn|14
|
|t:|1779638935
|switch|p1a: Heatran|Heatran, M|100/100
|-damage|p1a: Heatran|88/100|[from] Stealth Rock
|switch|p2a: Moltres|Moltres|75/100
|
|-heal|p1a: Heatran|94/100|[from] Grassy Terrain
|-heal|p1a: Heatran|100/100|[from] item: Leftovers
|upkeep
|turn|15
|
|t:|1779638940
|move|p1a: Heatran|Stealth Rock|p2a: Moltres
|-sidestart|p2: welovevaporeon|move: Stealth Rock
|move|p2a: Moltres|U-turn|p1a: Heatran
|-resisted|p1a: Heatran
|-damage|p1a: Heatran|97/100
|
|t:|1779638944
|switch|p2a: Great Tusk|Great Tusk|100/100|[from] U-turn
|
|-end|p1a: Heatran|move: Future Sight
|-resisted|p1a: Heatran
|-damage|p1a: Heatran|82/100
|-heal|p1a: Heatran|89/100|[from] Grassy Terrain
|-heal|p1a: Heatran|95/100|[from] item: Leftovers
|-fieldend|move: Grassy Terrain
|upkeep
|turn|16
|
|t:|1779638954
|switch|p1a: Rillaboom|Rillaboom, M|15/100
|-damage|p1a: Rillaboom|3/100|[from] Stealth Rock
|-fieldstart|move: Grassy Terrain|[from] ability: Grassy Surge|[of] p1a: Rillaboom
|move|p2a: Great Tusk|Headlong Rush|p1a: Rillaboom
|-resisted|p1a: Rillaboom
|-damage|p1a: Rillaboom|0 fnt
|-unboost|p2a: Great Tusk|def|1
|-unboost|p2a: Great Tusk|spd|1
|faint|p1a: Rillaboom
|
|upkeep
|
|t:|1779638970
|switch|p1a: Great Tusk|Great Tusk|100/100
|-damage|p1a: Great Tusk|98/100|[from] Stealth Rock
|-enditem|p1a: Great Tusk|Booster Energy
|-activate|p1a: Great Tusk|ability: Protosynthesis|[fromitem]
|-start|p1a: Great Tusk|protosynthesisatk
|turn|17
|
|t:|1779638980
|-end|p2a: Great Tusk|Protosynthesis|[silent]
|switch|p2a: Moltres|Moltres|75/100
|move|p1a: Great Tusk|Rapid Spin|p2a: Moltres
|-damage|p2a: Moltres|60/100
|-boost|p1a: Great Tusk|spe|1
|-status|p1a: Great Tusk|brn|[from] ability: Flame Body|[of] p2a: Moltres
|-sideend|p1: Naro51|Stealth Rock|[from] move: Rapid Spin|[of] p1a: Great Tusk
|
|-heal|p1a: Great Tusk|100/100 brn|[from] Grassy Terrain
|-damage|p1a: Great Tusk|94/100 brn|[from] brn
|upkeep
|turn|18
|
|t:|1779638985
|-end|p1a: Great Tusk|Protosynthesis|[silent]
|switch|p1a: Heatran|Heatran, M|95/100
|move|p2a: Moltres|Roost|p2a: Moltres
|-heal|p2a: Moltres|100/100
|-singleturn|p2a: Moltres|move: Roost
|
|-heal|p1a: Heatran|100/100|[from] Grassy Terrain
|upkeep
|turn|19
|
|t:|1779638991
|move|p1a: Heatran|Magma Storm|p2a: Moltres
|-resisted|p2a: Moltres
|-crit|p2a: Moltres
|-damage|p2a: Moltres|67/100
|-activate|p2a: Moltres|move: Magma Storm|[of] p1a: Heatran
|move|p2a: Moltres|U-turn|p1a: Heatran
|-resisted|p1a: Heatran
|-damage|p1a: Heatran|97/100
|
|t:|1779638994
|switch|p2a: Great Tusk|Great Tusk|100/100|[from] U-turn
|
|-heal|p1a: Heatran|100/100|[from] Grassy Terrain
|upkeep
|turn|20
|
|t:|1779639000
|-terastallize|p1a: Heatran|Grass
|move|p2a: Great Tusk|Rapid Spin|p1a: Heatran
|-damage|p1a: Heatran|88/100
|-boost|p2a: Great Tusk|spe|1
|-sideend|p2: welovevaporeon|Stealth Rock|[from] move: Rapid Spin|[of] p2a: Great Tusk
|move|p1a: Heatran|Magma Storm|p2a: Great Tusk
|-damage|p2a: Great Tusk|40/100
|-activate|p2a: Great Tusk|move: Magma Storm|[of] p1a: Heatran
|
|-heal|p2a: Great Tusk|46/100|[from] Grassy Terrain
|-heal|p1a: Heatran|94/100|[from] Grassy Terrain
|-heal|p1a: Heatran|99/100|[from] item: Leftovers
|-damage|p2a: Great Tusk|34/100|[from] move: Magma Storm|[partiallytrapped]
|-fieldend|move: Grassy Terrain
|upkeep
|turn|21
|
|t:|1779639011
|move|p2a: Great Tusk|Stealth Rock|p1a: Heatran
|-sidestart|p1: Naro51|move: Stealth Rock
|move|p1a: Heatran|Earth Power|p2a: Great Tusk
|-damage|p2a: Great Tusk|0 fnt
|faint|p2a: Great Tusk
|-end|p2a: Great Tusk|Protosynthesis|[silent]
|
|-heal|p1a: Heatran|100/100|[from] item: Leftovers
|upkeep
|
|t:|1779639014
|switch|p2a: Gary|Meowscarada, F, shiny|100/100
|turn|22
|
|t:|1779639027
|switch|p1a: Zamazenta|Zamazenta|100/100
|-damage|p1a: Zamazenta|94/100|[from] Stealth Rock
|move|p2a: Gary|U-turn|p1a: Zamazenta
|-start|p2a: Gary|typechange|Bug|[from] ability: Protean
|-resisted|p1a: Zamazenta
|-damage|p1a: Zamazenta|83/100
|
|t:|1779639038
|switch|p2a: Honored1|Regieleki, shiny|100/100|[from] U-turn
|
|-heal|p1a: Zamazenta|90/100|[from] item: Leftovers
|upkeep
|turn|23
|
|t:|1779639045
|move|p2a: Honored1|Swift|p1a: Zamazenta
|-damage|p1a: Zamazenta|69/100
|move|p1a: Zamazenta|Body Press|p2a: Honored1
|-damage|p2a: Honored1|35/100
|
|-heal|p1a: Zamazenta|75/100|[from] item: Leftovers
|upkeep
|turn|24
|
|t:|1779639055
|switch|p2a: Moltres|Moltres|67/100
|move|p1a: Zamazenta|Body Press|p2a: Moltres
|-resisted|p2a: Moltres
|-damage|p2a: Moltres|56/100
|-status|p1a: Zamazenta|brn|[from] ability: Flame Body|[of] p2a: Moltres
|
|-heal|p1a: Zamazenta|81/100 brn|[from] item: Leftovers
|-damage|p1a: Zamazenta|75/100 brn|[from] brn
|upkeep
|turn|25
|
|t:|1779639060
|move|p1a: Zamazenta|Iron Defense|p1a: Zamazenta
|-boost|p1a: Zamazenta|def|2
|move|p2a: Moltres|Roost|p2a: Moltres
|-heal|p2a: Moltres|100/100
|-singleturn|p2a: Moltres|move: Roost
|
|-heal|p1a: Zamazenta|81/100 brn|[from] item: Leftovers
|-damage|p1a: Zamazenta|75/100 brn|[from] brn
|upkeep
|turn|26
|
|t:|1779639066
|move|p2a: Moltres|Flamethrower|p1a: Zamazenta
|-damage|p1a: Zamazenta|46/100 brn
|move|p1a: Zamazenta|Roar|p2a: Moltres
|drag|p2a: Slowking|Slowking-Galar, F|63/100
|
|-heal|p1a: Zamazenta|52/100 brn|[from] item: Leftovers
|-damage|p1a: Zamazenta|46/100 brn|[from] brn
|upkeep
|turn|27
|
|t:|1779639072
|switch|p1a: Great Tusk|Great Tusk|94/100 brn
|-damage|p1a: Great Tusk|91/100 brn|[from] Stealth Rock
|-prepare|p2a: Slowking|Chilly Reception|[premajor]
|move|p2a: Slowking|Chilly Reception|p2a: Slowking
|-weather|Snowscape
|
|t:|1779639081
|switch|p2a: Moltres|Moltres|100/100|[from] Chilly Reception
|
|-weather|Snowscape|[upkeep]
|-damage|p1a: Great Tusk|85/100 brn|[from] brn
|upkeep
|turn|28
|
|t:|1779639084
|move|p1a: Great Tusk|Rapid Spin|p2a: Moltres
|-damage|p2a: Moltres|95/100
|-boost|p1a: Great Tusk|spe|1
|-sideend|p1: Naro51|Stealth Rock|[from] move: Rapid Spin|[of] p1a: Great Tusk
|move|p2a: Moltres|Flamethrower|p1a: Great Tusk
|-damage|p1a: Great Tusk|28/100 brn
|
|-weather|Snowscape|[upkeep]
|-damage|p1a: Great Tusk|22/100 brn|[from] brn
|upkeep
|turn|29
|
|t:|1779639097
|-end|p1a: Great Tusk|Protosynthesis|[silent]
|switch|p1a: Heatran|Heatran, M, tera:Grass|100/100
|move|p2a: Moltres|Flamethrower|p1a: Heatran
|-start|p1a: Heatran|ability: Flash Fire
|
|-weather|Snowscape|[upkeep]
|upkeep
|turn|30
|
|t:|1779639105
|move|p1a: Heatran|Stealth Rock|p2a: Moltres
|-sidestart|p2: welovevaporeon|move: Stealth Rock
|move|p2a: Moltres|U-turn|p1a: Heatran
|-supereffective|p1a: Heatran
|-damage|p1a: Heatran|76/100
|
|t:|1779639112
|switch|p2a: Slowking|Slowking-Galar, F|97/100|[from] U-turn
|-damage|p2a: Slowking|84/100|[from] Stealth Rock
|
|-weather|Snowscape|[upkeep]
|-heal|p1a: Heatran|82/100|[from] item: Leftovers
|upkeep
|turn|31
|
|t:|1779639118
|-end|p1a: Heatran|ability: Flash Fire|[silent]
|switch|p1a: Great Tusk|Great Tusk|22/100 brn
|move|p2a: Slowking|Future Sight|p1a: Great Tusk
|-start|p2a: Slowking|move: Future Sight
|
|-weather|none
|-damage|p1a: Great Tusk|16/100 brn|[from] brn
|upkeep
|turn|32
|
|t:|1779639129
|-end|p1a: Great Tusk|Protosynthesis|[silent]
|switch|p1a: Zamazenta|Zamazenta|46/100 brn
|-prepare|p2a: Slowking|Chilly Reception|[premajor]
|move|p2a: Slowking|Chilly Reception|p2a: Slowking
|-weather|Snowscape
|
|t:|1779639136
|switch|p2a: Honored1|Regieleki, shiny|35/100|[from] Chilly Reception
|-damage|p2a: Honored1|22/100|[from] Stealth Rock
|
|-weather|Snowscape|[upkeep]
|-heal|p1a: Zamazenta|52/100 brn|[from] item: Leftovers
|-damage|p1a: Zamazenta|46/100 brn|[from] brn
|upkeep
|turn|33
|
|t:|1779639140
|move|p2a: Honored1|Thunderbolt|p1a: Zamazenta
|-crit|p1a: Zamazenta
|-damage|p1a: Zamazenta|0 fnt
|faint|p1a: Zamazenta
|
|-weather|Snowscape|[upkeep]
|-hint|Future Sight did not hit because the target is fainted.
|upkeep
|
|t:|1779639145
|switch|p1a: Heatran|Heatran, M, tera:Grass|82/100
|turn|34
|
|t:|1779639159
|move|p2a: Honored1|Thunderbolt|p1a: Heatran
|-resisted|p1a: Heatran
|-damage|p1a: Heatran|59/100
|-status|p1a: Heatran|par
|move|p1a: Heatran|Magma Storm|p2a: Honored1
|-damage|p2a: Honored1|0 fnt
|faint|p2a: Honored1
|
|-weather|Snowscape|[upkeep]
|-heal|p1a: Heatran|66/100 par|[from] item: Leftovers
|upkeep
|
|t:|1779639171
|switch|p2a: Gary|Meowscarada, F, shiny|100/100
|-damage|p2a: Gary|88/100|[from] Stealth Rock
|turn|35
|
|t:|1779639174
|switch|p1a: Great Tusk|Great Tusk|16/100 brn
|move|p2a: Gary|U-turn|p1a: Great Tusk
|-start|p2a: Gary|typechange|Bug|[from] ability: Protean
|-resisted|p1a: Great Tusk
|-damage|p1a: Great Tusk|4/100 brn
|
|t:|1779639183
|switch|p2a: Moltres|Moltres|95/100|[from] U-turn
|
|-weather|Snowscape|[upkeep]
|-damage|p1a: Great Tusk|0 fnt|[from] brn
|faint|p1a: Great Tusk
|-end|p1a: Great Tusk|Protosynthesis|[silent]
|upkeep
|
|t:|1779639187
|switch|p1a: Heatran|Heatran, M, tera:Grass|66/100 par
|turn|36
|
|t:|1779639192
|switch|p2a: Slowking|Slowking-Galar, F|100/100
|-damage|p2a: Slowking|88/100|[from] Stealth Rock
|move|p1a: Heatran|Magma Storm|p2a: Slowking
|-damage|p2a: Slowking|62/100
|-activate|p2a: Slowking|move: Magma Storm|[of] p1a: Heatran
|
|-weather|none
|-heal|p1a: Heatran|72/100 par|[from] item: Leftovers
|-damage|p2a: Slowking|50/100|[from] move: Magma Storm|[partiallytrapped]
|upkeep
|turn|37
|
|t:|1779639205
|move|p1a: Heatran|Earth Power|p2a: Slowking
|-supereffective|p2a: Slowking
|-damage|p2a: Slowking|21/100
|-prepare|p2a: Slowking|Chilly Reception|[premajor]
|move|p2a: Slowking|Chilly Reception|p2a: Slowking
|-weather|Snowscape
|
|t:|1779639209
|switch|p2a: Gary|Meowscarada, F, shiny|88/100|[from] Chilly Reception
|-damage|p2a: Gary|76/100|[from] Stealth Rock
|
|-weather|Snowscape|[upkeep]
|-heal|p1a: Heatran|78/100 par|[from] item: Leftovers
|upkeep
|turn|38
|
|t:|1779639213
|switch|p1a: Kingambit|Kingambit, F|100/100
|-activate|p1a: Kingambit|ability: Supreme Overlord
|-start|p1a: Kingambit|fallen4|[silent]
|move|p2a: Gary|U-turn|p1a: Kingambit
|-start|p2a: Gary|typechange|Bug|[from] ability: Protean
|-damage|p1a: Kingambit|71/100
|
|t:|1779639221
|switch|p2a: Moltres|Moltres|95/100|[from] U-turn
|
|-weather|Snowscape|[upkeep]
|-heal|p1a: Kingambit|77/100|[from] item: Leftovers
|upkeep
|turn|39
|
|t:|1779639225
|-end|p1a: Kingambit|fallen4|[silent]
|switch|p1a: Heatran|Heatran, M, tera:Grass|78/100 par
|move|p2a: Moltres|Flamethrower|p1a: Heatran
|-start|p1a: Heatran|ability: Flash Fire
|
|-weather|Snowscape|[upkeep]
|-heal|p1a: Heatran|84/100 par|[from] item: Leftovers
|upkeep
|turn|40
|
|t:|1779639232
|switch|p2a: Slowking|Slowking-Galar, F|54/100
|-damage|p2a: Slowking|41/100|[from] Stealth Rock
|move|p1a: Heatran|Taunt|p2a: Slowking
|-start|p2a: Slowking|move: Taunt
|
|-weather|Snowscape|[upkeep]
|-heal|p1a: Heatran|90/100 par|[from] item: Leftovers
|upkeep
|turn|41
|
|t:|1779639240
|move|p1a: Heatran|Magma Storm|p2a: Slowking
|-damage|p2a: Slowking|5/100
|-activate|p2a: Slowking|move: Magma Storm|[of] p1a: Heatran
|move|p2a: Slowking|Sludge Bomb|p1a: Heatran
|-supereffective|p1a: Heatran
|-damage|p1a: Heatran|51/100 par
|
|-weather|none
|-heal|p1a: Heatran|57/100 par|[from] item: Leftovers
|-damage|p2a: Slowking|0 fnt|[from] move: Magma Storm|[partiallytrapped]
|faint|p2a: Slowking
|upkeep
|
|t:|1779639255
|switch|p2a: Gary|Meowscarada, F, shiny|76/100
|-damage|p2a: Gary|64/100|[from] Stealth Rock
|turn|42
|
|t:|1779639268
|move|p2a: Gary|U-turn|p1a: Heatran
|-start|p2a: Gary|typechange|Bug|[from] ability: Protean
|-supereffective|p1a: Heatran
|-damage|p1a: Heatran|0 fnt
|faint|p1a: Heatran
|
|t:|1779639270
|switch|p2a: Moltres|Moltres|95/100|[from] U-turn
|
|upkeep
|
|t:|1779639272
|switch|p1a: Kingambit|Kingambit, F|77/100
|-activate|p1a: Kingambit|ability: Supreme Overlord
|-start|p1a: Kingambit|fallen5|[silent]
|turn|43
|
|t:|1779639275
|move|p1a: Kingambit|Sucker Punch|p2a: Moltres
|-damage|p2a: Moltres|52/100
|move|p2a: Moltres|Flamethrower|p1a: Kingambit
|-supereffective|p1a: Kingambit
|-damage|p1a: Kingambit|0 fnt
|faint|p1a: Kingambit
|-end|p1a: Kingambit|fallen5|[silent]
|
|win|welovevaporeon
|raw|Naro51's rating: 1510 &rarr; <strong>1488</strong><br />(-22 for losing)
|raw|welovevaporeon's rating: 1472 &rarr; <strong>1494</strong><br />(+22 for winning)
|l|☆Naro51
|player|p1|
|c|☆welovevaporeon|gg
