|j|☆Zachary.wiles
|j|☆Emrakulprime
|t:|1779662758
|gametype|singles
|player|p1|Zachary.wiles|crasherwake|
|player|p2|Emrakulprime|265|
|gen|9
|tier|[Gen 9] OU
|rule|HP Percentage Mod: HP is shown in percentages
|rule|Endless Battle Clause: Forcing endless battles is banned
|rule|Species Clause: Limit one of each Pokémon
|rule|OHKO Clause: OHKO moves are banned
|rule|Evasion Items Clause: Evasion items are banned
|rule|Evasion Moves Clause: Evasion moves are banned
|rule|Evasion Abilities Clause: Evasion abilities are banned
|rule|Sleep Moves Clause: Sleep-inducing moves are banned
|clearpoke
|poke|p1|Grimmsnarl, M|
|poke|p1|Iron Hands|
|poke|p1|Quaquaval, M|
|poke|p1|Revavroom, F|
|poke|p1|Mamoswine, F|
|poke|p1|Ceruledge, M|
|poke|p2|Glimmora, F|
|poke|p2|Ninetales-Alola, F|
|poke|p2|Kyurem|
|poke|p2|Regieleki|
|poke|p2|Falinks|
|poke|p2|Eelektross, F|
|teampreview
|
|t:|1779662766
|teamsize|p1|6
|teamsize|p2|6
|start
|switch|p1a: Grimmsnarl|Grimmsnarl, M|100/100
|switch|p2a: Glimmora|Glimmora, F|100/100
|turn|1
|inactive|Battle timer is ON: inactive players will automatically lose when time's up. (requested by Emrakulprime)
|j| LuckiLlamas
|
|t:|1779662787
|move|p1a: Grimmsnarl|Light Screen|p1a: Grimmsnarl
|-sidestart|p1: Zachary.wiles|move: Light Screen
|move|p2a: Glimmora|Stealth Rock|p1a: Grimmsnarl
|-sidestart|p1: Zachary.wiles|move: Stealth Rock
|
|upkeep
|turn|2
|
|t:|1779662802
|move|p1a: Grimmsnarl|Parting Shot|p2a: Glimmora
|-unboost|p2a: Glimmora|atk|1
|-unboost|p2a: Glimmora|spa|1
|
|t:|1779662806
|switch|p1a: Quaquaval|Quaquaval, M|100/100|[from] Parting Shot
|-damage|p1a: Quaquaval|94/100|[from] Stealth Rock
|move|p2a: Glimmora|Mortal Spin|p1a: Quaquaval
|-damage|p1a: Quaquaval|89/100
|-status|p1a: Quaquaval|psn
|
|-damage|p1a: Quaquaval|77/100 psn|[from] psn
|upkeep
|turn|3
|
|t:|1779662821
|-terastallize|p1a: Quaquaval|Steel
|move|p2a: Glimmora|Spiky Shield|p2a: Glimmora
|-singleturn|p2a: Glimmora|move: Protect
|move|p1a: Quaquaval|Aqua Step|p2a: Glimmora
|-activate|p2a: Glimmora|move: Protect
|-damage|p1a: Quaquaval|65/100 psn|[from] Spiky Shield|[of] p2a: Glimmora
|
|-damage|p1a: Quaquaval|53/100 psn|[from] psn
|upkeep
|turn|4
|
|t:|1779662836
|move|p2a: Glimmora|Power Gem|p1a: Quaquaval
|-resisted|p1a: Quaquaval
|-damage|p1a: Quaquaval|44/100 psn
|move|p1a: Quaquaval|Aqua Step|p2a: Glimmora
|-supereffective|p2a: Glimmora
|-enditem|p2a: Glimmora|Focus Sash
|-damage|p2a: Glimmora|1/100
|-boost|p1a: Quaquaval|spe|1
|-activate|p2a: Glimmora|ability: Toxic Debris
|-sidestart|p1: Zachary.wiles|move: Toxic Spikes
|-damage|p1a: Quaquaval|34/100 psn|[from] item: Life Orb
|
|-damage|p1a: Quaquaval|21/100 psn|[from] psn
|upkeep
|turn|5
|
|t:|1779662850
|move|p2a: Glimmora|Spiky Shield|p2a: Glimmora
|-singleturn|p2a: Glimmora|move: Protect
|move|p1a: Quaquaval|Rapid Spin|p2a: Glimmora
|-activate|p2a: Glimmora|move: Protect
|-damage|p1a: Quaquaval|9/100 psn|[from] Spiky Shield|[of] p2a: Glimmora
|
|-damage|p1a: Quaquaval|0 fnt|[from] psn
|faint|p1a: Quaquaval
|upkeep
|
|t:|1779662862
|switch|p1a: Revavroom|Revavroom, F|100/100
|-damage|p1a: Revavroom|95/100|[from] Stealth Rock
|-item|p1a: Revavroom|Air Balloon
|turn|6
|
|t:|1779662880
|move|p2a: Glimmora|Power Gem|p1a: Revavroom
|-resisted|p1a: Revavroom
|-damage|p1a: Revavroom|83/100
|-enditem|p1a: Revavroom|Air Balloon
|move|p1a: Revavroom|Shift Gear|p1a: Revavroom
|-boost|p1a: Revavroom|spe|2
|-boost|p1a: Revavroom|atk|1
|
|upkeep
|turn|7
|inactive|Zachary.wiles has 270 seconds left.
|
|t:|1779662901
|move|p2a: Glimmora|Spiky Shield|p2a: Glimmora
|-singleturn|p2a: Glimmora|move: Protect
|move|p1a: Revavroom|Shift Gear|p1a: Revavroom
|-boost|p1a: Revavroom|spe|2
|-boost|p1a: Revavroom|atk|1
|
|upkeep
|turn|8
|inactive|Zachary.wiles has 270 seconds left.
|
|t:|1779662912
|move|p2a: Glimmora|Spiky Shield|p2a: Glimmora
|-singleturn|p2a: Glimmora|move: Protect
|move|p1a: Revavroom|Iron Head|p2a: Glimmora
|-activate|p2a: Glimmora|move: Protect
|-damage|p1a: Revavroom|71/100|[from] Spiky Shield|[of] p2a: Glimmora
|
|-sideend|p1: Zachary.wiles|move: Light Screen
|upkeep
|turn|9
|
|t:|1779662920
|move|p1a: Revavroom|Iron Head|p2a: Glimmora
|-supereffective|p2a: Glimmora
|-damage|p2a: Glimmora|0 fnt
|-activate|p2a: Glimmora|ability: Toxic Debris
|-sidestart|p1: Zachary.wiles|move: Toxic Spikes
|faint|p2a: Glimmora
|
|upkeep
|
|t:|1779662945
|switch|p2a: Falinks|Falinks|100/100
|turn|10
|inactive|Zachary.wiles has 270 seconds left.
|
|t:|1779662976
|move|p1a: Revavroom|High Horsepower|p2a: Falinks
|-damage|p2a: Falinks|34/100
|move|p2a: Falinks|Close Combat|p1a: Revavroom
|-damage|p1a: Revavroom|5/100
|-unboost|p2a: Falinks|def|1
|-unboost|p2a: Falinks|spd|1
|
|-heal|p2a: Falinks|40/100|[from] item: Leftovers
|upkeep
|turn|11
|
|t:|1779662990
|move|p1a: Revavroom|High Horsepower|p2a: Falinks
|-damage|p2a: Falinks|0 fnt
|faint|p2a: Falinks
|
|upkeep
|
|t:|1779662998
|switch|p2a: Regieleki|Regieleki|100/100
|-item|p2a: Regieleki|Air Balloon
|turn|12
|inactive|Zachary.wiles has 270 seconds left.
|
|t:|1779663011
|move|p1a: Revavroom|Gunk Shot|p2a: Regieleki
|-damage|p2a: Regieleki|0 fnt
|-enditem|p2a: Regieleki|Air Balloon
|faint|p2a: Regieleki
|
|upkeep
|
|t:|1779663018
|switch|p2a: Eelektross|Eelektross, F|100/100
|turn|13
|inactive|Zachary.wiles has 270 seconds left.
|
|t:|1779663034
|move|p1a: Revavroom|Gunk Shot|p2a: Eelektross
|-damage|p2a: Eelektross|0 fnt
|faint|p2a: Eelektross
|
|upkeep
|
|t:|1779663041
|switch|p2a: Kyurem|Kyurem|100/100
|-ability|p2a: Kyurem|Pressure
|turn|14
|
|t:|1779663054
|-terastallize|p2a: Kyurem|Dragon
|move|p1a: Revavroom|Iron Head|p2a: Kyurem
|-damage|p2a: Kyurem|30/100
|move|p2a: Kyurem|Earth Power|p1a: Revavroom
|-supereffective|p1a: Revavroom
|-damage|p1a: Revavroom|0 fnt
|faint|p1a: Revavroom
|
|upkeep
|inactive|Zachary.wiles has 270 seconds left.
|
|t:|1779663069
|switch|p1a: Mamoswine|Mamoswine, F|100/100
|-damage|p1a: Mamoswine|88/100|[from] Stealth Rock
|-status|p1a: Mamoswine|tox
|turn|15
|
|t:|1779663074
|switch|p2a: Ninetales|Ninetales-Alola, F|100/100
|-weather|Snowscape|[from] ability: Snow Warning|[of] p2a: Ninetales
|move|p1a: Mamoswine|Ice Shard|p2a: Ninetales
|-resisted|p2a: Ninetales
|-damage|p2a: Ninetales|82/100
|
|-weather|Snowscape|[upkeep]
|-heal|p2a: Ninetales|88/100|[from] item: Leftovers
|-damage|p1a: Mamoswine|82/100 tox|[from] psn
|upkeep
|turn|16
|inactive|Zachary.wiles has 270 seconds left.
|
|t:|1779663090
|switch|p1a: Iron Hands|Iron Hands|100/100
|-damage|p1a: Iron Hands|94/100|[from] Stealth Rock
|-status|p1a: Iron Hands|tox
|-enditem|p1a: Iron Hands|Booster Energy
|-activate|p1a: Iron Hands|ability: Quark Drive|[fromitem]
|-start|p1a: Iron Hands|quarkdriveatk
|move|p2a: Ninetales|Aurora Veil|p2a: Ninetales
|-sidestart|p2: Emrakulprime|move: Aurora Veil
|
|-weather|Snowscape|[upkeep]
|-heal|p2a: Ninetales|95/100|[from] item: Leftovers
|-damage|p1a: Iron Hands|88/100 tox|[from] psn
|upkeep
|turn|17
|inactive|Zachary.wiles has 270 seconds left.
|
|t:|1779663119
|move|p2a: Ninetales|Moonblast|p1a: Iron Hands
|-supereffective|p1a: Iron Hands
|-damage|p1a: Iron Hands|35/100 tox
|-unboost|p1a: Iron Hands|spa|1
|move|p1a: Iron Hands|Drain Punch|p2a: Ninetales
|-damage|p2a: Ninetales|64/100
|-heal|p1a: Iron Hands|44/100 tox|[from] drain|[of] p2a: Ninetales
|
|-weather|Snowscape|[upkeep]
|-heal|p2a: Ninetales|71/100|[from] item: Leftovers
|-damage|p1a: Iron Hands|32/100 tox|[from] psn
|upkeep
|turn|18
|
|t:|1779663135
|move|p2a: Ninetales|Moonblast|p1a: Iron Hands
|-supereffective|p1a: Iron Hands
|-damage|p1a: Iron Hands|0 fnt
|faint|p1a: Iron Hands
|-end|p1a: Iron Hands|Quark Drive|[silent]
|
|-weather|Snowscape|[upkeep]
|-heal|p2a: Ninetales|77/100|[from] item: Leftovers
|upkeep
|inactive|Zachary.wiles has 240 seconds left.
|
|t:|1779663153
|switch|p1a: Ceruledge|Ceruledge, M|100/100
|-damage|p1a: Ceruledge|76/100|[from] Stealth Rock
|-status|p1a: Ceruledge|tox
|turn|19
|
|t:|1779663164
|move|p2a: Ninetales|Moonblast|p1a: Ceruledge
|-resisted|p1a: Ceruledge
|-damage|p1a: Ceruledge|53/100 tox
|move|p1a: Ceruledge|Brick Break|p2a: Ninetales
|-sideend|p2: Emrakulprime|move: Aurora Veil
|-damage|p2a: Ninetales|44/100
|-damage|p1a: Ceruledge|43/100 tox|[from] item: Life Orb
|
|-weather|none
|-heal|p2a: Ninetales|50/100|[from] item: Leftovers
|-damage|p1a: Ceruledge|37/100 tox|[from] psn
|upkeep
|turn|20
|inactive|Zachary.wiles has 240 seconds left.
|
|t:|1779663182
|move|p2a: Ninetales|Aurora Veil||[still]
|-fail|p2a: Ninetales
|move|p1a: Ceruledge|Bitter Blade|p2a: Ninetales
|-supereffective|p2a: Ninetales
|-damage|p2a: Ninetales|0 fnt
|-heal|p1a: Ceruledge|61/100 tox|[from] drain|[of] p2a: Ninetales
|faint|p2a: Ninetales
|-damage|p1a: Ceruledge|51/100 tox|[from] item: Life Orb
|
|-damage|p1a: Ceruledge|39/100 tox|[from] psn
|upkeep
|
|t:|1779663195
|switch|p2a: Kyurem|Kyurem, tera:Dragon|30/100
|-ability|p2a: Kyurem|Pressure
|turn|21
|inactive|Zachary.wiles has 240 seconds left.
|
|t:|1779663211
|move|p1a: Ceruledge|Shadow Sneak|p2a: Kyurem
|-damage|p2a: Kyurem|8/100
|-damage|p1a: Ceruledge|29/100 tox|[from] item: Life Orb
|move|p2a: Kyurem|Earth Power|p1a: Ceruledge
|-supereffective|p1a: Ceruledge
|-damage|p1a: Ceruledge|0 fnt
|faint|p1a: Ceruledge
|
|upkeep
|inactive|Zachary.wiles has 240 seconds left.
|
|t:|1779663219
|switch|p1a: Mamoswine|Mamoswine, F|82/100 tox
|-damage|p1a: Mamoswine|69/100 tox|[from] Stealth Rock
|turn|22
|
|t:|1779663224
|move|p1a: Mamoswine|Ice Shard|p2a: Kyurem
|-supereffective|p2a: Kyurem
|-damage|p2a: Kyurem|0 fnt
|faint|p2a: Kyurem
|
|win|Zachary.wiles
|l| LuckiLlamas
