|j|☆npctypebeat
|j|☆leesley
|t:|1779657222
|gametype|singles
|player|p1|npctypebeat|101|1158
|player|p2|leesley|whitney|1111
|gen|9
|tier|[Gen 9] OU
|rated|
|rule|HP Percentage Mod: HP is shown in percentages
|rule|Endless Battle Clause: Forcing endless battles is banned
|rule|Species Clause: Limit one of each Pokémon
|rule|OHKO Clause: OHKO moves are banned
|rule|Evasion Items Clause: Evasion items are banned
|rule|Evasion Moves Clause: Evasion moves are banned
|rule|Evasion Abilities Clause: Evasion abilities are banned
|rule|Sleep Moves Clause: Sleep-inducing moves are banned
|clearpoke
|poke|p1|Gliscor, F|
|poke|p1|Gholdengo|
|poke|p1|Zamazenta-*|
|poke|p1|Blissey, F|
|poke|p1|Skarmory, M|
|poke|p1|Pecharunt|
|poke|p2|Tinkaton, F|
|poke|p2|Corviknight, F|
|poke|p2|Hatterene, F|
|poke|p2|Ceruledge, M|
|poke|p2|Great Tusk|
|poke|p2|Meowscarada, F|
|teampreview
|inactive|Battle timer is ON: inactive players will automatically lose when time's up. (requested by leesley)
|c|☆npctypebeat|hf
|inactive|npctypebeat also wants the timer to be on.
|
|t:|1779657234
|teamsize|p1|6
|teamsize|p2|6
|start
|switch|p1a: Skarmory|Skarmory, M|100/100
|switch|p2a: Great Tusk|Great Tusk|100/100
|turn|1
|
|t:|1779657248
|move|p2a: Great Tusk|Stealth Rock|p1a: Skarmory
|-sidestart|p1: npctypebeat|move: Stealth Rock
|move|p1a: Skarmory|Spikes|p2a: Great Tusk
|-sidestart|p2: leesley|Spikes
|
|upkeep
|turn|2
|
|t:|1779657253
|move|p2a: Great Tusk|Rapid Spin|p1a: Skarmory
|-resisted|p1a: Skarmory
|-damage|p1a: Skarmory|95/100
|-boost|p2a: Great Tusk|spe|1
|-sideend|p2: leesley|Spikes|[from] move: Rapid Spin|[of] p2a: Great Tusk
|move|p1a: Skarmory|Spikes|p2a: Great Tusk
|-sidestart|p2: leesley|Spikes
|
|upkeep
|turn|3
|
|t:|1779657265
|move|p2a: Great Tusk|Rapid Spin|p1a: Skarmory
|-resisted|p1a: Skarmory
|-damage|p1a: Skarmory|90/100
|-boost|p2a: Great Tusk|spe|1
|-sideend|p2: leesley|Spikes|[from] move: Rapid Spin|[of] p2a: Great Tusk
|move|p1a: Skarmory|Whirlwind|p2a: Great Tusk
|-end|p2a: Great Tusk|Protosynthesis|[silent]
|drag|p2a: Corviknight|Corviknight, F|100/100
|-ability|p2a: Corviknight|Pressure
|
|upkeep
|turn|4
|
|t:|1779657276
|switch|p2a: Great Tusk|Great Tusk|100/100
|move|p1a: Skarmory|Spikes|p2a: Great Tusk
|-sidestart|p2: leesley|Spikes
|
|upkeep
|turn|5
|
|t:|1779657280
|switch|p1a: Pecharunt|Pecharunt|100/100
|move|p2a: Great Tusk|Rapid Spin|p1a: Pecharunt
|-immune|p1a: Pecharunt
|
|upkeep
|turn|6
|
|t:|1779657292
|move|p2a: Great Tusk|Headlong Rush|p1a: Pecharunt
|-supereffective|p1a: Pecharunt
|-damage|p1a: Pecharunt|42/100
|-unboost|p2a: Great Tusk|def|1
|-unboost|p2a: Great Tusk|spd|1
|move|p1a: Pecharunt|Shadow Ball|p2a: Great Tusk
|-damage|p2a: Great Tusk|41/100
|
|upkeep
|turn|7
|
|t:|1779657304
|switch|p1a: Gliscor|Gliscor, F|100/100
|-damage|p1a: Gliscor|88/100|[from] Stealth Rock
|move|p2a: Great Tusk|Headlong Rush|p1a: Gliscor
|-immune|p1a: Gliscor
|
|-status|p1a: Gliscor|tox|[from] item: Toxic Orb
|upkeep
|turn|8
|
|t:|1779657312
|move|p2a: Great Tusk|Ice Spinner|p1a: Gliscor
|-supereffective|p1a: Gliscor
|-damage|p1a: Gliscor|0 fnt
|faint|p1a: Gliscor
|
|upkeep
|
|t:|1779657321
|switch|p1a: Pecharunt|Pecharunt|42/100
|turn|9
|
|t:|1779657349
|-end|p2a: Great Tusk|Protosynthesis|[silent]
|switch|p2a: Meowscarada|Meowscarada, F|100/100
|move|p1a: Pecharunt|Shadow Ball|p2a: Meowscarada
|-resisted|p2a: Meowscarada
|-damage|p2a: Meowscarada|82/100
|-unboost|p2a: Meowscarada|spd|1
|
|upkeep
|turn|10
|
|t:|1779657364
|move|p2a: Meowscarada|Knock Off|p1a: Pecharunt
|-start|p2a: Meowscarada|typechange|Dark|[from] ability: Protean
|-supereffective|p1a: Pecharunt
|-damage|p1a: Pecharunt|0 fnt
|-enditem|p1a: Pecharunt|Heavy-Duty Boots|[from] move: Knock Off|[of] p2a: Meowscarada
|faint|p1a: Pecharunt
|
|upkeep
|
|t:|1779657374
|switch|p1a: Gholdengo|Gholdengo|100/100
|-damage|p1a: Gholdengo|94/100|[from] Stealth Rock
|turn|11
|
|t:|1779657390
|move|p2a: Meowscarada|U-turn|p1a: Gholdengo
|-resisted|p1a: Gholdengo
|-damage|p1a: Gholdengo|91/100
|
|t:|1779657410
|switch|p2a: Great Tusk|Great Tusk|41/100|[from] U-turn
|move|p1a: Gholdengo|Hex|p2a: Great Tusk
|-damage|p2a: Great Tusk|0 fnt
|faint|p2a: Great Tusk
|-end|p2a: Great Tusk|Protosynthesis|[silent]
|
|upkeep
|inactive|leesley has 120 seconds left.
|
|t:|1779657420
|switch|p2a: Tinkaton|Tinkaton, F|100/100
|-item|p2a: Tinkaton|Air Balloon
|turn|12
|
|t:|1779657423
|move|p1a: Gholdengo|Thunder Wave|p2a: Tinkaton
|-status|p2a: Tinkaton|par
|move|p2a: Tinkaton|Thunder Wave|p1a: Gholdengo
|-immune|p1a: Gholdengo|[from] ability: Good as Gold
|
|upkeep
|turn|13
|
|t:|1779657436
|move|p1a: Gholdengo|Nasty Plot|p1a: Gholdengo
|-boost|p1a: Gholdengo|spa|2
|move|p2a: Tinkaton|Gigaton Hammer|p1a: Gholdengo
|-resisted|p1a: Gholdengo
|-damage|p1a: Gholdengo|67/100
|
|upkeep
|turn|14
|
|t:|1779657446
|switch|p2a: Meowscarada|Meowscarada, F|82/100
|move|p1a: Gholdengo|Hex|p2a: Meowscarada
|-resisted|p2a: Meowscarada
|-damage|p2a: Meowscarada|37/100
|
|upkeep
|turn|15
|
|t:|1779657457
|move|p2a: Meowscarada|Knock Off|p1a: Gholdengo
|-start|p2a: Meowscarada|typechange|Dark|[from] ability: Protean
|-supereffective|p1a: Gholdengo
|-damage|p1a: Gholdengo|0 fnt
|-enditem|p1a: Gholdengo|Ability Shield|[from] move: Knock Off|[of] p2a: Meowscarada
|faint|p1a: Gholdengo
|
|upkeep
|
|t:|1779657468
|switch|p1a: Blissey|Blissey, F|100/100
|turn|16
|
|t:|1779657476
|move|p2a: Meowscarada|U-turn|p1a: Blissey
|-damage|p1a: Blissey|79/100
|
|t:|1779657487
|switch|p2a: Ceruledge|Ceruledge, M|100/100|[from] U-turn
|-damage|p2a: Ceruledge|88/100|[from] Spikes
|move|p1a: Blissey|Stealth Rock|p2a: Ceruledge
|-sidestart|p2: leesley|move: Stealth Rock
|
|upkeep
|turn|17
|
|t:|1779657498
|switch|p1a: Skarmory|Skarmory, M|90/100
|move|p2a: Ceruledge|Swords Dance|p2a: Ceruledge
|-boost|p2a: Ceruledge|atk|2
|
|upkeep
|turn|18
|
|t:|1779657509
|move|p2a: Ceruledge|Poltergeist|p1a: Skarmory|[miss]
|-miss|p2a: Ceruledge|p1a: Skarmory
|move|p1a: Skarmory|Whirlwind|p2a: Ceruledge
|drag|p2a: Meowscarada|Meowscarada, F|37/100
|
|upkeep
|turn|19
|
|t:|1779657524
|move|p2a: Meowscarada|Knock Off|p1a: Skarmory
|-start|p2a: Meowscarada|typechange|Dark|[from] ability: Protean
|-damage|p1a: Skarmory|61/100
|-enditem|p1a: Skarmory|Heavy-Duty Boots|[from] move: Knock Off|[of] p2a: Meowscarada
|move|p1a: Skarmory|Body Press|p2a: Meowscarada
|-supereffective|p2a: Meowscarada
|-crit|p2a: Meowscarada
|-damage|p2a: Meowscarada|0 fnt
|faint|p2a: Meowscarada
|
|upkeep
|
|t:|1779657546
|switch|p2a: Ceruledge|Ceruledge, M|88/100
|-damage|p2a: Ceruledge|76/100|[from] Spikes
|-damage|p2a: Ceruledge|51/100|[from] Stealth Rock
|turn|20
|
|t:|1779657550
|move|p2a: Ceruledge|Bitter Blade|p1a: Skarmory
|-supereffective|p1a: Skarmory
|-damage|p1a: Skarmory|0 fnt
|-heal|p2a: Ceruledge|86/100|[from] drain|[of] p1a: Skarmory
|faint|p1a: Skarmory
|-damage|p2a: Ceruledge|76/100|[from] item: Life Orb
|
|upkeep
|
|t:|1779657563
|switch|p1a: Zamazenta|Zamazenta|100/100
|-ability|p1a: Zamazenta|Dauntless Shield|boost
|-boost|p1a: Zamazenta|def|1
|turn|21
|
|t:|1779657576
|move|p1a: Zamazenta|Crunch|p2a: Ceruledge
|-supereffective|p2a: Ceruledge
|-damage|p2a: Ceruledge|3/100
|-unboost|p2a: Ceruledge|def|1
|-ability|p2a: Ceruledge|Weak Armor|boost
|-unboost|p2a: Ceruledge|def|1
|-boost|p2a: Ceruledge|spe|2
|move|p2a: Ceruledge|Bitter Blade|p1a: Zamazenta
|-damage|p1a: Zamazenta|64/100
|-heal|p2a: Ceruledge|23/100|[from] drain|[of] p1a: Zamazenta
|-damage|p2a: Ceruledge|13/100|[from] item: Life Orb
|
|upkeep
|turn|22
|
|t:|1779657586
|move|p2a: Ceruledge|Bitter Blade|p1a: Zamazenta
|-damage|p1a: Zamazenta|27/100
|-heal|p2a: Ceruledge|34/100|[from] drain|[of] p1a: Zamazenta
|-damage|p2a: Ceruledge|24/100|[from] item: Life Orb
|move|p1a: Zamazenta|Crunch|p2a: Ceruledge
|-supereffective|p2a: Ceruledge
|-damage|p2a: Ceruledge|0 fnt
|faint|p2a: Ceruledge
|
|upkeep
|
|t:|1779657593
|switch|p2a: Hatterene|Hatterene, F|100/100
|-damage|p2a: Hatterene|88/100|[from] Spikes
|-damage|p2a: Hatterene|76/100|[from] Stealth Rock
|turn|23
|
|t:|1779657598
|move|p1a: Zamazenta|Close Combat|p2a: Hatterene
|-resisted|p2a: Hatterene
|-damage|p2a: Hatterene|61/100
|-unboost|p1a: Zamazenta|def|1
|-unboost|p1a: Zamazenta|spd|1
|move|p2a: Hatterene|Trick Room|p2a: Hatterene
|-fieldstart|move: Trick Room|[of] p2a: Hatterene
|
|upkeep
|turn|24
|
|t:|1779657620
|switch|p1a: Blissey|Blissey, F|79/100
|move|p2a: Hatterene|Dazzling Gleam|p1a: Blissey
|-damage|p1a: Blissey|64/100
|
|upkeep
|turn|25
|inactive|npctypebeat has 120 seconds left.
|
|t:|1779657641
|switch|p2a: Corviknight|Corviknight, F|100/100
|-damage|p2a: Corviknight|88/100|[from] Stealth Rock
|-ability|p2a: Corviknight|Pressure
|move|p1a: Blissey|Shadow Ball|p2a: Corviknight
|-damage|p2a: Corviknight|73/100
|
|upkeep
|turn|26
|inactive|npctypebeat has 120 seconds left.
|
|t:|1779657663
|move|p1a: Blissey|Soft-Boiled|p1a: Blissey
|-heal|p1a: Blissey|100/100
|move|p2a: Corviknight|Defog|p1a: Blissey
|-unboost|p1a: Blissey|evasion|1
|-sideend|p1: npctypebeat|Stealth Rock|[from] move: Defog|[of] p2a: Corviknight
|-sideend|p2: leesley|Spikes|[from] move: Defog|[of] p2a: Corviknight
|-sideend|p2: leesley|Stealth Rock|[from] move: Defog|[of] p2a: Corviknight
|
|upkeep
|turn|27
|
|t:|1779657680
|move|p1a: Blissey|Calm Mind|p1a: Blissey
|-boost|p1a: Blissey|spa|1
|-boost|p1a: Blissey|spd|1
|move|p2a: Corviknight|U-turn|p1a: Blissey
|-damage|p1a: Blissey|85/100
|
|t:|1779657696
|switch|p2a: Tinkaton|Tinkaton, F|100/100 par|[from] U-turn
|-item|p2a: Tinkaton|Air Balloon
|
|-fieldend|move: Trick Room
|upkeep
|turn|28
|
|t:|1779657704
|move|p1a: Blissey|Soft-Boiled|p1a: Blissey
|-heal|p1a: Blissey|100/100
|move|p2a: Tinkaton|Gigaton Hammer|p1a: Blissey
|-damage|p1a: Blissey|35/100
|
|upkeep
|turn|29
|inactive|npctypebeat has 120 seconds left.
|inactive|npctypebeat has 90 seconds left.
|
|t:|1779657744
|move|p1a: Blissey|Soft-Boiled|p1a: Blissey
|-heal|p1a: Blissey|85/100
|move|p2a: Tinkaton|Thunder Wave|p1a: Blissey
|-status|p1a: Blissey|par
|
|upkeep
|turn|30
|inactive|npctypebeat has 90 seconds left.
|
|t:|1779657764
|cant|p2a: Tinkaton|par
|move|p1a: Blissey|Stealth Rock|p2a: Tinkaton
|-sidestart|p2: leesley|move: Stealth Rock
|
|upkeep
|turn|31
|
|t:|1779657789
|move|p2a: Tinkaton|Gigaton Hammer|p1a: Blissey
|-damage|p1a: Blissey|16/100 par
|cant|p1a: Blissey|par
|
|upkeep
|turn|32
|inactive|npctypebeat has 60 seconds left.
|
|t:|1779657812
|cant|p2a: Tinkaton|par
|cant|p1a: Blissey|par
|
|upkeep
|turn|33
|inactive|npctypebeat has 60 seconds left.
|
|t:|1779657827
|move|p2a: Tinkaton|Ice Hammer|p1a: Blissey
|-damage|p1a: Blissey|0 fnt
|-unboost|p2a: Tinkaton|spe|1
|faint|p1a: Blissey
|
|upkeep
|
|t:|1779657832
|switch|p1a: Zamazenta|Zamazenta|27/100
|turn|34
|
|t:|1779657839
|switch|p2a: Corviknight|Corviknight, F|73/100
|-damage|p2a: Corviknight|61/100|[from] Stealth Rock
|-ability|p2a: Corviknight|Pressure
|move|p1a: Zamazenta|Close Combat|p2a: Corviknight
|-damage|p2a: Corviknight|26/100
|-unboost|p1a: Zamazenta|def|1
|-unboost|p1a: Zamazenta|spd|1
|-damage|p1a: Zamazenta|10/100|[from] item: Rocky Helmet|[of] p2a: Corviknight
|
|upkeep
|turn|35
|
|t:|1779657847
|move|p1a: Zamazenta|Close Combat|p2a: Corviknight
|-damage|p2a: Corviknight|0 fnt
|-unboost|p1a: Zamazenta|def|1
|-unboost|p1a: Zamazenta|spd|1
|-damage|p1a: Zamazenta|0 fnt|[from] item: Rocky Helmet|[of] p2a: Corviknight
|faint|p2a: Corviknight
|faint|p1a: Zamazenta
|
|win|leesley
|raw|npctypebeat's rating: 1209 &rarr; <strong>1177</strong><br />(-32 for losing)
|raw|leesley's rating: 1111 &rarr; <strong>1143</strong><br />(+32 for winning)
|c|☆npctypebeat|gg
|l|☆leesley
|player|p2|
