|j|☆CaptainQuack27
|j|☆santhanam
|t:|1779687767
|gametype|singles
|player|p1|CaptainQuack27|baker|1228
|player|p2|santhanam|2|1196
|gen|9
|tier|[Gen 9] OU
|rated|
|rule|HP Percentage Mod: HP is shown in percentages
|rule|Endless Battle Clause: Forcing endless battles is banned
|rule|Species Clause: Limit one of each Pokémon
|rule|OHKO Clause: OHKO moves are banned
|rule|Evasion Items Clause: Evasion items are banned
|rule|Evasion Moves Clause: Evasion moves are banned
|rule|Evasion Abilities Clause: Evasion abilities are banned
|rule|Sleep Moves Clause: Sleep-inducing moves are banned
|clearpoke
|poke|p1|Hatterene, F|
|poke|p1|Great Tusk|
|poke|p1|Tornadus-Therian, M|
|poke|p1|Kyurem|
|poke|p1|Slowking-Galar, F|
|poke|p1|Kingambit, M|
|poke|p2|Zamazenta-*|
|poke|p2|Great Tusk|
|poke|p2|Gholdengo|
|poke|p2|Kingambit, M|
|poke|p2|Slowking-Galar, M|
|poke|p2|Hoopa-Unbound|
|teampreview
|inactive|Battle timer is ON: inactive players will automatically lose when time's up. (requested by santhanam)
|
|t:|1779687795
|teamsize|p1|6
|teamsize|p2|6
|start
|switch|p1a: Slowking|Slowking-Galar, F|100/100
|switch|p2a: Hoopa|Hoopa-Unbound|100/100
|turn|1
|
|t:|1779687805
|move|p2a: Hoopa|Hyperspace Fury|p1a: Slowking
|-supereffective|p1a: Slowking
|-damage|p1a: Slowking|11/100
|-unboost|p2a: Hoopa|def|1
|-prepare|p1a: Slowking|Chilly Reception|[premajor]
|move|p1a: Slowking|Chilly Reception|p1a: Slowking
|-weather|Snowscape
|
|t:|1779687817
|switch|p1a: Kingambit|Kingambit, M|100/100|[from] Chilly Reception
|
|-weather|Snowscape|[upkeep]
|upkeep
|turn|2
|
|t:|1779687837
|move|p1a: Kingambit|Sucker Punch|p2a: Hoopa
|-damage|p2a: Hoopa|0 fnt
|faint|p2a: Hoopa
|
|-weather|Snowscape|[upkeep]
|upkeep
|inactive|santhanam has 120 seconds left.
|
|t:|1779687858
|switch|p2a: Great Tusk|Great Tusk|100/100
|-enditem|p2a: Great Tusk|Booster Energy
|-activate|p2a: Great Tusk|ability: Protosynthesis|[fromitem]
|-start|p2a: Great Tusk|protosynthesisdef
|turn|3
|inactive|santhanam has 120 seconds left.
|
|t:|1779687869
|-end|p1a: Kingambit|fallenundefined|[silent]
|switch|p1a: Hatterene|Hatterene, F|100/100
|move|p2a: Great Tusk|Headlong Rush|p1a: Hatterene
|-damage|p1a: Hatterene|59/100
|-unboost|p2a: Great Tusk|def|1
|-unboost|p2a: Great Tusk|spd|1
|-damage|p2a: Great Tusk|84/100|[from] item: Rocky Helmet|[of] p1a: Hatterene
|
|-weather|Snowscape|[upkeep]
|upkeep
|turn|4
|inactive|santhanam has 120 seconds left.
|
|t:|1779687898
|-end|p2a: Great Tusk|Protosynthesis|[silent]
|switch|p2a: Gholdengo|Gholdengo|100/100
|move|p1a: Hatterene|Draining Kiss|p2a: Gholdengo
|-resisted|p2a: Gholdengo
|-crit|p2a: Gholdengo
|-damage|p2a: Gholdengo|80/100
|-heal|p1a: Hatterene|74/100|[from] drain|[of] p2a: Gholdengo
|
|-weather|Snowscape|[upkeep]
|upkeep
|turn|5
|
|t:|1779687911
|switch|p1a: Tornadus|Tornadus-Therian, M|100/100
|move|p2a: Gholdengo|Nasty Plot|p2a: Gholdengo
|-boost|p2a: Gholdengo|spa|2
|
|-weather|none
|upkeep
|turn|6
|
|t:|1779687932
|-terastallize|p1a: Tornadus|Normal
|move|p1a: Tornadus|Heat Wave|p2a: Gholdengo
|-supereffective|p2a: Gholdengo
|-damage|p2a: Gholdengo|23/100
|move|p2a: Gholdengo|Shadow Ball|p1a: Tornadus
|-immune|p1a: Tornadus
|
|upkeep
|turn|7
|
|t:|1779687952
|switch|p2a: Zamazenta|Zamazenta|100/100
|-ability|p2a: Zamazenta|Dauntless Shield|boost
|-boost|p2a: Zamazenta|def|1
|move|p1a: Tornadus|Knock Off|p2a: Zamazenta
|-resisted|p2a: Zamazenta
|-damage|p2a: Zamazenta|96/100
|-enditem|p2a: Zamazenta|Lum Berry|[from] move: Knock Off|[of] p1a: Tornadus
|
|upkeep
|turn|8
|inactive|CaptainQuack27 has 120 seconds left.
|
|t:|1779687976
|switch|p1a: Hatterene|Hatterene, F|74/100
|move|p2a: Zamazenta|Body Press|p1a: Hatterene
|-resisted|p1a: Hatterene
|-damage|p1a: Hatterene|64/100
|-damage|p2a: Zamazenta|79/100|[from] item: Rocky Helmet|[of] p1a: Hatterene
|
|upkeep
|turn|9
|inactive|CaptainQuack27 has 120 seconds left.
|
|t:|1779687996
|move|p2a: Zamazenta|Substitute|p2a: Zamazenta
|-start|p2a: Zamazenta|Substitute
|-damage|p2a: Zamazenta|54/100
|move|p1a: Hatterene|Nuzzle|p2a: Zamazenta
|-activate|p2a: Zamazenta|move: Substitute|[damage]
|
|upkeep
|turn|10
|inactive|CaptainQuack27 has 120 seconds left.
|
|t:|1779688008
|move|p2a: Zamazenta|Crunch|p1a: Hatterene
|-damage|p1a: Hatterene|47/100
|-damage|p2a: Zamazenta|38/100|[from] item: Rocky Helmet|[of] p1a: Hatterene
|move|p1a: Hatterene|Psychic Noise|p2a: Zamazenta
|-supereffective|p2a: Zamazenta
|-damage|p2a: Zamazenta|0 fnt
|faint|p2a: Zamazenta
|
|upkeep
|inactive|santhanam has 90 seconds left.
|
|t:|1779688032
|switch|p2a: Slowking|Slowking-Galar, M|100/100
|-item|p2a: Slowking|Air Balloon
|turn|11
|inactive|santhanam has 90 seconds left.
|inactive|CaptainQuack27 has 120 seconds left.
|
|t:|1779688051
|switch|p1a: Tornadus|Tornadus-Therian, M, tera:Normal|100/100
|move|p2a: Slowking|Sludge Bomb|p1a: Tornadus
|-damage|p1a: Tornadus|72/100
|-status|p1a: Tornadus|psn
|
|-damage|p1a: Tornadus|59/100 psn|[from] psn
|upkeep
|turn|12
|inactive|CaptainQuack27 has 120 seconds left.
|inactive|santhanam has 90 seconds left.
|
|t:|1779688079
|move|p1a: Tornadus|U-turn|p2a: Slowking
|-damage|p2a: Slowking|86/100
|-enditem|p2a: Slowking|Air Balloon
|
|t:|1779688088
|switch|p1a: Kyurem|Kyurem|100/100|[from] U-turn
|-ability|p1a: Kyurem|Pressure
|move|p2a: Slowking|Flamethrower|p1a: Kyurem
|-damage|p1a: Kyurem|69/100
|
|upkeep
|turn|13
|inactive|CaptainQuack27 has 120 seconds left.
|
|t:|1779688105
|-terastallize|p2a: Slowking|Water
|move|p1a: Kyurem|Earth Power|p2a: Slowking
|-damage|p2a: Slowking|50/100
|move|p2a: Slowking|Sludge Bomb|p1a: Kyurem
|-damage|p1a: Kyurem|25/100
|
|upkeep
|turn|14
|inactive|CaptainQuack27 has 120 seconds left.
|
|t:|1779688133
|switch|p1a: Great Tusk|Great Tusk|100/100
|move|p2a: Slowking|Slack Off|p2a: Slowking
|-heal|p2a: Slowking|99/100
|
|upkeep
|turn|15
|
|t:|1779688147
|move|p1a: Great Tusk|Stealth Rock|p2a: Slowking
|-sidestart|p2: santhanam|move: Stealth Rock
|move|p2a: Slowking|Future Sight|p1a: Great Tusk
|-start|p2a: Slowking|move: Future Sight
|
|upkeep
|turn|16
|inactive|santhanam has 90 seconds left.
|inactive|CaptainQuack27 has 90 seconds left.
|
|t:|1779688179
|-end|p1a: Great Tusk|Protosynthesis|[silent]
|switch|p1a: Slowking|Slowking-Galar, F|45/100
|move|p2a: Slowking|Flamethrower|p1a: Slowking
|-damage|p1a: Slowking|22/100
|
|-heal|p1a: Slowking|28/100|[from] item: Black Sludge
|upkeep
|turn|17
|inactive|CaptainQuack27 has 90 seconds left.
|
|t:|1779688189
|switch|p1a: Tornadus|Tornadus-Therian, M, tera:Normal|93/100 psn
|move|p2a: Slowking|Flamethrower|p1a: Tornadus
|-damage|p1a: Tornadus|73/100 psn
|
|-end|p1a: Tornadus|move: Future Sight
|-damage|p1a: Tornadus|29/100 psn
|-damage|p1a: Tornadus|17/100 psn|[from] psn
|upkeep
|turn|18
|inactive|CaptainQuack27 has 90 seconds left.
|
|t:|1779688201
|switch|p1a: Slowking|Slowking-Galar, F|62/100
|move|p2a: Slowking|Sludge Bomb|p1a: Slowking
|-resisted|p1a: Slowking
|-crit|p1a: Slowking
|-damage|p1a: Slowking|36/100
|
|-heal|p1a: Slowking|42/100|[from] item: Black Sludge
|upkeep
|turn|19
|inactive|CaptainQuack27 has 90 seconds left.
|
|t:|1779688213
|move|p2a: Slowking|Sludge Bomb|p1a: Slowking
|-resisted|p1a: Slowking
|-damage|p1a: Slowking|24/100
|-prepare|p1a: Slowking|Chilly Reception|[premajor]
|move|p1a: Slowking|Chilly Reception|p1a: Slowking
|-weather|Snowscape
|inactive|CaptainQuack27 has 90 seconds left.
|
|t:|1779688221
|switch|p1a: Kyurem|Kyurem|25/100|[from] Chilly Reception
|-ability|p1a: Kyurem|Pressure
|
|-weather|Snowscape|[upkeep]
|upkeep
|turn|20
|
|t:|1779688229
|move|p1a: Kyurem|Freeze-Dry|p2a: Slowking
|-supereffective|p2a: Slowking
|-damage|p2a: Slowking|20/100
|move|p2a: Slowking|Sludge Bomb|p1a: Kyurem
|-damage|p1a: Kyurem|0 fnt
|faint|p1a: Kyurem
|
|-weather|Snowscape|[upkeep]
|upkeep
|
|t:|1779688239
|switch|p1a: Kingambit|Kingambit, M|100/100
|-activate|p1a: Kingambit|ability: Supreme Overlord
|-start|p1a: Kingambit|fallen1|[silent]
|turn|21
|inactive|santhanam has 90 seconds left.
|
|t:|1779688253
|switch|p2a: Great Tusk|Great Tusk|84/100
|-damage|p2a: Great Tusk|81/100|[from] Stealth Rock
|move|p1a: Kingambit|Sucker Punch||[still]
|-fail|p1a: Kingambit
|
|-weather|Snowscape|[upkeep]
|upkeep
|turn|22
|inactive|santhanam has 90 seconds left.
|inactive|CaptainQuack27 has 90 seconds left.
|
|t:|1779688277
|-end|p1a: Kingambit|fallen1|[silent]
|switch|p1a: Tornadus|Tornadus-Therian, M, tera:Normal|50/100 psn
|move|p2a: Great Tusk|Knock Off|p1a: Tornadus
|-damage|p1a: Tornadus|17/100 psn
|-enditem|p1a: Tornadus|Assault Vest|[from] move: Knock Off|[of] p2a: Great Tusk
|
|-weather|Snowscape|[upkeep]
|-damage|p1a: Tornadus|4/100 psn|[from] psn
|upkeep
|turn|23
|inactive|CaptainQuack27 has 90 seconds left.
|
|t:|1779688290
|move|p1a: Tornadus|U-turn|p2a: Great Tusk
|-resisted|p2a: Great Tusk
|-crit|p2a: Great Tusk
|-damage|p2a: Great Tusk|75/100
|
|t:|1779688294
|switch|p1a: Great Tusk|Great Tusk|100/100|[from] U-turn
|move|p2a: Great Tusk|Knock Off|p1a: Great Tusk
|-resisted|p1a: Great Tusk
|-damage|p1a: Great Tusk|90/100
|-damage|p2a: Great Tusk|59/100|[from] item: Rocky Helmet|[of] p1a: Great Tusk
|-enditem|p1a: Great Tusk|Rocky Helmet|[from] move: Knock Off|[of] p2a: Great Tusk
|
|-weather|none
|upkeep
|turn|24
|
|t:|1779688306
|move|p1a: Great Tusk|Ice Spinner|p2a: Great Tusk
|-supereffective|p2a: Great Tusk
|-damage|p2a: Great Tusk|30/100
|move|p2a: Great Tusk|Headlong Rush|p1a: Great Tusk
|-damage|p1a: Great Tusk|52/100
|-unboost|p2a: Great Tusk|def|1
|-unboost|p2a: Great Tusk|spd|1
|
|upkeep
|turn|25
|
|t:|1779688322
|-end|p2a: Great Tusk|Protosynthesis|[silent]
|switch|p2a: Slowking|Slowking-Galar, M, tera:Water|53/100
|-damage|p2a: Slowking|40/100|[from] Stealth Rock
|move|p1a: Great Tusk|Headlong Rush|p2a: Slowking
|-damage|p2a: Slowking|0 fnt
|-unboost|p1a: Great Tusk|def|1
|-unboost|p1a: Great Tusk|spd|1
|faint|p2a: Slowking
|
|upkeep
|
|t:|1779688338
|switch|p2a: Gholdengo|Gholdengo|23/100
|-damage|p2a: Gholdengo|17/100|[from] Stealth Rock
|turn|26
|
|t:|1779688348
|move|p1a: Great Tusk|Headlong Rush|p2a: Gholdengo
|-supereffective|p2a: Gholdengo
|-crit|p2a: Gholdengo
|-damage|p2a: Gholdengo|0 fnt
|-unboost|p1a: Great Tusk|def|1
|-unboost|p1a: Great Tusk|spd|1
|faint|p2a: Gholdengo
|
|upkeep
|
|t:|1779688354
|switch|p2a: Great Tusk|Great Tusk|30/100
|-damage|p2a: Great Tusk|27/100|[from] Stealth Rock
|turn|27
|
|t:|1779688365
|move|p1a: Great Tusk|Headlong Rush|p2a: Great Tusk
|-damage|p2a: Great Tusk|0 fnt
|-unboost|p1a: Great Tusk|def|1
|-unboost|p1a: Great Tusk|spd|1
|faint|p2a: Great Tusk
|-end|p2a: Great Tusk|Protosynthesis|[silent]
|
|upkeep
|
|t:|1779688371
|switch|p2a: Kingambit|Kingambit, M|100/100
|-damage|p2a: Kingambit|94/100|[from] Stealth Rock
|-activate|p2a: Kingambit|ability: Supreme Overlord
|-start|p2a: Kingambit|fallen5|[silent]
|-item|p2a: Kingambit|Air Balloon
|turn|28
|inactive|CaptainQuack27 has 120 seconds left.
|
|t:|1779688386
|-end|p1a: Great Tusk|Protosynthesis|[silent]
|switch|p1a: Slowking|Slowking-Galar, F|57/100
|move|p2a: Kingambit|Swords Dance|p2a: Kingambit
|-boost|p2a: Kingambit|atk|2
|
|-heal|p1a: Slowking|63/100|[from] item: Black Sludge
|upkeep
|turn|29
|inactive|CaptainQuack27 has 120 seconds left.
|
|t:|1779688403
|switch|p1a: Tornadus|Tornadus-Therian, M, tera:Normal|38/100 psn
|move|p2a: Kingambit|Kowtow Cleave|p1a: Tornadus
|-damage|p1a: Tornadus|0 fnt
|faint|p1a: Tornadus
|
|upkeep
|inactive|CaptainQuack27 has 90 seconds left.
|
|t:|1779688429
|switch|p1a: Hatterene|Hatterene, F|47/100
|turn|30
|
|t:|1779688433
|move|p2a: Kingambit|Kowtow Cleave|p1a: Hatterene
|-damage|p1a: Hatterene|0 fnt
|-damage|p2a: Kingambit|78/100|[from] item: Rocky Helmet|[of] p1a: Hatterene
|faint|p1a: Hatterene
|
|upkeep
|
|t:|1779688447
|switch|p1a: Kingambit|Kingambit, M|100/100
|-activate|p1a: Kingambit|ability: Supreme Overlord
|-start|p1a: Kingambit|fallen3|[silent]
|turn|31
|inactive|santhanam has 90 seconds left.
|
|t:|1779688472
|-end|p1a: Kingambit|fallen3|[silent]
|switch|p1a: Slowking|Slowking-Galar, F|96/100
|move|p2a: Kingambit|Kowtow Cleave|p1a: Slowking
|-supereffective|p1a: Slowking
|-damage|p1a: Slowking|0 fnt
|faint|p1a: Slowking
|
|upkeep
|
|t:|1779688481
|switch|p1a: Kingambit|Kingambit, M|100/100
|-activate|p1a: Kingambit|ability: Supreme Overlord
|-start|p1a: Kingambit|fallen4|[silent]
|turn|32
|
|t:|1779688489
|move|p1a: Kingambit|Sucker Punch|p2a: Kingambit
|-resisted|p2a: Kingambit
|-damage|p2a: Kingambit|57/100
|-enditem|p2a: Kingambit|Air Balloon
|move|p2a: Kingambit|Kowtow Cleave|p1a: Kingambit
|-resisted|p1a: Kingambit
|-damage|p1a: Kingambit|44/100
|
|-heal|p1a: Kingambit|50/100|[from] item: Leftovers
|upkeep
|turn|33
|
|t:|1779688506
|move|p1a: Kingambit|Swords Dance|p1a: Kingambit
|-boost|p1a: Kingambit|atk|2
|move|p2a: Kingambit|Kowtow Cleave|p1a: Kingambit
|-resisted|p1a: Kingambit
|-damage|p1a: Kingambit|1/100
|
|-heal|p1a: Kingambit|7/100|[from] item: Leftovers
|upkeep
|turn|34
|
|t:|1779688516
|move|p1a: Kingambit|Sucker Punch|p2a: Kingambit
|-resisted|p2a: Kingambit
|-damage|p2a: Kingambit|17/100
|move|p2a: Kingambit|Kowtow Cleave|p1a: Kingambit
|-resisted|p1a: Kingambit
|-damage|p1a: Kingambit|0 fnt
|faint|p1a: Kingambit
|-end|p1a: Kingambit|fallen4|[silent]
|
|upkeep
|
|t:|1779688525
|switch|p1a: Great Tusk|Great Tusk|52/100
|turn|35
|inactive|santhanam has 120 seconds left.
|
|t:|1779688530
|move|p1a: Great Tusk|Headlong Rush|p2a: Kingambit
|-supereffective|p2a: Kingambit
|-damage|p2a: Kingambit|0 fnt
|-unboost|p1a: Great Tusk|def|1
|-unboost|p1a: Great Tusk|spd|1
|faint|p2a: Kingambit
|-end|p2a: Kingambit|fallen5|[silent]
|
|win|CaptainQuack27
|raw|CaptainQuack27's rating: 1228 &rarr; <strong>1251</strong><br />(+23 for winning)
|raw|santhanam's rating: 1196 &rarr; <strong>1173</strong><br />(-23 for losing)
|c|☆CaptainQuack27|GG
|c|☆CaptainQuack27|I might be goated
|c|☆CaptainQuack27|But you played well too
