|j|☆p13l20
|j|☆Tekyy03
|t:|1779614482
|gametype|singles
|player|p1|p13l20|depotagent|1331
|player|p2|Tekyy03|silver|1343
|gen|9
|tier|[Gen 9] OU
|rated|
|rule|HP Percentage Mod: HP is shown in percentages
|rule|Endless Battle Clause: Forcing endless battles is banned
|rule|Species Clause: Limit one of each Pokémon
|rule|OHKO Clause: OHKO moves are banned
|rule|Evasion Items Clause: Evasion items are banned
|rule|Evasion Moves Clause: Evasion moves are banned
|rule|Evasion Abilities Clause: Evasion abilities are banned
|rule|Sleep Moves Clause: Sleep-inducing moves are banned
|clearpoke
|poke|p1|Iron Moth|
|poke|p1|Lokix, M|
|poke|p1|Serperior, F|
|poke|p1|Inteleon, M|
|poke|p1|Sableye, M|
|poke|p1|Glimmora, M|
|poke|p2|Dragonite, F|
|poke|p2|Hatterene, F|
|poke|p2|Weavile, M|
|poke|p2|Ogerpon-Wellspring, F|
|poke|p2|Kingambit, M|
|poke|p2|Great Tusk|
|teampreview
|inactive|Battle timer is ON: inactive players will automatically lose when time's up. (requested by p13l20)
|
|t:|1779614505
|teamsize|p1|6
|teamsize|p2|6
|start
|switch|p1a: Bug ISN'T weak|Lokix, M|100/100
|switch|p2a: Hello .RAW-Z|Weavile, M|100/100
|turn|1
|
|t:|1779614513
|move|p1a: Bug ISN'T weak|First Impression|p2a: Hello .RAW-Z
|-supereffective|p2a: Hello .RAW-Z
|-enditem|p2a: Hello .RAW-Z|Focus Sash
|-damage|p2a: Hello .RAW-Z|1/100
|-enditem|p1a: Bug ISN'T weak|Life Orb|[silent]|[from] ability: Pickpocket|[of] p1a: Bug ISN'T weak
|-item|p2a: Hello .RAW-Z|Life Orb|[from] ability: Pickpocket|[of] p1a: Bug ISN'T weak
|move|p2a: Hello .RAW-Z|Triple Axel|p1a: Bug ISN'T weak
|-damage|p1a: Bug ISN'T weak|80/100
|-damage|p1a: Bug ISN'T weak|41/100
|-damage|p1a: Bug ISN'T weak|0 fnt
|faint|p1a: Bug ISN'T weak
|-hitcount|p1: Bug ISN'T weak|3
|-damage|p2a: Hello .RAW-Z|0 fnt|[from] item: Life Orb
|faint|p2a: Hello .RAW-Z
|
|upkeep
|
|t:|1779614539
|switch|p2a: Z-machine|Great Tusk|100/100
|switch|p1a: Monarchist|Serperior, F|100/100
|turn|2
|
|t:|1779614544
|-end|p2a: Z-machine|Protosynthesis|[silent]
|switch|p2a: Swish|Dragonite, F|100/100
|move|p1a: Monarchist|Leaf Storm|p2a: Swish
|-resisted|p2a: Swish
|-damage|p2a: Swish|94/100
|-boost|p1a: Monarchist|spa|2
|
|-heal|p2a: Swish|99/100|[from] item: Leftovers
|upkeep
|turn|3
|
|t:|1779614554
|move|p1a: Monarchist|Leech Seed|p2a: Swish
|-start|p2a: Swish|move: Leech Seed
|move|p2a: Swish|Ice Spinner|p1a: Monarchist
|-supereffective|p1a: Monarchist
|-damage|p1a: Monarchist|30/100
|
|-heal|p1a: Monarchist|37/100|[from] item: Leftovers
|-heal|p2a: Swish|100/100|[from] item: Leftovers
|-damage|p2a: Swish|88/100|[from] Leech Seed|[of] p1a: Monarchist
|-heal|p1a: Monarchist|50/100|[silent]
|upkeep
|turn|4
|
|t:|1779614568
|switch|p1a: War crime|Glimmora, M|100/100
|switch|p2a: Vent de l'est|Hatterene, F, shiny|100/100
|
|upkeep
|turn|5
|
|t:|1779614582
|move|p1a: War crime|Stealth Rock|p2a: Vent de l'est
|move|p2a: Vent de l'est|Stealth Rock|p1a: War crime|[from] ability: Magic Bounce
|-sidestart|p1: p13l20|move: Stealth Rock
|move|p2a: Vent de l'est|Psychic Noise|p1a: War crime
|-supereffective|p1a: War crime
|-damage|p1a: War crime|24/100
|-start|p1a: War crime|move: Heal Block
|
|upkeep
|turn|6
|
|t:|1779614590
|move|p1a: War crime|Sludge Wave|p2a: Vent de l'est
|-supereffective|p2a: Vent de l'est
|-damage|p2a: Vent de l'est|10/100
|move|p2a: Vent de l'est|Psychic Noise|p1a: War crime
|-supereffective|p1a: War crime
|-damage|p1a: War crime|0 fnt
|faint|p1a: War crime
|
|upkeep
|
|t:|1779614603
|switch|p1a: Monarchist|Serperior, F|50/100
|-damage|p1a: Monarchist|38/100|[from] Stealth Rock
|turn|7
|
|t:|1779614612
|move|p1a: Monarchist|Leaf Storm|p2a: Vent de l'est
|-damage|p2a: Vent de l'est|0 fnt
|-boost|p1a: Monarchist|spa|2
|faint|p2a: Vent de l'est
|
|-heal|p1a: Monarchist|44/100|[from] item: Leftovers
|upkeep
|
|t:|1779614615
|switch|p2a: Swish|Dragonite, F|88/100
|turn|8
|
|t:|1779614629
|move|p1a: Monarchist|Dragon Pulse|p2a: Swish
|-supereffective|p2a: Swish
|-crit|p2a: Swish
|-damage|p2a: Swish|0 fnt
|faint|p2a: Swish
|
|-heal|p1a: Monarchist|50/100|[from] item: Leftovers
|upkeep
|
|t:|1779614633
|switch|p2a: Z-machine|Great Tusk|100/100
|turn|9
|
|t:|1779614638
|-terastallize|p2a: Z-machine|Fire
|move|p1a: Monarchist|Giga Drain|p2a: Z-machine
|-resisted|p2a: Z-machine
|-damage|p2a: Z-machine|81/100
|-heal|p1a: Monarchist|63/100|[from] drain|[of] p2a: Z-machine
|move|p2a: Z-machine|Ice Spinner|p1a: Monarchist
|-supereffective|p1a: Monarchist
|-damage|p1a: Monarchist|0 fnt
|faint|p1a: Monarchist
|
|upkeep
|
|t:|1779614648
|switch|p1a: James bondage|Inteleon, M|100/100
|-damage|p1a: James bondage|88/100|[from] Stealth Rock
|turn|10
|
|t:|1779614659
|-end|p2a: Z-machine|Protosynthesis|[silent]
|switch|p2a: Maladresse|Ogerpon-Wellspring, F|100/100
|move|p1a: James bondage|Ice Beam|p2a: Maladresse
|-damage|p2a: Maladresse|67/100
|-status|p2a: Maladresse|frz
|
|upkeep
|turn|11
|
|t:|1779614668
|move|p1a: James bondage|Air Slash|p2a: Maladresse
|-supereffective|p2a: Maladresse
|-damage|p2a: Maladresse|5/100 frz
|cant|p2a: Maladresse|frz
|
|upkeep
|turn|12
|
|t:|1779614673
|move|p1a: James bondage|Air Slash|p2a: Maladresse
|-supereffective|p2a: Maladresse
|-damage|p2a: Maladresse|0 fnt
|faint|p2a: Maladresse
|
|upkeep
|
|t:|1779614675
|switch|p2a: PrinceDeSangMêlé|Kingambit, M, shiny|100/100
|-activate|p2a: PrinceDeSangMêlé|ability: Supreme Overlord
|-start|p2a: PrinceDeSangMêlé|fallen4|[silent]
|turn|13
|c|☆p13l20|Ok je me demandais mais là t'es clairement francais
|inactive|p13l20 has 120 seconds left.
|
|t:|1779614707
|switch|p1a: Volca... nevermind|Iron Moth|100/100
|-damage|p1a: Volca... nevermind|76/100|[from] Stealth Rock
|-enditem|p1a: Volca... nevermind|Booster Energy
|-activate|p1a: Volca... nevermind|ability: Quark Drive|[fromitem]
|-start|p1a: Volca... nevermind|quarkdrivespa
|move|p2a: PrinceDeSangMêlé|Sucker Punch||[still]
|-fail|p2a: PrinceDeSangMêlé
|
|upkeep
|turn|14
|inactive|p13l20 has 120 seconds left.
|
|t:|1779614719
|move|p2a: PrinceDeSangMêlé|Sucker Punch|p1a: Volca... nevermind
|-damage|p1a: Volca... nevermind|0 fnt
|faint|p1a: Volca... nevermind
|-end|p1a: Volca... nevermind|Quark Drive|[silent]
|
|upkeep
|inactive|p13l20 has 120 seconds left.
|
|t:|1779614724
|switch|p1a: James bondage|Inteleon, M|88/100
|-damage|p1a: James bondage|76/100|[from] Stealth Rock
|turn|15
|
|t:|1779614728
|move|p2a: PrinceDeSangMêlé|Sucker Punch|p1a: James bondage
|-damage|p1a: James bondage|0 fnt
|faint|p1a: James bondage
|
|upkeep
|
|t:|1779614733
|switch|p1a: Emotional support|Sableye, M|100/100
|-damage|p1a: Emotional support|88/100|[from] Stealth Rock
|turn|16
|
|t:|1779614739
|move|p1a: Emotional support|Will-O-Wisp|p2a: PrinceDeSangMêlé
|-hint|Since gen 7, Dark is immune to Prankster moves.
|-immune|p2a: PrinceDeSangMêlé
|move|p2a: PrinceDeSangMêlé|Iron Head|p1a: Emotional support
|-damage|p1a: Emotional support|3/100
|
|upkeep
|turn|17
|
|t:|1779614745
|move|p1a: Emotional support|Will-O-Wisp|p2a: PrinceDeSangMêlé
|-hint|Since gen 7, Dark is immune to Prankster moves.
|-immune|p2a: PrinceDeSangMêlé
|move|p2a: PrinceDeSangMêlé|Iron Head|p1a: Emotional support
|-damage|p1a: Emotional support|0 fnt
|faint|p1a: Emotional support
|
|win|Tekyy03
|raw|p13l20's rating: 1331 &rarr; <strong>1312</strong><br />(-19 for losing)
|raw|Tekyy03's rating: 1343 &rarr; <strong>1362</strong><br />(+19 for winning)
|c|☆p13l20|gg
|l|☆Tekyy03
|player|p2|
