|j|☆BlabberSaur
|j|☆floramingo65
|t:|1779655112
|gametype|singles
|player|p1|BlabberSaur|wallace|
|player|p2|floramingo65|cynthia|
|gen|9
|tier|[Gen 9] OU
|rule|HP Percentage Mod: HP is shown in percentages
|rule|Endless Battle Clause: Forcing endless battles is banned
|rule|Species Clause: Limit one of each Pokémon
|rule|OHKO Clause: OHKO moves are banned
|rule|Evasion Items Clause: Evasion items are banned
|rule|Evasion Moves Clause: Evasion moves are banned
|rule|Evasion Abilities Clause: Evasion abilities are banned
|rule|Sleep Moves Clause: Sleep-inducing moves are banned
|clearpoke
|poke|p1|Pikachu, M|
|poke|p1|Hawlucha, M|
|poke|p1|Goodra, F|
|poke|p1|Talonflame, F|
|poke|p1|Noivern, F|
|poke|p1|Greninja-*, M|
|poke|p2|Dartrix, F|
|poke|p2|Fidough, M|
|poke|p2|Vulpix-Alola, F|
|poke|p2|Sandile, M|
|poke|p2|Blaziken, F|
|poke|p2|Appletun, F|
|teampreview
|inactive|Battle timer is ON: inactive players will automatically lose when time's up. (requested by BlabberSaur)
|
|t:|1779655125
|teamsize|p1|6
|teamsize|p2|6
|start
|switch|p1a: Goodra|Goodra, F|100/100
|switch|p2a: Dartrix|Dartrix, F|100/100
|turn|1
|inactive|floramingo65 has 270 seconds left.
|
|t:|1779655172
|switch|p2a: Vulpix|Vulpix-Alola, F|100/100
|-weather|Snowscape|[from] ability: Snow Warning|[of] p2a: Vulpix
|move|p1a: Goodra|Dragon Claw|p2a: Vulpix
|-damage|p2a: Vulpix|28/100
|
|-weather|Snowscape|[upkeep]
|-heal|p2a: Vulpix|34/100|[from] item: Leftovers
|upkeep
|turn|2
|
|t:|1779655183
|move|p2a: Vulpix|Ice Shard|p1a: Goodra
|-supereffective|p1a: Goodra
|-damage|p1a: Goodra|87/100
|move|p1a: Goodra|Dragon Claw|p2a: Vulpix
|-damage|p2a: Vulpix|0 fnt
|faint|p2a: Vulpix
|
|-weather|Snowscape|[upkeep]
|-heal|p1a: Goodra|94/100|[from] item: Leftovers
|upkeep
|inactive|floramingo65 has 240 seconds left.
|
|t:|1779655232
|switch|p2a: Appletun|Appletun, F|100/100
|turn|3
|
|t:|1779655246
|move|p1a: Goodra|Dragon Claw|p2a: Appletun
|-supereffective|p2a: Appletun
|-damage|p2a: Appletun|26/100
|move|p2a: Appletun|Body Slam|p1a: Goodra
|-damage|p1a: Goodra|76/100
|-status|p1a: Goodra|par
|
|-weather|Snowscape|[upkeep]
|-heal|p1a: Goodra|82/100 par|[from] item: Leftovers
|-activate|p2a: Appletun|ability: Ripen
|-heal|p2a: Appletun|32/100|[from] item: Leftovers
|upkeep
|turn|4
|
|t:|1779655270
|switch|p2a: Fidough|Fidough, M|100/100
|cant|p1a: Goodra|par
|
|-weather|Snowscape|[upkeep]
|-heal|p1a: Goodra|89/100 par|[from] item: Leftovers
|upkeep
|turn|5
|inactive|floramingo65 has 210 seconds left.
|
|t:|1779655294
|switch|p1a: Talonflame|Talonflame, F|100/100
|move|p2a: Fidough|Dazzling Gleam|p1a: Talonflame
|-resisted|p1a: Talonflame
|-damage|p1a: Talonflame|92/100
|
|-weather|none
|upkeep
|turn|6
|j| Laban1024
|inactive|floramingo65 has 210 seconds left.
|
|t:|1779655310
|move|p1a: Talonflame|Flare Blitz|p2a: Fidough
|-damage|p2a: Fidough|35/100
|-damage|p1a: Talonflame|77/100|[from] Recoil
|move|p2a: Fidough|Thunder Fang|p1a: Talonflame
|-supereffective|p1a: Talonflame
|-damage|p1a: Talonflame|50/100
|
|upkeep
|turn|7
|inactive|floramingo65 has 210 seconds left.
|
|t:|1779655332
|move|p1a: Talonflame|Flare Blitz|p2a: Fidough
|-damage|p2a: Fidough|0 fnt
|faint|p2a: Fidough
|-damage|p1a: Talonflame|42/100|[from] Recoil
|
|upkeep
|inactive|floramingo65 has 180 seconds left.
|
|t:|1779655361
|switch|p2a: Blaziken|Blaziken, F|100/100
|turn|8
|inactive|floramingo65 has 180 seconds left.
|
|t:|1779655377
|move|p1a: Talonflame|Brave Bird|p2a: Blaziken
|-supereffective|p2a: Blaziken
|-damage|p2a: Blaziken|0 fnt
|faint|p2a: Blaziken
|-damage|p1a: Talonflame|9/100|[from] Recoil
|
|upkeep
|inactive|floramingo65 has 180 seconds left.
|
|t:|1779655391
|switch|p2a: Sandile|Sandile, M|100/100
|-ability|p2a: Sandile|Intimidate|boost
|-unboost|p1a: Talonflame|atk|1
|turn|9
|inactive|floramingo65 has 180 seconds left.
|
|t:|1779655401
|move|p1a: Talonflame|Will-O-Wisp|p2a: Sandile
|-status|p2a: Sandile|brn
|move|p2a: Sandile|Sludge Bomb|p1a: Talonflame
|-damage|p1a: Talonflame|0 fnt
|faint|p1a: Talonflame
|
|-damage|p2a: Sandile|94/100 brn|[from] brn
|upkeep
|
|t:|1779655404
|switch|p1a: Greninja|Greninja, M|100/100
|turn|10
|
|t:|1779655413
|switch|p2a: Dartrix|Dartrix, F|100/100
|move|p1a: Greninja|Surf|p2a: Dartrix
|-resisted|p2a: Dartrix
|-damage|p2a: Dartrix|58/100
|-damage|p1a: Greninja|91/100|[from] item: Life Orb
|
|upkeep
|turn|11
|
|t:|1779655422
|move|p1a: Greninja|Ice Beam|p2a: Dartrix
|-supereffective|p2a: Dartrix
|-damage|p2a: Dartrix|0 fnt
|faint|p2a: Dartrix
|-ability|p1a: Greninja|Battle Bond|boost
|-boost|p1a: Greninja|atk|1
|-boost|p1a: Greninja|spa|1
|-boost|p1a: Greninja|spe|1
|-activate|p1a: Greninja|ability: Battle Bond
|-damage|p1a: Greninja|81/100|[from] item: Life Orb
|
|upkeep
|
|t:|1779655433
|switch|p2a: Appletun|Appletun, F|32/100
|turn|12
|
|t:|1779655443
|move|p1a: Greninja|Ice Beam|p2a: Appletun
|-supereffective|p2a: Appletun
|-damage|p2a: Appletun|0 fnt
|faint|p2a: Appletun
|-damage|p1a: Greninja|71/100|[from] item: Life Orb
|
|upkeep
|
|t:|1779655449
|switch|p2a: Sandile|Sandile, M|94/100 brn
|-ability|p2a: Sandile|Intimidate|boost
|-unboost|p1a: Greninja|atk|1
|turn|13
|
|t:|1779655457
|move|p1a: Greninja|Water Shuriken|p2a: Sandile
|-supereffective|p2a: Sandile
|-damage|p2a: Sandile|7/100 brn
|-supereffective|p2a: Sandile
|-damage|p2a: Sandile|0 fnt
|faint|p2a: Sandile
|-hitcount|p2: Sandile|2
|-damage|p1a: Greninja|61/100|[from] item: Life Orb
|
|win|BlabberSaur
