|j|☆R0cK Bottom
|j|☆sword over shield
|t:|1779687669
|gametype|singles
|player|p1|R0cK Bottom|cliff|1412
|player|p2|sword over shield|170|1461
|gen|9
|tier|[Gen 9] OU
|rated|
|rule|HP Percentage Mod: HP is shown in percentages
|rule|Endless Battle Clause: Forcing endless battles is banned
|rule|Species Clause: Limit one of each Pokémon
|rule|OHKO Clause: OHKO moves are banned
|rule|Evasion Items Clause: Evasion items are banned
|rule|Evasion Moves Clause: Evasion moves are banned
|rule|Evasion Abilities Clause: Evasion abilities are banned
|rule|Sleep Moves Clause: Sleep-inducing moves are banned
|clearpoke
|poke|p1|Iron Valiant|
|poke|p1|Floatzel, M|
|poke|p1|Kingambit, M|
|poke|p1|Iron Treads|
|poke|p1|Pelipper, M|
|poke|p1|Raging Bolt|
|poke|p2|Araquanid, F|
|poke|p2|Ceruledge, F|
|poke|p2|Garchomp, M|
|poke|p2|Ogerpon-Wellspring, F|
|poke|p2|Gholdengo|
|poke|p2|Enamorus, F|
|teampreview
|
|t:|1779687689
|teamsize|p1|6
|teamsize|p2|6
|start
|switch|p1a: Pelipper|Pelipper, M, shiny|100/100
|switch|p2a: Gholdengo|Gholdengo|100/100
|-weather|RainDance|[from] ability: Drizzle|[of] p1a: Pelipper
|turn|1
|inactive|Battle timer is ON: inactive players will automatically lose when time's up. (requested by R0cK Bottom)
|
|t:|1779687698
|switch|p1a: Raging Bolt|Raging Bolt|100/100
|move|p2a: Gholdengo|Trick|p1a: Raging Bolt
|-activate|p2a: Gholdengo|move: Trick|[of] p1a: Raging Bolt
|-item|p1a: Raging Bolt|Choice Scarf|[from] move: Trick
|-item|p2a: Gholdengo|Assault Vest|[from] move: Trick
|
|-weather|RainDance|[upkeep]
|upkeep
|turn|2
|
|t:|1779687707
|move|p2a: Gholdengo|Dazzling Gleam|p1a: Raging Bolt
|-supereffective|p1a: Raging Bolt
|-damage|p1a: Raging Bolt|50/100
|move|p1a: Raging Bolt|Weather Ball|p2a: Gholdengo
|-damage|p2a: Gholdengo|50/100
|
|-weather|RainDance|[upkeep]
|upkeep
|turn|3
|
|t:|1779687719
|-end|p1a: Raging Bolt|Protosynthesis|[silent]
|switch|p1a: Iron Treads|Iron Treads, shiny|100/100
|-enditem|p1a: Iron Treads|Booster Energy
|-activate|p1a: Iron Treads|ability: Quark Drive|[fromitem]
|-start|p1a: Iron Treads|quarkdrivespe
|move|p2a: Gholdengo|Dazzling Gleam|p1a: Iron Treads
|-resisted|p1a: Iron Treads
|-damage|p1a: Iron Treads|80/100
|
|-weather|RainDance|[upkeep]
|upkeep
|turn|4
|
|t:|1779687729
|switch|p2a: Araquanid|Araquanid, F|100/100
|move|p1a: Iron Treads|Stealth Rock|p2a: Araquanid
|-sidestart|p2: sword over shield|move: Stealth Rock
|
|-weather|RainDance|[upkeep]
|upkeep
|turn|5
|
|t:|1779687741
|-end|p1a: Iron Treads|Quark Drive|[silent]
|switch|p1a: Raging Bolt|Raging Bolt|50/100
|move|p2a: Araquanid|Sticky Web|p1a: Raging Bolt
|-sidestart|p1: R0cK Bottom|move: Sticky Web
|
|-weather|RainDance|[upkeep]
|upkeep
|turn|6
|
|t:|1779687749
|move|p1a: Raging Bolt|Thunder|p2a: Araquanid
|-supereffective|p2a: Araquanid
|-damage|p2a: Araquanid|3/100
|move|p2a: Araquanid|Liquidation|p1a: Raging Bolt
|-resisted|p1a: Raging Bolt
|-damage|p1a: Raging Bolt|12/100
|
|-weather|RainDance|[upkeep]
|upkeep
|turn|7
|
|t:|1779687765
|move|p1a: Raging Bolt|Thunder|p2a: Araquanid
|-supereffective|p2a: Araquanid
|-damage|p2a: Araquanid|0 fnt
|faint|p2a: Araquanid
|
|-weather|RainDance|[upkeep]
|upkeep
|
|t:|1779687767
|switch|p2a: Garchomp|Garchomp, M|100/100
|-damage|p2a: Garchomp|94/100|[from] Stealth Rock
|turn|8
|
|t:|1779687782
|-end|p1a: Raging Bolt|Protosynthesis|[silent]
|switch|p1a: Kingambit|Kingambit, M, shiny|100/100
|-item|p1a: Kingambit|Air Balloon
|move|p2a: Garchomp|Earthquake|p1a: Kingambit
|-immune|p1a: Kingambit
|
|-weather|none
|upkeep
|turn|9
|
|t:|1779687793
|-end|p1a: Kingambit|fallenundefined|[silent]
|switch|p1a: Pelipper|Pelipper, M, shiny|100/100
|-weather|RainDance|[from] ability: Drizzle|[of] p1a: Pelipper
|move|p2a: Garchomp|Fire Fang|p1a: Pelipper
|-resisted|p1a: Pelipper
|-damage|p1a: Pelipper|96/100
|
|-weather|RainDance|[upkeep]
|upkeep
|turn|10
|
|t:|1779687803
|move|p2a: Garchomp|Swords Dance|p2a: Garchomp
|-boost|p2a: Garchomp|atk|2
|move|p1a: Pelipper|Hurricane|p2a: Garchomp
|-damage|p2a: Garchomp|50/100
|
|-weather|RainDance|[upkeep]
|upkeep
|turn|11
|
|t:|1779687816
|switch|p1a: Iron Valiant|Iron Valiant, shiny|100/100
|-activate|p1a: Iron Valiant|move: Sticky Web
|-unboost|p1a: Iron Valiant|spe|1
|-enditem|p1a: Iron Valiant|Booster Energy
|-activate|p1a: Iron Valiant|ability: Quark Drive|[fromitem]
|-start|p1a: Iron Valiant|quarkdrivespa
|move|p2a: Garchomp|Scale Shot|p1a: Iron Valiant
|-immune|p1a: Iron Valiant
|
|-weather|RainDance|[upkeep]
|upkeep
|turn|12
|
|t:|1779687830
|-end|p1a: Iron Valiant|Quark Drive|[silent]
|switch|p1a: Raging Bolt|Raging Bolt|12/100
|-activate|p1a: Raging Bolt|move: Sticky Web
|-unboost|p1a: Raging Bolt|spe|1
|move|p2a: Garchomp|Earthquake|p1a: Raging Bolt
|-supereffective|p1a: Raging Bolt
|-damage|p1a: Raging Bolt|0 fnt
|faint|p1a: Raging Bolt
|-end|p1a: Raging Bolt|Protosynthesis|[silent]
|
|-weather|RainDance|[upkeep]
|upkeep
|
|t:|1779687842
|switch|p1a: F-U|Floatzel, M, shiny|100/100
|-activate|p1a: F-U|move: Sticky Web
|-unboost|p1a: F-U|spe|1
|turn|13
|
|t:|1779687855
|switch|p2a: Gholdengo|Gholdengo|50/100
|-damage|p2a: Gholdengo|44/100|[from] Stealth Rock
|move|p1a: F-U|Wave Crash|p2a: Gholdengo
|-crit|p2a: Gholdengo
|-damage|p2a: Gholdengo|0 fnt
|faint|p2a: Gholdengo
|-damage|p1a: F-U|86/100|[from] Recoil
|
|-weather|RainDance|[upkeep]
|upkeep
|
|t:|1779687862
|switch|p2a: Ogerpon|Ogerpon-Wellspring, F|100/100
|-damage|p2a: Ogerpon|88/100|[from] Stealth Rock
|turn|14
|
|t:|1779687885
|switch|p1a: Pelipper|Pelipper, M, shiny|96/100
|move|p2a: Ogerpon|Power Whip|p1a: Pelipper
|-damage|p1a: Pelipper|34/100
|
|-weather|RainDance|[upkeep]
|upkeep
|turn|15
|
|t:|1779687897
|move|p2a: Ogerpon|Ivy Cudgel|p1a: Pelipper|[anim] Ivy Cudgel Water
|-resisted|p1a: Pelipper
|-damage|p1a: Pelipper|0 fnt
|faint|p1a: Pelipper
|
|-weather|RainDance|[upkeep]
|upkeep
|
|t:|1779687910
|switch|p1a: F-U|Floatzel, M, shiny|86/100
|-activate|p1a: F-U|move: Sticky Web
|-unboost|p1a: F-U|spe|1
|turn|16
|
|t:|1779687917
|switch|p2a: Ceruledge|Ceruledge, F|100/100
|-damage|p2a: Ceruledge|76/100|[from] Stealth Rock
|move|p1a: F-U|Low Kick|p2a: Ceruledge
|-immune|p2a: Ceruledge
|
|-weather|none
|upkeep
|turn|17
|inactive|R0cK Bottom has 120 seconds left.
|-message|R0cK Bottom forfeited.
|
|win|sword over shield
|raw|R0cK Bottom's rating: 1412 &rarr; <strong>1395</strong><br />(-17 for losing)
|raw|sword over shield's rating: 1461 &rarr; <strong>1478</strong><br />(+17 for winning)
|l|☆R0cK Bottom
|player|p1|
|l|☆sword over shield
|player|p2|
