|j|☆I still miss her
|j|‽farakh345677
|t:|1779606264
|gametype|singles
|player|p1|I still miss her|benga|1497
|player|p2|farakh345677|169|1430
|gen|9
|tier|[Gen 9] OU
|rated|
|rule|HP Percentage Mod: HP is shown in percentages
|rule|Endless Battle Clause: Forcing endless battles is banned
|rule|Species Clause: Limit one of each Pokémon
|rule|OHKO Clause: OHKO moves are banned
|rule|Evasion Items Clause: Evasion items are banned
|rule|Evasion Moves Clause: Evasion moves are banned
|rule|Evasion Abilities Clause: Evasion abilities are banned
|rule|Sleep Moves Clause: Sleep-inducing moves are banned
|clearpoke
|poke|p1|Toxtricity, M|
|poke|p1|Keldeo-Resolute|
|poke|p1|Rotom-Wash|
|poke|p1|Heatran, M|
|poke|p1|Ting-Lu|
|poke|p1|Weezing-Galar, M|
|poke|p2|Great Tusk|
|poke|p2|Gholdengo|
|poke|p2|Iron Valiant|
|poke|p2|Kingambit, M|
|poke|p2|Raging Bolt|
|poke|p2|Ogerpon-Wellspring, F|
|teampreview
|
|t:|1779606291
|teamsize|p1|6
|teamsize|p2|6
|start
|switch|p1a: Keldeo|Keldeo-Resolute|100/100
|switch|p2a: Great Tusk|Great Tusk|100/100
|turn|1
|
|t:|1779606297
|-end|p2a: Great Tusk|Protosynthesis|[silent]
|switch|p2a: Raging Bolt|Raging Bolt|100/100
|-enditem|p2a: Raging Bolt|Booster Energy
|-activate|p2a: Raging Bolt|ability: Protosynthesis|[fromitem]
|-start|p2a: Raging Bolt|protosynthesisspa
|move|p1a: Keldeo|Secret Sword|p2a: Raging Bolt
|-damage|p2a: Raging Bolt|60/100
|
|upkeep
|turn|2
|
|t:|1779606307
|switch|p1a: Ting-Lu|Ting-Lu|100/100
|-ability|p1a: Ting-Lu|Vessel of Ruin
|-end|p2a: Raging Bolt|Protosynthesis|[silent]
|switch|p2a: Gholdengo|Gholdengo|100/100
|
|upkeep
|turn|3
|
|t:|1779606311
|move|p2a: Gholdengo|Trick|p1a: Ting-Lu
|-activate|p2a: Gholdengo|move: Trick|[of] p1a: Ting-Lu
|-item|p1a: Ting-Lu|Choice Scarf|[from] move: Trick
|-item|p2a: Gholdengo|Leftovers|[from] move: Trick
|move|p1a: Ting-Lu|Earthquake|p2a: Gholdengo
|-supereffective|p2a: Gholdengo
|-damage|p2a: Gholdengo|22/100
|
|-heal|p2a: Gholdengo|28/100|[from] item: Leftovers
|upkeep
|turn|4
|
|t:|1779606316
|switch|p2a: Ogerpon|Ogerpon-Wellspring, F|100/100
|move|p1a: Ting-Lu|Earthquake|p2a: Ogerpon
|-resisted|p2a: Ogerpon
|-damage|p2a: Ogerpon|75/100
|
|upkeep
|turn|5
|
|t:|1779606322
|switch|p1a: Weezing|Weezing-Galar, M|100/100
|-ability|p1a: Weezing|Neutralizing Gas
|move|p2a: Ogerpon|Swords Dance|p2a: Ogerpon
|-boost|p2a: Ogerpon|atk|2
|
|upkeep
|turn|6
|
|t:|1779606327
|-terastallize|p2a: Ogerpon|Water
|detailschange|p2a: Ogerpon|Ogerpon-Wellspring-Tera, F, tera:Water
|move|p2a: Ogerpon|Ivy Cudgel|p1a: Weezing|[anim] Ivy Cudgel Water
|-damage|p1a: Weezing|0 fnt
|faint|p1a: Weezing
|-end|p1a: Weezing|ability: Neutralizing Gas
|-ability|p2a: Ogerpon|Embody Aspect (Wellspring)|boost
|-boost|p2a: Ogerpon|spd|1
|
|upkeep
|
|t:|1779606341
|switch|p1a: Heatran|Heatran, M|100/100
|turn|7
|
|t:|1779606346
|switch|p2a: Gholdengo|Gholdengo|28/100
|-terastallize|p1a: Heatran|Grass
|move|p1a: Heatran|Lava Plume|p2a: Gholdengo
|-supereffective|p2a: Gholdengo
|-damage|p2a: Gholdengo|0 fnt
|faint|p2a: Gholdengo
|
|upkeep
|
|t:|1779606354
|switch|p2a: Raging Bolt|Raging Bolt|60/100
|turn|8
|
|t:|1779606357
|switch|p1a: Ting-Lu|Ting-Lu|100/100
|-ability|p1a: Ting-Lu|Vessel of Ruin
|move|p2a: Raging Bolt|Dragon Pulse|p1a: Ting-Lu
|-damage|p1a: Ting-Lu|80/100
|
|upkeep
|turn|9
|
|t:|1779606361
|-end|p2a: Raging Bolt|Protosynthesis|[silent]
|switch|p2a: Great Tusk|Great Tusk|100/100
|move|p1a: Ting-Lu|Ruination|p2a: Great Tusk
|-damage|p2a: Great Tusk|51/100
|
|upkeep
|turn|10
|
|t:|1779606365
|move|p2a: Great Tusk|Ice Spinner|p1a: Ting-Lu
|-supereffective|p1a: Ting-Lu
|-damage|p1a: Ting-Lu|49/100
|move|p1a: Ting-Lu|Ruination|p2a: Great Tusk
|-damage|p2a: Great Tusk|26/100
|
|upkeep
|turn|11
|
|t:|1779606369
|switch|p1a: Rotom|Rotom-Wash|100/100
|move|p2a: Great Tusk|Ice Spinner|p1a: Rotom
|-resisted|p1a: Rotom
|-damage|p1a: Rotom|89/100
|
|-heal|p1a: Rotom|95/100|[from] item: Leftovers
|upkeep
|turn|12
|
|t:|1779606374
|move|p2a: Great Tusk|Stealth Rock|p1a: Rotom
|-sidestart|p1: I still miss her|move: Stealth Rock
|move|p1a: Rotom|Volt Switch|p2a: Great Tusk
|-immune|p2a: Great Tusk
|
|-heal|p1a: Rotom|100/100|[from] item: Leftovers
|upkeep
|turn|13
|
|t:|1779606382
|-end|p2a: Great Tusk|Protosynthesis|[silent]
|switch|p2a: Ogerpon|Ogerpon-Wellspring-Tera, F, tera:Water|75/100
|-ability|p2a: Ogerpon|Embody Aspect (Wellspring)|boost
|-boost|p2a: Ogerpon|spd|1
|move|p1a: Rotom|Will-O-Wisp|p2a: Ogerpon
|-status|p2a: Ogerpon|brn
|
|-damage|p2a: Ogerpon|69/100 brn|[from] brn
|upkeep
|turn|14
|
|t:|1779606389
|move|p2a: Ogerpon|Horn Leech|p1a: Rotom
|-supereffective|p1a: Rotom
|-damage|p1a: Rotom|64/100
|-heal|p2a: Ogerpon|87/100 brn|[from] drain|[of] p1a: Rotom
|move|p1a: Rotom|Volt Switch|p2a: Ogerpon
|-supereffective|p2a: Ogerpon
|-damage|p2a: Ogerpon|47/100 brn
|-message|farakh345677 forfeited.
|
|win|I still miss her
|raw|I still miss her's rating: 1497 &rarr; <strong>1513</strong><br />(+16 for winning)
|raw|farakh345677's rating: 1430 &rarr; <strong>1414</strong><br />(-16 for losing)
|l|‽farakh345677
|player|p2|
|l|☆I still miss her
|player|p1|
