|inactive|Battle timer is ON: inactive players will automatically lose when time's up.
|t:|1779668183
|gametype|singles
|player|p1|ScarfedGranny|giovanni|
|player|p2|SDLT 2FEU Darck|1|
|gen|9
|tier|[Gen 9] OU
|rule|HP Percentage Mod: HP is shown in percentages
|rule|Endless Battle Clause: Forcing endless battles is banned
|rule|Species Clause: Limit one of each Pokémon
|rule|OHKO Clause: OHKO moves are banned
|rule|Evasion Items Clause: Evasion items are banned
|rule|Evasion Moves Clause: Evasion moves are banned
|rule|Evasion Abilities Clause: Evasion abilities are banned
|rule|Sleep Moves Clause: Sleep-inducing moves are banned
|clearpoke
|poke|p1|Dragapult, F|
|poke|p1|Zamazenta-*|
|poke|p1|Iron Crown|
|poke|p1|Lokix, F|
|poke|p1|Great Tusk|
|poke|p1|Alomomola, F|
|poke|p2|Ninetales-Alola, M|
|poke|p2|Kingambit, M|
|poke|p2|Ogerpon-Wellspring, F|
|poke|p2|Iron Boulder|
|poke|p2|Raging Bolt|
|poke|p2|Great Tusk|
|teampreview
|inactive|ScarfedGranny has 270 seconds left.
|inactive|SDLT 2FEU Darck has 270 seconds left.
|
|t:|1779668216
|teamsize|p1|6
|teamsize|p2|6
|start
|switch|p1a: Iron Crown|Iron Crown|100/100
|switch|p2a: Ninetales|Ninetales-Alola, M, shiny|100/100
|-weather|Snowscape|[from] ability: Snow Warning|[of] p2a: Ninetales
|turn|1
|c|☆ScarfedGranny|hi lb!
|
|t:|1779668234
|move|p2a: Ninetales|Aurora Veil|p2a: Ninetales
|-sidestart|p2: SDLT 2FEU Darck|move: Aurora Veil
|move|p1a: Iron Crown|Tachyon Cutter|p2a: Ninetales
|-supereffective|p2a: Ninetales
|-damage|p2a: Ninetales|30/100
|-supereffective|p2a: Ninetales
|-damage|p2a: Ninetales|0 fnt
|faint|p2a: Ninetales
|-hitcount|p2: Ninetales|2
|
|-weather|Snowscape|[upkeep]
|upkeep
|inactive|SDLT 2FEU Darck has 270 seconds left.
|
|t:|1779668258
|switch|p2a: Great Tusk|Great Tusk|100/100
|turn|2
|inactive|SDLT 2FEU Darck has 270 seconds left.
|
|t:|1779668283
|-end|p1a: Iron Crown|Quark Drive|[silent]
|switch|p1a: Zamazenta|Zamazenta|100/100
|-ability|p1a: Zamazenta|Dauntless Shield|boost
|-boost|p1a: Zamazenta|def|1
|move|p2a: Great Tusk|Rapid Spin|p1a: Zamazenta
|-damage|p1a: Zamazenta|92/100
|-boost|p2a: Great Tusk|spe|1
|
|-weather|Snowscape|[upkeep]
|-heal|p1a: Zamazenta|99/100|[from] item: Leftovers
|upkeep
|turn|3
|inactive|SDLT 2FEU Darck has 270 seconds left.
|
|t:|1779668296
|move|p1a: Zamazenta|Iron Defense|p1a: Zamazenta
|-boost|p1a: Zamazenta|def|2
|move|p2a: Great Tusk|Knock Off|p1a: Zamazenta
|-resisted|p1a: Zamazenta
|-damage|p1a: Zamazenta|94/100
|-enditem|p1a: Zamazenta|Leftovers|[from] move: Knock Off|[of] p2a: Great Tusk
|
|-weather|Snowscape|[upkeep]
|upkeep
|turn|4
|inactive|SDLT 2FEU Darck has 270 seconds left.
|
|t:|1779668328
|move|p1a: Zamazenta|Body Press|p2a: Great Tusk
|-crit|p2a: Great Tusk
|-damage|p2a: Great Tusk|27/100
|move|p2a: Great Tusk|Stealth Rock|p1a: Zamazenta
|-sidestart|p1: ScarfedGranny|move: Stealth Rock
|
|-weather|Snowscape|[upkeep]
|-heal|p2a: Great Tusk|33/100|[from] item: Leftovers
|upkeep
|turn|5
|
|t:|1779668345
|move|p1a: Zamazenta|Iron Defense|p1a: Zamazenta
|-boost|p1a: Zamazenta|def|2
|move|p2a: Great Tusk|Headlong Rush|p1a: Zamazenta
|-damage|p1a: Zamazenta|83/100
|-unboost|p2a: Great Tusk|def|1
|-unboost|p2a: Great Tusk|spd|1
|
|-weather|none
|-heal|p2a: Great Tusk|40/100|[from] item: Leftovers
|upkeep
|turn|6
|
|t:|1779668353
|move|p1a: Zamazenta|Body Press|p2a: Great Tusk
|-damage|p2a: Great Tusk|0 fnt
|faint|p2a: Great Tusk
|-end|p2a: Great Tusk|Protosynthesis|[silent]
|
|upkeep
|
|t:|1779668357
|switch|p2a: Raging Bolt|Raging Bolt|100/100
|turn|7
|
|t:|1779668381
|-terastallize|p2a: Raging Bolt|Fairy
|move|p1a: Zamazenta|Body Press|p2a: Raging Bolt
|-resisted|p2a: Raging Bolt
|-damage|p2a: Raging Bolt|73/100
|move|p2a: Raging Bolt|Draco Meteor|p1a: Zamazenta
|-damage|p1a: Zamazenta|10/100
|-unboost|p2a: Raging Bolt|spa|2
|
|upkeep
|turn|8
|
|t:|1779668394
|move|p1a: Zamazenta|Body Press|p2a: Raging Bolt
|-resisted|p2a: Raging Bolt
|-damage|p2a: Raging Bolt|46/100
|move|p2a: Raging Bolt|Volt Switch|p1a: Zamazenta
|-damage|p1a: Zamazenta|0 fnt
|faint|p1a: Zamazenta
|
|t:|1779668402
|-end|p2a: Raging Bolt|Protosynthesis|[silent]
|switch|p2a: Iron Boulder|Iron Boulder|100/100|[from] Volt Switch
|-enditem|p2a: Iron Boulder|Booster Energy
|-activate|p2a: Iron Boulder|ability: Quark Drive|[fromitem]
|-start|p2a: Iron Boulder|quarkdrivespe
|
|-sideend|p2: SDLT 2FEU Darck|move: Aurora Veil
|upkeep
|
|t:|1779668429
|switch|p1a: Iron Crown|Iron Crown|100/100
|-damage|p1a: Iron Crown|94/100|[from] Stealth Rock
|turn|9
|
|t:|1779668438
|-end|p2a: Iron Boulder|Quark Drive|[silent]
|switch|p2a: Kingambit|Kingambit, M|100/100
|-activate|p2a: Kingambit|ability: Supreme Overlord
|-start|p2a: Kingambit|fallen2|[silent]
|move|p1a: Iron Crown|Tachyon Cutter|p2a: Kingambit
|-resisted|p2a: Kingambit
|-damage|p2a: Kingambit|82/100
|-resisted|p2a: Kingambit
|-damage|p2a: Kingambit|64/100
|-hitcount|p2a: Kingambit|2
|
|upkeep
|turn|10
|inactive|SDLT 2FEU Darck has 270 seconds left.
|
|t:|1779668452
|-end|p1a: Iron Crown|Quark Drive|[silent]
|switch|p1a: Great Tusk|Great Tusk|100/100
|move|p2a: Kingambit|Sucker Punch||[still]
|-fail|p2a: Kingambit
|
|upkeep
|turn|11
|inactive|SDLT 2FEU Darck has 270 seconds left.
|
|t:|1779668466
|move|p1a: Great Tusk|Rapid Spin|p2a: Kingambit
|-resisted|p2a: Kingambit
|-damage|p2a: Kingambit|57/100
|-boost|p1a: Great Tusk|spe|1
|-sideend|p1: ScarfedGranny|Stealth Rock|[from] move: Rapid Spin|[of] p1a: Great Tusk
|move|p2a: Kingambit|Iron Head|p1a: Great Tusk
|-damage|p1a: Great Tusk|62/100
|
|upkeep
|turn|12
|inactive|SDLT 2FEU Darck has 270 seconds left.
|
|t:|1779668489
|move|p2a: Kingambit|Sucker Punch|p1a: Great Tusk
|-resisted|p1a: Great Tusk
|-damage|p1a: Great Tusk|40/100
|move|p1a: Great Tusk|Headlong Rush|p2a: Kingambit
|-supereffective|p2a: Kingambit
|-damage|p2a: Kingambit|0 fnt
|-unboost|p1a: Great Tusk|def|1
|-unboost|p1a: Great Tusk|spd|1
|faint|p2a: Kingambit
|-end|p2a: Kingambit|fallen2|[silent]
|
|upkeep
|
|t:|1779668494
|switch|p2a: Ogerpon|Ogerpon-Wellspring, F|100/100
|turn|13
|
|t:|1779668506
|-end|p1a: Great Tusk|Protosynthesis|[silent]
|switch|p1a: Alomomola|Alomomola, F|100/100
|move|p2a: Ogerpon|Power Whip|p1a: Alomomola
|-supereffective|p1a: Alomomola
|-damage|p1a: Alomomola|0 fnt
|faint|p1a: Alomomola
|
|upkeep
|
|t:|1779668523
|switch|p1a: Lokix|Lokix, F|100/100
|turn|14
|
|t:|1779668532
|switch|p2a: Raging Bolt|Raging Bolt, tera:Fairy|46/100
|-terastallize|p1a: Lokix|Bug
|move|p1a: Lokix|First Impression|p2a: Raging Bolt
|-resisted|p2a: Raging Bolt
|-damage|p2a: Raging Bolt|0 fnt
|faint|p2a: Raging Bolt
|-end|p2a: Raging Bolt|Protosynthesis|[silent]
|
|upkeep
|
|t:|1779668541
|switch|p2a: Iron Boulder|Iron Boulder|100/100
|turn|15
|
|t:|1779668547
|switch|p1a: Great Tusk|Great Tusk|40/100
|move|p2a: Iron Boulder|Mighty Cleave|p1a: Great Tusk
|-resisted|p1a: Great Tusk
|-damage|p1a: Great Tusk|32/100
|
|upkeep
|turn|16
|
|t:|1779668553
|move|p2a: Iron Boulder|Close Combat|p1a: Great Tusk
|-damage|p1a: Great Tusk|1/100
|-unboost|p2a: Iron Boulder|def|1
|-unboost|p2a: Iron Boulder|spd|1
|move|p1a: Great Tusk|Headlong Rush|p2a: Iron Boulder
|-supereffective|p2a: Iron Boulder
|-damage|p2a: Iron Boulder|0 fnt
|-unboost|p1a: Great Tusk|def|1
|-unboost|p1a: Great Tusk|spd|1
|faint|p2a: Iron Boulder
|-end|p2a: Iron Boulder|Quark Drive|[silent]
|
|upkeep
|
|t:|1779668561
|switch|p2a: Ogerpon|Ogerpon-Wellspring, F|100/100
|turn|17
|
|t:|1779668570
|move|p2a: Ogerpon|Ivy Cudgel|p1a: Great Tusk|[anim] Ivy Cudgel Water
|-supereffective|p1a: Great Tusk
|-damage|p1a: Great Tusk|0 fnt
|faint|p1a: Great Tusk
|-end|p1a: Great Tusk|Protosynthesis|[silent]
|
|upkeep
|
|t:|1779668574
|switch|p1a: Lokix|Lokix, F, tera:Bug|100/100
|turn|18
|
|t:|1779668578
|move|p1a: Lokix|First Impression|p2a: Ogerpon
|-supereffective|p2a: Ogerpon
|-damage|p2a: Ogerpon|0 fnt
|faint|p2a: Ogerpon
|
|win|ScarfedGranny
|c|☆ScarfedGranny|gg
|c|☆SDLT 2FEU Darck|wp 
|c|☆ScarfedGranny|game 2
|c|☆ScarfedGranny|you pick SVUU or SV Ubers
