|j|☆Mysterious Soop
|j|☆Twisted Divinity
|t:|1779598045
|gametype|singles
|player|p1|Mysterious Soop|1|1518
|player|p2|Twisted Divinity|acerola-masters|1514
|gen|9
|tier|[Gen 9] OU
|rated|
|rule|HP Percentage Mod: HP is shown in percentages
|rule|Endless Battle Clause: Forcing endless battles is banned
|rule|Species Clause: Limit one of each Pokémon
|rule|OHKO Clause: OHKO moves are banned
|rule|Evasion Items Clause: Evasion items are banned
|rule|Evasion Moves Clause: Evasion moves are banned
|rule|Evasion Abilities Clause: Evasion abilities are banned
|rule|Sleep Moves Clause: Sleep-inducing moves are banned
|clearpoke
|poke|p1|Rillaboom, F|
|poke|p1|Hatterene, F|
|poke|p1|Grimmsnarl, M|
|poke|p1|Pecharunt|
|poke|p1|Ogerpon-Wellspring, F|
|poke|p1|Great Tusk|
|poke|p2|Wo-Chien|
|poke|p2|Torkoal, M|
|poke|p2|Cinderace, M|
|poke|p2|Great Tusk|
|poke|p2|Walking Wake|
|poke|p2|Clefable, F|
|teampreview
|inactive|Battle timer is ON: inactive players will automatically lose when time's up. (requested by Twisted Divinity)
|
|t:|1779598061
|teamsize|p1|6
|teamsize|p2|6
|start
|switch|p1a: Rillaboom|Rillaboom, F|100/100
|switch|p2a: Chuck Norris Kick|Cinderace, M|100/100
|-item|p2a: Chuck Norris Kick|Air Balloon
|-fieldstart|move: Grassy Terrain|[from] ability: Grassy Surge|[of] p1a: Rillaboom
|turn|1
|
|t:|1779598073
|switch|p1a: Pecharunt|Pecharunt|100/100
|move|p2a: Chuck Norris Kick|Pyro Ball|p1a: Pecharunt
|-damage|p1a: Pecharunt|58/100
|
|-heal|p1a: Pecharunt|64/100|[from] Grassy Terrain
|-heal|p1a: Pecharunt|70/100|[from] item: Leftovers
|upkeep
|turn|2
|
|t:|1779598084
|switch|p2a: Great Tuskarus|Great Tusk, shiny|100/100
|move|p1a: Pecharunt|Recover|p1a: Pecharunt
|-heal|p1a: Pecharunt|100/100
|
|upkeep
|turn|3
|
|t:|1779598092
|switch|p1a: Hatterene|Hatterene, F|100/100
|-enditem|p1a: Hatterene|Grassy Seed
|-boost|p1a: Hatterene|def|1|[from] item: Grassy Seed
|move|p2a: Great Tuskarus|Stealth Rock|p1a: Hatterene
|move|p1a: Hatterene|Stealth Rock|p2a: Great Tuskarus|[from] ability: Magic Bounce
|-sidestart|p2: Twisted Divinity|move: Stealth Rock
|
|upkeep
|turn|4
|
|t:|1779598101
|move|p2a: Great Tuskarus|Rapid Spin|p1a: Hatterene
|-damage|p1a: Hatterene|90/100
|-boost|p2a: Great Tuskarus|spe|1
|-sideend|p2: Twisted Divinity|Stealth Rock|[from] move: Rapid Spin|[of] p2a: Great Tuskarus
|move|p1a: Hatterene|Calm Mind|p1a: Hatterene
|-boost|p1a: Hatterene|spa|1
|-boost|p1a: Hatterene|spd|1
|
|-heal|p1a: Hatterene|96/100|[from] Grassy Terrain
|upkeep
|turn|5
|
|t:|1779598112
|-end|p2a: Great Tuskarus|Protosynthesis|[silent]
|switch|p2a: Let's Larp|Clefable, F|100/100
|move|p1a: Hatterene|Calm Mind|p1a: Hatterene
|-boost|p1a: Hatterene|spa|1
|-boost|p1a: Hatterene|spd|1
|
|-heal|p1a: Hatterene|100/100|[from] Grassy Terrain
|upkeep
|turn|6
|
|t:|1779598119
|move|p2a: Let's Larp|Calm Mind|p2a: Let's Larp
|-boost|p2a: Let's Larp|spa|1
|-boost|p2a: Let's Larp|spd|1
|move|p1a: Hatterene|Agility|p1a: Hatterene
|-boost|p1a: Hatterene|spe|2
|
|upkeep
|turn|7
|
|t:|1779598126
|move|p1a: Hatterene|Stored Power|p2a: Let's Larp
|-damage|p2a: Let's Larp|58/100
|move|p2a: Let's Larp|Calm Mind|p2a: Let's Larp
|-boost|p2a: Let's Larp|spa|1
|-boost|p2a: Let's Larp|spd|1
|
|-heal|p2a: Let's Larp|64/100|[from] Grassy Terrain
|upkeep
|turn|8
|
|t:|1779598139
|move|p1a: Hatterene|Stored Power|p2a: Let's Larp
|-damage|p2a: Let's Larp|35/100
|move|p2a: Let's Larp|Moonlight|p2a: Let's Larp
|-heal|p2a: Let's Larp|85/100
|
|-heal|p2a: Let's Larp|91/100|[from] Grassy Terrain
|-fieldend|move: Grassy Terrain
|upkeep
|turn|9
|
|t:|1779598157
|switch|p1a: Grimmsnarl|Grimmsnarl, M|100/100
|move|p2a: Let's Larp|Calm Mind|p2a: Let's Larp
|-boost|p2a: Let's Larp|spa|1
|-boost|p2a: Let's Larp|spd|1
|
|upkeep
|turn|10
|
|t:|1779598160
|move|p1a: Grimmsnarl|Light Screen|p1a: Grimmsnarl
|-sidestart|p1: Mysterious Soop|move: Light Screen
|move|p2a: Let's Larp|Moonblast|p1a: Grimmsnarl
|-supereffective|p1a: Grimmsnarl
|-damage|p1a: Grimmsnarl|46/100
|
|upkeep
|turn|11
|
|t:|1779598164
|move|p1a: Grimmsnarl|Parting Shot|p2a: Let's Larp
|-unboost|p2a: Let's Larp|atk|1
|-unboost|p2a: Let's Larp|spa|1
|
|t:|1779598170
|switch|p1a: Ogerpon|Ogerpon-Wellspring, F|100/100|[from] Parting Shot
|move|p2a: Let's Larp|Calm Mind|p2a: Let's Larp
|-boost|p2a: Let's Larp|spa|1
|-boost|p2a: Let's Larp|spd|1
|
|upkeep
|turn|12
|
|t:|1779598176
|move|p1a: Ogerpon|Ivy Cudgel|p2a: Let's Larp|[anim] Ivy Cudgel Water
|-damage|p2a: Let's Larp|41/100
|move|p2a: Let's Larp|Moonblast|p1a: Ogerpon
|-damage|p1a: Ogerpon|54/100
|
|upkeep
|turn|13
|
|t:|1779598183
|move|p1a: Ogerpon|Ivy Cudgel|p2a: Let's Larp|[anim] Ivy Cudgel Water
|-damage|p2a: Let's Larp|0 fnt
|faint|p2a: Let's Larp
|
|upkeep
|
|t:|1779598185
|switch|p2a: Chuck Norris Kick|Cinderace, M|100/100
|-item|p2a: Chuck Norris Kick|Air Balloon
|turn|14
|
|t:|1779598190
|switch|p1a: Pecharunt|Pecharunt|100/100
|move|p2a: Chuck Norris Kick|Pyro Ball|p1a: Pecharunt
|-damage|p1a: Pecharunt|60/100
|
|-heal|p1a: Pecharunt|66/100|[from] item: Leftovers
|upkeep
|turn|15
|
|t:|1779598193
|switch|p2a: Great Tuskarus|Great Tusk, shiny|100/100
|move|p1a: Pecharunt|Recover|p1a: Pecharunt
|-heal|p1a: Pecharunt|100/100
|
|upkeep
|turn|16
|
|t:|1779598197
|switch|p1a: Rillaboom|Rillaboom, F|100/100
|-fieldstart|move: Grassy Terrain|[from] ability: Grassy Surge|[of] p1a: Rillaboom
|move|p2a: Great Tuskarus|Headlong Rush|p1a: Rillaboom
|-resisted|p1a: Rillaboom
|-damage|p1a: Rillaboom|75/100
|-unboost|p2a: Great Tuskarus|def|1
|-unboost|p2a: Great Tuskarus|spd|1
|
|-heal|p1a: Rillaboom|81/100|[from] Grassy Terrain
|upkeep
|turn|17
|j| Pakas123
|
|t:|1779598212
|-end|p2a: Great Tuskarus|Protosynthesis|[silent]
|switch|p2a: The Sun Is So Loud|Torkoal, M|100/100
|-weather|SunnyDay|[from] ability: Drought|[of] p2a: The Sun Is So Loud
|switch|p1a: Ogerpon|Ogerpon-Wellspring, F|54/100
|
|-weather|SunnyDay|[upkeep]
|-heal|p1a: Ogerpon|60/100|[from] Grassy Terrain
|-sideend|p1: Mysterious Soop|move: Light Screen
|upkeep
|turn|18
|
|t:|1779598226
|switch|p1a: Grimmsnarl|Grimmsnarl, M|46/100
|switch|p2a: Chuck Norris Kick|Cinderace, M|100/100
|-item|p2a: Chuck Norris Kick|Air Balloon
|
|-weather|SunnyDay|[upkeep]
|-heal|p1a: Grimmsnarl|52/100|[from] Grassy Terrain
|upkeep
|turn|19
|
|t:|1779598234
|move|p1a: Grimmsnarl|Parting Shot|p2a: Chuck Norris Kick
|-unboost|p2a: Chuck Norris Kick|atk|1
|-unboost|p2a: Chuck Norris Kick|spa|1
|
|t:|1779598237
|switch|p1a: Pecharunt|Pecharunt|100/100|[from] Parting Shot
|move|p2a: Chuck Norris Kick|Pyro Ball|p1a: Pecharunt
|-crit|p1a: Pecharunt
|-damage|p1a: Pecharunt|11/100
|
|-weather|SunnyDay|[upkeep]
|-heal|p1a: Pecharunt|17/100|[from] Grassy Terrain
|-heal|p1a: Pecharunt|23/100|[from] item: Leftovers
|upkeep
|turn|20
|
|t:|1779598249
|switch|p1a: Great Tusk|Great Tusk|100/100
|-activate|p1a: Great Tusk|ability: Protosynthesis
|-start|p1a: Great Tusk|protosynthesisspe
|move|p2a: Chuck Norris Kick|Pyro Ball|p1a: Great Tusk
|-damage|p1a: Great Tusk|62/100
|
|-weather|SunnyDay|[upkeep]
|-heal|p1a: Great Tusk|68/100|[from] Grassy Terrain
|upkeep
|turn|21
|
|t:|1779598261
|switch|p2a: Wo Chienuenly|Wo-Chien|100/100
|-ability|p2a: Wo Chienuenly|Tablets of Ruin
|move|p1a: Great Tusk|Bulk Up|p1a: Great Tusk
|-boost|p1a: Great Tusk|atk|1
|-boost|p1a: Great Tusk|def|1
|
|-weather|SunnyDay|[upkeep]
|-heal|p1a: Great Tusk|75/100|[from] Grassy Terrain
|upkeep
|turn|22
|
|t:|1779598271
|-end|p1a: Great Tusk|Protosynthesis|[silent]
|switch|p1a: Ogerpon|Ogerpon-Wellspring, F|60/100
|move|p2a: Wo Chienuenly|Giga Drain|p1a: Ogerpon
|-damage|p1a: Ogerpon|3/100
|-damage|p2a: Wo Chienuenly|91/100|[from] item: Life Orb
|
|-weather|SunnyDay|[upkeep]
|-heal|p1a: Ogerpon|9/100|[from] Grassy Terrain
|-heal|p2a: Wo Chienuenly|97/100|[from] Grassy Terrain
|upkeep
|turn|23
|
|t:|1779598288
|move|p1a: Ogerpon|Play Rough|p2a: Wo Chienuenly
|-supereffective|p2a: Wo Chienuenly
|-damage|p2a: Wo Chienuenly|37/100
|move|p2a: Wo Chienuenly|Trailblaze|p1a: Ogerpon
|-damage|p1a: Ogerpon|0 fnt
|-boost|p2a: Wo Chienuenly|spe|1
|faint|p1a: Ogerpon
|-damage|p2a: Wo Chienuenly|27/100|[from] item: Life Orb
|
|-weather|SunnyDay|[upkeep]
|-heal|p2a: Wo Chienuenly|33/100|[from] Grassy Terrain
|-fieldend|move: Grassy Terrain
|upkeep
|l| Pakas123
|
|t:|1779598304
|switch|p1a: Great Tusk|Great Tusk|75/100
|-activate|p1a: Great Tusk|ability: Protosynthesis
|-start|p1a: Great Tusk|protosynthesisspe
|turn|24
|
|t:|1779598315
|move|p1a: Great Tusk|Headlong Rush|p2a: Wo Chienuenly
|-resisted|p2a: Wo Chienuenly
|-damage|p2a: Wo Chienuenly|12/100
|-unboost|p1a: Great Tusk|def|1
|-unboost|p1a: Great Tusk|spd|1
|move|p2a: Wo Chienuenly|Giga Drain|p1a: Great Tusk
|-supereffective|p1a: Great Tusk
|-damage|p1a: Great Tusk|0 fnt
|-heal|p2a: Wo Chienuenly|64/100|[from] drain|[of] p1a: Great Tusk
|faint|p1a: Great Tusk
|-end|p1a: Great Tusk|Protosynthesis|[silent]
|-damage|p2a: Wo Chienuenly|54/100|[from] item: Life Orb
|
|-weather|none
|upkeep
|
|t:|1779598319
|switch|p1a: Rillaboom|Rillaboom, F|81/100
|-fieldstart|move: Grassy Terrain|[from] ability: Grassy Surge|[of] p1a: Rillaboom
|turn|25
|
|t:|1779598322
|move|p2a: Wo Chienuenly|Knock Off|p1a: Rillaboom
|-damage|p1a: Rillaboom|41/100
|-enditem|p1a: Rillaboom|Terrain Extender|[from] move: Knock Off|[of] p2a: Wo Chienuenly
|-damage|p2a: Wo Chienuenly|44/100|[from] item: Life Orb
|move|p1a: Rillaboom|U-turn|p2a: Wo Chienuenly
|-supereffective|p2a: Wo Chienuenly
|-damage|p2a: Wo Chienuenly|0 fnt
|faint|p2a: Wo Chienuenly
|
|t:|1779598326
|switch|p1a: Hatterene|Hatterene, F|100/100|[from] U-turn
|
|upkeep
|
|t:|1779598330
|switch|p2a: Chuck Norris Kick|Cinderace, M|100/100
|-item|p2a: Chuck Norris Kick|Air Balloon
|turn|26
|
|t:|1779598336
|switch|p1a: Pecharunt|Pecharunt|23/100
|move|p2a: Chuck Norris Kick|Swords Dance|p2a: Chuck Norris Kick
|-boost|p2a: Chuck Norris Kick|atk|2
|
|-heal|p1a: Pecharunt|29/100|[from] Grassy Terrain
|-heal|p1a: Pecharunt|35/100|[from] item: Leftovers
|upkeep
|turn|27
|
|t:|1779598341
|move|p2a: Chuck Norris Kick|Pyro Ball|p1a: Pecharunt
|-damage|p1a: Pecharunt|0 fnt
|faint|p1a: Pecharunt
|
|upkeep
|
|t:|1779598343
|switch|p1a: Grimmsnarl|Grimmsnarl, M|52/100
|turn|28
|
|t:|1779598346
|move|p1a: Grimmsnarl|Reflect|p1a: Grimmsnarl
|-sidestart|p1: Mysterious Soop|Reflect
|move|p2a: Chuck Norris Kick|Pyro Ball|p1a: Grimmsnarl
|-damage|p1a: Grimmsnarl|0 fnt
|faint|p1a: Grimmsnarl
|
|upkeep
|
|t:|1779598356
|switch|p1a: Hatterene|Hatterene, F|100/100
|turn|29
|
|t:|1779598360
|-terastallize|p2a: Chuck Norris Kick|Fire
|move|p2a: Chuck Norris Kick|Pyro Ball|p1a: Hatterene
|-damage|p1a: Hatterene|22/100
|move|p1a: Hatterene|Calm Mind|p1a: Hatterene
|-boost|p1a: Hatterene|spa|1
|-boost|p1a: Hatterene|spd|1
|
|-heal|p1a: Hatterene|28/100|[from] Grassy Terrain
|upkeep
|turn|30
|
|t:|1779598366
|move|p2a: Chuck Norris Kick|Flame Charge|p1a: Hatterene
|-damage|p1a: Hatterene|0 fnt
|-boost|p2a: Chuck Norris Kick|spe|1
|faint|p1a: Hatterene
|
|upkeep
|-message|Mysterious Soop forfeited.
|
|win|Twisted Divinity
|raw|Mysterious Soop's rating: 1518 &rarr; <strong>1498</strong><br />(-20 for losing)
|raw|Twisted Divinity's rating: 1514 &rarr; <strong>1534</strong><br />(+20 for winning)
|l|☆Mysterious Soop
|player|p1|
|l|☆Twisted Divinity
|player|p2|
