|j|☆louwilliamzz
|j|☆Profit fin
|t:|1779662315
|gametype|singles
|player|p1|louwilliamzz|266|1413
|player|p2|Profit fin|lucas|1415
|gen|9
|tier|[Gen 9] OU
|rated|
|rule|HP Percentage Mod: HP is shown in percentages
|rule|Endless Battle Clause: Forcing endless battles is banned
|rule|Species Clause: Limit one of each Pokémon
|rule|OHKO Clause: OHKO moves are banned
|rule|Evasion Items Clause: Evasion items are banned
|rule|Evasion Moves Clause: Evasion moves are banned
|rule|Evasion Abilities Clause: Evasion abilities are banned
|rule|Sleep Moves Clause: Sleep-inducing moves are banned
|clearpoke
|poke|p1|Pelipper, M|
|poke|p1|Barraskewda, M|
|poke|p1|Regieleki|
|poke|p1|Ludicolo, M|
|poke|p1|Iron Treads|
|poke|p1|Hydreigon, M|
|poke|p2|Mamoswine, F|
|poke|p2|Alomomola, M|
|poke|p2|Zapdos|
|poke|p2|Iron Valiant|
|poke|p2|Cinderace, M|
|poke|p2|Kingambit, M|
|teampreview
|inactive|Battle timer is ON: inactive players will automatically lose when time's up. (requested by louwilliamzz)
|
|t:|1779662338
|teamsize|p1|6
|teamsize|p2|6
|start
|switch|p1a: Pelipper|Pelipper, M|100/100
|switch|p2a: Zapdos|Zapdos|100/100
|-weather|RainDance|[from] ability: Drizzle|[of] p1a: Pelipper
|turn|1
|
|t:|1779662344
|switch|p1a: Iron Treads|Iron Treads|100/100
|move|p2a: Zapdos|Hurricane|p1a: Iron Treads
|-resisted|p1a: Iron Treads
|-crit|p1a: Iron Treads
|-damage|p1a: Iron Treads|71/100
|-start|p1a: Iron Treads|confusion
|
|-weather|RainDance|[upkeep]
|-heal|p1a: Iron Treads|77/100|[from] item: Leftovers
|upkeep
|turn|2
|
|t:|1779662355
|-activate|p1a: Iron Treads|confusion
|move|p1a: Iron Treads|Stealth Rock|p2a: Zapdos
|-sidestart|p2: Profit fin|move: Stealth Rock
|move|p2a: Zapdos|Hurricane|p1a: Iron Treads
|-resisted|p1a: Iron Treads
|-damage|p1a: Iron Treads|58/100
|
|-weather|RainDance|[upkeep]
|-heal|p1a: Iron Treads|64/100|[from] item: Leftovers
|upkeep
|turn|3
|
|t:|1779662362
|-activate|p1a: Iron Treads|confusion
|move|p1a: Iron Treads|Ice Spinner|p2a: Zapdos
|-supereffective|p2a: Zapdos
|-damage|p2a: Zapdos|71/100
|-status|p1a: Iron Treads|par|[from] ability: Static|[of] p2a: Zapdos
|move|p2a: Zapdos|Hurricane|p1a: Iron Treads
|-resisted|p1a: Iron Treads
|-damage|p1a: Iron Treads|46/100 par
|
|-weather|RainDance|[upkeep]
|-heal|p1a: Iron Treads|52/100 par|[from] item: Leftovers
|upkeep
|turn|4
|
|t:|1779662371
|-end|p1a: Iron Treads|Quark Drive|[silent]
|switch|p1a: Regieleki|Regieleki|100/100
|move|p2a: Zapdos|Roost|p2a: Zapdos
|-heal|p2a: Zapdos|100/100
|-singleturn|p2a: Zapdos|move: Roost
|
|-weather|RainDance|[upkeep]
|upkeep
|turn|5
|
|t:|1779662375
|switch|p2a: Mamoswine|Mamoswine, F|100/100
|-damage|p2a: Mamoswine|88/100|[from] Stealth Rock
|move|p1a: Regieleki|Light Screen|p1a: Regieleki
|-sidestart|p1: louwilliamzz|move: Light Screen
|
|-weather|RainDance|[upkeep]
|upkeep
|turn|6
|
|t:|1779662386
|move|p1a: Regieleki|Reflect|p1a: Regieleki
|-sidestart|p1: louwilliamzz|Reflect
|move|p2a: Mamoswine|Icicle Crash|p1a: Regieleki
|-damage|p1a: Regieleki|41/100
|
|-weather|RainDance|[upkeep]
|upkeep
|turn|7
|
|t:|1779662401
|switch|p1a: Barraskewda|Barraskewda, M, shiny|100/100
|move|p2a: Mamoswine|Icicle Crash|p1a: Barraskewda
|-resisted|p1a: Barraskewda
|-damage|p1a: Barraskewda|68/100
|
|-weather|RainDance|[upkeep]
|upkeep
|turn|8
|
|t:|1779662410
|switch|p2a: Alomomola|Alomomola, M|100/100
|-damage|p2a: Alomomola|88/100|[from] Stealth Rock
|move|p1a: Barraskewda|Flip Turn|p2a: Alomomola
|-resisted|p2a: Alomomola
|-damage|p2a: Alomomola|70/100
|
|t:|1779662421
|switch|p1a: Ludicolo|Ludicolo, M, shiny|100/100|[from] Flip Turn
|
|-weather|none
|upkeep
|turn|9
|
|t:|1779662426
|move|p1a: Ludicolo|Giga Drain|p2a: Alomomola
|-supereffective|p2a: Alomomola
|-damage|p2a: Alomomola|20/100
|-damage|p1a: Ludicolo|91/100|[from] item: Life Orb
|move|p2a: Alomomola|Flip Turn|p1a: Ludicolo
|-resisted|p1a: Ludicolo
|-damage|p1a: Ludicolo|88/100
|
|t:|1779662429
|switch|p2a: Cinderace|Cinderace, M|100/100|[from] Flip Turn
|
|upkeep
|turn|10
|
|t:|1779662436
|switch|p1a: Pelipper|Pelipper, M|100/100
|-weather|RainDance|[from] ability: Drizzle|[of] p1a: Pelipper
|move|p2a: Cinderace|Court Change|p2a: Cinderace
|-swapsideconditions
|-activate|p2a: Cinderace|move: Court Change
|
|-weather|RainDance|[upkeep]
|upkeep
|turn|11
|
|t:|1779662446
|move|p2a: Cinderace|U-turn|p1a: Pelipper
|-resisted|p1a: Pelipper
|-damage|p1a: Pelipper|94/100
|
|t:|1779662450
|switch|p2a: Alomomola|Alomomola, M|53/100|[from] U-turn
|move|p1a: Pelipper|Knock Off|p2a: Alomomola
|-damage|p2a: Alomomola|49/100
|-enditem|p2a: Alomomola|Assault Vest|[from] move: Knock Off|[of] p1a: Pelipper
|
|-weather|RainDance|[upkeep]
|upkeep
|turn|12
|
|t:|1779662460
|move|p2a: Alomomola|Flip Turn|p1a: Pelipper
|-resisted|p1a: Pelipper
|-damage|p1a: Pelipper|85/100
|
|t:|1779662477
|switch|p2a: Zapdos|Zapdos|100/100|[from] Flip Turn
|move|p1a: Pelipper|U-turn|p2a: Zapdos
|-resisted|p2a: Zapdos
|-damage|p2a: Zapdos|99/100
|-status|p1a: Pelipper|par|[from] ability: Static|[of] p2a: Zapdos
|
|t:|1779662492
|switch|p1a: Regieleki|Regieleki|41/100|[from] U-turn
|-damage|p1a: Regieleki|29/100|[from] Stealth Rock
|
|-weather|RainDance|[upkeep]
|-sideend|p2: Profit fin|move: Light Screen
|upkeep
|turn|13
|
|t:|1779662508
|move|p1a: Regieleki|Volt Switch|p2a: Zapdos
|-damage|p2a: Zapdos|67/100
|
|t:|1779662512
|switch|p1a: Iron Treads|Iron Treads|52/100 par|[from] Volt Switch
|-damage|p1a: Iron Treads|49/100 par|[from] Stealth Rock
|move|p2a: Zapdos|Volt Switch|p1a: Iron Treads
|-immune|p1a: Iron Treads
|
|-weather|RainDance|[upkeep]
|-heal|p1a: Iron Treads|55/100 par|[from] item: Leftovers
|-sideend|p2: Profit fin|Reflect
|upkeep
|turn|14
|
|t:|1779662525
|move|p2a: Zapdos|Roost|p2a: Zapdos
|-heal|p2a: Zapdos|100/100
|-singleturn|p2a: Zapdos|move: Roost
|move|p1a: Iron Treads|Stealth Rock|p2a: Zapdos
|-sidestart|p2: Profit fin|move: Stealth Rock
|
|-weather|RainDance|[upkeep]
|-heal|p1a: Iron Treads|61/100 par|[from] item: Leftovers
|upkeep
|turn|15
|
|t:|1779662538
|move|p2a: Zapdos|Hurricane|p1a: Iron Treads
|-resisted|p1a: Iron Treads
|-damage|p1a: Iron Treads|43/100 par
|move|p1a: Iron Treads|Ice Spinner|p2a: Zapdos
|-supereffective|p2a: Zapdos
|-damage|p2a: Zapdos|71/100
|
|-weather|RainDance|[upkeep]
|-heal|p1a: Iron Treads|49/100 par|[from] item: Leftovers
|upkeep
|turn|16
|
|t:|1779662548
|move|p2a: Zapdos|Hurricane|p1a: Iron Treads
|-resisted|p1a: Iron Treads
|-damage|p1a: Iron Treads|29/100 par
|-start|p1a: Iron Treads|confusion
|-activate|p1a: Iron Treads|confusion
|move|p1a: Iron Treads|Earthquake|p2a: Zapdos
|-immune|p2a: Zapdos
|
|-weather|RainDance|[upkeep]
|-heal|p1a: Iron Treads|35/100 par|[from] item: Leftovers
|upkeep
|turn|17
|
|t:|1779662555
|move|p2a: Zapdos|Hurricane|p1a: Iron Treads
|-resisted|p1a: Iron Treads
|-damage|p1a: Iron Treads|16/100 par
|-activate|p1a: Iron Treads|confusion
|-damage|p1a: Iron Treads|9/100 par|[from] confusion
|
|-weather|none
|-heal|p1a: Iron Treads|15/100 par|[from] item: Leftovers
|upkeep
|turn|18
|
|t:|1779662563
|move|p2a: Zapdos|Hurricane|p1a: Iron Treads
|-resisted|p1a: Iron Treads
|-damage|p1a: Iron Treads|0 fnt
|faint|p1a: Iron Treads
|-end|p1a: Iron Treads|Quark Drive|[silent]
|
|upkeep
|
|t:|1779662575
|switch|p1a: Hydreigon|Hydreigon, M|100/100
|-damage|p1a: Hydreigon|88/100|[from] Stealth Rock
|turn|19
|
|t:|1779662586
|switch|p2a: Iron Valiant|Iron Valiant|100/100
|-damage|p2a: Iron Valiant|94/100|[from] Stealth Rock
|-enditem|p2a: Iron Valiant|Booster Energy
|-activate|p2a: Iron Valiant|ability: Quark Drive|[fromitem]
|-start|p2a: Iron Valiant|quarkdrivespe
|move|p1a: Hydreigon|Dark Pulse|p2a: Iron Valiant
|-resisted|p2a: Iron Valiant
|-damage|p2a: Iron Valiant|69/100
|
|upkeep
|turn|20
|
|t:|1779662601
|switch|p1a: Pelipper|Pelipper, M|85/100 par
|-damage|p1a: Pelipper|60/100 par|[from] Stealth Rock
|-weather|RainDance|[from] ability: Drizzle|[of] p1a: Pelipper
|move|p2a: Iron Valiant|Calm Mind|p2a: Iron Valiant
|-boost|p2a: Iron Valiant|spa|1
|-boost|p2a: Iron Valiant|spd|1
|
|-weather|RainDance|[upkeep]
|upkeep
|turn|21
|
|t:|1779662613
|switch|p1a: Regieleki|Regieleki|29/100
|-damage|p1a: Regieleki|17/100|[from] Stealth Rock
|move|p2a: Iron Valiant|Moonblast|p1a: Regieleki
|-crit|p1a: Regieleki
|-damage|p1a: Regieleki|0 fnt
|faint|p1a: Regieleki
|
|-weather|RainDance|[upkeep]
|upkeep
|
|t:|1779662635
|switch|p1a: Ludicolo|Ludicolo, M, shiny|88/100
|-damage|p1a: Ludicolo|75/100|[from] Stealth Rock
|turn|22
|
|t:|1779662646
|move|p2a: Iron Valiant|Moonblast|p1a: Ludicolo
|-damage|p1a: Ludicolo|0 fnt
|faint|p1a: Ludicolo
|
|-weather|RainDance|[upkeep]
|upkeep
|
|t:|1779662652
|switch|p1a: Barraskewda|Barraskewda, M, shiny|68/100
|-damage|p1a: Barraskewda|56/100|[from] Stealth Rock
|turn|23
|
|t:|1779662663
|-end|p2a: Iron Valiant|Quark Drive|[silent]
|switch|p2a: Cinderace|Cinderace, M|100/100
|-terastallize|p1a: Barraskewda|Water
|move|p1a: Barraskewda|Liquidation|p2a: Cinderace
|-supereffective|p2a: Cinderace
|-damage|p2a: Cinderace|0 fnt
|faint|p2a: Cinderace
|
|-weather|RainDance|[upkeep]
|upkeep
|
|t:|1779662671
|switch|p2a: Alomomola|Alomomola, M|83/100
|-damage|p2a: Alomomola|70/100|[from] Stealth Rock
|turn|24
|
|t:|1779662680
|move|p1a: Barraskewda|Liquidation|p2a: Alomomola
|-resisted|p2a: Alomomola
|-damage|p2a: Alomomola|36/100
|-unboost|p2a: Alomomola|def|1
|move|p2a: Alomomola|Play Rough|p1a: Barraskewda|[miss]
|-miss|p2a: Alomomola|p1a: Barraskewda
|
|-weather|RainDance|[upkeep]
|upkeep
|turn|25
|
|t:|1779662696
|switch|p2a: Zapdos|Zapdos|71/100
|move|p1a: Barraskewda|Liquidation|p2a: Zapdos
|-damage|p2a: Zapdos|0 fnt
|-status|p1a: Barraskewda|par|[from] ability: Static|[of] p2a: Zapdos
|faint|p2a: Zapdos
|
|-weather|RainDance|[upkeep]
|upkeep
|
|t:|1779662703
|switch|p2a: Alomomola|Alomomola, M|69/100
|-damage|p2a: Alomomola|57/100|[from] Stealth Rock
|turn|26
|
|t:|1779662711
|cant|p1a: Barraskewda|par
|move|p2a: Alomomola|Play Rough|p1a: Barraskewda
|-damage|p1a: Barraskewda|25/100 par
|
|-weather|RainDance|[upkeep]
|upkeep
|turn|27
|
|t:|1779662715
|move|p1a: Barraskewda|Liquidation|p2a: Alomomola
|-resisted|p2a: Alomomola
|-damage|p2a: Alomomola|18/100
|move|p2a: Alomomola|Play Rough|p1a: Barraskewda
|-damage|p1a: Barraskewda|0 fnt
|faint|p1a: Barraskewda
|
|-weather|none
|upkeep
|
|t:|1779662731
|switch|p1a: Hydreigon|Hydreigon, M|88/100
|-damage|p1a: Hydreigon|76/100|[from] Stealth Rock
|turn|28
|
|t:|1779662741
|move|p1a: Hydreigon|Dark Pulse|p2a: Alomomola
|-damage|p2a: Alomomola|0 fnt
|faint|p2a: Alomomola
|
|upkeep
|
|t:|1779662744
|switch|p2a: Iron Valiant|Iron Valiant|69/100
|-damage|p2a: Iron Valiant|63/100|[from] Stealth Rock
|turn|29
|
|t:|1779662750
|move|p2a: Iron Valiant|Moonblast|p1a: Hydreigon
|-supereffective|p1a: Hydreigon
|-damage|p1a: Hydreigon|0 fnt
|faint|p1a: Hydreigon
|
|upkeep
|
|t:|1779662753
|switch|p1a: Pelipper|Pelipper, M|60/100 par
|-damage|p1a: Pelipper|35/100 par|[from] Stealth Rock
|-weather|RainDance|[from] ability: Drizzle|[of] p1a: Pelipper
|turn|30
|
|t:|1779662756
|move|p2a: Iron Valiant|Moonblast|p1a: Pelipper
|-damage|p1a: Pelipper|0 fnt
|faint|p1a: Pelipper
|
|win|Profit fin
|raw|louwilliamzz's rating: 1413 &rarr; <strong>1393</strong><br />(-20 for losing)
|raw|Profit fin's rating: 1415 &rarr; <strong>1435</strong><br />(+20 for winning)
|l|☆louwilliamzz
|player|p1|
|l|☆Profit fin
|player|p2|
