|j|☆Sofaniyas
|j|☆g4h5tbt
|t:|1779696468
|gametype|singles
|player|p1|Sofaniyas|102|1000
|player|p2|g4h5tbt|266|1000
|gen|9
|tier|[Gen 9] OU
|rated|
|rule|HP Percentage Mod: HP is shown in percentages
|rule|Endless Battle Clause: Forcing endless battles is banned
|rule|Species Clause: Limit one of each Pokémon
|rule|OHKO Clause: OHKO moves are banned
|rule|Evasion Items Clause: Evasion items are banned
|rule|Evasion Moves Clause: Evasion moves are banned
|rule|Evasion Abilities Clause: Evasion abilities are banned
|rule|Sleep Moves Clause: Sleep-inducing moves are banned
|clearpoke
|poke|p1|Garchomp, M|
|poke|p1|Darkrai|
|poke|p1|Gholdengo|
|poke|p1|Ogerpon-Wellspring, F|
|poke|p1|Iron Valiant|
|poke|p1|Iron Treads|
|poke|p2|Maushold-Four|
|poke|p2|Cinccino, M|
|poke|p2|Skeledirge, F|
|poke|p2|Clefable, F|
|poke|p2|Landorus-Therian, M|
|poke|p2|Weezing-Galar, M|
|teampreview
|
|t:|1779696501
|teamsize|p1|6
|teamsize|p2|6
|start
|switch|p1a: Garchomp|Garchomp, M|100/100
|switch|p2a: Maushold|Maushold-Four|100/100
|turn|1
|
|t:|1779696515
|switch|p2a: Landorus|Landorus-Therian, M|100/100
|-ability|p2a: Landorus|Intimidate|boost
|-unboost|p1a: Garchomp|atk|1
|move|p1a: Garchomp|Stealth Rock|p2a: Landorus
|-sidestart|p2: g4h5tbt|move: Stealth Rock
|
|upkeep
|turn|2
|
|t:|1779696523
|move|p2a: Landorus|Earthquake|p1a: Garchomp
|-damage|p1a: Garchomp|63/100
|move|p1a: Garchomp|Spikes|p2a: Landorus
|-sidestart|p2: g4h5tbt|Spikes
|
|upkeep
|turn|3
|
|t:|1779696533
|-terastallize|p1a: Garchomp|Ghost
|move|p2a: Landorus|Earthquake|p1a: Garchomp
|-damage|p1a: Garchomp|22/100
|move|p1a: Garchomp|Dragon Tail|p2a: Landorus
|-damage|p2a: Landorus|82/100
|drag|p2a: Clefable|Clefable, F|100/100
|-damage|p2a: Clefable|88/100|[from] Stealth Rock
|-damage|p2a: Clefable|76/100|[from] Spikes
|
|upkeep
|turn|4
|
|t:|1779696545
|switch|p2a: Landorus|Landorus-Therian, M|82/100
|-damage|p2a: Landorus|69/100|[from] Stealth Rock
|-ability|p2a: Landorus|Intimidate|boost
|-unboost|p1a: Garchomp|atk|1
|move|p1a: Garchomp|Spikes|p2a: Landorus
|-sidestart|p2: g4h5tbt|Spikes
|
|upkeep
|turn|5
|
|t:|1779696554
|switch|p1a: Gholdengo|Gholdengo|100/100
|-item|p1a: Gholdengo|Air Balloon
|move|p2a: Landorus|Earthquake|p1a: Gholdengo
|-immune|p1a: Gholdengo
|
|upkeep
|turn|6
|
|t:|1779696566
|switch|p2a: Weezing|Weezing-Galar, M|100/100
|-ability|p2a: Weezing|Neutralizing Gas
|-damage|p2a: Weezing|88/100|[from] Stealth Rock
|-damage|p2a: Weezing|72/100|[from] Spikes
|move|p1a: Gholdengo|Make It Rain|p2a: Weezing
|-supereffective|p2a: Weezing
|-damage|p2a: Weezing|0 fnt
|-unboost|p1a: Gholdengo|spa|1
|faint|p2a: Weezing
|-end|p2a: Weezing|ability: Neutralizing Gas
|
|upkeep
|-message|g4h5tbt forfeited.
|
|win|Sofaniyas
|raw|Sofaniyas's rating: 1000 &rarr; <strong>1040</strong><br />(+40 for winning)
|raw|g4h5tbt's rating: 1000 &rarr; <strong>1000</strong><br />(+0 for losing)
|l|☆g4h5tbt
|player|p2|
|c|☆Sofaniyas|gg
