|j|‽repete64
|j|☆omurprimezer
|t:|1779566912
|gametype|singles
|player|p1|repete64|102|1562
|player|p2|omurprimezer|steven|1551
|gen|9
|tier|[Gen 9] OU
|rated|
|rule|HP Percentage Mod: HP is shown in percentages
|rule|Endless Battle Clause: Forcing endless battles is banned
|rule|Species Clause: Limit one of each Pokémon
|rule|OHKO Clause: OHKO moves are banned
|rule|Evasion Items Clause: Evasion items are banned
|rule|Evasion Moves Clause: Evasion moves are banned
|rule|Evasion Abilities Clause: Evasion abilities are banned
|rule|Sleep Moves Clause: Sleep-inducing moves are banned
|clearpoke
|poke|p1|Slowbro-Galar, M|
|poke|p1|Serperior, F|
|poke|p1|Zapdos|
|poke|p1|Heatran, M|
|poke|p1|Ting-Lu|
|poke|p1|Hatterene, F|
|poke|p2|Iron Moth|
|poke|p2|Kingambit, F|
|poke|p2|Dragonite, M|
|poke|p2|Ogerpon-Cornerstone, F|
|poke|p2|Iron Valiant|
|poke|p2|Raging Bolt|
|teampreview
|inactive|Battle timer is ON: inactive players will automatically lose when time's up. (requested by omurprimezer)
|
|t:|1779566919
|teamsize|p1|6
|teamsize|p2|6
|start
|switch|p1a: Ting-Lu|Ting-Lu|100/100
|switch|p2a: Iron dih|Iron Moth|100/100
|-ability|p1a: Ting-Lu|Vessel of Ruin
|-enditem|p2a: Iron dih|Booster Energy
|-activate|p2a: Iron dih|ability: Quark Drive|[fromitem]
|-start|p2a: Iron dih|quarkdrivespe
|turn|1
|
|t:|1779566925
|-terastallize|p2a: Iron dih|Grass
|move|p2a: Iron dih|Energy Ball|p1a: Ting-Lu
|-supereffective|p1a: Ting-Lu
|-damage|p1a: Ting-Lu|47/100
|move|p1a: Ting-Lu|Whirlwind|p2a: Iron dih
|-end|p2a: Iron dih|Quark Drive|[silent]
|drag|p2a: hechekoum sheitan|Ogerpon-Cornerstone, F|100/100
|
|-heal|p1a: Ting-Lu|53/100|[from] item: Leftovers
|upkeep
|turn|2
|
|t:|1779566931
|switch|p1a: Zapdos|Zapdos|100/100
|move|p2a: hechekoum sheitan|Power Whip|p1a: Zapdos
|-resisted|p1a: Zapdos
|-damage|p1a: Zapdos|58/100
|-status|p2a: hechekoum sheitan|par|[from] ability: Static|[of] p1a: Zapdos
|
|upkeep
|turn|3
|
|t:|1779566936
|move|p1a: Zapdos|Volt Switch|p2a: hechekoum sheitan
|-resisted|p2a: hechekoum sheitan
|-damage|p2a: hechekoum sheitan|80/100 par
|
|t:|1779566940
|switch|p1a: Ting-Lu|Ting-Lu|53/100|[from] Volt Switch
|-ability|p1a: Ting-Lu|Vessel of Ruin
|move|p2a: hechekoum sheitan|Ivy Cudgel|p1a: Ting-Lu|[anim] Ivy Cudgel Rock
|-resisted|p1a: Ting-Lu
|-crit|p1a: Ting-Lu
|-damage|p1a: Ting-Lu|34/100
|
|-heal|p1a: Ting-Lu|40/100|[from] item: Leftovers
|upkeep
|turn|4
|
|t:|1779566950
|switch|p1a: Zapdos|Zapdos|58/100
|cant|p2a: hechekoum sheitan|par
|
|upkeep
|turn|5
|
|t:|1779566961
|move|p1a: Zapdos|Hurricane|p2a: hechekoum sheitan
|-damage|p2a: hechekoum sheitan|8/100 par
|move|p2a: hechekoum sheitan|Ivy Cudgel|p1a: Zapdos|[anim] Ivy Cudgel Rock
|-supereffective|p1a: Zapdos
|-damage|p1a: Zapdos|0 fnt
|faint|p1a: Zapdos
|
|upkeep
|
|t:|1779566971
|switch|p1a: Serperior|Serperior, F|100/100
|turn|6
|
|t:|1779566976
|move|p1a: Serperior|Leaf Storm|p2a: hechekoum sheitan
|-damage|p2a: hechekoum sheitan|0 fnt
|-boost|p1a: Serperior|spa|2
|faint|p2a: hechekoum sheitan
|
|upkeep
|
|t:|1779566978
|switch|p2a: Iron dih|Iron Moth, tera:Grass|100/100
|turn|7
|
|t:|1779566983
|move|p1a: Serperior|Glare|p2a: Iron dih
|-status|p2a: Iron dih|par
|move|p2a: Iron dih|Fiery Dance|p1a: Serperior
|-supereffective|p1a: Serperior
|-damage|p1a: Serperior|21/100
|
|-heal|p1a: Serperior|27/100|[from] item: Leftovers
|upkeep
|turn|8
|
|t:|1779567005
|move|p1a: Serperior|Substitute|p1a: Serperior
|-start|p1a: Serperior|Substitute
|-damage|p1a: Serperior|2/100
|cant|p2a: Iron dih|par
|
|-heal|p1a: Serperior|8/100|[from] item: Leftovers
|upkeep
|turn|9
|
|t:|1779567009
|move|p1a: Serperior|Leaf Storm|p2a: Iron dih|[miss]
|-miss|p1a: Serperior|p2a: Iron dih
|move|p2a: Iron dih|Fiery Dance|p1a: Serperior
|-supereffective|p1a: Serperior
|-end|p1a: Serperior|Substitute
|
|-heal|p1a: Serperior|15/100|[from] item: Leftovers
|upkeep
|turn|10
|
|t:|1779567011
|move|p1a: Serperior|Leaf Storm|p2a: Iron dih
|-resisted|p2a: Iron dih
|-damage|p2a: Iron dih|64/100 par
|-boost|p1a: Serperior|spa|2
|cant|p2a: Iron dih|par
|
|-heal|p1a: Serperior|21/100|[from] item: Leftovers
|upkeep
|turn|11
|
|t:|1779567014
|switch|p1a: Heatran|Heatran, M|100/100
|move|p2a: Iron dih|Fiery Dance|p1a: Heatran
|-start|p1a: Heatran|ability: Flash Fire
|
|upkeep
|turn|12
|
|t:|1779567017
|move|p1a: Heatran|Magma Storm|p2a: Iron dih
|-supereffective|p2a: Iron dih
|-damage|p2a: Iron dih|0 fnt
|faint|p2a: Iron dih
|-end|p2a: Iron dih|Quark Drive|[silent]
|
|upkeep
|
|t:|1779567025
|switch|p2a: Abu Azrael|Iron Valiant|100/100
|-enditem|p2a: Abu Azrael|Booster Energy
|-activate|p2a: Abu Azrael|ability: Quark Drive|[fromitem]
|-start|p2a: Abu Azrael|quarkdrivespe
|turn|13
|
|t:|1779567028
|move|p2a: Abu Azrael|Close Combat|p1a: Heatran
|-supereffective|p1a: Heatran
|-damage|p1a: Heatran|0 fnt
|-unboost|p2a: Abu Azrael|def|1
|-unboost|p2a: Abu Azrael|spd|1
|faint|p1a: Heatran
|
|upkeep
|
|t:|1779567033
|switch|p1a: Slowbro|Slowbro-Galar, M|100/100
|turn|14
|
|t:|1779567038
|move|p2a: Abu Azrael|Destiny Bond|p2a: Abu Azrael
|-singlemove|p2a: Abu Azrael|Destiny Bond
|move|p1a: Slowbro|Belly Drum|p1a: Slowbro
|-damage|p1a: Slowbro|51/100
|-setboost|p1a: Slowbro|atk|6|[from] move: Belly Drum
|
|upkeep
|turn|15
|-activate|p1a: Slowbro|ability: Quick Draw
|
|t:|1779567051
|move|p1a: Slowbro|Earthquake|p2a: Abu Azrael
|-damage|p2a: Abu Azrael|0 fnt
|faint|p2a: Abu Azrael
|-activate|p2a: Abu Azrael|move: Destiny Bond
|-end|p2a: Abu Azrael|Quark Drive|[silent]
|faint|p1a: Slowbro
|
|upkeep
|
|t:|1779567059
|switch|p2a: dih sucker|Raging Bolt|100/100
|switch|p1a: Serperior|Serperior, F|21/100
|-enditem|p2a: dih sucker|Booster Energy
|-activate|p2a: dih sucker|ability: Protosynthesis|[fromitem]
|-start|p2a: dih sucker|protosynthesisspa
|turn|16
|
|t:|1779567061
|move|p2a: dih sucker|Thunderclap||[still]
|-fail|p2a: dih sucker
|move|p1a: Serperior|Leech Seed|p2a: dih sucker
|-start|p2a: dih sucker|move: Leech Seed
|
|-heal|p1a: Serperior|27/100|[from] item: Leftovers
|-damage|p2a: dih sucker|88/100|[from] Leech Seed|[of] p1a: Serperior
|-heal|p1a: Serperior|41/100|[silent]
|upkeep
|turn|17
|
|t:|1779567064
|move|p1a: Serperior|Substitute|p1a: Serperior
|-start|p1a: Serperior|Substitute
|-damage|p1a: Serperior|16/100
|move|p2a: dih sucker|Dragon Pulse|p1a: Serperior
|-end|p1a: Serperior|Substitute
|
|-heal|p1a: Serperior|22/100|[from] item: Leftovers
|-damage|p2a: dih sucker|76/100|[from] Leech Seed|[of] p1a: Serperior
|-heal|p1a: Serperior|36/100|[silent]
|upkeep
|turn|18
|
|t:|1779567067
|move|p1a: Serperior|Substitute|p1a: Serperior
|-start|p1a: Serperior|Substitute
|-damage|p1a: Serperior|11/100
|move|p2a: dih sucker|Dragon Pulse|p1a: Serperior
|-crit|p1a: Serperior
|-end|p1a: Serperior|Substitute
|
|-heal|p1a: Serperior|17/100|[from] item: Leftovers
|-damage|p2a: dih sucker|64/100|[from] Leech Seed|[of] p1a: Serperior
|-heal|p1a: Serperior|30/100|[silent]
|upkeep
|turn|19
|
|t:|1779567069
|move|p1a: Serperior|Substitute|p1a: Serperior
|-start|p1a: Serperior|Substitute
|-damage|p1a: Serperior|6/100
|move|p2a: dih sucker|Dragon Pulse|p1a: Serperior
|-end|p1a: Serperior|Substitute
|
|-heal|p1a: Serperior|12/100|[from] item: Leftovers
|-damage|p2a: dih sucker|51/100|[from] Leech Seed|[of] p1a: Serperior
|-heal|p1a: Serperior|25/100|[silent]
|upkeep
|turn|20
|
|t:|1779567074
|move|p1a: Serperior|Leech Seed||[still]
|-fail|p1a: Serperior
|move|p2a: dih sucker|Dragon Pulse|p1a: Serperior
|-damage|p1a: Serperior|0 fnt
|faint|p1a: Serperior
|
|upkeep
|
|t:|1779567078
|switch|p1a: Hatterene|Hatterene, F|100/100
|turn|21
|
|t:|1779567081
|move|p2a: dih sucker|Thunderbolt|p1a: Hatterene
|-damage|p1a: Hatterene|24/100
|move|p1a: Hatterene|Calm Mind|p1a: Hatterene
|-boost|p1a: Hatterene|spa|1
|-boost|p1a: Hatterene|spd|1
|
|-heal|p1a: Hatterene|30/100|[from] item: Leftovers
|-damage|p2a: dih sucker|39/100|[from] Leech Seed|[of] p1a: Hatterene
|-heal|p1a: Hatterene|45/100|[silent]
|upkeep
|turn|22
|
|t:|1779567086
|move|p2a: dih sucker|Thunderbolt|p1a: Hatterene
|-damage|p1a: Hatterene|0 fnt
|faint|p1a: Hatterene
|
|upkeep
|-message|repete64 forfeited.
|
|win|omurprimezer
|raw|repete64's rating: 1562 &rarr; <strong>1540</strong><br />(-22 for losing)
|raw|omurprimezer's rating: 1529 &rarr; <strong>1551</strong><br />(+22 for winning)
|l|‽repete64
|player|p1|
|l|☆omurprimezer
|player|p2|
