|j|☆kilowatrel
|j|☆Yullei
|t:|1779624484
|gametype|singles
|player|p1|kilowatrel|leon|1509
|player|p2|Yullei|zinnia|1558
|gen|9
|tier|[Gen 9] OU
|rated|
|rule|HP Percentage Mod: HP is shown in percentages
|rule|Endless Battle Clause: Forcing endless battles is banned
|rule|Species Clause: Limit one of each Pokémon
|rule|OHKO Clause: OHKO moves are banned
|rule|Evasion Items Clause: Evasion items are banned
|rule|Evasion Moves Clause: Evasion moves are banned
|rule|Evasion Abilities Clause: Evasion abilities are banned
|rule|Sleep Moves Clause: Sleep-inducing moves are banned
|clearpoke
|poke|p1|Samurott-Hisui, M|
|poke|p1|Kommo-o, F|
|poke|p1|Slowking-Galar, F|
|poke|p1|Corviknight, F|
|poke|p1|Landorus-Therian, M|
|poke|p1|Meowscarada, F|
|poke|p2|Pelipper, M|
|poke|p2|Raging Bolt|
|poke|p2|Overqwil, F|
|poke|p2|Barraskewda, M|
|poke|p2|Iron Treads|
|poke|p2|Kingambit, M|
|teampreview
|inactive|Battle timer is ON: inactive players will automatically lose when time's up. (requested by kilowatrel)
|
|t:|1779624494
|teamsize|p1|6
|teamsize|p2|6
|start
|switch|p1a: Slowking|Slowking-Galar, F|100/100
|switch|p2a: man|Iron Treads|100/100
|-enditem|p2a: man|Booster Energy
|-activate|p2a: man|ability: Quark Drive|[fromitem]
|-start|p2a: man|quarkdrivespe
|turn|1
|
|t:|1779624509
|switch|p1a: Landorus|Landorus-Therian, M|100/100
|-ability|p1a: Landorus|Intimidate|boost
|-unboost|p2a: man|atk|1
|move|p2a: man|Stealth Rock|p1a: Landorus
|-sidestart|p1: kilowatrel|move: Stealth Rock
|
|upkeep
|turn|2
|
|t:|1779624518
|-end|p2a: man|Quark Drive|[silent]
|switch|p2a: cat|Pelipper, M|100/100
|-weather|RainDance|[from] ability: Drizzle|[of] p2a: cat
|move|p1a: Landorus|Stone Edge|p2a: cat
|-supereffective|p2a: cat
|-damage|p2a: cat|45/100
|
|-weather|RainDance|[upkeep]
|upkeep
|turn|3
|
|t:|1779624531
|switch|p2a: man|Iron Treads|100/100
|move|p1a: Landorus|U-turn|p2a: man
|-resisted|p2a: man
|-damage|p2a: man|89/100
|
|t:|1779624538
|switch|p1a: Corviknight|Corviknight, F|100/100|[from] U-turn
|-damage|p1a: Corviknight|88/100|[from] Stealth Rock
|-ability|p1a: Corviknight|Pressure
|
|-weather|RainDance|[upkeep]
|upkeep
|turn|4
|
|t:|1779624542
|-end|p2a: man|Quark Drive|[silent]
|switch|p2a: cat|Pelipper, M|45/100
|move|p1a: Corviknight|Defog|p2a: cat
|-unboost|p2a: cat|evasion|1
|-sideend|p1: kilowatrel|Stealth Rock|[from] move: Defog|[of] p1a: Corviknight
|
|-weather|RainDance|[upkeep]
|upkeep
|turn|5
|
|t:|1779624547
|switch|p1a: Slowking|Slowking-Galar, F|100/100
|move|p2a: cat|Roost|p2a: cat
|-heal|p2a: cat|95/100
|-singleturn|p2a: cat|move: Roost
|
|-weather|RainDance|[upkeep]
|upkeep
|turn|6
|
|t:|1779624555
|switch|p2a: e e|Barraskewda, M|100/100
|-prepare|p1a: Slowking|Chilly Reception|[premajor]
|move|p1a: Slowking|Chilly Reception|p1a: Slowking
|-weather|Snowscape
|
|t:|1779624561
|switch|p1a: delta|Meowscarada, F|100/100|[from] Chilly Reception
|
|-weather|Snowscape|[upkeep]
|upkeep
|turn|7
|
|t:|1779624565
|switch|p2a: cat|Pelipper, M|95/100
|-weather|RainDance|[from] ability: Drizzle|[of] p2a: cat
|move|p1a: delta|Flower Trick|p2a: cat
|-start|p1a: delta|typechange|Grass|[from] ability: Protean
|-crit|p2a: cat
|-damage|p2a: cat|57/100
|
|-weather|RainDance|[upkeep]
|upkeep
|turn|8
|
|t:|1779624574
|switch|p1a: Landorus|Landorus-Therian, M|100/100
|-ability|p1a: Landorus|Intimidate|boost
|-unboost|p2a: cat|atk|1
|switch|p2a: rabbit|Raging Bolt|100/100
|-enditem|p2a: rabbit|Booster Energy
|-activate|p2a: rabbit|ability: Protosynthesis|[fromitem]
|-start|p2a: rabbit|protosynthesisspa
|
|-weather|RainDance|[upkeep]
|upkeep
|turn|9
|
|t:|1779624582
|move|p1a: Landorus|U-turn|p2a: rabbit
|-damage|p2a: rabbit|75/100
|
|t:|1779624585
|switch|p1a: Slowking|Slowking-Galar, F|100/100|[from] U-turn
|move|p2a: rabbit|Weather Ball|p1a: Slowking
|-crit|p1a: Slowking
|-damage|p1a: Slowking|30/100
|
|-weather|RainDance|[upkeep]
|upkeep
|turn|10
|
|t:|1779624604
|switch|p1a: delta|Meowscarada, F|100/100
|move|p2a: rabbit|Thunder|p1a: delta
|-resisted|p1a: delta
|-damage|p1a: delta|32/100
|
|-weather|RainDance|[upkeep]
|upkeep
|turn|11
|
|t:|1779624613
|move|p2a: rabbit|Thunderclap|p1a: delta
|-resisted|p1a: delta
|-damage|p1a: delta|0 fnt
|faint|p1a: delta
|
|-weather|RainDance|[upkeep]
|upkeep
|
|t:|1779624625
|switch|p1a: Landorus|Landorus-Therian, M|100/100
|-ability|p1a: Landorus|Intimidate|boost
|-unboost|p2a: rabbit|atk|1
|turn|12
|
|t:|1779624627
|-end|p2a: rabbit|Protosynthesis|[silent]
|switch|p2a: cat|Pelipper, M|57/100
|move|p1a: Landorus|Earthquake|p2a: cat
|-immune|p2a: cat
|
|-weather|RainDance|[upkeep]
|upkeep
|turn|13
|
|t:|1779624632
|switch|p2a: rabbit|Raging Bolt|75/100
|move|p1a: Landorus|Stone Edge|p2a: rabbit
|-damage|p2a: rabbit|44/100
|
|-weather|RainDance|[upkeep]
|upkeep
|turn|14
|
|t:|1779624640
|-end|p2a: rabbit|Protosynthesis|[silent]
|switch|p2a: cat|Pelipper, M|57/100
|move|p1a: Landorus|Earthquake|p2a: cat
|-immune|p2a: cat
|
|-weather|none
|upkeep
|turn|15
|
|t:|1779624643
|switch|p2a: man|Iron Treads|89/100
|move|p1a: Landorus|Stone Edge|p2a: man
|-resisted|p2a: man
|-damage|p2a: man|81/100
|
|upkeep
|turn|16
|
|t:|1779624647
|move|p2a: man|Steel Beam|p1a: Landorus|[miss]
|-miss|p2a: man|p1a: Landorus
|-damage|p2a: man|31/100|[from] steelbeam
|move|p1a: Landorus|Earthquake|p2a: man
|-supereffective|p2a: man
|-damage|p2a: man|0 fnt
|faint|p2a: man
|-end|p2a: man|Quark Drive|[silent]
|
|upkeep
|
|t:|1779624649
|switch|p2a: cat|Pelipper, M|57/100
|-weather|RainDance|[from] ability: Drizzle|[of] p2a: cat
|turn|17
|
|t:|1779624657
|move|p1a: Landorus|U-turn|p2a: cat
|-resisted|p2a: cat
|-damage|p2a: cat|48/100
|
|t:|1779624659
|switch|p1a: Slowking|Slowking-Galar, F|63/100|[from] U-turn
|move|p2a: cat|Weather Ball|p1a: Slowking
|-damage|p1a: Slowking|33/100
|
|-weather|RainDance|[upkeep]
|upkeep
|turn|18
|
|t:|1779624665
|-terastallize|p1a: Slowking|Water
|move|p2a: cat|Hurricane|p1a: Slowking
|-damage|p1a: Slowking|12/100
|-start|p1a: Slowking|confusion
|-prepare|p1a: Slowking|Chilly Reception|[premajor]
|-activate|p1a: Slowking|confusion
|-damage|p1a: Slowking|5/100|[from] confusion
|
|-weather|RainDance|[upkeep]
|upkeep
|turn|19
|
|t:|1779624676
|move|p2a: cat|Hurricane|p1a: Slowking
|-damage|p1a: Slowking|0 fnt
|faint|p1a: Slowking
|
|-weather|RainDance|[upkeep]
|upkeep
|
|t:|1779624679
|switch|p1a: shadow|Samurott-Hisui, M|100/100
|turn|20
|
|t:|1779624685
|move|p1a: shadow|Ceaseless Edge|p2a: cat
|-damage|p2a: cat|4/100
|-sidestart|p2: Yullei|Spikes
|move|p2a: cat|U-turn|p1a: shadow
|-supereffective|p1a: shadow
|-damage|p1a: shadow|76/100
|
|t:|1779624691
|switch|p2a: rabbit|Raging Bolt|44/100|[from] U-turn
|-damage|p2a: rabbit|32/100|[from] Spikes
|
|-weather|RainDance|[upkeep]
|upkeep
|turn|21
|
|t:|1779624695
|move|p1a: shadow|Sucker Punch|p2a: rabbit
|-damage|p2a: rabbit|0 fnt
|faint|p2a: rabbit
|-end|p2a: rabbit|Protosynthesis|[silent]
|
|-weather|RainDance|[upkeep]
|upkeep
|
|t:|1779624702
|switch|p2a: dog|Overqwil, F|100/100
|-damage|p2a: dog|88/100|[from] Spikes
|turn|22
|
|t:|1779624711
|move|p2a: dog|Swords Dance|p2a: dog
|-boost|p2a: dog|atk|2
|move|p1a: shadow|Razor Shell|p2a: dog
|-damage|p2a: dog|0 fnt
|faint|p2a: dog
|
|-weather|RainDance|[upkeep]
|upkeep
|
|t:|1779624722
|switch|p2a: woman|Kingambit, M, shiny|100/100
|-damage|p2a: woman|88/100|[from] Spikes
|-activate|p2a: woman|ability: Supreme Overlord
|-start|p2a: woman|fallen3|[silent]
|turn|23
|
|t:|1779624725
|move|p1a: shadow|Razor Shell|p2a: woman|[miss]
|-miss|p1a: shadow|p2a: woman
|move|p2a: woman|Swords Dance|p2a: woman
|-boost|p2a: woman|atk|2
|
|-weather|RainDance|[upkeep]
|-heal|p2a: woman|94/100|[from] item: Leftovers
|upkeep
|turn|24
|
|t:|1779624729
|switch|p1a: Corviknight|Corviknight, F|88/100
|-ability|p1a: Corviknight|Pressure
|move|p2a: woman|Swords Dance|p2a: woman
|-boost|p2a: woman|atk|2
|
|-weather|none
|-heal|p2a: woman|100/100|[from] item: Leftovers
|upkeep
|turn|25
|
|t:|1779624737
|move|p2a: woman|Kowtow Cleave|p1a: Corviknight
|-crit|p1a: Corviknight
|-damage|p1a: Corviknight|0 fnt
|-damage|p2a: woman|84/100|[from] item: Rocky Helmet|[of] p1a: Corviknight
|faint|p1a: Corviknight
|
|-heal|p2a: woman|90/100|[from] item: Leftovers
|upkeep
|
|t:|1779624750
|switch|p1a: eagle 4|Kommo-o, F|100/100
|turn|26
|
|t:|1779624753
|move|p2a: woman|Sucker Punch|p1a: eagle 4
|-resisted|p1a: eagle 4
|-damage|p1a: eagle 4|22/100
|move|p1a: eagle 4|Drain Punch|p2a: woman
|-supereffective|p2a: woman
|-damage|p2a: woman|11/100
|-heal|p1a: eagle 4|77/100|[from] drain|[of] p2a: woman
|
|-heal|p2a: woman|18/100|[from] item: Leftovers
|upkeep
|turn|27
|
|t:|1779624763
|move|p1a: eagle 4|Drain Punch|p2a: woman
|-supereffective|p2a: woman
|-damage|p2a: woman|0 fnt
|-heal|p1a: eagle 4|89/100|[from] drain|[of] p2a: woman
|faint|p2a: woman
|-end|p2a: woman|fallen3|[silent]
|
|upkeep
|
|t:|1779624765
|switch|p2a: cat|Pelipper, M|4/100
|-weather|RainDance|[from] ability: Drizzle|[of] p2a: cat
|turn|28
|
|t:|1779624770
|move|p1a: eagle 4|Boomburst|p2a: cat
|-damage|p2a: cat|0 fnt
|faint|p2a: cat
|-enditem|p1a: eagle 4|Throat Spray
|-boost|p1a: eagle 4|spa|1|[from] item: Throat Spray
|
|-weather|RainDance|[upkeep]
|upkeep
|
|t:|1779624774
|switch|p2a: e e|Barraskewda, M|100/100
|-damage|p2a: e e|88/100|[from] Spikes
|turn|29
|
|t:|1779624779
|-terastallize|p2a: e e|Water
|move|p2a: e e|Liquidation|p1a: eagle 4
|-resisted|p1a: eagle 4
|-damage|p1a: eagle 4|25/100
|move|p1a: eagle 4|Clanging Scales|p2a: e e
|-damage|p2a: e e|0 fnt
|faint|p2a: e e
|
|win|kilowatrel
|raw|kilowatrel's rating: 1509 &rarr; <strong>1532</strong><br />(+23 for winning)
|raw|Yullei's rating: 1558 &rarr; <strong>1535</strong><br />(-23 for losing)
|l|☆Yullei
|player|p2|
|l|☆kilowatrel
|player|p1|
