|j|☆valtrin
|j|☆jsk69
|t:|1779690922
|gametype|singles
|player|p1|valtrin|266|1064
|player|p2|jsk69|266|1087
|gen|9
|tier|[Gen 9] OU
|rated|
|rule|HP Percentage Mod: HP is shown in percentages
|rule|Endless Battle Clause: Forcing endless battles is banned
|rule|Species Clause: Limit one of each Pokémon
|rule|OHKO Clause: OHKO moves are banned
|rule|Evasion Items Clause: Evasion items are banned
|rule|Evasion Moves Clause: Evasion moves are banned
|rule|Evasion Abilities Clause: Evasion abilities are banned
|rule|Sleep Moves Clause: Sleep-inducing moves are banned
|clearpoke
|poke|p1|Bisharp, M|
|poke|p1|Kingambit, F|
|poke|p1|Minior|
|poke|p1|Maushold-Four|
|poke|p1|Vileplume, M|
|poke|p1|Cetitan, F|
|poke|p2|Scizor, M|
|poke|p2|Lokix, F|
|poke|p2|Jirachi|
|poke|p2|Gliscor, F|
|poke|p2|Heatran, F|
|poke|p2|Hydreigon, F|
|teampreview
|
|t:|1779690933
|teamsize|p1|6
|teamsize|p2|6
|start
|switch|p1a: Minior|Minior|100/100
|switch|p2a: New fav bug|Lokix, F|100/100
|-formechange|p1a: Minior|Minior-Meteor||[from] ability: Shields Down
|turn|1
|
|t:|1779690941
|move|p2a: New fav bug|U-turn|p1a: Minior
|-resisted|p1a: Minior
|-damage|p1a: Minior|60/100
|
|t:|1779690945
|switch|p2a: it bugs me idk|Jirachi|100/100|[from] U-turn
|move|p1a: Minior|Shell Smash|p1a: Minior
|-unboost|p1a: Minior|def|1
|-unboost|p1a: Minior|spd|1
|-boost|p1a: Minior|atk|2
|-boost|p1a: Minior|spa|2
|-boost|p1a: Minior|spe|2
|-enditem|p1a: Minior|White Herb
|-clearnegativeboost|p1a: Minior|[silent]
|
|upkeep
|turn|2
|
|t:|1779690955
|move|p2a: it bugs me idk|Iron Head|p1a: Minior
|-supereffective|p1a: Minior
|-damage|p1a: Minior|0 fnt
|faint|p1a: Minior
|
|upkeep
|
|t:|1779690962
|switch|p1a: Bisharp|Bisharp, M|100/100
|turn|3
|
|t:|1779690970
|switch|p2a: goated bug|Scizor, M|100/100
|-terastallize|p1a: Bisharp|Flying
|move|p1a: Bisharp|Swords Dance|p1a: Bisharp
|-boost|p1a: Bisharp|atk|2
|
|upkeep
|turn|4
|
|t:|1779690983
|move|p2a: goated bug|Bullet Punch|p1a: Bisharp
|-damage|p1a: Bisharp|71/100
|move|p1a: Bisharp|Swords Dance|p1a: Bisharp
|-boost|p1a: Bisharp|atk|2
|
|upkeep
|turn|5
|
|t:|1779690989
|move|p2a: goated bug|Bullet Punch|p1a: Bisharp
|-damage|p1a: Bisharp|41/100
|move|p1a: Bisharp|Swords Dance|p1a: Bisharp
|-boost|p1a: Bisharp|atk|2
|
|upkeep
|turn|6
|
|t:|1779690998
|move|p1a: Bisharp|Sucker Punch|p2a: goated bug
|-damage|p2a: goated bug|0 fnt
|faint|p2a: goated bug
|
|upkeep
|
|t:|1779691006
|switch|p2a: New fav bug|Lokix, F|100/100
|turn|7
|
|t:|1779691011
|-terastallize|p2a: New fav bug|Bug
|move|p2a: New fav bug|First Impression|p1a: Bisharp
|-resisted|p1a: Bisharp
|-damage|p1a: Bisharp|0 fnt
|faint|p1a: Bisharp
|
|upkeep
|
|t:|1779691027
|switch|p1a: Cetitan|Cetitan, F|100/100
|turn|8
|
|t:|1779691034
|switch|p2a: frog eat bug|Heatran, F|100/100
|move|p1a: Cetitan|Icicle Crash|p2a: frog eat bug
|-resisted|p2a: frog eat bug
|-damage|p2a: frog eat bug|93/100
|
|-heal|p2a: frog eat bug|99/100|[from] item: Leftovers
|upkeep
|turn|9
|
|t:|1779691043
|move|p2a: frog eat bug|Magma Storm|p1a: Cetitan|[miss]
|-miss|p2a: frog eat bug|p1a: Cetitan
|move|p1a: Cetitan|High Horsepower|p2a: frog eat bug
|-supereffective|p2a: frog eat bug
|-damage|p2a: frog eat bug|0 fnt
|faint|p2a: frog eat bug
|
|upkeep
|
|t:|1779691051
|switch|p2a: Hydreigon|Hydreigon, F|100/100
|turn|10
|
|t:|1779691055
|move|p2a: Hydreigon|Flamethrower|p1a: Cetitan
|-supereffective|p1a: Cetitan
|-damage|p1a: Cetitan|75/100
|move|p1a: Cetitan|Icicle Crash|p2a: Hydreigon
|-supereffective|p2a: Hydreigon
|-damage|p2a: Hydreigon|11/100
|
|upkeep
|turn|11
|
|t:|1779691063
|switch|p2a: it bugs me idk|Jirachi|100/100
|move|p1a: Cetitan|Icicle Crash|p2a: it bugs me idk
|-resisted|p2a: it bugs me idk
|-damage|p2a: it bugs me idk|79/100
|
|upkeep
|turn|12
|
|t:|1779691070
|move|p2a: it bugs me idk|Iron Head|p1a: Cetitan
|-supereffective|p1a: Cetitan
|-damage|p1a: Cetitan|18/100
|move|p1a: Cetitan|High Horsepower|p2a: it bugs me idk
|-supereffective|p2a: it bugs me idk
|-damage|p2a: it bugs me idk|20/100
|
|upkeep
|turn|13
|
|t:|1779691078
|move|p2a: it bugs me idk|Iron Head|p1a: Cetitan
|-supereffective|p1a: Cetitan
|-damage|p1a: Cetitan|0 fnt
|faint|p1a: Cetitan
|
|upkeep
|
|t:|1779691083
|switch|p1a: Maushold|Maushold-Four|100/100
|turn|14
|
|t:|1779691088
|move|p2a: it bugs me idk|Iron Head|p1a: Maushold
|-damage|p1a: Maushold|45/100
|cant|p1a: Maushold|flinch
|
|upkeep
|turn|15
|
|t:|1779691094
|move|p1a: Maushold|Protect|p1a: Maushold
|-singleturn|p1a: Maushold|Protect
|move|p2a: it bugs me idk|Iron Head|p1a: Maushold
|-activate|p1a: Maushold|move: Protect
|
|upkeep
|turn|16
|
|t:|1779691100
|move|p2a: it bugs me idk|Iron Head|p1a: Maushold
|-damage|p1a: Maushold|0 fnt
|faint|p1a: Maushold
|
|upkeep
|
|t:|1779691104
|switch|p1a: Vileplume|Vileplume, M|100/100
|turn|17
|
|t:|1779691110
|move|p2a: it bugs me idk|Iron Head|p1a: Vileplume
|-damage|p1a: Vileplume|64/100
|cant|p1a: Vileplume|flinch
|
|upkeep
|turn|18
|
|t:|1779691117
|move|p2a: it bugs me idk|Iron Head|p1a: Vileplume
|-damage|p1a: Vileplume|32/100
|move|p1a: Vileplume|Strength Sap|p2a: it bugs me idk
|-unboost|p2a: it bugs me idk|atk|1
|-heal|p1a: Vileplume|100/100
|
|upkeep
|turn|19
|
|t:|1779691125
|switch|p2a: scorpion is bug|Gliscor, F|100/100
|move|p1a: Vileplume|Strength Sap|p2a: scorpion is bug
|-unboost|p2a: scorpion is bug|atk|1
|
|-status|p2a: scorpion is bug|tox|[from] item: Toxic Orb
|upkeep
|turn|20
|
|t:|1779691135
|switch|p2a: it bugs me idk|Jirachi|20/100
|move|p1a: Vileplume|Dazzling Gleam|p2a: it bugs me idk
|-resisted|p2a: it bugs me idk
|-damage|p2a: it bugs me idk|10/100
|
|upkeep
|turn|21
|
|t:|1779691142
|move|p2a: it bugs me idk|Trick|p1a: Vileplume
|-activate|p2a: it bugs me idk|move: Trick|[of] p1a: Vileplume
|-item|p1a: Vileplume|Choice Scarf|[from] move: Trick
|-item|p2a: it bugs me idk|Focus Sash|[from] move: Trick
|move|p1a: Vileplume|Dazzling Gleam|p2a: it bugs me idk
|-resisted|p2a: it bugs me idk
|-damage|p2a: it bugs me idk|1/100
|
|upkeep
|turn|22
|inactive|Battle timer is ON: inactive players will automatically lose when time's up. (requested by valtrin)
|inactive|jsk69 has 120 seconds left.
|
|t:|1779691251
|switch|p2a: scorpion is bug|Gliscor, F|100/100 tox
|move|p1a: Vileplume|Dazzling Gleam|p2a: scorpion is bug
|-damage|p2a: scorpion is bug|79/100 tox
|
|-heal|p2a: scorpion is bug|91/100 tox|[from] ability: Poison Heal
|upkeep
|turn|23
|
|t:|1779691263
|move|p1a: Vileplume|Dazzling Gleam|p2a: scorpion is bug
|-damage|p2a: scorpion is bug|69/100 tox
|move|p2a: scorpion is bug|Earthquake|p1a: Vileplume
|-damage|p1a: Vileplume|70/100
|
|-heal|p2a: scorpion is bug|82/100 tox|[from] ability: Poison Heal
|upkeep
|turn|24
|
|t:|1779691270
|move|p1a: Vileplume|Dazzling Gleam|p2a: scorpion is bug
|-damage|p2a: scorpion is bug|57/100 tox
|move|p2a: scorpion is bug|Earthquake|p1a: Vileplume
|-damage|p1a: Vileplume|37/100
|
|-heal|p2a: scorpion is bug|70/100 tox|[from] ability: Poison Heal
|upkeep
|turn|25
|
|t:|1779691278
|move|p1a: Vileplume|Dazzling Gleam|p2a: scorpion is bug
|-damage|p2a: scorpion is bug|48/100 tox
|move|p2a: scorpion is bug|Earthquake|p1a: Vileplume
|-damage|p1a: Vileplume|6/100
|
|-heal|p2a: scorpion is bug|61/100 tox|[from] ability: Poison Heal
|upkeep
|turn|26
|
|t:|1779691285
|move|p2a: scorpion is bug|Protect|p2a: scorpion is bug
|-singleturn|p2a: scorpion is bug|Protect
|move|p1a: Vileplume|Dazzling Gleam|p2a: scorpion is bug
|-activate|p2a: scorpion is bug|move: Protect
|
|-heal|p2a: scorpion is bug|73/100 tox|[from] ability: Poison Heal
|upkeep
|turn|27
|
|t:|1779691292
|move|p1a: Vileplume|Dazzling Gleam|p2a: scorpion is bug
|-damage|p2a: scorpion is bug|50/100 tox
|move|p2a: scorpion is bug|Earthquake|p1a: Vileplume
|-damage|p1a: Vileplume|0 fnt
|faint|p1a: Vileplume
|
|-heal|p2a: scorpion is bug|62/100 tox|[from] ability: Poison Heal
|upkeep
|
|t:|1779691299
|switch|p1a: Kingambit|Kingambit, F|100/100
|-activate|p1a: Kingambit|ability: Supreme Overlord
|-start|p1a: Kingambit|fallen5|[silent]
|-item|p1a: Kingambit|Air Balloon
|turn|28
|
|t:|1779691306
|move|p2a: scorpion is bug|Rock Slide|p1a: Kingambit
|-resisted|p1a: Kingambit
|-damage|p1a: Kingambit|93/100
|-enditem|p1a: Kingambit|Air Balloon
|move|p1a: Kingambit|Swords Dance|p1a: Kingambit
|-boost|p1a: Kingambit|atk|2
|
|-heal|p2a: scorpion is bug|75/100 tox|[from] ability: Poison Heal
|upkeep
|turn|29
|
|t:|1779691316
|switch|p2a: it bugs me idk|Jirachi|1/100
|move|p1a: Kingambit|Sucker Punch||[still]
|-fail|p1a: Kingambit
|
|upkeep
|turn|30
|
|t:|1779691327
|move|p2a: it bugs me idk|Wish|p2a: it bugs me idk
|move|p1a: Kingambit|Swords Dance|p1a: Kingambit
|-boost|p1a: Kingambit|atk|2
|
|upkeep
|turn|31
|
|t:|1779691334
|switch|p2a: Hydreigon|Hydreigon, F|11/100
|move|p1a: Kingambit|Sucker Punch||[still]
|-fail|p1a: Kingambit
|
|-heal|p2a: Hydreigon|64/100|[from] move: Wish|[wisher] it bugs me idk
|upkeep
|turn|32
|
|t:|1779691345
|move|p2a: Hydreigon|Flamethrower|p1a: Kingambit
|-supereffective|p1a: Kingambit
|-damage|p1a: Kingambit|10/100
|move|p1a: Kingambit|Iron Head|p2a: Hydreigon
|-damage|p2a: Hydreigon|0 fnt
|faint|p2a: Hydreigon
|
|upkeep
|
|t:|1779691353
|switch|p2a: New fav bug|Lokix, F, tera:Bug|100/100
|turn|33
|
|t:|1779691356
|move|p2a: New fav bug|First Impression|p1a: Kingambit
|-damage|p1a: Kingambit|0 fnt
|faint|p1a: Kingambit
|-end|p1a: Kingambit|fallen5|[silent]
|
|win|jsk69
|raw|valtrin's rating: 1064 &rarr; <strong>1046</strong><br />(-18 for losing)
|raw|jsk69's rating: 1087 &rarr; <strong>1112</strong><br />(+25 for winning)
|c|☆jsk69|gg
|l|☆valtrin
|player|p1|
|l|☆jsk69
|player|p2|
