|j|‽rank 1 greninja
|j|☆eros maniac
|t:|1779605362
|gametype|singles
|player|p1|rank 1 greninja|1|1740
|player|p2|eros maniac|hilbert-wonderlauncher|1664
|gen|9
|tier|[Gen 9] OU
|rated|
|rule|HP Percentage Mod: HP is shown in percentages
|rule|Endless Battle Clause: Forcing endless battles is banned
|rule|Species Clause: Limit one of each Pokémon
|rule|OHKO Clause: OHKO moves are banned
|rule|Evasion Items Clause: Evasion items are banned
|rule|Evasion Moves Clause: Evasion moves are banned
|rule|Evasion Abilities Clause: Evasion abilities are banned
|rule|Sleep Moves Clause: Sleep-inducing moves are banned
|clearpoke
|poke|p1|Pelipper, F|
|poke|p1|Tornadus-Therian, M|
|poke|p1|Barraskewda, F|
|poke|p1|Iron Treads|
|poke|p1|Raging Bolt|
|poke|p1|Moltres|
|poke|p2|Frosmoth, F|
|poke|p2|Maushold-Four|
|poke|p2|Okidogi, M|
|poke|p2|Sinistcha|
|poke|p2|Alomomola, F|
|poke|p2|Weezing-Galar, F|
|teampreview
|inactive|Battle timer is ON: inactive players will automatically lose when time's up. (requested by eros maniac)
|
|t:|1779605370
|teamsize|p1|6
|teamsize|p2|6
|start
|switch|p1a: Pelipper|Pelipper, F|100/100
|switch|p2a: Frosmoth|Frosmoth, F, shiny|100/100
|-weather|RainDance|[from] ability: Drizzle|[of] p1a: Pelipper
|turn|1
|
|t:|1779605380
|move|p2a: Frosmoth|Substitute|p2a: Frosmoth
|-start|p2a: Frosmoth|Substitute
|-damage|p2a: Frosmoth|75/100
|move|p1a: Pelipper|U-turn|p2a: Frosmoth
|-activate|p2a: Frosmoth|move: Substitute|[damage]
|
|t:|1779605387
|switch|p1a: Barraskewda|Barraskewda, F|100/100|[from] U-turn
|
|-weather|RainDance|[upkeep]
|-heal|p2a: Frosmoth|82/100|[from] item: Leftovers
|upkeep
|turn|2
|
|t:|1779605390
|move|p1a: Barraskewda|Flip Turn|p2a: Frosmoth
|-end|p2a: Frosmoth|Substitute
|
|t:|1779605395
|switch|p1a: Tornadus|Tornadus-Therian, M|100/100|[from] Flip Turn
|move|p2a: Frosmoth|Ice Beam|p1a: Tornadus
|-supereffective|p1a: Tornadus
|-damage|p1a: Tornadus|0 fnt
|faint|p1a: Tornadus
|
|-weather|RainDance|[upkeep]
|-heal|p2a: Frosmoth|88/100|[from] item: Leftovers
|upkeep
|
|t:|1779605398
|switch|p1a: Barraskewda|Barraskewda, F|100/100
|turn|3
|
|t:|1779605401
|switch|p2a: Alomomola|Alomomola, F, shiny|100/100
|-terastallize|p1a: Barraskewda|Water
|move|p1a: Barraskewda|Liquidation|p2a: Alomomola
|-resisted|p2a: Alomomola
|-damage|p2a: Alomomola|56/100
|-damage|p1a: Barraskewda|84/100|[from] item: Rocky Helmet|[of] p2a: Alomomola
|
|-weather|RainDance|[upkeep]
|upkeep
|turn|4
|
|t:|1779605405
|move|p1a: Barraskewda|Liquidation|p2a: Alomomola
|-resisted|p2a: Alomomola
|-damage|p2a: Alomomola|13/100
|-damage|p1a: Barraskewda|68/100|[from] item: Rocky Helmet|[of] p2a: Alomomola
|move|p2a: Alomomola|Flip Turn|p1a: Barraskewda
|-resisted|p1a: Barraskewda
|-damage|p1a: Barraskewda|43/100
|
|t:|1779605408
|switch|p2a: Sinistcha|Sinistcha, shiny|100/100|[from] Flip Turn
|
|-weather|RainDance|[upkeep]
|upkeep
|turn|5
|
|t:|1779605411
|switch|p1a: Moltres|Moltres|100/100
|switch|p2a: Alomomola|Alomomola, F, shiny|46/100
|
|-weather|RainDance|[upkeep]
|upkeep
|turn|6
|
|t:|1779605415
|move|p1a: Moltres|Hurricane|p2a: Alomomola
|-crit|p2a: Alomomola
|-damage|p2a: Alomomola|0 fnt
|faint|p2a: Alomomola
|
|-weather|RainDance|[upkeep]
|upkeep
|
|t:|1779605418
|switch|p2a: Frosmoth|Frosmoth, F, shiny|88/100
|turn|7
|
|t:|1779605426
|-terastallize|p2a: Frosmoth|Electric
|move|p1a: Moltres|Hurricane|p2a: Frosmoth
|-resisted|p2a: Frosmoth
|-crit|p2a: Frosmoth
|-damage|p2a: Frosmoth|69/100
|move|p2a: Frosmoth|Substitute|p2a: Frosmoth
|-start|p2a: Frosmoth|Substitute
|-damage|p2a: Frosmoth|44/100
|
|-weather|RainDance|[upkeep]
|-heal|p2a: Frosmoth|50/100|[from] item: Leftovers
|upkeep
|turn|8
|
|t:|1779605433
|switch|p1a: Barraskewda|Barraskewda, F, tera:Water|43/100
|move|p2a: Frosmoth|Quiver Dance|p2a: Frosmoth
|-boost|p2a: Frosmoth|spa|1
|-boost|p2a: Frosmoth|spd|1
|-boost|p2a: Frosmoth|spe|1
|
|-weather|none
|-heal|p2a: Frosmoth|56/100|[from] item: Leftovers
|upkeep
|turn|9
|
|t:|1779605436
|switch|p1a: Pelipper|Pelipper, F|100/100
|-weather|RainDance|[from] ability: Drizzle|[of] p1a: Pelipper
|move|p2a: Frosmoth|Substitute|p2a: Frosmoth
|-fail|p2a: Frosmoth|move: Substitute
|
|-weather|RainDance|[upkeep]
|-heal|p2a: Frosmoth|62/100|[from] item: Leftovers
|upkeep
|turn|10
|
|t:|1779605446
|move|p2a: Frosmoth|Quiver Dance|p2a: Frosmoth
|-boost|p2a: Frosmoth|spa|1
|-boost|p2a: Frosmoth|spd|1
|-boost|p2a: Frosmoth|spe|1
|move|p1a: Pelipper|U-turn|p2a: Frosmoth
|-activate|p2a: Frosmoth|move: Substitute|[damage]
|
|t:|1779605453
|switch|p1a: Barraskewda|Barraskewda, F, tera:Water|43/100|[from] U-turn
|
|-weather|RainDance|[upkeep]
|-heal|p2a: Frosmoth|69/100|[from] item: Leftovers
|upkeep
|turn|11
|
|t:|1779605456
|move|p1a: Barraskewda|Liquidation|p2a: Frosmoth
|-end|p2a: Frosmoth|Substitute
|move|p2a: Frosmoth|Ice Beam|p1a: Barraskewda
|-resisted|p1a: Barraskewda
|-damage|p1a: Barraskewda|0 fnt
|faint|p1a: Barraskewda
|
|-weather|RainDance|[upkeep]
|-heal|p2a: Frosmoth|75/100|[from] item: Leftovers
|upkeep
|
|t:|1779605461
|switch|p1a: Iron Treads|Iron Treads|100/100
|turn|12
|
|t:|1779605465
|switch|p2a: Sinistcha|Sinistcha, shiny|100/100
|move|p1a: Iron Treads|Earth Power|p2a: Sinistcha
|-resisted|p2a: Sinistcha
|-damage|p2a: Sinistcha|87/100
|
|-weather|RainDance|[upkeep]
|upkeep
|turn|13
|
|t:|1779605469
|switch|p2a: Maushold|Maushold-Four|100/100
|move|p1a: Iron Treads|Volt Switch|p2a: Maushold
|-damage|p2a: Maushold|83/100
|
|t:|1779605472
|-end|p1a: Iron Treads|Quark Drive|[silent]
|switch|p1a: Moltres|Moltres|100/100|[from] Volt Switch
|
|-weather|RainDance|[upkeep]
|upkeep
|turn|14
|
|t:|1779605483
|move|p2a: Maushold|Population Bomb|p1a: Moltres
|-damage|p1a: Moltres|87/100
|-damage|p1a: Moltres|74/100
|-damage|p1a: Moltres|60/100
|-damage|p1a: Moltres|46/100
|-damage|p1a: Moltres|32/100
|-damage|p1a: Moltres|20/100
|-damage|p1a: Moltres|5/100
|-damage|p1a: Moltres|0 fnt
|faint|p1a: Moltres
|-hitcount|p1: Moltres|8
|
|-weather|RainDance|[upkeep]
|upkeep
|
|t:|1779605487
|switch|p1a: Raging Bolt|Raging Bolt|100/100
|turn|15
|
|t:|1779605494
|move|p2a: Maushold|Population Bomb|p1a: Raging Bolt
|-damage|p1a: Raging Bolt|90/100
|-damage|p1a: Raging Bolt|81/100
|-damage|p1a: Raging Bolt|70/100
|-damage|p1a: Raging Bolt|60/100
|-damage|p1a: Raging Bolt|49/100
|-damage|p1a: Raging Bolt|39/100
|-damage|p1a: Raging Bolt|30/100
|-damage|p1a: Raging Bolt|20/100
|-damage|p1a: Raging Bolt|11/100
|-damage|p1a: Raging Bolt|1/100
|-hitcount|p1a: Raging Bolt|10
|move|p1a: Raging Bolt|Weather Ball|p2a: Maushold
|-damage|p2a: Maushold|0 fnt
|faint|p2a: Maushold
|
|-weather|RainDance|[upkeep]
|upkeep
|
|t:|1779605496
|switch|p2a: Frosmoth|Frosmoth, F, shiny, tera:Electric|75/100
|turn|16
|
|t:|1779605500
|switch|p2a: Weezing|Weezing-Galar, F|100/100
|-ability|p2a: Weezing|Neutralizing Gas
|move|p1a: Raging Bolt|Weather Ball|p2a: Weezing
|-damage|p2a: Weezing|27/100
|
|-weather|none
|upkeep
|turn|17
|
|t:|1779605503
|move|p1a: Raging Bolt|Volt Switch|p2a: Weezing
|-damage|p2a: Weezing|0 fnt
|faint|p2a: Weezing
|-end|p2a: Weezing|ability: Neutralizing Gas
|
|t:|1779605505
|-end|p1a: Raging Bolt|Protosynthesis|[silent]
|switch|p1a: Pelipper|Pelipper, F|100/100|[from] Volt Switch
|-weather|RainDance|[from] ability: Drizzle|[of] p1a: Pelipper
|
|-weather|RainDance|[upkeep]
|upkeep
|
|t:|1779605507
|switch|p2a: Frosmoth|Frosmoth, F, shiny, tera:Electric|75/100
|turn|18
|
|t:|1779605513
|move|p2a: Frosmoth|Quiver Dance|p2a: Frosmoth
|-boost|p2a: Frosmoth|spa|1
|-boost|p2a: Frosmoth|spd|1
|-boost|p2a: Frosmoth|spe|1
|move|p1a: Pelipper|U-turn|p2a: Frosmoth
|-damage|p2a: Frosmoth|61/100
|
|t:|1779605516
|switch|p1a: Iron Treads|Iron Treads|100/100|[from] U-turn
|
|-weather|RainDance|[upkeep]
|-heal|p2a: Frosmoth|67/100|[from] item: Leftovers
|upkeep
|turn|19
|
|t:|1779605521
|move|p2a: Frosmoth|Quiver Dance|p2a: Frosmoth
|-boost|p2a: Frosmoth|spa|1
|-boost|p2a: Frosmoth|spd|1
|-boost|p2a: Frosmoth|spe|1
|move|p1a: Iron Treads|Ice Spinner|p2a: Frosmoth
|-damage|p2a: Frosmoth|37/100
|
|-weather|RainDance|[upkeep]
|-heal|p2a: Frosmoth|44/100|[from] item: Leftovers
|upkeep
|turn|20
|
|t:|1779605530
|switch|p2a: Okidogi|Okidogi, M|100/100
|move|p1a: Iron Treads|Ice Spinner|p2a: Okidogi
|-damage|p2a: Okidogi|83/100
|
|-weather|RainDance|[upkeep]
|upkeep
|turn|21
|
|t:|1779605538
|-end|p1a: Iron Treads|Quark Drive|[silent]
|switch|p1a: Pelipper|Pelipper, F|100/100
|move|p2a: Okidogi|Close Combat|p1a: Pelipper
|-resisted|p1a: Pelipper
|-damage|p1a: Pelipper|56/100
|-unboost|p2a: Okidogi|def|1
|-unboost|p2a: Okidogi|spd|1
|
|-weather|RainDance|[upkeep]
|upkeep
|turn|22
|
|t:|1779605544
|move|p2a: Okidogi|Close Combat|p1a: Pelipper
|-resisted|p1a: Pelipper
|-damage|p1a: Pelipper|14/100
|-unboost|p2a: Okidogi|def|1
|-unboost|p2a: Okidogi|spd|1
|move|p1a: Pelipper|Roost|p1a: Pelipper
|-heal|p1a: Pelipper|64/100
|-singleturn|p1a: Pelipper|move: Roost
|
|-weather|RainDance|[upkeep]
|upkeep
|turn|23
|
|t:|1779605551
|move|p2a: Okidogi|Close Combat|p1a: Pelipper
|-resisted|p1a: Pelipper
|-damage|p1a: Pelipper|26/100
|-unboost|p2a: Okidogi|def|1
|-unboost|p2a: Okidogi|spd|1
|-status|p1a: Pelipper|tox|[from] ability: Toxic Chain|[of] p2a: Okidogi
|move|p1a: Pelipper|Roost|p1a: Pelipper
|-heal|p1a: Pelipper|76/100 tox
|-singleturn|p1a: Pelipper|move: Roost
|
|-weather|RainDance|[upkeep]
|-damage|p1a: Pelipper|70/100 tox|[from] psn
|upkeep
|turn|24
|
|t:|1779605554
|move|p2a: Okidogi|Close Combat|p1a: Pelipper
|-resisted|p1a: Pelipper
|-damage|p1a: Pelipper|28/100 tox
|-unboost|p2a: Okidogi|def|1
|-unboost|p2a: Okidogi|spd|1
|move|p1a: Pelipper|Hurricane|p2a: Okidogi
|-supereffective|p2a: Okidogi
|-damage|p2a: Okidogi|0 fnt
|faint|p2a: Okidogi
|
|-weather|none
|-damage|p1a: Pelipper|16/100 tox|[from] psn
|upkeep
|
|t:|1779605557
|switch|p2a: Frosmoth|Frosmoth, F, shiny, tera:Electric|44/100
|turn|25
|
|t:|1779605560
|switch|p1a: Iron Treads|Iron Treads|100/100
|move|p2a: Frosmoth|Quiver Dance|p2a: Frosmoth
|-boost|p2a: Frosmoth|spa|1
|-boost|p2a: Frosmoth|spd|1
|-boost|p2a: Frosmoth|spe|1
|
|-heal|p2a: Frosmoth|50/100|[from] item: Leftovers
|upkeep
|turn|26
|
|t:|1779605562
|move|p2a: Frosmoth|Quiver Dance|p2a: Frosmoth
|-boost|p2a: Frosmoth|spa|1
|-boost|p2a: Frosmoth|spd|1
|-boost|p2a: Frosmoth|spe|1
|move|p1a: Iron Treads|Ice Spinner|p2a: Frosmoth
|-damage|p2a: Frosmoth|19/100
|
|-heal|p2a: Frosmoth|25/100|[from] item: Leftovers
|upkeep
|turn|27
|
|t:|1779605565
|move|p2a: Frosmoth|Ice Beam|p1a: Iron Treads
|-crit|p1a: Iron Treads
|-damage|p1a: Iron Treads|36/100
|move|p1a: Iron Treads|Ice Spinner|p2a: Frosmoth
|-damage|p2a: Frosmoth|0 fnt
|faint|p2a: Frosmoth
|
|upkeep
|-message|eros maniac forfeited.
|
|win|rank 1 greninja
|raw|rank 1 greninja's rating: 1740 &rarr; <strong>1756</strong><br />(+16 for winning)
|raw|eros maniac's rating: 1664 &rarr; <strong>1648</strong><br />(-16 for losing)
|l|☆eros maniac
|player|p2|
|l|‽rank 1 greninja
|player|p1|
