|j|☆Mslaganjaestranja
|j|☆zman0604
|t:|1779555955
|gametype|singles
|player|p1|Mslaganjaestranja|265|1257
|player|p2|zman0604|sisandbro|1334
|gen|9
|tier|[Gen 9] OU
|rated|
|rule|HP Percentage Mod: HP is shown in percentages
|rule|Endless Battle Clause: Forcing endless battles is banned
|rule|Species Clause: Limit one of each Pokémon
|rule|OHKO Clause: OHKO moves are banned
|rule|Evasion Items Clause: Evasion items are banned
|rule|Evasion Moves Clause: Evasion moves are banned
|rule|Evasion Abilities Clause: Evasion abilities are banned
|rule|Sleep Moves Clause: Sleep-inducing moves are banned
|clearpoke
|poke|p1|Alomomola, F|
|poke|p1|Chansey, F|
|poke|p1|Corviknight, F|
|poke|p1|Clodsire, F|
|poke|p1|Garganacl, F|
|poke|p1|Clefable, F|
|poke|p2|Tyranitar, F|
|poke|p2|Excadrill, M|
|poke|p2|Rotom-Wash|
|poke|p2|Hydrapple, F|
|poke|p2|Fezandipiti, M|
|poke|p2|Blaziken, F|
|teampreview
|
|t:|1779555967
|teamsize|p1|6
|teamsize|p2|6
|start
|switch|p1a: Garganacl|Garganacl, F|100/100
|switch|p2a: Fezandipiti|Fezandipiti, M|100/100
|turn|1
|
|t:|1779555980
|move|p2a: Fezandipiti|U-turn|p1a: Garganacl
|-damage|p1a: Garganacl|91/100
|
|t:|1779555985
|switch|p2a: Tyranitar|Tyranitar, F|100/100|[from] U-turn
|-weather|Sandstorm|[from] ability: Sand Stream|[of] p2a: Tyranitar
|move|p1a: Garganacl|Salt Cure|p2a: Tyranitar
|-damage|p2a: Tyranitar|91/100
|-start|p2a: Tyranitar|Salt Cure
|
|-weather|Sandstorm|[upkeep]
|-heal|p1a: Garganacl|97/100|[from] item: Leftovers
|-damage|p2a: Tyranitar|78/100|[from] Salt Cure
|upkeep
|turn|2
|
|t:|1779555994
|move|p2a: Tyranitar|Stealth Rock|p1a: Garganacl
|-sidestart|p1: Mslaganjaestranja|move: Stealth Rock
|move|p1a: Garganacl|Iron Defense|p1a: Garganacl
|-boost|p1a: Garganacl|def|2
|
|-weather|Sandstorm|[upkeep]
|-heal|p1a: Garganacl|100/100|[from] item: Leftovers
|-damage|p2a: Tyranitar|66/100|[from] Salt Cure
|upkeep
|turn|3
|
|t:|1779556000
|switch|p2a: Hydrapple|Hydrapple, F|100/100
|move|p1a: Garganacl|Body Press|p2a: Hydrapple
|-damage|p2a: Hydrapple|53/100
|
|-weather|Sandstorm|[upkeep]
|-damage|p2a: Hydrapple|47/100|[from] Sandstorm
|upkeep
|turn|4
|
|t:|1779556009
|-terastallize|p1a: Garganacl|Ghost
|move|p2a: Hydrapple|Giga Drain|p1a: Garganacl
|-damage|p1a: Garganacl|48/100
|-heal|p2a: Hydrapple|73/100|[from] drain|[of] p1a: Garganacl
|move|p1a: Garganacl|Iron Defense|p1a: Garganacl
|-boost|p1a: Garganacl|def|2
|
|-weather|Sandstorm|[upkeep]
|-damage|p2a: Hydrapple|67/100|[from] Sandstorm
|-damage|p1a: Garganacl|42/100|[from] Sandstorm
|-heal|p1a: Garganacl|48/100|[from] item: Leftovers
|upkeep
|turn|5
|
|t:|1779556013
|move|p2a: Hydrapple|Giga Drain|p1a: Garganacl
|-damage|p1a: Garganacl|0 fnt
|-heal|p2a: Hydrapple|90/100|[from] drain|[of] p1a: Garganacl
|faint|p1a: Garganacl
|
|-weather|Sandstorm|[upkeep]
|-damage|p2a: Hydrapple|84/100|[from] Sandstorm
|upkeep
|
|t:|1779556016
|switch|p1a: Chansey|Chansey, F|100/100
|-damage|p1a: Chansey|88/100|[from] Stealth Rock
|turn|6
|c|☆zman0604|mann
|c|☆zman0604|really
|c|☆zman0604|tera and garg
|
|t:|1779556030
|switch|p2a: Tyranitar|Tyranitar, F|66/100
|move|p1a: Chansey|Stealth Rock|p2a: Tyranitar
|-sidestart|p2: zman0604|move: Stealth Rock
|
|-weather|Sandstorm|[upkeep]
|-damage|p1a: Chansey|82/100|[from] Sandstorm
|upkeep
|turn|7
|
|t:|1779556033
|move|p2a: Tyranitar|Knock Off|p1a: Chansey
|-damage|p1a: Chansey|51/100
|-enditem|p1a: Chansey|Eviolite|[from] move: Knock Off|[of] p2a: Tyranitar
|move|p1a: Chansey|Thunder Wave|p2a: Tyranitar
|-status|p2a: Tyranitar|par
|
|-weather|Sandstorm|[upkeep]
|-damage|p1a: Chansey|45/100|[from] Sandstorm
|upkeep
|turn|8
|
|t:|1779556037
|move|p1a: Chansey|Soft-Boiled|p1a: Chansey
|-heal|p1a: Chansey|95/100
|cant|p2a: Tyranitar|par
|
|-weather|none
|upkeep
|turn|9
|
|t:|1779556039
|move|p1a: Chansey|Seismic Toss|p2a: Tyranitar
|-damage|p2a: Tyranitar|41/100 par
|move|p2a: Tyranitar|Roar|p1a: Chansey
|drag|p1a: Alomomola|Alomomola, F|100/100
|-damage|p1a: Alomomola|88/100|[from] Stealth Rock
|
|-heal|p1a: Alomomola|94/100|[from] item: Leftovers
|upkeep
|turn|10
|
|t:|1779556046
|switch|p2a: Rotom|Rotom-Wash|100/100
|-damage|p2a: Rotom|88/100|[from] Stealth Rock
|move|p1a: Alomomola|Flip Turn|p2a: Rotom
|-resisted|p2a: Rotom
|-damage|p2a: Rotom|82/100
|
|t:|1779556051
|switch|p1a: Chansey|Chansey, F|95/100|[from] Flip Turn
|-damage|p1a: Chansey|82/100|[from] Stealth Rock
|
|-heal|p2a: Rotom|89/100|[from] item: Leftovers
|upkeep
|turn|11
|
|t:|1779556056
|move|p2a: Rotom|Volt Switch|p1a: Chansey
|-damage|p1a: Chansey|73/100
|
|t:|1779556059
|switch|p2a: Tyranitar|Tyranitar, F|41/100 par|[from] Volt Switch
|-damage|p2a: Tyranitar|29/100 par|[from] Stealth Rock
|-weather|Sandstorm|[from] ability: Sand Stream|[of] p2a: Tyranitar
|move|p1a: Chansey|Seismic Toss|p2a: Tyranitar
|-damage|p2a: Tyranitar|4/100 par
|
|-weather|Sandstorm|[upkeep]
|-damage|p1a: Chansey|67/100|[from] Sandstorm
|upkeep
|turn|12
|
|t:|1779556067
|switch|p2a: Fezandipiti|Fezandipiti, M|100/100
|move|p1a: Chansey|Seismic Toss|p2a: Fezandipiti
|-damage|p2a: Fezandipiti|74/100
|
|-weather|Sandstorm|[upkeep]
|-damage|p2a: Fezandipiti|68/100|[from] Sandstorm
|-damage|p1a: Chansey|60/100|[from] Sandstorm
|upkeep
|turn|13
|
|t:|1779556072
|move|p2a: Fezandipiti|Play Rough|p1a: Chansey
|-damage|p1a: Chansey|25/100
|move|p1a: Chansey|Thunder Wave|p2a: Fezandipiti
|-status|p2a: Fezandipiti|par
|
|-weather|Sandstorm|[upkeep]
|-damage|p1a: Chansey|19/100|[from] Sandstorm
|-damage|p2a: Fezandipiti|62/100 par|[from] Sandstorm
|upkeep
|turn|14
|
|t:|1779556075
|move|p1a: Chansey|Soft-Boiled|p1a: Chansey
|-heal|p1a: Chansey|69/100
|move|p2a: Fezandipiti|Play Rough|p1a: Chansey
|-damage|p1a: Chansey|36/100
|
|-weather|Sandstorm|[upkeep]
|-damage|p1a: Chansey|29/100|[from] Sandstorm
|-damage|p2a: Fezandipiti|56/100 par|[from] Sandstorm
|upkeep
|turn|15
|
|t:|1779556078
|move|p1a: Chansey|Soft-Boiled|p1a: Chansey
|-heal|p1a: Chansey|79/100
|move|p2a: Fezandipiti|Roost|p2a: Fezandipiti
|-heal|p2a: Fezandipiti|100/100 par
|-singleturn|p2a: Fezandipiti|move: Roost
|
|-weather|Sandstorm|[upkeep]
|-damage|p1a: Chansey|73/100|[from] Sandstorm
|-damage|p2a: Fezandipiti|94/100 par|[from] Sandstorm
|upkeep
|turn|16
|
|t:|1779556080
|move|p1a: Chansey|Seismic Toss|p2a: Fezandipiti
|-damage|p2a: Fezandipiti|68/100 par
|move|p2a: Fezandipiti|U-turn|p1a: Chansey
|-damage|p1a: Chansey|55/100
|
|t:|1779556087
|switch|p2a: Excadrill|Excadrill, M|100/100|[from] U-turn
|-damage|p2a: Excadrill|97/100|[from] Stealth Rock
|-item|p2a: Excadrill|Air Balloon
|
|-weather|Sandstorm|[upkeep]
|-damage|p1a: Chansey|49/100|[from] Sandstorm
|upkeep
|turn|17
|
|t:|1779556092
|move|p2a: Excadrill|Swords Dance|p2a: Excadrill
|-boost|p2a: Excadrill|atk|2
|move|p1a: Chansey|Seismic Toss|p2a: Excadrill
|-damage|p2a: Excadrill|70/100
|-enditem|p2a: Excadrill|Air Balloon
|
|-weather|Sandstorm|[upkeep]
|-damage|p1a: Chansey|43/100|[from] Sandstorm
|upkeep
|turn|18
|
|t:|1779556096
|move|p2a: Excadrill|Rapid Spin|p1a: Chansey
|-damage|p1a: Chansey|0 fnt
|-boost|p2a: Excadrill|spe|1
|-sideend|p2: zman0604|Stealth Rock|[from] move: Rapid Spin|[of] p2a: Excadrill
|faint|p1a: Chansey
|
|-weather|none
|upkeep
|
|t:|1779556100
|switch|p1a: Clodsire|Clodsire, F|100/100
|-damage|p1a: Clodsire|94/100|[from] Stealth Rock
|turn|19
|
|t:|1779556106
|move|p2a: Excadrill|Earthquake|p1a: Clodsire
|-supereffective|p1a: Clodsire
|-damage|p1a: Clodsire|0 fnt
|faint|p1a: Clodsire
|
|upkeep
|
|t:|1779556113
|switch|p1a: Clefable|Clefable, F|100/100
|-damage|p1a: Clefable|88/100|[from] Stealth Rock
|turn|20
|
|t:|1779556116
|move|p2a: Excadrill|Earthquake|p1a: Clefable
|-damage|p1a: Clefable|35/100
|move|p1a: Clefable|Cosmic Power|p1a: Clefable
|-boost|p1a: Clefable|def|1
|-boost|p1a: Clefable|spd|1
|
|-heal|p1a: Clefable|41/100|[from] item: Leftovers
|upkeep
|turn|21
|
|t:|1779556120
|move|p2a: Excadrill|Earthquake|p1a: Clefable
|-damage|p1a: Clefable|9/100
|move|p1a: Clefable|Moonlight|p1a: Clefable
|-heal|p1a: Clefable|59/100
|
|-heal|p1a: Clefable|65/100|[from] item: Leftovers
|upkeep
|turn|22
|
|t:|1779556125
|move|p2a: Excadrill|Swords Dance|p2a: Excadrill
|-boost|p2a: Excadrill|atk|2
|move|p1a: Clefable|Moonlight|p1a: Clefable
|-heal|p1a: Clefable|100/100
|
|upkeep
|turn|23
|
|t:|1779556130
|move|p2a: Excadrill|Earthquake|p1a: Clefable
|-damage|p1a: Clefable|65/100
|move|p1a: Clefable|Cosmic Power|p1a: Clefable
|-boost|p1a: Clefable|def|1
|-boost|p1a: Clefable|spd|1
|
|-heal|p1a: Clefable|71/100|[from] item: Leftovers
|upkeep
|turn|24
|
|t:|1779556138
|switch|p2a: Fezandipiti|Fezandipiti, M|68/100 par
|move|p1a: Clefable|Cosmic Power|p1a: Clefable
|-boost|p1a: Clefable|def|1
|-boost|p1a: Clefable|spd|1
|
|-heal|p1a: Clefable|77/100|[from] item: Leftovers
|upkeep
|turn|25
|
|t:|1779556142
|move|p1a: Clefable|Stored Power|p2a: Fezandipiti
|-supereffective|p2a: Fezandipiti
|-damage|p2a: Fezandipiti|28/100 par
|cant|p2a: Fezandipiti|par
|
|-heal|p1a: Clefable|83/100|[from] item: Leftovers
|upkeep
|turn|26
|
|t:|1779556146
|-terastallize|p2a: Fezandipiti|Dark
|move|p1a: Clefable|Stored Power|p2a: Fezandipiti
|-immune|p2a: Fezandipiti
|move|p2a: Fezandipiti|Beat Up|p1a: Clefable
|-resisted|p1a: Clefable
|-damage|p1a: Clefable|82/100
|-resisted|p1a: Clefable
|-damage|p1a: Clefable|81/100
|-resisted|p1a: Clefable
|-damage|p1a: Clefable|80/100
|-resisted|p1a: Clefable
|-damage|p1a: Clefable|79/100
|-resisted|p1a: Clefable
|-damage|p1a: Clefable|78/100
|-hitcount|p1a: Clefable|5
|
|-heal|p1a: Clefable|84/100|[from] item: Leftovers
|upkeep
|turn|27
|c|☆zman0604|no way
|
|t:|1779556154
|move|p1a: Clefable|Moonblast|p2a: Fezandipiti
|-supereffective|p2a: Fezandipiti
|-damage|p2a: Fezandipiti|0 fnt
|faint|p2a: Fezandipiti
|
|-heal|p1a: Clefable|90/100|[from] item: Leftovers
|upkeep
|
|t:|1779556161
|switch|p2a: Hydrapple|Hydrapple, F|100/100
|turn|28
|
|t:|1779556165
|move|p1a: Clefable|Moonblast|p2a: Hydrapple
|-supereffective|p2a: Hydrapple
|-damage|p2a: Hydrapple|44/100
|move|p2a: Hydrapple|Leaf Storm|p1a: Clefable|[miss]
|-miss|p2a: Hydrapple|p1a: Clefable
|
|-heal|p1a: Clefable|96/100|[from] item: Leftovers
|upkeep
|turn|29
|
|t:|1779556170
|switch|p2a: Excadrill|Excadrill, M|70/100
|move|p1a: Clefable|Moonblast|p2a: Excadrill
|-resisted|p2a: Excadrill
|-damage|p2a: Excadrill|48/100
|-unboost|p2a: Excadrill|spa|1
|
|-heal|p1a: Clefable|100/100|[from] item: Leftovers
|upkeep
|turn|30
|
|t:|1779556174
|move|p2a: Excadrill|Earthquake|p1a: Clefable
|-damage|p1a: Clefable|78/100
|move|p1a: Clefable|Moonblast|p2a: Excadrill
|-resisted|p2a: Excadrill
|-damage|p2a: Excadrill|27/100
|
|-heal|p1a: Clefable|84/100|[from] item: Leftovers
|upkeep
|turn|31
|
|t:|1779556178
|move|p2a: Excadrill|Earthquake|p1a: Clefable
|-damage|p1a: Clefable|63/100
|move|p1a: Clefable|Cosmic Power|p1a: Clefable
|-boost|p1a: Clefable|def|1
|-boost|p1a: Clefable|spd|1
|
|-heal|p1a: Clefable|69/100|[from] item: Leftovers
|upkeep
|turn|32
|
|t:|1779556180
|move|p2a: Excadrill|Earthquake|p1a: Clefable
|-damage|p1a: Clefable|50/100
|move|p1a: Clefable|Moonlight|p1a: Clefable
|-heal|p1a: Clefable|99/100
|
|-heal|p1a: Clefable|100/100|[from] item: Leftovers
|upkeep
|turn|33
|
|t:|1779556183
|move|p2a: Excadrill|Earthquake|p1a: Clefable
|-damage|p1a: Clefable|81/100
|move|p1a: Clefable|Cosmic Power|p1a: Clefable
|-boost|p1a: Clefable|def|1
|-boost|p1a: Clefable|spd|1
|
|-heal|p1a: Clefable|87/100|[from] item: Leftovers
|upkeep
|turn|34
|
|t:|1779556185
|move|p2a: Excadrill|Earthquake|p1a: Clefable
|-damage|p1a: Clefable|73/100
|move|p1a: Clefable|Cosmic Power|p1a: Clefable
|-boost|p1a: Clefable|def|1
|-boost|p1a: Clefable|spd|1
|
|-heal|p1a: Clefable|79/100|[from] item: Leftovers
|upkeep
|turn|35
|
|t:|1779556188
|move|p2a: Excadrill|Earthquake|p1a: Clefable
|-damage|p1a: Clefable|64/100
|move|p1a: Clefable|Stored Power|p2a: Excadrill
|-resisted|p2a: Excadrill
|-damage|p2a: Excadrill|0 fnt
|faint|p2a: Excadrill
|
|-heal|p1a: Clefable|70/100|[from] item: Leftovers
|upkeep
|
|t:|1779556190
|switch|p2a: Blaziken|Blaziken, F|100/100
|turn|36
|
|t:|1779556193
|move|p2a: Blaziken|Flare Blitz|p1a: Clefable
|-damage|p1a: Clefable|57/100
|-damage|p2a: Blaziken|96/100|[from] Recoil
|move|p1a: Clefable|Stored Power|p2a: Blaziken
|-supereffective|p2a: Blaziken
|-damage|p2a: Blaziken|0 fnt
|faint|p2a: Blaziken
|
|-heal|p1a: Clefable|63/100|[from] item: Leftovers
|upkeep
|-message|zman0604 forfeited.
|
|win|Mslaganjaestranja
|raw|Mslaganjaestranja's rating: 1257 &rarr; <strong>1287</strong><br />(+30 for winning)
|raw|zman0604's rating: 1334 &rarr; <strong>1310</strong><br />(-24 for losing)
|l|☆zman0604
|player|p2|
