|j|☆hattybatty304
|j|☆the great crusader
|t:|1779706635
|gametype|singles
|player|p1|hattybatty304|swimmerf|1357
|player|p2|the great crusader|102|1417
|gen|9
|tier|[Gen 9] OU
|rated|
|rule|HP Percentage Mod: HP is shown in percentages
|rule|Endless Battle Clause: Forcing endless battles is banned
|rule|Species Clause: Limit one of each Pokémon
|rule|OHKO Clause: OHKO moves are banned
|rule|Evasion Items Clause: Evasion items are banned
|rule|Evasion Moves Clause: Evasion moves are banned
|rule|Evasion Abilities Clause: Evasion abilities are banned
|rule|Sleep Moves Clause: Sleep-inducing moves are banned
|clearpoke
|poke|p1|Hatterene, F|
|poke|p1|Meowscarada, F|
|poke|p1|Primarina, F|
|poke|p1|Cinderace, F|
|poke|p1|Pecharunt|
|poke|p1|Inteleon, F|
|poke|p2|Kyurem|
|poke|p2|Pecharunt|
|poke|p2|Slowking-Galar, M|
|poke|p2|Great Tusk|
|poke|p2|Cinderace, F|
|poke|p2|Dragonite, M|
|teampreview
|inactive|Battle timer is ON: inactive players will automatically lose when time's up. (requested by hattybatty304)
|
|t:|1779706642
|teamsize|p1|6
|teamsize|p2|6
|start
|switch|p1a: KimPossible|Inteleon, F, shiny|100/100
|switch|p2a: Great Tusk|Great Tusk|100/100
|turn|1
|
|t:|1779706646
|-end|p2a: Great Tusk|Protosynthesis|[silent]
|switch|p2a: Slowking|Slowking-Galar, M|100/100
|move|p1a: KimPossible|Snipe Shot|p2a: Slowking
|-damage|p2a: Slowking|76/100
|
|upkeep
|turn|2
|
|t:|1779706655
|move|p1a: KimPossible|Snipe Shot|p2a: Slowking
|-crit|p2a: Slowking
|-damage|p2a: Slowking|21/100
|move|p2a: Slowking|Toxic|p1a: KimPossible
|-status|p1a: KimPossible|tox
|
|-damage|p1a: KimPossible|94/100 tox|[from] psn
|upkeep
|turn|3
|
|t:|1779706660
|switch|p2a: Dragonite|Dragonite, M|100/100
|move|p1a: KimPossible|Shadow Ball|p2a: Dragonite
|-damage|p2a: Dragonite|85/100
|-unboost|p2a: Dragonite|spd|1
|
|-damage|p1a: KimPossible|82/100 tox|[from] psn
|upkeep
|turn|4
|
|t:|1779706666
|switch|p2a: Slowking|Slowking-Galar, M|55/100
|move|p1a: KimPossible|Ice Beam|p2a: Slowking
|-damage|p2a: Slowking|36/100
|
|-damage|p1a: KimPossible|64/100 tox|[from] psn
|upkeep
|turn|5
|
|t:|1779706672
|move|p1a: KimPossible|Snipe Shot|p2a: Slowking
|-damage|p2a: Slowking|11/100
|-prepare|p2a: Slowking|Chilly Reception|[premajor]
|move|p2a: Slowking|Chilly Reception|p2a: Slowking
|-weather|Snowscape
|
|t:|1779706683
|switch|p2a: Pecharunt|Pecharunt|100/100|[from] Chilly Reception
|
|-weather|Snowscape|[upkeep]
|-damage|p1a: KimPossible|40/100 tox|[from] psn
|upkeep
|turn|6
|
|t:|1779706690
|move|p1a: KimPossible|Snipe Shot|p2a: Pecharunt
|-crit|p2a: Pecharunt
|-damage|p2a: Pecharunt|5/100
|move|p2a: Pecharunt|Recover|p2a: Pecharunt
|-heal|p2a: Pecharunt|55/100
|
|-weather|Snowscape|[upkeep]
|-heal|p2a: Pecharunt|62/100|[from] item: Leftovers
|-damage|p1a: KimPossible|10/100 tox|[from] psn
|upkeep
|turn|7
|
|t:|1779706696
|switch|p2a: Slowking|Slowking-Galar, M|44/100
|move|p1a: KimPossible|Shadow Ball|p2a: Slowking
|-supereffective|p2a: Slowking
|-damage|p2a: Slowking|14/100
|-unboost|p2a: Slowking|spd|1
|
|-weather|Snowscape|[upkeep]
|-damage|p1a: KimPossible|0 fnt|[from] psn
|faint|p1a: KimPossible
|upkeep
|
|t:|1779706700
|switch|p1a: TakeYoMan|Meowscarada, F|100/100
|turn|8
|
|t:|1779706709
|switch|p2a: Cinderace|Cinderace, F|100/100
|move|p1a: TakeYoMan|U-turn|p2a: Cinderace
|-start|p1a: TakeYoMan|typechange|Bug|[from] ability: Protean
|-resisted|p2a: Cinderace
|-damage|p2a: Cinderace|66/100
|
|t:|1779706718
|switch|p1a: Rapunzil|Primarina, F, shiny|100/100|[from] U-turn
|
|-weather|Snowscape|[upkeep]
|upkeep
|turn|9
|
|t:|1779706721
|move|p2a: Cinderace|U-turn|p1a: Rapunzil
|-start|p2a: Cinderace|typechange|Bug|[from] ability: Libero
|-resisted|p1a: Rapunzil
|-damage|p1a: Rapunzil|80/100
|
|t:|1779706725
|switch|p2a: Pecharunt|Pecharunt|62/100|[from] U-turn
|move|p1a: Rapunzil|Shadow Ball|p2a: Pecharunt
|-supereffective|p2a: Pecharunt
|-damage|p2a: Pecharunt|11/100
|
|-weather|none
|-heal|p2a: Pecharunt|17/100|[from] item: Leftovers
|upkeep
|turn|10
|
|t:|1779706730
|move|p2a: Pecharunt|Malignant Chain|p1a: Rapunzil
|-supereffective|p1a: Rapunzil
|-damage|p1a: Rapunzil|49/100
|-status|p1a: Rapunzil|tox
|-start|p1a: Rapunzil|confusion|[from] ability: Poison Puppeteer|[of] p2a: Pecharunt
|-activate|p1a: Rapunzil|confusion
|move|p1a: Rapunzil|Psychic|p2a: Pecharunt
|-supereffective|p2a: Pecharunt
|-damage|p2a: Pecharunt|0 fnt
|faint|p2a: Pecharunt
|
|-damage|p1a: Rapunzil|43/100 tox|[from] psn
|upkeep
|
|t:|1779706738
|switch|p2a: Kyurem|Kyurem|100/100
|-ability|p2a: Kyurem|Pressure
|turn|11
|
|t:|1779706740
|move|p2a: Kyurem|Freeze-Dry|p1a: Rapunzil
|-supereffective|p1a: Rapunzil
|-crit|p1a: Rapunzil
|-damage|p1a: Rapunzil|0 fnt
|faint|p1a: Rapunzil
|
|upkeep
|
|t:|1779706744
|switch|p1a: WWakeRBoltCringe|Hatterene, F|100/100
|turn|12
|
|t:|1779706750
|-terastallize|p2a: Kyurem|Ice
|move|p2a: Kyurem|Freeze-Dry|p1a: WWakeRBoltCringe
|-damage|p1a: WWakeRBoltCringe|64/100
|move|p1a: WWakeRBoltCringe|Psychic Noise|p2a: Kyurem
|-damage|p2a: Kyurem|67/100
|-start|p2a: Kyurem|move: Heal Block
|
|upkeep
|turn|13
|
|t:|1779706755
|move|p2a: Kyurem|Freeze-Dry|p1a: WWakeRBoltCringe
|-damage|p1a: WWakeRBoltCringe|26/100
|move|p1a: WWakeRBoltCringe|Draining Kiss|p2a: Kyurem
|-damage|p2a: Kyurem|47/100
|-heal|p1a: WWakeRBoltCringe|45/100|[from] drain|[of] p2a: Kyurem
|
|-end|p2a: Kyurem|move: Heal Block
|upkeep
|turn|14
|
|t:|1779706759
|move|p2a: Kyurem|Freeze-Dry|p1a: WWakeRBoltCringe
|-damage|p1a: WWakeRBoltCringe|5/100
|move|p1a: WWakeRBoltCringe|Draining Kiss|p2a: Kyurem
|-damage|p2a: Kyurem|24/100
|-heal|p1a: WWakeRBoltCringe|26/100|[from] drain|[of] p2a: Kyurem
|
|upkeep
|turn|15
|
|t:|1779706763
|move|p2a: Kyurem|Freeze-Dry|p1a: WWakeRBoltCringe
|-damage|p1a: WWakeRBoltCringe|0 fnt
|faint|p1a: WWakeRBoltCringe
|
|upkeep
|
|t:|1779706768
|switch|p1a: TakeYoMan|Meowscarada, F|100/100
|turn|16
|
|t:|1779706771
|switch|p2a: Great Tusk|Great Tusk|100/100
|move|p1a: TakeYoMan|Sucker Punch||[still]
|-fail|p1a: TakeYoMan
|
|upkeep
|turn|17
|
|t:|1779706775
|switch|p1a: Lm10|Cinderace, F|100/100
|move|p2a: Great Tusk|Stealth Rock|p1a: Lm10
|-sidestart|p1: hattybatty304|move: Stealth Rock
|
|upkeep
|turn|18
|
|t:|1779706780
|move|p1a: Lm10|Court Change|p1a: Lm10
|-start|p1a: Lm10|typechange|Normal|[from] ability: Libero
|-swapsideconditions
|-activate|p1a: Lm10|move: Court Change
|move|p2a: Great Tusk|Rapid Spin|p1a: Lm10
|-damage|p1a: Lm10|74/100
|-boost|p2a: Great Tusk|spe|1
|-sideend|p2: the great crusader|Stealth Rock|[from] move: Rapid Spin|[of] p2a: Great Tusk
|
|upkeep
|turn|19
|
|t:|1779706784
|move|p2a: Great Tusk|Stealth Rock|p1a: Lm10
|-sidestart|p1: hattybatty304|move: Stealth Rock
|move|p1a: Lm10|Pyro Ball|p2a: Great Tusk
|-damage|p2a: Great Tusk|74/100
|
|upkeep
|turn|20
|
|t:|1779706787
|move|p2a: Great Tusk|Headlong Rush|p1a: Lm10
|-damage|p1a: Lm10|0 fnt
|-unboost|p2a: Great Tusk|def|1
|-unboost|p2a: Great Tusk|spd|1
|faint|p1a: Lm10
|
|upkeep
|
|t:|1779706792
|switch|p1a: gambitDNiteCringe|Pecharunt|100/100
|-damage|p1a: gambitDNiteCringe|88/100|[from] Stealth Rock
|turn|21
|
|t:|1779706795
|-terastallize|p1a: gambitDNiteCringe|Dark
|move|p2a: Great Tusk|Headlong Rush|p1a: gambitDNiteCringe
|-damage|p1a: gambitDNiteCringe|57/100
|-unboost|p2a: Great Tusk|def|1
|-unboost|p2a: Great Tusk|spd|1
|-damage|p2a: Great Tusk|57/100|[from] item: Rocky Helmet|[of] p1a: gambitDNiteCringe
|move|p1a: gambitDNiteCringe|Nasty Plot|p1a: gambitDNiteCringe
|-boost|p1a: gambitDNiteCringe|spa|2
|
|upkeep
|turn|22
|
|t:|1779706800
|move|p2a: Great Tusk|Headlong Rush|p1a: gambitDNiteCringe
|-damage|p1a: gambitDNiteCringe|26/100
|-unboost|p2a: Great Tusk|def|1
|-unboost|p2a: Great Tusk|spd|1
|-damage|p2a: Great Tusk|41/100|[from] item: Rocky Helmet|[of] p1a: gambitDNiteCringe
|move|p1a: gambitDNiteCringe|Recover|p1a: gambitDNiteCringe
|-heal|p1a: gambitDNiteCringe|76/100
|
|upkeep
|turn|23
|
|t:|1779706804
|move|p2a: Great Tusk|Headlong Rush|p1a: gambitDNiteCringe
|-damage|p1a: gambitDNiteCringe|45/100
|-unboost|p2a: Great Tusk|def|1
|-unboost|p2a: Great Tusk|spd|1
|-damage|p2a: Great Tusk|24/100|[from] item: Rocky Helmet|[of] p1a: gambitDNiteCringe
|move|p1a: gambitDNiteCringe|Nasty Plot|p1a: gambitDNiteCringe
|-boost|p1a: gambitDNiteCringe|spa|2
|
|upkeep
|turn|24
|
|t:|1779706807
|move|p2a: Great Tusk|Headlong Rush|p1a: gambitDNiteCringe
|-damage|p1a: gambitDNiteCringe|15/100
|-unboost|p2a: Great Tusk|def|1
|-unboost|p2a: Great Tusk|spd|1
|-damage|p2a: Great Tusk|8/100|[from] item: Rocky Helmet|[of] p1a: gambitDNiteCringe
|move|p1a: gambitDNiteCringe|Recover|p1a: gambitDNiteCringe
|-heal|p1a: gambitDNiteCringe|65/100
|
|upkeep
|turn|25
|
|t:|1779706810
|move|p2a: Great Tusk|Headlong Rush|p1a: gambitDNiteCringe
|-damage|p1a: gambitDNiteCringe|36/100
|-unboost|p2a: Great Tusk|def|1
|-unboost|p2a: Great Tusk|spd|1
|-damage|p2a: Great Tusk|0 fnt|[from] item: Rocky Helmet|[of] p1a: gambitDNiteCringe
|faint|p2a: Great Tusk
|-end|p2a: Great Tusk|Protosynthesis|[silent]
|move|p1a: gambitDNiteCringe|Recover|p1a: gambitDNiteCringe
|-heal|p1a: gambitDNiteCringe|86/100
|
|upkeep
|
|t:|1779706812
|switch|p2a: Kyurem|Kyurem, tera:Ice|24/100
|-ability|p2a: Kyurem|Pressure
|turn|26
|
|t:|1779706815
|move|p2a: Kyurem|Ice Beam|p1a: gambitDNiteCringe
|-damage|p1a: gambitDNiteCringe|0 fnt
|faint|p1a: gambitDNiteCringe
|
|upkeep
|
|t:|1779706818
|switch|p1a: TakeYoMan|Meowscarada, F|100/100
|-damage|p1a: TakeYoMan|88/100|[from] Stealth Rock
|turn|27
|
|t:|1779706823
|move|p1a: TakeYoMan|Knock Off|p2a: Kyurem
|-start|p1a: TakeYoMan|typechange|Dark|[from] ability: Protean
|-damage|p2a: Kyurem|0 fnt
|-enditem|p2a: Kyurem|Choice Specs|[from] move: Knock Off|[of] p1a: TakeYoMan
|faint|p2a: Kyurem
|
|upkeep
|
|t:|1779706827
|switch|p2a: Cinderace|Cinderace, F|66/100
|turn|28
|
|t:|1779706830
|move|p1a: TakeYoMan|Knock Off|p2a: Cinderace
|-damage|p2a: Cinderace|0 fnt
|-enditem|p2a: Cinderace|Heavy-Duty Boots|[from] move: Knock Off|[of] p1a: TakeYoMan
|faint|p2a: Cinderace
|
|upkeep
|
|t:|1779706834
|switch|p2a: Dragonite|Dragonite, M|85/100
|turn|29
|
|t:|1779706838
|move|p2a: Dragonite|Extreme Speed|p1a: TakeYoMan
|-damage|p1a: TakeYoMan|39/100
|move|p1a: TakeYoMan|Knock Off|p2a: Dragonite
|-damage|p2a: Dragonite|11/100
|-enditem|p2a: Dragonite|Heavy-Duty Boots|[from] move: Knock Off|[of] p1a: TakeYoMan
|
|upkeep
|turn|30
|
|t:|1779706842
|move|p2a: Dragonite|Extreme Speed|p1a: TakeYoMan
|-damage|p1a: TakeYoMan|0 fnt
|faint|p1a: TakeYoMan
|
|win|the great crusader
|raw|hattybatty304's rating: 1357 &rarr; <strong>1340</strong><br />(-17 for losing)
|raw|the great crusader's rating: 1417 &rarr; <strong>1434</strong><br />(+17 for winning)
|l|☆hattybatty304
|player|p1|
|l|☆the great crusader
|player|p2|
