|j|☆vaxanon
|j|☆demre
|t:|1779707804
|gametype|singles
|player|p1|vaxanon|169|1094
|player|p2|demre|rocketgrunt|1064
|gen|9
|tier|[Gen 9] OU
|rated|
|rule|HP Percentage Mod: HP is shown in percentages
|rule|Endless Battle Clause: Forcing endless battles is banned
|rule|Species Clause: Limit one of each Pokémon
|rule|OHKO Clause: OHKO moves are banned
|rule|Evasion Items Clause: Evasion items are banned
|rule|Evasion Moves Clause: Evasion moves are banned
|rule|Evasion Abilities Clause: Evasion abilities are banned
|rule|Sleep Moves Clause: Sleep-inducing moves are banned
|clearpoke
|poke|p1|Meowscarada, F|
|poke|p1|Gastrodon-East, M|
|poke|p1|Ambipom, M|
|poke|p1|Cinderace, M|
|poke|p1|Whimsicott, M|
|poke|p1|Sableye, M|
|poke|p2|Ursaluna, M|
|poke|p2|Eiscue, M|
|teampreview
|inactive|Battle timer is ON: inactive players will automatically lose when time's up. (requested by vaxanon)
|
|t:|1779707822
|teamsize|p1|6
|teamsize|p2|2
|start
|switch|p1a: Whimsicott|Whimsicott, M|100/100
|switch|p2a: Eiscue|Eiscue, M|100/100
|turn|1
|
|t:|1779707832
|move|p1a: Whimsicott|Switcheroo|p2a: Eiscue
|-activate|p1a: Whimsicott|move: Trick|[of] p2a: Eiscue
|-item|p2a: Eiscue|Choice Specs|[from] move: Switcheroo
|-item|p1a: Whimsicott|Sitrus Berry|[from] move: Switcheroo
|move|p2a: Eiscue|Belly Drum|p2a: Eiscue
|-damage|p2a: Eiscue|50/100
|-setboost|p2a: Eiscue|atk|6|[from] move: Belly Drum
|
|upkeep
|turn|2
|
|t:|1779707842
|switch|p2a: Ursaluna|Ursaluna, M|100/100
|move|p1a: Whimsicott|Moonblast|p2a: Ursaluna
|-damage|p2a: Ursaluna|68/100
|
|-status|p2a: Ursaluna|brn|[from] item: Flame Orb
|upkeep
|turn|3
|
|t:|1779707851
|-terastallize|p2a: Ursaluna|Normal
|move|p1a: Whimsicott|Leech Seed|p2a: Ursaluna
|-start|p2a: Ursaluna|move: Leech Seed
|move|p2a: Ursaluna|Facade|p1a: Whimsicott
|-damage|p1a: Whimsicott|0 fnt
|faint|p1a: Whimsicott
|
|-damage|p2a: Ursaluna|62/100 brn|[from] brn
|upkeep
|
|t:|1779707860
|switch|p1a: Ambipom|Ambipom, M, shiny|100/100
|turn|4
|
|t:|1779707863
|-terastallize|p1a: Ambipom|Normal
|move|p1a: Ambipom|Fake Out|p2a: Ursaluna
|-damage|p2a: Ursaluna|31/100 brn
|cant|p2a: Ursaluna|flinch
|
|-damage|p2a: Ursaluna|18/100 brn|[from] Leech Seed|[of] p1a: Ambipom
|-damage|p2a: Ursaluna|12/100 brn|[from] brn
|upkeep
|turn|5
|
|t:|1779707872
|move|p1a: Ambipom|Knock Off|p2a: Ursaluna
|-damage|p2a: Ursaluna|0 fnt
|-enditem|p2a: Ursaluna|Flame Orb|[from] move: Knock Off|[of] p1a: Ambipom
|faint|p2a: Ursaluna
|
|upkeep
|
|t:|1779707877
|switch|p2a: Eiscue|Eiscue, M|50/100
|turn|6
|-message|demre forfeited.
|
|win|vaxanon
|raw|vaxanon's rating: 1094 &rarr; <strong>1118</strong><br />(+24 for winning)
|raw|demre's rating: 1064 &rarr; <strong>1046</strong><br />(-18 for losing)
|l|☆demre
|player|p2|
|l|☆vaxanon
|player|p1|
