|j|☆jaimemsainero2
|j|☆MageStation
|t:|1779646070
|gametype|singles
|player|p1|jaimemsainero2|ghetsis-gen5bw|1198
|player|p2|MageStation|169|1210
|gen|9
|tier|[Gen 9] OU
|rated|
|rule|HP Percentage Mod: HP is shown in percentages
|rule|Endless Battle Clause: Forcing endless battles is banned
|rule|Species Clause: Limit one of each Pokémon
|rule|OHKO Clause: OHKO moves are banned
|rule|Evasion Items Clause: Evasion items are banned
|rule|Evasion Moves Clause: Evasion moves are banned
|rule|Evasion Abilities Clause: Evasion abilities are banned
|rule|Sleep Moves Clause: Sleep-inducing moves are banned
|clearpoke
|poke|p1|Gliscor, M|
|poke|p1|Garganacl, F|
|poke|p1|Tornadus-Therian, M|
|poke|p1|Greninja-*, M|
|poke|p1|Heatran, M|
|poke|p1|Tyranitar, F|
|poke|p2|Corviknight, F|
|poke|p2|Dragapult, M|
|poke|p2|Lycanroc, M|
|poke|p2|Rillaboom, F|
|poke|p2|Hatterene, F|
|poke|p2|Toxtricity, M|
|teampreview
|inactive|Battle timer is ON: inactive players will automatically lose when time's up. (requested by jaimemsainero2)
|
|t:|1779646083
|teamsize|p1|6
|teamsize|p2|6
|start
|switch|p1a: Heatran|Heatran, M|100/100
|switch|p2a: Blake|Dragapult, M|100/100
|-item|p1a: Heatran|Air Balloon
|turn|1
|
|t:|1779646089
|move|p2a: Blake|U-turn|p1a: Heatran
|-resisted|p1a: Heatran
|-damage|p1a: Heatran|94/100
|-enditem|p1a: Heatran|Air Balloon
|-damage|p2a: Blake|91/100|[from] item: Life Orb
|
|t:|1779646102
|switch|p2a: Gerardo|Lycanroc, M, shiny|100/100|[from] U-turn
|move|p1a: Heatran|Will-O-Wisp|p2a: Gerardo
|-status|p2a: Gerardo|brn
|
|-damage|p2a: Gerardo|94/100 brn|[from] brn
|upkeep
|turn|2
|
|t:|1779646111
|switch|p1a: Gliscor|Gliscor, M|100/100
|move|p2a: Gerardo|Stealth Rock|p1a: Gliscor
|-sidestart|p1: jaimemsainero2|move: Stealth Rock
|
|-damage|p2a: Gerardo|88/100 brn|[from] brn
|-status|p1a: Gliscor|tox|[from] item: Toxic Orb
|upkeep
|turn|3
|
|t:|1779646121
|switch|p2a: Violet|Corviknight, F|100/100
|move|p1a: Gliscor|Substitute|p1a: Gliscor
|-start|p1a: Gliscor|Substitute
|-damage|p1a: Gliscor|76/100 tox
|
|-heal|p1a: Gliscor|88/100 tox|[from] ability: Poison Heal
|upkeep
|turn|4
|
|t:|1779646124
|move|p1a: Gliscor|Knock Off|p2a: Violet
|-damage|p2a: Violet|88/100
|-damage|p1a: Gliscor|72/100 tox|[from] item: Rocky Helmet|[of] p2a: Violet
|-enditem|p2a: Violet|Rocky Helmet|[from] move: Knock Off|[of] p1a: Gliscor
|move|p2a: Violet|Brave Bird|p1a: Gliscor
|-end|p1a: Gliscor|Substitute
|-damage|p2a: Violet|82/100|[from] Recoil|[of] p1a: Gliscor
|
|-heal|p1a: Gliscor|84/100 tox|[from] ability: Poison Heal
|upkeep
|turn|5
|
|t:|1779646135
|move|p1a: Gliscor|Protect|p1a: Gliscor
|-singleturn|p1a: Gliscor|Protect
|move|p2a: Violet|Brave Bird|p1a: Gliscor
|-activate|p1a: Gliscor|move: Protect
|
|-heal|p1a: Gliscor|96/100 tox|[from] ability: Poison Heal
|upkeep
|turn|6
|
|t:|1779646144
|switch|p1a: Garganacl|Garganacl, F|100/100
|-damage|p1a: Garganacl|88/100|[from] Stealth Rock
|move|p2a: Violet|Body Press|p1a: Garganacl
|-supereffective|p1a: Garganacl
|-damage|p1a: Garganacl|53/100
|
|upkeep
|turn|7
|
|t:|1779646157
|-terastallize|p1a: Garganacl|Ghost
|move|p2a: Violet|Body Press|p1a: Garganacl
|-immune|p1a: Garganacl
|move|p1a: Garganacl|Recover|p1a: Garganacl
|-heal|p1a: Garganacl|100/100
|
|upkeep
|turn|8
|
|t:|1779646167
|switch|p2a: Ha-Yun|Rillaboom, F|100/100
|-fieldstart|move: Grassy Terrain|[from] ability: Grassy Surge|[of] p2a: Ha-Yun
|move|p1a: Garganacl|Stealth Rock|p2a: Ha-Yun
|-sidestart|p2: MageStation|move: Stealth Rock
|
|upkeep
|turn|9
|
|t:|1779646179
|switch|p1a: Heatran|Heatran, M|94/100
|-damage|p1a: Heatran|82/100|[from] Stealth Rock
|move|p2a: Ha-Yun|Knock Off|p1a: Heatran
|-damage|p1a: Heatran|55/100
|
|-heal|p1a: Heatran|62/100|[from] Grassy Terrain
|upkeep
|turn|10
|
|t:|1779646190
|switch|p2a: Gerardo|Lycanroc, M, shiny|88/100 brn
|-damage|p2a: Gerardo|76/100 brn|[from] Stealth Rock
|move|p1a: Heatran|Magma Storm|p2a: Gerardo
|-resisted|p2a: Gerardo
|-damage|p2a: Gerardo|38/100 brn
|-activate|p2a: Gerardo|move: Magma Storm|[of] p1a: Heatran
|
|-heal|p2a: Gerardo|44/100 brn|[from] Grassy Terrain
|-heal|p1a: Heatran|68/100|[from] Grassy Terrain
|-damage|p2a: Gerardo|38/100 brn|[from] brn
|-damage|p2a: Gerardo|25/100 brn|[from] move: Magma Storm|[partiallytrapped]
|upkeep
|turn|11
|
|t:|1779646198
|move|p2a: Gerardo|Endeavor|p1a: Heatran
|-damage|p1a: Heatran|20/100
|move|p1a: Heatran|Flash Cannon|p2a: Gerardo
|-supereffective|p2a: Gerardo
|-damage|p2a: Gerardo|0 fnt
|faint|p2a: Gerardo
|
|-heal|p1a: Heatran|27/100|[from] Grassy Terrain
|upkeep
|
|t:|1779646222
|switch|p2a: Toxtricity|Toxtricity, M, shiny|100/100
|-damage|p2a: Toxtricity|88/100|[from] Stealth Rock
|turn|12
|
|t:|1779646228
|-terastallize|p2a: Toxtricity|Normal
|move|p2a: Toxtricity|Shift Gear|p2a: Toxtricity
|-boost|p2a: Toxtricity|spe|2
|-boost|p2a: Toxtricity|atk|1
|move|p1a: Heatran|Earth Power|p2a: Toxtricity
|-crit|p2a: Toxtricity
|-damage|p2a: Toxtricity|31/100
|-unboost|p2a: Toxtricity|spd|1
|
|-heal|p2a: Toxtricity|37/100|[from] Grassy Terrain
|-heal|p1a: Heatran|33/100|[from] Grassy Terrain
|-fieldend|move: Grassy Terrain
|upkeep
|turn|13
|
|t:|1779646246
|switch|p1a: Garganacl|Garganacl, F, tera:Ghost|100/100
|-damage|p1a: Garganacl|88/100|[from] Stealth Rock
|move|p2a: Toxtricity|Overdrive|p1a: Garganacl
|-damage|p1a: Garganacl|44/100
|-enditem|p2a: Toxtricity|Throat Spray
|-boost|p2a: Toxtricity|spa|1|[from] item: Throat Spray
|
|upkeep
|turn|14
|
|t:|1779646260
|move|p2a: Toxtricity|Overdrive|p1a: Garganacl
|-damage|p1a: Garganacl|0 fnt
|faint|p1a: Garganacl
|
|upkeep
|
|t:|1779646263
|switch|p1a: Greninja|Greninja, M|100/100
|-damage|p1a: Greninja|88/100|[from] Stealth Rock
|turn|15
|
|t:|1779646267
|move|p1a: Greninja|Water Shuriken|p2a: Toxtricity
|-crit|p2a: Toxtricity
|-damage|p2a: Toxtricity|11/100
|-damage|p2a: Toxtricity|0 fnt
|faint|p2a: Toxtricity
|-ability|p1a: Greninja|Battle Bond|boost
|-boost|p1a: Greninja|atk|1
|-boost|p1a: Greninja|spa|1
|-boost|p1a: Greninja|spe|1
|-activate|p1a: Greninja|ability: Battle Bond
|-hitcount|p2: Toxtricity|2
|-damage|p1a: Greninja|78/100|[from] item: Life Orb
|
|upkeep
|
|t:|1779646274
|switch|p2a: Malaika|Hatterene, F|100/100
|-damage|p2a: Malaika|88/100|[from] Stealth Rock
|turn|16
|
|t:|1779646282
|move|p1a: Greninja|Sludge Wave|p2a: Malaika
|-supereffective|p2a: Malaika
|-damage|p2a: Malaika|0 fnt
|faint|p2a: Malaika
|-damage|p1a: Greninja|69/100|[from] item: Life Orb
|
|upkeep
|-message|MageStation forfeited.
|
|win|jaimemsainero2
|raw|jaimemsainero2's rating: 1198 &rarr; <strong>1224</strong><br />(+26 for winning)
|raw|MageStation's rating: 1210 &rarr; <strong>1184</strong><br />(-26 for losing)
|l|☆MageStation
|player|p2|
|l|☆jaimemsainero2
|player|p1|
