|j|☆superstar
|j|☆bigtestsofbig
|t:|1779654968
|gametype|singles
|player|p1|superstar|169|1658
|player|p2|bigtestsofbig|101|1641
|gen|9
|tier|[Gen 9] OU
|rated|
|rule|HP Percentage Mod: HP is shown in percentages
|rule|Endless Battle Clause: Forcing endless battles is banned
|rule|Species Clause: Limit one of each Pokémon
|rule|OHKO Clause: OHKO moves are banned
|rule|Evasion Items Clause: Evasion items are banned
|rule|Evasion Moves Clause: Evasion moves are banned
|rule|Evasion Abilities Clause: Evasion abilities are banned
|rule|Sleep Moves Clause: Sleep-inducing moves are banned
|clearpoke
|poke|p1|Araquanid, F|
|poke|p1|Pecharunt|
|poke|p1|Enamorus, F|
|poke|p1|Ogerpon-Wellspring, F|
|poke|p1|Raging Bolt|
|poke|p1|Kingambit, F|
|poke|p2|Lucario, M|
|poke|p2|Corviknight, M|
|poke|p2|Raging Bolt|
|poke|p2|Landorus-Therian, M|
|poke|p2|Hatterene, F|
|poke|p2|Rillaboom, F|
|teampreview
|inactive|Battle timer is ON: inactive players will automatically lose when time's up. (requested by bigtestsofbig)
|
|t:|1779654991
|teamsize|p1|6
|teamsize|p2|6
|start
|switch|p1a: Araquanid|Araquanid, F|100/100
|switch|p2a: Rillaboom|Rillaboom, F|100/100
|-fieldstart|move: Grassy Terrain|[from] ability: Grassy Surge|[of] p2a: Rillaboom
|turn|1
|
|t:|1779654994
|move|p1a: Araquanid|Endure|p1a: Araquanid
|-singleturn|p1a: Araquanid|move: Endure
|move|p2a: Rillaboom|Wood Hammer|p1a: Araquanid
|-activate|p1a: Araquanid|move: Endure
|-damage|p1a: Araquanid|1/100
|-damage|p2a: Rillaboom|68/100|[from] Recoil
|
|-heal|p2a: Rillaboom|74/100|[from] Grassy Terrain
|-heal|p1a: Araquanid|7/100|[from] Grassy Terrain
|upkeep
|turn|2
|
|t:|1779655001
|switch|p1a: Ogerpon|Ogerpon-Wellspring, F|100/100
|move|p2a: Rillaboom|Wood Hammer|p1a: Ogerpon
|-damage|p1a: Ogerpon|0 fnt
|faint|p1a: Ogerpon
|-damage|p2a: Rillaboom|45/100|[from] Recoil
|
|-heal|p2a: Rillaboom|51/100|[from] Grassy Terrain
|upkeep
|
|t:|1779655006
|switch|p1a: Araquanid|Araquanid, F|7/100
|turn|3
|-enditem|p1a: Araquanid|Custap Berry|[eat]
|-activate|p1a: Araquanid|item: Custap Berry|[consumed]
|
|t:|1779655009
|move|p1a: Araquanid|Sticky Web|p2a: Rillaboom
|-sidestart|p2: bigtestsofbig|move: Sticky Web
|move|p2a: Rillaboom|Wood Hammer|p1a: Araquanid
|-damage|p1a: Araquanid|0 fnt
|faint|p1a: Araquanid
|-damage|p2a: Rillaboom|49/100|[from] Recoil
|
|-heal|p2a: Rillaboom|55/100|[from] Grassy Terrain
|upkeep
|
|t:|1779655013
|switch|p1a: Enamorus|Enamorus, F|100/100
|turn|4
|
|t:|1779655015
|move|p1a: Enamorus|Moonblast|p2a: Rillaboom
|-damage|p2a: Rillaboom|0 fnt
|faint|p2a: Rillaboom
|
|upkeep
|
|t:|1779655021
|switch|p2a: Corviknight|Corviknight, M|100/100
|-ability|p2a: Corviknight|Pressure
|turn|5
|
|t:|1779655023
|switch|p1a: Raging Bolt|Raging Bolt|100/100
|-enditem|p1a: Raging Bolt|Booster Energy
|-activate|p1a: Raging Bolt|ability: Protosynthesis|[fromitem]
|-start|p1a: Raging Bolt|protosynthesisspa
|move|p2a: Corviknight|Brave Bird|p1a: Raging Bolt
|-resisted|p1a: Raging Bolt
|-damage|p1a: Raging Bolt|84/100
|-damage|p2a: Corviknight|95/100|[from] Recoil
|
|-heal|p1a: Raging Bolt|91/100|[from] Grassy Terrain
|-heal|p2a: Corviknight|100/100|[from] item: Leftovers
|-fieldend|move: Grassy Terrain
|upkeep
|turn|6
|
|t:|1779655029
|switch|p2a: Landorus|Landorus-Therian, M|100/100
|-ability|p2a: Landorus|Intimidate|boost
|-unboost|p1a: Raging Bolt|atk|1
|move|p1a: Raging Bolt|Dragon Pulse|p2a: Landorus
|-damage|p2a: Landorus|31/100
|
|upkeep
|turn|7
|
|t:|1779655033
|-end|p1a: Raging Bolt|Protosynthesis|[silent]
|switch|p1a: Enamorus|Enamorus, F|100/100
|move|p2a: Landorus|Stealth Rock|p1a: Enamorus
|-sidestart|p1: superstar|move: Stealth Rock
|
|upkeep
|turn|8
|
|t:|1779655039
|switch|p2a: Corviknight|Corviknight, M|100/100
|-ability|p2a: Corviknight|Pressure
|move|p1a: Enamorus|Mystical Fire|p2a: Corviknight
|-supereffective|p2a: Corviknight
|-damage|p2a: Corviknight|25/100
|-unboost|p2a: Corviknight|spa|1
|
|-heal|p2a: Corviknight|31/100|[from] item: Leftovers
|upkeep
|turn|9
|
|t:|1779655045
|move|p1a: Enamorus|Mystical Fire|p2a: Corviknight
|-supereffective|p2a: Corviknight
|-damage|p2a: Corviknight|0 fnt
|faint|p2a: Corviknight
|
|upkeep
|
|t:|1779655055
|switch|p2a: Raging Bolt|Raging Bolt|100/100
|turn|10
|inactive|superstar has 120 seconds left.
|
|t:|1779655112
|switch|p1a: Pecharunt|Pecharunt|100/100
|-damage|p1a: Pecharunt|88/100|[from] Stealth Rock
|move|p2a: Raging Bolt|Volt Switch|p1a: Pecharunt
|-damage|p1a: Pecharunt|45/100
|
|t:|1779655124
|-end|p2a: Raging Bolt|Protosynthesis|[silent]
|switch|p2a: Lucario|Lucario, M|100/100|[from] Volt Switch
|-activate|p2a: Lucario|move: Sticky Web
|-unboost|p2a: Lucario|spe|1
|
|upkeep
|turn|11
|inactive|superstar has 90 seconds left.
|inactive|superstar has 60 seconds left.
|
|t:|1779655188
|move|p1a: Pecharunt|Shadow Ball|p2a: Lucario
|-damage|p2a: Lucario|61/100
|move|p2a: Lucario|Swords Dance|p2a: Lucario
|-boost|p2a: Lucario|atk|2
|
|upkeep
|turn|12
|
|t:|1779655194
|move|p1a: Pecharunt|Shadow Ball|p2a: Lucario
|-damage|p2a: Lucario|18/100
|move|p2a: Lucario|Crunch|p1a: Pecharunt
|-supereffective|p1a: Pecharunt
|-damage|p1a: Pecharunt|0 fnt
|faint|p1a: Pecharunt
|
|upkeep
|
|t:|1779655198
|switch|p1a: Raging Bolt|Raging Bolt|91/100
|-damage|p1a: Raging Bolt|78/100|[from] Stealth Rock
|turn|13
|
|t:|1779655200
|-terastallize|p2a: Lucario|Normal
|move|p2a: Lucario|Extreme Speed|p1a: Raging Bolt
|-damage|p1a: Raging Bolt|8/100
|move|p1a: Raging Bolt|Thunderbolt|p2a: Lucario
|-damage|p2a: Lucario|0 fnt
|faint|p2a: Lucario
|
|upkeep
|
|t:|1779655211
|switch|p2a: Landorus|Landorus-Therian, M|31/100
|-ability|p2a: Landorus|Intimidate|boost
|-unboost|p1a: Raging Bolt|atk|1
|turn|14
|
|t:|1779655215
|move|p2a: Landorus|U-turn|p1a: Raging Bolt
|-damage|p1a: Raging Bolt|0 fnt
|faint|p1a: Raging Bolt
|-end|p1a: Raging Bolt|Protosynthesis|[silent]
|
|t:|1779655220
|switch|p2a: Raging Bolt|Raging Bolt|100/100|[from] U-turn
|
|upkeep
|inactive|superstar has 90 seconds left.
|
|t:|1779655250
|switch|p1a: Kingambit|Kingambit, F|100/100
|-damage|p1a: Kingambit|94/100|[from] Stealth Rock
|-activate|p1a: Kingambit|ability: Supreme Overlord
|-start|p1a: Kingambit|fallen4|[silent]
|turn|15
|
|t:|1779655254
|move|p1a: Kingambit|Kowtow Cleave|p2a: Raging Bolt
|-damage|p2a: Raging Bolt|37/100
|move|p2a: Raging Bolt|Thunderbolt|p1a: Kingambit
|-damage|p1a: Kingambit|32/100
|
|upkeep
|turn|16
|inactive|superstar has 90 seconds left.
|
|t:|1779655275
|-end|p2a: Raging Bolt|Protosynthesis|[silent]
|switch|p2a: Landorus|Landorus-Therian, M|31/100
|-ability|p2a: Landorus|Intimidate|boost
|-unboost|p1a: Kingambit|atk|1
|move|p1a: Kingambit|Kowtow Cleave|p2a: Landorus
|-damage|p2a: Landorus|0 fnt
|-damage|p1a: Kingambit|15/100|[from] item: Rocky Helmet|[of] p2a: Landorus
|faint|p2a: Landorus
|
|upkeep
|
|t:|1779655278
|switch|p2a: Hatterene|Hatterene, F|100/100
|-activate|p2a: Hatterene|move: Sticky Web
|-unboost|p2a: Hatterene|spe|1
|turn|17
|
|t:|1779655281
|move|p1a: Kingambit|Kowtow Cleave|p2a: Hatterene
|-damage|p2a: Hatterene|44/100
|move|p2a: Hatterene|Healing Wish|p2a: Hatterene
|faint|p2a: Hatterene
|
|upkeep
|
|t:|1779655287
|switch|p2a: Raging Bolt|Raging Bolt|37/100
|-heal|p2a: Raging Bolt|100/100|[from] move: Healing Wish
|turn|18
|
|t:|1779655293
|move|p1a: Kingambit|Sucker Punch|p2a: Raging Bolt
|-damage|p2a: Raging Bolt|65/100
|move|p2a: Raging Bolt|Thunderbolt|p1a: Kingambit
|-damage|p1a: Kingambit|0 fnt
|faint|p1a: Kingambit
|-end|p1a: Kingambit|fallen4|[silent]
|
|upkeep
|
|t:|1779655296
|switch|p1a: Enamorus|Enamorus, F|100/100
|-damage|p1a: Enamorus|76/100|[from] Stealth Rock
|turn|19
|c|☆superstar|gg
|
|t:|1779655302
|-terastallize|p1a: Enamorus|Fairy
|move|p1a: Enamorus|Moonblast|p2a: Raging Bolt
|-supereffective|p2a: Raging Bolt
|-crit|p2a: Raging Bolt
|-damage|p2a: Raging Bolt|0 fnt
|faint|p2a: Raging Bolt
|-end|p2a: Raging Bolt|Protosynthesis|[silent]
|
|win|superstar
|raw|superstar's rating: 1658 &rarr; <strong>1677</strong><br />(+19 for winning)
|raw|bigtestsofbig's rating: 1641 &rarr; <strong>1622</strong><br />(-19 for losing)
|l|☆superstar
|player|p1|
|l|☆bigtestsofbig
|player|p2|
