|j|☆ElMasManzano
|j|☆Pman_the_man
|t:|1779721575
|gametype|singles
|player|p1|ElMasManzano|grimsley|1256
|player|p2|Pman_the_man|2|1234
|gen|9
|tier|[Gen 9] OU
|rated|
|rule|HP Percentage Mod: HP is shown in percentages
|rule|Endless Battle Clause: Forcing endless battles is banned
|rule|Species Clause: Limit one of each Pokémon
|rule|OHKO Clause: OHKO moves are banned
|rule|Evasion Items Clause: Evasion items are banned
|rule|Evasion Moves Clause: Evasion moves are banned
|rule|Evasion Abilities Clause: Evasion abilities are banned
|rule|Sleep Moves Clause: Sleep-inducing moves are banned
|clearpoke
|poke|p1|Avalugg, F|
|poke|p1|Ninetales-Alola, F|
|poke|p1|Chandelure, F|
|poke|p1|Corviknight, F|
|poke|p1|Chansey, F|
|poke|p1|Krookodile, F|
|poke|p2|Rillaboom, F|
|poke|p2|Cinderace, F|
|poke|p2|Iron Valiant|
|poke|p2|Walking Wake|
|poke|p2|Glimmora, M|
|poke|p2|Gliscor, M|
|teampreview
|inactive|Battle timer is ON: inactive players will automatically lose when time's up. (requested by Pman_the_man)
|
|t:|1779721581
|teamsize|p1|6
|teamsize|p2|6
|start
|switch|p1a: Ninetales|Ninetales-Alola, F|100/100
|switch|p2a: Glimmora|Glimmora, M|100/100
|-weather|Snowscape|[from] ability: Snow Warning|[of] p1a: Ninetales
|turn|1
|
|t:|1779721596
|switch|p1a: Corviknight|Corviknight, F|100/100
|-ability|p1a: Corviknight|Pressure
|move|p2a: Glimmora|Power Gem|p1a: Corviknight
|-damage|p1a: Corviknight|57/100
|
|-weather|Snowscape|[upkeep]
|-heal|p1a: Corviknight|64/100|[from] item: Leftovers
|upkeep
|turn|2
|
|t:|1779721610
|switch|p2a: Cinderace|Cinderace, F|100/100
|move|p1a: Corviknight|Body Press|p2a: Cinderace
|-damage|p2a: Cinderace|70/100
|
|-weather|Snowscape|[upkeep]
|-heal|p1a: Corviknight|70/100|[from] item: Leftovers
|upkeep
|turn|3
|
|t:|1779721622
|-terastallize|p1a: Corviknight|Ground
|move|p2a: Cinderace|U-turn|p1a: Corviknight
|-start|p2a: Cinderace|typechange|Bug|[from] ability: Libero
|-crit|p1a: Corviknight
|-damage|p1a: Corviknight|45/100
|
|t:|1779721637
|switch|p2a: Gliscor|Gliscor, M|100/100|[from] U-turn
|move|p1a: Corviknight|Iron Defense|p1a: Corviknight
|-boost|p1a: Corviknight|def|2
|
|-weather|Snowscape|[upkeep]
|-heal|p1a: Corviknight|51/100|[from] item: Leftovers
|-status|p2a: Gliscor|tox|[from] item: Toxic Orb
|upkeep
|turn|4
|
|t:|1779721649
|move|p2a: Gliscor|Toxic|p1a: Corviknight|[miss]
|-miss|p2a: Gliscor|p1a: Corviknight
|move|p1a: Corviknight|Iron Defense|p1a: Corviknight
|-boost|p1a: Corviknight|def|2
|
|-weather|Snowscape|[upkeep]
|-heal|p1a: Corviknight|58/100|[from] item: Leftovers
|upkeep
|turn|5
|
|t:|1779721657
|move|p2a: Gliscor|Toxic|p1a: Corviknight
|-status|p1a: Corviknight|tox
|move|p1a: Corviknight|Body Press|p2a: Gliscor
|-resisted|p2a: Gliscor
|-damage|p2a: Gliscor|68/100 tox
|
|-weather|none
|-heal|p1a: Corviknight|64/100 tox|[from] item: Leftovers
|-heal|p2a: Gliscor|81/100 tox|[from] ability: Poison Heal
|-damage|p1a: Corviknight|58/100 tox|[from] psn
|upkeep
|turn|6
|
|t:|1779721675
|move|p2a: Gliscor|Protect|p2a: Gliscor
|-singleturn|p2a: Gliscor|Protect
|move|p1a: Corviknight|Iron Defense|p1a: Corviknight
|-boost|p1a: Corviknight|def|2
|
|-heal|p1a: Corviknight|64/100 tox|[from] item: Leftovers
|-heal|p2a: Gliscor|93/100 tox|[from] ability: Poison Heal
|-damage|p1a: Corviknight|51/100 tox|[from] psn
|upkeep
|turn|7
|
|t:|1779721685
|move|p2a: Gliscor|Knock Off|p1a: Corviknight
|-damage|p1a: Corviknight|48/100 tox
|-enditem|p1a: Corviknight|Leftovers|[from] move: Knock Off|[of] p2a: Gliscor
|move|p1a: Corviknight|Body Press|p2a: Gliscor
|-resisted|p2a: Gliscor
|-damage|p2a: Gliscor|49/100 tox
|
|-heal|p2a: Gliscor|62/100 tox|[from] ability: Poison Heal
|-damage|p1a: Corviknight|29/100 tox|[from] psn
|upkeep
|turn|8
|
|t:|1779721697
|switch|p1a: Ninetales|Ninetales-Alola, F|100/100
|-weather|Snowscape|[from] ability: Snow Warning|[of] p1a: Ninetales
|move|p2a: Gliscor|Protect||[still]
|-fail|p2a: Gliscor
|
|-weather|Snowscape|[upkeep]
|-heal|p2a: Gliscor|74/100 tox|[from] ability: Poison Heal
|upkeep
|turn|9
|
|t:|1779721709
|switch|p2a: Glimmora|Glimmora, M|100/100
|move|p1a: Ninetales|Freeze-Dry|p2a: Glimmora
|-damage|p2a: Glimmora|68/100
|
|-weather|Snowscape|[upkeep]
|upkeep
|turn|10
|
|t:|1779721719
|switch|p1a: Chansey|Chansey, F|100/100
|move|p2a: Glimmora|Power Gem|p1a: Chansey
|-damage|p1a: Chansey|91/100
|
|-weather|Snowscape|[upkeep]
|upkeep
|turn|11
|
|t:|1779721727
|move|p2a: Glimmora|Stealth Rock|p1a: Chansey
|-sidestart|p1: ElMasManzano|move: Stealth Rock
|move|p1a: Chansey|Thunder Wave|p2a: Glimmora
|-status|p2a: Glimmora|par
|
|-weather|Snowscape|[upkeep]
|upkeep
|turn|12
|
|t:|1779721739
|switch|p2a: Gliscor|Gliscor, M|74/100 tox
|move|p1a: Chansey|Grass Knot|p2a: Gliscor
|-damage|p2a: Gliscor|69/100 tox
|
|-weather|none
|-heal|p2a: Gliscor|82/100 tox|[from] ability: Poison Heal
|upkeep
|turn|13
|
|t:|1779721753
|switch|p1a: Ninetales|Ninetales-Alola, F|100/100
|-weather|Snowscape|[from] ability: Snow Warning|[of] p1a: Ninetales
|move|p2a: Gliscor|Knock Off|p1a: Ninetales
|-resisted|p1a: Ninetales
|-damage|p1a: Ninetales|89/100
|-enditem|p1a: Ninetales|Heavy-Duty Boots|[from] move: Knock Off|[of] p2a: Gliscor
|
|-weather|Snowscape|[upkeep]
|-heal|p2a: Gliscor|94/100 tox|[from] ability: Poison Heal
|upkeep
|turn|14
|
|t:|1779721771
|switch|p2a: Iron Valiant|Iron Valiant|100/100
|-enditem|p2a: Iron Valiant|Booster Energy
|-activate|p2a: Iron Valiant|ability: Quark Drive|[fromitem]
|-start|p2a: Iron Valiant|quarkdrivespe
|move|p1a: Ninetales|Aurora Veil|p1a: Ninetales
|-sidestart|p1: ElMasManzano|move: Aurora Veil
|
|-weather|Snowscape|[upkeep]
|upkeep
|turn|15
|
|t:|1779721791
|-terastallize|p2a: Iron Valiant|Steel
|move|p2a: Iron Valiant|Calm Mind|p2a: Iron Valiant
|-boost|p2a: Iron Valiant|spa|1
|-boost|p2a: Iron Valiant|spd|1
|move|p1a: Ninetales|Draining Kiss|p2a: Iron Valiant
|-resisted|p2a: Iron Valiant
|-damage|p2a: Iron Valiant|90/100
|-heal|p1a: Ninetales|97/100|[from] drain|[of] p2a: Iron Valiant
|
|-weather|Snowscape|[upkeep]
|upkeep
|turn|16
|
|t:|1779721802
|switch|p1a: Avalugg|Avalugg, F|100/100
|-damage|p1a: Avalugg|76/100|[from] Stealth Rock
|move|p2a: Iron Valiant|Calm Mind|p2a: Iron Valiant
|-boost|p2a: Iron Valiant|spa|1
|-boost|p2a: Iron Valiant|spd|1
|
|-weather|Snowscape|[upkeep]
|-heal|p1a: Avalugg|82/100|[from] ability: Ice Body
|-heal|p1a: Avalugg|88/100|[from] item: Leftovers
|upkeep
|turn|17
|inactive|Pman_the_man has 120 seconds left.
|
|t:|1779721824
|move|p2a: Iron Valiant|Moonblast|p1a: Avalugg
|-damage|p1a: Avalugg|18/100
|move|p1a: Avalugg|Body Press|p2a: Iron Valiant
|-supereffective|p2a: Iron Valiant
|-damage|p2a: Iron Valiant|14/100
|
|-weather|none
|-heal|p1a: Avalugg|24/100|[from] item: Leftovers
|upkeep
|turn|18
|inactive|Pman_the_man has 120 seconds left.
|
|t:|1779721835
|move|p2a: Iron Valiant|Vacuum Wave|p1a: Avalugg
|-supereffective|p1a: Avalugg
|-damage|p1a: Avalugg|0 fnt
|faint|p1a: Avalugg
|
|-sideend|p1: ElMasManzano|move: Aurora Veil
|upkeep
|-message|ElMasManzano forfeited.
|
|win|Pman_the_man
|raw|ElMasManzano's rating: 1256 &rarr; <strong>1229</strong><br />(-27 for losing)
|raw|Pman_the_man's rating: 1234 &rarr; <strong>1261</strong><br />(+27 for winning)
|l|☆ElMasManzano
|player|p1|
|l|☆Pman_the_man
|player|p2|
