|j|☆greynolabar
|j|☆hattybatty304
|t:|1779713203
|gametype|singles
|player|p1|greynolabar|brock|1366
|player|p2|hattybatty304|swimmerf|1330
|gen|9
|tier|[Gen 9] OU
|rated|
|rule|HP Percentage Mod: HP is shown in percentages
|rule|Endless Battle Clause: Forcing endless battles is banned
|rule|Species Clause: Limit one of each Pokémon
|rule|OHKO Clause: OHKO moves are banned
|rule|Evasion Items Clause: Evasion items are banned
|rule|Evasion Moves Clause: Evasion moves are banned
|rule|Evasion Abilities Clause: Evasion abilities are banned
|rule|Sleep Moves Clause: Sleep-inducing moves are banned
|clearpoke
|poke|p1|Skeledirge, M|
|poke|p1|Serperior, F|
|poke|p1|Ditto|
|poke|p1|Malamar, F|
|poke|p1|Azumarill, F|
|poke|p1|Corviknight, M|
|poke|p2|Hatterene, F|
|poke|p2|Meowscarada, F|
|poke|p2|Primarina, F|
|poke|p2|Cinderace, F|
|poke|p2|Pecharunt|
|poke|p2|Inteleon, F|
|teampreview
|inactive|Battle timer is ON: inactive players will automatically lose when time's up. (requested by hattybatty304)
|inactive|greynolabar also wants the timer to be on.
|
|t:|1779713209
|teamsize|p1|6
|teamsize|p2|6
|start
|switch|p1a: Corviknight|Corviknight, M|100/100
|switch|p2a: TakeYoMan|Meowscarada, F|100/100
|turn|1
|
|t:|1779713215
|move|p2a: TakeYoMan|U-turn|p1a: Corviknight
|-start|p2a: TakeYoMan|typechange|Bug|[from] ability: Protean
|-resisted|p1a: Corviknight
|-damage|p1a: Corviknight|91/100
|-damage|p2a: TakeYoMan|84/100|[from] item: Rocky Helmet|[of] p1a: Corviknight
|
|t:|1779713218
|switch|p2a: mosquito|Pecharunt|100/100|[from] U-turn
|move|p1a: Corviknight|Nasty Plot|p1a: Corviknight
|-boost|p1a: Corviknight|spa|2
|
|upkeep
|turn|2
|
|t:|1779713233
|switch|p2a: fatty|Hatterene, F|100/100
|move|p1a: Corviknight|Air Slash|p2a: fatty
|-damage|p2a: fatty|77/100
|
|upkeep
|turn|3
|
|t:|1779713241
|move|p1a: Corviknight|Air Slash|p2a: fatty
|-damage|p2a: fatty|54/100
|cant|p2a: fatty|flinch
|
|upkeep
|turn|4
|l|☆hattybatty304
|inactive|hattybatty304 disconnected and has a minute to reconnect!
|player|p2|
|j|☆hattybatty304
|inactive|hattybatty304 reconnected and has 140 seconds left.
|player|p2|hattybatty304|swimmerf|
|
|t:|1779713260
|move|p1a: Corviknight|Air Slash|p2a: fatty
|-damage|p2a: fatty|31/100
|cant|p2a: fatty|flinch
|
|upkeep
|turn|5
|
|t:|1779713268
|move|p1a: Corviknight|Air Slash|p2a: fatty
|-damage|p2a: fatty|7/100
|move|p2a: fatty|Mystical Fire|p1a: Corviknight
|-supereffective|p1a: Corviknight
|-damage|p1a: Corviknight|40/100
|-ability|p1a: Corviknight|Mirror Armor
|-unboost|p2a: fatty|spa|1
|
|upkeep
|turn|6
|
|t:|1779713276
|move|p1a: Corviknight|Air Slash|p2a: fatty
|-damage|p2a: fatty|0 fnt
|faint|p2a: fatty
|
|upkeep
|
|t:|1779713283
|switch|p2a: Lm10|Cinderace, F|100/100
|turn|7
|
|t:|1779713286
|switch|p1a: Skeledirge|Skeledirge, M|100/100
|move|p2a: Lm10|Pyro Ball|p1a: Skeledirge|[miss]
|-miss|p2a: Lm10|p1a: Skeledirge
|
|upkeep
|turn|8
|
|t:|1779713297
|move|p2a: Lm10|U-turn|p1a: Skeledirge
|-start|p2a: Lm10|typechange|Bug|[from] ability: Libero
|-resisted|p1a: Skeledirge
|-damage|p1a: Skeledirge|94/100
|
|t:|1779713299
|switch|p2a: Rapunzil|Primarina, F, shiny|100/100|[from] U-turn
|move|p1a: Skeledirge|Shadow Ball|p2a: Rapunzil
|-damage|p2a: Rapunzil|80/100
|-unboost|p2a: Rapunzil|spd|1
|
|-heal|p1a: Skeledirge|99/100|[from] item: Leftovers
|upkeep
|turn|9
|
|t:|1779713308
|switch|p1a: Serperior|Serperior, F|100/100
|move|p2a: Rapunzil|Shadow Ball|p1a: Serperior
|-damage|p1a: Serperior|66/100
|-boost|p1a: Serperior|spd|1
|
|upkeep
|turn|10
|
|t:|1779713319
|switch|p2a: Lm10|Cinderace, F|100/100
|move|p1a: Serperior|Glare|p2a: Lm10
|-status|p2a: Lm10|par
|
|upkeep
|turn|11
|
|t:|1779713324
|move|p1a: Serperior|Light Screen|p1a: Serperior
|-sidestart|p1: greynolabar|move: Light Screen
|move|p2a: Lm10|U-turn|p1a: Serperior
|-start|p2a: Lm10|typechange|Bug|[from] ability: Libero
|-supereffective|p1a: Serperior
|-damage|p1a: Serperior|0 fnt
|faint|p1a: Serperior
|
|t:|1779713336
|switch|p2a: TakeYoMan|Meowscarada, F|84/100|[from] U-turn
|
|upkeep
|
|t:|1779713340
|switch|p1a: Corviknight|Corviknight, M|40/100
|turn|12
|
|t:|1779713344
|move|p2a: TakeYoMan|Knock Off|p1a: Corviknight
|-start|p2a: TakeYoMan|typechange|Dark|[from] ability: Protean
|-damage|p1a: Corviknight|0 fnt
|-damage|p2a: TakeYoMan|68/100|[from] item: Rocky Helmet|[of] p1a: Corviknight
|-enditem|p1a: Corviknight|Rocky Helmet|[from] move: Knock Off|[of] p2a: TakeYoMan
|faint|p1a: Corviknight
|
|upkeep
|
|t:|1779713362
|switch|p1a: Ditto|Ditto|100/100
|-transform|p1a: Ditto|p2a: TakeYoMan|[from] ability: Imposter
|turn|13
|
|t:|1779713370
|switch|p2a: Lm10|Cinderace, F|100/100 par
|move|p1a: Ditto|U-turn|p2a: Lm10
|-start|p1a: Ditto|typechange|Bug|[from] ability: Protean
|-resisted|p2a: Lm10
|-damage|p2a: Lm10|77/100 par
|
|t:|1779713391
|switch|p1a: Azumarill|Azumarill, F|100/100|[from] U-turn
|
|upkeep
|turn|14
|
|t:|1779713401
|cant|p2a: Lm10|par
|move|p1a: Azumarill|Belly Drum|p1a: Azumarill
|-damage|p1a: Azumarill|50/100
|-setboost|p1a: Azumarill|atk|6|[from] move: Belly Drum
|-enditem|p1a: Azumarill|Sitrus Berry|[eat]
|-heal|p1a: Azumarill|75/100|[from] item: Sitrus Berry
|
|upkeep
|turn|15
|
|t:|1779713408
|move|p1a: Azumarill|Aqua Jet|p2a: Lm10
|-supereffective|p2a: Lm10
|-damage|p2a: Lm10|0 fnt
|faint|p2a: Lm10
|
|upkeep
|
|t:|1779713412
|switch|p2a: mosquito|Pecharunt|100/100
|turn|16
|
|t:|1779713419
|move|p2a: mosquito|Malignant Chain|p1a: Azumarill
|-supereffective|p1a: Azumarill
|-damage|p1a: Azumarill|41/100
|-status|p1a: Azumarill|tox
|-start|p1a: Azumarill|confusion|[from] ability: Poison Puppeteer|[of] p2a: mosquito
|-activate|p1a: Azumarill|confusion
|move|p1a: Azumarill|Knock Off|p2a: mosquito
|-supereffective|p2a: mosquito
|-damage|p2a: mosquito|0 fnt
|-damage|p1a: Azumarill|25/100 tox|[from] item: Rocky Helmet|[of] p2a: mosquito
|-enditem|p2a: mosquito|Rocky Helmet|[from] move: Knock Off|[of] p1a: Azumarill
|faint|p2a: mosquito
|
|-damage|p1a: Azumarill|18/100 tox|[from] psn
|upkeep
|
|t:|1779713426
|switch|p2a: Widow maker|Inteleon, F, shiny|100/100
|turn|17
|
|t:|1779713438
|move|p2a: Widow maker|Vacuum Wave|p1a: Azumarill
|-resisted|p1a: Azumarill
|-damage|p1a: Azumarill|15/100 tox
|-activate|p1a: Azumarill|confusion
|-damage|p1a: Azumarill|0 fnt|[from] confusion
|faint|p1a: Azumarill
|
|upkeep
|inactive|greynolabar has 120 seconds left.
|
|t:|1779713466
|switch|p1a: Ditto|Ditto|100/100
|-transform|p1a: Ditto|p2a: Widow maker|[from] ability: Imposter
|turn|18
|inactive|greynolabar has 120 seconds left.
|
|t:|1779713483
|switch|p2a: Rapunzil|Primarina, F, shiny|80/100
|move|p1a: Ditto|Ice Beam|p2a: Rapunzil
|-resisted|p2a: Rapunzil
|-damage|p2a: Rapunzil|72/100
|
|-sideend|p1: greynolabar|move: Light Screen
|upkeep
|turn|19
|inactive|greynolabar has 120 seconds left.
|
|t:|1779713494
|switch|p1a: Ursula|Malamar, F|100/100
|move|p2a: Rapunzil|Psychic Noise|p1a: Ursula
|-damage|p1a: Ursula|69/100
|-start|p1a: Ursula|move: Heal Block
|
|upkeep
|turn|20
|inactive|greynolabar has 120 seconds left.
|
|t:|1779713502
|move|p1a: Ursula|Superpower|p2a: Rapunzil
|-resisted|p2a: Rapunzil
|-damage|p2a: Rapunzil|57/100
|-boost|p1a: Ursula|atk|1
|-boost|p1a: Ursula|def|1
|move|p2a: Rapunzil|Draining Kiss|p1a: Ursula
|-supereffective|p1a: Ursula
|-damage|p1a: Ursula|31/100
|-heal|p2a: Rapunzil|86/100|[from] drain|[of] p1a: Ursula
|
|-end|p1a: Ursula|move: Heal Block
|upkeep
|turn|21
|inactive|greynolabar has 120 seconds left.
|
|t:|1779713513
|-terastallize|p1a: Ursula|Steel
|move|p1a: Ursula|Rest|p1a: Ursula
|-status|p1a: Ursula|slp|[from] move: Rest
|-heal|p1a: Ursula|100/100 slp|[silent]
|move|p2a: Rapunzil|Shadow Ball|p1a: Ursula
|-damage|p1a: Ursula|79/100 slp
|
|-heal|p1a: Ursula|86/100 slp|[from] item: Leftovers
|upkeep
|turn|22
|inactive|greynolabar has 120 seconds left.
|
|t:|1779713548
|cant|p1a: Ursula|slp
|move|p2a: Rapunzil|Psychic Noise|p1a: Ursula
|-damage|p1a: Ursula|56/100 slp
|-start|p1a: Ursula|move: Heal Block
|
|upkeep
|turn|23
|
|t:|1779713555
|cant|p1a: Ursula|slp
|move|p1a: Ursula|Sleep Talk|p1a: Ursula
|move|p1a: Ursula|Knock Off|p2a: Rapunzil|[from] move: Sleep Talk
|-resisted|p2a: Rapunzil
|-damage|p2a: Rapunzil|57/100
|-enditem|p2a: Rapunzil|Assault Vest|[from] move: Knock Off|[of] p1a: Ursula
|move|p2a: Rapunzil|Psychic Noise|p1a: Ursula
|-damage|p1a: Ursula|25/100 slp
|
|-end|p1a: Ursula|move: Heal Block
|upkeep
|turn|24
|
|t:|1779713566
|-curestatus|p1a: Ursula|slp|[msg]
|move|p1a: Ursula|Rest|p1a: Ursula
|-status|p1a: Ursula|slp|[from] move: Rest
|-heal|p1a: Ursula|100/100 slp|[silent]
|move|p2a: Rapunzil|Psychic Noise|p1a: Ursula
|-damage|p1a: Ursula|69/100 slp
|-start|p1a: Ursula|move: Heal Block
|
|upkeep
|turn|25
|
|t:|1779713575
|cant|p1a: Ursula|slp
|move|p1a: Ursula|Sleep Talk|p1a: Ursula
|move|p1a: Ursula|Knock Off|p2a: Rapunzil|[from] move: Sleep Talk
|-resisted|p2a: Rapunzil
|-damage|p2a: Rapunzil|38/100
|move|p2a: Rapunzil|Psychic Noise|p1a: Ursula
|-damage|p1a: Ursula|41/100 slp
|
|-end|p1a: Ursula|move: Heal Block
|upkeep
|turn|26
|
|t:|1779713588
|cant|p1a: Ursula|slp
|move|p1a: Ursula|Sleep Talk|p1a: Ursula
|move|p1a: Ursula|Rest||[from] move: Sleep Talk|[still]
|-fail|p1a: Ursula
|move|p2a: Rapunzil|Shadow Ball|p1a: Ursula
|-damage|p1a: Ursula|21/100 slp
|
|-heal|p1a: Ursula|27/100 slp|[from] item: Leftovers
|upkeep
|turn|27
|inactive|greynolabar has 120 seconds left.
|
|t:|1779713597
|-curestatus|p1a: Ursula|slp|[msg]
|move|p1a: Ursula|Rest|p1a: Ursula
|-status|p1a: Ursula|slp|[from] move: Rest
|-heal|p1a: Ursula|100/100 slp|[silent]
|move|p2a: Rapunzil|Psychic Noise|p1a: Ursula
|-damage|p1a: Ursula|70/100 slp
|-start|p1a: Ursula|move: Heal Block
|
|upkeep
|turn|28
|
|t:|1779713607
|cant|p1a: Ursula|slp
|move|p1a: Ursula|Sleep Talk|p1a: Ursula
|move|p1a: Ursula|Superpower|p2a: Rapunzil|[from] move: Sleep Talk
|-resisted|p2a: Rapunzil
|-damage|p2a: Rapunzil|13/100
|-boost|p1a: Ursula|atk|1
|-boost|p1a: Ursula|def|1
|move|p2a: Rapunzil|Psychic Noise|p1a: Ursula
|-damage|p1a: Ursula|38/100 slp
|
|-end|p1a: Ursula|move: Heal Block
|upkeep
|turn|29
|
|t:|1779713619
|cant|p1a: Ursula|slp
|move|p1a: Ursula|Sleep Talk|p1a: Ursula
|move|p1a: Ursula|Knock Off|p2a: Rapunzil|[from] move: Sleep Talk
|-resisted|p2a: Rapunzil
|-damage|p2a: Rapunzil|0 fnt
|faint|p2a: Rapunzil
|
|-heal|p1a: Ursula|44/100 slp|[from] item: Leftovers
|upkeep
|
|t:|1779713625
|switch|p2a: Widow maker|Inteleon, F, shiny|100/100
|turn|30
|
|t:|1779713635
|move|p2a: Widow maker|Vacuum Wave|p1a: Ursula
|-supereffective|p1a: Ursula
|-damage|p1a: Ursula|25/100 slp
|-curestatus|p1a: Ursula|slp|[msg]
|move|p1a: Ursula|Rest|p1a: Ursula
|-status|p1a: Ursula|slp|[from] move: Rest
|-heal|p1a: Ursula|100/100 slp|[silent]
|
|upkeep
|turn|31
|
|t:|1779713643
|-terastallize|p2a: Widow maker|Water
|move|p2a: Widow maker|Snipe Shot|p1a: Ursula
|-crit|p1a: Ursula
|-damage|p1a: Ursula|9/100 slp
|cant|p1a: Ursula|slp
|move|p1a: Ursula|Sleep Talk|p1a: Ursula
|move|p1a: Ursula|Rest||[from] move: Sleep Talk|[still]
|-fail|p1a: Ursula
|
|-heal|p1a: Ursula|15/100 slp|[from] item: Leftovers
|upkeep
|turn|32
|
|t:|1779713652
|move|p2a: Widow maker|Snipe Shot|p1a: Ursula
|-crit|p1a: Ursula
|-damage|p1a: Ursula|0 fnt
|faint|p1a: Ursula
|
|upkeep
|
|t:|1779713661
|switch|p1a: Ditto|Ditto|100/100
|-transform|p1a: Ditto|p2a: Widow maker|[from] ability: Imposter
|turn|33
|
|t:|1779713683
|move|p1a: Ditto|Shadow Ball|p2a: Widow maker
|-damage|p2a: Widow maker|51/100
|-unboost|p2a: Widow maker|spd|1
|move|p2a: Widow maker|Shadow Ball|p1a: Ditto
|-damage|p1a: Ditto|54/100
|
|upkeep
|turn|34
|
|t:|1779713691
|move|p2a: Widow maker|Vacuum Wave|p1a: Ditto
|-crit|p1a: Ditto
|-damage|p1a: Ditto|3/100
|move|p1a: Ditto|Shadow Ball|p2a: Widow maker
|-damage|p2a: Widow maker|0 fnt
|faint|p2a: Widow maker
|
|upkeep
|
|t:|1779713694
|switch|p2a: TakeYoMan|Meowscarada, F|68/100
|turn|35
|
|t:|1779713701
|switch|p1a: Skeledirge|Skeledirge, M|99/100
|move|p2a: TakeYoMan|Knock Off|p1a: Skeledirge
|-start|p2a: TakeYoMan|typechange|Dark|[from] ability: Protean
|-supereffective|p1a: Skeledirge
|-damage|p1a: Skeledirge|0 fnt
|-enditem|p1a: Skeledirge|Leftovers|[from] move: Knock Off|[of] p2a: TakeYoMan
|faint|p1a: Skeledirge
|
|upkeep
|
|t:|1779713709
|switch|p1a: Ditto|Ditto|3/100
|-transform|p1a: Ditto|p2a: TakeYoMan|[from] ability: Imposter
|turn|36
|
|t:|1779713714
|move|p1a: Ditto|U-turn|p2a: TakeYoMan
|-start|p1a: Ditto|typechange|Bug|[from] ability: Protean
|-supereffective|p2a: TakeYoMan
|-crit|p2a: TakeYoMan
|-damage|p2a: TakeYoMan|0 fnt
|faint|p2a: TakeYoMan
|
|win|greynolabar
|raw|greynolabar's rating: 1366 &rarr; <strong>1384</strong><br />(+18 for winning)
|raw|hattybatty304's rating: 1330 &rarr; <strong>1312</strong><br />(-18 for losing)
|l|☆hattybatty304
|player|p2|
|l|☆greynolabar
|player|p1|
