|j|☆yoki
|j|☆arataomega1
|t:|1779697038
|gametype|singles
|player|p1|yoki|2|1475
|player|p2|arataomega1|marnie-masters3|1366
|gen|9
|tier|[Gen 9] OU
|rated|
|rule|HP Percentage Mod: HP is shown in percentages
|rule|Endless Battle Clause: Forcing endless battles is banned
|rule|Species Clause: Limit one of each Pokémon
|rule|OHKO Clause: OHKO moves are banned
|rule|Evasion Items Clause: Evasion items are banned
|rule|Evasion Moves Clause: Evasion moves are banned
|rule|Evasion Abilities Clause: Evasion abilities are banned
|rule|Sleep Moves Clause: Sleep-inducing moves are banned
|clearpoke
|poke|p1|Slowking-Galar, F|
|poke|p1|Great Tusk|
|poke|p1|Kyurem|
|poke|p1|Darkrai|
|poke|p1|Samurott-Hisui, F|
|poke|p1|Zapdos|
|poke|p2|Volcanion|
|poke|p2|Weezing-Galar, F|
|poke|p2|Reuniclus, F|
|poke|p2|Registeel|
|poke|p2|Krookodile, M|
|poke|p2|Zapdos-Galar|
|teampreview
|inactive|Battle timer is ON: inactive players will automatically lose when time's up. (requested by arataomega1)
|
|t:|1779697075
|teamsize|p1|6
|teamsize|p2|6
|start
|switch|p1a: Kyurem|Kyurem|100/100
|switch|p2a: Lord smogon|Weezing-Galar, F, shiny|100/100
|-ability|p1a: Kyurem|Pressure
|turn|1
|
|t:|1779697092
|switch|p2a: Big daddy|Registeel, shiny|100/100
|-terastallize|p1a: Kyurem|Ice
|move|p1a: Kyurem|Ice Beam|p2a: Big daddy
|-resisted|p2a: Big daddy
|-damage|p2a: Big daddy|75/100
|
|-heal|p2a: Big daddy|81/100|[from] item: Leftovers
|upkeep
|turn|2
|
|t:|1779697101
|switch|p1a: Great Tusk|Great Tusk|100/100
|move|p2a: Big daddy|Stealth Rock|p1a: Great Tusk
|-sidestart|p1: yoki|move: Stealth Rock
|
|-heal|p2a: Big daddy|87/100|[from] item: Leftovers
|upkeep
|turn|3
|
|t:|1779697115
|switch|p2a: Lord smogon|Weezing-Galar, F, shiny|100/100
|move|p1a: Great Tusk|Rapid Spin|p2a: Lord smogon
|-damage|p2a: Lord smogon|89/100
|-boost|p1a: Great Tusk|spe|1
|-sideend|p1: yoki|Stealth Rock|[from] move: Rapid Spin|[of] p1a: Great Tusk
|
|-heal|p2a: Lord smogon|95/100|[from] item: Leftovers
|upkeep
|turn|4
|
|t:|1779697123
|-end|p1a: Great Tusk|Protosynthesis|[silent]
|switch|p1a: Slowking|Slowking-Galar, F|100/100
|move|p2a: Lord smogon|Will-O-Wisp|p1a: Slowking
|-status|p1a: Slowking|brn
|
|-heal|p2a: Lord smogon|100/100|[from] item: Leftovers
|-damage|p1a: Slowking|94/100 brn|[from] brn
|upkeep
|turn|5
|inactive|yoki has 120 seconds left.
|
|t:|1779697169
|switch|p2a: EL sarcosucus|Krookodile, M, shiny|100/100
|-prepare|p1a: Slowking|Chilly Reception|[premajor]
|move|p1a: Slowking|Chilly Reception|p1a: Slowking
|-weather|Snowscape
|
|t:|1779697175
|switch|p1a: Kyurem|Kyurem, tera:Ice|100/100|[from] Chilly Reception
|-ability|p1a: Kyurem|Pressure
|
|-weather|Snowscape|[upkeep]
|upkeep
|turn|6
|
|t:|1779697184
|switch|p2a: Big daddy|Registeel, shiny|87/100
|move|p1a: Kyurem|Blizzard|p2a: Big daddy
|-resisted|p2a: Big daddy
|-damage|p2a: Big daddy|54/100
|
|-weather|Snowscape|[upkeep]
|-heal|p2a: Big daddy|60/100|[from] item: Leftovers
|upkeep
|turn|7
|inactive|yoki has 120 seconds left.
|
|t:|1779697206
|switch|p1a: Great Tusk|Great Tusk|100/100
|move|p2a: Big daddy|Thunder Wave|p1a: Great Tusk
|-immune|p1a: Great Tusk
|
|-weather|Snowscape|[upkeep]
|-heal|p2a: Big daddy|66/100|[from] item: Leftovers
|upkeep
|turn|8
|
|t:|1779697216
|-end|p1a: Great Tusk|Protosynthesis|[silent]
|switch|p1a: Kyurem|Kyurem, tera:Ice|100/100
|-ability|p1a: Kyurem|Pressure
|switch|p2a: Lord smogon|Weezing-Galar, F, shiny|100/100
|
|-weather|Snowscape|[upkeep]
|upkeep
|turn|9
|
|t:|1779697223
|switch|p2a: Cesar zepeli|Reuniclus, F, shiny|100/100
|move|p1a: Kyurem|Blizzard|p2a: Cesar zepeli
|-damage|p2a: Cesar zepeli|44/100
|
|-weather|none
|upkeep
|turn|10
|
|t:|1779697230
|switch|p2a: El Stromboli|Volcanion|100/100
|move|p1a: Kyurem|Blizzard|p2a: El Stromboli|[miss]
|-miss|p1a: Kyurem|p2a: El Stromboli
|
|upkeep
|turn|11
|
|t:|1779697239
|switch|p1a: Slowking|Slowking-Galar, F|100/100 brn
|move|p2a: El Stromboli|Steam Eruption|p1a: Slowking
|-damage|p1a: Slowking|61/100 brn
|
|-damage|p1a: Slowking|55/100 brn|[from] brn
|upkeep
|turn|12
|
|t:|1779697251
|move|p2a: El Stromboli|Taunt|p1a: Slowking
|-start|p1a: Slowking|move: Taunt
|-prepare|p1a: Slowking|Chilly Reception|[premajor]
|cant|p1a: Slowking|move: Taunt|Chilly Reception
|
|-damage|p1a: Slowking|48/100 brn|[from] brn
|upkeep
|turn|13
|
|t:|1779697262
|switch|p1a: Samurott|Samurott-Hisui, F|100/100
|move|p2a: El Stromboli|Steam Eruption|p1a: Samurott
|-resisted|p1a: Samurott
|-damage|p1a: Samurott|80/100
|-status|p1a: Samurott|brn
|
|-damage|p1a: Samurott|74/100 brn|[from] brn
|upkeep
|turn|14
|
|t:|1779697271
|switch|p2a: Lord smogon|Weezing-Galar, F, shiny|100/100
|move|p1a: Samurott|Knock Off|p2a: Lord smogon
|-resisted|p2a: Lord smogon
|-damage|p2a: Lord smogon|93/100
|-enditem|p2a: Lord smogon|Leftovers|[from] move: Knock Off|[of] p1a: Samurott
|
|-damage|p1a: Samurott|68/100 brn|[from] brn
|upkeep
|turn|15
|
|t:|1779697280
|switch|p2a: EL sarcosucus|Krookodile, M, shiny|100/100
|move|p1a: Samurott|Flip Turn|p2a: EL sarcosucus
|-supereffective|p2a: EL sarcosucus
|-damage|p2a: EL sarcosucus|64/100
|
|t:|1779697282
|switch|p1a: Kyurem|Kyurem, tera:Ice|100/100|[from] Flip Turn
|-ability|p1a: Kyurem|Pressure
|
|upkeep
|turn|16
|
|t:|1779697291
|switch|p2a: Big daddy|Registeel, shiny|66/100
|move|p1a: Kyurem|Ice Beam|p2a: Big daddy
|-resisted|p2a: Big daddy
|-damage|p2a: Big daddy|42/100
|
|-heal|p2a: Big daddy|48/100|[from] item: Leftovers
|upkeep
|turn|17
|
|t:|1779697315
|switch|p1a: Great Tusk|Great Tusk|100/100
|switch|p2a: Cesar zepeli|Reuniclus, F, shiny|77/100
|
|upkeep
|turn|18
|
|t:|1779697322
|-end|p1a: Great Tusk|Protosynthesis|[silent]
|switch|p1a: Slowking|Slowking-Galar, F|82/100 brn
|move|p2a: Cesar zepeli|Future Sight|p1a: Slowking
|-start|p2a: Cesar zepeli|move: Future Sight
|
|-damage|p1a: Slowking|76/100 brn|[from] brn
|upkeep
|turn|19
|
|t:|1779697328
|move|p2a: Cesar zepeli|Knock Off|p1a: Slowking
|-supereffective|p1a: Slowking
|-enditem|p1a: Slowking|Colbur Berry|[eat]
|-enditem|p1a: Slowking|Colbur Berry|[weaken]
|-damage|p1a: Slowking|62/100 brn
|-prepare|p1a: Slowking|Chilly Reception|[premajor]
|move|p1a: Slowking|Chilly Reception|p1a: Slowking
|-weather|Snowscape
|
|t:|1779697336
|switch|p1a: Darkrai|Darkrai|100/100|[from] Chilly Reception
|
|-weather|Snowscape|[upkeep]
|upkeep
|turn|20
|
|t:|1779697341
|move|p1a: Darkrai|Dark Pulse|p2a: Cesar zepeli
|-supereffective|p2a: Cesar zepeli
|-damage|p2a: Cesar zepeli|35/100
|move|p2a: Cesar zepeli|Focus Blast|p1a: Darkrai
|-supereffective|p1a: Darkrai
|-damage|p1a: Darkrai|5/100
|
|-weather|Snowscape|[upkeep]
|-end|p1a: Darkrai|move: Future Sight
|-immune|p1a: Darkrai
|upkeep
|turn|21
|
|t:|1779697359
|switch|p2a: KFC chicken|Zapdos-Galar|100/100
|move|p1a: Darkrai|Thunder Wave|p2a: KFC chicken
|-status|p2a: KFC chicken|par
|
|-weather|Snowscape|[upkeep]
|upkeep
|turn|22
|
|t:|1779697366
|switch|p1a: Zapdos|Zapdos, shiny|100/100
|move|p2a: KFC chicken|U-turn|p1a: Zapdos
|-resisted|p1a: Zapdos
|-crit|p1a: Zapdos
|-damage|p1a: Zapdos|87/100
|
|t:|1779697375
|switch|p2a: EL sarcosucus|Krookodile, M, shiny|64/100|[from] U-turn
|
|-weather|Snowscape|[upkeep]
|upkeep
|turn|23
|
|t:|1779697381
|move|p2a: EL sarcosucus|Stone Edge|p1a: Zapdos|[miss]
|-miss|p2a: EL sarcosucus|p1a: Zapdos
|move|p1a: Zapdos|Hurricane|p2a: EL sarcosucus
|-damage|p2a: EL sarcosucus|4/100
|-start|p2a: EL sarcosucus|confusion
|
|-weather|none
|upkeep
|turn|24
|
|t:|1779697389
|switch|p1a: Great Tusk|Great Tusk|100/100
|-activate|p2a: EL sarcosucus|confusion
|-damage|p2a: EL sarcosucus|0 fnt|[from] confusion
|faint|p2a: EL sarcosucus
|
|upkeep
|
|t:|1779697395
|switch|p2a: Cesar zepeli|Reuniclus, F, shiny|69/100
|turn|25
|
|t:|1779697421
|-end|p1a: Great Tusk|Protosynthesis|[silent]
|switch|p1a: Slowking|Slowking-Galar, F|96/100 brn
|move|p2a: Cesar zepeli|Knock Off|p1a: Slowking
|-supereffective|p1a: Slowking
|-damage|p1a: Slowking|78/100 brn
|
|-damage|p1a: Slowking|72/100 brn|[from] brn
|upkeep
|turn|26
|
|t:|1779697428
|move|p2a: Cesar zepeli|Future Sight|p1a: Slowking
|-start|p2a: Cesar zepeli|move: Future Sight
|-prepare|p1a: Slowking|Chilly Reception|[premajor]
|move|p1a: Slowking|Chilly Reception|p1a: Slowking
|-weather|Snowscape
|
|t:|1779697431
|switch|p1a: Kyurem|Kyurem, tera:Ice|100/100|[from] Chilly Reception
|-ability|p1a: Kyurem|Pressure
|
|-weather|Snowscape|[upkeep]
|upkeep
|turn|27
|
|t:|1779697442
|-terastallize|p2a: Cesar zepeli|Water
|move|p1a: Kyurem|Blizzard|p2a: Cesar zepeli
|-resisted|p2a: Cesar zepeli
|-damage|p2a: Cesar zepeli|42/100
|move|p2a: Cesar zepeli|Focus Blast|p1a: Kyurem
|-supereffective|p1a: Kyurem
|-damage|p1a: Kyurem|33/100
|
|-weather|Snowscape|[upkeep]
|upkeep
|turn|28
|inactive|yoki has 120 seconds left.
|
|t:|1779697481
|switch|p1a: Slowking|Slowking-Galar, F|100/100 brn
|switch|p2a: El Stromboli|Volcanion|100/100
|
|-weather|Snowscape|[upkeep]
|-end|p1a: Slowking|move: Future Sight
|-damage|p1a: Slowking|65/100 brn
|-damage|p1a: Slowking|59/100 brn|[from] brn
|upkeep
|turn|29
|
|t:|1779697491
|move|p2a: El Stromboli|Steam Eruption|p1a: Slowking
|-damage|p1a: Slowking|17/100 brn
|move|p1a: Slowking|Thunder Wave|p2a: El Stromboli
|-status|p2a: El Stromboli|par
|
|-weather|Snowscape|[upkeep]
|-damage|p1a: Slowking|11/100 brn|[from] brn
|upkeep
|turn|30
|inactive|yoki has 120 seconds left.
|
|t:|1779697507
|switch|p1a: Samurott|Samurott-Hisui, F|68/100 brn
|move|p2a: El Stromboli|Steam Eruption|p1a: Samurott
|-resisted|p1a: Samurott
|-damage|p1a: Samurott|48/100 brn
|
|-weather|none
|-damage|p1a: Samurott|42/100 brn|[from] brn
|upkeep
|turn|31
|
|t:|1779697516
|move|p1a: Samurott|Ceaseless Edge|p2a: El Stromboli
|-damage|p2a: El Stromboli|77/100 par
|-sidestart|p2: arataomega1|Spikes
|cant|p2a: El Stromboli|par
|
|-damage|p1a: Samurott|36/100 brn|[from] brn
|upkeep
|turn|32
|inactive|yoki has 120 seconds left.
|
|t:|1779697559
|switch|p2a: Lord smogon|Weezing-Galar, F, shiny|93/100
|move|p1a: Samurott|Knock Off|p2a: Lord smogon
|-resisted|p2a: Lord smogon
|-damage|p2a: Lord smogon|88/100
|
|-damage|p1a: Samurott|29/100 brn|[from] brn
|upkeep
|turn|33
|
|t:|1779697567
|switch|p1a: Slowking|Slowking-Galar, F|44/100 brn
|move|p2a: Lord smogon|Defog|p1a: Slowking
|-unboost|p1a: Slowking|evasion|1
|-sideend|p2: arataomega1|Spikes|[from] move: Defog|[of] p2a: Lord smogon
|
|-damage|p1a: Slowking|38/100 brn|[from] brn
|upkeep
|turn|34
|inactive|yoki has 90 seconds left.
|inactive|yoki has 60 seconds left.
|
|t:|1779697624
|switch|p2a: Cesar zepeli|Reuniclus, F, shiny, tera:Water|75/100
|-prepare|p1a: Slowking|Chilly Reception|[premajor]
|move|p1a: Slowking|Chilly Reception|p1a: Slowking
|-weather|Snowscape
|
|t:|1779697626
|switch|p1a: Kyurem|Kyurem, tera:Ice|33/100|[from] Chilly Reception
|-ability|p1a: Kyurem|Pressure
|
|-weather|Snowscape|[upkeep]
|upkeep
|turn|35
|
|t:|1779697650
|move|p1a: Kyurem|Freeze-Dry|p2a: Cesar zepeli
|-supereffective|p2a: Cesar zepeli
|-damage|p2a: Cesar zepeli|8/100
|move|p2a: Cesar zepeli|Focus Blast|p1a: Kyurem
|-supereffective|p1a: Kyurem
|-damage|p1a: Kyurem|0 fnt
|faint|p1a: Kyurem
|
|-weather|Snowscape|[upkeep]
|upkeep
|inactive|yoki has 60 seconds left.
|
|t:|1779697686
|switch|p1a: Darkrai|Darkrai|5/100
|turn|36
|
|t:|1779697691
|switch|p2a: Big daddy|Registeel, shiny|48/100
|move|p1a: Darkrai|Sludge Bomb|p2a: Big daddy
|-immune|p2a: Big daddy
|
|-weather|Snowscape|[upkeep]
|-heal|p2a: Big daddy|54/100|[from] item: Leftovers
|upkeep
|turn|37
|inactive|yoki has 60 seconds left.
|
|t:|1779697723
|move|p1a: Darkrai|Dark Pulse|p2a: Big daddy
|-damage|p2a: Big daddy|30/100
|cant|p2a: Big daddy|flinch
|
|-weather|Snowscape|[upkeep]
|-heal|p2a: Big daddy|36/100|[from] item: Leftovers
|upkeep
|turn|38
|
|t:|1779697731
|move|p1a: Darkrai|Dark Pulse|p2a: Big daddy
|-damage|p2a: Big daddy|12/100
|move|p2a: Big daddy|Stealth Rock|p1a: Darkrai
|-sidestart|p1: yoki|move: Stealth Rock
|
|-weather|none
|-heal|p2a: Big daddy|18/100|[from] item: Leftovers
|upkeep
|turn|39
|
|t:|1779697738
|switch|p2a: KFC chicken|Zapdos-Galar|100/100 par
|move|p1a: Darkrai|Dark Pulse|p2a: KFC chicken
|-resisted|p2a: KFC chicken
|-damage|p2a: KFC chicken|76/100 par
|
|upkeep
|turn|40
|inactive|yoki has 60 seconds left.
|
|t:|1779697750
|switch|p1a: Samurott|Samurott-Hisui, F|29/100 brn
|-damage|p1a: Samurott|17/100 brn|[from] Stealth Rock
|cant|p2a: KFC chicken|par
|
|-damage|p1a: Samurott|11/100 brn|[from] brn
|upkeep
|turn|41
|inactive|yoki has 60 seconds left.
|
|t:|1779697757
|cant|p2a: KFC chicken|par
|move|p1a: Samurott|Ceaseless Edge|p2a: KFC chicken
|-resisted|p2a: KFC chicken
|-damage|p2a: KFC chicken|64/100 par
|-sidestart|p2: arataomega1|Spikes
|
|-damage|p1a: Samurott|5/100 brn|[from] brn
|upkeep
|turn|42
|
|t:|1779697764
|move|p2a: KFC chicken|U-turn|p1a: Samurott
|-supereffective|p1a: Samurott
|-damage|p1a: Samurott|0 fnt
|faint|p1a: Samurott
|
|t:|1779697771
|switch|p2a: Lord smogon|Weezing-Galar, F, shiny|88/100|[from] U-turn
|
|upkeep
|inactive|yoki has 60 seconds left.
|
|t:|1779697787
|switch|p1a: Darkrai|Darkrai|5/100
|turn|43
|
|t:|1779697790
|move|p1a: Darkrai|Thunder Wave|p2a: Lord smogon
|-status|p2a: Lord smogon|par
|move|p2a: Lord smogon|Strange Steam|p1a: Darkrai
|-supereffective|p1a: Darkrai
|-damage|p1a: Darkrai|0 fnt
|faint|p1a: Darkrai
|
|upkeep
|
|t:|1779697795
|switch|p1a: Zapdos|Zapdos, shiny|87/100
|turn|44
|
|t:|1779697800
|move|p1a: Zapdos|Hurricane|p2a: Lord smogon
|-damage|p2a: Lord smogon|24/100 par
|move|p2a: Lord smogon|Strange Steam|p1a: Zapdos
|-damage|p1a: Zapdos|61/100
|
|upkeep
|turn|45
|inactive|yoki has 90 seconds left.
|
|t:|1779697813
|move|p1a: Zapdos|Hurricane|p2a: Lord smogon
|-damage|p2a: Lord smogon|0 fnt
|faint|p2a: Lord smogon
|
|upkeep
|
|t:|1779697819
|switch|p2a: Cesar zepeli|Reuniclus, F, shiny, tera:Water|42/100
|-damage|p2a: Cesar zepeli|29/100|[from] Spikes
|turn|46
|inactive|yoki has 90 seconds left.
|
|t:|1779697835
|move|p1a: Zapdos|Volt Switch|p2a: Cesar zepeli
|-supereffective|p2a: Cesar zepeli
|-damage|p2a: Cesar zepeli|0 fnt
|faint|p2a: Cesar zepeli
|
|t:|1779697844
|switch|p1a: Great Tusk|Great Tusk|100/100|[from] Volt Switch
|-damage|p1a: Great Tusk|97/100|[from] Stealth Rock
|
|-heal|p1a: Great Tusk|100/100|[from] item: Leftovers
|upkeep
|
|t:|1779697856
|switch|p2a: KFC chicken|Zapdos-Galar|64/100 par
|turn|47
|inactive|yoki has 90 seconds left.
|
|t:|1779697871
|move|p1a: Great Tusk|Ice Spinner|p2a: KFC chicken
|-supereffective|p2a: KFC chicken
|-damage|p2a: KFC chicken|0 fnt
|faint|p2a: KFC chicken
|
|upkeep
|-message|arataomega1 forfeited.
|
|win|yoki
|raw|yoki's rating: 1509 &rarr; <strong>1521</strong><br />(+12 for winning)
|raw|arataomega1's rating: 1366 &rarr; <strong>1354</strong><br />(-12 for losing)
|l|☆arataomega1
|player|p2|
|l|☆yoki
|player|p1|
