|j|☆ihymyly
|j|☆my 100lb pug
|t:|1779641614
|gametype|singles
|player|p1|ihymyly|102|1572
|player|p2|my 100lb pug|1|1660
|gen|9
|tier|[Gen 9] OU
|rated|
|rule|HP Percentage Mod: HP is shown in percentages
|rule|Endless Battle Clause: Forcing endless battles is banned
|rule|Species Clause: Limit one of each Pokémon
|rule|OHKO Clause: OHKO moves are banned
|rule|Evasion Items Clause: Evasion items are banned
|rule|Evasion Moves Clause: Evasion moves are banned
|rule|Evasion Abilities Clause: Evasion abilities are banned
|rule|Sleep Moves Clause: Sleep-inducing moves are banned
|clearpoke
|poke|p1|Gholdengo|
|poke|p1|Great Tusk|
|poke|p1|Darkrai|
|poke|p1|Weavile, M|
|poke|p1|Ogerpon-Wellspring, F|
|poke|p1|Raging Bolt|
|poke|p2|Delphox, F|
|poke|p2|Raging Bolt|
|poke|p2|Samurott-Hisui, F|
|poke|p2|Hatterene, F|
|poke|p2|Great Tusk|
|poke|p2|Kyurem|
|teampreview
|
|t:|1779641632
|teamsize|p1|6
|teamsize|p2|6
|start
|switch|p1a: Mr. -ice Guy|Weavile, M|100/100
|switch|p2a: Samurott|Samurott-Hisui, F|100/100
|-ability|p1a: Mr. -ice Guy|Pressure
|turn|1
|
|t:|1779641638
|switch|p1a: Ogerpon|Ogerpon-Wellspring, F|100/100
|move|p2a: Samurott|Sacred Sword|p1a: Ogerpon
|-damage|p1a: Ogerpon|43/100
|
|upkeep
|turn|2
|
|t:|1779641642
|move|p2a: Samurott|Sacred Sword|p1a: Ogerpon
|-damage|p1a: Ogerpon|0 fnt
|faint|p1a: Ogerpon
|
|upkeep
|
|t:|1779641648
|switch|p1a: Primal Schnoz|Great Tusk|100/100
|turn|3
|
|t:|1779641651
|switch|p2a: Great Tusk|Great Tusk|100/100
|move|p1a: Primal Schnoz|Stealth Rock|p2a: Great Tusk
|-sidestart|p2: my 100lb pug|move: Stealth Rock
|
|upkeep
|turn|4
|
|t:|1779641655
|-end|p1a: Primal Schnoz|Protosynthesis|[silent]
|switch|p1a: Gholdengo|Gholdengo|100/100
|move|p2a: Great Tusk|Knock Off|p1a: Gholdengo
|-supereffective|p1a: Gholdengo
|-damage|p1a: Gholdengo|33/100
|-enditem|p1a: Gholdengo|Choice Scarf|[from] move: Knock Off|[of] p2a: Great Tusk
|
|upkeep
|turn|5
|
|t:|1779641662
|move|p1a: Gholdengo|Make It Rain|p2a: Great Tusk
|-damage|p2a: Great Tusk|19/100
|-unboost|p1a: Gholdengo|spa|1
|move|p2a: Great Tusk|Knock Off|p1a: Gholdengo
|-supereffective|p1a: Gholdengo
|-damage|p1a: Gholdengo|0 fnt
|faint|p1a: Gholdengo
|
|upkeep
|
|t:|1779641667
|switch|p1a: almost*evil*jordan|Darkrai, shiny|100/100
|turn|6
|
|t:|1779641672
|move|p1a: almost*evil*jordan|Nasty Plot|p1a: almost*evil*jordan
|-boost|p1a: almost*evil*jordan|spa|2
|move|p2a: Great Tusk|Rapid Spin|p1a: almost*evil*jordan
|-damage|p1a: almost*evil*jordan|85/100
|-boost|p2a: Great Tusk|spe|1
|-sideend|p2: my 100lb pug|Stealth Rock|[from] move: Rapid Spin|[of] p2a: Great Tusk
|
|-heal|p1a: almost*evil*jordan|91/100|[from] item: Leftovers
|upkeep
|turn|7
|
|t:|1779641679
|move|p2a: Great Tusk|Headlong Rush|p1a: almost*evil*jordan
|-damage|p1a: almost*evil*jordan|33/100
|-unboost|p2a: Great Tusk|def|1
|-unboost|p2a: Great Tusk|spd|1
|move|p1a: almost*evil*jordan|Ice Beam|p2a: Great Tusk
|-supereffective|p2a: Great Tusk
|-damage|p2a: Great Tusk|0 fnt
|faint|p2a: Great Tusk
|-end|p2a: Great Tusk|Protosynthesis|[silent]
|
|-heal|p1a: almost*evil*jordan|40/100|[from] item: Leftovers
|upkeep
|
|t:|1779641684
|switch|p2a: Samurott|Samurott-Hisui, F|100/100
|turn|8
|
|t:|1779641690
|switch|p1a: Raging Bolt|Raging Bolt|100/100
|-enditem|p1a: Raging Bolt|Booster Energy
|-activate|p1a: Raging Bolt|ability: Protosynthesis|[fromitem]
|-start|p1a: Raging Bolt|protosynthesisspa
|move|p2a: Samurott|Aqua Cutter|p1a: Raging Bolt
|-resisted|p1a: Raging Bolt
|-damage|p1a: Raging Bolt|80/100
|
|upkeep
|turn|9
|
|t:|1779641697
|switch|p2a: Hatterene|Hatterene, F|100/100
|move|p1a: Raging Bolt|Calm Mind|p1a: Raging Bolt
|-boost|p1a: Raging Bolt|spa|1
|-boost|p1a: Raging Bolt|spd|1
|
|upkeep
|turn|10
|
|t:|1779641706
|move|p1a: Raging Bolt|Thunderbolt|p2a: Hatterene
|-damage|p2a: Hatterene|26/100
|move|p2a: Hatterene|Dazzling Gleam|p1a: Raging Bolt
|-supereffective|p1a: Raging Bolt
|-damage|p1a: Raging Bolt|24/100
|
|upkeep
|turn|11
|
|t:|1779641711
|move|p1a: Raging Bolt|Thunderbolt|p2a: Hatterene
|-damage|p2a: Hatterene|0 fnt
|faint|p2a: Hatterene
|
|upkeep
|
|t:|1779641716
|switch|p2a: Kyurem|Kyurem|100/100
|-ability|p2a: Kyurem|Pressure
|turn|12
|
|t:|1779641723
|move|p1a: Raging Bolt|Thunderclap|p2a: Kyurem
|-resisted|p2a: Kyurem
|-damage|p2a: Kyurem|58/100
|move|p2a: Kyurem|Scale Shot|p1a: Raging Bolt
|-supereffective|p1a: Raging Bolt
|-damage|p1a: Raging Bolt|7/100
|-supereffective|p1a: Raging Bolt
|-damage|p1a: Raging Bolt|0 fnt
|faint|p1a: Raging Bolt
|-end|p1a: Raging Bolt|Protosynthesis|[silent]
|-hitcount|p1: Raging Bolt|2
|-unboost|p2a: Kyurem|def|1
|-boost|p2a: Kyurem|spe|1
|
|upkeep
|
|t:|1779641730
|switch|p1a: Mr. -ice Guy|Weavile, M|100/100
|-ability|p1a: Mr. -ice Guy|Pressure
|turn|13
|
|t:|1779641735
|move|p2a: Kyurem|Focus Blast|p1a: Mr. -ice Guy
|-supereffective|p1a: Mr. -ice Guy
|-damage|p1a: Mr. -ice Guy|0 fnt
|faint|p1a: Mr. -ice Guy
|
|upkeep
|
|t:|1779641740
|switch|p1a: Primal Schnoz|Great Tusk|100/100
|turn|14
|
|t:|1779641744
|-terastallize|p1a: Primal Schnoz|Steel
|move|p2a: Kyurem|Freeze-Dry|p1a: Primal Schnoz
|-resisted|p1a: Primal Schnoz
|-damage|p1a: Primal Schnoz|76/100
|move|p1a: Primal Schnoz|Headlong Rush|p2a: Kyurem
|-damage|p2a: Kyurem|0 fnt
|-unboost|p1a: Primal Schnoz|def|1
|-unboost|p1a: Primal Schnoz|spd|1
|faint|p2a: Kyurem
|
|upkeep
|
|t:|1779641752
|switch|p2a: Delphox|Delphox, F|100/100
|turn|15
|
|t:|1779641756
|move|p2a: Delphox|Flamethrower|p1a: Primal Schnoz
|-supereffective|p1a: Primal Schnoz
|-damage|p1a: Primal Schnoz|0 fnt
|faint|p1a: Primal Schnoz
|-end|p1a: Primal Schnoz|Protosynthesis|[silent]
|
|upkeep
|
|t:|1779641758
|switch|p1a: almost*evil*jordan|Darkrai, shiny|40/100
|turn|16
|
|t:|1779641760
|-terastallize|p2a: Delphox|Fairy
|move|p1a: almost*evil*jordan|Dark Pulse|p2a: Delphox
|-resisted|p2a: Delphox
|-damage|p2a: Delphox|77/100
|move|p2a: Delphox|Flamethrower|p1a: almost*evil*jordan
|-damage|p1a: almost*evil*jordan|0 fnt
|faint|p1a: almost*evil*jordan
|
|win|my 100lb pug
|raw|ihymyly's rating: 1572 &rarr; <strong>1557</strong><br />(-15 for losing)
|raw|my 100lb pug's rating: 1660 &rarr; <strong>1675</strong><br />(+15 for winning)
|l|☆ihymyly
|player|p1|
|l|☆my 100lb pug
|player|p2|
