|j|☆hqhqjajaiaiiaaa
|j|☆Farfromrizz
|t:|1779713154
|gametype|singles
|player|p1|hqhqjajaiaiiaaa|266|1165
|player|p2|Farfromrizz|ethan|1157
|gen|9
|tier|[Gen 9] OU
|rated|
|rule|HP Percentage Mod: HP is shown in percentages
|rule|Endless Battle Clause: Forcing endless battles is banned
|rule|Species Clause: Limit one of each Pokémon
|rule|OHKO Clause: OHKO moves are banned
|rule|Evasion Items Clause: Evasion items are banned
|rule|Evasion Moves Clause: Evasion moves are banned
|rule|Evasion Abilities Clause: Evasion abilities are banned
|rule|Sleep Moves Clause: Sleep-inducing moves are banned
|clearpoke
|poke|p1|Dondozo, M|
|poke|p1|Blissey, F|
|poke|p1|Gliscor, F|
|poke|p1|Toxapex, F|
|poke|p1|Mandibuzz, F|
|poke|p1|Talonflame, M|
|poke|p2|Delphox, F|
|poke|p2|Clodsire, M|
|poke|p2|Rotom-Wash|
|poke|p2|Corviknight, M|
|poke|p2|Kingambit, M|
|poke|p2|Scizor, F|
|teampreview
|inactive|Battle timer is ON: inactive players will automatically lose when time's up. (requested by hqhqjajaiaiiaaa)
|
|t:|1779713166
|teamsize|p1|6
|teamsize|p2|6
|start
|switch|p1a: Gliscor|Gliscor, F|100/100
|switch|p2a: My wife|Delphox, F, shiny|100/100
|-item|p2a: My wife|Air Balloon
|turn|1
|
|t:|1779713175
|move|p1a: Gliscor|Protect|p1a: Gliscor
|-singleturn|p1a: Gliscor|Protect
|move|p2a: My wife|Nasty Plot|p2a: My wife
|-boost|p2a: My wife|spa|2
|
|-status|p1a: Gliscor|tox|[from] item: Toxic Orb
|upkeep
|turn|2
|
|t:|1779713180
|move|p2a: My wife|Psychic|p1a: Gliscor
|-damage|p1a: Gliscor|27/100 tox
|move|p1a: Gliscor|Knock Off|p2a: My wife
|-supereffective|p2a: My wife
|-damage|p2a: My wife|36/100
|-enditem|p2a: My wife|Air Balloon
|
|-heal|p1a: Gliscor|40/100 tox|[from] ability: Poison Heal
|upkeep
|turn|3
|
|t:|1779713190
|switch|p1a: Blissey|Blissey, F|100/100
|move|p2a: My wife|Psychic|p1a: Blissey
|-damage|p1a: Blissey|75/100
|
|-heal|p1a: Blissey|81/100|[from] item: Leftovers
|upkeep
|turn|4
|
|t:|1779713198
|move|p2a: My wife|Fire Blast|p1a: Blissey
|-crit|p1a: Blissey
|-damage|p1a: Blissey|34/100
|move|p1a: Blissey|Seismic Toss|p2a: My wife
|-damage|p2a: My wife|2/100
|
|-heal|p1a: Blissey|40/100|[from] item: Leftovers
|upkeep
|turn|5
|
|t:|1779713204
|move|p2a: My wife|Fire Blast|p1a: Blissey|[miss]
|-miss|p2a: My wife|p1a: Blissey
|move|p1a: Blissey|Soft-Boiled|p1a: Blissey
|-heal|p1a: Blissey|90/100
|
|-heal|p1a: Blissey|96/100|[from] item: Leftovers
|upkeep
|turn|6
|
|t:|1779713211
|move|p2a: My wife|Fire Blast|p1a: Blissey
|-damage|p1a: Blissey|47/100
|-status|p1a: Blissey|brn
|move|p1a: Blissey|Seismic Toss|p2a: My wife
|-damage|p2a: My wife|0 fnt
|faint|p2a: My wife
|
|-heal|p1a: Blissey|53/100 brn|[from] item: Leftovers
|-damage|p1a: Blissey|47/100 brn|[from] brn
|upkeep
|
|t:|1779713231
|switch|p2a: Scizor|Scizor, F|100/100
|turn|7
|
|t:|1779713239
|-curestatus|p1a: Blissey|brn|[from] ability: Natural Cure|[silent]
|switch|p1a: Talonflame|Talonflame, M|100/100
|move|p2a: Scizor|Close Combat|p1a: Talonflame
|-resisted|p1a: Talonflame
|-damage|p1a: Talonflame|73/100
|-unboost|p2a: Scizor|def|1
|-unboost|p2a: Scizor|spd|1
|
|upkeep
|turn|8
|
|t:|1779713248
|switch|p2a: Rotom|Rotom-Wash|100/100
|move|p1a: Talonflame|Will-O-Wisp|p2a: Rotom
|-status|p2a: Rotom|brn
|
|-damage|p2a: Rotom|94/100 brn|[from] brn
|upkeep
|turn|9
|
|t:|1779713260
|switch|p1a: Toxapex|Toxapex, F|100/100
|move|p2a: Rotom|Volt Switch|p1a: Toxapex
|-supereffective|p1a: Toxapex
|-damage|p1a: Toxapex|66/100
|inactive|Farfromrizz has 120 seconds left.
|
|t:|1779713290
|switch|p2a: Corviknight|Corviknight, M|100/100|[from] Volt Switch
|-ability|p2a: Corviknight|Pressure
|
|-heal|p1a: Toxapex|73/100|[from] item: Black Sludge
|upkeep
|turn|10
|inactive|Farfromrizz has 120 seconds left.
|inactive|hqhqjajaiaiiaaa has 120 seconds left.
|
|t:|1779713341
|switch|p1a: Talonflame|Talonflame, M|73/100
|move|p2a: Corviknight|Brave Bird|p1a: Talonflame
|-damage|p1a: Talonflame|40/100
|-damage|p2a: Corviknight|91/100|[from] Recoil
|
|upkeep
|turn|11
|inactive|Farfromrizz has 120 seconds left.
|
|t:|1779713358
|switch|p2a: Rotom|Rotom-Wash|94/100 brn
|move|p1a: Talonflame|Roost|p1a: Talonflame
|-heal|p1a: Talonflame|90/100
|-singleturn|p1a: Talonflame|move: Roost
|
|-heal|p2a: Rotom|100/100 brn|[from] item: Leftovers
|-damage|p2a: Rotom|94/100 brn|[from] brn
|upkeep
|turn|12
|inactive|Farfromrizz has 120 seconds left.
|
|t:|1779713368
|switch|p1a: Blissey|Blissey, F|47/100
|move|p2a: Rotom|Hydro Pump|p1a: Blissey
|-damage|p1a: Blissey|35/100
|
|-heal|p2a: Rotom|100/100 brn|[from] item: Leftovers
|-heal|p1a: Blissey|42/100|[from] item: Leftovers
|-damage|p2a: Rotom|94/100 brn|[from] brn
|upkeep
|turn|13
|inactive|Farfromrizz has 120 seconds left.
|
|t:|1779713377
|move|p2a: Rotom|Will-O-Wisp|p1a: Blissey|[miss]
|-miss|p2a: Rotom|p1a: Blissey
|move|p1a: Blissey|Soft-Boiled|p1a: Blissey
|-heal|p1a: Blissey|92/100
|
|-heal|p2a: Rotom|100/100 brn|[from] item: Leftovers
|-heal|p1a: Blissey|98/100|[from] item: Leftovers
|-damage|p2a: Rotom|94/100 brn|[from] brn
|upkeep
|turn|14
|
|t:|1779713381
|switch|p2a: Clodsire|Clodsire, M|100/100
|move|p1a: Blissey|Stealth Rock|p2a: Clodsire
|-sidestart|p2: Farfromrizz|move: Stealth Rock
|
|-heal|p1a: Blissey|100/100|[from] item: Leftovers
|upkeep
|turn|15
|
|t:|1779713386
|switch|p1a: Gliscor|Gliscor, F|40/100 tox
|move|p2a: Clodsire|Toxic|p1a: Gliscor
|-fail|p1a: Gliscor|tox
|
|-heal|p1a: Gliscor|52/100 tox|[from] ability: Poison Heal
|upkeep
|turn|16
|
|t:|1779713391
|move|p1a: Gliscor|Knock Off|p2a: Clodsire
|-damage|p2a: Clodsire|78/100
|-enditem|p2a: Clodsire|Heavy-Duty Boots|[from] move: Knock Off|[of] p1a: Gliscor
|move|p2a: Clodsire|Stealth Rock|p1a: Gliscor
|-sidestart|p1: hqhqjajaiaiiaaa|move: Stealth Rock
|
|-heal|p1a: Gliscor|65/100 tox|[from] ability: Poison Heal
|upkeep
|turn|17
|
|t:|1779713401
|switch|p2a: Corviknight|Corviknight, M|91/100
|-damage|p2a: Corviknight|78/100|[from] Stealth Rock
|-ability|p2a: Corviknight|Pressure
|move|p1a: Gliscor|Spikes|p2a: Corviknight
|-sidestart|p2: Farfromrizz|Spikes
|
|-heal|p1a: Gliscor|77/100 tox|[from] ability: Poison Heal
|upkeep
|turn|18
|
|t:|1779713408
|move|p1a: Gliscor|Knock Off|p2a: Corviknight
|-damage|p2a: Corviknight|66/100
|-damage|p1a: Gliscor|61/100 tox|[from] item: Rocky Helmet|[of] p2a: Corviknight
|-enditem|p2a: Corviknight|Rocky Helmet|[from] move: Knock Off|[of] p1a: Gliscor
|move|p2a: Corviknight|Brave Bird|p1a: Gliscor
|-damage|p1a: Gliscor|33/100 tox
|-damage|p2a: Corviknight|58/100|[from] Recoil
|
|-heal|p1a: Gliscor|45/100 tox|[from] ability: Poison Heal
|upkeep
|turn|19
|
|t:|1779713420
|switch|p2a: Rotom|Rotom-Wash|94/100 brn
|-damage|p2a: Rotom|82/100 brn|[from] Stealth Rock
|move|p1a: Gliscor|Protect||[still]
|-fail|p1a: Gliscor
|
|-heal|p2a: Rotom|88/100 brn|[from] item: Leftovers
|-heal|p1a: Gliscor|58/100 tox|[from] ability: Poison Heal
|-damage|p2a: Rotom|82/100 brn|[from] brn
|upkeep
|turn|20
|
|t:|1779713425
|move|p1a: Gliscor|Protect|p1a: Gliscor
|-singleturn|p1a: Gliscor|Protect
|move|p2a: Rotom|Hydro Pump|p1a: Gliscor
|-activate|p1a: Gliscor|move: Protect
|
|-heal|p2a: Rotom|88/100 brn|[from] item: Leftovers
|-heal|p1a: Gliscor|70/100 tox|[from] ability: Poison Heal
|-damage|p2a: Rotom|82/100 brn|[from] brn
|upkeep
|turn|21
|
|t:|1779713432
|switch|p1a: Blissey|Blissey, F|100/100
|-damage|p1a: Blissey|88/100|[from] Stealth Rock
|move|p2a: Rotom|Hydro Pump|p1a: Blissey|[miss]
|-miss|p2a: Rotom|p1a: Blissey
|
|-heal|p2a: Rotom|88/100 brn|[from] item: Leftovers
|-heal|p1a: Blissey|94/100|[from] item: Leftovers
|-damage|p2a: Rotom|82/100 brn|[from] brn
|upkeep
|turn|22
|
|t:|1779713437
|move|p2a: Rotom|Volt Switch|p1a: Blissey
|-damage|p1a: Blissey|87/100
|
|t:|1779713440
|switch|p2a: Scizor|Scizor, F|100/100|[from] Volt Switch
|-damage|p2a: Scizor|88/100|[from] Stealth Rock
|-damage|p2a: Scizor|76/100|[from] Spikes
|move|p1a: Blissey|Seismic Toss|p2a: Scizor
|-damage|p2a: Scizor|44/100
|
|-heal|p1a: Blissey|93/100|[from] item: Leftovers
|upkeep
|turn|23
|
|t:|1779713458
|switch|p1a: Talonflame|Talonflame, M|90/100
|move|p2a: Scizor|Knock Off|p1a: Talonflame
|-damage|p1a: Talonflame|46/100
|-status|p2a: Scizor|brn|[from] ability: Flame Body|[of] p1a: Talonflame
|-enditem|p1a: Talonflame|Heavy-Duty Boots|[from] move: Knock Off|[of] p2a: Scizor
|
|-damage|p2a: Scizor|38/100 brn|[from] brn
|upkeep
|turn|24
|
|t:|1779713477
|switch|p2a: Corviknight|Corviknight, M|58/100
|-damage|p2a: Corviknight|46/100|[from] Stealth Rock
|-ability|p2a: Corviknight|Pressure
|move|p1a: Talonflame|Roost|p1a: Talonflame
|-heal|p1a: Talonflame|96/100
|-singleturn|p1a: Talonflame|move: Roost
|
|upkeep
|turn|25
|
|t:|1779713486
|-terastallize|p2a: Corviknight|Dragon
|move|p1a: Talonflame|Overheat|p2a: Corviknight
|-resisted|p2a: Corviknight
|-damage|p2a: Corviknight|28/100
|-unboost|p1a: Talonflame|spa|2
|move|p2a: Corviknight|Roost|p2a: Corviknight
|-heal|p2a: Corviknight|78/100
|
|upkeep
|turn|26
|
|t:|1779713493
|move|p1a: Talonflame|Will-O-Wisp|p2a: Corviknight
|-status|p2a: Corviknight|brn
|move|p2a: Corviknight|Defog|p1a: Talonflame
|-unboost|p1a: Talonflame|evasion|1
|-sideend|p1: hqhqjajaiaiiaaa|Stealth Rock|[from] move: Defog|[of] p2a: Corviknight
|-sideend|p2: Farfromrizz|Spikes|[from] move: Defog|[of] p2a: Corviknight
|-sideend|p2: Farfromrizz|Stealth Rock|[from] move: Defog|[of] p2a: Corviknight
|
|-damage|p2a: Corviknight|72/100 brn|[from] brn
|upkeep
|turn|27
|
|t:|1779713503
|switch|p1a: Gliscor|Gliscor, F|70/100 tox
|move|p2a: Corviknight|U-turn|p1a: Gliscor
|-resisted|p1a: Gliscor
|-damage|p1a: Gliscor|67/100 tox
|
|t:|1779713508
|switch|p2a: Rotom|Rotom-Wash|82/100 brn|[from] U-turn
|
|-heal|p2a: Rotom|88/100 brn|[from] item: Leftovers
|-heal|p1a: Gliscor|80/100 tox|[from] ability: Poison Heal
|-damage|p2a: Rotom|82/100 brn|[from] brn
|upkeep
|turn|28
|
|t:|1779713514
|move|p1a: Gliscor|Protect|p1a: Gliscor
|-singleturn|p1a: Gliscor|Protect
|move|p2a: Rotom|Pain Split|p1a: Gliscor
|-activate|p1a: Gliscor|move: Protect
|
|-heal|p2a: Rotom|88/100 brn|[from] item: Leftovers
|-heal|p1a: Gliscor|92/100 tox|[from] ability: Poison Heal
|-damage|p2a: Rotom|82/100 brn|[from] brn
|upkeep
|turn|29
|
|t:|1779713521
|switch|p1a: Blissey|Blissey, F|93/100
|move|p2a: Rotom|Will-O-Wisp|p1a: Blissey
|-status|p1a: Blissey|brn
|
|-heal|p2a: Rotom|88/100 brn|[from] item: Leftovers
|-heal|p1a: Blissey|99/100 brn|[from] item: Leftovers
|-damage|p2a: Rotom|82/100 brn|[from] brn
|-damage|p1a: Blissey|93/100 brn|[from] brn
|upkeep
|turn|30
|
|t:|1779713527
|move|p2a: Rotom|Pain Split|p1a: Blissey
|-sethp|p1a: Blissey|66/100 brn|[from] move: Pain Split|[silent]
|-sethp|p2a: Rotom|100/100 brn|[from] move: Pain Split
|move|p1a: Blissey|Stealth Rock|p2a: Rotom
|-sidestart|p2: Farfromrizz|move: Stealth Rock
|
|-heal|p1a: Blissey|72/100 brn|[from] item: Leftovers
|-damage|p2a: Rotom|94/100 brn|[from] brn
|-damage|p1a: Blissey|66/100 brn|[from] brn
|upkeep
|turn|31
|
|t:|1779713538
|move|p2a: Rotom|Volt Switch|p1a: Blissey
|-damage|p1a: Blissey|58/100 brn
|
|t:|1779713541
|switch|p2a: Corviknight|Corviknight, M, tera:Dragon|72/100 brn|[from] Volt Switch
|-damage|p2a: Corviknight|60/100 brn|[from] Stealth Rock
|-ability|p2a: Corviknight|Pressure
|move|p1a: Blissey|Soft-Boiled|p1a: Blissey
|-heal|p1a: Blissey|100/100 brn
|
|-damage|p2a: Corviknight|54/100 brn|[from] brn
|-damage|p1a: Blissey|94/100 brn|[from] brn
|upkeep
|turn|32
|
|t:|1779713551
|move|p2a: Corviknight|Roost|p2a: Corviknight
|-heal|p2a: Corviknight|100/100 brn
|move|p1a: Blissey|Seismic Toss|p2a: Corviknight
|-damage|p2a: Corviknight|75/100 brn
|
|-heal|p1a: Blissey|100/100 brn|[from] item: Leftovers
|-damage|p2a: Corviknight|69/100 brn|[from] brn
|-damage|p1a: Blissey|94/100 brn|[from] brn
|upkeep
|turn|33
|
|t:|1779713560
|move|p2a: Corviknight|Brave Bird|p1a: Blissey
|-damage|p1a: Blissey|77/100 brn
|-damage|p2a: Corviknight|60/100 brn|[from] Recoil
|move|p1a: Blissey|Seismic Toss|p2a: Corviknight
|-damage|p2a: Corviknight|35/100 brn
|
|-heal|p1a: Blissey|83/100 brn|[from] item: Leftovers
|-damage|p2a: Corviknight|29/100 brn|[from] brn
|-damage|p1a: Blissey|77/100 brn|[from] brn
|upkeep
|turn|34
|
|t:|1779713572
|move|p2a: Corviknight|Roost|p2a: Corviknight
|-heal|p2a: Corviknight|79/100 brn
|move|p1a: Blissey|Seismic Toss|p2a: Corviknight
|-damage|p2a: Corviknight|54/100 brn
|
|-heal|p1a: Blissey|83/100 brn|[from] item: Leftovers
|-damage|p2a: Corviknight|48/100 brn|[from] brn
|-damage|p1a: Blissey|77/100 brn|[from] brn
|upkeep
|turn|35
|
|t:|1779713586
|move|p2a: Corviknight|Defog|p1a: Blissey
|-unboost|p1a: Blissey|evasion|1
|-sideend|p2: Farfromrizz|Stealth Rock|[from] move: Defog|[of] p2a: Corviknight
|move|p1a: Blissey|Seismic Toss|p2a: Corviknight
|-damage|p2a: Corviknight|23/100 brn
|
|-heal|p1a: Blissey|83/100 brn|[from] item: Leftovers
|-damage|p2a: Corviknight|17/100 brn|[from] brn
|-damage|p1a: Blissey|77/100 brn|[from] brn
|upkeep
|turn|36
|l|☆Farfromrizz
|inactive|Farfromrizz disconnected and has a minute to reconnect!
|player|p2|
|inactive|Farfromrizz has 30 seconds to reconnect!
|inactive|Farfromrizz has 20 seconds to reconnect!
|inactive|Farfromrizz has 15 seconds to reconnect!
|inactive|Farfromrizz has 10 seconds to reconnect!
|inactive|Farfromrizz has 5 seconds to reconnect!
|j|☆Farfromrizz
|inactive|Farfromrizz reconnected and has 90 seconds left.
|player|p2|Farfromrizz|ethan|
|
|t:|1779713657
|switch|p2a: Kingambit|Kingambit, M|100/100
|-activate|p2a: Kingambit|ability: Supreme Overlord
|-start|p2a: Kingambit|fallen1|[silent]
|move|p1a: Blissey|Seismic Toss|p2a: Kingambit
|-damage|p2a: Kingambit|75/100
|
|-heal|p2a: Kingambit|81/100|[from] item: Leftovers
|-heal|p1a: Blissey|83/100 brn|[from] item: Leftovers
|-damage|p1a: Blissey|77/100 brn|[from] brn
|upkeep
|turn|37
|
|t:|1779713665
|-curestatus|p1a: Blissey|brn|[from] ability: Natural Cure|[silent]
|switch|p1a: Dondozo|Dondozo, M|100/100
|move|p2a: Kingambit|Swords Dance|p2a: Kingambit
|-boost|p2a: Kingambit|atk|2
|
|-heal|p2a: Kingambit|87/100|[from] item: Leftovers
|upkeep
|turn|38
|inactive|Farfromrizz has 90 seconds left.
|l|☆Farfromrizz
|inactive|Farfromrizz disconnected and has a minute to reconnect!
|player|p2|
|inactive|Farfromrizz has 30 seconds to reconnect!
|inactive|Farfromrizz has 20 seconds to reconnect!
|inactive|Farfromrizz has 15 seconds to reconnect!
|inactive|Farfromrizz has 10 seconds to reconnect!
|j|☆Farfromrizz
|inactive|Farfromrizz reconnected and has 35 seconds left.
|player|p2|Farfromrizz|ethan|
|inactive|Farfromrizz has 30 seconds left.
|inactive|Farfromrizz has 20 seconds left.
|
|t:|1779713743
|move|p2a: Kingambit|Iron Head|p1a: Dondozo
|-resisted|p1a: Dondozo
|-damage|p1a: Dondozo|89/100
|move|p1a: Dondozo|Body Press|p2a: Kingambit
|-supereffective|p2a: Kingambit
|-damage|p2a: Kingambit|10/100
|
|-heal|p2a: Kingambit|16/100|[from] item: Leftovers
|-heal|p1a: Dondozo|95/100|[from] item: Leftovers
|upkeep
|turn|39
|inactive|Farfromrizz has 30 seconds left this turn.
|
|t:|1779713750
|-end|p2a: Kingambit|fallen1|[silent]
|switch|p2a: Clodsire|Clodsire, M|78/100
|move|p1a: Dondozo|Body Press|p2a: Clodsire
|-resisted|p2a: Clodsire
|-damage|p2a: Clodsire|62/100
|
|-heal|p1a: Dondozo|100/100|[from] item: Leftovers
|upkeep
|turn|40
|inactive|Farfromrizz has 30 seconds left.
|-message|Farfromrizz forfeited.
|
|win|hqhqjajaiaiiaaa
|raw|hqhqjajaiaiiaaa's rating: 1165 &rarr; <strong>1189</strong><br />(+24 for winning)
|raw|Farfromrizz's rating: 1157 &rarr; <strong>1133</strong><br />(-24 for losing)
|l|☆Farfromrizz
|player|p2|
|l|☆hqhqjajaiaiiaaa
|player|p1|
