|j|☆Test g17
|j|☆mx pig pig
|t:|1779631422
|gametype|singles
|player|p1|Test g17|hilbert|1353
|player|p2|mx pig pig|169|1347
|gen|9
|tier|[Gen 9] OU
|rated|
|rule|HP Percentage Mod: HP is shown in percentages
|rule|Endless Battle Clause: Forcing endless battles is banned
|rule|Species Clause: Limit one of each Pokémon
|rule|OHKO Clause: OHKO moves are banned
|rule|Evasion Items Clause: Evasion items are banned
|rule|Evasion Moves Clause: Evasion moves are banned
|rule|Evasion Abilities Clause: Evasion abilities are banned
|rule|Sleep Moves Clause: Sleep-inducing moves are banned
|clearpoke
|poke|p1|Feraligatr, M|
|poke|p1|Pelipper, F|
|poke|p1|Raikou|
|poke|p1|Tornadus-Therian, M|
|poke|p1|Iron Treads|
|poke|p1|Samurott-Hisui, F|
|poke|p2|Quagsire, F|
|poke|p2|Blissey, F|
|poke|p2|Toxapex, M|
|poke|p2|Weezing-Galar, M|
|poke|p2|Gliscor, M|
|poke|p2|Corviknight, F|
|teampreview
|inactive|Battle timer is ON: inactive players will automatically lose when time's up. (requested by mx pig pig)
|
|t:|1779631441
|teamsize|p1|6
|teamsize|p2|6
|start
|switch|p1a: Pelipper|Pelipper, F|100/100
|switch|p2a: Gliscor|Gliscor, M|100/100
|-weather|RainDance|[from] ability: Drizzle|[of] p1a: Pelipper
|turn|1
|c|☆Test g17|On low ladder is crazy btw
|
|t:|1779631460
|switch|p1a: Raikou|Raikou, shiny|100/100
|-ability|p1a: Raikou|Pressure
|move|p2a: Gliscor|Protect||[still]
|-fail|p2a: Gliscor
|
|-weather|RainDance|[upkeep]
|-status|p2a: Gliscor|tox|[from] item: Toxic Orb
|upkeep
|turn|2
|
|t:|1779631472
|switch|p1a: Feraligatr|Feraligatr, M|100/100
|switch|p2a: Blissey|Blissey, F|100/100
|
|-weather|RainDance|[upkeep]
|upkeep
|turn|3
|
|t:|1779631476
|switch|p2a: Gliscor|Gliscor, M|100/100 tox
|move|p1a: Feraligatr|Liquidation|p2a: Gliscor
|-supereffective|p2a: Gliscor
|-damage|p2a: Gliscor|0 fnt
|faint|p2a: Gliscor
|
|-weather|RainDance|[upkeep]
|upkeep
|
|t:|1779631484
|switch|p2a: Corviknight|Corviknight, F|100/100
|-ability|p2a: Corviknight|Pressure
|turn|4
|
|t:|1779631489
|move|p1a: Feraligatr|Liquidation|p2a: Corviknight
|-damage|p2a: Corviknight|28/100
|-damage|p1a: Feraligatr|84/100|[from] item: Rocky Helmet|[of] p2a: Corviknight
|move|p2a: Corviknight|Iron Defense|p2a: Corviknight
|-boost|p2a: Corviknight|def|2
|
|-weather|RainDance|[upkeep]
|upkeep
|turn|5
|
|t:|1779631496
|switch|p2a: Toxapex|Toxapex, M|100/100
|move|p1a: Feraligatr|Liquidation|p2a: Toxapex
|-resisted|p2a: Toxapex
|-damage|p2a: Toxapex|61/100
|
|-weather|RainDance|[upkeep]
|-heal|p2a: Toxapex|67/100|[from] item: Leftovers
|upkeep
|turn|6
|
|t:|1779631502
|switch|p1a: Iron Treads|Iron Treads|100/100
|-enditem|p1a: Iron Treads|Booster Energy
|-activate|p1a: Iron Treads|ability: Quark Drive|[fromitem]
|-start|p1a: Iron Treads|quarkdrivespe
|move|p2a: Toxapex|Toxic|p1a: Iron Treads
|-immune|p1a: Iron Treads
|
|-weather|RainDance|[upkeep]
|-heal|p2a: Toxapex|72/100|[from] item: Leftovers
|upkeep
|turn|7
|
|t:|1779631506
|switch|p2a: Corviknight|Corviknight, F|28/100
|-ability|p2a: Corviknight|Pressure
|move|p1a: Iron Treads|Knock Off|p2a: Corviknight
|-damage|p2a: Corviknight|7/100
|-damage|p1a: Iron Treads|84/100|[from] item: Rocky Helmet|[of] p2a: Corviknight
|-enditem|p2a: Corviknight|Rocky Helmet|[from] move: Knock Off|[of] p1a: Iron Treads
|
|-weather|RainDance|[upkeep]
|upkeep
|turn|8
|
|t:|1779631510
|move|p1a: Iron Treads|Knock Off|p2a: Corviknight
|-damage|p2a: Corviknight|0 fnt
|faint|p2a: Corviknight
|
|-weather|none
|upkeep
|
|t:|1779631513
|switch|p2a: Toxapex|Toxapex, M|100/100
|turn|9
|
|t:|1779631521
|move|p2a: Toxapex|Baneful Bunker|p2a: Toxapex
|-singleturn|p2a: Toxapex|move: Protect
|move|p1a: Iron Treads|Earthquake|p2a: Toxapex
|-activate|p2a: Toxapex|move: Protect
|
|upkeep
|turn|10
|
|t:|1779631526
|switch|p2a: Quagsire|Quagsire, F|100/100
|move|p1a: Iron Treads|Earthquake|p2a: Quagsire
|-damage|p2a: Quagsire|66/100
|
|-heal|p2a: Quagsire|72/100|[from] item: Leftovers
|upkeep
|turn|11
|
|t:|1779631530
|move|p1a: Iron Treads|Knock Off|p2a: Quagsire
|-damage|p2a: Quagsire|50/100
|-enditem|p2a: Quagsire|Leftovers|[from] move: Knock Off|[of] p1a: Iron Treads
|move|p2a: Quagsire|Earthquake|p1a: Iron Treads
|-supereffective|p1a: Iron Treads
|-damage|p1a: Iron Treads|24/100
|
|upkeep
|turn|12
|
|t:|1779631537
|move|p1a: Iron Treads|Earthquake|p2a: Quagsire
|-damage|p2a: Quagsire|18/100
|move|p2a: Quagsire|Earthquake|p1a: Iron Treads
|-supereffective|p1a: Iron Treads
|-damage|p1a: Iron Treads|0 fnt
|faint|p1a: Iron Treads
|-end|p1a: Iron Treads|Quark Drive|[silent]
|
|upkeep
|
|t:|1779631542
|switch|p1a: Samurott|Samurott-Hisui, F|100/100
|turn|13
|
|t:|1779631551
|move|p1a: Samurott|Aqua Cutter|p2a: Quagsire
|-damage|p2a: Quagsire|0 fnt
|faint|p2a: Quagsire
|
|upkeep
|
|t:|1779631554
|switch|p2a: Toxapex|Toxapex, M|100/100
|turn|14
|
|t:|1779631561
|switch|p1a: Pelipper|Pelipper, F|100/100
|-weather|RainDance|[from] ability: Drizzle|[of] p1a: Pelipper
|move|p2a: Toxapex|Toxic|p1a: Pelipper
|-status|p1a: Pelipper|tox
|
|-weather|RainDance|[upkeep]
|-damage|p1a: Pelipper|94/100 tox|[from] psn
|upkeep
|turn|15
|
|t:|1779631568
|switch|p2a: Blissey|Blissey, F|100/100
|move|p1a: Pelipper|Hurricane|p2a: Blissey
|-damage|p2a: Blissey|90/100
|-start|p2a: Blissey|confusion
|
|-weather|RainDance|[upkeep]
|-heal|p2a: Blissey|96/100|[from] item: Leftovers
|-damage|p1a: Pelipper|82/100 tox|[from] psn
|upkeep
|turn|16
|
|t:|1779631571
|move|p1a: Pelipper|U-turn|p2a: Blissey
|-damage|p2a: Blissey|85/100
|
|t:|1779631574
|switch|p1a: Samurott|Samurott-Hisui, F|100/100|[from] U-turn
|-activate|p2a: Blissey|confusion
|-damage|p2a: Blissey|84/100|[from] confusion
|
|-weather|RainDance|[upkeep]
|-heal|p2a: Blissey|90/100|[from] item: Leftovers
|upkeep
|turn|17
|
|t:|1779631577
|switch|p2a: Toxapex|Toxapex, M|100/100
|move|p1a: Samurott|Ceaseless Edge|p2a: Toxapex
|-damage|p2a: Toxapex|65/100
|-sidestart|p2: mx pig pig|Spikes
|
|-weather|RainDance|[upkeep]
|-heal|p2a: Toxapex|70/100|[from] item: Leftovers
|upkeep
|turn|18
|
|t:|1779631581
|move|p1a: Samurott|Ceaseless Edge|p2a: Toxapex
|-damage|p2a: Toxapex|34/100
|-sidestart|p2: mx pig pig|Spikes
|move|p2a: Toxapex|Toxic|p1a: Samurott
|-status|p1a: Samurott|tox
|
|-weather|RainDance|[upkeep]
|-heal|p2a: Toxapex|40/100|[from] item: Leftovers
|-damage|p1a: Samurott|94/100 tox|[from] psn
|upkeep
|turn|19
|
|t:|1779631588
|switch|p1a: Raikou|Raikou, shiny|100/100
|-ability|p1a: Raikou|Pressure
|move|p2a: Toxapex|Recover|p2a: Toxapex
|-heal|p2a: Toxapex|91/100
|
|-weather|RainDance|[upkeep]
|-heal|p2a: Toxapex|97/100|[from] item: Leftovers
|upkeep
|turn|20
|
|t:|1779631594
|switch|p2a: Blissey|Blissey, F|90/100
|-damage|p2a: Blissey|74/100|[from] Spikes
|move|p1a: Raikou|Volt Switch|p2a: Blissey
|-damage|p2a: Blissey|63/100
|
|t:|1779631597
|switch|p1a: Feraligatr|Feraligatr, M|84/100|[from] Volt Switch
|
|-weather|RainDance|[upkeep]
|-heal|p2a: Blissey|69/100|[from] item: Leftovers
|upkeep
|turn|21
|
|t:|1779631619
|switch|p2a: Toxapex|Toxapex, M|100/100
|-damage|p2a: Toxapex|84/100|[from] Spikes
|move|p1a: Feraligatr|Crunch|p2a: Toxapex
|-damage|p2a: Toxapex|52/100
|
|-weather|none
|-heal|p2a: Toxapex|58/100|[from] item: Leftovers
|upkeep
|turn|22
|
|t:|1779631629
|switch|p1a: Samurott|Samurott-Hisui, F|94/100 tox
|move|p2a: Toxapex|Toxic|p1a: Samurott
|-fail|p1a: Samurott|tox
|
|-heal|p2a: Toxapex|64/100|[from] item: Leftovers
|-damage|p1a: Samurott|88/100 tox|[from] psn
|upkeep
|turn|23
|
|t:|1779631634
|move|p2a: Toxapex|Baneful Bunker|p2a: Toxapex
|-singleturn|p2a: Toxapex|move: Protect
|move|p1a: Samurott|Knock Off|p2a: Toxapex
|-activate|p2a: Toxapex|move: Protect
|
|-heal|p2a: Toxapex|70/100|[from] item: Leftovers
|-damage|p1a: Samurott|76/100 tox|[from] psn
|upkeep
|turn|24
|
|t:|1779631643
|switch|p2a: Weezing|Weezing-Galar, M|100/100
|-ability|p2a: Weezing|Neutralizing Gas
|-damage|p2a: Weezing|84/100|[from] Spikes
|move|p1a: Samurott|Ceaseless Edge|p2a: Weezing
|-resisted|p2a: Weezing
|-damage|p2a: Weezing|74/100
|-sidestart|p2: mx pig pig|Spikes
|
|-heal|p2a: Weezing|80/100|[from] item: Leftovers
|-damage|p1a: Samurott|57/100 tox|[from] psn
|upkeep
|turn|25
|
|t:|1779631652
|move|p1a: Samurott|Knock Off|p2a: Weezing
|-resisted|p2a: Weezing
|-damage|p2a: Weezing|67/100
|-enditem|p2a: Weezing|Leftovers|[from] move: Knock Off|[of] p1a: Samurott
|move|p2a: Weezing|Defog|p1a: Samurott
|-unboost|p1a: Samurott|evasion|1
|-sideend|p2: mx pig pig|Spikes|[from] move: Defog|[of] p2a: Weezing
|
|-damage|p1a: Samurott|32/100 tox|[from] psn
|upkeep
|turn|26
|
|t:|1779631660
|switch|p1a: Pelipper|Pelipper, F|82/100 tox
|-end|p2a: Weezing|ability: Neutralizing Gas
|-weather|RainDance|[from] ability: Drizzle|[of] p1a: Pelipper
|switch|p2a: Toxapex|Toxapex, M|100/100
|
|-weather|RainDance|[upkeep]
|-damage|p1a: Pelipper|76/100 tox|[from] psn
|upkeep
|turn|27
|
|t:|1779631669
|switch|p2a: Blissey|Blissey, F|69/100
|move|p1a: Pelipper|U-turn|p2a: Blissey
|-damage|p2a: Blissey|59/100
|
|t:|1779631671
|switch|p1a: Feraligatr|Feraligatr, M|84/100|[from] U-turn
|
|-weather|RainDance|[upkeep]
|-heal|p2a: Blissey|65/100|[from] item: Leftovers
|upkeep
|turn|28
|inactive|mx pig pig has 120 seconds left.
|
|t:|1779631707
|switch|p2a: Toxapex|Toxapex, M|100/100
|move|p1a: Feraligatr|Liquidation|p2a: Toxapex
|-resisted|p2a: Toxapex
|-damage|p2a: Toxapex|62/100
|
|-weather|RainDance|[upkeep]
|-heal|p2a: Toxapex|68/100|[from] item: Leftovers
|upkeep
|turn|29
|inactive|mx pig pig has 120 seconds left.
|
|t:|1779631713
|switch|p1a: Samurott|Samurott-Hisui, F|32/100 tox
|move|p2a: Toxapex|Baneful Bunker||[still]
|-fail|p2a: Toxapex
|
|-weather|RainDance|[upkeep]
|-heal|p2a: Toxapex|74/100|[from] item: Leftovers
|-damage|p1a: Samurott|26/100 tox|[from] psn
|upkeep
|turn|30
|
|t:|1779631719
|move|p2a: Toxapex|Baneful Bunker|p2a: Toxapex
|-singleturn|p2a: Toxapex|move: Protect
|move|p1a: Samurott|Ceaseless Edge|p2a: Toxapex
|-activate|p2a: Toxapex|move: Protect
|
|-weather|RainDance|[upkeep]
|-heal|p2a: Toxapex|80/100|[from] item: Leftovers
|-damage|p1a: Samurott|13/100 tox|[from] psn
|upkeep
|turn|31
|inactive|mx pig pig has 120 seconds left.
|
|t:|1779631746
|move|p1a: Samurott|Ceaseless Edge|p2a: Toxapex
|-damage|p2a: Toxapex|42/100
|-sidestart|p2: mx pig pig|Spikes
|move|p2a: Toxapex|Recover|p2a: Toxapex
|-heal|p2a: Toxapex|92/100
|
|-weather|RainDance|[upkeep]
|-heal|p2a: Toxapex|98/100|[from] item: Leftovers
|-damage|p1a: Samurott|0 fnt|[from] psn
|faint|p1a: Samurott
|upkeep
|
|t:|1779631750
|switch|p1a: Raikou|Raikou, shiny|100/100
|-ability|p1a: Raikou|Pressure
|turn|32
|inactive|mx pig pig has 120 seconds left.
|
|t:|1779631759
|switch|p2a: Blissey|Blissey, F|65/100
|-damage|p2a: Blissey|53/100|[from] Spikes
|move|p1a: Raikou|Thunder|p2a: Blissey
|-damage|p2a: Blissey|35/100
|
|-weather|RainDance|[upkeep]
|-heal|p2a: Blissey|41/100|[from] item: Leftovers
|upkeep
|turn|33
|
|t:|1779631767
|move|p1a: Raikou|Volt Switch|p2a: Blissey
|-damage|p2a: Blissey|31/100
|
|t:|1779631769
|switch|p1a: Feraligatr|Feraligatr, M|84/100|[from] Volt Switch
|move|p2a: Blissey|Soft-Boiled|p2a: Blissey
|-heal|p2a: Blissey|81/100
|
|-weather|none
|-heal|p2a: Blissey|87/100|[from] item: Leftovers
|upkeep
|turn|34
|
|t:|1779631794
|switch|p1a: Raikou|Raikou, shiny|100/100
|-ability|p1a: Raikou|Pressure
|switch|p2a: Toxapex|Toxapex, M|100/100
|-damage|p2a: Toxapex|88/100|[from] Spikes
|
|-heal|p2a: Toxapex|94/100|[from] item: Leftovers
|upkeep
|turn|35
|
|t:|1779631799
|switch|p2a: Blissey|Blissey, F|87/100
|-damage|p2a: Blissey|75/100|[from] Spikes
|move|p1a: Raikou|Volt Switch|p2a: Blissey
|-damage|p2a: Blissey|64/100
|
|t:|1779631801
|switch|p1a: Feraligatr|Feraligatr, M|84/100|[from] Volt Switch
|
|-heal|p2a: Blissey|70/100|[from] item: Leftovers
|upkeep
|turn|36
|
|t:|1779631805
|switch|p2a: Weezing|Weezing-Galar, M|67/100
|-ability|p2a: Weezing|Neutralizing Gas
|-damage|p2a: Weezing|55/100|[from] Spikes
|move|p1a: Feraligatr|Liquidation|p2a: Weezing
|-crit|p2a: Weezing
|-damage|p2a: Weezing|3/100
|-damage|p1a: Feraligatr|74/100|[from] item: Life Orb
|
|upkeep
|turn|37
|
|t:|1779631824
|move|p1a: Feraligatr|Crunch|p2a: Weezing
|-resisted|p2a: Weezing
|-crit|p2a: Weezing
|-damage|p2a: Weezing|0 fnt
|faint|p2a: Weezing
|-end|p2a: Weezing|ability: Neutralizing Gas
|-damage|p1a: Feraligatr|64/100|[from] item: Life Orb
|
|upkeep
|
|t:|1779631835
|switch|p2a: Toxapex|Toxapex, M|100/100
|-damage|p2a: Toxapex|88/100|[from] Spikes
|turn|38
|
|t:|1779631838
|switch|p1a: Pelipper|Pelipper, F|76/100 tox
|-weather|RainDance|[from] ability: Drizzle|[of] p1a: Pelipper
|move|p2a: Toxapex|Toxic|p1a: Pelipper
|-fail|p1a: Pelipper|tox
|
|-weather|RainDance|[upkeep]
|-heal|p2a: Toxapex|94/100|[from] item: Leftovers
|-damage|p1a: Pelipper|70/100 tox|[from] psn
|upkeep
|turn|39
|
|t:|1779631862
|move|p2a: Toxapex|Baneful Bunker|p2a: Toxapex
|-singleturn|p2a: Toxapex|move: Protect
|move|p1a: Pelipper|Roost|p1a: Pelipper
|-heal|p1a: Pelipper|100/100 tox
|-singleturn|p1a: Pelipper|move: Roost
|
|-weather|RainDance|[upkeep]
|-heal|p2a: Toxapex|99/100|[from] item: Leftovers
|-damage|p1a: Pelipper|88/100 tox|[from] psn
|upkeep
|turn|40
|
|t:|1779631867
|switch|p1a: Raikou|Raikou, shiny|100/100
|-ability|p1a: Raikou|Pressure
|move|p2a: Toxapex|Haze|p2a: Toxapex
|-clearallboost
|
|-weather|RainDance|[upkeep]
|-heal|p2a: Toxapex|100/100|[from] item: Leftovers
|upkeep
|turn|41
|
|t:|1779631872
|switch|p2a: Blissey|Blissey, F|70/100
|-damage|p2a: Blissey|58/100|[from] Spikes
|move|p1a: Raikou|Volt Switch|p2a: Blissey
|-damage|p2a: Blissey|48/100
|
|t:|1779631875
|switch|p1a: Feraligatr|Feraligatr, M|64/100|[from] Volt Switch
|
|-weather|RainDance|[upkeep]
|-heal|p2a: Blissey|54/100|[from] item: Leftovers
|upkeep
|turn|42
|
|t:|1779631885
|switch|p2a: Toxapex|Toxapex, M|100/100
|-damage|p2a: Toxapex|88/100|[from] Spikes
|move|p1a: Feraligatr|Liquidation|p2a: Toxapex
|-resisted|p2a: Toxapex
|-damage|p2a: Toxapex|44/100
|
|-weather|RainDance|[upkeep]
|-heal|p2a: Toxapex|50/100|[from] item: Leftovers
|upkeep
|turn|43
|
|t:|1779631892
|move|p1a: Feraligatr|Dragon Dance|p1a: Feraligatr
|-boost|p1a: Feraligatr|atk|1
|-boost|p1a: Feraligatr|spe|1
|move|p2a: Toxapex|Toxic|p1a: Feraligatr
|-status|p1a: Feraligatr|tox
|
|-weather|RainDance|[upkeep]
|-heal|p2a: Toxapex|56/100|[from] item: Leftovers
|-damage|p1a: Feraligatr|58/100 tox|[from] psn
|upkeep
|turn|44
|
|t:|1779631900
|move|p2a: Toxapex|Baneful Bunker|p2a: Toxapex
|-singleturn|p2a: Toxapex|move: Protect
|move|p1a: Feraligatr|Dragon Dance|p1a: Feraligatr
|-boost|p1a: Feraligatr|atk|1
|-boost|p1a: Feraligatr|spe|1
|
|-weather|RainDance|[upkeep]
|-heal|p2a: Toxapex|62/100|[from] item: Leftovers
|-damage|p1a: Feraligatr|46/100 tox|[from] psn
|upkeep
|turn|45
|
|t:|1779631905
|move|p1a: Feraligatr|Liquidation|p2a: Toxapex
|-resisted|p2a: Toxapex
|-damage|p2a: Toxapex|0 fnt
|faint|p2a: Toxapex
|
|-weather|none
|-damage|p1a: Feraligatr|28/100 tox|[from] psn
|upkeep
|
|t:|1779631909
|switch|p2a: Blissey|Blissey, F|54/100
|-damage|p2a: Blissey|42/100|[from] Spikes
|turn|46
|c|☆Test g17|Gg ez stall user
|
|t:|1779631922
|move|p1a: Feraligatr|Liquidation|p2a: Blissey
|-damage|p2a: Blissey|0 fnt
|faint|p2a: Blissey
|
|win|Test g17
|raw|Test g17's rating: 1353 &rarr; <strong>1373</strong><br />(+20 for winning)
|raw|mx pig pig's rating: 1347 &rarr; <strong>1327</strong><br />(-20 for losing)
|l|☆mx pig pig
|player|p2|
|l|☆Test g17
|player|p1|
