|j|☆Mrweston
|j|☆jessies boyfriend
|t:|1779575542
|gametype|singles
|player|p1|Mrweston|ghetsis-gen5bw|1385
|player|p2|jessies boyfriend|brock|1327
|gen|9
|tier|[Gen 9] OU
|rated|
|rule|HP Percentage Mod: HP is shown in percentages
|rule|Endless Battle Clause: Forcing endless battles is banned
|rule|Species Clause: Limit one of each Pokémon
|rule|OHKO Clause: OHKO moves are banned
|rule|Evasion Items Clause: Evasion items are banned
|rule|Evasion Moves Clause: Evasion moves are banned
|rule|Evasion Abilities Clause: Evasion abilities are banned
|rule|Sleep Moves Clause: Sleep-inducing moves are banned
|clearpoke
|poke|p1|Hawlucha, F|
|poke|p1|Blaziken, M|
|poke|p1|Magnezone|
|poke|p1|Haunter, M|
|poke|p1|Donphan, F|
|poke|p1|Latios, M|
|poke|p2|Houndstone, M|
|poke|p2|Gholdengo|
|poke|p2|Incineroar, M|
|poke|p2|Glimmora, F|
|poke|p2|Forretress, F|
|poke|p2|Scrafty, M|
|teampreview
|inactive|Battle timer is ON: inactive players will automatically lose when time's up. (requested by jessies boyfriend)
|inactive|Mrweston also wants the timer to be on.
|
|t:|1779575554
|teamsize|p1|6
|teamsize|p2|6
|start
|switch|p1a: Donphan|Donphan, F|100/100
|switch|p2a: Glimmora|Glimmora, F|100/100
|-item|p2a: Glimmora|Air Balloon
|turn|1
|
|t:|1779575558
|move|p2a: Glimmora|Energy Ball|p1a: Donphan
|-supereffective|p1a: Donphan
|-damage|p1a: Donphan|17/100
|-unboost|p1a: Donphan|spd|1
|move|p1a: Donphan|Rapid Spin|p2a: Glimmora
|-resisted|p2a: Glimmora
|-damage|p2a: Glimmora|92/100
|-boost|p1a: Donphan|spe|1
|-activate|p2a: Glimmora|ability: Toxic Debris
|-sidestart|p1: Mrweston|move: Toxic Spikes
|-enditem|p2a: Glimmora|Air Balloon
|-sideend|p1: Mrweston|Toxic Spikes|[from] move: Rapid Spin|[of] p1a: Donphan
|
|upkeep
|turn|2
|
|t:|1779575578
|-terastallize|p2a: Glimmora|Grass
|move|p1a: Donphan|Earthquake|p2a: Glimmora
|-resisted|p2a: Glimmora
|-damage|p2a: Glimmora|64/100
|-activate|p2a: Glimmora|ability: Toxic Debris
|-sidestart|p1: Mrweston|move: Toxic Spikes
|move|p2a: Glimmora|Mortal Spin|p1a: Donphan
|-resisted|p1a: Donphan
|-crit|p1a: Donphan
|-damage|p1a: Donphan|14/100
|-status|p1a: Donphan|psn
|
|-damage|p1a: Donphan|1/100 psn|[from] psn
|upkeep
|turn|3
|
|t:|1779575584
|switch|p2a: Houndstone|Houndstone, M|100/100
|move|p1a: Donphan|Rapid Spin|p2a: Houndstone
|-immune|p2a: Houndstone
|
|-damage|p1a: Donphan|0 fnt|[from] psn
|faint|p1a: Donphan
|upkeep
|
|t:|1779575594
|switch|p1a: Latios|Latios, M|100/100
|turn|4
|
|t:|1779575598
|move|p1a: Latios|Draco Meteor|p2a: Houndstone
|-damage|p2a: Houndstone|38/100
|-unboost|p1a: Latios|spa|2
|move|p2a: Houndstone|Roar|p1a: Latios
|drag|p1a: Blaziken|Blaziken, M|100/100
|-status|p1a: Blaziken|psn
|
|-heal|p2a: Houndstone|44/100|[from] item: Leftovers
|-damage|p1a: Blaziken|88/100 psn|[from] psn
|upkeep
|turn|5
|
|t:|1779575607
|move|p1a: Blaziken|Temper Flare|p2a: Houndstone
|-damage|p2a: Houndstone|4/100
|move|p2a: Houndstone|Phantom Force||[still]
|-prepare|p2a: Houndstone|Phantom Force
|
|-heal|p2a: Houndstone|10/100|[from] item: Leftovers
|-damage|p1a: Blaziken|76/100 psn|[from] psn
|-ability|p1a: Blaziken|Speed Boost|boost
|-boost|p1a: Blaziken|spe|1
|upkeep
|turn|6
|
|t:|1779575611
|move|p1a: Blaziken|Temper Flare|p2a: Houndstone|[miss]
|-miss|p1a: Blaziken|p2a: Houndstone
|move|p2a: Houndstone|Phantom Force|p1a: Blaziken|[from] lockedmove
|-damage|p1a: Blaziken|30/100 psn
|
|-heal|p2a: Houndstone|16/100|[from] item: Leftovers
|-damage|p1a: Blaziken|17/100 psn|[from] psn
|-ability|p1a: Blaziken|Speed Boost|boost
|-boost|p1a: Blaziken|spe|1
|upkeep
|turn|7
|
|t:|1779575615
|move|p2a: Houndstone|Protect|p2a: Houndstone
|-singleturn|p2a: Houndstone|Protect
|move|p1a: Blaziken|Temper Flare|p2a: Houndstone
|-activate|p2a: Houndstone|move: Protect
|
|-heal|p2a: Houndstone|22/100|[from] item: Leftovers
|-damage|p1a: Blaziken|5/100 psn|[from] psn
|-ability|p1a: Blaziken|Speed Boost|boost
|-boost|p1a: Blaziken|spe|1
|upkeep
|turn|8
|
|t:|1779575618
|move|p2a: Houndstone|Protect||[still]
|-fail|p2a: Houndstone
|move|p1a: Blaziken|Temper Flare|p2a: Houndstone
|-damage|p2a: Houndstone|0 fnt
|faint|p2a: Houndstone
|
|-damage|p1a: Blaziken|0 fnt|[from] psn
|faint|p1a: Blaziken
|upkeep
|
|t:|1779575635
|switch|p1a: Latios|Latios, M|100/100
|switch|p2a: Glimmora|Glimmora, F, tera:Grass|64/100
|turn|9
|
|t:|1779575642
|move|p1a: Latios|Draco Meteor|p2a: Glimmora
|-damage|p2a: Glimmora|0 fnt
|-unboost|p1a: Latios|spa|2
|faint|p2a: Glimmora
|
|upkeep
|
|t:|1779575659
|switch|p2a: Forretress|Forretress, F|100/100
|turn|10
|
|t:|1779575668
|switch|p1a: Magnezone|Magnezone, shiny|100/100
|move|p2a: Forretress|Stealth Rock|p1a: Magnezone
|-sidestart|p1: Mrweston|move: Stealth Rock
|
|upkeep
|turn|11
|
|t:|1779575676
|move|p1a: Magnezone|Thunderbolt|p2a: Forretress
|-damage|p2a: Forretress|48/100
|move|p2a: Forretress|Spikes|p1a: Magnezone
|-sidestart|p1: Mrweston|Spikes
|
|upkeep
|turn|12
|
|t:|1779575684
|move|p1a: Magnezone|Thunderbolt|p2a: Forretress
|-damage|p2a: Forretress|0 fnt
|faint|p2a: Forretress
|
|upkeep
|
|t:|1779575687
|switch|p2a: Incineroar|Incineroar, M|100/100
|-ability|p2a: Incineroar|Intimidate|boost
|-unboost|p1a: Magnezone|atk|1
|turn|13
|
|t:|1779575692
|switch|p1a: Hawlucha|Hawlucha, F, shiny|100/100
|-damage|p1a: Hawlucha|88/100|[from] Stealth Rock
|-ability|p1a: Hawlucha|Mold Breaker
|move|p2a: Incineroar|Flame Charge|p1a: Hawlucha
|-damage|p1a: Hawlucha|50/100
|-boost|p2a: Incineroar|spe|1
|
|upkeep
|turn|14
|
|t:|1779575706
|move|p1a: Hawlucha|Close Combat|p2a: Incineroar
|-supereffective|p2a: Incineroar
|-damage|p2a: Incineroar|0 fnt
|-unboost|p1a: Hawlucha|def|1
|-unboost|p1a: Hawlucha|spd|1
|faint|p2a: Incineroar
|
|upkeep
|
|t:|1779575710
|switch|p2a: Gholdengo|Gholdengo|100/100
|turn|15
|
|t:|1779575715
|switch|p1a: Magnezone|Magnezone, shiny|100/100
|-damage|p1a: Magnezone|94/100|[from] Stealth Rock
|-damage|p1a: Magnezone|82/100|[from] Spikes
|move|p2a: Gholdengo|Hex|p1a: Magnezone
|-damage|p1a: Magnezone|60/100
|
|upkeep
|turn|16
|
|t:|1779575721
|switch|p2a: Scrafty|Scrafty, M, shiny|100/100
|-ability|p2a: Scrafty|Intimidate|boost
|-unboost|p1a: Magnezone|atk|1
|move|p1a: Magnezone|Volt Switch|p2a: Scrafty
|-damage|p2a: Scrafty|81/100
|
|t:|1779575724
|switch|p1a: Hawlucha|Hawlucha, F, shiny|50/100|[from] Volt Switch
|-damage|p1a: Hawlucha|37/100|[from] Stealth Rock
|-ability|p1a: Hawlucha|Mold Breaker
|
|upkeep
|turn|17
|
|t:|1779575728
|switch|p2a: Gholdengo|Gholdengo|100/100
|move|p1a: Hawlucha|Defog|p2a: Gholdengo
|-unboost|p2a: Gholdengo|evasion|1
|-sideend|p1: Mrweston|Spikes|[from] move: Defog|[of] p1a: Hawlucha
|-sideend|p1: Mrweston|Toxic Spikes|[from] move: Defog|[of] p1a: Hawlucha
|-sideend|p1: Mrweston|Stealth Rock|[from] move: Defog|[of] p1a: Hawlucha
|
|upkeep
|turn|18
|
|t:|1779575734
|switch|p1a: Magnezone|Magnezone, shiny|60/100
|move|p2a: Gholdengo|Hex|p1a: Magnezone
|-damage|p1a: Magnezone|38/100
|
|upkeep
|turn|19
|
|t:|1779575739
|move|p2a: Gholdengo|Hex|p1a: Magnezone
|-damage|p1a: Magnezone|14/100
|move|p1a: Magnezone|Volt Switch|p2a: Gholdengo
|-damage|p2a: Gholdengo|70/100
|-enditem|p2a: Gholdengo|Red Card|[of] p1a: Magnezone
|drag|p1a: Latios|Latios, M|100/100
|
|upkeep
|turn|20
|
|t:|1779575752
|switch|p1a: Magnezone|Magnezone, shiny|14/100
|move|p2a: Gholdengo|Recover|p2a: Gholdengo
|-heal|p2a: Gholdengo|100/100
|
|upkeep
|turn|21
|
|t:|1779575758
|move|p2a: Gholdengo|Hex|p1a: Magnezone
|-damage|p1a: Magnezone|0 fnt
|faint|p1a: Magnezone
|
|upkeep
|
|t:|1779575763
|switch|p1a: Haunter|Haunter, M|100/100
|turn|22
|
|t:|1779575766
|switch|p2a: Scrafty|Scrafty, M, shiny|81/100
|-ability|p2a: Scrafty|Intimidate|boost
|-unboost|p1a: Haunter|atk|1
|move|p1a: Haunter|Hex|p2a: Scrafty
|-resisted|p2a: Scrafty
|-damage|p2a: Scrafty|73/100
|
|upkeep
|turn|23
|
|t:|1779575777
|switch|p1a: Hawlucha|Hawlucha, F, shiny|37/100
|-ability|p1a: Hawlucha|Mold Breaker
|move|p2a: Scrafty|Knock Off|p1a: Hawlucha
|-resisted|p1a: Hawlucha
|-damage|p1a: Hawlucha|13/100
|-enditem|p1a: Hawlucha|Choice Scarf|[from] move: Knock Off|[of] p2a: Scrafty
|
|upkeep
|turn|24
|
|t:|1779575782
|switch|p1a: Haunter|Haunter, M|100/100
|switch|p2a: Gholdengo|Gholdengo|100/100
|
|upkeep
|turn|25
|
|t:|1779575786
|switch|p2a: Scrafty|Scrafty, M, shiny|73/100
|-ability|p2a: Scrafty|Intimidate|boost
|-unboost|p1a: Haunter|atk|1
|move|p1a: Haunter|Will-O-Wisp|p2a: Scrafty
|-status|p2a: Scrafty|brn
|
|-damage|p2a: Scrafty|66/100 brn|[from] brn
|upkeep
|turn|26
|
|t:|1779575791
|move|p1a: Haunter|Sludge Wave|p2a: Scrafty
|-damage|p2a: Scrafty|38/100 brn
|move|p2a: Scrafty|Dragon Tail|p1a: Haunter
|-damage|p1a: Haunter|81/100
|drag|p1a: Latios|Latios, M|100/100
|
|-damage|p2a: Scrafty|32/100 brn|[from] brn
|upkeep
|turn|27
|
|t:|1779575798
|switch|p2a: Gholdengo|Gholdengo|100/100
|move|p1a: Latios|Aura Sphere|p2a: Gholdengo
|-immune|p2a: Gholdengo
|
|upkeep
|turn|28
|
|t:|1779575806
|switch|p1a: Hawlucha|Hawlucha, F, shiny|13/100
|-ability|p1a: Hawlucha|Mold Breaker
|move|p2a: Gholdengo|Hex|p1a: Hawlucha
|-damage|p1a: Hawlucha|0 fnt
|faint|p1a: Hawlucha
|
|upkeep
|
|t:|1779575807
|switch|p1a: Haunter|Haunter, M|81/100
|turn|29
|
|t:|1779575812
|move|p1a: Haunter|Hex|p2a: Gholdengo
|-supereffective|p2a: Gholdengo
|-damage|p2a: Gholdengo|38/100
|move|p2a: Gholdengo|Hex|p1a: Haunter
|-supereffective|p1a: Haunter
|-damage|p1a: Haunter|0 fnt
|faint|p1a: Haunter
|
|upkeep
|
|t:|1779575816
|switch|p1a: Latios|Latios, M|100/100
|turn|30
|
|t:|1779575819
|-terastallize|p1a: Latios|Psychic
|move|p1a: Latios|Luster Purge|p2a: Gholdengo
|-resisted|p2a: Gholdengo
|-crit|p2a: Gholdengo
|-damage|p2a: Gholdengo|0 fnt
|faint|p2a: Gholdengo
|
|upkeep
|
|t:|1779575821
|switch|p2a: Scrafty|Scrafty, M, shiny|32/100 brn
|-ability|p2a: Scrafty|Intimidate|boost
|-unboost|p1a: Latios|atk|1
|turn|31
|
|t:|1779575827
|move|p1a: Latios|Draco Meteor|p2a: Scrafty
|-damage|p2a: Scrafty|0 fnt
|-unboost|p1a: Latios|spa|2
|faint|p2a: Scrafty
|
|win|Mrweston
|raw|Mrweston's rating: 1385 &rarr; <strong>1402</strong><br />(+17 for winning)
|raw|jessies boyfriend's rating: 1327 &rarr; <strong>1310</strong><br />(-17 for losing)
|l|☆jessies boyfriend
|player|p2|
|l|☆Mrweston
|player|p1|
