|j|☆DanFoxDude
|j|☆Veiny1
|t:|1779684876
|gametype|singles
|player|p1|DanFoxDude|265|1421
|player|p2|Veiny1|101|1382
|gen|9
|tier|[Gen 9] OU
|rated|
|rule|HP Percentage Mod: HP is shown in percentages
|rule|Endless Battle Clause: Forcing endless battles is banned
|rule|Species Clause: Limit one of each Pokémon
|rule|OHKO Clause: OHKO moves are banned
|rule|Evasion Items Clause: Evasion items are banned
|rule|Evasion Moves Clause: Evasion moves are banned
|rule|Evasion Abilities Clause: Evasion abilities are banned
|rule|Sleep Moves Clause: Sleep-inducing moves are banned
|clearpoke
|poke|p1|Skeledirge, M|
|poke|p1|Ogerpon-Wellspring, F|
|poke|p1|Tinkaton, F|
|poke|p1|Garganacl, M|
|poke|p1|Iron Moth|
|poke|p1|Great Tusk|
|poke|p2|Salazzle, F|
|poke|p2|Clefable, M|
|poke|p2|Dragapult, F|
|poke|p2|Zapdos|
|poke|p2|Great Tusk|
|poke|p2|Greninja-*, M|
|teampreview
|
|t:|1779684890
|teamsize|p1|6
|teamsize|p2|6
|start
|switch|p1a: Ogerpon|Ogerpon-Wellspring, F|100/100
|switch|p2a: Zapdos|Zapdos|100/100
|turn|1
|
|t:|1779684898
|move|p1a: Ogerpon|U-turn|p2a: Zapdos
|-resisted|p2a: Zapdos
|-damage|p2a: Zapdos|85/100
|-damage|p1a: Ogerpon|84/100|[from] item: Rocky Helmet|[of] p2a: Zapdos
|
|t:|1779684902
|switch|p1a: Great Tusk|Great Tusk|100/100|[from] U-turn
|-enditem|p1a: Great Tusk|Booster Energy
|-activate|p1a: Great Tusk|ability: Protosynthesis|[fromitem]
|-start|p1a: Great Tusk|protosynthesisatk
|move|p2a: Zapdos|Volt Switch|p1a: Great Tusk
|-immune|p1a: Great Tusk
|
|upkeep
|turn|2
|
|t:|1779684909
|move|p1a: Great Tusk|Ice Spinner|p2a: Zapdos
|-supereffective|p2a: Zapdos
|-damage|p2a: Zapdos|0 fnt
|-damage|p1a: Great Tusk|84/100|[from] item: Rocky Helmet|[of] p2a: Zapdos
|faint|p2a: Zapdos
|
|upkeep
|
|t:|1779684920
|switch|p2a: Greninja|Greninja, M|100/100
|turn|3
|
|t:|1779684926
|-end|p1a: Great Tusk|Protosynthesis|[silent]
|switch|p1a: Ogerpon|Ogerpon-Wellspring, F|84/100
|move|p2a: Greninja|Ice Beam|p1a: Ogerpon
|-damage|p1a: Ogerpon|50/100
|
|upkeep
|turn|4
|
|t:|1779684932
|move|p2a: Greninja|Sludge Wave|p1a: Ogerpon
|-supereffective|p1a: Ogerpon
|-damage|p1a: Ogerpon|0 fnt
|faint|p1a: Ogerpon
|-ability|p2a: Greninja|Battle Bond|boost
|-boost|p2a: Greninja|atk|1
|-boost|p2a: Greninja|spa|1
|-boost|p2a: Greninja|spe|1
|-activate|p2a: Greninja|ability: Battle Bond
|
|upkeep
|
|t:|1779684936
|switch|p1a: Tinkaton|Tinkaton, F|100/100
|-item|p1a: Tinkaton|Air Balloon
|turn|5
|inactive|Battle timer is ON: inactive players will automatically lose when time's up. (requested by Veiny1)
|
|t:|1779684944
|switch|p2a: Great Tusk|Great Tusk|100/100
|move|p1a: Tinkaton|Thunder Wave|p2a: Great Tusk
|-immune|p2a: Great Tusk
|
|upkeep
|turn|6
|
|t:|1779684948
|move|p2a: Great Tusk|Rapid Spin|p1a: Tinkaton
|-resisted|p1a: Tinkaton
|-damage|p1a: Tinkaton|92/100
|-boost|p2a: Great Tusk|spe|1
|-enditem|p1a: Tinkaton|Air Balloon
|-enditem|p2a: Great Tusk|Leftovers|[silent]|[from] ability: Pickpocket|[of] p2a: Great Tusk
|-item|p1a: Tinkaton|Leftovers|[from] ability: Pickpocket|[of] p2a: Great Tusk
|move|p1a: Tinkaton|Stealth Rock|p2a: Great Tusk
|-sidestart|p2: Veiny1|move: Stealth Rock
|
|-heal|p1a: Tinkaton|98/100|[from] item: Leftovers
|upkeep
|turn|7
|
|t:|1779684957
|move|p2a: Great Tusk|Earthquake|p1a: Tinkaton
|-supereffective|p1a: Tinkaton
|-damage|p1a: Tinkaton|8/100
|move|p1a: Tinkaton|Encore|p2a: Great Tusk
|-start|p2a: Great Tusk|Encore
|
|-heal|p1a: Tinkaton|14/100|[from] item: Leftovers
|upkeep
|turn|8
|
|t:|1779684962
|switch|p1a: Great Tusk|Great Tusk|84/100
|move|p2a: Great Tusk|Earthquake|p1a: Great Tusk
|-damage|p1a: Great Tusk|53/100
|
|upkeep
|turn|9
|
|t:|1779684973
|move|p2a: Great Tusk|Earthquake|p1a: Great Tusk
|-damage|p1a: Great Tusk|19/100
|move|p1a: Great Tusk|Ice Spinner|p2a: Great Tusk
|-supereffective|p2a: Great Tusk
|-damage|p2a: Great Tusk|63/100
|
|upkeep
|turn|10
|
|t:|1779684979
|move|p2a: Great Tusk|Earthquake|p1a: Great Tusk
|-damage|p1a: Great Tusk|0 fnt
|faint|p1a: Great Tusk
|-end|p1a: Great Tusk|Protosynthesis|[silent]
|
|-end|p2a: Great Tusk|Encore
|upkeep
|
|t:|1779684985
|switch|p1a: Iron Moth|Iron Moth|100/100
|-enditem|p1a: Iron Moth|Booster Energy
|-activate|p1a: Iron Moth|ability: Quark Drive|[fromitem]
|-start|p1a: Iron Moth|quarkdrivespe
|turn|11
|
|t:|1779684993
|move|p1a: Iron Moth|Energy Ball|p2a: Great Tusk
|-supereffective|p2a: Great Tusk
|-damage|p2a: Great Tusk|0 fnt
|faint|p2a: Great Tusk
|-end|p2a: Great Tusk|Protosynthesis|[silent]
|
|upkeep
|
|t:|1779685000
|switch|p2a: Greninja|Greninja, M|100/100
|-damage|p2a: Greninja|88/100|[from] Stealth Rock
|turn|12
|
|t:|1779685004
|move|p1a: Iron Moth|Energy Ball|p2a: Greninja
|-supereffective|p2a: Greninja
|-damage|p2a: Greninja|0 fnt
|faint|p2a: Greninja
|
|upkeep
|
|t:|1779685013
|switch|p2a: Salazzle|Salazzle, F|100/100
|-damage|p2a: Salazzle|76/100|[from] Stealth Rock
|turn|13
|
|t:|1779685020
|move|p1a: Iron Moth|Sludge Wave|p2a: Salazzle
|-resisted|p2a: Salazzle
|-damage|p2a: Salazzle|31/100
|move|p2a: Salazzle|Endeavor|p1a: Iron Moth
|-damage|p1a: Iron Moth|29/100
|
|upkeep
|turn|14
|
|t:|1779685028
|move|p1a: Iron Moth|Sludge Wave|p2a: Salazzle
|-resisted|p2a: Salazzle
|-damage|p2a: Salazzle|0 fnt
|faint|p2a: Salazzle
|
|upkeep
|
|t:|1779685030
|switch|p2a: Clefable|Clefable, M|100/100
|turn|15
|
|t:|1779685049
|switch|p2a: Dragapult|Dragapult, F|100/100
|-damage|p2a: Dragapult|88/100|[from] Stealth Rock
|move|p1a: Iron Moth|Sludge Wave|p2a: Dragapult
|-resisted|p2a: Dragapult
|-damage|p2a: Dragapult|53/100
|
|upkeep
|turn|16
|
|t:|1779685061
|move|p1a: Iron Moth|Sludge Wave|p2a: Dragapult
|-resisted|p2a: Dragapult
|-damage|p2a: Dragapult|14/100
|-status|p2a: Dragapult|psn
|move|p2a: Dragapult|Dragon Darts|p1a: Iron Moth
|-damage|p1a: Iron Moth|0 fnt
|faint|p1a: Iron Moth
|-end|p1a: Iron Moth|Quark Drive|[silent]
|
|-damage|p2a: Dragapult|2/100 psn|[from] psn
|upkeep
|
|t:|1779685066
|switch|p1a: Tinkaton|Tinkaton, F|14/100
|turn|17
|
|t:|1779685070
|move|p2a: Dragapult|Flamethrower|p1a: Tinkaton
|-supereffective|p1a: Tinkaton
|-damage|p1a: Tinkaton|0 fnt
|faint|p1a: Tinkaton
|
|-damage|p2a: Dragapult|0 fnt|[from] psn
|faint|p2a: Dragapult
|upkeep
|
|t:|1779685073
|switch|p2a: Clefable|Clefable, M|100/100
|switch|p1a: Skeledirge|Skeledirge, M|100/100
|turn|18
|
|t:|1779685081
|move|p1a: Skeledirge|Torch Song|p2a: Clefable
|-damage|p2a: Clefable|71/100
|-boost|p1a: Skeledirge|spa|1
|move|p2a: Clefable|Ice Beam|p1a: Skeledirge
|-resisted|p1a: Skeledirge
|-damage|p1a: Skeledirge|92/100
|
|upkeep
|turn|19
|
|t:|1779685084
|move|p1a: Skeledirge|Torch Song|p2a: Clefable
|-damage|p2a: Clefable|25/100
|-boost|p1a: Skeledirge|spa|1
|move|p2a: Clefable|Draining Kiss|p1a: Skeledirge
|-resisted|p1a: Skeledirge
|-crit|p1a: Skeledirge
|-damage|p1a: Skeledirge|80/100
|-heal|p2a: Clefable|36/100|[from] drain|[of] p1a: Skeledirge
|
|upkeep
|turn|20
|
|t:|1779685089
|move|p1a: Skeledirge|Torch Song|p2a: Clefable
|-damage|p2a: Clefable|0 fnt
|-boost|p1a: Skeledirge|spa|1
|faint|p2a: Clefable
|
|win|DanFoxDude
|raw|DanFoxDude's rating: 1421 &rarr; <strong>1439</strong><br />(+18 for winning)
|raw|Veiny1's rating: 1382 &rarr; <strong>1364</strong><br />(-18 for losing)
|l|☆Veiny1
|player|p2|
|l|☆DanFoxDude
|player|p1|
|j|☆DanFoxDude
|player|p1|DanFoxDude|265|
|l|☆DanFoxDude
|player|p1|
