|j|☆theruberduckman
|j|☆SSVHLV
|t:|1779556246
|gametype|singles
|player|p1|theruberduckman|harlequin|1057
|player|p2|SSVHLV|pokemonranger-gen4|1063
|gen|9
|tier|[Gen 9] OU
|rated|
|rule|HP Percentage Mod: HP is shown in percentages
|rule|Endless Battle Clause: Forcing endless battles is banned
|rule|Species Clause: Limit one of each Pokémon
|rule|OHKO Clause: OHKO moves are banned
|rule|Evasion Items Clause: Evasion items are banned
|rule|Evasion Moves Clause: Evasion moves are banned
|rule|Evasion Abilities Clause: Evasion abilities are banned
|rule|Sleep Moves Clause: Sleep-inducing moves are banned
|clearpoke
|poke|p1|Goodra, F|
|poke|p1|Sylveon, M|
|poke|p1|Cinderace, M|
|poke|p1|Toxtricity, F|
|poke|p1|Dragapult, M|
|poke|p1|Corviknight, M|
|poke|p2|Arcanine-Hisui, M|
|poke|p2|Lilligant-Hisui, F|
|poke|p2|Necrozma|
|poke|p2|Kommo-o, M|
|poke|p2|Kyurem|
|poke|p2|Samurott-Hisui, F|
|teampreview
|c|☆theruberduckman|h
|c|☆theruberduckman|gl
|
|t:|1779556253
|teamsize|p1|6
|teamsize|p2|6
|start
|switch|p1a: Sylveon|Sylveon, M|100/100
|switch|p2a: Lily|Lilligant-Hisui, F, shiny|100/100
|turn|1
|
|t:|1779556264
|switch|p2a: Vecna|Necrozma, shiny|100/100
|move|p1a: Sylveon|Alluring Voice|p2a: Vecna
|-damage|p2a: Vecna|84/100
|
|upkeep
|turn|2
|
|t:|1779556275
|switch|p1a: Toxtricity|Toxtricity, F|100/100
|move|p2a: Vecna|Photon Geyser|p1a: Toxtricity
|-supereffective|p1a: Toxtricity
|-damage|p1a: Toxtricity|0 fnt
|faint|p1a: Toxtricity
|
|upkeep
|
|t:|1779556286
|switch|p1a: Goodra|Goodra, F|100/100
|turn|3
|
|t:|1779556292
|move|p2a: Vecna|Outrage|p1a: Goodra
|-supereffective|p1a: Goodra
|-damage|p1a: Goodra|28/100
|move|p1a: Goodra|Sludge Wave|p2a: Vecna
|-damage|p2a: Vecna|66/100
|
|upkeep
|turn|4
|
|t:|1779556302
|switch|p1a: Dragapult|Dragapult, M|100/100
|move|p2a: Vecna|Outrage|p1a: Dragapult|[from] lockedmove
|-supereffective|p1a: Dragapult
|-damage|p1a: Dragapult|49/100
|-start|p2a: Vecna|Disable|Outrage|[from] ability: Cursed Body|[of] p1a: Dragapult
|-start|p2a: Vecna|confusion|[fatigue]
|
|-heal|p1a: Dragapult|55/100|[from] item: Leftovers
|upkeep
|turn|5
|
|t:|1779556315
|move|p1a: Dragapult|Hydro Pump|p2a: Vecna
|-damage|p2a: Vecna|52/100
|-activate|p2a: Vecna|confusion
|move|p2a: Vecna|Dark Pulse|p1a: Dragapult
|-supereffective|p1a: Dragapult
|-damage|p1a: Dragapult|0 fnt
|faint|p1a: Dragapult
|
|upkeep
|
|t:|1779556323
|switch|p1a: Corviknight|Corviknight, M|100/100
|-ability|p1a: Corviknight|Pressure
|turn|6
|
|t:|1779556333
|-activate|p2a: Vecna|confusion
|-damage|p2a: Vecna|43/100|[from] confusion
|move|p1a: Corviknight|U-turn|p2a: Vecna
|-supereffective|p2a: Vecna
|-damage|p2a: Vecna|23/100
|
|t:|1779556342
|switch|p1a: Cinderace|Cinderace, M|100/100|[from] U-turn
|
|upkeep
|turn|7
|
|t:|1779556348
|move|p1a: Cinderace|U-turn|p2a: Vecna
|-supereffective|p2a: Vecna
|-damage|p2a: Vecna|0 fnt
|faint|p2a: Vecna
|-damage|p1a: Cinderace|91/100|[from] item: Life Orb
|
|t:|1779556356
|switch|p1a: Corviknight|Corviknight, M|100/100|[from] U-turn
|-ability|p1a: Corviknight|Pressure
|
|upkeep
|
|t:|1779556361
|switch|p2a: Clangler|Kommo-o, M, shiny|100/100
|turn|8
|
|t:|1779556369
|switch|p2a: Lily|Lilligant-Hisui, F, shiny|100/100
|move|p1a: Corviknight|Brave Bird|p2a: Lily
|-supereffective|p2a: Lily
|-enditem|p2a: Lily|Focus Sash
|-damage|p2a: Lily|1/100
|-damage|p1a: Corviknight|74/100|[from] Recoil
|
|-heal|p1a: Corviknight|80/100|[from] item: Leftovers
|upkeep
|turn|9
|
|t:|1779556383
|move|p2a: Lily|Axe Kick|p1a: Corviknight
|-damage|p1a: Corviknight|24/100
|move|p1a: Corviknight|U-turn|p2a: Lily
|-damage|p2a: Lily|0 fnt
|faint|p2a: Lily
|
|t:|1779556410
|switch|p1a: Sylveon|Sylveon, M|100/100|[from] U-turn
|
|upkeep
|
|t:|1779556418
|switch|p2a: Shelltana|Samurott-Hisui, F, shiny|100/100
|turn|10
|
|t:|1779556426
|move|p2a: Shelltana|Liquidation|p1a: Sylveon
|-damage|p1a: Sylveon|71/100
|move|p1a: Sylveon|Hyper Voice|p2a: Shelltana
|-supereffective|p2a: Shelltana
|-damage|p2a: Shelltana|11/100
|
|-heal|p1a: Sylveon|77/100|[from] item: Leftovers
|upkeep
|turn|11
|
|t:|1779556437
|switch|p2a: Vesuvius|Arcanine-Hisui, M, shiny|100/100
|move|p1a: Sylveon|Hyper Voice|p2a: Vesuvius
|-resisted|p2a: Vesuvius
|-damage|p2a: Vesuvius|82/100
|
|-heal|p1a: Sylveon|83/100|[from] item: Leftovers
|upkeep
|turn|12
|
|t:|1779556453
|switch|p1a: Corviknight|Corviknight, M|24/100
|-ability|p1a: Corviknight|Pressure
|move|p2a: Vesuvius|Overheat|p1a: Corviknight
|-supereffective|p1a: Corviknight
|-damage|p1a: Corviknight|0 fnt
|-unboost|p2a: Vesuvius|spa|2
|faint|p1a: Corviknight
|
|upkeep
|
|t:|1779556467
|switch|p1a: Cinderace|Cinderace, M|91/100
|turn|13
|
|t:|1779556471
|move|p1a: Cinderace|High Jump Kick|p2a: Vesuvius
|-supereffective|p2a: Vesuvius
|-damage|p2a: Vesuvius|0 fnt
|faint|p2a: Vesuvius
|-damage|p1a: Cinderace|81/100|[from] item: Life Orb
|
|upkeep
|
|t:|1779556477
|switch|p2a: Clangler|Kommo-o, M, shiny|100/100
|turn|14
|
|t:|1779556483
|switch|p1a: Sylveon|Sylveon, M|83/100
|move|p2a: Clangler|Boomburst|p1a: Sylveon
|-damage|p1a: Sylveon|65/100
|
|-heal|p1a: Sylveon|71/100|[from] item: Leftovers
|upkeep
|turn|15
|
|t:|1779556494
|switch|p2a: NegativeZero|Kyurem, shiny|100/100
|-ability|p2a: NegativeZero|Pressure
|move|p1a: Sylveon|Hyper Voice|p2a: NegativeZero
|-supereffective|p2a: NegativeZero
|-damage|p2a: NegativeZero|37/100
|
|-heal|p2a: NegativeZero|43/100|[from] item: Leftovers
|-heal|p1a: Sylveon|77/100|[from] item: Leftovers
|upkeep
|turn|16
|
|t:|1779556505
|move|p2a: NegativeZero|Blizzard|p1a: Sylveon
|-damage|p1a: Sylveon|49/100
|move|p1a: Sylveon|Alluring Voice|p2a: NegativeZero
|-supereffective|p2a: NegativeZero
|-damage|p2a: NegativeZero|0 fnt
|faint|p2a: NegativeZero
|
|-heal|p1a: Sylveon|55/100|[from] item: Leftovers
|upkeep
|
|t:|1779556515
|switch|p2a: Shelltana|Samurott-Hisui, F, shiny|11/100
|turn|17
|
|t:|1779556520
|-terastallize|p1a: Sylveon|Fairy
|move|p2a: Shelltana|Liquidation|p1a: Sylveon
|-damage|p1a: Sylveon|9/100
|move|p1a: Sylveon|Alluring Voice|p2a: Shelltana
|-supereffective|p2a: Shelltana
|-damage|p2a: Shelltana|0 fnt
|faint|p2a: Shelltana
|
|-heal|p1a: Sylveon|15/100|[from] item: Leftovers
|upkeep
|-message|SSVHLV forfeited.
|
|win|theruberduckman
|raw|theruberduckman's rating: 1057 &rarr; <strong>1089</strong><br />(+32 for winning)
|raw|SSVHLV's rating: 1063 &rarr; <strong>1043</strong><br />(-20 for losing)
|l|☆SSVHLV
|player|p2|
