|j|☆bacchunysus
|j|☆Tapferkeitsameise
|t:|1779560940
|gametype|singles
|player|p1|bacchunysus|baker|1488
|player|p2|Tapferkeitsameise|102|1508
|gen|9
|tier|[Gen 9] OU
|rated|
|rule|HP Percentage Mod: HP is shown in percentages
|rule|Endless Battle Clause: Forcing endless battles is banned
|rule|Species Clause: Limit one of each Pokémon
|rule|OHKO Clause: OHKO moves are banned
|rule|Evasion Items Clause: Evasion items are banned
|rule|Evasion Moves Clause: Evasion moves are banned
|rule|Evasion Abilities Clause: Evasion abilities are banned
|rule|Sleep Moves Clause: Sleep-inducing moves are banned
|clearpoke
|poke|p1|Zamazenta-*|
|poke|p1|Hoopa-Unbound|
|poke|p1|Okidogi, M|
|poke|p1|Chesnaught, M|
|poke|p1|Garchomp, F|
|poke|p1|Scizor, F|
|poke|p2|Slither Wing|
|poke|p2|Ninetales, F|
|poke|p2|Raging Bolt|
|poke|p2|Dragapult, M|
|poke|p2|Great Tusk|
|poke|p2|Fezandipiti, M|
|teampreview
|inactive|Battle timer is ON: inactive players will automatically lose when time's up. (requested by bacchunysus)
|
|t:|1779560965
|teamsize|p1|6
|teamsize|p2|6
|start
|switch|p1a: Hoopa|Hoopa-Unbound|100/100
|switch|p2a: Dragapult|Dragapult, M|100/100
|turn|1
|
|t:|1779560983
|switch|p2a: Fezandipiti|Fezandipiti, M|100/100
|switch|p1a: Garchomp|Garchomp, F, shiny|100/100
|
|upkeep
|turn|2
|
|t:|1779560994
|move|p1a: Garchomp|Earthquake|p2a: Fezandipiti
|-supereffective|p2a: Fezandipiti
|-damage|p2a: Fezandipiti|0 fnt
|faint|p2a: Fezandipiti
|
|upkeep
|
|t:|1779561000
|switch|p2a: Slither Wing|Slither Wing|100/100
|turn|3
|
|t:|1779561003
|switch|p1a: Chesnaught|Chesnaught, M, shiny|100/100
|move|p2a: Slither Wing|U-turn|p1a: Chesnaught
|-damage|p1a: Chesnaught|66/100
|-damage|p2a: Slither Wing|84/100|[from] item: Rocky Helmet|[of] p1a: Chesnaught
|
|t:|1779561023
|-end|p2a: Slither Wing|Protosynthesis|[silent]
|switch|p2a: Ninetales|Ninetales, F|100/100|[from] U-turn
|-weather|SunnyDay|[from] ability: Drought|[of] p2a: Ninetales
|
|-weather|SunnyDay|[upkeep]
|upkeep
|turn|4
|
|t:|1779561032
|move|p1a: Chesnaught|Spiky Shield|p1a: Chesnaught
|-singleturn|p1a: Chesnaught|move: Protect
|move|p2a: Ninetales|Will-O-Wisp|p1a: Chesnaught
|-activate|p1a: Chesnaught|move: Protect
|
|-weather|SunnyDay|[upkeep]
|upkeep
|turn|5
|
|t:|1779561041
|switch|p2a: Slither Wing|Slither Wing|84/100
|-activate|p2a: Slither Wing|ability: Protosynthesis
|-start|p2a: Slither Wing|protosynthesisatk
|switch|p1a: Hoopa|Hoopa-Unbound|100/100
|
|-weather|SunnyDay|[upkeep]
|upkeep
|turn|6
|
|t:|1779561061
|switch|p1a: Chesnaught|Chesnaught, M, shiny|66/100
|move|p2a: Slither Wing|First Impression|p1a: Chesnaught
|-damage|p1a: Chesnaught|6/100
|-damage|p2a: Slither Wing|68/100|[from] item: Rocky Helmet|[of] p1a: Chesnaught
|
|-weather|SunnyDay|[upkeep]
|upkeep
|turn|7
|
|t:|1779561069
|-end|p2a: Slither Wing|Protosynthesis|[silent]
|switch|p2a: Raging Bolt|Raging Bolt|100/100
|-activate|p2a: Raging Bolt|ability: Protosynthesis
|-start|p2a: Raging Bolt|protosynthesisspa
|move|p1a: Chesnaught|Leech Seed|p2a: Raging Bolt
|-start|p2a: Raging Bolt|move: Leech Seed
|
|-weather|SunnyDay|[upkeep]
|-damage|p2a: Raging Bolt|88/100|[from] Leech Seed|[of] p1a: Chesnaught
|-heal|p1a: Chesnaught|18/100|[silent]
|upkeep
|turn|8
|
|t:|1779561075
|move|p1a: Chesnaught|Spiky Shield|p1a: Chesnaught
|-singleturn|p1a: Chesnaught|move: Protect
|move|p2a: Raging Bolt|Weather Ball|p1a: Chesnaught
|-activate|p1a: Chesnaught|move: Protect
|
|-weather|SunnyDay|[upkeep]
|-damage|p2a: Raging Bolt|76/100|[from] Leech Seed|[of] p1a: Chesnaught
|-heal|p1a: Chesnaught|31/100|[silent]
|upkeep
|turn|9
|
|t:|1779561099
|-end|p2a: Raging Bolt|Protosynthesis|[silent]
|switch|p2a: Dragapult|Dragapult, M|100/100
|move|p1a: Chesnaught|Spiky Shield||[still]
|-fail|p1a: Chesnaught
|
|-weather|SunnyDay|[upkeep]
|upkeep
|turn|10
|
|t:|1779561109
|move|p1a: Chesnaught|Spiky Shield|p1a: Chesnaught
|-singleturn|p1a: Chesnaught|move: Protect
|move|p2a: Dragapult|Fire Blast|p1a: Chesnaught
|-activate|p1a: Chesnaught|move: Protect
|
|-weather|none
|upkeep
|turn|11
|
|t:|1779561115
|switch|p1a: Garchomp|Garchomp, F, shiny|100/100
|move|p2a: Dragapult|Dragon Darts|p1a: Garchomp
|-supereffective|p1a: Garchomp
|-damage|p1a: Garchomp|50/100
|-anim|p2a: Dragapult|Dragon Darts|p1a: Garchomp
|-supereffective|p1a: Garchomp
|-damage|p1a: Garchomp|0 fnt
|faint|p1a: Garchomp
|-damage|p2a: Dragapult|91/100|[from] item: Life Orb
|
|upkeep
|
|t:|1779561133
|switch|p1a: Scizor|Scizor, F|100/100
|turn|12
|
|t:|1779561141
|switch|p2a: Ninetales|Ninetales, F|100/100
|-weather|SunnyDay|[from] ability: Drought|[of] p2a: Ninetales
|-terastallize|p1a: Scizor|Steel
|move|p1a: Scizor|Bullet Punch|p2a: Ninetales
|-resisted|p2a: Ninetales
|-damage|p2a: Ninetales|60/100
|
|-weather|SunnyDay|[upkeep]
|upkeep
|turn|13
|
|t:|1779561148
|switch|p1a: Chesnaught|Chesnaught, M, shiny|31/100
|move|p2a: Ninetales|Weather Ball|p1a: Chesnaught
|-immune|p1a: Chesnaught|[from] ability: Bulletproof
|
|-weather|SunnyDay|[upkeep]
|upkeep
|turn|14
|
|t:|1779561152
|move|p2a: Ninetales|Will-O-Wisp|p1a: Chesnaught
|-status|p1a: Chesnaught|brn
|move|p1a: Chesnaught|Leech Seed|p2a: Ninetales
|-start|p2a: Ninetales|move: Leech Seed
|
|-weather|SunnyDay|[upkeep]
|-damage|p2a: Ninetales|48/100|[from] Leech Seed|[of] p1a: Chesnaught
|-heal|p1a: Chesnaught|42/100 brn|[silent]
|-damage|p1a: Chesnaught|36/100 brn|[from] brn
|upkeep
|turn|15
|
|t:|1779561157
|switch|p2a: Slither Wing|Slither Wing|68/100
|-activate|p2a: Slither Wing|ability: Protosynthesis
|-start|p2a: Slither Wing|protosynthesisatk
|move|p1a: Chesnaught|Leech Seed|p2a: Slither Wing
|-start|p2a: Slither Wing|move: Leech Seed
|
|-weather|SunnyDay|[upkeep]
|-damage|p2a: Slither Wing|55/100|[from] Leech Seed|[of] p1a: Chesnaught
|-heal|p1a: Chesnaught|46/100 brn|[silent]
|-damage|p1a: Chesnaught|40/100 brn|[from] brn
|upkeep
|turn|16
|
|t:|1779561159
|move|p1a: Chesnaught|Spiky Shield|p1a: Chesnaught
|-singleturn|p1a: Chesnaught|move: Protect
|move|p2a: Slither Wing|U-turn|p1a: Chesnaught
|-activate|p1a: Chesnaught|move: Protect
|-damage|p2a: Slither Wing|43/100|[from] Spiky Shield|[of] p1a: Chesnaught
|
|-weather|SunnyDay|[upkeep]
|-damage|p2a: Slither Wing|31/100|[from] Leech Seed|[of] p1a: Chesnaught
|-heal|p1a: Chesnaught|50/100 brn|[silent]
|-damage|p1a: Chesnaught|44/100 brn|[from] brn
|upkeep
|turn|17
|
|t:|1779561164
|move|p2a: Slither Wing|U-turn|p1a: Chesnaught
|-damage|p1a: Chesnaught|2/100 brn
|-damage|p2a: Slither Wing|15/100|[from] item: Rocky Helmet|[of] p1a: Chesnaught
|
|t:|1779561174
|-end|p2a: Slither Wing|Protosynthesis|[silent]
|switch|p2a: Raging Bolt|Raging Bolt|76/100|[from] U-turn
|-activate|p2a: Raging Bolt|ability: Protosynthesis
|-start|p2a: Raging Bolt|protosynthesisspa
|move|p1a: Chesnaught|Body Press|p2a: Raging Bolt
|-damage|p2a: Raging Bolt|57/100
|
|-weather|SunnyDay|[upkeep]
|-damage|p1a: Chesnaught|0 fnt|[from] brn
|faint|p1a: Chesnaught
|upkeep
|
|t:|1779561177
|switch|p1a: Hoopa|Hoopa-Unbound|100/100
|turn|18
|
|t:|1779561186
|-end|p2a: Raging Bolt|Protosynthesis|[silent]
|switch|p2a: Great Tusk|Great Tusk|100/100
|-activate|p2a: Great Tusk|ability: Protosynthesis
|-start|p2a: Great Tusk|protosynthesisatk
|move|p1a: Hoopa|Psychic|p2a: Great Tusk
|-supereffective|p2a: Great Tusk
|-damage|p2a: Great Tusk|0 fnt
|faint|p2a: Great Tusk
|-end|p2a: Great Tusk|Protosynthesis|[silent]
|
|-weather|SunnyDay|[upkeep]
|upkeep
|
|t:|1779561193
|switch|p2a: Raging Bolt|Raging Bolt|57/100
|-activate|p2a: Raging Bolt|ability: Protosynthesis
|-start|p2a: Raging Bolt|protosynthesisspa
|turn|19
|
|t:|1779561198
|move|p2a: Raging Bolt|Volt Switch|p1a: Hoopa
|-damage|p1a: Hoopa|54/100
|
|t:|1779561206
|-end|p2a: Raging Bolt|Protosynthesis|[silent]
|switch|p2a: Dragapult|Dragapult, M|91/100|[from] Volt Switch
|move|p1a: Hoopa|Knock Off|p2a: Dragapult
|-supereffective|p2a: Dragapult
|-damage|p2a: Dragapult|0 fnt
|-enditem|p2a: Dragapult|Life Orb|[from] move: Knock Off|[of] p1a: Hoopa
|faint|p2a: Dragapult
|
|-weather|none
|upkeep
|
|t:|1779561209
|switch|p2a: Slither Wing|Slither Wing|15/100
|turn|20
|
|t:|1779561221
|switch|p1a: Okidogi|Okidogi, M|100/100
|move|p2a: Slither Wing|U-turn|p1a: Okidogi
|-resisted|p1a: Okidogi
|-damage|p1a: Okidogi|88/100
|
|t:|1779561227
|-end|p2a: Slither Wing|Protosynthesis|[silent]
|switch|p2a: Ninetales|Ninetales, F|48/100|[from] U-turn
|-weather|SunnyDay|[from] ability: Drought|[of] p2a: Ninetales
|
|-weather|SunnyDay|[upkeep]
|-heal|p1a: Okidogi|94/100|[from] item: Leftovers
|upkeep
|turn|21
|
|t:|1779561236
|move|p2a: Ninetales|Will-O-Wisp|p1a: Okidogi
|-status|p1a: Okidogi|brn
|move|p1a: Okidogi|Knock Off|p2a: Ninetales
|-damage|p2a: Ninetales|25/100
|-enditem|p2a: Ninetales|Heat Rock|[from] move: Knock Off|[of] p1a: Okidogi
|
|-weather|SunnyDay|[upkeep]
|-heal|p1a: Okidogi|99/100 brn|[from] item: Leftovers
|-damage|p1a: Okidogi|94/100 brn|[from] brn
|upkeep
|turn|22
|
|t:|1779561245
|move|p2a: Ninetales|Healing Wish|p2a: Ninetales
|faint|p2a: Ninetales
|move|p1a: Okidogi|Knock Off|p2: Ninetales|[notarget]
|-fail|p1a: Okidogi
|
|-weather|SunnyDay|[upkeep]
|-heal|p1a: Okidogi|99/100 brn|[from] item: Leftovers
|-damage|p1a: Okidogi|94/100 brn|[from] brn
|upkeep
|
|t:|1779561248
|switch|p2a: Raging Bolt|Raging Bolt|57/100
|-heal|p2a: Raging Bolt|100/100|[from] move: Healing Wish
|-activate|p2a: Raging Bolt|ability: Protosynthesis
|-start|p2a: Raging Bolt|protosynthesisspa
|turn|23
|
|t:|1779561254
|move|p2a: Raging Bolt|Weather Ball|p1a: Okidogi
|-damage|p1a: Okidogi|0 fnt
|faint|p1a: Okidogi
|
|-weather|SunnyDay|[upkeep]
|upkeep
|
|t:|1779561258
|switch|p1a: Hoopa|Hoopa-Unbound|54/100
|turn|24
|
|t:|1779561261
|move|p2a: Raging Bolt|Weather Ball|p1a: Hoopa
|-damage|p1a: Hoopa|0 fnt
|faint|p1a: Hoopa
|
|-weather|SunnyDay|[upkeep]
|upkeep
|
|t:|1779561265
|switch|p1a: Zamazenta|Zamazenta|100/100
|-ability|p1a: Zamazenta|Dauntless Shield|boost
|-boost|p1a: Zamazenta|def|1
|turn|25
|
|t:|1779561278
|move|p1a: Zamazenta|Body Press|p2a: Raging Bolt
|-damage|p2a: Raging Bolt|44/100
|move|p2a: Raging Bolt|Weather Ball|p1a: Zamazenta
|-damage|p1a: Zamazenta|0 fnt
|faint|p1a: Zamazenta
|
|-weather|SunnyDay|[upkeep]
|upkeep
|
|t:|1779561283
|switch|p1a: Scizor|Scizor, F, tera:Steel|100/100
|turn|26
|
|t:|1779561291
|move|p2a: Raging Bolt|Weather Ball|p1a: Scizor
|-supereffective|p1a: Scizor
|-damage|p1a: Scizor|0 fnt
|faint|p1a: Scizor
|
|win|Tapferkeitsameise
|raw|bacchunysus's rating: 1488 &rarr; <strong>1469</strong><br />(-19 for losing)
|raw|Tapferkeitsameise's rating: 1508 &rarr; <strong>1527</strong><br />(+19 for winning)
|l|☆bacchunysus
|player|p1|
|l|☆Tapferkeitsameise
|player|p2|
