|inactive|Battle timer is ON: inactive players will automatically lose when time's up.
|t:|1779644242
|gametype|singles
|player|p1|ABR|#abr|
|player|p2|BUNDY|#wcop2026netherlands|
|gen|9
|tier|[Gen 9] OU
|rule|HP Percentage Mod: HP is shown in percentages
|rule|Endless Battle Clause: Forcing endless battles is banned
|rule|Species Clause: Limit one of each Pokémon
|rule|OHKO Clause: OHKO moves are banned
|rule|Evasion Items Clause: Evasion items are banned
|rule|Evasion Moves Clause: Evasion moves are banned
|rule|Evasion Abilities Clause: Evasion abilities are banned
|rule|Sleep Moves Clause: Sleep-inducing moves are banned
|clearpoke
|poke|p1|Regieleki|
|poke|p1|Ting-Lu|
|poke|p1|Kyurem|
|poke|p1|Kingambit, F|
|poke|p1|Garganacl, F|
|poke|p1|Moltres|
|poke|p2|Volcanion|
|poke|p2|Iron Treads|
|poke|p2|Tornadus-Therian, M|
|poke|p2|Hatterene, F|
|poke|p2|Zamazenta-*|
|poke|p2|Glimmora, M|
|teampreview
|rated|World Cup of Pokemon
|c|☆ABR|hf
|c|☆BUNDY|hf boss
|rated|World Cup of Pokemon
|inactive|ABR has 270 seconds left.
|inactive|BUNDY has 270 seconds left.
|inactive|ABR has 240 seconds left.
|inactive|BUNDY has 240 seconds left.
|
|t:|1779644318
|teamsize|p1|6
|teamsize|p2|6
|start
|switch|p1a: Ting-Lu|Ting-Lu|100/100
|switch|p2a: Dust|Iron Treads, shiny|100/100
|-ability|p1a: Ting-Lu|Vessel of Ruin
|turn|1
|
|t:|1779644324
|-end|p2a: Dust|Quark Drive|[silent]
|switch|p2a: Janice STFU|Hatterene, F, shiny|100/100
|move|p1a: Ting-Lu|Earthquake|p2a: Janice STFU
|-damage|p2a: Janice STFU|59/100
|
|upkeep
|turn|2
|inactive|ABR has 270 seconds left.
|inactive|BUNDY has 270 seconds left.
|inactive|ABR has 240 seconds left.
|
|t:|1779644400
|switch|p1a: Moltres|Moltres|100/100
|switch|p2a: Lake Como|Volcanion|100/100
|
|upkeep
|turn|3
|
|t:|1779644423
|switch|p1a: Kyurem|Kyurem|100/100
|-ability|p1a: Kyurem|Pressure
|move|p2a: Lake Como|Steam Eruption|p1a: Kyurem
|-resisted|p1a: Kyurem
|-damage|p1a: Kyurem|71/100
|
|upkeep
|turn|4
|inactive|ABR has 210 seconds left.
|inactive|BUNDY has 240 seconds left.
|inactive|ABR has 180 seconds left.
|inactive|BUNDY has 210 seconds left.
|inactive|BUNDY has 180 seconds left.
|inactive|ABR has 150 seconds left.
|
|t:|1779644533
|move|p1a: Kyurem|Freeze-Dry|p2a: Lake Como
|-damage|p2a: Lake Como|60/100
|move|p2a: Lake Como|Steam Eruption|p1a: Kyurem
|-resisted|p1a: Kyurem
|-damage|p1a: Kyurem|44/100
|-status|p1a: Kyurem|brn
|
|-damage|p1a: Kyurem|38/100 brn|[from] brn
|upkeep
|turn|5
|inactive|ABR has 150 seconds left.
|inactive|BUNDY has 150 seconds left.
|inactive|ABR has 120 seconds left.
|
|t:|1779644582
|move|p1a: Kyurem|Earth Power|p2a: Lake Como
|-supereffective|p2a: Lake Como
|-enditem|p2a: Lake Como|Shuca Berry|[eat]
|-enditem|p2a: Lake Como|Shuca Berry|[weaken]
|-damage|p2a: Lake Como|21/100
|move|p2a: Lake Como|Steam Eruption|p1a: Kyurem
|-resisted|p1a: Kyurem
|-damage|p1a: Kyurem|6/100 brn
|
|-damage|p1a: Kyurem|0 fnt|[from] brn
|faint|p1a: Kyurem
|upkeep
|inactive|ABR has 90 seconds left.
|
|t:|1779644628
|switch|p1a: Regieleki|Regieleki|100/100
|turn|6
|
|t:|1779644642
|switch|p1a: Ting-Lu|Ting-Lu|100/100
|-ability|p1a: Ting-Lu|Vessel of Ruin
|switch|p2a: Dust|Iron Treads, shiny|100/100
|
|upkeep
|turn|7
|inactive|BUNDY has 150 seconds left.
|inactive|ABR has 60 seconds left.
|
|t:|1779644672
|-end|p2a: Dust|Quark Drive|[silent]
|switch|p2a: Whisper My Name|Tornadus-Therian, M|100/100
|move|p1a: Ting-Lu|Earthquake|p2a: Whisper My Name
|-immune|p2a: Whisper My Name
|
|upkeep
|turn|8
|inactive|ABR has 60 seconds left.
|inactive|BUNDY has 120 seconds left.
|
|t:|1779644719
|switch|p2a: Outside Tweaking|Glimmora, M, shiny|100/100
|move|p1a: Ting-Lu|Payback|p2a: Outside Tweaking
|-damage|p2a: Outside Tweaking|80/100
|-activate|p2a: Outside Tweaking|ability: Toxic Debris
|-sidestart|p1: ABR|move: Toxic Spikes
|-enditem|p2a: Outside Tweaking|Red Card|[of] p1a: Ting-Lu
|drag|p1a: Moltres|Moltres|100/100
|
|upkeep
|turn|9
|inactive|ABR has 30 seconds left.
|
|t:|1779644740
|switch|p2a: Lake Como|Volcanion|21/100
|switch|p1a: Ting-Lu|Ting-Lu|100/100
|-status|p1a: Ting-Lu|psn
|-ability|p1a: Ting-Lu|Vessel of Ruin
|
|-damage|p1a: Ting-Lu|88/100 psn|[from] psn
|upkeep
|turn|10
|inactive|ABR has 30 seconds left.
|
|t:|1779644750
|move|p2a: Lake Como|Steam Eruption|p1a: Ting-Lu
|-supereffective|p1a: Ting-Lu
|-damage|p1a: Ting-Lu|13/100 psn
|-enditem|p1a: Ting-Lu|Weakness Policy
|-boost|p1a: Ting-Lu|atk|2|[from] item: Weakness Policy
|-boost|p1a: Ting-Lu|spa|2|[from] item: Weakness Policy
|move|p1a: Ting-Lu|Earthquake|p2a: Lake Como
|-supereffective|p2a: Lake Como
|-damage|p2a: Lake Como|0 fnt
|faint|p2a: Lake Como
|
|-damage|p1a: Ting-Lu|1/100 psn|[from] psn
|upkeep
|
|t:|1779644763
|switch|p2a: Dust|Iron Treads, shiny|100/100
|turn|11
|
|t:|1779644767
|switch|p1a: Moltres|Moltres|100/100
|move|p2a: Dust|Earthquake|p1a: Moltres
|-immune|p1a: Moltres
|
|upkeep
|turn|12
|
|t:|1779644773
|move|p2a: Dust|Stone Edge|p1a: Moltres
|-supereffective|p1a: Moltres
|-damage|p1a: Moltres|0 fnt
|faint|p1a: Moltres
|
|upkeep
|inactive|ABR has 30 seconds left.
|inactive|ABR has 20 seconds left.
|c|☆BUNDY|https://www.youtube.com/watch?v=zng_tgwBpBc
|
|t:|1779644810
|switch|p1a: Kingambit|Kingambit, F|100/100
|-activate|p1a: Kingambit|ability: Supreme Overlord
|-start|p1a: Kingambit|fallen2|[silent]
|turn|13
|inactive|ABR has 30 seconds left this turn.
|inactive|ABR has 20 seconds left.
|
|t:|1779644825
|move|p2a: Dust|Earthquake|p1a: Kingambit
|-supereffective|p1a: Kingambit
|-damage|p1a: Kingambit|22/100
|move|p1a: Kingambit|Swords Dance|p1a: Kingambit
|-boost|p1a: Kingambit|atk|2
|
|upkeep
|turn|14
|inactive|ABR has 30 seconds left this turn.
|
|t:|1779644831
|move|p1a: Kingambit|Sucker Punch|p2a: Dust
|-damage|p2a: Dust|15/100
|move|p2a: Dust|Earthquake|p1a: Kingambit
|-supereffective|p1a: Kingambit
|-damage|p1a: Kingambit|0 fnt
|faint|p1a: Kingambit
|-end|p1a: Kingambit|fallen2|[silent]
|
|upkeep
|inactive|ABR has 30 seconds left this turn.
|
|t:|1779644840
|switch|p1a: Regieleki|Regieleki|100/100
|turn|15
|inactive|ABR has 30 seconds left.
|inactive|BUNDY has 150 seconds left.
|
|t:|1779644862
|-end|p2a: Dust|Quark Drive|[silent]
|switch|p2a: Outside Tweaking|Glimmora, M, shiny|80/100
|move|p1a: Regieleki|Substitute|p1a: Regieleki
|-start|p1a: Regieleki|Substitute
|-damage|p1a: Regieleki|76/100
|
|upkeep
|turn|16
|
|t:|1779644867
|move|p1a: Regieleki|Thunderbolt|p2a: Outside Tweaking
|-damage|p2a: Outside Tweaking|29/100
|-status|p2a: Outside Tweaking|par
|move|p2a: Outside Tweaking|Earth Power|p1a: Regieleki
|-supereffective|p1a: Regieleki
|-end|p1a: Regieleki|Substitute
|
|upkeep
|turn|17
|
|t:|1779644874
|move|p1a: Regieleki|Substitute|p1a: Regieleki
|-start|p1a: Regieleki|Substitute
|-damage|p1a: Regieleki|51/100
|move|p2a: Outside Tweaking|Earth Power|p1a: Regieleki
|-supereffective|p1a: Regieleki
|-end|p1a: Regieleki|Substitute
|
|upkeep
|turn|18
|
|t:|1779644879
|move|p1a: Regieleki|Substitute|p1a: Regieleki
|-start|p1a: Regieleki|Substitute
|-damage|p1a: Regieleki|26/100
|cant|p2a: Outside Tweaking|par
|
|upkeep
|turn|19
|
|t:|1779644882
|switch|p2a: Dust|Iron Treads, shiny|15/100
|move|p1a: Regieleki|Thunderbolt|p2a: Dust
|-immune|p2a: Dust
|
|upkeep
|turn|20
|inactive|ABR has 60 seconds left.
|
|t:|1779644905
|move|p1a: Regieleki|Swift|p2a: Dust
|-resisted|p2a: Dust
|-damage|p2a: Dust|4/100
|move|p2a: Dust|Earthquake|p1a: Regieleki
|-supereffective|p1a: Regieleki
|-end|p1a: Regieleki|Substitute
|
|upkeep
|turn|21
|inactive|BUNDY has 180 seconds left.
|
|t:|1779644926
|move|p1a: Regieleki|Swift|p2a: Dust
|-resisted|p2a: Dust
|-damage|p2a: Dust|0 fnt
|faint|p2a: Dust
|-end|p2a: Dust|Quark Drive|[silent]
|
|upkeep
|
|t:|1779644936
|switch|p2a: Shabang|Zamazenta|100/100
|-ability|p2a: Shabang|Dauntless Shield|boost
|-boost|p2a: Shabang|def|1
|turn|22
|
|t:|1779644940
|move|p1a: Regieleki|Volt Switch|p2a: Shabang
|-damage|p2a: Shabang|61/100
|
|t:|1779644942
|switch|p1a: Ting-Lu|Ting-Lu|1/100 psn|[from] Volt Switch
|-ability|p1a: Ting-Lu|Vessel of Ruin
|move|p2a: Shabang|Close Combat|p1a: Ting-Lu
|-supereffective|p1a: Ting-Lu
|-damage|p1a: Ting-Lu|0 fnt
|-unboost|p2a: Shabang|def|1
|-unboost|p2a: Shabang|spd|1
|faint|p1a: Ting-Lu
|
|upkeep
|inactive|ABR has 60 seconds left.
|
|t:|1779644972
|switch|p1a: Regieleki|Regieleki|26/100
|turn|23
|inactive|ABR has 60 seconds left.
|
|t:|1779644978
|switch|p2a: Outside Tweaking|Glimmora, M, shiny|29/100 par
|move|p1a: Regieleki|Thunderbolt|p2a: Outside Tweaking
|-damage|p2a: Outside Tweaking|0 fnt
|faint|p2a: Outside Tweaking
|
|upkeep
|
|t:|1779644986
|switch|p2a: Whisper My Name|Tornadus-Therian, M|100/100
|turn|24
|inactive|ABR has 60 seconds left.
|
|t:|1779645007
|-terastallize|p2a: Whisper My Name|Dark
|move|p1a: Regieleki|Substitute|p1a: Regieleki
|-start|p1a: Regieleki|Substitute
|-damage|p1a: Regieleki|1/100
|move|p2a: Whisper My Name|Grass Knot|p1a: Regieleki
|-end|p1a: Regieleki|Substitute
|-damage|p2a: Whisper My Name|91/100|[from] item: Life Orb
|
|upkeep
|turn|25
|inactive|ABR has 60 seconds left.
|inactive|BUNDY has 210 seconds left.
|
|t:|1779645035
|move|p1a: Regieleki|Thunderbolt|p2a: Whisper My Name
|-crit|p2a: Whisper My Name
|-damage|p2a: Whisper My Name|0 fnt
|faint|p2a: Whisper My Name
|
|upkeep
|c|☆BUNDY|no way
|
|t:|1779645050
|switch|p2a: Shabang|Zamazenta|61/100
|turn|26
|
|t:|1779645071
|move|p1a: Regieleki|Thunderbolt|p2a: Shabang
|-damage|p2a: Shabang|12/100
|move|p2a: Shabang|Crunch|p1a: Regieleki
|-damage|p1a: Regieleki|0 fnt
|faint|p1a: Regieleki
|
|upkeep
|
|t:|1779645076
|switch|p1a: Garganacl|Garganacl, F|100/100
|turn|27
|
|t:|1779645083
|switch|p2a: Janice STFU|Hatterene, F, shiny|59/100
|-terastallize|p1a: Garganacl|Fairy
|move|p1a: Garganacl|Curse|p1a: Garganacl
|-unboost|p1a: Garganacl|spe|1
|-boost|p1a: Garganacl|atk|1
|-boost|p1a: Garganacl|def|1
|
|upkeep
|turn|28
|inactive|ABR has 30 seconds left.
|
|t:|1779645108
|move|p2a: Janice STFU|Draining Kiss|p1a: Garganacl
|-damage|p1a: Garganacl|84/100
|-heal|p2a: Janice STFU|75/100|[from] drain|[of] p1a: Garganacl
|move|p1a: Garganacl|Salt Cure|p2a: Janice STFU
|-damage|p2a: Janice STFU|57/100
|-start|p2a: Janice STFU|Salt Cure
|
|-damage|p2a: Janice STFU|45/100|[from] Salt Cure
|upkeep
|turn|29
|inactive|ABR has 30 seconds left.
|
|t:|1779645126
|move|p2a: Janice STFU|Psychic Noise|p1a: Garganacl
|-damage|p1a: Garganacl|60/100
|-start|p1a: Garganacl|move: Heal Block
|move|p1a: Garganacl|Avalanche|p2a: Janice STFU
|-damage|p2a: Janice STFU|10/100
|
|-damage|p2a: Janice STFU|0 fnt|[from] Salt Cure
|faint|p2a: Janice STFU
|upkeep
|
|t:|1779645130
|switch|p2a: Shabang|Zamazenta|12/100
|turn|30
|inactive|ABR has 30 seconds left.
|
|t:|1779645146
|move|p2a: Shabang|Howl|p2a: Shabang
|-boost|p2a: Shabang|atk|1
|move|p1a: Garganacl|Avalanche|p2a: Shabang
|-damage|p2a: Shabang|0 fnt
|faint|p2a: Shabang
|
|win|ABR
|c|☆ABR|gg
|c|☆ABR|sorry for crit
|player|p2|
|player|p1|
