|j|☆skyrakers
|j|☆ANGEL ENGINE
|t:|1779641573
|gametype|singles
|player|p1|skyrakers|cynthia|1527
|player|p2|ANGEL ENGINE|1|1493
|gen|9
|tier|[Gen 9] OU
|rated|
|rule|HP Percentage Mod: HP is shown in percentages
|rule|Endless Battle Clause: Forcing endless battles is banned
|rule|Species Clause: Limit one of each Pokémon
|rule|OHKO Clause: OHKO moves are banned
|rule|Evasion Items Clause: Evasion items are banned
|rule|Evasion Moves Clause: Evasion moves are banned
|rule|Evasion Abilities Clause: Evasion abilities are banned
|rule|Sleep Moves Clause: Sleep-inducing moves are banned
|clearpoke
|poke|p1|Weezing-Galar, M|
|poke|p1|Ogerpon, F|
|poke|p1|Skarmory, M|
|poke|p1|Alomomola, M|
|poke|p1|Clodsire, M|
|poke|p1|Hydreigon, M|
|poke|p2|Dragonite, F|
|poke|p2|Ting-Lu|
|poke|p2|Clefable, F|
|poke|p2|Pecharunt|
|poke|p2|Heatran, F|
|poke|p2|Zamazenta-*|
|teampreview
|inactive|Battle timer is ON: inactive players will automatically lose when time's up. (requested by ANGEL ENGINE)
|
|t:|1779641600
|teamsize|p1|6
|teamsize|p2|6
|start
|switch|p1a: Endless Nameless|Clodsire, M, shiny|100/100
|switch|p2a: Heatran|Heatran, F|100/100
|turn|1
|
|t:|1779641613
|move|p2a: Heatran|Will-O-Wisp|p1a: Endless Nameless
|-status|p1a: Endless Nameless|brn
|move|p1a: Endless Nameless|Earthquake|p2a: Heatran
|-supereffective|p2a: Heatran
|-damage|p2a: Heatran|54/100
|
|-heal|p2a: Heatran|60/100|[from] item: Leftovers
|-damage|p1a: Endless Nameless|94/100 brn|[from] brn
|upkeep
|turn|2
|
|t:|1779641625
|switch|p2a: Ting-Lu|Ting-Lu|100/100
|-ability|p2a: Ting-Lu|Vessel of Ruin
|move|p1a: Endless Nameless|Earthquake|p2a: Ting-Lu
|-damage|p2a: Ting-Lu|93/100
|
|-heal|p2a: Ting-Lu|99/100|[from] item: Leftovers
|-damage|p1a: Endless Nameless|88/100 brn|[from] brn
|upkeep
|turn|3
|
|t:|1779641634
|move|p2a: Ting-Lu|Spikes|p1a: Endless Nameless
|-sidestart|p1: skyrakers|Spikes
|move|p1a: Endless Nameless|Toxic|p2a: Ting-Lu
|-status|p2a: Ting-Lu|tox
|
|-heal|p2a: Ting-Lu|100/100 tox|[from] item: Leftovers
|-damage|p2a: Ting-Lu|94/100 tox|[from] psn
|-damage|p1a: Endless Nameless|82/100 brn|[from] brn
|upkeep
|turn|4
|
|t:|1779641643
|switch|p1a: Raptor|Skarmory, M, shiny|100/100
|move|p2a: Ting-Lu|Spikes|p1a: Raptor
|-sidestart|p1: skyrakers|Spikes
|
|-heal|p2a: Ting-Lu|100/100 tox|[from] item: Leftovers
|-damage|p2a: Ting-Lu|88/100 tox|[from] psn
|upkeep
|turn|5
|
|t:|1779641651
|switch|p2a: Pecharunt|Pecharunt|100/100
|move|p1a: Raptor|Taunt|p2a: Pecharunt
|-start|p2a: Pecharunt|move: Taunt
|
|upkeep
|turn|6
|
|t:|1779641662
|switch|p1a: Hybrid|Hydreigon, M, shiny|100/100
|move|p2a: Pecharunt|Shadow Ball|p1a: Hybrid
|-resisted|p1a: Hybrid
|-crit|p1a: Hybrid
|-damage|p1a: Hybrid|81/100
|
|upkeep
|turn|7
|
|t:|1779641683
|switch|p1a: Raptor|Skarmory, M, shiny|100/100
|switch|p2a: Clefable|Clefable, F|100/100
|
|upkeep
|turn|8
|
|t:|1779641690
|move|p1a: Raptor|Taunt|p2a: Clefable
|-start|p2a: Clefable|move: Taunt
|move|p2a: Clefable|Knock Off|p1a: Raptor
|-damage|p1a: Raptor|91/100
|-enditem|p1a: Raptor|Rocky Helmet|[from] move: Knock Off|[of] p2a: Clefable
|
|upkeep
|turn|9
|
|t:|1779641698
|switch|p2a: Heatran|Heatran, F|60/100
|move|p1a: Raptor|Spikes|p2a: Heatran
|-sidestart|p2: ANGEL ENGINE|Spikes
|
|-heal|p2a: Heatran|66/100|[from] item: Leftovers
|upkeep
|turn|10
|
|t:|1779641705
|switch|p1a: Endless Nameless|Clodsire, M, shiny|82/100 brn
|-damage|p1a: Endless Nameless|66/100 brn|[from] Spikes
|move|p2a: Heatran|Stealth Rock|p1a: Endless Nameless
|-sidestart|p1: skyrakers|move: Stealth Rock
|
|-heal|p2a: Heatran|73/100|[from] item: Leftovers
|-damage|p1a: Endless Nameless|60/100 brn|[from] brn
|upkeep
|turn|11
|
|t:|1779641713
|switch|p2a: Ting-Lu|Ting-Lu|88/100 tox
|-damage|p2a: Ting-Lu|76/100 tox|[from] Spikes
|-ability|p2a: Ting-Lu|Vessel of Ruin
|move|p1a: Endless Nameless|Earthquake|p2a: Ting-Lu
|-damage|p2a: Ting-Lu|68/100 tox
|
|-heal|p2a: Ting-Lu|74/100 tox|[from] item: Leftovers
|-damage|p2a: Ting-Lu|68/100 tox|[from] psn
|-damage|p1a: Endless Nameless|54/100 brn|[from] brn
|upkeep
|turn|12
|
|t:|1779641725
|move|p2a: Ting-Lu|Ruination|p1a: Endless Nameless
|-damage|p1a: Endless Nameless|27/100 brn
|move|p1a: Endless Nameless|Recover|p1a: Endless Nameless
|-heal|p1a: Endless Nameless|77/100 brn
|
|-heal|p2a: Ting-Lu|74/100 tox|[from] item: Leftovers
|-damage|p2a: Ting-Lu|61/100 tox|[from] psn
|-damage|p1a: Endless Nameless|71/100 brn|[from] brn
|upkeep
|turn|13
|
|t:|1779641736
|switch|p1a: Raptor|Skarmory, M, shiny|91/100
|-damage|p1a: Raptor|78/100|[from] Stealth Rock
|move|p2a: Ting-Lu|Earthquake|p1a: Raptor
|-immune|p1a: Raptor
|
|-heal|p2a: Ting-Lu|68/100 tox|[from] item: Leftovers
|-damage|p2a: Ting-Lu|49/100 tox|[from] psn
|upkeep
|turn|14
|
|t:|1779641746
|move|p1a: Raptor|Spikes|p2a: Ting-Lu
|-sidestart|p2: ANGEL ENGINE|Spikes
|move|p2a: Ting-Lu|Ruination|p1a: Raptor|[miss]
|-miss|p2a: Ting-Lu|p1a: Raptor
|
|-heal|p2a: Ting-Lu|55/100 tox|[from] item: Leftovers
|-damage|p2a: Ting-Lu|30/100 tox|[from] psn
|upkeep
|turn|15
|
|t:|1779641754
|move|p1a: Raptor|Taunt|p2a: Ting-Lu
|-start|p2a: Ting-Lu|move: Taunt
|move|p2a: Ting-Lu|Ruination|p1a: Raptor
|-damage|p1a: Raptor|40/100
|
|-heal|p2a: Ting-Lu|36/100 tox|[from] item: Leftovers
|-damage|p2a: Ting-Lu|5/100 tox|[from] psn
|upkeep
|turn|16
|
|t:|1779641765
|move|p1a: Raptor|Roost|p1a: Raptor
|-heal|p1a: Raptor|90/100
|-singleturn|p1a: Raptor|move: Roost
|move|p2a: Ting-Lu|Ruination|p1a: Raptor|[miss]
|-miss|p2a: Ting-Lu|p1a: Raptor
|
|-heal|p2a: Ting-Lu|12/100 tox|[from] item: Leftovers
|-damage|p2a: Ting-Lu|0 fnt|[from] psn
|faint|p2a: Ting-Lu
|upkeep
|
|t:|1779641771
|switch|p2a: Heatran|Heatran, F|73/100
|-damage|p2a: Heatran|56/100|[from] Spikes
|turn|17
|
|t:|1779641781
|move|p1a: Raptor|Body Press|p2a: Heatran
|-supereffective|p2a: Heatran
|-damage|p2a: Heatran|0 fnt
|faint|p2a: Heatran
|
|upkeep
|
|t:|1779641786
|switch|p2a: Pecharunt|Pecharunt|100/100
|turn|18
|
|t:|1779641795
|switch|p1a: Endless Nameless|Clodsire, M, shiny|71/100 brn
|-damage|p1a: Endless Nameless|54/100 brn|[from] Spikes
|-damage|p1a: Endless Nameless|48/100 brn|[from] Stealth Rock
|move|p2a: Pecharunt|Parting Shot|p1a: Endless Nameless
|-unboost|p1a: Endless Nameless|atk|1
|-unboost|p1a: Endless Nameless|spa|1
|
|t:|1779641801
|switch|p2a: Dragonite|Dragonite, F|100/100|[from] Parting Shot
|
|-damage|p1a: Endless Nameless|42/100 brn|[from] brn
|upkeep
|turn|19
|
|t:|1779641808
|move|p2a: Dragonite|Earthquake|p1a: Endless Nameless
|-supereffective|p1a: Endless Nameless
|-damage|p1a: Endless Nameless|0 fnt
|faint|p1a: Endless Nameless
|
|upkeep
|
|t:|1779641813
|switch|p1a: Sentinel|Weezing-Galar, M, shiny|100/100
|-ability|p1a: Sentinel|Neutralizing Gas
|turn|20
|
|t:|1779641820
|switch|p2a: Pecharunt|Pecharunt|100/100
|move|p1a: Sentinel|Sludge Bomb|p2a: Pecharunt
|-resisted|p2a: Pecharunt
|-damage|p2a: Pecharunt|94/100
|
|upkeep
|turn|21
|
|t:|1779641827
|move|p2a: Pecharunt|Shadow Ball|p1a: Sentinel
|-damage|p1a: Sentinel|68/100
|-unboost|p1a: Sentinel|spd|1
|move|p1a: Sentinel|Defog|p2a: Pecharunt
|-unboost|p2a: Pecharunt|evasion|1
|-sideend|p2: ANGEL ENGINE|Spikes|[from] move: Defog|[of] p1a: Sentinel
|-sideend|p1: skyrakers|Spikes|[from] move: Defog|[of] p1a: Sentinel
|-sideend|p1: skyrakers|Stealth Rock|[from] move: Defog|[of] p1a: Sentinel
|
|upkeep
|turn|22
|
|t:|1779641840
|-end|p1a: Sentinel|ability: Neutralizing Gas
|switch|p1a: Hybrid|Hydreigon, M, shiny|81/100
|move|p2a: Pecharunt|Parting Shot|p1a: Hybrid
|-unboost|p1a: Hybrid|atk|1
|-unboost|p1a: Hybrid|spa|1
|
|t:|1779641844
|switch|p2a: Zamazenta|Zamazenta|100/100|[from] Parting Shot
|-ability|p2a: Zamazenta|Dauntless Shield|boost
|-boost|p2a: Zamazenta|def|1
|
|upkeep
|turn|23
|
|t:|1779641852
|switch|p1a: Sentinel|Weezing-Galar, M, shiny|68/100
|-ability|p1a: Sentinel|Neutralizing Gas
|move|p2a: Zamazenta|Close Combat|p1a: Sentinel
|-resisted|p1a: Sentinel
|-damage|p1a: Sentinel|59/100
|-unboost|p2a: Zamazenta|def|1
|-unboost|p2a: Zamazenta|spd|1
|
|upkeep
|turn|24
|
|t:|1779641862
|switch|p2a: Pecharunt|Pecharunt|94/100
|move|p1a: Sentinel|Pain Split|p2a: Pecharunt
|-sethp|p2a: Pecharunt|73/100|[from] move: Pain Split|[silent]
|-sethp|p1a: Sentinel|83/100|[from] move: Pain Split
|
|upkeep
|turn|25
|
|t:|1779641869
|move|p2a: Pecharunt|Shadow Ball|p1a: Sentinel
|-damage|p1a: Sentinel|49/100
|move|p1a: Sentinel|Will-O-Wisp|p2a: Pecharunt
|-status|p2a: Pecharunt|brn
|
|-damage|p2a: Pecharunt|67/100 brn|[from] brn
|upkeep
|turn|26
|
|t:|1779641879
|move|p2a: Pecharunt|Shadow Ball|p1a: Sentinel
|-damage|p1a: Sentinel|13/100
|move|p1a: Sentinel|Pain Split|p2a: Pecharunt
|-sethp|p2a: Pecharunt|39/100 brn|[from] move: Pain Split|[silent]
|-sethp|p1a: Sentinel|44/100|[from] move: Pain Split
|
|-damage|p2a: Pecharunt|33/100 brn|[from] brn
|upkeep
|turn|27
|
|t:|1779641892
|-end|p1a: Sentinel|ability: Neutralizing Gas
|switch|p1a: Anonymous|Ogerpon, F|100/100
|move|p2a: Pecharunt|Recover|p2a: Pecharunt
|-heal|p2a: Pecharunt|83/100 brn
|
|-damage|p2a: Pecharunt|77/100 brn|[from] brn
|upkeep
|turn|28
|
|t:|1779641901
|move|p1a: Anonymous|U-turn|p2a: Pecharunt
|-resisted|p2a: Pecharunt
|-damage|p2a: Pecharunt|73/100 brn
|
|t:|1779641905
|switch|p1a: Pisces|Alomomola, M, shiny|100/100|[from] U-turn
|move|p2a: Pecharunt|Toxic|p1a: Pisces
|-status|p1a: Pisces|tox
|-start|p1a: Pisces|confusion|[from] ability: Poison Puppeteer|[of] p2a: Pecharunt
|
|-damage|p1a: Pisces|94/100 tox|[from] psn
|-damage|p2a: Pecharunt|67/100 brn|[from] brn
|upkeep
|turn|29
|
|t:|1779641915
|move|p2a: Pecharunt|Parting Shot|p1a: Pisces
|-unboost|p1a: Pisces|atk|1
|-unboost|p1a: Pisces|spa|1
|
|t:|1779641917
|switch|p2a: Zamazenta|Zamazenta|100/100|[from] Parting Shot
|-activate|p1a: Pisces|confusion
|-damage|p1a: Pisces|90/100 tox|[from] confusion
|
|-damage|p1a: Pisces|78/100 tox|[from] psn
|upkeep
|turn|30
|
|t:|1779641944
|switch|p1a: Raptor|Skarmory, M, shiny|90/100
|move|p2a: Zamazenta|Close Combat|p1a: Raptor
|-damage|p1a: Raptor|56/100
|-unboost|p2a: Zamazenta|def|1
|-unboost|p2a: Zamazenta|spd|1
|
|upkeep
|turn|31
|
|t:|1779641964
|move|p2a: Zamazenta|Close Combat|p1a: Raptor
|-damage|p1a: Raptor|17/100
|-unboost|p2a: Zamazenta|def|1
|-unboost|p2a: Zamazenta|spd|1
|move|p1a: Raptor|Roost|p1a: Raptor
|-heal|p1a: Raptor|67/100
|-singleturn|p1a: Raptor|move: Roost
|
|upkeep
|turn|32
|
|t:|1779641974
|switch|p2a: Pecharunt|Pecharunt|67/100 brn
|move|p1a: Raptor|Roost|p1a: Raptor
|-heal|p1a: Raptor|100/100
|-singleturn|p1a: Raptor|move: Roost
|
|-damage|p2a: Pecharunt|60/100 brn|[from] brn
|upkeep
|turn|33
|
|t:|1779641988
|switch|p1a: Hybrid|Hydreigon, M, shiny|81/100
|move|p2a: Pecharunt|Toxic|p1a: Hybrid
|-status|p1a: Hybrid|tox
|-start|p1a: Hybrid|confusion|[from] ability: Poison Puppeteer|[of] p2a: Pecharunt
|
|-damage|p1a: Hybrid|75/100 tox|[from] psn
|-damage|p2a: Pecharunt|54/100 brn|[from] brn
|upkeep
|turn|34
|
|t:|1779642001
|switch|p2a: Clefable|Clefable, F|100/100
|-activate|p1a: Hybrid|confusion
|move|p1a: Hybrid|Flash Cannon|p2a: Clefable
|-supereffective|p2a: Clefable
|-damage|p2a: Clefable|28/100
|
|-heal|p2a: Clefable|35/100|[from] item: Leftovers
|-damage|p1a: Hybrid|63/100 tox|[from] psn
|upkeep
|turn|35
|
|t:|1779642011
|switch|p2a: Zamazenta|Zamazenta|100/100
|-activate|p1a: Hybrid|confusion
|move|p1a: Hybrid|Flash Cannon|p2a: Zamazenta
|-damage|p2a: Zamazenta|59/100
|
|-damage|p1a: Hybrid|44/100 tox|[from] psn
|upkeep
|turn|36
|
|t:|1779642020
|switch|p1a: Raptor|Skarmory, M, shiny|100/100
|move|p2a: Zamazenta|Close Combat|p1a: Raptor
|-damage|p1a: Raptor|61/100
|-unboost|p2a: Zamazenta|def|1
|-unboost|p2a: Zamazenta|spd|1
|
|upkeep
|turn|37
|
|t:|1779642029
|switch|p2a: Clefable|Clefable, F|35/100
|move|p1a: Raptor|Roost|p1a: Raptor
|-heal|p1a: Raptor|100/100
|-singleturn|p1a: Raptor|move: Roost
|
|-heal|p2a: Clefable|41/100|[from] item: Leftovers
|upkeep
|turn|38
|
|t:|1779642040
|switch|p2a: Pecharunt|Pecharunt|54/100 brn
|move|p1a: Raptor|Taunt|p2a: Pecharunt
|-start|p2a: Pecharunt|move: Taunt
|
|-damage|p2a: Pecharunt|48/100 brn|[from] brn
|upkeep
|turn|39
|
|t:|1779642058
|switch|p1a: Anonymous|Ogerpon, F|100/100
|move|p2a: Pecharunt|Shadow Ball|p1a: Anonymous
|-damage|p1a: Anonymous|72/100
|
|-damage|p2a: Pecharunt|42/100 brn|[from] brn
|upkeep
|turn|40
|
|t:|1779642073
|switch|p2a: Clefable|Clefable, F|41/100
|move|p1a: Anonymous|Knock Off|p2a: Clefable
|-resisted|p2a: Clefable
|-damage|p2a: Clefable|23/100
|-enditem|p2a: Clefable|Leftovers|[from] move: Knock Off|[of] p1a: Anonymous
|
|upkeep
|turn|41
|
|t:|1779642081
|switch|p1a: Raptor|Skarmory, M, shiny|100/100
|move|p2a: Clefable|Moonlight|p2a: Clefable
|-heal|p2a: Clefable|73/100
|
|upkeep
|turn|42
|
|t:|1779642089
|move|p1a: Raptor|Taunt|p2a: Clefable
|-start|p2a: Clefable|move: Taunt
|move|p2a: Clefable|Moonblast|p1a: Raptor
|-resisted|p1a: Raptor
|-damage|p1a: Raptor|79/100
|
|upkeep
|turn|43
|
|t:|1779642096
|move|p1a: Raptor|Spikes|p2a: Clefable
|-sidestart|p2: ANGEL ENGINE|Spikes
|move|p2a: Clefable|Moonblast|p1a: Raptor
|-resisted|p1a: Raptor
|-damage|p1a: Raptor|54/100
|-unboost|p1a: Raptor|spa|1
|
|upkeep
|turn|44
|
|t:|1779642110
|switch|p2a: Pecharunt|Pecharunt|42/100 brn
|move|p1a: Raptor|Roost|p1a: Raptor
|-heal|p1a: Raptor|100/100
|-singleturn|p1a: Raptor|move: Roost
|
|-damage|p2a: Pecharunt|36/100 brn|[from] brn
|upkeep
|turn|45
|
|t:|1779642119
|move|p2a: Pecharunt|Recover|p2a: Pecharunt
|-heal|p2a: Pecharunt|86/100 brn
|move|p1a: Raptor|Taunt|p2a: Pecharunt
|-start|p2a: Pecharunt|move: Taunt
|
|-damage|p2a: Pecharunt|80/100 brn|[from] brn
|upkeep
|turn|46
|
|t:|1779642127
|move|p2a: Pecharunt|Shadow Ball|p1a: Raptor
|-crit|p1a: Raptor
|-damage|p1a: Raptor|48/100
|move|p1a: Raptor|Spikes|p2a: Pecharunt
|-sidestart|p2: ANGEL ENGINE|Spikes
|
|-damage|p2a: Pecharunt|74/100 brn|[from] brn
|upkeep
|turn|47
|
|t:|1779642136
|-terastallize|p2a: Pecharunt|Ghost
|move|p2a: Pecharunt|Shadow Ball|p1a: Raptor
|-damage|p1a: Raptor|0 fnt
|faint|p1a: Raptor
|
|-damage|p2a: Pecharunt|68/100 brn|[from] brn
|upkeep
|inactive|skyrakers has 120 seconds left.
|
|t:|1779642169
|switch|p1a: Anonymous|Ogerpon, F|72/100
|turn|48
|
|t:|1779642173
|-terastallize|p1a: Anonymous|Grass
|detailschange|p1a: Anonymous|Ogerpon-Teal-Tera, F, tera:Grass
|-ability|p1a: Anonymous|Embody Aspect (Teal)|boost
|-boost|p1a: Anonymous|spe|1
|move|p1a: Anonymous|Ivy Cudgel|p2a: Pecharunt
|-crit|p2a: Pecharunt
|-damage|p2a: Pecharunt|0 fnt
|faint|p2a: Pecharunt
|
|upkeep
|
|t:|1779642202
|switch|p2a: Dragonite|Dragonite, F|100/100
|turn|49
|
|t:|1779642206
|switch|p1a: Hybrid|Hydreigon, M, shiny|44/100 tox
|move|p2a: Dragonite|Dragon Tail|p1a: Hybrid
|-supereffective|p1a: Hybrid
|-damage|p1a: Hybrid|0 fnt
|faint|p1a: Hybrid
|
|upkeep
|inactive|skyrakers has 120 seconds left.
|
|t:|1779642249
|switch|p1a: Pisces|Alomomola, M, shiny|100/100 tox
|turn|50
|
|t:|1779642257
|move|p1a: Pisces|Play Rough|p2a: Dragonite
|-supereffective|p2a: Dragonite
|-damage|p2a: Dragonite|86/100
|move|p2a: Dragonite|Dragon Tail|p1a: Pisces
|-damage|p1a: Pisces|72/100 tox
|drag|p1a: Anonymous|Ogerpon-Teal-Tera, F, tera:Grass|72/100
|-ability|p1a: Anonymous|Embody Aspect (Teal)|boost
|-boost|p1a: Anonymous|spe|1
|
|upkeep
|turn|51
|inactive|skyrakers has 120 seconds left.
|
|t:|1779642268
|move|p2a: Dragonite|Extreme Speed|p1a: Anonymous
|-damage|p1a: Anonymous|27/100
|move|p1a: Anonymous|Rock Tomb|p2a: Dragonite
|-supereffective|p2a: Dragonite
|-damage|p2a: Dragonite|28/100
|-unboost|p2a: Dragonite|spe|1
|
|upkeep
|turn|52
|inactive|skyrakers has 120 seconds left.
|
|t:|1779642280
|switch|p1a: Sentinel|Weezing-Galar, M, shiny|44/100
|-ability|p1a: Sentinel|Neutralizing Gas
|move|p2a: Dragonite|Extreme Speed|p1a: Sentinel
|-damage|p1a: Sentinel|23/100
|
|upkeep
|turn|53
|
|t:|1779642288
|switch|p2a: Clefable|Clefable, F|73/100
|-damage|p2a: Clefable|56/100|[from] Spikes
|move|p1a: Sentinel|Pain Split|p2a: Clefable
|-sethp|p2a: Clefable|38/100|[from] move: Pain Split|[silent]
|-sethp|p1a: Sentinel|44/100|[from] move: Pain Split
|
|upkeep
|turn|54
|
|t:|1779642295
|move|p2a: Clefable|Moonlight|p2a: Clefable
|-heal|p2a: Clefable|88/100
|move|p1a: Sentinel|Sludge Bomb|p2a: Clefable
|-supereffective|p2a: Clefable
|-damage|p2a: Clefable|38/100
|
|upkeep
|turn|55
|
|t:|1779642306
|move|p2a: Clefable|Knock Off|p1a: Sentinel
|-resisted|p1a: Sentinel
|-damage|p1a: Sentinel|40/100
|-enditem|p1a: Sentinel|Heavy-Duty Boots|[from] move: Knock Off|[of] p2a: Clefable
|move|p1a: Sentinel|Sludge Bomb|p2a: Clefable
|-supereffective|p2a: Clefable
|-damage|p2a: Clefable|0 fnt
|faint|p2a: Clefable
|
|upkeep
|
|t:|1779642314
|switch|p2a: Dragonite|Dragonite, F|28/100
|turn|56
|
|t:|1779642318
|move|p2a: Dragonite|Earthquake|p1a: Sentinel
|-supereffective|p1a: Sentinel
|-damage|p1a: Sentinel|0 fnt
|faint|p1a: Sentinel
|-end|p1a: Sentinel|ability: Neutralizing Gas
|
|upkeep
|
|t:|1779642323
|switch|p1a: Pisces|Alomomola, M, shiny|100/100 tox
|turn|57
|
|t:|1779642326
|move|p2a: Dragonite|Roost|p2a: Dragonite
|-heal|p2a: Dragonite|78/100
|-singleturn|p2a: Dragonite|move: Roost
|move|p1a: Pisces|Play Rough|p2a: Dragonite
|-supereffective|p2a: Dragonite
|-damage|p2a: Dragonite|46/100
|
|-damage|p1a: Pisces|94/100 tox|[from] psn
|upkeep
|turn|58
|
|t:|1779642336
|move|p2a: Dragonite|Roost|p2a: Dragonite
|-heal|p2a: Dragonite|96/100
|-singleturn|p2a: Dragonite|move: Roost
|move|p1a: Pisces|Play Rough|p2a: Dragonite
|-supereffective|p2a: Dragonite
|-damage|p2a: Dragonite|63/100
|
|-damage|p1a: Pisces|82/100 tox|[from] psn
|upkeep
|turn|59
|
|t:|1779642347
|move|p1a: Pisces|Play Rough|p2a: Dragonite|[miss]
|-miss|p1a: Pisces|p2a: Dragonite
|move|p2a: Dragonite|Dragon Tail|p1a: Pisces
|-damage|p1a: Pisces|54/100 tox
|drag|p1a: Anonymous|Ogerpon-Teal-Tera, F, tera:Grass|27/100
|-ability|p1a: Anonymous|Embody Aspect (Teal)|boost
|-boost|p1a: Anonymous|spe|1
|
|upkeep
|turn|60
|
|t:|1779642356
|switch|p1a: Pisces|Alomomola, M, shiny|87/100 tox
|move|p2a: Dragonite|Extreme Speed|p1a: Pisces
|-damage|p1a: Pisces|65/100 tox
|
|-damage|p1a: Pisces|59/100 tox|[from] psn
|upkeep
|turn|61
|
|t:|1779642364
|move|p1a: Pisces|Play Rough|p2a: Dragonite
|-supereffective|p2a: Dragonite
|-damage|p2a: Dragonite|35/100
|move|p2a: Dragonite|Dragon Tail|p1a: Pisces
|-damage|p1a: Pisces|31/100 tox
|drag|p1a: Anonymous|Ogerpon-Teal-Tera, F, tera:Grass|27/100
|-ability|p1a: Anonymous|Embody Aspect (Teal)|boost
|-boost|p1a: Anonymous|spe|1
|
|upkeep
|turn|62
|
|t:|1779642373
|switch|p1a: Pisces|Alomomola, M, shiny|64/100 tox
|move|p2a: Dragonite|Extreme Speed|p1a: Pisces
|-damage|p1a: Pisces|43/100 tox
|
|-damage|p1a: Pisces|36/100 tox|[from] psn
|upkeep
|turn|63
|
|t:|1779642381
|move|p2a: Dragonite|Roost|p2a: Dragonite
|-heal|p2a: Dragonite|85/100
|-singleturn|p2a: Dragonite|move: Roost
|move|p1a: Pisces|Play Rough|p2a: Dragonite
|-supereffective|p2a: Dragonite
|-damage|p2a: Dragonite|54/100
|
|-damage|p1a: Pisces|24/100 tox|[from] psn
|upkeep
|turn|64
|
|t:|1779642394
|move|p2a: Dragonite|Earthquake|p1a: Pisces
|-damage|p1a: Pisces|0 fnt
|faint|p1a: Pisces
|
|upkeep
|
|t:|1779642398
|switch|p1a: Anonymous|Ogerpon-Teal-Tera, F, tera:Grass|27/100
|-ability|p1a: Anonymous|Embody Aspect (Teal)|boost
|-boost|p1a: Anonymous|spe|1
|turn|65
|
|t:|1779642405
|move|p2a: Dragonite|Extreme Speed|p1a: Anonymous
|-damage|p1a: Anonymous|0 fnt
|faint|p1a: Anonymous
|detailschange|p1: Anonymous|Ogerpon, F|[silent]
|
|win|ANGEL ENGINE
|raw|skyrakers's rating: 1527 &rarr; <strong>1505</strong><br />(-22 for losing)
|raw|ANGEL ENGINE's rating: 1493 &rarr; <strong>1515</strong><br />(+22 for winning)
|l|☆skyrakers
|player|p1|
