|j|☆raickou
|j|☆AltinaPancake
|t:|1779619525
|gametype|singles
|player|p1|raickou|red|1258
|player|p2|AltinaPancake|dawn|1190
|gen|9
|tier|[Gen 9] OU
|rated|
|rule|HP Percentage Mod: HP is shown in percentages
|rule|Endless Battle Clause: Forcing endless battles is banned
|rule|Species Clause: Limit one of each Pokémon
|rule|OHKO Clause: OHKO moves are banned
|rule|Evasion Items Clause: Evasion items are banned
|rule|Evasion Moves Clause: Evasion moves are banned
|rule|Evasion Abilities Clause: Evasion abilities are banned
|rule|Sleep Moves Clause: Sleep-inducing moves are banned
|clearpoke
|poke|p1|Kingambit, M|
|poke|p1|Zamazenta-*|
|poke|p1|Dragapult, F|
|poke|p1|Slowking-Galar, M|
|poke|p1|Great Tusk|
|poke|p1|Iron Moth|
|poke|p2|Ninetales-Alola, M|
|poke|p2|Glaceon, F|
|poke|p2|Great Tusk|
|poke|p2|Heatran, F|
|poke|p2|Dragapult, M|
|poke|p2|Toxapex, M|
|teampreview
|
|t:|1779619532
|teamsize|p1|6
|teamsize|p2|6
|start
|switch|p1a: Alphonso Henriques|Kingambit, M|100/100
|switch|p2a: Ninetales|Ninetales-Alola, M|100/100
|-weather|Snowscape|[from] ability: Snow Warning|[of] p2a: Ninetales
|turn|1
|
|t:|1779619545
|move|p2a: Ninetales|Aurora Veil|p2a: Ninetales
|-sidestart|p2: AltinaPancake|move: Aurora Veil
|move|p1a: Alphonso Henriques|Iron Head|p2a: Ninetales
|-supereffective|p2a: Ninetales
|-damage|p2a: Ninetales|18/100
|
|-weather|Snowscape|[upkeep]
|upkeep
|turn|2
|
|t:|1779619552
|switch|p2a: Cutiepie|Glaceon, F, shiny|100/100
|move|p1a: Alphonso Henriques|Iron Head|p2a: Cutiepie
|-supereffective|p2a: Cutiepie
|-damage|p2a: Cutiepie|71/100
|
|-weather|Snowscape|[upkeep]
|-heal|p2a: Cutiepie|77/100|[from] ability: Ice Body
|upkeep
|turn|3
|
|t:|1779619558
|-end|p1a: Alphonso Henriques|fallenundefined|[silent]
|switch|p1a: Slowking|Slowking-Galar, M|100/100
|move|p2a: Cutiepie|Alluring Voice|p1a: Slowking
|-resisted|p1a: Slowking
|-damage|p1a: Slowking|85/100
|
|-weather|Snowscape|[upkeep]
|-heal|p2a: Cutiepie|83/100|[from] ability: Ice Body
|-heal|p1a: Slowking|91/100|[from] item: Leftovers
|upkeep
|turn|4
|
|t:|1779619566
|switch|p2a: Heatran|Heatran, F|100/100
|move|p1a: Slowking|Future Sight|p2a: Heatran
|-start|p1a: Slowking|move: Future Sight
|
|-weather|Snowscape|[upkeep]
|-heal|p1a: Slowking|97/100|[from] item: Leftovers
|upkeep
|turn|5
|
|t:|1779619575
|move|p2a: Heatran|Magma Storm|p1a: Slowking
|-damage|p1a: Slowking|71/100
|-activate|p1a: Slowking|move: Magma Storm|[of] p2a: Heatran
|-prepare|p1a: Slowking|Chilly Reception|[premajor]
|move|p1a: Slowking|Chilly Reception|p1a: Slowking
|
|t:|1779619583
|switch|p1a: Great Tusk|Great Tusk|100/100|[from] Chilly Reception
|-enditem|p1a: Great Tusk|Booster Energy
|-activate|p1a: Great Tusk|ability: Protosynthesis|[fromitem]
|-start|p1a: Great Tusk|protosynthesisatk
|
|-weather|none
|upkeep
|turn|6
|
|t:|1779619595
|-terastallize|p2a: Heatran|Grass
|move|p1a: Great Tusk|Earthquake|p2a: Heatran
|-resisted|p2a: Heatran
|-damage|p2a: Heatran|85/100
|move|p2a: Heatran|Magma Storm|p1a: Great Tusk
|-damage|p1a: Great Tusk|34/100
|-activate|p1a: Great Tusk|move: Magma Storm|[of] p2a: Heatran
|
|-end|p2a: Heatran|move: Future Sight
|-damage|p2a: Heatran|69/100
|-heal|p2a: Heatran|75/100|[from] item: Leftovers
|-damage|p1a: Great Tusk|22/100|[from] move: Magma Storm|[partiallytrapped]
|upkeep
|turn|7
|
|t:|1779619603
|move|p1a: Great Tusk|Ice Spinner|p2a: Heatran
|-supereffective|p2a: Heatran
|-damage|p2a: Heatran|42/100
|move|p2a: Heatran|Earth Power|p1a: Great Tusk
|-damage|p1a: Great Tusk|0 fnt
|faint|p1a: Great Tusk
|-end|p1a: Great Tusk|Protosynthesis|[silent]
|
|-heal|p2a: Heatran|48/100|[from] item: Leftovers
|upkeep
|
|t:|1779619610
|switch|p1a: Slowking|Slowking-Galar, M|100/100
|turn|8
|
|t:|1779619613
|move|p2a: Heatran|Protect|p2a: Heatran
|-singleturn|p2a: Heatran|Protect
|move|p1a: Slowking|Sludge Bomb|p2a: Heatran
|-activate|p2a: Heatran|move: Protect
|
|-heal|p2a: Heatran|55/100|[from] item: Leftovers
|-sideend|p2: AltinaPancake|move: Aurora Veil
|upkeep
|turn|9
|
|t:|1779619620
|switch|p2a: Great Tusk|Great Tusk|100/100
|move|p1a: Slowking|Sludge Bomb|p2a: Great Tusk
|-resisted|p2a: Great Tusk
|-damage|p2a: Great Tusk|73/100
|-status|p2a: Great Tusk|psn
|
|-heal|p2a: Great Tusk|79/100 psn|[from] item: Leftovers
|-damage|p2a: Great Tusk|67/100 psn|[from] psn
|upkeep
|turn|10
|
|t:|1779619635
|switch|p1a: Kiko|Zamazenta|100/100
|-ability|p1a: Kiko|Dauntless Shield|boost
|-boost|p1a: Kiko|def|1
|move|p2a: Great Tusk|Stealth Rock|p1a: Kiko
|-sidestart|p1: raickou|move: Stealth Rock
|
|-heal|p2a: Great Tusk|73/100 psn|[from] item: Leftovers
|-damage|p2a: Great Tusk|60/100 psn|[from] psn
|upkeep
|turn|11
|
|t:|1779619644
|-end|p2a: Great Tusk|Protosynthesis|[silent]
|switch|p2a: Toxapex|Toxapex, M|100/100
|move|p1a: Kiko|Iron Defense|p1a: Kiko
|-boost|p1a: Kiko|def|2
|
|upkeep
|turn|12
|
|t:|1779619649
|move|p2a: Toxapex|Haze|p2a: Toxapex
|-clearallboost
|move|p1a: Kiko|Roar|p2a: Toxapex
|drag|p2a: Ninetales|Ninetales-Alola, M|18/100
|-weather|Snowscape|[from] ability: Snow Warning|[of] p2a: Ninetales
|
|-weather|Snowscape|[upkeep]
|upkeep
|turn|13
|
|t:|1779619652
|move|p1a: Kiko|Iron Defense|p1a: Kiko
|-boost|p1a: Kiko|def|2
|move|p2a: Ninetales|Aurora Veil|p2a: Ninetales
|-sidestart|p2: AltinaPancake|move: Aurora Veil
|
|-weather|Snowscape|[upkeep]
|upkeep
|turn|14
|
|t:|1779619657
|move|p1a: Kiko|Body Press|p2a: Ninetales
|-crit|p2a: Ninetales
|-damage|p2a: Ninetales|0 fnt
|faint|p2a: Ninetales
|
|-weather|Snowscape|[upkeep]
|upkeep
|
|t:|1779619659
|switch|p2a: Cutiepie|Glaceon, F, shiny|83/100
|turn|15
|
|t:|1779619661
|move|p1a: Kiko|Body Press|p2a: Cutiepie
|-supereffective|p2a: Cutiepie
|-damage|p2a: Cutiepie|32/100
|move|p2a: Cutiepie|Alluring Voice|p1a: Kiko
|-supereffective|p1a: Kiko
|-damage|p1a: Kiko|15/100
|
|-weather|Snowscape|[upkeep]
|-heal|p2a: Cutiepie|38/100|[from] ability: Ice Body
|-heal|p1a: Kiko|21/100|[from] item: Leftovers
|upkeep
|turn|16
|
|t:|1779619665
|move|p1a: Kiko|Body Press|p2a: Cutiepie
|-supereffective|p2a: Cutiepie
|-damage|p2a: Cutiepie|0 fnt
|faint|p2a: Cutiepie
|
|-weather|none
|-heal|p1a: Kiko|27/100|[from] item: Leftovers
|upkeep
|
|t:|1779619668
|switch|p2a: Dragapult|Dragapult, M|100/100
|turn|17
|
|t:|1779619675
|move|p2a: Dragapult|Shadow Ball|p1a: Kiko
|-damage|p1a: Kiko|0 fnt
|faint|p1a: Kiko
|
|upkeep
|
|t:|1779619681
|switch|p1a: Alphonso Henriques|Kingambit, M|100/100
|-damage|p1a: Alphonso Henriques|94/100|[from] Stealth Rock
|-activate|p1a: Alphonso Henriques|ability: Supreme Overlord
|-start|p1a: Alphonso Henriques|fallen2|[silent]
|turn|18
|
|t:|1779619690
|switch|p2a: Toxapex|Toxapex, M|100/100
|-terastallize|p1a: Alphonso Henriques|Fairy
|move|p1a: Alphonso Henriques|Swords Dance|p1a: Alphonso Henriques
|-boost|p1a: Alphonso Henriques|atk|2
|
|-heal|p1a: Alphonso Henriques|100/100|[from] item: Leftovers
|upkeep
|turn|19
|
|t:|1779619695
|move|p1a: Alphonso Henriques|Kowtow Cleave|p2a: Toxapex
|-damage|p2a: Toxapex|65/100
|move|p2a: Toxapex|Toxic|p1a: Alphonso Henriques
|-status|p1a: Alphonso Henriques|tox
|
|-heal|p2a: Toxapex|71/100|[from] item: Leftovers
|-damage|p1a: Alphonso Henriques|94/100 tox|[from] psn
|upkeep
|turn|20
|
|t:|1779619700
|move|p1a: Alphonso Henriques|Kowtow Cleave|p2a: Toxapex
|-damage|p2a: Toxapex|36/100
|move|p2a: Toxapex|Recover|p2a: Toxapex
|-heal|p2a: Toxapex|86/100
|
|-heal|p1a: Alphonso Henriques|100/100 tox|[from] item: Leftovers
|-heal|p2a: Toxapex|93/100|[from] item: Leftovers
|-damage|p1a: Alphonso Henriques|88/100 tox|[from] psn
|-sideend|p2: AltinaPancake|move: Aurora Veil
|upkeep
|turn|21
|
|t:|1779619703
|move|p1a: Alphonso Henriques|Kowtow Cleave|p2a: Toxapex
|-damage|p2a: Toxapex|15/100
|move|p2a: Toxapex|Haze|p2a: Toxapex
|-clearallboost
|
|-heal|p1a: Alphonso Henriques|94/100 tox|[from] item: Leftovers
|-heal|p2a: Toxapex|21/100|[from] item: Leftovers
|-damage|p1a: Alphonso Henriques|75/100 tox|[from] psn
|upkeep
|turn|22
|
|t:|1779619707
|switch|p2a: Great Tusk|Great Tusk|60/100 psn
|move|p1a: Alphonso Henriques|Kowtow Cleave|p2a: Great Tusk
|-resisted|p2a: Great Tusk
|-damage|p2a: Great Tusk|41/100 psn
|
|-heal|p2a: Great Tusk|47/100 psn|[from] item: Leftovers
|-heal|p1a: Alphonso Henriques|82/100 tox|[from] item: Leftovers
|-damage|p2a: Great Tusk|34/100 psn|[from] psn
|-damage|p1a: Alphonso Henriques|57/100 tox|[from] psn
|upkeep
|turn|23
|
|t:|1779619712
|move|p1a: Alphonso Henriques|Sucker Punch|p2a: Great Tusk
|-resisted|p2a: Great Tusk
|-damage|p2a: Great Tusk|17/100 psn
|move|p2a: Great Tusk|Earthquake|p1a: Alphonso Henriques
|-damage|p1a: Alphonso Henriques|19/100 tox
|
|-heal|p2a: Great Tusk|23/100 psn|[from] item: Leftovers
|-heal|p1a: Alphonso Henriques|25/100 tox|[from] item: Leftovers
|-damage|p2a: Great Tusk|10/100 psn|[from] psn
|-damage|p1a: Alphonso Henriques|0 fnt|[from] psn
|faint|p1a: Alphonso Henriques
|-end|p1a: Alphonso Henriques|fallen2|[silent]
|upkeep
|
|t:|1779619718
|switch|p1a: Dragapult|Dragapult, F|100/100
|-damage|p1a: Dragapult|88/100|[from] Stealth Rock
|turn|24
|
|t:|1779619721
|move|p1a: Dragapult|Shadow Ball|p2a: Great Tusk
|-damage|p2a: Great Tusk|0 fnt
|faint|p2a: Great Tusk
|-end|p2a: Great Tusk|Protosynthesis|[silent]
|
|upkeep
|
|t:|1779619727
|switch|p2a: Heatran|Heatran, F, tera:Grass|55/100
|turn|25
|
|t:|1779619731
|move|p1a: Dragapult|Shadow Ball|p2a: Heatran
|-damage|p2a: Heatran|24/100
|-unboost|p2a: Heatran|spd|1
|move|p2a: Heatran|Magma Storm|p1a: Dragapult
|-resisted|p1a: Dragapult
|-crit|p1a: Dragapult
|-damage|p1a: Dragapult|44/100
|-activate|p1a: Dragapult|move: Magma Storm|[of] p2a: Heatran
|
|-heal|p2a: Heatran|31/100|[from] item: Leftovers
|-damage|p1a: Dragapult|32/100|[from] move: Magma Storm|[partiallytrapped]
|upkeep
|turn|26
|
|t:|1779619735
|move|p2a: Heatran|Protect|p2a: Heatran
|-singleturn|p2a: Heatran|Protect
|move|p1a: Dragapult|Shadow Ball|p2a: Heatran
|-activate|p2a: Heatran|move: Protect
|
|-heal|p2a: Heatran|37/100|[from] item: Leftovers
|-damage|p1a: Dragapult|19/100|[from] move: Magma Storm|[partiallytrapped]
|upkeep
|turn|27
|
|t:|1779619739
|move|p1a: Dragapult|Shadow Ball|p2a: Heatran
|-damage|p2a: Heatran|0 fnt
|faint|p2a: Heatran
|
|-end|p1a: Dragapult|Magma Storm|[partiallytrapped]|[silent]
|upkeep
|
|t:|1779619742
|switch|p2a: Toxapex|Toxapex, M|54/100
|turn|28
|
|t:|1779619745
|switch|p1a: Slowking|Slowking-Galar, M|100/100
|-damage|p1a: Slowking|88/100|[from] Stealth Rock
|move|p2a: Toxapex|Surf|p1a: Slowking
|-damage|p1a: Slowking|77/100
|
|-heal|p2a: Toxapex|60/100|[from] item: Leftovers
|-heal|p1a: Slowking|83/100|[from] item: Leftovers
|upkeep
|turn|29
|
|t:|1779619750
|move|p2a: Toxapex|Surf|p1a: Slowking
|-damage|p1a: Slowking|70/100
|move|p1a: Slowking|Future Sight|p2a: Toxapex
|-start|p1a: Slowking|move: Future Sight
|
|-heal|p2a: Toxapex|67/100|[from] item: Leftovers
|-heal|p1a: Slowking|76/100|[from] item: Leftovers
|upkeep
|turn|30
|
|t:|1779619757
|move|p2a: Toxapex|Recover|p2a: Toxapex
|-heal|p2a: Toxapex|100/100
|move|p1a: Slowking|Sludge Bomb|p2a: Toxapex
|-resisted|p2a: Toxapex
|-damage|p2a: Toxapex|85/100
|
|-heal|p2a: Toxapex|91/100|[from] item: Leftovers
|-heal|p1a: Slowking|82/100|[from] item: Leftovers
|upkeep
|turn|31
|
|t:|1779619765
|move|p2a: Toxapex|Surf|p1a: Slowking
|-damage|p1a: Slowking|71/100
|move|p1a: Slowking|Sludge Bomb|p2a: Toxapex
|-resisted|p2a: Toxapex
|-damage|p2a: Toxapex|75/100
|
|-end|p2a: Toxapex|move: Future Sight
|-supereffective|p2a: Toxapex
|-damage|p2a: Toxapex|0 fnt
|faint|p2a: Toxapex
|-heal|p1a: Slowking|77/100|[from] item: Leftovers
|upkeep
|
|t:|1779619767
|switch|p2a: Dragapult|Dragapult, M|100/100
|turn|32
|
|t:|1779619771
|move|p2a: Dragapult|Shadow Ball|p1a: Slowking
|-supereffective|p1a: Slowking
|-damage|p1a: Slowking|11/100
|move|p1a: Slowking|Future Sight|p2a: Dragapult
|-start|p1a: Slowking|move: Future Sight
|
|-heal|p1a: Slowking|17/100|[from] item: Leftovers
|upkeep
|turn|33
|
|t:|1779619777
|move|p2a: Dragapult|Shadow Ball|p1a: Slowking
|-supereffective|p1a: Slowking
|-crit|p1a: Slowking
|-damage|p1a: Slowking|0 fnt
|faint|p1a: Slowking
|
|upkeep
|
|t:|1779619779
|switch|p1a: Iron Moth|Iron Moth|100/100
|-damage|p1a: Iron Moth|76/100|[from] Stealth Rock
|-enditem|p1a: Iron Moth|Booster Energy
|-activate|p1a: Iron Moth|ability: Quark Drive|[fromitem]
|-start|p1a: Iron Moth|quarkdrivespa
|turn|34
|
|t:|1779619785
|move|p2a: Dragapult|Shadow Ball|p1a: Iron Moth
|-damage|p1a: Iron Moth|22/100
|move|p1a: Iron Moth|Hurricane|p2a: Dragapult|[miss]
|-miss|p1a: Iron Moth|p2a: Dragapult
|
|-end|p2a: Dragapult|move: Future Sight
|-damage|p2a: Dragapult|34/100
|upkeep
|turn|35
|
|t:|1779619789
|move|p2a: Dragapult|Shadow Ball|p1a: Iron Moth
|-damage|p1a: Iron Moth|0 fnt
|faint|p1a: Iron Moth
|-end|p1a: Iron Moth|Quark Drive|[silent]
|
|upkeep
|
|t:|1779619791
|switch|p1a: Dragapult|Dragapult, F|19/100
|-damage|p1a: Dragapult|7/100|[from] Stealth Rock
|turn|36
|
|t:|1779619793
|move|p2a: Dragapult|Shadow Ball|p1a: Dragapult
|-supereffective|p1a: Dragapult
|-damage|p1a: Dragapult|0 fnt
|faint|p1a: Dragapult
|
|win|AltinaPancake
|raw|raickou's rating: 1258 &rarr; <strong>1228</strong><br />(-30 for losing)
|raw|AltinaPancake's rating: 1190 &rarr; <strong>1220</strong><br />(+30 for winning)
|l|☆raickou
|player|p1|
|l|☆AltinaPancake
|player|p2|
