|j|☆caudillocarnico
|j|☆ReyLly
|t:|1779634044
|gametype|singles
|player|p1|caudillocarnico|tuber|1135
|player|p2|ReyLly|guitarist|1086
|gen|9
|tier|[Gen 9] OU
|rated|
|rule|HP Percentage Mod: HP is shown in percentages
|rule|Endless Battle Clause: Forcing endless battles is banned
|rule|Species Clause: Limit one of each Pokémon
|rule|OHKO Clause: OHKO moves are banned
|rule|Evasion Items Clause: Evasion items are banned
|rule|Evasion Moves Clause: Evasion moves are banned
|rule|Evasion Abilities Clause: Evasion abilities are banned
|rule|Sleep Moves Clause: Sleep-inducing moves are banned
|clearpoke
|poke|p1|Stantler, M|
|poke|p1|Wigglytuff, M|
|poke|p1|Braviary, M|
|poke|p1|Cinccino, F|
|poke|p1|Greedent, M|
|poke|p1|Komala, M|
|poke|p2|Cinderace, M|
|poke|p2|Slowking-Galar, F|
|poke|p2|Ursaluna, F|
|poke|p2|Conkeldurr, F|
|poke|p2|Heracross, F|
|poke|p2|Kingambit, M|
|teampreview
|inactive|Battle timer is ON: inactive players will automatically lose when time's up. (requested by caudillocarnico)
|
|t:|1779634051
|teamsize|p1|6
|teamsize|p2|6
|start
|switch|p1a: Wigglytuff|Wigglytuff, M|100/100
|switch|p2a: Slowking|Slowking-Galar, F|100/100
|turn|1
|
|t:|1779634057
|move|p1a: Wigglytuff|Stealth Rock|p2a: Slowking
|-sidestart|p2: ReyLly|move: Stealth Rock
|move|p2a: Slowking|Toxic Spikes|p1a: Wigglytuff
|-sidestart|p1: caudillocarnico|move: Toxic Spikes
|
|upkeep
|turn|2
|
|t:|1779634064
|switch|p1a: Komala|Komala, M|100/100
|-ability|p1a: Komala|Comatose
|move|p2a: Slowking|Toxic Spikes|p1a: Komala
|-sidestart|p1: caudillocarnico|move: Toxic Spikes
|
|upkeep
|turn|3
|
|t:|1779634068
|move|p1a: Komala|Rapid Spin|p2a: Slowking
|-damage|p2a: Slowking|83/100
|-boost|p1a: Komala|spe|1
|-sideend|p1: caudillocarnico|Toxic Spikes|[from] move: Rapid Spin|[of] p1a: Komala
|move|p2a: Slowking|Future Sight|p1a: Komala
|-start|p2a: Slowking|move: Future Sight
|
|upkeep
|turn|4
|
|t:|1779634073
|move|p1a: Komala|Knock Off|p2a: Slowking
|-supereffective|p2a: Slowking
|-damage|p2a: Slowking|35/100
|-enditem|p2a: Slowking|Shuca Berry|[from] move: Knock Off|[of] p1a: Komala
|move|p2a: Slowking|Toxic Spikes|p1a: Komala
|-sidestart|p1: caudillocarnico|move: Toxic Spikes
|
|upkeep
|turn|5
|
|t:|1779634080
|move|p1a: Komala|Earthquake|p2a: Slowking
|-supereffective|p2a: Slowking
|-damage|p2a: Slowking|0 fnt
|faint|p2a: Slowking
|
|-end|p1a: Komala|move: Future Sight
|-damage|p1a: Komala|69/100
|upkeep
|
|t:|1779634083
|switch|p2a: Cinderace|Cinderace, M|100/100
|turn|6
|
|t:|1779634091
|move|p2a: Cinderace|Court Change|p2a: Cinderace
|-swapsideconditions
|-activate|p2a: Cinderace|move: Court Change
|move|p1a: Komala|Rapid Spin|p2a: Cinderace
|-damage|p2a: Cinderace|62/100
|-boost|p1a: Komala|spe|1
|-sideend|p1: caudillocarnico|Stealth Rock|[from] move: Rapid Spin|[of] p1a: Komala
|
|upkeep
|turn|7
|
|t:|1779634099
|-terastallize|p2a: Cinderace|Ghost
|move|p2a: Cinderace|Pyro Ball|p1a: Komala|[miss]
|-miss|p2a: Cinderace|p1a: Komala
|move|p1a: Komala|Earthquake|p2a: Cinderace
|-damage|p2a: Cinderace|15/100
|
|upkeep
|turn|8
|
|t:|1779634104
|move|p2a: Cinderace|Pyro Ball|p1a: Komala
|-damage|p1a: Komala|0 fnt
|faint|p1a: Komala
|
|upkeep
|
|t:|1779634111
|switch|p1a: Wigglytuff|Wigglytuff, M|100/100
|turn|9
|
|t:|1779634113
|move|p2a: Cinderace|Pyro Ball|p1a: Wigglytuff
|-damage|p1a: Wigglytuff|5/100
|-enditem|p1a: Wigglytuff|Sitrus Berry|[eat]
|-heal|p1a: Wigglytuff|30/100|[from] item: Sitrus Berry
|move|p1a: Wigglytuff|Knock Off|p2a: Cinderace
|-supereffective|p2a: Cinderace
|-damage|p2a: Cinderace|0 fnt
|-enditem|p2a: Cinderace|Heavy-Duty Boots|[from] move: Knock Off|[of] p1a: Wigglytuff
|faint|p2a: Cinderace
|
|upkeep
|
|t:|1779634132
|switch|p2a: Heracross|Heracross, F|100/100
|-status|p2a: Heracross|psn
|turn|10
|
|t:|1779634138
|move|p2a: Heracross|Facade|p1a: Wigglytuff
|-damage|p1a: Wigglytuff|0 fnt
|faint|p1a: Wigglytuff
|
|-damage|p2a: Heracross|88/100 psn|[from] psn
|upkeep
|
|t:|1779634141
|switch|p1a: Stantler|Stantler, M|100/100
|-ability|p1a: Stantler|Intimidate|boost
|-unboost|p2a: Heracross|atk|1
|turn|11
|
|t:|1779634148
|switch|p2a: Ursaluna|Ursaluna, F|100/100
|-status|p2a: Ursaluna|psn
|move|p1a: Stantler|Calm Mind|p1a: Stantler
|-boost|p1a: Stantler|spa|1
|-boost|p1a: Stantler|spd|1
|
|-damage|p2a: Ursaluna|88/100 psn|[from] psn
|upkeep
|turn|12
|
|t:|1779634153
|move|p2a: Ursaluna|Facade|p1a: Stantler
|-damage|p1a: Stantler|0 fnt
|faint|p1a: Stantler
|
|-damage|p2a: Ursaluna|76/100 psn|[from] psn
|upkeep
|
|t:|1779634160
|switch|p1a: Cinccino|Cinccino, F|100/100
|turn|13
|
|t:|1779634163
|move|p1a: Cinccino|Bullet Seed|p2a: Ursaluna
|-supereffective|p2a: Ursaluna
|-damage|p2a: Ursaluna|59/100 psn
|-supereffective|p2a: Ursaluna
|-damage|p2a: Ursaluna|41/100 psn
|-supereffective|p2a: Ursaluna
|-damage|p2a: Ursaluna|25/100 psn
|-supereffective|p2a: Ursaluna
|-damage|p2a: Ursaluna|7/100 psn
|-supereffective|p2a: Ursaluna
|-damage|p2a: Ursaluna|0 fnt
|faint|p2a: Ursaluna
|-hitcount|p2: Ursaluna|5
|
|upkeep
|
|t:|1779634166
|switch|p2a: Heracross|Heracross, F|88/100 psn
|turn|14
|
|t:|1779634171
|switch|p1a: Braviary|Braviary, M|100/100
|move|p2a: Heracross|Close Combat|p1a: Braviary
|-damage|p1a: Braviary|0 fnt
|-unboost|p2a: Heracross|def|1
|-unboost|p2a: Heracross|spd|1
|faint|p1a: Braviary
|
|-damage|p2a: Heracross|76/100 psn|[from] psn
|upkeep
|
|t:|1779634175
|switch|p1a: Cinccino|Cinccino, F|100/100
|turn|15
|
|t:|1779634178
|-terastallize|p1a: Cinccino|Normal
|move|p2a: Heracross|Close Combat|p1a: Cinccino
|-supereffective|p1a: Cinccino
|-damage|p1a: Cinccino|0 fnt
|-unboost|p2a: Heracross|def|1
|-unboost|p2a: Heracross|spd|1
|faint|p1a: Cinccino
|
|-damage|p2a: Heracross|64/100 psn|[from] psn
|upkeep
|
|t:|1779634181
|switch|p1a: Greedent|Greedent, M|100/100
|turn|16
|
|t:|1779634186
|move|p2a: Heracross|Close Combat|p1a: Greedent
|-supereffective|p1a: Greedent
|-damage|p1a: Greedent|0 fnt
|-unboost|p2a: Heracross|def|1
|-unboost|p2a: Heracross|spd|1
|faint|p1a: Greedent
|
|win|ReyLly
|raw|caudillocarnico's rating: 1135 &rarr; <strong>1106</strong><br />(-29 for losing)
|raw|ReyLly's rating: 1086 &rarr; <strong>1117</strong><br />(+31 for winning)
|l|☆caudillocarnico
|player|p1|
|l|☆ReyLly
|player|p2|
