|j|☆diegoparra27
|j|☆Lryuzaki13
|t:|1779602332
|gametype|singles
|player|p1|diegoparra27|2|1365
|player|p2|Lryuzaki13|101|1370
|gen|9
|tier|[Gen 9] OU
|rated|
|rule|HP Percentage Mod: HP is shown in percentages
|rule|Endless Battle Clause: Forcing endless battles is banned
|rule|Species Clause: Limit one of each Pokémon
|rule|OHKO Clause: OHKO moves are banned
|rule|Evasion Items Clause: Evasion items are banned
|rule|Evasion Moves Clause: Evasion moves are banned
|rule|Evasion Abilities Clause: Evasion abilities are banned
|rule|Sleep Moves Clause: Sleep-inducing moves are banned
|clearpoke
|poke|p1|Weezing-Galar, M|
|poke|p1|Gliscor, M|
|poke|p1|Blissey, F|
|poke|p1|Corviknight, M|
|poke|p1|Dondozo, F|
|poke|p1|Toxapex, M|
|poke|p2|Samurott-Hisui, M|
|poke|p2|Gholdengo|
|poke|p2|Great Tusk|
|poke|p2|Kingambit, M|
|poke|p2|Corviknight, F|
|poke|p2|Iron Valiant|
|teampreview
|inactive|Battle timer is ON: inactive players will automatically lose when time's up. (requested by diegoparra27)
|
|t:|1779602350
|teamsize|p1|6
|teamsize|p2|6
|start
|switch|p1a: Gliscor|Gliscor, M|100/100
|switch|p2a: Rook|Samurott-Hisui, M|100/100
|turn|1
|inactive|diegoparra27 has 120 seconds left.
|
|t:|1779602384
|move|p1a: Gliscor|Protect|p1a: Gliscor
|-singleturn|p1a: Gliscor|Protect
|move|p2a: Rook|Razor Shell|p1a: Gliscor
|-activate|p1a: Gliscor|move: Protect
|
|-status|p1a: Gliscor|tox|[from] item: Toxic Orb
|upkeep
|turn|2
|inactive|diegoparra27 has 120 seconds left.
|
|t:|1779602396
|move|p2a: Rook|Ceaseless Edge|p1a: Gliscor
|-damage|p1a: Gliscor|66/100 tox
|-sidestart|p1: diegoparra27|Spikes
|move|p1a: Gliscor|Knock Off|p2a: Rook
|-resisted|p2a: Rook
|-damage|p2a: Rook|87/100
|-enditem|p2a: Rook|Assault Vest|[from] move: Knock Off|[of] p1a: Gliscor
|
|-heal|p1a: Gliscor|78/100 tox|[from] ability: Poison Heal
|upkeep
|turn|3
|
|t:|1779602405
|switch|p1a: Corviknight|Corviknight, M|100/100
|-ability|p1a: Corviknight|Pressure
|move|p2a: Rook|Razor Shell|p1a: Corviknight
|-damage|p1a: Corviknight|68/100
|-unboost|p1a: Corviknight|def|1
|
|-heal|p1a: Corviknight|74/100|[from] item: Leftovers
|upkeep
|turn|4
|
|t:|1779602418
|move|p2a: Rook|Knock Off|p1a: Corviknight
|-damage|p1a: Corviknight|28/100
|-enditem|p1a: Corviknight|Leftovers|[from] move: Knock Off|[of] p2a: Rook
|move|p1a: Corviknight|Roost|p1a: Corviknight
|-heal|p1a: Corviknight|78/100
|-singleturn|p1a: Corviknight|move: Roost
|
|upkeep
|turn|5
|
|t:|1779602431
|switch|p1a: Weezing|Weezing-Galar, M|100/100
|-ability|p1a: Weezing|Neutralizing Gas
|move|p2a: Rook|Razor Shell|p1a: Weezing
|-damage|p1a: Weezing|80/100
|-unboost|p1a: Weezing|def|1
|
|upkeep
|turn|6
|
|t:|1779602442
|move|p2a: Rook|Knock Off|p1a: Weezing
|-resisted|p1a: Weezing
|-damage|p1a: Weezing|59/100
|-enditem|p1a: Weezing|Heavy-Duty Boots|[from] move: Knock Off|[of] p2a: Rook
|move|p1a: Weezing|Will-O-Wisp|p2a: Rook|[miss]
|-miss|p1a: Weezing|p2a: Rook
|
|upkeep
|turn|7
|
|t:|1779602449
|move|p2a: Rook|Ceaseless Edge|p1a: Weezing
|-resisted|p1a: Weezing
|-damage|p1a: Weezing|45/100
|-sidestart|p1: diegoparra27|Spikes
|move|p1a: Weezing|Will-O-Wisp|p2a: Rook
|-status|p2a: Rook|brn
|
|-damage|p2a: Rook|81/100 brn|[from] brn
|upkeep
|turn|8
|
|t:|1779602457
|move|p2a: Rook|Ceaseless Edge|p1a: Weezing
|-resisted|p1a: Weezing
|-damage|p1a: Weezing|39/100
|-sidestart|p1: diegoparra27|Spikes
|move|p1a: Weezing|Defog|p2a: Rook
|-unboost|p2a: Rook|evasion|1
|-sideend|p1: diegoparra27|Spikes|[from] move: Defog|[of] p1a: Weezing
|
|-damage|p2a: Rook|74/100 brn|[from] brn
|upkeep
|turn|9
|
|t:|1779602464
|move|p2a: Rook|Ceaseless Edge|p1a: Weezing|[miss]
|-miss|p2a: Rook|p1a: Weezing
|move|p1a: Weezing|Pain Split|p2a: Rook
|-sethp|p2a: Rook|57/100 brn|[from] move: Pain Split|[silent]
|-sethp|p1a: Weezing|55/100|[from] move: Pain Split
|
|-damage|p2a: Rook|51/100 brn|[from] brn
|upkeep
|turn|10
|
|t:|1779602472
|-end|p1a: Weezing|ability: Neutralizing Gas
|switch|p1a: Corviknight|Corviknight, M|78/100
|-ability|p1a: Corviknight|Pressure
|move|p2a: Rook|Ceaseless Edge|p1a: Corviknight
|-damage|p1a: Corviknight|65/100
|-sidestart|p1: diegoparra27|Spikes
|
|-damage|p2a: Rook|45/100 brn|[from] brn
|upkeep
|turn|11
|
|t:|1779602484
|switch|p2a: Gholdengo|Gholdengo|100/100
|-item|p2a: Gholdengo|Air Balloon
|move|p1a: Corviknight|Defog|p2a: Gholdengo
|-immune|p2a: Gholdengo|[from] ability: Good as Gold
|
|upkeep
|turn|12
|
|t:|1779602494
|switch|p1a: Blissey|Blissey, F|100/100
|-damage|p1a: Blissey|88/100|[from] Spikes
|move|p2a: Gholdengo|Nasty Plot|p2a: Gholdengo
|-boost|p2a: Gholdengo|spa|2
|
|-heal|p1a: Blissey|94/100|[from] item: Leftovers
|upkeep
|turn|13
|
|t:|1779602501
|move|p2a: Gholdengo|Make It Rain|p1a: Blissey
|-damage|p1a: Blissey|55/100
|-unboost|p2a: Gholdengo|spa|1
|move|p1a: Blissey|Calm Mind|p1a: Blissey
|-boost|p1a: Blissey|spa|1
|-boost|p1a: Blissey|spd|1
|
|-heal|p1a: Blissey|62/100|[from] item: Leftovers
|upkeep
|turn|14
|
|t:|1779602507
|move|p2a: Gholdengo|Nasty Plot|p2a: Gholdengo
|-boost|p2a: Gholdengo|spa|2
|move|p1a: Blissey|Calm Mind|p1a: Blissey
|-boost|p1a: Blissey|spa|1
|-boost|p1a: Blissey|spd|1
|
|-heal|p1a: Blissey|68/100|[from] item: Leftovers
|upkeep
|turn|15
|
|t:|1779602511
|move|p2a: Gholdengo|Nasty Plot|p2a: Gholdengo
|-boost|p2a: Gholdengo|spa|2
|move|p1a: Blissey|Calm Mind|p1a: Blissey
|-boost|p1a: Blissey|spa|1
|-boost|p1a: Blissey|spd|1
|
|-heal|p1a: Blissey|74/100|[from] item: Leftovers
|upkeep
|turn|16
|
|t:|1779602514
|-terastallize|p2a: Gholdengo|Steel
|move|p2a: Gholdengo|Make It Rain|p1a: Blissey
|-damage|p1a: Blissey|39/100
|-unboost|p2a: Gholdengo|spa|1
|move|p1a: Blissey|Calm Mind|p1a: Blissey
|-boost|p1a: Blissey|spa|1
|-boost|p1a: Blissey|spd|1
|
|-heal|p1a: Blissey|46/100|[from] item: Leftovers
|upkeep
|turn|17
|
|t:|1779602528
|switch|p2a: Rook|Samurott-Hisui, M|45/100 brn
|move|p1a: Blissey|Soft-Boiled|p1a: Blissey
|-heal|p1a: Blissey|96/100
|
|-heal|p1a: Blissey|100/100|[from] item: Leftovers
|-damage|p2a: Rook|39/100 brn|[from] brn
|upkeep
|turn|18
|
|t:|1779602533
|move|p2a: Rook|Knock Off|p1a: Blissey
|-damage|p1a: Blissey|78/100
|-enditem|p1a: Blissey|Leftovers|[from] move: Knock Off|[of] p2a: Rook
|move|p1a: Blissey|Seismic Toss|p2a: Rook
|-damage|p2a: Rook|7/100 brn
|
|-damage|p2a: Rook|1/100 brn|[from] brn
|upkeep
|turn|19
|
|t:|1779602542
|move|p2a: Rook|Ceaseless Edge|p1a: Blissey
|-crit|p1a: Blissey
|-damage|p1a: Blissey|44/100
|-sidestart|p1: diegoparra27|Spikes
|move|p1a: Blissey|Stealth Rock|p2a: Rook
|-sidestart|p2: Lryuzaki13|move: Stealth Rock
|
|-damage|p2a: Rook|0 fnt|[from] brn
|faint|p2a: Rook
|upkeep
|
|t:|1779602550
|switch|p2a: Corviknight|Corviknight, F|100/100
|-damage|p2a: Corviknight|88/100|[from] Stealth Rock
|-ability|p2a: Corviknight|Pressure
|turn|20
|
|t:|1779602561
|switch|p1a: Corviknight|Corviknight, M|65/100
|-ability|p1a: Corviknight|Pressure
|move|p2a: Corviknight|Iron Defense|p2a: Corviknight
|-boost|p2a: Corviknight|def|2
|
|-heal|p2a: Corviknight|94/100|[from] item: Leftovers
|upkeep
|turn|21
|
|t:|1779602567
|switch|p2a: Gholdengo|Gholdengo, tera:Steel|100/100
|-damage|p2a: Gholdengo|94/100|[from] Stealth Rock
|-item|p2a: Gholdengo|Air Balloon
|move|p1a: Corviknight|Iron Defense|p1a: Corviknight
|-boost|p1a: Corviknight|def|2
|
|upkeep
|turn|22
|
|t:|1779602575
|move|p2a: Gholdengo|Nasty Plot|p2a: Gholdengo
|-boost|p2a: Gholdengo|spa|2
|move|p1a: Corviknight|Body Press|p2a: Gholdengo
|-supereffective|p2a: Gholdengo
|-damage|p2a: Gholdengo|0 fnt
|-enditem|p2a: Gholdengo|Air Balloon
|faint|p2a: Gholdengo
|
|upkeep
|
|t:|1779602589
|switch|p2a: Corviknight|Corviknight, F|94/100
|-damage|p2a: Corviknight|82/100|[from] Stealth Rock
|-ability|p2a: Corviknight|Pressure
|turn|23
|
|t:|1779602593
|move|p1a: Corviknight|Iron Defense|p1a: Corviknight
|-boost|p1a: Corviknight|def|2
|move|p2a: Corviknight|Iron Defense|p2a: Corviknight
|-boost|p2a: Corviknight|def|2
|
|-heal|p2a: Corviknight|88/100|[from] item: Leftovers
|upkeep
|turn|24
|
|t:|1779602598
|move|p1a: Corviknight|Body Press|p2a: Corviknight
|-damage|p2a: Corviknight|65/100
|move|p2a: Corviknight|Iron Defense|p2a: Corviknight
|-boost|p2a: Corviknight|def|2
|
|-heal|p2a: Corviknight|71/100|[from] item: Leftovers
|upkeep
|turn|25
|
|t:|1779602604
|move|p1a: Corviknight|Body Press|p2a: Corviknight
|-damage|p2a: Corviknight|54/100
|move|p2a: Corviknight|Iron Defense|p2a: Corviknight
|-boost|p2a: Corviknight|def|2
|
|-heal|p2a: Corviknight|60/100|[from] item: Leftovers
|upkeep
|turn|26
|
|t:|1779602609
|move|p1a: Corviknight|Iron Defense|p1a: Corviknight
|-boost|p1a: Corviknight|def|2
|move|p2a: Corviknight|Iron Defense|p2a: Corviknight
|-boost|p2a: Corviknight|def|0
|
|-heal|p2a: Corviknight|66/100|[from] item: Leftovers
|upkeep
|turn|27
|
|t:|1779602615
|move|p1a: Corviknight|Body Press|p2a: Corviknight
|-damage|p2a: Corviknight|51/100
|move|p2a: Corviknight|Body Press|p1a: Corviknight
|-crit|p1a: Corviknight
|-damage|p1a: Corviknight|0 fnt
|faint|p1a: Corviknight
|
|-heal|p2a: Corviknight|57/100|[from] item: Leftovers
|upkeep
|c|☆diegoparra27|Bruh
|c|☆Lryuzaki13|calculated
|
|t:|1779602629
|switch|p1a: Dondozo|Dondozo, F|100/100
|-damage|p1a: Dondozo|84/100|[from] Spikes
|turn|28
|
|t:|1779602636
|move|p2a: Corviknight|Roost|p2a: Corviknight
|-heal|p2a: Corviknight|100/100
|-singleturn|p2a: Corviknight|move: Roost
|move|p1a: Dondozo|Curse|p1a: Dondozo
|-unboost|p1a: Dondozo|spe|1
|-boost|p1a: Dondozo|atk|1
|-boost|p1a: Dondozo|def|1
|
|-heal|p1a: Dondozo|90/100|[from] item: Leftovers
|upkeep
|turn|29
|c|☆diegoparra27|Hahahah
|
|t:|1779602647
|move|p2a: Corviknight|Body Press|p1a: Dondozo
|-damage|p1a: Dondozo|82/100
|move|p1a: Dondozo|Curse|p1a: Dondozo
|-unboost|p1a: Dondozo|spe|1
|-boost|p1a: Dondozo|atk|1
|-boost|p1a: Dondozo|def|1
|
|-heal|p1a: Dondozo|88/100|[from] item: Leftovers
|upkeep
|turn|30
|
|t:|1779602651
|move|p2a: Corviknight|Brave Bird|p1a: Dondozo
|-damage|p1a: Dondozo|79/100
|-damage|p2a: Corviknight|97/100|[from] Recoil
|move|p1a: Dondozo|Curse|p1a: Dondozo
|-unboost|p1a: Dondozo|spe|1
|-boost|p1a: Dondozo|atk|1
|-boost|p1a: Dondozo|def|1
|
|-heal|p2a: Corviknight|100/100|[from] item: Leftovers
|-heal|p1a: Dondozo|85/100|[from] item: Leftovers
|upkeep
|turn|31
|
|t:|1779602657
|move|p2a: Corviknight|Brave Bird|p1a: Dondozo
|-damage|p1a: Dondozo|78/100
|-damage|p2a: Corviknight|97/100|[from] Recoil
|move|p1a: Dondozo|Curse|p1a: Dondozo
|-unboost|p1a: Dondozo|spe|1
|-boost|p1a: Dondozo|atk|1
|-boost|p1a: Dondozo|def|1
|
|-heal|p2a: Corviknight|100/100|[from] item: Leftovers
|-heal|p1a: Dondozo|84/100|[from] item: Leftovers
|upkeep
|turn|32
|
|t:|1779602660
|move|p2a: Corviknight|Brave Bird|p1a: Dondozo
|-damage|p1a: Dondozo|79/100
|-damage|p2a: Corviknight|98/100|[from] Recoil
|move|p1a: Dondozo|Waterfall|p2a: Corviknight
|-damage|p2a: Corviknight|47/100
|
|-heal|p2a: Corviknight|53/100|[from] item: Leftovers
|-heal|p1a: Dondozo|85/100|[from] item: Leftovers
|upkeep
|turn|33
|
|t:|1779602667
|move|p2a: Corviknight|Roost|p2a: Corviknight
|-heal|p2a: Corviknight|100/100
|-singleturn|p2a: Corviknight|move: Roost
|move|p1a: Dondozo|Waterfall|p2a: Corviknight
|-damage|p2a: Corviknight|55/100
|
|-heal|p2a: Corviknight|61/100|[from] item: Leftovers
|-heal|p1a: Dondozo|91/100|[from] item: Leftovers
|upkeep
|turn|34
|
|t:|1779602674
|move|p2a: Corviknight|Body Press|p1a: Dondozo
|-damage|p1a: Dondozo|87/100
|move|p1a: Dondozo|Curse|p1a: Dondozo
|-unboost|p1a: Dondozo|spe|1
|-boost|p1a: Dondozo|atk|1
|-boost|p1a: Dondozo|def|1
|
|-heal|p2a: Corviknight|67/100|[from] item: Leftovers
|-heal|p1a: Dondozo|93/100|[from] item: Leftovers
|upkeep
|turn|35
|
|t:|1779602679
|move|p2a: Corviknight|Body Press|p1a: Dondozo
|-damage|p1a: Dondozo|90/100
|move|p1a: Dondozo|Curse|p1a: Dondozo
|-unboost|p1a: Dondozo|spe|1
|-boost|p1a: Dondozo|atk|1
|-boost|p1a: Dondozo|def|1
|
|-heal|p2a: Corviknight|73/100|[from] item: Leftovers
|-heal|p1a: Dondozo|96/100|[from] item: Leftovers
|upkeep
|turn|36
|
|t:|1779602684
|move|p2a: Corviknight|Iron Defense|p2a: Corviknight
|-boost|p2a: Corviknight|def|0
|move|p1a: Dondozo|Waterfall|p2a: Corviknight
|-damage|p2a: Corviknight|10/100
|
|-heal|p2a: Corviknight|16/100|[from] item: Leftovers
|-heal|p1a: Dondozo|100/100|[from] item: Leftovers
|upkeep
|turn|37
|j| gimmicks strategy
|
|t:|1779602691
|move|p2a: Corviknight|Roost|p2a: Corviknight
|-heal|p2a: Corviknight|66/100
|-singleturn|p2a: Corviknight|move: Roost
|move|p1a: Dondozo|Waterfall|p2a: Corviknight
|-damage|p2a: Corviknight|2/100
|
|-heal|p2a: Corviknight|8/100|[from] item: Leftovers
|upkeep
|turn|38
|
|t:|1779602698
|move|p2a: Corviknight|Roost|p2a: Corviknight
|-heal|p2a: Corviknight|58/100
|-singleturn|p2a: Corviknight|move: Roost
|move|p1a: Dondozo|Waterfall|p2a: Corviknight
|-damage|p2a: Corviknight|0 fnt
|faint|p2a: Corviknight
|
|upkeep
|
|t:|1779602706
|switch|p2a: Iron Valiant|Iron Valiant|100/100
|-damage|p2a: Iron Valiant|94/100|[from] Stealth Rock
|-enditem|p2a: Iron Valiant|Booster Energy
|-activate|p2a: Iron Valiant|ability: Quark Drive|[fromitem]
|-start|p2a: Iron Valiant|quarkdrivespe
|turn|39
|
|t:|1779602710
|move|p2a: Iron Valiant|Moonblast|p1a: Dondozo
|-damage|p1a: Dondozo|54/100
|move|p1a: Dondozo|Waterfall|p2a: Iron Valiant
|-damage|p2a: Iron Valiant|0 fnt
|faint|p2a: Iron Valiant
|-end|p2a: Iron Valiant|Quark Drive|[silent]
|
|-heal|p1a: Dondozo|61/100|[from] item: Leftovers
|upkeep
|
|t:|1779602713
|switch|p2a: Kingambit|Kingambit, M|100/100
|-damage|p2a: Kingambit|94/100|[from] Stealth Rock
|-activate|p2a: Kingambit|ability: Supreme Overlord
|-start|p2a: Kingambit|fallen4|[silent]
|turn|40
|
|t:|1779602720
|move|p2a: Kingambit|Iron Head|p1a: Dondozo
|-resisted|p1a: Dondozo
|-damage|p1a: Dondozo|57/100
|move|p1a: Dondozo|Waterfall|p2a: Kingambit
|-damage|p2a: Kingambit|0 fnt
|faint|p2a: Kingambit
|-end|p2a: Kingambit|fallen4|[silent]
|
|-heal|p1a: Dondozo|63/100|[from] item: Leftovers
|upkeep
|
|t:|1779602722
|switch|p2a: Great Tusk|Great Tusk|100/100
|-damage|p2a: Great Tusk|98/100|[from] Stealth Rock
|-enditem|p2a: Great Tusk|Booster Energy
|-activate|p2a: Great Tusk|ability: Protosynthesis|[fromitem]
|-start|p2a: Great Tusk|protosynthesisatk
|turn|41
|
|t:|1779602727
|move|p2a: Great Tusk|Headlong Rush|p1a: Dondozo
|-damage|p1a: Dondozo|54/100
|-unboost|p2a: Great Tusk|def|1
|-unboost|p2a: Great Tusk|spd|1
|move|p1a: Dondozo|Waterfall|p2a: Great Tusk
|-supereffective|p2a: Great Tusk
|-damage|p2a: Great Tusk|0 fnt
|faint|p2a: Great Tusk
|-end|p2a: Great Tusk|Protosynthesis|[silent]
|
|win|diegoparra27
|raw|diegoparra27's rating: 1365 &rarr; <strong>1385</strong><br />(+20 for winning)
|raw|Lryuzaki13's rating: 1370 &rarr; <strong>1350</strong><br />(-20 for losing)
|c|☆diegoparra27|Gg
|l|☆Lryuzaki13
|player|p2|
|l|☆diegoparra27
|player|p1|
