|j|☆my shitters
|j|☆Brailleleld
|t:|1779635113
|gametype|singles
|player|p1|my shitters|preschooler|1466
|player|p2|Brailleleld|fairytalegirl|1478
|gen|9
|tier|[Gen 9] OU
|rated|
|rule|HP Percentage Mod: HP is shown in percentages
|rule|Endless Battle Clause: Forcing endless battles is banned
|rule|Species Clause: Limit one of each Pokémon
|rule|OHKO Clause: OHKO moves are banned
|rule|Evasion Items Clause: Evasion items are banned
|rule|Evasion Moves Clause: Evasion moves are banned
|rule|Evasion Abilities Clause: Evasion abilities are banned
|rule|Sleep Moves Clause: Sleep-inducing moves are banned
|clearpoke
|poke|p1|Alcremie-Ruby-Swirl, F|
|poke|p1|Sableye, M|
|poke|p1|Primeape, F|
|poke|p1|Ursaring, F|
|poke|p1|Brute Bonnet|
|poke|p1|Squawkabilly-Blue, M|
|poke|p2|Sableye, M|
|poke|p2|Empoleon, M|
|poke|p2|Dragonite, M|
|poke|p2|Gliscor, M|
|poke|p2|Serperior, M|
|poke|p2|Kingambit, M|
|teampreview
|inactive|Battle timer is ON: inactive players will automatically lose when time's up. (requested by my shitters)
|
|t:|1779635136
|teamsize|p1|6
|teamsize|p2|6
|start
|switch|p1a: GemPostin|Sableye, M|100/100
|switch|p2a: Pied Piper|Sableye, M, shiny|100/100
|turn|1
|
|t:|1779635144
|move|p2a: Pied Piper|Light Screen|p2a: Pied Piper
|-sidestart|p2: Brailleleld|move: Light Screen
|move|p1a: GemPostin|Taunt|p2a: Pied Piper
|-hint|Since gen 7, Dark is immune to Prankster moves.
|-immune|p2a: Pied Piper
|
|upkeep
|turn|2
|
|t:|1779635162
|move|p1a: GemPostin|Light Screen|p1a: GemPostin
|-sidestart|p1: my shitters|move: Light Screen
|move|p2a: Pied Piper|Reflect|p2a: Pied Piper
|-sidestart|p2: Brailleleld|Reflect
|
|upkeep
|turn|3
|inactive|Brailleleld has 120 seconds left.
|inactive|my shitters has 120 seconds left.
|inactive|Brailleleld has 90 seconds left.
|inactive|Brailleleld has 60 seconds left.
|
|t:|1779635260
|switch|p2a: Aptenodytes|Empoleon, M, shiny|100/100
|move|p1a: GemPostin|Reflect|p1a: GemPostin
|-sidestart|p1: my shitters|Reflect
|
|upkeep
|turn|4
|
|t:|1779635279
|switch|p1a: OnePunchBear|Ursaring, F|100/100
|move|p2a: Aptenodytes|Stealth Rock|p1a: OnePunchBear
|-sidestart|p1: my shitters|move: Stealth Rock
|
|-status|p1a: OnePunchBear|brn|[from] item: Flame Orb
|upkeep
|turn|5
|
|t:|1779635291
|move|p1a: OnePunchBear|Swords Dance|p1a: OnePunchBear
|-boost|p1a: OnePunchBear|atk|2
|move|p2a: Aptenodytes|Stealth Rock||[still]
|-fail|p2a: Aptenodytes
|
|-damage|p1a: OnePunchBear|94/100 brn|[from] brn
|upkeep
|turn|6
|
|t:|1779635300
|switch|p2a: Pied Piper|Sableye, M, shiny|100/100
|move|p1a: OnePunchBear|Earthquake|p2a: Pied Piper
|-damage|p2a: Pied Piper|46/100
|
|-damage|p1a: OnePunchBear|88/100 brn|[from] brn
|upkeep
|turn|7
|
|t:|1779635324
|move|p2a: Pied Piper|Recover|p2a: Pied Piper
|-heal|p2a: Pied Piper|96/100
|move|p1a: OnePunchBear|Earthquake|p2a: Pied Piper
|-damage|p2a: Pied Piper|43/100
|
|-damage|p1a: OnePunchBear|82/100 brn|[from] brn
|upkeep
|turn|8
|
|t:|1779635331
|move|p2a: Pied Piper|Recover|p2a: Pied Piper
|-heal|p2a: Pied Piper|93/100
|move|p1a: OnePunchBear|Swords Dance|p1a: OnePunchBear
|-boost|p1a: OnePunchBear|atk|2
|
|-damage|p1a: OnePunchBear|76/100 brn|[from] brn
|-sideend|p2: Brailleleld|move: Light Screen
|upkeep
|turn|9
|
|t:|1779635339
|move|p2a: Pied Piper|Encore|p1a: OnePunchBear
|-start|p1a: OnePunchBear|Encore
|move|p1a: OnePunchBear|Swords Dance|p1a: OnePunchBear
|-boost|p1a: OnePunchBear|atk|2
|
|-damage|p1a: OnePunchBear|70/100 brn|[from] brn
|-sideend|p2: Brailleleld|Reflect
|-sideend|p1: my shitters|move: Light Screen
|upkeep
|turn|10
|inactive|my shitters has 120 seconds left.
|
|t:|1779635365
|switch|p1a: GemPostin|Sableye, M|100/100
|-damage|p1a: GemPostin|88/100|[from] Stealth Rock
|move|p2a: Pied Piper|Light Screen|p2a: Pied Piper
|-sidestart|p2: Brailleleld|move: Light Screen
|
|-sideend|p1: my shitters|Reflect
|upkeep
|turn|11
|
|t:|1779635375
|move|p1a: GemPostin|Light Screen|p1a: GemPostin
|-sidestart|p1: my shitters|move: Light Screen
|move|p2a: Pied Piper|Reflect|p2a: Pied Piper
|-sidestart|p2: Brailleleld|Reflect
|
|upkeep
|turn|12
|
|t:|1779635384
|switch|p2a: Chiroptera|Gliscor, M, shiny|100/100
|move|p1a: GemPostin|Reflect|p1a: GemPostin
|-sidestart|p1: my shitters|Reflect
|
|-status|p2a: Chiroptera|tox|[from] item: Toxic Orb
|upkeep
|turn|13
|
|t:|1779635388
|move|p1a: GemPostin|Taunt|p2a: Chiroptera
|-start|p2a: Chiroptera|move: Taunt
|cant|p2a: Chiroptera|move: Taunt|Swords Dance
|
|upkeep
|turn|14
|inactive|Brailleleld has 120 seconds left.
|inactive|my shitters has 120 seconds left.
|
|t:|1779635413
|switch|p1a: RobotAlcremicDrive|Alcremie-Ruby-Swirl, F|100/100
|-damage|p1a: RobotAlcremicDrive|88/100|[from] Stealth Rock
|move|p2a: Chiroptera|Earthquake|p1a: RobotAlcremicDrive
|-damage|p1a: RobotAlcremicDrive|74/100
|
|-heal|p1a: RobotAlcremicDrive|80/100|[from] item: Leftovers
|upkeep
|turn|15
|inactive|Brailleleld has 90 seconds left.
|
|t:|1779635444
|move|p2a: Chiroptera|Earthquake|p1a: RobotAlcremicDrive
|-damage|p1a: RobotAlcremicDrive|65/100
|move|p1a: RobotAlcremicDrive|Acid Armor|p1a: RobotAlcremicDrive
|-boost|p1a: RobotAlcremicDrive|def|2
|
|-heal|p1a: RobotAlcremicDrive|71/100|[from] item: Leftovers
|-end|p2a: Chiroptera|move: Taunt
|upkeep
|turn|16
|inactive|Brailleleld has 90 seconds left.
|
|t:|1779635458
|move|p2a: Chiroptera|Swords Dance|p2a: Chiroptera
|-boost|p2a: Chiroptera|atk|2
|move|p1a: RobotAlcremicDrive|Calm Mind|p1a: RobotAlcremicDrive
|-boost|p1a: RobotAlcremicDrive|spa|1
|-boost|p1a: RobotAlcremicDrive|spd|1
|
|-heal|p1a: RobotAlcremicDrive|77/100|[from] item: Leftovers
|upkeep
|turn|17
|inactive|Brailleleld has 90 seconds left.
|inactive|my shitters has 120 seconds left.
|
|t:|1779635470
|move|p2a: Chiroptera|Swords Dance|p2a: Chiroptera
|-boost|p2a: Chiroptera|atk|2
|move|p1a: RobotAlcremicDrive|Acid Armor|p1a: RobotAlcremicDrive
|-boost|p1a: RobotAlcremicDrive|def|2
|
|-heal|p1a: RobotAlcremicDrive|83/100|[from] item: Leftovers
|-sideend|p2: Brailleleld|move: Light Screen
|upkeep
|turn|18
|
|t:|1779635476
|move|p2a: Chiroptera|Swords Dance|p2a: Chiroptera
|-boost|p2a: Chiroptera|atk|2
|move|p1a: RobotAlcremicDrive|Acid Armor|p1a: RobotAlcremicDrive
|-boost|p1a: RobotAlcremicDrive|def|2
|
|-heal|p1a: RobotAlcremicDrive|89/100|[from] item: Leftovers
|-sideend|p2: Brailleleld|Reflect
|-sideend|p1: my shitters|move: Light Screen
|upkeep
|turn|19
|
|t:|1779635481
|move|p2a: Chiroptera|Earthquake|p1a: RobotAlcremicDrive
|-damage|p1a: RobotAlcremicDrive|73/100
|move|p1a: RobotAlcremicDrive|Calm Mind|p1a: RobotAlcremicDrive
|-boost|p1a: RobotAlcremicDrive|spa|1
|-boost|p1a: RobotAlcremicDrive|spd|1
|
|-heal|p1a: RobotAlcremicDrive|79/100|[from] item: Leftovers
|-sideend|p1: my shitters|Reflect
|upkeep
|turn|20
|
|t:|1779635488
|move|p2a: Chiroptera|Earthquake|p1a: RobotAlcremicDrive
|-damage|p1a: RobotAlcremicDrive|50/100
|move|p1a: RobotAlcremicDrive|Draining Kiss|p2a: Chiroptera
|-damage|p2a: Chiroptera|52/100 tox
|-heal|p1a: RobotAlcremicDrive|89/100|[from] drain|[of] p2a: Chiroptera
|
|-heal|p1a: RobotAlcremicDrive|95/100|[from] item: Leftovers
|-heal|p2a: Chiroptera|64/100 tox|[from] ability: Poison Heal
|upkeep
|turn|21
|
|t:|1779635494
|move|p2a: Chiroptera|Protect|p2a: Chiroptera
|-singleturn|p2a: Chiroptera|Protect
|move|p1a: RobotAlcremicDrive|Stored Power|p2a: Chiroptera
|-activate|p2a: Chiroptera|move: Protect
|
|-heal|p1a: RobotAlcremicDrive|100/100|[from] item: Leftovers
|-heal|p2a: Chiroptera|77/100 tox|[from] ability: Poison Heal
|upkeep
|turn|22
|inactive|Brailleleld has 120 seconds left.
|
|t:|1779635502
|switch|p2a: Pied Piper|Sableye, M, shiny|93/100
|move|p1a: RobotAlcremicDrive|Draining Kiss|p2a: Pied Piper
|-supereffective|p2a: Pied Piper
|-damage|p2a: Pied Piper|0 fnt
|faint|p2a: Pied Piper
|
|upkeep
|inactive|Brailleleld has 120 seconds left.
|
|t:|1779635509
|switch|p2a: Aptenodytes|Empoleon, M, shiny|100/100
|turn|23
|
|t:|1779635524
|move|p1a: RobotAlcremicDrive|Calm Mind|p1a: RobotAlcremicDrive
|-boost|p1a: RobotAlcremicDrive|spa|1
|-boost|p1a: RobotAlcremicDrive|spd|1
|move|p2a: Aptenodytes|Surf|p1a: RobotAlcremicDrive
|-crit|p1a: RobotAlcremicDrive
|-damage|p1a: RobotAlcremicDrive|54/100
|
|-heal|p1a: RobotAlcremicDrive|60/100|[from] item: Leftovers
|upkeep
|turn|24
|
|t:|1779635534
|move|p1a: RobotAlcremicDrive|Calm Mind|p1a: RobotAlcremicDrive
|-boost|p1a: RobotAlcremicDrive|spa|1
|-boost|p1a: RobotAlcremicDrive|spd|1
|move|p2a: Aptenodytes|Surf|p1a: RobotAlcremicDrive
|-damage|p1a: RobotAlcremicDrive|50/100
|
|-heal|p1a: RobotAlcremicDrive|56/100|[from] item: Leftovers
|upkeep
|turn|25
|
|t:|1779635544
|move|p1a: RobotAlcremicDrive|Draining Kiss|p2a: Aptenodytes
|-resisted|p2a: Aptenodytes
|-damage|p2a: Aptenodytes|81/100
|-heal|p1a: RobotAlcremicDrive|71/100|[from] drain|[of] p2a: Aptenodytes
|move|p2a: Aptenodytes|Surf|p1a: RobotAlcremicDrive
|-crit|p1a: RobotAlcremicDrive
|-damage|p1a: RobotAlcremicDrive|27/100
|
|-heal|p1a: RobotAlcremicDrive|33/100|[from] item: Leftovers
|-heal|p2a: Aptenodytes|88/100|[from] item: Leftovers
|upkeep
|turn|26
|
|t:|1779635555
|move|p1a: RobotAlcremicDrive|Draining Kiss|p2a: Aptenodytes
|-resisted|p2a: Aptenodytes
|-damage|p2a: Aptenodytes|67/100
|-heal|p1a: RobotAlcremicDrive|51/100|[from] drain|[of] p2a: Aptenodytes
|move|p2a: Aptenodytes|Surf|p1a: RobotAlcremicDrive
|-damage|p1a: RobotAlcremicDrive|41/100
|
|-heal|p1a: RobotAlcremicDrive|47/100|[from] item: Leftovers
|-heal|p2a: Aptenodytes|73/100|[from] item: Leftovers
|upkeep
|turn|27
|
|t:|1779635563
|move|p1a: RobotAlcremicDrive|Stored Power|p2a: Aptenodytes
|-resisted|p2a: Aptenodytes
|-damage|p2a: Aptenodytes|1/100
|move|p2a: Aptenodytes|Surf|p1a: RobotAlcremicDrive
|-damage|p1a: RobotAlcremicDrive|36/100
|
|-heal|p1a: RobotAlcremicDrive|42/100|[from] item: Leftovers
|-heal|p2a: Aptenodytes|7/100|[from] item: Leftovers
|upkeep
|turn|28
|
|t:|1779635580
|switch|p2a: Kingambit|Kingambit, M, shiny|100/100
|-activate|p2a: Kingambit|ability: Supreme Overlord
|-start|p2a: Kingambit|fallen1|[silent]
|move|p1a: RobotAlcremicDrive|Draining Kiss|p2a: Kingambit
|-damage|p2a: Kingambit|36/100
|-heal|p1a: RobotAlcremicDrive|92/100|[from] drain|[of] p2a: Kingambit
|
|-heal|p1a: RobotAlcremicDrive|98/100|[from] item: Leftovers
|upkeep
|turn|29
|
|t:|1779635592
|move|p2a: Kingambit|Iron Head|p1a: RobotAlcremicDrive
|-supereffective|p1a: RobotAlcremicDrive
|-damage|p1a: RobotAlcremicDrive|71/100
|cant|p1a: RobotAlcremicDrive|flinch
|
|-heal|p1a: RobotAlcremicDrive|77/100|[from] item: Leftovers
|upkeep
|turn|30
|
|t:|1779635600
|move|p2a: Kingambit|Iron Head|p1a: RobotAlcremicDrive
|-supereffective|p1a: RobotAlcremicDrive
|-damage|p1a: RobotAlcremicDrive|51/100
|cant|p1a: RobotAlcremicDrive|flinch
|
|-heal|p1a: RobotAlcremicDrive|57/100|[from] item: Leftovers
|upkeep
|turn|31
|
|t:|1779635606
|move|p2a: Kingambit|Iron Head|p1a: RobotAlcremicDrive
|-supereffective|p1a: RobotAlcremicDrive
|-damage|p1a: RobotAlcremicDrive|31/100
|move|p1a: RobotAlcremicDrive|Draining Kiss|p2a: Kingambit
|-damage|p2a: Kingambit|0 fnt
|-heal|p1a: RobotAlcremicDrive|59/100|[from] drain|[of] p2a: Kingambit
|faint|p2a: Kingambit
|-end|p2a: Kingambit|fallen1|[silent]
|
|-heal|p1a: RobotAlcremicDrive|65/100|[from] item: Leftovers
|upkeep
|
|t:|1779635611
|switch|p2a: Aptenodytes|Empoleon, M, shiny|7/100
|turn|32
|
|t:|1779635614
|move|p1a: RobotAlcremicDrive|Draining Kiss|p2a: Aptenodytes
|-resisted|p2a: Aptenodytes
|-damage|p2a: Aptenodytes|0 fnt
|-heal|p1a: RobotAlcremicDrive|71/100|[from] drain|[of] p2a: Aptenodytes
|faint|p2a: Aptenodytes
|
|-heal|p1a: RobotAlcremicDrive|77/100|[from] item: Leftovers
|upkeep
|
|t:|1779635622
|switch|p2a: Natrix natrix|Serperior, M, shiny|100/100
|turn|33
|
|t:|1779635629
|move|p2a: Natrix natrix|Glare|p1a: RobotAlcremicDrive
|-status|p1a: RobotAlcremicDrive|par
|cant|p1a: RobotAlcremicDrive|par
|
|-heal|p1a: RobotAlcremicDrive|83/100 par|[from] item: Leftovers
|upkeep
|turn|34
|
|t:|1779635631
|move|p2a: Natrix natrix|Substitute|p2a: Natrix natrix
|-start|p2a: Natrix natrix|Substitute
|-damage|p2a: Natrix natrix|75/100
|move|p1a: RobotAlcremicDrive|Stored Power|p2a: Natrix natrix
|-end|p2a: Natrix natrix|Substitute
|
|-heal|p2a: Natrix natrix|82/100|[from] item: Leftovers
|-heal|p1a: RobotAlcremicDrive|89/100 par|[from] item: Leftovers
|upkeep
|turn|35
|
|t:|1779635634
|move|p2a: Natrix natrix|Substitute|p2a: Natrix natrix
|-start|p2a: Natrix natrix|Substitute
|-damage|p2a: Natrix natrix|57/100
|move|p1a: RobotAlcremicDrive|Stored Power|p2a: Natrix natrix
|-end|p2a: Natrix natrix|Substitute
|
|-heal|p2a: Natrix natrix|63/100|[from] item: Leftovers
|-heal|p1a: RobotAlcremicDrive|95/100 par|[from] item: Leftovers
|upkeep
|turn|36
|
|t:|1779635636
|move|p2a: Natrix natrix|Leaf Storm|p1a: RobotAlcremicDrive
|-damage|p1a: RobotAlcremicDrive|81/100 par
|-boost|p2a: Natrix natrix|spa|2
|move|p1a: RobotAlcremicDrive|Stored Power|p2a: Natrix natrix
|-damage|p2a: Natrix natrix|0 fnt
|faint|p2a: Natrix natrix
|
|-heal|p1a: RobotAlcremicDrive|87/100 par|[from] item: Leftovers
|upkeep
|
|t:|1779635640
|switch|p2a: Chiroptera|Gliscor, M, shiny|77/100 tox
|turn|37
|
|t:|1779635642
|move|p2a: Chiroptera|Protect|p2a: Chiroptera
|-singleturn|p2a: Chiroptera|Protect
|cant|p1a: RobotAlcremicDrive|par
|
|-heal|p1a: RobotAlcremicDrive|93/100 par|[from] item: Leftovers
|-heal|p2a: Chiroptera|89/100 tox|[from] ability: Poison Heal
|upkeep
|turn|38
|
|t:|1779635646
|move|p2a: Chiroptera|Swords Dance|p2a: Chiroptera
|-boost|p2a: Chiroptera|atk|2
|move|p1a: RobotAlcremicDrive|Stored Power|p2a: Chiroptera
|-damage|p2a: Chiroptera|0 fnt
|faint|p2a: Chiroptera
|
|-heal|p1a: RobotAlcremicDrive|99/100 par|[from] item: Leftovers
|upkeep
|
|t:|1779635648
|switch|p2a: Níðhöggr|Dragonite, M|100/100
|turn|39
|
|t:|1779635650
|move|p2a: Níðhöggr|Dragon Dance|p2a: Níðhöggr
|-boost|p2a: Níðhöggr|atk|1
|-boost|p2a: Níðhöggr|spe|1
|move|p1a: RobotAlcremicDrive|Stored Power|p2a: Níðhöggr
|-damage|p2a: Níðhöggr|0 fnt
|faint|p2a: Níðhöggr
|
|win|my shitters
|raw|my shitters's rating: 1466 &rarr; <strong>1487</strong><br />(+21 for winning)
|raw|Brailleleld's rating: 1478 &rarr; <strong>1457</strong><br />(-21 for losing)
|l|☆Brailleleld
|player|p2|
