|j|☆megh 2810
|j|☆hobamna
|t:|1779647315
|gametype|singles
|player|p1|megh 2810|hilbert|1493
|player|p2|hobamna|bugcatcher-gen4dp|1584
|gen|9
|tier|[Gen 9] OU
|rated|
|rule|HP Percentage Mod: HP is shown in percentages
|rule|Endless Battle Clause: Forcing endless battles is banned
|rule|Species Clause: Limit one of each Pokémon
|rule|OHKO Clause: OHKO moves are banned
|rule|Evasion Items Clause: Evasion items are banned
|rule|Evasion Moves Clause: Evasion moves are banned
|rule|Evasion Abilities Clause: Evasion abilities are banned
|rule|Sleep Moves Clause: Sleep-inducing moves are banned
|clearpoke
|poke|p1|Primarina, M|
|poke|p1|Iron Moth|
|poke|p1|Great Tusk|
|poke|p1|Dragonite, F|
|poke|p1|Kingambit, M|
|poke|p1|Rillaboom, F|
|poke|p2|Iron Boulder|
|poke|p2|Gengar, M|
|poke|p2|Samurott-Hisui, F|
|poke|p2|Ninetales-Alola, M|
|poke|p2|Rillaboom, M|
|poke|p2|Hatterene, F|
|teampreview
|inactive|Battle timer is ON: inactive players will automatically lose when time's up. (requested by megh 2810)
|
|t:|1779647330
|teamsize|p1|6
|teamsize|p2|6
|start
|switch|p1a: Kingambit|Kingambit, M|100/100
|switch|p2a: Dark Horse|Samurott-Hisui, F|100/100
|turn|1
|
|t:|1779647341
|-end|p1a: Kingambit|fallenundefined|[silent]
|switch|p1a: Rillaboom|Rillaboom, F|100/100
|-fieldstart|move: Grassy Terrain|[from] ability: Grassy Surge|[of] p1a: Rillaboom
|move|p2a: Dark Horse|Ceaseless Edge|p1a: Rillaboom
|-damage|p1a: Rillaboom|49/100
|-sidestart|p1: megh 2810|Spikes
|
|-heal|p1a: Rillaboom|55/100|[from] Grassy Terrain
|upkeep
|turn|2
|
|t:|1779647349
|move|p1a: Rillaboom|U-turn|p2a: Dark Horse
|-supereffective|p2a: Dark Horse
|-damage|p2a: Dark Horse|7/100
|
|t:|1779647352
|switch|p1a: Great Tusk|Great Tusk|100/100|[from] U-turn
|-damage|p1a: Great Tusk|88/100|[from] Spikes
|move|p2a: Dark Horse|Ceaseless Edge|p1a: Great Tusk|[miss]
|-miss|p2a: Dark Horse|p1a: Great Tusk
|
|-heal|p1a: Great Tusk|94/100|[from] Grassy Terrain
|-heal|p1a: Great Tusk|100/100|[from] item: Leftovers
|-heal|p2a: Dark Horse|13/100|[from] Grassy Terrain
|upkeep
|turn|3
|
|t:|1779647366
|switch|p2a: Poor Man's Ghold|Gengar, M|100/100
|move|p1a: Great Tusk|Headlong Rush|p2a: Poor Man's Ghold
|-supereffective|p2a: Poor Man's Ghold
|-damage|p2a: Poor Man's Ghold|0 fnt
|-unboost|p1a: Great Tusk|def|1
|-unboost|p1a: Great Tusk|spd|1
|faint|p2a: Poor Man's Ghold
|
|upkeep
|
|t:|1779647382
|switch|p2a: Ninetales|Ninetales-Alola, M|100/100
|-weather|Snowscape|[from] ability: Snow Warning|[of] p2a: Ninetales
|turn|4
|
|t:|1779647386
|move|p2a: Ninetales|Aurora Veil|p2a: Ninetales
|-sidestart|p2: hobamna|move: Aurora Veil
|move|p1a: Great Tusk|Close Combat|p2a: Ninetales
|-damage|p2a: Ninetales|73/100
|-unboost|p1a: Great Tusk|def|1
|-unboost|p1a: Great Tusk|spd|1
|
|-weather|Snowscape|[upkeep]
|-heal|p2a: Ninetales|79/100|[from] Grassy Terrain
|upkeep
|turn|5
|
|t:|1779647394
|switch|p2a: Hat trick|Hatterene, F, shiny|100/100
|-enditem|p2a: Hat trick|Grassy Seed
|-boost|p2a: Hat trick|def|1|[from] item: Grassy Seed
|-end|p1a: Great Tusk|Protosynthesis|[silent]
|switch|p1a: Kingambit|Kingambit, M|100/100
|-damage|p1a: Kingambit|88/100|[from] Spikes
|
|-weather|Snowscape|[upkeep]
|-heal|p1a: Kingambit|94/100|[from] Grassy Terrain
|-heal|p1a: Kingambit|100/100|[from] item: Leftovers
|-fieldend|move: Grassy Terrain
|upkeep
|turn|6
|
|t:|1779647408
|-terastallize|p2a: Hat trick|Steel
|move|p1a: Kingambit|Swords Dance|p1a: Kingambit
|-boost|p1a: Kingambit|atk|2
|move|p2a: Hat trick|Agility|p2a: Hat trick
|-boost|p2a: Hat trick|spe|2
|
|-weather|Snowscape|[upkeep]
|upkeep
|turn|7
|
|t:|1779647419
|move|p2a: Hat trick|Calm Mind|p2a: Hat trick
|-boost|p2a: Hat trick|spa|1
|-boost|p2a: Hat trick|spd|1
|move|p1a: Kingambit|Swords Dance|p1a: Kingambit
|-boost|p1a: Kingambit|atk|2
|
|-weather|Snowscape|[upkeep]
|upkeep
|turn|8
|
|t:|1779647425
|move|p2a: Hat trick|Calm Mind|p2a: Hat trick
|-boost|p2a: Hat trick|spa|1
|-boost|p2a: Hat trick|spd|1
|move|p1a: Kingambit|Kowtow Cleave|p2a: Hat trick
|-damage|p2a: Hat trick|46/100
|
|-weather|none
|upkeep
|turn|9
|
|t:|1779647432
|-terastallize|p1a: Kingambit|Dark
|move|p2a: Hat trick|Draining Kiss|p1a: Kingambit
|-supereffective|p1a: Kingambit
|-damage|p1a: Kingambit|0 fnt
|-heal|p2a: Hat trick|100/100|[from] drain|[of] p1a: Kingambit
|faint|p1a: Kingambit
|-end|p1a: Kingambit|fallenundefined|[silent]
|
|upkeep
|
|t:|1779647441
|switch|p1a: Iron Moth|Iron Moth|100/100
|-damage|p1a: Iron Moth|88/100|[from] Spikes
|-enditem|p1a: Iron Moth|Booster Energy
|-activate|p1a: Iron Moth|ability: Quark Drive|[fromitem]
|-start|p1a: Iron Moth|quarkdrivespe
|turn|10
|
|t:|1779647453
|move|p1a: Iron Moth|Fiery Dance|p2a: Hat trick
|-supereffective|p2a: Hat trick
|-damage|p2a: Hat trick|78/100
|-boost|p1a: Iron Moth|spa|1
|move|p2a: Hat trick|Stored Power|p1a: Iron Moth
|-supereffective|p1a: Iron Moth
|-damage|p1a: Iron Moth|0 fnt
|faint|p1a: Iron Moth
|-end|p1a: Iron Moth|Quark Drive|[silent]
|
|upkeep
|
|t:|1779647459
|switch|p1a: Great Tusk|Great Tusk|100/100
|-damage|p1a: Great Tusk|88/100|[from] Spikes
|turn|11
|inactive|hobamna has 120 seconds left.
|
|t:|1779647501
|move|p2a: Hat trick|Calm Mind|p2a: Hat trick
|-boost|p2a: Hat trick|spa|1
|-boost|p2a: Hat trick|spd|1
|move|p1a: Great Tusk|Headlong Rush|p2a: Hat trick
|-supereffective|p2a: Hat trick
|-damage|p2a: Hat trick|32/100
|-unboost|p1a: Great Tusk|def|1
|-unboost|p1a: Great Tusk|spd|1
|
|-heal|p1a: Great Tusk|94/100|[from] item: Leftovers
|-sideend|p2: hobamna|move: Aurora Veil
|upkeep
|turn|12
|
|t:|1779647511
|move|p2a: Hat trick|Draining Kiss|p1a: Great Tusk
|-supereffective|p1a: Great Tusk
|-damage|p1a: Great Tusk|0 fnt
|-heal|p2a: Hat trick|100/100|[from] drain|[of] p1a: Great Tusk
|faint|p1a: Great Tusk
|-end|p1a: Great Tusk|Protosynthesis|[silent]
|
|upkeep
|l|☆megh 2810
|inactive|megh 2810 disconnected and has a minute to reconnect!
|player|p1|
|c|☆hobamna|the goobening
|inactive|megh 2810 has 30 seconds to reconnect!
|inactive|megh 2810 has 20 seconds to reconnect!
|inactive|megh 2810 has 15 seconds to reconnect!
|inactive|megh 2810 has 10 seconds to reconnect!
|inactive|megh 2810 has 5 seconds to reconnect!
|-message|megh 2810 lost due to inactivity.
|
|win|hobamna
|raw|megh 2810's rating: 1493 &rarr; <strong>1478</strong><br />(-15 for losing)
|raw|hobamna's rating: 1584 &rarr; <strong>1599</strong><br />(+15 for winning)
