|j|☆JeffryNO2424
|j|☆Literally Trish
|t:|1779678924
|gametype|singles
|player|p1|JeffryNO2424|red|1141
|player|p2|Literally Trish|bianca|1176
|gen|9
|tier|[Gen 9] OU
|rated|
|rule|HP Percentage Mod: HP is shown in percentages
|rule|Endless Battle Clause: Forcing endless battles is banned
|rule|Species Clause: Limit one of each Pokémon
|rule|OHKO Clause: OHKO moves are banned
|rule|Evasion Items Clause: Evasion items are banned
|rule|Evasion Moves Clause: Evasion moves are banned
|rule|Evasion Abilities Clause: Evasion abilities are banned
|rule|Sleep Moves Clause: Sleep-inducing moves are banned
|clearpoke
|poke|p1|Ribombee, F|
|poke|p1|Glimmora, M|
|poke|p1|Weavile, F|
|poke|p1|Gholdengo|
|poke|p1|Iron Treads|
|poke|p1|Iron Valiant|
|poke|p2|Iron Valiant|
|poke|p2|Fezandipiti, M|
|poke|p2|Empoleon, M|
|poke|p2|Infernape, M|
|poke|p2|Bronzong|
|poke|p2|Rotom-Fan|
|teampreview
|inactive|Battle timer is ON: inactive players will automatically lose when time's up. (requested by JeffryNO2424)
|
|t:|1779678938
|teamsize|p1|6
|teamsize|p2|6
|start
|switch|p1a: Ribombee|Ribombee, F|100/100
|switch|p2a: MISTA MISTA|Infernape, M, shiny|100/100
|turn|1
|
|t:|1779678945
|move|p1a: Ribombee|Sticky Web|p2a: MISTA MISTA
|-sidestart|p2: Literally Trish|move: Sticky Web
|move|p2a: MISTA MISTA|Overheat|p1a: Ribombee
|-supereffective|p1a: Ribombee
|-enditem|p1a: Ribombee|Focus Sash
|-damage|p1a: Ribombee|1/100
|-unboost|p2a: MISTA MISTA|spa|2
|-enditem|p2a: MISTA MISTA|White Herb
|-clearnegativeboost|p2a: MISTA MISTA|[silent]
|
|upkeep
|turn|2
|
|t:|1779678959
|move|p2a: MISTA MISTA|Vacuum Wave|p1a: Ribombee
|-resisted|p1a: Ribombee
|-damage|p1a: Ribombee|0 fnt
|faint|p1a: Ribombee
|
|upkeep
|
|t:|1779678966
|switch|p1a: Glimmora|Glimmora, M|100/100
|turn|3
|
|t:|1779678971
|move|p2a: MISTA MISTA|Nasty Plot|p2a: MISTA MISTA
|-boost|p2a: MISTA MISTA|spa|2
|move|p1a: Glimmora|Stealth Rock|p2a: MISTA MISTA
|-sidestart|p2: Literally Trish|move: Stealth Rock
|
|upkeep
|turn|4
|
|t:|1779678977
|move|p2a: MISTA MISTA|Aura Sphere|p1a: Glimmora
|-damage|p1a: Glimmora|1/100
|move|p1a: Glimmora|Mortal Spin|p2a: MISTA MISTA
|-damage|p2a: MISTA MISTA|91/100
|-status|p2a: MISTA MISTA|psn
|
|-damage|p2a: MISTA MISTA|79/100 psn|[from] psn
|upkeep
|turn|5
|
|t:|1779678987
|move|p2a: MISTA MISTA|Vacuum Wave|p1a: Glimmora
|-damage|p1a: Glimmora|0 fnt
|faint|p1a: Glimmora
|
|-damage|p2a: MISTA MISTA|67/100 psn|[from] psn
|upkeep
|
|t:|1779679003
|switch|p1a: Iron Treads|Iron Treads|100/100
|turn|6
|
|t:|1779679012
|move|p2a: MISTA MISTA|Aura Sphere|p1a: Iron Treads
|-supereffective|p1a: Iron Treads
|-damage|p1a: Iron Treads|0 fnt
|faint|p1a: Iron Treads
|-end|p1a: Iron Treads|Quark Drive|[silent]
|
|-damage|p2a: MISTA MISTA|54/100 psn|[from] psn
|upkeep
|
|t:|1779679021
|switch|p1a: Iron Valiant|Iron Valiant|100/100
|-enditem|p1a: Iron Valiant|Booster Energy
|-activate|p1a: Iron Valiant|ability: Quark Drive|[fromitem]
|-start|p1a: Iron Valiant|quarkdrivespe
|turn|7
|
|t:|1779679035
|move|p1a: Iron Valiant|Moonblast|p2a: MISTA MISTA
|-damage|p2a: MISTA MISTA|0 fnt
|faint|p2a: MISTA MISTA
|
|upkeep
|
|t:|1779679054
|switch|p2a: Fugo|Fezandipiti, M|100/100
|turn|8
|
|t:|1779679064
|move|p1a: Iron Valiant|Moonblast|p2a: Fugo
|-resisted|p2a: Fugo
|-damage|p2a: Fugo|83/100
|move|p2a: Fugo|Beat Up|p1a: Iron Valiant
|-resisted|p1a: Iron Valiant
|-damage|p1a: Iron Valiant|99/100
|-resisted|p1a: Iron Valiant
|-damage|p1a: Iron Valiant|98/100
|-status|p1a: Iron Valiant|tox|[from] ability: Toxic Chain|[of] p2a: Fugo
|-resisted|p1a: Iron Valiant
|-damage|p1a: Iron Valiant|96/100 tox
|-resisted|p1a: Iron Valiant
|-damage|p1a: Iron Valiant|95/100 tox
|-resisted|p1a: Iron Valiant
|-damage|p1a: Iron Valiant|94/100 tox
|-hitcount|p1a: Iron Valiant|5
|
|-damage|p1a: Iron Valiant|88/100 tox|[from] psn
|upkeep
|turn|9
|
|t:|1779679083
|-end|p1a: Iron Valiant|Quark Drive|[silent]
|switch|p1a: Weavile|Weavile, F|100/100
|-ability|p1a: Weavile|Pressure
|move|p2a: Fugo|Moonblast|p1a: Weavile
|-supereffective|p1a: Weavile
|-damage|p1a: Weavile|36/100
|-unboost|p1a: Weavile|spa|1
|-status|p1a: Weavile|tox|[from] ability: Toxic Chain|[of] p2a: Fugo
|
|-damage|p1a: Weavile|30/100 tox|[from] psn
|upkeep
|turn|10
|
|t:|1779679098
|move|p1a: Weavile|Triple Axel|p2a: Fugo
|-damage|p2a: Fugo|72/100
|-damage|p2a: Fugo|50/100
|-damage|p2a: Fugo|14/100
|-hitcount|p2a: Fugo|3
|move|p2a: Fugo|Roost|p2a: Fugo
|-heal|p2a: Fugo|64/100
|-singleturn|p2a: Fugo|move: Roost
|
|-damage|p1a: Weavile|18/100 tox|[from] psn
|upkeep
|turn|11
|
|t:|1779679114
|switch|p2a: Abbacchio|Bronzong|100/100
|-damage|p2a: Abbacchio|94/100|[from] Stealth Rock
|-terastallize|p1a: Weavile|Ice
|move|p1a: Weavile|Triple Axel|p2a: Abbacchio
|-resisted|p2a: Abbacchio
|-damage|p2a: Abbacchio|90/100
|-resisted|p2a: Abbacchio
|-damage|p2a: Abbacchio|80/100
|-resisted|p2a: Abbacchio
|-damage|p2a: Abbacchio|67/100
|-hitcount|p2a: Abbacchio|3
|
|-heal|p2a: Abbacchio|73/100|[from] item: Leftovers
|-damage|p1a: Weavile|0 fnt|[from] psn
|faint|p1a: Weavile
|upkeep
|inactive|JeffryNO2424 has 120 seconds left.
|
|t:|1779679136
|switch|p1a: Iron Valiant|Iron Valiant|88/100 tox
|turn|12
|inactive|JeffryNO2424 has 120 seconds left.
|
|t:|1779679148
|move|p1a: Iron Valiant|Focus Blast|p2a: Abbacchio|[miss]
|-miss|p1a: Iron Valiant|p2a: Abbacchio
|move|p2a: Abbacchio|Stealth Rock|p1a: Iron Valiant
|-sidestart|p1: JeffryNO2424|move: Stealth Rock
|
|-heal|p2a: Abbacchio|79/100|[from] item: Leftovers
|-damage|p1a: Iron Valiant|81/100 tox|[from] psn
|upkeep
|turn|13
|inactive|JeffryNO2424 has 120 seconds left.
|
|t:|1779679157
|move|p1a: Iron Valiant|Focus Blast|p2a: Abbacchio|[miss]
|-miss|p1a: Iron Valiant|p2a: Abbacchio
|move|p2a: Abbacchio|Psychic|p1a: Iron Valiant
|-supereffective|p1a: Iron Valiant
|-damage|p1a: Iron Valiant|0 fnt
|faint|p1a: Iron Valiant
|-end|p1a: Iron Valiant|Quark Drive|[silent]
|
|-heal|p2a: Abbacchio|85/100|[from] item: Leftovers
|upkeep
|inactive|JeffryNO2424 has 120 seconds left.
|
|t:|1779679167
|switch|p1a: Gholdengo|Gholdengo|100/100
|-damage|p1a: Gholdengo|94/100|[from] Stealth Rock
|-item|p1a: Gholdengo|Air Balloon
|turn|14
|
|t:|1779679173
|move|p1a: Gholdengo|Shadow Ball|p2a: Abbacchio
|-supereffective|p2a: Abbacchio
|-damage|p2a: Abbacchio|18/100
|-unboost|p2a: Abbacchio|spd|1
|move|p2a: Abbacchio|Psychic|p1a: Gholdengo
|-resisted|p1a: Gholdengo
|-damage|p1a: Gholdengo|81/100
|-unboost|p1a: Gholdengo|spd|1
|-enditem|p1a: Gholdengo|Air Balloon
|
|-heal|p2a: Abbacchio|24/100|[from] item: Leftovers
|upkeep
|turn|15
|inactive|JeffryNO2424 has 120 seconds left.
|
|t:|1779679188
|move|p1a: Gholdengo|Nasty Plot|p1a: Gholdengo
|-boost|p1a: Gholdengo|spa|2
|move|p2a: Abbacchio|Psychic|p1a: Gholdengo
|-resisted|p1a: Gholdengo
|-damage|p1a: Gholdengo|58/100
|-unboost|p1a: Gholdengo|spd|1
|
|-heal|p2a: Abbacchio|30/100|[from] item: Leftovers
|upkeep
|turn|16
|
|t:|1779679200
|move|p1a: Gholdengo|Shadow Ball|p2a: Abbacchio
|-supereffective|p2a: Abbacchio
|-damage|p2a: Abbacchio|0 fnt
|faint|p2a: Abbacchio
|
|upkeep
|
|t:|1779679202
|switch|p2a: Narancia|Rotom-Fan|100/100
|-damage|p2a: Narancia|76/100|[from] Stealth Rock
|turn|17
|
|t:|1779679212
|-terastallize|p2a: Narancia|Ghost
|move|p2a: Narancia|Shadow Ball|p1a: Gholdengo
|-supereffective|p1a: Gholdengo
|-damage|p1a: Gholdengo|0 fnt
|faint|p1a: Gholdengo
|
|win|Literally Trish
|raw|JeffryNO2424's rating: 1141 &rarr; <strong>1119</strong><br />(-22 for losing)
|raw|Literally Trish's rating: 1176 &rarr; <strong>1198</strong><br />(+22 for winning)
|l|☆JeffryNO2424
|player|p1|
|l|☆Literally Trish
|player|p2|
