|j|☆frin2607
|j|☆Winston'sDad
|t:|1779596088
|gametype|singles
|player|p1|frin2607|ingo|1365
|player|p2|Winston'sDad|unknownf|1328
|gen|9
|tier|[Gen 9] OU
|rated|
|rule|HP Percentage Mod: HP is shown in percentages
|rule|Endless Battle Clause: Forcing endless battles is banned
|rule|Species Clause: Limit one of each Pokémon
|rule|OHKO Clause: OHKO moves are banned
|rule|Evasion Items Clause: Evasion items are banned
|rule|Evasion Moves Clause: Evasion moves are banned
|rule|Evasion Abilities Clause: Evasion abilities are banned
|rule|Sleep Moves Clause: Sleep-inducing moves are banned
|clearpoke
|poke|p1|Ursaluna, M|
|poke|p1|Hatterene, F|
|poke|p1|Iron Hands|
|poke|p1|Ninetales-Alola, F|
|poke|p1|Cresselia, F|
|poke|p1|Enamorus-Therian, F|
|poke|p2|Gholdengo|
|poke|p2|Iron Valiant|
|poke|p2|Heatran, M|
|poke|p2|Gliscor, F|
|poke|p2|Zapdos|
|poke|p2|Walking Wake|
|teampreview
|inactive|Battle timer is ON: inactive players will automatically lose when time's up. (requested by frin2607)
|
|t:|1779596116
|teamsize|p1|6
|teamsize|p2|6
|start
|switch|p1a: Ninetales|Ninetales-Alola, F|100/100
|switch|p2a: Heatran|Heatran, M|100/100
|-weather|Snowscape|[from] ability: Snow Warning|[of] p1a: Ninetales
|turn|1
|
|t:|1779596136
|move|p1a: Ninetales|Aurora Veil|p1a: Ninetales
|-sidestart|p1: frin2607|move: Aurora Veil
|move|p2a: Heatran|Substitute|p2a: Heatran
|-start|p2a: Heatran|Substitute
|-damage|p2a: Heatran|76/100
|
|-weather|Snowscape|[upkeep]
|-heal|p2a: Heatran|82/100|[from] item: Leftovers
|upkeep
|turn|2
|
|t:|1779596142
|move|p2a: Heatran|Magma Storm|p1a: Ninetales
|-supereffective|p1a: Ninetales
|-damage|p1a: Ninetales|50/100
|-activate|p1a: Ninetales|move: Magma Storm|[of] p2a: Heatran
|move|p1a: Ninetales|Roar|p2a: Heatran
|drag|p2a: Iron Valiant|Iron Valiant|100/100
|-enditem|p2a: Iron Valiant|Booster Energy
|-activate|p2a: Iron Valiant|ability: Quark Drive|[fromitem]
|-start|p2a: Iron Valiant|quarkdrivespe
|
|-weather|Snowscape|[upkeep]
|-end|p1a: Ninetales|Magma Storm|[partiallytrapped]|[silent]
|upkeep
|turn|3
|
|t:|1779596160
|move|p2a: Iron Valiant|Moonblast|p1a: Ninetales
|-damage|p1a: Ninetales|28/100
|-unboost|p1a: Ninetales|spa|1
|move|p1a: Ninetales|Roar|p2a: Iron Valiant
|-end|p2a: Iron Valiant|Quark Drive|[silent]
|drag|p2a: Walking Wake|Walking Wake|100/100
|
|-weather|Snowscape|[upkeep]
|upkeep
|turn|4
|
|t:|1779596170
|move|p1a: Ninetales|Freeze-Dry|p2a: Walking Wake
|-supereffective|p2a: Walking Wake
|-damage|p2a: Walking Wake|41/100
|move|p2a: Walking Wake|Flamethrower|p1a: Ninetales
|-supereffective|p1a: Ninetales
|-damage|p1a: Ninetales|0 fnt
|faint|p1a: Ninetales
|
|-weather|Snowscape|[upkeep]
|upkeep
|
|t:|1779596178
|switch|p1a: Cresselia|Cresselia, F|100/100
|turn|5
|
|t:|1779596183
|-end|p2a: Walking Wake|Protosynthesis|[silent]
|switch|p2a: Gliscor|Gliscor, F|100/100
|move|p1a: Cresselia|Trick Room|p1a: Cresselia
|-fieldstart|move: Trick Room|[of] p1a: Cresselia
|
|-weather|none
|-status|p2a: Gliscor|tox|[from] item: Toxic Orb
|upkeep
|turn|6
|
|t:|1779596190
|switch|p1a: Hatterene|Hatterene, F|100/100
|move|p2a: Gliscor|Toxic|p1a: Hatterene
|move|p1a: Hatterene|Toxic|p2a: Gliscor|[from] ability: Magic Bounce|[miss]
|-miss|p1a: Hatterene|p2a: Gliscor
|
|upkeep
|turn|7
|
|t:|1779596197
|move|p1a: Hatterene|Psychic Noise|p2a: Gliscor
|-damage|p2a: Gliscor|59/100 tox
|-start|p2a: Gliscor|move: Heal Block
|move|p2a: Gliscor|Earthquake|p1a: Hatterene
|-damage|p1a: Hatterene|82/100
|
|upkeep
|turn|8
|
|t:|1779596209
|move|p2a: Gliscor|Protect|p2a: Gliscor
|-singleturn|p2a: Gliscor|Protect
|move|p1a: Hatterene|Psychic Noise|p2a: Gliscor
|-activate|p2a: Gliscor|move: Protect
|
|-end|p2a: Gliscor|move: Heal Block
|-sideend|p1: frin2607|move: Aurora Veil
|upkeep
|turn|9
|
|t:|1779596218
|move|p2a: Gliscor|Protect|p2a: Gliscor
|-singleturn|p2a: Gliscor|Protect
|move|p1a: Hatterene|Dazzling Gleam|p2a: Gliscor
|-activate|p2a: Gliscor|move: Protect
|
|-heal|p2a: Gliscor|72/100 tox|[from] ability: Poison Heal
|-fieldend|move: Trick Room
|upkeep
|turn|10
|
|t:|1779596229
|move|p2a: Gliscor|Earthquake|p1a: Hatterene
|-damage|p1a: Hatterene|44/100
|move|p1a: Hatterene|Trick Room|p1a: Hatterene
|-fieldstart|move: Trick Room|[of] p1a: Hatterene
|
|-heal|p2a: Gliscor|84/100 tox|[from] ability: Poison Heal
|upkeep
|turn|11
|
|t:|1779596238
|move|p1a: Hatterene|Psychic Noise|p2a: Gliscor
|-damage|p2a: Gliscor|44/100 tox
|-start|p2a: Gliscor|move: Heal Block
|move|p2a: Gliscor|Earthquake|p1a: Hatterene
|-damage|p1a: Hatterene|4/100
|
|upkeep
|turn|12
|
|t:|1779596246
|switch|p1a: Enamorus|Enamorus-Therian, F|100/100
|move|p2a: Gliscor|Protect||[still]
|-fail|p2a: Gliscor
|
|-end|p2a: Gliscor|move: Heal Block
|upkeep
|turn|13
|
|t:|1779596256
|move|p2a: Gliscor|Protect|p2a: Gliscor
|-singleturn|p2a: Gliscor|Protect
|move|p1a: Enamorus|Mystical Fire|p2a: Gliscor
|-activate|p2a: Gliscor|move: Protect
|
|-heal|p2a: Gliscor|56/100 tox|[from] ability: Poison Heal
|upkeep
|turn|14
|
|t:|1779596267
|move|p1a: Enamorus|Mystical Fire|p2a: Gliscor
|-crit|p2a: Gliscor
|-damage|p2a: Gliscor|3/100 tox
|-unboost|p2a: Gliscor|spa|1
|move|p2a: Gliscor|Spikes|p1a: Enamorus
|-sidestart|p1: frin2607|Spikes
|
|-heal|p2a: Gliscor|16/100 tox|[from] ability: Poison Heal
|-fieldend|move: Trick Room
|upkeep
|turn|15
|
|t:|1779596279
|switch|p1a: Hatterene|Hatterene, F|4/100
|-damage|p1a: Hatterene|0 fnt|[from] Spikes
|faint|p1a: Hatterene
|move|p2a: Gliscor|Toxic|p1: Hatterene|[notarget]
|-fail|p2a: Gliscor
|
|-heal|p2a: Gliscor|28/100 tox|[from] ability: Poison Heal
|upkeep
|
|t:|1779596290
|switch|p1a: Cresselia|Cresselia, F|100/100
|turn|16
|
|t:|1779596311
|move|p2a: Gliscor|Protect|p2a: Gliscor
|-singleturn|p2a: Gliscor|Protect
|move|p1a: Cresselia|Trick Room|p1a: Cresselia
|-fieldstart|move: Trick Room|[of] p1a: Cresselia
|
|-heal|p2a: Gliscor|41/100 tox|[from] ability: Poison Heal
|upkeep
|turn|17
|
|t:|1779596319
|switch|p1a: Iron Hands|Iron Hands|100/100
|-damage|p1a: Iron Hands|88/100|[from] Spikes
|-enditem|p1a: Iron Hands|Booster Energy
|-activate|p1a: Iron Hands|ability: Quark Drive|[fromitem]
|-start|p1a: Iron Hands|quarkdriveatk
|switch|p2a: Heatran|Heatran, M|82/100
|
|-heal|p2a: Heatran|88/100|[from] item: Leftovers
|upkeep
|turn|18
|
|t:|1779596330
|move|p1a: Iron Hands|Drain Punch|p2a: Heatran
|-supereffective|p2a: Heatran
|-damage|p2a: Heatran|0 fnt
|-heal|p1a: Iron Hands|100/100|[from] drain|[of] p2a: Heatran
|faint|p2a: Heatran
|
|upkeep
|
|t:|1779596338
|switch|p2a: Gliscor|Gliscor, F|41/100 tox
|turn|19
|
|t:|1779596341
|move|p2a: Gliscor|Protect|p2a: Gliscor
|-singleturn|p2a: Gliscor|Protect
|move|p1a: Iron Hands|Swords Dance|p1a: Iron Hands
|-boost|p1a: Iron Hands|atk|2
|
|-heal|p2a: Gliscor|53/100 tox|[from] ability: Poison Heal
|upkeep
|turn|20
|
|t:|1779596350
|move|p1a: Iron Hands|Ice Punch|p2a: Gliscor
|-supereffective|p2a: Gliscor
|-damage|p2a: Gliscor|0 fnt
|faint|p2a: Gliscor
|
|-fieldend|move: Trick Room
|upkeep
|
|t:|1779596361
|switch|p2a: Gholdengo|Gholdengo|100/100
|-item|p2a: Gholdengo|Air Balloon
|turn|21
|
|t:|1779596366
|move|p2a: Gholdengo|Recover||[still]
|-fail|p2a: Gholdengo|heal
|move|p1a: Iron Hands|Thunder Punch|p2a: Gholdengo
|-damage|p2a: Gholdengo|0 fnt
|-enditem|p2a: Gholdengo|Air Balloon
|faint|p2a: Gholdengo
|
|upkeep
|-message|Winston'sDad forfeited.
|
|win|frin2607
|raw|frin2607's rating: 1365 &rarr; <strong>1383</strong><br />(+18 for winning)
|raw|Winston&apos;sDad's rating: 1328 &rarr; <strong>1310</strong><br />(-18 for losing)
|l|☆Winston'sDad
|player|p2|
|l|☆frin2607
|player|p1|
