|j|☆Iker69420
|j|☆Marcepanix
|t:|1779719518
|gametype|singles
|player|p1|Iker69420|266|1329
|player|p2|Marcepanix|swimmer-gen4|1283
|gen|9
|tier|[Gen 9] OU
|rated|
|rule|HP Percentage Mod: HP is shown in percentages
|rule|Endless Battle Clause: Forcing endless battles is banned
|rule|Species Clause: Limit one of each Pokémon
|rule|OHKO Clause: OHKO moves are banned
|rule|Evasion Items Clause: Evasion items are banned
|rule|Evasion Moves Clause: Evasion moves are banned
|rule|Evasion Abilities Clause: Evasion abilities are banned
|rule|Sleep Moves Clause: Sleep-inducing moves are banned
|clearpoke
|poke|p1|Torkoal, F|
|poke|p1|Walking Wake|
|poke|p1|Great Tusk|
|poke|p1|Ceruledge, F|
|poke|p1|Iron Moth|
|poke|p1|Raging Bolt|
|poke|p2|Volcanion|
|poke|p2|Garganacl, M|
|poke|p2|Serperior, F|
|poke|p2|Ditto|
|poke|p2|Corviknight, M|
|poke|p2|Tinkaton, F|
|teampreview
|inactive|Battle timer is ON: inactive players will automatically lose when time's up. (requested by Iker69420)
|
|t:|1779719528
|teamsize|p1|6
|teamsize|p2|6
|start
|switch|p1a: Torkoal|Torkoal, F|100/100
|switch|p2a: Tinkaton|Tinkaton, F|100/100
|-ability|p2a: Tinkaton|Mold Breaker
|-weather|SunnyDay|[from] ability: Drought|[of] p1a: Torkoal
|turn|1
|
|t:|1779719536
|move|p2a: Tinkaton|Knock Off|p1a: Torkoal
|-damage|p1a: Torkoal|77/100
|-enditem|p1a: Torkoal|Heat Rock|[from] move: Knock Off|[of] p2a: Tinkaton
|-damage|p2a: Tinkaton|91/100|[from] item: Life Orb
|move|p1a: Torkoal|Lava Plume|p2a: Tinkaton
|-supereffective|p2a: Tinkaton
|-damage|p2a: Tinkaton|17/100
|
|-weather|SunnyDay|[upkeep]
|upkeep
|turn|2
|
|t:|1779719545
|move|p2a: Tinkaton|Gigaton Hammer|p1a: Torkoal
|-resisted|p1a: Torkoal
|-damage|p1a: Torkoal|51/100
|-damage|p2a: Tinkaton|7/100|[from] item: Life Orb
|move|p1a: Torkoal|Stealth Rock|p2a: Tinkaton
|-sidestart|p2: Marcepanix|move: Stealth Rock
|
|-weather|SunnyDay|[upkeep]
|upkeep
|turn|3
|
|t:|1779719570
|switch|p1a: Ceruledge|Ceruledge, F|100/100
|move|p2a: Tinkaton|Play Rough|p1a: Ceruledge
|-resisted|p1a: Ceruledge
|-damage|p1a: Ceruledge|72/100
|-ability|p1a: Ceruledge|Weak Armor|boost
|-unboost|p1a: Ceruledge|def|1
|-boost|p1a: Ceruledge|spe|2
|-damage|p2a: Tinkaton|0 fnt|[from] item: Life Orb
|faint|p2a: Tinkaton
|
|-weather|SunnyDay|[upkeep]
|upkeep
|
|t:|1779719580
|switch|p2a: Volcanion|Volcanion|100/100
|-damage|p2a: Volcanion|76/100|[from] Stealth Rock
|-item|p2a: Volcanion|Air Balloon
|turn|4
|
|t:|1779719596
|move|p1a: Ceruledge|Close Combat|p2a: Volcanion
|-damage|p2a: Volcanion|46/100
|-unboost|p1a: Ceruledge|def|1
|-unboost|p1a: Ceruledge|spd|1
|-enditem|p2a: Volcanion|Air Balloon
|move|p2a: Volcanion|Steam Eruption|p1a: Ceruledge
|-supereffective|p1a: Ceruledge
|-damage|p1a: Ceruledge|0 fnt
|faint|p1a: Ceruledge
|
|-weather|SunnyDay|[upkeep]
|upkeep
|
|t:|1779719605
|switch|p1a: Raging Bolt|Raging Bolt|100/100
|-item|p1a: Raging Bolt|Air Balloon
|-activate|p1a: Raging Bolt|ability: Protosynthesis
|-start|p1a: Raging Bolt|protosynthesisspa
|turn|5
|
|t:|1779719616
|move|p1a: Raging Bolt|Calm Mind|p1a: Raging Bolt
|-boost|p1a: Raging Bolt|spa|1
|-boost|p1a: Raging Bolt|spd|1
|move|p2a: Volcanion|Steam Eruption|p1a: Raging Bolt|[miss]
|-miss|p2a: Volcanion|p1a: Raging Bolt
|
|-weather|SunnyDay|[upkeep]
|upkeep
|turn|6
|
|t:|1779719622
|move|p1a: Raging Bolt|Thunderclap|p2a: Volcanion
|-supereffective|p2a: Volcanion
|-damage|p2a: Volcanion|0 fnt
|faint|p2a: Volcanion
|
|-weather|SunnyDay|[upkeep]
|upkeep
|
|t:|1779719625
|switch|p2a: Serperior|Serperior, F|100/100
|-damage|p2a: Serperior|88/100|[from] Stealth Rock
|turn|7
|
|t:|1779719631
|move|p2a: Serperior|Leech Seed|p1a: Raging Bolt
|-start|p1a: Raging Bolt|move: Leech Seed
|move|p1a: Raging Bolt|Draco Meteor|p2a: Serperior
|-damage|p2a: Serperior|0 fnt
|-unboost|p1a: Raging Bolt|spa|2
|faint|p2a: Serperior
|
|-weather|SunnyDay|[upkeep]
|upkeep
|
|t:|1779719640
|switch|p2a: Garganacl|Garganacl, M|100/100
|-damage|p2a: Garganacl|88/100|[from] Stealth Rock
|-item|p2a: Garganacl|Air Balloon
|turn|8
|
|t:|1779719644
|move|p1a: Raging Bolt|Thunderbolt|p2a: Garganacl
|-crit|p2a: Garganacl
|-damage|p2a: Garganacl|0 fnt
|-enditem|p2a: Garganacl|Air Balloon
|faint|p2a: Garganacl
|
|-weather|none
|-end|p1a: Raging Bolt|Protosynthesis
|upkeep
|
|t:|1779719648
|switch|p2a: Ditto|Ditto|100/100
|-damage|p2a: Ditto|88/100|[from] Stealth Rock
|-transform|p2a: Ditto|p1a: Raging Bolt|[from] ability: Imposter
|turn|9
|
|t:|1779719653
|-terastallize|p1a: Raging Bolt|Fairy
|move|p2a: Ditto|Draco Meteor|p1a: Raging Bolt
|-immune|p1a: Raging Bolt
|move|p1a: Raging Bolt|Draco Meteor|p2a: Ditto
|-supereffective|p2a: Ditto
|-damage|p2a: Ditto|0 fnt
|-unboost|p1a: Raging Bolt|spa|2
|faint|p2a: Ditto
|-end|p2a: Ditto|Protosynthesis|[silent]
|
|upkeep
|
|t:|1779719658
|switch|p2a: Corviknight|Corviknight, M|100/100
|-damage|p2a: Corviknight|88/100|[from] Stealth Rock
|turn|10
|
|t:|1779719663
|move|p1a: Raging Bolt|Thunderbolt|p2a: Corviknight
|-supereffective|p2a: Corviknight
|-damage|p2a: Corviknight|60/100
|move|p2a: Corviknight|Agility|p2a: Corviknight
|-boost|p2a: Corviknight|spe|2
|
|-heal|p2a: Corviknight|67/100|[from] item: Leftovers
|-damage|p1a: Raging Bolt|88/100|[from] Leech Seed|[of] p2a: Corviknight
|-heal|p2a: Corviknight|81/100|[silent]
|upkeep
|turn|11
|
|t:|1779719673
|move|p2a: Corviknight|Agility|p2a: Corviknight
|-boost|p2a: Corviknight|spe|2
|move|p1a: Raging Bolt|Calm Mind|p1a: Raging Bolt
|-boost|p1a: Raging Bolt|spa|1
|-boost|p1a: Raging Bolt|spd|1
|
|-heal|p2a: Corviknight|87/100|[from] item: Leftovers
|-damage|p1a: Raging Bolt|76/100|[from] Leech Seed|[of] p2a: Corviknight
|-heal|p2a: Corviknight|100/100|[silent]
|upkeep
|turn|12
|
|t:|1779719682
|move|p2a: Corviknight|Bulk Up|p2a: Corviknight
|-boost|p2a: Corviknight|atk|1
|-boost|p2a: Corviknight|def|1
|move|p1a: Raging Bolt|Calm Mind|p1a: Raging Bolt
|-boost|p1a: Raging Bolt|spa|1
|-boost|p1a: Raging Bolt|spd|1
|
|-damage|p1a: Raging Bolt|63/100|[from] Leech Seed|[of] p2a: Corviknight
|upkeep
|turn|13
|
|t:|1779719695
|move|p2a: Corviknight|Bulk Up|p2a: Corviknight
|-boost|p2a: Corviknight|atk|1
|-boost|p2a: Corviknight|def|1
|move|p1a: Raging Bolt|Calm Mind|p1a: Raging Bolt
|-boost|p1a: Raging Bolt|spa|1
|-boost|p1a: Raging Bolt|spd|1
|
|-damage|p1a: Raging Bolt|51/100|[from] Leech Seed|[of] p2a: Corviknight
|upkeep
|turn|14
|
|t:|1779719700
|-terastallize|p2a: Corviknight|Ground
|move|p2a: Corviknight|Power Trip|p1a: Raging Bolt
|-resisted|p1a: Raging Bolt
|-damage|p1a: Raging Bolt|23/100
|-enditem|p1a: Raging Bolt|Air Balloon
|move|p1a: Raging Bolt|Thunderbolt|p2a: Corviknight
|-immune|p2a: Corviknight
|
|-damage|p1a: Raging Bolt|11/100|[from] Leech Seed|[of] p2a: Corviknight
|upkeep
|turn|15
|
|t:|1779719708
|move|p2a: Corviknight|Power Trip|p1a: Raging Bolt
|-resisted|p1a: Raging Bolt
|-damage|p1a: Raging Bolt|0 fnt
|faint|p1a: Raging Bolt
|-end|p1a: Raging Bolt|Protosynthesis|[silent]
|
|upkeep
|
|t:|1779719716
|switch|p1a: Torkoal|Torkoal, F|51/100
|-weather|SunnyDay|[from] ability: Drought|[of] p1a: Torkoal
|turn|16
|
|t:|1779719724
|move|p2a: Corviknight|Bulk Up|p2a: Corviknight
|-boost|p2a: Corviknight|atk|1
|-boost|p2a: Corviknight|def|1
|move|p1a: Torkoal|Lava Plume|p2a: Corviknight
|-damage|p2a: Corviknight|78/100
|
|-weather|SunnyDay|[upkeep]
|-heal|p2a: Corviknight|84/100|[from] item: Leftovers
|upkeep
|turn|17
|
|t:|1779719731
|move|p2a: Corviknight|Agility|p2a: Corviknight
|-boost|p2a: Corviknight|spe|2
|move|p1a: Torkoal|Lava Plume|p2a: Corviknight
|-damage|p2a: Corviknight|60/100
|
|-weather|SunnyDay|[upkeep]
|-heal|p2a: Corviknight|66/100|[from] item: Leftovers
|upkeep
|turn|18
|
|t:|1779719738
|move|p2a: Corviknight|Roost|p2a: Corviknight
|-heal|p2a: Corviknight|100/100
|move|p1a: Torkoal|Lava Plume|p2a: Corviknight
|-damage|p2a: Corviknight|75/100
|-status|p2a: Corviknight|brn
|
|-weather|SunnyDay|[upkeep]
|-heal|p2a: Corviknight|81/100 brn|[from] item: Leftovers
|-damage|p2a: Corviknight|75/100 brn|[from] brn
|upkeep
|turn|19
|
|t:|1779719753
|switch|p1a: Great Tusk|Great Tusk|100/100
|-activate|p1a: Great Tusk|ability: Protosynthesis
|-start|p1a: Great Tusk|protosynthesisatk
|move|p2a: Corviknight|Bulk Up|p2a: Corviknight
|-boost|p2a: Corviknight|atk|1
|-boost|p2a: Corviknight|def|1
|
|-weather|SunnyDay|[upkeep]
|-heal|p2a: Corviknight|81/100 brn|[from] item: Leftovers
|-damage|p2a: Corviknight|75/100 brn|[from] brn
|upkeep
|turn|20
|
|t:|1779719762
|move|p2a: Corviknight|Power Trip|p1a: Great Tusk
|-resisted|p1a: Great Tusk
|-damage|p1a: Great Tusk|66/100
|move|p1a: Great Tusk|Knock Off|p2a: Corviknight
|-damage|p2a: Corviknight|62/100 brn
|-enditem|p2a: Corviknight|Leftovers|[from] move: Knock Off|[of] p1a: Great Tusk
|
|-weather|none
|-end|p1a: Great Tusk|Protosynthesis
|-damage|p2a: Corviknight|56/100 brn|[from] brn
|upkeep
|turn|21
|
|t:|1779719777
|move|p2a: Corviknight|Roost|p2a: Corviknight
|-heal|p2a: Corviknight|100/100 brn
|move|p1a: Great Tusk|Headlong Rush|p2a: Corviknight
|-damage|p2a: Corviknight|81/100 brn
|-unboost|p1a: Great Tusk|def|1
|-unboost|p1a: Great Tusk|spd|1
|
|-damage|p2a: Corviknight|74/100 brn|[from] brn
|upkeep
|turn|22
|
|t:|1779719786
|-end|p1a: Great Tusk|Protosynthesis|[silent]
|switch|p1a: Torkoal|Torkoal, F|51/100
|-weather|SunnyDay|[from] ability: Drought|[of] p1a: Torkoal
|move|p2a: Corviknight|Power Trip|p1a: Torkoal
|-damage|p1a: Torkoal|0 fnt
|faint|p1a: Torkoal
|
|-weather|SunnyDay|[upkeep]
|-damage|p2a: Corviknight|68/100 brn|[from] brn
|upkeep
|
|t:|1779719803
|switch|p1a: Iron Moth|Iron Moth|100/100
|-enditem|p1a: Iron Moth|Booster Energy
|-activate|p1a: Iron Moth|ability: Quark Drive|[fromitem]
|-start|p1a: Iron Moth|quarkdrivespa
|turn|23
|
|t:|1779719822
|move|p2a: Corviknight|Power Trip|p1a: Iron Moth
|-damage|p1a: Iron Moth|0 fnt
|faint|p1a: Iron Moth
|-end|p1a: Iron Moth|Quark Drive|[silent]
|
|-weather|SunnyDay|[upkeep]
|-damage|p2a: Corviknight|62/100 brn|[from] brn
|upkeep
|
|t:|1779719831
|switch|p1a: Walking Wake|Walking Wake|100/100
|-activate|p1a: Walking Wake|ability: Protosynthesis
|-start|p1a: Walking Wake|protosynthesisspe
|turn|24
|
|t:|1779719835
|move|p2a: Corviknight|Power Trip|p1a: Walking Wake
|-damage|p1a: Walking Wake|7/100
|move|p1a: Walking Wake|Hydro Steam|p2a: Corviknight
|-supereffective|p2a: Corviknight
|-damage|p2a: Corviknight|0 fnt
|faint|p2a: Corviknight
|
|win|Iker69420
|raw|Iker69420's rating: 1329 &rarr; <strong>1346</strong><br />(+17 for winning)
|raw|Marcepanix's rating: 1283 &rarr; <strong>1261</strong><br />(-22 for losing)
|c|☆Iker69420|Ur so ez
|l|☆Marcepanix
|player|p2|
