|j|☆Fly to LA 4 a week
|j|☆ACHUUU
|t:|1779617218
|gametype|singles
|player|p1|Fly to LA 4 a week|266|1475
|player|p2|ACHUUU|265|1398
|gen|9
|tier|[Gen 9] OU
|rated|
|rule|HP Percentage Mod: HP is shown in percentages
|rule|Endless Battle Clause: Forcing endless battles is banned
|rule|Species Clause: Limit one of each Pokémon
|rule|OHKO Clause: OHKO moves are banned
|rule|Evasion Items Clause: Evasion items are banned
|rule|Evasion Moves Clause: Evasion moves are banned
|rule|Evasion Abilities Clause: Evasion abilities are banned
|rule|Sleep Moves Clause: Sleep-inducing moves are banned
|clearpoke
|poke|p1|Greninja-*, M|
|poke|p1|Corviknight, M|
|poke|p1|Slowking-Galar, M|
|poke|p1|Kyurem|
|poke|p1|Clefable, F|
|poke|p1|Gholdengo|
|poke|p2|Necrozma|
|poke|p2|Alomomola, M|
|poke|p2|Tyranitar, F|
|poke|p2|Rotom-Wash|
|poke|p2|Iron Valiant|
|poke|p2|Great Tusk|
|teampreview
|
|t:|1779617239
|teamsize|p1|6
|teamsize|p2|6
|start
|switch|p1a: Clefable|Clefable, F|100/100
|switch|p2a: Necrozma|Necrozma|100/100
|turn|1
|
|t:|1779617244
|move|p2a: Necrozma|Dragon Dance|p2a: Necrozma
|-boost|p2a: Necrozma|atk|1
|-boost|p2a: Necrozma|spe|1
|move|p1a: Clefable|Stealth Rock|p2a: Necrozma
|-sidestart|p2: ACHUUU|move: Stealth Rock
|
|upkeep
|turn|2
|
|t:|1779617252
|move|p2a: Necrozma|Dragon Dance|p2a: Necrozma
|-boost|p2a: Necrozma|atk|1
|-boost|p2a: Necrozma|spe|1
|move|p1a: Clefable|Knock Off|p2a: Necrozma
|-supereffective|p2a: Necrozma
|-damage|p2a: Necrozma|77/100
|-enditem|p2a: Necrozma|Weakness Policy
|-boost|p2a: Necrozma|atk|2|[from] item: Weakness Policy
|-boost|p2a: Necrozma|spa|2|[from] item: Weakness Policy
|
|upkeep
|turn|3
|
|t:|1779617263
|move|p2a: Necrozma|Iron Head|p1a: Clefable
|-supereffective|p1a: Clefable
|-damage|p1a: Clefable|0 fnt
|-damage|p2a: Necrozma|61/100|[from] item: Rocky Helmet|[of] p1a: Clefable
|faint|p1a: Clefable
|
|upkeep
|
|t:|1779617273
|switch|p1a: Corviknight|Corviknight, M|100/100
|-ability|p1a: Corviknight|Pressure
|turn|4
|
|t:|1779617283
|move|p2a: Necrozma|Photon Geyser|p1a: Corviknight
|-resisted|p1a: Corviknight
|-damage|p1a: Corviknight|58/100
|move|p1a: Corviknight|U-turn|p2a: Necrozma
|-supereffective|p2a: Necrozma
|-damage|p2a: Necrozma|39/100
|
|t:|1779617290
|switch|p1a: Greninja|Greninja, M|100/100|[from] U-turn
|
|upkeep
|turn|5
|
|t:|1779617301
|-terastallize|p2a: Necrozma|Fairy
|move|p1a: Greninja|Dark Pulse|p2a: Necrozma
|-start|p1a: Greninja|typechange|Dark|[from] ability: Protean
|-resisted|p2a: Necrozma
|-damage|p2a: Necrozma|21/100
|move|p2a: Necrozma|Earthquake|p1a: Greninja
|-damage|p1a: Greninja|0 fnt
|faint|p1a: Greninja
|
|upkeep
|
|t:|1779617307
|switch|p1a: Corviknight|Corviknight, M|58/100
|-ability|p1a: Corviknight|Pressure
|turn|6
|
|t:|1779617324
|move|p2a: Necrozma|Iron Head|p1a: Corviknight
|-resisted|p1a: Corviknight
|-damage|p1a: Corviknight|39/100
|cant|p1a: Corviknight|flinch
|
|-heal|p1a: Corviknight|45/100|[from] item: Leftovers
|upkeep
|turn|7
|
|t:|1779617336
|move|p2a: Necrozma|Photon Geyser|p1a: Corviknight
|-resisted|p1a: Corviknight
|-damage|p1a: Corviknight|1/100
|move|p1a: Corviknight|Brave Bird|p2a: Necrozma
|-damage|p2a: Necrozma|0 fnt
|faint|p2a: Necrozma
|-damage|p1a: Corviknight|0 fnt|[from] Recoil
|faint|p1a: Corviknight
|
|upkeep
|
|t:|1779617350
|switch|p2a: Rotom|Rotom-Wash|100/100
|switch|p1a: Slowking|Slowking-Galar, M|100/100
|-damage|p2a: Rotom|88/100|[from] Stealth Rock
|turn|8
|
|t:|1779617355
|move|p2a: Rotom|Will-O-Wisp|p1a: Slowking
|-status|p1a: Slowking|brn
|-prepare|p1a: Slowking|Chilly Reception|[premajor]
|move|p1a: Slowking|Chilly Reception|p1a: Slowking
|-weather|Snowscape
|
|t:|1779617357
|switch|p1a: Kyurem|Kyurem|100/100|[from] Chilly Reception
|-ability|p1a: Kyurem|Pressure
|
|-weather|Snowscape|[upkeep]
|-heal|p2a: Rotom|94/100|[from] item: Leftovers
|upkeep
|turn|9
|
|t:|1779617367
|move|p1a: Kyurem|Substitute|p1a: Kyurem
|-start|p1a: Kyurem|Substitute
|-damage|p1a: Kyurem|76/100
|move|p2a: Rotom|Will-O-Wisp||[still]
|-fail|p2a: Rotom
|
|-weather|Snowscape|[upkeep]
|-heal|p2a: Rotom|100/100|[from] item: Leftovers
|upkeep
|turn|10
|
|t:|1779617374
|move|p1a: Kyurem|Dragon Dance|p1a: Kyurem
|-boost|p1a: Kyurem|atk|1
|-boost|p1a: Kyurem|spe|1
|move|p2a: Rotom|Hex|p1a: Kyurem
|-activate|p1a: Kyurem|move: Substitute|[damage]
|
|-weather|Snowscape|[upkeep]
|upkeep
|turn|11
|
|t:|1779617381
|move|p1a: Kyurem|Dragon Dance|p1a: Kyurem
|-boost|p1a: Kyurem|atk|1
|-boost|p1a: Kyurem|spe|1
|move|p2a: Rotom|Hex|p1a: Kyurem
|-end|p1a: Kyurem|Substitute
|
|-weather|Snowscape|[upkeep]
|upkeep
|turn|12
|
|t:|1779617392
|move|p1a: Kyurem|Substitute|p1a: Kyurem
|-start|p1a: Kyurem|Substitute
|-damage|p1a: Kyurem|51/100
|move|p2a: Rotom|Will-O-Wisp||[still]
|-fail|p2a: Rotom
|
|-weather|none
|upkeep
|turn|13
|
|t:|1779617408
|move|p1a: Kyurem|Scale Shot|p2a: Rotom
|-damage|p2a: Rotom|68/100
|-damage|p2a: Rotom|34/100
|-damage|p2a: Rotom|3/100
|-damage|p2a: Rotom|0 fnt
|faint|p2a: Rotom
|-hitcount|p2: Rotom|4
|-unboost|p1a: Kyurem|def|1
|-boost|p1a: Kyurem|spe|1
|
|upkeep
|
|t:|1779617416
|switch|p2a: Great Tusk|Great Tusk|100/100
|turn|14
|
|t:|1779617420
|move|p1a: Kyurem|Icicle Spear|p2a: Great Tusk
|-supereffective|p2a: Great Tusk
|-damage|p2a: Great Tusk|70/100
|-supereffective|p2a: Great Tusk
|-damage|p2a: Great Tusk|37/100
|-supereffective|p2a: Great Tusk
|-damage|p2a: Great Tusk|7/100
|-supereffective|p2a: Great Tusk
|-damage|p2a: Great Tusk|0 fnt
|faint|p2a: Great Tusk
|-end|p2a: Great Tusk|Protosynthesis|[silent]
|-hitcount|p2: Great Tusk|4
|
|upkeep
|
|t:|1779617423
|switch|p2a: Iron Valiant|Iron Valiant|100/100
|-damage|p2a: Iron Valiant|94/100|[from] Stealth Rock
|-enditem|p2a: Iron Valiant|Booster Energy
|-activate|p2a: Iron Valiant|ability: Quark Drive|[fromitem]
|-start|p2a: Iron Valiant|quarkdrivespe
|turn|15
|
|t:|1779617440
|move|p1a: Kyurem|Icicle Spear|p2a: Iron Valiant
|-crit|p2a: Iron Valiant
|-damage|p2a: Iron Valiant|44/100
|-damage|p2a: Iron Valiant|13/100
|-damage|p2a: Iron Valiant|0 fnt
|faint|p2a: Iron Valiant
|-end|p2a: Iron Valiant|Quark Drive|[silent]
|-hitcount|p2: Iron Valiant|3
|
|upkeep
|-message|ACHUUU forfeited.
|
|win|Fly to LA 4 a week
|raw|Fly to LA 4 a week's rating: 1475 &rarr; <strong>1491</strong><br />(+16 for winning)
|raw|ACHUUU's rating: 1398 &rarr; <strong>1382</strong><br />(-16 for losing)
|l|☆ACHUUU
|player|p2|
|l|☆Fly to LA 4 a week
|player|p1|
