|j|☆ALPSG
|j|☆Amen2u
|t:|1779609712
|gametype|singles
|player|p1|ALPSG|hilbert-wonderlauncher|1026
|player|p2|Amen2u|morty|1083
|gen|9
|tier|[Gen 9] OU
|rated|
|rule|HP Percentage Mod: HP is shown in percentages
|rule|Endless Battle Clause: Forcing endless battles is banned
|rule|Species Clause: Limit one of each Pokémon
|rule|OHKO Clause: OHKO moves are banned
|rule|Evasion Items Clause: Evasion items are banned
|rule|Evasion Moves Clause: Evasion moves are banned
|rule|Evasion Abilities Clause: Evasion abilities are banned
|rule|Sleep Moves Clause: Sleep-inducing moves are banned
|clearpoke
|poke|p1|Tyranitar, F|
|poke|p1|Excadrill, M|
|poke|p1|Hippowdon, M|
|poke|p1|Metagross|
|poke|p1|Dragonite, M|
|poke|p1|Darkrai|
|poke|p2|Mandibuzz, F|
|poke|p2|Excadrill, M|
|poke|p2|Pelipper, M|
|poke|p2|Barraskewda, F|
|poke|p2|Torkoal, M|
|poke|p2|Charizard, F|
|teampreview
|
|t:|1779609721
|teamsize|p1|6
|teamsize|p2|6
|start
|switch|p1a: Tyranitar|Tyranitar, F|100/100
|switch|p2a: Mandibuzz|Mandibuzz, F|100/100
|-weather|Sandstorm|[from] ability: Sand Stream|[of] p1a: Tyranitar
|turn|1
|inactive|Battle timer is ON: inactive players will automatically lose when time's up. (requested by ALPSG)
|
|t:|1779609760
|move|p2a: Mandibuzz|U-turn|p1a: Tyranitar
|-supereffective|p1a: Tyranitar
|-damage|p1a: Tyranitar|82/100
|-damage|p2a: Mandibuzz|84/100|[from] item: Rocky Helmet|[of] p1a: Tyranitar
|c|☆ALPSG|？？？
|
|t:|1779609765
|switch|p2a: Excadrill|Excadrill, M|100/100|[from] U-turn
|move|p1a: Tyranitar|Stealth Rock|p2a: Excadrill
|-sidestart|p2: Amen2u|move: Stealth Rock
|
|-weather|Sandstorm|[upkeep]
|upkeep
|turn|2
|c|☆Amen2u|what
|c|☆ALPSG|love you baby
|
|t:|1779609791
|switch|p1a: Hippowdon|Hippowdon, M|100/100
|-terastallize|p2a: Excadrill|Ground
|move|p2a: Excadrill|Swords Dance|p2a: Excadrill
|-boost|p2a: Excadrill|atk|2
|
|-weather|Sandstorm|[upkeep]
|upkeep
|turn|3
|c|☆Amen2u|tf
|inactive|Amen2u has 120 seconds left.
|c|☆Amen2u|ur VERY wierd
|c|☆ALPSG|what？
|
|t:|1779609826
|move|p2a: Excadrill|Earthquake|p1a: Hippowdon
|-damage|p1a: Hippowdon|0 fnt
|faint|p1a: Hippowdon
|-damage|p2a: Excadrill|91/100|[from] item: Life Orb
|
|-weather|Sandstorm|[upkeep]
|upkeep
|c|☆Amen2u|excadrill my goat
|
|t:|1779609836
|switch|p1a: Excadrill|Excadrill, M|100/100
|turn|4
|
|t:|1779609843
|switch|p1a: Dragonite|Dragonite, M|100/100
|move|p2a: Excadrill|Earthquake|p1a: Dragonite
|-immune|p1a: Dragonite
|
|-weather|Sandstorm|[upkeep]
|-damage|p1a: Dragonite|94/100|[from] Sandstorm
|upkeep
|turn|5
|inactive|ALPSG has 120 seconds left.
|
|t:|1779609865
|move|p2a: Excadrill|Rock Slide|p1a: Dragonite|[miss]
|-miss|p2a: Excadrill|p1a: Dragonite
|move|p1a: Dragonite|Dragon Dance|p1a: Dragonite
|-boost|p1a: Dragonite|atk|1
|-boost|p1a: Dragonite|spe|1
|
|-weather|none
|upkeep
|turn|6
|
|t:|1779609875
|move|p1a: Dragonite|Dragon Dance|p1a: Dragonite
|-boost|p1a: Dragonite|atk|1
|-boost|p1a: Dragonite|spe|1
|move|p2a: Excadrill|Rock Slide|p1a: Dragonite
|-supereffective|p1a: Dragonite
|-damage|p1a: Dragonite|0 fnt
|faint|p1a: Dragonite
|-damage|p2a: Excadrill|81/100|[from] item: Life Orb
|
|upkeep
|c|☆ALPSG|no1
|inactive|ALPSG has 120 seconds left.
|
|t:|1779609887
|switch|p1a: Excadrill|Excadrill, M|100/100
|turn|7
|c|☆Amen2u|THAT 1 SHOT THROUGH MULTISCALE
|
|t:|1779609893
|switch|p2a: Mandibuzz|Mandibuzz, F|84/100
|-damage|p2a: Mandibuzz|59/100|[from] Stealth Rock
|move|p1a: Excadrill|Earthquake|p2a: Mandibuzz
|-immune|p2a: Mandibuzz
|
|upkeep
|turn|8
|-message|ALPSG forfeited.
|
|win|Amen2u
|raw|ALPSG's rating: 1026 &rarr; <strong>1014</strong><br />(-12 for losing)
|raw|Amen2u's rating: 1083 &rarr; <strong>1106</strong><br />(+23 for winning)
|l|☆ALPSG
|player|p1|
|c|☆Amen2u|aight ggs
