|j|☆James2464
|j|☆dooozdzdz
|t:|1779668288
|gametype|singles
|player|p1|James2464|miku-ghost|1681
|player|p2|dooozdzdz|cilan|1664
|gen|9
|tier|[Gen 9] OU
|rated|
|rule|HP Percentage Mod: HP is shown in percentages
|rule|Endless Battle Clause: Forcing endless battles is banned
|rule|Species Clause: Limit one of each Pokémon
|rule|OHKO Clause: OHKO moves are banned
|rule|Evasion Items Clause: Evasion items are banned
|rule|Evasion Moves Clause: Evasion moves are banned
|rule|Evasion Abilities Clause: Evasion abilities are banned
|rule|Sleep Moves Clause: Sleep-inducing moves are banned
|clearpoke
|poke|p1|Cramorant, M|
|poke|p1|Gallade, M|
|poke|p1|Kingambit, M|
|poke|p1|Iron Moth|
|poke|p1|Enamorus, F|
|poke|p1|Ogerpon-Cornerstone, F|
|poke|p2|Maushold|
|poke|p2|Incineroar, M|
|poke|p2|Landorus-Therian, M|
|poke|p2|Empoleon, F|
|poke|p2|Slowking-Galar, M|
|poke|p2|Scizor, M|
|teampreview
|inactive|Battle timer is ON: inactive players will automatically lose when time's up. (requested by James2464)
|
|t:|1779668310
|teamsize|p1|6
|teamsize|p2|6
|start
|switch|p1a: Kingambit|Kingambit, M|100/100
|switch|p2a: Maushold|Maushold|100/100
|turn|1
|
|t:|1779668322
|switch|p2a: Incineroar|Incineroar, M|100/100
|-ability|p2a: Incineroar|Intimidate|boost
|-unboost|p1a: Kingambit|atk|1
|move|p1a: Kingambit|Kowtow Cleave|p2a: Incineroar
|-resisted|p2a: Incineroar
|-damage|p2a: Incineroar|84/100
|
|upkeep
|turn|2
|
|t:|1779668326
|-end|p1a: Kingambit|fallenundefined|[silent]
|switch|p1a: Cramorant|Cramorant, M, shiny|100/100
|move|p2a: Incineroar|Parting Shot|p1a: Cramorant
|-unboost|p1a: Cramorant|atk|1
|-unboost|p1a: Cramorant|spa|1
|
|t:|1779668328
|switch|p2a: Maushold|Maushold|100/100|[from] Parting Shot
|
|upkeep
|turn|3
|
|t:|1779668330
|switch|p1a: Kingambit|Kingambit, M|100/100
|move|p2a: Maushold|Population Bomb|p1a: Kingambit
|-resisted|p1a: Kingambit
|-damage|p1a: Kingambit|96/100
|-hitcount|p1a: Kingambit|1
|
|-heal|p1a: Kingambit|100/100|[from] item: Leftovers
|upkeep
|turn|4
|
|t:|1779668348
|switch|p2a: Empoleon|Empoleon, F|100/100
|move|p1a: Kingambit|Swords Dance|p1a: Kingambit
|-boost|p1a: Kingambit|atk|2
|
|upkeep
|turn|5
|
|t:|1779668351
|move|p2a: Empoleon|Vacuum Wave|p1a: Kingambit
|-supereffective|p1a: Kingambit
|-damage|p1a: Kingambit|37/100
|move|p1a: Kingambit|Kowtow Cleave|p2a: Empoleon
|-damage|p2a: Empoleon|2/100
|
|-heal|p1a: Kingambit|43/100|[from] item: Leftovers
|upkeep
|turn|6
|j| HiYawn
|
|t:|1779668357
|-end|p1a: Kingambit|fallenundefined|[silent]
|switch|p1a: Cramorant|Cramorant, M, shiny|100/100
|move|p2a: Empoleon|Stealth Rock|p1a: Cramorant
|-sidestart|p1: James2464|move: Stealth Rock
|
|upkeep
|turn|7
|
|t:|1779668361
|move|p1a: Cramorant|Surf|p2a: Empoleon
|-formechange|p1a: Cramorant|Cramorant-Gulping|
|-resisted|p2a: Empoleon
|-damage|p2a: Empoleon|0 fnt
|faint|p2a: Empoleon
|
|upkeep
|
|t:|1779668363
|switch|p2a: Maushold|Maushold|100/100
|turn|8
|
|t:|1779668373
|switch|p1a: Ogerpon|Ogerpon-Cornerstone, F|100/100
|-damage|p1a: Ogerpon|88/100|[from] Stealth Rock
|move|p2a: Maushold|Population Bomb|p1a: Ogerpon
|-resisted|p1a: Ogerpon
|-damage|p1a: Ogerpon|81/100
|-resisted|p1a: Ogerpon
|-damage|p1a: Ogerpon|74/100
|-resisted|p1a: Ogerpon
|-damage|p1a: Ogerpon|67/100
|-resisted|p1a: Ogerpon
|-damage|p1a: Ogerpon|60/100
|-resisted|p1a: Ogerpon
|-damage|p1a: Ogerpon|53/100
|-resisted|p1a: Ogerpon
|-damage|p1a: Ogerpon|46/100
|-resisted|p1a: Ogerpon
|-damage|p1a: Ogerpon|38/100
|-resisted|p1a: Ogerpon
|-damage|p1a: Ogerpon|31/100
|-resisted|p1a: Ogerpon
|-damage|p1a: Ogerpon|24/100
|-resisted|p1a: Ogerpon
|-damage|p1a: Ogerpon|17/100
|-hitcount|p1a: Ogerpon|10
|
|upkeep
|turn|9
|
|t:|1779668379
|move|p2a: Maushold|Bite|p1a: Ogerpon
|-damage|p1a: Ogerpon|0 fnt
|faint|p1a: Ogerpon
|
|upkeep
|l| HiYawn
|
|t:|1779668393
|switch|p1a: Gallade|Gallade, M|100/100
|-damage|p1a: Gallade|94/100|[from] Stealth Rock
|turn|10
|
|t:|1779668410
|switch|p2a: Landorus|Landorus-Therian, M|100/100
|-ability|p2a: Landorus|Intimidate|boost
|-unboost|p1a: Gallade|atk|1
|-terastallize|p1a: Gallade|Ghost
|move|p1a: Gallade|Swords Dance|p1a: Gallade
|-boost|p1a: Gallade|atk|2
|
|upkeep
|turn|11
|
|t:|1779668414
|move|p2a: Landorus|U-turn|p1a: Gallade
|-resisted|p1a: Gallade
|-damage|p1a: Gallade|72/100
|
|t:|1779668417
|switch|p2a: Incineroar|Incineroar, M|84/100|[from] U-turn
|-ability|p2a: Incineroar|Intimidate|boost
|-unboost|p1a: Gallade|atk|1
|move|p1a: Gallade|Psycho Cut|p2a: Incineroar
|-immune|p2a: Incineroar
|
|upkeep
|turn|12
|
|t:|1779668435
|switch|p1a: Cramorant|Cramorant, M, shiny|100/100
|-damage|p1a: Cramorant|76/100|[from] Stealth Rock
|move|p2a: Incineroar|Knock Off|p1a: Cramorant
|-damage|p1a: Cramorant|0 fnt
|-enditem|p1a: Cramorant|Focus Sash|[from] move: Knock Off|[of] p2a: Incineroar
|faint|p1a: Cramorant
|
|upkeep
|
|t:|1779668442
|switch|p1a: Enamorus|Enamorus, F|100/100
|-damage|p1a: Enamorus|76/100|[from] Stealth Rock
|turn|13
|j| 99DoubleX
|
|t:|1779668446
|switch|p2a: Slowking|Slowking-Galar, M|100/100
|move|p1a: Enamorus|Earth Power|p2a: Slowking
|-supereffective|p2a: Slowking
|-damage|p2a: Slowking|67/100
|
|upkeep
|turn|14
|
|t:|1779668452
|move|p1a: Enamorus|Earth Power|p2a: Slowking
|-supereffective|p2a: Slowking
|-damage|p2a: Slowking|36/100
|move|p2a: Slowking|Flamethrower|p1a: Enamorus
|-damage|p1a: Enamorus|36/100
|
|upkeep
|turn|15
|
|t:|1779668460
|switch|p2a: Landorus|Landorus-Therian, M|100/100
|-ability|p2a: Landorus|Intimidate|boost
|-boost|p1a: Enamorus|atk|1
|move|p1a: Enamorus|Moonblast|p2a: Landorus
|-damage|p2a: Landorus|26/100
|-unboost|p2a: Landorus|spa|1
|
|upkeep
|turn|16
|
|t:|1779668469
|move|p2a: Landorus|Stone Edge|p1a: Enamorus
|-supereffective|p1a: Enamorus
|-damage|p1a: Enamorus|0 fnt
|faint|p1a: Enamorus
|
|upkeep
|
|t:|1779668474
|switch|p1a: Kingambit|Kingambit, M|43/100
|-damage|p1a: Kingambit|37/100|[from] Stealth Rock
|-activate|p1a: Kingambit|ability: Supreme Overlord
|-start|p1a: Kingambit|fallen3|[silent]
|turn|17
|
|t:|1779668479
|switch|p2a: Incineroar|Incineroar, M|84/100
|-ability|p2a: Incineroar|Intimidate|boost
|-unboost|p1a: Kingambit|atk|1
|move|p1a: Kingambit|Swords Dance|p1a: Kingambit
|-boost|p1a: Kingambit|atk|2
|
|-heal|p1a: Kingambit|43/100|[from] item: Leftovers
|upkeep
|turn|18
|
|t:|1779668492
|move|p1a: Kingambit|Sucker Punch|p2a: Incineroar
|-resisted|p2a: Incineroar
|-damage|p2a: Incineroar|42/100
|move|p2a: Incineroar|Overheat|p1a: Kingambit
|-supereffective|p1a: Kingambit
|-damage|p1a: Kingambit|0 fnt
|-unboost|p2a: Incineroar|spa|2
|faint|p1a: Kingambit
|-end|p1a: Kingambit|fallen3|[silent]
|
|upkeep
|
|t:|1779668497
|switch|p1a: Iron Moth|Iron Moth|100/100
|-damage|p1a: Iron Moth|76/100|[from] Stealth Rock
|-enditem|p1a: Iron Moth|Booster Energy
|-activate|p1a: Iron Moth|ability: Quark Drive|[fromitem]
|-start|p1a: Iron Moth|quarkdrivespe
|turn|19
|
|t:|1779668500
|move|p1a: Iron Moth|Fiery Dance|p2a: Incineroar
|-resisted|p2a: Incineroar
|-damage|p2a: Incineroar|28/100
|move|p2a: Incineroar|Parting Shot|p1a: Iron Moth
|-unboost|p1a: Iron Moth|atk|1
|-unboost|p1a: Iron Moth|spa|1
|
|t:|1779668509
|switch|p2a: Slowking|Slowking-Galar, M|69/100|[from] Parting Shot
|
|upkeep
|turn|20
|
|t:|1779668512
|move|p1a: Iron Moth|Substitute|p1a: Iron Moth
|-start|p1a: Iron Moth|Substitute
|-damage|p1a: Iron Moth|51/100
|move|p2a: Slowking|Psyshock|p1a: Iron Moth
|-supereffective|p1a: Iron Moth
|-end|p1a: Iron Moth|Substitute
|
|upkeep
|turn|21
|l| 99DoubleX
|
|t:|1779668523
|-end|p1a: Iron Moth|Quark Drive|[silent]
|switch|p1a: Gallade|Gallade, M, tera:Ghost|72/100
|-damage|p1a: Gallade|60/100|[from] Stealth Rock
|move|p2a: Slowking|Psyshock|p1a: Gallade
|-damage|p1a: Gallade|0 fnt
|faint|p1a: Gallade
|
|upkeep
|c|☆James2464|gg
|
|t:|1779668527
|switch|p1a: Iron Moth|Iron Moth|51/100
|-damage|p1a: Iron Moth|26/100|[from] Stealth Rock
|turn|22
|c|☆dooozdzdz|gg
|
|t:|1779668530
|move|p1a: Iron Moth|Fiery Dance|p2a: Slowking
|-damage|p2a: Slowking|50/100
|-boost|p1a: Iron Moth|spa|1
|move|p2a: Slowking|Psyshock|p1a: Iron Moth
|-supereffective|p1a: Iron Moth
|-damage|p1a: Iron Moth|0 fnt
|faint|p1a: Iron Moth
|-end|p1a: Iron Moth|Quark Drive|[silent]
|
|win|dooozdzdz
|raw|James2464's rating: 1681 &rarr; <strong>1660</strong><br />(-21 for losing)
|raw|dooozdzdz's rating: 1664 &rarr; <strong>1685</strong><br />(+21 for winning)
|l|☆James2464
|player|p1|
|l|☆dooozdzdz
|player|p2|
