|j|☆mitul421
|j|☆ghkliufxcbnkhgdccc
|t:|1779592812
|gametype|singles
|player|p1|mitul421|red|1150
|player|p2|ghkliufxcbnkhgdccc|rosa|1242
|gen|9
|tier|[Gen 9] OU
|rated|
|rule|HP Percentage Mod: HP is shown in percentages
|rule|Endless Battle Clause: Forcing endless battles is banned
|rule|Species Clause: Limit one of each Pokémon
|rule|OHKO Clause: OHKO moves are banned
|rule|Evasion Items Clause: Evasion items are banned
|rule|Evasion Moves Clause: Evasion moves are banned
|rule|Evasion Abilities Clause: Evasion abilities are banned
|rule|Sleep Moves Clause: Sleep-inducing moves are banned
|clearpoke
|poke|p1|Zangoose, M|
|poke|p1|Ceruledge, F|
|poke|p1|Blastoise, M|
|poke|p1|Clodsire, F|
|poke|p1|Raging Bolt|
|poke|p1|Garganacl, M|
|poke|p2|Tyranitar, F|
|poke|p2|Zapdos|
|poke|p2|Weezing-Galar, F|
|poke|p2|Kyurem|
|poke|p2|Ogerpon-Wellspring, F|
|poke|p2|Dragonite, F|
|teampreview
|inactive|Battle timer is ON: inactive players will automatically lose when time's up. (requested by mitul421)
|inactive|ghkliufxcbnkhgdccc also wants the timer to be on.
|
|t:|1779592822
|teamsize|p1|6
|teamsize|p2|6
|start
|switch|p1a: Clodsire|Clodsire, F|100/100
|switch|p2a: Dragonite|Dragonite, F|100/100
|turn|1
|
|t:|1779592827
|move|p2a: Dragonite|Dragon Dance|p2a: Dragonite
|-boost|p2a: Dragonite|atk|1
|-boost|p2a: Dragonite|spe|1
|move|p1a: Clodsire|Toxic|p2a: Dragonite
|-status|p2a: Dragonite|tox
|
|-damage|p2a: Dragonite|94/100 tox|[from] psn
|upkeep
|turn|2
|
|t:|1779592829
|move|p2a: Dragonite|Earthquake|p1a: Clodsire
|-supereffective|p1a: Clodsire
|-damage|p1a: Clodsire|0 fnt
|faint|p1a: Clodsire
|
|-damage|p2a: Dragonite|82/100 tox|[from] psn
|upkeep
|
|t:|1779592847
|switch|p1a: Blastoise|Blastoise, M|100/100
|turn|3
|
|t:|1779592852
|move|p2a: Dragonite|Extreme Speed|p1a: Blastoise
|-damage|p1a: Blastoise|46/100
|move|p1a: Blastoise|Shell Smash|p1a: Blastoise
|-unboost|p1a: Blastoise|def|1
|-unboost|p1a: Blastoise|spd|1
|-boost|p1a: Blastoise|atk|2
|-boost|p1a: Blastoise|spa|2
|-boost|p1a: Blastoise|spe|2
|-enditem|p1a: Blastoise|White Herb
|-clearnegativeboost|p1a: Blastoise|[silent]
|
|-damage|p2a: Dragonite|63/100 tox|[from] psn
|upkeep
|turn|4
|
|t:|1779592858
|move|p2a: Dragonite|Extreme Speed|p1a: Blastoise
|-damage|p1a: Blastoise|0 fnt
|faint|p1a: Blastoise
|
|-damage|p2a: Dragonite|38/100 tox|[from] psn
|upkeep
|
|t:|1779592864
|switch|p1a: Raging Bolt|Raging Bolt|100/100
|turn|5
|
|t:|1779592866
|move|p1a: Raging Bolt|Thunderclap|p2a: Dragonite
|-damage|p2a: Dragonite|0 fnt
|faint|p2a: Dragonite
|
|upkeep
|
|t:|1779592870
|switch|p2a: Tyranitar|Tyranitar, F|100/100
|-weather|Sandstorm|[from] ability: Sand Stream|[of] p2a: Tyranitar
|turn|6
|
|t:|1779592880
|move|p1a: Raging Bolt|Calm Mind|p1a: Raging Bolt
|-boost|p1a: Raging Bolt|spa|1
|-boost|p1a: Raging Bolt|spd|1
|move|p2a: Tyranitar|Earthquake|p1a: Raging Bolt
|-supereffective|p1a: Raging Bolt
|-damage|p1a: Raging Bolt|46/100
|-enditem|p1a: Raging Bolt|Weakness Policy
|-boost|p1a: Raging Bolt|atk|2|[from] item: Weakness Policy
|-boost|p1a: Raging Bolt|spa|2|[from] item: Weakness Policy
|
|-weather|Sandstorm|[upkeep]
|-damage|p1a: Raging Bolt|40/100|[from] Sandstorm
|upkeep
|turn|7
|
|t:|1779592886
|move|p1a: Raging Bolt|Thunderclap|p2a: Tyranitar
|-damage|p2a: Tyranitar|71/100
|move|p2a: Tyranitar|Earthquake|p1a: Raging Bolt
|-supereffective|p1a: Raging Bolt
|-damage|p1a: Raging Bolt|0 fnt
|faint|p1a: Raging Bolt
|-end|p1a: Raging Bolt|Protosynthesis|[silent]
|
|-weather|Sandstorm|[upkeep]
|upkeep
|
|t:|1779592896
|switch|p1a: Zangoose|Zangoose, M|100/100
|turn|8
|
|t:|1779592901
|switch|p2a: Weezing|Weezing-Galar, F|100/100
|-ability|p2a: Weezing|Neutralizing Gas
|move|p1a: Zangoose|Swords Dance|p1a: Zangoose
|-boost|p1a: Zangoose|atk|2
|
|-weather|Sandstorm|[upkeep]
|-damage|p1a: Zangoose|95/100|[from] Sandstorm
|-damage|p2a: Weezing|95/100|[from] Sandstorm
|-heal|p2a: Weezing|100/100|[from] item: Black Sludge
|-status|p1a: Zangoose|tox|[from] item: Toxic Orb
|upkeep
|turn|9
|
|t:|1779592908
|move|p1a: Zangoose|Facade|p2a: Weezing
|-damage|p2a: Weezing|12/100
|move|p2a: Weezing|Will-O-Wisp||[still]
|-fail|p2a: Weezing
|
|-weather|Sandstorm|[upkeep]
|-damage|p1a: Zangoose|89/100 tox|[from] Sandstorm
|-damage|p2a: Weezing|6/100|[from] Sandstorm
|-heal|p2a: Weezing|12/100|[from] item: Black Sludge
|-damage|p1a: Zangoose|83/100 tox|[from] psn
|upkeep
|turn|10
|
|t:|1779592915
|move|p1a: Zangoose|Quick Attack|p2a: Weezing
|-damage|p2a: Weezing|0 fnt
|faint|p2a: Weezing
|-end|p2a: Weezing|ability: Neutralizing Gas
|
|-weather|none
|-damage|p1a: Zangoose|71/100 tox|[from] psn
|upkeep
|
|t:|1779592921
|switch|p2a: Kyurem|Kyurem|100/100
|-ability|p2a: Kyurem|Pressure
|turn|11
|
|t:|1779592924
|move|p2a: Kyurem|Draco Meteor|p1a: Zangoose|[miss]
|-miss|p2a: Kyurem|p1a: Zangoose
|move|p1a: Zangoose|Facade|p2a: Kyurem
|-damage|p2a: Kyurem|0 fnt
|faint|p2a: Kyurem
|
|-damage|p1a: Zangoose|53/100 tox|[from] psn
|upkeep
|
|t:|1779592926
|switch|p2a: Zapdos|Zapdos|100/100
|turn|12
|c|☆mitul421|Lolll
|
|t:|1779592934
|move|p1a: Zangoose|Quick Attack|p2a: Zapdos
|-damage|p2a: Zapdos|47/100
|move|p2a: Zapdos|Volt Switch|p1a: Zangoose
|-damage|p1a: Zangoose|0 fnt
|faint|p1a: Zangoose
|
|t:|1779592940
|switch|p2a: Tyranitar|Tyranitar, F|71/100|[from] Volt Switch
|-weather|Sandstorm|[from] ability: Sand Stream|[of] p2a: Tyranitar
|
|-weather|Sandstorm|[upkeep]
|upkeep
|inactive|mitul421 has 120 seconds left.
|
|t:|1779592971
|switch|p1a: Ceruledge|Ceruledge, F, shiny|100/100
|turn|13
|
|t:|1779592975
|move|p1a: Ceruledge|Close Combat|p2a: Tyranitar
|-supereffective|p2a: Tyranitar
|-damage|p2a: Tyranitar|0 fnt
|-unboost|p1a: Ceruledge|def|1
|-unboost|p1a: Ceruledge|spd|1
|faint|p2a: Tyranitar
|
|-weather|Sandstorm|[upkeep]
|-damage|p1a: Ceruledge|94/100|[from] Sandstorm
|upkeep
|
|t:|1779592978
|switch|p2a: Ogerpon|Ogerpon-Wellspring, F|100/100
|turn|14
|
|t:|1779592995
|move|p2a: Ogerpon|Ivy Cudgel|p1a: Ceruledge|[anim] Ivy Cudgel Water
|-supereffective|p1a: Ceruledge
|-damage|p1a: Ceruledge|0 fnt
|faint|p1a: Ceruledge
|
|-weather|Sandstorm|[upkeep]
|-damage|p2a: Ogerpon|95/100|[from] Sandstorm
|upkeep
|
|t:|1779592997
|switch|p1a: Garganacl|Garganacl, M|100/100
|turn|15
|
|t:|1779593002
|move|p2a: Ogerpon|Ivy Cudgel|p1a: Garganacl|[anim] Ivy Cudgel Water
|-supereffective|p1a: Garganacl
|-damage|p1a: Garganacl|38/100
|move|p1a: Garganacl|Salt Cure|p2a: Ogerpon
|-damage|p2a: Ogerpon|76/100
|-start|p2a: Ogerpon|Salt Cure
|
|-weather|Sandstorm|[upkeep]
|-damage|p2a: Ogerpon|70/100|[from] Sandstorm
|-heal|p1a: Garganacl|44/100|[from] item: Leftovers
|-damage|p2a: Ogerpon|45/100|[from] Salt Cure
|upkeep
|turn|16
|
|t:|1779593020
|switch|p2a: Zapdos|Zapdos|47/100
|move|p1a: Garganacl|Salt Cure|p2a: Zapdos
|-supereffective|p2a: Zapdos
|-damage|p2a: Zapdos|23/100
|-start|p2a: Zapdos|Salt Cure
|
|-weather|none
|-heal|p1a: Garganacl|50/100|[from] item: Leftovers
|-damage|p2a: Zapdos|10/100|[from] Salt Cure
|upkeep
|turn|17
|
|t:|1779593024
|move|p2a: Zapdos|Roost|p2a: Zapdos
|-heal|p2a: Zapdos|60/100
|-singleturn|p2a: Zapdos|move: Roost
|move|p1a: Garganacl|Stealth Rock|p2a: Zapdos
|-sidestart|p2: ghkliufxcbnkhgdccc|move: Stealth Rock
|
|-heal|p1a: Garganacl|57/100|[from] item: Leftovers
|-damage|p2a: Zapdos|48/100|[from] Salt Cure
|upkeep
|turn|18
|
|t:|1779593027
|move|p2a: Zapdos|Roost|p2a: Zapdos
|-heal|p2a: Zapdos|98/100
|-singleturn|p2a: Zapdos|move: Roost
|move|p1a: Garganacl|Salt Cure|p2a: Zapdos
|-damage|p2a: Zapdos|84/100
|
|-heal|p1a: Garganacl|63/100|[from] item: Leftovers
|-damage|p2a: Zapdos|71/100|[from] Salt Cure
|upkeep
|turn|19
|
|t:|1779593030
|move|p2a: Zapdos|Volt Switch|p1a: Garganacl
|-damage|p1a: Garganacl|36/100
|
|t:|1779593033
|switch|p2a: Ogerpon|Ogerpon-Wellspring, F|45/100|[from] Volt Switch
|-damage|p2a: Ogerpon|32/100|[from] Stealth Rock
|move|p1a: Garganacl|Salt Cure|p2a: Ogerpon
|-damage|p2a: Ogerpon|14/100
|-start|p2a: Ogerpon|Salt Cure
|
|-heal|p1a: Garganacl|42/100|[from] item: Leftovers
|-damage|p2a: Ogerpon|0 fnt|[from] Salt Cure
|faint|p2a: Ogerpon
|upkeep
|
|t:|1779593034
|switch|p2a: Zapdos|Zapdos|71/100
|turn|20
|
|t:|1779593055
|-terastallize|p2a: Zapdos|Grass
|move|p2a: Zapdos|Volt Switch|p1a: Garganacl
|-damage|p1a: Garganacl|12/100
|move|p1a: Garganacl|Salt Cure|p2a: Zapdos
|-damage|p2a: Zapdos|59/100
|-start|p2a: Zapdos|Salt Cure
|
|-heal|p1a: Garganacl|18/100|[from] item: Leftovers
|-damage|p2a: Zapdos|46/100|[from] Salt Cure
|upkeep
|turn|21
|
|t:|1779593061
|move|p2a: Zapdos|Volt Switch|p1a: Garganacl
|-damage|p1a: Garganacl|0 fnt
|faint|p1a: Garganacl
|
|win|ghkliufxcbnkhgdccc
|raw|mitul421's rating: 1150 &rarr; <strong>1131</strong><br />(-19 for losing)
|raw|ghkliufxcbnkhgdccc's rating: 1242 &rarr; <strong>1261</strong><br />(+19 for winning)
|l|☆mitul421
|player|p1|
