|j|☆claudechamp
|j|☆panzershock
|t:|1779699846
|gametype|singles
|player|p1|claudechamp|169|1102
|player|p2|panzershock|266|1172
|gen|9
|tier|[Gen 9] OU
|rated|
|rule|HP Percentage Mod: HP is shown in percentages
|rule|Endless Battle Clause: Forcing endless battles is banned
|rule|Species Clause: Limit one of each Pokémon
|rule|OHKO Clause: OHKO moves are banned
|rule|Evasion Items Clause: Evasion items are banned
|rule|Evasion Moves Clause: Evasion moves are banned
|rule|Evasion Abilities Clause: Evasion abilities are banned
|rule|Sleep Moves Clause: Sleep-inducing moves are banned
|clearpoke
|poke|p1|Gliscor, F|
|poke|p1|Ogerpon, F|
|poke|p1|Walking Wake|
|poke|p1|Blissey, F|
|poke|p1|Corviknight, M|
|poke|p1|Pecharunt|
|poke|p2|Squawkabilly-White, F|
|poke|p2|Ting-Lu|
|poke|p2|Cloyster, F|
|poke|p2|Cinderace, F|
|poke|p2|Cetitan, F|
|poke|p2|Gholdengo|
|teampreview
|c|☆claudechamp|hf
|inactive|Battle timer is ON: inactive players will automatically lose when time's up. (requested by claudechamp)
|
|t:|1779699854
|teamsize|p1|6
|teamsize|p2|6
|start
|switch|p1a: Gliscor|Gliscor, F|100/100
|switch|p2a: Cetitan|Cetitan, F|100/100
|turn|1
|
|t:|1779699858
|move|p1a: Gliscor|Spikes|p2a: Cetitan
|-sidestart|p2: panzershock|Spikes
|move|p2a: Cetitan|Icicle Crash|p1a: Gliscor
|-supereffective|p1a: Gliscor
|-damage|p1a: Gliscor|0 fnt
|faint|p1a: Gliscor
|
|upkeep
|
|t:|1779699861
|switch|p1a: Pecharunt|Pecharunt|100/100
|turn|2
|
|t:|1779699870
|switch|p2a: Gholdengo|Gholdengo|100/100
|-damage|p2a: Gholdengo|88/100|[from] Spikes
|move|p1a: Pecharunt|Malignant Chain|p2a: Gholdengo
|-immune|p2a: Gholdengo
|
|upkeep
|turn|3
|
|t:|1779699878
|switch|p2a: Squawkabilly|Squawkabilly-White, F|100/100
|-ability|p2a: Squawkabilly|Intimidate|boost
|-unboost|p1a: Pecharunt|atk|1
|switch|p1a: Blissey|Blissey, F|100/100
|
|upkeep
|turn|4
|
|t:|1779699887
|move|p2a: Squawkabilly|Parting Shot|p1a: Blissey
|-unboost|p1a: Blissey|atk|1
|-unboost|p1a: Blissey|spa|1
|
|t:|1779699894
|switch|p2a: Gholdengo|Gholdengo|88/100|[from] Parting Shot
|-damage|p2a: Gholdengo|76/100|[from] Spikes
|move|p1a: Blissey|Stealth Rock|p2a: Gholdengo
|-sidestart|p2: panzershock|move: Stealth Rock
|
|upkeep
|turn|5
|
|t:|1779699901
|switch|p1a: Walking Wake|Walking Wake|100/100
|move|p2a: Gholdengo|Charge Beam|p1a: Walking Wake
|-damage|p1a: Walking Wake|79/100
|
|upkeep
|turn|6
|
|t:|1779699909
|move|p1a: Walking Wake|Surf|p2a: Gholdengo
|-damage|p2a: Gholdengo|24/100
|move|p2a: Gholdengo|Dazzling Gleam|p1a: Walking Wake
|-supereffective|p1a: Walking Wake
|-damage|p1a: Walking Wake|0 fnt
|faint|p1a: Walking Wake
|-end|p1a: Walking Wake|Protosynthesis|[silent]
|
|upkeep
|
|t:|1779699911
|switch|p1a: Ogerpon|Ogerpon, F|100/100
|turn|7
|
|t:|1779699918
|move|p1a: Ogerpon|Ivy Cudgel|p2a: Gholdengo
|-resisted|p2a: Gholdengo
|-crit|p2a: Gholdengo
|-damage|p2a: Gholdengo|0 fnt
|faint|p2a: Gholdengo
|
|upkeep
|
|t:|1779699924
|switch|p2a: Cinderace|Cinderace, F|100/100
|turn|8
|
|t:|1779699929
|move|p2a: Cinderace|Will-O-Wisp|p1a: Ogerpon
|-status|p1a: Ogerpon|brn
|move|p1a: Ogerpon|Ivy Cudgel|p2a: Cinderace
|-resisted|p2a: Cinderace
|-crit|p2a: Cinderace
|-damage|p2a: Cinderace|72/100
|
|-damage|p1a: Ogerpon|95/100 brn|[from] brn
|upkeep
|turn|9
|
|t:|1779699937
|move|p2a: Cinderace|Court Change|p2a: Cinderace
|-start|p2a: Cinderace|typechange|Normal|[from] ability: Libero
|-swapsideconditions
|-activate|p2a: Cinderace|move: Court Change
|move|p1a: Ogerpon|Knock Off|p2a: Cinderace
|-damage|p2a: Cinderace|49/100
|-enditem|p2a: Cinderace|Heavy-Duty Boots|[from] move: Knock Off|[of] p1a: Ogerpon
|
|-damage|p1a: Ogerpon|89/100 brn|[from] brn
|upkeep
|turn|10
|
|t:|1779699942
|move|p2a: Cinderace|U-turn|p1a: Ogerpon
|-supereffective|p1a: Ogerpon
|-damage|p1a: Ogerpon|25/100 brn
|
|t:|1779699948
|switch|p2a: Cloyster|Cloyster, F|100/100|[from] U-turn
|move|p1a: Ogerpon|U-turn|p2a: Cloyster
|-damage|p2a: Cloyster|91/100
|
|t:|1779699952
|switch|p1a: Pecharunt|Pecharunt|100/100|[from] U-turn
|
|upkeep
|turn|11
|
|t:|1779699963
|move|p2a: Cloyster|Icicle Spear|p1a: Pecharunt
|-damage|p1a: Pecharunt|94/100
|-damage|p1a: Pecharunt|88/100
|-damage|p1a: Pecharunt|81/100
|-damage|p1a: Pecharunt|75/100
|-damage|p1a: Pecharunt|68/100
|-hitcount|p1a: Pecharunt|5
|move|p1a: Pecharunt|Malignant Chain|p2a: Cloyster
|-damage|p2a: Cloyster|10/100
|
|upkeep
|turn|12
|
|t:|1779699975
|move|p2a: Cloyster|Icicle Spear|p1a: Pecharunt
|-damage|p1a: Pecharunt|62/100
|-damage|p1a: Pecharunt|56/100
|-damage|p1a: Pecharunt|49/100
|-damage|p1a: Pecharunt|42/100
|-damage|p1a: Pecharunt|36/100
|-hitcount|p1a: Pecharunt|5
|move|p1a: Pecharunt|Malignant Chain|p2a: Cloyster
|-damage|p2a: Cloyster|0 fnt
|faint|p2a: Cloyster
|
|upkeep
|
|t:|1779699990
|switch|p2a: Cinderace|Cinderace, F|49/100
|turn|13
|
|t:|1779699993
|move|p2a: Cinderace|Iron Head|p1a: Pecharunt
|-start|p2a: Cinderace|typechange|Steel|[from] ability: Libero
|-damage|p1a: Pecharunt|17/100
|move|p1a: Pecharunt|Recover|p1a: Pecharunt
|-heal|p1a: Pecharunt|67/100
|
|upkeep
|turn|14
|
|t:|1779699999
|move|p2a: Cinderace|Will-O-Wisp|p1a: Pecharunt
|-status|p1a: Pecharunt|brn
|move|p1a: Pecharunt|Foul Play|p2a: Cinderace
|-damage|p2a: Cinderace|26/100
|
|-damage|p1a: Pecharunt|61/100 brn|[from] brn
|upkeep
|turn|15
|
|t:|1779700012
|move|p2a: Cinderace|Iron Head|p1a: Pecharunt
|-damage|p1a: Pecharunt|42/100 brn
|move|p1a: Pecharunt|Recover|p1a: Pecharunt
|-heal|p1a: Pecharunt|92/100 brn
|
|-damage|p1a: Pecharunt|86/100 brn|[from] brn
|upkeep
|turn|16
|
|t:|1779700017
|move|p2a: Cinderace|Iron Head|p1a: Pecharunt
|-damage|p1a: Pecharunt|67/100 brn
|cant|p1a: Pecharunt|flinch
|
|-damage|p1a: Pecharunt|61/100 brn|[from] brn
|upkeep
|turn|17
|
|t:|1779700021
|move|p2a: Cinderace|Iron Head|p1a: Pecharunt
|-damage|p1a: Pecharunt|44/100 brn
|move|p1a: Pecharunt|Recover|p1a: Pecharunt
|-heal|p1a: Pecharunt|94/100 brn
|
|-damage|p1a: Pecharunt|88/100 brn|[from] brn
|upkeep
|turn|18
|
|t:|1779700026
|move|p2a: Cinderace|Iron Head|p1a: Pecharunt
|-damage|p1a: Pecharunt|69/100 brn
|cant|p1a: Pecharunt|flinch
|
|-damage|p1a: Pecharunt|63/100 brn|[from] brn
|upkeep
|turn|19
|
|t:|1779700030
|move|p2a: Cinderace|Iron Head|p1a: Pecharunt
|-damage|p1a: Pecharunt|46/100 brn
|move|p1a: Pecharunt|Recover|p1a: Pecharunt
|-heal|p1a: Pecharunt|96/100 brn
|
|-damage|p1a: Pecharunt|90/100 brn|[from] brn
|upkeep
|turn|20
|
|t:|1779700035
|move|p2a: Cinderace|Iron Head|p1a: Pecharunt
|-damage|p1a: Pecharunt|71/100 brn
|move|p1a: Pecharunt|Foul Play|p2a: Cinderace
|-damage|p2a: Cinderace|3/100
|
|-damage|p1a: Pecharunt|65/100 brn|[from] brn
|upkeep
|turn|21
|
|t:|1779700041
|move|p2a: Cinderace|Iron Head|p1a: Pecharunt
|-damage|p1a: Pecharunt|47/100 brn
|move|p1a: Pecharunt|Recover|p1a: Pecharunt
|-heal|p1a: Pecharunt|97/100 brn
|
|-damage|p1a: Pecharunt|91/100 brn|[from] brn
|upkeep
|turn|22
|
|t:|1779700046
|move|p2a: Cinderace|Iron Head|p1a: Pecharunt
|-damage|p1a: Pecharunt|73/100 brn
|cant|p1a: Pecharunt|flinch
|
|-damage|p1a: Pecharunt|67/100 brn|[from] brn
|upkeep
|turn|23
|
|t:|1779700050
|move|p2a: Cinderace|Iron Head|p1a: Pecharunt
|-damage|p1a: Pecharunt|47/100 brn
|move|p1a: Pecharunt|Recover|p1a: Pecharunt
|-heal|p1a: Pecharunt|97/100 brn
|
|-damage|p1a: Pecharunt|91/100 brn|[from] brn
|upkeep
|turn|24
|
|t:|1779700055
|move|p2a: Cinderace|Iron Head|p1a: Pecharunt
|-damage|p1a: Pecharunt|74/100 brn
|move|p1a: Pecharunt|Foul Play|p2a: Cinderace
|-damage|p2a: Cinderace|0 fnt
|faint|p2a: Cinderace
|
|-damage|p1a: Pecharunt|68/100 brn|[from] brn
|upkeep
|
|t:|1779700065
|switch|p2a: Ting-Lu|Ting-Lu|100/100
|-ability|p2a: Ting-Lu|Vessel of Ruin
|turn|25
|
|t:|1779700069
|move|p1a: Pecharunt|Malignant Chain|p2a: Ting-Lu
|-resisted|p2a: Ting-Lu
|-damage|p2a: Ting-Lu|94/100
|-status|p2a: Ting-Lu|tox
|-start|p2a: Ting-Lu|confusion|[from] ability: Poison Puppeteer|[of] p1a: Pecharunt
|-activate|p2a: Ting-Lu|confusion
|move|p2a: Ting-Lu|Payback|p1a: Pecharunt
|-supereffective|p1a: Pecharunt
|-damage|p1a: Pecharunt|23/100 brn
|
|-damage|p2a: Ting-Lu|88/100 tox|[from] psn
|-damage|p1a: Pecharunt|17/100 brn|[from] brn
|upkeep
|turn|26
|
|t:|1779700086
|move|p1a: Pecharunt|Recover|p1a: Pecharunt
|-heal|p1a: Pecharunt|67/100 brn
|-activate|p2a: Ting-Lu|confusion
|move|p2a: Ting-Lu|Payback|p1a: Pecharunt
|-supereffective|p1a: Pecharunt
|-damage|p1a: Pecharunt|18/100 brn
|
|-damage|p2a: Ting-Lu|75/100 tox|[from] psn
|-damage|p1a: Pecharunt|12/100 brn|[from] brn
|upkeep
|turn|27
|
|t:|1779700095
|move|p1a: Pecharunt|Recover|p1a: Pecharunt
|-heal|p1a: Pecharunt|62/100 brn
|-end|p2a: Ting-Lu|confusion
|move|p2a: Ting-Lu|Payback|p1a: Pecharunt
|-supereffective|p1a: Pecharunt
|-damage|p1a: Pecharunt|14/100 brn
|
|-damage|p2a: Ting-Lu|57/100 tox|[from] psn
|-damage|p1a: Pecharunt|8/100 brn|[from] brn
|upkeep
|turn|28
|
|t:|1779700109
|move|p1a: Pecharunt|Malignant Chain|p2a: Ting-Lu
|-resisted|p2a: Ting-Lu
|-damage|p2a: Ting-Lu|49/100 tox
|move|p2a: Ting-Lu|Ruination|p1a: Pecharunt
|-damage|p1a: Pecharunt|4/100 brn
|
|-damage|p2a: Ting-Lu|24/100 tox|[from] psn
|-damage|p1a: Pecharunt|0 fnt|[from] brn
|faint|p1a: Pecharunt
|upkeep
|
|t:|1779700114
|switch|p1a: Corviknight|Corviknight, M|100/100
|-ability|p1a: Corviknight|Pressure
|turn|29
|
|t:|1779700121
|move|p1a: Corviknight|Body Press|p2a: Ting-Lu
|-supereffective|p2a: Ting-Lu
|-damage|p2a: Ting-Lu|0 fnt
|faint|p2a: Ting-Lu
|
|upkeep
|
|t:|1779700126
|switch|p2a: Squawkabilly|Squawkabilly-White, F|100/100
|-ability|p2a: Squawkabilly|Intimidate|boost
|-unboost|p1a: Corviknight|atk|1
|turn|30
|
|t:|1779700131
|move|p2a: Squawkabilly|Final Gambit|p1a: Corviknight
|-damage|p1a: Corviknight|1/100
|faint|p2a: Squawkabilly
|move|p1a: Corviknight|Body Press|p2: Squawkabilly|[notarget]
|-fail|p1a: Corviknight
|
|upkeep
|
|t:|1779700136
|switch|p2a: Cetitan|Cetitan, F|100/100
|turn|31
|
|t:|1779700141
|move|p2a: Cetitan|Ice Shard|p1a: Corviknight
|-damage|p1a: Corviknight|0 fnt
|faint|p1a: Corviknight
|-damage|p2a: Cetitan|91/100|[from] item: Life Orb
|
|upkeep
|
|t:|1779700147
|switch|p1a: Blissey|Blissey, F|100/100
|turn|32
|
|t:|1779700154
|-terastallize|p1a: Blissey|Dark
|move|p2a: Cetitan|Icicle Crash|p1a: Blissey
|-damage|p1a: Blissey|23/100
|move|p1a: Blissey|Soft-Boiled|p1a: Blissey
|-heal|p1a: Blissey|73/100
|
|upkeep
|turn|33
|
|t:|1779700161
|-terastallize|p2a: Cetitan|Fairy
|move|p2a: Cetitan|Play Rough|p1a: Blissey
|-supereffective|p1a: Blissey
|-damage|p1a: Blissey|0 fnt
|faint|p1a: Blissey
|
|upkeep
|
|t:|1779700166
|switch|p1a: Ogerpon|Ogerpon, F|25/100 brn
|turn|34
|
|t:|1779700170
|move|p2a: Cetitan|Ice Shard|p1a: Ogerpon
|-supereffective|p1a: Ogerpon
|-damage|p1a: Ogerpon|0 fnt
|faint|p1a: Ogerpon
|-damage|p2a: Cetitan|81/100|[from] item: Life Orb
|
|win|panzershock
|raw|claudechamp's rating: 1102 &rarr; <strong>1082</strong><br />(-20 for losing)
|raw|panzershock's rating: 1172 &rarr; <strong>1192</strong><br />(+20 for winning)
|c|☆claudechamp|gg
|l|☆panzershock
|player|p2|
|l|☆claudechamp
|player|p1|
