|j|☆sedd22
|j|☆mamcackms
|t:|1779630702
|gametype|singles
|player|p1|sedd22|1|1211
|player|p2|mamcackms|102|1238
|gen|9
|tier|[Gen 9] OU
|rated|
|rule|HP Percentage Mod: HP is shown in percentages
|rule|Endless Battle Clause: Forcing endless battles is banned
|rule|Species Clause: Limit one of each Pokémon
|rule|OHKO Clause: OHKO moves are banned
|rule|Evasion Items Clause: Evasion items are banned
|rule|Evasion Moves Clause: Evasion moves are banned
|rule|Evasion Abilities Clause: Evasion abilities are banned
|rule|Sleep Moves Clause: Sleep-inducing moves are banned
|clearpoke
|poke|p1|Garchomp, M|
|poke|p1|Primarina, F|
|poke|p1|Scizor, M|
|poke|p1|Typhlosion, F|
|poke|p1|Torkoal, M|
|poke|p1|Weavile, M|
|poke|p2|Enamorus, F|
|poke|p2|Regieleki|
|poke|p2|Heatran, F|
|poke|p2|Kyurem|
|poke|p2|Dudunsparce-*, F|
|poke|p2|Great Tusk|
|teampreview
|inactive|Battle timer is ON: inactive players will automatically lose when time's up. (requested by mamcackms)
|
|t:|1779630706
|teamsize|p1|6
|teamsize|p2|6
|start
|switch|p1a: Weavile|Weavile, M|100/100
|switch|p2a: Dudunsparce|Dudunsparce-Three-Segment, F|100/100
|-ability|p1a: Weavile|Pressure
|turn|1
|
|t:|1779630712
|move|p1a: Weavile|Taunt|p2a: Dudunsparce
|-start|p2a: Dudunsparce|move: Taunt
|cant|p2a: Dudunsparce|move: Taunt|Glare
|
|upkeep
|turn|2
|
|t:|1779630719
|move|p1a: Weavile|Icicle Crash|p2a: Dudunsparce
|-damage|p2a: Dudunsparce|66/100
|move|p2a: Dudunsparce|Boomburst|p1a: Weavile
|-damage|p1a: Weavile|38/100
|
|-heal|p2a: Dudunsparce|72/100|[from] item: Leftovers
|upkeep
|turn|3
|
|t:|1779630727
|move|p1a: Weavile|Icicle Crash|p2a: Dudunsparce
|-damage|p2a: Dudunsparce|35/100
|move|p2a: Dudunsparce|Boomburst|p1a: Weavile
|-damage|p1a: Weavile|0 fnt
|faint|p1a: Weavile
|
|-heal|p2a: Dudunsparce|41/100|[from] item: Leftovers
|-end|p2a: Dudunsparce|move: Taunt
|upkeep
|
|t:|1779630737
|switch|p1a: Scizor|Scizor, M|100/100
|turn|4
|
|t:|1779630740
|move|p2a: Dudunsparce|Glare|p1a: Scizor
|-status|p1a: Scizor|par
|move|p1a: Scizor|Swords Dance|p1a: Scizor
|-boost|p1a: Scizor|atk|2
|
|-heal|p2a: Dudunsparce|47/100|[from] item: Leftovers
|upkeep
|turn|5
|
|t:|1779630749
|switch|p2a: Great Tusk|Great Tusk|100/100
|move|p1a: Scizor|Swords Dance|p1a: Scizor
|-boost|p1a: Scizor|atk|2
|
|upkeep
|turn|6
|
|t:|1779630755
|-terastallize|p1a: Scizor|Steel
|move|p1a: Scizor|Bullet Punch|p2a: Great Tusk
|-damage|p2a: Great Tusk|6/100
|move|p2a: Great Tusk|Close Combat|p1a: Scizor
|-supereffective|p1a: Scizor
|-damage|p1a: Scizor|0 fnt
|-unboost|p2a: Great Tusk|def|1
|-unboost|p2a: Great Tusk|spd|1
|faint|p1a: Scizor
|
|upkeep
|
|t:|1779630767
|switch|p1a: Garchomp|Garchomp, M|100/100
|turn|7
|
|t:|1779630771
|move|p2a: Great Tusk|Play Rough|p1a: Garchomp
|-supereffective|p1a: Garchomp
|-damage|p1a: Garchomp|55/100
|-damage|p2a: Great Tusk|0 fnt|[from] ability: Rough Skin|[of] p1a: Garchomp
|faint|p2a: Great Tusk
|-end|p2a: Great Tusk|Protosynthesis|[silent]
|move|p1a: Garchomp|Earthquake|p2: Great Tusk|[notarget]
|-fail|p1a: Garchomp
|
|upkeep
|
|t:|1779630786
|switch|p2a: Kyurem|Kyurem|100/100
|-ability|p2a: Kyurem|Pressure
|turn|8
|
|t:|1779630791
|move|p2a: Kyurem|Substitute|p2a: Kyurem
|-start|p2a: Kyurem|Substitute
|-damage|p2a: Kyurem|76/100
|move|p1a: Garchomp|Earthquake|p2a: Kyurem
|-crit|p2a: Kyurem
|-end|p2a: Kyurem|Substitute
|
|upkeep
|turn|9
|
|t:|1779630798
|switch|p1a: Torkoal|Torkoal, M|100/100
|-weather|SunnyDay|[from] ability: Drought|[of] p1a: Torkoal
|move|p2a: Kyurem|Scale Shot|p1a: Torkoal|[miss]
|-miss|p2a: Kyurem|p1a: Torkoal
|
|-weather|SunnyDay|[upkeep]
|upkeep
|turn|10
|
|t:|1779630810
|switch|p2a: Dudunsparce|Dudunsparce-Three-Segment, F|47/100
|move|p1a: Torkoal|Stealth Rock|p2a: Dudunsparce
|-sidestart|p2: mamcackms|move: Stealth Rock
|
|-weather|SunnyDay|[upkeep]
|-heal|p2a: Dudunsparce|53/100|[from] item: Leftovers
|upkeep
|turn|11
|
|t:|1779630819
|move|p2a: Dudunsparce|Glare|p1a: Torkoal
|-status|p1a: Torkoal|par
|move|p1a: Torkoal|Weather Ball|p2a: Dudunsparce
|-damage|p2a: Dudunsparce|4/100
|
|-weather|SunnyDay|[upkeep]
|-heal|p2a: Dudunsparce|10/100|[from] item: Leftovers
|upkeep
|turn|12
|
|t:|1779630827
|move|p2a: Dudunsparce|Roost|p2a: Dudunsparce
|-heal|p2a: Dudunsparce|60/100
|-singleturn|p2a: Dudunsparce|move: Roost
|move|p1a: Torkoal|Weather Ball|p2a: Dudunsparce
|-damage|p2a: Dudunsparce|13/100
|
|-weather|SunnyDay|[upkeep]
|-heal|p2a: Dudunsparce|19/100|[from] item: Leftovers
|upkeep
|turn|13
|
|t:|1779630838
|switch|p1a: Garchomp|Garchomp, M|55/100
|move|p2a: Dudunsparce|Roost|p2a: Dudunsparce
|-heal|p2a: Dudunsparce|69/100
|-singleturn|p2a: Dudunsparce|move: Roost
|
|-weather|SunnyDay|[upkeep]
|-heal|p2a: Dudunsparce|75/100|[from] item: Leftovers
|upkeep
|turn|14
|
|t:|1779630845
|move|p1a: Garchomp|Iron Head|p2a: Dudunsparce
|-damage|p2a: Dudunsparce|36/100
|cant|p2a: Dudunsparce|flinch
|
|-weather|SunnyDay|[upkeep]
|-heal|p2a: Dudunsparce|42/100|[from] item: Leftovers
|upkeep
|turn|15
|
|t:|1779630854
|switch|p2a: Enamorus|Enamorus, F|100/100
|-damage|p2a: Enamorus|76/100|[from] Stealth Rock
|move|p1a: Garchomp|Iron Head|p2a: Enamorus
|-supereffective|p2a: Enamorus
|-damage|p2a: Enamorus|0 fnt
|faint|p2a: Enamorus
|
|-weather|SunnyDay|[upkeep]
|upkeep
|
|t:|1779630859
|switch|p2a: Heatran|Heatran, F|100/100
|-damage|p2a: Heatran|88/100|[from] Stealth Rock
|turn|16
|
|t:|1779630865
|switch|p1a: Primarina|Primarina, F|100/100
|-terastallize|p2a: Heatran|Ghost
|move|p2a: Heatran|Magma Storm|p1a: Primarina
|-resisted|p1a: Primarina
|-damage|p1a: Primarina|84/100
|-activate|p1a: Primarina|move: Magma Storm|[of] p2a: Heatran
|
|-weather|none
|-damage|p1a: Primarina|71/100|[from] move: Magma Storm|[partiallytrapped]
|upkeep
|turn|17
|
|t:|1779630877
|move|p2a: Heatran|Stealth Rock|p1a: Primarina
|-sidestart|p1: sedd22|move: Stealth Rock
|move|p1a: Primarina|Hydro Pump|p2a: Heatran
|-crit|p2a: Heatran
|-damage|p2a: Heatran|14/100
|-enditem|p2a: Heatran|Eject Button
|
|t:|1779630884
|switch|p2a: Kyurem|Kyurem|76/100
|-damage|p2a: Kyurem|51/100|[from] Stealth Rock
|-ability|p2a: Kyurem|Pressure
|
|-end|p1a: Primarina|Magma Storm|[partiallytrapped]|[silent]
|upkeep
|turn|18
|
|t:|1779630891
|move|p2a: Kyurem|Icicle Spear|p1a: Primarina
|-resisted|p1a: Primarina
|-damage|p1a: Primarina|63/100
|-resisted|p1a: Primarina
|-damage|p1a: Primarina|56/100
|-resisted|p1a: Primarina
|-damage|p1a: Primarina|48/100
|-resisted|p1a: Primarina
|-damage|p1a: Primarina|41/100
|-resisted|p1a: Primarina
|-damage|p1a: Primarina|33/100
|-hitcount|p1a: Primarina|5
|move|p1a: Primarina|Moonblast|p2a: Kyurem
|-supereffective|p2a: Kyurem
|-damage|p2a: Kyurem|0 fnt
|faint|p2a: Kyurem
|
|upkeep
|
|t:|1779630895
|switch|p2a: Dudunsparce|Dudunsparce-Three-Segment, F|42/100
|-damage|p2a: Dudunsparce|30/100|[from] Stealth Rock
|turn|19
|
|t:|1779630907
|move|p2a: Dudunsparce|Roost|p2a: Dudunsparce
|-heal|p2a: Dudunsparce|80/100
|-singleturn|p2a: Dudunsparce|move: Roost
|move|p1a: Primarina|Hydro Pump|p2a: Dudunsparce|[miss]
|-miss|p1a: Primarina|p2a: Dudunsparce
|
|-heal|p2a: Dudunsparce|86/100|[from] item: Leftovers
|upkeep
|turn|20
|
|t:|1779630914
|move|p2a: Dudunsparce|Boomburst|p1a: Primarina
|-crit|p1a: Primarina
|-damage|p1a: Primarina|0 fnt
|faint|p1a: Primarina
|
|-heal|p2a: Dudunsparce|93/100|[from] item: Leftovers
|upkeep
|
|t:|1779630922
|switch|p1a: Garchomp|Garchomp, M|55/100
|-damage|p1a: Garchomp|49/100|[from] Stealth Rock
|turn|21
|
|t:|1779630925
|move|p1a: Garchomp|Earthquake|p2a: Dudunsparce
|-damage|p2a: Dudunsparce|20/100
|move|p2a: Dudunsparce|Glare|p1a: Garchomp
|-status|p1a: Garchomp|par
|
|-heal|p2a: Dudunsparce|26/100|[from] item: Leftovers
|upkeep
|turn|22
|
|t:|1779630936
|move|p2a: Dudunsparce|Boomburst|p1a: Garchomp
|-damage|p1a: Garchomp|0 fnt
|faint|p1a: Garchomp
|
|-heal|p2a: Dudunsparce|32/100|[from] item: Leftovers
|upkeep
|
|t:|1779630943
|switch|p1a: Torkoal|Torkoal, M|100/100 par
|-damage|p1a: Torkoal|75/100 par|[from] Stealth Rock
|-weather|SunnyDay|[from] ability: Drought|[of] p1a: Torkoal
|turn|23
|
|t:|1779630950
|move|p2a: Dudunsparce|Boomburst|p1a: Torkoal
|-damage|p1a: Torkoal|32/100 par
|move|p1a: Torkoal|Rapid Spin|p2a: Dudunsparce
|-damage|p2a: Dudunsparce|25/100
|-boost|p1a: Torkoal|spe|1
|-sideend|p1: sedd22|Stealth Rock|[from] move: Rapid Spin|[of] p1a: Torkoal
|
|-weather|SunnyDay|[upkeep]
|-heal|p2a: Dudunsparce|31/100|[from] item: Leftovers
|upkeep
|turn|24
|
|t:|1779630958
|move|p2a: Dudunsparce|Boomburst|p1a: Torkoal
|-damage|p1a: Torkoal|0 fnt
|faint|p1a: Torkoal
|
|-weather|SunnyDay|[upkeep]
|-heal|p2a: Dudunsparce|38/100|[from] item: Leftovers
|upkeep
|
|t:|1779630964
|switch|p1a: Typhlosion|Typhlosion, F|100/100
|turn|25
|
|t:|1779630969
|move|p1a: Typhlosion|Eruption|p2a: Dudunsparce
|-damage|p2a: Dudunsparce|0 fnt
|faint|p2a: Dudunsparce
|
|-weather|SunnyDay|[upkeep]
|upkeep
|
|t:|1779630972
|switch|p2a: Regieleki|Regieleki|100/100
|-damage|p2a: Regieleki|88/100|[from] Stealth Rock
|turn|26
|
|t:|1779630977
|move|p2a: Regieleki|Volt Switch|p1a: Typhlosion
|-damage|p1a: Typhlosion|28/100
|
|t:|1779630978
|switch|p2a: Heatran|Heatran, F, tera:Ghost|14/100|[from] Volt Switch
|-damage|p2a: Heatran|2/100|[from] Stealth Rock
|move|p1a: Typhlosion|Eruption|p2a: Heatran
|-damage|p2a: Heatran|0 fnt
|faint|p2a: Heatran
|
|-weather|SunnyDay|[upkeep]
|upkeep
|
|t:|1779630979
|switch|p2a: Regieleki|Regieleki|88/100
|-damage|p2a: Regieleki|76/100|[from] Stealth Rock
|turn|27
|
|t:|1779630990
|move|p2a: Regieleki|Thunderbolt|p1a: Typhlosion
|-damage|p1a: Typhlosion|0 fnt
|faint|p1a: Typhlosion
|
|win|mamcackms
|raw|sedd22's rating: 1211 &rarr; <strong>1188</strong><br />(-23 for losing)
|raw|mamcackms's rating: 1238 &rarr; <strong>1261</strong><br />(+23 for winning)
|l|☆sedd22
|player|p1|
|l|☆mamcackms
|player|p2|
