|j|☆Pikamon333
|j|☆NoobishTrainerJoe
|t:|1779596289
|gametype|singles
|player|p1|Pikamon333|1|1563
|player|p2|NoobishTrainerJoe|265|1554
|gen|9
|tier|[Gen 9] OU
|rated|
|rule|HP Percentage Mod: HP is shown in percentages
|rule|Endless Battle Clause: Forcing endless battles is banned
|rule|Species Clause: Limit one of each Pokémon
|rule|OHKO Clause: OHKO moves are banned
|rule|Evasion Items Clause: Evasion items are banned
|rule|Evasion Moves Clause: Evasion moves are banned
|rule|Evasion Abilities Clause: Evasion abilities are banned
|rule|Sleep Moves Clause: Sleep-inducing moves are banned
|clearpoke
|poke|p1|Zapdos|
|poke|p1|Zamazenta-*|
|poke|p1|Iron Moth|
|poke|p1|Kyurem|
|poke|p1|Dragonite, F|
|poke|p1|Great Tusk|
|poke|p2|Greninja-*, M|
|poke|p2|Pelipper, M|
|poke|p2|Regieleki|
|poke|p2|Primarina, F|
|poke|p2|Iron Treads|
|poke|p2|Kingambit, F|
|teampreview
|
|t:|1779596324
|teamsize|p1|6
|teamsize|p2|6
|start
|switch|p1a: Kyurem|Kyurem|100/100
|switch|p2a: Primarina|Primarina, F|100/100
|-ability|p1a: Kyurem|Pressure
|turn|1
|
|t:|1779596327
|move|p1a: Kyurem|Freeze-Dry|p2a: Primarina
|-supereffective|p2a: Primarina
|-damage|p2a: Primarina|44/100
|move|p2a: Primarina|Moonblast|p1a: Kyurem
|-supereffective|p1a: Kyurem
|-damage|p1a: Kyurem|2/100
|
|upkeep
|turn|2
|
|t:|1779596337
|switch|p2a: Kingambit|Kingambit, F|100/100
|move|p1a: Kyurem|Freeze-Dry|p2a: Kingambit
|-resisted|p2a: Kingambit
|-damage|p2a: Kingambit|79/100
|
|-heal|p2a: Kingambit|85/100|[from] item: Leftovers
|upkeep
|turn|3
|
|t:|1779596353
|switch|p1a: Great Tusk|Great Tusk|100/100
|-enditem|p1a: Great Tusk|Booster Energy
|-activate|p1a: Great Tusk|ability: Protosynthesis|[fromitem]
|-start|p1a: Great Tusk|protosynthesisatk
|move|p2a: Kingambit|Sucker Punch||[still]
|-fail|p2a: Kingambit
|
|-heal|p2a: Kingambit|91/100|[from] item: Leftovers
|upkeep
|turn|4
|
|t:|1779596362
|-end|p2a: Kingambit|fallenundefined|[silent]
|switch|p2a: Pelipper|Pelipper, M|100/100
|-weather|RainDance|[from] ability: Drizzle|[of] p2a: Pelipper
|move|p1a: Great Tusk|Stealth Rock|p2a: Pelipper
|-sidestart|p2: NoobishTrainerJoe|move: Stealth Rock
|
|-weather|RainDance|[upkeep]
|upkeep
|turn|5
|
|t:|1779596370
|-end|p1a: Great Tusk|Protosynthesis|[silent]
|switch|p1a: Zapdos|Zapdos|100/100
|move|p2a: Pelipper|Knock Off|p1a: Zapdos
|-damage|p1a: Zapdos|85/100
|-enditem|p1a: Zapdos|Choice Scarf|[from] move: Knock Off|[of] p2a: Pelipper
|
|-weather|RainDance|[upkeep]
|upkeep
|turn|6
|
|t:|1779596380
|move|p1a: Zapdos|U-turn|p2a: Pelipper
|-resisted|p2a: Pelipper
|-damage|p2a: Pelipper|96/100
|
|t:|1779596389
|switch|p1a: Great Tusk|Great Tusk|100/100|[from] U-turn
|move|p2a: Pelipper|U-turn|p1a: Great Tusk
|-resisted|p1a: Great Tusk
|-damage|p1a: Great Tusk|97/100
|
|t:|1779596398
|switch|p2a: Greninja|Greninja, M|100/100|[from] U-turn
|-damage|p2a: Greninja|88/100|[from] Stealth Rock
|
|-weather|RainDance|[upkeep]
|upkeep
|turn|7
|
|t:|1779596411
|move|p2a: Greninja|Surf|p1a: Great Tusk
|-supereffective|p1a: Great Tusk
|-damage|p1a: Great Tusk|0 fnt
|faint|p1a: Great Tusk
|-end|p1a: Great Tusk|Protosynthesis|[silent]
|-ability|p2a: Greninja|Battle Bond|boost
|-boost|p2a: Greninja|atk|1
|-boost|p2a: Greninja|spa|1
|-boost|p2a: Greninja|spe|1
|-activate|p2a: Greninja|ability: Battle Bond
|
|-weather|RainDance|[upkeep]
|upkeep
|
|t:|1779596413
|switch|p1a: Dragonite|Dragonite, F|100/100
|turn|8
|
|t:|1779596416
|move|p1a: Dragonite|Extreme Speed|p2a: Greninja
|-damage|p2a: Greninja|35/100
|move|p2a: Greninja|Surf|p1a: Dragonite
|-resisted|p1a: Dragonite
|-damage|p1a: Dragonite|65/100
|
|-weather|RainDance|[upkeep]
|upkeep
|turn|9
|
|t:|1779596424
|switch|p2a: Iron Treads|Iron Treads|100/100
|-damage|p2a: Iron Treads|97/100|[from] Stealth Rock
|move|p1a: Dragonite|Extreme Speed|p2a: Iron Treads
|-resisted|p2a: Iron Treads
|-damage|p2a: Iron Treads|83/100
|
|-weather|RainDance|[upkeep]
|-heal|p2a: Iron Treads|89/100|[from] item: Leftovers
|upkeep
|turn|10
|
|t:|1779596426
|move|p2a: Iron Treads|Rapid Spin|p1a: Dragonite
|-damage|p1a: Dragonite|52/100
|-boost|p2a: Iron Treads|spe|1
|-sideend|p2: NoobishTrainerJoe|Stealth Rock|[from] move: Rapid Spin|[of] p2a: Iron Treads
|move|p1a: Dragonite|Earthquake|p2a: Iron Treads
|-supereffective|p2a: Iron Treads
|-damage|p2a: Iron Treads|19/100
|
|-weather|RainDance|[upkeep]
|-heal|p2a: Iron Treads|26/100|[from] item: Leftovers
|upkeep
|turn|11
|
|t:|1779596439
|move|p1a: Dragonite|Extreme Speed|p2a: Iron Treads
|-resisted|p2a: Iron Treads
|-damage|p2a: Iron Treads|12/100
|move|p2a: Iron Treads|Stealth Rock|p1a: Dragonite
|-sidestart|p1: Pikamon333|move: Stealth Rock
|
|-weather|none
|-heal|p2a: Iron Treads|18/100|[from] item: Leftovers
|upkeep
|turn|12
|
|t:|1779596443
|move|p2a: Iron Treads|Knock Off|p1a: Dragonite
|-damage|p1a: Dragonite|26/100
|-enditem|p1a: Dragonite|Heavy-Duty Boots|[from] move: Knock Off|[of] p2a: Iron Treads
|move|p1a: Dragonite|Earthquake|p2a: Iron Treads
|-supereffective|p2a: Iron Treads
|-damage|p2a: Iron Treads|0 fnt
|faint|p2a: Iron Treads
|-end|p2a: Iron Treads|Quark Drive|[silent]
|
|upkeep
|
|t:|1779596452
|switch|p2a: Regieleki|Regieleki|100/100
|turn|13
|
|t:|1779596455
|move|p1a: Dragonite|Extreme Speed|p2a: Regieleki
|-damage|p2a: Regieleki|36/100
|move|p2a: Regieleki|Volt Switch|p1a: Dragonite
|-damage|p1a: Dragonite|0 fnt
|faint|p1a: Dragonite
|
|t:|1779596467
|switch|p2a: Greninja|Greninja, M|35/100|[from] Volt Switch
|
|upkeep
|
|t:|1779596472
|switch|p1a: Zapdos|Zapdos|85/100
|-damage|p1a: Zapdos|60/100|[from] Stealth Rock
|turn|14
|
|t:|1779596477
|move|p2a: Greninja|Surf|p1a: Zapdos
|-damage|p1a: Zapdos|0 fnt
|faint|p1a: Zapdos
|
|upkeep
|
|t:|1779596485
|switch|p1a: Zamazenta|Zamazenta|100/100
|-damage|p1a: Zamazenta|94/100|[from] Stealth Rock
|-ability|p1a: Zamazenta|Dauntless Shield|boost
|-boost|p1a: Zamazenta|def|1
|turn|15
|
|t:|1779596491
|switch|p2a: Pelipper|Pelipper, M|96/100
|-weather|RainDance|[from] ability: Drizzle|[of] p2a: Pelipper
|move|p1a: Zamazenta|Iron Defense|p1a: Zamazenta
|-boost|p1a: Zamazenta|def|2
|
|-weather|RainDance|[upkeep]
|-heal|p1a: Zamazenta|100/100|[from] item: Leftovers
|upkeep
|turn|16
|
|t:|1779596496
|move|p1a: Zamazenta|Body Press|p2a: Pelipper
|-resisted|p2a: Pelipper
|-damage|p2a: Pelipper|60/100
|move|p2a: Pelipper|Hurricane|p1a: Zamazenta
|-supereffective|p1a: Zamazenta
|-damage|p1a: Zamazenta|32/100
|
|-weather|RainDance|[upkeep]
|-heal|p1a: Zamazenta|39/100|[from] item: Leftovers
|upkeep
|turn|17
|
|t:|1779596499
|move|p1a: Zamazenta|Body Press|p2a: Pelipper
|-resisted|p2a: Pelipper
|-damage|p2a: Pelipper|21/100
|move|p2a: Pelipper|Hurricane|p1a: Zamazenta
|-supereffective|p1a: Zamazenta
|-damage|p1a: Zamazenta|0 fnt
|faint|p1a: Zamazenta
|
|-weather|RainDance|[upkeep]
|upkeep
|-message|Pikamon333 forfeited.
|
|win|NoobishTrainerJoe
|raw|Pikamon333's rating: 1563 &rarr; <strong>1542</strong><br />(-21 for losing)
|raw|NoobishTrainerJoe's rating: 1554 &rarr; <strong>1575</strong><br />(+21 for winning)
|l|☆Pikamon333
|player|p1|
|l|☆NoobishTrainerJoe
|player|p2|
