|j|☆hiker br
|j|☆medicang
|t:|1779688349
|gametype|singles
|player|p1|hiker br|hiker-gen8|1467
|player|p2|medicang|2|1431
|gen|9
|tier|[Gen 9] OU
|rated|
|rule|HP Percentage Mod: HP is shown in percentages
|rule|Endless Battle Clause: Forcing endless battles is banned
|rule|Species Clause: Limit one of each Pokémon
|rule|OHKO Clause: OHKO moves are banned
|rule|Evasion Items Clause: Evasion items are banned
|rule|Evasion Moves Clause: Evasion moves are banned
|rule|Evasion Abilities Clause: Evasion abilities are banned
|rule|Sleep Moves Clause: Sleep-inducing moves are banned
|clearpoke
|poke|p1|Gholdengo|
|poke|p1|Ting-Lu|
|poke|p1|Darkrai|
|poke|p1|Slowking-Galar, M|
|poke|p1|Dragonite, M|
|poke|p1|Cinderace, M|
|poke|p2|Weezing-Galar, M|
|poke|p2|Ogerpon, F|
|poke|p2|Skarmory, M|
|poke|p2|Alomomola, M|
|poke|p2|Clodsire, M|
|poke|p2|Hydreigon, M|
|teampreview
|inactive|Battle timer is ON: inactive players will automatically lose when time's up. (requested by hiker br)
|
|t:|1779688369
|teamsize|p1|6
|teamsize|p2|6
|start
|switch|p1a: Ting-Lu|Ting-Lu|100/100
|switch|p2a: Sentinel|Weezing-Galar, M, shiny|100/100
|-ability|p2a: Sentinel|Neutralizing Gas
|turn|1
|
|t:|1779688377
|move|p2a: Sentinel|Will-O-Wisp|p1a: Ting-Lu|[miss]
|-miss|p2a: Sentinel|p1a: Ting-Lu
|move|p1a: Ting-Lu|Stealth Rock|p2a: Sentinel
|-sidestart|p2: medicang|move: Stealth Rock
|
|upkeep
|turn|2
|inactive|medicang has 120 seconds left.
|
|t:|1779688409
|switch|p1a: Gholdengo|Gholdengo|100/100
|-item|p1a: Gholdengo|Air Balloon
|move|p2a: Sentinel|Will-O-Wisp|p1a: Gholdengo
|-status|p1a: Gholdengo|brn
|
|-damage|p1a: Gholdengo|94/100 brn|[from] brn
|upkeep
|turn|3
|
|t:|1779688423
|move|p1a: Gholdengo|Thunder Wave|p2a: Sentinel
|-status|p2a: Sentinel|par
|cant|p2a: Sentinel|par
|
|-damage|p1a: Gholdengo|88/100 brn|[from] brn
|upkeep
|turn|4
|
|t:|1779688428
|-end|p2a: Sentinel|ability: Neutralizing Gas
|switch|p2a: Endless Nameless|Clodsire, M, shiny|100/100
|-damage|p2a: Endless Nameless|94/100|[from] Stealth Rock
|move|p1a: Gholdengo|Make It Rain|p2a: Endless Nameless
|-crit|p2a: Endless Nameless
|-damage|p2a: Endless Nameless|54/100
|-unboost|p1a: Gholdengo|spa|1
|
|-damage|p1a: Gholdengo|82/100 brn|[from] brn
|upkeep
|turn|5
|
|t:|1779688436
|move|p1a: Gholdengo|Make It Rain|p2a: Endless Nameless
|-damage|p2a: Endless Nameless|27/100
|-unboost|p1a: Gholdengo|spa|1
|move|p2a: Endless Nameless|Recover|p2a: Endless Nameless
|-heal|p2a: Endless Nameless|78/100
|
|-damage|p1a: Gholdengo|76/100 brn|[from] brn
|upkeep
|turn|6
|
|t:|1779688450
|switch|p1a: Ting-Lu|Ting-Lu|100/100
|-ability|p1a: Ting-Lu|Vessel of Ruin
|move|p2a: Endless Nameless|Stealth Rock|p1a: Ting-Lu
|-sidestart|p1: hiker br|move: Stealth Rock
|
|upkeep
|turn|7
|
|t:|1779688455
|move|p1a: Ting-Lu|Spikes|p2a: Endless Nameless
|-sidestart|p2: medicang|Spikes
|move|p2a: Endless Nameless|Toxic|p1a: Ting-Lu
|-status|p1a: Ting-Lu|tox
|
|-damage|p1a: Ting-Lu|94/100 tox|[from] psn
|upkeep
|turn|8
|
|t:|1779688459
|switch|p2a: Raptor|Skarmory, M, shiny|100/100
|-damage|p2a: Raptor|88/100|[from] Stealth Rock
|move|p1a: Ting-Lu|Ruination|p2a: Raptor
|-damage|p2a: Raptor|45/100
|
|-damage|p1a: Ting-Lu|82/100 tox|[from] psn
|upkeep
|turn|9
|
|t:|1779688465
|move|p2a: Raptor|Taunt|p1a: Ting-Lu
|-start|p1a: Ting-Lu|move: Taunt
|cant|p1a: Ting-Lu|move: Taunt|Whirlwind
|
|-damage|p1a: Ting-Lu|63/100 tox|[from] psn
|upkeep
|turn|10
|
|t:|1779688469
|move|p2a: Raptor|Roost|p2a: Raptor
|-heal|p2a: Raptor|95/100
|-singleturn|p2a: Raptor|move: Roost
|move|p1a: Ting-Lu|Ruination|p2a: Raptor
|-damage|p2a: Raptor|48/100
|
|-damage|p1a: Ting-Lu|38/100 tox|[from] psn
|upkeep
|turn|11
|
|t:|1779688479
|move|p2a: Raptor|Roost|p2a: Raptor
|-heal|p2a: Raptor|98/100
|-singleturn|p2a: Raptor|move: Roost
|move|p1a: Ting-Lu|Ruination|p2a: Raptor
|-damage|p2a: Raptor|49/100
|
|-damage|p1a: Ting-Lu|7/100 tox|[from] psn
|-end|p1a: Ting-Lu|move: Taunt
|upkeep
|turn|12
|
|t:|1779688495
|switch|p1a: Cinderace|Cinderace, M|100/100
|move|p2a: Raptor|Roost|p2a: Raptor
|-heal|p2a: Raptor|99/100
|-singleturn|p2a: Raptor|move: Roost
|
|upkeep
|turn|13
|
|t:|1779688508
|switch|p2a: Sentinel|Weezing-Galar, M, shiny|100/100 par
|-ability|p2a: Sentinel|Neutralizing Gas
|move|p1a: Cinderace|U-turn|p2a: Sentinel
|-resisted|p2a: Sentinel
|-damage|p2a: Sentinel|97/100 par
|
|t:|1779688514
|switch|p1a: Slowking|Slowking-Galar, M|100/100|[from] U-turn
|
|upkeep
|turn|14
|
|t:|1779688520
|move|p1a: Slowking|Future Sight|p2a: Sentinel
|-start|p1a: Slowking|move: Future Sight
|cant|p2a: Sentinel|par
|
|upkeep
|turn|15
|
|t:|1779688523
|-prepare|p1a: Slowking|Chilly Reception|[premajor]
|move|p1a: Slowking|Chilly Reception|p1a: Slowking
|-weather|Snowscape
|
|t:|1779688530
|switch|p1a: Cinderace|Cinderace, M|100/100|[from] Chilly Reception
|cant|p2a: Sentinel|par
|
|-weather|Snowscape|[upkeep]
|upkeep
|turn|16
|
|t:|1779688543
|move|p1a: Cinderace|U-turn|p2a: Sentinel
|-resisted|p2a: Sentinel
|-damage|p2a: Sentinel|93/100 par
|
|t:|1779688549
|switch|p1a: Gholdengo|Gholdengo|76/100 brn|[from] U-turn
|-damage|p1a: Gholdengo|70/100 brn|[from] Stealth Rock
|-item|p1a: Gholdengo|Air Balloon
|move|p2a: Sentinel|Defog|p1a: Gholdengo
|-unboost|p1a: Gholdengo|evasion|1
|-sideend|p1: hiker br|Stealth Rock|[from] move: Defog|[of] p2a: Sentinel
|-sideend|p2: medicang|Spikes|[from] move: Defog|[of] p2a: Sentinel
|-sideend|p2: medicang|Stealth Rock|[from] move: Defog|[of] p2a: Sentinel
|
|-weather|Snowscape|[upkeep]
|-end|p2a: Sentinel|move: Future Sight
|-supereffective|p2a: Sentinel
|-damage|p2a: Sentinel|0 fnt
|faint|p2a: Sentinel
|-end|p2a: Sentinel|ability: Neutralizing Gas
|-damage|p1a: Gholdengo|64/100 brn|[from] brn
|upkeep
|
|t:|1779688554
|switch|p2a: Hybrid|Hydreigon, M, shiny|100/100
|turn|17
|
|t:|1779688565
|switch|p1a: Ting-Lu|Ting-Lu|7/100 tox
|-ability|p1a: Ting-Lu|Vessel of Ruin
|move|p2a: Hybrid|Dark Pulse|p1a: Ting-Lu
|-resisted|p1a: Ting-Lu
|-damage|p1a: Ting-Lu|0 fnt
|faint|p1a: Ting-Lu
|
|-weather|Snowscape|[upkeep]
|upkeep
|
|t:|1779688576
|switch|p1a: Darkrai|Darkrai|100/100
|turn|18
|
|t:|1779688581
|switch|p2a: Pisces|Alomomola, M, shiny|100/100
|move|p1a: Darkrai|Nasty Plot|p1a: Darkrai
|-boost|p1a: Darkrai|spa|2
|
|-weather|Snowscape|[upkeep]
|upkeep
|turn|19
|
|t:|1779688590
|-terastallize|p1a: Darkrai|Poison
|move|p1a: Darkrai|Sludge Bomb|p2a: Pisces
|-damage|p2a: Pisces|55/100
|-status|p2a: Pisces|psn
|move|p2a: Pisces|Play Rough|p1a: Darkrai
|-resisted|p1a: Darkrai
|-damage|p1a: Darkrai|90/100
|
|-weather|none
|-damage|p2a: Pisces|43/100 psn|[from] psn
|upkeep
|turn|20
|
|t:|1779688601
|switch|p2a: Endless Nameless|Clodsire, M, shiny|78/100
|move|p1a: Darkrai|Dark Pulse|p2a: Endless Nameless
|-damage|p2a: Endless Nameless|55/100
|
|upkeep
|turn|21
|
|t:|1779688613
|switch|p1a: Gholdengo|Gholdengo|64/100 brn
|-item|p1a: Gholdengo|Air Balloon
|move|p2a: Endless Nameless|Recover|p2a: Endless Nameless
|-heal|p2a: Endless Nameless|100/100
|
|-damage|p1a: Gholdengo|58/100 brn|[from] brn
|upkeep
|turn|22
|
|t:|1779688630
|switch|p1a: Slowking|Slowking-Galar, M|100/100
|move|p2a: Endless Nameless|Earthquake|p1a: Slowking
|-supereffective|p1a: Slowking
|-damage|p1a: Slowking|46/100
|
|upkeep
|turn|23
|
|t:|1779688636
|switch|p1a: Gholdengo|Gholdengo|58/100 brn
|-item|p1a: Gholdengo|Air Balloon
|switch|p2a: Hybrid|Hydreigon, M, shiny|100/100
|
|-damage|p1a: Gholdengo|52/100 brn|[from] brn
|upkeep
|turn|24
|
|t:|1779688645
|switch|p1a: Darkrai|Darkrai, tera:Poison|90/100
|move|p2a: Hybrid|Dark Pulse|p1a: Darkrai
|-damage|p1a: Darkrai|13/100
|
|upkeep
|turn|25
|
|t:|1779688654
|switch|p2a: Endless Nameless|Clodsire, M, shiny|100/100
|move|p1a: Darkrai|Ice Beam|p2a: Endless Nameless
|-supereffective|p2a: Endless Nameless
|-damage|p2a: Endless Nameless|66/100
|
|upkeep
|turn|26
|
|t:|1779688661
|switch|p1a: Gholdengo|Gholdengo|52/100 brn
|-item|p1a: Gholdengo|Air Balloon
|move|p2a: Endless Nameless|Recover|p2a: Endless Nameless
|-heal|p2a: Endless Nameless|100/100
|
|-damage|p1a: Gholdengo|46/100 brn|[from] brn
|upkeep
|turn|27
|
|t:|1779688672
|switch|p2a: Pisces|Alomomola, M, shiny|76/100 psn
|move|p1a: Gholdengo|Make It Rain|p2a: Pisces
|-resisted|p2a: Pisces
|-damage|p2a: Pisces|63/100 psn
|-unboost|p1a: Gholdengo|spa|1
|
|-damage|p2a: Pisces|50/100 psn|[from] psn
|-damage|p1a: Gholdengo|40/100 brn|[from] brn
|upkeep
|turn|28
|
|t:|1779688683
|switch|p1a: Slowking|Slowking-Galar, M|79/100
|move|p2a: Pisces|Flip Turn|p1a: Slowking
|-damage|p1a: Slowking|63/100
|
|t:|1779688688
|switch|p2a: Hybrid|Hydreigon, M, shiny|100/100|[from] Flip Turn
|
|upkeep
|turn|29
|
|t:|1779688699
|switch|p1a: Darkrai|Darkrai, tera:Poison|13/100
|move|p2a: Hybrid|Dark Pulse|p1a: Darkrai
|-damage|p1a: Darkrai|0 fnt
|faint|p1a: Darkrai
|
|upkeep
|
|t:|1779688704
|switch|p1a: Dragonite|Dragonite, M|100/100
|turn|30
|
|t:|1779688713
|move|p2a: Hybrid|Dark Pulse|p1a: Dragonite
|-damage|p1a: Dragonite|71/100
|cant|p1a: Dragonite|flinch
|
|upkeep
|turn|31
|
|t:|1779688720
|move|p2a: Hybrid|Dark Pulse|p1a: Dragonite
|-damage|p1a: Dragonite|9/100
|move|p1a: Dragonite|Roost|p1a: Dragonite
|-heal|p1a: Dragonite|59/100
|-singleturn|p1a: Dragonite|move: Roost
|
|upkeep
|turn|32
|
|t:|1779688728
|switch|p1a: Gholdengo|Gholdengo|40/100 brn
|-item|p1a: Gholdengo|Air Balloon
|move|p2a: Hybrid|Dark Pulse|p1a: Gholdengo
|-supereffective|p1a: Gholdengo
|-damage|p1a: Gholdengo|0 fnt
|-enditem|p1a: Gholdengo|Air Balloon
|faint|p1a: Gholdengo
|
|upkeep
|c|☆hiker br|fuck this
|c|☆medicang|?
|
|t:|1779688740
|switch|p1a: Cinderace|Cinderace, M|100/100
|turn|33
|c|☆hiker br|that flinch
|c|☆medicang|its 20% bro
|
|t:|1779688753
|switch|p2a: Pisces|Alomomola, M, shiny|84/100 psn
|move|p1a: Cinderace|High Jump Kick|p2a: Pisces
|-damage|p2a: Pisces|55/100 psn
|
|-damage|p2a: Pisces|43/100 psn|[from] psn
|upkeep
|turn|34
|c|☆medicang|happens sometimes
|c|☆medicang|did u nto see my paras??
|c|☆medicang|how are you complaining
|c|☆hiker br|wow
|c|☆hiker br|cause that flinch won you the game dumbass
|c|☆hiker br|lol
|
|t:|1779688781
|move|p1a: Cinderace|U-turn|p2a: Pisces
|-damage|p2a: Pisces|25/100 psn
|
|t:|1779688784
|switch|p1a: Dragonite|Dragonite, M|59/100|[from] U-turn
|move|p2a: Pisces|Flip Turn|p1a: Dragonite
|-resisted|p1a: Dragonite
|-damage|p1a: Dragonite|51/100
|c|☆medicang|the only reason u had a chance was bc i got paraed 3x
|c|☆hiker br|yeah
|
|t:|1779688810
|switch|p2a: Anonymous|Ogerpon, F|100/100|[from] Flip Turn
|
|upkeep
|turn|35
|c|☆hiker br|dragon dance two times
|c|☆hiker br|fire punch
|c|☆hiker br|extreme speed
|c|☆hiker br|gg
|c|☆medicang|not an issue lmfao
|c|☆hiker br|yeah
|c|☆medicang|im unaware and tera water
|inactive|medicang has 120 seconds left.
|c|☆hiker br|l2p
|inactive|hiker br has 120 seconds left.
|c|☆hiker br|dont be lucky and bad like this
|c|☆medicang|ty for free points
|
|t:|1779688838
|switch|p1a: Cinderace|Cinderace, M|100/100
|move|p2a: Anonymous|Rock Tomb|p1a: Cinderace
|-supereffective|p1a: Cinderace
|-damage|p1a: Cinderace|23/100
|-unboost|p1a: Cinderace|spe|1
|
|upkeep
|turn|36
|inactive|medicang has 120 seconds left.
|
|t:|1779688846
|move|p2a: Anonymous|Rock Tomb|p1a: Cinderace
|-supereffective|p1a: Cinderace
|-damage|p1a: Cinderace|0 fnt
|faint|p1a: Cinderace
|
|upkeep
|-message|hiker br forfeited.
|
|win|medicang
|raw|hiker br's rating: 1467 &rarr; <strong>1446</strong><br />(-21 for losing)
|raw|medicang's rating: 1456 &rarr; <strong>1477</strong><br />(+21 for winning)
|l|☆hiker br
|player|p1|
|l|☆medicang
|player|p2|
