|j|☆rouschers
|j|☆Metal_In_Microwave
|t:|1779649958
|gametype|singles
|player|p1|rouschers|benga|1351
|player|p2|Metal_In_Microwave|266|1391
|gen|9
|tier|[Gen 9] OU
|rated|
|rule|HP Percentage Mod: HP is shown in percentages
|rule|Endless Battle Clause: Forcing endless battles is banned
|rule|Species Clause: Limit one of each Pokémon
|rule|OHKO Clause: OHKO moves are banned
|rule|Evasion Items Clause: Evasion items are banned
|rule|Evasion Moves Clause: Evasion moves are banned
|rule|Evasion Abilities Clause: Evasion abilities are banned
|rule|Sleep Moves Clause: Sleep-inducing moves are banned
|clearpoke
|poke|p1|Ninetales, F|
|poke|p1|Kingambit, M|
|poke|p1|Hatterene, F|
|poke|p1|Great Tusk|
|poke|p1|Walking Wake|
|poke|p1|Venusaur, M|
|poke|p2|Eelektross, F|
|poke|p2|Braviary-Hisui, M|
|poke|p2|Bellibolt, F|
|poke|p2|Ogerpon-Wellspring, F|
|poke|p2|Pelipper, F|
|poke|p2|Dragonite, F|
|teampreview
|inactive|Battle timer is ON: inactive players will automatically lose when time's up. (requested by rouschers)
|
|t:|1779649975
|teamsize|p1|6
|teamsize|p2|6
|start
|switch|p1a: bruno fernandes|Walking Wake|100/100
|switch|p2a: Pelipper|Pelipper, F|100/100
|turn|1
|
|t:|1779649989
|switch|p2a: Bellibolt|Bellibolt, F|100/100
|move|p1a: bruno fernandes|Draco Meteor|p2a: Bellibolt
|-damage|p2a: Bellibolt|10/100
|-unboost|p1a: bruno fernandes|spa|2
|-start|p2a: Bellibolt|Charge|Draco Meteor|[from] ability: Electromorphosis
|
|-heal|p2a: Bellibolt|16/100|[from] item: Leftovers
|upkeep
|turn|2
|
|t:|1779649997
|move|p1a: bruno fernandes|Draco Meteor|p2a: Bellibolt
|-damage|p2a: Bellibolt|0 fnt
|-unboost|p1a: bruno fernandes|spa|2
|faint|p2a: Bellibolt
|
|upkeep
|
|t:|1779650001
|switch|p2a: Ogerpon|Ogerpon-Wellspring, F|100/100
|turn|3
|
|t:|1779650010
|-end|p1a: bruno fernandes|Protosynthesis|[silent]
|switch|p1a: mainoo|Ninetales, F, shiny|100/100
|-weather|SunnyDay|[from] ability: Drought|[of] p1a: mainoo
|move|p2a: Ogerpon|Swords Dance|p2a: Ogerpon
|-boost|p2a: Ogerpon|atk|2
|
|-weather|SunnyDay|[upkeep]
|upkeep
|turn|4
|
|t:|1779650019
|-terastallize|p2a: Ogerpon|Water
|detailschange|p2a: Ogerpon|Ogerpon-Wellspring-Tera, F, tera:Water
|-ability|p2a: Ogerpon|Embody Aspect (Wellspring)|boost
|-boost|p2a: Ogerpon|spd|1
|move|p2a: Ogerpon|Ivy Cudgel|p1a: mainoo|[anim] Ivy Cudgel Water
|-supereffective|p1a: mainoo
|-damage|p1a: mainoo|0 fnt
|faint|p1a: mainoo
|
|-weather|SunnyDay|[upkeep]
|upkeep
|
|t:|1779650026
|switch|p1a: cunha|Venusaur, M|100/100
|turn|5
|
|t:|1779650047
|switch|p2a: Eelektross|Eelektross, F, shiny|100/100
|move|p1a: cunha|Giga Drain|p2a: Eelektross
|-damage|p2a: Eelektross|73/100
|-damage|p1a: cunha|91/100|[from] item: Life Orb
|
|-weather|SunnyDay|[upkeep]
|upkeep
|turn|6
|
|t:|1779650061
|move|p1a: cunha|Growth|p1a: cunha
|-boost|p1a: cunha|atk|2
|-boost|p1a: cunha|spa|2
|move|p2a: Eelektross|Volt Switch|p1a: cunha
|-resisted|p1a: cunha
|-damage|p1a: cunha|72/100
|
|t:|1779650065
|switch|p2a: Dragonite|Dragonite, F|100/100|[from] Volt Switch
|
|-weather|SunnyDay|[upkeep]
|upkeep
|turn|7
|
|t:|1779650080
|move|p1a: cunha|Weather Ball|p2a: Dragonite
|-resisted|p2a: Dragonite
|-damage|p2a: Dragonite|76/100
|-damage|p1a: cunha|62/100|[from] item: Life Orb
|move|p2a: Dragonite|Weather Ball|p1a: cunha
|-supereffective|p1a: cunha
|-damage|p1a: cunha|0 fnt
|faint|p1a: cunha
|
|-weather|SunnyDay|[upkeep]
|upkeep
|
|t:|1779650089
|switch|p1a: bruno fernandes|Walking Wake|100/100
|-activate|p1a: bruno fernandes|ability: Protosynthesis
|-start|p1a: bruno fernandes|protosynthesisspe
|turn|8
|
|t:|1779650099
|switch|p2a: Eelektross|Eelektross, F, shiny|73/100
|move|p1a: bruno fernandes|Dragon Pulse|p2a: Eelektross
|-damage|p2a: Eelektross|29/100
|
|-weather|SunnyDay|[upkeep]
|upkeep
|turn|9
|
|t:|1779650104
|move|p1a: bruno fernandes|Dragon Pulse|p2a: Eelektross
|-damage|p2a: Eelektross|0 fnt
|faint|p2a: Eelektross
|
|-weather|SunnyDay|[upkeep]
|upkeep
|
|t:|1779650118
|switch|p2a: Braviary|Braviary-Hisui, M|100/100
|turn|10
|
|t:|1779650132
|move|p1a: bruno fernandes|Dragon Pulse|p2a: Braviary
|-damage|p2a: Braviary|25/100
|move|p2a: Braviary|Esper Wing|p1a: bruno fernandes
|-damage|p1a: bruno fernandes|60/100
|-boost|p2a: Braviary|spe|1
|
|-weather|none
|-end|p1a: bruno fernandes|Protosynthesis
|upkeep
|turn|11
|
|t:|1779650147
|-end|p1a: bruno fernandes|Protosynthesis|[silent]
|switch|p1a: martinez|Hatterene, F, shiny|100/100
|move|p2a: Braviary|Hurricane|p1a: martinez
|-damage|p1a: martinez|49/100
|-enditem|p1a: martinez|Eject Button
|
|t:|1779650153
|switch|p1a: mbeumo|Kingambit, M|100/100
|-activate|p1a: mbeumo|ability: Supreme Overlord
|-start|p1a: mbeumo|fallen2|[silent]
|-item|p1a: mbeumo|Air Balloon
|
|upkeep
|turn|12
|
|t:|1779650156
|move|p2a: Braviary|Vacuum Wave|p1a: mbeumo
|-supereffective|p1a: mbeumo
|-damage|p1a: mbeumo|41/100
|-enditem|p1a: mbeumo|Air Balloon
|move|p1a: mbeumo|Sucker Punch||[still]
|-fail|p1a: mbeumo
|
|upkeep
|turn|13
|
|t:|1779650169
|-end|p1a: mbeumo|fallen2|[silent]
|switch|p1a: martinez|Hatterene, F, shiny|49/100
|move|p2a: Braviary|Vacuum Wave|p1a: martinez
|-resisted|p1a: martinez
|-damage|p1a: martinez|43/100
|
|upkeep
|turn|14
|
|t:|1779650178
|move|p2a: Braviary|Hurricane|p1a: martinez
|-damage|p1a: martinez|0 fnt
|faint|p1a: martinez
|
|upkeep
|
|t:|1779650184
|switch|p1a: bruno fernandes|Walking Wake|60/100
|turn|15
|
|t:|1779650187
|move|p1a: bruno fernandes|Dragon Pulse|p2a: Braviary
|-damage|p2a: Braviary|0 fnt
|faint|p2a: Braviary
|
|upkeep
|
|t:|1779650190
|switch|p2a: Ogerpon|Ogerpon-Wellspring-Tera, F, tera:Water|100/100
|-ability|p2a: Ogerpon|Embody Aspect (Wellspring)|boost
|-boost|p2a: Ogerpon|spd|1
|turn|16
|
|t:|1779650196
|move|p2a: Ogerpon|Trailblaze|p1a: bruno fernandes
|-damage|p1a: bruno fernandes|28/100
|-boost|p2a: Ogerpon|spe|1
|move|p1a: bruno fernandes|Dragon Pulse|p2a: Ogerpon
|-damage|p2a: Ogerpon|53/100
|
|upkeep
|turn|17
|
|t:|1779650201
|move|p2a: Ogerpon|Trailblaze|p1a: bruno fernandes
|-damage|p1a: bruno fernandes|0 fnt
|-boost|p2a: Ogerpon|spe|1
|faint|p1a: bruno fernandes
|-end|p1a: bruno fernandes|Protosynthesis|[silent]
|
|upkeep
|
|t:|1779650213
|switch|p1a: mbeumo|Kingambit, M|41/100
|-activate|p1a: mbeumo|ability: Supreme Overlord
|-start|p1a: mbeumo|fallen4|[silent]
|turn|18
|
|t:|1779650228
|move|p1a: mbeumo|Sucker Punch|p2a: Ogerpon
|-damage|p2a: Ogerpon|0 fnt
|faint|p2a: Ogerpon
|detailschange|p2: Ogerpon|Ogerpon-Wellspring, F|[silent]
|
|upkeep
|
|t:|1779650237
|switch|p2a: Dragonite|Dragonite, F|76/100
|turn|19
|
|t:|1779650247
|-end|p1a: mbeumo|fallen4|[silent]
|switch|p1a: maguire|Great Tusk|100/100
|move|p2a: Dragonite|Thunder|p1a: maguire
|-immune|p1a: maguire
|
|upkeep
|turn|20
|
|t:|1779650256
|switch|p2a: Pelipper|Pelipper, F|100/100
|move|p1a: maguire|Ice Spinner|p2a: Pelipper
|-damage|p2a: Pelipper|69/100
|
|upkeep
|turn|21
|
|t:|1779650274
|-end|p1a: maguire|Protosynthesis|[silent]
|switch|p1a: mbeumo|Kingambit, M|41/100
|-activate|p1a: mbeumo|ability: Supreme Overlord
|-start|p1a: mbeumo|fallen4|[silent]
|move|p2a: Pelipper|Hurricane|p1a: mbeumo|[miss]
|-miss|p2a: Pelipper|p1a: mbeumo
|
|upkeep
|turn|22
|
|t:|1779650293
|move|p2a: Pelipper|U-turn|p1a: mbeumo
|-damage|p1a: mbeumo|33/100
|
|t:|1779650294
|switch|p2a: Dragonite|Dragonite, F|76/100|[from] U-turn
|move|p1a: mbeumo|Kowtow Cleave|p2a: Dragonite
|-damage|p2a: Dragonite|13/100
|
|upkeep
|turn|23
|
|t:|1779650299
|-end|p1a: mbeumo|fallen4|[silent]
|switch|p1a: maguire|Great Tusk|100/100
|move|p2a: Dragonite|Roost|p2a: Dragonite
|-heal|p2a: Dragonite|63/100
|-singleturn|p2a: Dragonite|move: Roost
|
|upkeep
|turn|24
|
|t:|1779650307
|-end|p1a: maguire|Protosynthesis|[silent]
|switch|p1a: mbeumo|Kingambit, M|33/100
|-activate|p1a: mbeumo|ability: Supreme Overlord
|-start|p1a: mbeumo|fallen4|[silent]
|move|p2a: Dragonite|Hurricane|p1a: mbeumo
|-resisted|p1a: mbeumo
|-damage|p1a: mbeumo|2/100
|
|upkeep
|turn|25
|
|t:|1779650316
|-terastallize|p1a: mbeumo|Ghost
|move|p2a: Dragonite|Roost|p2a: Dragonite
|-heal|p2a: Dragonite|100/100
|-singleturn|p2a: Dragonite|move: Roost
|move|p1a: mbeumo|Kowtow Cleave|p2a: Dragonite
|-damage|p2a: Dragonite|67/100
|
|upkeep
|turn|26
|
|t:|1779650325
|move|p1a: mbeumo|Sucker Punch||[still]
|-fail|p1a: mbeumo
|move|p2a: Dragonite|Roost|p2a: Dragonite
|-heal|p2a: Dragonite|100/100
|-singleturn|p2a: Dragonite|move: Roost
|
|upkeep
|turn|27
|
|t:|1779650329
|move|p2a: Dragonite|Hurricane|p1a: mbeumo
|-damage|p1a: mbeumo|0 fnt
|faint|p1a: mbeumo
|-end|p1a: mbeumo|fallen4|[silent]
|
|upkeep
|
|t:|1779650331
|switch|p1a: maguire|Great Tusk|100/100
|turn|28
|
|t:|1779650333
|move|p1a: maguire|Ice Spinner|p2a: Dragonite
|-supereffective|p2a: Dragonite
|-damage|p2a: Dragonite|54/100
|move|p2a: Dragonite|Hurricane|p1a: maguire
|-supereffective|p1a: maguire
|-damage|p1a: maguire|0 fnt
|faint|p1a: maguire
|-end|p1a: maguire|Protosynthesis|[silent]
|
|win|Metal_In_Microwave
|raw|rouschers's rating: 1351 &rarr; <strong>1333</strong><br />(-18 for losing)
|raw|Metal_In_Microwave's rating: 1391 &rarr; <strong>1409</strong><br />(+18 for winning)
|l|☆rouschers
|player|p1|
|l|☆Metal_In_Microwave
|player|p2|
