|j|☆delacroixxx
|j|☆nefarious criminal
|t:|1779619977
|gametype|singles
|player|p1|delacroixxx|az|1358
|player|p2|nefarious criminal|falkner-gen2|1382
|gen|9
|tier|[Gen 9] OU
|rated|
|rule|HP Percentage Mod: HP is shown in percentages
|rule|Endless Battle Clause: Forcing endless battles is banned
|rule|Species Clause: Limit one of each Pokémon
|rule|OHKO Clause: OHKO moves are banned
|rule|Evasion Items Clause: Evasion items are banned
|rule|Evasion Moves Clause: Evasion moves are banned
|rule|Evasion Abilities Clause: Evasion abilities are banned
|rule|Sleep Moves Clause: Sleep-inducing moves are banned
|clearpoke
|poke|p1|Walking Wake|
|poke|p1|Maushold|
|poke|p1|Azumarill, F|
|poke|p1|Kingambit, M|
|poke|p1|Dragapult, M|
|poke|p1|Great Tusk|
|poke|p2|Dragonite, F|
|poke|p2|Ting-Lu|
|poke|p2|Clefable, F|
|poke|p2|Pecharunt|
|poke|p2|Heatran, M|
|poke|p2|Zamazenta-*|
|teampreview
|inactive|Battle timer is ON: inactive players will automatically lose when time's up. (requested by nefarious criminal)
|
|t:|1779619996
|teamsize|p1|6
|teamsize|p2|6
|start
|switch|p1a: Dragapult|Dragapult, M|100/100
|switch|p2a: Heatran|Heatran, M|100/100
|turn|1
|
|t:|1779620000
|move|p1a: Dragapult|Thunder Wave|p2a: Heatran
|-status|p2a: Heatran|par
|move|p2a: Heatran|Stealth Rock|p1a: Dragapult
|-sidestart|p1: delacroixxx|move: Stealth Rock
|
|upkeep
|turn|2
|
|t:|1779620003
|move|p1a: Dragapult|Hex|p2a: Heatran
|-damage|p2a: Heatran|66/100 par
|move|p2a: Heatran|Will-O-Wisp|p1a: Dragapult
|-status|p1a: Dragapult|brn
|
|-heal|p2a: Heatran|72/100 par|[from] item: Leftovers
|-damage|p1a: Dragapult|95/100 brn|[from] brn
|upkeep
|turn|3
|
|t:|1779620009
|switch|p2a: Clefable|Clefable, F|100/100
|move|p1a: Dragapult|Hex|p2a: Clefable
|-damage|p2a: Clefable|74/100
|
|-heal|p2a: Clefable|80/100|[from] item: Leftovers
|-damage|p1a: Dragapult|89/100 brn|[from] brn
|upkeep
|turn|4
|
|t:|1779620013
|move|p1a: Dragapult|Thunder Wave|p2a: Clefable
|-status|p2a: Clefable|par
|move|p2a: Clefable|Moonblast|p1a: Dragapult
|-supereffective|p1a: Dragapult
|-damage|p1a: Dragapult|0 fnt
|faint|p1a: Dragapult
|
|-heal|p2a: Clefable|86/100 par|[from] item: Leftovers
|upkeep
|
|t:|1779620018
|switch|p1a: Great Tusk|Great Tusk|100/100
|-damage|p1a: Great Tusk|98/100|[from] Stealth Rock
|turn|5
|
|t:|1779620022
|move|p1a: Great Tusk|Headlong Rush|p2a: Clefable
|-crit|p2a: Clefable
|-damage|p2a: Clefable|8/100 par
|-unboost|p1a: Great Tusk|def|1
|-unboost|p1a: Great Tusk|spd|1
|-enditem|p1a: Great Tusk|Eject Pack
|
|t:|1779620033
|-end|p1a: Great Tusk|Protosynthesis|[silent]
|switch|p1a: Azumarill|Azumarill, F, shiny|100/100
|-damage|p1a: Azumarill|88/100|[from] Stealth Rock
|move|p2a: Clefable|Moonblast|p1a: Azumarill
|-damage|p1a: Azumarill|53/100
|
|-heal|p2a: Clefable|14/100 par|[from] item: Leftovers
|upkeep
|turn|6
|
|t:|1779620049
|switch|p2a: Pecharunt|Pecharunt|100/100
|move|p1a: Azumarill|Belly Drum|p1a: Azumarill
|-damage|p1a: Azumarill|3/100
|-setboost|p1a: Azumarill|atk|6|[from] move: Belly Drum
|-enditem|p1a: Azumarill|Sitrus Berry|[eat]
|-heal|p1a: Azumarill|28/100|[from] item: Sitrus Berry
|
|upkeep
|turn|7
|
|t:|1779620055
|move|p1a: Azumarill|Aqua Jet|p2a: Pecharunt
|-damage|p2a: Pecharunt|50/100
|move|p2a: Pecharunt|Shadow Ball|p1a: Azumarill
|-damage|p1a: Azumarill|0 fnt
|faint|p1a: Azumarill
|
|upkeep
|
|t:|1779620077
|switch|p1a: Kingambit|Kingambit, M, shiny|100/100
|-damage|p1a: Kingambit|94/100|[from] Stealth Rock
|-activate|p1a: Kingambit|ability: Supreme Overlord
|-start|p1a: Kingambit|fallen2|[silent]
|turn|8
|
|t:|1779620086
|switch|p2a: Zamazenta|Zamazenta|100/100
|-ability|p2a: Zamazenta|Dauntless Shield|boost
|-boost|p2a: Zamazenta|def|1
|move|p1a: Kingambit|Swords Dance|p1a: Kingambit
|-boost|p1a: Kingambit|atk|2
|
|upkeep
|turn|9
|
|t:|1779620097
|-terastallize|p1a: Kingambit|Flying
|move|p2a: Zamazenta|Close Combat|p1a: Kingambit
|-resisted|p1a: Kingambit
|-damage|p1a: Kingambit|73/100
|-unboost|p2a: Zamazenta|def|1
|-unboost|p2a: Zamazenta|spd|1
|move|p1a: Kingambit|Iron Head|p2a: Zamazenta
|-damage|p2a: Zamazenta|0 fnt
|faint|p2a: Zamazenta
|
|upkeep
|
|t:|1779620115
|switch|p2a: Ting-Lu|Ting-Lu|100/100
|-ability|p2a: Ting-Lu|Vessel of Ruin
|turn|10
|
|t:|1779620122
|move|p1a: Kingambit|Iron Head|p2a: Ting-Lu
|-damage|p2a: Ting-Lu|39/100
|move|p2a: Ting-Lu|Whirlwind|p1a: Kingambit
|-end|p1a: Kingambit|fallen2|[silent]
|drag|p1a: Tandemauss|Maushold|100/100
|-damage|p1a: Tandemauss|88/100|[from] Stealth Rock
|
|-heal|p2a: Ting-Lu|45/100|[from] item: Leftovers
|upkeep
|turn|11
|
|t:|1779620127
|switch|p2a: Pecharunt|Pecharunt|50/100
|move|p1a: Tandemauss|Population Bomb|p2a: Pecharunt
|-immune|p2a: Pecharunt
|
|upkeep
|turn|12
|
|t:|1779620130
|move|p1a: Tandemauss|Bite|p2a: Pecharunt
|-supereffective|p2a: Pecharunt
|-damage|p2a: Pecharunt|28/100
|move|p2a: Pecharunt|Recover|p2a: Pecharunt
|-heal|p2a: Pecharunt|78/100
|
|upkeep
|turn|13
|
|t:|1779620142
|switch|p2a: Heatran|Heatran, M|72/100 par
|move|p1a: Tandemauss|Encore||[still]
|-fail|p1a: Tandemauss
|
|-heal|p2a: Heatran|78/100 par|[from] item: Leftovers
|upkeep
|turn|14
|
|t:|1779620146
|move|p1a: Tandemauss|Tidy Up|p1a: Tandemauss
|-sideend|p1: delacroixxx|Stealth Rock
|-activate|p1a: Tandemauss|move: Tidy Up
|-boost|p1a: Tandemauss|atk|1
|-boost|p1a: Tandemauss|spe|1
|move|p2a: Heatran|Magma Storm|p1a: Tandemauss
|-damage|p1a: Tandemauss|25/100
|-activate|p1a: Tandemauss|move: Magma Storm|[of] p2a: Heatran
|
|-heal|p2a: Heatran|84/100 par|[from] item: Leftovers
|-damage|p1a: Tandemauss|13/100|[from] move: Magma Storm|[partiallytrapped]
|upkeep
|turn|15
|
|t:|1779620156
|move|p1a: Tandemauss|Population Bomb|p2a: Heatran
|-resisted|p2a: Heatran
|-damage|p2a: Heatran|77/100 par
|-resisted|p2a: Heatran
|-damage|p2a: Heatran|71/100 par
|-resisted|p2a: Heatran
|-damage|p2a: Heatran|64/100 par
|-resisted|p2a: Heatran
|-damage|p2a: Heatran|58/100 par
|-resisted|p2a: Heatran
|-crit|p2a: Heatran
|-damage|p2a: Heatran|47/100 par
|-resisted|p2a: Heatran
|-damage|p2a: Heatran|40/100 par
|-resisted|p2a: Heatran
|-damage|p2a: Heatran|33/100 par
|-resisted|p2a: Heatran
|-damage|p2a: Heatran|26/100 par
|-resisted|p2a: Heatran
|-damage|p2a: Heatran|20/100 par
|-resisted|p2a: Heatran
|-damage|p2a: Heatran|13/100 par
|-hitcount|p2a: Heatran|10
|move|p2a: Heatran|Magma Storm|p1a: Tandemauss
|-damage|p1a: Tandemauss|0 fnt
|faint|p1a: Tandemauss
|
|-heal|p2a: Heatran|19/100 par|[from] item: Leftovers
|upkeep
|
|t:|1779620167
|switch|p1a: Walking Wake|Walking Wake|100/100
|-enditem|p1a: Walking Wake|Booster Energy
|-activate|p1a: Walking Wake|ability: Protosynthesis|[fromitem]
|-start|p1a: Walking Wake|protosynthesisspa
|turn|16
|
|t:|1779620183
|move|p1a: Walking Wake|Agility|p1a: Walking Wake
|-boost|p1a: Walking Wake|spe|2
|move|p2a: Heatran|Magma Storm|p1a: Walking Wake|[miss]
|-miss|p2a: Heatran|p1a: Walking Wake
|
|-heal|p2a: Heatran|25/100 par|[from] item: Leftovers
|upkeep
|turn|17
|
|t:|1779620190
|move|p1a: Walking Wake|Surf|p2a: Heatran
|-supereffective|p2a: Heatran
|-damage|p2a: Heatran|0 fnt
|faint|p2a: Heatran
|
|upkeep
|
|t:|1779620196
|switch|p2a: Ting-Lu|Ting-Lu|45/100
|-ability|p2a: Ting-Lu|Vessel of Ruin
|turn|18
|
|t:|1779620201
|-terastallize|p2a: Ting-Lu|Water
|move|p1a: Walking Wake|Surf|p2a: Ting-Lu
|-resisted|p2a: Ting-Lu
|-damage|p2a: Ting-Lu|33/100
|move|p2a: Ting-Lu|Whirlwind|p1a: Walking Wake
|-end|p1a: Walking Wake|Protosynthesis|[silent]
|drag|p1a: Great Tusk|Great Tusk|98/100
|
|-heal|p2a: Ting-Lu|39/100|[from] item: Leftovers
|upkeep
|turn|19
|
|t:|1779620207
|switch|p2a: Dragonite|Dragonite, F|100/100
|move|p1a: Great Tusk|Close Combat|p2a: Dragonite
|-resisted|p2a: Dragonite
|-damage|p2a: Dragonite|86/100
|-unboost|p1a: Great Tusk|def|1
|-unboost|p1a: Great Tusk|spd|1
|
|upkeep
|turn|20
|
|t:|1779620213
|move|p1a: Great Tusk|Knock Off|p2a: Dragonite
|-damage|p2a: Dragonite|53/100
|-enditem|p2a: Dragonite|Heavy-Duty Boots|[from] move: Knock Off|[of] p1a: Great Tusk
|move|p2a: Dragonite|Roost|p2a: Dragonite
|-heal|p2a: Dragonite|100/100
|-singleturn|p2a: Dragonite|move: Roost
|
|upkeep
|turn|21
|
|t:|1779620218
|move|p1a: Great Tusk|Knock Off|p2a: Dragonite
|-damage|p2a: Dragonite|90/100
|move|p2a: Dragonite|Earthquake|p1a: Great Tusk
|-damage|p1a: Great Tusk|56/100
|
|upkeep
|turn|22
|
|t:|1779620222
|move|p1a: Great Tusk|Knock Off|p2a: Dragonite
|-damage|p2a: Dragonite|70/100
|move|p2a: Dragonite|Roost|p2a: Dragonite
|-heal|p2a: Dragonite|100/100
|-singleturn|p2a: Dragonite|move: Roost
|
|upkeep
|turn|23
|-message|delacroixxx forfeited.
|
|win|nefarious criminal
|raw|delacroixxx's rating: 1358 &rarr; <strong>1339</strong><br />(-19 for losing)
|raw|nefarious criminal's rating: 1382 &rarr; <strong>1401</strong><br />(+19 for winning)
|l|☆delacroixxx
|player|p1|
|l|☆nefarious criminal
|player|p2|
