|j|☆emellano
|j|☆chancha12suizo
|t:|1779560092
|gametype|singles
|player|p1|emellano|170|1480
|player|p2|chancha12suizo|marshal|1466
|gen|9
|tier|[Gen 9] OU
|rated|
|rule|HP Percentage Mod: HP is shown in percentages
|rule|Endless Battle Clause: Forcing endless battles is banned
|rule|Species Clause: Limit one of each Pokémon
|rule|OHKO Clause: OHKO moves are banned
|rule|Evasion Items Clause: Evasion items are banned
|rule|Evasion Moves Clause: Evasion moves are banned
|rule|Evasion Abilities Clause: Evasion abilities are banned
|rule|Sleep Moves Clause: Sleep-inducing moves are banned
|clearpoke
|poke|p1|Ninetales-Alola, F|
|poke|p1|Weavile, F|
|poke|p1|Haxorus, F|
|poke|p1|Inteleon, F|
|poke|p1|Iron Treads|
|poke|p1|Ceruledge, F|
|poke|p2|Rotom-Wash|
|poke|p2|Landorus-Therian, M|
|poke|p2|Gholdengo|
|poke|p2|Samurott-Hisui, F|
|poke|p2|Moltres|
|poke|p2|Great Tusk|
|teampreview
|c|☆chancha12suizo|glhf
|inactive|Battle timer is ON: inactive players will automatically lose when time's up. (requested by chancha12suizo)
|
|t:|1779560107
|teamsize|p1|6
|teamsize|p2|6
|start
|switch|p1a: Inteleon|Inteleon, F|100/100
|switch|p2a: Gholdengo|Gholdengo|100/100
|turn|1
|
|t:|1779560124
|switch|p2a: Samurott|Samurott-Hisui, F|100/100
|move|p1a: Inteleon|Light Screen|p1a: Inteleon
|-sidestart|p1: emellano|move: Light Screen
|
|upkeep
|turn|2
|
|t:|1779560135
|move|p1a: Inteleon|Reflect|p1a: Inteleon
|-sidestart|p1: emellano|Reflect
|move|p2a: Samurott|Ceaseless Edge|p1a: Inteleon
|-damage|p1a: Inteleon|73/100
|-sidestart|p1: emellano|Spikes
|
|upkeep
|turn|3
|
|t:|1779560144
|switch|p1a: Weavile|Weavile, F|100/100
|-damage|p1a: Weavile|88/100|[from] Spikes
|-ability|p1a: Weavile|Pressure
|move|p2a: Samurott|Knock Off|p1a: Weavile
|-resisted|p1a: Weavile
|-damage|p1a: Weavile|71/100
|-enditem|p1a: Weavile|Wide Lens|[from] move: Knock Off|[of] p2a: Samurott
|
|upkeep
|turn|4
|
|t:|1779560160
|move|p1a: Weavile|Swords Dance|p1a: Weavile
|-boost|p1a: Weavile|atk|2
|move|p2a: Samurott|Razor Shell|p1a: Weavile
|-damage|p1a: Weavile|27/100
|
|upkeep
|turn|5
|
|t:|1779560179
|move|p1a: Weavile|Low Kick|p2a: Samurott
|-supereffective|p2a: Samurott
|-crit|p2a: Samurott
|-damage|p2a: Samurott|0 fnt
|faint|p2a: Samurott
|
|upkeep
|
|t:|1779560188
|switch|p2a: Gholdengo|Gholdengo|100/100
|turn|6
|
|t:|1779560200
|move|p2a: Gholdengo|Dazzling Gleam|p1a: Weavile
|-supereffective|p1a: Weavile
|-damage|p1a: Weavile|0 fnt
|faint|p1a: Weavile
|
|upkeep
|
|t:|1779560208
|switch|p1a: Ceruledge|Ceruledge, F|100/100
|-item|p1a: Ceruledge|Air Balloon
|turn|7
|
|t:|1779560212
|switch|p2a: Landorus|Landorus-Therian, M|100/100
|-ability|p2a: Landorus|Intimidate|boost
|-unboost|p1a: Ceruledge|atk|1
|move|p1a: Ceruledge|Swords Dance|p1a: Ceruledge
|-boost|p1a: Ceruledge|atk|2
|
|upkeep
|turn|8
|
|t:|1779560231
|move|p2a: Landorus|U-turn|p1a: Ceruledge
|-resisted|p1a: Ceruledge
|-crit|p1a: Ceruledge
|-damage|p1a: Ceruledge|79/100
|-ability|p1a: Ceruledge|Weak Armor|boost
|-unboost|p1a: Ceruledge|def|1
|-boost|p1a: Ceruledge|spe|2
|-enditem|p1a: Ceruledge|Air Balloon
|
|t:|1779560235
|switch|p2a: Rotom|Rotom-Wash|100/100|[from] U-turn
|move|p1a: Ceruledge|Swords Dance|p1a: Ceruledge
|-boost|p1a: Ceruledge|atk|2
|
|-sideend|p1: emellano|move: Light Screen
|upkeep
|turn|9
|
|t:|1779560244
|move|p1a: Ceruledge|Poltergeist|p2a: Rotom
|-activate|p2a: Rotom|move: Poltergeist|Leftovers
|-damage|p2a: Rotom|0 fnt
|faint|p2a: Rotom
|
|-sideend|p1: emellano|Reflect
|upkeep
|
|t:|1779560248
|switch|p2a: Landorus|Landorus-Therian, M|100/100
|-ability|p2a: Landorus|Intimidate|boost
|-unboost|p1a: Ceruledge|atk|1
|turn|10
|
|t:|1779560267
|switch|p2a: Great Tusk|Great Tusk|100/100
|move|p1a: Ceruledge|Bitter Blade|p2a: Great Tusk
|-damage|p2a: Great Tusk|29/100
|-heal|p1a: Ceruledge|100/100|[from] drain|[of] p2a: Great Tusk
|
|-heal|p2a: Great Tusk|35/100|[from] item: Leftovers
|upkeep
|turn|11
|
|t:|1779560275
|move|p1a: Ceruledge|Bitter Blade|p2a: Great Tusk
|-damage|p2a: Great Tusk|0 fnt
|faint|p2a: Great Tusk
|-end|p2a: Great Tusk|Protosynthesis|[silent]
|
|upkeep
|
|t:|1779560279
|switch|p2a: Landorus|Landorus-Therian, M|100/100
|-ability|p2a: Landorus|Intimidate|boost
|-unboost|p1a: Ceruledge|atk|1
|turn|12
|
|t:|1779560283
|-terastallize|p1a: Ceruledge|Fire
|move|p1a: Ceruledge|Bitter Blade|p2a: Landorus
|-damage|p2a: Landorus|0 fnt
|faint|p2a: Landorus
|
|upkeep
|-message|chancha12suizo forfeited.
|
|win|emellano
|raw|emellano's rating: 1480 &rarr; <strong>1499</strong><br />(+19 for winning)
|raw|chancha12suizo's rating: 1466 &rarr; <strong>1447</strong><br />(-19 for losing)
|l|☆chancha12suizo
|player|p2|
|l|☆emellano
|player|p1|
