|j|☆washcaps7019
|j|☆MoondropSoulHeart
|t:|1779579253
|gametype|singles
|player|p1|washcaps7019|steven|1110
|player|p2|MoondropSoulHeart|giovanni|1155
|gen|9
|tier|[Gen 9] OU
|rated|
|rule|HP Percentage Mod: HP is shown in percentages
|rule|Endless Battle Clause: Forcing endless battles is banned
|rule|Species Clause: Limit one of each Pokémon
|rule|OHKO Clause: OHKO moves are banned
|rule|Evasion Items Clause: Evasion items are banned
|rule|Evasion Moves Clause: Evasion moves are banned
|rule|Evasion Abilities Clause: Evasion abilities are banned
|rule|Sleep Moves Clause: Sleep-inducing moves are banned
|clearpoke
|poke|p1|Yanmega, M|
|poke|p1|Darkrai|
|poke|p1|Rillaboom, F|
|poke|p1|Hatterene, F|
|poke|p1|Pelipper, F|
|poke|p1|Landorus-Therian, M|
|poke|p2|Greedent, F|
|poke|p2|Ceruledge, F|
|poke|p2|Poliwrath, M|
|poke|p2|Reuniclus, F|
|poke|p2|Regice|
|poke|p2|Iron Jugulis|
|teampreview
|inactive|Battle timer is ON: inactive players will automatically lose when time's up. (requested by washcaps7019)
|
|t:|1779579263
|teamsize|p1|6
|teamsize|p2|6
|start
|switch|p1a: Hatterene|Hatterene, F|100/100
|switch|p2a: Poliwrath|Poliwrath, M|100/100
|turn|1
|
|t:|1779579267
|move|p2a: Poliwrath|Liquidation|p1a: Hatterene
|-damage|p1a: Hatterene|63/100
|-damage|p2a: Poliwrath|84/100|[from] item: Rocky Helmet|[of] p1a: Hatterene
|move|p1a: Hatterene|Nuzzle|p2a: Poliwrath
|-supereffective|p2a: Poliwrath
|-damage|p2a: Poliwrath|76/100
|-status|p2a: Poliwrath|par
|
|upkeep
|turn|2
|
|t:|1779579276
|move|p2a: Poliwrath|Liquidation|p1a: Hatterene
|-damage|p1a: Hatterene|25/100
|-damage|p2a: Poliwrath|59/100 par|[from] item: Rocky Helmet|[of] p1a: Hatterene
|move|p1a: Hatterene|Draining Kiss|p2a: Poliwrath
|-supereffective|p2a: Poliwrath
|-damage|p2a: Poliwrath|0 fnt
|-heal|p1a: Hatterene|75/100|[from] drain|[of] p2a: Poliwrath
|faint|p2a: Poliwrath
|
|upkeep
|
|t:|1779579284
|switch|p2a: Ceruledge|Ceruledge, F|100/100
|turn|3
|
|t:|1779579287
|move|p2a: Ceruledge|Bitter Blade|p1a: Hatterene
|-damage|p1a: Hatterene|0 fnt
|-damage|p2a: Ceruledge|84/100|[from] item: Rocky Helmet|[of] p1a: Hatterene
|faint|p1a: Hatterene
|
|upkeep
|
|t:|1779579291
|switch|p1a: Pelipper|Pelipper, F|100/100
|-weather|RainDance|[from] ability: Drizzle|[of] p1a: Pelipper
|turn|4
|
|t:|1779579296
|switch|p2a: Regice|Regice|100/100
|move|p1a: Pelipper|Weather Ball|p2a: Regice
|-damage|p2a: Regice|68/100
|
|-weather|RainDance|[upkeep]
|upkeep
|turn|5
|
|t:|1779579302
|switch|p1a: Darkrai|Darkrai|100/100
|move|p2a: Regice|Ice Beam|p1a: Darkrai
|-damage|p1a: Darkrai|31/100
|
|-weather|RainDance|[upkeep]
|upkeep
|turn|6
|
|t:|1779579310
|move|p1a: Darkrai|Thunder|p2a: Regice
|-damage|p2a: Regice|50/100
|-status|p2a: Regice|par
|move|p2a: Regice|Ice Beam|p1a: Darkrai
|-damage|p1a: Darkrai|0 fnt
|faint|p1a: Darkrai
|
|-weather|RainDance|[upkeep]
|upkeep
|
|t:|1779579320
|switch|p1a: Landorus|Landorus-Therian, M|100/100
|-ability|p1a: Landorus|Intimidate|boost
|-fail|p2a: Regice|unboost|[from] ability: Clear Body|[of] p2a: Regice
|turn|7
|
|t:|1779579325
|move|p1a: Landorus|Focus Blast|p2a: Regice
|-supereffective|p2a: Regice
|-damage|p2a: Regice|14/100 par
|move|p2a: Regice|Ice Beam|p1a: Landorus
|-supereffective|p1a: Landorus
|-damage|p1a: Landorus|0 fnt
|faint|p1a: Landorus
|
|-weather|RainDance|[upkeep]
|upkeep
|
|t:|1779579333
|switch|p1a: Rillaboom|Rillaboom, F|100/100
|-fieldstart|move: Grassy Terrain|[from] ability: Grassy Surge|[of] p1a: Rillaboom
|turn|8
|
|t:|1779579338
|switch|p2a: Ceruledge|Ceruledge, F|84/100
|move|p1a: Rillaboom|Grassy Glide|p2a: Ceruledge
|-resisted|p2a: Ceruledge
|-damage|p2a: Ceruledge|63/100
|-ability|p2a: Ceruledge|Weak Armor|boost
|-unboost|p2a: Ceruledge|def|1
|-boost|p2a: Ceruledge|spe|2
|
|-weather|RainDance|[upkeep]
|-heal|p2a: Ceruledge|69/100|[from] Grassy Terrain
|upkeep
|turn|9
|
|t:|1779579349
|move|p2a: Ceruledge|Poltergeist|p1a: Rillaboom
|-activate|p1a: Rillaboom|move: Poltergeist|Assault Vest
|-damage|p1a: Rillaboom|12/100
|move|p1a: Rillaboom|Knock Off|p2a: Ceruledge
|-supereffective|p2a: Ceruledge
|-damage|p2a: Ceruledge|0 fnt
|-enditem|p2a: Ceruledge|Choice Band|[from] move: Knock Off|[of] p1a: Rillaboom
|faint|p2a: Ceruledge
|
|-weather|RainDance|[upkeep]
|-heal|p1a: Rillaboom|18/100|[from] Grassy Terrain
|upkeep
|
|t:|1779579359
|switch|p2a: Reuniclus|Reuniclus, F|100/100
|turn|10
|
|t:|1779579365
|move|p1a: Rillaboom|Knock Off|p2a: Reuniclus
|-supereffective|p2a: Reuniclus
|-damage|p2a: Reuniclus|38/100
|-enditem|p2a: Reuniclus|Life Orb|[from] move: Knock Off|[of] p1a: Rillaboom
|move|p2a: Reuniclus|Trick Room|p2a: Reuniclus
|-fieldstart|move: Trick Room|[of] p2a: Reuniclus
|
|-weather|RainDance|[upkeep]
|-heal|p2a: Reuniclus|44/100|[from] Grassy Terrain
|-heal|p1a: Rillaboom|24/100|[from] Grassy Terrain
|upkeep
|turn|11
|
|t:|1779579373
|move|p2a: Reuniclus|Psychic|p1a: Rillaboom
|-damage|p1a: Rillaboom|0 fnt
|faint|p1a: Rillaboom
|
|-weather|none
|-heal|p2a: Reuniclus|50/100|[from] Grassy Terrain
|upkeep
|
|t:|1779579378
|switch|p1a: Pelipper|Pelipper, F|100/100
|-weather|RainDance|[from] ability: Drizzle|[of] p1a: Pelipper
|turn|12
|
|t:|1779579386
|move|p2a: Reuniclus|Psychic|p1a: Pelipper
|-damage|p1a: Pelipper|33/100
|move|p1a: Pelipper|Hurricane|p2a: Reuniclus
|-damage|p2a: Reuniclus|9/100
|-start|p2a: Reuniclus|confusion
|
|-weather|RainDance|[upkeep]
|-heal|p2a: Reuniclus|15/100|[from] Grassy Terrain
|-fieldend|move: Grassy Terrain
|upkeep
|turn|13
|
|t:|1779579395
|-activate|p2a: Reuniclus|confusion
|move|p2a: Reuniclus|Psychic|p1a: Pelipper
|-damage|p1a: Pelipper|0 fnt
|faint|p1a: Pelipper
|
|-weather|RainDance|[upkeep]
|upkeep
|
|t:|1779579401
|switch|p1a: Yanmega|Yanmega, M|100/100
|turn|14
|
|t:|1779579404
|move|p1a: Yanmega|Detect|p1a: Yanmega
|-singleturn|p1a: Yanmega|Protect
|-activate|p2a: Reuniclus|confusion
|-damage|p2a: Reuniclus|10/100|[from] confusion
|
|-weather|RainDance|[upkeep]
|-fieldend|move: Trick Room
|-ability|p1a: Yanmega|Speed Boost|boost
|-boost|p1a: Yanmega|spe|1
|upkeep
|turn|15
|
|t:|1779579414
|move|p1a: Yanmega|Air Slash|p2a: Reuniclus
|-damage|p2a: Reuniclus|0 fnt
|faint|p2a: Reuniclus
|
|-weather|RainDance|[upkeep]
|-ability|p1a: Yanmega|Speed Boost|boost
|-boost|p1a: Yanmega|spe|1
|upkeep
|
|t:|1779579417
|switch|p2a: Greedent|Greedent, F|100/100
|turn|16
|
|t:|1779579423
|move|p1a: Yanmega|Air Slash|p2a: Greedent
|-damage|p2a: Greedent|60/100
|move|p2a: Greedent|Body Slam|p1a: Yanmega
|-damage|p1a: Yanmega|62/100
|
|-weather|RainDance|[upkeep]
|-ability|p1a: Yanmega|Speed Boost|boost
|-boost|p1a: Yanmega|spe|1
|upkeep
|turn|17
|
|t:|1779579430
|move|p1a: Yanmega|Air Slash|p2a: Greedent
|-damage|p2a: Greedent|20/100
|-enditem|p2a: Greedent|Sitrus Berry|[eat]
|-heal|p2a: Greedent|45/100|[from] item: Sitrus Berry
|-heal|p2a: Greedent|78/100|[from] ability: Cheek Pouch
|move|p2a: Greedent|Knock Off|p1a: Yanmega
|-damage|p1a: Yanmega|32/100
|-enditem|p1a: Yanmega|Heavy-Duty Boots|[from] move: Knock Off|[of] p2a: Greedent
|
|-weather|RainDance|[upkeep]
|-ability|p1a: Yanmega|Speed Boost|boost
|-boost|p1a: Yanmega|spe|1
|upkeep
|turn|18
|
|t:|1779579441
|move|p1a: Yanmega|Air Slash|p2a: Greedent
|-damage|p2a: Greedent|36/100
|move|p2a: Greedent|Body Slam|p1a: Yanmega
|-damage|p1a: Yanmega|0 fnt
|faint|p1a: Yanmega
|
|win|MoondropSoulHeart
|raw|washcaps7019's rating: 1110 &rarr; <strong>1088</strong><br />(-22 for losing)
|raw|MoondropSoulHeart's rating: 1155 &rarr; <strong>1177</strong><br />(+22 for winning)
|l|☆washcaps7019
|player|p1|
