|j|☆mrbibelieveinyou
|j|☆Spikenard
|t:|1779563683
|gametype|singles
|player|p1|mrbibelieveinyou|alec-anime|1369
|player|p2|Spikenard|erika|1366
|gen|9
|tier|[Gen 9] OU
|rated|
|rule|HP Percentage Mod: HP is shown in percentages
|rule|Endless Battle Clause: Forcing endless battles is banned
|rule|Species Clause: Limit one of each Pokémon
|rule|OHKO Clause: OHKO moves are banned
|rule|Evasion Items Clause: Evasion items are banned
|rule|Evasion Moves Clause: Evasion moves are banned
|rule|Evasion Abilities Clause: Evasion abilities are banned
|rule|Sleep Moves Clause: Sleep-inducing moves are banned
|clearpoke
|poke|p1|Pelipper, F|
|poke|p1|Raging Bolt|
|poke|p1|Overqwil, M|
|poke|p1|Barraskewda, F|
|poke|p1|Iron Treads|
|poke|p1|Kingambit, F|
|poke|p2|Ambipom, M|
|poke|p2|Clefable, M|
|poke|p2|Decidueye-Hisui, M|
|poke|p2|Dusclops, M|
|poke|p2|Garchomp, M|
|poke|p2|Glimmora, M|
|teampreview
|inactive|Battle timer is ON: inactive players will automatically lose when time's up. (requested by mrbibelieveinyou)
|
|t:|1779563693
|teamsize|p1|6
|teamsize|p2|6
|start
|switch|p1a: Iron Treads|Iron Treads|100/100
|switch|p2a: Ambipom|Ambipom, M|100/100
|-enditem|p1a: Iron Treads|Booster Energy
|-activate|p1a: Iron Treads|ability: Quark Drive|[fromitem]
|-start|p1a: Iron Treads|quarkdrivespe
|turn|1
|
|t:|1779563699
|switch|p2a: Garchomp|Garchomp, M|100/100
|move|p1a: Iron Treads|Stealth Rock|p2a: Garchomp
|-sidestart|p2: Spikenard|move: Stealth Rock
|
|upkeep
|turn|2
|
|t:|1779563703
|move|p1a: Iron Treads|Earth Power|p2a: Garchomp
|-damage|p2a: Garchomp|65/100
|move|p2a: Garchomp|Earthquake|p1a: Iron Treads
|-supereffective|p1a: Iron Treads
|-damage|p1a: Iron Treads|26/100
|
|upkeep
|turn|3
|
|t:|1779563708
|move|p1a: Iron Treads|Steel Beam|p2a: Garchomp
|-damage|p2a: Garchomp|18/100
|-damage|p1a: Iron Treads|0 fnt|[from] steelbeam
|faint|p1a: Iron Treads
|-end|p1a: Iron Treads|Quark Drive|[silent]
|move|p2a: Garchomp|Stealth Rock|p1: Iron Treads
|-sidestart|p1: mrbibelieveinyou|move: Stealth Rock
|
|upkeep
|
|t:|1779563717
|switch|p1a: Pelipper|Pelipper, F|100/100
|-damage|p1a: Pelipper|76/100|[from] Stealth Rock
|-weather|RainDance|[from] ability: Drizzle|[of] p1a: Pelipper
|turn|4
|
|t:|1779563723
|move|p2a: Garchomp|Spikes|p1a: Pelipper
|-sidestart|p1: mrbibelieveinyou|Spikes
|move|p1a: Pelipper|U-turn|p2a: Garchomp
|-damage|p2a: Garchomp|12/100
|-damage|p1a: Pelipper|63/100|[from] ability: Rough Skin|[of] p2a: Garchomp
|-damage|p1a: Pelipper|47/100|[from] item: Rocky Helmet|[of] p2a: Garchomp
|
|t:|1779563730
|switch|p1a: Barraskewda|Barraskewda, F|100/100|[from] U-turn
|-damage|p1a: Barraskewda|88/100|[from] Stealth Rock
|-damage|p1a: Barraskewda|75/100|[from] Spikes
|
|-weather|RainDance|[upkeep]
|upkeep
|turn|5
|
|t:|1779563738
|move|p1a: Barraskewda|Liquidation|p2a: Garchomp
|-damage|p2a: Garchomp|0 fnt
|-damage|p1a: Barraskewda|63/100|[from] ability: Rough Skin|[of] p2a: Garchomp
|-damage|p1a: Barraskewda|46/100|[from] item: Rocky Helmet|[of] p2a: Garchomp
|faint|p2a: Garchomp
|
|-weather|RainDance|[upkeep]
|upkeep
|
|t:|1779563747
|switch|p2a: Decidueye|Decidueye-Hisui, M|100/100
|turn|6
|
|t:|1779563750
|-terastallize|p1a: Barraskewda|Water
|move|p1a: Barraskewda|Liquidation|p2a: Decidueye
|-resisted|p2a: Decidueye
|-damage|p2a: Decidueye|47/100
|move|p2a: Decidueye|Knock Off|p1a: Barraskewda
|-damage|p1a: Barraskewda|0 fnt
|-enditem|p1a: Barraskewda|Choice Band|[from] move: Knock Off|[of] p2a: Decidueye
|faint|p1a: Barraskewda
|
|-weather|RainDance|[upkeep]
|upkeep
|
|t:|1779563762
|switch|p1a: Overqwil|Overqwil, M|100/100
|-damage|p1a: Overqwil|88/100|[from] Stealth Rock
|-damage|p1a: Overqwil|76/100|[from] Spikes
|turn|7
|
|t:|1779563771
|move|p1a: Overqwil|Gunk Shot|p2a: Decidueye
|-supereffective|p2a: Decidueye
|-damage|p2a: Decidueye|0 fnt
|faint|p2a: Decidueye
|-damage|p1a: Overqwil|66/100|[from] item: Life Orb
|
|-weather|RainDance|[upkeep]
|upkeep
|
|t:|1779563780
|switch|p2a: Ambipom|Ambipom, M|100/100
|-damage|p2a: Ambipom|88/100|[from] Stealth Rock
|turn|8
|
|t:|1779563785
|-terastallize|p2a: Ambipom|Normal
|move|p2a: Ambipom|Fake Out|p1a: Overqwil
|-damage|p1a: Overqwil|30/100
|cant|p1a: Overqwil|flinch
|
|-weather|RainDance|[upkeep]
|upkeep
|turn|9
|
|t:|1779563796
|switch|p2a: Glimmora|Glimmora, M|100/100
|-damage|p2a: Glimmora|88/100|[from] Stealth Rock
|move|p1a: Overqwil|Gunk Shot|p2a: Glimmora
|-resisted|p2a: Glimmora
|-damage|p2a: Glimmora|66/100
|-activate|p2a: Glimmora|ability: Toxic Debris
|-sidestart|p1: mrbibelieveinyou|move: Toxic Spikes
|-damage|p1a: Overqwil|21/100|[from] item: Life Orb
|
|-weather|RainDance|[upkeep]
|upkeep
|turn|10
|
|t:|1779563809
|switch|p2a: Dusclops|Dusclops, M|100/100
|-damage|p2a: Dusclops|88/100|[from] Stealth Rock
|-ability|p2a: Dusclops|Pressure
|move|p1a: Overqwil|Liquidation|p2a: Dusclops
|-damage|p2a: Dusclops|54/100
|-damage|p1a: Overqwil|11/100|[from] item: Life Orb
|
|-weather|RainDance|[upkeep]
|upkeep
|turn|11
|
|t:|1779563816
|move|p1a: Overqwil|Crunch|p2a: Dusclops
|-supereffective|p2a: Dusclops
|-damage|p2a: Dusclops|0 fnt
|faint|p2a: Dusclops
|-damage|p1a: Overqwil|1/100|[from] item: Life Orb
|
|-weather|none
|upkeep
|
|t:|1779563820
|switch|p2a: Ambipom|Ambipom, M, tera:Normal|88/100
|-damage|p2a: Ambipom|76/100|[from] Stealth Rock
|turn|12
|
|t:|1779563824
|move|p2a: Ambipom|Fake Out|p1a: Overqwil
|-damage|p1a: Overqwil|0 fnt
|faint|p1a: Overqwil
|
|upkeep
|
|t:|1779563825
|switch|p1a: Pelipper|Pelipper, F|47/100
|-damage|p1a: Pelipper|22/100|[from] Stealth Rock
|-weather|RainDance|[from] ability: Drizzle|[of] p1a: Pelipper
|turn|13
|
|t:|1779563830
|move|p2a: Ambipom|Knock Off|p1a: Pelipper
|-damage|p1a: Pelipper|0 fnt
|-enditem|p1a: Pelipper|Damp Rock|[from] move: Knock Off|[of] p2a: Ambipom
|faint|p1a: Pelipper
|
|-weather|RainDance|[upkeep]
|upkeep
|
|t:|1779563837
|switch|p1a: Raging Bolt|Raging Bolt|100/100
|-damage|p1a: Raging Bolt|88/100|[from] Stealth Rock
|-damage|p1a: Raging Bolt|76/100|[from] Spikes
|-status|p1a: Raging Bolt|psn
|-enditem|p1a: Raging Bolt|Booster Energy
|-activate|p1a: Raging Bolt|ability: Protosynthesis|[fromitem]
|-start|p1a: Raging Bolt|protosynthesisspa
|turn|14
|
|t:|1779563843
|move|p2a: Ambipom|U-turn|p1a: Raging Bolt
|-damage|p1a: Raging Bolt|59/100 psn
|
|t:|1779563846
|switch|p2a: Glimmora|Glimmora, M|66/100|[from] U-turn
|-damage|p2a: Glimmora|53/100|[from] Stealth Rock
|move|p1a: Raging Bolt|Thunder|p2a: Glimmora
|-damage|p2a: Glimmora|0 fnt
|faint|p2a: Glimmora
|
|-weather|RainDance|[upkeep]
|-damage|p1a: Raging Bolt|46/100 psn|[from] psn
|upkeep
|
|t:|1779563854
|switch|p2a: Ambipom|Ambipom, M, tera:Normal|76/100
|-damage|p2a: Ambipom|63/100|[from] Stealth Rock
|turn|15
|
|t:|1779563873
|move|p2a: Ambipom|Fake Out|p1a: Raging Bolt
|-damage|p1a: Raging Bolt|17/100 psn
|cant|p1a: Raging Bolt|flinch
|
|-weather|RainDance|[upkeep]
|-damage|p1a: Raging Bolt|4/100 psn|[from] psn
|upkeep
|turn|16
|
|t:|1779563881
|move|p1a: Raging Bolt|Thunderclap|p2a: Ambipom
|-damage|p2a: Ambipom|0 fnt
|faint|p2a: Ambipom
|
|-weather|RainDance|[upkeep]
|-damage|p1a: Raging Bolt|0 fnt|[from] psn
|faint|p1a: Raging Bolt
|-end|p1a: Raging Bolt|Protosynthesis|[silent]
|upkeep
|inactive|mrbibelieveinyou has 120 seconds left.
|
|t:|1779563928
|switch|p2a: Clefable|Clefable, M|100/100
|switch|p1a: Kingambit|Kingambit, F|100/100
|-damage|p1a: Kingambit|94/100|[from] Stealth Rock
|-damage|p1a: Kingambit|82/100|[from] Spikes
|-activate|p1a: Kingambit|ability: Supreme Overlord
|-start|p1a: Kingambit|fallen5|[silent]
|turn|17
|
|t:|1779563937
|move|p2a: Clefable|Moonblast|p1a: Kingambit
|-damage|p1a: Kingambit|52/100
|move|p1a: Kingambit|Iron Head|p2a: Clefable
|-supereffective|p2a: Clefable
|-damage|p2a: Clefable|0 fnt
|faint|p2a: Clefable
|
|win|mrbibelieveinyou
|raw|mrbibelieveinyou's rating: 1369 &rarr; <strong>1389</strong><br />(+20 for winning)
|raw|Spikenard's rating: 1366 &rarr; <strong>1346</strong><br />(-20 for losing)
|l|☆Spikenard
|player|p2|
|l|☆mrbibelieveinyou
|player|p1|
