|j|☆bvcnmkor85471
|j|☆garganaclfan1738
|t:|1779718872
|gametype|singles
|player|p1|bvcnmkor85471|policeman-gen4|1200
|player|p2|garganaclfan1738|lady-gen4|1267
|gen|9
|tier|[Gen 9] OU
|rated|
|rule|HP Percentage Mod: HP is shown in percentages
|rule|Endless Battle Clause: Forcing endless battles is banned
|rule|Species Clause: Limit one of each Pokémon
|rule|OHKO Clause: OHKO moves are banned
|rule|Evasion Items Clause: Evasion items are banned
|rule|Evasion Moves Clause: Evasion moves are banned
|rule|Evasion Abilities Clause: Evasion abilities are banned
|rule|Sleep Moves Clause: Sleep-inducing moves are banned
|clearpoke
|poke|p1|Tyranitar, M|
|poke|p1|Houndstone, M|
|poke|p1|Tsareena, F|
|poke|p1|Sandslash, F|
|poke|p1|Tornadus-Therian, M|
|poke|p1|Rotom-Wash|
|poke|p2|Darkrai|
|poke|p2|Garchomp, M|
|poke|p2|Alomomola, F|
|poke|p2|Corviknight, F|
|poke|p2|Weezing-Galar, F|
|poke|p2|Ogerpon, F|
|teampreview
|
|t:|1779718886
|teamsize|p1|6
|teamsize|p2|6
|start
|switch|p1a: Tyranitar|Tyranitar, M|100/100
|switch|p2a: Garchomp|Garchomp, M|100/100
|-weather|Sandstorm|[from] ability: Sand Stream|[of] p1a: Tyranitar
|turn|1
|inactive|Battle timer is ON: inactive players will automatically lose when time's up. (requested by garganaclfan1738)
|
|t:|1779718908
|switch|p2a: Weezing|Weezing-Galar, F|100/100
|-ability|p2a: Weezing|Neutralizing Gas
|switch|p1a: Rotom|Rotom-Wash|100/100
|
|-weather|Sandstorm|[upkeep]
|-damage|p1a: Rotom|95/100|[from] Sandstorm
|-damage|p2a: Weezing|94/100|[from] Sandstorm
|-heal|p1a: Rotom|100/100|[from] item: Leftovers
|-heal|p2a: Weezing|100/100|[from] item: Leftovers
|upkeep
|turn|2
|
|t:|1779718921
|-end|p2a: Weezing|ability: Neutralizing Gas
|switch|p2a: Ogerpon|Ogerpon, F|100/100
|move|p1a: Rotom|Hydro Pump|p2a: Ogerpon
|-resisted|p2a: Ogerpon
|-damage|p2a: Ogerpon|70/100
|
|-weather|Sandstorm|[upkeep]
|-damage|p2a: Ogerpon|64/100|[from] Sandstorm
|-damage|p1a: Rotom|95/100|[from] Sandstorm
|-heal|p1a: Rotom|100/100|[from] item: Leftovers
|upkeep
|turn|3
|
|t:|1779718931
|switch|p1a: Tsareena|Tsareena, F|100/100
|-terastallize|p2a: Ogerpon|Grass
|detailschange|p2a: Ogerpon|Ogerpon-Teal-Tera, F, tera:Grass
|-ability|p2a: Ogerpon|Embody Aspect (Teal)|boost
|-boost|p2a: Ogerpon|spe|1
|move|p2a: Ogerpon|Ivy Cudgel|p1a: Tsareena
|-resisted|p1a: Tsareena
|-crit|p1a: Tsareena
|-damage|p1a: Tsareena|47/100
|
|-weather|Sandstorm|[upkeep]
|-damage|p2a: Ogerpon|58/100|[from] Sandstorm
|-damage|p1a: Tsareena|41/100|[from] Sandstorm
|-heal|p1a: Tsareena|47/100|[from] item: Leftovers
|upkeep
|turn|4
|
|t:|1779718942
|switch|p2a: Weezing|Weezing-Galar, F|100/100
|-ability|p2a: Weezing|Neutralizing Gas
|move|p1a: Tsareena|U-turn|p2a: Weezing
|-resisted|p2a: Weezing
|-damage|p2a: Weezing|97/100
|
|t:|1779718947
|switch|p1a: Rotom|Rotom-Wash|100/100|[from] U-turn
|
|-weather|Sandstorm|[upkeep]
|-damage|p1a: Rotom|95/100|[from] Sandstorm
|-damage|p2a: Weezing|91/100|[from] Sandstorm
|-heal|p1a: Rotom|100/100|[from] item: Leftovers
|-heal|p2a: Weezing|97/100|[from] item: Leftovers
|upkeep
|turn|5
|
|t:|1779718951
|move|p1a: Rotom|Will-O-Wisp|p2a: Weezing
|-status|p2a: Weezing|brn
|move|p2a: Weezing|Will-O-Wisp|p1a: Rotom
|-status|p1a: Rotom|brn
|
|-weather|Sandstorm|[upkeep]
|-damage|p1a: Rotom|95/100 brn|[from] Sandstorm
|-damage|p2a: Weezing|91/100 brn|[from] Sandstorm
|-heal|p1a: Rotom|100/100 brn|[from] item: Leftovers
|-heal|p2a: Weezing|97/100 brn|[from] item: Leftovers
|-damage|p1a: Rotom|95/100 brn|[from] brn
|-damage|p2a: Weezing|91/100 brn|[from] brn
|upkeep
|turn|6
|
|t:|1779718958
|move|p1a: Rotom|Volt Switch|p2a: Weezing
|-damage|p2a: Weezing|45/100 brn
|
|t:|1779718962
|switch|p1a: Tornadus|Tornadus-Therian, M, shiny|100/100|[from] Volt Switch
|move|p2a: Weezing|Sludge Bomb|p1a: Tornadus
|-damage|p1a: Tornadus|77/100
|
|-weather|Sandstorm|[upkeep]
|-damage|p1a: Tornadus|71/100|[from] Sandstorm
|-damage|p2a: Weezing|39/100 brn|[from] Sandstorm
|-heal|p2a: Weezing|45/100 brn|[from] item: Leftovers
|-damage|p2a: Weezing|39/100 brn|[from] brn
|upkeep
|turn|7
|
|t:|1779718973
|-end|p2a: Weezing|ability: Neutralizing Gas
|switch|p2a: Alomomola|Alomomola, F|100/100
|move|p1a: Tornadus|Heat Wave|p2a: Alomomola
|-resisted|p2a: Alomomola
|-damage|p2a: Alomomola|94/100
|
|-weather|Sandstorm|[upkeep]
|-damage|p1a: Tornadus|65/100|[from] Sandstorm
|-damage|p2a: Alomomola|87/100|[from] Sandstorm
|upkeep
|turn|8
|
|t:|1779718994
|switch|p1a: Rotom|Rotom-Wash|95/100 brn
|switch|p2a: Garchomp|Garchomp, M|100/100
|
|-weather|none
|-heal|p1a: Rotom|100/100 brn|[from] item: Leftovers
|-damage|p1a: Rotom|95/100 brn|[from] brn
|upkeep
|turn|9
|
|t:|1779718997
|move|p2a: Garchomp|Stealth Rock|p1a: Rotom
|-sidestart|p1: bvcnmkor85471|move: Stealth Rock
|move|p1a: Rotom|Will-O-Wisp|p2a: Garchomp
|-status|p2a: Garchomp|brn
|
|-heal|p1a: Rotom|100/100 brn|[from] item: Leftovers
|-damage|p2a: Garchomp|94/100 brn|[from] brn
|-damage|p1a: Rotom|95/100 brn|[from] brn
|upkeep
|turn|10
|
|t:|1779719002
|move|p2a: Garchomp|Spikes|p1a: Rotom
|-sidestart|p1: bvcnmkor85471|Spikes
|move|p1a: Rotom|Hydro Pump|p2a: Garchomp|[miss]
|-miss|p1a: Rotom|p2a: Garchomp
|
|-heal|p1a: Rotom|100/100 brn|[from] item: Leftovers
|-damage|p2a: Garchomp|88/100 brn|[from] brn
|-damage|p1a: Rotom|95/100 brn|[from] brn
|upkeep
|turn|11
|
|t:|1779719005
|move|p1a: Rotom|Hydro Pump|p2a: Garchomp
|-damage|p2a: Garchomp|38/100 brn
|move|p2a: Garchomp|Dragon Tail|p1a: Rotom
|-damage|p1a: Rotom|82/100 brn
|drag|p1a: Sandslash|Sandslash, F, shiny|100/100
|-damage|p1a: Sandslash|94/100|[from] Stealth Rock
|-damage|p1a: Sandslash|82/100|[from] Spikes
|
|-damage|p2a: Garchomp|32/100 brn|[from] brn
|upkeep
|turn|12
|
|t:|1779719012
|switch|p1a: Rotom|Rotom-Wash|82/100 brn
|-damage|p1a: Rotom|69/100 brn|[from] Stealth Rock
|move|p2a: Garchomp|Earthquake|p1a: Rotom
|-immune|p1a: Rotom|[from] ability: Levitate
|
|-heal|p1a: Rotom|75/100 brn|[from] item: Leftovers
|-damage|p2a: Garchomp|26/100 brn|[from] brn
|-damage|p1a: Rotom|69/100 brn|[from] brn
|upkeep
|turn|13
|
|t:|1779719016
|move|p2a: Garchomp|Spikes|p1a: Rotom
|-sidestart|p1: bvcnmkor85471|Spikes
|move|p1a: Rotom|Hydro Pump|p2a: Garchomp
|-damage|p2a: Garchomp|0 fnt
|faint|p2a: Garchomp
|
|-heal|p1a: Rotom|75/100 brn|[from] item: Leftovers
|-damage|p1a: Rotom|69/100 brn|[from] brn
|upkeep
|
|t:|1779719019
|switch|p2a: Ogerpon|Ogerpon-Teal-Tera, F, tera:Grass|58/100
|-ability|p2a: Ogerpon|Embody Aspect (Teal)|boost
|-boost|p2a: Ogerpon|spe|1
|turn|14
|
|t:|1779719033
|switch|p1a: Tsareena|Tsareena, F|47/100
|-damage|p1a: Tsareena|35/100|[from] Stealth Rock
|-damage|p1a: Tsareena|18/100|[from] Spikes
|move|p2a: Ogerpon|Ivy Cudgel|p1a: Tsareena
|-resisted|p1a: Tsareena
|-damage|p1a: Tsareena|0 fnt
|faint|p1a: Tsareena
|
|upkeep
|
|t:|1779719040
|switch|p1a: Houndstone|Houndstone, M, shiny|100/100
|-damage|p1a: Houndstone|88/100|[from] Stealth Rock
|-damage|p1a: Houndstone|72/100|[from] Spikes
|turn|15
|
|t:|1779719044
|switch|p2a: Weezing|Weezing-Galar, F|39/100 brn
|-ability|p2a: Weezing|Neutralizing Gas
|-terastallize|p1a: Houndstone|Ghost
|move|p1a: Houndstone|Shadow Sneak|p2a: Weezing
|-damage|p2a: Weezing|12/100 brn
|
|-heal|p2a: Weezing|18/100 brn|[from] item: Leftovers
|-damage|p2a: Weezing|12/100 brn|[from] brn
|upkeep
|turn|16
|
|t:|1779719050
|-end|p2a: Weezing|ability: Neutralizing Gas
|switch|p2a: Darkrai|Darkrai|100/100
|move|p1a: Houndstone|Shadow Sneak|p2a: Darkrai
|-resisted|p2a: Darkrai
|-damage|p2a: Darkrai|73/100
|
|upkeep
|turn|17
|
|t:|1779719054
|switch|p1a: Tyranitar|Tyranitar, M|100/100
|-damage|p1a: Tyranitar|88/100|[from] Stealth Rock
|-damage|p1a: Tyranitar|72/100|[from] Spikes
|-weather|Sandstorm|[from] ability: Sand Stream|[of] p1a: Tyranitar
|move|p2a: Darkrai|Dark Pulse|p1a: Tyranitar
|-resisted|p1a: Tyranitar
|-damage|p1a: Tyranitar|59/100
|
|-weather|Sandstorm|[upkeep]
|-damage|p2a: Darkrai|67/100|[from] Sandstorm
|upkeep
|turn|18
|
|t:|1779719063
|switch|p2a: Weezing|Weezing-Galar, F|12/100 brn
|-ability|p2a: Weezing|Neutralizing Gas
|switch|p1a: Sandslash|Sandslash, F, shiny|82/100
|-damage|p1a: Sandslash|76/100|[from] Stealth Rock
|-damage|p1a: Sandslash|59/100|[from] Spikes
|
|-weather|Sandstorm|[upkeep]
|-damage|p2a: Weezing|6/100 brn|[from] Sandstorm
|-heal|p2a: Weezing|12/100 brn|[from] item: Leftovers
|-damage|p2a: Weezing|6/100 brn|[from] brn
|upkeep
|turn|19
|
|t:|1779719071
|move|p1a: Sandslash|Rapid Spin|p2a: Weezing
|-damage|p2a: Weezing|0 fnt
|-boost|p1a: Sandslash|spe|1
|-sideend|p1: bvcnmkor85471|Spikes|[from] move: Rapid Spin|[of] p1a: Sandslash
|-sideend|p1: bvcnmkor85471|Stealth Rock|[from] move: Rapid Spin|[of] p1a: Sandslash
|faint|p2a: Weezing
|-end|p2a: Weezing|ability: Neutralizing Gas
|-damage|p1a: Sandslash|49/100|[from] item: Life Orb
|
|-weather|Sandstorm|[upkeep]
|upkeep
|
|t:|1779719075
|switch|p2a: Ogerpon|Ogerpon-Teal-Tera, F, tera:Grass|58/100
|-ability|p2a: Ogerpon|Embody Aspect (Teal)|boost
|-boost|p2a: Ogerpon|spe|1
|turn|20
|
|t:|1779719082
|move|p1a: Sandslash|Knock Off|p2a: Ogerpon
|-damage|p2a: Ogerpon|7/100
|-enditem|p2a: Ogerpon|Scope Lens|[from] move: Knock Off|[of] p1a: Sandslash
|-damage|p1a: Sandslash|39/100|[from] item: Life Orb
|move|p2a: Ogerpon|Ivy Cudgel|p1a: Sandslash
|-supereffective|p1a: Sandslash
|-crit|p1a: Sandslash
|-damage|p1a: Sandslash|0 fnt
|faint|p1a: Sandslash
|
|-weather|Sandstorm|[upkeep]
|-damage|p2a: Ogerpon|1/100|[from] Sandstorm
|upkeep
|
|t:|1779719086
|switch|p1a: Houndstone|Houndstone, M, shiny, tera:Ghost|72/100
|turn|21
|
|t:|1779719090
|switch|p2a: Corviknight|Corviknight, F|100/100
|-ability|p2a: Corviknight|Pressure
|move|p1a: Houndstone|Shadow Sneak|p2a: Corviknight
|-damage|p2a: Corviknight|69/100
|
|-weather|Sandstorm|[upkeep]
|-heal|p2a: Corviknight|75/100|[from] item: Leftovers
|upkeep
|turn|22
|
|t:|1779719096
|switch|p1a: Tornadus|Tornadus-Therian, M, shiny|98/100
|move|p2a: Corviknight|U-turn|p1a: Tornadus
|-resisted|p1a: Tornadus
|-damage|p1a: Tornadus|88/100
|
|t:|1779719098
|switch|p2a: Darkrai|Darkrai|67/100|[from] U-turn
|
|-weather|Sandstorm|[upkeep]
|-damage|p2a: Darkrai|61/100|[from] Sandstorm
|-damage|p1a: Tornadus|82/100|[from] Sandstorm
|upkeep
|turn|23
|
|t:|1779719104
|move|p2a: Darkrai|Trick|p1a: Tornadus
|-activate|p2a: Darkrai|move: Trick|[of] p1a: Tornadus
|-item|p1a: Tornadus|Choice Specs|[from] move: Trick
|-item|p2a: Darkrai|Assault Vest|[from] move: Trick
|move|p1a: Tornadus|Weather Ball|p2a: Darkrai
|-damage|p2a: Darkrai|24/100
|
|-weather|Sandstorm|[upkeep]
|-damage|p2a: Darkrai|18/100|[from] Sandstorm
|-damage|p1a: Tornadus|76/100|[from] Sandstorm
|upkeep
|turn|24
|
|t:|1779719114
|move|p2a: Darkrai|Ice Beam|p1a: Tornadus
|-supereffective|p1a: Tornadus
|-damage|p1a: Tornadus|0 fnt
|faint|p1a: Tornadus
|
|-weather|none
|upkeep
|
|t:|1779719120
|switch|p1a: Tyranitar|Tyranitar, M|59/100
|-weather|Sandstorm|[from] ability: Sand Stream|[of] p1a: Tyranitar
|turn|25
|
|t:|1779719130
|move|p2a: Darkrai|Focus Blast|p1a: Tyranitar|[miss]
|-miss|p2a: Darkrai|p1a: Tyranitar
|move|p1a: Tyranitar|Body Press|p2a: Darkrai
|-supereffective|p2a: Darkrai
|-damage|p2a: Darkrai|0 fnt
|faint|p2a: Darkrai
|
|-weather|Sandstorm|[upkeep]
|upkeep
|
|t:|1779719138
|switch|p2a: Alomomola|Alomomola, F|100/100
|turn|26
|
|t:|1779719143
|move|p2a: Alomomola|Aqua Jet|p1a: Tyranitar
|-supereffective|p1a: Tyranitar
|-damage|p1a: Tyranitar|42/100
|move|p1a: Tyranitar|Stealth Rock|p2a: Alomomola
|-sidestart|p2: garganaclfan1738|move: Stealth Rock
|
|-weather|Sandstorm|[upkeep]
|-damage|p2a: Alomomola|94/100|[from] Sandstorm
|upkeep
|turn|27
|
|t:|1779719150
|switch|p1a: Rotom|Rotom-Wash|69/100 brn
|move|p2a: Alomomola|Flip Turn|p1a: Rotom
|-resisted|p1a: Rotom
|-damage|p1a: Rotom|61/100 brn
|
|t:|1779719153
|switch|p2a: Corviknight|Corviknight, F|75/100|[from] Flip Turn
|-damage|p2a: Corviknight|63/100|[from] Stealth Rock
|-ability|p2a: Corviknight|Pressure
|
|-weather|Sandstorm|[upkeep]
|-damage|p1a: Rotom|55/100 brn|[from] Sandstorm
|-heal|p1a: Rotom|61/100 brn|[from] item: Leftovers
|-heal|p2a: Corviknight|69/100|[from] item: Leftovers
|-damage|p1a: Rotom|55/100 brn|[from] brn
|upkeep
|turn|28
|
|t:|1779719161
|move|p1a: Rotom|Will-O-Wisp|p2a: Corviknight
|-status|p2a: Corviknight|brn
|move|p2a: Corviknight|Roost|p2a: Corviknight
|-heal|p2a: Corviknight|100/100 brn
|-singleturn|p2a: Corviknight|move: Roost
|
|-weather|Sandstorm|[upkeep]
|-damage|p1a: Rotom|49/100 brn|[from] Sandstorm
|-heal|p1a: Rotom|55/100 brn|[from] item: Leftovers
|-damage|p1a: Rotom|49/100 brn|[from] brn
|-damage|p2a: Corviknight|94/100 brn|[from] brn
|upkeep
|turn|29
|
|t:|1779719170
|move|p1a: Rotom|Pain Split|p2a: Corviknight
|-sethp|p2a: Corviknight|65/100 brn|[from] move: Pain Split|[silent]
|-sethp|p1a: Rotom|86/100 brn|[from] move: Pain Split
|move|p2a: Corviknight|Defog|p1a: Rotom
|-unboost|p1a: Rotom|evasion|1
|-sideend|p2: garganaclfan1738|Stealth Rock|[from] move: Defog|[of] p2a: Corviknight
|
|-weather|Sandstorm|[upkeep]
|-damage|p1a: Rotom|80/100 brn|[from] Sandstorm
|-heal|p1a: Rotom|86/100 brn|[from] item: Leftovers
|-heal|p2a: Corviknight|72/100 brn|[from] item: Leftovers
|-damage|p1a: Rotom|80/100 brn|[from] brn
|-damage|p2a: Corviknight|65/100 brn|[from] brn
|upkeep
|turn|30
|
|t:|1779719175
|move|p1a: Rotom|Hydro Pump|p2a: Corviknight|[miss]
|-miss|p1a: Rotom|p2a: Corviknight
|move|p2a: Corviknight|U-turn|p1a: Rotom
|-damage|p1a: Rotom|73/100 brn
|
|t:|1779719177
|switch|p2a: Ogerpon|Ogerpon-Teal-Tera, F, tera:Grass|1/100|[from] U-turn
|-ability|p2a: Ogerpon|Embody Aspect (Teal)|boost
|-boost|p2a: Ogerpon|spe|1
|
|-weather|Sandstorm|[upkeep]
|-damage|p2a: Ogerpon|0 fnt|[from] Sandstorm
|-damage|p1a: Rotom|67/100 brn|[from] Sandstorm
|faint|p2a: Ogerpon
|detailschange|p2: Ogerpon|Ogerpon, F|[silent]
|-heal|p1a: Rotom|73/100 brn|[from] item: Leftovers
|-damage|p1a: Rotom|67/100 brn|[from] brn
|upkeep
|
|t:|1779719179
|switch|p2a: Alomomola|Alomomola, F|100/100
|turn|31
|
|t:|1779719183
|move|p1a: Rotom|Will-O-Wisp|p2a: Alomomola
|-status|p2a: Alomomola|brn
|move|p2a: Alomomola|Body Slam|p1a: Rotom
|-damage|p1a: Rotom|58/100 brn
|
|-weather|Sandstorm|[upkeep]
|-damage|p1a: Rotom|52/100 brn|[from] Sandstorm
|-damage|p2a: Alomomola|94/100 brn|[from] Sandstorm
|-heal|p1a: Rotom|58/100 brn|[from] item: Leftovers
|-damage|p1a: Rotom|52/100 brn|[from] brn
|-damage|p2a: Alomomola|88/100 brn|[from] brn
|upkeep
|turn|32
|
|t:|1779719190
|move|p1a: Rotom|Volt Switch|p2a: Alomomola
|-supereffective|p2a: Alomomola
|-damage|p2a: Alomomola|55/100 brn
|
|t:|1779719194
|switch|p1a: Houndstone|Houndstone, M, shiny, tera:Ghost|72/100|[from] Volt Switch
|move|p2a: Alomomola|Mirror Coat|p1a: Houndstone
|-damage|p1a: Houndstone|0 fnt
|faint|p1a: Houndstone
|
|-weather|none
|-damage|p2a: Alomomola|49/100 brn|[from] brn
|upkeep
|
|t:|1779719199
|switch|p1a: Tyranitar|Tyranitar, M|42/100
|-weather|Sandstorm|[from] ability: Sand Stream|[of] p1a: Tyranitar
|turn|33
|
|t:|1779719218
|switch|p1a: Rotom|Rotom-Wash|52/100 brn
|switch|p2a: Corviknight|Corviknight, F|65/100 brn
|-ability|p2a: Corviknight|Pressure
|
|-weather|Sandstorm|[upkeep]
|-damage|p1a: Rotom|46/100 brn|[from] Sandstorm
|-heal|p1a: Rotom|52/100 brn|[from] item: Leftovers
|-heal|p2a: Corviknight|72/100 brn|[from] item: Leftovers
|-damage|p1a: Rotom|46/100 brn|[from] brn
|-damage|p2a: Corviknight|65/100 brn|[from] brn
|upkeep
|turn|34
|
|t:|1779719224
|move|p1a: Rotom|Hydro Pump|p2a: Corviknight
|-damage|p2a: Corviknight|28/100 brn
|move|p2a: Corviknight|Brave Bird|p1a: Rotom
|-resisted|p1a: Rotom
|-damage|p1a: Rotom|37/100 brn
|-damage|p2a: Corviknight|25/100 brn|[from] Recoil
|
|-weather|Sandstorm|[upkeep]
|-damage|p1a: Rotom|32/100 brn|[from] Sandstorm
|-heal|p1a: Rotom|37/100 brn|[from] item: Leftovers
|-heal|p2a: Corviknight|32/100 brn|[from] item: Leftovers
|-damage|p1a: Rotom|32/100 brn|[from] brn
|-damage|p2a: Corviknight|25/100 brn|[from] brn
|upkeep
|turn|35
|
|t:|1779719229
|move|p1a: Rotom|Volt Switch|p2a: Corviknight
|-supereffective|p2a: Corviknight
|-damage|p2a: Corviknight|0 fnt
|faint|p2a: Corviknight
|
|t:|1779719231
|switch|p1a: Tyranitar|Tyranitar, M|42/100|[from] Volt Switch
|
|-weather|Sandstorm|[upkeep]
|upkeep
|
|t:|1779719233
|switch|p2a: Alomomola|Alomomola, F|82/100 brn
|turn|36
|
|t:|1779719236
|move|p1a: Tyranitar|Knock Off|p2a: Alomomola
|-damage|p2a: Alomomola|47/100 brn
|-enditem|p2a: Alomomola|Assault Vest|[from] move: Knock Off|[of] p1a: Tyranitar
|move|p2a: Alomomola|Flip Turn|p1a: Tyranitar
|-supereffective|p1a: Tyranitar
|-damage|p1a: Tyranitar|30/100
|
|-weather|Sandstorm|[upkeep]
|-damage|p2a: Alomomola|41/100 brn|[from] Sandstorm
|-damage|p2a: Alomomola|35/100 brn|[from] brn
|upkeep
|turn|37
|
|t:|1779719240
|move|p1a: Tyranitar|Body Press|p2a: Alomomola
|-damage|p2a: Alomomola|20/100 brn
|move|p2a: Alomomola|Flip Turn|p1a: Tyranitar
|-supereffective|p1a: Tyranitar
|-damage|p1a: Tyranitar|18/100
|
|-weather|Sandstorm|[upkeep]
|-damage|p2a: Alomomola|13/100 brn|[from] Sandstorm
|-damage|p2a: Alomomola|7/100 brn|[from] brn
|upkeep
|turn|38
|
|t:|1779719242
|move|p2a: Alomomola|Aqua Jet|p1a: Tyranitar
|-supereffective|p1a: Tyranitar
|-crit|p1a: Tyranitar
|-damage|p1a: Tyranitar|5/100
|move|p1a: Tyranitar|Knock Off|p2a: Alomomola
|-damage|p2a: Alomomola|0 fnt
|faint|p2a: Alomomola
|
|win|bvcnmkor85471
|raw|bvcnmkor85471's rating: 1200 &rarr; <strong>1230</strong><br />(+30 for winning)
|raw|garganaclfan1738's rating: 1267 &rarr; <strong>1237</strong><br />(-30 for losing)
|l|☆garganaclfan1738
|player|p2|
|l|☆bvcnmkor85471
|player|p1|
