|j|☆Eternity._.Isi
|j|☆xlr87t3
|t:|1779634346
|gametype|singles
|player|p1|Eternity._.Isi|gardenia-masters|1084
|player|p2|xlr87t3|102|1081
|gen|9
|tier|[Gen 9] OU
|rated|
|rule|HP Percentage Mod: HP is shown in percentages
|rule|Endless Battle Clause: Forcing endless battles is banned
|rule|Species Clause: Limit one of each Pokémon
|rule|OHKO Clause: OHKO moves are banned
|rule|Evasion Items Clause: Evasion items are banned
|rule|Evasion Moves Clause: Evasion moves are banned
|rule|Evasion Abilities Clause: Evasion abilities are banned
|rule|Sleep Moves Clause: Sleep-inducing moves are banned
|clearpoke
|poke|p1|Great Tusk|
|poke|p1|Ogerpon-Wellspring, F|
|poke|p1|Dragapult, F|
|poke|p1|Iron Moth|
|poke|p1|Kingambit, M|
|poke|p1|Zapdos|
|poke|p2|Munkidori, M|
|poke|p2|Gholdengo|
|poke|p2|Dragapult, F|
|poke|p2|Iron Valiant|
|poke|p2|Landorus-Therian, M|
|poke|p2|Ribombee, M|
|teampreview
|
|t:|1779634353
|teamsize|p1|6
|teamsize|p2|6
|start
|switch|p1a: Champipi|Ogerpon-Wellspring, F|100/100
|switch|p2a: return to monke|Munkidori, M|100/100
|turn|1
|inactive|Battle timer is ON: inactive players will automatically lose when time's up. (requested by xlr87t3)
|
|t:|1779634367
|move|p1a: Champipi|U-turn|p2a: return to monke
|-damage|p2a: return to monke|59/100
|
|t:|1779634373
|switch|p1a: La mite|Iron Moth|100/100|[from] U-turn
|-enditem|p1a: La mite|Booster Energy
|-activate|p1a: La mite|ability: Quark Drive|[fromitem]
|-start|p1a: La mite|quarkdrivespe
|move|p2a: return to monke|U-turn|p1a: La mite
|-resisted|p1a: La mite
|-damage|p1a: La mite|95/100
|-damage|p2a: return to monke|49/100|[from] item: Life Orb
|
|t:|1779634388
|switch|p2a: Landorus|Landorus-Therian, M|100/100|[from] U-turn
|-ability|p2a: Landorus|Intimidate|boost
|-unboost|p1a: La mite|atk|1
|
|upkeep
|turn|2
|
|t:|1779634395
|-end|p1a: La mite|Quark Drive|[silent]
|switch|p1a: El thor|Zapdos|100/100
|move|p2a: Landorus|Earth Power|p1a: El thor
|-immune|p1a: El thor
|
|upkeep
|turn|3
|
|t:|1779634404
|move|p1a: El thor|Hurricane|p2a: Landorus
|-damage|p2a: Landorus|44/100
|move|p2a: Landorus|Stealth Rock|p1a: El thor
|-sidestart|p1: Eternity._.Isi|move: Stealth Rock
|
|upkeep
|turn|4
|
|t:|1779634431
|switch|p2a: Dragapult|Dragapult, F|100/100
|move|p1a: El thor|Hurricane|p2a: Dragapult
|-damage|p2a: Dragapult|30/100
|
|upkeep
|turn|5
|inactive|xlr87t3 has 120 seconds left.
|
|t:|1779634449
|move|p2a: Dragapult|Will-O-Wisp|p1a: El thor|[miss]
|-miss|p2a: Dragapult|p1a: El thor
|move|p1a: El thor|Discharge|p2a: Dragapult
|-resisted|p2a: Dragapult
|-damage|p2a: Dragapult|1/100
|
|upkeep
|turn|6
|
|t:|1779634459
|switch|p1a: La mite|Iron Moth|95/100
|-damage|p1a: La mite|70/100|[from] Stealth Rock
|move|p2a: Dragapult|Will-O-Wisp|p1a: La mite
|-immune|p1a: La mite
|
|upkeep
|turn|7
|
|t:|1779634468
|move|p2a: Dragapult|Dragon Darts|p1a: La mite
|-damage|p1a: La mite|42/100
|-anim|p2a: Dragapult|Dragon Darts|p1a: La mite
|-damage|p1a: La mite|10/100
|move|p1a: La mite|Sludge Wave|p2a: Dragapult
|-resisted|p2a: Dragapult
|-damage|p2a: Dragapult|0 fnt
|faint|p2a: Dragapult
|
|upkeep
|
|t:|1779634483
|switch|p2a: Iron Valiant|Iron Valiant|100/100
|-enditem|p2a: Iron Valiant|Booster Energy
|-activate|p2a: Iron Valiant|ability: Quark Drive|[fromitem]
|-start|p2a: Iron Valiant|quarkdrivespe
|turn|8
|
|t:|1779634491
|move|p2a: Iron Valiant|Knock Off|p1a: La mite
|-damage|p1a: La mite|0 fnt
|faint|p1a: La mite
|-end|p1a: La mite|Quark Drive|[silent]
|
|upkeep
|
|t:|1779634503
|switch|p1a: El thor|Zapdos|100/100
|turn|9
|
|t:|1779634528
|-terastallize|p2a: Iron Valiant|Dark
|move|p2a: Iron Valiant|Swords Dance|p2a: Iron Valiant
|-boost|p2a: Iron Valiant|atk|2
|move|p1a: El thor|Hurricane|p2a: Iron Valiant
|-damage|p2a: Iron Valiant|10/100
|-start|p2a: Iron Valiant|confusion
|
|upkeep
|turn|10
|
|t:|1779634537
|-activate|p2a: Iron Valiant|confusion
|move|p2a: Iron Valiant|Knock Off|p1a: El thor
|-damage|p1a: El thor|0 fnt
|-status|p2a: Iron Valiant|par|[from] ability: Static|[of] p1a: El thor
|-enditem|p1a: El thor|Heavy-Duty Boots|[from] move: Knock Off|[of] p2a: Iron Valiant
|faint|p1a: El thor
|
|upkeep
|
|t:|1779634544
|switch|p1a: Champipi|Ogerpon-Wellspring, F|100/100
|-damage|p1a: Champipi|88/100|[from] Stealth Rock
|turn|11
|
|t:|1779634549
|move|p1a: Champipi|Ivy Cudgel|p2a: Iron Valiant|[anim] Ivy Cudgel Water
|-crit|p2a: Iron Valiant
|-damage|p2a: Iron Valiant|0 fnt
|faint|p2a: Iron Valiant
|-end|p2a: Iron Valiant|Quark Drive|[silent]
|
|upkeep
|
|t:|1779634566
|switch|p2a: Ribombee|Ribombee, M|100/100
|turn|12
|
|t:|1779634578
|move|p2a: Ribombee|Sticky Web|p1a: Champipi
|-sidestart|p1: Eternity._.Isi|move: Sticky Web
|move|p1a: Champipi|Ivy Cudgel|p2a: Ribombee|[anim] Ivy Cudgel Water
|-enditem|p2a: Ribombee|Focus Sash
|-damage|p2a: Ribombee|1/100
|
|upkeep
|turn|13
|
|t:|1779634594
|move|p2a: Ribombee|Moonblast|p1a: Champipi
|-damage|p1a: Champipi|39/100
|move|p1a: Champipi|U-turn|p2a: Ribombee
|-resisted|p2a: Ribombee
|-damage|p2a: Ribombee|0 fnt
|faint|p2a: Ribombee
|
|t:|1779634600
|switch|p1a: Babar|Great Tusk|100/100|[from] U-turn
|
|upkeep
|
|t:|1779634606
|switch|p2a: return to monke|Munkidori, M|49/100
|turn|14
|
|t:|1779634618
|move|p2a: return to monke|Psyshock|p1a: Babar
|-supereffective|p1a: Babar
|-damage|p1a: Babar|18/100
|-status|p1a: Babar|tox|[from] ability: Toxic Chain|[of] p2a: return to monke
|-damage|p2a: return to monke|39/100|[from] item: Life Orb
|move|p1a: Babar|Headlong Rush|p2a: return to monke
|-supereffective|p2a: return to monke
|-damage|p2a: return to monke|0 fnt
|-unboost|p1a: Babar|def|1
|-unboost|p1a: Babar|spd|1
|faint|p2a: return to monke
|
|-damage|p1a: Babar|12/100 tox|[from] psn
|upkeep
|inactive|xlr87t3 has 120 seconds left.
|
|t:|1779634648
|switch|p2a: Landorus|Landorus-Therian, M|44/100
|-ability|p2a: Landorus|Intimidate|boost
|-unboost|p1a: Babar|atk|1
|turn|15
|
|t:|1779634668
|move|p2a: Landorus|Earth Power|p1a: Babar
|-damage|p1a: Babar|0 fnt
|faint|p1a: Babar
|-end|p1a: Babar|Protosynthesis|[silent]
|
|upkeep
|
|t:|1779634673
|switch|p1a: Jeune samouraï|Kingambit, M|100/100
|-damage|p1a: Jeune samouraï|94/100|[from] Stealth Rock
|-activate|p1a: Jeune samouraï|move: Sticky Web
|-unboost|p1a: Jeune samouraï|spe|1
|-activate|p1a: Jeune samouraï|ability: Supreme Overlord
|-start|p1a: Jeune samouraï|fallen3|[silent]
|turn|16
|
|t:|1779634684
|move|p1a: Jeune samouraï|Sucker Punch|p2a: Landorus
|-damage|p2a: Landorus|0 fnt
|-damage|p1a: Jeune samouraï|78/100|[from] item: Rocky Helmet|[of] p2a: Landorus
|faint|p2a: Landorus
|
|-heal|p1a: Jeune samouraï|84/100|[from] item: Leftovers
|upkeep
|
|t:|1779634687
|switch|p2a: Gholdengo|Gholdengo|100/100
|-item|p2a: Gholdengo|Air Balloon
|turn|17
|
|t:|1779634693
|move|p2a: Gholdengo|Thunder Wave|p1a: Jeune samouraï
|-status|p1a: Jeune samouraï|par
|move|p1a: Jeune samouraï|Kowtow Cleave|p2a: Gholdengo
|-supereffective|p2a: Gholdengo
|-damage|p2a: Gholdengo|13/100
|-enditem|p2a: Gholdengo|Air Balloon
|
|-heal|p1a: Jeune samouraï|90/100 par|[from] item: Leftovers
|upkeep
|turn|18
|
|t:|1779634705
|move|p2a: Gholdengo|Recover|p2a: Gholdengo
|-heal|p2a: Gholdengo|63/100
|move|p1a: Jeune samouraï|Kowtow Cleave|p2a: Gholdengo
|-supereffective|p2a: Gholdengo
|-damage|p2a: Gholdengo|0 fnt
|faint|p2a: Gholdengo
|
|win|Eternity._.Isi
|raw|Eternity._.Isi's rating: 1084 &rarr; <strong>1111</strong><br />(+27 for winning)
|raw|xlr87t3's rating: 1081 &rarr; <strong>1059</strong><br />(-22 for losing)
|l|☆xlr87t3
|player|p2|
|l|☆Eternity._.Isi
|player|p1|
