|j|☆Aleph_aj
|j|☆austin90
|t:|1779696914
|gametype|singles
|player|p1|Aleph_aj|101|1157
|player|p2|austin90|volkner|1115
|gen|9
|tier|[Gen 9] OU
|rated|
|rule|HP Percentage Mod: HP is shown in percentages
|rule|Endless Battle Clause: Forcing endless battles is banned
|rule|Species Clause: Limit one of each Pokémon
|rule|OHKO Clause: OHKO moves are banned
|rule|Evasion Items Clause: Evasion items are banned
|rule|Evasion Moves Clause: Evasion moves are banned
|rule|Evasion Abilities Clause: Evasion abilities are banned
|rule|Sleep Moves Clause: Sleep-inducing moves are banned
|clearpoke
|poke|p1|Pincurchin, F|
|poke|p1|Pelipper, M|
|poke|p1|Hydrapple, M|
|poke|p1|Great Tusk|
|poke|p1|Iron Moth|
|poke|p1|Iron Boulder|
|poke|p2|Pelipper, M|
|poke|p2|Floatzel, M|
|poke|p2|Clodsire, F|
|poke|p2|Walking Wake|
|poke|p2|Ogerpon, F|
|poke|p2|Heatran, F|
|teampreview
|inactive|Battle timer is ON: inactive players will automatically lose when time's up. (requested by austin90)
|
|t:|1779696931
|teamsize|p1|6
|teamsize|p2|6
|start
|switch|p1a: Pincurchin|Pincurchin, F|100/100
|switch|p2a: Jared Fogle|Ogerpon, F|100/100
|-fieldstart|move: Electric Terrain|[from] ability: Electric Surge|[of] p1a: Pincurchin
|turn|1
|
|t:|1779696938
|move|p2a: Jared Fogle|Swords Dance|p2a: Jared Fogle
|-boost|p2a: Jared Fogle|atk|2
|move|p1a: Pincurchin|Thunder Wave|p2a: Jared Fogle
|-status|p2a: Jared Fogle|par
|
|upkeep
|turn|2
|
|t:|1779696946
|move|p2a: Jared Fogle|Horn Leech|p1a: Pincurchin
|-damage|p1a: Pincurchin|43/100
|move|p1a: Pincurchin|Hex|p2a: Jared Fogle
|-damage|p2a: Jared Fogle|69/100 par
|
|upkeep
|turn|3
|
|t:|1779696953
|switch|p1a: Pelipper|Pelipper, M|100/100
|-weather|RainDance|[from] ability: Drizzle|[of] p1a: Pelipper
|move|p2a: Jared Fogle|U-turn|p1a: Pelipper
|-resisted|p1a: Pelipper
|-damage|p1a: Pelipper|73/100
|
|t:|1779696966
|switch|p2a: Freddy|Floatzel, M, shiny|100/100|[from] U-turn
|
|-weather|RainDance|[upkeep]
|upkeep
|turn|4
|
|t:|1779696971
|move|p2a: Freddy|Flip Turn|p1a: Pelipper
|-resisted|p1a: Pelipper
|-damage|p1a: Pelipper|30/100
|
|t:|1779696977
|switch|p2a: Joe Bob Billy|Walking Wake|100/100|[from] Flip Turn
|move|p1a: Pelipper|U-turn|p2a: Joe Bob Billy
|-damage|p2a: Joe Bob Billy|91/100
|
|t:|1779696985
|switch|p1a: Hydrapple|Hydrapple, M|100/100|[from] U-turn
|
|-weather|RainDance|[upkeep]
|upkeep
|turn|5
|
|t:|1779696994
|-terastallize|p2a: Joe Bob Billy|Flying
|move|p2a: Joe Bob Billy|Hurricane|p1a: Hydrapple
|-supereffective|p1a: Hydrapple
|-crit|p1a: Hydrapple
|-damage|p1a: Hydrapple|0 fnt
|faint|p1a: Hydrapple
|
|-weather|RainDance|[upkeep]
|-fieldend|move: Electric Terrain
|upkeep
|
|t:|1779697002
|switch|p1a: Pincurchin|Pincurchin, F|43/100
|-fieldstart|move: Electric Terrain|[from] ability: Electric Surge|[of] p1a: Pincurchin
|turn|6
|
|t:|1779697007
|-end|p2a: Joe Bob Billy|Protosynthesis|[silent]
|switch|p2a: Jimbo|Clodsire, F, shiny|100/100
|move|p1a: Pincurchin|Thunder|p2a: Jimbo
|-immune|p2a: Jimbo
|
|-weather|RainDance|[upkeep]
|upkeep
|turn|7
|
|t:|1779697013
|move|p2a: Jimbo|Substitute|p2a: Jimbo
|-start|p2a: Jimbo|Substitute
|-damage|p2a: Jimbo|76/100
|move|p1a: Pincurchin|Scald|p2a: Jimbo
|-heal|p2a: Jimbo|100/100|[from] ability: Water Absorb|[of] p1a: Pincurchin
|
|-weather|none
|upkeep
|turn|8
|
|t:|1779697026
|switch|p1a: Great Tusk|Great Tusk|100/100
|move|p2a: Jimbo|Poison Jab|p1a: Great Tusk
|-resisted|p1a: Great Tusk
|-damage|p1a: Great Tusk|95/100
|-status|p1a: Great Tusk|psn
|-damage|p2a: Jimbo|84/100|[from] item: Rocky Helmet|[of] p1a: Great Tusk
|
|-heal|p2a: Jimbo|90/100|[from] item: Black Sludge
|-damage|p1a: Great Tusk|82/100 psn|[from] psn
|upkeep
|turn|9
|
|t:|1779697030
|move|p1a: Great Tusk|Stealth Rock|p2a: Jimbo
|-sidestart|p2: austin90|move: Stealth Rock
|move|p2a: Jimbo|Substitute|p2a: Jimbo
|-fail|p2a: Jimbo|move: Substitute
|
|-heal|p2a: Jimbo|96/100|[from] item: Black Sludge
|-damage|p1a: Great Tusk|70/100 psn|[from] psn
|upkeep
|turn|10
|
|t:|1779697036
|move|p1a: Great Tusk|Headlong Rush|p2a: Jimbo
|-supereffective|p2a: Jimbo
|-end|p2a: Jimbo|Substitute
|-unboost|p1a: Great Tusk|def|1
|-unboost|p1a: Great Tusk|spd|1
|move|p2a: Jimbo|Earthquake|p1a: Great Tusk
|-crit|p1a: Great Tusk
|-damage|p1a: Great Tusk|35/100 psn
|
|-heal|p2a: Jimbo|100/100|[from] item: Black Sludge
|-damage|p1a: Great Tusk|23/100 psn|[from] psn
|-fieldend|move: Electric Terrain
|upkeep
|turn|11
|
|t:|1779697040
|switch|p2a: Jared Fogle|Ogerpon, F|69/100 par
|move|p1a: Great Tusk|Headlong Rush|p2a: Jared Fogle
|-resisted|p2a: Jared Fogle
|-damage|p2a: Jared Fogle|35/100 par
|-unboost|p1a: Great Tusk|def|1
|-unboost|p1a: Great Tusk|spd|1
|
|-damage|p1a: Great Tusk|10/100 psn|[from] psn
|upkeep
|turn|12
|
|t:|1779697044
|move|p1a: Great Tusk|Body Press|p2a: Jared Fogle
|-damage|p2a: Jared Fogle|4/100 par
|move|p2a: Jared Fogle|U-turn|p1a: Great Tusk
|-resisted|p1a: Great Tusk
|-damage|p1a: Great Tusk|0 fnt
|-damage|p2a: Jared Fogle|0 fnt|[from] item: Rocky Helmet|[of] p1a: Great Tusk
|faint|p1a: Great Tusk
|-end|p1a: Great Tusk|Protosynthesis|[silent]
|faint|p2a: Jared Fogle
|
|upkeep
|
|t:|1779697058
|switch|p2a: Joe Bob Billy|Walking Wake, tera:Flying|91/100
|switch|p1a: Pelipper|Pelipper, M|30/100
|-damage|p2a: Joe Bob Billy|66/100|[from] Stealth Rock
|-weather|RainDance|[from] ability: Drizzle|[of] p1a: Pelipper
|turn|13
|
|t:|1779697068
|move|p2a: Joe Bob Billy|Hydro Steam|p1a: Pelipper
|-resisted|p1a: Pelipper
|-damage|p1a: Pelipper|0 fnt
|faint|p1a: Pelipper
|
|-weather|RainDance|[upkeep]
|upkeep
|
|t:|1779697071
|switch|p1a: Pincurchin|Pincurchin, F|43/100
|-fieldstart|move: Electric Terrain|[from] ability: Electric Surge|[of] p1a: Pincurchin
|turn|14
|
|t:|1779697079
|-terastallize|p1a: Pincurchin|Grass
|move|p2a: Joe Bob Billy|Hydro Steam|p1a: Pincurchin
|-resisted|p1a: Pincurchin
|-damage|p1a: Pincurchin|4/100
|-enditem|p1a: Pincurchin|Aguav Berry|[eat]
|-heal|p1a: Pincurchin|37/100|[from] item: Aguav Berry
|move|p1a: Pincurchin|Thunder Wave|p2a: Joe Bob Billy
|-status|p2a: Joe Bob Billy|par
|
|-weather|RainDance|[upkeep]
|upkeep
|turn|15
|
|t:|1779697097
|-end|p2a: Joe Bob Billy|Protosynthesis|[silent]
|switch|p2a: Flappy Boi|Pelipper, M, shiny|100/100
|switch|p1a: Iron Boulder|Iron Boulder|100/100
|-activate|p1a: Iron Boulder|ability: Quark Drive
|-start|p1a: Iron Boulder|quarkdrivespe
|
|-weather|RainDance|[upkeep]
|upkeep
|turn|16
|
|t:|1779697106
|move|p1a: Iron Boulder|Rock Blast|p2a: Flappy Boi
|-supereffective|p2a: Flappy Boi
|-damage|p2a: Flappy Boi|80/100
|-supereffective|p2a: Flappy Boi
|-damage|p2a: Flappy Boi|61/100
|-supereffective|p2a: Flappy Boi
|-damage|p2a: Flappy Boi|39/100
|-supereffective|p2a: Flappy Boi
|-damage|p2a: Flappy Boi|18/100
|-hitcount|p2a: Flappy Boi|4
|move|p2a: Flappy Boi|Surf|p1a: Iron Boulder
|-supereffective|p1a: Iron Boulder
|-damage|p1a: Iron Boulder|22/100
|
|-weather|RainDance|[upkeep]
|upkeep
|turn|17
|
|t:|1779697118
|switch|p2a: Joe Bob Billy|Walking Wake, tera:Flying|66/100 par
|-damage|p2a: Joe Bob Billy|42/100 par|[from] Stealth Rock
|move|p1a: Iron Boulder|Rock Blast|p2a: Joe Bob Billy
|-supereffective|p2a: Joe Bob Billy
|-damage|p2a: Joe Bob Billy|15/100 par
|-supereffective|p2a: Joe Bob Billy
|-damage|p2a: Joe Bob Billy|0 fnt
|faint|p2a: Joe Bob Billy
|-end|p2a: Joe Bob Billy|Protosynthesis|[silent]
|-hitcount|p2: Joe Bob Billy|2
|
|-weather|none
|upkeep
|
|t:|1779697125
|switch|p2a: Flappy Boi|Pelipper, M, shiny|18/100
|-weather|RainDance|[from] ability: Drizzle|[of] p2a: Flappy Boi
|turn|18
|
|t:|1779697134
|switch|p2a: Jimbo|Clodsire, F, shiny|100/100
|-damage|p2a: Jimbo|94/100|[from] Stealth Rock
|move|p1a: Iron Boulder|Rock Blast|p2a: Jimbo
|-resisted|p2a: Jimbo
|-crit|p2a: Jimbo
|-damage|p2a: Jimbo|84/100
|-resisted|p2a: Jimbo
|-damage|p2a: Jimbo|77/100
|-resisted|p2a: Jimbo
|-damage|p2a: Jimbo|70/100
|-resisted|p2a: Jimbo
|-damage|p2a: Jimbo|64/100
|-resisted|p2a: Jimbo
|-damage|p2a: Jimbo|57/100
|-hitcount|p2a: Jimbo|5
|
|-weather|RainDance|[upkeep]
|-heal|p2a: Jimbo|63/100|[from] item: Black Sludge
|-fieldend|move: Electric Terrain
|-end|p1a: Iron Boulder|Quark Drive
|upkeep
|turn|19
|
|t:|1779697137
|move|p1a: Iron Boulder|Zen Headbutt|p2a: Jimbo
|-supereffective|p2a: Jimbo
|-damage|p2a: Jimbo|0 fnt
|faint|p2a: Jimbo
|
|-weather|RainDance|[upkeep]
|upkeep
|
|t:|1779697139
|switch|p2a: Freddy|Floatzel, M, shiny|100/100
|-damage|p2a: Freddy|88/100|[from] Stealth Rock
|turn|20
|
|t:|1779697144
|move|p2a: Freddy|Wave Crash|p1a: Iron Boulder
|-supereffective|p1a: Iron Boulder
|-damage|p1a: Iron Boulder|0 fnt
|faint|p1a: Iron Boulder
|-end|p1a: Iron Boulder|Quark Drive|[silent]
|-damage|p2a: Freddy|81/100|[from] Recoil
|
|-weather|RainDance|[upkeep]
|upkeep
|
|t:|1779697150
|switch|p1a: Pincurchin|Pincurchin, F, tera:Grass|37/100
|-fieldstart|move: Electric Terrain|[from] ability: Electric Surge|[of] p1a: Pincurchin
|turn|21
|
|t:|1779697179
|move|p2a: Freddy|Wave Crash|p1a: Pincurchin
|-resisted|p1a: Pincurchin
|-damage|p1a: Pincurchin|0 fnt
|faint|p1a: Pincurchin
|-damage|p2a: Freddy|69/100|[from] Recoil
|
|-weather|RainDance|[upkeep]
|upkeep
|
|t:|1779697184
|switch|p1a: Iron Moth|Iron Moth|100/100
|-activate|p1a: Iron Moth|ability: Quark Drive
|-start|p1a: Iron Moth|quarkdrivespe
|turn|22
|c|☆Aleph_aj|gg
|
|t:|1779697191
|move|p2a: Freddy|Wave Crash|p1a: Iron Moth
|-supereffective|p1a: Iron Moth
|-damage|p1a: Iron Moth|0 fnt
|faint|p1a: Iron Moth
|-end|p1a: Iron Moth|Quark Drive|[silent]
|-damage|p2a: Freddy|34/100|[from] Recoil
|
|win|austin90
|raw|Aleph_aj's rating: 1157 &rarr; <strong>1129</strong><br />(-28 for losing)
|raw|austin90's rating: 1115 &rarr; <strong>1143</strong><br />(+28 for winning)
|c|☆austin90|Gg
|l|☆austin90
|player|p2|
|l|☆Aleph_aj
|player|p1|
