|j|☆i will eat another
|j|☆Orangsaltogu2
|t:|1779613491
|gametype|singles
|player|p1|i will eat another|depotagent|1270
|player|p2|Orangsaltogu2|backers|1222
|gen|9
|tier|[Gen 9] OU
|rated|
|rule|HP Percentage Mod: HP is shown in percentages
|rule|Endless Battle Clause: Forcing endless battles is banned
|rule|Species Clause: Limit one of each Pokémon
|rule|OHKO Clause: OHKO moves are banned
|rule|Evasion Items Clause: Evasion items are banned
|rule|Evasion Moves Clause: Evasion moves are banned
|rule|Evasion Abilities Clause: Evasion abilities are banned
|rule|Sleep Moves Clause: Sleep-inducing moves are banned
|clearpoke
|poke|p1|Breloom, F|
|poke|p1|Swinub, F|
|poke|p1|Iron Crown|
|poke|p1|Talonflame, F|
|poke|p1|Greninja-*, F|
|poke|p1|Glimmora, M|
|poke|p2|Samurott-Hisui, F|
|poke|p2|Dragapult, F|
|poke|p2|Iron Valiant|
|poke|p2|Kingambit, F|
|poke|p2|Great Tusk|
|poke|p2|Raging Bolt|
|teampreview
|inactive|Battle timer is ON: inactive players will automatically lose when time's up. (requested by i will eat another)
|
|t:|1779613494
|teamsize|p1|6
|teamsize|p2|6
|start
|switch|p1a: Breloom|Breloom, F|100/100
|switch|p2a: Samurott|Samurott-Hisui, F|100/100
|turn|1
|
|t:|1779613503
|move|p2a: Samurott|Ceaseless Edge|p1a: Breloom
|-resisted|p1a: Breloom
|-damage|p1a: Breloom|64/100
|-sidestart|p1: i will eat another|Spikes
|move|p1a: Breloom|Bullet Seed|p2a: Samurott
|-supereffective|p2a: Samurott
|-damage|p2a: Samurott|41/100
|-supereffective|p2a: Samurott
|-damage|p2a: Samurott|0 fnt
|faint|p2a: Samurott
|-hitcount|p2: Samurott|2
|-damage|p1a: Breloom|54/100|[from] item: Life Orb
|
|upkeep
|
|t:|1779613516
|switch|p2a: Dragapult|Dragapult, F|100/100
|turn|2
|
|t:|1779613530
|switch|p1a: Swinub|Swinub, F|100/100
|-damage|p1a: Swinub|88/100|[from] Spikes
|move|p2a: Dragapult|Flamethrower|p1a: Swinub
|-supereffective|p1a: Swinub
|-damage|p1a: Swinub|0 fnt
|faint|p1a: Swinub
|
|upkeep
|
|t:|1779613538
|switch|p1a: Glimmora|Glimmora, M|100/100
|-damage|p1a: Glimmora|88/100|[from] Spikes
|turn|3
|
|t:|1779613544
|move|p2a: Dragapult|Draco Meteor|p1a: Glimmora
|-damage|p1a: Glimmora|3/100
|-unboost|p2a: Dragapult|spa|2
|move|p1a: Glimmora|Meteor Beam||[still]
|-prepare|p1a: Glimmora|Meteor Beam
|-boost|p1a: Glimmora|spa|1
|-enditem|p1a: Glimmora|Power Herb
|-anim|p1a: Glimmora|Meteor Beam|p2a: Dragapult
|-damage|p2a: Dragapult|0 fnt
|faint|p2a: Dragapult
|
|upkeep
|
|t:|1779613556
|switch|p2a: Raging Bolt|Raging Bolt|100/100
|turn|4
|
|t:|1779613563
|switch|p1a: Talonflame|Talonflame, F|100/100
|move|p2a: Raging Bolt|Thunderclap||[still]
|-fail|p2a: Raging Bolt
|
|upkeep
|turn|5
|
|t:|1779613569
|move|p1a: Talonflame|Defog|p2a: Raging Bolt
|-unboost|p2a: Raging Bolt|evasion|1
|-sideend|p1: i will eat another|Spikes|[from] move: Defog|[of] p1a: Talonflame
|move|p2a: Raging Bolt|Thunderbolt|p1a: Talonflame
|-supereffective|p1a: Talonflame
|-damage|p1a: Talonflame|0 fnt
|faint|p1a: Talonflame
|
|upkeep
|
|t:|1779613576
|switch|p1a: Iron Crown|Iron Crown|100/100
|-enditem|p1a: Iron Crown|Booster Energy
|-activate|p1a: Iron Crown|ability: Quark Drive|[fromitem]
|-start|p1a: Iron Crown|quarkdrivespe
|turn|6
|
|t:|1779613582
|move|p1a: Iron Crown|Calm Mind|p1a: Iron Crown
|-boost|p1a: Iron Crown|spa|1
|-boost|p1a: Iron Crown|spd|1
|move|p2a: Raging Bolt|Thunderbolt|p1a: Iron Crown
|-damage|p1a: Iron Crown|70/100
|
|upkeep
|turn|7
|
|t:|1779613600
|move|p1a: Iron Crown|Calm Mind|p1a: Iron Crown
|-boost|p1a: Iron Crown|spa|1
|-boost|p1a: Iron Crown|spd|1
|move|p2a: Raging Bolt|Calm Mind|p2a: Raging Bolt
|-boost|p2a: Raging Bolt|spa|1
|-boost|p2a: Raging Bolt|spd|1
|
|upkeep
|turn|8
|
|t:|1779613606
|move|p1a: Iron Crown|Calm Mind|p1a: Iron Crown
|-boost|p1a: Iron Crown|spa|1
|-boost|p1a: Iron Crown|spd|1
|move|p2a: Raging Bolt|Calm Mind|p2a: Raging Bolt
|-boost|p2a: Raging Bolt|spa|1
|-boost|p2a: Raging Bolt|spd|1
|
|upkeep
|turn|9
|
|t:|1779613612
|move|p1a: Iron Crown|Calm Mind|p1a: Iron Crown
|-boost|p1a: Iron Crown|spa|1
|-boost|p1a: Iron Crown|spd|1
|move|p2a: Raging Bolt|Thunderbolt|p1a: Iron Crown
|-damage|p1a: Iron Crown|35/100
|-status|p1a: Iron Crown|par
|
|upkeep
|turn|10
|
|t:|1779613623
|move|p1a: Iron Crown|Psyshock|p2a: Raging Bolt
|-damage|p2a: Raging Bolt|12/100
|move|p2a: Raging Bolt|Thunderbolt|p1a: Iron Crown
|-damage|p1a: Iron Crown|3/100 par
|
|-heal|p2a: Raging Bolt|18/100|[from] item: Leftovers
|upkeep
|turn|11
|
|t:|1779613630
|move|p2a: Raging Bolt|Thunderclap|p1a: Iron Crown
|-damage|p1a: Iron Crown|0 fnt
|faint|p1a: Iron Crown
|-end|p1a: Iron Crown|Quark Drive|[silent]
|
|-heal|p2a: Raging Bolt|25/100|[from] item: Leftovers
|upkeep
|
|t:|1779613635
|switch|p1a: Breloom|Breloom, F|54/100
|turn|12
|
|t:|1779613648
|-terastallize|p2a: Raging Bolt|Fairy
|move|p1a: Breloom|Mach Punch|p2a: Raging Bolt
|-resisted|p2a: Raging Bolt
|-damage|p2a: Raging Bolt|8/100
|-damage|p1a: Breloom|44/100|[from] item: Life Orb
|move|p2a: Raging Bolt|Draco Meteor|p1a: Breloom
|-damage|p1a: Breloom|0 fnt
|-unboost|p2a: Raging Bolt|spa|2
|faint|p1a: Breloom
|
|-heal|p2a: Raging Bolt|14/100|[from] item: Leftovers
|upkeep
|
|t:|1779613659
|switch|p1a: Greninja|Greninja, F|100/100
|turn|13
|
|t:|1779613663
|move|p2a: Raging Bolt|Thunderclap|p1a: Greninja
|-supereffective|p1a: Greninja
|-damage|p1a: Greninja|0 fnt
|faint|p1a: Greninja
|
|-heal|p2a: Raging Bolt|21/100|[from] item: Leftovers
|upkeep
|
|t:|1779613668
|switch|p1a: Glimmora|Glimmora, M|3/100
|turn|14
|
|t:|1779613671
|move|p2a: Raging Bolt|Thunderclap|p1a: Glimmora
|-damage|p1a: Glimmora|0 fnt
|faint|p1a: Glimmora
|
|win|Orangsaltogu2
|raw|i will eat another's rating: 1270 &rarr; <strong>1242</strong><br />(-28 for losing)
|raw|Orangsaltogu2's rating: 1222 &rarr; <strong>1250</strong><br />(+28 for winning)
|l|☆i will eat another
|player|p1|
|l|☆Orangsaltogu2
|player|p2|
