|j|☆DaddyPigIsThiqq
|j|☆kc66
|t:|1779584733
|gametype|singles
|player|p1|DaddyPigIsThiqq|169|1539
|player|p2|kc66|caitlin|1519
|gen|9
|tier|[Gen 9] OU
|rated|
|rule|HP Percentage Mod: HP is shown in percentages
|rule|Endless Battle Clause: Forcing endless battles is banned
|rule|Species Clause: Limit one of each Pokémon
|rule|OHKO Clause: OHKO moves are banned
|rule|Evasion Items Clause: Evasion items are banned
|rule|Evasion Moves Clause: Evasion moves are banned
|rule|Evasion Abilities Clause: Evasion abilities are banned
|rule|Sleep Moves Clause: Sleep-inducing moves are banned
|clearpoke
|poke|p1|Slowking-Galar, F|
|poke|p1|Mamoswine, F|
|poke|p1|Darkrai|
|poke|p1|Dragapult, F|
|poke|p1|Skarmory, F|
|poke|p1|Ting-Lu|
|poke|p2|Clodsire, M|
|poke|p2|Toxapex, F|
|poke|p2|Corviknight, F|
|poke|p2|Dondozo, M|
|poke|p2|Clefable, F|
|poke|p2|Gliscor, F|
|teampreview
|inactive|Battle timer is ON: inactive players will automatically lose when time's up. (requested by DaddyPigIsThiqq)
|j| Rambleton
|
|t:|1779584763
|teamsize|p1|6
|teamsize|p2|6
|start
|switch|p1a: Darkrai|Darkrai|100/100
|switch|p2a: nothing new there|Gliscor, F|100/100
|turn|1
|
|t:|1779584775
|switch|p2a: take your time|Toxapex, F|100/100
|move|p1a: Darkrai|Knock Off|p2a: take your time
|-damage|p2a: take your time|81/100
|-enditem|p2a: take your time|Leftovers|[from] move: Knock Off|[of] p1a: Darkrai
|
|upkeep
|turn|2
|
|t:|1779584782
|switch|p1a: Slowking|Slowking-Galar, F|100/100
|move|p2a: take your time|Infestation|p1a: Slowking
|-crit|p1a: Slowking
|-damage|p1a: Slowking|98/100
|-activate|p1a: Slowking|move: Infestation|[of] p2a: take your time
|
|-damage|p1a: Slowking|85/100|[from] move: Infestation|[partiallytrapped]
|upkeep
|turn|3
|
|t:|1779584804
|switch|p2a: nothing new there|Gliscor, F|100/100
|move|p1a: Slowking|Future Sight|p2a: nothing new there
|-start|p1a: Slowking|move: Future Sight
|
|-end|p1a: Slowking|Infestation|[partiallytrapped]|[silent]
|-status|p2a: nothing new there|tox|[from] item: Toxic Orb
|upkeep
|turn|4
|
|t:|1779584810
|move|p2a: nothing new there|Knock Off|p1a: Slowking
|-supereffective|p1a: Slowking
|-damage|p1a: Slowking|42/100
|-enditem|p1a: Slowking|Heavy-Duty Boots|[from] move: Knock Off|[of] p2a: nothing new there
|-prepare|p1a: Slowking|Chilly Reception|[premajor]
|move|p1a: Slowking|Chilly Reception|p1a: Slowking
|-weather|Snowscape
|
|t:|1779584816
|switch|p1a: Mamoswine|Mamoswine, F|100/100|[from] Chilly Reception
|
|-weather|Snowscape|[upkeep]
|upkeep
|turn|5
|
|t:|1779584835
|switch|p2a: keep trying|Dondozo, M|100/100
|move|p1a: Mamoswine|Knock Off|p2a: keep trying
|-damage|p2a: keep trying|85/100
|-enditem|p2a: keep trying|Leftovers|[from] move: Knock Off|[of] p1a: Mamoswine
|
|-weather|Snowscape|[upkeep]
|-end|p2a: keep trying|move: Future Sight
|-damage|p2a: keep trying|39/100
|upkeep
|turn|6
|
|t:|1779584844
|switch|p1a: Slowking|Slowking-Galar, F|75/100
|move|p2a: keep trying|Rest|p2a: keep trying
|-status|p2a: keep trying|slp|[from] move: Rest
|-heal|p2a: keep trying|100/100 slp|[silent]
|
|-weather|Snowscape|[upkeep]
|upkeep
|turn|7
|
|t:|1779584849
|cant|p2a: keep trying|slp
|move|p2a: keep trying|Sleep Talk|p2a: keep trying
|move|p2a: keep trying|Rest||[from] move: Sleep Talk|[still]
|-fail|p2a: keep trying
|move|p1a: Slowking|Future Sight|p2a: keep trying
|-start|p1a: Slowking|move: Future Sight
|
|-weather|Snowscape|[upkeep]
|upkeep
|turn|8
|
|t:|1779584857
|switch|p2a: nothing new there|Gliscor, F|100/100 tox
|-prepare|p1a: Slowking|Chilly Reception|[premajor]
|move|p1a: Slowking|Chilly Reception|p1a: Slowking
|
|t:|1779584863
|switch|p1a: Mamoswine|Mamoswine, F|100/100|[from] Chilly Reception
|
|-weather|none
|upkeep
|turn|9
|j| wuxinshushu1
|
|t:|1779584879
|-terastallize|p2a: nothing new there|Dark
|move|p2a: nothing new there|Knock Off|p1a: Mamoswine
|-damage|p1a: Mamoswine|65/100
|-enditem|p1a: Mamoswine|Heavy-Duty Boots|[from] move: Knock Off|[of] p2a: nothing new there
|move|p1a: Mamoswine|Icicle Crash|p2a: nothing new there
|-damage|p2a: nothing new there|60/100 tox
|
|-end|p2a: nothing new there|move: Future Sight
|-immune|p2a: nothing new there
|-heal|p2a: nothing new there|73/100 tox|[from] ability: Poison Heal
|upkeep
|turn|10
|
|t:|1779584890
|switch|p1a: Skarmory|Skarmory, F|100/100
|move|p2a: nothing new there|Toxic|p1a: Skarmory|[miss]
|-miss|p2a: nothing new there|p1a: Skarmory
|
|-heal|p2a: nothing new there|85/100 tox|[from] ability: Poison Heal
|upkeep
|turn|11
|
|t:|1779584900
|switch|p2a: love this for you|Clefable, F|100/100
|move|p1a: Skarmory|Stealth Rock|p2a: love this for you
|-sidestart|p2: kc66|move: Stealth Rock
|
|upkeep
|turn|12
|
|t:|1779584902
|switch|p1a: Slowking|Slowking-Galar, F|100/100
|move|p2a: love this for you|Stealth Rock|p1a: Slowking
|-sidestart|p1: DaddyPigIsThiqq|move: Stealth Rock
|
|upkeep
|turn|13
|
|t:|1779584904
|move|p2a: love this for you|Knock Off|p1a: Slowking
|-supereffective|p1a: Slowking
|-damage|p1a: Slowking|79/100
|move|p1a: Slowking|Future Sight|p2a: love this for you
|-start|p1a: Slowking|move: Future Sight
|
|upkeep
|turn|14
|
|t:|1779584911
|switch|p2a: nothing new there|Gliscor, F, tera:Dark|85/100 tox
|-damage|p2a: nothing new there|73/100 tox|[from] Stealth Rock
|move|p1a: Slowking|Sludge Bomb|p2a: nothing new there
|-damage|p2a: nothing new there|34/100 tox
|
|-heal|p2a: nothing new there|46/100 tox|[from] ability: Poison Heal
|upkeep
|turn|15
|
|t:|1779584931
|switch|p2a: per my last turn|Corviknight, F|100/100
|-damage|p2a: per my last turn|88/100|[from] Stealth Rock
|-ability|p2a: per my last turn|Pressure
|move|p1a: Slowking|Sludge Bomb|p2a: per my last turn
|-immune|p2a: per my last turn
|
|-end|p2a: per my last turn|move: Future Sight
|-resisted|p2a: per my last turn
|-damage|p2a: per my last turn|73/100
|-heal|p2a: per my last turn|79/100|[from] item: Leftovers
|upkeep
|turn|16
|
|t:|1779584940
|move|p2a: per my last turn|Protect|p2a: per my last turn
|-singleturn|p2a: per my last turn|Protect
|move|p1a: Slowking|Future Sight|p2a: per my last turn
|-start|p1a: Slowking|move: Future Sight
|
|-heal|p2a: per my last turn|85/100|[from] item: Leftovers
|upkeep
|turn|17
|
|t:|1779584943
|move|p2a: per my last turn|Brave Bird|p1a: Slowking
|-damage|p1a: Slowking|41/100
|-damage|p2a: per my last turn|73/100|[from] Recoil
|-prepare|p1a: Slowking|Chilly Reception|[premajor]
|move|p1a: Slowking|Chilly Reception|p1a: Slowking
|-weather|Snowscape
|
|t:|1779584951
|switch|p1a: Darkrai|Darkrai|100/100|[from] Chilly Reception
|
|-weather|Snowscape|[upkeep]
|-heal|p2a: per my last turn|79/100|[from] item: Leftovers
|upkeep
|turn|18
|
|t:|1779584956
|move|p2a: per my last turn|Protect|p2a: per my last turn
|-singleturn|p2a: per my last turn|Protect
|move|p1a: Darkrai|Ice Beam|p2a: per my last turn
|-activate|p2a: per my last turn|move: Protect
|
|-weather|Snowscape|[upkeep]
|-end|p2a: per my last turn|move: Future Sight
|-resisted|p2a: per my last turn
|-damage|p2a: per my last turn|64/100
|-heal|p2a: per my last turn|70/100|[from] item: Leftovers
|upkeep
|turn|19
|
|t:|1779584980
|switch|p2a: take your time|Toxapex, F|100/100
|-damage|p2a: take your time|88/100|[from] Stealth Rock
|move|p1a: Darkrai|Ice Beam|p2a: take your time
|-resisted|p2a: take your time
|-damage|p2a: take your time|74/100
|
|-weather|Snowscape|[upkeep]
|upkeep
|turn|20
|
|t:|1779584987
|switch|p1a: Slowking|Slowking-Galar, F|75/100
|-damage|p1a: Slowking|62/100|[from] Stealth Rock
|move|p2a: take your time|Baneful Bunker||[still]
|-fail|p2a: take your time
|
|-weather|Snowscape|[upkeep]
|upkeep
|turn|21
|
|t:|1779584990
|switch|p2a: nothing new there|Gliscor, F, tera:Dark|46/100 tox
|-damage|p2a: nothing new there|34/100 tox|[from] Stealth Rock
|move|p1a: Slowking|Future Sight|p2a: nothing new there
|-start|p1a: Slowking|move: Future Sight
|
|-weather|none
|-heal|p2a: nothing new there|46/100 tox|[from] ability: Poison Heal
|upkeep
|turn|22
|
|t:|1779584993
|move|p2a: nothing new there|Substitute|p2a: nothing new there
|-start|p2a: nothing new there|Substitute
|-damage|p2a: nothing new there|21/100 tox
|-prepare|p1a: Slowking|Chilly Reception|[premajor]
|move|p1a: Slowking|Chilly Reception|p1a: Slowking
|-weather|Snowscape
|
|t:|1779584996
|switch|p1a: Dragapult|Dragapult, F|100/100|[from] Chilly Reception
|
|-weather|Snowscape|[upkeep]
|-heal|p2a: nothing new there|34/100 tox|[from] ability: Poison Heal
|upkeep
|turn|23
|
|t:|1779584999
|move|p1a: Dragapult|Dragon Darts|p2a: nothing new there
|-damage|p2a: nothing new there|16/100 tox
|-anim|p1a: Dragapult|Dragon Darts|p2a: nothing new there
|-damage|p2a: nothing new there|0 fnt
|faint|p2a: nothing new there
|
|-weather|Snowscape|[upkeep]
|-hint|Future Sight did not hit because the target is fainted.
|upkeep
|
|t:|1779585007
|switch|p2a: take your time|Toxapex, F|100/100
|-damage|p2a: take your time|88/100|[from] Stealth Rock
|turn|24
|
|t:|1779585020
|move|p1a: Dragapult|U-turn|p2a: take your time
|-resisted|p2a: take your time
|-damage|p2a: take your time|82/100
|
|t:|1779585024
|switch|p1a: Slowking|Slowking-Galar, F|96/100|[from] U-turn
|-damage|p1a: Slowking|83/100|[from] Stealth Rock
|move|p2a: take your time|Infestation|p1a: Slowking
|-damage|p1a: Slowking|81/100
|-activate|p1a: Slowking|move: Infestation|[of] p2a: take your time
|
|-weather|Snowscape|[upkeep]
|-damage|p1a: Slowking|69/100|[from] move: Infestation|[partiallytrapped]
|upkeep
|turn|25
|
|t:|1779585031
|move|p2a: take your time|Poison Jab|p1a: Slowking
|-resisted|p1a: Slowking
|-damage|p1a: Slowking|59/100
|move|p1a: Slowking|Future Sight|p2a: take your time
|-start|p1a: Slowking|move: Future Sight
|
|-weather|Snowscape|[upkeep]
|-damage|p1a: Slowking|47/100|[from] move: Infestation|[partiallytrapped]
|upkeep
|turn|26
|
|t:|1779585035
|move|p2a: take your time|Poison Jab|p1a: Slowking
|-resisted|p1a: Slowking
|-damage|p1a: Slowking|36/100
|-prepare|p1a: Slowking|Chilly Reception|[premajor]
|move|p1a: Slowking|Chilly Reception|p1a: Slowking
|
|t:|1779585049
|switch|p1a: Darkrai|Darkrai|100/100|[from] Chilly Reception
|
|-weather|none
|upkeep
|turn|27
|
|t:|1779585063
|move|p2a: take your time|Baneful Bunker|p2a: take your time
|-singleturn|p2a: take your time|move: Protect
|move|p1a: Darkrai|Dark Pulse|p2a: take your time
|-activate|p2a: take your time|move: Protect
|
|-end|p2a: take your time|move: Future Sight
|-supereffective|p2a: take your time
|-damage|p2a: take your time|5/100
|upkeep
|turn|28
|
|t:|1779585073
|switch|p2a: love this for you|Clefable, F|100/100
|move|p1a: Darkrai|Knock Off|p2a: love this for you
|-resisted|p2a: love this for you
|-crit|p2a: love this for you
|-damage|p2a: love this for you|82/100
|-enditem|p2a: love this for you|Sticky Barb|[from] move: Knock Off|[of] p1a: Darkrai
|
|upkeep
|turn|29
|
|t:|1779585084
|switch|p1a: Slowking|Slowking-Galar, F|70/100
|-damage|p1a: Slowking|57/100|[from] Stealth Rock
|move|p2a: love this for you|Moonblast|p1a: Slowking
|-resisted|p1a: Slowking
|-damage|p1a: Slowking|48/100
|-unboost|p1a: Slowking|spa|1
|
|upkeep
|turn|30
|
|t:|1779585091
|switch|p2a: per my last turn|Corviknight, F|70/100
|-damage|p2a: per my last turn|57/100|[from] Stealth Rock
|-ability|p2a: per my last turn|Pressure
|move|p1a: Slowking|Future Sight|p2a: per my last turn
|-start|p1a: Slowking|move: Future Sight
|
|-heal|p2a: per my last turn|64/100|[from] item: Leftovers
|upkeep
|turn|31
|
|t:|1779585096
|switch|p1a: Skarmory|Skarmory, F|100/100
|-damage|p1a: Skarmory|88/100|[from] Stealth Rock
|move|p2a: per my last turn|Roost|p2a: per my last turn
|-heal|p2a: per my last turn|100/100
|-singleturn|p2a: per my last turn|move: Roost
|
|upkeep
|turn|32
|
|t:|1779585099
|switch|p2a: take your time|Toxapex, F|38/100
|-damage|p2a: take your time|25/100|[from] Stealth Rock
|move|p1a: Skarmory|Iron Defense|p1a: Skarmory
|-boost|p1a: Skarmory|def|2
|
|-end|p2a: take your time|move: Future Sight
|-supereffective|p2a: take your time
|-damage|p2a: take your time|0 fnt
|faint|p2a: take your time
|upkeep
|c|☆DaddyPigIsThiqq|You are so bad
|
|t:|1779585107
|switch|p2a: keep trying|Dondozo, M|100/100 slp
|-damage|p2a: keep trying|88/100 slp|[from] Stealth Rock
|turn|33
|c|☆kc66|then why havent you won yet
|
|t:|1779585130
|switch|p1a: Slowking|Slowking-Galar, F|81/100
|-damage|p1a: Slowking|69/100|[from] Stealth Rock
|cant|p2a: keep trying|slp
|move|p2a: keep trying|Sleep Talk|p2a: keep trying
|move|p2a: keep trying|Rest||[from] move: Sleep Talk|[still]
|-fail|p2a: keep trying
|
|upkeep
|turn|34
|
|t:|1779585136
|-curestatus|p2a: keep trying|slp|[msg]
|move|p2a: keep trying|Sleep Talk||[still]
|-fail|p2a: keep trying
|move|p1a: Slowking|Future Sight|p2a: keep trying
|-start|p1a: Slowking|move: Future Sight
|
|upkeep
|turn|35
|
|t:|1779585143
|move|p2a: keep trying|Curse|p2a: keep trying
|-unboost|p2a: keep trying|spe|1
|-boost|p2a: keep trying|atk|1
|-boost|p2a: keep trying|def|1
|-prepare|p1a: Slowking|Chilly Reception|[premajor]
|move|p1a: Slowking|Chilly Reception|p1a: Slowking
|-weather|Snowscape
|
|t:|1779585146
|switch|p1a: Darkrai|Darkrai|100/100|[from] Chilly Reception
|
|-weather|Snowscape|[upkeep]
|upkeep
|turn|36
|
|t:|1779585152
|switch|p2a: per my last turn|Corviknight, F|100/100
|-damage|p2a: per my last turn|88/100|[from] Stealth Rock
|-ability|p2a: per my last turn|Pressure
|move|p1a: Darkrai|Dark Pulse|p2a: per my last turn
|-damage|p2a: per my last turn|58/100
|
|-weather|Snowscape|[upkeep]
|-end|p2a: per my last turn|move: Future Sight
|-resisted|p2a: per my last turn
|-damage|p2a: per my last turn|42/100
|-heal|p2a: per my last turn|48/100|[from] item: Leftovers
|upkeep
|turn|37
|
|t:|1779585155
|move|p1a: Darkrai|Dark Pulse|p2a: per my last turn
|-damage|p2a: per my last turn|17/100
|move|p2a: per my last turn|Roost|p2a: per my last turn
|-heal|p2a: per my last turn|67/100
|-singleturn|p2a: per my last turn|move: Roost
|
|-weather|Snowscape|[upkeep]
|-heal|p2a: per my last turn|74/100|[from] item: Leftovers
|upkeep
|turn|38
|
|t:|1779585167
|move|p1a: Darkrai|Ice Beam|p2a: per my last turn
|-damage|p2a: per my last turn|50/100
|move|p2a: per my last turn|Defog|p1a: Darkrai
|-unboost|p1a: Darkrai|evasion|1
|-sideend|p1: DaddyPigIsThiqq|Stealth Rock|[from] move: Defog|[of] p2a: per my last turn
|-sideend|p2: kc66|Stealth Rock|[from] move: Defog|[of] p2a: per my last turn
|
|-weather|Snowscape|[upkeep]
|-heal|p2a: per my last turn|56/100|[from] item: Leftovers
|upkeep
|turn|39
|
|t:|1779585176
|move|p1a: Darkrai|Ice Beam|p2a: per my last turn
|-damage|p2a: per my last turn|34/100
|move|p2a: per my last turn|Roost|p2a: per my last turn
|-heal|p2a: per my last turn|84/100
|-singleturn|p2a: per my last turn|move: Roost
|
|-weather|none
|-heal|p2a: per my last turn|90/100|[from] item: Leftovers
|upkeep
|turn|40
|
|t:|1779585183
|switch|p1a: Dragapult|Dragapult, F|100/100
|move|p2a: per my last turn|Brave Bird|p1a: Dragapult
|-damage|p1a: Dragapult|47/100
|-damage|p2a: per my last turn|76/100|[from] Recoil
|
|-heal|p2a: per my last turn|83/100|[from] item: Leftovers
|upkeep
|turn|41
|l| wuxinshushu1
|
|t:|1779585187
|move|p1a: Dragapult|U-turn|p2a: per my last turn
|-resisted|p2a: per my last turn
|-damage|p2a: per my last turn|79/100
|
|t:|1779585189
|switch|p1a: Skarmory|Skarmory, F|88/100|[from] U-turn
|move|p2a: per my last turn|Brave Bird|p1a: Skarmory
|-resisted|p1a: Skarmory
|-damage|p1a: Skarmory|77/100
|-damage|p2a: per my last turn|63/100|[from] item: Rocky Helmet|[of] p1a: Skarmory
|-damage|p2a: per my last turn|60/100|[from] Recoil
|
|-heal|p2a: per my last turn|66/100|[from] item: Leftovers
|upkeep
|turn|42
|
|t:|1779585194
|switch|p2a: keep trying|Dondozo, M|88/100
|move|p1a: Skarmory|Stealth Rock|p2a: keep trying
|-sidestart|p2: kc66|move: Stealth Rock
|
|upkeep
|turn|43
|
|t:|1779585199
|switch|p1a: Slowking|Slowking-Galar, F|100/100
|move|p2a: keep trying|Curse|p2a: keep trying
|-unboost|p2a: keep trying|spe|1
|-boost|p2a: keep trying|atk|1
|-boost|p2a: keep trying|def|1
|
|upkeep
|turn|44
|
|t:|1779585201
|move|p2a: keep trying|Crunch|p1a: Slowking
|-supereffective|p1a: Slowking
|-damage|p1a: Slowking|38/100
|-unboost|p1a: Slowking|def|1
|move|p1a: Slowking|Future Sight|p2a: keep trying
|-start|p1a: Slowking|move: Future Sight
|
|upkeep
|turn|45
|
|t:|1779585214
|switch|p1a: Skarmory|Skarmory, F|77/100
|move|p2a: keep trying|Crunch|p1a: Skarmory
|-damage|p1a: Skarmory|61/100
|-unboost|p1a: Skarmory|def|1
|-damage|p2a: keep trying|72/100|[from] item: Rocky Helmet|[of] p1a: Skarmory
|
|upkeep
|turn|46
|
|t:|1779585218
|move|p1a: Skarmory|Roost|p1a: Skarmory
|-heal|p1a: Skarmory|100/100
|-singleturn|p1a: Skarmory|move: Roost
|move|p2a: keep trying|Rest|p2a: keep trying
|-status|p2a: keep trying|slp|[from] move: Rest
|-heal|p2a: keep trying|100/100 slp|[silent]
|
|-end|p2a: keep trying|move: Future Sight
|-damage|p2a: keep trying|54/100 slp
|upkeep
|turn|47
|
|t:|1779585222
|switch|p1a: Darkrai|Darkrai|100/100
|cant|p2a: keep trying|slp
|move|p2a: keep trying|Sleep Talk|p2a: keep trying
|move|p2a: keep trying|Crunch|p1a: Darkrai|[from] move: Sleep Talk
|-resisted|p1a: Darkrai
|-damage|p1a: Darkrai|79/100
|
|-damage|p2a: keep trying|42/100 slp|[from] ability: Bad Dreams|[of] p1a: Darkrai
|upkeep
|turn|48
|
|t:|1779585227
|move|p1a: Darkrai|Nasty Plot|p1a: Darkrai
|-boost|p1a: Darkrai|spa|2
|cant|p2a: keep trying|slp
|move|p2a: keep trying|Sleep Talk|p2a: keep trying
|move|p2a: keep trying|Curse|p2a: keep trying|[from] move: Sleep Talk
|-unboost|p2a: keep trying|spe|1
|-boost|p2a: keep trying|atk|1
|-boost|p2a: keep trying|def|1
|
|-damage|p2a: keep trying|30/100 slp|[from] ability: Bad Dreams|[of] p1a: Darkrai
|upkeep
|turn|49
|
|t:|1779585240
|switch|p2a: did you calc that?|Clodsire, M|100/100
|move|p1a: Darkrai|Ice Beam|p2a: did you calc that?
|-supereffective|p2a: did you calc that?
|-damage|p2a: did you calc that?|69/100
|
|upkeep
|turn|50
|
|t:|1779585245
|move|p1a: Darkrai|Ice Beam|p2a: did you calc that?
|-supereffective|p2a: did you calc that?
|-damage|p2a: did you calc that?|34/100
|move|p2a: did you calc that?|Recover|p2a: did you calc that?
|-heal|p2a: did you calc that?|85/100
|
|upkeep
|turn|51
|
|t:|1779585248
|move|p1a: Darkrai|Ice Beam|p2a: did you calc that?
|-supereffective|p2a: did you calc that?
|-damage|p2a: did you calc that?|52/100
|move|p2a: did you calc that?|Earthquake|p1a: Darkrai
|-damage|p1a: Darkrai|37/100
|
|upkeep
|turn|52
|
|t:|1779585257
|switch|p1a: Skarmory|Skarmory, F|100/100
|move|p2a: did you calc that?|Recover|p2a: did you calc that?
|-heal|p2a: did you calc that?|100/100
|
|upkeep
|turn|53
|
|t:|1779585263
|switch|p1a: Slowking|Slowking-Galar, F|72/100
|switch|p2a: per my last turn|Corviknight, F|66/100
|-damage|p2a: per my last turn|53/100|[from] Stealth Rock
|-ability|p2a: per my last turn|Pressure
|
|-heal|p2a: per my last turn|60/100|[from] item: Leftovers
|upkeep
|turn|54
|
|t:|1779585266
|move|p2a: per my last turn|Defog|p1a: Slowking
|-unboost|p1a: Slowking|evasion|1
|-sideend|p2: kc66|Stealth Rock|[from] move: Defog|[of] p2a: per my last turn
|-prepare|p1a: Slowking|Chilly Reception|[premajor]
|move|p1a: Slowking|Chilly Reception|p1a: Slowking
|-weather|Snowscape
|
|t:|1779585268
|switch|p1a: Skarmory|Skarmory, F|100/100|[from] Chilly Reception
|
|-weather|Snowscape|[upkeep]
|-heal|p2a: per my last turn|66/100|[from] item: Leftovers
|upkeep
|turn|55
|
|t:|1779585277
|move|p1a: Skarmory|Stealth Rock|p2a: per my last turn
|-sidestart|p2: kc66|move: Stealth Rock
|move|p2a: per my last turn|Defog|p1a: Skarmory
|-unboost|p1a: Skarmory|evasion|1
|-sideend|p2: kc66|Stealth Rock|[from] move: Defog|[of] p2a: per my last turn
|
|-weather|Snowscape|[upkeep]
|-heal|p2a: per my last turn|72/100|[from] item: Leftovers
|upkeep
|turn|56
|
|t:|1779585281
|move|p1a: Skarmory|Stealth Rock|p2a: per my last turn
|-sidestart|p2: kc66|move: Stealth Rock
|move|p2a: per my last turn|Defog|p1a: Skarmory
|-unboost|p1a: Skarmory|evasion|1
|-sideend|p2: kc66|Stealth Rock|[from] move: Defog|[of] p2a: per my last turn
|
|-weather|Snowscape|[upkeep]
|-heal|p2a: per my last turn|78/100|[from] item: Leftovers
|upkeep
|turn|57
|
|t:|1779585284
|move|p1a: Skarmory|Iron Defense|p1a: Skarmory
|-boost|p1a: Skarmory|def|2
|move|p2a: per my last turn|Defog|p1a: Skarmory
|-unboost|p1a: Skarmory|evasion|1
|
|-weather|Snowscape|[upkeep]
|-heal|p2a: per my last turn|85/100|[from] item: Leftovers
|upkeep
|turn|58
|
|t:|1779585286
|switch|p2a: keep trying|Dondozo, M|30/100 slp
|move|p1a: Skarmory|Stealth Rock|p2a: keep trying
|-sidestart|p2: kc66|move: Stealth Rock
|
|-weather|none
|upkeep
|turn|59
|
|t:|1779585292
|switch|p1a: Slowking|Slowking-Galar, F|100/100
|-curestatus|p2a: keep trying|slp|[msg]
|move|p2a: keep trying|Rest|p2a: keep trying
|-status|p2a: keep trying|slp|[from] move: Rest
|-heal|p2a: keep trying|100/100 slp|[silent]
|
|upkeep
|turn|60
|
|t:|1779585298
|cant|p2a: keep trying|slp
|move|p2a: keep trying|Sleep Talk|p2a: keep trying
|move|p2a: keep trying|Curse|p2a: keep trying|[from] move: Sleep Talk
|-unboost|p2a: keep trying|spe|1
|-boost|p2a: keep trying|atk|1
|-boost|p2a: keep trying|def|1
|move|p1a: Slowking|Future Sight|p2a: keep trying
|-start|p1a: Slowking|move: Future Sight
|
|upkeep
|turn|61
|
|t:|1779585300
|cant|p2a: keep trying|slp
|move|p2a: keep trying|Sleep Talk|p2a: keep trying
|move|p2a: keep trying|Rest||[from] move: Sleep Talk|[still]
|-fail|p2a: keep trying
|-prepare|p1a: Slowking|Chilly Reception|[premajor]
|move|p1a: Slowking|Chilly Reception|p1a: Slowking
|-weather|Snowscape
|
|t:|1779585306
|switch|p1a: Darkrai|Darkrai|37/100|[from] Chilly Reception
|
|-weather|Snowscape|[upkeep]
|-damage|p2a: keep trying|88/100 slp|[from] ability: Bad Dreams|[of] p1a: Darkrai
|upkeep
|turn|62
|
|t:|1779585312
|move|p1a: Darkrai|Dark Pulse|p2a: keep trying
|-damage|p2a: keep trying|46/100 slp
|-curestatus|p2a: keep trying|slp|[msg]
|move|p2a: keep trying|Crunch|p1a: Darkrai
|-resisted|p1a: Darkrai
|-damage|p1a: Darkrai|15/100
|
|-weather|Snowscape|[upkeep]
|-end|p2a: keep trying|move: Future Sight
|-damage|p2a: keep trying|0 fnt
|faint|p2a: keep trying
|upkeep
|
|t:|1779585318
|switch|p2a: per my last turn|Corviknight, F|85/100
|-damage|p2a: per my last turn|72/100|[from] Stealth Rock
|-ability|p2a: per my last turn|Pressure
|turn|63
|
|t:|1779585326
|switch|p1a: Skarmory|Skarmory, F|100/100
|switch|p2a: love this for you|Clefable, F|82/100
|
|-weather|Snowscape|[upkeep]
|upkeep
|turn|64
|
|t:|1779585330
|switch|p1a: Slowking|Slowking-Galar, F|100/100
|move|p2a: love this for you|Stealth Rock|p1a: Slowking
|-sidestart|p1: DaddyPigIsThiqq|move: Stealth Rock
|
|-weather|Snowscape|[upkeep]
|upkeep
|turn|65
|
|t:|1779585338
|switch|p2a: per my last turn|Corviknight, F|72/100
|-damage|p2a: per my last turn|60/100|[from] Stealth Rock
|-ability|p2a: per my last turn|Pressure
|-prepare|p1a: Slowking|Chilly Reception|[premajor]
|move|p1a: Slowking|Chilly Reception|p1a: Slowking
|
|t:|1779585344
|switch|p1a: Skarmory|Skarmory, F|100/100|[from] Chilly Reception
|-damage|p1a: Skarmory|88/100|[from] Stealth Rock
|
|-weather|none
|-heal|p2a: per my last turn|66/100|[from] item: Leftovers
|upkeep
|turn|66
|
|t:|1779585346
|move|p1a: Skarmory|Body Press|p2a: per my last turn
|-damage|p2a: per my last turn|43/100
|move|p2a: per my last turn|Defog|p1a: Skarmory
|-unboost|p1a: Skarmory|evasion|1
|-sideend|p1: DaddyPigIsThiqq|Stealth Rock|[from] move: Defog|[of] p2a: per my last turn
|-sideend|p2: kc66|Stealth Rock|[from] move: Defog|[of] p2a: per my last turn
|
|-heal|p2a: per my last turn|49/100|[from] item: Leftovers
|upkeep
|turn|67
|
|t:|1779585350
|move|p1a: Skarmory|Stealth Rock|p2a: per my last turn
|-sidestart|p2: kc66|move: Stealth Rock
|move|p2a: per my last turn|Roost|p2a: per my last turn
|-heal|p2a: per my last turn|99/100
|-singleturn|p2a: per my last turn|move: Roost
|
|-heal|p2a: per my last turn|100/100|[from] item: Leftovers
|upkeep
|turn|68
|
|t:|1779585353
|move|p1a: Skarmory|Iron Defense|p1a: Skarmory
|-boost|p1a: Skarmory|def|2
|move|p2a: per my last turn|Defog|p1a: Skarmory
|-unboost|p1a: Skarmory|evasion|1
|-sideend|p2: kc66|Stealth Rock|[from] move: Defog|[of] p2a: per my last turn
|
|upkeep
|turn|69
|
|t:|1779585356
|switch|p2a: did you calc that?|Clodsire, M|100/100
|move|p1a: Skarmory|Body Press|p2a: did you calc that?
|-resisted|p2a: did you calc that?
|-damage|p2a: did you calc that?|85/100
|
|upkeep
|turn|70
|
|t:|1779585360
|switch|p1a: Slowking|Slowking-Galar, F|100/100
|move|p2a: did you calc that?|Spikes|p1a: Slowking
|-sidestart|p1: DaddyPigIsThiqq|Spikes
|
|upkeep
|turn|71
|
|t:|1779585363
|move|p2a: did you calc that?|Spikes|p1a: Slowking
|-sidestart|p1: DaddyPigIsThiqq|Spikes
|move|p1a: Slowking|Future Sight|p2a: did you calc that?
|-start|p1a: Slowking|move: Future Sight
|
|upkeep
|turn|72
|
|t:|1779585366
|move|p2a: did you calc that?|Spikes|p1a: Slowking
|-sidestart|p1: DaddyPigIsThiqq|Spikes
|-prepare|p1a: Slowking|Chilly Reception|[premajor]
|move|p1a: Slowking|Chilly Reception|p1a: Slowking
|-weather|Snowscape
|
|t:|1779585376
|switch|p1a: Ting-Lu|Ting-Lu|100/100|[from] Chilly Reception
|-ability|p1a: Ting-Lu|Vessel of Ruin
|
|-weather|Snowscape|[upkeep]
|upkeep
|turn|73
|
|t:|1779585386
|switch|p2a: love this for you|Clefable, F|82/100
|move|p1a: Ting-Lu|Whirlwind|p2a: love this for you
|drag|p2a: per my last turn|Corviknight, F|100/100
|-ability|p2a: per my last turn|Pressure
|
|-weather|Snowscape|[upkeep]
|-end|p2a: per my last turn|move: Future Sight
|-resisted|p2a: per my last turn
|-damage|p2a: per my last turn|89/100
|-heal|p2a: per my last turn|95/100|[from] item: Leftovers
|upkeep
|turn|74
|
|t:|1779585391
|switch|p2a: love this for you|Clefable, F|82/100
|move|p1a: Ting-Lu|Spikes|p2a: love this for you
|-sidestart|p2: kc66|Spikes
|
|-weather|Snowscape|[upkeep]
|upkeep
|turn|75
|
|t:|1779585395
|move|p2a: love this for you|Stealth Rock|p1a: Ting-Lu
|-sidestart|p1: DaddyPigIsThiqq|move: Stealth Rock
|move|p1a: Ting-Lu|Earthquake|p2a: love this for you
|-damage|p2a: love this for you|52/100
|
|-weather|Snowscape|[upkeep]
|upkeep
|turn|76
|
|t:|1779585399
|move|p2a: love this for you|Knock Off|p1a: Ting-Lu
|-resisted|p1a: Ting-Lu
|-damage|p1a: Ting-Lu|96/100
|-enditem|p1a: Ting-Lu|Heavy-Duty Boots|[from] move: Knock Off|[of] p2a: love this for you
|move|p1a: Ting-Lu|Whirlwind|p2a: love this for you
|drag|p2a: did you calc that?|Clodsire, M|85/100
|
|-weather|none
|upkeep
|turn|77
|
|t:|1779585408
|switch|p2a: love this for you|Clefable, F|52/100
|move|p1a: Ting-Lu|Spikes|p2a: love this for you
|-sidestart|p2: kc66|Spikes
|
|upkeep
|turn|78
|
|t:|1779585412
|move|p2a: love this for you|Moonblast|p1a: Ting-Lu
|-supereffective|p1a: Ting-Lu
|-damage|p1a: Ting-Lu|70/100
|move|p1a: Ting-Lu|Earthquake|p2a: love this for you
|-damage|p2a: love this for you|24/100
|
|upkeep
|turn|79
|
|t:|1779585422
|switch|p1a: Mamoswine|Mamoswine, F|65/100
|-damage|p1a: Mamoswine|40/100|[from] Spikes
|-damage|p1a: Mamoswine|28/100|[from] Stealth Rock
|move|p2a: love this for you|Moonlight|p2a: love this for you
|-heal|p2a: love this for you|74/100
|
|upkeep
|turn|80
|
|t:|1779585426
|move|p1a: Mamoswine|Icicle Crash|p2a: love this for you|[miss]
|-miss|p1a: Mamoswine|p2a: love this for you
|move|p2a: love this for you|Moonblast|p1a: Mamoswine
|-damage|p1a: Mamoswine|0 fnt
|faint|p1a: Mamoswine
|
|upkeep
|
|t:|1779585431
|switch|p1a: Slowking|Slowking-Galar, F|100/100
|-damage|p1a: Slowking|76/100|[from] Spikes
|-damage|p1a: Slowking|63/100|[from] Stealth Rock
|turn|81
|
|t:|1779585438
|switch|p2a: per my last turn|Corviknight, F|95/100
|-ability|p2a: per my last turn|Pressure
|move|p1a: Slowking|Future Sight|p2a: per my last turn
|-start|p1a: Slowking|move: Future Sight
|
|-heal|p2a: per my last turn|100/100|[from] item: Leftovers
|upkeep
|turn|82
|
|t:|1779585441
|move|p2a: per my last turn|Brave Bird|p1a: Slowking
|-damage|p1a: Slowking|24/100
|-damage|p2a: per my last turn|88/100|[from] Recoil
|-prepare|p1a: Slowking|Chilly Reception|[premajor]
|move|p1a: Slowking|Chilly Reception|p1a: Slowking
|-weather|Snowscape
|
|t:|1779585448
|switch|p1a: Darkrai|Darkrai|15/100|[from] Chilly Reception
|
|-weather|Snowscape|[upkeep]
|-heal|p2a: per my last turn|94/100|[from] item: Leftovers
|upkeep
|turn|83
|
|t:|1779585451
|-terastallize|p1a: Darkrai|Dark
|move|p1a: Darkrai|Dark Pulse|p2a: per my last turn
|-damage|p2a: per my last turn|53/100
|cant|p2a: per my last turn|flinch
|
|-weather|Snowscape|[upkeep]
|-end|p2a: per my last turn|move: Future Sight
|-resisted|p2a: per my last turn
|-damage|p2a: per my last turn|37/100
|-heal|p2a: per my last turn|43/100|[from] item: Leftovers
|upkeep
|turn|84
|
|t:|1779585455
|move|p1a: Darkrai|Dark Pulse|p2a: per my last turn
|-damage|p2a: per my last turn|3/100
|move|p2a: per my last turn|Roost|p2a: per my last turn
|-heal|p2a: per my last turn|53/100
|-singleturn|p2a: per my last turn|move: Roost
|
|-weather|Snowscape|[upkeep]
|-heal|p2a: per my last turn|60/100|[from] item: Leftovers
|upkeep
|turn|85
|
|t:|1779585458
|move|p1a: Darkrai|Dark Pulse|p2a: per my last turn
|-damage|p2a: per my last turn|22/100
|move|p2a: per my last turn|Brave Bird|p1a: Darkrai
|-damage|p1a: Darkrai|0 fnt
|faint|p1a: Darkrai
|-damage|p2a: per my last turn|19/100|[from] Recoil
|
|-weather|Snowscape|[upkeep]
|-heal|p2a: per my last turn|25/100|[from] item: Leftovers
|upkeep
|
|t:|1779585461
|switch|p1a: Dragapult|Dragapult, F|47/100
|turn|86
|
|t:|1779585464
|switch|p2a: love this for you|Clefable, F|74/100
|move|p1a: Dragapult|Will-O-Wisp|p2a: love this for you
|-status|p2a: love this for you|brn
|
|-weather|none
|upkeep
|turn|87
|
|t:|1779585471
|move|p1a: Dragapult|U-turn|p2a: love this for you
|-resisted|p2a: love this for you
|-damage|p2a: love this for you|67/100 brn
|
|t:|1779585473
|switch|p1a: Skarmory|Skarmory, F|88/100|[from] U-turn
|-damage|p1a: Skarmory|76/100|[from] Stealth Rock
|move|p2a: love this for you|Moonblast|p1a: Skarmory
|-resisted|p1a: Skarmory
|-damage|p1a: Skarmory|54/100
|-unboost|p1a: Skarmory|spa|1
|
|upkeep
|turn|88
|
|t:|1779585478
|switch|p2a: per my last turn|Corviknight, F|25/100
|-ability|p2a: per my last turn|Pressure
|move|p1a: Skarmory|Roost|p1a: Skarmory
|-heal|p1a: Skarmory|100/100
|-singleturn|p1a: Skarmory|move: Roost
|
|-heal|p2a: per my last turn|31/100|[from] item: Leftovers
|upkeep
|turn|89
|
|t:|1779585481
|move|p1a: Skarmory|Body Press|p2a: per my last turn
|-damage|p2a: per my last turn|5/100
|move|p2a: per my last turn|Roost|p2a: per my last turn
|-heal|p2a: per my last turn|55/100
|-singleturn|p2a: per my last turn|move: Roost
|
|-heal|p2a: per my last turn|61/100|[from] item: Leftovers
|upkeep
|turn|90
|
|t:|1779585491
|move|p1a: Skarmory|Iron Defense|p1a: Skarmory
|-boost|p1a: Skarmory|def|2
|move|p2a: per my last turn|Roost|p2a: per my last turn
|-heal|p2a: per my last turn|100/100
|-singleturn|p2a: per my last turn|move: Roost
|
|upkeep
|turn|91
|
|t:|1779585493
|switch|p2a: did you calc that?|Clodsire, M|85/100
|move|p1a: Skarmory|Body Press|p2a: did you calc that?
|-resisted|p2a: did you calc that?
|-damage|p2a: did you calc that?|67/100
|
|upkeep
|turn|92
|
|t:|1779585498
|move|p1a: Skarmory|Body Press|p2a: did you calc that?
|-resisted|p2a: did you calc that?
|-damage|p2a: did you calc that?|51/100
|move|p2a: did you calc that?|Spikes||[still]
|-fail|p2a: did you calc that?
|
|upkeep
|turn|93
|
|t:|1779585501
|move|p1a: Skarmory|Body Press|p2a: did you calc that?
|-resisted|p2a: did you calc that?
|-damage|p2a: did you calc that?|34/100
|move|p2a: did you calc that?|Recover|p2a: did you calc that?
|-heal|p2a: did you calc that?|85/100
|
|upkeep
|turn|94
|
|t:|1779585506
|move|p1a: Skarmory|Iron Defense|p1a: Skarmory
|-boost|p1a: Skarmory|def|2
|move|p2a: did you calc that?|Spikes||[still]
|-fail|p2a: did you calc that?
|
|upkeep
|turn|95
|
|t:|1779585514
|move|p1a: Skarmory|Iron Defense|p1a: Skarmory
|-boost|p1a: Skarmory|def|2
|move|p2a: did you calc that?|Spikes||[still]
|-fail|p2a: did you calc that?
|
|upkeep
|turn|96
|
|t:|1779585518
|move|p1a: Skarmory|Stealth Rock|p2a: did you calc that?
|-sidestart|p2: kc66|move: Stealth Rock
|move|p2a: did you calc that?|Poison Jab|p1a: Skarmory
|-immune|p1a: Skarmory
|
|upkeep
|turn|97
|
|t:|1779585520
|move|p1a: Skarmory|Iron Defense|p1a: Skarmory
|-boost|p1a: Skarmory|def|0
|move|p2a: did you calc that?|Poison Jab|p1a: Skarmory
|-immune|p1a: Skarmory
|
|upkeep
|turn|98
|
|t:|1779585530
|move|p1a: Skarmory|Iron Defense|p1a: Skarmory
|-boost|p1a: Skarmory|def|0
|move|p2a: did you calc that?|Poison Jab|p1a: Skarmory
|-immune|p1a: Skarmory
|
|upkeep
|turn|99
|
|t:|1779585533
|move|p1a: Skarmory|Body Press|p2a: did you calc that?
|-resisted|p2a: did you calc that?
|-damage|p2a: did you calc that?|68/100
|move|p2a: did you calc that?|Poison Jab|p1a: Skarmory
|-immune|p1a: Skarmory
|
|upkeep
|turn|100
|
|t:|1779585537
|move|p1a: Skarmory|Stealth Rock||[still]
|-fail|p1a: Skarmory
|move|p2a: did you calc that?|Poison Jab|p1a: Skarmory
|-immune|p1a: Skarmory
|
|upkeep
|turn|101
|
|t:|1779585540
|move|p1a: Skarmory|Stealth Rock||[still]
|-fail|p1a: Skarmory
|move|p2a: did you calc that?|Poison Jab|p1a: Skarmory
|-immune|p1a: Skarmory
|
|upkeep
|turn|102
|
|t:|1779585565
|move|p1a: Skarmory|Stealth Rock||[still]
|-fail|p1a: Skarmory
|move|p2a: did you calc that?|Poison Jab|p1a: Skarmory
|-immune|p1a: Skarmory
|
|upkeep
|turn|103
|inactive|kc66 has 120 seconds left.
|
|t:|1779585578
|move|p1a: Skarmory|Stealth Rock||[still]
|-fail|p1a: Skarmory
|move|p2a: did you calc that?|Poison Jab|p1a: Skarmory
|-immune|p1a: Skarmory
|
|upkeep
|turn|104
|inactive|kc66 has 120 seconds left.
|j| wuxinshushu1
|inactive|DaddyPigIsThiqq has 120 seconds left.
|c|☆kc66|are you having fun
|inactive|DaddyPigIsThiqq has 90 seconds left.
|c|☆kc66|im having fun
|inactive|DaddyPigIsThiqq has 60 seconds left.
|c|☆kc66|this is so fun
|l| wuxinshushu1
|inactive|DaddyPigIsThiqq has 30 seconds left.
|inactive|DaddyPigIsThiqq has 20 seconds left.
|inactive|DaddyPigIsThiqq has 15 seconds left.
|inactive|kc66 has 90 seconds left.
|inactive|DaddyPigIsThiqq has 10 seconds left.
|inactive|kc66 has 60 seconds left.
|
|t:|1779585744
|move|p1a: Skarmory|Body Press|p2a: did you calc that?
|-resisted|p2a: did you calc that?
|-damage|p2a: did you calc that?|50/100
|move|p2a: did you calc that?|Poison Jab|p1a: Skarmory
|-immune|p1a: Skarmory
|
|upkeep
|turn|105
|inactive|DaddyPigIsThiqq has 15 seconds left this turn.
|inactive|DaddyPigIsThiqq has 10 seconds left.
|inactive|kc66 has 60 seconds left.
|
|t:|1779585750
|switch|p1a: Slowking|Slowking-Galar, F|57/100
|-damage|p1a: Slowking|32/100|[from] Spikes
|-damage|p1a: Slowking|20/100|[from] Stealth Rock
|move|p2a: did you calc that?|Recover|p2a: did you calc that?
|-heal|p2a: did you calc that?|99/100
|
|upkeep
|turn|106
|inactive|DaddyPigIsThiqq has 15 seconds left this turn.
|
|t:|1779585754
|switch|p1a: Skarmory|Skarmory, F|100/100
|-damage|p1a: Skarmory|88/100|[from] Stealth Rock
|move|p2a: did you calc that?|Earthquake|p1a: Skarmory
|-immune|p1a: Skarmory
|
|upkeep
|turn|107
|inactive|DaddyPigIsThiqq has 20 seconds left this turn.
|inactive|DaddyPigIsThiqq has 15 seconds left.
|
|t:|1779585759
|move|p1a: Skarmory|Iron Defense|p1a: Skarmory
|-boost|p1a: Skarmory|def|2
|move|p2a: did you calc that?|Poison Jab|p1a: Skarmory
|-immune|p1a: Skarmory
|
|upkeep
|turn|108
|inactive|DaddyPigIsThiqq has 20 seconds left this turn.
|
|t:|1779585770
|move|p1a: Skarmory|Iron Defense|p1a: Skarmory
|-boost|p1a: Skarmory|def|2
|move|p2a: did you calc that?|Poison Jab|p1a: Skarmory
|-immune|p1a: Skarmory
|
|upkeep
|turn|109
|inactive|DaddyPigIsThiqq has 25 seconds left this turn.
|
|t:|1779585773
|switch|p1a: Dragapult|Dragapult, F|47/100
|move|p2a: did you calc that?|Poison Jab|p1a: Dragapult
|-resisted|p1a: Dragapult
|-damage|p1a: Dragapult|30/100
|-status|p1a: Dragapult|psn
|
|-damage|p1a: Dragapult|18/100 psn|[from] psn
|upkeep
|turn|110
|inactive|DaddyPigIsThiqq has 30 seconds left this turn.
|
|t:|1779585776
|move|p1a: Dragapult|Will-O-Wisp|p2a: did you calc that?
|-status|p2a: did you calc that?|brn
|move|p2a: did you calc that?|Poison Jab|p1a: Dragapult
|-resisted|p1a: Dragapult
|-crit|p1a: Dragapult
|-damage|p1a: Dragapult|6/100 psn
|
|-damage|p1a: Dragapult|0 fnt|[from] psn
|faint|p1a: Dragapult
|-damage|p2a: did you calc that?|94/100 brn|[from] brn
|upkeep
|
|t:|1779585778
|switch|p1a: Skarmory|Skarmory, F|88/100
|-damage|p1a: Skarmory|76/100|[from] Stealth Rock
|turn|111
|
|t:|1779585780
|move|p1a: Skarmory|Iron Defense|p1a: Skarmory
|-boost|p1a: Skarmory|def|2
|move|p2a: did you calc that?|Poison Jab|p1a: Skarmory
|-immune|p1a: Skarmory
|
|-damage|p2a: did you calc that?|88/100 brn|[from] brn
|upkeep
|turn|112
|
|t:|1779585783
|move|p1a: Skarmory|Iron Defense|p1a: Skarmory
|-boost|p1a: Skarmory|def|2
|move|p2a: did you calc that?|Poison Jab|p1a: Skarmory
|-immune|p1a: Skarmory
|
|-damage|p2a: did you calc that?|82/100 brn|[from] brn
|upkeep
|turn|113
|
|t:|1779585785
|move|p1a: Skarmory|Iron Defense|p1a: Skarmory
|-boost|p1a: Skarmory|def|2
|move|p2a: did you calc that?|Poison Jab|p1a: Skarmory
|-immune|p1a: Skarmory
|
|-damage|p2a: did you calc that?|76/100 brn|[from] brn
|upkeep
|turn|114
|
|t:|1779585789
|move|p1a: Skarmory|Stealth Rock||[still]
|-fail|p1a: Skarmory
|move|p2a: did you calc that?|Poison Jab|p1a: Skarmory
|-immune|p1a: Skarmory
|
|-damage|p2a: did you calc that?|70/100 brn|[from] brn
|upkeep
|turn|115
|
|t:|1779585799
|move|p1a: Skarmory|Iron Defense|p1a: Skarmory
|-boost|p1a: Skarmory|def|0
|move|p2a: did you calc that?|Poison Jab|p1a: Skarmory
|-immune|p1a: Skarmory
|
|-damage|p2a: did you calc that?|64/100 brn|[from] brn
|upkeep
|turn|116
|
|t:|1779585805
|move|p1a: Skarmory|Iron Defense|p1a: Skarmory
|-boost|p1a: Skarmory|def|0
|move|p2a: did you calc that?|Poison Jab|p1a: Skarmory
|-immune|p1a: Skarmory
|
|-damage|p2a: did you calc that?|58/100 brn|[from] brn
|upkeep
|turn|117
|
|t:|1779585813
|move|p1a: Skarmory|Stealth Rock||[still]
|-fail|p1a: Skarmory
|move|p2a: did you calc that?|Poison Jab|p1a: Skarmory
|-immune|p1a: Skarmory
|
|-damage|p2a: did you calc that?|52/100 brn|[from] brn
|upkeep
|turn|118
|
|t:|1779585815
|move|p1a: Skarmory|Body Press|p2a: did you calc that?
|-resisted|p2a: did you calc that?
|-damage|p2a: did you calc that?|37/100 brn
|move|p2a: did you calc that?|Poison Jab|p1a: Skarmory
|-immune|p1a: Skarmory
|
|-damage|p2a: did you calc that?|31/100 brn|[from] brn
|upkeep
|turn|119
|
|t:|1779585819
|move|p1a: Skarmory|Stealth Rock||[still]
|-fail|p1a: Skarmory
|move|p2a: did you calc that?|Recover|p2a: did you calc that?
|-heal|p2a: did you calc that?|81/100 brn
|
|-damage|p2a: did you calc that?|75/100 brn|[from] brn
|upkeep
|turn|120
|
|t:|1779585827
|switch|p2a: per my last turn|Corviknight, F|100/100
|-damage|p2a: per my last turn|88/100|[from] Stealth Rock
|-ability|p2a: per my last turn|Pressure
|move|p1a: Skarmory|Stealth Rock||[still]
|-fail|p1a: Skarmory
|
|-heal|p2a: per my last turn|94/100|[from] item: Leftovers
|upkeep
|turn|121
|
|t:|1779585834
|switch|p2a: did you calc that?|Clodsire, M|75/100 brn
|move|p1a: Skarmory|Body Press|p2a: did you calc that?
|-resisted|p2a: did you calc that?
|-damage|p2a: did you calc that?|59/100 brn
|
|-damage|p2a: did you calc that?|53/100 brn|[from] brn
|upkeep
|turn|122
|inactive|kc66 has 120 seconds left.
|
|t:|1779585843
|switch|p1a: Slowking|Slowking-Galar, F|53/100
|-damage|p1a: Slowking|28/100|[from] Spikes
|-damage|p1a: Slowking|16/100|[from] Stealth Rock
|move|p2a: did you calc that?|Recover|p2a: did you calc that?
|-heal|p2a: did you calc that?|100/100 brn
|
|-damage|p2a: did you calc that?|94/100 brn|[from] brn
|upkeep
|turn|123
|
|t:|1779585845
|switch|p1a: Skarmory|Skarmory, F|76/100
|-damage|p1a: Skarmory|64/100|[from] Stealth Rock
|move|p2a: did you calc that?|Poison Jab|p1a: Skarmory
|-immune|p1a: Skarmory
|
|-damage|p2a: did you calc that?|88/100 brn|[from] brn
|upkeep
|turn|124
|inactive|kc66 has 120 seconds left.
|
|t:|1779585857
|move|p1a: Skarmory|Iron Defense|p1a: Skarmory
|-boost|p1a: Skarmory|def|2
|move|p2a: did you calc that?|Spikes||[still]
|-fail|p2a: did you calc that?
|
|-damage|p2a: did you calc that?|82/100 brn|[from] brn
|upkeep
|turn|125
|
|t:|1779585864
|switch|p2a: love this for you|Clefable, F|67/100 brn
|move|p1a: Skarmory|Iron Defense|p1a: Skarmory
|-boost|p1a: Skarmory|def|2
|
|upkeep
|turn|126
|j| wuxinshushu1
|
|t:|1779585869
|move|p1a: Skarmory|Body Press|p2a: love this for you
|-resisted|p2a: love this for you
|-damage|p2a: love this for you|33/100 brn
|move|p2a: love this for you|Moonlight|p2a: love this for you
|-heal|p2a: love this for you|83/100 brn
|
|upkeep
|turn|127
|
|t:|1779585877
|move|p1a: Skarmory|Roost|p1a: Skarmory
|-heal|p1a: Skarmory|100/100
|-singleturn|p1a: Skarmory|move: Roost
|move|p2a: love this for you|Moonblast|p1a: Skarmory
|-resisted|p1a: Skarmory
|-damage|p1a: Skarmory|78/100
|-unboost|p1a: Skarmory|spa|1
|
|upkeep
|turn|128
|
|t:|1779585887
|move|p1a: Skarmory|Body Press|p2a: love this for you
|-resisted|p2a: love this for you
|-damage|p2a: love this for you|50/100 brn
|move|p2a: love this for you|Moonblast|p1a: Skarmory
|-resisted|p1a: Skarmory
|-damage|p1a: Skarmory|57/100
|
|upkeep
|turn|129
|
|t:|1779585891
|move|p1a: Skarmory|Body Press|p2a: love this for you
|-resisted|p2a: love this for you
|-damage|p2a: love this for you|15/100 brn
|move|p2a: love this for you|Moonlight|p2a: love this for you
|-heal|p2a: love this for you|65/100 brn
|
|upkeep
|turn|130
|
|t:|1779585896
|move|p1a: Skarmory|Iron Defense|p1a: Skarmory
|-boost|p1a: Skarmory|def|2
|move|p2a: love this for you|Moonlight|p2a: love this for you
|-heal|p2a: love this for you|100/100 brn
|
|upkeep
|turn|131
|inactive|DaddyPigIsThiqq has 90 seconds left.
|l| wuxinshushu1
|
|t:|1779585914
|switch|p1a: Slowking|Slowking-Galar, F|49/100
|-damage|p1a: Slowking|24/100|[from] Spikes
|-damage|p1a: Slowking|12/100|[from] Stealth Rock
|move|p2a: love this for you|Knock Off|p1a: Slowking
|-supereffective|p1a: Slowking
|-damage|p1a: Slowking|1/100
|
|upkeep
|turn|132
|inactive|DaddyPigIsThiqq has 90 seconds left.
|
|t:|1779585920
|switch|p1a: Ting-Lu|Ting-Lu|70/100
|-damage|p1a: Ting-Lu|45/100|[from] Spikes
|-damage|p1a: Ting-Lu|39/100|[from] Stealth Rock
|-ability|p1a: Ting-Lu|Vessel of Ruin
|move|p2a: love this for you|Knock Off|p1a: Ting-Lu
|-resisted|p1a: Ting-Lu
|-damage|p1a: Ting-Lu|38/100
|
|upkeep
|turn|133
|inactive|DaddyPigIsThiqq has 90 seconds left.
|
|t:|1779585928
|switch|p1a: Slowking|Slowking-Galar, F|34/100
|-damage|p1a: Slowking|9/100|[from] Spikes
|-damage|p1a: Slowking|0 fnt|[from] Stealth Rock
|faint|p1a: Slowking
|move|p2a: love this for you|Moonblast|p1: Slowking|[notarget]
|-fail|p2a: love this for you
|
|upkeep
|
|t:|1779585930
|switch|p1a: Skarmory|Skarmory, F|57/100
|-damage|p1a: Skarmory|44/100|[from] Stealth Rock
|turn|134
|
|t:|1779585935
|move|p1a: Skarmory|Roost|p1a: Skarmory
|-heal|p1a: Skarmory|94/100
|-singleturn|p1a: Skarmory|move: Roost
|move|p2a: love this for you|Moonblast|p1a: Skarmory
|-resisted|p1a: Skarmory
|-damage|p1a: Skarmory|73/100
|-unboost|p1a: Skarmory|spa|1
|
|upkeep
|turn|135
|
|t:|1779585941
|move|p1a: Skarmory|Stealth Rock||[still]
|-fail|p1a: Skarmory
|move|p2a: love this for you|Moonblast|p1a: Skarmory
|-resisted|p1a: Skarmory
|-damage|p1a: Skarmory|50/100
|
|upkeep
|turn|136
|
|t:|1779585943
|move|p1a: Skarmory|Roost|p1a: Skarmory
|-heal|p1a: Skarmory|100/100
|-singleturn|p1a: Skarmory|move: Roost
|move|p2a: love this for you|Moonblast|p1a: Skarmory
|-resisted|p1a: Skarmory
|-damage|p1a: Skarmory|77/100
|
|upkeep
|turn|137
|c|☆kc66|so remind me
|c|☆kc66|whos bad
|c|☆kc66|cause
|c|☆kc66|seems to me like
|c|☆kc66|somebody just threw
|
|t:|1779585959
|move|p1a: Skarmory|Iron Defense|p1a: Skarmory
|-boost|p1a: Skarmory|def|2
|move|p2a: love this for you|Knock Off|p1a: Skarmory
|-damage|p1a: Skarmory|75/100
|-enditem|p1a: Skarmory|Rocky Helmet|[from] move: Knock Off|[of] p2a: love this for you
|
|upkeep
|turn|138
|
|t:|1779585972
|move|p1a: Skarmory|Iron Defense|p1a: Skarmory
|-boost|p1a: Skarmory|def|2
|move|p2a: love this for you|Knock Off|p1a: Skarmory
|-damage|p1a: Skarmory|74/100
|
|upkeep
|turn|139
|inactive|DaddyPigIsThiqq has 120 seconds left.
|
|t:|1779585980
|move|p1a: Skarmory|Iron Defense|p1a: Skarmory
|-boost|p1a: Skarmory|def|2
|move|p2a: love this for you|Knock Off|p1a: Skarmory
|-damage|p1a: Skarmory|73/100
|
|upkeep
|turn|140
|inactive|DaddyPigIsThiqq has 120 seconds left.
|inactive|kc66 has 120 seconds left.
|inactive|kc66 has 90 seconds left.
|
|t:|1779586032
|move|p1a: Skarmory|Iron Defense|p1a: Skarmory
|-boost|p1a: Skarmory|def|0
|move|p2a: love this for you|Knock Off|p1a: Skarmory
|-damage|p1a: Skarmory|72/100
|
|upkeep
|turn|141
|
|t:|1779586042
|move|p1a: Skarmory|Stealth Rock||[still]
|-fail|p1a: Skarmory
|move|p2a: love this for you|Moonblast|p1a: Skarmory
|-resisted|p1a: Skarmory
|-damage|p1a: Skarmory|52/100
|-unboost|p1a: Skarmory|spa|1
|
|upkeep
|turn|142
|
|t:|1779586052
|switch|p2a: per my last turn|Corviknight, F|94/100
|-damage|p2a: per my last turn|82/100|[from] Stealth Rock
|-ability|p2a: per my last turn|Pressure
|move|p1a: Skarmory|Roost|p1a: Skarmory
|-heal|p1a: Skarmory|100/100
|-singleturn|p1a: Skarmory|move: Roost
|
|-heal|p2a: per my last turn|88/100|[from] item: Leftovers
|upkeep
|turn|143
|inactive|DaddyPigIsThiqq has 90 seconds left.
|
|t:|1779586071
|move|p2a: per my last turn|Protect|p2a: per my last turn
|-singleturn|p2a: per my last turn|Protect
|move|p1a: Skarmory|Iron Defense|p1a: Skarmory
|-boost|p1a: Skarmory|def|0
|
|-heal|p2a: per my last turn|94/100|[from] item: Leftovers
|upkeep
|turn|144
|
|t:|1779586079
|move|p1a: Skarmory|Body Press|p2a: per my last turn
|-damage|p2a: per my last turn|0 fnt
|faint|p2a: per my last turn
|
|upkeep
|
|t:|1779586084
|switch|p2a: love this for you|Clefable, F|100/100 brn
|turn|145
|
|t:|1779586091
|move|p1a: Skarmory|Stealth Rock||[still]
|-fail|p1a: Skarmory
|move|p2a: love this for you|Moonblast|p1a: Skarmory
|-resisted|p1a: Skarmory
|-damage|p1a: Skarmory|81/100
|
|upkeep
|turn|146
|c|☆kc66|ggs bro
|
|t:|1779586094
|move|p1a: Skarmory|Iron Defense|p1a: Skarmory
|-boost|p1a: Skarmory|def|0
|move|p2a: love this for you|Moonblast|p1a: Skarmory
|-resisted|p1a: Skarmory
|-damage|p1a: Skarmory|61/100
|-unboost|p1a: Skarmory|spa|1
|
|upkeep
|turn|147
|c| Rambleton|imma be honest, i didn't know dondozo could learn crunch
|inactive|DaddyPigIsThiqq has 90 seconds left.
|c|☆kc66|yeah i didnt either
|c|☆kc66|i just grabbed this sample
|c|☆kc66|why are there spectators for this match
|c|☆kc66|is this famous
|c|☆kc66|am i on tv
|c|☆kc66|hi mom!
|inactive|DaddyPigIsThiqq has 60 seconds left.
|c| Rambleton|i hope it's ok im watching
|c| Rambleton|it's an interesting battle
|c|☆kc66|yeah of course
|c|☆kc66|it really his
|inactive|DaddyPigIsThiqq has 30 seconds left.
|c|☆kc66|turn 32 he called ME bad
|c|☆kc66|which is true
|inactive|DaddyPigIsThiqq has 20 seconds left.
|c|☆kc66|i was throwing
|inactive|DaddyPigIsThiqq has 15 seconds left.
|c|☆kc66|but #NEVERGIVEUPCLASSIC
|inactive|DaddyPigIsThiqq has 10 seconds left.
|
|t:|1779586196
|move|p1a: Skarmory|Stealth Rock||[still]
|-fail|p1a: Skarmory
|move|p2a: love this for you|Moonblast|p1a: Skarmory
|-resisted|p1a: Skarmory
|-damage|p1a: Skarmory|39/100
|-unboost|p1a: Skarmory|spa|1
|
|upkeep
|turn|148
|inactive|DaddyPigIsThiqq has 15 seconds left this turn.
|inactive|kc66 has 120 seconds left.
|
|t:|1779586202
|move|p1a: Skarmory|Roost|p1a: Skarmory
|-heal|p1a: Skarmory|89/100
|-singleturn|p1a: Skarmory|move: Roost
|move|p2a: love this for you|Moonblast|p1a: Skarmory
|-resisted|p1a: Skarmory
|-damage|p1a: Skarmory|67/100
|-unboost|p1a: Skarmory|spa|1
|
|upkeep
|turn|149
|inactive|DaddyPigIsThiqq has 20 seconds left this turn.
|inactive|DaddyPigIsThiqq has 15 seconds left.
|inactive|DaddyPigIsThiqq has 10 seconds left.
|c|☆kc66|why are you stalling bro
|inactive|DaddyPigIsThiqq has 5 seconds left.
|c|☆kc66|thats me turn
|
|t:|1779586219
|move|p1a: Skarmory|Stealth Rock||[still]
|-fail|p1a: Skarmory
|move|p2a: love this for you|Moonblast|p1a: Skarmory
|-resisted|p1a: Skarmory
|-damage|p1a: Skarmory|44/100
|-unboost|p1a: Skarmory|spa|1
|
|upkeep
|turn|150
|inactive|DaddyPigIsThiqq has 10 seconds left this turn.
|c|☆kc66|iosif stalin bro
|
|t:|1779586228
|move|p1a: Skarmory|Stealth Rock||[still]
|-fail|p1a: Skarmory
|move|p2a: love this for you|Moonblast|p1a: Skarmory
|-resisted|p1a: Skarmory
|-damage|p1a: Skarmory|22/100
|
|upkeep
|turn|151
|inactive|DaddyPigIsThiqq has 15 seconds left this turn.
|
|t:|1779586231
|move|p1a: Skarmory|Roost|p1a: Skarmory
|-heal|p1a: Skarmory|72/100
|-singleturn|p1a: Skarmory|move: Roost
|move|p2a: love this for you|Moonblast|p1a: Skarmory
|-resisted|p1a: Skarmory
|-damage|p1a: Skarmory|50/100
|
|upkeep
|turn|152
|inactive|DaddyPigIsThiqq has 20 seconds left this turn.
|
|t:|1779586234
|move|p1a: Skarmory|Stealth Rock||[still]
|-fail|p1a: Skarmory
|move|p2a: love this for you|Moonblast|p1a: Skarmory
|-resisted|p1a: Skarmory
|-damage|p1a: Skarmory|29/100
|
|upkeep
|turn|153
|inactive|DaddyPigIsThiqq has 25 seconds left this turn.
|
|t:|1779586236
|move|p1a: Skarmory|Stealth Rock||[still]
|-fail|p1a: Skarmory
|move|p2a: love this for you|Moonblast|p1a: Skarmory
|-resisted|p1a: Skarmory
|-damage|p1a: Skarmory|9/100
|
|upkeep
|turn|154
|inactive|DaddyPigIsThiqq has 30 seconds left this turn.
|
|t:|1779586238
|move|p1a: Skarmory|Stealth Rock||[still]
|-fail|p1a: Skarmory
|move|p2a: love this for you|Moonblast|p1a: Skarmory
|-resisted|p1a: Skarmory
|-damage|p1a: Skarmory|0 fnt
|faint|p1a: Skarmory
|
|upkeep
|
|t:|1779586239
|switch|p1a: Ting-Lu|Ting-Lu|38/100
|-damage|p1a: Ting-Lu|13/100|[from] Spikes
|-damage|p1a: Ting-Lu|7/100|[from] Stealth Rock
|-ability|p1a: Ting-Lu|Vessel of Ruin
|turn|155
|j| brother iggins
|inactive|DaddyPigIsThiqq has 30 seconds left.
|c|☆kc66|hi brother iggins
|inactive|DaddyPigIsThiqq has 20 seconds left.
|c|☆kc66|did you know DaddyPigIsThiqq called me bad
|c|☆kc66|on turn 32
|inactive|DaddyPigIsThiqq has 15 seconds left.
|c|☆kc66|look at him now
|inactive|DaddyPigIsThiqq has 10 seconds left.
|inactive|DaddyPigIsThiqq has 5 seconds left.
|c| Rambleton|i wasnt paying attention to the chat then
|-message|DaddyPigIsThiqq lost due to inactivity.
|
|win|kc66
|raw|DaddyPigIsThiqq's rating: 1539 &rarr; <strong>1518</strong><br />(-21 for losing)
|raw|kc66's rating: 1519 &rarr; <strong>1540</strong><br />(+21 for winning)
|c| Rambleton|what a battle
|l| brother iggins
|c|☆kc66|GGs Bro!
|c| Rambleton|absolute cinema
|c|☆kc66|what a battle indeed
|l| Rambleton
|c|☆kc66|#NEVERGIVEUPCLASSIC
