|j|☆LePaing
|j|☆claudechamp
|t:|1779705131
|gametype|singles
|player|p1|LePaing|wattson|1077
|player|p2|claudechamp|169|1090
|gen|9
|tier|[Gen 9] OU
|rated|
|rule|HP Percentage Mod: HP is shown in percentages
|rule|Endless Battle Clause: Forcing endless battles is banned
|rule|Species Clause: Limit one of each Pokémon
|rule|OHKO Clause: OHKO moves are banned
|rule|Evasion Items Clause: Evasion items are banned
|rule|Evasion Moves Clause: Evasion moves are banned
|rule|Evasion Abilities Clause: Evasion abilities are banned
|rule|Sleep Moves Clause: Sleep-inducing moves are banned
|clearpoke
|poke|p1|Ninetales, F|
|poke|p1|Torkoal, M|
|poke|p1|Dragapult, F|
|poke|p1|Orthworm, M|
|poke|p1|Venusaur, M|
|poke|p1|Lilligant-Hisui, F|
|poke|p2|Gliscor, F|
|poke|p2|Gholdengo|
|poke|p2|Zamazenta-*|
|poke|p2|Blissey, F|
|poke|p2|Skarmory, F|
|poke|p2|Pecharunt|
|teampreview
|c|☆claudechamp|hf
|inactive|Battle timer is ON: inactive players will automatically lose when time's up. (requested by claudechamp)
|
|t:|1779705152
|teamsize|p1|6
|teamsize|p2|6
|start
|switch|p1a: Lynn|Ninetales, F|100/100
|switch|p2a: Skarmory|Skarmory, F|100/100
|-weather|SunnyDay|[from] ability: Drought|[of] p1a: Lynn
|turn|1
|
|t:|1779705160
|move|p1a: Lynn|Weather Ball|p2a: Skarmory
|-supereffective|p2a: Skarmory
|-ability|p2a: Skarmory|Sturdy
|-damage|p2a: Skarmory|1/100
|move|p2a: Skarmory|Spikes|p1a: Lynn
|-sidestart|p1: LePaing|Spikes
|
|-weather|SunnyDay|[upkeep]
|upkeep
|turn|2
|
|t:|1779705165
|switch|p2a: Blissey|Blissey, F|100/100
|move|p1a: Lynn|Weather Ball|p2a: Blissey
|-damage|p2a: Blissey|82/100
|
|-weather|SunnyDay|[upkeep]
|upkeep
|turn|3
|
|t:|1779705172
|move|p2a: Blissey|Stealth Rock|p1a: Lynn
|-sidestart|p1: LePaing|move: Stealth Rock
|move|p1a: Lynn|Roar|p2a: Blissey
|drag|p2a: Zamazenta|Zamazenta|100/100
|-ability|p2a: Zamazenta|Dauntless Shield|boost
|-boost|p2a: Zamazenta|def|1
|
|-weather|SunnyDay|[upkeep]
|upkeep
|turn|4
|
|t:|1779705180
|move|p2a: Zamazenta|Close Combat|p1a: Lynn
|-damage|p1a: Lynn|9/100
|-unboost|p2a: Zamazenta|def|1
|-unboost|p2a: Zamazenta|spd|1
|move|p1a: Lynn|Will-O-Wisp|p2a: Zamazenta
|-status|p2a: Zamazenta|brn
|
|-weather|SunnyDay|[upkeep]
|-damage|p2a: Zamazenta|94/100 brn|[from] brn
|upkeep
|turn|5
|
|t:|1779705190
|switch|p1a: Lyle|Lilligant-Hisui, F|100/100
|move|p2a: Zamazenta|Heavy Slam|p1a: Lyle
|-damage|p1a: Lyle|67/100
|
|-weather|SunnyDay|[upkeep]
|-damage|p2a: Zamazenta|88/100 brn|[from] brn
|upkeep
|turn|6
|
|t:|1779705198
|switch|p2a: Gliscor|Gliscor, F|100/100
|move|p1a: Lyle|Defog|p2a: Gliscor
|-unboost|p2a: Gliscor|evasion|1
|-sideend|p1: LePaing|Spikes|[from] move: Defog|[of] p1a: Lyle
|-sideend|p1: LePaing|Stealth Rock|[from] move: Defog|[of] p1a: Lyle
|
|-weather|SunnyDay|[upkeep]
|-status|p2a: Gliscor|tox|[from] item: Toxic Orb
|upkeep
|turn|7
|
|t:|1779705206
|move|p1a: Lyle|Solar Blade||[still]
|-prepare|p1a: Lyle|Solar Blade
|-anim|p1a: Lyle|Solar Blade|p2a: Gliscor
|-damage|p2a: Gliscor|55/100 tox
|move|p2a: Gliscor|Swords Dance|p2a: Gliscor
|-boost|p2a: Gliscor|atk|2
|
|-weather|SunnyDay|[upkeep]
|-heal|p2a: Gliscor|68/100 tox|[from] ability: Poison Heal
|upkeep
|turn|8
|
|t:|1779705217
|switch|p1a: Otis|Orthworm, M|100/100
|move|p2a: Gliscor|Earthquake|p1a: Otis
|-immune|p1a: Otis|[from] ability: Earth Eater
|
|-weather|none
|-heal|p2a: Gliscor|80/100 tox|[from] ability: Poison Heal
|upkeep
|turn|9
|
|t:|1779705229
|move|p2a: Gliscor|Knock Off|p1a: Otis
|-damage|p1a: Otis|69/100
|-damage|p2a: Gliscor|64/100 tox|[from] item: Rocky Helmet|[of] p1a: Otis
|-enditem|p1a: Otis|Rocky Helmet|[from] move: Knock Off|[of] p2a: Gliscor
|move|p1a: Otis|Iron Defense|p1a: Otis
|-boost|p1a: Otis|def|2
|
|-heal|p2a: Gliscor|76/100 tox|[from] ability: Poison Heal
|upkeep
|turn|10
|
|t:|1779705237
|move|p2a: Gliscor|Knock Off|p1a: Otis
|-damage|p1a: Otis|59/100
|move|p1a: Otis|Iron Head|p2a: Gliscor
|-damage|p2a: Gliscor|49/100 tox
|
|-heal|p2a: Gliscor|61/100 tox|[from] ability: Poison Heal
|upkeep
|turn|11
|
|t:|1779705244
|move|p2a: Gliscor|Swords Dance|p2a: Gliscor
|-boost|p2a: Gliscor|atk|2
|move|p1a: Otis|Iron Head|p2a: Gliscor
|-damage|p2a: Gliscor|33/100 tox
|
|-heal|p2a: Gliscor|46/100 tox|[from] ability: Poison Heal
|upkeep
|turn|12
|
|t:|1779705250
|-terastallize|p2a: Gliscor|Dark
|move|p2a: Gliscor|Knock Off|p1a: Otis
|-damage|p1a: Otis|36/100
|move|p1a: Otis|Iron Head|p2a: Gliscor
|-damage|p2a: Gliscor|19/100 tox
|
|-heal|p2a: Gliscor|31/100 tox|[from] ability: Poison Heal
|upkeep
|turn|13
|
|t:|1779705258
|move|p2a: Gliscor|Protect|p2a: Gliscor
|-singleturn|p2a: Gliscor|Protect
|move|p1a: Otis|Body Press|p2a: Gliscor
|-activate|p2a: Gliscor|move: Protect
|
|-heal|p2a: Gliscor|44/100 tox|[from] ability: Poison Heal
|upkeep
|turn|14
|
|t:|1779705261
|switch|p2a: Pecharunt|Pecharunt|100/100
|move|p1a: Otis|Body Press|p2a: Pecharunt
|-immune|p2a: Pecharunt
|
|upkeep
|turn|15
|
|t:|1779705266
|move|p2a: Pecharunt|Shadow Ball|p1a: Otis
|-damage|p1a: Otis|0 fnt
|faint|p1a: Otis
|
|upkeep
|
|t:|1779705274
|switch|p1a: Lynn|Ninetales, F|9/100
|-weather|SunnyDay|[from] ability: Drought|[of] p1a: Lynn
|turn|16
|
|t:|1779705281
|-terastallize|p1a: Lynn|Dark
|move|p1a: Lynn|Dark Pulse|p2a: Pecharunt
|-supereffective|p2a: Pecharunt
|-damage|p2a: Pecharunt|34/100
|cant|p2a: Pecharunt|flinch
|
|-weather|SunnyDay|[upkeep]
|upkeep
|turn|17
|
|t:|1779705284
|switch|p2a: Zamazenta|Zamazenta|88/100 brn
|move|p1a: Lynn|Dark Pulse|p2a: Zamazenta
|-resisted|p2a: Zamazenta
|-damage|p2a: Zamazenta|74/100 brn
|
|-weather|SunnyDay|[upkeep]
|-damage|p2a: Zamazenta|68/100 brn|[from] brn
|upkeep
|turn|18
|
|t:|1779705290
|switch|p1a: Lyle|Lilligant-Hisui, F|67/100
|move|p2a: Zamazenta|Ice Fang|p1a: Lyle
|-supereffective|p1a: Lyle
|-damage|p1a: Lyle|29/100
|
|-weather|SunnyDay|[upkeep]
|-damage|p2a: Zamazenta|62/100 brn|[from] brn
|upkeep
|turn|19
|
|t:|1779705301
|move|p1a: Lyle|Solar Blade||[still]
|-prepare|p1a: Lyle|Solar Blade
|-anim|p1a: Lyle|Solar Blade|p2a: Zamazenta
|-crit|p2a: Zamazenta
|-damage|p2a: Zamazenta|0 fnt
|faint|p2a: Zamazenta
|
|-weather|SunnyDay|[upkeep]
|upkeep
|
|t:|1779705306
|switch|p2a: Pecharunt|Pecharunt|34/100
|turn|20
|
|t:|1779705315
|move|p1a: Lyle|Solar Blade||[still]
|-prepare|p1a: Lyle|Solar Blade
|-anim|p1a: Lyle|Solar Blade|p2a: Pecharunt
|-resisted|p2a: Pecharunt
|-damage|p2a: Pecharunt|20/100
|move|p2a: Pecharunt|Recover|p2a: Pecharunt
|-heal|p2a: Pecharunt|70/100
|
|-weather|SunnyDay|[upkeep]
|upkeep
|turn|21
|
|t:|1779705333
|move|p1a: Lyle|Growth|p1a: Lyle
|-boost|p1a: Lyle|atk|2
|-boost|p1a: Lyle|spa|2
|move|p2a: Pecharunt|Shadow Ball|p1a: Lyle
|-damage|p1a: Lyle|0 fnt
|faint|p1a: Lyle
|
|-weather|SunnyDay|[upkeep]
|upkeep
|
|t:|1779705338
|switch|p1a: Lynn|Ninetales, F, tera:Dark|9/100
|turn|22
|
|t:|1779705346
|move|p1a: Lynn|Dark Pulse|p2a: Pecharunt
|-supereffective|p2a: Pecharunt
|-damage|p2a: Pecharunt|8/100
|move|p2a: Pecharunt|Shadow Ball|p1a: Lynn
|-resisted|p1a: Lynn
|-damage|p1a: Lynn|0 fnt
|faint|p1a: Lynn
|
|-weather|SunnyDay|[upkeep]
|upkeep
|
|t:|1779705352
|switch|p1a: Yuna|Dragapult, F|100/100
|turn|23
|
|t:|1779705360
|move|p1a: Yuna|Dragon Pulse|p2a: Pecharunt
|-damage|p2a: Pecharunt|0 fnt
|faint|p2a: Pecharunt
|
|-weather|none
|upkeep
|
|t:|1779705364
|switch|p2a: Gholdengo|Gholdengo|100/100
|turn|24
|
|t:|1779705369
|switch|p1a: Omar|Torkoal, M|100/100
|-weather|SunnyDay|[from] ability: Drought|[of] p1a: Omar
|move|p2a: Gholdengo|Nasty Plot|p2a: Gholdengo
|-boost|p2a: Gholdengo|spa|2
|
|-weather|SunnyDay|[upkeep]
|upkeep
|turn|25
|
|t:|1779705385
|move|p2a: Gholdengo|Thunder Wave|p1a: Omar
|-status|p1a: Omar|par
|move|p1a: Omar|Flare Blitz|p2a: Gholdengo
|-supereffective|p2a: Gholdengo
|-damage|p2a: Gholdengo|24/100
|-damage|p1a: Omar|73/100 par|[from] Recoil
|
|-weather|SunnyDay|[upkeep]
|upkeep
|turn|26
|
|t:|1779705390
|move|p2a: Gholdengo|Hex|p1a: Omar
|-damage|p1a: Omar|0 fnt
|faint|p1a: Omar
|
|-weather|SunnyDay|[upkeep]
|upkeep
|
|t:|1779705396
|switch|p1a: Yuna|Dragapult, F|100/100
|turn|27
|
|t:|1779705401
|switch|p2a: Blissey|Blissey, F|82/100
|move|p1a: Yuna|Shadow Ball|p2a: Blissey
|-immune|p2a: Blissey
|
|-weather|SunnyDay|[upkeep]
|upkeep
|turn|28
|
|t:|1779705406
|switch|p1a: Ogi|Venusaur, M|100/100
|move|p2a: Blissey|Stealth Rock|p1a: Ogi
|-sidestart|p1: LePaing|move: Stealth Rock
|
|-weather|SunnyDay|[upkeep]
|upkeep
|turn|29
|
|t:|1779705415
|switch|p2a: Gliscor|Gliscor, F, tera:Dark|44/100 tox
|move|p1a: Ogi|Solar Beam||[still]
|-prepare|p1a: Ogi|Solar Beam
|-anim|p1a: Ogi|Solar Beam|p2a: Gliscor
|-damage|p2a: Gliscor|0 fnt
|faint|p2a: Gliscor
|
|-weather|SunnyDay|[upkeep]
|upkeep
|
|t:|1779705421
|switch|p2a: Blissey|Blissey, F|82/100
|turn|30
|
|t:|1779705431
|move|p1a: Ogi|Solar Beam||[still]
|-prepare|p1a: Ogi|Solar Beam
|-anim|p1a: Ogi|Solar Beam|p2a: Blissey
|-damage|p2a: Blissey|65/100
|move|p2a: Blissey|Calm Mind|p2a: Blissey
|-boost|p2a: Blissey|spa|1
|-boost|p2a: Blissey|spd|1
|
|-weather|SunnyDay|[upkeep]
|upkeep
|turn|31
|
|t:|1779705446
|move|p1a: Ogi|Weather Ball|p2a: Blissey
|-damage|p2a: Blissey|56/100
|move|p2a: Blissey|Calm Mind|p2a: Blissey
|-boost|p2a: Blissey|spa|1
|-boost|p2a: Blissey|spd|1
|
|-weather|none
|upkeep
|turn|32
|
|t:|1779705451
|move|p1a: Ogi|Sludge Bomb|p2a: Blissey
|-damage|p2a: Blissey|49/100
|-status|p2a: Blissey|psn
|move|p2a: Blissey|Shadow Ball|p1a: Ogi
|-damage|p1a: Ogi|68/100
|
|-damage|p2a: Blissey|37/100 psn|[from] psn
|upkeep
|turn|33
|
|t:|1779705457
|switch|p1a: Yuna|Dragapult, F|100/100
|-damage|p1a: Yuna|88/100|[from] Stealth Rock
|move|p2a: Blissey|Soft-Boiled|p2a: Blissey
|-heal|p2a: Blissey|87/100 psn
|
|-damage|p2a: Blissey|74/100 psn|[from] psn
|upkeep
|turn|34
|
|t:|1779705466
|move|p1a: Yuna|Dragon Pulse|p2a: Blissey
|-damage|p2a: Blissey|69/100 psn
|move|p2a: Blissey|Shadow Ball|p1a: Yuna
|-supereffective|p1a: Yuna
|-damage|p1a: Yuna|34/100
|-unboost|p1a: Yuna|spd|1
|
|-damage|p2a: Blissey|57/100 psn|[from] psn
|upkeep
|turn|35
|
|t:|1779705475
|move|p1a: Yuna|Dragon Pulse|p2a: Blissey
|-damage|p2a: Blissey|50/100 psn
|move|p2a: Blissey|Shadow Ball|p1a: Yuna
|-supereffective|p1a: Yuna
|-damage|p1a: Yuna|0 fnt
|faint|p1a: Yuna
|
|-damage|p2a: Blissey|38/100 psn|[from] psn
|upkeep
|
|t:|1779705478
|switch|p1a: Ogi|Venusaur, M|68/100
|-damage|p1a: Ogi|56/100|[from] Stealth Rock
|turn|36
|
|t:|1779705487
|move|p1a: Ogi|Sunny Day|p1a: Ogi
|-weather|SunnyDay
|move|p2a: Blissey|Shadow Ball|p1a: Ogi
|-damage|p1a: Ogi|24/100
|-unboost|p1a: Ogi|spd|1
|
|-weather|SunnyDay|[upkeep]
|-damage|p2a: Blissey|26/100 psn|[from] psn
|upkeep
|turn|37
|
|t:|1779705498
|move|p1a: Ogi|Solar Beam||[still]
|-prepare|p1a: Ogi|Solar Beam
|-anim|p1a: Ogi|Solar Beam|p2a: Blissey
|-damage|p2a: Blissey|17/100 psn
|move|p2a: Blissey|Soft-Boiled|p2a: Blissey
|-heal|p2a: Blissey|67/100 psn
|
|-weather|SunnyDay|[upkeep]
|-damage|p2a: Blissey|54/100 psn|[from] psn
|upkeep
|turn|38
|
|t:|1779705510
|move|p1a: Ogi|Weather Ball|p2a: Blissey
|-damage|p2a: Blissey|47/100 psn
|move|p2a: Blissey|Shadow Ball|p1a: Ogi
|-damage|p1a: Ogi|0 fnt
|faint|p1a: Ogi
|
|win|claudechamp
|raw|LePaing's rating: 1077 &rarr; <strong>1056</strong><br />(-21 for losing)
|raw|claudechamp's rating: 1090 &rarr; <strong>1116</strong><br />(+26 for winning)
|l|☆LePaing
|player|p1|
|c|☆claudechamp|gg
