|j|☆POEE
|j|☆ayushaw69
|t:|1779693503
|gametype|singles
|player|p1|POEE|102|1168
|player|p2|ayushaw69|1|1082
|gen|9
|tier|[Gen 9] OU
|rated|
|rule|HP Percentage Mod: HP is shown in percentages
|rule|Endless Battle Clause: Forcing endless battles is banned
|rule|Species Clause: Limit one of each Pokémon
|rule|OHKO Clause: OHKO moves are banned
|rule|Evasion Items Clause: Evasion items are banned
|rule|Evasion Moves Clause: Evasion moves are banned
|rule|Evasion Abilities Clause: Evasion abilities are banned
|rule|Sleep Moves Clause: Sleep-inducing moves are banned
|clearpoke
|poke|p1|Great Tusk|
|poke|p1|Dragonite, F|
|poke|p1|Zamazenta-*|
|poke|p1|Kingambit, M|
|poke|p1|Gholdengo|
|poke|p1|Raging Bolt|
|poke|p2|Grimmsnarl, M|
|poke|p2|Hydreigon, M|
|poke|p2|Exeggutor, M|
|poke|p2|Clawitzer, M|
|poke|p2|Gliscor, M|
|poke|p2|Arcanine-Hisui, M|
|teampreview
|inactive|Battle timer is ON: inactive players will automatically lose when time's up. (requested by ayushaw69)
|
|t:|1779693519
|teamsize|p1|6
|teamsize|p2|6
|start
|switch|p1a: Raging Bolt|Raging Bolt|100/100
|switch|p2a: Grimmsnarl|Grimmsnarl, M|100/100
|-enditem|p1a: Raging Bolt|Booster Energy
|-activate|p1a: Raging Bolt|ability: Protosynthesis|[fromitem]
|-start|p1a: Raging Bolt|protosynthesisspa
|turn|1
|inactiveoff|Battle timer is now OFF.
|inactive|Battle timer is ON: inactive players will automatically lose when time's up. (requested by ayushaw69)
|
|t:|1779693570
|move|p2a: Grimmsnarl|Light Screen|p2a: Grimmsnarl
|-sidestart|p2: ayushaw69|move: Light Screen
|move|p1a: Raging Bolt|Volt Switch|p2a: Grimmsnarl
|-damage|p2a: Grimmsnarl|75/100
|
|t:|1779693597
|-end|p1a: Raging Bolt|Protosynthesis|[silent]
|switch|p1a: Kingambit|Kingambit, M|100/100|[from] Volt Switch
|
|upkeep
|turn|2
|
|t:|1779693621
|switch|p2a: Arcanine|Arcanine-Hisui, M|100/100
|move|p1a: Kingambit|Iron Head|p2a: Arcanine
|-damage|p2a: Arcanine|49/100
|
|upkeep
|turn|3
|
|t:|1779693630
|move|p1a: Kingambit|Sucker Punch|p2a: Arcanine
|-damage|p2a: Arcanine|5/100
|move|p2a: Arcanine|Flare Blitz|p1a: Kingambit
|-supereffective|p1a: Kingambit
|-damage|p1a: Kingambit|11/100
|
|-heal|p1a: Kingambit|18/100|[from] item: Leftovers
|upkeep
|turn|4
|
|t:|1779693643
|move|p2a: Arcanine|Extreme Speed|p1a: Kingambit
|-resisted|p1a: Kingambit
|-damage|p1a: Kingambit|9/100
|move|p1a: Kingambit|Kowtow Cleave|p2a: Arcanine
|-damage|p2a: Arcanine|0 fnt
|faint|p2a: Arcanine
|
|-heal|p1a: Kingambit|15/100|[from] item: Leftovers
|upkeep
|
|t:|1779693656
|switch|p2a: Gliscor|Gliscor, M|100/100
|turn|5
|
|t:|1779693664
|move|p2a: Gliscor|Earthquake|p1a: Kingambit
|-supereffective|p1a: Kingambit
|-damage|p1a: Kingambit|0 fnt
|faint|p1a: Kingambit
|-end|p1a: Kingambit|fallenundefined|[silent]
|
|-status|p2a: Gliscor|tox|[from] item: Toxic Orb
|upkeep
|
|t:|1779693672
|switch|p1a: Great Tusk|Great Tusk|100/100
|-enditem|p1a: Great Tusk|Booster Energy
|-activate|p1a: Great Tusk|ability: Protosynthesis|[fromitem]
|-start|p1a: Great Tusk|protosynthesisatk
|turn|6
|
|t:|1779693683
|move|p1a: Great Tusk|Ice Spinner|p2a: Gliscor
|-supereffective|p2a: Gliscor
|-crit|p2a: Gliscor
|-damage|p2a: Gliscor|0 fnt
|faint|p2a: Gliscor
|
|upkeep
|
|t:|1779693695
|switch|p2a: Clawitzer|Clawitzer, M|100/100
|turn|7
|
|t:|1779693704
|-terastallize|p1a: Great Tusk|Water
|move|p1a: Great Tusk|Headlong Rush|p2a: Clawitzer
|-crit|p2a: Clawitzer
|-damage|p2a: Clawitzer|0 fnt
|-unboost|p1a: Great Tusk|def|1
|-unboost|p1a: Great Tusk|spd|1
|faint|p2a: Clawitzer
|
|upkeep
|
|t:|1779693716
|switch|p2a: Exeggutor|Exeggutor, M|100/100
|turn|8
|
|t:|1779693723
|move|p1a: Great Tusk|Ice Spinner|p2a: Exeggutor
|-supereffective|p2a: Exeggutor
|-damage|p2a: Exeggutor|35/100
|-enditem|p2a: Exeggutor|Sitrus Berry|[eat]
|-heal|p2a: Exeggutor|60/100|[from] item: Sitrus Berry
|move|p2a: Exeggutor|Leech Seed|p1a: Great Tusk
|-start|p1a: Great Tusk|move: Leech Seed
|
|-damage|p1a: Great Tusk|88/100|[from] Leech Seed|[of] p2a: Exeggutor
|-heal|p2a: Exeggutor|74/100|[silent]
|-sideend|p2: ayushaw69|move: Light Screen
|upkeep
|turn|9
|
|t:|1779693736
|move|p1a: Great Tusk|Ice Spinner|p2a: Exeggutor
|-supereffective|p2a: Exeggutor
|-damage|p2a: Exeggutor|4/100
|move|p2a: Exeggutor|Substitute|p2a: Exeggutor
|-fail|p2a: Exeggutor|move: Substitute|[weak]
|
|-damage|p1a: Great Tusk|76/100|[from] Leech Seed|[of] p2a: Exeggutor
|-heal|p2a: Exeggutor|18/100|[silent]
|upkeep
|turn|10
|
|t:|1779693748
|move|p1a: Great Tusk|Ice Spinner|p2a: Exeggutor
|-supereffective|p2a: Exeggutor
|-damage|p2a: Exeggutor|0 fnt
|faint|p2a: Exeggutor
|
|upkeep
|
|t:|1779693753
|switch|p2a: Grimmsnarl|Grimmsnarl, M|75/100
|turn|11
|
|t:|1779693760
|move|p2a: Grimmsnarl|Reflect|p2a: Grimmsnarl
|-sidestart|p2: ayushaw69|Reflect
|move|p1a: Great Tusk|Headlong Rush|p2a: Grimmsnarl
|-damage|p2a: Grimmsnarl|34/100
|-unboost|p1a: Great Tusk|def|1
|-unboost|p1a: Great Tusk|spd|1
|
|-damage|p1a: Great Tusk|63/100|[from] Leech Seed|[of] p2a: Grimmsnarl
|-heal|p2a: Grimmsnarl|48/100|[silent]
|upkeep
|turn|12
|inactive|POEE has 120 seconds left.
|
|t:|1779693805
|move|p2a: Grimmsnarl|Parting Shot|p1a: Great Tusk
|-unboost|p1a: Great Tusk|atk|1
|-unboost|p1a: Great Tusk|spa|1
|
|t:|1779693809
|switch|p2a: Hydreigon|Hydreigon, M|100/100|[from] Parting Shot
|move|p1a: Great Tusk|Headlong Rush|p2a: Hydreigon
|-immune|p2a: Hydreigon|[from] ability: Levitate
|
|-damage|p1a: Great Tusk|51/100|[from] Leech Seed|[of] p2a: Hydreigon
|upkeep
|turn|13
|inactive|POEE has 120 seconds left.
|
|t:|1779693823
|-end|p1a: Great Tusk|Protosynthesis|[silent]
|switch|p1a: Zamazenta|Zamazenta|100/100
|-ability|p1a: Zamazenta|Dauntless Shield|boost
|-boost|p1a: Zamazenta|def|1
|-terastallize|p2a: Hydreigon|Steel
|move|p2a: Hydreigon|Focus Energy|p2a: Hydreigon
|-start|p2a: Hydreigon|move: Focus Energy
|
|upkeep
|turn|14
|inactive|POEE has 120 seconds left.
|
|t:|1779693849
|move|p1a: Zamazenta|Body Press|p2a: Hydreigon
|-supereffective|p2a: Hydreigon
|-damage|p2a: Hydreigon|43/100
|move|p2a: Hydreigon|Draco Meteor|p1a: Zamazenta
|-crit|p1a: Zamazenta
|-damage|p1a: Zamazenta|13/100
|-unboost|p2a: Hydreigon|spa|2
|
|-heal|p1a: Zamazenta|19/100|[from] item: Leftovers
|upkeep
|turn|15
|inactive|POEE has 120 seconds left.
|inactive|ayushaw69 has 120 seconds left.
|
|t:|1779693865
|move|p1a: Zamazenta|Body Press|p2a: Hydreigon
|-supereffective|p2a: Hydreigon
|-damage|p2a: Hydreigon|0 fnt
|faint|p2a: Hydreigon
|
|-heal|p1a: Zamazenta|25/100|[from] item: Leftovers
|upkeep
|inactive|ayushaw69 has 120 seconds left.
|
|t:|1779693872
|switch|p2a: Grimmsnarl|Grimmsnarl, M|48/100
|turn|16
|
|t:|1779693880
|move|p2a: Grimmsnarl|Parting Shot|p1a: Zamazenta
|-unboost|p1a: Zamazenta|atk|1
|-unboost|p1a: Zamazenta|spa|1
|move|p1a: Zamazenta|Heavy Slam|p2a: Grimmsnarl
|-supereffective|p2a: Grimmsnarl
|-damage|p2a: Grimmsnarl|34/100
|
|-heal|p1a: Zamazenta|32/100|[from] item: Leftovers
|upkeep
|turn|17
|
|t:|1779693892
|move|p2a: Grimmsnarl|Taunt|p1a: Zamazenta
|-start|p1a: Zamazenta|move: Taunt
|move|p1a: Zamazenta|Heavy Slam|p2a: Grimmsnarl
|-supereffective|p2a: Grimmsnarl
|-damage|p2a: Grimmsnarl|20/100
|
|-heal|p1a: Zamazenta|38/100|[from] item: Leftovers
|upkeep
|turn|18
|
|t:|1779693902
|move|p2a: Grimmsnarl|Light Screen|p2a: Grimmsnarl
|-sidestart|p2: ayushaw69|move: Light Screen
|move|p1a: Zamazenta|Heavy Slam|p2a: Grimmsnarl
|-supereffective|p2a: Grimmsnarl
|-damage|p2a: Grimmsnarl|7/100
|
|-heal|p1a: Zamazenta|44/100|[from] item: Leftovers
|-sideend|p2: ayushaw69|Reflect
|upkeep
|turn|19
|
|t:|1779693910
|move|p2a: Grimmsnarl|Reflect|p2a: Grimmsnarl
|-sidestart|p2: ayushaw69|Reflect
|move|p1a: Zamazenta|Heavy Slam|p2a: Grimmsnarl
|-supereffective|p2a: Grimmsnarl
|-damage|p2a: Grimmsnarl|0 fnt
|faint|p2a: Grimmsnarl
|
|win|POEE
|raw|POEE's rating: 1168 &rarr; <strong>1187</strong><br />(+19 for winning)
|raw|ayushaw69's rating: 1082 &rarr; <strong>1065</strong><br />(-17 for losing)
|l|☆ayushaw69
|player|p2|
|l|☆POEE
|player|p1|
