|badge|p2|bronze|gen9ou|100-9
|uhtml|medal-msg|<div class="broadcast-blue">Curious what those medals under the avatar are? PS now has Ladder Seasons! For more information, check out the <a href="https://www.smogon.com/forums/threads/3740067/">thread on Smogon.</a></div>
|j|☆AmonacookieCutter
|j|☆helicopyer
|t:|1779565416
|gametype|singles
|player|p1|AmonacookieCutter|cyclist-gen4|1727
|player|p2|helicopyer|#wcop2026canada|1859
|gen|9
|tier|[Gen 9] OU
|rated|
|rule|HP Percentage Mod: HP is shown in percentages
|rule|Endless Battle Clause: Forcing endless battles is banned
|rule|Species Clause: Limit one of each Pokémon
|rule|OHKO Clause: OHKO moves are banned
|rule|Evasion Items Clause: Evasion items are banned
|rule|Evasion Moves Clause: Evasion moves are banned
|rule|Evasion Abilities Clause: Evasion abilities are banned
|rule|Sleep Moves Clause: Sleep-inducing moves are banned
|clearpoke
|poke|p1|Hawlucha, F|
|poke|p1|Samurott-Hisui, F|
|poke|p1|Rillaboom, F|
|poke|p1|Gholdengo|
|poke|p1|Kyurem|
|poke|p1|Landorus-Therian, M|
|poke|p2|Gholdengo|
|poke|p2|Walking Wake|
|poke|p2|Samurott-Hisui, F|
|poke|p2|Ting-Lu|
|poke|p2|Dragonite, F|
|poke|p2|Pecharunt|
|teampreview
|inactive|Battle timer is ON: inactive players will automatically lose when time's up. (requested by AmonacookieCutter)
|c|☆AmonacookieCutter|You want to know a secret
|c|☆helicopyer|sure man
|inactive|AmonacookieCutter has 120 seconds left.
|j| DragonHunter994
|inactive|helicopyer has 120 seconds left.
|c|☆AmonacookieCutter|I’m what’s on top of your hair
|c|☆AmonacookieCutter|Head
|c|☆helicopyer|dandruff?
|c|☆AmonacookieCutter|how did I mess it up
|c|☆AmonacookieCutter|Hair
|inactive|AmonacookieCutter has 90 seconds left.
|c|☆AmonacookieCutter|Hare
|c|☆helicopyer|oh
|c|☆AmonacookieCutter|You know what nvm
|c|☆helicopyer|LOL
|c|☆AmonacookieCutter|Hf
|c|☆helicopyer|u2
|
|t:|1779565496
|teamsize|p1|6
|teamsize|p2|6
|start
|switch|p1a: Landorus|Landorus-Therian, M|100/100
|switch|p2a: Walking Wake|Walking Wake|100/100
|-ability|p1a: Landorus|Intimidate|boost
|-unboost|p2a: Walking Wake|atk|1
|turn|1
|
|t:|1779565507
|switch|p1a: Gholdengo|Gholdengo|100/100
|move|p2a: Walking Wake|Draco Meteor|p1a: Gholdengo
|-resisted|p1a: Gholdengo
|-damage|p1a: Gholdengo|61/100
|-unboost|p2a: Walking Wake|spa|2
|
|upkeep
|turn|2
|
|t:|1779565515
|switch|p1a: Rillaboom|Rillaboom, F|100/100
|-fieldstart|move: Grassy Terrain|[from] ability: Grassy Surge|[of] p1a: Rillaboom
|move|p2a: Walking Wake|Knock Off|p1a: Rillaboom
|-damage|p1a: Rillaboom|89/100
|-enditem|p1a: Rillaboom|Lum Berry|[from] move: Knock Off|[of] p2a: Walking Wake
|
|-heal|p1a: Rillaboom|95/100|[from] Grassy Terrain
|upkeep
|turn|3
|
|t:|1779565521
|move|p2a: Walking Wake|Flip Turn|p1a: Rillaboom
|-resisted|p1a: Rillaboom
|-damage|p1a: Rillaboom|89/100
|
|t:|1779565525
|-end|p2a: Walking Wake|Protosynthesis|[silent]
|switch|p2a: Pecharunt|Pecharunt|100/100|[from] Flip Turn
|move|p1a: Rillaboom|Knock Off|p2a: Pecharunt
|-supereffective|p2a: Pecharunt
|-damage|p2a: Pecharunt|54/100
|-enditem|p2a: Pecharunt|Heavy-Duty Boots|[from] move: Knock Off|[of] p1a: Rillaboom
|
|-heal|p2a: Pecharunt|60/100|[from] Grassy Terrain
|-heal|p1a: Rillaboom|96/100|[from] Grassy Terrain
|upkeep
|turn|4
|
|t:|1779565531
|switch|p1a: Samurott|Samurott-Hisui, F|100/100
|move|p2a: Pecharunt|Recover|p2a: Pecharunt
|-heal|p2a: Pecharunt|100/100
|
|upkeep
|turn|5
|
|t:|1779565534
|move|p2a: Pecharunt|Malignant Chain|p1a: Samurott
|-damage|p1a: Samurott|80/100
|move|p1a: Samurott|Ceaseless Edge|p2a: Pecharunt
|-supereffective|p2a: Pecharunt
|-damage|p2a: Pecharunt|56/100
|-sidestart|p2: helicopyer|Spikes
|
|-heal|p2a: Pecharunt|62/100|[from] Grassy Terrain
|-heal|p1a: Samurott|86/100|[from] Grassy Terrain
|upkeep
|turn|6
|
|t:|1779565539
|move|p2a: Pecharunt|Malignant Chain|p1a: Samurott
|-damage|p1a: Samurott|66/100
|-status|p1a: Samurott|tox
|-start|p1a: Samurott|confusion|[from] ability: Poison Puppeteer|[of] p2a: Pecharunt
|-activate|p1a: Samurott|confusion
|move|p1a: Samurott|Ceaseless Edge|p2a: Pecharunt
|-supereffective|p2a: Pecharunt
|-damage|p2a: Pecharunt|9/100
|-sidestart|p2: helicopyer|Spikes
|
|-heal|p2a: Pecharunt|15/100|[from] Grassy Terrain
|-heal|p1a: Samurott|72/100 tox|[from] Grassy Terrain
|-damage|p1a: Samurott|66/100 tox|[from] psn
|-fieldend|move: Grassy Terrain
|upkeep
|turn|7
|
|t:|1779565547
|move|p2a: Pecharunt|Recover|p2a: Pecharunt
|-heal|p2a: Pecharunt|65/100
|-activate|p1a: Samurott|confusion
|move|p1a: Samurott|Ceaseless Edge|p2a: Pecharunt
|-supereffective|p2a: Pecharunt
|-damage|p2a: Pecharunt|13/100
|-sidestart|p2: helicopyer|Spikes
|
|-damage|p1a: Samurott|53/100 tox|[from] psn
|upkeep
|turn|8
|
|t:|1779565553
|move|p2a: Pecharunt|Recover|p2a: Pecharunt
|-heal|p2a: Pecharunt|63/100
|-activate|p1a: Samurott|confusion
|-damage|p1a: Samurott|40/100 tox|[from] confusion
|
|-damage|p1a: Samurott|21/100 tox|[from] psn
|upkeep
|turn|9
|
|t:|1779565561
|-activate|p1a: Samurott|confusion
|-damage|p1a: Samurott|9/100 tox|[from] confusion
|move|p2a: Pecharunt|Recover|p2a: Pecharunt
|-heal|p2a: Pecharunt|100/100
|
|-damage|p1a: Samurott|0 fnt|[from] psn
|faint|p1a: Samurott
|upkeep
|
|t:|1779565564
|switch|p1a: Gholdengo|Gholdengo|61/100
|turn|10
|
|t:|1779565568
|switch|p2a: Samurott|Samurott-Hisui, F|100/100
|-damage|p2a: Samurott|76/100|[from] Spikes
|move|p1a: Gholdengo|Shadow Ball|p2a: Samurott
|-resisted|p2a: Samurott
|-damage|p2a: Samurott|63/100
|
|upkeep
|turn|11
|
|t:|1779565571
|switch|p1a: Rillaboom|Rillaboom, F|96/100
|-fieldstart|move: Grassy Terrain|[from] ability: Grassy Surge|[of] p1a: Rillaboom
|move|p2a: Samurott|Ceaseless Edge|p1a: Rillaboom|[miss]
|-miss|p2a: Samurott|p1a: Rillaboom
|
|-heal|p1a: Rillaboom|100/100|[from] Grassy Terrain
|-heal|p2a: Samurott|69/100|[from] Grassy Terrain
|upkeep
|turn|12
|
|t:|1779565580
|switch|p1a: Gholdengo|Gholdengo|61/100
|move|p2a: Samurott|Ceaseless Edge|p1a: Gholdengo
|-supereffective|p1a: Gholdengo
|-damage|p1a: Gholdengo|0 fnt
|-sidestart|p1: AmonacookieCutter|Spikes
|faint|p1a: Gholdengo
|
|-heal|p2a: Samurott|75/100|[from] Grassy Terrain
|upkeep
|
|t:|1779565587
|switch|p1a: Hawlucha|Hawlucha, F|100/100
|-enditem|p1a: Hawlucha|Grassy Seed
|-boost|p1a: Hawlucha|def|1|[from] item: Grassy Seed
|turn|13
|
|t:|1779565594
|move|p1a: Hawlucha|Swords Dance|p1a: Hawlucha
|-boost|p1a: Hawlucha|atk|2
|move|p2a: Samurott|Flip Turn|p1a: Hawlucha
|-damage|p1a: Hawlucha|80/100
|
|t:|1779565602
|switch|p2a: Dragonite|Dragonite, F|100/100|[from] Flip Turn
|
|upkeep
|turn|14
|
|t:|1779565605
|move|p1a: Hawlucha|Acrobatics|p2a: Dragonite
|-damage|p2a: Dragonite|59/100
|move|p2a: Dragonite|Dragon Tail|p1a: Hawlucha
|-damage|p1a: Hawlucha|51/100
|drag|p1a: Kyurem|Kyurem|100/100
|-damage|p1a: Kyurem|88/100|[from] Spikes
|-ability|p1a: Kyurem|Pressure
|
|-heal|p1a: Kyurem|94/100|[from] Grassy Terrain
|upkeep
|turn|15
|
|t:|1779565616
|move|p2a: Dragonite|Extreme Speed|p1a: Kyurem
|-damage|p1a: Kyurem|67/100
|move|p1a: Kyurem|Ice Beam|p2a: Dragonite
|-supereffective|p2a: Dragonite
|-damage|p2a: Dragonite|0 fnt
|faint|p2a: Dragonite
|
|-heal|p1a: Kyurem|73/100|[from] Grassy Terrain
|-fieldend|move: Grassy Terrain
|upkeep
|
|t:|1779565622
|switch|p2a: Gholdengo|Gholdengo|100/100
|-damage|p2a: Gholdengo|76/100|[from] Spikes
|turn|16
|
|t:|1779565631
|switch|p1a: Landorus|Landorus-Therian, M|100/100
|-ability|p1a: Landorus|Intimidate|boost
|-unboost|p2a: Gholdengo|atk|1
|move|p2a: Gholdengo|Make It Rain|p1a: Landorus
|-damage|p1a: Landorus|29/100
|-unboost|p2a: Gholdengo|spa|1
|
|upkeep
|turn|17
|
|t:|1779565641
|move|p2a: Gholdengo|Make It Rain|p1a: Landorus
|-damage|p1a: Landorus|0 fnt
|-unboost|p2a: Gholdengo|spa|1
|faint|p1a: Landorus
|
|upkeep
|
|t:|1779565647
|switch|p1a: Rillaboom|Rillaboom, F|100/100
|-damage|p1a: Rillaboom|88/100|[from] Spikes
|-fieldstart|move: Grassy Terrain|[from] ability: Grassy Surge|[of] p1a: Rillaboom
|turn|18
|
|t:|1779565653
|switch|p2a: Pecharunt|Pecharunt|100/100
|-damage|p2a: Pecharunt|75/100|[from] Spikes
|move|p1a: Rillaboom|Swords Dance|p1a: Rillaboom
|-boost|p1a: Rillaboom|atk|2
|
|-heal|p2a: Pecharunt|82/100|[from] Grassy Terrain
|-heal|p1a: Rillaboom|94/100|[from] Grassy Terrain
|upkeep
|turn|19
|
|t:|1779565660
|move|p2a: Pecharunt|Malignant Chain|p1a: Rillaboom
|-supereffective|p1a: Rillaboom
|-damage|p1a: Rillaboom|17/100
|-status|p1a: Rillaboom|tox
|-start|p1a: Rillaboom|confusion|[from] ability: Poison Puppeteer|[of] p2a: Pecharunt
|-activate|p1a: Rillaboom|confusion
|move|p1a: Rillaboom|Knock Off|p2a: Pecharunt
|-supereffective|p2a: Pecharunt
|-damage|p2a: Pecharunt|28/100
|
|-heal|p2a: Pecharunt|34/100|[from] Grassy Terrain
|-heal|p1a: Rillaboom|24/100 tox|[from] Grassy Terrain
|-damage|p1a: Rillaboom|17/100 tox|[from] psn
|upkeep
|turn|20
|
|t:|1779565669
|move|p2a: Pecharunt|Shadow Ball|p1a: Rillaboom
|-damage|p1a: Rillaboom|0 fnt
|faint|p1a: Rillaboom
|
|-heal|p2a: Pecharunt|40/100|[from] Grassy Terrain
|upkeep
|
|t:|1779565671
|switch|p1a: Kyurem|Kyurem|73/100
|-damage|p1a: Kyurem|61/100|[from] Spikes
|-ability|p1a: Kyurem|Pressure
|turn|21
|
|t:|1779565674
|move|p1a: Kyurem|Earth Power|p2a: Pecharunt
|-supereffective|p2a: Pecharunt
|-damage|p2a: Pecharunt|0 fnt
|faint|p2a: Pecharunt
|
|-heal|p1a: Kyurem|67/100|[from] Grassy Terrain
|upkeep
|
|t:|1779565678
|switch|p2a: Gholdengo|Gholdengo|76/100
|-damage|p2a: Gholdengo|51/100|[from] Spikes
|turn|22
|
|t:|1779565684
|-terastallize|p1a: Kyurem|Poison
|move|p2a: Gholdengo|Make It Rain|p1a: Kyurem
|-damage|p1a: Kyurem|23/100
|-unboost|p2a: Gholdengo|spa|1
|move|p1a: Kyurem|Earth Power|p2a: Gholdengo
|-supereffective|p2a: Gholdengo
|-damage|p2a: Gholdengo|0 fnt
|faint|p2a: Gholdengo
|
|-heal|p1a: Kyurem|29/100|[from] Grassy Terrain
|-fieldend|move: Grassy Terrain
|upkeep
|
|t:|1779565689
|switch|p2a: Walking Wake|Walking Wake|100/100
|turn|23
|
|t:|1779565702
|-terastallize|p2a: Walking Wake|Water
|move|p2a: Walking Wake|Surf|p1a: Kyurem
|-damage|p1a: Kyurem|0 fnt
|faint|p1a: Kyurem
|
|upkeep
|
|t:|1779565705
|switch|p1a: Hawlucha|Hawlucha, F|51/100
|turn|24
|
|t:|1779565708
|move|p2a: Walking Wake|Surf|p1a: Hawlucha
|-damage|p1a: Hawlucha|0 fnt
|faint|p1a: Hawlucha
|
|win|helicopyer
|raw|AmonacookieCutter's rating: 1727 &rarr; <strong>1714</strong><br />(-13 for losing)
|raw|helicopyer's rating: 1859 &rarr; <strong>1872</strong><br />(+13 for winning)
|c|☆AmonacookieCutter|Gg
|c|☆helicopyer|gg
