|j|☆Dubyaz13
|j|☆SimonStork
|t:|1779597089
|gametype|singles
|player|p1|Dubyaz13|linebacker|1419
|player|p2|SimonStork|169|1469
|gen|9
|tier|[Gen 9] OU
|rated|
|rule|HP Percentage Mod: HP is shown in percentages
|rule|Endless Battle Clause: Forcing endless battles is banned
|rule|Species Clause: Limit one of each Pokémon
|rule|OHKO Clause: OHKO moves are banned
|rule|Evasion Items Clause: Evasion items are banned
|rule|Evasion Moves Clause: Evasion moves are banned
|rule|Evasion Abilities Clause: Evasion abilities are banned
|rule|Sleep Moves Clause: Sleep-inducing moves are banned
|clearpoke
|poke|p1|Dragonite, F|
|poke|p1|Samurott-Hisui, F|
|poke|p1|Gholdengo|
|poke|p1|Pecharunt|
|poke|p1|Walking Wake|
|poke|p1|Ting-Lu|
|poke|p2|Weezing-Galar, M|
|poke|p2|Alomomola, M|
|poke|p2|Iron Treads|
|poke|p2|Blissey, F|
|poke|p2|Zamazenta-*|
|poke|p2|Lokix, F|
|teampreview
|
|t:|1779597095
|teamsize|p1|6
|teamsize|p2|6
|start
|switch|p1a: Samurott|Samurott-Hisui, F|100/100
|switch|p2a: Lokix|Lokix, F|100/100
|turn|1
|inactive|Battle timer is ON: inactive players will automatically lose when time's up. (requested by SimonStork)
|
|t:|1779597100
|switch|p1a: Pecharunt|Pecharunt|100/100
|move|p2a: Lokix|Leech Life|p1a: Pecharunt
|-resisted|p1a: Pecharunt
|-damage|p1a: Pecharunt|83/100
|
|upkeep
|turn|2
|
|t:|1779597112
|switch|p1a: Dragonite|Dragonite, F|100/100
|switch|p2a: Blissey|Blissey, F|100/100
|
|upkeep
|turn|3
|
|t:|1779597120
|switch|p2a: Weezing|Weezing-Galar, M|100/100
|-ability|p2a: Weezing|Neutralizing Gas
|move|p1a: Dragonite|Dragon Tail|p2a: Weezing
|-immune|p2a: Weezing
|
|upkeep
|turn|4
|
|t:|1779597127
|switch|p1a: Ting-Lu|Ting-Lu|100/100
|move|p2a: Weezing|Toxic|p1a: Ting-Lu
|-status|p1a: Ting-Lu|tox
|
|-damage|p1a: Ting-Lu|94/100 tox|[from] psn
|upkeep
|turn|5
|
|t:|1779597136
|-end|p2a: Weezing|ability: Neutralizing Gas
|-ability|p1a: Ting-Lu|Vessel of Ruin
|switch|p2a: Lokix|Lokix, F|100/100
|move|p1a: Ting-Lu|Earthquake|p2a: Lokix
|-resisted|p2a: Lokix
|-damage|p2a: Lokix|71/100
|
|-heal|p1a: Ting-Lu|100/100 tox|[from] item: Leftovers
|-damage|p1a: Ting-Lu|88/100 tox|[from] psn
|upkeep
|turn|6
|
|t:|1779597146
|switch|p1a: Walking Wake|Walking Wake|100/100
|move|p2a: Lokix|Leech Life|p1a: Walking Wake
|-damage|p1a: Walking Wake|38/100
|-heal|p2a: Lokix|100/100|[from] drain|[of] p1a: Walking Wake
|
|upkeep
|turn|7
|
|t:|1779597154
|switch|p2a: Blissey|Blissey, F|100/100
|move|p1a: Walking Wake|Surf|p2a: Blissey
|-damage|p2a: Blissey|88/100
|
|-heal|p2a: Blissey|94/100|[from] item: Leftovers
|upkeep
|turn|8
|
|t:|1779597165
|move|p1a: Walking Wake|Knock Off|p2a: Blissey
|-damage|p2a: Blissey|77/100
|-enditem|p2a: Blissey|Leftovers|[from] move: Knock Off|[of] p1a: Walking Wake
|move|p2a: Blissey|Seismic Toss|p1a: Walking Wake
|-damage|p1a: Walking Wake|8/100
|
|upkeep
|turn|9
|
|t:|1779597171
|move|p1a: Walking Wake|Flip Turn|p2a: Blissey
|-damage|p2a: Blissey|60/100
|
|t:|1779597175
|-end|p1a: Walking Wake|Protosynthesis|[silent]
|switch|p1a: Pecharunt|Pecharunt|83/100|[from] Flip Turn
|move|p2a: Blissey|Seismic Toss|p1a: Pecharunt
|-immune|p1a: Pecharunt
|
|upkeep
|turn|10
|
|t:|1779597183
|move|p1a: Pecharunt|Nasty Plot|p1a: Pecharunt
|-boost|p1a: Pecharunt|spa|2
|move|p2a: Blissey|Shadow Ball|p1a: Pecharunt
|-supereffective|p1a: Pecharunt
|-damage|p1a: Pecharunt|54/100
|
|upkeep
|turn|11
|
|t:|1779597189
|move|p1a: Pecharunt|Nasty Plot|p1a: Pecharunt
|-boost|p1a: Pecharunt|spa|2
|move|p2a: Blissey|Calm Mind|p2a: Blissey
|-boost|p2a: Blissey|spa|1
|-boost|p2a: Blissey|spd|1
|
|upkeep
|turn|12
|
|t:|1779597196
|move|p1a: Pecharunt|Malignant Chain|p2a: Blissey
|-damage|p2a: Blissey|40/100
|-status|p2a: Blissey|tox
|-start|p2a: Blissey|confusion|[from] ability: Poison Puppeteer|[of] p1a: Pecharunt
|-activate|p2a: Blissey|confusion
|move|p2a: Blissey|Shadow Ball|p1a: Pecharunt
|-supereffective|p1a: Pecharunt
|-damage|p1a: Pecharunt|11/100
|
|-damage|p2a: Blissey|34/100 tox|[from] psn
|upkeep
|turn|13
|
|t:|1779597208
|move|p1a: Pecharunt|Recover|p1a: Pecharunt
|-heal|p1a: Pecharunt|61/100
|-activate|p2a: Blissey|confusion
|-damage|p2a: Blissey|33/100 tox|[from] confusion
|
|-damage|p2a: Blissey|20/100 tox|[from] psn
|upkeep
|turn|14
|
|t:|1779597225
|move|p1a: Pecharunt|Recover|p1a: Pecharunt
|-heal|p1a: Pecharunt|100/100
|-activate|p2a: Blissey|confusion
|move|p2a: Blissey|Soft-Boiled|p2a: Blissey
|-heal|p2a: Blissey|70/100 tox
|
|-damage|p2a: Blissey|52/100 tox|[from] psn
|upkeep
|turn|15
|
|t:|1779597233
|-curestatus|p2a: Blissey|tox|[from] ability: Natural Cure|[silent]
|switch|p2a: Iron Treads|Iron Treads|100/100
|move|p1a: Pecharunt|Shadow Ball|p2a: Iron Treads
|-damage|p2a: Iron Treads|15/100
|
|-heal|p2a: Iron Treads|21/100|[from] item: Leftovers
|upkeep
|turn|16
|
|t:|1779597255
|move|p2a: Iron Treads|Earthquake|p1a: Pecharunt
|-supereffective|p1a: Pecharunt
|-crit|p1a: Pecharunt
|-damage|p1a: Pecharunt|33/100
|move|p1a: Pecharunt|Shadow Ball|p2a: Iron Treads
|-damage|p2a: Iron Treads|0 fnt
|faint|p2a: Iron Treads
|-end|p2a: Iron Treads|Quark Drive|[silent]
|
|upkeep
|
|t:|1779597263
|switch|p2a: Lokix|Lokix, F|100/100
|turn|17
|
|t:|1779597267
|move|p2a: Lokix|First Impression|p1a: Pecharunt
|-resisted|p1a: Pecharunt
|-damage|p1a: Pecharunt|13/100
|move|p1a: Pecharunt|Recover|p1a: Pecharunt
|-heal|p1a: Pecharunt|64/100
|
|upkeep
|turn|18
|
|t:|1779597274
|switch|p2a: Blissey|Blissey, F|52/100
|move|p1a: Pecharunt|Malignant Chain|p2a: Blissey
|-damage|p2a: Blissey|21/100
|
|upkeep
|turn|19
|
|t:|1779597284
|-terastallize|p2a: Blissey|Dark
|move|p1a: Pecharunt|Malignant Chain|p2a: Blissey
|-damage|p2a: Blissey|0 fnt
|faint|p2a: Blissey
|
|upkeep
|
|t:|1779597290
|switch|p2a: Weezing|Weezing-Galar, M|100/100
|-ability|p2a: Weezing|Neutralizing Gas
|turn|20
|-message|SimonStork forfeited.
|
|win|Dubyaz13
|raw|Dubyaz13's rating: 1419 &rarr; <strong>1442</strong><br />(+23 for winning)
|raw|SimonStork's rating: 1469 &rarr; <strong>1446</strong><br />(-23 for losing)
|l|☆SimonStork
|player|p2|
|l|☆Dubyaz13
|player|p1|
