|j|☆peenutbudda
|j|‽Okay44445
|t:|1779654750
|gametype|singles
|player|p1|peenutbudda|265|1052
|player|p2|Okay44445|cyclist-gen4|1105
|gen|9
|tier|[Gen 9] OU
|rated|
|rule|HP Percentage Mod: HP is shown in percentages
|rule|Endless Battle Clause: Forcing endless battles is banned
|rule|Species Clause: Limit one of each Pokémon
|rule|OHKO Clause: OHKO moves are banned
|rule|Evasion Items Clause: Evasion items are banned
|rule|Evasion Moves Clause: Evasion moves are banned
|rule|Evasion Abilities Clause: Evasion abilities are banned
|rule|Sleep Moves Clause: Sleep-inducing moves are banned
|clearpoke
|poke|p1|Toxtricity, F|
|poke|p1|Tyranitar, F|
|poke|p1|Slowking-Galar, M|
|poke|p1|Ogerpon-Wellspring, F|
|poke|p1|Quaquaval, F|
|poke|p1|Blaziken, M|
|poke|p2|Slowking-Galar, M|
|poke|p2|Cinderace, M|
|poke|p2|Corviknight, M|
|poke|p2|Tornadus-Therian, M|
|poke|p2|Great Tusk|
|poke|p2|Kyurem|
|teampreview
|inactive|Battle timer is ON: inactive players will automatically lose when time's up. (requested by Okay44445)
|
|t:|1779654764
|teamsize|p1|6
|teamsize|p2|6
|start
|switch|p1a: pumppump|Toxtricity, F|100/100
|switch|p2a: Cinderace|Cinderace, M|100/100
|turn|1
|
|t:|1779654773
|move|p2a: Cinderace|Pyro Ball|p1a: pumppump|[miss]
|-miss|p2a: Cinderace|p1a: pumppump
|move|p1a: pumppump|Electric Terrain|p1a: pumppump
|-fieldstart|move: Electric Terrain
|-enditem|p1a: pumppump|Electric Seed
|-boost|p1a: pumppump|def|1|[from] item: Electric Seed
|
|upkeep
|turn|2
|
|t:|1779654784
|move|p2a: Cinderace|Pyro Ball|p1a: pumppump
|-damage|p1a: pumppump|44/100
|move|p1a: pumppump|Thunder|p2a: Cinderace
|-damage|p2a: Cinderace|25/100
|-status|p2a: Cinderace|par
|
|upkeep
|turn|3
|
|t:|1779654796
|move|p1a: pumppump|Thunder|p2a: Cinderace
|-damage|p2a: Cinderace|0 fnt
|faint|p2a: Cinderace
|
|upkeep
|
|t:|1779654804
|switch|p2a: Slowking|Slowking-Galar, M|100/100
|turn|4
|
|t:|1779654811
|move|p1a: pumppump|Thunder|p2a: Slowking|[miss]
|-miss|p1a: pumppump|p2a: Slowking
|move|p2a: Slowking|Psyshock|p1a: pumppump
|-supereffective|p1a: pumppump
|-damage|p1a: pumppump|0 fnt
|faint|p1a: pumppump
|
|upkeep
|
|t:|1779654826
|switch|p1a: rawr|Tyranitar, F|100/100
|-weather|Sandstorm|[from] ability: Sand Stream|[of] p1a: rawr
|turn|5
|
|t:|1779654833
|switch|p2a: Corviknight|Corviknight, M|100/100
|-ability|p2a: Corviknight|Pressure
|move|p1a: rawr|Earthquake|p2a: Corviknight
|-immune|p2a: Corviknight
|
|-weather|Sandstorm|[upkeep]
|-fieldend|move: Electric Terrain
|upkeep
|turn|6
|
|t:|1779654844
|move|p2a: Corviknight|U-turn|p1a: rawr
|-supereffective|p1a: rawr
|-damage|p1a: rawr|79/100
|-damage|p2a: Corviknight|84/100|[from] item: Rocky Helmet|[of] p1a: rawr
|
|t:|1779654846
|switch|p2a: Great Tusk|Great Tusk|100/100|[from] U-turn
|move|p1a: rawr|Iron Defense|p1a: rawr
|-boost|p1a: rawr|def|2
|
|-weather|Sandstorm|[upkeep]
|upkeep
|turn|7
|
|t:|1779654864
|move|p2a: Great Tusk|Bulk Up|p2a: Great Tusk
|-boost|p2a: Great Tusk|atk|1
|-boost|p2a: Great Tusk|def|1
|move|p1a: rawr|Earthquake|p2a: Great Tusk
|-damage|p2a: Great Tusk|88/100
|
|-weather|Sandstorm|[upkeep]
|-heal|p2a: Great Tusk|94/100|[from] item: Leftovers
|upkeep
|turn|8
|
|t:|1779654878
|switch|p1a: OGGERRRRR|Ogerpon-Wellspring, F|100/100
|move|p2a: Great Tusk|Rapid Spin|p1a: OGGERRRRR
|-damage|p1a: OGGERRRRR|69/100
|-boost|p2a: Great Tusk|spe|1
|
|-weather|Sandstorm|[upkeep]
|-damage|p1a: OGGERRRRR|63/100|[from] Sandstorm
|-heal|p2a: Great Tusk|100/100|[from] item: Leftovers
|upkeep
|turn|9
|
|t:|1779654902
|-terastallize|p1a: OGGERRRRR|Water
|detailschange|p1a: OGGERRRRR|Ogerpon-Wellspring-Tera, F, tera:Water
|-ability|p1a: OGGERRRRR|Embody Aspect (Wellspring)|boost
|-boost|p1a: OGGERRRRR|spd|1
|move|p2a: Great Tusk|Bulk Up|p2a: Great Tusk
|-boost|p2a: Great Tusk|atk|1
|-boost|p2a: Great Tusk|def|1
|move|p1a: OGGERRRRR|Ivy Cudgel|p2a: Great Tusk|[anim] Ivy Cudgel Water
|-supereffective|p2a: Great Tusk
|-damage|p2a: Great Tusk|49/100
|
|-weather|none
|-heal|p2a: Great Tusk|55/100|[from] item: Leftovers
|upkeep
|turn|10
|inactive|peenutbudda has 120 seconds left.
|
|t:|1779654919
|move|p2a: Great Tusk|Headlong Rush|p1a: OGGERRRRR
|-damage|p1a: OGGERRRRR|0 fnt
|-unboost|p2a: Great Tusk|def|1
|-unboost|p2a: Great Tusk|spd|1
|faint|p1a: OGGERRRRR
|detailschange|p1: OGGERRRRR|Ogerpon-Wellspring, F|[silent]
|
|-heal|p2a: Great Tusk|61/100|[from] item: Leftovers
|upkeep
|inactive|peenutbudda has 120 seconds left.
|
|t:|1779654928
|switch|p1a: smoothcriminal|Quaquaval, F|100/100
|turn|11
|
|t:|1779654934
|move|p2a: Great Tusk|Headlong Rush|p1a: smoothcriminal
|-damage|p1a: smoothcriminal|0 fnt
|-unboost|p2a: Great Tusk|def|1
|-unboost|p2a: Great Tusk|spd|1
|faint|p1a: smoothcriminal
|
|-heal|p2a: Great Tusk|67/100|[from] item: Leftovers
|upkeep
|-message|peenutbudda forfeited.
|
|win|Okay44445
|raw|peenutbudda's rating: 1052 &rarr; <strong>1037</strong><br />(-15 for losing)
|raw|Okay44445's rating: 1105 &rarr; <strong>1126</strong><br />(+21 for winning)
|l|☆peenutbudda
|player|p1|
