|j|☆harrieteatspokemon
|j|☆DerpGod69
|t:|1779708286
|gametype|singles
|player|p1|harrieteatspokemon|parasollady|1063
|player|p2|DerpGod69|101|1074
|gen|9
|tier|[Gen 9] OU
|rated|
|rule|HP Percentage Mod: HP is shown in percentages
|rule|Endless Battle Clause: Forcing endless battles is banned
|rule|Species Clause: Limit one of each Pokémon
|rule|OHKO Clause: OHKO moves are banned
|rule|Evasion Items Clause: Evasion items are banned
|rule|Evasion Moves Clause: Evasion moves are banned
|rule|Evasion Abilities Clause: Evasion abilities are banned
|rule|Sleep Moves Clause: Sleep-inducing moves are banned
|clearpoke
|poke|p1|Masquerain, F|
|poke|p1|Greninja-*, M|
|poke|p1|Great Tusk|
|poke|p1|Sandy Shocks|
|poke|p1|Garganacl, F|
|poke|p1|Gardevoir, F|
|poke|p2|Garchomp, F|
|poke|p2|Mimikyu, F|
|poke|p2|Toxapex, M|
|poke|p2|Glimmora, M|
|poke|p2|Hatterene, F|
|poke|p2|Iron Valiant|
|teampreview
|
|t:|1779708294
|teamsize|p1|6
|teamsize|p2|6
|start
|switch|p1a: Psyhi|Gardevoir, F|100/100
|switch|p2a: Glimmora|Glimmora, M|100/100
|-item|p2a: Glimmora|Air Balloon
|turn|1
|
|t:|1779708310
|move|p1a: Psyhi|Psychic|p2a: Glimmora
|-supereffective|p2a: Glimmora
|-damage|p2a: Glimmora|13/100
|-enditem|p2a: Glimmora|Air Balloon
|move|p2a: Glimmora|Toxic Spikes|p1a: Psyhi
|-sidestart|p1: harrieteatspokemon|move: Toxic Spikes
|
|upkeep
|turn|2
|
|t:|1779708318
|move|p1a: Psyhi|Psychic|p2a: Glimmora
|-supereffective|p2a: Glimmora
|-damage|p2a: Glimmora|0 fnt
|faint|p2a: Glimmora
|
|upkeep
|
|t:|1779708335
|switch|p2a: Mimikyu|Mimikyu, F|100/100
|turn|3
|
|t:|1779708350
|switch|p1a: Blue|Greninja, M|100/100
|-status|p1a: Blue|psn
|move|p2a: Mimikyu|Swords Dance|p2a: Mimikyu
|-boost|p2a: Mimikyu|atk|2
|
|-damage|p1a: Blue|88/100 psn|[from] psn
|upkeep
|turn|4
|
|t:|1779708359
|move|p1a: Blue|Shadow Sneak|p2a: Mimikyu
|-activate|p2a: Mimikyu|ability: Disguise
|-damage|p2a: Mimikyu|100/100
|detailschange|p2a: Mimikyu|Mimikyu-Busted, F
|-damage|p2a: Mimikyu|88/100|[from] pokemon: Mimikyu-Busted
|-enditem|p2a: Mimikyu|Red Card|[of] p1a: Blue
|drag|p1a: Bzz|Sandy Shocks|100/100
|-status|p1a: Bzz|psn
|-enditem|p1a: Bzz|Booster Energy
|-activate|p1a: Bzz|ability: Protosynthesis|[fromitem]
|-start|p1a: Bzz|protosynthesisspa
|move|p2a: Mimikyu|Play Rough|p1a: Bzz
|-damage|p1a: Bzz|16/100 psn
|
|-damage|p1a: Bzz|3/100 psn|[from] psn
|upkeep
|turn|5
|
|t:|1779708386
|move|p2a: Mimikyu|Shadow Sneak|p1a: Bzz
|-damage|p1a: Bzz|0 fnt
|faint|p1a: Bzz
|-end|p1a: Bzz|Protosynthesis|[silent]
|
|upkeep
|
|t:|1779708389
|switch|p1a: Buh|Masquerain, F|100/100
|-ability|p1a: Buh|Intimidate|boost
|-unboost|p2a: Mimikyu|atk|1
|turn|6
|
|t:|1779708401
|move|p1a: Buh|Quiver Dance|p1a: Buh
|-boost|p1a: Buh|spa|1
|-boost|p1a: Buh|spd|1
|-boost|p1a: Buh|spe|1
|move|p2a: Mimikyu|Swords Dance|p2a: Mimikyu
|-boost|p2a: Mimikyu|atk|2
|
|upkeep
|turn|7
|
|t:|1779708415
|-terastallize|p2a: Mimikyu|Ghost
|move|p2a: Mimikyu|Shadow Sneak|p1a: Buh
|-crit|p1a: Buh
|-enditem|p1a: Buh|Focus Sash
|-damage|p1a: Buh|1/100
|move|p1a: Buh|Quiver Dance|p1a: Buh
|-boost|p1a: Buh|spa|1
|-boost|p1a: Buh|spd|1
|-boost|p1a: Buh|spe|1
|
|upkeep
|turn|8
|
|t:|1779708424
|move|p2a: Mimikyu|Shadow Sneak|p1a: Buh
|-damage|p1a: Buh|0 fnt
|faint|p1a: Buh
|
|upkeep
|
|t:|1779708426
|switch|p1a: Blue|Greninja, M|88/100 psn
|turn|9
|
|t:|1779708431
|move|p1a: Blue|Shadow Sneak|p2a: Mimikyu
|-supereffective|p2a: Mimikyu
|-damage|p2a: Mimikyu|59/100
|move|p2a: Mimikyu|Play Rough|p1a: Blue
|-supereffective|p1a: Blue
|-damage|p1a: Blue|0 fnt
|faint|p1a: Blue
|
|upkeep
|
|t:|1779708441
|switch|p1a: Rok|Great Tusk|100/100
|-status|p1a: Rok|psn
|-enditem|p1a: Rok|Booster Energy
|-activate|p1a: Rok|ability: Protosynthesis|[fromitem]
|-start|p1a: Rok|protosynthesisdef
|turn|10
|
|t:|1779708452
|move|p2a: Mimikyu|Shadow Sneak|p1a: Rok
|-damage|p1a: Rok|73/100 psn
|move|p1a: Rok|Earthquake|p2a: Mimikyu
|-damage|p2a: Mimikyu|0 fnt
|faint|p2a: Mimikyu
|
|-damage|p1a: Rok|61/100 psn|[from] psn
|upkeep
|
|t:|1779708462
|switch|p2a: Iron Valiant|Iron Valiant|100/100
|-enditem|p2a: Iron Valiant|Booster Energy
|-activate|p2a: Iron Valiant|ability: Quark Drive|[fromitem]
|-start|p2a: Iron Valiant|quarkdrivespe
|turn|11
|
|t:|1779708472
|move|p2a: Iron Valiant|Moonblast|p1a: Rok
|-supereffective|p1a: Rok
|-damage|p1a: Rok|0 fnt
|faint|p1a: Rok
|-end|p1a: Rok|Protosynthesis|[silent]
|
|upkeep
|
|t:|1779708476
|switch|p1a: Psyhi|Gardevoir, F|100/100
|-status|p1a: Psyhi|psn
|turn|12
|
|t:|1779708487
|move|p2a: Iron Valiant|Moonblast|p1a: Psyhi
|-damage|p1a: Psyhi|49/100 psn
|move|p1a: Psyhi|Trick|p2a: Iron Valiant
|-activate|p1a: Psyhi|move: Trick|[of] p2a: Iron Valiant
|-item|p2a: Iron Valiant|Choice Scarf|[from] move: Trick
|-enditem|p1a: Psyhi|Choice Scarf|[silent]|[from] move: Trick
|
|-damage|p1a: Psyhi|37/100 psn|[from] psn
|upkeep
|turn|13
|
|t:|1779708497
|move|p2a: Iron Valiant|Moonblast|p1a: Psyhi
|-damage|p1a: Psyhi|0 fnt
|faint|p1a: Psyhi
|
|upkeep
|
|t:|1779708500
|switch|p1a: Roc|Garganacl, F|100/100
|-status|p1a: Roc|psn
|turn|14
|
|t:|1779708505
|move|p2a: Iron Valiant|Moonblast|p1a: Roc
|-damage|p1a: Roc|63/100 psn
|-unboost|p1a: Roc|spa|1
|move|p1a: Roc|Salt Cure|p2a: Iron Valiant
|-resisted|p2a: Iron Valiant
|-damage|p2a: Iron Valiant|92/100
|-start|p2a: Iron Valiant|Salt Cure
|
|-heal|p1a: Roc|70/100 psn|[from] item: Leftovers
|-damage|p1a: Roc|57/100 psn|[from] psn
|-damage|p2a: Iron Valiant|80/100|[from] Salt Cure
|upkeep
|turn|15
|
|t:|1779708517
|move|p2a: Iron Valiant|Moonblast|p1a: Roc
|-damage|p1a: Roc|14/100 psn
|-unboost|p1a: Roc|spa|1
|move|p1a: Roc|Recover|p1a: Roc
|-heal|p1a: Roc|64/100 psn
|
|-heal|p1a: Roc|70/100 psn|[from] item: Leftovers
|-damage|p1a: Roc|58/100 psn|[from] psn
|-damage|p2a: Iron Valiant|67/100|[from] Salt Cure
|upkeep
|turn|16
|
|t:|1779708535
|move|p2a: Iron Valiant|Moonblast|p1a: Roc
|-damage|p1a: Roc|18/100 psn
|move|p1a: Roc|Recover|p1a: Roc
|-heal|p1a: Roc|68/100 psn
|
|-heal|p1a: Roc|74/100 psn|[from] item: Leftovers
|-damage|p1a: Roc|62/100 psn|[from] psn
|-damage|p2a: Iron Valiant|55/100|[from] Salt Cure
|upkeep
|turn|17
|
|t:|1779708544
|move|p2a: Iron Valiant|Moonblast|p1a: Roc
|-damage|p1a: Roc|22/100 psn
|move|p1a: Roc|Recover|p1a: Roc
|-heal|p1a: Roc|72/100 psn
|
|-heal|p1a: Roc|79/100 psn|[from] item: Leftovers
|-damage|p1a: Roc|66/100 psn|[from] psn
|-damage|p2a: Iron Valiant|42/100|[from] Salt Cure
|upkeep
|turn|18
|
|t:|1779708554
|move|p2a: Iron Valiant|Moonblast|p1a: Roc
|-damage|p1a: Roc|29/100 psn
|move|p1a: Roc|Recover|p1a: Roc
|-heal|p1a: Roc|79/100 psn
|
|-heal|p1a: Roc|85/100 psn|[from] item: Leftovers
|-damage|p1a: Roc|72/100 psn|[from] psn
|-damage|p2a: Iron Valiant|30/100|[from] Salt Cure
|upkeep
|turn|19
|
|t:|1779708566
|move|p2a: Iron Valiant|Moonblast|p1a: Roc
|-damage|p1a: Roc|29/100 psn
|move|p1a: Roc|Recover|p1a: Roc
|-heal|p1a: Roc|79/100 psn
|
|-heal|p1a: Roc|86/100 psn|[from] item: Leftovers
|-damage|p1a: Roc|73/100 psn|[from] psn
|-damage|p2a: Iron Valiant|17/100|[from] Salt Cure
|upkeep
|turn|20
|
|t:|1779708577
|move|p2a: Iron Valiant|Moonblast|p1a: Roc
|-damage|p1a: Roc|35/100 psn
|-unboost|p1a: Roc|spa|1
|move|p1a: Roc|Recover|p1a: Roc
|-heal|p1a: Roc|85/100 psn
|
|-heal|p1a: Roc|91/100 psn|[from] item: Leftovers
|-damage|p1a: Roc|79/100 psn|[from] psn
|-damage|p2a: Iron Valiant|5/100|[from] Salt Cure
|upkeep
|turn|21
|
|t:|1779708595
|-end|p2a: Iron Valiant|Quark Drive|[silent]
|switch|p2a: Garchomp|Garchomp, F|100/100
|move|p1a: Roc|Protect||[still]
|-fail|p1a: Roc
|
|-heal|p1a: Roc|85/100 psn|[from] item: Leftovers
|-damage|p1a: Roc|73/100 psn|[from] psn
|upkeep
|turn|22
|
|t:|1779708604
|move|p2a: Garchomp|Earthquake|p1a: Roc
|-supereffective|p1a: Roc
|-damage|p1a: Roc|13/100 psn
|move|p1a: Roc|Salt Cure|p2a: Garchomp
|-resisted|p2a: Garchomp
|-damage|p2a: Garchomp|94/100
|-start|p2a: Garchomp|Salt Cure
|
|-heal|p1a: Roc|19/100 psn|[from] item: Leftovers
|-damage|p1a: Roc|7/100 psn|[from] psn
|-damage|p2a: Garchomp|82/100|[from] Salt Cure
|upkeep
|turn|23
|
|t:|1779708614
|move|p2a: Garchomp|Earthquake|p1a: Roc
|-supereffective|p1a: Roc
|-damage|p1a: Roc|0 fnt
|faint|p1a: Roc
|
|win|DerpGod69
|raw|harrieteatspokemon's rating: 1063 &rarr; <strong>1044</strong><br />(-19 for losing)
|raw|DerpGod69's rating: 1074 &rarr; <strong>1102</strong><br />(+28 for winning)
|l|☆harrieteatspokemon
|player|p1|
|l|☆DerpGod69
|player|p2|
