|j|‽wheezsumbeez
|j|☆Davetron3030
|t:|1779599540
|gametype|singles
|player|p1|wheezsumbeez|roxie|1475
|player|p2|Davetron3030|dancer|1499
|gen|9
|tier|[Gen 9] OU
|rated|
|rule|HP Percentage Mod: HP is shown in percentages
|rule|Endless Battle Clause: Forcing endless battles is banned
|rule|Species Clause: Limit one of each Pokémon
|rule|OHKO Clause: OHKO moves are banned
|rule|Evasion Items Clause: Evasion items are banned
|rule|Evasion Moves Clause: Evasion moves are banned
|rule|Evasion Abilities Clause: Evasion abilities are banned
|rule|Sleep Moves Clause: Sleep-inducing moves are banned
|clearpoke
|poke|p1|Kommo-o, M|
|poke|p1|Heatran, F|
|poke|p1|Tentacruel, F|
|poke|p1|Mamoswine, M|
|poke|p1|Enamorus, F|
|poke|p1|Ogerpon-Wellspring, F|
|poke|p2|Dragonite, F|
|poke|p2|Iron Crown|
|poke|p2|Samurott-Hisui, M|
|poke|p2|Enamorus, F|
|poke|p2|Great Tusk|
|poke|p2|Heatran, F|
|teampreview
|
|t:|1779599544
|teamsize|p1|6
|teamsize|p2|6
|start
|switch|p1a: Kommo-o|Kommo-o, M|100/100
|switch|p2a: Samurott|Samurott-Hisui, M|100/100
|turn|1
|
|t:|1779599551
|move|p2a: Samurott|Ceaseless Edge|p1a: Kommo-o
|-resisted|p1a: Kommo-o
|-damage|p1a: Kommo-o|87/100
|-sidestart|p1: wheezsumbeez|Spikes
|move|p1a: Kommo-o|Stealth Rock|p2a: Samurott
|-sidestart|p2: Davetron3030|move: Stealth Rock
|
|-heal|p1a: Kommo-o|93/100|[from] item: Leftovers
|upkeep
|turn|2
|
|t:|1779599561
|switch|p2a: Great Tusk|Great Tusk|100/100
|move|p1a: Kommo-o|Dragon Tail|p2a: Great Tusk
|-damage|p2a: Great Tusk|87/100
|-end|p2a: Great Tusk|Protosynthesis|[silent]
|drag|p2a: Enamorus|Enamorus, F|100/100
|-damage|p2a: Enamorus|76/100|[from] Stealth Rock
|
|-heal|p1a: Kommo-o|99/100|[from] item: Leftovers
|upkeep
|turn|3
|
|t:|1779599573
|switch|p2a: Great Tusk|Great Tusk|87/100
|switch|p1a: Tentacruel|Tentacruel, F|100/100
|-damage|p1a: Tentacruel|88/100|[from] Spikes
|
|upkeep
|turn|4
|
|t:|1779599580
|move|p1a: Tentacruel|Surf|p2a: Great Tusk
|-supereffective|p2a: Great Tusk
|-damage|p2a: Great Tusk|21/100
|move|p2a: Great Tusk|Rapid Spin|p1a: Tentacruel
|-damage|p1a: Tentacruel|70/100
|-boost|p2a: Great Tusk|spe|1
|-sideend|p2: Davetron3030|Stealth Rock|[from] move: Rapid Spin|[of] p2a: Great Tusk
|
|upkeep
|turn|5
|
|t:|1779599588
|switch|p1a: Kommo-o|Kommo-o, M|99/100
|-damage|p1a: Kommo-o|86/100|[from] Spikes
|move|p2a: Great Tusk|Headlong Rush|p1a: Kommo-o
|-damage|p1a: Kommo-o|52/100
|-unboost|p2a: Great Tusk|def|1
|-unboost|p2a: Great Tusk|spd|1
|
|-heal|p1a: Kommo-o|58/100|[from] item: Leftovers
|upkeep
|turn|6
|
|t:|1779599600
|-end|p2a: Great Tusk|Protosynthesis|[silent]
|switch|p2a: Enamorus|Enamorus, F|76/100
|move|p1a: Kommo-o|Body Press|p2a: Enamorus
|-resisted|p2a: Enamorus
|-crit|p2a: Enamorus
|-damage|p2a: Enamorus|50/100
|
|-heal|p1a: Kommo-o|64/100|[from] item: Leftovers
|upkeep
|turn|7
|
|t:|1779599609
|switch|p1a: Tentacruel|Tentacruel, F|70/100
|-damage|p1a: Tentacruel|57/100|[from] Spikes
|-terastallize|p2a: Enamorus|Ground
|move|p2a: Enamorus|Earth Power|p1a: Tentacruel
|-supereffective|p1a: Tentacruel
|-damage|p1a: Tentacruel|9/100
|
|upkeep
|turn|8
|
|t:|1779599619
|move|p2a: Enamorus|Earth Power|p1a: Tentacruel
|-supereffective|p1a: Tentacruel
|-crit|p1a: Tentacruel
|-damage|p1a: Tentacruel|0 fnt
|faint|p1a: Tentacruel
|
|upkeep
|
|t:|1779599625
|switch|p1a: Ogerpon|Ogerpon-Wellspring, F|100/100
|-damage|p1a: Ogerpon|88/100|[from] Spikes
|turn|9
|
|t:|1779599639
|switch|p2a: Great Tusk|Great Tusk|21/100
|move|p1a: Ogerpon|Swords Dance|p1a: Ogerpon
|-boost|p1a: Ogerpon|atk|2
|
|upkeep
|turn|10
|
|t:|1779599646
|move|p1a: Ogerpon|Ivy Cudgel|p2a: Great Tusk|[anim] Ivy Cudgel Water
|-supereffective|p2a: Great Tusk
|-crit|p2a: Great Tusk
|-damage|p2a: Great Tusk|0 fnt
|faint|p2a: Great Tusk
|-end|p2a: Great Tusk|Protosynthesis|[silent]
|
|upkeep
|
|t:|1779599654
|switch|p2a: Samurott|Samurott-Hisui, M|100/100
|turn|11
|
|t:|1779599657
|move|p1a: Ogerpon|Power Whip|p2a: Samurott
|-supereffective|p2a: Samurott
|-enditem|p2a: Samurott|Focus Sash
|-damage|p2a: Samurott|1/100
|move|p2a: Samurott|Ceaseless Edge|p1a: Ogerpon
|-damage|p1a: Ogerpon|34/100
|-sidestart|p1: wheezsumbeez|Spikes
|
|upkeep
|turn|12
|
|t:|1779599666
|move|p2a: Samurott|Sucker Punch||[still]
|-fail|p2a: Samurott
|move|p1a: Ogerpon|Encore|p2a: Samurott
|-start|p2a: Samurott|Encore
|
|upkeep
|turn|13
|
|t:|1779599672
|move|p2a: Samurott|Sucker Punch||[still]
|-fail|p2a: Samurott
|move|p1a: Ogerpon|Swords Dance|p1a: Ogerpon
|-boost|p1a: Ogerpon|atk|2
|
|upkeep
|turn|14
|
|t:|1779599678
|move|p2a: Samurott|Sucker Punch||[still]
|-fail|p2a: Samurott
|move|p1a: Ogerpon|Swords Dance|p1a: Ogerpon
|-boost|p1a: Ogerpon|atk|2
|
|upkeep
|turn|15
|
|t:|1779599684
|move|p2a: Samurott|Sucker Punch||[still]
|-fail|p2a: Samurott
|move|p1a: Ogerpon|Swords Dance|p1a: Ogerpon
|-boost|p1a: Ogerpon|atk|0
|
|-end|p2a: Samurott|Encore
|upkeep
|turn|16
|
|t:|1779599691
|move|p2a: Samurott|Sucker Punch||[still]
|-fail|p2a: Samurott
|move|p1a: Ogerpon|Encore|p2a: Samurott
|-start|p2a: Samurott|Encore
|
|upkeep
|turn|17
|
|t:|1779599697
|move|p2a: Samurott|Sucker Punch||[still]
|-fail|p2a: Samurott
|move|p1a: Ogerpon|Swords Dance|p1a: Ogerpon
|-boost|p1a: Ogerpon|atk|0
|
|upkeep
|turn|18
|
|t:|1779599703
|switch|p2a: Enamorus|Enamorus, F, tera:Ground|50/100
|move|p1a: Ogerpon|Swords Dance|p1a: Ogerpon
|-boost|p1a: Ogerpon|atk|0
|
|upkeep
|turn|19
|
|t:|1779599712
|move|p2a: Enamorus|Moonblast|p1a: Ogerpon
|-damage|p1a: Ogerpon|0 fnt
|faint|p1a: Ogerpon
|
|upkeep
|
|t:|1779599722
|switch|p1a: Heatran|Heatran, F|100/100
|-damage|p1a: Heatran|84/100|[from] Spikes
|turn|20
|
|t:|1779599730
|switch|p2a: Samurott|Samurott-Hisui, M|1/100
|move|p1a: Heatran|Magma Storm|p2a: Samurott
|-resisted|p2a: Samurott
|-damage|p2a: Samurott|0 fnt
|faint|p2a: Samurott
|
|-heal|p1a: Heatran|90/100|[from] item: Leftovers
|upkeep
|
|t:|1779599740
|switch|p2a: Dragonite|Dragonite, F|100/100
|turn|21
|l|☆Davetron3030
|player|p2|
|j|☆Davetron3030
|player|p2|Davetron3030|dancer|
|
|t:|1779599767
|move|p2a: Dragonite|Earthquake|p1a: Heatran
|-supereffective|p1a: Heatran
|-damage|p1a: Heatran|0 fnt
|faint|p1a: Heatran
|
|upkeep
|
|t:|1779599771
|switch|p1a: Enamorus|Enamorus, F|100/100
|turn|22
|
|t:|1779599779
|move|p1a: Enamorus|Calm Mind|p1a: Enamorus
|-boost|p1a: Enamorus|spa|1
|-boost|p1a: Enamorus|spd|1
|move|p2a: Dragonite|Ice Spinner|p1a: Enamorus
|-supereffective|p1a: Enamorus
|-damage|p1a: Enamorus|0 fnt
|faint|p1a: Enamorus
|
|upkeep
|-message|wheezsumbeez forfeited.
|
|win|Davetron3030
|raw|wheezsumbeez's rating: 1475 &rarr; <strong>1456</strong><br />(-19 for losing)
|raw|Davetron3030's rating: 1499 &rarr; <strong>1518</strong><br />(+19 for winning)
|l|‽wheezsumbeez
|player|p1|
|l|☆Davetron3030
|player|p2|
