|j|☆BustedKnuckles
|j|☆halliekwallie1344
|t:|1779641820
|gametype|singles
|player|p1|BustedKnuckles|265|
|player|p2|halliekwallie1344|266|
|gen|9
|tier|[Gen 9] OU
|rule|HP Percentage Mod: HP is shown in percentages
|rule|Endless Battle Clause: Forcing endless battles is banned
|rule|Species Clause: Limit one of each Pokémon
|rule|OHKO Clause: OHKO moves are banned
|rule|Evasion Items Clause: Evasion items are banned
|rule|Evasion Moves Clause: Evasion moves are banned
|rule|Evasion Abilities Clause: Evasion abilities are banned
|rule|Sleep Moves Clause: Sleep-inducing moves are banned
|clearpoke
|poke|p1|Latios, M|
|poke|p1|Araquanid, M|
|poke|p1|Greninja-*, M|
|poke|p1|Iron Valiant|
|poke|p1|Excadrill, F|
|poke|p1|Weezing-Galar, M|
|poke|p2|Tinkaton, F|
|poke|p2|Mudsdale, F|
|poke|p2|Rotom-Wash|
|poke|p2|Rillaboom, M|
|poke|p2|Moltres|
|poke|p2|Ogerpon-Wellspring, F|
|teampreview
|inactive|Battle timer is ON: inactive players will automatically lose when time's up. (requested by BustedKnuckles)
|
|t:|1779641846
|teamsize|p1|6
|teamsize|p2|6
|start
|switch|p1a: Weezing|Weezing-Galar, M, shiny|100/100
|switch|p2a: Rillaboom|Rillaboom, M, shiny|100/100
|-ability|p1a: Weezing|Neutralizing Gas
|turn|1
|
|t:|1779641866
|move|p2a: Rillaboom|U-turn|p1a: Weezing
|-resisted|p1a: Weezing
|-damage|p1a: Weezing|92/100
|
|t:|1779641869
|switch|p2a: Mudsdale|Mudsdale, F, shiny|100/100|[from] U-turn
|move|p1a: Weezing|Will-O-Wisp|p2a: Mudsdale
|-status|p2a: Mudsdale|brn
|
|-heal|p1a: Weezing|98/100|[from] item: Black Sludge
|-damage|p2a: Mudsdale|94/100 brn|[from] brn
|upkeep
|turn|2
|
|t:|1779641885
|-end|p1a: Weezing|ability: Neutralizing Gas
|switch|p1a: Latios|Latios, M, shiny|100/100
|move|p2a: Mudsdale|Earthquake|p1a: Latios
|-immune|p1a: Latios|[from] ability: Levitate
|
|-heal|p2a: Mudsdale|100/100 brn|[from] item: Leftovers
|-damage|p2a: Mudsdale|94/100 brn|[from] brn
|upkeep
|turn|3
|inactive|BustedKnuckles has 270 seconds left.
|inactive|halliekwallie1344 has 270 seconds left.
|
|t:|1779641919
|move|p1a: Latios|Air Slash|p2a: Mudsdale
|-damage|p2a: Mudsdale|69/100 brn
|-ability|p2a: Mudsdale|Stamina|boost
|-boost|p2a: Mudsdale|def|1
|move|p2a: Mudsdale|Stealth Rock|p1a: Latios
|-sidestart|p1: BustedKnuckles|move: Stealth Rock
|
|-heal|p2a: Mudsdale|75/100 brn|[from] item: Leftovers
|-damage|p2a: Mudsdale|69/100 brn|[from] brn
|upkeep
|turn|4
|inactive|halliekwallie1344 has 270 seconds left.
|inactive|BustedKnuckles has 270 seconds left.
|
|t:|1779641931
|switch|p2a: Tinkaton|Tinkaton, F, shiny|100/100
|-ability|p2a: Tinkaton|Mold Breaker
|move|p1a: Latios|Air Slash|p2a: Tinkaton|[miss]
|-miss|p1a: Latios|p2a: Tinkaton
|-enditem|p1a: Latios|Blunder Policy
|-boost|p1a: Latios|spe|2
|
|upkeep
|turn|5
|inactive|halliekwallie1344 has 270 seconds left.
|inactive|BustedKnuckles has 270 seconds left.
|
|t:|1779641951
|switch|p1a: Weezing|Weezing-Galar, M, shiny|98/100
|-ability|p1a: Weezing|Neutralizing Gas
|-damage|p1a: Weezing|86/100|[from] Stealth Rock
|move|p2a: Tinkaton|Knock Off|p1a: Weezing
|-resisted|p1a: Weezing
|-damage|p1a: Weezing|78/100
|-enditem|p1a: Weezing|Black Sludge|[from] move: Knock Off|[of] p2a: Tinkaton
|
|upkeep
|turn|6
|inactive|halliekwallie1344 has 270 seconds left.
|
|t:|1779641965
|move|p2a: Tinkaton|Gigaton Hammer|p1a: Weezing
|-supereffective|p1a: Weezing
|-damage|p1a: Weezing|0 fnt
|faint|p1a: Weezing
|-end|p1a: Weezing|ability: Neutralizing Gas
|-ability|p2a: Tinkaton|Mold Breaker
|
|upkeep
|inactive|BustedKnuckles has 240 seconds left.
|
|t:|1779641995
|switch|p1a: Excadrill|Excadrill, F, shiny|100/100
|-damage|p1a: Excadrill|97/100|[from] Stealth Rock
|-ability|p1a: Excadrill|Mold Breaker
|turn|7
|inactive|halliekwallie1344 has 270 seconds left.
|
|t:|1779642009
|switch|p2a: Mudsdale|Mudsdale, F, shiny|69/100 brn
|move|p1a: Excadrill|Rapid Spin|p2a: Mudsdale
|-damage|p2a: Mudsdale|57/100 brn
|-boost|p1a: Excadrill|spe|1
|-ability|p2a: Mudsdale|Stamina|boost
|-boost|p2a: Mudsdale|def|1
|-sideend|p1: BustedKnuckles|Stealth Rock|[from] move: Rapid Spin|[of] p1a: Excadrill
|
|-heal|p2a: Mudsdale|63/100 brn|[from] item: Leftovers
|-damage|p2a: Mudsdale|57/100 brn|[from] brn
|upkeep
|turn|8
|inactive|halliekwallie1344 has 270 seconds left.
|inactive|BustedKnuckles has 240 seconds left.
|inactive|BustedKnuckles has 210 seconds left.
|
|t:|1779642056
|switch|p1a: Latios|Latios, M, shiny|100/100
|move|p2a: Mudsdale|Body Press|p1a: Latios
|-resisted|p1a: Latios
|-damage|p1a: Latios|87/100
|
|-heal|p2a: Mudsdale|63/100 brn|[from] item: Leftovers
|-damage|p2a: Mudsdale|57/100 brn|[from] brn
|upkeep
|turn|9
|inactive|BustedKnuckles has 210 seconds left.
|
|t:|1779642070
|switch|p2a: Tinkaton|Tinkaton, F, shiny|100/100
|-ability|p2a: Tinkaton|Mold Breaker
|move|p1a: Latios|Chilling Water|p2a: Tinkaton
|-damage|p2a: Tinkaton|87/100
|-unboost|p2a: Tinkaton|atk|1
|
|-heal|p2a: Tinkaton|93/100|[from] item: Leftovers
|upkeep
|turn|10
|inactive|BustedKnuckles has 210 seconds left.
|
|t:|1779642107
|move|p1a: Latios|Chilling Water|p2a: Tinkaton
|-damage|p2a: Tinkaton|80/100
|-unboost|p2a: Tinkaton|atk|1
|move|p2a: Tinkaton|Knock Off|p1a: Latios
|-supereffective|p1a: Latios
|-crit|p1a: Latios
|-damage|p1a: Latios|40/100
|
|-heal|p2a: Tinkaton|87/100|[from] item: Leftovers
|upkeep
|turn|11
|
|t:|1779642123
|move|p1a: Latios|Shadow Ball|p2a: Tinkaton
|-damage|p2a: Tinkaton|65/100
|move|p2a: Tinkaton|Gigaton Hammer|p1a: Latios
|-damage|p1a: Latios|12/100
|
|-heal|p2a: Tinkaton|71/100|[from] item: Leftovers
|upkeep
|turn|12
|
|t:|1779642132
|move|p1a: Latios|Shadow Ball|p2a: Tinkaton
|-damage|p2a: Tinkaton|51/100
|-unboost|p2a: Tinkaton|spd|1
|move|p2a: Tinkaton|Draining Kiss|p1a: Latios
|-supereffective|p1a: Latios
|-damage|p1a: Latios|0 fnt
|-heal|p2a: Tinkaton|58/100|[from] drain|[of] p1a: Latios
|faint|p1a: Latios
|
|-heal|p2a: Tinkaton|64/100|[from] item: Leftovers
|upkeep
|
|t:|1779642148
|switch|p1a: Iron Valiant|Iron Valiant, shiny|100/100
|-enditem|p1a: Iron Valiant|Booster Energy
|-activate|p1a: Iron Valiant|ability: Quark Drive|[fromitem]
|-start|p1a: Iron Valiant|quarkdrivespe
|turn|13
|inactive|BustedKnuckles has 180 seconds left.
|
|t:|1779642170
|switch|p2a: Moltres|Moltres, shiny|100/100
|move|p1a: Iron Valiant|Close Combat|p2a: Moltres
|-resisted|p2a: Moltres
|-damage|p2a: Moltres|77/100
|-unboost|p1a: Iron Valiant|def|1
|-unboost|p1a: Iron Valiant|spd|1
|
|upkeep
|turn|14
|inactive|BustedKnuckles has 180 seconds left.
|
|t:|1779642191
|-end|p1a: Iron Valiant|Quark Drive|[silent]
|switch|p1a: Araquanid|Araquanid, M, shiny|100/100
|move|p2a: Moltres|Brave Bird|p1a: Araquanid
|-supereffective|p1a: Araquanid
|-damage|p1a: Araquanid|0 fnt
|faint|p1a: Araquanid
|-damage|p2a: Moltres|48/100|[from] Recoil
|
|upkeep
|
|t:|1779642202
|switch|p1a: Greninja|Greninja, M|100/100
|turn|15
|
|t:|1779642215
|move|p1a: Greninja|Water Shuriken|p2a: Moltres
|-supereffective|p2a: Moltres
|-damage|p2a: Moltres|35/100
|-supereffective|p2a: Moltres
|-damage|p2a: Moltres|21/100
|-supereffective|p2a: Moltres
|-damage|p2a: Moltres|8/100
|-supereffective|p2a: Moltres
|-damage|p2a: Moltres|0 fnt
|faint|p2a: Moltres
|-ability|p1a: Greninja|Battle Bond|boost
|-boost|p1a: Greninja|atk|1
|-boost|p1a: Greninja|spa|1
|-boost|p1a: Greninja|spe|1
|-activate|p1a: Greninja|ability: Battle Bond
|-hitcount|p2: Moltres|4
|
|upkeep
|
|t:|1779642231
|switch|p2a: Rillaboom|Rillaboom, M, shiny|100/100
|-fieldstart|move: Grassy Terrain|[from] ability: Grassy Surge|[of] p2a: Rillaboom
|turn|16
|
|t:|1779642241
|move|p2a: Rillaboom|Grassy Glide|p1a: Greninja
|-supereffective|p1a: Greninja
|-damage|p1a: Greninja|0 fnt
|faint|p1a: Greninja
|
|upkeep
|
|t:|1779642249
|switch|p1a: Iron Valiant|Iron Valiant, shiny|100/100
|turn|17
|
|t:|1779642262
|move|p2a: Rillaboom|Grassy Glide|p1a: Iron Valiant
|-damage|p1a: Iron Valiant|24/100
|move|p1a: Iron Valiant|Close Combat|p2a: Rillaboom
|-damage|p2a: Rillaboom|32/100
|-unboost|p1a: Iron Valiant|def|1
|-unboost|p1a: Iron Valiant|spd|1
|
|-heal|p1a: Iron Valiant|31/100|[from] Grassy Terrain
|-heal|p2a: Rillaboom|38/100|[from] Grassy Terrain
|upkeep
|turn|18
|
|t:|1779642273
|move|p1a: Iron Valiant|Shadow Sneak|p2a: Rillaboom
|-damage|p2a: Rillaboom|22/100
|move|p2a: Rillaboom|Grassy Glide|p1a: Iron Valiant
|-damage|p1a: Iron Valiant|0 fnt
|faint|p1a: Iron Valiant
|-end|p1a: Iron Valiant|Quark Drive|[silent]
|
|-heal|p2a: Rillaboom|29/100|[from] Grassy Terrain
|upkeep
|
|t:|1779642282
|switch|p1a: Excadrill|Excadrill, F, shiny|97/100
|-ability|p1a: Excadrill|Mold Breaker
|turn|19
|
|t:|1779642288
|move|p2a: Rillaboom|Grassy Glide|p1a: Excadrill
|-damage|p1a: Excadrill|11/100
|move|p1a: Excadrill|X-Scissor|p2a: Rillaboom
|-supereffective|p2a: Rillaboom
|-damage|p2a: Rillaboom|0 fnt
|faint|p2a: Rillaboom
|
|-heal|p1a: Excadrill|17/100|[from] Grassy Terrain
|upkeep
|inactive|halliekwallie1344 has 270 seconds left.
|
|t:|1779642306
|switch|p2a: Ogerpon|Ogerpon-Wellspring, F|100/100
|turn|20
|inactive|halliekwallie1344 has 270 seconds left.
|
|t:|1779642312
|move|p2a: Ogerpon|Ivy Cudgel|p1a: Excadrill|[anim] Ivy Cudgel Water
|-supereffective|p1a: Excadrill
|-crit|p1a: Excadrill
|-damage|p1a: Excadrill|0 fnt
|faint|p1a: Excadrill
|
|win|halliekwallie1344
