|j|☆volttum
|j|☆Ze Carrot
|t:|1779559126
|gametype|singles
|player|p1|volttum|red|1383
|player|p2|Ze Carrot|miku-flying|1408
|gen|9
|tier|[Gen 9] OU
|rated|
|rule|HP Percentage Mod: HP is shown in percentages
|rule|Endless Battle Clause: Forcing endless battles is banned
|rule|Species Clause: Limit one of each Pokémon
|rule|OHKO Clause: OHKO moves are banned
|rule|Evasion Items Clause: Evasion items are banned
|rule|Evasion Moves Clause: Evasion moves are banned
|rule|Evasion Abilities Clause: Evasion abilities are banned
|rule|Sleep Moves Clause: Sleep-inducing moves are banned
|clearpoke
|poke|p1|Rillaboom, F|
|poke|p1|Hawlucha, F|
|poke|p1|Dragapult, F|
|poke|p1|Iron Treads|
|poke|p1|Kyurem|
|poke|p1|Landorus-Therian, M|
|poke|p2|Quaquaval, F|
|poke|p2|Samurott-Hisui, M|
|poke|p2|Dragapult, M|
|poke|p2|Ting-Lu|
|poke|p2|Moltres|
|poke|p2|Iron Crown|
|teampreview
|inactive|Battle timer is ON: inactive players will automatically lose when time's up. (requested by Ze Carrot)
|inactive|volttum also wants the timer to be on.
|
|t:|1779559132
|teamsize|p1|6
|teamsize|p2|6
|start
|switch|p1a: Landorus|Landorus-Therian, M|100/100
|switch|p2a: Samurott|Samurott-Hisui, M|100/100
|-ability|p1a: Landorus|Intimidate|boost
|-unboost|p2a: Samurott|atk|1
|turn|1
|
|t:|1779559144
|move|p1a: Landorus|U-turn|p2a: Samurott
|-supereffective|p2a: Samurott
|-damage|p2a: Samurott|58/100
|
|t:|1779559148
|switch|p1a: Rillaboom|Rillaboom, F|100/100|[from] U-turn
|-fieldstart|move: Grassy Terrain|[from] ability: Grassy Surge|[of] p1a: Rillaboom
|move|p2a: Samurott|Ceaseless Edge|p1a: Rillaboom
|-damage|p1a: Rillaboom|72/100
|-sidestart|p1: volttum|Spikes
|
|-heal|p1a: Rillaboom|78/100|[from] Grassy Terrain
|-heal|p2a: Samurott|64/100|[from] Grassy Terrain
|upkeep
|turn|2
|
|t:|1779559157
|switch|p2a: Moltres|Moltres|100/100
|move|p1a: Rillaboom|Grassy Glide|p2a: Moltres
|-resisted|p2a: Moltres
|-damage|p2a: Moltres|94/100
|
|-heal|p1a: Rillaboom|85/100|[from] Grassy Terrain
|upkeep
|turn|3
|
|t:|1779559167
|switch|p1a: Hawlucha|Hawlucha, F|100/100
|-enditem|p1a: Hawlucha|Grassy Seed
|-boost|p1a: Hawlucha|def|1|[from] item: Grassy Seed
|move|p2a: Moltres|Flamethrower|p1a: Hawlucha
|-damage|p1a: Hawlucha|48/100
|-status|p1a: Hawlucha|brn
|
|-damage|p1a: Hawlucha|42/100 brn|[from] brn
|upkeep
|turn|4
|
|t:|1779559176
|move|p1a: Hawlucha|Acrobatics|p2a: Moltres
|-damage|p2a: Moltres|79/100
|move|p2a: Moltres|Flamethrower|p1a: Hawlucha
|-damage|p1a: Hawlucha|0 fnt
|faint|p1a: Hawlucha
|
|upkeep
|c|☆Ze Carrot|yeah fuck ur hawlucha
|
|t:|1779559194
|switch|p1a: Kyurem|Kyurem|100/100
|-damage|p1a: Kyurem|88/100|[from] Spikes
|-ability|p1a: Kyurem|Pressure
|turn|5
|
|t:|1779559200
|move|p1a: Kyurem|Freeze-Dry|p2a: Moltres
|-damage|p2a: Moltres|43/100
|move|p2a: Moltres|U-turn|p1a: Kyurem
|-damage|p1a: Kyurem|74/100
|
|t:|1779559204
|switch|p2a: Dragapult|Dragapult, M|100/100|[from] U-turn
|
|-heal|p1a: Kyurem|80/100|[from] Grassy Terrain
|-fieldend|move: Grassy Terrain
|upkeep
|turn|6
|
|t:|1779559208
|move|p2a: Dragapult|Draco Meteor|p1a: Kyurem
|-supereffective|p1a: Kyurem
|-damage|p1a: Kyurem|0 fnt
|-unboost|p2a: Dragapult|spa|2
|faint|p1a: Kyurem
|
|upkeep
|
|t:|1779559218
|switch|p1a: Landorus|Landorus-Therian, M|100/100
|-ability|p1a: Landorus|Intimidate|boost
|-unboost|p2a: Dragapult|atk|1
|turn|7
|-message|volttum forfeited.
|
|win|Ze Carrot
