|j|☆Boahlem
|j|☆diosobones
|t:|1779627920
|gametype|singles
|player|p1|Boahlem|burglar|1293
|player|p2|diosobones|backersf|1321
|gen|9
|tier|[Gen 9] OU
|rated|
|rule|HP Percentage Mod: HP is shown in percentages
|rule|Endless Battle Clause: Forcing endless battles is banned
|rule|Species Clause: Limit one of each Pokémon
|rule|OHKO Clause: OHKO moves are banned
|rule|Evasion Items Clause: Evasion items are banned
|rule|Evasion Moves Clause: Evasion moves are banned
|rule|Evasion Abilities Clause: Evasion abilities are banned
|rule|Sleep Moves Clause: Sleep-inducing moves are banned
|clearpoke
|poke|p1|Moltres-Galar|
|poke|p1|Great Tusk|
|poke|p1|Iron Moth|
|poke|p1|Araquanid, F|
|poke|p1|Landorus-Therian, M|
|poke|p1|Weavile, M|
|poke|p2|Ceruledge, M|
|poke|p2|Ninetales, M|
|poke|p2|Great Tusk|
|poke|p2|Hatterene, F|
|poke|p2|Walking Wake|
|poke|p2|Cinderace, F|
|teampreview
|inactive|Battle timer is ON: inactive players will automatically lose when time's up. (requested by diosobones)
|
|t:|1779627943
|teamsize|p1|6
|teamsize|p2|6
|start
|switch|p1a: Landorus|Landorus-Therian, M|100/100
|switch|p2a: Ninetales|Ninetales, M|100/100
|-weather|SunnyDay|[from] ability: Drought|[of] p2a: Ninetales
|-ability|p1a: Landorus|Intimidate|boost
|-unboost|p2a: Ninetales|atk|1
|turn|1
|
|t:|1779627955
|move|p2a: Ninetales|Will-O-Wisp|p1a: Landorus
|-status|p1a: Landorus|brn
|move|p1a: Landorus|Earthquake|p2a: Ninetales
|-supereffective|p2a: Ninetales
|-damage|p2a: Ninetales|14/100
|
|-weather|SunnyDay|[upkeep]
|-damage|p1a: Landorus|94/100 brn|[from] brn
|upkeep
|turn|2
|
|t:|1779627977
|switch|p2a: Hatterene|Hatterene, F|100/100
|move|p1a: Landorus|Earthquake|p2a: Hatterene
|-damage|p2a: Hatterene|75/100
|
|-weather|SunnyDay|[upkeep]
|-heal|p2a: Hatterene|81/100|[from] item: Leftovers
|-damage|p1a: Landorus|88/100 brn|[from] brn
|upkeep
|turn|3
|
|t:|1779628000
|switch|p1a: Iron Moth|Iron Moth|100/100
|-enditem|p1a: Iron Moth|Booster Energy
|-activate|p1a: Iron Moth|ability: Quark Drive|[fromitem]
|-start|p1a: Iron Moth|quarkdrivespe
|move|p2a: Hatterene|Calm Mind|p2a: Hatterene
|-boost|p2a: Hatterene|spa|1
|-boost|p2a: Hatterene|spd|1
|
|-weather|SunnyDay|[upkeep]
|-heal|p2a: Hatterene|87/100|[from] item: Leftovers
|upkeep
|turn|4
|
|t:|1779628012
|-terastallize|p2a: Hatterene|Water
|move|p1a: Iron Moth|Sludge Wave|p2a: Hatterene
|-damage|p2a: Hatterene|55/100
|move|p2a: Hatterene|Psychic Noise|p1a: Iron Moth
|-supereffective|p1a: Iron Moth
|-damage|p1a: Iron Moth|0 fnt
|faint|p1a: Iron Moth
|-end|p1a: Iron Moth|Quark Drive|[silent]
|
|-weather|SunnyDay|[upkeep]
|-heal|p2a: Hatterene|61/100|[from] item: Leftovers
|upkeep
|
|t:|1779628017
|switch|p1a: Araquanid|Araquanid, F|100/100
|turn|5
|
|t:|1779628036
|move|p1a: Araquanid|Sticky Web|p2a: Hatterene
|move|p2a: Hatterene|Sticky Web|p1a: Araquanid|[from] ability: Magic Bounce
|-sidestart|p1: Boahlem|move: Sticky Web
|move|p2a: Hatterene|Calm Mind|p2a: Hatterene
|-boost|p2a: Hatterene|spa|1
|-boost|p2a: Hatterene|spd|1
|
|-weather|SunnyDay|[upkeep]
|-heal|p2a: Hatterene|67/100|[from] item: Leftovers
|upkeep
|turn|6
|-message|Boahlem forfeited.
|
|win|diosobones
|raw|Boahlem's rating: 1293 &rarr; <strong>1270</strong><br />(-23 for losing)
|raw|diosobones's rating: 1321 &rarr; <strong>1339</strong><br />(+18 for winning)
|l|☆Boahlem
|player|p1|
