|j|☆Liaoa
|j|☆RidingInThat6-0
|t:|1779596916
|gametype|singles
|player|p1|Liaoa|bellelba|1488
|player|p2|RidingInThat6-0|galacticgrunt|1452
|gen|9
|tier|[Gen 9] OU
|rated|
|rule|HP Percentage Mod: HP is shown in percentages
|rule|Endless Battle Clause: Forcing endless battles is banned
|rule|Species Clause: Limit one of each Pokémon
|rule|OHKO Clause: OHKO moves are banned
|rule|Evasion Items Clause: Evasion items are banned
|rule|Evasion Moves Clause: Evasion moves are banned
|rule|Evasion Abilities Clause: Evasion abilities are banned
|rule|Sleep Moves Clause: Sleep-inducing moves are banned
|clearpoke
|poke|p1|Clefable, F|
|poke|p1|Dondozo, M|
|poke|p1|Alomomola, F|
|poke|p1|Ting-Lu|
|poke|p1|Skeledirge, M|
|poke|p1|Corviknight, M|
|poke|p2|Jirachi|
|poke|p2|Ting-Lu|
|poke|p2|Gholdengo|
|poke|p2|Moltres|
|poke|p2|Zamazenta-*|
|poke|p2|Weezing-Galar, F|
|teampreview
|inactive|Battle timer is ON: inactive players will automatically lose when time's up. (requested by Liaoa)
|
|t:|1779596924
|teamsize|p1|6
|teamsize|p2|6
|start
|switch|p1a: Clefable|Clefable, F|100/100
|switch|p2a: Don't|Gholdengo|100/100
|turn|1
|
|t:|1779596929
|switch|p1a: Ting-Lu|Ting-Lu|100/100
|-ability|p1a: Ting-Lu|Vessel of Ruin
|move|p2a: Don't|Trick|p1a: Ting-Lu
|-activate|p2a: Don't|move: Trick|[of] p1a: Ting-Lu
|-item|p1a: Ting-Lu|Choice Scarf|[from] move: Trick
|-item|p2a: Don't|Custap Berry|[from] move: Trick
|
|upkeep
|turn|2
|
|t:|1779596934
|switch|p2a: Yankees|Moltres, shiny|100/100
|move|p1a: Ting-Lu|Stealth Rock|p2a: Yankees
|-sidestart|p2: RidingInThat6-0|move: Stealth Rock
|
|upkeep
|turn|3
|
|t:|1779596938
|switch|p1a: Clefable|Clefable, F|100/100
|move|p2a: Yankees|U-turn|p1a: Clefable
|-resisted|p1a: Clefable
|-damage|p1a: Clefable|92/100
|
|t:|1779596941
|switch|p2a: Clubs of Manhattan|Weezing-Galar, F|100/100|[from] U-turn
|-ability|p2a: Clubs of Manhattan|Neutralizing Gas
|
|upkeep
|turn|4
|
|t:|1779596948
|move|p1a: Clefable|Trick|p2a: Clubs of Manhattan
|-activate|p1a: Clefable|move: Trick|[of] p2a: Clubs of Manhattan
|-item|p2a: Clubs of Manhattan|Choice Scarf|[from] move: Trick
|-item|p1a: Clefable|Heavy-Duty Boots|[from] move: Trick
|move|p2a: Clubs of Manhattan|Sludge Bomb|p1a: Clefable
|-supereffective|p1a: Clefable
|-damage|p1a: Clefable|30/100
|
|upkeep
|turn|5
|
|t:|1779596954
|switch|p1a: Corviknight|Corviknight, M|100/100
|move|p2a: Clubs of Manhattan|Sludge Bomb|p1a: Corviknight
|-immune|p1a: Corviknight
|
|upkeep
|turn|6
|
|t:|1779596956
|-end|p2a: Clubs of Manhattan|ability: Neutralizing Gas
|switch|p2a: Yankees|Moltres, shiny|100/100
|move|p1a: Corviknight|U-turn|p2a: Yankees
|-resisted|p2a: Yankees
|-damage|p2a: Yankees|98/100
|
|t:|1779596963
|switch|p1a: Dondozo|Dondozo, M|100/100|[from] U-turn
|
|upkeep
|turn|7
|
|t:|1779596966
|move|p2a: Yankees|Will-O-Wisp|p1a: Dondozo
|-status|p1a: Dondozo|brn
|move|p1a: Dondozo|Liquidation|p2a: Yankees
|-supereffective|p2a: Yankees
|-damage|p2a: Yankees|58/100
|
|-damage|p1a: Dondozo|94/100 brn|[from] brn
|upkeep
|turn|8
|
|t:|1779596974
|switch|p1a: Skeledirge|Skeledirge, M|100/100
|move|p2a: Yankees|Roost|p2a: Yankees
|-heal|p2a: Yankees|100/100
|-singleturn|p2a: Yankees|move: Roost
|
|upkeep
|turn|9
|
|t:|1779596976
|move|p1a: Skeledirge|Torch Song|p2a: Yankees
|-resisted|p2a: Yankees
|-damage|p2a: Yankees|82/100
|-boost|p1a: Skeledirge|spa|1
|move|p2a: Yankees|U-turn|p1a: Skeledirge
|-resisted|p1a: Skeledirge
|-damage|p1a: Skeledirge|97/100
|
|t:|1779596979
|switch|p2a: Strict|Ting-Lu|100/100|[from] U-turn
|-damage|p2a: Strict|94/100|[from] Stealth Rock
|-ability|p2a: Strict|Vessel of Ruin
|
|upkeep
|turn|10
|
|t:|1779596983
|switch|p1a: Ting-Lu|Ting-Lu|100/100
|-ability|p1a: Ting-Lu|Vessel of Ruin
|move|p2a: Strict|Earthquake|p1a: Ting-Lu
|-damage|p1a: Ting-Lu|73/100
|
|upkeep
|turn|11
|
|t:|1779596988
|switch|p2a: Yankees|Moltres, shiny|82/100
|move|p1a: Ting-Lu|Earthquake|p2a: Yankees
|-immune|p2a: Yankees
|
|upkeep
|turn|12
|
|t:|1779596994
|switch|p1a: Dondozo|Dondozo, M|94/100 brn
|move|p2a: Yankees|U-turn|p1a: Dondozo
|-damage|p1a: Dondozo|86/100 brn
|
|t:|1779596997
|switch|p2a: Clubs of Manhattan|Weezing-Galar, F|100/100|[from] U-turn
|-ability|p2a: Clubs of Manhattan|Neutralizing Gas
|-damage|p2a: Clubs of Manhattan|88/100|[from] Stealth Rock
|
|-damage|p1a: Dondozo|80/100 brn|[from] brn
|upkeep
|turn|13
|
|t:|1779597006
|move|p2a: Clubs of Manhattan|Defog|p1a: Dondozo
|-unboost|p1a: Dondozo|evasion|1
|-sideend|p2: RidingInThat6-0|Stealth Rock|[from] move: Defog|[of] p2a: Clubs of Manhattan
|move|p1a: Dondozo|Liquidation|p2a: Clubs of Manhattan
|-damage|p2a: Clubs of Manhattan|69/100
|
|-damage|p1a: Dondozo|74/100 brn|[from] brn
|upkeep
|turn|14
|
|t:|1779597014
|-end|p2a: Clubs of Manhattan|ability: Neutralizing Gas
|switch|p2a: Don't|Gholdengo|100/100
|switch|p1a: Clefable|Clefable, F|30/100
|
|upkeep
|turn|15
|
|t:|1779597019
|move|p2a: Don't|Make It Rain|p1a: Clefable
|-supereffective|p1a: Clefable
|-damage|p1a: Clefable|0 fnt
|-unboost|p2a: Don't|spa|1
|faint|p1a: Clefable
|
|upkeep
|
|t:|1779597021
|switch|p1a: Skeledirge|Skeledirge, M|97/100
|turn|16
|
|t:|1779597027
|-terastallize|p2a: Don't|Ghost
|move|p1a: Skeledirge|Torch Song|p2a: Don't
|-damage|p2a: Don't|59/100
|-boost|p1a: Skeledirge|spa|1
|move|p2a: Don't|Shadow Ball|p1a: Skeledirge
|-supereffective|p1a: Skeledirge
|-damage|p1a: Skeledirge|0 fnt
|faint|p1a: Skeledirge
|
|upkeep
|-message|Liaoa forfeited.
|
|win|RidingInThat6-0
|raw|Liaoa's rating: 1488 &rarr; <strong>1466</strong><br />(-22 for losing)
|raw|RidingInThat6-0's rating: 1452 &rarr; <strong>1474</strong><br />(+22 for winning)
|l|☆Liaoa
|player|p1|
