|j|☆BoulderJoe
|j|☆ArielPukLacra
|t:|1779600792
|gametype|singles
|player|p1|BoulderJoe|170|1217
|player|p2|ArielPukLacra|102|1157
|gen|9
|tier|[Gen 9] OU
|rated|
|rule|HP Percentage Mod: HP is shown in percentages
|rule|Endless Battle Clause: Forcing endless battles is banned
|rule|Species Clause: Limit one of each Pokémon
|rule|OHKO Clause: OHKO moves are banned
|rule|Evasion Items Clause: Evasion items are banned
|rule|Evasion Moves Clause: Evasion moves are banned
|rule|Evasion Abilities Clause: Evasion abilities are banned
|rule|Sleep Moves Clause: Sleep-inducing moves are banned
|clearpoke
|poke|p1|Walking Wake|
|poke|p1|Landorus-Therian, M|
|poke|p1|Lilligant-Hisui, F|
|poke|p1|Incineroar, F|
|poke|p1|Torkoal, M|
|poke|p1|Venusaur, M|
|poke|p2|Moltres-Galar|
|poke|p2|Regieleki|
|poke|p2|Iron Boulder|
|poke|p2|Maushold-Four|
|poke|p2|Ribombee, M|
|poke|p2|Slither Wing|
|teampreview
|inactive|Battle timer is ON: inactive players will automatically lose when time's up. (requested by BoulderJoe)
|
|t:|1779600803
|teamsize|p1|6
|teamsize|p2|6
|start
|switch|p1a: PyroBall|Torkoal, M|100/100
|switch|p2a: Ribombee|Ribombee, M|100/100
|-weather|SunnyDay|[from] ability: Drought|[of] p1a: PyroBall
|turn|1
|
|t:|1779600816
|switch|p2a: Moltres|Moltres-Galar|100/100
|move|p1a: PyroBall|Lava Plume|p2a: Moltres
|-damage|p2a: Moltres|67/100
|-status|p2a: Moltres|brn
|
|-weather|SunnyDay|[upkeep]
|-damage|p2a: Moltres|61/100 brn|[from] brn
|upkeep
|turn|2
|
|t:|1779600827
|switch|p1a: Incineroar|Incineroar, F|100/100
|-ability|p1a: Incineroar|Intimidate|boost
|-unboost|p2a: Moltres|atk|1
|move|p2a: Moltres|Substitute|p2a: Moltres
|-start|p2a: Moltres|Substitute
|-damage|p2a: Moltres|36/100 brn
|
|-weather|SunnyDay|[upkeep]
|-damage|p2a: Moltres|30/100 brn|[from] brn
|upkeep
|turn|3
|
|t:|1779600837
|move|p2a: Moltres|Air Slash|p1a: Incineroar
|-damage|p1a: Incineroar|73/100
|-damage|p2a: Moltres|20/100 brn|[from] item: Life Orb
|move|p1a: Incineroar|Flare Blitz|p2a: Moltres
|-crit|p2a: Moltres
|-end|p2a: Moltres|Substitute
|-damage|p1a: Incineroar|66/100|[from] Recoil|[of] p2a: Moltres
|
|-weather|SunnyDay|[upkeep]
|-damage|p2a: Moltres|14/100 brn|[from] brn
|upkeep
|turn|4
|
|t:|1779600850
|move|p2a: Moltres|Air Slash|p1a: Incineroar
|-damage|p1a: Incineroar|37/100
|-damage|p2a: Moltres|4/100 brn|[from] item: Life Orb
|move|p1a: Incineroar|Parting Shot|p2a: Moltres
|-unboost|p2a: Moltres|atk|1
|-unboost|p2a: Moltres|spa|1
|
|t:|1779600863
|switch|p1a: Suicidon|Walking Wake|100/100|[from] Parting Shot
|-activate|p1a: Suicidon|ability: Protosynthesis
|-start|p1a: Suicidon|protosynthesisspa
|
|-weather|SunnyDay|[upkeep]
|-damage|p2a: Moltres|0 fnt|[from] brn
|faint|p2a: Moltres
|upkeep
|
|t:|1779600871
|switch|p2a: Ribombee|Ribombee, M|100/100
|turn|5
|
|t:|1779600879
|-terastallize|p1a: Suicidon|Fire
|move|p2a: Ribombee|Moonblast|p1a: Suicidon
|-resisted|p1a: Suicidon
|-damage|p1a: Suicidon|79/100
|move|p1a: Suicidon|Flamethrower|p2a: Ribombee
|-supereffective|p2a: Ribombee
|-enditem|p2a: Ribombee|Focus Sash
|-damage|p2a: Ribombee|1/100
|
|-weather|SunnyDay|[upkeep]
|upkeep
|turn|6
|
|t:|1779600891
|move|p2a: Ribombee|Stun Spore|p1a: Suicidon
|-status|p1a: Suicidon|par
|move|p1a: Suicidon|Flamethrower|p2a: Ribombee
|-supereffective|p2a: Ribombee
|-damage|p2a: Ribombee|0 fnt
|faint|p2a: Ribombee
|
|-weather|SunnyDay|[upkeep]
|upkeep
|
|t:|1779600909
|switch|p2a: Maushold|Maushold-Four|100/100
|turn|7
|
|t:|1779600913
|-end|p1a: Suicidon|Protosynthesis|[silent]
|switch|p1a: Gliscor 2.0|Landorus-Therian, M|100/100
|-ability|p1a: Gliscor 2.0|Intimidate|boost
|-unboost|p2a: Maushold|atk|1
|move|p2a: Maushold|Population Bomb|p1a: Gliscor 2.0
|-damage|p1a: Gliscor 2.0|94/100
|-damage|p2a: Maushold|84/100|[from] item: Rocky Helmet|[of] p1a: Gliscor 2.0
|-damage|p1a: Gliscor 2.0|87/100
|-damage|p2a: Maushold|67/100|[from] item: Rocky Helmet|[of] p1a: Gliscor 2.0
|-damage|p1a: Gliscor 2.0|80/100
|-damage|p2a: Maushold|51/100|[from] item: Rocky Helmet|[of] p1a: Gliscor 2.0
|-damage|p1a: Gliscor 2.0|74/100
|-damage|p2a: Maushold|34/100|[from] item: Rocky Helmet|[of] p1a: Gliscor 2.0
|-damage|p1a: Gliscor 2.0|67/100
|-damage|p2a: Maushold|17/100|[from] item: Rocky Helmet|[of] p1a: Gliscor 2.0
|-damage|p1a: Gliscor 2.0|59/100
|-damage|p2a: Maushold|1/100|[from] item: Rocky Helmet|[of] p1a: Gliscor 2.0
|-damage|p1a: Gliscor 2.0|53/100
|-damage|p2a: Maushold|0 fnt|[from] item: Rocky Helmet|[of] p1a: Gliscor 2.0
|faint|p2a: Maushold
|-hitcount|p1a: Gliscor 2.0|7
|
|-weather|SunnyDay|[upkeep]
|upkeep
|
|t:|1779600937
|switch|p2a: Iron Boulder|Iron Boulder|100/100
|-enditem|p2a: Iron Boulder|Booster Energy
|-activate|p2a: Iron Boulder|ability: Quark Drive|[fromitem]
|-start|p2a: Iron Boulder|quarkdriveatk
|turn|8
|c|☆BoulderJoe|Lol
|
|t:|1779600947
|switch|p1a: Incineroar|Incineroar, F|37/100
|-ability|p1a: Incineroar|Intimidate|boost
|-unboost|p2a: Iron Boulder|atk|1
|move|p2a: Iron Boulder|Mighty Cleave|p1a: Incineroar
|-supereffective|p1a: Incineroar
|-damage|p1a: Incineroar|0 fnt
|faint|p1a: Incineroar
|
|-weather|none
|upkeep
|
|t:|1779600959
|switch|p1a: Gliscor 2.0|Landorus-Therian, M|53/100
|-ability|p1a: Gliscor 2.0|Intimidate|boost
|-unboost|p2a: Iron Boulder|atk|1
|turn|9
|
|t:|1779600967
|-terastallize|p2a: Iron Boulder|Fighting
|move|p2a: Iron Boulder|Swords Dance|p2a: Iron Boulder
|-boost|p2a: Iron Boulder|atk|2
|move|p1a: Gliscor 2.0|Earthquake|p2a: Iron Boulder
|-damage|p2a: Iron Boulder|36/100
|
|upkeep
|turn|10
|
|t:|1779600978
|move|p2a: Iron Boulder|Mighty Cleave|p1a: Gliscor 2.0
|-crit|p1a: Gliscor 2.0
|-damage|p1a: Gliscor 2.0|0 fnt
|-damage|p2a: Iron Boulder|19/100|[from] item: Rocky Helmet|[of] p1a: Gliscor 2.0
|faint|p1a: Gliscor 2.0
|
|upkeep
|
|t:|1779600984
|switch|p1a: PyroBall|Torkoal, M|100/100
|-weather|SunnyDay|[from] ability: Drought|[of] p1a: PyroBall
|turn|11
|
|t:|1779601013
|move|p2a: Iron Boulder|Mighty Cleave|p1a: PyroBall
|-supereffective|p1a: PyroBall
|-damage|p1a: PyroBall|0 fnt
|faint|p1a: PyroBall
|
|-weather|SunnyDay|[upkeep]
|upkeep
|
|t:|1779601023
|switch|p1a: Lilligant|Lilligant-Hisui, F|100/100
|turn|12
|inactive|ArielPukLacra has 120 seconds left.
|
|t:|1779601049
|move|p1a: Lilligant|Solar Blade||[still]
|-prepare|p1a: Lilligant|Solar Blade
|-anim|p1a: Lilligant|Solar Blade|p2a: Iron Boulder
|-damage|p2a: Iron Boulder|0 fnt
|faint|p2a: Iron Boulder
|-end|p2a: Iron Boulder|Quark Drive|[silent]
|
|-weather|SunnyDay|[upkeep]
|upkeep
|
|t:|1779601063
|switch|p2a: Slither Wing|Slither Wing|100/100
|-activate|p2a: Slither Wing|ability: Protosynthesis
|-start|p2a: Slither Wing|protosynthesisatk
|turn|13
|inactive|BoulderJoe has 120 seconds left.
|
|t:|1779601115
|move|p2a: Slither Wing|First Impression|p1a: Lilligant
|-damage|p1a: Lilligant|2/100
|move|p1a: Lilligant|Close Combat|p2a: Slither Wing
|-resisted|p2a: Slither Wing
|-damage|p2a: Slither Wing|60/100
|-unboost|p1a: Lilligant|def|1
|-unboost|p1a: Lilligant|spd|1
|
|-weather|SunnyDay|[upkeep]
|upkeep
|turn|14
|inactive|ArielPukLacra has 120 seconds left.
|
|t:|1779601129
|move|p1a: Lilligant|Solar Blade||[still]
|-prepare|p1a: Lilligant|Solar Blade
|-anim|p1a: Lilligant|Solar Blade|p2a: Slither Wing
|-resisted|p2a: Slither Wing
|-damage|p2a: Slither Wing|19/100
|move|p2a: Slither Wing|Trailblaze|p1a: Lilligant
|-resisted|p1a: Lilligant
|-damage|p1a: Lilligant|0 fnt
|-boost|p2a: Slither Wing|spe|1
|faint|p1a: Lilligant
|
|-weather|SunnyDay|[upkeep]
|upkeep
|
|t:|1779601141
|switch|p1a: Luka Doncic|Venusaur, M|100/100
|turn|15
|
|t:|1779601150
|move|p1a: Luka Doncic|Sludge Bomb|p2a: Slither Wing
|-damage|p2a: Slither Wing|0 fnt
|faint|p2a: Slither Wing
|-end|p2a: Slither Wing|Protosynthesis|[silent]
|-damage|p1a: Luka Doncic|91/100|[from] item: Life Orb
|
|-weather|SunnyDay|[upkeep]
|upkeep
|
|t:|1779601154
|switch|p2a: Regieleki|Regieleki|100/100
|turn|16
|
|t:|1779601161
|move|p1a: Luka Doncic|Earth Power|p2a: Regieleki
|-supereffective|p2a: Regieleki
|-damage|p2a: Regieleki|0 fnt
|faint|p2a: Regieleki
|-damage|p1a: Luka Doncic|81/100|[from] item: Life Orb
|
|win|BoulderJoe
|raw|BoulderJoe's rating: 1217 &rarr; <strong>1238</strong><br />(+21 for winning)
|raw|ArielPukLacra's rating: 1157 &rarr; <strong>1136</strong><br />(-21 for losing)
|l|☆ArielPukLacra
|player|p2|
|l|☆BoulderJoe
|player|p1|
