|j|☆AltPond
|j|☆chechesantos77
|t:|1779689905
|gametype|singles
|player|p1|AltPond|skyla|1049
|player|p2|chechesantos77|101|1099
|gen|9
|tier|[Gen 9] OU
|rated|
|rule|HP Percentage Mod: HP is shown in percentages
|rule|Endless Battle Clause: Forcing endless battles is banned
|rule|Species Clause: Limit one of each Pokémon
|rule|OHKO Clause: OHKO moves are banned
|rule|Evasion Items Clause: Evasion items are banned
|rule|Evasion Moves Clause: Evasion moves are banned
|rule|Evasion Abilities Clause: Evasion abilities are banned
|rule|Sleep Moves Clause: Sleep-inducing moves are banned
|clearpoke
|poke|p1|Kyurem|
|poke|p1|Slowking-Galar, F|
|poke|p1|Great Tusk|
|poke|p1|Alomomola, M|
|poke|p1|Hoopa-Unbound|
|poke|p1|Ogerpon-Wellspring, F|
|poke|p2|Dragonite, F|
|poke|p2|Hydreigon, M|
|poke|p2|Tentacruel, M|
|poke|p2|Sableye, F|
|poke|p2|Dusclops, F|
|poke|p2|Umbreon, M|
|teampreview
|inactive|Battle timer is ON: inactive players will automatically lose when time's up. (requested by AltPond)
|
|t:|1779689919
|teamsize|p1|6
|teamsize|p2|6
|start
|switch|p1a: Alomomola|Alomomola, M|100/100
|switch|p2a: Dusclops|Dusclops, F|100/100
|-ability|p2a: Dusclops|Pressure
|turn|1
|
|t:|1779689933
|move|p1a: Alomomola|Flip Turn|p2a: Dusclops
|-damage|p2a: Dusclops|92/100
|
|t:|1779689939
|switch|p1a: Great Tusk|Great Tusk|100/100|[from] Flip Turn
|move|p2a: Dusclops|Calm Mind|p2a: Dusclops
|-boost|p2a: Dusclops|spa|1
|-boost|p2a: Dusclops|spd|1
|
|upkeep
|turn|2
|
|t:|1779689948
|move|p1a: Great Tusk|Headlong Rush|p2a: Dusclops
|-crit|p2a: Dusclops
|-damage|p2a: Dusclops|46/100
|-unboost|p1a: Great Tusk|def|1
|-unboost|p1a: Great Tusk|spd|1
|move|p2a: Dusclops|Calm Mind|p2a: Dusclops
|-boost|p2a: Dusclops|spa|1
|-boost|p2a: Dusclops|spd|1
|
|upkeep
|turn|3
|
|t:|1779689959
|move|p1a: Great Tusk|Headlong Rush|p2a: Dusclops
|-damage|p2a: Dusclops|14/100
|-unboost|p1a: Great Tusk|def|1
|-unboost|p1a: Great Tusk|spd|1
|move|p2a: Dusclops|Rest|p2a: Dusclops
|-status|p2a: Dusclops|slp|[from] move: Rest
|-heal|p2a: Dusclops|100/100 slp|[silent]
|
|upkeep
|turn|4
|
|t:|1779689969
|-end|p1a: Great Tusk|Protosynthesis|[silent]
|switch|p1a: Hoopa|Hoopa-Unbound|100/100
|cant|p2a: Dusclops|slp
|move|p2a: Dusclops|Sleep Talk|p2a: Dusclops
|move|p2a: Dusclops|Calm Mind|p2a: Dusclops|[from] move: Sleep Talk
|-boost|p2a: Dusclops|spa|1
|-boost|p2a: Dusclops|spd|1
|
|upkeep
|turn|5
|
|t:|1779689979
|move|p1a: Hoopa|Hyperspace Fury|p2a: Dusclops
|-supereffective|p2a: Dusclops
|-damage|p2a: Dusclops|8/100 slp
|-unboost|p1a: Hoopa|def|1
|cant|p2a: Dusclops|slp
|move|p2a: Dusclops|Sleep Talk|p2a: Dusclops
|move|p2a: Dusclops|Rest||[from] move: Sleep Talk|[still]
|-fail|p2a: Dusclops
|
|upkeep
|turn|6
|
|t:|1779689993
|switch|p2a: Umbreon|Umbreon, M|100/100
|move|p1a: Hoopa|Hyperspace Fury|p2a: Umbreon
|-resisted|p2a: Umbreon
|-damage|p2a: Umbreon|69/100
|-unboost|p1a: Hoopa|def|1
|
|-heal|p2a: Umbreon|75/100|[from] item: Leftovers
|upkeep
|turn|7
|
|t:|1779690005
|switch|p1a: Slowking|Slowking-Galar, F|100/100
|move|p2a: Umbreon|Toxic|p1a: Slowking
|-immune|p1a: Slowking
|
|-heal|p2a: Umbreon|81/100|[from] item: Leftovers
|upkeep
|turn|8
|
|t:|1779690015
|move|p2a: Umbreon|Protect|p2a: Umbreon
|-singleturn|p2a: Umbreon|Protect
|-prepare|p1a: Slowking|Chilly Reception|[premajor]
|move|p1a: Slowking|Chilly Reception|p1a: Slowking
|-weather|Snowscape
|
|t:|1779690025
|switch|p1a: Great Tusk|Great Tusk|100/100|[from] Chilly Reception
|
|-weather|Snowscape|[upkeep]
|-heal|p2a: Umbreon|87/100|[from] item: Leftovers
|upkeep
|turn|9
|
|t:|1779690034
|switch|p2a: Sableye|Sableye, F|100/100
|move|p1a: Great Tusk|Close Combat|p2a: Sableye
|-immune|p2a: Sableye
|
|-weather|Snowscape|[upkeep]
|upkeep
|turn|10
|
|t:|1779690050
|-end|p1a: Great Tusk|Protosynthesis|[silent]
|switch|p1a: Slowking|Slowking-Galar, F|100/100
|move|p2a: Sableye|Encore||[still]
|-fail|p2a: Sableye
|
|-weather|Snowscape|[upkeep]
|upkeep
|turn|11
|
|t:|1779690061
|move|p2a: Sableye|Knock Off|p1a: Slowking
|-supereffective|p1a: Slowking
|-damage|p1a: Slowking|43/100
|-enditem|p1a: Slowking|Heavy-Duty Boots|[from] move: Knock Off|[of] p2a: Sableye
|move|p1a: Slowking|Thunder Wave|p2a: Sableye
|-status|p2a: Sableye|par
|
|-weather|Snowscape|[upkeep]
|upkeep
|turn|12
|
|t:|1779690070
|-prepare|p1a: Slowking|Chilly Reception|[premajor]
|move|p1a: Slowking|Chilly Reception|p1a: Slowking
|
|t:|1779690076
|switch|p1a: Alomomola|Alomomola, M|100/100|[from] Chilly Reception
|move|p2a: Sableye|Knock Off|p1a: Alomomola
|-damage|p1a: Alomomola|86/100
|-damage|p2a: Sableye|84/100 par|[from] item: Rocky Helmet|[of] p1a: Alomomola
|-enditem|p1a: Alomomola|Rocky Helmet|[from] move: Knock Off|[of] p2a: Sableye
|
|-weather|none
|-heal|p2a: Sableye|90/100 par|[from] item: Leftovers
|upkeep
|turn|13
|
|t:|1779690089
|switch|p2a: Umbreon|Umbreon, M|87/100
|move|p1a: Alomomola|Flip Turn|p2a: Umbreon
|-damage|p2a: Umbreon|76/100
|inactive|AltPond has 120 seconds left.
|
|t:|1779690124
|switch|p1a: Ogerpon|Ogerpon-Wellspring, F|100/100|[from] Flip Turn
|
|-heal|p2a: Umbreon|82/100|[from] item: Leftovers
|upkeep
|turn|14
|
|t:|1779690131
|move|p1a: Ogerpon|Play Rough|p2a: Umbreon
|-supereffective|p2a: Umbreon
|-damage|p2a: Umbreon|29/100
|move|p2a: Umbreon|Toxic|p1a: Ogerpon
|-status|p1a: Ogerpon|tox
|
|-heal|p2a: Umbreon|35/100|[from] item: Leftovers
|-damage|p1a: Ogerpon|95/100 tox|[from] psn
|upkeep
|turn|15
|
|t:|1779690144
|-terastallize|p2a: Umbreon|Poison
|move|p1a: Ogerpon|Swords Dance|p1a: Ogerpon
|-boost|p1a: Ogerpon|atk|2
|move|p2a: Umbreon|Wish|p2a: Umbreon
|
|-heal|p2a: Umbreon|41/100|[from] item: Leftovers
|-damage|p1a: Ogerpon|83/100 tox|[from] psn
|upkeep
|turn|16
|
|t:|1779690157
|move|p2a: Umbreon|Protect|p2a: Umbreon
|-singleturn|p2a: Umbreon|Protect
|move|p1a: Ogerpon|Swords Dance|p1a: Ogerpon
|-boost|p1a: Ogerpon|atk|2
|
|-heal|p2a: Umbreon|91/100|[from] move: Wish|[wisher] Umbreon
|-heal|p2a: Umbreon|97/100|[from] item: Leftovers
|-damage|p1a: Ogerpon|65/100 tox|[from] psn
|upkeep
|turn|17
|
|t:|1779690169
|move|p1a: Ogerpon|Ivy Cudgel|p2a: Umbreon|[anim] Ivy Cudgel Water
|-damage|p2a: Umbreon|0 fnt
|faint|p2a: Umbreon
|
|-damage|p1a: Ogerpon|41/100 tox|[from] psn
|upkeep
|
|t:|1779690180
|switch|p2a: Dusclops|Dusclops, F|8/100 slp
|-ability|p2a: Dusclops|Pressure
|turn|18
|
|t:|1779690185
|move|p1a: Ogerpon|Horn Leech|p2a: Dusclops
|-damage|p2a: Dusclops|0 fnt
|-heal|p1a: Ogerpon|44/100 tox|[from] drain|[of] p2a: Dusclops
|faint|p2a: Dusclops
|
|-damage|p1a: Ogerpon|14/100 tox|[from] psn
|upkeep
|
|t:|1779690199
|switch|p2a: Dragonite|Dragonite, F|100/100
|turn|19
|
|t:|1779690203
|switch|p1a: Alomomola|Alomomola, M|100/100
|move|p2a: Dragonite|Extreme Speed|p1a: Alomomola
|-damage|p1a: Alomomola|85/100
|
|upkeep
|turn|20
|
|t:|1779690210
|move|p2a: Dragonite|Dragon Dance|p2a: Dragonite
|-boost|p2a: Dragonite|atk|1
|-boost|p2a: Dragonite|spe|1
|move|p1a: Alomomola|Wish|p1a: Alomomola
|
|upkeep
|turn|21
|
|t:|1779690224
|move|p2a: Dragonite|Dragon Dance|p2a: Dragonite
|-boost|p2a: Dragonite|atk|1
|-boost|p2a: Dragonite|spe|1
|move|p1a: Alomomola|Flip Turn|p2a: Dragonite
|-resisted|p2a: Dragonite
|-damage|p2a: Dragonite|96/100
|
|t:|1779690230
|switch|p1a: Ogerpon|Ogerpon-Wellspring, F|14/100 tox|[from] Flip Turn
|
|-heal|p1a: Ogerpon|100/100 tox|[from] move: Wish|[wisher] Alomomola
|-damage|p1a: Ogerpon|95/100 tox|[from] psn
|upkeep
|turn|22
|
|t:|1779690240
|move|p2a: Dragonite|Ice Spinner|p1a: Ogerpon
|-damage|p1a: Ogerpon|21/100 tox
|move|p1a: Ogerpon|Play Rough|p2a: Dragonite
|-supereffective|p2a: Dragonite
|-damage|p2a: Dragonite|17/100
|-enditem|p2a: Dragonite|Weakness Policy
|-boost|p2a: Dragonite|atk|2|[from] item: Weakness Policy
|-boost|p2a: Dragonite|spa|2|[from] item: Weakness Policy
|
|-damage|p1a: Ogerpon|9/100 tox|[from] psn
|upkeep
|turn|23
|
|t:|1779690255
|move|p2a: Dragonite|Extreme Speed|p1a: Ogerpon
|-damage|p1a: Ogerpon|0 fnt
|faint|p1a: Ogerpon
|
|upkeep
|
|t:|1779690266
|switch|p1a: Kyurem|Kyurem|100/100
|-ability|p1a: Kyurem|Pressure
|turn|24
|
|t:|1779690272
|move|p2a: Dragonite|Ice Spinner|p1a: Kyurem
|-damage|p1a: Kyurem|17/100
|move|p1a: Kyurem|Ice Beam|p2a: Dragonite
|-supereffective|p2a: Dragonite
|-damage|p2a: Dragonite|0 fnt
|faint|p2a: Dragonite
|
|upkeep
|
|t:|1779690286
|switch|p2a: Sableye|Sableye, F|90/100 par
|turn|25
|
|t:|1779690293
|switch|p1a: Alomomola|Alomomola, M|100/100
|cant|p2a: Sableye|par
|
|-heal|p2a: Sableye|96/100 par|[from] item: Leftovers
|upkeep
|turn|26
|
|t:|1779690302
|switch|p2a: Tentacruel|Tentacruel, M|100/100
|move|p1a: Alomomola|Wish|p1a: Alomomola
|
|upkeep
|turn|27
|
|t:|1779690309
|move|p2a: Tentacruel|Toxic|p1a: Alomomola
|-status|p1a: Alomomola|tox
|move|p1a: Alomomola|Flip Turn|p2a: Tentacruel
|-resisted|p2a: Tentacruel
|-damage|p2a: Tentacruel|93/100
|
|t:|1779690316
|switch|p1a: Kyurem|Kyurem|17/100|[from] Flip Turn
|-ability|p1a: Kyurem|Pressure
|
|-heal|p1a: Kyurem|85/100|[from] move: Wish|[wisher] Alomomola
|-heal|p2a: Tentacruel|99/100|[from] item: Leftovers
|upkeep
|turn|28
|
|t:|1779690325
|move|p1a: Kyurem|Freeze-Dry|p2a: Tentacruel
|-supereffective|p2a: Tentacruel
|-damage|p2a: Tentacruel|6/100
|move|p2a: Tentacruel|Toxic|p1a: Kyurem
|-status|p1a: Kyurem|tox
|
|-heal|p2a: Tentacruel|12/100|[from] item: Leftovers
|-damage|p1a: Kyurem|79/100 tox|[from] psn
|upkeep
|turn|29
|
|t:|1779690336
|move|p1a: Kyurem|Freeze-Dry|p2a: Tentacruel
|-supereffective|p2a: Tentacruel
|-crit|p2a: Tentacruel
|-damage|p2a: Tentacruel|0 fnt
|faint|p2a: Tentacruel
|
|-damage|p1a: Kyurem|67/100 tox|[from] psn
|upkeep
|
|t:|1779690344
|switch|p2a: Hydreigon|Hydreigon, M|100/100
|turn|30
|
|t:|1779690354
|switch|p1a: Slowking|Slowking-Galar, F|76/100
|move|p2a: Hydreigon|Dragon Pulse|p1a: Slowking
|-damage|p1a: Slowking|51/100
|
|upkeep
|turn|31
|
|t:|1779690362
|switch|p2a: Sableye|Sableye, F|96/100 par
|move|p1a: Slowking|Thunder Wave|p2a: Sableye
|-fail|p2a: Sableye|par
|
|-heal|p2a: Sableye|100/100 par|[from] item: Leftovers
|upkeep
|turn|32
|
|t:|1779690371
|switch|p1a: Alomomola|Alomomola, M|100/100 tox
|move|p2a: Sableye|Knock Off|p1a: Alomomola
|-damage|p1a: Alomomola|90/100 tox
|
|-damage|p1a: Alomomola|84/100 tox|[from] psn
|upkeep
|turn|33
|
|t:|1779690382
|move|p1a: Alomomola|Wish|p1a: Alomomola
|move|p2a: Sableye|Knock Off|p1a: Alomomola
|-damage|p1a: Alomomola|75/100 tox
|
|-damage|p1a: Alomomola|63/100 tox|[from] psn
|upkeep
|turn|34
|
|t:|1779690397
|move|p2a: Sableye|Encore|p1a: Alomomola
|-start|p1a: Alomomola|Encore
|move|p1a: Alomomola|Wish||[still]
|-fail|p1a: Alomomola
|
|-heal|p1a: Alomomola|100/100 tox|[from] move: Wish|[wisher] Alomomola
|-damage|p1a: Alomomola|82/100 tox|[from] psn
|upkeep
|turn|35
|
|t:|1779690408
|move|p1a: Alomomola|Wish|p1a: Alomomola
|move|p2a: Sableye|Knock Off|p1a: Alomomola
|-damage|p1a: Alomomola|73/100 tox
|
|-damage|p1a: Alomomola|48/100 tox|[from] psn
|upkeep
|turn|36
|
|t:|1779690415
|switch|p1a: Great Tusk|Great Tusk|100/100
|move|p2a: Sableye|Knock Off|p1a: Great Tusk
|-resisted|p1a: Great Tusk
|-damage|p1a: Great Tusk|92/100
|-enditem|p1a: Great Tusk|Heavy-Duty Boots|[from] move: Knock Off|[of] p2a: Sableye
|
|-heal|p1a: Great Tusk|100/100|[from] move: Wish|[wisher] Alomomola
|upkeep
|turn|37
|
|t:|1779690426
|cant|p2a: Sableye|par
|move|p1a: Great Tusk|Ice Spinner|p2a: Sableye
|-damage|p2a: Sableye|69/100 par
|
|-heal|p2a: Sableye|75/100 par|[from] item: Leftovers
|upkeep
|turn|38
|
|t:|1779690440
|-end|p1a: Great Tusk|Protosynthesis|[silent]
|switch|p1a: Kyurem|Kyurem|67/100 tox
|-ability|p1a: Kyurem|Pressure
|move|p2a: Sableye|Will-O-Wisp||[still]
|-fail|p2a: Sableye
|
|-heal|p2a: Sableye|81/100 par|[from] item: Leftovers
|-damage|p1a: Kyurem|61/100 tox|[from] psn
|upkeep
|turn|39
|
|t:|1779690451
|move|p1a: Kyurem|Ice Beam|p2a: Sableye
|-damage|p2a: Sableye|7/100 par
|cant|p2a: Sableye|par
|
|-heal|p2a: Sableye|13/100 par|[from] item: Leftovers
|-damage|p1a: Kyurem|49/100 tox|[from] psn
|upkeep
|turn|40
|
|t:|1779690461
|move|p2a: Sableye|Recover|p2a: Sableye
|-heal|p2a: Sableye|63/100 par
|move|p1a: Kyurem|Ice Beam|p2a: Sableye
|-damage|p2a: Sableye|0 fnt
|faint|p2a: Sableye
|
|-damage|p1a: Kyurem|30/100 tox|[from] psn
|upkeep
|
|t:|1779690470
|switch|p2a: Hydreigon|Hydreigon, M|100/100
|turn|41
|
|t:|1779690475
|switch|p1a: Slowking|Slowking-Galar, F|85/100
|move|p2a: Hydreigon|Dragon Pulse|p1a: Slowking
|-damage|p1a: Slowking|60/100
|
|upkeep
|turn|42
|-message|chechesantos77 forfeited.
|
|win|AltPond
|raw|AltPond's rating: 1049 &rarr; <strong>1086</strong><br />(+37 for winning)
|raw|chechesantos77's rating: 1099 &rarr; <strong>1071</strong><br />(-28 for losing)
|l|☆chechesantos77
|player|p2|
