|j|☆bloatcel
|j|‽jsmikelol
|t:|1779713872
|gametype|singles
|player|p1|bloatcel|2|1085
|player|p2|jsmikelol|ninjaboy|1140
|gen|9
|tier|[Gen 9] OU
|rated|
|rule|HP Percentage Mod: HP is shown in percentages
|rule|Endless Battle Clause: Forcing endless battles is banned
|rule|Species Clause: Limit one of each Pokémon
|rule|OHKO Clause: OHKO moves are banned
|rule|Evasion Items Clause: Evasion items are banned
|rule|Evasion Moves Clause: Evasion moves are banned
|rule|Evasion Abilities Clause: Evasion abilities are banned
|rule|Sleep Moves Clause: Sleep-inducing moves are banned
|clearpoke
|poke|p1|Leafeon, M|
|poke|p1|Ninetales, M|
|poke|p1|Great Tusk|
|poke|p1|Venusaur, F|
|poke|p1|Charizard, M|
|poke|p1|Torkoal, F|
|poke|p2|Blaziken, F|
|poke|p2|Iron Boulder|
|poke|p2|Iron Hands|
|poke|p2|Kingambit, M|
|poke|p2|Breloom, F|
|poke|p2|Weavile, F|
|teampreview
|inactive|Battle timer is ON: inactive players will automatically lose when time's up. (requested by jsmikelol)
|
|t:|1779713879
|teamsize|p1|6
|teamsize|p2|6
|start
|switch|p1a: Torkoal|Torkoal, F|100/100
|switch|p2a: Breloom|Breloom, F|100/100
|-weather|SunnyDay|[from] ability: Drought|[of] p1a: Torkoal
|turn|1
|
|t:|1779713895
|move|p2a: Breloom|Bulldoze|p1a: Torkoal
|-supereffective|p1a: Torkoal
|-damage|p1a: Torkoal|52/100
|-unboost|p1a: Torkoal|spe|1
|move|p1a: Torkoal|Lava Plume|p2a: Breloom
|-supereffective|p2a: Breloom
|-damage|p2a: Breloom|0 fnt
|faint|p2a: Breloom
|
|-weather|SunnyDay|[upkeep]
|upkeep
|
|t:|1779713906
|switch|p2a: Weavile|Weavile, F, shiny|100/100
|-ability|p2a: Weavile|Pressure
|turn|2
|
|t:|1779713916
|-terastallize|p2a: Weavile|Fire
|move|p2a: Weavile|Substitute|p2a: Weavile
|-start|p2a: Weavile|Substitute
|-damage|p2a: Weavile|76/100
|move|p1a: Torkoal|Lava Plume|p2a: Weavile
|-resisted|p2a: Weavile
|-activate|p2a: Weavile|move: Substitute|[damage]
|
|-weather|SunnyDay|[upkeep]
|upkeep
|turn|3
|
|t:|1779713925
|move|p2a: Weavile|Swords Dance|p2a: Weavile
|-boost|p2a: Weavile|atk|2
|move|p1a: Torkoal|Stealth Rock|p2a: Weavile
|-sidestart|p2: jsmikelol|move: Stealth Rock
|
|-weather|SunnyDay|[upkeep]
|upkeep
|turn|4
|
|t:|1779713939
|switch|p1a: Great Tusk|Great Tusk|100/100
|-activate|p1a: Great Tusk|ability: Protosynthesis
|-start|p1a: Great Tusk|protosynthesisatk
|move|p2a: Weavile|Swords Dance|p2a: Weavile
|-boost|p2a: Weavile|atk|2
|
|-weather|SunnyDay|[upkeep]
|upkeep
|turn|5
|
|t:|1779713952
|move|p2a: Weavile|Triple Axel|p1a: Great Tusk
|-supereffective|p1a: Great Tusk
|-crit|p1a: Great Tusk
|-damage|p1a: Great Tusk|33/100
|-damage|p2a: Weavile|59/100|[from] item: Rocky Helmet|[of] p1a: Great Tusk
|-supereffective|p1a: Great Tusk
|-damage|p1a: Great Tusk|0 fnt
|-damage|p2a: Weavile|43/100|[from] item: Rocky Helmet|[of] p1a: Great Tusk
|faint|p1a: Great Tusk
|-end|p1a: Great Tusk|Protosynthesis|[silent]
|-hitcount|p1: Great Tusk|2
|
|-weather|SunnyDay|[upkeep]
|upkeep
|
|t:|1779713964
|switch|p1a: Torkoal|Torkoal, F|52/100
|turn|6
|
|t:|1779713970
|move|p2a: Weavile|Triple Axel|p1a: Torkoal
|-resisted|p1a: Torkoal
|-damage|p1a: Torkoal|40/100
|-resisted|p1a: Torkoal
|-damage|p1a: Torkoal|17/100
|-resisted|p1a: Torkoal
|-damage|p1a: Torkoal|0 fnt
|faint|p1a: Torkoal
|-hitcount|p1: Torkoal|3
|
|-weather|SunnyDay|[upkeep]
|upkeep
|
|t:|1779713981
|switch|p1a: Leafeon|Leafeon, M|100/100
|turn|7
|
|t:|1779713997
|move|p1a: Leafeon|Double-Edge|p2a: Weavile
|-end|p2a: Weavile|Substitute
|-damage|p1a: Leafeon|99/100|[from] Recoil|[of] p2a: Weavile
|move|p2a: Weavile|Triple Axel|p1a: Leafeon
|-supereffective|p1a: Leafeon
|-damage|p1a: Leafeon|53/100
|-supereffective|p1a: Leafeon
|-damage|p1a: Leafeon|0 fnt
|faint|p1a: Leafeon
|-hitcount|p1: Leafeon|2
|
|-weather|SunnyDay|[upkeep]
|upkeep
|inactive|bloatcel has 120 seconds left.
|
|t:|1779714018
|switch|p1a: Venusaur|Venusaur, F|100/100
|turn|8
|
|t:|1779714025
|move|p1a: Venusaur|Earth Power|p2a: Weavile
|-supereffective|p2a: Weavile
|-damage|p2a: Weavile|0 fnt
|faint|p2a: Weavile
|-damage|p1a: Venusaur|91/100|[from] item: Life Orb
|
|-weather|none
|upkeep
|
|t:|1779714033
|switch|p2a: Blaziken|Blaziken, F, shiny|100/100
|-damage|p2a: Blaziken|88/100|[from] Stealth Rock
|turn|9
|
|t:|1779714040
|switch|p1a: Ninetales|Ninetales, M|100/100
|-weather|SunnyDay|[from] ability: Drought|[of] p1a: Ninetales
|move|p2a: Blaziken|Blast Burn|p1a: Ninetales
|-resisted|p1a: Ninetales
|-damage|p1a: Ninetales|69/100
|-mustrecharge|p2a: Blaziken
|
|-weather|SunnyDay|[upkeep]
|-ability|p2a: Blaziken|Speed Boost|boost
|-boost|p2a: Blaziken|spe|1
|upkeep
|turn|10
|
|t:|1779714052
|switch|p1a: Charizard|Charizard, M|100/100
|cant|p2a: Blaziken|recharge
|
|-weather|SunnyDay|[upkeep]
|-damage|p1a: Charizard|88/100|[from] ability: Solar Power|[of] p1a: Charizard
|-ability|p2a: Blaziken|Speed Boost|boost
|-boost|p2a: Blaziken|spe|1
|upkeep
|turn|11
|
|t:|1779714061
|move|p2a: Blaziken|Bulk Up|p2a: Blaziken
|-boost|p2a: Blaziken|atk|1
|-boost|p2a: Blaziken|def|1
|move|p1a: Charizard|Hurricane|p2a: Blaziken
|-supereffective|p2a: Blaziken
|-damage|p2a: Blaziken|0 fnt
|faint|p2a: Blaziken
|
|-weather|SunnyDay|[upkeep]
|-damage|p1a: Charizard|76/100|[from] ability: Solar Power|[of] p1a: Charizard
|upkeep
|
|t:|1779714071
|switch|p2a: Iron Hands|Iron Hands, shiny|100/100
|-damage|p2a: Iron Hands|94/100|[from] Stealth Rock
|-enditem|p2a: Iron Hands|Booster Energy
|-activate|p2a: Iron Hands|ability: Quark Drive|[fromitem]
|-start|p2a: Iron Hands|quarkdriveatk
|turn|12
|
|t:|1779714081
|move|p1a: Charizard|Fire Blast|p2a: Iron Hands
|-damage|p2a: Iron Hands|0 fnt
|faint|p2a: Iron Hands
|-end|p2a: Iron Hands|Quark Drive|[silent]
|
|-weather|SunnyDay|[upkeep]
|-damage|p1a: Charizard|63/100|[from] ability: Solar Power|[of] p1a: Charizard
|upkeep
|
|t:|1779714090
|switch|p2a: Iron Boulder|Iron Boulder|100/100
|-damage|p2a: Iron Boulder|88/100|[from] Stealth Rock
|-enditem|p2a: Iron Boulder|Booster Energy
|-activate|p2a: Iron Boulder|ability: Quark Drive|[fromitem]
|-start|p2a: Iron Boulder|quarkdrivespe
|turn|13
|
|t:|1779714104
|move|p2a: Iron Boulder|Mighty Cleave|p1a: Charizard
|-supereffective|p1a: Charizard
|-damage|p1a: Charizard|0 fnt
|faint|p1a: Charizard
|
|-weather|none
|upkeep
|
|t:|1779714115
|switch|p1a: Ninetales|Ninetales, M|69/100
|-weather|SunnyDay|[from] ability: Drought|[of] p1a: Ninetales
|turn|14
|
|t:|1779714139
|move|p2a: Iron Boulder|Mighty Cleave|p1a: Ninetales
|-supereffective|p1a: Ninetales
|-damage|p1a: Ninetales|0 fnt
|faint|p1a: Ninetales
|
|-weather|SunnyDay|[upkeep]
|upkeep
|
|t:|1779714144
|switch|p1a: Venusaur|Venusaur, F|91/100
|turn|15
|
|t:|1779714151
|move|p2a: Iron Boulder|Zen Headbutt|p1a: Venusaur
|-supereffective|p1a: Venusaur
|-damage|p1a: Venusaur|0 fnt
|faint|p1a: Venusaur
|
|win|jsmikelol
|raw|bloatcel's rating: 1085 &rarr; <strong>1066</strong><br />(-19 for losing)
|raw|jsmikelol's rating: 1140 &rarr; <strong>1161</strong><br />(+21 for winning)
|l|☆bloatcel
|player|p1|
