|j|☆pokecutieismyname
|j|☆Regina dei Fiori
|t:|1779616056
|gametype|singles
|player|p1|pokecutieismyname|scientistf|1361
|player|p2|Regina dei Fiori|roxanne-masters|1305
|gen|9
|tier|[Gen 9] OU
|rated|
|rule|HP Percentage Mod: HP is shown in percentages
|rule|Endless Battle Clause: Forcing endless battles is banned
|rule|Species Clause: Limit one of each Pokémon
|rule|OHKO Clause: OHKO moves are banned
|rule|Evasion Items Clause: Evasion items are banned
|rule|Evasion Moves Clause: Evasion moves are banned
|rule|Evasion Abilities Clause: Evasion abilities are banned
|rule|Sleep Moves Clause: Sleep-inducing moves are banned
|clearpoke
|poke|p1|Araquanid, M|
|poke|p1|Iron Treads|
|poke|p1|Samurott-Hisui, M|
|poke|p1|Ogerpon, F|
|poke|p1|Gholdengo|
|poke|p1|Moltres|
|poke|p2|Emboar, M|
|poke|p2|Corviknight, M|
|poke|p2|Toxapex, F|
|poke|p2|Great Tusk|
|poke|p2|Rillaboom, M|
|poke|p2|Dragonite, M|
|teampreview
|
|t:|1779616076
|teamsize|p1|6
|teamsize|p2|6
|start
|switch|p1a: Araquanid|Araquanid, M|100/100
|switch|p2a: Corviknight|Corviknight, M|100/100
|-ability|p2a: Corviknight|Pressure
|turn|1
|
|t:|1779616090
|switch|p1a: Gholdengo|Gholdengo|100/100
|move|p2a: Corviknight|Brave Bird|p1a: Gholdengo
|-resisted|p1a: Gholdengo
|-damage|p1a: Gholdengo|79/100
|-damage|p2a: Corviknight|95/100|[from] Recoil
|
|-heal|p2a: Corviknight|100/100|[from] item: Leftovers
|upkeep
|turn|2
|
|t:|1779616101
|move|p1a: Gholdengo|Shadow Ball|p2a: Corviknight
|-damage|p2a: Corviknight|59/100
|move|p2a: Corviknight|U-turn|p1a: Gholdengo
|-resisted|p1a: Gholdengo
|-damage|p1a: Gholdengo|75/100
|
|t:|1779616108
|switch|p2a: Emboar|Emboar, M|100/100|[from] U-turn
|
|upkeep
|turn|3
|
|t:|1779616114
|switch|p1a: Moltres|Moltres|100/100
|move|p2a: Emboar|Flare Blitz|p1a: Moltres
|-resisted|p1a: Moltres
|-damage|p1a: Moltres|71/100
|-damage|p2a: Emboar|92/100|[from] Recoil
|
|upkeep
|turn|4
|
|t:|1779616123
|-terastallize|p2a: Emboar|Electric
|move|p1a: Moltres|Flamethrower|p2a: Emboar
|-damage|p2a: Emboar|60/100
|move|p2a: Emboar|Wild Charge|p1a: Moltres
|-supereffective|p1a: Moltres
|-damage|p1a: Moltres|0 fnt
|faint|p1a: Moltres
|-damage|p2a: Emboar|45/100|[from] Recoil
|
|upkeep
|
|t:|1779616146
|switch|p1a: Iron Treads|Iron Treads|100/100
|turn|5
|
|t:|1779616152
|switch|p2a: Corviknight|Corviknight, M|59/100
|-ability|p2a: Corviknight|Pressure
|move|p1a: Iron Treads|Earthquake|p2a: Corviknight
|-immune|p2a: Corviknight
|
|-heal|p2a: Corviknight|65/100|[from] item: Leftovers
|upkeep
|turn|6
|
|t:|1779616162
|move|p1a: Iron Treads|Stealth Rock|p2a: Corviknight
|-sidestart|p2: Regina dei Fiori|move: Stealth Rock
|move|p2a: Corviknight|U-turn|p1a: Iron Treads
|-resisted|p1a: Iron Treads
|-damage|p1a: Iron Treads|94/100
|
|t:|1779616171
|switch|p2a: Great Tusk|Great Tusk|100/100|[from] U-turn
|
|upkeep
|turn|7
|
|t:|1779616181
|-end|p1a: Iron Treads|Quark Drive|[silent]
|switch|p1a: Gholdengo|Gholdengo|75/100
|move|p2a: Great Tusk|Earthquake|p1a: Gholdengo
|-supereffective|p1a: Gholdengo
|-damage|p1a: Gholdengo|0 fnt
|faint|p1a: Gholdengo
|
|upkeep
|
|t:|1779616189
|switch|p1a: Araquanid|Araquanid, M|100/100
|turn|8
|
|t:|1779616198
|move|p2a: Great Tusk|Rapid Spin|p1a: Araquanid
|-damage|p1a: Araquanid|89/100
|-boost|p2a: Great Tusk|spe|1
|-sideend|p2: Regina dei Fiori|Stealth Rock|[from] move: Rapid Spin|[of] p2a: Great Tusk
|move|p1a: Araquanid|Liquidation|p2a: Great Tusk
|-supereffective|p2a: Great Tusk
|-damage|p2a: Great Tusk|56/100
|
|upkeep
|turn|9
|
|t:|1779616206
|-end|p2a: Great Tusk|Protosynthesis|[silent]
|switch|p2a: Toxapex|Toxapex, F|100/100
|move|p1a: Araquanid|Liquidation|p2a: Toxapex
|-resisted|p2a: Toxapex
|-damage|p2a: Toxapex|82/100
|
|upkeep
|turn|10
|
|t:|1779616213
|move|p1a: Araquanid|Liquidation|p2a: Toxapex
|-resisted|p2a: Toxapex
|-damage|p2a: Toxapex|64/100
|-unboost|p2a: Toxapex|def|1
|move|p2a: Toxapex|Toxic|p1a: Araquanid
|-status|p1a: Araquanid|tox
|
|-damage|p1a: Araquanid|83/100 tox|[from] psn
|upkeep
|turn|11
|
|t:|1779616223
|move|p1a: Araquanid|Liquidation|p2a: Toxapex
|-resisted|p2a: Toxapex
|-damage|p2a: Toxapex|37/100
|move|p2a: Toxapex|Toxic Spikes|p1a: Araquanid
|-sidestart|p1: pokecutieismyname|move: Toxic Spikes
|
|-damage|p1a: Araquanid|70/100 tox|[from] psn
|upkeep
|turn|12
|
|t:|1779616236
|switch|p2a: Corviknight|Corviknight, M|65/100
|-ability|p2a: Corviknight|Pressure
|-terastallize|p1a: Araquanid|Water
|move|p1a: Araquanid|Liquidation|p2a: Corviknight
|-damage|p2a: Corviknight|32/100
|
|-heal|p2a: Corviknight|38/100|[from] item: Leftovers
|-damage|p1a: Araquanid|52/100 tox|[from] psn
|upkeep
|turn|13
|
|t:|1779616248
|move|p2a: Corviknight|U-turn|p1a: Araquanid
|-damage|p1a: Araquanid|40/100 tox
|
|t:|1779616253
|switch|p2a: Dragonite|Dragonite, M|100/100|[from] U-turn
|move|p1a: Araquanid|Liquidation|p2a: Dragonite
|-resisted|p2a: Dragonite
|-damage|p2a: Dragonite|85/100
|
|-damage|p1a: Araquanid|15/100 tox|[from] psn
|upkeep
|turn|14
|-enditem|p1a: Araquanid|Custap Berry|[eat]
|-activate|p1a: Araquanid|item: Custap Berry|[consumed]
|
|t:|1779616265
|move|p1a: Araquanid|Endeavor|p2a: Dragonite
|-damage|p2a: Dragonite|16/100
|move|p2a: Dragonite|Dragon Dance|p2a: Dragonite
|-boost|p2a: Dragonite|atk|1
|-boost|p2a: Dragonite|spe|1
|
|-damage|p1a: Araquanid|0 fnt|[from] psn
|faint|p1a: Araquanid
|upkeep
|
|t:|1779616276
|switch|p1a: Samurott|Samurott-Hisui, M|100/100
|-status|p1a: Samurott|psn
|turn|15
|
|t:|1779616283
|move|p1a: Samurott|Sucker Punch||[still]
|-fail|p1a: Samurott
|move|p2a: Dragonite|Roost|p2a: Dragonite
|-heal|p2a: Dragonite|66/100
|-singleturn|p2a: Dragonite|move: Roost
|
|-damage|p1a: Samurott|88/100 psn|[from] psn
|upkeep
|turn|16
|
|t:|1779616292
|move|p2a: Dragonite|Extreme Speed|p1a: Samurott
|-damage|p1a: Samurott|23/100 psn
|move|p1a: Samurott|Ceaseless Edge|p2a: Dragonite
|-damage|p2a: Dragonite|12/100
|-sidestart|p2: Regina dei Fiori|Spikes
|
|-damage|p1a: Samurott|10/100 psn|[from] psn
|upkeep
|turn|17
|
|t:|1779616302
|switch|p1a: Iron Treads|Iron Treads|94/100
|move|p2a: Dragonite|Extreme Speed|p1a: Iron Treads
|-resisted|p1a: Iron Treads
|-damage|p1a: Iron Treads|76/100
|
|upkeep
|turn|18
|
|t:|1779616310
|move|p2a: Dragonite|Earthquake|p1a: Iron Treads
|-supereffective|p1a: Iron Treads
|-damage|p1a: Iron Treads|0 fnt
|faint|p1a: Iron Treads
|-end|p1a: Iron Treads|Quark Drive|[silent]
|
|upkeep
|
|t:|1779616316
|switch|p1a: Ogerpon|Ogerpon, F|100/100
|-status|p1a: Ogerpon|psn
|turn|19
|
|t:|1779616322
|move|p2a: Dragonite|Extreme Speed|p1a: Ogerpon
|-damage|p1a: Ogerpon|35/100 psn
|move|p1a: Ogerpon|Play Rough|p2a: Dragonite
|-supereffective|p2a: Dragonite
|-damage|p2a: Dragonite|0 fnt
|faint|p2a: Dragonite
|
|-damage|p1a: Ogerpon|23/100 psn|[from] psn
|upkeep
|
|t:|1779616328
|switch|p2a: Corviknight|Corviknight, M|38/100
|-ability|p2a: Corviknight|Pressure
|turn|20
|-message|pokecutieismyname forfeited.
|
|win|Regina dei Fiori
|raw|pokecutieismyname's rating: 1361 &rarr; <strong>1338</strong><br />(-23 for losing)
|raw|Regina dei Fiori's rating: 1305 &rarr; <strong>1328</strong><br />(+23 for winning)
|l|☆pokecutieismyname
|player|p1|
|l|☆Regina dei Fiori
|player|p2|
