|j|☆superstar
|j|☆kshuaib734
|t:|1779649788
|gametype|singles
|player|p1|superstar|169|1676
|player|p2|kshuaib734|steven|1744
|gen|9
|tier|[Gen 9] OU
|rated|
|rule|HP Percentage Mod: HP is shown in percentages
|rule|Endless Battle Clause: Forcing endless battles is banned
|rule|Species Clause: Limit one of each Pokémon
|rule|OHKO Clause: OHKO moves are banned
|rule|Evasion Items Clause: Evasion items are banned
|rule|Evasion Moves Clause: Evasion moves are banned
|rule|Evasion Abilities Clause: Evasion abilities are banned
|rule|Sleep Moves Clause: Sleep-inducing moves are banned
|clearpoke
|poke|p1|Araquanid, M|
|poke|p1|Pecharunt|
|poke|p1|Gholdengo|
|poke|p1|Ogerpon-Wellspring, F|
|poke|p1|Raging Bolt|
|poke|p1|Kingambit, M|
|poke|p2|Tyranitar, M|
|poke|p2|Zapdos|
|poke|p2|Pelipper, F|
|poke|p2|Quaquaval, F|
|poke|p2|Kingdra, F|
|poke|p2|Excadrill, M|
|teampreview
|inactive|Battle timer is ON: inactive players will automatically lose when time's up. (requested by kshuaib734)
|inactive|superstar has 120 seconds left.
|
|t:|1779649835
|teamsize|p1|6
|teamsize|p2|6
|start
|switch|p1a: Araquanid|Araquanid, M|100/100
|switch|p2a: King Tyrant|Tyranitar, M|100/100
|-weather|Sandstorm|[from] ability: Sand Stream|[of] p2a: King Tyrant
|turn|1
|
|t:|1779649846
|move|p2a: King Tyrant|Stealth Rock|p1a: Araquanid
|-sidestart|p1: superstar|move: Stealth Rock
|move|p1a: Araquanid|Sticky Web|p2a: King Tyrant
|-sidestart|p2: kshuaib734|move: Sticky Web
|
|-weather|Sandstorm|[upkeep]
|-damage|p1a: Araquanid|94/100|[from] Sandstorm
|upkeep
|turn|2
|
|t:|1779649867
|move|p2a: King Tyrant|Knock Off|p1a: Araquanid
|-damage|p1a: Araquanid|53/100
|-enditem|p1a: Araquanid|Custap Berry|[from] move: Knock Off|[of] p2a: King Tyrant
|move|p1a: Araquanid|Surf|p2a: King Tyrant
|-supereffective|p2a: King Tyrant
|-damage|p2a: King Tyrant|41/100
|-enditem|p2a: King Tyrant|Weakness Policy
|-boost|p2a: King Tyrant|atk|2|[from] item: Weakness Policy
|-boost|p2a: King Tyrant|spa|2|[from] item: Weakness Policy
|
|-weather|Sandstorm|[upkeep]
|-damage|p1a: Araquanid|47/100|[from] Sandstorm
|upkeep
|turn|3
|
|t:|1779649877
|move|p2a: King Tyrant|Thunderbolt|p1a: Araquanid
|-supereffective|p1a: Araquanid
|-damage|p1a: Araquanid|0 fnt
|faint|p1a: Araquanid
|
|-weather|Sandstorm|[upkeep]
|upkeep
|
|t:|1779649890
|switch|p1a: Ogerpon|Ogerpon-Wellspring, F|100/100
|-damage|p1a: Ogerpon|88/100|[from] Stealth Rock
|turn|4
|
|t:|1779649904
|move|p1a: Ogerpon|Ivy Cudgel|p2a: King Tyrant|[anim] Ivy Cudgel Water
|-supereffective|p2a: King Tyrant
|-crit|p2a: King Tyrant
|-damage|p2a: King Tyrant|0 fnt
|faint|p2a: King Tyrant
|
|-weather|Sandstorm|[upkeep]
|-damage|p1a: Ogerpon|82/100|[from] Sandstorm
|upkeep
|
|t:|1779649911
|switch|p2a: Tyrant's Legacy|Excadrill, M|100/100
|-activate|p2a: Tyrant's Legacy|move: Sticky Web
|-unboost|p2a: Tyrant's Legacy|spe|1
|turn|5
|
|t:|1779649933
|move|p2a: Tyrant's Legacy|Iron Head|p1a: Ogerpon
|-resisted|p1a: Ogerpon
|-damage|p1a: Ogerpon|41/100
|-damage|p2a: Tyrant's Legacy|91/100|[from] item: Life Orb
|move|p1a: Ogerpon|Ivy Cudgel|p2a: Tyrant's Legacy|[anim] Ivy Cudgel Water
|-supereffective|p2a: Tyrant's Legacy
|-damage|p2a: Tyrant's Legacy|0 fnt
|faint|p2a: Tyrant's Legacy
|
|-weather|none
|upkeep
|
|t:|1779649944
|switch|p2a: Tyrant's Downpour|Pelipper, F|100/100
|-weather|RainDance|[from] ability: Drizzle|[of] p2a: Tyrant's Downpour
|turn|6
|
|t:|1779649949
|switch|p1a: Raging Bolt|Raging Bolt|100/100
|-damage|p1a: Raging Bolt|88/100|[from] Stealth Rock
|-enditem|p1a: Raging Bolt|Booster Energy
|-activate|p1a: Raging Bolt|ability: Protosynthesis|[fromitem]
|-start|p1a: Raging Bolt|protosynthesisspa
|move|p2a: Tyrant's Downpour|U-turn|p1a: Raging Bolt
|-damage|p1a: Raging Bolt|80/100
|j| broflopieopp
|
|t:|1779649968
|switch|p2a: Tyrant's Enforcer|Zapdos|100/100|[from] U-turn
|
|-weather|RainDance|[upkeep]
|upkeep
|turn|7
|j| FranzLisztTesting
|l| FranzLisztTesting
|
|t:|1779649986
|move|p2a: Tyrant's Enforcer|Hurricane|p1a: Raging Bolt
|-resisted|p1a: Raging Bolt
|-damage|p1a: Raging Bolt|54/100
|move|p1a: Raging Bolt|Thunderbolt|p2a: Tyrant's Enforcer
|-damage|p2a: Tyrant's Enforcer|23/100
|
|-weather|RainDance|[upkeep]
|upkeep
|turn|8
|
|t:|1779649994
|move|p1a: Raging Bolt|Thunderclap|p2a: Tyrant's Enforcer
|-crit|p2a: Tyrant's Enforcer
|-damage|p2a: Tyrant's Enforcer|0 fnt
|faint|p2a: Tyrant's Enforcer
|
|-weather|RainDance|[upkeep]
|upkeep
|
|t:|1779649999
|switch|p2a: Tyrant's Vengeance|Kingdra, F|100/100
|-activate|p2a: Tyrant's Vengeance|move: Sticky Web
|-unboost|p2a: Tyrant's Vengeance|spe|1
|turn|9
|
|t:|1779650017
|move|p1a: Raging Bolt|Thunderclap|p2a: Tyrant's Vengeance
|-damage|p2a: Tyrant's Vengeance|37/100
|move|p2a: Tyrant's Vengeance|Weather Ball|p1a: Raging Bolt
|-resisted|p1a: Raging Bolt
|-damage|p1a: Raging Bolt|6/100
|
|-weather|RainDance|[upkeep]
|upkeep
|turn|10
|
|t:|1779650024
|move|p2a: Tyrant's Vengeance|Weather Ball|p1a: Raging Bolt
|-resisted|p1a: Raging Bolt
|-damage|p1a: Raging Bolt|0 fnt
|faint|p1a: Raging Bolt
|-end|p1a: Raging Bolt|Protosynthesis|[silent]
|
|-weather|RainDance|[upkeep]
|upkeep
|
|t:|1779650037
|switch|p1a: Ogerpon|Ogerpon-Wellspring, F|41/100
|-damage|p1a: Ogerpon|28/100|[from] Stealth Rock
|turn|11
|
|t:|1779650045
|move|p2a: Tyrant's Vengeance|Weather Ball|p1a: Ogerpon
|-heal|p1a: Ogerpon|53/100|[from] ability: Water Absorb|[of] p2a: Tyrant's Vengeance
|move|p1a: Ogerpon|Horn Leech|p2a: Tyrant's Vengeance
|-damage|p2a: Tyrant's Vengeance|0 fnt
|-heal|p1a: Ogerpon|71/100|[from] drain|[of] p2a: Tyrant's Vengeance
|faint|p2a: Tyrant's Vengeance
|
|-weather|RainDance|[upkeep]
|upkeep
|
|t:|1779650054
|switch|p2a: Tyrant's Downpour|Pelipper, F|100/100
|turn|12
|
|t:|1779650060
|switch|p1a: Gholdengo|Gholdengo|100/100
|-damage|p1a: Gholdengo|94/100|[from] Stealth Rock
|-item|p1a: Gholdengo|Air Balloon
|move|p2a: Tyrant's Downpour|Hurricane|p1a: Gholdengo
|-resisted|p1a: Gholdengo
|-damage|p1a: Gholdengo|72/100
|-enditem|p1a: Gholdengo|Air Balloon
|
|-weather|RainDance|[upkeep]
|upkeep
|turn|13
|
|t:|1779650070
|move|p1a: Gholdengo|Shadow Ball|p2a: Tyrant's Downpour
|-crit|p2a: Tyrant's Downpour
|-damage|p2a: Tyrant's Downpour|6/100
|move|p2a: Tyrant's Downpour|U-turn|p1a: Gholdengo
|-resisted|p1a: Gholdengo
|-damage|p1a: Gholdengo|69/100
|
|t:|1779650076
|switch|p2a: Tyrant's Endgame|Quaquaval, F|100/100|[from] U-turn
|-activate|p2a: Tyrant's Endgame|move: Sticky Web
|-unboost|p2a: Tyrant's Endgame|spe|1
|
|-weather|none
|upkeep
|turn|14
|j| Aitana y Zoilo
|
|t:|1779650099
|move|p1a: Gholdengo|Shadow Ball|p2a: Tyrant's Endgame
|-damage|p2a: Tyrant's Endgame|42/100
|move|p2a: Tyrant's Endgame|Aqua Step|p1a: Gholdengo
|-damage|p1a: Gholdengo|12/100
|-boost|p2a: Tyrant's Endgame|spe|1
|
|upkeep
|turn|15
|
|t:|1779650108
|move|p1a: Gholdengo|Shadow Ball|p2a: Tyrant's Endgame
|-damage|p2a: Tyrant's Endgame|0 fnt
|faint|p2a: Tyrant's Endgame
|
|upkeep
|-message|kshuaib734 forfeited.
|
|win|superstar
|raw|superstar's rating: 1676 &rarr; <strong>1700</strong><br />(+24 for winning)
|raw|kshuaib734's rating: 1744 &rarr; <strong>1720</strong><br />(-24 for losing)
|l|☆kshuaib734
|player|p2|
|l|☆superstar
|player|p1|
|l| broflopieopp
