|j|☆hobamna
|j|☆Uranium233
|t:|1779644223
|gametype|singles
|player|p1|hobamna|bugcatcher-gen4dp|1487
|player|p2|Uranium233|morty-masters|1515
|gen|9
|tier|[Gen 9] OU
|rated|
|rule|HP Percentage Mod: HP is shown in percentages
|rule|Endless Battle Clause: Forcing endless battles is banned
|rule|Species Clause: Limit one of each Pokémon
|rule|OHKO Clause: OHKO moves are banned
|rule|Evasion Items Clause: Evasion items are banned
|rule|Evasion Moves Clause: Evasion moves are banned
|rule|Evasion Abilities Clause: Evasion abilities are banned
|rule|Sleep Moves Clause: Sleep-inducing moves are banned
|clearpoke
|poke|p1|Iron Boulder|
|poke|p1|Gengar, F|
|poke|p1|Samurott-Hisui, F|
|poke|p1|Ninetales-Alola, M|
|poke|p1|Rillaboom, M|
|poke|p1|Hatterene, F|
|poke|p2|Dragonite, F|
|poke|p2|Great Tusk|
|poke|p2|Deoxys-Speed|
|poke|p2|Gholdengo|
|poke|p2|Zamazenta-*|
|poke|p2|Iron Valiant|
|teampreview
|
|t:|1779644249
|teamsize|p1|6
|teamsize|p2|6
|start
|switch|p1a: Samurott|Samurott-Hisui, F|100/100
|switch|p2a: Deoxys|Deoxys-Speed|100/100
|-ability|p2a: Deoxys|Pressure
|turn|1
|
|t:|1779644258
|move|p2a: Deoxys|Skill Swap|p1a: Samurott
|-activate|p2a: Deoxys|Skill Swap|Sharpness|Pressure|[of] p1a: Samurott
|-ability|p1a: Samurott|Pressure
|move|p1a: Samurott|Ceaseless Edge|p2a: Deoxys
|-supereffective|p2a: Deoxys
|-damage|p2a: Deoxys|33/100
|-sidestart|p2: Uranium233|Spikes
|
|upkeep
|turn|2
|
|t:|1779644277
|move|p2a: Deoxys|Skill Swap|p1a: Samurott
|-activate|p2a: Deoxys|Skill Swap|Pressure|Sharpness|[of] p1a: Samurott
|-ability|p2a: Deoxys|Pressure
|move|p1a: Samurott|Ceaseless Edge|p2a: Deoxys
|-supereffective|p2a: Deoxys
|-damage|p2a: Deoxys|0 fnt
|-sidestart|p2: Uranium233|Spikes
|faint|p2a: Deoxys
|
|upkeep
|
|t:|1779644288
|switch|p2a: Zamazenta|Zamazenta|100/100
|-damage|p2a: Zamazenta|84/100|[from] Spikes
|-ability|p2a: Zamazenta|Dauntless Shield|boost
|-boost|p2a: Zamazenta|def|1
|turn|3
|
|t:|1779644295
|switch|p1a: Gengar|Gengar, F|100/100
|move|p2a: Zamazenta|Close Combat|p1a: Gengar
|-immune|p1a: Gengar
|
|upkeep
|turn|4
|
|t:|1779644327
|move|p2a: Zamazenta|Heavy Slam|p1a: Gengar
|-damage|p1a: Gengar|0 fnt
|faint|p1a: Gengar
|-damage|p2a: Zamazenta|74/100|[from] item: Life Orb
|
|upkeep
|
|t:|1779644351
|switch|p1a: Rillaboom|Rillaboom, M|100/100
|-fieldstart|move: Grassy Terrain|[from] ability: Grassy Surge|[of] p1a: Rillaboom
|turn|5
|
|t:|1779644369
|move|p2a: Zamazenta|Ice Fang|p1a: Rillaboom
|-supereffective|p1a: Rillaboom
|-damage|p1a: Rillaboom|39/100
|-damage|p2a: Zamazenta|64/100|[from] item: Life Orb
|move|p1a: Rillaboom|Wood Hammer|p2a: Zamazenta
|-damage|p2a: Zamazenta|0 fnt
|faint|p2a: Zamazenta
|-damage|p1a: Rillaboom|19/100|[from] Recoil
|
|-heal|p1a: Rillaboom|25/100|[from] Grassy Terrain
|upkeep
|
|t:|1779644394
|switch|p2a: Iron Valiant|Iron Valiant|100/100
|-damage|p2a: Iron Valiant|84/100|[from] Spikes
|-enditem|p2a: Iron Valiant|Booster Energy
|-activate|p2a: Iron Valiant|ability: Quark Drive|[fromitem]
|-start|p2a: Iron Valiant|quarkdrivespe
|turn|6
|
|t:|1779644413
|switch|p1a: Samurott|Samurott-Hisui, F|100/100
|move|p2a: Iron Valiant|Moonblast|p1a: Samurott
|-supereffective|p1a: Samurott
|-enditem|p1a: Samurott|Focus Sash
|-damage|p1a: Samurott|1/100
|
|-heal|p2a: Iron Valiant|90/100|[from] Grassy Terrain
|-heal|p1a: Samurott|7/100|[from] Grassy Terrain
|upkeep
|turn|7
|
|t:|1779644423
|move|p2a: Iron Valiant|Moonblast|p1a: Samurott
|-supereffective|p1a: Samurott
|-damage|p1a: Samurott|0 fnt
|faint|p1a: Samurott
|
|-heal|p2a: Iron Valiant|96/100|[from] Grassy Terrain
|upkeep
|
|t:|1779644431
|switch|p1a: Ninetales|Ninetales-Alola, M|100/100
|-weather|Snowscape|[from] ability: Snow Warning|[of] p1a: Ninetales
|turn|8
|
|t:|1779644437
|move|p2a: Iron Valiant|Taunt|p1a: Ninetales
|-start|p1a: Ninetales|move: Taunt
|cant|p1a: Ninetales|move: Taunt|Aurora Veil
|
|-weather|Snowscape|[upkeep]
|-heal|p2a: Iron Valiant|100/100|[from] Grassy Terrain
|upkeep
|turn|9
|
|t:|1779644453
|switch|p1a: Iron fraud?|Iron Boulder|100/100
|-enditem|p1a: Iron fraud?|Booster Energy
|-activate|p1a: Iron fraud?|ability: Quark Drive|[fromitem]
|-start|p1a: Iron fraud?|quarkdrivespe
|move|p2a: Iron Valiant|Destiny Bond|p2a: Iron Valiant
|-singlemove|p2a: Iron Valiant|Destiny Bond
|
|-weather|Snowscape|[upkeep]
|-fieldend|move: Grassy Terrain
|upkeep
|turn|10
|
|t:|1779644474
|move|p1a: Iron fraud?|Swords Dance|p1a: Iron fraud?
|-boost|p1a: Iron fraud?|atk|2
|move|p2a: Iron Valiant|Knock Off|p1a: Iron fraud?
|-supereffective|p1a: Iron fraud?
|-crit|p1a: Iron fraud?
|-damage|p1a: Iron fraud?|29/100
|
|-weather|Snowscape|[upkeep]
|upkeep
|turn|11
|
|t:|1779644494
|move|p1a: Iron fraud?|Zen Headbutt|p2a: Iron Valiant
|-supereffective|p2a: Iron Valiant
|-damage|p2a: Iron Valiant|0 fnt
|faint|p2a: Iron Valiant
|-end|p2a: Iron Valiant|Quark Drive|[silent]
|
|-weather|Snowscape|[upkeep]
|upkeep
|inactive|Battle timer is ON: inactive players will automatically lose when time's up. (requested by hobamna)
|
|t:|1779644537
|switch|p2a: Gholdengo|Gholdengo|100/100
|-damage|p2a: Gholdengo|84/100|[from] Spikes
|turn|12
|
|t:|1779644548
|move|p1a: Iron fraud?|Earthquake|p2a: Gholdengo
|-supereffective|p2a: Gholdengo
|-damage|p2a: Gholdengo|0 fnt
|faint|p2a: Gholdengo
|
|-weather|none
|upkeep
|
|t:|1779644562
|switch|p2a: Great Tusk|Great Tusk|100/100
|-damage|p2a: Great Tusk|84/100|[from] Spikes
|-enditem|p2a: Great Tusk|Booster Energy
|-activate|p2a: Great Tusk|ability: Protosynthesis|[fromitem]
|-start|p2a: Great Tusk|protosynthesisspe
|turn|13
|
|t:|1779644575
|move|p1a: Iron fraud?|Zen Headbutt|p2a: Great Tusk
|-supereffective|p2a: Great Tusk
|-damage|p2a: Great Tusk|0 fnt
|faint|p2a: Great Tusk
|-end|p2a: Great Tusk|Protosynthesis|[silent]
|
|upkeep
|
|t:|1779644583
|switch|p2a: Dragonite|Dragonite, F|100/100
|turn|14
|
|t:|1779644596
|-terastallize|p2a: Dragonite|Fire
|move|p2a: Dragonite|Extreme Speed|p1a: Iron fraud?
|-resisted|p1a: Iron fraud?
|-damage|p1a: Iron fraud?|4/100
|-damage|p2a: Dragonite|91/100|[from] item: Life Orb
|move|p1a: Iron fraud?|Mighty Cleave|p2a: Dragonite
|-supereffective|p2a: Dragonite
|-damage|p2a: Dragonite|0 fnt
|faint|p2a: Dragonite
|
|win|hobamna
|raw|hobamna's rating: 1487 &rarr; <strong>1509</strong><br />(+22 for winning)
|raw|Uranium233's rating: 1515 &rarr; <strong>1493</strong><br />(-22 for losing)
|l|☆Uranium233
|player|p2|
