|j|☆rockeater9000
|j|☆dnites
|t:|1779577837
|gametype|singles
|player|p1|rockeater9000|102|1587
|player|p2|dnites|169|1568
|gen|9
|tier|[Gen 9] OU
|rated|
|rule|HP Percentage Mod: HP is shown in percentages
|rule|Endless Battle Clause: Forcing endless battles is banned
|rule|Species Clause: Limit one of each Pokémon
|rule|OHKO Clause: OHKO moves are banned
|rule|Evasion Items Clause: Evasion items are banned
|rule|Evasion Moves Clause: Evasion moves are banned
|rule|Evasion Abilities Clause: Evasion abilities are banned
|rule|Sleep Moves Clause: Sleep-inducing moves are banned
|clearpoke
|poke|p1|Hydrapple, M|
|poke|p1|Clodsire, M|
|poke|p1|Bronzong|
|poke|p1|Regieleki|
|poke|p1|Pecharunt|
|poke|p1|Walking Wake|
|poke|p2|Latias, F|
|poke|p2|Kingambit, F|
|poke|p2|Sinistcha|
|poke|p2|Rillaboom, F|
|poke|p2|Hawlucha, M|
|poke|p2|Toxapex, M|
|teampreview
|inactive|Battle timer is ON: inactive players will automatically lose when time's up. (requested by rockeater9000)
|j| moritomdb
|
|t:|1779577852
|teamsize|p1|6
|teamsize|p2|6
|start
|switch|p1a: Regieleki|Regieleki|100/100
|switch|p2a: Rillaboom|Rillaboom, F|100/100
|-fieldstart|move: Grassy Terrain|[from] ability: Grassy Surge|[of] p2a: Rillaboom
|turn|1
|
|t:|1779577855
|move|p1a: Regieleki|Volt Switch|p2a: Rillaboom
|-resisted|p2a: Rillaboom
|-crit|p2a: Rillaboom
|-damage|p2a: Rillaboom|69/100
|
|t:|1779577859
|switch|p1a: Hydrapple|Hydrapple, M|100/100|[from] Volt Switch
|move|p2a: Rillaboom|U-turn|p1a: Hydrapple
|-supereffective|p1a: Hydrapple
|-damage|p1a: Hydrapple|79/100
|-damage|p2a: Rillaboom|52/100|[from] item: Rocky Helmet|[of] p1a: Hydrapple
|
|t:|1779577878
|switch|p2a: Toxapex|Toxapex, M|100/100|[from] U-turn
|
|-heal|p1a: Hydrapple|85/100|[from] Grassy Terrain
|upkeep
|turn|2
|
|t:|1779577885
|switch|p1a: Clodsire|Clodsire, M|100/100
|move|p2a: Toxapex|Infestation|p1a: Clodsire
|-resisted|p1a: Clodsire
|-damage|p1a: Clodsire|99/100
|-activate|p1a: Clodsire|move: Infestation|[of] p2a: Toxapex
|
|-heal|p1a: Clodsire|100/100|[from] Grassy Terrain
|-damage|p1a: Clodsire|88/100|[from] move: Infestation|[partiallytrapped]
|upkeep
|turn|3
|
|t:|1779577891
|move|p2a: Toxapex|Acid Spray|p1a: Clodsire
|-resisted|p1a: Clodsire
|-damage|p1a: Clodsire|86/100
|-unboost|p1a: Clodsire|spd|2
|move|p1a: Clodsire|Spikes|p2a: Toxapex
|-sidestart|p2: dnites|Spikes
|
|-heal|p1a: Clodsire|92/100|[from] Grassy Terrain
|-heal|p1a: Clodsire|99/100|[from] item: Leftovers
|-damage|p1a: Clodsire|86/100|[from] move: Infestation|[partiallytrapped]
|upkeep
|turn|4
|
|t:|1779577895
|move|p2a: Toxapex|Acid Spray|p1a: Clodsire
|-resisted|p1a: Clodsire
|-damage|p1a: Clodsire|82/100
|-unboost|p1a: Clodsire|spd|2
|move|p1a: Clodsire|Earthquake|p2a: Toxapex
|-supereffective|p2a: Toxapex
|-damage|p2a: Toxapex|80/100
|
|-heal|p2a: Toxapex|86/100|[from] Grassy Terrain
|-heal|p1a: Clodsire|89/100|[from] Grassy Terrain
|-heal|p1a: Clodsire|95/100|[from] item: Leftovers
|-damage|p1a: Clodsire|82/100|[from] move: Infestation|[partiallytrapped]
|upkeep
|turn|5
|
|t:|1779577910
|move|p2a: Toxapex|Ice Beam|p1a: Clodsire
|-supereffective|p1a: Clodsire
|-damage|p1a: Clodsire|17/100
|move|p1a: Clodsire|Earthquake|p2a: Toxapex
|-supereffective|p2a: Toxapex
|-damage|p2a: Toxapex|62/100
|
|-heal|p2a: Toxapex|67/100|[from] Grassy Terrain
|-heal|p1a: Clodsire|24/100|[from] Grassy Terrain
|-heal|p1a: Clodsire|30/100|[from] item: Leftovers
|-damage|p1a: Clodsire|17/100|[from] move: Infestation|[partiallytrapped]
|upkeep
|turn|6
|inactive|rockeater9000 has 120 seconds left.
|
|t:|1779577941
|move|p2a: Toxapex|Ice Beam|p1a: Clodsire
|-supereffective|p1a: Clodsire
|-damage|p1a: Clodsire|0 fnt
|faint|p1a: Clodsire
|
|-heal|p2a: Toxapex|73/100|[from] Grassy Terrain
|upkeep
|
|t:|1779577943
|switch|p1a: Regieleki|Regieleki|100/100
|turn|7
|
|t:|1779577957
|-terastallize|p2a: Toxapex|Ground
|move|p1a: Regieleki|Thunderbolt|p2a: Toxapex
|-immune|p2a: Toxapex
|move|p2a: Toxapex|Infestation|p1a: Regieleki
|-damage|p1a: Regieleki|92/100
|-activate|p1a: Regieleki|move: Infestation|[of] p2a: Toxapex
|
|-heal|p1a: Regieleki|98/100|[from] Grassy Terrain
|-heal|p2a: Toxapex|79/100|[from] Grassy Terrain
|-damage|p1a: Regieleki|86/100|[from] move: Infestation|[partiallytrapped]
|upkeep
|turn|8
|
|t:|1779577964
|move|p1a: Regieleki|Swift|p2a: Toxapex
|-damage|p2a: Toxapex|69/100
|move|p2a: Toxapex|Surf|p1a: Regieleki
|-damage|p1a: Regieleki|29/100
|
|-heal|p1a: Regieleki|35/100|[from] Grassy Terrain
|-heal|p2a: Toxapex|75/100|[from] Grassy Terrain
|-damage|p1a: Regieleki|22/100|[from] move: Infestation|[partiallytrapped]
|-fieldend|move: Grassy Terrain
|upkeep
|turn|9
|
|t:|1779577972
|move|p1a: Regieleki|Swift|p2a: Toxapex
|-damage|p2a: Toxapex|66/100
|move|p2a: Toxapex|Surf|p1a: Regieleki
|-damage|p1a: Regieleki|0 fnt
|faint|p1a: Regieleki
|
|upkeep
|
|t:|1779577974
|switch|p1a: Walking Wake|Walking Wake|100/100
|turn|10
|
|t:|1779577979
|switch|p2a: Rillaboom|Rillaboom, F|52/100
|-damage|p2a: Rillaboom|40/100|[from] Spikes
|-fieldstart|move: Grassy Terrain|[from] ability: Grassy Surge|[of] p2a: Rillaboom
|move|p1a: Walking Wake|Surf|p2a: Rillaboom
|-resisted|p2a: Rillaboom
|-damage|p2a: Rillaboom|13/100
|
|-heal|p2a: Rillaboom|19/100|[from] Grassy Terrain
|upkeep
|turn|11
|
|t:|1779577983
|-end|p1a: Walking Wake|Protosynthesis|[silent]
|switch|p1a: Hydrapple|Hydrapple, M|100/100
|move|p2a: Rillaboom|Grassy Glide|p1a: Hydrapple
|-resisted|p1a: Hydrapple
|-crit|p1a: Hydrapple
|-damage|p1a: Hydrapple|94/100
|-damage|p2a: Rillaboom|2/100|[from] item: Rocky Helmet|[of] p1a: Hydrapple
|
|-heal|p2a: Rillaboom|9/100|[from] Grassy Terrain
|-heal|p1a: Hydrapple|99/100|[from] Grassy Terrain
|upkeep
|turn|12
|
|t:|1779577988
|move|p2a: Rillaboom|Knock Off|p1a: Hydrapple
|-damage|p1a: Hydrapple|85/100
|-damage|p2a: Rillaboom|0 fnt|[from] item: Rocky Helmet|[of] p1a: Hydrapple
|faint|p2a: Rillaboom
|move|p1a: Hydrapple|Nasty Plot|p1a: Hydrapple
|-boost|p1a: Hydrapple|spa|2
|
|-heal|p1a: Hydrapple|91/100|[from] Grassy Terrain
|upkeep
|l| moritomdb
|
|t:|1779577991
|switch|p2a: Hawlucha|Hawlucha, M|100/100
|-enditem|p2a: Hawlucha|Grassy Seed
|-boost|p2a: Hawlucha|def|1|[from] item: Grassy Seed
|turn|13
|
|t:|1779577997
|switch|p1a: Pecharunt|Pecharunt|100/100
|move|p2a: Hawlucha|Encore||[still]
|-fail|p2a: Hawlucha
|
|upkeep
|turn|14
|
|t:|1779578001
|move|p2a: Hawlucha|Swords Dance|p2a: Hawlucha
|-boost|p2a: Hawlucha|atk|2
|move|p1a: Pecharunt|Malignant Chain|p2a: Hawlucha
|-damage|p2a: Hawlucha|58/100
|-status|p2a: Hawlucha|tox
|-start|p2a: Hawlucha|confusion|[from] ability: Poison Puppeteer|[of] p1a: Pecharunt
|
|-damage|p2a: Hawlucha|52/100 tox|[from] psn
|upkeep
|turn|15
|
|t:|1779578003
|-activate|p2a: Hawlucha|confusion
|move|p2a: Hawlucha|Acrobatics|p1a: Pecharunt
|-damage|p1a: Pecharunt|56/100
|move|p1a: Pecharunt|Foul Play|p2a: Hawlucha
|-resisted|p2a: Hawlucha
|-damage|p2a: Hawlucha|30/100 tox
|
|-heal|p1a: Pecharunt|62/100|[from] Grassy Terrain
|-damage|p2a: Hawlucha|17/100 tox|[from] psn
|upkeep
|turn|16
|
|t:|1779578011
|-activate|p2a: Hawlucha|confusion
|-damage|p2a: Hawlucha|0 fnt|[from] confusion
|faint|p2a: Hawlucha
|move|p1a: Pecharunt|Recover|p1a: Pecharunt
|-heal|p1a: Pecharunt|100/100
|
|upkeep
|
|t:|1779578017
|switch|p2a: Latias|Latias, F|100/100
|-enditem|p2a: Latias|Grassy Seed
|-boost|p2a: Latias|def|1|[from] item: Grassy Seed
|turn|17
|j| No Bithes?????
|
|t:|1779578021
|-terastallize|p1a: Pecharunt|Dark
|move|p2a: Latias|Calm Mind|p2a: Latias
|-boost|p2a: Latias|spa|1
|-boost|p2a: Latias|spd|1
|move|p1a: Pecharunt|Malignant Chain|p2a: Latias
|-damage|p2a: Latias|84/100
|-status|p2a: Latias|tox
|-start|p2a: Latias|confusion|[from] ability: Poison Puppeteer|[of] p1a: Pecharunt
|
|-damage|p2a: Latias|78/100 tox|[from] psn
|-fieldend|move: Grassy Terrain
|upkeep
|turn|18
|
|t:|1779578028
|switch|p1a: Bronzong|Bronzong|100/100
|-activate|p2a: Latias|confusion
|move|p2a: Latias|Aura Sphere|p1a: Bronzong
|-damage|p1a: Bronzong|82/100
|
|-heal|p1a: Bronzong|89/100|[from] item: Leftovers
|-damage|p2a: Latias|66/100 tox|[from] psn
|upkeep
|turn|19
|-message|dnites forfeited.
|
|win|rockeater9000
|raw|rockeater9000's rating: 1587 &rarr; <strong>1606</strong><br />(+19 for winning)
|raw|dnites's rating: 1568 &rarr; <strong>1549</strong><br />(-19 for losing)
|l|☆dnites
|player|p2|
|l|☆rockeater9000
|player|p1|
|l| No Bithes?????
