|j|☆Nat889
|j|☆yoki
|t:|1779688150
|gametype|singles
|player|p1|Nat889|miku-ghost|1534
|player|p2|yoki|2|1484
|gen|9
|tier|[Gen 9] OU
|rated|
|rule|HP Percentage Mod: HP is shown in percentages
|rule|Endless Battle Clause: Forcing endless battles is banned
|rule|Species Clause: Limit one of each Pokémon
|rule|OHKO Clause: OHKO moves are banned
|rule|Evasion Items Clause: Evasion items are banned
|rule|Evasion Moves Clause: Evasion moves are banned
|rule|Evasion Abilities Clause: Evasion abilities are banned
|rule|Sleep Moves Clause: Sleep-inducing moves are banned
|clearpoke
|poke|p1|Hoopa|
|poke|p1|Cinderace, M|
|poke|p1|Mandibuzz, F|
|poke|p1|Kyurem|
|poke|p1|Ting-Lu|
|poke|p1|Manaphy|
|poke|p2|Slowking-Galar, M|
|poke|p2|Great Tusk|
|poke|p2|Kyurem|
|poke|p2|Darkrai|
|poke|p2|Landorus-Therian, M|
|poke|p2|Zapdos|
|teampreview
|
|t:|1779688179
|teamsize|p1|6
|teamsize|p2|6
|start
|switch|p1a: Kyurem|Kyurem|100/100
|switch|p2a: Landorus|Landorus-Therian, M|100/100
|-ability|p1a: Kyurem|Pressure
|-ability|p2a: Landorus|Intimidate|boost
|-unboost|p1a: Kyurem|atk|1
|turn|1
|
|t:|1779688188
|switch|p2a: Slowking|Slowking-Galar, M|100/100
|move|p1a: Kyurem|Ice Beam|p2a: Slowking
|-damage|p2a: Slowking|74/100
|
|upkeep
|turn|2
|
|t:|1779688197
|switch|p1a: Ting-Lucifer|Ting-Lu|100/100
|-ability|p1a: Ting-Lucifer|Vessel of Ruin
|-prepare|p2a: Slowking|Chilly Reception|[premajor]
|move|p2a: Slowking|Chilly Reception|p2a: Slowking
|-weather|Snowscape
|
|t:|1779688199
|switch|p2a: Kyurem|Kyurem|100/100|[from] Chilly Reception
|-ability|p2a: Kyurem|Pressure
|
|-weather|Snowscape|[upkeep]
|upkeep
|turn|3
|
|t:|1779688209
|-terastallize|p2a: Kyurem|Ice
|move|p2a: Kyurem|Blizzard|p1a: Ting-Lucifer
|-supereffective|p1a: Ting-Lucifer
|-damage|p1a: Ting-Lucifer|0 fnt
|faint|p1a: Ting-Lucifer
|
|-weather|Snowscape|[upkeep]
|upkeep
|inactive|Battle timer is ON: inactive players will automatically lose when time's up. (requested by yoki)
|
|t:|1779688236
|switch|p1a: Cinderace|Cinderace, M|100/100
|turn|4
|
|t:|1779688262
|switch|p2a: Landorus|Landorus-Therian, M|100/100
|-ability|p2a: Landorus|Intimidate|boost
|-unboost|p1a: Cinderace|atk|1
|move|p1a: Cinderace|Pyro Ball|p2a: Landorus
|-damage|p2a: Landorus|47/100
|
|-weather|Snowscape|[upkeep]
|-heal|p2a: Landorus|53/100|[from] item: Leftovers
|upkeep
|turn|5
|inactive|yoki has 120 seconds left.
|
|t:|1779688286
|switch|p1a: Mandibuzz|Mandibuzz, F, shiny|100/100
|move|p2a: Landorus|Earthquake|p1a: Mandibuzz
|-immune|p1a: Mandibuzz
|
|-weather|Snowscape|[upkeep]
|-heal|p2a: Landorus|58/100|[from] item: Leftovers
|upkeep
|turn|6
|
|t:|1779688299
|move|p2a: Landorus|Stone Edge|p1a: Mandibuzz
|-supereffective|p1a: Mandibuzz
|-damage|p1a: Mandibuzz|59/100
|move|p1a: Mandibuzz|Foul Play|p2a: Landorus
|-damage|p2a: Landorus|0 fnt
|faint|p2a: Landorus
|
|-weather|none
|upkeep
|
|t:|1779688306
|switch|p2a: Kyurem|Kyurem, tera:Ice|100/100
|-ability|p2a: Kyurem|Pressure
|turn|7
|
|t:|1779688311
|switch|p1a: Hoopa|Hoopa|100/100
|move|p2a: Kyurem|Freeze-Dry|p1a: Hoopa
|-damage|p1a: Hoopa|41/100
|
|upkeep
|turn|8
|
|t:|1779688320
|switch|p2a: Darkrai|Darkrai|100/100
|move|p1a: Hoopa|Focus Blast|p2a: Darkrai|[miss]
|-miss|p1a: Hoopa|p2a: Darkrai
|
|upkeep
|turn|9
|
|t:|1779688326
|switch|p2a: Slowking|Slowking-Galar, M|100/100
|move|p1a: Hoopa|Focus Blast|p2a: Slowking
|-resisted|p2a: Slowking
|-damage|p2a: Slowking|93/100
|
|upkeep
|turn|10
|
|t:|1779688332
|move|p1a: Hoopa|Substitute|p1a: Hoopa
|-start|p1a: Hoopa|Substitute
|-damage|p1a: Hoopa|16/100
|-enditem|p1a: Hoopa|Aguav Berry|[eat]
|-heal|p1a: Hoopa|49/100|[from] item: Aguav Berry
|move|p2a: Slowking|Thunder Wave||[still]
|-fail|p2a: Slowking
|
|upkeep
|turn|11
|
|t:|1779688339
|move|p1a: Hoopa|Calm Mind|p1a: Hoopa
|-boost|p1a: Hoopa|spa|1
|-boost|p1a: Hoopa|spd|1
|move|p2a: Slowking|Future Sight|p1a: Hoopa
|-start|p2a: Slowking|move: Future Sight
|
|upkeep
|turn|12
|
|t:|1779688347
|move|p1a: Hoopa|Shadow Ball|p2a: Slowking
|-supereffective|p2a: Slowking
|-damage|p2a: Slowking|0 fnt
|faint|p2a: Slowking
|-item|p1a: Hoopa|Colbur Berry|[from] ability: Magician|[of] p2: Slowking
|
|upkeep
|
|t:|1779688360
|switch|p2a: Darkrai|Darkrai|100/100
|turn|13
|
|t:|1779688365
|move|p2a: Darkrai|Dark Pulse|p1a: Hoopa
|-supereffective|p1a: Hoopa
|-end|p1a: Hoopa|Substitute
|move|p1a: Hoopa|Focus Blast|p2a: Darkrai
|-supereffective|p2a: Darkrai
|-damage|p2a: Darkrai|0 fnt
|faint|p2a: Darkrai
|
|-end|p1a: Hoopa|move: Future Sight
|-resisted|p1a: Hoopa
|-damage|p1a: Hoopa|35/100
|upkeep
|
|t:|1779688371
|switch|p2a: Kyurem|Kyurem, tera:Ice|100/100
|-ability|p2a: Kyurem|Pressure
|turn|14
|
|t:|1779688379
|move|p2a: Kyurem|Freeze-Dry|p1a: Hoopa
|-crit|p1a: Hoopa
|-damage|p1a: Hoopa|0 fnt
|faint|p1a: Hoopa
|
|upkeep
|
|t:|1779688395
|switch|p1a: Cinderace|Cinderace, M|100/100
|turn|15
|
|t:|1779688405
|switch|p2a: Zapdos|Zapdos, shiny|100/100
|move|p1a: Cinderace|Pyro Ball|p2a: Zapdos
|-damage|p2a: Zapdos|48/100
|
|upkeep
|turn|16
|
|t:|1779688413
|move|p1a: Cinderace|Pyro Ball|p2a: Zapdos
|-damage|p2a: Zapdos|2/100
|move|p2a: Zapdos|Roost|p2a: Zapdos
|-heal|p2a: Zapdos|52/100
|-singleturn|p2a: Zapdos|move: Roost
|
|upkeep
|turn|17
|
|t:|1779688421
|switch|p1a: Manaphy|Manaphy|100/100
|move|p2a: Zapdos|Thunder Wave|p1a: Manaphy
|-status|p1a: Manaphy|par
|
|upkeep
|turn|18
|
|t:|1779688429
|move|p2a: Zapdos|Volt Switch|p1a: Manaphy
|-supereffective|p1a: Manaphy
|-damage|p1a: Manaphy|47/100 par
|
|t:|1779688431
|switch|p2a: Kyurem|Kyurem, tera:Ice|100/100|[from] Volt Switch
|-ability|p2a: Kyurem|Pressure
|move|p1a: Manaphy|Scald|p2a: Kyurem
|-damage|p2a: Kyurem|72/100
|
|-heal|p1a: Manaphy|53/100 par|[from] item: Leftovers
|upkeep
|turn|19
|
|t:|1779688442
|move|p2a: Kyurem|Freeze-Dry|p1a: Manaphy
|-supereffective|p1a: Manaphy
|-damage|p1a: Manaphy|0 fnt
|faint|p1a: Manaphy
|
|upkeep
|
|t:|1779688451
|switch|p1a: Cinderace|Cinderace, M|100/100
|turn|20
|
|t:|1779688457
|switch|p2a: Zapdos|Zapdos, shiny|52/100
|move|p1a: Cinderace|Pyro Ball|p2a: Zapdos
|-damage|p2a: Zapdos|2/100
|
|upkeep
|turn|21
|
|t:|1779688463
|move|p1a: Cinderace|Pyro Ball|p2a: Zapdos
|-damage|p2a: Zapdos|0 fnt
|faint|p2a: Zapdos
|
|upkeep
|
|t:|1779688464
|switch|p2a: Great Tusk|Great Tusk|100/100
|turn|22
|
|t:|1779688471
|switch|p1a: Mandibuzz|Mandibuzz, F, shiny|59/100
|move|p2a: Great Tusk|Rapid Spin|p1a: Mandibuzz
|-damage|p1a: Mandibuzz|50/100
|-boost|p2a: Great Tusk|spe|1
|-damage|p2a: Great Tusk|84/100|[from] item: Rocky Helmet|[of] p1a: Mandibuzz
|
|upkeep
|turn|23
|
|t:|1779688483
|-end|p2a: Great Tusk|Protosynthesis|[silent]
|switch|p2a: Kyurem|Kyurem, tera:Ice|72/100
|-ability|p2a: Kyurem|Pressure
|move|p1a: Mandibuzz|Roost|p1a: Mandibuzz
|-heal|p1a: Mandibuzz|99/100
|-singleturn|p1a: Mandibuzz|move: Roost
|
|upkeep
|turn|24
|
|t:|1779688494
|move|p2a: Kyurem|Earth Power|p1a: Mandibuzz
|-immune|p1a: Mandibuzz
|move|p1a: Mandibuzz|Foul Play|p2a: Kyurem
|-damage|p2a: Kyurem|43/100
|
|upkeep
|turn|25
|-message|yoki forfeited.
|
|win|Nat889
|raw|Nat889's rating: 1534 &rarr; <strong>1551</strong><br />(+17 for winning)
|raw|yoki's rating: 1484 &rarr; <strong>1467</strong><br />(-17 for losing)
|l|☆yoki
|player|p2|
|c|☆Nat889|gg
|l|☆Nat889
|player|p1|
