|j|☆lolugiz
|j|☆RogueNinja1738
|t:|1779568645
|gametype|singles
|player|p1|lolugiz|pokemonrangerf|1099
|player|p2|RogueNinja1738|101|1107
|gen|9
|tier|[Gen 9] OU
|rated|
|rule|HP Percentage Mod: HP is shown in percentages
|rule|Endless Battle Clause: Forcing endless battles is banned
|rule|Species Clause: Limit one of each Pokémon
|rule|OHKO Clause: OHKO moves are banned
|rule|Evasion Items Clause: Evasion items are banned
|rule|Evasion Moves Clause: Evasion moves are banned
|rule|Evasion Abilities Clause: Evasion abilities are banned
|rule|Sleep Moves Clause: Sleep-inducing moves are banned
|clearpoke
|poke|p1|Zamazenta-*|
|poke|p1|Quaquaval, M|
|poke|p1|Meowstic-F, F|
|poke|p1|Hydrapple, M|
|poke|p1|Zoroark-Hisui, M|
|poke|p1|Malamar, M|
|poke|p2|Zoroark-Hisui, M|
|poke|p2|Kingambit, F|
|poke|p2|Gholdengo|
|poke|p2|Rotom-Wash|
|poke|p2|Metagross|
|poke|p2|Ditto|
|teampreview
|
|t:|1779568672
|teamsize|p1|6
|teamsize|p2|6
|start
|switch|p1a: Luci|Zamazenta|100/100
|switch|p2a: Rotom|Rotom-Wash|100/100
|-ability|p1a: Luci|Dauntless Shield|boost
|-boost|p1a: Luci|def|1
|turn|1
|
|t:|1779568687
|switch|p1a: Luis|Hydrapple, M|100/100
|move|p2a: Rotom|Volt Switch|p1a: Luis
|-resisted|p1a: Luis
|-damage|p1a: Luis|92/100
|
|t:|1779568721
|switch|p2a: Gholdengo|Gholdengo|100/100|[from] Volt Switch
|
|-heal|p1a: Luis|99/100|[from] item: Leftovers
|upkeep
|turn|2
|
|t:|1779568733
|move|p2a: Gholdengo|Shadow Ball|p1a: Luis
|-crit|p1a: Luis
|-damage|p1a: Luis|31/100
|move|p1a: Luis|Giga Drain|p2a: Gholdengo
|-resisted|p2a: Gholdengo
|-damage|p2a: Gholdengo|85/100
|-heal|p1a: Luis|39/100|[from] drain|[of] p2a: Gholdengo
|-enditem|p2a: Gholdengo|Red Card|[of] p1a: Luis
|drag|p1a: Samal|Malamar, M, shiny|100/100
|
|upkeep
|turn|3
|
|t:|1779568755
|move|p2a: Gholdengo|Shadow Ball|p1a: Samal
|-damage|p1a: Samal|54/100
|move|p1a: Samal|Substitute|p1a: Samal
|-start|p1a: Samal|Substitute
|-damage|p1a: Samal|30/100
|
|upkeep
|turn|4
|
|t:|1779568763
|move|p2a: Gholdengo|Shadow Ball|p1a: Samal
|-end|p1a: Samal|Substitute
|move|p1a: Samal|Calm Mind|p1a: Samal
|-unboost|p1a: Samal|spa|1
|-unboost|p1a: Samal|spd|1
|
|upkeep
|turn|5
|c|☆lolugiz|Ught, what happend?
|c|☆lolugiz|One hability?
|inactive|Battle timer is ON: inactive players will automatically lose when time's up. (requested by RogueNinja1738)
|
|t:|1779568809
|move|p2a: Gholdengo|Shadow Ball|p1a: Samal
|-damage|p1a: Samal|0 fnt
|faint|p1a: Samal
|
|upkeep
|
|t:|1779568817
|switch|p1a: Lucia|Meowstic-F, F, shiny|100/100
|turn|6
|
|t:|1779568826
|move|p1a: Lucia|Foul Play|p2a: Gholdengo
|-supereffective|p2a: Gholdengo
|-damage|p2a: Gholdengo|56/100
|move|p2a: Gholdengo|Shadow Ball|p1a: Lucia
|-immune|p1a: Lucia
|
|upkeep
|turn|7
|
|t:|1779568845
|switch|p2a: Kingambit|Kingambit, F|100/100
|move|p1a: Lucia|Foul Play|p2a: Kingambit
|-resisted|p2a: Kingambit
|-damage|p2a: Kingambit|81/100
|
|-heal|p2a: Kingambit|87/100|[from] item: Leftovers
|upkeep
|turn|8
|
|t:|1779568863
|switch|p1a: Luci|Zamazenta|100/100
|move|p2a: Kingambit|Swords Dance|p2a: Kingambit
|-boost|p2a: Kingambit|atk|2
|
|-heal|p2a: Kingambit|93/100|[from] item: Leftovers
|upkeep
|turn|9
|
|t:|1779568877
|move|p1a: Luci|Body Press|p2a: Kingambit
|-supereffective|p2a: Kingambit
|-damage|p2a: Kingambit|0 fnt
|faint|p2a: Kingambit
|-end|p2a: Kingambit|fallenundefined|[silent]
|
|upkeep
|
|t:|1779568885
|switch|p2a: Rotom|Rotom-Wash|100/100
|turn|10
|
|t:|1779568896
|switch|p1a: Luis|Hydrapple, M|72/100
|move|p2a: Rotom|Volt Switch|p1a: Luis
|-resisted|p1a: Luis
|-damage|p1a: Luis|64/100
|
|t:|1779568906
|switch|p2a: Metagross|Metagross|100/100|[from] Volt Switch
|
|-heal|p1a: Luis|70/100|[from] item: Leftovers
|upkeep
|turn|11
|
|t:|1779568922
|move|p2a: Metagross|Bitter Malice|p1a: Luis
|-damage|p1a: Luis|15/100
|-unboost|p1a: Luis|atk|1
|move|p1a: Luis|Fickle Beam|p2a: Metagross
|-damage|p2a: Metagross|30/100
|replace|p2a: Zoroark|Zoroark-Hisui, M
|-end|p2a: Zoroark|Illusion
|
|-heal|p1a: Luis|21/100|[from] item: Leftovers
|upkeep
|turn|12
|
|t:|1779568934
|move|p2a: Zoroark|Bitter Malice|p1a: Luis
|-damage|p1a: Luis|0 fnt
|faint|p1a: Luis
|
|upkeep
|inactive|lolugiz has 120 seconds left.
|
|t:|1779568969
|switch|p1a: Lulu|Quaquaval, M, shiny|100/100
|turn|13
|
|t:|1779568978
|move|p2a: Zoroark|Bitter Malice|p1a: Lulu
|-crit|p1a: Lulu
|-damage|p1a: Lulu|0 fnt
|faint|p1a: Lulu
|
|upkeep
|
|t:|1779568989
|switch|p1a: Lucia|Meowstic-F, F, shiny|100/100
|turn|14
|
|t:|1779568992
|move|p1a: Lucia|Foul Play|p2a: Zoroark
|-supereffective|p2a: Zoroark
|-damage|p2a: Zoroark|0 fnt
|faint|p2a: Zoroark
|
|upkeep
|
|t:|1779569000
|switch|p2a: Rotom|Rotom-Wash|100/100
|turn|15
|inactive|lolugiz has 120 seconds left.
|
|t:|1779569015
|move|p1a: Lucia|Foul Play|p2a: Rotom
|-damage|p2a: Rotom|82/100
|move|p2a: Rotom|Shadow Ball|p1a: Lucia
|-immune|p1a: Lucia
|
|upkeep
|turn|16
|
|t:|1779569028
|switch|p1a: Lucia|Meowstic-F, F, shiny|100/100
|move|p2a: Rotom|Hydro Pump|p1a: Lucia
|-damage|p1a: Lucia|42/100
|-enditem|p1a: Lucia|Sitrus Berry|[eat]
|-heal|p1a: Lucia|67/100|[from] item: Sitrus Berry
|
|upkeep
|turn|17
|
|t:|1779569040
|move|p1a: Lucia|Psychic|p2a: Rotom
|-damage|p2a: Rotom|48/100
|move|p2a: Rotom|Hydro Pump|p1a: Lucia
|-damage|p1a: Lucia|6/100
|
|upkeep
|turn|18
|
|t:|1779569047
|move|p1a: Lucia|Psychic|p2a: Rotom
|-damage|p2a: Rotom|15/100
|-enditem|p2a: Rotom|Aguav Berry|[eat]
|-heal|p2a: Rotom|49/100|[from] item: Aguav Berry
|move|p2a: Rotom|Volt Switch|p1a: Lucia
|-damage|p1a: Lucia|0 fnt
|faint|p1a: Lucia
|
|t:|1779569059
|switch|p2a: Gholdengo|Gholdengo|56/100|[from] Volt Switch
|
|upkeep
|
|t:|1779569065
|switch|p1a: Luci|Zamazenta|100/100
|turn|19
|
|t:|1779569072
|move|p1a: Luci|Foul Play|p2a: Gholdengo
|-supereffective|p2a: Gholdengo
|-damage|p2a: Gholdengo|27/100
|move|p2a: Gholdengo|Shadow Ball|p1a: Luci
|-immune|p1a: Luci
|
|upkeep
|turn|20
|
|t:|1779569087
|move|p1a: Luci|Foul Play|p2a: Gholdengo
|-supereffective|p2a: Gholdengo
|-damage|p2a: Gholdengo|0 fnt
|faint|p2a: Gholdengo
|
|upkeep
|
|t:|1779569098
|switch|p2a: Ditto|Ditto|100/100
|turn|21
|
|t:|1779569107
|move|p1a: Luci|Foul Play|p2a: Ditto
|-damage|p2a: Ditto|37/100
|-damage|p1a: Luci|84/100|[from] item: Rocky Helmet|[of] p2a: Ditto
|move|p2a: Ditto|Transform||[still]
|-fail|p2a: Ditto
|
|upkeep
|turn|22
|
|t:|1779569118
|move|p1a: Luci|Foul Play|p2a: Ditto
|-damage|p2a: Ditto|0 fnt
|-damage|p1a: Luci|68/100|[from] item: Rocky Helmet|[of] p2a: Ditto
|faint|p2a: Ditto
|
|upkeep
|
|t:|1779569125
|switch|p2a: Rotom|Rotom-Wash|49/100
|turn|23
|
|t:|1779569136
|switch|p1a: Luci|Zamazenta|100/100
|move|p2a: Rotom|Shadow Ball|p1a: Luci
|-damage|p1a: Luci|76/100
|
|upkeep
|turn|24
|
|t:|1779569150
|move|p1a: Luci|Body Press|p2a: Rotom
|-damage|p2a: Rotom|13/100
|move|p2a: Rotom|Shadow Ball|p1a: Luci
|-damage|p1a: Luci|54/100
|
|upkeep
|turn|25
|
|t:|1779569161
|move|p1a: Luci|Body Press|p2a: Rotom
|-damage|p2a: Rotom|0 fnt
|faint|p2a: Rotom
|
|upkeep
|
|t:|1779569166
|switch|p2a: Metagross|Metagross|100/100
|turn|26
|
|t:|1779569180
|move|p1a: Luci|Body Press|p2a: Metagross
|-damage|p2a: Metagross|75/100
|move|p2a: Metagross|Psychic Fangs|p1a: Luci
|-supereffective|p1a: Luci
|-damage|p1a: Luci|0 fnt
|faint|p1a: Luci
|
|upkeep
|
|t:|1779569187
|switch|p1a: Luke|Zoroark-Hisui, M|68/100
|turn|27
|
|t:|1779569196
|move|p1a: Luke|Shadow Claw|p2a: Metagross
|-supereffective|p2a: Metagross
|-damage|p2a: Metagross|11/100
|-enditem|p2a: Metagross|Weakness Policy
|-boost|p2a: Metagross|atk|2|[from] item: Weakness Policy
|-boost|p2a: Metagross|spa|2|[from] item: Weakness Policy
|move|p2a: Metagross|Psychic Fangs|p1a: Luke
|-damage|p1a: Luke|0 fnt
|faint|p1a: Luke
|
|win|RogueNinja1738
|raw|lolugiz's rating: 1099 &rarr; <strong>1075</strong><br />(-24 for losing)
|raw|RogueNinja1738's rating: 1107 &rarr; <strong>1131</strong><br />(+24 for winning)
|c|☆lolugiz|ugh close
|l|☆RogueNinja1738
|player|p2|
|c|☆lolugiz|gg
|l|☆lolugiz
|player|p1|
