|j|☆phonfrog
|j|☆sedd22
|t:|1779638523
|gametype|singles
|player|p1|phonfrog|lance-masters2|1164
|player|p2|sedd22|1|1149
|gen|9
|tier|[Gen 9] OU
|rated|
|rule|HP Percentage Mod: HP is shown in percentages
|rule|Endless Battle Clause: Forcing endless battles is banned
|rule|Species Clause: Limit one of each Pokémon
|rule|OHKO Clause: OHKO moves are banned
|rule|Evasion Items Clause: Evasion items are banned
|rule|Evasion Moves Clause: Evasion moves are banned
|rule|Evasion Abilities Clause: Evasion abilities are banned
|rule|Sleep Moves Clause: Sleep-inducing moves are banned
|clearpoke
|poke|p1|Moltres-Galar|
|poke|p1|Gholdengo|
|poke|p1|Samurott-Hisui, M|
|poke|p1|Smeargle, F|
|poke|p1|Zamazenta-*|
|poke|p1|Deoxys-Speed|
|poke|p2|Garchomp, F|
|poke|p2|Primarina, M|
|poke|p2|Scizor, M|
|poke|p2|Typhlosion, M|
|poke|p2|Torkoal, M|
|poke|p2|Weavile, M|
|teampreview
|
|t:|1779638528
|teamsize|p1|6
|teamsize|p2|6
|start
|switch|p1a: Deoxys|Deoxys-Speed|100/100
|switch|p2a: Weavile|Weavile, M|100/100
|-ability|p1a: Deoxys|Pressure
|-ability|p2a: Weavile|Pressure
|turn|1
|
|t:|1779638536
|move|p2a: Weavile|Fake Out|p1a: Deoxys
|-damage|p1a: Deoxys|83/100
|cant|p1a: Deoxys|flinch
|
|upkeep
|turn|2
|
|t:|1779638541
|move|p1a: Deoxys|Reflect|p1a: Deoxys
|-sidestart|p1: phonfrog|Reflect
|move|p2a: Weavile|Taunt|p1a: Deoxys
|-start|p1a: Deoxys|move: Taunt
|
|upkeep
|turn|3
|
|t:|1779638547
|switch|p1a: Zamazenta|Zamazenta|100/100
|-ability|p1a: Zamazenta|Dauntless Shield|boost
|-boost|p1a: Zamazenta|def|1
|move|p2a: Weavile|Knock Off|p1a: Zamazenta
|-resisted|p1a: Zamazenta
|-damage|p1a: Zamazenta|94/100
|-enditem|p1a: Zamazenta|Leftovers|[from] move: Knock Off|[of] p2a: Weavile
|
|upkeep
|turn|4
|
|t:|1779638559
|move|p1a: Zamazenta|Iron Defense|p1a: Zamazenta
|-boost|p1a: Zamazenta|def|2
|move|p2a: Weavile|Taunt|p1a: Zamazenta
|-start|p1a: Zamazenta|move: Taunt
|
|upkeep
|turn|5
|inactive|Battle timer is ON: inactive players will automatically lose when time's up. (requested by phonfrog)
|
|t:|1779638571
|move|p2a: Weavile|Ice Shard|p1a: Zamazenta
|-damage|p1a: Zamazenta|90/100
|move|p1a: Zamazenta|Body Press|p2a: Weavile
|-supereffective|p2a: Weavile
|-enditem|p2a: Weavile|Focus Sash
|-damage|p2a: Weavile|1/100
|
|upkeep
|turn|6
|c|☆phonfrog|level of greed they speak of in the bible
|
|t:|1779638583
|switch|p1a: Gholdengo|Gholdengo|100/100
|move|p2a: Weavile|Ice Shard|p1a: Gholdengo
|-resisted|p1a: Gholdengo
|-damage|p1a: Gholdengo|94/100
|
|upkeep
|turn|7
|
|t:|1779638590
|move|p1a: Gholdengo|Shadow Ball|p2a: Weavile
|-resisted|p2a: Weavile
|-damage|p2a: Weavile|0 fnt
|faint|p2a: Weavile
|
|upkeep
|c|☆phonfrog|ok now im just confused
|
|t:|1779638596
|switch|p2a: Torkoal|Torkoal, M|100/100
|-weather|SunnyDay|[from] ability: Drought|[of] p2a: Torkoal
|turn|8
|
|t:|1779638617
|move|p1a: Gholdengo|Shadow Ball|p2a: Torkoal
|-damage|p2a: Torkoal|63/100
|move|p2a: Torkoal|Stealth Rock|p1a: Gholdengo
|-sidestart|p1: phonfrog|move: Stealth Rock
|
|-weather|SunnyDay|[upkeep]
|upkeep
|turn|9
|
|t:|1779638625
|switch|p1a: Samurott|Samurott-Hisui, M|100/100
|-damage|p1a: Samurott|88/100|[from] Stealth Rock
|move|p2a: Torkoal|Weather Ball|p1a: Samurott
|-resisted|p1a: Samurott
|-damage|p1a: Samurott|52/100
|
|-weather|SunnyDay|[upkeep]
|-sideend|p1: phonfrog|Reflect
|upkeep
|turn|10
|
|t:|1779638637
|switch|p2a: Primarina|Primarina, M|100/100
|move|p1a: Samurott|Razor Shell|p2a: Primarina
|-resisted|p2a: Primarina
|-damage|p2a: Primarina|85/100
|
|-weather|SunnyDay|[upkeep]
|upkeep
|turn|11
|
|t:|1779638652
|switch|p1a: Gholdengo|Gholdengo|94/100
|-damage|p1a: Gholdengo|88/100|[from] Stealth Rock
|move|p2a: Primarina|Moonblast|p1a: Gholdengo
|-resisted|p1a: Gholdengo
|-damage|p1a: Gholdengo|58/100
|
|-weather|SunnyDay|[upkeep]
|upkeep
|turn|12
|
|t:|1779638663
|switch|p2a: Scizor|Scizor, M|100/100
|move|p1a: Gholdengo|Shadow Ball|p2a: Scizor
|-damage|p2a: Scizor|41/100
|
|-weather|SunnyDay|[upkeep]
|upkeep
|turn|13
|
|t:|1779638671
|move|p2a: Scizor|Bullet Punch|p1a: Gholdengo
|-resisted|p1a: Gholdengo
|-damage|p1a: Gholdengo|39/100
|move|p1a: Gholdengo|Shadow Ball|p2a: Scizor
|-damage|p2a: Scizor|0 fnt
|faint|p2a: Scizor
|
|-weather|SunnyDay|[upkeep]
|upkeep
|
|t:|1779638680
|switch|p2a: Typhlosion|Typhlosion, M|100/100
|turn|14
|
|t:|1779638686
|switch|p1a: Samurott|Samurott-Hisui, M|52/100
|-damage|p1a: Samurott|40/100|[from] Stealth Rock
|-terastallize|p2a: Typhlosion|Fire
|move|p2a: Typhlosion|Eruption|p1a: Samurott
|-resisted|p1a: Samurott
|-damage|p1a: Samurott|0 fnt
|faint|p1a: Samurott
|
|-weather|SunnyDay|[upkeep]
|upkeep
|
|t:|1779638708
|switch|p1a: Deoxys|Deoxys-Speed|83/100
|-damage|p1a: Deoxys|70/100|[from] Stealth Rock
|-ability|p1a: Deoxys|Pressure
|turn|15
|
|t:|1779638713
|move|p1a: Deoxys|Psycho Boost|p2a: Typhlosion|[miss]
|-miss|p1a: Deoxys|p2a: Typhlosion
|move|p2a: Typhlosion|Eruption|p1a: Deoxys
|-damage|p1a: Deoxys|0 fnt
|faint|p1a: Deoxys
|
|-weather|none
|upkeep
|c|☆phonfrog|die
|c|☆phonfrog|die
|c|☆phonfrog|die
|c|☆phonfrog|die
|c|☆phonfrog|die
|c|☆phonfrog|die
|c|☆phonfrog|well-
|inactive|phonfrog has 120 seconds left.
|c|☆phonfrog|fuck
|
|t:|1779638763
|switch|p1a: Zamazenta|Zamazenta|90/100
|-damage|p1a: Zamazenta|84/100|[from] Stealth Rock
|turn|16
|
|t:|1779638767
|move|p2a: Typhlosion|Eruption|p1a: Zamazenta
|-damage|p1a: Zamazenta|0 fnt
|faint|p1a: Zamazenta
|
|upkeep
|c|☆phonfrog|guess not
|
|t:|1779638776
|switch|p1a: Moltres|Moltres-Galar|100/100
|-damage|p1a: Moltres|75/100|[from] Stealth Rock
|turn|17
|
|t:|1779638788
|move|p2a: Typhlosion|Eruption|p1a: Moltres
|-damage|p1a: Moltres|0 fnt
|faint|p1a: Moltres
|
|upkeep
|c|☆phonfrog|wow ok
|-message|phonfrog forfeited.
|
|win|sedd22
|raw|phonfrog's rating: 1164 &rarr; <strong>1138</strong><br />(-26 for losing)
|raw|sedd22's rating: 1149 &rarr; <strong>1175</strong><br />(+26 for winning)
