|j|☆pineapplefred2
|j|☆Pavarotti_fininho
|t:|1779634328
|gametype|singles
|player|p1|pineapplefred2|red|1187
|player|p2|Pavarotti_fininho|skier|1143
|gen|9
|tier|[Gen 9] OU
|rated|
|rule|HP Percentage Mod: HP is shown in percentages
|rule|Endless Battle Clause: Forcing endless battles is banned
|rule|Species Clause: Limit one of each Pokémon
|rule|OHKO Clause: OHKO moves are banned
|rule|Evasion Items Clause: Evasion items are banned
|rule|Evasion Moves Clause: Evasion moves are banned
|rule|Evasion Abilities Clause: Evasion abilities are banned
|rule|Sleep Moves Clause: Sleep-inducing moves are banned
|clearpoke
|poke|p1|Glastrier|
|poke|p1|Weezing-Galar, F|
|poke|p1|Alomomola, F|
|poke|p1|Iron Crown|
|poke|p1|Zamazenta-*|
|poke|p1|Gliscor, F|
|poke|p2|Torkoal, M|
|poke|p2|Feraligatr, M|
|poke|p2|Walking Wake|
|poke|p2|Typhlosion-Hisui, F|
|poke|p2|Braviary, M|
|poke|p2|Arcanine-Hisui, F|
|teampreview
|inactive|Battle timer is ON: inactive players will automatically lose when time's up. (requested by Pavarotti_fininho)
|
|t:|1779634336
|teamsize|p1|6
|teamsize|p2|6
|start
|switch|p1a: Pegasus|Glastrier|100/100
|switch|p2a: Torkoal|Torkoal, M|100/100
|-weather|SunnyDay|[from] ability: Drought|[of] p2a: Torkoal
|turn|1
|
|t:|1779634345
|move|p1a: Pegasus|High Horsepower|p2a: Torkoal
|-supereffective|p2a: Torkoal
|-damage|p2a: Torkoal|5/100
|move|p2a: Torkoal|Stealth Rock|p1a: Pegasus
|-sidestart|p1: pineapplefred2|move: Stealth Rock
|
|-weather|SunnyDay|[upkeep]
|upkeep
|turn|2
|
|t:|1779634356
|switch|p2a: Walking Wake|Walking Wake|100/100
|-activate|p2a: Walking Wake|ability: Protosynthesis
|-start|p2a: Walking Wake|protosynthesisspa
|move|p1a: Pegasus|High Horsepower|p2a: Walking Wake
|-damage|p2a: Walking Wake|40/100
|
|-weather|SunnyDay|[upkeep]
|-heal|p2a: Walking Wake|46/100|[from] item: Leftovers
|upkeep
|turn|3
|
|t:|1779634369
|move|p2a: Walking Wake|Flamethrower|p1a: Pegasus
|-supereffective|p1a: Pegasus
|-damage|p1a: Pegasus|4/100
|move|p1a: Pegasus|High Horsepower|p2a: Walking Wake
|-damage|p2a: Walking Wake|0 fnt
|faint|p2a: Walking Wake
|-end|p2a: Walking Wake|Protosynthesis|[silent]
|-ability|p1a: Pegasus|Chilling Neigh|boost
|-boost|p1a: Pegasus|atk|1
|
|-weather|SunnyDay|[upkeep]
|upkeep
|
|t:|1779634383
|switch|p2a: Feraligatr|Feraligatr, M, shiny|100/100
|turn|4
|
|t:|1779634388
|switch|p1a: Arctic Hater|Gliscor, F|100/100
|-damage|p1a: Arctic Hater|88/100|[from] Stealth Rock
|move|p2a: Feraligatr|Dragon Dance|p2a: Feraligatr
|-boost|p2a: Feraligatr|atk|1
|-boost|p2a: Feraligatr|spe|1
|
|-weather|SunnyDay|[upkeep]
|-status|p1a: Arctic Hater|tox|[from] item: Toxic Orb
|upkeep
|turn|5
|
|t:|1779634399
|move|p2a: Feraligatr|Ice Punch|p1a: Arctic Hater
|-supereffective|p1a: Arctic Hater
|-damage|p1a: Arctic Hater|0 fnt
|faint|p1a: Arctic Hater
|
|-weather|SunnyDay|[upkeep]
|upkeep
|
|t:|1779634407
|switch|p1a: Samasentya|Zamazenta|100/100
|-damage|p1a: Samasentya|94/100|[from] Stealth Rock
|-ability|p1a: Samasentya|Dauntless Shield|boost
|-boost|p1a: Samasentya|def|1
|turn|6
|
|t:|1779634416
|move|p2a: Feraligatr|Dragon Dance|p2a: Feraligatr
|-boost|p2a: Feraligatr|atk|1
|-boost|p2a: Feraligatr|spe|1
|move|p1a: Samasentya|Roar|p2a: Feraligatr
|drag|p2a: Arcanine|Arcanine-Hisui, F, shiny|100/100
|
|-weather|SunnyDay|[upkeep]
|-heal|p1a: Samasentya|100/100|[from] item: Leftovers
|upkeep
|turn|7
|
|t:|1779634429
|move|p1a: Samasentya|Body Press|p2a: Arcanine
|-supereffective|p2a: Arcanine
|-damage|p2a: Arcanine|0 fnt
|-damage|p1a: Samasentya|84/100|[from] item: Rocky Helmet|[of] p2a: Arcanine
|faint|p2a: Arcanine
|
|-weather|SunnyDay|[upkeep]
|-heal|p1a: Samasentya|90/100|[from] item: Leftovers
|upkeep
|
|t:|1779634438
|switch|p2a: Typhlosion|Typhlosion-Hisui, F, shiny|100/100
|turn|8
|
|t:|1779634442
|move|p1a: Samasentya|Crunch|p2a: Typhlosion
|-supereffective|p2a: Typhlosion
|-damage|p2a: Typhlosion|44/100
|move|p2a: Typhlosion|Calm Mind|p2a: Typhlosion
|-boost|p2a: Typhlosion|spa|1
|-boost|p2a: Typhlosion|spd|1
|
|-weather|none
|-heal|p1a: Samasentya|96/100|[from] item: Leftovers
|upkeep
|turn|9
|
|t:|1779634455
|-terastallize|p2a: Typhlosion|Fairy
|move|p1a: Samasentya|Crunch|p2a: Typhlosion
|-resisted|p2a: Typhlosion
|-damage|p2a: Typhlosion|31/100
|move|p2a: Typhlosion|Extrasensory|p1a: Samasentya
|-supereffective|p1a: Samasentya
|-damage|p1a: Samasentya|26/100
|
|-heal|p1a: Samasentya|32/100|[from] item: Leftovers
|upkeep
|turn|10
|
|t:|1779634468
|move|p1a: Samasentya|Body Press|p2a: Typhlosion
|-resisted|p2a: Typhlosion
|-damage|p2a: Typhlosion|0 fnt
|faint|p2a: Typhlosion
|
|-heal|p1a: Samasentya|39/100|[from] item: Leftovers
|upkeep
|
|t:|1779634484
|switch|p2a: Braviary|Braviary, M, shiny|100/100
|turn|11
|
|t:|1779634492
|move|p1a: Samasentya|Body Press|p2a: Braviary
|-damage|p2a: Braviary|37/100
|move|p2a: Braviary|Brave Bird|p1a: Samasentya
|-supereffective|p1a: Samasentya
|-damage|p1a: Samasentya|0 fnt
|faint|p1a: Samasentya
|-damage|p2a: Braviary|22/100|[from] Recoil
|
|-heal|p2a: Braviary|29/100|[from] item: Leftovers
|upkeep
|
|t:|1779634496
|switch|p1a: Coughing weeds|Weezing-Galar, F|100/100
|-ability|p1a: Coughing weeds|Neutralizing Gas
|turn|12
|
|t:|1779634509
|move|p2a: Braviary|Iron Head|p1a: Coughing weeds
|-supereffective|p1a: Coughing weeds
|-damage|p1a: Coughing weeds|61/100
|cant|p1a: Coughing weeds|flinch
|
|-heal|p2a: Braviary|35/100|[from] item: Leftovers
|upkeep
|turn|13
|
|t:|1779634520
|move|p2a: Braviary|Iron Head|p1a: Coughing weeds
|-supereffective|p1a: Coughing weeds
|-damage|p1a: Coughing weeds|26/100
|move|p1a: Coughing weeds|Defog|p2a: Braviary
|-unboost|p2a: Braviary|evasion|1
|-sideend|p1: pineapplefred2|Stealth Rock|[from] move: Defog|[of] p1a: Coughing weeds
|
|-heal|p2a: Braviary|41/100|[from] item: Leftovers
|upkeep
|turn|14
|
|t:|1779634531
|-end|p1a: Coughing weeds|ability: Neutralizing Gas
|switch|p1a: Seal Food|Alomomola, F|100/100
|move|p2a: Braviary|Iron Head|p1a: Seal Food
|-resisted|p1a: Seal Food
|-damage|p1a: Seal Food|92/100
|
|-heal|p2a: Braviary|47/100|[from] item: Leftovers
|upkeep
|turn|15
|
|t:|1779634542
|move|p2a: Braviary|Crush Claw|p1a: Seal Food
|-damage|p1a: Seal Food|70/100
|-unboost|p1a: Seal Food|def|1
|move|p1a: Seal Food|Wish|p1a: Seal Food
|
|-heal|p2a: Braviary|53/100|[from] item: Leftovers
|upkeep
|turn|16
|
|t:|1779634551
|move|p2a: Braviary|Crush Claw|p1a: Seal Food
|-damage|p1a: Seal Food|35/100
|-unboost|p1a: Seal Food|def|1
|move|p1a: Seal Food|Flip Turn|p2a: Braviary
|-damage|p2a: Braviary|33/100
|
|t:|1779634558
|switch|p1a: Pegasus|Glastrier|4/100|[from] Flip Turn
|
|-heal|p1a: Pegasus|64/100|[from] move: Wish|[wisher] Seal Food
|-heal|p2a: Braviary|39/100|[from] item: Leftovers
|upkeep
|turn|17
|
|t:|1779634571
|switch|p1a: Seal Food|Alomomola, F|69/100
|move|p2a: Braviary|Iron Head|p1a: Seal Food
|-resisted|p1a: Seal Food
|-damage|p1a: Seal Food|60/100
|
|-heal|p2a: Braviary|45/100|[from] item: Leftovers
|upkeep
|turn|18
|
|t:|1779634580
|move|p2a: Braviary|Crush Claw|p1a: Seal Food|[miss]
|-miss|p2a: Braviary|p1a: Seal Food
|move|p1a: Seal Food|Wish|p1a: Seal Food
|
|-heal|p2a: Braviary|51/100|[from] item: Leftovers
|upkeep
|turn|19
|-message|Pavarotti_fininho forfeited.
|
|win|pineapplefred2
|raw|pineapplefred2's rating: 1187 &rarr; <strong>1209</strong><br />(+22 for winning)
|raw|Pavarotti_fininho's rating: 1143 &rarr; <strong>1121</strong><br />(-22 for losing)
|l|☆Pavarotti_fininho
|player|p2|
|l|☆pineapplefred2
|player|p1|
