|j|☆aria4games
|j|☆necrozmact
|t:|1779613898
|gametype|singles
|player|p1|aria4games|baker|1362
|player|p2|necrozmact|psychic-gen4|1337
|gen|9
|tier|[Gen 9] OU
|rated|
|rule|HP Percentage Mod: HP is shown in percentages
|rule|Endless Battle Clause: Forcing endless battles is banned
|rule|Species Clause: Limit one of each Pokémon
|rule|OHKO Clause: OHKO moves are banned
|rule|Evasion Items Clause: Evasion items are banned
|rule|Evasion Moves Clause: Evasion moves are banned
|rule|Evasion Abilities Clause: Evasion abilities are banned
|rule|Sleep Moves Clause: Sleep-inducing moves are banned
|clearpoke
|poke|p1|Cinderace, M|
|poke|p1|Reuniclus, F|
|poke|p1|Kyurem|
|poke|p1|Raging Bolt|
|poke|p1|Darkrai|
|poke|p1|Keldeo-Resolute|
|poke|p2|Ogerpon, F|
|poke|p2|Kyurem|
|poke|p2|Great Tusk|
|poke|p2|Ceruledge, M|
|poke|p2|Zapdos|
|poke|p2|Garganacl, F|
|teampreview
|inactive|Battle timer is ON: inactive players will automatically lose when time's up. (requested by necrozmact)
|
|t:|1779613907
|teamsize|p1|6
|teamsize|p2|6
|start
|switch|p1a: NU's finest|Reuniclus, F, shiny|100/100
|switch|p2a: Ogerpon|Ogerpon, F|100/100
|turn|1
|
|t:|1779613922
|move|p2a: Ogerpon|Knock Off|p1a: NU's finest
|-supereffective|p1a: NU's finest
|-damage|p1a: NU's finest|23/100
|-damage|p2a: Ogerpon|84/100|[from] item: Rocky Helmet|[of] p1a: NU's finest
|-enditem|p1a: NU's finest|Rocky Helmet|[from] move: Knock Off|[of] p2a: Ogerpon
|move|p1a: NU's finest|Knock Off|p2a: Ogerpon
|-damage|p2a: Ogerpon|66/100
|-enditem|p2a: Ogerpon|Choice Band|[from] move: Knock Off|[of] p1a: NU's finest
|
|upkeep
|turn|2
|
|t:|1779613932
|move|p2a: Ogerpon|U-turn|p1a: NU's finest
|-supereffective|p1a: NU's finest
|-damage|p1a: NU's finest|0 fnt
|faint|p1a: NU's finest
|
|t:|1779613943
|switch|p2a: Garganacl|Garganacl, F|100/100|[from] U-turn
|
|upkeep
|
|t:|1779613949
|switch|p1a: lil trooper|Keldeo-Resolute|100/100
|turn|3
|
|t:|1779613954
|move|p1a: lil trooper|Surf|p2a: Garganacl
|-supereffective|p2a: Garganacl
|-damage|p2a: Garganacl|28/100
|move|p2a: Garganacl|Salt Cure|p1a: lil trooper
|-resisted|p1a: lil trooper
|-damage|p1a: lil trooper|93/100
|-start|p1a: lil trooper|Salt Cure
|
|-heal|p2a: Garganacl|34/100|[from] item: Leftovers
|-damage|p1a: lil trooper|68/100|[from] Salt Cure
|upkeep
|turn|4
|
|t:|1779613960
|switch|p1a: freddie gibbs|Darkrai|100/100
|move|p2a: Garganacl|Protect||[still]
|-fail|p2a: Garganacl
|
|-heal|p2a: Garganacl|40/100|[from] item: Leftovers
|upkeep
|turn|5
|
|t:|1779613966
|move|p1a: freddie gibbs|Dark Pulse|p2a: Garganacl
|-damage|p2a: Garganacl|0 fnt
|faint|p2a: Garganacl
|
|upkeep
|
|t:|1779613970
|switch|p2a: Ogerpon|Ogerpon, F|66/100
|turn|6
|
|t:|1779613975
|-terastallize|p2a: Ogerpon|Grass
|detailschange|p2a: Ogerpon|Ogerpon-Teal-Tera, F, tera:Grass
|-ability|p2a: Ogerpon|Embody Aspect (Teal)|boost
|-boost|p2a: Ogerpon|spe|1
|move|p2a: Ogerpon|Ivy Cudgel|p1a: freddie gibbs
|-damage|p1a: freddie gibbs|0 fnt
|faint|p1a: freddie gibbs
|
|upkeep
|
|t:|1779613985
|switch|p1a: '06 wayne rooney|Cinderace, M|100/100
|turn|7
|
|t:|1779613998
|move|p2a: Ogerpon|Superpower|p1a: '06 wayne rooney
|-damage|p1a: '06 wayne rooney|41/100
|-unboost|p2a: Ogerpon|atk|1
|-unboost|p2a: Ogerpon|def|1
|move|p1a: '06 wayne rooney|U-turn|p2a: Ogerpon
|-start|p1a: '06 wayne rooney|typechange|Bug|[from] ability: Libero
|-supereffective|p2a: Ogerpon
|-damage|p2a: Ogerpon|0 fnt
|faint|p2a: Ogerpon
|detailschange|p2: Ogerpon|Ogerpon, F|[silent]
|
|t:|1779614003
|switch|p1a: lil trooper|Keldeo-Resolute|68/100|[from] U-turn
|
|upkeep
|
|t:|1779614007
|switch|p2a: Zapdos|Zapdos|100/100
|turn|8
|
|t:|1779614032
|switch|p1a: super mario|Kyurem, shiny|100/100
|-ability|p1a: super mario|Pressure
|move|p2a: Zapdos|Volt Switch|p1a: super mario
|-resisted|p1a: super mario
|-damage|p1a: super mario|93/100
|
|t:|1779614046
|switch|p2a: Ceruledge|Ceruledge, M|100/100|[from] Volt Switch
|
|upkeep
|turn|9
|
|t:|1779614061
|move|p1a: super mario|Earth Power|p2a: Ceruledge
|-supereffective|p2a: Ceruledge
|-damage|p2a: Ceruledge|48/100
|move|p2a: Ceruledge|Bitter Blade|p1a: super mario
|-damage|p1a: super mario|54/100
|-heal|p2a: Ceruledge|74/100|[from] drain|[of] p1a: super mario
|
|upkeep
|turn|10
|
|t:|1779614065
|switch|p1a: lil trooper|Keldeo-Resolute|68/100
|switch|p2a: Zapdos|Zapdos|100/100
|
|upkeep
|turn|11
|
|t:|1779614068
|move|p1a: lil trooper|Surf|p2a: Zapdos
|-damage|p2a: Zapdos|46/100
|move|p2a: Zapdos|Hurricane|p1a: lil trooper
|-supereffective|p1a: lil trooper
|-damage|p1a: lil trooper|0 fnt
|faint|p1a: lil trooper
|
|upkeep
|
|t:|1779614072
|switch|p1a: raging goat|Raging Bolt|100/100
|-enditem|p1a: raging goat|Booster Energy
|-activate|p1a: raging goat|ability: Protosynthesis|[fromitem]
|-start|p1a: raging goat|protosynthesisspa
|turn|12
|
|t:|1779614075
|move|p1a: raging goat|Thunderclap||[still]
|-fail|p1a: raging goat
|move|p2a: Zapdos|Roost|p2a: Zapdos
|-heal|p2a: Zapdos|96/100
|-singleturn|p2a: Zapdos|move: Roost
|
|upkeep
|turn|13
|
|t:|1779614080
|move|p2a: Zapdos|Volt Switch|p1a: raging goat
|-resisted|p1a: raging goat
|-damage|p1a: raging goat|94/100
|
|t:|1779614083
|switch|p2a: Great Tusk|Great Tusk|100/100|[from] Volt Switch
|move|p1a: raging goat|Calm Mind|p1a: raging goat
|-boost|p1a: raging goat|spa|1
|-boost|p1a: raging goat|spd|1
|
|upkeep
|turn|14
|
|t:|1779614086
|-terastallize|p1a: raging goat|Bug
|move|p2a: Great Tusk|Headlong Rush|p1a: raging goat
|-resisted|p1a: raging goat
|-damage|p1a: raging goat|67/100
|-unboost|p2a: Great Tusk|def|1
|-unboost|p2a: Great Tusk|spd|1
|move|p1a: raging goat|Dragon Pulse|p2a: Great Tusk
|-damage|p2a: Great Tusk|0 fnt
|faint|p2a: Great Tusk
|-end|p2a: Great Tusk|Protosynthesis|[silent]
|
|upkeep
|
|t:|1779614093
|switch|p2a: Ceruledge|Ceruledge, M|74/100
|turn|15
|
|t:|1779614095
|move|p1a: raging goat|Thunderclap|p2a: Ceruledge
|-damage|p2a: Ceruledge|0 fnt
|faint|p2a: Ceruledge
|
|upkeep
|
|t:|1779614101
|switch|p2a: Kyurem|Kyurem|100/100
|-ability|p2a: Kyurem|Pressure
|turn|16
|
|t:|1779614105
|move|p2a: Kyurem|Draco Meteor|p1a: raging goat
|-damage|p1a: raging goat|7/100
|-unboost|p2a: Kyurem|spa|2
|move|p1a: raging goat|Dragon Pulse|p2a: Kyurem
|-supereffective|p2a: Kyurem
|-damage|p2a: Kyurem|0 fnt
|faint|p2a: Kyurem
|
|upkeep
|
|t:|1779614108
|switch|p2a: Zapdos|Zapdos|96/100
|turn|17
|
|t:|1779614110
|move|p1a: raging goat|Thunderclap|p2a: Zapdos
|-damage|p2a: Zapdos|14/100
|move|p2a: Zapdos|Volt Switch|p1a: raging goat
|-damage|p1a: raging goat|0 fnt
|faint|p1a: raging goat
|-end|p1a: raging goat|Protosynthesis|[silent]
|
|upkeep
|
|t:|1779614114
|switch|p1a: '06 wayne rooney|Cinderace, M|41/100
|turn|18
|
|t:|1779614116
|move|p1a: '06 wayne rooney|Sucker Punch||[still]
|-fail|p1a: '06 wayne rooney
|move|p2a: Zapdos|Roost|p2a: Zapdos
|-heal|p2a: Zapdos|64/100
|-singleturn|p2a: Zapdos|move: Roost
|
|upkeep
|turn|19
|
|t:|1779614120
|move|p1a: '06 wayne rooney|Pyro Ball|p2a: Zapdos
|-damage|p2a: Zapdos|4/100
|move|p2a: Zapdos|Hurricane|p1a: '06 wayne rooney
|-damage|p1a: '06 wayne rooney|0 fnt
|faint|p1a: '06 wayne rooney
|
|upkeep
|c|☆aria4games|im so dense
|
|t:|1779614124
|switch|p1a: super mario|Kyurem, shiny|54/100
|-ability|p1a: super mario|Pressure
|turn|20
|
|t:|1779614130
|move|p2a: Zapdos|Hurricane|p1a: super mario
|-damage|p1a: super mario|30/100
|move|p1a: super mario|Freeze-Dry|p2a: Zapdos
|-supereffective|p2a: Zapdos
|-damage|p2a: Zapdos|0 fnt
|faint|p2a: Zapdos
|
|win|aria4games
|raw|aria4games's rating: 1362 &rarr; <strong>1381</strong><br />(+19 for winning)
|raw|necrozmact's rating: 1337 &rarr; <strong>1318</strong><br />(-19 for losing)
|c|☆necrozmact|gg
|c|☆aria4games|ggwp
|l|☆aria4games
|player|p1|
|l|☆necrozmact
|player|p2|
