|j|☆Japanese dem
|j|☆TommyTT7
|t:|1779570261
|gametype|singles
|player|p1|Japanese dem|sabrina-masters|
|player|p2|TommyTT7|roxie|
|gen|9
|tier|[Gen 9] OU
|rule|HP Percentage Mod: HP is shown in percentages
|rule|Endless Battle Clause: Forcing endless battles is banned
|rule|Species Clause: Limit one of each Pokémon
|rule|OHKO Clause: OHKO moves are banned
|rule|Evasion Items Clause: Evasion items are banned
|rule|Evasion Moves Clause: Evasion moves are banned
|rule|Evasion Abilities Clause: Evasion abilities are banned
|rule|Sleep Moves Clause: Sleep-inducing moves are banned
|clearpoke
|poke|p1|Gholdengo|
|poke|p1|Weavile, M|
|poke|p1|Zamazenta-*|
|poke|p1|Latias, F|
|poke|p1|Dragonite, F|
|poke|p1|Glimmora, F|
|poke|p2|Kyurem|
|poke|p2|Ogerpon-Wellspring, F|
|poke|p2|Great Tusk|
|poke|p2|Kingambit, F|
|poke|p2|Gholdengo|
|poke|p2|Moltres|
|teampreview
|j| mr_papu2
|j| Bijets
|
|t:|1779570326
|teamsize|p1|6
|teamsize|p2|6
|start
|switch|p1a: Lo Siento BB:/|Weavile, M|100/100
|switch|p2a: Gholdengo|Gholdengo|100/100
|-item|p2a: Gholdengo|Air Balloon
|turn|1
|
|t:|1779570335
|switch|p2a: Moltres|Moltres|100/100
|move|p1a: Lo Siento BB:/|Knock Off|p2a: Moltres
|-damage|p2a: Moltres|61/100
|-enditem|p2a: Moltres|Heavy-Duty Boots|[from] move: Knock Off|[of] p1a: Lo Siento BB:/
|-damage|p1a: Lo Siento BB:/|91/100|[from] item: Life Orb
|
|upkeep
|turn|2
|j| Paniskter
|
|t:|1779570383
|switch|p1a: Ivy|Glimmora, F, shiny|100/100
|move|p2a: Moltres|U-turn|p1a: Ivy
|-resisted|p1a: Ivy
|-damage|p1a: Ivy|93/100
|-activate|p1a: Ivy|ability: Toxic Debris
|-sidestart|p2: TommyTT7|move: Toxic Spikes
|-enditem|p1a: Ivy|Red Card|[of] p2a: Moltres
|drag|p2a: Gholdengo|Gholdengo|100/100
|-item|p2a: Gholdengo|Air Balloon
|
|upkeep
|turn|3
|j| JuanCam1lo
|
|t:|1779570455
|move|p1a: Ivy|Stealth Rock|p2a: Gholdengo
|-sidestart|p2: TommyTT7|move: Stealth Rock
|move|p2a: Gholdengo|Make It Rain|p1a: Ivy
|-supereffective|p1a: Ivy
|-damage|p1a: Ivy|0 fnt
|-unboost|p2a: Gholdengo|spa|1
|faint|p1a: Ivy
|
|upkeep
|inactive|Battle timer is ON: inactive players will automatically lose when time's up. (requested by Japanese dem)
|
|t:|1779570509
|switch|p1a: Lo Siento BB:/|Weavile, M|91/100
|turn|4
|
|t:|1779570514
|switch|p2a: Great Tusk|Great Tusk|100/100
|-status|p2a: Great Tusk|psn
|-damage|p2a: Great Tusk|98/100 psn|[from] Stealth Rock
|move|p1a: Lo Siento BB:/|Knock Off|p2a: Great Tusk
|-resisted|p2a: Great Tusk
|-damage|p2a: Great Tusk|73/100 psn
|-enditem|p2a: Great Tusk|Leftovers|[from] move: Knock Off|[of] p1a: Lo Siento BB:/
|-damage|p1a: Lo Siento BB:/|81/100|[from] item: Life Orb
|
|-damage|p2a: Great Tusk|61/100 psn|[from] psn
|upkeep
|turn|5
|c| Paniskter|y el pursuit
|
|t:|1779570525
|move|p1a: Lo Siento BB:/|Triple Axel|p2a: Great Tusk
|-supereffective|p2a: Great Tusk
|-damage|p2a: Great Tusk|41/100 psn
|-supereffective|p2a: Great Tusk
|-damage|p2a: Great Tusk|1/100 psn
|-supereffective|p2a: Great Tusk
|-damage|p2a: Great Tusk|0 fnt
|faint|p2a: Great Tusk
|-end|p2a: Great Tusk|Protosynthesis|[silent]
|-hitcount|p2: Great Tusk|3
|-damage|p1a: Lo Siento BB:/|71/100|[from] item: Life Orb
|
|upkeep
|c|☆Japanese dem|ah perdon
|
|t:|1779570534
|switch|p2a: Kingambit|Kingambit, F|100/100
|-damage|p2a: Kingambit|94/100|[from] Stealth Rock
|-activate|p2a: Kingambit|ability: Supreme Overlord
|-start|p2a: Kingambit|fallen1|[silent]
|turn|6
|c|☆Japanese dem|se me olvido
|c| Paniskter|mal ahí w
|
|t:|1779570551
|switch|p1a: Death & Romance|Zamazenta, shiny|100/100
|-ability|p1a: Death & Romance|Dauntless Shield|boost
|-boost|p1a: Death & Romance|def|1
|move|p2a: Kingambit|Swords Dance|p2a: Kingambit
|-boost|p2a: Kingambit|atk|2
|
|-heal|p2a: Kingambit|100/100|[from] item: Leftovers
|upkeep
|turn|7
|
|t:|1779570565
|-end|p2a: Kingambit|fallen1|[silent]
|switch|p2a: Gholdengo|Gholdengo|100/100
|-damage|p2a: Gholdengo|94/100|[from] Stealth Rock
|-item|p2a: Gholdengo|Air Balloon
|move|p1a: Death & Romance|Substitute|p1a: Death & Romance
|-start|p1a: Death & Romance|Substitute
|-damage|p1a: Death & Romance|76/100
|
|-heal|p1a: Death & Romance|82/100|[from] item: Leftovers
|upkeep
|turn|8
|
|t:|1779570575
|move|p1a: Death & Romance|Crunch|p2a: Gholdengo
|-supereffective|p2a: Gholdengo
|-damage|p2a: Gholdengo|53/100
|-enditem|p2a: Gholdengo|Air Balloon
|move|p2a: Gholdengo|Shadow Ball|p1a: Death & Romance
|-end|p1a: Death & Romance|Substitute
|
|-heal|p1a: Death & Romance|88/100|[from] item: Leftovers
|upkeep
|turn|9
|
|t:|1779570595
|move|p1a: Death & Romance|Crunch|p2a: Gholdengo
|-supereffective|p2a: Gholdengo
|-damage|p2a: Gholdengo|15/100
|move|p2a: Gholdengo|Shadow Ball|p1a: Death & Romance
|-damage|p1a: Death & Romance|59/100
|
|-heal|p1a: Death & Romance|65/100|[from] item: Leftovers
|upkeep
|turn|10
|
|t:|1779570609
|switch|p2a: Ogerpon|Ogerpon-Wellspring, F|100/100
|-status|p2a: Ogerpon|psn
|-damage|p2a: Ogerpon|88/100 psn|[from] Stealth Rock
|move|p1a: Death & Romance|Crunch|p2a: Ogerpon
|-damage|p2a: Ogerpon|58/100 psn
|
|-heal|p1a: Death & Romance|71/100|[from] item: Leftovers
|-damage|p2a: Ogerpon|46/100 psn|[from] psn
|upkeep
|turn|11
|
|t:|1779570622
|move|p1a: Death & Romance|Body Press|p2a: Ogerpon
|-damage|p2a: Ogerpon|0 fnt
|faint|p2a: Ogerpon
|
|-heal|p1a: Death & Romance|78/100|[from] item: Leftovers
|upkeep
|
|t:|1779570630
|switch|p2a: Kingambit|Kingambit, F|100/100
|-damage|p2a: Kingambit|94/100|[from] Stealth Rock
|-activate|p2a: Kingambit|ability: Supreme Overlord
|-start|p2a: Kingambit|fallen2|[silent]
|turn|12
|
|t:|1779570642
|-terastallize|p2a: Kingambit|Dark
|move|p1a: Death & Romance|Body Press|p2a: Kingambit
|-supereffective|p2a: Kingambit
|-damage|p2a: Kingambit|26/100
|move|p2a: Kingambit|Kowtow Cleave|p1a: Death & Romance
|-resisted|p1a: Death & Romance
|-damage|p1a: Death & Romance|58/100
|
|-heal|p1a: Death & Romance|65/100|[from] item: Leftovers
|-heal|p2a: Kingambit|33/100|[from] item: Leftovers
|upkeep
|turn|13
|c|☆TommyTT7|kk
|l| mr_papu2
|j| mr_papu2
|c|☆TommyTT7|voy a quedar re mal si tiro ff
|inactive|TommyTT7 has 270 seconds left.
|-message|TommyTT7 forfeited.
|
|win|Japanese dem
|l|☆TommyTT7
|player|p2|
|c|☆Japanese dem|X D
|j|☆TommyTT7
|player|p2|TommyTT7|roxie|
|c| mr_papu2|Xddd
|l| JuanCam1lo
|c|☆TommyTT7|ggs
|l|☆TommyTT7
|player|p2|
|c| Paniskter|pensé que el ff lo iba a tirar Coffeon
|l| mr_papu2
|c| Bijets|ala
|l| Bijets
|l| Paniskter
|j| Paniskter
|l| Paniskter
|j| Lied der Seele
