|j|☆claudechamp
|j|☆ykurryt
|t:|1779694716
|gametype|singles
|player|p1|claudechamp|169|1117
|player|p2|ykurryt|266|1081
|gen|9
|tier|[Gen 9] OU
|rated|
|rule|HP Percentage Mod: HP is shown in percentages
|rule|Endless Battle Clause: Forcing endless battles is banned
|rule|Species Clause: Limit one of each Pokémon
|rule|OHKO Clause: OHKO moves are banned
|rule|Evasion Items Clause: Evasion items are banned
|rule|Evasion Moves Clause: Evasion moves are banned
|rule|Evasion Abilities Clause: Evasion abilities are banned
|rule|Sleep Moves Clause: Sleep-inducing moves are banned
|clearpoke
|poke|p1|Gliscor, F|
|poke|p1|Gholdengo|
|poke|p1|Zamazenta-*|
|poke|p1|Blissey, F|
|poke|p1|Skarmory, M|
|poke|p1|Pecharunt|
|poke|p2|Ceruledge, F|
|poke|p2|Samurott-Hisui, M|
|poke|p2|Dragonite, F|
|poke|p2|Iron Valiant|
|poke|p2|Pawmot, F|
|poke|p2|Glimmora, M|
|teampreview
|c|☆claudechamp|hf
|inactive|Battle timer is ON: inactive players will automatically lose when time's up. (requested by claudechamp)
|
|t:|1779694726
|teamsize|p1|6
|teamsize|p2|6
|start
|switch|p1a: Skarmory|Skarmory, M|100/100
|switch|p2a: Glimmora|Glimmora, M|100/100
|turn|1
|
|t:|1779694734
|move|p2a: Glimmora|Spikes|p1a: Skarmory
|-sidestart|p1: claudechamp|Spikes
|move|p1a: Skarmory|Spikes|p2a: Glimmora
|-sidestart|p2: ykurryt|Spikes
|
|upkeep
|turn|2
|
|t:|1779694740
|move|p2a: Glimmora|Spikes|p1a: Skarmory
|-sidestart|p1: claudechamp|Spikes
|move|p1a: Skarmory|Spikes|p2a: Glimmora
|-sidestart|p2: ykurryt|Spikes
|
|upkeep
|turn|3
|
|t:|1779694746
|move|p2a: Glimmora|Stealth Rock|p1a: Skarmory
|-sidestart|p1: claudechamp|move: Stealth Rock
|move|p1a: Skarmory|Spikes|p2a: Glimmora
|-sidestart|p2: ykurryt|Spikes
|
|upkeep
|turn|4
|
|t:|1779694751
|switch|p1a: Gliscor|Gliscor, F|100/100
|-damage|p1a: Gliscor|88/100|[from] Stealth Rock
|move|p2a: Glimmora|Spikes|p1a: Gliscor
|-sidestart|p1: claudechamp|Spikes
|
|-status|p1a: Gliscor|tox|[from] item: Toxic Orb
|upkeep
|turn|5
|
|t:|1779694760
|move|p2a: Glimmora|Mortal Spin|p1a: Gliscor
|-resisted|p1a: Gliscor
|-damage|p1a: Gliscor|86/100 tox
|-sideend|p2: ykurryt|Spikes|[from] move: Mortal Spin|[of] p2a: Glimmora
|move|p1a: Gliscor|Earthquake|p2a: Glimmora
|-supereffective|p2a: Glimmora
|-enditem|p2a: Glimmora|Focus Sash
|-damage|p2a: Glimmora|1/100
|-activate|p2a: Glimmora|ability: Toxic Debris
|-sidestart|p1: claudechamp|move: Toxic Spikes
|
|-heal|p1a: Gliscor|98/100 tox|[from] ability: Poison Heal
|upkeep
|turn|6
|
|t:|1779694776
|move|p2a: Glimmora|Energy Ball|p1a: Gliscor
|-damage|p1a: Gliscor|70/100 tox
|move|p1a: Gliscor|Swords Dance|p1a: Gliscor
|-boost|p1a: Gliscor|atk|2
|
|-heal|p1a: Gliscor|82/100 tox|[from] ability: Poison Heal
|upkeep
|turn|7
|
|t:|1779694785
|move|p2a: Glimmora|Energy Ball|p1a: Gliscor
|-damage|p1a: Gliscor|51/100 tox
|move|p1a: Gliscor|Earthquake|p2a: Glimmora
|-supereffective|p2a: Glimmora
|-damage|p2a: Glimmora|0 fnt
|-activate|p2a: Glimmora|ability: Toxic Debris
|-sidestart|p1: claudechamp|move: Toxic Spikes
|faint|p2a: Glimmora
|
|-heal|p1a: Gliscor|64/100 tox|[from] ability: Poison Heal
|upkeep
|
|t:|1779694798
|switch|p2a: Dragonite|Dragonite, F|100/100
|turn|8
|
|t:|1779694809
|-terastallize|p2a: Dragonite|Normal
|move|p2a: Dragonite|Ice Spinner|p1a: Gliscor
|-supereffective|p1a: Gliscor
|-damage|p1a: Gliscor|0 fnt
|faint|p1a: Gliscor
|
|upkeep
|
|t:|1779694813
|switch|p1a: Blissey|Blissey, F|100/100
|turn|9
|
|t:|1779694820
|move|p2a: Dragonite|Dragon Dance|p2a: Dragonite
|-boost|p2a: Dragonite|atk|1
|-boost|p2a: Dragonite|spe|1
|move|p1a: Blissey|Stealth Rock|p2a: Dragonite
|-sidestart|p2: ykurryt|move: Stealth Rock
|
|upkeep
|turn|10
|
|t:|1779694826
|switch|p1a: Zamazenta|Zamazenta|100/100
|-ability|p1a: Zamazenta|Dauntless Shield|boost
|-boost|p1a: Zamazenta|def|1
|move|p2a: Dragonite|Dragon Dance|p2a: Dragonite
|-boost|p2a: Dragonite|atk|1
|-boost|p2a: Dragonite|spe|1
|
|upkeep
|turn|11
|
|t:|1779694839
|move|p2a: Dragonite|Extreme Speed|p1a: Zamazenta
|-damage|p1a: Zamazenta|45/100
|move|p1a: Zamazenta|Close Combat|p2a: Dragonite
|-supereffective|p2a: Dragonite
|-damage|p2a: Dragonite|32/100
|-unboost|p1a: Zamazenta|def|1
|-unboost|p1a: Zamazenta|spd|1
|
|upkeep
|turn|12
|
|t:|1779694849
|switch|p1a: Skarmory|Skarmory, M|100/100
|move|p2a: Dragonite|Extreme Speed|p1a: Skarmory
|-resisted|p1a: Skarmory
|-damage|p1a: Skarmory|73/100
|
|upkeep
|turn|13
|
|t:|1779694859
|move|p2a: Dragonite|Ice Spinner|p1a: Skarmory
|-damage|p1a: Skarmory|33/100
|move|p1a: Skarmory|Whirlwind|p2a: Dragonite
|drag|p2a: Pawmot|Pawmot, F|100/100
|-damage|p2a: Pawmot|94/100|[from] Stealth Rock
|
|upkeep
|turn|14
|
|t:|1779694871
|move|p2a: Pawmot|Double Shock|p1a: Skarmory
|-supereffective|p1a: Skarmory
|-damage|p1a: Skarmory|0 fnt
|-start|p2a: Pawmot|typechange|???/Fighting|[from] move: Double Shock
|faint|p1a: Skarmory
|
|upkeep
|
|t:|1779694875
|switch|p1a: Zamazenta|Zamazenta|45/100
|turn|15
|
|t:|1779694880
|move|p1a: Zamazenta|Close Combat|p2a: Pawmot
|-damage|p2a: Pawmot|19/100
|-unboost|p1a: Zamazenta|def|1
|-unboost|p1a: Zamazenta|spd|1
|move|p2a: Pawmot|Nuzzle|p1a: Zamazenta
|-damage|p1a: Zamazenta|38/100
|-status|p1a: Zamazenta|par
|
|upkeep
|turn|16
|
|t:|1779694893
|move|p2a: Pawmot|Wish|p2a: Pawmot
|cant|p1a: Zamazenta|par
|
|upkeep
|turn|17
|
|t:|1779694907
|switch|p2a: Dragonite|Dragonite, F, tera:Normal|32/100
|move|p1a: Zamazenta|Close Combat|p2a: Dragonite
|-supereffective|p2a: Dragonite
|-damage|p2a: Dragonite|0 fnt
|-unboost|p1a: Zamazenta|def|1
|-unboost|p1a: Zamazenta|spd|1
|faint|p2a: Dragonite
|
|upkeep
|
|t:|1779694918
|switch|p2a: Ceruledge|Ceruledge, F|100/100
|-damage|p2a: Ceruledge|75/100|[from] Stealth Rock
|turn|18
|
|t:|1779694927
|move|p2a: Ceruledge|Bitter Blade|p1a: Zamazenta
|-damage|p1a: Zamazenta|0 fnt
|-heal|p2a: Ceruledge|97/100|[from] drain|[of] p1a: Zamazenta
|faint|p1a: Zamazenta
|
|upkeep
|
|t:|1779694932
|switch|p1a: Pecharunt|Pecharunt|100/100
|-sideend|p1: claudechamp|move: Toxic Spikes|[of] p1a: Pecharunt
|turn|19
|
|t:|1779694960
|move|p2a: Ceruledge|Bitter Blade|p1a: Pecharunt
|-damage|p1a: Pecharunt|79/100
|-heal|p2a: Ceruledge|100/100|[from] drain|[of] p1a: Pecharunt
|move|p1a: Pecharunt|Shadow Ball|p2a: Ceruledge
|-supereffective|p2a: Ceruledge
|-damage|p2a: Ceruledge|45/100
|
|upkeep
|turn|20
|
|t:|1779694973
|move|p2a: Ceruledge|Bitter Blade|p1a: Pecharunt
|-damage|p1a: Pecharunt|58/100
|-heal|p2a: Ceruledge|59/100|[from] drain|[of] p1a: Pecharunt
|move|p1a: Pecharunt|Shadow Ball|p2a: Ceruledge
|-supereffective|p2a: Ceruledge
|-damage|p2a: Ceruledge|0 fnt
|faint|p2a: Ceruledge
|
|upkeep
|inactive|ykurryt has 120 seconds left.
|
|t:|1779694984
|switch|p2a: Pawmot|Pawmot, F|19/100
|-damage|p2a: Pawmot|13/100|[from] Stealth Rock
|turn|21
|
|t:|1779694990
|move|p2a: Pawmot|Revival Blessing|p2a: Pawmot
|-enditem|p2a: Pawmot|Leppa Berry|[eat]
|-activate|p2a: Pawmot|item: Leppa Berry|Revival Blessing|[consumed]
|
|t:|1779694997
|-heal|p2: Ceruledge|50/100|[from] move: Revival Blessing
|move|p1a: Pecharunt|Shadow Ball|p2a: Pawmot
|-damage|p2a: Pawmot|0 fnt
|faint|p2a: Pawmot
|
|upkeep
|
|t:|1779695003
|switch|p2a: Samurott|Samurott-Hisui, M|100/100
|-damage|p2a: Samurott|88/100|[from] Stealth Rock
|turn|22
|
|t:|1779695010
|move|p2a: Samurott|Ceaseless Edge|p1a: Pecharunt
|-supereffective|p1a: Pecharunt
|-damage|p1a: Pecharunt|15/100
|move|p1a: Pecharunt|Shadow Ball|p2a: Samurott
|-resisted|p2a: Samurott
|-damage|p2a: Samurott|75/100
|-unboost|p2a: Samurott|spd|1
|
|upkeep
|turn|23
|
|t:|1779695021
|-terastallize|p1a: Pecharunt|Fairy
|move|p2a: Samurott|Ceaseless Edge|p1a: Pecharunt
|-resisted|p1a: Pecharunt
|-damage|p1a: Pecharunt|4/100
|move|p1a: Pecharunt|Recover|p1a: Pecharunt
|-heal|p1a: Pecharunt|54/100
|
|upkeep
|turn|24
|
|t:|1779695032
|move|p2a: Samurott|Razor Shell|p1a: Pecharunt
|-damage|p1a: Pecharunt|30/100
|move|p1a: Pecharunt|Recover|p1a: Pecharunt
|-heal|p1a: Pecharunt|80/100
|
|upkeep
|turn|25
|
|t:|1779695048
|switch|p2a: Ceruledge|Ceruledge, F|50/100
|-damage|p2a: Ceruledge|25/100|[from] Stealth Rock
|move|p1a: Pecharunt|Toxic|p2a: Ceruledge
|-status|p2a: Ceruledge|tox
|-start|p2a: Ceruledge|confusion|[from] ability: Poison Puppeteer|[of] p1a: Pecharunt
|
|-damage|p2a: Ceruledge|19/100 tox|[from] psn
|upkeep
|turn|26
|
|t:|1779695060
|-activate|p2a: Ceruledge|confusion
|move|p2a: Ceruledge|Destiny Bond|p2a: Ceruledge
|-singlemove|p2a: Ceruledge|Destiny Bond
|move|p1a: Pecharunt|Recover|p1a: Pecharunt
|-heal|p1a: Pecharunt|100/100
|
|-damage|p2a: Ceruledge|7/100 tox|[from] psn
|upkeep
|turn|27
|inactive|ykurryt has 120 seconds left.
|
|t:|1779695080
|switch|p2a: Iron Valiant|Iron Valiant|100/100
|-damage|p2a: Iron Valiant|94/100|[from] Stealth Rock
|-enditem|p2a: Iron Valiant|Booster Energy
|-activate|p2a: Iron Valiant|ability: Quark Drive|[fromitem]
|-start|p2a: Iron Valiant|quarkdrivespe
|move|p1a: Pecharunt|Shadow Ball|p2a: Iron Valiant
|-damage|p2a: Iron Valiant|47/100
|
|upkeep
|turn|28
|inactive|ykurryt has 120 seconds left.
|
|t:|1779695097
|move|p2a: Iron Valiant|Disable|p1a: Pecharunt
|-start|p1a: Pecharunt|Disable|Shadow Ball
|cant|p1a: Pecharunt|Disable|Shadow Ball
|
|upkeep
|turn|29
|
|t:|1779695106
|move|p2a: Iron Valiant|Calm Mind|p2a: Iron Valiant
|-boost|p2a: Iron Valiant|spa|1
|-boost|p2a: Iron Valiant|spd|1
|move|p1a: Pecharunt|Toxic|p2a: Iron Valiant
|-status|p2a: Iron Valiant|tox
|-start|p2a: Iron Valiant|confusion|[from] ability: Poison Puppeteer|[of] p1a: Pecharunt
|
|-damage|p2a: Iron Valiant|41/100 tox|[from] psn
|upkeep
|turn|30
|inactive|ykurryt has 120 seconds left.
|
|t:|1779695117
|switch|p1a: Blissey|Blissey, F|100/100
|-activate|p2a: Iron Valiant|confusion
|move|p2a: Iron Valiant|Thunderbolt|p1a: Blissey
|-damage|p1a: Blissey|87/100
|
|-damage|p2a: Iron Valiant|29/100 tox|[from] psn
|upkeep
|turn|31
|inactive|ykurryt has 120 seconds left.
|
|t:|1779695132
|switch|p1a: Pecharunt|Pecharunt, tera:Fairy|100/100
|-activate|p2a: Iron Valiant|confusion
|move|p2a: Iron Valiant|Disable||[still]
|-fail|p2a: Iron Valiant
|
|-damage|p2a: Iron Valiant|10/100 tox|[from] psn
|upkeep
|turn|32
|inactive|ykurryt has 120 seconds left.
|
|t:|1779695144
|-activate|p2a: Iron Valiant|confusion
|move|p2a: Iron Valiant|Moonblast|p1a: Pecharunt
|-damage|p1a: Pecharunt|26/100
|-unboost|p1a: Pecharunt|spa|1
|move|p1a: Pecharunt|Shadow Ball|p2a: Iron Valiant
|-damage|p2a: Iron Valiant|0 fnt
|faint|p2a: Iron Valiant
|-end|p2a: Iron Valiant|Quark Drive|[silent]
|
|upkeep
|inactive|ykurryt has 120 seconds left.
|
|t:|1779695154
|switch|p2a: Samurott|Samurott-Hisui, M|75/100
|-damage|p2a: Samurott|63/100|[from] Stealth Rock
|turn|33
|inactive|ykurryt has 120 seconds left.
|
|t:|1779695161
|move|p2a: Samurott|Razor Shell|p1a: Pecharunt
|-damage|p1a: Pecharunt|4/100
|-unboost|p1a: Pecharunt|def|1
|move|p1a: Pecharunt|Recover|p1a: Pecharunt
|-heal|p1a: Pecharunt|54/100
|
|upkeep
|turn|34
|
|t:|1779695172
|move|p2a: Samurott|Razor Shell|p1a: Pecharunt
|-damage|p1a: Pecharunt|17/100
|-unboost|p1a: Pecharunt|def|1
|move|p1a: Pecharunt|Recover|p1a: Pecharunt
|-heal|p1a: Pecharunt|67/100
|
|upkeep
|turn|35
|
|t:|1779695183
|move|p2a: Samurott|Razor Shell|p1a: Pecharunt
|-damage|p1a: Pecharunt|20/100
|move|p1a: Pecharunt|Toxic|p2a: Samurott
|-status|p2a: Samurott|tox
|-start|p2a: Samurott|confusion|[from] ability: Poison Puppeteer|[of] p1a: Pecharunt
|
|-damage|p2a: Samurott|57/100 tox|[from] psn
|upkeep
|turn|36
|
|t:|1779695193
|-activate|p2a: Samurott|confusion
|move|p2a: Samurott|Razor Shell|p1a: Pecharunt
|-damage|p1a: Pecharunt|0 fnt
|faint|p1a: Pecharunt
|
|-damage|p2a: Samurott|44/100 tox|[from] psn
|upkeep
|
|t:|1779695201
|switch|p1a: Gholdengo|Gholdengo|100/100
|-damage|p1a: Gholdengo|76/100|[from] Spikes
|-damage|p1a: Gholdengo|70/100|[from] Stealth Rock
|turn|37
|
|t:|1779695210
|-end|p2a: Samurott|confusion
|move|p2a: Samurott|Ceaseless Edge|p1a: Gholdengo
|-supereffective|p1a: Gholdengo
|-damage|p1a: Gholdengo|6/100
|move|p1a: Gholdengo|Hex|p2a: Samurott
|-resisted|p2a: Samurott
|-damage|p2a: Samurott|14/100 tox
|
|-damage|p2a: Samurott|0 fnt|[from] psn
|faint|p2a: Samurott
|upkeep
|
|t:|1779695222
|switch|p2a: Ceruledge|Ceruledge, F|7/100 tox
|-damage|p2a: Ceruledge|0 fnt|[from] Stealth Rock
|faint|p2a: Ceruledge
|
|win|claudechamp
|raw|claudechamp's rating: 1091 &rarr; <strong>1117</strong><br />(+26 for winning)
|raw|ykurryt's rating: 1081 &rarr; <strong>1059</strong><br />(-22 for losing)
|c|☆claudechamp|gg
|l|☆ykurryt
|player|p2|
