|j|☆Spirit Guardian
|j|☆SgtBrick14
|t:|1779667466
|gametype|singles
|player|p1|Spirit Guardian|265|1467
|player|p2|SgtBrick14|pokemonranger|1458
|gen|9
|tier|[Gen 9] OU
|rated|
|rule|HP Percentage Mod: HP is shown in percentages
|rule|Endless Battle Clause: Forcing endless battles is banned
|rule|Species Clause: Limit one of each Pokémon
|rule|OHKO Clause: OHKO moves are banned
|rule|Evasion Items Clause: Evasion items are banned
|rule|Evasion Moves Clause: Evasion moves are banned
|rule|Evasion Abilities Clause: Evasion abilities are banned
|rule|Sleep Moves Clause: Sleep-inducing moves are banned
|clearpoke
|poke|p1|Glimmora, F|
|poke|p1|Mimikyu, M|
|poke|p1|Quaquaval, F|
|poke|p1|Iron Moth|
|poke|p1|Galvantula, M|
|poke|p1|Dragonite, M|
|poke|p2|Hatterene, F|
|poke|p2|Kleavor, M|
|poke|p2|Dragapult, M|
|poke|p2|Gengar, M|
|poke|p2|Cloyster, M|
|poke|p2|Blaziken, M|
|teampreview
|inactive|Battle timer is ON: inactive players will automatically lose when time's up. (requested by Spirit Guardian)
|
|t:|1779667482
|teamsize|p1|6
|teamsize|p2|6
|start
|switch|p1a: Glimmora|Glimmora, F|100/100
|switch|p2a: Hatterene|Hatterene, F|100/100
|-item|p1a: Glimmora|Air Balloon
|turn|1
|
|t:|1779667489
|move|p1a: Glimmora|Power Gem|p2a: Hatterene
|-damage|p2a: Hatterene|53/100
|move|p2a: Hatterene|Psychic|p1a: Glimmora
|-supereffective|p1a: Glimmora
|-damage|p1a: Glimmora|0 fnt
|-enditem|p1a: Glimmora|Air Balloon
|faint|p1a: Glimmora
|
|upkeep
|
|t:|1779667494
|switch|p1a: Quaquaval|Quaquaval, F|100/100
|turn|2
|
|t:|1779667503
|move|p1a: Quaquaval|Aqua Step|p2a: Hatterene
|-damage|p2a: Hatterene|6/100
|-boost|p1a: Quaquaval|spe|1
|move|p2a: Hatterene|Psychic|p1a: Quaquaval
|-supereffective|p1a: Quaquaval
|-damage|p1a: Quaquaval|0 fnt
|faint|p1a: Quaquaval
|
|upkeep
|
|t:|1779667510
|switch|p1a: Galvantula|Galvantula, M, shiny|100/100
|turn|3
|
|t:|1779667516
|move|p1a: Galvantula|Energy Ball|p2a: Hatterene
|-crit|p2a: Hatterene
|-damage|p2a: Hatterene|0 fnt
|faint|p2a: Hatterene
|
|upkeep
|
|t:|1779667526
|switch|p2a: Kleavor|Kleavor, M|100/100
|turn|4
|
|t:|1779667530
|move|p2a: Kleavor|Stone Axe|p1a: Galvantula|[miss]
|-miss|p2a: Kleavor|p1a: Galvantula
|move|p1a: Galvantula|Sticky Web|p2a: Kleavor
|-sidestart|p2: SgtBrick14|move: Sticky Web
|
|upkeep
|turn|5
|
|t:|1779667532
|move|p2a: Kleavor|Stone Axe|p1a: Galvantula
|-supereffective|p1a: Galvantula
|-enditem|p1a: Galvantula|Focus Sash
|-damage|p1a: Galvantula|1/100
|-sidestart|p1: Spirit Guardian|move: Stealth Rock
|move|p1a: Galvantula|Thunder|p2a: Kleavor
|-damage|p2a: Kleavor|29/100
|
|upkeep
|turn|6
|
|t:|1779667539
|move|p2a: Kleavor|Stone Axe|p1a: Galvantula
|-supereffective|p1a: Galvantula
|-damage|p1a: Galvantula|0 fnt
|faint|p1a: Galvantula
|
|upkeep
|
|t:|1779667542
|switch|p1a: Mimikyu|Mimikyu, M|100/100
|-damage|p1a: Mimikyu|88/100|[from] Stealth Rock
|turn|7
|
|t:|1779667544
|move|p2a: Kleavor|Stone Axe|p1a: Mimikyu
|-activate|p1a: Mimikyu|ability: Disguise
|-damage|p1a: Mimikyu|88/100
|detailschange|p1a: Mimikyu|Mimikyu-Busted, M
|-damage|p1a: Mimikyu|76/100|[from] pokemon: Mimikyu-Busted
|-enditem|p1a: Mimikyu|Red Card|[of] p2a: Kleavor
|drag|p2a: Dragapult|Dragapult, M|100/100
|-activate|p2a: Dragapult|move: Sticky Web
|-fail|p2a: Dragapult|unboost|[from] ability: Clear Body|[of] p2a: Dragapult
|move|p1a: Mimikyu|Swords Dance|p1a: Mimikyu
|-boost|p1a: Mimikyu|atk|2
|
|upkeep
|turn|8
|
|t:|1779667552
|move|p1a: Mimikyu|Shadow Sneak|p2a: Dragapult
|-supereffective|p2a: Dragapult
|-damage|p2a: Dragapult|19/100
|move|p2a: Dragapult|Phantom Force||[still]
|-prepare|p2a: Dragapult|Phantom Force
|
|upkeep
|turn|9
|
|t:|1779667561
|move|p2a: Dragapult|Phantom Force|p1a: Mimikyu|[from] lockedmove
|-supereffective|p1a: Mimikyu
|-damage|p1a: Mimikyu|0 fnt
|faint|p1a: Mimikyu
|
|upkeep
|
|t:|1779667566
|switch|p1a: Dragonite|Dragonite, M|100/100
|turn|10
|
|t:|1779667572
|move|p2a: Dragapult|Dragon Darts|p1a: Dragonite
|-supereffective|p1a: Dragonite
|-damage|p1a: Dragonite|72/100
|-anim|p2a: Dragapult|Dragon Darts|p1a: Dragonite
|-supereffective|p1a: Dragonite
|-damage|p1a: Dragonite|15/100
|move|p1a: Dragonite|Dragon Dance|p1a: Dragonite
|-boost|p1a: Dragonite|atk|1
|-boost|p1a: Dragonite|spe|1
|
|upkeep
|turn|11
|
|t:|1779667578
|move|p2a: Dragapult|Sucker Punch|p1a: Dragonite
|-damage|p1a: Dragonite|0 fnt
|faint|p1a: Dragonite
|
|upkeep
|
|t:|1779667580
|switch|p1a: Iron Moth|Iron Moth, shiny|100/100
|-damage|p1a: Iron Moth|76/100|[from] Stealth Rock
|-enditem|p1a: Iron Moth|Booster Energy
|-activate|p1a: Iron Moth|ability: Quark Drive|[fromitem]
|-start|p1a: Iron Moth|quarkdrivespa
|turn|12
|
|t:|1779667586
|move|p2a: Dragapult|Dragon Darts|p1a: Iron Moth
|-damage|p1a: Iron Moth|29/100
|-anim|p2a: Dragapult|Dragon Darts|p1a: Iron Moth
|-damage|p1a: Iron Moth|0 fnt
|faint|p1a: Iron Moth
|-end|p1a: Iron Moth|Quark Drive|[silent]
|
|win|SgtBrick14
|raw|Spirit Guardian's rating: 1467 &rarr; <strong>1446</strong><br />(-21 for losing)
|raw|SgtBrick14's rating: 1458 &rarr; <strong>1479</strong><br />(+21 for winning)
|l|☆SgtBrick14
|player|p2|
|l|☆Spirit Guardian
|player|p1|
