|j|☆Infinitepi
|j|☆a2533540231
|t:|1779634738
|gametype|singles
|player|p1|Infinitepi|dahlia|1182
|player|p2|a2533540231|266|1227
|gen|9
|tier|[Gen 9] OU
|rated|
|rule|HP Percentage Mod: HP is shown in percentages
|rule|Endless Battle Clause: Forcing endless battles is banned
|rule|Species Clause: Limit one of each Pokémon
|rule|OHKO Clause: OHKO moves are banned
|rule|Evasion Items Clause: Evasion items are banned
|rule|Evasion Moves Clause: Evasion moves are banned
|rule|Evasion Abilities Clause: Evasion abilities are banned
|rule|Sleep Moves Clause: Sleep-inducing moves are banned
|clearpoke
|poke|p1|Electrode-Hisui|
|poke|p1|Pawmot, M|
|poke|p1|Oricorio-Pom-Pom, F|
|poke|p1|Iron Thorns|
|poke|p1|Sandy Shocks|
|poke|p1|Jolteon, M|
|poke|p2|Corviknight, F|
|poke|p2|Hatterene, F|
|poke|p2|Clefable, M|
|poke|p2|Alomomola, M|
|poke|p2|Garchomp, F|
|poke|p2|Iron Treads|
|teampreview
|
|t:|1779634761
|teamsize|p1|6
|teamsize|p2|6
|start
|switch|p1a: Electrode|Electrode-Hisui|100/100
|switch|p2a: Hatterene|Hatterene, F|100/100
|turn|1
|
|t:|1779634775
|move|p1a: Electrode|Electro Ball|p2a: Hatterene
|-damage|p2a: Hatterene|59/100
|move|p2a: Hatterene|Trick|p1a: Electrode
|-activate|p2a: Hatterene|move: Trick|[of] p1a: Electrode
|-item|p1a: Electrode|Choice Scarf|[from] move: Trick
|-item|p2a: Hatterene|Blunder Policy|[from] move: Trick
|
|upkeep
|turn|2
|
|t:|1779634793
|switch|p1a: Pawmot|Pawmot, M|100/100
|move|p2a: Hatterene|Pain Split|p1a: Pawmot
|-sethp|p1a: Pawmot|83/100|[from] move: Pain Split|[silent]
|-sethp|p2a: Hatterene|74/100|[from] move: Pain Split
|
|upkeep
|turn|3
|
|t:|1779634804
|move|p1a: Pawmot|Double Shock|p2a: Hatterene
|-damage|p2a: Hatterene|22/100
|-start|p1a: Pawmot|typechange|???/Fighting|[from] move: Double Shock
|move|p2a: Hatterene|Trick|p1a: Pawmot
|-activate|p2a: Hatterene|move: Trick|[of] p1a: Pawmot
|-item|p1a: Pawmot|Blunder Policy|[from] move: Trick
|-item|p2a: Hatterene|Punching Glove|[from] move: Trick
|
|upkeep
|turn|4
|
|t:|1779634820
|switch|p2a: Garchomp|Garchomp, F|100/100
|move|p1a: Pawmot|Ice Punch|p2a: Garchomp
|-supereffective|p2a: Garchomp
|-damage|p2a: Garchomp|25/100
|-damage|p1a: Pawmot|71/100|[from] ability: Rough Skin|[of] p2a: Garchomp
|-damage|p1a: Pawmot|55/100|[from] item: Rocky Helmet|[of] p2a: Garchomp
|
|upkeep
|turn|5
|inactive|Battle timer is ON: inactive players will automatically lose when time's up. (requested by a2533540231)
|
|t:|1779634845
|switch|p2a: Alomomola|Alomomola, M|100/100
|move|p1a: Pawmot|Ice Punch|p2a: Alomomola
|-resisted|p2a: Alomomola
|-damage|p2a: Alomomola|91/100
|-damage|p1a: Pawmot|38/100|[from] item: Rocky Helmet|[of] p2a: Alomomola
|
|upkeep
|turn|6
|inactive|Infinitepi has 120 seconds left.
|
|t:|1779634876
|switch|p1a: Electrode|Electrode-Hisui|100/100
|move|p2a: Alomomola|Wish|p2a: Alomomola
|
|upkeep
|turn|7
|inactive|Infinitepi has 120 seconds left.
|
|t:|1779634889
|move|p1a: Electrode|Stun Spore|p2a: Alomomola
|-status|p2a: Alomomola|par
|move|p2a: Alomomola|Flip Turn|p1a: Electrode
|-resisted|p1a: Electrode
|-damage|p1a: Electrode|87/100
|
|t:|1779634895
|switch|p2a: Garchomp|Garchomp, F|25/100|[from] Flip Turn
|
|-heal|p2a: Garchomp|89/100|[from] move: Wish|[wisher] Alomomola
|upkeep
|turn|8
|
|t:|1779634900
|move|p1a: Electrode|Stun Spore|p2a: Garchomp
|-status|p2a: Garchomp|par
|move|p2a: Garchomp|Stealth Rock|p1a: Electrode
|-sidestart|p1: Infinitepi|move: Stealth Rock
|
|upkeep
|turn|9
|l|☆a2533540231
|inactive|a2533540231 disconnected and has a minute to reconnect!
|player|p2|
|j|☆a2533540231
|inactive|a2533540231 reconnected and has 120 seconds left.
|player|p2|a2533540231|266|
|inactive|a2533540231 has 90 seconds left.
|
|t:|1779634970
|switch|p1a: Oricorio|Oricorio-Pom-Pom, F|100/100
|move|p2a: Garchomp|Swords Dance|p2a: Garchomp
|-boost|p2a: Garchomp|atk|2
|-activate|p1a: Oricorio|ability: Dancer
|move|p1a: Oricorio|Swords Dance|p1a: Oricorio|[from] ability: Dancer
|-boost|p1a: Oricorio|atk|2
|
|upkeep
|turn|10
|inactive|a2533540231 has 90 seconds left.
|
|t:|1779634989
|move|p1a: Oricorio|Alluring Voice|p2a: Garchomp
|-supereffective|p2a: Garchomp
|-damage|p2a: Garchomp|43/100 par
|move|p2a: Garchomp|Dragon Tail|p1a: Oricorio
|-damage|p1a: Oricorio|25/100
|drag|p1a: Jolteon|Jolteon, M|100/100
|-damage|p1a: Jolteon|88/100|[from] Stealth Rock
|
|-status|p1a: Jolteon|brn|[from] item: Flame Orb
|upkeep
|turn|11
|inactive|a2533540231 has 90 seconds left.
|
|t:|1779635010
|switch|p2a: Alomomola|Alomomola, M|100/100 par
|move|p1a: Jolteon|Alluring Voice|p2a: Alomomola
|-damage|p2a: Alomomola|81/100 par
|
|-damage|p1a: Jolteon|82/100 brn|[from] brn
|upkeep
|turn|12
|inactive|Infinitepi has 120 seconds left.
|
|t:|1779635034
|switch|p1a: Oricorio|Oricorio-Pom-Pom, F|25/100
|cant|p2a: Alomomola|par
|
|upkeep
|turn|13
|inactive|Infinitepi has 120 seconds left.
|
|t:|1779635045
|move|p1a: Oricorio|Quiver Dance|p1a: Oricorio
|-boost|p1a: Oricorio|spa|1
|-boost|p1a: Oricorio|spd|1
|-boost|p1a: Oricorio|spe|1
|move|p2a: Alomomola|Mirror Coat||[still]
|-fail|p2a: Alomomola
|
|upkeep
|turn|14
|inactive|a2533540231 has 90 seconds left.
|inactive|Infinitepi has 120 seconds left.
|
|t:|1779635060
|switch|p2a: Clefable|Clefable, M|100/100
|move|p1a: Oricorio|Revelation Dance|p2a: Clefable
|-damage|p2a: Clefable|74/100
|
|-heal|p2a: Clefable|80/100|[from] item: Leftovers
|upkeep
|turn|15
|inactive|Infinitepi has 120 seconds left.
|
|t:|1779635077
|switch|p1a: Sandy Shocks|Sandy Shocks|100/100
|-damage|p1a: Sandy Shocks|94/100|[from] Stealth Rock
|move|p2a: Clefable|Calm Mind|p2a: Clefable
|-boost|p2a: Clefable|spa|1
|-boost|p2a: Clefable|spd|1
|
|-heal|p2a: Clefable|87/100|[from] item: Leftovers
|upkeep
|turn|16
|inactive|Infinitepi has 120 seconds left.
|
|t:|1779635094
|move|p1a: Sandy Shocks|Discharge|p2a: Clefable
|-damage|p2a: Clefable|65/100
|-status|p2a: Clefable|par
|cant|p2a: Clefable|par
|
|-heal|p2a: Clefable|71/100 par|[from] item: Leftovers
|upkeep
|turn|17
|inactive|Infinitepi has 120 seconds left.
|
|t:|1779635105
|move|p1a: Sandy Shocks|Earth Power|p2a: Clefable
|-damage|p2a: Clefable|47/100 par
|move|p2a: Clefable|Calm Mind|p2a: Clefable
|-boost|p2a: Clefable|spa|1
|-boost|p2a: Clefable|spd|1
|
|-heal|p2a: Clefable|54/100 par|[from] item: Leftovers
|upkeep
|turn|18
|inactive|a2533540231 has 90 seconds left.
|
|t:|1779635127
|move|p1a: Sandy Shocks|Earth Power|p2a: Clefable
|-damage|p2a: Clefable|38/100 par
|move|p2a: Clefable|Moonlight|p2a: Clefable
|-heal|p2a: Clefable|88/100 par
|
|-heal|p2a: Clefable|94/100 par|[from] item: Leftovers
|upkeep
|turn|19
|inactive|a2533540231 has 90 seconds left.
|inactive|Infinitepi has 120 seconds left.
|
|t:|1779635147
|move|p1a: Sandy Shocks|Earth Power|p2a: Clefable
|-damage|p2a: Clefable|78/100 par
|move|p2a: Clefable|Calm Mind|p2a: Clefable
|-boost|p2a: Clefable|spa|1
|-boost|p2a: Clefable|spd|1
|
|-heal|p2a: Clefable|84/100 par|[from] item: Leftovers
|upkeep
|turn|20
|inactive|a2533540231 has 90 seconds left.
|
|t:|1779635159
|move|p1a: Sandy Shocks|Earth Power|p2a: Clefable
|-damage|p2a: Clefable|72/100 par
|move|p2a: Clefable|Calm Mind|p2a: Clefable
|-boost|p2a: Clefable|spa|1
|-boost|p2a: Clefable|spd|1
|
|-heal|p2a: Clefable|78/100 par|[from] item: Leftovers
|upkeep
|turn|21
|inactive|a2533540231 has 90 seconds left.
|
|t:|1779635169
|move|p1a: Sandy Shocks|Earth Power|p2a: Clefable
|-damage|p2a: Clefable|66/100 par
|move|p2a: Clefable|Calm Mind|p2a: Clefable
|-boost|p2a: Clefable|spa|1
|-boost|p2a: Clefable|spd|1
|
|-heal|p2a: Clefable|72/100 par|[from] item: Leftovers
|upkeep
|turn|22
|inactive|a2533540231 has 90 seconds left.
|
|t:|1779635189
|-end|p1a: Sandy Shocks|Protosynthesis|[silent]
|switch|p1a: Electrode|Electrode-Hisui|87/100
|-damage|p1a: Electrode|75/100|[from] Stealth Rock
|cant|p2a: Clefable|par
|
|-heal|p2a: Clefable|78/100 par|[from] item: Leftovers
|upkeep
|turn|23
|
|t:|1779635193
|move|p1a: Electrode|Electro Ball|p2a: Clefable
|-damage|p2a: Clefable|66/100 par
|move|p2a: Clefable|Stored Power|p1a: Electrode
|-damage|p1a: Electrode|0 fnt
|faint|p1a: Electrode
|
|-heal|p2a: Clefable|72/100 par|[from] item: Leftovers
|upkeep
|
|t:|1779635203
|switch|p1a: Jolteon|Jolteon, M|82/100 brn
|-damage|p1a: Jolteon|70/100 brn|[from] Stealth Rock
|turn|24
|
|t:|1779635208
|move|p1a: Jolteon|Alluring Voice|p2a: Clefable
|-damage|p2a: Clefable|68/100 par
|cant|p2a: Clefable|par
|
|-heal|p2a: Clefable|74/100 par|[from] item: Leftovers
|-damage|p1a: Jolteon|64/100 brn|[from] brn
|upkeep
|turn|25
|
|t:|1779635213
|move|p1a: Jolteon|Substitute|p1a: Jolteon
|-start|p1a: Jolteon|Substitute
|-damage|p1a: Jolteon|40/100 brn
|move|p2a: Clefable|Stored Power|p1a: Jolteon
|-end|p1a: Jolteon|Substitute
|
|-heal|p2a: Clefable|80/100 par|[from] item: Leftovers
|-damage|p1a: Jolteon|34/100 brn|[from] brn
|upkeep
|turn|26
|
|t:|1779635217
|move|p1a: Jolteon|Shadow Ball|p2a: Clefable
|-damage|p2a: Clefable|75/100 par
|move|p2a: Clefable|Flamethrower|p1a: Jolteon
|-damage|p1a: Jolteon|0 fnt
|faint|p1a: Jolteon
|
|-heal|p2a: Clefable|81/100 par|[from] item: Leftovers
|upkeep
|
|t:|1779635222
|switch|p1a: Iron Thorns|Iron Thorns|100/100
|-damage|p1a: Iron Thorns|88/100|[from] Stealth Rock
|turn|27
|
|t:|1779635230
|move|p1a: Iron Thorns|Rock Blast|p2a: Clefable
|-damage|p2a: Clefable|66/100 par
|-damage|p2a: Clefable|52/100 par
|-damage|p2a: Clefable|37/100 par
|-damage|p2a: Clefable|23/100 par
|-damage|p2a: Clefable|7/100 par
|-hitcount|p2a: Clefable|5
|move|p2a: Clefable|Stored Power|p1a: Iron Thorns
|-damage|p1a: Iron Thorns|0 fnt
|faint|p1a: Iron Thorns
|-end|p1a: Iron Thorns|Quark Drive|[silent]
|
|-heal|p2a: Clefable|13/100 par|[from] item: Leftovers
|upkeep
|
|t:|1779635238
|switch|p1a: Pawmot|Pawmot, M|38/100
|-damage|p1a: Pawmot|32/100|[from] Stealth Rock
|turn|28
|
|t:|1779635259
|switch|p2a: Alomomola|Alomomola, M|100/100 par
|move|p1a: Pawmot|Ice Punch|p2a: Alomomola
|-resisted|p2a: Alomomola
|-damage|p2a: Alomomola|90/100 par
|-damage|p1a: Pawmot|16/100|[from] item: Rocky Helmet|[of] p2a: Alomomola
|
|upkeep
|turn|29
|
|t:|1779635264
|move|p1a: Pawmot|Bulk Up|p1a: Pawmot
|-boost|p1a: Pawmot|atk|1
|-boost|p1a: Pawmot|def|1
|cant|p2a: Alomomola|par
|
|upkeep
|turn|30
|
|t:|1779635267
|move|p1a: Pawmot|Double Shock|p2a: Alomomola
|-supereffective|p2a: Alomomola
|-damage|p2a: Alomomola|0 fnt
|-start|p1a: Pawmot|typechange|???/Fighting|[from] move: Double Shock
|-damage|p1a: Pawmot|0 fnt|[from] item: Rocky Helmet|[of] p2a: Alomomola
|faint|p2a: Alomomola
|faint|p1a: Pawmot
|
|upkeep
|
|t:|1779635282
|switch|p1a: Sandy Shocks|Sandy Shocks|94/100
|switch|p2a: Garchomp|Garchomp, F|43/100 par
|-damage|p1a: Sandy Shocks|88/100|[from] Stealth Rock
|turn|31
|
|t:|1779635297
|move|p1a: Sandy Shocks|Earth Power|p2a: Garchomp
|-damage|p2a: Garchomp|2/100 par
|move|p2a: Garchomp|Dragon Tail|p1a: Sandy Shocks
|-damage|p1a: Sandy Shocks|68/100
|-end|p1a: Sandy Shocks|Protosynthesis|[silent]
|drag|p1a: Oricorio|Oricorio-Pom-Pom, F|25/100
|
|upkeep
|turn|32
|
|t:|1779635315
|move|p1a: Oricorio|Alluring Voice|p2a: Garchomp
|-supereffective|p2a: Garchomp
|-damage|p2a: Garchomp|0 fnt
|faint|p2a: Garchomp
|
|upkeep
|
|t:|1779635319
|switch|p2a: Iron Treads|Iron Treads|100/100
|turn|33
|
|t:|1779635327
|-terastallize|p1a: Oricorio|Fighting
|move|p1a: Oricorio|Revelation Dance|p2a: Iron Treads
|-supereffective|p2a: Iron Treads
|-damage|p2a: Iron Treads|14/100
|move|p2a: Iron Treads|Knock Off|p1a: Oricorio
|-resisted|p1a: Oricorio
|-damage|p1a: Oricorio|2/100
|-enditem|p1a: Oricorio|Heavy-Duty Boots|[from] move: Knock Off|[of] p2a: Iron Treads
|
|upkeep
|turn|34
|
|t:|1779635349
|move|p1a: Oricorio|Revelation Dance|p2a: Iron Treads
|-supereffective|p2a: Iron Treads
|-damage|p2a: Iron Treads|0 fnt
|faint|p2a: Iron Treads
|-end|p2a: Iron Treads|Quark Drive|[silent]
|
|upkeep
|
|t:|1779635352
|switch|p2a: Corviknight|Corviknight, F|100/100
|-ability|p2a: Corviknight|Pressure
|turn|35
|
|t:|1779635359
|move|p1a: Oricorio|Alluring Voice|p2a: Corviknight
|-resisted|p2a: Corviknight
|-damage|p2a: Corviknight|90/100
|move|p2a: Corviknight|Body Press|p1a: Oricorio
|-damage|p1a: Oricorio|0 fnt
|faint|p1a: Oricorio
|
|upkeep
|
|t:|1779635361
|switch|p1a: Sandy Shocks|Sandy Shocks|68/100
|-damage|p1a: Sandy Shocks|62/100|[from] Stealth Rock
|turn|36
|
|t:|1779635371
|move|p1a: Sandy Shocks|Discharge|p2a: Corviknight
|-supereffective|p2a: Corviknight
|-damage|p2a: Corviknight|9/100
|move|p2a: Corviknight|Body Press|p1a: Sandy Shocks
|-damage|p1a: Sandy Shocks|41/100
|-enditem|p1a: Sandy Shocks|Sitrus Berry|[eat]
|-heal|p1a: Sandy Shocks|66/100|[from] item: Sitrus Berry
|
|upkeep
|turn|37
|
|t:|1779635378
|move|p1a: Sandy Shocks|Discharge|p2a: Corviknight
|-supereffective|p2a: Corviknight
|-damage|p2a: Corviknight|0 fnt
|faint|p2a: Corviknight
|
|upkeep
|
|t:|1779635384
|switch|p2a: Hatterene|Hatterene, F|22/100
|turn|38
|
|t:|1779635390
|move|p1a: Sandy Shocks|Discharge|p2a: Hatterene
|-damage|p2a: Hatterene|0 fnt
|faint|p2a: Hatterene
|
|upkeep
|
|t:|1779635393
|switch|p2a: Clefable|Clefable, M|13/100 par
|turn|39
|
|t:|1779635395
|move|p1a: Sandy Shocks|Discharge|p2a: Clefable
|-crit|p2a: Clefable
|-damage|p2a: Clefable|0 fnt
|faint|p2a: Clefable
|
|win|Infinitepi
|raw|Infinitepi's rating: 1182 &rarr; <strong>1210</strong><br />(+28 for winning)
|raw|a2533540231's rating: 1227 &rarr; <strong>1199</strong><br />(-28 for losing)
|c|☆Infinitepi|ggs
|l|☆a2533540231
|player|p2|
