|j|☆Gnomebomb
|j|☆Bourrasque
|t:|1779633434
|gametype|singles
|player|p1|Gnomebomb|102|1425
|player|p2|Bourrasque|lyra|1474
|gen|9
|tier|[Gen 9] OU
|rated|
|rule|HP Percentage Mod: HP is shown in percentages
|rule|Endless Battle Clause: Forcing endless battles is banned
|rule|Species Clause: Limit one of each Pokémon
|rule|OHKO Clause: OHKO moves are banned
|rule|Evasion Items Clause: Evasion items are banned
|rule|Evasion Moves Clause: Evasion moves are banned
|rule|Evasion Abilities Clause: Evasion abilities are banned
|rule|Sleep Moves Clause: Sleep-inducing moves are banned
|clearpoke
|poke|p1|Kyurem|
|poke|p1|Garganacl, M|
|poke|p1|Primarina, M|
|poke|p1|Cinderace, F|
|poke|p1|Ting-Lu|
|poke|p1|Breloom, F|
|poke|p2|Manaphy|
|poke|p2|Gholdengo|
|poke|p2|Weavile, F|
|poke|p2|Pecharunt|
|poke|p2|Ting-Lu|
|poke|p2|Moltres|
|teampreview
|
|t:|1779633448
|teamsize|p1|6
|teamsize|p2|6
|start
|switch|p1a: Breloom|Breloom, F|100/100
|switch|p2a: Manaphy|Manaphy|100/100
|turn|1
|
|t:|1779633452
|switch|p2a: Gholdengo|Gholdengo|100/100
|-item|p2a: Gholdengo|Air Balloon
|move|p1a: Breloom|Bullet Seed|p2a: Gholdengo
|-resisted|p2a: Gholdengo
|-damage|p2a: Gholdengo|94/100
|-enditem|p2a: Gholdengo|Air Balloon
|-resisted|p2a: Gholdengo
|-damage|p2a: Gholdengo|88/100
|-resisted|p2a: Gholdengo
|-damage|p2a: Gholdengo|81/100
|-resisted|p2a: Gholdengo
|-damage|p2a: Gholdengo|74/100
|-resisted|p2a: Gholdengo
|-damage|p2a: Gholdengo|67/100
|-hitcount|p2a: Gholdengo|5
|
|upkeep
|turn|2
|
|t:|1779633458
|switch|p1a: Ting-Lu|Ting-Lu|100/100
|-ability|p1a: Ting-Lu|Vessel of Ruin
|move|p2a: Gholdengo|Thunder Wave|p1a: Ting-Lu
|-immune|p1a: Ting-Lu
|
|upkeep
|turn|3
|
|t:|1779633466
|switch|p2a: Weavile|Weavile, F|100/100
|-ability|p2a: Weavile|Pressure
|move|p1a: Ting-Lu|Stealth Rock|p2a: Weavile
|-sidestart|p2: Bourrasque|move: Stealth Rock
|
|upkeep
|turn|4
|
|t:|1779633470
|switch|p1a: Garganacl|Garganacl, M|100/100
|move|p2a: Weavile|Knock Off|p1a: Garganacl
|-damage|p1a: Garganacl|70/100
|-enditem|p1a: Garganacl|Leftovers|[from] move: Knock Off|[of] p2a: Weavile
|
|upkeep
|turn|5
|inactive|Battle timer is ON: inactive players will automatically lose when time's up. (requested by Gnomebomb)
|
|t:|1779633492
|switch|p2a: Ting-Lu|Ting-Lu|100/100
|-damage|p2a: Ting-Lu|94/100|[from] Stealth Rock
|-ability|p2a: Ting-Lu|Vessel of Ruin
|move|p1a: Garganacl|Salt Cure|p2a: Ting-Lu
|-resisted|p2a: Ting-Lu
|-damage|p2a: Ting-Lu|90/100
|-start|p2a: Ting-Lu|Salt Cure
|
|-heal|p2a: Ting-Lu|96/100|[from] item: Leftovers
|-damage|p2a: Ting-Lu|84/100|[from] Salt Cure
|upkeep
|turn|6
|
|t:|1779633498
|switch|p1a: Primarina|Primarina, M|100/100
|move|p2a: Ting-Lu|Stealth Rock|p1a: Primarina
|-sidestart|p1: Gnomebomb|move: Stealth Rock
|
|-heal|p2a: Ting-Lu|90/100|[from] item: Leftovers
|-damage|p2a: Ting-Lu|78/100|[from] Salt Cure
|upkeep
|turn|7
|
|t:|1779633508
|switch|p2a: Manaphy|Manaphy|100/100
|move|p1a: Primarina|Hyper Voice|p2a: Manaphy
|-resisted|p2a: Manaphy
|-damage|p2a: Manaphy|77/100
|
|upkeep
|turn|8
|
|t:|1779633513
|move|p2a: Manaphy|Tail Glow|p2a: Manaphy
|-boost|p2a: Manaphy|spa|3
|move|p1a: Primarina|Moonblast|p2a: Manaphy
|-damage|p2a: Manaphy|24/100
|
|upkeep
|turn|9
|
|t:|1779633520
|move|p2a: Manaphy|Energy Ball|p1a: Primarina
|-supereffective|p1a: Primarina
|-damage|p1a: Primarina|0 fnt
|faint|p1a: Primarina
|
|upkeep
|
|t:|1779633523
|switch|p1a: Breloom|Breloom, F|100/100
|-damage|p1a: Breloom|94/100|[from] Stealth Rock
|turn|10
|
|t:|1779633533
|switch|p2a: Pecharunt|Pecharunt|100/100
|move|p1a: Breloom|Mach Punch|p2a: Pecharunt
|-immune|p2a: Pecharunt
|
|upkeep
|turn|11
|
|t:|1779633543
|switch|p1a: Ting-Lu|Ting-Lu|100/100
|-damage|p1a: Ting-Lu|94/100|[from] Stealth Rock
|-ability|p1a: Ting-Lu|Vessel of Ruin
|move|p2a: Pecharunt|Parting Shot|p1a: Ting-Lu
|-unboost|p1a: Ting-Lu|atk|1
|-unboost|p1a: Ting-Lu|spa|1
|l|☆Gnomebomb
|inactive|Gnomebomb disconnected and has a minute to reconnect!
|player|p1|
|
|t:|1779633546
|switch|p2a: Weavile|Weavile, F|100/100|[from] Parting Shot
|-ability|p2a: Weavile|Pressure
|
|-heal|p1a: Ting-Lu|100/100|[from] item: Leftovers
|upkeep
|turn|12
|inactive|Gnomebomb has 30 seconds to reconnect!
|inactive|Gnomebomb has 20 seconds to reconnect!
|inactive|Gnomebomb has 15 seconds to reconnect!
|inactive|Gnomebomb has 10 seconds to reconnect!
|inactive|Gnomebomb has 5 seconds to reconnect!
|-message|Gnomebomb lost due to inactivity.
|
|win|Bourrasque
|raw|Gnomebomb's rating: 1425 &rarr; <strong>1408</strong><br />(-17 for losing)
|raw|Bourrasque's rating: 1474 &rarr; <strong>1491</strong><br />(+17 for winning)
|l|☆Bourrasque
|player|p2|
