|j|☆OREOOREGO
|j|☆alex12381723898
|t:|1779558224
|gametype|singles
|player|p1|OREOOREGO|hilbert|1276
|player|p2|alex12381723898|169|1318
|gen|9
|tier|[Gen 9] OU
|rated|
|rule|HP Percentage Mod: HP is shown in percentages
|rule|Endless Battle Clause: Forcing endless battles is banned
|rule|Species Clause: Limit one of each Pokémon
|rule|OHKO Clause: OHKO moves are banned
|rule|Evasion Items Clause: Evasion items are banned
|rule|Evasion Moves Clause: Evasion moves are banned
|rule|Evasion Abilities Clause: Evasion abilities are banned
|rule|Sleep Moves Clause: Sleep-inducing moves are banned
|clearpoke
|poke|p1|Muk-Alola, F|
|poke|p1|Great Tusk|
|poke|p1|Tornadus-Therian, M|
|poke|p1|Primarina, F|
|poke|p1|Cryogonal|
|poke|p1|Raging Bolt|
|poke|p2|Landorus-Therian, M|
|poke|p2|Sinistcha|
|poke|p2|Tinkaton, F|
|poke|p2|Moltres|
|poke|p2|Samurott-Hisui, M|
|poke|p2|Hydreigon, M|
|teampreview
|inactive|Battle timer is ON: inactive players will automatically lose when time's up. (requested by alex12381723898)
|
|t:|1779558240
|teamsize|p1|6
|teamsize|p2|6
|start
|switch|p1a: Great Tusk|Great Tusk|100/100
|switch|p2a: Smile.exe|Tinkaton, F, shiny|100/100
|-item|p2a: Smile.exe|Air Balloon
|turn|1
|
|t:|1779558248
|move|p2a: Smile.exe|Stealth Rock|p1a: Great Tusk
|-sidestart|p1: OREOOREGO|move: Stealth Rock
|move|p1a: Great Tusk|Close Combat|p2a: Smile.exe
|-damage|p2a: Smile.exe|16/100
|-unboost|p1a: Great Tusk|def|1
|-unboost|p1a: Great Tusk|spd|1
|-enditem|p2a: Smile.exe|Air Balloon
|-enditem|p1a: Great Tusk|Heavy-Duty Boots|[silent]|[from] ability: Pickpocket|[of] p1a: Great Tusk
|-item|p2a: Smile.exe|Heavy-Duty Boots|[from] ability: Pickpocket|[of] p1a: Great Tusk
|
|upkeep
|turn|2
|
|t:|1779558260
|switch|p2a: Sagittarius|Sinistcha, shiny|100/100
|move|p1a: Great Tusk|Headlong Rush|p2a: Sagittarius
|-resisted|p2a: Sagittarius
|-damage|p2a: Sagittarius|80/100
|-unboost|p1a: Great Tusk|def|1
|-unboost|p1a: Great Tusk|spd|1
|
|upkeep
|turn|3
|
|t:|1779558264
|-end|p1a: Great Tusk|Protosynthesis|[silent]
|switch|p1a: Muk|Muk-Alola, F|100/100
|-damage|p1a: Muk|88/100|[from] Stealth Rock
|move|p2a: Sagittarius|Shadow Ball|p1a: Muk
|-resisted|p1a: Muk
|-damage|p1a: Muk|79/100
|-unboost|p1a: Muk|spd|1
|
|upkeep
|turn|4
|
|t:|1779558277
|switch|p2a: Phoenix|Moltres, shiny|100/100
|move|p1a: Muk|Knock Off|p2a: Phoenix
|-damage|p2a: Phoenix|67/100
|-enditem|p2a: Phoenix|Heavy-Duty Boots|[from] move: Knock Off|[of] p1a: Muk
|
|upkeep
|turn|5
|
|t:|1779558292
|move|p2a: Phoenix|Flamethrower|p1a: Muk
|-damage|p1a: Muk|44/100
|-status|p1a: Muk|brn
|move|p1a: Muk|Knock Off|p2a: Phoenix
|-damage|p2a: Phoenix|57/100
|-status|p2a: Phoenix|psn|[from] ability: Poison Touch|[of] p1a: Muk
|
|-damage|p2a: Phoenix|45/100 psn|[from] psn
|-damage|p1a: Muk|38/100 brn|[from] brn
|upkeep
|turn|6
|
|t:|1779558299
|move|p2a: Phoenix|Roost|p2a: Phoenix
|-heal|p2a: Phoenix|95/100 psn
|-singleturn|p2a: Phoenix|move: Roost
|move|p1a: Muk|Rest|p1a: Muk
|-status|p1a: Muk|slp|[from] move: Rest
|-heal|p1a: Muk|100/100 slp|[silent]
|
|-damage|p2a: Phoenix|82/100 psn|[from] psn
|upkeep
|turn|7
|
|t:|1779558308
|switch|p1a: Primarina|Primarina, F|100/100
|-damage|p1a: Primarina|88/100|[from] Stealth Rock
|move|p2a: Phoenix|Flamethrower|p1a: Primarina
|-resisted|p1a: Primarina
|-damage|p1a: Primarina|69/100
|
|-heal|p1a: Primarina|76/100|[from] item: Leftovers
|-damage|p2a: Phoenix|70/100 psn|[from] psn
|upkeep
|turn|8
|
|t:|1779558314
|move|p2a: Phoenix|U-turn|p1a: Primarina
|-resisted|p1a: Primarina
|-damage|p1a: Primarina|65/100
|
|t:|1779558318
|switch|p2a: Smile.exe|Tinkaton, F, shiny|16/100|[from] U-turn
|move|p1a: Primarina|Substitute|p1a: Primarina
|-start|p1a: Primarina|Substitute
|-damage|p1a: Primarina|40/100
|
|-heal|p1a: Primarina|47/100|[from] item: Leftovers
|upkeep
|turn|9
|
|t:|1779558324
|move|p2a: Smile.exe|Encore|p1a: Primarina
|-start|p1a: Primarina|Encore
|move|p1a: Primarina|Substitute|p1a: Primarina
|-fail|p1a: Primarina|move: Substitute
|
|-heal|p1a: Primarina|53/100|[from] item: Leftovers
|upkeep
|turn|10
|
|t:|1779558331
|switch|p2a: Jack Sparrow|Samurott-Hisui, M, shiny|100/100
|switch|p1a: Muk|Muk-Alola, F|100/100 slp
|-damage|p1a: Muk|88/100 slp|[from] Stealth Rock
|
|upkeep
|turn|11
|
|t:|1779558337
|move|p2a: Jack Sparrow|Knock Off|p1a: Muk
|-resisted|p1a: Muk
|-damage|p1a: Muk|64/100 slp
|-damage|p2a: Jack Sparrow|84/100|[from] item: Rocky Helmet|[of] p1a: Muk
|-enditem|p1a: Muk|Rocky Helmet|[from] move: Knock Off|[of] p2a: Jack Sparrow
|cant|p1a: Muk|slp
|
|upkeep
|turn|12
|
|t:|1779558346
|move|p2a: Jack Sparrow|Flip Turn|p1a: Muk
|-damage|p1a: Muk|34/100 slp
|
|t:|1779558350
|switch|p2a: Smile.exe|Tinkaton, F, shiny|16/100|[from] Flip Turn
|cant|p1a: Muk|slp
|
|upkeep
|turn|13
|
|t:|1779558354
|move|p2a: Smile.exe|Gigaton Hammer|p1a: Muk
|-damage|p1a: Muk|0 fnt
|faint|p1a: Muk
|
|upkeep
|
|t:|1779558363
|switch|p1a: Tornadus|Tornadus-Therian, M|100/100
|-damage|p1a: Tornadus|76/100|[from] Stealth Rock
|turn|14
|
|t:|1779558366
|move|p1a: Tornadus|Heat Wave|p2a: Smile.exe
|-supereffective|p2a: Smile.exe
|-damage|p2a: Smile.exe|0 fnt
|faint|p2a: Smile.exe
|
|upkeep
|
|t:|1779558370
|switch|p2a: Enten|Landorus-Therian, M, shiny|100/100
|-ability|p2a: Enten|Intimidate|boost
|-unboost|p1a: Tornadus|atk|1
|turn|15
|
|t:|1779558378
|switch|p1a: Great Tusk|Great Tusk|100/100
|-damage|p1a: Great Tusk|98/100|[from] Stealth Rock
|move|p2a: Enten|Stone Edge|p1a: Great Tusk
|-resisted|p1a: Great Tusk
|-damage|p1a: Great Tusk|90/100
|
|upkeep
|turn|16
|
|t:|1779558382
|switch|p2a: Sagittarius|Sinistcha, shiny|80/100
|move|p1a: Great Tusk|Ice Spinner|p2a: Sagittarius
|-supereffective|p2a: Sagittarius
|-damage|p2a: Sagittarius|40/100
|
|upkeep
|turn|17
|
|t:|1779558394
|-end|p1a: Great Tusk|Protosynthesis|[silent]
|switch|p1a: Tornadus|Tornadus-Therian, M|100/100
|-damage|p1a: Tornadus|76/100|[from] Stealth Rock
|switch|p2a: Phoenix|Moltres, shiny|70/100 psn
|
|-damage|p2a: Phoenix|58/100 psn|[from] psn
|upkeep
|turn|18
|
|t:|1779558401
|move|p1a: Tornadus|Bleakwind Storm|p2a: Phoenix
|-crit|p2a: Phoenix
|-damage|p2a: Phoenix|11/100 psn
|-unboost|p2a: Phoenix|spe|1
|move|p2a: Phoenix|Flamethrower|p1a: Tornadus
|-damage|p1a: Tornadus|49/100
|
|-damage|p2a: Phoenix|0 fnt|[from] psn
|faint|p2a: Phoenix
|upkeep
|
|t:|1779558409
|switch|p2a: Hybrid|Hydreigon, M, shiny|100/100
|turn|19
|
|t:|1779558413
|move|p1a: Tornadus|U-turn|p2a: Hybrid
|-supereffective|p2a: Hybrid
|-crit|p2a: Hybrid
|-damage|p2a: Hybrid|46/100
|
|t:|1779558421
|switch|p1a: Primarina|Primarina, F|53/100|[from] U-turn
|-damage|p1a: Primarina|40/100|[from] Stealth Rock
|move|p2a: Hybrid|Draco Meteor|p1a: Primarina
|-immune|p1a: Primarina
|
|-heal|p1a: Primarina|47/100|[from] item: Leftovers
|upkeep
|turn|20
|
|t:|1779558428
|switch|p2a: Sagittarius|Sinistcha, shiny|40/100
|move|p1a: Primarina|Moonblast|p2a: Sagittarius
|-damage|p2a: Sagittarius|0 fnt
|faint|p2a: Sagittarius
|
|-heal|p1a: Primarina|53/100|[from] item: Leftovers
|upkeep
|
|t:|1779558430
|switch|p2a: Hybrid|Hydreigon, M, shiny|46/100
|turn|21
|
|t:|1779558434
|move|p2a: Hybrid|Flash Cannon|p1a: Primarina
|-damage|p1a: Primarina|15/100
|move|p1a: Primarina|Moonblast|p2a: Hybrid
|-supereffective|p2a: Hybrid
|-damage|p2a: Hybrid|0 fnt
|faint|p2a: Hybrid
|
|-heal|p1a: Primarina|21/100|[from] item: Leftovers
|upkeep
|
|t:|1779558437
|switch|p2a: Jack Sparrow|Samurott-Hisui, M, shiny|84/100
|turn|22
|
|t:|1779558439
|move|p2a: Jack Sparrow|Ceaseless Edge|p1a: Primarina
|-resisted|p1a: Primarina
|-damage|p1a: Primarina|0 fnt
|-sidestart|p1: OREOOREGO|Spikes
|faint|p1a: Primarina
|
|upkeep
|
|t:|1779558445
|switch|p1a: Great Tusk|Great Tusk|90/100
|-damage|p1a: Great Tusk|87/100|[from] Stealth Rock
|-damage|p1a: Great Tusk|75/100|[from] Spikes
|turn|23
|
|t:|1779558451
|move|p1a: Great Tusk|Rapid Spin|p2a: Jack Sparrow
|-damage|p2a: Jack Sparrow|62/100
|-boost|p1a: Great Tusk|spe|1
|-sideend|p1: OREOOREGO|Spikes|[from] move: Rapid Spin|[of] p1a: Great Tusk
|-sideend|p1: OREOOREGO|Stealth Rock|[from] move: Rapid Spin|[of] p1a: Great Tusk
|move|p2a: Jack Sparrow|Flip Turn|p1a: Great Tusk
|-supereffective|p1a: Great Tusk
|-damage|p1a: Great Tusk|29/100
|
|t:|1779558453
|switch|p2a: Enten|Landorus-Therian, M, shiny|100/100|[from] Flip Turn
|-ability|p2a: Enten|Intimidate|boost
|-unboost|p1a: Great Tusk|atk|1
|
|upkeep
|turn|24
|
|t:|1779558456
|move|p2a: Enten|Grass Knot|p1a: Great Tusk
|-supereffective|p1a: Great Tusk
|-damage|p1a: Great Tusk|0 fnt
|faint|p1a: Great Tusk
|-end|p1a: Great Tusk|Protosynthesis|[silent]
|
|upkeep
|
|t:|1779558461
|switch|p1a: Cryogonal|Cryogonal|100/100
|turn|25
|
|t:|1779558464
|switch|p2a: Jack Sparrow|Samurott-Hisui, M, shiny|62/100
|move|p1a: Cryogonal|Ice Beam|p2a: Jack Sparrow
|-resisted|p2a: Jack Sparrow
|-damage|p2a: Jack Sparrow|20/100
|-damage|p1a: Cryogonal|91/100|[from] item: Life Orb
|
|upkeep
|turn|26
|
|t:|1779558467
|move|p2a: Jack Sparrow|Sucker Punch|p1a: Cryogonal
|-damage|p1a: Cryogonal|35/100
|move|p1a: Cryogonal|Freeze-Dry|p2a: Jack Sparrow
|-supereffective|p2a: Jack Sparrow
|-damage|p2a: Jack Sparrow|0 fnt
|faint|p2a: Jack Sparrow
|-damage|p1a: Cryogonal|25/100|[from] item: Life Orb
|
|upkeep
|
|t:|1779558470
|switch|p2a: Enten|Landorus-Therian, M, shiny|100/100
|-ability|p2a: Enten|Intimidate|boost
|-unboost|p1a: Cryogonal|atk|1
|turn|27
|
|t:|1779558474
|move|p2a: Enten|Stone Edge|p1a: Cryogonal
|-supereffective|p1a: Cryogonal
|-damage|p1a: Cryogonal|0 fnt
|faint|p1a: Cryogonal
|
|upkeep
|
|t:|1779558479
|switch|p1a: Tornadus|Tornadus-Therian, M|82/100
|turn|28
|
|t:|1779558492
|-terastallize|p1a: Tornadus|Steel
|move|p2a: Enten|Stone Edge|p1a: Tornadus|[miss]
|-miss|p2a: Enten|p1a: Tornadus
|move|p1a: Tornadus|Bleakwind Storm|p2a: Enten
|-damage|p2a: Enten|49/100
|
|upkeep
|turn|29
|
|t:|1779558496
|move|p2a: Enten|Stone Edge|p1a: Tornadus
|-resisted|p1a: Tornadus
|-crit|p1a: Tornadus
|-damage|p1a: Tornadus|52/100
|move|p1a: Tornadus|Bleakwind Storm|p2a: Enten
|-damage|p2a: Enten|0 fnt
|faint|p2a: Enten
|
|win|OREOOREGO
|raw|OREOOREGO's rating: 1276 &rarr; <strong>1304</strong><br />(+28 for winning)
|raw|alex12381723898's rating: 1318 &rarr; <strong>1296</strong><br />(-22 for losing)
|l|☆alex12381723898
|player|p2|
|l|☆OREOOREGO
|player|p1|
