|j|☆FeetSnifferXO
|j|☆aethrx
|t:|1779600125
|gametype|singles
|player|p1|FeetSnifferXO|101|1387
|player|p2|aethrx|169|1414
|gen|9
|tier|[Gen 9] OU
|rated|
|rule|HP Percentage Mod: HP is shown in percentages
|rule|Endless Battle Clause: Forcing endless battles is banned
|rule|Species Clause: Limit one of each Pokémon
|rule|OHKO Clause: OHKO moves are banned
|rule|Evasion Items Clause: Evasion items are banned
|rule|Evasion Moves Clause: Evasion moves are banned
|rule|Evasion Abilities Clause: Evasion abilities are banned
|rule|Sleep Moves Clause: Sleep-inducing moves are banned
|clearpoke
|poke|p1|Garganacl, M|
|poke|p1|Quaquaval, F|
|poke|p1|Dragapult, M|
|poke|p1|Pecharunt|
|poke|p1|Maushold-Four|
|poke|p1|Ninetales-Alola, M|
|poke|p2|Hydrapple, F|
|poke|p2|Slowking-Galar, F|
|poke|p2|Corviknight, F|
|poke|p2|Ting-Lu|
|poke|p2|Darkrai|
|poke|p2|Cinderace, F|
|teampreview
|inactive|Battle timer is ON: inactive players will automatically lose when time's up. (requested by FeetSnifferXO)
|
|t:|1779600147
|teamsize|p1|6
|teamsize|p2|6
|start
|switch|p1a: Ninetales|Ninetales-Alola, M|100/100
|switch|p2a: Cinderace|Cinderace, F|100/100
|-weather|Snowscape|[from] ability: Snow Warning|[of] p1a: Ninetales
|turn|1
|
|t:|1779600155
|move|p2a: Cinderace|Pyro Ball|p1a: Ninetales
|-supereffective|p1a: Ninetales
|-damage|p1a: Ninetales|10/100
|move|p1a: Ninetales|Aurora Veil|p1a: Ninetales
|-sidestart|p1: FeetSnifferXO|move: Aurora Veil
|
|-weather|Snowscape|[upkeep]
|upkeep
|turn|2
|
|t:|1779600165
|switch|p1a: Maushold|Maushold-Four|100/100
|move|p2a: Cinderace|U-turn|p1a: Maushold
|-start|p2a: Cinderace|typechange|Bug|[from] ability: Libero
|-damage|p1a: Maushold|74/100
|
|t:|1779600170
|switch|p2a: Corviknight|Corviknight, F|100/100|[from] U-turn
|-ability|p2a: Corviknight|Pressure
|
|-weather|Snowscape|[upkeep]
|upkeep
|turn|3
|
|t:|1779600179
|switch|p1a: Garganacl|Garganacl, M|100/100
|move|p2a: Corviknight|Brave Bird|p1a: Garganacl
|-resisted|p1a: Garganacl
|-damage|p1a: Garganacl|96/100
|-damage|p2a: Corviknight|99/100|[from] Recoil
|
|-weather|Snowscape|[upkeep]
|-heal|p1a: Garganacl|100/100|[from] item: Leftovers
|upkeep
|turn|4
|
|t:|1779600189
|move|p2a: Corviknight|U-turn|p1a: Garganacl
|-damage|p1a: Garganacl|97/100
|
|t:|1779600197
|switch|p2a: Ting-Lu|Ting-Lu|100/100|[from] U-turn
|-ability|p2a: Ting-Lu|Vessel of Ruin
|move|p1a: Garganacl|Salt Cure|p2a: Ting-Lu
|-resisted|p2a: Ting-Lu
|-damage|p2a: Ting-Lu|98/100
|-start|p2a: Ting-Lu|Salt Cure
|
|-weather|Snowscape|[upkeep]
|-heal|p2a: Ting-Lu|100/100|[from] item: Leftovers
|-heal|p1a: Garganacl|100/100|[from] item: Leftovers
|-damage|p2a: Ting-Lu|88/100|[from] Salt Cure
|upkeep
|turn|5
|
|t:|1779600219
|switch|p2a: Hydrapple|Hydrapple, F|100/100
|-terastallize|p1a: Garganacl|Bug
|move|p1a: Garganacl|Iron Defense|p1a: Garganacl
|-boost|p1a: Garganacl|def|2
|
|-weather|none
|upkeep
|turn|6
|
|t:|1779600228
|move|p2a: Hydrapple|Nasty Plot|p2a: Hydrapple
|-boost|p2a: Hydrapple|spa|2
|move|p1a: Garganacl|Salt Cure|p2a: Hydrapple
|-damage|p2a: Hydrapple|93/100
|-start|p2a: Hydrapple|Salt Cure
|
|-damage|p2a: Hydrapple|80/100|[from] Salt Cure
|upkeep
|turn|7
|
|t:|1779600236
|move|p2a: Hydrapple|Fickle Beam|p1a: Garganacl
|-damage|p1a: Garganacl|76/100
|move|p1a: Garganacl|Body Press|p2a: Hydrapple
|-damage|p2a: Hydrapple|49/100
|
|-heal|p1a: Garganacl|82/100|[from] item: Leftovers
|-damage|p2a: Hydrapple|36/100|[from] Salt Cure
|upkeep
|turn|8
|
|t:|1779600247
|switch|p2a: Slowking|Slowking-Galar, F|100/100
|move|p1a: Garganacl|Body Press|p2a: Slowking
|-resisted|p2a: Slowking
|-damage|p2a: Slowking|87/100
|
|-heal|p1a: Garganacl|88/100|[from] item: Leftovers
|-sideend|p1: FeetSnifferXO|move: Aurora Veil
|upkeep
|turn|9
|
|t:|1779600257
|move|p1a: Garganacl|Salt Cure|p2a: Slowking
|-damage|p2a: Slowking|72/100
|-start|p2a: Slowking|Salt Cure
|move|p2a: Slowking|Future Sight|p1a: Garganacl
|-start|p2a: Slowking|move: Future Sight
|
|-heal|p1a: Garganacl|94/100|[from] item: Leftovers
|-damage|p2a: Slowking|59/100|[from] Salt Cure
|upkeep
|turn|10
|
|t:|1779600265
|switch|p2a: Hydrapple|Hydrapple, F|70/100
|move|p1a: Garganacl|Iron Defense|p1a: Garganacl
|-boost|p1a: Garganacl|def|2
|
|-heal|p1a: Garganacl|100/100|[from] item: Leftovers
|upkeep
|turn|11
|
|t:|1779600273
|move|p2a: Hydrapple|Fickle Beam|p1a: Garganacl
|-damage|p1a: Garganacl|72/100
|move|p1a: Garganacl|Salt Cure|p2a: Hydrapple
|-damage|p2a: Hydrapple|62/100
|-start|p2a: Hydrapple|Salt Cure
|
|-end|p1a: Garganacl|move: Future Sight
|-damage|p1a: Garganacl|36/100
|-heal|p1a: Garganacl|42/100|[from] item: Leftovers
|-damage|p2a: Hydrapple|49/100|[from] Salt Cure
|upkeep
|turn|12
|
|t:|1779600284
|switch|p2a: Slowking|Slowking-Galar, F|93/100
|move|p1a: Garganacl|Recover|p1a: Garganacl
|-heal|p1a: Garganacl|92/100
|
|-heal|p1a: Garganacl|98/100|[from] item: Leftovers
|upkeep
|turn|13
|
|t:|1779600292
|move|p1a: Garganacl|Body Press|p2a: Slowking
|-resisted|p2a: Slowking
|-damage|p2a: Slowking|72/100
|move|p2a: Slowking|Future Sight|p1a: Garganacl
|-start|p2a: Slowking|move: Future Sight
|
|-heal|p1a: Garganacl|100/100|[from] item: Leftovers
|upkeep
|turn|14
|
|t:|1779600301
|move|p1a: Garganacl|Salt Cure|p2a: Slowking
|-damage|p2a: Slowking|58/100
|-start|p2a: Slowking|Salt Cure
|-prepare|p2a: Slowking|Chilly Reception|[premajor]
|move|p2a: Slowking|Chilly Reception|p2a: Slowking
|-weather|Snowscape
|
|t:|1779600315
|switch|p2a: Hydrapple|Hydrapple, F|83/100|[from] Chilly Reception
|
|-weather|Snowscape|[upkeep]
|upkeep
|turn|15
|
|t:|1779600321
|move|p2a: Hydrapple|Fickle Beam|p1a: Garganacl
|-damage|p1a: Garganacl|77/100
|move|p1a: Garganacl|Salt Cure|p2a: Hydrapple
|-damage|p2a: Hydrapple|74/100
|-start|p2a: Hydrapple|Salt Cure
|
|-weather|Snowscape|[upkeep]
|-end|p1a: Garganacl|move: Future Sight
|-damage|p1a: Garganacl|43/100
|-heal|p1a: Garganacl|49/100|[from] item: Leftovers
|-damage|p2a: Hydrapple|62/100|[from] Salt Cure
|upkeep
|turn|16
|
|t:|1779600334
|switch|p2a: Slowking|Slowking-Galar, F|91/100
|move|p1a: Garganacl|Body Press|p2a: Slowking
|-resisted|p2a: Slowking
|-damage|p2a: Slowking|70/100
|
|-weather|Snowscape|[upkeep]
|-heal|p1a: Garganacl|55/100|[from] item: Leftovers
|upkeep
|turn|17
|
|t:|1779600343
|switch|p1a: Maushold|Maushold-Four|74/100
|move|p2a: Slowking|Future Sight|p1a: Maushold
|-start|p2a: Slowking|move: Future Sight
|
|-weather|Snowscape|[upkeep]
|upkeep
|turn|18
|
|t:|1779600349
|switch|p2a: Corviknight|Corviknight, F|99/100
|-ability|p2a: Corviknight|Pressure
|move|p1a: Maushold|Population Bomb|p2a: Corviknight
|-resisted|p2a: Corviknight
|-damage|p2a: Corviknight|95/100
|-damage|p1a: Maushold|57/100|[from] item: Rocky Helmet|[of] p2a: Corviknight
|-resisted|p2a: Corviknight
|-damage|p2a: Corviknight|92/100
|-damage|p1a: Maushold|40/100|[from] item: Rocky Helmet|[of] p2a: Corviknight
|-resisted|p2a: Corviknight
|-crit|p2a: Corviknight
|-damage|p2a: Corviknight|87/100
|-damage|p1a: Maushold|24/100|[from] item: Rocky Helmet|[of] p2a: Corviknight
|-resisted|p2a: Corviknight
|-damage|p2a: Corviknight|83/100
|-damage|p1a: Maushold|7/100|[from] item: Rocky Helmet|[of] p2a: Corviknight
|-resisted|p2a: Corviknight
|-damage|p2a: Corviknight|80/100
|-damage|p1a: Maushold|0 fnt|[from] item: Rocky Helmet|[of] p2a: Corviknight
|faint|p1a: Maushold
|-hitcount|p2a: Corviknight|5
|
|-weather|none
|upkeep
|
|t:|1779600373
|switch|p1a: Pecharunt|Pecharunt|100/100
|turn|19
|
|t:|1779600382
|move|p1a: Pecharunt|Shadow Ball|p2a: Corviknight
|-damage|p2a: Corviknight|44/100
|move|p2a: Corviknight|U-turn|p1a: Pecharunt
|-resisted|p1a: Pecharunt
|-damage|p1a: Pecharunt|98/100
|
|t:|1779600387
|switch|p2a: Darkrai|Darkrai|100/100|[from] U-turn
|
|-end|p1a: Pecharunt|move: Future Sight
|-supereffective|p1a: Pecharunt
|-damage|p1a: Pecharunt|14/100
|-heal|p1a: Pecharunt|20/100|[from] item: Leftovers
|upkeep
|turn|20
|
|t:|1779600396
|move|p2a: Darkrai|Dark Pulse|p1a: Pecharunt
|-supereffective|p1a: Pecharunt
|-damage|p1a: Pecharunt|0 fnt
|faint|p1a: Pecharunt
|
|upkeep
|
|t:|1779600402
|switch|p1a: Quaquaval|Quaquaval, F|100/100
|turn|21
|
|t:|1779600410
|switch|p2a: Slowking|Slowking-Galar, F|100/100
|move|p1a: Quaquaval|Aqua Step|p2a: Slowking
|-damage|p2a: Slowking|62/100
|-boost|p1a: Quaquaval|spe|1
|
|upkeep
|turn|22
|
|t:|1779600424
|move|p1a: Quaquaval|Knock Off|p2a: Slowking
|-supereffective|p2a: Slowking
|-damage|p2a: Slowking|0 fnt
|-enditem|p2a: Slowking|Heavy-Duty Boots|[from] move: Knock Off|[of] p1a: Quaquaval
|faint|p2a: Slowking
|-ability|p1a: Quaquaval|Moxie|boost
|-boost|p1a: Quaquaval|atk|1
|
|upkeep
|inactive|aethrx has 120 seconds left.
|
|t:|1779600457
|switch|p2a: Hydrapple|Hydrapple, F|95/100
|turn|23
|
|t:|1779600466
|move|p1a: Quaquaval|Close Combat|p2a: Hydrapple
|-damage|p2a: Hydrapple|50/100
|-unboost|p1a: Quaquaval|def|1
|-unboost|p1a: Quaquaval|spd|1
|move|p2a: Hydrapple|Giga Drain|p1a: Quaquaval
|-supereffective|p1a: Quaquaval
|-damage|p1a: Quaquaval|0 fnt
|-heal|p2a: Hydrapple|87/100|[from] drain|[of] p1a: Quaquaval
|faint|p1a: Quaquaval
|
|upkeep
|
|t:|1779600476
|switch|p1a: Dragapult|Dragapult, M|100/100
|turn|24
|
|t:|1779600481
|-terastallize|p2a: Hydrapple|Steel
|move|p1a: Dragapult|Dragon Darts|p2a: Hydrapple
|-resisted|p2a: Hydrapple
|-damage|p2a: Hydrapple|78/100
|-anim|p1a: Dragapult|Dragon Darts|p2a: Hydrapple
|-resisted|p2a: Hydrapple
|-damage|p2a: Hydrapple|70/100
|-damage|p1a: Dragapult|91/100|[from] item: Life Orb
|move|p2a: Hydrapple|Fickle Beam|p1a: Dragapult|[anim] Fickle Beam All Out
|-activate|p2a: Hydrapple|move: Fickle Beam
|-supereffective|p1a: Dragapult
|-damage|p1a: Dragapult|0 fnt
|faint|p1a: Dragapult
|
|upkeep
|-message|FeetSnifferXO forfeited.
|
|win|aethrx
|raw|FeetSnifferXO's rating: 1387 &rarr; <strong>1369</strong><br />(-18 for losing)
|raw|aethrx's rating: 1414 &rarr; <strong>1432</strong><br />(+18 for winning)
|l|☆FeetSnifferXO
|player|p1|
|l|☆aethrx
|player|p2|
