|j|☆Celsius44
|j|☆lolcano46
|t:|1779569938
|gametype|singles
|player|p1|Celsius44|steven|1657
|player|p2|lolcano46|fisherman-gen4|1609
|gen|9
|tier|[Gen 9] OU
|rated|
|rule|HP Percentage Mod: HP is shown in percentages
|rule|Endless Battle Clause: Forcing endless battles is banned
|rule|Species Clause: Limit one of each Pokémon
|rule|OHKO Clause: OHKO moves are banned
|rule|Evasion Items Clause: Evasion items are banned
|rule|Evasion Moves Clause: Evasion moves are banned
|rule|Evasion Abilities Clause: Evasion abilities are banned
|rule|Sleep Moves Clause: Sleep-inducing moves are banned
|clearpoke
|poke|p1|Dragonite, M|
|poke|p1|Iron Crown|
|poke|p1|Ogerpon-Cornerstone, F|
|poke|p1|Keldeo-Resolute|
|poke|p1|Cinderace, F|
|poke|p1|Raging Bolt|
|poke|p2|Azelf|
|poke|p2|Ogerpon-Wellspring, F|
|poke|p2|Scizor, F|
|poke|p2|Gengar, M|
|poke|p2|Raging Bolt|
|poke|p2|Cinderace, M|
|teampreview
|inactive|Battle timer is ON: inactive players will automatically lose when time's up. (requested by lolcano46)
|
|t:|1779569945
|teamsize|p1|6
|teamsize|p2|6
|start
|switch|p1a: Cinderace|Cinderace, F|100/100
|switch|p2a: Cinderace|Cinderace, M|100/100
|turn|1
|
|t:|1779569954
|move|p1a: Cinderace|Pyro Ball|p2a: Cinderace
|-resisted|p2a: Cinderace
|-damage|p2a: Cinderace|57/100
|move|p2a: Cinderace|Pyro Ball|p1a: Cinderace
|-resisted|p1a: Cinderace
|-damage|p1a: Cinderace|60/100
|
|upkeep
|turn|2
|
|t:|1779569959
|move|p2a: Cinderace|Pyro Ball|p1a: Cinderace
|-resisted|p1a: Cinderace
|-damage|p1a: Cinderace|16/100
|move|p1a: Cinderace|Pyro Ball|p2a: Cinderace
|-resisted|p2a: Cinderace
|-damage|p2a: Cinderace|14/100
|
|upkeep
|turn|3
|
|t:|1779569964
|switch|p1a: Keldeo|Keldeo-Resolute|100/100
|move|p2a: Cinderace|Sucker Punch||[still]
|-fail|p2a: Cinderace
|
|upkeep
|turn|4
|
|t:|1779569968
|switch|p2a: Gengar|Gengar, M|100/100
|move|p1a: Keldeo|Secret Sword|p2a: Gengar
|-immune|p2a: Gengar
|
|upkeep
|turn|5
|
|t:|1779569974
|switch|p1a: Dragonite|Dragonite, M|100/100
|move|p2a: Gengar|Shadow Ball|p1a: Dragonite
|-damage|p1a: Dragonite|82/100
|-unboost|p1a: Dragonite|spd|1
|
|-heal|p1a: Dragonite|88/100|[from] item: Leftovers
|upkeep
|turn|6
|
|t:|1779569983
|switch|p1a: Keldeo|Keldeo-Resolute|100/100
|move|p2a: Gengar|Shadow Ball|p1a: Keldeo
|-damage|p1a: Keldeo|54/100
|
|upkeep
|turn|7
|
|t:|1779569991
|switch|p2a: Ogerpon|Ogerpon-Wellspring, F|100/100
|switch|p1a: Iron Crown|Iron Crown|100/100
|
|upkeep
|turn|8
|
|t:|1779569994
|move|p2a: Ogerpon|Ivy Cudgel|p1a: Iron Crown|[anim] Ivy Cudgel Water
|-damage|p1a: Iron Crown|49/100
|move|p1a: Iron Crown|Calm Mind|p1a: Iron Crown
|-boost|p1a: Iron Crown|spa|1
|-boost|p1a: Iron Crown|spd|1
|
|upkeep
|turn|9
|
|t:|1779569998
|move|p2a: Ogerpon|Ivy Cudgel|p1a: Iron Crown|[anim] Ivy Cudgel Water
|-damage|p1a: Iron Crown|6/100
|move|p1a: Iron Crown|Agility|p1a: Iron Crown
|-boost|p1a: Iron Crown|spe|2
|
|upkeep
|turn|10
|
|t:|1779570005
|switch|p2a: Cinderace|Cinderace, M|14/100
|move|p1a: Iron Crown|Stored Power|p2a: Cinderace
|-damage|p2a: Cinderace|0 fnt
|faint|p2a: Cinderace
|
|upkeep
|
|t:|1779570007
|switch|p2a: Scizor|Scizor, F|100/100
|turn|11
|
|t:|1779570020
|-end|p1a: Iron Crown|Quark Drive|[silent]
|switch|p1a: Keldeo|Keldeo-Resolute|54/100
|move|p2a: Scizor|Bullet Punch|p1a: Keldeo
|-resisted|p1a: Keldeo
|-damage|p1a: Keldeo|34/100
|
|upkeep
|turn|12
|
|t:|1779570024
|move|p1a: Keldeo|Flip Turn|p2a: Scizor
|-damage|p2a: Scizor|85/100
|
|t:|1779570027
|switch|p1a: Cinderace|Cinderace, F|16/100|[from] Flip Turn
|move|p2a: Scizor|Close Combat|p1a: Cinderace
|-damage|p1a: Cinderace|0 fnt
|-unboost|p2a: Scizor|def|1
|-unboost|p2a: Scizor|spd|1
|faint|p1a: Cinderace
|
|upkeep
|
|t:|1779570038
|switch|p1a: Dragonite|Dragonite, M|88/100
|turn|13
|
|t:|1779570045
|-terastallize|p1a: Dragonite|Steel
|move|p2a: Scizor|Bullet Punch|p1a: Dragonite
|-resisted|p1a: Dragonite
|-damage|p1a: Dragonite|71/100
|move|p1a: Dragonite|Earthquake|p2a: Scizor
|-damage|p2a: Scizor|24/100
|
|-heal|p1a: Dragonite|78/100|[from] item: Leftovers
|upkeep
|turn|14
|
|t:|1779570049
|switch|p2a: Azelf|Azelf|100/100
|move|p1a: Dragonite|Extreme Speed|p2a: Azelf
|-damage|p2a: Azelf|49/100
|
|-heal|p1a: Dragonite|84/100|[from] item: Leftovers
|upkeep
|turn|15
|
|t:|1779570052
|move|p1a: Dragonite|Extreme Speed|p2a: Azelf
|-damage|p2a: Azelf|0 fnt
|faint|p2a: Azelf
|
|-heal|p1a: Dragonite|90/100|[from] item: Leftovers
|upkeep
|
|t:|1779570056
|switch|p2a: Gengar|Gengar, M|100/100
|turn|16
|
|t:|1779570059
|move|p2a: Gengar|Trick|p1a: Dragonite
|-activate|p2a: Gengar|move: Trick|[of] p1a: Dragonite
|-item|p1a: Dragonite|Choice Scarf|[from] move: Trick
|-item|p2a: Gengar|Leftovers|[from] move: Trick
|move|p1a: Dragonite|Earthquake|p2a: Gengar
|-supereffective|p2a: Gengar
|-damage|p2a: Gengar|0 fnt
|-start|p1a: Dragonite|Disable|Earthquake|[from] ability: Cursed Body|[of] p2a: Gengar
|faint|p2a: Gengar
|
|upkeep
|
|t:|1779570061
|switch|p2a: Ogerpon|Ogerpon-Wellspring, F|100/100
|turn|17
|
|t:|1779570064
|switch|p1a: Iron Crown|Iron Crown|6/100
|move|p2a: Ogerpon|Swords Dance|p2a: Ogerpon
|-boost|p2a: Ogerpon|atk|2
|
|upkeep
|turn|18
|
|t:|1779570066
|move|p2a: Ogerpon|Ivy Cudgel|p1a: Iron Crown|[anim] Ivy Cudgel Water
|-damage|p1a: Iron Crown|0 fnt
|faint|p1a: Iron Crown
|-end|p1a: Iron Crown|Quark Drive|[silent]
|
|upkeep
|
|t:|1779570079
|switch|p1a: Ogerpon|Ogerpon-Cornerstone, F|100/100
|turn|19
|
|t:|1779570084
|move|p2a: Ogerpon|Ivy Cudgel|p1a: Ogerpon|[anim] Ivy Cudgel Water
|-crit|p1a: Ogerpon
|-ability|p1a: Ogerpon|Sturdy
|-damage|p1a: Ogerpon|1/100
|move|p1a: Ogerpon|Counter|p2a: Ogerpon
|-damage|p2a: Ogerpon|0 fnt
|faint|p2a: Ogerpon
|
|upkeep
|
|t:|1779570087
|switch|p2a: Scizor|Scizor, F|24/100
|turn|20
|
|t:|1779570107
|move|p1a: Ogerpon|Ivy Cudgel|p2a: Scizor|[anim] Ivy Cudgel Rock
|-damage|p2a: Scizor|0 fnt
|faint|p2a: Scizor
|
|upkeep
|
|t:|1779570111
|switch|p2a: Raging Bolt|Raging Bolt|100/100
|-enditem|p2a: Raging Bolt|Booster Energy
|-activate|p2a: Raging Bolt|ability: Protosynthesis|[fromitem]
|-start|p2a: Raging Bolt|protosynthesisspa
|turn|21
|
|t:|1779570114
|move|p1a: Ogerpon|Ivy Cudgel|p2a: Raging Bolt|[anim] Ivy Cudgel Rock
|-damage|p2a: Raging Bolt|45/100
|move|p2a: Raging Bolt|Thunderbolt|p1a: Ogerpon
|-resisted|p1a: Ogerpon
|-damage|p1a: Ogerpon|0 fnt
|faint|p1a: Ogerpon
|
|upkeep
|
|t:|1779570122
|switch|p1a: Dragonite|Dragonite, M, tera:Steel|90/100
|turn|22
|
|t:|1779570126
|-terastallize|p2a: Raging Bolt|Fairy
|move|p1a: Dragonite|Extreme Speed|p2a: Raging Bolt
|-damage|p2a: Raging Bolt|14/100
|move|p2a: Raging Bolt|Thunderbolt|p1a: Dragonite
|-damage|p1a: Dragonite|28/100
|
|upkeep
|turn|23
|-message|lolcano46 forfeited.
|
|win|Celsius44
|raw|Celsius44's rating: 1657 &rarr; <strong>1674</strong><br />(+17 for winning)
|raw|lolcano46's rating: 1609 &rarr; <strong>1592</strong><br />(-17 for losing)
|l|☆lolcano46
|player|p2|
|l|☆Celsius44
|player|p1|
