|j|☆Avanti23
|j|☆datesarehealthy
|t:|1779590128
|gametype|singles
|player|p1|Avanti23|102|1177
|player|p2|datesarehealthy|pokefan|1193
|gen|9
|tier|[Gen 9] OU
|rated|
|rule|HP Percentage Mod: HP is shown in percentages
|rule|Endless Battle Clause: Forcing endless battles is banned
|rule|Species Clause: Limit one of each Pokémon
|rule|OHKO Clause: OHKO moves are banned
|rule|Evasion Items Clause: Evasion items are banned
|rule|Evasion Moves Clause: Evasion moves are banned
|rule|Evasion Abilities Clause: Evasion abilities are banned
|rule|Sleep Moves Clause: Sleep-inducing moves are banned
|clearpoke
|poke|p1|Heracross, M|
|poke|p1|Cinderace, F|
|poke|p1|Glimmora, F|
|poke|p1|Conkeldurr, F|
|poke|p1|Jolteon, M|
|poke|p1|Kingambit, F|
|poke|p2|Pecharunt|
|poke|p2|Slowking-Galar, M|
|poke|p2|Swalot, M|
|poke|p2|Skuntank, M|
|poke|p2|Gengar, M|
|poke|p2|Gliscor, F|
|teampreview
|c|☆Avanti23|never befre has a team hard countered my strategy so hard
|
|t:|1779590163
|teamsize|p1|6
|teamsize|p2|6
|start
|switch|p1a: Jolteon|Jolteon, M|100/100
|switch|p2a: Slowking|Slowking-Galar, M|100/100
|turn|1
|
|t:|1779590170
|switch|p2a: Gliscor|Gliscor, F|100/100
|move|p1a: Jolteon|Volt Switch|p2a: Gliscor
|-immune|p2a: Gliscor
|
|-status|p2a: Gliscor|tox|[from] item: Toxic Orb
|upkeep
|turn|2
|
|t:|1779590182
|switch|p1a: Heracross|Heracross, M|100/100
|move|p2a: Gliscor|Swords Dance|p2a: Gliscor
|-boost|p2a: Gliscor|atk|2
|
|upkeep
|turn|3
|
|t:|1779590190
|move|p1a: Heracross|Knock Off|p2a: Gliscor
|-damage|p2a: Gliscor|76/100 tox
|-enditem|p2a: Gliscor|Toxic Orb|[from] move: Knock Off|[of] p1a: Heracross
|move|p2a: Gliscor|Earthquake|p1a: Heracross
|-resisted|p1a: Heracross
|-damage|p1a: Heracross|57/100
|
|-heal|p2a: Gliscor|89/100 tox|[from] ability: Poison Heal
|upkeep
|turn|4
|
|t:|1779590199
|switch|p1a: Glimmora|Glimmora, F|100/100
|move|p2a: Gliscor|Swords Dance|p2a: Gliscor
|-boost|p2a: Gliscor|atk|2
|
|-heal|p2a: Gliscor|100/100 tox|[from] ability: Poison Heal
|upkeep
|turn|5
|
|t:|1779590208
|move|p1a: Glimmora|Power Gem|p2a: Gliscor
|-damage|p2a: Gliscor|64/100 tox
|move|p2a: Gliscor|Earthquake|p1a: Glimmora
|-supereffective|p1a: Glimmora
|-enditem|p1a: Glimmora|Focus Sash
|-damage|p1a: Glimmora|1/100
|-activate|p1a: Glimmora|ability: Toxic Debris
|-sidestart|p2: datesarehealthy|move: Toxic Spikes
|
|-heal|p2a: Gliscor|76/100 tox|[from] ability: Poison Heal
|upkeep
|turn|6
|
|t:|1779590224
|move|p1a: Glimmora|Memento|p2a: Gliscor
|-unboost|p2a: Gliscor|atk|2
|-unboost|p2a: Gliscor|spa|2
|faint|p1a: Glimmora
|move|p2a: Gliscor|Earthquake|p1: Glimmora|[notarget]
|-fail|p2a: Gliscor
|
|-heal|p2a: Gliscor|89/100 tox|[from] ability: Poison Heal
|upkeep
|
|t:|1779590232
|switch|p1a: Cinderace|Cinderace, F|100/100
|turn|7
|
|t:|1779590236
|move|p1a: Cinderace|Court Change|p1a: Cinderace
|-start|p1a: Cinderace|typechange|Normal|[from] ability: Libero
|-swapsideconditions
|-activate|p1a: Cinderace|move: Court Change
|move|p2a: Gliscor|Earthquake|p1a: Cinderace
|-damage|p1a: Cinderace|0 fnt
|faint|p1a: Cinderace
|
|-heal|p2a: Gliscor|100/100 tox|[from] ability: Poison Heal
|upkeep
|
|t:|1779590247
|switch|p1a: Heracross|Heracross, M|57/100
|-status|p1a: Heracross|psn
|turn|8
|
|t:|1779590257
|move|p1a: Heracross|Facade|p2a: Gliscor
|-damage|p2a: Gliscor|46/100 tox
|move|p2a: Gliscor|Earthquake|p1a: Heracross
|-resisted|p1a: Heracross
|-damage|p1a: Heracross|6/100 psn
|
|-damage|p1a: Heracross|0 fnt|[from] psn
|faint|p1a: Heracross
|-heal|p2a: Gliscor|59/100 tox|[from] ability: Poison Heal
|upkeep
|
|t:|1779590267
|switch|p1a: Conkeldurr|Conkeldurr, F|100/100
|-status|p1a: Conkeldurr|psn
|turn|9
|
|t:|1779590272
|move|p2a: Gliscor|Earthquake|p1a: Conkeldurr
|-damage|p1a: Conkeldurr|46/100 psn
|move|p1a: Conkeldurr|Facade|p2a: Gliscor
|-damage|p2a: Gliscor|0 fnt
|faint|p2a: Gliscor
|
|-damage|p1a: Conkeldurr|34/100 psn|[from] psn
|upkeep
|
|t:|1779590281
|switch|p2a: Gengar|Gengar, M|100/100
|turn|10
|
|t:|1779590290
|switch|p1a: Kingambit|Kingambit, F|100/100
|-activate|p1a: Kingambit|ability: Supreme Overlord
|-start|p1a: Kingambit|fallen3|[silent]
|move|p2a: Gengar|Dazzling Gleam|p1a: Kingambit
|-damage|p1a: Kingambit|83/100
|
|upkeep
|turn|11
|
|t:|1779590297
|move|p1a: Kingambit|Sucker Punch|p2a: Gengar
|-supereffective|p2a: Gengar
|-damage|p2a: Gengar|0 fnt
|faint|p2a: Gengar
|
|upkeep
|
|t:|1779590301
|switch|p2a: Skuntank|Skuntank, M|100/100
|turn|12
|
|t:|1779590309
|move|p2a: Skuntank|Foul Play|p1a: Kingambit
|-resisted|p1a: Kingambit
|-damage|p1a: Kingambit|63/100
|move|p1a: Kingambit|Iron Head|p2a: Skuntank
|-damage|p2a: Skuntank|50/100
|-damage|p1a: Kingambit|47/100|[from] item: Rocky Helmet|[of] p2a: Skuntank
|
|upkeep
|turn|13
|
|t:|1779590316
|move|p2a: Skuntank|Foul Play|p1a: Kingambit
|-resisted|p1a: Kingambit
|-damage|p1a: Kingambit|26/100
|move|p1a: Kingambit|Iron Head|p2a: Skuntank
|-damage|p2a: Skuntank|4/100
|-damage|p1a: Kingambit|10/100|[from] item: Rocky Helmet|[of] p2a: Skuntank
|
|upkeep
|turn|14
|
|t:|1779590323
|move|p1a: Kingambit|Sucker Punch|p2a: Skuntank
|-resisted|p2a: Skuntank
|-damage|p2a: Skuntank|0 fnt
|-damage|p1a: Kingambit|0 fnt|[from] ability: Aftermath|[of] p2a: Skuntank
|faint|p2a: Skuntank
|faint|p1a: Kingambit
|-end|p1a: Kingambit|fallen3|[silent]
|
|upkeep
|
|t:|1779590341
|switch|p2a: Swalot|Swalot, M|100/100
|switch|p1a: Conkeldurr|Conkeldurr, F|34/100 psn
|turn|15
|
|t:|1779590348
|move|p2a: Swalot|Toxic Spikes|p1a: Conkeldurr
|-sidestart|p1: Avanti23|move: Toxic Spikes
|move|p1a: Conkeldurr|Knock Off|p2a: Swalot
|-damage|p2a: Swalot|37/100
|-activate|p2a: Swalot|ability: Sticky Hold
|
|-damage|p1a: Conkeldurr|21/100 psn|[from] psn
|upkeep
|turn|16
|
|t:|1779590356
|move|p2a: Swalot|Endure|p2a: Swalot
|-singleturn|p2a: Swalot|move: Endure
|move|p1a: Conkeldurr|Knock Off|p2a: Swalot
|-activate|p2a: Swalot|move: Endure
|-damage|p2a: Swalot|1/100
|-activate|p2a: Swalot|ability: Sticky Hold
|
|-damage|p1a: Conkeldurr|9/100 psn|[from] psn
|upkeep
|turn|17
|-enditem|p2a: Swalot|Custap Berry|[eat]
|-activate|p2a: Swalot|item: Custap Berry|[consumed]
|
|t:|1779590364
|move|p2a: Swalot|Destiny Bond|p2a: Swalot
|-singlemove|p2a: Swalot|Destiny Bond
|move|p1a: Conkeldurr|Knock Off|p2a: Swalot
|-damage|p2a: Swalot|0 fnt
|faint|p2a: Swalot
|-activate|p2a: Swalot|move: Destiny Bond
|faint|p1a: Conkeldurr
|
|upkeep
|
|t:|1779590374
|switch|p2a: Pecharunt|Pecharunt|100/100
|switch|p1a: Jolteon|Jolteon, M|100/100
|-status|p1a: Jolteon|tox
|turn|18
|
|t:|1779590382
|move|p1a: Jolteon|Shadow Ball|p2a: Pecharunt
|-supereffective|p2a: Pecharunt
|-damage|p2a: Pecharunt|24/100
|move|p2a: Pecharunt|Curse|p1a: Jolteon
|-start|p1a: Jolteon|Curse|[of] p2a: Pecharunt
|-damage|p2a: Pecharunt|0 fnt
|faint|p2a: Pecharunt
|
|-damage|p1a: Jolteon|95/100 tox|[from] psn
|-damage|p1a: Jolteon|70/100 tox|[from] Curse
|upkeep
|
|t:|1779590392
|switch|p2a: Slowking|Slowking-Galar, M|100/100
|turn|19
|
|t:|1779590401
|move|p2a: Slowking|Protect|p2a: Slowking
|-singleturn|p2a: Slowking|Protect
|move|p1a: Jolteon|Shadow Ball|p2a: Slowking
|-activate|p2a: Slowking|move: Protect
|
|-damage|p1a: Jolteon|58/100 tox|[from] psn
|-damage|p1a: Jolteon|33/100 tox|[from] Curse
|upkeep
|turn|20
|
|t:|1779590409
|move|p1a: Jolteon|Shadow Ball|p2a: Slowking
|-supereffective|p2a: Slowking
|-damage|p2a: Slowking|54/100
|-unboost|p2a: Slowking|spd|1
|move|p2a: Slowking|Hex|p1a: Jolteon
|-damage|p1a: Jolteon|0 fnt
|faint|p1a: Jolteon
|
|win|datesarehealthy
|raw|Avanti23's rating: 1177 &rarr; <strong>1153</strong><br />(-24 for losing)
|raw|datesarehealthy's rating: 1193 &rarr; <strong>1217</strong><br />(+24 for winning)
|c|☆Avanti23|damn gg
|c|☆datesarehealthy|gg
|l|☆Avanti23
|player|p1|
|l|☆datesarehealthy
|player|p2|
