|j|☆jasperthedog
|j|☆FINAL RAMEN
|t:|1779611857
|gametype|singles
|player|p1|jasperthedog|265|1465
|player|p2|FINAL RAMEN|hiker-gen4|1483
|gen|9
|tier|[Gen 9] OU
|rated|
|rule|HP Percentage Mod: HP is shown in percentages
|rule|Endless Battle Clause: Forcing endless battles is banned
|rule|Species Clause: Limit one of each Pokémon
|rule|OHKO Clause: OHKO moves are banned
|rule|Evasion Items Clause: Evasion items are banned
|rule|Evasion Moves Clause: Evasion moves are banned
|rule|Evasion Abilities Clause: Evasion abilities are banned
|rule|Sleep Moves Clause: Sleep-inducing moves are banned
|clearpoke
|poke|p1|Corviknight, M|
|poke|p1|Tyranitar, F|
|poke|p1|Ditto|
|poke|p1|Zapdos|
|poke|p1|Kingambit, M|
|poke|p1|Hoopa-Unbound|
|poke|p2|Deoxys-Speed|
|poke|p2|Kyurem|
|poke|p2|Iron Valiant|
|poke|p2|Gholdengo|
|poke|p2|Great Tusk|
|poke|p2|Moltres-Galar|
|teampreview
|inactive|Battle timer is ON: inactive players will automatically lose when time's up. (requested by jasperthedog)
|
|t:|1779611909
|teamsize|p1|6
|teamsize|p2|6
|start
|switch|p1a: Tyranitar|Tyranitar, F|100/100
|switch|p2a: Iron Valiant|Iron Valiant|100/100
|-weather|Sandstorm|[from] ability: Sand Stream|[of] p1a: Tyranitar
|turn|1
|
|t:|1779611923
|switch|p1a: Zapdos|Zapdos|100/100
|move|p2a: Iron Valiant|Close Combat|p1a: Zapdos
|-resisted|p1a: Zapdos
|-damage|p1a: Zapdos|52/100
|-unboost|p2a: Iron Valiant|def|1
|-unboost|p2a: Iron Valiant|spd|1
|-status|p2a: Iron Valiant|par|[from] ability: Static|[of] p1a: Zapdos
|
|-weather|Sandstorm|[upkeep]
|-damage|p1a: Zapdos|46/100|[from] Sandstorm
|-damage|p2a: Iron Valiant|94/100 par|[from] Sandstorm
|upkeep
|turn|2
|
|t:|1779611933
|move|p1a: Zapdos|Hurricane|p2a: Iron Valiant
|-supereffective|p2a: Iron Valiant
|-damage|p2a: Iron Valiant|0 fnt
|faint|p2a: Iron Valiant
|-end|p2a: Iron Valiant|Quark Drive|[silent]
|
|-weather|Sandstorm|[upkeep]
|-damage|p1a: Zapdos|40/100|[from] Sandstorm
|upkeep
|
|t:|1779611948
|switch|p2a: Kyurem|Kyurem|100/100
|-ability|p2a: Kyurem|Pressure
|turn|3
|
|t:|1779611955
|switch|p1a: Tyranitar|Tyranitar, F|100/100
|move|p2a: Kyurem|Ice Beam|p1a: Tyranitar
|-damage|p1a: Tyranitar|75/100
|
|-weather|Sandstorm|[upkeep]
|-damage|p2a: Kyurem|94/100|[from] Sandstorm
|upkeep
|turn|4
|
|t:|1779611959
|switch|p2a: Great Tusk|Great Tusk|100/100
|move|p1a: Tyranitar|Stone Edge|p2a: Great Tusk
|-resisted|p2a: Great Tusk
|-damage|p2a: Great Tusk|91/100
|
|-weather|Sandstorm|[upkeep]
|upkeep
|turn|5
|
|t:|1779611966
|-end|p2a: Great Tusk|Protosynthesis|[silent]
|switch|p2a: Deoxys|Deoxys-Speed|100/100
|-ability|p2a: Deoxys|Pressure
|switch|p1a: Corviknight|Corviknight, M|100/100
|
|-weather|none
|upkeep
|turn|6
|
|t:|1779611971
|move|p2a: Deoxys|Stealth Rock|p1a: Corviknight
|-sidestart|p1: jasperthedog|move: Stealth Rock
|move|p1a: Corviknight|U-turn|p2a: Deoxys
|-supereffective|p2a: Deoxys
|-damage|p2a: Deoxys|66/100
|
|t:|1779611981
|switch|p1a: Ditto|Ditto|100/100|[from] U-turn
|-damage|p1a: Ditto|88/100|[from] Stealth Rock
|-transform|p1a: Ditto|p2a: Deoxys|[from] ability: Imposter
|-ability|p1a: Ditto|Pressure
|
|upkeep
|turn|7
|
|t:|1779611991
|move|p1a: Ditto|Stealth Rock|p2a: Deoxys
|-sidestart|p2: FINAL RAMEN|move: Stealth Rock
|move|p2a: Deoxys|Knock Off|p1a: Ditto
|-supereffective|p1a: Ditto
|-damage|p1a: Ditto|35/100
|-enditem|p1a: Ditto|Choice Scarf|[from] move: Knock Off|[of] p2a: Deoxys
|
|upkeep
|turn|8
|
|t:|1779611997
|move|p2a: Deoxys|Spikes|p1a: Ditto
|-sidestart|p1: jasperthedog|Spikes
|move|p1a: Ditto|Knock Off|p2a: Deoxys
|-supereffective|p2a: Deoxys
|-damage|p2a: Deoxys|9/100
|-enditem|p2a: Deoxys|Focus Sash|[from] move: Knock Off|[of] p1a: Ditto
|
|upkeep
|turn|9
|
|t:|1779612001
|move|p1a: Ditto|Spikes|p2a: Deoxys
|-sidestart|p2: FINAL RAMEN|Spikes
|move|p2a: Deoxys|Knock Off|p1a: Ditto
|-supereffective|p1a: Ditto
|-damage|p1a: Ditto|0 fnt
|faint|p1a: Ditto
|
|upkeep
|
|t:|1779612014
|switch|p1a: Corviknight|Corviknight, M|100/100
|-damage|p1a: Corviknight|88/100|[from] Stealth Rock
|turn|10
|inactive|FINAL RAMEN has 120 seconds left.
|
|t:|1779612062
|move|p2a: Deoxys|Spikes|p1a: Corviknight
|-sidestart|p1: jasperthedog|Spikes
|move|p1a: Corviknight|U-turn|p2a: Deoxys
|-supereffective|p2a: Deoxys
|-damage|p2a: Deoxys|0 fnt
|faint|p2a: Deoxys
|
|t:|1779612068
|switch|p1a: Zapdos|Zapdos|40/100|[from] U-turn
|
|upkeep
|
|t:|1779612073
|switch|p2a: Kyurem|Kyurem|94/100
|-damage|p2a: Kyurem|70/100|[from] Stealth Rock
|-damage|p2a: Kyurem|57/100|[from] Spikes
|-ability|p2a: Kyurem|Pressure
|turn|11
|
|t:|1779612086
|switch|p1a: Tyranitar|Tyranitar, F|75/100
|-damage|p1a: Tyranitar|63/100|[from] Stealth Rock
|-damage|p1a: Tyranitar|46/100|[from] Spikes
|-weather|Sandstorm|[from] ability: Sand Stream|[of] p1a: Tyranitar
|move|p2a: Kyurem|Draco Meteor|p1a: Tyranitar
|-damage|p1a: Tyranitar|7/100
|-unboost|p2a: Kyurem|spa|2
|
|-weather|Sandstorm|[upkeep]
|-damage|p2a: Kyurem|51/100|[from] Sandstorm
|upkeep
|turn|12
|
|t:|1779612106
|switch|p1a: Zapdos|Zapdos|40/100
|move|p2a: Kyurem|Draco Meteor|p1a: Zapdos
|-crit|p1a: Zapdos
|-damage|p1a: Zapdos|0 fnt
|-unboost|p2a: Kyurem|spa|2
|faint|p1a: Zapdos
|
|-weather|Sandstorm|[upkeep]
|-damage|p2a: Kyurem|45/100|[from] Sandstorm
|upkeep
|
|t:|1779612120
|switch|p1a: Hoopa|Hoopa-Unbound|100/100
|-damage|p1a: Hoopa|88/100|[from] Stealth Rock
|-damage|p1a: Hoopa|72/100|[from] Spikes
|turn|13
|inactive|FINAL RAMEN has 120 seconds left.
|
|t:|1779612156
|move|p2a: Kyurem|Draco Meteor|p1a: Hoopa
|-crit|p1a: Hoopa
|-damage|p1a: Hoopa|0 fnt
|-unboost|p2a: Kyurem|spa|2
|faint|p1a: Hoopa
|
|-weather|Sandstorm|[upkeep]
|-damage|p2a: Kyurem|39/100|[from] Sandstorm
|upkeep
|
|t:|1779612168
|switch|p1a: Tyranitar|Tyranitar, F|7/100
|-damage|p1a: Tyranitar|0 fnt|[from] Stealth Rock
|faint|p1a: Tyranitar
|
|t:|1779612174
|switch|p1a: Kingambit|Kingambit, M|100/100
|-damage|p1a: Kingambit|94/100|[from] Stealth Rock
|-damage|p1a: Kingambit|78/100|[from] Spikes
|-activate|p1a: Kingambit|ability: Supreme Overlord
|-start|p1a: Kingambit|fallen4|[silent]
|turn|14
|
|t:|1779612183
|switch|p2a: Gholdengo|Gholdengo|100/100
|-damage|p2a: Gholdengo|94/100|[from] Stealth Rock
|-damage|p2a: Gholdengo|82/100|[from] Spikes
|move|p1a: Kingambit|Sucker Punch||[still]
|-fail|p1a: Kingambit
|
|-weather|Sandstorm|[upkeep]
|upkeep
|turn|15
|
|t:|1779612190
|move|p2a: Gholdengo|Trick|p1a: Kingambit
|-activate|p2a: Gholdengo|move: Trick|[of] p1a: Kingambit
|-item|p1a: Kingambit|Choice Scarf|[from] move: Trick
|-item|p2a: Gholdengo|Black Glasses|[from] move: Trick
|move|p1a: Kingambit|Kowtow Cleave|p2a: Gholdengo
|-supereffective|p2a: Gholdengo
|-damage|p2a: Gholdengo|0 fnt
|faint|p2a: Gholdengo
|
|-weather|none
|upkeep
|
|t:|1779612197
|switch|p2a: Great Tusk|Great Tusk|91/100
|turn|16
|
|t:|1779612211
|-end|p1a: Kingambit|fallen4|[silent]
|switch|p1a: Corviknight|Corviknight, M|88/100
|-damage|p1a: Corviknight|76/100|[from] Stealth Rock
|move|p2a: Great Tusk|Rapid Spin|p1a: Corviknight
|-resisted|p1a: Corviknight
|-damage|p1a: Corviknight|71/100
|-boost|p2a: Great Tusk|spe|1
|-damage|p2a: Great Tusk|74/100|[from] item: Rocky Helmet|[of] p1a: Corviknight
|-sideend|p2: FINAL RAMEN|Spikes|[from] move: Rapid Spin|[of] p2a: Great Tusk
|-sideend|p2: FINAL RAMEN|Stealth Rock|[from] move: Rapid Spin|[of] p2a: Great Tusk
|
|upkeep
|turn|17
|
|t:|1779612218
|-end|p2a: Great Tusk|Protosynthesis|[silent]
|switch|p2a: Kyurem|Kyurem|39/100
|-ability|p2a: Kyurem|Pressure
|move|p1a: Corviknight|Defog|p2a: Kyurem
|-unboost|p2a: Kyurem|evasion|1
|-sideend|p1: jasperthedog|Spikes|[from] move: Defog|[of] p1a: Corviknight
|-sideend|p1: jasperthedog|Stealth Rock|[from] move: Defog|[of] p1a: Corviknight
|
|upkeep
|turn|18
|
|t:|1779612224
|move|p2a: Kyurem|Ice Beam|p1a: Corviknight
|-damage|p1a: Corviknight|4/100
|move|p1a: Corviknight|Body Press|p2a: Kyurem
|-supereffective|p2a: Kyurem
|-damage|p2a: Kyurem|0 fnt
|faint|p2a: Kyurem
|
|upkeep
|
|t:|1779612233
|switch|p2a: Moltres|Moltres-Galar|100/100
|turn|19
|
|t:|1779612237
|move|p2a: Moltres|Fiery Wrath|p1a: Corviknight
|-damage|p1a: Corviknight|0 fnt
|faint|p1a: Corviknight
|
|upkeep
|
|t:|1779612240
|switch|p1a: Kingambit|Kingambit, M|78/100
|-activate|p1a: Kingambit|ability: Supreme Overlord
|-start|p1a: Kingambit|fallen5|[silent]
|turn|20
|
|t:|1779612245
|move|p2a: Moltres|Fiery Wrath|p1a: Kingambit
|-resisted|p1a: Kingambit
|-damage|p1a: Kingambit|60/100
|move|p1a: Kingambit|Iron Head|p2a: Moltres
|-damage|p2a: Moltres|25/100
|-ability|p2a: Moltres|Berserk|boost
|-boost|p2a: Moltres|spa|1
|-enditem|p2a: Moltres|Sitrus Berry|[eat]
|-heal|p2a: Moltres|50/100|[from] item: Sitrus Berry
|
|upkeep
|turn|21
|
|t:|1779612251
|move|p2a: Moltres|Fiery Wrath|p1a: Kingambit
|-resisted|p1a: Kingambit
|-damage|p1a: Kingambit|30/100
|cant|p1a: Kingambit|flinch
|
|upkeep
|turn|22
|
|t:|1779612256
|move|p2a: Moltres|Fiery Wrath|p1a: Kingambit
|-resisted|p1a: Kingambit
|-damage|p1a: Kingambit|2/100
|cant|p1a: Kingambit|flinch
|
|upkeep
|turn|23
|
|t:|1779612261
|move|p2a: Moltres|Fiery Wrath|p1a: Kingambit
|-resisted|p1a: Kingambit
|-damage|p1a: Kingambit|0 fnt
|faint|p1a: Kingambit
|-end|p1a: Kingambit|fallen5|[silent]
|
|win|FINAL RAMEN
|raw|jasperthedog's rating: 1465 &rarr; <strong>1448</strong><br />(-17 for losing)
|raw|FINAL RAMEN's rating: 1518 &rarr; <strong>1535</strong><br />(+17 for winning)
|l|☆jasperthedog
|player|p1|
|l|☆FINAL RAMEN
|player|p2|
