|j|☆Snowflakes
|j|☆djchero
|t:|1779724752
|gametype|singles
|player|p1|Snowflakes|miku-fairy|1330
|player|p2|djchero|n|1339
|gen|9
|tier|[Gen 9] OU
|rated|
|rule|HP Percentage Mod: HP is shown in percentages
|rule|Endless Battle Clause: Forcing endless battles is banned
|rule|Species Clause: Limit one of each Pokémon
|rule|OHKO Clause: OHKO moves are banned
|rule|Evasion Items Clause: Evasion items are banned
|rule|Evasion Moves Clause: Evasion moves are banned
|rule|Evasion Abilities Clause: Evasion abilities are banned
|rule|Sleep Moves Clause: Sleep-inducing moves are banned
|clearpoke
|poke|p1|Kyurem|
|poke|p1|Alomomola, M|
|poke|p1|Slowking-Galar, M|
|poke|p1|Great Tusk|
|poke|p1|Toedscruel, F|
|poke|p1|Moltres|
|poke|p2|Kyurem|
|poke|p2|Slowking-Galar, F|
|poke|p2|Lokix, M|
|poke|p2|Keldeo-Resolute|
|poke|p2|Landorus-Therian, M|
|poke|p2|Ceruledge, F|
|teampreview
|inactive|Battle timer is ON: inactive players will automatically lose when time's up. (requested by Snowflakes)
|
|t:|1779724764
|teamsize|p1|6
|teamsize|p2|6
|start
|switch|p1a: Great Tusk|Great Tusk|100/100
|switch|p2a: Landorus|Landorus-Therian, M|100/100
|-ability|p2a: Landorus|Intimidate|boost
|-unboost|p1a: Great Tusk|atk|1
|turn|1
|
|t:|1779724770
|move|p2a: Landorus|Taunt|p1a: Great Tusk
|-start|p1a: Great Tusk|move: Taunt
|move|p1a: Great Tusk|Ice Spinner|p2a: Landorus
|-supereffective|p2a: Landorus
|-damage|p2a: Landorus|43/100
|-damage|p1a: Great Tusk|84/100|[from] item: Rocky Helmet|[of] p2a: Landorus
|
|upkeep
|turn|2
|
|t:|1779724776
|move|p2a: Landorus|U-turn|p1a: Great Tusk
|-resisted|p1a: Great Tusk
|-damage|p1a: Great Tusk|77/100
|-damage|p2a: Landorus|26/100|[from] item: Rocky Helmet|[of] p1a: Great Tusk
|
|t:|1779724779
|switch|p2a: Kyurem|Kyurem, shiny|100/100|[from] U-turn
|-ability|p2a: Kyurem|Pressure
|move|p1a: Great Tusk|Knock Off|p2a: Kyurem
|-damage|p2a: Kyurem|82/100
|-enditem|p2a: Kyurem|Choice Scarf|[from] move: Knock Off|[of] p1a: Great Tusk
|
|upkeep
|turn|3
|
|t:|1779724787
|-end|p1a: Great Tusk|Protosynthesis|[silent]
|switch|p1a: Slowking|Slowking-Galar, M|100/100
|move|p2a: Kyurem|Draco Meteor|p1a: Slowking
|-damage|p1a: Slowking|58/100
|-unboost|p2a: Kyurem|spa|2
|
|upkeep
|turn|4
|
|t:|1779724794
|switch|p2a: Slowking|Slowking-Galar, F|100/100
|-prepare|p1a: Slowking|Chilly Reception|[premajor]
|move|p1a: Slowking|Chilly Reception|p1a: Slowking
|-weather|Snowscape
|
|t:|1779724803
|switch|p1a: Toedscruel|Toedscruel, F|100/100|[from] Chilly Reception
|
|-weather|Snowscape|[upkeep]
|upkeep
|turn|5
|
|t:|1779724811
|-prepare|p2a: Slowking|Chilly Reception|[premajor]
|move|p2a: Slowking|Chilly Reception|p2a: Slowking
|
|t:|1779724826
|switch|p2a: Landorus|Landorus-Therian, M|26/100|[from] Chilly Reception
|-ability|p2a: Landorus|Intimidate|boost
|-unboost|p1a: Toedscruel|atk|1
|move|p1a: Toedscruel|Leech Seed|p2a: Landorus
|-start|p2a: Landorus|move: Leech Seed
|
|-weather|Snowscape|[upkeep]
|-damage|p2a: Landorus|14/100|[from] Leech Seed|[of] p1a: Toedscruel
|upkeep
|turn|6
|
|t:|1779724832
|switch|p1a: Moltres|Moltres|100/100
|move|p2a: Landorus|U-turn|p1a: Moltres
|-resisted|p1a: Moltres
|-damage|p1a: Moltres|97/100
|-status|p2a: Landorus|brn|[from] ability: Flame Body|[of] p1a: Moltres
|
|t:|1779724838
|switch|p2a: Keldeo|Keldeo-Resolute|100/100|[from] U-turn
|
|-weather|Snowscape|[upkeep]
|upkeep
|turn|7
|
|t:|1779724847
|switch|p1a: Alomomola|Alomomola, M|100/100
|move|p2a: Keldeo|Substitute|p2a: Keldeo
|-start|p2a: Keldeo|Substitute
|-damage|p2a: Keldeo|76/100
|
|-weather|Snowscape|[upkeep]
|-heal|p2a: Keldeo|82/100|[from] item: Leftovers
|upkeep
|turn|8
|
|t:|1779724850
|move|p2a: Keldeo|Calm Mind|p2a: Keldeo
|-boost|p2a: Keldeo|spa|1
|-boost|p2a: Keldeo|spd|1
|move|p1a: Alomomola|Play Rough|p2a: Keldeo
|-supereffective|p2a: Keldeo
|-end|p2a: Keldeo|Substitute
|
|-weather|none
|-heal|p2a: Keldeo|88/100|[from] item: Leftovers
|upkeep
|turn|9
|
|t:|1779724865
|move|p2a: Keldeo|Secret Sword|p1a: Alomomola
|-damage|p1a: Alomomola|63/100
|move|p1a: Alomomola|Play Rough|p2a: Keldeo
|-supereffective|p2a: Keldeo
|-damage|p2a: Keldeo|49/100
|
|-heal|p2a: Keldeo|55/100|[from] item: Leftovers
|upkeep
|turn|10
|
|t:|1779724873
|switch|p2a: Landorus|Landorus-Therian, M|14/100 brn
|-ability|p2a: Landorus|Intimidate|boost
|-unboost|p1a: Alomomola|atk|1
|move|p1a: Alomomola|Play Rough|p2a: Landorus
|-damage|p2a: Landorus|4/100 brn
|-damage|p1a: Alomomola|46/100|[from] item: Rocky Helmet|[of] p2a: Landorus
|
|-damage|p2a: Landorus|0 fnt|[from] brn
|faint|p2a: Landorus
|upkeep
|
|t:|1779724876
|switch|p2a: Kyurem|Kyurem, shiny|82/100
|-ability|p2a: Kyurem|Pressure
|turn|11
|
|t:|1779724880
|switch|p1a: Slowking|Slowking-Galar, M|92/100
|move|p2a: Kyurem|Freeze-Dry|p1a: Slowking
|-damage|p1a: Slowking|72/100
|
|upkeep
|turn|12
|
|t:|1779724884
|move|p2a: Kyurem|Earth Power|p1a: Slowking
|-supereffective|p1a: Slowking
|-damage|p1a: Slowking|33/100
|-unboost|p1a: Slowking|spd|1
|-prepare|p1a: Slowking|Chilly Reception|[premajor]
|move|p1a: Slowking|Chilly Reception|p1a: Slowking
|-weather|Snowscape
|
|t:|1779724894
|switch|p1a: Moltres|Moltres|97/100|[from] Chilly Reception
|
|-weather|Snowscape|[upkeep]
|upkeep
|turn|13
|
|t:|1779724900
|switch|p2a: Ceruledge|Ceruledge, F|100/100
|switch|p1a: Slowking|Slowking-Galar, M|67/100
|
|-weather|Snowscape|[upkeep]
|upkeep
|turn|14
|
|t:|1779724904
|switch|p1a: Great Tusk|Great Tusk|77/100
|move|p2a: Ceruledge|Swords Dance|p2a: Ceruledge
|-boost|p2a: Ceruledge|atk|2
|
|-weather|Snowscape|[upkeep]
|upkeep
|turn|15
|
|t:|1779724917
|move|p1a: Great Tusk|Headlong Rush|p2a: Ceruledge
|-supereffective|p2a: Ceruledge
|-enditem|p2a: Ceruledge|Focus Sash
|-damage|p2a: Ceruledge|1/100
|-unboost|p1a: Great Tusk|def|1
|-unboost|p1a: Great Tusk|spd|1
|-ability|p2a: Ceruledge|Weak Armor|boost
|-unboost|p2a: Ceruledge|def|1
|-boost|p2a: Ceruledge|spe|2
|move|p2a: Ceruledge|Bitter Blade|p1a: Great Tusk
|-damage|p1a: Great Tusk|0 fnt
|-heal|p2a: Ceruledge|58/100|[from] drain|[of] p1a: Great Tusk
|-damage|p2a: Ceruledge|41/100|[from] item: Rocky Helmet|[of] p1a: Great Tusk
|faint|p1a: Great Tusk
|-end|p1a: Great Tusk|Protosynthesis|[silent]
|
|-weather|Snowscape|[upkeep]
|upkeep
|
|t:|1779724924
|switch|p1a: Alomomola|Alomomola, M|80/100
|turn|16
|
|t:|1779724938
|move|p2a: Ceruledge|Bitter Blade|p1a: Alomomola
|-resisted|p1a: Alomomola
|-damage|p1a: Alomomola|55/100
|-heal|p2a: Ceruledge|63/100|[from] drain|[of] p1a: Alomomola
|move|p1a: Alomomola|Flip Turn|p2a: Ceruledge
|-supereffective|p2a: Ceruledge
|-damage|p2a: Ceruledge|0 fnt
|faint|p2a: Ceruledge
|
|t:|1779724945
|switch|p1a: Slowking|Slowking-Galar, M|99/100|[from] Flip Turn
|
|-weather|none
|upkeep
|
|t:|1779724948
|switch|p2a: Lokix|Lokix, M|100/100
|turn|17
|
|t:|1779724956
|switch|p1a: Moltres|Moltres|97/100
|move|p2a: Lokix|Knock Off|p1a: Moltres
|-damage|p1a: Moltres|55/100
|-enditem|p1a: Moltres|Heavy-Duty Boots|[from] move: Knock Off|[of] p2a: Lokix
|
|upkeep
|turn|18
|
|t:|1779724960
|switch|p2a: Slowking|Slowking-Galar, F|100/100
|move|p1a: Moltres|Roost|p1a: Moltres
|-heal|p1a: Moltres|100/100
|-singleturn|p1a: Moltres|move: Roost
|
|upkeep
|turn|19
|
|t:|1779724963
|move|p1a: Moltres|U-turn|p2a: Slowking
|-damage|p2a: Slowking|84/100
|
|t:|1779724966
|switch|p1a: Slowking|Slowking-Galar, M|100/100|[from] U-turn
|move|p2a: Slowking|Thunder Wave|p1a: Slowking
|-status|p1a: Slowking|par
|
|upkeep
|turn|20
|
|t:|1779724971
|move|p2a: Slowking|Psychic Noise|p1a: Slowking
|-damage|p1a: Slowking|85/100 par
|-start|p1a: Slowking|move: Heal Block
|-prepare|p1a: Slowking|Chilly Reception|[premajor]
|move|p1a: Slowking|Chilly Reception|p1a: Slowking
|-weather|Snowscape
|
|t:|1779724977
|switch|p1a: Toedscruel|Toedscruel, F|100/100|[from] Chilly Reception
|
|-weather|Snowscape|[upkeep]
|upkeep
|turn|21
|
|t:|1779724981
|switch|p2a: Kyurem|Kyurem, shiny|82/100
|-ability|p2a: Kyurem|Pressure
|move|p1a: Toedscruel|Earth Power|p2a: Kyurem
|-damage|p2a: Kyurem|59/100
|
|-weather|Snowscape|[upkeep]
|upkeep
|turn|22
|
|t:|1779724986
|switch|p1a: Slowking|Slowking-Galar, M|100/100 par
|move|p2a: Kyurem|Ice Beam|p1a: Slowking
|-damage|p1a: Slowking|72/100 par
|
|-weather|Snowscape|[upkeep]
|upkeep
|turn|23
|
|t:|1779724990
|move|p2a: Kyurem|Earth Power|p1a: Slowking
|-supereffective|p1a: Slowking
|-damage|p1a: Slowking|38/100 par
|-prepare|p1a: Slowking|Chilly Reception|[premajor]
|move|p1a: Slowking|Chilly Reception|p1a: Slowking
|
|t:|1779724996
|switch|p1a: Moltres|Moltres|100/100|[from] Chilly Reception
|
|-weather|Snowscape|[upkeep]
|upkeep
|turn|24
|
|t:|1779725000
|switch|p2a: Slowking|Slowking-Galar, F|100/100
|move|p1a: Moltres|Flamethrower|p2a: Slowking
|-damage|p2a: Slowking|78/100
|
|-weather|none
|upkeep
|turn|25
|
|t:|1779725003
|move|p1a: Moltres|U-turn|p2a: Slowking
|-crit|p2a: Slowking
|-damage|p2a: Slowking|56/100
|
|t:|1779725005
|switch|p1a: Toedscruel|Toedscruel, F|100/100|[from] U-turn
|-prepare|p2a: Slowking|Chilly Reception|[premajor]
|move|p2a: Slowking|Chilly Reception|p2a: Slowking
|-weather|Snowscape
|
|t:|1779725007
|switch|p2a: Kyurem|Kyurem, shiny|59/100|[from] Chilly Reception
|-ability|p2a: Kyurem|Pressure
|
|-weather|Snowscape|[upkeep]
|upkeep
|turn|26
|
|t:|1779725010
|-terastallize|p1a: Toedscruel|Steel
|move|p2a: Kyurem|Ice Beam|p1a: Toedscruel
|-resisted|p1a: Toedscruel
|-damage|p1a: Toedscruel|87/100
|move|p1a: Toedscruel|Leech Seed|p2a: Kyurem
|-start|p2a: Kyurem|move: Leech Seed
|
|-weather|Snowscape|[upkeep]
|-damage|p2a: Kyurem|47/100|[from] Leech Seed|[of] p1a: Toedscruel
|-heal|p1a: Toedscruel|100/100|[silent]
|upkeep
|turn|27
|
|t:|1779725013
|switch|p1a: Moltres|Moltres|100/100
|move|p2a: Kyurem|Earth Power|p1a: Moltres
|-immune|p1a: Moltres
|
|-weather|Snowscape|[upkeep]
|-damage|p2a: Kyurem|35/100|[from] Leech Seed|[of] p1a: Moltres
|upkeep
|turn|28
|
|t:|1779725018
|switch|p2a: Slowking|Slowking-Galar, F|89/100
|switch|p1a: Slowking|Slowking-Galar, M|71/100 par
|
|-weather|Snowscape|[upkeep]
|upkeep
|turn|29
|
|t:|1779725021
|move|p2a: Slowking|Psychic Noise|p1a: Slowking
|-damage|p1a: Slowking|56/100 par
|-start|p1a: Slowking|move: Heal Block
|-prepare|p1a: Slowking|Chilly Reception|[premajor]
|cant|p1a: Slowking|par
|
|-weather|none
|upkeep
|turn|30
|
|t:|1779725024
|switch|p1a: Toedscruel|Toedscruel, F, tera:Steel|100/100
|move|p2a: Slowking|Psychic Noise|p1a: Toedscruel
|-resisted|p1a: Toedscruel
|-damage|p1a: Toedscruel|92/100
|-start|p1a: Toedscruel|move: Heal Block
|
|upkeep
|turn|31
|
|t:|1779725028
|move|p2a: Slowking|Thunder Wave|p1a: Toedscruel
|-status|p1a: Toedscruel|par
|cant|p1a: Toedscruel|par
|
|-end|p1a: Toedscruel|move: Heal Block
|upkeep
|turn|32
|
|t:|1779725034
|-prepare|p2a: Slowking|Chilly Reception|[premajor]
|move|p2a: Slowking|Chilly Reception|p2a: Slowking
|-weather|Snowscape
|
|t:|1779725038
|switch|p2a: Kyurem|Kyurem, shiny|35/100|[from] Chilly Reception
|-ability|p2a: Kyurem|Pressure
|move|p1a: Toedscruel|Leech Seed|p2a: Kyurem
|-start|p2a: Kyurem|move: Leech Seed
|
|-weather|Snowscape|[upkeep]
|-damage|p2a: Kyurem|22/100|[from] Leech Seed|[of] p1a: Toedscruel
|-heal|p1a: Toedscruel|100/100 par|[silent]
|upkeep
|turn|33
|
|t:|1779725046
|switch|p1a: Alomomola|Alomomola, M|89/100
|move|p2a: Kyurem|Earth Power|p1a: Alomomola
|-damage|p1a: Alomomola|51/100
|
|-weather|Snowscape|[upkeep]
|-damage|p2a: Kyurem|10/100|[from] Leech Seed|[of] p1a: Alomomola
|-heal|p1a: Alomomola|60/100|[silent]
|upkeep
|turn|34
|
|t:|1779725055
|switch|p1a: Slowking|Slowking-Galar, M|89/100 par
|move|p2a: Kyurem|Freeze-Dry|p1a: Slowking
|-crit|p1a: Slowking
|-damage|p1a: Slowking|57/100 par
|
|-weather|Snowscape|[upkeep]
|-damage|p2a: Kyurem|0 fnt|[from] Leech Seed|[of] p1a: Slowking
|-heal|p1a: Slowking|66/100 par|[silent]
|faint|p2a: Kyurem
|upkeep
|
|t:|1779725058
|switch|p2a: Lokix|Lokix, M|100/100
|turn|35
|
|t:|1779725063
|switch|p1a: Toedscruel|Toedscruel, F, tera:Steel|100/100 par
|move|p2a: Lokix|U-turn|p1a: Toedscruel
|-resisted|p1a: Toedscruel
|-damage|p1a: Toedscruel|39/100 par
|
|t:|1779725067
|switch|p2a: Keldeo|Keldeo-Resolute|55/100|[from] U-turn
|
|-weather|Snowscape|[upkeep]
|-heal|p2a: Keldeo|61/100|[from] item: Leftovers
|upkeep
|turn|36
|
|t:|1779725074
|move|p2a: Keldeo|Surf|p1a: Toedscruel
|-damage|p1a: Toedscruel|10/100 par
|move|p1a: Toedscruel|Earth Power|p2a: Keldeo
|-damage|p2a: Keldeo|30/100
|
|-weather|none
|-heal|p2a: Keldeo|36/100|[from] item: Leftovers
|upkeep
|turn|37
|
|t:|1779725076
|move|p2a: Keldeo|Surf|p1a: Toedscruel
|-damage|p1a: Toedscruel|0 fnt
|faint|p1a: Toedscruel
|
|-heal|p2a: Keldeo|42/100|[from] item: Leftovers
|upkeep
|
|t:|1779725084
|switch|p1a: Alomomola|Alomomola, M|93/100
|turn|38
|
|t:|1779725087
|switch|p2a: Slowking|Slowking-Galar, F|100/100
|move|p1a: Alomomola|Play Rough|p2a: Slowking
|-resisted|p2a: Slowking
|-damage|p2a: Slowking|92/100
|
|upkeep
|turn|39
|
|t:|1779725091
|switch|p1a: Slowking|Slowking-Galar, M|99/100 par
|move|p2a: Slowking|Thunder Wave|p1a: Slowking
|-fail|p1a: Slowking|par
|
|upkeep
|turn|40
|
|t:|1779725094
|move|p2a: Slowking|Psychic Noise|p1a: Slowking
|-crit|p1a: Slowking
|-damage|p1a: Slowking|74/100 par
|-start|p1a: Slowking|move: Heal Block
|move|p1a: Slowking|Sludge Bomb|p2a: Slowking
|-resisted|p2a: Slowking
|-damage|p2a: Slowking|83/100
|
|upkeep
|turn|41
|
|t:|1779725097
|move|p2a: Slowking|Psychic Noise|p1a: Slowking
|-damage|p1a: Slowking|56/100 par
|-prepare|p1a: Slowking|Chilly Reception|[premajor]
|cant|p1a: Slowking|par
|
|-end|p1a: Slowking|move: Heal Block
|upkeep
|turn|42
|
|t:|1779725100
|move|p2a: Slowking|Psychic Noise|p1a: Slowking
|-damage|p1a: Slowking|39/100 par
|-start|p1a: Slowking|move: Heal Block
|-prepare|p1a: Slowking|Chilly Reception|[premajor]
|move|p1a: Slowking|Chilly Reception|p1a: Slowking
|-weather|Snowscape
|
|t:|1779725102
|switch|p1a: Kyurem|Kyurem|100/100|[from] Chilly Reception
|-ability|p1a: Kyurem|Pressure
|
|-weather|Snowscape|[upkeep]
|upkeep
|turn|43
|
|t:|1779725104
|move|p1a: Kyurem|Substitute|p1a: Kyurem
|-start|p1a: Kyurem|Substitute
|-damage|p1a: Kyurem|75/100
|move|p2a: Slowking|Thunder Wave||[still]
|-fail|p2a: Slowking
|
|-weather|Snowscape|[upkeep]
|-heal|p1a: Kyurem|82/100|[from] item: Leftovers
|upkeep
|turn|44
|
|t:|1779725108
|move|p1a: Kyurem|Earth Power|p2a: Slowking
|-supereffective|p2a: Slowking
|-damage|p2a: Slowking|51/100
|move|p2a: Slowking|Psychic Noise|p1a: Kyurem
|-damage|p1a: Kyurem|54/100
|-start|p1a: Kyurem|move: Heal Block
|
|-weather|Snowscape|[upkeep]
|upkeep
|turn|45
|
|t:|1779725112
|move|p1a: Kyurem|Earth Power|p2a: Slowking
|-supereffective|p2a: Slowking
|-damage|p2a: Slowking|18/100
|move|p2a: Slowking|Psychic Noise|p1a: Kyurem
|-damage|p1a: Kyurem|27/100
|
|-weather|Snowscape|[upkeep]
|-end|p1a: Kyurem|move: Heal Block
|upkeep
|turn|46
|
|t:|1779725123
|move|p1a: Kyurem|Freeze-Dry|p2a: Slowking
|-damage|p2a: Slowking|0 fnt
|faint|p2a: Slowking
|
|-weather|none
|-heal|p1a: Kyurem|34/100|[from] item: Leftovers
|upkeep
|
|t:|1779725126
|switch|p2a: Lokix|Lokix, M|100/100
|turn|47
|
|t:|1779725131
|move|p1a: Kyurem|Protect|p1a: Kyurem
|-singleturn|p1a: Kyurem|Protect
|move|p2a: Lokix|Knock Off|p1a: Kyurem
|-activate|p1a: Kyurem|move: Protect
|
|-heal|p1a: Kyurem|40/100|[from] item: Leftovers
|upkeep
|turn|48
|
|t:|1779725134
|move|p1a: Kyurem|Freeze-Dry|p2a: Lokix
|-damage|p2a: Lokix|38/100
|move|p2a: Lokix|Knock Off|p1a: Kyurem
|-end|p1a: Kyurem|Substitute
|
|-heal|p1a: Kyurem|46/100|[from] item: Leftovers
|upkeep
|turn|49
|
|t:|1779725140
|move|p1a: Kyurem|Freeze-Dry|p2a: Lokix
|-damage|p2a: Lokix|0 fnt
|faint|p2a: Lokix
|
|-heal|p1a: Kyurem|52/100|[from] item: Leftovers
|upkeep
|
|t:|1779725141
|switch|p2a: Keldeo|Keldeo-Resolute|42/100
|turn|50
|
|t:|1779725143
|move|p1a: Kyurem|Protect|p1a: Kyurem
|-singleturn|p1a: Kyurem|Protect
|move|p2a: Keldeo|Secret Sword|p1a: Kyurem
|-activate|p1a: Kyurem|move: Protect
|
|-heal|p2a: Keldeo|48/100|[from] item: Leftovers
|-heal|p1a: Kyurem|58/100|[from] item: Leftovers
|upkeep
|turn|51
|
|t:|1779725147
|switch|p1a: Moltres|Moltres|100/100
|move|p2a: Keldeo|Secret Sword|p1a: Moltres
|-resisted|p1a: Moltres
|-damage|p1a: Moltres|84/100
|
|-heal|p2a: Keldeo|55/100|[from] item: Leftovers
|upkeep
|turn|52
|
|t:|1779725157
|-terastallize|p2a: Keldeo|Water
|move|p2a: Keldeo|Calm Mind|p2a: Keldeo
|-boost|p2a: Keldeo|spa|1
|-boost|p2a: Keldeo|spd|1
|move|p1a: Moltres|U-turn|p2a: Keldeo
|-damage|p2a: Keldeo|37/100
|
|t:|1779725167
|switch|p1a: Slowking|Slowking-Galar, M|72/100 par|[from] U-turn
|
|-heal|p2a: Keldeo|44/100|[from] item: Leftovers
|upkeep
|turn|53
|
|t:|1779725177
|move|p2a: Keldeo|Calm Mind|p2a: Keldeo
|-boost|p2a: Keldeo|spa|1
|-boost|p2a: Keldeo|spd|1
|move|p1a: Slowking|Psychic Noise|p2a: Keldeo
|-damage|p2a: Keldeo|27/100
|-start|p2a: Keldeo|move: Heal Block
|
|upkeep
|turn|54
|
|t:|1779725185
|move|p2a: Keldeo|Calm Mind|p2a: Keldeo
|-boost|p2a: Keldeo|spa|1
|-boost|p2a: Keldeo|spd|1
|cant|p1a: Slowking|par
|
|-end|p2a: Keldeo|move: Heal Block
|upkeep
|turn|55
|
|t:|1779725187
|move|p2a: Keldeo|Calm Mind|p2a: Keldeo
|-boost|p2a: Keldeo|spa|1
|-boost|p2a: Keldeo|spd|1
|cant|p1a: Slowking|par
|
|-heal|p2a: Keldeo|33/100|[from] item: Leftovers
|upkeep
|turn|56
|
|t:|1779725189
|move|p2a: Keldeo|Calm Mind|p2a: Keldeo
|-boost|p2a: Keldeo|spa|1
|-boost|p2a: Keldeo|spd|1
|move|p1a: Slowking|Psychic Noise|p2a: Keldeo
|-damage|p2a: Keldeo|24/100
|-start|p2a: Keldeo|move: Heal Block
|
|upkeep
|turn|57
|
|t:|1779725192
|move|p2a: Keldeo|Surf|p1a: Slowking
|-damage|p1a: Slowking|0 fnt
|faint|p1a: Slowking
|
|-end|p2a: Keldeo|move: Heal Block
|upkeep
|-message|Snowflakes forfeited.
|
|win|djchero
|raw|Snowflakes's rating: 1330 &rarr; <strong>1311</strong><br />(-19 for losing)
|raw|djchero's rating: 1339 &rarr; <strong>1358</strong><br />(+19 for winning)
|l|☆Snowflakes
|player|p1|
|l|☆djchero
|player|p2|
