|j|☆bradfish1761
|j|‽qHysteria
|t:|1779646055
|gametype|singles
|player|p1|bradfish1761|elesa|1112
|player|p2|qHysteria|265|1154
|gen|9
|tier|[Gen 9] OU
|rated|
|rule|HP Percentage Mod: HP is shown in percentages
|rule|Endless Battle Clause: Forcing endless battles is banned
|rule|Species Clause: Limit one of each Pokémon
|rule|OHKO Clause: OHKO moves are banned
|rule|Evasion Items Clause: Evasion items are banned
|rule|Evasion Moves Clause: Evasion moves are banned
|rule|Evasion Abilities Clause: Evasion abilities are banned
|rule|Sleep Moves Clause: Sleep-inducing moves are banned
|clearpoke
|poke|p1|Electrode-Hisui|
|poke|p1|Pelipper, F|
|poke|p1|Garganacl, F|
|poke|p1|Gholdengo|
|poke|p1|Cinderace, F|
|poke|p1|Zamazenta-*|
|poke|p2|Tornadus-Therian, M|
|poke|p2|Iron Valiant|
|poke|p2|Alomomola, F|
|poke|p2|Ting-Lu|
|poke|p2|Corviknight, M|
|poke|p2|Ogerpon-Cornerstone, F|
|teampreview
|inactive|Battle timer is ON: inactive players will automatically lose when time's up. (requested by bradfish1761)
|
|t:|1779646068
|teamsize|p1|6
|teamsize|p2|6
|start
|switch|p1a: Pelipper|Pelipper, F|100/100
|switch|p2a: Ting-Lu|Ting-Lu|100/100
|-ability|p2a: Ting-Lu|Vessel of Ruin
|-weather|RainDance|[from] ability: Drizzle|[of] p1a: Pelipper
|turn|1
|inactive|qHysteria has 120 seconds left.
|
|t:|1779646114
|move|p2a: Ting-Lu|Stealth Rock|p1a: Pelipper
|-sidestart|p1: bradfish1761|move: Stealth Rock
|move|p1a: Pelipper|Weather Ball|p2a: Ting-Lu
|-supereffective|p2a: Ting-Lu
|-damage|p2a: Ting-Lu|37/100
|
|-weather|RainDance|[upkeep]
|-heal|p2a: Ting-Lu|44/100|[from] item: Leftovers
|upkeep
|turn|2
|
|t:|1779646129
|switch|p2a: Alomomola|Alomomola, F|100/100
|move|p1a: Pelipper|Hurricane|p2a: Alomomola
|-damage|p2a: Alomomola|71/100
|
|-weather|RainDance|[upkeep]
|upkeep
|turn|3
|
|t:|1779646136
|move|p1a: Pelipper|Hurricane|p2a: Alomomola
|-damage|p2a: Alomomola|41/100
|-start|p2a: Alomomola|confusion
|-activate|p2a: Alomomola|confusion
|-damage|p2a: Alomomola|37/100|[from] confusion
|
|-weather|RainDance|[upkeep]
|upkeep
|turn|4
|inactive|qHysteria has 120 seconds left.
|
|t:|1779646143
|move|p1a: Pelipper|Hurricane|p2a: Alomomola
|-damage|p2a: Alomomola|10/100
|-activate|p2a: Alomomola|confusion
|-damage|p2a: Alomomola|5/100|[from] confusion
|
|-weather|RainDance|[upkeep]
|upkeep
|turn|5
|inactive|qHysteria has 120 seconds left.
|
|t:|1779646159
|switch|p2a: Corviknight|Corviknight, M|100/100
|-ability|p2a: Corviknight|Pressure
|move|p1a: Pelipper|U-turn|p2a: Corviknight
|-resisted|p2a: Corviknight
|-damage|p2a: Corviknight|99/100
|-damage|p1a: Pelipper|84/100|[from] item: Rocky Helmet|[of] p2a: Corviknight
|
|t:|1779646165
|switch|p1a: Electrode|Electrode-Hisui|100/100|[from] U-turn
|-damage|p1a: Electrode|88/100|[from] Stealth Rock
|
|-weather|RainDance|[upkeep]
|upkeep
|turn|6
|
|t:|1779646171
|move|p1a: Electrode|Leaf Storm|p2a: Corviknight
|-resisted|p2a: Corviknight
|-damage|p2a: Corviknight|79/100
|-unboost|p1a: Electrode|spa|2
|move|p2a: Corviknight|Brave Bird|p1a: Electrode
|-damage|p1a: Electrode|26/100
|-damage|p2a: Corviknight|65/100|[from] Recoil
|
|-weather|RainDance|[upkeep]
|upkeep
|turn|7
|
|t:|1779646182
|move|p1a: Electrode|Leaf Storm|p2a: Corviknight|[miss]
|-miss|p1a: Electrode|p2a: Corviknight
|move|p2a: Corviknight|U-turn|p1a: Electrode
|-supereffective|p1a: Electrode
|-damage|p1a: Electrode|0 fnt
|-damage|p2a: Corviknight|41/100|[from] ability: Aftermath|[of] p1a: Electrode
|faint|p1a: Electrode
|
|t:|1779646187
|switch|p2a: Alomomola|Alomomola, F|38/100|[from] U-turn
|
|-weather|RainDance|[upkeep]
|upkeep
|
|t:|1779646192
|switch|p1a: Gholdengo|Gholdengo|100/100
|-damage|p1a: Gholdengo|94/100|[from] Stealth Rock
|turn|8
|
|t:|1779646198
|move|p1a: Gholdengo|Thunder|p2a: Alomomola
|-supereffective|p2a: Alomomola
|-damage|p2a: Alomomola|0 fnt
|faint|p2a: Alomomola
|
|-weather|none
|upkeep
|
|t:|1779646204
|switch|p2a: Ting-Lu|Ting-Lu|44/100
|-ability|p2a: Ting-Lu|Vessel of Ruin
|turn|9
|
|t:|1779646210
|switch|p1a: Pelipper|Pelipper, F|84/100
|-damage|p1a: Pelipper|59/100|[from] Stealth Rock
|-weather|RainDance|[from] ability: Drizzle|[of] p1a: Pelipper
|move|p2a: Ting-Lu|Whirlwind|p1a: Pelipper
|drag|p1a: Cinderace|Cinderace, F|100/100
|
|-weather|RainDance|[upkeep]
|-heal|p2a: Ting-Lu|50/100|[from] item: Leftovers
|upkeep
|turn|10
|
|t:|1779646220
|move|p1a: Cinderace|U-turn|p2a: Ting-Lu
|-start|p1a: Cinderace|typechange|Bug|[from] ability: Libero
|-supereffective|p2a: Ting-Lu
|-damage|p2a: Ting-Lu|14/100
|
|t:|1779646228
|switch|p1a: Garganacl|Garganacl, F|100/100|[from] U-turn
|-damage|p1a: Garganacl|88/100|[from] Stealth Rock
|move|p2a: Ting-Lu|Whirlwind|p1a: Garganacl
|drag|p1a: Pelipper|Pelipper, F|59/100
|-damage|p1a: Pelipper|34/100|[from] Stealth Rock
|
|-weather|RainDance|[upkeep]
|-heal|p2a: Ting-Lu|20/100|[from] item: Leftovers
|upkeep
|turn|11
|
|t:|1779646240
|switch|p2a: Tornadus|Tornadus-Therian, M|100/100
|move|p1a: Pelipper|Weather Ball|p2a: Tornadus
|-damage|p2a: Tornadus|21/100
|
|-weather|RainDance|[upkeep]
|upkeep
|turn|12
|
|t:|1779646246
|move|p2a: Tornadus|Bleakwind Storm|p1a: Pelipper
|-damage|p1a: Pelipper|0 fnt
|faint|p1a: Pelipper
|-damage|p2a: Tornadus|11/100|[from] item: Life Orb
|
|-weather|RainDance|[upkeep]
|upkeep
|
|t:|1779646252
|switch|p1a: Gholdengo|Gholdengo|94/100
|-damage|p1a: Gholdengo|88/100|[from] Stealth Rock
|turn|13
|
|t:|1779646258
|move|p1a: Gholdengo|Thunder|p2a: Tornadus
|-supereffective|p2a: Tornadus
|-damage|p2a: Tornadus|0 fnt
|faint|p2a: Tornadus
|
|-weather|RainDance|[upkeep]
|upkeep
|
|t:|1779646263
|switch|p2a: Ting-Lu|Ting-Lu|20/100
|-ability|p2a: Ting-Lu|Vessel of Ruin
|turn|14
|
|t:|1779646269
|switch|p1a: Cinderace|Cinderace, F|100/100
|move|p2a: Ting-Lu|Earthquake|p1a: Cinderace
|-supereffective|p1a: Cinderace
|-damage|p1a: Cinderace|1/100
|
|-weather|RainDance|[upkeep]
|-heal|p2a: Ting-Lu|26/100|[from] item: Leftovers
|upkeep
|turn|15
|
|t:|1779646282
|-terastallize|p2a: Ting-Lu|Water
|move|p1a: Cinderace|Court Change|p1a: Cinderace
|-start|p1a: Cinderace|typechange|Normal|[from] ability: Libero
|-swapsideconditions
|-activate|p1a: Cinderace|move: Court Change
|move|p2a: Ting-Lu|Earthquake|p1a: Cinderace
|-damage|p1a: Cinderace|0 fnt
|faint|p1a: Cinderace
|
|-weather|RainDance|[upkeep]
|-heal|p2a: Ting-Lu|32/100|[from] item: Leftovers
|upkeep
|
|t:|1779646294
|switch|p1a: Gholdengo|Gholdengo|88/100
|turn|16
|
|t:|1779646305
|switch|p2a: Corviknight|Corviknight, M|41/100
|-damage|p2a: Corviknight|28/100|[from] Stealth Rock
|-ability|p2a: Corviknight|Pressure
|move|p1a: Gholdengo|Thunder|p2a: Corviknight
|-supereffective|p2a: Corviknight
|-damage|p2a: Corviknight|0 fnt
|faint|p2a: Corviknight
|
|-weather|none
|upkeep
|
|t:|1779646314
|switch|p2a: Ting-Lu|Ting-Lu, tera:Water|32/100
|-damage|p2a: Ting-Lu|20/100|[from] Stealth Rock
|-ability|p2a: Ting-Lu|Vessel of Ruin
|turn|17
|
|t:|1779646318
|move|p1a: Gholdengo|Thunder|p2a: Ting-Lu
|-supereffective|p2a: Ting-Lu
|-crit|p2a: Ting-Lu
|-damage|p2a: Ting-Lu|0 fnt
|faint|p2a: Ting-Lu
|
|upkeep
|
|t:|1779646327
|switch|p2a: Iron Valiant|Iron Valiant|100/100
|-damage|p2a: Iron Valiant|94/100|[from] Stealth Rock
|turn|18
|
|t:|1779646331
|switch|p1a: Zamazenta|Zamazenta|100/100
|-ability|p1a: Zamazenta|Dauntless Shield|boost
|-boost|p1a: Zamazenta|def|1
|move|p2a: Iron Valiant|Trick|p1a: Zamazenta
|-activate|p2a: Iron Valiant|move: Trick|[of] p1a: Zamazenta
|-item|p1a: Zamazenta|Choice Scarf|[from] move: Trick
|-item|p2a: Iron Valiant|Leftovers|[from] move: Trick
|
|-heal|p2a: Iron Valiant|100/100|[from] item: Leftovers
|upkeep
|turn|19
|
|t:|1779646344
|move|p1a: Zamazenta|Body Press|p2a: Iron Valiant
|-resisted|p2a: Iron Valiant
|-damage|p2a: Iron Valiant|71/100
|move|p2a: Iron Valiant|Moonblast|p1a: Zamazenta
|-supereffective|p1a: Zamazenta
|-damage|p1a: Zamazenta|28/100
|-unboost|p1a: Zamazenta|spa|1
|
|-heal|p2a: Iron Valiant|78/100|[from] item: Leftovers
|upkeep
|turn|20
|c|☆bradfish1761|Ghold was already choice
|
|t:|1779646361
|move|p1a: Zamazenta|Body Press|p2a: Iron Valiant
|-resisted|p2a: Iron Valiant
|-damage|p2a: Iron Valiant|49/100
|move|p2a: Iron Valiant|Moonblast|p1a: Zamazenta
|-supereffective|p1a: Zamazenta
|-damage|p1a: Zamazenta|0 fnt
|faint|p1a: Zamazenta
|
|-heal|p2a: Iron Valiant|55/100|[from] item: Leftovers
|upkeep
|
|t:|1779646366
|switch|p1a: Gholdengo|Gholdengo|88/100
|turn|21
|
|t:|1779646372
|move|p1a: Gholdengo|Make It Rain|p2a: Iron Valiant
|-supereffective|p2a: Iron Valiant
|-damage|p2a: Iron Valiant|0 fnt
|-unboost|p1a: Gholdengo|spa|1
|faint|p2a: Iron Valiant
|-end|p2a: Iron Valiant|Quark Drive|[silent]
|
|upkeep
|
|t:|1779646374
|switch|p2a: Ogerpon|Ogerpon-Cornerstone, F|100/100
|-damage|p2a: Ogerpon|88/100|[from] Stealth Rock
|turn|22
|
|t:|1779646381
|switch|p1a: Garganacl|Garganacl, F|88/100
|move|p2a: Ogerpon|Ivy Cudgel|p1a: Garganacl|[anim] Ivy Cudgel Rock
|-damage|p1a: Garganacl|48/100
|
|-heal|p1a: Garganacl|54/100|[from] item: Leftovers
|upkeep
|turn|23
|
|t:|1779646389
|move|p2a: Ogerpon|Low Kick|p1a: Garganacl
|-supereffective|p1a: Garganacl
|-damage|p1a: Garganacl|0 fnt
|faint|p1a: Garganacl
|
|upkeep
|
|t:|1779646392
|switch|p1a: Gholdengo|Gholdengo|88/100
|turn|24
|
|t:|1779646399
|move|p1a: Gholdengo|Make It Rain|p2a: Ogerpon
|-supereffective|p2a: Ogerpon
|-damage|p2a: Ogerpon|0 fnt
|-unboost|p1a: Gholdengo|spa|1
|faint|p2a: Ogerpon
|
|win|bradfish1761
|raw|bradfish1761's rating: 1112 &rarr; <strong>1140</strong><br />(+28 for winning)
|raw|qHysteria's rating: 1154 &rarr; <strong>1126</strong><br />(-28 for losing)
|l|‽qHysteria
|player|p2|
|c|☆bradfish1761|Gg
