|j|☆tejgr8forev29
|j|☆Nickthenickthenick
|t:|1779718689
|gametype|singles
|player|p1|tejgr8forev29|lance|1447
|player|p2|Nickthenickthenick|101|1441
|gen|9
|tier|[Gen 9] OU
|rated|
|rule|HP Percentage Mod: HP is shown in percentages
|rule|Endless Battle Clause: Forcing endless battles is banned
|rule|Species Clause: Limit one of each Pokémon
|rule|OHKO Clause: OHKO moves are banned
|rule|Evasion Items Clause: Evasion items are banned
|rule|Evasion Moves Clause: Evasion moves are banned
|rule|Evasion Abilities Clause: Evasion abilities are banned
|rule|Sleep Moves Clause: Sleep-inducing moves are banned
|clearpoke
|poke|p1|Dragapult, M|
|poke|p1|Pecharunt|
|poke|p1|Ogerpon-Wellspring, F|
|poke|p1|Iron Treads|
|poke|p1|Zamazenta-*|
|poke|p1|Kingambit, F|
|poke|p2|Raikou|
|poke|p2|Entei|
|poke|p2|Suicune|
|poke|p2|Tyranitar, F|
|poke|p2|Porygon2|
|poke|p2|Hatterene, F|
|teampreview
|inactive|Battle timer is ON: inactive players will automatically lose when time's up. (requested by tejgr8forev29)
|inactive|tejgr8forev29 has 120 seconds left.
|
|t:|1779718751
|teamsize|p1|6
|teamsize|p2|6
|start
|switch|p1a: Ogerpon|Ogerpon-Wellspring, F|100/100
|switch|p2a: Tyranitar|Tyranitar, F|100/100
|-weather|Sandstorm|[from] ability: Sand Stream|[of] p2a: Tyranitar
|turn|1
|
|t:|1779718761
|switch|p2a: Porygon2|Porygon2|100/100
|-ability|p2a: Porygon2|Water Absorb|Trace|[from] ability: Trace|[of] p1a: Ogerpon
|move|p1a: Ogerpon|Swords Dance|p1a: Ogerpon
|-boost|p1a: Ogerpon|atk|2
|
|-weather|Sandstorm|[upkeep]
|-damage|p1a: Ogerpon|95/100|[from] Sandstorm
|-damage|p2a: Porygon2|94/100|[from] Sandstorm
|upkeep
|turn|2
|
|t:|1779718771
|move|p1a: Ogerpon|Substitute|p1a: Ogerpon
|-start|p1a: Ogerpon|Substitute
|-damage|p1a: Ogerpon|70/100
|move|p2a: Porygon2|Foul Play|p1a: Ogerpon
|-end|p1a: Ogerpon|Substitute
|
|-weather|Sandstorm|[upkeep]
|-damage|p1a: Ogerpon|64/100|[from] Sandstorm
|-damage|p2a: Porygon2|88/100|[from] Sandstorm
|upkeep
|turn|3
|
|t:|1779718782
|switch|p1a: Zamazenta|Zamazenta|100/100
|-ability|p1a: Zamazenta|Dauntless Shield|boost
|-boost|p1a: Zamazenta|def|1
|move|p2a: Porygon2|Foul Play|p1a: Zamazenta
|-resisted|p1a: Zamazenta
|-damage|p1a: Zamazenta|94/100
|
|-weather|Sandstorm|[upkeep]
|-damage|p1a: Zamazenta|87/100|[from] Sandstorm
|-damage|p2a: Porygon2|82/100|[from] Sandstorm
|upkeep
|turn|4
|
|t:|1779718791
|switch|p2a: Hatterene|Hatterene, F|100/100
|move|p1a: Zamazenta|Light Screen|p1a: Zamazenta
|-sidestart|p1: tejgr8forev29|move: Light Screen
|
|-weather|Sandstorm|[upkeep]
|-damage|p1a: Zamazenta|81/100|[from] Sandstorm
|-damage|p2a: Hatterene|95/100|[from] Sandstorm
|-heal|p2a: Hatterene|100/100|[from] item: Leftovers
|upkeep
|turn|5
|
|t:|1779718801
|switch|p1a: Iron Treads|Iron Treads|100/100
|-item|p1a: Iron Treads|Air Balloon
|move|p2a: Hatterene|Psychic Noise|p1a: Iron Treads
|-resisted|p1a: Iron Treads
|-damage|p1a: Iron Treads|88/100
|-start|p1a: Iron Treads|move: Heal Block
|-enditem|p1a: Iron Treads|Air Balloon
|
|-weather|none
|upkeep
|turn|6
|
|t:|1779718812
|move|p1a: Iron Treads|Knock Off|p2a: Hatterene
|-damage|p2a: Hatterene|77/100
|-enditem|p2a: Hatterene|Leftovers|[from] move: Knock Off|[of] p1a: Iron Treads
|move|p2a: Hatterene|Draining Kiss|p1a: Iron Treads
|-resisted|p1a: Iron Treads
|-damage|p1a: Iron Treads|81/100
|-heal|p2a: Hatterene|83/100|[from] drain|[of] p1a: Iron Treads
|
|-end|p1a: Iron Treads|move: Heal Block
|upkeep
|turn|7
|
|t:|1779718822
|move|p1a: Iron Treads|Earthquake|p2a: Hatterene
|-damage|p2a: Hatterene|44/100
|move|p2a: Hatterene|Psychic Noise|p1a: Iron Treads
|-resisted|p1a: Iron Treads
|-damage|p1a: Iron Treads|69/100
|-start|p1a: Iron Treads|move: Heal Block
|
|upkeep
|turn|8
|
|t:|1779718830
|move|p1a: Iron Treads|Earthquake|p2a: Hatterene
|-damage|p2a: Hatterene|6/100
|move|p2a: Hatterene|Pain Split|p1a: Iron Treads
|-sethp|p1a: Iron Treads|38/100|[from] move: Pain Split|[silent]
|-sethp|p2a: Hatterene|38/100|[from] move: Pain Split
|
|-end|p1a: Iron Treads|move: Heal Block
|upkeep
|turn|9
|
|t:|1779718838
|switch|p2a: Porygon2|Porygon2|82/100
|move|p1a: Iron Treads|Earthquake|p2a: Porygon2
|-damage|p2a: Porygon2|61/100
|
|upkeep
|turn|10
|
|t:|1779718844
|switch|p2a: Hatterene|Hatterene, F|38/100
|move|p1a: Iron Treads|Knock Off|p2a: Hatterene
|-damage|p2a: Hatterene|22/100
|
|upkeep
|turn|11
|
|t:|1779718853
|move|p1a: Iron Treads|Earthquake|p2a: Hatterene
|-damage|p2a: Hatterene|0 fnt
|faint|p2a: Hatterene
|
|-sideend|p1: tejgr8forev29|move: Light Screen
|upkeep
|
|t:|1779718865
|switch|p2a: Raikou|Raikou|100/100
|-ability|p2a: Raikou|Pressure
|turn|12
|
|t:|1779718876
|-end|p1a: Iron Treads|Quark Drive|[silent]
|switch|p1a: Zamazenta|Zamazenta|81/100
|move|p2a: Raikou|Scald|p1a: Zamazenta
|-damage|p1a: Zamazenta|61/100
|
|upkeep
|turn|13
|
|t:|1779718883
|move|p1a: Zamazenta|Light Screen|p1a: Zamazenta
|-sidestart|p1: tejgr8forev29|move: Light Screen
|move|p2a: Raikou|Discharge|p1a: Zamazenta
|-damage|p1a: Zamazenta|45/100
|
|upkeep
|turn|14
|
|t:|1779718895
|switch|p1a: Ogerpon|Ogerpon-Wellspring, F|64/100
|move|p2a: Raikou|Calm Mind|p2a: Raikou
|-boost|p2a: Raikou|spa|1
|-boost|p2a: Raikou|spd|1
|
|upkeep
|turn|15
|
|t:|1779718905
|move|p2a: Raikou|Discharge|p1a: Ogerpon
|-damage|p1a: Ogerpon|31/100
|-status|p1a: Ogerpon|par
|move|p1a: Ogerpon|Horn Leech|p2a: Raikou
|-damage|p2a: Raikou|39/100
|-heal|p1a: Ogerpon|64/100 par|[from] drain|[of] p2a: Raikou
|
|-heal|p2a: Raikou|45/100|[from] item: Leftovers
|upkeep
|turn|16
|
|t:|1779718915
|move|p2a: Raikou|Discharge|p1a: Ogerpon
|-damage|p1a: Ogerpon|32/100 par
|cant|p1a: Ogerpon|par
|
|-heal|p2a: Raikou|51/100|[from] item: Leftovers
|upkeep
|turn|17
|
|t:|1779718921
|move|p2a: Raikou|Discharge|p1a: Ogerpon
|-damage|p1a: Ogerpon|0 fnt
|faint|p1a: Ogerpon
|
|-heal|p2a: Raikou|58/100|[from] item: Leftovers
|upkeep
|
|t:|1779718930
|switch|p1a: Dragapult|Dragapult, M|100/100
|turn|18
|
|t:|1779718937
|move|p2a: Raikou|Discharge|p1a: Dragapult
|-resisted|p1a: Dragapult
|-damage|p1a: Dragapult|83/100
|move|p1a: Dragapult|Substitute|p1a: Dragapult
|-start|p1a: Dragapult|Substitute
|-damage|p1a: Dragapult|58/100
|
|-heal|p2a: Raikou|64/100|[from] item: Leftovers
|-heal|p1a: Dragapult|64/100|[from] item: Leftovers
|upkeep
|turn|19
|
|t:|1779718947
|move|p2a: Raikou|Discharge|p1a: Dragapult
|-resisted|p1a: Dragapult
|-activate|p1a: Dragapult|move: Substitute|[damage]
|move|p1a: Dragapult|Dragon Dance|p1a: Dragapult
|-boost|p1a: Dragapult|atk|1
|-boost|p1a: Dragapult|spe|1
|
|-heal|p1a: Dragapult|70/100|[from] item: Leftovers
|-heal|p2a: Raikou|70/100|[from] item: Leftovers
|upkeep
|turn|20
|
|t:|1779718956
|move|p1a: Dragapult|Dragon Darts|p2a: Raikou
|-damage|p2a: Raikou|19/100
|-anim|p1a: Dragapult|Dragon Darts|p2a: Raikou
|-crit|p2a: Raikou
|-damage|p2a: Raikou|0 fnt
|faint|p2a: Raikou
|
|-heal|p1a: Dragapult|76/100|[from] item: Leftovers
|-sideend|p1: tejgr8forev29|move: Light Screen
|upkeep
|
|t:|1779718959
|switch|p2a: Porygon2|Porygon2|61/100
|-ability|p2a: Porygon2|Infiltrator|Trace|[from] ability: Trace|[of] p1a: Dragapult
|turn|21
|
|t:|1779718969
|-terastallize|p1a: Dragapult|Dragon
|move|p1a: Dragapult|Dragon Darts|p2a: Porygon2
|-damage|p2a: Porygon2|33/100
|-anim|p1a: Dragapult|Dragon Darts|p2a: Porygon2
|-damage|p2a: Porygon2|6/100
|move|p2a: Porygon2|Foul Play|p1a: Dragapult
|-damage|p1a: Dragapult|12/100
|
|-heal|p1a: Dragapult|18/100|[from] item: Leftovers
|upkeep
|turn|22
|
|t:|1779718979
|move|p1a: Dragapult|Dragon Darts|p2a: Porygon2
|-damage|p2a: Porygon2|0 fnt
|faint|p2a: Porygon2
|
|-heal|p1a: Dragapult|24/100|[from] item: Leftovers
|upkeep
|
|t:|1779718983
|switch|p2a: Entei|Entei|100/100
|-ability|p2a: Entei|Pressure
|turn|23
|
|t:|1779718990
|move|p1a: Dragapult|Phantom Force||[still]
|-prepare|p1a: Dragapult|Phantom Force
|move|p2a: Entei|Scorching Sands|p1a: Dragapult|[miss]
|-miss|p2a: Entei|p1a: Dragapult
|
|-heal|p1a: Dragapult|30/100|[from] item: Leftovers
|upkeep
|turn|24
|
|t:|1779718997
|move|p1a: Dragapult|Phantom Force|p2a: Entei|[from] lockedmove
|-damage|p2a: Entei|53/100
|move|p2a: Entei|Scorching Sands|p1a: Dragapult
|-end|p1a: Dragapult|Substitute
|
|-heal|p1a: Dragapult|36/100|[from] item: Leftovers
|upkeep
|turn|25
|
|t:|1779719005
|move|p1a: Dragapult|Dragon Darts|p2a: Entei
|-damage|p2a: Entei|20/100
|-anim|p1a: Dragapult|Dragon Darts|p2a: Entei
|-damage|p2a: Entei|0 fnt
|faint|p2a: Entei
|
|-heal|p1a: Dragapult|42/100|[from] item: Leftovers
|upkeep
|
|t:|1779719008
|switch|p2a: Suicune|Suicune|100/100
|-ability|p2a: Suicune|Pressure
|turn|26
|
|t:|1779719016
|move|p1a: Dragapult|Dragon Darts|p2a: Suicune
|-damage|p2a: Suicune|58/100
|-anim|p1a: Dragapult|Dragon Darts|p2a: Suicune
|-damage|p2a: Suicune|17/100
|move|p2a: Suicune|Ice Beam|p1a: Dragapult
|-supereffective|p1a: Dragapult
|-damage|p1a: Dragapult|0 fnt
|faint|p1a: Dragapult
|
|-heal|p2a: Suicune|23/100|[from] item: Leftovers
|upkeep
|
|t:|1779719030
|switch|p1a: Iron Treads|Iron Treads|38/100
|turn|27
|
|t:|1779719034
|move|p1a: Iron Treads|Earthquake|p2a: Suicune
|-damage|p2a: Suicune|0 fnt
|faint|p2a: Suicune
|
|upkeep
|
|t:|1779719037
|switch|p2a: Tyranitar|Tyranitar, F|100/100
|-weather|Sandstorm|[from] ability: Sand Stream|[of] p2a: Tyranitar
|turn|28
|c|☆tejgr8forev29|Gg
|
|t:|1779719042
|move|p1a: Iron Treads|Earthquake|p2a: Tyranitar
|-supereffective|p2a: Tyranitar
|-damage|p2a: Tyranitar|31/100
|move|p2a: Tyranitar|Ice Beam|p1a: Iron Treads
|-crit|p1a: Iron Treads
|-damage|p1a: Iron Treads|0 fnt
|faint|p1a: Iron Treads
|-end|p1a: Iron Treads|Quark Drive|[silent]
|
|-weather|Sandstorm|[upkeep]
|-heal|p2a: Tyranitar|37/100|[from] item: Leftovers
|upkeep
|
|t:|1779719051
|switch|p1a: Zamazenta|Zamazenta|45/100
|turn|29
|
|t:|1779719058
|-terastallize|p2a: Tyranitar|Ghost
|move|p1a: Zamazenta|Close Combat|p2a: Tyranitar
|-immune|p2a: Tyranitar
|move|p2a: Tyranitar|Stealth Rock|p1a: Zamazenta
|-sidestart|p1: tejgr8forev29|move: Stealth Rock
|
|-weather|Sandstorm|[upkeep]
|-damage|p1a: Zamazenta|39/100|[from] Sandstorm
|-damage|p2a: Tyranitar|31/100|[from] Sandstorm
|-heal|p2a: Tyranitar|37/100|[from] item: Leftovers
|upkeep
|turn|30
|
|t:|1779719067
|move|p1a: Zamazenta|Reflect|p1a: Zamazenta
|-sidestart|p1: tejgr8forev29|Reflect
|move|p2a: Tyranitar|Ice Beam|p1a: Zamazenta
|-damage|p1a: Zamazenta|25/100
|-status|p1a: Zamazenta|frz
|
|-weather|Sandstorm|[upkeep]
|-damage|p1a: Zamazenta|19/100 frz|[from] Sandstorm
|-damage|p2a: Tyranitar|31/100|[from] Sandstorm
|-heal|p2a: Tyranitar|37/100|[from] item: Leftovers
|upkeep
|turn|31
|
|t:|1779719076
|switch|p1a: Kingambit|Kingambit, F|100/100
|-damage|p1a: Kingambit|94/100|[from] Stealth Rock
|-activate|p1a: Kingambit|ability: Supreme Overlord
|-start|p1a: Kingambit|fallen3|[silent]
|move|p2a: Tyranitar|Knock Off|p1a: Kingambit
|-resisted|p1a: Kingambit
|-damage|p1a: Kingambit|86/100
|-enditem|p1a: Kingambit|Leftovers|[from] move: Knock Off|[of] p2a: Tyranitar
|
|-weather|Sandstorm|[upkeep]
|-damage|p2a: Tyranitar|31/100|[from] Sandstorm
|-heal|p2a: Tyranitar|37/100|[from] item: Leftovers
|upkeep
|turn|32
|
|t:|1779719088
|move|p2a: Tyranitar|Ice Beam|p1a: Kingambit
|-resisted|p1a: Kingambit
|-damage|p1a: Kingambit|78/100
|-status|p1a: Kingambit|frz
|cant|p1a: Kingambit|frz
|
|-weather|none
|-heal|p2a: Tyranitar|43/100|[from] item: Leftovers
|upkeep
|turn|33
|
|t:|1779719097
|move|p2a: Tyranitar|Stone Edge|p1a: Kingambit
|-resisted|p1a: Kingambit
|-damage|p1a: Kingambit|71/100 frz
|-curestatus|p1a: Kingambit|frz|[msg]
|move|p1a: Kingambit|Kowtow Cleave|p2a: Tyranitar
|-supereffective|p2a: Tyranitar
|-damage|p2a: Tyranitar|0 fnt
|faint|p2a: Tyranitar
|
|win|tejgr8forev29
|raw|tejgr8forev29's rating: 1447 &rarr; <strong>1467</strong><br />(+20 for winning)
|raw|Nickthenickthenick's rating: 1441 &rarr; <strong>1421</strong><br />(-20 for losing)
|c|☆Nickthenickthenick|lucky thaw
|c|☆tejgr8forev29|Bruh
|c|☆tejgr8forev29|3 on 1
|l|☆tejgr8forev29
|player|p1|
