|j|☆wxdwxdwxd
|j|☆Dubyaz13
|t:|1779597306
|gametype|singles
|player|p1|wxdwxdwxd|169|1404
|player|p2|Dubyaz13|linebacker|1442
|gen|9
|tier|[Gen 9] OU
|rated|
|rule|HP Percentage Mod: HP is shown in percentages
|rule|Endless Battle Clause: Forcing endless battles is banned
|rule|Species Clause: Limit one of each Pokémon
|rule|OHKO Clause: OHKO moves are banned
|rule|Evasion Items Clause: Evasion items are banned
|rule|Evasion Moves Clause: Evasion moves are banned
|rule|Evasion Abilities Clause: Evasion abilities are banned
|rule|Sleep Moves Clause: Sleep-inducing moves are banned
|clearpoke
|poke|p1|Dragonite, F|
|poke|p1|Ogerpon-Cornerstone, F|
|poke|p1|Hatterene, F|
|poke|p1|Iron Treads|
|poke|p1|Kingambit, F|
|poke|p1|Zapdos|
|poke|p2|Dragonite, F|
|poke|p2|Samurott-Hisui, F|
|poke|p2|Gholdengo|
|poke|p2|Pecharunt|
|poke|p2|Walking Wake|
|poke|p2|Ting-Lu|
|teampreview
|inactive|Battle timer is ON: inactive players will automatically lose when time's up. (requested by wxdwxdwxd)
|
|t:|1779597312
|teamsize|p1|6
|teamsize|p2|6
|start
|switch|p1a: Ogerpon|Ogerpon-Cornerstone, F|100/100
|switch|p2a: Samurott|Samurott-Hisui, F|100/100
|turn|1
|
|t:|1779597330
|switch|p1a: Hatterene|Hatterene, F|100/100
|switch|p2a: Pecharunt|Pecharunt|100/100
|
|upkeep
|turn|2
|
|t:|1779597336
|switch|p1a: Iron Treads|Iron Treads|100/100
|-item|p1a: Iron Treads|Air Balloon
|move|p2a: Pecharunt|Malignant Chain|p1a: Iron Treads
|-immune|p1a: Iron Treads
|
|upkeep
|turn|3
|
|t:|1779597342
|-end|p1a: Iron Treads|Quark Drive|[silent]
|switch|p1a: Kingambit|Kingambit, F|100/100
|switch|p2a: Ting-Lu|Ting-Lu|100/100
|-ability|p2a: Ting-Lu|Vessel of Ruin
|
|upkeep
|turn|4
|
|t:|1779597348
|move|p1a: Kingambit|Swords Dance|p1a: Kingambit
|-boost|p1a: Kingambit|atk|2
|move|p2a: Ting-Lu|Ruination|p1a: Kingambit
|-damage|p1a: Kingambit|51/100
|
|-heal|p1a: Kingambit|57/100|[from] item: Leftovers
|upkeep
|turn|5
|
|t:|1779597350
|move|p1a: Kingambit|Low Kick|p2a: Ting-Lu
|-supereffective|p2a: Ting-Lu
|-damage|p2a: Ting-Lu|4/100
|move|p2a: Ting-Lu|Earthquake|p1a: Kingambit
|-supereffective|p1a: Kingambit
|-damage|p1a: Kingambit|0 fnt
|faint|p1a: Kingambit
|-end|p1a: Kingambit|fallenundefined|[silent]
|
|-heal|p2a: Ting-Lu|10/100|[from] item: Leftovers
|upkeep
|
|t:|1779597357
|switch|p1a: Ogerpon|Ogerpon-Cornerstone, F|100/100
|turn|6
|
|t:|1779597360
|move|p1a: Ogerpon|Ivy Cudgel|p2a: Ting-Lu|[anim] Ivy Cudgel Rock
|-resisted|p2a: Ting-Lu
|-damage|p2a: Ting-Lu|0 fnt
|faint|p2a: Ting-Lu
|
|upkeep
|
|t:|1779597365
|switch|p2a: Pecharunt|Pecharunt|100/100
|turn|7
|
|t:|1779597369
|switch|p1a: Iron Treads|Iron Treads|100/100
|-item|p1a: Iron Treads|Air Balloon
|move|p2a: Pecharunt|Nasty Plot|p2a: Pecharunt
|-boost|p2a: Pecharunt|spa|2
|
|upkeep
|turn|8
|
|t:|1779597376
|switch|p2a: Dragonite|Dragonite, F|100/100
|move|p1a: Iron Treads|Earthquake|p2a: Dragonite
|-immune|p2a: Dragonite
|
|upkeep
|turn|9
|
|t:|1779597380
|move|p1a: Iron Treads|Knock Off|p2a: Dragonite
|-damage|p2a: Dragonite|86/100
|-enditem|p2a: Dragonite|Heavy-Duty Boots|[from] move: Knock Off|[of] p1a: Iron Treads
|move|p2a: Dragonite|Dragon Tail|p1a: Iron Treads
|-resisted|p1a: Iron Treads
|-damage|p1a: Iron Treads|84/100
|-enditem|p1a: Iron Treads|Air Balloon
|-end|p1a: Iron Treads|Quark Drive|[silent]
|drag|p1a: Dragonite|Dragonite, F|100/100
|
|upkeep
|turn|10
|
|t:|1779597388
|switch|p1a: Hatterene|Hatterene, F|100/100
|switch|p2a: Pecharunt|Pecharunt|100/100
|
|upkeep
|turn|11
|
|t:|1779597397
|move|p2a: Pecharunt|Malignant Chain|p1a: Hatterene
|-supereffective|p1a: Hatterene
|-damage|p1a: Hatterene|31/100
|-status|p1a: Hatterene|tox
|-start|p1a: Hatterene|confusion|[from] ability: Poison Puppeteer|[of] p2a: Pecharunt
|-activate|p1a: Hatterene|confusion
|move|p1a: Hatterene|Nuzzle|p2a: Pecharunt
|-damage|p2a: Pecharunt|98/100
|-status|p2a: Pecharunt|par
|
|-damage|p1a: Hatterene|25/100 tox|[from] psn
|upkeep
|turn|12
|
|t:|1779597408
|switch|p2a: Samurott|Samurott-Hisui, F|100/100
|switch|p1a: Iron Treads|Iron Treads|84/100
|
|upkeep
|turn|13
|
|t:|1779597413
|move|p1a: Iron Treads|Earthquake|p2a: Samurott
|-damage|p2a: Samurott|44/100
|move|p2a: Samurott|Ceaseless Edge|p1a: Iron Treads
|-damage|p1a: Iron Treads|48/100
|-sidestart|p1: wxdwxdwxd|Spikes
|
|upkeep
|turn|14
|
|t:|1779597420
|move|p1a: Iron Treads|Rapid Spin|p2a: Samurott
|-damage|p2a: Samurott|26/100
|-boost|p1a: Iron Treads|spe|1
|-sideend|p1: wxdwxdwxd|Spikes|[from] move: Rapid Spin|[of] p1a: Iron Treads
|move|p2a: Samurott|Flip Turn|p1a: Iron Treads
|-supereffective|p1a: Iron Treads
|-damage|p1a: Iron Treads|5/100
|
|t:|1779597426
|switch|p2a: Dragonite|Dragonite, F|86/100|[from] Flip Turn
|
|upkeep
|turn|15
|
|t:|1779597431
|-end|p1a: Iron Treads|Quark Drive|[silent]
|switch|p1a: Hatterene|Hatterene, F|25/100 tox
|move|p2a: Dragonite|Extreme Speed|p1a: Hatterene
|-damage|p1a: Hatterene|0 fnt
|-damage|p2a: Dragonite|70/100|[from] item: Rocky Helmet|[of] p1a: Hatterene
|faint|p1a: Hatterene
|
|upkeep
|
|t:|1779597437
|switch|p1a: Ogerpon|Ogerpon-Cornerstone, F|100/100
|turn|16
|
|t:|1779597445
|switch|p2a: Pecharunt|Pecharunt|98/100 par
|move|p1a: Ogerpon|Swords Dance|p1a: Ogerpon
|-boost|p1a: Ogerpon|atk|2
|
|upkeep
|turn|17
|
|t:|1779597451
|switch|p1a: Iron Treads|Iron Treads|5/100
|move|p2a: Pecharunt|Malignant Chain|p1a: Iron Treads
|-immune|p1a: Iron Treads
|
|upkeep
|turn|18
|
|t:|1779597459
|switch|p2a: Dragonite|Dragonite, F|70/100
|move|p1a: Iron Treads|Stealth Rock|p2a: Dragonite
|-sidestart|p2: Dubyaz13|move: Stealth Rock
|
|upkeep
|turn|19
|
|t:|1779597464
|move|p2a: Dragonite|Extreme Speed|p1a: Iron Treads
|-resisted|p1a: Iron Treads
|-damage|p1a: Iron Treads|0 fnt
|faint|p1a: Iron Treads
|-end|p1a: Iron Treads|Quark Drive|[silent]
|
|upkeep
|
|t:|1779597468
|switch|p1a: Ogerpon|Ogerpon-Cornerstone, F|100/100
|turn|20
|
|t:|1779597474
|switch|p2a: Pecharunt|Pecharunt|98/100 par
|move|p1a: Ogerpon|Ivy Cudgel|p2a: Pecharunt|[anim] Ivy Cudgel Rock
|-damage|p2a: Pecharunt|65/100 par
|
|upkeep
|turn|21
|
|t:|1779597481
|move|p1a: Ogerpon|Ivy Cudgel|p2a: Pecharunt|[anim] Ivy Cudgel Rock
|-damage|p2a: Pecharunt|28/100 par
|cant|p2a: Pecharunt|par
|
|upkeep
|turn|22
|
|t:|1779597490
|switch|p1a: Zapdos|Zapdos|100/100
|move|p2a: Pecharunt|Malignant Chain|p1a: Zapdos
|-damage|p1a: Zapdos|64/100
|
|upkeep
|turn|23
|
|t:|1779597496
|move|p1a: Zapdos|Volt Switch|p2a: Pecharunt
|-damage|p2a: Pecharunt|0 fnt
|faint|p2a: Pecharunt
|
|t:|1779597502
|switch|p1a: Ogerpon|Ogerpon-Cornerstone, F|100/100|[from] Volt Switch
|
|upkeep
|
|t:|1779597523
|switch|p2a: Gholdengo|Gholdengo|100/100
|-damage|p2a: Gholdengo|94/100|[from] Stealth Rock
|turn|24
|
|t:|1779597527
|switch|p1a: Zapdos|Zapdos|64/100
|move|p2a: Gholdengo|Make It Rain|p1a: Zapdos
|-resisted|p1a: Zapdos
|-damage|p1a: Zapdos|26/100
|-unboost|p2a: Gholdengo|spa|1
|
|upkeep
|turn|25
|
|t:|1779597539
|move|p1a: Zapdos|Heat Wave|p2a: Gholdengo
|-supereffective|p2a: Gholdengo
|-crit|p2a: Gholdengo
|-damage|p2a: Gholdengo|0 fnt
|faint|p2a: Gholdengo
|
|upkeep
|
|t:|1779597552
|switch|p2a: Walking Wake|Walking Wake|100/100
|turn|26
|
|t:|1779597555
|move|p1a: Zapdos|Heat Wave|p2a: Walking Wake
|-resisted|p2a: Walking Wake
|-damage|p2a: Walking Wake|92/100
|move|p2a: Walking Wake|Flip Turn|p1a: Zapdos
|-damage|p1a: Zapdos|5/100
|-status|p2a: Walking Wake|par|[from] ability: Static|[of] p1a: Zapdos
|
|t:|1779597563
|-end|p2a: Walking Wake|Protosynthesis|[silent]
|switch|p2a: Dragonite|Dragonite, F|70/100|[from] Flip Turn
|-damage|p2a: Dragonite|45/100|[from] Stealth Rock
|
|upkeep
|turn|27
|
|t:|1779597566
|move|p1a: Zapdos|Heat Wave|p2a: Dragonite
|-resisted|p2a: Dragonite
|-damage|p2a: Dragonite|30/100
|move|p2a: Dragonite|Roost|p2a: Dragonite
|-heal|p2a: Dragonite|80/100
|-singleturn|p2a: Dragonite|move: Roost
|
|upkeep
|turn|28
|
|t:|1779597571
|switch|p1a: Ogerpon|Ogerpon-Cornerstone, F|100/100
|move|p2a: Dragonite|Roost|p2a: Dragonite
|-heal|p2a: Dragonite|100/100
|-singleturn|p2a: Dragonite|move: Roost
|
|upkeep
|turn|29
|
|t:|1779597576
|move|p1a: Ogerpon|Ivy Cudgel|p2a: Dragonite|[anim] Ivy Cudgel Rock
|-supereffective|p2a: Dragonite
|-damage|p2a: Dragonite|47/100
|move|p2a: Dragonite|Low Kick|p1a: Ogerpon
|-supereffective|p1a: Ogerpon
|-damage|p1a: Ogerpon|44/100
|
|upkeep
|turn|30
|
|t:|1779597588
|switch|p2a: Walking Wake|Walking Wake|92/100 par
|move|p1a: Ogerpon|Ivy Cudgel|p2a: Walking Wake|[anim] Ivy Cudgel Rock
|-damage|p2a: Walking Wake|31/100 par
|
|upkeep
|turn|31
|
|t:|1779597590
|move|p1a: Ogerpon|Ivy Cudgel|p2a: Walking Wake|[anim] Ivy Cudgel Rock
|-damage|p2a: Walking Wake|0 fnt
|faint|p2a: Walking Wake
|-end|p2a: Walking Wake|Protosynthesis|[silent]
|
|upkeep
|
|t:|1779597592
|switch|p2a: Samurott|Samurott-Hisui, F|26/100
|-damage|p2a: Samurott|13/100|[from] Stealth Rock
|turn|32
|
|t:|1779597598
|switch|p1a: Zapdos|Zapdos|5/100
|move|p2a: Samurott|Sucker Punch||[still]
|-fail|p2a: Samurott
|
|upkeep
|turn|33
|
|t:|1779597601
|move|p2a: Samurott|Sucker Punch|p1a: Zapdos
|-damage|p1a: Zapdos|0 fnt
|faint|p1a: Zapdos
|
|upkeep
|
|t:|1779597603
|switch|p1a: Dragonite|Dragonite, F|100/100
|turn|34
|
|t:|1779597607
|move|p1a: Dragonite|Extreme Speed|p2a: Samurott
|-damage|p2a: Samurott|0 fnt
|faint|p2a: Samurott
|
|upkeep
|
|t:|1779597608
|switch|p2a: Dragonite|Dragonite, F|47/100
|-damage|p2a: Dragonite|22/100|[from] Stealth Rock
|turn|35
|
|t:|1779597611
|-terastallize|p2a: Dragonite|Normal
|move|p1a: Dragonite|Extreme Speed|p2a: Dragonite
|-damage|p2a: Dragonite|0 fnt
|faint|p2a: Dragonite
|
|win|wxdwxdwxd
|raw|wxdwxdwxd's rating: 1404 &rarr; <strong>1426</strong><br />(+22 for winning)
|raw|Dubyaz13's rating: 1442 &rarr; <strong>1420</strong><br />(-22 for losing)
|l|☆Dubyaz13
|player|p2|
|l|☆wxdwxdwxd
|player|p1|
