|j|☆chillkillr
|j|☆xuxanchengaloser
|t:|1779596781
|gametype|singles
|player|p1|chillkillr|101|1363
|player|p2|xuxanchengaloser|swimmerf-gen4|1320
|gen|9
|tier|[Gen 9] OU
|rated|
|rule|HP Percentage Mod: HP is shown in percentages
|rule|Endless Battle Clause: Forcing endless battles is banned
|rule|Species Clause: Limit one of each Pokémon
|rule|OHKO Clause: OHKO moves are banned
|rule|Evasion Items Clause: Evasion items are banned
|rule|Evasion Moves Clause: Evasion moves are banned
|rule|Evasion Abilities Clause: Evasion abilities are banned
|rule|Sleep Moves Clause: Sleep-inducing moves are banned
|clearpoke
|poke|p1|Zamazenta-*|
|poke|p1|Iron Hands|
|poke|p1|Ceruledge, F|
|poke|p1|Iron Valiant|
|poke|p1|Deoxys-Speed|
|poke|p1|Glimmora, F|
|poke|p2|Kingambit, M|
|poke|p2|Raging Bolt|
|poke|p2|Glimmora, F|
|poke|p2|Meowscarada, M|
|poke|p2|Cinderace, M|
|poke|p2|Ogerpon-Wellspring, F|
|teampreview
|inactive|Battle timer is ON: inactive players will automatically lose when time's up. (requested by xuxanchengaloser)
|
|t:|1779596810
|teamsize|p1|6
|teamsize|p2|6
|start
|switch|p1a: Glimmora|Glimmora, F|100/100
|switch|p2a: Glimmora|Glimmora, F|100/100
|turn|1
|
|t:|1779596833
|move|p2a: Glimmora|Earth Power|p1a: Glimmora
|-supereffective|p1a: Glimmora
|-damage|p1a: Glimmora|0 fnt
|faint|p1a: Glimmora
|
|upkeep
|
|t:|1779596841
|switch|p1a: Deoxys|Deoxys-Speed|100/100
|-ability|p1a: Deoxys|Pressure
|turn|2
|inactive|chillkillr has 120 seconds left.
|
|t:|1779596866
|move|p1a: Deoxys|Taunt|p2a: Glimmora
|-start|p2a: Glimmora|move: Taunt
|move|p2a: Glimmora|Mortal Spin|p1a: Deoxys
|-damage|p1a: Deoxys|93/100
|-status|p1a: Deoxys|psn
|
|-damage|p1a: Deoxys|81/100 psn|[from] psn
|upkeep
|turn|3
|
|t:|1779596878
|move|p1a: Deoxys|Light Screen|p1a: Deoxys
|-sidestart|p1: chillkillr|move: Light Screen
|move|p2a: Glimmora|Energy Ball|p1a: Deoxys
|-damage|p1a: Deoxys|61/100 psn
|
|-damage|p1a: Deoxys|49/100 psn|[from] psn
|upkeep
|turn|4
|
|t:|1779596886
|move|p1a: Deoxys|Reflect|p1a: Deoxys
|-sidestart|p1: chillkillr|Reflect
|move|p2a: Glimmora|Earth Power|p1a: Deoxys
|-damage|p1a: Deoxys|29/100 psn
|
|-damage|p1a: Deoxys|17/100 psn|[from] psn
|-end|p2a: Glimmora|move: Taunt
|upkeep
|turn|5
|
|t:|1779596894
|move|p2a: Glimmora|Earth Power|p1a: Deoxys
|-damage|p1a: Deoxys|0 fnt
|faint|p1a: Deoxys
|
|upkeep
|
|t:|1779596915
|switch|p1a: Iron Valiant|Iron Valiant|100/100
|-enditem|p1a: Iron Valiant|Booster Energy
|-activate|p1a: Iron Valiant|ability: Quark Drive|[fromitem]
|-start|p1a: Iron Valiant|quarkdrivespe
|turn|6
|
|t:|1779596924
|move|p1a: Iron Valiant|Thunderbolt|p2a: Glimmora
|-damage|p2a: Glimmora|60/100
|-status|p2a: Glimmora|par
|move|p2a: Glimmora|Earth Power|p1a: Iron Valiant
|-damage|p1a: Iron Valiant|73/100
|
|upkeep
|turn|7
|
|t:|1779596932
|move|p1a: Iron Valiant|Calm Mind|p1a: Iron Valiant
|-boost|p1a: Iron Valiant|spa|1
|-boost|p1a: Iron Valiant|spd|1
|move|p2a: Glimmora|Earth Power|p1a: Iron Valiant
|-damage|p1a: Iron Valiant|54/100
|
|upkeep
|turn|8
|
|t:|1779596943
|move|p1a: Iron Valiant|Calm Mind|p1a: Iron Valiant
|-boost|p1a: Iron Valiant|spa|1
|-boost|p1a: Iron Valiant|spd|1
|cant|p2a: Glimmora|par
|
|upkeep
|turn|9
|
|t:|1779596952
|move|p1a: Iron Valiant|Thunderbolt|p2a: Glimmora
|-damage|p2a: Glimmora|0 fnt
|faint|p2a: Glimmora
|
|upkeep
|
|t:|1779596958
|switch|p2a: Cinderace|Cinderace, M|100/100
|turn|10
|
|t:|1779596967
|move|p1a: Iron Valiant|Thunderbolt|p2a: Cinderace
|-damage|p2a: Cinderace|10/100
|move|p2a: Cinderace|Iron Head|p1a: Iron Valiant
|-start|p2a: Cinderace|typechange|Steel|[from] ability: Libero
|-supereffective|p1a: Iron Valiant
|-damage|p1a: Iron Valiant|3/100
|
|-sideend|p1: chillkillr|move: Light Screen
|upkeep
|turn|11
|
|t:|1779596977
|move|p1a: Iron Valiant|Thunderbolt|p2a: Cinderace
|-damage|p2a: Cinderace|0 fnt
|faint|p2a: Cinderace
|
|-sideend|p1: chillkillr|Reflect
|upkeep
|
|t:|1779596984
|switch|p2a: Raging Bolt|Raging Bolt|100/100
|-enditem|p2a: Raging Bolt|Booster Energy
|-activate|p2a: Raging Bolt|ability: Protosynthesis|[fromitem]
|-start|p2a: Raging Bolt|protosynthesisspa
|turn|12
|
|t:|1779597013
|move|p2a: Raging Bolt|Thunderclap||[still]
|-fail|p2a: Raging Bolt
|move|p1a: Iron Valiant|Calm Mind|p1a: Iron Valiant
|-boost|p1a: Iron Valiant|spa|1
|-boost|p1a: Iron Valiant|spd|1
|
|upkeep
|turn|13
|
|t:|1779597020
|move|p2a: Raging Bolt|Thunderclap|p1a: Iron Valiant
|-damage|p1a: Iron Valiant|0 fnt
|faint|p1a: Iron Valiant
|-end|p1a: Iron Valiant|Quark Drive|[silent]
|
|upkeep
|
|t:|1779597026
|switch|p1a: Iron Hands|Iron Hands|100/100
|-enditem|p1a: Iron Hands|Booster Energy
|-activate|p1a: Iron Hands|ability: Quark Drive|[fromitem]
|-start|p1a: Iron Hands|quarkdriveatk
|turn|14
|
|t:|1779597043
|move|p2a: Raging Bolt|Dragon Pulse|p1a: Iron Hands
|-damage|p1a: Iron Hands|37/100
|move|p1a: Iron Hands|Ice Punch|p2a: Raging Bolt
|-supereffective|p2a: Raging Bolt
|-damage|p2a: Raging Bolt|27/100
|
|upkeep
|turn|15
|
|t:|1779597050
|move|p2a: Raging Bolt|Dragon Pulse|p1a: Iron Hands
|-damage|p1a: Iron Hands|0 fnt
|faint|p1a: Iron Hands
|-end|p1a: Iron Hands|Quark Drive|[silent]
|
|upkeep
|
|t:|1779597053
|switch|p1a: Zamazenta|Zamazenta|100/100
|-ability|p1a: Zamazenta|Dauntless Shield|boost
|-boost|p1a: Zamazenta|def|1
|turn|16
|
|t:|1779597064
|move|p1a: Zamazenta|Iron Defense|p1a: Zamazenta
|-boost|p1a: Zamazenta|def|2
|move|p2a: Raging Bolt|Thunderbolt|p1a: Zamazenta
|-damage|p1a: Zamazenta|37/100
|
|-heal|p1a: Zamazenta|44/100|[from] item: Leftovers
|upkeep
|turn|17
|
|t:|1779597073
|move|p2a: Raging Bolt|Thunderclap|p1a: Zamazenta
|-damage|p1a: Zamazenta|0 fnt
|faint|p1a: Zamazenta
|
|upkeep
|
|t:|1779597075
|switch|p1a: Ceruledge|Ceruledge, F|100/100
|turn|18
|
|t:|1779597081
|move|p1a: Ceruledge|Shadow Sneak|p2a: Raging Bolt
|-damage|p2a: Raging Bolt|0 fnt
|faint|p2a: Raging Bolt
|-end|p2a: Raging Bolt|Protosynthesis|[silent]
|-damage|p1a: Ceruledge|91/100|[from] item: Life Orb
|
|upkeep
|
|t:|1779597089
|switch|p2a: Ogerpon|Ogerpon-Wellspring, F|100/100
|turn|19
|
|t:|1779597099
|-terastallize|p2a: Ogerpon|Water
|detailschange|p2a: Ogerpon|Ogerpon-Wellspring-Tera, F, tera:Water
|-ability|p2a: Ogerpon|Embody Aspect (Wellspring)|boost
|-boost|p2a: Ogerpon|spd|1
|-terastallize|p1a: Ceruledge|Ghost
|move|p2a: Ogerpon|Encore|p1a: Ceruledge
|-start|p1a: Ceruledge|Encore
|move|p1a: Ceruledge|Shadow Sneak|p2a: Ogerpon
|-damage|p2a: Ogerpon|46/100
|-damage|p1a: Ceruledge|81/100|[from] item: Life Orb
|
|upkeep
|turn|20
|
|t:|1779597115
|move|p1a: Ceruledge|Shadow Sneak|p2a: Ogerpon
|-damage|p2a: Ogerpon|0 fnt
|faint|p2a: Ogerpon
|detailschange|p2: Ogerpon|Ogerpon-Wellspring, F|[silent]
|-damage|p1a: Ceruledge|71/100|[from] item: Life Orb
|
|upkeep
|
|t:|1779597121
|switch|p2a: Kingambit|Kingambit, M|100/100
|-activate|p2a: Kingambit|ability: Supreme Overlord
|-start|p2a: Kingambit|fallen4|[silent]
|turn|21
|
|t:|1779597126
|move|p1a: Ceruledge|Shadow Sneak|p2a: Kingambit
|-resisted|p2a: Kingambit
|-damage|p2a: Kingambit|86/100
|-damage|p1a: Ceruledge|61/100|[from] item: Life Orb
|move|p2a: Kingambit|Sucker Punch||[still]
|-fail|p2a: Kingambit
|
|-end|p1a: Ceruledge|Encore
|upkeep
|turn|22
|
|t:|1779597135
|move|p1a: Ceruledge|Swords Dance|p1a: Ceruledge
|-boost|p1a: Ceruledge|atk|2
|move|p2a: Kingambit|Kowtow Cleave|p1a: Ceruledge
|-supereffective|p1a: Ceruledge
|-damage|p1a: Ceruledge|0 fnt
|faint|p1a: Ceruledge
|
|win|xuxanchengaloser
|raw|chillkillr's rating: 1363 &rarr; <strong>1341</strong><br />(-22 for losing)
|raw|xuxanchengaloser's rating: 1320 &rarr; <strong>1342</strong><br />(+22 for winning)
|l|☆xuxanchengaloser
|player|p2|
|l|☆chillkillr
|player|p1|
