|badge|p2|silver|gen9ou|30-9
|uhtml|medal-msg|<div class="broadcast-blue">Curious what those medals under the avatar are? PS now has Ladder Seasons! For more information, check out the <a href="https://www.smogon.com/forums/threads/3740067/">thread on Smogon.</a></div>
|j|☆wipe your nose
|j|☆Rj yoip
|t:|1779722577
|gametype|singles
|player|p1|wipe your nose|picnicker|1692
|player|p2|Rj yoip|caitlin-masters|1879
|gen|9
|tier|[Gen 9] OU
|rated|
|rule|HP Percentage Mod: HP is shown in percentages
|rule|Endless Battle Clause: Forcing endless battles is banned
|rule|Species Clause: Limit one of each Pokémon
|rule|OHKO Clause: OHKO moves are banned
|rule|Evasion Items Clause: Evasion items are banned
|rule|Evasion Moves Clause: Evasion moves are banned
|rule|Evasion Abilities Clause: Evasion abilities are banned
|rule|Sleep Moves Clause: Sleep-inducing moves are banned
|clearpoke
|poke|p1|Iron Valiant|
|poke|p1|Hydrapple, F|
|poke|p1|Cinderace, M|
|poke|p1|Tornadus-Therian, M|
|poke|p1|Alomomola, M|
|poke|p1|Iron Treads|
|poke|p2|Iron Treads|
|poke|p2|Landorus-Therian, M|
|poke|p2|Iron Valiant|
|poke|p2|Kingambit, M|
|poke|p2|Zamazenta-*|
|poke|p2|Primarina, F|
|teampreview
|inactive|Battle timer is ON: inactive players will automatically lose when time's up. (requested by wipe your nose)
|inactive|Rj yoip has 120 seconds left.
|
|t:|1779722622
|teamsize|p1|6
|teamsize|p2|6
|start
|switch|p1a: Tornadus|Tornadus-Therian, M|100/100
|switch|p2a: Primarina|Primarina, F|100/100
|turn|1
|
|t:|1779722635
|move|p1a: Tornadus|U-turn|p2a: Primarina
|-resisted|p2a: Primarina
|-damage|p2a: Primarina|91/100
|
|t:|1779722636
|switch|p1a: Alomomola|Alomomola, M|100/100|[from] U-turn
|move|p2a: Primarina|Moonblast|p1a: Alomomola
|-damage|p1a: Alomomola|71/100
|-unboost|p1a: Alomomola|spa|1
|
|upkeep
|turn|2
|
|t:|1779722645
|move|p2a: Primarina|Moonblast|p1a: Alomomola
|-damage|p1a: Alomomola|44/100
|move|p1a: Alomomola|Mirror Coat|p2a: Primarina
|-damage|p2a: Primarina|10/100
|
|upkeep
|turn|3
|
|t:|1779722649
|move|p2a: Primarina|Moonblast|p1a: Alomomola
|-damage|p1a: Alomomola|13/100
|move|p1a: Alomomola|Flip Turn|p2a: Primarina
|-resisted|p2a: Primarina
|-damage|p2a: Primarina|0 fnt
|faint|p2a: Primarina
|
|t:|1779722656
|switch|p1a: Iron Valiant|Iron Valiant, shiny|100/100|[from] Flip Turn
|
|upkeep
|
|t:|1779722676
|switch|p2a: Iron Treads|Iron Treads|100/100
|-enditem|p2a: Iron Treads|Booster Energy
|-activate|p2a: Iron Treads|ability: Quark Drive|[fromitem]
|-start|p2a: Iron Treads|quarkdrivespe
|turn|4
|
|t:|1779722702
|-end|p1a: Iron Valiant|Quark Drive|[silent]
|switch|p1a: Alomomola|Alomomola, M|46/100
|move|p2a: Iron Treads|Iron Head|p1a: Alomomola
|-resisted|p1a: Alomomola
|-damage|p1a: Alomomola|34/100
|
|upkeep
|turn|5
|
|t:|1779722707
|switch|p1a: Hydrapple|Hydrapple, F|100/100
|move|p2a: Iron Treads|Earthquake|p1a: Hydrapple
|-resisted|p1a: Hydrapple
|-damage|p1a: Hydrapple|88/100
|
|upkeep
|turn|6
|
|t:|1779722716
|move|p2a: Iron Treads|Ice Spinner|p1a: Hydrapple
|-supereffective|p1a: Hydrapple
|-damage|p1a: Hydrapple|28/100
|-damage|p2a: Iron Treads|84/100|[from] item: Rocky Helmet|[of] p1a: Hydrapple
|move|p1a: Hydrapple|Earth Power|p2a: Iron Treads
|-supereffective|p2a: Iron Treads
|-damage|p2a: Iron Treads|19/100
|
|upkeep
|turn|7
|
|t:|1779722740
|switch|p1a: Tornadus|Tornadus-Therian, M|100/100
|move|p2a: Iron Treads|Earthquake|p1a: Tornadus
|-immune|p1a: Tornadus
|
|upkeep
|turn|8
|j| KIRAXX200
|
|t:|1779722755
|move|p2a: Iron Treads|Ice Spinner|p1a: Tornadus
|-supereffective|p1a: Tornadus
|-damage|p1a: Tornadus|35/100
|move|p1a: Tornadus|Heat Wave|p2a: Iron Treads
|-supereffective|p2a: Iron Treads
|-damage|p2a: Iron Treads|0 fnt
|faint|p2a: Iron Treads
|-end|p2a: Iron Treads|Quark Drive|[silent]
|
|upkeep
|
|t:|1779722761
|switch|p2a: Landorus|Landorus-Therian, M|100/100
|-ability|p2a: Landorus|Intimidate|boost
|-unboost|p1a: Tornadus|atk|1
|turn|9
|
|t:|1779722766
|move|p1a: Tornadus|Heat Wave|p2a: Landorus
|-damage|p2a: Landorus|49/100
|move|p2a: Landorus|Stealth Rock|p1a: Tornadus
|-sidestart|p1: wipe your nose|move: Stealth Rock
|
|upkeep
|turn|10
|
|t:|1779722769
|move|p1a: Tornadus|Heat Wave|p2a: Landorus
|-damage|p2a: Landorus|4/100
|move|p2a: Landorus|U-turn|p1a: Tornadus
|-resisted|p1a: Tornadus
|-damage|p1a: Tornadus|21/100
|
|t:|1779722771
|switch|p2a: Zamazenta|Zamazenta|100/100|[from] U-turn
|-ability|p2a: Zamazenta|Dauntless Shield|boost
|-boost|p2a: Zamazenta|def|1
|
|upkeep
|turn|11
|
|t:|1779722776
|move|p2a: Zamazenta|Body Press|p1a: Tornadus
|-resisted|p1a: Tornadus
|-damage|p1a: Tornadus|0 fnt
|faint|p1a: Tornadus
|
|upkeep
|
|t:|1779722788
|switch|p1a: Hydrapple|Hydrapple, F|61/100
|-damage|p1a: Hydrapple|49/100|[from] Stealth Rock
|turn|12
|j| karlheinzIX
|
|t:|1779722793
|move|p2a: Zamazenta|Iron Defense|p2a: Zamazenta
|-boost|p2a: Zamazenta|def|2
|move|p1a: Hydrapple|Giga Drain|p2a: Zamazenta
|-damage|p2a: Zamazenta|78/100
|-heal|p1a: Hydrapple|60/100|[from] drain|[of] p2a: Zamazenta
|
|-heal|p2a: Zamazenta|84/100|[from] item: Leftovers
|upkeep
|turn|13
|
|t:|1779722798
|-terastallize|p1a: Hydrapple|Fairy
|move|p2a: Zamazenta|Iron Defense|p2a: Zamazenta
|-boost|p2a: Zamazenta|def|2
|move|p1a: Hydrapple|Draco Meteor|p2a: Zamazenta
|-damage|p2a: Zamazenta|41/100
|-unboost|p1a: Hydrapple|spa|2
|
|-heal|p2a: Zamazenta|48/100|[from] item: Leftovers
|upkeep
|turn|14
|l| karlheinzIX
|j| Disscratch
|
|t:|1779722814
|move|p2a: Zamazenta|Body Press|p1a: Hydrapple
|-resisted|p1a: Hydrapple
|-damage|p1a: Hydrapple|27/100
|-damage|p2a: Zamazenta|31/100|[from] item: Rocky Helmet|[of] p1a: Hydrapple
|move|p1a: Hydrapple|Draco Meteor|p2a: Zamazenta
|-damage|p2a: Zamazenta|12/100
|-unboost|p1a: Hydrapple|spa|2
|
|-heal|p2a: Zamazenta|18/100|[from] item: Leftovers
|upkeep
|turn|15
|inactive|wipe your nose has 120 seconds left.
|
|t:|1779722842
|switch|p1a: Alomomola|Alomomola, M|67/100
|-damage|p1a: Alomomola|55/100|[from] Stealth Rock
|move|p2a: Zamazenta|Body Press|p1a: Alomomola
|-crit|p1a: Alomomola
|-damage|p1a: Alomomola|0 fnt
|faint|p1a: Alomomola
|
|-heal|p2a: Zamazenta|24/100|[from] item: Leftovers
|upkeep
|inactive|wipe your nose has 120 seconds left.
|
|t:|1779722849
|switch|p1a: Hydrapple|Hydrapple, F, tera:Fairy|60/100
|-damage|p1a: Hydrapple|48/100|[from] Stealth Rock
|turn|16
|
|t:|1779722858
|move|p2a: Zamazenta|Body Press|p1a: Hydrapple
|-resisted|p1a: Hydrapple
|-damage|p1a: Hydrapple|18/100
|-damage|p2a: Zamazenta|7/100|[from] item: Rocky Helmet|[of] p1a: Hydrapple
|move|p1a: Hydrapple|Giga Drain|p2a: Zamazenta
|-damage|p2a: Zamazenta|0 fnt
|-heal|p1a: Hydrapple|21/100|[from] drain|[of] p2a: Zamazenta
|faint|p2a: Zamazenta
|
|upkeep
|
|t:|1779722860
|switch|p2a: Iron Valiant|Iron Valiant|100/100
|turn|17
|
|t:|1779722879
|move|p2a: Iron Valiant|Moonblast|p1a: Hydrapple
|-damage|p1a: Hydrapple|0 fnt
|faint|p1a: Hydrapple
|
|upkeep
|
|t:|1779722887
|switch|p1a: Iron Treads|Iron Treads, shiny|100/100
|-damage|p1a: Iron Treads|97/100|[from] Stealth Rock
|turn|18
|
|t:|1779722894
|move|p2a: Iron Valiant|Close Combat|p1a: Iron Treads
|-supereffective|p1a: Iron Treads
|-damage|p1a: Iron Treads|0 fnt
|-unboost|p2a: Iron Valiant|def|1
|-unboost|p2a: Iron Valiant|spd|1
|faint|p1a: Iron Treads
|-end|p1a: Iron Treads|Quark Drive|[silent]
|
|upkeep
|
|t:|1779722899
|switch|p1a: Cinderace|Cinderace, M|100/100
|turn|19
|
|t:|1779722904
|-end|p2a: Iron Valiant|Quark Drive|[silent]
|switch|p2a: Landorus|Landorus-Therian, M|4/100
|-ability|p2a: Landorus|Intimidate|boost
|-unboost|p1a: Cinderace|atk|1
|move|p1a: Cinderace|Pyro Ball|p2a: Landorus
|-damage|p2a: Landorus|0 fnt
|faint|p2a: Landorus
|
|upkeep
|
|t:|1779722906
|switch|p2a: Iron Valiant|Iron Valiant|100/100
|turn|20
|j| hattybatty304
|
|t:|1779722916
|move|p1a: Cinderace|Pyro Ball|p2a: Iron Valiant
|-damage|p2a: Iron Valiant|48/100
|move|p2a: Iron Valiant|Close Combat|p1a: Cinderace
|-damage|p1a: Cinderace|18/100
|-unboost|p2a: Iron Valiant|def|1
|-unboost|p2a: Iron Valiant|spd|1
|
|upkeep
|turn|21
|
|t:|1779722921
|move|p1a: Cinderace|Pyro Ball|p2a: Iron Valiant
|-damage|p2a: Iron Valiant|0 fnt
|faint|p2a: Iron Valiant
|-end|p2a: Iron Valiant|Quark Drive|[silent]
|
|upkeep
|
|t:|1779722923
|switch|p2a: Kingambit|Kingambit, M|100/100
|-activate|p2a: Kingambit|ability: Supreme Overlord
|-start|p2a: Kingambit|fallen5|[silent]
|turn|22
|
|t:|1779722936
|switch|p1a: Iron Valiant|Iron Valiant, shiny|100/100
|-damage|p1a: Iron Valiant|94/100|[from] Stealth Rock
|move|p2a: Kingambit|Iron Head|p1a: Iron Valiant
|-supereffective|p1a: Iron Valiant
|-damage|p1a: Iron Valiant|0 fnt
|faint|p1a: Iron Valiant
|-end|p1a: Iron Valiant|Quark Drive|[silent]
|
|upkeep
|-message|wipe your nose forfeited.
|
|win|Rj yoip
|raw|wipe your nose's rating: 1692 &rarr; <strong>1682</strong><br />(-10 for losing)
|raw|Rj yoip's rating: 1879 &rarr; <strong>1889</strong><br />(+10 for winning)
|l|☆wipe your nose
|player|p1|
|l| hattybatty304
|l|☆Rj yoip
|player|p2|
|l| KIRAXX200
|l| Disscratch
