|j|‽KOSEKlBIJOU
|j|☆34c 24 36
|t:|1779599921
|gametype|singles
|player|p1|KOSEKlBIJOU|red|1185
|player|p2|34c 24 36|swimmerf-gen4dp|1196
|gen|9
|tier|[Gen 9] OU
|rated|
|rule|HP Percentage Mod: HP is shown in percentages
|rule|Endless Battle Clause: Forcing endless battles is banned
|rule|Species Clause: Limit one of each Pokémon
|rule|OHKO Clause: OHKO moves are banned
|rule|Evasion Items Clause: Evasion items are banned
|rule|Evasion Moves Clause: Evasion moves are banned
|rule|Evasion Abilities Clause: Evasion abilities are banned
|rule|Sleep Moves Clause: Sleep-inducing moves are banned
|clearpoke
|poke|p1|Ribombee, M|
|poke|p1|Meloetta|
|poke|p1|Gholdengo|
|poke|p1|Great Tusk|
|poke|p1|Kingambit, F|
|poke|p1|Raging Bolt|
|poke|p2|Toxicroak, F|
|poke|p2|Pelipper, M|
|poke|p2|Landorus-Therian, M|
|poke|p2|Volcanion|
|poke|p2|Toedscruel, F|
|poke|p2|Metagross|
|teampreview
|inactive|Battle timer is ON: inactive players will automatically lose when time's up. (requested by 34c 24 36)
|
|t:|1779599929
|teamsize|p1|6
|teamsize|p2|6
|start
|switch|p1a: Ribombee|Ribombee, M|100/100
|switch|p2a: Pelipper|Pelipper, M|100/100
|-weather|RainDance|[from] ability: Drizzle|[of] p2a: Pelipper
|turn|1
|
|t:|1779599936
|move|p1a: Ribombee|U-turn|p2a: Pelipper
|-resisted|p2a: Pelipper
|-damage|p2a: Pelipper|94/100
|
|t:|1779599939
|switch|p1a: Raging Bolt|Raging Bolt|100/100|[from] U-turn
|move|p2a: Pelipper|Hurricane|p1a: Raging Bolt
|-resisted|p1a: Raging Bolt
|-damage|p1a: Raging Bolt|79/100
|-start|p1a: Raging Bolt|confusion
|
|-weather|RainDance|[upkeep]
|-heal|p1a: Raging Bolt|85/100|[from] item: Leftovers
|upkeep
|turn|2
|
|t:|1779599958
|-end|p1a: Raging Bolt|Protosynthesis|[silent]
|switch|p1a: Ribombee|Ribombee, M|100/100
|switch|p2a: Toedscruel|Toedscruel, F|100/100
|
|-weather|RainDance|[upkeep]
|upkeep
|turn|3
|
|t:|1779599967
|move|p1a: Ribombee|U-turn|p2a: Toedscruel
|-supereffective|p2a: Toedscruel
|-damage|p2a: Toedscruel|62/100
|
|t:|1779599974
|switch|p1a: Kingambit|Kingambit, F|100/100|[from] U-turn
|move|p2a: Toedscruel|Sludge Bomb|p1a: Kingambit
|-immune|p1a: Kingambit
|
|-weather|RainDance|[upkeep]
|upkeep
|turn|4
|
|t:|1779599988
|switch|p2a: Landorus|Landorus-Therian, M|100/100
|-ability|p2a: Landorus|Intimidate|boost
|-unboost|p1a: Kingambit|atk|1
|-end|p1a: Kingambit|fallenundefined|[silent]
|switch|p1a: Gholdengo|Gholdengo|100/100
|-item|p1a: Gholdengo|Air Balloon
|
|-weather|RainDance|[upkeep]
|upkeep
|turn|5
|
|t:|1779599999
|move|p2a: Landorus|Stealth Rock|p1a: Gholdengo
|-sidestart|p1: KOSEKlBIJOU|move: Stealth Rock
|move|p1a: Gholdengo|Make It Rain|p2a: Landorus
|-damage|p2a: Landorus|13/100
|-unboost|p1a: Gholdengo|spa|1
|
|-weather|RainDance|[upkeep]
|upkeep
|turn|6
|
|t:|1779600006
|move|p2a: Landorus|U-turn|p1a: Gholdengo
|-resisted|p1a: Gholdengo
|-damage|p1a: Gholdengo|91/100
|-enditem|p1a: Gholdengo|Air Balloon
|-damage|p2a: Landorus|3/100|[from] item: Life Orb
|
|t:|1779600013
|switch|p2a: Pelipper|Pelipper, M|94/100|[from] U-turn
|move|p1a: Gholdengo|Shadow Ball|p2a: Pelipper
|-damage|p2a: Pelipper|57/100
|
|-weather|RainDance|[upkeep]
|upkeep
|turn|7
|
|t:|1779600026
|switch|p1a: Raging Bolt|Raging Bolt|85/100
|-damage|p1a: Raging Bolt|73/100|[from] Stealth Rock
|move|p2a: Pelipper|Tailwind|p2a: Pelipper
|-sidestart|p2: 34c 24 36|move: Tailwind
|
|-weather|RainDance|[upkeep]
|-heal|p1a: Raging Bolt|79/100|[from] item: Leftovers
|upkeep
|turn|8
|
|t:|1779600035
|switch|p2a: Toedscruel|Toedscruel, F|62/100
|move|p1a: Raging Bolt|Dragon Pulse|p2a: Toedscruel
|-damage|p2a: Toedscruel|32/100
|
|-weather|none
|-heal|p1a: Raging Bolt|85/100|[from] item: Leftovers
|upkeep
|turn|9
|
|t:|1779600042
|-terastallize|p1a: Raging Bolt|Fairy
|move|p2a: Toedscruel|Giga Drain|p1a: Raging Bolt
|-damage|p1a: Raging Bolt|59/100
|-heal|p2a: Toedscruel|49/100|[from] drain|[of] p1a: Raging Bolt
|move|p1a: Raging Bolt|Dragon Pulse|p2a: Toedscruel
|-damage|p2a: Toedscruel|24/100
|
|-heal|p1a: Raging Bolt|65/100|[from] item: Leftovers
|upkeep
|turn|10
|
|t:|1779600054
|-end|p1a: Raging Bolt|Protosynthesis|[silent]
|switch|p1a: Gholdengo|Gholdengo|91/100
|-damage|p1a: Gholdengo|85/100|[from] Stealth Rock
|move|p2a: Toedscruel|Giga Drain|p1a: Gholdengo
|-resisted|p1a: Gholdengo
|-damage|p1a: Gholdengo|65/100
|-heal|p2a: Toedscruel|32/100|[from] drain|[of] p1a: Gholdengo
|
|-sideend|p2: 34c 24 36|move: Tailwind
|upkeep
|turn|11
|
|t:|1779600064
|switch|p2a: Volcanion|Volcanion|100/100
|move|p1a: Gholdengo|Nasty Plot|p1a: Gholdengo
|-boost|p1a: Gholdengo|spa|2
|
|upkeep
|turn|12
|
|t:|1779600082
|move|p1a: Gholdengo|Shadow Ball|p2a: Volcanion
|-damage|p2a: Volcanion|46/100
|move|p2a: Volcanion|Flamethrower|p1a: Gholdengo
|-supereffective|p1a: Gholdengo
|-damage|p1a: Gholdengo|0 fnt
|faint|p1a: Gholdengo
|
|upkeep
|
|t:|1779600087
|switch|p1a: Raging Bolt|Raging Bolt, tera:Fairy|65/100
|-damage|p1a: Raging Bolt|53/100|[from] Stealth Rock
|turn|13
|
|t:|1779600103
|-terastallize|p2a: Volcanion|Fire
|move|p1a: Raging Bolt|Thunderclap|p2a: Volcanion
|-damage|p2a: Volcanion|15/100
|move|p2a: Volcanion|Flash Cannon|p1a: Raging Bolt
|-supereffective|p1a: Raging Bolt
|-damage|p1a: Raging Bolt|4/100
|-unboost|p1a: Raging Bolt|spd|1
|
|-heal|p1a: Raging Bolt|10/100|[from] item: Leftovers
|upkeep
|turn|14
|
|t:|1779600127
|move|p1a: Raging Bolt|Thunderclap|p2a: Volcanion
|-damage|p2a: Volcanion|0 fnt
|faint|p2a: Volcanion
|
|-heal|p1a: Raging Bolt|16/100|[from] item: Leftovers
|upkeep
|inactive|34c 24 36 has 120 seconds left.
|
|t:|1779600139
|switch|p2a: Toedscruel|Toedscruel, F|32/100
|turn|15
|
|t:|1779600160
|-end|p1a: Raging Bolt|Protosynthesis|[silent]
|switch|p1a: Kingambit|Kingambit, F|100/100
|-damage|p1a: Kingambit|94/100|[from] Stealth Rock
|-activate|p1a: Kingambit|ability: Supreme Overlord
|-start|p1a: Kingambit|fallen1|[silent]
|move|p2a: Toedscruel|Giga Drain|p1a: Kingambit
|-resisted|p1a: Kingambit
|-damage|p1a: Kingambit|75/100
|-heal|p2a: Toedscruel|41/100|[from] drain|[of] p1a: Kingambit
|
|upkeep
|turn|16
|
|t:|1779600174
|move|p2a: Toedscruel|Earth Power|p1a: Kingambit
|-supereffective|p1a: Kingambit
|-damage|p1a: Kingambit|0 fnt
|faint|p1a: Kingambit
|-end|p1a: Kingambit|fallen1|[silent]
|
|upkeep
|
|t:|1779600180
|switch|p1a: Great Tusk|Great Tusk|100/100
|-damage|p1a: Great Tusk|98/100|[from] Stealth Rock
|turn|17
|
|t:|1779600192
|switch|p2a: Pelipper|Pelipper, M|57/100
|-weather|RainDance|[from] ability: Drizzle|[of] p2a: Pelipper
|move|p1a: Great Tusk|Knock Off|p2a: Pelipper
|-damage|p2a: Pelipper|20/100
|-enditem|p2a: Pelipper|Damp Rock|[from] move: Knock Off|[of] p1a: Great Tusk
|
|-weather|RainDance|[upkeep]
|-heal|p1a: Great Tusk|100/100|[from] item: Leftovers
|upkeep
|turn|18
|
|t:|1779600202
|move|p1a: Great Tusk|Rapid Spin|p2a: Pelipper
|-damage|p2a: Pelipper|0 fnt
|-boost|p1a: Great Tusk|spe|1
|-sideend|p1: KOSEKlBIJOU|Stealth Rock|[from] move: Rapid Spin|[of] p1a: Great Tusk
|faint|p2a: Pelipper
|
|-weather|RainDance|[upkeep]
|upkeep
|
|t:|1779600208
|switch|p2a: Metagross|Metagross|100/100
|turn|19
|
|t:|1779600216
|move|p1a: Great Tusk|Earthquake|p2a: Metagross
|-supereffective|p2a: Metagross
|-damage|p2a: Metagross|27/100
|-enditem|p2a: Metagross|Weakness Policy
|-boost|p2a: Metagross|atk|2|[from] item: Weakness Policy
|-boost|p2a: Metagross|spa|2|[from] item: Weakness Policy
|move|p2a: Metagross|Agility|p2a: Metagross
|-boost|p2a: Metagross|spe|2
|
|-weather|RainDance|[upkeep]
|upkeep
|turn|20
|
|t:|1779600236
|move|p1a: Great Tusk|Knock Off|p2a: Metagross
|-supereffective|p2a: Metagross
|-damage|p2a: Metagross|0 fnt
|faint|p2a: Metagross
|
|-weather|RainDance|[upkeep]
|upkeep
|
|t:|1779600239
|switch|p2a: Toxicroak|Toxicroak, F|100/100
|turn|21
|
|t:|1779600252
|move|p1a: Great Tusk|Earthquake|p2a: Toxicroak
|-supereffective|p2a: Toxicroak
|-damage|p2a: Toxicroak|0 fnt
|faint|p2a: Toxicroak
|
|-weather|RainDance|[upkeep]
|upkeep
|-message|34c 24 36 forfeited.
|
|win|KOSEKlBIJOU
|raw|KOSEKlBIJOU's rating: 1185 &rarr; <strong>1211</strong><br />(+26 for winning)
|raw|34c 24 36's rating: 1196 &rarr; <strong>1170</strong><br />(-26 for losing)
|l|☆34c 24 36
|player|p2|
|l|‽KOSEKlBIJOU
|player|p1|
