|j|☆Misfit_Mischievous
|j|☆crust king kahn
|t:|1779689210
|gametype|singles
|player|p1|Misfit_Mischievous|biker|1589
|player|p2|crust king kahn|170|1555
|gen|9
|tier|[Gen 9] OU
|rated|
|rule|HP Percentage Mod: HP is shown in percentages
|rule|Endless Battle Clause: Forcing endless battles is banned
|rule|Species Clause: Limit one of each Pokémon
|rule|OHKO Clause: OHKO moves are banned
|rule|Evasion Items Clause: Evasion items are banned
|rule|Evasion Moves Clause: Evasion moves are banned
|rule|Evasion Abilities Clause: Evasion abilities are banned
|rule|Sleep Moves Clause: Sleep-inducing moves are banned
|clearpoke
|poke|p1|Ting-Lu|
|poke|p1|Zapdos|
|poke|p1|Dragapult, M|
|poke|p1|Ogerpon-Cornerstone, F|
|poke|p1|Gholdengo|
|poke|p1|Great Tusk|
|poke|p2|Cramorant, F|
|poke|p2|Iron Treads|
|poke|p2|Dragonite, F|
|poke|p2|Deoxys-Speed|
|poke|p2|Zamazenta-*|
|poke|p2|Garganacl, M|
|teampreview
|inactive|Battle timer is ON: inactive players will automatically lose when time's up. (requested by Misfit_Mischievous)
|
|t:|1779689225
|teamsize|p1|6
|teamsize|p2|6
|start
|switch|p1a: Ting-Lu|Ting-Lu|100/100
|switch|p2a: Cramorant|Cramorant, F, shiny|100/100
|-ability|p1a: Ting-Lu|Vessel of Ruin
|turn|1
|
|t:|1779689229
|move|p2a: Cramorant|Surf|p1a: Ting-Lu
|-formechange|p2a: Cramorant|Cramorant-Gulping|
|-supereffective|p1a: Ting-Lu
|-damage|p1a: Ting-Lu|75/100
|move|p1a: Ting-Lu|Stealth Rock|p2a: Cramorant
|-sidestart|p2: crust king kahn|move: Stealth Rock
|
|-heal|p1a: Ting-Lu|81/100|[from] item: Leftovers
|upkeep
|turn|2
|
|t:|1779689234
|move|p2a: Cramorant|Surf|p1a: Ting-Lu
|-supereffective|p1a: Ting-Lu
|-damage|p1a: Ting-Lu|58/100
|move|p1a: Ting-Lu|Whirlwind|p2a: Cramorant
|drag|p2a: Garganacl|Garganacl, M|100/100
|-damage|p2a: Garganacl|88/100|[from] Stealth Rock
|
|-heal|p1a: Ting-Lu|64/100|[from] item: Leftovers
|-heal|p2a: Garganacl|94/100|[from] item: Leftovers
|upkeep
|turn|3
|
|t:|1779689242
|switch|p2a: Cramorant|Cramorant, F, shiny|100/100
|move|p1a: Ting-Lu|Ruination|p2a: Cramorant
|-damage|p2a: Cramorant|50/100
|
|-heal|p1a: Ting-Lu|70/100|[from] item: Leftovers
|upkeep
|turn|4
|
|t:|1779689248
|move|p2a: Cramorant|Roost|p2a: Cramorant
|-heal|p2a: Cramorant|100/100
|-singleturn|p2a: Cramorant|move: Roost
|move|p1a: Ting-Lu|Whirlwind|p2a: Cramorant
|drag|p2a: Iron Treads|Iron Treads|100/100
|-damage|p2a: Iron Treads|97/100|[from] Stealth Rock
|
|-heal|p1a: Ting-Lu|76/100|[from] item: Leftovers
|upkeep
|turn|5
|
|t:|1779689256
|move|p2a: Iron Treads|Rapid Spin|p1a: Ting-Lu
|-damage|p1a: Ting-Lu|68/100
|-boost|p2a: Iron Treads|spe|1
|-sideend|p2: crust king kahn|Stealth Rock|[from] move: Rapid Spin|[of] p2a: Iron Treads
|move|p1a: Ting-Lu|Ruination|p2a: Iron Treads|[miss]
|-miss|p1a: Ting-Lu|p2a: Iron Treads
|
|-heal|p1a: Ting-Lu|74/100|[from] item: Leftovers
|upkeep
|turn|6
|
|t:|1779689261
|-end|p2a: Iron Treads|Quark Drive|[silent]
|switch|p2a: Cramorant|Cramorant, F, shiny|100/100
|move|p1a: Ting-Lu|Stealth Rock|p2a: Cramorant
|-sidestart|p2: crust king kahn|move: Stealth Rock
|
|-heal|p1a: Ting-Lu|81/100|[from] item: Leftovers
|upkeep
|turn|7
|
|t:|1779689268
|move|p2a: Cramorant|Surf|p1a: Ting-Lu
|-formechange|p2a: Cramorant|Cramorant-Gulping|
|-supereffective|p1a: Ting-Lu
|-damage|p1a: Ting-Lu|58/100
|move|p1a: Ting-Lu|Whirlwind|p2a: Cramorant
|drag|p2a: Dragonite|Dragonite, F|100/100
|
|-heal|p1a: Ting-Lu|65/100|[from] item: Leftovers
|upkeep
|turn|8
|
|t:|1779689275
|switch|p2a: Cramorant|Cramorant, F, shiny|100/100
|move|p1a: Ting-Lu|Ruination|p2a: Cramorant
|-damage|p2a: Cramorant|50/100
|
|-heal|p1a: Ting-Lu|71/100|[from] item: Leftovers
|upkeep
|turn|9
|
|t:|1779689281
|move|p2a: Cramorant|Surf|p1a: Ting-Lu
|-formechange|p2a: Cramorant|Cramorant-Gorging|
|-supereffective|p1a: Ting-Lu
|-crit|p1a: Ting-Lu
|-damage|p1a: Ting-Lu|35/100
|move|p1a: Ting-Lu|Spikes|p2a: Cramorant
|-sidestart|p2: crust king kahn|Spikes
|
|-heal|p1a: Ting-Lu|41/100|[from] item: Leftovers
|upkeep
|turn|10
|
|t:|1779689286
|move|p2a: Cramorant|Defog|p1a: Ting-Lu
|-unboost|p1a: Ting-Lu|evasion|1
|-sideend|p2: crust king kahn|Spikes|[from] move: Defog|[of] p2a: Cramorant
|-sideend|p2: crust king kahn|Stealth Rock|[from] move: Defog|[of] p2a: Cramorant
|move|p1a: Ting-Lu|Whirlwind|p2a: Cramorant
|drag|p2a: Garganacl|Garganacl, M|94/100
|
|-heal|p1a: Ting-Lu|47/100|[from] item: Leftovers
|-heal|p2a: Garganacl|100/100|[from] item: Leftovers
|upkeep
|turn|11
|
|t:|1779689293
|move|p1a: Ting-Lu|Stealth Rock|p2a: Garganacl
|-sidestart|p2: crust king kahn|move: Stealth Rock
|move|p2a: Garganacl|Salt Cure|p1a: Ting-Lu
|-resisted|p1a: Ting-Lu
|-damage|p1a: Ting-Lu|43/100
|-start|p1a: Ting-Lu|Salt Cure
|
|-heal|p1a: Ting-Lu|49/100|[from] item: Leftovers
|-damage|p1a: Ting-Lu|37/100|[from] Salt Cure
|upkeep
|turn|12
|
|t:|1779689299
|switch|p2a: Cramorant|Cramorant, F, shiny|50/100
|move|p1a: Ting-Lu|Ruination|p2a: Cramorant
|-damage|p2a: Cramorant|25/100
|
|-heal|p1a: Ting-Lu|43/100|[from] item: Leftovers
|-damage|p1a: Ting-Lu|31/100|[from] Salt Cure
|upkeep
|turn|13
|
|t:|1779689304
|switch|p1a: Gholdengo|Gholdengo|100/100
|move|p2a: Cramorant|Roost|p2a: Cramorant
|-heal|p2a: Cramorant|75/100
|-singleturn|p2a: Cramorant|move: Roost
|
|upkeep
|turn|14
|
|t:|1779689312
|move|p1a: Gholdengo|Trick|p2a: Cramorant
|-activate|p1a: Gholdengo|move: Trick|[of] p2a: Cramorant
|-item|p2a: Cramorant|Choice Scarf|[from] move: Trick
|-item|p1a: Gholdengo|Heavy-Duty Boots|[from] move: Trick
|move|p2a: Cramorant|Surf|p1a: Gholdengo
|-formechange|p2a: Cramorant|Cramorant-Gulping|
|-damage|p1a: Gholdengo|71/100
|
|upkeep
|turn|15
|
|t:|1779689325
|move|p2a: Cramorant|Surf|p1a: Gholdengo
|-damage|p1a: Gholdengo|37/100
|move|p1a: Gholdengo|Shadow Ball|p2a: Cramorant
|-damage|p2a: Cramorant|41/100
|-damage|p1a: Gholdengo|12/100|[from] ability: Gulp Missile|[of] p2a: Cramorant
|-unboost|p1a: Gholdengo|def|1
|-formechange|p2a: Cramorant|Cramorant|
|
|upkeep
|turn|16
|
|t:|1779689349
|switch|p1a: Dragapult|Dragapult, M|100/100
|move|p2a: Cramorant|Surf|p1a: Dragapult
|-formechange|p2a: Cramorant|Cramorant-Gorging|
|-resisted|p1a: Dragapult
|-damage|p1a: Dragapult|84/100
|
|upkeep
|turn|17
|
|t:|1779689357
|move|p1a: Dragapult|Shadow Ball|p2a: Cramorant
|-damage|p2a: Cramorant|0 fnt
|-damage|p1a: Dragapult|59/100|[from] ability: Gulp Missile|[of] p2a: Cramorant
|-status|p1a: Dragapult|par
|-formechange|p2a: Cramorant|Cramorant|
|faint|p2a: Cramorant
|
|upkeep
|
|t:|1779689362
|switch|p2a: Iron Treads|Iron Treads|97/100
|-damage|p2a: Iron Treads|94/100|[from] Stealth Rock
|turn|18
|
|t:|1779689377
|switch|p1a: Ting-Lu|Ting-Lu|31/100
|-ability|p1a: Ting-Lu|Vessel of Ruin
|move|p2a: Iron Treads|Ice Spinner|p1a: Ting-Lu
|-supereffective|p1a: Ting-Lu
|-damage|p1a: Ting-Lu|3/100
|
|-heal|p1a: Ting-Lu|10/100|[from] item: Leftovers
|upkeep
|turn|19
|
|t:|1779689388
|switch|p1a: Zapdos|Zapdos|100/100
|move|p2a: Iron Treads|Earthquake|p1a: Zapdos
|-immune|p1a: Zapdos
|
|upkeep
|turn|20
|
|t:|1779689393
|move|p2a: Iron Treads|Rapid Spin|p1a: Zapdos
|-damage|p1a: Zapdos|89/100
|-boost|p2a: Iron Treads|spe|1
|-damage|p2a: Iron Treads|78/100|[from] item: Rocky Helmet|[of] p1a: Zapdos
|-status|p2a: Iron Treads|par|[from] ability: Static|[of] p1a: Zapdos
|-sideend|p2: crust king kahn|Stealth Rock|[from] move: Rapid Spin|[of] p2a: Iron Treads
|move|p1a: Zapdos|U-turn|p2a: Iron Treads
|-resisted|p2a: Iron Treads
|-damage|p2a: Iron Treads|71/100 par
|
|t:|1779689402
|switch|p1a: Great Tusk|Great Tusk|100/100|[from] U-turn
|
|upkeep
|turn|21
|
|t:|1779689414
|-end|p2a: Iron Treads|Quark Drive|[silent]
|switch|p2a: Zamazenta|Zamazenta|100/100
|-ability|p2a: Zamazenta|Dauntless Shield|boost
|-boost|p2a: Zamazenta|def|1
|move|p1a: Great Tusk|Knock Off|p2a: Zamazenta
|-resisted|p2a: Zamazenta
|-damage|p2a: Zamazenta|90/100
|-enditem|p2a: Zamazenta|Leftovers|[from] move: Knock Off|[of] p1a: Great Tusk
|
|upkeep
|turn|22
|
|t:|1779689424
|-end|p1a: Great Tusk|Protosynthesis|[silent]
|switch|p1a: Zapdos|Zapdos|89/100
|move|p2a: Zamazenta|Iron Defense|p2a: Zamazenta
|-boost|p2a: Zamazenta|def|2
|
|upkeep
|turn|23
|
|t:|1779689430
|move|p2a: Zamazenta|Substitute|p2a: Zamazenta
|-start|p2a: Zamazenta|Substitute
|-damage|p2a: Zamazenta|65/100
|move|p1a: Zapdos|Hurricane|p2a: Zamazenta|[miss]
|-miss|p1a: Zapdos|p2a: Zamazenta
|
|upkeep
|turn|24
|
|t:|1779689436
|-terastallize|p2a: Zamazenta|Steel
|move|p2a: Zamazenta|Iron Defense|p2a: Zamazenta
|-boost|p2a: Zamazenta|def|2
|move|p1a: Zapdos|Discharge|p2a: Zamazenta
|-end|p2a: Zamazenta|Substitute
|
|upkeep
|turn|25
|
|t:|1779689443
|move|p2a: Zamazenta|Body Press|p1a: Zapdos
|-resisted|p1a: Zapdos
|-damage|p1a: Zapdos|47/100
|-damage|p2a: Zamazenta|49/100|[from] item: Rocky Helmet|[of] p1a: Zapdos
|move|p1a: Zapdos|Discharge|p2a: Zamazenta
|-damage|p2a: Zamazenta|23/100
|
|upkeep
|turn|26
|
|t:|1779689453
|move|p2a: Zamazenta|Body Press|p1a: Zapdos
|-resisted|p1a: Zapdos
|-damage|p1a: Zapdos|10/100
|-damage|p2a: Zamazenta|7/100|[from] item: Rocky Helmet|[of] p1a: Zapdos
|move|p1a: Zapdos|Discharge|p2a: Zamazenta
|-damage|p2a: Zamazenta|0 fnt
|faint|p2a: Zamazenta
|
|upkeep
|
|t:|1779689456
|switch|p2a: Deoxys|Deoxys-Speed|100/100
|-ability|p2a: Deoxys|Pressure
|turn|27
|
|t:|1779689464
|switch|p1a: Ting-Lu|Ting-Lu|10/100
|-ability|p1a: Ting-Lu|Vessel of Ruin
|move|p2a: Deoxys|Ice Beam|p1a: Ting-Lu
|-supereffective|p1a: Ting-Lu
|-damage|p1a: Ting-Lu|0 fnt
|faint|p1a: Ting-Lu
|
|upkeep
|
|t:|1779689488
|switch|p1a: Ogerpon|Ogerpon-Cornerstone, F|100/100
|turn|28
|
|t:|1779689491
|move|p2a: Deoxys|Ice Beam|p1a: Ogerpon
|-supereffective|p1a: Ogerpon
|-damage|p1a: Ogerpon|44/100
|move|p1a: Ogerpon|Ivy Cudgel|p2a: Deoxys|[anim] Ivy Cudgel Rock
|-damage|p2a: Deoxys|7/100
|
|upkeep
|turn|29
|
|t:|1779689501
|switch|p1a: Gholdengo|Gholdengo|12/100
|move|p2a: Deoxys|Ice Beam|p1a: Gholdengo
|-resisted|p1a: Gholdengo
|-damage|p1a: Gholdengo|0 fnt
|faint|p1a: Gholdengo
|
|upkeep
|
|t:|1779689506
|switch|p1a: Great Tusk|Great Tusk|100/100
|turn|30
|
|t:|1779689512
|-terastallize|p1a: Great Tusk|Steel
|move|p2a: Deoxys|Psycho Boost|p1a: Great Tusk
|-resisted|p1a: Great Tusk
|-damage|p1a: Great Tusk|52/100
|-unboost|p2a: Deoxys|spa|2
|move|p1a: Great Tusk|Rapid Spin|p2a: Deoxys
|-damage|p2a: Deoxys|0 fnt
|-boost|p1a: Great Tusk|spe|1
|faint|p2a: Deoxys
|
|upkeep
|
|t:|1779689518
|switch|p2a: Garganacl|Garganacl, M|100/100
|turn|31
|
|t:|1779689530
|move|p1a: Great Tusk|Headlong Rush|p2a: Garganacl
|-supereffective|p2a: Garganacl
|-damage|p2a: Garganacl|34/100
|-unboost|p1a: Great Tusk|def|1
|-unboost|p1a: Great Tusk|spd|1
|move|p2a: Garganacl|Salt Cure|p1a: Great Tusk
|-resisted|p1a: Great Tusk
|-damage|p1a: Great Tusk|45/100
|-start|p1a: Great Tusk|Salt Cure
|
|-heal|p2a: Garganacl|40/100|[from] item: Leftovers
|-damage|p1a: Great Tusk|20/100|[from] Salt Cure
|upkeep
|turn|32
|
|t:|1779689541
|move|p1a: Great Tusk|Knock Off|p2a: Garganacl
|-damage|p2a: Garganacl|19/100
|-enditem|p2a: Garganacl|Leftovers|[from] move: Knock Off|[of] p1a: Great Tusk
|move|p2a: Garganacl|Salt Cure|p1a: Great Tusk
|-resisted|p1a: Great Tusk
|-damage|p1a: Great Tusk|12/100
|
|-damage|p1a: Great Tusk|0 fnt|[from] Salt Cure
|faint|p1a: Great Tusk
|-end|p1a: Great Tusk|Protosynthesis|[silent]
|upkeep
|
|t:|1779689546
|switch|p1a: Ogerpon|Ogerpon-Cornerstone, F|44/100
|turn|33
|
|t:|1779689550
|move|p1a: Ogerpon|Horn Leech|p2a: Garganacl
|-supereffective|p2a: Garganacl
|-damage|p2a: Garganacl|0 fnt
|-heal|p1a: Ogerpon|57/100|[from] drain|[of] p2a: Garganacl
|faint|p2a: Garganacl
|
|upkeep
|
|t:|1779689559
|switch|p2a: Iron Treads|Iron Treads|71/100 par
|turn|34
|
|t:|1779689562
|move|p1a: Ogerpon|Horn Leech|p2a: Iron Treads
|-damage|p2a: Iron Treads|25/100 par
|-heal|p1a: Ogerpon|81/100|[from] drain|[of] p2a: Iron Treads
|cant|p2a: Iron Treads|par
|
|upkeep
|turn|35
|
|t:|1779689571
|switch|p1a: Zapdos|Zapdos|10/100
|cant|p2a: Iron Treads|par
|
|upkeep
|turn|36
|
|t:|1779689576
|move|p1a: Zapdos|Roost|p1a: Zapdos
|-heal|p1a: Zapdos|60/100
|-singleturn|p1a: Zapdos|move: Roost
|move|p2a: Iron Treads|Ice Spinner|p1a: Zapdos
|-damage|p1a: Zapdos|43/100
|-damage|p2a: Iron Treads|9/100 par|[from] item: Rocky Helmet|[of] p1a: Zapdos
|
|upkeep
|turn|37
|
|t:|1779689584
|move|p1a: Zapdos|Hurricane|p2a: Iron Treads|[miss]
|-miss|p1a: Zapdos|p2a: Iron Treads
|move|p2a: Iron Treads|Earthquake|p1a: Zapdos
|-immune|p1a: Zapdos
|
|upkeep
|turn|38
|
|t:|1779689589
|move|p1a: Zapdos|Hurricane|p2a: Iron Treads
|-resisted|p2a: Iron Treads
|-damage|p2a: Iron Treads|0 fnt
|faint|p2a: Iron Treads
|-end|p2a: Iron Treads|Quark Drive|[silent]
|
|upkeep
|
|t:|1779689591
|switch|p2a: Dragonite|Dragonite, F|100/100
|turn|39
|
|t:|1779689597
|move|p2a: Dragonite|Dragon Dance|p2a: Dragonite
|-boost|p2a: Dragonite|atk|1
|-boost|p2a: Dragonite|spe|1
|move|p1a: Zapdos|Discharge|p2a: Dragonite
|-damage|p2a: Dragonite|84/100
|-status|p2a: Dragonite|par
|
|upkeep
|turn|40
|
|t:|1779689605
|move|p1a: Zapdos|U-turn|p2a: Dragonite
|-resisted|p2a: Dragonite
|-damage|p2a: Dragonite|77/100 par
|
|t:|1779689608
|switch|p1a: Dragapult|Dragapult, M|59/100 par|[from] U-turn
|move|p2a: Dragonite|Dragon Dance|p2a: Dragonite
|-boost|p2a: Dragonite|atk|1
|-boost|p2a: Dragonite|spe|1
|
|upkeep
|turn|41
|
|t:|1779689613
|move|p2a: Dragonite|Earthquake|p1a: Dragapult
|-damage|p1a: Dragapult|0 fnt
|faint|p1a: Dragapult
|
|upkeep
|
|t:|1779689619
|switch|p1a: Zapdos|Zapdos|43/100
|turn|42
|
|t:|1779689622
|cant|p2a: Dragonite|par
|move|p1a: Zapdos|Discharge|p2a: Dragonite
|-damage|p2a: Dragonite|39/100 par
|
|upkeep
|turn|43
|
|t:|1779689627
|move|p2a: Dragonite|Dragon Dance|p2a: Dragonite
|-boost|p2a: Dragonite|atk|1
|-boost|p2a: Dragonite|spe|1
|move|p1a: Zapdos|Hurricane|p2a: Dragonite|[miss]
|-miss|p1a: Zapdos|p2a: Dragonite
|
|upkeep
|turn|44
|
|t:|1779689631
|move|p2a: Dragonite|Extreme Speed|p1a: Zapdos
|-damage|p1a: Zapdos|0 fnt
|-damage|p2a: Dragonite|22/100 par|[from] item: Rocky Helmet|[of] p1a: Zapdos
|faint|p1a: Zapdos
|
|upkeep
|
|t:|1779689635
|switch|p1a: Ogerpon|Ogerpon-Cornerstone, F|81/100
|turn|45
|
|t:|1779689640
|move|p2a: Dragonite|Extreme Speed|p1a: Ogerpon
|-resisted|p1a: Ogerpon
|-damage|p1a: Ogerpon|35/100
|move|p1a: Ogerpon|Ivy Cudgel|p2a: Dragonite|[anim] Ivy Cudgel Rock
|-supereffective|p2a: Dragonite
|-damage|p2a: Dragonite|0 fnt
|faint|p2a: Dragonite
|
|win|Misfit_Mischievous
|raw|Misfit_Mischievous's rating: 1589 &rarr; <strong>1607</strong><br />(+18 for winning)
|raw|crust king kahn's rating: 1555 &rarr; <strong>1537</strong><br />(-18 for losing)
|l|☆crust king kahn
|player|p2|
|l|☆Misfit_Mischievous
|player|p1|
