|j|☆Veeriscared
|j|☆marsonjarson
|t:|1779719122
|gametype|singles
|player|p1|Veeriscared|265|1268
|player|p2|marsonjarson|266|1283
|gen|9
|tier|[Gen 9] OU
|rated|
|rule|HP Percentage Mod: HP is shown in percentages
|rule|Endless Battle Clause: Forcing endless battles is banned
|rule|Species Clause: Limit one of each Pokémon
|rule|OHKO Clause: OHKO moves are banned
|rule|Evasion Items Clause: Evasion items are banned
|rule|Evasion Moves Clause: Evasion moves are banned
|rule|Evasion Abilities Clause: Evasion abilities are banned
|rule|Sleep Moves Clause: Sleep-inducing moves are banned
|clearpoke
|poke|p1|Forretress, M|
|poke|p1|Dragapult, M|
|poke|p1|Hitmonlee, M|
|poke|p1|Mamoswine, F|
|poke|p1|Noivern, F|
|poke|p1|Scizor, M|
|poke|p2|Blaziken, M|
|poke|p2|Darkrai|
|poke|p2|Enamorus, F|
|poke|p2|Munkidori, M|
|poke|p2|Slowking, F|
|poke|p2|Iron Treads|
|teampreview
|inactive|Battle timer is ON: inactive players will automatically lose when time's up. (requested by Veeriscared)
|
|t:|1779719131
|teamsize|p1|6
|teamsize|p2|6
|start
|switch|p1a: Dragapult|Dragapult, M, shiny|100/100
|switch|p2a: Blaziken|Blaziken, M|100/100
|turn|1
|
|t:|1779719135
|switch|p2a: Iron Treads|Iron Treads|100/100
|move|p1a: Dragapult|Draco Meteor|p2a: Iron Treads
|-resisted|p2a: Iron Treads
|-crit|p2a: Iron Treads
|-damage|p2a: Iron Treads|56/100
|-unboost|p1a: Dragapult|spa|2
|
|upkeep
|turn|2
|
|t:|1779719138
|switch|p1a: Noivern|Noivern, F|100/100
|-item|p2a: Iron Treads|Assault Vest|[from] ability: Frisk|[of] p1a: Noivern
|move|p2a: Iron Treads|Ice Spinner|p1a: Noivern
|-supereffective|p1a: Noivern
|-damage|p1a: Noivern|0 fnt
|faint|p1a: Noivern
|
|upkeep
|
|t:|1779719142
|switch|p1a: Mamoswine|Mamoswine, F|100/100
|turn|3
|
|t:|1779719149
|-end|p2a: Iron Treads|Quark Drive|[silent]
|switch|p2a: Slowking|Slowking, F|100/100
|move|p1a: Mamoswine|Icicle Crash|p2a: Slowking|[miss]
|-miss|p1a: Mamoswine|p2a: Slowking
|
|upkeep
|turn|4
|
|t:|1779719151
|move|p1a: Mamoswine|Earthquake|p2a: Slowking
|-damage|p2a: Slowking|47/100
|-damage|p1a: Mamoswine|91/100|[from] item: Life Orb
|move|p2a: Slowking|Surf|p1a: Mamoswine
|-supereffective|p1a: Mamoswine
|-damage|p1a: Mamoswine|0 fnt
|faint|p1a: Mamoswine
|
|-heal|p2a: Slowking|53/100|[from] item: Leftovers
|upkeep
|
|t:|1779719154
|switch|p1a: Dragapult|Dragapult, M, shiny|100/100
|turn|5
|
|t:|1779719158
|move|p1a: Dragapult|Shadow Ball|p2a: Slowking
|-supereffective|p2a: Slowking
|-damage|p2a: Slowking|0 fnt
|faint|p2a: Slowking
|
|upkeep
|
|t:|1779719160
|switch|p2a: Darkrai|Darkrai|100/100
|turn|6
|
|t:|1779719162
|switch|p1a: Hitmonlee|Hitmonlee, M|100/100
|move|p2a: Darkrai|Dark Pulse|p1a: Hitmonlee
|-resisted|p1a: Hitmonlee
|-damage|p1a: Hitmonlee|61/100
|-damage|p2a: Darkrai|91/100|[from] item: Life Orb
|
|upkeep
|turn|7
|
|t:|1779719165
|move|p1a: Hitmonlee|Endure|p1a: Hitmonlee
|-singleturn|p1a: Hitmonlee|move: Endure
|move|p2a: Darkrai|Psychic|p1a: Hitmonlee
|-supereffective|p1a: Hitmonlee
|-activate|p1a: Hitmonlee|move: Endure
|-damage|p1a: Hitmonlee|1/100
|-enditem|p1a: Hitmonlee|Liechi Berry|[eat]
|-boost|p1a: Hitmonlee|atk|1|[from] item: Liechi Berry
|-damage|p2a: Darkrai|81/100|[from] item: Life Orb
|
|upkeep
|turn|8
|
|t:|1779719167
|move|p1a: Hitmonlee|Reversal|p2a: Darkrai
|-supereffective|p2a: Darkrai
|-damage|p2a: Darkrai|0 fnt
|faint|p2a: Darkrai
|
|upkeep
|
|t:|1779719171
|switch|p2a: Munkidori|Munkidori, M|100/100
|turn|9
|
|t:|1779719174
|move|p1a: Hitmonlee|Endure|p1a: Hitmonlee
|-singleturn|p1a: Hitmonlee|move: Endure
|move|p2a: Munkidori|U-turn|p1a: Hitmonlee
|-resisted|p1a: Hitmonlee
|-activate|p1a: Hitmonlee|move: Endure
|-damage|p1a: Hitmonlee|1/100
|
|t:|1779719179
|switch|p2a: Blaziken|Blaziken, M|100/100|[from] U-turn
|
|upkeep
|turn|10
|
|t:|1779719181
|move|p2a: Blaziken|Protect|p2a: Blaziken
|-singleturn|p2a: Blaziken|Protect
|move|p1a: Hitmonlee|Reversal|p2a: Blaziken
|-activate|p2a: Blaziken|move: Protect
|
|-ability|p2a: Blaziken|Speed Boost|boost
|-boost|p2a: Blaziken|spe|1
|upkeep
|turn|11
|
|t:|1779719188
|move|p2a: Blaziken|Protect||[still]
|-fail|p2a: Blaziken
|move|p1a: Hitmonlee|Reversal|p2a: Blaziken
|-enditem|p2a: Blaziken|Focus Sash
|-damage|p2a: Blaziken|1/100
|
|-ability|p2a: Blaziken|Speed Boost|boost
|-boost|p2a: Blaziken|spe|1
|upkeep
|turn|12
|
|t:|1779719192
|move|p1a: Hitmonlee|Reversal|p2a: Blaziken
|-crit|p2a: Blaziken
|-damage|p2a: Blaziken|0 fnt
|faint|p2a: Blaziken
|
|upkeep
|
|t:|1779719194
|switch|p2a: Munkidori|Munkidori, M|100/100
|turn|13
|
|t:|1779719197
|move|p1a: Hitmonlee|Endure|p1a: Hitmonlee
|-singleturn|p1a: Hitmonlee|move: Endure
|move|p2a: Munkidori|Psychic|p1a: Hitmonlee
|-supereffective|p1a: Hitmonlee
|-activate|p1a: Hitmonlee|move: Endure
|-damage|p1a: Hitmonlee|1/100
|
|upkeep
|turn|14
|
|t:|1779719202
|move|p1a: Hitmonlee|Knock Off|p2a: Munkidori
|-supereffective|p2a: Munkidori
|-damage|p2a: Munkidori|0 fnt
|-enditem|p2a: Munkidori|Choice Scarf|[from] move: Knock Off|[of] p1a: Hitmonlee
|faint|p2a: Munkidori
|
|upkeep
|
|t:|1779719204
|switch|p2a: Enamorus|Enamorus, F|100/100
|turn|15
|
|t:|1779719206
|-terastallize|p1a: Hitmonlee|Fighting
|move|p1a: Hitmonlee|Reversal|p2a: Enamorus
|-resisted|p2a: Enamorus
|-damage|p2a: Enamorus|26/100
|move|p2a: Enamorus|Moonblast|p1a: Hitmonlee
|-supereffective|p1a: Hitmonlee
|-crit|p1a: Hitmonlee
|-damage|p1a: Hitmonlee|0 fnt
|faint|p1a: Hitmonlee
|
|upkeep
|
|t:|1779719208
|switch|p1a: Scizor|Scizor, M|100/100
|turn|16
|
|t:|1779719210
|move|p1a: Scizor|Bullet Punch|p2a: Enamorus
|-supereffective|p2a: Enamorus
|-damage|p2a: Enamorus|0 fnt
|faint|p2a: Enamorus
|
|upkeep
|
|t:|1779719211
|switch|p2a: Iron Treads|Iron Treads|56/100
|turn|17
|
|t:|1779719213
|move|p2a: Iron Treads|Earthquake|p1a: Scizor
|-damage|p1a: Scizor|51/100
|move|p1a: Scizor|Close Combat|p2a: Iron Treads
|-supereffective|p2a: Iron Treads
|-damage|p2a: Iron Treads|0 fnt
|-unboost|p1a: Scizor|def|1
|-unboost|p1a: Scizor|spd|1
|faint|p2a: Iron Treads
|-end|p2a: Iron Treads|Quark Drive|[silent]
|
|win|Veeriscared
|raw|Veeriscared's rating: 1268 &rarr; <strong>1294</strong><br />(+26 for winning)
|raw|marsonjarson's rating: 1283 &rarr; <strong>1257</strong><br />(-26 for losing)
|l|☆marsonjarson
|player|p2|
|c|☆Veeriscared|Gg
|l|☆Veeriscared
|player|p1|
