|j|☆owlwaystired
|j|☆Sluttina
|t:|1779600283
|gametype|singles
|player|p1|owlwaystired|265|1449
|player|p2|Sluttina|1|1407
|gen|9
|tier|[Gen 9] OU
|rated|
|rule|HP Percentage Mod: HP is shown in percentages
|rule|Endless Battle Clause: Forcing endless battles is banned
|rule|Species Clause: Limit one of each Pokémon
|rule|OHKO Clause: OHKO moves are banned
|rule|Evasion Items Clause: Evasion items are banned
|rule|Evasion Moves Clause: Evasion moves are banned
|rule|Evasion Abilities Clause: Evasion abilities are banned
|rule|Sleep Moves Clause: Sleep-inducing moves are banned
|clearpoke
|poke|p1|Primarina, F|
|poke|p1|Grimmsnarl, M|
|poke|p1|Lokix, F|
|poke|p1|Walking Wake|
|poke|p1|Kingambit, F|
|poke|p1|Iron Moth|
|poke|p2|Darkrai|
|poke|p2|Raging Bolt|
|poke|p2|Ogerpon-Wellspring, F|
|poke|p2|Great Tusk|
|poke|p2|Slowking-Galar, F|
|poke|p2|Tornadus-Therian, M|
|teampreview
|inactive|Battle timer is ON: inactive players will automatically lose when time's up. (requested by Sluttina)
|
|t:|1779600310
|teamsize|p1|6
|teamsize|p2|6
|start
|switch|p1a: Iron Moth|Iron Moth|100/100
|switch|p2a: Slowking|Slowking-Galar, F|100/100
|-enditem|p1a: Iron Moth|Booster Energy
|-activate|p1a: Iron Moth|ability: Quark Drive|[fromitem]
|-start|p1a: Iron Moth|quarkdrivespa
|turn|1
|
|t:|1779600327
|move|p1a: Iron Moth|Fiery Dance|p2a: Slowking
|-damage|p2a: Slowking|55/100
|-boost|p1a: Iron Moth|spa|1
|move|p2a: Slowking|Psychic Noise|p1a: Iron Moth
|-supereffective|p1a: Iron Moth
|-damage|p1a: Iron Moth|38/100
|-start|p1a: Iron Moth|move: Heal Block
|
|upkeep
|turn|2
|
|t:|1779600336
|move|p1a: Iron Moth|Fiery Dance|p2a: Slowking
|-crit|p2a: Slowking
|-damage|p2a: Slowking|0 fnt
|faint|p2a: Slowking
|
|-end|p1a: Iron Moth|move: Heal Block
|upkeep
|
|t:|1779600342
|switch|p2a: Darkrai|Darkrai|100/100
|turn|3
|
|t:|1779600348
|move|p2a: Darkrai|Dark Pulse|p1a: Iron Moth
|-damage|p1a: Iron Moth|0 fnt
|faint|p1a: Iron Moth
|-end|p1a: Iron Moth|Quark Drive|[silent]
|
|upkeep
|
|t:|1779600359
|switch|p1a: Grimmsnarl|Grimmsnarl, M|100/100
|turn|4
|
|t:|1779600372
|switch|p2a: Great Tusk|Great Tusk|100/100
|move|p1a: Grimmsnarl|Spirit Break|p2a: Great Tusk
|-supereffective|p2a: Great Tusk
|-damage|p2a: Great Tusk|42/100
|-unboost|p2a: Great Tusk|spa|1
|
|upkeep
|turn|5
|
|t:|1779600383
|move|p2a: Great Tusk|Stealth Rock|p1a: Grimmsnarl
|-sidestart|p1: owlwaystired|move: Stealth Rock
|move|p1a: Grimmsnarl|Spirit Break|p2a: Great Tusk
|-supereffective|p2a: Great Tusk
|-damage|p2a: Great Tusk|0 fnt
|faint|p2a: Great Tusk
|-end|p2a: Great Tusk|Protosynthesis|[silent]
|
|upkeep
|
|t:|1779600388
|switch|p2a: Tornadus|Tornadus-Therian, M|100/100
|turn|6
|
|t:|1779600391
|move|p1a: Grimmsnarl|Thunder Wave|p2a: Tornadus
|-status|p2a: Tornadus|par
|move|p2a: Tornadus|Knock Off|p1a: Grimmsnarl
|-resisted|p1a: Grimmsnarl
|-damage|p1a: Grimmsnarl|95/100
|-enditem|p1a: Grimmsnarl|Leftovers|[from] move: Knock Off|[of] p2a: Tornadus
|
|upkeep
|turn|7
|
|t:|1779600405
|move|p1a: Grimmsnarl|Spirit Break|p2a: Tornadus
|-damage|p2a: Tornadus|54/100 par
|-unboost|p2a: Tornadus|spa|1
|move|p2a: Tornadus|Bleakwind Storm|p1a: Grimmsnarl|[miss]
|-miss|p2a: Tornadus|p1a: Grimmsnarl
|
|upkeep
|turn|8
|
|t:|1779600412
|move|p1a: Grimmsnarl|Spirit Break|p2a: Tornadus
|-damage|p2a: Tornadus|5/100 par
|-unboost|p2a: Tornadus|spa|1
|cant|p2a: Tornadus|par
|
|upkeep
|turn|9
|-message|Sluttina forfeited.
|
|win|owlwaystired
|raw|owlwaystired's rating: 1449 &rarr; <strong>1467</strong><br />(+18 for winning)
|raw|Sluttina's rating: 1407 &rarr; <strong>1389</strong><br />(-18 for losing)
|l|☆Sluttina
|player|p2|
|l|☆owlwaystired
|player|p1|
