|j|☆Always bet on red
|j|☆choispecs ironmoth
|t:|1779592325
|gametype|singles
|player|p1|Always bet on red|2|1573
|player|p2|choispecs ironmoth|lucas|1599
|gen|9
|tier|[Gen 9] OU
|rated|
|rule|HP Percentage Mod: HP is shown in percentages
|rule|Endless Battle Clause: Forcing endless battles is banned
|rule|Species Clause: Limit one of each Pokémon
|rule|OHKO Clause: OHKO moves are banned
|rule|Evasion Items Clause: Evasion items are banned
|rule|Evasion Moves Clause: Evasion moves are banned
|rule|Evasion Abilities Clause: Evasion abilities are banned
|rule|Sleep Moves Clause: Sleep-inducing moves are banned
|clearpoke
|poke|p1|Torkoal, M|
|poke|p1|Slither Wing|
|poke|p1|Venusaur, F|
|poke|p1|Walking Wake|
|poke|p1|Corviknight, F|
|poke|p1|Primarina, F|
|poke|p2|Kyurem|
|poke|p2|Cinderace, M|
|poke|p2|Kingambit, F|
|poke|p2|Landorus-Therian, M|
|poke|p2|Iron Valiant|
|poke|p2|Slowking-Galar, M|
|teampreview
|inactive|Battle timer is ON: inactive players will automatically lose when time's up. (requested by choispecs ironmoth)
|
|t:|1779592339
|teamsize|p1|6
|teamsize|p2|6
|start
|switch|p1a: Slither Wing|Slither Wing|100/100
|switch|p2a: Landorus|Landorus-Therian, M|100/100
|-ability|p2a: Landorus|Intimidate|boost
|-unboost|p1a: Slither Wing|atk|1
|turn|1
|
|t:|1779592345
|-end|p1a: Slither Wing|Protosynthesis|[silent]
|switch|p1a: Corviknight|Corviknight, F|100/100
|move|p2a: Landorus|Rock Tomb|p1a: Corviknight|[miss]
|-miss|p2a: Landorus|p1a: Corviknight
|
|upkeep
|turn|2
|
|t:|1779592359
|switch|p1a: Torkoal|Torkoal, M|100/100
|-weather|SunnyDay|[from] ability: Drought|[of] p1a: Torkoal
|move|p2a: Landorus|Taunt|p1a: Torkoal
|-start|p1a: Torkoal|move: Taunt
|
|-weather|SunnyDay|[upkeep]
|upkeep
|turn|3
|
|t:|1779592374
|switch|p1a: Walking Wake|Walking Wake|100/100
|-activate|p1a: Walking Wake|ability: Protosynthesis
|-start|p1a: Walking Wake|protosynthesisspe
|move|p2a: Landorus|U-turn|p1a: Walking Wake
|-damage|p1a: Walking Wake|77/100
|
|t:|1779592379
|switch|p2a: Slowking|Slowking-Galar, M|100/100|[from] U-turn
|
|-weather|SunnyDay|[upkeep]
|upkeep
|turn|4
|
|t:|1779592387
|move|p1a: Walking Wake|Hydro Steam|p2a: Slowking
|-damage|p2a: Slowking|45/100
|-prepare|p2a: Slowking|Chilly Reception|[premajor]
|move|p2a: Slowking|Chilly Reception|p2a: Slowking
|-weather|Snowscape
|-end|p1a: Walking Wake|Protosynthesis
|
|t:|1779592391
|switch|p2a: Kyurem|Kyurem|100/100|[from] Chilly Reception
|-ability|p2a: Kyurem|Pressure
|
|-weather|Snowscape|[upkeep]
|upkeep
|turn|5
|
|t:|1779592397
|-end|p1a: Walking Wake|Protosynthesis|[silent]
|switch|p1a: Corviknight|Corviknight, F|100/100
|move|p2a: Kyurem|Earth Power|p1a: Corviknight
|-immune|p1a: Corviknight
|
|-weather|Snowscape|[upkeep]
|upkeep
|turn|6
|
|t:|1779592402
|move|p2a: Kyurem|Blizzard|p1a: Corviknight
|-damage|p1a: Corviknight|56/100
|move|p1a: Corviknight|U-turn|p2a: Kyurem
|-damage|p2a: Kyurem|93/100
|
|t:|1779592410
|switch|p1a: Torkoal|Torkoal, M|100/100|[from] U-turn
|-weather|SunnyDay|[from] ability: Drought|[of] p1a: Torkoal
|
|-weather|SunnyDay|[upkeep]
|upkeep
|turn|7
|
|t:|1779592416
|switch|p1a: Slither Wing|Slither Wing|100/100
|-activate|p1a: Slither Wing|ability: Protosynthesis
|-start|p1a: Slither Wing|protosynthesisatk
|move|p2a: Kyurem|Earth Power|p1a: Slither Wing
|-resisted|p1a: Slither Wing
|-damage|p1a: Slither Wing|84/100
|
|-weather|SunnyDay|[upkeep]
|upkeep
|turn|8
|
|t:|1779592424
|switch|p2a: Landorus|Landorus-Therian, M|100/100
|-ability|p2a: Landorus|Intimidate|boost
|-unboost|p1a: Slither Wing|atk|1
|move|p1a: Slither Wing|U-turn|p2a: Landorus
|-resisted|p2a: Landorus
|-damage|p2a: Landorus|76/100
|-damage|p1a: Slither Wing|68/100|[from] item: Rocky Helmet|[of] p2a: Landorus
|
|t:|1779592432
|-end|p1a: Slither Wing|Protosynthesis|[silent]
|switch|p1a: Walking Wake|Walking Wake|77/100|[from] U-turn
|-activate|p1a: Walking Wake|ability: Protosynthesis
|-start|p1a: Walking Wake|protosynthesisspe
|
|-weather|SunnyDay|[upkeep]
|upkeep
|turn|9
|
|t:|1779592438
|-terastallize|p2a: Landorus|Water
|move|p1a: Walking Wake|Hydro Steam|p2a: Landorus
|-resisted|p2a: Landorus
|-damage|p2a: Landorus|13/100
|move|p2a: Landorus|Earthquake|p1a: Walking Wake
|-damage|p1a: Walking Wake|26/100
|
|-weather|SunnyDay|[upkeep]
|upkeep
|turn|10
|
|t:|1779592450
|move|p1a: Walking Wake|Hydro Steam|p2a: Landorus
|-resisted|p2a: Landorus
|-damage|p2a: Landorus|0 fnt
|faint|p2a: Landorus
|
|-weather|SunnyDay|[upkeep]
|upkeep
|
|t:|1779592453
|switch|p2a: Kyurem|Kyurem|93/100
|-ability|p2a: Kyurem|Pressure
|turn|11
|
|t:|1779592475
|move|p1a: Walking Wake|Hydro Steam|p2a: Kyurem
|-resisted|p2a: Kyurem
|-damage|p2a: Kyurem|66/100
|move|p2a: Kyurem|Freeze-Dry|p1a: Walking Wake
|-supereffective|p1a: Walking Wake
|-damage|p1a: Walking Wake|0 fnt
|faint|p1a: Walking Wake
|-end|p1a: Walking Wake|Protosynthesis|[silent]
|
|-weather|SunnyDay|[upkeep]
|upkeep
|
|t:|1779592487
|switch|p1a: Slither Wing|Slither Wing|68/100
|-activate|p1a: Slither Wing|ability: Protosynthesis
|-start|p1a: Slither Wing|protosynthesisatk
|turn|12
|
|t:|1779592498
|switch|p2a: Iron Valiant|Iron Valiant|100/100
|-enditem|p2a: Iron Valiant|Booster Energy
|-activate|p2a: Iron Valiant|ability: Quark Drive|[fromitem]
|-start|p2a: Iron Valiant|quarkdrivespe
|move|p1a: Slither Wing|First Impression|p2a: Iron Valiant
|-resisted|p2a: Iron Valiant
|-damage|p2a: Iron Valiant|70/100
|
|-weather|SunnyDay|[upkeep]
|upkeep
|turn|13
|
|t:|1779592509
|-end|p1a: Slither Wing|Protosynthesis|[silent]
|switch|p1a: Corviknight|Corviknight, F|56/100
|move|p2a: Iron Valiant|Shadow Ball|p1a: Corviknight
|-damage|p1a: Corviknight|36/100
|
|-weather|none
|-heal|p1a: Corviknight|42/100|[from] item: Leftovers
|upkeep
|turn|14
|
|t:|1779592515
|-end|p2a: Iron Valiant|Quark Drive|[silent]
|switch|p2a: Cinderace|Cinderace, M|100/100
|move|p1a: Corviknight|Roost|p1a: Corviknight
|-heal|p1a: Corviknight|92/100
|-singleturn|p1a: Corviknight|move: Roost
|
|-heal|p1a: Corviknight|98/100|[from] item: Leftovers
|upkeep
|turn|15
|
|t:|1779592530
|switch|p1a: Primarina|Primarina, F|100/100
|move|p2a: Cinderace|Pyro Ball|p1a: Primarina
|-resisted|p1a: Primarina
|-damage|p1a: Primarina|63/100
|
|-heal|p1a: Primarina|69/100|[from] item: Leftovers
|upkeep
|turn|16
|
|t:|1779592535
|switch|p1a: Corviknight|Corviknight, F|98/100
|move|p2a: Cinderace|U-turn|p1a: Corviknight
|-start|p2a: Cinderace|typechange|Bug|[from] ability: Libero
|-resisted|p1a: Corviknight
|-damage|p1a: Corviknight|91/100
|
|t:|1779592541
|switch|p2a: Slowking|Slowking-Galar, M|78/100|[from] U-turn
|
|-heal|p1a: Corviknight|97/100|[from] item: Leftovers
|upkeep
|turn|17
|
|t:|1779592554
|move|p1a: Corviknight|Brave Bird|p2a: Slowking
|-damage|p2a: Slowking|38/100
|-damage|p1a: Corviknight|84/100|[from] Recoil
|-prepare|p2a: Slowking|Chilly Reception|[premajor]
|move|p2a: Slowking|Chilly Reception|p2a: Slowking
|-weather|Snowscape
|
|t:|1779592558
|switch|p2a: Cinderace|Cinderace, M|100/100|[from] Chilly Reception
|
|-weather|Snowscape|[upkeep]
|-heal|p1a: Corviknight|90/100|[from] item: Leftovers
|upkeep
|turn|18
|
|t:|1779592569
|switch|p1a: Torkoal|Torkoal, M|100/100
|-weather|SunnyDay|[from] ability: Drought|[of] p1a: Torkoal
|move|p2a: Cinderace|Pyro Ball|p1a: Torkoal
|-resisted|p1a: Torkoal
|-damage|p1a: Torkoal|73/100
|
|-weather|SunnyDay|[upkeep]
|upkeep
|turn|19
|
|t:|1779592582
|switch|p1a: Slither Wing|Slither Wing|68/100
|-activate|p1a: Slither Wing|ability: Protosynthesis
|-start|p1a: Slither Wing|protosynthesisatk
|move|p2a: Cinderace|U-turn|p1a: Slither Wing
|-start|p2a: Cinderace|typechange|Bug|[from] ability: Libero
|-resisted|p1a: Slither Wing
|-damage|p1a: Slither Wing|44/100
|
|t:|1779592587
|switch|p2a: Iron Valiant|Iron Valiant|70/100|[from] U-turn
|
|-weather|SunnyDay|[upkeep]
|upkeep
|turn|20
|
|t:|1779592597
|-end|p1a: Slither Wing|Protosynthesis|[silent]
|switch|p1a: Corviknight|Corviknight, F|90/100
|move|p2a: Iron Valiant|Moonblast|p1a: Corviknight
|-resisted|p1a: Corviknight
|-damage|p1a: Corviknight|74/100
|
|-weather|SunnyDay|[upkeep]
|-heal|p1a: Corviknight|80/100|[from] item: Leftovers
|upkeep
|turn|21
|
|t:|1779592601
|-end|p2a: Iron Valiant|Quark Drive|[silent]
|switch|p2a: Kingambit|Kingambit, F|100/100
|-activate|p2a: Kingambit|ability: Supreme Overlord
|-start|p2a: Kingambit|fallen1|[silent]
|move|p1a: Corviknight|U-turn|p2a: Kingambit
|-damage|p2a: Kingambit|89/100
|
|t:|1779592604
|switch|p1a: Venusaur|Venusaur, F|100/100|[from] U-turn
|
|-weather|SunnyDay|[upkeep]
|-heal|p2a: Kingambit|95/100|[from] item: Leftovers
|upkeep
|turn|22
|
|t:|1779592628
|-terastallize|p1a: Venusaur|Fire
|move|p1a: Venusaur|Weather Ball|p2a: Kingambit
|-supereffective|p2a: Kingambit
|-damage|p2a: Kingambit|0 fnt
|faint|p2a: Kingambit
|-end|p2a: Kingambit|fallen1|[silent]
|-damage|p1a: Venusaur|91/100|[from] item: Life Orb
|
|-weather|SunnyDay|[upkeep]
|upkeep
|
|t:|1779592636
|switch|p2a: Kyurem|Kyurem|66/100
|-ability|p2a: Kyurem|Pressure
|turn|23
|
|t:|1779592642
|move|p1a: Venusaur|Weather Ball|p2a: Kyurem
|-damage|p2a: Kyurem|12/100
|-damage|p1a: Venusaur|81/100|[from] item: Life Orb
|move|p2a: Kyurem|Earth Power|p1a: Venusaur
|-supereffective|p1a: Venusaur
|-damage|p1a: Venusaur|3/100
|-unboost|p1a: Venusaur|spd|1
|
|-weather|SunnyDay|[upkeep]
|upkeep
|turn|24
|
|t:|1779592656
|switch|p2a: Cinderace|Cinderace, M|100/100
|move|p1a: Venusaur|Weather Ball|p2a: Cinderace
|-resisted|p2a: Cinderace
|-damage|p2a: Cinderace|36/100
|-damage|p1a: Venusaur|0 fnt|[from] item: Life Orb
|faint|p1a: Venusaur
|
|-weather|SunnyDay|[upkeep]
|upkeep
|
|t:|1779592668
|switch|p1a: Slither Wing|Slither Wing|44/100
|-activate|p1a: Slither Wing|ability: Protosynthesis
|-start|p1a: Slither Wing|protosynthesisatk
|turn|25
|
|t:|1779592672
|move|p1a: Slither Wing|First Impression|p2a: Cinderace
|-resisted|p2a: Cinderace
|-damage|p2a: Cinderace|0 fnt
|faint|p2a: Cinderace
|
|-weather|none
|-end|p1a: Slither Wing|Protosynthesis
|upkeep
|
|t:|1779592680
|switch|p2a: Iron Valiant|Iron Valiant|70/100
|turn|26
|
|t:|1779592683
|-end|p1a: Slither Wing|Protosynthesis|[silent]
|switch|p1a: Corviknight|Corviknight, F|80/100
|move|p2a: Iron Valiant|Shadow Ball|p1a: Corviknight
|-damage|p1a: Corviknight|62/100
|
|-heal|p1a: Corviknight|69/100|[from] item: Leftovers
|upkeep
|turn|27
|
|t:|1779592690
|-end|p2a: Iron Valiant|Quark Drive|[silent]
|switch|p2a: Slowking|Slowking-Galar, M|72/100
|move|p1a: Corviknight|Brave Bird|p2a: Slowking
|-damage|p2a: Slowking|37/100
|-damage|p1a: Corviknight|57/100|[from] Recoil
|
|-heal|p1a: Corviknight|63/100|[from] item: Leftovers
|upkeep
|turn|28
|
|t:|1779592697
|move|p1a: Corviknight|Roost|p1a: Corviknight
|-heal|p1a: Corviknight|100/100
|-singleturn|p1a: Corviknight|move: Roost
|move|p2a: Slowking|Thunder Wave|p1a: Corviknight
|-status|p1a: Corviknight|par
|
|upkeep
|turn|29
|
|t:|1779592704
|move|p1a: Corviknight|Brave Bird|p2a: Slowking
|-damage|p2a: Slowking|0 fnt
|faint|p2a: Slowking
|-damage|p1a: Corviknight|89/100 par|[from] Recoil
|
|-heal|p1a: Corviknight|95/100 par|[from] item: Leftovers
|upkeep
|
|t:|1779592707
|switch|p2a: Kyurem|Kyurem|12/100
|-ability|p2a: Kyurem|Pressure
|turn|30
|-message|choispecs ironmoth forfeited.
|
|win|Always bet on red
|raw|Always bet on red's rating: 1573 &rarr; <strong>1594</strong><br />(+21 for winning)
|raw|choispecs ironmoth's rating: 1599 &rarr; <strong>1578</strong><br />(-21 for losing)
|l|☆choispecs ironmoth
|player|p2|
|l|☆Always bet on red
|player|p1|
