|j|☆Swagataka
|j|☆omari p
|t:|1779581224
|gametype|singles
|player|p1|Swagataka|byron|1696
|player|p2|omari p|pokemonrangerf|1789
|gen|9
|tier|[Gen 9] OU
|rated|
|rule|HP Percentage Mod: HP is shown in percentages
|rule|Endless Battle Clause: Forcing endless battles is banned
|rule|Species Clause: Limit one of each Pokémon
|rule|OHKO Clause: OHKO moves are banned
|rule|Evasion Items Clause: Evasion items are banned
|rule|Evasion Moves Clause: Evasion moves are banned
|rule|Evasion Abilities Clause: Evasion abilities are banned
|rule|Sleep Moves Clause: Sleep-inducing moves are banned
|clearpoke
|poke|p1|Regieleki|
|poke|p1|Indeedee, M|
|poke|p1|Klefki, F|
|poke|p1|Cloyster, M|
|poke|p1|Polteageist|
|poke|p1|Crawdaunt, M|
|poke|p2|Hoopa|
|poke|p2|Cinderace, F|
|poke|p2|Mandibuzz, F|
|poke|p2|Kyurem|
|poke|p2|Ting-Lu|
|poke|p2|Manaphy|
|teampreview
|j| Inothtunothtino
|
|t:|1779581243
|teamsize|p1|6
|teamsize|p2|6
|start
|switch|p1a: Crawdaunt|Crawdaunt, M|100/100
|switch|p2a: Hoopa|Hoopa|100/100
|turn|1
|inactive|Battle timer is ON: inactive players will automatically lose when time's up. (requested by omari p)
|
|t:|1779581258
|switch|p1a: Klefki|Klefki, F|100/100
|move|p2a: Hoopa|Focus Blast|p1a: Klefki
|-damage|p1a: Klefki|38/100
|-enditem|p1a: Klefki|Eject Button
|
|t:|1779581272
|switch|p1a: Cloyster|Cloyster, M|100/100
|
|upkeep
|turn|2
|
|t:|1779581287
|move|p1a: Cloyster|Shell Smash|p1a: Cloyster
|-unboost|p1a: Cloyster|def|1
|-unboost|p1a: Cloyster|spd|1
|-boost|p1a: Cloyster|atk|2
|-boost|p1a: Cloyster|spa|2
|-boost|p1a: Cloyster|spe|2
|move|p2a: Hoopa|Shadow Ball|p1a: Cloyster
|-enditem|p1a: Cloyster|Focus Sash
|-damage|p1a: Cloyster|1/100
|-unboost|p1a: Cloyster|spd|1
|
|upkeep
|turn|3
|
|t:|1779581292
|move|p1a: Cloyster|Icicle Spear|p2a: Hoopa
|-damage|p2a: Hoopa|66/100
|-crit|p2a: Hoopa
|-damage|p2a: Hoopa|16/100
|-enditem|p2a: Hoopa|Aguav Berry|[eat]
|-heal|p2a: Hoopa|50/100|[from] item: Aguav Berry
|-damage|p2a: Hoopa|15/100
|-damage|p2a: Hoopa|0 fnt
|faint|p2a: Hoopa
|-hitcount|p2: Hoopa|4
|
|upkeep
|
|t:|1779581293
|switch|p2a: Ting-Lucifer|Ting-Lu|100/100
|-ability|p2a: Ting-Lucifer|Vessel of Ruin
|turn|4
|
|t:|1779581307
|-terastallize|p2a: Ting-Lucifer|Steel
|move|p1a: Cloyster|Icicle Spear|p2a: Ting-Lucifer
|-resisted|p2a: Ting-Lucifer
|-damage|p2a: Ting-Lucifer|94/100
|-resisted|p2a: Ting-Lucifer
|-damage|p2a: Ting-Lucifer|87/100
|-resisted|p2a: Ting-Lucifer
|-damage|p2a: Ting-Lucifer|80/100
|-resisted|p2a: Ting-Lucifer
|-damage|p2a: Ting-Lucifer|73/100
|-resisted|p2a: Ting-Lucifer
|-damage|p2a: Ting-Lucifer|66/100
|-hitcount|p2a: Ting-Lucifer|5
|move|p2a: Ting-Lucifer|Heavy Slam|p1a: Cloyster
|-damage|p1a: Cloyster|0 fnt
|faint|p1a: Cloyster
|
|upkeep
|
|t:|1779581315
|switch|p1a: Regieleki|Regieleki|100/100
|turn|5
|
|t:|1779581325
|-terastallize|p1a: Regieleki|Electric
|move|p1a: Regieleki|Electro Ball|p2a: Ting-Lucifer
|-damage|p2a: Ting-Lucifer|0 fnt
|faint|p2a: Ting-Lucifer
|
|upkeep
|
|t:|1779581329
|switch|p2a: Kyurem|Kyurem|100/100
|-ability|p2a: Kyurem|Pressure
|turn|6
|
|t:|1779581332
|switch|p1a: Klefki|Klefki, F|38/100
|move|p2a: Kyurem|Freeze-Dry|p1a: Klefki
|-resisted|p1a: Klefki
|-damage|p1a: Klefki|17/100
|
|upkeep
|turn|7
|
|t:|1779581337
|switch|p2a: Manaphy|Manaphy|100/100
|move|p1a: Klefki|Thunder Wave|p2a: Manaphy
|-status|p2a: Manaphy|par
|
|upkeep
|turn|8
|
|t:|1779581342
|switch|p1a: Indeedee|Indeedee, M|100/100
|-fieldstart|move: Psychic Terrain|[from] ability: Psychic Surge|[of] p1a: Indeedee
|move|p2a: Manaphy|Take Heart|p2a: Manaphy
|-boost|p2a: Manaphy|spa|1
|-boost|p2a: Manaphy|spd|1
|-curestatus|p2a: Manaphy|par|[msg]
|
|upkeep
|turn|9
|
|t:|1779581347
|move|p1a: Indeedee|Encore|p2a: Manaphy
|-start|p2a: Manaphy|Encore
|move|p2a: Manaphy|Take Heart|p2a: Manaphy
|-boost|p2a: Manaphy|spa|1
|-boost|p2a: Manaphy|spd|1
|
|upkeep
|turn|10
|
|t:|1779581351
|switch|p1a: Crawdaunt|Crawdaunt, M|100/100
|move|p2a: Manaphy|Take Heart|p2a: Manaphy
|-boost|p2a: Manaphy|spa|1
|-boost|p2a: Manaphy|spd|1
|
|upkeep
|turn|11
|
|t:|1779581353
|move|p2a: Manaphy|Take Heart|p2a: Manaphy
|-boost|p2a: Manaphy|spa|1
|-boost|p2a: Manaphy|spd|1
|move|p1a: Crawdaunt|Knock Off|p2a: Manaphy
|-damage|p2a: Manaphy|21/100
|-enditem|p2a: Manaphy|Leftovers|[from] move: Knock Off|[of] p1a: Crawdaunt
|-damage|p1a: Crawdaunt|91/100|[from] item: Life Orb
|
|-end|p2a: Manaphy|Encore
|upkeep
|turn|12
|
|t:|1779581358
|move|p2a: Manaphy|Alluring Voice|p1a: Crawdaunt
|-supereffective|p1a: Crawdaunt
|-damage|p1a: Crawdaunt|0 fnt
|faint|p1a: Crawdaunt
|
|upkeep
|
|t:|1779581360
|switch|p1a: Regieleki|Regieleki, tera:Electric|100/100
|turn|13
|
|t:|1779581362
|move|p1a: Regieleki|Volt Switch|p2a: Manaphy
|-supereffective|p2a: Manaphy
|-damage|p2a: Manaphy|0 fnt
|faint|p2a: Manaphy
|
|t:|1779581364
|switch|p1a: Polteageist|Polteageist, shiny|100/100|[from] Volt Switch
|
|upkeep
|
|t:|1779581367
|switch|p2a: Mandibuzz|Mandibuzz, F, shiny|100/100
|turn|14
|
|t:|1779581370
|switch|p1a: Klefki|Klefki, F|17/100
|move|p2a: Mandibuzz|Foul Play|p1a: Klefki
|-resisted|p1a: Klefki
|-damage|p1a: Klefki|9/100
|
|upkeep
|turn|15
|
|t:|1779581375
|move|p1a: Klefki|Spikes|p2a: Mandibuzz
|-sidestart|p2: omari p|Spikes
|move|p2a: Mandibuzz|Foul Play|p1a: Klefki
|-resisted|p1a: Klefki
|-damage|p1a: Klefki|0 fnt
|faint|p1a: Klefki
|
|-fieldend|move: Psychic Terrain
|upkeep
|
|t:|1779581378
|switch|p1a: Regieleki|Regieleki, tera:Electric|100/100
|turn|16
|
|t:|1779581381
|switch|p2a: Cinderace|Cinderace, F|100/100
|-damage|p2a: Cinderace|88/100|[from] Spikes
|move|p1a: Regieleki|Volt Switch|p2a: Cinderace
|-damage|p2a: Cinderace|0 fnt
|faint|p2a: Cinderace
|
|t:|1779581385
|switch|p1a: Polteageist|Polteageist, shiny|100/100|[from] Volt Switch
|
|upkeep
|
|t:|1779581388
|switch|p2a: Mandibuzz|Mandibuzz, F, shiny|100/100
|turn|17
|
|t:|1779581389
|switch|p1a: Regieleki|Regieleki, tera:Electric|100/100
|move|p2a: Mandibuzz|Foul Play|p1a: Regieleki
|-crit|p1a: Regieleki
|-damage|p1a: Regieleki|9/100
|
|upkeep
|turn|18
|
|t:|1779581393
|move|p1a: Regieleki|Thunderbolt|p2a: Mandibuzz
|-supereffective|p2a: Mandibuzz
|-damage|p2a: Mandibuzz|0 fnt
|faint|p2a: Mandibuzz
|
|upkeep
|
|t:|1779581395
|switch|p2a: Kyurem|Kyurem|100/100
|-damage|p2a: Kyurem|88/100|[from] Spikes
|-ability|p2a: Kyurem|Pressure
|turn|19
|
|t:|1779581397
|move|p1a: Regieleki|Thunderbolt|p2a: Kyurem
|-resisted|p2a: Kyurem
|-damage|p2a: Kyurem|40/100
|move|p2a: Kyurem|Ice Beam|p1a: Regieleki
|-damage|p1a: Regieleki|0 fnt
|faint|p1a: Regieleki
|
|upkeep
|
|t:|1779581399
|switch|p1a: Indeedee|Indeedee, M|100/100
|-fieldstart|move: Psychic Terrain|[from] ability: Psychic Surge|[of] p1a: Indeedee
|turn|20
|
|t:|1779581400
|move|p2a: Kyurem|Ice Beam|p1a: Indeedee
|-damage|p1a: Indeedee|33/100
|move|p1a: Indeedee|Expanding Force|p2a: Kyurem
|-damage|p2a: Kyurem|0 fnt
|faint|p2a: Kyurem
|
|win|Swagataka
|raw|Swagataka's rating: 1696 &rarr; <strong>1721</strong><br />(+25 for winning)
|raw|omari p's rating: 1789 &rarr; <strong>1764</strong><br />(-25 for losing)
|l|☆omari p
|player|p2|
|l|☆Swagataka
|player|p1|
|l| Inothtunothtino
