|j|☆misplaymaker
|j|☆Zovafire
|t:|1779672264
|gametype|singles
|player|p1|misplaymaker|acetrainer|1545
|player|p2|Zovafire|mina-masters|1489
|gen|9
|tier|[Gen 9] OU
|rated|
|rule|HP Percentage Mod: HP is shown in percentages
|rule|Endless Battle Clause: Forcing endless battles is banned
|rule|Species Clause: Limit one of each Pokémon
|rule|OHKO Clause: OHKO moves are banned
|rule|Evasion Items Clause: Evasion items are banned
|rule|Evasion Moves Clause: Evasion moves are banned
|rule|Evasion Abilities Clause: Evasion abilities are banned
|rule|Sleep Moves Clause: Sleep-inducing moves are banned
|clearpoke
|poke|p1|Ninetales, F|
|poke|p1|Walking Wake|
|poke|p1|Raging Bolt|
|poke|p1|Corviknight, M|
|poke|p1|Cinderace, F|
|poke|p1|Darkrai|
|poke|p2|Tornadus-Therian, M|
|poke|p2|Great Tusk|
|poke|p2|Kingambit, M|
|poke|p2|Pecharunt|
|poke|p2|Latios, M|
|poke|p2|Iron Valiant|
|teampreview
|inactive|Battle timer is ON: inactive players will automatically lose when time's up. (requested by Zovafire)
|inactive|misplaymaker also wants the timer to be on.
|
|t:|1779672277
|teamsize|p1|6
|teamsize|p2|6
|start
|switch|p1a: Walking Wake|Walking Wake|100/100
|switch|p2a: Tornadus|Tornadus-Therian, M|100/100
|turn|1
|
|t:|1779672282
|move|p2a: Tornadus|Knock Off|p1a: Walking Wake
|-damage|p1a: Walking Wake|78/100
|-enditem|p1a: Walking Wake|Choice Specs|[from] move: Knock Off|[of] p2a: Tornadus
|move|p1a: Walking Wake|Draco Meteor|p2a: Tornadus
|-damage|p2a: Tornadus|59/100
|-unboost|p1a: Walking Wake|spa|2
|
|upkeep
|turn|2
|
|t:|1779672291
|move|p2a: Tornadus|Knock Off|p1a: Walking Wake
|-damage|p1a: Walking Wake|64/100
|move|p1a: Walking Wake|Flip Turn|p2a: Tornadus
|-damage|p2a: Tornadus|41/100
|
|t:|1779672299
|-end|p1a: Walking Wake|Protosynthesis|[silent]
|switch|p1a: Raging Bolt|Raging Bolt|100/100|[from] Flip Turn
|
|upkeep
|turn|3
|
|t:|1779672306
|move|p2a: Tornadus|U-turn|p1a: Raging Bolt
|-damage|p1a: Raging Bolt|87/100
|
|t:|1779672308
|switch|p2a: Iron Valiant|Iron Valiant|100/100|[from] U-turn
|-enditem|p2a: Iron Valiant|Booster Energy
|-activate|p2a: Iron Valiant|ability: Quark Drive|[fromitem]
|-start|p2a: Iron Valiant|quarkdrivespe
|move|p1a: Raging Bolt|Draco Meteor|p2a: Iron Valiant
|-immune|p2a: Iron Valiant
|
|upkeep
|turn|4
|
|t:|1779672311
|move|p2a: Iron Valiant|Shadow Ball|p1a: Raging Bolt
|-damage|p1a: Raging Bolt|70/100
|move|p1a: Raging Bolt|Volt Switch|p2a: Iron Valiant
|-damage|p2a: Iron Valiant|20/100
|
|t:|1779672319
|-end|p1a: Raging Bolt|Protosynthesis|[silent]
|switch|p1a: Cinderace|Cinderace, F|100/100|[from] Volt Switch
|
|upkeep
|turn|5
|
|t:|1779672323
|move|p2a: Iron Valiant|Focus Blast|p1a: Cinderace
|-damage|p1a: Cinderace|34/100
|move|p1a: Cinderace|Pyro Ball|p2a: Iron Valiant
|-damage|p2a: Iron Valiant|0 fnt
|faint|p2a: Iron Valiant
|-end|p2a: Iron Valiant|Quark Drive|[silent]
|
|upkeep
|
|t:|1779672328
|switch|p2a: Tornadus|Tornadus-Therian, M|74/100
|turn|6
|
|t:|1779672339
|move|p2a: Tornadus|Knock Off|p1a: Cinderace
|-damage|p1a: Cinderace|8/100
|-enditem|p1a: Cinderace|Heavy-Duty Boots|[from] move: Knock Off|[of] p2a: Tornadus
|move|p1a: Cinderace|Pyro Ball|p2a: Tornadus
|-damage|p2a: Tornadus|21/100
|
|upkeep
|turn|7
|
|t:|1779672345
|move|p1a: Cinderace|Sucker Punch|p2a: Tornadus
|-start|p1a: Cinderace|typechange|Dark|[from] ability: Libero
|-damage|p2a: Tornadus|0 fnt
|faint|p2a: Tornadus
|
|upkeep
|
|t:|1779672350
|switch|p2a: Great Tusk|Great Tusk|100/100
|turn|8
|
|t:|1779672359
|switch|p1a: Corviknight|Corviknight, M|100/100
|-ability|p1a: Corviknight|Pressure
|move|p2a: Great Tusk|Rapid Spin|p1a: Corviknight
|-resisted|p1a: Corviknight
|-damage|p1a: Corviknight|94/100
|-boost|p2a: Great Tusk|spe|1
|-damage|p2a: Great Tusk|84/100|[from] item: Rocky Helmet|[of] p1a: Corviknight
|
|upkeep
|turn|9
|
|t:|1779672368
|move|p2a: Great Tusk|Stealth Rock|p1a: Corviknight
|-sidestart|p1: misplaymaker|move: Stealth Rock
|move|p1a: Corviknight|Brave Bird|p2a: Great Tusk
|-supereffective|p2a: Great Tusk
|-damage|p2a: Great Tusk|33/100
|-damage|p1a: Corviknight|78/100|[from] Recoil
|
|upkeep
|turn|10
|
|t:|1779672375
|move|p2a: Great Tusk|Ice Spinner|p1a: Corviknight
|-damage|p1a: Corviknight|55/100
|-damage|p2a: Great Tusk|17/100|[from] item: Rocky Helmet|[of] p1a: Corviknight
|move|p1a: Corviknight|Defog|p2a: Great Tusk
|-unboost|p2a: Great Tusk|evasion|1
|-sideend|p1: misplaymaker|Stealth Rock|[from] move: Defog|[of] p1a: Corviknight
|
|upkeep
|turn|11
|
|t:|1779672382
|move|p2a: Great Tusk|Stealth Rock|p1a: Corviknight
|-sidestart|p1: misplaymaker|move: Stealth Rock
|move|p1a: Corviknight|Roost|p1a: Corviknight
|-heal|p1a: Corviknight|100/100
|-singleturn|p1a: Corviknight|move: Roost
|
|upkeep
|turn|12
|
|t:|1779672388
|move|p2a: Great Tusk|Ice Spinner|p1a: Corviknight
|-damage|p1a: Corviknight|78/100
|-damage|p2a: Great Tusk|0 fnt|[from] item: Rocky Helmet|[of] p1a: Corviknight
|faint|p2a: Great Tusk
|-end|p2a: Great Tusk|Protosynthesis|[silent]
|move|p1a: Corviknight|Defog|p2: Great Tusk|[notarget]
|-fail|p1a: Corviknight
|
|upkeep
|
|t:|1779672395
|switch|p2a: Pecharunt|Pecharunt|100/100
|-item|p2a: Pecharunt|Air Balloon
|turn|13
|
|t:|1779672414
|move|p2a: Pecharunt|Nasty Plot|p2a: Pecharunt
|-boost|p2a: Pecharunt|spa|2
|move|p1a: Corviknight|Defog|p2a: Pecharunt
|-unboost|p2a: Pecharunt|evasion|1
|-sideend|p1: misplaymaker|Stealth Rock|[from] move: Defog|[of] p1a: Corviknight
|
|upkeep
|turn|14
|
|t:|1779672421
|move|p2a: Pecharunt|Shadow Ball|p1a: Corviknight
|-crit|p1a: Corviknight
|-damage|p1a: Corviknight|22/100
|move|p1a: Corviknight|U-turn|p2a: Pecharunt
|-resisted|p2a: Pecharunt
|-damage|p2a: Pecharunt|99/100
|-enditem|p2a: Pecharunt|Air Balloon
|
|t:|1779672431
|switch|p1a: Darkrai|Darkrai|100/100|[from] U-turn
|
|upkeep
|turn|15
|
|t:|1779672435
|move|p1a: Darkrai|Trick|p2a: Pecharunt
|-activate|p1a: Darkrai|move: Trick|[of] p2a: Pecharunt
|-item|p2a: Pecharunt|Choice Scarf|[from] move: Trick
|-enditem|p1a: Darkrai|Choice Scarf|[silent]|[from] move: Trick
|move|p2a: Pecharunt|Malignant Chain|p1a: Darkrai
|-damage|p1a: Darkrai|17/100
|
|upkeep
|turn|16
|
|t:|1779672443
|switch|p2a: Latios|Latios, M|100/100
|switch|p1a: Corviknight|Corviknight, M|22/100
|-ability|p1a: Corviknight|Pressure
|
|upkeep
|turn|17
|
|t:|1779672453
|move|p2a: Latios|Psychic Noise|p1a: Corviknight
|-resisted|p1a: Corviknight
|-damage|p1a: Corviknight|9/100
|-start|p1a: Corviknight|move: Heal Block
|move|p1a: Corviknight|U-turn|p2a: Latios
|-supereffective|p2a: Latios
|-crit|p2a: Latios
|-damage|p2a: Latios|46/100
|
|t:|1779672461
|switch|p1a: Darkrai|Darkrai|17/100|[from] U-turn
|
|upkeep
|turn|18
|
|t:|1779672465
|switch|p2a: Kingambit|Kingambit, M|100/100
|-activate|p2a: Kingambit|ability: Supreme Overlord
|-start|p2a: Kingambit|fallen3|[silent]
|move|p1a: Darkrai|Dark Pulse|p2a: Kingambit
|-resisted|p2a: Kingambit
|-damage|p2a: Kingambit|78/100
|
|-heal|p2a: Kingambit|84/100|[from] item: Leftovers
|upkeep
|turn|19
|
|t:|1779672475
|switch|p1a: Cinderace|Cinderace, F|8/100
|move|p2a: Kingambit|Kowtow Cleave|p1a: Cinderace
|-damage|p1a: Cinderace|0 fnt
|faint|p1a: Cinderace
|
|-heal|p2a: Kingambit|91/100|[from] item: Leftovers
|upkeep
|
|t:|1779672484
|switch|p1a: Ninetales|Ninetales, F|100/100
|-weather|SunnyDay|[from] ability: Drought|[of] p1a: Ninetales
|turn|20
|
|t:|1779672491
|-terastallize|p2a: Kingambit|Fire
|move|p1a: Ninetales|Will-O-Wisp|p2a: Kingambit
|-immune|p2a: Kingambit
|move|p2a: Kingambit|Kowtow Cleave|p1a: Ninetales
|-damage|p1a: Ninetales|27/100
|
|-weather|SunnyDay|[upkeep]
|-heal|p2a: Kingambit|97/100|[from] item: Leftovers
|upkeep
|turn|21
|
|t:|1779672500
|move|p1a: Ninetales|Encore|p2a: Kingambit
|-start|p2a: Kingambit|Encore
|move|p2a: Kingambit|Kowtow Cleave|p1a: Ninetales
|-damage|p1a: Ninetales|0 fnt
|faint|p1a: Ninetales
|
|-weather|SunnyDay|[upkeep]
|-heal|p2a: Kingambit|100/100|[from] item: Leftovers
|upkeep
|
|t:|1779672504
|switch|p1a: Walking Wake|Walking Wake|64/100
|-activate|p1a: Walking Wake|ability: Protosynthesis
|-start|p1a: Walking Wake|protosynthesisspa
|turn|22
|
|t:|1779672509
|-end|p2a: Kingambit|fallen3|[silent]
|switch|p2a: Pecharunt|Pecharunt|99/100
|move|p1a: Walking Wake|Hydro Steam|p2a: Pecharunt
|-damage|p2a: Pecharunt|23/100
|
|-weather|SunnyDay|[upkeep]
|upkeep
|turn|23
|
|t:|1779672517
|move|p2a: Pecharunt|Shadow Ball|p1a: Walking Wake
|-damage|p1a: Walking Wake|32/100
|move|p1a: Walking Wake|Hydro Steam|p2a: Pecharunt
|-damage|p2a: Pecharunt|0 fnt
|faint|p2a: Pecharunt
|
|-weather|SunnyDay|[upkeep]
|upkeep
|
|t:|1779672526
|switch|p2a: Kingambit|Kingambit, M, tera:Fire|100/100
|-activate|p2a: Kingambit|ability: Supreme Overlord
|-start|p2a: Kingambit|fallen4|[silent]
|turn|24
|
|t:|1779672547
|-end|p1a: Walking Wake|Protosynthesis|[silent]
|switch|p1a: Darkrai|Darkrai|17/100
|move|p2a: Kingambit|Sucker Punch||[still]
|-fail|p2a: Kingambit
|
|-weather|SunnyDay|[upkeep]
|upkeep
|turn|25
|
|t:|1779672564
|switch|p1a: Corviknight|Corviknight, M|9/100
|-ability|p1a: Corviknight|Pressure
|move|p2a: Kingambit|Sucker Punch||[still]
|-fail|p2a: Kingambit
|
|-weather|SunnyDay|[upkeep]
|upkeep
|turn|26
|
|t:|1779672568
|move|p2a: Kingambit|Kowtow Cleave|p1a: Corviknight
|-damage|p1a: Corviknight|0 fnt
|-damage|p2a: Kingambit|84/100|[from] item: Rocky Helmet|[of] p1a: Corviknight
|faint|p1a: Corviknight
|
|-weather|SunnyDay|[upkeep]
|-heal|p2a: Kingambit|90/100|[from] item: Leftovers
|upkeep
|
|t:|1779672573
|switch|p1a: Raging Bolt|Raging Bolt|70/100
|-activate|p1a: Raging Bolt|ability: Protosynthesis
|-start|p1a: Raging Bolt|protosynthesisspa
|turn|27
|
|t:|1779672582
|move|p1a: Raging Bolt|Draco Meteor|p2a: Kingambit|[miss]
|-miss|p1a: Raging Bolt|p2a: Kingambit
|move|p2a: Kingambit|Kowtow Cleave|p1a: Raging Bolt
|-damage|p1a: Raging Bolt|7/100
|
|-weather|none
|-end|p1a: Raging Bolt|Protosynthesis
|-heal|p2a: Kingambit|96/100|[from] item: Leftovers
|upkeep
|turn|28
|
|t:|1779672600
|move|p1a: Raging Bolt|Volt Switch|p2a: Kingambit
|-damage|p2a: Kingambit|57/100
|
|t:|1779672604
|-end|p1a: Raging Bolt|Protosynthesis|[silent]
|switch|p1a: Walking Wake|Walking Wake|32/100|[from] Volt Switch
|move|p2a: Kingambit|Kowtow Cleave|p1a: Walking Wake
|-damage|p1a: Walking Wake|0 fnt
|faint|p1a: Walking Wake
|-end|p1a: Walking Wake|Protosynthesis|[silent]
|
|-heal|p2a: Kingambit|63/100|[from] item: Leftovers
|upkeep
|
|t:|1779672609
|switch|p1a: Darkrai|Darkrai|17/100
|turn|29
|
|t:|1779672614
|move|p2a: Kingambit|Sucker Punch|p1a: Darkrai
|-resisted|p1a: Darkrai
|-damage|p1a: Darkrai|0 fnt
|faint|p1a: Darkrai
|
|-heal|p2a: Kingambit|69/100|[from] item: Leftovers
|upkeep
|
|t:|1779672617
|switch|p1a: Raging Bolt|Raging Bolt|7/100
|turn|30
|
|t:|1779672618
|move|p1a: Raging Bolt|Thunderclap|p2a: Kingambit
|-damage|p2a: Kingambit|31/100
|move|p2a: Kingambit|Kowtow Cleave|p1a: Raging Bolt
|-damage|p1a: Raging Bolt|0 fnt
|faint|p1a: Raging Bolt
|-end|p1a: Raging Bolt|Protosynthesis|[silent]
|
|win|Zovafire
|raw|misplaymaker's rating: 1545 &rarr; <strong>1522</strong><br />(-23 for losing)
|raw|Zovafire's rating: 1489 &rarr; <strong>1512</strong><br />(+23 for winning)
|l|☆misplaymaker
|player|p1|
