|j|☆I<3weedletwineedle
|j|☆zu l8r feraligatr
|t:|1779648259
|gametype|singles
|player|p1|I<3weedletwineedle|170|1328
|player|p2|zu l8r feraligatr|roughneck|1380
|gen|9
|tier|[Gen 9] OU
|rated|
|rule|HP Percentage Mod: HP is shown in percentages
|rule|Endless Battle Clause: Forcing endless battles is banned
|rule|Species Clause: Limit one of each Pokémon
|rule|OHKO Clause: OHKO moves are banned
|rule|Evasion Items Clause: Evasion items are banned
|rule|Evasion Moves Clause: Evasion moves are banned
|rule|Evasion Abilities Clause: Evasion abilities are banned
|rule|Sleep Moves Clause: Sleep-inducing moves are banned
|clearpoke
|poke|p1|Necrozma|
|poke|p1|Scizor, F|
|poke|p1|Enamorus, F|
|poke|p1|Great Tusk|
|poke|p1|Primarina, M|
|poke|p1|Glimmora, M|
|poke|p2|Corviknight, M|
|poke|p2|Suicune|
|poke|p2|Slowking-Galar, M|
|poke|p2|Sinistcha|
|poke|p2|Garchomp, M|
|poke|p2|Florges, F|
|teampreview
|inactive|Battle timer is ON: inactive players will automatically lose when time's up. (requested by zu l8r feraligatr)
|
|t:|1779648277
|teamsize|p1|6
|teamsize|p2|6
|start
|switch|p1a: Glimmora|Glimmora, M|100/100
|switch|p2a: Garchomp|Garchomp, M|100/100
|turn|1
|
|t:|1779648290
|move|p1a: Glimmora|Meteor Beam||[still]
|-prepare|p1a: Glimmora|Meteor Beam
|-boost|p1a: Glimmora|spa|1
|-enditem|p1a: Glimmora|Power Herb
|-anim|p1a: Glimmora|Meteor Beam|p2a: Garchomp
|-resisted|p2a: Garchomp
|-damage|p2a: Garchomp|60/100
|move|p2a: Garchomp|Earthquake|p1a: Glimmora
|-supereffective|p1a: Glimmora
|-damage|p1a: Glimmora|0 fnt
|-activate|p1a: Glimmora|ability: Toxic Debris
|-sidestart|p2: zu l8r feraligatr|move: Toxic Spikes
|faint|p1a: Glimmora
|
|upkeep
|
|t:|1779648292
|switch|p1a: Primarina|Primarina, M|100/100
|turn|2
|
|t:|1779648296
|move|p2a: Garchomp|Stealth Rock|p1a: Primarina
|-sidestart|p1: I<3weedletwineedle|move: Stealth Rock
|move|p1a: Primarina|Hyper Voice|p2a: Garchomp
|-damage|p2a: Garchomp|14/100
|
|upkeep
|turn|3
|
|t:|1779648304
|move|p2a: Garchomp|Spikes|p1a: Primarina
|-sidestart|p1: I<3weedletwineedle|Spikes
|move|p1a: Primarina|Hyper Voice|p2a: Garchomp
|-damage|p2a: Garchomp|0 fnt
|faint|p2a: Garchomp
|
|upkeep
|
|t:|1779648306
|switch|p2a: Slowking|Slowking-Galar, M|100/100
|-sideend|p2: zu l8r feraligatr|move: Toxic Spikes|[of] p2a: Slowking
|turn|4
|
|t:|1779648314
|switch|p1a: Scizor|Scizor, F|100/100
|-damage|p1a: Scizor|88/100|[from] Stealth Rock
|-damage|p1a: Scizor|76/100|[from] Spikes
|move|p2a: Slowking|Ice Beam|p1a: Scizor
|-resisted|p1a: Scizor
|-damage|p1a: Scizor|59/100
|
|upkeep
|turn|5
|
|t:|1779648320
|move|p1a: Scizor|U-turn|p2a: Slowking
|-damage|p2a: Slowking|40/100
|
|t:|1779648325
|switch|p1a: Great Tusk|Great Tusk|100/100|[from] U-turn
|-damage|p1a: Great Tusk|98/100|[from] Stealth Rock
|-damage|p1a: Great Tusk|85/100|[from] Spikes
|-enditem|p1a: Great Tusk|Booster Energy
|-activate|p1a: Great Tusk|ability: Protosynthesis|[fromitem]
|-start|p1a: Great Tusk|protosynthesisatk
|move|p2a: Slowking|Flamethrower|p1a: Great Tusk
|-damage|p1a: Great Tusk|38/100
|
|upkeep
|turn|6
|
|t:|1779648330
|switch|p2a: Sinistcha|Sinistcha|100/100
|move|p1a: Great Tusk|Head Smash|p2a: Sinistcha|[miss]
|-miss|p1a: Great Tusk|p2a: Sinistcha
|
|upkeep
|turn|7
|
|t:|1779648333
|move|p1a: Great Tusk|Head Smash|p2a: Sinistcha|[miss]
|-miss|p1a: Great Tusk|p2a: Sinistcha
|move|p2a: Sinistcha|Strength Sap|p1a: Great Tusk
|-unboost|p1a: Great Tusk|atk|1
|
|upkeep
|turn|8
|
|t:|1779648339
|-end|p1a: Great Tusk|Protosynthesis|[silent]
|switch|p1a: Scizor|Scizor, F|59/100
|-damage|p1a: Scizor|46/100|[from] Stealth Rock
|-damage|p1a: Scizor|34/100|[from] Spikes
|move|p2a: Sinistcha|Matcha Gotcha|p1a: Scizor
|-resisted|p1a: Scizor
|-damage|p1a: Scizor|25/100
|
|upkeep
|turn|9
|
|t:|1779648344
|move|p2a: Sinistcha|Strength Sap|p1a: Scizor
|-unboost|p1a: Scizor|atk|1
|move|p1a: Scizor|Dual Wingbeat|p2a: Sinistcha
|-supereffective|p2a: Sinistcha
|-damage|p2a: Sinistcha|70/100
|-supereffective|p2a: Sinistcha
|-damage|p2a: Sinistcha|37/100
|-hitcount|p2a: Sinistcha|2
|
|-heal|p2a: Sinistcha|44/100|[from] item: Leftovers
|upkeep
|turn|10
|
|t:|1779648372
|switch|p1a: Necrozma|Necrozma|100/100
|-damage|p1a: Necrozma|88/100|[from] Stealth Rock
|-damage|p1a: Necrozma|76/100|[from] Spikes
|move|p2a: Sinistcha|Strength Sap|p1a: Necrozma
|-unboost|p1a: Necrozma|atk|1
|-heal|p2a: Sinistcha|100/100
|
|upkeep
|turn|11
|
|t:|1779648376
|switch|p2a: Florges|Florges, F|100/100
|move|p1a: Necrozma|Heat Wave|p2a: Florges|[miss]
|-miss|p1a: Necrozma|p2a: Florges
|
|upkeep
|turn|12
|inactive|I<3weedletwineedle has 120 seconds left.
|inactive|I<3weedletwineedle has 90 seconds left.
|
|t:|1779648448
|move|p1a: Necrozma|Heat Wave|p2a: Florges
|-damage|p2a: Florges|81/100
|move|p2a: Florges|Moonblast|p1a: Necrozma
|-damage|p1a: Necrozma|52/100
|-unboost|p1a: Necrozma|spa|1
|
|-heal|p2a: Florges|87/100|[from] item: Leftovers
|upkeep
|turn|13
|-message|I<3weedletwineedle forfeited.
|
|win|zu l8r feraligatr
|raw|I&lt;3weedletwineedle's rating: 1328 &rarr; <strong>1311</strong><br />(-17 for losing)
|raw|zu l8r feraligatr's rating: 1380 &rarr; <strong>1397</strong><br />(+17 for winning)
|l|☆I<3weedletwineedle
|player|p1|
