|j|☆fortnieter
|j|☆KenjiShiguma
|t:|1779628948
|gametype|singles
|player|p1|fortnieter|lucas|1191
|player|p2|KenjiShiguma|pokemonbreeder-gen4|1173
|gen|9
|tier|[Gen 9] OU
|rated|
|rule|HP Percentage Mod: HP is shown in percentages
|rule|Endless Battle Clause: Forcing endless battles is banned
|rule|Species Clause: Limit one of each Pokémon
|rule|OHKO Clause: OHKO moves are banned
|rule|Evasion Items Clause: Evasion items are banned
|rule|Evasion Moves Clause: Evasion moves are banned
|rule|Evasion Abilities Clause: Evasion abilities are banned
|rule|Sleep Moves Clause: Sleep-inducing moves are banned
|clearpoke
|poke|p1|Torkoal, M|
|poke|p1|Magmortar, M|
|poke|p1|Uxie|
|poke|p1|Lilligant-Hisui, F|
|poke|p1|Slither Wing|
|poke|p1|Walking Wake|
|poke|p2|Drednaw, M|
|poke|p2|Golem, F|
|poke|p2|Snorlax, F|
|poke|p2|Clefable, F|
|poke|p2|Oricorio-Sensu, M|
|poke|p2|Infernape, F|
|teampreview
|
|t:|1779628956
|teamsize|p1|6
|teamsize|p2|6
|start
|switch|p1a: Torkoal|Torkoal, M|100/100
|switch|p2a: Snorlax|Snorlax, F|100/100
|-weather|SunnyDay|[from] ability: Drought|[of] p1a: Torkoal
|turn|1
|
|t:|1779628964
|move|p2a: Snorlax|Block|p1a: Torkoal
|-activate|p1a: Torkoal|trapped
|move|p1a: Torkoal|Will-O-Wisp|p2a: Snorlax
|-status|p2a: Snorlax|brn
|
|-weather|SunnyDay|[upkeep]
|-damage|p2a: Snorlax|94/100 brn|[from] brn
|upkeep
|turn|2
|
|t:|1779628980
|move|p2a: Snorlax|Encore|p1a: Torkoal
|-start|p1a: Torkoal|Encore
|move|p1a: Torkoal|Will-O-Wisp|p2a: Snorlax
|-fail|p2a: Snorlax|brn
|
|-weather|SunnyDay|[upkeep]
|-damage|p2a: Snorlax|88/100 brn|[from] brn
|upkeep
|turn|3
|inactive|Battle timer is ON: inactive players will automatically lose when time's up. (requested by KenjiShiguma)
|
|t:|1779628988
|move|p2a: Snorlax|Earthquake|p1a: Torkoal
|-supereffective|p1a: Torkoal
|-damage|p1a: Torkoal|82/100
|move|p1a: Torkoal|Will-O-Wisp|p2a: Snorlax
|-fail|p2a: Snorlax|brn
|
|-weather|SunnyDay|[upkeep]
|-damage|p2a: Snorlax|82/100 brn|[from] brn
|upkeep
|turn|4
|
|t:|1779628997
|move|p2a: Snorlax|Earthquake|p1a: Torkoal
|-supereffective|p1a: Torkoal
|-damage|p1a: Torkoal|63/100
|move|p1a: Torkoal|Will-O-Wisp|p2a: Snorlax
|-fail|p2a: Snorlax|brn
|
|-weather|SunnyDay|[upkeep]
|-damage|p2a: Snorlax|76/100 brn|[from] brn
|-end|p1a: Torkoal|Encore
|upkeep
|turn|5
|
|t:|1779629007
|move|p2a: Snorlax|Encore|p1a: Torkoal
|-start|p1a: Torkoal|Encore
|move|p1a: Torkoal|Will-O-Wisp|p2a: Snorlax
|-fail|p2a: Snorlax|brn
|
|-weather|SunnyDay|[upkeep]
|-damage|p2a: Snorlax|70/100 brn|[from] brn
|upkeep
|turn|6
|
|t:|1779629015
|move|p2a: Snorlax|Earthquake|p1a: Torkoal
|-supereffective|p1a: Torkoal
|-damage|p1a: Torkoal|43/100
|move|p1a: Torkoal|Will-O-Wisp|p2a: Snorlax
|-fail|p2a: Snorlax|brn
|
|-weather|SunnyDay|[upkeep]
|-damage|p2a: Snorlax|64/100 brn|[from] brn
|upkeep
|turn|7
|c|☆fortnieter|When can I switch
|
|t:|1779629025
|move|p2a: Snorlax|Earthquake|p1a: Torkoal
|-supereffective|p1a: Torkoal
|-crit|p1a: Torkoal
|-damage|p1a: Torkoal|14/100
|move|p1a: Torkoal|Will-O-Wisp|p2a: Snorlax
|-fail|p2a: Snorlax|brn
|
|-weather|SunnyDay|[upkeep]
|-damage|p2a: Snorlax|58/100 brn|[from] brn
|-end|p1a: Torkoal|Encore
|upkeep
|turn|8
|c|☆fortnieter|Wtf
|
|t:|1779629035
|move|p2a: Snorlax|Encore|p1a: Torkoal
|-start|p1a: Torkoal|Encore
|move|p1a: Torkoal|Will-O-Wisp|p2a: Snorlax
|-fail|p2a: Snorlax|brn
|
|-weather|none
|-damage|p2a: Snorlax|52/100 brn|[from] brn
|upkeep
|turn|9
|
|t:|1779629044
|move|p2a: Snorlax|Earthquake|p1a: Torkoal
|-supereffective|p1a: Torkoal
|-damage|p1a: Torkoal|0 fnt
|faint|p1a: Torkoal
|
|-damage|p2a: Snorlax|46/100 brn|[from] brn
|upkeep
|-enditem|p2a: Snorlax|Sitrus Berry|[eat]
|-heal|p2a: Snorlax|71/100 brn|[from] item: Sitrus Berry
|c|☆fortnieter|I can never switch?
|c|☆KenjiShiguma|!dt block
|c|☆KenjiShiguma|/raw <ul class="utilichart"><li class="result"><span class="col movenamecol"><a href="https://dex.pokemonshowdown.com/moves/block">Block</a></span> <span class="col typecol"><img src="//play.pokemonshowdown.com/sprites/types/Normal.png" alt="Normal" width="32" height="14"><img src="//play.pokemonshowdown.com/sprites/categories/Status.png" alt="Status" width="32" height="14"></span> <span class="col widelabelcol"><em>Accuracy</em><br>—</span> <span class="col pplabelcol"><em>PP</em><br>8</span> <span class="col movedesccol">Prevents the target from switching out.</span> </li><li style="clear:both"></li></ul>
|c|☆KenjiShiguma|/raw <font size="1"><font color="#686868">Priority:</font> 0&nbsp;|&ThickSpace;<font color="#686868">Gen:</font> 3&nbsp;|&ThickSpace;&#10003; Bypasses Protect&nbsp;|&ThickSpace;&#10003; Bounceable&nbsp;|&ThickSpace;<font color="#686868">Z-Effect:</font>  Defense +1&nbsp;|&ThickSpace;<font color="#686868">Target:</font> One Adjacent Pokémon</font>

|c|☆KenjiShiguma|Lmao
|
|t:|1779629059
|switch|p1a: Slither Wing|Slither Wing|100/100
|turn|10
|
|t:|1779629072
|move|p1a: Slither Wing|Close Combat|p2a: Snorlax
|-supereffective|p2a: Snorlax
|-damage|p2a: Snorlax|0 fnt
|-unboost|p1a: Slither Wing|def|1
|-unboost|p1a: Slither Wing|spd|1
|faint|p2a: Snorlax
|
|upkeep
|
|t:|1779629081
|switch|p2a: Clefable|Clefable, F|100/100
|turn|11
|
|t:|1779629087
|-end|p1a: Slither Wing|Protosynthesis|[silent]
|switch|p1a: Uxie|Uxie|100/100
|move|p2a: Clefable|Moonblast|p1a: Uxie
|-damage|p1a: Uxie|70/100
|
|-heal|p1a: Uxie|76/100|[from] item: Leftovers
|upkeep
|turn|12
|
|t:|1779629096
|move|p1a: Uxie|Knock Off|p2a: Clefable
|-resisted|p2a: Clefable
|-damage|p2a: Clefable|91/100
|-enditem|p2a: Clefable|Assault Vest|[from] move: Knock Off|[of] p1a: Uxie
|move|p2a: Clefable|Knock Off|p1a: Uxie
|-supereffective|p1a: Uxie
|-damage|p1a: Uxie|57/100
|-enditem|p1a: Uxie|Leftovers|[from] move: Knock Off|[of] p2a: Clefable
|
|upkeep
|turn|13
|
|t:|1779629105
|move|p1a: Uxie|U-turn|p2a: Clefable
|-resisted|p2a: Clefable
|-damage|p2a: Clefable|86/100
|
|t:|1779629120
|switch|p1a: Magmortar|Magmortar, M, shiny|100/100|[from] U-turn
|move|p2a: Clefable|Moonblast|p1a: Magmortar
|-resisted|p1a: Magmortar
|-damage|p1a: Magmortar|76/100
|-unboost|p1a: Magmortar|spa|1
|
|upkeep
|turn|14
|
|t:|1779629129
|switch|p1a: Slither Wing|Slither Wing|100/100
|move|p2a: Clefable|Knock Off|p1a: Slither Wing
|-resisted|p1a: Slither Wing
|-damage|p1a: Slither Wing|91/100
|-enditem|p1a: Slither Wing|Assault Vest|[from] move: Knock Off|[of] p2a: Clefable
|
|upkeep
|turn|15
|
|t:|1779629136
|move|p1a: Slither Wing|First Impression|p2a: Clefable
|-resisted|p2a: Clefable
|-damage|p2a: Clefable|61/100
|move|p2a: Clefable|Moonblast|p1a: Slither Wing
|-supereffective|p1a: Slither Wing
|-damage|p1a: Slither Wing|30/100
|-unboost|p1a: Slither Wing|spa|1
|
|upkeep
|turn|16
|
|t:|1779629144
|move|p1a: Slither Wing|U-turn|p2a: Clefable
|-resisted|p2a: Clefable
|-damage|p2a: Clefable|41/100
|
|t:|1779629146
|-end|p1a: Slither Wing|Protosynthesis|[silent]
|switch|p1a: Uxie|Uxie|57/100|[from] U-turn
|move|p2a: Clefable|Moonblast|p1a: Uxie
|-damage|p1a: Uxie|23/100
|-unboost|p1a: Uxie|spa|1
|
|upkeep
|turn|17
|
|t:|1779629154
|move|p1a: Uxie|Psychic Noise|p2a: Clefable
|-damage|p2a: Clefable|28/100
|-start|p2a: Clefable|move: Heal Block
|move|p2a: Clefable|Moonblast|p1a: Uxie
|-damage|p1a: Uxie|0 fnt
|faint|p1a: Uxie
|
|upkeep
|
|t:|1779629161
|switch|p1a: Magmortar|Magmortar, M, shiny|76/100
|turn|18
|
|t:|1779629167
|switch|p2a: Infernape|Infernape, F|100/100
|move|p1a: Magmortar|Overheat|p2a: Infernape
|-resisted|p2a: Infernape
|-damage|p2a: Infernape|58/100
|-unboost|p1a: Magmortar|spa|2
|
|upkeep
|turn|19
|
|t:|1779629179
|switch|p1a: Walking Wake|Walking Wake|100/100
|-singleturn|p2a: Infernape|move: Focus Punch
|move|p2a: Infernape|Focus Punch|p1a: Walking Wake
|-damage|p1a: Walking Wake|12/100
|
|upkeep
|turn|20
|
|t:|1779629187
|switch|p2a: Golem|Golem, F|100/100
|move|p1a: Walking Wake|Hydro Steam|p2a: Golem
|-supereffective|p2a: Golem
|-ability|p2a: Golem|Sturdy
|-damage|p2a: Golem|1/100
|
|upkeep
|turn|21
|-enditem|p2a: Golem|Custap Berry|[eat]
|-activate|p2a: Golem|item: Custap Berry|[consumed]
|
|t:|1779629195
|move|p2a: Golem|Explosion|p1a: Walking Wake
|-damage|p1a: Walking Wake|0 fnt
|faint|p2a: Golem
|faint|p1a: Walking Wake
|-end|p1a: Walking Wake|Protosynthesis|[silent]
|
|upkeep
|
|t:|1779629203
|switch|p1a: Lilligant|Lilligant-Hisui, F|100/100
|switch|p2a: Clefable|Clefable, F|28/100
|turn|22
|
|t:|1779629211
|move|p1a: Lilligant|Triple Axel|p2a: Clefable
|-damage|p2a: Clefable|20/100
|-damage|p2a: Clefable|2/100
|-hitcount|p2a: Clefable|2
|-damage|p1a: Lilligant|91/100|[from] item: Life Orb
|move|p2a: Clefable|Moonblast|p1a: Lilligant
|-supereffective|p1a: Lilligant
|-damage|p1a: Lilligant|0 fnt
|faint|p1a: Lilligant
|
|upkeep
|
|t:|1779629214
|switch|p1a: Slither Wing|Slither Wing|30/100
|turn|23
|c|☆fortnieter|Cool tactic
|
|t:|1779629223
|move|p1a: Slither Wing|First Impression|p2a: Clefable
|-resisted|p2a: Clefable
|-damage|p2a: Clefable|0 fnt
|faint|p2a: Clefable
|
|upkeep
|
|t:|1779629230
|switch|p2a: Oricorio|Oricorio-Sensu, M|100/100
|turn|24
|
|t:|1779629236
|move|p2a: Oricorio|Quiver Dance|p2a: Oricorio
|-boost|p2a: Oricorio|spa|1
|-boost|p2a: Oricorio|spd|1
|-boost|p2a: Oricorio|spe|1
|move|p1a: Slither Wing|U-turn|p2a: Oricorio
|-resisted|p2a: Oricorio
|-damage|p2a: Oricorio|84/100
|
|t:|1779629239
|-end|p1a: Slither Wing|Protosynthesis|[silent]
|switch|p1a: Magmortar|Magmortar, M, shiny|76/100|[from] U-turn
|
|upkeep
|turn|25
|
|t:|1779629245
|move|p1a: Magmortar|Thunderbolt|p2a: Oricorio
|-supereffective|p2a: Oricorio
|-damage|p2a: Oricorio|16/100
|move|p2a: Oricorio|Revelation Dance|p1a: Magmortar
|-damage|p1a: Magmortar|0 fnt
|faint|p1a: Magmortar
|
|upkeep
|
|t:|1779629248
|switch|p1a: Slither Wing|Slither Wing|30/100
|turn|26
|
|t:|1779629257
|switch|p2a: Infernape|Infernape, F|58/100
|move|p1a: Slither Wing|First Impression|p2a: Infernape
|-resisted|p2a: Infernape
|-damage|p2a: Infernape|40/100
|
|upkeep
|turn|27
|c|☆fortnieter|GG
|c|☆fortnieter|Wtf
|-message|fortnieter forfeited.
|
|win|KenjiShiguma
|raw|fortnieter's rating: 1191 &rarr; <strong>1165</strong><br />(-26 for losing)
|raw|KenjiShiguma's rating: 1173 &rarr; <strong>1199</strong><br />(+26 for winning)
|l|☆fortnieter
|player|p1|
|l|☆KenjiShiguma
|player|p2|
