|j|☆lockheed shartin
|j|☆minhoto
|t:|1779568111
|gametype|singles
|player|p1|lockheed shartin|burglar|1578
|player|p2|minhoto|170|1577
|gen|9
|tier|[Gen 9] OU
|rated|
|rule|HP Percentage Mod: HP is shown in percentages
|rule|Endless Battle Clause: Forcing endless battles is banned
|rule|Species Clause: Limit one of each Pokémon
|rule|OHKO Clause: OHKO moves are banned
|rule|Evasion Items Clause: Evasion items are banned
|rule|Evasion Moves Clause: Evasion moves are banned
|rule|Evasion Abilities Clause: Evasion abilities are banned
|rule|Sleep Moves Clause: Sleep-inducing moves are banned
|clearpoke
|poke|p1|Great Tusk|
|poke|p1|Enamorus, F|
|poke|p1|Iron Moth|
|poke|p1|Kingambit, M|
|poke|p1|Garchomp, F|
|poke|p1|Ogerpon-Wellspring, F|
|poke|p2|Blissey, F|
|poke|p2|Corviknight, M|
|poke|p2|Cinderace, F|
|poke|p2|Dondozo, M|
|poke|p2|Slowking-Galar, F|
|poke|p2|Toxapex, F|
|teampreview
|inactive|Battle timer is ON: inactive players will automatically lose when time's up. (requested by lockheed shartin)
|inactive|minhoto also wants the timer to be on.
|inactive|lockheed shartin has 120 seconds left.
|inactive|lockheed shartin has 90 seconds left.
|
|t:|1779568178
|teamsize|p1|6
|teamsize|p2|6
|start
|switch|p1a: JPEGMOTHIA|Iron Moth|100/100
|switch|p2a: Toxapex|Toxapex, F|100/100
|turn|1
|
|t:|1779568184
|-end|p1a: JPEGMOTHIA|Quark Drive|[silent]
|switch|p1a: TusksBHanginLo|Great Tusk|100/100
|move|p2a: Toxapex|Liquidation|p1a: TusksBHanginLo
|-supereffective|p1a: TusksBHanginLo
|-damage|p1a: TusksBHanginLo|73/100
|
|upkeep
|turn|2
|
|t:|1779568189
|switch|p2a: Corviknight|Corviknight, M|100/100
|-ability|p2a: Corviknight|Pressure
|move|p1a: TusksBHanginLo|Stealth Rock|p2a: Corviknight
|-sidestart|p2: minhoto|move: Stealth Rock
|
|upkeep
|turn|3
|
|t:|1779568191
|-end|p1a: TusksBHanginLo|Protosynthesis|[silent]
|switch|p1a: JPEGMOTHIA|Iron Moth|100/100
|move|p2a: Corviknight|Defog|p1a: JPEGMOTHIA
|-unboost|p1a: JPEGMOTHIA|evasion|1
|-sideend|p2: minhoto|Stealth Rock|[from] move: Defog|[of] p2a: Corviknight
|
|upkeep
|turn|4
|
|t:|1779568199
|switch|p2a: Toxapex|Toxapex, F|100/100
|move|p1a: JPEGMOTHIA|Fiery Dance|p2a: Toxapex
|-resisted|p2a: Toxapex
|-damage|p2a: Toxapex|85/100
|
|upkeep
|turn|5
|inactive|lockheed shartin has 120 seconds left.
|
|t:|1779568232
|-end|p1a: JPEGMOTHIA|Quark Drive|[silent]
|switch|p1a: Ogerpon|Ogerpon-Wellspring, F|100/100
|move|p2a: Toxapex|Liquidation|p1a: Ogerpon
|-immune|p1a: Ogerpon|[from] ability: Water Absorb
|
|upkeep
|turn|6
|
|t:|1779568238
|switch|p1a: Kingambit|Kingambit, M|100/100
|move|p2a: Toxapex|Toxic|p1a: Kingambit
|-immune|p1a: Kingambit
|
|upkeep
|turn|7
|inactive|lockheed shartin has 120 seconds left.
|
|t:|1779568272
|move|p1a: Kingambit|Kowtow Cleave|p2a: Toxapex
|-damage|p2a: Toxapex|46/100
|-damage|p1a: Kingambit|84/100|[from] item: Rocky Helmet|[of] p2a: Toxapex
|move|p2a: Toxapex|Liquidation|p1a: Kingambit
|-damage|p1a: Kingambit|67/100
|
|upkeep
|turn|8
|
|t:|1779568294
|move|p1a: Kingambit|Swords Dance|p1a: Kingambit
|-boost|p1a: Kingambit|atk|2
|move|p2a: Toxapex|Recover|p2a: Toxapex
|-heal|p2a: Toxapex|96/100
|
|upkeep
|turn|9
|
|t:|1779568305
|-end|p1a: Kingambit|fallenundefined|[silent]
|switch|p1a: Sucker4SharkMeat|Garchomp, F|100/100
|switch|p2a: Dondozo|Dondozo, M|100/100
|
|upkeep
|turn|10
|
|t:|1779568313
|switch|p1a: Ogerpon|Ogerpon-Wellspring, F|100/100
|switch|p2a: Corviknight|Corviknight, M|100/100
|-ability|p2a: Corviknight|Pressure
|
|upkeep
|turn|11
|
|t:|1779568323
|switch|p1a: JPEGMOTHIA|Iron Moth|100/100
|move|p2a: Corviknight|U-turn|p1a: JPEGMOTHIA
|-resisted|p1a: JPEGMOTHIA
|-damage|p1a: JPEGMOTHIA|96/100
|
|t:|1779568326
|switch|p2a: Toxapex|Toxapex, F|100/100|[from] U-turn
|
|upkeep
|turn|12
|
|t:|1779568332
|-end|p1a: JPEGMOTHIA|Quark Drive|[silent]
|switch|p1a: Sucker4SharkMeat|Garchomp, F|100/100
|move|p2a: Toxapex|Toxic|p1a: Sucker4SharkMeat
|-status|p1a: Sucker4SharkMeat|tox
|
|-damage|p1a: Sucker4SharkMeat|94/100 tox|[from] psn
|upkeep
|turn|13
|inactive|lockheed shartin has 120 seconds left.
|
|t:|1779568339
|switch|p1a: WeedleTwinneedle|Enamorus, F|100/100
|switch|p2a: Corviknight|Corviknight, M|100/100
|-ability|p2a: Corviknight|Pressure
|
|upkeep
|turn|14
|
|t:|1779568343
|move|p1a: WeedleTwinneedle|Substitute|p1a: WeedleTwinneedle
|-start|p1a: WeedleTwinneedle|Substitute
|-damage|p1a: WeedleTwinneedle|76/100
|move|p2a: Corviknight|U-turn|p1a: WeedleTwinneedle
|-resisted|p1a: WeedleTwinneedle
|-activate|p1a: WeedleTwinneedle|move: Substitute|[damage]
|
|t:|1779568346
|switch|p2a: Cinderace|Cinderace, F|100/100|[from] U-turn
|
|-heal|p1a: WeedleTwinneedle|82/100|[from] item: Leftovers
|upkeep
|turn|15
|
|t:|1779568351
|move|p2a: Cinderace|U-turn|p1a: WeedleTwinneedle
|-start|p2a: Cinderace|typechange|Bug|[from] ability: Libero
|-resisted|p1a: WeedleTwinneedle
|-activate|p1a: WeedleTwinneedle|move: Substitute|[damage]
|
|t:|1779568354
|switch|p2a: Toxapex|Toxapex, F|100/100|[from] U-turn
|move|p1a: WeedleTwinneedle|Superpower|p2a: Toxapex
|-resisted|p2a: Toxapex
|-damage|p2a: Toxapex|87/100
|-boost|p1a: WeedleTwinneedle|atk|1
|-boost|p1a: WeedleTwinneedle|def|1
|-damage|p1a: WeedleTwinneedle|65/100|[from] item: Rocky Helmet|[of] p2a: Toxapex
|
|-heal|p1a: WeedleTwinneedle|72/100|[from] item: Leftovers
|upkeep
|turn|16
|
|t:|1779568368
|switch|p1a: JPEGMOTHIA|Iron Moth|96/100
|move|p2a: Toxapex|Haze|p2a: Toxapex
|-clearallboost
|
|upkeep
|turn|17
|
|t:|1779568371
|move|p1a: JPEGMOTHIA|Fiery Dance|p2a: Toxapex
|-resisted|p2a: Toxapex
|-crit|p2a: Toxapex
|-damage|p2a: Toxapex|63/100
|-boost|p1a: JPEGMOTHIA|spa|1
|move|p2a: Toxapex|Toxic|p1a: JPEGMOTHIA
|-immune|p1a: JPEGMOTHIA
|
|upkeep
|turn|18
|
|t:|1779568373
|move|p1a: JPEGMOTHIA|Fiery Dance|p2a: Toxapex
|-resisted|p2a: Toxapex
|-damage|p2a: Toxapex|40/100
|move|p2a: Toxapex|Liquidation|p1a: JPEGMOTHIA
|-supereffective|p1a: JPEGMOTHIA
|-damage|p1a: JPEGMOTHIA|41/100
|
|upkeep
|turn|19
|
|t:|1779568376
|switch|p2a: Dondozo|Dondozo, M|100/100
|move|p1a: JPEGMOTHIA|Fiery Dance|p2a: Dondozo
|-resisted|p2a: Dondozo
|-damage|p2a: Dondozo|88/100
|-boost|p1a: JPEGMOTHIA|spa|1
|
|-heal|p2a: Dondozo|94/100|[from] item: Leftovers
|upkeep
|turn|20
|
|t:|1779568389
|-end|p1a: JPEGMOTHIA|Quark Drive|[silent]
|switch|p1a: Ogerpon|Ogerpon-Wellspring, F|100/100
|move|p2a: Dondozo|Liquidation|p1a: Ogerpon
|-immune|p1a: Ogerpon|[from] ability: Water Absorb
|
|-heal|p2a: Dondozo|99/100|[from] item: Leftovers
|upkeep
|turn|21
|
|t:|1779568392
|switch|p2a: Corviknight|Corviknight, M|100/100
|-ability|p2a: Corviknight|Pressure
|move|p1a: Ogerpon|Swords Dance|p1a: Ogerpon
|-boost|p1a: Ogerpon|atk|2
|
|upkeep
|turn|22
|
|t:|1779568404
|switch|p1a: Sucker4SharkMeat|Garchomp, F|94/100 tox
|move|p2a: Corviknight|U-turn|p1a: Sucker4SharkMeat
|-damage|p1a: Sucker4SharkMeat|80/100 tox
|-damage|p2a: Corviknight|88/100|[from] ability: Rough Skin|[of] p1a: Sucker4SharkMeat
|
|t:|1779568407
|switch|p2a: Toxapex|Toxapex, F|73/100|[from] U-turn
|
|-damage|p1a: Sucker4SharkMeat|74/100 tox|[from] psn
|upkeep
|turn|23
|
|t:|1779568412
|switch|p2a: Corviknight|Corviknight, M|88/100
|-ability|p2a: Corviknight|Pressure
|move|p1a: Sucker4SharkMeat|Swords Dance|p1a: Sucker4SharkMeat
|-boost|p1a: Sucker4SharkMeat|atk|2
|
|-damage|p1a: Sucker4SharkMeat|62/100 tox|[from] psn
|upkeep
|turn|24
|
|t:|1779568418
|switch|p2a: Dondozo|Dondozo, M|99/100
|move|p1a: Sucker4SharkMeat|Fire Fang|p2a: Dondozo
|-resisted|p2a: Dondozo
|-damage|p2a: Dondozo|93/100
|
|-heal|p2a: Dondozo|99/100|[from] item: Leftovers
|-damage|p1a: Sucker4SharkMeat|43/100 tox|[from] psn
|upkeep
|turn|25
|
|t:|1779568422
|move|p1a: Sucker4SharkMeat|Earthquake|p2a: Dondozo
|-damage|p2a: Dondozo|66/100
|move|p2a: Dondozo|Curse|p2a: Dondozo
|-unboost|p2a: Dondozo|spe|1
|-boost|p2a: Dondozo|atk|1
|-boost|p2a: Dondozo|def|1
|
|-heal|p2a: Dondozo|73/100|[from] item: Leftovers
|-damage|p1a: Sucker4SharkMeat|19/100 tox|[from] psn
|upkeep
|turn|26
|
|t:|1779568427
|move|p1a: Sucker4SharkMeat|Earthquake|p2a: Dondozo
|-damage|p2a: Dondozo|54/100
|move|p2a: Dondozo|Rest|p2a: Dondozo
|-status|p2a: Dondozo|slp|[from] move: Rest
|-heal|p2a: Dondozo|100/100 slp|[silent]
|
|-damage|p1a: Sucker4SharkMeat|0 fnt|[from] psn
|faint|p1a: Sucker4SharkMeat
|upkeep
|
|t:|1779568429
|switch|p1a: Ogerpon|Ogerpon-Wellspring, F|100/100
|turn|27
|
|t:|1779568433
|switch|p2a: Toxapex|Toxapex, F|100/100
|move|p1a: Ogerpon|Swords Dance|p1a: Ogerpon
|-boost|p1a: Ogerpon|atk|2
|
|upkeep
|turn|28
|
|t:|1779568442
|switch|p1a: JPEGMOTHIA|Iron Moth|41/100
|move|p2a: Toxapex|Toxic|p1a: JPEGMOTHIA
|-immune|p1a: JPEGMOTHIA
|
|upkeep
|turn|29
|
|t:|1779568448
|move|p1a: JPEGMOTHIA|Morning Sun|p1a: JPEGMOTHIA
|-heal|p1a: JPEGMOTHIA|91/100
|move|p2a: Toxapex|Liquidation|p1a: JPEGMOTHIA
|-supereffective|p1a: JPEGMOTHIA
|-damage|p1a: JPEGMOTHIA|29/100
|
|upkeep
|turn|30
|
|t:|1779568452
|move|p1a: JPEGMOTHIA|Fiery Dance|p2a: Toxapex
|-resisted|p2a: Toxapex
|-damage|p2a: Toxapex|85/100
|-boost|p1a: JPEGMOTHIA|spa|1
|move|p2a: Toxapex|Liquidation|p1a: JPEGMOTHIA
|-supereffective|p1a: JPEGMOTHIA
|-damage|p1a: JPEGMOTHIA|0 fnt
|faint|p1a: JPEGMOTHIA
|-end|p1a: JPEGMOTHIA|Quark Drive|[silent]
|
|upkeep
|
|t:|1779568465
|switch|p1a: Kingambit|Kingambit, M|67/100
|-activate|p1a: Kingambit|ability: Supreme Overlord
|-start|p1a: Kingambit|fallen2|[silent]
|turn|31
|
|t:|1779568470
|move|p1a: Kingambit|Swords Dance|p1a: Kingambit
|-boost|p1a: Kingambit|atk|2
|move|p2a: Toxapex|Liquidation|p1a: Kingambit
|-damage|p1a: Kingambit|49/100
|
|upkeep
|turn|32
|
|t:|1779568485
|switch|p2a: Corviknight|Corviknight, M|88/100
|-ability|p2a: Corviknight|Pressure
|move|p1a: Kingambit|Kowtow Cleave|p2a: Corviknight
|-damage|p2a: Corviknight|0 fnt
|-damage|p1a: Kingambit|32/100|[from] item: Rocky Helmet|[of] p2a: Corviknight
|faint|p2a: Corviknight
|
|upkeep
|
|t:|1779568488
|switch|p2a: Dondozo|Dondozo, M|100/100 slp
|turn|33
|
|t:|1779568501
|move|p1a: Kingambit|Kowtow Cleave|p2a: Dondozo
|-damage|p2a: Dondozo|63/100 slp
|cant|p2a: Dondozo|slp
|move|p2a: Dondozo|Sleep Talk|p2a: Dondozo
|move|p2a: Dondozo|Curse|p2a: Dondozo|[from] move: Sleep Talk
|-unboost|p2a: Dondozo|spe|1
|-boost|p2a: Dondozo|atk|1
|-boost|p2a: Dondozo|def|1
|
|-heal|p2a: Dondozo|69/100 slp|[from] item: Leftovers
|upkeep
|turn|34
|
|t:|1779568526
|-end|p1a: Kingambit|fallen2|[silent]
|switch|p1a: Ogerpon|Ogerpon-Wellspring, F|100/100
|cant|p2a: Dondozo|slp
|move|p2a: Dondozo|Sleep Talk|p2a: Dondozo
|move|p2a: Dondozo|Rest||[from] move: Sleep Talk|[still]
|-fail|p2a: Dondozo
|
|-heal|p2a: Dondozo|75/100 slp|[from] item: Leftovers
|upkeep
|turn|35
|
|t:|1779568533
|switch|p2a: Toxapex|Toxapex, F|100/100
|move|p1a: Ogerpon|Swords Dance|p1a: Ogerpon
|-boost|p1a: Ogerpon|atk|2
|
|upkeep
|turn|36
|
|t:|1779568537
|move|p1a: Ogerpon|Power Whip|p2a: Toxapex
|-crit|p2a: Toxapex
|-damage|p2a: Toxapex|0 fnt
|-damage|p1a: Ogerpon|84/100|[from] item: Rocky Helmet|[of] p2a: Toxapex
|faint|p2a: Toxapex
|
|upkeep
|c|☆minhoto|Lol
|
|t:|1779568547
|switch|p2a: Cinderace|Cinderace, F|100/100
|turn|37
|
|t:|1779568567
|switch|p1a: WeedleTwinneedle|Enamorus, F|72/100
|move|p2a: Cinderace|U-turn|p1a: WeedleTwinneedle
|-start|p2a: Cinderace|typechange|Bug|[from] ability: Libero
|-resisted|p1a: WeedleTwinneedle
|-damage|p1a: WeedleTwinneedle|58/100
|
|t:|1779568571
|switch|p2a: Slowking|Slowking-Galar, F|100/100|[from] U-turn
|
|-heal|p1a: WeedleTwinneedle|64/100|[from] item: Leftovers
|upkeep
|turn|38
|
|t:|1779568576
|move|p1a: WeedleTwinneedle|Substitute|p1a: WeedleTwinneedle
|-start|p1a: WeedleTwinneedle|Substitute
|-damage|p1a: WeedleTwinneedle|39/100
|-prepare|p2a: Slowking|Chilly Reception|[premajor]
|move|p2a: Slowking|Chilly Reception|p2a: Slowking
|-weather|Snowscape
|
|t:|1779568580
|switch|p2a: Cinderace|Cinderace, F|100/100|[from] Chilly Reception
|
|-weather|Snowscape|[upkeep]
|-heal|p1a: WeedleTwinneedle|46/100|[from] item: Leftovers
|upkeep
|turn|39
|
|t:|1779568582
|move|p2a: Cinderace|U-turn|p1a: WeedleTwinneedle
|-start|p2a: Cinderace|typechange|Bug|[from] ability: Libero
|-resisted|p1a: WeedleTwinneedle
|-activate|p1a: WeedleTwinneedle|move: Substitute|[damage]
|
|t:|1779568585
|switch|p2a: Slowking|Slowking-Galar, F|100/100|[from] U-turn
|move|p1a: WeedleTwinneedle|Superpower|p2a: Slowking
|-resisted|p2a: Slowking
|-damage|p2a: Slowking|93/100
|-boost|p1a: WeedleTwinneedle|atk|1
|-boost|p1a: WeedleTwinneedle|def|1
|
|-weather|Snowscape|[upkeep]
|-heal|p1a: WeedleTwinneedle|52/100|[from] item: Leftovers
|-heal|p2a: Slowking|99/100|[from] item: Black Sludge
|upkeep
|turn|40
|
|t:|1779568594
|move|p1a: WeedleTwinneedle|Iron Head|p2a: Slowking
|-damage|p2a: Slowking|68/100
|move|p2a: Slowking|Future Sight|p1a: WeedleTwinneedle
|-start|p2a: Slowking|move: Future Sight
|
|-weather|Snowscape|[upkeep]
|-heal|p1a: WeedleTwinneedle|58/100|[from] item: Leftovers
|-heal|p2a: Slowking|74/100|[from] item: Black Sludge
|upkeep
|turn|41
|
|t:|1779568599
|move|p1a: WeedleTwinneedle|Iron Head|p2a: Slowking
|-damage|p2a: Slowking|41/100
|-prepare|p2a: Slowking|Chilly Reception|[premajor]
|move|p2a: Slowking|Chilly Reception|p2a: Slowking
|
|t:|1779568605
|switch|p2a: Cinderace|Cinderace, F|100/100|[from] Chilly Reception
|
|-weather|Snowscape|[upkeep]
|-heal|p1a: WeedleTwinneedle|64/100|[from] item: Leftovers
|upkeep
|turn|42
|
|t:|1779568608
|move|p2a: Cinderace|U-turn|p1a: WeedleTwinneedle
|-start|p2a: Cinderace|typechange|Bug|[from] ability: Libero
|-resisted|p1a: WeedleTwinneedle
|-activate|p1a: WeedleTwinneedle|move: Substitute|[damage]
|
|t:|1779568612
|switch|p2a: Slowking|Slowking-Galar, F|74/100|[from] U-turn
|move|p1a: WeedleTwinneedle|Superpower|p2a: Slowking
|-resisted|p2a: Slowking
|-damage|p2a: Slowking|62/100
|-boost|p1a: WeedleTwinneedle|atk|1
|-boost|p1a: WeedleTwinneedle|def|1
|
|-weather|none
|-end|p1a: WeedleTwinneedle|move: Future Sight
|-end|p1a: WeedleTwinneedle|Substitute
|-heal|p1a: WeedleTwinneedle|70/100|[from] item: Leftovers
|-heal|p2a: Slowking|68/100|[from] item: Black Sludge
|upkeep
|turn|43
|
|t:|1779568618
|move|p1a: WeedleTwinneedle|Substitute|p1a: WeedleTwinneedle
|-start|p1a: WeedleTwinneedle|Substitute
|-damage|p1a: WeedleTwinneedle|46/100
|move|p2a: Slowking|Future Sight|p1a: WeedleTwinneedle
|-start|p2a: Slowking|move: Future Sight
|
|-heal|p1a: WeedleTwinneedle|52/100|[from] item: Leftovers
|-heal|p2a: Slowking|74/100|[from] item: Black Sludge
|upkeep
|turn|44
|
|t:|1779568623
|move|p1a: WeedleTwinneedle|Superpower|p2a: Slowking
|-resisted|p2a: Slowking
|-damage|p2a: Slowking|59/100
|-boost|p1a: WeedleTwinneedle|atk|1
|-boost|p1a: WeedleTwinneedle|def|1
|-prepare|p2a: Slowking|Chilly Reception|[premajor]
|move|p2a: Slowking|Chilly Reception|p2a: Slowking
|-weather|Snowscape
|
|t:|1779568628
|switch|p2a: Dondozo|Dondozo, M|75/100 slp|[from] Chilly Reception
|
|-weather|Snowscape|[upkeep]
|-heal|p1a: WeedleTwinneedle|58/100|[from] item: Leftovers
|-heal|p2a: Dondozo|82/100 slp|[from] item: Leftovers
|upkeep
|turn|45
|
|t:|1779568633
|move|p1a: WeedleTwinneedle|Play Rough|p2a: Dondozo
|-damage|p2a: Dondozo|59/100 slp
|-curestatus|p2a: Dondozo|slp|[msg]
|move|p2a: Dondozo|Liquidation|p1a: WeedleTwinneedle
|-end|p1a: WeedleTwinneedle|Substitute
|
|-weather|Snowscape|[upkeep]
|-end|p1a: WeedleTwinneedle|move: Future Sight
|-damage|p1a: WeedleTwinneedle|0 fnt
|faint|p1a: WeedleTwinneedle
|-heal|p2a: Dondozo|65/100|[from] item: Leftovers
|upkeep
|
|t:|1779568637
|switch|p1a: Ogerpon|Ogerpon-Wellspring, F|84/100
|turn|46
|
|t:|1779568646
|switch|p2a: Slowking|Slowking-Galar, F|93/100
|move|p1a: Ogerpon|Ivy Cudgel|p2a: Slowking|[anim] Ivy Cudgel Water
|-damage|p2a: Slowking|46/100
|
|-weather|Snowscape|[upkeep]
|-heal|p2a: Slowking|52/100|[from] item: Black Sludge
|upkeep
|turn|47
|
|t:|1779568664
|switch|p1a: Kingambit|Kingambit, M|32/100
|-activate|p1a: Kingambit|ability: Supreme Overlord
|-start|p1a: Kingambit|fallen3|[silent]
|-prepare|p2a: Slowking|Chilly Reception|[premajor]
|move|p2a: Slowking|Chilly Reception|p2a: Slowking
|
|t:|1779568667
|switch|p2a: Cinderace|Cinderace, F|100/100|[from] Chilly Reception
|
|-weather|Snowscape|[upkeep]
|upkeep
|turn|48
|
|t:|1779568672
|move|p1a: Kingambit|Sucker Punch|p2a: Cinderace
|-damage|p2a: Cinderace|5/100
|move|p2a: Cinderace|Pyro Ball|p1a: Kingambit
|-supereffective|p1a: Kingambit
|-damage|p1a: Kingambit|0 fnt
|faint|p1a: Kingambit
|-end|p1a: Kingambit|fallen3|[silent]
|
|-weather|none
|upkeep
|
|t:|1779568684
|switch|p1a: TusksBHanginLo|Great Tusk|73/100
|turn|49
|
|t:|1779568687
|move|p2a: Cinderace|U-turn|p1a: TusksBHanginLo
|-start|p2a: Cinderace|typechange|Bug|[from] ability: Libero
|-resisted|p1a: TusksBHanginLo
|-damage|p1a: TusksBHanginLo|62/100
|
|t:|1779568691
|switch|p2a: Blissey|Blissey, F|100/100|[from] U-turn
|move|p1a: TusksBHanginLo|Stealth Rock|p2a: Blissey
|-sidestart|p2: minhoto|move: Stealth Rock
|
|upkeep
|turn|50
|
|t:|1779568697
|move|p1a: TusksBHanginLo|Headlong Rush|p2a: Blissey
|-damage|p2a: Blissey|0 fnt
|-unboost|p1a: TusksBHanginLo|def|1
|-unboost|p1a: TusksBHanginLo|spd|1
|faint|p2a: Blissey
|
|upkeep
|
|t:|1779568711
|switch|p2a: Cinderace|Cinderace, F|5/100
|turn|51
|
|t:|1779568717
|-terastallize|p2a: Cinderace|Fire
|move|p2a: Cinderace|Pyro Ball|p1a: TusksBHanginLo
|-damage|p1a: TusksBHanginLo|0 fnt
|faint|p1a: TusksBHanginLo
|-end|p1a: TusksBHanginLo|Protosynthesis|[silent]
|
|upkeep
|
|t:|1779568718
|switch|p1a: Ogerpon|Ogerpon-Wellspring, F|84/100
|turn|52
|
|t:|1779568722
|-terastallize|p1a: Ogerpon|Water
|detailschange|p1a: Ogerpon|Ogerpon-Wellspring-Tera, F, tera:Water
|-ability|p1a: Ogerpon|Embody Aspect (Wellspring)|boost
|-boost|p1a: Ogerpon|spd|1
|move|p2a: Cinderace|U-turn|p1a: Ogerpon
|-damage|p1a: Ogerpon|54/100
|
|t:|1779568728
|switch|p2a: Slowking|Slowking-Galar, F|86/100|[from] U-turn
|-damage|p2a: Slowking|73/100|[from] Stealth Rock
|move|p1a: Ogerpon|Ivy Cudgel|p2a: Slowking|[anim] Ivy Cudgel Water
|-damage|p2a: Slowking|4/100
|
|-heal|p2a: Slowking|10/100|[from] item: Black Sludge
|upkeep
|turn|53
|
|t:|1779568732
|move|p1a: Ogerpon|Ivy Cudgel|p2a: Slowking|[anim] Ivy Cudgel Water
|-damage|p2a: Slowking|0 fnt
|faint|p2a: Slowking
|
|upkeep
|
|t:|1779568734
|switch|p2a: Dondozo|Dondozo, M|65/100
|-damage|p2a: Dondozo|53/100|[from] Stealth Rock
|turn|54
|
|t:|1779568737
|move|p1a: Ogerpon|Power Whip|p2a: Dondozo
|-supereffective|p2a: Dondozo
|-damage|p2a: Dondozo|0 fnt
|faint|p2a: Dondozo
|
|upkeep
|
|t:|1779568740
|switch|p2a: Cinderace|Cinderace, F, tera:Fire|5/100
|turn|55
|
|t:|1779568742
|move|p2a: Cinderace|Double-Edge|p1a: Ogerpon
|-damage|p1a: Ogerpon|1/100
|-damage|p2a: Cinderace|0 fnt|[from] Recoil
|faint|p2a: Cinderace
|
|win|lockheed shartin
|raw|lockheed shartin's rating: 1578 &rarr; <strong>1598</strong><br />(+20 for winning)
|raw|minhoto's rating: 1577 &rarr; <strong>1557</strong><br />(-20 for losing)
|l|☆minhoto
|player|p2|
