|j|☆jewking
|j|☆blah0blah1blah2
|t:|1779560422
|gametype|singles
|player|p1|jewking|2|1404
|player|p2|blah0blah1blah2|1|1435
|gen|9
|tier|[Gen 9] OU
|rated|
|rule|HP Percentage Mod: HP is shown in percentages
|rule|Endless Battle Clause: Forcing endless battles is banned
|rule|Species Clause: Limit one of each Pokémon
|rule|OHKO Clause: OHKO moves are banned
|rule|Evasion Items Clause: Evasion items are banned
|rule|Evasion Moves Clause: Evasion moves are banned
|rule|Evasion Abilities Clause: Evasion abilities are banned
|rule|Sleep Moves Clause: Sleep-inducing moves are banned
|clearpoke
|poke|p1|Ribombee, M|
|poke|p1|Blaziken, M|
|poke|p1|Hydreigon, F|
|poke|p1|Haxorus, F|
|poke|p1|Samurott-Hisui, F|
|poke|p1|Azelf|
|poke|p2|Azelf|
|poke|p2|Regidrago|
|poke|p2|Regieleki|
|poke|p2|Primarina, F|
|poke|p2|Iron Treads|
|poke|p2|Dragonite, M|
|teampreview
|inactive|Battle timer is ON: inactive players will automatically lose when time's up. (requested by blah0blah1blah2)
|
|t:|1779560435
|teamsize|p1|6
|teamsize|p2|6
|start
|switch|p1a: Azelf|Azelf|100/100
|switch|p2a: Regieleki|Regieleki|100/100
|turn|1
|
|t:|1779560448
|move|p2a: Regieleki|Volt Switch|p1a: Azelf
|-damage|p1a: Azelf|17/100
|-damage|p2a: Regieleki|91/100|[from] item: Life Orb
|
|t:|1779560453
|switch|p2a: Iron Treads|Iron Treads|100/100|[from] Volt Switch
|move|p1a: Azelf|Explosion|p2a: Iron Treads
|-resisted|p2a: Iron Treads
|-damage|p2a: Iron Treads|70/100
|faint|p1a: Azelf
|
|upkeep
|
|t:|1779560461
|switch|p1a: Samurott|Samurott-Hisui, F|100/100
|turn|2
|
|t:|1779560478
|-end|p2a: Iron Treads|Quark Drive|[silent]
|switch|p2a: Primarina|Primarina, F|100/100
|move|p1a: Samurott|Ceaseless Edge|p2a: Primarina
|-resisted|p2a: Primarina
|-damage|p2a: Primarina|72/100
|-sidestart|p2: blah0blah1blah2|Spikes
|
|upkeep
|turn|3
|
|t:|1779560486
|move|p1a: Samurott|Ceaseless Edge|p2a: Primarina
|-resisted|p2a: Primarina
|-damage|p2a: Primarina|46/100
|-sidestart|p2: blah0blah1blah2|Spikes
|move|p2a: Primarina|Moonblast|p1a: Samurott
|-supereffective|p1a: Samurott
|-enditem|p1a: Samurott|Focus Sash
|-damage|p1a: Samurott|1/100
|
|upkeep
|turn|4
|
|t:|1779560495
|move|p1a: Samurott|Ceaseless Edge|p2a: Primarina
|-resisted|p2a: Primarina
|-damage|p2a: Primarina|21/100
|-sidestart|p2: blah0blah1blah2|Spikes
|move|p2a: Primarina|Flip Turn|p1a: Samurott
|-resisted|p1a: Samurott
|-damage|p1a: Samurott|0 fnt
|faint|p1a: Samurott
|
|t:|1779560501
|switch|p2a: Iron Treads|Iron Treads|70/100|[from] Flip Turn
|-damage|p2a: Iron Treads|45/100|[from] Spikes
|
|upkeep
|
|t:|1779560516
|switch|p1a: Blaziken|Blaziken, M|100/100
|turn|5
|
|t:|1779560524
|move|p2a: Iron Treads|Stealth Rock|p1a: Blaziken
|-sidestart|p1: jewking|move: Stealth Rock
|move|p1a: Blaziken|Overheat|p2a: Iron Treads
|-supereffective|p2a: Iron Treads
|-damage|p2a: Iron Treads|0 fnt
|-unboost|p1a: Blaziken|spa|2
|faint|p2a: Iron Treads
|-end|p2a: Iron Treads|Quark Drive|[silent]
|
|-ability|p1a: Blaziken|Speed Boost|boost
|-boost|p1a: Blaziken|spe|1
|upkeep
|
|t:|1779560537
|switch|p2a: Dragonite|Dragonite, M|100/100
|turn|6
|
|t:|1779560545
|move|p1a: Blaziken|Focus Energy|p1a: Blaziken
|-start|p1a: Blaziken|move: Focus Energy
|move|p2a: Dragonite|Dragon Dance|p2a: Dragonite
|-boost|p2a: Dragonite|atk|1
|-boost|p2a: Dragonite|spe|1
|
|-ability|p1a: Blaziken|Speed Boost|boost
|-boost|p1a: Blaziken|spe|1
|upkeep
|turn|7
|
|t:|1779560572
|-terastallize|p1a: Blaziken|Fire
|move|p1a: Blaziken|Overheat|p2a: Dragonite
|-resisted|p2a: Dragonite
|-crit|p2a: Dragonite
|-damage|p2a: Dragonite|64/100
|-unboost|p1a: Blaziken|spa|2
|move|p2a: Dragonite|Dragon Dance|p2a: Dragonite
|-boost|p2a: Dragonite|atk|1
|-boost|p2a: Dragonite|spe|1
|
|-ability|p1a: Blaziken|Speed Boost|boost
|-boost|p1a: Blaziken|spe|1
|upkeep
|turn|8
|
|t:|1779560586
|-terastallize|p2a: Dragonite|Normal
|move|p2a: Dragonite|Extreme Speed|p1a: Blaziken
|-damage|p1a: Blaziken|0 fnt
|faint|p1a: Blaziken
|
|upkeep
|
|t:|1779560594
|switch|p1a: Ribombee|Ribombee, M|100/100
|-damage|p1a: Ribombee|76/100|[from] Stealth Rock
|turn|9
|
|t:|1779560598
|move|p2a: Dragonite|Extreme Speed|p1a: Ribombee
|-damage|p1a: Ribombee|0 fnt
|faint|p1a: Ribombee
|
|upkeep
|-message|jewking forfeited.
|
|win|blah0blah1blah2
|raw|jewking's rating: 1404 &rarr; <strong>1386</strong><br />(-18 for losing)
|raw|blah0blah1blah2's rating: 1435 &rarr; <strong>1453</strong><br />(+18 for winning)
|l|☆jewking
|player|p1|
|l|☆blah0blah1blah2
|player|p2|
