|j|☆4axes
|j|☆rblt ryo
|t:|1779613433
|gametype|singles
|player|p1|4axes|workerice|1572
|player|p2|rblt ryo|grimsley-gen7|1513
|gen|9
|tier|[Gen 9] OU
|rated|
|rule|HP Percentage Mod: HP is shown in percentages
|rule|Endless Battle Clause: Forcing endless battles is banned
|rule|Species Clause: Limit one of each Pokémon
|rule|OHKO Clause: OHKO moves are banned
|rule|Evasion Items Clause: Evasion items are banned
|rule|Evasion Moves Clause: Evasion moves are banned
|rule|Evasion Abilities Clause: Evasion abilities are banned
|rule|Sleep Moves Clause: Sleep-inducing moves are banned
|clearpoke
|poke|p1|Hatterene, F|
|poke|p1|Rillaboom, M|
|poke|p1|Iron Treads|
|poke|p1|Hydrapple, F|
|poke|p1|Zamazenta-*|
|poke|p1|Suicune|
|poke|p2|Slowking-Galar, M|
|poke|p2|Keldeo-Resolute|
|poke|p2|Ting-Lu|
|poke|p2|Cinderace, F|
|poke|p2|Hydrapple, M|
|poke|p2|Weezing-Galar, F|
|teampreview
|
|t:|1779613450
|teamsize|p1|6
|teamsize|p2|6
|start
|switch|p1a: Rillaboom|Rillaboom, M|100/100
|switch|p2a: Hydrapple|Hydrapple, M|100/100
|-fieldstart|move: Grassy Terrain|[from] ability: Grassy Surge|[of] p1a: Rillaboom
|turn|1
|
|t:|1779613459
|-terastallize|p2a: Hydrapple|Poison
|move|p1a: Rillaboom|U-turn|p2a: Hydrapple
|-resisted|p2a: Hydrapple
|-damage|p2a: Hydrapple|86/100
|
|t:|1779613471
|switch|p1a: Hydrapple|Hydrapple, F|100/100|[from] U-turn
|move|p2a: Hydrapple|Giga Drain|p1a: Hydrapple
|-resisted|p1a: Hydrapple
|-damage|p1a: Hydrapple|87/100
|-heal|p2a: Hydrapple|93/100|[from] drain|[of] p1a: Hydrapple
|
|-heal|p2a: Hydrapple|99/100|[from] Grassy Terrain
|-heal|p1a: Hydrapple|93/100|[from] Grassy Terrain
|upkeep
|turn|2
|j| Concept Everything
|
|t:|1779613479
|move|p1a: Hydrapple|Earth Power|p2a: Hydrapple
|-supereffective|p2a: Hydrapple
|-damage|p2a: Hydrapple|47/100
|move|p2a: Hydrapple|Fickle Beam|p1a: Hydrapple
|-supereffective|p1a: Hydrapple
|-damage|p1a: Hydrapple|8/100
|
|-heal|p1a: Hydrapple|14/100|[from] Grassy Terrain
|-heal|p2a: Hydrapple|53/100|[from] Grassy Terrain
|upkeep
|turn|3
|
|t:|1779613488
|switch|p2a: Slowking|Slowking-Galar, M|100/100
|move|p1a: Hydrapple|Earth Power|p2a: Slowking
|-supereffective|p2a: Slowking
|-damage|p2a: Slowking|62/100
|
|-heal|p1a: Hydrapple|20/100|[from] Grassy Terrain
|-heal|p2a: Slowking|68/100|[from] Grassy Terrain
|upkeep
|turn|4
|
|t:|1779613499
|switch|p1a: Iron Treads|Iron Treads|100/100
|move|p2a: Slowking|Flamethrower|p1a: Iron Treads
|-supereffective|p1a: Iron Treads
|-damage|p1a: Iron Treads|28/100
|
|-heal|p1a: Iron Treads|34/100|[from] Grassy Terrain
|-heal|p1a: Iron Treads|41/100|[from] item: Leftovers
|-heal|p2a: Slowking|74/100|[from] Grassy Terrain
|upkeep
|turn|5
|
|t:|1779613505
|switch|p2a: Weezing|Weezing-Galar, F|100/100
|move|p1a: Iron Treads|Stealth Rock|p2a: Weezing
|-sidestart|p2: rblt ryo|move: Stealth Rock
|
|-heal|p1a: Iron Treads|47/100|[from] Grassy Terrain
|-heal|p1a: Iron Treads|53/100|[from] item: Leftovers
|-fieldend|move: Grassy Terrain
|upkeep
|turn|6
|
|t:|1779613520
|-end|p1a: Iron Treads|Quark Drive|[silent]
|switch|p1a: Suicune|Suicune|100/100
|-ability|p1a: Suicune|Pressure
|move|p2a: Weezing|Defog|p1a: Suicune
|-unboost|p1a: Suicune|evasion|1
|-sideend|p2: rblt ryo|Stealth Rock|[from] move: Defog|[of] p2a: Weezing
|
|upkeep
|turn|7
|
|t:|1779613536
|switch|p2a: Keldeo|Keldeo-Resolute|100/100
|move|p1a: Suicune|Substitute|p1a: Suicune
|-start|p1a: Suicune|Substitute
|-damage|p1a: Suicune|75/100
|
|-heal|p1a: Suicune|82/100|[from] item: Leftovers
|upkeep
|turn|8
|
|t:|1779613542
|move|p1a: Suicune|Protect|p1a: Suicune
|-singleturn|p1a: Suicune|Protect
|move|p2a: Keldeo|Secret Sword|p1a: Suicune
|-activate|p1a: Suicune|move: Protect
|
|-heal|p1a: Suicune|88/100|[from] item: Leftovers
|upkeep
|turn|9
|
|t:|1779613547
|move|p2a: Keldeo|Secret Sword|p1a: Suicune
|-crit|p1a: Suicune
|-end|p1a: Suicune|Substitute
|move|p1a: Suicune|Scald|p2a: Keldeo
|-resisted|p2a: Keldeo
|-damage|p2a: Keldeo|87/100
|
|-heal|p1a: Suicune|94/100|[from] item: Leftovers
|upkeep
|turn|10
|
|t:|1779613557
|switch|p1a: Hydrapple|Hydrapple, F|54/100
|move|p2a: Keldeo|Secret Sword|p1a: Hydrapple
|-crit|p1a: Hydrapple
|-damage|p1a: Hydrapple|2/100
|
|upkeep
|turn|11
|
|t:|1779613564
|switch|p1a: Hatterene|Hatterene, F|100/100
|move|p2a: Keldeo|Secret Sword|p1a: Hatterene
|-resisted|p1a: Hatterene
|-damage|p1a: Hatterene|87/100
|
|-heal|p1a: Hatterene|93/100|[from] item: Leftovers
|upkeep
|turn|12
|
|t:|1779613572
|switch|p2a: Slowking|Slowking-Galar, M|100/100
|switch|p1a: Hydrapple|Hydrapple, F|35/100
|
|upkeep
|turn|13
|
|t:|1779613578
|switch|p1a: Suicune|Suicune|94/100
|-ability|p1a: Suicune|Pressure
|move|p2a: Slowking|Ice Beam|p1a: Suicune
|-resisted|p1a: Suicune
|-damage|p1a: Suicune|87/100
|
|-heal|p1a: Suicune|94/100|[from] item: Leftovers
|upkeep
|turn|14
|
|t:|1779613590
|move|p1a: Suicune|Scald|p2a: Slowking
|-damage|p2a: Slowking|87/100
|move|p2a: Slowking|Sludge Bomb|p1a: Suicune
|-damage|p1a: Suicune|71/100
|
|-heal|p1a: Suicune|77/100|[from] item: Leftovers
|upkeep
|turn|15
|
|t:|1779613599
|move|p1a: Suicune|Substitute|p1a: Suicune
|-start|p1a: Suicune|Substitute
|-damage|p1a: Suicune|52/100
|move|p2a: Slowking|Sludge Bomb|p1a: Suicune
|-activate|p1a: Suicune|move: Substitute|[damage]
|
|-heal|p1a: Suicune|59/100|[from] item: Leftovers
|upkeep
|turn|16
|
|t:|1779613605
|move|p1a: Suicune|Protect|p1a: Suicune
|-singleturn|p1a: Suicune|Protect
|move|p2a: Slowking|Psyshock|p1a: Suicune
|-activate|p1a: Suicune|move: Protect
|
|-heal|p1a: Suicune|65/100|[from] item: Leftovers
|upkeep
|turn|17
|
|t:|1779613620
|move|p1a: Suicune|Scald|p2a: Slowking
|-damage|p2a: Slowking|74/100
|-status|p2a: Slowking|brn
|move|p2a: Slowking|Psyshock|p1a: Suicune
|-end|p1a: Suicune|Substitute
|
|-heal|p1a: Suicune|71/100|[from] item: Leftovers
|-damage|p2a: Slowking|68/100 brn|[from] brn
|upkeep
|turn|18
|
|t:|1779613628
|switch|p2a: Hydrapple|Hydrapple, M, tera:Poison|86/100
|move|p1a: Suicune|Protect||[still]
|-fail|p1a: Suicune
|
|-heal|p1a: Suicune|77/100|[from] item: Leftovers
|upkeep
|turn|19
|
|t:|1779613639
|switch|p1a: Hatterene|Hatterene, F|93/100
|move|p2a: Hydrapple|Giga Drain|p1a: Hatterene
|-damage|p1a: Hatterene|51/100
|-heal|p2a: Hydrapple|100/100|[from] drain|[of] p1a: Hatterene
|
|-heal|p1a: Hatterene|57/100|[from] item: Leftovers
|upkeep
|turn|20
|
|t:|1779613645
|move|p2a: Hydrapple|Giga Drain|p1a: Hatterene
|-damage|p1a: Hatterene|13/100
|move|p1a: Hatterene|Psychic Noise|p2a: Hydrapple
|-supereffective|p2a: Hydrapple
|-damage|p2a: Hydrapple|57/100
|-start|p2a: Hydrapple|move: Heal Block
|
|-heal|p1a: Hatterene|19/100|[from] item: Leftovers
|upkeep
|turn|21
|
|t:|1779613651
|switch|p1a: Hydrapple|Hydrapple, F|68/100
|move|p2a: Hydrapple|Earth Power|p1a: Hydrapple
|-resisted|p1a: Hydrapple
|-damage|p1a: Hydrapple|53/100
|
|-end|p2a: Hydrapple|move: Heal Block
|upkeep
|turn|22
|
|t:|1779613664
|switch|p1a: Iron Treads|Iron Treads|53/100
|move|p2a: Hydrapple|Fickle Beam|p1a: Iron Treads
|-resisted|p1a: Iron Treads
|-damage|p1a: Iron Treads|20/100
|
|-heal|p1a: Iron Treads|26/100|[from] item: Leftovers
|upkeep
|turn|23
|
|t:|1779613670
|move|p1a: Iron Treads|Stealth Rock|p2a: Hydrapple
|-sidestart|p2: rblt ryo|move: Stealth Rock
|move|p2a: Hydrapple|Giga Drain|p1a: Iron Treads
|-damage|p1a: Iron Treads|0 fnt
|-heal|p2a: Hydrapple|67/100|[from] drain|[of] p1a: Iron Treads
|faint|p1a: Iron Treads
|-end|p1a: Iron Treads|Quark Drive|[silent]
|
|upkeep
|
|t:|1779613681
|switch|p1a: Hydrapple|Hydrapple, F|86/100
|turn|24
|
|t:|1779613698
|move|p1a: Hydrapple|Earth Power|p2a: Hydrapple
|-supereffective|p2a: Hydrapple
|-damage|p2a: Hydrapple|14/100
|move|p2a: Hydrapple|Draco Meteor|p1a: Hydrapple|[miss]
|-miss|p2a: Hydrapple|p1a: Hydrapple
|
|upkeep
|turn|25
|
|t:|1779613716
|switch|p2a: Slowking|Slowking-Galar, M|100/100 brn
|-damage|p2a: Slowking|88/100 brn|[from] Stealth Rock
|switch|p1a: Suicune|Suicune|77/100
|-ability|p1a: Suicune|Pressure
|
|-heal|p1a: Suicune|83/100|[from] item: Leftovers
|-damage|p2a: Slowking|82/100 brn|[from] brn
|upkeep
|turn|26
|
|t:|1779613732
|switch|p2a: Hydrapple|Hydrapple, M, tera:Poison|47/100
|-damage|p2a: Hydrapple|35/100|[from] Stealth Rock
|move|p1a: Suicune|Substitute|p1a: Suicune
|-start|p1a: Suicune|Substitute
|-damage|p1a: Suicune|58/100
|
|-heal|p1a: Suicune|65/100|[from] item: Leftovers
|upkeep
|turn|27
|
|t:|1779613754
|move|p1a: Suicune|Calm Mind|p1a: Suicune
|-boost|p1a: Suicune|spa|1
|-boost|p1a: Suicune|spd|1
|move|p2a: Hydrapple|Giga Drain|p1a: Suicune
|-supereffective|p1a: Suicune
|-end|p1a: Suicune|Substitute
|-heal|p2a: Hydrapple|48/100|[from] drain|[of] p1a: Suicune
|
|-heal|p1a: Suicune|71/100|[from] item: Leftovers
|upkeep
|turn|28
|
|t:|1779613762
|switch|p2a: Keldeo|Keldeo-Resolute|87/100
|-damage|p2a: Keldeo|81/100|[from] Stealth Rock
|move|p1a: Suicune|Substitute|p1a: Suicune
|-start|p1a: Suicune|Substitute
|-damage|p1a: Suicune|46/100
|
|-heal|p1a: Suicune|52/100|[from] item: Leftovers
|upkeep
|turn|29
|
|t:|1779613767
|move|p1a: Suicune|Protect|p1a: Suicune
|-singleturn|p1a: Suicune|Protect
|move|p2a: Keldeo|Secret Sword|p1a: Suicune
|-activate|p1a: Suicune|move: Protect
|
|-heal|p1a: Suicune|58/100|[from] item: Leftovers
|upkeep
|turn|30
|
|t:|1779613774
|move|p2a: Keldeo|Secret Sword|p1a: Suicune
|-end|p1a: Suicune|Substitute
|move|p1a: Suicune|Scald|p2a: Keldeo
|-resisted|p2a: Keldeo
|-damage|p2a: Keldeo|58/100
|
|-heal|p1a: Suicune|64/100|[from] item: Leftovers
|upkeep
|turn|31
|
|t:|1779613777
|move|p1a: Suicune|Protect|p1a: Suicune
|-singleturn|p1a: Suicune|Protect
|move|p2a: Keldeo|Secret Sword|p1a: Suicune
|-activate|p1a: Suicune|move: Protect
|
|-heal|p1a: Suicune|71/100|[from] item: Leftovers
|upkeep
|turn|32
|
|t:|1779613783
|switch|p1a: Rillaboom|Rillaboom, M|100/100
|-fieldstart|move: Grassy Terrain|[from] ability: Grassy Surge|[of] p1a: Rillaboom
|move|p2a: Keldeo|Secret Sword|p1a: Rillaboom
|-damage|p1a: Rillaboom|25/100
|
|-heal|p2a: Keldeo|65/100|[from] Grassy Terrain
|-heal|p1a: Rillaboom|31/100|[from] Grassy Terrain
|upkeep
|turn|33
|
|t:|1779613791
|move|p2a: Keldeo|Secret Sword|p1a: Rillaboom
|-damage|p1a: Rillaboom|0 fnt
|faint|p1a: Rillaboom
|
|-heal|p2a: Keldeo|71/100|[from] Grassy Terrain
|upkeep
|
|t:|1779613797
|switch|p1a: Suicune|Suicune|71/100
|-ability|p1a: Suicune|Pressure
|turn|34
|
|t:|1779613805
|switch|p2a: Cinderace|Cinderace, F|100/100
|move|p1a: Suicune|Protect||[still]
|-fail|p1a: Suicune
|
|-heal|p1a: Suicune|77/100|[from] Grassy Terrain
|-heal|p1a: Suicune|83/100|[from] item: Leftovers
|upkeep
|turn|35
|
|t:|1779613835
|move|p1a: Suicune|Protect|p1a: Suicune
|-singleturn|p1a: Suicune|Protect
|move|p2a: Cinderace|Will-O-Wisp|p1a: Suicune
|-activate|p1a: Suicune|move: Protect
|
|-heal|p1a: Suicune|89/100|[from] Grassy Terrain
|-heal|p1a: Suicune|95/100|[from] item: Leftovers
|upkeep
|turn|36
|
|t:|1779613840
|switch|p1a: Hydrapple|Hydrapple, F|100/100
|move|p2a: Cinderace|Will-O-Wisp|p1a: Hydrapple
|-status|p1a: Hydrapple|brn
|
|-damage|p1a: Hydrapple|94/100 brn|[from] brn
|-fieldend|move: Grassy Terrain
|upkeep
|turn|37
|
|t:|1779613847
|move|p2a: Cinderace|Court Change|p2a: Cinderace
|-swapsideconditions
|-activate|p2a: Cinderace|move: Court Change
|move|p1a: Hydrapple|Draco Meteor|p2a: Cinderace
|-damage|p2a: Cinderace|9/100
|-unboost|p1a: Hydrapple|spa|2
|
|-damage|p1a: Hydrapple|88/100 brn|[from] brn
|upkeep
|turn|38
|
|t:|1779613855
|switch|p2a: Slowking|Slowking-Galar, M|100/100 brn
|move|p1a: Hydrapple|Draco Meteor|p2a: Slowking
|-damage|p2a: Slowking|78/100 brn
|-unboost|p1a: Hydrapple|spa|2
|
|-damage|p1a: Hydrapple|82/100 brn|[from] brn
|-damage|p2a: Slowking|72/100 brn|[from] brn
|upkeep
|turn|39
|
|t:|1779613862
|switch|p1a: Hatterene|Hatterene, F|19/100
|-damage|p1a: Hatterene|7/100|[from] Stealth Rock
|move|p2a: Slowking|Sludge Bomb|p1a: Hatterene
|-supereffective|p1a: Hatterene
|-damage|p1a: Hatterene|0 fnt
|faint|p1a: Hatterene
|
|-damage|p2a: Slowking|66/100 brn|[from] brn
|upkeep
|
|t:|1779613868
|switch|p1a: Suicune|Suicune|95/100
|-damage|p1a: Suicune|83/100|[from] Stealth Rock
|-ability|p1a: Suicune|Pressure
|turn|40
|
|t:|1779613878
|switch|p2a: Hydrapple|Hydrapple, M, tera:Poison|81/100
|move|p1a: Suicune|Substitute|p1a: Suicune
|-start|p1a: Suicune|Substitute
|-damage|p1a: Suicune|58/100
|
|-heal|p1a: Suicune|64/100|[from] item: Leftovers
|upkeep
|turn|41
|
|t:|1779613887
|move|p1a: Suicune|Protect|p1a: Suicune
|-singleturn|p1a: Suicune|Protect
|move|p2a: Hydrapple|Earth Power|p1a: Suicune
|-activate|p1a: Suicune|move: Protect
|
|-heal|p1a: Suicune|70/100|[from] item: Leftovers
|upkeep
|turn|42
|
|t:|1779613894
|move|p1a: Suicune|Calm Mind|p1a: Suicune
|-boost|p1a: Suicune|spa|1
|-boost|p1a: Suicune|spd|1
|move|p2a: Hydrapple|Giga Drain|p1a: Suicune
|-supereffective|p1a: Suicune
|-end|p1a: Suicune|Substitute
|-heal|p2a: Hydrapple|93/100|[from] drain|[of] p1a: Suicune
|
|-heal|p1a: Suicune|76/100|[from] item: Leftovers
|upkeep
|turn|43
|
|t:|1779613901
|move|p1a: Suicune|Protect|p1a: Suicune
|-singleturn|p1a: Suicune|Protect
|move|p2a: Hydrapple|Giga Drain|p1a: Suicune
|-activate|p1a: Suicune|move: Protect
|
|-heal|p1a: Suicune|83/100|[from] item: Leftovers
|upkeep
|turn|44
|
|t:|1779613907
|move|p1a: Suicune|Substitute|p1a: Suicune
|-start|p1a: Suicune|Substitute
|-damage|p1a: Suicune|58/100
|move|p2a: Hydrapple|Giga Drain|p1a: Suicune
|-supereffective|p1a: Suicune
|-end|p1a: Suicune|Substitute
|-heal|p2a: Hydrapple|100/100|[from] drain|[of] p1a: Suicune
|
|-heal|p1a: Suicune|64/100|[from] item: Leftovers
|upkeep
|turn|45
|
|t:|1779613915
|switch|p2a: Cinderace|Cinderace, F|9/100
|move|p1a: Suicune|Substitute|p1a: Suicune
|-start|p1a: Suicune|Substitute
|-damage|p1a: Suicune|39/100
|
|-heal|p1a: Suicune|45/100|[from] item: Leftovers
|upkeep
|turn|46
|
|t:|1779613984
|switch|p2a: Keldeo|Keldeo-Resolute|71/100
|move|p1a: Suicune|Protect||[still]
|-fail|p1a: Suicune
|
|-heal|p1a: Suicune|51/100|[from] item: Leftovers
|upkeep
|turn|47
|
|t:|1779613998
|switch|p2a: Hydrapple|Hydrapple, M, tera:Poison|100/100
|move|p1a: Suicune|Calm Mind|p1a: Suicune
|-boost|p1a: Suicune|spa|1
|-boost|p1a: Suicune|spd|1
|
|-heal|p1a: Suicune|57/100|[from] item: Leftovers
|upkeep
|turn|48
|
|t:|1779614005
|move|p1a: Suicune|Protect|p1a: Suicune
|-singleturn|p1a: Suicune|Protect
|move|p2a: Hydrapple|Earth Power|p1a: Suicune
|-activate|p1a: Suicune|move: Protect
|
|-heal|p1a: Suicune|64/100|[from] item: Leftovers
|upkeep
|turn|49
|
|t:|1779614010
|move|p1a: Suicune|Calm Mind|p1a: Suicune
|-boost|p1a: Suicune|spa|1
|-boost|p1a: Suicune|spd|1
|move|p2a: Hydrapple|Giga Drain|p1a: Suicune
|-supereffective|p1a: Suicune
|-activate|p1a: Suicune|move: Substitute|[damage]
|
|-heal|p1a: Suicune|70/100|[from] item: Leftovers
|upkeep
|turn|50
|
|t:|1779614024
|move|p1a: Suicune|Scald|p2a: Hydrapple
|-damage|p2a: Hydrapple|61/100
|move|p2a: Hydrapple|Fickle Beam|p1a: Suicune|[anim] Fickle Beam All Out
|-activate|p2a: Hydrapple|move: Fickle Beam
|-end|p1a: Suicune|Substitute
|
|-heal|p1a: Suicune|76/100|[from] item: Leftovers
|upkeep
|turn|51
|
|t:|1779614036
|move|p1a: Suicune|Substitute|p1a: Suicune
|-start|p1a: Suicune|Substitute
|-damage|p1a: Suicune|51/100
|move|p2a: Hydrapple|Giga Drain|p1a: Suicune
|-supereffective|p1a: Suicune
|-activate|p1a: Suicune|move: Substitute|[damage]
|-heal|p2a: Hydrapple|70/100|[from] drain|[of] p1a: Suicune
|
|-heal|p1a: Suicune|57/100|[from] item: Leftovers
|upkeep
|turn|52
|
|t:|1779614041
|move|p1a: Suicune|Protect|p1a: Suicune
|-singleturn|p1a: Suicune|Protect
|move|p2a: Hydrapple|Fickle Beam|p1a: Suicune
|-activate|p1a: Suicune|move: Protect
|
|-heal|p1a: Suicune|63/100|[from] item: Leftovers
|upkeep
|turn|53
|-message|rblt ryo forfeited.
|
|win|4axes
|raw|4axes's rating: 1572 &rarr; <strong>1589</strong><br />(+17 for winning)
|raw|rblt ryo's rating: 1513 &rarr; <strong>1496</strong><br />(-17 for losing)
|l|☆rblt ryo
|player|p2|
|l|☆4axes
|player|p1|
