|j|☆Supa Dupa Hoopa
|j|☆rblt ryo
|t:|1779605124
|gametype|singles
|player|p1|Supa Dupa Hoopa|170|1609
|player|p2|rblt ryo|grimsley-gen7|1524
|gen|9
|tier|[Gen 9] OU
|rated|
|rule|HP Percentage Mod: HP is shown in percentages
|rule|Endless Battle Clause: Forcing endless battles is banned
|rule|Species Clause: Limit one of each Pokémon
|rule|OHKO Clause: OHKO moves are banned
|rule|Evasion Items Clause: Evasion items are banned
|rule|Evasion Moves Clause: Evasion moves are banned
|rule|Evasion Abilities Clause: Evasion abilities are banned
|rule|Sleep Moves Clause: Sleep-inducing moves are banned
|clearpoke
|poke|p1|Serperior, M|
|poke|p1|Cinderace, M|
|poke|p1|Corviknight, F|
|poke|p1|Alomomola, F|
|poke|p1|Ditto|
|poke|p1|Toxtricity-Low-Key, M|
|poke|p2|Metagross|
|poke|p2|Keldeo-Resolute|
|poke|p2|Ting-Lu|
|poke|p2|Pecharunt|
|poke|p2|Dragapult, M|
|poke|p2|Zapdos|
|teampreview
|
|t:|1779605164
|teamsize|p1|6
|teamsize|p2|6
|start
|switch|p1a: Spongebob|Alomomola, F|100/100
|switch|p2a: Ting-Lu|Ting-Lu|100/100
|-ability|p2a: Ting-Lu|Vessel of Ruin
|turn|1
|
|t:|1779605178
|move|p2a: Ting-Lu|Stealth Rock|p1a: Spongebob
|-sidestart|p1: Supa Dupa Hoopa|move: Stealth Rock
|move|p1a: Spongebob|Body Slam|p2a: Ting-Lu
|-crit|p2a: Ting-Lu
|-damage|p2a: Ting-Lu|88/100
|
|-heal|p2a: Ting-Lu|94/100|[from] item: Leftovers
|upkeep
|turn|2
|
|t:|1779605186
|switch|p2a: Zapdos|Zapdos|100/100
|move|p1a: Spongebob|Body Slam|p2a: Zapdos
|-damage|p2a: Zapdos|83/100
|
|upkeep
|turn|3
|
|t:|1779605192
|move|p2a: Zapdos|Volt Switch|p1a: Spongebob
|-supereffective|p1a: Spongebob
|-damage|p1a: Spongebob|63/100
|
|t:|1779605194
|switch|p2a: Ting-Lu|Ting-Lu|94/100|[from] Volt Switch
|-ability|p2a: Ting-Lu|Vessel of Ruin
|move|p1a: Spongebob|Mirror Coat|p2a: Ting-Lu
|-immune|p2a: Ting-Lu
|
|-heal|p2a: Ting-Lu|100/100|[from] item: Leftovers
|upkeep
|turn|4
|
|t:|1779605203
|switch|p2a: Zapdos|Zapdos|83/100
|move|p1a: Spongebob|Body Slam|p2a: Zapdos
|-damage|p2a: Zapdos|63/100
|
|upkeep
|turn|5
|
|t:|1779605208
|move|p2a: Zapdos|Roost|p2a: Zapdos
|-heal|p2a: Zapdos|100/100
|-singleturn|p2a: Zapdos|move: Roost
|move|p1a: Spongebob|Flip Turn|p2a: Zapdos
|-crit|p2a: Zapdos
|-damage|p2a: Zapdos|69/100
|-status|p1a: Spongebob|par|[from] ability: Static|[of] p2a: Zapdos
|
|t:|1779605216
|switch|p1a: ANOTHER ONE|Toxtricity-Low-Key, M|100/100|[from] Flip Turn
|-damage|p1a: ANOTHER ONE|88/100|[from] Stealth Rock
|
|upkeep
|turn|6
|
|t:|1779605224
|switch|p2a: Ting-Lu|Ting-Lu|100/100
|-ability|p2a: Ting-Lu|Vessel of Ruin
|move|p1a: ANOTHER ONE|Sludge Bomb|p2a: Ting-Lu
|-resisted|p2a: Ting-Lu
|-damage|p2a: Ting-Lu|87/100
|
|-heal|p2a: Ting-Lu|93/100|[from] item: Leftovers
|upkeep
|turn|7
|
|t:|1779605237
|switch|p1a: What RU|Serperior, M|100/100
|-damage|p1a: What RU|88/100|[from] Stealth Rock
|switch|p2a: Zapdos|Zapdos|69/100
|
|-heal|p1a: What RU|94/100|[from] item: Leftovers
|upkeep
|turn|8
|
|t:|1779605246
|switch|p2a: Metagross|Metagross, shiny|100/100
|move|p1a: What RU|Substitute|p1a: What RU
|-start|p1a: What RU|Substitute
|-damage|p1a: What RU|70/100
|
|-heal|p1a: What RU|76/100|[from] item: Leftovers
|upkeep
|turn|9
|
|t:|1779605259
|move|p2a: Metagross|Bullet Punch|p1a: What RU
|-activate|p1a: What RU|move: Substitute|[damage]
|move|p1a: What RU|Glare|p2a: Metagross
|-status|p2a: Metagross|par
|
|-heal|p1a: What RU|82/100|[from] item: Leftovers
|upkeep
|turn|10
|
|t:|1779605267
|move|p1a: What RU|Leech Seed|p2a: Metagross
|-start|p2a: Metagross|move: Leech Seed
|cant|p2a: Metagross|par
|
|-heal|p1a: What RU|88/100|[from] item: Leftovers
|-damage|p2a: Metagross|88/100 par|[from] Leech Seed|[of] p1a: What RU
|-heal|p1a: What RU|100/100|[silent]
|upkeep
|turn|11
|
|t:|1779605280
|switch|p2a: Dragapult|Dragapult, M|100/100
|move|p1a: What RU|Leaf Storm|p2a: Dragapult
|-resisted|p2a: Dragapult
|-damage|p2a: Dragapult|74/100
|-boost|p1a: What RU|spa|2
|
|upkeep
|turn|12
|
|t:|1779605289
|move|p2a: Dragapult|U-turn|p1a: What RU
|-supereffective|p1a: What RU
|-damage|p1a: What RU|65/100
|
|t:|1779605298
|switch|p2a: Metagross|Metagross, shiny|88/100 par|[from] U-turn
|move|p1a: What RU|Glare|p2a: Metagross
|-fail|p2a: Metagross|par
|
|-heal|p1a: What RU|71/100|[from] item: Leftovers
|upkeep
|turn|13
|
|t:|1779605309
|switch|p2a: Dragapult|Dragapult, M|74/100
|move|p1a: What RU|Leech Seed|p2a: Dragapult
|-start|p2a: Dragapult|move: Leech Seed
|
|-heal|p1a: What RU|77/100|[from] item: Leftovers
|-damage|p2a: Dragapult|62/100|[from] Leech Seed|[of] p1a: What RU
|-heal|p1a: What RU|89/100|[silent]
|upkeep
|turn|14
|
|t:|1779605320
|switch|p1a: Spongebob|Alomomola, F|96/100 par
|-damage|p1a: Spongebob|84/100 par|[from] Stealth Rock
|move|p2a: Dragapult|U-turn|p1a: Spongebob
|-damage|p1a: Spongebob|72/100 par
|
|t:|1779605327
|switch|p2a: Keldeo|Keldeo-Resolute, shiny|100/100|[from] U-turn
|
|upkeep
|turn|15
|
|t:|1779605340
|move|p2a: Keldeo|Flip Turn|p1a: Spongebob
|-resisted|p1a: Spongebob
|-damage|p1a: Spongebob|66/100 par
|
|t:|1779605341
|switch|p2a: Zapdos|Zapdos|69/100|[from] Flip Turn
|move|p1a: Spongebob|Flip Turn|p2a: Zapdos
|-damage|p2a: Zapdos|51/100
|
|t:|1779605349
|switch|p1a: CinderMiss|Cinderace, M|100/100|[from] Flip Turn
|
|upkeep
|turn|16
|
|t:|1779605356
|switch|p2a: Ting-Lu|Ting-Lu|93/100
|-ability|p2a: Ting-Lu|Vessel of Ruin
|move|p1a: CinderMiss|Pyro Ball|p2a: Ting-Lu
|-damage|p2a: Ting-Lu|61/100
|
|-heal|p2a: Ting-Lu|67/100|[from] item: Leftovers
|upkeep
|turn|17
|
|t:|1779605367
|move|p1a: CinderMiss|High Jump Kick|p2a: Ting-Lu
|-start|p1a: CinderMiss|typechange|Fighting|[from] ability: Libero
|-supereffective|p2a: Ting-Lu
|-damage|p2a: Ting-Lu|3/100
|move|p2a: Ting-Lu|Earthquake|p1a: CinderMiss
|-damage|p1a: CinderMiss|51/100
|
|-heal|p2a: Ting-Lu|9/100|[from] item: Leftovers
|upkeep
|turn|18
|
|t:|1779605377
|move|p1a: CinderMiss|U-turn|p2a: Ting-Lu
|-supereffective|p2a: Ting-Lu
|-damage|p2a: Ting-Lu|0 fnt
|faint|p2a: Ting-Lu
|
|t:|1779605391
|switch|p1a: What RU|Serperior, M|89/100|[from] U-turn
|-damage|p1a: What RU|76/100|[from] Stealth Rock
|
|-heal|p1a: What RU|82/100|[from] item: Leftovers
|upkeep
|
|t:|1779605408
|switch|p2a: Pecharunt|Pecharunt|100/100
|turn|19
|
|t:|1779605414
|move|p1a: What RU|Substitute|p1a: What RU
|-start|p1a: What RU|Substitute
|-damage|p1a: What RU|58/100
|move|p2a: Pecharunt|Parting Shot|p1a: What RU
|-boost|p1a: What RU|atk|1
|-boost|p1a: What RU|spa|1
|
|t:|1779605421
|switch|p2a: Dragapult|Dragapult, M|62/100|[from] Parting Shot
|
|-heal|p1a: What RU|64/100|[from] item: Leftovers
|upkeep
|turn|20
|
|t:|1779605435
|switch|p1a: Spongebob|Alomomola, F|99/100 par
|-damage|p1a: Spongebob|87/100 par|[from] Stealth Rock
|move|p2a: Dragapult|Draco Meteor|p1a: Spongebob
|-damage|p1a: Spongebob|59/100 par
|-unboost|p2a: Dragapult|spa|2
|
|upkeep
|turn|21
|
|t:|1779605446
|switch|p2a: Metagross|Metagross, shiny|88/100 par
|move|p1a: Spongebob|Flip Turn|p2a: Metagross
|-damage|p2a: Metagross|76/100 par
|
|t:|1779605455
|switch|p1a: CinderMiss|Cinderace, M|51/100|[from] Flip Turn
|
|upkeep
|turn|22
|
|t:|1779605460
|switch|p2a: Pecharunt|Pecharunt|100/100
|move|p1a: CinderMiss|Court Change|p1a: CinderMiss
|-start|p1a: CinderMiss|typechange|Normal|[from] ability: Libero
|-swapsideconditions
|-activate|p1a: CinderMiss|move: Court Change
|
|upkeep
|turn|23
|
|t:|1779605471
|switch|p1a: Spongebob|Alomomola, F|93/100 par
|move|p2a: Pecharunt|Parting Shot|p1a: Spongebob
|-unboost|p1a: Spongebob|atk|1
|-unboost|p1a: Spongebob|spa|1
|
|t:|1779605476
|switch|p2a: Zapdos|Zapdos|51/100|[from] Parting Shot
|
|upkeep
|turn|24
|
|t:|1779605482
|move|p2a: Zapdos|Hurricane|p1a: Spongebob
|-damage|p1a: Spongebob|66/100 par
|move|p1a: Spongebob|Flip Turn|p2a: Zapdos
|-damage|p2a: Zapdos|37/100
|-message|rblt ryo forfeited.
|
|win|Supa Dupa Hoopa
|raw|Supa Dupa Hoopa's rating: 1609 &rarr; <strong>1624</strong><br />(+15 for winning)
|raw|rblt ryo's rating: 1524 &rarr; <strong>1509</strong><br />(-15 for losing)
|l|☆rblt ryo
|player|p2|
