|j|☆ThiccHavoc
|j|☆Spikenard
|t:|1779560918
|gametype|singles
|player|p1|ThiccHavoc|biker-gen4|1326
|player|p2|Spikenard|erika|1328
|gen|9
|tier|[Gen 9] OU
|rated|
|rule|HP Percentage Mod: HP is shown in percentages
|rule|Endless Battle Clause: Forcing endless battles is banned
|rule|Species Clause: Limit one of each Pokémon
|rule|OHKO Clause: OHKO moves are banned
|rule|Evasion Items Clause: Evasion items are banned
|rule|Evasion Moves Clause: Evasion moves are banned
|rule|Evasion Abilities Clause: Evasion abilities are banned
|rule|Sleep Moves Clause: Sleep-inducing moves are banned
|clearpoke
|poke|p1|Magnezone|
|poke|p1|Moltres|
|poke|p1|Garganacl, F|
|poke|p1|Rillaboom, F|
|poke|p1|Mandibuzz, F|
|poke|p1|Okidogi, M|
|poke|p2|Ambipom, M|
|poke|p2|Clefable, M|
|poke|p2|Decidueye-Hisui, M|
|poke|p2|Dusclops, F|
|poke|p2|Garchomp, M|
|poke|p2|Glimmora, F|
|teampreview
|l|☆ThiccHavoc
|player|p1|
|inactive|Battle timer is ON: inactive players will automatically lose when time's up. (requested by Spikenard)
|j|☆ThiccHavoc
|inactive|ThiccHavoc reconnected and has 150 seconds left.
|player|p1|ThiccHavoc|biker-gen4|
|inactive|ThiccHavoc has 120 seconds left.
|
|t:|1779560990
|teamsize|p1|6
|teamsize|p2|6
|start
|switch|p1a: Mandibuzz|Mandibuzz, F|100/100
|switch|p2a: Glimmora|Glimmora, F|100/100
|turn|1
|
|t:|1779560997
|switch|p1a: Magnezone|Magnezone|100/100
|move|p2a: Glimmora|Stealth Rock|p1a: Magnezone
|-sidestart|p1: ThiccHavoc|move: Stealth Rock
|
|upkeep
|turn|2
|
|t:|1779561004
|switch|p2a: Garchomp|Garchomp, M|100/100
|move|p1a: Magnezone|Flash Cannon|p2a: Garchomp
|-damage|p2a: Garchomp|51/100
|
|upkeep
|turn|3
|
|t:|1779561012
|switch|p1a: Mandibuzz|Mandibuzz, F|100/100
|move|p2a: Garchomp|Dragon Tail|p1a: Mandibuzz
|-damage|p1a: Mandibuzz|85/100
|drag|p1a: Garganacl|Garganacl, F|100/100
|-damage|p1a: Garganacl|88/100|[from] Stealth Rock
|
|-heal|p1a: Garganacl|94/100|[from] item: Leftovers
|upkeep
|turn|4
|
|t:|1779561022
|switch|p2a: Glimmora|Glimmora, F|100/100
|switch|p1a: Mandibuzz|Mandibuzz, F|85/100
|
|upkeep
|turn|5
|
|t:|1779561027
|switch|p1a: Magnezone|Magnezone|100/100
|-damage|p1a: Magnezone|94/100|[from] Stealth Rock
|move|p2a: Glimmora|Power Gem|p1a: Magnezone
|-resisted|p1a: Magnezone
|-damage|p1a: Magnezone|78/100
|
|upkeep
|turn|6
|
|t:|1779561038
|move|p2a: Glimmora|Earth Power|p1a: Magnezone
|-supereffective|p1a: Magnezone
|-damage|p1a: Magnezone|0 fnt
|faint|p1a: Magnezone
|
|upkeep
|
|t:|1779561048
|switch|p1a: Okidogi|Okidogi, M|100/100
|-damage|p1a: Okidogi|94/100|[from] Stealth Rock
|turn|7
|
|t:|1779561059
|switch|p2a: Dusclops|Dusclops, F|100/100
|-ability|p2a: Dusclops|Pressure
|move|p1a: Okidogi|Drain Punch|p2a: Dusclops
|-immune|p2a: Dusclops
|
|upkeep
|turn|8
|
|t:|1779561080
|switch|p1a: Moltres|Moltres|100/100
|move|p2a: Dusclops|Will-O-Wisp|p1a: Moltres|[miss]
|-miss|p2a: Dusclops|p1a: Moltres
|
|upkeep
|turn|9
|
|t:|1779561087
|switch|p2a: Glimmora|Glimmora, F|100/100
|move|p1a: Moltres|U-turn|p2a: Glimmora
|-resisted|p2a: Glimmora
|-damage|p2a: Glimmora|91/100
|-activate|p2a: Glimmora|ability: Toxic Debris
|-sidestart|p1: ThiccHavoc|move: Toxic Spikes
|
|t:|1779561091
|switch|p1a: Okidogi|Okidogi, M|94/100|[from] U-turn
|-damage|p1a: Okidogi|88/100|[from] Stealth Rock
|-sideend|p1: ThiccHavoc|move: Toxic Spikes|[of] p1a: Okidogi
|
|upkeep
|turn|10
|
|t:|1779561104
|move|p2a: Glimmora|Earth Power|p1a: Okidogi
|-supereffective|p1a: Okidogi
|-damage|p1a: Okidogi|43/100
|move|p1a: Okidogi|Drain Punch|p2a: Glimmora
|-damage|p2a: Glimmora|39/100
|-heal|p1a: Okidogi|64/100|[from] drain|[of] p2a: Glimmora
|-activate|p2a: Glimmora|ability: Toxic Debris
|-sidestart|p1: ThiccHavoc|move: Toxic Spikes
|
|upkeep
|turn|11
|l|☆ThiccHavoc
|inactive|ThiccHavoc disconnected and has a minute to reconnect!
|player|p1|
|j|☆ThiccHavoc
|inactive|ThiccHavoc reconnected and has 110 seconds left.
|player|p1|ThiccHavoc|biker-gen4|
|
|t:|1779561153
|move|p2a: Glimmora|Earth Power|p1a: Okidogi
|-supereffective|p1a: Okidogi
|-damage|p1a: Okidogi|20/100
|move|p1a: Okidogi|Drain Punch|p2a: Glimmora
|-damage|p2a: Glimmora|0 fnt
|-heal|p1a: Okidogi|35/100|[from] drain|[of] p2a: Glimmora
|-activate|p2a: Glimmora|ability: Toxic Debris
|-sidestart|p1: ThiccHavoc|move: Toxic Spikes
|faint|p2a: Glimmora
|
|upkeep
|
|t:|1779561158
|switch|p2a: Garchomp|Garchomp, M|51/100
|turn|12
|
|t:|1779561171
|move|p1a: Okidogi|Drain Punch|p2a: Garchomp
|-damage|p2a: Garchomp|24/100
|-heal|p1a: Okidogi|50/100|[from] drain|[of] p2a: Garchomp
|-damage|p1a: Okidogi|38/100|[from] ability: Rough Skin|[of] p2a: Garchomp
|-damage|p1a: Okidogi|21/100|[from] item: Rocky Helmet|[of] p2a: Garchomp
|move|p2a: Garchomp|Dragon Tail|p1a: Okidogi
|-damage|p1a: Okidogi|2/100
|drag|p1a: Garganacl|Garganacl, F|94/100
|-damage|p1a: Garganacl|82/100|[from] Stealth Rock
|
|-heal|p1a: Garganacl|88/100|[from] item: Leftovers
|upkeep
|turn|13
|
|t:|1779561183
|switch|p1a: Okidogi|Okidogi, M|2/100
|-damage|p1a: Okidogi|0 fnt|[from] Stealth Rock
|faint|p1a: Okidogi
|move|p2a: Garchomp|Earthquake|p1: Okidogi|[notarget]
|-fail|p2a: Garchomp
|
|upkeep
|
|t:|1779561191
|switch|p1a: Mandibuzz|Mandibuzz, F|85/100
|turn|14
|
|t:|1779561201
|move|p1a: Mandibuzz|Defog|p2a: Garchomp
|-unboost|p2a: Garchomp|evasion|1
|-sideend|p1: ThiccHavoc|Toxic Spikes|[from] move: Defog|[of] p1a: Mandibuzz
|-sideend|p1: ThiccHavoc|Stealth Rock|[from] move: Defog|[of] p1a: Mandibuzz
|move|p2a: Garchomp|Dragon Tail|p1a: Mandibuzz
|-damage|p1a: Mandibuzz|70/100
|drag|p1a: Garganacl|Garganacl, F|88/100
|
|-heal|p1a: Garganacl|94/100|[from] item: Leftovers
|upkeep
|turn|15
|inactive|ThiccHavoc has 120 seconds left.
|
|t:|1779561238
|switch|p1a: Mandibuzz|Mandibuzz, F|70/100
|move|p2a: Garchomp|Stealth Rock|p1a: Mandibuzz
|-sidestart|p1: ThiccHavoc|move: Stealth Rock
|
|upkeep
|turn|16
|
|t:|1779561251
|move|p1a: Mandibuzz|Roost|p1a: Mandibuzz
|-heal|p1a: Mandibuzz|100/100
|-singleturn|p1a: Mandibuzz|move: Roost
|move|p2a: Garchomp|Dragon Tail|p1a: Mandibuzz
|-damage|p1a: Mandibuzz|86/100
|drag|p1a: Moltres|Moltres|100/100
|
|upkeep
|turn|17
|inactive|ThiccHavoc has 90 seconds left.
|
|t:|1779561273
|switch|p2a: Dusclops|Dusclops, F|100/100
|-ability|p2a: Dusclops|Pressure
|move|p1a: Moltres|Flamethrower|p2a: Dusclops
|-damage|p2a: Dusclops|80/100
|
|upkeep
|turn|18
|
|t:|1779561282
|move|p1a: Moltres|Hurricane|p2a: Dusclops
|-damage|p2a: Dusclops|55/100
|move|p2a: Dusclops|Will-O-Wisp|p1a: Moltres
|-immune|p1a: Moltres
|
|upkeep
|turn|19
|
|t:|1779561289
|move|p1a: Moltres|U-turn|p2a: Dusclops
|-resisted|p2a: Dusclops
|-damage|p2a: Dusclops|49/100
|inactive|ThiccHavoc has 90 seconds left.
|inactive|ThiccHavoc has 60 seconds left.
|
|t:|1779561338
|switch|p1a: Garganacl|Garganacl, F|94/100|[from] U-turn
|-damage|p1a: Garganacl|82/100|[from] Stealth Rock
|move|p2a: Dusclops|Trick Room|p2a: Dusclops
|-fieldstart|move: Trick Room|[of] p2a: Dusclops
|
|-heal|p1a: Garganacl|88/100|[from] item: Leftovers
|upkeep
|turn|20
|
|t:|1779561348
|move|p2a: Dusclops|Pain Split|p1a: Garganacl
|-sethp|p1a: Garganacl|61/100|[from] move: Pain Split|[silent]
|-sethp|p2a: Dusclops|87/100|[from] move: Pain Split
|move|p1a: Garganacl|Stealth Rock|p2a: Dusclops
|-sidestart|p2: Spikenard|move: Stealth Rock
|
|-heal|p1a: Garganacl|68/100|[from] item: Leftovers
|upkeep
|turn|21
|
|t:|1779561358
|move|p2a: Dusclops|Night Shade|p1a: Garganacl
|-damage|p1a: Garganacl|43/100
|move|p1a: Garganacl|Salt Cure|p2a: Dusclops
|-damage|p2a: Dusclops|78/100
|-start|p2a: Dusclops|Salt Cure
|
|-heal|p1a: Garganacl|49/100|[from] item: Leftovers
|-damage|p2a: Dusclops|65/100|[from] Salt Cure
|upkeep
|turn|22
|
|t:|1779561364
|move|p2a: Dusclops|Night Shade|p1a: Garganacl
|-damage|p1a: Garganacl|24/100
|move|p1a: Garganacl|Recover|p1a: Garganacl
|-heal|p1a: Garganacl|74/100
|
|-heal|p1a: Garganacl|80/100|[from] item: Leftovers
|-damage|p2a: Dusclops|53/100|[from] Salt Cure
|upkeep
|turn|23
|
|t:|1779561377
|move|p1a: Garganacl|Protect|p1a: Garganacl
|-singleturn|p1a: Garganacl|Protect
|move|p2a: Dusclops|Pain Split|p1a: Garganacl
|-activate|p1a: Garganacl|move: Protect
|
|-heal|p1a: Garganacl|87/100|[from] item: Leftovers
|-damage|p2a: Dusclops|41/100|[from] Salt Cure
|-fieldend|move: Trick Room
|upkeep
|turn|24
|inactive|ThiccHavoc has 60 seconds left.
|
|t:|1779561423
|switch|p1a: Moltres|Moltres|100/100
|move|p2a: Dusclops|Pain Split|p1a: Moltres
|-sethp|p1a: Moltres|66/100|[from] move: Pain Split|[silent]
|-sethp|p2a: Dusclops|86/100|[from] move: Pain Split
|
|-damage|p2a: Dusclops|74/100|[from] Salt Cure
|upkeep
|turn|25
|
|t:|1779561429
|move|p1a: Moltres|Hurricane|p2a: Dusclops
|-damage|p2a: Dusclops|50/100
|move|p2a: Dusclops|Night Shade|p1a: Moltres
|-damage|p1a: Moltres|39/100
|
|-damage|p2a: Dusclops|37/100|[from] Salt Cure
|upkeep
|turn|26
|
|t:|1779561435
|move|p1a: Moltres|Roost|p1a: Moltres
|-heal|p1a: Moltres|89/100
|-singleturn|p1a: Moltres|move: Roost
|move|p2a: Dusclops|Trick Room|p2a: Dusclops
|-fieldstart|move: Trick Room|[of] p2a: Dusclops
|
|-damage|p2a: Dusclops|25/100|[from] Salt Cure
|upkeep
|turn|27
|inactive|ThiccHavoc has 60 seconds left.
|
|t:|1779561443
|move|p2a: Dusclops|Pain Split|p1a: Moltres
|-sethp|p1a: Moltres|54/100|[from] move: Pain Split|[silent]
|-sethp|p2a: Dusclops|71/100|[from] move: Pain Split
|move|p1a: Moltres|U-turn|p2a: Dusclops
|-resisted|p2a: Dusclops
|-damage|p2a: Dusclops|66/100
|inactive|ThiccHavoc has 60 seconds left.
|
|t:|1779561454
|switch|p1a: Mandibuzz|Mandibuzz, F|86/100|[from] U-turn
|
|-damage|p2a: Dusclops|53/100|[from] Salt Cure
|upkeep
|turn|28
|
|t:|1779561458
|switch|p1a: Moltres|Moltres|54/100
|move|p2a: Dusclops|Will-O-Wisp|p1a: Moltres
|-immune|p1a: Moltres
|
|-damage|p2a: Dusclops|41/100|[from] Salt Cure
|upkeep
|turn|29
|
|t:|1779561466
|move|p2a: Dusclops|Night Shade|p1a: Moltres
|-damage|p1a: Moltres|27/100
|move|p1a: Moltres|Roost|p1a: Moltres
|-heal|p1a: Moltres|78/100
|-singleturn|p1a: Moltres|move: Roost
|
|-damage|p2a: Dusclops|29/100|[from] Salt Cure
|upkeep
|turn|30
|inactive|ThiccHavoc has 60 seconds left.
|
|t:|1779561488
|move|p2a: Dusclops|Pain Split|p1a: Moltres
|-sethp|p1a: Moltres|50/100|[from] move: Pain Split|[silent]
|-sethp|p2a: Dusclops|65/100|[from] move: Pain Split
|move|p1a: Moltres|Hurricane|p2a: Dusclops
|-damage|p2a: Dusclops|42/100
|
|-damage|p2a: Dusclops|30/100|[from] Salt Cure
|-fieldend|move: Trick Room
|upkeep
|turn|31
|inactive|ThiccHavoc has 60 seconds left.
|
|t:|1779561498
|move|p1a: Moltres|Hurricane|p2a: Dusclops|[miss]
|-miss|p1a: Moltres|p2a: Dusclops
|move|p2a: Dusclops|Trick Room|p2a: Dusclops
|-fieldstart|move: Trick Room|[of] p2a: Dusclops
|
|-damage|p2a: Dusclops|17/100|[from] Salt Cure
|upkeep
|turn|32
|inactive|ThiccHavoc has 60 seconds left.
|
|t:|1779561516
|move|p2a: Dusclops|Pain Split|p1a: Moltres
|-sethp|p1a: Moltres|31/100|[from] move: Pain Split|[silent]
|-sethp|p2a: Dusclops|41/100|[from] move: Pain Split
|move|p1a: Moltres|Flamethrower|p2a: Dusclops
|-damage|p2a: Dusclops|22/100
|
|-damage|p2a: Dusclops|10/100|[from] Salt Cure
|upkeep
|turn|33
|inactive|ThiccHavoc has 60 seconds left.
|
|t:|1779561531
|move|p2a: Dusclops|Night Shade|p1a: Moltres
|-damage|p1a: Moltres|5/100
|move|p1a: Moltres|Roost|p1a: Moltres
|-heal|p1a: Moltres|55/100
|-singleturn|p1a: Moltres|move: Roost
|
|-damage|p2a: Dusclops|0 fnt|[from] Salt Cure
|faint|p2a: Dusclops
|upkeep
|
|t:|1779561538
|switch|p2a: Ambipom|Ambipom, M|100/100
|-damage|p2a: Ambipom|88/100|[from] Stealth Rock
|turn|34
|inactive|ThiccHavoc has 60 seconds left.
|l|☆ThiccHavoc
|inactive|ThiccHavoc disconnected and has a minute to reconnect!
|player|p1|
|inactive|ThiccHavoc has 30 seconds left.
|inactive|ThiccHavoc has 20 seconds left.
|inactive|ThiccHavoc has 15 seconds left.
|inactive|ThiccHavoc has 10 seconds left.
|inactive|ThiccHavoc has 5 seconds left.
|j|☆ThiccHavoc
|inactive|ThiccHavoc reconnected and has 5 seconds left.
|player|p1|ThiccHavoc|biker-gen4|
|-message|ThiccHavoc lost due to inactivity.
|
|win|Spikenard
|raw|ThiccHavoc's rating: 1326 &rarr; <strong>1306</strong><br />(-20 for losing)
|raw|Spikenard's rating: 1328 &rarr; <strong>1348</strong><br />(+20 for winning)
|l|☆ThiccHavoc
|player|p1|
|l|☆Spikenard
|player|p2|
