|j|☆mjdj
|j|☆Ycfucg g tbh
|t:|1779588491
|gametype|singles
|player|p1|mjdj|cynthia-masters4|1006
|player|p2|Ycfucg g tbh|dragontamer|1000
|gen|9
|tier|[Gen 9] OU
|rated|
|rule|HP Percentage Mod: HP is shown in percentages
|rule|Endless Battle Clause: Forcing endless battles is banned
|rule|Species Clause: Limit one of each Pokémon
|rule|OHKO Clause: OHKO moves are banned
|rule|Evasion Items Clause: Evasion items are banned
|rule|Evasion Moves Clause: Evasion moves are banned
|rule|Evasion Abilities Clause: Evasion abilities are banned
|rule|Sleep Moves Clause: Sleep-inducing moves are banned
|clearpoke
|poke|p1|Ribombee, M|
|poke|p1|Scizor, F|
|poke|p1|Breloom, F|
|poke|p1|Maushold-Four|
|poke|p1|Scyther, M|
|poke|p1|Gholdengo|
|poke|p2|Enamorus, F|
|poke|p2|Ninetales, F|
|poke|p2|Volcanion|
|poke|p2|Toxtricity-Low-Key, F|
|poke|p2|Pecharunt|
|poke|p2|Hydrapple, M|
|teampreview
|
|t:|1779588494
|teamsize|p1|6
|teamsize|p2|6
|start
|switch|p1a: Ribombee|Ribombee, M|100/100
|switch|p2a: Pecharunt|Pecharunt|100/100
|turn|1
|
|t:|1779588499
|move|p1a: Ribombee|Stun Spore|p2a: Pecharunt
|-status|p2a: Pecharunt|par
|cant|p2a: Pecharunt|par
|
|upkeep
|turn|2
|
|t:|1779588507
|move|p1a: Ribombee|Sticky Web|p2a: Pecharunt
|-sidestart|p2: Ycfucg g tbh|move: Sticky Web
|move|p2a: Pecharunt|Malignant Chain|p1a: Ribombee
|-supereffective|p1a: Ribombee
|-damage|p1a: Ribombee|18/100
|
|upkeep
|turn|3
|
|t:|1779588514
|switch|p1a: Scizor|Scizor, F|100/100
|move|p2a: Pecharunt|Defense Curl|p2a: Pecharunt
|-boost|p2a: Pecharunt|def|1
|
|upkeep
|turn|4
|
|t:|1779588524
|move|p1a: Scizor|Swords Dance|p1a: Scizor
|-boost|p1a: Scizor|atk|2
|move|p2a: Pecharunt|Parting Shot|p1a: Scizor
|-unboost|p1a: Scizor|atk|1
|-unboost|p1a: Scizor|spa|1
|
|t:|1779588532
|switch|p2a: Ninetales|Ninetales, F|100/100|[from] Parting Shot
|-activate|p2a: Ninetales|move: Sticky Web
|-unboost|p2a: Ninetales|spe|1
|-weather|SunnyDay|[from] ability: Drought|[of] p2a: Ninetales
|
|-weather|SunnyDay|[upkeep]
|upkeep
|turn|5
|
|t:|1779588547
|-terastallize|p1a: Scizor|Water
|move|p2a: Ninetales|Overheat|p1a: Scizor
|-resisted|p1a: Scizor
|-damage|p1a: Scizor|52/100
|-unboost|p2a: Ninetales|spa|2
|-damage|p2a: Ninetales|91/100|[from] item: Life Orb
|move|p1a: Scizor|Swords Dance|p1a: Scizor
|-boost|p1a: Scizor|atk|2
|
|-weather|SunnyDay|[upkeep]
|upkeep
|turn|6
|
|t:|1779588561
|move|p2a: Ninetales|Solar Beam||[still]
|-prepare|p2a: Ninetales|Solar Beam
|-anim|p2a: Ninetales|Solar Beam|p1a: Scizor
|-supereffective|p1a: Scizor
|-damage|p1a: Scizor|18/100
|-damage|p2a: Ninetales|81/100|[from] item: Life Orb
|move|p1a: Scizor|Swords Dance|p1a: Scizor
|-boost|p1a: Scizor|atk|2
|
|-weather|SunnyDay|[upkeep]
|upkeep
|turn|7
|
|t:|1779588571
|switch|p2a: Toxtricity|Toxtricity-Low-Key, F|100/100
|-activate|p2a: Toxtricity|move: Sticky Web
|-unboost|p2a: Toxtricity|spe|1
|move|p1a: Scizor|Bullet Punch|p2a: Toxtricity
|-resisted|p2a: Toxtricity
|-damage|p2a: Toxtricity|21/100
|
|-weather|SunnyDay|[upkeep]
|upkeep
|turn|8
|
|t:|1779588579
|move|p1a: Scizor|Bullet Punch|p2a: Toxtricity
|-resisted|p2a: Toxtricity
|-damage|p2a: Toxtricity|0 fnt
|faint|p2a: Toxtricity
|
|-weather|none
|upkeep
|
|t:|1779588587
|switch|p2a: Pecharunt|Pecharunt|100/100 par
|-activate|p2a: Pecharunt|move: Sticky Web
|-unboost|p2a: Pecharunt|spe|1
|turn|9
|
|t:|1779588599
|move|p1a: Scizor|Bullet Punch|p2a: Pecharunt
|-damage|p2a: Pecharunt|39/100 par
|move|p2a: Pecharunt|Malignant Chain|p1a: Scizor
|-damage|p1a: Scizor|0 fnt
|faint|p1a: Scizor
|
|-heal|p2a: Pecharunt|45/100 par|[from] item: Leftovers
|upkeep
|
|t:|1779588610
|switch|p1a: Breloom|Breloom, F|100/100
|turn|10
|
|t:|1779588614
|move|p1a: Breloom|Bulldoze|p2a: Pecharunt
|-supereffective|p2a: Pecharunt
|-damage|p2a: Pecharunt|9/100 par
|-unboost|p2a: Pecharunt|spe|1
|cant|p2a: Pecharunt|par
|
|-heal|p2a: Pecharunt|15/100 par|[from] item: Leftovers
|upkeep
|turn|11
|
|t:|1779588621
|move|p1a: Breloom|Bullet Seed|p2a: Pecharunt
|-resisted|p2a: Pecharunt
|-damage|p2a: Pecharunt|9/100 par
|-resisted|p2a: Pecharunt
|-damage|p2a: Pecharunt|2/100 par
|-resisted|p2a: Pecharunt
|-crit|p2a: Pecharunt
|-damage|p2a: Pecharunt|0 fnt
|faint|p2a: Pecharunt
|-hitcount|p2: Pecharunt|3
|
|upkeep
|
|t:|1779588632
|switch|p2a: Hydrapple|Hydrapple, M|100/100
|-activate|p2a: Hydrapple|move: Sticky Web
|-unboost|p2a: Hydrapple|spe|1
|turn|12
|
|t:|1779588645
|switch|p1a: Gholdengo|Gholdengo|100/100
|-item|p1a: Gholdengo|Air Balloon
|move|p2a: Hydrapple|Nasty Plot|p2a: Hydrapple
|-boost|p2a: Hydrapple|spa|2
|
|upkeep
|turn|13
|
|t:|1779588656
|move|p1a: Gholdengo|Nasty Plot|p1a: Gholdengo
|-boost|p1a: Gholdengo|spa|2
|move|p2a: Hydrapple|Hydro Pump|p1a: Gholdengo
|-damage|p1a: Gholdengo|11/100
|-enditem|p1a: Gholdengo|Air Balloon
|-damage|p2a: Hydrapple|91/100|[from] item: Life Orb
|
|upkeep
|turn|14
|
|t:|1779588664
|move|p1a: Gholdengo|Make It Rain|p2a: Hydrapple
|-damage|p2a: Hydrapple|0 fnt
|-unboost|p1a: Gholdengo|spa|1
|faint|p2a: Hydrapple
|
|upkeep
|
|t:|1779588669
|switch|p2a: Enamorus|Enamorus, F|100/100
|turn|15
|
|t:|1779588674
|switch|p1a: Ribombee|Ribombee, M|18/100
|move|p2a: Enamorus|Extrasensory|p1a: Ribombee
|-damage|p1a: Ribombee|0 fnt
|faint|p1a: Ribombee
|
|upkeep
|
|t:|1779588703
|switch|p1a: Maushold|Maushold-Four|100/100
|turn|16
|
|t:|1779588708
|move|p1a: Maushold|Population Bomb|p2a: Enamorus
|-damage|p2a: Enamorus|87/100
|-damage|p2a: Enamorus|74/100
|-damage|p2a: Enamorus|61/100
|-damage|p2a: Enamorus|48/100
|-damage|p2a: Enamorus|35/100
|-damage|p2a: Enamorus|22/100
|-hitcount|p2a: Enamorus|6
|move|p2a: Enamorus|Superpower|p1a: Maushold
|-supereffective|p1a: Maushold
|-damage|p1a: Maushold|4/100
|-boost|p2a: Enamorus|atk|1
|-boost|p2a: Enamorus|def|1
|
|-heal|p2a: Enamorus|29/100|[from] item: Leftovers
|upkeep
|turn|17
|
|t:|1779588723
|move|p1a: Maushold|Population Bomb|p2a: Enamorus
|-damage|p2a: Enamorus|20/100
|-damage|p2a: Enamorus|11/100
|-damage|p2a: Enamorus|2/100
|-damage|p2a: Enamorus|0 fnt
|faint|p2a: Enamorus
|-hitcount|p2: Enamorus|4
|
|upkeep
|
|t:|1779588730
|switch|p2a: Ninetales|Ninetales, F|81/100
|-activate|p2a: Ninetales|move: Sticky Web
|-unboost|p2a: Ninetales|spe|1
|-weather|SunnyDay|[from] ability: Drought|[of] p2a: Ninetales
|turn|18
|
|t:|1779588736
|move|p1a: Maushold|Population Bomb|p2a: Ninetales
|-damage|p2a: Ninetales|63/100
|-damage|p2a: Ninetales|46/100
|-damage|p2a: Ninetales|29/100
|-damage|p2a: Ninetales|13/100
|-damage|p2a: Ninetales|0 fnt
|faint|p2a: Ninetales
|-hitcount|p2: Ninetales|5
|
|-weather|SunnyDay|[upkeep]
|upkeep
|
|t:|1779588744
|switch|p2a: Volcanion|Volcanion|100/100
|-activate|p2a: Volcanion|move: Sticky Web
|-unboost|p2a: Volcanion|spe|1
|turn|19
|
|t:|1779588748
|move|p1a: Maushold|Population Bomb|p2a: Volcanion
|-damage|p2a: Volcanion|92/100
|-damage|p2a: Volcanion|84/100
|-damage|p2a: Volcanion|75/100
|-damage|p2a: Volcanion|66/100
|-damage|p2a: Volcanion|57/100
|-damage|p2a: Volcanion|48/100
|-damage|p2a: Volcanion|39/100
|-damage|p2a: Volcanion|30/100
|-damage|p2a: Volcanion|21/100
|-damage|p2a: Volcanion|13/100
|-hitcount|p2a: Volcanion|10
|move|p2a: Volcanion|Weather Ball|p1a: Maushold
|-damage|p1a: Maushold|0 fnt
|faint|p1a: Maushold
|
|-weather|SunnyDay|[upkeep]
|-heal|p2a: Volcanion|19/100|[from] item: Leftovers
|upkeep
|
|t:|1779588767
|switch|p1a: Breloom|Breloom, F|100/100
|turn|20
|c|☆mjdj|gg
|
|t:|1779588772
|move|p1a: Breloom|Bulldoze|p2a: Volcanion
|-supereffective|p2a: Volcanion
|-crit|p2a: Volcanion
|-damage|p2a: Volcanion|0 fnt
|faint|p2a: Volcanion
|
|win|mjdj
|raw|mjdj's rating: 1006 &rarr; <strong>1044</strong><br />(+38 for winning)
|raw|Ycfucg g tbh's rating: 1000 &rarr; <strong>1000</strong><br />(+0 for losing)
