|j|☆austin90
|j|☆swatch tower
|t:|1779701254
|gametype|singles
|player|p1|austin90|volkner|1180
|player|p2|swatch tower|depotagent|1205
|gen|9
|tier|[Gen 9] OU
|rated|
|rule|HP Percentage Mod: HP is shown in percentages
|rule|Endless Battle Clause: Forcing endless battles is banned
|rule|Species Clause: Limit one of each Pokémon
|rule|OHKO Clause: OHKO moves are banned
|rule|Evasion Items Clause: Evasion items are banned
|rule|Evasion Moves Clause: Evasion moves are banned
|rule|Evasion Abilities Clause: Evasion abilities are banned
|rule|Sleep Moves Clause: Sleep-inducing moves are banned
|clearpoke
|poke|p1|Pelipper, M|
|poke|p1|Floatzel, M|
|poke|p1|Clodsire, M|
|poke|p1|Walking Wake|
|poke|p1|Ogerpon, F|
|poke|p1|Heatran, M|
|poke|p2|Golurk|
|poke|p2|Grimmsnarl, M|
|poke|p2|Deoxys-Speed|
|poke|p2|Greninja-*, M|
|poke|p2|Thundurus-Therian, M|
|poke|p2|Corviknight, M|
|teampreview
|inactive|Battle timer is ON: inactive players will automatically lose when time's up. (requested by austin90)
|
|t:|1779701264
|teamsize|p1|6
|teamsize|p2|6
|start
|switch|p1a: Jared Fogle|Ogerpon, F|100/100
|switch|p2a: Thundurus|Thundurus-Therian, M|100/100
|turn|1
|
|t:|1779701270
|move|p1a: Jared Fogle|Spikes|p2a: Thundurus
|-sidestart|p2: swatch tower|Spikes
|move|p2a: Thundurus|Volt Switch|p1a: Jared Fogle
|-resisted|p1a: Jared Fogle
|-damage|p1a: Jared Fogle|77/100
|
|t:|1779701285
|switch|p2a: Protein Shake|Greninja, M|100/100|[from] Volt Switch
|-damage|p2a: Protein Shake|88/100|[from] Spikes
|
|upkeep
|turn|2
|
|t:|1779701294
|switch|p1a: Flappy Boi|Pelipper, M, shiny|100/100
|-weather|RainDance|[from] ability: Drizzle|[of] p1a: Flappy Boi
|move|p2a: Protein Shake|Ice Beam|p1a: Flappy Boi
|-crit|p1a: Flappy Boi
|-damage|p1a: Flappy Boi|30/100
|-damage|p2a: Protein Shake|78/100|[from] item: Life Orb
|
|-weather|RainDance|[upkeep]
|upkeep
|turn|3
|
|t:|1779701301
|switch|p1a: Jimbo|Clodsire, M, shiny|100/100
|move|p2a: Protein Shake|Dark Pulse|p1a: Jimbo
|-damage|p1a: Jimbo|75/100
|-damage|p2a: Protein Shake|69/100|[from] item: Life Orb
|
|-weather|RainDance|[upkeep]
|-heal|p1a: Jimbo|81/100|[from] item: Black Sludge
|upkeep
|turn|4
|
|t:|1779701312
|switch|p2a: Deo Dorant|Deoxys-Speed|100/100
|-damage|p2a: Deo Dorant|88/100|[from] Spikes
|-ability|p2a: Deo Dorant|Pressure
|switch|p1a: Joe Bob Billy|Walking Wake|100/100
|
|-weather|RainDance|[upkeep]
|upkeep
|turn|5
|
|t:|1779701323
|move|p1a: Joe Bob Billy|Hydro Steam|p2a: Deo Dorant
|-damage|p2a: Deo Dorant|0 fnt
|faint|p2a: Deo Dorant
|
|-weather|RainDance|[upkeep]
|upkeep
|
|t:|1779701337
|switch|p2a: He Who Lurks|Golurk, shiny|100/100
|-damage|p2a: He Who Lurks|88/100|[from] Spikes
|turn|6
|
|t:|1779701344
|-terastallize|p2a: He Who Lurks|Grass
|move|p1a: Joe Bob Billy|Hydro Steam|p2a: He Who Lurks
|-resisted|p2a: He Who Lurks
|-damage|p2a: He Who Lurks|52/100
|move|p2a: He Who Lurks|Poltergeist|p1a: Joe Bob Billy
|-activate|p1a: Joe Bob Billy|move: Poltergeist|Choice Scarf
|-damage|p1a: Joe Bob Billy|8/100
|-damage|p2a: He Who Lurks|42/100|[from] item: Life Orb
|
|-weather|none
|upkeep
|turn|7
|
|t:|1779701358
|move|p1a: Joe Bob Billy|Hydro Steam|p2a: He Who Lurks
|-resisted|p2a: He Who Lurks
|-damage|p2a: He Who Lurks|17/100
|move|p2a: He Who Lurks|Poltergeist|p1a: Joe Bob Billy
|-activate|p1a: Joe Bob Billy|move: Poltergeist|Choice Scarf
|-damage|p1a: Joe Bob Billy|0 fnt
|faint|p1a: Joe Bob Billy
|-end|p1a: Joe Bob Billy|Protosynthesis|[silent]
|-damage|p2a: He Who Lurks|7/100|[from] item: Life Orb
|
|upkeep
|
|t:|1779701361
|switch|p1a: Flappy Boi|Pelipper, M, shiny|30/100
|-weather|RainDance|[from] ability: Drizzle|[of] p1a: Flappy Boi
|turn|8
|
|t:|1779701367
|move|p1a: Flappy Boi|Roost|p1a: Flappy Boi
|-heal|p1a: Flappy Boi|80/100
|-singleturn|p1a: Flappy Boi|move: Roost
|move|p2a: He Who Lurks|Poltergeist|p1a: Flappy Boi
|-activate|p1a: Flappy Boi|move: Poltergeist|Heavy-Duty Boots
|-damage|p1a: Flappy Boi|21/100
|-damage|p2a: He Who Lurks|0 fnt|[from] item: Life Orb
|faint|p2a: He Who Lurks
|
|-weather|RainDance|[upkeep]
|upkeep
|
|t:|1779701392
|switch|p2a: Worm Snorter|Grimmsnarl, M|100/100
|-damage|p2a: Worm Snorter|88/100|[from] Spikes
|turn|9
|
|t:|1779701396
|move|p2a: Worm Snorter|Thunder Wave|p1a: Flappy Boi
|-status|p1a: Flappy Boi|par
|move|p1a: Flappy Boi|U-turn|p2a: Worm Snorter
|-damage|p2a: Worm Snorter|82/100
|
|t:|1779701401
|switch|p1a: Jimbo|Clodsire, M, shiny|81/100|[from] U-turn
|
|-weather|RainDance|[upkeep]
|-heal|p2a: Worm Snorter|88/100|[from] item: Leftovers
|-heal|p1a: Jimbo|87/100|[from] item: Black Sludge
|upkeep
|turn|10
|
|t:|1779701406
|move|p2a: Worm Snorter|Drain Punch|p1a: Jimbo
|-resisted|p1a: Jimbo
|-damage|p1a: Jimbo|76/100
|-heal|p2a: Worm Snorter|94/100|[from] drain|[of] p1a: Jimbo
|move|p1a: Jimbo|Substitute|p1a: Jimbo
|-start|p1a: Jimbo|Substitute
|-damage|p1a: Jimbo|51/100
|
|-weather|RainDance|[upkeep]
|-heal|p2a: Worm Snorter|100/100|[from] item: Leftovers
|-heal|p1a: Jimbo|58/100|[from] item: Black Sludge
|upkeep
|turn|11
|
|t:|1779701413
|move|p2a: Worm Snorter|Parting Shot|p1a: Jimbo
|-unboost|p1a: Jimbo|atk|1
|-unboost|p1a: Jimbo|spa|1
|
|t:|1779701414
|switch|p2a: Corvallius|Corviknight, M|100/100|[from] Parting Shot
|-ability|p2a: Corvallius|Pressure
|move|p1a: Jimbo|Poison Jab|p2a: Corvallius
|-immune|p2a: Corvallius
|
|-weather|RainDance|[upkeep]
|-heal|p1a: Jimbo|64/100|[from] item: Black Sludge
|upkeep
|turn|12
|
|t:|1779701428
|switch|p1a: Freddy|Floatzel, M, shiny|100/100
|move|p2a: Corvallius|Agility|p2a: Corvallius
|-boost|p2a: Corvallius|spe|2
|
|-weather|none
|upkeep
|turn|13
|
|t:|1779701437
|move|p2a: Corvallius|Bulk Up|p2a: Corvallius
|-boost|p2a: Corvallius|atk|1
|-boost|p2a: Corvallius|def|1
|move|p1a: Freddy|Flip Turn|p2a: Corvallius
|-damage|p2a: Corvallius|78/100
|
|t:|1779701440
|switch|p1a: Amber Turd|Heatran, M|100/100|[from] Flip Turn
|
|-heal|p2a: Corvallius|84/100|[from] item: Leftovers
|upkeep
|turn|14
|
|t:|1779701444
|move|p2a: Corvallius|Power Trip|p1a: Amber Turd
|-damage|p1a: Amber Turd|76/100
|move|p1a: Amber Turd|Overheat|p2a: Corvallius
|-supereffective|p2a: Corvallius
|-damage|p2a: Corvallius|0 fnt
|-unboost|p1a: Amber Turd|spa|2
|faint|p2a: Corvallius
|
|upkeep
|
|t:|1779701454
|switch|p2a: Thundurus|Thundurus-Therian, M|100/100
|turn|15
|
|t:|1779701463
|switch|p1a: Jimbo|Clodsire, M, shiny|64/100
|move|p2a: Thundurus|Knock Off|p1a: Jimbo
|-damage|p1a: Jimbo|40/100
|-enditem|p1a: Jimbo|Black Sludge|[from] move: Knock Off|[of] p2a: Thundurus
|
|upkeep
|turn|16
|
|t:|1779701467
|move|p2a: Thundurus|Taunt|p1a: Jimbo
|-start|p1a: Jimbo|move: Taunt
|cant|p1a: Jimbo|move: Taunt|Recover
|
|upkeep
|turn|17
|
|t:|1779701471
|move|p2a: Thundurus|Grass Knot|p1a: Jimbo
|-damage|p1a: Jimbo|17/100
|move|p1a: Jimbo|Poison Jab|p2a: Thundurus
|-damage|p2a: Thundurus|64/100
|
|upkeep
|turn|18
|
|t:|1779701477
|switch|p1a: Flappy Boi|Pelipper, M, shiny|21/100 par
|-weather|RainDance|[from] ability: Drizzle|[of] p1a: Flappy Boi
|move|p2a: Thundurus|Grass Knot|p1a: Flappy Boi
|-damage|p1a: Flappy Boi|0 fnt
|faint|p1a: Flappy Boi
|
|-weather|RainDance|[upkeep]
|upkeep
|
|t:|1779701480
|switch|p1a: Freddy|Floatzel, M, shiny|100/100
|turn|19
|
|t:|1779701509
|-terastallize|p1a: Freddy|Water
|move|p1a: Freddy|Wave Crash|p2a: Thundurus
|-damage|p2a: Thundurus|0 fnt
|faint|p2a: Thundurus
|-damage|p1a: Freddy|80/100|[from] Recoil
|
|-weather|RainDance|[upkeep]
|upkeep
|
|t:|1779701512
|switch|p2a: Worm Snorter|Grimmsnarl, M|100/100
|-damage|p2a: Worm Snorter|88/100|[from] Spikes
|turn|20
|
|t:|1779701514
|move|p2a: Worm Snorter|Thunder Wave|p1a: Freddy
|-status|p1a: Freddy|par
|move|p1a: Freddy|Wave Crash|p2a: Worm Snorter
|-damage|p2a: Worm Snorter|0 fnt
|faint|p2a: Worm Snorter
|-damage|p1a: Freddy|44/100 par|[from] Recoil
|
|-weather|RainDance|[upkeep]
|upkeep
|
|t:|1779701518
|switch|p2a: Protein Shake|Greninja, M|69/100
|-damage|p2a: Protein Shake|56/100|[from] Spikes
|turn|21
|
|t:|1779701521
|move|p2a: Protein Shake|Dark Pulse|p1a: Freddy
|-damage|p1a: Freddy|0 fnt
|faint|p1a: Freddy
|-ability|p2a: Protein Shake|Battle Bond|boost
|-boost|p2a: Protein Shake|atk|1
|-boost|p2a: Protein Shake|spa|1
|-boost|p2a: Protein Shake|spe|1
|-activate|p2a: Protein Shake|ability: Battle Bond
|-damage|p2a: Protein Shake|46/100|[from] item: Life Orb
|
|-weather|RainDance|[upkeep]
|upkeep
|
|t:|1779701523
|switch|p1a: Jared Fogle|Ogerpon, F|77/100
|turn|22
|
|t:|1779701531
|move|p2a: Protein Shake|Ice Beam|p1a: Jared Fogle
|-supereffective|p1a: Jared Fogle
|-damage|p1a: Jared Fogle|0 fnt
|faint|p1a: Jared Fogle
|-damage|p2a: Protein Shake|37/100|[from] item: Life Orb
|
|-weather|none
|upkeep
|
|t:|1779701533
|switch|p1a: Amber Turd|Heatran, M|76/100
|turn|23
|
|t:|1779701541
|move|p2a: Protein Shake|Surf|p1a: Amber Turd
|-supereffective|p1a: Amber Turd
|-damage|p1a: Amber Turd|0 fnt
|faint|p1a: Amber Turd
|-damage|p2a: Protein Shake|27/100|[from] item: Life Orb
|
|upkeep
|
|t:|1779701544
|switch|p1a: Jimbo|Clodsire, M, shiny|17/100
|turn|24
|
|t:|1779701546
|move|p2a: Protein Shake|Dark Pulse|p1a: Jimbo
|-damage|p1a: Jimbo|0 fnt
|faint|p1a: Jimbo
|-damage|p2a: Protein Shake|17/100|[from] item: Life Orb
|
|win|swatch tower
|raw|austin90's rating: 1180 &rarr; <strong>1157</strong><br />(-23 for losing)
|raw|swatch tower's rating: 1205 &rarr; <strong>1228</strong><br />(+23 for winning)
|c|☆austin90|Gg
|l|☆austin90
|player|p1|
|l|☆swatch tower
|player|p2|
