|j|☆panzershock
|j|☆hyczlh
|t:|1779696767
|gametype|singles
|player|p1|panzershock|266|1238
|player|p2|hyczlh|n|1226
|gen|9
|tier|[Gen 9] OU
|rated|
|rule|HP Percentage Mod: HP is shown in percentages
|rule|Endless Battle Clause: Forcing endless battles is banned
|rule|Species Clause: Limit one of each Pokémon
|rule|OHKO Clause: OHKO moves are banned
|rule|Evasion Items Clause: Evasion items are banned
|rule|Evasion Moves Clause: Evasion moves are banned
|rule|Evasion Abilities Clause: Evasion abilities are banned
|rule|Sleep Moves Clause: Sleep-inducing moves are banned
|clearpoke
|poke|p1|Squawkabilly-White, F|
|poke|p1|Ting-Lu|
|poke|p1|Cloyster, F|
|poke|p1|Cinderace, M|
|poke|p1|Cetitan, M|
|poke|p1|Gholdengo|
|poke|p2|Ogerpon, F|
|poke|p2|Moltres|
|poke|p2|Dragonite, F|
|poke|p2|Pecharunt|
|poke|p2|Primarina, F|
|poke|p2|Darkrai|
|teampreview
|
|t:|1779696780
|teamsize|p1|6
|teamsize|p2|6
|start
|switch|p1a: Squawkabilly|Squawkabilly-White, F|100/100
|switch|p2a: Moltres|Moltres|100/100
|-ability|p1a: Squawkabilly|Intimidate|boost
|-unboost|p2a: Moltres|atk|1
|turn|1
|
|t:|1779696784
|move|p1a: Squawkabilly|Final Gambit|p2a: Moltres
|-damage|p2a: Moltres|4/100
|faint|p1a: Squawkabilly
|move|p2a: Moltres|Will-O-Wisp|p1: Squawkabilly|[notarget]
|-fail|p2a: Moltres
|
|upkeep
|
|t:|1779696793
|switch|p1a: Cetitan|Cetitan, M|100/100
|turn|2
|
|t:|1779696800
|move|p1a: Cetitan|Ice Shard|p2a: Moltres
|-damage|p2a: Moltres|0 fnt
|faint|p2a: Moltres
|-damage|p1a: Cetitan|91/100|[from] item: Life Orb
|
|upkeep
|
|t:|1779696807
|switch|p2a: Primarina|Primarina, F|100/100
|turn|3
|
|t:|1779696812
|move|p1a: Cetitan|Play Rough|p2a: Primarina
|-damage|p2a: Primarina|32/100
|move|p2a: Primarina|Moonblast|p1a: Cetitan
|-crit|p1a: Cetitan
|-damage|p1a: Cetitan|13/100
|
|-heal|p2a: Primarina|38/100|[from] item: Leftovers
|upkeep
|turn|4
|
|t:|1779696822
|move|p2a: Primarina|Aqua Jet|p1a: Cetitan
|-damage|p1a: Cetitan|4/100
|move|p1a: Cetitan|Icicle Crash|p2a: Primarina|[miss]
|-miss|p1a: Cetitan|p2a: Primarina
|
|-heal|p2a: Primarina|44/100|[from] item: Leftovers
|upkeep
|turn|5
|
|t:|1779696829
|move|p2a: Primarina|Aqua Jet|p1a: Cetitan
|-damage|p1a: Cetitan|0 fnt
|faint|p1a: Cetitan
|
|-heal|p2a: Primarina|50/100|[from] item: Leftovers
|upkeep
|
|t:|1779696836
|switch|p1a: Gholdengo|Gholdengo|100/100
|turn|6
|
|t:|1779696840
|move|p1a: Gholdengo|Charge Beam|p2a: Primarina|[miss]
|-miss|p1a: Gholdengo|p2a: Primarina
|move|p2a: Primarina|Sparkling Aria|p1a: Gholdengo
|-damage|p1a: Gholdengo|39/100
|
|-heal|p2a: Primarina|56/100|[from] item: Leftovers
|upkeep
|turn|7
|-message|panzershock forfeited.
|
|win|hyczlh
|raw|panzershock's rating: 1238 &rarr; <strong>1212</strong><br />(-26 for losing)
|raw|hyczlh's rating: 1226 &rarr; <strong>1252</strong><br />(+26 for winning)
|l|☆panzershock
|player|p1|
|l|☆hyczlh
|player|p2|
