|j|☆dsadasdad
|j|☆4axes
|t:|1779616953
|gametype|singles
|player|p1|dsadasdad|169|1470
|player|p2|4axes|workerice|1566
|gen|9
|tier|[Gen 9] OU
|rated|
|rule|HP Percentage Mod: HP is shown in percentages
|rule|Endless Battle Clause: Forcing endless battles is banned
|rule|Species Clause: Limit one of each Pokémon
|rule|OHKO Clause: OHKO moves are banned
|rule|Evasion Items Clause: Evasion items are banned
|rule|Evasion Moves Clause: Evasion moves are banned
|rule|Evasion Abilities Clause: Evasion abilities are banned
|rule|Sleep Moves Clause: Sleep-inducing moves are banned
|clearpoke
|poke|p1|Pelipper, M|
|poke|p1|Raging Bolt|
|poke|p1|Overqwil, M|
|poke|p1|Barraskewda, M|
|poke|p1|Iron Treads|
|poke|p1|Kingambit, M|
|poke|p2|Hatterene, F|
|poke|p2|Rillaboom, M|
|poke|p2|Iron Treads|
|poke|p2|Hydrapple, F|
|poke|p2|Zamazenta-*|
|poke|p2|Suicune|
|teampreview
|
|t:|1779616964
|teamsize|p1|6
|teamsize|p2|6
|start
|switch|p1a: Pelipper|Pelipper, M|100/100
|switch|p2a: Suicune|Suicune|100/100
|-ability|p2a: Suicune|Pressure
|-weather|RainDance|[from] ability: Drizzle|[of] p1a: Pelipper
|turn|1
|inactive|Battle timer is ON: inactive players will automatically lose when time's up. (requested by 4axes)
|
|t:|1779616994
|move|p2a: Suicune|Substitute|p2a: Suicune
|-start|p2a: Suicune|Substitute
|-damage|p2a: Suicune|75/100
|move|p1a: Pelipper|U-turn|p2a: Suicune
|-activate|p2a: Suicune|move: Substitute|[damage]
|
|t:|1779617010
|switch|p1a: Raging Bolt|Raging Bolt|100/100|[from] U-turn
|-enditem|p1a: Raging Bolt|Booster Energy
|-activate|p1a: Raging Bolt|ability: Protosynthesis|[fromitem]
|-start|p1a: Raging Bolt|protosynthesisspa
|
|-weather|RainDance|[upkeep]
|-heal|p2a: Suicune|82/100|[from] item: Leftovers
|upkeep
|turn|2
|
|t:|1779617022
|move|p2a: Suicune|Protect|p2a: Suicune
|-singleturn|p2a: Suicune|Protect
|move|p1a: Raging Bolt|Weather Ball|p2a: Suicune
|-activate|p2a: Suicune|move: Protect
|
|-weather|RainDance|[upkeep]
|-heal|p2a: Suicune|88/100|[from] item: Leftovers
|upkeep
|turn|3
|
|t:|1779617029
|move|p1a: Raging Bolt|Thunder|p2a: Suicune
|-supereffective|p2a: Suicune
|-end|p2a: Suicune|Substitute
|move|p2a: Suicune|Scald|p1a: Raging Bolt
|-resisted|p1a: Raging Bolt
|-damage|p1a: Raging Bolt|84/100
|
|-weather|RainDance|[upkeep]
|-heal|p2a: Suicune|94/100|[from] item: Leftovers
|upkeep
|turn|4
|
|t:|1779617038
|move|p2a: Suicune|Protect|p2a: Suicune
|-singleturn|p2a: Suicune|Protect
|move|p1a: Raging Bolt|Thunder|p2a: Suicune
|-activate|p2a: Suicune|move: Protect
|
|-weather|RainDance|[upkeep]
|-heal|p2a: Suicune|99/100|[from] item: Leftovers
|upkeep
|turn|5
|
|t:|1779617045
|move|p1a: Raging Bolt|Weather Ball|p2a: Suicune
|-resisted|p2a: Suicune
|-damage|p2a: Suicune|78/100
|move|p2a: Suicune|Substitute|p2a: Suicune
|-start|p2a: Suicune|Substitute
|-damage|p2a: Suicune|53/100
|
|-weather|RainDance|[upkeep]
|-heal|p2a: Suicune|60/100|[from] item: Leftovers
|upkeep
|turn|6
|
|t:|1779617053
|move|p2a: Suicune|Protect|p2a: Suicune
|-singleturn|p2a: Suicune|Protect
|move|p1a: Raging Bolt|Thunder|p2a: Suicune
|-activate|p2a: Suicune|move: Protect
|
|-weather|RainDance|[upkeep]
|-heal|p2a: Suicune|66/100|[from] item: Leftovers
|upkeep
|turn|7
|
|t:|1779617058
|move|p1a: Raging Bolt|Thunder|p2a: Suicune
|-supereffective|p2a: Suicune
|-crit|p2a: Suicune
|-end|p2a: Suicune|Substitute
|move|p2a: Suicune|Scald|p1a: Raging Bolt
|-resisted|p1a: Raging Bolt
|-damage|p1a: Raging Bolt|67/100
|
|-weather|RainDance|[upkeep]
|-heal|p2a: Suicune|72/100|[from] item: Leftovers
|upkeep
|turn|8
|
|t:|1779617066
|move|p2a: Suicune|Protect|p2a: Suicune
|-singleturn|p2a: Suicune|Protect
|move|p1a: Raging Bolt|Weather Ball|p2a: Suicune
|-activate|p2a: Suicune|move: Protect
|
|-weather|none
|-heal|p2a: Suicune|78/100|[from] item: Leftovers
|upkeep
|turn|9
|
|t:|1779617083
|switch|p2a: Iron Treads|Iron Treads|100/100
|move|p1a: Raging Bolt|Draco Meteor|p2a: Iron Treads
|-resisted|p2a: Iron Treads
|-crit|p2a: Iron Treads
|-damage|p2a: Iron Treads|0 fnt
|-unboost|p1a: Raging Bolt|spa|2
|faint|p2a: Iron Treads
|-end|p2a: Iron Treads|Quark Drive|[silent]
|
|upkeep
|
|t:|1779617092
|switch|p2a: Suicune|Suicune|78/100
|-ability|p2a: Suicune|Pressure
|turn|10
|
|t:|1779617106
|-end|p1a: Raging Bolt|Protosynthesis|[silent]
|switch|p1a: Pelipper|Pelipper, M|100/100
|-weather|RainDance|[from] ability: Drizzle|[of] p1a: Pelipper
|move|p2a: Suicune|Substitute|p2a: Suicune
|-start|p2a: Suicune|Substitute
|-damage|p2a: Suicune|53/100
|
|-weather|RainDance|[upkeep]
|-heal|p2a: Suicune|59/100|[from] item: Leftovers
|upkeep
|turn|11
|
|t:|1779617115
|move|p2a: Suicune|Protect|p2a: Suicune
|-singleturn|p2a: Suicune|Protect
|move|p1a: Pelipper|Hurricane|p2a: Suicune
|-activate|p2a: Suicune|move: Protect
|
|-weather|RainDance|[upkeep]
|-heal|p2a: Suicune|66/100|[from] item: Leftovers
|upkeep
|turn|12
|
|t:|1779617120
|move|p2a: Suicune|Calm Mind|p2a: Suicune
|-boost|p2a: Suicune|spa|1
|-boost|p2a: Suicune|spd|1
|move|p1a: Pelipper|U-turn|p2a: Suicune
|-activate|p2a: Suicune|move: Substitute|[damage]
|
|t:|1779617124
|switch|p1a: Raging Bolt|Raging Bolt|67/100|[from] U-turn
|
|-weather|RainDance|[upkeep]
|-heal|p2a: Suicune|72/100|[from] item: Leftovers
|upkeep
|turn|13
|
|t:|1779617126
|move|p2a: Suicune|Protect|p2a: Suicune
|-singleturn|p2a: Suicune|Protect
|move|p1a: Raging Bolt|Thunder|p2a: Suicune
|-activate|p2a: Suicune|move: Protect
|
|-weather|RainDance|[upkeep]
|-heal|p2a: Suicune|78/100|[from] item: Leftovers
|upkeep
|turn|14
|
|t:|1779617130
|move|p1a: Raging Bolt|Thunder|p2a: Suicune
|-supereffective|p2a: Suicune
|-crit|p2a: Suicune
|-end|p2a: Suicune|Substitute
|move|p2a: Suicune|Scald|p1a: Raging Bolt
|-resisted|p1a: Raging Bolt
|-damage|p1a: Raging Bolt|42/100
|
|-weather|RainDance|[upkeep]
|-heal|p2a: Suicune|84/100|[from] item: Leftovers
|upkeep
|turn|15
|
|t:|1779617139
|move|p2a: Suicune|Protect|p2a: Suicune
|-singleturn|p2a: Suicune|Protect
|move|p1a: Raging Bolt|Thunder|p2a: Suicune
|-activate|p2a: Suicune|move: Protect
|
|-weather|RainDance|[upkeep]
|-heal|p2a: Suicune|90/100|[from] item: Leftovers
|upkeep
|turn|16
|
|t:|1779617157
|switch|p2a: Rillaboom|Rillaboom, M|100/100
|-fieldstart|move: Grassy Terrain|[from] ability: Grassy Surge|[of] p2a: Rillaboom
|move|p1a: Raging Bolt|Thunder|p2a: Rillaboom
|-resisted|p2a: Rillaboom
|-damage|p2a: Rillaboom|54/100
|
|-weather|RainDance|[upkeep]
|-heal|p2a: Rillaboom|60/100|[from] Grassy Terrain
|-heal|p1a: Raging Bolt|48/100|[from] Grassy Terrain
|upkeep
|turn|17
|inactive|dsadasdad has 120 seconds left.
|
|t:|1779617192
|switch|p2a: Hatterene|Hatterene, F|100/100
|-end|p1a: Raging Bolt|Protosynthesis|[silent]
|switch|p1a: Iron Treads|Iron Treads|100/100
|-enditem|p1a: Iron Treads|Booster Energy
|-activate|p1a: Iron Treads|ability: Quark Drive|[fromitem]
|-start|p1a: Iron Treads|quarkdrivespe
|
|-weather|none
|upkeep
|turn|18
|
|t:|1779617202
|move|p1a: Iron Treads|Steel Beam|p2a: Hatterene
|-supereffective|p2a: Hatterene
|-damage|p2a: Hatterene|0 fnt
|-damage|p1a: Iron Treads|50/100|[from] steelbeam
|faint|p2a: Hatterene
|
|-heal|p1a: Iron Treads|57/100|[from] Grassy Terrain
|upkeep
|inactive|4axes has 120 seconds left.
|inactive|4axes has 90 seconds left.
|
|t:|1779617273
|switch|p2a: Rillaboom|Rillaboom, M|60/100
|turn|19
|
|t:|1779617280
|-terastallize|p2a: Rillaboom|Grass
|move|p2a: Rillaboom|Grassy Glide|p1a: Iron Treads
|-crit|p1a: Iron Treads
|-damage|p1a: Iron Treads|0 fnt
|faint|p1a: Iron Treads
|-end|p1a: Iron Treads|Quark Drive|[silent]
|
|-heal|p2a: Rillaboom|66/100|[from] Grassy Terrain
|upkeep
|
|t:|1779617299
|switch|p1a: Pelipper|Pelipper, M|100/100
|-weather|RainDance|[from] ability: Drizzle|[of] p1a: Pelipper
|turn|20
|inactive|4axes has 90 seconds left.
|
|t:|1779617304
|switch|p2a: Zamazenta|Zamazenta|100/100
|-ability|p2a: Zamazenta|Dauntless Shield|boost
|-boost|p2a: Zamazenta|def|1
|switch|p1a: Raging Bolt|Raging Bolt|48/100
|
|-weather|RainDance|[upkeep]
|-heal|p1a: Raging Bolt|54/100|[from] Grassy Terrain
|-fieldend|move: Grassy Terrain
|upkeep
|turn|21
|
|t:|1779617317
|move|p2a: Zamazenta|Substitute|p2a: Zamazenta
|-start|p2a: Zamazenta|Substitute
|-damage|p2a: Zamazenta|75/100
|move|p1a: Raging Bolt|Draco Meteor|p2a: Zamazenta
|-end|p2a: Zamazenta|Substitute
|-unboost|p1a: Raging Bolt|spa|2
|
|-weather|RainDance|[upkeep]
|-heal|p2a: Zamazenta|82/100|[from] item: Leftovers
|upkeep
|turn|22
|
|t:|1779617327
|move|p2a: Zamazenta|Substitute|p2a: Zamazenta
|-start|p2a: Zamazenta|Substitute
|-damage|p2a: Zamazenta|57/100
|move|p1a: Raging Bolt|Weather Ball|p2a: Zamazenta
|-activate|p2a: Zamazenta|move: Substitute|[damage]
|
|-weather|RainDance|[upkeep]
|-heal|p2a: Zamazenta|63/100|[from] item: Leftovers
|upkeep
|turn|23
|
|t:|1779617334
|move|p2a: Zamazenta|Iron Defense|p2a: Zamazenta
|-boost|p2a: Zamazenta|def|2
|move|p1a: Raging Bolt|Weather Ball|p2a: Zamazenta
|-crit|p2a: Zamazenta
|-end|p2a: Zamazenta|Substitute
|
|-weather|RainDance|[upkeep]
|-heal|p2a: Zamazenta|69/100|[from] item: Leftovers
|upkeep
|turn|24
|
|t:|1779617353
|-end|p1a: Raging Bolt|Protosynthesis|[silent]
|switch|p1a: Pelipper|Pelipper, M|100/100
|move|p2a: Zamazenta|Substitute|p2a: Zamazenta
|-start|p2a: Zamazenta|Substitute
|-damage|p2a: Zamazenta|44/100
|
|-weather|RainDance|[upkeep]
|-heal|p2a: Zamazenta|50/100|[from] item: Leftovers
|upkeep
|turn|25
|inactive|4axes has 120 seconds left.
|
|t:|1779617359
|move|p2a: Zamazenta|Body Press|p1a: Pelipper
|-resisted|p1a: Pelipper
|-damage|p1a: Pelipper|71/100
|move|p1a: Pelipper|Hurricane|p2a: Zamazenta
|-supereffective|p2a: Zamazenta
|-end|p2a: Zamazenta|Substitute
|
|-weather|RainDance|[upkeep]
|-heal|p2a: Zamazenta|56/100|[from] item: Leftovers
|upkeep
|turn|26
|
|t:|1779617364
|switch|p2a: Suicune|Suicune|90/100
|-ability|p2a: Suicune|Pressure
|move|p1a: Pelipper|Hurricane|p2a: Suicune
|-damage|p2a: Suicune|71/100
|
|-weather|RainDance|[upkeep]
|-heal|p2a: Suicune|77/100|[from] item: Leftovers
|upkeep
|turn|27
|
|t:|1779617372
|move|p2a: Suicune|Substitute|p2a: Suicune
|-start|p2a: Suicune|Substitute
|-damage|p2a: Suicune|52/100
|move|p1a: Pelipper|U-turn|p2a: Suicune
|-activate|p2a: Suicune|move: Substitute|[damage]
|
|t:|1779617400
|switch|p1a: Overqwil|Overqwil, M|100/100|[from] U-turn
|
|-weather|none
|-heal|p2a: Suicune|58/100|[from] item: Leftovers
|upkeep
|turn|28
|
|t:|1779617410
|move|p1a: Overqwil|Crunch|p2a: Suicune
|-end|p2a: Suicune|Substitute
|-damage|p1a: Overqwil|91/100|[from] item: Life Orb
|move|p2a: Suicune|Scald|p1a: Overqwil
|-damage|p1a: Overqwil|54/100
|-status|p1a: Overqwil|brn
|
|-heal|p2a: Suicune|65/100|[from] item: Leftovers
|-damage|p1a: Overqwil|48/100 brn|[from] brn
|upkeep
|turn|29
|
|t:|1779617431
|switch|p2a: Hydrapple|Hydrapple, F|100/100
|move|p1a: Overqwil|Gunk Shot|p2a: Hydrapple
|-supereffective|p2a: Hydrapple
|-damage|p2a: Hydrapple|58/100
|-damage|p1a: Overqwil|38/100 brn|[from] item: Life Orb
|
|-damage|p1a: Overqwil|32/100 brn|[from] brn
|upkeep
|turn|30
|inactive|4axes has 120 seconds left.
|
|t:|1779617454
|move|p1a: Overqwil|Swords Dance|p1a: Overqwil
|-boost|p1a: Overqwil|atk|2
|move|p2a: Hydrapple|Giga Drain|p1a: Overqwil
|-resisted|p1a: Overqwil
|-damage|p1a: Overqwil|0 fnt
|-heal|p2a: Hydrapple|70/100|[from] drain|[of] p1a: Overqwil
|faint|p1a: Overqwil
|
|upkeep
|
|t:|1779617459
|switch|p1a: Pelipper|Pelipper, M|71/100
|-weather|RainDance|[from] ability: Drizzle|[of] p1a: Pelipper
|turn|31
|
|t:|1779617464
|move|p2a: Hydrapple|Giga Drain|p1a: Pelipper
|-damage|p1a: Pelipper|2/100
|-heal|p2a: Hydrapple|97/100|[from] drain|[of] p1a: Pelipper
|move|p1a: Pelipper|Hurricane|p2a: Hydrapple
|-supereffective|p2a: Hydrapple
|-damage|p2a: Hydrapple|29/100
|-start|p2a: Hydrapple|confusion
|
|-weather|RainDance|[upkeep]
|upkeep
|turn|32
|
|t:|1779617475
|switch|p2a: Suicune|Suicune|65/100
|-ability|p2a: Suicune|Pressure
|move|p1a: Pelipper|Roost|p1a: Pelipper
|-heal|p1a: Pelipper|52/100
|-singleturn|p1a: Pelipper|move: Roost
|
|-weather|RainDance|[upkeep]
|-heal|p2a: Suicune|71/100|[from] item: Leftovers
|upkeep
|turn|33
|
|t:|1779617481
|move|p2a: Suicune|Substitute|p2a: Suicune
|-start|p2a: Suicune|Substitute
|-damage|p2a: Suicune|46/100
|move|p1a: Pelipper|U-turn|p2a: Suicune
|-activate|p2a: Suicune|move: Substitute|[damage]
|
|t:|1779617509
|switch|p1a: Barraskewda|Barraskewda, M, shiny|100/100|[from] U-turn
|
|-weather|RainDance|[upkeep]
|-heal|p2a: Suicune|52/100|[from] item: Leftovers
|upkeep
|turn|34
|
|t:|1779617514
|move|p2a: Suicune|Protect|p2a: Suicune
|-singleturn|p2a: Suicune|Protect
|move|p1a: Barraskewda|Liquidation|p2a: Suicune
|-activate|p2a: Suicune|move: Protect
|
|-weather|RainDance|[upkeep]
|-heal|p2a: Suicune|58/100|[from] item: Leftovers
|upkeep
|turn|35
|
|t:|1779617520
|move|p1a: Barraskewda|Liquidation|p2a: Suicune
|-resisted|p2a: Suicune
|-end|p2a: Suicune|Substitute
|move|p2a: Suicune|Scald|p1a: Barraskewda
|-resisted|p1a: Barraskewda
|-damage|p1a: Barraskewda|57/100
|-status|p1a: Barraskewda|brn
|
|-weather|RainDance|[upkeep]
|-heal|p2a: Suicune|64/100|[from] item: Leftovers
|-damage|p1a: Barraskewda|50/100 brn|[from] brn
|upkeep
|turn|36
|
|t:|1779617541
|move|p1a: Barraskewda|Liquidation|p2a: Suicune
|-resisted|p2a: Suicune
|-damage|p2a: Suicune|46/100
|-unboost|p2a: Suicune|def|1
|move|p2a: Suicune|Scald|p1a: Barraskewda
|-resisted|p1a: Barraskewda
|-damage|p1a: Barraskewda|5/100 brn
|
|-weather|RainDance|[upkeep]
|-heal|p2a: Suicune|52/100|[from] item: Leftovers
|-damage|p1a: Barraskewda|0 fnt|[from] brn
|faint|p1a: Barraskewda
|upkeep
|inactive|dsadasdad has 120 seconds left.
|
|t:|1779617557
|switch|p1a: Kingambit|Kingambit, M|100/100
|-activate|p1a: Kingambit|ability: Supreme Overlord
|-start|p1a: Kingambit|fallen3|[silent]
|turn|37
|
|t:|1779617565
|move|p2a: Suicune|Scald|p1a: Kingambit
|-damage|p1a: Kingambit|62/100
|move|p1a: Kingambit|Swords Dance|p1a: Kingambit
|-boost|p1a: Kingambit|atk|2
|
|-weather|RainDance|[upkeep]
|-heal|p2a: Suicune|58/100|[from] item: Leftovers
|-heal|p1a: Kingambit|69/100|[from] item: Leftovers
|upkeep
|turn|38
|
|t:|1779617573
|move|p2a: Suicune|Scald|p1a: Kingambit
|-crit|p1a: Kingambit
|-damage|p1a: Kingambit|8/100
|move|p1a: Kingambit|Kowtow Cleave|p2a: Suicune
|-damage|p2a: Suicune|0 fnt
|faint|p2a: Suicune
|
|-weather|none
|-heal|p1a: Kingambit|14/100|[from] item: Leftovers
|upkeep
|
|t:|1779617579
|switch|p2a: Zamazenta|Zamazenta|56/100
|turn|39
|
|t:|1779617588
|move|p1a: Kingambit|Sucker Punch|p2a: Zamazenta
|-resisted|p2a: Zamazenta
|-damage|p2a: Zamazenta|15/100
|move|p2a: Zamazenta|Body Press|p1a: Kingambit
|-supereffective|p1a: Kingambit
|-damage|p1a: Kingambit|0 fnt
|faint|p1a: Kingambit
|-end|p1a: Kingambit|fallen3|[silent]
|
|-heal|p2a: Zamazenta|22/100|[from] item: Leftovers
|upkeep
|
|t:|1779617597
|switch|p1a: Pelipper|Pelipper, M|52/100
|-weather|RainDance|[from] ability: Drizzle|[of] p1a: Pelipper
|turn|40
|
|t:|1779617608
|switch|p2a: Hydrapple|Hydrapple, F|62/100
|move|p1a: Pelipper|Roost|p1a: Pelipper
|-heal|p1a: Pelipper|100/100
|-singleturn|p1a: Pelipper|move: Roost
|
|-weather|RainDance|[upkeep]
|upkeep
|turn|41
|
|t:|1779617618
|move|p2a: Hydrapple|Leaf Storm|p1a: Pelipper|[miss]
|-miss|p2a: Hydrapple|p1a: Pelipper
|move|p1a: Pelipper|Hurricane|p2a: Hydrapple
|-supereffective|p2a: Hydrapple
|-damage|p2a: Hydrapple|0 fnt
|faint|p2a: Hydrapple
|
|-weather|RainDance|[upkeep]
|upkeep
|
|t:|1779617622
|switch|p2a: Rillaboom|Rillaboom, M, tera:Grass|66/100
|-fieldstart|move: Grassy Terrain|[from] ability: Grassy Surge|[of] p2a: Rillaboom
|turn|42
|
|t:|1779617626
|move|p2a: Rillaboom|Wood Hammer|p1a: Pelipper
|-crit|p1a: Pelipper
|-damage|p1a: Pelipper|0 fnt
|faint|p1a: Pelipper
|-damage|p2a: Rillaboom|35/100|[from] Recoil
|
|-weather|RainDance|[upkeep]
|-heal|p2a: Rillaboom|41/100|[from] Grassy Terrain
|upkeep
|c|☆dsadasdad|nice crit
|c|☆4axes|nice dodge
|
|t:|1779617642
|switch|p1a: Raging Bolt|Raging Bolt|54/100
|turn|43
|inactive|dsadasdad has 120 seconds left.
|inactive|dsadasdad has 90 seconds left.
|
|t:|1779617712
|move|p1a: Raging Bolt|Thunderclap|p2a: Rillaboom
|-resisted|p2a: Rillaboom
|-damage|p2a: Rillaboom|11/100
|move|p2a: Rillaboom|Wood Hammer|p1a: Raging Bolt
|-resisted|p1a: Raging Bolt
|-damage|p1a: Raging Bolt|0 fnt
|faint|p1a: Raging Bolt
|-end|p1a: Raging Bolt|Protosynthesis|[silent]
|-damage|p2a: Rillaboom|0 fnt|[from] Recoil
|faint|p2a: Rillaboom
|
|win|4axes
|raw|dsadasdad's rating: 1470 &rarr; <strong>1455</strong><br />(-15 for losing)
|raw|4axes's rating: 1566 &rarr; <strong>1581</strong><br />(+15 for winning)
|l|☆dsadasdad
|player|p1|
