|j|☆Nickthenickthenick
|j|☆rebefzreet
|t:|1779610940
|gametype|singles
|player|p1|Nickthenickthenick|2|1382
|player|p2|rebefzreet|101|1383
|gen|9
|tier|[Gen 9] OU
|rated|
|rule|HP Percentage Mod: HP is shown in percentages
|rule|Endless Battle Clause: Forcing endless battles is banned
|rule|Species Clause: Limit one of each Pokémon
|rule|OHKO Clause: OHKO moves are banned
|rule|Evasion Items Clause: Evasion items are banned
|rule|Evasion Moves Clause: Evasion moves are banned
|rule|Evasion Abilities Clause: Evasion abilities are banned
|rule|Sleep Moves Clause: Sleep-inducing moves are banned
|clearpoke
|poke|p1|Raikou|
|poke|p1|Entei|
|poke|p1|Suicune|
|poke|p1|Tyranitar, F|
|poke|p1|Porygon2|
|poke|p1|Espeon, M|
|poke|p2|Torkoal, M|
|poke|p2|Walking Wake|
|poke|p2|Ursaluna, F|
|poke|p2|Raging Bolt|
|poke|p2|Scizor, M|
|poke|p2|Weezing-Galar, F|
|teampreview
|j| Concept Everything
|inactive|Battle timer is ON: inactive players will automatically lose when time's up. (requested by rebefzreet)
|inactive|Nickthenickthenick has 120 seconds left.
|
|t:|1779610975
|teamsize|p1|6
|teamsize|p2|6
|start
|switch|p1a: Raikou|Raikou|100/100
|switch|p2a: Torkoal|Torkoal, M|100/100
|-ability|p1a: Raikou|Pressure
|-weather|SunnyDay|[from] ability: Drought|[of] p2a: Torkoal
|turn|1
|
|t:|1779610983
|switch|p1a: Espeon|Espeon, M|100/100
|move|p2a: Torkoal|Stealth Rock|p1a: Espeon
|move|p1a: Espeon|Stealth Rock|p2a: Torkoal|[from] ability: Magic Bounce
|-sidestart|p2: rebefzreet|move: Stealth Rock
|
|-weather|SunnyDay|[upkeep]
|upkeep
|turn|2
|
|t:|1779610987
|switch|p1a: Tyranitar|Tyranitar, F|100/100
|-weather|Sandstorm|[from] ability: Sand Stream|[of] p1a: Tyranitar
|move|p2a: Torkoal|Rapid Spin|p1a: Tyranitar
|-resisted|p1a: Tyranitar
|-damage|p1a: Tyranitar|97/100
|-boost|p2a: Torkoal|spe|1
|-sideend|p2: rebefzreet|Stealth Rock|[from] move: Rapid Spin|[of] p2a: Torkoal
|
|-weather|Sandstorm|[upkeep]
|-damage|p2a: Torkoal|94/100|[from] Sandstorm
|-heal|p1a: Tyranitar|100/100|[from] item: Leftovers
|upkeep
|turn|3
|
|t:|1779610994
|switch|p2a: Scizor|Scizor, M|100/100
|move|p1a: Tyranitar|Stone Edge|p2a: Scizor
|-damage|p2a: Scizor|58/100
|
|-weather|Sandstorm|[upkeep]
|upkeep
|turn|4
|
|t:|1779611002
|switch|p1a: Porygon2|Porygon2|100/100
|-ability|p1a: Porygon2|Technician|Trace|[from] ability: Trace|[of] p2a: Scizor
|move|p2a: Scizor|U-turn|p1a: Porygon2
|-damage|p1a: Porygon2|83/100
|
|t:|1779611011
|switch|p2a: Torkoal|Torkoal, M|94/100|[from] U-turn
|-weather|SunnyDay|[from] ability: Drought|[of] p2a: Torkoal
|
|-weather|SunnyDay|[upkeep]
|upkeep
|turn|5
|
|t:|1779611018
|switch|p1a: Tyranitar|Tyranitar, F|100/100
|-weather|Sandstorm|[from] ability: Sand Stream|[of] p1a: Tyranitar
|switch|p2a: Walking Wake|Walking Wake|100/100
|
|-weather|Sandstorm|[upkeep]
|-damage|p2a: Walking Wake|94/100|[from] Sandstorm
|upkeep
|turn|6
|
|t:|1779611029
|switch|p1a: Suicune|Suicune|100/100
|-ability|p1a: Suicune|Pressure
|move|p2a: Walking Wake|Draco Meteor|p1a: Suicune
|-damage|p1a: Suicune|45/100
|-unboost|p2a: Walking Wake|spa|2
|
|-weather|Sandstorm|[upkeep]
|-damage|p2a: Walking Wake|88/100|[from] Sandstorm
|-damage|p1a: Suicune|38/100|[from] Sandstorm
|-heal|p1a: Suicune|45/100|[from] item: Leftovers
|upkeep
|turn|7
|
|t:|1779611039
|-end|p2a: Walking Wake|Protosynthesis|[silent]
|switch|p2a: Scizor|Scizor, M|58/100
|move|p1a: Suicune|Calm Mind|p1a: Suicune
|-boost|p1a: Suicune|spa|1
|-boost|p1a: Suicune|spd|1
|
|-weather|Sandstorm|[upkeep]
|-damage|p1a: Suicune|38/100|[from] Sandstorm
|-heal|p1a: Suicune|45/100|[from] item: Leftovers
|upkeep
|turn|8
|
|t:|1779611045
|move|p1a: Suicune|Scald|p2a: Scizor
|-damage|p2a: Scizor|15/100
|move|p2a: Scizor|U-turn|p1a: Suicune
|-damage|p1a: Suicune|14/100
|
|t:|1779611059
|switch|p2a: Walking Wake|Walking Wake|88/100|[from] U-turn
|
|-weather|Sandstorm|[upkeep]
|-damage|p2a: Walking Wake|82/100|[from] Sandstorm
|-damage|p1a: Suicune|8/100|[from] Sandstorm
|-heal|p1a: Suicune|14/100|[from] item: Leftovers
|upkeep
|turn|9
|
|t:|1779611067
|move|p2a: Walking Wake|Weather Ball|p1a: Suicune
|-damage|p1a: Suicune|0 fnt
|faint|p1a: Suicune
|
|-weather|none
|upkeep
|
|t:|1779611080
|switch|p1a: Raikou|Raikou|100/100
|-ability|p1a: Raikou|Pressure
|turn|10
|
|t:|1779611085
|-end|p2a: Walking Wake|Protosynthesis|[silent]
|switch|p2a: Ursaluna|Ursaluna, F|100/100
|move|p1a: Raikou|Substitute|p1a: Raikou
|-start|p1a: Raikou|Substitute
|-damage|p1a: Raikou|76/100
|
|-heal|p1a: Raikou|82/100|[from] item: Leftovers
|-status|p2a: Ursaluna|brn|[from] item: Flame Orb
|upkeep
|turn|11
|
|t:|1779611099
|move|p1a: Raikou|Calm Mind|p1a: Raikou
|-boost|p1a: Raikou|spa|1
|-boost|p1a: Raikou|spd|1
|move|p2a: Ursaluna|Facade|p1a: Raikou
|-end|p1a: Raikou|Substitute
|
|-heal|p1a: Raikou|88/100|[from] item: Leftovers
|-damage|p2a: Ursaluna|94/100 brn|[from] brn
|upkeep
|turn|12
|
|t:|1779611101
|move|p1a: Raikou|Scald|p2a: Ursaluna
|-supereffective|p2a: Ursaluna
|-damage|p2a: Ursaluna|29/100 brn
|move|p2a: Ursaluna|Facade|p1a: Raikou
|-damage|p1a: Raikou|0 fnt
|faint|p1a: Raikou
|
|-damage|p2a: Ursaluna|23/100 brn|[from] brn
|upkeep
|c|☆Nickthenickthenick|mm spd invest,etn?
|
|t:|1779611117
|switch|p1a: Espeon|Espeon, M|100/100
|turn|13
|
|t:|1779611134
|move|p1a: Espeon|Psychic Noise|p2a: Ursaluna
|-damage|p2a: Ursaluna|0 fnt
|faint|p2a: Ursaluna
|
|upkeep
|
|t:|1779611135
|switch|p2a: Torkoal|Torkoal, M|94/100
|-weather|SunnyDay|[from] ability: Drought|[of] p2a: Torkoal
|turn|14
|
|t:|1779611142
|switch|p2a: Scizor|Scizor, M|15/100
|move|p1a: Espeon|Psychic Noise|p2a: Scizor
|-resisted|p2a: Scizor
|-damage|p2a: Scizor|0 fnt
|faint|p2a: Scizor
|
|-weather|SunnyDay|[upkeep]
|upkeep
|
|t:|1779611145
|switch|p2a: Walking Wake|Walking Wake|82/100
|-activate|p2a: Walking Wake|ability: Protosynthesis
|-start|p2a: Walking Wake|protosynthesisspe
|turn|15
|
|t:|1779611151
|switch|p1a: Tyranitar|Tyranitar, F|100/100
|-weather|Sandstorm|[from] ability: Sand Stream|[of] p1a: Tyranitar
|-end|p2a: Walking Wake|Protosynthesis
|-terastallize|p2a: Walking Wake|Water
|move|p2a: Walking Wake|Hydro Steam|p1a: Tyranitar
|-supereffective|p1a: Tyranitar
|-damage|p1a: Tyranitar|39/100
|
|-weather|Sandstorm|[upkeep]
|-damage|p2a: Walking Wake|76/100|[from] Sandstorm
|-heal|p1a: Tyranitar|45/100|[from] item: Leftovers
|upkeep
|turn|16
|
|t:|1779611180
|switch|p1a: Entei|Entei|100/100
|-ability|p1a: Entei|Pressure
|move|p2a: Walking Wake|Hydro Steam|p1a: Entei
|-supereffective|p1a: Entei
|-damage|p1a: Entei|0 fnt
|faint|p1a: Entei
|
|-weather|Sandstorm|[upkeep]
|-damage|p2a: Walking Wake|70/100|[from] Sandstorm
|upkeep
|
|t:|1779611187
|switch|p1a: Porygon2|Porygon2|83/100
|turn|17
|
|t:|1779611190
|-end|p2a: Walking Wake|Protosynthesis|[silent]
|switch|p2a: Torkoal|Torkoal, M|94/100
|-ability|p1a: Porygon2|Drought|Trace|[from] ability: Trace|[of] p2a: Torkoal
|-weather|SunnyDay|[from] ability: Drought|[of] p1a: Porygon2
|move|p1a: Porygon2|Thunder Wave|p2a: Torkoal
|-status|p2a: Torkoal|par
|
|-weather|SunnyDay|[upkeep]
|upkeep
|turn|18
|
|t:|1779611201
|switch|p1a: Tyranitar|Tyranitar, F|45/100
|-weather|Sandstorm|[from] ability: Sand Stream|[of] p1a: Tyranitar
|switch|p2a: Raging Bolt|Raging Bolt|100/100
|
|-weather|Sandstorm|[upkeep]
|-damage|p2a: Raging Bolt|94/100|[from] Sandstorm
|-heal|p1a: Tyranitar|51/100|[from] item: Leftovers
|upkeep
|turn|19
|
|t:|1779611208
|move|p2a: Raging Bolt|Volt Switch|p1a: Tyranitar
|-damage|p1a: Tyranitar|35/100
|
|t:|1779611212
|-end|p2a: Raging Bolt|Protosynthesis|[silent]
|switch|p2a: Weezing|Weezing-Galar, F|100/100|[from] Volt Switch
|-ability|p2a: Weezing|Neutralizing Gas
|move|p1a: Tyranitar|Stealth Rock|p2a: Weezing
|-sidestart|p2: rebefzreet|move: Stealth Rock
|
|-weather|Sandstorm|[upkeep]
|-damage|p2a: Weezing|95/100|[from] Sandstorm
|-heal|p1a: Tyranitar|41/100|[from] item: Leftovers
|upkeep
|turn|20
|
|t:|1779611218
|switch|p1a: Porygon2|Porygon2|83/100
|move|p2a: Weezing|Strange Steam|p1a: Porygon2
|-damage|p1a: Porygon2|67/100
|
|-weather|Sandstorm|[upkeep]
|-damage|p2a: Weezing|89/100|[from] Sandstorm
|-damage|p1a: Porygon2|61/100|[from] Sandstorm
|upkeep
|turn|21
|
|t:|1779611242
|move|p1a: Porygon2|Thunder Wave|p2a: Weezing
|-status|p2a: Weezing|par
|move|p2a: Weezing|Sludge Bomb|p1a: Porygon2
|-damage|p1a: Porygon2|42/100
|
|-weather|Sandstorm|[upkeep]
|-damage|p1a: Porygon2|36/100|[from] Sandstorm
|-damage|p2a: Weezing|83/100 par|[from] Sandstorm
|upkeep
|turn|22
|
|t:|1779611251
|move|p1a: Porygon2|Recover|p1a: Porygon2
|-heal|p1a: Porygon2|86/100
|move|p2a: Weezing|Will-O-Wisp|p1a: Porygon2
|-status|p1a: Porygon2|brn
|
|-weather|none
|-damage|p1a: Porygon2|80/100 brn|[from] brn
|upkeep
|turn|23
|
|t:|1779611257
|-end|p2a: Weezing|ability: Neutralizing Gas
|switch|p2a: Torkoal|Torkoal, M|94/100 par
|-ability|p1a: Porygon2|Drought|Trace|[from] ability: Trace|[of] p2a: Torkoal
|-weather|SunnyDay|[from] ability: Drought|[of] p1a: Porygon2
|-damage|p2a: Torkoal|70/100 par|[from] Stealth Rock
|move|p1a: Porygon2|Ice Beam|p2a: Torkoal
|-resisted|p2a: Torkoal
|-damage|p2a: Torkoal|56/100 par
|
|-weather|SunnyDay|[upkeep]
|-damage|p1a: Porygon2|73/100 brn|[from] brn
|upkeep
|turn|24
|
|t:|1779611271
|switch|p1a: Espeon|Espeon, M|100/100
|switch|p2a: Raging Bolt|Raging Bolt|94/100
|-activate|p2a: Raging Bolt|ability: Protosynthesis
|-start|p2a: Raging Bolt|protosynthesisspa
|
|-weather|SunnyDay|[upkeep]
|upkeep
|turn|25
|
|t:|1779611281
|move|p1a: Espeon|Alluring Voice|p2a: Raging Bolt
|-supereffective|p2a: Raging Bolt
|-damage|p2a: Raging Bolt|36/100
|move|p2a: Raging Bolt|Thunderbolt|p1a: Espeon
|-damage|p1a: Espeon|11/100
|
|-weather|SunnyDay|[upkeep]
|upkeep
|turn|26
|
|t:|1779611286
|switch|p1a: Tyranitar|Tyranitar, F|41/100
|-weather|Sandstorm|[from] ability: Sand Stream|[of] p1a: Tyranitar
|-end|p2a: Raging Bolt|Protosynthesis
|move|p2a: Raging Bolt|Thunderclap||[still]
|-fail|p2a: Raging Bolt
|
|-weather|Sandstorm|[upkeep]
|-damage|p2a: Raging Bolt|30/100|[from] Sandstorm
|-heal|p1a: Tyranitar|47/100|[from] item: Leftovers
|upkeep
|turn|27
|
|t:|1779611293
|move|p2a: Raging Bolt|Volt Switch|p1a: Tyranitar
|-damage|p1a: Tyranitar|29/100
|
|t:|1779611297
|-end|p2a: Raging Bolt|Protosynthesis|[silent]
|switch|p2a: Weezing|Weezing-Galar, F|83/100 par|[from] Volt Switch
|-ability|p2a: Weezing|Neutralizing Gas
|move|p1a: Tyranitar|Knock Off|p2a: Weezing
|-resisted|p2a: Weezing
|-damage|p2a: Weezing|69/100 par
|-enditem|p2a: Weezing|Heavy-Duty Boots|[from] move: Knock Off|[of] p1a: Tyranitar
|
|-weather|Sandstorm|[upkeep]
|-damage|p2a: Weezing|63/100 par|[from] Sandstorm
|-heal|p1a: Tyranitar|36/100|[from] item: Leftovers
|upkeep
|turn|28
|
|t:|1779611307
|switch|p1a: Porygon2|Porygon2|73/100 brn
|-end|p2a: Weezing|ability: Neutralizing Gas
|switch|p2a: Torkoal|Torkoal, M|56/100 par
|-ability|p1a: Porygon2|Drought|Trace|[from] ability: Trace|[of] p2a: Torkoal
|-weather|SunnyDay|[from] ability: Drought|[of] p1a: Porygon2
|-damage|p2a: Torkoal|32/100 par|[from] Stealth Rock
|
|-weather|SunnyDay|[upkeep]
|-damage|p1a: Porygon2|67/100 brn|[from] brn
|upkeep
|turn|29
|
|t:|1779611314
|switch|p1a: Tyranitar|Tyranitar, F|36/100
|-weather|Sandstorm|[from] ability: Sand Stream|[of] p1a: Tyranitar
|move|p2a: Torkoal|Rapid Spin|p1a: Tyranitar
|-resisted|p1a: Tyranitar
|-damage|p1a: Tyranitar|32/100
|-boost|p2a: Torkoal|spe|1
|-sideend|p2: rebefzreet|Stealth Rock|[from] move: Rapid Spin|[of] p2a: Torkoal
|
|-weather|Sandstorm|[upkeep]
|-damage|p2a: Torkoal|26/100 par|[from] Sandstorm
|-heal|p1a: Tyranitar|38/100|[from] item: Leftovers
|upkeep
|turn|30
|
|t:|1779611320
|move|p1a: Tyranitar|Stealth Rock|p2a: Torkoal
|-sidestart|p2: rebefzreet|move: Stealth Rock
|cant|p2a: Torkoal|par
|
|-weather|Sandstorm|[upkeep]
|-damage|p2a: Torkoal|19/100 par|[from] Sandstorm
|-heal|p1a: Tyranitar|44/100|[from] item: Leftovers
|upkeep
|turn|31
|
|t:|1779611329
|switch|p2a: Weezing|Weezing-Galar, F|63/100 par
|-ability|p2a: Weezing|Neutralizing Gas
|-damage|p2a: Weezing|50/100 par|[from] Stealth Rock
|move|p1a: Tyranitar|Knock Off|p2a: Weezing
|-resisted|p2a: Weezing
|-damage|p2a: Weezing|41/100 par
|
|-weather|Sandstorm|[upkeep]
|-damage|p2a: Weezing|35/100 par|[from] Sandstorm
|-heal|p1a: Tyranitar|50/100|[from] item: Leftovers
|upkeep
|turn|32
|
|t:|1779611337
|move|p1a: Tyranitar|Stone Edge|p2a: Weezing
|-damage|p2a: Weezing|4/100 par
|cant|p2a: Weezing|par
|
|-weather|Sandstorm|[upkeep]
|-damage|p2a: Weezing|0 fnt|[from] Sandstorm
|faint|p2a: Weezing
|-end|p2a: Weezing|ability: Neutralizing Gas
|-heal|p1a: Tyranitar|57/100|[from] item: Leftovers
|upkeep
|
|t:|1779611344
|switch|p2a: Torkoal|Torkoal, M|19/100 par
|-damage|p2a: Torkoal|0 fnt|[from] Stealth Rock
|faint|p2a: Torkoal
|
|t:|1779611346
|switch|p2a: Walking Wake|Walking Wake, tera:Water|70/100
|-damage|p2a: Walking Wake|57/100|[from] Stealth Rock
|turn|33
|
|t:|1779611364
|switch|p1a: Espeon|Espeon, M|11/100
|move|p2a: Walking Wake|Hydro Steam|p1a: Espeon
|-damage|p1a: Espeon|0 fnt
|faint|p1a: Espeon
|
|-weather|none
|upkeep
|
|t:|1779611371
|switch|p1a: Porygon2|Porygon2|67/100 brn
|turn|34
|
|t:|1779611377
|move|p2a: Walking Wake|Hydro Steam|p1a: Porygon2
|-damage|p1a: Porygon2|14/100 brn
|move|p1a: Porygon2|Recover|p1a: Porygon2
|-heal|p1a: Porygon2|64/100 brn
|
|-damage|p1a: Porygon2|58/100 brn|[from] brn
|upkeep
|turn|35
|
|t:|1779611382
|move|p2a: Walking Wake|Hydro Steam|p1a: Porygon2
|-damage|p1a: Porygon2|6/100 brn
|move|p1a: Porygon2|Thunder Wave|p2a: Walking Wake
|-status|p2a: Walking Wake|par
|
|-damage|p1a: Porygon2|0 fnt|[from] brn
|faint|p1a: Porygon2
|upkeep
|
|t:|1779611389
|switch|p1a: Tyranitar|Tyranitar, F|57/100
|-weather|Sandstorm|[from] ability: Sand Stream|[of] p1a: Tyranitar
|turn|36
|
|t:|1779611397
|-terastallize|p1a: Tyranitar|Ghost
|move|p2a: Walking Wake|Hydro Steam|p1a: Tyranitar
|-damage|p1a: Tyranitar|8/100
|move|p1a: Tyranitar|Stone Edge|p2a: Walking Wake|[miss]
|-miss|p1a: Tyranitar|p2a: Walking Wake
|
|-weather|Sandstorm|[upkeep]
|-damage|p2a: Walking Wake|51/100 par|[from] Sandstorm
|-damage|p1a: Tyranitar|1/100|[from] Sandstorm
|-heal|p1a: Tyranitar|8/100|[from] item: Leftovers
|upkeep
|turn|37
|
|t:|1779611403
|move|p2a: Walking Wake|Hydro Steam|p1a: Tyranitar
|-damage|p1a: Tyranitar|0 fnt
|faint|p1a: Tyranitar
|
|win|rebefzreet
|raw|Nickthenickthenick's rating: 1382 &rarr; <strong>1362</strong><br />(-20 for losing)
|raw|rebefzreet's rating: 1383 &rarr; <strong>1403</strong><br />(+20 for winning)
|l|☆Nickthenickthenick
|player|p1|
|n|☆rebefzreet|rebefzreet
|l| Concept Everything
|l|☆rebefzreet
|player|p2|
