|j|☆WarpPal
|j|☆Hurt she squirt
|t:|1779722247
|gametype|singles
|player|p1|WarpPal|veteran|1252
|player|p2|Hurt she squirt|266|1266
|gen|9
|tier|[Gen 9] OU
|rated|
|rule|HP Percentage Mod: HP is shown in percentages
|rule|Endless Battle Clause: Forcing endless battles is banned
|rule|Species Clause: Limit one of each Pokémon
|rule|OHKO Clause: OHKO moves are banned
|rule|Evasion Items Clause: Evasion items are banned
|rule|Evasion Moves Clause: Evasion moves are banned
|rule|Evasion Abilities Clause: Evasion abilities are banned
|rule|Sleep Moves Clause: Sleep-inducing moves are banned
|clearpoke
|poke|p1|Mienshao, F|
|poke|p1|Arcanine-Hisui, F|
|poke|p1|Gliscor, M|
|poke|p1|Greninja-*, M|
|poke|p1|Toxapex, M|
|poke|p1|Corviknight, F|
|poke|p2|Rillaboom, F|
|poke|p2|Zamazenta-*|
|poke|p2|Landorus-Therian, M|
|poke|p2|Weezing-Galar, F|
|poke|p2|Kingambit, F|
|poke|p2|Ogerpon-Wellspring, F|
|teampreview
|
|t:|1779722260
|teamsize|p1|6
|teamsize|p2|6
|start
|switch|p1a: Gliscor|Gliscor, M|100/100
|switch|p2a: Tiger King|Landorus-Therian, M|100/100
|-ability|p2a: Tiger King|Intimidate|boost
|-unboost|p1a: Gliscor|atk|1
|turn|1
|inactive|Battle timer is ON: inactive players will automatically lose when time's up. (requested by Hurt she squirt)
|
|t:|1779722268
|move|p2a: Tiger King|Stealth Rock|p1a: Gliscor
|-sidestart|p1: WarpPal|move: Stealth Rock
|move|p1a: Gliscor|Swords Dance|p1a: Gliscor
|-boost|p1a: Gliscor|atk|2
|
|-status|p1a: Gliscor|tox|[from] item: Toxic Orb
|upkeep
|turn|2
|
|t:|1779722274
|move|p2a: Tiger King|U-turn|p1a: Gliscor
|-resisted|p1a: Gliscor
|-damage|p1a: Gliscor|93/100 tox
|
|t:|1779722285
|switch|p2a: RIP BOZO|Weezing-Galar, F|100/100|[from] U-turn
|-ability|p2a: RIP BOZO|Neutralizing Gas
|move|p1a: Gliscor|Facade|p2a: RIP BOZO
|-damage|p2a: RIP BOZO|70/100
|
|-damage|p1a: Gliscor|87/100 tox|[from] psn
|upkeep
|turn|3
|
|t:|1779722293
|move|p1a: Gliscor|Earthquake|p2a: RIP BOZO
|-supereffective|p2a: RIP BOZO
|-damage|p2a: RIP BOZO|10/100
|move|p2a: RIP BOZO|Pain Split|p1a: Gliscor
|-sethp|p1a: Gliscor|48/100 tox|[from] move: Pain Split|[silent]
|-sethp|p2a: RIP BOZO|50/100|[from] move: Pain Split
|
|-damage|p1a: Gliscor|35/100 tox|[from] psn
|upkeep
|turn|4
|
|t:|1779722302
|-end|p2a: RIP BOZO|ability: Neutralizing Gas
|switch|p2a: Tiger King|Landorus-Therian, M|100/100
|-ability|p2a: Tiger King|Intimidate|boost
|-unboost|p1a: Gliscor|atk|1
|move|p1a: Gliscor|Earthquake|p2a: Tiger King
|-immune|p2a: Tiger King
|
|-heal|p1a: Gliscor|48/100 tox|[from] ability: Poison Heal
|upkeep
|turn|5
|
|t:|1779722312
|move|p1a: Gliscor|Protect|p1a: Gliscor
|-singleturn|p1a: Gliscor|Protect
|move|p2a: Tiger King|U-turn|p1a: Gliscor
|-activate|p1a: Gliscor|move: Protect
|
|-heal|p1a: Gliscor|60/100 tox|[from] ability: Poison Heal
|upkeep
|turn|6
|
|t:|1779722318
|switch|p2a: Just a baby|Ogerpon-Wellspring, F|100/100
|move|p1a: Gliscor|Swords Dance|p1a: Gliscor
|-boost|p1a: Gliscor|atk|2
|
|-heal|p1a: Gliscor|73/100 tox|[from] ability: Poison Heal
|upkeep
|turn|7
|
|t:|1779722323
|move|p1a: Gliscor|Protect|p1a: Gliscor
|-singleturn|p1a: Gliscor|Protect
|move|p2a: Just a baby|Ivy Cudgel|p1a: Gliscor|[anim] Ivy Cudgel Water
|-activate|p1a: Gliscor|move: Protect
|
|-heal|p1a: Gliscor|85/100 tox|[from] ability: Poison Heal
|upkeep
|turn|8
|
|t:|1779722330
|move|p2a: Just a baby|Ivy Cudgel|p1a: Gliscor|[anim] Ivy Cudgel Water
|-supereffective|p1a: Gliscor
|-damage|p1a: Gliscor|0 fnt
|faint|p1a: Gliscor
|
|upkeep
|
|t:|1779722334
|switch|p1a: Mienshao|Mienshao, F, shiny|100/100
|-damage|p1a: Mienshao|95/100|[from] Stealth Rock
|turn|9
|
|t:|1779722339
|switch|p2a: Tiger King|Landorus-Therian, M|100/100
|-ability|p2a: Tiger King|Intimidate|boost
|-unboost|p1a: Mienshao|atk|1
|move|p1a: Mienshao|U-turn|p2a: Tiger King
|-resisted|p2a: Tiger King
|-damage|p2a: Tiger King|92/100
|-damage|p1a: Mienshao|78/100|[from] item: Rocky Helmet|[of] p2a: Tiger King
|
|t:|1779722342
|switch|p1a: Greninja|Greninja, M|100/100|[from] U-turn
|-damage|p1a: Greninja|88/100|[from] Stealth Rock
|
|upkeep
|turn|10
|
|t:|1779722355
|switch|p2a: Fortnite Lobby|Rillaboom, F|100/100
|-fieldstart|move: Grassy Terrain|[from] ability: Grassy Surge|[of] p2a: Fortnite Lobby
|move|p1a: Greninja|Ice Beam|p2a: Fortnite Lobby
|-supereffective|p2a: Fortnite Lobby
|-damage|p2a: Fortnite Lobby|34/100
|-damage|p1a: Greninja|78/100|[from] item: Life Orb
|
|-heal|p1a: Greninja|84/100|[from] Grassy Terrain
|-heal|p2a: Fortnite Lobby|40/100|[from] Grassy Terrain
|upkeep
|turn|11
|
|t:|1779722363
|switch|p1a: Corviknight|Corviknight, F, shiny|100/100
|-damage|p1a: Corviknight|88/100|[from] Stealth Rock
|-ability|p1a: Corviknight|Pressure
|move|p2a: Fortnite Lobby|Grassy Glide|p1a: Corviknight
|-resisted|p1a: Corviknight
|-damage|p1a: Corviknight|83/100
|-damage|p2a: Fortnite Lobby|24/100|[from] item: Rocky Helmet|[of] p1a: Corviknight
|
|-heal|p2a: Fortnite Lobby|30/100|[from] Grassy Terrain
|upkeep
|turn|12
|
|t:|1779722371
|switch|p2a: RIP BOZO|Weezing-Galar, F|50/100
|-ability|p2a: RIP BOZO|Neutralizing Gas
|move|p1a: Corviknight|Iron Defense|p1a: Corviknight
|-boost|p1a: Corviknight|def|2
|
|-heal|p2a: RIP BOZO|56/100|[from] Grassy Terrain
|upkeep
|turn|13
|
|t:|1779722376
|move|p1a: Corviknight|Body Press|p2a: RIP BOZO
|-resisted|p2a: RIP BOZO
|-damage|p2a: RIP BOZO|48/100
|move|p2a: RIP BOZO|Will-O-Wisp|p1a: Corviknight
|-status|p1a: Corviknight|brn
|
|-heal|p2a: RIP BOZO|54/100|[from] Grassy Terrain
|-damage|p1a: Corviknight|77/100 brn|[from] brn
|upkeep
|turn|14
|
|t:|1779722381
|move|p1a: Corviknight|Body Press|p2a: RIP BOZO
|-resisted|p2a: RIP BOZO
|-damage|p2a: RIP BOZO|50/100
|move|p2a: RIP BOZO|Strange Steam|p1a: Corviknight
|-resisted|p1a: Corviknight
|-damage|p1a: Corviknight|63/100 brn
|
|-heal|p2a: RIP BOZO|56/100|[from] Grassy Terrain
|-damage|p1a: Corviknight|57/100 brn|[from] brn
|-fieldend|move: Grassy Terrain
|upkeep
|turn|15
|
|t:|1779722390
|move|p1a: Corviknight|U-turn|p2a: RIP BOZO
|-resisted|p2a: RIP BOZO
|-damage|p2a: RIP BOZO|55/100
|
|t:|1779722396
|switch|p1a: Arcanine|Arcanine-Hisui, F|100/100|[from] U-turn
|-damage|p1a: Arcanine|76/100|[from] Stealth Rock
|move|p2a: RIP BOZO|Strange Steam|p1a: Arcanine
|-resisted|p1a: Arcanine
|-damage|p1a: Arcanine|60/100
|
|upkeep
|turn|16
|
|t:|1779722401
|move|p1a: Arcanine|Head Smash|p2a: RIP BOZO
|-damage|p2a: RIP BOZO|0 fnt
|faint|p2a: RIP BOZO
|-end|p2a: RIP BOZO|ability: Neutralizing Gas
|
|upkeep
|
|t:|1779722426
|switch|p2a: Just a baby|Ogerpon-Wellspring, F|100/100
|turn|17
|
|t:|1779722429
|switch|p1a: Toxapex|Toxapex, M, shiny|100/100
|move|p2a: Just a baby|Ivy Cudgel|p1a: Toxapex|[anim] Ivy Cudgel Water
|-resisted|p1a: Toxapex
|-damage|p1a: Toxapex|82/100
|
|upkeep
|turn|18
|
|t:|1779722435
|move|p2a: Just a baby|U-turn|p1a: Toxapex
|-resisted|p1a: Toxapex
|-damage|p1a: Toxapex|74/100
|
|t:|1779722445
|switch|p2a: Tiger King|Landorus-Therian, M|92/100|[from] U-turn
|-ability|p2a: Tiger King|Intimidate|boost
|-unboost|p1a: Toxapex|atk|1
|move|p1a: Toxapex|Infestation|p2a: Tiger King
|-resisted|p2a: Tiger King
|-damage|p2a: Tiger King|91/100
|-activate|p2a: Tiger King|move: Infestation|[of] p1a: Toxapex
|-damage|p1a: Toxapex|57/100|[from] item: Rocky Helmet|[of] p2a: Tiger King
|
|-damage|p2a: Tiger King|79/100|[from] move: Infestation|[partiallytrapped]
|upkeep
|turn|19
|
|t:|1779722454
|switch|p1a: Corviknight|Corviknight, F, shiny|57/100 brn
|-damage|p1a: Corviknight|45/100 brn|[from] Stealth Rock
|-ability|p1a: Corviknight|Pressure
|move|p2a: Tiger King|Earth Power|p1a: Corviknight
|-immune|p1a: Corviknight
|
|-damage|p1a: Corviknight|39/100 brn|[from] brn
|-end|p2a: Tiger King|Infestation|[partiallytrapped]|[silent]
|upkeep
|turn|20
|
|t:|1779722470
|switch|p2a: Fortnite Lobby|Rillaboom, F|30/100
|-fieldstart|move: Grassy Terrain|[from] ability: Grassy Surge|[of] p2a: Fortnite Lobby
|move|p1a: Corviknight|Roost|p1a: Corviknight
|-heal|p1a: Corviknight|89/100 brn
|-singleturn|p1a: Corviknight|move: Roost
|
|-heal|p2a: Fortnite Lobby|36/100|[from] Grassy Terrain
|-heal|p1a: Corviknight|95/100 brn|[from] Grassy Terrain
|-damage|p1a: Corviknight|89/100 brn|[from] brn
|upkeep
|turn|21
|
|t:|1779722476
|switch|p2a: Just a baby|Ogerpon-Wellspring, F|100/100
|move|p1a: Corviknight|Body Press|p2a: Just a baby
|-damage|p2a: Just a baby|83/100
|
|-heal|p2a: Just a baby|89/100|[from] Grassy Terrain
|-damage|p1a: Corviknight|83/100 brn|[from] brn
|upkeep
|turn|22
|
|t:|1779722483
|-terastallize|p2a: Just a baby|Water
|detailschange|p2a: Just a baby|Ogerpon-Wellspring-Tera, F, tera:Water
|-ability|p2a: Just a baby|Embody Aspect (Wellspring)|boost
|-boost|p2a: Just a baby|spd|1
|move|p2a: Just a baby|Ivy Cudgel|p1a: Corviknight|[anim] Ivy Cudgel Water
|-damage|p1a: Corviknight|36/100 brn
|move|p1a: Corviknight|U-turn|p2a: Just a baby
|-damage|p2a: Just a baby|79/100
|
|t:|1779722493
|switch|p1a: Mienshao|Mienshao, F, shiny|100/100|[from] U-turn
|-damage|p1a: Mienshao|95/100|[from] Stealth Rock
|
|-heal|p1a: Mienshao|100/100|[from] Grassy Terrain
|-heal|p2a: Just a baby|85/100|[from] Grassy Terrain
|upkeep
|turn|23
|
|t:|1779722498
|switch|p2a: Tiger King|Landorus-Therian, M|79/100
|-ability|p2a: Tiger King|Intimidate|boost
|-unboost|p1a: Mienshao|atk|1
|-terastallize|p1a: Mienshao|Fighting
|move|p1a: Mienshao|Close Combat|p2a: Tiger King
|-resisted|p2a: Tiger King
|-damage|p2a: Tiger King|50/100
|-unboost|p1a: Mienshao|def|1
|-unboost|p1a: Mienshao|spd|1
|-damage|p1a: Mienshao|84/100|[from] item: Rocky Helmet|[of] p2a: Tiger King
|
|-heal|p1a: Mienshao|90/100|[from] Grassy Terrain
|upkeep
|turn|24
|
|t:|1779722506
|switch|p1a: Corviknight|Corviknight, F, shiny|36/100 brn
|-damage|p1a: Corviknight|23/100 brn|[from] Stealth Rock
|-ability|p1a: Corviknight|Pressure
|move|p2a: Tiger King|U-turn|p1a: Corviknight
|-resisted|p1a: Corviknight
|-damage|p1a: Corviknight|21/100 brn
|-damage|p2a: Tiger King|33/100|[from] item: Rocky Helmet|[of] p1a: Corviknight
|
|t:|1779722510
|switch|p2a: Just a baby|Ogerpon-Wellspring-Tera, F, tera:Water|85/100|[from] U-turn
|-ability|p2a: Just a baby|Embody Aspect (Wellspring)|boost
|-boost|p2a: Just a baby|spd|1
|
|-heal|p2a: Just a baby|91/100|[from] Grassy Terrain
|-damage|p1a: Corviknight|15/100 brn|[from] brn
|-fieldend|move: Grassy Terrain
|upkeep
|turn|25
|
|t:|1779722514
|move|p2a: Just a baby|Ivy Cudgel|p1a: Corviknight|[anim] Ivy Cudgel Water
|-damage|p1a: Corviknight|0 fnt
|faint|p1a: Corviknight
|
|upkeep
|
|t:|1779722523
|switch|p1a: Mienshao|Mienshao, F, shiny, tera:Fighting|100/100
|-damage|p1a: Mienshao|95/100|[from] Stealth Rock
|turn|26
|
|t:|1779722525
|switch|p2a: Tiger King|Landorus-Therian, M|33/100
|-ability|p2a: Tiger King|Intimidate|boost
|-unboost|p1a: Mienshao|atk|1
|move|p1a: Mienshao|Close Combat|p2a: Tiger King
|-resisted|p2a: Tiger King
|-damage|p2a: Tiger King|8/100
|-unboost|p1a: Mienshao|def|1
|-unboost|p1a: Mienshao|spd|1
|-damage|p1a: Mienshao|78/100|[from] item: Rocky Helmet|[of] p2a: Tiger King
|
|upkeep
|turn|27
|
|t:|1779722530
|move|p1a: Mienshao|Close Combat|p2a: Tiger King
|-resisted|p2a: Tiger King
|-damage|p2a: Tiger King|0 fnt
|-unboost|p1a: Mienshao|def|1
|-unboost|p1a: Mienshao|spd|1
|-damage|p1a: Mienshao|61/100|[from] item: Rocky Helmet|[of] p2a: Tiger King
|faint|p2a: Tiger King
|
|upkeep
|
|t:|1779722538
|switch|p2a: Fortnite Lobby|Rillaboom, F|36/100
|-fieldstart|move: Grassy Terrain|[from] ability: Grassy Surge|[of] p2a: Fortnite Lobby
|turn|28
|
|t:|1779722542
|switch|p1a: Toxapex|Toxapex, M, shiny|91/100
|move|p2a: Fortnite Lobby|Grassy Glide|p1a: Toxapex
|-damage|p1a: Toxapex|70/100
|
|-heal|p2a: Fortnite Lobby|42/100|[from] Grassy Terrain
|-heal|p1a: Toxapex|76/100|[from] Grassy Terrain
|upkeep
|turn|29
|
|t:|1779722557
|move|p2a: Fortnite Lobby|Knock Off|p1a: Toxapex
|-damage|p1a: Toxapex|56/100
|-enditem|p1a: Toxapex|Heavy-Duty Boots|[from] move: Knock Off|[of] p2a: Fortnite Lobby
|move|p1a: Toxapex|Infestation|p2a: Fortnite Lobby
|-supereffective|p2a: Fortnite Lobby
|-damage|p2a: Fortnite Lobby|37/100
|-activate|p2a: Fortnite Lobby|move: Infestation|[of] p1a: Toxapex
|
|-heal|p2a: Fortnite Lobby|43/100|[from] Grassy Terrain
|-heal|p1a: Toxapex|62/100|[from] Grassy Terrain
|-damage|p2a: Fortnite Lobby|30/100|[from] move: Infestation|[partiallytrapped]
|upkeep
|turn|30
|
|t:|1779722562
|move|p2a: Fortnite Lobby|Wood Hammer|p1a: Toxapex
|-damage|p1a: Toxapex|10/100
|-damage|p2a: Fortnite Lobby|15/100|[from] Recoil
|move|p1a: Toxapex|Toxic|p2a: Fortnite Lobby
|-status|p2a: Fortnite Lobby|tox
|
|-heal|p2a: Fortnite Lobby|21/100 tox|[from] Grassy Terrain
|-heal|p1a: Toxapex|16/100|[from] Grassy Terrain
|-damage|p2a: Fortnite Lobby|15/100 tox|[from] psn
|-damage|p2a: Fortnite Lobby|3/100 tox|[from] move: Infestation|[partiallytrapped]
|upkeep
|turn|31
|
|t:|1779722570
|switch|p1a: Arcanine|Arcanine-Hisui, F|60/100
|-damage|p1a: Arcanine|36/100|[from] Stealth Rock
|move|p2a: Fortnite Lobby|U-turn|p1a: Arcanine
|-resisted|p1a: Arcanine
|-damage|p1a: Arcanine|21/100
|
|t:|1779722573
|switch|p2a: Just a baby|Ogerpon-Wellspring-Tera, F, tera:Water|91/100|[from] U-turn
|-ability|p2a: Just a baby|Embody Aspect (Wellspring)|boost
|-boost|p2a: Just a baby|spd|1
|
|-heal|p2a: Just a baby|97/100|[from] Grassy Terrain
|-heal|p1a: Arcanine|27/100|[from] Grassy Terrain
|upkeep
|turn|32
|
|t:|1779722578
|move|p1a: Arcanine|Extreme Speed|p2a: Just a baby
|-damage|p2a: Just a baby|45/100
|move|p2a: Just a baby|Ivy Cudgel|p1a: Arcanine|[anim] Ivy Cudgel Water
|-supereffective|p1a: Arcanine
|-crit|p1a: Arcanine
|-damage|p1a: Arcanine|0 fnt
|faint|p1a: Arcanine
|
|-heal|p2a: Just a baby|51/100|[from] Grassy Terrain
|-fieldend|move: Grassy Terrain
|upkeep
|
|t:|1779722582
|switch|p1a: Greninja|Greninja, M|84/100
|-damage|p1a: Greninja|72/100|[from] Stealth Rock
|turn|33
|
|t:|1779722591
|move|p1a: Greninja|Grass Knot|p2a: Just a baby
|-supereffective|p2a: Just a baby
|-damage|p2a: Just a baby|16/100
|-damage|p1a: Greninja|62/100|[from] item: Life Orb
|move|p2a: Just a baby|Power Whip|p1a: Greninja
|-supereffective|p1a: Greninja
|-damage|p1a: Greninja|0 fnt
|faint|p1a: Greninja
|
|upkeep
|
|t:|1779722595
|switch|p1a: Mienshao|Mienshao, F, shiny, tera:Fighting|95/100
|-damage|p1a: Mienshao|89/100|[from] Stealth Rock
|turn|34
|
|t:|1779722598
|switch|p2a: Fortnite Lobby|Rillaboom, F|3/100 tox
|-fieldstart|move: Grassy Terrain|[from] ability: Grassy Surge|[of] p2a: Fortnite Lobby
|move|p1a: Mienshao|Close Combat|p2a: Fortnite Lobby
|-damage|p2a: Fortnite Lobby|0 fnt
|-unboost|p1a: Mienshao|def|1
|-unboost|p1a: Mienshao|spd|1
|faint|p2a: Fortnite Lobby
|
|-heal|p1a: Mienshao|95/100|[from] Grassy Terrain
|upkeep
|
|t:|1779722606
|switch|p2a: body like alpha|Zamazenta|100/100
|-ability|p2a: body like alpha|Dauntless Shield|boost
|-boost|p2a: body like alpha|def|1
|turn|35
|
|t:|1779722615
|switch|p1a: Toxapex|Toxapex, M, shiny|49/100
|-damage|p1a: Toxapex|37/100|[from] Stealth Rock
|switch|p2a: Just a baby|Ogerpon-Wellspring-Tera, F, tera:Water|16/100
|-ability|p2a: Just a baby|Embody Aspect (Wellspring)|boost
|-boost|p2a: Just a baby|spd|1
|
|-heal|p2a: Just a baby|22/100|[from] Grassy Terrain
|-heal|p1a: Toxapex|43/100|[from] Grassy Terrain
|upkeep
|turn|36
|
|t:|1779722619
|move|p2a: Just a baby|Power Whip|p1a: Toxapex
|-damage|p1a: Toxapex|0 fnt
|faint|p1a: Toxapex
|
|-heal|p2a: Just a baby|28/100|[from] Grassy Terrain
|upkeep
|
|t:|1779722622
|switch|p1a: Mienshao|Mienshao, F, shiny, tera:Fighting|100/100
|-damage|p1a: Mienshao|95/100|[from] Stealth Rock
|turn|37
|
|t:|1779722627
|switch|p2a: Goobmaxxing|Kingambit, F|100/100
|-activate|p2a: Goobmaxxing|ability: Supreme Overlord
|-start|p2a: Goobmaxxing|fallen3|[silent]
|move|p1a: Mienshao|Close Combat|p2a: Goobmaxxing
|-supereffective|p2a: Goobmaxxing
|-damage|p2a: Goobmaxxing|0 fnt
|-unboost|p1a: Mienshao|def|1
|-unboost|p1a: Mienshao|spd|1
|faint|p2a: Goobmaxxing
|-end|p2a: Goobmaxxing|fallen3|[silent]
|
|-heal|p1a: Mienshao|100/100|[from] Grassy Terrain
|upkeep
|
|t:|1779722630
|switch|p2a: body like alpha|Zamazenta|100/100
|turn|38
|
|t:|1779722632
|move|p1a: Mienshao|Close Combat|p2a: body like alpha
|-damage|p2a: body like alpha|43/100
|-unboost|p1a: Mienshao|def|1
|-unboost|p1a: Mienshao|spd|1
|move|p2a: body like alpha|Iron Defense|p2a: body like alpha
|-boost|p2a: body like alpha|def|2
|
|-heal|p2a: body like alpha|49/100|[from] Grassy Terrain
|-heal|p2a: body like alpha|56/100|[from] item: Leftovers
|-fieldend|move: Grassy Terrain
|upkeep
|turn|39
|
|t:|1779722636
|move|p1a: Mienshao|Close Combat|p2a: body like alpha
|-damage|p2a: body like alpha|24/100
|-unboost|p1a: Mienshao|def|1
|-unboost|p1a: Mienshao|spd|1
|move|p2a: body like alpha|Body Press|p1a: Mienshao
|-damage|p1a: Mienshao|0 fnt
|faint|p1a: Mienshao
|
|win|Hurt she squirt
|raw|WarpPal's rating: 1252 &rarr; <strong>1228</strong><br />(-24 for losing)
|raw|Hurt she squirt's rating: 1266 &rarr; <strong>1290</strong><br />(+24 for winning)
|l|☆WarpPal
|player|p1|
|l|☆Hurt she squirt
|player|p2|
