|j|☆ascended tusk 69
|j|☆Quadfxther
|t:|1779667716
|gametype|singles
|player|p1|ascended tusk 69|biker|1479
|player|p2|Quadfxther|miku-water|1518
|gen|9
|tier|[Gen 9] OU
|rated|
|rule|HP Percentage Mod: HP is shown in percentages
|rule|Endless Battle Clause: Forcing endless battles is banned
|rule|Species Clause: Limit one of each Pokémon
|rule|OHKO Clause: OHKO moves are banned
|rule|Evasion Items Clause: Evasion items are banned
|rule|Evasion Moves Clause: Evasion moves are banned
|rule|Evasion Abilities Clause: Evasion abilities are banned
|rule|Sleep Moves Clause: Sleep-inducing moves are banned
|clearpoke
|poke|p1|Iron Moth|
|poke|p1|Gliscor, M|
|poke|p1|Hatterene, F|
|poke|p1|Ogerpon-Wellspring, F|
|poke|p1|Raging Bolt|
|poke|p1|Zamazenta-*|
|poke|p2|Araquanid, F|
|poke|p2|Gholdengo|
|poke|p2|Raging Bolt|
|poke|p2|Iron Valiant|
|poke|p2|Ceruledge, F|
|poke|p2|Deoxys-Speed|
|teampreview
|inactive|Battle timer is ON: inactive players will automatically lose when time's up. (requested by Quadfxther)
|c|☆ascended tusk 69|ladder
|
|t:|1779667731
|teamsize|p1|6
|teamsize|p2|6
|start
|switch|p1a: Suneater|Iron Moth|100/100
|switch|p2a: Araquanid|Araquanid, F|100/100
|-enditem|p1a: Suneater|Booster Energy
|-activate|p1a: Suneater|ability: Quark Drive|[fromitem]
|-start|p1a: Suneater|quarkdrivespe
|turn|1
|j| Kyurem
|j| besudo
|
|t:|1779667740
|move|p1a: Suneater|Toxic Spikes|p2a: Araquanid
|-sidestart|p2: Quadfxther|move: Toxic Spikes
|move|p2a: Araquanid|Surf|p1a: Suneater
|-supereffective|p1a: Suneater
|-damage|p1a: Suneater|28/100
|
|upkeep
|turn|2
|
|t:|1779667748
|move|p1a: Suneater|Sludge Wave|p2a: Araquanid
|-damage|p2a: Araquanid|70/100
|move|p2a: Araquanid|Surf|p1a: Suneater
|-supereffective|p1a: Suneater
|-damage|p1a: Suneater|0 fnt
|faint|p1a: Suneater
|-end|p1a: Suneater|Quark Drive|[silent]
|
|upkeep
|
|t:|1779667754
|switch|p1a: SLICE|Hatterene, F|100/100
|turn|3
|
|t:|1779667762
|move|p2a: Araquanid|Surf|p1a: SLICE
|-damage|p1a: SLICE|61/100
|move|p1a: SLICE|Calm Mind|p1a: SLICE
|-boost|p1a: SLICE|spa|1
|-boost|p1a: SLICE|spd|1
|
|-heal|p1a: SLICE|67/100|[from] item: Leftovers
|upkeep
|turn|4
|
|t:|1779667771
|switch|p2a: Ceruledge|Ceruledge, F|100/100
|-status|p2a: Ceruledge|psn
|move|p1a: SLICE|Draining Kiss|p2a: Ceruledge
|-resisted|p2a: Ceruledge
|-damage|p2a: Ceruledge|79/100 psn
|-heal|p1a: SLICE|82/100|[from] drain|[of] p2a: Ceruledge
|
|-heal|p1a: SLICE|88/100|[from] item: Leftovers
|-damage|p2a: Ceruledge|67/100 psn|[from] psn
|upkeep
|turn|5
|
|t:|1779667778
|switch|p1a: Dorg|Zamazenta|100/100
|-ability|p1a: Dorg|Dauntless Shield|boost
|-boost|p1a: Dorg|def|1
|move|p2a: Ceruledge|Bitter Blade|p1a: Dorg
|-damage|p1a: Dorg|72/100
|-heal|p2a: Ceruledge|85/100 psn|[from] drain|[of] p1a: Dorg
|
|-damage|p2a: Ceruledge|73/100 psn|[from] psn
|upkeep
|turn|6
|
|t:|1779667786
|switch|p2a: Araquanid|Araquanid, F|70/100
|-status|p2a: Araquanid|psn
|move|p1a: Dorg|Reflect|p1a: Dorg
|-sidestart|p1: ascended tusk 69|Reflect
|
|-damage|p2a: Araquanid|58/100 psn|[from] psn
|upkeep
|turn|7
|
|t:|1779667793
|switch|p1a: SLICE|Hatterene, F|88/100
|move|p2a: Araquanid|Surf|p1a: SLICE
|-damage|p1a: SLICE|49/100
|
|-heal|p1a: SLICE|55/100|[from] item: Leftovers
|-damage|p2a: Araquanid|45/100 psn|[from] psn
|upkeep
|turn|8
|
|t:|1779667798
|switch|p2a: Ceruledge|Ceruledge, F|73/100 psn
|move|p1a: SLICE|Calm Mind|p1a: SLICE
|-boost|p1a: SLICE|spa|1
|-boost|p1a: SLICE|spd|1
|
|-heal|p1a: SLICE|61/100|[from] item: Leftovers
|-damage|p2a: Ceruledge|61/100 psn|[from] psn
|upkeep
|turn|9
|
|t:|1779667810
|switch|p1a: Dorg|Zamazenta|72/100
|move|p2a: Ceruledge|Bitter Blade|p1a: Dorg
|-damage|p1a: Dorg|53/100
|-heal|p2a: Ceruledge|73/100 psn|[from] drain|[of] p1a: Dorg
|
|-damage|p2a: Ceruledge|61/100 psn|[from] psn
|upkeep
|turn|10
|
|t:|1779667817
|move|p1a: Dorg|Light Screen|p1a: Dorg
|-sidestart|p1: ascended tusk 69|move: Light Screen
|move|p2a: Ceruledge|Bitter Blade|p1a: Dorg
|-damage|p1a: Dorg|33/100
|-heal|p2a: Ceruledge|74/100 psn|[from] drain|[of] p1a: Dorg
|
|-damage|p2a: Ceruledge|62/100 psn|[from] psn
|upkeep
|turn|11
|
|t:|1779667823
|switch|p1a: Tenko|Gliscor, M|100/100
|move|p2a: Ceruledge|Bitter Blade|p1a: Tenko
|-damage|p1a: Tenko|77/100
|-heal|p2a: Ceruledge|74/100 psn|[from] drain|[of] p1a: Tenko
|
|-damage|p2a: Ceruledge|62/100 psn|[from] psn
|-status|p1a: Tenko|tox|[from] item: Toxic Orb
|upkeep
|turn|12
|
|t:|1779667834
|switch|p2a: Gholdengo|Gholdengo|100/100
|-item|p2a: Gholdengo|Air Balloon
|move|p1a: Tenko|Agility|p1a: Tenko
|-boost|p1a: Tenko|spe|2
|
|-heal|p1a: Tenko|89/100 tox|[from] ability: Poison Heal
|upkeep
|turn|13
|
|t:|1779667845
|switch|p1a: BONK|Ogerpon-Wellspring, F|100/100
|move|p2a: Gholdengo|Shadow Ball|p1a: BONK
|-damage|p1a: BONK|75/100
|
|-sideend|p1: ascended tusk 69|Reflect
|upkeep
|turn|14
|
|t:|1779667851
|switch|p2a: Araquanid|Araquanid, F|45/100 psn
|move|p1a: BONK|Ivy Cudgel|p2a: Araquanid|[anim] Ivy Cudgel Water
|-resisted|p2a: Araquanid
|-damage|p2a: Araquanid|13/100 psn
|
|-damage|p2a: Araquanid|0 fnt|[from] psn
|faint|p2a: Araquanid
|upkeep
|
|t:|1779667863
|switch|p2a: Raging Bolt|Raging Bolt|100/100
|-status|p2a: Raging Bolt|psn
|-enditem|p2a: Raging Bolt|Booster Energy
|-activate|p2a: Raging Bolt|ability: Protosynthesis|[fromitem]
|-start|p2a: Raging Bolt|protosynthesisspa
|turn|15
|j| dooozdzdz
|
|t:|1779667868
|switch|p1a: Dorg|Zamazenta|33/100
|move|p2a: Raging Bolt|Dragon Pulse|p1a: Dorg
|-damage|p1a: Dorg|11/100
|
|-damage|p2a: Raging Bolt|88/100 psn|[from] psn
|upkeep
|turn|16
|l| dooozdzdz
|
|t:|1779667874
|move|p1a: Dorg|Reflect|p1a: Dorg
|-sidestart|p1: ascended tusk 69|Reflect
|move|p2a: Raging Bolt|Dragon Pulse|p1a: Dorg
|-damage|p1a: Dorg|0 fnt
|faint|p1a: Dorg
|
|-damage|p2a: Raging Bolt|76/100 psn|[from] psn
|upkeep
|
|t:|1779667891
|switch|p1a: SLICE|Hatterene, F|61/100
|turn|17
|
|t:|1779667896
|move|p2a: Raging Bolt|Thunderbolt|p1a: SLICE
|-damage|p1a: SLICE|28/100
|-status|p1a: SLICE|par
|move|p1a: SLICE|Calm Mind|p1a: SLICE
|-boost|p1a: SLICE|spa|1
|-boost|p1a: SLICE|spd|1
|
|-heal|p1a: SLICE|34/100 par|[from] item: Leftovers
|-damage|p2a: Raging Bolt|64/100 psn|[from] psn
|-sideend|p1: ascended tusk 69|move: Light Screen
|upkeep
|turn|18
|c|☆ascended tusk 69|holy LUCK
|
|t:|1779667903
|-end|p2a: Raging Bolt|Protosynthesis|[silent]
|switch|p2a: Ceruledge|Ceruledge, F|62/100 psn
|move|p1a: SLICE|Draining Kiss|p2a: Ceruledge
|-resisted|p2a: Ceruledge
|-damage|p2a: Ceruledge|41/100 psn
|-heal|p1a: SLICE|48/100 par|[from] drain|[of] p2a: Ceruledge
|
|-heal|p1a: SLICE|54/100 par|[from] item: Leftovers
|-damage|p2a: Ceruledge|28/100 psn|[from] psn
|upkeep
|turn|19
|
|t:|1779667912
|move|p2a: Ceruledge|Bitter Blade|p1a: SLICE
|-damage|p1a: SLICE|35/100 par
|-heal|p2a: Ceruledge|39/100 psn|[from] drain|[of] p1a: SLICE
|cant|p1a: SLICE|par
|
|-heal|p1a: SLICE|41/100 par|[from] item: Leftovers
|-damage|p2a: Ceruledge|27/100 psn|[from] psn
|upkeep
|turn|20
|c|☆ascended tusk 69|holy LUCK
|
|t:|1779667920
|move|p2a: Ceruledge|Bitter Blade|p1a: SLICE
|-damage|p1a: SLICE|19/100 par
|-heal|p2a: Ceruledge|39/100 psn|[from] drain|[of] p1a: SLICE
|move|p1a: SLICE|Draining Kiss|p2a: Ceruledge
|-resisted|p2a: Ceruledge
|-damage|p2a: Ceruledge|20/100 psn
|-heal|p1a: SLICE|32/100 par|[from] drain|[of] p2a: Ceruledge
|
|-heal|p1a: SLICE|38/100 par|[from] item: Leftovers
|-damage|p2a: Ceruledge|7/100 psn|[from] psn
|upkeep
|turn|21
|
|t:|1779667929
|move|p2a: Ceruledge|Bitter Blade|p1a: SLICE
|-damage|p1a: SLICE|17/100 par
|-heal|p2a: Ceruledge|19/100 psn|[from] drain|[of] p1a: SLICE
|move|p1a: SLICE|Calm Mind|p1a: SLICE
|-boost|p1a: SLICE|spa|1
|-boost|p1a: SLICE|spd|1
|
|-heal|p1a: SLICE|23/100 par|[from] item: Leftovers
|-damage|p2a: Ceruledge|7/100 psn|[from] psn
|upkeep
|turn|22
|
|t:|1779667936
|move|p2a: Ceruledge|Bitter Blade|p1a: SLICE
|-damage|p1a: SLICE|0 fnt
|-heal|p2a: Ceruledge|19/100 psn|[from] drain|[of] p1a: SLICE
|faint|p1a: SLICE
|
|-damage|p2a: Ceruledge|7/100 psn|[from] psn
|upkeep
|c|☆ascended tusk 69|stopud luck
|
|t:|1779667945
|switch|p1a: BONK|Ogerpon-Wellspring, F|75/100
|turn|23
|
|t:|1779667949
|move|p2a: Ceruledge|Shadow Sneak|p1a: BONK
|-damage|p1a: BONK|61/100
|move|p1a: BONK|Trailblaze|p2a: Ceruledge
|-resisted|p2a: Ceruledge
|-damage|p2a: Ceruledge|0 fnt
|-boost|p1a: BONK|spe|1
|faint|p2a: Ceruledge
|
|-sideend|p1: ascended tusk 69|Reflect
|upkeep
|
|t:|1779667963
|switch|p2a: Raging Bolt|Raging Bolt|64/100 psn
|turn|24
|
|t:|1779667989
|move|p1a: BONK|Ivy Cudgel|p2a: Raging Bolt|[anim] Ivy Cudgel Water
|-resisted|p2a: Raging Bolt
|-damage|p2a: Raging Bolt|34/100 psn
|move|p2a: Raging Bolt|Thunderbolt|p1a: BONK
|-damage|p1a: BONK|4/100
|
|-damage|p2a: Raging Bolt|22/100 psn|[from] psn
|upkeep
|turn|25
|
|t:|1779667997
|move|p2a: Raging Bolt|Thunderclap||[still]
|-fail|p2a: Raging Bolt
|move|p1a: BONK|Encore|p2a: Raging Bolt
|-start|p2a: Raging Bolt|Encore
|
|-damage|p2a: Raging Bolt|10/100 psn|[from] psn
|upkeep
|turn|26
|
|t:|1779668004
|move|p2a: Raging Bolt|Thunderclap||[still]
|-fail|p2a: Raging Bolt
|move|p1a: BONK|Swords Dance|p1a: BONK
|-boost|p1a: BONK|atk|2
|
|-damage|p2a: Raging Bolt|0 fnt|[from] psn
|faint|p2a: Raging Bolt
|-end|p2a: Raging Bolt|Protosynthesis|[silent]
|upkeep
|
|t:|1779668007
|switch|p2a: Iron Valiant|Iron Valiant|100/100
|-status|p2a: Iron Valiant|psn
|-enditem|p2a: Iron Valiant|Booster Energy
|-activate|p2a: Iron Valiant|ability: Quark Drive|[fromitem]
|-start|p2a: Iron Valiant|quarkdrivespa
|turn|27
|
|t:|1779668015
|move|p2a: Iron Valiant|Vacuum Wave|p1a: BONK
|-damage|p1a: BONK|0 fnt
|faint|p1a: BONK
|
|-damage|p2a: Iron Valiant|88/100 psn|[from] psn
|upkeep
|
|t:|1779668019
|switch|p1a: Tenko|Gliscor, M|89/100 tox
|turn|28
|
|t:|1779668027
|move|p2a: Iron Valiant|Moonblast|p1a: Tenko
|-damage|p1a: Tenko|1/100 tox
|move|p1a: Tenko|Earthquake|p2a: Iron Valiant
|-damage|p2a: Iron Valiant|26/100 psn
|
|-damage|p2a: Iron Valiant|13/100 psn|[from] psn
|-heal|p1a: Tenko|13/100 tox|[from] ability: Poison Heal
|upkeep
|turn|29
|
|t:|1779668033
|move|p2a: Iron Valiant|Moonblast|p1a: Tenko
|-damage|p1a: Tenko|0 fnt
|faint|p1a: Tenko
|
|-damage|p2a: Iron Valiant|1/100 psn|[from] psn
|upkeep
|
|t:|1779668036
|switch|p1a: Exegutor-Alola|Raging Bolt|100/100
|-enditem|p1a: Exegutor-Alola|Booster Energy
|-activate|p1a: Exegutor-Alola|ability: Protosynthesis|[fromitem]
|-start|p1a: Exegutor-Alola|protosynthesisspa
|turn|30
|
|t:|1779668047
|-terastallize|p1a: Exegutor-Alola|Ghost
|move|p2a: Iron Valiant|Moonblast|p1a: Exegutor-Alola
|-damage|p1a: Exegutor-Alola|33/100
|-unboost|p1a: Exegutor-Alola|spa|1
|move|p1a: Exegutor-Alola|Calm Mind|p1a: Exegutor-Alola
|-boost|p1a: Exegutor-Alola|spa|1
|-boost|p1a: Exegutor-Alola|spd|1
|
|-damage|p2a: Iron Valiant|0 fnt|[from] psn
|faint|p2a: Iron Valiant
|-end|p2a: Iron Valiant|Quark Drive|[silent]
|upkeep
|c|☆ascended tusk 69|holy LUCK
|
|t:|1779668055
|switch|p2a: Gholdengo|Gholdengo|100/100
|-item|p2a: Gholdengo|Air Balloon
|turn|31
|c|☆ascended tusk 69|utter luckiest jobber jobber
|c|☆Quadfxther|quit your yapping, part of the game
|c|☆ascended tusk 69|shut it
|
|t:|1779668075
|move|p2a: Gholdengo|Shadow Ball|p1a: Exegutor-Alola
|-supereffective|p1a: Exegutor-Alola
|-damage|p1a: Exegutor-Alola|0 fnt
|faint|p1a: Exegutor-Alola
|-end|p1a: Exegutor-Alola|Protosynthesis|[silent]
|
|win|Quadfxther
|raw|ascended tusk 69's rating: 1479 &rarr; <strong>1461</strong><br />(-18 for losing)
|raw|Quadfxther's rating: 1518 &rarr; <strong>1536</strong><br />(+18 for winning)
|c|☆ascended tusk 69|jobber
|c|☆ascended tusk 69|you are job
|l|☆ascended tusk 69
|player|p1|
|l|☆Quadfxther
|player|p2|
|l| besudo
|l| Kyurem
|j| RobinaAddMyPalFuwa
|j| Gunkip
|l| Gunkip
