|j|☆sansdddsans
|j|☆qwiss239
|t:|1779630878
|gametype|singles
|player|p1|sansdddsans|1|1069
|player|p2|qwiss239|galacticgrunt|1076
|gen|9
|tier|[Gen 9] OU
|rated|
|rule|HP Percentage Mod: HP is shown in percentages
|rule|Endless Battle Clause: Forcing endless battles is banned
|rule|Species Clause: Limit one of each Pokémon
|rule|OHKO Clause: OHKO moves are banned
|rule|Evasion Items Clause: Evasion items are banned
|rule|Evasion Moves Clause: Evasion moves are banned
|rule|Evasion Abilities Clause: Evasion abilities are banned
|rule|Sleep Moves Clause: Sleep-inducing moves are banned
|clearpoke
|poke|p1|Ceruledge, M|
|poke|p1|Venusaur, M|
|poke|p1|Greninja-*, F|
|poke|p1|Gliscor, F|
|poke|p1|Mimikyu, F|
|poke|p1|Kingambit, F|
|poke|p2|Chandelure, F|
|poke|p2|Gliscor, F|
|poke|p2|Froslass, F|
|poke|p2|Scizor, F|
|poke|p2|Luxray, M|
|poke|p2|Rhyperior, M|
|teampreview
|
|t:|1779630886
|teamsize|p1|6
|teamsize|p2|6
|start
|switch|p1a: Greninja|Greninja, F, shiny|100/100
|switch|p2a: Froslass|Froslass, F, shiny|100/100
|turn|1
|
|t:|1779630900
|move|p2a: Froslass|Substitute|p2a: Froslass
|-start|p2a: Froslass|Substitute
|-damage|p2a: Froslass|76/100
|move|p1a: Greninja|Dark Pulse|p2a: Froslass
|-supereffective|p2a: Froslass
|-end|p2a: Froslass|Substitute
|
|upkeep
|turn|2
|
|t:|1779630907
|-terastallize|p2a: Froslass|Ice
|move|p2a: Froslass|Spikes|p1a: Greninja
|-sidestart|p1: sansdddsans|Spikes
|move|p1a: Greninja|Dark Pulse|p2a: Froslass
|-damage|p2a: Froslass|28/100
|-start|p1a: Greninja|Disable|Dark Pulse|[from] ability: Cursed Body|[of] p2a: Froslass
|
|upkeep
|turn|3
|inactive|Battle timer is ON: inactive players will automatically lose when time's up. (requested by sansdddsans)
|
|t:|1779630921
|move|p2a: Froslass|Spikes|p1a: Greninja
|-sidestart|p1: sansdddsans|Spikes
|move|p1a: Greninja|Surf|p2a: Froslass
|-damage|p2a: Froslass|0 fnt
|faint|p2a: Froslass
|
|upkeep
|
|t:|1779630926
|switch|p2a: Luxray|Luxray, M|100/100
|-ability|p2a: Luxray|Intimidate|boost
|-unboost|p1a: Greninja|atk|1
|turn|4
|
|t:|1779630933
|switch|p1a: Venusaur|Venusaur, M, shiny|100/100
|-damage|p1a: Venusaur|84/100|[from] Spikes
|move|p2a: Luxray|Volt Switch|p1a: Venusaur
|-resisted|p1a: Venusaur
|-damage|p1a: Venusaur|70/100
|-damage|p2a: Luxray|91/100|[from] item: Life Orb
|
|t:|1779630943
|switch|p2a: Chandelure|Chandelure, F, shiny|100/100|[from] Volt Switch
|
|-heal|p1a: Venusaur|76/100|[from] item: Leftovers
|upkeep
|turn|5
|
|t:|1779630950
|move|p1a: Venusaur|Protect|p1a: Venusaur
|-singleturn|p1a: Venusaur|Protect
|move|p2a: Chandelure|Flamethrower|p1a: Venusaur
|-activate|p1a: Venusaur|move: Protect
|
|-heal|p1a: Venusaur|82/100|[from] item: Leftovers
|upkeep
|turn|6
|
|t:|1779630960
|switch|p1a: Greninja|Greninja, F, shiny|100/100
|-damage|p1a: Greninja|84/100|[from] Spikes
|move|p2a: Chandelure|Flamethrower|p1a: Greninja
|-resisted|p1a: Greninja
|-damage|p1a: Greninja|32/100
|
|upkeep
|turn|7
|
|t:|1779630975
|switch|p2a: Scizor|Scizor, F|100/100
|move|p1a: Greninja|Surf|p2a: Scizor
|-damage|p2a: Scizor|46/100
|
|upkeep
|turn|8
|
|t:|1779630986
|move|p1a: Greninja|Surf|p2a: Scizor
|-damage|p2a: Scizor|0 fnt
|faint|p2a: Scizor
|
|upkeep
|
|t:|1779630990
|switch|p2a: Luxray|Luxray, M|91/100
|-ability|p2a: Luxray|Intimidate|boost
|-unboost|p1a: Greninja|atk|1
|turn|9
|
|t:|1779631005
|move|p1a: Greninja|Dark Pulse|p2a: Luxray
|-damage|p2a: Luxray|46/100
|cant|p2a: Luxray|flinch
|
|upkeep
|turn|10
|
|t:|1779631015
|move|p1a: Greninja|Surf|p2a: Luxray
|-damage|p2a: Luxray|0 fnt
|faint|p2a: Luxray
|
|upkeep
|
|t:|1779631022
|switch|p2a: Gliscor|Gliscor, F, shiny|100/100
|turn|11
|
|t:|1779631029
|move|p2a: Gliscor|U-turn|p1a: Greninja
|-supereffective|p1a: Greninja
|-damage|p1a: Greninja|0 fnt
|faint|p1a: Greninja
|
|t:|1779631039
|switch|p2a: Rhyperior|Rhyperior, M|100/100|[from] U-turn
|
|upkeep
|
|t:|1779631044
|switch|p1a: Venusaur|Venusaur, M, shiny|82/100
|-damage|p1a: Venusaur|65/100|[from] Spikes
|turn|12
|
|t:|1779631054
|move|p1a: Venusaur|Leech Seed|p2a: Rhyperior
|-start|p2a: Rhyperior|move: Leech Seed
|move|p2a: Rhyperior|Earthquake|p1a: Venusaur
|-damage|p1a: Venusaur|18/100
|
|-heal|p1a: Venusaur|24/100|[from] item: Leftovers
|-damage|p2a: Rhyperior|88/100|[from] Leech Seed|[of] p1a: Venusaur
|-heal|p1a: Venusaur|42/100|[silent]
|upkeep
|turn|13
|
|t:|1779631063
|move|p1a: Venusaur|Protect|p1a: Venusaur
|-singleturn|p1a: Venusaur|Protect
|move|p2a: Rhyperior|Iron Defense|p2a: Rhyperior
|-boost|p2a: Rhyperior|def|2
|
|-heal|p1a: Venusaur|48/100|[from] item: Leftovers
|-heal|p2a: Rhyperior|94/100|[from] item: Leftovers
|-damage|p2a: Rhyperior|82/100|[from] Leech Seed|[of] p1a: Venusaur
|-heal|p1a: Venusaur|66/100|[silent]
|upkeep
|turn|14
|
|t:|1779631076
|move|p1a: Venusaur|Petal Dance|p2a: Rhyperior
|-supereffective|p2a: Rhyperior
|-damage|p2a: Rhyperior|0 fnt
|faint|p2a: Rhyperior
|
|-heal|p1a: Venusaur|72/100|[from] item: Leftovers
|upkeep
|
|t:|1779631083
|switch|p2a: Chandelure|Chandelure, F, shiny|100/100
|turn|15
|
|t:|1779631086
|move|p2a: Chandelure|Flamethrower|p1a: Venusaur
|-supereffective|p1a: Venusaur
|-damage|p1a: Venusaur|0 fnt
|faint|p1a: Venusaur
|
|upkeep
|
|t:|1779631108
|switch|p1a: Mimikyu|Mimikyu, F, shiny|100/100
|-damage|p1a: Mimikyu|84/100|[from] Spikes
|turn|16
|
|t:|1779631118
|move|p1a: Mimikyu|Phantom Force||[still]
|-prepare|p1a: Mimikyu|Phantom Force
|move|p2a: Chandelure|Flamethrower|p1a: Mimikyu|[miss]
|-miss|p2a: Chandelure|p1a: Mimikyu
|
|upkeep
|turn|17
|
|t:|1779631124
|move|p1a: Mimikyu|Phantom Force|p2a: Chandelure|[from] lockedmove
|-supereffective|p2a: Chandelure
|-damage|p2a: Chandelure|30/100
|move|p2a: Chandelure|Flamethrower|p1a: Mimikyu
|-activate|p1a: Mimikyu|ability: Disguise
|-damage|p1a: Mimikyu|84/100
|detailschange|p1a: Mimikyu|Mimikyu-Busted, F, shiny
|-damage|p1a: Mimikyu|72/100|[from] pokemon: Mimikyu-Busted
|
|upkeep
|turn|18
|
|t:|1779631134
|move|p1a: Mimikyu|Phantom Force||[still]
|-prepare|p1a: Mimikyu|Phantom Force
|move|p2a: Chandelure|Flamethrower|p1a: Mimikyu|[miss]
|-miss|p2a: Chandelure|p1a: Mimikyu
|
|upkeep
|turn|19
|
|t:|1779631147
|move|p1a: Mimikyu|Phantom Force|p2a: Chandelure|[from] lockedmove
|-supereffective|p2a: Chandelure
|-damage|p2a: Chandelure|0 fnt
|faint|p2a: Chandelure
|
|upkeep
|
|t:|1779631149
|switch|p2a: Gliscor|Gliscor, F, shiny|100/100
|turn|20
|
|t:|1779631163
|move|p2a: Gliscor|Swords Dance|p2a: Gliscor
|-boost|p2a: Gliscor|atk|2
|move|p1a: Mimikyu|Play Rough|p2a: Gliscor
|-damage|p2a: Gliscor|63/100
|
|-status|p2a: Gliscor|tox|[from] item: Toxic Orb
|upkeep
|turn|21
|
|t:|1779631182
|move|p2a: Gliscor|Earthquake|p1a: Mimikyu
|-damage|p1a: Mimikyu|0 fnt
|faint|p1a: Mimikyu
|
|-heal|p2a: Gliscor|75/100 tox|[from] ability: Poison Heal
|upkeep
|
|t:|1779631197
|switch|p1a: Gliscor|Gliscor, F, shiny|100/100
|turn|22
|
|t:|1779631204
|move|p1a: Gliscor|Protect|p1a: Gliscor
|-singleturn|p1a: Gliscor|Protect
|move|p2a: Gliscor|Acrobatics|p1a: Gliscor
|-activate|p1a: Gliscor|move: Protect
|
|-heal|p2a: Gliscor|88/100 tox|[from] ability: Poison Heal
|-status|p1a: Gliscor|tox|[from] item: Toxic Orb
|upkeep
|turn|23
|
|t:|1779631212
|move|p2a: Gliscor|Acrobatics|p1a: Gliscor
|-damage|p1a: Gliscor|63/100 tox
|move|p1a: Gliscor|Wing Attack|p2a: Gliscor
|-damage|p2a: Gliscor|64/100 tox
|
|-heal|p2a: Gliscor|76/100 tox|[from] ability: Poison Heal
|-heal|p1a: Gliscor|76/100 tox|[from] ability: Poison Heal
|upkeep
|turn|24
|
|t:|1779631221
|move|p2a: Gliscor|Acrobatics|p1a: Gliscor
|-damage|p1a: Gliscor|39/100 tox
|move|p1a: Gliscor|Wing Attack|p2a: Gliscor
|-damage|p2a: Gliscor|51/100 tox
|
|-heal|p2a: Gliscor|64/100 tox|[from] ability: Poison Heal
|-heal|p1a: Gliscor|51/100 tox|[from] ability: Poison Heal
|upkeep
|turn|25
|
|t:|1779631232
|move|p2a: Gliscor|Acrobatics|p1a: Gliscor
|-crit|p1a: Gliscor
|-damage|p1a: Gliscor|0 fnt
|faint|p1a: Gliscor
|
|-heal|p2a: Gliscor|76/100 tox|[from] ability: Poison Heal
|upkeep
|
|t:|1779631239
|switch|p1a: Ceruledge|Ceruledge, M, shiny|100/100
|-damage|p1a: Ceruledge|84/100|[from] Spikes
|turn|26
|
|t:|1779631253
|-terastallize|p1a: Ceruledge|Ghost
|move|p2a: Gliscor|Earthquake|p1a: Ceruledge
|-damage|p1a: Ceruledge|2/100
|-ability|p1a: Ceruledge|Weak Armor|boost
|-unboost|p1a: Ceruledge|def|1
|-boost|p1a: Ceruledge|spe|2
|move|p1a: Ceruledge|Poltergeist|p2a: Gliscor
|-activate|p2a: Gliscor|move: Poltergeist|Toxic Orb
|-damage|p2a: Gliscor|4/100 tox
|
|-heal|p2a: Gliscor|16/100 tox|[from] ability: Poison Heal
|upkeep
|turn|27
|
|t:|1779631269
|move|p1a: Ceruledge|Bitter Blade|p2a: Gliscor
|-damage|p2a: Gliscor|0 fnt
|-heal|p1a: Ceruledge|10/100|[from] drain|[of] p2a: Gliscor
|faint|p2a: Gliscor
|
|win|sansdddsans
|raw|sansdddsans's rating: 1069 &rarr; <strong>1099</strong><br />(+30 for winning)
|raw|qwiss239's rating: 1076 &rarr; <strong>1054</strong><br />(-22 for losing)
|l|☆qwiss239
|player|p2|
|l|☆sansdddsans
|player|p1|
