|j|☆indoubtwaterspout
|j|☆louwilliamzz
|t:|1779721111
|gametype|singles
|player|p1|indoubtwaterspout|265|1365
|player|p2|louwilliamzz|101|1380
|gen|9
|tier|[Gen 9] OU
|rated|
|rule|HP Percentage Mod: HP is shown in percentages
|rule|Endless Battle Clause: Forcing endless battles is banned
|rule|Species Clause: Limit one of each Pokémon
|rule|OHKO Clause: OHKO moves are banned
|rule|Evasion Items Clause: Evasion items are banned
|rule|Evasion Moves Clause: Evasion moves are banned
|rule|Evasion Abilities Clause: Evasion abilities are banned
|rule|Sleep Moves Clause: Sleep-inducing moves are banned
|clearpoke
|poke|p1|Primarina, M|
|poke|p1|Great Tusk|
|poke|p1|Kingambit, M|
|poke|p1|Slowking-Galar, M|
|poke|p1|Raging Bolt|
|poke|p1|Enamorus, F|
|poke|p2|Indeedee, M|
|poke|p2|Armarouge, M|
|poke|p2|Ting-Lu|
|poke|p2|Hawlucha, M|
|poke|p2|Polteageist-Antique|
|poke|p2|Hatterene, F|
|teampreview
|inactive|Battle timer is ON: inactive players will automatically lose when time's up. (requested by indoubtwaterspout)
|
|t:|1779721120
|teamsize|p1|6
|teamsize|p2|6
|start
|switch|p1a: Enamorus|Enamorus, F, shiny|100/100
|switch|p2a: Hatterene|Hatterene, F|100/100
|turn|1
|
|t:|1779721126
|move|p1a: Enamorus|Moonblast|p2a: Hatterene
|-damage|p2a: Hatterene|40/100
|-unboost|p2a: Hatterene|spa|1
|move|p2a: Hatterene|Nuzzle|p1a: Enamorus
|-supereffective|p1a: Enamorus
|-damage|p1a: Enamorus|89/100
|-status|p1a: Enamorus|par
|
|-heal|p2a: Hatterene|46/100|[from] item: Leftovers
|upkeep
|turn|2
|inactive|louwilliamzz has 120 seconds left.
|
|t:|1779721162
|cant|p1a: Enamorus|par
|move|p2a: Hatterene|Mystical Fire|p1a: Enamorus
|-damage|p1a: Enamorus|68/100 par
|-boost|p1a: Enamorus|spa|1
|
|-heal|p2a: Hatterene|52/100|[from] item: Leftovers
|upkeep
|turn|3
|inactive|louwilliamzz has 120 seconds left.
|
|t:|1779721182
|move|p1a: Enamorus|Moonblast|p2a: Hatterene
|-damage|p2a: Hatterene|0 fnt
|faint|p2a: Hatterene
|
|upkeep
|
|t:|1779721185
|switch|p2a: Indeedee|Indeedee, M|100/100
|-fieldstart|move: Psychic Terrain|[from] ability: Psychic Surge|[of] p2a: Indeedee
|turn|4
|
|t:|1779721197
|move|p2a: Indeedee|Psyshock|p1a: Enamorus
|-damage|p1a: Enamorus|0 fnt
|faint|p1a: Enamorus
|
|upkeep
|
|t:|1779721211
|switch|p1a: Raging Bolt|Raging Bolt|100/100
|turn|5
|
|t:|1779721216
|switch|p2a: Ting-Lu|Ting-Lu|100/100
|-ability|p2a: Ting-Lu|Vessel of Ruin
|move|p1a: Raging Bolt|Calm Mind|p1a: Raging Bolt
|-boost|p1a: Raging Bolt|spa|1
|-boost|p1a: Raging Bolt|spd|1
|
|upkeep
|turn|6
|
|t:|1779721226
|move|p1a: Raging Bolt|Calm Mind|p1a: Raging Bolt
|-boost|p1a: Raging Bolt|spa|1
|-boost|p1a: Raging Bolt|spd|1
|move|p2a: Ting-Lu|Whirlwind|p1a: Raging Bolt
|-end|p1a: Raging Bolt|Protosynthesis|[silent]
|drag|p1a: Kingambit|Kingambit, M, shiny|100/100
|-activate|p1a: Kingambit|ability: Supreme Overlord
|-start|p1a: Kingambit|fallen1|[silent]
|
|upkeep
|turn|7
|
|t:|1779721237
|-end|p1a: Kingambit|fallen1|[silent]
|switch|p1a: Primarina|Primarina, M, shiny|100/100
|move|p2a: Ting-Lu|Earthquake|p1a: Primarina
|-damage|p1a: Primarina|52/100
|
|-heal|p1a: Primarina|58/100|[from] item: Leftovers
|upkeep
|turn|8
|
|t:|1779721248
|move|p1a: Primarina|Moonblast|p2a: Ting-Lu
|-supereffective|p2a: Ting-Lu
|-damage|p2a: Ting-Lu|58/100
|move|p2a: Ting-Lu|Earthquake|p1a: Primarina
|-damage|p1a: Primarina|16/100
|
|-heal|p1a: Primarina|22/100|[from] item: Leftovers
|-heal|p2a: Ting-Lu|65/100|[from] item: Leftovers
|upkeep
|turn|9
|
|t:|1779721270
|move|p1a: Primarina|Moonblast|p2a: Ting-Lu
|-supereffective|p2a: Ting-Lu
|-damage|p2a: Ting-Lu|18/100
|move|p2a: Ting-Lu|Earthquake|p1a: Primarina
|-damage|p1a: Primarina|0 fnt
|faint|p1a: Primarina
|
|-heal|p2a: Ting-Lu|24/100|[from] item: Leftovers
|upkeep
|
|t:|1779721282
|switch|p1a: Great Tusk|Great Tusk, shiny|100/100
|turn|10
|inactive|louwilliamzz has 120 seconds left.
|
|t:|1779721309
|move|p1a: Great Tusk|Stealth Rock|p2a: Ting-Lu
|-sidestart|p2: louwilliamzz|move: Stealth Rock
|move|p2a: Ting-Lu|Ruination|p1a: Great Tusk
|-damage|p1a: Great Tusk|51/100
|
|-heal|p2a: Ting-Lu|30/100|[from] item: Leftovers
|upkeep
|turn|11
|
|t:|1779721319
|move|p1a: Great Tusk|Ice Spinner|p2a: Ting-Lu
|-supereffective|p2a: Ting-Lu
|-damage|p2a: Ting-Lu|0 fnt
|-fieldend|move: Psychic Terrain
|faint|p2a: Ting-Lu
|
|upkeep
|
|t:|1779721324
|switch|p2a: Indeedee|Indeedee, M|100/100
|-damage|p2a: Indeedee|88/100|[from] Stealth Rock
|-fieldstart|move: Psychic Terrain|[from] ability: Psychic Surge|[of] p2a: Indeedee
|turn|12
|
|t:|1779721335
|-end|p1a: Great Tusk|Protosynthesis|[silent]
|switch|p1a: Kingambit|Kingambit, M, shiny|100/100
|-activate|p1a: Kingambit|ability: Supreme Overlord
|-start|p1a: Kingambit|fallen2|[silent]
|move|p2a: Indeedee|Dazzling Gleam|p1a: Kingambit
|-damage|p1a: Kingambit|76/100
|
|-heal|p1a: Kingambit|83/100|[from] item: Leftovers
|upkeep
|turn|13
|inactive|louwilliamzz has 120 seconds left.
|
|t:|1779721365
|-terastallize|p2a: Indeedee|Fairy
|move|p2a: Indeedee|Dazzling Gleam|p1a: Kingambit
|-damage|p1a: Kingambit|45/100
|move|p1a: Kingambit|Kowtow Cleave|p2a: Indeedee
|-resisted|p2a: Indeedee
|-damage|p2a: Indeedee|30/100
|
|-heal|p1a: Kingambit|51/100|[from] item: Leftovers
|upkeep
|turn|14
|
|t:|1779721385
|move|p2a: Indeedee|Encore|p1a: Kingambit
|-start|p1a: Kingambit|Encore
|move|p1a: Kingambit|Kowtow Cleave|p2a: Indeedee
|-resisted|p2a: Indeedee
|-damage|p2a: Indeedee|0 fnt
|faint|p2a: Indeedee
|
|-heal|p1a: Kingambit|57/100|[from] item: Leftovers
|upkeep
|
|t:|1779721390
|switch|p2a: Hawlucha|Hawlucha, M|100/100
|-damage|p2a: Hawlucha|88/100|[from] Stealth Rock
|-enditem|p2a: Hawlucha|Psychic Seed
|-boost|p2a: Hawlucha|spd|1|[from] item: Psychic Seed
|turn|15
|
|t:|1779721415
|-end|p1a: Kingambit|fallen2|[silent]
|switch|p1a: Slowking|Slowking-Galar, M, shiny|100/100
|move|p2a: Hawlucha|Swords Dance|p2a: Hawlucha
|-boost|p2a: Hawlucha|atk|2
|
|upkeep
|turn|16
|
|t:|1779721425
|move|p2a: Hawlucha|Acrobatics|p1a: Slowking
|-damage|p1a: Slowking|28/100
|move|p1a: Slowking|Psychic Noise|p2a: Hawlucha
|-supereffective|p2a: Hawlucha
|-damage|p2a: Hawlucha|14/100
|-start|p2a: Hawlucha|move: Heal Block
|
|upkeep
|turn|17
|
|t:|1779721450
|move|p2a: Hawlucha|Acrobatics|p1a: Slowking
|-damage|p1a: Slowking|0 fnt
|faint|p1a: Slowking
|
|-end|p2a: Hawlucha|move: Heal Block
|upkeep
|
|t:|1779721453
|switch|p1a: Great Tusk|Great Tusk, shiny|51/100
|turn|18
|inactive|louwilliamzz has 120 seconds left.
|
|t:|1779721459
|move|p2a: Hawlucha|Acrobatics|p1a: Great Tusk
|-supereffective|p1a: Great Tusk
|-damage|p1a: Great Tusk|0 fnt
|-damage|p2a: Hawlucha|0 fnt|[from] item: Rocky Helmet|[of] p1a: Great Tusk
|faint|p1a: Great Tusk
|-end|p1a: Great Tusk|Protosynthesis|[silent]
|faint|p2a: Hawlucha
|
|upkeep
|inactive|louwilliamzz has 120 seconds left.
|
|t:|1779721476
|switch|p2a: Armarouge|Armarouge, M|100/100
|switch|p1a: Raging Bolt|Raging Bolt|100/100
|turn|19
|
|t:|1779721487
|move|p2a: Armarouge|Calm Mind|p2a: Armarouge
|-boost|p2a: Armarouge|spa|1
|-boost|p2a: Armarouge|spd|1
|move|p1a: Raging Bolt|Calm Mind|p1a: Raging Bolt
|-boost|p1a: Raging Bolt|spa|1
|-boost|p1a: Raging Bolt|spd|1
|
|-fieldend|move: Psychic Terrain
|upkeep
|turn|20
|
|t:|1779721495
|move|p2a: Armarouge|Scorching Sands|p1a: Raging Bolt
|-supereffective|p1a: Raging Bolt
|-damage|p1a: Raging Bolt|58/100
|move|p1a: Raging Bolt|Calm Mind|p1a: Raging Bolt
|-boost|p1a: Raging Bolt|spa|1
|-boost|p1a: Raging Bolt|spd|1
|
|-heal|p1a: Raging Bolt|64/100|[from] item: Leftovers
|upkeep
|turn|21
|
|t:|1779721507
|move|p2a: Armarouge|Calm Mind|p2a: Armarouge
|-boost|p2a: Armarouge|spa|1
|-boost|p2a: Armarouge|spd|1
|move|p1a: Raging Bolt|Dragon Pulse|p2a: Armarouge
|-damage|p2a: Armarouge|40/100
|
|-heal|p1a: Raging Bolt|71/100|[from] item: Leftovers
|upkeep
|turn|22
|
|t:|1779721514
|move|p1a: Raging Bolt|Protect|p1a: Raging Bolt
|-singleturn|p1a: Raging Bolt|Protect
|move|p2a: Armarouge|Scorching Sands|p1a: Raging Bolt
|-activate|p1a: Raging Bolt|move: Protect
|
|-heal|p1a: Raging Bolt|77/100|[from] item: Leftovers
|upkeep
|turn|23
|inactive|indoubtwaterspout has 120 seconds left.
|
|t:|1779721545
|-terastallize|p1a: Raging Bolt|Bug
|move|p2a: Armarouge|Scorching Sands|p1a: Raging Bolt
|-resisted|p1a: Raging Bolt
|-damage|p1a: Raging Bolt|67/100
|move|p1a: Raging Bolt|Dragon Pulse|p2a: Armarouge
|-damage|p2a: Armarouge|0 fnt
|faint|p2a: Armarouge
|
|-heal|p1a: Raging Bolt|73/100|[from] item: Leftovers
|upkeep
|
|t:|1779721550
|switch|p2a: Polteageist|Polteageist-Antique|100/100
|-damage|p2a: Polteageist|88/100|[from] Stealth Rock
|turn|24
|
|t:|1779721554
|move|p2a: Polteageist|Shell Smash|p2a: Polteageist
|-unboost|p2a: Polteageist|def|1
|-unboost|p2a: Polteageist|spd|1
|-boost|p2a: Polteageist|atk|2
|-boost|p2a: Polteageist|spa|2
|-boost|p2a: Polteageist|spe|2
|move|p1a: Raging Bolt|Dragon Pulse|p2a: Polteageist
|-damage|p2a: Polteageist|0 fnt
|faint|p2a: Polteageist
|
|win|indoubtwaterspout
|raw|indoubtwaterspout's rating: 1387 &rarr; <strong>1407</strong><br />(+20 for winning)
|raw|louwilliamzz's rating: 1380 &rarr; <strong>1360</strong><br />(-20 for losing)
|l|☆louwilliamzz
|player|p2|
|l|☆indoubtwaterspout
|player|p1|
