|j|☆vidiva
|j|☆SWAGGER_W2F
|t:|1779636464
|gametype|singles
|player|p1|vidiva|elesa-masters|1666
|player|p2|SWAGGER_W2F|265|1649
|gen|9
|tier|[Gen 9] OU
|rated|
|rule|HP Percentage Mod: HP is shown in percentages
|rule|Endless Battle Clause: Forcing endless battles is banned
|rule|Species Clause: Limit one of each Pokémon
|rule|OHKO Clause: OHKO moves are banned
|rule|Evasion Items Clause: Evasion items are banned
|rule|Evasion Moves Clause: Evasion moves are banned
|rule|Evasion Abilities Clause: Evasion abilities are banned
|rule|Sleep Moves Clause: Sleep-inducing moves are banned
|clearpoke
|poke|p1|Dragonite, F|
|poke|p1|Samurott-Hisui, M|
|poke|p1|Clefable, M|
|poke|p1|Gliscor, M|
|poke|p1|Gholdengo|
|poke|p1|Zamazenta-*|
|poke|p2|Ceruledge, F|
|poke|p2|Scizor, F|
|poke|p2|Raging Bolt|
|poke|p2|Primarina, F|
|poke|p2|Mandibuzz, F|
|poke|p2|Great Tusk|
|teampreview
|inactive|Battle timer is ON: inactive players will automatically lose when time's up. (requested by vidiva)
|
|t:|1779636475
|teamsize|p1|6
|teamsize|p2|6
|start
|switch|p1a: Gholdengo|Gholdengo|100/100
|switch|p2a: Primarina|Primarina, F|100/100
|turn|1
|
|t:|1779636482
|move|p1a: Gholdengo|Trick|p2a: Primarina
|-activate|p1a: Gholdengo|move: Trick|[of] p2a: Primarina
|-item|p2a: Primarina|Choice Scarf|[from] move: Trick
|-item|p1a: Gholdengo|Leftovers|[from] move: Trick
|move|p2a: Primarina|Calm Mind|p2a: Primarina
|-boost|p2a: Primarina|spa|1
|-boost|p2a: Primarina|spd|1
|
|upkeep
|turn|2
|j| kanaete onegai
|
|t:|1779636492
|switch|p2a: Ceruledge|Ceruledge, F|100/100
|move|p1a: Gholdengo|Shadow Ball|p2a: Ceruledge
|-supereffective|p2a: Ceruledge
|-damage|p2a: Ceruledge|42/100
|-unboost|p2a: Ceruledge|spd|1
|
|upkeep
|turn|3
|
|t:|1779636509
|-terastallize|p2a: Ceruledge|Fighting
|move|p1a: Gholdengo|Shadow Ball|p2a: Ceruledge
|-damage|p2a: Ceruledge|0 fnt
|faint|p2a: Ceruledge
|
|upkeep
|
|t:|1779636527
|switch|p2a: Great Tusk|Great Tusk|100/100
|turn|4
|
|t:|1779636538
|switch|p1a: Clefable|Clefable, M|100/100
|move|p2a: Great Tusk|Ice Spinner|p1a: Clefable
|-damage|p1a: Clefable|78/100
|-damage|p2a: Great Tusk|84/100|[from] item: Rocky Helmet|[of] p1a: Clefable
|
|upkeep
|turn|5
|
|t:|1779636548
|-end|p2a: Great Tusk|Protosynthesis|[silent]
|switch|p2a: Scizor|Scizor, F|100/100
|move|p1a: Clefable|Moonlight|p1a: Clefable
|-heal|p1a: Clefable|100/100
|
|upkeep
|turn|6
|
|t:|1779636562
|move|p2a: Scizor|Knock Off|p1a: Clefable
|-resisted|p1a: Clefable
|-damage|p1a: Clefable|79/100
|-damage|p2a: Scizor|84/100|[from] item: Rocky Helmet|[of] p1a: Clefable
|-enditem|p1a: Clefable|Rocky Helmet|[from] move: Knock Off|[of] p2a: Scizor
|move|p1a: Clefable|Stealth Rock|p2a: Scizor
|-sidestart|p2: SWAGGER_W2F|move: Stealth Rock
|
|upkeep
|turn|7
|
|t:|1779636578
|switch|p2a: Raging Bolt|Raging Bolt|100/100
|-damage|p2a: Raging Bolt|88/100|[from] Stealth Rock
|move|p1a: Clefable|Moonblast|p2a: Raging Bolt
|-supereffective|p2a: Raging Bolt
|-damage|p2a: Raging Bolt|25/100
|-unboost|p2a: Raging Bolt|spa|1
|
|upkeep
|turn|8
|-message|SWAGGER_W2F forfeited.
|
|win|vidiva
|raw|vidiva's rating: 1666 &rarr; <strong>1685</strong><br />(+19 for winning)
|raw|SWAGGER_W2F's rating: 1649 &rarr; <strong>1630</strong><br />(-19 for losing)
|l|☆SWAGGER_W2F
|player|p2|
|l|☆vidiva
|player|p1|
