|j|☆somsleep
|j|☆nesnot
|t:|1779576972
|gametype|singles
|player|p1|somsleep|101|1543
|player|p2|nesnot|101|1558
|gen|9
|tier|[Gen 9] OU
|rated|
|rule|HP Percentage Mod: HP is shown in percentages
|rule|Endless Battle Clause: Forcing endless battles is banned
|rule|Species Clause: Limit one of each Pokémon
|rule|OHKO Clause: OHKO moves are banned
|rule|Evasion Items Clause: Evasion items are banned
|rule|Evasion Moves Clause: Evasion moves are banned
|rule|Evasion Abilities Clause: Evasion abilities are banned
|rule|Sleep Moves Clause: Sleep-inducing moves are banned
|clearpoke
|poke|p1|Abomasnow, M|
|poke|p1|Cetitan, M|
|poke|p1|Rotom|
|poke|p1|Illumise, F|
|poke|p1|Keldeo-Resolute|
|poke|p1|Iron Treads|
|poke|p2|Pelipper, F|
|poke|p2|Ogerpon-Wellspring, F|
|poke|p2|Araquanid, M|
|poke|p2|Iron Treads|
|poke|p2|Samurott-Hisui, F|
|poke|p2|Hippowdon, M|
|teampreview
|inactive|Battle timer is ON: inactive players will automatically lose when time's up. (requested by nesnot)
|c|☆nesnot|Cool team
|
|t:|1779576986
|teamsize|p1|6
|teamsize|p2|6
|start
|switch|p1a: Rotom|Rotom|100/100
|switch|p2a: Pelipper|Pelipper, F|100/100
|turn|1
|
|t:|1779576995
|switch|p2a: Iron Treads|Iron Treads|100/100
|move|p1a: Rotom|Trick|p2a: Iron Treads
|-activate|p1a: Rotom|move: Trick|[of] p2a: Iron Treads
|-item|p2a: Iron Treads|Choice Scarf|[from] move: Trick
|-item|p1a: Rotom|Leftovers|[from] move: Trick
|
|upkeep
|turn|2
|
|t:|1779577003
|move|p2a: Iron Treads|Stealth Rock|p1a: Rotom
|-sidestart|p1: somsleep|move: Stealth Rock
|move|p1a: Rotom|Will-O-Wisp|p2a: Iron Treads
|-status|p2a: Iron Treads|brn
|
|-damage|p2a: Iron Treads|94/100 brn|[from] brn
|upkeep
|turn|3
|
|t:|1779577012
|-end|p2a: Iron Treads|Quark Drive|[silent]
|switch|p2a: Araquanid|Araquanid, M|100/100
|move|p1a: Rotom|Will-O-Wisp|p2a: Araquanid
|-immune|p2a: Araquanid|[from] ability: Water Bubble
|
|upkeep
|turn|4
|
|t:|1779577020
|move|p1a: Rotom|Thunder Wave|p2a: Araquanid
|-status|p2a: Araquanid|par
|move|p2a: Araquanid|Mirror Coat||[still]
|-fail|p2a: Araquanid
|
|upkeep
|turn|5
|
|t:|1779577033
|switch|p1a: Iron Treads|Iron Treads|100/100
|-damage|p1a: Iron Treads|97/100|[from] Stealth Rock
|-enditem|p1a: Iron Treads|Booster Energy
|-activate|p1a: Iron Treads|ability: Quark Drive|[fromitem]
|-start|p1a: Iron Treads|quarkdrivespe
|cant|p2a: Araquanid|par
|
|upkeep
|turn|6
|
|t:|1779577040
|move|p1a: Iron Treads|Rapid Spin|p2a: Araquanid
|-damage|p2a: Araquanid|85/100 par
|-boost|p1a: Iron Treads|spe|1
|-sideend|p1: somsleep|Stealth Rock|[from] move: Rapid Spin|[of] p1a: Iron Treads
|move|p2a: Araquanid|Surf|p1a: Iron Treads
|-supereffective|p1a: Iron Treads
|-damage|p1a: Iron Treads|4/100
|
|upkeep
|turn|7
|j| Heliophete
|
|t:|1779577047
|move|p1a: Iron Treads|Stealth Rock|p2a: Araquanid
|-sidestart|p2: nesnot|move: Stealth Rock
|move|p2a: Araquanid|Sticky Web|p1a: Iron Treads
|-sidestart|p1: somsleep|move: Sticky Web
|
|upkeep
|turn|8
|
|t:|1779577053
|switch|p2a: Hippowdon|Hippowdon, M|100/100
|-damage|p2a: Hippowdon|94/100|[from] Stealth Rock
|move|p1a: Iron Treads|Rapid Spin|p2a: Hippowdon
|-damage|p2a: Hippowdon|86/100
|-boost|p1a: Iron Treads|spe|1
|-damage|p1a: Iron Treads|0 fnt|[from] item: Rocky Helmet|[of] p2a: Hippowdon
|faint|p1a: Iron Treads
|-end|p1a: Iron Treads|Quark Drive|[silent]
|
|upkeep
|
|t:|1779577061
|switch|p1a: Rotom|Rotom|100/100
|turn|9
|
|t:|1779577067
|switch|p2a: Araquanid|Araquanid, M|85/100 par
|move|p1a: Rotom|Will-O-Wisp|p2a: Araquanid|[miss]
|-miss|p1a: Rotom|p2a: Araquanid
|
|upkeep
|turn|10
|
|t:|1779577075
|move|p1a: Rotom|Hex|p2a: Araquanid
|-damage|p2a: Araquanid|60/100 par
|cant|p2a: Araquanid|par
|
|upkeep
|turn|11
|
|t:|1779577085
|switch|p1a: Abomasnow|Abomasnow, M, shiny|100/100
|-activate|p1a: Abomasnow|move: Sticky Web
|-unboost|p1a: Abomasnow|spe|1
|-weather|Snowscape|[from] ability: Snow Warning|[of] p1a: Abomasnow
|-enditem|p1a: Abomasnow|Eject Pack
|
|t:|1779577087
|switch|p1a: Cetitan|Cetitan, M|100/100
|-activate|p1a: Cetitan|move: Sticky Web
|-unboost|p1a: Cetitan|spe|1
|move|p2a: Araquanid|Mirror Coat||[still]
|-fail|p2a: Araquanid
|
|-weather|Snowscape|[upkeep]
|upkeep
|turn|12
|
|t:|1779577097
|switch|p2a: Samurott|Samurott-Hisui, F|100/100
|-damage|p2a: Samurott|88/100|[from] Stealth Rock
|move|p1a: Cetitan|Belly Drum|p1a: Cetitan
|-damage|p1a: Cetitan|50/100
|-setboost|p1a: Cetitan|atk|6|[from] move: Belly Drum
|-enditem|p1a: Cetitan|Sitrus Berry|[eat]
|-heal|p1a: Cetitan|75/100|[from] item: Sitrus Berry
|
|-weather|Snowscape|[upkeep]
|upkeep
|turn|13
|
|t:|1779577104
|move|p2a: Samurott|Aqua Jet|p1a: Cetitan
|-damage|p1a: Cetitan|65/100
|move|p1a: Cetitan|Earthquake|p2a: Samurott
|-damage|p2a: Samurott|0 fnt
|faint|p2a: Samurott
|
|-weather|Snowscape|[upkeep]
|upkeep
|
|t:|1779577107
|switch|p2a: Pelipper|Pelipper, F|100/100
|-damage|p2a: Pelipper|76/100|[from] Stealth Rock
|turn|14
|
|t:|1779577116
|switch|p2a: Araquanid|Araquanid, M|60/100 par
|move|p1a: Cetitan|Ice Shard|p2a: Araquanid
|-resisted|p2a: Araquanid
|-damage|p2a: Araquanid|19/100 par
|
|-weather|Snowscape|[upkeep]
|upkeep
|turn|15
|
|t:|1779577118
|move|p1a: Cetitan|Ice Shard|p2a: Araquanid
|-resisted|p2a: Araquanid
|-damage|p2a: Araquanid|0 fnt
|faint|p2a: Araquanid
|
|-weather|none
|upkeep
|
|t:|1779577124
|switch|p2a: Ogerpon|Ogerpon-Wellspring, F|100/100
|-damage|p2a: Ogerpon|88/100|[from] Stealth Rock
|turn|16
|
|t:|1779577130
|-terastallize|p2a: Ogerpon|Water
|detailschange|p2a: Ogerpon|Ogerpon-Wellspring-Tera, F, tera:Water
|-ability|p2a: Ogerpon|Embody Aspect (Wellspring)|boost
|-boost|p2a: Ogerpon|spd|1
|move|p1a: Cetitan|Ice Shard|p2a: Ogerpon
|-resisted|p2a: Ogerpon
|-damage|p2a: Ogerpon|38/100
|move|p2a: Ogerpon|Ivy Cudgel|p1a: Cetitan|[anim] Ivy Cudgel Water
|-damage|p1a: Cetitan|0 fnt
|faint|p1a: Cetitan
|
|upkeep
|
|t:|1779577141
|switch|p1a: Abomasnow|Abomasnow, M, shiny|100/100
|-activate|p1a: Abomasnow|move: Sticky Web
|-unboost|p1a: Abomasnow|spe|1
|-weather|Snowscape|[from] ability: Snow Warning|[of] p1a: Abomasnow
|turn|17
|
|t:|1779577146
|switch|p2a: Iron Treads|Iron Treads|94/100 brn
|-damage|p2a: Iron Treads|92/100 brn|[from] Stealth Rock
|move|p1a: Abomasnow|Aurora Veil|p1a: Abomasnow
|-sidestart|p1: somsleep|move: Aurora Veil
|
|-weather|Snowscape|[upkeep]
|-damage|p2a: Iron Treads|86/100 brn|[from] brn
|upkeep
|turn|18
|
|t:|1779577155
|move|p2a: Iron Treads|Rapid Spin|p1a: Abomasnow
|-damage|p1a: Abomasnow|97/100
|-boost|p2a: Iron Treads|spe|1
|-sideend|p2: nesnot|Stealth Rock|[from] move: Rapid Spin|[of] p2a: Iron Treads
|move|p1a: Abomasnow|Earth Power|p2a: Iron Treads
|-supereffective|p2a: Iron Treads
|-damage|p2a: Iron Treads|39/100 brn
|
|-weather|Snowscape|[upkeep]
|-damage|p2a: Iron Treads|33/100 brn|[from] brn
|upkeep
|turn|19
|
|t:|1779577160
|-end|p2a: Iron Treads|Quark Drive|[silent]
|switch|p2a: Pelipper|Pelipper, F|76/100
|move|p1a: Abomasnow|Blizzard|p2a: Pelipper
|-damage|p2a: Pelipper|0 fnt
|faint|p2a: Pelipper
|
|-weather|Snowscape|[upkeep]
|upkeep
|
|t:|1779577174
|switch|p2a: Iron Treads|Iron Treads|33/100 brn
|turn|20
|
|t:|1779577178
|switch|p1a: Rotom|Rotom|100/100
|move|p2a: Iron Treads|Ice Spinner|p1a: Rotom
|-damage|p1a: Rotom|93/100
|
|-weather|Snowscape|[upkeep]
|-heal|p1a: Rotom|99/100|[from] item: Leftovers
|-damage|p2a: Iron Treads|27/100 brn|[from] brn
|upkeep
|turn|21
|
|t:|1779577182
|move|p2a: Iron Treads|Ice Spinner|p1a: Rotom
|-damage|p1a: Rotom|91/100
|move|p1a: Rotom|Hex|p2a: Iron Treads
|-damage|p2a: Iron Treads|0 fnt
|faint|p2a: Iron Treads
|-end|p2a: Iron Treads|Quark Drive|[silent]
|
|-weather|none
|-heal|p1a: Rotom|97/100|[from] item: Leftovers
|-sideend|p1: somsleep|move: Aurora Veil
|upkeep
|
|t:|1779577183
|switch|p2a: Ogerpon|Ogerpon-Wellspring-Tera, F, tera:Water|38/100
|-ability|p2a: Ogerpon|Embody Aspect (Wellspring)|boost
|-boost|p2a: Ogerpon|spd|1
|turn|22
|
|t:|1779577186
|move|p2a: Ogerpon|Substitute|p2a: Ogerpon
|-start|p2a: Ogerpon|Substitute
|-damage|p2a: Ogerpon|13/100
|move|p1a: Rotom|Thunder Wave||[still]
|-fail|p1a: Rotom
|
|-heal|p1a: Rotom|100/100|[from] item: Leftovers
|upkeep
|turn|23
|
|t:|1779577193
|move|p2a: Ogerpon|Swords Dance|p2a: Ogerpon
|-boost|p2a: Ogerpon|atk|2
|move|p1a: Rotom|Hex|p2a: Ogerpon
|-activate|p2a: Ogerpon|move: Substitute|[damage]
|
|upkeep
|turn|24
|
|t:|1779577197
|move|p2a: Ogerpon|Ivy Cudgel|p1a: Rotom|[anim] Ivy Cudgel Water
|-damage|p1a: Rotom|0 fnt
|faint|p1a: Rotom
|
|upkeep
|
|t:|1779577208
|switch|p1a: Illumise|Illumise, F|100/100
|-activate|p1a: Illumise|move: Sticky Web
|-unboost|p1a: Illumise|spe|1
|turn|25
|
|t:|1779577217
|move|p1a: Illumise|Tailwind|p1a: Illumise
|-sidestart|p1: somsleep|move: Tailwind
|move|p2a: Ogerpon|Ivy Cudgel|p1a: Illumise|[anim] Ivy Cudgel Water
|-damage|p1a: Illumise|0 fnt
|faint|p1a: Illumise
|
|upkeep
|
|t:|1779577220
|switch|p1a: Abomasnow|Abomasnow, M, shiny|97/100
|-activate|p1a: Abomasnow|move: Sticky Web
|-unboost|p1a: Abomasnow|spe|1
|-weather|Snowscape|[from] ability: Snow Warning|[of] p1a: Abomasnow
|turn|26
|
|t:|1779577226
|move|p2a: Ogerpon|Ivy Cudgel|p1a: Abomasnow|[anim] Ivy Cudgel Water
|-resisted|p1a: Abomasnow
|-crit|p1a: Abomasnow
|-damage|p1a: Abomasnow|0 fnt
|faint|p1a: Abomasnow
|
|-weather|Snowscape|[upkeep]
|upkeep
|
|t:|1779577228
|switch|p1a: Keldeo|Keldeo-Resolute|100/100
|-activate|p1a: Keldeo|move: Sticky Web
|-unboost|p1a: Keldeo|spe|1
|turn|27
|
|t:|1779577237
|-terastallize|p1a: Keldeo|Steel
|move|p1a: Keldeo|Secret Sword|p2a: Ogerpon
|-end|p2a: Ogerpon|Substitute
|move|p2a: Ogerpon|Trailblaze|p1a: Keldeo
|-resisted|p1a: Keldeo
|-damage|p1a: Keldeo|69/100
|-boost|p2a: Ogerpon|spe|1
|
|-weather|Snowscape|[upkeep]
|-heal|p1a: Keldeo|75/100|[from] item: Leftovers
|upkeep
|turn|28
|
|t:|1779577241
|move|p2a: Ogerpon|Ivy Cudgel|p1a: Keldeo|[anim] Ivy Cudgel Water
|-crit|p1a: Keldeo
|-damage|p1a: Keldeo|0 fnt
|faint|p1a: Keldeo
|
|win|nesnot
|raw|somsleep's rating: 1543 &rarr; <strong>1524</strong><br />(-19 for losing)
|raw|nesnot's rating: 1558 &rarr; <strong>1577</strong><br />(+19 for winning)
|l|☆nesnot
|player|p2|
|l|☆somsleep
|player|p1|
|l| Heliophete
