|j|☆Senpako
|j|☆Nat889
|t:|1779689865
|gametype|singles
|player|p1|Senpako|koga|1539
|player|p2|Nat889|miku-ghost|1580
|gen|9
|tier|[Gen 9] OU
|rated|
|rule|HP Percentage Mod: HP is shown in percentages
|rule|Endless Battle Clause: Forcing endless battles is banned
|rule|Species Clause: Limit one of each Pokémon
|rule|OHKO Clause: OHKO moves are banned
|rule|Evasion Items Clause: Evasion items are banned
|rule|Evasion Moves Clause: Evasion moves are banned
|rule|Evasion Abilities Clause: Evasion abilities are banned
|rule|Sleep Moves Clause: Sleep-inducing moves are banned
|clearpoke
|poke|p1|Ceruledge, F|
|poke|p1|Garchomp, M|
|poke|p1|Moltres-Galar|
|poke|p1|Iron Valiant|
|poke|p1|Walking Wake|
|poke|p1|Gholdengo|
|poke|p2|Hoopa|
|poke|p2|Cinderace, M|
|poke|p2|Mandibuzz, F|
|poke|p2|Kyurem|
|poke|p2|Ting-Lu|
|poke|p2|Manaphy|
|teampreview
|inactive|Battle timer is ON: inactive players will automatically lose when time's up. (requested by Senpako)
|
|t:|1779689894
|teamsize|p1|6
|teamsize|p2|6
|start
|switch|p1a: Gholdengo|Gholdengo|100/100
|switch|p2a: Kyurem|Kyurem|100/100
|-ability|p2a: Kyurem|Pressure
|turn|1
|
|t:|1779689909
|switch|p2a: Ting-Lucifer|Ting-Lu|100/100
|-ability|p2a: Ting-Lucifer|Vessel of Ruin
|move|p1a: Gholdengo|Trick|p2a: Ting-Lucifer
|-activate|p1a: Gholdengo|move: Trick|[of] p2a: Ting-Lucifer
|-item|p2a: Ting-Lucifer|Choice Scarf|[from] move: Trick
|-item|p1a: Gholdengo|Weakness Policy|[from] move: Trick
|
|upkeep
|turn|2
|
|t:|1779689918
|switch|p1a: Moltres|Moltres-Galar, shiny|100/100
|move|p2a: Ting-Lucifer|Earthquake|p1a: Moltres
|-immune|p1a: Moltres
|
|upkeep
|turn|3
|
|t:|1779689927
|switch|p2a: Manaphy|Manaphy|100/100
|move|p1a: Moltres|Agility|p1a: Moltres
|-boost|p1a: Moltres|spe|2
|
|upkeep
|turn|4
|
|t:|1779689939
|move|p1a: Moltres|Fiery Wrath|p2a: Manaphy
|-damage|p2a: Manaphy|66/100
|move|p2a: Manaphy|Tail Glow|p2a: Manaphy
|-boost|p2a: Manaphy|spa|3
|
|-heal|p2a: Manaphy|72/100|[from] item: Leftovers
|upkeep
|turn|5
|
|t:|1779689949
|move|p1a: Moltres|Nasty Plot|p1a: Moltres
|-boost|p1a: Moltres|spa|2
|move|p2a: Manaphy|Take Heart|p2a: Manaphy
|-boost|p2a: Manaphy|spa|1
|-boost|p2a: Manaphy|spd|1
|
|-heal|p2a: Manaphy|78/100|[from] item: Leftovers
|upkeep
|turn|6
|
|t:|1779689957
|move|p1a: Moltres|Nasty Plot|p1a: Moltres
|-boost|p1a: Moltres|spa|2
|move|p2a: Manaphy|Alluring Voice|p1a: Moltres
|-supereffective|p1a: Moltres
|-damage|p1a: Moltres|5/100
|-start|p1a: Moltres|confusion
|-ability|p1a: Moltres|Berserk|boost
|-boost|p1a: Moltres|spa|1
|-enditem|p1a: Moltres|Sitrus Berry|[eat]
|-heal|p1a: Moltres|29/100|[from] item: Sitrus Berry
|
|-heal|p2a: Manaphy|84/100|[from] item: Leftovers
|upkeep
|turn|7
|
|t:|1779689973
|-activate|p1a: Moltres|confusion
|move|p1a: Moltres|Fiery Wrath|p2a: Manaphy
|-damage|p2a: Manaphy|0 fnt
|faint|p2a: Manaphy
|
|upkeep
|
|t:|1779689986
|switch|p2a: Mandibuzz|Mandibuzz, F, shiny|100/100
|turn|8
|
|t:|1779689991
|-activate|p1a: Moltres|confusion
|-damage|p1a: Moltres|23/100|[from] confusion
|move|p2a: Mandibuzz|Toxic|p1a: Moltres
|-status|p1a: Moltres|tox
|
|-damage|p1a: Moltres|16/100 tox|[from] psn
|upkeep
|turn|9
|
|t:|1779689998
|-activate|p1a: Moltres|confusion
|move|p1a: Moltres|Air Slash|p2a: Mandibuzz
|-damage|p2a: Mandibuzz|1/100
|move|p2a: Mandibuzz|Roost|p2a: Mandibuzz
|-heal|p2a: Mandibuzz|51/100
|-singleturn|p2a: Mandibuzz|move: Roost
|
|-damage|p1a: Moltres|4/100 tox|[from] psn
|upkeep
|turn|10
|
|t:|1779690005
|-activate|p1a: Moltres|confusion
|-damage|p1a: Moltres|0 fnt|[from] confusion
|faint|p1a: Moltres
|move|p2a: Mandibuzz|Roost|p2a: Mandibuzz
|-heal|p2a: Mandibuzz|100/100
|-singleturn|p2a: Mandibuzz|move: Roost
|
|upkeep
|
|t:|1779690024
|switch|p1a: Gholdengo|Gholdengo|100/100
|turn|11
|
|t:|1779690027
|switch|p2a: Ting-Lucifer|Ting-Lu|100/100
|-ability|p2a: Ting-Lucifer|Vessel of Ruin
|move|p1a: Gholdengo|Thunderbolt|p2a: Ting-Lucifer
|-immune|p2a: Ting-Lucifer
|
|upkeep
|turn|12
|
|t:|1779690036
|switch|p1a: Walking Wake|Walking Wake|100/100
|-enditem|p1a: Walking Wake|Booster Energy
|-activate|p1a: Walking Wake|ability: Protosynthesis|[fromitem]
|-start|p1a: Walking Wake|protosynthesisspa
|move|p2a: Ting-Lucifer|Earthquake|p1a: Walking Wake
|-damage|p1a: Walking Wake|48/100
|
|upkeep
|turn|13
|
|t:|1779690043
|move|p1a: Walking Wake|Surf|p2a: Ting-Lucifer
|-supereffective|p2a: Ting-Lucifer
|-crit|p2a: Ting-Lucifer
|-damage|p2a: Ting-Lucifer|0 fnt
|faint|p2a: Ting-Lucifer
|
|upkeep
|
|t:|1779690051
|switch|p2a: Kyurem|Kyurem|100/100
|-ability|p2a: Kyurem|Pressure
|turn|14
|
|t:|1779690059
|move|p2a: Kyurem|Freeze-Dry|p1a: Walking Wake
|-supereffective|p1a: Walking Wake
|-damage|p1a: Walking Wake|0 fnt
|faint|p1a: Walking Wake
|-end|p1a: Walking Wake|Protosynthesis|[silent]
|
|upkeep
|
|t:|1779690064
|switch|p1a: Iron Valiant|Iron Valiant|100/100
|-enditem|p1a: Iron Valiant|Booster Energy
|-activate|p1a: Iron Valiant|ability: Quark Drive|[fromitem]
|-start|p1a: Iron Valiant|quarkdrivespe
|turn|15
|
|t:|1779690076
|switch|p2a: Hoopa|Hoopa|100/100
|move|p1a: Iron Valiant|Moonblast|p2a: Hoopa
|-damage|p2a: Hoopa|59/100
|
|upkeep
|turn|16
|
|t:|1779690087
|move|p1a: Iron Valiant|Moonblast|p2a: Hoopa
|-damage|p2a: Hoopa|18/100
|-unboost|p2a: Hoopa|spa|1
|-enditem|p2a: Hoopa|Aguav Berry|[eat]
|-heal|p2a: Hoopa|51/100|[from] item: Aguav Berry
|move|p2a: Hoopa|Shadow Ball|p1a: Iron Valiant
|-crit|p1a: Iron Valiant
|-damage|p1a: Iron Valiant|0 fnt
|faint|p1a: Iron Valiant
|-end|p1a: Iron Valiant|Quark Drive|[silent]
|
|upkeep
|
|t:|1779690098
|switch|p1a: Gholdengo|Gholdengo|100/100
|turn|17
|
|t:|1779690103
|move|p1a: Gholdengo|Shadow Ball|p2a: Hoopa
|-supereffective|p2a: Hoopa
|-damage|p2a: Hoopa|0 fnt
|faint|p2a: Hoopa
|
|upkeep
|
|t:|1779690116
|switch|p2a: Kyurem|Kyurem|100/100
|-ability|p2a: Kyurem|Pressure
|turn|18
|
|t:|1779690123
|-terastallize|p2a: Kyurem|Ground
|move|p2a: Kyurem|Earth Power|p1a: Gholdengo
|-supereffective|p1a: Gholdengo
|-damage|p1a: Gholdengo|0 fnt
|faint|p1a: Gholdengo
|
|upkeep
|
|t:|1779690143
|switch|p1a: Garchomp|Garchomp, M|100/100
|turn|19
|
|t:|1779690148
|switch|p2a: Mandibuzz|Mandibuzz, F, shiny|100/100
|-terastallize|p1a: Garchomp|Poison
|move|p1a: Garchomp|Scale Shot|p2a: Mandibuzz
|-damage|p2a: Mandibuzz|92/100
|-damage|p2a: Mandibuzz|84/100
|-hitcount|p2a: Mandibuzz|2
|-unboost|p1a: Garchomp|def|1
|-boost|p1a: Garchomp|spe|1
|
|upkeep
|turn|20
|
|t:|1779690160
|move|p1a: Garchomp|Swords Dance|p1a: Garchomp
|-boost|p1a: Garchomp|atk|2
|move|p2a: Mandibuzz|Foul Play|p1a: Garchomp
|-damage|p1a: Garchomp|0 fnt
|-damage|p2a: Mandibuzz|71/100|[from] ability: Rough Skin|[of] p1a: Garchomp
|faint|p1a: Garchomp
|
|upkeep
|
|t:|1779690171
|switch|p1a: Ceruledge|Ceruledge, F|100/100
|turn|21
|
|t:|1779690177
|move|p1a: Ceruledge|Bitter Blade|p2a: Mandibuzz
|-damage|p2a: Mandibuzz|43/100
|-damage|p1a: Ceruledge|84/100|[from] item: Rocky Helmet|[of] p2a: Mandibuzz
|move|p2a: Mandibuzz|Foul Play|p1a: Ceruledge
|-supereffective|p1a: Ceruledge
|-damage|p1a: Ceruledge|0 fnt
|faint|p1a: Ceruledge
|
|win|Nat889
|raw|Senpako's rating: 1539 &rarr; <strong>1521</strong><br />(-18 for losing)
|raw|Nat889's rating: 1580 &rarr; <strong>1598</strong><br />(+18 for winning)
|c|☆Nat889|gg
|l|☆Senpako
|player|p1|
|l|☆Nat889
|player|p2|
