|j|☆lfcabu
|j|☆qiojio
|t:|1779703404
|gametype|singles
|player|p1|lfcabu|iris|1111
|player|p2|qiojio|hilbert|1111
|gen|9
|tier|[Gen 9] OU
|rated|
|rule|HP Percentage Mod: HP is shown in percentages
|rule|Endless Battle Clause: Forcing endless battles is banned
|rule|Species Clause: Limit one of each Pokémon
|rule|OHKO Clause: OHKO moves are banned
|rule|Evasion Items Clause: Evasion items are banned
|rule|Evasion Moves Clause: Evasion moves are banned
|rule|Evasion Abilities Clause: Evasion abilities are banned
|rule|Sleep Moves Clause: Sleep-inducing moves are banned
|clearpoke
|poke|p1|Kingambit, F|
|poke|p1|Ninetales-Alola, F|
|poke|p1|Dondozo, F|
|poke|p1|Ursaluna, M|
|poke|p1|Cinderace, F|
|poke|p1|Iron Valiant|
|poke|p2|Meowscarada, F|
|poke|p2|Skarmory, M|
|poke|p2|Gardevoir, F|
|poke|p2|Altaria, M|
|poke|p2|Sableye, M|
|poke|p2|Snorlax, F|
|teampreview
|inactive|Battle timer is ON: inactive players will automatically lose when time's up. (requested by qiojio)
|inactive|lfcabu also wants the timer to be on.
|
|t:|1779703416
|teamsize|p1|6
|teamsize|p2|6
|start
|switch|p1a: Cinderace|Cinderace, F|100/100
|switch|p2a: Meowscarada|Meowscarada, F|100/100
|turn|1
|
|t:|1779703434
|move|p2a: Meowscarada|Knock Off|p1a: Cinderace
|-start|p2a: Meowscarada|typechange|Dark|[from] ability: Protean
|-damage|p1a: Cinderace|38/100
|-enditem|p1a: Cinderace|Heavy-Duty Boots|[from] move: Knock Off|[of] p2a: Meowscarada
|move|p1a: Cinderace|Pyro Ball|p2a: Meowscarada
|-damage|p2a: Meowscarada|15/100
|
|upkeep
|turn|2
|
|t:|1779703458
|switch|p2a: Snorlax|Snorlax, F, shiny|100/100
|switch|p1a: Dondozo|Dondozo, F|100/100
|
|upkeep
|turn|3
|
|t:|1779703470
|switch|p2a: Altaria|Altaria, M, shiny|100/100
|move|p1a: Dondozo|Curse|p1a: Dondozo
|-unboost|p1a: Dondozo|spe|1
|-boost|p1a: Dondozo|atk|1
|-boost|p1a: Dondozo|def|1
|
|upkeep
|turn|4
|
|t:|1779703481
|switch|p2a: Skarmory|Skarmory, M|100/100
|switch|p1a: Ninetales|Ninetales-Alola, F|100/100
|-weather|Snowscape|[from] ability: Snow Warning|[of] p1a: Ninetales
|
|-weather|Snowscape|[upkeep]
|upkeep
|turn|5
|
|t:|1779703491
|move|p1a: Ninetales|Aurora Veil|p1a: Ninetales
|-sidestart|p1: lfcabu|move: Aurora Veil
|move|p2a: Skarmory|Stealth Rock|p1a: Ninetales
|-sidestart|p1: lfcabu|move: Stealth Rock
|
|-weather|Snowscape|[upkeep]
|upkeep
|turn|6
|
|t:|1779703500
|switch|p1a: Kingambit|Kingambit, F|100/100
|-damage|p1a: Kingambit|94/100|[from] Stealth Rock
|switch|p2a: Snorlax|Snorlax, F, shiny|100/100
|
|-weather|Snowscape|[upkeep]
|upkeep
|turn|7
|
|t:|1779703507
|switch|p2a: Sableye|Sableye, M|100/100
|move|p1a: Kingambit|Swords Dance|p1a: Kingambit
|-boost|p1a: Kingambit|atk|2
|
|-weather|Snowscape|[upkeep]
|upkeep
|turn|8
|
|t:|1779703516
|switch|p2a: Skarmory|Skarmory, M|100/100
|move|p1a: Kingambit|Iron Head|p2a: Skarmory
|-resisted|p2a: Skarmory
|-crit|p2a: Skarmory
|-damage|p2a: Skarmory|59/100
|-damage|p1a: Kingambit|78/100|[from] item: Rocky Helmet|[of] p2a: Skarmory
|
|-weather|none
|upkeep
|turn|9
|
|t:|1779703524
|-terastallize|p1a: Kingambit|Fairy
|move|p1a: Kingambit|Swords Dance|p1a: Kingambit
|-boost|p1a: Kingambit|atk|2
|move|p2a: Skarmory|Whirlwind|p1a: Kingambit
|-end|p1a: Kingambit|fallenundefined|[silent]
|drag|p1a: Iron Valiant|Iron Valiant|100/100
|-damage|p1a: Iron Valiant|94/100|[from] Stealth Rock
|-enditem|p1a: Iron Valiant|Booster Energy
|-activate|p1a: Iron Valiant|ability: Quark Drive|[fromitem]
|-start|p1a: Iron Valiant|quarkdrivespe
|
|upkeep
|turn|10
|
|t:|1779703544
|switch|p2a: Sableye|Sableye, M|100/100
|move|p1a: Iron Valiant|Thunderbolt|p2a: Sableye
|-damage|p2a: Sableye|54/100
|
|upkeep
|turn|11
|
|t:|1779703557
|-end|p1a: Iron Valiant|Quark Drive|[silent]
|switch|p1a: Dondozo|Dondozo, F|100/100
|-damage|p1a: Dondozo|88/100|[from] Stealth Rock
|move|p2a: Sableye|Recover|p2a: Sableye
|-heal|p2a: Sableye|100/100
|
|-heal|p1a: Dondozo|94/100|[from] item: Leftovers
|upkeep
|turn|12
|
|t:|1779703565
|move|p2a: Sableye|Will-O-Wisp|p1a: Dondozo
|-status|p1a: Dondozo|brn
|move|p1a: Dondozo|Liquidation|p2a: Sableye
|-damage|p2a: Sableye|87/100
|-unboost|p2a: Sableye|def|1
|
|-heal|p1a: Dondozo|99/100 brn|[from] item: Leftovers
|-damage|p1a: Dondozo|94/100 brn|[from] brn
|-sideend|p1: lfcabu|move: Aurora Veil
|upkeep
|turn|13
|
|t:|1779703590
|switch|p2a: Skarmory|Skarmory, M|59/100
|move|p1a: Dondozo|Liquidation|p2a: Skarmory
|-damage|p2a: Skarmory|50/100
|-damage|p1a: Dondozo|77/100 brn|[from] item: Rocky Helmet|[of] p2a: Skarmory
|
|-heal|p1a: Dondozo|84/100 brn|[from] item: Leftovers
|-damage|p1a: Dondozo|77/100 brn|[from] brn
|upkeep
|turn|14
|
|t:|1779703598
|move|p2a: Skarmory|Roost|p2a: Skarmory
|-heal|p2a: Skarmory|99/100
|-singleturn|p2a: Skarmory|move: Roost
|move|p1a: Dondozo|Curse|p1a: Dondozo
|-unboost|p1a: Dondozo|spe|1
|-boost|p1a: Dondozo|atk|1
|-boost|p1a: Dondozo|def|1
|
|-heal|p1a: Dondozo|84/100 brn|[from] item: Leftovers
|-damage|p1a: Dondozo|77/100 brn|[from] brn
|upkeep
|turn|15
|
|t:|1779703611
|move|p1a: Dondozo|Body Press|p2a: Skarmory
|-damage|p2a: Skarmory|88/100
|-damage|p1a: Dondozo|61/100 brn|[from] item: Rocky Helmet|[of] p2a: Skarmory
|move|p2a: Skarmory|Whirlwind|p1a: Dondozo
|drag|p1a: Iron Valiant|Iron Valiant|94/100
|-damage|p1a: Iron Valiant|88/100|[from] Stealth Rock
|
|upkeep
|turn|16
|
|t:|1779703620
|switch|p2a: Snorlax|Snorlax, F, shiny|100/100
|move|p1a: Iron Valiant|Thunderbolt|p2a: Snorlax
|-damage|p2a: Snorlax|86/100
|-status|p2a: Snorlax|par
|
|-heal|p2a: Snorlax|92/100 par|[from] item: Leftovers
|upkeep
|turn|17
|
|t:|1779703627
|switch|p2a: Sableye|Sableye, M|87/100
|move|p1a: Iron Valiant|Calm Mind|p1a: Iron Valiant
|-boost|p1a: Iron Valiant|spa|1
|-boost|p1a: Iron Valiant|spd|1
|
|upkeep
|turn|18
|
|t:|1779703637
|move|p2a: Sableye|Encore|p1a: Iron Valiant
|-start|p1a: Iron Valiant|Encore
|move|p1a: Iron Valiant|Calm Mind|p1a: Iron Valiant
|-boost|p1a: Iron Valiant|spa|1
|-boost|p1a: Iron Valiant|spd|1
|
|upkeep
|turn|19
|
|t:|1779703655
|switch|p2a: Gardevoir|Gardevoir, F|100/100
|move|p1a: Iron Valiant|Calm Mind|p1a: Iron Valiant
|-boost|p1a: Iron Valiant|spa|1
|-boost|p1a: Iron Valiant|spd|1
|
|upkeep
|turn|20
|
|t:|1779703659
|move|p1a: Iron Valiant|Calm Mind|p1a: Iron Valiant
|-boost|p1a: Iron Valiant|spa|1
|-boost|p1a: Iron Valiant|spd|1
|move|p2a: Gardevoir|Psychic|p1a: Iron Valiant
|-supereffective|p1a: Iron Valiant
|-damage|p1a: Iron Valiant|5/100
|
|-end|p1a: Iron Valiant|Encore
|upkeep
|turn|21
|
|t:|1779703674
|switch|p2a: Sableye|Sableye, M|87/100
|move|p1a: Iron Valiant|Moonblast|p2a: Sableye
|-supereffective|p2a: Sableye
|-damage|p2a: Sableye|0 fnt
|faint|p2a: Sableye
|
|upkeep
|
|t:|1779703677
|switch|p2a: Meowscarada|Meowscarada, F|15/100
|turn|22
|
|t:|1779703694
|move|p2a: Meowscarada|Flower Trick|p1a: Iron Valiant
|-start|p2a: Meowscarada|typechange|Grass|[from] ability: Protean
|-crit|p1a: Iron Valiant
|-damage|p1a: Iron Valiant|0 fnt
|faint|p1a: Iron Valiant
|-end|p1a: Iron Valiant|Quark Drive|[silent]
|
|upkeep
|
|t:|1779703707
|switch|p1a: Kingambit|Kingambit, F, tera:Fairy|78/100
|-damage|p1a: Kingambit|65/100|[from] Stealth Rock
|-activate|p1a: Kingambit|ability: Supreme Overlord
|-start|p1a: Kingambit|fallen1|[silent]
|turn|23
|
|t:|1779703715
|switch|p2a: Skarmory|Skarmory, M|88/100
|move|p1a: Kingambit|Kowtow Cleave|p2a: Skarmory
|-damage|p2a: Skarmory|48/100
|-damage|p1a: Kingambit|49/100|[from] item: Rocky Helmet|[of] p2a: Skarmory
|
|upkeep
|turn|24
|
|t:|1779703727
|move|p2a: Skarmory|Roost|p2a: Skarmory
|-heal|p2a: Skarmory|98/100
|-singleturn|p2a: Skarmory|move: Roost
|move|p1a: Kingambit|Kowtow Cleave|p2a: Skarmory
|-damage|p2a: Skarmory|60/100
|-damage|p1a: Kingambit|32/100|[from] item: Rocky Helmet|[of] p2a: Skarmory
|
|upkeep
|turn|25
|
|t:|1779703741
|-end|p1a: Kingambit|fallen1|[silent]
|switch|p1a: Cinderace|Cinderace, F|38/100
|-damage|p1a: Cinderace|13/100|[from] Stealth Rock
|move|p2a: Skarmory|Roost|p2a: Skarmory
|-heal|p2a: Skarmory|100/100
|-singleturn|p2a: Skarmory|move: Roost
|
|upkeep
|turn|26
|
|t:|1779703753
|switch|p2a: Altaria|Altaria, M, shiny|100/100
|move|p1a: Cinderace|Court Change|p1a: Cinderace
|-start|p1a: Cinderace|typechange|Normal|[from] ability: Libero
|-swapsideconditions
|-activate|p1a: Cinderace|move: Court Change
|
|upkeep
|turn|27
|
|t:|1779703768
|move|p1a: Cinderace|U-turn|p2a: Altaria
|-resisted|p2a: Altaria
|-damage|p2a: Altaria|91/100
|
|t:|1779703780
|switch|p1a: Ninetales|Ninetales-Alola, F|100/100|[from] U-turn
|-weather|Snowscape|[from] ability: Snow Warning|[of] p1a: Ninetales
|move|p2a: Altaria|Dragon Dance|p2a: Altaria
|-boost|p2a: Altaria|atk|1
|-boost|p2a: Altaria|spe|1
|
|-weather|Snowscape|[upkeep]
|upkeep
|turn|28
|
|t:|1779703797
|move|p1a: Ninetales|Freeze-Dry|p2a: Altaria
|-supereffective|p2a: Altaria
|-damage|p2a: Altaria|0 fnt
|faint|p2a: Altaria
|
|-weather|Snowscape|[upkeep]
|upkeep
|
|t:|1779703805
|switch|p2a: Skarmory|Skarmory, M|100/100
|-damage|p2a: Skarmory|88/100|[from] Stealth Rock
|turn|29
|
|t:|1779703811
|move|p1a: Ninetales|Aurora Veil|p1a: Ninetales
|-sidestart|p1: lfcabu|move: Aurora Veil
|move|p2a: Skarmory|Stealth Rock|p1a: Ninetales
|-sidestart|p1: lfcabu|move: Stealth Rock
|
|-weather|Snowscape|[upkeep]
|upkeep
|turn|30
|
|t:|1779703819
|switch|p2a: Snorlax|Snorlax, F, shiny|92/100 par
|-damage|p2a: Snorlax|80/100 par|[from] Stealth Rock
|move|p1a: Ninetales|Encore||[still]
|-fail|p1a: Ninetales
|
|-weather|Snowscape|[upkeep]
|-heal|p2a: Snorlax|86/100 par|[from] item: Leftovers
|upkeep
|turn|31
|inactive|qiojio has 120 seconds left.
|
|t:|1779703865
|switch|p1a: Ursaluna|Ursaluna, M|100/100
|-damage|p1a: Ursaluna|94/100|[from] Stealth Rock
|move|p2a: Snorlax|Earthquake|p1a: Ursaluna
|-damage|p1a: Ursaluna|86/100
|
|-weather|none
|-heal|p2a: Snorlax|92/100 par|[from] item: Leftovers
|-status|p1a: Ursaluna|brn|[from] item: Flame Orb
|upkeep
|turn|32
|inactive|qiojio has 90 seconds left.
|
|t:|1779703902
|switch|p2a: Meowscarada|Meowscarada, F|15/100
|-damage|p2a: Meowscarada|3/100|[from] Stealth Rock
|move|p1a: Ursaluna|Drain Punch|p2a: Meowscarada
|-supereffective|p2a: Meowscarada
|-damage|p2a: Meowscarada|0 fnt
|-heal|p1a: Ursaluna|87/100 brn|[from] drain|[of] p2a: Meowscarada
|faint|p2a: Meowscarada
|
|-damage|p1a: Ursaluna|81/100 brn|[from] brn
|upkeep
|
|t:|1779703920
|switch|p2a: Skarmory|Skarmory, M|88/100
|-damage|p2a: Skarmory|76/100|[from] Stealth Rock
|turn|33
|
|t:|1779703932
|move|p2a: Skarmory|Roost|p2a: Skarmory
|-heal|p2a: Skarmory|100/100
|-singleturn|p2a: Skarmory|move: Roost
|move|p1a: Ursaluna|Drain Punch|p2a: Skarmory
|-supereffective|p2a: Skarmory
|-damage|p2a: Skarmory|49/100
|-heal|p1a: Ursaluna|99/100 brn|[from] drain|[of] p2a: Skarmory
|-damage|p1a: Ursaluna|83/100 brn|[from] item: Rocky Helmet|[of] p2a: Skarmory
|
|-damage|p1a: Ursaluna|77/100 brn|[from] brn
|upkeep
|turn|34
|
|t:|1779703940
|move|p1a: Ursaluna|Headlong Rush|p2a: Skarmory
|-immune|p2a: Skarmory
|move|p2a: Skarmory|Whirlwind|p1a: Ursaluna
|drag|p1a: Cinderace|Cinderace, F|13/100
|-damage|p1a: Cinderace|0 fnt|[from] Stealth Rock
|faint|p1a: Cinderace
|
|upkeep
|
|t:|1779703959
|switch|p1a: Kingambit|Kingambit, F, tera:Fairy|32/100
|-damage|p1a: Kingambit|20/100|[from] Stealth Rock
|-activate|p1a: Kingambit|ability: Supreme Overlord
|-start|p1a: Kingambit|fallen2|[silent]
|turn|35
|
|t:|1779703983
|move|p2a: Skarmory|Roost|p2a: Skarmory
|-heal|p2a: Skarmory|99/100
|-singleturn|p2a: Skarmory|move: Roost
|move|p1a: Kingambit|Kowtow Cleave|p2a: Skarmory
|-damage|p2a: Skarmory|58/100
|-damage|p1a: Kingambit|3/100|[from] item: Rocky Helmet|[of] p2a: Skarmory
|
|upkeep
|turn|36
|
|t:|1779703992
|move|p2a: Skarmory|Roost|p2a: Skarmory
|-heal|p2a: Skarmory|100/100
|-singleturn|p2a: Skarmory|move: Roost
|move|p1a: Kingambit|Swords Dance|p1a: Kingambit
|-boost|p1a: Kingambit|atk|2
|
|-sideend|p1: lfcabu|move: Aurora Veil
|upkeep
|turn|37
|
|t:|1779703999
|move|p1a: Kingambit|Kowtow Cleave|p2a: Skarmory
|-damage|p2a: Skarmory|21/100
|-damage|p1a: Kingambit|0 fnt|[from] item: Rocky Helmet|[of] p2a: Skarmory
|faint|p1a: Kingambit
|-end|p1a: Kingambit|fallen2|[silent]
|move|p2a: Skarmory|Whirlwind|p1: Kingambit|[notarget]
|-fail|p2a: Skarmory
|
|upkeep
|
|t:|1779704006
|switch|p1a: Ninetales|Ninetales-Alola, F|100/100
|-damage|p1a: Ninetales|76/100|[from] Stealth Rock
|-weather|Snowscape|[from] ability: Snow Warning|[of] p1a: Ninetales
|turn|38
|inactive|qiojio has 90 seconds left.
|
|t:|1779704025
|switch|p2a: Snorlax|Snorlax, F, shiny|92/100 par
|-damage|p2a: Snorlax|80/100 par|[from] Stealth Rock
|move|p1a: Ninetales|Freeze-Dry|p2a: Snorlax
|-damage|p2a: Snorlax|74/100 par
|
|-weather|Snowscape|[upkeep]
|-heal|p2a: Snorlax|80/100 par|[from] item: Leftovers
|upkeep
|turn|39
|
|t:|1779704030
|move|p1a: Ninetales|Aurora Veil|p1a: Ninetales
|-sidestart|p1: lfcabu|move: Aurora Veil
|cant|p2a: Snorlax|par
|
|-weather|Snowscape|[upkeep]
|-heal|p2a: Snorlax|86/100 par|[from] item: Leftovers
|upkeep
|turn|40
|
|t:|1779704035
|switch|p1a: Ursaluna|Ursaluna, M|77/100 brn
|-damage|p1a: Ursaluna|70/100 brn|[from] Stealth Rock
|move|p2a: Snorlax|Curse|p2a: Snorlax
|-unboost|p2a: Snorlax|spe|1
|-boost|p2a: Snorlax|atk|1
|-boost|p2a: Snorlax|def|1
|
|-weather|Snowscape|[upkeep]
|-heal|p2a: Snorlax|92/100 par|[from] item: Leftovers
|-damage|p1a: Ursaluna|64/100 brn|[from] brn
|upkeep
|turn|41
|
|t:|1779704047
|switch|p1a: Dondozo|Dondozo, F|61/100 brn
|-damage|p1a: Dondozo|48/100 brn|[from] Stealth Rock
|move|p2a: Snorlax|Curse|p2a: Snorlax
|-unboost|p2a: Snorlax|spe|1
|-boost|p2a: Snorlax|atk|1
|-boost|p2a: Snorlax|def|1
|
|-weather|Snowscape|[upkeep]
|-heal|p1a: Dondozo|54/100 brn|[from] item: Leftovers
|-heal|p2a: Snorlax|99/100 par|[from] item: Leftovers
|-damage|p1a: Dondozo|48/100 brn|[from] brn
|upkeep
|turn|42
|
|t:|1779704053
|move|p1a: Dondozo|Curse|p1a: Dondozo
|-unboost|p1a: Dondozo|spe|1
|-boost|p1a: Dondozo|atk|1
|-boost|p1a: Dondozo|def|1
|cant|p2a: Snorlax|par
|
|-weather|none
|-heal|p1a: Dondozo|54/100 brn|[from] item: Leftovers
|-heal|p2a: Snorlax|100/100 par|[from] item: Leftovers
|-damage|p1a: Dondozo|48/100 brn|[from] brn
|upkeep
|turn|43
|
|t:|1779704059
|move|p1a: Dondozo|Rest|p1a: Dondozo
|-status|p1a: Dondozo|slp|[from] move: Rest
|-heal|p1a: Dondozo|100/100 slp|[silent]
|move|p2a: Snorlax|Earthquake|p1a: Dondozo
|-damage|p1a: Dondozo|97/100 slp
|
|-heal|p1a: Dondozo|100/100 slp|[from] item: Leftovers
|upkeep
|turn|44
|
|t:|1779704062
|cant|p1a: Dondozo|slp
|move|p2a: Snorlax|Earthquake|p1a: Dondozo
|-damage|p1a: Dondozo|97/100 slp
|
|-heal|p1a: Dondozo|100/100 slp|[from] item: Leftovers
|upkeep
|turn|45
|
|t:|1779704064
|cant|p1a: Dondozo|slp
|cant|p2a: Snorlax|par
|
|upkeep
|turn|46
|
|t:|1779704073
|-curestatus|p1a: Dondozo|slp|[msg]
|move|p1a: Dondozo|Curse|p1a: Dondozo
|-unboost|p1a: Dondozo|spe|1
|-boost|p1a: Dondozo|atk|1
|-boost|p1a: Dondozo|def|1
|move|p2a: Snorlax|Rest|p2a: Snorlax
|-fail|p2a: Snorlax|heal
|
|-sideend|p1: lfcabu|move: Aurora Veil
|upkeep
|turn|47
|
|t:|1779704084
|move|p1a: Dondozo|Curse|p1a: Dondozo
|-unboost|p1a: Dondozo|spe|1
|-boost|p1a: Dondozo|atk|1
|-boost|p1a: Dondozo|def|1
|move|p2a: Snorlax|Earthquake|p1a: Dondozo
|-damage|p1a: Dondozo|96/100
|
|-heal|p1a: Dondozo|100/100|[from] item: Leftovers
|upkeep
|turn|48
|
|t:|1779704089
|move|p1a: Dondozo|Curse|p1a: Dondozo
|-unboost|p1a: Dondozo|spe|1
|-boost|p1a: Dondozo|atk|1
|-boost|p1a: Dondozo|def|1
|cant|p2a: Snorlax|par
|
|upkeep
|turn|49
|
|t:|1779704101
|move|p1a: Dondozo|Body Press|p2a: Snorlax
|-supereffective|p2a: Snorlax
|-damage|p2a: Snorlax|0 fnt
|faint|p2a: Snorlax
|
|upkeep
|
|t:|1779704104
|switch|p2a: Skarmory|Skarmory, M|21/100
|-damage|p2a: Skarmory|8/100|[from] Stealth Rock
|turn|50
|
|t:|1779704107
|move|p2a: Skarmory|Tailwind|p2a: Skarmory
|-sidestart|p2: qiojio|move: Tailwind
|move|p1a: Dondozo|Body Press|p2a: Skarmory
|-damage|p2a: Skarmory|0 fnt
|-damage|p1a: Dondozo|84/100|[from] item: Rocky Helmet|[of] p2a: Skarmory
|faint|p2a: Skarmory
|
|-heal|p1a: Dondozo|90/100|[from] item: Leftovers
|upkeep
|
|t:|1779704109
|switch|p2a: Gardevoir|Gardevoir, F|100/100
|-damage|p2a: Gardevoir|88/100|[from] Stealth Rock
|-ability|p2a: Gardevoir|Unaware|Trace|[from] ability: Trace|[of] p1a: Dondozo
|turn|51
|
|t:|1779704117
|-terastallize|p2a: Gardevoir|Psychic
|move|p2a: Gardevoir|Psychic|p1a: Dondozo
|-crit|p1a: Dondozo
|-damage|p1a: Dondozo|0 fnt
|faint|p1a: Dondozo
|
|upkeep
|
|t:|1779704123
|switch|p1a: Ursaluna|Ursaluna, M|64/100 brn
|-damage|p1a: Ursaluna|58/100 brn|[from] Stealth Rock
|turn|52
|
|t:|1779704126
|move|p2a: Gardevoir|Psychic|p1a: Ursaluna
|-damage|p1a: Ursaluna|0 fnt
|faint|p1a: Ursaluna
|
|upkeep
|
|t:|1779704129
|switch|p1a: Ninetales|Ninetales-Alola, F|76/100
|-damage|p1a: Ninetales|51/100|[from] Stealth Rock
|-weather|Snowscape|[from] ability: Snow Warning|[of] p1a: Ninetales
|turn|53
|
|t:|1779704133
|move|p2a: Gardevoir|Psychic|p1a: Ninetales
|-damage|p1a: Ninetales|0 fnt
|faint|p1a: Ninetales
|
|win|qiojio
|raw|lfcabu's rating: 1111 &rarr; <strong>1086</strong><br />(-25 for losing)
|raw|qiojio's rating: 1111 &rarr; <strong>1136</strong><br />(+25 for winning)
|l|☆qiojio
|player|p2|
