|j|☆mcacma
|j|☆maiese
|t:|1779720863
|gametype|singles
|player|p1|mcacma|veteran|1075
|player|p2|maiese|red|1124
|gen|9
|tier|[Gen 9] OU
|rated|
|rule|HP Percentage Mod: HP is shown in percentages
|rule|Endless Battle Clause: Forcing endless battles is banned
|rule|Species Clause: Limit one of each Pokémon
|rule|OHKO Clause: OHKO moves are banned
|rule|Evasion Items Clause: Evasion items are banned
|rule|Evasion Moves Clause: Evasion moves are banned
|rule|Evasion Abilities Clause: Evasion abilities are banned
|rule|Sleep Moves Clause: Sleep-inducing moves are banned
|clearpoke
|poke|p1|Gholdengo|
|poke|p1|Kingambit, F|
|poke|p1|Flygon, M|
|poke|p1|Clodsire, M|
|poke|p1|Smeargle, F|
|poke|p1|Tatsugiri, M|
|poke|p2|Gliscor, M|
|poke|p2|Blaziken, F|
|poke|p2|Hydreigon, F|
|poke|p2|Lucario, F|
|poke|p2|Quaquaval, M|
|poke|p2|Iron Hands|
|teampreview
|
|t:|1779720872
|teamsize|p1|6
|teamsize|p2|6
|start
|switch|p1a: Smeargle|Smeargle, F|100/100
|switch|p2a: Iron Hands|Iron Hands|100/100
|-enditem|p2a: Iron Hands|Booster Energy
|-activate|p2a: Iron Hands|ability: Quark Drive|[fromitem]
|-start|p2a: Iron Hands|quarkdriveatk
|turn|1
|
|t:|1779720879
|move|p1a: Smeargle|Burning Bulwark|p1a: Smeargle
|-singleturn|p1a: Smeargle|move: Protect
|move|p2a: Iron Hands|Body Press|p1a: Smeargle
|-activate|p1a: Smeargle|move: Protect
|-status|p2a: Iron Hands|brn
|
|-damage|p2a: Iron Hands|94/100 brn|[from] brn
|upkeep
|turn|2
|inactive|Battle timer is ON: inactive players will automatically lose when time's up. (requested by mcacma)
|inactive|maiese has 120 seconds left.
|
|t:|1779720963
|-terastallize|p1a: Smeargle|Grass
|move|p1a: Smeargle|No Retreat|p1a: Smeargle
|-boost|p1a: Smeargle|atk|1
|-boost|p1a: Smeargle|def|1
|-boost|p1a: Smeargle|spa|1
|-boost|p1a: Smeargle|spd|1
|-boost|p1a: Smeargle|spe|1
|-start|p1a: Smeargle|move: No Retreat
|move|p2a: Iron Hands|Body Press|p1a: Smeargle
|-damage|p1a: Smeargle|63/100
|
|-damage|p2a: Iron Hands|88/100 brn|[from] brn
|upkeep
|turn|3
|
|t:|1779720976
|move|p1a: Smeargle|Ceaseless Edge|p2a: Iron Hands|[miss]
|-miss|p1a: Smeargle|p2a: Iron Hands
|move|p2a: Iron Hands|Ice Punch|p1a: Smeargle
|-supereffective|p1a: Smeargle
|-damage|p1a: Smeargle|14/100
|
|-damage|p2a: Iron Hands|82/100 brn|[from] brn
|upkeep
|turn|4
|
|t:|1779720984
|move|p1a: Smeargle|Explosion|p2a: Iron Hands
|-damage|p2a: Iron Hands|45/100 brn
|faint|p1a: Smeargle
|move|p2a: Iron Hands|Thunder Punch|p1: Smeargle|[notarget]
|-fail|p2a: Iron Hands
|
|-damage|p2a: Iron Hands|39/100 brn|[from] brn
|upkeep
|
|t:|1779720996
|switch|p1a: Tatsugiri|Tatsugiri, M|100/100
|turn|5
|
|t:|1779721009
|move|p1a: Tatsugiri|Draco Meteor|p2a: Iron Hands
|-damage|p2a: Iron Hands|0 fnt
|-unboost|p1a: Tatsugiri|spa|2
|faint|p2a: Iron Hands
|-end|p2a: Iron Hands|Quark Drive|[silent]
|
|upkeep
|
|t:|1779721016
|switch|p2a: Hydreigon|Hydreigon, F|100/100
|turn|6
|
|t:|1779721021
|-terastallize|p2a: Hydreigon|Steel
|move|p1a: Tatsugiri|Draco Meteor|p2a: Hydreigon
|-resisted|p2a: Hydreigon
|-damage|p2a: Hydreigon|84/100
|-unboost|p1a: Tatsugiri|spa|2
|move|p2a: Hydreigon|Dragon Dance|p2a: Hydreigon
|-boost|p2a: Hydreigon|atk|1
|-boost|p2a: Hydreigon|spe|1
|
|-heal|p2a: Hydreigon|90/100|[from] item: Leftovers
|upkeep
|turn|7
|inactive|maiese has 120 seconds left.
|inactive|maiese has 90 seconds left.
|inactive|maiese has 60 seconds left.
|inactive|maiese has 30 seconds left.
|inactive|maiese has 20 seconds left.
|inactive|maiese has 15 seconds left.
|inactive|maiese has 10 seconds left.
|inactive|maiese has 5 seconds left.
|-message|maiese lost due to inactivity.
|
|win|mcacma
|raw|mcacma's rating: 1075 &rarr; <strong>1108</strong><br />(+33 for winning)
|raw|maiese's rating: 1124 &rarr; <strong>1095</strong><br />(-29 for losing)
|l|☆mcacma
|player|p1|
|l|☆maiese
|player|p2|
