|j|☆saad.2
|j|☆kyz_z1
|t:|1779665023
|gametype|singles
|player|p1|saad.2|2|1351
|player|p2|kyz_z1|hoopster|1317
|gen|9
|tier|[Gen 9] OU
|rated|
|rule|HP Percentage Mod: HP is shown in percentages
|rule|Endless Battle Clause: Forcing endless battles is banned
|rule|Species Clause: Limit one of each Pokémon
|rule|OHKO Clause: OHKO moves are banned
|rule|Evasion Items Clause: Evasion items are banned
|rule|Evasion Moves Clause: Evasion moves are banned
|rule|Evasion Abilities Clause: Evasion abilities are banned
|rule|Sleep Moves Clause: Sleep-inducing moves are banned
|clearpoke
|poke|p1|Walking Wake|
|poke|p1|Great Tusk|
|poke|p1|Ninetales, M|
|poke|p1|Cresselia, F|
|poke|p1|Zarude|
|poke|p1|Ceruledge, M|
|poke|p2|Iron Moth|
|poke|p2|Gliscor, M|
|poke|p2|Hatterene, F|
|poke|p2|Ogerpon-Wellspring, F|
|poke|p2|Raging Bolt|
|poke|p2|Zamazenta-*|
|teampreview
|inactive|Battle timer is ON: inactive players will automatically lose when time's up. (requested by kyz_z1)
|
|t:|1779665041
|teamsize|p1|6
|teamsize|p2|6
|start
|switch|p1a: Ninetales|Ninetales, M|100/100
|switch|p2a: Zamazenta|Zamazenta|100/100
|-ability|p2a: Zamazenta|Dauntless Shield|boost
|-boost|p2a: Zamazenta|def|1
|-weather|SunnyDay|[from] ability: Drought|[of] p1a: Ninetales
|turn|1
|
|t:|1779665046
|switch|p2a: Hatterene|Hatterene, F|100/100
|move|p1a: Ninetales|Will-O-Wisp|p2a: Hatterene
|move|p2a: Hatterene|Will-O-Wisp|p1a: Ninetales|[from] ability: Magic Bounce
|-immune|p1a: Ninetales
|
|-weather|SunnyDay|[upkeep]
|upkeep
|turn|2
|
|t:|1779665054
|move|p1a: Ninetales|Overheat|p2a: Hatterene
|-damage|p2a: Hatterene|43/100
|-unboost|p1a: Ninetales|spa|2
|move|p2a: Hatterene|Draining Kiss|p1a: Ninetales
|-resisted|p1a: Ninetales
|-damage|p1a: Ninetales|90/100
|-heal|p2a: Hatterene|51/100|[from] drain|[of] p1a: Ninetales
|
|-weather|SunnyDay|[upkeep]
|-heal|p2a: Hatterene|57/100|[from] item: Leftovers
|upkeep
|turn|3
|
|t:|1779665062
|switch|p1a: Cresselia|Cresselia, F|100/100
|move|p2a: Hatterene|Draining Kiss|p1a: Cresselia
|-damage|p1a: Cresselia|89/100
|-heal|p2a: Hatterene|70/100|[from] drain|[of] p1a: Cresselia
|
|-weather|SunnyDay|[upkeep]
|-heal|p1a: Cresselia|95/100|[from] item: Leftovers
|-heal|p2a: Hatterene|76/100|[from] item: Leftovers
|upkeep
|turn|4
|
|t:|1779665065
|move|p1a: Cresselia|Psychic|p2a: Hatterene
|-resisted|p2a: Hatterene
|-damage|p2a: Hatterene|63/100
|move|p2a: Hatterene|Mystical Fire|p1a: Cresselia
|-damage|p1a: Cresselia|74/100
|-unboost|p1a: Cresselia|spa|1
|
|-weather|SunnyDay|[upkeep]
|-heal|p1a: Cresselia|80/100|[from] item: Leftovers
|-heal|p2a: Hatterene|69/100|[from] item: Leftovers
|upkeep
|turn|5
|
|t:|1779665069
|move|p1a: Cresselia|Moonlight|p1a: Cresselia
|-heal|p1a: Cresselia|100/100
|move|p2a: Hatterene|Calm Mind|p2a: Hatterene
|-boost|p2a: Hatterene|spa|1
|-boost|p2a: Hatterene|spd|1
|
|-weather|SunnyDay|[upkeep]
|-heal|p2a: Hatterene|75/100|[from] item: Leftovers
|upkeep
|turn|6
|
|t:|1779665076
|switch|p1a: Ceruledge|Ceruledge, M|100/100
|move|p2a: Hatterene|Draining Kiss|p1a: Ceruledge
|-resisted|p1a: Ceruledge
|-damage|p1a: Ceruledge|82/100
|-heal|p2a: Hatterene|88/100|[from] drain|[of] p1a: Ceruledge
|
|-weather|SunnyDay|[upkeep]
|-heal|p2a: Hatterene|94/100|[from] item: Leftovers
|upkeep
|turn|7
|
|t:|1779665080
|switch|p2a: Zamazenta|Zamazenta|100/100
|move|p1a: Ceruledge|Poltergeist|p2a: Zamazenta|[miss]
|-miss|p1a: Ceruledge|p2a: Zamazenta
|
|-weather|SunnyDay|[upkeep]
|upkeep
|turn|8
|
|t:|1779665095
|switch|p1a: Ninetales|Ninetales, M|90/100
|move|p2a: Zamazenta|Reflect|p2a: Zamazenta
|-sidestart|p2: kyz_z1|Reflect
|
|-weather|none
|upkeep
|turn|9
|
|t:|1779665107
|switch|p2a: Raging Bolt|Raging Bolt|100/100
|-enditem|p2a: Raging Bolt|Booster Energy
|-activate|p2a: Raging Bolt|ability: Protosynthesis|[fromitem]
|-start|p2a: Raging Bolt|protosynthesisspa
|move|p1a: Ninetales|Overheat|p2a: Raging Bolt
|-resisted|p2a: Raging Bolt
|-damage|p2a: Raging Bolt|81/100
|-unboost|p1a: Ninetales|spa|2
|
|upkeep
|turn|10
|
|t:|1779665117
|switch|p1a: Cresselia|Cresselia, F|100/100
|move|p2a: Raging Bolt|Dragon Pulse|p1a: Cresselia
|-damage|p1a: Cresselia|62/100
|
|-heal|p1a: Cresselia|68/100|[from] item: Leftovers
|upkeep
|turn|11
|
|t:|1779665125
|move|p2a: Raging Bolt|Thunderbolt|p1a: Cresselia
|-damage|p1a: Cresselia|28/100
|move|p1a: Cresselia|Psychic|p2a: Raging Bolt
|-damage|p2a: Raging Bolt|56/100
|
|-heal|p1a: Cresselia|34/100|[from] item: Leftovers
|upkeep
|turn|12
|
|t:|1779665130
|switch|p1a: Great Tusk|Great Tusk|100/100
|move|p2a: Raging Bolt|Thunderbolt|p1a: Great Tusk
|-immune|p1a: Great Tusk
|
|upkeep
|turn|13
|
|t:|1779665134
|-end|p2a: Raging Bolt|Protosynthesis|[silent]
|switch|p2a: Hatterene|Hatterene, F|94/100
|move|p1a: Great Tusk|Headlong Rush|p2a: Hatterene
|-damage|p2a: Hatterene|63/100
|-unboost|p1a: Great Tusk|def|1
|-unboost|p1a: Great Tusk|spd|1
|
|-heal|p2a: Hatterene|69/100|[from] item: Leftovers
|upkeep
|turn|14
|
|t:|1779665141
|-end|p1a: Great Tusk|Protosynthesis|[silent]
|switch|p1a: Cresselia|Cresselia, F|34/100
|move|p2a: Hatterene|Draining Kiss|p1a: Cresselia
|-damage|p1a: Cresselia|22/100
|-heal|p2a: Hatterene|82/100|[from] drain|[of] p1a: Cresselia
|
|-heal|p1a: Cresselia|28/100|[from] item: Leftovers
|-heal|p2a: Hatterene|88/100|[from] item: Leftovers
|upkeep
|turn|15
|
|t:|1779665144
|move|p1a: Cresselia|Moonlight|p1a: Cresselia
|-heal|p1a: Cresselia|78/100
|move|p2a: Hatterene|Calm Mind|p2a: Hatterene
|-boost|p2a: Hatterene|spa|1
|-boost|p2a: Hatterene|spd|1
|
|-heal|p1a: Cresselia|85/100|[from] item: Leftovers
|-heal|p2a: Hatterene|94/100|[from] item: Leftovers
|-sideend|p2: kyz_z1|Reflect
|upkeep
|turn|16
|
|t:|1779665155
|switch|p1a: Ceruledge|Ceruledge, M|82/100
|move|p2a: Hatterene|Calm Mind|p2a: Hatterene
|-boost|p2a: Hatterene|spa|1
|-boost|p2a: Hatterene|spd|1
|
|-heal|p2a: Hatterene|99/100|[from] item: Leftovers
|upkeep
|turn|17
|
|t:|1779665158
|-terastallize|p2a: Hatterene|Water
|move|p1a: Ceruledge|Poltergeist|p2a: Hatterene
|-activate|p2a: Hatterene|move: Poltergeist|Leftovers
|-damage|p2a: Hatterene|51/100
|move|p2a: Hatterene|Stored Power|p1a: Ceruledge
|-damage|p1a: Ceruledge|0 fnt
|faint|p1a: Ceruledge
|
|-heal|p2a: Hatterene|57/100|[from] item: Leftovers
|upkeep
|
|t:|1779665166
|switch|p1a: Zarude|Zarude|100/100
|turn|18
|
|t:|1779665170
|switch|p2a: Iron Moth|Iron Moth|100/100
|-enditem|p2a: Iron Moth|Booster Energy
|-activate|p2a: Iron Moth|ability: Quark Drive|[fromitem]
|-start|p2a: Iron Moth|quarkdrivespe
|move|p1a: Zarude|Power Whip|p2a: Iron Moth|[miss]
|-miss|p1a: Zarude|p2a: Iron Moth
|
|upkeep
|turn|19
|
|t:|1779665174
|switch|p1a: Great Tusk|Great Tusk|100/100
|move|p2a: Iron Moth|Fiery Dance|p1a: Great Tusk
|-damage|p1a: Great Tusk|58/100
|
|upkeep
|turn|20
|
|t:|1779665179
|-end|p2a: Iron Moth|Quark Drive|[silent]
|switch|p2a: Hatterene|Hatterene, F, tera:Water|57/100
|move|p1a: Great Tusk|Headlong Rush|p2a: Hatterene
|-crit|p2a: Hatterene
|-damage|p2a: Hatterene|0 fnt
|-unboost|p1a: Great Tusk|def|1
|-unboost|p1a: Great Tusk|spd|1
|faint|p2a: Hatterene
|
|upkeep
|
|t:|1779665182
|switch|p2a: Iron Moth|Iron Moth|100/100
|turn|21
|
|t:|1779665186
|-end|p1a: Great Tusk|Protosynthesis|[silent]
|switch|p1a: Cresselia|Cresselia, F|85/100
|move|p2a: Iron Moth|Fiery Dance|p1a: Cresselia
|-damage|p1a: Cresselia|62/100
|
|-heal|p1a: Cresselia|68/100|[from] item: Leftovers
|upkeep
|turn|22
|
|t:|1779665191
|-end|p2a: Iron Moth|Quark Drive|[silent]
|switch|p2a: Ogerpon|Ogerpon-Wellspring, F|100/100
|move|p1a: Cresselia|Thunder Wave|p2a: Ogerpon|[miss]
|-miss|p1a: Cresselia|p2a: Ogerpon
|
|-heal|p1a: Cresselia|74/100|[from] item: Leftovers
|upkeep
|turn|23
|
|t:|1779665195
|switch|p2a: Raging Bolt|Raging Bolt|56/100
|move|p1a: Cresselia|Thunder Wave|p2a: Raging Bolt
|-immune|p2a: Raging Bolt
|
|-heal|p1a: Cresselia|80/100|[from] item: Leftovers
|upkeep
|turn|24
|
|t:|1779665197
|move|p2a: Raging Bolt|Dragon Pulse|p1a: Cresselia
|-damage|p1a: Cresselia|51/100
|move|p1a: Cresselia|Psychic|p2a: Raging Bolt
|-damage|p2a: Raging Bolt|32/100
|
|-heal|p1a: Cresselia|57/100|[from] item: Leftovers
|upkeep
|turn|25
|
|t:|1779665200
|move|p2a: Raging Bolt|Thunderbolt|p1a: Cresselia
|-damage|p1a: Cresselia|26/100
|move|p1a: Cresselia|Moonlight|p1a: Cresselia
|-heal|p1a: Cresselia|76/100
|
|-heal|p1a: Cresselia|82/100|[from] item: Leftovers
|upkeep
|turn|26
|
|t:|1779665204
|move|p2a: Raging Bolt|Dragon Pulse|p1a: Cresselia
|-damage|p1a: Cresselia|51/100
|move|p1a: Cresselia|Psychic|p2a: Raging Bolt
|-damage|p2a: Raging Bolt|9/100
|
|-heal|p1a: Cresselia|57/100|[from] item: Leftovers
|upkeep
|turn|27
|
|t:|1779665206
|move|p2a: Raging Bolt|Thunderbolt|p1a: Cresselia
|-damage|p1a: Cresselia|27/100
|move|p1a: Cresselia|Moonlight|p1a: Cresselia
|-heal|p1a: Cresselia|77/100
|
|-heal|p1a: Cresselia|83/100|[from] item: Leftovers
|upkeep
|turn|28
|
|t:|1779665209
|move|p2a: Raging Bolt|Thunderbolt|p1a: Cresselia
|-damage|p1a: Cresselia|52/100
|move|p1a: Cresselia|Moonlight|p1a: Cresselia
|-heal|p1a: Cresselia|100/100
|
|upkeep
|turn|29
|
|t:|1779665218
|switch|p1a: Great Tusk|Great Tusk|58/100
|move|p2a: Raging Bolt|Dragon Pulse|p1a: Great Tusk
|-damage|p1a: Great Tusk|7/100
|
|upkeep
|turn|30
|
|t:|1779665222
|-end|p2a: Raging Bolt|Protosynthesis|[silent]
|switch|p2a: Gliscor|Gliscor, M|100/100
|move|p1a: Great Tusk|Headlong Rush|p2a: Gliscor
|-immune|p2a: Gliscor
|
|-status|p2a: Gliscor|tox|[from] item: Toxic Orb
|upkeep
|turn|31
|
|t:|1779665225
|switch|p2a: Zamazenta|Zamazenta|100/100
|move|p1a: Great Tusk|Ice Spinner|p2a: Zamazenta
|-damage|p2a: Zamazenta|76/100
|
|upkeep
|turn|32
|
|t:|1779665230
|-end|p1a: Great Tusk|Protosynthesis|[silent]
|switch|p1a: Cresselia|Cresselia, F|100/100
|move|p2a: Zamazenta|Reflect|p2a: Zamazenta
|-sidestart|p2: kyz_z1|Reflect
|
|upkeep
|turn|33
|
|t:|1779665233
|move|p2a: Zamazenta|Light Screen|p2a: Zamazenta
|-sidestart|p2: kyz_z1|move: Light Screen
|move|p1a: Cresselia|Psychic|p2a: Zamazenta
|-supereffective|p2a: Zamazenta
|-damage|p2a: Zamazenta|58/100
|
|upkeep
|turn|34
|
|t:|1779665237
|switch|p2a: Ogerpon|Ogerpon-Wellspring, F|100/100
|move|p1a: Cresselia|Psychic|p2a: Ogerpon
|-damage|p2a: Ogerpon|87/100
|
|upkeep
|turn|35
|
|t:|1779665240
|move|p2a: Ogerpon|Encore|p1a: Cresselia
|-start|p1a: Cresselia|Encore
|move|p1a: Cresselia|Psychic|p2a: Ogerpon
|-damage|p2a: Ogerpon|72/100
|
|upkeep
|turn|36
|
|t:|1779665256
|switch|p1a: Ninetales|Ninetales, M|90/100
|-weather|SunnyDay|[from] ability: Drought|[of] p1a: Ninetales
|move|p2a: Ogerpon|Swords Dance|p2a: Ogerpon
|-boost|p2a: Ogerpon|atk|2
|
|-weather|SunnyDay|[upkeep]
|upkeep
|turn|37
|
|t:|1779665263
|switch|p1a: Zarude|Zarude|100/100
|move|p2a: Ogerpon|Ivy Cudgel|p1a: Zarude|[anim] Ivy Cudgel Water
|-resisted|p1a: Zarude
|-crit|p1a: Zarude
|-damage|p1a: Zarude|55/100
|
|-weather|SunnyDay|[upkeep]
|-heal|p1a: Zarude|62/100|[from] item: Leftovers
|upkeep
|turn|38
|
|t:|1779665270
|switch|p2a: Iron Moth|Iron Moth|100/100
|move|p1a: Zarude|Synthesis|p1a: Zarude
|-heal|p1a: Zarude|100/100
|
|-weather|SunnyDay|[upkeep]
|upkeep
|turn|39
|
|t:|1779665273
|switch|p1a: Cresselia|Cresselia, F|100/100
|move|p2a: Iron Moth|Fiery Dance|p1a: Cresselia
|-damage|p1a: Cresselia|68/100
|-boost|p2a: Iron Moth|spa|1
|
|-weather|SunnyDay|[upkeep]
|-heal|p1a: Cresselia|74/100|[from] item: Leftovers
|-sideend|p2: kyz_z1|Reflect
|upkeep
|turn|40
|
|t:|1779665277
|move|p2a: Iron Moth|Fiery Dance|p1a: Cresselia
|-damage|p1a: Cresselia|25/100
|-boost|p2a: Iron Moth|spa|1
|move|p1a: Cresselia|Thunder Wave|p2a: Iron Moth|[miss]
|-miss|p1a: Cresselia|p2a: Iron Moth
|
|-weather|SunnyDay|[upkeep]
|-heal|p1a: Cresselia|31/100|[from] item: Leftovers
|-sideend|p2: kyz_z1|move: Light Screen
|upkeep
|turn|41
|
|t:|1779665283
|move|p2a: Iron Moth|Fiery Dance|p1a: Cresselia
|-damage|p1a: Cresselia|0 fnt
|-boost|p2a: Iron Moth|spa|1
|faint|p1a: Cresselia
|
|-weather|SunnyDay|[upkeep]
|upkeep
|c|☆saad.2|blind ass cresselia
|
|t:|1779665293
|switch|p1a: Walking Wake|Walking Wake|100/100
|-activate|p1a: Walking Wake|ability: Protosynthesis
|-start|p1a: Walking Wake|protosynthesisspe
|turn|42
|
|t:|1779665295
|-end|p2a: Iron Moth|Quark Drive|[silent]
|switch|p2a: Ogerpon|Ogerpon-Wellspring, F|72/100
|move|p1a: Walking Wake|Hydro Steam|p2a: Ogerpon
|-heal|p2a: Ogerpon|97/100|[from] ability: Water Absorb|[of] p1a: Walking Wake
|
|-weather|SunnyDay|[upkeep]
|upkeep
|turn|43
|
|t:|1779665300
|-end|p1a: Walking Wake|Protosynthesis|[silent]
|switch|p1a: Zarude|Zarude|100/100
|move|p2a: Ogerpon|Trailblaze|p1a: Zarude
|-resisted|p1a: Zarude
|-damage|p1a: Zarude|86/100
|-boost|p2a: Ogerpon|spe|1
|
|-weather|none
|-heal|p1a: Zarude|92/100|[from] item: Leftovers
|upkeep
|turn|44
|
|t:|1779665304
|switch|p2a: Iron Moth|Iron Moth|100/100
|move|p1a: Zarude|Power Whip|p2a: Iron Moth
|-resisted|p2a: Iron Moth
|-damage|p2a: Iron Moth|77/100
|
|-heal|p1a: Zarude|98/100|[from] item: Leftovers
|upkeep
|turn|45
|
|t:|1779665306
|move|p2a: Iron Moth|Sludge Wave|p1a: Zarude
|-supereffective|p1a: Zarude
|-damage|p1a: Zarude|7/100
|move|p1a: Zarude|Knock Off|p2a: Iron Moth
|-damage|p2a: Iron Moth|27/100
|
|-heal|p1a: Zarude|14/100|[from] item: Leftovers
|upkeep
|turn|46
|
|t:|1779665308
|move|p2a: Iron Moth|Fiery Dance|p1a: Zarude
|-supereffective|p1a: Zarude
|-damage|p1a: Zarude|0 fnt
|-boost|p2a: Iron Moth|spa|1
|faint|p1a: Zarude
|
|upkeep
|
|t:|1779665310
|switch|p1a: Ninetales|Ninetales, M|90/100
|-weather|SunnyDay|[from] ability: Drought|[of] p1a: Ninetales
|turn|47
|
|t:|1779665315
|move|p2a: Iron Moth|Sludge Wave|p1a: Ninetales
|-damage|p1a: Ninetales|19/100
|move|p1a: Ninetales|Overheat|p2a: Iron Moth
|-resisted|p2a: Iron Moth
|-damage|p2a: Iron Moth|0 fnt
|-unboost|p1a: Ninetales|spa|2
|faint|p2a: Iron Moth
|-end|p2a: Iron Moth|Quark Drive|[silent]
|
|-weather|SunnyDay|[upkeep]
|upkeep
|
|t:|1779665325
|switch|p2a: Gliscor|Gliscor, M|100/100 tox
|turn|48
|
|t:|1779665329
|move|p1a: Ninetales|Healing Wish|p1a: Ninetales
|faint|p1a: Ninetales
|move|p2a: Gliscor|Earthquake|p1: Ninetales|[notarget]
|-fail|p2a: Gliscor
|
|-weather|SunnyDay|[upkeep]
|upkeep
|
|t:|1779665331
|switch|p1a: Great Tusk|Great Tusk|7/100
|-heal|p1a: Great Tusk|100/100|[from] move: Healing Wish
|-activate|p1a: Great Tusk|ability: Protosynthesis
|-start|p1a: Great Tusk|protosynthesisatk
|turn|49
|
|t:|1779665334
|switch|p2a: Raging Bolt|Raging Bolt|9/100
|-activate|p2a: Raging Bolt|ability: Protosynthesis
|-start|p2a: Raging Bolt|protosynthesisspa
|move|p1a: Great Tusk|Ice Spinner|p2a: Raging Bolt
|-supereffective|p2a: Raging Bolt
|-damage|p2a: Raging Bolt|0 fnt
|faint|p2a: Raging Bolt
|-end|p2a: Raging Bolt|Protosynthesis|[silent]
|
|-weather|SunnyDay|[upkeep]
|upkeep
|
|t:|1779665336
|switch|p2a: Zamazenta|Zamazenta|58/100
|turn|50
|
|t:|1779665340
|move|p2a: Zamazenta|Reflect|p2a: Zamazenta
|-sidestart|p2: kyz_z1|Reflect
|move|p1a: Great Tusk|Headlong Rush|p2a: Zamazenta
|-damage|p2a: Zamazenta|19/100
|-unboost|p1a: Great Tusk|def|1
|-unboost|p1a: Great Tusk|spd|1
|
|-weather|SunnyDay|[upkeep]
|upkeep
|turn|51
|
|t:|1779665348
|-end|p1a: Great Tusk|Protosynthesis|[silent]
|switch|p1a: Walking Wake|Walking Wake|100/100
|-activate|p1a: Walking Wake|ability: Protosynthesis
|-start|p1a: Walking Wake|protosynthesisspe
|move|p2a: Zamazenta|Ice Fang|p1a: Walking Wake
|-damage|p1a: Walking Wake|80/100
|
|-weather|SunnyDay|[upkeep]
|upkeep
|turn|52
|
|t:|1779665350
|move|p1a: Walking Wake|Hydro Steam|p2a: Zamazenta
|-damage|p2a: Zamazenta|0 fnt
|faint|p2a: Zamazenta
|
|-weather|SunnyDay|[upkeep]
|upkeep
|
|t:|1779665352
|switch|p2a: Ogerpon|Ogerpon-Wellspring, F|97/100
|turn|53
|
|t:|1779665361
|move|p1a: Walking Wake|Draco Meteor|p2a: Ogerpon
|-damage|p2a: Ogerpon|16/100
|-unboost|p1a: Walking Wake|spa|2
|move|p2a: Ogerpon|Swords Dance|p2a: Ogerpon
|-boost|p2a: Ogerpon|atk|2
|
|-weather|SunnyDay|[upkeep]
|upkeep
|turn|54
|
|t:|1779665366
|move|p1a: Walking Wake|Draco Meteor|p2a: Ogerpon|[miss]
|-miss|p1a: Walking Wake|p2a: Ogerpon
|move|p2a: Ogerpon|Trailblaze|p1a: Walking Wake
|-damage|p1a: Walking Wake|11/100
|-boost|p2a: Ogerpon|spe|1
|
|-weather|none
|-end|p1a: Walking Wake|Protosynthesis
|upkeep
|turn|55
|c|☆saad.2|BNLIND MOTHER FUCKERRR
|
|t:|1779665372
|move|p2a: Ogerpon|Trailblaze|p1a: Walking Wake
|-damage|p1a: Walking Wake|0 fnt
|-boost|p2a: Ogerpon|spe|1
|faint|p1a: Walking Wake
|-end|p1a: Walking Wake|Protosynthesis|[silent]
|
|upkeep
|
|t:|1779665373
|switch|p1a: Great Tusk|Great Tusk|100/100
|turn|56
|
|t:|1779665380
|-terastallize|p1a: Great Tusk|Steel
|move|p2a: Ogerpon|Ivy Cudgel|p1a: Great Tusk|[anim] Ivy Cudgel Water
|-damage|p1a: Great Tusk|9/100
|move|p1a: Great Tusk|Ice Spinner|p2a: Ogerpon
|-damage|p2a: Ogerpon|0 fnt
|faint|p2a: Ogerpon
|
|upkeep
|
|t:|1779665383
|switch|p2a: Gliscor|Gliscor, M|100/100 tox
|turn|57
|
|t:|1779665385
|move|p1a: Great Tusk|Ice Spinner|p2a: Gliscor
|-supereffective|p2a: Gliscor
|-damage|p2a: Gliscor|50/100 tox
|move|p2a: Gliscor|Earthquake|p1a: Great Tusk
|-supereffective|p1a: Great Tusk
|-damage|p1a: Great Tusk|0 fnt
|faint|p1a: Great Tusk
|-end|p1a: Great Tusk|Protosynthesis|[silent]
|
|win|kyz_z1
