|j|☆AmygdalanResponse
|j|☆IFreakingluvStall
|t:|1779559481
|gametype|singles
|player|p1|AmygdalanResponse|marshal|1465
|player|p2|IFreakingluvStall|wattson|1500
|gen|9
|tier|[Gen 9] OU
|rated|
|rule|HP Percentage Mod: HP is shown in percentages
|rule|Endless Battle Clause: Forcing endless battles is banned
|rule|Species Clause: Limit one of each Pokémon
|rule|OHKO Clause: OHKO moves are banned
|rule|Evasion Items Clause: Evasion items are banned
|rule|Evasion Moves Clause: Evasion moves are banned
|rule|Evasion Abilities Clause: Evasion abilities are banned
|rule|Sleep Moves Clause: Sleep-inducing moves are banned
|clearpoke
|poke|p1|Ninetales, F|
|poke|p1|Hatterene, F|
|poke|p1|Walking Wake|
|poke|p1|Great Tusk|
|poke|p1|Lilligant-Hisui, F|
|poke|p1|Slither Wing|
|poke|p2|Dondozo, M|
|poke|p2|Blissey, F|
|poke|p2|Corviknight, F|
|poke|p2|Weezing-Galar, F|
|poke|p2|Gliscor, M|
|poke|p2|Alomomola, F|
|teampreview
|inactive|Battle timer is ON: inactive players will automatically lose when time's up. (requested by IFreakingluvStall)
|c|☆AmygdalanResponse|gl hf
|
|t:|1779559497
|teamsize|p1|6
|teamsize|p2|6
|start
|switch|p1a: Ninetales|Ninetales, F|100/100
|switch|p2a: Blissey|Blissey, F|100/100
|-weather|SunnyDay|[from] ability: Drought|[of] p1a: Ninetales
|turn|1
|c|☆IFreakingluvStall|no bldhf
|
|t:|1779559507
|switch|p1a: Hatterene|Hatterene, F|100/100
|move|p2a: Blissey|Thunder Wave|p1a: Hatterene
|move|p1a: Hatterene|Thunder Wave|p2a: Blissey|[from] ability: Magic Bounce
|-status|p2a: Blissey|par
|
|-weather|SunnyDay|[upkeep]
|upkeep
|turn|2
|
|t:|1779559516
|move|p1a: Hatterene|Psychic Noise|p2a: Blissey
|-damage|p2a: Blissey|91/100 par
|move|p2a: Blissey|Calm Mind|p2a: Blissey
|-boost|p2a: Blissey|spa|1
|-boost|p2a: Blissey|spd|1
|
|-weather|SunnyDay|[upkeep]
|upkeep
|turn|3
|
|t:|1779559521
|switch|p1a: Ninetales|Ninetales, F|100/100
|move|p2a: Blissey|Shadow Ball|p1a: Ninetales
|-damage|p1a: Ninetales|80/100
|
|-weather|SunnyDay|[upkeep]
|upkeep
|turn|4
|
|t:|1779559527
|move|p1a: Ninetales|Encore|p2a: Blissey
|-start|p2a: Blissey|Encore
|move|p2a: Blissey|Shadow Ball|p1a: Ninetales
|-damage|p1a: Ninetales|60/100
|
|-weather|SunnyDay|[upkeep]
|upkeep
|turn|5
|
|t:|1779559533
|switch|p1a: Slither Wing|Slither Wing|100/100
|-activate|p1a: Slither Wing|ability: Protosynthesis
|-start|p1a: Slither Wing|protosynthesisatk
|move|p2a: Blissey|Shadow Ball|p1a: Slither Wing
|-damage|p1a: Slither Wing|84/100
|
|-weather|SunnyDay|[upkeep]
|upkeep
|turn|6
|
|t:|1779559548
|-curestatus|p2a: Blissey|par|[from] ability: Natural Cure|[silent]
|switch|p2a: Alomomola|Alomomola, F|100/100
|move|p1a: Slither Wing|Close Combat|p2a: Alomomola
|-damage|p2a: Alomomola|48/100
|-unboost|p1a: Slither Wing|def|1
|-unboost|p1a: Slither Wing|spd|1
|
|-weather|SunnyDay|[upkeep]
|upkeep
|turn|7
|
|t:|1779559556
|move|p2a: Alomomola|Protect|p2a: Alomomola
|-singleturn|p2a: Alomomola|Protect
|move|p1a: Slither Wing|Close Combat|p2a: Alomomola
|-activate|p2a: Alomomola|move: Protect
|
|-weather|SunnyDay|[upkeep]
|upkeep
|turn|8
|inactive|IFreakingluvStall has 120 seconds left.
|inactive|IFreakingluvStall has 90 seconds left.
|
|t:|1779559619
|switch|p2a: Weezing|Weezing-Galar, F|100/100
|-ability|p2a: Weezing|Neutralizing Gas
|move|p1a: Slither Wing|Close Combat|p2a: Weezing
|-resisted|p2a: Weezing
|-damage|p2a: Weezing|89/100
|-unboost|p1a: Slither Wing|def|1
|-unboost|p1a: Slither Wing|spd|1
|
|-weather|none
|upkeep
|turn|9
|inactive|IFreakingluvStall has 90 seconds left.
|inactive|AmygdalanResponse has 120 seconds left.
|c|☆AmygdalanResponse|Now I am not sure if this is a bug or intended
|inactive|AmygdalanResponse has 90 seconds left.
|c|☆AmygdalanResponse|I am still getting the protosynthesis buff
|c|☆IFreakingluvStall|u got booster enery?
|c|☆AmygdalanResponse|so neutralizing gas stops you from losing it when weather is gone?
|c|☆AmygdalanResponse|No
|inactive|AmygdalanResponse has 60 seconds left.
|
|t:|1779559711
|move|p1a: Slither Wing|Earthquake|p2a: Weezing
|-supereffective|p2a: Weezing
|-damage|p2a: Weezing|39/100
|move|p2a: Weezing|Will-O-Wisp|p1a: Slither Wing
|-status|p1a: Slither Wing|brn
|
|-damage|p1a: Slither Wing|78/100 brn|[from] brn
|upkeep
|turn|10
|inactive|IFreakingluvStall has 90 seconds left.
|c|☆IFreakingluvStall|yeah nut gas doesnt effect paradox abiltys if i remember correctly
|inactive|IFreakingluvStall has 60 seconds left.
|
|t:|1779559758
|-end|p2a: Weezing|ability: Neutralizing Gas
|-end|p1a: Slither Wing|Protosynthesis
|switch|p2a: Alomomola|Alomomola, F|81/100
|move|p1a: Slither Wing|U-turn|p2a: Alomomola
|-damage|p2a: Alomomola|69/100
|inactive|AmygdalanResponse has 60 seconds left.
|c|☆IFreakingluvStall|but i didnt know it did that
|inactive|AmygdalanResponse has 30 seconds left.
|inactive|AmygdalanResponse has 20 seconds left.
|
|t:|1779559811
|-end|p1a: Slither Wing|Protosynthesis|[silent]
|switch|p1a: Ninetales|Ninetales, F|60/100|[from] U-turn
|-weather|SunnyDay|[from] ability: Drought|[of] p1a: Ninetales
|
|-weather|SunnyDay|[upkeep]
|upkeep
|turn|11
|inactive|AmygdalanResponse has 30 seconds left this turn.
|
|t:|1779559818
|switch|p2a: Blissey|Blissey, F|91/100
|move|p1a: Ninetales|Will-O-Wisp|p2a: Blissey
|-status|p2a: Blissey|brn
|
|-weather|SunnyDay|[upkeep]
|-damage|p2a: Blissey|85/100 brn|[from] brn
|upkeep
|turn|12
|inactive|AmygdalanResponse has 30 seconds left.
|c|☆AmygdalanResponse|guess the interaction is to prevent the activation
|inactive|AmygdalanResponse has 20 seconds left.
|
|t:|1779559836
|switch|p1a: Great Tusk|Great Tusk|100/100
|-activate|p1a: Great Tusk|ability: Protosynthesis
|-start|p1a: Great Tusk|protosynthesisatk
|move|p2a: Blissey|Shadow Ball|p1a: Great Tusk
|-damage|p1a: Great Tusk|79/100
|
|-weather|SunnyDay|[upkeep]
|-damage|p2a: Blissey|79/100 brn|[from] brn
|upkeep
|turn|13
|inactive|AmygdalanResponse has 30 seconds left this turn.
|
|t:|1779559851
|-curestatus|p2a: Blissey|brn|[from] ability: Natural Cure|[silent]
|switch|p2a: Corviknight|Corviknight, F|100/100
|-ability|p2a: Corviknight|Pressure
|move|p1a: Great Tusk|Stealth Rock|p2a: Corviknight
|-sidestart|p2: IFreakingluvStall|move: Stealth Rock
|
|-weather|SunnyDay|[upkeep]
|upkeep
|turn|14
|inactive|AmygdalanResponse has 30 seconds left.
|
|t:|1779559861
|-end|p1a: Great Tusk|Protosynthesis|[silent]
|switch|p1a: Walking Wake|Walking Wake|100/100
|-activate|p1a: Walking Wake|ability: Protosynthesis
|-start|p1a: Walking Wake|protosynthesisspe
|move|p2a: Corviknight|Defog|p1a: Walking Wake
|-unboost|p1a: Walking Wake|evasion|1
|-sideend|p2: IFreakingluvStall|Stealth Rock|[from] move: Defog|[of] p2a: Corviknight
|
|-weather|SunnyDay|[upkeep]
|upkeep
|turn|15
|
|t:|1779559870
|switch|p2a: Blissey|Blissey, F|79/100
|move|p1a: Walking Wake|Hydro Steam|p2a: Blissey
|-damage|p2a: Blissey|52/100
|
|-weather|SunnyDay|[upkeep]
|upkeep
|turn|16
|
|t:|1779559880
|-end|p1a: Walking Wake|Protosynthesis|[silent]
|switch|p1a: Hatterene|Hatterene, F|100/100
|move|p2a: Blissey|Soft-Boiled|p2a: Blissey
|-heal|p2a: Blissey|100/100
|
|-weather|SunnyDay|[upkeep]
|upkeep
|turn|17
|
|t:|1779559894
|move|p2a: Blissey|Shadow Ball|p1a: Hatterene
|-supereffective|p1a: Hatterene
|-damage|p1a: Hatterene|68/100
|move|p1a: Hatterene|Psychic Noise|p2a: Blissey
|-damage|p2a: Blissey|90/100
|
|-weather|none
|upkeep
|turn|18
|
|t:|1779559899
|move|p2a: Blissey|Calm Mind|p2a: Blissey
|-boost|p2a: Blissey|spa|1
|-boost|p2a: Blissey|spd|1
|move|p1a: Hatterene|Nuzzle|p2a: Blissey
|-damage|p2a: Blissey|86/100
|
|upkeep
|turn|19
|
|t:|1779559902
|move|p2a: Blissey|Shadow Ball|p1a: Hatterene
|-supereffective|p1a: Hatterene
|-damage|p1a: Hatterene|26/100
|-unboost|p1a: Hatterene|spd|1
|move|p1a: Hatterene|Psychic Noise|p2a: Blissey
|-damage|p2a: Blissey|79/100
|
|upkeep
|turn|20
|inactive|AmygdalanResponse has 60 seconds left.
|
|t:|1779559930
|switch|p1a: Great Tusk|Great Tusk|79/100
|move|p2a: Blissey|Shadow Ball|p1a: Great Tusk
|-damage|p1a: Great Tusk|48/100
|
|upkeep
|turn|21
|
|t:|1779559948
|-end|p1a: Great Tusk|Protosynthesis|[silent]
|switch|p1a: Hatterene|Hatterene, F|26/100
|switch|p2a: Corviknight|Corviknight, F|100/100
|-ability|p2a: Corviknight|Pressure
|
|upkeep
|turn|22
|inactive|IFreakingluvStall has 120 seconds left.
|
|t:|1779559963
|switch|p2a: Blissey|Blissey, F|79/100
|move|p1a: Hatterene|Pain Split|p2a: Blissey
|-sethp|p2a: Blissey|46/100|[from] move: Pain Split|[silent]
|-sethp|p1a: Hatterene|93/100|[from] move: Pain Split
|
|upkeep
|turn|23
|inactive|AmygdalanResponse has 60 seconds left.
|
|t:|1779559988
|switch|p1a: Ninetales|Ninetales, F|60/100
|-weather|SunnyDay|[from] ability: Drought|[of] p1a: Ninetales
|move|p2a: Blissey|Soft-Boiled|p2a: Blissey
|-heal|p2a: Blissey|96/100
|
|-weather|SunnyDay|[upkeep]
|upkeep
|turn|24
|inactive|IFreakingluvStall has 120 seconds left.
|
|t:|1779559994
|switch|p2a: Gliscor|Gliscor, M|100/100
|move|p1a: Ninetales|Encore||[still]
|-fail|p1a: Ninetales
|
|-weather|SunnyDay|[upkeep]
|-status|p2a: Gliscor|tox|[from] item: Toxic Orb
|upkeep
|turn|25
|
|t:|1779560002
|switch|p1a: Hatterene|Hatterene, F|93/100
|move|p2a: Gliscor|Knock Off|p1a: Hatterene
|-damage|p1a: Hatterene|75/100
|-damage|p2a: Gliscor|84/100 tox|[from] item: Rocky Helmet|[of] p1a: Hatterene
|-enditem|p1a: Hatterene|Rocky Helmet|[from] move: Knock Off|[of] p2a: Gliscor
|
|-weather|SunnyDay|[upkeep]
|-heal|p2a: Gliscor|97/100 tox|[from] ability: Poison Heal
|upkeep
|turn|26
|inactive|AmygdalanResponse has 60 seconds left.
|
|t:|1779560011
|move|p2a: Gliscor|Protect|p2a: Gliscor
|-singleturn|p2a: Gliscor|Protect
|move|p1a: Hatterene|Psychic Noise|p2a: Gliscor
|-activate|p2a: Gliscor|move: Protect
|
|-weather|SunnyDay|[upkeep]
|-heal|p2a: Gliscor|100/100 tox|[from] ability: Poison Heal
|upkeep
|turn|27
|
|t:|1779560022
|move|p2a: Gliscor|Knock Off|p1a: Hatterene
|-damage|p1a: Hatterene|62/100
|move|p1a: Hatterene|Draining Kiss|p2a: Gliscor
|-damage|p2a: Gliscor|80/100 tox
|-heal|p1a: Hatterene|79/100|[from] drain|[of] p2a: Gliscor
|
|-weather|SunnyDay|[upkeep]
|-heal|p2a: Gliscor|92/100 tox|[from] ability: Poison Heal
|upkeep
|turn|28
|
|t:|1779560031
|move|p2a: Gliscor|Knock Off|p1a: Hatterene
|-damage|p1a: Hatterene|67/100
|move|p1a: Hatterene|Draining Kiss|p2a: Gliscor
|-damage|p2a: Gliscor|74/100 tox
|-heal|p1a: Hatterene|82/100|[from] drain|[of] p2a: Gliscor
|
|-weather|SunnyDay|[upkeep]
|-heal|p2a: Gliscor|87/100 tox|[from] ability: Poison Heal
|upkeep
|turn|29
|
|t:|1779560039
|move|p2a: Gliscor|Knock Off|p1a: Hatterene
|-damage|p1a: Hatterene|71/100
|move|p1a: Hatterene|Psychic Noise|p2a: Gliscor
|-damage|p2a: Gliscor|58/100 tox
|-start|p2a: Gliscor|move: Heal Block
|
|-weather|SunnyDay|[upkeep]
|upkeep
|turn|30
|
|t:|1779560048
|move|p2a: Gliscor|Protect|p2a: Gliscor
|-singleturn|p2a: Gliscor|Protect
|move|p1a: Hatterene|Draining Kiss|p2a: Gliscor
|-activate|p2a: Gliscor|move: Protect
|
|-weather|none
|-end|p2a: Gliscor|move: Heal Block
|upkeep
|turn|31
|
|t:|1779560054
|switch|p2a: Blissey|Blissey, F|96/100
|move|p1a: Hatterene|Psychic Noise|p2a: Blissey
|-damage|p2a: Blissey|86/100
|
|upkeep
|turn|32
|
|t:|1779560067
|move|p2a: Blissey|Thunder Wave|p1a: Hatterene
|move|p1a: Hatterene|Thunder Wave|p2a: Blissey|[from] ability: Magic Bounce
|-status|p2a: Blissey|par
|move|p1a: Hatterene|Pain Split|p2a: Blissey
|-sethp|p2a: Blissey|60/100 par|[from] move: Pain Split|[silent]
|-sethp|p1a: Hatterene|100/100|[from] move: Pain Split
|
|upkeep
|turn|33
|
|t:|1779560074
|move|p1a: Hatterene|Psychic Noise|p2a: Blissey
|-damage|p2a: Blissey|50/100 par
|move|p2a: Blissey|Shadow Ball|p1a: Hatterene
|-supereffective|p1a: Hatterene
|-damage|p1a: Hatterene|68/100
|
|upkeep
|turn|34
|
|t:|1779560080
|switch|p1a: Ninetales|Ninetales, F|60/100
|-weather|SunnyDay|[from] ability: Drought|[of] p1a: Ninetales
|move|p2a: Blissey|Soft-Boiled|p2a: Blissey
|-heal|p2a: Blissey|99/100 par
|
|-weather|SunnyDay|[upkeep]
|upkeep
|turn|35
|
|t:|1779560091
|switch|p1a: Great Tusk|Great Tusk|48/100
|-activate|p1a: Great Tusk|ability: Protosynthesis
|-start|p1a: Great Tusk|protosynthesisatk
|-curestatus|p2a: Blissey|par|[from] ability: Natural Cure|[silent]
|switch|p2a: Corviknight|Corviknight, F|100/100
|-ability|p2a: Corviknight|Pressure
|
|-weather|SunnyDay|[upkeep]
|upkeep
|turn|36
|
|t:|1779560103
|-end|p1a: Great Tusk|Protosynthesis|[silent]
|switch|p1a: Hatterene|Hatterene, F|68/100
|move|p2a: Corviknight|Defog|p1a: Hatterene
|move|p1a: Hatterene|Defog|p2a: Corviknight|[from] ability: Magic Bounce
|-unboost|p2a: Corviknight|evasion|1
|
|-weather|SunnyDay|[upkeep]
|upkeep
|turn|37
|
|t:|1779560130
|switch|p2a: Blissey|Blissey, F|99/100
|move|p1a: Hatterene|Nuzzle|p2a: Blissey
|-damage|p2a: Blissey|96/100
|
|-weather|SunnyDay|[upkeep]
|upkeep
|turn|38
|
|t:|1779560137
|move|p2a: Blissey|Shadow Ball|p1a: Hatterene
|-supereffective|p1a: Hatterene
|-damage|p1a: Hatterene|36/100
|move|p1a: Hatterene|Pain Split|p2a: Blissey
|-sethp|p2a: Blissey|57/100|[from] move: Pain Split|[silent]
|-sethp|p1a: Hatterene|100/100|[from] move: Pain Split
|
|-weather|SunnyDay|[upkeep]
|upkeep
|turn|39
|
|t:|1779560142
|switch|p1a: Ninetales|Ninetales, F|60/100
|move|p2a: Blissey|Calm Mind|p2a: Blissey
|-boost|p2a: Blissey|spa|1
|-boost|p2a: Blissey|spd|1
|
|-weather|SunnyDay|[upkeep]
|upkeep
|turn|40
|
|t:|1779560145
|move|p1a: Ninetales|Will-O-Wisp|p2a: Blissey
|-status|p2a: Blissey|brn
|move|p2a: Blissey|Shadow Ball|p1a: Ninetales
|-damage|p1a: Ninetales|40/100
|
|-weather|SunnyDay|[upkeep]
|-damage|p2a: Blissey|51/100 brn|[from] brn
|upkeep
|turn|41
|
|t:|1779560157
|move|p1a: Ninetales|Weather Ball|p2a: Blissey
|-damage|p2a: Blissey|42/100 brn
|move|p2a: Blissey|Soft-Boiled|p2a: Blissey
|-heal|p2a: Blissey|92/100 brn
|
|-weather|none
|-damage|p2a: Blissey|86/100 brn|[from] brn
|upkeep
|turn|42
|
|t:|1779560164
|-curestatus|p2a: Blissey|brn|[from] ability: Natural Cure|[silent]
|switch|p2a: Gliscor|Gliscor, M|58/100 tox
|move|p1a: Ninetales|Encore||[still]
|-fail|p1a: Ninetales
|
|-heal|p2a: Gliscor|70/100 tox|[from] ability: Poison Heal
|upkeep
|turn|43
|
|t:|1779560174
|switch|p1a: Hatterene|Hatterene, F|100/100
|move|p2a: Gliscor|Knock Off|p1a: Hatterene
|-damage|p1a: Hatterene|89/100
|
|-heal|p2a: Gliscor|83/100 tox|[from] ability: Poison Heal
|upkeep
|turn|44
|
|t:|1779560186
|switch|p2a: Blissey|Blissey, F|86/100
|move|p1a: Hatterene|Psychic Noise|p2a: Blissey
|-damage|p2a: Blissey|77/100
|
|upkeep
|turn|45
|
|t:|1779560194
|switch|p1a: Ninetales|Ninetales, F|40/100
|-weather|SunnyDay|[from] ability: Drought|[of] p1a: Ninetales
|move|p2a: Blissey|Calm Mind|p2a: Blissey
|-boost|p2a: Blissey|spa|1
|-boost|p2a: Blissey|spd|1
|
|-weather|SunnyDay|[upkeep]
|upkeep
|turn|46
|
|t:|1779560199
|move|p1a: Ninetales|Encore|p2a: Blissey
|-start|p2a: Blissey|Encore
|move|p2a: Blissey|Calm Mind|p2a: Blissey
|-boost|p2a: Blissey|spa|1
|-boost|p2a: Blissey|spd|1
|
|-weather|SunnyDay|[upkeep]
|upkeep
|turn|47
|
|t:|1779560205
|switch|p1a: Lilligant|Lilligant-Hisui, F|100/100
|move|p2a: Blissey|Calm Mind|p2a: Blissey
|-boost|p2a: Blissey|spa|1
|-boost|p2a: Blissey|spd|1
|
|-weather|SunnyDay|[upkeep]
|upkeep
|turn|48
|
|t:|1779560213
|switch|p2a: Corviknight|Corviknight, F|100/100
|-ability|p2a: Corviknight|Pressure
|move|p1a: Lilligant|Swords Dance|p1a: Lilligant
|-boost|p1a: Lilligant|atk|2
|
|-weather|SunnyDay|[upkeep]
|upkeep
|turn|49
|
|t:|1779560222
|-terastallize|p1a: Lilligant|Fire
|move|p1a: Lilligant|Close Combat|p2a: Corviknight
|-damage|p2a: Corviknight|16/100
|-unboost|p1a: Lilligant|def|1
|-unboost|p1a: Lilligant|spd|1
|-damage|p1a: Lilligant|91/100|[from] item: Life Orb
|move|p2a: Corviknight|Iron Defense|p2a: Corviknight
|-boost|p2a: Corviknight|def|2
|
|-weather|SunnyDay|[upkeep]
|-heal|p2a: Corviknight|22/100|[from] item: Leftovers
|upkeep
|turn|50
|
|t:|1779560244
|move|p1a: Lilligant|Triple Axel|p2a: Corviknight|[miss]
|-miss|p1a: Lilligant|p2a: Corviknight
|move|p2a: Corviknight|Roost|p2a: Corviknight
|-heal|p2a: Corviknight|72/100
|-singleturn|p2a: Corviknight|move: Roost
|
|-weather|SunnyDay|[upkeep]
|-heal|p2a: Corviknight|78/100|[from] item: Leftovers
|upkeep
|turn|51
|
|t:|1779560254
|move|p1a: Lilligant|Close Combat|p2a: Corviknight
|-damage|p2a: Corviknight|28/100
|-unboost|p1a: Lilligant|def|1
|-unboost|p1a: Lilligant|spd|1
|-damage|p1a: Lilligant|81/100|[from] item: Life Orb
|move|p2a: Corviknight|Roost|p2a: Corviknight
|-heal|p2a: Corviknight|78/100
|-singleturn|p2a: Corviknight|move: Roost
|
|-weather|SunnyDay|[upkeep]
|-heal|p2a: Corviknight|85/100|[from] item: Leftovers
|upkeep
|turn|52
|
|t:|1779560273
|switch|p1a: Hatterene|Hatterene, F|89/100
|move|p2a: Corviknight|Iron Defense|p2a: Corviknight
|-boost|p2a: Corviknight|def|2
|
|-weather|none
|-heal|p2a: Corviknight|91/100|[from] item: Leftovers
|upkeep
|turn|53
|
|t:|1779560292
|switch|p2a: Blissey|Blissey, F|77/100
|move|p1a: Hatterene|Nuzzle|p2a: Blissey
|-damage|p2a: Blissey|73/100
|
|upkeep
|turn|54
|inactive|IFreakingluvStall has 120 seconds left.
|
|t:|1779560307
|move|p2a: Blissey|Shadow Ball|p1a: Hatterene
|-supereffective|p1a: Hatterene
|-damage|p1a: Hatterene|60/100
|move|p1a: Hatterene|Draining Kiss|p2a: Blissey
|-damage|p2a: Blissey|65/100
|-heal|p1a: Hatterene|71/100|[from] drain|[of] p2a: Blissey
|
|upkeep
|turn|55
|
|t:|1779560314
|switch|p1a: Ninetales|Ninetales, F|40/100
|-weather|SunnyDay|[from] ability: Drought|[of] p1a: Ninetales
|move|p2a: Blissey|Calm Mind|p2a: Blissey
|-boost|p2a: Blissey|spa|1
|-boost|p2a: Blissey|spd|1
|
|-weather|SunnyDay|[upkeep]
|upkeep
|turn|56
|
|t:|1779560326
|move|p1a: Ninetales|Will-O-Wisp|p2a: Blissey
|-status|p2a: Blissey|brn
|move|p2a: Blissey|Shadow Ball|p1a: Ninetales
|-damage|p1a: Ninetales|20/100
|-unboost|p1a: Ninetales|spd|1
|
|-weather|SunnyDay|[upkeep]
|-damage|p2a: Blissey|59/100 brn|[from] brn
|upkeep
|turn|57
|
|t:|1779560332
|switch|p1a: Slither Wing|Slither Wing|78/100 brn
|-activate|p1a: Slither Wing|ability: Protosynthesis
|-start|p1a: Slither Wing|protosynthesisatk
|move|p2a: Blissey|Shadow Ball|p1a: Slither Wing
|-damage|p1a: Slither Wing|64/100 brn
|
|-weather|SunnyDay|[upkeep]
|-damage|p1a: Slither Wing|57/100 brn|[from] brn
|-damage|p2a: Blissey|53/100 brn|[from] brn
|upkeep
|turn|58
|
|t:|1779560339
|-curestatus|p2a: Blissey|brn|[from] ability: Natural Cure|[silent]
|switch|p2a: Alomomola|Alomomola, F|100/100
|move|p1a: Slither Wing|U-turn|p2a: Alomomola
|-damage|p2a: Alomomola|86/100
|
|t:|1779560343
|-end|p1a: Slither Wing|Protosynthesis|[silent]
|switch|p1a: Lilligant|Lilligant-Hisui, F, tera:Fire|81/100|[from] U-turn
|
|-weather|SunnyDay|[upkeep]
|upkeep
|turn|59
|
|t:|1779560358
|switch|p2a: Corviknight|Corviknight, F|91/100
|-ability|p2a: Corviknight|Pressure
|move|p1a: Lilligant|Swords Dance|p1a: Lilligant
|-boost|p1a: Lilligant|atk|2
|
|-weather|SunnyDay|[upkeep]
|-heal|p2a: Corviknight|97/100|[from] item: Leftovers
|upkeep
|turn|60
|
|t:|1779560369
|switch|p2a: Weezing|Weezing-Galar, F|39/100
|-ability|p2a: Weezing|Neutralizing Gas
|move|p1a: Lilligant|Swords Dance|p1a: Lilligant
|-boost|p1a: Lilligant|atk|2
|
|-weather|SunnyDay|[upkeep]
|upkeep
|turn|61
|inactive|AmygdalanResponse has 120 seconds left.
|
|t:|1779560420
|move|p1a: Lilligant|Solar Blade||[still]
|-prepare|p1a: Lilligant|Solar Blade
|-anim|p1a: Lilligant|Solar Blade|p2a: Weezing
|-resisted|p2a: Weezing
|-crit|p2a: Weezing
|-damage|p2a: Weezing|0 fnt
|faint|p2a: Weezing
|-end|p2a: Weezing|ability: Neutralizing Gas
|-damage|p1a: Lilligant|71/100|[from] item: Life Orb
|
|-weather|SunnyDay|[upkeep]
|upkeep
|inactive|IFreakingluvStall has 120 seconds left.
|
|t:|1779560459
|switch|p2a: Alomomola|Alomomola, F|100/100
|turn|62
|
|t:|1779560469
|-terastallize|p2a: Alomomola|Ghost
|move|p2a: Alomomola|Protect|p2a: Alomomola
|-singleturn|p2a: Alomomola|Protect
|move|p1a: Lilligant|Swords Dance|p1a: Lilligant
|-boost|p1a: Lilligant|atk|2
|
|-weather|none
|upkeep
|turn|63
|
|t:|1779560495
|move|p1a: Lilligant|Triple Axel|p2a: Alomomola|[miss]
|-miss|p1a: Lilligant|p2a: Alomomola
|move|p2a: Alomomola|Flip Turn|p1a: Lilligant
|-supereffective|p1a: Lilligant
|-damage|p1a: Lilligant|21/100
|
|t:|1779560502
|switch|p2a: Dondozo|Dondozo, M|100/100|[from] Flip Turn
|
|upkeep
|turn|64
|
|t:|1779560509
|switch|p1a: Hatterene|Hatterene, F|71/100
|move|p2a: Dondozo|Body Press|p1a: Hatterene
|-resisted|p1a: Hatterene
|-damage|p1a: Hatterene|65/100
|
|upkeep
|turn|65
|inactive|AmygdalanResponse has 120 seconds left.
|
|t:|1779560544
|switch|p2a: Blissey|Blissey, F|53/100
|switch|p1a: Great Tusk|Great Tusk|48/100
|
|upkeep
|turn|66
|
|t:|1779560558
|switch|p2a: Corviknight|Corviknight, F|97/100
|-ability|p2a: Corviknight|Pressure
|move|p1a: Great Tusk|Headlong Rush|p2a: Corviknight
|-immune|p2a: Corviknight
|
|-heal|p2a: Corviknight|100/100|[from] item: Leftovers
|upkeep
|turn|67
|
|t:|1779560567
|move|p1a: Great Tusk|Stealth Rock|p2a: Corviknight
|-sidestart|p2: IFreakingluvStall|move: Stealth Rock
|move|p2a: Corviknight|Defog|p1a: Great Tusk
|-unboost|p1a: Great Tusk|evasion|1
|-sideend|p2: IFreakingluvStall|Stealth Rock|[from] move: Defog|[of] p2a: Corviknight
|
|upkeep
|turn|68
|inactive|IFreakingluvStall has 120 seconds left.
|
|t:|1779560572
|-end|p1a: Great Tusk|Protosynthesis|[silent]
|switch|p1a: Hatterene|Hatterene, F|65/100
|move|p2a: Corviknight|Defog|p1a: Hatterene
|move|p1a: Hatterene|Defog|p2a: Corviknight|[from] ability: Magic Bounce
|-unboost|p2a: Corviknight|evasion|1
|
|upkeep
|turn|69
|inactive|AmygdalanResponse has 120 seconds left.
|
|t:|1779560577
|switch|p2a: Blissey|Blissey, F|53/100
|switch|p1a: Ninetales|Ninetales, F|20/100
|-weather|SunnyDay|[from] ability: Drought|[of] p1a: Ninetales
|
|-weather|SunnyDay|[upkeep]
|upkeep
|turn|70
|
|t:|1779560582
|move|p1a: Ninetales|Will-O-Wisp|p2a: Blissey
|-status|p2a: Blissey|brn
|move|p2a: Blissey|Soft-Boiled|p2a: Blissey
|-heal|p2a: Blissey|100/100 brn
|
|-weather|SunnyDay|[upkeep]
|-damage|p2a: Blissey|94/100 brn|[from] brn
|upkeep
|turn|71
|
|t:|1779560591
|-curestatus|p2a: Blissey|brn|[from] ability: Natural Cure|[silent]
|switch|p2a: Gliscor|Gliscor, M|83/100 tox
|move|p1a: Ninetales|Encore||[still]
|-fail|p1a: Ninetales
|
|-weather|SunnyDay|[upkeep]
|-heal|p2a: Gliscor|95/100 tox|[from] ability: Poison Heal
|upkeep
|turn|72
|
|t:|1779560600
|switch|p1a: Hatterene|Hatterene, F|65/100
|move|p2a: Gliscor|Knock Off|p1a: Hatterene
|-damage|p1a: Hatterene|54/100
|
|-weather|SunnyDay|[upkeep]
|-heal|p2a: Gliscor|100/100 tox|[from] ability: Poison Heal
|upkeep
|turn|73
|
|t:|1779560610
|move|p2a: Gliscor|Protect|p2a: Gliscor
|-singleturn|p2a: Gliscor|Protect
|move|p1a: Hatterene|Psychic Noise|p2a: Gliscor
|-activate|p2a: Gliscor|move: Protect
|
|-weather|SunnyDay|[upkeep]
|upkeep
|turn|74
|
|t:|1779560615
|move|p2a: Gliscor|Knock Off|p1a: Hatterene
|-damage|p1a: Hatterene|42/100
|move|p1a: Hatterene|Pain Split|p2a: Gliscor
|-sethp|p2a: Gliscor|69/100 tox|[from] move: Pain Split|[silent]
|-sethp|p1a: Hatterene|77/100|[from] move: Pain Split
|
|-weather|SunnyDay|[upkeep]
|-heal|p2a: Gliscor|82/100 tox|[from] ability: Poison Heal
|upkeep
|turn|75
|
|t:|1779560629
|switch|p2a: Blissey|Blissey, F|94/100
|move|p1a: Hatterene|Draining Kiss|p2a: Blissey
|-damage|p2a: Blissey|88/100
|-heal|p1a: Hatterene|87/100|[from] drain|[of] p2a: Blissey
|
|-weather|SunnyDay|[upkeep]
|upkeep
|turn|76
|
|t:|1779560643
|move|p2a: Blissey|Calm Mind|p2a: Blissey
|-boost|p2a: Blissey|spa|1
|-boost|p2a: Blissey|spd|1
|move|p1a: Hatterene|Draining Kiss|p2a: Blissey
|-damage|p2a: Blissey|83/100
|-heal|p1a: Hatterene|95/100|[from] drain|[of] p2a: Blissey
|
|-weather|none
|upkeep
|turn|77
|
|t:|1779560650
|switch|p1a: Slither Wing|Slither Wing|57/100 brn
|move|p2a: Blissey|Shadow Ball|p1a: Slither Wing
|-damage|p1a: Slither Wing|43/100 brn
|
|-damage|p1a: Slither Wing|37/100 brn|[from] brn
|upkeep
|turn|78
|
|t:|1779560657
|switch|p2a: Alomomola|Alomomola, F, tera:Ghost|100/100
|move|p1a: Slither Wing|Close Combat|p2a: Alomomola
|-immune|p2a: Alomomola
|
|-damage|p1a: Slither Wing|31/100 brn|[from] brn
|upkeep
|turn|79
|
|t:|1779560661
|move|p1a: Slither Wing|U-turn|p2a: Alomomola
|-resisted|p2a: Alomomola
|-damage|p2a: Alomomola|95/100
|
|t:|1779560663
|-end|p1a: Slither Wing|Protosynthesis|[silent]
|switch|p1a: Walking Wake|Walking Wake|100/100|[from] U-turn
|move|p2a: Alomomola|Scald|p1a: Walking Wake
|-resisted|p1a: Walking Wake
|-damage|p1a: Walking Wake|97/100
|
|upkeep
|turn|80
|
|t:|1779560674
|-end|p1a: Walking Wake|Protosynthesis|[silent]
|switch|p1a: Hatterene|Hatterene, F|95/100
|move|p2a: Alomomola|Protect||[still]
|-fail|p2a: Alomomola
|
|upkeep
|turn|81
|
|t:|1779560691
|switch|p2a: Blissey|Blissey, F|83/100
|move|p1a: Hatterene|Nuzzle|p2a: Blissey
|-damage|p2a: Blissey|79/100
|
|upkeep
|turn|82
|
|t:|1779560696
|switch|p1a: Ninetales|Ninetales, F|20/100
|-weather|SunnyDay|[from] ability: Drought|[of] p1a: Ninetales
|move|p2a: Blissey|Shadow Ball|p1a: Ninetales
|-damage|p1a: Ninetales|6/100
|-unboost|p1a: Ninetales|spd|1
|
|-weather|SunnyDay|[upkeep]
|upkeep
|turn|83
|
|t:|1779560705
|move|p1a: Ninetales|Healing Wish|p1a: Ninetales
|faint|p1a: Ninetales
|move|p2a: Blissey|Shadow Ball|p1: Ninetales|[notarget]
|-fail|p2a: Blissey
|
|-weather|SunnyDay|[upkeep]
|upkeep
|
|t:|1779560706
|switch|p1a: Lilligant|Lilligant-Hisui, F, tera:Fire|21/100
|-heal|p1a: Lilligant|100/100|[from] move: Healing Wish
|turn|84
|
|t:|1779560717
|switch|p2a: Alomomola|Alomomola, F, tera:Ghost|100/100
|move|p1a: Lilligant|Swords Dance|p1a: Lilligant
|-boost|p1a: Lilligant|atk|2
|
|-weather|SunnyDay|[upkeep]
|upkeep
|turn|85
|
|t:|1779560729
|move|p1a: Lilligant|Swords Dance|p1a: Lilligant
|-boost|p1a: Lilligant|atk|2
|move|p2a: Alomomola|Wish|p2a: Alomomola
|
|-weather|SunnyDay|[upkeep]
|upkeep
|turn|86
|
|t:|1779560735
|move|p2a: Alomomola|Protect|p2a: Alomomola
|-singleturn|p2a: Alomomola|Protect
|move|p1a: Lilligant|Solar Blade||[still]
|-prepare|p1a: Lilligant|Solar Blade
|-anim|p1a: Lilligant|Solar Blade|p2a: Alomomola
|-activate|p2a: Alomomola|move: Protect
|
|-weather|SunnyDay|[upkeep]
|upkeep
|turn|87
|
|t:|1779560745
|switch|p2a: Corviknight|Corviknight, F|100/100
|-ability|p2a: Corviknight|Pressure
|move|p1a: Lilligant|Solar Blade||[still]
|-prepare|p1a: Lilligant|Solar Blade
|-anim|p1a: Lilligant|Solar Blade|p2a: Corviknight
|-resisted|p2a: Corviknight
|-damage|p2a: Corviknight|67/100
|-damage|p1a: Lilligant|91/100|[from] item: Life Orb
|
|-weather|SunnyDay|[upkeep]
|-heal|p2a: Corviknight|73/100|[from] item: Leftovers
|upkeep
|turn|88
|inactive|IFreakingluvStall has 120 seconds left.
|
|t:|1779560777
|switch|p2a: Gliscor|Gliscor, M|82/100 tox
|move|p1a: Lilligant|Solar Blade||[still]
|-prepare|p1a: Lilligant|Solar Blade
|-anim|p1a: Lilligant|Solar Blade|p2a: Gliscor
|-damage|p2a: Gliscor|0 fnt
|faint|p2a: Gliscor
|-damage|p1a: Lilligant|81/100|[from] item: Life Orb
|
|-weather|SunnyDay|[upkeep]
|upkeep
|inactive|IFreakingluvStall has 120 seconds left.
|
|t:|1779560784
|switch|p2a: Alomomola|Alomomola, F, tera:Ghost|100/100
|turn|89
|
|t:|1779560787
|move|p2a: Alomomola|Protect|p2a: Alomomola
|-singleturn|p2a: Alomomola|Protect
|move|p1a: Lilligant|Swords Dance|p1a: Lilligant
|-boost|p1a: Lilligant|atk|2
|
|-weather|none
|upkeep
|turn|90
|
|t:|1779560793
|switch|p2a: Dondozo|Dondozo, M|100/100
|move|p1a: Lilligant|Triple Axel|p2a: Dondozo
|-resisted|p2a: Dondozo
|-damage|p2a: Dondozo|99/100
|-resisted|p2a: Dondozo
|-damage|p2a: Dondozo|95/100
|-hitcount|p2a: Dondozo|2
|-damage|p1a: Lilligant|71/100|[from] item: Life Orb
|
|-heal|p2a: Dondozo|100/100|[from] item: Leftovers
|upkeep
|turn|91
|
|t:|1779560804
|move|p1a: Lilligant|Solar Blade||[still]
|-prepare|p1a: Lilligant|Solar Blade
|move|p2a: Dondozo|Body Press|p1a: Lilligant
|-damage|p1a: Lilligant|27/100
|
|upkeep
|turn|92
|
|t:|1779560812
|switch|p2a: Corviknight|Corviknight, F|73/100
|-ability|p2a: Corviknight|Pressure
|move|p1a: Lilligant|Solar Blade|p2a: Corviknight|[from] lockedmove
|-resisted|p2a: Corviknight
|-damage|p2a: Corviknight|30/100
|-damage|p1a: Lilligant|17/100|[from] item: Life Orb
|
|-heal|p2a: Corviknight|36/100|[from] item: Leftovers
|upkeep
|turn|93
|
|t:|1779560823
|switch|p2a: Dondozo|Dondozo, M|100/100
|move|p1a: Lilligant|Close Combat|p2a: Dondozo
|-damage|p2a: Dondozo|68/100
|-unboost|p1a: Lilligant|def|1
|-unboost|p1a: Lilligant|spd|1
|-damage|p1a: Lilligant|7/100|[from] item: Life Orb
|
|-heal|p2a: Dondozo|74/100|[from] item: Leftovers
|upkeep
|turn|94
|
|t:|1779560833
|move|p1a: Lilligant|Solar Blade||[still]
|-prepare|p1a: Lilligant|Solar Blade
|move|p2a: Dondozo|Body Press|p1a: Lilligant
|-damage|p1a: Lilligant|0 fnt
|faint|p1a: Lilligant
|
|-heal|p2a: Dondozo|80/100|[from] item: Leftovers
|upkeep
|c|☆AmygdalanResponse|was kinda expecting a rest there lol
|
|t:|1779560855
|switch|p1a: Walking Wake|Walking Wake|97/100
|turn|95
|c|☆IFreakingluvStall|no lol that thing had to go lol
|
|t:|1779560872
|switch|p2a: Blissey|Blissey, F|79/100
|move|p1a: Walking Wake|Flip Turn|p2a: Blissey
|-damage|p2a: Blissey|63/100
|
|t:|1779560878
|-end|p1a: Walking Wake|Protosynthesis|[silent]
|switch|p1a: Great Tusk|Great Tusk|48/100|[from] Flip Turn
|
|upkeep
|turn|96
|
|t:|1779560887
|switch|p2a: Corviknight|Corviknight, F|36/100
|-ability|p2a: Corviknight|Pressure
|move|p1a: Great Tusk|Ice Spinner|p2a: Corviknight
|-damage|p2a: Corviknight|20/100
|
|-heal|p2a: Corviknight|27/100|[from] item: Leftovers
|upkeep
|turn|97
|
|t:|1779560899
|move|p1a: Great Tusk|Stealth Rock|p2a: Corviknight
|-sidestart|p2: IFreakingluvStall|move: Stealth Rock
|move|p2a: Corviknight|Roost|p2a: Corviknight
|-heal|p2a: Corviknight|77/100
|-singleturn|p2a: Corviknight|move: Roost
|
|-heal|p2a: Corviknight|83/100|[from] item: Leftovers
|upkeep
|turn|98
|
|t:|1779560904
|-end|p1a: Great Tusk|Protosynthesis|[silent]
|switch|p1a: Walking Wake|Walking Wake|97/100
|move|p2a: Corviknight|Defog|p1a: Walking Wake
|-unboost|p1a: Walking Wake|evasion|1
|-sideend|p2: IFreakingluvStall|Stealth Rock|[from] move: Defog|[of] p2a: Corviknight
|
|-heal|p2a: Corviknight|89/100|[from] item: Leftovers
|upkeep
|turn|99
|
|t:|1779560922
|move|p1a: Walking Wake|Flip Turn|p2a: Corviknight
|-damage|p2a: Corviknight|80/100
|
|t:|1779560926
|-end|p1a: Walking Wake|Protosynthesis|[silent]
|switch|p1a: Hatterene|Hatterene, F|95/100|[from] Flip Turn
|move|p2a: Corviknight|Roost|p2a: Corviknight
|-heal|p2a: Corviknight|100/100
|-singleturn|p2a: Corviknight|move: Roost
|
|upkeep
|turn|100
|
|t:|1779560932
|switch|p2a: Blissey|Blissey, F|63/100
|switch|p1a: Great Tusk|Great Tusk|48/100
|
|upkeep
|turn|101
|
|t:|1779560938
|-end|p1a: Great Tusk|Protosynthesis|[silent]
|switch|p1a: Walking Wake|Walking Wake|97/100
|switch|p2a: Alomomola|Alomomola, F, tera:Ghost|100/100
|
|upkeep
|turn|102
|
|t:|1779560944
|move|p2a: Alomomola|Protect|p2a: Alomomola
|-singleturn|p2a: Alomomola|Protect
|move|p1a: Walking Wake|Hydro Steam|p2a: Alomomola
|-activate|p2a: Alomomola|move: Protect
|
|upkeep
|turn|103
|
|t:|1779560950
|-end|p1a: Walking Wake|Protosynthesis|[silent]
|switch|p1a: Slither Wing|Slither Wing|31/100 brn
|switch|p2a: Blissey|Blissey, F|63/100
|
|-damage|p1a: Slither Wing|25/100 brn|[from] brn
|upkeep
|turn|104
|
|t:|1779560954
|switch|p2a: Alomomola|Alomomola, F, tera:Ghost|100/100
|move|p1a: Slither Wing|Close Combat|p2a: Alomomola
|-immune|p2a: Alomomola
|
|-damage|p1a: Slither Wing|19/100 brn|[from] brn
|upkeep
|turn|105
|
|t:|1779560959
|move|p1a: Slither Wing|U-turn|p2a: Alomomola
|-resisted|p2a: Alomomola
|-damage|p2a: Alomomola|95/100
|
|t:|1779560960
|-end|p1a: Slither Wing|Protosynthesis|[silent]
|switch|p1a: Hatterene|Hatterene, F|95/100|[from] U-turn
|move|p2a: Alomomola|Scald|p1a: Hatterene
|-damage|p1a: Hatterene|79/100
|
|upkeep
|turn|106
|
|t:|1779560969
|switch|p2a: Blissey|Blissey, F|63/100
|move|p1a: Hatterene|Psychic Noise|p2a: Blissey
|-damage|p2a: Blissey|52/100
|
|upkeep
|turn|107
|
|t:|1779560975
|switch|p1a: Great Tusk|Great Tusk|48/100
|move|p2a: Blissey|Soft-Boiled|p2a: Blissey
|-heal|p2a: Blissey|100/100
|
|upkeep
|turn|108
|
|t:|1779560980
|-end|p1a: Great Tusk|Protosynthesis|[silent]
|switch|p1a: Walking Wake|Walking Wake|97/100
|switch|p2a: Alomomola|Alomomola, F, tera:Ghost|100/100
|
|upkeep
|turn|109
|
|t:|1779560986
|move|p2a: Alomomola|Protect|p2a: Alomomola
|-singleturn|p2a: Alomomola|Protect
|move|p1a: Walking Wake|Hydro Steam|p2a: Alomomola
|-activate|p2a: Alomomola|move: Protect
|
|upkeep
|turn|110
|
|t:|1779560992
|move|p1a: Walking Wake|Hydro Steam|p2a: Alomomola
|-crit|p2a: Alomomola
|-damage|p2a: Alomomola|0 fnt
|faint|p2a: Alomomola
|
|upkeep
|c|☆IFreakingluvStall|im cooked
|c|☆AmygdalanResponse|idk
|c|☆AmygdalanResponse|it is 50/50
|
|t:|1779561017
|switch|p2a: Blissey|Blissey, F|100/100
|turn|111
|
|t:|1779561026
|move|p1a: Walking Wake|Hydro Steam|p2a: Blissey
|-damage|p2a: Blissey|81/100
|move|p2a: Blissey|Shadow Ball|p1a: Walking Wake
|-damage|p1a: Walking Wake|80/100
|
|upkeep
|turn|112
|
|t:|1779561031
|-end|p1a: Walking Wake|Protosynthesis|[silent]
|switch|p1a: Hatterene|Hatterene, F|79/100
|move|p2a: Blissey|Calm Mind|p2a: Blissey
|-boost|p2a: Blissey|spa|1
|-boost|p2a: Blissey|spd|1
|
|upkeep
|turn|113
|
|t:|1779561042
|move|p2a: Blissey|Shadow Ball|p1a: Hatterene
|-supereffective|p1a: Hatterene
|-damage|p1a: Hatterene|34/100
|-unboost|p1a: Hatterene|spd|1
|move|p1a: Hatterene|Pain Split|p2a: Blissey
|-sethp|p2a: Blissey|49/100|[from] move: Pain Split|[silent]
|-sethp|p1a: Hatterene|99/100|[from] move: Pain Split
|
|upkeep
|turn|114
|
|t:|1779561049
|switch|p1a: Slither Wing|Slither Wing|19/100 brn
|move|p2a: Blissey|Soft-Boiled|p2a: Blissey
|-heal|p2a: Blissey|99/100
|
|-damage|p1a: Slither Wing|12/100 brn|[from] brn
|upkeep
|turn|115
|
|t:|1779561056
|switch|p2a: Corviknight|Corviknight, F|100/100
|-ability|p2a: Corviknight|Pressure
|move|p1a: Slither Wing|Close Combat|p2a: Corviknight
|-damage|p2a: Corviknight|81/100
|-unboost|p1a: Slither Wing|def|1
|-unboost|p1a: Slither Wing|spd|1
|
|-heal|p2a: Corviknight|87/100|[from] item: Leftovers
|-damage|p1a: Slither Wing|6/100 brn|[from] brn
|upkeep
|turn|116
|
|t:|1779561066
|move|p1a: Slither Wing|U-turn|p2a: Corviknight
|-resisted|p2a: Corviknight
|-damage|p2a: Corviknight|84/100
|
|t:|1779561068
|-end|p1a: Slither Wing|Protosynthesis|[silent]
|switch|p1a: Hatterene|Hatterene, F|99/100|[from] U-turn
|move|p2a: Corviknight|Iron Defense|p2a: Corviknight
|-boost|p2a: Corviknight|def|2
|
|-heal|p2a: Corviknight|90/100|[from] item: Leftovers
|upkeep
|turn|117
|
|t:|1779561072
|switch|p2a: Blissey|Blissey, F|99/100
|move|p1a: Hatterene|Nuzzle|p2a: Blissey
|-crit|p2a: Blissey
|-damage|p2a: Blissey|93/100
|
|upkeep
|turn|118
|
|t:|1779561087
|switch|p1a: Great Tusk|Great Tusk|48/100
|move|p2a: Blissey|Calm Mind|p2a: Blissey
|-boost|p2a: Blissey|spa|1
|-boost|p2a: Blissey|spd|1
|
|upkeep
|turn|119
|
|t:|1779561097
|switch|p2a: Corviknight|Corviknight, F|90/100
|-ability|p2a: Corviknight|Pressure
|move|p1a: Great Tusk|Ice Spinner|p2a: Corviknight
|-damage|p2a: Corviknight|73/100
|
|-heal|p2a: Corviknight|79/100|[from] item: Leftovers
|upkeep
|turn|120
|
|t:|1779561103
|move|p1a: Great Tusk|Ice Spinner|p2a: Corviknight
|-damage|p2a: Corviknight|62/100
|move|p2a: Corviknight|Iron Defense|p2a: Corviknight
|-boost|p2a: Corviknight|def|2
|
|-heal|p2a: Corviknight|68/100|[from] item: Leftovers
|upkeep
|turn|121
|
|t:|1779561107
|move|p1a: Great Tusk|Stealth Rock|p2a: Corviknight
|-sidestart|p2: IFreakingluvStall|move: Stealth Rock
|move|p2a: Corviknight|Roost|p2a: Corviknight
|-heal|p2a: Corviknight|100/100
|-singleturn|p2a: Corviknight|move: Roost
|
|upkeep
|turn|122
|
|t:|1779561109
|-end|p1a: Great Tusk|Protosynthesis|[silent]
|switch|p1a: Hatterene|Hatterene, F|99/100
|move|p2a: Corviknight|Defog|p1a: Hatterene
|move|p1a: Hatterene|Defog|p2a: Corviknight|[from] ability: Magic Bounce
|-unboost|p2a: Corviknight|evasion|1
|-sideend|p2: IFreakingluvStall|Stealth Rock|[from] move: Defog|[of] p1a: Hatterene
|
|upkeep
|turn|123
|
|t:|1779561119
|switch|p2a: Blissey|Blissey, F|93/100
|switch|p1a: Walking Wake|Walking Wake|80/100
|
|upkeep
|turn|124
|
|t:|1779561125
|-end|p1a: Walking Wake|Protosynthesis|[silent]
|switch|p1a: Hatterene|Hatterene, F|99/100
|move|p2a: Blissey|Thunder Wave|p1a: Hatterene
|move|p1a: Hatterene|Thunder Wave|p2a: Blissey|[from] ability: Magic Bounce
|-status|p2a: Blissey|par
|
|upkeep
|turn|125
|
|t:|1779561135
|move|p1a: Hatterene|Draining Kiss|p2a: Blissey
|-crit|p2a: Blissey
|-damage|p2a: Blissey|84/100 par
|-heal|p1a: Hatterene|100/100|[from] drain|[of] p2a: Blissey
|move|p2a: Blissey|Calm Mind|p2a: Blissey
|-boost|p2a: Blissey|spa|1
|-boost|p2a: Blissey|spd|1
|
|upkeep
|turn|126
|
|t:|1779561147
|switch|p1a: Great Tusk|Great Tusk|48/100
|move|p2a: Blissey|Shadow Ball|p1a: Great Tusk
|-damage|p1a: Great Tusk|15/100
|
|upkeep
|turn|127
|
|t:|1779561152
|-end|p1a: Great Tusk|Protosynthesis|[silent]
|switch|p1a: Hatterene|Hatterene, F|100/100
|-curestatus|p2a: Blissey|par|[from] ability: Natural Cure|[silent]
|switch|p2a: Corviknight|Corviknight, F|100/100
|-ability|p2a: Corviknight|Pressure
|
|upkeep
|turn|128
|
|t:|1779561162
|switch|p2a: Blissey|Blissey, F|84/100
|move|p1a: Hatterene|Psychic Noise|p2a: Blissey
|-damage|p2a: Blissey|73/100
|
|upkeep
|turn|129
|
|t:|1779561168
|move|p2a: Blissey|Calm Mind|p2a: Blissey
|-boost|p2a: Blissey|spa|1
|-boost|p2a: Blissey|spd|1
|move|p1a: Hatterene|Draining Kiss|p2a: Blissey
|-damage|p2a: Blissey|68/100
|
|upkeep
|turn|130
|
|t:|1779561179
|switch|p1a: Walking Wake|Walking Wake|80/100
|move|p2a: Blissey|Shadow Ball|p1a: Walking Wake
|-damage|p1a: Walking Wake|53/100
|
|upkeep
|turn|131
|
|t:|1779561185
|move|p1a: Walking Wake|Flip Turn|p2a: Blissey
|-damage|p2a: Blissey|52/100
|
|t:|1779561187
|-end|p1a: Walking Wake|Protosynthesis|[silent]
|switch|p1a: Hatterene|Hatterene, F|100/100|[from] Flip Turn
|move|p2a: Blissey|Soft-Boiled|p2a: Blissey
|-heal|p2a: Blissey|100/100
|
|upkeep
|turn|132
|
|t:|1779561193
|move|p2a: Blissey|Calm Mind|p2a: Blissey
|-boost|p2a: Blissey|spa|1
|-boost|p2a: Blissey|spd|1
|move|p1a: Hatterene|Psychic Noise|p2a: Blissey
|-damage|p2a: Blissey|95/100
|
|upkeep
|turn|133
|
|t:|1779561198
|switch|p1a: Slither Wing|Slither Wing|6/100 brn
|move|p2a: Blissey|Calm Mind|p2a: Blissey
|-boost|p2a: Blissey|spa|1
|-boost|p2a: Blissey|spd|1
|
|-damage|p1a: Slither Wing|0 fnt|[from] brn
|faint|p1a: Slither Wing
|-end|p1a: Slither Wing|Protosynthesis|[silent]
|upkeep
|
|t:|1779561201
|switch|p1a: Great Tusk|Great Tusk|15/100
|turn|134
|
|t:|1779561206
|switch|p2a: Corviknight|Corviknight, F|100/100
|-ability|p2a: Corviknight|Pressure
|move|p1a: Great Tusk|Headlong Rush|p2a: Corviknight
|-immune|p2a: Corviknight
|
|upkeep
|turn|135
|
|t:|1779561217
|-end|p1a: Great Tusk|Protosynthesis|[silent]
|switch|p1a: Walking Wake|Walking Wake|53/100
|move|p2a: Corviknight|Iron Defense|p2a: Corviknight
|-boost|p2a: Corviknight|def|2
|
|upkeep
|turn|136
|
|t:|1779561224
|switch|p2a: Blissey|Blissey, F|95/100
|move|p1a: Walking Wake|Flamethrower|p2a: Blissey
|-damage|p2a: Blissey|80/100
|
|upkeep
|turn|137
|
|t:|1779561234
|move|p1a: Walking Wake|Flamethrower|p2a: Blissey
|-damage|p2a: Blissey|66/100
|move|p2a: Blissey|Calm Mind|p2a: Blissey
|-boost|p2a: Blissey|spa|1
|-boost|p2a: Blissey|spd|1
|
|upkeep
|turn|138
|
|t:|1779561240
|-end|p1a: Walking Wake|Protosynthesis|[silent]
|switch|p1a: Hatterene|Hatterene, F|100/100
|move|p2a: Blissey|Shadow Ball|p1a: Hatterene
|-supereffective|p1a: Hatterene
|-damage|p1a: Hatterene|55/100
|
|upkeep
|turn|139
|
|t:|1779561246
|move|p2a: Blissey|Shadow Ball|p1a: Hatterene
|-supereffective|p1a: Hatterene
|-damage|p1a: Hatterene|5/100
|move|p1a: Hatterene|Pain Split|p2a: Blissey
|-sethp|p2a: Blissey|34/100|[from] move: Pain Split|[silent]
|-sethp|p1a: Hatterene|70/100|[from] move: Pain Split
|
|upkeep
|turn|140
|
|t:|1779561255
|move|p2a: Blissey|Shadow Ball|p1a: Hatterene
|-supereffective|p1a: Hatterene
|-damage|p1a: Hatterene|28/100
|move|p1a: Hatterene|Draining Kiss|p2a: Blissey
|-damage|p2a: Blissey|29/100
|-heal|p1a: Hatterene|36/100|[from] drain|[of] p2a: Blissey
|
|upkeep
|turn|141
|
|t:|1779561263
|move|p2a: Blissey|Shadow Ball|p1a: Hatterene
|-supereffective|p1a: Hatterene
|-damage|p1a: Hatterene|0 fnt
|faint|p1a: Hatterene
|
|upkeep
|
|t:|1779561265
|switch|p1a: Great Tusk|Great Tusk|15/100
|turn|142
|
|t:|1779561274
|switch|p2a: Corviknight|Corviknight, F|100/100
|-ability|p2a: Corviknight|Pressure
|move|p1a: Great Tusk|Ice Spinner|p2a: Corviknight
|-crit|p2a: Corviknight
|-damage|p2a: Corviknight|76/100
|
|-heal|p2a: Corviknight|82/100|[from] item: Leftovers
|upkeep
|turn|143
|
|t:|1779561279
|move|p1a: Great Tusk|Stealth Rock|p2a: Corviknight
|-sidestart|p2: IFreakingluvStall|move: Stealth Rock
|move|p2a: Corviknight|Iron Defense|p2a: Corviknight
|-boost|p2a: Corviknight|def|2
|
|-heal|p2a: Corviknight|88/100|[from] item: Leftovers
|upkeep
|turn|144
|
|t:|1779561284
|-end|p1a: Great Tusk|Protosynthesis|[silent]
|switch|p1a: Walking Wake|Walking Wake|53/100
|move|p2a: Corviknight|Iron Defense|p2a: Corviknight
|-boost|p2a: Corviknight|def|2
|
|-heal|p2a: Corviknight|94/100|[from] item: Leftovers
|upkeep
|turn|145
|
|t:|1779561288
|move|p1a: Walking Wake|Flamethrower|p2a: Corviknight
|-supereffective|p2a: Corviknight
|-damage|p2a: Corviknight|3/100
|move|p2a: Corviknight|Body Press|p1a: Walking Wake
|-crit|p1a: Walking Wake
|-damage|p1a: Walking Wake|0 fnt
|faint|p1a: Walking Wake
|-end|p1a: Walking Wake|Protosynthesis|[silent]
|
|-heal|p2a: Corviknight|9/100|[from] item: Leftovers
|upkeep
|c|☆AmygdalanResponse|rip
|c|☆AmygdalanResponse|gg
|
|t:|1779561293
|switch|p1a: Great Tusk|Great Tusk|15/100
|turn|146
|c|☆IFreakingluvStall|gg
|
|t:|1779561302
|move|p1a: Great Tusk|Ice Spinner|p2a: Corviknight
|-damage|p2a: Corviknight|3/100
|move|p2a: Corviknight|Roost|p2a: Corviknight
|-heal|p2a: Corviknight|53/100
|-singleturn|p2a: Corviknight|move: Roost
|
|-heal|p2a: Corviknight|60/100|[from] item: Leftovers
|upkeep
|turn|147
|
|t:|1779561306
|move|p1a: Great Tusk|Rapid Spin|p2a: Corviknight
|-resisted|p2a: Corviknight
|-damage|p2a: Corviknight|58/100
|-boost|p1a: Great Tusk|spe|1
|move|p2a: Corviknight|Body Press|p1a: Great Tusk
|-damage|p1a: Great Tusk|0 fnt
|faint|p1a: Great Tusk
|-end|p1a: Great Tusk|Protosynthesis|[silent]
|
|win|IFreakingluvStall
|raw|AmygdalanResponse's rating: 1465 &rarr; <strong>1447</strong><br />(-18 for losing)
|raw|IFreakingluvStall's rating: 1500 &rarr; <strong>1518</strong><br />(+18 for winning)
