|j|☆SunDude3
|j|☆Yung Embryo
|t:|1779656158
|gametype|singles
|player|p1|SunDude3|265|1482
|player|p2|Yung Embryo|giovanni-gen1rb|1573
|gen|9
|tier|[Gen 9] OU
|rated|
|rule|HP Percentage Mod: HP is shown in percentages
|rule|Endless Battle Clause: Forcing endless battles is banned
|rule|Species Clause: Limit one of each Pokémon
|rule|OHKO Clause: OHKO moves are banned
|rule|Evasion Items Clause: Evasion items are banned
|rule|Evasion Moves Clause: Evasion moves are banned
|rule|Evasion Abilities Clause: Evasion abilities are banned
|rule|Sleep Moves Clause: Sleep-inducing moves are banned
|clearpoke
|poke|p1|Torkoal, F|
|poke|p1|Walking Wake|
|poke|p1|Raging Bolt|
|poke|p1|Corviknight, M|
|poke|p1|Great Tusk|
|poke|p1|Ceruledge, M|
|poke|p2|Eiscue, M|
|poke|p2|Slowking-Galar, F|
|poke|p2|Maushold-Four|
|poke|p2|Gliscor, M|
|poke|p2|Clefable, M|
|poke|p2|Regieleki|
|teampreview
|inactive|Battle timer is ON: inactive players will automatically lose when time's up. (requested by SunDude3)
|
|t:|1779656168
|teamsize|p1|6
|teamsize|p2|6
|start
|switch|p1a: Torkoal|Torkoal, F|100/100
|switch|p2a: Slowking|Slowking-Galar, F|100/100
|-weather|SunnyDay|[from] ability: Drought|[of] p1a: Torkoal
|turn|1
|
|t:|1779656198
|move|p2a: Slowking|Future Sight|p1a: Torkoal
|-start|p2a: Slowking|move: Future Sight
|move|p1a: Torkoal|Stealth Rock|p2a: Slowking
|-sidestart|p2: Yung Embryo|move: Stealth Rock
|
|-weather|SunnyDay|[upkeep]
|upkeep
|turn|2
|
|t:|1779656208
|switch|p1a: Raging Bolt|Raging Bolt|100/100
|-activate|p1a: Raging Bolt|ability: Protosynthesis
|-start|p1a: Raging Bolt|protosynthesisspa
|-prepare|p2a: Slowking|Chilly Reception|[premajor]
|move|p2a: Slowking|Chilly Reception|p2a: Slowking
|-weather|Snowscape
|-end|p1a: Raging Bolt|Protosynthesis
|
|t:|1779656215
|switch|p2a: Gliscor|Gliscor, M|100/100|[from] Chilly Reception
|-damage|p2a: Gliscor|88/100|[from] Stealth Rock
|
|-weather|Snowscape|[upkeep]
|-status|p2a: Gliscor|tox|[from] item: Toxic Orb
|upkeep
|turn|3
|
|t:|1779656221
|move|p1a: Raging Bolt|Weather Ball|p2a: Gliscor
|-supereffective|p2a: Gliscor
|-damage|p2a: Gliscor|0 fnt
|faint|p2a: Gliscor
|
|-weather|Snowscape|[upkeep]
|-end|p1a: Raging Bolt|move: Future Sight
|-damage|p1a: Raging Bolt|59/100
|upkeep
|
|t:|1779656230
|switch|p2a: Clefable|Clefable, M|100/100
|-damage|p2a: Clefable|88/100|[from] Stealth Rock
|turn|4
|
|t:|1779656238
|move|p1a: Raging Bolt|Weather Ball|p2a: Clefable
|-damage|p2a: Clefable|36/100
|move|p2a: Clefable|Moonblast|p1a: Raging Bolt
|-supereffective|p1a: Raging Bolt
|-damage|p1a: Raging Bolt|0 fnt
|faint|p1a: Raging Bolt
|-end|p1a: Raging Bolt|Protosynthesis|[silent]
|
|-weather|Snowscape|[upkeep]
|-heal|p2a: Clefable|42/100|[from] item: Leftovers
|upkeep
|
|t:|1779656251
|switch|p1a: Ceruledge|Ceruledge, M|100/100
|turn|5
|
|t:|1779656257
|move|p1a: Ceruledge|Bitter Blade|p2a: Clefable
|-damage|p2a: Clefable|0 fnt
|faint|p2a: Clefable
|-damage|p1a: Ceruledge|91/100|[from] item: Life Orb
|
|-weather|Snowscape|[upkeep]
|upkeep
|
|t:|1779656261
|switch|p2a: Eiscue|Eiscue, M|100/100
|-damage|p2a: Eiscue|76/100|[from] Stealth Rock
|turn|6
|
|t:|1779656273
|move|p1a: Ceruledge|Bitter Blade|p2a: Eiscue
|-activate|p2a: Eiscue|ability: Ice Face
|-damage|p2a: Eiscue|76/100
|-damage|p1a: Ceruledge|74/100|[from] item: Rocky Helmet|[of] p2a: Eiscue
|detailschange|p2a: Eiscue|Eiscue-Noice, M
|-damage|p1a: Ceruledge|64/100|[from] item: Life Orb
|move|p2a: Eiscue|Hydro Pump|p1a: Ceruledge
|-supereffective|p1a: Ceruledge
|-damage|p1a: Ceruledge|6/100
|
|-weather|none
|upkeep
|turn|7
|
|t:|1779656284
|move|p2a: Eiscue|Flip Turn|p1a: Ceruledge
|-supereffective|p1a: Ceruledge
|-damage|p1a: Ceruledge|0 fnt
|faint|p1a: Ceruledge
|c|☆SunDude3|uh?  what the fuck
|
|t:|1779656292
|switch|p2a: Maushold|Maushold-Four|100/100|[from] Flip Turn
|-damage|p2a: Maushold|88/100|[from] Stealth Rock
|
|upkeep
|
|t:|1779656299
|switch|p1a: Walking Wake|Walking Wake|100/100
|turn|8
|
|t:|1779656303
|move|p2a: Maushold|Tidy Up|p2a: Maushold
|-sideend|p2: Yung Embryo|Stealth Rock
|-activate|p2a: Maushold|move: Tidy Up
|-boost|p2a: Maushold|atk|1
|-boost|p2a: Maushold|spe|1
|move|p1a: Walking Wake|Scald|p2a: Maushold
|-damage|p2a: Maushold|6/100
|
|upkeep
|turn|9
|
|t:|1779656312
|-end|p1a: Walking Wake|Protosynthesis|[silent]
|switch|p1a: Corviknight|Corviknight, M|100/100
|-ability|p1a: Corviknight|Pressure
|move|p2a: Maushold|Population Bomb|p1a: Corviknight
|-resisted|p1a: Corviknight
|-damage|p1a: Corviknight|93/100
|-resisted|p1a: Corviknight
|-damage|p1a: Corviknight|87/100
|-resisted|p1a: Corviknight
|-damage|p1a: Corviknight|79/100
|-resisted|p1a: Corviknight
|-damage|p1a: Corviknight|73/100
|-resisted|p1a: Corviknight
|-damage|p1a: Corviknight|66/100
|-resisted|p1a: Corviknight
|-damage|p1a: Corviknight|60/100
|-resisted|p1a: Corviknight
|-damage|p1a: Corviknight|53/100
|-resisted|p1a: Corviknight
|-damage|p1a: Corviknight|47/100
|-resisted|p1a: Corviknight
|-damage|p1a: Corviknight|40/100
|-resisted|p1a: Corviknight
|-damage|p1a: Corviknight|33/100
|-hitcount|p1a: Corviknight|10
|
|-heal|p1a: Corviknight|39/100|[from] item: Leftovers
|upkeep
|turn|10
|c|☆Yung Embryo|eiscue becomes faster when it loses it's face
|c|☆SunDude3|all these goddamn meme teams
|-message|SunDude3 forfeited.
|
|win|Yung Embryo
|raw|SunDude3's rating: 1482 &rarr; <strong>1467</strong><br />(-15 for losing)
|raw|Yung Embryo's rating: 1573 &rarr; <strong>1588</strong><br />(+15 for winning)
|l|☆SunDude3
|player|p1|
|l|☆Yung Embryo
|player|p2|
