|j|☆Le Big H
|j|☆Rapirak
|t:|1779572054
|gametype|singles
|player|p1|Le Big H|preschooler|1117
|player|p2|Rapirak|101|1173
|gen|9
|tier|[Gen 9] OU
|rated|
|rule|HP Percentage Mod: HP is shown in percentages
|rule|Endless Battle Clause: Forcing endless battles is banned
|rule|Species Clause: Limit one of each Pokémon
|rule|OHKO Clause: OHKO moves are banned
|rule|Evasion Items Clause: Evasion items are banned
|rule|Evasion Moves Clause: Evasion moves are banned
|rule|Evasion Abilities Clause: Evasion abilities are banned
|rule|Sleep Moves Clause: Sleep-inducing moves are banned
|clearpoke
|poke|p1|Hoopa|
|poke|p1|Cinderace, M|
|poke|p1|Mandibuzz, F|
|poke|p1|Kyurem|
|poke|p1|Ting-Lu|
|poke|p1|Manaphy|
|poke|p2|Staraptor, M|
|poke|p2|Dragapult, F|
|poke|p2|Garchomp, M|
|poke|p2|Galvantula, M|
|poke|p2|Hoopa-Unbound|
|poke|p2|Glimmora, F|
|teampreview
|inactive|Battle timer is ON: inactive players will automatically lose when time's up. (requested by Rapirak)
|
|t:|1779572068
|teamsize|p1|6
|teamsize|p2|6
|start
|switch|p1a: Ting-Lucifer|Ting-Lu|100/100
|switch|p2a: Galvantula|Galvantula, M|100/100
|-ability|p1a: Ting-Lucifer|Vessel of Ruin
|turn|1
|
|t:|1779572076
|move|p2a: Galvantula|Sticky Web|p1a: Ting-Lucifer
|-sidestart|p1: Le Big H|move: Sticky Web
|move|p1a: Ting-Lucifer|Earthquake|p2a: Galvantula
|-damage|p2a: Galvantula|15/100
|
|upkeep
|turn|2
|
|t:|1779572084
|move|p2a: Galvantula|Bug Buzz|p1a: Ting-Lucifer
|-supereffective|p1a: Ting-Lucifer
|-crit|p1a: Ting-Lucifer
|-damage|p1a: Ting-Lucifer|12/100
|-enditem|p1a: Ting-Lucifer|Weakness Policy
|-boost|p1a: Ting-Lucifer|atk|2|[from] item: Weakness Policy
|-boost|p1a: Ting-Lucifer|spa|2|[from] item: Weakness Policy
|move|p1a: Ting-Lucifer|Earthquake|p2a: Galvantula
|-damage|p2a: Galvantula|0 fnt
|faint|p2a: Galvantula
|
|upkeep
|
|t:|1779572091
|switch|p2a: Hoopa|Hoopa-Unbound|100/100
|turn|3
|
|t:|1779572100
|move|p2a: Hoopa|Ice Punch|p1a: Ting-Lucifer
|-supereffective|p1a: Ting-Lucifer
|-damage|p1a: Ting-Lucifer|0 fnt
|faint|p1a: Ting-Lucifer
|
|upkeep
|
|t:|1779572106
|switch|p1a: Cinderace|Cinderace, M|100/100
|-activate|p1a: Cinderace|move: Sticky Web
|-unboost|p1a: Cinderace|spe|1
|turn|4
|
|t:|1779572110
|move|p2a: Hoopa|Hyperspace Fury|p1a: Cinderace
|-damage|p1a: Cinderace|9/100
|-unboost|p2a: Hoopa|def|1
|move|p1a: Cinderace|U-turn|p2a: Hoopa
|-start|p1a: Cinderace|typechange|Bug|[from] ability: Libero
|-supereffective|p2a: Hoopa
|-enditem|p2a: Hoopa|Focus Sash
|-damage|p2a: Hoopa|1/100
|
|t:|1779572117
|switch|p1a: Kyurem|Kyurem|100/100|[from] U-turn
|-activate|p1a: Kyurem|move: Sticky Web
|-unboost|p1a: Kyurem|spe|1
|-ability|p1a: Kyurem|Pressure
|
|upkeep
|turn|5
|
|t:|1779572127
|move|p1a: Kyurem|Ice Beam|p2a: Hoopa
|-damage|p2a: Hoopa|0 fnt
|faint|p2a: Hoopa
|
|upkeep
|
|t:|1779572134
|switch|p2a: Glimmora|Glimmora, F|100/100
|turn|6
|
|t:|1779572140
|switch|p1a: Mandibuzz|Mandibuzz, F, shiny|100/100
|move|p2a: Glimmora|Mortal Spin|p1a: Mandibuzz
|-damage|p1a: Mandibuzz|96/100
|-status|p1a: Mandibuzz|psn
|-damage|p2a: Glimmora|84/100|[from] item: Rocky Helmet|[of] p1a: Mandibuzz
|
|-damage|p1a: Mandibuzz|84/100 psn|[from] psn
|upkeep
|turn|7
|
|t:|1779572145
|move|p2a: Glimmora|Spiky Shield|p2a: Glimmora
|-singleturn|p2a: Glimmora|move: Protect
|move|p1a: Mandibuzz|Defog|p2a: Glimmora
|-activate|p2a: Glimmora|move: Protect
|
|-damage|p1a: Mandibuzz|72/100 psn|[from] psn
|upkeep
|turn|8
|
|t:|1779572157
|move|p2a: Glimmora|Spiky Shield|p2a: Glimmora
|-singleturn|p2a: Glimmora|move: Protect
|move|p1a: Mandibuzz|Defog|p2a: Glimmora
|-activate|p2a: Glimmora|move: Protect
|
|-damage|p1a: Mandibuzz|59/100 psn|[from] psn
|upkeep
|turn|9
|
|t:|1779572165
|move|p2a: Glimmora|Spiky Shield||[still]
|-fail|p2a: Glimmora
|move|p1a: Mandibuzz|Roost|p1a: Mandibuzz
|-heal|p1a: Mandibuzz|100/100 psn
|-singleturn|p1a: Mandibuzz|move: Roost
|
|-damage|p1a: Mandibuzz|88/100 psn|[from] psn
|upkeep
|turn|10
|
|t:|1779572169
|move|p2a: Glimmora|Spiky Shield|p2a: Glimmora
|-singleturn|p2a: Glimmora|move: Protect
|move|p1a: Mandibuzz|Defog|p2a: Glimmora
|-activate|p2a: Glimmora|move: Protect
|
|-damage|p1a: Mandibuzz|76/100 psn|[from] psn
|upkeep
|turn|11
|
|t:|1779572175
|move|p2a: Glimmora|Spiky Shield|p2a: Glimmora
|-singleturn|p2a: Glimmora|move: Protect
|move|p1a: Mandibuzz|Defog|p2a: Glimmora
|-activate|p2a: Glimmora|move: Protect
|
|-damage|p1a: Mandibuzz|64/100 psn|[from] psn
|upkeep
|turn|12
|
|t:|1779572180
|move|p2a: Glimmora|Spiky Shield||[still]
|-fail|p2a: Glimmora
|move|p1a: Mandibuzz|Defog|p2a: Glimmora
|-unboost|p2a: Glimmora|evasion|1
|-sideend|p1: Le Big H|Sticky Web|[from] move: Defog|[of] p1a: Mandibuzz
|
|-damage|p1a: Mandibuzz|51/100 psn|[from] psn
|upkeep
|turn|13
|
|t:|1779572194
|move|p2a: Glimmora|Explosion|p1a: Mandibuzz
|-damage|p1a: Mandibuzz|29/100 psn
|faint|p2a: Glimmora
|move|p1a: Mandibuzz|Roost|p1a: Mandibuzz
|-heal|p1a: Mandibuzz|79/100 psn
|-singleturn|p1a: Mandibuzz|move: Roost
|
|-damage|p1a: Mandibuzz|67/100 psn|[from] psn
|upkeep
|
|t:|1779572199
|switch|p2a: Staraptor|Staraptor, M|100/100
|turn|14
|
|t:|1779572207
|-terastallize|p2a: Staraptor|Flying
|move|p2a: Staraptor|Brave Bird|p1a: Mandibuzz
|-damage|p1a: Mandibuzz|15/100 psn
|-damage|p2a: Staraptor|84/100|[from] item: Rocky Helmet|[of] p1a: Mandibuzz
|-damage|p2a: Staraptor|61/100|[from] Recoil
|move|p1a: Mandibuzz|Roost|p1a: Mandibuzz
|-heal|p1a: Mandibuzz|65/100 psn
|-singleturn|p1a: Mandibuzz|move: Roost
|
|-damage|p1a: Mandibuzz|53/100 psn|[from] psn
|upkeep
|turn|15
|
|t:|1779572212
|move|p2a: Staraptor|Brave Bird|p1a: Mandibuzz
|-damage|p1a: Mandibuzz|0 fnt
|-damage|p2a: Staraptor|45/100|[from] item: Rocky Helmet|[of] p1a: Mandibuzz
|faint|p1a: Mandibuzz
|-damage|p2a: Staraptor|22/100|[from] Recoil
|
|upkeep
|
|t:|1779572219
|switch|p1a: Kyurem|Kyurem|100/100
|-ability|p1a: Kyurem|Pressure
|turn|16
|
|t:|1779572224
|move|p2a: Staraptor|Brave Bird|p1a: Kyurem
|-damage|p1a: Kyurem|16/100
|-damage|p2a: Staraptor|0 fnt|[from] Recoil
|faint|p2a: Staraptor
|move|p1a: Kyurem|Ice Beam|p2: Staraptor|[notarget]
|-fail|p1a: Kyurem
|
|upkeep
|
|t:|1779572227
|switch|p2a: Dragapult|Dragapult, F|100/100
|turn|17
|
|t:|1779572230
|move|p1a: Kyurem|Ice Beam|p2a: Dragapult
|-supereffective|p2a: Dragapult
|-enditem|p2a: Dragapult|Focus Sash
|-damage|p2a: Dragapult|1/100
|move|p2a: Dragapult|Dragon Dance|p2a: Dragapult
|-boost|p2a: Dragapult|atk|1
|-boost|p2a: Dragapult|spe|1
|
|upkeep
|turn|18
|
|t:|1779572247
|switch|p1a: Cinderace|Cinderace, M|9/100
|move|p2a: Dragapult|Sucker Punch||[still]
|-fail|p2a: Dragapult
|
|upkeep
|turn|19
|
|t:|1779572256
|move|p2a: Dragapult|Sucker Punch|p1a: Cinderace
|-damage|p1a: Cinderace|0 fnt
|faint|p1a: Cinderace
|
|upkeep
|
|t:|1779572260
|switch|p1a: Manaphy|Manaphy|100/100
|turn|20
|
|t:|1779572268
|move|p2a: Dragapult|Dragon Darts|p1a: Manaphy
|-damage|p1a: Manaphy|71/100
|-anim|p2a: Dragapult|Dragon Darts|p1a: Manaphy
|-damage|p1a: Manaphy|43/100
|move|p1a: Manaphy|Scald|p2a: Dragapult
|-resisted|p2a: Dragapult
|-damage|p2a: Dragapult|0 fnt
|faint|p2a: Dragapult
|
|-heal|p1a: Manaphy|49/100|[from] item: Leftovers
|upkeep
|
|t:|1779572270
|switch|p2a: Garchomp|Garchomp, M|100/100
|turn|21
|
|t:|1779572281
|move|p2a: Garchomp|Swords Dance|p2a: Garchomp
|-boost|p2a: Garchomp|atk|2
|move|p1a: Manaphy|Scald|p2a: Garchomp
|-damage|p2a: Garchomp|70/100
|
|-heal|p1a: Manaphy|55/100|[from] item: Leftovers
|upkeep
|turn|22
|
|t:|1779572286
|move|p2a: Garchomp|Scale Shot|p1a: Manaphy|[miss]
|-miss|p2a: Garchomp|p1a: Manaphy
|move|p1a: Manaphy|Scald|p2a: Garchomp
|-damage|p2a: Garchomp|39/100
|
|-heal|p1a: Manaphy|61/100|[from] item: Leftovers
|upkeep
|turn|23
|
|t:|1779572291
|move|p2a: Garchomp|Scale Shot|p1a: Manaphy
|-damage|p1a: Manaphy|38/100
|-damage|p1a: Manaphy|15/100
|-damage|p1a: Manaphy|0 fnt
|faint|p1a: Manaphy
|-hitcount|p1: Manaphy|3
|-unboost|p2a: Garchomp|def|1
|-boost|p2a: Garchomp|spe|1
|
|upkeep
|
|t:|1779572292
|switch|p1a: Kyurem|Kyurem|16/100
|-ability|p1a: Kyurem|Pressure
|turn|24
|
|t:|1779572295
|move|p2a: Garchomp|Earthquake|p1a: Kyurem
|-damage|p1a: Kyurem|0 fnt
|faint|p1a: Kyurem
|
|upkeep
|
|t:|1779572297
|switch|p1a: Hoopa|Hoopa|100/100
|turn|25
|
|t:|1779572300
|move|p2a: Garchomp|Scale Shot|p1a: Hoopa
|-damage|p1a: Hoopa|61/100
|-damage|p1a: Hoopa|22/100
|-enditem|p1a: Hoopa|Aguav Berry|[eat]
|-heal|p1a: Hoopa|55/100|[from] item: Aguav Berry
|-damage|p1a: Hoopa|11/100
|-damage|p1a: Hoopa|0 fnt
|faint|p1a: Hoopa
|-hitcount|p1: Hoopa|4
|
|win|Rapirak
|raw|Le Big H's rating: 1117 &rarr; <strong>1096</strong><br />(-21 for losing)
|raw|Rapirak's rating: 1173 &rarr; <strong>1194</strong><br />(+21 for winning)
|l|☆Le Big H
|player|p1|
|c|☆Rapirak|Ez
