|j|☆haars0
|j|☆venator
|t:|1779563072
|gametype|singles
|player|p1|haars0|169|1110
|player|p2|venator|acetrainer-gen4dp|1086
|gen|9
|tier|[Gen 9] OU
|rated|
|rule|HP Percentage Mod: HP is shown in percentages
|rule|Endless Battle Clause: Forcing endless battles is banned
|rule|Species Clause: Limit one of each Pokémon
|rule|OHKO Clause: OHKO moves are banned
|rule|Evasion Items Clause: Evasion items are banned
|rule|Evasion Moves Clause: Evasion moves are banned
|rule|Evasion Abilities Clause: Evasion abilities are banned
|rule|Sleep Moves Clause: Sleep-inducing moves are banned
|clearpoke
|poke|p1|Cramorant, M|
|poke|p1|Gallade, M|
|poke|p1|Kingambit, M|
|poke|p1|Iron Moth|
|poke|p1|Enamorus, F|
|poke|p1|Ogerpon-Cornerstone, F|
|poke|p2|Magmortar, M|
|poke|p2|Azumarill, F|
|poke|p2|Vileplume, F|
|poke|p2|Clefable, F|
|poke|p2|Mightyena, F|
|poke|p2|Metagross|
|teampreview
|
|t:|1779563079
|teamsize|p1|6
|teamsize|p2|6
|start
|switch|p1a: Cramorant|Cramorant, M, shiny|100/100
|switch|p2a: Azumarill|Azumarill, F|100/100
|turn|1
|
|t:|1779563088
|move|p1a: Cramorant|Tailwind|p1a: Cramorant
|-sidestart|p1: haars0|move: Tailwind
|move|p2a: Azumarill|Knock Off|p1a: Cramorant
|-enditem|p1a: Cramorant|Focus Sash
|-damage|p1a: Cramorant|1/100
|
|upkeep
|turn|2
|
|t:|1779563101
|switch|p1a: Enamorus|Enamorus, F|100/100
|move|p2a: Azumarill|Knock Off|p1a: Enamorus
|-resisted|p1a: Enamorus
|-damage|p1a: Enamorus|45/100
|-enditem|p1a: Enamorus|Focus Sash|[from] move: Knock Off|[of] p2a: Azumarill
|
|upkeep
|turn|3
|
|t:|1779563111
|switch|p2a: Metagross|Metagross|100/100
|move|p1a: Enamorus|Healing Wish|p1a: Enamorus
|faint|p1a: Enamorus
|
|upkeep
|
|t:|1779563118
|switch|p1a: Cramorant|Cramorant, M, shiny|1/100
|-heal|p1a: Cramorant|100/100|[from] move: Healing Wish
|turn|4
|
|t:|1779563135
|switch|p1a: Iron Moth|Iron Moth|100/100
|-enditem|p1a: Iron Moth|Booster Energy
|-activate|p1a: Iron Moth|ability: Quark Drive|[fromitem]
|-start|p1a: Iron Moth|quarkdrivespe
|move|p2a: Metagross|Psychic Fangs|p1a: Iron Moth
|-supereffective|p1a: Iron Moth
|-damage|p1a: Iron Moth|0 fnt
|faint|p1a: Iron Moth
|-end|p1a: Iron Moth|Quark Drive|[silent]
|
|-sideend|p1: haars0|move: Tailwind
|upkeep
|
|t:|1779563146
|switch|p1a: Gallade|Gallade, M|100/100
|turn|5
|
|t:|1779563153
|move|p1a: Gallade|Shadow Sneak|p2a: Metagross
|-supereffective|p2a: Metagross
|-damage|p2a: Metagross|80/100
|move|p2a: Metagross|Psychic Fangs|p1a: Gallade
|-damage|p1a: Gallade|7/100
|
|-heal|p2a: Metagross|86/100|[from] item: Leftovers
|upkeep
|turn|6
|
|t:|1779563161
|move|p2a: Metagross|Bullet Punch|p1a: Gallade
|-damage|p1a: Gallade|0 fnt
|faint|p1a: Gallade
|
|-heal|p2a: Metagross|92/100|[from] item: Leftovers
|upkeep
|
|t:|1779563168
|switch|p1a: Kingambit|Kingambit, M|100/100
|-activate|p1a: Kingambit|ability: Supreme Overlord
|-start|p1a: Kingambit|fallen3|[silent]
|turn|7
|
|t:|1779563181
|move|p1a: Kingambit|Low Kick|p2a: Metagross
|-damage|p2a: Metagross|29/100
|-damage|p1a: Kingambit|91/100|[from] item: Life Orb
|move|p2a: Metagross|Earthquake|p1a: Kingambit
|-supereffective|p1a: Kingambit
|-damage|p1a: Kingambit|22/100
|
|-heal|p2a: Metagross|35/100|[from] item: Leftovers
|upkeep
|turn|8
|
|t:|1779563192
|move|p2a: Metagross|Bullet Punch|p1a: Kingambit
|-resisted|p1a: Kingambit
|-damage|p1a: Kingambit|11/100
|move|p1a: Kingambit|Low Kick|p2a: Metagross
|-damage|p2a: Metagross|0 fnt
|faint|p2a: Metagross
|-damage|p1a: Kingambit|1/100|[from] item: Life Orb
|
|upkeep
|
|t:|1779563204
|switch|p2a: Mightyena|Mightyena, F|100/100
|-ability|p2a: Mightyena|Intimidate|boost
|-unboost|p1a: Kingambit|atk|1
|turn|9
|
|t:|1779563210
|move|p2a: Mightyena|Sucker Punch|p1a: Kingambit
|-resisted|p1a: Kingambit
|-damage|p1a: Kingambit|0 fnt
|faint|p1a: Kingambit
|-end|p1a: Kingambit|fallen3|[silent]
|
|upkeep
|
|t:|1779563216
|switch|p1a: Cramorant|Cramorant, M, shiny|100/100
|turn|10
|
|t:|1779563226
|move|p1a: Cramorant|Tailwind|p1a: Cramorant
|-sidestart|p1: haars0|move: Tailwind
|move|p2a: Mightyena|Endeavor|p1a: Cramorant
|-immune|p1a: Cramorant
|
|upkeep
|turn|11
|
|t:|1779563235
|switch|p1a: Ogerpon|Ogerpon-Cornerstone, F|100/100
|move|p2a: Mightyena|Endeavor|p1a: Ogerpon
|-damage|p1a: Ogerpon|94/100
|
|upkeep
|turn|12
|
|t:|1779563247
|move|p1a: Ogerpon|Swords Dance|p1a: Ogerpon
|-boost|p1a: Ogerpon|atk|2
|move|p2a: Mightyena|Endeavor|p1a: Ogerpon
|-immune|p1a: Ogerpon
|
|upkeep
|turn|13
|
|t:|1779563259
|move|p1a: Ogerpon|Swords Dance|p1a: Ogerpon
|-boost|p1a: Ogerpon|atk|2
|move|p2a: Mightyena|Taunt|p1a: Ogerpon
|-start|p1a: Ogerpon|move: Taunt
|
|-sideend|p1: haars0|move: Tailwind
|upkeep
|turn|14
|
|t:|1779563271
|move|p1a: Ogerpon|Power Whip|p2a: Mightyena
|-crit|p2a: Mightyena
|-enditem|p2a: Mightyena|Focus Sash
|-damage|p2a: Mightyena|1/100
|move|p2a: Mightyena|Endeavor|p1a: Ogerpon
|-damage|p1a: Ogerpon|1/100
|
|upkeep
|turn|15
|
|t:|1779563302
|switch|p1a: Cramorant|Cramorant, M, shiny|100/100
|move|p2a: Mightyena|Sucker Punch||[still]
|-fail|p2a: Mightyena
|
|upkeep
|turn|16
|
|t:|1779563311
|move|p2a: Mightyena|Sucker Punch|p1a: Cramorant
|-damage|p1a: Cramorant|49/100
|move|p1a: Cramorant|Surf|p2a: Mightyena
|-formechange|p1a: Cramorant|Cramorant-Gorging|
|-damage|p2a: Mightyena|0 fnt
|faint|p2a: Mightyena
|
|upkeep
|
|t:|1779563323
|switch|p2a: Magmortar|Magmortar, M|100/100
|turn|17
|
|t:|1779563332
|move|p2a: Magmortar|Thunderbolt|p1a: Cramorant
|-supereffective|p1a: Cramorant
|-damage|p1a: Cramorant|0 fnt
|-damage|p2a: Magmortar|76/100|[from] ability: Gulp Missile|[of] p1a: Cramorant
|-status|p2a: Magmortar|par
|-formechange|p1a: Cramorant|Cramorant|
|faint|p1a: Cramorant
|
|upkeep
|
|t:|1779563337
|switch|p1a: Ogerpon|Ogerpon-Cornerstone, F|1/100
|turn|18
|
|t:|1779563343
|-terastallize|p1a: Ogerpon|Rock
|detailschange|p1a: Ogerpon|Ogerpon-Cornerstone-Tera, F, tera:Rock
|-ability|p1a: Ogerpon|Embody Aspect (Cornerstone)|boost
|-boost|p1a: Ogerpon|def|1
|cant|p2a: Magmortar|par
|move|p1a: Ogerpon|Ivy Cudgel|p2a: Magmortar|[anim] Ivy Cudgel Rock
|-supereffective|p2a: Magmortar
|-damage|p2a: Magmortar|0 fnt
|faint|p2a: Magmortar
|
|upkeep
|
|t:|1779563355
|switch|p2a: Vileplume|Vileplume, F|100/100
|turn|19
|
|t:|1779563365
|move|p1a: Ogerpon|Ivy Cudgel|p2a: Vileplume|[anim] Ivy Cudgel Rock
|-damage|p2a: Vileplume|21/100
|move|p2a: Vileplume|Sludge Bomb|p1a: Ogerpon
|-resisted|p1a: Ogerpon
|-damage|p1a: Ogerpon|0 fnt
|faint|p1a: Ogerpon
|detailschange|p1: Ogerpon|Ogerpon-Cornerstone, F|[silent]
|
|win|venator
|raw|haars0's rating: 1110 &rarr; <strong>1083</strong><br />(-27 for losing)
|raw|venator's rating: 1086 &rarr; <strong>1115</strong><br />(+29 for winning)
|l|☆venator
|player|p2|
