|j|☆overheat xyz
|j|☆jojosworld
|t:|1779582942
|gametype|singles
|player|p1|overheat xyz|265|1614
|player|p2|jojosworld|bellelba|1643
|gen|9
|tier|[Gen 9] OU
|rated|
|rule|HP Percentage Mod: HP is shown in percentages
|rule|Endless Battle Clause: Forcing endless battles is banned
|rule|Species Clause: Limit one of each Pokémon
|rule|OHKO Clause: OHKO moves are banned
|rule|Evasion Items Clause: Evasion items are banned
|rule|Evasion Moves Clause: Evasion moves are banned
|rule|Evasion Abilities Clause: Evasion abilities are banned
|rule|Sleep Moves Clause: Sleep-inducing moves are banned
|clearpoke
|poke|p1|Dragapult, M|
|poke|p1|Garganacl, F|
|poke|p1|Rillaboom, M|
|poke|p1|Slowking-Galar, F|
|poke|p1|Kingambit, M|
|poke|p1|Corviknight, M|
|poke|p2|Corviknight, F|
|poke|p2|Alomomola, F|
|poke|p2|Lokix, F|
|poke|p2|Dragapult, F|
|poke|p2|Hatterene, F|
|poke|p2|Latias, F|
|teampreview
|inactive|Battle timer is ON: inactive players will automatically lose when time's up. (requested by jojosworld)
|inactive|overheat xyz has 120 seconds left.
|inactive|jojosworld has 120 seconds left.
|inactive|jojosworld has 90 seconds left.
|
|t:|1779583016
|teamsize|p1|6
|teamsize|p2|6
|start
|switch|p1a: Dragapult|Dragapult, M|100/100
|switch|p2a: Latias|Latias, F, shiny|100/100
|turn|1
|j| simplegent
|
|t:|1779583035
|switch|p2a: Alomomola|Alomomola, F, shiny|100/100
|move|p1a: Dragapult|Shadow Ball|p2a: Alomomola
|-damage|p2a: Alomomola|74/100
|
|upkeep
|turn|2
|
|t:|1779583044
|switch|p1a: Slowking|Slowking-Galar, F|100/100
|move|p2a: Alomomola|Flip Turn|p1a: Slowking
|-damage|p1a: Slowking|82/100
|
|t:|1779583048
|switch|p2a: Lokix|Lokix, F, shiny|100/100|[from] Flip Turn
|
|upkeep
|turn|3
|
|t:|1779583051
|switch|p1a: Corviknight|Corviknight, M|100/100
|-ability|p1a: Corviknight|Pressure
|move|p2a: Lokix|Knock Off|p1a: Corviknight
|-damage|p1a: Corviknight|60/100
|-damage|p2a: Lokix|84/100|[from] item: Rocky Helmet|[of] p1a: Corviknight
|-enditem|p1a: Corviknight|Rocky Helmet|[from] move: Knock Off|[of] p2a: Lokix
|
|upkeep
|turn|4
|
|t:|1779583054
|switch|p2a: Alomomola|Alomomola, F, shiny|100/100
|move|p1a: Corviknight|Roost|p1a: Corviknight
|-heal|p1a: Corviknight|100/100
|-singleturn|p1a: Corviknight|move: Roost
|
|upkeep
|turn|5
|
|t:|1779583058
|move|p1a: Corviknight|Iron Defense|p1a: Corviknight
|-boost|p1a: Corviknight|def|2
|move|p2a: Alomomola|Flip Turn|p1a: Corviknight
|-damage|p1a: Corviknight|96/100
|j| besudo lick
|
|t:|1779583068
|switch|p2a: Latias|Latias, F, shiny|100/100|[from] Flip Turn
|
|upkeep
|turn|6
|l| simplegent
|
|t:|1779583075
|switch|p1a: Dragapult|Dragapult, M|100/100
|move|p2a: Latias|Calm Mind|p2a: Latias
|-boost|p2a: Latias|spa|1
|-boost|p2a: Latias|spd|1
|
|upkeep
|turn|7
|
|t:|1779583081
|move|p1a: Dragapult|U-turn|p2a: Latias
|-supereffective|p2a: Latias
|-damage|p2a: Latias|75/100
|-enditem|p2a: Latias|Weakness Policy
|-boost|p2a: Latias|atk|2|[from] item: Weakness Policy
|-boost|p2a: Latias|spa|2|[from] item: Weakness Policy
|
|t:|1779583086
|switch|p1a: Garganacl|Garganacl, F|100/100|[from] U-turn
|move|p2a: Latias|Recover|p2a: Latias
|-heal|p2a: Latias|100/100
|
|upkeep
|turn|8
|
|t:|1779583089
|move|p2a: Latias|Calm Mind|p2a: Latias
|-boost|p2a: Latias|spa|1
|-boost|p2a: Latias|spd|1
|move|p1a: Garganacl|Salt Cure|p2a: Latias
|-damage|p2a: Latias|91/100
|-start|p2a: Latias|Salt Cure
|
|-damage|p2a: Latias|78/100|[from] Salt Cure
|upkeep
|turn|9
|l| besudo lick
|
|t:|1779583093
|move|p2a: Latias|Calm Mind|p2a: Latias
|-boost|p2a: Latias|spa|1
|-boost|p2a: Latias|spd|1
|move|p1a: Garganacl|Stealth Rock|p2a: Latias
|-sidestart|p2: jojosworld|move: Stealth Rock
|
|-damage|p2a: Latias|66/100|[from] Salt Cure
|upkeep
|turn|10
|
|t:|1779583097
|switch|p1a: Kingambit|Kingambit, M|100/100
|move|p2a: Latias|Recover|p2a: Latias
|-heal|p2a: Latias|100/100
|
|-damage|p2a: Latias|88/100|[from] Salt Cure
|upkeep
|turn|11
|
|t:|1779583107
|move|p1a: Kingambit|Sucker Punch|p2a: Latias
|-supereffective|p2a: Latias
|-damage|p2a: Latias|32/100
|move|p2a: Latias|Aura Sphere|p1a: Kingambit
|-supereffective|p1a: Kingambit
|-damage|p1a: Kingambit|0 fnt
|faint|p1a: Kingambit
|-end|p1a: Kingambit|fallenundefined|[silent]
|
|-damage|p2a: Latias|19/100|[from] Salt Cure
|upkeep
|
|t:|1779583116
|switch|p1a: Rillaboom|Rillaboom, M|100/100
|-fieldstart|move: Grassy Terrain|[from] ability: Grassy Surge|[of] p1a: Rillaboom
|turn|12
|
|t:|1779583119
|move|p1a: Rillaboom|Grassy Glide|p2a: Latias
|-resisted|p2a: Latias
|-damage|p2a: Latias|0 fnt
|faint|p2a: Latias
|
|upkeep
|
|t:|1779583121
|switch|p2a: Corviknight|Corviknight, F, shiny|100/100
|-damage|p2a: Corviknight|88/100|[from] Stealth Rock
|-ability|p2a: Corviknight|Pressure
|turn|13
|
|t:|1779583135
|switch|p1a: Garganacl|Garganacl, F|100/100
|move|p2a: Corviknight|Defog|p1a: Garganacl
|-unboost|p1a: Garganacl|evasion|1
|-sideend|p2: jojosworld|Stealth Rock|[from] move: Defog|[of] p2a: Corviknight
|-fieldend|move: Grassy Terrain
|
|upkeep
|turn|14
|
|t:|1779583140
|move|p2a: Corviknight|U-turn|p1a: Garganacl
|-damage|p1a: Garganacl|91/100
|
|t:|1779583141
|switch|p2a: Hatterene|Hatterene, F, shiny|100/100|[from] U-turn
|move|p1a: Garganacl|Salt Cure|p2a: Hatterene
|-damage|p2a: Hatterene|89/100
|-start|p2a: Hatterene|Salt Cure
|
|-heal|p1a: Garganacl|97/100|[from] item: Leftovers
|-heal|p2a: Hatterene|95/100|[from] item: Leftovers
|-damage|p2a: Hatterene|83/100|[from] Salt Cure
|upkeep
|turn|15
|
|t:|1779583146
|switch|p1a: Slowking|Slowking-Galar, F|100/100
|move|p2a: Hatterene|Calm Mind|p2a: Hatterene
|-boost|p2a: Hatterene|spa|1
|-boost|p2a: Hatterene|spd|1
|
|-heal|p2a: Hatterene|89/100|[from] item: Leftovers
|-damage|p2a: Hatterene|77/100|[from] Salt Cure
|upkeep
|turn|16
|
|t:|1779583154
|switch|p2a: Alomomola|Alomomola, F, shiny|100/100
|move|p1a: Slowking|Sludge Bomb|p2a: Alomomola
|-damage|p2a: Alomomola|76/100
|-status|p2a: Alomomola|psn
|
|-damage|p2a: Alomomola|64/100 psn|[from] psn
|upkeep
|turn|17
|
|t:|1779583160
|move|p2a: Alomomola|Flip Turn|p1a: Slowking
|-damage|p1a: Slowking|84/100
|j| besudo lick
|l| besudo lick
|
|t:|1779583174
|switch|p2a: Corviknight|Corviknight, F, shiny|88/100|[from] Flip Turn
|-ability|p2a: Corviknight|Pressure
|move|p1a: Slowking|Future Sight|p2a: Corviknight
|-start|p1a: Slowking|move: Future Sight
|
|upkeep
|turn|18
|
|t:|1779583184
|move|p2a: Corviknight|U-turn|p1a: Slowking
|-damage|p1a: Slowking|69/100
|
|t:|1779583186
|switch|p2a: Alomomola|Alomomola, F, shiny|97/100 psn|[from] U-turn
|move|p1a: Slowking|Fire Blast|p2a: Alomomola
|-resisted|p2a: Alomomola
|-damage|p2a: Alomomola|89/100 psn
|
|-damage|p2a: Alomomola|76/100 psn|[from] psn
|upkeep
|turn|19
|
|t:|1779583191
|move|p2a: Alomomola|Flip Turn|p1a: Slowking
|-damage|p1a: Slowking|53/100
|
|t:|1779583206
|switch|p2a: Dragapult|Dragapult, F, shiny|100/100|[from] Flip Turn
|move|p1a: Slowking|Sludge Bomb|p2a: Dragapult
|-resisted|p2a: Dragapult
|-damage|p2a: Dragapult|67/100
|-status|p2a: Dragapult|psn
|
|-end|p2a: Dragapult|move: Future Sight
|-damage|p2a: Dragapult|0 fnt
|faint|p2a: Dragapult
|upkeep
|-message|jojosworld forfeited.
|
|win|overheat xyz
|raw|overheat xyz's rating: 1614 &rarr; <strong>1636</strong><br />(+22 for winning)
|raw|jojosworld's rating: 1643 &rarr; <strong>1621</strong><br />(-22 for losing)
|l|☆jojosworld
|player|p2|
