|j|☆Auburn Hills
|j|☆JacquesDeAlderberg
|t:|1779711404
|gametype|singles
|player|p1|Auburn Hills|alder|1792
|player|p2|JacquesDeAlderberg|170|1704
|gen|9
|tier|[Gen 9] OU
|rated|
|rule|HP Percentage Mod: HP is shown in percentages
|rule|Endless Battle Clause: Forcing endless battles is banned
|rule|Species Clause: Limit one of each Pokémon
|rule|OHKO Clause: OHKO moves are banned
|rule|Evasion Items Clause: Evasion items are banned
|rule|Evasion Moves Clause: Evasion moves are banned
|rule|Evasion Abilities Clause: Evasion abilities are banned
|rule|Sleep Moves Clause: Sleep-inducing moves are banned
|clearpoke
|poke|p1|Iron Moth|
|poke|p1|Umbreon, M|
|poke|p1|Garchomp, F|
|poke|p1|Glimmora, F|
|poke|p1|Gholdengo|
|poke|p1|Dragonite, F|
|poke|p2|Iron Crown|
|poke|p2|Enamorus, F|
|poke|p2|Great Tusk|
|poke|p2|Probopass, M|
|poke|p2|Deoxys-Speed|
|poke|p2|Dragapult, M|
|teampreview
|
|t:|1779711413
|teamsize|p1|6
|teamsize|p2|6
|start
|switch|p1a: Julia Jacklin|Glimmora, F|100/100
|switch|p2a: Deoxys|Deoxys-Speed|100/100
|-ability|p2a: Deoxys|Pressure
|turn|1
|
|t:|1779711436
|move|p2a: Deoxys|Psycho Boost|p1a: Julia Jacklin
|-supereffective|p1a: Julia Jacklin
|-enditem|p1a: Julia Jacklin|Focus Sash
|-damage|p1a: Julia Jacklin|1/100
|-unboost|p2a: Deoxys|spa|2
|-enditem|p2a: Deoxys|Eject Pack
|
|t:|1779711443
|switch|p2a: Enamorus|Enamorus, F|100/100
|move|p1a: Julia Jacklin|Sludge Wave|p2a: Enamorus
|-supereffective|p2a: Enamorus
|-damage|p2a: Enamorus|0 fnt
|faint|p2a: Enamorus
|
|upkeep
|
|t:|1779711446
|switch|p2a: Deoxys|Deoxys-Speed|100/100
|-ability|p2a: Deoxys|Pressure
|turn|2
|
|t:|1779711447
|move|p2a: Deoxys|Ice Beam|p1a: Julia Jacklin
|-damage|p1a: Julia Jacklin|0 fnt
|faint|p1a: Julia Jacklin
|
|upkeep
|
|t:|1779711450
|switch|p1a: Smino|Gholdengo|100/100
|turn|3
|
|t:|1779711452
|move|p2a: Deoxys|Knock Off|p1a: Smino
|-supereffective|p1a: Smino
|-damage|p1a: Smino|44/100
|-enditem|p1a: Smino|Choice Scarf|[from] move: Knock Off|[of] p2a: Deoxys
|move|p1a: Smino|Shadow Ball|p2a: Deoxys
|-supereffective|p2a: Deoxys
|-damage|p2a: Deoxys|0 fnt
|faint|p2a: Deoxys
|
|upkeep
|
|t:|1779711459
|switch|p2a: Dragapult|Dragapult, M|100/100
|turn|4
|
|t:|1779711464
|switch|p1a: Alvvays|Umbreon, M|100/100
|move|p2a: Dragapult|Dragon Dance|p2a: Dragapult
|-boost|p2a: Dragapult|atk|1
|-boost|p2a: Dragapult|spe|1
|
|upkeep
|turn|5
|
|t:|1779711470
|switch|p2a: Probopass|Probopass, M|100/100
|move|p1a: Alvvays|Foul Play|p2a: Probopass
|-damage|p2a: Probopass|92/100
|-damage|p1a: Alvvays|84/100|[from] item: Rocky Helmet|[of] p2a: Probopass
|
|-heal|p1a: Alvvays|90/100|[from] item: Leftovers
|upkeep
|turn|6
|
|t:|1779711472
|switch|p1a: Smino|Gholdengo|44/100
|move|p2a: Probopass|Stealth Rock|p1a: Smino
|-sidestart|p1: Auburn Hills|move: Stealth Rock
|
|upkeep
|turn|7
|
|t:|1779711475
|move|p1a: Smino|Shadow Ball|p2a: Probopass
|-damage|p2a: Probopass|59/100
|move|p2a: Probopass|Volt Switch|p1a: Smino
|-damage|p1a: Smino|28/100
|
|t:|1779711478
|switch|p2a: Dragapult|Dragapult, M|100/100|[from] Volt Switch
|
|upkeep
|turn|8
|
|t:|1779711480
|move|p2a: Dragapult|Dragon Darts|p1a: Smino
|-resisted|p1a: Smino
|-damage|p1a: Smino|13/100
|-anim|p2a: Dragapult|Dragon Darts|p1a: Smino
|-resisted|p1a: Smino
|-crit|p1a: Smino
|-damage|p1a: Smino|0 fnt
|faint|p1a: Smino
|
|upkeep
|j| GoodraFan706
|
|t:|1779711486
|switch|p1a: Alvvays|Umbreon, M|90/100
|-damage|p1a: Alvvays|78/100|[from] Stealth Rock
|turn|9
|
|t:|1779711492
|switch|p2a: Probopass|Probopass, M|59/100
|move|p1a: Alvvays|Foul Play|p2a: Probopass
|-damage|p2a: Probopass|51/100
|-damage|p1a: Alvvays|61/100|[from] item: Rocky Helmet|[of] p2a: Probopass
|
|-heal|p1a: Alvvays|67/100|[from] item: Leftovers
|upkeep
|turn|10
|
|t:|1779711494
|switch|p2a: Dragapult|Dragapult, M|100/100
|move|p1a: Alvvays|Thunder Wave|p2a: Dragapult
|-status|p2a: Dragapult|par
|
|-heal|p1a: Alvvays|73/100|[from] item: Leftovers
|upkeep
|turn|11
|
|t:|1779711497
|cant|p2a: Dragapult|par
|move|p1a: Alvvays|Foul Play|p2a: Dragapult
|-supereffective|p2a: Dragapult
|-damage|p2a: Dragapult|0 fnt
|faint|p2a: Dragapult
|
|-heal|p1a: Alvvays|79/100|[from] item: Leftovers
|upkeep
|
|t:|1779711501
|switch|p2a: Great Tusk|Great Tusk|100/100
|-enditem|p2a: Great Tusk|Booster Energy
|-activate|p2a: Great Tusk|ability: Protosynthesis|[fromitem]
|-start|p2a: Great Tusk|protosynthesisspe
|turn|12
|
|t:|1779711504
|move|p2a: Great Tusk|Bulk Up|p2a: Great Tusk
|-boost|p2a: Great Tusk|atk|1
|-boost|p2a: Great Tusk|def|1
|move|p1a: Alvvays|Foul Play|p2a: Great Tusk
|-resisted|p2a: Great Tusk
|-damage|p2a: Great Tusk|88/100
|
|-heal|p1a: Alvvays|85/100|[from] item: Leftovers
|upkeep
|turn|13
|
|t:|1779711507
|switch|p1a: Elucid|Dragonite, F|100/100
|move|p2a: Great Tusk|Bulk Up|p2a: Great Tusk
|-boost|p2a: Great Tusk|atk|1
|-boost|p2a: Great Tusk|def|1
|
|upkeep
|turn|14
|
|t:|1779711511
|move|p2a: Great Tusk|Rock Slide|p1a: Elucid
|-supereffective|p1a: Elucid
|-damage|p1a: Elucid|52/100
|move|p1a: Elucid|Dragon Dance|p1a: Elucid
|-boost|p1a: Elucid|atk|1
|-boost|p1a: Elucid|spe|1
|
|upkeep
|turn|15
|
|t:|1779711516
|move|p2a: Great Tusk|Rock Slide|p1a: Elucid
|-supereffective|p1a: Elucid
|-damage|p1a: Elucid|0 fnt
|faint|p1a: Elucid
|
|upkeep
|
|t:|1779711519
|switch|p1a: Carly Rae|Iron Moth|100/100
|-damage|p1a: Carly Rae|76/100|[from] Stealth Rock
|-enditem|p1a: Carly Rae|Booster Energy
|-activate|p1a: Carly Rae|ability: Quark Drive|[fromitem]
|-start|p1a: Carly Rae|quarkdrivespe
|turn|16
|
|t:|1779711524
|-terastallize|p1a: Carly Rae|Fairy
|move|p1a: Carly Rae|Dazzling Gleam|p2a: Great Tusk
|-supereffective|p2a: Great Tusk
|-damage|p2a: Great Tusk|0 fnt
|faint|p2a: Great Tusk
|-end|p2a: Great Tusk|Protosynthesis|[silent]
|
|upkeep
|
|t:|1779711530
|switch|p2a: Probopass|Probopass, M|51/100
|turn|17
|
|t:|1779711535
|move|p1a: Carly Rae|Fiery Dance|p2a: Probopass
|-crit|p2a: Probopass
|-damage|p2a: Probopass|3/100
|-boost|p1a: Carly Rae|spa|1
|move|p2a: Probopass|Thunder Wave|p1a: Carly Rae
|-status|p1a: Carly Rae|par
|
|upkeep
|turn|18
|
|t:|1779711539
|move|p1a: Carly Rae|Fiery Dance|p2a: Probopass
|-damage|p2a: Probopass|0 fnt
|-boost|p1a: Carly Rae|spa|1
|faint|p2a: Probopass
|
|upkeep
|
|t:|1779711542
|switch|p2a: Iron Crown|Iron Crown|100/100
|-enditem|p2a: Iron Crown|Booster Energy
|-activate|p2a: Iron Crown|ability: Quark Drive|[fromitem]
|-start|p2a: Iron Crown|quarkdrivespe
|turn|19
|
|t:|1779711548
|-terastallize|p2a: Iron Crown|Fighting
|move|p2a: Iron Crown|Calm Mind|p2a: Iron Crown
|-boost|p2a: Iron Crown|spa|1
|-boost|p2a: Iron Crown|spd|1
|cant|p1a: Carly Rae|par
|
|upkeep
|turn|20
|
|t:|1779711563
|move|p2a: Iron Crown|Tachyon Cutter|p1a: Carly Rae
|-supereffective|p1a: Carly Rae
|-damage|p1a: Carly Rae|0 fnt
|faint|p1a: Carly Rae
|-end|p1a: Carly Rae|Quark Drive|[silent]
|-hitcount|p1: Carly Rae|1
|
|upkeep
|
|t:|1779711565
|switch|p1a: Alvvays|Umbreon, M|85/100
|-damage|p1a: Alvvays|73/100|[from] Stealth Rock
|turn|21
|
|t:|1779711570
|move|p2a: Iron Crown|Focus Blast|p1a: Alvvays
|-supereffective|p1a: Alvvays
|-damage|p1a: Alvvays|0 fnt
|faint|p1a: Alvvays
|
|upkeep
|
|t:|1779711572
|switch|p1a: Rat Tally|Garchomp, F|100/100
|-damage|p1a: Rat Tally|94/100|[from] Stealth Rock
|turn|22
|
|t:|1779711581
|move|p2a: Iron Crown|Tachyon Cutter|p1a: Rat Tally
|-damage|p1a: Rat Tally|49/100
|-damage|p1a: Rat Tally|9/100
|-hitcount|p1a: Rat Tally|2
|move|p1a: Rat Tally|Scale Shot|p2a: Iron Crown
|-damage|p2a: Iron Crown|87/100
|-damage|p2a: Iron Crown|75/100
|-damage|p2a: Iron Crown|61/100
|-damage|p2a: Iron Crown|48/100
|-damage|p2a: Iron Crown|34/100
|-hitcount|p2a: Iron Crown|5
|-unboost|p1a: Rat Tally|def|1
|-boost|p1a: Rat Tally|spe|1
|
|upkeep
|turn|23
|
|t:|1779711585
|move|p1a: Rat Tally|Earthquake|p2a: Iron Crown
|-damage|p2a: Iron Crown|0 fnt
|faint|p2a: Iron Crown
|-end|p2a: Iron Crown|Quark Drive|[silent]
|
|win|Auburn Hills
|raw|Auburn Hills's rating: 1792 &rarr; <strong>1807</strong><br />(+15 for winning)
|raw|JacquesDeAlderberg's rating: 1704 &rarr; <strong>1689</strong><br />(-15 for losing)
|l|☆JacquesDeAlderberg
|player|p2|
|l|☆Auburn Hills
|player|p1|
|l| GoodraFan706
