|j|☆JacquesDeAlderberg
|j|☆eros maniac
|t:|1779703583
|gametype|singles
|player|p1|JacquesDeAlderberg|169|1671
|player|p2|eros maniac|hilbert-wonderlauncher|1807
|gen|9
|tier|[Gen 9] OU
|rated|
|rule|HP Percentage Mod: HP is shown in percentages
|rule|Endless Battle Clause: Forcing endless battles is banned
|rule|Species Clause: Limit one of each Pokémon
|rule|OHKO Clause: OHKO moves are banned
|rule|Evasion Items Clause: Evasion items are banned
|rule|Evasion Moves Clause: Evasion moves are banned
|rule|Evasion Abilities Clause: Evasion abilities are banned
|rule|Sleep Moves Clause: Sleep-inducing moves are banned
|clearpoke
|poke|p1|Iron Crown|
|poke|p1|Enamorus, F|
|poke|p1|Great Tusk|
|poke|p1|Probopass, M|
|poke|p1|Deoxys-Speed|
|poke|p1|Dragapult, M|
|poke|p2|Frosmoth, F|
|poke|p2|Maushold-Four|
|poke|p2|Okidogi, M|
|poke|p2|Sinistcha|
|poke|p2|Alomomola, M|
|poke|p2|Weezing-Galar, F|
|teampreview
|inactive|Battle timer is ON: inactive players will automatically lose when time's up. (requested by eros maniac)
|j| notapokemonmaster
|c|☆eros maniac|This team is
|c|☆eros maniac|Familiar
|c|☆JacquesDeAlderberg|;P
|
|t:|1779703608
|teamsize|p1|6
|teamsize|p2|6
|start
|switch|p1a: Iron Crown|Iron Crown|100/100
|switch|p2a: Frosmoth|Frosmoth, F, shiny|100/100
|-enditem|p1a: Iron Crown|Booster Energy
|-activate|p1a: Iron Crown|ability: Quark Drive|[fromitem]
|-start|p1a: Iron Crown|quarkdrivespa
|turn|1
|
|t:|1779703618
|-terastallize|p2a: Frosmoth|Electric
|move|p1a: Iron Crown|Agility|p1a: Iron Crown
|-boost|p1a: Iron Crown|spe|2
|move|p2a: Frosmoth|Quiver Dance|p2a: Frosmoth
|-boost|p2a: Frosmoth|spa|1
|-boost|p2a: Frosmoth|spd|1
|-boost|p2a: Frosmoth|spe|1
|
|upkeep
|turn|2
|
|t:|1779703621
|move|p1a: Iron Crown|Calm Mind|p1a: Iron Crown
|-boost|p1a: Iron Crown|spa|1
|-boost|p1a: Iron Crown|spd|1
|move|p2a: Frosmoth|Quiver Dance|p2a: Frosmoth
|-boost|p2a: Frosmoth|spa|1
|-boost|p2a: Frosmoth|spd|1
|-boost|p2a: Frosmoth|spe|1
|
|upkeep
|turn|3
|
|t:|1779703623
|move|p1a: Iron Crown|Agility|p1a: Iron Crown
|-boost|p1a: Iron Crown|spe|2
|move|p2a: Frosmoth|Quiver Dance|p2a: Frosmoth
|-boost|p2a: Frosmoth|spa|1
|-boost|p2a: Frosmoth|spd|1
|-boost|p2a: Frosmoth|spe|1
|
|upkeep
|turn|4
|
|t:|1779703627
|move|p1a: Iron Crown|Agility|p1a: Iron Crown
|-boost|p1a: Iron Crown|spe|2
|move|p2a: Frosmoth|Substitute|p2a: Frosmoth
|-start|p2a: Frosmoth|Substitute
|-damage|p2a: Frosmoth|75/100
|
|-heal|p2a: Frosmoth|82/100|[from] item: Leftovers
|upkeep
|turn|5
|
|t:|1779703631
|move|p1a: Iron Crown|Calm Mind|p1a: Iron Crown
|-boost|p1a: Iron Crown|spa|1
|-boost|p1a: Iron Crown|spd|1
|move|p2a: Frosmoth|Quiver Dance|p2a: Frosmoth
|-boost|p2a: Frosmoth|spa|1
|-boost|p2a: Frosmoth|spd|1
|-boost|p2a: Frosmoth|spe|1
|
|-heal|p2a: Frosmoth|88/100|[from] item: Leftovers
|upkeep
|turn|6
|
|t:|1779703633
|move|p1a: Iron Crown|Calm Mind|p1a: Iron Crown
|-boost|p1a: Iron Crown|spa|1
|-boost|p1a: Iron Crown|spd|1
|move|p2a: Frosmoth|Quiver Dance|p2a: Frosmoth
|-boost|p2a: Frosmoth|spa|1
|-boost|p2a: Frosmoth|spd|1
|-boost|p2a: Frosmoth|spe|1
|
|-heal|p2a: Frosmoth|94/100|[from] item: Leftovers
|upkeep
|turn|7
|
|t:|1779703635
|move|p1a: Iron Crown|Calm Mind|p1a: Iron Crown
|-boost|p1a: Iron Crown|spa|1
|-boost|p1a: Iron Crown|spd|1
|move|p2a: Frosmoth|Quiver Dance|p2a: Frosmoth
|-boost|p2a: Frosmoth|spa|1
|-boost|p2a: Frosmoth|spd|1
|-boost|p2a: Frosmoth|spe|1
|
|-heal|p2a: Frosmoth|99/100|[from] item: Leftovers
|upkeep
|turn|8
|
|t:|1779703638
|move|p1a: Iron Crown|Stored Power|p2a: Frosmoth
|-end|p2a: Frosmoth|Substitute
|move|p2a: Frosmoth|Bug Buzz|p1a: Iron Crown
|-damage|p1a: Iron Crown|41/100
|
|-heal|p2a: Frosmoth|100/100|[from] item: Leftovers
|upkeep
|turn|9
|
|t:|1779703643
|move|p1a: Iron Crown|Stored Power|p2a: Frosmoth
|-damage|p2a: Frosmoth|36/100
|move|p2a: Frosmoth|Bug Buzz|p1a: Iron Crown
|-damage|p1a: Iron Crown|0 fnt
|faint|p1a: Iron Crown
|-end|p1a: Iron Crown|Quark Drive|[silent]
|
|-heal|p2a: Frosmoth|42/100|[from] item: Leftovers
|upkeep
|-message|JacquesDeAlderberg forfeited.
|
|win|eros maniac
|raw|JacquesDeAlderberg's rating: 1671 &rarr; <strong>1658</strong><br />(-13 for losing)
|raw|eros maniac's rating: 1807 &rarr; <strong>1820</strong><br />(+13 for winning)
|l|☆JacquesDeAlderberg
|player|p1|
|c|☆eros maniac|Bruh
|c|☆eros maniac|Gg
|l| notapokemonmaster
|l|☆eros maniac
|player|p2|
