|j|☆WalleyAdams
|j|☆WalkingPotato69
|t:|1779570481
|gametype|singles
|player|p1|WalleyAdams|musician|1114
|player|p2|WalkingPotato69|hiker-gen4|1176
|gen|9
|tier|[Gen 9] OU
|rated|
|rule|HP Percentage Mod: HP is shown in percentages
|rule|Endless Battle Clause: Forcing endless battles is banned
|rule|Species Clause: Limit one of each Pokémon
|rule|OHKO Clause: OHKO moves are banned
|rule|Evasion Items Clause: Evasion items are banned
|rule|Evasion Moves Clause: Evasion moves are banned
|rule|Evasion Abilities Clause: Evasion abilities are banned
|rule|Sleep Moves Clause: Sleep-inducing moves are banned
|clearpoke
|poke|p1|Oinkologne-F, F|
|poke|p1|Kommo-o, M|
|poke|p1|Ogerpon, F|
|poke|p1|Darkrai|
|poke|p1|Regieleki|
|poke|p1|Necrozma|
|poke|p2|Gholdengo|
|poke|p2|Glimmora, M|
|poke|p2|Zamazenta-*|
|poke|p2|Grimmsnarl, M|
|poke|p2|Polteageist|
|poke|p2|Ogerpon-Wellspring, F|
|teampreview
|inactive|Battle timer is ON: inactive players will automatically lose when time's up. (requested by WalkingPotato69)
|
|t:|1779570505
|teamsize|p1|6
|teamsize|p2|6
|start
|switch|p1a: Necrozma|Necrozma|100/100
|switch|p2a: Glimmora|Glimmora, M, shiny|100/100
|turn|1
|
|t:|1779570525
|-terastallize|p2a: Glimmora|Ghost
|move|p1a: Necrozma|Dragon Dance|p1a: Necrozma
|-boost|p1a: Necrozma|atk|1
|-boost|p1a: Necrozma|spe|1
|move|p2a: Glimmora|Stealth Rock|p1a: Necrozma
|-sidestart|p1: WalleyAdams|move: Stealth Rock
|
|upkeep
|turn|2
|
|t:|1779570538
|move|p1a: Necrozma|Knock Off|p2a: Glimmora
|-supereffective|p2a: Glimmora
|-damage|p2a: Glimmora|34/100
|-activate|p2a: Glimmora|ability: Toxic Debris
|-sidestart|p1: WalleyAdams|move: Toxic Spikes
|-enditem|p2a: Glimmora|Red Card|[from] move: Knock Off|[of] p1a: Necrozma
|move|p2a: Glimmora|Spikes|p1a: Necrozma
|-sidestart|p1: WalleyAdams|Spikes
|
|upkeep
|turn|3
|
|t:|1779570552
|move|p1a: Necrozma|Photon Geyser|p2a: Glimmora
|-damage|p2a: Glimmora|0 fnt
|-activate|p2a: Glimmora|ability: Toxic Debris
|-sidestart|p1: WalleyAdams|move: Toxic Spikes
|faint|p2a: Glimmora
|
|upkeep
|
|t:|1779570565
|switch|p2a: Grimmsnarl|Grimmsnarl, M, shiny|100/100
|turn|4
|
|t:|1779570571
|move|p2a: Grimmsnarl|Taunt|p1a: Necrozma
|-start|p1a: Necrozma|move: Taunt
|move|p1a: Necrozma|X-Scissor|p2a: Grimmsnarl
|-damage|p2a: Grimmsnarl|58/100
|
|upkeep
|turn|5
|
|t:|1779570583
|move|p2a: Grimmsnarl|Light Screen|p2a: Grimmsnarl
|-sidestart|p2: WalkingPotato69|move: Light Screen
|move|p1a: Necrozma|X-Scissor|p2a: Grimmsnarl
|-damage|p2a: Grimmsnarl|14/100
|
|upkeep
|turn|6
|
|t:|1779570587
|move|p2a: Grimmsnarl|Reflect|p2a: Grimmsnarl
|-sidestart|p2: WalkingPotato69|Reflect
|move|p1a: Necrozma|X-Scissor|p2a: Grimmsnarl
|-damage|p2a: Grimmsnarl|0 fnt
|faint|p2a: Grimmsnarl
|
|-end|p1a: Necrozma|move: Taunt
|upkeep
|
|t:|1779570591
|switch|p2a: Polteageist|Polteageist, shiny|100/100
|turn|7
|
|t:|1779570606
|move|p1a: Necrozma|Knock Off|p2a: Polteageist
|-supereffective|p2a: Polteageist
|-damage|p2a: Polteageist|39/100
|-enditem|p2a: Polteageist|White Herb|[from] move: Knock Off|[of] p1a: Necrozma
|move|p2a: Polteageist|Shell Smash|p2a: Polteageist
|-unboost|p2a: Polteageist|def|1
|-unboost|p2a: Polteageist|spd|1
|-boost|p2a: Polteageist|atk|2
|-boost|p2a: Polteageist|spa|2
|-boost|p2a: Polteageist|spe|2
|
|upkeep
|turn|8
|
|t:|1779570615
|move|p2a: Polteageist|Shadow Ball|p1a: Necrozma
|-supereffective|p1a: Necrozma
|-damage|p1a: Necrozma|0 fnt
|faint|p1a: Necrozma
|
|upkeep
|
|t:|1779570628
|switch|p1a: Regieleki|Regieleki|100/100
|-damage|p1a: Regieleki|88/100|[from] Stealth Rock
|-item|p1a: Regieleki|Air Balloon
|turn|9
|
|t:|1779570639
|move|p1a: Regieleki|Supercell Slam|p2a: Polteageist|[miss]
|-miss|p1a: Regieleki|p2a: Polteageist
|-damage|p1a: Regieleki|38/100|[from] supercellslam
|move|p2a: Polteageist|Strength Sap|p1a: Regieleki
|-unboost|p1a: Regieleki|atk|1
|-heal|p2a: Polteageist|100/100
|
|upkeep
|turn|10
|
|t:|1779570643
|move|p1a: Regieleki|Supercell Slam|p2a: Polteageist
|-damage|p2a: Polteageist|44/100
|-start|p1a: Regieleki|Disable|Supercell Slam|[from] ability: Cursed Body|[of] p2a: Polteageist
|move|p2a: Polteageist|Stored Power|p1a: Regieleki
|-damage|p1a: Regieleki|0 fnt
|-enditem|p1a: Regieleki|Air Balloon
|faint|p1a: Regieleki
|
|upkeep
|
|t:|1779570648
|switch|p1a: Darkrai|Darkrai|100/100
|-damage|p1a: Darkrai|88/100|[from] Stealth Rock
|-status|p1a: Darkrai|tox
|-damage|p1a: Darkrai|76/100 tox|[from] Spikes
|turn|11
|
|t:|1779570652
|move|p1a: Darkrai|Trick|p2a: Polteageist
|-activate|p1a: Darkrai|move: Trick|[of] p2a: Polteageist
|-item|p2a: Polteageist|Choice Scarf|[from] move: Trick
|-enditem|p1a: Darkrai|Choice Scarf|[silent]|[from] move: Trick
|move|p2a: Polteageist|Strength Sap|p1a: Darkrai
|-unboost|p1a: Darkrai|atk|1
|-heal|p2a: Polteageist|100/100
|
|-damage|p1a: Darkrai|70/100 tox|[from] psn
|upkeep
|turn|12
|
|t:|1779570669
|move|p2a: Polteageist|Strength Sap|p1a: Darkrai
|-unboost|p1a: Darkrai|atk|1
|move|p1a: Darkrai|Nasty Plot|p1a: Darkrai
|-boost|p1a: Darkrai|spa|2
|
|-damage|p1a: Darkrai|57/100 tox|[from] psn
|-sideend|p2: WalkingPotato69|move: Light Screen
|upkeep
|turn|13
|
|t:|1779570691
|switch|p2a: Ogerpon|Ogerpon-Wellspring, F|100/100
|move|p1a: Darkrai|Psyshock|p2a: Ogerpon
|-damage|p2a: Ogerpon|31/100
|
|-damage|p1a: Darkrai|39/100 tox|[from] psn
|-sideend|p2: WalkingPotato69|Reflect
|upkeep
|turn|14
|
|t:|1779570700
|move|p1a: Darkrai|Dark Pulse|p2a: Ogerpon
|-damage|p2a: Ogerpon|0 fnt
|faint|p2a: Ogerpon
|
|-damage|p1a: Darkrai|15/100 tox|[from] psn
|upkeep
|
|t:|1779570706
|switch|p2a: Zamazenta|Zamazenta, shiny|100/100
|-ability|p2a: Zamazenta|Dauntless Shield|boost
|-boost|p2a: Zamazenta|def|1
|turn|15
|
|t:|1779570723
|move|p2a: Zamazenta|Iron Defense|p2a: Zamazenta
|-boost|p2a: Zamazenta|def|2
|move|p1a: Darkrai|Psyshock|p2a: Zamazenta
|-supereffective|p2a: Zamazenta
|-damage|p2a: Zamazenta|65/100
|
|-heal|p2a: Zamazenta|72/100|[from] item: Leftovers
|-damage|p1a: Darkrai|0 fnt|[from] psn
|faint|p1a: Darkrai
|upkeep
|
|t:|1779570737
|switch|p1a: Oinkologne|Oinkologne-F, F|100/100
|-damage|p1a: Oinkologne|88/100|[from] Stealth Rock
|-status|p1a: Oinkologne|tox
|-damage|p1a: Oinkologne|76/100 tox|[from] Spikes
|turn|16
|
|t:|1779570742
|move|p2a: Zamazenta|Substitute|p2a: Zamazenta
|-start|p2a: Zamazenta|Substitute
|-damage|p2a: Zamazenta|47/100
|move|p1a: Oinkologne|Stuff Cheeks|p1a: Oinkologne
|-boost|p1a: Oinkologne|def|2
|-enditem|p1a: Oinkologne|Liechi Berry|[eat]
|-boost|p1a: Oinkologne|atk|1|[from] item: Liechi Berry
|
|-heal|p2a: Zamazenta|53/100|[from] item: Leftovers
|-damage|p1a: Oinkologne|69/100 tox|[from] psn
|upkeep
|turn|17
|
|t:|1779570748
|move|p2a: Zamazenta|Iron Defense|p2a: Zamazenta
|-boost|p2a: Zamazenta|def|2
|move|p1a: Oinkologne|Play Rough|p2a: Zamazenta
|-supereffective|p2a: Zamazenta
|-activate|p2a: Zamazenta|move: Substitute|[damage]
|
|-heal|p2a: Zamazenta|59/100|[from] item: Leftovers
|-damage|p1a: Oinkologne|57/100 tox|[from] psn
|upkeep
|turn|18
|-message|WalleyAdams forfeited.
|
|win|WalkingPotato69
|raw|WalleyAdams's rating: 1114 &rarr; <strong>1093</strong><br />(-21 for losing)
|raw|WalkingPotato69's rating: 1176 &rarr; <strong>1197</strong><br />(+21 for winning)
|l|☆WalleyAdams
|player|p1|
|l|☆WalkingPotato69
|player|p2|
