|j|☆eros maniac
|j|☆Johnny tots
|t:|1779612177
|gametype|singles
|player|p1|eros maniac|hilbert-wonderlauncher|1713
|player|p2|Johnny tots|102|1717
|gen|9
|tier|[Gen 9] OU
|rated|
|rule|HP Percentage Mod: HP is shown in percentages
|rule|Endless Battle Clause: Forcing endless battles is banned
|rule|Species Clause: Limit one of each Pokémon
|rule|OHKO Clause: OHKO moves are banned
|rule|Evasion Items Clause: Evasion items are banned
|rule|Evasion Moves Clause: Evasion moves are banned
|rule|Evasion Abilities Clause: Evasion abilities are banned
|rule|Sleep Moves Clause: Sleep-inducing moves are banned
|clearpoke
|poke|p1|Frosmoth, F|
|poke|p1|Maushold-Four|
|poke|p1|Okidogi, M|
|poke|p1|Sinistcha|
|poke|p1|Alomomola, M|
|poke|p1|Weezing-Galar, M|
|poke|p2|Klefki, M|
|poke|p2|Manaphy|
|poke|p2|Kyurem|
|poke|p2|Cinderace, M|
|poke|p2|Iron Valiant|
|poke|p2|Clefable, M|
|teampreview
|inactive|Battle timer is ON: inactive players will automatically lose when time's up. (requested by eros maniac)
|
|t:|1779612196
|teamsize|p1|6
|teamsize|p2|6
|start
|switch|p1a: Okidogi|Okidogi, M|100/100
|switch|p2a: Klefki|Klefki, M|100/100
|turn|1
|
|t:|1779612211
|move|p2a: Klefki|Thunder Wave|p1a: Okidogi
|-status|p1a: Okidogi|par
|move|p1a: Okidogi|Knock Off|p2a: Klefki
|-resisted|p2a: Klefki
|-damage|p2a: Klefki|77/100
|-enditem|p2a: Klefki|Light Clay|[from] move: Knock Off|[of] p1a: Okidogi
|
|upkeep
|turn|2
|
|t:|1779612219
|switch|p1a: Alomomola|Alomomola, M, shiny|100/100
|move|p2a: Klefki|Spikes|p1a: Alomomola
|-sidestart|p1: eros maniac|Spikes
|
|upkeep
|turn|3
|
|t:|1779612221
|move|p2a: Klefki|Thunder Wave|p1a: Alomomola
|-status|p1a: Alomomola|par
|cant|p1a: Alomomola|par
|
|upkeep
|turn|4
|
|t:|1779612227
|move|p2a: Klefki|Light Screen|p2a: Klefki
|-sidestart|p2: Johnny tots|move: Light Screen
|move|p1a: Alomomola|Flip Turn|p2a: Klefki
|-damage|p2a: Klefki|64/100
|
|t:|1779612229
|switch|p1a: Weezing|Weezing-Galar, M|100/100|[from] Flip Turn
|-ability|p1a: Weezing|Neutralizing Gas
|-damage|p1a: Weezing|88/100|[from] Spikes
|
|upkeep
|turn|5
|
|t:|1779612231
|move|p1a: Weezing|Defog|p2a: Klefki
|-unboost|p2a: Klefki|evasion|1
|-sideend|p2: Johnny tots|move: Light Screen
|-sideend|p1: eros maniac|Spikes|[from] move: Defog|[of] p1a: Weezing
|move|p2a: Klefki|Thunder Wave|p1a: Weezing
|-status|p1a: Weezing|par
|
|upkeep
|turn|6
|
|t:|1779612234
|move|p2a: Klefki|Spikes|p1a: Weezing
|-sidestart|p1: eros maniac|Spikes
|cant|p1a: Weezing|par
|
|upkeep
|turn|7
|
|t:|1779612245
|switch|p2a: Cinderace|Cinderace, M|100/100
|cant|p1a: Weezing|par
|
|upkeep
|turn|8
|
|t:|1779612248
|move|p2a: Cinderace|Swords Dance|p2a: Cinderace
|-boost|p2a: Cinderace|atk|2
|cant|p1a: Weezing|par
|
|upkeep
|turn|9
|
|t:|1779612250
|move|p2a: Cinderace|Pyro Ball|p1a: Weezing
|-damage|p1a: Weezing|0 fnt
|faint|p1a: Weezing
|-end|p1a: Weezing|ability: Neutralizing Gas
|
|upkeep
|
|t:|1779612254
|switch|p1a: Alomomola|Alomomola, M, shiny|100/100 par
|-damage|p1a: Alomomola|88/100 par|[from] Spikes
|turn|10
|
|t:|1779612257
|switch|p2a: Klefki|Klefki, M|64/100
|move|p1a: Alomomola|Flip Turn|p2a: Klefki
|-damage|p2a: Klefki|51/100
|
|t:|1779612260
|switch|p1a: Okidogi|Okidogi, M|100/100 par|[from] Flip Turn
|-damage|p1a: Okidogi|88/100 par|[from] Spikes
|
|upkeep
|turn|11
|
|t:|1779612264
|move|p2a: Klefki|Reflect|p2a: Klefki
|-sidestart|p2: Johnny tots|Reflect
|move|p1a: Okidogi|High Horsepower|p2a: Klefki
|-supereffective|p2a: Klefki
|-damage|p2a: Klefki|3/100
|
|upkeep
|turn|12
|
|t:|1779612271
|move|p2a: Klefki|Light Screen|p2a: Klefki
|-sidestart|p2: Johnny tots|move: Light Screen
|move|p1a: Okidogi|High Horsepower|p2a: Klefki
|-supereffective|p2a: Klefki
|-damage|p2a: Klefki|0 fnt
|faint|p2a: Klefki
|
|upkeep
|
|t:|1779612274
|switch|p2a: Kyurem|Kyurem|100/100
|-ability|p2a: Kyurem|Pressure
|turn|13
|
|t:|1779612277
|move|p2a: Kyurem|Dragon Dance|p2a: Kyurem
|-boost|p2a: Kyurem|atk|1
|-boost|p2a: Kyurem|spe|1
|cant|p1a: Okidogi|par
|
|upkeep
|turn|14
|
|t:|1779612282
|move|p2a: Kyurem|Icicle Spear|p1a: Okidogi
|-damage|p1a: Okidogi|70/100 par
|-damage|p1a: Okidogi|54/100 par
|-damage|p1a: Okidogi|37/100 par
|-damage|p1a: Okidogi|20/100 par
|-hitcount|p1a: Okidogi|4
|move|p1a: Okidogi|High Horsepower|p2a: Kyurem
|-damage|p2a: Kyurem|75/100
|
|upkeep
|turn|15
|
|t:|1779612288
|move|p2a: Kyurem|Dragon Dance|p2a: Kyurem
|-boost|p2a: Kyurem|atk|1
|-boost|p2a: Kyurem|spe|1
|cant|p1a: Okidogi|par
|
|-sideend|p2: Johnny tots|Reflect
|upkeep
|turn|16
|-message|eros maniac forfeited.
|
|win|Johnny tots
|raw|eros maniac's rating: 1713 &rarr; <strong>1693</strong><br />(-20 for losing)
|raw|Johnny tots's rating: 1717 &rarr; <strong>1737</strong><br />(+20 for winning)
|l|☆eros maniac
|player|p1|
|l|☆Johnny tots
|player|p2|
