|j|☆suminkwak249
|j|☆Mr Tpen
|t:|1779628276
|gametype|singles
|player|p1|suminkwak249|1|1583
|player|p2|Mr Tpen|102|1573
|gen|9
|tier|[Gen 9] OU
|rated|
|rule|HP Percentage Mod: HP is shown in percentages
|rule|Endless Battle Clause: Forcing endless battles is banned
|rule|Species Clause: Limit one of each Pokémon
|rule|OHKO Clause: OHKO moves are banned
|rule|Evasion Items Clause: Evasion items are banned
|rule|Evasion Moves Clause: Evasion moves are banned
|rule|Evasion Abilities Clause: Evasion abilities are banned
|rule|Sleep Moves Clause: Sleep-inducing moves are banned
|clearpoke
|poke|p1|Hoopa-Unbound|
|poke|p1|Ursaluna, F|
|poke|p1|Hatterene, F|
|poke|p1|Cresselia, F|
|poke|p1|Iron Hands|
|poke|p1|Kingambit, M|
|poke|p2|Kyurem|
|poke|p2|Hatterene, F|
|poke|p2|Darkrai|
|poke|p2|Great Tusk|
|poke|p2|Dragonite, F|
|poke|p2|Gholdengo|
|teampreview
|j| darkrat18
|inactive|Battle timer is ON: inactive players will automatically lose when time's up. (requested by Mr Tpen)
|
|t:|1779628296
|teamsize|p1|6
|teamsize|p2|6
|start
|switch|p1a: Hatterene|Hatterene, F|100/100
|switch|p2a: Darkrai|Darkrai|100/100
|turn|1
|
|t:|1779628299
|move|p2a: Darkrai|Trick|p1a: Hatterene
|-activate|p2a: Darkrai|move: Trick|[of] p1a: Hatterene
|-item|p1a: Hatterene|Choice Scarf|[from] move: Trick
|-item|p2a: Darkrai|Focus Sash|[from] move: Trick
|move|p1a: Hatterene|Trick Room|p1a: Hatterene
|-fieldstart|move: Trick Room|[of] p1a: Hatterene
|
|upkeep
|turn|2
|
|t:|1779628308
|switch|p1a: Iron Hands|Iron Hands|100/100
|-enditem|p1a: Iron Hands|Booster Energy
|-activate|p1a: Iron Hands|ability: Quark Drive|[fromitem]
|-start|p1a: Iron Hands|quarkdriveatk
|move|p2a: Darkrai|Will-O-Wisp|p1a: Iron Hands
|-status|p1a: Iron Hands|brn
|
|-damage|p1a: Iron Hands|94/100 brn|[from] brn
|upkeep
|turn|3
|j| dr6ke
|
|t:|1779628319
|move|p1a: Iron Hands|Swords Dance|p1a: Iron Hands
|-boost|p1a: Iron Hands|atk|2
|move|p2a: Darkrai|Ice Beam|p1a: Iron Hands
|-damage|p1a: Iron Hands|63/100 brn
|
|-damage|p1a: Iron Hands|57/100 brn|[from] brn
|upkeep
|turn|4
|
|t:|1779628325
|switch|p2a: Gholdengo|Gholdengo|100/100
|move|p1a: Iron Hands|Drain Punch|p2a: Gholdengo
|-immune|p2a: Gholdengo
|
|-damage|p1a: Iron Hands|51/100 brn|[from] brn
|upkeep
|turn|5
|
|t:|1779628330
|switch|p2a: Great Tusk|Great Tusk|100/100
|move|p1a: Iron Hands|Wild Charge|p2a: Great Tusk
|-immune|p2a: Great Tusk
|
|-damage|p1a: Iron Hands|44/100 brn|[from] brn
|-fieldend|move: Trick Room
|upkeep
|turn|6
|
|t:|1779628335
|move|p2a: Great Tusk|Headlong Rush|p1a: Iron Hands
|-supereffective|p1a: Iron Hands
|-damage|p1a: Iron Hands|0 fnt
|-unboost|p2a: Great Tusk|def|1
|-unboost|p2a: Great Tusk|spd|1
|faint|p1a: Iron Hands
|-end|p1a: Iron Hands|Quark Drive|[silent]
|
|upkeep
|
|t:|1779628339
|switch|p1a: Hoopa|Hoopa-Unbound|100/100
|turn|7
|
|t:|1779628342
|move|p2a: Great Tusk|Headlong Rush|p1a: Hoopa
|-damage|p1a: Hoopa|24/100
|-unboost|p2a: Great Tusk|def|1
|-unboost|p2a: Great Tusk|spd|1
|move|p1a: Hoopa|Trick Room|p1a: Hoopa
|-fieldstart|move: Trick Room|[of] p1a: Hoopa
|
|upkeep
|turn|8
|
|t:|1779628346
|-end|p2a: Great Tusk|Protosynthesis|[silent]
|switch|p2a: Darkrai|Darkrai|100/100
|move|p1a: Hoopa|Drain Punch|p2a: Darkrai
|-supereffective|p2a: Darkrai
|-damage|p2a: Darkrai|19/100
|-heal|p1a: Hoopa|56/100|[from] drain|[of] p2a: Darkrai
|
|upkeep
|turn|9
|
|t:|1779628352
|move|p1a: Hoopa|Hyperspace Fury|p2a: Darkrai
|-resisted|p2a: Darkrai
|-damage|p2a: Darkrai|0 fnt
|-unboost|p1a: Hoopa|def|1
|faint|p2a: Darkrai
|-enditem|p1a: Hoopa|Eject Pack
|
|t:|1779628355
|switch|p1a: Ursaluna|Ursaluna, F|100/100
|
|-status|p1a: Ursaluna|brn|[from] item: Flame Orb
|upkeep
|
|t:|1779628360
|switch|p2a: Great Tusk|Great Tusk|100/100
|turn|10
|
|t:|1779628364
|move|p1a: Ursaluna|Swords Dance|p1a: Ursaluna
|-boost|p1a: Ursaluna|atk|2
|move|p2a: Great Tusk|Ice Spinner|p1a: Ursaluna
|-supereffective|p1a: Ursaluna
|-damage|p1a: Ursaluna|67/100 brn
|
|-damage|p1a: Ursaluna|61/100 brn|[from] brn
|upkeep
|turn|11
|
|t:|1779628369
|move|p1a: Ursaluna|Headlong Rush|p2a: Great Tusk
|-damage|p2a: Great Tusk|0 fnt
|-unboost|p1a: Ursaluna|def|1
|-unboost|p1a: Ursaluna|spd|1
|faint|p2a: Great Tusk
|-end|p2a: Great Tusk|Protosynthesis|[silent]
|
|-damage|p1a: Ursaluna|55/100 brn|[from] brn
|-fieldend|move: Trick Room
|upkeep
|
|t:|1779628373
|switch|p2a: Kyurem|Kyurem|100/100
|-ability|p2a: Kyurem|Pressure
|turn|12
|
|t:|1779628376
|switch|p1a: Hatterene|Hatterene, F|100/100
|move|p2a: Kyurem|Ice Beam|p1a: Hatterene
|-damage|p1a: Hatterene|52/100
|
|upkeep
|turn|13
|
|t:|1779628379
|move|p2a: Kyurem|Ice Beam|p1a: Hatterene
|-damage|p1a: Hatterene|2/100
|move|p1a: Hatterene|Healing Wish|p1a: Hatterene
|faint|p1a: Hatterene
|
|upkeep
|
|t:|1779628382
|switch|p1a: Cresselia|Cresselia, F|100/100
|turn|14
|
|t:|1779628386
|move|p2a: Kyurem|Ice Beam|p1a: Cresselia
|-damage|p1a: Cresselia|74/100
|move|p1a: Cresselia|Trick Room|p1a: Cresselia
|-fieldstart|move: Trick Room|[of] p1a: Cresselia
|
|upkeep
|turn|15
|
|t:|1779628389
|switch|p1a: Kingambit|Kingambit, M|100/100
|-activate|p1a: Kingambit|ability: Supreme Overlord
|-start|p1a: Kingambit|fallen2|[silent]
|move|p2a: Kyurem|Ice Beam|p1a: Kingambit
|-resisted|p1a: Kingambit
|-damage|p1a: Kingambit|76/100
|
|-heal|p1a: Kingambit|82/100|[from] item: Leftovers
|upkeep
|turn|16
|
|t:|1779628396
|-terastallize|p1a: Kingambit|Flying
|move|p1a: Kingambit|Swords Dance|p1a: Kingambit
|-boost|p1a: Kingambit|atk|2
|move|p2a: Kyurem|Body Press|p1a: Kingambit
|-resisted|p1a: Kingambit
|-damage|p1a: Kingambit|75/100
|
|-heal|p1a: Kingambit|81/100|[from] item: Leftovers
|upkeep
|turn|17
|
|t:|1779628406
|-terastallize|p2a: Kyurem|Poison
|move|p1a: Kingambit|Iron Head|p2a: Kyurem
|-damage|p2a: Kyurem|13/100
|move|p2a: Kyurem|Ice Beam|p1a: Kingambit
|-supereffective|p1a: Kingambit
|-damage|p1a: Kingambit|0 fnt
|faint|p1a: Kingambit
|-end|p1a: Kingambit|fallen2|[silent]
|
|upkeep
|
|t:|1779628413
|switch|p1a: Ursaluna|Ursaluna, F|55/100 brn
|-heal|p1a: Ursaluna|100/100|[from] move: Healing Wish
|turn|18
|
|t:|1779628419
|switch|p2a: Gholdengo|Gholdengo|100/100
|move|p1a: Ursaluna|Fire Punch|p2a: Gholdengo
|-supereffective|p2a: Gholdengo
|-damage|p2a: Gholdengo|41/100
|
|-fieldend|move: Trick Room
|-status|p1a: Ursaluna|brn|[from] item: Flame Orb
|upkeep
|turn|19
|
|t:|1779628425
|move|p2a: Gholdengo|Nasty Plot|p2a: Gholdengo
|-boost|p2a: Gholdengo|spa|2
|move|p1a: Ursaluna|Fire Punch|p2a: Gholdengo
|-supereffective|p2a: Gholdengo
|-damage|p2a: Gholdengo|0 fnt
|faint|p2a: Gholdengo
|
|-damage|p1a: Ursaluna|94/100 brn|[from] brn
|upkeep
|
|t:|1779628429
|switch|p2a: Kyurem|Kyurem, tera:Poison|13/100
|-ability|p2a: Kyurem|Pressure
|turn|20
|
|t:|1779628433
|switch|p1a: Hoopa|Hoopa-Unbound|56/100
|move|p2a: Kyurem|Ice Beam|p1a: Hoopa
|-damage|p1a: Hoopa|19/100
|
|upkeep
|turn|21
|
|t:|1779628435
|move|p2a: Kyurem|Ice Beam|p1a: Hoopa
|-damage|p1a: Hoopa|0 fnt
|faint|p1a: Hoopa
|
|upkeep
|
|t:|1779628436
|switch|p1a: Cresselia|Cresselia, F|74/100
|turn|22
|
|t:|1779628440
|move|p2a: Kyurem|Ice Beam|p1a: Cresselia
|-damage|p1a: Cresselia|49/100
|move|p1a: Cresselia|Trick Room|p1a: Cresselia
|-fieldstart|move: Trick Room|[of] p1a: Cresselia
|
|upkeep
|turn|23
|
|t:|1779628445
|move|p1a: Cresselia|Lunar Dance|p1a: Cresselia
|faint|p1a: Cresselia
|move|p2a: Kyurem|Ice Beam|p1: Cresselia|[notarget]
|-fail|p2a: Kyurem
|
|upkeep
|
|t:|1779628447
|switch|p1a: Ursaluna|Ursaluna, F|94/100 brn
|-heal|p1a: Ursaluna|100/100|[from] move: Lunar Dance
|turn|24
|
|t:|1779628450
|move|p1a: Ursaluna|Facade|p2a: Kyurem
|-damage|p2a: Kyurem|0 fnt
|faint|p2a: Kyurem
|
|-status|p1a: Ursaluna|brn|[from] item: Flame Orb
|upkeep
|
|t:|1779628452
|switch|p2a: Hatterene|Hatterene, F|100/100
|turn|25
|
|t:|1779628460
|move|p1a: Ursaluna|Swords Dance|p1a: Ursaluna
|-boost|p1a: Ursaluna|atk|2
|move|p2a: Hatterene|Draining Kiss|p1a: Ursaluna
|-damage|p1a: Ursaluna|82/100 brn
|
|-damage|p1a: Ursaluna|75/100 brn|[from] brn
|upkeep
|turn|26
|
|t:|1779628469
|switch|p2a: Dragonite|Dragonite, F|100/100
|move|p1a: Ursaluna|Facade|p2a: Dragonite
|-damage|p2a: Dragonite|0 fnt
|faint|p2a: Dragonite
|
|-damage|p1a: Ursaluna|69/100 brn|[from] brn
|-fieldend|move: Trick Room
|upkeep
|
|t:|1779628472
|switch|p2a: Hatterene|Hatterene, F|100/100
|turn|27
|
|t:|1779628480
|move|p2a: Hatterene|Psychic Noise|p1a: Ursaluna
|-damage|p1a: Ursaluna|38/100 brn
|-start|p1a: Ursaluna|move: Heal Block
|move|p1a: Ursaluna|Headlong Rush|p2a: Hatterene
|-damage|p2a: Hatterene|0 fnt
|-unboost|p1a: Ursaluna|def|1
|-unboost|p1a: Ursaluna|spd|1
|-damage|p1a: Ursaluna|21/100 brn|[from] item: Rocky Helmet|[of] p2a: Hatterene
|faint|p2a: Hatterene
|
|win|suminkwak249
|raw|suminkwak249's rating: 1583 &rarr; <strong>1602</strong><br />(+19 for winning)
|raw|Mr Tpen's rating: 1573 &rarr; <strong>1554</strong><br />(-19 for losing)
|l|☆Mr Tpen
|player|p2|
|l|☆suminkwak249
|player|p1|
|l| dr6ke
