|j|☆ChillLanturnYT
|j|☆Samarian
|t:|1779624223
|gametype|singles
|player|p1|ChillLanturnYT|palmer|1354
|player|p2|Samarian|2|1321
|gen|9
|tier|[Gen 9] OU
|rated|
|rule|HP Percentage Mod: HP is shown in percentages
|rule|Endless Battle Clause: Forcing endless battles is banned
|rule|Species Clause: Limit one of each Pokémon
|rule|OHKO Clause: OHKO moves are banned
|rule|Evasion Items Clause: Evasion items are banned
|rule|Evasion Moves Clause: Evasion moves are banned
|rule|Evasion Abilities Clause: Evasion abilities are banned
|rule|Sleep Moves Clause: Sleep-inducing moves are banned
|clearpoke
|poke|p1|Exeggutor, F|
|poke|p1|Dragonite, F|
|poke|p1|Samurott-Hisui, M|
|poke|p1|Jirachi|
|poke|p1|Iron Treads|
|poke|p1|Raging Bolt|
|poke|p2|Dragonite, F|
|poke|p2|Quaquaval, F|
|poke|p2|Clefable, F|
|poke|p2|Gliscor, M|
|poke|p2|Gholdengo|
|poke|p2|Zamazenta-*|
|teampreview
|inactive|Battle timer is ON: inactive players will automatically lose when time's up. (requested by ChillLanturnYT)
|
|t:|1779624225
|teamsize|p1|6
|teamsize|p2|6
|start
|switch|p1a: Exeggutor|Exeggutor, F|100/100
|switch|p2a: Clefable|Clefable, F|100/100
|turn|1
|
|t:|1779624230
|move|p1a: Exeggutor|Substitute|p1a: Exeggutor
|-start|p1a: Exeggutor|Substitute
|-damage|p1a: Exeggutor|75/100
|move|p2a: Clefable|Knock Off|p1a: Exeggutor
|-supereffective|p1a: Exeggutor
|-end|p1a: Exeggutor|Substitute
|
|upkeep
|turn|2
|
|t:|1779624236
|move|p1a: Exeggutor|Substitute|p1a: Exeggutor
|-start|p1a: Exeggutor|Substitute
|-damage|p1a: Exeggutor|50/100
|move|p2a: Clefable|Knock Off|p1a: Exeggutor
|-supereffective|p1a: Exeggutor
|-end|p1a: Exeggutor|Substitute
|
|upkeep
|turn|3
|
|t:|1779624241
|-terastallize|p1a: Exeggutor|Fairy
|move|p1a: Exeggutor|Substitute|p1a: Exeggutor
|-start|p1a: Exeggutor|Substitute
|-damage|p1a: Exeggutor|25/100
|-enditem|p1a: Exeggutor|Starf Berry|[eat]
|-boost|p1a: Exeggutor|atk|2|[from] item: Starf Berry
|move|p2a: Clefable|Knock Off|p1a: Exeggutor
|-resisted|p1a: Exeggutor
|-activate|p1a: Exeggutor|move: Substitute|[damage]
|
|-item|p1a: Exeggutor|Starf Berry|[from] ability: Harvest
|upkeep
|-enditem|p1a: Exeggutor|Starf Berry|[eat]
|-boost|p1a: Exeggutor|atk|2|[from] item: Starf Berry
|turn|4
|
|t:|1779624257
|move|p1a: Exeggutor|Stored Power|p2a: Clefable
|-damage|p2a: Clefable|53/100
|move|p2a: Clefable|Stealth Rock|p1a: Exeggutor
|-sidestart|p1: ChillLanturnYT|move: Stealth Rock
|
|-item|p1a: Exeggutor|Starf Berry|[from] ability: Harvest
|upkeep
|-enditem|p1a: Exeggutor|Starf Berry|[eat]
|-boost|p1a: Exeggutor|spa|2|[from] item: Starf Berry
|turn|5
|inactive|ChillLanturnYT has 120 seconds left.
|
|t:|1779624295
|move|p1a: Exeggutor|Stored Power|p2a: Clefable
|-damage|p2a: Clefable|0 fnt
|faint|p2a: Clefable
|
|-item|p1a: Exeggutor|Starf Berry|[from] ability: Harvest
|upkeep
|-enditem|p1a: Exeggutor|Starf Berry|[eat]
|-boost|p1a: Exeggutor|atk|2|[from] item: Starf Berry
|
|t:|1779624311
|switch|p2a: Gholdengo|Gholdengo|100/100
|turn|6
|inactive|ChillLanturnYT has 120 seconds left.
|
|t:|1779624318
|move|p2a: Gholdengo|Make It Rain|p1a: Exeggutor
|-supereffective|p1a: Exeggutor
|-end|p1a: Exeggutor|Substitute
|-unboost|p2a: Gholdengo|spa|1
|move|p1a: Exeggutor|Stored Power|p2a: Gholdengo
|-resisted|p2a: Gholdengo
|-damage|p2a: Gholdengo|0 fnt
|faint|p2a: Gholdengo
|
|upkeep
|
|t:|1779624337
|switch|p2a: Gliscor|Gliscor, M|100/100
|turn|7
|
|t:|1779624343
|move|p2a: Gliscor|Facade|p1a: Exeggutor
|-damage|p1a: Exeggutor|8/100
|move|p1a: Exeggutor|Giga Drain|p2a: Gliscor
|-damage|p2a: Gliscor|31/100
|-heal|p1a: Exeggutor|45/100|[from] drain|[of] p2a: Gliscor
|
|-status|p2a: Gliscor|tox|[from] item: Toxic Orb
|upkeep
|turn|8
|
|t:|1779624356
|move|p2a: Gliscor|Facade|p1a: Exeggutor
|-damage|p1a: Exeggutor|11/100
|move|p1a: Exeggutor|Giga Drain|p2a: Gliscor
|-damage|p2a: Gliscor|0 fnt
|-heal|p1a: Exeggutor|27/100|[from] drain|[of] p2a: Gliscor
|faint|p2a: Gliscor
|
|-item|p1a: Exeggutor|Starf Berry|[from] ability: Harvest
|upkeep
|
|t:|1779624369
|switch|p2a: Zamazenta|Zamazenta|100/100
|-ability|p2a: Zamazenta|Dauntless Shield|boost
|-boost|p2a: Zamazenta|def|1
|turn|9
|
|t:|1779624374
|move|p2a: Zamazenta|Crunch|p1a: Exeggutor
|-resisted|p1a: Exeggutor
|-damage|p1a: Exeggutor|13/100
|-unboost|p1a: Exeggutor|def|1
|-enditem|p1a: Exeggutor|Starf Berry|[eat]
|-boost|p1a: Exeggutor|spa|2|[from] item: Starf Berry
|move|p1a: Exeggutor|Stored Power|p2a: Zamazenta
|-supereffective|p2a: Zamazenta
|-damage|p2a: Zamazenta|0 fnt
|faint|p2a: Zamazenta
|
|upkeep
|
|t:|1779624384
|switch|p2a: Quaquaval|Quaquaval, F|100/100
|turn|10
|
|t:|1779624393
|switch|p1a: Raging Bolt|Raging Bolt|100/100
|-damage|p1a: Raging Bolt|88/100|[from] Stealth Rock
|move|p2a: Quaquaval|Aqua Step|p1a: Raging Bolt
|-resisted|p1a: Raging Bolt
|-damage|p1a: Raging Bolt|67/100
|-boost|p2a: Quaquaval|spe|1
|
|upkeep
|turn|11
|
|t:|1779624407
|-terastallize|p2a: Quaquaval|Steel
|move|p2a: Quaquaval|Close Combat|p1a: Raging Bolt
|-damage|p1a: Raging Bolt|8/100
|-unboost|p2a: Quaquaval|def|1
|-unboost|p2a: Quaquaval|spd|1
|move|p1a: Raging Bolt|Thunderbolt|p2a: Quaquaval
|-damage|p2a: Quaquaval|38/100
|
|upkeep
|turn|12
|
|t:|1779624424
|move|p2a: Quaquaval|Aqua Step|p1a: Raging Bolt
|-resisted|p1a: Raging Bolt
|-damage|p1a: Raging Bolt|0 fnt
|-boost|p2a: Quaquaval|spe|1
|faint|p1a: Raging Bolt
|-end|p1a: Raging Bolt|Protosynthesis|[silent]
|-ability|p2a: Quaquaval|Moxie|boost
|-boost|p2a: Quaquaval|atk|1
|
|upkeep
|
|t:|1779624432
|switch|p1a: Jirachi|Jirachi|100/100
|-damage|p1a: Jirachi|94/100|[from] Stealth Rock
|turn|13
|
|t:|1779624437
|move|p2a: Quaquaval|Knock Off|p1a: Jirachi
|-supereffective|p1a: Jirachi
|-damage|p1a: Jirachi|27/100
|-enditem|p1a: Jirachi|Leftovers|[from] move: Knock Off|[of] p2a: Quaquaval
|move|p1a: Jirachi|Charge Beam|p2a: Quaquaval
|-damage|p2a: Quaquaval|24/100
|-boost|p1a: Jirachi|spa|1
|
|upkeep
|turn|14
|
|t:|1779624445
|move|p2a: Quaquaval|Aqua Step|p1a: Jirachi
|-damage|p1a: Jirachi|0 fnt
|-boost|p2a: Quaquaval|spe|1
|faint|p1a: Jirachi
|-ability|p2a: Quaquaval|Moxie|boost
|-boost|p2a: Quaquaval|atk|1
|
|upkeep
|
|t:|1779624450
|switch|p1a: Samurott|Samurott-Hisui, M|100/100
|-damage|p1a: Samurott|88/100|[from] Stealth Rock
|turn|15
|
|t:|1779624454
|move|p2a: Quaquaval|Close Combat|p1a: Samurott
|-supereffective|p1a: Samurott
|-damage|p1a: Samurott|0 fnt
|-unboost|p2a: Quaquaval|def|1
|-unboost|p2a: Quaquaval|spd|1
|faint|p1a: Samurott
|-ability|p2a: Quaquaval|Moxie|boost
|-boost|p2a: Quaquaval|atk|1
|
|upkeep
|
|t:|1779624456
|switch|p1a: Dragonite|Dragonite, F|100/100
|-damage|p1a: Dragonite|76/100|[from] Stealth Rock
|turn|16
|
|t:|1779624470
|move|p2a: Quaquaval|Knock Off|p1a: Dragonite
|-damage|p1a: Dragonite|0 fnt
|-enditem|p1a: Dragonite|Leftovers|[from] move: Knock Off|[of] p2a: Quaquaval
|faint|p1a: Dragonite
|-ability|p2a: Quaquaval|Moxie|boost
|-boost|p2a: Quaquaval|atk|1
|
|upkeep
|-message|ChillLanturnYT forfeited.
|
|win|Samarian
|raw|ChillLanturnYT's rating: 1354 &rarr; <strong>1332</strong><br />(-22 for losing)
|raw|Samarian's rating: 1321 &rarr; <strong>1343</strong><br />(+22 for winning)
|l|☆ChillLanturnYT
|player|p1|
|l|☆Samarian
|player|p2|
