|j|☆Kxkxkkxx
|j|☆eljuako17
|t:|1779643412
|gametype|singles
|player|p1|Kxkxkkxx|266|1102
|player|p2|eljuako17|265|1079
|gen|9
|tier|[Gen 9] OU
|rated|
|rule|HP Percentage Mod: HP is shown in percentages
|rule|Endless Battle Clause: Forcing endless battles is banned
|rule|Species Clause: Limit one of each Pokémon
|rule|OHKO Clause: OHKO moves are banned
|rule|Evasion Items Clause: Evasion items are banned
|rule|Evasion Moves Clause: Evasion moves are banned
|rule|Evasion Abilities Clause: Evasion abilities are banned
|rule|Sleep Moves Clause: Sleep-inducing moves are banned
|clearpoke
|poke|p1|Kingdra, M|
|poke|p1|Pelipper, M|
|poke|p1|Masquerain, M|
|poke|p1|Dragonite, M|
|poke|p1|Kleavor, M|
|poke|p1|Iron Thorns|
|poke|p2|Smeargle, M|
|poke|p2|Moltres-Galar|
|poke|p2|Gholdengo|
|poke|p2|Samurott-Hisui, M|
|poke|p2|Zamazenta-*|
|poke|p2|Deoxys-Speed|
|teampreview
|
|t:|1779643430
|teamsize|p1|6
|teamsize|p2|6
|start
|switch|p1a: Masquerain|Masquerain, M|100/100
|switch|p2a: Samurott|Samurott-Hisui, M|100/100
|-ability|p1a: Masquerain|Intimidate|boost
|-unboost|p2a: Samurott|atk|1
|turn|1
|
|t:|1779643446
|move|p2a: Samurott|Ceaseless Edge|p1a: Masquerain
|-damage|p1a: Masquerain|45/100
|-sidestart|p1: Kxkxkkxx|Spikes
|move|p1a: Masquerain|Sticky Web|p2a: Samurott
|-sidestart|p2: eljuako17|move: Sticky Web
|
|upkeep
|turn|2
|
|t:|1779643455
|move|p2a: Samurott|Ceaseless Edge|p1a: Masquerain
|-damage|p1a: Masquerain|0 fnt
|-sidestart|p1: Kxkxkkxx|Spikes
|faint|p1a: Masquerain
|
|upkeep
|
|t:|1779643458
|switch|p1a: Pelipper|Pelipper, M|100/100
|-weather|RainDance|[from] ability: Drizzle|[of] p1a: Pelipper
|turn|3
|
|t:|1779643464
|move|p2a: Samurott|Knock Off|p1a: Pelipper
|-damage|p1a: Pelipper|60/100
|-enditem|p1a: Pelipper|Damp Rock|[from] move: Knock Off|[of] p2a: Samurott
|move|p1a: Pelipper|Knock Off|p2a: Samurott
|-resisted|p2a: Samurott
|-damage|p2a: Samurott|93/100
|-enditem|p2a: Samurott|Focus Sash|[from] move: Knock Off|[of] p1a: Pelipper
|
|-weather|RainDance|[upkeep]
|upkeep
|turn|4
|
|t:|1779643477
|move|p2a: Samurott|Ceaseless Edge|p1a: Pelipper
|-damage|p1a: Pelipper|23/100
|-sidestart|p1: Kxkxkkxx|Spikes
|move|p1a: Pelipper|Hurricane|p2a: Samurott
|-damage|p2a: Samurott|19/100
|
|-weather|RainDance|[upkeep]
|upkeep
|turn|5
|
|t:|1779643485
|move|p2a: Samurott|Ceaseless Edge|p1a: Pelipper
|-damage|p1a: Pelipper|0 fnt
|faint|p1a: Pelipper
|
|-weather|RainDance|[upkeep]
|upkeep
|
|t:|1779643495
|switch|p1a: Kleavor|Kleavor, M|100/100
|-damage|p1a: Kleavor|76/100|[from] Spikes
|turn|6
|
|t:|1779643508
|move|p1a: Kleavor|Fury Cutter|p2a: Samurott
|-supereffective|p2a: Samurott
|-damage|p2a: Samurott|0 fnt
|faint|p2a: Samurott
|
|-weather|RainDance|[upkeep]
|upkeep
|
|t:|1779643515
|switch|p2a: Gholdengo|Gholdengo|100/100
|-activate|p2a: Gholdengo|move: Sticky Web
|-unboost|p2a: Gholdengo|spe|1
|turn|7
|
|t:|1779643518
|move|p1a: Kleavor|Fury Cutter|p2a: Gholdengo
|-resisted|p2a: Gholdengo
|-damage|p2a: Gholdengo|82/100
|move|p2a: Gholdengo|Trick|p1a: Kleavor
|-activate|p2a: Gholdengo|move: Trick|[of] p1a: Kleavor
|-item|p1a: Kleavor|Choice Scarf|[from] move: Trick
|-item|p2a: Gholdengo|Choice Scarf|[from] move: Trick
|
|-weather|RainDance|[upkeep]
|upkeep
|turn|8
|
|t:|1779643527
|move|p1a: Kleavor|Fury Cutter|p2a: Gholdengo
|-resisted|p2a: Gholdengo
|-damage|p2a: Gholdengo|45/100
|move|p2a: Gholdengo|Make It Rain|p1a: Kleavor
|-supereffective|p1a: Kleavor
|-damage|p1a: Kleavor|0 fnt
|-unboost|p2a: Gholdengo|spa|1
|faint|p1a: Kleavor
|
|-weather|RainDance|[upkeep]
|upkeep
|inactive|Battle timer is ON: inactive players will automatically lose when time's up. (requested by eljuako17)
|
|t:|1779643539
|switch|p1a: Kingdra|Kingdra, M|100/100
|-damage|p1a: Kingdra|76/100|[from] Spikes
|turn|9
|
|t:|1779643546
|move|p1a: Kingdra|Muddy Water|p2a: Gholdengo
|-crit|p2a: Gholdengo
|-damage|p2a: Gholdengo|0 fnt
|faint|p2a: Gholdengo
|
|-weather|RainDance|[upkeep]
|upkeep
|
|t:|1779643552
|switch|p2a: Deoxys|Deoxys-Speed|100/100
|-activate|p2a: Deoxys|move: Sticky Web
|-unboost|p2a: Deoxys|spe|1
|-ability|p2a: Deoxys|Pressure
|turn|10
|
|t:|1779643557
|-terastallize|p2a: Deoxys|Ghost
|move|p1a: Kingdra|Draco Meteor|p2a: Deoxys|[miss]
|-miss|p1a: Kingdra|p2a: Deoxys
|move|p2a: Deoxys|Reflect|p2a: Deoxys
|-sidestart|p2: eljuako17|Reflect
|
|-weather|none
|upkeep
|turn|11
|
|t:|1779643564
|move|p2a: Deoxys|Light Screen|p2a: Deoxys
|-sidestart|p2: eljuako17|move: Light Screen
|move|p1a: Kingdra|Focus Energy|p1a: Kingdra
|-start|p1a: Kingdra|move: Focus Energy
|
|upkeep
|turn|12
|
|t:|1779643570
|move|p2a: Deoxys|Psycho Boost|p1a: Kingdra
|-damage|p1a: Kingdra|18/100
|-unboost|p2a: Deoxys|spa|2
|move|p1a: Kingdra|Draco Meteor|p2a: Deoxys
|-crit|p2a: Deoxys
|-damage|p2a: Deoxys|0 fnt
|-unboost|p1a: Kingdra|spa|2
|faint|p2a: Deoxys
|
|upkeep
|
|t:|1779643575
|switch|p2a: Smeargle|Smeargle, M|100/100
|-activate|p2a: Smeargle|move: Sticky Web
|-unboost|p2a: Smeargle|spe|1
|turn|13
|
|t:|1779643590
|move|p1a: Kingdra|Draco Meteor|p2a: Smeargle
|-crit|p2a: Smeargle
|-damage|p2a: Smeargle|0 fnt
|-unboost|p1a: Kingdra|spa|2
|faint|p2a: Smeargle
|
|upkeep
|
|t:|1779643593
|switch|p2a: Zamazenta|Zamazenta|100/100
|-activate|p2a: Zamazenta|move: Sticky Web
|-unboost|p2a: Zamazenta|spe|1
|-ability|p2a: Zamazenta|Dauntless Shield|boost
|-boost|p2a: Zamazenta|def|1
|turn|14
|
|t:|1779643602
|move|p2a: Zamazenta|Iron Defense|p2a: Zamazenta
|-boost|p2a: Zamazenta|def|2
|move|p1a: Kingdra|Hurricane|p2a: Zamazenta
|-supereffective|p2a: Zamazenta
|-crit|p2a: Zamazenta
|-damage|p2a: Zamazenta|4/100
|
|-heal|p2a: Zamazenta|11/100|[from] item: Leftovers
|upkeep
|turn|15
|
|t:|1779643608
|move|p2a: Zamazenta|Heavy Slam|p1a: Kingdra
|-resisted|p1a: Kingdra
|-damage|p1a: Kingdra|11/100
|move|p1a: Kingdra|Muddy Water|p2a: Zamazenta|[miss]
|-miss|p1a: Kingdra|p2a: Zamazenta
|
|-heal|p2a: Zamazenta|17/100|[from] item: Leftovers
|upkeep
|turn|16
|
|t:|1779643614
|move|p2a: Zamazenta|Body Press|p1a: Kingdra
|-damage|p1a: Kingdra|0 fnt
|faint|p1a: Kingdra
|
|-heal|p2a: Zamazenta|23/100|[from] item: Leftovers
|upkeep
|
|t:|1779643622
|switch|p1a: Dragonite|Dragonite, M|100/100
|turn|17
|
|t:|1779643629
|switch|p2a: Moltres|Moltres-Galar|100/100
|move|p1a: Dragonite|Dragon Dance|p1a: Dragonite
|-boost|p1a: Dragonite|atk|1
|-boost|p1a: Dragonite|spe|1
|
|-sideend|p2: eljuako17|Reflect
|upkeep
|turn|18
|
|t:|1779643635
|move|p1a: Dragonite|Dragon Dance|p1a: Dragonite
|-boost|p1a: Dragonite|atk|1
|-boost|p1a: Dragonite|spe|1
|move|p2a: Moltres|Nasty Plot|p2a: Moltres
|-boost|p2a: Moltres|spa|2
|
|-sideend|p2: eljuako17|move: Light Screen
|upkeep
|turn|19
|
|t:|1779643655
|-terastallize|p1a: Dragonite|Normal
|move|p1a: Dragonite|Extreme Speed|p2a: Moltres
|-damage|p2a: Moltres|9/100
|-ability|p2a: Moltres|Berserk|boost
|-boost|p2a: Moltres|spa|1
|-enditem|p2a: Moltres|Sitrus Berry|[eat]
|-heal|p2a: Moltres|34/100|[from] item: Sitrus Berry
|move|p2a: Moltres|Fiery Wrath|p1a: Dragonite
|-crit|p1a: Dragonite
|-damage|p1a: Dragonite|13/100
|
|upkeep
|turn|20
|-message|eljuako17 forfeited.
|
|win|Kxkxkkxx
|raw|Kxkxkkxx's rating: 1081 &rarr; <strong>1109</strong><br />(+28 for winning)
|raw|eljuako17's rating: 1079 &rarr; <strong>1057</strong><br />(-22 for losing)
|l|☆eljuako17
|player|p2|
|l|☆Kxkxkkxx
|player|p1|
