|j|☆A05236
|j|☆Abyssal Bot
|t:|1779568192
|gametype|singles
|player|p1|A05236|265|
|player|p2|Abyssal Bot|supernerd|
|teamsize|p1|6
|teamsize|p2|6
|gen|9
|tier|[Gen 9] OU
|rule|Species Clause: Limit one of each Pokémon
|rule|OHKO Clause: OHKO moves are banned
|rule|Evasion Items Clause: Evasion items are banned
|rule|Evasion Moves Clause: Evasion moves are banned
|rule|Endless Battle Clause: Forcing endless battles is banned
|rule|HP Percentage Mod: HP is shown in percentages
|rule|Sleep Moves Clause: Sleep-inducing moves are banned
|clearpoke
|poke|p1|Greninja-*, M|
|poke|p1|Kilowattrel, F|
|poke|p1|Pelipper, M|
|poke|p1|Iron Treads|
|poke|p1|Pincurchin, M|
|poke|p1|Iron Valiant|
|poke|p2|Ribombee, F|
|poke|p2|Glimmora, F|
|poke|p2|Manaphy|
|poke|p2|Zamazenta-*|
|poke|p2|Gholdengo|
|poke|p2|Roaring Moon|
|teampreview
|c|☆Abyssal Bot|**WARNING**: Expect much hax.
|inactive|Battle timer is ON: inactive players will automatically lose when time's up. (requested by Abyssal Bot)
|j|*Turbo Bottttt
|
|t:|1779568194
|start
|switch|p1a: Kilowattrel|Kilowattrel, F|100/100
|switch|p2a: Manaphy|Manaphy|100/100
|turn|1
|
|t:|1779568197
|move|p1a: Kilowattrel|Substitute|p1a: Kilowattrel
|-start|p1a: Kilowattrel|Substitute
|-damage|p1a: Kilowattrel|76/100
|move|p2a: Manaphy|Surf|p1a: Kilowattrel
|-end|p1a: Kilowattrel|Substitute
|
|upkeep
|turn|2
|
|t:|1779568199
|move|p1a: Kilowattrel|Thunder|p2a: Manaphy
|-supereffective|p2a: Manaphy
|-damage|p2a: Manaphy|0
|faint|p2a: Manaphy
|-damage|p1a: Kilowattrel|66/100|[from] item: Life Orb
|
|upkeep
|
|t:|1779568199
|switch|p2a: Glimmora|Glimmora, F|100/100
|turn|3
|
|t:|1779568203
|move|p1a: Kilowattrel|Substitute|p1a: Kilowattrel
|-start|p1a: Kilowattrel|Substitute
|-damage|p1a: Kilowattrel|41/100
|move|p2a: Glimmora|Meteor Beam||[still]
|-prepare|p2a: Glimmora|Meteor Beam
|-boost|p2a: Glimmora|spa|1
|-enditem|p2a: Glimmora|Power Herb
|-anim|p2a: Glimmora|Meteor Beam|p1a: Kilowattrel
|-supereffective|p1a: Kilowattrel
|-end|p1a: Kilowattrel|Substitute
|
|upkeep
|turn|4
|
|t:|1779568207
|move|p1a: Kilowattrel|Substitute|p1a: Kilowattrel
|-start|p1a: Kilowattrel|Substitute
|-damage|p1a: Kilowattrel|16/100
|move|p2a: Glimmora|Meteor Beam||[still]
|-prepare|p2a: Glimmora|Meteor Beam
|-boost|p2a: Glimmora|spa|1
|
|upkeep
|turn|5
|
|t:|1779568210
|move|p1a: Kilowattrel|Thunder|p2a: Glimmora|[miss]
|-miss|p1a: Kilowattrel|p2a: Glimmora
|move|p2a: Glimmora|Meteor Beam|p1a: Kilowattrel|[from]lockedmove
|-supereffective|p1a: Kilowattrel
|-end|p1a: Kilowattrel|Substitute
|
|upkeep
|turn|6
|c|☆Abyssal Bot|That thing needs an eye doctor
|
|t:|1779568214
|move|p1a: Kilowattrel|Thunder|p2a: Glimmora
|-damage|p2a: Glimmora|14/100
|-damage|p1a: Kilowattrel|6/100|[from] item: Life Orb
|move|p2a: Glimmora|Meteor Beam||[still]
|-prepare|p2a: Glimmora|Meteor Beam
|-boost|p2a: Glimmora|spa|1
|
|upkeep
|turn|7
|
|t:|1779568218
|move|p1a: Kilowattrel|Hurricane|p2a: Glimmora
|-resisted|p2a: Glimmora
|-damage|p2a: Glimmora|0
|faint|p2a: Glimmora
|-damage|p1a: Kilowattrel|0|[from] item: Life Orb
|faint|p1a: Kilowattrel
|
|upkeep
|
|t:|1779568221
|switch|p1a: Greninja|Greninja, M|100/100
|switch|p2a: Ribombee|Ribombee, F|100/100
|turn|8
|
|t:|1779568224
|move|p1a: Greninja|U-turn||[still]
|-start|p1a: Greninja|typechange|Bug|[from] ability: Protean
|-anim|p1a: Greninja|U-turn|p2a: Ribombee
|-resisted|p2a: Ribombee
|-damage|p2a: Ribombee|62/100
|
|t:|1779568228
|switch|p1a: Iron Treads|Iron Treads|100/100|[from] U-turn
|move|p2a: Ribombee|Moonblast|p1a: Iron Treads
|-resisted|p1a: Iron Treads
|-damage|p1a: Iron Treads|75/100
|
|upkeep
|turn|9
|
|t:|1779568230
|switch|p2a: Roaring Moon|Roaring Moon|100/100
|-enditem|p2a: Roaring Moon|Booster Energy
|-activate|p2a: Roaring Moon|ability: Protosynthesis|[fromitem]
|-start|p2a: Roaring Moon|protosynthesisatk
|move|p1a: Iron Treads|Rapid Spin|p2a: Roaring Moon
|-damage|p2a: Roaring Moon|74/100
|-boost|p1a: Iron Treads|spe|1
|-damage|p1a: Iron Treads|65/100|[from] item: Life Orb
|
|upkeep
|turn|10
|
|t:|1779568234
|move|p1a: Iron Treads|Ice Spinner|p2a: Roaring Moon
|-supereffective|p2a: Roaring Moon
|-damage|p2a: Roaring Moon|0
|faint|p2a: Roaring Moon
|-end|p2a: Roaring Moon|Protosynthesis|[silent]
|-damage|p1a: Iron Treads|55/100|[from] item: Life Orb
|
|upkeep
|
|t:|1779568234
|switch|p2a: Zamazenta|Zamazenta|100/100
|-ability|p2a: Zamazenta|Dauntless Shield|boost
|-boost|p2a: Zamazenta|def|1
|turn|11
|
|t:|1779568238
|move|p1a: Iron Treads|Earthquake|p2a: Zamazenta
|-damage|p2a: Zamazenta|68/100
|-damage|p1a: Iron Treads|46/100|[from] item: Life Orb
|move|p2a: Zamazenta|Body Press|p1a: Iron Treads
|-supereffective|p1a: Iron Treads
|-damage|p1a: Iron Treads|0
|faint|p1a: Iron Treads
|-end|p1a: Iron Treads|Quark Drive|[silent]
|
|upkeep
|
|t:|1779568240
|switch|p1a: Pincurchin|Pincurchin, M|100/100
|-fieldstart|move: Electric Terrain|[from] ability: Electric Surge|[of] p1a: Pincurchin
|turn|12
|
|t:|1779568243
|switch|p2a: Ribombee|Ribombee, F|62/100
|switch|p1a: Pelipper|Pelipper, M|100/100
|-weather|Rain Dance|[from] ability: Drizzle|[of] p1a: Pelipper
|
|-weather|Rain Dance|[upkeep]
|upkeep
|turn|13
|
|t:|1779568245
|move|p2a: Ribombee|Moonblast|p1a: Pelipper
|-damage|p1a: Pelipper|46/100
|move|p1a: Pelipper|Hurricane|p2a: Ribombee
|-supereffective|p2a: Ribombee
|-damage|p2a: Ribombee|0
|faint|p2a: Ribombee
|
|-weather|Rain Dance|[upkeep]
|upkeep
|
|t:|1779568246
|switch|p2a: Gholdengo|Gholdengo|100/100
|-item|p2a: Gholdengo|Air Balloon
|turn|14
|
|t:|1779568248
|move|p2a: Gholdengo|Make It Rain|p1a: Pelipper
|-resisted|p1a: Pelipper
|-damage|p1a: Pelipper|1/100
|-unboost|p2a: Gholdengo|spa|1
|move|p1a: Pelipper|Surf|p2a: Gholdengo
|-damage|p2a: Gholdengo|59/100
|-enditem|p2a: Gholdengo|Air Balloon
|
|-weather|Rain Dance|[upkeep]
|upkeep
|turn|15
|
|t:|1779568250
|move|p2a: Gholdengo|Make It Rain|p1a: Pelipper
|-resisted|p1a: Pelipper
|-damage|p1a: Pelipper|0
|-unboost|p2a: Gholdengo|spa|1
|faint|p1a: Pelipper
|
|-weather|Rain Dance|[upkeep]
|upkeep
|
|t:|1779568255
|switch|p1a: Greninja|Greninja, M|100/100
|turn|16
|
|t:|1779568258
|switch|p2a: Zamazenta|Zamazenta|68/100
|move|p1a: Greninja|Waterfall||[still]
|-start|p1a: Greninja|typechange|Water|[from] ability: Protean
|-anim|p1a: Greninja|Waterfall|p2a: Zamazenta
|-damage|p2a: Zamazenta|11/100
|
|-weather|Rain Dance|[upkeep]
|upkeep
|turn|17
|
|t:|1779568260
|move|p2a: Zamazenta|Body Press|p1a: Greninja
|-damage|p1a: Greninja|37/100
|move|p1a: Greninja|Waterfall|p2a: Zamazenta
|-crit|p2a: Zamazenta
|-damage|p2a: Zamazenta|0
|faint|p2a: Zamazenta
|
|-weather|Rain Dance|[upkeep]
|upkeep
|c|☆Abyssal Bot|I should be the one who gets hax ;-;
|
|t:|1779568260
|switch|p2a: Gholdengo|Gholdengo|59/100
|turn|18
|
|t:|1779568263
|move|p1a: Greninja|Waterfall|p2a: Gholdengo
|-damage|p2a: Gholdengo|0
|faint|p2a: Gholdengo
|
|win|A05236
|c|☆Abyssal Bot|Well Played.
|l|☆Abyssal Bot
|player|p2|
|l|*Turbo Bottttt
