|j|☆fyouifyouleave
|j|☆Pachirisu28
|t:|1779593386
|gametype|singles
|player|p1|fyouifyouleave|102|1142
|player|p2|Pachirisu28|preschooler|1143
|gen|9
|tier|[Gen 9] OU
|rated|
|rule|HP Percentage Mod: HP is shown in percentages
|rule|Endless Battle Clause: Forcing endless battles is banned
|rule|Species Clause: Limit one of each Pokémon
|rule|OHKO Clause: OHKO moves are banned
|rule|Evasion Items Clause: Evasion items are banned
|rule|Evasion Moves Clause: Evasion moves are banned
|rule|Evasion Abilities Clause: Evasion abilities are banned
|rule|Sleep Moves Clause: Sleep-inducing moves are banned
|clearpoke
|poke|p1|Piloswine, M|
|poke|p1|Vileplume, F|
|poke|p1|Persian, F|
|poke|p1|Houndoom, M|
|poke|p1|Spiritomb, M|
|poke|p1|Milotic, M|
|poke|p2|Landorus-Therian, M|
|poke|p2|Grimmsnarl, M|
|poke|p2|Torkoal, M|
|poke|p2|Walking Wake|
|poke|p2|Gengar, F|
|poke|p2|Dragonite, F|
|teampreview
|inactive|Battle timer is ON: inactive players will automatically lose when time's up. (requested by fyouifyouleave)
|
|t:|1779593391
|teamsize|p1|6
|teamsize|p2|6
|start
|switch|p1a: Piloswine|Piloswine, M, shiny|100/100
|switch|p2a: Landorus|Landorus-Therian, M|100/100
|-ability|p2a: Landorus|Intimidate|boost
|-unboost|p1a: Piloswine|atk|1
|turn|1
|
|t:|1779593413
|move|p2a: Landorus|U-turn|p1a: Piloswine
|-damage|p1a: Piloswine|80/100
|
|t:|1779593417
|switch|p2a: Torkoal|Torkoal, M|100/100|[from] U-turn
|-weather|SunnyDay|[from] ability: Drought|[of] p2a: Torkoal
|move|p1a: Piloswine|Avalanche|p2a: Torkoal
|-resisted|p2a: Torkoal
|-damage|p2a: Torkoal|94/100
|
|-weather|SunnyDay|[upkeep]
|upkeep
|turn|2
|
|t:|1779593431
|move|p1a: Piloswine|Stealth Rock|p2a: Torkoal
|-sidestart|p2: Pachirisu28|move: Stealth Rock
|move|p2a: Torkoal|Lava Plume|p1a: Piloswine
|-supereffective|p1a: Piloswine
|-damage|p1a: Piloswine|49/100
|
|-weather|SunnyDay|[upkeep]
|upkeep
|turn|3
|
|t:|1779593447
|switch|p1a: Houndoom|Houndoom, M, shiny|100/100
|move|p2a: Torkoal|Stealth Rock|p1a: Houndoom
|-sidestart|p1: fyouifyouleave|move: Stealth Rock
|
|-weather|SunnyDay|[upkeep]
|upkeep
|turn|4
|
|t:|1779593461
|move|p1a: Houndoom|Dark Pulse|p2a: Torkoal
|-damage|p2a: Torkoal|31/100
|move|p2a: Torkoal|Rapid Spin|p1a: Houndoom
|-damage|p1a: Houndoom|83/100
|-boost|p2a: Torkoal|spe|1
|-sideend|p2: Pachirisu28|Stealth Rock|[from] move: Rapid Spin|[of] p2a: Torkoal
|
|-weather|SunnyDay|[upkeep]
|upkeep
|turn|5
|
|t:|1779593473
|switch|p2a: Grimmsnarl|Grimmsnarl, M|100/100
|move|p1a: Houndoom|Dark Pulse|p2a: Grimmsnarl
|-resisted|p2a: Grimmsnarl
|-damage|p2a: Grimmsnarl|85/100
|
|-weather|SunnyDay|[upkeep]
|upkeep
|turn|6
|
|t:|1779593486
|switch|p1a: Piloswine|Piloswine, M, shiny|49/100
|-damage|p1a: Piloswine|37/100|[from] Stealth Rock
|move|p2a: Grimmsnarl|Light Screen|p2a: Grimmsnarl
|-sidestart|p2: Pachirisu28|move: Light Screen
|
|-weather|SunnyDay|[upkeep]
|upkeep
|turn|7
|
|t:|1779593496
|move|p2a: Grimmsnarl|Reflect|p2a: Grimmsnarl
|-sidestart|p2: Pachirisu28|Reflect
|move|p1a: Piloswine|Stealth Rock|p2a: Grimmsnarl
|-sidestart|p2: Pachirisu28|move: Stealth Rock
|
|-weather|SunnyDay|[upkeep]
|upkeep
|turn|8
|
|t:|1779593502
|move|p2a: Grimmsnarl|Play Rough|p1a: Piloswine
|-damage|p1a: Piloswine|11/100
|move|p1a: Piloswine|Earthquake|p2a: Grimmsnarl
|-damage|p2a: Grimmsnarl|56/100
|
|-weather|none
|upkeep
|turn|9
|
|t:|1779593513
|move|p2a: Grimmsnarl|Play Rough|p1a: Piloswine
|-damage|p1a: Piloswine|0 fnt
|faint|p1a: Piloswine
|
|upkeep
|
|t:|1779593527
|switch|p1a: Vileplume|Vileplume, F, shiny|100/100
|-damage|p1a: Vileplume|88/100|[from] Stealth Rock
|turn|10
|
|t:|1779593532
|switch|p2a: Torkoal|Torkoal, M|31/100
|-damage|p2a: Torkoal|6/100|[from] Stealth Rock
|-weather|SunnyDay|[from] ability: Drought|[of] p2a: Torkoal
|move|p1a: Vileplume|Toxic|p2a: Torkoal
|-status|p2a: Torkoal|tox
|
|-weather|SunnyDay|[upkeep]
|-damage|p2a: Torkoal|0 fnt|[from] psn
|faint|p2a: Torkoal
|upkeep
|
|t:|1779593550
|switch|p2a: Walking Wake|Walking Wake|100/100
|-damage|p2a: Walking Wake|88/100|[from] Stealth Rock
|-activate|p2a: Walking Wake|ability: Protosynthesis
|-start|p2a: Walking Wake|protosynthesisspa
|turn|11
|
|t:|1779593565
|-terastallize|p2a: Walking Wake|Fire
|move|p2a: Walking Wake|Flamethrower|p1a: Vileplume
|-supereffective|p1a: Vileplume
|-damage|p1a: Vileplume|0 fnt
|faint|p1a: Vileplume
|
|-weather|SunnyDay|[upkeep]
|upkeep
|
|t:|1779593571
|switch|p1a: Milotic|Milotic, M, shiny|100/100
|-damage|p1a: Milotic|88/100|[from] Stealth Rock
|turn|12
|inactive|Pachirisu28 has 120 seconds left.
|
|t:|1779593606
|move|p2a: Walking Wake|Draco Meteor|p1a: Milotic
|-damage|p1a: Milotic|23/100
|-unboost|p2a: Walking Wake|spa|2
|move|p1a: Milotic|Scald|p2a: Walking Wake
|-supereffective|p2a: Walking Wake
|-damage|p2a: Walking Wake|65/100
|
|-weather|SunnyDay|[upkeep]
|-status|p1a: Milotic|brn|[from] item: Flame Orb
|upkeep
|turn|13
|inactive|Pachirisu28 has 120 seconds left.
|
|t:|1779593619
|move|p2a: Walking Wake|Draco Meteor|p1a: Milotic
|-damage|p1a: Milotic|0 fnt
|-unboost|p2a: Walking Wake|spa|2
|faint|p1a: Milotic
|
|-weather|SunnyDay|[upkeep]
|-sideend|p2: Pachirisu28|move: Light Screen
|upkeep
|
|t:|1779593625
|switch|p1a: Persian|Persian, F, shiny|100/100
|-damage|p1a: Persian|88/100|[from] Stealth Rock
|turn|14
|inactive|Pachirisu28 has 120 seconds left.
|l|☆Pachirisu28
|inactive|Pachirisu28 disconnected and has a minute to reconnect!
|player|p2|
|j|☆Pachirisu28
|inactive|Pachirisu28 reconnected and has 90 seconds left.
|player|p2|Pachirisu28|preschooler|
|
|t:|1779593677
|move|p1a: Persian|Fake Out|p2a: Walking Wake
|-enditem|p1a: Persian|Normal Gem|[from] gem
|-damage|p2a: Walking Wake|50/100
|cant|p2a: Walking Wake|flinch
|
|-weather|SunnyDay|[upkeep]
|-sideend|p2: Pachirisu28|Reflect
|upkeep
|turn|15
|inactive|Pachirisu28 has 90 seconds left.
|
|t:|1779593687
|move|p1a: Persian|Covet|p2a: Walking Wake
|-damage|p2a: Walking Wake|18/100
|move|p2a: Walking Wake|Flamethrower|p1a: Persian
|-damage|p1a: Persian|32/100
|
|-weather|SunnyDay|[upkeep]
|upkeep
|turn|16
|
|t:|1779593696
|move|p1a: Persian|Knock Off|p2a: Walking Wake
|-damage|p2a: Walking Wake|1/100
|move|p2a: Walking Wake|Flamethrower|p1a: Persian
|-damage|p1a: Persian|0 fnt
|faint|p1a: Persian
|
|-weather|SunnyDay|[upkeep]
|upkeep
|
|t:|1779593707
|switch|p1a: Spiritomb|Spiritomb, M, shiny|100/100
|-damage|p1a: Spiritomb|88/100|[from] Stealth Rock
|-ability|p1a: Spiritomb|Pressure
|turn|17
|
|t:|1779593714
|move|p2a: Walking Wake|Flamethrower|p1a: Spiritomb
|-damage|p1a: Spiritomb|65/100
|move|p1a: Spiritomb|Trick Room|p1a: Spiritomb
|-fieldstart|move: Trick Room|[of] p1a: Spiritomb
|
|-weather|none
|-end|p2a: Walking Wake|Protosynthesis
|upkeep
|-enditem|p2a: Walking Wake|Booster Energy
|-activate|p2a: Walking Wake|ability: Protosynthesis|[fromitem]
|-start|p2a: Walking Wake|protosynthesisspe
|turn|18
|
|t:|1779593726
|move|p1a: Spiritomb|Shadow Ball|p2a: Walking Wake
|-damage|p2a: Walking Wake|0 fnt
|faint|p2a: Walking Wake
|-end|p2a: Walking Wake|Protosynthesis|[silent]
|
|upkeep
|
|t:|1779593731
|switch|p2a: Grimmsnarl|Grimmsnarl, M|56/100
|-damage|p2a: Grimmsnarl|44/100|[from] Stealth Rock
|turn|19
|
|t:|1779593740
|switch|p1a: Houndoom|Houndoom, M, shiny|83/100
|-damage|p1a: Houndoom|58/100|[from] Stealth Rock
|move|p2a: Grimmsnarl|Light Screen|p2a: Grimmsnarl
|-sidestart|p2: Pachirisu28|move: Light Screen
|
|upkeep
|turn|20
|
|t:|1779593753
|move|p2a: Grimmsnarl|Play Rough|p1a: Houndoom
|-damage|p1a: Houndoom|0 fnt
|faint|p1a: Houndoom
|
|upkeep
|
|t:|1779593755
|switch|p1a: Spiritomb|Spiritomb, M, shiny|65/100
|-damage|p1a: Spiritomb|52/100|[from] Stealth Rock
|-ability|p1a: Spiritomb|Pressure
|turn|21
|inactive|Pachirisu28 has 120 seconds left.
|
|t:|1779593763
|move|p1a: Spiritomb|Dark Pulse|p2a: Grimmsnarl
|-resisted|p2a: Grimmsnarl
|-damage|p2a: Grimmsnarl|40/100
|cant|p2a: Grimmsnarl|flinch
|
|-fieldend|move: Trick Room
|upkeep
|turn|22
|-message|fyouifyouleave forfeited.
|
|win|Pachirisu28
|raw|fyouifyouleave's rating: 1142 &rarr; <strong>1117</strong><br />(-25 for losing)
|raw|Pachirisu28's rating: 1143 &rarr; <strong>1168</strong><br />(+25 for winning)
|l|☆fyouifyouleave
|player|p1|
|l|☆Pachirisu28
|player|p2|
