|j|☆lokixenjoyer738
|j|‽tyflu
|t:|1779565840
|gametype|singles
|player|p1|lokixenjoyer738|2|1364
|player|p2|tyflu|169|1373
|gen|9
|tier|[Gen 9] OU
|rated|
|rule|HP Percentage Mod: HP is shown in percentages
|rule|Endless Battle Clause: Forcing endless battles is banned
|rule|Species Clause: Limit one of each Pokémon
|rule|OHKO Clause: OHKO moves are banned
|rule|Evasion Items Clause: Evasion items are banned
|rule|Evasion Moves Clause: Evasion moves are banned
|rule|Evasion Abilities Clause: Evasion abilities are banned
|rule|Sleep Moves Clause: Sleep-inducing moves are banned
|clearpoke
|poke|p1|Kingambit, F|
|poke|p1|Kommo-o, M|
|poke|p1|Iron Valiant|
|poke|p1|Kyurem|
|poke|p1|Iron Treads|
|poke|p1|Iron Crown|
|poke|p2|Ninetales, F|
|poke|p2|Walking Wake|
|poke|p2|Great Tusk|
|poke|p2|Cresselia, F|
|poke|p2|Ceruledge, M|
|poke|p2|Zarude-Dada|
|teampreview
|inactive|Battle timer is ON: inactive players will automatically lose when time's up. (requested by lokixenjoyer738)
|inactive|lokixenjoyer738 has 120 seconds left.
|inactive|lokixenjoyer738 has 90 seconds left.
|inactive|lokixenjoyer738 has 60 seconds left.
|
|t:|1779565931
|teamsize|p1|6
|teamsize|p2|6
|start
|switch|p1a: Iron Treads|Iron Treads|100/100
|switch|p2a: Ninetales|Ninetales, F|100/100
|-weather|SunnyDay|[from] ability: Drought|[of] p2a: Ninetales
|-enditem|p1a: Iron Treads|Booster Energy
|-activate|p1a: Iron Treads|ability: Quark Drive|[fromitem]
|-start|p1a: Iron Treads|quarkdrivespe
|turn|1
|
|t:|1779565940
|switch|p2a: Cresselia|Cresselia, F|100/100
|move|p1a: Iron Treads|Stealth Rock|p2a: Cresselia
|-sidestart|p2: tyflu|move: Stealth Rock
|
|-weather|SunnyDay|[upkeep]
|upkeep
|turn|2
|
|t:|1779565953
|move|p1a: Iron Treads|Endeavor|p2a: Cresselia
|-damage|p2a: Cresselia|86/100
|-enditem|p2a: Cresselia|Eject Button
|
|t:|1779565957
|switch|p2a: Walking Wake|Walking Wake|100/100
|-damage|p2a: Walking Wake|88/100|[from] Stealth Rock
|-activate|p2a: Walking Wake|ability: Protosynthesis
|-start|p2a: Walking Wake|protosynthesisspe
|
|-weather|SunnyDay|[upkeep]
|upkeep
|turn|3
|
|t:|1779565960
|move|p2a: Walking Wake|Hydro Steam|p1a: Iron Treads
|-supereffective|p1a: Iron Treads
|-damage|p1a: Iron Treads|0 fnt
|faint|p1a: Iron Treads
|-end|p1a: Iron Treads|Quark Drive|[silent]
|
|-weather|SunnyDay|[upkeep]
|upkeep
|
|t:|1779565963
|switch|p1a: Iron Valiant|Iron Valiant|100/100
|-enditem|p1a: Iron Valiant|Booster Energy
|-activate|p1a: Iron Valiant|ability: Quark Drive|[fromitem]
|-start|p1a: Iron Valiant|quarkdrivespe
|turn|4
|
|t:|1779565971
|move|p1a: Iron Valiant|Calm Mind|p1a: Iron Valiant
|-boost|p1a: Iron Valiant|spa|1
|-boost|p1a: Iron Valiant|spd|1
|move|p2a: Walking Wake|Hydro Steam|p1a: Iron Valiant
|-damage|p1a: Iron Valiant|0 fnt
|faint|p1a: Iron Valiant
|-end|p1a: Iron Valiant|Quark Drive|[silent]
|
|-weather|SunnyDay|[upkeep]
|upkeep
|
|t:|1779565974
|switch|p1a: Kyurem|Kyurem|100/100
|-ability|p1a: Kyurem|Pressure
|turn|5
|
|t:|1779565981
|-end|p2a: Walking Wake|Protosynthesis|[silent]
|switch|p2a: Cresselia|Cresselia, F|86/100
|-damage|p2a: Cresselia|74/100|[from] Stealth Rock
|-terastallize|p1a: Kyurem|Ground
|move|p1a: Kyurem|Scale Shot|p2a: Cresselia
|-damage|p2a: Cresselia|66/100
|-damage|p2a: Cresselia|58/100
|-damage|p2a: Cresselia|51/100
|-damage|p2a: Cresselia|43/100
|-hitcount|p2a: Cresselia|4
|-unboost|p1a: Kyurem|def|1
|-boost|p1a: Kyurem|spe|1
|
|-weather|SunnyDay|[upkeep]
|upkeep
|turn|6
|
|t:|1779565988
|move|p1a: Kyurem|Dragon Dance|p1a: Kyurem
|-boost|p1a: Kyurem|atk|1
|-boost|p1a: Kyurem|spe|1
|move|p2a: Cresselia|Moonlight|p2a: Cresselia
|-heal|p2a: Cresselia|100/100
|
|-weather|SunnyDay|[upkeep]
|upkeep
|turn|7
|
|t:|1779566000
|move|p1a: Kyurem|Dragon Dance|p1a: Kyurem
|-boost|p1a: Kyurem|atk|1
|-boost|p1a: Kyurem|spe|1
|move|p2a: Cresselia|Psychic|p1a: Kyurem
|-damage|p1a: Kyurem|74/100
|
|-weather|SunnyDay|[upkeep]
|upkeep
|turn|8
|
|t:|1779566006
|move|p1a: Kyurem|Icicle Spear|p2a: Cresselia
|-damage|p2a: Cresselia|84/100
|-damage|p2a: Cresselia|70/100
|-damage|p2a: Cresselia|53/100
|-damage|p2a: Cresselia|38/100
|-damage|p2a: Cresselia|22/100
|-hitcount|p2a: Cresselia|5
|move|p2a: Cresselia|Psychic|p1a: Kyurem
|-damage|p1a: Kyurem|50/100
|-unboost|p1a: Kyurem|spd|1
|
|-weather|none
|upkeep
|turn|9
|
|t:|1779566010
|move|p1a: Kyurem|Icicle Spear|p2a: Cresselia
|-damage|p2a: Cresselia|6/100
|-damage|p2a: Cresselia|0 fnt
|faint|p2a: Cresselia
|-hitcount|p2: Cresselia|2
|
|upkeep
|
|t:|1779566017
|switch|p2a: Great Tusk|Great Tusk|100/100
|-damage|p2a: Great Tusk|97/100|[from] Stealth Rock
|turn|10
|
|t:|1779566026
|-terastallize|p2a: Great Tusk|Fairy
|move|p1a: Kyurem|Earth Power|p2a: Great Tusk
|-damage|p2a: Great Tusk|56/100
|move|p2a: Great Tusk|Ice Spinner|p1a: Kyurem
|-supereffective|p1a: Kyurem
|-damage|p1a: Kyurem|0 fnt
|faint|p1a: Kyurem
|
|upkeep
|
|t:|1779566045
|switch|p1a: Iron Crown|Iron Crown|100/100
|-enditem|p1a: Iron Crown|Booster Energy
|-activate|p1a: Iron Crown|ability: Quark Drive|[fromitem]
|-start|p1a: Iron Crown|quarkdrivespe
|turn|11
|
|t:|1779566052
|-end|p2a: Great Tusk|Protosynthesis|[silent]
|switch|p2a: Ninetales|Ninetales, F|100/100
|-damage|p2a: Ninetales|76/100|[from] Stealth Rock
|-weather|SunnyDay|[from] ability: Drought|[of] p2a: Ninetales
|move|p1a: Iron Crown|Tachyon Cutter|p2a: Ninetales
|-resisted|p2a: Ninetales
|-damage|p2a: Ninetales|64/100
|-resisted|p2a: Ninetales
|-damage|p2a: Ninetales|52/100
|-hitcount|p2a: Ninetales|2
|
|-weather|SunnyDay|[upkeep]
|upkeep
|turn|12
|
|t:|1779566056
|move|p1a: Iron Crown|Tachyon Cutter|p2a: Ninetales
|-resisted|p2a: Ninetales
|-damage|p2a: Ninetales|40/100
|-resisted|p2a: Ninetales
|-damage|p2a: Ninetales|29/100
|-hitcount|p2a: Ninetales|2
|move|p2a: Ninetales|Overheat|p1a: Iron Crown
|-supereffective|p1a: Iron Crown
|-damage|p1a: Iron Crown|0 fnt
|-unboost|p2a: Ninetales|spa|2
|faint|p1a: Iron Crown
|-end|p1a: Iron Crown|Quark Drive|[silent]
|
|-weather|SunnyDay|[upkeep]
|upkeep
|-message|lokixenjoyer738 forfeited.
|
|win|tyflu
|raw|lokixenjoyer738's rating: 1364 &rarr; <strong>1345</strong><br />(-19 for losing)
|raw|tyflu's rating: 1373 &rarr; <strong>1392</strong><br />(+19 for winning)
