|j|☆Ledvinka
|j|☆veebi
|t:|1779650328
|gametype|singles
|player|p1|Ledvinka|jupiter|1510
|player|p2|veebi|265|1524
|gen|9
|tier|[Gen 9] OU
|rated|
|rule|HP Percentage Mod: HP is shown in percentages
|rule|Endless Battle Clause: Forcing endless battles is banned
|rule|Species Clause: Limit one of each Pokémon
|rule|OHKO Clause: OHKO moves are banned
|rule|Evasion Items Clause: Evasion items are banned
|rule|Evasion Moves Clause: Evasion moves are banned
|rule|Evasion Abilities Clause: Evasion abilities are banned
|rule|Sleep Moves Clause: Sleep-inducing moves are banned
|clearpoke
|poke|p1|Deoxys-Speed|
|poke|p1|Haxorus, F|
|poke|p1|Gliscor, M|
|poke|p1|Alomomola, M|
|poke|p1|Corviknight, F|
|poke|p1|Slowking-Galar, F|
|poke|p2|Walking Wake|
|poke|p2|Cinderace, F|
|poke|p2|Wo-Chien|
|poke|p2|Great Tusk|
|poke|p2|Torkoal, F|
|poke|p2|Clefable, M|
|teampreview
|inactive|Battle timer is ON: inactive players will automatically lose when time's up. (requested by Ledvinka)
|
|t:|1779650344
|teamsize|p1|6
|teamsize|p2|6
|start
|switch|p1a: Gliscor|Gliscor, M|100/100
|switch|p2a: Γ=r×F=rFsin(θ)|Torkoal, F|100/100
|-weather|SunnyDay|[from] ability: Drought|[of] p2a: Γ=r×F=rFsin(θ)
|turn|1
|c|☆veebi|hf
|c|☆Ledvinka|Y2
|
|t:|1779650357
|move|p1a: Gliscor|Toxic|p2a: Γ=r×F=rFsin(θ)
|-status|p2a: Γ=r×F=rFsin(θ)|tox
|move|p2a: Γ=r×F=rFsin(θ)|Will-O-Wisp|p1a: Gliscor|[miss]
|-miss|p2a: Γ=r×F=rFsin(θ)|p1a: Gliscor
|
|-weather|SunnyDay|[upkeep]
|-damage|p2a: Γ=r×F=rFsin(θ)|94/100 tox|[from] psn
|-status|p1a: Gliscor|tox|[from] item: Toxic Orb
|upkeep
|turn|2
|c|☆veebi|i dont think i can have it
|
|t:|1779650379
|switch|p2a: AtYaWake|Walking Wake|100/100
|-activate|p2a: AtYaWake|ability: Protosynthesis
|-start|p2a: AtYaWake|protosynthesisspe
|move|p1a: Gliscor|Knock Off|p2a: AtYaWake
|-damage|p2a: AtYaWake|77/100
|-enditem|p2a: AtYaWake|Choice Specs|[from] move: Knock Off|[of] p1a: Gliscor
|
|-weather|SunnyDay|[upkeep]
|upkeep
|turn|3
|j| yuureisuisei
|c|☆Ledvinka|if it is not 100% it is 50%
|inactive|Ledvinka has 120 seconds left.
|
|t:|1779650412
|move|p1a: Gliscor|Protect|p1a: Gliscor
|-singleturn|p1a: Gliscor|Protect
|move|p2a: AtYaWake|Flip Turn|p1a: Gliscor
|-activate|p1a: Gliscor|move: Protect
|
|-weather|SunnyDay|[upkeep]
|upkeep
|turn|4
|c|☆veebi|yea f me
|inactive|Ledvinka has 120 seconds left.
|
|t:|1779650427
|switch|p1a: Slowking|Slowking-Galar, F|100/100
|move|p2a: AtYaWake|Hydro Steam|p1a: Slowking
|-damage|p1a: Slowking|77/100
|
|-weather|SunnyDay|[upkeep]
|upkeep
|turn|5
|
|t:|1779650441
|-end|p2a: AtYaWake|Protosynthesis|[silent]
|switch|p2a: RushinRhonda|Great Tusk|100/100
|-activate|p2a: RushinRhonda|ability: Protosynthesis
|-start|p2a: RushinRhonda|protosynthesisspe
|move|p1a: Slowking|Future Sight|p2a: RushinRhonda
|-start|p1a: Slowking|move: Future Sight
|
|-weather|SunnyDay|[upkeep]
|upkeep
|turn|6
|inactive|Ledvinka has 120 seconds left.
|
|t:|1779650458
|switch|p1a: Corviknight|Corviknight, F|100/100
|-ability|p1a: Corviknight|Pressure
|move|p2a: RushinRhonda|Stealth Rock|p1a: Corviknight
|-sidestart|p1: Ledvinka|move: Stealth Rock
|
|-weather|SunnyDay|[upkeep]
|upkeep
|turn|7
|inactive|Ledvinka has 120 seconds left.
|
|t:|1779650470
|-end|p2a: RushinRhonda|Protosynthesis|[silent]
|switch|p2a: ILoveYouToTheMoon|Clefable, M|100/100
|move|p1a: Corviknight|Defog|p2a: ILoveYouToTheMoon
|-unboost|p2a: ILoveYouToTheMoon|evasion|1
|-sideend|p1: Ledvinka|Stealth Rock|[from] move: Defog|[of] p1a: Corviknight
|
|-weather|SunnyDay|[upkeep]
|-end|p2a: ILoveYouToTheMoon|move: Future Sight
|-damage|p2a: ILoveYouToTheMoon|61/100
|upkeep
|turn|8
|
|t:|1779650478
|move|p1a: Corviknight|U-turn|p2a: ILoveYouToTheMoon
|-resisted|p2a: ILoveYouToTheMoon
|-damage|p2a: ILoveYouToTheMoon|55/100
|
|t:|1779650482
|switch|p1a: Slowking|Slowking-Galar, F|100/100|[from] U-turn
|move|p2a: ILoveYouToTheMoon|Moonlight|p2a: ILoveYouToTheMoon
|-heal|p2a: ILoveYouToTheMoon|100/100
|
|-weather|none
|upkeep
|turn|9
|
|t:|1779650500
|switch|p2a: SlugginForLife|Wo-Chien|100/100
|-ability|p2a: SlugginForLife|Tablets of Ruin
|move|p1a: Slowking|Sludge Bomb|p2a: SlugginForLife
|-supereffective|p2a: SlugginForLife
|-damage|p2a: SlugginForLife|42/100
|-status|p2a: SlugginForLife|psn
|
|-damage|p2a: SlugginForLife|30/100 psn|[from] psn
|upkeep
|turn|10
|
|t:|1779650521
|switch|p1a: Haxorus|Haxorus, F|100/100
|-ability|p1a: Haxorus|Mold Breaker
|move|p2a: SlugginForLife|Knock Off|p1a: Haxorus
|-damage|p1a: Haxorus|38/100
|-enditem|p1a: Haxorus|Loaded Dice|[from] move: Knock Off|[of] p2a: SlugginForLife
|-damage|p2a: SlugginForLife|20/100 psn|[from] item: Life Orb
|
|-damage|p2a: SlugginForLife|8/100 psn|[from] psn
|upkeep
|turn|11
|
|t:|1779650538
|move|p1a: Haxorus|Earthquake|p2a: SlugginForLife
|-resisted|p2a: SlugginForLife
|-damage|p2a: SlugginForLife|0 fnt
|faint|p2a: SlugginForLife
|
|upkeep
|inactive|veebi has 120 seconds left.
|
|t:|1779650554
|switch|p2a: RushinRhonda|Great Tusk|100/100
|turn|12
|
|t:|1779650561
|move|p1a: Haxorus|Swords Dance|p1a: Haxorus
|-boost|p1a: Haxorus|atk|2
|move|p2a: RushinRhonda|Stealth Rock|p1a: Haxorus
|-sidestart|p1: Ledvinka|move: Stealth Rock
|
|upkeep
|turn|13
|
|t:|1779650565
|move|p1a: Haxorus|Scale Shot|p2a: RushinRhonda|[miss]
|-miss|p1a: Haxorus|p2a: RushinRhonda
|move|p2a: RushinRhonda|Ice Spinner|p1a: Haxorus
|-supereffective|p1a: Haxorus
|-damage|p1a: Haxorus|0 fnt
|faint|p1a: Haxorus
|
|upkeep
|
|t:|1779650572
|switch|p1a: Corviknight|Corviknight, F|100/100
|-damage|p1a: Corviknight|88/100|[from] Stealth Rock
|-ability|p1a: Corviknight|Pressure
|turn|14
|
|t:|1779650581
|-end|p2a: RushinRhonda|Protosynthesis|[silent]
|switch|p2a: Γ=r×F=rFsin(θ)|Torkoal, F|94/100 tox
|-weather|SunnyDay|[from] ability: Drought|[of] p2a: Γ=r×F=rFsin(θ)
|move|p1a: Corviknight|Defog|p2a: Γ=r×F=rFsin(θ)
|-unboost|p2a: Γ=r×F=rFsin(θ)|evasion|1
|-sideend|p1: Ledvinka|Stealth Rock|[from] move: Defog|[of] p1a: Corviknight
|
|-weather|SunnyDay|[upkeep]
|-heal|p1a: Corviknight|94/100|[from] item: Leftovers
|-damage|p2a: Γ=r×F=rFsin(θ)|88/100 tox|[from] psn
|upkeep
|turn|15
|
|t:|1779650599
|move|p1a: Corviknight|U-turn|p2a: Γ=r×F=rFsin(θ)
|-resisted|p2a: Γ=r×F=rFsin(θ)
|-damage|p2a: Γ=r×F=rFsin(θ)|83/100 tox
|
|t:|1779650602
|switch|p1a: Gliscor|Gliscor, M|100/100 tox|[from] U-turn
|move|p2a: Γ=r×F=rFsin(θ)|Will-O-Wisp|p1a: Gliscor|[miss]
|-miss|p2a: Γ=r×F=rFsin(θ)|p1a: Gliscor
|
|-weather|SunnyDay|[upkeep]
|-damage|p2a: Γ=r×F=rFsin(θ)|70/100 tox|[from] psn
|upkeep
|turn|16
|
|t:|1779650613
|switch|p2a: ILoveYouToTheMoon|Clefable, M|100/100
|move|p1a: Gliscor|Toxic|p2a: ILoveYouToTheMoon
|-status|p2a: ILoveYouToTheMoon|tox
|
|-weather|SunnyDay|[upkeep]
|-damage|p2a: ILoveYouToTheMoon|94/100 tox|[from] psn
|upkeep
|turn|17
|c|☆Ledvinka|unaware
|c|☆Ledvinka|interesting
|inactive|veebi has 120 seconds left.
|c|☆veebi|i had tera poison on it i fed up
|c|☆Ledvinka|I used to run this too
|inactive|veebi has 90 seconds left.
|
|t:|1779650675
|move|p1a: Gliscor|Knock Off|p2a: ILoveYouToTheMoon
|-resisted|p2a: ILoveYouToTheMoon
|-damage|p2a: ILoveYouToTheMoon|86/100 tox
|-enditem|p2a: ILoveYouToTheMoon|Covert Cloak|[from] move: Knock Off|[of] p1a: Gliscor
|move|p2a: ILoveYouToTheMoon|Calm Mind|p2a: ILoveYouToTheMoon
|-boost|p2a: ILoveYouToTheMoon|spa|1
|-boost|p2a: ILoveYouToTheMoon|spd|1
|
|-weather|SunnyDay|[upkeep]
|-damage|p2a: ILoveYouToTheMoon|74/100 tox|[from] psn
|upkeep
|turn|18
|c|☆Ledvinka|unaware + tera poison
|
|t:|1779650683
|move|p1a: Gliscor|Earthquake|p2a: ILoveYouToTheMoon
|-damage|p2a: ILoveYouToTheMoon|48/100 tox
|move|p2a: ILoveYouToTheMoon|Moonblast|p1a: Gliscor
|-damage|p1a: Gliscor|42/100 tox
|
|-weather|SunnyDay|[upkeep]
|-heal|p1a: Gliscor|55/100 tox|[from] ability: Poison Heal
|-damage|p2a: ILoveYouToTheMoon|30/100 tox|[from] psn
|upkeep
|turn|19
|
|t:|1779650696
|move|p1a: Gliscor|Protect|p1a: Gliscor
|-singleturn|p1a: Gliscor|Protect
|move|p2a: ILoveYouToTheMoon|Moonblast|p1a: Gliscor
|-activate|p1a: Gliscor|move: Protect
|
|-weather|SunnyDay|[upkeep]
|-heal|p1a: Gliscor|67/100 tox|[from] ability: Poison Heal
|-damage|p2a: ILoveYouToTheMoon|5/100 tox|[from] psn
|upkeep
|turn|20
|c|☆veebi|it could have won here peobably
|c|☆Ledvinka|maybe
|c|☆Ledvinka|maybe not
|c|☆Ledvinka|who knows
|inactive|Ledvinka has 120 seconds left.
|
|t:|1779650728
|move|p1a: Gliscor|Earthquake|p2a: ILoveYouToTheMoon
|-damage|p2a: ILoveYouToTheMoon|0 fnt
|faint|p2a: ILoveYouToTheMoon
|
|-weather|SunnyDay|[upkeep]
|-heal|p1a: Gliscor|80/100 tox|[from] ability: Poison Heal
|upkeep
|
|t:|1779650739
|switch|p2a: AtYaWake|Walking Wake|77/100
|-activate|p2a: AtYaWake|ability: Protosynthesis
|-start|p2a: AtYaWake|protosynthesisspe
|turn|21
|
|t:|1779650745
|move|p1a: Gliscor|Protect|p1a: Gliscor
|-singleturn|p1a: Gliscor|Protect
|move|p2a: AtYaWake|Flip Turn|p1a: Gliscor
|-activate|p1a: Gliscor|move: Protect
|
|-weather|none
|-end|p2a: AtYaWake|Protosynthesis
|-heal|p1a: Gliscor|92/100 tox|[from] ability: Poison Heal
|upkeep
|turn|22
|
|t:|1779650757
|move|p2a: AtYaWake|Flip Turn|p1a: Gliscor
|-supereffective|p1a: Gliscor
|-damage|p1a: Gliscor|72/100 tox
|
|t:|1779650761
|-end|p2a: AtYaWake|Protosynthesis|[silent]
|switch|p2a: Γ=r×F=rFsin(θ)|Torkoal, F|70/100 tox|[from] Flip Turn
|-weather|SunnyDay|[from] ability: Drought|[of] p2a: Γ=r×F=rFsin(θ)
|move|p1a: Gliscor|Earthquake|p2a: Γ=r×F=rFsin(θ)
|-supereffective|p2a: Γ=r×F=rFsin(θ)
|-damage|p2a: Γ=r×F=rFsin(θ)|23/100 tox
|
|-weather|SunnyDay|[upkeep]
|-heal|p1a: Gliscor|84/100 tox|[from] ability: Poison Heal
|-damage|p2a: Γ=r×F=rFsin(θ)|17/100 tox|[from] psn
|upkeep
|turn|23
|
|t:|1779650771
|move|p1a: Gliscor|Earthquake|p2a: Γ=r×F=rFsin(θ)
|-supereffective|p2a: Γ=r×F=rFsin(θ)
|-damage|p2a: Γ=r×F=rFsin(θ)|0 fnt
|faint|p2a: Γ=r×F=rFsin(θ)
|
|-weather|SunnyDay|[upkeep]
|-heal|p1a: Gliscor|97/100 tox|[from] ability: Poison Heal
|upkeep
|
|t:|1779650776
|switch|p2a: Spreadie Gibbs|Cinderace, F|100/100
|-item|p2a: Spreadie Gibbs|Air Balloon
|turn|24
|
|t:|1779650782
|switch|p2a: AtYaWake|Walking Wake|77/100
|-activate|p2a: AtYaWake|ability: Protosynthesis
|-start|p2a: AtYaWake|protosynthesisspe
|move|p1a: Gliscor|Knock Off|p2a: AtYaWake
|-damage|p2a: AtYaWake|60/100
|
|-weather|SunnyDay|[upkeep]
|-heal|p1a: Gliscor|100/100 tox|[from] ability: Poison Heal
|upkeep
|turn|25
|
|t:|1779650799
|switch|p1a: Slowking|Slowking-Galar, F|100/100
|move|p2a: AtYaWake|Flip Turn|p1a: Slowking
|-damage|p1a: Slowking|93/100
|
|t:|1779650804
|-end|p2a: AtYaWake|Protosynthesis|[silent]
|switch|p2a: Spreadie Gibbs|Cinderace, F|100/100|[from] Flip Turn
|-item|p2a: Spreadie Gibbs|Air Balloon
|
|-weather|SunnyDay|[upkeep]
|upkeep
|turn|26
|
|t:|1779650810
|switch|p1a: Alomomola|Alomomola, M|100/100
|move|p2a: Spreadie Gibbs|Swords Dance|p2a: Spreadie Gibbs
|-boost|p2a: Spreadie Gibbs|atk|2
|
|-weather|SunnyDay|[upkeep]
|upkeep
|turn|27
|
|t:|1779650817
|-terastallize|p2a: Spreadie Gibbs|Fire
|move|p2a: Spreadie Gibbs|Flame Charge|p1a: Alomomola
|-resisted|p1a: Alomomola
|-damage|p1a: Alomomola|60/100
|-boost|p2a: Spreadie Gibbs|spe|1
|move|p1a: Alomomola|Tickle|p2a: Spreadie Gibbs
|-unboost|p2a: Spreadie Gibbs|atk|1
|-unboost|p2a: Spreadie Gibbs|def|1
|
|-weather|SunnyDay|[upkeep]
|upkeep
|turn|28
|
|t:|1779650831
|move|p2a: Spreadie Gibbs|Swords Dance|p2a: Spreadie Gibbs
|-boost|p2a: Spreadie Gibbs|atk|2
|move|p1a: Alomomola|Flip Turn|p2a: Spreadie Gibbs
|-supereffective|p2a: Spreadie Gibbs
|-crit|p2a: Spreadie Gibbs
|-damage|p2a: Spreadie Gibbs|53/100
|-enditem|p2a: Spreadie Gibbs|Air Balloon
|
|t:|1779650847
|switch|p1a: Gliscor|Gliscor, M|100/100 tox|[from] Flip Turn
|
|-weather|SunnyDay|[upkeep]
|upkeep
|turn|29
|
|t:|1779650856
|move|p1a: Gliscor|Protect|p1a: Gliscor
|-singleturn|p1a: Gliscor|Protect
|move|p2a: Spreadie Gibbs|Pyro Ball|p1a: Gliscor
|-activate|p1a: Gliscor|move: Protect
|
|-weather|none
|upkeep
|turn|30
|
|t:|1779650862
|move|p2a: Spreadie Gibbs|Pyro Ball|p1a: Gliscor
|-damage|p1a: Gliscor|0 fnt
|faint|p1a: Gliscor
|
|upkeep
|
|t:|1779650868
|switch|p1a: Alomomola|Alomomola, M|94/100
|turn|31
|
|t:|1779650873
|move|p2a: Spreadie Gibbs|Pyro Ball|p1a: Alomomola
|-resisted|p1a: Alomomola
|-damage|p1a: Alomomola|31/100
|move|p1a: Alomomola|Flip Turn|p2a: Spreadie Gibbs
|-supereffective|p2a: Spreadie Gibbs
|-crit|p2a: Spreadie Gibbs
|-damage|p2a: Spreadie Gibbs|0 fnt
|faint|p2a: Spreadie Gibbs
|
|t:|1779650880
|switch|p1a: Deoxys|Deoxys-Speed|100/100|[from] Flip Turn
|-ability|p1a: Deoxys|Pressure
|
|upkeep
|c|☆veebi|damn
|c|☆veebi|was it sash
|
|t:|1779650891
|switch|p2a: RushinRhonda|Great Tusk|100/100
|turn|32
|c|☆Ledvinka|what
|c|☆Ledvinka|no?
|c|☆veebi|deoxys
|c|☆Ledvinka|oh
|c|☆Ledvinka|no
|
|t:|1779650911
|move|p1a: Deoxys|Psycho Boost|p2a: RushinRhonda
|-supereffective|p2a: RushinRhonda
|-damage|p2a: RushinRhonda|0 fnt
|-unboost|p1a: Deoxys|spa|2
|faint|p2a: RushinRhonda
|-end|p2a: RushinRhonda|Protosynthesis|[silent]
|-enditem|p1a: Deoxys|Eject Pack
|c|☆veebi|gg
|
|t:|1779650920
|switch|p1a: Slowking|Slowking-Galar, F|100/100
|
|upkeep
|c|☆Ledvinka|gg
|c|☆Ledvinka|wp
|-message|veebi forfeited.
|
|win|Ledvinka
|raw|Ledvinka's rating: 1510 &rarr; <strong>1531</strong><br />(+21 for winning)
|raw|veebi's rating: 1524 &rarr; <strong>1503</strong><br />(-21 for losing)
|l|☆veebi
|player|p2|
|l|☆Ledvinka
|player|p1|
