|j|☆Lnfrvjmkv
|j|☆nwalesu
|t:|1779722724
|gametype|singles
|player|p1|Lnfrvjmkv|worker-gen4|1430
|player|p2|nwalesu|pokemaniac|1426
|gen|9
|tier|[Gen 9] OU
|rated|
|rule|HP Percentage Mod: HP is shown in percentages
|rule|Endless Battle Clause: Forcing endless battles is banned
|rule|Species Clause: Limit one of each Pokémon
|rule|OHKO Clause: OHKO moves are banned
|rule|Evasion Items Clause: Evasion items are banned
|rule|Evasion Moves Clause: Evasion moves are banned
|rule|Evasion Abilities Clause: Evasion abilities are banned
|rule|Sleep Moves Clause: Sleep-inducing moves are banned
|clearpoke
|poke|p1|Hoopa-Unbound|
|poke|p1|Dragapult, F|
|poke|p1|Moltres|
|poke|p1|Ogerpon-Wellspring, F|
|poke|p1|Great Tusk|
|poke|p1|Gholdengo|
|poke|p2|Dragapult, M|
|poke|p2|Rotom-Heat|
|poke|p2|Clodsire, F|
|poke|p2|Mandibuzz, F|
|poke|p2|Dragonite, M|
|poke|p2|Iron Valiant|
|teampreview
|inactive|Battle timer is ON: inactive players will automatically lose when time's up. (requested by nwalesu)
|
|t:|1779722733
|teamsize|p1|6
|teamsize|p2|6
|start
|switch|p1a: Moltres|Moltres|100/100
|switch|p2a: Dragapult|Dragapult, M|100/100
|turn|1
|
|t:|1779722739
|switch|p2a: Rotom|Rotom-Heat|100/100
|move|p1a: Moltres|U-turn|p2a: Rotom
|-resisted|p2a: Rotom
|-damage|p2a: Rotom|92/100
|
|t:|1779722744
|switch|p1a: Hoopa|Hoopa-Unbound|100/100|[from] U-turn
|
|upkeep
|turn|2
|
|t:|1779722749
|switch|p2a: Mandibuzz|Mandibuzz, F|100/100
|move|p1a: Hoopa|Hyperspace Fury|p2a: Mandibuzz
|-resisted|p2a: Mandibuzz
|-damage|p2a: Mandibuzz|70/100
|-unboost|p1a: Hoopa|def|1
|
|upkeep
|turn|3
|
|t:|1779722758
|switch|p1a: Moltres|Moltres|100/100
|move|p2a: Mandibuzz|U-turn|p1a: Moltres
|-resisted|p1a: Moltres
|-damage|p1a: Moltres|98/100
|-status|p2a: Mandibuzz|brn|[from] ability: Flame Body|[of] p1a: Moltres
|
|t:|1779722761
|switch|p2a: Rotom|Rotom-Heat|92/100|[from] U-turn
|
|upkeep
|turn|4
|
|t:|1779722767
|move|p2a: Rotom|Nasty Plot|p2a: Rotom
|-boost|p2a: Rotom|spa|2
|move|p1a: Moltres|U-turn|p2a: Rotom
|-resisted|p2a: Rotom
|-damage|p2a: Rotom|83/100
|
|t:|1779722772
|switch|p1a: Ogerpon|Ogerpon-Wellspring, F|100/100|[from] U-turn
|
|upkeep
|turn|5
|
|t:|1779722777
|switch|p2a: Clodsire|Clodsire, F|100/100
|move|p1a: Ogerpon|U-turn|p2a: Clodsire
|-resisted|p2a: Clodsire
|-damage|p2a: Clodsire|86/100
|
|t:|1779722781
|switch|p1a: Hoopa|Hoopa-Unbound|100/100|[from] U-turn
|
|-heal|p2a: Clodsire|92/100|[from] item: Leftovers
|upkeep
|turn|6
|
|t:|1779722793
|switch|p2a: Mandibuzz|Mandibuzz, F|70/100 brn
|move|p1a: Hoopa|Trick|p2a: Mandibuzz
|-activate|p1a: Hoopa|move: Trick|[of] p2a: Mandibuzz
|-item|p2a: Mandibuzz|Choice Band|[from] move: Trick
|-item|p1a: Hoopa|Heavy-Duty Boots|[from] move: Trick
|
|-damage|p2a: Mandibuzz|64/100 brn|[from] brn
|upkeep
|turn|7
|
|t:|1779722800
|switch|p1a: Great Tusk|Great Tusk|100/100
|move|p2a: Mandibuzz|U-turn|p1a: Great Tusk
|-resisted|p1a: Great Tusk
|-damage|p1a: Great Tusk|98/100
|-damage|p2a: Mandibuzz|47/100 brn|[from] item: Rocky Helmet|[of] p1a: Great Tusk
|
|t:|1779722806
|switch|p2a: Rotom|Rotom-Heat|83/100|[from] U-turn
|
|upkeep
|turn|8
|
|t:|1779722812
|-end|p1a: Great Tusk|Protosynthesis|[silent]
|switch|p1a: Hoopa|Hoopa-Unbound|100/100
|move|p2a: Rotom|Overheat|p1a: Hoopa
|-damage|p1a: Hoopa|54/100
|-unboost|p2a: Rotom|spa|2
|
|upkeep
|turn|9
|
|t:|1779722820
|switch|p2a: Mandibuzz|Mandibuzz, F|47/100 brn
|move|p1a: Hoopa|Drain Punch|p2a: Mandibuzz
|-damage|p2a: Mandibuzz|28/100 brn
|-heal|p1a: Hoopa|67/100|[from] drain|[of] p2a: Mandibuzz
|
|-damage|p2a: Mandibuzz|22/100 brn|[from] brn
|upkeep
|turn|10
|
|t:|1779722827
|move|p1a: Hoopa|Drain Punch|p2a: Mandibuzz
|-crit|p2a: Mandibuzz
|-damage|p2a: Mandibuzz|0 fnt
|-heal|p1a: Hoopa|82/100|[from] drain|[of] p2a: Mandibuzz
|faint|p2a: Mandibuzz
|
|upkeep
|
|t:|1779722849
|switch|p2a: Dragonite|Dragonite, M|100/100
|turn|11
|
|t:|1779722856
|move|p2a: Dragonite|Dragon Dance|p2a: Dragonite
|-boost|p2a: Dragonite|atk|1
|-boost|p2a: Dragonite|spe|1
|move|p1a: Hoopa|Hyperspace Fury|p2a: Dragonite
|-damage|p2a: Dragonite|66/100
|-unboost|p1a: Hoopa|def|1
|
|upkeep
|turn|12
|inactive|Lnfrvjmkv has 120 seconds left.
|
|t:|1779722886
|switch|p1a: Moltres|Moltres|98/100
|move|p2a: Dragonite|Earthquake|p1a: Moltres
|-immune|p1a: Moltres
|
|upkeep
|turn|13
|
|t:|1779722893
|move|p2a: Dragonite|Dragon Dance|p2a: Dragonite
|-boost|p2a: Dragonite|atk|1
|-boost|p2a: Dragonite|spe|1
|move|p1a: Moltres|Hurricane|p2a: Dragonite
|-damage|p2a: Dragonite|20/100
|-start|p2a: Dragonite|confusion
|
|upkeep
|turn|14
|
|t:|1779722902
|-activate|p2a: Dragonite|confusion
|-damage|p2a: Dragonite|0 fnt|[from] confusion
|faint|p2a: Dragonite
|move|p1a: Moltres|U-turn|p2: Dragonite|[notarget]
|-fail|p1a: Moltres
|
|upkeep
|-message|nwalesu forfeited.
|
|win|Lnfrvjmkv
|raw|Lnfrvjmkv's rating: 1430 &rarr; <strong>1450</strong><br />(+20 for winning)
|raw|nwalesu's rating: 1426 &rarr; <strong>1406</strong><br />(-20 for losing)
|l|☆nwalesu
|player|p2|
|l|☆Lnfrvjmkv
|player|p1|
