|j|☆HAJIGOO24
|j|☆Aukijunichi
|t:|1779600534
|gametype|singles
|player|p1|HAJIGOO24|iris-gen5bw2|1237
|player|p2|Aukijunichi|266|1231
|gen|9
|tier|[Gen 9] OU
|rated|
|rule|HP Percentage Mod: HP is shown in percentages
|rule|Endless Battle Clause: Forcing endless battles is banned
|rule|Species Clause: Limit one of each Pokémon
|rule|OHKO Clause: OHKO moves are banned
|rule|Evasion Items Clause: Evasion items are banned
|rule|Evasion Moves Clause: Evasion moves are banned
|rule|Evasion Abilities Clause: Evasion abilities are banned
|rule|Sleep Moves Clause: Sleep-inducing moves are banned
|clearpoke
|poke|p1|Garchomp, F|
|poke|p1|Ogerpon-Wellspring, F|
|poke|p1|Armarouge, F|
|poke|p1|Darkrai|
|poke|p1|Fezandipiti, M|
|poke|p1|Samurott-Hisui, F|
|poke|p2|Porygon2|
|poke|p2|Hatterene, F|
|poke|p2|Iron Hands|
|poke|p2|Kingambit, M|
|poke|p2|Chesnaught, F|
|poke|p2|Ceruledge, M|
|teampreview
|inactive|Battle timer is ON: inactive players will automatically lose when time's up. (requested by HAJIGOO24)
|
|t:|1779600560
|teamsize|p1|6
|teamsize|p2|6
|start
|switch|p1a: 头顶尖尖|Samurott-Hisui, F|100/100
|switch|p2a: Ms. Hat|Hatterene, F, shiny|100/100
|turn|1
|
|t:|1779600569
|move|p1a: 头顶尖尖|Ceaseless Edge|p2a: Ms. Hat
|-damage|p2a: Ms. Hat|51/100
|-sidestart|p2: Aukijunichi|Spikes
|-enditem|p2a: Ms. Hat|Red Card|[of] p1a: 头顶尖尖
|drag|p1a: 坤|Fezandipiti, M|100/100
|move|p2a: Ms. Hat|Draining Kiss|p1a: 坤
|-resisted|p1a: 坤
|-damage|p1a: 坤|91/100
|-heal|p2a: Ms. Hat|60/100|[from] drain|[of] p1a: 坤
|
|-heal|p1a: 坤|97/100|[from] item: Black Sludge
|upkeep
|turn|2
|inactive|Aukijunichi has 120 seconds left.
|
|t:|1779600599
|move|p1a: 坤|Alluring Voice|p2a: Ms. Hat
|-damage|p2a: Ms. Hat|38/100
|-status|p2a: Ms. Hat|tox|[from] ability: Toxic Chain|[of] p1a: 坤
|move|p2a: Ms. Hat|Mystical Fire|p1a: 坤
|-damage|p1a: 坤|77/100
|-unboost|p1a: 坤|spa|1
|
|-heal|p1a: 坤|83/100|[from] item: Black Sludge
|-damage|p2a: Ms. Hat|32/100 tox|[from] psn
|upkeep
|turn|3
|inactive|Aukijunichi has 120 seconds left.
|
|t:|1779600614
|switch|p1a: 头顶尖尖|Samurott-Hisui, F|100/100
|move|p2a: Ms. Hat|Trick Room|p2a: Ms. Hat
|-fieldstart|move: Trick Room|[of] p2a: Ms. Hat
|
|-damage|p2a: Ms. Hat|20/100 tox|[from] psn
|upkeep
|turn|4
|inactive|Aukijunichi has 120 seconds left.
|
|t:|1779600621
|switch|p1a: 坤|Fezandipiti, M|83/100
|move|p2a: Ms. Hat|Draining Kiss|p1a: 坤
|-resisted|p1a: 坤
|-damage|p1a: 坤|73/100
|-heal|p2a: Ms. Hat|28/100 tox|[from] drain|[of] p1a: 坤
|
|-heal|p1a: 坤|79/100|[from] item: Black Sludge
|-damage|p2a: Ms. Hat|10/100 tox|[from] psn
|upkeep
|turn|5
|inactive|Aukijunichi has 120 seconds left.
|
|t:|1779600632
|switch|p2a: Gambler|Kingambit, M, shiny|100/100
|-damage|p2a: Gambler|88/100|[from] Spikes
|move|p1a: 坤|Protect||[still]
|-fail|p1a: 坤
|
|-heal|p1a: 坤|85/100|[from] item: Black Sludge
|upkeep
|turn|6
|
|t:|1779600641
|move|p2a: Gambler|Swords Dance|p2a: Gambler
|-boost|p2a: Gambler|atk|2
|move|p1a: 坤|Alluring Voice|p2a: Gambler
|-damage|p2a: Gambler|68/100
|-start|p2a: Gambler|confusion
|
|-heal|p1a: 坤|92/100|[from] item: Black Sludge
|upkeep
|turn|7
|
|t:|1779600651
|switch|p1a: 最后一舞|Armarouge, F, shiny|100/100
|-activate|p2a: Gambler|confusion
|-damage|p2a: Gambler|47/100|[from] confusion
|
|-fieldend|move: Trick Room
|upkeep
|turn|8
|
|t:|1779600658
|-activate|p2a: Gambler|confusion
|-damage|p2a: Gambler|25/100|[from] confusion
|move|p1a: 最后一舞|Armor Cannon|p2a: Gambler
|-supereffective|p2a: Gambler
|-damage|p2a: Gambler|0 fnt
|-unboost|p1a: 最后一舞|def|1
|-unboost|p1a: 最后一舞|spd|1
|faint|p2a: Gambler
|-end|p2a: Gambler|fallenundefined|[silent]
|
|upkeep
|
|t:|1779600664
|switch|p2a: PZ3000|Porygon2|100/100
|-damage|p2a: PZ3000|88/100|[from] Spikes
|turn|9
|
|t:|1779600671
|move|p1a: 最后一舞|Armor Cannon|p2a: PZ3000
|-damage|p2a: PZ3000|52/100
|-unboost|p1a: 最后一舞|def|1
|-unboost|p1a: 最后一舞|spd|1
|move|p2a: PZ3000|Shadow Ball|p1a: 最后一舞
|-supereffective|p1a: 最后一舞
|-damage|p1a: 最后一舞|0 fnt
|faint|p1a: 最后一舞
|
|upkeep
|
|t:|1779600681
|switch|p1a: 头顶尖尖|Samurott-Hisui, F|100/100
|turn|10
|
|t:|1779600689
|move|p1a: 头顶尖尖|Ceaseless Edge|p2a: PZ3000
|-damage|p2a: PZ3000|25/100
|-sidestart|p2: Aukijunichi|Spikes
|move|p2a: PZ3000|Tri Attack|p1a: 头顶尖尖
|-damage|p1a: 头顶尖尖|56/100
|-status|p1a: 头顶尖尖|par
|
|upkeep
|turn|11
|
|t:|1779600700
|move|p2a: PZ3000|Tri Attack|p1a: 头顶尖尖
|-damage|p1a: 头顶尖尖|22/100 par
|move|p1a: 头顶尖尖|Ceaseless Edge|p2a: PZ3000
|-damage|p2a: PZ3000|0 fnt
|-sidestart|p2: Aukijunichi|Spikes
|faint|p2a: PZ3000
|
|upkeep
|
|t:|1779600710
|switch|p2a: Ms. Hat|Hatterene, F, shiny|10/100 tox
|-damage|p2a: Ms. Hat|0 fnt|[from] Spikes
|faint|p2a: Ms. Hat
|
|t:|1779600720
|switch|p2a: Big Che$t|Chesnaught, F, shiny|100/100
|-damage|p2a: Big Che$t|75/100|[from] Spikes
|turn|12
|
|t:|1779600727
|switch|p1a: 梦龙|Garchomp, F|100/100
|move|p2a: Big Che$t|Belly Drum|p2a: Big Che$t
|-damage|p2a: Big Che$t|25/100
|-setboost|p2a: Big Che$t|atk|6|[from] move: Belly Drum
|-enditem|p2a: Big Che$t|Sitrus Berry|[eat]
|-heal|p2a: Big Che$t|50/100|[from] item: Sitrus Berry
|
|upkeep
|turn|13
|
|t:|1779600738
|move|p2a: Big Che$t|Drain Punch|p1a: 梦龙
|-damage|p1a: 梦龙|0 fnt
|-heal|p2a: Big Che$t|100/100|[from] drain|[of] p1a: 梦龙
|-damage|p2a: Big Che$t|88/100|[from] ability: Rough Skin|[of] p1a: 梦龙
|-damage|p2a: Big Che$t|72/100|[from] item: Rocky Helmet|[of] p1a: 梦龙
|faint|p1a: 梦龙
|
|upkeep
|
|t:|1779600747
|switch|p1a: 坤|Fezandipiti, M|92/100
|turn|14
|
|t:|1779600756
|move|p1a: 坤|Toxic|p2a: Big Che$t
|-status|p2a: Big Che$t|tox
|move|p2a: Big Che$t|Knock Off|p1a: 坤
|-resisted|p1a: 坤
|-damage|p1a: 坤|42/100
|-enditem|p1a: 坤|Black Sludge|[from] move: Knock Off|[of] p2a: Big Che$t
|
|-damage|p2a: Big Che$t|65/100 tox|[from] psn
|upkeep
|turn|15
|
|t:|1779600764
|move|p1a: 坤|Roost|p1a: 坤
|-heal|p1a: 坤|92/100
|-singleturn|p1a: 坤|move: Roost
|move|p2a: Big Che$t|Drain Punch|p1a: 坤
|-resisted|p1a: 坤
|-damage|p1a: 坤|67/100
|-heal|p2a: Big Che$t|78/100 tox|[from] drain|[of] p1a: 坤
|
|-damage|p2a: Big Che$t|66/100 tox|[from] psn
|upkeep
|turn|16
|
|t:|1779600774
|move|p1a: 坤|Alluring Voice|p2a: Big Che$t
|-supereffective|p2a: Big Che$t
|-damage|p2a: Big Che$t|28/100 tox
|move|p2a: Big Che$t|Wood Hammer|p1a: 坤
|-resisted|p1a: 坤
|-damage|p1a: 坤|0 fnt
|faint|p1a: 坤
|-damage|p2a: Big Che$t|6/100 tox|[from] Recoil
|
|-damage|p2a: Big Che$t|0 fnt|[from] psn
|faint|p2a: Big Che$t
|upkeep
|
|t:|1779600787
|switch|p1a: 图图犬谋杀案|Darkrai|100/100
|switch|p2a: Dj Necktwister|Iron Hands|100/100
|-damage|p2a: Dj Necktwister|76/100|[from] Spikes
|turn|17
|
|t:|1779600796
|-terastallize|p1a: 图图犬谋杀案|Poison
|move|p2a: Dj Necktwister|Fake Out|p1a: 图图犬谋杀案
|-damage|p1a: 图图犬谋杀案|77/100
|cant|p1a: 图图犬谋杀案|flinch
|
|upkeep
|turn|18
|
|t:|1779600803
|switch|p1a: 波尼酱|Ogerpon-Wellspring, F|100/100
|move|p2a: Dj Necktwister|Supercell Slam|p1a: 波尼酱
|-damage|p1a: 波尼酱|18/100
|
|upkeep
|turn|19
|
|t:|1779600810
|move|p1a: 波尼酱|Ivy Cudgel|p2a: Dj Necktwister|[anim] Ivy Cudgel Water
|-damage|p2a: Dj Necktwister|37/100
|move|p2a: Dj Necktwister|Drain Punch|p1a: 波尼酱
|-damage|p1a: 波尼酱|0 fnt
|-heal|p2a: Dj Necktwister|42/100|[from] drain|[of] p1a: 波尼酱
|faint|p1a: 波尼酱
|
|upkeep
|
|t:|1779600819
|switch|p1a: 图图犬谋杀案|Darkrai, tera:Poison|77/100
|turn|20
|
|t:|1779600825
|move|p1a: 图图犬谋杀案|Sludge Bomb|p2a: Dj Necktwister
|-damage|p2a: Dj Necktwister|0 fnt
|faint|p2a: Dj Necktwister
|-end|p2a: Dj Necktwister|Quark Drive|[silent]
|
|upkeep
|
|t:|1779600828
|switch|p2a: blade|Ceruledge, M, shiny|100/100
|-damage|p2a: blade|76/100|[from] Spikes
|turn|21
|
|t:|1779600837
|switch|p1a: 头顶尖尖|Samurott-Hisui, F|22/100 par
|move|p2a: blade|Bitter Blade|p1a: 头顶尖尖
|-resisted|p1a: 头顶尖尖
|-damage|p1a: 头顶尖尖|0 fnt
|-heal|p2a: blade|88/100|[from] drain|[of] p1a: 头顶尖尖
|faint|p1a: 头顶尖尖
|
|upkeep
|
|t:|1779600845
|switch|p1a: 图图犬谋杀案|Darkrai, tera:Poison|77/100
|turn|22
|
|t:|1779600856
|-terastallize|p2a: blade|Bug
|move|p1a: 图图犬谋杀案|Dark Pulse|p2a: blade
|-damage|p2a: blade|21/100
|move|p2a: blade|Bitter Blade|p1a: 图图犬谋杀案
|-damage|p1a: 图图犬谋杀案|12/100
|-heal|p2a: blade|49/100|[from] drain|[of] p1a: 图图犬谋杀案
|
|upkeep
|turn|23
|
|t:|1779600864
|move|p2a: blade|Shadow Sneak|p1a: 图图犬谋杀案
|-damage|p1a: 图图犬谋杀案|0 fnt
|faint|p1a: 图图犬谋杀案
|
|win|Aukijunichi
|raw|HAJIGOO24's rating: 1237 &rarr; <strong>1212</strong><br />(-25 for losing)
|raw|Aukijunichi's rating: 1231 &rarr; <strong>1256</strong><br />(+25 for winning)
|l|☆HAJIGOO24
|player|p1|
