|j|☆rdtfyguhjnk
|j|☆ilrosso
|t:|1779633749
|gametype|singles
|player|p1|rdtfyguhjnk|265|1081
|player|p2|ilrosso|169|1092
|gen|9
|tier|[Gen 9] OU
|rated|
|rule|HP Percentage Mod: HP is shown in percentages
|rule|Endless Battle Clause: Forcing endless battles is banned
|rule|Species Clause: Limit one of each Pokémon
|rule|OHKO Clause: OHKO moves are banned
|rule|Evasion Items Clause: Evasion items are banned
|rule|Evasion Moves Clause: Evasion moves are banned
|rule|Evasion Abilities Clause: Evasion abilities are banned
|rule|Sleep Moves Clause: Sleep-inducing moves are banned
|clearpoke
|poke|p1|Maushold-Four|
|poke|p1|Zoroark-Hisui, M|
|poke|p1|Meloetta|
|poke|p1|Blissey, F|
|poke|p1|Grafaiai, F|
|poke|p1|Staraptor, F|
|poke|p2|Honchkrow, F|
|poke|p2|Comfey, M|
|poke|p2|Slowbro-Galar, M|
|poke|p2|Scrafty, F|
|poke|p2|Ambipom, M|
|poke|p2|Crawdaunt, M|
|teampreview
|inactive|Battle timer is ON: inactive players will automatically lose when time's up. (requested by ilrosso)
|
|t:|1779633768
|teamsize|p1|6
|teamsize|p2|6
|start
|switch|p1a: Maushold|Maushold-Four|100/100
|switch|p2a: Ambipom|Ambipom, M, shiny|100/100
|turn|1
|
|t:|1779633775
|move|p2a: Ambipom|Fake Out|p1a: Maushold
|-immune|p1a: Maushold
|move|p1a: Maushold|Nasty Plot|p1a: Maushold
|-boost|p1a: Maushold|spa|2
|
|upkeep
|turn|2
|
|t:|1779633783
|move|p2a: Ambipom|Triple Axel|p1a: Maushold
|-damage|p1a: Maushold|76/100
|replace|p1a: Zoroark|Zoroark-Hisui, M
|-end|p1a: Zoroark|Illusion
|-damage|p1a: Zoroark|32/100
|-damage|p1a: Zoroark|0 fnt
|faint|p1a: Zoroark
|-hitcount|p1: Zoroark|3
|-damage|p2a: Ambipom|91/100|[from] item: Life Orb
|
|upkeep
|
|t:|1779633800
|switch|p1a: Maushold|Maushold-Four|100/100
|turn|3
|
|t:|1779633807
|move|p2a: Ambipom|Triple Axel|p1a: Maushold
|-damage|p1a: Maushold|82/100
|-damage|p1a: Maushold|47/100
|-damage|p1a: Maushold|0 fnt
|faint|p1a: Maushold
|-hitcount|p1: Maushold|3
|-damage|p2a: Ambipom|81/100|[from] item: Life Orb
|
|upkeep
|
|t:|1779633820
|switch|p1a: Grafaiai|Grafaiai, F|100/100
|turn|4
|
|t:|1779633829
|move|p1a: Grafaiai|Toxic|p2a: Ambipom
|-status|p2a: Ambipom|tox
|move|p2a: Ambipom|Aerial Ace|p1a: Grafaiai
|-damage|p1a: Grafaiai|65/100
|-damage|p2a: Ambipom|71/100 tox|[from] item: Life Orb
|
|-heal|p1a: Grafaiai|71/100|[from] item: Leftovers
|-damage|p2a: Ambipom|64/100 tox|[from] psn
|upkeep
|turn|5
|
|t:|1779633840
|move|p1a: Grafaiai|Substitute|p1a: Grafaiai
|-start|p1a: Grafaiai|Substitute
|-damage|p1a: Grafaiai|46/100
|move|p2a: Ambipom|Triple Axel|p1a: Grafaiai
|-activate|p1a: Grafaiai|move: Substitute|[damage]
|-end|p1a: Grafaiai|Substitute
|-damage|p1a: Grafaiai|9/100
|-hitcount|p1a: Grafaiai|3
|-damage|p2a: Ambipom|54/100 tox|[from] item: Life Orb
|
|-heal|p1a: Grafaiai|15/100|[from] item: Leftovers
|-damage|p2a: Ambipom|42/100 tox|[from] psn
|upkeep
|turn|6
|
|t:|1779633852
|move|p1a: Grafaiai|Parting Shot|p2a: Ambipom
|-unboost|p2a: Ambipom|atk|1
|-unboost|p2a: Ambipom|spa|1
|
|t:|1779633857
|switch|p1a: Blissey|Blissey, F|100/100|[from] Parting Shot
|move|p2a: Ambipom|Triple Axel|p1a: Blissey
|-damage|p1a: Blissey|94/100
|-damage|p1a: Blissey|81/100
|-damage|p1a: Blissey|61/100
|-hitcount|p1a: Blissey|3
|-damage|p2a: Ambipom|32/100 tox|[from] item: Life Orb
|
|-heal|p1a: Blissey|67/100|[from] item: Leftovers
|-damage|p2a: Ambipom|14/100 tox|[from] psn
|upkeep
|turn|7
|
|t:|1779633869
|switch|p2a: Scrafty|Scrafty, F, shiny|100/100
|move|p1a: Blissey|Substitute|p1a: Blissey
|-start|p1a: Blissey|Substitute
|-damage|p1a: Blissey|42/100
|
|-heal|p1a: Blissey|48/100|[from] item: Leftovers
|upkeep
|turn|8
|
|t:|1779633877
|move|p2a: Scrafty|Dragon Dance|p2a: Scrafty
|-boost|p2a: Scrafty|atk|1
|-boost|p2a: Scrafty|spe|1
|move|p1a: Blissey|Thunder Wave|p2a: Scrafty
|-status|p2a: Scrafty|par
|
|-heal|p1a: Blissey|55/100|[from] item: Leftovers
|upkeep
|turn|9
|
|t:|1779633885
|move|p2a: Scrafty|Dragon Dance|p2a: Scrafty
|-boost|p2a: Scrafty|atk|1
|-boost|p2a: Scrafty|spe|1
|move|p1a: Blissey|Seismic Toss|p2a: Scrafty
|-damage|p2a: Scrafty|64/100 par
|
|-heal|p1a: Blissey|61/100|[from] item: Leftovers
|upkeep
|turn|10
|
|t:|1779633893
|move|p2a: Scrafty|Drain Punch|p1a: Blissey
|-supereffective|p1a: Blissey
|-end|p1a: Blissey|Substitute
|-heal|p2a: Scrafty|96/100 par|[from] drain|[of] p1a: Blissey
|-damage|p2a: Scrafty|86/100 par|[from] item: Life Orb
|move|p1a: Blissey|Seismic Toss|p2a: Scrafty
|-damage|p2a: Scrafty|50/100 par
|
|-heal|p1a: Blissey|67/100|[from] item: Leftovers
|upkeep
|turn|11
|
|t:|1779633909
|move|p2a: Scrafty|Dragon Dance|p2a: Scrafty
|-boost|p2a: Scrafty|atk|1
|-boost|p2a: Scrafty|spe|1
|move|p1a: Blissey|Substitute|p1a: Blissey
|-start|p1a: Blissey|Substitute
|-damage|p1a: Blissey|42/100
|
|-heal|p1a: Blissey|48/100|[from] item: Leftovers
|upkeep
|turn|12
|
|t:|1779633917
|move|p2a: Scrafty|Drain Punch|p1a: Blissey
|-supereffective|p1a: Blissey
|-end|p1a: Blissey|Substitute
|-heal|p2a: Scrafty|82/100 par|[from] drain|[of] p1a: Blissey
|-damage|p2a: Scrafty|72/100 par|[from] item: Life Orb
|move|p1a: Blissey|Seismic Toss|p2a: Scrafty
|-damage|p2a: Scrafty|36/100 par
|
|-heal|p1a: Blissey|54/100|[from] item: Leftovers
|upkeep
|turn|13
|
|t:|1779633928
|move|p2a: Scrafty|Drain Punch|p1a: Blissey
|-supereffective|p1a: Blissey
|-damage|p1a: Blissey|0 fnt
|-heal|p2a: Scrafty|100/100 par|[from] drain|[of] p1a: Blissey
|faint|p1a: Blissey
|-ability|p2a: Scrafty|Moxie|boost
|-boost|p2a: Scrafty|atk|1
|-damage|p2a: Scrafty|91/100 par|[from] item: Life Orb
|
|upkeep
|
|t:|1779633951
|switch|p1a: Staraptor|Staraptor, F|100/100
|turn|14
|
|t:|1779633961
|-terastallize|p2a: Scrafty|Dragon
|move|p1a: Staraptor|Brave Bird|p2a: Scrafty
|-damage|p2a: Scrafty|0 fnt
|faint|p2a: Scrafty
|-damage|p1a: Staraptor|75/100|[from] Recoil
|-damage|p1a: Staraptor|65/100|[from] item: Life Orb
|
|upkeep
|
|t:|1779633966
|switch|p2a: Ambipom|Ambipom, M, shiny|14/100 tox
|turn|15
|
|t:|1779633973
|switch|p1a: Grafaiai|Grafaiai, F|15/100
|move|p2a: Ambipom|Fake Out|p1a: Grafaiai
|-damage|p1a: Grafaiai|0 fnt
|faint|p1a: Grafaiai
|-damage|p2a: Ambipom|4/100 tox|[from] item: Life Orb
|
|-damage|p2a: Ambipom|0 fnt|[from] psn
|faint|p2a: Ambipom
|upkeep
|
|t:|1779633988
|switch|p2a: Honchkrow|Honchkrow, F, shiny|100/100
|switch|p1a: Staraptor|Staraptor, F|65/100
|turn|16
|
|t:|1779634012
|move|p1a: Staraptor|Brave Bird|p2a: Honchkrow
|-damage|p2a: Honchkrow|0 fnt
|faint|p2a: Honchkrow
|-damage|p1a: Staraptor|22/100|[from] Recoil
|-damage|p1a: Staraptor|12/100|[from] item: Life Orb
|
|upkeep
|
|t:|1779634015
|switch|p2a: Comfey|Comfey, M, shiny|100/100
|turn|17
|
|t:|1779634026
|move|p2a: Comfey|Draining Kiss|p1a: Staraptor
|-damage|p1a: Staraptor|0 fnt
|faint|p1a: Staraptor
|
|upkeep
|
|t:|1779634031
|switch|p1a: Meloetta|Meloetta|100/100
|turn|18
|
|t:|1779634039
|-terastallize|p1a: Meloetta|Normal
|move|p1a: Meloetta|Echoed Voice|p2a: Comfey
|-damage|p2a: Comfey|37/100
|move|p2a: Comfey|Calm Mind|p2a: Comfey
|-boost|p2a: Comfey|spa|1
|-boost|p2a: Comfey|spd|1
|
|upkeep
|turn|19
|
|t:|1779634046
|move|p2a: Comfey|Draining Kiss|p1a: Meloetta
|-damage|p1a: Meloetta|80/100
|-heal|p2a: Comfey|71/100|[from] drain|[of] p1a: Meloetta
|move|p1a: Meloetta|Echoed Voice|p2a: Comfey
|-damage|p2a: Comfey|14/100
|
|upkeep
|turn|20
|
|t:|1779634054
|move|p2a: Comfey|Draining Kiss|p1a: Meloetta
|-damage|p1a: Meloetta|56/100
|-heal|p2a: Comfey|53/100|[from] drain|[of] p1a: Meloetta
|move|p1a: Meloetta|Echoed Voice|p2a: Comfey
|-damage|p2a: Comfey|0 fnt
|faint|p2a: Comfey
|
|upkeep
|
|t:|1779634061
|switch|p2a: Crawdaunt|Crawdaunt, M|100/100
|turn|21
|
|t:|1779634067
|move|p2a: Crawdaunt|Aqua Jet|p1a: Meloetta
|-damage|p1a: Meloetta|16/100
|-damage|p2a: Crawdaunt|91/100|[from] item: Life Orb
|move|p1a: Meloetta|Echoed Voice|p2a: Crawdaunt
|-damage|p2a: Crawdaunt|0 fnt
|faint|p2a: Crawdaunt
|
|upkeep
|
|t:|1779634069
|switch|p2a: Slowbro|Slowbro-Galar, M|100/100
|turn|22
|
|t:|1779634076
|move|p1a: Meloetta|Echoed Voice|p2a: Slowbro
|-damage|p2a: Slowbro|0 fnt
|faint|p2a: Slowbro
|
|win|rdtfyguhjnk
|raw|rdtfyguhjnk's rating: 1081 &rarr; <strong>1110</strong><br />(+29 for winning)
|raw|ilrosso's rating: 1092 &rarr; <strong>1067</strong><br />(-25 for losing)
|l|☆rdtfyguhjnk
|player|p1|
|l|☆ilrosso
|player|p2|
