|j|☆Srleo2
|j|☆diegoparra27
|t:|1779570147
|gametype|singles
|player|p1|Srleo2|gentleman-gen4|1449
|player|p2|diegoparra27|2|1388
|gen|9
|tier|[Gen 9] OU
|rated|
|rule|HP Percentage Mod: HP is shown in percentages
|rule|Endless Battle Clause: Forcing endless battles is banned
|rule|Species Clause: Limit one of each Pokémon
|rule|OHKO Clause: OHKO moves are banned
|rule|Evasion Items Clause: Evasion items are banned
|rule|Evasion Moves Clause: Evasion moves are banned
|rule|Evasion Abilities Clause: Evasion abilities are banned
|rule|Sleep Moves Clause: Sleep-inducing moves are banned
|clearpoke
|poke|p1|Hatterene, F|
|poke|p1|Farigiraf, M|
|poke|p1|Mimikyu, M|
|poke|p1|Slither Wing|
|poke|p1|Ursaluna, M|
|poke|p1|Torkoal, F|
|poke|p2|Weezing-Galar, F|
|poke|p2|Gliscor, F|
|poke|p2|Blissey, F|
|poke|p2|Corviknight, M|
|poke|p2|Dondozo, F|
|poke|p2|Toxapex, M|
|teampreview
|
|t:|1779570150
|teamsize|p1|6
|teamsize|p2|6
|start
|switch|p1a: Hatterene|Hatterene, F|100/100
|switch|p2a: Gliscor|Gliscor, F|100/100
|turn|1
|inactive|Battle timer is ON: inactive players will automatically lose when time's up. (requested by Srleo2)
|
|t:|1779570158
|move|p2a: Gliscor|Knock Off|p1a: Hatterene
|-damage|p1a: Hatterene|77/100
|-enditem|p1a: Hatterene|Focus Sash|[from] move: Knock Off|[of] p2a: Gliscor
|move|p1a: Hatterene|Trick Room|p1a: Hatterene
|-fieldstart|move: Trick Room|[of] p1a: Hatterene
|
|-status|p2a: Gliscor|tox|[from] item: Toxic Orb
|upkeep
|turn|2
|
|t:|1779570166
|move|p1a: Hatterene|Psychic|p2a: Gliscor
|-damage|p2a: Gliscor|53/100 tox
|move|p2a: Gliscor|Swords Dance|p2a: Gliscor
|-boost|p2a: Gliscor|atk|2
|
|-heal|p2a: Gliscor|65/100 tox|[from] ability: Poison Heal
|upkeep
|turn|3
|
|t:|1779570173
|-terastallize|p2a: Gliscor|Dark
|move|p1a: Hatterene|Psychic|p2a: Gliscor
|-immune|p2a: Gliscor
|move|p2a: Gliscor|Swords Dance|p2a: Gliscor
|-boost|p2a: Gliscor|atk|2
|
|-heal|p2a: Gliscor|78/100 tox|[from] ability: Poison Heal
|upkeep
|turn|4
|
|t:|1779570192
|move|p2a: Gliscor|Protect|p2a: Gliscor
|-singleturn|p2a: Gliscor|Protect
|move|p1a: Hatterene|Misty Explosion|p2a: Gliscor
|-activate|p2a: Gliscor|move: Protect
|faint|p1a: Hatterene
|
|-heal|p2a: Gliscor|90/100 tox|[from] ability: Poison Heal
|upkeep
|
|t:|1779570198
|switch|p1a: Slither Wing|Slither Wing|100/100
|turn|5
|
|t:|1779570206
|move|p1a: Slither Wing|Close Combat|p2a: Gliscor
|-supereffective|p2a: Gliscor
|-damage|p2a: Gliscor|0 fnt
|-unboost|p1a: Slither Wing|def|1
|-unboost|p1a: Slither Wing|spd|1
|faint|p2a: Gliscor
|
|-fieldend|move: Trick Room
|upkeep
|
|t:|1779570214
|switch|p2a: Weezing|Weezing-Galar, F|100/100
|-ability|p2a: Weezing|Neutralizing Gas
|turn|6
|
|t:|1779570238
|-end|p1a: Slither Wing|Protosynthesis|[silent]
|switch|p1a: Farigiraf|Farigiraf, M|100/100
|move|p2a: Weezing|Toxic Spikes|p1a: Farigiraf
|-sidestart|p1: Srleo2|move: Toxic Spikes
|
|upkeep
|turn|7
|
|t:|1779570249
|move|p2a: Weezing|Will-O-Wisp|p1a: Farigiraf|[miss]
|-miss|p2a: Weezing|p1a: Farigiraf
|move|p1a: Farigiraf|Trick Room|p1a: Farigiraf
|-fieldstart|move: Trick Room|[of] p1a: Farigiraf
|
|upkeep
|turn|8
|
|t:|1779570256
|move|p1a: Farigiraf|Nasty Plot|p1a: Farigiraf
|-boost|p1a: Farigiraf|spa|2
|move|p2a: Weezing|Toxic Spikes|p1a: Farigiraf
|-sidestart|p1: Srleo2|move: Toxic Spikes
|
|upkeep
|turn|9
|
|t:|1779570261
|-end|p2a: Weezing|ability: Neutralizing Gas
|switch|p2a: Blissey|Blissey, F|100/100
|move|p1a: Farigiraf|Hyper Voice|p2a: Blissey
|-damage|p2a: Blissey|71/100
|-enditem|p1a: Farigiraf|Throat Spray
|-boost|p1a: Farigiraf|spa|1|[from] item: Throat Spray
|
|-heal|p2a: Blissey|77/100|[from] item: Leftovers
|upkeep
|turn|10
|
|t:|1779570271
|switch|p1a: Slither Wing|Slither Wing|100/100
|-status|p1a: Slither Wing|tox
|move|p2a: Blissey|Calm Mind|p2a: Blissey
|-boost|p2a: Blissey|spa|1
|-boost|p2a: Blissey|spd|1
|
|-heal|p2a: Blissey|83/100|[from] item: Leftovers
|-damage|p1a: Slither Wing|94/100 tox|[from] psn
|upkeep
|turn|11
|
|t:|1779570284
|switch|p2a: Corviknight|Corviknight, M|100/100
|-ability|p2a: Corviknight|Pressure
|move|p1a: Slither Wing|Flare Blitz|p2a: Corviknight
|-supereffective|p2a: Corviknight
|-damage|p2a: Corviknight|10/100
|-damage|p1a: Slither Wing|62/100 tox|[from] Recoil
|
|-heal|p2a: Corviknight|17/100|[from] item: Leftovers
|-damage|p1a: Slither Wing|49/100 tox|[from] psn
|-fieldend|move: Trick Room
|upkeep
|turn|12
|
|t:|1779570295
|switch|p2a: Dondozo|Dondozo, F|100/100
|move|p1a: Slither Wing|Flare Blitz|p2a: Dondozo
|-resisted|p2a: Dondozo
|-damage|p2a: Dondozo|86/100
|-damage|p1a: Slither Wing|42/100 tox|[from] Recoil
|
|-heal|p2a: Dondozo|92/100|[from] item: Leftovers
|-damage|p1a: Slither Wing|24/100 tox|[from] psn
|upkeep
|turn|13
|
|t:|1779570312
|-end|p1a: Slither Wing|Protosynthesis|[silent]
|switch|p1a: Farigiraf|Farigiraf, M|100/100
|-status|p1a: Farigiraf|tox
|move|p2a: Dondozo|Curse|p2a: Dondozo
|-unboost|p2a: Dondozo|spe|1
|-boost|p2a: Dondozo|atk|1
|-boost|p2a: Dondozo|def|1
|
|-heal|p2a: Dondozo|98/100|[from] item: Leftovers
|-damage|p1a: Farigiraf|94/100 tox|[from] psn
|upkeep
|turn|14
|
|t:|1779570317
|move|p2a: Dondozo|Waterfall|p1a: Farigiraf
|-damage|p1a: Farigiraf|54/100 tox
|move|p1a: Farigiraf|Trick Room|p1a: Farigiraf
|-fieldstart|move: Trick Room|[of] p1a: Farigiraf
|
|-heal|p2a: Dondozo|100/100|[from] item: Leftovers
|-damage|p1a: Farigiraf|42/100 tox|[from] psn
|upkeep
|turn|15
|
|t:|1779570323
|move|p2a: Dondozo|Waterfall|p1a: Farigiraf
|-damage|p1a: Farigiraf|0 fnt
|faint|p1a: Farigiraf
|
|upkeep
|
|t:|1779570333
|switch|p1a: Torkoal|Torkoal, F|100/100
|-status|p1a: Torkoal|tox
|-weather|SunnyDay|[from] ability: Drought|[of] p1a: Torkoal
|turn|16
|
|t:|1779570340
|move|p1a: Torkoal|Solar Beam||[still]
|-prepare|p1a: Torkoal|Solar Beam
|-anim|p1a: Torkoal|Solar Beam|p2a: Dondozo
|-supereffective|p2a: Dondozo
|-damage|p2a: Dondozo|3/100
|move|p2a: Dondozo|Waterfall|p1a: Torkoal
|-supereffective|p1a: Torkoal
|-damage|p1a: Torkoal|73/100 tox
|
|-weather|SunnyDay|[upkeep]
|-heal|p2a: Dondozo|9/100|[from] item: Leftovers
|-damage|p1a: Torkoal|66/100 tox|[from] psn
|upkeep
|turn|17
|
|t:|1779570354
|move|p1a: Torkoal|Solar Beam||[still]
|-prepare|p1a: Torkoal|Solar Beam
|-anim|p1a: Torkoal|Solar Beam|p2a: Dondozo
|-supereffective|p2a: Dondozo
|-damage|p2a: Dondozo|0 fnt
|faint|p2a: Dondozo
|
|-weather|SunnyDay|[upkeep]
|-damage|p1a: Torkoal|54/100 tox|[from] psn
|upkeep
|
|t:|1779570360
|switch|p2a: Corviknight|Corviknight, M|17/100
|-ability|p2a: Corviknight|Pressure
|turn|18
|
|t:|1779570364
|move|p1a: Torkoal|Solar Beam||[still]
|-prepare|p1a: Torkoal|Solar Beam
|-anim|p1a: Torkoal|Solar Beam|p2a: Corviknight
|-resisted|p2a: Corviknight
|-damage|p2a: Corviknight|3/100
|move|p2a: Corviknight|Roost|p2a: Corviknight
|-heal|p2a: Corviknight|53/100
|-singleturn|p2a: Corviknight|move: Roost
|
|-weather|SunnyDay|[upkeep]
|-heal|p2a: Corviknight|59/100|[from] item: Leftovers
|-damage|p1a: Torkoal|36/100 tox|[from] psn
|-fieldend|move: Trick Room
|upkeep
|turn|19
|
|t:|1779570374
|switch|p1a: Slither Wing|Slither Wing|24/100 tox
|-activate|p1a: Slither Wing|ability: Protosynthesis
|-start|p1a: Slither Wing|protosynthesisatk
|move|p2a: Corviknight|Roost|p2a: Corviknight
|-heal|p2a: Corviknight|100/100
|-singleturn|p2a: Corviknight|move: Roost
|
|-weather|SunnyDay|[upkeep]
|-damage|p1a: Slither Wing|17/100 tox|[from] psn
|upkeep
|turn|20
|
|t:|1779570385
|move|p2a: Corviknight|Iron Defense|p2a: Corviknight
|-boost|p2a: Corviknight|def|2
|move|p1a: Slither Wing|Flare Blitz|p2a: Corviknight
|-supereffective|p2a: Corviknight
|-damage|p2a: Corviknight|14/100
|-damage|p1a: Slither Wing|0 fnt|[from] Recoil
|faint|p1a: Slither Wing
|-end|p1a: Slither Wing|Protosynthesis|[silent]
|
|-weather|none
|-heal|p2a: Corviknight|20/100|[from] item: Leftovers
|upkeep
|
|t:|1779570389
|switch|p1a: Mimikyu|Mimikyu, M|100/100
|-status|p1a: Mimikyu|tox
|turn|21
|
|t:|1779570399
|move|p2a: Corviknight|Roost|p2a: Corviknight
|-heal|p2a: Corviknight|71/100
|-singleturn|p2a: Corviknight|move: Roost
|move|p1a: Mimikyu|Trick Room|p1a: Mimikyu
|-fieldstart|move: Trick Room|[of] p1a: Mimikyu
|
|-heal|p2a: Corviknight|77/100|[from] item: Leftovers
|-damage|p1a: Mimikyu|94/100 tox|[from] psn
|upkeep
|turn|22
|
|t:|1779570409
|switch|p2a: Toxapex|Toxapex, M|100/100
|move|p1a: Mimikyu|Curse|p2a: Toxapex
|-start|p2a: Toxapex|Curse|[of] p1a: Mimikyu
|-damage|p1a: Mimikyu|44/100 tox
|
|-damage|p1a: Mimikyu|32/100 tox|[from] psn
|-damage|p2a: Toxapex|76/100|[from] Curse
|upkeep
|turn|23
|
|t:|1779570429
|move|p1a: Mimikyu|Shadow Sneak|p2a: Toxapex
|-damage|p2a: Toxapex|60/100
|-damage|p1a: Mimikyu|22/100 tox|[from] item: Life Orb
|move|p2a: Toxapex|Recover|p2a: Toxapex
|-heal|p2a: Toxapex|100/100
|
|-damage|p1a: Mimikyu|4/100 tox|[from] psn
|-damage|p2a: Toxapex|76/100|[from] Curse
|upkeep
|turn|24
|
|t:|1779570439
|move|p2a: Toxapex|Recover|p2a: Toxapex
|-heal|p2a: Toxapex|100/100
|move|p1a: Mimikyu|Curse||[still]
|-fail|p1a: Mimikyu
|
|-damage|p1a: Mimikyu|0 fnt|[from] psn
|faint|p1a: Mimikyu
|-damage|p2a: Toxapex|76/100|[from] Curse
|upkeep
|
|t:|1779570453
|switch|p1a: Torkoal|Torkoal, F|36/100 tox
|-weather|SunnyDay|[from] ability: Drought|[of] p1a: Torkoal
|turn|25
|
|t:|1779570463
|move|p1a: Torkoal|Flamethrower|p2a: Toxapex
|-resisted|p2a: Toxapex
|-damage|p2a: Toxapex|43/100
|move|p2a: Toxapex|Recover|p2a: Toxapex
|-heal|p2a: Toxapex|93/100
|
|-weather|SunnyDay|[upkeep]
|-damage|p1a: Torkoal|30/100 tox|[from] psn
|-damage|p2a: Toxapex|68/100|[from] Curse
|-fieldend|move: Trick Room
|upkeep
|turn|26
|
|t:|1779570478
|move|p2a: Toxapex|Recover|p2a: Toxapex
|-heal|p2a: Toxapex|100/100
|move|p1a: Torkoal|Flamethrower|p2a: Toxapex
|-resisted|p2a: Toxapex
|-damage|p2a: Toxapex|68/100
|
|-weather|SunnyDay|[upkeep]
|-damage|p1a: Torkoal|18/100 tox|[from] psn
|-damage|p2a: Toxapex|44/100|[from] Curse
|upkeep
|turn|27
|
|t:|1779570484
|move|p2a: Toxapex|Recover|p2a: Toxapex
|-heal|p2a: Toxapex|94/100
|move|p1a: Torkoal|Flamethrower|p2a: Toxapex
|-resisted|p2a: Toxapex
|-damage|p2a: Toxapex|60/100
|
|-weather|SunnyDay|[upkeep]
|-damage|p1a: Torkoal|0 fnt|[from] psn
|faint|p1a: Torkoal
|-damage|p2a: Toxapex|35/100|[from] Curse
|upkeep
|
|t:|1779570494
|switch|p1a: Ursaluna|Ursaluna, M|100/100
|-status|p1a: Ursaluna|tox
|turn|28
|
|t:|1779570499
|move|p2a: Toxapex|Poison Jab|p1a: Ursaluna
|-resisted|p1a: Ursaluna
|-damage|p1a: Ursaluna|93/100 tox
|move|p1a: Ursaluna|Swords Dance|p1a: Ursaluna
|-boost|p1a: Ursaluna|atk|2
|
|-weather|SunnyDay|[upkeep]
|-damage|p1a: Ursaluna|87/100 tox|[from] psn
|-damage|p2a: Toxapex|11/100|[from] Curse
|upkeep
|turn|29
|
|t:|1779570505
|move|p2a: Toxapex|Haze|p2a: Toxapex
|-clearallboost
|move|p1a: Ursaluna|Facade|p2a: Toxapex
|-damage|p2a: Toxapex|0 fnt
|faint|p2a: Toxapex
|
|-weather|none
|-damage|p1a: Ursaluna|75/100 tox|[from] psn
|upkeep
|
|t:|1779570512
|switch|p2a: Weezing|Weezing-Galar, F|100/100
|-ability|p2a: Weezing|Neutralizing Gas
|turn|30
|
|t:|1779570526
|move|p2a: Weezing|Pain Split|p1a: Ursaluna
|-sethp|p1a: Ursaluna|74/100 tox|[from] move: Pain Split|[silent]
|-sethp|p2a: Weezing|100/100|[from] move: Pain Split
|move|p1a: Ursaluna|Earthquake|p2a: Weezing
|-supereffective|p2a: Weezing
|-damage|p2a: Weezing|26/100
|
|-damage|p1a: Ursaluna|56/100 tox|[from] psn
|upkeep
|turn|31
|
|t:|1779570535
|move|p2a: Weezing|Pain Split|p1a: Ursaluna
|-sethp|p1a: Ursaluna|38/100 tox|[from] move: Pain Split|[silent]
|-sethp|p2a: Weezing|51/100|[from] move: Pain Split
|move|p1a: Ursaluna|Facade|p2a: Weezing
|-damage|p2a: Weezing|0 fnt
|faint|p2a: Weezing
|-end|p2a: Weezing|ability: Neutralizing Gas
|
|-damage|p1a: Ursaluna|13/100 tox|[from] psn
|upkeep
|-message|Srleo2 forfeited.
|
|win|diegoparra27
|raw|Srleo2's rating: 1449 &rarr; <strong>1426</strong><br />(-23 for losing)
|raw|diegoparra27's rating: 1388 &rarr; <strong>1411</strong><br />(+23 for winning)
|l|☆Srleo2
|player|p1|
|c|☆diegoparra27|Gg
