|j|☆xrootz
|j|☆uncle brown
|t:|1779629606
|gametype|singles
|player|p1|xrootz|dancer|1578
|player|p2|uncle brown|102|1533
|gen|9
|tier|[Gen 9] OU
|rated|
|rule|HP Percentage Mod: HP is shown in percentages
|rule|Endless Battle Clause: Forcing endless battles is banned
|rule|Species Clause: Limit one of each Pokémon
|rule|OHKO Clause: OHKO moves are banned
|rule|Evasion Items Clause: Evasion items are banned
|rule|Evasion Moves Clause: Evasion moves are banned
|rule|Evasion Abilities Clause: Evasion abilities are banned
|rule|Sleep Moves Clause: Sleep-inducing moves are banned
|clearpoke
|poke|p1|Ting-Lu|
|poke|p1|Alomomola, F|
|poke|p1|Dragapult, F|
|poke|p1|Great Tusk|
|poke|p1|Slowking-Galar, F|
|poke|p1|Meowscarada, M|
|poke|p2|Araquanid, F|
|poke|p2|Gholdengo|
|poke|p2|Landorus-Therian, M|
|poke|p2|Raging Bolt|
|poke|p2|Ceruledge, M|
|poke|p2|Lucario, F|
|teampreview
|j|+A
|j| capitalist duck
|
|t:|1779629631
|teamsize|p1|6
|teamsize|p2|6
|start
|switch|p1a: Dragapult|Dragapult, F|100/100
|switch|p2a: Lucario|Lucario, F|100/100
|turn|1
|l|+A
|
|t:|1779629669
|move|p1a: Dragapult|Flamethrower|p2a: Lucario
|-supereffective|p2a: Lucario
|-damage|p2a: Lucario|0 fnt
|faint|p2a: Lucario
|
|upkeep
|c| capitalist duck|hmm
|
|t:|1779629675
|switch|p2a: Araquanid|Araquanid, F|100/100
|turn|2
|c|☆uncle brown|sad
|
|t:|1779629683
|switch|p1a: Alomomola|Alomomola, F|100/100
|move|p2a: Araquanid|Sticky Web|p1a: Alomomola
|-sidestart|p1: xrootz|move: Sticky Web
|
|upkeep
|turn|3
|
|t:|1779629693
|move|p1a: Alomomola|Flip Turn|p2a: Araquanid
|-resisted|p2a: Araquanid
|-damage|p2a: Araquanid|93/100
|c| capitalist duck|go featuremon go
|
|t:|1779629700
|switch|p1a: Slowking|Slowking-Galar, F|100/100|[from] Flip Turn
|move|p2a: Araquanid|Surf|p1a: Slowking
|-damage|p1a: Slowking|70/100
|
|upkeep
|turn|4
|
|t:|1779629708
|switch|p2a: Landorus|Landorus-Therian, M|100/100
|-ability|p2a: Landorus|Intimidate|boost
|-unboost|p1a: Slowking|atk|1
|move|p1a: Slowking|Thunder Wave|p2a: Landorus
|-immune|p2a: Landorus
|
|upkeep
|turn|5
|
|t:|1779629716
|switch|p1a: Alomomola|Alomomola, F|100/100
|move|p2a: Landorus|Substitute|p2a: Landorus
|-start|p2a: Landorus|Substitute
|-damage|p2a: Landorus|76/100
|
|-heal|p2a: Landorus|82/100|[from] item: Leftovers
|upkeep
|turn|6
|j| bonczy
|
|t:|1779629727
|move|p2a: Landorus|Swords Dance|p2a: Landorus
|-boost|p2a: Landorus|atk|2
|move|p1a: Alomomola|Flip Turn|p2a: Landorus
|-supereffective|p2a: Landorus
|-end|p2a: Landorus|Substitute
|
|t:|1779629734
|switch|p1a: Great Tusk|Great Tusk|100/100|[from] Flip Turn
|
|-heal|p2a: Landorus|88/100|[from] item: Leftovers
|upkeep
|turn|7
|
|t:|1779629740
|-terastallize|p2a: Landorus|Ground
|move|p2a: Landorus|Earthquake|p1a: Great Tusk
|-damage|p1a: Great Tusk|0 fnt
|faint|p1a: Great Tusk
|-end|p1a: Great Tusk|Protosynthesis|[silent]
|
|-heal|p2a: Landorus|94/100|[from] item: Leftovers
|upkeep
|
|t:|1779629759
|switch|p1a: Ting-Lu|Ting-Lu|100/100
|-activate|p1a: Ting-Lu|move: Sticky Web
|-unboost|p1a: Ting-Lu|spe|1
|-ability|p1a: Ting-Lu|Vessel of Ruin
|turn|8
|
|t:|1779629765
|move|p2a: Landorus|Earthquake|p1a: Ting-Lu
|-damage|p1a: Ting-Lu|36/100
|move|p1a: Ting-Lu|Whirlwind|p2a: Landorus
|drag|p2a: Ceruledge|Ceruledge, M|100/100
|-item|p2a: Ceruledge|Air Balloon
|
|-heal|p1a: Ting-Lu|42/100|[from] item: Leftovers
|upkeep
|turn|9
|
|t:|1779629776
|switch|p2a: Araquanid|Araquanid, F|93/100
|move|p1a: Ting-Lu|Whirlwind|p2a: Araquanid
|drag|p2a: Gholdengo|Gholdengo|100/100
|-item|p2a: Gholdengo|Air Balloon
|
|-heal|p1a: Ting-Lu|48/100|[from] item: Leftovers
|upkeep
|turn|10
|
|t:|1779629786
|move|p2a: Gholdengo|Focus Blast|p1a: Ting-Lu
|-supereffective|p1a: Ting-Lu
|-crit|p1a: Ting-Lu
|-damage|p1a: Ting-Lu|0 fnt
|faint|p1a: Ting-Lu
|
|upkeep
|j| Light SV
|
|t:|1779629796
|switch|p1a: Alomomola|Alomomola, F|100/100
|turn|11
|
|t:|1779629801
|move|p2a: Gholdengo|Nasty Plot|p2a: Gholdengo
|-boost|p2a: Gholdengo|spa|2
|move|p1a: Alomomola|Flip Turn|p2a: Gholdengo
|-damage|p2a: Gholdengo|81/100
|-enditem|p2a: Gholdengo|Air Balloon
|j| ANGEL ENGINE
|
|t:|1779629810
|switch|p1a: Meowscarada|Meowscarada, M|100/100|[from] Flip Turn
|-activate|p1a: Meowscarada|move: Sticky Web
|-unboost|p1a: Meowscarada|spe|1
|
|upkeep
|turn|12
|
|t:|1779629818
|move|p1a: Meowscarada|Knock Off|p2a: Gholdengo
|-start|p1a: Meowscarada|typechange|Dark|[from] ability: Protean
|-supereffective|p2a: Gholdengo
|-damage|p2a: Gholdengo|7/100
|move|p2a: Gholdengo|Focus Blast|p1a: Meowscarada
|-supereffective|p1a: Meowscarada
|-damage|p1a: Meowscarada|0 fnt
|faint|p1a: Meowscarada
|
|upkeep
|-message|xrootz forfeited.
|
|win|uncle brown
|raw|xrootz's rating: 1578 &rarr; <strong>1555</strong><br />(-23 for losing)
|raw|uncle brown's rating: 1533 &rarr; <strong>1556</strong><br />(+23 for winning)
|l|☆xrootz
|player|p1|
|l| ANGEL ENGINE
|j| GengarAdept
|l| bonczy
|l| Light SV
|j| despairing pianist
|l| despairing pianist
