|j|☆BiggieChed66
|j|☆Ballerr
|t:|1779684242
|gametype|singles
|player|p1|BiggieChed66|ghetsis-gen5bw|1363
|player|p2|Ballerr|miku-ground|1507
|gen|9
|tier|[Gen 9] OU
|rated|
|rule|HP Percentage Mod: HP is shown in percentages
|rule|Endless Battle Clause: Forcing endless battles is banned
|rule|Species Clause: Limit one of each Pokémon
|rule|OHKO Clause: OHKO moves are banned
|rule|Evasion Items Clause: Evasion items are banned
|rule|Evasion Moves Clause: Evasion moves are banned
|rule|Evasion Abilities Clause: Evasion abilities are banned
|rule|Sleep Moves Clause: Sleep-inducing moves are banned
|clearpoke
|poke|p1|Gholdengo|
|poke|p1|Gliscor, M|
|poke|p1|Iron Moth|
|poke|p1|Ogerpon-Wellspring, F|
|poke|p1|Great Tusk|
|poke|p1|Darkrai|
|poke|p2|Entei|
|poke|p2|Alomomola, M|
|poke|p2|Tornadus-Therian, M|
|poke|p2|Great Tusk|
|poke|p2|Dragapult, F|
|poke|p2|Kingambit, F|
|teampreview
|inactive|Battle timer is ON: inactive players will automatically lose when time's up. (requested by BiggieChed66)
|
|t:|1779684249
|teamsize|p1|6
|teamsize|p2|6
|start
|switch|p1a: Gliscor|Gliscor, M|100/100
|switch|p2a: Entei|Entei|100/100
|turn|1
|
|t:|1779684252
|move|p1a: Gliscor|Protect|p1a: Gliscor
|-singleturn|p1a: Gliscor|Protect
|move|p2a: Entei|Sacred Fire|p1a: Gliscor
|-activate|p1a: Gliscor|move: Protect
|
|-status|p1a: Gliscor|tox|[from] item: Toxic Orb
|upkeep
|turn|2
|
|t:|1779684257
|move|p2a: Entei|Sacred Fire|p1a: Gliscor
|-damage|p1a: Gliscor|57/100 tox
|move|p1a: Gliscor|Earthquake|p2a: Entei
|-supereffective|p2a: Entei
|-damage|p2a: Entei|25/100
|
|-heal|p1a: Gliscor|70/100 tox|[from] ability: Poison Heal
|upkeep
|turn|3
|
|t:|1779684267
|switch|p2a: Tornadus|Tornadus-Therian, M|100/100
|move|p1a: Gliscor|Toxic|p2a: Tornadus
|-status|p2a: Tornadus|tox
|
|-damage|p2a: Tornadus|94/100 tox|[from] psn
|-heal|p1a: Gliscor|82/100 tox|[from] ability: Poison Heal
|upkeep
|turn|4
|
|t:|1779684274
|move|p1a: Gliscor|Protect|p1a: Gliscor
|-singleturn|p1a: Gliscor|Protect
|move|p2a: Tornadus|Bleakwind Storm|p1a: Gliscor
|-activate|p1a: Gliscor|move: Protect
|
|-damage|p2a: Tornadus|82/100 tox|[from] psn
|-heal|p1a: Gliscor|95/100 tox|[from] ability: Poison Heal
|upkeep
|turn|5
|
|t:|1779684278
|move|p2a: Tornadus|Taunt|p1a: Gliscor
|-start|p1a: Gliscor|move: Taunt
|move|p1a: Gliscor|Knock Off|p2a: Tornadus
|-damage|p2a: Tornadus|53/100 tox
|-damage|p1a: Gliscor|78/100 tox|[from] item: Rocky Helmet|[of] p2a: Tornadus
|-enditem|p2a: Tornadus|Rocky Helmet|[from] move: Knock Off|[of] p1a: Gliscor
|
|-damage|p2a: Tornadus|35/100 tox|[from] psn
|-heal|p1a: Gliscor|91/100 tox|[from] ability: Poison Heal
|upkeep
|turn|6
|
|t:|1779684288
|move|p2a: Tornadus|U-turn|p1a: Gliscor
|-resisted|p1a: Gliscor
|-damage|p1a: Gliscor|86/100 tox
|
|t:|1779684299
|switch|p2a: Great Tusk|Great Tusk|100/100|[from] U-turn
|move|p1a: Gliscor|Knock Off|p2a: Great Tusk
|-resisted|p2a: Great Tusk
|-damage|p2a: Great Tusk|93/100
|-enditem|p2a: Great Tusk|Heavy-Duty Boots|[from] move: Knock Off|[of] p1a: Gliscor
|
|-heal|p1a: Gliscor|99/100 tox|[from] ability: Poison Heal
|upkeep
|turn|7
|
|t:|1779684308
|move|p2a: Great Tusk|Stealth Rock|p1a: Gliscor
|-sidestart|p1: BiggieChed66|move: Stealth Rock
|move|p1a: Gliscor|Earthquake|p2a: Great Tusk
|-damage|p2a: Great Tusk|70/100
|
|-heal|p1a: Gliscor|100/100 tox|[from] ability: Poison Heal
|-end|p1a: Gliscor|move: Taunt
|upkeep
|turn|8
|
|t:|1779684310
|move|p2a: Great Tusk|Ice Spinner|p1a: Gliscor
|-supereffective|p1a: Gliscor
|-damage|p1a: Gliscor|43/100 tox
|move|p1a: Gliscor|Toxic|p2a: Great Tusk
|-status|p2a: Great Tusk|tox
|
|-damage|p2a: Great Tusk|64/100 tox|[from] psn
|-heal|p1a: Gliscor|55/100 tox|[from] ability: Poison Heal
|upkeep
|turn|9
|
|t:|1779684315
|-end|p2a: Great Tusk|Protosynthesis|[silent]
|switch|p2a: Dragapult|Dragapult, F|100/100
|move|p1a: Gliscor|Protect||[still]
|-fail|p1a: Gliscor
|
|-heal|p1a: Gliscor|68/100 tox|[from] ability: Poison Heal
|upkeep
|turn|10
|
|t:|1779684320
|switch|p1a: Gholdengo|Gholdengo|100/100
|-damage|p1a: Gholdengo|94/100|[from] Stealth Rock
|move|p2a: Dragapult|Hex|p1a: Gholdengo
|-supereffective|p1a: Gholdengo
|-crit|p1a: Gholdengo
|-damage|p1a: Gholdengo|0 fnt
|faint|p1a: Gholdengo
|
|upkeep
|
|t:|1779684326
|switch|p1a: Darkrai|Darkrai|100/100
|-damage|p1a: Darkrai|88/100|[from] Stealth Rock
|turn|11
|
|t:|1779684335
|switch|p2a: Alomomola|Alomomola, M|100/100
|-terastallize|p1a: Darkrai|Poison
|move|p1a: Darkrai|Dark Pulse|p2a: Alomomola
|-damage|p2a: Alomomola|72/100
|-damage|p1a: Darkrai|78/100|[from] item: Life Orb
|
|upkeep
|turn|12
|
|t:|1779684340
|move|p1a: Darkrai|Sludge Bomb|p2a: Alomomola
|-damage|p2a: Alomomola|44/100
|-damage|p1a: Darkrai|68/100|[from] item: Life Orb
|move|p2a: Alomomola|Flip Turn|p1a: Darkrai
|-damage|p1a: Darkrai|47/100
|
|t:|1779684351
|switch|p2a: Dragapult|Dragapult, F|100/100|[from] Flip Turn
|
|upkeep
|turn|13
|
|t:|1779684355
|move|p2a: Dragapult|Dragon Darts|p1a: Darkrai
|-damage|p1a: Darkrai|19/100
|-anim|p2a: Dragapult|Dragon Darts|p1a: Darkrai
|-damage|p1a: Darkrai|0 fnt
|faint|p1a: Darkrai
|
|upkeep
|
|t:|1779684364
|switch|p1a: Iron Moth|Iron Moth|100/100
|-damage|p1a: Iron Moth|76/100|[from] Stealth Rock
|-enditem|p1a: Iron Moth|Booster Energy
|-activate|p1a: Iron Moth|ability: Quark Drive|[fromitem]
|-start|p1a: Iron Moth|quarkdrivespa
|turn|14
|
|t:|1779684378
|move|p2a: Dragapult|U-turn|p1a: Iron Moth
|-resisted|p1a: Iron Moth
|-damage|p1a: Iron Moth|68/100
|
|t:|1779684381
|switch|p2a: Alomomola|Alomomola, M|77/100|[from] U-turn
|move|p1a: Iron Moth|Dazzling Gleam|p2a: Alomomola
|-crit|p2a: Alomomola
|-damage|p2a: Alomomola|48/100
|
|upkeep
|turn|15
|
|t:|1779684387
|move|p1a: Iron Moth|Discharge|p2a: Alomomola
|-supereffective|p2a: Alomomola
|-damage|p2a: Alomomola|12/100
|move|p2a: Alomomola|Flip Turn|p1a: Iron Moth
|-supereffective|p1a: Iron Moth
|-damage|p1a: Iron Moth|15/100
|
|t:|1779684393
|switch|p2a: Dragapult|Dragapult, F|100/100|[from] Flip Turn
|
|upkeep
|turn|16
|
|t:|1779684397
|move|p2a: Dragapult|Dragon Darts|p1a: Iron Moth
|-damage|p1a: Iron Moth|0 fnt
|faint|p1a: Iron Moth
|-end|p1a: Iron Moth|Quark Drive|[silent]
|
|upkeep
|
|t:|1779684401
|switch|p1a: Great Tusk|Great Tusk|100/100
|turn|17
|
|t:|1779684405
|move|p2a: Dragapult|Will-O-Wisp|p1a: Great Tusk
|-status|p1a: Great Tusk|brn
|move|p1a: Great Tusk|Ice Spinner|p2a: Dragapult
|-supereffective|p2a: Dragapult
|-damage|p2a: Dragapult|63/100
|
|-damage|p1a: Great Tusk|94/100 brn|[from] brn
|upkeep
|turn|18
|
|t:|1779684414
|-terastallize|p2a: Dragapult|Ghost
|move|p2a: Dragapult|Hex|p1a: Great Tusk
|-damage|p1a: Great Tusk|0 fnt
|faint|p1a: Great Tusk
|-end|p1a: Great Tusk|Protosynthesis|[silent]
|
|upkeep
|
|t:|1779684419
|switch|p1a: Ogerpon|Ogerpon-Wellspring, F|100/100
|-damage|p1a: Ogerpon|88/100|[from] Stealth Rock
|turn|19
|
|t:|1779684424
|move|p2a: Dragapult|U-turn|p1a: Ogerpon
|-supereffective|p1a: Ogerpon
|-damage|p1a: Ogerpon|37/100
|
|t:|1779684428
|switch|p2a: Tornadus|Tornadus-Therian, M|68/100 tox|[from] U-turn
|move|p1a: Ogerpon|Ivy Cudgel|p2a: Tornadus|[anim] Ivy Cudgel Water
|-damage|p2a: Tornadus|0 fnt
|faint|p2a: Tornadus
|
|upkeep
|
|t:|1779684431
|switch|p2a: Dragapult|Dragapult, F, tera:Ghost|63/100
|turn|20
|
|t:|1779684437
|move|p2a: Dragapult|U-turn|p1a: Ogerpon
|-supereffective|p1a: Ogerpon
|-damage|p1a: Ogerpon|0 fnt
|faint|p1a: Ogerpon
|
|t:|1779684440
|switch|p2a: Alomomola|Alomomola, M|45/100|[from] U-turn
|
|upkeep
|-message|BiggieChed66 forfeited.
|
|win|Ballerr
|raw|BiggieChed66's rating: 1363 &rarr; <strong>1351</strong><br />(-12 for losing)
|raw|Ballerr's rating: 1507 &rarr; <strong>1519</strong><br />(+12 for winning)
|l|☆BiggieChed66
|player|p1|
