|j|☆leevoiceact
|j|☆SnowstormO-o
|t:|1779721125
|gametype|singles
|player|p1|leevoiceact|giovanni|1124
|player|p2|SnowstormO-o|psychicf-gen4|1221
|gen|9
|tier|[Gen 9] OU
|rated|
|rule|HP Percentage Mod: HP is shown in percentages
|rule|Endless Battle Clause: Forcing endless battles is banned
|rule|Species Clause: Limit one of each Pokémon
|rule|OHKO Clause: OHKO moves are banned
|rule|Evasion Items Clause: Evasion items are banned
|rule|Evasion Moves Clause: Evasion moves are banned
|rule|Evasion Abilities Clause: Evasion abilities are banned
|rule|Sleep Moves Clause: Sleep-inducing moves are banned
|clearpoke
|poke|p1|Vaporeon, F|
|poke|p1|Cinderace, F|
|poke|p1|Scream Tail|
|poke|p1|Magnezone|
|poke|p1|Flapple, M|
|poke|p1|Hoopa-Unbound|
|poke|p2|Great Tusk|
|poke|p2|Iron Moth|
|poke|p2|Gholdengo|
|poke|p2|Glimmora, M|
|poke|p2|Meowscarada, F|
|poke|p2|Kingambit, M|
|teampreview
|inactive|Battle timer is ON: inactive players will automatically lose when time's up. (requested by SnowstormO-o)
|
|t:|1779721158
|teamsize|p1|6
|teamsize|p2|6
|start
|switch|p1a: Fin|Vaporeon, F|100/100
|switch|p2a: Coughing baby|Glimmora, M|100/100
|turn|1
|
|t:|1779721169
|move|p2a: Coughing baby|Stealth Rock|p1a: Fin
|-sidestart|p1: leevoiceact|move: Stealth Rock
|move|p1a: Fin|Scald|p2a: Coughing baby
|-supereffective|p2a: Coughing baby
|-damage|p2a: Coughing baby|19/100
|
|upkeep
|turn|2
|
|t:|1779721176
|move|p2a: Coughing baby|Memento|p1a: Fin
|-unboost|p1a: Fin|atk|2
|-unboost|p1a: Fin|spa|2
|faint|p2a: Coughing baby
|move|p1a: Fin|Scald|p2: Coughing baby|[notarget]
|-fail|p1a: Fin
|
|upkeep
|
|t:|1779721183
|switch|p2a: Annoying|Meowscarada, F|100/100
|turn|3
|
|t:|1779721187
|switch|p1a: Hotfoot|Cinderace, F|100/100
|move|p2a: Annoying|Knock Off|p1a: Hotfoot
|-start|p2a: Annoying|typechange|Dark|[from] ability: Protean
|-damage|p1a: Hotfoot|11/100
|-enditem|p1a: Hotfoot|Heavy-Duty Boots|[from] move: Knock Off|[of] p2a: Annoying
|-damage|p2a: Annoying|91/100|[from] item: Life Orb
|
|upkeep
|turn|4
|
|t:|1779721201
|switch|p2a: Scorched moth|Iron Moth|100/100
|move|p1a: Hotfoot|Court Change|p1a: Hotfoot
|-start|p1a: Hotfoot|typechange|Normal|[from] ability: Libero
|-swapsideconditions
|-activate|p1a: Hotfoot|move: Court Change
|
|upkeep
|turn|5
|
|t:|1779721209
|move|p1a: Hotfoot|Sucker Punch|p2a: Scorched moth
|-damage|p2a: Scorched moth|60/100
|move|p2a: Scorched moth|Fiery Dance|p1a: Hotfoot
|-damage|p1a: Hotfoot|0 fnt
|-boost|p2a: Scorched moth|spa|1
|faint|p1a: Hotfoot
|
|upkeep
|
|t:|1779721227
|switch|p1a: Mohawk|Scream Tail|100/100
|turn|6
|
|t:|1779721231
|move|p2a: Scorched moth|Sludge Wave|p1a: Mohawk
|-supereffective|p1a: Mohawk
|-damage|p1a: Mohawk|0 fnt
|faint|p1a: Mohawk
|-end|p1a: Mohawk|Protosynthesis|[silent]
|
|upkeep
|
|t:|1779721236
|switch|p1a: Ringbearer|Hoopa-Unbound|100/100
|turn|7
|
|t:|1779721246
|move|p1a: Ringbearer|Hyperspace Fury|p2a: Scorched moth
|-damage|p2a: Scorched moth|0 fnt
|-unboost|p1a: Ringbearer|def|1
|faint|p2a: Scorched moth
|-end|p2a: Scorched moth|Quark Drive|[silent]
|
|upkeep
|c|☆SnowstormO-o|!dt hyperspace fury
|c|☆SnowstormO-o|/raw <ul class="utilichart"><li class="result"><span class="col movenamecol"><a href="https://dex.pokemonshowdown.com/moves/hyperspacefury">Hyperspace Fury</a></span> <span class="col typecol"><img src="//play.pokemonshowdown.com/sprites/types/Dark.png" alt="Dark" width="32" height="14"><img src="//play.pokemonshowdown.com/sprites/categories/Physical.png" alt="Physical" width="32" height="14"></span> <span class="col labelcol"><em>Power</em><br>100</span> <span class="col widelabelcol"><em>Accuracy</em><br>—</span> <span class="col pplabelcol"><em>PP</em><br>8</span> <span class="col movedesccol">Hoopa-U: Lowers user's Def by 1; breaks protect.</span> </li><li style="clear:both"></li></ul>
|c|☆SnowstormO-o|/raw <font size="1"><font color="#686868">Priority:</font> 0&nbsp;|&ThickSpace;<font color="#686868">Gen:</font> 6&nbsp;|&ThickSpace;&#10003; Bypasses Protect&nbsp;|&ThickSpace;&#10003; Bypasses Substitutes&nbsp;|&ThickSpace;<font color="#686868">Z-Power:</font> 180&nbsp;|&ThickSpace;<font color="#686868">Target:</font> One Adjacent Pokémon</font>

|
|t:|1779721266
|switch|p2a: Hydrogen bomb|Great Tusk|100/100
|-damage|p2a: Hydrogen bomb|98/100|[from] Stealth Rock
|-enditem|p2a: Hydrogen bomb|Booster Energy
|-activate|p2a: Hydrogen bomb|ability: Protosynthesis|[fromitem]
|-start|p2a: Hydrogen bomb|protosynthesisatk
|turn|8
|
|t:|1779721278
|switch|p1a: Fin|Vaporeon, F|100/100
|move|p2a: Hydrogen bomb|Rapid Spin|p1a: Fin
|-damage|p1a: Fin|79/100
|-boost|p2a: Hydrogen bomb|spe|1
|-sideend|p2: SnowstormO-o|Stealth Rock|[from] move: Rapid Spin|[of] p2a: Hydrogen bomb
|
|-heal|p1a: Fin|85/100|[from] item: Leftovers
|upkeep
|turn|9
|
|t:|1779721288
|move|p2a: Hydrogen bomb|Knock Off|p1a: Fin
|-damage|p1a: Fin|43/100
|-enditem|p1a: Fin|Leftovers|[from] move: Knock Off|[of] p2a: Hydrogen bomb
|move|p1a: Fin|Scald|p2a: Hydrogen bomb
|-supereffective|p2a: Hydrogen bomb
|-damage|p2a: Hydrogen bomb|0 fnt
|faint|p2a: Hydrogen bomb
|-end|p2a: Hydrogen bomb|Protosynthesis|[silent]
|
|upkeep
|
|t:|1779721296
|switch|p2a: Annoying|Meowscarada, F|91/100
|turn|10
|
|t:|1779721301
|move|p2a: Annoying|U-turn|p1a: Fin
|-start|p2a: Annoying|typechange|Bug|[from] ability: Protean
|-damage|p1a: Fin|3/100
|-damage|p2a: Annoying|81/100|[from] item: Life Orb
|
|t:|1779721306
|switch|p2a: Loadsamoney|Gholdengo|100/100|[from] U-turn
|move|p1a: Fin|Scald|p2a: Loadsamoney
|-damage|p2a: Loadsamoney|67/100
|-status|p2a: Loadsamoney|brn
|
|-heal|p2a: Loadsamoney|73/100 brn|[from] item: Leftovers
|-damage|p2a: Loadsamoney|67/100 brn|[from] brn
|upkeep
|turn|11
|
|t:|1779721317
|move|p2a: Loadsamoney|Shadow Ball|p1a: Fin
|-damage|p1a: Fin|0 fnt
|faint|p1a: Fin
|
|-heal|p2a: Loadsamoney|73/100 brn|[from] item: Leftovers
|-damage|p2a: Loadsamoney|67/100 brn|[from] brn
|upkeep
|inactive|leevoiceact has 120 seconds left.
|
|t:|1779721342
|switch|p1a: Core|Flapple, M|100/100
|turn|12
|
|t:|1779721348
|move|p1a: Core|Dragon Dance|p1a: Core
|-boost|p1a: Core|atk|1
|-boost|p1a: Core|spe|1
|move|p2a: Loadsamoney|Thunder Wave|p1a: Core
|-status|p1a: Core|par
|
|-heal|p2a: Loadsamoney|73/100 brn|[from] item: Leftovers
|-damage|p2a: Loadsamoney|67/100 brn|[from] brn
|upkeep
|turn|13
|
|t:|1779721359
|move|p2a: Loadsamoney|Make It Rain|p1a: Core
|-damage|p1a: Core|2/100 par
|-unboost|p2a: Loadsamoney|spa|1
|-enditem|p1a: Core|Liechi Berry|[eat]
|-boost|p1a: Core|atk|1|[from] item: Liechi Berry
|move|p1a: Core|Grav Apple|p2a: Loadsamoney
|-resisted|p2a: Loadsamoney
|-damage|p2a: Loadsamoney|39/100 brn
|-unboost|p2a: Loadsamoney|def|1
|
|-heal|p2a: Loadsamoney|45/100 brn|[from] item: Leftovers
|-damage|p2a: Loadsamoney|39/100 brn|[from] brn
|upkeep
|turn|14
|
|t:|1779721373
|move|p2a: Loadsamoney|Shadow Ball|p1a: Core
|-damage|p1a: Core|0 fnt
|faint|p1a: Core
|
|-heal|p2a: Loadsamoney|45/100 brn|[from] item: Leftovers
|-damage|p2a: Loadsamoney|39/100 brn|[from] brn
|upkeep
|
|t:|1779721386
|switch|p1a: UFO|Magnezone|100/100
|turn|15
|
|t:|1779721393
|move|p2a: Loadsamoney|Recover|p2a: Loadsamoney
|-heal|p2a: Loadsamoney|89/100 brn
|move|p1a: UFO|Thunderbolt|p2a: Loadsamoney
|-damage|p2a: Loadsamoney|27/100 brn
|
|-heal|p2a: Loadsamoney|33/100 brn|[from] item: Leftovers
|-damage|p2a: Loadsamoney|27/100 brn|[from] brn
|upkeep
|turn|16
|
|t:|1779721404
|move|p2a: Loadsamoney|Shadow Ball|p1a: UFO
|-damage|p1a: UFO|74/100
|move|p1a: UFO|Volt Switch|p2a: Loadsamoney
|-damage|p2a: Loadsamoney|0 fnt
|faint|p2a: Loadsamoney
|
|t:|1779721412
|switch|p1a: Ringbearer|Hoopa-Unbound|100/100|[from] Volt Switch
|
|upkeep
|
|t:|1779721419
|switch|p2a: Annoying|Meowscarada, F|81/100
|turn|17
|
|t:|1779721425
|-terastallize|p1a: Ringbearer|Bug
|move|p1a: Ringbearer|Drain Punch|p2a: Annoying
|-supereffective|p2a: Annoying
|-damage|p2a: Annoying|0 fnt
|faint|p2a: Annoying
|
|upkeep
|
|t:|1779721433
|switch|p2a: Coin flipper|Kingambit, M|100/100
|-activate|p2a: Coin flipper|ability: Supreme Overlord
|-start|p2a: Coin flipper|fallen5|[silent]
|-item|p2a: Coin flipper|Air Balloon
|turn|18
|-message|SnowstormO-o forfeited.
|
|win|leevoiceact
|raw|leevoiceact's rating: 1124 &rarr; <strong>1156</strong><br />(+32 for winning)
|raw|SnowstormO-o's rating: 1221 &rarr; <strong>1189</strong><br />(-32 for losing)
|l|☆SnowstormO-o
|player|p2|
|l|☆leevoiceact
|player|p1|
