|j|☆Marshking
|j|☆nerdish2
|t:|1779655010
|gametype|singles
|player|p1|Marshking|265|1237
|player|p2|nerdish2|2|1281
|gen|9
|tier|[Gen 9] OU
|rated|
|rule|HP Percentage Mod: HP is shown in percentages
|rule|Endless Battle Clause: Forcing endless battles is banned
|rule|Species Clause: Limit one of each Pokémon
|rule|OHKO Clause: OHKO moves are banned
|rule|Evasion Items Clause: Evasion items are banned
|rule|Evasion Moves Clause: Evasion moves are banned
|rule|Evasion Abilities Clause: Evasion abilities are banned
|rule|Sleep Moves Clause: Sleep-inducing moves are banned
|clearpoke
|poke|p1|Flamigo, M|
|poke|p1|Landorus-Therian, M|
|poke|p1|Blissey, F|
|poke|p1|Pecharunt|
|poke|p1|Samurott-Hisui, M|
|poke|p1|Latios, M|
|poke|p2|Walking Wake|
|poke|p2|Great Tusk|
|poke|p2|Ninetales, F|
|poke|p2|Cresselia, F|
|poke|p2|Zarude|
|poke|p2|Ceruledge, F|
|teampreview
|inactive|Battle timer is ON: inactive players will automatically lose when time's up. (requested by Marshking)
|
|t:|1779655020
|teamsize|p1|6
|teamsize|p2|6
|start
|switch|p1a: Samurott|Samurott-Hisui, M, shiny|100/100
|switch|p2a: Ninetales|Ninetales, F|100/100
|-weather|SunnyDay|[from] ability: Drought|[of] p2a: Ninetales
|turn|1
|
|t:|1779655031
|move|p2a: Ninetales|Will-O-Wisp|p1a: Samurott
|-status|p1a: Samurott|brn
|move|p1a: Samurott|Ceaseless Edge|p2a: Ninetales|[miss]
|-miss|p1a: Samurott|p2a: Ninetales
|
|-weather|SunnyDay|[upkeep]
|-damage|p1a: Samurott|94/100 brn|[from] brn
|upkeep
|turn|2
|
|t:|1779655058
|switch|p2a: Walking Wake|Walking Wake|100/100
|-activate|p2a: Walking Wake|ability: Protosynthesis
|-start|p2a: Walking Wake|protosynthesisspe
|move|p1a: Samurott|Ceaseless Edge|p2a: Walking Wake
|-damage|p2a: Walking Wake|75/100
|-sidestart|p2: nerdish2|Spikes
|
|-weather|SunnyDay|[upkeep]
|-damage|p1a: Samurott|88/100 brn|[from] brn
|upkeep
|turn|3
|inactive|nerdish2 has 120 seconds left.
|
|t:|1779655078
|move|p1a: Samurott|Sucker Punch|p2a: Walking Wake
|-damage|p2a: Walking Wake|57/100
|move|p2a: Walking Wake|Draco Meteor|p1a: Samurott
|-crit|p1a: Samurott
|-damage|p1a: Samurott|0 fnt
|-unboost|p2a: Walking Wake|spa|2
|faint|p1a: Samurott
|
|-weather|SunnyDay|[upkeep]
|upkeep
|
|t:|1779655088
|switch|p1a: Latios|Latios, M, shiny|100/100
|turn|4
|inactive|nerdish2 has 120 seconds left.
|
|t:|1779655099
|move|p1a: Latios|Draco Meteor|p2a: Walking Wake|[miss]
|-miss|p1a: Latios|p2a: Walking Wake
|move|p2a: Walking Wake|Dragon Tail|p1a: Latios
|-supereffective|p1a: Latios
|-damage|p1a: Latios|56/100
|drag|p1a: Flamigo|Flamigo, M, shiny|100/100
|
|-weather|SunnyDay|[upkeep]
|upkeep
|turn|5
|inactive|nerdish2 has 120 seconds left.
|
|t:|1779655110
|move|p2a: Walking Wake|Hydro Steam|p1a: Flamigo
|-damage|p1a: Flamigo|44/100
|move|p1a: Flamigo|U-turn|p2a: Walking Wake
|-damage|p2a: Walking Wake|19/100
|
|t:|1779655123
|switch|p1a: Blissey|Blissey, F, shiny|100/100|[from] U-turn
|
|-weather|SunnyDay|[upkeep]
|upkeep
|turn|6
|
|t:|1779655136
|move|p1a: Blissey|Thunder Wave|p2a: Walking Wake
|-status|p2a: Walking Wake|par
|cant|p2a: Walking Wake|par
|
|-weather|SunnyDay|[upkeep]
|upkeep
|turn|7
|
|t:|1779655146
|-end|p2a: Walking Wake|Protosynthesis|[silent]
|switch|p2a: Ceruledge|Ceruledge, F|100/100
|-damage|p2a: Ceruledge|88/100|[from] Spikes
|move|p1a: Blissey|Seismic Toss|p2a: Ceruledge
|-immune|p2a: Ceruledge
|
|-weather|SunnyDay|[upkeep]
|upkeep
|turn|8
|
|t:|1779655158
|switch|p1a: Landorus|Landorus-Therian, M, shiny|100/100
|-ability|p1a: Landorus|Intimidate|boost
|-unboost|p2a: Ceruledge|atk|1
|move|p2a: Ceruledge|Bitter Blade|p1a: Landorus
|-damage|p1a: Landorus|46/100
|-heal|p2a: Ceruledge|100/100|[from] drain|[of] p1a: Landorus
|
|-weather|none
|upkeep
|turn|9
|
|t:|1779655177
|move|p1a: Landorus|Earthquake|p2a: Ceruledge
|-supereffective|p2a: Ceruledge
|-enditem|p2a: Ceruledge|Focus Sash
|-damage|p2a: Ceruledge|1/100
|-ability|p2a: Ceruledge|Weak Armor|boost
|-unboost|p2a: Ceruledge|def|1
|-boost|p2a: Ceruledge|spe|2
|move|p2a: Ceruledge|Swords Dance|p2a: Ceruledge
|-boost|p2a: Ceruledge|atk|2
|
|upkeep
|turn|10
|inactive|nerdish2 has 120 seconds left.
|
|t:|1779655194
|move|p2a: Ceruledge|Bitter Blade|p1a: Landorus
|-damage|p1a: Landorus|0 fnt
|-heal|p2a: Ceruledge|26/100|[from] drain|[of] p1a: Landorus
|faint|p1a: Landorus
|
|upkeep
|
|t:|1779655196
|switch|p1a: Flamigo|Flamigo, M, shiny|44/100
|turn|11
|
|t:|1779655201
|move|p1a: Flamigo|Upper Hand||[still]
|-fail|p1a: Flamigo
|move|p2a: Ceruledge|Bitter Blade|p1a: Flamigo
|-damage|p1a: Flamigo|0 fnt
|-heal|p2a: Ceruledge|49/100|[from] drain|[of] p1a: Flamigo
|faint|p1a: Flamigo
|
|upkeep
|-message|Marshking forfeited.
|
|win|nerdish2
|raw|Marshking's rating: 1237 &rarr; <strong>1215</strong><br />(-22 for losing)
|raw|nerdish2's rating: 1281 &rarr; <strong>1303</strong><br />(+22 for winning)
|l|☆Marshking
|player|p1|
