|j|☆yoki
|j|☆ANGEL ENGINE
|t:|1779692849
|gametype|singles
|player|p1|yoki|2|1492
|player|p2|ANGEL ENGINE|265|1480
|gen|9
|tier|[Gen 9] OU
|rated|
|rule|HP Percentage Mod: HP is shown in percentages
|rule|Endless Battle Clause: Forcing endless battles is banned
|rule|Species Clause: Limit one of each Pokémon
|rule|OHKO Clause: OHKO moves are banned
|rule|Evasion Items Clause: Evasion items are banned
|rule|Evasion Moves Clause: Evasion moves are banned
|rule|Evasion Abilities Clause: Evasion abilities are banned
|rule|Sleep Moves Clause: Sleep-inducing moves are banned
|clearpoke
|poke|p1|Slowking-Galar, M|
|poke|p1|Great Tusk|
|poke|p1|Kyurem|
|poke|p1|Darkrai|
|poke|p1|Hoopa-Unbound|
|poke|p1|Zapdos|
|poke|p2|Darkrai|
|poke|p2|Ting-Lu|
|poke|p2|Skarmory, M|
|poke|p2|Dragonite, F|
|poke|p2|Iron Valiant|
|poke|p2|Revavroom, M|
|teampreview
|inactive|Battle timer is ON: inactive players will automatically lose when time's up. (requested by ANGEL ENGINE)
|
|t:|1779692859
|teamsize|p1|6
|teamsize|p2|6
|start
|switch|p1a: Kyurem|Kyurem|100/100
|switch|p2a: Ting-Lu|Ting-Lu|100/100
|-ability|p1a: Kyurem|Pressure
|-ability|p2a: Ting-Lu|Vessel of Ruin
|turn|1
|
|t:|1779692866
|-terastallize|p1a: Kyurem|Ice
|move|p1a: Kyurem|Ice Beam|p2a: Ting-Lu
|-supereffective|p2a: Ting-Lu
|-damage|p2a: Ting-Lu|7/100
|-enditem|p2a: Ting-Lu|Red Card|[of] p1a: Kyurem
|drag|p1a: Great Tusk|Great Tusk|100/100
|move|p2a: Ting-Lu|Stealth Rock|p1a: Great Tusk
|-sidestart|p1: yoki|move: Stealth Rock
|
|upkeep
|turn|2
|
|t:|1779692878
|-terastallize|p2a: Ting-Lu|Ghost
|move|p1a: Great Tusk|Ice Spinner|p2a: Ting-Lu
|-damage|p2a: Ting-Lu|0 fnt
|faint|p2a: Ting-Lu
|
|upkeep
|
|t:|1779692884
|switch|p2a: Iron Valiant|Iron Valiant|100/100
|-enditem|p2a: Iron Valiant|Booster Energy
|-activate|p2a: Iron Valiant|ability: Quark Drive|[fromitem]
|-start|p2a: Iron Valiant|quarkdrivespe
|turn|3
|
|t:|1779692906
|-end|p1a: Great Tusk|Protosynthesis|[silent]
|switch|p1a: Slowking|Slowking-Galar, M|100/100
|-damage|p1a: Slowking|88/100|[from] Stealth Rock
|move|p2a: Iron Valiant|Calm Mind|p2a: Iron Valiant
|-boost|p2a: Iron Valiant|spa|1
|-boost|p2a: Iron Valiant|spd|1
|
|upkeep
|turn|4
|
|t:|1779692908
|move|p2a: Iron Valiant|Shadow Ball|p1a: Slowking
|-supereffective|p1a: Slowking
|-damage|p1a: Slowking|39/100
|move|p1a: Slowking|Thunder Wave|p2a: Iron Valiant
|-status|p2a: Iron Valiant|par
|
|upkeep
|turn|5
|
|t:|1779692915
|switch|p1a: Hoopa|Hoopa-Unbound|100/100
|-damage|p1a: Hoopa|88/100|[from] Stealth Rock
|cant|p2a: Iron Valiant|par
|
|upkeep
|turn|6
|
|t:|1779692917
|cant|p2a: Iron Valiant|par
|move|p1a: Hoopa|Psychic Noise|p2a: Iron Valiant
|-supereffective|p2a: Iron Valiant
|-damage|p2a: Iron Valiant|0 fnt
|faint|p2a: Iron Valiant
|-end|p2a: Iron Valiant|Quark Drive|[silent]
|
|upkeep
|
|t:|1779692932
|switch|p2a: Dragonite|Dragonite, F|100/100
|turn|7
|
|t:|1779692938
|switch|p1a: Zapdos|Zapdos, shiny|100/100
|move|p2a: Dragonite|Dragon Dance|p2a: Dragonite
|-boost|p2a: Dragonite|atk|1
|-boost|p2a: Dragonite|spe|1
|
|upkeep
|turn|8
|
|t:|1779692940
|move|p2a: Dragonite|Outrage|p1a: Zapdos
|-damage|p1a: Zapdos|4/100
|-status|p2a: Dragonite|par|[from] ability: Static|[of] p1a: Zapdos
|-damage|p2a: Dragonite|91/100 par|[from] item: Life Orb
|move|p1a: Zapdos|Thunder Wave|p2a: Dragonite
|-fail|p2a: Dragonite|par
|
|upkeep
|turn|9
|
|t:|1779692947
|move|p1a: Zapdos|Hurricane|p2a: Dragonite
|-crit|p2a: Dragonite
|-damage|p2a: Dragonite|20/100 par
|move|p2a: Dragonite|Outrage|p1a: Zapdos|[from] lockedmove
|-damage|p1a: Zapdos|0 fnt
|faint|p1a: Zapdos
|-damage|p2a: Dragonite|10/100 par|[from] item: Life Orb
|
|upkeep
|
|t:|1779692951
|switch|p1a: Great Tusk|Great Tusk|100/100
|turn|10
|
|t:|1779692962
|move|p1a: Great Tusk|Rapid Spin|p2a: Dragonite
|-damage|p2a: Dragonite|0 fnt
|-boost|p1a: Great Tusk|spe|1
|-sideend|p1: yoki|Stealth Rock|[from] move: Rapid Spin|[of] p1a: Great Tusk
|faint|p2a: Dragonite
|
|upkeep
|
|t:|1779692966
|switch|p2a: Skarmory|Skarmory, M|100/100
|turn|11
|
|t:|1779692971
|-end|p1a: Great Tusk|Protosynthesis|[silent]
|switch|p1a: Hoopa|Hoopa-Unbound|88/100
|move|p2a: Skarmory|Swords Dance|p2a: Skarmory
|-boost|p2a: Skarmory|atk|2
|
|upkeep
|turn|12
|j| Wyrdwind
|
|t:|1779692976
|move|p1a: Hoopa|Thunderbolt|p2a: Skarmory
|-supereffective|p2a: Skarmory
|-damage|p2a: Skarmory|2/100
|-enditem|p2a: Skarmory|Red Card|[of] p1a: Hoopa
|drag|p1a: Slowking|Slowking-Galar, M|73/100
|move|p2a: Skarmory|Brave Bird|p1a: Slowking
|-damage|p1a: Slowking|0 fnt
|faint|p1a: Slowking
|-damage|p2a: Skarmory|0 fnt|[from] Recoil
|faint|p2a: Skarmory
|
|upkeep
|l| Wyrdwind
|
|t:|1779692989
|switch|p2a: Darkrai|Darkrai|100/100
|switch|p1a: Darkrai|Darkrai|100/100
|turn|13
|
|t:|1779693013
|move|p1a: Darkrai|Thunder Wave|p2a: Darkrai
|-status|p2a: Darkrai|par
|move|p2a: Darkrai|Nasty Plot|p2a: Darkrai
|-boost|p2a: Darkrai|spa|2
|
|upkeep
|turn|14
|
|t:|1779693021
|switch|p1a: Hoopa|Hoopa-Unbound|88/100
|move|p2a: Darkrai|Sludge Bomb|p1a: Hoopa
|-damage|p1a: Hoopa|38/100
|-damage|p2a: Darkrai|91/100 par|[from] item: Life Orb
|
|upkeep
|turn|15
|
|t:|1779693023
|move|p1a: Hoopa|Drain Punch|p2a: Darkrai
|-supereffective|p2a: Darkrai
|-damage|p2a: Darkrai|0 fnt
|-heal|p1a: Hoopa|80/100|[from] drain|[of] p2a: Darkrai
|faint|p2a: Darkrai
|
|upkeep
|
|t:|1779693026
|switch|p2a: Revavroom|Revavroom, M|100/100
|turn|16
|
|t:|1779693029
|move|p2a: Revavroom|Shift Gear|p2a: Revavroom
|-boost|p2a: Revavroom|spe|2
|-boost|p2a: Revavroom|atk|1
|move|p1a: Hoopa|Psychic Noise|p2a: Revavroom
|-damage|p2a: Revavroom|32/100
|-start|p2a: Revavroom|move: Heal Block
|
|upkeep
|turn|17
|
|t:|1779693031
|move|p2a: Revavroom|Gunk Shot|p1a: Hoopa
|-damage|p1a: Hoopa|0 fnt
|faint|p1a: Hoopa
|-damage|p2a: Revavroom|22/100|[from] item: Life Orb
|
|-end|p2a: Revavroom|move: Heal Block
|upkeep
|
|t:|1779693035
|switch|p1a: Great Tusk|Great Tusk|100/100
|turn|18
|
|t:|1779693045
|move|p2a: Revavroom|Gunk Shot|p1a: Great Tusk
|-resisted|p1a: Great Tusk
|-damage|p1a: Great Tusk|53/100
|-status|p1a: Great Tusk|psn
|-damage|p2a: Revavroom|12/100|[from] item: Life Orb
|move|p1a: Great Tusk|Headlong Rush|p2a: Revavroom
|-supereffective|p2a: Revavroom
|-damage|p2a: Revavroom|0 fnt
|-unboost|p1a: Great Tusk|def|1
|-unboost|p1a: Great Tusk|spd|1
|faint|p2a: Revavroom
|
|win|yoki
|raw|yoki's rating: 1512 &rarr; <strong>1530</strong><br />(+18 for winning)
|raw|ANGEL ENGINE's rating: 1480 &rarr; <strong>1462</strong><br />(-18 for losing)
|l|☆ANGEL ENGINE
|player|p2|
|l|☆yoki
|player|p1|
