|j|☆Veiny1
|j|☆yoki
|t:|1779684527
|gametype|singles
|player|p1|Veiny1|101|1402
|player|p2|yoki|2|1408
|gen|9
|tier|[Gen 9] OU
|rated|
|rule|HP Percentage Mod: HP is shown in percentages
|rule|Endless Battle Clause: Forcing endless battles is banned
|rule|Species Clause: Limit one of each Pokémon
|rule|OHKO Clause: OHKO moves are banned
|rule|Evasion Items Clause: Evasion items are banned
|rule|Evasion Moves Clause: Evasion moves are banned
|rule|Evasion Abilities Clause: Evasion abilities are banned
|rule|Sleep Moves Clause: Sleep-inducing moves are banned
|clearpoke
|poke|p1|Salazzle, F|
|poke|p1|Clefable, M|
|poke|p1|Dragapult, M|
|poke|p1|Zapdos|
|poke|p1|Great Tusk|
|poke|p1|Greninja-*, M|
|poke|p2|Slowking-Galar, F|
|poke|p2|Great Tusk|
|poke|p2|Kyurem|
|poke|p2|Tyranitar, F|
|poke|p2|Darkrai|
|poke|p2|Zapdos|
|teampreview
|
|t:|1779684599
|teamsize|p1|6
|teamsize|p2|6
|start
|switch|p1a: Dragapult|Dragapult, M|100/100
|switch|p2a: Tyranitar|Tyranitar, F|100/100
|-weather|Sandstorm|[from] ability: Sand Stream|[of] p2a: Tyranitar
|turn|1
|
|t:|1779684605
|move|p1a: Dragapult|U-turn|p2a: Tyranitar
|-supereffective|p2a: Tyranitar
|-damage|p2a: Tyranitar|47/100
|
|t:|1779684631
|switch|p1a: Zapdos|Zapdos|100/100|[from] U-turn
|move|p2a: Tyranitar|Ice Beam|p1a: Zapdos
|-supereffective|p1a: Zapdos
|-damage|p1a: Zapdos|61/100
|
|-weather|Sandstorm|[upkeep]
|-damage|p1a: Zapdos|54/100|[from] Sandstorm
|-heal|p2a: Tyranitar|54/100|[from] item: Leftovers
|upkeep
|turn|2
|
|t:|1779684649
|move|p1a: Zapdos|Hurricane|p2a: Tyranitar|[miss]
|-miss|p1a: Zapdos|p2a: Tyranitar
|move|p2a: Tyranitar|Ice Beam|p1a: Zapdos
|-supereffective|p1a: Zapdos
|-damage|p1a: Zapdos|15/100
|-status|p1a: Zapdos|frz
|
|-weather|Sandstorm|[upkeep]
|-damage|p1a: Zapdos|8/100 frz|[from] Sandstorm
|-heal|p2a: Tyranitar|60/100|[from] item: Leftovers
|upkeep
|turn|3
|
|t:|1779684652
|cant|p1a: Zapdos|frz
|move|p2a: Tyranitar|Ice Beam|p1a: Zapdos
|-supereffective|p1a: Zapdos
|-damage|p1a: Zapdos|0 fnt
|faint|p1a: Zapdos
|
|-weather|Sandstorm|[upkeep]
|-heal|p2a: Tyranitar|66/100|[from] item: Leftovers
|upkeep
|
|t:|1779684660
|switch|p1a: Clefable|Clefable, M|100/100
|turn|4
|
|t:|1779684680
|switch|p2a: Slowking|Slowking-Galar, F|100/100
|move|p1a: Clefable|Calm Mind|p1a: Clefable
|-boost|p1a: Clefable|spa|1
|-boost|p1a: Clefable|spd|1
|
|-weather|Sandstorm|[upkeep]
|-damage|p2a: Slowking|94/100|[from] Sandstorm
|upkeep
|turn|5
|
|t:|1779684695
|-terastallize|p1a: Clefable|Normal
|move|p1a: Clefable|Calm Mind|p1a: Clefable
|-boost|p1a: Clefable|spa|1
|-boost|p1a: Clefable|spd|1
|move|p2a: Slowking|Thunder Wave|p1a: Clefable
|-status|p1a: Clefable|par
|
|-weather|none
|upkeep
|turn|6
|
|t:|1779684706
|move|p1a: Clefable|Draining Kiss|p2a: Slowking
|-resisted|p2a: Slowking
|-damage|p2a: Slowking|81/100
|-prepare|p2a: Slowking|Chilly Reception|[premajor]
|move|p2a: Slowking|Chilly Reception|p2a: Slowking
|-weather|Snowscape
|
|t:|1779684711
|switch|p2a: Great Tusk|Great Tusk|100/100|[from] Chilly Reception
|
|-weather|Snowscape|[upkeep]
|upkeep
|turn|7
|
|t:|1779684717
|move|p2a: Great Tusk|Close Combat|p1a: Clefable
|-supereffective|p1a: Clefable
|-damage|p1a: Clefable|0 fnt
|-unboost|p2a: Great Tusk|def|1
|-unboost|p2a: Great Tusk|spd|1
|-damage|p2a: Great Tusk|84/100|[from] item: Rocky Helmet|[of] p1a: Clefable
|faint|p1a: Clefable
|
|-weather|Snowscape|[upkeep]
|-heal|p2a: Great Tusk|90/100|[from] item: Leftovers
|upkeep
|
|t:|1779684724
|switch|p1a: Salazzle|Salazzle, F|100/100
|turn|8
|
|t:|1779684732
|-end|p2a: Great Tusk|Protosynthesis|[silent]
|switch|p2a: Tyranitar|Tyranitar, F|66/100
|-weather|Sandstorm|[from] ability: Sand Stream|[of] p2a: Tyranitar
|move|p1a: Salazzle|Flamethrower|p2a: Tyranitar
|-resisted|p2a: Tyranitar
|-damage|p2a: Tyranitar|51/100
|
|-weather|Sandstorm|[upkeep]
|-damage|p1a: Salazzle|94/100|[from] Sandstorm
|-heal|p2a: Tyranitar|57/100|[from] item: Leftovers
|upkeep
|turn|9
|
|t:|1779684745
|move|p1a: Salazzle|Toxic|p2a: Tyranitar
|-status|p2a: Tyranitar|tox
|move|p2a: Tyranitar|Knock Off|p1a: Salazzle
|-damage|p1a: Salazzle|0 fnt
|-enditem|p1a: Salazzle|Focus Sash|[from] move: Knock Off|[of] p2a: Tyranitar
|faint|p1a: Salazzle
|
|-weather|Sandstorm|[upkeep]
|-heal|p2a: Tyranitar|63/100 tox|[from] item: Leftovers
|-damage|p2a: Tyranitar|57/100 tox|[from] psn
|upkeep
|
|t:|1779684758
|switch|p1a: Great Tusk|Great Tusk|100/100
|turn|10
|
|t:|1779684767
|switch|p2a: Zapdos|Zapdos, shiny|100/100
|move|p1a: Great Tusk|Body Press|p2a: Zapdos
|-resisted|p2a: Zapdos
|-damage|p2a: Zapdos|86/100
|
|-weather|Sandstorm|[upkeep]
|-damage|p2a: Zapdos|80/100|[from] Sandstorm
|upkeep
|turn|11
|
|t:|1779684775
|move|p1a: Great Tusk|Rapid Spin|p2a: Zapdos
|-damage|p2a: Zapdos|69/100
|-boost|p1a: Great Tusk|spe|1
|-status|p1a: Great Tusk|par|[from] ability: Static|[of] p2a: Zapdos
|move|p2a: Zapdos|Hurricane|p1a: Great Tusk
|-supereffective|p1a: Great Tusk
|-damage|p1a: Great Tusk|0 fnt
|faint|p1a: Great Tusk
|-end|p1a: Great Tusk|Protosynthesis|[silent]
|
|-weather|Sandstorm|[upkeep]
|-damage|p2a: Zapdos|63/100|[from] Sandstorm
|upkeep
|
|t:|1779684778
|switch|p1a: Greninja|Greninja, M|100/100
|turn|12
|
|t:|1779684785
|switch|p2a: Slowking|Slowking-Galar, F|100/100
|move|p1a: Greninja|Ice Beam|p2a: Slowking
|-damage|p2a: Slowking|84/100
|
|-weather|none
|upkeep
|turn|13
|
|t:|1779684790
|move|p1a: Greninja|Dark Pulse|p2a: Slowking
|-supereffective|p2a: Slowking
|-enditem|p2a: Slowking|Colbur Berry|[eat]
|-enditem|p2a: Slowking|Colbur Berry|[weaken]
|-damage|p2a: Slowking|61/100
|move|p2a: Slowking|Thunder Wave|p1a: Greninja
|-status|p1a: Greninja|par
|
|upkeep
|turn|14
|-message|Veiny1 forfeited.
|
|win|yoki
|raw|Veiny1's rating: 1402 &rarr; <strong>1382</strong><br />(-20 for losing)
|raw|yoki's rating: 1408 &rarr; <strong>1428</strong><br />(+20 for winning)
|l|☆Veiny1
|player|p1|
|l|☆yoki
|player|p2|
