|j|‽9viciousrend
|j|‽DevotedToaster
|t:|1779582460
|gametype|singles
|player|p1|9viciousrend|roxie|1333
|player|p2|DevotedToaster|2|1313
|gen|9
|tier|[Gen 9] OU
|rated|
|rule|HP Percentage Mod: HP is shown in percentages
|rule|Endless Battle Clause: Forcing endless battles is banned
|rule|Species Clause: Limit one of each Pokémon
|rule|OHKO Clause: OHKO moves are banned
|rule|Evasion Items Clause: Evasion items are banned
|rule|Evasion Moves Clause: Evasion moves are banned
|rule|Evasion Abilities Clause: Evasion abilities are banned
|rule|Sleep Moves Clause: Sleep-inducing moves are banned
|clearpoke
|poke|p1|Dragonite, F|
|poke|p1|Toxapex, F|
|poke|p1|Metagross|
|poke|p1|Clefable, F|
|poke|p1|Ting-Lu|
|poke|p1|Heatran, M|
|poke|p2|Glimmora, F|
|poke|p2|Tyranitar, M|
|poke|p2|Conkeldurr, F|
|poke|p2|Sudowoodo, L1, F|
|poke|p2|Ceruledge, F|
|poke|p2|Hippowdon, F|
|teampreview
|inactive|Battle timer is ON: inactive players will automatically lose when time's up. (requested by DevotedToaster)
|
|t:|1779582501
|teamsize|p1|6
|teamsize|p2|6
|start
|switch|p1a: Ting-Lu|Ting-Lu, shiny|100/100
|switch|p2a: Sudowoodo|Sudowoodo, L1, F|100/100
|-ability|p1a: Ting-Lu|Vessel of Ruin
|turn|1
|
|t:|1779582506
|move|p1a: Ting-Lu|Earthquake|p2a: Sudowoodo
|-supereffective|p2a: Sudowoodo
|-ability|p2a: Sudowoodo|Sturdy
|-damage|p2a: Sudowoodo|9/100
|move|p2a: Sudowoodo|Endeavor|p1a: Ting-Lu
|-damage|p1a: Ting-Lu|1/100
|-heal|p2a: Sudowoodo|100/100|[from] item: Shell Bell|[of] p1a: Ting-Lu
|
|-heal|p1a: Ting-Lu|7/100|[from] item: Leftovers
|upkeep
|turn|2
|
|t:|1779582517
|switch|p2a: Conkeldurr|Conkeldurr, F|100/100
|move|p1a: Ting-Lu|Stealth Rock|p2a: Conkeldurr
|-sidestart|p2: DevotedToaster|move: Stealth Rock
|
|-heal|p1a: Ting-Lu|13/100|[from] item: Leftovers
|-status|p2a: Conkeldurr|brn|[from] item: Flame Orb
|upkeep
|turn|3
|
|t:|1779582528
|switch|p1a: Clefable|Clefable, F, shiny|100/100
|move|p2a: Conkeldurr|Mach Punch|p1a: Clefable
|-resisted|p1a: Clefable
|-crit|p1a: Clefable
|-damage|p1a: Clefable|79/100
|
|-heal|p1a: Clefable|85/100|[from] item: Leftovers
|-damage|p2a: Conkeldurr|95/100 brn|[from] brn
|upkeep
|turn|4
|
|t:|1779582542
|move|p1a: Clefable|Moonblast|p2a: Conkeldurr
|-supereffective|p2a: Conkeldurr
|-damage|p2a: Conkeldurr|11/100 brn
|-unboost|p2a: Conkeldurr|spa|1
|move|p2a: Conkeldurr|Poison Jab|p1a: Clefable
|-supereffective|p1a: Clefable
|-damage|p1a: Clefable|10/100
|
|-heal|p1a: Clefable|17/100|[from] item: Leftovers
|-damage|p2a: Conkeldurr|5/100 brn|[from] brn
|upkeep
|turn|5
|
|t:|1779582552
|move|p1a: Clefable|Protect|p1a: Clefable
|-singleturn|p1a: Clefable|Protect
|move|p2a: Conkeldurr|Mach Punch|p1a: Clefable
|-activate|p1a: Clefable|move: Protect
|
|-heal|p1a: Clefable|23/100|[from] item: Leftovers
|-damage|p2a: Conkeldurr|0 fnt|[from] brn
|faint|p2a: Conkeldurr
|upkeep
|
|t:|1779582557
|switch|p2a: Glimmora|Glimmora, F|100/100
|-damage|p2a: Glimmora|88/100|[from] Stealth Rock
|turn|6
|
|t:|1779582566
|move|p2a: Glimmora|Spikes|p1a: Clefable
|-sidestart|p1: 9viciousrend|Spikes
|move|p1a: Clefable|Wish|p1a: Clefable
|
|-heal|p1a: Clefable|29/100|[from] item: Leftovers
|upkeep
|turn|7
|
|t:|1779582582
|switch|p1a: Metagross|Metagross, shiny|100/100
|-damage|p1a: Metagross|88/100|[from] Spikes
|move|p2a: Glimmora|Spikes|p1a: Metagross
|-sidestart|p1: 9viciousrend|Spikes
|
|-heal|p1a: Metagross|100/100|[from] move: Wish|[wisher] Clefable
|upkeep
|turn|8
|
|t:|1779582592
|switch|p2a: Hippowdon|Hippowdon, F|100/100
|-damage|p2a: Hippowdon|94/100|[from] Stealth Rock
|-weather|Sandstorm|[from] ability: Sand Stream|[of] p2a: Hippowdon
|move|p1a: Metagross|Earthquake|p2a: Hippowdon
|-damage|p2a: Hippowdon|62/100
|
|-weather|Sandstorm|[upkeep]
|-heal|p2a: Hippowdon|69/100|[from] item: Leftovers
|upkeep
|turn|9
|
|t:|1779582605
|switch|p1a: Dragonite|Dragonite, F, shiny|100/100
|move|p2a: Hippowdon|Slack Off|p2a: Hippowdon
|-heal|p2a: Hippowdon|100/100
|
|-weather|Sandstorm|[upkeep]
|-damage|p1a: Dragonite|94/100|[from] Sandstorm
|upkeep
|turn|10
|
|t:|1779582610
|move|p1a: Dragonite|Ice Beam|p2a: Hippowdon
|-supereffective|p2a: Hippowdon
|-damage|p2a: Hippowdon|56/100
|move|p2a: Hippowdon|Whirlwind|p1a: Dragonite
|drag|p1a: Clefable|Clefable, F, shiny|29/100
|
|-weather|Sandstorm|[upkeep]
|-heal|p1a: Clefable|35/100|[from] item: Leftovers
|-heal|p2a: Hippowdon|62/100|[from] item: Leftovers
|upkeep
|turn|11
|
|t:|1779582620
|move|p1a: Clefable|Wish|p1a: Clefable
|move|p2a: Hippowdon|Stealth Rock|p1a: Clefable
|-sidestart|p1: 9viciousrend|move: Stealth Rock
|
|-weather|Sandstorm|[upkeep]
|-heal|p1a: Clefable|41/100|[from] item: Leftovers
|-heal|p2a: Hippowdon|69/100|[from] item: Leftovers
|upkeep
|turn|12
|
|t:|1779582625
|move|p1a: Clefable|Moonblast|p2a: Hippowdon
|-damage|p2a: Hippowdon|41/100
|move|p2a: Hippowdon|Slack Off|p2a: Hippowdon
|-heal|p2a: Hippowdon|91/100
|
|-weather|none
|-heal|p1a: Clefable|91/100|[from] move: Wish|[wisher] Clefable
|-heal|p1a: Clefable|97/100|[from] item: Leftovers
|-heal|p2a: Hippowdon|97/100|[from] item: Leftovers
|upkeep
|turn|13
|
|t:|1779582630
|move|p1a: Clefable|Calm Mind|p1a: Clefable
|-boost|p1a: Clefable|spa|1
|-boost|p1a: Clefable|spd|1
|move|p2a: Hippowdon|Earthquake|p1a: Clefable
|-damage|p1a: Clefable|69/100
|
|-heal|p1a: Clefable|75/100|[from] item: Leftovers
|-heal|p2a: Hippowdon|100/100|[from] item: Leftovers
|upkeep
|turn|14
|
|t:|1779582633
|move|p1a: Clefable|Moonblast|p2a: Hippowdon
|-damage|p2a: Hippowdon|58/100
|move|p2a: Hippowdon|Whirlwind|p1a: Clefable
|drag|p1a: Heatran|Heatran, M, shiny|100/100
|-damage|p1a: Heatran|88/100|[from] Stealth Rock
|-item|p1a: Heatran|Air Balloon
|
|-heal|p2a: Hippowdon|64/100|[from] item: Leftovers
|upkeep
|turn|15
|
|t:|1779582644
|switch|p2a: Tyranitar|Tyranitar, M|100/100
|-damage|p2a: Tyranitar|88/100|[from] Stealth Rock
|-weather|Sandstorm|[from] ability: Sand Stream|[of] p2a: Tyranitar
|move|p1a: Heatran|Magma Storm|p2a: Tyranitar
|-resisted|p2a: Tyranitar
|-damage|p2a: Tyranitar|78/100
|-activate|p2a: Tyranitar|move: Magma Storm|[of] p1a: Heatran
|
|-weather|Sandstorm|[upkeep]
|-damage|p2a: Tyranitar|65/100|[from] move: Magma Storm|[partiallytrapped]
|upkeep
|turn|16
|
|t:|1779582666
|switch|p1a: Ting-Lu|Ting-Lu, shiny|13/100
|-damage|p1a: Ting-Lu|0 fnt|[from] Spikes
|faint|p1a: Ting-Lu
|move|p2a: Tyranitar|Body Press|p1: Ting-Lu|[notarget]
|-fail|p2a: Tyranitar
|
|-weather|Sandstorm|[upkeep]
|-end|p2a: Tyranitar|Magma Storm|[partiallytrapped]|[silent]
|upkeep
|
|t:|1779582676
|switch|p1a: Clefable|Clefable, F, shiny|75/100
|turn|17
|
|t:|1779582681
|switch|p2a: Glimmora|Glimmora, F|88/100
|-damage|p2a: Glimmora|76/100|[from] Stealth Rock
|move|p1a: Clefable|Calm Mind|p1a: Clefable
|-boost|p1a: Clefable|spa|1
|-boost|p1a: Clefable|spd|1
|
|-weather|Sandstorm|[upkeep]
|-heal|p1a: Clefable|81/100|[from] item: Leftovers
|upkeep
|turn|18
|
|t:|1779582686
|move|p2a: Glimmora|Mortal Spin|p1a: Clefable
|-supereffective|p1a: Clefable
|-damage|p1a: Clefable|72/100
|-status|p1a: Clefable|psn
|-sideend|p2: DevotedToaster|Stealth Rock|[from] move: Mortal Spin|[of] p2a: Glimmora
|move|p1a: Clefable|Moonblast|p2a: Glimmora
|-resisted|p2a: Glimmora
|-damage|p2a: Glimmora|56/100
|
|-weather|Sandstorm|[upkeep]
|-heal|p1a: Clefable|78/100 psn|[from] item: Leftovers
|upkeep
|turn|19
|
|t:|1779582709
|switch|p2a: Ceruledge|Ceruledge, F|100/100
|move|p1a: Clefable|Moonblast|p2a: Ceruledge
|-resisted|p2a: Ceruledge
|-damage|p2a: Ceruledge|73/100
|
|-weather|none
|-heal|p1a: Clefable|84/100 psn|[from] item: Leftovers
|upkeep
|turn|20
|
|t:|1779582715
|switch|p1a: Toxapex|Toxapex, F, shiny|100/100
|move|p2a: Ceruledge|Bitter Blade|p1a: Toxapex
|-resisted|p1a: Toxapex
|-damage|p1a: Toxapex|86/100
|-heal|p2a: Ceruledge|80/100|[from] drain|[of] p1a: Toxapex
|
|upkeep
|turn|21
|
|t:|1779582734
|switch|p2a: Tyranitar|Tyranitar, M|65/100
|-weather|Sandstorm|[from] ability: Sand Stream|[of] p2a: Tyranitar
|move|p1a: Toxapex|Toxic|p2a: Tyranitar
|-status|p2a: Tyranitar|tox
|
|-weather|Sandstorm|[upkeep]
|-damage|p1a: Toxapex|80/100|[from] Sandstorm
|-damage|p2a: Tyranitar|59/100 tox|[from] psn
|upkeep
|turn|22
|
|t:|1779582742
|move|p2a: Tyranitar|Knock Off|p1a: Toxapex
|-damage|p1a: Toxapex|54/100
|-enditem|p1a: Toxapex|Heavy-Duty Boots|[from] move: Knock Off|[of] p2a: Tyranitar
|move|p1a: Toxapex|Recover|p1a: Toxapex
|-heal|p1a: Toxapex|100/100
|
|-weather|Sandstorm|[upkeep]
|-damage|p1a: Toxapex|95/100|[from] Sandstorm
|-damage|p2a: Tyranitar|47/100 tox|[from] psn
|upkeep
|turn|23
|
|t:|1779582750
|move|p1a: Toxapex|Recover|p1a: Toxapex
|-heal|p1a: Toxapex|100/100
|move|p2a: Tyranitar|Dragon Tail|p1a: Toxapex
|-damage|p1a: Toxapex|89/100
|drag|p1a: Heatran|Heatran, M, shiny|88/100
|-damage|p1a: Heatran|76/100|[from] Stealth Rock
|-item|p1a: Heatran|Air Balloon
|
|-weather|Sandstorm|[upkeep]
|-damage|p2a: Tyranitar|28/100 tox|[from] psn
|upkeep
|turn|24
|
|t:|1779582760
|switch|p1a: Toxapex|Toxapex, F, shiny|100/100
|-damage|p1a: Toxapex|84/100|[from] Spikes
|-damage|p1a: Toxapex|72/100|[from] Stealth Rock
|move|p2a: Tyranitar|Body Press|p1a: Toxapex
|-resisted|p1a: Toxapex
|-damage|p1a: Toxapex|64/100
|
|-weather|Sandstorm|[upkeep]
|-damage|p1a: Toxapex|58/100|[from] Sandstorm
|-damage|p2a: Tyranitar|4/100 tox|[from] psn
|upkeep
|turn|25
|
|t:|1779582768
|switch|p2a: Sudowoodo|Sudowoodo, L1, F|100/100
|move|p1a: Toxapex|Recover|p1a: Toxapex
|-heal|p1a: Toxapex|100/100
|
|-weather|none
|upkeep
|turn|26
|
|t:|1779582776
|-terastallize|p2a: Sudowoodo|Steel
|move|p1a: Toxapex|Toxic|p2a: Sudowoodo
|-immune|p2a: Sudowoodo
|move|p2a: Sudowoodo|Endeavor|p1a: Toxapex
|-damage|p1a: Toxapex|4/100
|
|upkeep
|turn|27
|
|t:|1779582786
|switch|p2a: Tyranitar|Tyranitar, M|4/100 tox
|-weather|Sandstorm|[from] ability: Sand Stream|[of] p2a: Tyranitar
|move|p1a: Toxapex|Recover|p1a: Toxapex
|-heal|p1a: Toxapex|55/100
|
|-weather|Sandstorm|[upkeep]
|-damage|p1a: Toxapex|49/100|[from] Sandstorm
|-damage|p2a: Tyranitar|0 fnt|[from] psn
|faint|p2a: Tyranitar
|upkeep
|
|t:|1779582794
|switch|p2a: Sudowoodo|Sudowoodo, L1, F, tera:Steel|100/100
|turn|28
|
|t:|1779582801
|move|p1a: Toxapex|Surf|p2a: Sudowoodo
|-ability|p2a: Sudowoodo|Sturdy
|-damage|p2a: Sudowoodo|9/100
|move|p2a: Sudowoodo|Endeavor|p1a: Toxapex
|-damage|p1a: Toxapex|1/100
|-heal|p2a: Sudowoodo|100/100|[from] item: Shell Bell|[of] p1a: Toxapex
|
|-weather|Sandstorm|[upkeep]
|-damage|p1a: Toxapex|0 fnt|[from] Sandstorm
|faint|p1a: Toxapex
|upkeep
|
|t:|1779582809
|switch|p1a: Heatran|Heatran, M, shiny|76/100
|-damage|p1a: Heatran|63/100|[from] Stealth Rock
|-item|p1a: Heatran|Air Balloon
|turn|29
|
|t:|1779582819
|move|p1a: Heatran|Magma Storm|p2a: Sudowoodo
|-supereffective|p2a: Sudowoodo
|-ability|p2a: Sudowoodo|Sturdy
|-damage|p2a: Sudowoodo|9/100
|-activate|p2a: Sudowoodo|move: Magma Storm|[of] p1a: Heatran
|move|p2a: Sudowoodo|Endeavor|p1a: Heatran
|-damage|p1a: Heatran|1/100
|-enditem|p1a: Heatran|Air Balloon
|-heal|p2a: Sudowoodo|100/100|[from] item: Shell Bell|[of] p1a: Heatran
|
|-weather|Sandstorm|[upkeep]
|-damage|p2a: Sudowoodo|92/100|[from] move: Magma Storm|[partiallytrapped]
|upkeep
|turn|30
|
|t:|1779582833
|move|p1a: Heatran|Earth Power|p2a: Sudowoodo
|-supereffective|p2a: Sudowoodo
|-damage|p2a: Sudowoodo|0 fnt
|faint|p2a: Sudowoodo
|
|-weather|Sandstorm|[upkeep]
|upkeep
|
|t:|1779582841
|switch|p2a: Ceruledge|Ceruledge, F|80/100
|turn|31
|
|t:|1779582845
|move|p2a: Ceruledge|Shadow Sneak|p1a: Heatran
|-crit|p1a: Heatran
|-damage|p1a: Heatran|0 fnt
|faint|p1a: Heatran
|
|-weather|none
|upkeep
|
|t:|1779582850
|switch|p1a: Dragonite|Dragonite, F, shiny|94/100
|turn|32
|
|t:|1779582858
|move|p2a: Ceruledge|Swords Dance|p2a: Ceruledge
|-boost|p2a: Ceruledge|atk|2
|move|p1a: Dragonite|Hurricane|p2a: Ceruledge
|-damage|p2a: Ceruledge|21/100
|
|upkeep
|turn|33
|
|t:|1779582877
|move|p2a: Ceruledge|Bitter Blade|p1a: Dragonite
|-resisted|p1a: Dragonite
|-damage|p1a: Dragonite|52/100
|-heal|p2a: Ceruledge|49/100|[from] drain|[of] p1a: Dragonite
|move|p1a: Dragonite|Hurricane|p2a: Ceruledge|[miss]
|-miss|p1a: Dragonite|p2a: Ceruledge
|
|upkeep
|turn|34
|
|t:|1779582884
|move|p2a: Ceruledge|Bitter Blade|p1a: Dragonite
|-resisted|p1a: Dragonite
|-damage|p1a: Dragonite|9/100
|-heal|p2a: Ceruledge|78/100|[from] drain|[of] p1a: Dragonite
|move|p1a: Dragonite|Hurricane|p2a: Ceruledge|[miss]
|-miss|p1a: Dragonite|p2a: Ceruledge
|
|upkeep
|turn|35
|
|t:|1779582893
|move|p2a: Ceruledge|Bitter Blade|p1a: Dragonite
|-resisted|p1a: Dragonite
|-damage|p1a: Dragonite|0 fnt
|-heal|p2a: Ceruledge|84/100|[from] drain|[of] p1a: Dragonite
|faint|p1a: Dragonite
|
|upkeep
|
|t:|1779582897
|switch|p1a: Clefable|Clefable, F, shiny|84/100 psn
|turn|36
|-message|9viciousrend forfeited.
|
|win|DevotedToaster
|raw|9viciousrend's rating: 1333 &rarr; <strong>1312</strong><br />(-21 for losing)
|raw|DevotedToaster's rating: 1313 &rarr; <strong>1334</strong><br />(+21 for winning)
|l|‽9viciousrend
|player|p1|
|l|‽DevotedToaster
|player|p2|
