|j|☆hjy2
|j|☆GDYIB
|t:|1779619708
|gametype|singles
|player|p1|hjy2|265|1134
|player|p2|GDYIB|rocketgrunt|1128
|gen|9
|tier|[Gen 9] OU
|rated|
|rule|HP Percentage Mod: HP is shown in percentages
|rule|Endless Battle Clause: Forcing endless battles is banned
|rule|Species Clause: Limit one of each Pokémon
|rule|OHKO Clause: OHKO moves are banned
|rule|Evasion Items Clause: Evasion items are banned
|rule|Evasion Moves Clause: Evasion moves are banned
|rule|Evasion Abilities Clause: Evasion abilities are banned
|rule|Sleep Moves Clause: Sleep-inducing moves are banned
|clearpoke
|poke|p1|Gliscor, F|
|poke|p1|Metagross|
|poke|p1|Toxapex, F|
|poke|p1|Darkrai|
|poke|p1|Dragapult, M|
|poke|p1|Empoleon, M|
|poke|p2|Kingambit, M|
|poke|p2|Dragapult, F|
|poke|p2|Great Tusk|
|poke|p2|Heatran, F|
|poke|p2|Tornadus-Therian, M|
|poke|p2|Zapdos|
|teampreview
|
|t:|1779619717
|teamsize|p1|6
|teamsize|p2|6
|start
|switch|p1a: Metagross|Metagross|100/100
|switch|p2a: Dragapult|Dragapult, F|100/100
|turn|1
|
|t:|1779619727
|-terastallize|p1a: Metagross|Steel
|move|p2a: Dragapult|U-turn|p1a: Metagross
|-resisted|p1a: Metagross
|-damage|p1a: Metagross|92/100
|
|t:|1779619734
|switch|p2a: Zapdos|Zapdos|100/100|[from] U-turn
|move|p1a: Metagross|Reflect|p1a: Metagross
|-sidestart|p1: hjy2|Reflect
|
|upkeep
|turn|2
|
|t:|1779619741
|move|p2a: Zapdos|Heat Wave|p1a: Metagross
|-supereffective|p1a: Metagross
|-damage|p1a: Metagross|29/100
|move|p1a: Metagross|Stealth Rock|p2a: Zapdos
|-sidestart|p2: GDYIB|move: Stealth Rock
|
|upkeep
|turn|3
|
|t:|1779619750
|switch|p1a: Toxapex|Toxapex, F|100/100
|move|p2a: Zapdos|Heat Wave|p1a: Toxapex
|-resisted|p1a: Toxapex
|-damage|p1a: Toxapex|86/100
|
|-heal|p1a: Toxapex|92/100|[from] item: Leftovers
|upkeep
|turn|4
|
|t:|1779619762
|move|p2a: Zapdos|Hurricane|p1a: Toxapex
|-damage|p1a: Toxapex|34/100
|move|p1a: Toxapex|Toxic|p2a: Zapdos
|-status|p2a: Zapdos|tox
|
|-heal|p1a: Toxapex|40/100|[from] item: Leftovers
|-damage|p2a: Zapdos|94/100 tox|[from] psn
|upkeep
|turn|5
|
|t:|1779619772
|move|p1a: Toxapex|Protect|p1a: Toxapex
|-singleturn|p1a: Toxapex|Protect
|move|p2a: Zapdos|Volt Switch|p1a: Toxapex
|-activate|p1a: Toxapex|move: Protect
|
|-heal|p1a: Toxapex|46/100|[from] item: Leftovers
|-damage|p2a: Zapdos|82/100 tox|[from] psn
|-sideend|p1: hjy2|Reflect
|upkeep
|turn|6
|
|t:|1779619783
|switch|p1a: Gliscor|Gliscor, F|100/100
|move|p2a: Zapdos|Volt Switch|p1a: Gliscor
|-immune|p1a: Gliscor
|
|-damage|p2a: Zapdos|63/100 tox|[from] psn
|-status|p1a: Gliscor|tox|[from] item: Toxic Orb
|upkeep
|turn|7
|
|t:|1779619801
|switch|p2a: Great Tusk|Great Tusk|100/100
|-damage|p2a: Great Tusk|98/100|[from] Stealth Rock
|move|p1a: Gliscor|Substitute|p1a: Gliscor
|-start|p1a: Gliscor|Substitute
|-damage|p1a: Gliscor|76/100 tox
|
|-heal|p2a: Great Tusk|100/100|[from] item: Leftovers
|-heal|p1a: Gliscor|88/100 tox|[from] ability: Poison Heal
|upkeep
|turn|8
|
|t:|1779619813
|move|p2a: Great Tusk|Rapid Spin|p1a: Gliscor
|-activate|p1a: Gliscor|move: Substitute|[damage]
|-sideend|p2: GDYIB|Stealth Rock|[from] move: Rapid Spin|[of] p2a: Great Tusk
|-boost|p2a: Great Tusk|spe|1
|move|p1a: Gliscor|Toxic|p2a: Great Tusk
|-status|p2a: Great Tusk|tox
|
|-damage|p2a: Great Tusk|94/100 tox|[from] psn
|-heal|p1a: Gliscor|100/100 tox|[from] ability: Poison Heal
|upkeep
|turn|9
|
|t:|1779619825
|move|p2a: Great Tusk|Ice Spinner|p1a: Gliscor
|-supereffective|p1a: Gliscor
|-end|p1a: Gliscor|Substitute
|move|p1a: Gliscor|Earthquake|p2a: Great Tusk
|-damage|p2a: Great Tusk|73/100 tox
|
|-heal|p2a: Great Tusk|79/100 tox|[from] item: Leftovers
|-damage|p2a: Great Tusk|66/100 tox|[from] psn
|upkeep
|turn|10
|
|t:|1779619835
|move|p1a: Gliscor|Protect|p1a: Gliscor
|-singleturn|p1a: Gliscor|Protect
|move|p2a: Great Tusk|Ice Spinner|p1a: Gliscor
|-activate|p1a: Gliscor|move: Protect
|
|-heal|p2a: Great Tusk|73/100 tox|[from] item: Leftovers
|-damage|p2a: Great Tusk|54/100 tox|[from] psn
|upkeep
|turn|11
|
|t:|1779619853
|switch|p1a: Empoleon|Empoleon, M|100/100
|move|p2a: Great Tusk|Close Combat|p1a: Empoleon
|-supereffective|p1a: Empoleon
|-damage|p1a: Empoleon|0 fnt
|-unboost|p2a: Great Tusk|def|1
|-unboost|p2a: Great Tusk|spd|1
|faint|p1a: Empoleon
|
|-heal|p2a: Great Tusk|60/100 tox|[from] item: Leftovers
|-damage|p2a: Great Tusk|35/100 tox|[from] psn
|upkeep
|
|t:|1779619866
|switch|p1a: Toxapex|Toxapex, F|46/100
|turn|12
|
|t:|1779619870
|-end|p2a: Great Tusk|Protosynthesis|[silent]
|switch|p2a: Zapdos|Zapdos|63/100 tox
|move|p1a: Toxapex|Protect||[still]
|-fail|p1a: Toxapex
|
|-heal|p1a: Toxapex|52/100|[from] item: Leftovers
|-damage|p2a: Zapdos|57/100 tox|[from] psn
|upkeep
|turn|13
|
|t:|1779619883
|move|p1a: Toxapex|Protect|p1a: Toxapex
|-singleturn|p1a: Toxapex|Protect
|move|p2a: Zapdos|Hurricane|p1a: Toxapex
|-activate|p1a: Toxapex|move: Protect
|
|-heal|p1a: Toxapex|58/100|[from] item: Leftovers
|-damage|p2a: Zapdos|44/100 tox|[from] psn
|upkeep
|turn|14
|
|t:|1779619895
|switch|p1a: Metagross|Metagross, tera:Steel|29/100
|move|p2a: Zapdos|Hurricane|p1a: Metagross
|-resisted|p1a: Metagross
|-damage|p1a: Metagross|1/100
|
|-damage|p2a: Zapdos|25/100 tox|[from] psn
|upkeep
|turn|15
|
|t:|1779619905
|switch|p1a: Dragapult|Dragapult, M|100/100
|move|p2a: Zapdos|Volt Switch|p1a: Dragapult
|-resisted|p1a: Dragapult
|-damage|p1a: Dragapult|75/100
|
|t:|1779619913
|switch|p2a: Heatran|Heatran, F|100/100|[from] Volt Switch
|
|-heal|p1a: Dragapult|81/100|[from] item: Leftovers
|upkeep
|turn|16
|
|t:|1779619921
|move|p1a: Dragapult|Dragon Dance|p1a: Dragapult
|-boost|p1a: Dragapult|atk|1
|-boost|p1a: Dragapult|spe|1
|move|p2a: Heatran|Stealth Rock|p1a: Dragapult
|-sidestart|p1: hjy2|move: Stealth Rock
|
|-heal|p1a: Dragapult|87/100|[from] item: Leftovers
|upkeep
|turn|17
|
|t:|1779619935
|move|p1a: Dragapult|Phantom Force||[still]
|-prepare|p1a: Dragapult|Phantom Force
|move|p2a: Heatran|Magma Storm|p1a: Dragapult|[miss]
|-miss|p2a: Heatran|p1a: Dragapult
|
|-heal|p1a: Dragapult|93/100|[from] item: Leftovers
|upkeep
|turn|18
|
|t:|1779619944
|switch|p2a: Kingambit|Kingambit, M|100/100
|move|p1a: Dragapult|Phantom Force|p2a: Kingambit|[from] lockedmove
|-resisted|p2a: Kingambit
|-damage|p2a: Kingambit|76/100
|
|-heal|p1a: Dragapult|99/100|[from] item: Leftovers
|upkeep
|turn|19
|
|t:|1779619961
|switch|p1a: Darkrai|Darkrai|100/100
|-damage|p1a: Darkrai|88/100|[from] Stealth Rock
|move|p2a: Kingambit|Kowtow Cleave|p1a: Darkrai
|-resisted|p1a: Darkrai
|-damage|p1a: Darkrai|54/100
|
|-heal|p1a: Darkrai|60/100|[from] item: Leftovers
|upkeep
|turn|20
|
|t:|1779619973
|-end|p2a: Kingambit|fallenundefined|[silent]
|switch|p2a: Tornadus|Tornadus-Therian, M|100/100
|move|p1a: Darkrai|Focus Blast|p2a: Tornadus
|-resisted|p2a: Tornadus
|-damage|p2a: Tornadus|88/100
|
|-heal|p1a: Darkrai|66/100|[from] item: Leftovers
|upkeep
|turn|21
|
|t:|1779619985
|move|p1a: Darkrai|Ice Beam|p2a: Tornadus
|-supereffective|p2a: Tornadus
|-damage|p2a: Tornadus|46/100
|move|p2a: Tornadus|Bleakwind Storm|p1a: Darkrai
|-damage|p1a: Darkrai|8/100
|
|-heal|p1a: Darkrai|14/100|[from] item: Leftovers
|upkeep
|turn|22
|
|t:|1779619997
|switch|p2a: Heatran|Heatran, F|100/100
|move|p1a: Darkrai|Ice Beam|p2a: Heatran
|-resisted|p2a: Heatran
|-damage|p2a: Heatran|94/100
|
|-heal|p1a: Darkrai|20/100|[from] item: Leftovers
|upkeep
|turn|23
|
|t:|1779620009
|switch|p1a: Dragapult|Dragapult, M|99/100
|-damage|p1a: Dragapult|87/100|[from] Stealth Rock
|move|p2a: Heatran|Magma Storm|p1a: Dragapult
|-resisted|p1a: Dragapult
|-damage|p1a: Dragapult|54/100
|-activate|p1a: Dragapult|move: Magma Storm|[of] p2a: Heatran
|
|-heal|p1a: Dragapult|60/100|[from] item: Leftovers
|-damage|p1a: Dragapult|47/100|[from] move: Magma Storm|[partiallytrapped]
|upkeep
|turn|24
|
|t:|1779620024
|switch|p2a: Kingambit|Kingambit, M|76/100
|move|p1a: Dragapult|Phantom Force||[still]
|-prepare|p1a: Dragapult|Phantom Force
|
|-heal|p1a: Dragapult|53/100|[from] item: Leftovers
|-end|p1a: Dragapult|Magma Storm|[partiallytrapped]|[silent]
|upkeep
|turn|25
|
|t:|1779620032
|move|p1a: Dragapult|Phantom Force|p2a: Kingambit|[from] lockedmove
|-resisted|p2a: Kingambit
|-damage|p2a: Kingambit|61/100
|move|p2a: Kingambit|Swords Dance|p2a: Kingambit
|-boost|p2a: Kingambit|atk|2
|
|-heal|p1a: Dragapult|60/100|[from] item: Leftovers
|upkeep
|turn|26
|
|t:|1779620046
|switch|p1a: Gliscor|Gliscor, F|100/100 tox
|-damage|p1a: Gliscor|88/100 tox|[from] Stealth Rock
|move|p2a: Kingambit|Kowtow Cleave|p1a: Gliscor
|-damage|p1a: Gliscor|7/100 tox
|
|-heal|p1a: Gliscor|20/100 tox|[from] ability: Poison Heal
|upkeep
|turn|27
|
|t:|1779620057
|move|p2a: Kingambit|Sucker Punch|p1a: Gliscor
|-damage|p1a: Gliscor|0 fnt
|faint|p1a: Gliscor
|
|upkeep
|
|t:|1779620062
|switch|p1a: Toxapex|Toxapex, F|58/100
|-damage|p1a: Toxapex|46/100|[from] Stealth Rock
|turn|28
|
|t:|1779620067
|move|p2a: Kingambit|Kowtow Cleave|p1a: Toxapex
|-damage|p1a: Toxapex|0 fnt
|faint|p1a: Toxapex
|
|upkeep
|-message|hjy2 forfeited.
|
|win|GDYIB
|raw|hjy2's rating: 1134 &rarr; <strong>1109</strong><br />(-25 for losing)
|raw|GDYIB's rating: 1128 &rarr; <strong>1153</strong><br />(+25 for winning)
|l|☆hjy2
|player|p1|
