|j|☆salacoco
|j|☆lunarfae
|t:|1779668421
|gametype|singles
|player|p1|salacoco|blue|1173
|player|p2|lunarfae|doubleteam|1139
|gen|9
|tier|[Gen 9] OU
|rated|
|rule|HP Percentage Mod: HP is shown in percentages
|rule|Endless Battle Clause: Forcing endless battles is banned
|rule|Species Clause: Limit one of each Pokémon
|rule|OHKO Clause: OHKO moves are banned
|rule|Evasion Items Clause: Evasion items are banned
|rule|Evasion Moves Clause: Evasion moves are banned
|rule|Evasion Abilities Clause: Evasion abilities are banned
|rule|Sleep Moves Clause: Sleep-inducing moves are banned
|clearpoke
|poke|p1|Ogerpon-Wellspring, F|
|poke|p1|Dragapult, M|
|poke|p1|Cinderace, F|
|poke|p1|Walking Wake|
|poke|p1|Ninetales, M|
|poke|p1|Iron Moth|
|poke|p2|Mandibuzz, F|
|poke|p2|Goodra-Hisui, F|
|poke|p2|Registeel|
|poke|p2|Jumpluff, M|
|poke|p2|Vaporeon, F|
|poke|p2|Mudsdale, F|
|teampreview
|
|t:|1779668430
|teamsize|p1|6
|teamsize|p2|6
|start
|switch|p1a: Ninetales|Ninetales, M, shiny|100/100
|switch|p2a: Goodra|Goodra-Hisui, F|100/100
|-weather|SunnyDay|[from] ability: Drought|[of] p1a: Ninetales
|turn|1
|inactive|Battle timer is ON: inactive players will automatically lose when time's up. (requested by salacoco)
|
|t:|1779668453
|move|p1a: Ninetales|Will-O-Wisp|p2a: Goodra
|-status|p2a: Goodra|brn
|move|p2a: Goodra|Draco Meteor|p1a: Ninetales
|-damage|p1a: Ninetales|37/100
|-unboost|p2a: Goodra|spa|2
|
|-weather|SunnyDay|[upkeep]
|-damage|p2a: Goodra|94/100 brn|[from] brn
|upkeep
|turn|2
|
|t:|1779668467
|switch|p2a: Mandibuzz|Mandibuzz, F|100/100
|move|p1a: Ninetales|Overheat|p2a: Mandibuzz
|-damage|p2a: Mandibuzz|51/100
|-unboost|p1a: Ninetales|spa|2
|
|-weather|SunnyDay|[upkeep]
|upkeep
|turn|3
|
|t:|1779668478
|switch|p1a: Iron Moth|Iron Moth, shiny|100/100
|-enditem|p1a: Iron Moth|Booster Energy
|-activate|p1a: Iron Moth|ability: Quark Drive|[fromitem]
|-start|p1a: Iron Moth|quarkdrivespe
|move|p2a: Mandibuzz|Roost|p2a: Mandibuzz
|-heal|p2a: Mandibuzz|100/100
|-singleturn|p2a: Mandibuzz|move: Roost
|
|-weather|SunnyDay|[upkeep]
|upkeep
|turn|4
|
|t:|1779668486
|move|p1a: Iron Moth|Fiery Dance|p2a: Mandibuzz
|-damage|p2a: Mandibuzz|47/100
|-boost|p1a: Iron Moth|spa|1
|move|p2a: Mandibuzz|Toxic|p1a: Iron Moth
|-immune|p1a: Iron Moth
|
|-weather|SunnyDay|[upkeep]
|upkeep
|turn|5
|
|t:|1779668503
|switch|p2a: Vaporeon|Vaporeon, F|100/100
|move|p1a: Iron Moth|Fiery Dance|p2a: Vaporeon
|-resisted|p2a: Vaporeon
|-damage|p2a: Vaporeon|73/100
|
|-weather|SunnyDay|[upkeep]
|-heal|p2a: Vaporeon|79/100|[from] item: Leftovers
|upkeep
|turn|6
|
|t:|1779668511
|move|p1a: Iron Moth|Sludge Wave|p2a: Vaporeon
|-damage|p2a: Vaporeon|34/100
|move|p2a: Vaporeon|Wish|p2a: Vaporeon
|
|-weather|SunnyDay|[upkeep]
|-heal|p2a: Vaporeon|40/100|[from] item: Leftovers
|upkeep
|turn|7
|
|t:|1779668517
|move|p2a: Vaporeon|Protect|p2a: Vaporeon
|-singleturn|p2a: Vaporeon|Protect
|move|p1a: Iron Moth|Sludge Wave|p2a: Vaporeon
|-activate|p2a: Vaporeon|move: Protect
|
|-weather|SunnyDay|[upkeep]
|-heal|p2a: Vaporeon|90/100|[from] move: Wish|[wisher] Vaporeon
|-heal|p2a: Vaporeon|96/100|[from] item: Leftovers
|upkeep
|turn|8
|
|t:|1779668526
|-end|p1a: Iron Moth|Quark Drive|[silent]
|switch|p1a: Ogerpon|Ogerpon-Wellspring, F|100/100
|move|p2a: Vaporeon|Wish|p2a: Vaporeon
|
|-weather|none
|-heal|p2a: Vaporeon|100/100|[from] item: Leftovers
|upkeep
|turn|9
|
|t:|1779668536
|switch|p1a: Ninetales|Ninetales, M, shiny|37/100
|-weather|SunnyDay|[from] ability: Drought|[of] p1a: Ninetales
|switch|p2a: Mandibuzz|Mandibuzz, F|47/100
|
|-weather|SunnyDay|[upkeep]
|-heal|p2a: Mandibuzz|100/100|[from] move: Wish|[wisher] Vaporeon
|upkeep
|turn|10
|
|t:|1779668557
|switch|p2a: Jumpluff|Jumpluff, M, shiny|100/100
|move|p1a: Ninetales|Will-O-Wisp|p2a: Jumpluff
|-status|p2a: Jumpluff|brn
|
|-weather|SunnyDay|[upkeep]
|-damage|p2a: Jumpluff|94/100 brn|[from] brn
|upkeep
|turn|11
|
|t:|1779668563
|move|p1a: Ninetales|Overheat|p2a: Jumpluff
|-supereffective|p2a: Jumpluff
|-damage|p2a: Jumpluff|17/100 brn
|-unboost|p1a: Ninetales|spa|2
|move|p2a: Jumpluff|Encore|p1a: Ninetales
|-start|p1a: Ninetales|Encore
|
|-weather|SunnyDay|[upkeep]
|-damage|p2a: Jumpluff|11/100 brn|[from] brn
|upkeep
|turn|12
|
|t:|1779668573
|switch|p2a: Vaporeon|Vaporeon, F|100/100
|move|p1a: Ninetales|Overheat|p2a: Vaporeon
|-resisted|p2a: Vaporeon
|-damage|p2a: Vaporeon|92/100
|-unboost|p1a: Ninetales|spa|2
|
|-weather|SunnyDay|[upkeep]
|-heal|p2a: Vaporeon|98/100|[from] item: Leftovers
|upkeep
|turn|13
|
|t:|1779668578
|switch|p1a: Ogerpon|Ogerpon-Wellspring, F|100/100
|move|p2a: Vaporeon|Wish|p2a: Vaporeon
|
|-weather|SunnyDay|[upkeep]
|-heal|p2a: Vaporeon|100/100|[from] item: Leftovers
|upkeep
|turn|14
|
|t:|1779668594
|switch|p2a: Registeel|Registeel, shiny|100/100
|move|p1a: Ogerpon|Swords Dance|p1a: Ogerpon
|-boost|p1a: Ogerpon|atk|2
|
|-weather|SunnyDay|[upkeep]
|upkeep
|turn|15
|
|t:|1779668601
|move|p1a: Ogerpon|Superpower|p2a: Registeel
|-supereffective|p2a: Registeel
|-damage|p2a: Registeel|0 fnt
|-unboost|p1a: Ogerpon|atk|1
|-unboost|p1a: Ogerpon|def|1
|faint|p2a: Registeel
|
|-weather|SunnyDay|[upkeep]
|upkeep
|-message|lunarfae forfeited.
|
|win|salacoco
|raw|salacoco's rating: 1173 &rarr; <strong>1196</strong><br />(+23 for winning)
|raw|lunarfae's rating: 1139 &rarr; <strong>1116</strong><br />(-23 for losing)
|l|☆lunarfae
|player|p2|
|l|☆salacoco
|player|p1|
