|j|☆soyothedangerous
|j|☆animals
|t:|1760359592
|gametype|singles
|player|p1|soyothedangerous|rosa|1402
|player|p2|animals|lady-gen4|1429
|gen|9
|tier|[Gen 9] OU
|rated|
|rule|HP Percentage Mod: HP is shown in percentages
|rule|Endless Battle Clause: Forcing endless battles is banned
|rule|Species Clause: Limit one of each Pokémon
|rule|OHKO Clause: OHKO moves are banned
|rule|Evasion Items Clause: Evasion items are banned
|rule|Evasion Moves Clause: Evasion moves are banned
|rule|Evasion Abilities Clause: Evasion abilities are banned
|rule|Sleep Moves Clause: Sleep-inducing moves are banned
|clearpoke
|poke|p1|Zamazenta-*|
|poke|p1|Ninetales-Alola, F|
|poke|p1|Darkrai|
|poke|p1|Ceruledge, M|
|poke|p1|Gliscor, M|
|poke|p1|Hatterene, F|
|poke|p2|Darkrai|
|poke|p2|Clefable, M|
|poke|p2|Iron Valiant|
|poke|p2|Tinkaton, F|
|poke|p2|Zapdos|
|poke|p2|Dragonite, M|
|teampreview
|inactive|Battle timer is ON: inactive players will automatically lose when time's up. (requested by animals)
|
|t:|1760359603
|teamsize|p1|6
|teamsize|p2|6
|start
|switch|p1a: Ninetales|Ninetales-Alola, F, shiny|100/100
|switch|p2a: Tinkaton|Tinkaton, F|100/100
|-weather|Snowscape|[from] ability: Snow Warning|[of] p1a: Ninetales
|-item|p2a: Tinkaton|Air Balloon
|turn|1
|
|t:|1760359611
|move|p1a: Ninetales|Aurora Veil|p1a: Ninetales
|-sidestart|p1: soyothedangerous|move: Aurora Veil
|move|p2a: Tinkaton|Encore|p1a: Ninetales
|-start|p1a: Ninetales|Encore
|
|-weather|Snowscape|[upkeep]
|upkeep
|turn|2
|
|t:|1760359616
|switch|p1a: Ceruledge|Ceruledge, M|100/100
|move|p2a: Tinkaton|Stealth Rock|p1a: Ceruledge
|-sidestart|p1: soyothedangerous|move: Stealth Rock
|
|-weather|Snowscape|[upkeep]
|upkeep
|turn|3
|
|t:|1760359625
|move|p2a: Tinkaton|Stealth Rock||[still]
|-fail|p2a: Tinkaton
|move|p1a: Ceruledge|Bitter Blade|p2a: Tinkaton
|-supereffective|p2a: Tinkaton
|-damage|p2a: Tinkaton|11/100
|-enditem|p2a: Tinkaton|Air Balloon
|-enditem|p1a: Ceruledge|Covert Cloak|[silent]|[from] ability: Pickpocket|[of] p1a: Ceruledge
|-item|p2a: Tinkaton|Covert Cloak|[from] ability: Pickpocket|[of] p1a: Ceruledge
|
|-weather|Snowscape|[upkeep]
|upkeep
|turn|4
|
|t:|1760359636
|move|p1a: Ceruledge|Shadow Sneak|p2a: Tinkaton
|-damage|p2a: Tinkaton|0 fnt
|faint|p2a: Tinkaton
|
|-weather|Snowscape|[upkeep]
|upkeep
|
|t:|1760359644
|switch|p2a: Dragonite|Dragonite, M, shiny|100/100
|turn|5
|
|t:|1760359658
|switch|p1a: Hatterene|Hatterene, F|100/100
|-damage|p1a: Hatterene|88/100|[from] Stealth Rock
|move|p2a: Dragonite|Earthquake|p1a: Hatterene
|-damage|p1a: Hatterene|75/100
|
|-weather|none
|-heal|p1a: Hatterene|81/100|[from] item: Leftovers
|upkeep
|turn|6
|
|t:|1760359662
|switch|p2a: Clefable|Clefable, M|100/100
|move|p1a: Hatterene|Calm Mind|p1a: Hatterene
|-boost|p1a: Hatterene|spa|1
|-boost|p1a: Hatterene|spd|1
|
|-heal|p1a: Hatterene|87/100|[from] item: Leftovers
|upkeep
|turn|7
|
|t:|1760359665
|move|p2a: Clefable|Calm Mind|p2a: Clefable
|-boost|p2a: Clefable|spa|1
|-boost|p2a: Clefable|spd|1
|move|p1a: Hatterene|Calm Mind|p1a: Hatterene
|-boost|p1a: Hatterene|spa|1
|-boost|p1a: Hatterene|spd|1
|
|-heal|p1a: Hatterene|93/100|[from] item: Leftovers
|upkeep
|turn|8
|
|t:|1760359667
|move|p2a: Clefable|Calm Mind|p2a: Clefable
|-boost|p2a: Clefable|spa|1
|-boost|p2a: Clefable|spd|1
|move|p1a: Hatterene|Calm Mind|p1a: Hatterene
|-boost|p1a: Hatterene|spa|1
|-boost|p1a: Hatterene|spd|1
|
|-heal|p1a: Hatterene|99/100|[from] item: Leftovers
|-sideend|p1: soyothedangerous|move: Aurora Veil
|upkeep
|turn|9
|
|t:|1760359670
|move|p2a: Clefable|Calm Mind|p2a: Clefable
|-boost|p2a: Clefable|spa|1
|-boost|p2a: Clefable|spd|1
|move|p1a: Hatterene|Psyshock|p2a: Clefable
|-damage|p2a: Clefable|36/100
|
|-heal|p2a: Clefable|42/100|[from] item: Leftovers
|-heal|p1a: Hatterene|100/100|[from] item: Leftovers
|upkeep
|turn|10
|
|t:|1760359679
|move|p2a: Clefable|Moonblast|p1a: Hatterene
|-damage|p1a: Hatterene|70/100
|move|p1a: Hatterene|Psyshock|p2a: Clefable
|-damage|p2a: Clefable|0 fnt
|faint|p2a: Clefable
|
|-heal|p1a: Hatterene|76/100|[from] item: Leftovers
|upkeep
|
|t:|1760359688
|switch|p2a: Dragonite|Dragonite, M, shiny|100/100
|turn|11
|
|t:|1760359691
|move|p2a: Dragonite|Dragon Dance|p2a: Dragonite
|-boost|p2a: Dragonite|atk|1
|-boost|p2a: Dragonite|spe|1
|move|p1a: Hatterene|Draining Kiss|p2a: Dragonite
|-supereffective|p2a: Dragonite
|-damage|p2a: Dragonite|59/100
|-heal|p1a: Hatterene|100/100|[from] drain|[of] p2a: Dragonite
|
|upkeep
|turn|12
|
|t:|1760359695
|-terastallize|p2a: Dragonite|Fairy
|move|p2a: Dragonite|Tera Blast|p1a: Hatterene|[anim] Tera Blast Fairy
|-damage|p1a: Hatterene|57/100
|move|p1a: Hatterene|Draining Kiss|p2a: Dragonite
|-damage|p2a: Dragonite|23/100
|-heal|p1a: Hatterene|89/100|[from] drain|[of] p2a: Dragonite
|
|-heal|p1a: Hatterene|95/100|[from] item: Leftovers
|upkeep
|turn|13
|
|t:|1760359702
|move|p2a: Dragonite|Tera Blast|p1a: Hatterene|[anim] Tera Blast Fairy
|-damage|p1a: Hatterene|54/100
|move|p1a: Hatterene|Draining Kiss|p2a: Dragonite
|-crit|p2a: Dragonite
|-damage|p2a: Dragonite|0 fnt
|-heal|p1a: Hatterene|75/100|[from] drain|[of] p2a: Dragonite
|faint|p2a: Dragonite
|
|-heal|p1a: Hatterene|81/100|[from] item: Leftovers
|upkeep
|-message|animals forfeited.
|
|win|soyothedangerous
|raw|soyothedangerous's rating: 1402 &rarr; <strong>1424</strong><br />(+22 for winning)
|raw|animals's rating: 1429 &rarr; <strong>1407</strong><br />(-22 for losing)
|l|☆animals
|player|p2|
