|j|☆delete tera
|j|☆SCiZ0rking
|t:|1760445227
|gametype|singles
|player|p1|delete tera|265|1333
|player|p2|SCiZ0rking|hiker-gen4|1378
|gen|9
|tier|[Gen 9] OU
|rated|
|rule|HP Percentage Mod: HP is shown in percentages
|rule|Endless Battle Clause: Forcing endless battles is banned
|rule|Species Clause: Limit one of each Pokémon
|rule|OHKO Clause: OHKO moves are banned
|rule|Evasion Items Clause: Evasion items are banned
|rule|Evasion Moves Clause: Evasion moves are banned
|rule|Evasion Abilities Clause: Evasion abilities are banned
|rule|Sleep Moves Clause: Sleep-inducing moves are banned
|clearpoke
|poke|p1|Garchomp, F|
|poke|p1|Zamazenta-*|
|poke|p1|Iron Hands|
|poke|p1|Dragonite, M|
|poke|p1|Iron Valiant|
|poke|p1|Salazzle, F|
|poke|p2|Raging Bolt|
|poke|p2|Slowking-Galar, F|
|poke|p2|Meowscarada, M|
|poke|p2|Scizor, F|
|poke|p2|Cinderace, M|
|poke|p2|Gliscor, F|
|teampreview
|inactive|Battle timer is ON: inactive players will automatically lose when time's up. (requested by SCiZ0rking)
|
|t:|1760445238
|teamsize|p1|6
|teamsize|p2|6
|start
|switch|p1a: Salazzle|Salazzle, F, shiny|100/100
|switch|p2a: Cinderace|Cinderace, M|100/100
|turn|1
|
|t:|1760445244
|move|p1a: Salazzle|Fake Out|p2a: Cinderace
|-damage|p2a: Cinderace|92/100
|cant|p2a: Cinderace|flinch
|
|upkeep
|turn|2
|
|t:|1760445248
|switch|p2a: Gliscor|Gliscor, F|100/100
|move|p1a: Salazzle|Sludge Wave|p2a: Gliscor
|-resisted|p2a: Gliscor
|-damage|p2a: Gliscor|79/100
|
|-status|p2a: Gliscor|tox|[from] item: Toxic Orb
|upkeep
|turn|3
|
|t:|1760445258
|switch|p1a: Dragonite|Dragonite, M|100/100
|move|p2a: Gliscor|Stealth Rock|p1a: Dragonite
|-sidestart|p1: delete tera|move: Stealth Rock
|
|-heal|p2a: Gliscor|92/100 tox|[from] ability: Poison Heal
|upkeep
|turn|4
|
|t:|1760445267
|move|p2a: Gliscor|Toxic|p1a: Dragonite
|-status|p1a: Dragonite|tox
|move|p1a: Dragonite|Dragon Tail|p2a: Gliscor
|-damage|p2a: Gliscor|64/100 tox
|drag|p2a: Slowking|Slowking-Galar, F|100/100
|
|-damage|p1a: Dragonite|94/100 tox|[from] psn
|upkeep
|turn|5
|
|t:|1760445277
|switch|p2a: Gliscor|Gliscor, F|64/100 tox
|move|p1a: Dragonite|Dragon Tail|p2a: Gliscor
|-damage|p2a: Gliscor|38/100 tox
|drag|p2a: Slowking|Slowking-Galar, F|100/100
|
|-damage|p1a: Dragonite|82/100 tox|[from] psn
|upkeep
|turn|6
|
|t:|1760445283
|move|p2a: Slowking|Future Sight|p1a: Dragonite
|-start|p2a: Slowking|move: Future Sight
|move|p1a: Dragonite|Dragon Tail|p2a: Slowking
|-damage|p2a: Slowking|64/100
|drag|p2a: Gliscor|Gliscor, F|38/100 tox
|
|-heal|p2a: Gliscor|50/100 tox|[from] ability: Poison Heal
|-damage|p1a: Dragonite|63/100 tox|[from] psn
|upkeep
|turn|7
|
|t:|1760445289
|move|p2a: Gliscor|Protect|p2a: Gliscor
|-singleturn|p2a: Gliscor|Protect
|move|p1a: Dragonite|Dragon Tail|p2a: Gliscor
|-activate|p2a: Gliscor|move: Protect
|
|-heal|p2a: Gliscor|63/100 tox|[from] ability: Poison Heal
|-damage|p1a: Dragonite|38/100 tox|[from] psn
|upkeep
|turn|8
|
|t:|1760445294
|move|p2a: Gliscor|U-turn|p1a: Dragonite
|-resisted|p1a: Dragonite
|-damage|p1a: Dragonite|32/100 tox
|
|t:|1760445302
|switch|p2a: Slowking|Slowking-Galar, F|98/100|[from] U-turn
|move|p1a: Dragonite|Dragon Tail|p2a: Slowking
|-damage|p2a: Slowking|63/100
|drag|p2a: Gliscor|Gliscor, F|63/100 tox
|
|-end|p1a: Dragonite|move: Future Sight
|-damage|p1a: Dragonite|0 fnt
|faint|p1a: Dragonite
|-heal|p2a: Gliscor|75/100 tox|[from] ability: Poison Heal
|upkeep
|
|t:|1760445309
|switch|p1a: Salazzle|Salazzle, F, shiny|100/100
|-damage|p1a: Salazzle|76/100|[from] Stealth Rock
|turn|9
|
|t:|1760445315
|move|p1a: Salazzle|Flamethrower|p2a: Gliscor
|-damage|p2a: Gliscor|41/100 tox
|move|p2a: Gliscor|U-turn|p1a: Salazzle
|-resisted|p1a: Salazzle
|-damage|p1a: Salazzle|68/100
|
|t:|1760445329
|switch|p2a: Meowscarada|Meowscarada, M|100/100|[from] U-turn
|
|upkeep
|turn|10
|
|t:|1760445338
|move|p2a: Meowscarada|Knock Off|p1a: Salazzle
|-start|p2a: Meowscarada|typechange|Dark|[from] ability: Protean
|-damage|p1a: Salazzle|0 fnt
|-enditem|p1a: Salazzle|Toxic Plate|[from] move: Knock Off|[of] p2a: Meowscarada
|faint|p1a: Salazzle
|
|upkeep
|
|t:|1760445344
|switch|p1a: Iron Valiant|Iron Valiant|100/100
|-damage|p1a: Iron Valiant|94/100|[from] Stealth Rock
|-enditem|p1a: Iron Valiant|Booster Energy
|-activate|p1a: Iron Valiant|ability: Quark Drive|[fromitem]
|-start|p1a: Iron Valiant|quarkdrivespe
|turn|11
|
|t:|1760445350
|switch|p2a: Slowking|Slowking-Galar, F|96/100
|move|p1a: Iron Valiant|Knock Off|p2a: Slowking
|-supereffective|p2a: Slowking
|-damage|p2a: Slowking|36/100
|-enditem|p2a: Slowking|Heavy-Duty Boots|[from] move: Knock Off|[of] p1a: Iron Valiant
|
|upkeep
|turn|12
|
|t:|1760445356
|switch|p2a: Scizor|Scizor, F|100/100
|move|p1a: Iron Valiant|Knock Off|p2a: Scizor
|-damage|p2a: Scizor|72/100
|-enditem|p2a: Scizor|Life Orb|[from] move: Knock Off|[of] p1a: Iron Valiant
|
|upkeep
|turn|13
|
|t:|1760445360
|move|p1a: Iron Valiant|Close Combat|p2a: Scizor
|-damage|p2a: Scizor|16/100
|-unboost|p1a: Iron Valiant|def|1
|-unboost|p1a: Iron Valiant|spd|1
|move|p2a: Scizor|Knock Off|p1a: Iron Valiant
|-resisted|p1a: Iron Valiant
|-damage|p1a: Iron Valiant|83/100
|
|upkeep
|turn|14
|
|t:|1760445365
|move|p2a: Scizor|Bullet Punch|p1a: Iron Valiant
|-supereffective|p1a: Iron Valiant
|-damage|p1a: Iron Valiant|0 fnt
|faint|p1a: Iron Valiant
|-end|p1a: Iron Valiant|Quark Drive|[silent]
|
|upkeep
|
|t:|1760445370
|switch|p1a: Zamazenta|Zamazenta|100/100
|-damage|p1a: Zamazenta|94/100|[from] Stealth Rock
|-ability|p1a: Zamazenta|Dauntless Shield|boost
|-boost|p1a: Zamazenta|def|1
|turn|15
|
|t:|1760445379
|move|p1a: Zamazenta|Iron Defense|p1a: Zamazenta
|-boost|p1a: Zamazenta|def|2
|move|p2a: Scizor|Knock Off|p1a: Zamazenta
|-resisted|p1a: Zamazenta
|-damage|p1a: Zamazenta|89/100
|-enditem|p1a: Zamazenta|Leftovers|[from] move: Knock Off|[of] p2a: Scizor
|
|upkeep
|turn|16
|
|t:|1760445390
|switch|p2a: Slowking|Slowking-Galar, F|69/100
|move|p1a: Zamazenta|Iron Defense|p1a: Zamazenta
|-boost|p1a: Zamazenta|def|2
|
|upkeep
|turn|17
|
|t:|1760445396
|move|p1a: Zamazenta|Crunch|p2a: Slowking
|-supereffective|p2a: Slowking
|-damage|p2a: Slowking|22/100
|move|p2a: Slowking|Future Sight|p1a: Zamazenta
|-start|p2a: Slowking|move: Future Sight
|
|upkeep
|turn|18
|
|t:|1760445399
|switch|p2a: Scizor|Scizor, F|16/100
|move|p1a: Zamazenta|Crunch|p2a: Scizor
|-damage|p2a: Scizor|0 fnt
|faint|p2a: Scizor
|
|upkeep
|
|t:|1760445401
|switch|p2a: Gliscor|Gliscor, F|41/100 tox
|turn|19
|
|t:|1760445414
|move|p2a: Gliscor|Protect|p2a: Gliscor
|-singleturn|p2a: Gliscor|Protect
|move|p1a: Zamazenta|Body Press|p2a: Gliscor
|-activate|p2a: Gliscor|move: Protect
|
|-end|p1a: Zamazenta|move: Future Sight
|-supereffective|p1a: Zamazenta
|-damage|p1a: Zamazenta|22/100
|-heal|p2a: Gliscor|53/100 tox|[from] ability: Poison Heal
|upkeep
|turn|20
|
|t:|1760445420
|move|p1a: Zamazenta|Body Press|p2a: Gliscor
|-resisted|p2a: Gliscor
|-damage|p2a: Gliscor|11/100 tox
|move|p2a: Gliscor|U-turn|p1a: Zamazenta
|-resisted|p1a: Zamazenta
|-damage|p1a: Zamazenta|20/100
|
|t:|1760445428
|switch|p2a: Raging Bolt|Raging Bolt|100/100|[from] U-turn
|
|upkeep
|turn|21
|
|t:|1760445433
|move|p2a: Raging Bolt|Thunderclap||[still]
|-fail|p2a: Raging Bolt
|move|p1a: Zamazenta|Roar|p2a: Raging Bolt
|-end|p2a: Raging Bolt|Protosynthesis|[silent]
|drag|p2a: Meowscarada|Meowscarada, M|100/100
|
|upkeep
|turn|22
|
|t:|1760445450
|switch|p2a: Gliscor|Gliscor, F|11/100 tox
|move|p1a: Zamazenta|Body Press|p2a: Gliscor
|-resisted|p2a: Gliscor
|-damage|p2a: Gliscor|0 fnt
|faint|p2a: Gliscor
|
|upkeep
|
|t:|1760445455
|switch|p2a: Slowking|Slowking-Galar, F|55/100
|turn|23
|
|t:|1760445459
|move|p1a: Zamazenta|Crunch|p2a: Slowking
|-supereffective|p2a: Slowking
|-damage|p2a: Slowking|7/100
|-unboost|p2a: Slowking|def|1
|move|p2a: Slowking|Sludge Bomb|p1a: Zamazenta
|-damage|p1a: Zamazenta|0 fnt
|faint|p1a: Zamazenta
|
|upkeep
|
|t:|1760445463
|switch|p1a: Garchomp|Garchomp, F|100/100
|-damage|p1a: Garchomp|94/100|[from] Stealth Rock
|turn|24
|
|t:|1760445472
|switch|p2a: Meowscarada|Meowscarada, M|100/100
|move|p1a: Garchomp|Scale Shot|p2a: Meowscarada
|-damage|p2a: Meowscarada|78/100
|-damage|p2a: Meowscarada|58/100
|-damage|p2a: Meowscarada|38/100
|-damage|p2a: Meowscarada|17/100
|-hitcount|p2a: Meowscarada|4
|-unboost|p1a: Garchomp|def|1
|-boost|p1a: Garchomp|spe|1
|
|upkeep
|turn|25
|
|t:|1760445491
|switch|p1a: Iron Hands|Iron Hands|100/100
|-damage|p1a: Iron Hands|94/100|[from] Stealth Rock
|-enditem|p1a: Iron Hands|Booster Energy
|-activate|p1a: Iron Hands|ability: Quark Drive|[fromitem]
|-start|p1a: Iron Hands|quarkdriveatk
|move|p2a: Meowscarada|Triple Axel|p1a: Iron Hands
|-start|p2a: Meowscarada|typechange|Ice|[from] ability: Protean
|-crit|p1a: Iron Hands
|-damage|p1a: Iron Hands|82/100
|-damage|p1a: Iron Hands|65/100
|-hitcount|p1a: Iron Hands|2
|
|upkeep
|turn|26
|
|t:|1760445504
|move|p2a: Meowscarada|Triple Axel|p1a: Iron Hands
|-damage|p1a: Iron Hands|56/100
|-damage|p1a: Iron Hands|38/100
|-damage|p1a: Iron Hands|11/100
|-hitcount|p1a: Iron Hands|3
|move|p1a: Iron Hands|Drain Punch|p2a: Meowscarada
|-supereffective|p2a: Meowscarada
|-damage|p2a: Meowscarada|0 fnt
|-heal|p1a: Iron Hands|16/100|[from] drain|[of] p2a: Meowscarada
|faint|p2a: Meowscarada
|
|upkeep
|
|t:|1760445515
|switch|p2a: Cinderace|Cinderace, M|92/100
|turn|27
|
|t:|1760445519
|move|p2a: Cinderace|Pyro Ball|p1a: Iron Hands
|-damage|p1a: Iron Hands|0 fnt
|faint|p1a: Iron Hands
|-end|p1a: Iron Hands|Quark Drive|[silent]
|
|upkeep
|
|t:|1760445521
|switch|p1a: Garchomp|Garchomp, F|94/100
|-damage|p1a: Garchomp|88/100|[from] Stealth Rock
|turn|28
|
|t:|1760445532
|-terastallize|p2a: Cinderace|Fire
|move|p2a: Cinderace|Pyro Ball|p1a: Garchomp
|-resisted|p1a: Garchomp
|-damage|p1a: Garchomp|47/100
|move|p1a: Garchomp|Scale Shot|p2a: Cinderace
|-damage|p2a: Cinderace|74/100
|-damage|p2a: Cinderace|53/100
|-damage|p2a: Cinderace|33/100
|-damage|p2a: Cinderace|14/100
|-hitcount|p2a: Cinderace|4
|-unboost|p1a: Garchomp|def|1
|-boost|p1a: Garchomp|spe|1
|
|upkeep
|turn|29
|
|t:|1760445540
|move|p2a: Cinderace|Sucker Punch|p1a: Garchomp
|-damage|p1a: Garchomp|11/100
|-damage|p2a: Cinderace|2/100|[from] ability: Rough Skin|[of] p1a: Garchomp
|move|p1a: Garchomp|Earthquake|p2a: Cinderace
|-supereffective|p2a: Cinderace
|-damage|p2a: Cinderace|0 fnt
|faint|p2a: Cinderace
|
|upkeep
|
|t:|1760445546
|switch|p2a: Raging Bolt|Raging Bolt|100/100
|turn|30
|
|t:|1760445551
|move|p1a: Garchomp|Scale Shot|p2a: Raging Bolt
|-supereffective|p2a: Raging Bolt
|-damage|p2a: Raging Bolt|74/100
|-supereffective|p2a: Raging Bolt
|-damage|p2a: Raging Bolt|48/100
|-supereffective|p2a: Raging Bolt
|-damage|p2a: Raging Bolt|22/100
|-supereffective|p2a: Raging Bolt
|-damage|p2a: Raging Bolt|0 fnt
|faint|p2a: Raging Bolt
|-end|p2a: Raging Bolt|Protosynthesis|[silent]
|-hitcount|p2: Raging Bolt|4
|-unboost|p1a: Garchomp|def|1
|-boost|p1a: Garchomp|spe|1
|
|upkeep
|
|t:|1760445552
|switch|p2a: Slowking|Slowking-Galar, F|40/100
|turn|31
|
|t:|1760445557
|move|p1a: Garchomp|Earthquake|p2a: Slowking
|-supereffective|p2a: Slowking
|-damage|p2a: Slowking|0 fnt
|faint|p2a: Slowking
|
|win|delete tera
|raw|delete tera's rating: 1333 &rarr; <strong>1356</strong><br />(+23 for winning)
|raw|SCiZ0rking's rating: 1378 &rarr; <strong>1355</strong><br />(-23 for losing)
|l|☆SCiZ0rking
|player|p2|
|l|☆delete tera
|player|p1|
