|j|☆im coral ❤
|j|☆RoddyJ
|t:|1760333028
|gametype|singles
|player|p1|im coral ❤|lady|1626
|player|p2|RoddyJ|ethan|1731
|gen|9
|tier|[Gen 9] OU
|rated|
|rule|HP Percentage Mod: HP is shown in percentages
|rule|Endless Battle Clause: Forcing endless battles is banned
|rule|Species Clause: Limit one of each Pokémon
|rule|OHKO Clause: OHKO moves are banned
|rule|Evasion Items Clause: Evasion items are banned
|rule|Evasion Moves Clause: Evasion moves are banned
|rule|Evasion Abilities Clause: Evasion abilities are banned
|rule|Sleep Moves Clause: Sleep-inducing moves are banned
|clearpoke
|poke|p1|Kyurem|
|poke|p1|Iron Crown|
|poke|p1|Ceruledge, M|
|poke|p1|Zamazenta-*|
|poke|p1|Kingambit, M|
|poke|p1|Moltres-Galar|
|poke|p2|Kyurem|
|poke|p2|Mew|
|poke|p2|Dragapult, M|
|poke|p2|Weezing-Galar, F|
|poke|p2|Muk-Alola, F|
|poke|p2|Iron Moth|
|teampreview
|inactive|Battle timer is ON: inactive players will automatically lose when time's up. (requested by RoddyJ)
|
|t:|1760333039
|teamsize|p1|6
|teamsize|p2|6
|start
|switch|p1a: Zamazenta|Zamazenta|100/100
|switch|p2a: Dragapult|Dragapult, M, shiny|100/100
|-ability|p1a: Zamazenta|Dauntless Shield|boost
|-boost|p1a: Zamazenta|def|1
|turn|1
|
|t:|1760333049
|switch|p2a: Weezing|Weezing-Galar, F, shiny|100/100
|move|p1a: Zamazenta|Light Screen|p1a: Zamazenta
|-sidestart|p1: im coral ❤|move: Light Screen
|
|upkeep
|turn|2
|
|t:|1760333053
|switch|p1a: Ceruledge|Ceruledge, M|100/100
|move|p2a: Weezing|Will-O-Wisp|p1a: Ceruledge
|-immune|p1a: Ceruledge
|
|upkeep
|turn|3
|
|t:|1760333059
|move|p1a: Ceruledge|Swords Dance|p1a: Ceruledge
|-boost|p1a: Ceruledge|atk|2
|move|p2a: Weezing|Acid Spray|p1a: Ceruledge
|-resisted|p1a: Ceruledge
|-damage|p1a: Ceruledge|97/100
|-unboost|p1a: Ceruledge|spd|2
|
|upkeep
|turn|4
|
|t:|1760333070
|move|p1a: Ceruledge|Swords Dance|p1a: Ceruledge
|-boost|p1a: Ceruledge|atk|2
|move|p2a: Weezing|Acid Spray|p1a: Ceruledge
|-resisted|p1a: Ceruledge
|-damage|p1a: Ceruledge|91/100
|-unboost|p1a: Ceruledge|spd|2
|
|upkeep
|turn|5
|
|t:|1760333076
|move|p1a: Ceruledge|Bitter Blade|p2a: Weezing
|-damage|p2a: Weezing|3/100
|-heal|p1a: Ceruledge|100/100|[from] drain|[of] p2a: Weezing
|move|p2a: Weezing|Strange Steam|p1a: Ceruledge
|-resisted|p1a: Ceruledge
|-damage|p1a: Ceruledge|79/100
|
|-heal|p2a: Weezing|9/100|[from] item: Leftovers
|upkeep
|turn|6
|
|t:|1760333079
|move|p1a: Ceruledge|Swords Dance|p1a: Ceruledge
|-boost|p1a: Ceruledge|atk|2
|move|p2a: Weezing|Strange Steam|p1a: Ceruledge
|-resisted|p1a: Ceruledge
|-damage|p1a: Ceruledge|60/100
|
|-heal|p2a: Weezing|15/100|[from] item: Leftovers
|upkeep
|turn|7
|
|t:|1760333081
|move|p1a: Ceruledge|Bitter Blade|p2a: Weezing
|-damage|p2a: Weezing|0 fnt
|-heal|p1a: Ceruledge|67/100|[from] drain|[of] p2a: Weezing
|faint|p2a: Weezing
|
|upkeep
|
|t:|1760333087
|switch|p2a: Kyurem|Kyurem, shiny|100/100
|-ability|p2a: Kyurem|Pressure
|turn|8
|
|t:|1760333096
|-terastallize|p1a: Ceruledge|Fairy
|move|p2a: Kyurem|Earth Power|p1a: Ceruledge
|-damage|p1a: Ceruledge|16/100
|-unboost|p1a: Ceruledge|spd|1
|move|p1a: Ceruledge|Bitter Blade|p2a: Kyurem
|-damage|p2a: Kyurem|0 fnt
|-heal|p1a: Ceruledge|75/100|[from] drain|[of] p2a: Kyurem
|faint|p2a: Kyurem
|
|-sideend|p1: im coral ❤|move: Light Screen
|upkeep
|
|t:|1760333108
|switch|p2a: Iron Moth|Iron Moth, shiny|100/100
|-enditem|p2a: Iron Moth|Booster Energy
|-activate|p2a: Iron Moth|ability: Quark Drive|[fromitem]
|-start|p2a: Iron Moth|quarkdrivespa
|turn|9
|
|t:|1760333122
|move|p1a: Ceruledge|Shadow Sneak|p2a: Iron Moth
|-damage|p2a: Iron Moth|0 fnt
|faint|p2a: Iron Moth
|-end|p2a: Iron Moth|Quark Drive|[silent]
|
|upkeep
|
|t:|1760333126
|switch|p2a: Muk|Muk-Alola, F, shiny|100/100
|turn|10
|
|t:|1760333128
|move|p2a: Muk|Shadow Sneak|p1a: Ceruledge
|-damage|p1a: Ceruledge|61/100
|-ability|p1a: Ceruledge|Weak Armor|boost
|-unboost|p1a: Ceruledge|def|1
|-boost|p1a: Ceruledge|spe|2
|move|p1a: Ceruledge|Bitter Blade|p2a: Muk
|-damage|p2a: Muk|0 fnt
|-heal|p1a: Ceruledge|100/100|[from] drain|[of] p2a: Muk
|faint|p2a: Muk
|
|upkeep
|-message|RoddyJ forfeited.
|
|win|im coral ❤
|raw|im coral ❤'s rating: 1626 &rarr; <strong>1652</strong><br />(+26 for winning)
|raw|RoddyJ's rating: 1731 &rarr; <strong>1705</strong><br />(-26 for losing)
|l|☆RoddyJ
|player|p2|
|l|☆im coral ❤
|player|p1|
|j| unregisteredmono
|l| unregisteredmono
