|j|☆VaudevilleVilliany
|j|☆caeluskasai
|t:|1760361096
|gametype|singles
|player|p1|VaudevilleVilliany|ryme|1485
|player|p2|caeluskasai|burglar|1488
|gen|9
|tier|[Gen 9] OU
|rated|
|rule|HP Percentage Mod: HP is shown in percentages
|rule|Endless Battle Clause: Forcing endless battles is banned
|rule|Species Clause: Limit one of each Pokémon
|rule|OHKO Clause: OHKO moves are banned
|rule|Evasion Items Clause: Evasion items are banned
|rule|Evasion Moves Clause: Evasion moves are banned
|rule|Evasion Abilities Clause: Evasion abilities are banned
|rule|Sleep Moves Clause: Sleep-inducing moves are banned
|clearpoke
|poke|p1|Arcanine-Hisui, M|
|poke|p1|Great Tusk|
|poke|p1|Weezing-Galar, M|
|poke|p1|Sinistcha|
|poke|p1|Samurott-Hisui, M|
|poke|p1|Latios, M|
|poke|p2|Volcanion|
|poke|p2|Talonflame, M|
|poke|p2|Chandelure, M|
|poke|p2|Rotom-Heat|
|poke|p2|Iron Moth|
|poke|p2|Blaziken, M|
|teampreview
|inactive|Battle timer is ON: inactive players will automatically lose when time's up. (requested by VaudevilleVilliany)
|
|t:|1760361112
|teamsize|p1|6
|teamsize|p2|6
|start
|switch|p1a: Obsidian|Arcanine-Hisui, M, shiny|100/100
|switch|p2a: Rotom|Rotom-Heat|100/100
|turn|1
|
|t:|1760361118
|move|p1a: Obsidian|Stealth Rock|p2a: Rotom
|-sidestart|p2: caeluskasai|move: Stealth Rock
|move|p2a: Rotom|Thunderbolt|p1a: Obsidian
|-damage|p1a: Obsidian|42/100
|
|upkeep
|turn|2
|
|t:|1760361122
|move|p1a: Obsidian|Head Smash|p2a: Rotom
|-supereffective|p2a: Rotom
|-crit|p2a: Rotom
|-damage|p2a: Rotom|0 fnt
|faint|p2a: Rotom
|
|upkeep
|
|t:|1760361148
|switch|p2a: Chandelure|Chandelure, M|100/100
|-damage|p2a: Chandelure|76/100|[from] Stealth Rock
|turn|3
|
|t:|1760361156
|switch|p1a: Jack Sparrow|Samurott-Hisui, M, shiny|100/100
|move|p2a: Chandelure|Energy Ball|p1a: Jack Sparrow
|-supereffective|p1a: Jack Sparrow
|-damage|p1a: Jack Sparrow|5/100
|
|upkeep
|turn|4
|
|t:|1760361162
|move|p1a: Jack Sparrow|Sucker Punch|p2a: Chandelure
|-supereffective|p2a: Chandelure
|-damage|p2a: Chandelure|0 fnt
|faint|p2a: Chandelure
|
|upkeep
|
|t:|1760361165
|switch|p2a: Talonflame|Talonflame, M|100/100
|turn|5
|
|t:|1760361168
|move|p2a: Talonflame|Defog|p1a: Jack Sparrow
|-unboost|p1a: Jack Sparrow|evasion|1
|-sideend|p2: caeluskasai|Stealth Rock|[from] move: Defog|[of] p2a: Talonflame
|move|p1a: Jack Sparrow|Flip Turn|p2a: Talonflame
|-supereffective|p2a: Talonflame
|-damage|p2a: Talonflame|12/100
|
|t:|1760361173
|switch|p1a: Obsidian|Arcanine-Hisui, M, shiny|42/100|[from] Flip Turn
|
|upkeep
|turn|6
|
|t:|1760361177
|move|p1a: Obsidian|Extreme Speed|p2a: Talonflame
|-damage|p2a: Talonflame|0 fnt
|faint|p2a: Talonflame
|
|upkeep
|
|t:|1760361184
|switch|p2a: Iron Moth|Iron Moth|100/100
|-enditem|p2a: Iron Moth|Booster Energy
|-activate|p2a: Iron Moth|ability: Quark Drive|[fromitem]
|-start|p2a: Iron Moth|quarkdrivespa
|turn|7
|
|t:|1760361189
|switch|p1a: Sentinel|Weezing-Galar, M, shiny|100/100
|-ability|p1a: Sentinel|Neutralizing Gas
|move|p2a: Iron Moth|Energy Ball|p1a: Sentinel
|-resisted|p1a: Sentinel
|-damage|p1a: Sentinel|80/100
|
|upkeep
|turn|8
|
|t:|1760361195
|move|p2a: Iron Moth|Fiery Dance|p1a: Sentinel
|-damage|p1a: Sentinel|25/100
|-boost|p2a: Iron Moth|spa|1
|move|p1a: Sentinel|Pain Split|p2a: Iron Moth
|-sethp|p2a: Iron Moth|64/100|[from] move: Pain Split|[silent]
|-sethp|p1a: Sentinel|58/100|[from] move: Pain Split
|
|upkeep
|turn|9
|
|t:|1760361201
|move|p2a: Iron Moth|Fiery Dance|p1a: Sentinel
|-damage|p1a: Sentinel|0 fnt
|faint|p1a: Sentinel
|-end|p1a: Sentinel|ability: Neutralizing Gas
|
|upkeep
|
|t:|1760361216
|switch|p1a: Behemoth|Great Tusk, shiny|100/100
|turn|10
|
|t:|1760361220
|-terastallize|p2a: Iron Moth|Grass
|move|p1a: Behemoth|Headlong Rush|p2a: Iron Moth
|-resisted|p2a: Iron Moth
|-damage|p2a: Iron Moth|7/100
|-unboost|p1a: Behemoth|def|1
|-unboost|p1a: Behemoth|spd|1
|move|p2a: Iron Moth|Energy Ball|p1a: Behemoth
|-supereffective|p1a: Behemoth
|-damage|p1a: Behemoth|0 fnt
|faint|p1a: Behemoth
|-end|p1a: Behemoth|Protosynthesis|[silent]
|
|upkeep
|
|t:|1760361228
|switch|p1a: Jack Sparrow|Samurott-Hisui, M, shiny|5/100
|turn|11
|
|t:|1760361232
|move|p1a: Jack Sparrow|Sucker Punch|p2a: Iron Moth
|-damage|p2a: Iron Moth|0 fnt
|faint|p2a: Iron Moth
|-end|p2a: Iron Moth|Quark Drive|[silent]
|
|upkeep
|
|t:|1760361239
|switch|p2a: Volcanion|Volcanion|100/100
|turn|12
|
|t:|1760361253
|switch|p1a: Avalon|Latios, M, shiny|100/100
|move|p2a: Volcanion|Earth Power|p1a: Avalon
|-immune|p1a: Avalon|[from] ability: Levitate
|
|upkeep
|turn|13
|
|t:|1760361260
|move|p1a: Avalon|Psychic Noise|p2a: Volcanion
|-damage|p2a: Volcanion|71/100
|-start|p2a: Volcanion|move: Heal Block
|move|p2a: Volcanion|Steam Eruption|p1a: Avalon
|-resisted|p1a: Avalon
|-damage|p1a: Avalon|68/100
|-status|p1a: Avalon|brn
|
|-damage|p1a: Avalon|62/100 brn|[from] brn
|upkeep
|turn|14
|
|t:|1760361266
|move|p1a: Avalon|Calm Mind|p1a: Avalon
|-boost|p1a: Avalon|spa|1
|-boost|p1a: Avalon|spd|1
|move|p2a: Volcanion|Sludge Wave|p1a: Avalon
|-damage|p1a: Avalon|35/100 brn
|
|-damage|p1a: Avalon|29/100 brn|[from] brn
|-end|p2a: Volcanion|move: Heal Block
|upkeep
|turn|15
|
|t:|1760361269
|move|p1a: Avalon|Recover|p1a: Avalon
|-heal|p1a: Avalon|79/100 brn
|move|p2a: Volcanion|Sludge Wave|p1a: Avalon
|-damage|p1a: Avalon|54/100 brn
|
|-damage|p1a: Avalon|48/100 brn|[from] brn
|upkeep
|turn|16
|
|t:|1760361276
|move|p1a: Avalon|Psychic Noise|p2a: Volcanion
|-damage|p2a: Volcanion|19/100
|-start|p2a: Volcanion|move: Heal Block
|move|p2a: Volcanion|Sludge Wave|p1a: Avalon
|-damage|p1a: Avalon|25/100 brn
|
|-damage|p1a: Avalon|19/100 brn|[from] brn
|upkeep
|turn|17
|
|t:|1760361280
|move|p1a: Avalon|Recover|p1a: Avalon
|-heal|p1a: Avalon|69/100 brn
|move|p2a: Volcanion|Sludge Wave|p1a: Avalon
|-damage|p1a: Avalon|43/100 brn
|
|-damage|p1a: Avalon|37/100 brn|[from] brn
|-end|p2a: Volcanion|move: Heal Block
|upkeep
|turn|18
|
|t:|1760361284
|move|p1a: Avalon|Recover|p1a: Avalon
|-heal|p1a: Avalon|87/100 brn
|move|p2a: Volcanion|Sludge Wave|p1a: Avalon
|-damage|p1a: Avalon|63/100 brn
|
|-damage|p1a: Avalon|57/100 brn|[from] brn
|upkeep
|turn|19
|
|t:|1760361287
|move|p1a: Avalon|Recover|p1a: Avalon
|-heal|p1a: Avalon|100/100 brn
|move|p2a: Volcanion|Sludge Wave|p1a: Avalon
|-damage|p1a: Avalon|77/100 brn
|
|-damage|p1a: Avalon|71/100 brn|[from] brn
|upkeep
|turn|20
|
|t:|1760361291
|move|p1a: Avalon|Psychic Noise|p2a: Volcanion
|-damage|p2a: Volcanion|0 fnt
|faint|p2a: Volcanion
|
|-damage|p1a: Avalon|65/100 brn|[from] brn
|upkeep
|
|t:|1760361294
|switch|p2a: Blaziken|Blaziken, M|100/100
|turn|21
|
|t:|1760361301
|move|p1a: Avalon|Recover|p1a: Avalon
|-heal|p1a: Avalon|100/100 brn
|move|p2a: Blaziken|Knock Off|p1a: Avalon
|-supereffective|p1a: Avalon
|-damage|p1a: Avalon|9/100 brn
|-enditem|p1a: Avalon|Soul Dew|[from] move: Knock Off|[of] p2a: Blaziken
|
|-damage|p1a: Avalon|3/100 brn|[from] brn
|-ability|p2a: Blaziken|Speed Boost|boost
|-boost|p2a: Blaziken|spe|1
|upkeep
|turn|22
|
|t:|1760361304
|move|p2a: Blaziken|Knock Off|p1a: Avalon
|-supereffective|p1a: Avalon
|-damage|p1a: Avalon|0 fnt
|faint|p1a: Avalon
|
|-ability|p2a: Blaziken|Speed Boost|boost
|-boost|p2a: Blaziken|spe|1
|upkeep
|
|t:|1760361326
|switch|p1a: Jack Sparrow|Samurott-Hisui, M, shiny|5/100
|turn|23
|
|t:|1760361330
|move|p2a: Blaziken|Knock Off|p1a: Jack Sparrow
|-resisted|p1a: Jack Sparrow
|-damage|p1a: Jack Sparrow|0 fnt
|-enditem|p1a: Jack Sparrow|Black Glasses|[from] move: Knock Off|[of] p2a: Blaziken
|faint|p1a: Jack Sparrow
|
|-ability|p2a: Blaziken|Speed Boost|boost
|-boost|p2a: Blaziken|spe|1
|upkeep
|
|t:|1760361333
|switch|p1a: Sagittarius|Sinistcha, shiny|100/100
|turn|24
|
|t:|1760361338
|move|p2a: Blaziken|Knock Off|p1a: Sagittarius
|-supereffective|p1a: Sagittarius
|-damage|p1a: Sagittarius|59/100
|-enditem|p1a: Sagittarius|Leftovers|[from] move: Knock Off|[of] p2a: Blaziken
|move|p1a: Sagittarius|Strength Sap|p2a: Blaziken
|-unboost|p2a: Blaziken|atk|1
|-heal|p1a: Sagittarius|100/100
|
|-ability|p2a: Blaziken|Speed Boost|boost
|-boost|p2a: Blaziken|spe|1
|upkeep
|turn|25
|
|t:|1760361343
|move|p2a: Blaziken|Blaze Kick|p1a: Sagittarius
|-supereffective|p1a: Sagittarius
|-damage|p1a: Sagittarius|81/100
|move|p1a: Sagittarius|Shadow Ball|p2a: Blaziken
|-damage|p2a: Blaziken|55/100
|-unboost|p2a: Blaziken|spd|1
|
|-ability|p2a: Blaziken|Speed Boost|boost
|-boost|p2a: Blaziken|spe|1
|upkeep
|turn|26
|
|t:|1760361347
|move|p2a: Blaziken|Swords Dance|p2a: Blaziken
|-boost|p2a: Blaziken|atk|2
|move|p1a: Sagittarius|Shadow Ball|p2a: Blaziken
|-damage|p2a: Blaziken|0 fnt
|faint|p2a: Blaziken
|
|win|VaudevilleVilliany
|raw|VaudevilleVilliany's rating: 1485 &rarr; <strong>1505</strong><br />(+20 for winning)
|raw|caeluskasai's rating: 1488 &rarr; <strong>1468</strong><br />(-20 for losing)
|l|☆caeluskasai
|player|p2|
|l|☆VaudevilleVilliany
|player|p1|
