|j|☆tintin1010
|j|☆sleepyera
|t:|1760458426
|gametype|singles
|player|p1|tintin1010|265|1134
|player|p2|sleepyera|1|1144
|gen|9
|tier|[Gen 9] OU
|rated|
|rule|HP Percentage Mod: HP is shown in percentages
|rule|Endless Battle Clause: Forcing endless battles is banned
|rule|Species Clause: Limit one of each Pokémon
|rule|OHKO Clause: OHKO moves are banned
|rule|Evasion Items Clause: Evasion items are banned
|rule|Evasion Moves Clause: Evasion moves are banned
|rule|Evasion Abilities Clause: Evasion abilities are banned
|rule|Sleep Moves Clause: Sleep-inducing moves are banned
|clearpoke
|poke|p1|Garganacl, M|
|poke|p1|Hippowdon, M|
|poke|p1|Hydrapple, M|
|poke|p1|Slowking-Galar, M|
|poke|p1|Samurott-Hisui, M|
|poke|p1|Excadrill, M|
|poke|p2|Blissey, F|
|poke|p2|Klawf, F|
|poke|p2|Corviknight, M|
|poke|p2|Toxapex, F|
|poke|p2|Dondozo, F|
|poke|p2|Gliscor, F|
|teampreview
|inactive|Battle timer is ON: inactive players will automatically lose when time's up. (requested by sleepyera)
|
|t:|1760458442
|teamsize|p1|6
|teamsize|p2|6
|start
|switch|p1a: Samurott|Samurott-Hisui, M, shiny|100/100
|switch|p2a: Klawf|Klawf, F|100/100
|turn|1
|
|t:|1760458454
|switch|p2a: Toxapex|Toxapex, F|100/100
|move|p1a: Samurott|Flip Turn|p2a: Toxapex
|-resisted|p2a: Toxapex
|-damage|p2a: Toxapex|91/100
|
|t:|1760458461
|switch|p1a: Slowking|Slowking-Galar, M, shiny|100/100|[from] Flip Turn
|
|upkeep
|turn|2
|
|t:|1760458468
|switch|p2a: Klawf|Klawf, F|100/100
|move|p1a: Slowking|Psychic Noise|p2a: Klawf
|-damage|p2a: Klawf|55/100
|-start|p2a: Klawf|move: Heal Block
|
|upkeep
|turn|3
|
|t:|1760458480
|switch|p1a: Samurott|Samurott-Hisui, M, shiny|100/100
|move|p2a: Klawf|Knock Off|p1a: Samurott
|-resisted|p1a: Samurott
|-damage|p1a: Samurott|85/100
|-enditem|p1a: Samurott|Heavy-Duty Boots|[from] move: Knock Off|[of] p2a: Klawf
|
|-end|p2a: Klawf|move: Heal Block
|upkeep
|turn|4
|
|t:|1760458496
|switch|p2a: Toxapex|Toxapex, F|100/100
|move|p1a: Samurott|Ceaseless Edge|p2a: Toxapex
|-damage|p2a: Toxapex|74/100
|-sidestart|p2: sleepyera|Spikes
|
|upkeep
|turn|5
|
|t:|1760458509
|switch|p1a: Slowking|Slowking-Galar, M, shiny|100/100
|move|p2a: Toxapex|Toxic Spikes|p1a: Slowking
|-sidestart|p1: tintin1010|move: Toxic Spikes
|
|upkeep
|turn|6
|
|t:|1760458525
|switch|p1a: Excadrill|Excadrill, M, shiny|100/100
|switch|p2a: Blissey|Blissey, F, shiny|100/100
|
|upkeep
|turn|7
|
|t:|1760458540
|switch|p2a: Gliscor|Gliscor, F, shiny|100/100
|move|p1a: Excadrill|Rapid Spin|p2a: Gliscor
|-damage|p2a: Gliscor|86/100
|-boost|p1a: Excadrill|spe|1
|-sideend|p1: tintin1010|Toxic Spikes|[from] move: Rapid Spin|[of] p1a: Excadrill
|
|-status|p2a: Gliscor|tox|[from] item: Toxic Orb
|upkeep
|turn|8
|
|t:|1760458560
|switch|p1a: Hydrapple|Hydrapple, M, shiny|100/100
|move|p2a: Gliscor|Earthquake|p1a: Hydrapple
|-resisted|p1a: Hydrapple
|-damage|p1a: Hydrapple|88/100
|
|-heal|p2a: Gliscor|98/100 tox|[from] ability: Poison Heal
|upkeep
|turn|9
|
|t:|1760458567
|move|p2a: Gliscor|Protect|p2a: Gliscor
|-singleturn|p2a: Gliscor|Protect
|move|p1a: Hydrapple|Fickle Beam|p2a: Gliscor
|-activate|p2a: Gliscor|move: Protect
|
|-heal|p2a: Gliscor|100/100 tox|[from] ability: Poison Heal
|upkeep
|turn|10
|
|t:|1760458575
|switch|p2a: Blissey|Blissey, F, shiny|100/100
|move|p1a: Hydrapple|Fickle Beam|p2a: Blissey
|-damage|p2a: Blissey|87/100
|
|upkeep
|turn|11
|
|t:|1760458585
|switch|p1a: Slowking|Slowking-Galar, M, shiny|100/100
|move|p2a: Blissey|Ice Beam|p1a: Slowking
|-damage|p1a: Slowking|92/100
|
|upkeep
|turn|12
|
|t:|1760458592
|move|p2a: Blissey|Shadow Ball|p1a: Slowking
|-supereffective|p1a: Slowking
|-damage|p1a: Slowking|77/100
|-unboost|p1a: Slowking|spd|1
|move|p1a: Slowking|Whirlpool|p2a: Blissey|[miss]
|-miss|p1a: Slowking|p2a: Blissey
|
|upkeep
|turn|13
|
|t:|1760458598
|move|p2a: Blissey|Shadow Ball|p1a: Slowking
|-supereffective|p1a: Slowking
|-damage|p1a: Slowking|53/100
|move|p1a: Slowking|Psychic Noise|p2a: Blissey
|-damage|p2a: Blissey|78/100
|-start|p2a: Blissey|move: Heal Block
|
|upkeep
|turn|14
|
|t:|1760458605
|switch|p1a: Samurott|Samurott-Hisui, M, shiny|85/100
|move|p2a: Blissey|Shadow Ball|p1a: Samurott
|-resisted|p1a: Samurott
|-damage|p1a: Samurott|74/100
|
|-end|p2a: Blissey|move: Heal Block
|upkeep
|turn|15
|
|t:|1760458621
|switch|p2a: Klawf|Klawf, F|88/100
|-damage|p2a: Klawf|75/100|[from] Spikes
|move|p1a: Samurott|Ceaseless Edge|p2a: Klawf
|-damage|p2a: Klawf|41/100
|-damage|p1a: Samurott|58/100|[from] item: Rocky Helmet|[of] p2a: Klawf
|-sidestart|p2: sleepyera|Spikes
|
|upkeep
|turn|16
|
|t:|1760458634
|switch|p2a: Toxapex|Toxapex, F|100/100
|move|p1a: Samurott|Flip Turn|p2a: Toxapex
|-resisted|p2a: Toxapex
|-damage|p2a: Toxapex|91/100
|
|t:|1760458638
|switch|p1a: Slowking|Slowking-Galar, M, shiny|87/100|[from] Flip Turn
|
|upkeep
|turn|17
|
|t:|1760458654
|switch|p2a: Gliscor|Gliscor, F, shiny|100/100 tox
|move|p1a: Slowking|Psychic Noise|p2a: Gliscor
|-damage|p2a: Gliscor|78/100 tox
|-start|p2a: Gliscor|move: Heal Block
|
|upkeep
|turn|18
|
|t:|1760458665
|switch|p1a: Hydrapple|Hydrapple, M, shiny|100/100
|move|p2a: Gliscor|Knock Off|p1a: Hydrapple
|-damage|p1a: Hydrapple|83/100
|-enditem|p1a: Hydrapple|Heavy-Duty Boots|[from] move: Knock Off|[of] p2a: Gliscor
|
|-end|p2a: Gliscor|move: Heal Block
|upkeep
|turn|19
|
|t:|1760458674
|switch|p2a: Blissey|Blissey, F, shiny|78/100
|move|p1a: Hydrapple|Nasty Plot|p1a: Hydrapple
|-boost|p1a: Hydrapple|spa|2
|
|upkeep
|turn|20
|
|t:|1760458694
|switch|p1a: Samurott|Samurott-Hisui, M, shiny|58/100
|move|p2a: Blissey|Calm Mind|p2a: Blissey
|-boost|p2a: Blissey|spa|1
|-boost|p2a: Blissey|spd|1
|
|upkeep
|turn|21
|
|t:|1760458707
|switch|p2a: Klawf|Klawf, F|75/100
|-damage|p2a: Klawf|58/100|[from] Spikes
|move|p1a: Samurott|Ceaseless Edge|p2a: Klawf|[miss]
|-miss|p1a: Samurott|p2a: Klawf
|
|upkeep
|turn|22
|
|t:|1760458713
|move|p1a: Samurott|Flip Turn|p2a: Klawf
|-supereffective|p2a: Klawf
|-damage|p2a: Klawf|18/100
|-damage|p1a: Samurott|41/100|[from] item: Rocky Helmet|[of] p2a: Klawf
|
|t:|1760458722
|switch|p1a: Hydrapple|Hydrapple, M, shiny|100/100|[from] Flip Turn
|move|p2a: Klawf|Stealth Rock|p1a: Hydrapple
|-sidestart|p1: tintin1010|move: Stealth Rock
|
|upkeep
|turn|23
|
|t:|1760458747
|switch|p2a: Blissey|Blissey, F, shiny|78/100
|move|p1a: Hydrapple|Giga Drain|p2a: Blissey
|-damage|p2a: Blissey|66/100
|
|upkeep
|turn|24
|
|t:|1760458763
|switch|p2a: Klawf|Klawf, F|51/100
|-damage|p2a: Klawf|35/100|[from] Spikes
|switch|p1a: Excadrill|Excadrill, M, shiny|100/100
|
|upkeep
|turn|25
|inactive|sleepyera has 120 seconds left.
|
|t:|1760458779
|switch|p2a: Gliscor|Gliscor, F, shiny|78/100 tox
|move|p1a: Excadrill|Rapid Spin|p2a: Gliscor
|-damage|p2a: Gliscor|63/100 tox
|-boost|p1a: Excadrill|spe|1
|-sideend|p1: tintin1010|Stealth Rock|[from] move: Rapid Spin|[of] p1a: Excadrill
|
|-heal|p2a: Gliscor|75/100 tox|[from] ability: Poison Heal
|upkeep
|turn|26
|
|t:|1760458789
|switch|p1a: Hydrapple|Hydrapple, M, shiny|100/100
|move|p2a: Gliscor|Spikes|p1a: Hydrapple
|-sidestart|p1: tintin1010|Spikes
|
|-heal|p2a: Gliscor|88/100 tox|[from] ability: Poison Heal
|upkeep
|turn|27
|
|t:|1760458800
|move|p2a: Gliscor|Protect|p2a: Gliscor
|-singleturn|p2a: Gliscor|Protect
|move|p1a: Hydrapple|Nasty Plot|p1a: Hydrapple
|-boost|p1a: Hydrapple|spa|2
|
|-heal|p2a: Gliscor|100/100 tox|[from] ability: Poison Heal
|upkeep
|turn|28
|
|t:|1760458807
|switch|p2a: Blissey|Blissey, F, shiny|66/100
|move|p1a: Hydrapple|Fickle Beam|p2a: Blissey
|-damage|p2a: Blissey|41/100
|
|upkeep
|turn|29
|
|t:|1760458822
|switch|p1a: Excadrill|Excadrill, M, shiny|100/100
|move|p2a: Blissey|Soft-Boiled|p2a: Blissey
|-heal|p2a: Blissey|91/100
|
|upkeep
|turn|30
|
|t:|1760458830
|switch|p2a: Gliscor|Gliscor, F, shiny|100/100 tox
|move|p1a: Excadrill|Rapid Spin|p2a: Gliscor
|-damage|p2a: Gliscor|85/100 tox
|-boost|p1a: Excadrill|spe|1
|-sideend|p1: tintin1010|Spikes|[from] move: Rapid Spin|[of] p1a: Excadrill
|
|-heal|p2a: Gliscor|97/100 tox|[from] ability: Poison Heal
|upkeep
|turn|31
|
|t:|1760458841
|switch|p1a: Hydrapple|Hydrapple, M, shiny|100/100
|move|p2a: Gliscor|Spikes|p1a: Hydrapple
|-sidestart|p1: tintin1010|Spikes
|
|-heal|p2a: Gliscor|100/100 tox|[from] ability: Poison Heal
|upkeep
|turn|32
|
|t:|1760458859
|switch|p2a: Blissey|Blissey, F, shiny|91/100
|switch|p1a: Slowking|Slowking-Galar, M, shiny|100/100
|-damage|p1a: Slowking|88/100|[from] Spikes
|
|upkeep
|turn|33
|
|t:|1760458874
|move|p2a: Blissey|Calm Mind|p2a: Blissey
|-boost|p2a: Blissey|spa|1
|-boost|p2a: Blissey|spd|1
|move|p1a: Slowking|Psychic Noise|p2a: Blissey
|-damage|p2a: Blissey|85/100
|-start|p2a: Blissey|move: Heal Block
|
|upkeep
|turn|34
|
|t:|1760458888
|move|p2a: Blissey|Shadow Ball|p1a: Slowking
|-supereffective|p1a: Slowking
|-damage|p1a: Slowking|66/100
|move|p1a: Slowking|Whirlpool|p2a: Blissey
|-damage|p2a: Blissey|83/100
|-activate|p2a: Blissey|move: Whirlpool|[of] p1a: Slowking
|
|-damage|p2a: Blissey|71/100|[from] move: Whirlpool|[partiallytrapped]
|-end|p2a: Blissey|move: Heal Block
|upkeep
|turn|35
|
|t:|1760458902
|move|p2a: Blissey|Ice Beam|p1a: Slowking
|-damage|p1a: Slowking|53/100
|move|p1a: Slowking|Psychic Noise|p2a: Blissey
|-damage|p2a: Blissey|65/100
|-start|p2a: Blissey|move: Heal Block
|
|-damage|p2a: Blissey|52/100|[from] move: Whirlpool|[partiallytrapped]
|upkeep
|turn|36
|
|t:|1760458908
|move|p2a: Blissey|Ice Beam|p1a: Slowking
|-damage|p1a: Slowking|39/100
|move|p1a: Slowking|Psychic Noise|p2a: Blissey
|-damage|p2a: Blissey|46/100
|
|-damage|p2a: Blissey|34/100|[from] move: Whirlpool|[partiallytrapped]
|-end|p2a: Blissey|move: Heal Block
|upkeep
|turn|37
|
|t:|1760458919
|switch|p1a: Samurott|Samurott-Hisui, M, shiny|41/100
|-damage|p1a: Samurott|29/100|[from] Spikes
|move|p2a: Blissey|Soft-Boiled|p2a: Blissey
|-heal|p2a: Blissey|84/100
|
|-end|p2a: Blissey|Whirlpool|[partiallytrapped]|[silent]
|upkeep
|turn|38
|
|t:|1760458928
|switch|p2a: Klawf|Klawf, F|68/100
|-damage|p2a: Klawf|51/100|[from] Spikes
|move|p1a: Samurott|Ceaseless Edge|p2a: Klawf
|-damage|p2a: Klawf|16/100
|-damage|p1a: Samurott|12/100|[from] item: Rocky Helmet|[of] p2a: Klawf
|-sidestart|p2: sleepyera|Spikes
|
|upkeep
|turn|39
|
|t:|1760458939
|switch|p2a: Toxapex|Toxapex, F|100/100
|move|p1a: Samurott|Knock Off|p2a: Toxapex
|-damage|p2a: Toxapex|73/100
|-enditem|p2a: Toxapex|Heavy-Duty Boots|[from] move: Knock Off|[of] p1a: Samurott
|
|upkeep
|turn|40
|
|t:|1760458955
|switch|p1a: Excadrill|Excadrill, M, shiny|100/100
|switch|p2a: Klawf|Klawf, F|49/100
|-damage|p2a: Klawf|24/100|[from] Spikes
|
|upkeep
|turn|41
|
|t:|1760458965
|move|p1a: Excadrill|Rapid Spin|p2a: Klawf
|-resisted|p2a: Klawf
|-damage|p2a: Klawf|18/100
|-boost|p1a: Excadrill|spe|1
|-damage|p1a: Excadrill|84/100|[from] item: Rocky Helmet|[of] p2a: Klawf
|-sideend|p1: tintin1010|Spikes|[from] move: Rapid Spin|[of] p1a: Excadrill
|move|p2a: Klawf|Brick Break|p1a: Excadrill
|-supereffective|p1a: Excadrill
|-damage|p1a: Excadrill|38/100
|
|upkeep
|turn|42
|
|t:|1760458983
|switch|p2a: Gliscor|Gliscor, F, shiny|100/100 tox
|move|p1a: Excadrill|Iron Head|p2a: Gliscor
|-damage|p2a: Gliscor|65/100 tox
|
|-heal|p2a: Gliscor|77/100 tox|[from] ability: Poison Heal
|upkeep
|turn|43
|
|t:|1760458993
|switch|p1a: Garganacl|Garganacl, M, shiny|100/100
|move|p2a: Gliscor|Spikes|p1a: Garganacl
|-sidestart|p1: tintin1010|Spikes
|
|-heal|p2a: Gliscor|90/100 tox|[from] ability: Poison Heal
|upkeep
|turn|44
|inactive|sleepyera has 120 seconds left.
|
|t:|1760459027
|switch|p2a: Toxapex|Toxapex, F|100/100
|-damage|p2a: Toxapex|75/100|[from] Spikes
|-terastallize|p1a: Garganacl|Fairy
|move|p1a: Garganacl|Salt Cure|p2a: Toxapex
|-damage|p2a: Toxapex|67/100
|-start|p2a: Toxapex|Salt Cure
|
|-damage|p2a: Toxapex|42/100|[from] Salt Cure
|upkeep
|turn|45
|inactive|sleepyera has 120 seconds left.
|
|t:|1760459040
|move|p1a: Garganacl|Salt Cure|p2a: Toxapex
|-damage|p2a: Toxapex|32/100
|move|p2a: Toxapex|Recover|p2a: Toxapex
|-heal|p2a: Toxapex|82/100
|
|-damage|p2a: Toxapex|57/100|[from] Salt Cure
|upkeep
|turn|46
|inactive|sleepyera has 120 seconds left.
|
|t:|1760459051
|switch|p1a: Slowking|Slowking-Galar, M, shiny|73/100
|-damage|p1a: Slowking|60/100|[from] Spikes
|move|p2a: Toxapex|Toxic|p1a: Slowking
|-immune|p1a: Slowking
|
|-damage|p2a: Toxapex|32/100|[from] Salt Cure
|upkeep
|turn|47
|
|t:|1760459057
|switch|p1a: Hippowdon|Hippowdon, M, shiny|100/100
|-damage|p1a: Hippowdon|88/100|[from] Spikes
|-weather|Sandstorm|[from] ability: Sand Stream|[of] p1a: Hippowdon
|switch|p2a: Blissey|Blissey, F, shiny|84/100
|
|-weather|Sandstorm|[upkeep]
|-damage|p2a: Blissey|77/100|[from] Sandstorm
|upkeep
|turn|48
|
|t:|1760459068
|switch|p2a: Gliscor|Gliscor, F, shiny|90/100 tox
|move|p1a: Hippowdon|Stealth Rock|p2a: Gliscor
|-sidestart|p2: sleepyera|move: Stealth Rock
|
|-weather|Sandstorm|[upkeep]
|-heal|p2a: Gliscor|100/100 tox|[from] ability: Poison Heal
|upkeep
|turn|49
|
|t:|1760459081
|switch|p2a: Corviknight|Corviknight, M|100/100
|-damage|p2a: Corviknight|88/100|[from] Stealth Rock
|-ability|p2a: Corviknight|Pressure
|switch|p1a: Garganacl|Garganacl, M, shiny, tera:Fairy|100/100
|-damage|p1a: Garganacl|88/100|[from] Spikes
|
|-weather|Sandstorm|[upkeep]
|-damage|p1a: Garganacl|82/100|[from] Sandstorm
|-heal|p1a: Garganacl|88/100|[from] item: Leftovers
|upkeep
|turn|50
|
|t:|1760459085
|move|p2a: Corviknight|Defog|p1a: Garganacl
|-unboost|p1a: Garganacl|evasion|1
|-sideend|p1: tintin1010|Spikes|[from] move: Defog|[of] p2a: Corviknight
|-sideend|p2: sleepyera|Spikes|[from] move: Defog|[of] p2a: Corviknight
|-sideend|p2: sleepyera|Stealth Rock|[from] move: Defog|[of] p2a: Corviknight
|move|p1a: Garganacl|Salt Cure|p2a: Corviknight
|-damage|p2a: Corviknight|79/100
|-start|p2a: Corviknight|Salt Cure
|
|-weather|Sandstorm|[upkeep]
|-damage|p1a: Garganacl|82/100|[from] Sandstorm
|-heal|p1a: Garganacl|88/100|[from] item: Leftovers
|-damage|p2a: Corviknight|54/100|[from] Salt Cure
|upkeep
|turn|51
|
|t:|1760459096
|move|p2a: Corviknight|Roost|p2a: Corviknight
|-heal|p2a: Corviknight|100/100
|-singleturn|p2a: Corviknight|move: Roost
|move|p1a: Garganacl|Salt Cure|p2a: Corviknight
|-resisted|p2a: Corviknight
|-damage|p2a: Corviknight|96/100
|
|-weather|none
|-heal|p1a: Garganacl|94/100|[from] item: Leftovers
|-damage|p2a: Corviknight|71/100|[from] Salt Cure
|upkeep
|turn|52
|
|t:|1760459107
|switch|p2a: Klawf|Klawf, F|51/100
|switch|p1a: Slowking|Slowking-Galar, M, shiny|93/100
|
|upkeep
|turn|53
|-message|tintin1010 forfeited.
|
|win|sleepyera
|raw|tintin1010's rating: 1134 &rarr; <strong>1110</strong><br />(-24 for losing)
|raw|sleepyera's rating: 1144 &rarr; <strong>1168</strong><br />(+24 for winning)
|l|☆tintin1010
|player|p1|
|l|☆sleepyera
|player|p2|
