|j|☆mr tickley
|j|☆Rabzzz
|t:|1760396668
|gametype|singles
|player|p1|mr tickley|preschooler|1735
|player|p2|Rabzzz|#mwpvimurkrows|1717
|gen|9
|tier|[Gen 9] OU
|rated|
|rule|HP Percentage Mod: HP is shown in percentages
|rule|Endless Battle Clause: Forcing endless battles is banned
|rule|Species Clause: Limit one of each Pokémon
|rule|OHKO Clause: OHKO moves are banned
|rule|Evasion Items Clause: Evasion items are banned
|rule|Evasion Moves Clause: Evasion moves are banned
|rule|Evasion Abilities Clause: Evasion abilities are banned
|rule|Sleep Moves Clause: Sleep-inducing moves are banned
|clearpoke
|poke|p1|Duraludon, F|
|poke|p1|Great Tusk|
|poke|p1|Rillaboom, M|
|poke|p1|Dragapult, M|
|poke|p1|Samurott-Hisui, M|
|poke|p1|Slowking-Galar, M|
|poke|p2|Primarina, F|
|poke|p2|Iron Crown|
|poke|p2|Weezing-Galar, M|
|poke|p2|Moltres|
|poke|p2|Ting-Lu|
|poke|p2|Zamazenta-*|
|teampreview
|inactive|Battle timer is ON: inactive players will automatically lose when time's up. (requested by mr tickley)
|inactive|mr tickley has 120 seconds left.
|
|t:|1760396717
|teamsize|p1|6
|teamsize|p2|6
|start
|switch|p1a: Rillaboom|Rillaboom, M|100/100
|switch|p2a: Iron Crown|Iron Crown|100/100
|-fieldstart|move: Grassy Terrain|[from] ability: Grassy Surge|[of] p1a: Rillaboom
|turn|1
|
|t:|1760396732
|switch|p1a: Slowking|Slowking-Galar, M|100/100
|move|p2a: Iron Crown|Volt Switch|p1a: Slowking
|-damage|p1a: Slowking|80/100
|
|t:|1760396747
|-end|p2a: Iron Crown|Quark Drive|[silent]
|switch|p2a: Ting-Lu|Ting-Lu|100/100|[from] Volt Switch
|-ability|p2a: Ting-Lu|Vessel of Ruin
|
|-heal|p1a: Slowking|86/100|[from] Grassy Terrain
|upkeep
|turn|2
|
|t:|1760396753
|move|p2a: Ting-Lu|Stealth Rock|p1a: Slowking
|-sidestart|p1: mr tickley|move: Stealth Rock
|-prepare|p1a: Slowking|Chilly Reception|[premajor]
|move|p1a: Slowking|Chilly Reception|p1a: Slowking
|-weather|Snowscape
|
|t:|1760396758
|switch|p1a: Great Tusk|Great Tusk|100/100|[from] Chilly Reception
|-damage|p1a: Great Tusk|98/100|[from] Stealth Rock
|
|-weather|Snowscape|[upkeep]
|-heal|p1a: Great Tusk|100/100|[from] Grassy Terrain
|upkeep
|turn|3
|inactive|Rabzzz has 120 seconds left.
|
|t:|1760396795
|switch|p2a: Moltres|Moltres|100/100
|move|p1a: Great Tusk|Rapid Spin|p2a: Moltres
|-damage|p2a: Moltres|90/100
|-boost|p1a: Great Tusk|spe|1
|-status|p1a: Great Tusk|brn|[from] ability: Flame Body|[of] p2a: Moltres
|-sideend|p1: mr tickley|Stealth Rock|[from] move: Rapid Spin|[of] p1a: Great Tusk
|
|-weather|Snowscape|[upkeep]
|-damage|p1a: Great Tusk|94/100 brn|[from] brn
|upkeep
|turn|4
|inactive|Rabzzz has 120 seconds left.
|
|t:|1760396806
|move|p1a: Great Tusk|Close Combat|p2a: Moltres
|-resisted|p2a: Moltres
|-damage|p2a: Moltres|81/100
|-unboost|p1a: Great Tusk|def|1
|-unboost|p1a: Great Tusk|spd|1
|move|p2a: Moltres|U-turn|p1a: Great Tusk
|-resisted|p1a: Great Tusk
|-crit|p1a: Great Tusk
|-damage|p1a: Great Tusk|85/100 brn
|-damage|p2a: Moltres|64/100|[from] item: Rocky Helmet|[of] p1a: Great Tusk
|inactive|Rabzzz has 120 seconds left.
|
|t:|1760396817
|switch|p2a: Primarina|Primarina, F|100/100|[from] U-turn
|
|-weather|Snowscape|[upkeep]
|-heal|p1a: Great Tusk|91/100 brn|[from] Grassy Terrain
|-damage|p1a: Great Tusk|85/100 brn|[from] brn
|upkeep
|turn|5
|
|t:|1760396819
|-end|p1a: Great Tusk|Protosynthesis|[silent]
|switch|p1a: Slowking|Slowking-Galar, M|100/100
|move|p2a: Primarina|Calm Mind|p2a: Primarina
|-boost|p2a: Primarina|spa|1
|-boost|p2a: Primarina|spd|1
|
|-weather|Snowscape|[upkeep]
|-fieldend|move: Grassy Terrain
|upkeep
|turn|6
|
|t:|1760396823
|move|p2a: Primarina|Substitute|p2a: Primarina
|-start|p2a: Primarina|Substitute
|-damage|p2a: Primarina|75/100
|move|p1a: Slowking|Sludge Bomb|p2a: Primarina
|-supereffective|p2a: Primarina
|-end|p2a: Primarina|Substitute
|
|-weather|none
|-heal|p2a: Primarina|82/100|[from] item: Leftovers
|upkeep
|turn|7
|
|t:|1760396829
|-terastallize|p2a: Primarina|Steel
|move|p2a: Primarina|Substitute|p2a: Primarina
|-start|p2a: Primarina|Substitute
|-damage|p2a: Primarina|57/100
|move|p1a: Slowking|Psychic Noise|p2a: Primarina
|-resisted|p2a: Primarina
|-damage|p2a: Primarina|49/100
|-start|p2a: Primarina|move: Heal Block
|
|upkeep
|turn|8
|
|t:|1760396847
|move|p2a: Primarina|Calm Mind|p2a: Primarina
|-boost|p2a: Primarina|spa|1
|-boost|p2a: Primarina|spd|1
|-prepare|p1a: Slowking|Chilly Reception|[premajor]
|move|p1a: Slowking|Chilly Reception|p1a: Slowking
|-weather|Snowscape
|
|t:|1760396855
|switch|p1a: Great Tusk|Great Tusk|85/100 brn|[from] Chilly Reception
|
|-weather|Snowscape|[upkeep]
|-damage|p1a: Great Tusk|78/100 brn|[from] brn
|-end|p2a: Primarina|move: Heal Block
|upkeep
|turn|9
|
|t:|1760396859
|move|p1a: Great Tusk|Headlong Rush|p2a: Primarina
|-supereffective|p2a: Primarina
|-end|p2a: Primarina|Substitute
|-unboost|p1a: Great Tusk|def|1
|-unboost|p1a: Great Tusk|spd|1
|move|p2a: Primarina|Draining Kiss|p1a: Great Tusk
|-supereffective|p1a: Great Tusk
|-damage|p1a: Great Tusk|0 fnt
|-heal|p2a: Primarina|100/100|[from] drain|[of] p1a: Great Tusk
|-damage|p2a: Primarina|84/100|[from] item: Rocky Helmet|[of] p1a: Great Tusk
|faint|p1a: Great Tusk
|-end|p1a: Great Tusk|Protosynthesis|[silent]
|
|-weather|Snowscape|[upkeep]
|-heal|p2a: Primarina|90/100|[from] item: Leftovers
|upkeep
|
|t:|1760396861
|switch|p1a: Samurott|Samurott-Hisui, M|100/100
|turn|10
|
|t:|1760396873
|-terastallize|p1a: Samurott|Poison
|move|p1a: Samurott|Ceaseless Edge|p2a: Primarina
|-damage|p2a: Primarina|44/100
|-sidestart|p2: Rabzzz|Spikes
|move|p2a: Primarina|Draining Kiss|p1a: Samurott
|-resisted|p1a: Samurott
|-damage|p1a: Samurott|69/100
|-heal|p2a: Primarina|67/100|[from] drain|[of] p1a: Samurott
|
|-weather|Snowscape|[upkeep]
|-heal|p2a: Primarina|73/100|[from] item: Leftovers
|upkeep
|turn|11
|
|t:|1760396886
|switch|p2a: Weezing|Weezing-Galar, M|100/100
|-ability|p2a: Weezing|Neutralizing Gas
|move|p1a: Samurott|Ceaseless Edge|p2a: Weezing
|-resisted|p2a: Weezing
|-damage|p2a: Weezing|88/100
|-sidestart|p2: Rabzzz|Spikes
|
|-weather|Snowscape|[upkeep]
|upkeep
|turn|12
|
|t:|1760396893
|switch|p1a: Slowking|Slowking-Galar, M|100/100
|move|p2a: Weezing|Defog|p1a: Slowking
|-unboost|p1a: Slowking|evasion|1
|-sideend|p2: Rabzzz|Spikes|[from] move: Defog|[of] p2a: Weezing
|
|-weather|none
|upkeep
|turn|13
|
|t:|1760396900
|-end|p2a: Weezing|ability: Neutralizing Gas
|switch|p2a: Iron Crown|Iron Crown|100/100
|-prepare|p1a: Slowking|Chilly Reception|[premajor]
|move|p1a: Slowking|Chilly Reception|p1a: Slowking
|-weather|Snowscape
|
|t:|1760396903
|switch|p1a: Dragapult|Dragapult, M|100/100|[from] Chilly Reception
|
|-weather|Snowscape|[upkeep]
|upkeep
|turn|14
|
|t:|1760396913
|-end|p2a: Iron Crown|Quark Drive|[silent]
|switch|p2a: Moltres|Moltres|64/100
|move|p1a: Dragapult|U-turn|p2a: Moltres
|-resisted|p2a: Moltres
|-damage|p2a: Moltres|61/100
|
|t:|1760396916
|switch|p1a: Samurott|Samurott-Hisui, M, tera:Poison|69/100|[from] U-turn
|
|-weather|Snowscape|[upkeep]
|upkeep
|turn|15
|
|t:|1760396922
|move|p1a: Samurott|Aqua Cutter|p2a: Moltres
|-supereffective|p2a: Moltres
|-damage|p2a: Moltres|0 fnt
|faint|p2a: Moltres
|
|-weather|Snowscape|[upkeep]
|upkeep
|
|t:|1760396932
|switch|p2a: Iron Crown|Iron Crown|100/100
|turn|16
|
|t:|1760396937
|switch|p1a: Slowking|Slowking-Galar, M|100/100
|move|p2a: Iron Crown|Psychic Noise|p1a: Slowking
|-damage|p1a: Slowking|69/100
|-start|p1a: Slowking|move: Heal Block
|
|-weather|Snowscape|[upkeep]
|upkeep
|turn|17
|
|t:|1760396940
|move|p2a: Iron Crown|Psychic Noise|p1a: Slowking
|-damage|p1a: Slowking|33/100
|-prepare|p1a: Slowking|Chilly Reception|[premajor]
|move|p1a: Slowking|Chilly Reception|p1a: Slowking
|
|t:|1760396946
|switch|p1a: Duraludon|Duraludon, F|100/100|[from] Chilly Reception
|
|-weather|none
|upkeep
|turn|18
|
|t:|1760396956
|-end|p2a: Iron Crown|Quark Drive|[silent]
|switch|p2a: Ting-Lu|Ting-Lu|100/100
|-ability|p2a: Ting-Lu|Vessel of Ruin
|move|p1a: Duraludon|Stealth Rock|p2a: Ting-Lu
|-sidestart|p2: Rabzzz|move: Stealth Rock
|
|upkeep
|turn|19
|
|t:|1760396961
|switch|p1a: Rillaboom|Rillaboom, M|100/100
|-fieldstart|move: Grassy Terrain|[from] ability: Grassy Surge|[of] p1a: Rillaboom
|move|p2a: Ting-Lu|Ruination|p1a: Rillaboom|[miss]
|-miss|p2a: Ting-Lu|p1a: Rillaboom
|
|upkeep
|turn|20
|
|t:|1760396971
|move|p1a: Rillaboom|U-turn|p2a: Ting-Lu
|-supereffective|p2a: Ting-Lu
|-damage|p2a: Ting-Lu|66/100
|-damage|p1a: Rillaboom|91/100|[from] item: Life Orb
|
|t:|1760396975
|switch|p1a: Slowking|Slowking-Galar, M|67/100|[from] U-turn
|move|p2a: Ting-Lu|Ruination|p1a: Slowking|[miss]
|-miss|p2a: Ting-Lu|p1a: Slowking
|
|-heal|p2a: Ting-Lu|72/100|[from] Grassy Terrain
|-heal|p2a: Ting-Lu|79/100|[from] item: Leftovers
|-heal|p1a: Slowking|73/100|[from] Grassy Terrain
|upkeep
|turn|21
|
|t:|1760396987
|switch|p2a: Iron Crown|Iron Crown|100/100
|-damage|p2a: Iron Crown|94/100|[from] Stealth Rock
|-prepare|p1a: Slowking|Chilly Reception|[premajor]
|move|p1a: Slowking|Chilly Reception|p1a: Slowking
|-weather|Snowscape
|
|t:|1760396996
|switch|p1a: Dragapult|Dragapult, M|100/100|[from] Chilly Reception
|
|-weather|Snowscape|[upkeep]
|-heal|p2a: Iron Crown|100/100|[from] Grassy Terrain
|upkeep
|turn|22
|
|t:|1760397005
|-end|p2a: Iron Crown|Quark Drive|[silent]
|switch|p2a: Ting-Lu|Ting-Lu|79/100
|-damage|p2a: Ting-Lu|72/100|[from] Stealth Rock
|-ability|p2a: Ting-Lu|Vessel of Ruin
|move|p1a: Dragapult|U-turn|p2a: Ting-Lu
|-supereffective|p2a: Ting-Lu
|-damage|p2a: Ting-Lu|53/100
|
|t:|1760397009
|switch|p1a: Rillaboom|Rillaboom, M|91/100|[from] U-turn
|
|-weather|Snowscape|[upkeep]
|-heal|p1a: Rillaboom|97/100|[from] Grassy Terrain
|-heal|p2a: Ting-Lu|59/100|[from] Grassy Terrain
|-heal|p2a: Ting-Lu|65/100|[from] item: Leftovers
|upkeep
|turn|23
|
|t:|1760397012
|switch|p2a: Weezing|Weezing-Galar, M|88/100
|-ability|p2a: Weezing|Neutralizing Gas
|move|p1a: Rillaboom|Wood Hammer|p2a: Weezing
|-resisted|p2a: Weezing
|-damage|p2a: Weezing|54/100
|-damage|p1a: Rillaboom|86/100|[from] Recoil
|-damage|p1a: Rillaboom|76/100|[from] item: Life Orb
|
|-weather|Snowscape|[upkeep]
|-heal|p1a: Rillaboom|82/100|[from] Grassy Terrain
|-heal|p2a: Weezing|60/100|[from] Grassy Terrain
|-fieldend|move: Grassy Terrain
|upkeep
|turn|24
|
|t:|1760397020
|move|p1a: Rillaboom|Knock Off|p2a: Weezing
|-resisted|p2a: Weezing
|-damage|p2a: Weezing|44/100
|-enditem|p2a: Weezing|Heavy-Duty Boots|[from] move: Knock Off|[of] p1a: Rillaboom
|-damage|p1a: Rillaboom|72/100|[from] item: Life Orb
|move|p2a: Weezing|Defog|p1a: Rillaboom
|-unboost|p1a: Rillaboom|evasion|1
|-sideend|p2: Rabzzz|Stealth Rock|[from] move: Defog|[of] p2a: Weezing
|
|-weather|Snowscape|[upkeep]
|upkeep
|turn|25
|
|t:|1760397024
|move|p1a: Rillaboom|U-turn|p2a: Weezing
|-resisted|p2a: Weezing
|-damage|p2a: Weezing|39/100
|-damage|p1a: Rillaboom|62/100|[from] item: Life Orb
|
|t:|1760397027
|switch|p1a: Slowking|Slowking-Galar, M|100/100|[from] U-turn
|move|p2a: Weezing|Pain Split|p1a: Slowking
|-sethp|p1a: Slowking|66/100|[from] move: Pain Split|[silent]
|-sethp|p2a: Weezing|79/100|[from] move: Pain Split
|
|-weather|none
|upkeep
|turn|26
|
|t:|1760397035
|-end|p2a: Weezing|ability: Neutralizing Gas
|switch|p2a: Iron Crown|Iron Crown|100/100
|-prepare|p1a: Slowking|Chilly Reception|[premajor]
|move|p1a: Slowking|Chilly Reception|p1a: Slowking
|-weather|Snowscape
|
|t:|1760397039
|switch|p1a: Duraludon|Duraludon, F|100/100|[from] Chilly Reception
|
|-weather|Snowscape|[upkeep]
|upkeep
|turn|27
|
|t:|1760397043
|move|p2a: Iron Crown|Volt Switch|p1a: Duraludon
|-resisted|p1a: Duraludon
|-damage|p1a: Duraludon|80/100
|
|t:|1760397049
|-end|p2a: Iron Crown|Quark Drive|[silent]
|switch|p2a: Ting-Lu|Ting-Lu|65/100|[from] Volt Switch
|-ability|p2a: Ting-Lu|Vessel of Ruin
|move|p1a: Duraludon|Stealth Rock|p2a: Ting-Lu
|-sidestart|p2: Rabzzz|move: Stealth Rock
|
|-weather|Snowscape|[upkeep]
|-heal|p2a: Ting-Lu|72/100|[from] item: Leftovers
|upkeep
|turn|28
|
|t:|1760397055
|switch|p1a: Rillaboom|Rillaboom, M|62/100
|-fieldstart|move: Grassy Terrain|[from] ability: Grassy Surge|[of] p1a: Rillaboom
|move|p2a: Ting-Lu|Stealth Rock|p1a: Rillaboom
|-sidestart|p1: mr tickley|move: Stealth Rock
|
|-weather|Snowscape|[upkeep]
|-heal|p1a: Rillaboom|68/100|[from] Grassy Terrain
|-heal|p2a: Ting-Lu|78/100|[from] Grassy Terrain
|-heal|p2a: Ting-Lu|84/100|[from] item: Leftovers
|upkeep
|turn|29
|
|t:|1760397061
|switch|p2a: Weezing|Weezing-Galar, M|79/100
|-ability|p2a: Weezing|Neutralizing Gas
|-damage|p2a: Weezing|66/100|[from] Stealth Rock
|move|p1a: Rillaboom|Wood Hammer|p2a: Weezing
|-resisted|p2a: Weezing
|-damage|p2a: Weezing|30/100
|-damage|p1a: Rillaboom|56/100|[from] Recoil
|-damage|p1a: Rillaboom|46/100|[from] item: Life Orb
|
|-weather|Snowscape|[upkeep]
|-heal|p1a: Rillaboom|52/100|[from] Grassy Terrain
|-heal|p2a: Weezing|36/100|[from] Grassy Terrain
|upkeep
|turn|30
|
|t:|1760397074
|move|p1a: Rillaboom|Wood Hammer|p2a: Weezing
|-resisted|p2a: Weezing
|-damage|p2a: Weezing|0 fnt
|faint|p2a: Weezing
|-end|p2a: Weezing|ability: Neutralizing Gas
|-damage|p1a: Rillaboom|41/100|[from] Recoil
|-damage|p1a: Rillaboom|31/100|[from] item: Life Orb
|
|-weather|none
|-heal|p1a: Rillaboom|37/100|[from] Grassy Terrain
|upkeep
|
|t:|1760397081
|switch|p2a: Iron Crown|Iron Crown|100/100
|-damage|p2a: Iron Crown|94/100|[from] Stealth Rock
|turn|31
|
|t:|1760397086
|switch|p1a: Slowking|Slowking-Galar, M|99/100
|move|p2a: Iron Crown|Volt Switch|p1a: Slowking
|-damage|p1a: Slowking|81/100
|
|t:|1760397089
|-end|p2a: Iron Crown|Quark Drive|[silent]
|switch|p2a: Primarina|Primarina, F, tera:Steel|73/100|[from] Volt Switch
|-damage|p2a: Primarina|67/100|[from] Stealth Rock
|
|-heal|p2a: Primarina|73/100|[from] Grassy Terrain
|-heal|p2a: Primarina|79/100|[from] item: Leftovers
|-heal|p1a: Slowking|87/100|[from] Grassy Terrain
|upkeep
|turn|32
|
|t:|1760397097
|move|p2a: Primarina|Calm Mind|p2a: Primarina
|-boost|p2a: Primarina|spa|1
|-boost|p2a: Primarina|spd|1
|-prepare|p1a: Slowking|Chilly Reception|[premajor]
|move|p1a: Slowking|Chilly Reception|p1a: Slowking
|-weather|Snowscape
|
|t:|1760397099
|switch|p1a: Duraludon|Duraludon, F|80/100|[from] Chilly Reception
|-damage|p1a: Duraludon|74/100|[from] Stealth Rock
|
|-weather|Snowscape|[upkeep]
|-heal|p1a: Duraludon|80/100|[from] Grassy Terrain
|-heal|p2a: Primarina|85/100|[from] Grassy Terrain
|-heal|p2a: Primarina|91/100|[from] item: Leftovers
|-fieldend|move: Grassy Terrain
|upkeep
|turn|33
|
|t:|1760397105
|move|p1a: Duraludon|Body Press|p2a: Primarina
|-supereffective|p2a: Primarina
|-damage|p2a: Primarina|43/100
|move|p2a: Primarina|Draining Kiss|p1a: Duraludon
|-damage|p1a: Duraludon|46/100
|-heal|p2a: Primarina|67/100|[from] drain|[of] p1a: Duraludon
|
|-weather|Snowscape|[upkeep]
|-heal|p2a: Primarina|73/100|[from] item: Leftovers
|upkeep
|turn|34
|
|t:|1760397114
|switch|p2a: Iron Crown|Iron Crown|94/100
|-damage|p2a: Iron Crown|88/100|[from] Stealth Rock
|move|p1a: Duraludon|Thunder Wave|p2a: Iron Crown
|-status|p2a: Iron Crown|par
|
|-weather|Snowscape|[upkeep]
|upkeep
|turn|35
|
|t:|1760397138
|move|p1a: Duraludon|Body Press|p2a: Iron Crown
|-damage|p2a: Iron Crown|60/100 par
|move|p2a: Iron Crown|Volt Switch|p1a: Duraludon
|-resisted|p1a: Duraludon
|-damage|p1a: Duraludon|27/100
|
|t:|1760397145
|-end|p2a: Iron Crown|Quark Drive|[silent]
|switch|p2a: Zamazenta|Zamazenta|100/100|[from] Volt Switch
|-damage|p2a: Zamazenta|94/100|[from] Stealth Rock
|-ability|p2a: Zamazenta|Dauntless Shield|boost
|-boost|p2a: Zamazenta|def|1
|
|-weather|Snowscape|[upkeep]
|upkeep
|turn|36
|
|t:|1760397151
|switch|p1a: Slowking|Slowking-Galar, M|100/100
|move|p2a: Zamazenta|Close Combat|p1a: Slowking
|-resisted|p1a: Slowking
|-crit|p1a: Slowking
|-damage|p1a: Slowking|73/100
|-unboost|p2a: Zamazenta|def|1
|-unboost|p2a: Zamazenta|spd|1
|-damage|p2a: Zamazenta|84/100|[from] item: Life Orb
|
|-weather|none
|upkeep
|turn|37
|
|t:|1760397156
|switch|p2a: Primarina|Primarina, F, tera:Steel|73/100
|-damage|p2a: Primarina|67/100|[from] Stealth Rock
|move|p1a: Slowking|Psychic Noise|p2a: Primarina
|-resisted|p2a: Primarina
|-damage|p2a: Primarina|56/100
|-start|p2a: Primarina|move: Heal Block
|
|upkeep
|turn|38
|
|t:|1760397169
|switch|p2a: Ting-Lu|Ting-Lu|84/100
|-damage|p2a: Ting-Lu|78/100|[from] Stealth Rock
|-ability|p2a: Ting-Lu|Vessel of Ruin
|switch|p1a: Samurott|Samurott-Hisui, M, tera:Poison|69/100
|-damage|p1a: Samurott|57/100|[from] Stealth Rock
|
|-heal|p2a: Ting-Lu|84/100|[from] item: Leftovers
|upkeep
|turn|39
|
|t:|1760397175
|switch|p1a: Rillaboom|Rillaboom, M|37/100
|-damage|p1a: Rillaboom|25/100|[from] Stealth Rock
|-fieldstart|move: Grassy Terrain|[from] ability: Grassy Surge|[of] p1a: Rillaboom
|move|p2a: Ting-Lu|Earthquake|p1a: Rillaboom
|-resisted|p1a: Rillaboom
|-damage|p1a: Rillaboom|15/100
|
|-heal|p1a: Rillaboom|21/100|[from] Grassy Terrain
|-heal|p2a: Ting-Lu|90/100|[from] Grassy Terrain
|-heal|p2a: Ting-Lu|96/100|[from] item: Leftovers
|upkeep
|turn|40
|
|t:|1760397181
|switch|p2a: Iron Crown|Iron Crown|60/100 par
|-damage|p2a: Iron Crown|54/100 par|[from] Stealth Rock
|move|p1a: Rillaboom|Wood Hammer|p2a: Iron Crown
|-resisted|p2a: Iron Crown
|-damage|p2a: Iron Crown|0 fnt
|faint|p2a: Iron Crown
|-end|p2a: Iron Crown|Quark Drive|[silent]
|-damage|p1a: Rillaboom|4/100|[from] Recoil
|-damage|p1a: Rillaboom|0 fnt|[from] item: Life Orb
|faint|p1a: Rillaboom
|
|upkeep
|j| frutillaroja
|
|t:|1760397197
|switch|p2a: Zamazenta|Zamazenta|84/100
|switch|p1a: Dragapult|Dragapult, M|100/100
|-damage|p1a: Dragapult|88/100|[from] Stealth Rock
|-damage|p2a: Zamazenta|78/100|[from] Stealth Rock
|turn|41
|
|t:|1760397203
|move|p1a: Dragapult|U-turn|p2a: Zamazenta
|-resisted|p2a: Zamazenta
|-damage|p2a: Zamazenta|71/100
|
|t:|1760397208
|switch|p1a: Slowking|Slowking-Galar, M|100/100|[from] U-turn
|move|p2a: Zamazenta|Crunch|p1a: Slowking
|-supereffective|p1a: Slowking
|-crit|p1a: Slowking
|-damage|p1a: Slowking|0 fnt
|faint|p1a: Slowking
|-damage|p2a: Zamazenta|61/100|[from] item: Life Orb
|
|-heal|p2a: Zamazenta|67/100|[from] Grassy Terrain
|upkeep
|
|t:|1760397218
|switch|p1a: Dragapult|Dragapult, M|88/100
|-damage|p1a: Dragapult|76/100|[from] Stealth Rock
|turn|42
|
|t:|1760397227
|move|p1a: Dragapult|Draco Meteor|p2a: Zamazenta
|-damage|p2a: Zamazenta|0 fnt
|-unboost|p1a: Dragapult|spa|2
|faint|p2a: Zamazenta
|
|-heal|p1a: Dragapult|82/100|[from] Grassy Terrain
|upkeep
|
|t:|1760397232
|switch|p2a: Primarina|Primarina, F, tera:Steel|56/100
|-damage|p2a: Primarina|50/100|[from] Stealth Rock
|turn|43
|
|t:|1760397238
|switch|p1a: Duraludon|Duraludon, F|27/100
|-damage|p1a: Duraludon|21/100|[from] Stealth Rock
|move|p2a: Primarina|Calm Mind|p2a: Primarina
|-boost|p2a: Primarina|spa|1
|-boost|p2a: Primarina|spd|1
|
|-heal|p1a: Duraludon|27/100|[from] Grassy Terrain
|-heal|p2a: Primarina|56/100|[from] Grassy Terrain
|-heal|p2a: Primarina|62/100|[from] item: Leftovers
|-fieldend|move: Grassy Terrain
|upkeep
|turn|44
|
|t:|1760397241
|move|p1a: Duraludon|Body Press|p2a: Primarina
|-supereffective|p2a: Primarina
|-damage|p2a: Primarina|18/100
|move|p2a: Primarina|Draining Kiss|p1a: Duraludon
|-damage|p1a: Duraludon|0 fnt
|-heal|p2a: Primarina|37/100|[from] drain|[of] p1a: Duraludon
|faint|p1a: Duraludon
|
|-heal|p2a: Primarina|43/100|[from] item: Leftovers
|upkeep
|j| Samurajen
|
|t:|1760397246
|switch|p1a: Samurott|Samurott-Hisui, M, tera:Poison|57/100
|-damage|p1a: Samurott|44/100|[from] Stealth Rock
|turn|45
|
|t:|1760397255
|move|p1a: Samurott|Ceaseless Edge|p2a: Primarina
|-damage|p2a: Primarina|0 fnt
|-sidestart|p2: Rabzzz|Spikes
|faint|p2a: Primarina
|
|upkeep
|
|t:|1760397258
|switch|p2a: Ting-Lu|Ting-Lu|96/100
|-damage|p2a: Ting-Lu|90/100|[from] Stealth Rock
|-damage|p2a: Ting-Lu|78/100|[from] Spikes
|-ability|p2a: Ting-Lu|Vessel of Ruin
|turn|46
|j| OU Giygas
|
|t:|1760397263
|move|p1a: Samurott|Aqua Cutter|p2a: Ting-Lu
|-supereffective|p2a: Ting-Lu
|-damage|p2a: Ting-Lu|17/100
|move|p2a: Ting-Lu|Earthquake|p1a: Samurott
|-supereffective|p1a: Samurott
|-damage|p1a: Samurott|0 fnt
|faint|p1a: Samurott
|
|-heal|p2a: Ting-Lu|23/100|[from] item: Leftovers
|upkeep
|
|t:|1760397268
|switch|p1a: Dragapult|Dragapult, M|82/100
|-damage|p1a: Dragapult|70/100|[from] Stealth Rock
|turn|47
|
|t:|1760397271
|move|p1a: Dragapult|Draco Meteor|p2a: Ting-Lu
|-damage|p2a: Ting-Lu|0 fnt
|-unboost|p1a: Dragapult|spa|2
|faint|p2a: Ting-Lu
|
|win|mr tickley
|raw|mr tickley's rating: 1713 &rarr; <strong>1733</strong><br />(+20 for winning)
|raw|Rabzzz's rating: 1717 &rarr; <strong>1697</strong><br />(-20 for losing)
|l|☆Rabzzz
|player|p2|
|c|☆mr tickley|gg
|l| OU Giygas
|l|☆mr tickley
|player|p1|
