|badge|p2|silver|gen9ou|30-7
|uhtml|medal-msg|<div class="broadcast-blue">Curious what those medals under the avatar are? PS now has Ladder Seasons! For more information, check out the <a href="https://www.smogon.com/forums/threads/3740067/">thread on Smogon.</a></div>
|j|☆Auburn Hills
|j|☆healorant
|t:|1760372909
|gametype|singles
|player|p1|Auburn Hills|alder|1784
|player|p2|healorant|alder|1889
|gen|9
|tier|[Gen 9] OU
|rated|
|rule|HP Percentage Mod: HP is shown in percentages
|rule|Endless Battle Clause: Forcing endless battles is banned
|rule|Species Clause: Limit one of each Pokémon
|rule|OHKO Clause: OHKO moves are banned
|rule|Evasion Items Clause: Evasion items are banned
|rule|Evasion Moves Clause: Evasion moves are banned
|rule|Evasion Abilities Clause: Evasion abilities are banned
|rule|Sleep Moves Clause: Sleep-inducing moves are banned
|clearpoke
|poke|p1|Iron Moth|
|poke|p1|Umbreon, F|
|poke|p1|Garchomp, M|
|poke|p1|Glimmora, F|
|poke|p1|Gholdengo|
|poke|p1|Dragonite, M|
|poke|p2|Araquanid, M|
|poke|p2|Glimmora, M|
|poke|p2|Iron Valiant|
|poke|p2|Kingambit, F|
|poke|p2|Gholdengo|
|poke|p2|Kyurem|
|teampreview
|j| FaronAan
|inactive|Battle timer is ON: inactive players will automatically lose when time's up. (requested by healorant)
|
|t:|1760372932
|teamsize|p1|6
|teamsize|p2|6
|start
|switch|p1a: Rat Tally|Garchomp, M|100/100
|switch|p2a: Araquanid|Araquanid, M|100/100
|turn|1
|
|t:|1760372935
|move|p1a: Rat Tally|Swords Dance|p1a: Rat Tally
|-boost|p1a: Rat Tally|atk|2
|move|p2a: Araquanid|Sticky Web|p1a: Rat Tally
|-sidestart|p1: Auburn Hills|move: Sticky Web
|
|upkeep
|turn|2
|
|t:|1760372938
|move|p1a: Rat Tally|Scale Shot|p2a: Araquanid
|-damage|p2a: Araquanid|75/100
|-damage|p2a: Araquanid|48/100
|-damage|p2a: Araquanid|22/100
|-damage|p2a: Araquanid|0 fnt
|faint|p2a: Araquanid
|-hitcount|p2: Araquanid|4
|-unboost|p1a: Rat Tally|def|1
|-boost|p1a: Rat Tally|spe|1
|
|upkeep
|
|t:|1760372944
|switch|p2a: Gholdengo|Gholdengo|100/100
|-item|p2a: Gholdengo|Air Balloon
|turn|3
|
|t:|1760372948
|-terastallize|p1a: Rat Tally|Electric
|move|p1a: Rat Tally|Tera Blast|p2a: Gholdengo|[anim] Tera Blast Electric
|-damage|p2a: Gholdengo|0 fnt
|-enditem|p2a: Gholdengo|Air Balloon
|faint|p2a: Gholdengo
|
|upkeep
|
|t:|1760372956
|switch|p2a: Kingambit|Kingambit, F|100/100
|-activate|p2a: Kingambit|ability: Supreme Overlord
|-start|p2a: Kingambit|fallen2|[silent]
|turn|4
|
|t:|1760372959
|move|p2a: Kingambit|Sucker Punch|p1a: Rat Tally
|-damage|p1a: Rat Tally|32/100
|-damage|p2a: Kingambit|88/100|[from] ability: Rough Skin|[of] p1a: Rat Tally
|move|p1a: Rat Tally|Earthquake|p2a: Kingambit
|-supereffective|p2a: Kingambit
|-damage|p2a: Kingambit|0 fnt
|faint|p2a: Kingambit
|-end|p2a: Kingambit|fallen2|[silent]
|
|upkeep
|
|t:|1760372961
|switch|p2a: Iron Valiant|Iron Valiant|100/100
|-enditem|p2a: Iron Valiant|Booster Energy
|-activate|p2a: Iron Valiant|ability: Quark Drive|[fromitem]
|-start|p2a: Iron Valiant|quarkdriveatk
|turn|5
|
|t:|1760372964
|move|p2a: Iron Valiant|Shadow Sneak|p1a: Rat Tally
|-damage|p1a: Rat Tally|0 fnt
|-damage|p2a: Iron Valiant|88/100|[from] ability: Rough Skin|[of] p1a: Rat Tally
|faint|p1a: Rat Tally
|
|upkeep
|
|t:|1760372967
|switch|p1a: Julia Jacklin|Glimmora, F|100/100
|-activate|p1a: Julia Jacklin|move: Sticky Web
|-unboost|p1a: Julia Jacklin|spe|1
|turn|6
|
|t:|1760372970
|move|p2a: Iron Valiant|Close Combat|p1a: Julia Jacklin
|-enditem|p1a: Julia Jacklin|Focus Sash
|-damage|p1a: Julia Jacklin|1/100
|-unboost|p2a: Iron Valiant|def|1
|-unboost|p2a: Iron Valiant|spd|1
|-activate|p1a: Julia Jacklin|ability: Toxic Debris
|-sidestart|p2: healorant|move: Toxic Spikes
|move|p1a: Julia Jacklin|Mortal Spin|p2a: Iron Valiant
|-supereffective|p2a: Iron Valiant
|-damage|p2a: Iron Valiant|65/100
|-status|p2a: Iron Valiant|psn
|-sideend|p1: Auburn Hills|Sticky Web|[from] move: Mortal Spin|[of] p1a: Julia Jacklin
|
|-damage|p2a: Iron Valiant|52/100 psn|[from] psn
|upkeep
|turn|7
|
|t:|1760372977
|switch|p1a: Smino|Gholdengo|100/100
|move|p2a: Iron Valiant|Spirit Break|p1a: Smino
|-resisted|p1a: Smino
|-damage|p1a: Smino|69/100
|-unboost|p1a: Smino|spa|1
|
|-damage|p2a: Iron Valiant|40/100 psn|[from] psn
|upkeep
|turn|8
|
|t:|1760372981
|move|p2a: Iron Valiant|Shadow Sneak|p1a: Smino
|-supereffective|p1a: Smino
|-damage|p1a: Smino|29/100
|move|p1a: Smino|Shadow Ball|p2a: Iron Valiant
|-damage|p2a: Iron Valiant|0 fnt
|faint|p2a: Iron Valiant
|-end|p2a: Iron Valiant|Quark Drive|[silent]
|
|upkeep
|
|t:|1760372983
|switch|p2a: Glimmora|Glimmora, M|100/100
|-sideend|p2: healorant|move: Toxic Spikes|[of] p2a: Glimmora
|turn|9
|
|t:|1760372985
|move|p1a: Smino|Shadow Ball|p2a: Glimmora
|-damage|p2a: Glimmora|59/100
|move|p2a: Glimmora|Meteor Beam||[still]
|-prepare|p2a: Glimmora|Meteor Beam
|-boost|p2a: Glimmora|spa|1
|-enditem|p2a: Glimmora|Power Herb
|-anim|p2a: Glimmora|Meteor Beam|p1a: Smino
|-resisted|p1a: Smino
|-damage|p1a: Smino|0 fnt
|faint|p1a: Smino
|
|upkeep
|
|t:|1760372992
|switch|p1a: Elucid|Dragonite, M|100/100
|turn|10
|
|t:|1760372995
|move|p2a: Glimmora|Dazzling Gleam|p1a: Elucid
|-supereffective|p1a: Elucid
|-damage|p1a: Elucid|54/100
|move|p1a: Elucid|Earthquake|p2a: Glimmora
|-supereffective|p2a: Glimmora
|-damage|p2a: Glimmora|0 fnt
|-activate|p2a: Glimmora|ability: Toxic Debris
|-sidestart|p1: Auburn Hills|move: Toxic Spikes
|faint|p2a: Glimmora
|
|upkeep
|
|t:|1760372998
|switch|p2a: Kyurem|Kyurem|100/100
|-ability|p2a: Kyurem|Pressure
|turn|11
|
|t:|1760373003
|switch|p1a: Carly Rae|Iron Moth|100/100
|-sideend|p1: Auburn Hills|move: Toxic Spikes|[of] p1a: Carly Rae
|-enditem|p1a: Carly Rae|Booster Energy
|-activate|p1a: Carly Rae|ability: Quark Drive|[fromitem]
|-start|p1a: Carly Rae|quarkdrivespe
|move|p2a: Kyurem|Dragon Dance|p2a: Kyurem
|-boost|p2a: Kyurem|atk|1
|-boost|p2a: Kyurem|spe|1
|
|upkeep
|turn|12
|
|t:|1760373007
|-terastallize|p2a: Kyurem|Ice
|move|p1a: Carly Rae|Dazzling Gleam|p2a: Kyurem
|-damage|p2a: Kyurem|73/100
|move|p2a: Kyurem|Earth Power|p1a: Carly Rae
|-supereffective|p1a: Carly Rae
|-damage|p1a: Carly Rae|0 fnt
|faint|p1a: Carly Rae
|-end|p1a: Carly Rae|Quark Drive|[silent]
|
|upkeep
|
|t:|1760373012
|switch|p1a: Alvvays|Umbreon, F|100/100
|turn|13
|
|t:|1760373014
|move|p2a: Kyurem|Icicle Spear|p1a: Alvvays
|-damage|p1a: Alvvays|78/100
|-damage|p1a: Alvvays|53/100
|-damage|p1a: Alvvays|28/100
|-hitcount|p1a: Alvvays|3
|move|p1a: Alvvays|Foul Play|p2a: Kyurem
|-damage|p2a: Kyurem|0 fnt
|faint|p2a: Kyurem
|
|win|Auburn Hills
|raw|Auburn Hills's rating: 1784 &rarr; <strong>1810</strong><br />(+26 for winning)
|raw|healorant's rating: 1889 &rarr; <strong>1863</strong><br />(-26 for losing)
|l|☆healorant
|player|p2|
|l|☆Auburn Hills
|player|p1|
|l| FaronAan
