|j|☆henry151th
|j|☆ciantaihou
|t:|1760346450
|gametype|singles
|player|p1|henry151th|wallace|1672
|player|p2|ciantaihou|bellelba|1699
|gen|9
|tier|[Gen 9] OU
|rated|
|rule|HP Percentage Mod: HP is shown in percentages
|rule|Endless Battle Clause: Forcing endless battles is banned
|rule|Species Clause: Limit one of each Pokémon
|rule|OHKO Clause: OHKO moves are banned
|rule|Evasion Items Clause: Evasion items are banned
|rule|Evasion Moves Clause: Evasion moves are banned
|rule|Evasion Abilities Clause: Evasion abilities are banned
|rule|Sleep Moves Clause: Sleep-inducing moves are banned
|clearpoke
|poke|p1|Cresselia, F|
|poke|p1|Hatterene, F|
|poke|p1|Porygon2|
|poke|p1|Ursaluna, M|
|poke|p1|Iron Hands|
|poke|p1|Enamorus-Therian, F|
|poke|p2|Ursaluna, F|
|poke|p2|Torkoal, F|
|poke|p2|Hoopa-Unbound|
|poke|p2|Cresselia, F|
|poke|p2|Hatterene, F|
|poke|p2|Enamorus-Therian, F|
|teampreview
|j|+pastagirl
|j| CloudyEJ
|
|t:|1760346476
|teamsize|p1|6
|teamsize|p2|6
|start
|switch|p1a: THE ELEPHANT MAN|Iron Hands|100/100
|switch|p2a: Enamorus|Enamorus-Therian, F|100/100
|turn|1
|
|t:|1760346487
|-terastallize|p2a: Enamorus|Fairy
|move|p1a: THE ELEPHANT MAN|Supercell Slam|p2a: Enamorus
|-damage|p2a: Enamorus|36/100
|-damage|p1a: THE ELEPHANT MAN|91/100|[from] item: Life Orb
|move|p2a: Enamorus|Moonblast|p1a: THE ELEPHANT MAN
|-supereffective|p1a: THE ELEPHANT MAN
|-damage|p1a: THE ELEPHANT MAN|0 fnt
|faint|p1a: THE ELEPHANT MAN
|-end|p1a: THE ELEPHANT MAN|Quark Drive|[silent]
|
|upkeep
|j| AbrarS
|
|t:|1760346503
|switch|p1a: WILD AT HEART|Ursaluna, M|100/100
|turn|2
|
|t:|1760346507
|switch|p2a: Ursaluna|Ursaluna, F|100/100
|move|p1a: WILD AT HEART|Facade|p2a: Ursaluna
|-damage|p2a: Ursaluna|72/100
|
|-status|p1a: WILD AT HEART|brn|[from] item: Flame Orb
|-status|p2a: Ursaluna|brn|[from] item: Flame Orb
|upkeep
|turn|3
|
|t:|1760346516
|move|p1a: WILD AT HEART|Facade|p2a: Ursaluna
|-damage|p2a: Ursaluna|0 fnt
|faint|p2a: Ursaluna
|
|-damage|p1a: WILD AT HEART|94/100 brn|[from] brn
|upkeep
|l| AbrarS
|j| Elphix
|
|t:|1760346531
|switch|p2a: Cresselia|Cresselia, F|100/100
|turn|4
|
|t:|1760346534
|move|p1a: WILD AT HEART|Facade|p2a: Cresselia
|-damage|p2a: Cresselia|38/100
|-damage|p1a: WILD AT HEART|78/100 brn|[from] item: Rocky Helmet|[of] p2a: Cresselia
|move|p2a: Cresselia|Trick Room|p2a: Cresselia
|-fieldstart|move: Trick Room|[of] p2a: Cresselia
|
|-damage|p1a: WILD AT HEART|72/100 brn|[from] brn
|upkeep
|turn|5
|
|t:|1760346543
|move|p1a: WILD AT HEART|Facade|p2a: Cresselia
|-damage|p2a: Cresselia|0 fnt
|-damage|p1a: WILD AT HEART|55/100 brn|[from] item: Rocky Helmet|[of] p2a: Cresselia
|faint|p2a: Cresselia
|
|-damage|p1a: WILD AT HEART|49/100 brn|[from] brn
|upkeep
|
|t:|1760346551
|switch|p2a: Enamorus|Enamorus-Therian, F, tera:Fairy|36/100
|turn|6
|
|t:|1760346556
|switch|p1a: LOST HIGHWAY|Cresselia, F|100/100
|move|p2a: Enamorus|Moonblast|p1a: LOST HIGHWAY
|-damage|p1a: LOST HIGHWAY|33/100
|-unboost|p1a: LOST HIGHWAY|spa|1
|
|upkeep
|turn|7
|j| Rizzofreko
|
|t:|1760346564
|move|p2a: Enamorus|Moonblast|p1a: LOST HIGHWAY
|-damage|p1a: LOST HIGHWAY|0 fnt
|faint|p1a: LOST HIGHWAY
|
|upkeep
|j|+Disorient
|
|t:|1760346572
|switch|p1a: INLAND EMPIRE|Enamorus-Therian, F|100/100
|turn|8
|
|t:|1760346576
|move|p2a: Enamorus|Moonblast|p1a: INLAND EMPIRE
|-damage|p1a: INLAND EMPIRE|0 fnt
|faint|p1a: INLAND EMPIRE
|
|-fieldend|move: Trick Room
|upkeep
|
|t:|1760346588
|switch|p1a: ERASERHEAD|Porygon2|100/100
|-ability|p1a: ERASERHEAD|Download|boost
|-boost|p1a: ERASERHEAD|spa|1
|turn|9
|
|t:|1760346595
|switch|p2a: Hoopa|Hoopa-Unbound|100/100
|move|p1a: ERASERHEAD|Thunderbolt|p2a: Hoopa
|-damage|p2a: Hoopa|64/100
|
|upkeep
|turn|10
|
|t:|1760346608
|move|p2a: Hoopa|Drain Punch|p1a: ERASERHEAD
|-supereffective|p1a: ERASERHEAD
|-damage|p1a: ERASERHEAD|55/100
|-heal|p2a: Hoopa|89/100|[from] drain|[of] p1a: ERASERHEAD
|move|p1a: ERASERHEAD|Trick Room|p1a: ERASERHEAD
|-fieldstart|move: Trick Room|[of] p1a: ERASERHEAD
|
|upkeep
|turn|11
|j| pstbsb
|
|t:|1760346625
|move|p1a: ERASERHEAD|Thunderbolt|p2a: Hoopa
|-damage|p2a: Hoopa|53/100
|move|p2a: Hoopa|Drain Punch|p1a: ERASERHEAD
|-supereffective|p1a: ERASERHEAD
|-damage|p1a: ERASERHEAD|11/100
|-heal|p2a: Hoopa|77/100|[from] drain|[of] p1a: ERASERHEAD
|
|upkeep
|turn|12
|
|t:|1760346633
|move|p1a: ERASERHEAD|Thunderbolt|p2a: Hoopa
|-damage|p2a: Hoopa|40/100
|move|p2a: Hoopa|Drain Punch|p1a: ERASERHEAD
|-supereffective|p1a: ERASERHEAD
|-damage|p1a: ERASERHEAD|0 fnt
|-heal|p2a: Hoopa|46/100|[from] drain|[of] p1a: ERASERHEAD
|faint|p1a: ERASERHEAD
|
|upkeep
|
|t:|1760346635
|switch|p1a: WILD AT HEART|Ursaluna, M|49/100 brn
|turn|13
|
|t:|1760346646
|switch|p1a: BLUE VELVET|Hatterene, F|100/100
|move|p2a: Hoopa|Drain Punch|p1a: BLUE VELVET
|-resisted|p1a: BLUE VELVET
|-damage|p1a: BLUE VELVET|95/100
|-heal|p2a: Hoopa|49/100|[from] drain|[of] p1a: BLUE VELVET
|
|upkeep
|turn|14
|
|t:|1760346657
|move|p1a: BLUE VELVET|Mystical Fire|p2a: Hoopa
|-damage|p2a: Hoopa|32/100
|-unboost|p2a: Hoopa|spa|1
|-enditem|p2a: Hoopa|Eject Pack
|l| Elphix
|
|t:|1760346666
|switch|p2a: Enamorus|Enamorus-Therian, F, tera:Fairy|36/100
|
|-fieldend|move: Trick Room
|upkeep
|turn|15
|
|t:|1760346672
|move|p2a: Enamorus|Moonblast|p1a: BLUE VELVET
|-damage|p1a: BLUE VELVET|0 fnt
|faint|p1a: BLUE VELVET
|
|upkeep
|-message|henry151th forfeited.
|
|win|ciantaihou
|raw|henry151th's rating: 1672 &rarr; <strong>1654</strong><br />(-18 for losing)
|raw|ciantaihou's rating: 1699 &rarr; <strong>1717</strong><br />(+18 for winning)
|l|☆henry151th
|player|p1|
|l| Rizzofreko
|l|☆ciantaihou
|player|p2|
|l|+Disorient
|l| pstbsb
