|j|☆suijilurenjia
|j|☆aerii718
|t:|1760460766
|gametype|singles
|player|p1|suijilurenjia|bugcatcher-gen4dp|1096
|player|p2|aerii718|101|1155
|gen|9
|tier|[Gen 9] OU
|rated|
|rule|HP Percentage Mod: HP is shown in percentages
|rule|Endless Battle Clause: Forcing endless battles is banned
|rule|Species Clause: Limit one of each Pokémon
|rule|OHKO Clause: OHKO moves are banned
|rule|Evasion Items Clause: Evasion items are banned
|rule|Evasion Moves Clause: Evasion moves are banned
|rule|Evasion Abilities Clause: Evasion abilities are banned
|rule|Sleep Moves Clause: Sleep-inducing moves are banned
|clearpoke
|poke|p1|Cacturne, M|
|poke|p1|Swampert, M|
|poke|p1|Gallade, M|
|poke|p1|Vespiquen, F|
|poke|p1|Grafaiai, M|
|poke|p1|Dragapult, M|
|poke|p2|Dragapult, F|
|poke|p2|Great Tusk|
|poke|p2|Gholdengo|
|poke|p2|Dondozo, M|
|poke|p2|Amoonguss, M|
|poke|p2|Haxorus, M|
|teampreview
|inactive|Battle timer is ON: inactive players will automatically lose when time's up. (requested by aerii718)
|
|t:|1760460784
|teamsize|p1|6
|teamsize|p2|6
|start
|switch|p1a: Grafaiai|Grafaiai, M, shiny|100/100
|switch|p2a: Dragapult|Dragapult, F|100/100
|turn|1
|
|t:|1760460806
|switch|p1a: Vespiquen|Vespiquen, F|100/100
|-ability|p1a: Vespiquen|Pressure
|move|p2a: Dragapult|Will-O-Wisp|p1a: Vespiquen
|-status|p1a: Vespiquen|brn
|
|-damage|p1a: Vespiquen|94/100 brn|[from] brn
|upkeep
|turn|2
|
|t:|1760460815
|move|p2a: Dragapult|Hex|p1a: Vespiquen
|-damage|p1a: Vespiquen|54/100 brn
|move|p1a: Vespiquen|Toxic|p2a: Dragapult
|-status|p2a: Dragapult|tox
|
|-damage|p2a: Dragapult|95/100 tox|[from] psn
|-damage|p1a: Vespiquen|48/100 brn|[from] brn
|upkeep
|turn|3
|
|t:|1760460825
|move|p2a: Dragapult|Dragon Darts|p1a: Vespiquen
|-damage|p1a: Vespiquen|26/100 brn
|-anim|p2a: Dragapult|Dragon Darts|p1a: Vespiquen
|-damage|p1a: Vespiquen|5/100 brn
|move|p1a: Vespiquen|Power Gem|p2a: Dragapult
|-damage|p2a: Dragapult|73/100 tox
|
|-damage|p2a: Dragapult|61/100 tox|[from] psn
|-damage|p1a: Vespiquen|0 fnt|[from] brn
|faint|p1a: Vespiquen
|upkeep
|inactive|suijilurenjia has 120 seconds left.
|
|t:|1760460850
|switch|p1a: Cacturne|Cacturne, M|100/100
|turn|4
|
|t:|1760460854
|move|p2a: Dragapult|U-turn|p1a: Cacturne
|-supereffective|p1a: Cacturne
|-enditem|p1a: Cacturne|Focus Sash
|-damage|p1a: Cacturne|1/100
|
|t:|1760460861
|switch|p2a: Amoonguss|Amoonguss, M|100/100|[from] U-turn
|move|p1a: Cacturne|Leech Seed|p2a: Amoonguss
|-immune|p2a: Amoonguss
|
|upkeep
|turn|5
|
|t:|1760460868
|move|p1a: Cacturne|Endeavor|p2a: Amoonguss
|-damage|p2a: Amoonguss|1/100
|move|p2a: Amoonguss|Foul Play|p1a: Cacturne
|-resisted|p1a: Cacturne
|-damage|p1a: Cacturne|0 fnt
|faint|p1a: Cacturne
|
|upkeep
|
|t:|1760460880
|switch|p1a: Gallade|Gallade, M|100/100
|turn|6
|
|t:|1760460888
|switch|p2a: Dondozo|Dondozo, M|100/100
|move|p1a: Gallade|Psycho Cut|p2a: Dondozo
|-damage|p2a: Dondozo|74/100
|
|-heal|p2a: Dondozo|80/100|[from] item: Leftovers
|upkeep
|turn|7
|
|t:|1760460909
|move|p1a: Gallade|Sacred Sword|p2a: Dondozo
|-crit|p2a: Dondozo
|-damage|p2a: Dondozo|30/100
|move|p2a: Dondozo|Curse|p2a: Dondozo
|-unboost|p2a: Dondozo|spe|1
|-boost|p2a: Dondozo|atk|1
|-boost|p2a: Dondozo|def|1
|
|-heal|p2a: Dondozo|37/100|[from] item: Leftovers
|upkeep
|turn|8
|
|t:|1760460914
|move|p1a: Gallade|Sacred Sword|p2a: Dondozo
|-damage|p2a: Dondozo|5/100
|move|p2a: Dondozo|Rest|p2a: Dondozo
|-status|p2a: Dondozo|slp|[from] move: Rest
|-heal|p2a: Dondozo|100/100 slp|[silent]
|
|upkeep
|turn|9
|
|t:|1760460924
|move|p1a: Gallade|Sacred Sword|p2a: Dondozo
|-damage|p2a: Dondozo|66/100 slp
|cant|p2a: Dondozo|slp
|move|p2a: Dondozo|Sleep Talk|p2a: Dondozo
|move|p2a: Dondozo|Curse|p2a: Dondozo|[from] move: Sleep Talk
|-unboost|p2a: Dondozo|spe|1
|-boost|p2a: Dondozo|atk|1
|-boost|p2a: Dondozo|def|1
|
|-heal|p2a: Dondozo|72/100 slp|[from] item: Leftovers
|upkeep
|turn|10
|
|t:|1760460935
|move|p1a: Gallade|Sacred Sword|p2a: Dondozo
|-damage|p2a: Dondozo|38/100 slp
|cant|p2a: Dondozo|slp
|move|p2a: Dondozo|Sleep Talk|p2a: Dondozo
|move|p2a: Dondozo|Curse|p2a: Dondozo|[from] move: Sleep Talk
|-unboost|p2a: Dondozo|spe|1
|-boost|p2a: Dondozo|atk|1
|-boost|p2a: Dondozo|def|1
|
|-heal|p2a: Dondozo|45/100 slp|[from] item: Leftovers
|upkeep
|turn|11
|
|t:|1760460942
|move|p1a: Gallade|Swords Dance|p1a: Gallade
|-boost|p1a: Gallade|atk|2
|-curestatus|p2a: Dondozo|slp|[msg]
|move|p2a: Dondozo|Rest|p2a: Dondozo
|-status|p2a: Dondozo|slp|[from] move: Rest
|-heal|p2a: Dondozo|100/100 slp|[silent]
|
|upkeep
|turn|12
|
|t:|1760460946
|move|p1a: Gallade|Swords Dance|p1a: Gallade
|-boost|p1a: Gallade|atk|2
|cant|p2a: Dondozo|slp
|move|p2a: Dondozo|Sleep Talk|p2a: Dondozo
|move|p2a: Dondozo|Wave Crash|p1a: Gallade|[from] move: Sleep Talk
|-damage|p1a: Gallade|0 fnt
|faint|p1a: Gallade
|-damage|p2a: Dondozo|82/100 slp|[from] Recoil
|
|-heal|p2a: Dondozo|88/100 slp|[from] item: Leftovers
|upkeep
|
|t:|1760460961
|switch|p1a: Swampert|Swampert, M|100/100
|turn|13
|
|t:|1760460964
|move|p1a: Swampert|Bulk Up|p1a: Swampert
|-boost|p1a: Swampert|atk|1
|-boost|p1a: Swampert|def|1
|cant|p2a: Dondozo|slp
|move|p2a: Dondozo|Sleep Talk|p2a: Dondozo
|move|p2a: Dondozo|Rest||[from] move: Sleep Talk|[still]
|-fail|p2a: Dondozo
|
|-heal|p2a: Dondozo|95/100 slp|[from] item: Leftovers
|upkeep
|turn|14
|
|t:|1760460971
|move|p1a: Swampert|Stealth Rock|p2a: Dondozo
|-sidestart|p2: aerii718|move: Stealth Rock
|-curestatus|p2a: Dondozo|slp|[msg]
|move|p2a: Dondozo|Curse|p2a: Dondozo
|-unboost|p2a: Dondozo|spe|1
|-boost|p2a: Dondozo|atk|1
|-boost|p2a: Dondozo|def|1
|
|-heal|p2a: Dondozo|100/100|[from] item: Leftovers
|upkeep
|turn|15
|
|t:|1760460974
|move|p1a: Swampert|Bulk Up|p1a: Swampert
|-boost|p1a: Swampert|atk|1
|-boost|p1a: Swampert|def|1
|move|p2a: Dondozo|Curse|p2a: Dondozo
|-unboost|p2a: Dondozo|spe|1
|-boost|p2a: Dondozo|atk|1
|-boost|p2a: Dondozo|def|1
|
|upkeep
|turn|16
|
|t:|1760460980
|move|p1a: Swampert|Bulk Up|p1a: Swampert
|-boost|p1a: Swampert|atk|1
|-boost|p1a: Swampert|def|1
|move|p2a: Dondozo|Curse|p2a: Dondozo
|-unboost|p2a: Dondozo|spe|1
|-boost|p2a: Dondozo|atk|1
|-boost|p2a: Dondozo|def|1
|
|upkeep
|turn|17
|
|t:|1760460984
|move|p1a: Swampert|Bulk Up|p1a: Swampert
|-boost|p1a: Swampert|atk|1
|-boost|p1a: Swampert|def|1
|move|p2a: Dondozo|Wave Crash|p1a: Swampert
|-crit|p1a: Swampert
|-damage|p1a: Swampert|0 fnt
|faint|p1a: Swampert
|-damage|p2a: Dondozo|74/100|[from] Recoil
|
|-heal|p2a: Dondozo|80/100|[from] item: Leftovers
|upkeep
|
|t:|1760460994
|switch|p1a: Grafaiai|Grafaiai, M, shiny|100/100
|turn|18
|
|t:|1760461001
|move|p1a: Grafaiai|Swords Dance|p1a: Grafaiai
|-boost|p1a: Grafaiai|atk|2
|move|p2a: Dondozo|Wave Crash|p1a: Grafaiai
|-enditem|p1a: Grafaiai|Focus Sash
|-damage|p1a: Grafaiai|1/100
|-damage|p2a: Dondozo|63/100|[from] Recoil
|
|-heal|p2a: Dondozo|69/100|[from] item: Leftovers
|upkeep
|turn|19
|
|t:|1760461007
|move|p1a: Grafaiai|Endeavor|p2a: Dondozo
|-damage|p2a: Dondozo|1/100
|move|p2a: Dondozo|Wave Crash|p1a: Grafaiai
|-damage|p1a: Grafaiai|0 fnt
|faint|p1a: Grafaiai
|-damage|p2a: Dondozo|0 fnt|[from] Recoil
|faint|p2a: Dondozo
|
|upkeep
|
|t:|1760461014
|switch|p1a: Dragapult|Dragapult, M|100/100
|switch|p2a: Gholdengo|Gholdengo|100/100
|-damage|p2a: Gholdengo|94/100|[from] Stealth Rock
|turn|20
|
|t:|1760461029
|-terastallize|p1a: Dragapult|Dragon
|move|p2a: Gholdengo|Shadow Ball|p1a: Dragapult
|-damage|p1a: Dragapult|33/100
|move|p1a: Dragapult|Dragon Dance|p1a: Dragapult
|-boost|p1a: Dragapult|atk|1
|-boost|p1a: Dragapult|spe|1
|
|upkeep
|turn|21
|
|t:|1760461039
|move|p1a: Dragapult|Acrobatics|p2a: Gholdengo
|-resisted|p2a: Gholdengo
|-damage|p2a: Gholdengo|74/100
|-damage|p1a: Dragapult|24/100|[from] item: Life Orb
|move|p2a: Gholdengo|Shadow Ball|p1a: Dragapult
|-damage|p1a: Dragapult|0 fnt
|faint|p1a: Dragapult
|
|win|aerii718
|raw|suijilurenjia's rating: 1096 &rarr; <strong>1076</strong><br />(-20 for losing)
|raw|aerii718's rating: 1155 &rarr; <strong>1176</strong><br />(+21 for winning)
|l|☆suijilurenjia
|player|p1|
|l|☆aerii718
|player|p2|
