|j|☆quantumblaster
|j|‽flinchirator
|t:|1760391751
|gametype|singles
|player|p1|quantumblaster|hilbert-wonderlauncher|1345
|player|p2|flinchirator|miku-ice|1395
|gen|9
|tier|[Gen 9] OU
|rated|
|rule|HP Percentage Mod: HP is shown in percentages
|rule|Endless Battle Clause: Forcing endless battles is banned
|rule|Species Clause: Limit one of each Pokémon
|rule|OHKO Clause: OHKO moves are banned
|rule|Evasion Items Clause: Evasion items are banned
|rule|Evasion Moves Clause: Evasion moves are banned
|rule|Evasion Abilities Clause: Evasion abilities are banned
|rule|Sleep Moves Clause: Sleep-inducing moves are banned
|clearpoke
|poke|p1|Torkoal, F|
|poke|p1|Walking Wake|
|poke|p1|Great Tusk|
|poke|p1|Slither Wing|
|poke|p1|Lilligant-Hisui, F|
|poke|p1|Venusaur, M|
|poke|p2|Necrozma|
|poke|p2|Kingambit, F|
|poke|p2|Samurott-Hisui, F|
|poke|p2|Iron Treads|
|poke|p2|Enamorus, F|
|poke|p2|Pecharunt|
|teampreview
|inactive|Battle timer is ON: inactive players will automatically lose when time's up. (requested by flinchirator)
|
|t:|1760391763
|teamsize|p1|6
|teamsize|p2|6
|start
|switch|p1a: Slither Wing|Slither Wing|100/100
|switch|p2a: Samurott|Samurott-Hisui, F, shiny|100/100
|turn|1
|
|t:|1760391783
|switch|p2a: Pecharunt|Pecharunt|100/100
|-item|p2a: Pecharunt|Air Balloon
|move|p1a: Slither Wing|U-turn|p2a: Pecharunt
|-resisted|p2a: Pecharunt
|-damage|p2a: Pecharunt|94/100
|-enditem|p2a: Pecharunt|Air Balloon
|
|t:|1760391794
|-end|p1a: Slither Wing|Protosynthesis|[silent]
|switch|p1a: Torkoal|Torkoal, F|100/100|[from] U-turn
|-weather|SunnyDay|[from] ability: Drought|[of] p1a: Torkoal
|
|-weather|SunnyDay|[upkeep]
|upkeep
|turn|2
|inactive|flinchirator has 120 seconds left.
|inactive|flinchirator has 90 seconds left.
|
|t:|1760391850
|move|p2a: Pecharunt|Malignant Chain|p1a: Torkoal
|-damage|p1a: Torkoal|70/100
|-status|p1a: Torkoal|tox
|-start|p1a: Torkoal|confusion|[from] ability: Poison Puppeteer|[of] p2a: Pecharunt
|-activate|p1a: Torkoal|confusion
|-damage|p1a: Torkoal|63/100 tox|[from] confusion
|
|-weather|SunnyDay|[upkeep]
|-damage|p1a: Torkoal|57/100 tox|[from] psn
|upkeep
|turn|3
|inactive|flinchirator has 90 seconds left.
|
|t:|1760391865
|switch|p1a: Venusaur|Venusaur, M|100/100
|move|p2a: Pecharunt|Malignant Chain|p1a: Venusaur
|-damage|p1a: Venusaur|59/100
|
|-weather|SunnyDay|[upkeep]
|upkeep
|turn|4
|
|t:|1760391873
|move|p1a: Venusaur|Growth|p1a: Venusaur
|-boost|p1a: Venusaur|atk|2
|-boost|p1a: Venusaur|spa|2
|move|p2a: Pecharunt|Shadow Ball|p1a: Venusaur
|-crit|p1a: Venusaur
|-damage|p1a: Venusaur|15/100
|
|-weather|SunnyDay|[upkeep]
|upkeep
|turn|5
|
|t:|1760391884
|switch|p2a: Samurott|Samurott-Hisui, F, shiny|100/100
|move|p1a: Venusaur|Weather Ball|p2a: Samurott
|-resisted|p2a: Samurott
|-crit|p2a: Samurott
|-damage|p2a: Samurott|0 fnt
|faint|p2a: Samurott
|-damage|p1a: Venusaur|5/100|[from] item: Life Orb
|
|-weather|SunnyDay|[upkeep]
|upkeep
|
|t:|1760391892
|switch|p2a: Kingambit|Kingambit, F, shiny|100/100
|-activate|p2a: Kingambit|ability: Supreme Overlord
|-start|p2a: Kingambit|fallen1|[silent]
|turn|6
|
|t:|1760391906
|move|p2a: Kingambit|Sucker Punch|p1a: Venusaur
|-damage|p1a: Venusaur|0 fnt
|faint|p1a: Venusaur
|
|-weather|SunnyDay|[upkeep]
|upkeep
|
|t:|1760391917
|switch|p1a: Slither Wing|Slither Wing|100/100
|-activate|p1a: Slither Wing|ability: Protosynthesis
|-start|p1a: Slither Wing|protosynthesisatk
|turn|7
|
|t:|1760391926
|-end|p2a: Kingambit|fallen1|[silent]
|switch|p2a: Pecharunt|Pecharunt|94/100
|move|p1a: Slither Wing|First Impression|p2a: Pecharunt
|-resisted|p2a: Pecharunt
|-damage|p2a: Pecharunt|84/100
|
|-weather|SunnyDay|[upkeep]
|upkeep
|turn|8
|
|t:|1760391937
|move|p2a: Pecharunt|Malignant Chain|p1a: Slither Wing
|-damage|p1a: Slither Wing|79/100
|move|p1a: Slither Wing|U-turn|p2a: Pecharunt
|-resisted|p2a: Pecharunt
|-damage|p2a: Pecharunt|75/100
|
|t:|1760391951
|-end|p1a: Slither Wing|Protosynthesis|[silent]
|switch|p1a: Walking Wake|Walking Wake|100/100|[from] U-turn
|-activate|p1a: Walking Wake|ability: Protosynthesis
|-start|p1a: Walking Wake|protosynthesisspe
|
|-weather|none
|-end|p1a: Walking Wake|Protosynthesis
|upkeep
|turn|9
|
|t:|1760391962
|move|p1a: Walking Wake|Hydro Steam|p2a: Pecharunt
|-damage|p2a: Pecharunt|16/100
|move|p2a: Pecharunt|Malignant Chain|p1a: Walking Wake
|-damage|p1a: Walking Wake|64/100
|-status|p1a: Walking Wake|tox
|-start|p1a: Walking Wake|confusion|[from] ability: Poison Puppeteer|[of] p2a: Pecharunt
|
|-damage|p1a: Walking Wake|58/100 tox|[from] psn
|upkeep
|turn|10
|
|t:|1760391969
|-activate|p1a: Walking Wake|confusion
|move|p1a: Walking Wake|Hydro Steam|p2a: Pecharunt
|-damage|p2a: Pecharunt|0 fnt
|faint|p2a: Pecharunt
|
|-damage|p1a: Walking Wake|46/100 tox|[from] psn
|upkeep
|
|t:|1760391980
|switch|p2a: Necrozma|Necrozma, shiny|100/100
|turn|11
|
|t:|1760391985
|-end|p1a: Walking Wake|Protosynthesis|[silent]
|switch|p1a: Torkoal|Torkoal, F|57/100 tox
|-weather|SunnyDay|[from] ability: Drought|[of] p1a: Torkoal
|move|p2a: Necrozma|Photon Geyser|p1a: Torkoal
|-damage|p1a: Torkoal|9/100 tox
|
|-weather|SunnyDay|[upkeep]
|-damage|p1a: Torkoal|3/100 tox|[from] psn
|upkeep
|turn|12
|
|t:|1760391996
|move|p2a: Necrozma|Photon Geyser|p1a: Torkoal
|-damage|p1a: Torkoal|0 fnt
|faint|p1a: Torkoal
|
|-weather|SunnyDay|[upkeep]
|upkeep
|
|t:|1760392006
|switch|p1a: Slither Wing|Slither Wing|79/100
|-activate|p1a: Slither Wing|ability: Protosynthesis
|-start|p1a: Slither Wing|protosynthesisatk
|turn|13
|
|t:|1760392010
|-terastallize|p2a: Necrozma|Fairy
|move|p1a: Slither Wing|First Impression|p2a: Necrozma
|-resisted|p2a: Necrozma
|-damage|p2a: Necrozma|70/100
|move|p2a: Necrozma|Trick Room|p2a: Necrozma
|-fieldstart|move: Trick Room|[of] p2a: Necrozma
|
|-weather|SunnyDay|[upkeep]
|upkeep
|turn|14
|inactive|quantumblaster has 120 seconds left.
|
|t:|1760392043
|move|p2a: Necrozma|Photon Geyser|p1a: Slither Wing
|-supereffective|p1a: Slither Wing
|-damage|p1a: Slither Wing|0 fnt
|faint|p1a: Slither Wing
|-end|p1a: Slither Wing|Protosynthesis|[silent]
|
|-weather|SunnyDay|[upkeep]
|upkeep
|inactive|quantumblaster has 120 seconds left.
|
|t:|1760392062
|switch|p1a: Lilligant|Lilligant-Hisui, F|100/100
|turn|15
|
|t:|1760392069
|-terastallize|p1a: Lilligant|Fire
|move|p2a: Necrozma|Photon Geyser|p1a: Lilligant
|-damage|p1a: Lilligant|11/100
|move|p1a: Lilligant|Solar Blade||[still]
|-prepare|p1a: Lilligant|Solar Blade
|-anim|p1a: Lilligant|Solar Blade|p2a: Necrozma
|-damage|p2a: Necrozma|1/100
|-damage|p1a: Lilligant|1/100|[from] item: Life Orb
|
|-weather|SunnyDay|[upkeep]
|upkeep
|turn|16
|inactive|quantumblaster has 120 seconds left.
|
|t:|1760392081
|move|p2a: Necrozma|Tera Blast|p1a: Lilligant|[anim] Tera Blast Fairy
|-resisted|p1a: Lilligant
|-damage|p1a: Lilligant|0 fnt
|faint|p1a: Lilligant
|
|-weather|SunnyDay|[upkeep]
|upkeep
|
|t:|1760392086
|switch|p1a: Great Tusk|Great Tusk|100/100
|-activate|p1a: Great Tusk|ability: Protosynthesis
|-start|p1a: Great Tusk|protosynthesisspe
|turn|17
|
|t:|1760392099
|move|p2a: Necrozma|Photon Geyser|p1a: Great Tusk
|-supereffective|p1a: Great Tusk
|-damage|p1a: Great Tusk|1/100
|move|p1a: Great Tusk|Rapid Spin|p2a: Necrozma
|-damage|p2a: Necrozma|0 fnt
|-boost|p1a: Great Tusk|spe|1
|faint|p2a: Necrozma
|
|-weather|SunnyDay|[upkeep]
|-fieldend|move: Trick Room
|upkeep
|
|t:|1760392115
|switch|p2a: Iron Treads|Iron Treads|100/100
|turn|18
|
|t:|1760392118
|move|p1a: Great Tusk|Headlong Rush|p2a: Iron Treads
|-supereffective|p2a: Iron Treads
|-damage|p2a: Iron Treads|3/100
|-unboost|p1a: Great Tusk|def|1
|-unboost|p1a: Great Tusk|spd|1
|move|p2a: Iron Treads|Rapid Spin|p1a: Great Tusk
|-damage|p1a: Great Tusk|0 fnt
|-boost|p2a: Iron Treads|spe|1
|faint|p1a: Great Tusk
|-end|p1a: Great Tusk|Protosynthesis|[silent]
|
|-weather|none
|upkeep
|
|t:|1760392122
|switch|p1a: Walking Wake|Walking Wake|46/100 tox
|turn|19
|
|t:|1760392125
|move|p2a: Iron Treads|Earthquake|p1a: Walking Wake
|-damage|p1a: Walking Wake|0 fnt
|faint|p1a: Walking Wake
|-end|p1a: Walking Wake|Protosynthesis|[silent]
|
|win|flinchirator
|raw|quantumblaster's rating: 1345 &rarr; <strong>1328</strong><br />(-17 for losing)
|raw|flinchirator's rating: 1395 &rarr; <strong>1412</strong><br />(+17 for winning)
