|j|☆Passerby bye
|j|☆abribus
|t:|1760353237
|gametype|singles
|player|p1|Passerby bye|scientist-gen4|1384
|player|p2|abribus|volkner|1437
|gen|9
|tier|[Gen 9] OU
|rated|
|rule|HP Percentage Mod: HP is shown in percentages
|rule|Endless Battle Clause: Forcing endless battles is banned
|rule|Species Clause: Limit one of each Pokémon
|rule|OHKO Clause: OHKO moves are banned
|rule|Evasion Items Clause: Evasion items are banned
|rule|Evasion Moves Clause: Evasion moves are banned
|rule|Evasion Abilities Clause: Evasion abilities are banned
|rule|Sleep Moves Clause: Sleep-inducing moves are banned
|clearpoke
|poke|p1|Vileplume, M|
|poke|p1|Houndoom, M|
|poke|p1|Gliscor, M|
|poke|p1|Magnezone|
|poke|p1|Azumarill, M|
|poke|p1|Mismagius, M|
|poke|p2|Iron Crown|
|poke|p2|Samurott-Hisui, M|
|poke|p2|Zapdos|
|poke|p2|Dragapult, M|
|poke|p2|Great Tusk|
|poke|p2|Iron Boulder|
|teampreview
|inactive|Battle timer is ON: inactive players will automatically lose when time's up. (requested by abribus)
|
|t:|1760353247
|teamsize|p1|6
|teamsize|p2|6
|start
|switch|p1a: Vileplume|Vileplume, M|100/100
|switch|p2a: Almeida|Great Tusk|100/100
|turn|1
|
|t:|1760353255
|move|p2a: Almeida|Stealth Rock|p1a: Vileplume
|-sidestart|p1: Passerby bye|move: Stealth Rock
|move|p1a: Vileplume|Strength Sap|p2a: Almeida
|-unboost|p2a: Almeida|atk|1
|
|upkeep
|turn|2
|
|t:|1760353276
|-end|p2a: Almeida|Protosynthesis|[silent]
|switch|p2a: Hattori|Iron Crown|100/100
|move|p1a: Vileplume|Leech Seed|p2a: Hattori
|-start|p2a: Hattori|move: Leech Seed
|
|-damage|p2a: Hattori|88/100|[from] Leech Seed|[of] p1a: Vileplume
|upkeep
|turn|3
|
|t:|1760353282
|switch|p1a: Houndoom|Houndoom, M|100/100
|move|p2a: Hattori|Tachyon Cutter|p1a: Houndoom
|-resisted|p1a: Houndoom
|-damage|p1a: Houndoom|74/100
|-resisted|p1a: Houndoom
|-damage|p1a: Houndoom|46/100
|-hitcount|p1a: Houndoom|2
|
|-damage|p2a: Hattori|76/100|[from] Leech Seed|[of] p1a: Houndoom
|-heal|p1a: Houndoom|60/100|[silent]
|upkeep
|turn|4
|
|t:|1760353289
|-end|p2a: Hattori|Quark Drive|[silent]
|switch|p2a: Droll|Samurott-Hisui, M|100/100
|move|p1a: Houndoom|Fire Blast|p2a: Droll
|-resisted|p2a: Droll
|-damage|p2a: Droll|61/100
|
|upkeep
|turn|5
|
|t:|1760353293
|switch|p1a: Vileplume|Vileplume, M|100/100
|-damage|p1a: Vileplume|88/100|[from] Stealth Rock
|move|p2a: Droll|Ceaseless Edge|p1a: Vileplume
|-damage|p1a: Vileplume|52/100
|-damage|p2a: Droll|45/100|[from] item: Rocky Helmet|[of] p1a: Vileplume
|-sidestart|p1: Passerby bye|Spikes
|
|upkeep
|turn|6
|
|t:|1760353301
|switch|p2a: Cronus|Zapdos|100/100
|move|p1a: Vileplume|Strength Sap|p2a: Cronus
|-unboost|p2a: Cronus|atk|1
|-heal|p1a: Vileplume|100/100
|
|upkeep
|turn|7
|
|t:|1760353306
|switch|p1a: Magnezone|Magnezone|100/100
|-damage|p1a: Magnezone|94/100|[from] Stealth Rock
|-damage|p1a: Magnezone|82/100|[from] Spikes
|move|p2a: Cronus|Hurricane|p1a: Magnezone|[miss]
|-miss|p2a: Cronus|p1a: Magnezone
|
|upkeep
|turn|8
|
|t:|1760353313
|move|p2a: Cronus|U-turn|p1a: Magnezone
|-resisted|p1a: Magnezone
|-damage|p1a: Magnezone|78/100
|
|t:|1760353326
|switch|p2a: Almeida|Great Tusk|100/100|[from] U-turn
|move|p1a: Magnezone|Flash Cannon|p2a: Almeida
|-enditem|p2a: Almeida|Focus Sash
|-damage|p2a: Almeida|1/100
|
|upkeep
|turn|9
|
|t:|1760353339
|switch|p1a: Mismagius|Mismagius, M|100/100
|-damage|p1a: Mismagius|88/100|[from] Stealth Rock
|move|p2a: Almeida|Headlong Rush|p1a: Mismagius
|-immune|p1a: Mismagius|[from] ability: Levitate
|
|upkeep
|turn|10
|
|t:|1760353346
|move|p1a: Mismagius|Substitute|p1a: Mismagius
|-start|p1a: Mismagius|Substitute
|-damage|p1a: Mismagius|63/100
|move|p2a: Almeida|Ice Spinner|p1a: Mismagius
|-end|p1a: Mismagius|Substitute
|
|upkeep
|turn|11
|
|t:|1760353352
|move|p1a: Mismagius|Shadow Ball|p2a: Almeida
|-damage|p2a: Almeida|0 fnt
|faint|p2a: Almeida
|-end|p2a: Almeida|Protosynthesis|[silent]
|-damage|p1a: Mismagius|53/100|[from] item: Life Orb
|
|upkeep
|
|t:|1760353356
|switch|p2a: Droll|Samurott-Hisui, M|45/100
|turn|12
|
|t:|1760353359
|move|p2a: Droll|Ceaseless Edge|p1a: Mismagius
|-supereffective|p1a: Mismagius
|-damage|p1a: Mismagius|0 fnt
|-sidestart|p1: Passerby bye|Spikes
|faint|p1a: Mismagius
|
|upkeep
|
|t:|1760353368
|switch|p1a: Azumarill|Azumarill, M|100/100
|-damage|p1a: Azumarill|88/100|[from] Stealth Rock
|-damage|p1a: Azumarill|72/100|[from] Spikes
|turn|13
|
|t:|1760353370
|switch|p2a: Cronus|Zapdos|100/100
|move|p1a: Azumarill|Play Rough|p2a: Cronus
|-damage|p2a: Cronus|56/100
|
|upkeep
|turn|14
|
|t:|1760353378
|switch|p1a: Magnezone|Magnezone|78/100
|-damage|p1a: Magnezone|71/100|[from] Stealth Rock
|-damage|p1a: Magnezone|55/100|[from] Spikes
|move|p2a: Cronus|Roost|p2a: Cronus
|-heal|p2a: Cronus|100/100
|-singleturn|p2a: Cronus|move: Roost
|
|upkeep
|turn|15
|
|t:|1760353385
|move|p2a: Cronus|U-turn|p1a: Magnezone
|-resisted|p1a: Magnezone
|-damage|p1a: Magnezone|49/100
|
|t:|1760353390
|switch|p2a: Droll|Samurott-Hisui, M|45/100|[from] U-turn
|move|p1a: Magnezone|Thunderbolt|p2a: Droll
|-supereffective|p2a: Droll
|-damage|p2a: Droll|0 fnt
|faint|p2a: Droll
|
|upkeep
|
|t:|1760353402
|switch|p2a: Robingo|Dragapult, M|100/100
|turn|16
|
|t:|1760353408
|switch|p1a: Houndoom|Houndoom, M|60/100
|-terastallize|p2a: Robingo|Ghost
|move|p2a: Robingo|Tera Blast|p1a: Houndoom|[anim] Tera Blast Ghost
|-resisted|p1a: Houndoom
|-damage|p1a: Houndoom|0 fnt
|faint|p1a: Houndoom
|
|upkeep
|
|t:|1760353419
|switch|p1a: Azumarill|Azumarill, M|72/100
|-damage|p1a: Azumarill|59/100|[from] Stealth Rock
|-damage|p1a: Azumarill|43/100|[from] Spikes
|turn|17
|
|t:|1760353422
|move|p2a: Robingo|Tera Blast|p1a: Azumarill|[anim] Tera Blast Ghost
|-damage|p1a: Azumarill|0 fnt
|faint|p1a: Azumarill
|
|upkeep
|
|t:|1760353435
|switch|p1a: Gliscor|Gliscor, M|100/100
|-damage|p1a: Gliscor|88/100|[from] Stealth Rock
|turn|18
|
|t:|1760353441
|switch|p2a: Hattori|Iron Crown|76/100
|move|p1a: Gliscor|Protect||[still]
|-fail|p1a: Gliscor
|
|-status|p1a: Gliscor|tox|[from] item: Toxic Orb
|upkeep
|turn|19
|
|t:|1760353448
|move|p2a: Hattori|Tachyon Cutter|p1a: Gliscor
|-damage|p1a: Gliscor|57/100 tox
|-damage|p1a: Gliscor|23/100 tox
|-hitcount|p1a: Gliscor|2
|move|p1a: Gliscor|Earthquake|p2a: Hattori
|-supereffective|p2a: Hattori
|-damage|p2a: Hattori|8/100
|
|-heal|p1a: Gliscor|35/100 tox|[from] ability: Poison Heal
|upkeep
|turn|20
|
|t:|1760353455
|move|p1a: Gliscor|Protect|p1a: Gliscor
|-singleturn|p1a: Gliscor|Protect
|move|p2a: Hattori|Tachyon Cutter|p1a: Gliscor
|-activate|p1a: Gliscor|move: Protect
|
|-heal|p1a: Gliscor|48/100 tox|[from] ability: Poison Heal
|upkeep
|turn|21
|
|t:|1760353461
|switch|p1a: Magnezone|Magnezone|49/100
|-damage|p1a: Magnezone|43/100|[from] Stealth Rock
|-damage|p1a: Magnezone|26/100|[from] Spikes
|move|p2a: Hattori|Tachyon Cutter|p1a: Magnezone
|-resisted|p1a: Magnezone
|-damage|p1a: Magnezone|16/100
|-resisted|p1a: Magnezone
|-damage|p1a: Magnezone|6/100
|-hitcount|p1a: Magnezone|2
|
|upkeep
|turn|22
|
|t:|1760353469
|move|p2a: Hattori|Tachyon Cutter|p1a: Magnezone
|-resisted|p1a: Magnezone
|-damage|p1a: Magnezone|0 fnt
|faint|p1a: Magnezone
|-hitcount|p1: Magnezone|1
|
|upkeep
|
|t:|1760353473
|switch|p1a: Gliscor|Gliscor, M|48/100 tox
|-damage|p1a: Gliscor|35/100 tox|[from] Stealth Rock
|turn|23
|
|t:|1760353476
|move|p1a: Gliscor|Protect|p1a: Gliscor
|-singleturn|p1a: Gliscor|Protect
|move|p2a: Hattori|Tachyon Cutter|p1a: Gliscor
|-activate|p1a: Gliscor|move: Protect
|
|-heal|p1a: Gliscor|48/100 tox|[from] ability: Poison Heal
|upkeep
|turn|24
|
|t:|1760353482
|-terastallize|p1a: Gliscor|Water
|move|p2a: Hattori|Tachyon Cutter|p1a: Gliscor
|-resisted|p1a: Gliscor
|-damage|p1a: Gliscor|32/100 tox
|-resisted|p1a: Gliscor
|-damage|p1a: Gliscor|16/100 tox
|-hitcount|p1a: Gliscor|2
|move|p1a: Gliscor|Earthquake|p2a: Hattori
|-supereffective|p2a: Hattori
|-damage|p2a: Hattori|0 fnt
|faint|p2a: Hattori
|-end|p2a: Hattori|Quark Drive|[silent]
|
|-heal|p1a: Gliscor|29/100 tox|[from] ability: Poison Heal
|upkeep
|
|t:|1760353486
|switch|p2a: Cronus|Zapdos|100/100
|turn|25
|
|t:|1760353489
|move|p1a: Gliscor|Protect|p1a: Gliscor
|-singleturn|p1a: Gliscor|Protect
|move|p2a: Cronus|Hurricane|p1a: Gliscor
|-activate|p1a: Gliscor|move: Protect
|
|-heal|p1a: Gliscor|41/100 tox|[from] ability: Poison Heal
|upkeep
|turn|26
|
|t:|1760353492
|move|p2a: Cronus|Discharge|p1a: Gliscor
|-supereffective|p1a: Gliscor
|-damage|p1a: Gliscor|0 fnt
|faint|p1a: Gliscor
|
|upkeep
|
|t:|1760353495
|switch|p1a: Vileplume|Vileplume, M|100/100
|-damage|p1a: Vileplume|88/100|[from] Stealth Rock
|-damage|p1a: Vileplume|71/100|[from] Spikes
|turn|27
|
|t:|1760353499
|move|p2a: Cronus|Hurricane|p1a: Vileplume|[miss]
|-miss|p2a: Cronus|p1a: Vileplume
|move|p1a: Vileplume|Leech Seed|p2a: Cronus
|-start|p2a: Cronus|move: Leech Seed
|
|-damage|p2a: Cronus|88/100|[from] Leech Seed|[of] p1a: Vileplume
|-heal|p1a: Vileplume|85/100|[silent]
|upkeep
|turn|28
|
|t:|1760353502
|move|p2a: Cronus|Hurricane|p1a: Vileplume
|-supereffective|p1a: Vileplume
|-damage|p1a: Vileplume|0 fnt
|faint|p1a: Vileplume
|
|win|abribus
|raw|Passerby bye's rating: 1384 &rarr; <strong>1367</strong><br />(-17 for losing)
|raw|abribus's rating: 1437 &rarr; <strong>1454</strong><br />(+17 for winning)
|l|☆abribus
|player|p2|
|l|☆Passerby bye
|player|p1|
