|j|☆Chillrends
|j|☆xa2n
|t:|1760408898
|gametype|singles
|player|p1|Chillrends|wallace|1443
|player|p2|xa2n|will|1495
|gen|9
|tier|[Gen 9] OU
|rated|
|rule|HP Percentage Mod: HP is shown in percentages
|rule|Endless Battle Clause: Forcing endless battles is banned
|rule|Species Clause: Limit one of each Pokémon
|rule|OHKO Clause: OHKO moves are banned
|rule|Evasion Items Clause: Evasion items are banned
|rule|Evasion Moves Clause: Evasion moves are banned
|rule|Evasion Abilities Clause: Evasion abilities are banned
|rule|Sleep Moves Clause: Sleep-inducing moves are banned
|clearpoke
|poke|p1|Landorus-Therian, M|
|poke|p1|Samurott-Hisui, M|
|poke|p1|Pecharunt|
|poke|p1|Scizor, F|
|poke|p1|Latios, M|
|poke|p1|Zamazenta-*|
|poke|p2|Gholdengo|
|poke|p2|Zamazenta-*|
|poke|p2|Ting-Lu|
|poke|p2|Clefable, F|
|poke|p2|Dragonite, M|
|poke|p2|Deoxys-Speed|
|teampreview
|inactive|Battle timer is ON: inactive players will automatically lose when time's up. (requested by Chillrends)
|
|t:|1760408906
|teamsize|p1|6
|teamsize|p2|6
|start
|switch|p1a: Samurott|Samurott-Hisui, M|100/100
|switch|p2a: Ting-Lu|Ting-Lu|100/100
|-ability|p2a: Ting-Lu|Vessel of Ruin
|turn|1
|
|t:|1760408916
|switch|p1a: Zamazenta|Zamazenta|100/100
|-ability|p1a: Zamazenta|Dauntless Shield|boost
|-boost|p1a: Zamazenta|def|1
|move|p2a: Ting-Lu|Spikes|p1a: Zamazenta
|-sidestart|p1: Chillrends|Spikes
|
|upkeep
|turn|2
|
|t:|1760408923
|move|p1a: Zamazenta|Body Press|p2a: Ting-Lu
|-supereffective|p2a: Ting-Lu
|-damage|p2a: Ting-Lu|41/100
|move|p2a: Ting-Lu|Whirlwind|p1a: Zamazenta
|drag|p1a: Latios|Latios, M|100/100
|
|-heal|p2a: Ting-Lu|47/100|[from] item: Leftovers
|upkeep
|turn|3
|
|t:|1760408930
|move|p1a: Latios|Draco Meteor|p2a: Ting-Lu
|-damage|p2a: Ting-Lu|14/100
|-unboost|p1a: Latios|spa|2
|move|p2a: Ting-Lu|Spikes|p1a: Latios
|-sidestart|p1: Chillrends|Spikes
|
|-heal|p2a: Ting-Lu|21/100|[from] item: Leftovers
|upkeep
|turn|4
|
|t:|1760408935
|move|p1a: Latios|Calm Mind|p1a: Latios
|-boost|p1a: Latios|spa|1
|-boost|p1a: Latios|spd|1
|move|p2a: Ting-Lu|Spikes|p1a: Latios
|-sidestart|p1: Chillrends|Spikes
|
|-heal|p2a: Ting-Lu|27/100|[from] item: Leftovers
|upkeep
|turn|5
|
|t:|1760408937
|move|p1a: Latios|Calm Mind|p1a: Latios
|-boost|p1a: Latios|spa|1
|-boost|p1a: Latios|spd|1
|move|p2a: Ting-Lu|Whirlwind|p1a: Latios
|drag|p1a: Scizor|Scizor, F|100/100
|
|-heal|p2a: Ting-Lu|33/100|[from] item: Leftovers
|upkeep
|turn|6
|
|t:|1760408950
|switch|p1a: Landorus|Landorus-Therian, M|100/100
|-ability|p1a: Landorus|Intimidate|boost
|-unboost|p2a: Ting-Lu|atk|1
|switch|p2a: Zamazenta|Zamazenta|100/100
|-ability|p2a: Zamazenta|Dauntless Shield|boost
|-boost|p2a: Zamazenta|def|1
|
|upkeep
|turn|7
|
|t:|1760408953
|switch|p1a: Pecharunt|Pecharunt|100/100
|move|p2a: Zamazenta|Ice Fang|p1a: Pecharunt
|-damage|p1a: Pecharunt|87/100
|
|upkeep
|turn|8
|
|t:|1760408959
|switch|p2a: Ting-Lu|Ting-Lu|33/100
|-ability|p2a: Ting-Lu|Vessel of Ruin
|move|p1a: Pecharunt|Parting Shot|p2a: Ting-Lu
|-unboost|p2a: Ting-Lu|atk|1
|-unboost|p2a: Ting-Lu|spa|1
|
|t:|1760408965
|switch|p1a: Landorus|Landorus-Therian, M|100/100|[from] Parting Shot
|-ability|p1a: Landorus|Intimidate|boost
|-unboost|p2a: Ting-Lu|atk|1
|
|-heal|p2a: Ting-Lu|39/100|[from] item: Leftovers
|upkeep
|turn|9
|
|t:|1760408968
|move|p1a: Landorus|Stealth Rock|p2a: Ting-Lu
|-sidestart|p2: xa2n|move: Stealth Rock
|move|p2a: Ting-Lu|Ruination|p1a: Landorus
|-damage|p1a: Landorus|51/100
|
|-heal|p2a: Ting-Lu|45/100|[from] item: Leftovers
|upkeep
|turn|10
|
|t:|1760408971
|move|p1a: Landorus|Earthquake|p2a: Ting-Lu
|-damage|p2a: Ting-Lu|20/100
|move|p2a: Ting-Lu|Whirlwind|p1a: Landorus
|drag|p1a: Zamazenta|Zamazenta|100/100
|-damage|p1a: Zamazenta|75/100|[from] Spikes
|
|-heal|p1a: Zamazenta|82/100|[from] item: Leftovers
|-heal|p2a: Ting-Lu|26/100|[from] item: Leftovers
|upkeep
|turn|11
|
|t:|1760408981
|move|p1a: Zamazenta|Body Press|p2a: Ting-Lu
|-supereffective|p2a: Ting-Lu
|-damage|p2a: Ting-Lu|0 fnt
|faint|p2a: Ting-Lu
|
|-heal|p1a: Zamazenta|88/100|[from] item: Leftovers
|upkeep
|
|t:|1760408983
|switch|p2a: Clefable|Clefable, F|100/100
|turn|12
|
|t:|1760408987
|switch|p1a: Pecharunt|Pecharunt|87/100
|move|p2a: Clefable|Stealth Rock|p1a: Pecharunt
|-sidestart|p1: Chillrends|move: Stealth Rock
|
|upkeep
|turn|13
|
|t:|1760408990
|move|p1a: Pecharunt|Parting Shot|p2a: Clefable
|-unboost|p2a: Clefable|atk|1
|-unboost|p2a: Clefable|spa|1
|
|t:|1760408992
|switch|p1a: Scizor|Scizor, F|100/100|[from] Parting Shot
|move|p2a: Clefable|Knock Off|p1a: Scizor
|-damage|p1a: Scizor|88/100
|-enditem|p1a: Scizor|Heavy-Duty Boots|[from] move: Knock Off|[of] p2a: Clefable
|
|upkeep
|turn|14
|
|t:|1760409002
|switch|p2a: Zamazenta|Zamazenta|100/100
|move|p1a: Scizor|Knock Off|p2a: Zamazenta
|-resisted|p2a: Zamazenta
|-damage|p2a: Zamazenta|85/100
|-enditem|p2a: Zamazenta|Heavy-Duty Boots|[from] move: Knock Off|[of] p1a: Scizor
|
|upkeep
|turn|15
|
|t:|1760409008
|switch|p1a: Landorus|Landorus-Therian, M|51/100
|-damage|p1a: Landorus|38/100|[from] Stealth Rock
|-ability|p1a: Landorus|Intimidate|boost
|-unboost|p2a: Zamazenta|atk|1
|move|p2a: Zamazenta|Crunch|p1a: Landorus
|-damage|p1a: Landorus|22/100
|-damage|p2a: Zamazenta|69/100|[from] item: Rocky Helmet|[of] p1a: Landorus
|
|upkeep
|turn|16
|
|t:|1760409011
|switch|p1a: Pecharunt|Pecharunt|87/100
|move|p2a: Zamazenta|Ice Fang|p1a: Pecharunt
|-damage|p1a: Pecharunt|78/100
|
|upkeep
|turn|17
|
|t:|1760409016
|switch|p2a: Gholdengo|Gholdengo|100/100
|move|p1a: Pecharunt|Shadow Ball|p2a: Gholdengo
|-supereffective|p2a: Gholdengo
|-damage|p2a: Gholdengo|56/100
|
|upkeep
|turn|18
|
|t:|1760409020
|move|p1a: Pecharunt|Shadow Ball|p2a: Gholdengo
|-supereffective|p2a: Gholdengo
|-damage|p2a: Gholdengo|14/100
|move|p2a: Gholdengo|Nasty Plot|p2a: Gholdengo
|-boost|p2a: Gholdengo|spa|2
|
|upkeep
|turn|19
|
|t:|1760409025
|move|p1a: Pecharunt|Shadow Ball|p2a: Gholdengo
|-supereffective|p2a: Gholdengo
|-damage|p2a: Gholdengo|0 fnt
|faint|p2a: Gholdengo
|
|upkeep
|
|t:|1760409031
|switch|p2a: Deoxys|Deoxys-Speed|100/100
|-ability|p2a: Deoxys|Pressure
|turn|20
|
|t:|1760409035
|switch|p1a: Landorus|Landorus-Therian, M|22/100
|-damage|p1a: Landorus|10/100|[from] Stealth Rock
|-ability|p1a: Landorus|Intimidate|boost
|-unboost|p2a: Deoxys|atk|1
|move|p2a: Deoxys|Nasty Plot|p2a: Deoxys
|-boost|p2a: Deoxys|spa|2
|
|upkeep
|turn|21
|
|t:|1760409039
|move|p2a: Deoxys|Ice Beam|p1a: Landorus
|-supereffective|p1a: Landorus
|-damage|p1a: Landorus|0 fnt
|faint|p1a: Landorus
|
|upkeep
|
|t:|1760409049
|switch|p1a: Latios|Latios, M|100/100
|-damage|p1a: Latios|88/100|[from] Stealth Rock
|turn|22
|
|t:|1760409056
|-terastallize|p1a: Latios|Steel
|move|p2a: Deoxys|Ice Beam|p1a: Latios
|-resisted|p1a: Latios
|-damage|p1a: Latios|62/100
|-status|p1a: Latios|frz
|cant|p1a: Latios|frz
|
|upkeep
|turn|23
|
|t:|1760409062
|move|p2a: Deoxys|Thunderbolt|p1a: Latios
|-damage|p1a: Latios|4/100 frz
|cant|p1a: Latios|frz
|
|upkeep
|turn|24
|
|t:|1760409065
|move|p2a: Deoxys|Thunderbolt|p1a: Latios
|-damage|p1a: Latios|0 fnt
|faint|p1a: Latios
|
|upkeep
|
|t:|1760409066
|switch|p1a: Samurott|Samurott-Hisui, M|100/100
|-damage|p1a: Samurott|76/100|[from] Spikes
|-damage|p1a: Samurott|63/100|[from] Stealth Rock
|turn|25
|
|t:|1760409072
|-terastallize|p2a: Deoxys|Electric
|move|p1a: Samurott|Aqua Jet|p2a: Deoxys
|-damage|p2a: Deoxys|73/100
|move|p2a: Deoxys|Nasty Plot|p2a: Deoxys
|-boost|p2a: Deoxys|spa|2
|
|upkeep
|turn|26
|
|t:|1760409076
|move|p2a: Deoxys|Thunderbolt|p1a: Samurott
|-supereffective|p1a: Samurott
|-damage|p1a: Samurott|0 fnt
|faint|p1a: Samurott
|
|upkeep
|-message|Chillrends forfeited.
|
|win|xa2n
|raw|Chillrends's rating: 1443 &rarr; <strong>1426</strong><br />(-17 for losing)
|raw|xa2n's rating: 1495 &rarr; <strong>1512</strong><br />(+17 for winning)
|l|☆Chillrends
|player|p1|
|l|☆xa2n
|player|p2|
|j|☆xa2n
|player|p2|xa2n|will|
