|j|☆xrr rewriting
|j|☆WeRrsome
|t:|1760437061
|gametype|singles
|player|p1|xrr rewriting|2|1435
|player|p2|WeRrsome|1|1541
|gen|9
|tier|[Gen 9] OU
|rated|
|rule|HP Percentage Mod: HP is shown in percentages
|rule|Endless Battle Clause: Forcing endless battles is banned
|rule|Species Clause: Limit one of each Pokémon
|rule|OHKO Clause: OHKO moves are banned
|rule|Evasion Items Clause: Evasion items are banned
|rule|Evasion Moves Clause: Evasion moves are banned
|rule|Evasion Abilities Clause: Evasion abilities are banned
|rule|Sleep Moves Clause: Sleep-inducing moves are banned
|clearpoke
|poke|p1|Dragonite, F|
|poke|p1|Hatterene, F|
|poke|p1|Great Tusk|
|poke|p1|Ceruledge, F|
|poke|p1|Ting-Lu|
|poke|p1|Kyurem|
|poke|p2|Araquanid, M|
|poke|p2|Dragonite, M|
|poke|p2|Magnezone|
|poke|p2|Landorus-Therian, M|
|poke|p2|Iron Treads|
|poke|p2|Gengar, M|
|teampreview
|inactive|Battle timer is ON: inactive players will automatically lose when time's up. (requested by WeRrsome)
|
|t:|1760437066
|teamsize|p1|6
|teamsize|p2|6
|start
|switch|p1a: Kyurem|Kyurem|100/100
|switch|p2a: Landorus|Landorus-Therian, M|100/100
|-ability|p2a: Landorus|Intimidate|boost
|-unboost|p1a: Kyurem|atk|1
|-ability|p1a: Kyurem|Pressure
|turn|1
|
|t:|1760437072
|switch|p2a: Iron Treads|Iron Treads|100/100
|move|p1a: Kyurem|Dragon Dance|p1a: Kyurem
|-boost|p1a: Kyurem|atk|1
|-boost|p1a: Kyurem|spe|1
|
|upkeep
|turn|2
|
|t:|1760437079
|-terastallize|p1a: Kyurem|Fire
|move|p1a: Kyurem|Dragon Dance|p1a: Kyurem
|-boost|p1a: Kyurem|atk|1
|-boost|p1a: Kyurem|spe|1
|move|p2a: Iron Treads|Iron Head|p1a: Kyurem
|-resisted|p1a: Kyurem
|-damage|p1a: Kyurem|87/100
|
|upkeep
|turn|3
|
|t:|1760437089
|move|p1a: Kyurem|Tera Blast|p2a: Iron Treads|[anim] Tera Blast Fire
|-supereffective|p2a: Iron Treads
|-damage|p2a: Iron Treads|0 fnt
|faint|p2a: Iron Treads
|-end|p2a: Iron Treads|Quark Drive|[silent]
|
|upkeep
|
|t:|1760437111
|switch|p2a: Araquanid|Araquanid, M|100/100
|turn|4
|
|t:|1760437115
|move|p1a: Kyurem|Scale Shot|p2a: Araquanid
|-damage|p2a: Araquanid|80/100
|-damage|p2a: Araquanid|59/100
|-crit|p2a: Araquanid
|-damage|p2a: Araquanid|26/100
|-damage|p2a: Araquanid|2/100
|-crit|p2a: Araquanid
|-damage|p2a: Araquanid|0 fnt
|faint|p2a: Araquanid
|-hitcount|p2: Araquanid|5
|-unboost|p1a: Kyurem|def|1
|-boost|p1a: Kyurem|spe|1
|
|upkeep
|inactive|WeRrsome has 120 seconds left.
|
|t:|1760437137
|switch|p2a: Magnezone|Magnezone|100/100
|turn|5
|
|t:|1760437141
|-terastallize|p2a: Magnezone|Flying
|move|p1a: Kyurem|Tera Blast|p2a: Magnezone|[anim] Tera Blast Fire
|-damage|p2a: Magnezone|42/100
|move|p2a: Magnezone|Thunderbolt|p1a: Kyurem
|-damage|p1a: Kyurem|0 fnt
|faint|p1a: Kyurem
|
|upkeep
|
|t:|1760437152
|switch|p1a: Great Tusk|Great Tusk|100/100
|turn|6
|
|t:|1760437156
|switch|p2a: Dragonite|Dragonite, M|100/100
|move|p1a: Great Tusk|Ice Spinner|p2a: Dragonite
|-supereffective|p2a: Dragonite
|-damage|p2a: Dragonite|63/100
|-damage|p1a: Great Tusk|84/100|[from] item: Rocky Helmet|[of] p2a: Dragonite
|
|upkeep
|turn|7
|
|t:|1760437163
|move|p1a: Great Tusk|Ice Spinner|p2a: Dragonite
|-supereffective|p2a: Dragonite
|-damage|p2a: Dragonite|0 fnt
|-damage|p1a: Great Tusk|68/100|[from] item: Rocky Helmet|[of] p2a: Dragonite
|faint|p2a: Dragonite
|
|upkeep
|
|t:|1760437165
|switch|p2a: Gengar|Gengar, M|100/100
|turn|8
|
|t:|1760437169
|-end|p1a: Great Tusk|Protosynthesis|[silent]
|switch|p1a: Ting-Lu|Ting-Lu|100/100
|-ability|p1a: Ting-Lu|Vessel of Ruin
|move|p2a: Gengar|Toxic|p1a: Ting-Lu
|-status|p1a: Ting-Lu|tox
|
|-damage|p1a: Ting-Lu|94/100 tox|[from] psn
|upkeep
|turn|9
|
|t:|1760437176
|switch|p2a: Landorus|Landorus-Therian, M|100/100
|-ability|p2a: Landorus|Intimidate|boost
|-unboost|p1a: Ting-Lu|atk|1
|move|p1a: Ting-Lu|Stealth Rock|p2a: Landorus
|-sidestart|p2: WeRrsome|move: Stealth Rock
|
|-heal|p1a: Ting-Lu|100/100 tox|[from] item: Leftovers
|-damage|p1a: Ting-Lu|88/100 tox|[from] psn
|upkeep
|turn|10
|
|t:|1760437185
|switch|p1a: Great Tusk|Great Tusk|68/100
|move|p2a: Landorus|U-turn|p1a: Great Tusk
|-resisted|p1a: Great Tusk
|-damage|p1a: Great Tusk|58/100
|
|t:|1760437188
|switch|p2a: Gengar|Gengar, M|100/100|[from] U-turn
|-damage|p2a: Gengar|88/100|[from] Stealth Rock
|
|upkeep
|turn|11
|
|t:|1760437197
|move|p2a: Gengar|Shadow Ball|p1a: Great Tusk
|-damage|p1a: Great Tusk|0 fnt
|faint|p1a: Great Tusk
|-end|p1a: Great Tusk|Protosynthesis|[silent]
|
|upkeep
|
|t:|1760437208
|switch|p1a: Dragonite|Dragonite, F|100/100
|turn|12
|
|t:|1760437212
|move|p2a: Gengar|Shadow Ball|p1a: Dragonite
|-damage|p1a: Dragonite|67/100
|move|p1a: Dragonite|Outrage|p2a: Gengar
|-damage|p2a: Gengar|0 fnt
|faint|p2a: Gengar
|
|upkeep
|
|t:|1760437223
|switch|p2a: Magnezone|Magnezone, tera:Flying|42/100
|-damage|p2a: Magnezone|17/100|[from] Stealth Rock
|turn|13
|
|t:|1760437230
|move|p1a: Dragonite|Outrage|p2a: Magnezone|[from] lockedmove
|-damage|p2a: Magnezone|0 fnt
|faint|p2a: Magnezone
|
|upkeep
|
|t:|1760437232
|switch|p2a: Landorus|Landorus-Therian, M|100/100
|-damage|p2a: Landorus|88/100|[from] Stealth Rock
|-ability|p2a: Landorus|Intimidate|boost
|-unboost|p1a: Dragonite|atk|1
|turn|14
|
|t:|1760437234
|move|p2a: Landorus|Stone Edge|p1a: Dragonite
|-supereffective|p1a: Dragonite
|-damage|p1a: Dragonite|0 fnt
|faint|p1a: Dragonite
|
|upkeep
|
|t:|1760437240
|switch|p1a: Ting-Lu|Ting-Lu|88/100 tox
|-ability|p1a: Ting-Lu|Vessel of Ruin
|turn|15
|-message|WeRrsome forfeited.
|
|win|xrr rewriting
|raw|xrr rewriting's rating: 1435 &rarr; <strong>1461</strong><br />(+26 for winning)
|raw|WeRrsome's rating: 1541 &rarr; <strong>1515</strong><br />(-26 for losing)
|l|☆WeRrsome
|player|p2|
