|j|☆darretyle2
|j|☆quilpz
|t:|1760314785
|gametype|singles
|player|p1|darretyle2|265|1402
|player|p2|quilpz|caitlin|1475
|gen|9
|tier|[Gen 9] OU
|rated|
|rule|HP Percentage Mod: HP is shown in percentages
|rule|Endless Battle Clause: Forcing endless battles is banned
|rule|Species Clause: Limit one of each Pokémon
|rule|OHKO Clause: OHKO moves are banned
|rule|Evasion Items Clause: Evasion items are banned
|rule|Evasion Moves Clause: Evasion moves are banned
|rule|Evasion Abilities Clause: Evasion abilities are banned
|rule|Sleep Moves Clause: Sleep-inducing moves are banned
|clearpoke
|poke|p1|Dondozo, M|
|poke|p1|Blissey, F|
|poke|p1|Corviknight, M|
|poke|p1|Weezing-Galar, M|
|poke|p1|Gliscor, M|
|poke|p1|Toxapex, M|
|poke|p2|Zapdos|
|poke|p2|Glimmora, M|
|poke|p2|Clefable, F|
|poke|p2|Kyurem|
|poke|p2|Hawlucha, F|
|poke|p2|Scizor, F|
|teampreview
|c|☆quilpz|big stall
|
|t:|1760314797
|teamsize|p1|6
|teamsize|p2|6
|start
|switch|p1a: Gliscor|Gliscor, M|100/100
|switch|p2a: Glimmora|Glimmora, M|100/100
|turn|1
|
|t:|1760314802
|move|p1a: Gliscor|Protect|p1a: Gliscor
|-singleturn|p1a: Gliscor|Protect
|move|p2a: Glimmora|Stealth Rock|p1a: Gliscor
|-sidestart|p1: darretyle2|move: Stealth Rock
|
|-status|p1a: Gliscor|tox|[from] item: Toxic Orb
|upkeep
|turn|2
|
|t:|1760314807
|move|p2a: Glimmora|Power Gem|p1a: Gliscor
|-damage|p1a: Gliscor|69/100 tox
|move|p1a: Gliscor|Earthquake|p2a: Glimmora
|-supereffective|p2a: Glimmora
|-enditem|p2a: Glimmora|Focus Sash
|-damage|p2a: Glimmora|1/100
|-activate|p2a: Glimmora|ability: Toxic Debris
|-sidestart|p1: darretyle2|move: Toxic Spikes
|
|-heal|p1a: Gliscor|81/100 tox|[from] ability: Poison Heal
|upkeep
|turn|3
|
|t:|1760314815
|move|p2a: Glimmora|Memento|p1a: Gliscor
|-unboost|p1a: Gliscor|atk|2
|-unboost|p1a: Gliscor|spa|2
|faint|p2a: Glimmora
|move|p1a: Gliscor|Knock Off|p2: Glimmora|[notarget]
|-fail|p1a: Gliscor
|
|-heal|p1a: Gliscor|94/100 tox|[from] ability: Poison Heal
|upkeep
|
|t:|1760314825
|switch|p2a: Kyurem|Kyurem|100/100
|-ability|p2a: Kyurem|Pressure
|turn|4
|
|t:|1760314830
|move|p1a: Gliscor|Protect|p1a: Gliscor
|-singleturn|p1a: Gliscor|Protect
|move|p2a: Kyurem|Dragon Dance|p2a: Kyurem
|-boost|p2a: Kyurem|atk|1
|-boost|p2a: Kyurem|spe|1
|
|-heal|p1a: Gliscor|100/100 tox|[from] ability: Poison Heal
|upkeep
|turn|5
|
|t:|1760314844
|switch|p1a: Weezing|Weezing-Galar, M|100/100
|-ability|p1a: Weezing|Neutralizing Gas
|-sideend|p1: darretyle2|move: Toxic Spikes|[of] p1a: Weezing
|move|p2a: Kyurem|Icicle Spear|p1a: Weezing
|-damage|p1a: Weezing|86/100
|-damage|p1a: Weezing|70/100
|-crit|p1a: Weezing
|-damage|p1a: Weezing|49/100
|-damage|p1a: Weezing|33/100
|-hitcount|p1a: Weezing|4
|
|upkeep
|turn|6
|
|t:|1760314847
|-end|p1a: Weezing|ability: Neutralizing Gas
|-ability|p2a: Kyurem|Pressure
|switch|p1a: Dondozo|Dondozo, M|100/100
|-damage|p1a: Dondozo|88/100|[from] Stealth Rock
|move|p2a: Kyurem|Icicle Spear|p1a: Dondozo
|-resisted|p1a: Dondozo
|-damage|p1a: Dondozo|85/100
|-resisted|p1a: Dondozo
|-damage|p1a: Dondozo|82/100
|-resisted|p1a: Dondozo
|-damage|p1a: Dondozo|79/100
|-resisted|p1a: Dondozo
|-damage|p1a: Dondozo|76/100
|-resisted|p1a: Dondozo
|-damage|p1a: Dondozo|73/100
|-hitcount|p1a: Dondozo|5
|
|-heal|p1a: Dondozo|79/100|[from] item: Leftovers
|upkeep
|turn|7
|
|t:|1760314859
|switch|p2a: Scizor|Scizor, F|100/100
|move|p1a: Dondozo|Body Press|p2a: Scizor
|-damage|p2a: Scizor|67/100
|
|-heal|p1a: Dondozo|85/100|[from] item: Leftovers
|upkeep
|turn|8
|
|t:|1760314870
|switch|p1a: Corviknight|Corviknight, M|100/100
|-damage|p1a: Corviknight|88/100|[from] Stealth Rock
|-ability|p1a: Corviknight|Pressure
|move|p2a: Scizor|Dual Wingbeat|p1a: Corviknight|[miss]
|-miss|p2a: Scizor|p1a: Corviknight
|
|-heal|p1a: Corviknight|94/100|[from] item: Leftovers
|upkeep
|turn|9
|
|t:|1760314881
|move|p2a: Scizor|Dual Wingbeat|p1a: Corviknight|[miss]
|-miss|p2a: Scizor|p1a: Corviknight
|move|p1a: Corviknight|Defog|p2a: Scizor
|-unboost|p2a: Scizor|evasion|1
|-sideend|p1: darretyle2|Stealth Rock|[from] move: Defog|[of] p1a: Corviknight
|
|-heal|p1a: Corviknight|100/100|[from] item: Leftovers
|upkeep
|turn|10
|
|t:|1760314887
|move|p2a: Scizor|Dual Wingbeat|p1a: Corviknight
|-resisted|p1a: Corviknight
|-damage|p1a: Corviknight|94/100
|-resisted|p1a: Corviknight
|-damage|p1a: Corviknight|87/100
|-hitcount|p1a: Corviknight|2
|move|p1a: Corviknight|Iron Defense|p1a: Corviknight
|-boost|p1a: Corviknight|def|2
|
|-heal|p1a: Corviknight|93/100|[from] item: Leftovers
|upkeep
|turn|11
|
|t:|1760314900
|move|p2a: Scizor|Bullet Punch|p1a: Corviknight
|-resisted|p1a: Corviknight
|-damage|p1a: Corviknight|88/100
|move|p1a: Corviknight|Body Press|p2a: Scizor
|-damage|p2a: Scizor|2/100
|
|-heal|p1a: Corviknight|95/100|[from] item: Leftovers
|upkeep
|turn|12
|
|t:|1760314914
|move|p2a: Scizor|Close Combat|p1a: Corviknight
|-damage|p1a: Corviknight|80/100
|-unboost|p2a: Scizor|def|1
|-unboost|p2a: Scizor|spd|1
|move|p1a: Corviknight|Body Press|p2a: Scizor
|-damage|p2a: Scizor|0 fnt
|faint|p2a: Scizor
|
|-heal|p1a: Corviknight|87/100|[from] item: Leftovers
|upkeep
|
|t:|1760314918
|switch|p2a: Zapdos|Zapdos|100/100
|turn|13
|
|t:|1760314930
|switch|p1a: Blissey|Blissey, F|100/100
|move|p2a: Zapdos|Thunderbolt|p1a: Blissey
|-damage|p1a: Blissey|88/100
|
|-heal|p1a: Blissey|94/100|[from] item: Leftovers
|upkeep
|turn|14
|
|t:|1760314937
|switch|p2a: Kyurem|Kyurem|100/100
|-ability|p2a: Kyurem|Pressure
|move|p1a: Blissey|Stealth Rock|p2a: Kyurem
|-sidestart|p2: quilpz|move: Stealth Rock
|
|-heal|p1a: Blissey|99/100|[from] item: Leftovers
|upkeep
|turn|15
|
|t:|1760314960
|switch|p1a: Dondozo|Dondozo, M|85/100
|move|p2a: Kyurem|Icicle Spear|p1a: Dondozo
|-resisted|p1a: Dondozo
|-damage|p1a: Dondozo|82/100
|-resisted|p1a: Dondozo
|-damage|p1a: Dondozo|78/100
|-resisted|p1a: Dondozo
|-damage|p1a: Dondozo|75/100
|-resisted|p1a: Dondozo
|-damage|p1a: Dondozo|72/100
|-hitcount|p1a: Dondozo|4
|
|-heal|p1a: Dondozo|78/100|[from] item: Leftovers
|upkeep
|turn|16
|
|t:|1760314964
|switch|p2a: Hawlucha|Hawlucha, F|100/100
|-damage|p2a: Hawlucha|88/100|[from] Stealth Rock
|-ability|p2a: Hawlucha|Mold Breaker
|move|p1a: Dondozo|Body Press|p2a: Hawlucha
|-resisted|p2a: Hawlucha
|-damage|p2a: Hawlucha|69/100
|
|-heal|p1a: Dondozo|84/100|[from] item: Leftovers
|upkeep
|turn|17
|
|t:|1760314968
|move|p2a: Hawlucha|Defog|p1a: Dondozo
|-unboost|p1a: Dondozo|evasion|1
|-sideend|p2: quilpz|Stealth Rock|[from] move: Defog|[of] p2a: Hawlucha
|move|p1a: Dondozo|Avalanche|p2a: Hawlucha
|-supereffective|p2a: Hawlucha
|-damage|p2a: Hawlucha|32/100
|
|-heal|p1a: Dondozo|90/100|[from] item: Leftovers
|upkeep
|turn|18
|
|t:|1760314977
|move|p2a: Hawlucha|Brave Bird|p1a: Dondozo
|-damage|p1a: Dondozo|68/100
|-damage|p2a: Hawlucha|19/100|[from] Recoil
|move|p1a: Dondozo|Avalanche|p2a: Hawlucha
|-supereffective|p2a: Hawlucha
|-damage|p2a: Hawlucha|0 fnt
|faint|p2a: Hawlucha
|
|-heal|p1a: Dondozo|74/100|[from] item: Leftovers
|upkeep
|
|t:|1760314982
|switch|p2a: Zapdos|Zapdos|100/100
|turn|19
|
|t:|1760314990
|switch|p1a: Blissey|Blissey, F|99/100
|move|p2a: Zapdos|Hurricane|p1a: Blissey
|-damage|p1a: Blissey|82/100
|
|-heal|p1a: Blissey|89/100|[from] item: Leftovers
|upkeep
|turn|20
|
|t:|1760315002
|switch|p2a: Clefable|Clefable, F|100/100
|move|p1a: Blissey|Stealth Rock|p2a: Clefable
|-sidestart|p2: quilpz|move: Stealth Rock
|
|-heal|p1a: Blissey|95/100|[from] item: Leftovers
|upkeep
|turn|21
|
|t:|1760315008
|move|p1a: Blissey|Seismic Toss|p2a: Clefable
|-damage|p2a: Clefable|72/100
|move|p2a: Clefable|Cosmic Power|p2a: Clefable
|-boost|p2a: Clefable|def|1
|-boost|p2a: Clefable|spd|1
|
|-heal|p1a: Blissey|100/100|[from] item: Leftovers
|-heal|p2a: Clefable|78/100|[from] item: Leftovers
|upkeep
|turn|22
|
|t:|1760315012
|move|p1a: Blissey|Seismic Toss|p2a: Clefable
|-damage|p2a: Clefable|49/100
|move|p2a: Clefable|Cosmic Power|p2a: Clefable
|-boost|p2a: Clefable|def|1
|-boost|p2a: Clefable|spd|1
|
|-heal|p2a: Clefable|55/100|[from] item: Leftovers
|upkeep
|turn|23
|
|t:|1760315015
|move|p1a: Blissey|Seismic Toss|p2a: Clefable
|-damage|p2a: Clefable|27/100
|move|p2a: Clefable|Cosmic Power|p2a: Clefable
|-boost|p2a: Clefable|def|1
|-boost|p2a: Clefable|spd|1
|
|-heal|p2a: Clefable|33/100|[from] item: Leftovers
|upkeep
|turn|24
|
|t:|1760315018
|move|p1a: Blissey|Seismic Toss|p2a: Clefable
|-damage|p2a: Clefable|4/100
|move|p2a: Clefable|Moonlight|p2a: Clefable
|-heal|p2a: Clefable|54/100
|
|-heal|p2a: Clefable|60/100|[from] item: Leftovers
|upkeep
|turn|25
|
|t:|1760315023
|move|p1a: Blissey|Seismic Toss|p2a: Clefable
|-damage|p2a: Clefable|32/100
|move|p2a: Clefable|Moonlight|p2a: Clefable
|-heal|p2a: Clefable|82/100
|
|-heal|p2a: Clefable|88/100|[from] item: Leftovers
|upkeep
|turn|26
|
|t:|1760315028
|move|p1a: Blissey|Seismic Toss|p2a: Clefable
|-damage|p2a: Clefable|59/100
|move|p2a: Clefable|Cosmic Power|p2a: Clefable
|-boost|p2a: Clefable|def|1
|-boost|p2a: Clefable|spd|1
|
|-heal|p2a: Clefable|65/100|[from] item: Leftovers
|upkeep
|turn|27
|
|t:|1760315040
|-terastallize|p1a: Blissey|Dark
|move|p1a: Blissey|Seismic Toss|p2a: Clefable
|-damage|p2a: Clefable|36/100
|move|p2a: Clefable|Cosmic Power|p2a: Clefable
|-boost|p2a: Clefable|def|1
|-boost|p2a: Clefable|spd|1
|
|-heal|p2a: Clefable|42/100|[from] item: Leftovers
|upkeep
|turn|28
|
|t:|1760315042
|move|p1a: Blissey|Calm Mind|p1a: Blissey
|-boost|p1a: Blissey|spa|1
|-boost|p1a: Blissey|spd|1
|move|p2a: Clefable|Moonblast|p1a: Blissey
|-supereffective|p1a: Blissey
|-damage|p1a: Blissey|80/100
|
|-heal|p1a: Blissey|87/100|[from] item: Leftovers
|-heal|p2a: Clefable|48/100|[from] item: Leftovers
|upkeep
|turn|29
|
|t:|1760315046
|move|p1a: Blissey|Calm Mind|p1a: Blissey
|-boost|p1a: Blissey|spa|1
|-boost|p1a: Blissey|spd|1
|move|p2a: Clefable|Moonlight|p2a: Clefable
|-heal|p2a: Clefable|98/100
|
|-heal|p1a: Blissey|93/100|[from] item: Leftovers
|-heal|p2a: Clefable|100/100|[from] item: Leftovers
|upkeep
|turn|30
|
|t:|1760315055
|move|p1a: Blissey|Seismic Toss|p2a: Clefable
|-damage|p2a: Clefable|72/100
|move|p2a: Clefable|Moonblast|p1a: Blissey
|-supereffective|p1a: Blissey
|-damage|p1a: Blissey|72/100
|-unboost|p1a: Blissey|spa|1
|
|-heal|p1a: Blissey|78/100|[from] item: Leftovers
|-heal|p2a: Clefable|78/100|[from] item: Leftovers
|upkeep
|turn|31
|
|t:|1760315066
|move|p1a: Blissey|Seismic Toss|p2a: Clefable
|-damage|p2a: Clefable|49/100
|move|p2a: Clefable|Moonblast|p1a: Blissey
|-supereffective|p1a: Blissey
|-damage|p1a: Blissey|59/100
|
|-heal|p1a: Blissey|65/100|[from] item: Leftovers
|-heal|p2a: Clefable|55/100|[from] item: Leftovers
|upkeep
|turn|32
|
|t:|1760315070
|move|p1a: Blissey|Seismic Toss|p2a: Clefable
|-damage|p2a: Clefable|27/100
|move|p2a: Clefable|Moonblast|p1a: Blissey
|-supereffective|p1a: Blissey
|-damage|p1a: Blissey|46/100
|
|-heal|p1a: Blissey|52/100|[from] item: Leftovers
|-heal|p2a: Clefable|33/100|[from] item: Leftovers
|upkeep
|turn|33
|
|t:|1760315075
|move|p1a: Blissey|Seismic Toss|p2a: Clefable
|-damage|p2a: Clefable|4/100
|move|p2a: Clefable|Moonlight|p2a: Clefable
|-heal|p2a: Clefable|54/100
|
|-heal|p1a: Blissey|59/100|[from] item: Leftovers
|-heal|p2a: Clefable|60/100|[from] item: Leftovers
|upkeep
|turn|34
|
|t:|1760315078
|move|p1a: Blissey|Seismic Toss|p2a: Clefable
|-damage|p2a: Clefable|32/100
|move|p2a: Clefable|Moonlight|p2a: Clefable
|-heal|p2a: Clefable|82/100
|
|-heal|p1a: Blissey|65/100|[from] item: Leftovers
|-heal|p2a: Clefable|88/100|[from] item: Leftovers
|upkeep
|turn|35
|
|t:|1760315080
|move|p1a: Blissey|Seismic Toss|p2a: Clefable
|-damage|p2a: Clefable|59/100
|move|p2a: Clefable|Moonblast|p1a: Blissey
|-supereffective|p1a: Blissey
|-damage|p1a: Blissey|44/100
|
|-heal|p1a: Blissey|50/100|[from] item: Leftovers
|-heal|p2a: Clefable|65/100|[from] item: Leftovers
|upkeep
|turn|36
|
|t:|1760315084
|move|p1a: Blissey|Seismic Toss|p2a: Clefable
|-damage|p2a: Clefable|36/100
|move|p2a: Clefable|Moonblast|p1a: Blissey
|-supereffective|p1a: Blissey
|-damage|p1a: Blissey|29/100
|
|-heal|p1a: Blissey|35/100|[from] item: Leftovers
|-heal|p2a: Clefable|42/100|[from] item: Leftovers
|upkeep
|turn|37
|
|t:|1760315088
|move|p1a: Blissey|Soft-Boiled|p1a: Blissey
|-heal|p1a: Blissey|85/100
|move|p2a: Clefable|Moonblast|p1a: Blissey
|-supereffective|p1a: Blissey
|-damage|p1a: Blissey|67/100
|
|-heal|p1a: Blissey|73/100|[from] item: Leftovers
|-heal|p2a: Clefable|48/100|[from] item: Leftovers
|upkeep
|turn|38
|
|t:|1760315091
|move|p1a: Blissey|Seismic Toss|p2a: Clefable
|-damage|p2a: Clefable|20/100
|move|p2a: Clefable|Moonblast|p1a: Blissey
|-supereffective|p1a: Blissey
|-damage|p1a: Blissey|52/100
|
|-heal|p1a: Blissey|58/100|[from] item: Leftovers
|-heal|p2a: Clefable|26/100|[from] item: Leftovers
|upkeep
|turn|39
|
|t:|1760315094
|move|p1a: Blissey|Seismic Toss|p2a: Clefable
|-damage|p2a: Clefable|0 fnt
|faint|p2a: Clefable
|
|-heal|p1a: Blissey|65/100|[from] item: Leftovers
|upkeep
|
|t:|1760315097
|switch|p2a: Zapdos|Zapdos|100/100
|-damage|p2a: Zapdos|76/100|[from] Stealth Rock
|turn|40
|
|t:|1760315106
|switch|p2a: Kyurem|Kyurem|100/100
|-damage|p2a: Kyurem|76/100|[from] Stealth Rock
|-ability|p2a: Kyurem|Pressure
|move|p1a: Blissey|Soft-Boiled|p1a: Blissey
|-heal|p1a: Blissey|100/100
|
|upkeep
|turn|41
|c|☆quilpz|fk u this team sucks to fight
|-message|quilpz forfeited.
|
|win|darretyle2
