|j|☆Iluvfirefly
|j|☆Dogbert101
|t:|1760405050
|gametype|singles
|player|p1|Iluvfirefly|266|1198
|player|p2|Dogbert101|2|1151
|gen|9
|tier|[Gen 9] OU
|rated|
|rule|HP Percentage Mod: HP is shown in percentages
|rule|Endless Battle Clause: Forcing endless battles is banned
|rule|Species Clause: Limit one of each Pokémon
|rule|OHKO Clause: OHKO moves are banned
|rule|Evasion Items Clause: Evasion items are banned
|rule|Evasion Moves Clause: Evasion moves are banned
|rule|Evasion Abilities Clause: Evasion abilities are banned
|rule|Sleep Moves Clause: Sleep-inducing moves are banned
|clearpoke
|poke|p1|Primarina, M|
|poke|p1|Great Tusk|
|poke|p1|Kingambit, M|
|poke|p1|Slowking-Galar, M|
|poke|p1|Ogerpon, F|
|poke|p1|Enamorus, F|
|poke|p2|Samurott-Hisui, F|
|poke|p2|Enamorus, F|
|poke|p2|Kingambit, M|
|poke|p2|Corviknight, M|
|poke|p2|Toxtricity-Low-Key, F|
|poke|p2|Zamazenta-*|
|teampreview
|inactive|Battle timer is ON: inactive players will automatically lose when time's up. (requested by Iluvfirefly)
|inactive|Iluvfirefly has 120 seconds left.
|
|t:|1760405087
|teamsize|p1|6
|teamsize|p2|6
|start
|switch|p1a: Gin|Enamorus, F, shiny|100/100
|switch|p2a: Toxtricity|Toxtricity-Low-Key, F|100/100
|turn|1
|
|t:|1760405100
|switch|p1a: Mantra|Slowking-Galar, M|100/100
|-terastallize|p2a: Toxtricity|Normal
|move|p2a: Toxtricity|Boomburst|p1a: Mantra
|-damage|p1a: Mantra|38/100
|-damage|p2a: Toxtricity|91/100|[from] item: Life Orb
|
|upkeep
|turn|2
|inactive|Iluvfirefly has 120 seconds left.
|inactive|Iluvfirefly has 90 seconds left.
|inactive|Iluvfirefly has 60 seconds left.
|
|t:|1760405193
|move|p2a: Toxtricity|Boomburst|p1a: Mantra
|-damage|p1a: Mantra|0 fnt
|faint|p1a: Mantra
|-damage|p2a: Toxtricity|81/100|[from] item: Life Orb
|
|upkeep
|inactive|Iluvfirefly has 60 seconds left.
|
|t:|1760405217
|switch|p1a: Anonymous|Ogerpon, F|100/100
|turn|3
|
|t:|1760405222
|move|p1a: Anonymous|Ivy Cudgel|p2a: Toxtricity
|-damage|p2a: Toxtricity|0 fnt
|faint|p2a: Toxtricity
|
|upkeep
|
|t:|1760405229
|switch|p2a: Enamorus|Enamorus, F|100/100
|turn|4
|
|t:|1760405238
|switch|p1a: Celestine|Primarina, M|100/100
|move|p2a: Enamorus|Mystical Fire|p1a: Celestine
|-resisted|p1a: Celestine
|-damage|p1a: Celestine|81/100
|-unboost|p1a: Celestine|spa|1
|
|-heal|p1a: Celestine|87/100|[from] item: Leftovers
|upkeep
|turn|5
|
|t:|1760405250
|switch|p2a: Corviknight|Corviknight, M|100/100
|-ability|p2a: Corviknight|Pressure
|move|p1a: Celestine|Moonblast|p2a: Corviknight
|-resisted|p2a: Corviknight
|-crit|p2a: Corviknight
|-damage|p2a: Corviknight|62/100
|
|-heal|p1a: Celestine|93/100|[from] item: Leftovers
|upkeep
|turn|6
|
|t:|1760405265
|move|p1a: Celestine|Psychic Noise|p2a: Corviknight
|-damage|p2a: Corviknight|33/100
|-start|p2a: Corviknight|move: Heal Block
|move|p2a: Corviknight|Iron Head|p1a: Celestine
|-crit|p1a: Celestine
|-damage|p1a: Celestine|41/100
|
|-heal|p1a: Celestine|47/100|[from] item: Leftovers
|upkeep
|turn|7
|
|t:|1760405275
|switch|p1a: Behemoth|Great Tusk|100/100
|move|p2a: Corviknight|Iron Head|p1a: Behemoth
|-damage|p1a: Behemoth|83/100
|-damage|p2a: Corviknight|17/100|[from] item: Rocky Helmet|[of] p1a: Behemoth
|
|-end|p2a: Corviknight|move: Heal Block
|upkeep
|turn|8
|
|t:|1760405285
|switch|p2a: Samurott|Samurott-Hisui, F|100/100
|move|p1a: Behemoth|Ice Spinner|p2a: Samurott
|-resisted|p2a: Samurott
|-damage|p2a: Samurott|82/100
|
|upkeep
|turn|9
|
|t:|1760405303
|move|p1a: Behemoth|Stealth Rock|p2a: Samurott
|-sidestart|p2: Dogbert101|move: Stealth Rock
|move|p2a: Samurott|Razor Shell|p1a: Behemoth
|-supereffective|p1a: Behemoth
|-damage|p1a: Behemoth|12/100
|-damage|p2a: Samurott|66/100|[from] item: Rocky Helmet|[of] p1a: Behemoth
|
|upkeep
|turn|10
|inactive|Iluvfirefly has 60 seconds left.
|
|t:|1760405324
|-end|p1a: Behemoth|Protosynthesis|[silent]
|switch|p1a: Anonymous|Ogerpon, F|100/100
|move|p2a: Samurott|Sucker Punch||[still]
|-fail|p2a: Samurott
|
|upkeep
|turn|11
|inactive|Iluvfirefly has 60 seconds left.
|
|t:|1760405337
|switch|p2a: Corviknight|Corviknight, M|17/100
|-damage|p2a: Corviknight|4/100|[from] Stealth Rock
|-ability|p2a: Corviknight|Pressure
|move|p1a: Anonymous|U-turn|p2a: Corviknight
|-resisted|p2a: Corviknight
|-damage|p2a: Corviknight|0 fnt
|-damage|p1a: Anonymous|84/100|[from] item: Rocky Helmet|[of] p2a: Corviknight
|faint|p2a: Corviknight
|inactive|Iluvfirefly has 60 seconds left.
|inactive|Iluvfirefly has 30 seconds left.
|
|t:|1760405375
|switch|p1a: Celestine|Primarina, M|47/100|[from] U-turn
|
|-heal|p1a: Celestine|53/100|[from] item: Leftovers
|upkeep
|
|t:|1760405390
|switch|p2a: Kingambit|Kingambit, M|100/100
|-damage|p2a: Kingambit|94/100|[from] Stealth Rock
|-activate|p2a: Kingambit|ability: Supreme Overlord
|-start|p2a: Kingambit|fallen2|[silent]
|turn|12
|inactive|Iluvfirefly has 30 seconds left.
|
|t:|1760405414
|move|p1a: Celestine|Moonblast|p2a: Kingambit
|-damage|p2a: Kingambit|39/100
|move|p2a: Kingambit|Iron Head|p1a: Celestine
|-damage|p1a: Celestine|0 fnt
|faint|p1a: Celestine
|
|-heal|p2a: Kingambit|46/100|[from] item: Leftovers
|upkeep
|inactive|Iluvfirefly has 30 seconds left this turn.
|
|t:|1760405424
|switch|p1a: Gin|Enamorus, F, shiny|100/100
|turn|13
|inactive|Iluvfirefly has 30 seconds left.
|
|t:|1760405434
|move|p1a: Gin|Moonblast|p2a: Kingambit
|-damage|p2a: Kingambit|0 fnt
|faint|p2a: Kingambit
|-end|p2a: Kingambit|fallen2|[silent]
|
|upkeep
|
|t:|1760405443
|switch|p2a: Samurott|Samurott-Hisui, F|66/100
|-damage|p2a: Samurott|53/100|[from] Stealth Rock
|turn|14
|
|t:|1760405453
|move|p1a: Gin|Moonblast|p2a: Samurott
|-supereffective|p2a: Samurott
|-damage|p2a: Samurott|0 fnt
|faint|p2a: Samurott
|
|upkeep
|
|t:|1760405468
|switch|p2a: Zamazenta|Zamazenta|100/100
|-damage|p2a: Zamazenta|94/100|[from] Stealth Rock
|-ability|p2a: Zamazenta|Dauntless Shield|boost
|-boost|p2a: Zamazenta|def|1
|turn|15
|
|t:|1760405475
|move|p1a: Gin|Moonblast|p2a: Zamazenta
|-supereffective|p2a: Zamazenta
|-damage|p2a: Zamazenta|5/100
|move|p2a: Zamazenta|Substitute|p2a: Zamazenta
|-fail|p2a: Zamazenta|move: Substitute|[weak]
|
|-heal|p2a: Zamazenta|11/100|[from] item: Leftovers
|upkeep
|turn|16
|
|t:|1760405486
|move|p1a: Gin|Moonblast|p2a: Zamazenta
|-supereffective|p2a: Zamazenta
|-damage|p2a: Zamazenta|0 fnt
|faint|p2a: Zamazenta
|
|upkeep
|inactive|Dogbert101 has 120 seconds left.
|
|t:|1760405517
|switch|p2a: Enamorus|Enamorus, F|100/100
|-damage|p2a: Enamorus|76/100|[from] Stealth Rock
|turn|17
|inactive|Dogbert101 has 120 seconds left.
|
|t:|1760405524
|move|p1a: Gin|Moonblast|p2a: Enamorus
|-damage|p2a: Enamorus|0 fnt
|faint|p2a: Enamorus
|
|win|Iluvfirefly
|raw|Iluvfirefly's rating: 1198 &rarr; <strong>1220</strong><br />(+22 for winning)
|raw|Dogbert101's rating: 1151 &rarr; <strong>1129</strong><br />(-22 for losing)
|l|☆Dogbert101
|player|p2|
|l|☆Iluvfirefly
|player|p1|
