|j|☆NapedCrusader
|j|☆OP Earthquakes
|t:|1760407911
|gametype|singles
|player|p1|NapedCrusader|flint|
|player|p2|OP Earthquakes|giovanni-masters|
|gen|9
|tier|[Gen 9] OU
|rule|HP Percentage Mod: HP is shown in percentages
|rule|Endless Battle Clause: Forcing endless battles is banned
|rule|Species Clause: Limit one of each Pokémon
|rule|OHKO Clause: OHKO moves are banned
|rule|Evasion Items Clause: Evasion items are banned
|rule|Evasion Moves Clause: Evasion moves are banned
|rule|Evasion Abilities Clause: Evasion abilities are banned
|rule|Sleep Moves Clause: Sleep-inducing moves are banned
|clearpoke
|poke|p1|Zamazenta-*|
|poke|p1|Moltres|
|poke|p1|Dragonite, M|
|poke|p1|Iron Treads|
|poke|p1|Cinderace, F|
|poke|p1|Iron Valiant|
|poke|p2|Kyurem|
|poke|p2|Ninetales-Alola, M|
|poke|p2|Espeon, M|
|poke|p2|Hawlucha, M|
|poke|p2|Rillaboom, M|
|poke|p2|Enamorus, F|
|teampreview
|inactive|Battle timer is ON: inactive players will automatically lose when time's up. (requested by OP Earthquakes)
|c|☆OP Earthquakes|;)
|c|☆OP Earthquakes|GL HG
|c|☆OP Earthquakes|HF*
|c|☆NapedCrusader|gl
|inactive|OP Earthquakes has 270 seconds left.
|
|t:|1760407948
|teamsize|p1|6
|teamsize|p2|6
|start
|switch|p1a: Cinderace|Cinderace, F|100/100
|switch|p2a: Rillaboom|Rillaboom, M, shiny|100/100
|-fieldstart|move: Grassy Terrain|[from] ability: Grassy Surge|[of] p2a: Rillaboom
|turn|1
|inactive|OP Earthquakes has 270 seconds left.
|c|☆NapedCrusader|bro
|c|☆NapedCrusader|will u be my sensei
|
|t:|1760407993
|switch|p2a: Itachi|Hawlucha, M, shiny|100/100
|-ability|p2a: Itachi|Mold Breaker
|move|p1a: Cinderace|U-turn|p2a: Itachi
|-start|p1a: Cinderace|typechange|Bug|[from] ability: Libero
|-resisted|p2a: Itachi
|-damage|p2a: Itachi|88/100
|c|☆NapedCrusader|i know you sense potential in me
|
|t:|1760408000
|switch|p1a: Moltres|Moltres|100/100|[from] U-turn
|
|upkeep
|turn|2
|
|t:|1760408010
|switch|p2a: Ninetales|Ninetales-Alola, M|100/100
|-weather|Snowscape|[from] ability: Snow Warning|[of] p2a: Ninetales
|move|p1a: Moltres|Flamethrower|p2a: Ninetales
|-supereffective|p2a: Ninetales
|-damage|p2a: Ninetales|0 fnt
|faint|p2a: Ninetales
|
|-weather|Snowscape|[upkeep]
|upkeep
|c|☆OP Earthquakes|m
|inactive|OP Earthquakes has 240 seconds left.
|c|☆OP Earthquakes|u might win this early
|c|☆OP Earthquakes|lol
|inactive|OP Earthquakes has 210 seconds left.
|
|t:|1760408069
|switch|p2a: Frieza|Kyurem, shiny|100/100
|-ability|p2a: Frieza|Pressure
|turn|3
|
|t:|1760408075
|switch|p1a: Zamazenta|Zamazenta|100/100
|-ability|p1a: Zamazenta|Dauntless Shield|boost
|-boost|p1a: Zamazenta|def|1
|move|p2a: Frieza|Weather Ball|p1a: Zamazenta
|-damage|p1a: Zamazenta|50/100
|
|-weather|Snowscape|[upkeep]
|-heal|p1a: Zamazenta|56/100|[from] Grassy Terrain
|upkeep
|turn|4
|inactive|OP Earthquakes has 210 seconds left.
|
|t:|1760408095
|switch|p2a: Itachi|Hawlucha, M, shiny|88/100
|-ability|p2a: Itachi|Mold Breaker
|move|p1a: Zamazenta|Close Combat|p2a: Itachi
|-resisted|p2a: Itachi
|-damage|p2a: Itachi|28/100
|-unboost|p1a: Zamazenta|def|1
|-unboost|p1a: Zamazenta|spd|1
|-damage|p1a: Zamazenta|46/100|[from] item: Life Orb
|
|-weather|Snowscape|[upkeep]
|-heal|p1a: Zamazenta|52/100|[from] Grassy Terrain
|upkeep
|turn|5
|inactive|OP Earthquakes has 210 seconds left.
|
|t:|1760408115
|move|p1a: Zamazenta|Close Combat|p2a: Itachi
|-resisted|p2a: Itachi
|-damage|p2a: Itachi|0 fnt
|-unboost|p1a: Zamazenta|def|1
|-unboost|p1a: Zamazenta|spd|1
|faint|p2a: Itachi
|-damage|p1a: Zamazenta|42/100|[from] item: Life Orb
|
|-weather|Snowscape|[upkeep]
|-heal|p1a: Zamazenta|48/100|[from] Grassy Terrain
|upkeep
|
|t:|1760408130
|switch|p2a: Enamorus|Enamorus, F|100/100
|turn|6
|
|t:|1760408136
|switch|p1a: Iron Treads|Iron Treads|100/100
|move|p2a: Enamorus|Earth Power|p1a: Iron Treads
|-supereffective|p1a: Iron Treads
|-damage|p1a: Iron Treads|68/100
|
|-weather|none
|-heal|p1a: Iron Treads|74/100|[from] Grassy Terrain
|upkeep
|turn|7
|inactive|OP Earthquakes has 210 seconds left.
|
|t:|1760408152
|move|p1a: Iron Treads|Volt Switch|p2a: Enamorus
|-supereffective|p2a: Enamorus
|-damage|p2a: Enamorus|77/100
|
|t:|1760408157
|-end|p1a: Iron Treads|Quark Drive|[silent]
|switch|p1a: Moltres|Moltres|100/100|[from] Volt Switch
|move|p2a: Enamorus|Iron Defense|p2a: Enamorus
|-unboost|p2a: Enamorus|def|2
|-enditem|p2a: Enamorus|Eject Pack
|
|t:|1760408164
|switch|p2a: Espeon|Espeon, M, shiny|100/100
|-enditem|p2a: Espeon|Grassy Seed
|-boost|p2a: Espeon|def|1|[from] item: Grassy Seed
|
|upkeep
|turn|8
|c|☆NapedCrusader|YOOOO
|inactive|OP Earthquakes has 210 seconds left.
|
|t:|1760408170
|move|p2a: Espeon|Copycat|p2a: Espeon
|move|p2a: Espeon|Iron Defense|p2a: Espeon|[from] move: Copycat
|-boost|p2a: Espeon|def|2
|move|p1a: Moltres|Air Slash|p2a: Espeon
|-damage|p2a: Espeon|31/100
|
|-heal|p2a: Espeon|38/100|[from] Grassy Terrain
|-fieldend|move: Grassy Terrain
|upkeep
|turn|9
|inactive|OP Earthquakes has 210 seconds left.
|
|t:|1760408183
|move|p2a: Espeon|Calm Mind|p2a: Espeon
|-boost|p2a: Espeon|spa|1
|-boost|p2a: Espeon|spd|1
|move|p1a: Moltres|Air Slash|p2a: Espeon
|-crit|p2a: Espeon
|-damage|p2a: Espeon|0 fnt
|faint|p2a: Espeon
|
|upkeep
|inactive|OP Earthquakes has 210 seconds left.
|c|☆OP Earthquakes|OMG
|c|☆OP Earthquakes|COME ON
|c|☆OP Earthquakes|LOL
|c|☆NapedCrusader|myb
|c|☆NapedCrusader|would you live without a crit?
|c|☆OP Earthquakes|yeah I would
|c|☆OP Earthquakes|I had spd
|c|☆OP Earthquakes|bro that mult
|c|☆OP Earthquakes|causing me mega prob
|c|☆OP Earthquakes|knocking tailes
|inactive|OP Earthquakes has 180 seconds left.
|c|☆OP Earthquakes|early
|c|☆OP Earthquakes|was so huge
|c|☆OP Earthquakes|imagine a screen
|c|☆NapedCrusader|ya
|c|☆OP Earthquakes|with that setup
|c|☆NapedCrusader|hes big goat
|
|t:|1760408237
|switch|p2a: Frieza|Kyurem, shiny|100/100
|-ability|p2a: Frieza|Pressure
|turn|10
|
|t:|1760408247
|switch|p1a: Iron Treads|Iron Treads|74/100
|move|p2a: Frieza|Freeze-Dry|p1a: Iron Treads
|-damage|p1a: Iron Treads|47/100
|
|upkeep
|turn|11
|
|t:|1760408262
|move|p1a: Iron Treads|Knock Off|p2a: Frieza
|-damage|p2a: Frieza|79/100
|-enditem|p2a: Frieza|Expert Belt|[from] move: Knock Off|[of] p1a: Iron Treads
|move|p2a: Frieza|Freeze-Dry|p1a: Iron Treads
|-damage|p1a: Iron Treads|21/100
|
|upkeep
|turn|12
|
|t:|1760408270
|move|p1a: Iron Treads|Earthquake|p2a: Frieza
|-damage|p2a: Frieza|42/100
|move|p2a: Frieza|Freeze-Dry|p1a: Iron Treads
|-damage|p1a: Iron Treads|0 fnt
|faint|p1a: Iron Treads
|-end|p1a: Iron Treads|Quark Drive|[silent]
|
|upkeep
|
|t:|1760408273
|switch|p1a: Zamazenta|Zamazenta|48/100
|turn|13
|inactive|OP Earthquakes has 180 seconds left.
|
|t:|1760408280
|-terastallize|p2a: Frieza|Ghost
|move|p1a: Zamazenta|Close Combat|p2a: Frieza
|-immune|p2a: Frieza
|move|p2a: Frieza|Shadow Ball|p1a: Zamazenta
|-damage|p1a: Zamazenta|6/100
|
|upkeep
|turn|14
|c|☆NapedCrusader|i knew it lmaoo
|inactive|OP Earthquakes has 180 seconds left.
|c|☆OP Earthquakes|I mean
|c|☆OP Earthquakes|I had to
|
|t:|1760408300
|move|p1a: Zamazenta|Crunch|p2a: Frieza
|-supereffective|p2a: Frieza
|-damage|p2a: Frieza|0 fnt
|faint|p2a: Frieza
|-damage|p1a: Zamazenta|0 fnt|[from] item: Life Orb
|faint|p1a: Zamazenta
|
|upkeep
|
|t:|1760408311
|switch|p1a: Moltres|Moltres|100/100
|switch|p2a: Enamorus|Enamorus, F|77/100
|turn|15
|c|☆NapedCrusader|time for big dog
|
|t:|1760408320
|move|p1a: Moltres|Flamethrower|p2a: Enamorus
|-damage|p2a: Enamorus|8/100
|move|p2a: Enamorus|Sludge Bomb|p1a: Moltres
|-damage|p1a: Moltres|65/100
|
|upkeep
|turn|16
|inactive|OP Earthquakes has 180 seconds left.
|c|☆OP Earthquakes|gg
|
|t:|1760408331
|move|p1a: Moltres|Flamethrower|p2a: Enamorus
|-damage|p2a: Enamorus|0 fnt
|faint|p2a: Enamorus
|
|upkeep
|c|☆OP Earthquakes|mannnn
|c|☆NapedCrusader|that team is insane lmaooo
|c|☆OP Earthquakes|knocking tailes
|c|☆OP Earthquakes|was so huge
|c|☆OP Earthquakes|wild
|c|☆NapedCrusader|wanna try again?
|c|☆OP Earthquakes|I wanna rematch
|c|☆OP Earthquakes|LOL
|c|☆NapedCrusader|ok bet
|-message|OP Earthquakes forfeited.
|
|win|NapedCrusader
|l|☆NapedCrusader
|player|p1|
|c|☆OP Earthquakes|GG
