|j|☆specstacular
|j|☆pepinoloko
|t:|1760306851
|gametype|singles
|player|p1|specstacular|170|1629
|player|p2|pepinoloko|palmer|1607
|gen|9
|tier|[Gen 9] OU
|rated|
|rule|HP Percentage Mod: HP is shown in percentages
|rule|Endless Battle Clause: Forcing endless battles is banned
|rule|Species Clause: Limit one of each Pokémon
|rule|OHKO Clause: OHKO moves are banned
|rule|Evasion Items Clause: Evasion items are banned
|rule|Evasion Moves Clause: Evasion moves are banned
|rule|Evasion Abilities Clause: Evasion abilities are banned
|rule|Sleep Moves Clause: Sleep-inducing moves are banned
|clearpoke
|poke|p1|Gholdengo|
|poke|p1|Ceruledge, F|
|poke|p1|Enamorus, F|
|poke|p1|Ribombee, M|
|poke|p1|Quaquaval, F|
|poke|p1|Iron Treads|
|poke|p2|Cinderace, M|
|poke|p2|Landorus-Therian, M|
|poke|p2|Corviknight, F|
|poke|p2|Conkeldurr, M|
|poke|p2|Tyranitar, M|
|poke|p2|Dragapult, M|
|teampreview
|inactive|Battle timer is ON: inactive players will automatically lose when time's up. (requested by specstacular)
|
|t:|1760306861
|teamsize|p1|6
|teamsize|p2|6
|start
|switch|p1a: Ribombee|Ribombee, M|100/100
|switch|p2a: SteinBahn|Tyranitar, M, shiny|100/100
|-weather|Sandstorm|[from] ability: Sand Stream|[of] p2a: SteinBahn
|turn|1
|
|t:|1760306864
|move|p1a: Ribombee|Moonblast|p2a: SteinBahn
|-supereffective|p2a: SteinBahn
|-damage|p2a: SteinBahn|73/100
|move|p2a: SteinBahn|Iron Head|p1a: Ribombee
|-supereffective|p1a: Ribombee
|-enditem|p1a: Ribombee|Focus Sash
|-damage|p1a: Ribombee|1/100
|
|-weather|Sandstorm|[upkeep]
|-damage|p1a: Ribombee|0 fnt|[from] Sandstorm
|faint|p1a: Ribombee
|upkeep
|
|t:|1760306867
|switch|p1a: Quaquaval|Quaquaval, F|100/100
|turn|2
|
|t:|1760306871
|switch|p2a: I AM PRESSURE|Corviknight, F|100/100
|-ability|p2a: I AM PRESSURE|Pressure
|move|p1a: Quaquaval|Aqua Step|p2a: I AM PRESSURE
|-damage|p2a: I AM PRESSURE|75/100
|-boost|p1a: Quaquaval|spe|1
|-damage|p1a: Quaquaval|84/100|[from] item: Rocky Helmet|[of] p2a: I AM PRESSURE
|
|-weather|Sandstorm|[upkeep]
|-damage|p1a: Quaquaval|78/100|[from] Sandstorm
|upkeep
|turn|3
|
|t:|1760306875
|move|p1a: Quaquaval|Knock Off|p2a: I AM PRESSURE
|-damage|p2a: I AM PRESSURE|54/100
|-damage|p1a: Quaquaval|62/100|[from] item: Rocky Helmet|[of] p2a: I AM PRESSURE
|-enditem|p2a: I AM PRESSURE|Rocky Helmet|[from] move: Knock Off|[of] p1a: Quaquaval
|move|p2a: I AM PRESSURE|U-turn|p1a: Quaquaval
|-resisted|p1a: Quaquaval
|-crit|p1a: Quaquaval
|-damage|p1a: Quaquaval|47/100
|
|t:|1760306880
|switch|p2a: God is always good|Landorus-Therian, M|100/100|[from] U-turn
|-ability|p2a: God is always good|Intimidate|boost
|-unboost|p1a: Quaquaval|atk|1
|
|-weather|Sandstorm|[upkeep]
|-damage|p1a: Quaquaval|41/100|[from] Sandstorm
|upkeep
|turn|4
|
|t:|1760306884
|move|p2a: God is always good|Earthquake|p1a: Quaquaval
|-damage|p1a: Quaquaval|0 fnt
|faint|p1a: Quaquaval
|
|-weather|Sandstorm|[upkeep]
|upkeep
|
|t:|1760306886
|switch|p1a: Enamorus|Enamorus, F|100/100
|turn|5
|
|t:|1760306890
|switch|p2a: I U-turn on U|Cinderace, M|100/100
|move|p1a: Enamorus|Moonblast|p2a: I U-turn on U
|-resisted|p2a: I U-turn on U
|-damage|p2a: I U-turn on U|54/100
|
|-weather|none
|upkeep
|turn|6
|
|t:|1760306895
|move|p2a: I U-turn on U|U-turn|p1a: Enamorus
|-start|p2a: I U-turn on U|typechange|Bug|[from] ability: Libero
|-resisted|p1a: Enamorus
|-damage|p1a: Enamorus|88/100
|
|t:|1760306897
|switch|p2a: I AM PRESSURE|Corviknight, F|54/100|[from] U-turn
|-ability|p2a: I AM PRESSURE|Pressure
|move|p1a: Enamorus|Earth Power|p2a: I AM PRESSURE
|-immune|p2a: I AM PRESSURE
|
|upkeep
|turn|7
|
|t:|1760306903
|move|p1a: Enamorus|Moonblast|p2a: I AM PRESSURE
|-resisted|p2a: I AM PRESSURE
|-damage|p2a: I AM PRESSURE|27/100
|-unboost|p2a: I AM PRESSURE|spa|1
|move|p2a: I AM PRESSURE|U-turn|p1a: Enamorus
|-resisted|p1a: Enamorus
|-damage|p1a: Enamorus|82/100
|
|t:|1760306911
|switch|p2a: I U-turn on U|Cinderace, M|54/100|[from] U-turn
|
|upkeep
|turn|8
|
|t:|1760306917
|move|p2a: I U-turn on U|U-turn|p1a: Enamorus
|-start|p2a: I U-turn on U|typechange|Bug|[from] ability: Libero
|-resisted|p1a: Enamorus
|-damage|p1a: Enamorus|70/100
|
|t:|1760306919
|switch|p2a: I AM PRESSURE|Corviknight, F|27/100|[from] U-turn
|-ability|p2a: I AM PRESSURE|Pressure
|move|p1a: Enamorus|Earth Power|p2a: I AM PRESSURE
|-immune|p2a: I AM PRESSURE
|
|upkeep
|turn|9
|
|t:|1760306922
|switch|p2a: I U-turn on U|Cinderace, M|54/100
|move|p1a: Enamorus|Moonblast|p2a: I U-turn on U
|-resisted|p2a: I U-turn on U
|-damage|p2a: I U-turn on U|6/100
|-unboost|p2a: I U-turn on U|spa|1
|
|upkeep
|turn|10
|
|t:|1760306926
|move|p2a: I U-turn on U|U-turn|p1a: Enamorus
|-start|p2a: I U-turn on U|typechange|Bug|[from] ability: Libero
|-resisted|p1a: Enamorus
|-damage|p1a: Enamorus|57/100
|
|t:|1760306928
|switch|p2a: I AM PRESSURE|Corviknight, F|27/100|[from] U-turn
|-ability|p2a: I AM PRESSURE|Pressure
|move|p1a: Enamorus|Moonblast|p2a: I AM PRESSURE
|-resisted|p2a: I AM PRESSURE
|-crit|p2a: I AM PRESSURE
|-damage|p2a: I AM PRESSURE|0 fnt
|faint|p2a: I AM PRESSURE
|
|upkeep
|
|t:|1760306930
|switch|p2a: Steinlos|Dragapult, M, shiny|100/100
|turn|11
|
|t:|1760306934
|switch|p1a: Iron Treads|Iron Treads|100/100
|-enditem|p1a: Iron Treads|Booster Energy
|-activate|p1a: Iron Treads|ability: Quark Drive|[fromitem]
|-start|p1a: Iron Treads|quarkdriveatk
|move|p2a: Steinlos|Shadow Ball|p1a: Iron Treads
|-damage|p1a: Iron Treads|33/100
|
|upkeep
|turn|12
|
|t:|1760306938
|move|p2a: Steinlos|Shadow Ball|p1a: Iron Treads
|-damage|p1a: Iron Treads|0 fnt
|faint|p1a: Iron Treads
|-end|p1a: Iron Treads|Quark Drive|[silent]
|
|upkeep
|
|t:|1760306939
|switch|p1a: Ceruledge|Ceruledge, F|100/100
|turn|13
|
|t:|1760306942
|switch|p2a: SteinBahn|Tyranitar, M, shiny|73/100
|-weather|Sandstorm|[from] ability: Sand Stream|[of] p2a: SteinBahn
|move|p1a: Ceruledge|Swords Dance|p1a: Ceruledge
|-boost|p1a: Ceruledge|atk|2
|
|-weather|Sandstorm|[upkeep]
|-damage|p1a: Ceruledge|94/100|[from] Sandstorm
|upkeep
|turn|14
|
|t:|1760306946
|-terastallize|p2a: SteinBahn|Ghost
|move|p1a: Ceruledge|Bitter Blade|p2a: SteinBahn
|-damage|p2a: SteinBahn|0 fnt
|-heal|p1a: Ceruledge|100/100|[from] drain|[of] p2a: SteinBahn
|faint|p2a: SteinBahn
|
|-weather|Sandstorm|[upkeep]
|-damage|p1a: Ceruledge|94/100|[from] Sandstorm
|upkeep
|
|t:|1760306951
|switch|p2a: God is always good|Landorus-Therian, M|100/100
|-ability|p2a: God is always good|Intimidate|boost
|-unboost|p1a: Ceruledge|atk|1
|turn|15
|
|t:|1760306965
|switch|p1a: Enamorus|Enamorus, F|57/100
|move|p2a: God is always good|Stone Edge|p1a: Enamorus|[miss]
|-miss|p2a: God is always good|p1a: Enamorus
|
|-weather|Sandstorm|[upkeep]
|-damage|p1a: Enamorus|51/100|[from] Sandstorm
|upkeep
|turn|16
|
|t:|1760306969
|switch|p1a: Gholdengo|Gholdengo|100/100
|-item|p1a: Gholdengo|Air Balloon
|move|p2a: God is always good|Stone Edge|p1a: Gholdengo
|-resisted|p1a: Gholdengo
|-damage|p1a: Gholdengo|79/100
|-enditem|p1a: Gholdengo|Air Balloon
|
|-weather|Sandstorm|[upkeep]
|upkeep
|turn|17
|
|t:|1760306973
|switch|p2a: Steinbrecher|Conkeldurr, M, shiny|100/100
|move|p1a: Gholdengo|Make It Rain|p2a: Steinbrecher
|-damage|p2a: Steinbrecher|6/100
|-unboost|p1a: Gholdengo|spa|1
|
|-weather|none
|-status|p2a: Steinbrecher|brn|[from] item: Flame Orb
|upkeep
|turn|18
|
|t:|1760306977
|move|p1a: Gholdengo|Shadow Ball|p2a: Steinbrecher
|-damage|p2a: Steinbrecher|0 fnt
|faint|p2a: Steinbrecher
|
|upkeep
|
|t:|1760306981
|switch|p2a: Steinlos|Dragapult, M, shiny|100/100
|turn|19
|
|t:|1760306986
|-terastallize|p1a: Gholdengo|Fairy
|move|p2a: Steinlos|Shadow Ball|p1a: Gholdengo
|-damage|p1a: Gholdengo|14/100
|move|p1a: Gholdengo|Shadow Ball|p2a: Steinlos
|-supereffective|p2a: Steinlos
|-damage|p2a: Steinlos|20/100
|
|upkeep
|turn|20
|
|t:|1760306989
|move|p2a: Steinlos|Shadow Ball|p1a: Gholdengo
|-damage|p1a: Gholdengo|0 fnt
|faint|p1a: Gholdengo
|
|upkeep
|
|t:|1760306991
|switch|p1a: Ceruledge|Ceruledge, F|94/100
|turn|21
|
|t:|1760306993
|move|p1a: Ceruledge|Shadow Sneak|p2a: Steinlos
|-supereffective|p2a: Steinlos
|-damage|p2a: Steinlos|0 fnt
|faint|p2a: Steinlos
|
|upkeep
|
|t:|1760306995
|switch|p2a: God is always good|Landorus-Therian, M|100/100
|-ability|p2a: God is always good|Intimidate|boost
|-unboost|p1a: Ceruledge|atk|1
|turn|22
|
|t:|1760307001
|move|p2a: God is always good|Stone Edge|p1a: Ceruledge|[miss]
|-miss|p2a: God is always good|p1a: Ceruledge
|move|p1a: Ceruledge|Poltergeist|p2a: God is always good
|-activate|p2a: God is always good|move: Poltergeist|Choice Scarf
|-damage|p2a: God is always good|56/100
|
|upkeep
|turn|23
|
|t:|1760307005
|move|p2a: God is always good|Stone Edge|p1a: Ceruledge|[miss]
|-miss|p2a: God is always good|p1a: Ceruledge
|move|p1a: Ceruledge|Bitter Blade|p2a: God is always good
|-damage|p2a: God is always good|19/100
|-heal|p1a: Ceruledge|100/100|[from] drain|[of] p2a: God is always good
|
|upkeep
|turn|24
|-message|pepinoloko forfeited.
|
|win|specstacular
|raw|specstacular's rating: 1629 &rarr; <strong>1648</strong><br />(+19 for winning)
|raw|pepinoloko's rating: 1607 &rarr; <strong>1588</strong><br />(-19 for losing)
|l|☆pepinoloko
|player|p2|
|l|☆specstacular
|player|p1|
