|j|☆TheRealMuney
|j|☆bmove
|t:|1760365273
|gametype|singles
|player|p1|TheRealMuney|n|1307
|player|p2|bmove|170|1269
|gen|9
|tier|[Gen 9] OU
|rated|
|rule|HP Percentage Mod: HP is shown in percentages
|rule|Endless Battle Clause: Forcing endless battles is banned
|rule|Species Clause: Limit one of each Pokémon
|rule|OHKO Clause: OHKO moves are banned
|rule|Evasion Items Clause: Evasion items are banned
|rule|Evasion Moves Clause: Evasion moves are banned
|rule|Evasion Abilities Clause: Evasion abilities are banned
|rule|Sleep Moves Clause: Sleep-inducing moves are banned
|clearpoke
|poke|p1|Ting-Lu|
|poke|p1|Clefable, F|
|poke|p1|Greninja-*, M|
|poke|p1|Forretress, M|
|poke|p1|Typhlosion-Hisui, F|
|poke|p1|Florges, F|
|poke|p2|Deoxys-Speed|
|poke|p2|Indeedee, M|
|poke|p2|Armarouge, M|
|poke|p2|Hawlucha, F|
|poke|p2|Great Tusk|
|poke|p2|Primarina, M|
|teampreview
|inactive|Battle timer is ON: inactive players will automatically lose when time's up. (requested by bmove)
|inactive|TheRealMuney has 120 seconds left.
|
|t:|1760365329
|teamsize|p1|6
|teamsize|p2|6
|start
|switch|p1a: Forretress|Forretress, M|100/100
|switch|p2a: Indeedee|Indeedee, M|100/100
|-fieldstart|move: Psychic Terrain|[from] ability: Psychic Surge|[of] p2a: Indeedee
|turn|1
|
|t:|1760365332
|move|p2a: Indeedee|Trick|p1a: Forretress
|-activate|p2a: Indeedee|move: Trick|[of] p1a: Forretress
|-item|p1a: Forretress|Choice Scarf|[from] move: Trick
|-item|p2a: Indeedee|Heavy-Duty Boots|[from] move: Trick
|move|p1a: Forretress|Stealth Rock|p2a: Indeedee
|-sidestart|p2: bmove|move: Stealth Rock
|
|upkeep
|turn|2
|
|t:|1760365346
|switch|p1a: Ting-Lu|Ting-Lu|100/100
|-ability|p1a: Ting-Lu|Vessel of Ruin
|move|p2a: Indeedee|Hyper Voice|p1a: Ting-Lu
|-damage|p1a: Ting-Lu|78/100
|
|upkeep
|turn|3
|
|t:|1760365352
|switch|p2a: Great Tusk|Great Tusk|100/100
|-damage|p2a: Great Tusk|98/100|[from] Stealth Rock
|move|p1a: Ting-Lu|Ruination|p2a: Great Tusk
|-damage|p2a: Great Tusk|49/100
|
|upkeep
|turn|4
|
|t:|1760365361
|switch|p1a: Forretress|Forretress, M|100/100
|move|p2a: Great Tusk|Body Press|p1a: Forretress
|-damage|p1a: Forretress|73/100
|
|upkeep
|turn|5
|
|t:|1760365371
|switch|p1a: Typhlosion|Typhlosion-Hisui, F|100/100
|move|p2a: Great Tusk|Rapid Spin|p1a: Typhlosion
|-immune|p1a: Typhlosion
|
|-fieldend|move: Psychic Terrain
|upkeep
|turn|6
|
|t:|1760365384
|-terastallize|p1a: Typhlosion|Fire
|move|p1a: Typhlosion|Eruption|p2a: Great Tusk
|-damage|p2a: Great Tusk|0 fnt
|faint|p2a: Great Tusk
|-end|p2a: Great Tusk|Protosynthesis|[silent]
|
|upkeep
|
|t:|1760365396
|switch|p2a: Primarina|Primarina, M|100/100
|-damage|p2a: Primarina|88/100|[from] Stealth Rock
|turn|7
|
|t:|1760365401
|switch|p1a: Florges|Florges, F|100/100
|move|p2a: Primarina|Flip Turn|p1a: Florges
|-damage|p1a: Florges|83/100
|
|t:|1760365407
|switch|p2a: Indeedee|Indeedee, M|100/100|[from] Flip Turn
|-fieldstart|move: Psychic Terrain|[from] ability: Psychic Surge|[of] p2a: Indeedee
|
|upkeep
|turn|8
|
|t:|1760365417
|move|p2a: Indeedee|Expanding Force|p1a: Florges
|-damage|p1a: Florges|57/100
|move|p1a: Florges|Moonblast|p2a: Indeedee
|-damage|p2a: Indeedee|48/100
|-unboost|p2a: Indeedee|spa|1
|
|upkeep
|turn|9
|
|t:|1760365439
|switch|p2a: Primarina|Primarina, M|88/100
|-damage|p2a: Primarina|76/100|[from] Stealth Rock
|switch|p1a: Ting-Lu|Ting-Lu|78/100
|-ability|p1a: Ting-Lu|Vessel of Ruin
|
|upkeep
|turn|10
|
|t:|1760365447
|switch|p1a: Florges|Florges, F|57/100
|move|p2a: Primarina|Surf|p1a: Florges
|-damage|p1a: Florges|40/100
|
|upkeep
|turn|11
|
|t:|1760365456
|move|p1a: Florges|Energy Ball|p2a: Primarina
|-supereffective|p2a: Primarina
|-damage|p2a: Primarina|50/100
|move|p2a: Primarina|Flip Turn|p1a: Florges
|-damage|p1a: Florges|20/100
|
|t:|1760365464
|switch|p2a: Hawlucha|Hawlucha, F|100/100|[from] Flip Turn
|-damage|p2a: Hawlucha|88/100|[from] Stealth Rock
|-enditem|p2a: Hawlucha|Psychic Seed
|-boost|p2a: Hawlucha|spd|1|[from] item: Psychic Seed
|
|-fieldend|move: Psychic Terrain
|upkeep
|turn|12
|
|t:|1760365478
|switch|p1a: Ting-Lu|Ting-Lu|78/100
|-ability|p1a: Ting-Lu|Vessel of Ruin
|move|p2a: Hawlucha|Swords Dance|p2a: Hawlucha
|-boost|p2a: Hawlucha|atk|2
|
|upkeep
|turn|13
|
|t:|1760365481
|move|p2a: Hawlucha|Close Combat|p1a: Ting-Lu
|-supereffective|p1a: Ting-Lu
|-damage|p1a: Ting-Lu|0 fnt
|-unboost|p2a: Hawlucha|def|1
|-unboost|p2a: Hawlucha|spd|1
|faint|p1a: Ting-Lu
|
|upkeep
|
|t:|1760365492
|switch|p1a: Forretress|Forretress, M|73/100
|turn|14
|
|t:|1760365496
|move|p2a: Hawlucha|Acrobatics|p1a: Forretress
|-damage|p1a: Forretress|22/100
|move|p1a: Forretress|Volt Switch|p2a: Hawlucha
|-supereffective|p2a: Hawlucha
|-damage|p2a: Hawlucha|60/100
|
|t:|1760365505
|switch|p1a: Typhlosion|Typhlosion-Hisui, F, tera:Fire|100/100|[from] Volt Switch
|
|upkeep
|turn|15
|
|t:|1760365510
|switch|p1a: Forretress|Forretress, M|22/100
|move|p2a: Hawlucha|Acrobatics|p1a: Forretress
|-damage|p1a: Forretress|0 fnt
|faint|p1a: Forretress
|
|upkeep
|
|t:|1760365517
|switch|p1a: Clefable|Clefable, F|100/100
|turn|16
|
|t:|1760365523
|move|p2a: Hawlucha|Acrobatics|p1a: Clefable
|-damage|p1a: Clefable|48/100
|move|p1a: Clefable|Reflect|p1a: Clefable
|-sidestart|p1: TheRealMuney|Reflect
|
|upkeep
|turn|17
|
|t:|1760365532
|move|p2a: Hawlucha|Swords Dance|p2a: Hawlucha
|-boost|p2a: Hawlucha|atk|2
|move|p1a: Clefable|Moonblast|p2a: Hawlucha
|-supereffective|p2a: Hawlucha
|-damage|p2a: Hawlucha|0 fnt
|faint|p2a: Hawlucha
|
|upkeep
|
|t:|1760365537
|switch|p2a: Indeedee|Indeedee, M|48/100
|-fieldstart|move: Psychic Terrain|[from] ability: Psychic Surge|[of] p2a: Indeedee
|turn|18
|
|t:|1760365552
|move|p2a: Indeedee|Expanding Force|p1a: Clefable
|-damage|p1a: Clefable|0 fnt
|faint|p1a: Clefable
|
|upkeep
|
|t:|1760365557
|switch|p1a: Greninja|Greninja, M|100/100
|turn|19
|
|t:|1760365563
|move|p1a: Greninja|Dark Pulse|p2a: Indeedee
|-supereffective|p2a: Indeedee
|-damage|p2a: Indeedee|0 fnt
|faint|p2a: Indeedee
|-ability|p1a: Greninja|Battle Bond|boost
|-boost|p1a: Greninja|atk|1
|-boost|p1a: Greninja|spa|1
|-boost|p1a: Greninja|spe|1
|-activate|p1a: Greninja|ability: Battle Bond
|-damage|p1a: Greninja|91/100|[from] item: Life Orb
|
|upkeep
|
|t:|1760365573
|switch|p2a: Armarouge|Armarouge, M|100/100
|-damage|p2a: Armarouge|76/100|[from] Stealth Rock
|turn|20
|
|t:|1760365579
|-terastallize|p2a: Armarouge|Fighting
|move|p1a: Greninja|Surf|p2a: Armarouge
|-crit|p2a: Armarouge
|-damage|p2a: Armarouge|0 fnt
|faint|p2a: Armarouge
|-damage|p1a: Greninja|81/100|[from] item: Life Orb
|
|upkeep
|
|t:|1760365585
|switch|p2a: Deoxys|Deoxys-Speed|100/100
|-damage|p2a: Deoxys|88/100|[from] Stealth Rock
|-ability|p2a: Deoxys|Pressure
|turn|21
|
|t:|1760365589
|move|p1a: Greninja|Dark Pulse|p2a: Deoxys
|-supereffective|p2a: Deoxys
|-damage|p2a: Deoxys|0 fnt
|faint|p2a: Deoxys
|-damage|p1a: Greninja|71/100|[from] item: Life Orb
|
|upkeep
|-message|bmove forfeited.
|
|win|TheRealMuney
|raw|TheRealMuney's rating: 1307 &rarr; <strong>1325</strong><br />(+18 for winning)
|raw|bmove's rating: 1269 &rarr; <strong>1247</strong><br />(-22 for losing)
|l|☆bmove
|player|p2|
|l|☆TheRealMuney
|player|p1|
