|j|☆i hate aaa
|j|☆henry_124565
|t:|1760314413
|gametype|singles
|player|p1|i hate aaa|sailor-gen6|1150
|player|p2|henry_124565|red|1105
|gen|9
|tier|[Gen 9] OU
|rated|
|rule|HP Percentage Mod: HP is shown in percentages
|rule|Endless Battle Clause: Forcing endless battles is banned
|rule|Species Clause: Limit one of each Pokémon
|rule|OHKO Clause: OHKO moves are banned
|rule|Evasion Items Clause: Evasion items are banned
|rule|Evasion Moves Clause: Evasion moves are banned
|rule|Evasion Abilities Clause: Evasion abilities are banned
|rule|Sleep Moves Clause: Sleep-inducing moves are banned
|clearpoke
|poke|p1|Ogerpon-Cornerstone, F|
|poke|p1|Raging Bolt|
|poke|p1|Gholdengo|
|poke|p1|Enamorus, F|
|poke|p1|Samurott-Hisui, F|
|poke|p1|Ribombee, F|
|poke|p2|Regidrago|
|poke|p2|Lycanroc, F|
|poke|p2|Polteageist|
|poke|p2|Empoleon, M|
|poke|p2|Breloom, M|
|poke|p2|Granbull, M|
|teampreview
|inactive|Battle timer is ON: inactive players will automatically lose when time's up. (requested by i hate aaa)
|
|t:|1760314418
|teamsize|p1|6
|teamsize|p2|6
|start
|switch|p1a: Ribombee|Ribombee, F|100/100
|switch|p2a: Regidrago|Regidrago|100/100
|turn|1
|
|t:|1760314425
|switch|p2a: Polteageist|Polteageist|100/100
|move|p1a: Ribombee|Sticky Web|p2a: Polteageist
|-sidestart|p2: henry_124565|move: Sticky Web
|
|upkeep
|turn|2
|
|t:|1760314428
|move|p1a: Ribombee|Stun Spore|p2a: Polteageist
|-status|p2a: Polteageist|par
|move|p2a: Polteageist|Shell Smash|p2a: Polteageist
|-unboost|p2a: Polteageist|def|1
|-unboost|p2a: Polteageist|spd|1
|-boost|p2a: Polteageist|atk|2
|-boost|p2a: Polteageist|spa|2
|-boost|p2a: Polteageist|spe|2
|-enditem|p2a: Polteageist|White Herb
|-clearnegativeboost|p2a: Polteageist|[silent]
|
|upkeep
|turn|3
|
|t:|1760314432
|move|p1a: Ribombee|Moonblast|p2a: Polteageist
|-damage|p2a: Polteageist|66/100 par
|-unboost|p2a: Polteageist|spa|1
|move|p2a: Polteageist|Stored Power|p1a: Ribombee
|-enditem|p1a: Ribombee|Focus Sash
|-damage|p1a: Ribombee|1/100
|
|upkeep
|turn|4
|
|t:|1760314438
|move|p1a: Ribombee|Moonblast|p2a: Polteageist
|-damage|p2a: Polteageist|29/100 par
|move|p2a: Polteageist|Tera Blast|p1a: Ribombee
|-damage|p1a: Ribombee|0 fnt
|faint|p1a: Ribombee
|
|upkeep
|
|t:|1760314443
|switch|p1a: Samurott|Samurott-Hisui, F|100/100
|turn|5
|
|t:|1760314447
|move|p1a: Samurott|Ceaseless Edge|p2a: Polteageist
|-supereffective|p2a: Polteageist
|-damage|p2a: Polteageist|0 fnt
|-sidestart|p2: henry_124565|Spikes
|faint|p2a: Polteageist
|
|upkeep
|
|t:|1760314455
|switch|p2a: Regidrago|Regidrago|100/100
|-activate|p2a: Regidrago|move: Sticky Web
|-unboost|p2a: Regidrago|spe|1
|-damage|p2a: Regidrago|88/100|[from] Spikes
|turn|6
|
|t:|1760314458
|move|p2a: Regidrago|Dragon Energy|p1a: Samurott
|-damage|p1a: Samurott|0 fnt
|faint|p1a: Samurott
|
|upkeep
|
|t:|1760314461
|switch|p1a: Enamorus|Enamorus, F|100/100
|turn|7
|
|t:|1760314466
|switch|p2a: Lycanroc|Lycanroc, F|100/100
|-activate|p2a: Lycanroc|move: Sticky Web
|-unboost|p2a: Lycanroc|spe|1
|-damage|p2a: Lycanroc|88/100|[from] Spikes
|-terastallize|p1a: Enamorus|Stellar
|move|p1a: Enamorus|Tera Blast|p2a: Lycanroc|[anim] Tera Blast Stellar
|-damage|p2a: Lycanroc|0 fnt
|-boost|p1a: Enamorus|atk|1
|-boost|p1a: Enamorus|spa|1
|faint|p2a: Lycanroc
|
|upkeep
|
|t:|1760314477
|switch|p2a: Empoleon|Empoleon, M|100/100
|-activate|p2a: Empoleon|move: Sticky Web
|-unboost|p2a: Empoleon|spe|1
|-ability|p2a: Empoleon|Competitive|boost
|-boost|p2a: Empoleon|spa|2
|-damage|p2a: Empoleon|88/100|[from] Spikes
|turn|8
|
|t:|1760314480
|move|p1a: Enamorus|Tera Blast|p2a: Empoleon|[anim] Tera Blast Stellar
|-damage|p2a: Empoleon|0 fnt
|-boost|p1a: Enamorus|atk|1
|-boost|p1a: Enamorus|spa|1
|faint|p2a: Empoleon
|
|upkeep
|
|t:|1760314495
|switch|p2a: Granbull|Granbull, M, shiny|100/100
|-activate|p2a: Granbull|move: Sticky Web
|-unboost|p2a: Granbull|spe|1
|-damage|p2a: Granbull|88/100|[from] Spikes
|-ability|p2a: Granbull|Intimidate|boost
|-boost|p1a: Enamorus|atk|1
|turn|9
|
|t:|1760314500
|move|p1a: Enamorus|Tera Blast|p2a: Granbull|[anim] Tera Blast Stellar
|-damage|p2a: Granbull|0 fnt
|-boost|p1a: Enamorus|atk|1
|-boost|p1a: Enamorus|spa|1
|faint|p2a: Granbull
|
|upkeep
|c|☆henry_124565|Hacks?
|
|t:|1760314512
|switch|p2a: Breloom|Breloom, M, shiny|100/100
|-activate|p2a: Breloom|move: Sticky Web
|-unboost|p2a: Breloom|spe|1
|-damage|p2a: Breloom|88/100|[from] Spikes
|turn|10
|c|☆i hate aaa|what
|
|t:|1760314516
|move|p1a: Enamorus|Tera Blast|p2a: Breloom|[anim] Tera Blast Stellar
|-damage|p2a: Breloom|0 fnt
|-boost|p1a: Enamorus|atk|1
|-boost|p1a: Enamorus|spa|1
|faint|p2a: Breloom
|
|upkeep
|c|☆i hate aaa|its tera stellar specs tera blast
|c|☆i hate aaa|my spa is 1822
|c|☆henry_124565|Your not supposed to get a boost
|
|t:|1760314533
|switch|p2a: Regidrago|Regidrago|88/100
|-activate|p2a: Regidrago|move: Sticky Web
|-unboost|p2a: Regidrago|spe|1
|-damage|p2a: Regidrago|76/100|[from] Spikes
|turn|11
|c|☆i hate aaa|tera stellar tera blast drops both attacking stats by 1 stage
|c|☆i hate aaa|I have contrary
|c|☆i hate aaa|so they both raise one stage
|
|t:|1760314556
|-terastallize|p2a: Regidrago|Steel
|move|p1a: Enamorus|Tera Blast|p2a: Regidrago|[anim] Tera Blast Stellar
|-supereffective|p2a: Regidrago
|-damage|p2a: Regidrago|0 fnt
|-boost|p1a: Enamorus|atk|1
|-boost|p1a: Enamorus|spa|1
|faint|p2a: Regidrago
|
|win|i hate aaa
|raw|i hate aaa's rating: 1150 &rarr; <strong>1172</strong><br />(+22 for winning)
|raw|henry_124565's rating: 1105 &rarr; <strong>1083</strong><br />(-22 for losing)
