|j|☆goshdarnittt
|j|☆BigG5
|t:|1760449309
|gametype|singles
|player|p1|goshdarnittt|2|1639
|player|p2|BigG5|1|1603
|gen|9
|tier|[Gen 9] OU
|rated|
|rule|HP Percentage Mod: HP is shown in percentages
|rule|Endless Battle Clause: Forcing endless battles is banned
|rule|Species Clause: Limit one of each Pokémon
|rule|OHKO Clause: OHKO moves are banned
|rule|Evasion Items Clause: Evasion items are banned
|rule|Evasion Moves Clause: Evasion moves are banned
|rule|Evasion Abilities Clause: Evasion abilities are banned
|rule|Sleep Moves Clause: Sleep-inducing moves are banned
|clearpoke
|poke|p1|Tornadus-Therian, M|
|poke|p1|Iron Valiant|
|poke|p1|Great Tusk|
|poke|p1|Hatterene, F|
|poke|p1|Garchomp, M|
|poke|p1|Gholdengo|
|poke|p2|Pelipper, M|
|poke|p2|Moltres|
|poke|p2|Basculegion, M|
|poke|p2|Raging Bolt|
|poke|p2|Iron Treads|
|poke|p2|Keldeo|
|teampreview
|inactive|Battle timer is ON: inactive players will automatically lose when time's up. (requested by BigG5)
|
|t:|1760449324
|teamsize|p1|6
|teamsize|p2|6
|start
|switch|p1a: Tornadus|Tornadus-Therian, M|100/100
|switch|p2a: Keldeo|Keldeo|100/100
|turn|1
|
|t:|1760449340
|switch|p2a: Iron Treads|Iron Treads|100/100
|-item|p2a: Iron Treads|Air Balloon
|move|p1a: Tornadus|Knock Off|p2a: Iron Treads
|-damage|p2a: Iron Treads|85/100
|-enditem|p2a: Iron Treads|Air Balloon
|
|upkeep
|turn|2
|
|t:|1760449358
|switch|p1a: Garchomp|Garchomp, M|100/100
|move|p2a: Iron Treads|Stealth Rock|p1a: Garchomp
|-sidestart|p1: goshdarnittt|move: Stealth Rock
|
|upkeep
|turn|3
|
|t:|1760449368
|-end|p2a: Iron Treads|Quark Drive|[silent]
|switch|p2a: Pelipper|Pelipper, M|100/100
|-weather|RainDance|[from] ability: Drizzle|[of] p2a: Pelipper
|move|p1a: Garchomp|Stealth Rock|p2a: Pelipper
|-sidestart|p2: BigG5|move: Stealth Rock
|
|-weather|RainDance|[upkeep]
|upkeep
|turn|4
|
|t:|1760449385
|switch|p2a: Moltres|Moltres|100/100
|move|p1a: Garchomp|Dragon Tail|p2a: Moltres
|-damage|p2a: Moltres|81/100
|-status|p1a: Garchomp|brn|[from] ability: Flame Body|[of] p2a: Moltres
|drag|p2a: Iron Treads|Iron Treads|85/100
|-damage|p2a: Iron Treads|81/100|[from] Stealth Rock
|
|-weather|RainDance|[upkeep]
|-damage|p1a: Garchomp|94/100 brn|[from] brn
|upkeep
|turn|5
|
|t:|1760449390
|move|p2a: Iron Treads|Rapid Spin|p1a: Garchomp
|-damage|p1a: Garchomp|84/100 brn
|-boost|p2a: Iron Treads|spe|1
|-damage|p2a: Iron Treads|69/100|[from] ability: Rough Skin|[of] p1a: Garchomp
|-damage|p2a: Iron Treads|52/100|[from] item: Rocky Helmet|[of] p1a: Garchomp
|-sideend|p2: BigG5|Stealth Rock|[from] move: Rapid Spin|[of] p2a: Iron Treads
|move|p1a: Garchomp|Earthquake|p2a: Iron Treads
|-supereffective|p2a: Iron Treads
|-damage|p2a: Iron Treads|22/100
|
|-weather|RainDance|[upkeep]
|-damage|p1a: Garchomp|78/100 brn|[from] brn
|upkeep
|turn|6
|
|t:|1760449400
|-end|p2a: Iron Treads|Quark Drive|[silent]
|switch|p2a: Keldeo|Keldeo|100/100
|move|p1a: Garchomp|Stealth Rock|p2a: Keldeo
|-sidestart|p2: BigG5|move: Stealth Rock
|
|-weather|RainDance|[upkeep]
|-damage|p1a: Garchomp|72/100 brn|[from] brn
|upkeep
|turn|7
|
|t:|1760449409
|switch|p1a: Hatterene|Hatterene, F|100/100
|-damage|p1a: Hatterene|88/100|[from] Stealth Rock
|move|p2a: Keldeo|Surf|p1a: Hatterene
|-damage|p1a: Hatterene|12/100
|
|-weather|RainDance|[upkeep]
|upkeep
|turn|8
|
|t:|1760449416
|move|p2a: Keldeo|Flip Turn|p1a: Hatterene
|-damage|p1a: Hatterene|0 fnt
|-damage|p2a: Keldeo|84/100|[from] item: Rocky Helmet|[of] p1a: Hatterene
|faint|p1a: Hatterene
|
|t:|1760449421
|switch|p2a: Basculegion|Basculegion, M, shiny|100/100|[from] Flip Turn
|-damage|p2a: Basculegion|88/100|[from] Stealth Rock
|
|-weather|RainDance|[upkeep]
|upkeep
|
|t:|1760449430
|switch|p1a: Garchomp|Garchomp, M|72/100 brn
|-damage|p1a: Garchomp|66/100 brn|[from] Stealth Rock
|turn|9
|
|t:|1760449434
|move|p2a: Basculegion|Wave Crash|p1a: Garchomp
|-damage|p1a: Garchomp|0 fnt
|-damage|p2a: Basculegion|76/100|[from] ability: Rough Skin|[of] p1a: Garchomp
|-damage|p2a: Basculegion|59/100|[from] item: Rocky Helmet|[of] p1a: Garchomp
|faint|p1a: Garchomp
|-damage|p2a: Basculegion|36/100|[from] Recoil
|
|-weather|RainDance|[upkeep]
|upkeep
|
|t:|1760449450
|switch|p1a: Great Tusk|Great Tusk|100/100
|-damage|p1a: Great Tusk|98/100|[from] Stealth Rock
|-enditem|p1a: Great Tusk|Booster Energy
|-activate|p1a: Great Tusk|ability: Protosynthesis|[fromitem]
|-start|p1a: Great Tusk|protosynthesisspe
|turn|10
|inactive|goshdarnittt has 120 seconds left.
|
|t:|1760449481
|-terastallize|p1a: Great Tusk|Ice
|move|p2a: Basculegion|Wave Crash|p1a: Great Tusk
|-damage|p1a: Great Tusk|17/100
|-damage|p2a: Basculegion|6/100|[from] Recoil
|move|p1a: Great Tusk|Bulk Up|p1a: Great Tusk
|-boost|p1a: Great Tusk|atk|1
|-boost|p1a: Great Tusk|def|1
|
|-weather|none
|upkeep
|turn|11
|
|t:|1760449490
|move|p1a: Great Tusk|Ice Spinner|p2a: Basculegion
|-resisted|p2a: Basculegion
|-damage|p2a: Basculegion|0 fnt
|faint|p2a: Basculegion
|
|upkeep
|
|t:|1760449494
|switch|p2a: Keldeo|Keldeo|84/100
|turn|12
|
|t:|1760449499
|-end|p1a: Great Tusk|Protosynthesis|[silent]
|switch|p1a: Gholdengo|Gholdengo|100/100
|-damage|p1a: Gholdengo|94/100|[from] Stealth Rock
|move|p2a: Keldeo|Vacuum Wave|p1a: Gholdengo
|-immune|p1a: Gholdengo
|
|upkeep
|turn|13
|
|t:|1760449505
|move|p1a: Gholdengo|Dazzling Gleam|p2a: Keldeo
|-supereffective|p2a: Keldeo
|-damage|p2a: Keldeo|18/100
|move|p2a: Keldeo|Flip Turn|p1a: Gholdengo
|-damage|p1a: Gholdengo|77/100
|
|t:|1760449524
|switch|p2a: Iron Treads|Iron Treads|22/100|[from] Flip Turn
|-damage|p2a: Iron Treads|18/100|[from] Stealth Rock
|
|upkeep
|turn|14
|
|t:|1760449530
|move|p1a: Gholdengo|Dazzling Gleam|p2a: Iron Treads
|-resisted|p2a: Iron Treads
|-damage|p2a: Iron Treads|2/100
|move|p2a: Iron Treads|Earthquake|p1a: Gholdengo
|-supereffective|p1a: Gholdengo
|-damage|p1a: Gholdengo|0 fnt
|faint|p1a: Gholdengo
|
|upkeep
|
|t:|1760449550
|switch|p1a: Iron Valiant|Iron Valiant|100/100
|-damage|p1a: Iron Valiant|94/100|[from] Stealth Rock
|-enditem|p1a: Iron Valiant|Booster Energy
|-activate|p1a: Iron Valiant|ability: Quark Drive|[fromitem]
|-start|p1a: Iron Valiant|quarkdrivespe
|turn|15
|
|t:|1760449557
|move|p1a: Iron Valiant|Moonblast|p2a: Iron Treads
|-resisted|p2a: Iron Treads
|-damage|p2a: Iron Treads|0 fnt
|faint|p2a: Iron Treads
|-end|p2a: Iron Treads|Quark Drive|[silent]
|
|upkeep
|
|t:|1760449560
|switch|p2a: Pelipper|Pelipper, M|100/100
|-damage|p2a: Pelipper|76/100|[from] Stealth Rock
|-weather|RainDance|[from] ability: Drizzle|[of] p2a: Pelipper
|turn|16
|
|t:|1760449571
|move|p1a: Iron Valiant|Thunderbolt|p2a: Pelipper
|-supereffective|p2a: Pelipper
|-damage|p2a: Pelipper|0 fnt
|faint|p2a: Pelipper
|
|-weather|RainDance|[upkeep]
|upkeep
|
|t:|1760449576
|switch|p2a: Moltres|Moltres|81/100
|turn|17
|
|t:|1760449586
|move|p1a: Iron Valiant|Thunderbolt|p2a: Moltres
|-supereffective|p2a: Moltres
|-damage|p2a: Moltres|18/100
|move|p2a: Moltres|Hurricane|p1a: Iron Valiant
|-supereffective|p1a: Iron Valiant
|-damage|p1a: Iron Valiant|0 fnt
|faint|p1a: Iron Valiant
|-end|p1a: Iron Valiant|Quark Drive|[silent]
|
|-weather|RainDance|[upkeep]
|upkeep
|
|t:|1760449593
|switch|p1a: Great Tusk|Great Tusk, tera:Ice|17/100
|-damage|p1a: Great Tusk|0 fnt|[from] Stealth Rock
|faint|p1a: Great Tusk
|-end|p1a: Great Tusk|Protosynthesis|[silent]
|
|t:|1760449595
|switch|p1a: Tornadus|Tornadus-Therian, M|100/100
|-damage|p1a: Tornadus|76/100|[from] Stealth Rock
|turn|18
|
|t:|1760449600
|move|p1a: Tornadus|Bleakwind Storm|p2a: Moltres
|-damage|p2a: Moltres|0 fnt
|faint|p2a: Moltres
|
|-weather|RainDance|[upkeep]
|upkeep
|-message|goshdarnittt forfeited.
|
|win|BigG5
|raw|goshdarnittt's rating: 1639 &rarr; <strong>1617</strong><br />(-22 for losing)
|raw|BigG5's rating: 1603 &rarr; <strong>1625</strong><br />(+22 for winning)
|l|☆goshdarnittt
|player|p1|
