|j|☆4urelius_Ghastz
|j|☆Lasershiv
|t:|1760447205
|gametype|singles
|player|p1|4urelius_Ghastz|li|1096
|player|p2|Lasershiv|1|1087
|gen|9
|tier|[Gen 9] OU
|rated|
|rule|HP Percentage Mod: HP is shown in percentages
|rule|Endless Battle Clause: Forcing endless battles is banned
|rule|Species Clause: Limit one of each Pokémon
|rule|OHKO Clause: OHKO moves are banned
|rule|Evasion Items Clause: Evasion items are banned
|rule|Evasion Moves Clause: Evasion moves are banned
|rule|Evasion Abilities Clause: Evasion abilities are banned
|rule|Sleep Moves Clause: Sleep-inducing moves are banned
|clearpoke
|poke|p1|Quaquaval, F|
|poke|p1|Latias, F|
|poke|p1|Ogerpon-Cornerstone, F|
|poke|p1|Bastiodon, F|
|poke|p1|Primeape, F|
|poke|p1|Iron Moth|
|poke|p2|Kingambit, M|
|poke|p2|Dragonite, F|
|poke|p2|Great Tusk|
|poke|p2|Garganacl, M|
|poke|p2|Iron Moth|
|poke|p2|Ogerpon-Wellspring, F|
|teampreview
|inactive|Battle timer is ON: inactive players will automatically lose when time's up. (requested by 4urelius_Ghastz)
|
|t:|1760447222
|teamsize|p1|6
|teamsize|p2|6
|start
|switch|p1a: Primeape|Primeape, F|100/100
|switch|p2a: Garganacl|Garganacl, M|100/100
|turn|1
|
|t:|1760447234
|move|p1a: Primeape|Bulk Up|p1a: Primeape
|-boost|p1a: Primeape|atk|1
|-boost|p1a: Primeape|def|1
|move|p2a: Garganacl|Salt Cure|p1a: Primeape
|-resisted|p1a: Primeape
|-damage|p1a: Primeape|96/100
|-start|p1a: Primeape|Salt Cure
|
|-damage|p1a: Primeape|84/100|[from] Salt Cure
|upkeep
|turn|2
|
|t:|1760447253
|switch|p2a: Dragonite|Dragonite, F|100/100
|move|p1a: Primeape|Bulk Up|p1a: Primeape
|-boost|p1a: Primeape|atk|1
|-boost|p1a: Primeape|def|1
|
|-damage|p1a: Primeape|72/100|[from] Salt Cure
|upkeep
|turn|3
|
|t:|1760447268
|move|p1a: Primeape|Ice Punch|p2a: Dragonite
|-supereffective|p2a: Dragonite
|-damage|p2a: Dragonite|22/100
|move|p2a: Dragonite|Earthquake|p1a: Primeape
|-damage|p1a: Primeape|53/100
|
|-damage|p1a: Primeape|41/100|[from] Salt Cure
|upkeep
|turn|4
|inactive|Lasershiv has 120 seconds left.
|
|t:|1760447289
|switch|p2a: Ogerpon|Ogerpon-Wellspring, F|100/100
|move|p1a: Primeape|Drain Punch|p2a: Ogerpon
|-damage|p2a: Ogerpon|12/100
|-heal|p1a: Primeape|83/100|[from] drain|[of] p2a: Ogerpon
|
|-damage|p1a: Primeape|71/100|[from] Salt Cure
|upkeep
|turn|5
|inactive|Lasershiv has 120 seconds left.
|
|t:|1760447304
|move|p2a: Ogerpon|U-turn|p1a: Primeape
|-resisted|p1a: Primeape
|-damage|p1a: Primeape|64/100
|inactive|Lasershiv has 120 seconds left.
|
|t:|1760447317
|switch|p2a: Dragonite|Dragonite, F|22/100|[from] U-turn
|move|p1a: Primeape|Drain Punch|p2a: Dragonite
|-resisted|p2a: Dragonite
|-damage|p2a: Dragonite|0 fnt
|-heal|p1a: Primeape|77/100|[from] drain|[of] p2a: Dragonite
|faint|p2a: Dragonite
|
|-damage|p1a: Primeape|65/100|[from] Salt Cure
|upkeep
|
|t:|1760447332
|switch|p2a: Kingambit|Kingambit, M|100/100
|-activate|p2a: Kingambit|ability: Supreme Overlord
|-start|p2a: Kingambit|fallen1|[silent]
|turn|6
|
|t:|1760447340
|-terastallize|p2a: Kingambit|Fairy
|move|p2a: Kingambit|Sucker Punch|p1a: Primeape
|-resisted|p1a: Primeape
|-damage|p1a: Primeape|54/100
|move|p1a: Primeape|Drain Punch|p2a: Kingambit
|-resisted|p2a: Kingambit
|-damage|p2a: Kingambit|77/100
|-heal|p1a: Primeape|69/100|[from] drain|[of] p2a: Kingambit
|
|-heal|p2a: Kingambit|84/100|[from] item: Leftovers
|-damage|p1a: Primeape|57/100|[from] Salt Cure
|upkeep
|turn|7
|
|t:|1760447355
|-terastallize|p1a: Primeape|Ghost
|move|p1a: Primeape|Rage Fist|p2a: Kingambit
|-damage|p2a: Kingambit|0 fnt
|faint|p2a: Kingambit
|-end|p2a: Kingambit|fallen1|[silent]
|
|-damage|p1a: Primeape|45/100|[from] Salt Cure
|upkeep
|l|☆Lasershiv
|inactive|Lasershiv disconnected and has a minute to reconnect!
|player|p2|
|inactive|Lasershiv has 30 seconds to reconnect!
|inactive|Lasershiv has 20 seconds to reconnect!
|inactive|Lasershiv has 15 seconds to reconnect!
|inactive|Lasershiv has 10 seconds to reconnect!
|inactive|Lasershiv has 5 seconds to reconnect!
|-message|Lasershiv lost due to inactivity.
|
|win|4urelius_Ghastz
|raw|4urelius_Ghastz's rating: 1096 &rarr; <strong>1121</strong><br />(+25 for winning)
|raw|Lasershiv's rating: 1087 &rarr; <strong>1065</strong><br />(-22 for losing)
