|j|☆DeadlockedTheory
|j|☆WeRrsome
|t:|1760386334
|gametype|singles
|player|p1|DeadlockedTheory|169|1585
|player|p2|WeRrsome|170|1565
|gen|9
|tier|[Gen 9] OU
|rated|
|rule|HP Percentage Mod: HP is shown in percentages
|rule|Endless Battle Clause: Forcing endless battles is banned
|rule|Species Clause: Limit one of each Pokémon
|rule|OHKO Clause: OHKO moves are banned
|rule|Evasion Items Clause: Evasion items are banned
|rule|Evasion Moves Clause: Evasion moves are banned
|rule|Evasion Abilities Clause: Evasion abilities are banned
|rule|Sleep Moves Clause: Sleep-inducing moves are banned
|clearpoke
|poke|p1|Lokix, M|
|poke|p1|Cinderace, M|
|poke|p1|Great Tusk|
|poke|p1|Alomomola, F|
|poke|p1|Enamorus, F|
|poke|p1|Slowking-Galar, F|
|poke|p2|Araquanid, M|
|poke|p2|Dragonite, F|
|poke|p2|Magnezone|
|poke|p2|Landorus-Therian, M|
|poke|p2|Iron Treads|
|poke|p2|Gengar, F|
|teampreview
|
|t:|1760386337
|teamsize|p1|6
|teamsize|p2|6
|start
|switch|p1a: Lokix|Lokix, M|100/100
|switch|p2a: Landorus|Landorus-Therian, M|100/100
|-ability|p2a: Landorus|Intimidate|boost
|-unboost|p1a: Lokix|atk|1
|turn|1
|inactive|Battle timer is ON: inactive players will automatically lose when time's up. (requested by WeRrsome)
|
|t:|1760386345
|move|p2a: Landorus|U-turn|p1a: Lokix
|-supereffective|p1a: Lokix
|-damage|p1a: Lokix|25/100
|
|t:|1760386347
|switch|p2a: Dragonite|Dragonite, F|100/100|[from] U-turn
|move|p1a: Lokix|Knock Off|p2a: Dragonite
|-damage|p2a: Dragonite|85/100
|-damage|p1a: Lokix|9/100|[from] item: Rocky Helmet|[of] p2a: Dragonite
|-enditem|p2a: Dragonite|Rocky Helmet|[from] move: Knock Off|[of] p1a: Lokix
|
|upkeep
|turn|2
|
|t:|1760386360
|switch|p1a: Great Tusk|Great Tusk|100/100
|move|p2a: Dragonite|Thunder Wave|p1a: Great Tusk
|-immune|p1a: Great Tusk
|
|upkeep
|turn|3
|
|t:|1760386367
|switch|p2a: Araquanid|Araquanid, M|100/100
|move|p1a: Great Tusk|Bulk Up|p1a: Great Tusk
|-boost|p1a: Great Tusk|atk|1
|-boost|p1a: Great Tusk|def|1
|
|upkeep
|turn|4
|
|t:|1760386377
|move|p1a: Great Tusk|Bulk Up|p1a: Great Tusk
|-boost|p1a: Great Tusk|atk|1
|-boost|p1a: Great Tusk|def|1
|move|p2a: Araquanid|Liquidation|p1a: Great Tusk
|-supereffective|p1a: Great Tusk
|-damage|p1a: Great Tusk|65/100
|
|-heal|p1a: Great Tusk|72/100|[from] item: Leftovers
|upkeep
|turn|5
|
|t:|1760386388
|move|p1a: Great Tusk|Bulk Up|p1a: Great Tusk
|-boost|p1a: Great Tusk|atk|1
|-boost|p1a: Great Tusk|def|1
|move|p2a: Araquanid|Sticky Web|p1a: Great Tusk
|-sidestart|p1: DeadlockedTheory|move: Sticky Web
|
|-heal|p1a: Great Tusk|78/100|[from] item: Leftovers
|upkeep
|turn|6
|
|t:|1760386399
|switch|p2a: Gengar|Gengar, F|100/100
|move|p1a: Great Tusk|Bulk Up|p1a: Great Tusk
|-boost|p1a: Great Tusk|atk|1
|-boost|p1a: Great Tusk|def|1
|
|-heal|p1a: Great Tusk|84/100|[from] item: Leftovers
|upkeep
|turn|7
|
|t:|1760386411
|-end|p1a: Great Tusk|Protosynthesis|[silent]
|switch|p1a: Alomomola|Alomomola, F|100/100
|-activate|p1a: Alomomola|move: Sticky Web
|-unboost|p1a: Alomomola|spe|1
|-terastallize|p2a: Gengar|Ghost
|move|p2a: Gengar|Shadow Ball|p1a: Alomomola
|-damage|p1a: Alomomola|61/100
|
|upkeep
|turn|8
|
|t:|1760386421
|switch|p2a: Magnezone|Magnezone|100/100
|move|p1a: Alomomola|Mirror Coat||[still]
|-fail|p1a: Alomomola
|
|upkeep
|turn|9
|
|t:|1760386428
|move|p2a: Magnezone|Flash Cannon|p1a: Alomomola
|-resisted|p1a: Alomomola
|-damage|p1a: Alomomola|43/100
|move|p1a: Alomomola|Mirror Coat|p2a: Magnezone
|-damage|p2a: Magnezone|44/100
|
|upkeep
|turn|10
|
|t:|1760386440
|move|p2a: Magnezone|Flash Cannon|p1a: Alomomola
|-resisted|p1a: Alomomola
|-crit|p1a: Alomomola
|-damage|p1a: Alomomola|18/100
|move|p1a: Alomomola|Flip Turn|p2a: Magnezone
|-damage|p2a: Magnezone|31/100
|
|t:|1760386448
|switch|p1a: Cinderace|Cinderace, M|100/100|[from] Flip Turn
|
|upkeep
|turn|11
|
|t:|1760386454
|switch|p2a: Araquanid|Araquanid, M|100/100
|move|p1a: Cinderace|Court Change|p1a: Cinderace
|-swapsideconditions
|-activate|p1a: Cinderace|move: Court Change
|
|upkeep
|turn|12
|
|t:|1760386460
|move|p1a: Cinderace|U-turn|p2a: Araquanid
|-damage|p2a: Araquanid|80/100
|
|t:|1760386464
|switch|p1a: Lokix|Lokix, M|9/100|[from] U-turn
|move|p2a: Araquanid|Sticky Web|p1a: Lokix
|-sidestart|p1: DeadlockedTheory|move: Sticky Web
|
|upkeep
|turn|13
|
|t:|1760386472
|switch|p2a: Dragonite|Dragonite, F|85/100
|move|p1a: Lokix|Leech Life|p2a: Dragonite
|-resisted|p2a: Dragonite
|-damage|p2a: Dragonite|45/100
|-heal|p1a: Lokix|35/100|[from] drain|[of] p2a: Dragonite
|
|upkeep
|turn|14
|
|t:|1760386486
|move|p1a: Lokix|Leech Life|p2a: Dragonite
|-resisted|p2a: Dragonite
|-damage|p2a: Dragonite|7/100
|-heal|p1a: Lokix|60/100|[from] drain|[of] p2a: Dragonite
|move|p2a: Dragonite|Roost|p2a: Dragonite
|-heal|p2a: Dragonite|57/100
|-singleturn|p2a: Dragonite|move: Roost
|
|upkeep
|turn|15
|
|t:|1760386503
|-terastallize|p1a: Lokix|Bug
|move|p1a: Lokix|Leech Life|p2a: Dragonite
|-resisted|p2a: Dragonite
|-damage|p2a: Dragonite|4/100
|-heal|p1a: Lokix|96/100|[from] drain|[of] p2a: Dragonite
|move|p2a: Dragonite|Roost|p2a: Dragonite
|-heal|p2a: Dragonite|54/100
|-singleturn|p2a: Dragonite|move: Roost
|
|upkeep
|turn|16
|
|t:|1760386516
|move|p1a: Lokix|Leech Life|p2a: Dragonite
|-resisted|p2a: Dragonite
|-damage|p2a: Dragonite|6/100
|-heal|p1a: Lokix|100/100|[from] drain|[of] p2a: Dragonite
|move|p2a: Dragonite|Thunder Wave|p1a: Lokix|[miss]
|-miss|p2a: Dragonite|p1a: Lokix
|
|upkeep
|turn|17
|
|t:|1760386524
|move|p1a: Lokix|Leech Life|p2a: Dragonite
|-resisted|p2a: Dragonite
|-damage|p2a: Dragonite|0 fnt
|faint|p2a: Dragonite
|
|upkeep
|
|t:|1760386537
|switch|p2a: Landorus|Landorus-Therian, M|100/100
|-ability|p2a: Landorus|Intimidate|boost
|-unboost|p1a: Lokix|atk|1
|turn|18
|
|t:|1760386544
|switch|p1a: Great Tusk|Great Tusk|84/100
|-activate|p1a: Great Tusk|move: Sticky Web
|-unboost|p1a: Great Tusk|spe|1
|move|p2a: Landorus|Stealth Rock|p1a: Great Tusk
|-sidestart|p1: DeadlockedTheory|move: Stealth Rock
|
|-heal|p1a: Great Tusk|90/100|[from] item: Leftovers
|upkeep
|turn|19
|
|t:|1760386553
|switch|p2a: Gengar|Gengar, F, tera:Ghost|100/100
|-activate|p2a: Gengar|move: Sticky Web
|-unboost|p2a: Gengar|spe|1
|move|p1a: Great Tusk|Knock Off|p2a: Gengar
|-supereffective|p2a: Gengar
|-damage|p2a: Gengar|0 fnt
|-enditem|p2a: Gengar|Choice Specs|[from] move: Knock Off|[of] p1a: Great Tusk
|faint|p2a: Gengar
|
|-heal|p1a: Great Tusk|97/100|[from] item: Leftovers
|upkeep
|
|t:|1760386562
|switch|p2a: Magnezone|Magnezone|31/100
|-activate|p2a: Magnezone|move: Sticky Web
|-unboost|p2a: Magnezone|spe|1
|turn|20
|
|t:|1760386569
|move|p1a: Great Tusk|Rapid Spin|p2a: Magnezone
|-resisted|p2a: Magnezone
|-damage|p2a: Magnezone|24/100
|-boost|p1a: Great Tusk|spe|1
|-sideend|p1: DeadlockedTheory|Stealth Rock|[from] move: Rapid Spin|[of] p1a: Great Tusk
|-sideend|p1: DeadlockedTheory|Sticky Web|[from] move: Rapid Spin|[of] p1a: Great Tusk
|move|p2a: Magnezone|Flash Cannon|p1a: Great Tusk
|-damage|p1a: Great Tusk|0 fnt
|faint|p1a: Great Tusk
|-end|p1a: Great Tusk|Protosynthesis|[silent]
|
|upkeep
|
|t:|1760386581
|switch|p1a: Lokix|Lokix, M, tera:Bug|100/100
|turn|21
|
|t:|1760386585
|move|p1a: Lokix|U-turn|p2a: Magnezone
|-resisted|p2a: Magnezone
|-damage|p2a: Magnezone|0 fnt
|faint|p2a: Magnezone
|
|t:|1760386590
|switch|p1a: Slowking|Slowking-Galar, F|100/100|[from] U-turn
|
|upkeep
|
|t:|1760386594
|switch|p2a: Iron Treads|Iron Treads|100/100
|-activate|p2a: Iron Treads|move: Sticky Web
|-unboost|p2a: Iron Treads|spe|1
|turn|22
|
|t:|1760386600
|move|p2a: Iron Treads|Rapid Spin|p1a: Slowking
|-damage|p1a: Slowking|92/100
|-boost|p2a: Iron Treads|spe|1
|-sideend|p2: WeRrsome|Sticky Web|[from] move: Rapid Spin|[of] p2a: Iron Treads
|move|p1a: Slowking|Future Sight|p2a: Iron Treads
|-start|p1a: Slowking|move: Future Sight
|
|upkeep
|turn|23
|
|t:|1760386611
|switch|p1a: Enamorus|Enamorus, F|100/100
|move|p2a: Iron Treads|Knock Off|p1a: Enamorus
|-resisted|p1a: Enamorus
|-damage|p1a: Enamorus|80/100
|-enditem|p1a: Enamorus|Choice Scarf|[from] move: Knock Off|[of] p2a: Iron Treads
|
|upkeep
|turn|24
|
|t:|1760386619
|move|p1a: Enamorus|Earth Power|p2a: Iron Treads
|-supereffective|p2a: Iron Treads
|-damage|p2a: Iron Treads|65/100
|move|p2a: Iron Treads|Iron Head|p1a: Enamorus
|-supereffective|p1a: Enamorus
|-damage|p1a: Enamorus|0 fnt
|faint|p1a: Enamorus
|
|-end|p2a: Iron Treads|move: Future Sight
|-resisted|p2a: Iron Treads
|-damage|p2a: Iron Treads|52/100
|upkeep
|
|t:|1760386630
|switch|p1a: Lokix|Lokix, M, tera:Bug|100/100
|turn|25
|
|t:|1760386635
|move|p1a: Lokix|First Impression|p2a: Iron Treads
|-resisted|p2a: Iron Treads
|-damage|p2a: Iron Treads|0 fnt
|faint|p2a: Iron Treads
|-end|p2a: Iron Treads|Quark Drive|[silent]
|
|upkeep
|
|t:|1760386649
|switch|p2a: Landorus|Landorus-Therian, M|100/100
|-ability|p2a: Landorus|Intimidate|boost
|-unboost|p1a: Lokix|atk|1
|turn|26
|
|t:|1760386658
|switch|p1a: Alomomola|Alomomola, F|51/100
|move|p2a: Landorus|Earthquake|p1a: Alomomola
|-damage|p1a: Alomomola|11/100
|
|upkeep
|turn|27
|
|t:|1760386664
|move|p1a: Alomomola|Aqua Jet|p2a: Landorus
|-supereffective|p2a: Landorus
|-damage|p2a: Landorus|74/100
|move|p2a: Landorus|Earthquake|p1a: Alomomola
|-damage|p1a: Alomomola|0 fnt
|faint|p1a: Alomomola
|
|upkeep
|
|t:|1760386672
|switch|p1a: Slowking|Slowking-Galar, F|100/100
|turn|28
|
|t:|1760386675
|move|p2a: Landorus|Earthquake|p1a: Slowking
|-supereffective|p1a: Slowking
|-enditem|p1a: Slowking|Shuca Berry|[eat]
|-enditem|p1a: Slowking|Shuca Berry|[weaken]
|-damage|p1a: Slowking|58/100
|move|p1a: Slowking|Ice Beam|p2a: Landorus
|-supereffective|p2a: Landorus
|-damage|p2a: Landorus|0 fnt
|faint|p2a: Landorus
|
|upkeep
|
|t:|1760386682
|switch|p2a: Araquanid|Araquanid, M|80/100
|turn|29
|
|t:|1760386688
|move|p2a: Araquanid|Liquidation|p1a: Slowking
|-damage|p1a: Slowking|8/100
|move|p1a: Slowking|Sludge Bomb|p2a: Araquanid
|-damage|p2a: Araquanid|53/100
|-status|p2a: Araquanid|psn
|
|-damage|p2a: Araquanid|41/100 psn|[from] psn
|upkeep
|turn|30
|-message|WeRrsome forfeited.
|
|win|DeadlockedTheory
|raw|DeadlockedTheory's rating: 1585 &rarr; <strong>1604</strong><br />(+19 for winning)
|raw|WeRrsome's rating: 1565 &rarr; <strong>1546</strong><br />(-19 for losing)
|l|☆WeRrsome
|player|p2|
|l|☆DeadlockedTheory
|player|p1|
