|j|☆raxiahsta
|j|☆TunaMelt24
|t:|1760383617
|gametype|singles
|player|p1|raxiahsta|rocketgruntf|1106
|player|p2|TunaMelt24|101|1200
|gen|9
|tier|[Gen 9] OU
|rated|
|rule|HP Percentage Mod: HP is shown in percentages
|rule|Endless Battle Clause: Forcing endless battles is banned
|rule|Species Clause: Limit one of each Pokémon
|rule|OHKO Clause: OHKO moves are banned
|rule|Evasion Items Clause: Evasion items are banned
|rule|Evasion Moves Clause: Evasion moves are banned
|rule|Evasion Abilities Clause: Evasion abilities are banned
|rule|Sleep Moves Clause: Sleep-inducing moves are banned
|clearpoke
|poke|p1|Meganium, M|
|poke|p1|Tyranitar, M|
|poke|p1|Vaporeon, F|
|poke|p1|Hitmonchan, M|
|poke|p1|Donphan, F|
|poke|p1|Ampharos, F|
|poke|p2|Kingambit, M|
|poke|p2|Dragonite, M|
|poke|p2|Great Tusk|
|poke|p2|Rillaboom, M|
|poke|p2|Dondozo, F|
|poke|p2|Serperior, M|
|teampreview
|inactive|Battle timer is ON: inactive players will automatically lose when time's up. (requested by raxiahsta)
|
|t:|1760383628
|teamsize|p1|6
|teamsize|p2|6
|start
|switch|p1a: Donphan|Donphan, F|100/100
|switch|p2a: Rillaboom|Rillaboom, M|100/100
|-fieldstart|move: Grassy Terrain|[from] ability: Grassy Surge|[of] p2a: Rillaboom
|turn|1
|
|t:|1760383642
|move|p2a: Rillaboom|Wood Hammer|p1a: Donphan
|-supereffective|p1a: Donphan
|-ability|p1a: Donphan|Sturdy
|-damage|p1a: Donphan|1/100
|-damage|p2a: Rillaboom|69/100|[from] Recoil
|move|p1a: Donphan|Stealth Rock|p2a: Rillaboom
|-sidestart|p2: TunaMelt24|move: Stealth Rock
|
|-heal|p2a: Rillaboom|75/100|[from] Grassy Terrain
|-heal|p1a: Donphan|7/100|[from] Grassy Terrain
|-heal|p1a: Donphan|13/100|[from] item: Leftovers
|upkeep
|turn|2
|
|t:|1760383654
|move|p2a: Rillaboom|Grassy Glide|p1a: Donphan
|-supereffective|p1a: Donphan
|-damage|p1a: Donphan|0 fnt
|faint|p1a: Donphan
|
|-heal|p2a: Rillaboom|82/100|[from] Grassy Terrain
|upkeep
|
|t:|1760383661
|switch|p1a: Meganium|Meganium, M|100/100
|turn|3
|
|t:|1760383673
|move|p2a: Rillaboom|U-turn|p1a: Meganium
|-supereffective|p1a: Meganium
|-damage|p1a: Meganium|49/100
|
|t:|1760383677
|switch|p2a: Serperior|Serperior, M, shiny|100/100|[from] U-turn
|-damage|p2a: Serperior|88/100|[from] Stealth Rock
|move|p1a: Meganium|Reflect|p1a: Meganium
|-sidestart|p1: raxiahsta|Reflect
|
|-heal|p2a: Serperior|94/100|[from] Grassy Terrain
|-heal|p1a: Meganium|55/100|[from] Grassy Terrain
|upkeep
|turn|4
|
|t:|1760383689
|-terastallize|p2a: Serperior|Grass
|move|p2a: Serperior|Leaf Storm|p1a: Meganium
|-resisted|p1a: Meganium
|-damage|p1a: Meganium|10/100
|-boost|p2a: Serperior|spa|2
|move|p1a: Meganium|Synthesis|p1a: Meganium
|-heal|p1a: Meganium|60/100
|
|-heal|p2a: Serperior|100/100|[from] Grassy Terrain
|-heal|p1a: Meganium|66/100|[from] Grassy Terrain
|upkeep
|turn|5
|
|t:|1760383705
|switch|p1a: Ampharos|Ampharos, F|100/100
|move|p2a: Serperior|Leaf Storm|p1a: Ampharos
|-damage|p1a: Ampharos|0 fnt
|-boost|p2a: Serperior|spa|2
|faint|p1a: Ampharos
|
|-fieldend|move: Grassy Terrain
|upkeep
|-message|raxiahsta forfeited.
|
|win|TunaMelt24
|raw|raxiahsta's rating: 1106 &rarr; <strong>1088</strong><br />(-18 for losing)
|raw|TunaMelt24's rating: 1200 &rarr; <strong>1218</strong><br />(+18 for winning)
|l|☆raxiahsta
|player|p1|
|l|☆TunaMelt24
|player|p2|
