|j|☆bai_xueyi
|j|☆Dolost
|t:|1760332948
|gametype|singles
|player|p1|bai_xueyi|wallace|1171
|player|p2|Dolost|gentleman-gen4dp|1211
|gen|9
|tier|[Gen 9] OU
|rated|
|rule|HP Percentage Mod: HP is shown in percentages
|rule|Endless Battle Clause: Forcing endless battles is banned
|rule|Species Clause: Limit one of each Pokémon
|rule|OHKO Clause: OHKO moves are banned
|rule|Evasion Items Clause: Evasion items are banned
|rule|Evasion Moves Clause: Evasion moves are banned
|rule|Evasion Abilities Clause: Evasion abilities are banned
|rule|Sleep Moves Clause: Sleep-inducing moves are banned
|clearpoke
|poke|p1|Pelipper, M|
|poke|p1|Greninja-*, M|
|poke|p1|Basculegion, M|
|poke|p1|Zapdos|
|poke|p1|Sandy Shocks|
|poke|p1|Scizor, M|
|poke|p2|Porygon-Z|
|poke|p2|Wo-Chien|
|poke|p2|Ceruledge, M|
|poke|p2|Ursaluna, F|
|poke|p2|Amoonguss, F|
|poke|p2|Empoleon, M|
|teampreview
|
|t:|1760332956
|teamsize|p1|6
|teamsize|p2|6
|start
|switch|p1a: Sandy Shocks|Sandy Shocks|100/100
|switch|p2a: Porygon-Z|Porygon-Z|100/100
|-enditem|p1a: Sandy Shocks|Booster Energy
|-activate|p1a: Sandy Shocks|ability: Protosynthesis|[fromitem]
|-start|p1a: Sandy Shocks|protosynthesisspe
|turn|1
|
|t:|1760332968
|-terastallize|p2a: Porygon-Z|Ground
|move|p1a: Sandy Shocks|Stealth Rock|p2a: Porygon-Z
|-sidestart|p2: Dolost|move: Stealth Rock
|move|p2a: Porygon-Z|Tera Blast|p1a: Sandy Shocks|[anim] Tera Blast Ground
|-supereffective|p1a: Sandy Shocks
|-damage|p1a: Sandy Shocks|0 fnt
|faint|p1a: Sandy Shocks
|-end|p1a: Sandy Shocks|Protosynthesis|[silent]
|
|upkeep
|
|t:|1760332983
|switch|p1a: Pelipper|Pelipper, M|100/100
|-weather|RainDance|[from] ability: Drizzle|[of] p1a: Pelipper
|turn|2
|
|t:|1760332989
|move|p2a: Porygon-Z|Thunderbolt|p1a: Pelipper
|-supereffective|p1a: Pelipper
|-damage|p1a: Pelipper|0 fnt
|faint|p1a: Pelipper
|
|-weather|RainDance|[upkeep]
|upkeep
|
|t:|1760332996
|switch|p1a: Basculegion|Basculegion, M|100/100
|turn|3
|
|t:|1760333009
|switch|p2a: Amoonguss|Amoonguss, F|100/100
|-damage|p2a: Amoonguss|88/100|[from] Stealth Rock
|-terastallize|p1a: Basculegion|Water
|move|p1a: Basculegion|Wave Crash|p2a: Amoonguss
|-resisted|p2a: Amoonguss
|-damage|p2a: Amoonguss|18/100
|-damage|p1a: Basculegion|84/100|[from] item: Rocky Helmet|[of] p2a: Amoonguss
|-damage|p1a: Basculegion|58/100|[from] Recoil
|
|-weather|RainDance|[upkeep]
|upkeep
|turn|4
|
|t:|1760333023
|switch|p2a: Wo-Chien|Wo-Chien|100/100
|-damage|p2a: Wo-Chien|88/100|[from] Stealth Rock
|-ability|p2a: Wo-Chien|Tablets of Ruin
|move|p1a: Basculegion|Wave Crash|p2a: Wo-Chien
|-resisted|p2a: Wo-Chien
|-damage|p2a: Wo-Chien|45/100
|-damage|p1a: Basculegion|44/100|[from] Recoil
|
|-weather|RainDance|[upkeep]
|-heal|p2a: Wo-Chien|51/100|[from] item: Leftovers
|upkeep
|turn|5
|
|t:|1760333036
|move|p2a: Wo-Chien|Protect|p2a: Wo-Chien
|-singleturn|p2a: Wo-Chien|Protect
|move|p1a: Basculegion|Wave Crash|p2a: Wo-Chien
|-activate|p2a: Wo-Chien|move: Protect
|
|-weather|RainDance|[upkeep]
|-heal|p2a: Wo-Chien|57/100|[from] item: Leftovers
|upkeep
|turn|6
|
|t:|1760333049
|switch|p2a: Empoleon|Empoleon, M|100/100
|-damage|p2a: Empoleon|94/100|[from] Stealth Rock
|move|p1a: Basculegion|Wave Crash|p2a: Empoleon
|-resisted|p2a: Empoleon
|-damage|p2a: Empoleon|0 fnt
|faint|p2a: Empoleon
|-damage|p1a: Basculegion|16/100|[from] Recoil
|
|-weather|RainDance|[upkeep]
|upkeep
|-message|bai_xueyi forfeited.
|
|win|Dolost
|raw|bai_xueyi's rating: 1171 &rarr; <strong>1149</strong><br />(-22 for losing)
|raw|Dolost's rating: 1211 &rarr; <strong>1233</strong><br />(+22 for winning)
|l|☆bai_xueyi
|player|p1|
|l|☆Dolost
|player|p2|
