|j|☆ShrimpFood
|j|☆krystlecarrington
|t:|1760381663
|gametype|singles
|player|p1|ShrimpFood|266|1050
|player|p2|krystlecarrington|fantina|1024
|gen|9
|tier|[Gen 9] OU
|rated|
|rule|HP Percentage Mod: HP is shown in percentages
|rule|Endless Battle Clause: Forcing endless battles is banned
|rule|Species Clause: Limit one of each Pokémon
|rule|OHKO Clause: OHKO moves are banned
|rule|Evasion Items Clause: Evasion items are banned
|rule|Evasion Moves Clause: Evasion moves are banned
|rule|Evasion Abilities Clause: Evasion abilities are banned
|rule|Sleep Moves Clause: Sleep-inducing moves are banned
|clearpoke
|poke|p1|Samurott-Hisui, F|
|poke|p1|Mandibuzz, F|
|poke|p1|Meowscarada, F|
|poke|p1|Sableye, F|
|poke|p1|Hydreigon, M|
|poke|p1|Kingambit, F|
|poke|p2|Flareon, M|
|poke|p2|Cacturne, F|
|poke|p2|Florges, F|
|poke|p2|Porygon2|
|poke|p2|Hitmonlee, M|
|poke|p2|Palossand, F|
|teampreview
|
|t:|1760381675
|teamsize|p1|6
|teamsize|p2|6
|start
|switch|p1a: Samurott|Samurott-Hisui, F, shiny|100/100
|switch|p2a: Mariah|Palossand, F, shiny|100/100
|turn|1
|c|☆ShrimpFood|Flareon lowkey goated
|
|t:|1760381690
|switch|p2a: Amy|Cacturne, F, shiny|100/100
|move|p1a: Samurott|Ceaseless Edge|p2a: Amy
|-resisted|p2a: Amy
|-damage|p2a: Amy|66/100
|-sidestart|p2: krystlecarrington|Spikes
|
|upkeep
|turn|2
|
|t:|1760381699
|switch|p1a: Mandibuzz|Mandibuzz, F|100/100
|move|p2a: Amy|Knock Off|p1a: Mandibuzz
|-resisted|p1a: Mandibuzz
|-damage|p1a: Mandibuzz|80/100
|-enditem|p1a: Mandibuzz|Leftovers|[from] move: Knock Off|[of] p2a: Amy
|
|upkeep
|turn|3
|
|t:|1760381714
|switch|p2a: Kaitlyn|Florges, F, shiny|100/100
|-damage|p2a: Kaitlyn|88/100|[from] Spikes
|move|p1a: Mandibuzz|Brave Bird|p2a: Kaitlyn
|-damage|p2a: Kaitlyn|47/100
|-damage|p1a: Mandibuzz|69/100|[from] Recoil
|
|-heal|p2a: Kaitlyn|53/100|[from] item: Leftovers
|upkeep
|turn|4
|
|t:|1760381727
|-terastallize|p1a: Mandibuzz|Steel
|move|p1a: Mandibuzz|Toxic|p2a: Kaitlyn
|-status|p2a: Kaitlyn|tox
|move|p2a: Kaitlyn|Calm Mind|p2a: Kaitlyn
|-boost|p2a: Kaitlyn|spa|1
|-boost|p2a: Kaitlyn|spd|1
|
|-heal|p2a: Kaitlyn|59/100 tox|[from] item: Leftovers
|-damage|p2a: Kaitlyn|53/100 tox|[from] psn
|upkeep
|turn|5
|
|t:|1760381744
|move|p1a: Mandibuzz|Roost|p1a: Mandibuzz
|-heal|p1a: Mandibuzz|100/100
|move|p2a: Kaitlyn|Draining Kiss|p1a: Mandibuzz
|-resisted|p1a: Mandibuzz
|-damage|p1a: Mandibuzz|88/100
|-heal|p2a: Kaitlyn|65/100 tox|[from] drain|[of] p1a: Mandibuzz
|
|-heal|p2a: Kaitlyn|71/100 tox|[from] item: Leftovers
|-damage|p2a: Kaitlyn|58/100 tox|[from] psn
|upkeep
|turn|6
|
|t:|1760381759
|switch|p2a: Gigi|Porygon2|100/100
|-damage|p2a: Gigi|88/100|[from] Spikes
|-ability|p2a: Gigi|Download|boost
|-boost|p2a: Gigi|atk|1
|move|p1a: Mandibuzz|Brave Bird|p2a: Gigi
|-damage|p2a: Gigi|69/100
|-damage|p1a: Mandibuzz|82/100|[from] Recoil
|
|upkeep
|turn|7
|
|t:|1760381770
|move|p1a: Mandibuzz|Toxic|p2a: Gigi
|-status|p2a: Gigi|tox
|move|p2a: Gigi|Tri Attack|p1a: Mandibuzz
|-resisted|p1a: Mandibuzz
|-damage|p1a: Mandibuzz|74/100
|-status|p1a: Mandibuzz|brn
|
|-damage|p2a: Gigi|63/100 tox|[from] psn
|-damage|p1a: Mandibuzz|68/100 brn|[from] brn
|upkeep
|turn|8
|
|t:|1760381781
|switch|p2a: George|Flareon, M|100/100
|-damage|p2a: George|88/100|[from] Spikes
|move|p1a: Mandibuzz|Roost|p1a: Mandibuzz
|-heal|p1a: Mandibuzz|100/100 brn
|
|-damage|p1a: Mandibuzz|94/100 brn|[from] brn
|-status|p2a: George|tox|[from] item: Toxic Orb
|upkeep
|turn|9
|c|☆ShrimpFood|Im to much of a noob to understand what a toxic orb does on Flareon
|c|☆krystlecarrington|guts
|c|☆ShrimpFood|Ahhhh
|
|t:|1760381842
|move|p2a: George|Flame Charge|p1a: Mandibuzz
|-supereffective|p1a: Mandibuzz
|-damage|p1a: Mandibuzz|35/100 brn
|-boost|p2a: George|spe|1
|move|p1a: Mandibuzz|Brave Bird|p2a: George
|-damage|p2a: George|59/100 tox
|-damage|p1a: Mandibuzz|29/100 brn|[from] Recoil
|
|-damage|p2a: George|53/100 tox|[from] psn
|-damage|p1a: Mandibuzz|23/100 brn|[from] brn
|upkeep
|turn|10
|
|t:|1760381854
|move|p2a: George|Flame Charge|p1a: Mandibuzz
|-supereffective|p1a: Mandibuzz
|-damage|p1a: Mandibuzz|0 fnt
|-boost|p2a: George|spe|1
|faint|p1a: Mandibuzz
|
|-damage|p2a: George|41/100 tox|[from] psn
|upkeep
|
|t:|1760381869
|switch|p1a: Meowscarada|Meowscarada, F|100/100
|turn|11
|
|t:|1760381876
|move|p1a: Meowscarada|Knock Off|p2a: George
|-start|p1a: Meowscarada|typechange|Dark|[from] ability: Protean
|-damage|p2a: George|0 fnt
|-enditem|p2a: George|Toxic Orb|[from] move: Knock Off|[of] p1a: Meowscarada
|faint|p2a: George
|
|upkeep
|
|t:|1760381886
|switch|p2a: Kaitlyn|Florges, F, shiny|58/100 tox
|-damage|p2a: Kaitlyn|46/100 tox|[from] Spikes
|turn|12
|
|t:|1760381894
|switch|p1a: Kingambit|Kingambit, F|100/100
|-activate|p1a: Kingambit|ability: Supreme Overlord
|-start|p1a: Kingambit|fallen1|[silent]
|move|p2a: Kaitlyn|Calm Mind|p2a: Kaitlyn
|-boost|p2a: Kaitlyn|spa|1
|-boost|p2a: Kaitlyn|spd|1
|
|-heal|p2a: Kaitlyn|52/100 tox|[from] item: Leftovers
|-damage|p2a: Kaitlyn|46/100 tox|[from] psn
|upkeep
|turn|13
|
|t:|1760381903
|move|p2a: Kaitlyn|Draining Kiss|p1a: Kingambit
|-damage|p1a: Kingambit|64/100
|-heal|p2a: Kaitlyn|77/100 tox|[from] drain|[of] p1a: Kingambit
|move|p1a: Kingambit|Iron Head|p2a: Kaitlyn
|-supereffective|p2a: Kaitlyn
|-damage|p2a: Kaitlyn|0 fnt
|faint|p2a: Kaitlyn
|
|upkeep
|
|t:|1760381912
|switch|p2a: Mariah|Palossand, F, shiny|100/100
|-damage|p2a: Mariah|88/100|[from] Spikes
|turn|14
|
|t:|1760381917
|move|p1a: Kingambit|Kowtow Cleave|p2a: Mariah
|-supereffective|p2a: Mariah
|-damage|p2a: Mariah|13/100
|move|p2a: Mariah|Stealth Rock|p1a: Kingambit
|-sidestart|p1: ShrimpFood|move: Stealth Rock
|
|-heal|p2a: Mariah|19/100|[from] item: Leftovers
|upkeep
|turn|15
|
|t:|1760381925
|move|p2a: Mariah|Protect|p2a: Mariah
|-singleturn|p2a: Mariah|Protect
|move|p1a: Kingambit|Swords Dance|p1a: Kingambit
|-boost|p1a: Kingambit|atk|2
|
|-heal|p2a: Mariah|25/100|[from] item: Leftovers
|upkeep
|turn|16
|
|t:|1760381934
|move|p1a: Kingambit|Kowtow Cleave|p2a: Mariah
|-supereffective|p2a: Mariah
|-damage|p2a: Mariah|0 fnt
|faint|p2a: Mariah
|
|upkeep
|
|t:|1760381939
|switch|p2a: Bruce|Hitmonlee, M|100/100
|-damage|p2a: Bruce|88/100|[from] Spikes
|turn|17
|c|☆ShrimpFood|close combat?
|
|t:|1760381956
|-end|p1a: Kingambit|fallen1|[silent]
|switch|p1a: Sableye|Sableye, F|100/100
|-damage|p1a: Sableye|88/100|[from] Stealth Rock
|move|p2a: Bruce|Fake Out|p1a: Sableye
|-immune|p1a: Sableye
|
|-heal|p1a: Sableye|94/100|[from] item: Leftovers
|upkeep
|turn|18
|
|t:|1760381969
|move|p1a: Sableye|Will-O-Wisp|p2a: Bruce
|-status|p2a: Bruce|brn
|move|p2a: Bruce|Throat Chop|p1a: Sableye
|-damage|p1a: Sableye|73/100
|-start|p1a: Sableye|Throat Chop|[silent]
|
|-heal|p1a: Sableye|79/100|[from] item: Leftovers
|-damage|p2a: Bruce|82/100 brn|[from] brn
|upkeep
|turn|19
|
|t:|1760381982
|switch|p2a: Gigi|Porygon2|63/100 tox
|-damage|p2a: Gigi|50/100 tox|[from] Spikes
|-ability|p2a: Gigi|Download|boost
|-boost|p2a: Gigi|atk|1
|move|p1a: Sableye|Knock Off|p2a: Gigi
|-crit|p2a: Gigi
|-damage|p2a: Gigi|23/100 tox
|-enditem|p2a: Gigi|Eviolite|[from] move: Knock Off|[of] p1a: Sableye
|
|-heal|p1a: Sableye|85/100|[from] item: Leftovers
|-damage|p2a: Gigi|17/100 tox|[from] psn
|-end|p1a: Sableye|Throat Chop|[silent]
|upkeep
|turn|20
|
|t:|1760382005
|move|p2a: Gigi|Shadow Ball|p1a: Sableye
|-damage|p1a: Sableye|64/100
|move|p1a: Sableye|Foul Play|p2a: Gigi
|-damage|p2a: Gigi|0 fnt
|faint|p2a: Gigi
|
|-heal|p1a: Sableye|70/100|[from] item: Leftovers
|upkeep
|
|t:|1760382013
|switch|p2a: Amy|Cacturne, F, shiny|66/100
|-damage|p2a: Amy|54/100|[from] Spikes
|turn|21
|
|t:|1760382018
|move|p1a: Sableye|Will-O-Wisp|p2a: Amy
|-hint|Since gen 7, Dark is immune to Prankster moves.
|-immune|p2a: Amy
|move|p2a: Amy|Knock Off|p1a: Sableye
|-damage|p1a: Sableye|2/100
|-enditem|p1a: Sableye|Leftovers|[from] move: Knock Off|[of] p2a: Amy
|
|upkeep
|turn|22
|
|t:|1760382028
|move|p2a: Amy|Sucker Punch|p1a: Sableye
|-damage|p1a: Sableye|0 fnt
|faint|p1a: Sableye
|
|upkeep
|
|t:|1760382036
|switch|p1a: Meowscarada|Meowscarada, F|100/100
|-damage|p1a: Meowscarada|88/100|[from] Stealth Rock
|turn|23
|
|t:|1760382042
|move|p1a: Meowscarada|Triple Axel|p2a: Amy
|-start|p1a: Meowscarada|typechange|Ice|[from] ability: Protean
|-supereffective|p2a: Amy
|-damage|p2a: Amy|22/100
|-supereffective|p2a: Amy
|-damage|p2a: Amy|0 fnt
|faint|p2a: Amy
|-hitcount|p2: Amy|2
|
|upkeep
|
|t:|1760382051
|switch|p2a: Bruce|Hitmonlee, M|82/100 brn
|-damage|p2a: Bruce|69/100 brn|[from] Spikes
|turn|24
|
|t:|1760382075
|switch|p1a: Kingambit|Kingambit, F|64/100
|-damage|p1a: Kingambit|58/100|[from] Stealth Rock
|-activate|p1a: Kingambit|ability: Supreme Overlord
|-start|p1a: Kingambit|fallen2|[silent]
|move|p2a: Bruce|Close Combat|p1a: Kingambit
|-supereffective|p1a: Kingambit
|-damage|p1a: Kingambit|0 fnt
|-unboost|p2a: Bruce|def|1
|-unboost|p2a: Bruce|spd|1
|faint|p1a: Kingambit
|-end|p1a: Kingambit|fallen2|[silent]
|-enditem|p2a: Bruce|White Herb
|-clearnegativeboost|p2a: Bruce|[silent]
|
|-damage|p2a: Bruce|63/100 brn|[from] brn
|upkeep
|
|t:|1760382088
|switch|p1a: Meowscarada|Meowscarada, F|88/100
|-damage|p1a: Meowscarada|76/100|[from] Stealth Rock
|turn|25
|
|t:|1760382093
|move|p1a: Meowscarada|U-turn|p2a: Bruce
|-start|p1a: Meowscarada|typechange|Bug|[from] ability: Protean
|-resisted|p2a: Bruce
|-damage|p2a: Bruce|25/100 brn
|
|t:|1760382102
|switch|p1a: Samurott|Samurott-Hisui, F, shiny|100/100|[from] U-turn
|-damage|p1a: Samurott|88/100|[from] Stealth Rock
|move|p2a: Bruce|Close Combat|p1a: Samurott
|-supereffective|p1a: Samurott
|-damage|p1a: Samurott|1/100
|-unboost|p2a: Bruce|def|1
|-unboost|p2a: Bruce|spd|1
|
|-damage|p2a: Bruce|19/100 brn|[from] brn
|upkeep
|turn|26
|
|t:|1760382112
|move|p1a: Samurott|Aqua Jet|p2a: Bruce
|-damage|p2a: Bruce|0 fnt
|faint|p2a: Bruce
|
|win|ShrimpFood
|raw|ShrimpFood's rating: 1050 &rarr; <strong>1080</strong><br />(+30 for winning)
|raw|krystlecarrington's rating: 1024 &rarr; <strong>1011</strong><br />(-13 for losing)
|c|☆ShrimpFood|ggs
|l|☆krystlecarrington
|player|p2|
