|j|☆sfadsadfasdafsd
|j|☆Sun Yp
|t:|1760322693
|gametype|singles
|player|p1|sfadsadfasdafsd|266|1105
|player|p2|Sun Yp|1|1068
|gen|9
|tier|[Gen 9] OU
|rated|
|rule|HP Percentage Mod: HP is shown in percentages
|rule|Endless Battle Clause: Forcing endless battles is banned
|rule|Species Clause: Limit one of each Pokémon
|rule|OHKO Clause: OHKO moves are banned
|rule|Evasion Items Clause: Evasion items are banned
|rule|Evasion Moves Clause: Evasion moves are banned
|rule|Evasion Abilities Clause: Evasion abilities are banned
|rule|Sleep Moves Clause: Sleep-inducing moves are banned
|clearpoke
|poke|p1|Pelipper, M|
|poke|p1|Barraskewda, M|
|poke|p1|Zapdos|
|poke|p1|Iron Treads|
|poke|p1|Ogerpon-Wellspring, F|
|poke|p1|Kingdra, F|
|poke|p2|Indeedee, M|
|poke|p2|Primarina, F|
|poke|p2|Lokix, M|
|poke|p2|Rillaboom, M|
|poke|p2|Gliscor, F|
|poke|p2|Corviknight, F|
|teampreview
|inactive|Battle timer is ON: inactive players will automatically lose when time's up. (requested by sfadsadfasdafsd)
|
|t:|1760322699
|teamsize|p1|6
|teamsize|p2|6
|start
|switch|p1a: Pelipper|Pelipper, M|100/100
|switch|p2a: Indeedee|Indeedee, M|100/100
|-fieldstart|move: Psychic Terrain|[from] ability: Psychic Surge|[of] p2a: Indeedee
|-weather|RainDance|[from] ability: Drizzle|[of] p1a: Pelipper
|turn|1
|
|t:|1760322726
|move|p1a: Pelipper|Knock Off|p2a: Indeedee
|-supereffective|p2a: Indeedee
|-damage|p2a: Indeedee|51/100
|-enditem|p2a: Indeedee|Choice Scarf|[from] move: Knock Off|[of] p1a: Pelipper
|move|p2a: Indeedee|Trick Room|p2a: Indeedee
|-fieldstart|move: Trick Room|[of] p2a: Indeedee
|
|-weather|RainDance|[upkeep]
|upkeep
|turn|2
|
|t:|1760322738
|switch|p2a: Primarina|Primarina, F, shiny|100/100
|move|p1a: Pelipper|U-turn|p2a: Primarina
|-resisted|p2a: Primarina
|-damage|p2a: Primarina|95/100
|
|t:|1760322743
|switch|p1a: Ogerpon|Ogerpon-Wellspring, F|100/100|[from] U-turn
|
|-weather|RainDance|[upkeep]
|upkeep
|turn|3
|inactive|Sun Yp has 120 seconds left.
|
|t:|1760322768
|move|p2a: Primarina|Moonblast|p1a: Ogerpon
|-damage|p1a: Ogerpon|33/100
|move|p1a: Ogerpon|Power Whip|p2a: Primarina
|-supereffective|p2a: Primarina
|-damage|p2a: Primarina|0 fnt
|faint|p2a: Primarina
|
|-weather|RainDance|[upkeep]
|upkeep
|inactive|Sun Yp has 120 seconds left.
|
|t:|1760322777
|switch|p2a: Indeedee|Indeedee, M|51/100
|turn|4
|
|t:|1760322791
|-terastallize|p2a: Indeedee|Psychic
|move|p2a: Indeedee|Expanding Force|p1a: Ogerpon
|-damage|p1a: Ogerpon|0 fnt
|faint|p1a: Ogerpon
|
|-weather|RainDance|[upkeep]
|upkeep
|
|t:|1760322801
|switch|p1a: Iron Treads|Iron Treads|100/100
|-enditem|p1a: Iron Treads|Booster Energy
|-activate|p1a: Iron Treads|ability: Quark Drive|[fromitem]
|-start|p1a: Iron Treads|quarkdrivespe
|turn|5
|inactive|Sun Yp has 120 seconds left.
|
|t:|1760322835
|move|p2a: Indeedee|Expanding Force|p1a: Iron Treads
|-resisted|p1a: Iron Treads
|-damage|p1a: Iron Treads|32/100
|move|p1a: Iron Treads|Stealth Rock|p2a: Indeedee
|-sidestart|p2: Sun Yp|move: Stealth Rock
|
|-weather|RainDance|[upkeep]
|-fieldend|move: Trick Room
|-fieldend|move: Psychic Terrain
|upkeep
|turn|6
|inactive|Sun Yp has 120 seconds left.
|
|t:|1760322842
|move|p1a: Iron Treads|Earthquake|p2a: Indeedee
|-damage|p2a: Indeedee|0 fnt
|faint|p2a: Indeedee
|
|-weather|RainDance|[upkeep]
|upkeep
|inactive|Sun Yp has 120 seconds left.
|
|t:|1760322848
|switch|p2a: Corviknight|Corviknight, F|100/100
|-damage|p2a: Corviknight|88/100|[from] Stealth Rock
|turn|7
|
|t:|1760322852
|move|p1a: Iron Treads|Volt Switch|p2a: Corviknight
|-supereffective|p2a: Corviknight
|-damage|p2a: Corviknight|68/100
|-enditem|p2a: Corviknight|Red Card|[of] p1a: Iron Treads
|-end|p1a: Iron Treads|Quark Drive|[silent]
|drag|p1a: Barraskewda|Barraskewda, M|100/100
|move|p2a: Corviknight|Defog|p1a: Barraskewda
|-unboost|p1a: Barraskewda|evasion|1
|-sideend|p2: Sun Yp|Stealth Rock|[from] move: Defog|[of] p2a: Corviknight
|
|-weather|RainDance|[upkeep]
|upkeep
|turn|8
|
|t:|1760322864
|move|p1a: Barraskewda|Flip Turn|p2a: Corviknight
|-damage|p2a: Corviknight|30/100
|
|t:|1760322870
|switch|p1a: Zapdos|Zapdos|100/100|[from] Flip Turn
|move|p2a: Corviknight|Iron Defense|p2a: Corviknight
|-boost|p2a: Corviknight|def|2
|
|-weather|none
|upkeep
|turn|9
|
|t:|1760322878
|switch|p2a: Gliscor|Gliscor, F|100/100
|move|p1a: Zapdos|Volt Switch|p2a: Gliscor
|-immune|p2a: Gliscor
|
|-status|p2a: Gliscor|tox|[from] item: Toxic Orb
|upkeep
|turn|10
|
|t:|1760322886
|switch|p1a: Pelipper|Pelipper, M|100/100
|-weather|RainDance|[from] ability: Drizzle|[of] p1a: Pelipper
|move|p2a: Gliscor|Knock Off|p1a: Pelipper
|-damage|p1a: Pelipper|84/100
|-enditem|p1a: Pelipper|Damp Rock|[from] move: Knock Off|[of] p2a: Gliscor
|
|-weather|RainDance|[upkeep]
|upkeep
|turn|11
|
|t:|1760322896
|move|p2a: Gliscor|Stealth Rock|p1a: Pelipper
|-sidestart|p1: sfadsadfasdafsd|move: Stealth Rock
|move|p1a: Pelipper|U-turn|p2a: Gliscor
|-resisted|p2a: Gliscor
|-damage|p2a: Gliscor|98/100 tox
|
|t:|1760322903
|switch|p1a: Barraskewda|Barraskewda, M|100/100|[from] U-turn
|-damage|p1a: Barraskewda|88/100|[from] Stealth Rock
|
|-weather|RainDance|[upkeep]
|-heal|p2a: Gliscor|100/100 tox|[from] ability: Poison Heal
|upkeep
|turn|12
|
|t:|1760322910
|move|p1a: Barraskewda|Liquidation|p2a: Gliscor
|-supereffective|p2a: Gliscor
|-damage|p2a: Gliscor|0 fnt
|faint|p2a: Gliscor
|
|-weather|RainDance|[upkeep]
|upkeep
|
|t:|1760322916
|switch|p2a: Rillaboom|Rillaboom, M|100/100
|-fieldstart|move: Grassy Terrain|[from] ability: Grassy Surge|[of] p2a: Rillaboom
|turn|13
|
|t:|1760322923
|switch|p1a: Zapdos|Zapdos|100/100
|-damage|p1a: Zapdos|76/100|[from] Stealth Rock
|move|p2a: Rillaboom|Grassy Glide|p1a: Zapdos
|-resisted|p1a: Zapdos
|-damage|p1a: Zapdos|45/100
|-status|p2a: Rillaboom|par|[from] ability: Static|[of] p1a: Zapdos
|-damage|p2a: Rillaboom|91/100 par|[from] item: Life Orb
|
|-weather|RainDance|[upkeep]
|-heal|p2a: Rillaboom|97/100 par|[from] Grassy Terrain
|upkeep
|turn|14
|
|t:|1760322934
|switch|p2a: Corviknight|Corviknight, F|30/100
|move|p1a: Zapdos|Hurricane|p2a: Corviknight
|-resisted|p2a: Corviknight
|-damage|p2a: Corviknight|3/100
|
|-weather|RainDance|[upkeep]
|upkeep
|turn|15
|
|t:|1760322944
|move|p1a: Zapdos|Thunder|p2a: Corviknight
|-supereffective|p2a: Corviknight
|-damage|p2a: Corviknight|0 fnt
|faint|p2a: Corviknight
|
|-weather|RainDance|[upkeep]
|upkeep
|
|t:|1760322951
|switch|p2a: Lokix|Lokix, M|100/100
|turn|16
|
|t:|1760322962
|switch|p1a: Pelipper|Pelipper, M|84/100
|-damage|p1a: Pelipper|59/100|[from] Stealth Rock
|move|p2a: Lokix|First Impression|p1a: Pelipper
|-resisted|p1a: Pelipper
|-damage|p1a: Pelipper|17/100
|-damage|p2a: Lokix|91/100|[from] item: Life Orb
|
|-weather|RainDance|[upkeep]
|-heal|p2a: Lokix|97/100|[from] Grassy Terrain
|upkeep
|turn|17
|
|t:|1760322972
|switch|p1a: Iron Treads|Iron Treads|32/100
|-damage|p1a: Iron Treads|29/100|[from] Stealth Rock
|move|p2a: Lokix|Sucker Punch||[still]
|-fail|p2a: Lokix
|
|-weather|none
|-heal|p1a: Iron Treads|35/100|[from] Grassy Terrain
|-heal|p2a: Lokix|100/100|[from] Grassy Terrain
|-fieldend|move: Grassy Terrain
|upkeep
|turn|18
|
|t:|1760322982
|switch|p2a: Rillaboom|Rillaboom, M|97/100 par
|-fieldstart|move: Grassy Terrain|[from] ability: Grassy Surge|[of] p2a: Rillaboom
|move|p1a: Iron Treads|Volt Switch|p2a: Rillaboom
|-resisted|p2a: Rillaboom
|-damage|p2a: Rillaboom|89/100 par
|
|t:|1760322989
|-end|p1a: Iron Treads|Quark Drive|[silent]
|switch|p1a: Pelipper|Pelipper, M|17/100|[from] Volt Switch
|-damage|p1a: Pelipper|0 fnt|[from] Stealth Rock
|faint|p1a: Pelipper
|
|-heal|p2a: Rillaboom|96/100 par|[from] Grassy Terrain
|upkeep
|
|t:|1760322994
|switch|p1a: Zapdos|Zapdos|45/100
|-damage|p1a: Zapdos|20/100|[from] Stealth Rock
|turn|19
|
|t:|1760322998
|move|p2a: Rillaboom|Grassy Glide|p1a: Zapdos
|-resisted|p1a: Zapdos
|-damage|p1a: Zapdos|0 fnt
|faint|p1a: Zapdos
|-damage|p2a: Rillaboom|86/100 par|[from] item: Life Orb
|
|-heal|p2a: Rillaboom|92/100 par|[from] Grassy Terrain
|upkeep
|
|t:|1760323002
|switch|p1a: Kingdra|Kingdra, F|100/100
|-damage|p1a: Kingdra|88/100|[from] Stealth Rock
|turn|20
|
|t:|1760323008
|move|p2a: Rillaboom|Grassy Glide|p1a: Kingdra
|-damage|p1a: Kingdra|23/100
|-damage|p2a: Rillaboom|82/100 par|[from] item: Life Orb
|move|p1a: Kingdra|Draco Meteor|p2a: Rillaboom
|-damage|p2a: Rillaboom|0 fnt
|-unboost|p1a: Kingdra|spa|2
|faint|p2a: Rillaboom
|-damage|p1a: Kingdra|13/100|[from] item: Life Orb
|
|-heal|p1a: Kingdra|19/100|[from] Grassy Terrain
|upkeep
|
|t:|1760323019
|switch|p2a: Lokix|Lokix, M|100/100
|turn|21
|
|t:|1760323028
|move|p2a: Lokix|First Impression|p1a: Kingdra
|-damage|p1a: Kingdra|0 fnt
|faint|p1a: Kingdra
|-damage|p2a: Lokix|91/100|[from] item: Life Orb
|
|-heal|p2a: Lokix|97/100|[from] Grassy Terrain
|upkeep
|
|t:|1760323045
|switch|p1a: Barraskewda|Barraskewda, M|88/100
|-damage|p1a: Barraskewda|76/100|[from] Stealth Rock
|turn|22
|
|t:|1760323065
|-terastallize|p1a: Barraskewda|Water
|move|p1a: Barraskewda|Aqua Jet|p2a: Lokix
|-damage|p2a: Lokix|42/100
|move|p2a: Lokix|Axe Kick|p1a: Barraskewda
|-damage|p1a: Barraskewda|0 fnt
|faint|p1a: Barraskewda
|-damage|p2a: Lokix|32/100|[from] item: Life Orb
|
|-heal|p2a: Lokix|38/100|[from] Grassy Terrain
|-fieldend|move: Grassy Terrain
|upkeep
|
|t:|1760323075
|switch|p1a: Iron Treads|Iron Treads|35/100
|-damage|p1a: Iron Treads|32/100|[from] Stealth Rock
|turn|23
|
|t:|1760323084
|move|p2a: Lokix|Sucker Punch|p1a: Iron Treads
|-damage|p1a: Iron Treads|0 fnt
|faint|p1a: Iron Treads
|-end|p1a: Iron Treads|Quark Drive|[silent]
|-damage|p2a: Lokix|28/100|[from] item: Life Orb
|
|win|Sun Yp
|raw|sfadsadfasdafsd's rating: 1105 &rarr; <strong>1077</strong><br />(-28 for losing)
|raw|Sun Yp's rating: 1068 &rarr; <strong>1101</strong><br />(+33 for winning)
|l|☆sfadsadfasdafsd
|player|p1|
