|j|☆ehhrjrjejejele
|j|☆Sugma1
|t:|1760454811
|gametype|singles
|player|p1|ehhrjrjejejele|266|1127
|player|p2|Sugma1|170|1210
|gen|9
|tier|[Gen 9] OU
|rated|
|rule|HP Percentage Mod: HP is shown in percentages
|rule|Endless Battle Clause: Forcing endless battles is banned
|rule|Species Clause: Limit one of each Pokémon
|rule|OHKO Clause: OHKO moves are banned
|rule|Evasion Items Clause: Evasion items are banned
|rule|Evasion Moves Clause: Evasion moves are banned
|rule|Evasion Abilities Clause: Evasion abilities are banned
|rule|Sleep Moves Clause: Sleep-inducing moves are banned
|clearpoke
|poke|p1|Arcanine, M|
|poke|p1|Dondozo, M|
|poke|p1|Dragapult, F|
|poke|p1|Clodsire, F|
|poke|p1|Darkrai|
|poke|p1|Corviknight, F|
|poke|p2|Pelipper, M|
|poke|p2|Ludicolo, F|
|poke|p2|Kingambit, M|
|poke|p2|Toxicroak, M|
|poke|p2|Iron Treads|
|poke|p2|Raging Bolt|
|teampreview
|
|t:|1760454825
|teamsize|p1|6
|teamsize|p2|6
|start
|switch|p1a: Dragapult|Dragapult, F|100/100
|switch|p2a: Pelipper|Pelipper, M|100/100
|-weather|RainDance|[from] ability: Drizzle|[of] p2a: Pelipper
|turn|1
|
|t:|1760454838
|move|p1a: Dragapult|Shadow Ball|p2a: Pelipper
|-damage|p2a: Pelipper|41/100
|move|p2a: Pelipper|Blizzard|p1a: Dragapult
|-supereffective|p1a: Dragapult
|-damage|p1a: Dragapult|37/100
|
|-weather|RainDance|[upkeep]
|upkeep
|turn|2
|
|t:|1760454847
|switch|p2a: Ludicolo|Ludicolo, F|100/100
|move|p1a: Dragapult|Shadow Ball|p2a: Ludicolo
|-damage|p2a: Ludicolo|61/100
|-unboost|p2a: Ludicolo|spd|1
|
|-weather|RainDance|[upkeep]
|upkeep
|turn|3
|
|t:|1760454857
|switch|p1a: Clodsire|Clodsire, F|100/100
|move|p2a: Ludicolo|Ice Beam|p1a: Clodsire
|-supereffective|p1a: Clodsire
|-damage|p1a: Clodsire|72/100
|
|-weather|RainDance|[upkeep]
|-heal|p1a: Clodsire|78/100|[from] item: Black Sludge
|upkeep
|turn|4
|
|t:|1760454873
|move|p2a: Ludicolo|Hydro Pump|p1a: Clodsire
|-heal|p1a: Clodsire|100/100|[from] ability: Water Absorb|[of] p2a: Ludicolo
|move|p1a: Clodsire|Toxic|p2a: Ludicolo
|-status|p2a: Ludicolo|tox
|
|-weather|RainDance|[upkeep]
|-damage|p2a: Ludicolo|55/100 tox|[from] psn
|upkeep
|turn|5
|
|t:|1760454884
|move|p2a: Ludicolo|Ice Beam|p1a: Clodsire
|-supereffective|p1a: Clodsire
|-damage|p1a: Clodsire|71/100
|move|p1a: Clodsire|Stealth Rock|p2a: Ludicolo
|-sidestart|p2: Sugma1|move: Stealth Rock
|
|-weather|RainDance|[upkeep]
|-heal|p1a: Clodsire|77/100|[from] item: Black Sludge
|-damage|p2a: Ludicolo|43/100 tox|[from] psn
|upkeep
|turn|6
|
|t:|1760454893
|move|p2a: Ludicolo|Ice Beam|p1a: Clodsire
|-supereffective|p1a: Clodsire
|-damage|p1a: Clodsire|50/100
|move|p1a: Clodsire|Earthquake|p2a: Ludicolo
|-resisted|p2a: Ludicolo
|-damage|p2a: Ludicolo|21/100 tox
|
|-weather|RainDance|[upkeep]
|-heal|p1a: Clodsire|56/100|[from] item: Black Sludge
|-damage|p2a: Ludicolo|3/100 tox|[from] psn
|upkeep
|turn|7
|
|t:|1760454904
|move|p2a: Ludicolo|Ice Beam|p1a: Clodsire
|-supereffective|p1a: Clodsire
|-damage|p1a: Clodsire|28/100
|-status|p1a: Clodsire|frz
|cant|p1a: Clodsire|frz
|
|-weather|RainDance|[upkeep]
|-heal|p1a: Clodsire|34/100 frz|[from] item: Black Sludge
|-damage|p2a: Ludicolo|0 fnt|[from] psn
|faint|p2a: Ludicolo
|upkeep
|
|t:|1760454908
|switch|p2a: Iron Treads|Iron Treads|100/100
|-damage|p2a: Iron Treads|98/100|[from] Stealth Rock
|turn|8
|
|t:|1760454919
|switch|p1a: Dragapult|Dragapult, F|37/100
|move|p2a: Iron Treads|Stealth Rock|p1a: Dragapult
|-sidestart|p1: ehhrjrjejejele|move: Stealth Rock
|
|-weather|none
|upkeep
|turn|9
|
|t:|1760454929
|move|p1a: Dragapult|Shadow Ball|p2a: Iron Treads
|-damage|p2a: Iron Treads|29/100
|move|p2a: Iron Treads|Rock Slide|p1a: Dragapult
|-damage|p1a: Dragapult|15/100
|
|upkeep
|turn|10
|
|t:|1760454937
|move|p1a: Dragapult|Shadow Ball|p2a: Iron Treads
|-damage|p2a: Iron Treads|0 fnt
|faint|p2a: Iron Treads
|-end|p2a: Iron Treads|Quark Drive|[silent]
|
|upkeep
|
|t:|1760454941
|switch|p2a: Pelipper|Pelipper, M|41/100
|-damage|p2a: Pelipper|16/100|[from] Stealth Rock
|-weather|RainDance|[from] ability: Drizzle|[of] p2a: Pelipper
|turn|11
|
|t:|1760454947
|move|p1a: Dragapult|Shadow Ball|p2a: Pelipper
|-damage|p2a: Pelipper|0 fnt
|faint|p2a: Pelipper
|
|-weather|RainDance|[upkeep]
|upkeep
|
|t:|1760454950
|switch|p2a: Raging Bolt|Raging Bolt|100/100
|-damage|p2a: Raging Bolt|88/100|[from] Stealth Rock
|-enditem|p2a: Raging Bolt|Booster Energy
|-activate|p2a: Raging Bolt|ability: Protosynthesis|[fromitem]
|-start|p2a: Raging Bolt|protosynthesisspa
|turn|12
|
|t:|1760454961
|move|p2a: Raging Bolt|Thunderclap|p1a: Dragapult
|-resisted|p1a: Dragapult
|-damage|p1a: Dragapult|0 fnt
|faint|p1a: Dragapult
|
|-weather|RainDance|[upkeep]
|upkeep
|
|t:|1760454968
|switch|p1a: Darkrai|Darkrai|100/100
|-damage|p1a: Darkrai|88/100|[from] Stealth Rock
|turn|13
|
|t:|1760454974
|move|p1a: Darkrai|Trick|p2a: Raging Bolt
|-activate|p1a: Darkrai|move: Trick|[of] p2a: Raging Bolt
|-item|p2a: Raging Bolt|Choice Scarf|[from] move: Trick
|-enditem|p1a: Darkrai|Choice Scarf|[silent]|[from] move: Trick
|move|p2a: Raging Bolt|Calm Mind|p2a: Raging Bolt
|-boost|p2a: Raging Bolt|spa|1
|-boost|p2a: Raging Bolt|spd|1
|
|-weather|RainDance|[upkeep]
|upkeep
|turn|14
|
|t:|1760454984
|-end|p2a: Raging Bolt|Protosynthesis|[silent]
|switch|p2a: Toxicroak|Toxicroak, M|100/100
|-damage|p2a: Toxicroak|94/100|[from] Stealth Rock
|move|p1a: Darkrai|Ice Beam|p2a: Toxicroak
|-damage|p2a: Toxicroak|43/100
|
|-weather|RainDance|[upkeep]
|-heal|p2a: Toxicroak|56/100|[from] ability: Dry Skin
|upkeep
|turn|15
|
|t:|1760455004
|switch|p1a: Corviknight|Corviknight, F|100/100
|-damage|p1a: Corviknight|88/100|[from] Stealth Rock
|move|p2a: Toxicroak|Drain Punch|p1a: Corviknight
|-damage|p1a: Corviknight|63/100
|-heal|p2a: Toxicroak|72/100|[from] drain|[of] p1a: Corviknight
|-damage|p2a: Toxicroak|56/100|[from] item: Rocky Helmet|[of] p1a: Corviknight
|-damage|p2a: Toxicroak|46/100|[from] item: Life Orb
|
|-weather|RainDance|[upkeep]
|-heal|p2a: Toxicroak|58/100|[from] ability: Dry Skin
|upkeep
|turn|16
|
|t:|1760455019
|move|p2a: Toxicroak|Drain Punch|p1a: Corviknight
|-damage|p1a: Corviknight|38/100
|-heal|p2a: Toxicroak|75/100|[from] drain|[of] p1a: Corviknight
|-damage|p2a: Toxicroak|58/100|[from] item: Rocky Helmet|[of] p1a: Corviknight
|-damage|p2a: Toxicroak|49/100|[from] item: Life Orb
|move|p1a: Corviknight|Body Press|p2a: Toxicroak
|-resisted|p2a: Toxicroak
|-damage|p2a: Toxicroak|29/100
|
|-weather|RainDance|[upkeep]
|-heal|p2a: Toxicroak|42/100|[from] ability: Dry Skin
|upkeep
|turn|17
|
|t:|1760455032
|move|p2a: Toxicroak|Drain Punch|p1a: Corviknight
|-damage|p1a: Corviknight|10/100
|-heal|p2a: Toxicroak|60/100|[from] drain|[of] p1a: Corviknight
|-damage|p2a: Toxicroak|43/100|[from] item: Rocky Helmet|[of] p1a: Corviknight
|-damage|p2a: Toxicroak|33/100|[from] item: Life Orb
|move|p1a: Corviknight|Roost|p1a: Corviknight
|-heal|p1a: Corviknight|60/100
|-singleturn|p1a: Corviknight|move: Roost
|
|-weather|RainDance|[upkeep]
|-heal|p2a: Toxicroak|46/100|[from] ability: Dry Skin
|upkeep
|turn|18
|
|t:|1760455047
|move|p2a: Toxicroak|Swords Dance|p2a: Toxicroak
|-boost|p2a: Toxicroak|atk|2
|move|p1a: Corviknight|Roost|p1a: Corviknight
|-heal|p1a: Corviknight|100/100
|-singleturn|p1a: Corviknight|move: Roost
|
|-weather|none
|upkeep
|turn|19
|
|t:|1760455056
|move|p2a: Toxicroak|Drain Punch|p1a: Corviknight
|-damage|p1a: Corviknight|51/100
|-heal|p2a: Toxicroak|78/100|[from] drain|[of] p1a: Corviknight
|-damage|p2a: Toxicroak|61/100|[from] item: Rocky Helmet|[of] p1a: Corviknight
|-damage|p2a: Toxicroak|51/100|[from] item: Life Orb
|move|p1a: Corviknight|Body Press|p2a: Toxicroak
|-resisted|p2a: Toxicroak
|-damage|p2a: Toxicroak|29/100
|
|upkeep
|turn|20
|
|t:|1760455072
|switch|p1a: Dondozo|Dondozo, M|100/100
|-damage|p1a: Dondozo|88/100|[from] Stealth Rock
|move|p2a: Toxicroak|Drain Punch|p1a: Dondozo
|-damage|p1a: Dondozo|69/100
|-heal|p2a: Toxicroak|45/100|[from] drain|[of] p1a: Dondozo
|-damage|p2a: Toxicroak|29/100|[from] item: Rocky Helmet|[of] p1a: Dondozo
|-damage|p2a: Toxicroak|19/100|[from] item: Life Orb
|
|upkeep
|turn|21
|
|t:|1760455083
|move|p2a: Toxicroak|Gunk Shot|p1a: Dondozo
|-damage|p1a: Dondozo|37/100
|-status|p1a: Dondozo|psn
|-damage|p2a: Toxicroak|9/100|[from] item: Life Orb
|move|p1a: Dondozo|Curse|p1a: Dondozo
|-unboost|p1a: Dondozo|spe|1
|-boost|p1a: Dondozo|atk|1
|-boost|p1a: Dondozo|def|1
|
|-damage|p1a: Dondozo|24/100 psn|[from] psn
|upkeep
|turn|22
|
|t:|1760455095
|move|p2a: Toxicroak|Sucker Punch||[still]
|-fail|p2a: Toxicroak
|move|p1a: Dondozo|Rest|p1a: Dondozo
|-status|p1a: Dondozo|slp|[from] move: Rest
|-heal|p1a: Dondozo|100/100 slp|[silent]
|
|upkeep
|turn|23
|
|t:|1760455104
|move|p2a: Toxicroak|Drain Punch|p1a: Dondozo
|-damage|p1a: Dondozo|87/100 slp
|-heal|p2a: Toxicroak|20/100|[from] drain|[of] p1a: Dondozo
|-damage|p2a: Toxicroak|3/100|[from] item: Rocky Helmet|[of] p1a: Dondozo
|-damage|p2a: Toxicroak|0 fnt|[from] item: Life Orb
|faint|p2a: Toxicroak
|cant|p1a: Dondozo|slp
|
|upkeep
|l|☆Sugma1
|player|p2|
|j|☆Sugma1
|player|p2|Sugma1|170|
|
|t:|1760455123
|switch|p2a: Raging Bolt|Raging Bolt|88/100
|-damage|p2a: Raging Bolt|75/100|[from] Stealth Rock
|turn|24
|
|t:|1760455131
|switch|p1a: Corviknight|Corviknight, F|51/100
|-damage|p1a: Corviknight|39/100|[from] Stealth Rock
|move|p2a: Raging Bolt|Calm Mind|p2a: Raging Bolt
|-boost|p2a: Raging Bolt|spa|1
|-boost|p2a: Raging Bolt|spd|1
|
|upkeep
|turn|25
|
|t:|1760455140
|-end|p2a: Raging Bolt|Protosynthesis|[silent]
|switch|p2a: Kingambit|Kingambit, M|100/100
|-damage|p2a: Kingambit|94/100|[from] Stealth Rock
|-activate|p2a: Kingambit|ability: Supreme Overlord
|-start|p2a: Kingambit|fallen4|[silent]
|-item|p2a: Kingambit|Air Balloon
|move|p1a: Corviknight|Body Press|p2a: Kingambit
|-supereffective|p2a: Kingambit
|-damage|p2a: Kingambit|0 fnt
|-enditem|p2a: Kingambit|Air Balloon
|faint|p2a: Kingambit
|-end|p2a: Kingambit|fallen4|[silent]
|
|upkeep
|
|t:|1760455142
|switch|p2a: Raging Bolt|Raging Bolt|75/100
|-damage|p2a: Raging Bolt|63/100|[from] Stealth Rock
|turn|26
|-message|Sugma1 forfeited.
|
|win|ehhrjrjejejele
|raw|ehhrjrjejejele's rating: 1127 &rarr; <strong>1158</strong><br />(+31 for winning)
|raw|Sugma1's rating: 1210 &rarr; <strong>1179</strong><br />(-31 for losing)
|l|☆Sugma1
|player|p2|
|l|☆ehhrjrjejejele
|player|p1|
