|j|☆NotK1LL
|j|☆kimigoya
|t:|1760428900
|gametype|singles
|player|p1|NotK1LL|twins-gen4dp|1151
|player|p2|kimigoya|265|1219
|gen|9
|tier|[Gen 9] OU
|rated|
|rule|HP Percentage Mod: HP is shown in percentages
|rule|Endless Battle Clause: Forcing endless battles is banned
|rule|Species Clause: Limit one of each Pokémon
|rule|OHKO Clause: OHKO moves are banned
|rule|Evasion Items Clause: Evasion items are banned
|rule|Evasion Moves Clause: Evasion moves are banned
|rule|Evasion Abilities Clause: Evasion abilities are banned
|rule|Sleep Moves Clause: Sleep-inducing moves are banned
|clearpoke
|poke|p1|Heracross, M|
|poke|p1|Thundurus, M|
|poke|p1|Glimmora, F|
|poke|p1|Dragapult, F|
|poke|p1|Slaking, M|
|poke|p1|Clodsire, M|
|poke|p2|Dondozo, F|
|poke|p2|Blissey, F|
|poke|p2|Corviknight, F|
|poke|p2|Weezing-Galar, M|
|poke|p2|Gliscor, M|
|poke|p2|Toxapex, F|
|teampreview
|
|t:|1760428911
|teamsize|p1|6
|teamsize|p2|6
|start
|switch|p1a: Glimmora|Glimmora, F|100/100
|switch|p2a: Blissey|Blissey, F|100/100
|turn|1
|
|t:|1760428914
|move|p1a: Glimmora|Stealth Rock|p2a: Blissey
|-sidestart|p2: kimigoya|move: Stealth Rock
|move|p2a: Blissey|Stealth Rock|p1a: Glimmora
|-sidestart|p1: NotK1LL|move: Stealth Rock
|
|upkeep
|turn|2
|
|t:|1760428920
|switch|p2a: Corviknight|Corviknight, F|100/100
|-damage|p2a: Corviknight|88/100|[from] Stealth Rock
|-ability|p2a: Corviknight|Pressure
|move|p1a: Glimmora|Sludge Bomb|p2a: Corviknight
|-immune|p2a: Corviknight
|
|-heal|p2a: Corviknight|94/100|[from] item: Leftovers
|upkeep
|turn|3
|
|t:|1760428932
|switch|p1a: Thundurus|Thundurus, M|100/100
|move|p2a: Corviknight|Defog|p1a: Thundurus
|-unboost|p1a: Thundurus|evasion|1
|-sideend|p1: NotK1LL|Stealth Rock|[from] move: Defog|[of] p2a: Corviknight
|-sideend|p2: kimigoya|Stealth Rock|[from] move: Defog|[of] p2a: Corviknight
|
|-heal|p2a: Corviknight|100/100|[from] item: Leftovers
|upkeep
|turn|4
|
|t:|1760428938
|switch|p2a: Gliscor|Gliscor, M|100/100
|move|p1a: Thundurus|Wildbolt Storm|p2a: Gliscor
|-immune|p2a: Gliscor
|
|-status|p2a: Gliscor|tox|[from] item: Toxic Orb
|upkeep
|turn|5
|
|t:|1760428945
|move|p1a: Thundurus|Taunt|p2a: Gliscor
|-start|p2a: Gliscor|move: Taunt
|move|p2a: Gliscor|Knock Off|p1a: Thundurus
|-damage|p1a: Thundurus|68/100
|-enditem|p1a: Thundurus|Heavy-Duty Boots|[from] move: Knock Off|[of] p2a: Gliscor
|
|upkeep
|turn|6
|
|t:|1760428952
|switch|p1a: Slaking|Slaking, M|100/100
|switch|p2a: Blissey|Blissey, F|100/100
|
|upkeep
|turn|7
|
|t:|1760428956
|switch|p2a: Corviknight|Corviknight, F|100/100
|-ability|p2a: Corviknight|Pressure
|move|p1a: Slaking|Giga Impact|p2a: Corviknight
|-resisted|p2a: Corviknight
|-damage|p2a: Corviknight|58/100
|-mustrecharge|p1a: Slaking
|
|-heal|p2a: Corviknight|65/100|[from] item: Leftovers
|upkeep
|turn|8
|
|t:|1760428968
|cant|p1a: Slaking|recharge
|move|p2a: Corviknight|Roost|p2a: Corviknight
|-heal|p2a: Corviknight|100/100
|-singleturn|p2a: Corviknight|move: Roost
|
|upkeep
|turn|9
|
|t:|1760428971
|switch|p1a: Thundurus|Thundurus, M|68/100
|move|p2a: Corviknight|Body Press|p1a: Thundurus
|-resisted|p1a: Thundurus
|-damage|p1a: Thundurus|48/100
|
|upkeep
|turn|10
|
|t:|1760428977
|switch|p1a: Slaking|Slaking, M|100/100
|switch|p2a: Blissey|Blissey, F|100/100
|
|upkeep
|turn|11
|
|t:|1760428985
|switch|p2a: Corviknight|Corviknight, F|100/100
|-ability|p2a: Corviknight|Pressure
|move|p1a: Slaking|Giga Impact|p2a: Corviknight
|-resisted|p2a: Corviknight
|-damage|p2a: Corviknight|57/100
|-mustrecharge|p1a: Slaking
|
|-heal|p2a: Corviknight|63/100|[from] item: Leftovers
|upkeep
|turn|12
|
|t:|1760428989
|cant|p1a: Slaking|recharge
|move|p2a: Corviknight|Body Press|p1a: Slaking
|-supereffective|p1a: Slaking
|-damage|p1a: Slaking|57/100
|
|-heal|p2a: Corviknight|69/100|[from] item: Leftovers
|upkeep
|turn|13
|
|t:|1760428995
|switch|p1a: Thundurus|Thundurus, M|48/100
|move|p2a: Corviknight|Roost|p2a: Corviknight
|-heal|p2a: Corviknight|100/100
|-singleturn|p2a: Corviknight|move: Roost
|
|upkeep
|turn|14
|
|t:|1760428998
|switch|p2a: Blissey|Blissey, F|100/100
|move|p1a: Thundurus|Wildbolt Storm|p2a: Blissey
|-damage|p2a: Blissey|85/100
|
|-heal|p2a: Blissey|92/100|[from] item: Leftovers
|upkeep
|turn|15
|
|t:|1760429002
|move|p1a: Thundurus|Thunder Wave|p2a: Blissey
|-status|p2a: Blissey|par
|move|p2a: Blissey|Stealth Rock|p1a: Thundurus
|-sidestart|p1: NotK1LL|move: Stealth Rock
|
|-heal|p2a: Blissey|98/100 par|[from] item: Leftovers
|upkeep
|turn|16
|
|t:|1760429006
|move|p1a: Thundurus|Wildbolt Storm|p2a: Blissey
|-damage|p2a: Blissey|83/100 par
|move|p2a: Blissey|Seismic Toss|p1a: Thundurus
|-damage|p1a: Thundurus|15/100
|
|-heal|p2a: Blissey|89/100 par|[from] item: Leftovers
|upkeep
|turn|17
|
|t:|1760429012
|move|p1a: Thundurus|Wildbolt Storm|p2a: Blissey
|-damage|p2a: Blissey|73/100 par
|move|p2a: Blissey|Seismic Toss|p1a: Thundurus
|-damage|p1a: Thundurus|0 fnt
|faint|p1a: Thundurus
|
|-heal|p2a: Blissey|80/100 par|[from] item: Leftovers
|upkeep
|
|t:|1760429018
|switch|p1a: Slaking|Slaking, M|57/100
|-damage|p1a: Slaking|45/100|[from] Stealth Rock
|turn|18
|
|t:|1760429022
|-curestatus|p2a: Blissey|par|[from] ability: Natural Cure
|switch|p2a: Corviknight|Corviknight, F|100/100
|-ability|p2a: Corviknight|Pressure
|move|p1a: Slaking|Drain Punch|p2a: Corviknight
|-damage|p2a: Corviknight|73/100
|-heal|p1a: Slaking|57/100|[from] drain|[of] p2a: Corviknight
|
|-heal|p2a: Corviknight|79/100|[from] item: Leftovers
|upkeep
|turn|19
|
|t:|1760429028
|cant|p1a: Slaking|ability: Truant
|move|p2a: Corviknight|Body Press|p1a: Slaking
|-supereffective|p1a: Slaking
|-damage|p1a: Slaking|17/100
|
|-heal|p2a: Corviknight|86/100|[from] item: Leftovers
|upkeep
|turn|20
|
|t:|1760429032
|move|p1a: Slaking|Drain Punch|p2a: Corviknight
|-damage|p2a: Corviknight|56/100
|-heal|p1a: Slaking|30/100|[from] drain|[of] p2a: Corviknight
|move|p2a: Corviknight|Body Press|p1a: Slaking
|-supereffective|p1a: Slaking
|-damage|p1a: Slaking|0 fnt
|faint|p1a: Slaking
|
|-heal|p2a: Corviknight|62/100|[from] item: Leftovers
|upkeep
|
|t:|1760429035
|switch|p1a: Dragapult|Dragapult, F|100/100
|-damage|p1a: Dragapult|88/100|[from] Stealth Rock
|turn|21
|
|t:|1760429039
|switch|p2a: Toxapex|Toxapex, F|100/100
|move|p1a: Dragapult|Thunderbolt|p2a: Toxapex
|-supereffective|p2a: Toxapex
|-damage|p2a: Toxapex|48/100
|
|-heal|p2a: Toxapex|54/100|[from] item: Leftovers
|upkeep
|turn|22
|
|t:|1760429044
|switch|p1a: Clodsire|Clodsire, M|100/100
|-damage|p1a: Clodsire|94/100|[from] Stealth Rock
|switch|p2a: Blissey|Blissey, F|80/100
|
|-heal|p2a: Blissey|86/100|[from] item: Leftovers
|-heal|p1a: Clodsire|100/100|[from] item: Leftovers
|upkeep
|turn|23
|
|t:|1760429050
|move|p2a: Blissey|Seismic Toss|p1a: Clodsire
|-damage|p1a: Clodsire|79/100
|move|p1a: Clodsire|Toxic|p2a: Blissey
|-status|p2a: Blissey|tox
|
|-heal|p2a: Blissey|92/100 tox|[from] item: Leftovers
|-heal|p1a: Clodsire|85/100|[from] item: Leftovers
|-damage|p2a: Blissey|86/100 tox|[from] psn
|upkeep
|turn|24
|
|t:|1760429057
|-curestatus|p2a: Blissey|tox|[from] ability: Natural Cure
|switch|p2a: Gliscor|Gliscor, M|100/100 tox
|switch|p1a: Glimmora|Glimmora, F|100/100
|-damage|p1a: Glimmora|88/100|[from] Stealth Rock
|
|upkeep
|turn|25
|
|t:|1760429063
|switch|p2a: Blissey|Blissey, F|86/100
|move|p1a: Glimmora|Stealth Rock|p2a: Blissey
|-sidestart|p2: kimigoya|move: Stealth Rock
|
|-heal|p2a: Blissey|92/100|[from] item: Leftovers
|upkeep
|turn|26
|
|t:|1760429067
|move|p1a: Glimmora|Memento|p2a: Blissey
|-unboost|p2a: Blissey|atk|2
|-unboost|p2a: Blissey|spa|2
|faint|p1a: Glimmora
|move|p2a: Blissey|Seismic Toss|p1: Glimmora|[notarget]
|-fail|p2a: Blissey
|
|-heal|p2a: Blissey|98/100|[from] item: Leftovers
|upkeep
|
|t:|1760429070
|switch|p1a: Heracross|Heracross, M|100/100
|-damage|p1a: Heracross|88/100|[from] Stealth Rock
|turn|27
|
|t:|1760429075
|switch|p2a: Dondozo|Dondozo, F|100/100
|-damage|p2a: Dondozo|88/100|[from] Stealth Rock
|move|p1a: Heracross|Trailblaze|p2a: Dondozo
|-supereffective|p2a: Dondozo
|-damage|p2a: Dondozo|73/100
|-boost|p1a: Heracross|spe|1
|
|-heal|p2a: Dondozo|80/100|[from] item: Leftovers
|upkeep
|turn|28
|
|t:|1760429083
|move|p1a: Heracross|Swords Dance|p1a: Heracross
|-boost|p1a: Heracross|atk|2
|move|p2a: Dondozo|Body Press|p1a: Heracross
|-resisted|p1a: Heracross
|-damage|p1a: Heracross|68/100
|
|-heal|p2a: Dondozo|86/100|[from] item: Leftovers
|upkeep
|turn|29
|
|t:|1760429088
|move|p1a: Heracross|Trailblaze|p2a: Dondozo
|-supereffective|p2a: Dondozo
|-damage|p2a: Dondozo|71/100
|-boost|p1a: Heracross|spe|1
|move|p2a: Dondozo|Body Press|p1a: Heracross
|-resisted|p1a: Heracross
|-damage|p1a: Heracross|47/100
|
|-heal|p2a: Dondozo|77/100|[from] item: Leftovers
|upkeep
|turn|30
|
|t:|1760429095
|move|p1a: Heracross|Close Combat|p2a: Dondozo
|-damage|p2a: Dondozo|49/100
|-unboost|p1a: Heracross|def|1
|-unboost|p1a: Heracross|spd|1
|move|p2a: Dondozo|Avalanche|p1a: Heracross
|-damage|p1a: Heracross|5/100
|
|-heal|p2a: Dondozo|55/100|[from] item: Leftovers
|upkeep
|turn|31
|
|t:|1760429099
|move|p1a: Heracross|Close Combat|p2a: Dondozo
|-damage|p2a: Dondozo|30/100
|-unboost|p1a: Heracross|def|1
|-unboost|p1a: Heracross|spd|1
|move|p2a: Dondozo|Avalanche|p1a: Heracross
|-damage|p1a: Heracross|0 fnt
|faint|p1a: Heracross
|
|-heal|p2a: Dondozo|36/100|[from] item: Leftovers
|upkeep
|-message|NotK1LL forfeited.
|
|win|kimigoya
|raw|NotK1LL's rating: 1151 &rarr; <strong>1131</strong><br />(-20 for losing)
|raw|kimigoya's rating: 1219 &rarr; <strong>1239</strong><br />(+20 for winning)
|l|☆NotK1LL
|player|p1|
|l|☆kimigoya
|player|p2|
