|j|☆coolbluekid
|j|☆KushTheGoat
|t:|1760303950
|gametype|singles
|player|p1|coolbluekid|1|1303
|player|p2|KushTheGoat|102|1291
|gen|9
|tier|[Gen 9] OU
|rated|
|rule|HP Percentage Mod: HP is shown in percentages
|rule|Endless Battle Clause: Forcing endless battles is banned
|rule|Species Clause: Limit one of each Pokémon
|rule|OHKO Clause: OHKO moves are banned
|rule|Evasion Items Clause: Evasion items are banned
|rule|Evasion Moves Clause: Evasion moves are banned
|rule|Evasion Abilities Clause: Evasion abilities are banned
|rule|Sleep Moves Clause: Sleep-inducing moves are banned
|clearpoke
|poke|p1|Furret, M|
|poke|p1|Gliscor, M|
|poke|p1|Tornadus-Therian, M|
|poke|p1|Fezandipiti, M|
|poke|p1|Araquanid, M|
|poke|p1|Slowking-Galar, F|
|poke|p2|Dragonite, M|
|poke|p2|Kingambit, M|
|poke|p2|Slowking-Galar, M|
|poke|p2|Great Tusk|
|poke|p2|Iron Crown|
|poke|p2|Kyurem|
|teampreview
|inactive|Battle timer is ON: inactive players will automatically lose when time's up. (requested by KushTheGoat)
|
|t:|1760304015
|teamsize|p1|6
|teamsize|p2|6
|start
|switch|p1a: Tornadus|Tornadus-Therian, M|100/100
|switch|p2a: Kyurem|Kyurem|100/100
|-ability|p2a: Kyurem|Pressure
|turn|1
|
|t:|1760304025
|move|p1a: Tornadus|Knock Off|p2a: Kyurem
|-damage|p2a: Kyurem|79/100
|-enditem|p2a: Kyurem|Leftovers|[from] move: Knock Off|[of] p1a: Tornadus
|move|p2a: Kyurem|Freeze-Dry|p1a: Tornadus
|-supereffective|p1a: Tornadus
|-damage|p1a: Tornadus|4/100
|
|upkeep
|turn|2
|
|t:|1760304035
|move|p1a: Tornadus|U-turn|p2a: Kyurem
|-damage|p2a: Kyurem|63/100
|
|t:|1760304037
|switch|p1a: Fezandipiti|Fezandipiti, M|100/100|[from] U-turn
|move|p2a: Kyurem|Freeze-Dry|p1a: Fezandipiti
|-damage|p1a: Fezandipiti|81/100
|
|upkeep
|turn|3
|
|t:|1760304045
|move|p1a: Fezandipiti|U-turn|p2a: Kyurem
|-crit|p2a: Kyurem
|-damage|p2a: Kyurem|34/100
|
|t:|1760304048
|switch|p1a: Slowking|Slowking-Galar, F|100/100|[from] U-turn
|move|p2a: Kyurem|Earth Power|p1a: Slowking
|-supereffective|p1a: Slowking
|-damage|p1a: Slowking|63/100
|
|-heal|p1a: Slowking|69/100|[from] item: Black Sludge
|upkeep
|turn|4
|
|t:|1760304056
|move|p2a: Kyurem|Earth Power|p1a: Slowking
|-supereffective|p1a: Slowking
|-damage|p1a: Slowking|36/100
|move|p1a: Slowking|Sludge Bomb|p2a: Kyurem
|-damage|p2a: Kyurem|5/100
|
|-heal|p1a: Slowking|42/100|[from] item: Black Sludge
|upkeep
|turn|5
|
|t:|1760304068
|switch|p1a: Tornadus|Tornadus-Therian, M|37/100
|move|p2a: Kyurem|Freeze-Dry|p1a: Tornadus
|-supereffective|p1a: Tornadus
|-damage|p1a: Tornadus|0 fnt
|faint|p1a: Tornadus
|
|upkeep
|
|t:|1760304078
|switch|p1a: Fezandipiti|Fezandipiti, M|81/100
|turn|6
|
|t:|1760304087
|move|p1a: Fezandipiti|Play Rough|p2a: Kyurem|[miss]
|-miss|p1a: Fezandipiti|p2a: Kyurem
|move|p2a: Kyurem|Earth Power|p1a: Fezandipiti
|-supereffective|p1a: Fezandipiti
|-damage|p1a: Fezandipiti|48/100
|
|upkeep
|turn|7
|
|t:|1760304098
|move|p1a: Fezandipiti|Play Rough|p2a: Kyurem
|-supereffective|p2a: Kyurem
|-damage|p2a: Kyurem|0 fnt
|faint|p2a: Kyurem
|
|upkeep
|
|t:|1760304105
|switch|p2a: Iron Crown|Iron Crown|100/100
|turn|8
|
|t:|1760304109
|move|p1a: Fezandipiti|Heat Wave|p2a: Iron Crown
|-supereffective|p2a: Iron Crown
|-damage|p2a: Iron Crown|70/100
|move|p2a: Iron Crown|Tachyon Cutter|p1a: Fezandipiti
|-supereffective|p1a: Fezandipiti
|-damage|p1a: Fezandipiti|18/100
|-supereffective|p1a: Fezandipiti
|-damage|p1a: Fezandipiti|0 fnt
|faint|p1a: Fezandipiti
|-hitcount|p1: Fezandipiti|2
|
|-heal|p2a: Iron Crown|76/100|[from] item: Leftovers
|upkeep
|
|t:|1760304114
|switch|p1a: Slowking|Slowking-Galar, F|75/100
|turn|9
|
|t:|1760304121
|move|p2a: Iron Crown|Psychic|p1a: Slowking
|-crit|p1a: Slowking
|-damage|p1a: Slowking|33/100
|move|p1a: Slowking|Flamethrower|p2a: Iron Crown
|-supereffective|p2a: Iron Crown
|-damage|p2a: Iron Crown|35/100
|
|-heal|p2a: Iron Crown|41/100|[from] item: Leftovers
|-heal|p1a: Slowking|39/100|[from] item: Black Sludge
|upkeep
|turn|10
|
|t:|1760304133
|move|p2a: Iron Crown|Calm Mind|p2a: Iron Crown
|-boost|p2a: Iron Crown|spa|1
|-boost|p2a: Iron Crown|spd|1
|move|p1a: Slowking|Flamethrower|p2a: Iron Crown
|-supereffective|p2a: Iron Crown
|-damage|p2a: Iron Crown|12/100
|-status|p2a: Iron Crown|brn
|
|-heal|p2a: Iron Crown|18/100 brn|[from] item: Leftovers
|-heal|p1a: Slowking|45/100|[from] item: Black Sludge
|-damage|p2a: Iron Crown|12/100 brn|[from] brn
|upkeep
|turn|11
|
|t:|1760304145
|move|p2a: Iron Crown|Psychic|p1a: Slowking
|-damage|p1a: Slowking|7/100
|move|p1a: Slowking|Flamethrower|p2a: Iron Crown
|-supereffective|p2a: Iron Crown
|-damage|p2a: Iron Crown|0 fnt
|faint|p2a: Iron Crown
|-end|p2a: Iron Crown|Quark Drive|[silent]
|
|-heal|p1a: Slowking|13/100|[from] item: Black Sludge
|upkeep
|
|t:|1760304154
|switch|p2a: Great Tusk|Great Tusk|100/100
|-enditem|p2a: Great Tusk|Booster Energy
|-activate|p2a: Great Tusk|ability: Protosynthesis|[fromitem]
|-start|p2a: Great Tusk|protosynthesisatk
|turn|12
|
|t:|1760304172
|switch|p1a: Gliscor|Gliscor, M|100/100
|move|p2a: Great Tusk|Rapid Spin|p1a: Gliscor
|-damage|p1a: Gliscor|87/100
|-boost|p2a: Great Tusk|spe|1
|
|-status|p1a: Gliscor|tox|[from] item: Toxic Orb
|upkeep
|turn|13
|
|t:|1760304182
|switch|p1a: Araquanid|Araquanid, M|100/100
|move|p2a: Great Tusk|Ice Spinner|p1a: Araquanid
|-resisted|p1a: Araquanid
|-damage|p1a: Araquanid|87/100
|
|upkeep
|turn|14
|inactive|coolbluekid has 120 seconds left.
|
|t:|1760304214
|move|p2a: Great Tusk|Headlong Rush|p1a: Araquanid
|-resisted|p1a: Araquanid
|-damage|p1a: Araquanid|57/100
|-unboost|p2a: Great Tusk|def|1
|-unboost|p2a: Great Tusk|spd|1
|move|p1a: Araquanid|Liquidation|p2a: Great Tusk
|-supereffective|p2a: Great Tusk
|-damage|p2a: Great Tusk|17/100
|
|upkeep
|turn|15
|
|t:|1760304222
|move|p2a: Great Tusk|Close Combat|p1a: Araquanid
|-resisted|p1a: Araquanid
|-damage|p1a: Araquanid|28/100
|-unboost|p2a: Great Tusk|def|1
|-unboost|p2a: Great Tusk|spd|1
|move|p1a: Araquanid|Liquidation|p2a: Great Tusk
|-supereffective|p2a: Great Tusk
|-damage|p2a: Great Tusk|0 fnt
|faint|p2a: Great Tusk
|-end|p2a: Great Tusk|Protosynthesis|[silent]
|
|upkeep
|
|t:|1760304231
|switch|p2a: Dragonite|Dragonite, M|100/100
|turn|16
|
|t:|1760304235
|move|p2a: Dragonite|Dragon Dance|p2a: Dragonite
|-boost|p2a: Dragonite|atk|1
|-boost|p2a: Dragonite|spe|1
|move|p1a: Araquanid|Lunge|p2a: Dragonite
|-resisted|p2a: Dragonite
|-damage|p2a: Dragonite|95/100
|-unboost|p2a: Dragonite|atk|1
|
|upkeep
|turn|17
|
|t:|1760304242
|move|p2a: Dragonite|Dragon Dance|p2a: Dragonite
|-boost|p2a: Dragonite|atk|1
|-boost|p2a: Dragonite|spe|1
|move|p1a: Araquanid|Lunge|p2a: Dragonite
|-resisted|p2a: Dragonite
|-damage|p2a: Dragonite|84/100
|-unboost|p2a: Dragonite|atk|1
|
|upkeep
|turn|18
|
|t:|1760304249
|move|p2a: Dragonite|Roost|p2a: Dragonite
|-heal|p2a: Dragonite|100/100
|-singleturn|p2a: Dragonite|move: Roost
|move|p1a: Araquanid|Lunge|p2a: Dragonite
|-damage|p2a: Dragonite|88/100
|-unboost|p2a: Dragonite|atk|1
|
|upkeep
|turn|19
|
|t:|1760304257
|move|p2a: Dragonite|Dragon Dance|p2a: Dragonite
|-boost|p2a: Dragonite|atk|1
|-boost|p2a: Dragonite|spe|1
|move|p1a: Araquanid|Lunge|p2a: Dragonite
|-resisted|p2a: Dragonite
|-damage|p2a: Dragonite|78/100
|-unboost|p2a: Dragonite|atk|1
|
|upkeep
|turn|20
|
|t:|1760304264
|move|p2a: Dragonite|Dragon Dance|p2a: Dragonite
|-boost|p2a: Dragonite|atk|1
|-boost|p2a: Dragonite|spe|1
|move|p1a: Araquanid|Lunge|p2a: Dragonite
|-resisted|p2a: Dragonite
|-damage|p2a: Dragonite|67/100
|-unboost|p2a: Dragonite|atk|1
|
|upkeep
|turn|21
|
|t:|1760304273
|move|p2a: Dragonite|Roost|p2a: Dragonite
|-heal|p2a: Dragonite|100/100
|-singleturn|p2a: Dragonite|move: Roost
|move|p1a: Araquanid|Lunge|p2a: Dragonite
|-damage|p2a: Dragonite|89/100
|-unboost|p2a: Dragonite|atk|1
|
|upkeep
|turn|22
|
|t:|1760304281
|move|p2a: Dragonite|Dragon Dance|p2a: Dragonite
|-boost|p2a: Dragonite|atk|1
|-boost|p2a: Dragonite|spe|1
|move|p1a: Araquanid|Lunge|p2a: Dragonite
|-resisted|p2a: Dragonite
|-damage|p2a: Dragonite|78/100
|-unboost|p2a: Dragonite|atk|1
|
|upkeep
|turn|23
|
|t:|1760304288
|move|p2a: Dragonite|Dragon Dance|p2a: Dragonite
|-boost|p2a: Dragonite|atk|1
|-boost|p2a: Dragonite|spe|1
|move|p1a: Araquanid|Lunge|p2a: Dragonite
|-resisted|p2a: Dragonite
|-damage|p2a: Dragonite|67/100
|-unboost|p2a: Dragonite|atk|1
|
|upkeep
|turn|24
|
|t:|1760304295
|move|p2a: Dragonite|Dragon Dance|p2a: Dragonite
|-boost|p2a: Dragonite|atk|1
|-boost|p2a: Dragonite|spe|0
|move|p1a: Araquanid|Lunge|p2a: Dragonite
|-resisted|p2a: Dragonite
|-damage|p2a: Dragonite|56/100
|-unboost|p2a: Dragonite|atk|1
|
|upkeep
|turn|25
|
|t:|1760304302
|move|p2a: Dragonite|Roost|p2a: Dragonite
|-heal|p2a: Dragonite|100/100
|-singleturn|p2a: Dragonite|move: Roost
|move|p1a: Araquanid|Lunge|p2a: Dragonite
|-damage|p2a: Dragonite|88/100
|-unboost|p2a: Dragonite|atk|1
|
|upkeep
|turn|26
|
|t:|1760304310
|move|p2a: Dragonite|Dragon Dance|p2a: Dragonite
|-boost|p2a: Dragonite|atk|1
|-boost|p2a: Dragonite|spe|0
|move|p1a: Araquanid|Lunge|p2a: Dragonite
|-resisted|p2a: Dragonite
|-damage|p2a: Dragonite|76/100
|-unboost|p2a: Dragonite|atk|1
|
|upkeep
|turn|27
|
|t:|1760304317
|switch|p1a: Gliscor|Gliscor, M|87/100 tox
|move|p2a: Dragonite|Dragon Dance|p2a: Dragonite
|-boost|p2a: Dragonite|atk|1
|-boost|p2a: Dragonite|spe|0
|
|-heal|p1a: Gliscor|99/100 tox|[from] ability: Poison Heal
|upkeep
|turn|28
|
|t:|1760304324
|move|p2a: Dragonite|Dragon Dance|p2a: Dragonite
|-boost|p2a: Dragonite|atk|1
|-boost|p2a: Dragonite|spe|0
|move|p1a: Gliscor|Toxic|p2a: Dragonite
|-status|p2a: Dragonite|tox
|
|-damage|p2a: Dragonite|70/100 tox|[from] psn
|-heal|p1a: Gliscor|100/100 tox|[from] ability: Poison Heal
|upkeep
|turn|29
|
|t:|1760304333
|move|p2a: Dragonite|Dragon Dance|p2a: Dragonite
|-boost|p2a: Dragonite|atk|1
|-boost|p2a: Dragonite|spe|0
|move|p1a: Gliscor|Knock Off|p2a: Dragonite
|-damage|p2a: Dragonite|48/100 tox
|-enditem|p2a: Dragonite|Heavy-Duty Boots|[from] move: Knock Off|[of] p1a: Gliscor
|
|-damage|p2a: Dragonite|35/100 tox|[from] psn
|upkeep
|turn|30
|
|t:|1760304341
|move|p2a: Dragonite|Outrage|p1a: Gliscor
|-damage|p1a: Gliscor|62/100 tox
|move|p1a: Gliscor|Earthquake|p2a: Dragonite
|-immune|p2a: Dragonite
|
|-damage|p2a: Dragonite|17/100 tox|[from] psn
|-heal|p1a: Gliscor|75/100 tox|[from] ability: Poison Heal
|upkeep
|turn|31
|
|t:|1760304350
|move|p2a: Dragonite|Outrage|p1a: Gliscor|[from] lockedmove
|-damage|p1a: Gliscor|35/100 tox
|move|p1a: Gliscor|Earthquake|p2a: Dragonite
|-immune|p2a: Dragonite
|
|-damage|p2a: Dragonite|0 fnt|[from] psn
|faint|p2a: Dragonite
|-heal|p1a: Gliscor|48/100 tox|[from] ability: Poison Heal
|upkeep
|
|t:|1760304364
|switch|p2a: Kingambit|Kingambit, M|100/100
|-activate|p2a: Kingambit|ability: Supreme Overlord
|-start|p2a: Kingambit|fallen4|[silent]
|turn|32
|
|t:|1760304374
|-terastallize|p1a: Gliscor|Ground
|-terastallize|p2a: Kingambit|Dark
|move|p1a: Gliscor|Earthquake|p2a: Kingambit
|-damage|p2a: Kingambit|68/100
|move|p2a: Kingambit|Swords Dance|p2a: Kingambit
|-boost|p2a: Kingambit|atk|2
|
|-heal|p1a: Gliscor|60/100 tox|[from] ability: Poison Heal
|upkeep
|turn|33
|
|t:|1760304384
|move|p2a: Kingambit|Sucker Punch||[still]
|-fail|p2a: Kingambit
|move|p1a: Gliscor|Toxic|p2a: Kingambit
|-status|p2a: Kingambit|tox
|
|-heal|p1a: Gliscor|73/100 tox|[from] ability: Poison Heal
|-damage|p2a: Kingambit|61/100 tox|[from] psn
|upkeep
|turn|34
|
|t:|1760304392
|move|p1a: Gliscor|Protect|p1a: Gliscor
|-singleturn|p1a: Gliscor|Protect
|move|p2a: Kingambit|Kowtow Cleave|p1a: Gliscor
|-activate|p1a: Gliscor|move: Protect
|
|-heal|p1a: Gliscor|85/100 tox|[from] ability: Poison Heal
|-damage|p2a: Kingambit|49/100 tox|[from] psn
|upkeep
|turn|35
|
|t:|1760304400
|switch|p1a: Araquanid|Araquanid, M|28/100
|move|p2a: Kingambit|Kowtow Cleave|p1a: Araquanid
|-damage|p1a: Araquanid|0 fnt
|faint|p1a: Araquanid
|-damage|p2a: Kingambit|39/100 tox|[from] item: Life Orb
|
|-damage|p2a: Kingambit|20/100 tox|[from] psn
|upkeep
|
|t:|1760304409
|switch|p1a: Gliscor|Gliscor, M, tera:Ground|85/100 tox
|turn|36
|
|t:|1760304412
|-end|p2a: Kingambit|fallen4|[silent]
|switch|p2a: Slowking|Slowking-Galar, M|100/100
|move|p1a: Gliscor|Protect||[still]
|-fail|p1a: Gliscor
|
|-heal|p1a: Gliscor|97/100 tox|[from] ability: Poison Heal
|upkeep
|turn|37
|
|t:|1760304421
|switch|p1a: Slowking|Slowking-Galar, F|46/100
|move|p2a: Slowking|Future Sight|p1a: Slowking
|-start|p2a: Slowking|move: Future Sight
|
|-heal|p1a: Slowking|52/100|[from] item: Black Sludge
|upkeep
|turn|38
|
|t:|1760304426
|move|p1a: Slowking|Future Sight|p2a: Slowking
|-start|p1a: Slowking|move: Future Sight
|move|p2a: Slowking|Thunder Wave|p1a: Slowking
|-status|p1a: Slowking|par
|
|-heal|p1a: Slowking|58/100 par|[from] item: Black Sludge
|upkeep
|turn|39
|
|t:|1760304439
|move|p2a: Slowking|Sludge Bomb|p1a: Slowking
|-resisted|p1a: Slowking
|-damage|p1a: Slowking|49/100 par
|move|p1a: Slowking|Flamethrower|p2a: Slowking
|-damage|p2a: Slowking|88/100
|
|-end|p1a: Slowking|move: Future Sight
|-crit|p1a: Slowking
|-damage|p1a: Slowking|12/100 par
|-heal|p2a: Slowking|94/100|[from] item: Black Sludge
|-heal|p1a: Slowking|18/100 par|[from] item: Black Sludge
|upkeep
|turn|40
|
|t:|1760304449
|switch|p1a: Furret|Furret, M|100/100
|-item|p2a: Slowking|Black Sludge|[from] ability: Frisk|[of] p1a: Furret
|move|p2a: Slowking|Future Sight|p1a: Furret
|-start|p2a: Slowking|move: Future Sight
|
|-end|p2a: Slowking|move: Future Sight
|-damage|p2a: Slowking|69/100
|-heal|p2a: Slowking|75/100|[from] item: Black Sludge
|upkeep
|turn|41
|
|t:|1760304457
|switch|p2a: Kingambit|Kingambit, M, tera:Dark|20/100 tox
|-activate|p2a: Kingambit|ability: Supreme Overlord
|-start|p2a: Kingambit|fallen4|[silent]
|move|p1a: Furret|Double-Edge|p2a: Kingambit
|-damage|p2a: Kingambit|0 fnt
|faint|p2a: Kingambit
|-end|p2a: Kingambit|fallen4|[silent]
|-damage|p1a: Furret|92/100|[from] Recoil
|
|upkeep
|
|t:|1760304466
|switch|p2a: Slowking|Slowking-Galar, M|100/100
|turn|42
|
|t:|1760304468
|move|p1a: Furret|Double-Edge|p2a: Slowking
|-damage|p2a: Slowking|30/100
|-damage|p1a: Furret|63/100|[from] Recoil
|move|p2a: Slowking|Thunder Wave|p1a: Furret
|-status|p1a: Furret|par
|
|-end|p1a: Furret|move: Future Sight
|-damage|p1a: Furret|0 fnt
|faint|p1a: Furret
|-heal|p2a: Slowking|36/100|[from] item: Black Sludge
|upkeep
|
|t:|1760304474
|switch|p1a: Gliscor|Gliscor, M, tera:Ground|97/100 tox
|turn|43
|
|t:|1760304481
|move|p1a: Gliscor|Earthquake|p2a: Slowking
|-supereffective|p2a: Slowking
|-damage|p2a: Slowking|0 fnt
|faint|p2a: Slowking
|
|win|coolbluekid
|raw|coolbluekid's rating: 1303 &rarr; <strong>1322</strong><br />(+19 for winning)
|raw|KushTheGoat's rating: 1291 &rarr; <strong>1267</strong><br />(-24 for losing)
|c|☆coolbluekid|gg
|l|☆KushTheGoat
|player|p2|
|l|☆coolbluekid
|player|p1|
