|j|☆KrenKrombo
|j|☆Des4
|t:|1760396988
|gametype|singles
|player|p1|KrenKrombo|winona|1448
|player|p2|Des4|caitlin|1423
|gen|9
|tier|[Gen 9] OU
|rated|
|rule|HP Percentage Mod: HP is shown in percentages
|rule|Endless Battle Clause: Forcing endless battles is banned
|rule|Species Clause: Limit one of each Pokémon
|rule|OHKO Clause: OHKO moves are banned
|rule|Evasion Items Clause: Evasion items are banned
|rule|Evasion Moves Clause: Evasion moves are banned
|rule|Evasion Abilities Clause: Evasion abilities are banned
|rule|Sleep Moves Clause: Sleep-inducing moves are banned
|clearpoke
|poke|p1|Tyranitar, M|
|poke|p1|Excadrill, M|
|poke|p1|Garganacl, M|
|poke|p1|Ogerpon, F|
|poke|p1|Pecharunt|
|poke|p1|Tornadus-Therian, M|
|poke|p2|Articuno|
|poke|p2|Slowking-Galar, M|
|poke|p2|Iron Treads|
|poke|p2|Primarina, F|
|poke|p2|Mandibuzz, F|
|poke|p2|Dragapult, F|
|teampreview
|inactive|Battle timer is ON: inactive players will automatically lose when time's up. (requested by Des4)
|inactive|KrenKrombo has 120 seconds left.
|
|t:|1760397023
|teamsize|p1|6
|teamsize|p2|6
|start
|switch|p1a: Tornadus|Tornadus-Therian, M|100/100
|switch|p2a: Iron Treads|Iron Treads|100/100
|turn|1
|
|t:|1760397039
|move|p1a: Tornadus|Heat Wave|p2a: Iron Treads
|-supereffective|p2a: Iron Treads
|-damage|p2a: Iron Treads|16/100
|move|p2a: Iron Treads|Stealth Rock|p1a: Tornadus
|-sidestart|p1: KrenKrombo|move: Stealth Rock
|
|-heal|p2a: Iron Treads|23/100|[from] item: Leftovers
|upkeep
|turn|2
|
|t:|1760397043
|-end|p2a: Iron Treads|Quark Drive|[silent]
|switch|p2a: Primarina|Primarina, F|100/100
|move|p1a: Tornadus|Knock Off|p2a: Primarina
|-resisted|p2a: Primarina
|-damage|p2a: Primarina|86/100
|-enditem|p2a: Primarina|Choice Specs|[from] move: Knock Off|[of] p1a: Tornadus
|
|upkeep
|turn|3
|
|t:|1760397060
|move|p1a: Tornadus|Bleakwind Storm|p2a: Primarina
|-damage|p2a: Primarina|42/100
|-unboost|p2a: Primarina|spe|1
|move|p2a: Primarina|Moonblast|p1a: Tornadus
|-damage|p1a: Tornadus|34/100
|
|upkeep
|turn|4
|
|t:|1760397069
|switch|p2a: Dragapult|Dragapult, F|100/100
|move|p1a: Tornadus|U-turn|p2a: Dragapult
|-resisted|p2a: Dragapult
|-damage|p2a: Dragapult|90/100
|
|t:|1760397072
|switch|p1a: Garganacl|Garganacl, M|100/100|[from] U-turn
|-damage|p1a: Garganacl|88/100|[from] Stealth Rock
|
|-heal|p1a: Garganacl|94/100|[from] item: Leftovers
|upkeep
|turn|5
|
|t:|1760397077
|switch|p2a: Iron Treads|Iron Treads|23/100
|move|p1a: Garganacl|Salt Cure|p2a: Iron Treads
|-resisted|p2a: Iron Treads
|-damage|p2a: Iron Treads|20/100
|-start|p2a: Iron Treads|Salt Cure
|
|-heal|p2a: Iron Treads|26/100|[from] item: Leftovers
|-heal|p1a: Garganacl|100/100|[from] item: Leftovers
|-damage|p2a: Iron Treads|1/100|[from] Salt Cure
|upkeep
|turn|6
|
|t:|1760397080
|move|p1a: Garganacl|Protect|p1a: Garganacl
|-singleturn|p1a: Garganacl|Protect
|move|p2a: Iron Treads|Knock Off|p1a: Garganacl
|-activate|p1a: Garganacl|move: Protect
|
|-heal|p2a: Iron Treads|7/100|[from] item: Leftovers
|-damage|p2a: Iron Treads|0 fnt|[from] Salt Cure
|faint|p2a: Iron Treads
|-end|p2a: Iron Treads|Quark Drive|[silent]
|upkeep
|
|t:|1760397083
|switch|p2a: Articuno|Articuno|100/100
|-ability|p2a: Articuno|Pressure
|turn|7
|
|t:|1760397091
|-terastallize|p2a: Articuno|Ground
|move|p2a: Articuno|Substitute|p2a: Articuno
|-start|p2a: Articuno|Substitute
|-damage|p2a: Articuno|76/100
|move|p1a: Garganacl|Salt Cure|p2a: Articuno
|-resisted|p2a: Articuno
|-activate|p2a: Articuno|move: Substitute|[damage]
|
|-heal|p2a: Articuno|82/100|[from] item: Leftovers
|upkeep
|turn|8
|
|t:|1760397099
|move|p2a: Articuno|Tera Blast|p1a: Garganacl|[anim] Tera Blast Ground
|-supereffective|p1a: Garganacl
|-damage|p1a: Garganacl|53/100
|move|p1a: Garganacl|Ice Punch|p2a: Articuno
|-supereffective|p2a: Articuno
|-end|p2a: Articuno|Substitute
|
|-heal|p2a: Articuno|88/100|[from] item: Leftovers
|-heal|p1a: Garganacl|59/100|[from] item: Leftovers
|upkeep
|turn|9
|
|t:|1760397105
|switch|p1a: Tyranitar|Tyranitar, M|100/100
|-damage|p1a: Tyranitar|88/100|[from] Stealth Rock
|-weather|Sandstorm|[from] ability: Sand Stream|[of] p1a: Tyranitar
|move|p2a: Articuno|Substitute|p2a: Articuno
|-start|p2a: Articuno|Substitute
|-damage|p2a: Articuno|63/100
|
|-weather|Sandstorm|[upkeep]
|-heal|p2a: Articuno|69/100|[from] item: Leftovers
|upkeep
|turn|10
|
|t:|1760397109
|move|p2a: Articuno|Tera Blast|p1a: Tyranitar|[anim] Tera Blast Ground
|-supereffective|p1a: Tyranitar
|-damage|p1a: Tyranitar|58/100
|move|p1a: Tyranitar|Roar|p2a: Articuno
|drag|p2a: Dragapult|Dragapult, F|90/100
|
|-weather|Sandstorm|[upkeep]
|-damage|p2a: Dragapult|84/100|[from] Sandstorm
|upkeep
|turn|11
|
|t:|1760397135
|move|p2a: Dragapult|Will-O-Wisp|p1a: Tyranitar
|-status|p1a: Tyranitar|brn
|move|p1a: Tyranitar|Knock Off|p2a: Dragapult
|-supereffective|p2a: Dragapult
|-damage|p2a: Dragapult|23/100
|-enditem|p2a: Dragapult|Spell Tag|[from] move: Knock Off|[of] p1a: Tyranitar
|
|-weather|Sandstorm|[upkeep]
|-damage|p2a: Dragapult|17/100|[from] Sandstorm
|-damage|p1a: Tyranitar|52/100 brn|[from] brn
|upkeep
|turn|12
|
|t:|1760397143
|switch|p2a: Primarina|Primarina, F|42/100
|move|p1a: Tyranitar|Thunder Wave|p2a: Primarina|[miss]
|-miss|p1a: Tyranitar|p2a: Primarina
|
|-weather|Sandstorm|[upkeep]
|-damage|p2a: Primarina|36/100|[from] Sandstorm
|-damage|p1a: Tyranitar|46/100 brn|[from] brn
|upkeep
|turn|13
|
|t:|1760397157
|move|p2a: Primarina|Flip Turn|p1a: Tyranitar
|-supereffective|p1a: Tyranitar
|-damage|p1a: Tyranitar|22/100 brn
|
|t:|1760397164
|switch|p2a: Articuno|Articuno, tera:Ground|69/100|[from] Flip Turn
|-ability|p2a: Articuno|Pressure
|move|p1a: Tyranitar|Stealth Rock|p2a: Articuno
|-sidestart|p2: Des4|move: Stealth Rock
|
|-weather|Sandstorm|[upkeep]
|-heal|p2a: Articuno|76/100|[from] item: Leftovers
|-damage|p1a: Tyranitar|16/100 brn|[from] brn
|upkeep
|turn|14
|
|t:|1760397179
|switch|p1a: Pecharunt|Pecharunt|100/100
|move|p2a: Articuno|Substitute|p2a: Articuno
|-start|p2a: Articuno|Substitute
|-damage|p2a: Articuno|51/100
|
|-weather|Sandstorm|[upkeep]
|-damage|p1a: Pecharunt|94/100|[from] Sandstorm
|-heal|p2a: Articuno|57/100|[from] item: Leftovers
|upkeep
|turn|15
|
|t:|1760397182
|move|p2a: Articuno|Roost|p2a: Articuno
|-heal|p2a: Articuno|100/100
|move|p1a: Pecharunt|Malignant Chain|p2a: Articuno
|-resisted|p2a: Articuno
|-activate|p2a: Articuno|move: Substitute|[damage]
|
|-weather|Sandstorm|[upkeep]
|-damage|p1a: Pecharunt|88/100|[from] Sandstorm
|upkeep
|turn|16
|
|t:|1760397184
|move|p2a: Articuno|Tera Blast|p1a: Pecharunt|[anim] Tera Blast Ground
|-supereffective|p1a: Pecharunt
|-damage|p1a: Pecharunt|25/100
|move|p1a: Pecharunt|Foul Play|p2a: Articuno
|-end|p2a: Articuno|Substitute
|
|-weather|none
|upkeep
|turn|17
|
|t:|1760397189
|switch|p1a: Tyranitar|Tyranitar, M|16/100 brn
|-damage|p1a: Tyranitar|4/100 brn|[from] Stealth Rock
|-weather|Sandstorm|[from] ability: Sand Stream|[of] p1a: Tyranitar
|move|p2a: Articuno|Substitute|p2a: Articuno
|-start|p2a: Articuno|Substitute
|-damage|p2a: Articuno|76/100
|
|-weather|Sandstorm|[upkeep]
|-heal|p2a: Articuno|82/100|[from] item: Leftovers
|-damage|p1a: Tyranitar|0 fnt|[from] brn
|faint|p1a: Tyranitar
|upkeep
|
|t:|1760397212
|switch|p1a: Garganacl|Garganacl, M|59/100
|-damage|p1a: Garganacl|47/100|[from] Stealth Rock
|turn|18
|inactive|Des4 has 120 seconds left.
|
|t:|1760397248
|move|p2a: Articuno|Tera Blast|p1a: Garganacl|[anim] Tera Blast Ground
|-supereffective|p1a: Garganacl
|-damage|p1a: Garganacl|18/100
|move|p1a: Garganacl|Recover|p1a: Garganacl
|-heal|p1a: Garganacl|68/100
|
|-weather|Sandstorm|[upkeep]
|-heal|p2a: Articuno|88/100|[from] item: Leftovers
|-heal|p1a: Garganacl|74/100|[from] item: Leftovers
|upkeep
|turn|19
|
|t:|1760397263
|move|p2a: Articuno|Tera Blast|p1a: Garganacl|[anim] Tera Blast Ground
|-supereffective|p1a: Garganacl
|-damage|p1a: Garganacl|43/100
|move|p1a: Garganacl|Ice Punch|p2a: Articuno
|-supereffective|p2a: Articuno
|-crit|p2a: Articuno
|-end|p2a: Articuno|Substitute
|
|-weather|Sandstorm|[upkeep]
|-heal|p2a: Articuno|94/100|[from] item: Leftovers
|-heal|p1a: Garganacl|49/100|[from] item: Leftovers
|upkeep
|turn|20
|inactive|Des4 has 120 seconds left.
|
|t:|1760397280
|move|p2a: Articuno|Substitute|p2a: Articuno
|-start|p2a: Articuno|Substitute
|-damage|p2a: Articuno|69/100
|move|p1a: Garganacl|Recover|p1a: Garganacl
|-heal|p1a: Garganacl|99/100
|
|-weather|Sandstorm|[upkeep]
|-heal|p2a: Articuno|76/100|[from] item: Leftovers
|-heal|p1a: Garganacl|100/100|[from] item: Leftovers
|upkeep
|turn|21
|
|t:|1760397284
|move|p2a: Articuno|Tera Blast|p1a: Garganacl|[anim] Tera Blast Ground
|-supereffective|p1a: Garganacl
|-damage|p1a: Garganacl|70/100
|move|p1a: Garganacl|Ice Punch|p2a: Articuno
|-supereffective|p2a: Articuno
|-end|p2a: Articuno|Substitute
|
|-weather|Sandstorm|[upkeep]
|-heal|p2a: Articuno|82/100|[from] item: Leftovers
|-heal|p1a: Garganacl|76/100|[from] item: Leftovers
|upkeep
|turn|22
|
|t:|1760397292
|move|p2a: Articuno|Substitute|p2a: Articuno
|-start|p2a: Articuno|Substitute
|-damage|p2a: Articuno|57/100
|move|p1a: Garganacl|Ice Punch|p2a: Articuno
|-supereffective|p2a: Articuno
|-end|p2a: Articuno|Substitute
|
|-weather|Sandstorm|[upkeep]
|-heal|p2a: Articuno|63/100|[from] item: Leftovers
|-heal|p1a: Garganacl|83/100|[from] item: Leftovers
|upkeep
|turn|23
|
|t:|1760397313
|move|p2a: Articuno|Substitute|p2a: Articuno
|-start|p2a: Articuno|Substitute
|-damage|p2a: Articuno|38/100
|move|p1a: Garganacl|Ice Punch|p2a: Articuno
|-supereffective|p2a: Articuno
|-end|p2a: Articuno|Substitute
|
|-weather|Sandstorm|[upkeep]
|-heal|p2a: Articuno|45/100|[from] item: Leftovers
|-heal|p1a: Garganacl|89/100|[from] item: Leftovers
|upkeep
|turn|24
|
|t:|1760397317
|move|p2a: Articuno|Roost|p2a: Articuno
|-heal|p2a: Articuno|95/100
|move|p1a: Garganacl|Ice Punch|p2a: Articuno
|-supereffective|p2a: Articuno
|-damage|p2a: Articuno|58/100
|
|-weather|none
|-heal|p2a: Articuno|64/100|[from] item: Leftovers
|-heal|p1a: Garganacl|95/100|[from] item: Leftovers
|upkeep
|turn|25
|
|t:|1760397320
|switch|p2a: Primarina|Primarina, F|36/100
|-damage|p2a: Primarina|23/100|[from] Stealth Rock
|move|p1a: Garganacl|Ice Punch|p2a: Primarina
|-resisted|p2a: Primarina
|-damage|p2a: Primarina|12/100
|
|-heal|p1a: Garganacl|100/100|[from] item: Leftovers
|upkeep
|turn|26
|
|t:|1760397330
|switch|p1a: Pecharunt|Pecharunt|25/100
|move|p2a: Primarina|Sparkling Aria|p1a: Pecharunt
|-damage|p1a: Pecharunt|0 fnt
|faint|p1a: Pecharunt
|
|upkeep
|inactive|KrenKrombo has 120 seconds left.
|
|t:|1760397367
|switch|p1a: Tornadus|Tornadus-Therian, M|67/100
|turn|27
|
|t:|1760397375
|move|p1a: Tornadus|Bleakwind Storm|p2a: Primarina
|-damage|p2a: Primarina|0 fnt
|faint|p2a: Primarina
|
|upkeep
|
|t:|1760397383
|switch|p2a: Slowking|Slowking-Galar, M|100/100
|turn|28
|
|t:|1760397389
|move|p1a: Tornadus|Knock Off|p2a: Slowking
|-supereffective|p2a: Slowking
|-damage|p2a: Slowking|58/100
|-enditem|p2a: Slowking|Heavy-Duty Boots|[from] move: Knock Off|[of] p1a: Tornadus
|move|p2a: Slowking|Future Sight|p1a: Tornadus
|-start|p2a: Slowking|move: Future Sight
|
|upkeep
|turn|29
|
|t:|1760397398
|move|p1a: Tornadus|Bleakwind Storm|p2a: Slowking
|-damage|p2a: Slowking|32/100
|move|p2a: Slowking|Thunder Wave|p1a: Tornadus
|-status|p1a: Tornadus|par
|
|upkeep
|turn|30
|
|t:|1760397403
|switch|p1a: Garganacl|Garganacl, M|100/100
|-damage|p1a: Garganacl|88/100|[from] Stealth Rock
|-prepare|p2a: Slowking|Chilly Reception|[premajor]
|move|p2a: Slowking|Chilly Reception|p2a: Slowking
|-weather|Snowscape
|
|t:|1760397406
|switch|p2a: Articuno|Articuno, tera:Ground|64/100|[from] Chilly Reception
|-damage|p2a: Articuno|58/100|[from] Stealth Rock
|-ability|p2a: Articuno|Pressure
|
|-weather|Snowscape|[upkeep]
|-end|p1a: Garganacl|move: Future Sight
|-damage|p1a: Garganacl|55/100
|-heal|p2a: Articuno|64/100|[from] item: Leftovers
|-heal|p1a: Garganacl|61/100|[from] item: Leftovers
|upkeep
|turn|31
|
|t:|1760397422
|switch|p1a: Ogerpon|Ogerpon, F|100/100
|-damage|p1a: Ogerpon|88/100|[from] Stealth Rock
|move|p2a: Articuno|Tera Blast|p1a: Ogerpon|[anim] Tera Blast Ground
|-resisted|p1a: Ogerpon
|-damage|p1a: Ogerpon|67/100
|
|-weather|Snowscape|[upkeep]
|-heal|p2a: Articuno|70/100|[from] item: Leftovers
|upkeep
|turn|32
|
|t:|1760397428
|switch|p2a: Mandibuzz|Mandibuzz, F|100/100
|move|p1a: Ogerpon|Ivy Cudgel|p2a: Mandibuzz
|-resisted|p2a: Mandibuzz
|-damage|p2a: Mandibuzz|81/100
|
|-weather|Snowscape|[upkeep]
|upkeep
|turn|33
|
|t:|1760397436
|switch|p1a: Garganacl|Garganacl, M|61/100
|-damage|p1a: Garganacl|49/100|[from] Stealth Rock
|move|p2a: Mandibuzz|Foul Play|p1a: Garganacl
|-damage|p1a: Garganacl|27/100
|
|-weather|Snowscape|[upkeep]
|-heal|p1a: Garganacl|34/100|[from] item: Leftovers
|upkeep
|turn|34
|
|t:|1760397445
|switch|p2a: Articuno|Articuno, tera:Ground|70/100
|-damage|p2a: Articuno|64/100|[from] Stealth Rock
|-ability|p2a: Articuno|Pressure
|move|p1a: Garganacl|Salt Cure|p2a: Articuno
|-resisted|p2a: Articuno
|-damage|p2a: Articuno|57/100
|-start|p2a: Articuno|Salt Cure
|
|-weather|none
|-heal|p2a: Articuno|63/100|[from] item: Leftovers
|-heal|p1a: Garganacl|40/100|[from] item: Leftovers
|-damage|p2a: Articuno|50/100|[from] Salt Cure
|upkeep
|turn|35
|
|t:|1760397469
|move|p1a: Garganacl|Protect|p1a: Garganacl
|-singleturn|p1a: Garganacl|Protect
|move|p2a: Articuno|Tera Blast|p1a: Garganacl|[anim] Tera Blast Ground
|-activate|p1a: Garganacl|move: Protect
|
|-heal|p2a: Articuno|57/100|[from] item: Leftovers
|-heal|p1a: Garganacl|46/100|[from] item: Leftovers
|-damage|p2a: Articuno|44/100|[from] Salt Cure
|upkeep
|turn|36
|
|t:|1760397475
|switch|p1a: Tornadus|Tornadus-Therian, M|99/100 par
|move|p2a: Articuno|Roost|p2a: Articuno
|-heal|p2a: Articuno|94/100
|
|-heal|p2a: Articuno|100/100|[from] item: Leftovers
|-damage|p2a: Articuno|88/100|[from] Salt Cure
|upkeep
|turn|37
|
|t:|1760397482
|switch|p2a: Slowking|Slowking-Galar, M|66/100
|-damage|p2a: Slowking|53/100|[from] Stealth Rock
|move|p1a: Tornadus|Knock Off|p2a: Slowking
|-supereffective|p2a: Slowking
|-damage|p2a: Slowking|24/100
|
|upkeep
|turn|38
|
|t:|1760397490
|move|p1a: Tornadus|Knock Off|p2a: Slowking
|-supereffective|p2a: Slowking
|-damage|p2a: Slowking|0 fnt
|faint|p2a: Slowking
|
|upkeep
|
|t:|1760397493
|switch|p2a: Articuno|Articuno, tera:Ground|88/100
|-damage|p2a: Articuno|82/100|[from] Stealth Rock
|-ability|p2a: Articuno|Pressure
|turn|39
|
|t:|1760397503
|move|p2a: Articuno|Substitute|p2a: Articuno
|-start|p2a: Articuno|Substitute
|-damage|p2a: Articuno|57/100
|cant|p1a: Tornadus|par
|
|-heal|p2a: Articuno|63/100|[from] item: Leftovers
|upkeep
|turn|40
|
|t:|1760397506
|move|p2a: Articuno|Freeze-Dry|p1a: Tornadus
|-supereffective|p1a: Tornadus
|-damage|p1a: Tornadus|32/100 par
|move|p1a: Tornadus|Bleakwind Storm|p2a: Articuno
|-end|p2a: Articuno|Substitute
|
|-heal|p2a: Articuno|69/100|[from] item: Leftovers
|upkeep
|turn|41
|
|t:|1760397510
|switch|p1a: Excadrill|Excadrill, M|100/100
|-damage|p1a: Excadrill|97/100|[from] Stealth Rock
|move|p2a: Articuno|Freeze-Dry|p1a: Excadrill
|-damage|p1a: Excadrill|60/100
|
|-heal|p2a: Articuno|76/100|[from] item: Leftovers
|upkeep
|turn|42
|
|t:|1760397519
|move|p2a: Articuno|Tera Blast|p1a: Excadrill|[anim] Tera Blast Ground
|-supereffective|p1a: Excadrill
|-damage|p1a: Excadrill|0 fnt
|faint|p1a: Excadrill
|
|-heal|p2a: Articuno|82/100|[from] item: Leftovers
|upkeep
|
|t:|1760397523
|switch|p1a: Ogerpon|Ogerpon, F|67/100
|-damage|p1a: Ogerpon|55/100|[from] Stealth Rock
|turn|43
|
|t:|1760397533
|switch|p2a: Dragapult|Dragapult, F|17/100
|-damage|p2a: Dragapult|5/100|[from] Stealth Rock
|-terastallize|p1a: Ogerpon|Grass
|detailschange|p1a: Ogerpon|Ogerpon-Teal-Tera, F, tera:Grass
|-ability|p1a: Ogerpon|Embody Aspect (Teal)|boost
|-boost|p1a: Ogerpon|spe|1
|move|p1a: Ogerpon|Ivy Cudgel|p2a: Dragapult
|-resisted|p2a: Dragapult
|-damage|p2a: Dragapult|0 fnt
|faint|p2a: Dragapult
|
|upkeep
|
|t:|1760397535
|switch|p2a: Mandibuzz|Mandibuzz, F|81/100
|turn|44
|
|t:|1760397539
|switch|p1a: Tornadus|Tornadus-Therian, M|65/100 par
|move|p2a: Mandibuzz|Foul Play|p1a: Tornadus
|-damage|p1a: Tornadus|25/100 par
|
|upkeep
|turn|45
|
|t:|1760397545
|switch|p2a: Articuno|Articuno, tera:Ground|82/100
|-damage|p2a: Articuno|76/100|[from] Stealth Rock
|-ability|p2a: Articuno|Pressure
|switch|p1a: Garganacl|Garganacl, M|46/100
|-damage|p1a: Garganacl|34/100|[from] Stealth Rock
|
|-heal|p2a: Articuno|82/100|[from] item: Leftovers
|-heal|p1a: Garganacl|40/100|[from] item: Leftovers
|upkeep
|turn|46
|
|t:|1760397555
|move|p2a: Articuno|Substitute|p2a: Articuno
|-start|p2a: Articuno|Substitute
|-damage|p2a: Articuno|57/100
|move|p1a: Garganacl|Recover|p1a: Garganacl
|-heal|p1a: Garganacl|90/100
|
|-heal|p2a: Articuno|63/100|[from] item: Leftovers
|-heal|p1a: Garganacl|96/100|[from] item: Leftovers
|upkeep
|turn|47
|
|t:|1760397560
|move|p2a: Articuno|Tera Blast|p1a: Garganacl|[anim] Tera Blast Ground
|-supereffective|p1a: Garganacl
|-damage|p1a: Garganacl|46/100
|move|p1a: Garganacl|Ice Punch|p2a: Articuno
|-supereffective|p2a: Articuno
|-end|p2a: Articuno|Substitute
|
|-heal|p2a: Articuno|69/100|[from] item: Leftovers
|-heal|p1a: Garganacl|52/100|[from] item: Leftovers
|upkeep
|turn|48
|
|t:|1760397567
|move|p2a: Articuno|Substitute|p2a: Articuno
|-start|p2a: Articuno|Substitute
|-damage|p2a: Articuno|45/100
|move|p1a: Garganacl|Ice Punch|p2a: Articuno
|-supereffective|p2a: Articuno
|-end|p2a: Articuno|Substitute
|
|-heal|p2a: Articuno|51/100|[from] item: Leftovers
|-heal|p1a: Garganacl|58/100|[from] item: Leftovers
|upkeep
|turn|49
|
|t:|1760397575
|move|p2a: Articuno|Roost|p2a: Articuno
|-heal|p2a: Articuno|100/100
|move|p1a: Garganacl|Recover|p1a: Garganacl
|-heal|p1a: Garganacl|100/100
|
|upkeep
|turn|50
|
|t:|1760397584
|move|p2a: Articuno|Substitute|p2a: Articuno
|-start|p2a: Articuno|Substitute
|-damage|p2a: Articuno|76/100
|move|p1a: Garganacl|Ice Punch|p2a: Articuno
|-supereffective|p2a: Articuno
|-end|p2a: Articuno|Substitute
|
|-heal|p2a: Articuno|82/100|[from] item: Leftovers
|upkeep
|turn|51
|
|t:|1760397592
|move|p2a: Articuno|Substitute|p2a: Articuno
|-start|p2a: Articuno|Substitute
|-damage|p2a: Articuno|57/100
|move|p1a: Garganacl|Ice Punch|p2a: Articuno
|-supereffective|p2a: Articuno
|-end|p2a: Articuno|Substitute
|
|-heal|p2a: Articuno|63/100|[from] item: Leftovers
|upkeep
|turn|52
|
|t:|1760397596
|move|p2a: Articuno|Substitute|p2a: Articuno
|-start|p2a: Articuno|Substitute
|-damage|p2a: Articuno|38/100
|move|p1a: Garganacl|Ice Punch|p2a: Articuno
|-supereffective|p2a: Articuno
|-end|p2a: Articuno|Substitute
|
|-heal|p2a: Articuno|45/100|[from] item: Leftovers
|upkeep
|turn|53
|
|t:|1760397600
|move|p2a: Articuno|Roost|p2a: Articuno
|-heal|p2a: Articuno|95/100
|move|p1a: Garganacl|Salt Cure|p2a: Articuno
|-resisted|p2a: Articuno
|-damage|p2a: Articuno|87/100
|-start|p2a: Articuno|Salt Cure
|
|-heal|p2a: Articuno|93/100|[from] item: Leftovers
|-damage|p2a: Articuno|81/100|[from] Salt Cure
|upkeep
|turn|54
|
|t:|1760397605
|move|p2a: Articuno|Substitute|p2a: Articuno
|-start|p2a: Articuno|Substitute
|-damage|p2a: Articuno|56/100
|move|p1a: Garganacl|Ice Punch|p2a: Articuno
|-supereffective|p2a: Articuno
|-end|p2a: Articuno|Substitute
|
|-heal|p2a: Articuno|62/100|[from] item: Leftovers
|-damage|p2a: Articuno|50/100|[from] Salt Cure
|upkeep
|turn|55
|
|t:|1760397608
|move|p2a: Articuno|Roost|p2a: Articuno
|-heal|p2a: Articuno|99/100
|move|p1a: Garganacl|Salt Cure|p2a: Articuno
|-resisted|p2a: Articuno
|-damage|p2a: Articuno|93/100
|
|-heal|p2a: Articuno|99/100|[from] item: Leftovers
|-damage|p2a: Articuno|87/100|[from] Salt Cure
|upkeep
|turn|56
|
|t:|1760397615
|switch|p2a: Mandibuzz|Mandibuzz, F|81/100
|switch|p1a: Tornadus|Tornadus-Therian, M|58/100 par
|
|upkeep
|turn|57
|
|t:|1760397625
|switch|p2a: Articuno|Articuno, tera:Ground|87/100
|-damage|p2a: Articuno|80/100|[from] Stealth Rock
|-ability|p2a: Articuno|Pressure
|move|p1a: Tornadus|Bleakwind Storm|p2a: Articuno
|-damage|p2a: Articuno|43/100
|
|-heal|p2a: Articuno|49/100|[from] item: Leftovers
|upkeep
|turn|58
|
|t:|1760397629
|move|p2a: Articuno|Substitute|p2a: Articuno
|-start|p2a: Articuno|Substitute
|-damage|p2a: Articuno|24/100
|move|p1a: Tornadus|Bleakwind Storm|p2a: Articuno
|-crit|p2a: Articuno
|-end|p2a: Articuno|Substitute
|
|-heal|p2a: Articuno|30/100|[from] item: Leftovers
|upkeep
|turn|59
|
|t:|1760397633
|move|p2a: Articuno|Substitute|p2a: Articuno
|-start|p2a: Articuno|Substitute
|-damage|p2a: Articuno|5/100
|move|p1a: Tornadus|Bleakwind Storm|p2a: Articuno|[miss]
|-miss|p1a: Tornadus|p2a: Articuno
|
|-heal|p2a: Articuno|12/100|[from] item: Leftovers
|upkeep
|turn|60
|
|t:|1760397636
|move|p2a: Articuno|Freeze-Dry|p1a: Tornadus
|-supereffective|p1a: Tornadus
|-damage|p1a: Tornadus|0 fnt
|faint|p1a: Tornadus
|
|-heal|p2a: Articuno|18/100|[from] item: Leftovers
|upkeep
|
|t:|1760397640
|switch|p1a: Garganacl|Garganacl, M|100/100
|-damage|p1a: Garganacl|88/100|[from] Stealth Rock
|turn|61
|
|t:|1760397643
|move|p2a: Articuno|Roost|p2a: Articuno
|-heal|p2a: Articuno|68/100
|move|p1a: Garganacl|Salt Cure|p2a: Articuno
|-resisted|p2a: Articuno
|-activate|p2a: Articuno|move: Substitute|[damage]
|
|-heal|p2a: Articuno|74/100|[from] item: Leftovers
|-heal|p1a: Garganacl|94/100|[from] item: Leftovers
|upkeep
|turn|62
|
|t:|1760397646
|move|p2a: Articuno|Tera Blast|p1a: Garganacl|[anim] Tera Blast Ground
|-supereffective|p1a: Garganacl
|-damage|p1a: Garganacl|44/100
|move|p1a: Garganacl|Salt Cure|p2a: Articuno
|-resisted|p2a: Articuno
|-crit|p2a: Articuno
|-activate|p2a: Articuno|move: Substitute|[damage]
|
|-heal|p2a: Articuno|80/100|[from] item: Leftovers
|-heal|p1a: Garganacl|50/100|[from] item: Leftovers
|upkeep
|turn|63
|
|t:|1760397649
|move|p1a: Garganacl|Protect|p1a: Garganacl
|-singleturn|p1a: Garganacl|Protect
|move|p2a: Articuno|Tera Blast|p1a: Garganacl|[anim] Tera Blast Ground
|-activate|p1a: Garganacl|move: Protect
|
|-heal|p2a: Articuno|87/100|[from] item: Leftovers
|-heal|p1a: Garganacl|56/100|[from] item: Leftovers
|upkeep
|turn|64
|
|t:|1760397652
|move|p2a: Articuno|Tera Blast|p1a: Garganacl|[anim] Tera Blast Ground
|-supereffective|p1a: Garganacl
|-crit|p1a: Garganacl
|-damage|p1a: Garganacl|0 fnt
|faint|p1a: Garganacl
|
|-heal|p2a: Articuno|93/100|[from] item: Leftovers
|upkeep
|
|t:|1760397654
|switch|p1a: Ogerpon|Ogerpon-Teal-Tera, F, tera:Grass|55/100
|-damage|p1a: Ogerpon|42/100|[from] Stealth Rock
|-ability|p1a: Ogerpon|Embody Aspect (Teal)|boost
|-boost|p1a: Ogerpon|spe|1
|turn|65
|-message|KrenKrombo forfeited.
|
|win|Des4
|raw|KrenKrombo's rating: 1448 &rarr; <strong>1427</strong><br />(-21 for losing)
|raw|Des4's rating: 1423 &rarr; <strong>1444</strong><br />(+21 for winning)
|l|☆KrenKrombo
|player|p1|
|l|☆Des4
|player|p2|
