|j|☆Larp Legion
|j|‽RainebowValiant
|t:|1760402781
|gametype|singles
|player|p1|Larp Legion|byron|1768
|player|p2|RainebowValiant|bellelba|1804
|gen|9
|tier|[Gen 9] OU
|rated|
|rule|HP Percentage Mod: HP is shown in percentages
|rule|Endless Battle Clause: Forcing endless battles is banned
|rule|Species Clause: Limit one of each Pokémon
|rule|OHKO Clause: OHKO moves are banned
|rule|Evasion Items Clause: Evasion items are banned
|rule|Evasion Moves Clause: Evasion moves are banned
|rule|Evasion Abilities Clause: Evasion abilities are banned
|rule|Sleep Moves Clause: Sleep-inducing moves are banned
|clearpoke
|poke|p1|Meowscarada, M|
|poke|p1|Gholdengo|
|poke|p1|Hatterene, F|
|poke|p1|Landorus-Therian, M|
|poke|p1|Samurott-Hisui, F|
|poke|p1|Dragonite, M|
|poke|p2|Araquanid, F|
|poke|p2|Gholdengo|
|poke|p2|Iron Moth|
|poke|p2|Iron Valiant|
|poke|p2|Raging Bolt|
|poke|p2|Kingambit, F|
|teampreview
|inactive|Battle timer is ON: inactive players will automatically lose when time's up. (requested by Larp Legion)
|inactive|RainebowValiant also wants the timer to be on.
|c|☆Larp Legion|YAY
|j| groovy&neverglooby
|inactive|Larp Legion has 120 seconds left.
|
|t:|1760402815
|teamsize|p1|6
|teamsize|p2|6
|start
|switch|p1a: Meowscarada|Meowscarada, M|100/100
|switch|p2a: Iron Moth|Iron Moth|100/100
|-enditem|p2a: Iron Moth|Booster Energy
|-activate|p2a: Iron Moth|ability: Quark Drive|[fromitem]
|-start|p2a: Iron Moth|quarkdrivespa
|turn|1
|j| AbrarS
|
|t:|1760402819
|move|p1a: Meowscarada|Power Gem|p2a: Iron Moth
|-start|p1a: Meowscarada|typechange|Rock|[from] ability: Protean
|-supereffective|p2a: Iron Moth
|-damage|p2a: Iron Moth|38/100
|move|p2a: Iron Moth|Fiery Dance|p1a: Meowscarada
|-resisted|p1a: Meowscarada
|-damage|p1a: Meowscarada|54/100
|
|upkeep
|turn|2
|j| prince5
|
|t:|1760402824
|-end|p2a: Iron Moth|Quark Drive|[silent]
|switch|p2a: Iron Valiant|Iron Valiant|100/100
|-enditem|p2a: Iron Valiant|Booster Energy
|-activate|p2a: Iron Valiant|ability: Quark Drive|[fromitem]
|-start|p2a: Iron Valiant|quarkdrivespa
|move|p1a: Meowscarada|Power Gem|p2a: Iron Valiant
|-resisted|p2a: Iron Valiant
|-damage|p2a: Iron Valiant|79/100
|
|upkeep
|turn|3
|c| groovy&neverglooby|no way is that rainebow quit mons forever valiant
|j| paternozzo
|j| SVOU IS MICKEY ASF
|
|t:|1760402831
|switch|p1a: Gholdengo|Gholdengo|100/100
|move|p2a: Iron Valiant|Calm Mind|p2a: Iron Valiant
|-boost|p2a: Iron Valiant|spa|1
|-boost|p2a: Iron Valiant|spd|1
|
|upkeep
|turn|4
|j| aadavan
|
|t:|1760402840
|switch|p1a: Meowscarada|Meowscarada, M|54/100
|move|p2a: Iron Valiant|Shadow Ball|p1a: Meowscarada
|-resisted|p1a: Meowscarada
|-damage|p1a: Meowscarada|12/100
|
|upkeep
|turn|5
|j| calaaa!!!
|c| aadavan|OMG
|
|t:|1760402846
|move|p1a: Meowscarada|Triple Axel|p2a: Iron Valiant
|-start|p1a: Meowscarada|typechange|Ice|[from] ability: Protean
|-damage|p2a: Iron Valiant|67/100
|-damage|p2a: Iron Valiant|43/100
|-damage|p2a: Iron Valiant|6/100
|-hitcount|p2a: Iron Valiant|3
|move|p2a: Iron Valiant|Shadow Ball|p1a: Meowscarada
|-damage|p1a: Meowscarada|0 fnt
|faint|p1a: Meowscarada
|
|upkeep
|j| CloudyEJ
|c| aadavan|LARP LEGION PLS WIN
|j| 54 Insane Rats
|
|t:|1760402857
|switch|p1a: Samurott|Samurott-Hisui, F|100/100
|turn|6
|c| SVOU IS MICKEY ASF|who is rainebowvaliant
|
|t:|1760402868
|move|p2a: Iron Valiant|Vacuum Wave|p1a: Samurott
|-supereffective|p1a: Samurott
|-damage|p1a: Samurott|46/100
|move|p1a: Samurott|Sucker Punch||[still]
|-fail|p1a: Samurott
|
|upkeep
|turn|7
|
|t:|1760402878
|switch|p1a: Landorus|Landorus-Therian, M|100/100
|-ability|p1a: Landorus|Intimidate|boost
|-unboost|p2a: Iron Valiant|atk|1
|move|p2a: Iron Valiant|Vacuum Wave|p1a: Landorus
|-resisted|p1a: Landorus
|-damage|p1a: Landorus|80/100
|
|upkeep
|turn|8
|
|t:|1760402880
|move|p2a: Iron Valiant|Moonblast|p1a: Landorus
|-damage|p1a: Landorus|0 fnt
|faint|p1a: Landorus
|
|upkeep
|l| 54 Insane Rats
|
|t:|1760402885
|switch|p1a: Hatterene|Hatterene, F|100/100
|turn|9
|
|t:|1760402889
|move|p2a: Iron Valiant|Shadow Ball|p1a: Hatterene
|-supereffective|p1a: Hatterene
|-damage|p1a: Hatterene|0 fnt
|faint|p1a: Hatterene
|
|upkeep
|c| groovy&neverglooby|good play nat in the hat
|
|t:|1760402891
|switch|p1a: Gholdengo|Gholdengo|100/100
|turn|10
|
|t:|1760402895
|move|p2a: Iron Valiant|Shadow Ball|p1a: Gholdengo
|-supereffective|p1a: Gholdengo
|-damage|p1a: Gholdengo|0 fnt
|faint|p1a: Gholdengo
|
|upkeep
|j| pacdan111
|
|t:|1760402901
|switch|p1a: Dragonite|Dragonite, M|100/100
|turn|11
|c| SVOU IS MICKEY ASF|that was fast
|l| pacdan111
|
|t:|1760402911
|-terastallize|p2a: Iron Valiant|Ghost
|-terastallize|p1a: Dragonite|Normal
|move|p2a: Iron Valiant|Moonblast|p1a: Dragonite
|-damage|p1a: Dragonite|55/100
|move|p1a: Dragonite|Earthquake|p2a: Iron Valiant
|-damage|p2a: Iron Valiant|0 fnt
|faint|p2a: Iron Valiant
|-end|p2a: Iron Valiant|Quark Drive|[silent]
|
|upkeep
|
|t:|1760402919
|switch|p2a: Raging Bolt|Raging Bolt|100/100
|-enditem|p2a: Raging Bolt|Booster Energy
|-activate|p2a: Raging Bolt|ability: Protosynthesis|[fromitem]
|-start|p2a: Raging Bolt|protosynthesisspa
|turn|12
|
|t:|1760402924
|switch|p1a: Samurott|Samurott-Hisui, F|46/100
|move|p2a: Raging Bolt|Thunderbolt|p1a: Samurott
|-supereffective|p1a: Samurott
|-damage|p1a: Samurott|0 fnt
|faint|p1a: Samurott
|
|upkeep
|
|t:|1760402926
|switch|p1a: Dragonite|Dragonite, M, tera:Normal|55/100
|turn|13
|
|t:|1760402932
|move|p2a: Raging Bolt|Thunderbolt|p1a: Dragonite
|-damage|p1a: Dragonite|0 fnt
|faint|p1a: Dragonite
|
|win|RainebowValiant
|raw|Larp Legion's rating: 1768 &rarr; <strong>1751</strong><br />(-17 for losing)
|raw|RainebowValiant's rating: 1825 &rarr; <strong>1842</strong><br />(+17 for winning)
|l| SVOU IS MICKEY ASF
|l| CloudyEJ
|l| paternozzo
|l| AbrarS
|l| groovy&neverglooby
|l|‽RainebowValiant
|player|p2|
|l|☆Larp Legion
|player|p1|
|l| prince5
|l| aadavan
|l| calaaa!!!
