|j|☆VermillionPrayer
|j|‽Otherthero
|t:|1760461256
|gametype|singles
|player|p1|VermillionPrayer|sabrina|1113
|player|p2|Otherthero|265|1091
|gen|9
|tier|[Gen 9] OU
|rated|
|rule|HP Percentage Mod: HP is shown in percentages
|rule|Endless Battle Clause: Forcing endless battles is banned
|rule|Species Clause: Limit one of each Pokémon
|rule|OHKO Clause: OHKO moves are banned
|rule|Evasion Items Clause: Evasion items are banned
|rule|Evasion Moves Clause: Evasion moves are banned
|rule|Evasion Abilities Clause: Evasion abilities are banned
|rule|Sleep Moves Clause: Sleep-inducing moves are banned
|clearpoke
|poke|p1|Corviknight, M|
|poke|p1|Skarmory, F|
|poke|p1|Cramorant, M|
|poke|p1|Oricorio, M|
|poke|p1|Decidueye-Hisui, F|
|poke|p1|Fezandipiti, M|
|poke|p2|Haxorus, F|
|poke|p2|Politoed, F|
|poke|p2|Muk-Alola, F|
|poke|p2|Vileplume, M|
|poke|p2|Azelf|
|poke|p2|Crawdaunt, M|
|teampreview
|inactive|Battle timer is ON: inactive players will automatically lose when time's up. (requested by Otherthero)
|
|t:|1760461261
|teamsize|p1|6
|teamsize|p2|6
|start
|switch|p1a: Skarmory|Skarmory, F|100/100
|switch|p2a: Azelf|Azelf|100/100
|turn|1
|
|t:|1760461267
|move|p2a: Azelf|Taunt|p1a: Skarmory
|-start|p1a: Skarmory|move: Taunt
|cant|p1a: Skarmory|move: Taunt|Stealth Rock
|
|upkeep
|turn|2
|
|t:|1760461273
|move|p2a: Azelf|Stealth Rock|p1a: Skarmory
|-sidestart|p1: VermillionPrayer|move: Stealth Rock
|move|p1a: Skarmory|Body Press|p2a: Azelf
|-resisted|p2a: Azelf
|-damage|p2a: Azelf|77/100
|
|upkeep
|turn|3
|
|t:|1760461278
|move|p2a: Azelf|U-turn|p1a: Skarmory
|-resisted|p1a: Skarmory
|-damage|p1a: Skarmory|98/100
|-damage|p2a: Azelf|60/100|[from] item: Rocky Helmet|[of] p1a: Skarmory
|
|t:|1760461284
|switch|p2a: Haxorus|Haxorus, F|100/100|[from] U-turn
|-ability|p2a: Haxorus|Mold Breaker
|move|p1a: Skarmory|Body Press|p2a: Haxorus
|-crit|p2a: Haxorus
|-damage|p2a: Haxorus|38/100
|
|-end|p1a: Skarmory|move: Taunt
|upkeep
|turn|4
|
|t:|1760461296
|move|p2a: Haxorus|Dragon Dance|p2a: Haxorus
|-boost|p2a: Haxorus|atk|1
|-boost|p2a: Haxorus|spe|1
|move|p1a: Skarmory|Iron Defense|p1a: Skarmory
|-boost|p1a: Skarmory|def|2
|
|upkeep
|turn|5
|
|t:|1760461310
|switch|p2a: Vileplume|Vileplume, M|100/100
|move|p1a: Skarmory|Body Press|p2a: Vileplume
|-resisted|p2a: Vileplume
|-damage|p2a: Vileplume|78/100
|-status|p1a: Skarmory|slp|[from] ability: Effect Spore|[of] p2a: Vileplume
|
|-heal|p2a: Vileplume|85/100|[from] item: Leftovers
|upkeep
|turn|6
|
|t:|1760461333
|switch|p1a: Corviknight|Corviknight, M|100/100
|-damage|p1a: Corviknight|88/100|[from] Stealth Rock
|-ability|p1a: Corviknight|Pressure
|move|p2a: Vileplume|Leech Seed|p1a: Corviknight
|-start|p1a: Corviknight|move: Leech Seed
|
|-heal|p2a: Vileplume|91/100|[from] item: Leftovers
|-damage|p1a: Corviknight|76/100|[from] Leech Seed|[of] p2a: Vileplume
|-heal|p2a: Vileplume|100/100|[silent]
|upkeep
|turn|7
|
|t:|1760461344
|move|p1a: Corviknight|Tailwind|p1a: Corviknight
|-sidestart|p1: VermillionPrayer|move: Tailwind
|move|p2a: Vileplume|Strength Sap|p1a: Corviknight
|-unboost|p1a: Corviknight|atk|1
|
|-damage|p1a: Corviknight|64/100|[from] Leech Seed|[of] p2a: Vileplume
|upkeep
|turn|8
|
|t:|1760461359
|switch|p1a: Decidueye|Decidueye-Hisui, F, shiny|100/100
|-damage|p1a: Decidueye|95/100|[from] Stealth Rock
|move|p2a: Vileplume|Leech Seed|p1a: Decidueye
|-immune|p1a: Decidueye
|
|upkeep
|turn|9
|
|t:|1760461369
|move|p1a: Decidueye|Triple Arrows|p2a: Vileplume
|-resisted|p2a: Vileplume
|-damage|p2a: Vileplume|83/100
|-unboost|p2a: Vileplume|def|1
|cant|p2a: Vileplume|flinch
|
|-heal|p2a: Vileplume|89/100|[from] item: Leftovers
|upkeep
|turn|10
|
|t:|1760461377
|move|p1a: Decidueye|Triple Arrows|p2a: Vileplume
|-resisted|p2a: Vileplume
|-damage|p2a: Vileplume|65/100
|-unboost|p2a: Vileplume|def|1
|move|p2a: Vileplume|Strength Sap|p1a: Decidueye
|-unboost|p1a: Decidueye|atk|1
|-heal|p2a: Vileplume|100/100
|
|-sideend|p1: VermillionPrayer|move: Tailwind
|upkeep
|turn|11
|
|t:|1760461386
|move|p1a: Decidueye|Triple Arrows|p2a: Vileplume
|-resisted|p2a: Vileplume
|-damage|p2a: Vileplume|79/100
|-unboost|p2a: Vileplume|def|1
|cant|p2a: Vileplume|flinch
|
|-heal|p2a: Vileplume|86/100|[from] item: Leftovers
|upkeep
|turn|12
|
|t:|1760461403
|move|p1a: Decidueye|Triple Arrows|p2a: Vileplume
|-resisted|p2a: Vileplume
|-damage|p2a: Vileplume|59/100
|move|p2a: Vileplume|Toxic|p1a: Decidueye
|-status|p1a: Decidueye|tox
|
|-heal|p2a: Vileplume|65/100|[from] item: Leftovers
|-damage|p1a: Decidueye|89/100 tox|[from] psn
|upkeep
|turn|13
|
|t:|1760461419
|switch|p1a: Corviknight|Corviknight, M|64/100
|-damage|p1a: Corviknight|51/100|[from] Stealth Rock
|-ability|p1a: Corviknight|Pressure
|move|p2a: Vileplume|Strength Sap|p1a: Corviknight
|-unboost|p1a: Corviknight|atk|1
|-heal|p2a: Vileplume|100/100
|
|upkeep
|turn|14
|
|t:|1760461429
|switch|p2a: Azelf|Azelf|60/100
|move|p1a: Corviknight|Tailwind|p1a: Corviknight
|-sidestart|p1: VermillionPrayer|move: Tailwind
|
|upkeep
|turn|15
|
|t:|1760461435
|move|p2a: Azelf|Mystical Power|p1a: Corviknight
|-resisted|p1a: Corviknight
|-damage|p1a: Corviknight|35/100
|-boost|p2a: Azelf|spa|1
|move|p1a: Corviknight|Roost|p1a: Corviknight
|-heal|p1a: Corviknight|85/100
|-singleturn|p1a: Corviknight|move: Roost
|
|upkeep
|turn|16
|
|t:|1760461443
|move|p2a: Azelf|Mystical Power|p1a: Corviknight
|-resisted|p1a: Corviknight
|-damage|p1a: Corviknight|60/100
|-boost|p2a: Azelf|spa|1
|move|p1a: Corviknight|Iron Defense|p1a: Corviknight
|-boost|p1a: Corviknight|def|2
|
|upkeep
|turn|17
|
|t:|1760461450
|move|p2a: Azelf|Mystical Power|p1a: Corviknight
|-resisted|p1a: Corviknight
|-damage|p1a: Corviknight|29/100
|-boost|p2a: Azelf|spa|1
|move|p1a: Corviknight|Iron Defense|p1a: Corviknight
|-boost|p1a: Corviknight|def|2
|
|-sideend|p1: VermillionPrayer|move: Tailwind
|upkeep
|turn|18
|
|t:|1760461457
|move|p2a: Azelf|Mystical Power|p1a: Corviknight
|-resisted|p1a: Corviknight
|-crit|p1a: Corviknight
|-damage|p1a: Corviknight|0 fnt
|-boost|p2a: Azelf|spa|1
|faint|p1a: Corviknight
|
|upkeep
|
|t:|1760461474
|switch|p1a: Fezandipiti|Fezandipiti, M|100/100
|turn|19
|
|t:|1760461477
|move|p2a: Azelf|Mystical Power|p1a: Fezandipiti
|-supereffective|p1a: Fezandipiti
|-damage|p1a: Fezandipiti|0 fnt
|-boost|p2a: Azelf|spa|1
|faint|p1a: Fezandipiti
|
|upkeep
|
|t:|1760461490
|switch|p1a: Cramorant|Cramorant, M|100/100
|turn|20
|
|t:|1760461496
|move|p2a: Azelf|Mystical Power|p1a: Cramorant|[miss]
|-miss|p2a: Azelf|p1a: Cramorant
|move|p1a: Cramorant|Surf|p2a: Azelf
|-formechange|p1a: Cramorant|Cramorant-Gulping|
|-damage|p2a: Azelf|15/100
|
|upkeep
|turn|21
|
|t:|1760461503
|move|p2a: Azelf|Mystical Power|p1a: Cramorant
|-damage|p1a: Cramorant|0 fnt
|-boost|p2a: Azelf|spa|1
|-damage|p2a: Azelf|0 fnt|[from] ability: Gulp Missile|[of] p1a: Cramorant
|-formechange|p1a: Cramorant|Cramorant|
|faint|p1a: Cramorant
|faint|p2a: Azelf
|
|upkeep
|
|t:|1760461513
|switch|p2a: Politoed|Politoed, F|100/100
|switch|p1a: Oricorio|Oricorio, M, shiny|100/100
|-weather|RainDance|[from] ability: Drizzle|[of] p2a: Politoed
|turn|22
|
|t:|1760461521
|-terastallize|p1a: Oricorio|Ground
|move|p1a: Oricorio|Quiver Dance|p1a: Oricorio
|-boost|p1a: Oricorio|spa|1
|-boost|p1a: Oricorio|spd|1
|-boost|p1a: Oricorio|spe|1
|move|p2a: Politoed|Weather Ball|p1a: Oricorio
|-supereffective|p1a: Oricorio
|-damage|p1a: Oricorio|0 fnt
|faint|p1a: Oricorio
|
|-weather|RainDance|[upkeep]
|upkeep
|
|t:|1760461531
|switch|p1a: Skarmory|Skarmory, F|98/100 slp
|-damage|p1a: Skarmory|86/100 slp|[from] Stealth Rock
|turn|23
|
|t:|1760461540
|cant|p1a: Skarmory|slp
|move|p2a: Politoed|Weather Ball|p1a: Skarmory
|-damage|p1a: Skarmory|0 fnt
|faint|p1a: Skarmory
|
|-weather|RainDance|[upkeep]
|upkeep
|
|t:|1760461544
|switch|p1a: Decidueye|Decidueye-Hisui, F, shiny|89/100 tox
|-damage|p1a: Decidueye|83/100 tox|[from] Stealth Rock
|turn|24
|
|t:|1760461548
|move|p1a: Decidueye|Leaf Blade|p2a: Politoed
|-supereffective|p2a: Politoed
|-damage|p2a: Politoed|0 fnt
|faint|p2a: Politoed
|
|-weather|RainDance|[upkeep]
|-damage|p1a: Decidueye|77/100 tox|[from] psn
|upkeep
|
|t:|1760461557
|switch|p2a: Vileplume|Vileplume, M|100/100
|turn|25
|
|t:|1760461561
|move|p1a: Decidueye|Leaf Blade|p2a: Vileplume
|-resisted|p2a: Vileplume
|-damage|p2a: Vileplume|93/100
|move|p2a: Vileplume|Strength Sap|p1a: Decidueye
|-unboost|p1a: Decidueye|atk|1
|-heal|p2a: Vileplume|100/100
|
|-weather|RainDance|[upkeep]
|-damage|p1a: Decidueye|65/100 tox|[from] psn
|upkeep
|turn|26
|
|t:|1760461570
|move|p1a: Decidueye|Leaf Blade|p2a: Vileplume
|-resisted|p2a: Vileplume
|-damage|p2a: Vileplume|95/100
|move|p2a: Vileplume|Giga Drain|p1a: Decidueye
|-resisted|p1a: Decidueye
|-damage|p1a: Decidueye|48/100 tox
|-heal|p2a: Vileplume|100/100|[from] drain|[of] p1a: Decidueye
|
|-weather|none
|-damage|p1a: Decidueye|30/100 tox|[from] psn
|upkeep
|turn|27
|
|t:|1760461577
|move|p1a: Decidueye|Leaf Blade|p2a: Vileplume
|-resisted|p2a: Vileplume
|-damage|p2a: Vileplume|95/100
|move|p2a: Vileplume|Giga Drain|p1a: Decidueye
|-resisted|p1a: Decidueye
|-damage|p1a: Decidueye|15/100 tox
|-heal|p2a: Vileplume|100/100|[from] drain|[of] p1a: Decidueye
|
|-damage|p1a: Decidueye|0 fnt|[from] psn
|faint|p1a: Decidueye
|
|win|Otherthero
|raw|VermillionPrayer's rating: 1113 &rarr; <strong>1086</strong><br />(-27 for losing)
|raw|Otherthero's rating: 1091 &rarr; <strong>1119</strong><br />(+28 for winning)
|l|☆VermillionPrayer
|player|p1|
|l|‽Otherthero
|player|p2|
