|j|☆Maths Maths Maths
|j|☆CourtTre
|t:|1760443104
|gametype|singles
|player|p1|Maths Maths Maths|giovanni|1266
|player|p2|CourtTre|clair|1338
|gen|9
|tier|[Gen 9] OU
|rated|
|rule|HP Percentage Mod: HP is shown in percentages
|rule|Endless Battle Clause: Forcing endless battles is banned
|rule|Species Clause: Limit one of each Pokémon
|rule|OHKO Clause: OHKO moves are banned
|rule|Evasion Items Clause: Evasion items are banned
|rule|Evasion Moves Clause: Evasion moves are banned
|rule|Evasion Abilities Clause: Evasion abilities are banned
|rule|Sleep Moves Clause: Sleep-inducing moves are banned
|clearpoke
|poke|p1|Great Tusk|
|poke|p1|Kingambit, M|
|poke|p1|Raging Bolt|
|poke|p1|Walking Wake|
|poke|p1|Ninetales, M|
|poke|p1|Ceruledge, M|
|poke|p2|Rillaboom, M|
|poke|p2|Primarina, F|
|poke|p2|Cinderace, M|
|poke|p2|Polteageist|
|poke|p2|Maushold-Four|
|poke|p2|Cloyster, F|
|teampreview
|inactive|Battle timer is ON: inactive players will automatically lose when time's up. (requested by Maths Maths Maths)
|c|☆Maths Maths Maths|glhf
|
|t:|1760443115
|teamsize|p1|6
|teamsize|p2|6
|start
|switch|p1a: LeBron James|Ninetales, M, shiny|100/100
|switch|p2a: Cloyster|Cloyster, F|100/100
|-weather|SunnyDay|[from] ability: Drought|[of] p1a: LeBron James
|turn|1
|
|t:|1760443133
|move|p1a: LeBron James|Overheat|p2a: Cloyster
|-enditem|p2a: Cloyster|Focus Sash
|-damage|p2a: Cloyster|1/100
|-unboost|p1a: LeBron James|spa|2
|move|p2a: Cloyster|Shell Smash|p2a: Cloyster
|-unboost|p2a: Cloyster|def|1
|-unboost|p2a: Cloyster|spd|1
|-boost|p2a: Cloyster|atk|2
|-boost|p2a: Cloyster|spa|2
|-boost|p2a: Cloyster|spe|2
|
|-weather|SunnyDay|[upkeep]
|upkeep
|turn|2
|
|t:|1760443144
|move|p2a: Cloyster|Rock Blast|p1a: LeBron James
|-supereffective|p1a: LeBron James
|-damage|p1a: LeBron James|55/100
|-supereffective|p1a: LeBron James
|-damage|p1a: LeBron James|13/100
|-supereffective|p1a: LeBron James
|-damage|p1a: LeBron James|0 fnt
|faint|p1a: LeBron James
|-hitcount|p1: LeBron James|3
|
|-weather|SunnyDay|[upkeep]
|upkeep
|
|t:|1760443152
|switch|p1a: *Insert Edgy Name*|Ceruledge, M, shiny|100/100
|turn|3
|
|t:|1760443159
|move|p1a: *Insert Edgy Name*|Shadow Sneak|p2a: Cloyster
|-crit|p2a: Cloyster
|-damage|p2a: Cloyster|0 fnt
|faint|p2a: Cloyster
|
|-weather|SunnyDay|[upkeep]
|upkeep
|
|t:|1760443177
|switch|p2a: Primarina|Primarina, F|100/100
|turn|4
|
|t:|1760443189
|move|p1a: *Insert Edgy Name*|Poltergeist|p2a: Primarina
|-activate|p2a: Primarina|move: Poltergeist|Assault Vest
|-damage|p2a: Primarina|25/100
|move|p2a: Primarina|Moonblast|p1a: *Insert Edgy Name*
|-resisted|p1a: *Insert Edgy Name*
|-crit|p1a: *Insert Edgy Name*
|-damage|p1a: *Insert Edgy Name*|61/100
|
|-weather|SunnyDay|[upkeep]
|upkeep
|turn|5
|
|t:|1760443209
|switch|p2a: Maushold|Maushold-Four|100/100
|move|p1a: *Insert Edgy Name*|Shadow Sneak|p2a: Maushold
|-immune|p2a: Maushold
|
|-weather|SunnyDay|[upkeep]
|upkeep
|turn|6
|
|t:|1760443229
|move|p2a: Maushold|Bite|p1a: *Insert Edgy Name*
|-supereffective|p1a: *Insert Edgy Name*
|-crit|p1a: *Insert Edgy Name*
|-damage|p1a: *Insert Edgy Name*|0 fnt
|faint|p1a: *Insert Edgy Name*
|
|-weather|SunnyDay|[upkeep]
|upkeep
|c|☆Maths Maths Maths|wut the
|c|☆Maths Maths Maths|I know u have tech, but isn't bit only 40 bp
|
|t:|1760443256
|switch|p1a: Kitty|Walking Wake|100/100
|-activate|p1a: Kitty|ability: Protosynthesis
|-start|p1a: Kitty|protosynthesisspe
|turn|7
|
|t:|1760443264
|move|p1a: Kitty|Weather Ball|p2a: Maushold
|-damage|p2a: Maushold|10/100
|move|p2a: Maushold|Population Bomb|p1a: Kitty
|-damage|p1a: Kitty|90/100
|-damage|p1a: Kitty|79/100
|-damage|p1a: Kitty|66/100
|-damage|p1a: Kitty|54/100
|-damage|p1a: Kitty|42/100
|-damage|p1a: Kitty|29/100
|-damage|p1a: Kitty|18/100
|-damage|p1a: Kitty|5/100
|-crit|p1a: Kitty
|-damage|p1a: Kitty|0 fnt
|faint|p1a: Kitty
|-end|p1a: Kitty|Protosynthesis|[silent]
|-hitcount|p1: Kitty|9
|
|-weather|SunnyDay|[upkeep]
|upkeep
|
|t:|1760443278
|switch|p1a: Checkmate|Kingambit, M, shiny|100/100
|-activate|p1a: Checkmate|ability: Supreme Overlord
|-start|p1a: Checkmate|fallen3|[silent]
|-item|p1a: Checkmate|Air Balloon
|turn|8
|
|t:|1760443284
|move|p2a: Maushold|Tidy Up|p2a: Maushold
|-boost|p2a: Maushold|atk|1
|-boost|p2a: Maushold|spe|1
|move|p1a: Checkmate|Low Kick|p2a: Maushold
|-supereffective|p2a: Maushold
|-damage|p2a: Maushold|0 fnt
|faint|p2a: Maushold
|
|-weather|none
|upkeep
|
|t:|1760443295
|switch|p2a: Cinderace|Cinderace, M|100/100
|turn|9
|
|t:|1760443299
|-terastallize|p1a: Checkmate|Ghost
|move|p2a: Cinderace|Pyro Ball|p1a: Checkmate
|-damage|p1a: Checkmate|55/100
|-enditem|p1a: Checkmate|Air Balloon
|move|p1a: Checkmate|Kowtow Cleave|p2a: Cinderace
|-damage|p2a: Cinderace|10/100
|
|upkeep
|turn|10
|
|t:|1760443312
|move|p1a: Checkmate|Sucker Punch|p2a: Cinderace
|-crit|p2a: Cinderace
|-damage|p2a: Cinderace|0 fnt
|faint|p2a: Cinderace
|
|upkeep
|
|t:|1760443314
|switch|p2a: Rillaboom|Rillaboom, M|100/100
|-fieldstart|move: Grassy Terrain|[from] ability: Grassy Surge|[of] p2a: Rillaboom
|turn|11
|
|t:|1760443326
|-end|p1a: Checkmate|fallen3|[silent]
|switch|p1a: Tucker|Great Tusk, shiny|100/100
|move|p2a: Rillaboom|Knock Off|p1a: Tucker
|-resisted|p1a: Tucker
|-damage|p1a: Tucker|87/100
|-enditem|p1a: Tucker|Assault Vest|[from] move: Knock Off|[of] p2a: Rillaboom
|
|-heal|p1a: Tucker|93/100|[from] Grassy Terrain
|upkeep
|turn|12
|
|t:|1760443343
|switch|p2a: Primarina|Primarina, F|25/100
|move|p1a: Tucker|Ice Spinner|p2a: Primarina
|-resisted|p2a: Primarina
|-damage|p2a: Primarina|8/100
|-fieldend|move: Grassy Terrain
|
|upkeep
|turn|13
|
|t:|1760443349
|move|p1a: Tucker|Rapid Spin|p2a: Primarina
|-damage|p2a: Primarina|0 fnt
|-boost|p1a: Tucker|spe|1
|faint|p2a: Primarina
|
|upkeep
|
|t:|1760443354
|switch|p2a: Polteageist|Polteageist, shiny|100/100
|turn|14
|
|t:|1760443359
|move|p1a: Tucker|Headlong Rush|p2a: Polteageist
|-enditem|p2a: Polteageist|Focus Sash
|-damage|p2a: Polteageist|1/100
|-unboost|p1a: Tucker|def|1
|-unboost|p1a: Tucker|spd|1
|-ability|p2a: Polteageist|Weak Armor|boost
|-unboost|p2a: Polteageist|def|1
|-boost|p2a: Polteageist|spe|2
|move|p2a: Polteageist|Shell Smash|p2a: Polteageist
|-unboost|p2a: Polteageist|def|1
|-unboost|p2a: Polteageist|spd|1
|-boost|p2a: Polteageist|atk|2
|-boost|p2a: Polteageist|spa|2
|-boost|p2a: Polteageist|spe|2
|
|upkeep
|turn|15
|
|t:|1760443378
|move|p2a: Polteageist|Stored Power|p1a: Tucker
|-supereffective|p1a: Tucker
|-crit|p1a: Tucker
|-damage|p1a: Tucker|0 fnt
|faint|p1a: Tucker
|-end|p1a: Tucker|Protosynthesis|[silent]
|
|upkeep
|
|t:|1760443383
|switch|p1a: Puppy|Raging Bolt|100/100
|turn|16
|
|t:|1760443392
|move|p1a: Puppy|Thunderclap||[still]
|-fail|p1a: Puppy
|move|p2a: Polteageist|Shell Smash|p2a: Polteageist
|-unboost|p2a: Polteageist|def|1
|-unboost|p2a: Polteageist|spd|1
|-boost|p2a: Polteageist|atk|2
|-boost|p2a: Polteageist|spa|2
|-boost|p2a: Polteageist|spe|2
|
|upkeep
|turn|17
|
|t:|1760443399
|move|p1a: Puppy|Thunderclap|p2a: Polteageist
|-damage|p2a: Polteageist|0 fnt
|faint|p2a: Polteageist
|-damage|p1a: Puppy|91/100|[from] item: Life Orb
|
|upkeep
|
|t:|1760443408
|switch|p2a: Rillaboom|Rillaboom, M|100/100
|-fieldstart|move: Grassy Terrain|[from] ability: Grassy Surge|[of] p2a: Rillaboom
|turn|18
|
|t:|1760443415
|move|p1a: Puppy|Thunderclap|p2a: Rillaboom
|-resisted|p2a: Rillaboom
|-damage|p2a: Rillaboom|81/100
|-damage|p1a: Puppy|81/100|[from] item: Life Orb
|move|p2a: Rillaboom|Grassy Glide|p1a: Puppy
|-resisted|p1a: Puppy
|-damage|p1a: Puppy|62/100
|
|-heal|p1a: Puppy|68/100|[from] Grassy Terrain
|-heal|p2a: Rillaboom|88/100|[from] Grassy Terrain
|upkeep
|turn|19
|
|t:|1760443445
|move|p1a: Puppy|Volt Switch|p2a: Rillaboom
|-resisted|p2a: Rillaboom
|-damage|p2a: Rillaboom|66/100
|-damage|p1a: Puppy|58/100|[from] item: Life Orb
|
|t:|1760443449
|-end|p1a: Puppy|Protosynthesis|[silent]
|switch|p1a: Checkmate|Kingambit, M, shiny, tera:Ghost|55/100|[from] Volt Switch
|-activate|p1a: Checkmate|ability: Supreme Overlord
|-start|p1a: Checkmate|fallen4|[silent]
|move|p2a: Rillaboom|Knock Off|p1a: Checkmate
|-supereffective|p1a: Checkmate
|-damage|p1a: Checkmate|19/100
|
|-heal|p2a: Rillaboom|72/100|[from] Grassy Terrain
|-heal|p1a: Checkmate|25/100|[from] Grassy Terrain
|upkeep
|turn|20
|
|t:|1760443461
|move|p2a: Rillaboom|Grassy Glide|p1a: Checkmate
|-damage|p1a: Checkmate|0 fnt
|faint|p1a: Checkmate
|-end|p1a: Checkmate|fallen4|[silent]
|
|-heal|p2a: Rillaboom|78/100|[from] Grassy Terrain
|upkeep
|inactive|Maths Maths Maths has 120 seconds left.
|c|☆Maths Maths Maths|wait how does grassy glide our priority sucker punch
|c|☆Maths Maths Maths|that's +1 sucker is +2
|
|t:|1760443489
|switch|p1a: Puppy|Raging Bolt|58/100
|turn|21
|
|t:|1760443498
|move|p1a: Puppy|Thunderclap|p2a: Rillaboom
|-resisted|p2a: Rillaboom
|-damage|p2a: Rillaboom|56/100
|-damage|p1a: Puppy|48/100|[from] item: Life Orb
|move|p2a: Rillaboom|Knock Off|p1a: Puppy
|-damage|p1a: Puppy|13/100
|-enditem|p1a: Puppy|Life Orb|[from] move: Knock Off|[of] p2a: Rillaboom
|
|-heal|p1a: Puppy|19/100|[from] Grassy Terrain
|-heal|p2a: Rillaboom|62/100|[from] Grassy Terrain
|upkeep
|turn|22
|inactive|Maths Maths Maths has 120 seconds left.
|-message|Maths Maths Maths forfeited.
|
|win|CourtTre
|raw|Maths Maths Maths's rating: 1266 &rarr; <strong>1246</strong><br />(-20 for losing)
|raw|CourtTre's rating: 1338 &rarr; <strong>1354</strong><br />(+16 for winning)
|l|☆Maths Maths Maths
|player|p1|
|l|☆CourtTre
|player|p2|
