|j|☆PeterPanIIV
|j|‽Hurdiid
|t:|1760360916
|gametype|singles
|player|p1|PeterPanIIV|red|1283
|player|p2|Hurdiid|ruinmaniac|1310
|gen|9
|tier|[Gen 9] OU
|rated|
|rule|HP Percentage Mod: HP is shown in percentages
|rule|Endless Battle Clause: Forcing endless battles is banned
|rule|Species Clause: Limit one of each Pokémon
|rule|OHKO Clause: OHKO moves are banned
|rule|Evasion Items Clause: Evasion items are banned
|rule|Evasion Moves Clause: Evasion moves are banned
|rule|Evasion Abilities Clause: Evasion abilities are banned
|rule|Sleep Moves Clause: Sleep-inducing moves are banned
|clearpoke
|poke|p1|Hatterene, F|
|poke|p1|Great Tusk|
|poke|p1|Slowking-Galar, M|
|poke|p1|Tornadus-Therian, M|
|poke|p1|Kyurem|
|poke|p1|Kingambit, F|
|poke|p2|Great Tusk|
|poke|p2|Gallade, M|
|poke|p2|Alomomola, F|
|poke|p2|Iron Thorns|
|poke|p2|Dragonite, F|
|poke|p2|Pincurchin, M|
|teampreview
|c|☆PeterPanIIV|glhf
|inactive|Battle timer is ON: inactive players will automatically lose when time's up. (requested by PeterPanIIV)
|
|t:|1760360928
|teamsize|p1|6
|teamsize|p2|6
|start
|switch|p1a: Tornadus|Tornadus-Therian, M|100/100
|switch|p2a: Gallade|Gallade, M|100/100
|turn|1
|
|t:|1760360933
|switch|p2a: Iron Thorns|Iron Thorns|100/100
|move|p1a: Tornadus|Bleakwind Storm|p2a: Iron Thorns|[miss]
|-miss|p1a: Tornadus|p2a: Iron Thorns
|
|upkeep
|turn|2
|
|t:|1760360940
|move|p1a: Tornadus|U-turn|p2a: Iron Thorns
|-damage|p2a: Iron Thorns|88/100
|
|t:|1760360942
|switch|p1a: Great Tusk|Great Tusk|100/100|[from] U-turn
|move|p2a: Iron Thorns|Stone Edge|p1a: Great Tusk
|-resisted|p1a: Great Tusk
|-damage|p1a: Great Tusk|91/100
|
|upkeep
|turn|3
|
|t:|1760360946
|-end|p2a: Iron Thorns|Quark Drive|[silent]
|switch|p2a: Dragonite|Dragonite, F|100/100
|move|p1a: Great Tusk|Stealth Rock|p2a: Dragonite
|-sidestart|p2: Hurdiid|move: Stealth Rock
|
|upkeep
|turn|4
|
|t:|1760360958
|switch|p2a: Alomomola|Alomomola, F|100/100
|-damage|p2a: Alomomola|88/100|[from] Stealth Rock
|move|p1a: Great Tusk|Ice Spinner|p2a: Alomomola
|-resisted|p2a: Alomomola
|-damage|p2a: Alomomola|80/100
|-damage|p1a: Great Tusk|74/100|[from] item: Rocky Helmet|[of] p2a: Alomomola
|
|upkeep
|turn|5
|
|t:|1760360970
|-end|p1a: Great Tusk|Protosynthesis|[silent]
|switch|p1a: Tornadus|Tornadus-Therian, M|100/100
|move|p2a: Alomomola|Wish|p2a: Alomomola
|
|upkeep
|turn|6
|
|t:|1760360975
|move|p1a: Tornadus|Knock Off|p2a: Alomomola
|-damage|p2a: Alomomola|69/100
|-damage|p1a: Tornadus|84/100|[from] item: Rocky Helmet|[of] p2a: Alomomola
|-enditem|p2a: Alomomola|Rocky Helmet|[from] move: Knock Off|[of] p1a: Tornadus
|move|p2a: Alomomola|Light Screen|p2a: Alomomola
|-sidestart|p2: Hurdiid|move: Light Screen
|
|-heal|p2a: Alomomola|100/100|[from] move: Wish|[wisher] Alomomola
|upkeep
|turn|7
|
|t:|1760360999
|move|p1a: Tornadus|Knock Off|p2a: Alomomola
|-damage|p2a: Alomomola|93/100
|move|p2a: Alomomola|Wish|p2a: Alomomola
|
|upkeep
|turn|8
|
|t:|1760361003
|move|p1a: Tornadus|Knock Off|p2a: Alomomola
|-damage|p2a: Alomomola|85/100
|move|p2a: Alomomola|Flip Turn|p1a: Tornadus
|-damage|p1a: Tornadus|64/100
|
|t:|1760361013
|switch|p2a: Great Tusk|Great Tusk|100/100|[from] Flip Turn
|
|upkeep
|turn|9
|
|t:|1760361028
|move|p1a: Tornadus|U-turn|p2a: Great Tusk
|-resisted|p2a: Great Tusk
|-damage|p2a: Great Tusk|96/100
|
|t:|1760361029
|switch|p1a: Hatterene|Hatterene, F, shiny|100/100|[from] U-turn
|move|p2a: Great Tusk|Rapid Spin|p1a: Hatterene
|-damage|p1a: Hatterene|86/100
|-boost|p2a: Great Tusk|spe|1
|-sideend|p2: Hurdiid|Stealth Rock|[from] move: Rapid Spin|[of] p2a: Great Tusk
|
|upkeep
|turn|10
|
|t:|1760361034
|-end|p2a: Great Tusk|Protosynthesis|[silent]
|switch|p2a: Pincurchin|Pincurchin, M|100/100
|-fieldstart|move: Electric Terrain|[from] ability: Electric Surge|[of] p2a: Pincurchin
|move|p1a: Hatterene|Psychic Noise|p2a: Pincurchin
|-damage|p2a: Pincurchin|77/100
|-start|p2a: Pincurchin|move: Heal Block
|
|-sideend|p2: Hurdiid|move: Light Screen
|upkeep
|turn|11
|
|t:|1760361038
|switch|p1a: Slowking|Slowking-Galar, M, shiny|100/100
|move|p2a: Pincurchin|Discharge|p1a: Slowking
|-damage|p1a: Slowking|81/100
|-status|p1a: Slowking|par
|
|-end|p2a: Pincurchin|move: Heal Block
|upkeep
|turn|12
|
|t:|1760361041
|move|p2a: Pincurchin|Spikes|p1a: Slowking
|-sidestart|p1: PeterPanIIV|Spikes
|cant|p1a: Slowking|par
|
|upkeep
|turn|13
|
|t:|1760361044
|move|p2a: Pincurchin|Discharge|p1a: Slowking
|-damage|p1a: Slowking|61/100 par
|move|p1a: Slowking|Future Sight|p2a: Pincurchin
|-start|p1a: Slowking|move: Future Sight
|
|upkeep
|turn|14
|
|t:|1760361048
|move|p2a: Pincurchin|Spikes|p1a: Slowking
|-sidestart|p1: PeterPanIIV|Spikes
|-prepare|p1a: Slowking|Chilly Reception|[premajor]
|move|p1a: Slowking|Chilly Reception|p1a: Slowking
|-weather|Snowscape
|
|t:|1760361051
|switch|p1a: Great Tusk|Great Tusk|74/100|[from] Chilly Reception
|-damage|p1a: Great Tusk|58/100|[from] Spikes
|
|-weather|Snowscape|[upkeep]
|upkeep
|turn|15
|
|t:|1760361054
|move|p1a: Great Tusk|Stealth Rock|p2a: Pincurchin
|-sidestart|p2: Hurdiid|move: Stealth Rock
|move|p2a: Pincurchin|Hydro Pump|p1a: Great Tusk
|-supereffective|p1a: Great Tusk
|-damage|p1a: Great Tusk|0 fnt
|faint|p1a: Great Tusk
|-end|p1a: Great Tusk|Protosynthesis|[silent]
|
|-weather|Snowscape|[upkeep]
|-end|p2a: Pincurchin|move: Future Sight
|-damage|p2a: Pincurchin|24/100
|upkeep
|-message|PeterPanIIV forfeited.
|
|win|Hurdiid
|raw|PeterPanIIV's rating: 1283 &rarr; <strong>1260</strong><br />(-23 for losing)
|raw|Hurdiid's rating: 1310 &rarr; <strong>1328</strong><br />(+18 for winning)
|l|☆PeterPanIIV
|player|p1|
|l|‽Hurdiid
|player|p2|
