|j|☆Earthbind
|j|☆esta man oe
|t:|1760363579
|gametype|singles
|player|p1|Earthbind|2|1285
|player|p2|esta man oe|preschooler|1228
|gen|9
|tier|[Gen 9] OU
|rated|
|rule|HP Percentage Mod: HP is shown in percentages
|rule|Endless Battle Clause: Forcing endless battles is banned
|rule|Species Clause: Limit one of each Pokémon
|rule|OHKO Clause: OHKO moves are banned
|rule|Evasion Items Clause: Evasion items are banned
|rule|Evasion Moves Clause: Evasion moves are banned
|rule|Evasion Abilities Clause: Evasion abilities are banned
|rule|Sleep Moves Clause: Sleep-inducing moves are banned
|clearpoke
|poke|p1|Pelipper, F|
|poke|p1|Iron Treads|
|poke|p1|Toxicroak, F|
|poke|p1|Zapdos|
|poke|p1|Poliwrath, M|
|poke|p1|Thundurus, M|
|poke|p2|Torkoal, M|
|poke|p2|Pelipper, M|
|poke|p2|Raging Bolt|
|poke|p2|Walking Wake|
|poke|p2|Alomomola, F|
|poke|p2|Corviknight, M|
|teampreview
|inactive|Battle timer is ON: inactive players will automatically lose when time's up. (requested by esta man oe)
|
|t:|1760363588
|teamsize|p1|6
|teamsize|p2|6
|start
|switch|p1a: Iron Treads|Iron Treads|100/100
|switch|p2a: Torkoal|Torkoal, M|100/100
|-weather|SunnyDay|[from] ability: Drought|[of] p2a: Torkoal
|turn|1
|
|t:|1760363607
|switch|p2a: Walking Wake|Walking Wake|100/100
|-activate|p2a: Walking Wake|ability: Protosynthesis
|-start|p2a: Walking Wake|protosynthesisspa
|move|p1a: Iron Treads|Earthquake|p2a: Walking Wake
|-damage|p2a: Walking Wake|57/100
|
|-weather|SunnyDay|[upkeep]
|upkeep
|turn|2
|
|t:|1760363624
|-end|p1a: Iron Treads|Quark Drive|[silent]
|switch|p1a: Pelipper|Pelipper, F|100/100
|-weather|RainDance|[from] ability: Drizzle|[of] p1a: Pelipper
|-end|p2a: Walking Wake|Protosynthesis
|move|p2a: Walking Wake|Hydro Steam|p1a: Pelipper
|-resisted|p1a: Pelipper
|-damage|p1a: Pelipper|55/100
|
|-weather|RainDance|[upkeep]
|upkeep
|turn|3
|
|t:|1760363633
|-terastallize|p2a: Walking Wake|Water
|move|p2a: Walking Wake|Hydro Steam|p1a: Pelipper
|-resisted|p1a: Pelipper
|-damage|p1a: Pelipper|0 fnt
|faint|p1a: Pelipper
|
|-weather|RainDance|[upkeep]
|upkeep
|
|t:|1760363640
|switch|p1a: Zapdos|Zapdos|100/100
|turn|4
|
|t:|1760363660
|-end|p2a: Walking Wake|Protosynthesis|[silent]
|switch|p2a: Raging Bolt|Raging Bolt|100/100
|move|p1a: Zapdos|Volt Switch|p2a: Raging Bolt
|-resisted|p2a: Raging Bolt
|-damage|p2a: Raging Bolt|88/100
|
|t:|1760363669
|switch|p1a: Toxicroak|Toxicroak, F|100/100|[from] Volt Switch
|
|-weather|RainDance|[upkeep]
|upkeep
|turn|5
|
|t:|1760363674
|-end|p2a: Raging Bolt|Protosynthesis|[silent]
|switch|p2a: Torkoal|Torkoal, M|100/100
|-weather|SunnyDay|[from] ability: Drought|[of] p2a: Torkoal
|move|p1a: Toxicroak|Toxic|p2a: Torkoal
|-status|p2a: Torkoal|tox
|
|-weather|SunnyDay|[upkeep]
|-damage|p1a: Toxicroak|88/100|[from] ability: Dry Skin|[of] p1a: Toxicroak
|-damage|p2a: Torkoal|94/100 tox|[from] psn
|upkeep
|turn|6
|
|t:|1760363703
|switch|p1a: Thundurus|Thundurus, M|100/100
|switch|p2a: Corviknight|Corviknight, M|100/100
|
|-weather|SunnyDay|[upkeep]
|upkeep
|turn|7
|
|t:|1760363710
|switch|p2a: Raging Bolt|Raging Bolt|88/100
|-activate|p2a: Raging Bolt|ability: Protosynthesis
|-start|p2a: Raging Bolt|protosynthesisspa
|move|p1a: Thundurus|Thunder Wave|p2a: Raging Bolt
|-immune|p2a: Raging Bolt
|
|-weather|SunnyDay|[upkeep]
|upkeep
|turn|8
|
|t:|1760363720
|move|p1a: Thundurus|Eerie Impulse|p2a: Raging Bolt
|-unboost|p2a: Raging Bolt|spa|2
|move|p2a: Raging Bolt|Weather Ball|p1a: Thundurus
|-damage|p1a: Thundurus|75/100
|
|-weather|SunnyDay|[upkeep]
|upkeep
|turn|9
|
|t:|1760363727
|move|p2a: Raging Bolt|Weather Ball|p1a: Thundurus
|-damage|p1a: Thundurus|47/100
|move|p1a: Thundurus|Volt Switch|p2a: Raging Bolt
|-resisted|p2a: Raging Bolt
|-damage|p2a: Raging Bolt|81/100
|
|t:|1760363733
|switch|p1a: Toxicroak|Toxicroak, F|88/100|[from] Volt Switch
|
|-weather|SunnyDay|[upkeep]
|-damage|p1a: Toxicroak|76/100|[from] ability: Dry Skin|[of] p1a: Toxicroak
|upkeep
|turn|10
|
|t:|1760363739
|-end|p2a: Raging Bolt|Protosynthesis|[silent]
|switch|p2a: Corviknight|Corviknight, M|100/100
|move|p1a: Toxicroak|Knock Off|p2a: Corviknight
|-damage|p2a: Corviknight|86/100
|-damage|p1a: Toxicroak|59/100|[from] item: Rocky Helmet|[of] p2a: Corviknight
|-enditem|p2a: Corviknight|Rocky Helmet|[from] move: Knock Off|[of] p1a: Toxicroak
|
|-weather|SunnyDay|[upkeep]
|-damage|p1a: Toxicroak|47/100|[from] ability: Dry Skin|[of] p1a: Toxicroak
|upkeep
|turn|11
|
|t:|1760363749
|switch|p1a: Thundurus|Thundurus, M|47/100
|move|p2a: Corviknight|U-turn|p1a: Thundurus
|-resisted|p1a: Thundurus
|-damage|p1a: Thundurus|39/100
|
|t:|1760363770
|switch|p2a: Raging Bolt|Raging Bolt|81/100|[from] U-turn
|-activate|p2a: Raging Bolt|ability: Protosynthesis
|-start|p2a: Raging Bolt|protosynthesisspa
|
|-weather|SunnyDay|[upkeep]
|upkeep
|turn|12
|
|t:|1760363781
|move|p1a: Thundurus|Rain Dance|p1a: Thundurus
|-weather|RainDance
|-end|p2a: Raging Bolt|Protosynthesis
|move|p2a: Raging Bolt|Draco Meteor|p1a: Thundurus
|-damage|p1a: Thundurus|0 fnt
|-unboost|p2a: Raging Bolt|spa|2
|faint|p1a: Thundurus
|
|-weather|RainDance|[upkeep]
|upkeep
|
|t:|1760363791
|switch|p1a: One Punch Man|Poliwrath, M|100/100
|turn|13
|
|t:|1760363799
|-end|p2a: Raging Bolt|Protosynthesis|[silent]
|switch|p2a: Torkoal|Torkoal, M|94/100 tox
|-weather|SunnyDay|[from] ability: Drought|[of] p2a: Torkoal
|-terastallize|p1a: One Punch Man|Fairy
|move|p1a: One Punch Man|Belly Drum|p1a: One Punch Man
|-damage|p1a: One Punch Man|50/100
|-setboost|p1a: One Punch Man|atk|6|[from] move: Belly Drum
|-enditem|p1a: One Punch Man|Sitrus Berry|[eat]
|-heal|p1a: One Punch Man|75/100|[from] item: Sitrus Berry
|
|-weather|SunnyDay|[upkeep]
|-damage|p2a: Torkoal|88/100 tox|[from] psn
|upkeep
|turn|14
|inactive|esta man oe has 120 seconds left.
|
|t:|1760363834
|switch|p2a: Corviknight|Corviknight, M|86/100
|move|p1a: One Punch Man|Drain Punch|p2a: Corviknight
|-damage|p2a: Corviknight|2/100
|-heal|p1a: One Punch Man|100/100|[from] drain|[of] p2a: Corviknight
|
|-weather|SunnyDay|[upkeep]
|upkeep
|turn|15
|
|t:|1760363843
|move|p1a: One Punch Man|Drain Punch|p2a: Corviknight
|-damage|p2a: Corviknight|0 fnt
|faint|p2a: Corviknight
|
|-weather|SunnyDay|[upkeep]
|upkeep
|
|t:|1760363846
|switch|p2a: Walking Wake|Walking Wake, tera:Water|57/100
|-activate|p2a: Walking Wake|ability: Protosynthesis
|-start|p2a: Walking Wake|protosynthesisspa
|turn|16
|
|t:|1760363852
|move|p2a: Walking Wake|Hydro Steam|p1a: One Punch Man
|-damage|p1a: One Punch Man|0 fnt
|faint|p1a: One Punch Man
|
|-weather|SunnyDay|[upkeep]
|upkeep
|
|t:|1760363859
|switch|p1a: Iron Treads|Iron Treads|100/100
|turn|17
|
|t:|1760363862
|move|p2a: Walking Wake|Hydro Steam|p1a: Iron Treads
|-supereffective|p1a: Iron Treads
|-damage|p1a: Iron Treads|0 fnt
|faint|p1a: Iron Treads
|-end|p1a: Iron Treads|Quark Drive|[silent]
|
|-weather|SunnyDay|[upkeep]
|upkeep
|-message|Earthbind forfeited.
|
|win|esta man oe
|raw|Earthbind's rating: 1285 &rarr; <strong>1256</strong><br />(-29 for losing)
|raw|esta man oe's rating: 1228 &rarr; <strong>1257</strong><br />(+29 for winning)
|l|☆Earthbind
|player|p1|
