|j|☆javi9529
|j|☆jumbolino
|t:|1760453586
|gametype|singles
|player|p1|javi9529|170|1056
|player|p2|jumbolino|2|1069
|gen|9
|tier|[Gen 9] OU
|rated|
|rule|HP Percentage Mod: HP is shown in percentages
|rule|Endless Battle Clause: Forcing endless battles is banned
|rule|Species Clause: Limit one of each Pokémon
|rule|OHKO Clause: OHKO moves are banned
|rule|Evasion Items Clause: Evasion items are banned
|rule|Evasion Moves Clause: Evasion moves are banned
|rule|Evasion Abilities Clause: Evasion abilities are banned
|rule|Sleep Moves Clause: Sleep-inducing moves are banned
|clearpoke
|poke|p1|Houndoom, M|
|poke|p1|Golem, M|
|poke|p1|Kingdra, M|
|poke|p1|Electivire, F|
|poke|p1|Venusaur, F|
|poke|p1|Sandslash-Alola, M|
|poke|p2|Blaziken, M|
|poke|p2|Arcanine, F|
|poke|p2|Volcanion|
|poke|p2|Torkoal, F|
|poke|p2|Incineroar, M|
|poke|p2|Armarouge, M|
|teampreview
|inactive|Battle timer is ON: inactive players will automatically lose when time's up. (requested by javi9529)
|
|t:|1760453597
|teamsize|p1|6
|teamsize|p2|6
|start
|switch|p1a: Golem|Golem, M|100/100
|switch|p2a: Torkoal|Torkoal, F|100/100
|-weather|SunnyDay|[from] ability: Drought|[of] p2a: Torkoal
|turn|1
|
|t:|1760453605
|switch|p2a: Volcanion|Volcanion|100/100
|move|p1a: Golem|Stealth Rock|p2a: Volcanion
|-sidestart|p2: jumbolino|move: Stealth Rock
|
|-weather|SunnyDay|[upkeep]
|upkeep
|turn|2
|
|t:|1760453619
|switch|p1a: Electivire|Electivire, F|100/100
|move|p2a: Volcanion|Steam Eruption|p1a: Electivire
|-damage|p1a: Electivire|55/100
|
|-weather|SunnyDay|[upkeep]
|upkeep
|turn|3
|
|t:|1760453627
|move|p1a: Electivire|Wild Charge|p2a: Volcanion
|-supereffective|p2a: Volcanion
|-damage|p2a: Volcanion|5/100
|-damage|p1a: Electivire|25/100|[from] Recoil
|-damage|p1a: Electivire|15/100|[from] item: Life Orb
|move|p2a: Volcanion|Earth Power|p1a: Electivire
|-supereffective|p1a: Electivire
|-damage|p1a: Electivire|0 fnt
|faint|p1a: Electivire
|
|-weather|SunnyDay|[upkeep]
|upkeep
|
|t:|1760453641
|switch|p1a: Venusaur|Venusaur, F|100/100
|turn|4
|
|t:|1760453650
|switch|p2a: Incineroar|Incineroar, M|100/100
|-damage|p2a: Incineroar|76/100|[from] Stealth Rock
|-ability|p2a: Incineroar|Intimidate|boost
|-unboost|p1a: Venusaur|atk|1
|move|p1a: Venusaur|Giga Drain|p2a: Incineroar
|-resisted|p2a: Incineroar
|-damage|p2a: Incineroar|61/100
|
|-weather|SunnyDay|[upkeep]
|upkeep
|turn|5
|
|t:|1760453662
|switch|p1a: Kingdra|Kingdra, M, shiny|100/100
|move|p2a: Incineroar|Knock Off|p1a: Kingdra
|-damage|p1a: Kingdra|55/100
|-enditem|p1a: Kingdra|Choice Specs|[from] move: Knock Off|[of] p2a: Incineroar
|
|-weather|SunnyDay|[upkeep]
|upkeep
|turn|6
|
|t:|1760453671
|switch|p2a: Volcanion|Volcanion|5/100
|-damage|p2a: Volcanion|0 fnt|[from] Stealth Rock
|faint|p2a: Volcanion
|move|p1a: Kingdra|Dragon Dance|p1a: Kingdra
|-boost|p1a: Kingdra|atk|1
|-boost|p1a: Kingdra|spe|1
|
|-weather|SunnyDay|[upkeep]
|upkeep
|
|t:|1760453689
|switch|p2a: Arcanine|Arcanine, F|100/100
|-damage|p2a: Arcanine|76/100|[from] Stealth Rock
|-ability|p2a: Arcanine|Intimidate|boost
|-unboost|p1a: Kingdra|atk|1
|turn|7
|
|t:|1760453699
|-terastallize|p2a: Arcanine|Normal
|move|p2a: Arcanine|Extreme Speed|p1a: Kingdra
|-damage|p1a: Kingdra|0 fnt
|faint|p1a: Kingdra
|
|-weather|SunnyDay|[upkeep]
|upkeep
|
|t:|1760453709
|switch|p1a: Golem|Golem, M|100/100
|turn|8
|
|t:|1760453714
|switch|p2a: Torkoal|Torkoal, F|100/100
|-damage|p2a: Torkoal|76/100|[from] Stealth Rock
|move|p1a: Golem|Earthquake|p2a: Torkoal
|-supereffective|p2a: Torkoal
|-damage|p2a: Torkoal|14/100
|
|-weather|none
|upkeep
|turn|9
|
|t:|1760453724
|switch|p2a: Armarouge|Armarouge, M|100/100
|-damage|p2a: Armarouge|76/100|[from] Stealth Rock
|-item|p2a: Armarouge|Air Balloon
|move|p1a: Golem|Earthquake|p2a: Armarouge
|-immune|p2a: Armarouge
|
|upkeep
|turn|10
|
|t:|1760453733
|move|p2a: Armarouge|Calm Mind|p2a: Armarouge
|-boost|p2a: Armarouge|spa|1
|-boost|p2a: Armarouge|spd|1
|move|p1a: Golem|Rock Blast|p2a: Armarouge
|-supereffective|p2a: Armarouge
|-damage|p2a: Armarouge|48/100
|-ability|p2a: Armarouge|Weak Armor|boost
|-unboost|p2a: Armarouge|def|1
|-boost|p2a: Armarouge|spe|2
|-enditem|p2a: Armarouge|Air Balloon
|-supereffective|p2a: Armarouge
|-damage|p2a: Armarouge|10/100
|-ability|p2a: Armarouge|Weak Armor|boost
|-unboost|p2a: Armarouge|def|1
|-boost|p2a: Armarouge|spe|2
|-supereffective|p2a: Armarouge
|-damage|p2a: Armarouge|0 fnt
|faint|p2a: Armarouge
|-hitcount|p2: Armarouge|3
|
|upkeep
|
|t:|1760453751
|switch|p2a: Torkoal|Torkoal, F|14/100
|-damage|p2a: Torkoal|0 fnt|[from] Stealth Rock
|faint|p2a: Torkoal
|
|t:|1760453756
|switch|p2a: Incineroar|Incineroar, M|61/100
|-damage|p2a: Incineroar|36/100|[from] Stealth Rock
|-ability|p2a: Incineroar|Intimidate|boost
|-unboost|p1a: Golem|atk|1
|turn|11
|
|t:|1760453764
|move|p2a: Incineroar|Parting Shot|p1a: Golem
|-unboost|p1a: Golem|atk|1
|-unboost|p1a: Golem|spa|1
|
|t:|1760453768
|switch|p2a: Blaziken|Blaziken, M|100/100|[from] Parting Shot
|-damage|p2a: Blaziken|88/100|[from] Stealth Rock
|move|p1a: Golem|Earthquake|p2a: Blaziken
|-supereffective|p2a: Blaziken
|-damage|p2a: Blaziken|6/100
|
|upkeep
|turn|12
|l|☆jumbolino
|inactive|jumbolino disconnected and has a minute to reconnect!
|player|p2|
|inactive|jumbolino has 30 seconds to reconnect!
|inactive|jumbolino has 20 seconds to reconnect!
|inactive|jumbolino has 15 seconds to reconnect!
|inactive|jumbolino has 10 seconds to reconnect!
|inactive|jumbolino has 5 seconds to reconnect!
|-message|jumbolino lost due to inactivity.
|
|win|javi9529
|raw|javi9529's rating: 1056 &rarr; <strong>1089</strong><br />(+33 for winning)
|raw|jumbolino's rating: 1069 &rarr; <strong>1048</strong><br />(-21 for losing)
|l|☆javi9529
|player|p1|
