|j|☆SpaceMedaFighterX
|j|☆eros maniac
|t:|1760446953
|gametype|singles
|player|p1|SpaceMedaFighterX|tabitha-gen3|1781
|player|p2|eros maniac|hilbert-wonderlauncher|1749
|gen|9
|tier|[Gen 9] OU
|rated|
|rule|HP Percentage Mod: HP is shown in percentages
|rule|Endless Battle Clause: Forcing endless battles is banned
|rule|Species Clause: Limit one of each Pokémon
|rule|OHKO Clause: OHKO moves are banned
|rule|Evasion Items Clause: Evasion items are banned
|rule|Evasion Moves Clause: Evasion moves are banned
|rule|Evasion Abilities Clause: Evasion abilities are banned
|rule|Sleep Moves Clause: Sleep-inducing moves are banned
|clearpoke
|poke|p1|Iron Moth|
|poke|p1|Dudunsparce-*, M|
|poke|p1|Lokix, M|
|poke|p1|Thundurus-Therian, M|
|poke|p1|Alomomola, M|
|poke|p1|Great Tusk|
|poke|p2|Frosmoth, F|
|poke|p2|Maushold-Four|
|poke|p2|Krookodile, M|
|poke|p2|Sinistcha|
|poke|p2|Alomomola, F|
|poke|p2|Weezing-Galar, M|
|teampreview
|inactive|Battle timer is ON: inactive players will automatically lose when time's up. (requested by eros maniac)
|
|t:|1760446970
|teamsize|p1|6
|teamsize|p2|6
|start
|switch|p1a: Lord Dudunsparce|Dudunsparce, M|100/100
|switch|p2a: Krookodile|Krookodile, M|100/100
|-ability|p2a: Krookodile|Intimidate|boost
|-unboost|p1a: Lord Dudunsparce|atk|1
|-ability|p1a: Lord Dudunsparce|Rattled|boost
|-boost|p1a: Lord Dudunsparce|spe|1
|turn|1
|
|t:|1760446977
|move|p1a: Lord Dudunsparce|Boomburst|p2a: Krookodile
|-crit|p2a: Krookodile
|-damage|p2a: Krookodile|8/100
|move|p2a: Krookodile|Close Combat|p1a: Lord Dudunsparce
|-supereffective|p1a: Lord Dudunsparce
|-damage|p1a: Lord Dudunsparce|0 fnt
|-unboost|p2a: Krookodile|def|1
|-unboost|p2a: Krookodile|spd|1
|faint|p1a: Lord Dudunsparce
|
|upkeep
|
|t:|1760446994
|switch|p1a: Dunsparce-Therian|Thundurus-Therian, M|100/100
|turn|2
|
|t:|1760447004
|switch|p2a: Frosmoth|Frosmoth, F, shiny|100/100
|move|p1a: Dunsparce-Therian|Sludge Bomb|p2a: Frosmoth
|-damage|p2a: Frosmoth|87/100
|
|-heal|p2a: Frosmoth|93/100|[from] item: Leftovers
|upkeep
|turn|3
|
|t:|1760447011
|move|p1a: Dunsparce-Therian|Volt Switch|p2a: Frosmoth
|-damage|p2a: Frosmoth|78/100
|
|t:|1760447016
|switch|p1a: Iron Sparce|Iron Moth, shiny|100/100|[from] Volt Switch
|move|p2a: Frosmoth|Substitute|p2a: Frosmoth
|-start|p2a: Frosmoth|Substitute
|-damage|p2a: Frosmoth|53/100
|
|-heal|p2a: Frosmoth|59/100|[from] item: Leftovers
|upkeep
|turn|4
|
|t:|1760447019
|-terastallize|p2a: Frosmoth|Electric
|move|p1a: Iron Sparce|Fiery Dance|p2a: Frosmoth
|-activate|p2a: Frosmoth|move: Substitute|[damage]
|move|p2a: Frosmoth|Quiver Dance|p2a: Frosmoth
|-boost|p2a: Frosmoth|spa|1
|-boost|p2a: Frosmoth|spd|1
|-boost|p2a: Frosmoth|spe|1
|
|-heal|p2a: Frosmoth|65/100|[from] item: Leftovers
|upkeep
|turn|5
|
|t:|1760447026
|move|p1a: Iron Sparce|Fiery Dance|p2a: Frosmoth
|-end|p2a: Frosmoth|Substitute
|move|p2a: Frosmoth|Quiver Dance|p2a: Frosmoth
|-boost|p2a: Frosmoth|spa|1
|-boost|p2a: Frosmoth|spd|1
|-boost|p2a: Frosmoth|spe|1
|
|-heal|p2a: Frosmoth|71/100|[from] item: Leftovers
|upkeep
|turn|6
|inactive|SpaceMedaFighterX has 120 seconds left.
|
|t:|1760447058
|move|p1a: Iron Sparce|U-turn|p2a: Frosmoth
|-damage|p2a: Frosmoth|55/100
|
|t:|1760447061
|-end|p1a: Iron Sparce|Quark Drive|[silent]
|switch|p1a: Dununudsparce|Alomomola, M|100/100|[from] U-turn
|move|p2a: Frosmoth|Substitute|p2a: Frosmoth
|-start|p2a: Frosmoth|Substitute
|-damage|p2a: Frosmoth|30/100
|
|-heal|p2a: Frosmoth|36/100|[from] item: Leftovers
|upkeep
|turn|7
|
|t:|1760447066
|move|p2a: Frosmoth|Tera Blast|p1a: Dununudsparce|[anim] Tera Blast Electric
|-supereffective|p1a: Dununudsparce
|-damage|p1a: Dununudsparce|22/100
|move|p1a: Dununudsparce|Flip Turn|p2a: Frosmoth
|-end|p2a: Frosmoth|Substitute
|
|t:|1760447070
|switch|p1a: Dunkix|Lokix, M|100/100|[from] Flip Turn
|
|-heal|p2a: Frosmoth|42/100|[from] item: Leftovers
|upkeep
|turn|8
|
|t:|1760447073
|switch|p2a: Alomomola|Alomomola, F, shiny|100/100
|move|p1a: Dunkix|First Impression|p2a: Alomomola
|-damage|p2a: Alomomola|58/100
|-damage|p1a: Dunkix|84/100|[from] item: Rocky Helmet|[of] p2a: Alomomola
|
|upkeep
|turn|9
|
|t:|1760447078
|switch|p1a: Dununudsparce|Alomomola, M|55/100
|move|p2a: Alomomola|Wish|p2a: Alomomola
|
|upkeep
|turn|10
|
|t:|1760447086
|move|p1a: Dununudsparce|Flip Turn|p2a: Alomomola
|-resisted|p2a: Alomomola
|-damage|p2a: Alomomola|53/100
|-damage|p1a: Dununudsparce|39/100|[from] item: Rocky Helmet|[of] p2a: Alomomola
|
|t:|1760447090
|switch|p1a: Dunkix|Lokix, M|84/100|[from] Flip Turn
|move|p2a: Alomomola|Flip Turn|p1a: Dunkix
|-damage|p1a: Dunkix|58/100
|
|t:|1760447093
|switch|p2a: Frosmoth|Frosmoth, F, shiny, tera:Electric|42/100|[from] Flip Turn
|
|-heal|p2a: Frosmoth|100/100|[from] move: Wish|[wisher] Alomomola
|upkeep
|turn|11
|
|t:|1760447096
|switch|p2a: Alomomola|Alomomola, F, shiny|86/100
|move|p1a: Dunkix|Knock Off|p2a: Alomomola
|-damage|p2a: Alomomola|39/100
|-damage|p1a: Dunkix|42/100|[from] item: Rocky Helmet|[of] p2a: Alomomola
|-enditem|p2a: Alomomola|Rocky Helmet|[from] move: Knock Off|[of] p1a: Dunkix
|
|upkeep
|turn|12
|
|t:|1760447100
|switch|p1a: Dunsparce-Therian|Thundurus-Therian, M|100/100
|move|p2a: Alomomola|Flip Turn|p1a: Dunsparce-Therian
|-damage|p1a: Dunsparce-Therian|74/100
|
|t:|1760447102
|switch|p2a: Frosmoth|Frosmoth, F, shiny, tera:Electric|100/100|[from] Flip Turn
|
|upkeep
|turn|13
|j| mowmowpow
|
|t:|1760447109
|move|p1a: Dunsparce-Therian|Sludge Bomb|p2a: Frosmoth
|-damage|p2a: Frosmoth|87/100
|move|p2a: Frosmoth|Substitute|p2a: Frosmoth
|-start|p2a: Frosmoth|Substitute
|-damage|p2a: Frosmoth|62/100
|
|-heal|p2a: Frosmoth|68/100|[from] item: Leftovers
|upkeep
|turn|14
|
|t:|1760447114
|move|p1a: Dunsparce-Therian|Volt Switch|p2a: Frosmoth
|-resisted|p2a: Frosmoth
|-activate|p2a: Frosmoth|move: Substitute|[damage]
|
|t:|1760447116
|switch|p1a: Dununudsparce|Alomomola, M|72/100|[from] Volt Switch
|move|p2a: Frosmoth|Quiver Dance|p2a: Frosmoth
|-boost|p2a: Frosmoth|spa|1
|-boost|p2a: Frosmoth|spd|1
|-boost|p2a: Frosmoth|spe|1
|
|-heal|p2a: Frosmoth|74/100|[from] item: Leftovers
|upkeep
|turn|15
|
|t:|1760447119
|move|p2a: Frosmoth|Tera Blast|p1a: Dununudsparce|[anim] Tera Blast Electric
|-supereffective|p1a: Dununudsparce
|-damage|p1a: Dununudsparce|16/100
|move|p1a: Dununudsparce|Flip Turn|p2a: Frosmoth
|-end|p2a: Frosmoth|Substitute
|
|t:|1760447122
|switch|p1a: Dunkix|Lokix, M|42/100|[from] Flip Turn
|
|-heal|p2a: Frosmoth|80/100|[from] item: Leftovers
|upkeep
|turn|16
|
|t:|1760447128
|switch|p2a: Weezing|Weezing-Galar, M|100/100
|-ability|p2a: Weezing|Neutralizing Gas
|move|p1a: Dunkix|Leech Life|p2a: Weezing
|-resisted|p2a: Weezing
|-damage|p2a: Weezing|91/100
|-heal|p1a: Dunkix|48/100|[from] drain|[of] p2a: Weezing
|
|upkeep
|turn|17
|
|t:|1760447140
|switch|p1a: Iron Sparce|Iron Moth, shiny|100/100
|move|p2a: Weezing|Strange Steam|p1a: Iron Sparce
|-resisted|p1a: Iron Sparce
|-damage|p1a: Iron Sparce|94/100
|
|upkeep
|turn|18
|
|t:|1760447147
|-end|p2a: Weezing|ability: Neutralizing Gas
|switch|p2a: Alomomola|Alomomola, F, shiny|72/100
|move|p1a: Iron Sparce|Fiery Dance|p2a: Alomomola
|-resisted|p2a: Alomomola
|-damage|p2a: Alomomola|51/100
|-boost|p1a: Iron Sparce|spa|1
|
|upkeep
|turn|19
|
|t:|1760447152
|switch|p2a: Krookodile|Krookodile, M|8/100
|-ability|p2a: Krookodile|Intimidate|boost
|-unboost|p1a: Iron Sparce|atk|1
|move|p1a: Iron Sparce|Sludge Wave|p2a: Krookodile
|-resisted|p2a: Krookodile
|-damage|p2a: Krookodile|0 fnt
|faint|p2a: Krookodile
|
|upkeep
|
|t:|1760447155
|switch|p2a: Maushold|Maushold-Four|100/100
|turn|20
|
|t:|1760447161
|-end|p1a: Iron Sparce|Quark Drive|[silent]
|switch|p1a: Great Dunsparce|Great Tusk|100/100
|move|p2a: Maushold|Population Bomb|p1a: Great Dunsparce|[miss]
|-miss|p2a: Maushold|p1a: Great Dunsparce
|
|upkeep
|turn|21
|
|t:|1760447168
|switch|p2a: Alomomola|Alomomola, F, shiny|84/100
|move|p1a: Great Dunsparce|Close Combat|p2a: Alomomola
|-damage|p2a: Alomomola|49/100
|-unboost|p1a: Great Dunsparce|def|1
|-unboost|p1a: Great Dunsparce|spd|1
|
|upkeep
|turn|22
|
|t:|1760447178
|-end|p1a: Great Dunsparce|Protosynthesis|[silent]
|switch|p1a: Dunsparce-Therian|Thundurus-Therian, M|74/100
|move|p2a: Alomomola|Flip Turn|p1a: Dunsparce-Therian
|-damage|p1a: Dunsparce-Therian|51/100
|
|t:|1760447181
|switch|p2a: Frosmoth|Frosmoth, F, shiny, tera:Electric|80/100|[from] Flip Turn
|
|-heal|p2a: Frosmoth|87/100|[from] item: Leftovers
|upkeep
|turn|23
|
|t:|1760447185
|move|p1a: Dunsparce-Therian|Sludge Bomb|p2a: Frosmoth
|-damage|p2a: Frosmoth|74/100
|-status|p2a: Frosmoth|psn
|move|p2a: Frosmoth|Tera Blast|p1a: Dunsparce-Therian|[anim] Tera Blast Electric
|-heal|p1a: Dunsparce-Therian|76/100|[from] ability: Volt Absorb|[of] p2a: Frosmoth
|
|-heal|p2a: Frosmoth|80/100 psn|[from] item: Leftovers
|-damage|p2a: Frosmoth|68/100 psn|[from] psn
|upkeep
|turn|24
|
|t:|1760447190
|move|p1a: Dunsparce-Therian|Volt Switch|p2a: Frosmoth
|-resisted|p2a: Frosmoth
|-damage|p2a: Frosmoth|60/100 psn
|
|t:|1760447192
|switch|p1a: Dununudsparce|Alomomola, M|49/100|[from] Volt Switch
|move|p2a: Frosmoth|Tera Blast|p1a: Dununudsparce|[anim] Tera Blast Electric
|-supereffective|p1a: Dununudsparce
|-damage|p1a: Dununudsparce|12/100
|
|-heal|p2a: Frosmoth|66/100 psn|[from] item: Leftovers
|-damage|p2a: Frosmoth|54/100 psn|[from] psn
|upkeep
|turn|25
|
|t:|1760447201
|switch|p2a: Alomomola|Alomomola, F, shiny|83/100
|switch|p1a: Iron Sparce|Iron Moth, shiny|94/100
|
|upkeep
|turn|26
|
|t:|1760447216
|move|p1a: Iron Sparce|Sludge Wave|p2a: Alomomola
|-damage|p2a: Alomomola|35/100
|move|p2a: Alomomola|Wish|p2a: Alomomola
|
|upkeep
|turn|27
|
|t:|1760447222
|-end|p1a: Iron Sparce|Quark Drive|[silent]
|switch|p1a: Dunsparce-Therian|Thundurus-Therian, M|76/100
|switch|p2a: Frosmoth|Frosmoth, F, shiny, tera:Electric|54/100 psn
|
|-heal|p2a: Frosmoth|100/100 psn|[from] move: Wish|[wisher] Alomomola
|-damage|p2a: Frosmoth|88/100 psn|[from] psn
|upkeep
|turn|28
|
|t:|1760447230
|move|p1a: Dunsparce-Therian|Volt Switch|p2a: Frosmoth
|-resisted|p2a: Frosmoth
|-damage|p2a: Frosmoth|81/100 psn
|
|t:|1760447232
|switch|p1a: Dununudsparce|Alomomola, M|46/100|[from] Volt Switch
|move|p2a: Frosmoth|Ice Beam|p1a: Dununudsparce
|-resisted|p1a: Dununudsparce
|-damage|p1a: Dununudsparce|36/100
|
|-heal|p2a: Frosmoth|87/100 psn|[from] item: Leftovers
|-damage|p2a: Frosmoth|75/100 psn|[from] psn
|upkeep
|turn|29
|
|t:|1760447238
|switch|p1a: Dunsparce-Therian|Thundurus-Therian, M|76/100
|move|p2a: Frosmoth|Ice Beam|p1a: Dunsparce-Therian
|-supereffective|p1a: Dunsparce-Therian
|-damage|p1a: Dunsparce-Therian|0 fnt
|faint|p1a: Dunsparce-Therian
|
|-heal|p2a: Frosmoth|81/100 psn|[from] item: Leftovers
|-damage|p2a: Frosmoth|68/100 psn|[from] psn
|upkeep
|
|t:|1760447247
|switch|p1a: Dunkix|Lokix, M|48/100
|turn|30
|
|t:|1760447251
|switch|p2a: Weezing|Weezing-Galar, M|91/100
|-ability|p2a: Weezing|Neutralizing Gas
|move|p1a: Dunkix|U-turn|p2a: Weezing
|-resisted|p2a: Weezing
|-damage|p2a: Weezing|82/100
|
|t:|1760447252
|switch|p1a: Iron Sparce|Iron Moth, shiny|94/100|[from] U-turn
|
|upkeep
|turn|31
|
|t:|1760447257
|-end|p2a: Weezing|ability: Neutralizing Gas
|switch|p2a: Frosmoth|Frosmoth, F, shiny, tera:Electric|68/100 psn
|move|p1a: Iron Sparce|Fiery Dance|p2a: Frosmoth
|-damage|p2a: Frosmoth|52/100 psn
|-boost|p1a: Iron Sparce|spa|1
|
|-heal|p2a: Frosmoth|58/100 psn|[from] item: Leftovers
|-damage|p2a: Frosmoth|45/100 psn|[from] psn
|upkeep
|turn|32
|
|t:|1760447262
|move|p1a: Iron Sparce|Sludge Wave|p2a: Frosmoth
|-damage|p2a: Frosmoth|15/100 psn
|move|p2a: Frosmoth|Tera Blast|p1a: Iron Sparce|[anim] Tera Blast Electric
|-damage|p1a: Iron Sparce|58/100
|
|-heal|p2a: Frosmoth|21/100 psn|[from] item: Leftovers
|-damage|p2a: Frosmoth|8/100 psn|[from] psn
|upkeep
|turn|33
|
|t:|1760447265
|move|p1a: Iron Sparce|Fiery Dance|p2a: Frosmoth
|-damage|p2a: Frosmoth|0 fnt
|faint|p2a: Frosmoth
|
|upkeep
|
|t:|1760447267
|switch|p2a: Maushold|Maushold-Four|100/100
|turn|34
|
|t:|1760447275
|-end|p1a: Iron Sparce|Quark Drive|[silent]
|switch|p1a: Dununudsparce|Alomomola, M|69/100
|move|p2a: Maushold|Tidy Up|p2a: Maushold
|-boost|p2a: Maushold|atk|1
|-boost|p2a: Maushold|spe|1
|
|upkeep
|turn|35
|
|t:|1760447278
|move|p2a: Maushold|Population Bomb|p1a: Dununudsparce
|-damage|p1a: Dununudsparce|58/100
|-damage|p1a: Dununudsparce|47/100
|-damage|p1a: Dununudsparce|37/100
|-damage|p1a: Dununudsparce|26/100
|-damage|p1a: Dununudsparce|16/100
|-damage|p1a: Dununudsparce|5/100
|-damage|p1a: Dununudsparce|0 fnt
|faint|p1a: Dununudsparce
|-hitcount|p1: Dununudsparce|7
|
|upkeep
|
|t:|1760447280
|switch|p1a: Dunkix|Lokix, M|48/100
|turn|36
|
|t:|1760447284
|switch|p2a: Alomomola|Alomomola, F, shiny|69/100
|move|p1a: Dunkix|U-turn|p2a: Alomomola
|-damage|p2a: Alomomola|34/100
|
|t:|1760447288
|switch|p1a: Iron Sparce|Iron Moth, shiny|58/100|[from] U-turn
|
|upkeep
|turn|37
|
|t:|1760447292
|switch|p2a: Weezing|Weezing-Galar, M|82/100
|-ability|p2a: Weezing|Neutralizing Gas
|move|p1a: Iron Sparce|Sludge Wave|p2a: Weezing
|-damage|p2a: Weezing|15/100
|
|upkeep
|turn|38
|
|t:|1760447301
|move|p1a: Iron Sparce|Fiery Dance|p2a: Weezing
|-damage|p2a: Weezing|0 fnt
|faint|p2a: Weezing
|-end|p2a: Weezing|ability: Neutralizing Gas
|
|upkeep
|
|t:|1760447303
|switch|p2a: Maushold|Maushold-Four|100/100
|turn|39
|
|t:|1760447314
|-end|p1a: Iron Sparce|Quark Drive|[silent]
|switch|p1a: Great Dunsparce|Great Tusk|100/100
|move|p2a: Maushold|Population Bomb|p1a: Great Dunsparce
|-damage|p1a: Great Dunsparce|94/100
|-damage|p1a: Great Dunsparce|86/100
|-crit|p1a: Great Dunsparce
|-damage|p1a: Great Dunsparce|76/100
|-damage|p1a: Great Dunsparce|68/100
|-damage|p1a: Great Dunsparce|62/100
|-damage|p1a: Great Dunsparce|54/100
|-damage|p1a: Great Dunsparce|47/100
|-damage|p1a: Great Dunsparce|39/100
|-crit|p1a: Great Dunsparce
|-damage|p1a: Great Dunsparce|29/100
|-damage|p1a: Great Dunsparce|22/100
|-hitcount|p1a: Great Dunsparce|10
|
|upkeep
|turn|40
|c|☆SpaceMedaFighterX|yo
|c|☆SpaceMedaFighterX|wheres my rock helm
|c|☆SpaceMedaFighterX|smh
|
|t:|1760447330
|move|p2a: Maushold|Population Bomb|p1a: Great Dunsparce
|-damage|p1a: Great Dunsparce|15/100
|-damage|p1a: Great Dunsparce|8/100
|-damage|p1a: Great Dunsparce|1/100
|-damage|p1a: Great Dunsparce|0 fnt
|faint|p1a: Great Dunsparce
|-end|p1a: Great Dunsparce|Protosynthesis|[silent]
|-hitcount|p1: Great Dunsparce|4
|
|upkeep
|
|t:|1760447331
|switch|p1a: Dunkix|Lokix, M|48/100
|turn|41
|
|t:|1760447339
|switch|p2a: Sinistcha|Sinistcha, shiny|100/100
|-terastallize|p1a: Dunkix|Bug
|move|p1a: Dunkix|Leech Life|p2a: Sinistcha
|-damage|p2a: Sinistcha|47/100
|-heal|p1a: Dunkix|80/100|[from] drain|[of] p2a: Sinistcha
|
|upkeep
|turn|42
|
|t:|1760447342
|move|p1a: Dunkix|Leech Life|p2a: Sinistcha
|-damage|p2a: Sinistcha|0 fnt
|-heal|p1a: Dunkix|100/100|[from] drain|[of] p2a: Sinistcha
|faint|p2a: Sinistcha
|
|upkeep
|
|t:|1760447346
|switch|p2a: Maushold|Maushold-Four|100/100
|turn|43
|
|t:|1760447351
|move|p2a: Maushold|Population Bomb|p1a: Dunkix
|-damage|p1a: Dunkix|85/100
|-damage|p1a: Dunkix|68/100
|-damage|p1a: Dunkix|53/100
|-damage|p1a: Dunkix|38/100
|-damage|p1a: Dunkix|21/100
|-damage|p1a: Dunkix|4/100
|-damage|p1a: Dunkix|0 fnt
|faint|p1a: Dunkix
|-hitcount|p1: Dunkix|7
|
|upkeep
|
|t:|1760447362
|switch|p1a: Iron Sparce|Iron Moth, shiny|58/100
|turn|44
|l| mowmowpow
|inactive|eros maniac has 120 seconds left.
|c|☆eros maniac|I understand that you don't have the helmet on (or just forgot it) when you switch to alo instead of tusk
|
|t:|1760447413
|move|p2a: Maushold|Population Bomb|p1a: Iron Sparce
|-crit|p1a: Iron Sparce
|-damage|p1a: Iron Sparce|27/100
|-damage|p1a: Iron Sparce|9/100
|-damage|p1a: Iron Sparce|0 fnt
|faint|p1a: Iron Sparce
|-end|p1a: Iron Sparce|Quark Drive|[silent]
|-hitcount|p1: Iron Sparce|3
|
|win|eros maniac
|raw|SpaceMedaFighterX's rating: 1781 &rarr; <strong>1759</strong><br />(-22 for losing)
|raw|eros maniac's rating: 1749 &rarr; <strong>1771</strong><br />(+22 for winning)
|l|☆eros maniac
|player|p2|
