|j|☆jakkuza
|j|☆Salmonboyo
|t:|1760408530
|gametype|singles
|player|p1|jakkuza|dawn|1168
|player|p2|Salmonboyo|adaman|1169
|gen|9
|tier|[Gen 9] OU
|rated|
|rule|HP Percentage Mod: HP is shown in percentages
|rule|Endless Battle Clause: Forcing endless battles is banned
|rule|Species Clause: Limit one of each Pokémon
|rule|OHKO Clause: OHKO moves are banned
|rule|Evasion Items Clause: Evasion items are banned
|rule|Evasion Moves Clause: Evasion moves are banned
|rule|Evasion Abilities Clause: Evasion abilities are banned
|rule|Sleep Moves Clause: Sleep-inducing moves are banned
|clearpoke
|poke|p1|Garganacl, F|
|poke|p1|Pawmot, F|
|poke|p1|Clefable, M|
|poke|p1|Rillaboom, F|
|poke|p1|Zamazenta-*|
|poke|p1|Ditto|
|poke|p2|Hydreigon, F|
|poke|p2|Talonflame, F|
|poke|p2|Sceptile, F|
|poke|p2|Kingambit, F|
|poke|p2|Spidops, F|
|poke|p2|Landorus-Therian, M|
|teampreview
|inactive|Battle timer is ON: inactive players will automatically lose when time's up. (requested by jakkuza)
|
|t:|1760408540
|teamsize|p1|6
|teamsize|p2|6
|start
|switch|p1a: Holy Warrior|Zamazenta|100/100
|switch|p2a: Landorus|Landorus-Therian, M|100/100
|-ability|p1a: Holy Warrior|Dauntless Shield|boost
|-boost|p1a: Holy Warrior|def|1
|-ability|p2a: Landorus|Intimidate|boost
|-unboost|p1a: Holy Warrior|atk|1
|turn|1
|
|t:|1760408547
|move|p1a: Holy Warrior|Ice Fang|p2a: Landorus
|-supereffective|p2a: Landorus
|-damage|p2a: Landorus|21/100
|-damage|p1a: Holy Warrior|84/100|[from] item: Rocky Helmet|[of] p2a: Landorus
|move|p2a: Landorus|Stealth Rock|p1a: Holy Warrior
|-sidestart|p1: jakkuza|move: Stealth Rock
|
|upkeep
|turn|2
|
|t:|1760408561
|switch|p2a: Spidops|Spidops, F|100/100
|move|p1a: Holy Warrior|Ice Fang|p2a: Spidops
|-damage|p2a: Spidops|85/100
|
|upkeep
|turn|3
|
|t:|1760408567
|move|p1a: Holy Warrior|Fire Fang|p2a: Spidops
|-supereffective|p2a: Spidops
|-damage|p2a: Spidops|48/100
|-status|p2a: Spidops|brn
|-enditem|p2a: Spidops|Sitrus Berry|[eat]
|-heal|p2a: Spidops|73/100 brn|[from] item: Sitrus Berry
|move|p2a: Spidops|Sticky Web|p1a: Holy Warrior
|-sidestart|p1: jakkuza|move: Sticky Web
|
|-damage|p2a: Spidops|67/100 brn|[from] brn
|upkeep
|turn|4
|
|t:|1760408576
|move|p1a: Holy Warrior|Fire Fang|p2a: Spidops
|-supereffective|p2a: Spidops
|-damage|p2a: Spidops|26/100 brn
|cant|p2a: Spidops|flinch
|
|-damage|p2a: Spidops|20/100 brn|[from] brn
|upkeep
|turn|5
|
|t:|1760408588
|switch|p1a: Holy Copycat|Ditto|100/100
|-damage|p1a: Holy Copycat|88/100|[from] Stealth Rock
|-activate|p1a: Holy Copycat|move: Sticky Web
|-unboost|p1a: Holy Copycat|spe|1
|-transform|p1a: Holy Copycat|p2a: Spidops|[from] ability: Imposter
|move|p2a: Spidops|Spikes|p1a: Holy Copycat
|-sidestart|p1: jakkuza|Spikes
|
|-damage|p2a: Spidops|14/100 brn|[from] brn
|upkeep
|turn|6
|
|t:|1760408605
|-terastallize|p1a: Holy Copycat|Ghost
|move|p1a: Holy Copycat|Spikes|p2a: Spidops
|-sidestart|p2: Salmonboyo|Spikes
|move|p2a: Spidops|Spikes|p1a: Holy Copycat
|-sidestart|p1: jakkuza|Spikes
|
|-damage|p2a: Spidops|8/100 brn|[from] brn
|upkeep
|turn|7
|
|t:|1760408614
|move|p1a: Holy Copycat|Spikes|p2a: Spidops
|-sidestart|p2: Salmonboyo|Spikes
|move|p2a: Spidops|Spikes|p1a: Holy Copycat
|-sidestart|p1: jakkuza|Spikes
|
|-damage|p2a: Spidops|2/100 brn|[from] brn
|upkeep
|turn|8
|
|t:|1760408621
|move|p1a: Holy Copycat|Spikes|p2a: Spidops
|-sidestart|p2: Salmonboyo|Spikes
|move|p2a: Spidops|Toxic Spikes|p1a: Holy Copycat
|-sidestart|p1: jakkuza|move: Toxic Spikes
|
|-damage|p2a: Spidops|0 fnt|[from] brn
|faint|p2a: Spidops
|upkeep
|
|t:|1760408625
|switch|p2a: Talonflame|Talonflame, F|100/100
|turn|9
|
|t:|1760408633
|move|p2a: Talonflame|Defog|p1a: Holy Copycat
|-unboost|p1a: Holy Copycat|evasion|1
|-sideend|p1: jakkuza|Spikes|[from] move: Defog|[of] p2a: Talonflame
|-sideend|p1: jakkuza|Toxic Spikes|[from] move: Defog|[of] p2a: Talonflame
|-sideend|p1: jakkuza|Stealth Rock|[from] move: Defog|[of] p2a: Talonflame
|-sideend|p1: jakkuza|Sticky Web|[from] move: Defog|[of] p2a: Talonflame
|-sideend|p2: Salmonboyo|Spikes|[from] move: Defog|[of] p2a: Talonflame
|move|p1a: Holy Copycat|Spikes|p2a: Talonflame
|-sidestart|p2: Salmonboyo|Spikes
|
|upkeep
|turn|10
|c|☆Salmonboyo|shit
|c|☆Salmonboyo|forgot about that
|c|☆Salmonboyo|gooddd
|
|t:|1760408650
|switch|p1a: Holy Salt|Garganacl, F|100/100
|move|p2a: Talonflame|Will-O-Wisp|p1a: Holy Salt|[miss]
|-miss|p2a: Talonflame|p1a: Holy Salt
|
|upkeep
|turn|11
|c|☆Salmonboyo|why is it all holy 😭
|
|t:|1760408662
|move|p2a: Talonflame|Defog|p1a: Holy Salt
|-unboost|p1a: Holy Salt|evasion|1
|-sideend|p2: Salmonboyo|Spikes|[from] move: Defog|[of] p2a: Talonflame
|move|p1a: Holy Salt|Salt Cure|p2a: Talonflame
|-supereffective|p2a: Talonflame
|-damage|p2a: Talonflame|19/100
|-start|p2a: Talonflame|Salt Cure
|
|-damage|p2a: Talonflame|6/100|[from] Salt Cure
|upkeep
|turn|12
|c|☆jakkuza|isk
|c|☆jakkuza|idk
|c|☆jakkuza|i named the team the saints
|c|☆Salmonboyo|fair enough
|
|t:|1760408683
|switch|p2a: Sceptile|Sceptile, F|100/100
|move|p1a: Holy Salt|Iron Defense|p1a: Holy Salt
|-boost|p1a: Holy Salt|def|2
|
|upkeep
|turn|13
|
|t:|1760408692
|move|p2a: Sceptile|Sunny Day|p2a: Sceptile
|-weather|SunnyDay
|move|p1a: Holy Salt|Salt Cure|p2a: Sceptile
|-damage|p2a: Sceptile|82/100
|-start|p2a: Sceptile|Salt Cure
|-enditem|p2a: Sceptile|Red Card|[of] p1a: Holy Salt
|drag|p1a: Holy Copycat|Ditto, tera:Ghost|88/100
|-transform|p1a: Holy Copycat|p2a: Sceptile|[from] ability: Imposter
|
|-weather|SunnyDay|[upkeep]
|-damage|p2a: Sceptile|70/100|[from] Salt Cure
|upkeep
|turn|14
|inactive|jakkuza has 120 seconds left.
|
|t:|1760408728
|move|p2a: Sceptile|Solar Beam||[still]
|-prepare|p2a: Sceptile|Solar Beam
|-anim|p2a: Sceptile|Solar Beam|p1a: Holy Copycat
|-crit|p1a: Holy Copycat
|-damage|p1a: Holy Copycat|0 fnt
|faint|p1a: Holy Copycat
|
|-weather|SunnyDay|[upkeep]
|-damage|p2a: Sceptile|57/100|[from] Salt Cure
|upkeep
|
|t:|1760408740
|switch|p1a: Holy Warrior|Zamazenta|84/100
|turn|15
|
|t:|1760408746
|move|p2a: Sceptile|Solar Beam||[still]
|-prepare|p2a: Sceptile|Solar Beam
|-anim|p2a: Sceptile|Solar Beam|p1a: Holy Warrior
|-damage|p1a: Holy Warrior|29/100
|move|p1a: Holy Warrior|Fire Fang|p2a: Sceptile
|-supereffective|p2a: Sceptile
|-damage|p2a: Sceptile|0 fnt
|faint|p2a: Sceptile
|
|-weather|SunnyDay|[upkeep]
|upkeep
|
|t:|1760408763
|switch|p2a: Hydreigon|Hydreigon, F|100/100
|turn|16
|
|t:|1760408772
|move|p1a: Holy Warrior|Ice Fang|p2a: Hydreigon
|-supereffective|p2a: Hydreigon
|-crit|p2a: Hydreigon
|-damage|p2a: Hydreigon|16/100
|-enditem|p2a: Hydreigon|Salac Berry|[eat]
|-boost|p2a: Hydreigon|spe|1|[from] item: Salac Berry
|move|p2a: Hydreigon|Nasty Plot|p2a: Hydreigon
|-boost|p2a: Hydreigon|spa|2
|
|-weather|SunnyDay|[upkeep]
|upkeep
|turn|17
|
|t:|1760408784
|move|p2a: Hydreigon|Dark Pulse|p1a: Holy Warrior
|-resisted|p1a: Holy Warrior
|-damage|p1a: Holy Warrior|0 fnt
|faint|p1a: Holy Warrior
|
|-weather|none
|upkeep
|
|t:|1760408787
|switch|p1a: Holy Monkey|Rillaboom, F|100/100
|-fieldstart|move: Grassy Terrain|[from] ability: Grassy Surge|[of] p1a: Holy Monkey
|turn|18
|
|t:|1760408802
|move|p1a: Holy Monkey|Grassy Glide|p2a: Hydreigon
|-resisted|p2a: Hydreigon
|-damage|p2a: Hydreigon|0 fnt
|faint|p2a: Hydreigon
|
|upkeep
|
|t:|1760408807
|switch|p2a: Landorus|Landorus-Therian, M|21/100
|-ability|p2a: Landorus|Intimidate|boost
|-unboost|p1a: Holy Monkey|atk|1
|turn|19
|
|t:|1760408814
|move|p2a: Landorus|U-turn|p1a: Holy Monkey
|-supereffective|p1a: Holy Monkey
|-damage|p1a: Holy Monkey|41/100
|
|t:|1760408818
|switch|p2a: Talonflame|Talonflame, F|6/100|[from] U-turn
|move|p1a: Holy Monkey|Wood Hammer|p2a: Talonflame
|-resisted|p2a: Talonflame
|-damage|p2a: Talonflame|0 fnt
|faint|p2a: Talonflame
|-damage|p1a: Holy Monkey|39/100|[from] Recoil
|
|-heal|p1a: Holy Monkey|45/100|[from] Grassy Terrain
|-heal|p1a: Holy Monkey|51/100|[from] item: Leftovers
|upkeep
|
|t:|1760408824
|switch|p2a: Landorus|Landorus-Therian, M|21/100
|-ability|p2a: Landorus|Intimidate|boost
|-unboost|p1a: Holy Monkey|atk|1
|turn|20
|
|t:|1760408838
|switch|p1a: Holy Salt|Garganacl, F|100/100
|move|p2a: Landorus|U-turn|p1a: Holy Salt
|-damage|p1a: Holy Salt|81/100
|
|t:|1760408864
|switch|p2a: Kingambit|Kingambit, F|100/100|[from] U-turn
|-activate|p2a: Kingambit|ability: Supreme Overlord
|-start|p2a: Kingambit|fallen4|[silent]
|
|-heal|p1a: Holy Salt|88/100|[from] Grassy Terrain
|-heal|p1a: Holy Salt|94/100|[from] item: Leftovers
|upkeep
|turn|21
|
|t:|1760408879
|-end|p2a: Kingambit|fallen4|[silent]
|switch|p2a: Landorus|Landorus-Therian, M|21/100
|-ability|p2a: Landorus|Intimidate|boost
|-unboost|p1a: Holy Salt|atk|1
|move|p1a: Holy Salt|Iron Defense|p1a: Holy Salt
|-boost|p1a: Holy Salt|def|2
|
|-heal|p1a: Holy Salt|99/100|[from] Grassy Terrain
|-heal|p1a: Holy Salt|100/100|[from] item: Leftovers
|upkeep
|turn|22
|
|t:|1760408890
|move|p2a: Landorus|Taunt|p1a: Holy Salt
|-start|p1a: Holy Salt|move: Taunt
|cant|p1a: Holy Salt|move: Taunt|Iron Defense
|
|-fieldend|move: Grassy Terrain
|upkeep
|turn|23
|
|t:|1760408897
|move|p2a: Landorus|Earthquake|p1a: Holy Salt
|-supereffective|p1a: Holy Salt
|-damage|p1a: Holy Salt|64/100
|move|p1a: Holy Salt|Body Press|p2a: Landorus
|-resisted|p2a: Landorus
|-damage|p2a: Landorus|0 fnt
|-damage|p1a: Holy Salt|48/100|[from] item: Rocky Helmet|[of] p2a: Landorus
|faint|p2a: Landorus
|
|-heal|p1a: Holy Salt|54/100|[from] item: Leftovers
|upkeep
|
|t:|1760408903
|switch|p2a: Kingambit|Kingambit, F|100/100
|-activate|p2a: Kingambit|ability: Supreme Overlord
|-start|p2a: Kingambit|fallen5|[silent]
|turn|24
|
|t:|1760408911
|-terastallize|p2a: Kingambit|Dark
|move|p2a: Kingambit|Swords Dance|p2a: Kingambit
|-boost|p2a: Kingambit|atk|2
|move|p1a: Holy Salt|Salt Cure|p2a: Kingambit
|-damage|p2a: Kingambit|94/100
|-start|p2a: Kingambit|Salt Cure
|
|-heal|p1a: Holy Salt|60/100|[from] item: Leftovers
|-damage|p2a: Kingambit|81/100|[from] Salt Cure
|-end|p1a: Holy Salt|move: Taunt
|upkeep
|turn|25
|
|t:|1760408925
|move|p2a: Kingambit|Iron Head|p1a: Holy Salt
|-supereffective|p1a: Holy Salt
|-damage|p1a: Holy Salt|0 fnt
|faint|p1a: Holy Salt
|
|-damage|p2a: Kingambit|69/100|[from] Salt Cure
|upkeep
|
|t:|1760408936
|switch|p1a: Holy Monkey|Rillaboom, F|51/100
|-fieldstart|move: Grassy Terrain|[from] ability: Grassy Surge|[of] p1a: Holy Monkey
|turn|26
|
|t:|1760408942
|move|p1a: Holy Monkey|Grassy Glide|p2a: Kingambit
|-damage|p2a: Kingambit|41/100
|move|p2a: Kingambit|Sucker Punch||[still]
|-fail|p2a: Kingambit
|
|-heal|p1a: Holy Monkey|57/100|[from] Grassy Terrain
|-heal|p1a: Holy Monkey|64/100|[from] item: Leftovers
|-heal|p2a: Kingambit|47/100|[from] Grassy Terrain
|-damage|p2a: Kingambit|35/100|[from] Salt Cure
|upkeep
|turn|27
|
|t:|1760408952
|move|p1a: Holy Monkey|Grassy Glide|p2a: Kingambit
|-damage|p2a: Kingambit|8/100
|move|p2a: Kingambit|Kowtow Cleave|p1a: Holy Monkey
|-damage|p1a: Holy Monkey|0 fnt
|faint|p1a: Holy Monkey
|
|-heal|p2a: Kingambit|14/100|[from] Grassy Terrain
|-damage|p2a: Kingambit|2/100|[from] Salt Cure
|upkeep
|c|☆Salmonboyo|gg
|
|t:|1760408958
|switch|p1a: Holy Resurrection|Pawmot, F|100/100
|turn|28
|
|t:|1760408964
|move|p1a: Holy Resurrection|Revival Blessing|p1a: Holy Resurrection
|
|t:|1760408967
|-heal|p1: Holy Copycat|50/100|[from] move: Revival Blessing
|move|p2a: Kingambit|Kowtow Cleave|p1a: Holy Resurrection
|-resisted|p1a: Holy Resurrection
|-damage|p1a: Holy Resurrection|0 fnt
|-damage|p2a: Kingambit|0 fnt|[from] item: Rocky Helmet|[of] p1a: Holy Resurrection
|faint|p1a: Holy Resurrection
|faint|p2a: Kingambit
|-end|p2a: Kingambit|fallen5|[silent]
|
|win|jakkuza
|raw|jakkuza's rating: 1168 &rarr; <strong>1193</strong><br />(+25 for winning)
|raw|Salmonboyo's rating: 1169 &rarr; <strong>1144</strong><br />(-25 for losing)
|l|☆Salmonboyo
|player|p2|
|c|☆jakkuza|gg
|l|☆jakkuza
|player|p1|
