|j|☆Megumin's Husband
|j|☆Yz99999
|t:|1760446529
|gametype|singles
|player|p1|Megumin's Husband|alder|1616
|player|p2|Yz99999|102|1548
|gen|9
|tier|[Gen 9] OU
|rated|
|rule|HP Percentage Mod: HP is shown in percentages
|rule|Endless Battle Clause: Forcing endless battles is banned
|rule|Species Clause: Limit one of each Pokémon
|rule|OHKO Clause: OHKO moves are banned
|rule|Evasion Items Clause: Evasion items are banned
|rule|Evasion Moves Clause: Evasion moves are banned
|rule|Evasion Abilities Clause: Evasion abilities are banned
|rule|Sleep Moves Clause: Sleep-inducing moves are banned
|clearpoke
|poke|p1|Pecharunt|
|poke|p1|Primarina, F|
|poke|p1|Heatran, M|
|poke|p1|Great Tusk|
|poke|p1|Weavile, F|
|poke|p1|Ogerpon, F|
|poke|p2|Garganacl, F|
|poke|p2|Corviknight, F|
|poke|p2|Great Tusk|
|poke|p2|Scizor, F|
|poke|p2|Raging Bolt|
|poke|p2|Maushold|
|teampreview
|inactive|Battle timer is ON: inactive players will automatically lose when time's up. (requested by Megumin's Husband)
|
|t:|1760446540
|teamsize|p1|6
|teamsize|p2|6
|start
|switch|p1a: Yamawaro|Ogerpon, F|100/100
|switch|p2a: Raging Bolt|Raging Bolt|100/100
|turn|1
|
|t:|1760446544
|move|p1a: Yamawaro|U-turn|p2a: Raging Bolt
|-damage|p2a: Raging Bolt|71/100
|
|t:|1760446546
|switch|p1a: Primarina|Primarina, F|100/100|[from] U-turn
|move|p2a: Raging Bolt|Draco Meteor|p1a: Primarina
|-immune|p1a: Primarina
|
|upkeep
|turn|2
|
|t:|1760446550
|-end|p2a: Raging Bolt|Protosynthesis|[silent]
|switch|p2a: Corviknight|Corviknight, F|100/100
|-ability|p2a: Corviknight|Pressure
|move|p1a: Primarina|Flip Turn|p2a: Corviknight
|-damage|p2a: Corviknight|88/100
|-damage|p1a: Primarina|84/100|[from] item: Rocky Helmet|[of] p2a: Corviknight
|
|t:|1760446553
|switch|p1a: Great Tusk|Great Tusk|100/100|[from] Flip Turn
|
|upkeep
|turn|3
|
|t:|1760446555
|move|p1a: Great Tusk|Knock Off|p2a: Corviknight
|-damage|p2a: Corviknight|60/100
|-damage|p1a: Great Tusk|84/100|[from] item: Rocky Helmet|[of] p2a: Corviknight
|-enditem|p2a: Corviknight|Rocky Helmet|[from] move: Knock Off|[of] p1a: Great Tusk
|move|p2a: Corviknight|Brave Bird|p1a: Great Tusk
|-supereffective|p1a: Great Tusk
|-damage|p1a: Great Tusk|29/100
|-damage|p2a: Corviknight|43/100|[from] Recoil
|
|upkeep
|turn|4
|
|t:|1760446563
|-end|p1a: Great Tusk|Protosynthesis|[silent]
|switch|p1a: Heatran|Heatran, M, shiny|100/100
|-item|p1a: Heatran|Air Balloon
|move|p2a: Corviknight|U-turn|p1a: Heatran
|-resisted|p1a: Heatran
|-damage|p1a: Heatran|98/100
|-enditem|p1a: Heatran|Air Balloon
|
|t:|1760446567
|switch|p2a: Great Tusk|Great Tusk|100/100|[from] U-turn
|
|upkeep
|turn|5
|
|t:|1760446581
|switch|p1a: Yamawaro|Ogerpon, F|100/100
|move|p2a: Great Tusk|Headlong Rush|p1a: Yamawaro
|-resisted|p1a: Yamawaro
|-damage|p1a: Yamawaro|58/100
|-unboost|p2a: Great Tusk|def|1
|-unboost|p2a: Great Tusk|spd|1
|
|upkeep
|turn|6
|
|t:|1760446587
|switch|p1a: Chomusuke|Weavile, F|100/100
|-ability|p1a: Chomusuke|Pressure
|-end|p2a: Great Tusk|Protosynthesis|[silent]
|switch|p2a: Corviknight|Corviknight, F|43/100
|-ability|p2a: Corviknight|Pressure
|
|upkeep
|turn|7
|
|t:|1760446589
|move|p1a: Chomusuke|Triple Axel|p2a: Corviknight
|-damage|p2a: Corviknight|30/100
|-damage|p2a: Corviknight|8/100
|-damage|p2a: Corviknight|0 fnt
|faint|p2a: Corviknight
|-hitcount|p2: Corviknight|3
|
|upkeep
|
|t:|1760446591
|switch|p2a: Scizor|Scizor, F|100/100
|turn|8
|
|t:|1760446594
|switch|p1a: Pecharunt|Pecharunt|100/100
|move|p2a: Scizor|U-turn|p1a: Pecharunt
|-resisted|p1a: Pecharunt
|-damage|p1a: Pecharunt|94/100
|-damage|p2a: Scizor|84/100|[from] item: Rocky Helmet|[of] p1a: Pecharunt
|
|t:|1760446598
|switch|p2a: Garganacl|Garganacl, F|100/100|[from] U-turn
|
|upkeep
|turn|9
|
|t:|1760446602
|move|p1a: Pecharunt|Parting Shot|p2a: Garganacl
|-unboost|p2a: Garganacl|atk|1
|-unboost|p2a: Garganacl|spa|1
|
|t:|1760446606
|switch|p1a: Great Tusk|Great Tusk|29/100|[from] Parting Shot
|move|p2a: Garganacl|Salt Cure|p1a: Great Tusk
|-resisted|p1a: Great Tusk
|-damage|p1a: Great Tusk|27/100
|-start|p1a: Great Tusk|Salt Cure
|
|-damage|p1a: Great Tusk|15/100|[from] Salt Cure
|upkeep
|turn|10
|
|t:|1760446609
|switch|p2a: Great Tusk|Great Tusk|100/100
|move|p1a: Great Tusk|Knock Off|p2a: Great Tusk
|-resisted|p2a: Great Tusk
|-damage|p2a: Great Tusk|89/100
|-enditem|p2a: Great Tusk|Heavy-Duty Boots|[from] move: Knock Off|[of] p1a: Great Tusk
|
|-damage|p1a: Great Tusk|3/100|[from] Salt Cure
|upkeep
|turn|11
|
|t:|1760446619
|-end|p1a: Great Tusk|Protosynthesis|[silent]
|switch|p1a: Yamawaro|Ogerpon, F|58/100
|move|p2a: Great Tusk|Ice Spinner|p1a: Yamawaro
|-supereffective|p1a: Yamawaro
|-damage|p1a: Yamawaro|0 fnt
|faint|p1a: Yamawaro
|
|upkeep
|
|t:|1760446624
|switch|p1a: Chomusuke|Weavile, F|100/100
|-ability|p1a: Chomusuke|Pressure
|turn|12
|
|t:|1760446628
|-end|p2a: Great Tusk|Protosynthesis|[silent]
|switch|p2a: Scizor|Scizor, F|84/100
|move|p1a: Chomusuke|Low Kick|p2a: Scizor
|-damage|p2a: Scizor|38/100
|
|upkeep
|turn|13
|
|t:|1760446634
|switch|p1a: Pecharunt|Pecharunt|94/100
|move|p2a: Scizor|U-turn|p1a: Pecharunt
|-resisted|p1a: Pecharunt
|-damage|p1a: Pecharunt|88/100
|-damage|p2a: Scizor|21/100|[from] item: Rocky Helmet|[of] p1a: Pecharunt
|
|t:|1760446637
|switch|p2a: Raging Bolt|Raging Bolt|71/100|[from] U-turn
|
|upkeep
|turn|14
|
|t:|1760446642
|switch|p1a: Great Tusk|Great Tusk|3/100
|move|p2a: Raging Bolt|Draco Meteor|p1a: Great Tusk
|-damage|p1a: Great Tusk|0 fnt
|-unboost|p2a: Raging Bolt|spa|2
|faint|p1a: Great Tusk
|-end|p1a: Great Tusk|Protosynthesis|[silent]
|
|upkeep
|
|t:|1760446646
|switch|p1a: Chomusuke|Weavile, F|100/100
|-ability|p1a: Chomusuke|Pressure
|turn|15
|
|t:|1760446650
|-end|p2a: Raging Bolt|Protosynthesis|[silent]
|switch|p2a: Scizor|Scizor, F|21/100
|move|p1a: Chomusuke|Triple Axel|p2a: Scizor
|-resisted|p2a: Scizor
|-damage|p2a: Scizor|14/100
|-resisted|p2a: Scizor
|-damage|p2a: Scizor|0 fnt
|faint|p2a: Scizor
|-hitcount|p2: Scizor|2
|
|upkeep
|
|t:|1760446651
|switch|p2a: Garganacl|Garganacl, F|100/100
|turn|16
|
|t:|1760446655
|switch|p1a: Primarina|Primarina, F|84/100
|-terastallize|p2a: Garganacl|Fairy
|move|p2a: Garganacl|Salt Cure|p1a: Primarina
|-damage|p1a: Primarina|66/100
|-start|p1a: Primarina|Salt Cure
|
|-damage|p1a: Primarina|41/100|[from] Salt Cure
|upkeep
|turn|17
|
|t:|1760446660
|switch|p1a: Pecharunt|Pecharunt|88/100
|move|p2a: Garganacl|Protect||[still]
|-fail|p2a: Garganacl
|
|upkeep
|turn|18
|
|t:|1760446664
|move|p1a: Pecharunt|Malignant Chain|p2a: Garganacl
|-supereffective|p2a: Garganacl
|-damage|p2a: Garganacl|57/100
|move|p2a: Garganacl|Salt Cure|p1a: Pecharunt
|-damage|p1a: Pecharunt|81/100
|-start|p1a: Pecharunt|Salt Cure
|
|-heal|p2a: Garganacl|64/100|[from] item: Leftovers
|-damage|p1a: Pecharunt|69/100|[from] Salt Cure
|upkeep
|turn|19
|
|t:|1760446670
|move|p1a: Pecharunt|Parting Shot|p2a: Garganacl
|-unboost|p2a: Garganacl|atk|1
|-unboost|p2a: Garganacl|spa|1
|
|t:|1760446671
|switch|p1a: Primarina|Primarina, F|41/100|[from] Parting Shot
|move|p2a: Garganacl|Recover|p2a: Garganacl
|-heal|p2a: Garganacl|100/100
|
|upkeep
|turn|20
|
|t:|1760446675
|move|p1a: Primarina|Psychic Noise|p2a: Garganacl
|-damage|p2a: Garganacl|83/100
|-start|p2a: Garganacl|move: Heal Block
|move|p2a: Garganacl|Salt Cure|p1a: Primarina
|-damage|p1a: Primarina|29/100
|-start|p1a: Primarina|Salt Cure
|
|-damage|p1a: Primarina|4/100|[from] Salt Cure
|upkeep
|turn|21
|
|t:|1760446683
|move|p1a: Primarina|Moonblast|p2a: Garganacl
|-damage|p2a: Garganacl|47/100
|move|p2a: Garganacl|Salt Cure|p1a: Primarina
|-damage|p1a: Primarina|0 fnt
|faint|p1a: Primarina
|
|-end|p2a: Garganacl|move: Heal Block
|upkeep
|
|t:|1760446689
|switch|p1a: Chomusuke|Weavile, F|100/100
|-ability|p1a: Chomusuke|Pressure
|turn|22
|
|t:|1760446696
|-terastallize|p1a: Chomusuke|Ice
|move|p2a: Garganacl|Protect|p2a: Garganacl
|-singleturn|p2a: Garganacl|Protect
|move|p1a: Chomusuke|Triple Axel|p2a: Garganacl
|-activate|p2a: Garganacl|move: Protect
|
|-heal|p2a: Garganacl|53/100|[from] item: Leftovers
|upkeep
|turn|23
|
|t:|1760446702
|move|p1a: Chomusuke|Triple Axel|p2a: Garganacl
|-damage|p2a: Garganacl|41/100
|-damage|p2a: Garganacl|12/100
|-hitcount|p2a: Garganacl|2
|move|p2a: Garganacl|Salt Cure|p1a: Chomusuke
|-supereffective|p1a: Chomusuke
|-damage|p1a: Chomusuke|71/100
|-start|p1a: Chomusuke|Salt Cure
|
|-heal|p2a: Garganacl|18/100|[from] item: Leftovers
|-damage|p1a: Chomusuke|58/100|[from] Salt Cure
|upkeep
|turn|24
|
|t:|1760446710
|switch|p1a: Pecharunt|Pecharunt|69/100
|move|p2a: Garganacl|Protect||[still]
|-fail|p2a: Garganacl
|
|-heal|p2a: Garganacl|25/100|[from] item: Leftovers
|upkeep
|turn|25
|
|t:|1760446711
|move|p2a: Garganacl|Protect|p2a: Garganacl
|-singleturn|p2a: Garganacl|Protect
|move|p1a: Pecharunt|Malignant Chain|p2a: Garganacl
|-activate|p2a: Garganacl|move: Protect
|
|-heal|p2a: Garganacl|31/100|[from] item: Leftovers
|upkeep
|turn|26
|
|t:|1760446714
|switch|p2a: Great Tusk|Great Tusk|89/100
|move|p1a: Pecharunt|Malignant Chain|p2a: Great Tusk
|-resisted|p2a: Great Tusk
|-damage|p2a: Great Tusk|67/100
|
|upkeep
|turn|27
|
|t:|1760446719
|move|p2a: Great Tusk|Headlong Rush|p1a: Pecharunt
|-supereffective|p1a: Pecharunt
|-damage|p1a: Pecharunt|8/100
|-unboost|p2a: Great Tusk|def|1
|-unboost|p2a: Great Tusk|spd|1
|-damage|p2a: Great Tusk|50/100|[from] item: Rocky Helmet|[of] p1a: Pecharunt
|move|p1a: Pecharunt|Recover|p1a: Pecharunt
|-heal|p1a: Pecharunt|59/100
|
|upkeep
|turn|28
|
|t:|1760446726
|switch|p1a: Heatran|Heatran, M, shiny|98/100
|move|p2a: Great Tusk|Headlong Rush|p1a: Heatran
|-supereffective|p1a: Heatran
|-damage|p1a: Heatran|0 fnt
|-unboost|p2a: Great Tusk|def|1
|-unboost|p2a: Great Tusk|spd|1
|faint|p1a: Heatran
|
|upkeep
|
|t:|1760446730
|switch|p1a: Chomusuke|Weavile, F, tera:Ice|58/100
|-ability|p1a: Chomusuke|Pressure
|turn|29
|
|t:|1760446732
|move|p1a: Chomusuke|Triple Axel|p2a: Great Tusk
|-supereffective|p2a: Great Tusk
|-damage|p2a: Great Tusk|0 fnt
|faint|p2a: Great Tusk
|-end|p2a: Great Tusk|Protosynthesis|[silent]
|-hitcount|p2: Great Tusk|1
|
|upkeep
|
|t:|1760446735
|switch|p2a: Raging Bolt|Raging Bolt|71/100
|turn|30
|
|t:|1760446738
|move|p1a: Chomusuke|Triple Axel|p2a: Raging Bolt
|-supereffective|p2a: Raging Bolt
|-damage|p2a: Raging Bolt|36/100
|-supereffective|p2a: Raging Bolt
|-crit|p2a: Raging Bolt
|-damage|p2a: Raging Bolt|0 fnt
|faint|p2a: Raging Bolt
|-end|p2a: Raging Bolt|Protosynthesis|[silent]
|-hitcount|p2: Raging Bolt|2
|
|upkeep
|
|t:|1760446740
|switch|p2a: Garganacl|Garganacl, F, tera:Fairy|31/100
|turn|31
|
|t:|1760446742
|move|p2a: Garganacl|Protect|p2a: Garganacl
|-singleturn|p2a: Garganacl|Protect
|move|p1a: Chomusuke|Triple Axel|p2a: Garganacl
|-activate|p2a: Garganacl|move: Protect
|
|-heal|p2a: Garganacl|37/100|[from] item: Leftovers
|upkeep
|turn|32
|
|t:|1760446745
|move|p1a: Chomusuke|Triple Axel|p2a: Garganacl
|-damage|p2a: Garganacl|24/100
|-damage|p2a: Garganacl|0 fnt
|faint|p2a: Garganacl
|-hitcount|p2: Garganacl|2
|
|upkeep
|
|t:|1760446746
|switch|p2a: Maushold|Maushold|100/100
|turn|33
|
|t:|1760446750
|move|p1a: Chomusuke|Triple Axel|p2a: Maushold
|-damage|p2a: Maushold|71/100
|-damage|p2a: Maushold|11/100
|-hitcount|p2a: Maushold|2
|move|p2a: Maushold|Tidy Up|p2a: Maushold
|-boost|p2a: Maushold|atk|1
|-boost|p2a: Maushold|spe|1
|
|upkeep
|turn|34
|
|t:|1760446756
|move|p2a: Maushold|Population Bomb|p1a: Chomusuke
|-damage|p1a: Chomusuke|29/100
|-damage|p1a: Chomusuke|1/100
|-damage|p1a: Chomusuke|0 fnt
|faint|p1a: Chomusuke
|-hitcount|p1: Chomusuke|3
|
|upkeep
|
|t:|1760446761
|switch|p1a: Pecharunt|Pecharunt|59/100
|turn|35
|-message|Yz99999 forfeited.
|
|win|Megumin's Husband
|raw|Megumin&apos;s Husband's rating: 1616 &rarr; <strong>1631</strong><br />(+15 for winning)
|raw|Yz99999's rating: 1531 &rarr; <strong>1516</strong><br />(-15 for losing)
|l|☆Yz99999
|player|p2|
|l|☆Megumin's Husband
|player|p1|
