|j|☆xWolfmanxx
|j|☆OUOG Sindicate
|t:|1760305873
|gametype|singles
|player|p1|xWolfmanxx|dawn-gen4pt|1312
|player|p2|OUOG Sindicate|265|1413
|gen|9
|tier|[Gen 9] OU
|rated|
|rule|HP Percentage Mod: HP is shown in percentages
|rule|Endless Battle Clause: Forcing endless battles is banned
|rule|Species Clause: Limit one of each Pokémon
|rule|OHKO Clause: OHKO moves are banned
|rule|Evasion Items Clause: Evasion items are banned
|rule|Evasion Moves Clause: Evasion moves are banned
|rule|Evasion Abilities Clause: Evasion abilities are banned
|rule|Sleep Moves Clause: Sleep-inducing moves are banned
|clearpoke
|poke|p1|Porygon2|
|poke|p1|Reuniclus, M|
|poke|p1|Ursaluna, F|
|poke|p1|Hatterene, F|
|poke|p1|Tinkaton, F|
|poke|p1|Slowking-Galar, F|
|poke|p2|Tinkaton, F|
|poke|p2|Kyurem|
|poke|p2|Landorus-Therian, M|
|poke|p2|Ogerpon-Wellspring, F|
|poke|p2|Great Tusk|
|poke|p2|Kingambit, M|
|teampreview
|inactive|Battle timer is ON: inactive players will automatically lose when time's up. (requested by OUOG Sindicate)
|
|t:|1760305906
|teamsize|p1|6
|teamsize|p2|6
|start
|switch|p1a: Porygon2|Porygon2|100/100
|switch|p2a: Kyurem|Kyurem|100/100
|-ability|p2a: Kyurem|Pressure
|-ability|p1a: Porygon2|Pressure|Trace|[from] ability: Trace|[of] p2a: Kyurem
|-ability|p1a: Porygon2|Pressure
|turn|1
|
|t:|1760305916
|switch|p2a: Tinkaton|Tinkaton, F|100/100
|-ability|p2a: Tinkaton|Mold Breaker
|-item|p2a: Tinkaton|Air Balloon
|move|p1a: Porygon2|Trick Room|p1a: Porygon2
|-fieldstart|move: Trick Room|[of] p1a: Porygon2
|
|upkeep
|turn|2
|
|t:|1760305929
|switch|p1a: Ursaluna|Ursaluna, F|100/100
|move|p2a: Tinkaton|Stealth Rock|p1a: Ursaluna
|-sidestart|p1: xWolfmanxx|move: Stealth Rock
|
|upkeep
|turn|3
|
|t:|1760305936
|move|p1a: Ursaluna|Swords Dance|p1a: Ursaluna
|-boost|p1a: Ursaluna|atk|2
|move|p2a: Tinkaton|Encore|p1a: Ursaluna
|-start|p1a: Ursaluna|Encore
|
|upkeep
|turn|4
|
|t:|1760305951
|switch|p1a: Tinkaton|Tinkaton, F|100/100
|-damage|p1a: Tinkaton|94/100|[from] Stealth Rock
|-item|p1a: Tinkaton|Air Balloon
|move|p2a: Tinkaton|Gigaton Hammer|p1a: Tinkaton
|-damage|p1a: Tinkaton|48/100
|-enditem|p1a: Tinkaton|Air Balloon
|
|upkeep
|turn|5
|
|t:|1760305969
|switch|p2a: Great Tusk|Great Tusk|100/100
|move|p1a: Tinkaton|Knock Off|p2a: Great Tusk
|-resisted|p2a: Great Tusk
|-damage|p2a: Great Tusk|94/100
|-enditem|p2a: Great Tusk|Leftovers|[from] move: Knock Off|[of] p1a: Tinkaton
|
|-fieldend|move: Trick Room
|upkeep
|turn|6
|
|t:|1760305984
|switch|p1a: Porygon2|Porygon2|100/100
|-damage|p1a: Porygon2|88/100|[from] Stealth Rock
|move|p2a: Great Tusk|Earthquake|p1a: Porygon2
|-damage|p1a: Porygon2|61/100
|
|upkeep
|turn|7
|
|t:|1760305994
|-end|p2a: Great Tusk|Protosynthesis|[silent]
|switch|p2a: Kingambit|Kingambit, M|100/100
|-ability|p1a: Porygon2|Supreme Overlord|Trace|[from] ability: Trace|[of] p2a: Kingambit
|move|p1a: Porygon2|Ice Beam|p2a: Kingambit
|-resisted|p2a: Kingambit
|-damage|p2a: Kingambit|89/100
|
|upkeep
|turn|8
|
|t:|1760306005
|move|p2a: Kingambit|Swords Dance|p2a: Kingambit
|-boost|p2a: Kingambit|atk|2
|move|p1a: Porygon2|Trick Room|p1a: Porygon2
|-fieldstart|move: Trick Room|[of] p1a: Porygon2
|
|upkeep
|turn|9
|
|t:|1760306016
|move|p1a: Porygon2|Recover|p1a: Porygon2
|-heal|p1a: Porygon2|100/100
|move|p2a: Kingambit|Kowtow Cleave|p1a: Porygon2
|-damage|p1a: Porygon2|19/100
|
|upkeep
|turn|10
|
|t:|1760306026
|move|p2a: Kingambit|Sucker Punch|p1a: Porygon2
|-damage|p1a: Porygon2|0 fnt
|faint|p1a: Porygon2
|-end|p1a: Porygon2|fallenundefined|[silent]
|
|upkeep
|
|t:|1760306037
|switch|p1a: Reuniclus|Reuniclus, M|100/100
|turn|11
|
|t:|1760306049
|-end|p2a: Kingambit|fallenundefined|[silent]
|switch|p2a: Landorus|Landorus-Therian, M|100/100
|-ability|p2a: Landorus|Intimidate|boost
|-unboost|p1a: Reuniclus|atk|1
|-terastallize|p1a: Reuniclus|Fairy
|move|p1a: Reuniclus|Focus Blast|p2a: Landorus|[miss]
|-miss|p1a: Reuniclus|p2a: Landorus
|
|upkeep
|turn|12
|
|t:|1760306059
|move|p1a: Reuniclus|Calm Mind|p1a: Reuniclus
|-boost|p1a: Reuniclus|spa|1
|-boost|p1a: Reuniclus|spd|1
|move|p2a: Landorus|U-turn|p1a: Reuniclus
|-resisted|p1a: Reuniclus
|-damage|p1a: Reuniclus|91/100
|
|t:|1760306064
|switch|p2a: Tinkaton|Tinkaton, F|100/100|[from] U-turn
|-ability|p2a: Tinkaton|Mold Breaker
|-item|p2a: Tinkaton|Air Balloon
|
|-fieldend|move: Trick Room
|upkeep
|turn|13
|
|t:|1760306071
|move|p2a: Tinkaton|Encore|p1a: Reuniclus
|-start|p1a: Reuniclus|Encore
|move|p1a: Reuniclus|Calm Mind|p1a: Reuniclus
|-boost|p1a: Reuniclus|spa|1
|-boost|p1a: Reuniclus|spd|1
|
|upkeep
|turn|14
|
|t:|1760306080
|move|p2a: Tinkaton|Gigaton Hammer|p1a: Reuniclus
|-supereffective|p1a: Reuniclus
|-damage|p1a: Reuniclus|36/100
|move|p1a: Reuniclus|Calm Mind|p1a: Reuniclus
|-boost|p1a: Reuniclus|spa|1
|-boost|p1a: Reuniclus|spd|1
|
|upkeep
|turn|15
|
|t:|1760306094
|switch|p1a: Slowking|Slowking-Galar, F|100/100
|-damage|p1a: Slowking|88/100|[from] Stealth Rock
|move|p2a: Tinkaton|Thunder Wave|p1a: Slowking
|-status|p1a: Slowking|par
|
|-heal|p1a: Slowking|94/100 par|[from] item: Leftovers
|upkeep
|turn|16
|
|t:|1760306106
|move|p2a: Tinkaton|Gigaton Hammer|p1a: Slowking
|-damage|p1a: Slowking|63/100 par
|move|p1a: Slowking|Trick Room|p1a: Slowking
|-fieldstart|move: Trick Room|[of] p1a: Slowking
|
|-heal|p1a: Slowking|70/100 par|[from] item: Leftovers
|upkeep
|turn|17
|
|t:|1760306119
|switch|p2a: Great Tusk|Great Tusk|94/100
|-prepare|p1a: Slowking|Chilly Reception|[premajor]
|move|p1a: Slowking|Chilly Reception|p1a: Slowking
|-weather|Snowscape
|
|t:|1760306139
|switch|p1a: Ursaluna|Ursaluna, F|100/100|[from] Chilly Reception
|-damage|p1a: Ursaluna|94/100|[from] Stealth Rock
|
|-weather|Snowscape|[upkeep]
|-heal|p1a: Ursaluna|100/100|[from] item: Leftovers
|upkeep
|turn|18
|
|t:|1760306150
|move|p1a: Ursaluna|Swords Dance|p1a: Ursaluna
|-boost|p1a: Ursaluna|atk|2
|move|p2a: Great Tusk|Ice Spinner|p1a: Ursaluna
|-supereffective|p1a: Ursaluna
|-damage|p1a: Ursaluna|70/100
|
|-weather|Snowscape|[upkeep]
|-heal|p1a: Ursaluna|77/100|[from] item: Leftovers
|upkeep
|turn|19
|
|t:|1760306161
|move|p1a: Ursaluna|Facade|p2a: Great Tusk
|-damage|p2a: Great Tusk|53/100
|move|p2a: Great Tusk|Ice Spinner|p1a: Ursaluna
|-supereffective|p1a: Ursaluna
|-damage|p1a: Ursaluna|42/100
|
|-weather|Snowscape|[upkeep]
|-heal|p1a: Ursaluna|48/100|[from] item: Leftovers
|upkeep
|turn|20
|
|t:|1760306168
|move|p1a: Ursaluna|Earthquake|p2a: Great Tusk
|-damage|p2a: Great Tusk|0 fnt
|faint|p2a: Great Tusk
|-end|p2a: Great Tusk|Protosynthesis|[silent]
|
|-weather|Snowscape|[upkeep]
|-heal|p1a: Ursaluna|55/100|[from] item: Leftovers
|-fieldend|move: Trick Room
|upkeep
|
|t:|1760306195
|switch|p2a: Kyurem|Kyurem|100/100
|-ability|p2a: Kyurem|Pressure
|turn|21
|
|t:|1760306203
|switch|p1a: Slowking|Slowking-Galar, F|100/100 par
|-damage|p1a: Slowking|88/100 par|[from] Stealth Rock
|-terastallize|p2a: Kyurem|Steel
|move|p2a: Kyurem|Flash Cannon|p1a: Slowking
|-damage|p1a: Slowking|36/100 par
|
|-weather|none
|-heal|p1a: Slowking|42/100 par|[from] item: Leftovers
|upkeep
|turn|22
|
|t:|1760306224
|switch|p1a: Reuniclus|Reuniclus, M, tera:Fairy|36/100
|move|p2a: Kyurem|Flash Cannon|p1a: Reuniclus
|-supereffective|p1a: Reuniclus
|-damage|p1a: Reuniclus|0 fnt
|faint|p1a: Reuniclus
|
|upkeep
|
|t:|1760306234
|switch|p1a: Slowking|Slowking-Galar, F|76/100 par
|-damage|p1a: Slowking|63/100 par|[from] Stealth Rock
|turn|23
|
|t:|1760306255
|switch|p2a: Kingambit|Kingambit, M|89/100
|-activate|p2a: Kingambit|ability: Supreme Overlord
|-start|p2a: Kingambit|fallen1|[silent]
|move|p1a: Slowking|Trick Room|p1a: Slowking
|-fieldstart|move: Trick Room|[of] p1a: Slowking
|
|-heal|p1a: Slowking|69/100 par|[from] item: Leftovers
|upkeep
|turn|24
|
|t:|1760306265
|-prepare|p1a: Slowking|Chilly Reception|[premajor]
|cant|p1a: Slowking|par
|move|p2a: Kingambit|Swords Dance|p2a: Kingambit
|-boost|p2a: Kingambit|atk|2
|
|-heal|p1a: Slowking|75/100 par|[from] item: Leftovers
|upkeep
|turn|25
|
|t:|1760306272
|cant|p1a: Slowking|par
|move|p2a: Kingambit|Kowtow Cleave|p1a: Slowking
|-supereffective|p1a: Slowking
|-damage|p1a: Slowking|0 fnt
|faint|p1a: Slowking
|
|upkeep
|
|t:|1760306284
|switch|p1a: Ursaluna|Ursaluna, F|55/100
|-damage|p1a: Ursaluna|48/100|[from] Stealth Rock
|turn|26
|
|t:|1760306296
|move|p2a: Kingambit|Sucker Punch|p1a: Ursaluna
|-damage|p1a: Ursaluna|0 fnt
|faint|p1a: Ursaluna
|
|upkeep
|
|t:|1760306302
|switch|p1a: Tinkaton|Tinkaton, F|48/100
|-damage|p1a: Tinkaton|41/100|[from] Stealth Rock
|turn|27
|
|t:|1760306307
|move|p2a: Kingambit|Sucker Punch||[still]
|-fail|p2a: Kingambit
|move|p1a: Tinkaton|Stealth Rock|p2a: Kingambit
|-sidestart|p2: OUOG Sindicate|move: Stealth Rock
|
|-fieldend|move: Trick Room
|upkeep
|turn|28
|
|t:|1760306315
|move|p1a: Tinkaton|Swords Dance|p1a: Tinkaton
|-boost|p1a: Tinkaton|atk|2
|move|p2a: Kingambit|Kowtow Cleave|p1a: Tinkaton
|-resisted|p1a: Tinkaton
|-damage|p1a: Tinkaton|0 fnt
|faint|p1a: Tinkaton
|
|upkeep
|
|t:|1760306321
|switch|p1a: Hatterene|Hatterene, F|100/100
|-damage|p1a: Hatterene|88/100|[from] Stealth Rock
|turn|29
|
|t:|1760306325
|move|p2a: Kingambit|Kowtow Cleave|p1a: Hatterene
|-damage|p1a: Hatterene|0 fnt
|faint|p1a: Hatterene
|
|win|OUOG Sindicate
|raw|xWolfmanxx's rating: 1312 &rarr; <strong>1298</strong><br />(-14 for losing)
|raw|OUOG Sindicate's rating: 1413 &rarr; <strong>1427</strong><br />(+14 for winning)
|c|☆OUOG Sindicate|hey man if u want ur luna to do damage under tr u need it to have a flame orb jsyk
