|j|☆BrontVG
|j|☆witdflow
|t:|1760332801
|gametype|singles
|player|p1|BrontVG|266|1291
|player|p2|witdflow|norman|1321
|gen|9
|tier|[Gen 9] OU
|rated|
|rule|HP Percentage Mod: HP is shown in percentages
|rule|Endless Battle Clause: Forcing endless battles is banned
|rule|Species Clause: Limit one of each Pokémon
|rule|OHKO Clause: OHKO moves are banned
|rule|Evasion Items Clause: Evasion items are banned
|rule|Evasion Moves Clause: Evasion moves are banned
|rule|Evasion Abilities Clause: Evasion abilities are banned
|rule|Sleep Moves Clause: Sleep-inducing moves are banned
|clearpoke
|poke|p1|Garganacl, F|
|poke|p1|Dragapult, F|
|poke|p1|Ogerpon-Wellspring, F|
|poke|p1|Moltres|
|poke|p1|Zamazenta-*|
|poke|p1|Iron Treads|
|poke|p2|Clefable, F|
|poke|p2|Slowking-Galar, M|
|poke|p2|Alomomola, F|
|poke|p2|Ting-Lu|
|poke|p2|Ditto|
|poke|p2|Kyurem|
|teampreview
|inactive|Battle timer is ON: inactive players will automatically lose when time's up. (requested by BrontVG)
|
|t:|1760332807
|teamsize|p1|6
|teamsize|p2|6
|start
|switch|p1a: Iron Treads|Iron Treads|100/100
|switch|p2a: Ditto|Ditto|100/100
|-transform|p2a: Ditto|p1a: Iron Treads|[from] ability: Imposter
|turn|1
|
|t:|1760332831
|-end|p1a: Iron Treads|Quark Drive|[silent]
|switch|p1a: Moltres|Moltres|100/100
|move|p2a: Ditto|Earthquake|p1a: Moltres
|-immune|p1a: Moltres
|
|upkeep
|turn|2
|
|t:|1760332835
|-end|p2a: Ditto|Quark Drive|[silent]
|switch|p2a: Ting-Lu|Ting-Lu, shiny|100/100
|-ability|p2a: Ting-Lu|Vessel of Ruin
|move|p1a: Moltres|Will-O-Wisp|p2a: Ting-Lu
|-status|p2a: Ting-Lu|brn
|
|-damage|p2a: Ting-Lu|94/100 brn|[from] brn
|upkeep
|turn|3
|
|t:|1760332844
|move|p2a: Ting-Lu|Ruination|p1a: Moltres|[miss]
|-miss|p2a: Ting-Lu|p1a: Moltres
|move|p1a: Moltres|Roar|p2a: Ting-Lu
|drag|p2a: Ditto|Ditto|100/100
|-transform|p2a: Ditto|p1a: Moltres|[from] ability: Imposter
|
|upkeep
|turn|4
|
|t:|1760332855
|switch|p2a: Ting-Lu|Ting-Lu, shiny|94/100 brn
|-ability|p2a: Ting-Lu|Vessel of Ruin
|move|p1a: Moltres|Roar|p2a: Ting-Lu
|drag|p2a: Clefable|Clefable, F, shiny|100/100
|
|upkeep
|turn|5
|
|t:|1760332861
|switch|p2a: Ting-Lu|Ting-Lu, shiny|94/100 brn
|-ability|p2a: Ting-Lu|Vessel of Ruin
|move|p1a: Moltres|Will-O-Wisp|p2a: Ting-Lu
|-fail|p2a: Ting-Lu|brn
|
|-heal|p2a: Ting-Lu|100/100 brn|[from] item: Leftovers
|-damage|p2a: Ting-Lu|94/100 brn|[from] brn
|upkeep
|turn|6
|
|t:|1760332869
|switch|p1a: Garganacl|Garganacl, F|100/100
|move|p2a: Ting-Lu|Ruination|p1a: Garganacl
|-damage|p1a: Garganacl|51/100
|
|-heal|p2a: Ting-Lu|100/100 brn|[from] item: Leftovers
|-heal|p1a: Garganacl|57/100|[from] item: Leftovers
|-damage|p2a: Ting-Lu|94/100 brn|[from] brn
|upkeep
|turn|7
|
|t:|1760332879
|switch|p2a: Slowking|Slowking-Galar, M, shiny|100/100
|move|p1a: Garganacl|Iron Defense|p1a: Garganacl
|-boost|p1a: Garganacl|def|2
|
|-heal|p1a: Garganacl|63/100|[from] item: Leftovers
|upkeep
|turn|8
|
|t:|1760332883
|move|p1a: Garganacl|Salt Cure|p2a: Slowking
|-damage|p2a: Slowking|85/100
|-start|p2a: Slowking|Salt Cure
|move|p2a: Slowking|Future Sight|p1a: Garganacl
|-start|p2a: Slowking|move: Future Sight
|
|-heal|p1a: Garganacl|69/100|[from] item: Leftovers
|-heal|p2a: Slowking|91/100|[from] item: Leftovers
|-damage|p2a: Slowking|79/100|[from] Salt Cure
|upkeep
|turn|9
|
|t:|1760332896
|switch|p1a: Iron Treads|Iron Treads|100/100
|move|p2a: Slowking|Toxic Spikes|p1a: Iron Treads
|-sidestart|p1: BrontVG|move: Toxic Spikes
|
|-heal|p2a: Slowking|85/100|[from] item: Leftovers
|-damage|p2a: Slowking|73/100|[from] Salt Cure
|upkeep
|turn|10
|
|t:|1760332902
|switch|p2a: Alomomola|Alomomola, F|100/100
|move|p1a: Iron Treads|Rapid Spin|p2a: Alomomola
|-damage|p2a: Alomomola|94/100
|-boost|p1a: Iron Treads|spe|1
|-damage|p1a: Iron Treads|84/100|[from] item: Rocky Helmet|[of] p2a: Alomomola
|-sideend|p1: BrontVG|Toxic Spikes|[from] move: Rapid Spin|[of] p1a: Iron Treads
|
|-end|p1a: Iron Treads|move: Future Sight
|-resisted|p1a: Iron Treads
|-damage|p1a: Iron Treads|67/100
|-heal|p1a: Iron Treads|73/100|[from] item: Leftovers
|upkeep
|turn|11
|
|t:|1760332909
|move|p1a: Iron Treads|Knock Off|p2a: Alomomola
|-damage|p2a: Alomomola|80/100
|-damage|p1a: Iron Treads|56/100|[from] item: Rocky Helmet|[of] p2a: Alomomola
|-enditem|p2a: Alomomola|Rocky Helmet|[from] move: Knock Off|[of] p1a: Iron Treads
|move|p2a: Alomomola|Wish|p2a: Alomomola
|
|-heal|p1a: Iron Treads|62/100|[from] item: Leftovers
|upkeep
|turn|12
|
|t:|1760332914
|-end|p1a: Iron Treads|Quark Drive|[silent]
|switch|p1a: Ogerpon|Ogerpon-Wellspring, F|100/100
|move|p2a: Alomomola|Flip Turn|p1a: Ogerpon
|-immune|p1a: Ogerpon|[from] ability: Water Absorb
|
|-heal|p2a: Alomomola|100/100|[from] move: Wish|[wisher] Alomomola
|upkeep
|turn|13
|
|t:|1760332922
|switch|p2a: Slowking|Slowking-Galar, M, shiny|100/100
|move|p1a: Ogerpon|Swords Dance|p1a: Ogerpon
|-boost|p1a: Ogerpon|atk|2
|
|upkeep
|turn|14
|
|t:|1760332929
|move|p1a: Ogerpon|Ivy Cudgel|p2a: Slowking|[anim] Ivy Cudgel Water
|-damage|p2a: Slowking|0 fnt
|faint|p2a: Slowking
|
|upkeep
|
|t:|1760332933
|switch|p2a: Ditto|Ditto|100/100
|-transform|p2a: Ditto|p1a: Ogerpon|[from] ability: Imposter
|turn|15
|
|t:|1760332938
|switch|p1a: Dragapult|Dragapult, F|100/100
|move|p2a: Ditto|Trailblaze|p1a: Dragapult
|-resisted|p1a: Dragapult
|-damage|p1a: Dragapult|72/100
|-boost|p2a: Ditto|spe|1
|
|upkeep
|turn|16
|
|t:|1760332946
|move|p2a: Ditto|Ivy Cudgel|p1a: Dragapult|[anim] Ivy Cudgel Water
|-resisted|p1a: Dragapult
|-damage|p1a: Dragapult|14/100
|move|p1a: Dragapult|Will-O-Wisp|p2a: Ditto
|-status|p2a: Ditto|brn
|
|-damage|p2a: Ditto|94/100 brn|[from] brn
|upkeep
|turn|17
|
|t:|1760332956
|move|p2a: Ditto|Trailblaze|p1a: Dragapult
|-resisted|p1a: Dragapult
|-damage|p1a: Dragapult|1/100
|-boost|p2a: Ditto|spe|1
|move|p1a: Dragapult|Hex|p2a: Ditto
|-damage|p2a: Ditto|31/100 brn
|
|-damage|p2a: Ditto|25/100 brn|[from] brn
|upkeep
|turn|18
|
|t:|1760332968
|switch|p1a: Moltres|Moltres|100/100
|move|p2a: Ditto|Trailblaze|p1a: Moltres
|-resisted|p1a: Moltres
|-crit|p1a: Moltres
|-damage|p1a: Moltres|93/100
|-boost|p2a: Ditto|spe|1
|
|-damage|p2a: Ditto|19/100 brn|[from] brn
|upkeep
|turn|19
|
|t:|1760332975
|move|p2a: Ditto|Synthesis|p2a: Ditto
|-heal|p2a: Ditto|69/100 brn
|move|p1a: Moltres|Flamethrower|p2a: Ditto
|-damage|p2a: Ditto|24/100 brn
|
|-damage|p2a: Ditto|18/100 brn|[from] brn
|upkeep
|turn|20
|
|t:|1760332983
|move|p2a: Ditto|Synthesis|p2a: Ditto
|-heal|p2a: Ditto|68/100 brn
|move|p1a: Moltres|Roar|p2a: Ditto
|drag|p2a: Ting-Lu|Ting-Lu, shiny|94/100 brn
|-ability|p2a: Ting-Lu|Vessel of Ruin
|
|-heal|p2a: Ting-Lu|100/100 brn|[from] item: Leftovers
|-damage|p2a: Ting-Lu|94/100 brn|[from] brn
|upkeep
|turn|21
|
|t:|1760332994
|switch|p1a: Dragapult|Dragapult, F|1/100
|move|p2a: Ting-Lu|Ruination|p1a: Dragapult
|-damage|p1a: Dragapult|0 fnt
|faint|p1a: Dragapult
|
|-heal|p2a: Ting-Lu|100/100 brn|[from] item: Leftovers
|-damage|p2a: Ting-Lu|94/100 brn|[from] brn
|upkeep
|
|t:|1760332997
|switch|p1a: Zamazenta|Zamazenta|100/100
|-ability|p1a: Zamazenta|Dauntless Shield|boost
|-boost|p1a: Zamazenta|def|1
|turn|22
|
|t:|1760333001
|switch|p2a: Clefable|Clefable, F, shiny|100/100
|move|p1a: Zamazenta|Close Combat|p2a: Clefable
|-resisted|p2a: Clefable
|-damage|p2a: Clefable|67/100
|-unboost|p1a: Zamazenta|def|1
|-unboost|p1a: Zamazenta|spd|1
|
|-heal|p2a: Clefable|73/100|[from] item: Leftovers
|upkeep
|turn|23
|
|t:|1760333007
|move|p1a: Zamazenta|Heavy Slam|p2a: Clefable
|-supereffective|p2a: Clefable
|-damage|p2a: Clefable|0 fnt
|faint|p2a: Clefable
|
|upkeep
|
|t:|1760333017
|switch|p2a: Alomomola|Alomomola, F|100/100
|turn|24
|
|t:|1760333021
|switch|p1a: Ogerpon|Ogerpon-Wellspring, F|100/100
|move|p2a: Alomomola|Wish|p2a: Alomomola
|
|upkeep
|turn|25
|
|t:|1760333025
|switch|p2a: Kyurem|Kyurem|100/100
|-ability|p2a: Kyurem|Pressure
|move|p1a: Ogerpon|Ivy Cudgel|p2a: Kyurem|[anim] Ivy Cudgel Water
|-resisted|p2a: Kyurem
|-damage|p2a: Kyurem|80/100
|
|-heal|p2a: Kyurem|100/100|[from] move: Wish|[wisher] Alomomola
|upkeep
|turn|26
|
|t:|1760333033
|switch|p1a: Moltres|Moltres|93/100
|move|p2a: Kyurem|Substitute|p2a: Kyurem
|-start|p2a: Kyurem|Substitute
|-damage|p2a: Kyurem|76/100
|
|-heal|p2a: Kyurem|82/100|[from] item: Leftovers
|upkeep
|turn|27
|
|t:|1760333038
|move|p2a: Kyurem|Freeze-Dry|p1a: Moltres
|-damage|p1a: Moltres|57/100
|move|p1a: Moltres|Roar|p2a: Kyurem
|drag|p2a: Ting-Lu|Ting-Lu, shiny|94/100 brn
|-ability|p2a: Ting-Lu|Vessel of Ruin
|
|-heal|p2a: Ting-Lu|100/100 brn|[from] item: Leftovers
|-damage|p2a: Ting-Lu|94/100 brn|[from] brn
|upkeep
|turn|28
|
|t:|1760333044
|switch|p1a: Garganacl|Garganacl, F|69/100
|move|p2a: Ting-Lu|Rock Slide|p1a: Garganacl
|-damage|p1a: Garganacl|63/100
|
|-heal|p2a: Ting-Lu|100/100 brn|[from] item: Leftovers
|-heal|p1a: Garganacl|69/100|[from] item: Leftovers
|-damage|p2a: Ting-Lu|94/100 brn|[from] brn
|upkeep
|turn|29
|
|t:|1760333053
|move|p2a: Ting-Lu|Sand Tomb|p1a: Garganacl
|-supereffective|p1a: Garganacl
|-damage|p1a: Garganacl|60/100
|-activate|p1a: Garganacl|move: Sand Tomb|[of] p2a: Ting-Lu
|move|p1a: Garganacl|Salt Cure|p2a: Ting-Lu
|-resisted|p2a: Ting-Lu
|-damage|p2a: Ting-Lu|91/100 brn
|-start|p2a: Ting-Lu|Salt Cure
|
|-heal|p2a: Ting-Lu|97/100 brn|[from] item: Leftovers
|-heal|p1a: Garganacl|66/100|[from] item: Leftovers
|-damage|p2a: Ting-Lu|91/100 brn|[from] brn
|-damage|p2a: Ting-Lu|78/100 brn|[from] Salt Cure
|-damage|p1a: Garganacl|54/100|[from] move: Sand Tomb|[partiallytrapped]
|upkeep
|turn|30
|
|t:|1760333058
|move|p2a: Ting-Lu|Ruination|p1a: Garganacl
|-damage|p1a: Garganacl|27/100
|move|p1a: Garganacl|Recover|p1a: Garganacl
|-heal|p1a: Garganacl|77/100
|
|-heal|p2a: Ting-Lu|85/100 brn|[from] item: Leftovers
|-heal|p1a: Garganacl|84/100|[from] item: Leftovers
|-damage|p2a: Ting-Lu|78/100 brn|[from] brn
|-damage|p2a: Ting-Lu|66/100 brn|[from] Salt Cure
|-damage|p1a: Garganacl|71/100|[from] move: Sand Tomb|[partiallytrapped]
|upkeep
|turn|31
|-message|witdflow forfeited.
|
|win|BrontVG
|raw|BrontVG's rating: 1291 &rarr; <strong>1318</strong><br />(+27 for winning)
|raw|witdflow's rating: 1321 &rarr; <strong>1299</strong><br />(-22 for losing)
|l|☆witdflow
|player|p2|
|l|☆BrontVG
|player|p1|
