|j|☆Avalonkr11
|j|☆sketchizard
|t:|1760450851
|gametype|singles
|player|p1|Avalonkr11|1|1137
|player|p2|sketchizard|lance|1122
|gen|9
|tier|[Gen 9] OU
|rated|
|rule|HP Percentage Mod: HP is shown in percentages
|rule|Endless Battle Clause: Forcing endless battles is banned
|rule|Species Clause: Limit one of each Pokémon
|rule|OHKO Clause: OHKO moves are banned
|rule|Evasion Items Clause: Evasion items are banned
|rule|Evasion Moves Clause: Evasion moves are banned
|rule|Evasion Abilities Clause: Evasion abilities are banned
|rule|Sleep Moves Clause: Sleep-inducing moves are banned
|clearpoke
|poke|p1|Polteageist|
|poke|p1|Lycanroc, M|
|poke|p1|Greninja-*, F|
|poke|p1|Enamorus, F|
|poke|p1|Porygon2|
|poke|p1|Rillaboom, M|
|poke|p2|Ceruledge, M|
|poke|p2|Corviknight, M|
|poke|p2|Great Tusk|
|poke|p2|Iron Crown|
|poke|p2|Iron Moth|
|poke|p2|Kommo-o, M|
|teampreview
|inactive|Battle timer is ON: inactive players will automatically lose when time's up. (requested by Avalonkr11)
|inactive|sketchizard has 120 seconds left.
|
|t:|1760450900
|teamsize|p1|6
|teamsize|p2|6
|start
|switch|p1a: Lycanroc|Lycanroc, M|100/100
|switch|p2a: Iron Crown|Iron Crown|100/100
|turn|1
|c|☆Avalonkr11|GLHF
|
|t:|1760450906
|move|p2a: Iron Crown|Tachyon Cutter|p1a: Lycanroc
|-supereffective|p1a: Lycanroc
|-enditem|p1a: Lycanroc|Focus Sash
|-damage|p1a: Lycanroc|1/100
|-supereffective|p1a: Lycanroc
|-damage|p1a: Lycanroc|0 fnt
|faint|p1a: Lycanroc
|-hitcount|p1: Lycanroc|2
|-damage|p2a: Iron Crown|91/100|[from] item: Life Orb
|
|upkeep
|
|t:|1760450929
|switch|p1a: Greninja|Greninja, F|100/100
|turn|2
|c|☆sketchizard|having fun
|
|t:|1760450942
|move|p1a: Greninja|Dark Pulse|p2a: Iron Crown
|-start|p1a: Greninja|typechange|Dark|[from] ability: Protean
|-supereffective|p2a: Iron Crown
|-damage|p2a: Iron Crown|0 fnt
|faint|p2a: Iron Crown
|-end|p2a: Iron Crown|Quark Drive|[silent]
|-damage|p1a: Greninja|91/100|[from] item: Life Orb
|
|upkeep
|c|☆Avalonkr11|me too!
|
|t:|1760450949
|switch|p2a: Corviknight|Corviknight, M|100/100
|turn|3
|
|t:|1760450955
|move|p1a: Greninja|Surf|p2a: Corviknight
|-damage|p2a: Corviknight|65/100
|-damage|p1a: Greninja|81/100|[from] item: Life Orb
|move|p2a: Corviknight|Bulk Up|p2a: Corviknight
|-boost|p2a: Corviknight|atk|1
|-boost|p2a: Corviknight|def|1
|
|-heal|p2a: Corviknight|71/100|[from] item: Leftovers
|upkeep
|turn|4
|
|t:|1760450971
|move|p1a: Greninja|U-turn|p2a: Corviknight
|-resisted|p2a: Corviknight
|-damage|p2a: Corviknight|69/100
|-damage|p1a: Greninja|71/100|[from] item: Life Orb
|
|t:|1760450975
|switch|p1a: Polteageist|Polteageist|100/100|[from] U-turn
|move|p2a: Corviknight|Body Press|p1a: Polteageist
|-immune|p1a: Polteageist
|
|-heal|p2a: Corviknight|75/100|[from] item: Leftovers
|upkeep
|turn|5
|
|t:|1760450983
|move|p1a: Polteageist|Shell Smash|p1a: Polteageist
|-unboost|p1a: Polteageist|def|1
|-unboost|p1a: Polteageist|spd|1
|-boost|p1a: Polteageist|atk|2
|-boost|p1a: Polteageist|spa|2
|-boost|p1a: Polteageist|spe|2
|-enditem|p1a: Polteageist|White Herb
|-clearnegativeboost|p1a: Polteageist|[silent]
|move|p2a: Corviknight|Bulk Up|p2a: Corviknight
|-boost|p2a: Corviknight|atk|1
|-boost|p2a: Corviknight|def|1
|
|-heal|p2a: Corviknight|81/100|[from] item: Leftovers
|upkeep
|turn|6
|
|t:|1760450995
|-terastallize|p2a: Corviknight|Dark
|move|p1a: Polteageist|Shadow Ball|p2a: Corviknight
|-resisted|p2a: Corviknight
|-damage|p2a: Corviknight|32/100
|move|p2a: Corviknight|Power Trip|p1a: Polteageist
|-supereffective|p1a: Polteageist
|-damage|p1a: Polteageist|0 fnt
|faint|p1a: Polteageist
|
|-heal|p2a: Corviknight|39/100|[from] item: Leftovers
|upkeep
|
|t:|1760451008
|switch|p1a: Enamorus|Enamorus, F|100/100
|turn|7
|
|t:|1760451012
|move|p1a: Enamorus|Draining Kiss|p2a: Corviknight
|-supereffective|p2a: Corviknight
|-damage|p2a: Corviknight|0 fnt
|faint|p2a: Corviknight
|
|upkeep
|
|t:|1760451015
|switch|p2a: Iron Moth|Iron Moth|100/100
|turn|8
|
|t:|1760451030
|switch|p1a: Porygon2|Porygon2|100/100
|-ability|p1a: Porygon2|Download|boost
|-boost|p1a: Porygon2|atk|1
|move|p2a: Iron Moth|Sludge Wave|p1a: Porygon2
|-crit|p1a: Porygon2
|-damage|p1a: Porygon2|63/100
|-status|p1a: Porygon2|psn
|
|-damage|p1a: Porygon2|50/100 psn|[from] psn
|upkeep
|turn|9
|
|t:|1760451042
|-end|p2a: Iron Moth|Quark Drive|[silent]
|switch|p2a: Great Tusk|Great Tusk|100/100
|move|p1a: Porygon2|Thunder Wave|p2a: Great Tusk
|-immune|p2a: Great Tusk
|
|-damage|p1a: Porygon2|38/100 psn|[from] psn
|upkeep
|turn|10
|
|t:|1760451051
|move|p2a: Great Tusk|Stealth Rock|p1a: Porygon2
|-sidestart|p1: Avalonkr11|move: Stealth Rock
|move|p1a: Porygon2|Ice Beam|p2a: Great Tusk
|-supereffective|p2a: Great Tusk
|-damage|p2a: Great Tusk|33/100
|
|-damage|p1a: Porygon2|26/100 psn|[from] psn
|upkeep
|turn|11
|
|t:|1760451061
|move|p2a: Great Tusk|Headlong Rush|p1a: Porygon2
|-damage|p1a: Porygon2|0 fnt
|-unboost|p2a: Great Tusk|def|1
|-unboost|p2a: Great Tusk|spd|1
|faint|p1a: Porygon2
|
|upkeep
|
|t:|1760451070
|switch|p1a: Rillaboom|Rillaboom, M|100/100
|-damage|p1a: Rillaboom|88/100|[from] Stealth Rock
|-fieldstart|move: Grassy Terrain|[from] ability: Grassy Surge|[of] p1a: Rillaboom
|turn|12
|
|t:|1760451077
|move|p1a: Rillaboom|Fake Out|p2a: Great Tusk
|-damage|p2a: Great Tusk|15/100
|cant|p2a: Great Tusk|flinch
|
|-heal|p2a: Great Tusk|21/100|[from] Grassy Terrain
|-heal|p1a: Rillaboom|94/100|[from] Grassy Terrain
|upkeep
|turn|13
|
|t:|1760451083
|move|p1a: Rillaboom|Grassy Glide|p2a: Great Tusk
|-supereffective|p2a: Great Tusk
|-damage|p2a: Great Tusk|0 fnt
|faint|p2a: Great Tusk
|-end|p2a: Great Tusk|Protosynthesis|[silent]
|
|-heal|p1a: Rillaboom|100/100|[from] Grassy Terrain
|upkeep
|
|t:|1760451091
|switch|p2a: Iron Moth|Iron Moth|100/100
|turn|14
|
|t:|1760451118
|switch|p1a: Greninja|Greninja, F|71/100
|-damage|p1a: Greninja|59/100|[from] Stealth Rock
|move|p2a: Iron Moth|Sludge Wave|p1a: Greninja
|-damage|p1a: Greninja|0 fnt
|faint|p1a: Greninja
|
|upkeep
|inactive|Avalonkr11 has 120 seconds left.
|c|☆sketchizard|thats gg
|
|t:|1760451138
|switch|p1a: Rillaboom|Rillaboom, M|100/100
|-damage|p1a: Rillaboom|88/100|[from] Stealth Rock
|turn|15
|
|t:|1760451143
|move|p2a: Iron Moth|Sludge Wave|p1a: Rillaboom
|-supereffective|p1a: Rillaboom
|-damage|p1a: Rillaboom|9/100
|move|p1a: Rillaboom|Drum Beating|p2a: Iron Moth
|-resisted|p2a: Iron Moth
|-damage|p2a: Iron Moth|76/100
|-unboost|p2a: Iron Moth|spe|1
|
|-heal|p2a: Iron Moth|82/100|[from] Grassy Terrain
|-heal|p1a: Rillaboom|15/100|[from] Grassy Terrain
|upkeep
|turn|16
|
|t:|1760451153
|move|p2a: Iron Moth|Sludge Wave|p1a: Rillaboom
|-supereffective|p1a: Rillaboom
|-damage|p1a: Rillaboom|0 fnt
|faint|p1a: Rillaboom
|
|-heal|p2a: Iron Moth|88/100|[from] Grassy Terrain
|-fieldend|move: Grassy Terrain
|upkeep
|
|t:|1760451158
|switch|p1a: Enamorus|Enamorus, F|100/100
|turn|17
|
|t:|1760451167
|-terastallize|p1a: Enamorus|Steel
|move|p1a: Enamorus|Calm Mind|p1a: Enamorus
|-boost|p1a: Enamorus|spa|1
|-boost|p1a: Enamorus|spd|1
|move|p2a: Iron Moth|Fiery Dance|p1a: Enamorus
|-supereffective|p1a: Enamorus
|-damage|p1a: Enamorus|11/100
|
|upkeep
|turn|18
|
|t:|1760451179
|move|p1a: Enamorus|Sludge Bomb|p2a: Iron Moth
|-resisted|p2a: Iron Moth
|-damage|p2a: Iron Moth|61/100
|move|p2a: Iron Moth|Fiery Dance|p1a: Enamorus
|-supereffective|p1a: Enamorus
|-damage|p1a: Enamorus|0 fnt
|-boost|p2a: Iron Moth|spa|1
|faint|p1a: Enamorus
|
|win|sketchizard
|raw|Avalonkr11's rating: 1137 &rarr; <strong>1111</strong><br />(-26 for losing)
|raw|sketchizard's rating: 1122 &rarr; <strong>1148</strong><br />(+26 for winning)
|c|☆Avalonkr11|GG
|l|☆sketchizard
|player|p2|
|c|☆Avalonkr11|i hope ur mom gets humbled!
|l|☆Avalonkr11
|player|p1|
