|j|☆kirasenseidongdong
|j|☆rk2k
|t:|1760331959
|gametype|singles
|player|p1|kirasenseidongdong|265|1470
|player|p2|rk2k|169|1541
|gen|9
|tier|[Gen 9] OU
|rated|
|rule|HP Percentage Mod: HP is shown in percentages
|rule|Endless Battle Clause: Forcing endless battles is banned
|rule|Species Clause: Limit one of each Pokémon
|rule|OHKO Clause: OHKO moves are banned
|rule|Evasion Items Clause: Evasion items are banned
|rule|Evasion Moves Clause: Evasion moves are banned
|rule|Evasion Abilities Clause: Evasion abilities are banned
|rule|Sleep Moves Clause: Sleep-inducing moves are banned
|clearpoke
|poke|p1|Ogerpon-Wellspring, F|
|poke|p1|Clefable, F|
|poke|p1|Gliscor, M|
|poke|p1|Gholdengo|
|poke|p1|Tentacruel, M|
|poke|p1|Dragonite, F|
|poke|p2|Iron Treads|
|poke|p2|Kyurem|
|poke|p2|Hatterene, F|
|poke|p2|Dragapult, F|
|poke|p2|Rillaboom, F|
|poke|p2|Garganacl, M|
|teampreview
|inactive|Battle timer is ON: inactive players will automatically lose when time's up. (requested by rk2k)
|inactive|kirasenseidongdong has 120 seconds left.
|
|t:|1760332013
|teamsize|p1|6
|teamsize|p2|6
|start
|switch|p1a: Clefable|Clefable, F|100/100
|switch|p2a: Kyurem|Kyurem|100/100
|-ability|p2a: Kyurem|Pressure
|turn|1
|
|t:|1760332021
|switch|p2a: Hatterene|Hatterene, F|100/100
|move|p1a: Clefable|Knock Off|p2a: Hatterene
|-damage|p2a: Hatterene|87/100
|-enditem|p2a: Hatterene|Leftovers|[from] move: Knock Off|[of] p1a: Clefable
|
|upkeep
|turn|2
|
|t:|1760332041
|switch|p1a: Gholdengo|Gholdengo|100/100
|-item|p1a: Gholdengo|Air Balloon
|move|p2a: Hatterene|Psychic Noise|p1a: Gholdengo
|-resisted|p1a: Gholdengo
|-damage|p1a: Gholdengo|84/100
|-start|p1a: Gholdengo|move: Heal Block
|-enditem|p1a: Gholdengo|Air Balloon
|
|upkeep
|turn|3
|
|t:|1760332048
|switch|p2a: Iron Treads|Iron Treads|100/100
|-enditem|p2a: Iron Treads|Booster Energy
|-activate|p2a: Iron Treads|ability: Quark Drive|[fromitem]
|-start|p2a: Iron Treads|quarkdrivespe
|move|p1a: Gholdengo|Make It Rain|p2a: Iron Treads
|-resisted|p2a: Iron Treads
|-damage|p2a: Iron Treads|62/100
|-unboost|p1a: Gholdengo|spa|1
|
|-end|p1a: Gholdengo|move: Heal Block
|upkeep
|turn|4
|
|t:|1760332063
|switch|p1a: Gliscor|Gliscor, M|100/100
|move|p2a: Iron Treads|Stealth Rock|p1a: Gliscor
|-sidestart|p1: kirasenseidongdong|move: Stealth Rock
|
|-status|p1a: Gliscor|tox|[from] item: Toxic Orb
|upkeep
|turn|5
|
|t:|1760332071
|-end|p2a: Iron Treads|Quark Drive|[silent]
|switch|p2a: Hatterene|Hatterene, F|87/100
|move|p1a: Gliscor|Protect||[still]
|-fail|p1a: Gliscor
|
|upkeep
|turn|6
|
|t:|1760332092
|move|p1a: Gliscor|Protect|p1a: Gliscor
|-singleturn|p1a: Gliscor|Protect
|move|p2a: Hatterene|Calm Mind|p2a: Hatterene
|-boost|p2a: Hatterene|spa|1
|-boost|p2a: Hatterene|spd|1
|
|upkeep
|turn|7
|
|t:|1760332095
|move|p1a: Gliscor|U-turn|p2a: Hatterene
|-damage|p2a: Hatterene|75/100
|
|t:|1760332096
|switch|p1a: Ogerpon|Ogerpon-Wellspring, F|100/100|[from] U-turn
|-damage|p1a: Ogerpon|88/100|[from] Stealth Rock
|move|p2a: Hatterene|Mystical Fire|p1a: Ogerpon
|-damage|p1a: Ogerpon|52/100
|-unboost|p1a: Ogerpon|spa|1
|
|upkeep
|turn|8
|
|t:|1760332107
|move|p1a: Ogerpon|Ivy Cudgel|p2a: Hatterene|[anim] Ivy Cudgel Water
|-damage|p2a: Hatterene|23/100
|move|p2a: Hatterene|Draining Kiss|p1a: Ogerpon
|-damage|p1a: Ogerpon|15/100
|-heal|p2a: Hatterene|49/100|[from] drain|[of] p1a: Ogerpon
|
|upkeep
|turn|9
|
|t:|1760332111
|switch|p2a: Rillaboom|Rillaboom, F|100/100
|-fieldstart|move: Grassy Terrain|[from] ability: Grassy Surge|[of] p2a: Rillaboom
|move|p1a: Ogerpon|Ivy Cudgel|p2a: Rillaboom|[anim] Ivy Cudgel Water
|-resisted|p2a: Rillaboom
|-damage|p2a: Rillaboom|68/100
|
|-heal|p1a: Ogerpon|21/100|[from] Grassy Terrain
|-heal|p2a: Rillaboom|74/100|[from] Grassy Terrain
|upkeep
|turn|10
|
|t:|1760332138
|move|p2a: Rillaboom|Grassy Glide|p1a: Ogerpon
|-damage|p1a: Ogerpon|0 fnt
|faint|p1a: Ogerpon
|-damage|p2a: Rillaboom|64/100|[from] item: Life Orb
|
|-heal|p2a: Rillaboom|71/100|[from] Grassy Terrain
|upkeep
|
|t:|1760332141
|switch|p1a: Clefable|Clefable, F|100/100
|turn|11
|
|t:|1760332150
|switch|p2a: Iron Treads|Iron Treads|62/100
|move|p1a: Clefable|Moonblast|p2a: Iron Treads
|-resisted|p2a: Iron Treads
|-crit|p2a: Iron Treads
|-damage|p2a: Iron Treads|27/100
|
|-heal|p2a: Iron Treads|34/100|[from] Grassy Terrain
|upkeep
|turn|12
|
|t:|1760332159
|-end|p2a: Iron Treads|Quark Drive|[silent]
|switch|p2a: Kyurem|Kyurem|100/100
|-ability|p2a: Kyurem|Pressure
|switch|p1a: Gliscor|Gliscor, M|100/100 tox
|-damage|p1a: Gliscor|88/100 tox|[from] Stealth Rock
|
|-heal|p1a: Gliscor|100/100 tox|[from] ability: Poison Heal
|upkeep
|turn|13
|
|t:|1760332163
|switch|p1a: Gholdengo|Gholdengo|84/100
|-damage|p1a: Gholdengo|78/100|[from] Stealth Rock
|move|p2a: Kyurem|Substitute|p2a: Kyurem
|-start|p2a: Kyurem|Substitute
|-damage|p2a: Kyurem|76/100
|
|-heal|p2a: Kyurem|82/100|[from] Grassy Terrain
|-heal|p2a: Kyurem|88/100|[from] item: Leftovers
|-heal|p1a: Gholdengo|84/100|[from] Grassy Terrain
|-fieldend|move: Grassy Terrain
|upkeep
|turn|14
|
|t:|1760332167
|move|p2a: Kyurem|Earth Power|p1a: Gholdengo
|-supereffective|p1a: Gholdengo
|-damage|p1a: Gholdengo|19/100
|move|p1a: Gholdengo|Hex|p2a: Kyurem
|-end|p2a: Kyurem|Substitute
|
|-heal|p2a: Kyurem|94/100|[from] item: Leftovers
|upkeep
|turn|15
|
|t:|1760332177
|switch|p1a: Clefable|Clefable, F|100/100
|move|p2a: Kyurem|Freeze-Dry|p1a: Clefable
|-damage|p1a: Clefable|65/100
|
|-heal|p2a: Kyurem|99/100|[from] item: Leftovers
|upkeep
|turn|16
|
|t:|1760332180
|move|p2a: Kyurem|Substitute|p2a: Kyurem
|-start|p2a: Kyurem|Substitute
|-damage|p2a: Kyurem|75/100
|move|p1a: Clefable|Moonblast|p2a: Kyurem
|-supereffective|p2a: Kyurem
|-end|p2a: Kyurem|Substitute
|
|-heal|p2a: Kyurem|82/100|[from] item: Leftovers
|upkeep
|turn|17
|
|t:|1760332184
|switch|p2a: Iron Treads|Iron Treads|34/100
|move|p1a: Clefable|Moonblast|p2a: Iron Treads
|-resisted|p2a: Iron Treads
|-damage|p2a: Iron Treads|10/100
|
|upkeep
|turn|18
|
|t:|1760332186
|move|p2a: Iron Treads|Steel Beam|p1a: Clefable
|-supereffective|p1a: Clefable
|-damage|p1a: Clefable|0 fnt
|-damage|p2a: Iron Treads|0 fnt|[from] steelbeam
|faint|p2a: Iron Treads
|-end|p2a: Iron Treads|Quark Drive|[silent]
|faint|p1a: Clefable
|
|upkeep
|
|t:|1760332192
|switch|p2a: Kyurem|Kyurem|82/100
|switch|p1a: Tentacruel|Tentacruel, M|100/100
|-ability|p2a: Kyurem|Pressure
|turn|19
|
|t:|1760332197
|move|p1a: Tentacruel|Knock Off|p2a: Kyurem
|-damage|p2a: Kyurem|66/100
|-enditem|p2a: Kyurem|Leftovers|[from] move: Knock Off|[of] p1a: Tentacruel
|move|p2a: Kyurem|Substitute|p2a: Kyurem
|-start|p2a: Kyurem|Substitute
|-damage|p2a: Kyurem|41/100
|
|upkeep
|turn|20
|
|t:|1760332202
|move|p2a: Kyurem|Protect|p2a: Kyurem
|-singleturn|p2a: Kyurem|Protect
|move|p1a: Tentacruel|Flip Turn|p2a: Kyurem
|-activate|p2a: Kyurem|move: Protect
|
|upkeep
|turn|21
|
|t:|1760332207
|move|p1a: Tentacruel|Flip Turn|p2a: Kyurem
|-resisted|p2a: Kyurem
|-activate|p2a: Kyurem|move: Substitute|[damage]
|
|t:|1760332211
|switch|p1a: Gliscor|Gliscor, M|100/100 tox|[from] Flip Turn
|-damage|p1a: Gliscor|88/100 tox|[from] Stealth Rock
|move|p2a: Kyurem|Freeze-Dry|p1a: Gliscor
|-supereffective|p1a: Gliscor
|-damage|p1a: Gliscor|0 fnt
|faint|p1a: Gliscor
|
|upkeep
|
|t:|1760332213
|switch|p1a: Gholdengo|Gholdengo|19/100
|-damage|p1a: Gholdengo|13/100|[from] Stealth Rock
|turn|22
|
|t:|1760332215
|move|p2a: Kyurem|Earth Power|p1a: Gholdengo
|-supereffective|p1a: Gholdengo
|-damage|p1a: Gholdengo|0 fnt
|faint|p1a: Gholdengo
|
|upkeep
|
|t:|1760332220
|switch|p1a: Tentacruel|Tentacruel, M|100/100
|turn|23
|
|t:|1760332221
|move|p1a: Tentacruel|Knock Off|p2a: Kyurem
|-activate|p2a: Kyurem|move: Substitute|[damage]
|move|p2a: Kyurem|Freeze-Dry|p1a: Tentacruel
|-supereffective|p1a: Tentacruel
|-damage|p1a: Tentacruel|40/100
|
|upkeep
|turn|24
|
|t:|1760332235
|move|p1a: Tentacruel|Flip Turn|p2a: Kyurem
|-resisted|p2a: Kyurem
|-end|p2a: Kyurem|Substitute
|
|t:|1760332237
|switch|p1a: Dragonite|Dragonite, F|100/100|[from] Flip Turn
|move|p2a: Kyurem|Substitute|p2a: Kyurem
|-start|p2a: Kyurem|Substitute
|-damage|p2a: Kyurem|16/100
|
|upkeep
|turn|25
|
|t:|1760332240
|move|p2a: Kyurem|Freeze-Dry|p1a: Dragonite
|-supereffective|p1a: Dragonite
|-damage|p1a: Dragonite|20/100
|move|p1a: Dragonite|Earthquake|p2a: Kyurem
|-end|p2a: Kyurem|Substitute
|
|upkeep
|turn|26
|
|t:|1760332245
|switch|p2a: Dragapult|Dragapult, F|100/100
|move|p1a: Dragonite|Extreme Speed|p2a: Dragapult
|-immune|p2a: Dragapult
|
|upkeep
|turn|27
|-message|kirasenseidongdong forfeited.
|
|win|rk2k
|raw|kirasenseidongdong's rating: 1470 &rarr; <strong>1454</strong><br />(-16 for losing)
|raw|rk2k's rating: 1541 &rarr; <strong>1557</strong><br />(+16 for winning)
|c|☆kirasenseidongdong|gg
|c|☆rk2k|gg
