|j|☆jimy92
|j|☆ragingsquirtle420
|t:|1760362356
|gametype|singles
|player|p1|jimy92|265|1632
|player|p2|ragingsquirtle420|265|1676
|gen|9
|tier|[Gen 9] OU
|rated|
|rule|HP Percentage Mod: HP is shown in percentages
|rule|Endless Battle Clause: Forcing endless battles is banned
|rule|Species Clause: Limit one of each Pokémon
|rule|OHKO Clause: OHKO moves are banned
|rule|Evasion Items Clause: Evasion items are banned
|rule|Evasion Moves Clause: Evasion moves are banned
|rule|Evasion Abilities Clause: Evasion abilities are banned
|rule|Sleep Moves Clause: Sleep-inducing moves are banned
|clearpoke
|poke|p1|Pelipper, F|
|poke|p1|Hatterene, F|
|poke|p1|Iron Treads|
|poke|p1|Toxicroak, F|
|poke|p1|Barraskewda, F|
|poke|p1|Zapdos|
|poke|p2|Weavile, F|
|poke|p2|Gliscor, M|
|poke|p2|Great Tusk|
|poke|p2|Iron Crown|
|poke|p2|Pecharunt|
|poke|p2|Alomomola, M|
|teampreview
|inactive|Battle timer is ON: inactive players will automatically lose when time's up. (requested by jimy92)
|
|t:|1760362371
|teamsize|p1|6
|teamsize|p2|6
|start
|switch|p1a: Pelipper|Pelipper, F|100/100
|switch|p2a: Mola Moliades|Alomomola, M, shiny|100/100
|-weather|RainDance|[from] ability: Drizzle|[of] p1a: Pelipper
|turn|1
|
|t:|1760362383
|switch|p2a: Droma|Pecharunt|100/100
|move|p1a: Pelipper|Knock Off|p2a: Droma
|-supereffective|p2a: Droma
|-damage|p2a: Droma|88/100
|-enditem|p2a: Droma|Heavy-Duty Boots|[from] move: Knock Off|[of] p1a: Pelipper
|
|-weather|RainDance|[upkeep]
|upkeep
|turn|2
|
|t:|1760362390
|move|p2a: Droma|Parting Shot|p1a: Pelipper
|-unboost|p1a: Pelipper|atk|1
|-unboost|p1a: Pelipper|spa|1
|
|t:|1760362393
|switch|p2a: Opistopthalmus|Gliscor, M, shiny|100/100|[from] Parting Shot
|move|p1a: Pelipper|U-turn|p2a: Opistopthalmus
|-resisted|p2a: Opistopthalmus
|-damage|p2a: Opistopthalmus|99/100
|
|t:|1760362407
|switch|p1a: Zapdos|Zapdos|100/100|[from] U-turn
|
|-weather|RainDance|[upkeep]
|-status|p2a: Opistopthalmus|tox|[from] item: Toxic Orb
|upkeep
|turn|3
|
|t:|1760362412
|move|p2a: Opistopthalmus|Protect|p2a: Opistopthalmus
|-singleturn|p2a: Opistopthalmus|Protect
|move|p1a: Zapdos|Hurricane|p2a: Opistopthalmus
|-activate|p2a: Opistopthalmus|move: Protect
|
|-weather|RainDance|[upkeep]
|-heal|p2a: Opistopthalmus|100/100 tox|[from] ability: Poison Heal
|upkeep
|turn|4
|
|t:|1760362416
|switch|p2a: Mola Moliades|Alomomola, M, shiny|100/100
|-terastallize|p1a: Zapdos|Flying
|move|p1a: Zapdos|Hurricane|p2a: Mola Moliades
|-damage|p2a: Mola Moliades|41/100
|-start|p2a: Mola Moliades|confusion
|
|-weather|RainDance|[upkeep]
|upkeep
|turn|5
|
|t:|1760362420
|switch|p2a: Iron Crown|Iron Crown|100/100
|move|p1a: Zapdos|Hurricane|p2a: Iron Crown
|-resisted|p2a: Iron Crown
|-damage|p2a: Iron Crown|46/100
|
|-weather|RainDance|[upkeep]
|upkeep
|turn|6
|
|t:|1760362430
|move|p1a: Zapdos|Hurricane|p2a: Iron Crown
|-resisted|p2a: Iron Crown
|-damage|p2a: Iron Crown|0 fnt
|faint|p2a: Iron Crown
|-end|p2a: Iron Crown|Quark Drive|[silent]
|
|-weather|RainDance|[upkeep]
|upkeep
|
|t:|1760362433
|switch|p2a: Mola Moliades|Alomomola, M, shiny|74/100
|turn|7
|
|t:|1760362440
|switch|p1a: Barraskewda|Barraskewda, F|100/100
|move|p2a: Mola Moliades|Mirror Coat||[still]
|-fail|p2a: Mola Moliades
|
|-weather|RainDance|[upkeep]
|upkeep
|turn|8
|
|t:|1760362442
|move|p1a: Barraskewda|Flip Turn|p2a: Mola Moliades
|-resisted|p2a: Mola Moliades
|-damage|p2a: Mola Moliades|49/100
|
|t:|1760362445
|switch|p1a: Toxicroak|Toxicroak, F|100/100|[from] Flip Turn
|move|p2a: Mola Moliades|Flip Turn|p1a: Toxicroak
|-immune|p1a: Toxicroak|[from] ability: Dry Skin
|
|-weather|none
|upkeep
|turn|9
|
|t:|1760362451
|switch|p1a: Pelipper|Pelipper, F|100/100
|-weather|RainDance|[from] ability: Drizzle|[of] p1a: Pelipper
|switch|p2a: Opistopthalmus|Gliscor, M, shiny|100/100 tox
|
|-weather|RainDance|[upkeep]
|upkeep
|turn|10
|
|t:|1760362454
|move|p2a: Opistopthalmus|Spikes|p1a: Pelipper
|-sidestart|p1: jimy92|Spikes
|move|p1a: Pelipper|U-turn|p2a: Opistopthalmus
|-resisted|p2a: Opistopthalmus
|-damage|p2a: Opistopthalmus|98/100 tox
|
|t:|1760362457
|switch|p1a: Zapdos|Zapdos, tera:Flying|100/100|[from] U-turn
|
|-weather|RainDance|[upkeep]
|-heal|p2a: Opistopthalmus|100/100 tox|[from] ability: Poison Heal
|upkeep
|turn|11
|
|t:|1760362459
|move|p2a: Opistopthalmus|Protect|p2a: Opistopthalmus
|-singleturn|p2a: Opistopthalmus|Protect
|move|p1a: Zapdos|Hurricane|p2a: Opistopthalmus
|-activate|p2a: Opistopthalmus|move: Protect
|
|-weather|RainDance|[upkeep]
|upkeep
|turn|12
|
|t:|1760362465
|move|p1a: Zapdos|Hurricane|p2a: Opistopthalmus
|-damage|p2a: Opistopthalmus|0 fnt
|faint|p2a: Opistopthalmus
|
|-weather|RainDance|[upkeep]
|upkeep
|
|t:|1760362467
|switch|p2a: Mola Moliades|Alomomola, M, shiny|82/100
|turn|13
|
|t:|1760362473
|switch|p1a: Iron Treads|Iron Treads|100/100
|-damage|p1a: Iron Treads|88/100|[from] Spikes
|switch|p2a: Droma|Pecharunt|88/100
|
|-weather|RainDance|[upkeep]
|-heal|p1a: Iron Treads|94/100|[from] item: Leftovers
|upkeep
|turn|14
|
|t:|1760362476
|move|p1a: Iron Treads|Stealth Rock|p2a: Droma
|-sidestart|p2: ragingsquirtle420|move: Stealth Rock
|move|p2a: Droma|Parting Shot|p1a: Iron Treads
|-unboost|p1a: Iron Treads|atk|1
|-unboost|p1a: Iron Treads|spa|1
|
|t:|1760362479
|switch|p2a: Dumbo|Great Tusk, shiny|100/100|[from] Parting Shot
|-damage|p2a: Dumbo|98/100|[from] Stealth Rock
|
|-weather|RainDance|[upkeep]
|-heal|p1a: Iron Treads|99/100|[from] item: Leftovers
|upkeep
|turn|15
|
|t:|1760362481
|-end|p1a: Iron Treads|Quark Drive|[silent]
|switch|p1a: Barraskewda|Barraskewda, F|100/100
|-damage|p1a: Barraskewda|88/100|[from] Spikes
|move|p2a: Dumbo|Rapid Spin|p1a: Barraskewda
|-damage|p1a: Barraskewda|51/100
|-boost|p2a: Dumbo|spe|1
|-sideend|p2: ragingsquirtle420|Stealth Rock|[from] move: Rapid Spin|[of] p2a: Dumbo
|
|-weather|RainDance|[upkeep]
|upkeep
|turn|16
|
|t:|1760362491
|-end|p2a: Dumbo|Protosynthesis|[silent]
|switch|p2a: Mola Moliades|Alomomola, M, shiny|100/100
|move|p1a: Barraskewda|Flip Turn|p2a: Mola Moliades
|-resisted|p2a: Mola Moliades
|-damage|p2a: Mola Moliades|75/100
|
|t:|1760362499
|switch|p1a: Iron Treads|Iron Treads|99/100|[from] Flip Turn
|-damage|p1a: Iron Treads|88/100|[from] Spikes
|
|-weather|none
|-heal|p1a: Iron Treads|94/100|[from] item: Leftovers
|upkeep
|turn|17
|
|t:|1760362501
|move|p1a: Iron Treads|Earthquake|p2a: Mola Moliades
|-damage|p2a: Mola Moliades|53/100
|move|p2a: Mola Moliades|Flip Turn|p1a: Iron Treads
|-supereffective|p1a: Iron Treads
|-damage|p1a: Iron Treads|68/100
|
|t:|1760362504
|switch|p2a: Dumbo|Great Tusk, shiny|98/100|[from] Flip Turn
|
|-heal|p1a: Iron Treads|74/100|[from] item: Leftovers
|upkeep
|turn|18
|
|t:|1760362510
|-end|p1a: Iron Treads|Quark Drive|[silent]
|switch|p1a: Pelipper|Pelipper, F|100/100
|-weather|RainDance|[from] ability: Drizzle|[of] p1a: Pelipper
|move|p2a: Dumbo|Stealth Rock|p1a: Pelipper
|-sidestart|p1: jimy92|move: Stealth Rock
|
|-weather|RainDance|[upkeep]
|upkeep
|turn|19
|
|t:|1760362518
|-end|p2a: Dumbo|Protosynthesis|[silent]
|switch|p2a: Mola Moliades|Alomomola, M, shiny|87/100
|move|p1a: Pelipper|Hurricane|p2a: Mola Moliades
|-damage|p2a: Mola Moliades|66/100
|
|-weather|RainDance|[upkeep]
|upkeep
|turn|20
|
|t:|1760362523
|move|p2a: Mola Moliades|Flip Turn|p1a: Pelipper
|-resisted|p1a: Pelipper
|-damage|p1a: Pelipper|88/100
|
|t:|1760362525
|switch|p2a: Droma|Pecharunt|88/100|[from] Flip Turn
|move|p1a: Pelipper|Knock Off|p2a: Droma
|-supereffective|p2a: Droma
|-damage|p2a: Droma|80/100
|
|-weather|RainDance|[upkeep]
|upkeep
|turn|21
|
|t:|1760362528
|move|p2a: Droma|Parting Shot|p1a: Pelipper
|-unboost|p1a: Pelipper|atk|1
|-unboost|p1a: Pelipper|spa|1
|
|t:|1760362529
|switch|p2a: Mola Moliades|Alomomola, M, shiny|99/100|[from] Parting Shot
|move|p1a: Pelipper|U-turn|p2a: Mola Moliades
|-damage|p2a: Mola Moliades|95/100
|
|t:|1760362536
|switch|p1a: Iron Treads|Iron Treads|74/100|[from] U-turn
|-damage|p1a: Iron Treads|62/100|[from] Spikes
|-damage|p1a: Iron Treads|59/100|[from] Stealth Rock
|
|-weather|RainDance|[upkeep]
|-heal|p1a: Iron Treads|65/100|[from] item: Leftovers
|upkeep
|turn|22
|
|t:|1760362539
|switch|p2a: Droma|Pecharunt|80/100
|move|p1a: Iron Treads|Earthquake|p2a: Droma
|-supereffective|p2a: Droma
|-damage|p2a: Droma|48/100
|
|-weather|RainDance|[upkeep]
|-heal|p1a: Iron Treads|71/100|[from] item: Leftovers
|upkeep
|turn|23
|
|t:|1760362542
|move|p1a: Iron Treads|Volt Switch|p2a: Droma
|-damage|p2a: Droma|36/100
|
|t:|1760362547
|-end|p1a: Iron Treads|Quark Drive|[silent]
|switch|p1a: Zapdos|Zapdos, tera:Flying|100/100|[from] Volt Switch
|-damage|p1a: Zapdos|76/100|[from] Stealth Rock
|move|p2a: Droma|Recover|p2a: Droma
|-heal|p2a: Droma|86/100
|
|-weather|RainDance|[upkeep]
|upkeep
|turn|24
|
|t:|1760362555
|switch|p2a: Dumbo|Great Tusk, shiny|98/100
|move|p1a: Zapdos|Hurricane|p2a: Dumbo
|-supereffective|p2a: Dumbo
|-damage|p2a: Dumbo|0 fnt
|faint|p2a: Dumbo
|-end|p2a: Dumbo|Protosynthesis|[silent]
|
|-weather|RainDance|[upkeep]
|upkeep
|
|t:|1760362556
|switch|p2a: TMafia|Weavile, F, shiny|100/100
|-ability|p2a: TMafia|Pressure
|turn|25
|
|t:|1760362559
|switch|p1a: Toxicroak|Toxicroak, F|100/100
|-damage|p1a: Toxicroak|88/100|[from] Spikes
|-damage|p1a: Toxicroak|82/100|[from] Stealth Rock
|move|p2a: TMafia|Knock Off|p1a: Toxicroak
|-resisted|p1a: Toxicroak
|-damage|p1a: Toxicroak|58/100
|-damage|p2a: TMafia|84/100|[from] item: Rocky Helmet|[of] p1a: Toxicroak
|-enditem|p1a: Toxicroak|Rocky Helmet|[from] move: Knock Off|[of] p2a: TMafia
|
|-weather|none
|upkeep
|turn|26
|
|t:|1760362565
|switch|p2a: Droma|Pecharunt|86/100
|move|p1a: Toxicroak|Knock Off|p2a: Droma
|-supereffective|p2a: Droma
|-damage|p2a: Droma|71/100
|
|upkeep
|turn|27
|
|t:|1760362568
|move|p1a: Toxicroak|Toxic|p2a: Droma
|-immune|p2a: Droma
|move|p2a: Droma|Parting Shot|p1a: Toxicroak
|-unboost|p1a: Toxicroak|atk|1
|-unboost|p1a: Toxicroak|spa|1
|
|t:|1760362572
|switch|p2a: TMafia|Weavile, F, shiny|84/100|[from] Parting Shot
|-ability|p2a: TMafia|Pressure
|
|upkeep
|turn|28
|
|t:|1760362575
|move|p2a: TMafia|Triple Axel|p1a: Toxicroak
|-damage|p1a: Toxicroak|50/100
|-damage|p1a: Toxicroak|32/100
|-damage|p1a: Toxicroak|6/100
|-hitcount|p1a: Toxicroak|3
|move|p1a: Toxicroak|Drain Punch|p2a: TMafia
|-supereffective|p2a: TMafia
|-damage|p2a: TMafia|0 fnt
|-heal|p1a: Toxicroak|38/100|[from] drain|[of] p2a: TMafia
|faint|p2a: TMafia
|
|upkeep
|
|t:|1760362581
|switch|p2a: Droma|Pecharunt|71/100
|turn|29
|
|t:|1760362586
|move|p1a: Toxicroak|Knock Off|p2a: Droma
|-supereffective|p2a: Droma
|-damage|p2a: Droma|62/100
|move|p2a: Droma|Malignant Chain|p1a: Toxicroak
|-resisted|p1a: Toxicroak
|-damage|p1a: Toxicroak|17/100
|
|upkeep
|turn|30
|
|t:|1760362590
|move|p2a: Droma|Malignant Chain|p1a: Toxicroak
|-resisted|p1a: Toxicroak
|-damage|p1a: Toxicroak|0 fnt
|faint|p1a: Toxicroak
|
|upkeep
|j| Nikator98
|l| Nikator98
|c|☆jimy92|What?
|c|☆jimy92|Speed tie?
|
|t:|1760362609
|switch|p1a: Pelipper|Pelipper, F|88/100
|-damage|p1a: Pelipper|63/100|[from] Stealth Rock
|-weather|RainDance|[from] ability: Drizzle|[of] p1a: Pelipper
|turn|31
|
|t:|1760362613
|switch|p1a: Iron Treads|Iron Treads|71/100
|-damage|p1a: Iron Treads|59/100|[from] Spikes
|-damage|p1a: Iron Treads|56/100|[from] Stealth Rock
|move|p2a: Droma|Recover|p2a: Droma
|-heal|p2a: Droma|100/100
|
|-weather|RainDance|[upkeep]
|-heal|p1a: Iron Treads|62/100|[from] item: Leftovers
|upkeep
|turn|32
|
|t:|1760362618
|move|p1a: Iron Treads|Earthquake|p2a: Droma
|-supereffective|p2a: Droma
|-damage|p2a: Droma|70/100
|move|p2a: Droma|Foul Play|p1a: Iron Treads
|-damage|p1a: Iron Treads|45/100
|
|-weather|RainDance|[upkeep]
|-heal|p1a: Iron Treads|51/100|[from] item: Leftovers
|upkeep
|turn|33
|
|t:|1760362622
|move|p1a: Iron Treads|Volt Switch|p2a: Droma
|-damage|p2a: Droma|58/100
|
|t:|1760362625
|-end|p1a: Iron Treads|Quark Drive|[silent]
|switch|p1a: Zapdos|Zapdos, tera:Flying|76/100|[from] Volt Switch
|-damage|p1a: Zapdos|51/100|[from] Stealth Rock
|move|p2a: Droma|Recover|p2a: Droma
|-heal|p2a: Droma|100/100
|
|-weather|RainDance|[upkeep]
|upkeep
|turn|34
|
|t:|1760362632
|switch|p2a: Mola Moliades|Alomomola, M, shiny|100/100
|move|p1a: Zapdos|Thunder|p2a: Mola Moliades
|-supereffective|p2a: Mola Moliades
|-damage|p2a: Mola Moliades|12/100
|-status|p2a: Mola Moliades|par
|
|-weather|RainDance|[upkeep]
|upkeep
|turn|35
|
|t:|1760362635
|move|p1a: Zapdos|Thunder|p2a: Mola Moliades
|-supereffective|p2a: Mola Moliades
|-damage|p2a: Mola Moliades|0 fnt
|faint|p2a: Mola Moliades
|
|-weather|RainDance|[upkeep]
|upkeep
|-message|ragingsquirtle420 forfeited.
|
|win|jimy92
|raw|jimy92's rating: 1632 &rarr; <strong>1655</strong><br />(+23 for winning)
|raw|ragingsquirtle420's rating: 1676 &rarr; <strong>1653</strong><br />(-23 for losing)
|l|☆ragingsquirtle420
|player|p2|
|l|☆jimy92
|player|p1|
