|j|☆GlormbusTemples
|j|☆Mr.D.1622
|t:|1760459448
|gametype|singles
|player|p1|GlormbusTemples|pokekid|1229
|player|p2|Mr.D.1622|n|1167
|gen|9
|tier|[Gen 9] OU
|rated|
|rule|HP Percentage Mod: HP is shown in percentages
|rule|Endless Battle Clause: Forcing endless battles is banned
|rule|Species Clause: Limit one of each Pokémon
|rule|OHKO Clause: OHKO moves are banned
|rule|Evasion Items Clause: Evasion items are banned
|rule|Evasion Moves Clause: Evasion moves are banned
|rule|Evasion Abilities Clause: Evasion abilities are banned
|rule|Sleep Moves Clause: Sleep-inducing moves are banned
|clearpoke
|poke|p1|Zapdos|
|poke|p1|Slowking-Galar, F|
|poke|p1|Jirachi|
|poke|p1|Landorus-Therian, M|
|poke|p1|Alomomola, F|
|poke|p1|Kingambit, M|
|poke|p2|Ogerpon-Wellspring, F|
|poke|p2|Okidogi, M|
|poke|p2|Landorus-Therian, M|
|poke|p2|Grimmsnarl, M|
|poke|p2|Skeledirge, F|
|poke|p2|Great Tusk|
|teampreview
|inactive|Battle timer is ON: inactive players will automatically lose when time's up. (requested by Mr.D.1622)
|
|t:|1760459461
|teamsize|p1|6
|teamsize|p2|6
|start
|switch|p1a: Landorus|Landorus-Therian, M|100/100
|switch|p2a: Grimmsnarl|Grimmsnarl, M|100/100
|-ability|p1a: Landorus|Intimidate|boost
|-unboost|p2a: Grimmsnarl|atk|1
|turn|1
|inactive|Mr.D.1622 has 120 seconds left.
|
|t:|1760459492
|move|p2a: Grimmsnarl|Parting Shot|p1a: Landorus
|-unboost|p1a: Landorus|atk|1
|-unboost|p1a: Landorus|spa|1
|inactive|Mr.D.1622 has 120 seconds left.
|
|t:|1760459497
|switch|p2a: Great Tusk|Great Tusk|100/100|[from] Parting Shot
|move|p1a: Landorus|Stealth Rock|p2a: Great Tusk
|-sidestart|p2: Mr.D.1622|move: Stealth Rock
|
|upkeep
|turn|2
|
|t:|1760459512
|switch|p1a: Zapdos|Zapdos|100/100
|move|p2a: Great Tusk|Rapid Spin|p1a: Zapdos
|-damage|p1a: Zapdos|90/100
|-boost|p2a: Great Tusk|spe|1
|-sideend|p2: Mr.D.1622|Stealth Rock|[from] move: Rapid Spin|[of] p2a: Great Tusk
|
|upkeep
|turn|3
|inactive|Mr.D.1622 has 120 seconds left.
|
|t:|1760459541
|move|p2a: Great Tusk|Ice Spinner|p1a: Zapdos
|-supereffective|p1a: Zapdos
|-damage|p1a: Zapdos|59/100
|-status|p2a: Great Tusk|par|[from] ability: Static|[of] p1a: Zapdos
|move|p1a: Zapdos|Hurricane|p2a: Great Tusk
|-supereffective|p2a: Great Tusk
|-damage|p2a: Great Tusk|0 fnt
|faint|p2a: Great Tusk
|-end|p2a: Great Tusk|Protosynthesis|[silent]
|
|upkeep
|
|t:|1760459548
|switch|p2a: Grimmsnarl|Grimmsnarl, M|100/100
|turn|4
|
|t:|1760459552
|move|p2a: Grimmsnarl|Light Screen|p2a: Grimmsnarl
|-sidestart|p2: Mr.D.1622|move: Light Screen
|move|p1a: Zapdos|Roost|p1a: Zapdos
|-heal|p1a: Zapdos|100/100
|-singleturn|p1a: Zapdos|move: Roost
|
|upkeep
|turn|5
|
|t:|1760459556
|move|p2a: Grimmsnarl|Parting Shot|p1a: Zapdos
|-unboost|p1a: Zapdos|atk|1
|-unboost|p1a: Zapdos|spa|1
|
|t:|1760459560
|switch|p2a: Landorus|Landorus-Therian, M|100/100|[from] Parting Shot
|-ability|p2a: Landorus|Intimidate|boost
|-unboost|p1a: Zapdos|atk|1
|move|p1a: Zapdos|Substitute|p1a: Zapdos
|-start|p1a: Zapdos|Substitute
|-damage|p1a: Zapdos|76/100
|
|upkeep
|turn|6
|
|t:|1760459573
|move|p2a: Landorus|Stealth Rock|p1a: Zapdos
|-sidestart|p1: GlormbusTemples|move: Stealth Rock
|move|p1a: Zapdos|Hurricane|p2a: Landorus|[miss]
|-miss|p1a: Zapdos|p2a: Landorus
|
|upkeep
|turn|7
|
|t:|1760459577
|move|p2a: Landorus|Smack Down|p1a: Zapdos
|-supereffective|p1a: Zapdos
|-activate|p1a: Zapdos|move: Substitute|[damage]
|move|p1a: Zapdos|Hurricane|p2a: Landorus
|-damage|p2a: Landorus|86/100
|
|upkeep
|turn|8
|
|t:|1760459582
|move|p2a: Landorus|Smack Down|p1a: Zapdos
|-supereffective|p1a: Zapdos
|-end|p1a: Zapdos|Substitute
|move|p1a: Zapdos|Hurricane|p2a: Landorus
|-damage|p2a: Landorus|71/100
|
|upkeep
|turn|9
|
|t:|1760459586
|switch|p1a: Alomomola|Alomomola, F|100/100
|move|p2a: Landorus|Smack Down|p1a: Alomomola
|-damage|p1a: Alomomola|91/100
|
|upkeep
|turn|10
|
|t:|1760459591
|move|p2a: Landorus|U-turn|p1a: Alomomola
|-damage|p1a: Alomomola|78/100
|
|t:|1760459596
|switch|p2a: Grimmsnarl|Grimmsnarl, M|100/100|[from] U-turn
|move|p1a: Alomomola|Body Slam|p2a: Grimmsnarl
|-damage|p2a: Grimmsnarl|88/100
|
|upkeep
|turn|11
|
|t:|1760459606
|switch|p1a: Landorus|Landorus-Therian, M|100/100
|-damage|p1a: Landorus|88/100|[from] Stealth Rock
|-ability|p1a: Landorus|Intimidate|boost
|-unboost|p2a: Grimmsnarl|atk|1
|move|p2a: Grimmsnarl|Reflect|p2a: Grimmsnarl
|-sidestart|p2: Mr.D.1622|Reflect
|
|-sideend|p2: Mr.D.1622|move: Light Screen
|upkeep
|turn|12
|
|t:|1760459610
|move|p2a: Grimmsnarl|Parting Shot|p1a: Landorus
|-unboost|p1a: Landorus|atk|1
|-unboost|p1a: Landorus|spa|1
|
|t:|1760459617
|switch|p2a: Ogerpon|Ogerpon-Wellspring, F|100/100|[from] Parting Shot
|move|p1a: Landorus|Stealth Rock|p2a: Ogerpon
|-sidestart|p2: Mr.D.1622|move: Stealth Rock
|
|upkeep
|turn|13
|
|t:|1760459624
|-terastallize|p1a: Landorus|Water
|move|p2a: Ogerpon|Swords Dance|p2a: Ogerpon
|-boost|p2a: Ogerpon|atk|2
|move|p1a: Landorus|Fling|p2a: Ogerpon
|-damage|p2a: Ogerpon|97/100
|-status|p2a: Ogerpon|par
|-enditem|p1a: Landorus|Light Ball|[from] move: Fling
|
|upkeep
|turn|14
|
|t:|1760459635
|move|p1a: Landorus|Earth Power|p2a: Ogerpon
|-resisted|p2a: Ogerpon
|-damage|p2a: Ogerpon|87/100 par
|move|p2a: Ogerpon|Horn Leech|p1a: Landorus
|-supereffective|p1a: Landorus
|-damage|p1a: Landorus|0 fnt
|-heal|p2a: Ogerpon|100/100 par|[from] drain|[of] p1a: Landorus
|faint|p1a: Landorus
|
|upkeep
|
|t:|1760459639
|switch|p1a: Zapdos|Zapdos|76/100
|turn|15
|inactive|Mr.D.1622 has 120 seconds left.
|
|t:|1760459675
|move|p1a: Zapdos|Substitute|p1a: Zapdos
|-start|p1a: Zapdos|Substitute
|-damage|p1a: Zapdos|51/100
|cant|p2a: Ogerpon|par
|
|upkeep
|turn|16
|inactive|Mr.D.1622 has 120 seconds left.
|
|t:|1760459685
|-terastallize|p2a: Ogerpon|Water
|detailschange|p2a: Ogerpon|Ogerpon-Wellspring-Tera, F, tera:Water
|-ability|p2a: Ogerpon|Embody Aspect (Wellspring)|boost
|-boost|p2a: Ogerpon|spd|1
|move|p1a: Zapdos|Hurricane|p2a: Ogerpon
|-damage|p2a: Ogerpon|72/100 par
|move|p2a: Ogerpon|Ivy Cudgel|p1a: Zapdos|[anim] Ivy Cudgel Water
|-end|p1a: Zapdos|Substitute
|
|upkeep
|turn|17
|
|t:|1760459692
|move|p1a: Zapdos|Substitute|p1a: Zapdos
|-start|p1a: Zapdos|Substitute
|-damage|p1a: Zapdos|26/100
|move|p2a: Ogerpon|Ivy Cudgel|p1a: Zapdos|[anim] Ivy Cudgel Water
|-end|p1a: Zapdos|Substitute
|
|upkeep
|turn|18
|
|t:|1760459698
|move|p1a: Zapdos|Discharge|p2a: Ogerpon
|-supereffective|p2a: Ogerpon
|-damage|p2a: Ogerpon|27/100 par
|cant|p2a: Ogerpon|par
|
|-sideend|p2: Mr.D.1622|Reflect
|upkeep
|turn|19
|
|t:|1760459709
|switch|p2a: Grimmsnarl|Grimmsnarl, M|88/100
|-damage|p2a: Grimmsnarl|76/100|[from] Stealth Rock
|move|p1a: Zapdos|Discharge|p2a: Grimmsnarl
|-crit|p2a: Grimmsnarl
|-damage|p2a: Grimmsnarl|17/100
|
|upkeep
|turn|20
|
|t:|1760459714
|move|p2a: Grimmsnarl|Light Screen|p2a: Grimmsnarl
|-sidestart|p2: Mr.D.1622|move: Light Screen
|move|p1a: Zapdos|Roost|p1a: Zapdos
|-heal|p1a: Zapdos|76/100
|-singleturn|p1a: Zapdos|move: Roost
|
|upkeep
|turn|21
|
|t:|1760459718
|move|p2a: Grimmsnarl|Reflect|p2a: Grimmsnarl
|-sidestart|p2: Mr.D.1622|Reflect
|move|p1a: Zapdos|Substitute|p1a: Zapdos
|-start|p1a: Zapdos|Substitute
|-damage|p1a: Zapdos|51/100
|
|upkeep
|turn|22
|
|t:|1760459726
|move|p2a: Grimmsnarl|Parting Shot|p1a: Zapdos
|-unboost|p1a: Zapdos|atk|1
|-unboost|p1a: Zapdos|spa|1
|
|t:|1760459728
|switch|p2a: Landorus|Landorus-Therian, M|71/100|[from] Parting Shot
|-damage|p2a: Landorus|58/100|[from] Stealth Rock
|-ability|p2a: Landorus|Intimidate|boost
|-immune|p1a: Zapdos
|move|p1a: Zapdos|Roost|p1a: Zapdos
|-heal|p1a: Zapdos|100/100
|-singleturn|p1a: Zapdos|move: Roost
|
|upkeep
|turn|23
|
|t:|1760459736
|move|p2a: Landorus|Smack Down|p1a: Zapdos
|-supereffective|p1a: Zapdos
|-crit|p1a: Zapdos
|-end|p1a: Zapdos|Substitute
|move|p1a: Zapdos|Hurricane|p2a: Landorus
|-damage|p2a: Landorus|44/100
|
|upkeep
|turn|24
|
|t:|1760459746
|switch|p1a: Alomomola|Alomomola, F|100/100
|move|p2a: Landorus|Earthquake|p1a: Alomomola
|-damage|p1a: Alomomola|76/100
|
|upkeep
|turn|25
|
|t:|1760459752
|move|p2a: Landorus|U-turn|p1a: Alomomola
|-crit|p1a: Alomomola
|-damage|p1a: Alomomola|57/100
|
|t:|1760459760
|switch|p2a: Ogerpon|Ogerpon-Wellspring-Tera, F, tera:Water|27/100 par|[from] U-turn
|-damage|p2a: Ogerpon|15/100 par|[from] Stealth Rock
|-ability|p2a: Ogerpon|Embody Aspect (Wellspring)|boost
|-boost|p2a: Ogerpon|spd|1
|move|p1a: Alomomola|Body Slam|p2a: Ogerpon
|-damage|p2a: Ogerpon|6/100 par
|
|upkeep
|turn|26
|
|t:|1760459771
|switch|p1a: Zapdos|Zapdos|100/100
|move|p2a: Ogerpon|Spiky Shield||[still]
|-fail|p2a: Ogerpon
|
|upkeep
|turn|27
|
|t:|1760459778
|move|p1a: Zapdos|Discharge|p2a: Ogerpon
|-supereffective|p2a: Ogerpon
|-damage|p2a: Ogerpon|0 fnt
|faint|p2a: Ogerpon
|detailschange|p2: Ogerpon|Ogerpon-Wellspring, F|[silent]
|
|-sideend|p2: Mr.D.1622|move: Light Screen
|upkeep
|
|t:|1760459783
|switch|p2a: Landorus|Landorus-Therian, M|44/100
|-damage|p2a: Landorus|32/100|[from] Stealth Rock
|-ability|p2a: Landorus|Intimidate|boost
|-unboost|p1a: Zapdos|atk|1
|turn|28
|
|t:|1760459787
|move|p2a: Landorus|U-turn|p1a: Zapdos
|-resisted|p1a: Zapdos
|-damage|p1a: Zapdos|93/100
|-status|p2a: Landorus|par|[from] ability: Static|[of] p1a: Zapdos
|-message|Mr.D.1622 forfeited.
|
|win|GlormbusTemples
|raw|GlormbusTemples's rating: 1229 &rarr; <strong>1250</strong><br />(+21 for winning)
|raw|Mr.D.1622's rating: 1167 &rarr; <strong>1146</strong><br />(-21 for losing)
|l|☆Mr.D.1622
|player|p2|
