|j|☆lawroomshambles
|j|☆itachiisgoated69
|t:|1760330226
|gametype|singles
|player|p1|lawroomshambles|266|1348
|player|p2|itachiisgoated69|lance|1376
|gen|9
|tier|[Gen 9] OU
|rated|
|rule|HP Percentage Mod: HP is shown in percentages
|rule|Endless Battle Clause: Forcing endless battles is banned
|rule|Species Clause: Limit one of each Pokémon
|rule|OHKO Clause: OHKO moves are banned
|rule|Evasion Items Clause: Evasion items are banned
|rule|Evasion Moves Clause: Evasion moves are banned
|rule|Evasion Abilities Clause: Evasion abilities are banned
|rule|Sleep Moves Clause: Sleep-inducing moves are banned
|clearpoke
|poke|p1|Arcanine-Hisui, M|
|poke|p1|Darkrai|
|poke|p1|Great Tusk|
|poke|p1|Hatterene, F|
|poke|p1|Ogerpon-Wellspring, F|
|poke|p1|Zapdos|
|poke|p2|Ursaluna, M|
|poke|p2|Cresselia, F|
|poke|p2|Iron Valiant|
|poke|p2|Hatterene, F|
|poke|p2|Keldeo-Resolute|
|poke|p2|Ogerpon, F|
|teampreview
|
|t:|1760330239
|teamsize|p1|6
|teamsize|p2|6
|start
|switch|p1a: Ogerpon|Ogerpon-Wellspring, F|100/100
|switch|p2a: Ogerpon|Ogerpon, F|100/100
|turn|1
|inactive|Battle timer is ON: inactive players will automatically lose when time's up. (requested by itachiisgoated69)
|
|t:|1760330259
|-terastallize|p2a: Ogerpon|Grass
|detailschange|p2a: Ogerpon|Ogerpon-Teal-Tera, F, tera:Grass
|-ability|p2a: Ogerpon|Embody Aspect (Teal)|boost
|-boost|p2a: Ogerpon|spe|1
|move|p2a: Ogerpon|Ivy Cudgel|p1a: Ogerpon
|-crit|p1a: Ogerpon
|-damage|p1a: Ogerpon|0 fnt
|faint|p1a: Ogerpon
|
|upkeep
|
|t:|1760330267
|switch|p1a: Zapdos|Zapdos|100/100
|turn|2
|
|t:|1760330290
|switch|p2a: Cresselia|Cresselia, F, shiny|100/100
|move|p1a: Zapdos|Hurricane|p2a: Cresselia
|-damage|p2a: Cresselia|75/100
|
|upkeep
|turn|3
|
|t:|1760330298
|move|p1a: Zapdos|Volt Switch|p2a: Cresselia
|-damage|p2a: Cresselia|56/100
|
|t:|1760330304
|switch|p1a: Darkrai|Darkrai|100/100|[from] Volt Switch
|move|p2a: Cresselia|Trick Room|p2a: Cresselia
|-fieldstart|move: Trick Room|[of] p2a: Cresselia
|
|upkeep
|turn|4
|
|t:|1760330326
|switch|p2a: Hatterene|Hatterene, F, shiny|100/100
|switch|p1a: Hatterene|Hatterene, F|100/100
|
|upkeep
|turn|5
|
|t:|1760330338
|move|p2a: Hatterene|Dazzling Gleam|p1a: Hatterene
|-damage|p1a: Hatterene|70/100
|move|p1a: Hatterene|Mystical Fire|p2a: Hatterene
|-damage|p2a: Hatterene|71/100
|-unboost|p2a: Hatterene|spa|1
|
|upkeep
|turn|6
|
|t:|1760330344
|move|p2a: Hatterene|Dazzling Gleam|p1a: Hatterene
|-damage|p1a: Hatterene|50/100
|move|p1a: Hatterene|Draining Kiss|p2a: Hatterene
|-damage|p2a: Hatterene|41/100
|-heal|p1a: Hatterene|72/100|[from] drain|[of] p2a: Hatterene
|
|upkeep
|turn|7
|
|t:|1760330363
|move|p2a: Hatterene|Healing Wish|p2a: Hatterene
|faint|p2a: Hatterene
|move|p1a: Hatterene|Draining Kiss|p2: Hatterene|[notarget]
|-fail|p1a: Hatterene
|
|-fieldend|move: Trick Room
|upkeep
|
|t:|1760330368
|switch|p2a: Cresselia|Cresselia, F, shiny|56/100
|-heal|p2a: Cresselia|100/100|[from] move: Healing Wish
|turn|8
|
|t:|1760330381
|move|p1a: Hatterene|Mystical Fire|p2a: Cresselia
|-crit|p2a: Cresselia
|-damage|p2a: Cresselia|76/100
|-unboost|p2a: Cresselia|spa|1
|move|p2a: Cresselia|Trick Room|p2a: Cresselia
|-fieldstart|move: Trick Room|[of] p2a: Cresselia
|
|upkeep
|turn|9
|
|t:|1760330400
|switch|p2a: Ursaluna|Ursaluna, M, shiny|100/100
|move|p1a: Hatterene|Draining Kiss|p2a: Ursaluna
|-crit|p2a: Ursaluna
|-damage|p2a: Ursaluna|62/100
|-heal|p1a: Hatterene|100/100|[from] drain|[of] p2a: Ursaluna
|
|-status|p2a: Ursaluna|brn|[from] item: Flame Orb
|upkeep
|turn|10
|
|t:|1760330416
|move|p2a: Ursaluna|Facade|p1a: Hatterene
|-damage|p1a: Hatterene|0 fnt
|faint|p1a: Hatterene
|
|-damage|p2a: Ursaluna|56/100 brn|[from] brn
|upkeep
|-message|lawroomshambles forfeited.
|
|win|itachiisgoated69
|raw|lawroomshambles's rating: 1329 &rarr; <strong>1312</strong><br />(-17 for losing)
|raw|itachiisgoated69's rating: 1376 &rarr; <strong>1393</strong><br />(+17 for winning)
|l|☆lawroomshambles
|player|p1|
|l|☆itachiisgoated69
|player|p2|
