|j|☆Scaloppina97
|j|☆nsbs12
|t:|1760435444
|gametype|singles
|player|p1|Scaloppina97|fisherman-gen4|1163
|player|p2|nsbs12|boarder|1213
|gen|9
|tier|[Gen 9] OU
|rated|
|rule|HP Percentage Mod: HP is shown in percentages
|rule|Endless Battle Clause: Forcing endless battles is banned
|rule|Species Clause: Limit one of each Pokémon
|rule|OHKO Clause: OHKO moves are banned
|rule|Evasion Items Clause: Evasion items are banned
|rule|Evasion Moves Clause: Evasion moves are banned
|rule|Evasion Abilities Clause: Evasion abilities are banned
|rule|Sleep Moves Clause: Sleep-inducing moves are banned
|clearpoke
|poke|p1|Gliscor, M|
|poke|p1|Clefable, F|
|poke|p1|Dondozo, M|
|poke|p1|Blissey, F|
|poke|p1|Clodsire, M|
|poke|p1|Corviknight, M|
|poke|p2|Whimsicott, F|
|poke|p2|Gliscor, M|
|poke|p2|Cinderace, F|
|poke|p2|Ting-Lu|
|poke|p2|Pelipper, M|
|poke|p2|Weavile, M|
|teampreview
|
|t:|1760435467
|teamsize|p1|6
|teamsize|p2|6
|start
|switch|p1a: Gliscor|Gliscor, M|100/100
|switch|p2a: Gliscor|Gliscor, M|100/100
|turn|1
|inactive|Battle timer is ON: inactive players will automatically lose when time's up. (requested by nsbs12)
|
|t:|1760435487
|move|p2a: Gliscor|Protect|p2a: Gliscor
|-singleturn|p2a: Gliscor|Protect
|move|p1a: Gliscor|Spikes|p2a: Gliscor
|-sidestart|p2: nsbs12|Spikes
|
|-status|p2a: Gliscor|tox|[from] item: Toxic Orb
|-status|p1a: Gliscor|tox|[from] item: Toxic Orb
|upkeep
|turn|2
|
|t:|1760435494
|switch|p2a: Whimsicott|Whimsicott, F|100/100
|-damage|p2a: Whimsicott|88/100|[from] Spikes
|move|p1a: Gliscor|Spikes|p2a: Whimsicott
|-sidestart|p2: nsbs12|Spikes
|
|-heal|p2a: Whimsicott|94/100|[from] item: Leftovers
|upkeep
|turn|3
|inactive|Scaloppina97 has 120 seconds left.
|
|t:|1760435530
|switch|p1a: Thiccey|Blissey, F|100/100
|move|p2a: Whimsicott|Encore||[still]
|-fail|p2a: Whimsicott
|
|-heal|p2a: Whimsicott|100/100|[from] item: Leftovers
|upkeep
|turn|4
|inactive|Scaloppina97 has 120 seconds left.
|
|t:|1760435542
|move|p2a: Whimsicott|Stun Spore|p1a: Thiccey|[miss]
|-miss|p2a: Whimsicott|p1a: Thiccey
|move|p1a: Thiccey|Seismic Toss|p2a: Whimsicott
|-damage|p2a: Whimsicott|62/100
|
|-heal|p2a: Whimsicott|68/100|[from] item: Leftovers
|upkeep
|turn|5
|
|t:|1760435549
|move|p2a: Whimsicott|Stun Spore|p1a: Thiccey
|-status|p1a: Thiccey|par
|cant|p1a: Thiccey|par
|
|-heal|p2a: Whimsicott|74/100|[from] item: Leftovers
|upkeep
|turn|6
|
|t:|1760435562
|switch|p2a: Cinderace|Cinderace, F|100/100
|move|p1a: Thiccey|Seismic Toss|p2a: Cinderace
|-damage|p2a: Cinderace|67/100
|
|upkeep
|turn|7
|
|t:|1760435574
|-curestatus|p1a: Thiccey|par|[from] ability: Natural Cure
|switch|p1a: Bozo|Dondozo, M|100/100
|move|p2a: Cinderace|Court Change|p2a: Cinderace
|-start|p2a: Cinderace|typechange|Normal|[from] ability: Libero
|-swapsideconditions
|-activate|p2a: Cinderace|move: Court Change
|
|upkeep
|turn|8
|
|t:|1760435582
|switch|p2a: Whimsicott|Whimsicott, F|74/100
|move|p1a: Bozo|Waterfall|p2a: Whimsicott
|-resisted|p2a: Whimsicott
|-damage|p2a: Whimsicott|56/100
|
|-heal|p2a: Whimsicott|62/100|[from] item: Leftovers
|upkeep
|turn|9
|
|t:|1760435592
|switch|p1a: Thiccey|Blissey, F|100/100
|move|p2a: Whimsicott|Cotton Guard|p2a: Whimsicott
|-boost|p2a: Whimsicott|def|3
|
|-heal|p2a: Whimsicott|68/100|[from] item: Leftovers
|upkeep
|turn|10
|
|t:|1760435606
|switch|p2a: Gliscor|Gliscor, M|100/100 tox
|move|p1a: Thiccey|Seismic Toss|p2a: Gliscor
|-damage|p2a: Gliscor|72/100 tox
|
|-heal|p2a: Gliscor|85/100 tox|[from] ability: Poison Heal
|upkeep
|turn|11
|
|t:|1760435619
|switch|p1a: Bozo|Dondozo, M|100/100
|move|p2a: Gliscor|Toxic|p1a: Bozo|[miss]
|-miss|p2a: Gliscor|p1a: Bozo
|
|-heal|p2a: Gliscor|97/100 tox|[from] ability: Poison Heal
|upkeep
|turn|12
|
|t:|1760435625
|move|p2a: Gliscor|Substitute|p2a: Gliscor
|-start|p2a: Gliscor|Substitute
|-damage|p2a: Gliscor|72/100 tox
|move|p1a: Bozo|Waterfall|p2a: Gliscor
|-supereffective|p2a: Gliscor
|-end|p2a: Gliscor|Substitute
|
|-heal|p2a: Gliscor|85/100 tox|[from] ability: Poison Heal
|upkeep
|turn|13
|
|t:|1760435634
|move|p2a: Gliscor|Substitute|p2a: Gliscor
|-start|p2a: Gliscor|Substitute
|-damage|p2a: Gliscor|60/100 tox
|move|p1a: Bozo|Waterfall|p2a: Gliscor
|-supereffective|p2a: Gliscor
|-end|p2a: Gliscor|Substitute
|
|-heal|p2a: Gliscor|72/100 tox|[from] ability: Poison Heal
|upkeep
|turn|14
|
|t:|1760435644
|switch|p2a: Whimsicott|Whimsicott, F|68/100
|move|p1a: Bozo|Waterfall|p2a: Whimsicott
|-resisted|p2a: Whimsicott
|-damage|p2a: Whimsicott|47/100
|
|-heal|p2a: Whimsicott|53/100|[from] item: Leftovers
|upkeep
|turn|15
|
|t:|1760435658
|switch|p2a: Gliscor|Gliscor, M|72/100 tox
|move|p1a: Bozo|Curse|p1a: Bozo
|-unboost|p1a: Bozo|spe|1
|-boost|p1a: Bozo|atk|1
|-boost|p1a: Bozo|def|1
|
|-heal|p2a: Gliscor|85/100 tox|[from] ability: Poison Heal
|upkeep
|turn|16
|
|t:|1760435666
|move|p2a: Gliscor|Toxic|p1a: Bozo
|-status|p1a: Bozo|tox
|move|p1a: Bozo|Waterfall|p2a: Gliscor
|-supereffective|p2a: Gliscor
|-damage|p2a: Gliscor|12/100 tox
|
|-heal|p2a: Gliscor|25/100 tox|[from] ability: Poison Heal
|-damage|p1a: Bozo|94/100 tox|[from] psn
|upkeep
|turn|17
|
|t:|1760435675
|move|p2a: Gliscor|Protect|p2a: Gliscor
|-singleturn|p2a: Gliscor|Protect
|move|p1a: Bozo|Curse|p1a: Bozo
|-unboost|p1a: Bozo|spe|1
|-boost|p1a: Bozo|atk|1
|-boost|p1a: Bozo|def|1
|
|-heal|p2a: Gliscor|37/100 tox|[from] ability: Poison Heal
|-damage|p1a: Bozo|82/100 tox|[from] psn
|upkeep
|turn|18
|
|t:|1760435683
|move|p2a: Gliscor|Substitute|p2a: Gliscor
|-start|p2a: Gliscor|Substitute
|-damage|p2a: Gliscor|12/100 tox
|move|p1a: Bozo|Waterfall|p2a: Gliscor
|-supereffective|p2a: Gliscor
|-end|p2a: Gliscor|Substitute
|
|-heal|p2a: Gliscor|25/100 tox|[from] ability: Poison Heal
|-damage|p1a: Bozo|64/100 tox|[from] psn
|upkeep
|turn|19
|
|t:|1760435692
|move|p2a: Gliscor|Protect|p2a: Gliscor
|-singleturn|p2a: Gliscor|Protect
|move|p1a: Bozo|Waterfall|p2a: Gliscor
|-activate|p2a: Gliscor|move: Protect
|
|-heal|p2a: Gliscor|37/100 tox|[from] ability: Poison Heal
|-damage|p1a: Bozo|39/100 tox|[from] psn
|upkeep
|turn|20
|
|t:|1760435710
|switch|p2a: Whimsicott|Whimsicott, F|53/100
|move|p1a: Bozo|Rest|p1a: Bozo
|-status|p1a: Bozo|slp|[from] move: Rest
|-heal|p1a: Bozo|100/100 slp|[silent]
|
|-heal|p2a: Whimsicott|59/100|[from] item: Leftovers
|upkeep
|turn|21
|
|t:|1760435721
|move|p2a: Whimsicott|Encore|p1a: Bozo
|-start|p1a: Bozo|Encore
|cant|p1a: Bozo|slp
|
|-heal|p2a: Whimsicott|65/100|[from] item: Leftovers
|upkeep
|turn|22
|
|t:|1760435729
|move|p2a: Whimsicott|Moonblast|p1a: Bozo
|-damage|p1a: Bozo|66/100 slp
|cant|p1a: Bozo|slp
|
|-heal|p2a: Whimsicott|71/100|[from] item: Leftovers
|upkeep
|turn|23
|
|t:|1760435738
|switch|p1a: Thiccey|Blissey, F|100/100
|move|p2a: Whimsicott|Moonblast|p1a: Thiccey
|-damage|p1a: Thiccey|89/100
|-unboost|p1a: Thiccey|spa|1
|
|-heal|p2a: Whimsicott|78/100|[from] item: Leftovers
|upkeep
|turn|24
|
|t:|1760435759
|switch|p2a: Pelipper|Pelipper, M|100/100
|-weather|RainDance|[from] ability: Drizzle|[of] p2a: Pelipper
|move|p1a: Thiccey|Shadow Ball|p2a: Pelipper
|-damage|p2a: Pelipper|92/100
|
|-weather|RainDance|[upkeep]
|upkeep
|turn|25
|
|t:|1760435778
|move|p2a: Pelipper|Knock Off|p1a: Thiccey
|-damage|p1a: Thiccey|78/100
|-enditem|p1a: Thiccey|Heavy-Duty Boots|[from] move: Knock Off|[of] p2a: Pelipper
|move|p1a: Thiccey|Seismic Toss|p2a: Pelipper
|-damage|p2a: Pelipper|61/100
|
|-weather|RainDance|[upkeep]
|upkeep
|turn|26
|inactive|nsbs12 has 120 seconds left.
|
|t:|1760435818
|move|p2a: Pelipper|Roost|p2a: Pelipper
|-heal|p2a: Pelipper|100/100
|-singleturn|p2a: Pelipper|move: Roost
|move|p1a: Thiccey|Seismic Toss|p2a: Pelipper
|-damage|p2a: Pelipper|70/100
|
|-weather|RainDance|[upkeep]
|upkeep
|turn|27
|
|t:|1760435830
|switch|p2a: Weavile|Weavile, M, shiny|100/100
|move|p1a: Thiccey|Calm Mind|p1a: Thiccey
|-boost|p1a: Thiccey|spa|1
|-boost|p1a: Thiccey|spd|1
|
|-weather|RainDance|[upkeep]
|upkeep
|turn|28
|
|t:|1760435837
|switch|p1a: Bozo|Dondozo, M|66/100 slp
|move|p2a: Weavile|Triple Axel|p1a: Bozo
|-resisted|p1a: Bozo
|-damage|p1a: Bozo|63/100 slp
|-resisted|p1a: Bozo
|-damage|p1a: Bozo|57/100 slp
|-resisted|p1a: Bozo
|-damage|p1a: Bozo|47/100 slp
|-hitcount|p1a: Bozo|3
|
|-weather|none
|upkeep
|turn|29
|
|t:|1760435848
|switch|p2a: Whimsicott|Whimsicott, F|78/100
|-curestatus|p1a: Bozo|slp|[msg]
|move|p1a: Bozo|Rest|p1a: Bozo
|-status|p1a: Bozo|slp|[from] move: Rest
|-heal|p1a: Bozo|100/100 slp|[silent]
|
|-heal|p2a: Whimsicott|84/100|[from] item: Leftovers
|upkeep
|turn|30
|
|t:|1760435857
|switch|p1a: Gliscor|Gliscor, M|100/100 tox
|move|p2a: Whimsicott|Encore||[still]
|-fail|p2a: Whimsicott
|
|-heal|p2a: Whimsicott|90/100|[from] item: Leftovers
|upkeep
|turn|31
|
|t:|1760435864
|switch|p2a: Gliscor|Gliscor, M|37/100 tox
|move|p1a: Gliscor|Toxic|p2a: Gliscor
|-fail|p2a: Gliscor|tox
|
|-heal|p2a: Gliscor|50/100 tox|[from] ability: Poison Heal
|upkeep
|turn|32
|
|t:|1760435872
|move|p2a: Gliscor|Toxic|p1a: Gliscor
|-fail|p1a: Gliscor|tox
|move|p1a: Gliscor|Spikes|p2a: Gliscor
|-sidestart|p2: nsbs12|Spikes
|
|-heal|p2a: Gliscor|62/100 tox|[from] ability: Poison Heal
|upkeep
|turn|33
|
|t:|1760435879
|switch|p2a: Ting-Lu|Ting-Lu|100/100
|-damage|p2a: Ting-Lu|88/100|[from] Spikes
|-ability|p2a: Ting-Lu|Vessel of Ruin
|move|p1a: Gliscor|Spikes|p2a: Ting-Lu
|-sidestart|p2: nsbs12|Spikes
|
|-heal|p2a: Ting-Lu|94/100|[from] item: Leftovers
|upkeep
|turn|34
|
|t:|1760435897
|switch|p1a: Corviknight|Corviknight, M|100/100
|-ability|p1a: Corviknight|Pressure
|-terastallize|p2a: Ting-Lu|Poison
|move|p2a: Ting-Lu|Stealth Rock|p1a: Corviknight
|-sidestart|p1: Scaloppina97|move: Stealth Rock
|
|-heal|p2a: Ting-Lu|100/100|[from] item: Leftovers
|upkeep
|turn|35
|
|t:|1760435911
|move|p1a: Corviknight|Body Press|p2a: Ting-Lu
|-resisted|p2a: Ting-Lu
|-damage|p2a: Ting-Lu|93/100
|move|p2a: Ting-Lu|Whirlwind|p1a: Corviknight
|drag|p1a: Gliscor|Gliscor, M|100/100 tox
|-damage|p1a: Gliscor|88/100 tox|[from] Stealth Rock
|
|-heal|p2a: Ting-Lu|99/100|[from] item: Leftovers
|-heal|p1a: Gliscor|100/100 tox|[from] ability: Poison Heal
|upkeep
|turn|36
|
|t:|1760435921
|move|p1a: Gliscor|Earthquake|p2a: Ting-Lu
|-supereffective|p2a: Ting-Lu
|-damage|p2a: Ting-Lu|60/100
|move|p2a: Ting-Lu|Whirlwind|p1a: Gliscor
|drag|p1a: Slug|Clodsire, M|100/100
|
|-heal|p2a: Ting-Lu|67/100|[from] item: Leftovers
|upkeep
|turn|37
|
|t:|1760435929
|move|p2a: Ting-Lu|Earthquake|p1a: Slug
|-supereffective|p1a: Slug
|-damage|p1a: Slug|24/100
|move|p1a: Slug|Earthquake|p2a: Ting-Lu
|-supereffective|p2a: Ting-Lu
|-damage|p2a: Ting-Lu|38/100
|
|-heal|p2a: Ting-Lu|44/100|[from] item: Leftovers
|upkeep
|turn|38
|
|t:|1760435938
|switch|p1a: Gliscor|Gliscor, M|100/100 tox
|-damage|p1a: Gliscor|88/100 tox|[from] Stealth Rock
|move|p2a: Ting-Lu|Whirlwind|p1a: Gliscor
|drag|p1a: Thiccey|Blissey, F|78/100
|-damage|p1a: Thiccey|61/100|[from] Spikes
|-damage|p1a: Thiccey|49/100|[from] Stealth Rock
|
|-heal|p2a: Ting-Lu|51/100|[from] item: Leftovers
|upkeep
|turn|39
|
|t:|1760435948
|switch|p1a: Slug|Clodsire, M|24/100
|move|p2a: Ting-Lu|Earthquake|p1a: Slug
|-supereffective|p1a: Slug
|-damage|p1a: Slug|0 fnt
|faint|p1a: Slug
|
|-heal|p2a: Ting-Lu|57/100|[from] item: Leftovers
|upkeep
|
|t:|1760435957
|switch|p1a: Gliscor|Gliscor, M|88/100 tox
|-damage|p1a: Gliscor|75/100 tox|[from] Stealth Rock
|turn|40
|
|t:|1760435961
|move|p1a: Gliscor|Earthquake|p2a: Ting-Lu
|-supereffective|p2a: Ting-Lu
|-damage|p2a: Ting-Lu|23/100
|move|p2a: Ting-Lu|Whirlwind|p1a: Gliscor
|drag|p1a: Corviknight|Corviknight, M|100/100
|-damage|p1a: Corviknight|88/100|[from] Stealth Rock
|-ability|p1a: Corviknight|Pressure
|
|-heal|p2a: Ting-Lu|29/100|[from] item: Leftovers
|upkeep
|turn|41
|
|t:|1760435971
|move|p1a: Corviknight|Brave Bird|p2a: Ting-Lu
|-damage|p2a: Ting-Lu|9/100
|-damage|p1a: Corviknight|79/100|[from] Recoil
|move|p2a: Ting-Lu|Whirlwind|p1a: Corviknight
|drag|p1a: Thiccey|Blissey, F|49/100
|-damage|p1a: Thiccey|32/100|[from] Spikes
|-damage|p1a: Thiccey|20/100|[from] Stealth Rock
|
|-heal|p2a: Ting-Lu|15/100|[from] item: Leftovers
|upkeep
|turn|42
|
|t:|1760435985
|move|p1a: Thiccey|Seismic Toss|p2a: Ting-Lu
|-damage|p2a: Ting-Lu|0 fnt
|faint|p2a: Ting-Lu
|
|upkeep
|
|t:|1760436011
|switch|p2a: Cinderace|Cinderace, F|67/100
|turn|43
|
|t:|1760436030
|move|p2a: Cinderace|Gunk Shot|p1a: Thiccey
|-start|p2a: Cinderace|typechange|Poison|[from] ability: Libero
|-damage|p1a: Thiccey|0 fnt
|faint|p1a: Thiccey
|
|upkeep
|
|t:|1760436040
|switch|p1a: Gliscor|Gliscor, M|75/100 tox
|-damage|p1a: Gliscor|63/100 tox|[from] Stealth Rock
|turn|44
|
|t:|1760436045
|move|p1a: Gliscor|Protect|p1a: Gliscor
|-singleturn|p1a: Gliscor|Protect
|move|p2a: Cinderace|U-turn|p1a: Gliscor
|-activate|p1a: Gliscor|move: Protect
|
|-heal|p1a: Gliscor|75/100 tox|[from] ability: Poison Heal
|upkeep
|turn|45
|
|t:|1760436051
|move|p2a: Cinderace|U-turn|p1a: Gliscor
|-resisted|p1a: Gliscor
|-damage|p1a: Gliscor|69/100 tox
|
|t:|1760436062
|switch|p2a: Weavile|Weavile, M, shiny|100/100|[from] U-turn
|-damage|p2a: Weavile|84/100|[from] Spikes
|move|p1a: Gliscor|Earthquake|p2a: Weavile
|-crit|p2a: Weavile
|-damage|p2a: Weavile|0 fnt
|faint|p2a: Weavile
|
|-heal|p1a: Gliscor|82/100 tox|[from] ability: Poison Heal
|upkeep
|
|t:|1760436071
|switch|p2a: Pelipper|Pelipper, M|70/100
|-weather|RainDance|[from] ability: Drizzle|[of] p2a: Pelipper
|turn|46
|
|t:|1760436079
|switch|p1a: Bozo|Dondozo, M|100/100 slp
|move|p2a: Pelipper|Knock Off|p1a: Bozo
|-damage|p1a: Bozo|95/100 slp
|-enditem|p1a: Bozo|Heavy-Duty Boots|[from] move: Knock Off|[of] p2a: Pelipper
|
|-weather|RainDance|[upkeep]
|upkeep
|turn|47
|
|t:|1760436098
|move|p2a: Pelipper|Hurricane|p1a: Bozo
|-damage|p1a: Bozo|62/100 slp
|cant|p1a: Bozo|slp
|move|p1a: Bozo|Sleep Talk|p1a: Bozo
|move|p1a: Bozo|Rest||[from] move: Sleep Talk|[still]
|-fail|p1a: Bozo
|
|-weather|RainDance|[upkeep]
|upkeep
|turn|48
|
|t:|1760436112
|move|p2a: Pelipper|Hurricane|p1a: Bozo
|-damage|p1a: Bozo|30/100 slp
|-start|p1a: Bozo|confusion
|cant|p1a: Bozo|slp
|-activate|p1a: Bozo|confusion
|move|p1a: Bozo|Sleep Talk|p1a: Bozo
|move|p1a: Bozo|Rest||[from] move: Sleep Talk|[still]
|-fail|p1a: Bozo
|
|-weather|RainDance|[upkeep]
|upkeep
|turn|49
|
|t:|1760436130
|move|p2a: Pelipper|Hurricane|p1a: Bozo
|-damage|p1a: Bozo|0 fnt
|faint|p1a: Bozo
|
|-weather|RainDance|[upkeep]
|upkeep
|
|t:|1760436137
|switch|p1a: Corviknight|Corviknight, M|79/100
|-damage|p1a: Corviknight|67/100|[from] Stealth Rock
|-ability|p1a: Corviknight|Pressure
|turn|50
|
|t:|1760436143
|move|p1a: Corviknight|Roost|p1a: Corviknight
|-heal|p1a: Corviknight|100/100
|-singleturn|p1a: Corviknight|move: Roost
|move|p2a: Pelipper|Roost|p2a: Pelipper
|-heal|p2a: Pelipper|100/100
|-singleturn|p2a: Pelipper|move: Roost
|
|-weather|none
|upkeep
|turn|51
|
|t:|1760436153
|move|p1a: Corviknight|Body Press|p2a: Pelipper
|-resisted|p2a: Pelipper
|-damage|p2a: Pelipper|86/100
|move|p2a: Pelipper|Knock Off|p1a: Corviknight
|-crit|p1a: Corviknight
|-damage|p1a: Corviknight|89/100
|-damage|p2a: Pelipper|69/100|[from] item: Rocky Helmet|[of] p1a: Corviknight
|-enditem|p1a: Corviknight|Rocky Helmet|[from] move: Knock Off|[of] p2a: Pelipper
|
|upkeep
|turn|52
|
|t:|1760436162
|switch|p2a: Cinderace|Cinderace, F|67/100
|move|p1a: Corviknight|Brave Bird|p2a: Cinderace
|-damage|p2a: Cinderace|12/100
|-damage|p1a: Corviknight|76/100|[from] Recoil
|
|upkeep
|turn|53
|
|t:|1760436173
|switch|p1a: Gliscor|Gliscor, M|82/100 tox
|-damage|p1a: Gliscor|69/100 tox|[from] Stealth Rock
|move|p2a: Cinderace|Pyro Ball|p1a: Gliscor
|-damage|p1a: Gliscor|35/100 tox
|
|-heal|p1a: Gliscor|47/100 tox|[from] ability: Poison Heal
|upkeep
|turn|54
|
|t:|1760436197
|switch|p1a: Big Chungus|Clefable, F|100/100
|move|p2a: Cinderace|U-turn|p1a: Big Chungus
|-start|p2a: Cinderace|typechange|Bug|[from] ability: Libero
|-resisted|p1a: Big Chungus
|-damage|p1a: Big Chungus|88/100
|
|t:|1760436207
|switch|p2a: Whimsicott|Whimsicott, F|90/100|[from] U-turn
|-damage|p2a: Whimsicott|73/100|[from] Spikes
|
|-heal|p2a: Whimsicott|79/100|[from] item: Leftovers
|-heal|p1a: Big Chungus|94/100|[from] item: Leftovers
|upkeep
|turn|55
|
|t:|1760436217
|move|p2a: Whimsicott|Stun Spore|p1a: Big Chungus
|-status|p1a: Big Chungus|par
|cant|p1a: Big Chungus|par
|
|-heal|p2a: Whimsicott|86/100|[from] item: Leftovers
|-heal|p1a: Big Chungus|99/100 par|[from] item: Leftovers
|upkeep
|turn|56
|
|t:|1760436225
|move|p2a: Whimsicott|Moonblast|p1a: Big Chungus
|-damage|p1a: Big Chungus|65/100 par
|move|p1a: Big Chungus|Knock Off|p2a: Whimsicott
|-resisted|p2a: Whimsicott
|-damage|p2a: Whimsicott|75/100
|-enditem|p2a: Whimsicott|Leftovers|[from] move: Knock Off|[of] p1a: Big Chungus
|
|-heal|p1a: Big Chungus|71/100 par|[from] item: Leftovers
|upkeep
|turn|57
|
|t:|1760436235
|move|p2a: Whimsicott|Moonblast|p1a: Big Chungus
|-damage|p1a: Big Chungus|33/100 par
|-unboost|p1a: Big Chungus|spa|1
|move|p1a: Big Chungus|Moonlight|p1a: Big Chungus
|-heal|p1a: Big Chungus|83/100 par
|
|-heal|p1a: Big Chungus|89/100 par|[from] item: Leftovers
|upkeep
|turn|58
|
|t:|1760436244
|move|p2a: Whimsicott|Encore|p1a: Big Chungus
|-start|p1a: Big Chungus|Encore
|move|p1a: Big Chungus|Moonlight|p1a: Big Chungus
|-heal|p1a: Big Chungus|100/100 par
|
|upkeep
|turn|59
|
|t:|1760436255
|switch|p1a: Corviknight|Corviknight, M|76/100
|-damage|p1a: Corviknight|63/100|[from] Stealth Rock
|-ability|p1a: Corviknight|Pressure
|move|p2a: Whimsicott|Moonblast|p1a: Corviknight
|-resisted|p1a: Corviknight
|-damage|p1a: Corviknight|46/100
|
|upkeep
|turn|60
|
|t:|1760436266
|move|p2a: Whimsicott|Stun Spore|p1a: Corviknight
|-status|p1a: Corviknight|par
|move|p1a: Corviknight|Brave Bird|p2a: Whimsicott
|-supereffective|p2a: Whimsicott
|-damage|p2a: Whimsicott|0 fnt
|faint|p2a: Whimsicott
|-damage|p1a: Corviknight|30/100 par|[from] Recoil
|
|upkeep
|
|t:|1760436274
|switch|p2a: Cinderace|Cinderace, F|12/100
|turn|61
|
|t:|1760436289
|-terastallize|p1a: Corviknight|Dragon
|move|p2a: Cinderace|Pyro Ball|p1a: Corviknight
|-resisted|p1a: Corviknight
|-damage|p1a: Corviknight|13/100 par
|move|p1a: Corviknight|Brave Bird|p2a: Cinderace
|-damage|p2a: Cinderace|0 fnt
|faint|p2a: Cinderace
|-damage|p1a: Corviknight|10/100 par|[from] Recoil
|
|upkeep
|
|t:|1760436298
|switch|p2a: Pelipper|Pelipper, M|69/100
|-weather|RainDance|[from] ability: Drizzle|[of] p2a: Pelipper
|turn|62
|
|t:|1760436302
|move|p2a: Pelipper|Surf|p1a: Corviknight
|-resisted|p1a: Corviknight
|-damage|p1a: Corviknight|0 fnt
|faint|p1a: Corviknight
|
|-weather|RainDance|[upkeep]
|upkeep
|
|t:|1760436309
|switch|p1a: Big Chungus|Clefable, F|100/100 par
|turn|63
|
|t:|1760436315
|move|p2a: Pelipper|Hurricane|p1a: Big Chungus
|-damage|p1a: Big Chungus|66/100 par
|-start|p1a: Big Chungus|confusion
|-activate|p1a: Big Chungus|confusion
|move|p1a: Big Chungus|Moonblast|p2a: Pelipper
|-damage|p2a: Pelipper|40/100
|-unboost|p2a: Pelipper|spa|1
|
|-weather|RainDance|[upkeep]
|-heal|p1a: Big Chungus|72/100 par|[from] item: Leftovers
|upkeep
|turn|64
|
|t:|1760436327
|move|p2a: Pelipper|Roost|p2a: Pelipper
|-heal|p2a: Pelipper|90/100
|-singleturn|p2a: Pelipper|move: Roost
|-end|p1a: Big Chungus|confusion
|move|p1a: Big Chungus|Moonblast|p2a: Pelipper
|-damage|p2a: Pelipper|60/100
|
|-weather|RainDance|[upkeep]
|-heal|p1a: Big Chungus|78/100 par|[from] item: Leftovers
|upkeep
|turn|65
|
|t:|1760436336
|move|p2a: Pelipper|Knock Off|p1a: Big Chungus
|-resisted|p1a: Big Chungus
|-damage|p1a: Big Chungus|73/100 par
|-enditem|p1a: Big Chungus|Leftovers|[from] move: Knock Off|[of] p2a: Pelipper
|move|p1a: Big Chungus|Moonblast|p2a: Pelipper
|-damage|p2a: Pelipper|31/100
|
|-weather|RainDance|[upkeep]
|upkeep
|turn|66
|
|t:|1760436343
|move|p2a: Pelipper|Roost|p2a: Pelipper
|-heal|p2a: Pelipper|81/100
|-singleturn|p2a: Pelipper|move: Roost
|move|p1a: Big Chungus|Moonblast|p2a: Pelipper
|-damage|p2a: Pelipper|52/100
|
|-weather|none
|upkeep
|turn|67
|
|t:|1760436350
|move|p2a: Pelipper|Roost|p2a: Pelipper
|-heal|p2a: Pelipper|100/100
|-singleturn|p2a: Pelipper|move: Roost
|cant|p1a: Big Chungus|par
|
|upkeep
|turn|68
|
|t:|1760436355
|switch|p2a: Gliscor|Gliscor, M|62/100 tox
|move|p1a: Big Chungus|Moonblast|p2a: Gliscor
|-damage|p2a: Gliscor|37/100 tox
|
|-heal|p2a: Gliscor|49/100 tox|[from] ability: Poison Heal
|upkeep
|turn|69
|
|t:|1760436366
|move|p2a: Gliscor|Earthquake|p1a: Big Chungus
|-damage|p1a: Big Chungus|50/100 par
|cant|p1a: Big Chungus|par
|
|-heal|p2a: Gliscor|62/100 tox|[from] ability: Poison Heal
|upkeep
|turn|70
|
|t:|1760436377
|switch|p1a: Gliscor|Gliscor, M|47/100 tox
|-damage|p1a: Gliscor|35/100 tox|[from] Stealth Rock
|move|p2a: Gliscor|Substitute|p2a: Gliscor
|-start|p2a: Gliscor|Substitute
|-damage|p2a: Gliscor|37/100 tox
|
|-heal|p1a: Gliscor|47/100 tox|[from] ability: Poison Heal
|-heal|p2a: Gliscor|49/100 tox|[from] ability: Poison Heal
|upkeep
|turn|71
|
|t:|1760436386
|move|p1a: Gliscor|Spikes|p2a: Gliscor
|-sidestart|p2: nsbs12|Spikes
|move|p2a: Gliscor|Toxic|p1a: Gliscor|[miss]
|-miss|p2a: Gliscor|p1a: Gliscor
|
|-heal|p2a: Gliscor|62/100 tox|[from] ability: Poison Heal
|-heal|p1a: Gliscor|60/100 tox|[from] ability: Poison Heal
|upkeep
|turn|72
|
|t:|1760436395
|move|p2a: Gliscor|Toxic|p1a: Gliscor|[miss]
|-miss|p2a: Gliscor|p1a: Gliscor
|move|p1a: Gliscor|Spikes||[still]
|-fail|p1a: Gliscor
|
|-heal|p1a: Gliscor|72/100 tox|[from] ability: Poison Heal
|-heal|p2a: Gliscor|74/100 tox|[from] ability: Poison Heal
|upkeep
|turn|73
|
|t:|1760436404
|move|p1a: Gliscor|Earthquake|p2a: Gliscor
|-immune|p2a: Gliscor
|move|p2a: Gliscor|Toxic|p1a: Gliscor
|-fail|p1a: Gliscor|tox
|
|-heal|p2a: Gliscor|87/100 tox|[from] ability: Poison Heal
|-heal|p1a: Gliscor|85/100 tox|[from] ability: Poison Heal
|upkeep
|turn|74
|
|t:|1760436413
|move|p1a: Gliscor|Spikes||[still]
|-fail|p1a: Gliscor
|move|p2a: Gliscor|Toxic|p1a: Gliscor
|-fail|p1a: Gliscor|tox
|
|-heal|p2a: Gliscor|99/100 tox|[from] ability: Poison Heal
|-heal|p1a: Gliscor|97/100 tox|[from] ability: Poison Heal
|upkeep
|turn|75
|
|t:|1760436420
|move|p2a: Gliscor|Toxic|p1a: Gliscor
|-fail|p1a: Gliscor|tox
|move|p1a: Gliscor|Spikes||[still]
|-fail|p1a: Gliscor
|
|-heal|p2a: Gliscor|100/100 tox|[from] ability: Poison Heal
|-heal|p1a: Gliscor|100/100 tox|[from] ability: Poison Heal
|upkeep
|turn|76
|
|t:|1760436427
|move|p1a: Gliscor|Spikes||[still]
|-fail|p1a: Gliscor
|move|p2a: Gliscor|Toxic|p1a: Gliscor|[miss]
|-miss|p2a: Gliscor|p1a: Gliscor
|
|upkeep
|turn|77
|
|t:|1760436433
|move|p1a: Gliscor|Toxic||[still]
|-fail|p1a: Gliscor
|move|p2a: Gliscor|Toxic|p1a: Gliscor|[miss]
|-miss|p2a: Gliscor|p1a: Gliscor
|
|upkeep
|turn|78
|
|t:|1760436440
|move|p1a: Gliscor|Toxic||[still]
|-fail|p1a: Gliscor
|move|p2a: Gliscor|Toxic|p1a: Gliscor|[miss]
|-miss|p2a: Gliscor|p1a: Gliscor
|
|upkeep
|turn|79
|
|t:|1760436445
|move|p1a: Gliscor|Spikes||[still]
|-fail|p1a: Gliscor
|move|p2a: Gliscor|Toxic|p1a: Gliscor
|-fail|p1a: Gliscor|tox
|
|upkeep
|turn|80
|
|t:|1760436451
|move|p2a: Gliscor|Substitute|p2a: Gliscor
|-fail|p2a: Gliscor|move: Substitute
|move|p1a: Gliscor|Spikes||[still]
|-fail|p1a: Gliscor
|
|upkeep
|turn|81
|
|t:|1760436452
|move|p2a: Gliscor|Protect|p2a: Gliscor
|-singleturn|p2a: Gliscor|Protect
|move|p1a: Gliscor|Spikes||[still]
|-fail|p1a: Gliscor
|
|upkeep
|turn|82
|
|t:|1760436454
|move|p2a: Gliscor|Substitute|p2a: Gliscor
|-fail|p2a: Gliscor|move: Substitute
|move|p1a: Gliscor|Spikes||[still]
|-fail|p1a: Gliscor
|
|upkeep
|turn|83
|
|t:|1760436457
|move|p2a: Gliscor|Protect|p2a: Gliscor
|-singleturn|p2a: Gliscor|Protect
|move|p1a: Gliscor|Spikes||[still]
|-fail|p1a: Gliscor
|
|upkeep
|turn|84
|
|t:|1760436461
|switch|p2a: Pelipper|Pelipper, M|100/100
|-weather|RainDance|[from] ability: Drizzle|[of] p2a: Pelipper
|move|p1a: Gliscor|Spikes||[still]
|-fail|p1a: Gliscor
|
|-weather|RainDance|[upkeep]
|upkeep
|turn|85
|
|t:|1760436469
|move|p1a: Gliscor|Toxic|p2a: Pelipper
|-status|p2a: Pelipper|tox
|move|p2a: Pelipper|Surf|p1a: Gliscor
|-supereffective|p1a: Gliscor
|-damage|p1a: Gliscor|0 fnt
|faint|p1a: Gliscor
|
|-weather|RainDance|[upkeep]
|-damage|p2a: Pelipper|94/100 tox|[from] psn
|upkeep
|
|t:|1760436477
|switch|p1a: Big Chungus|Clefable, F|50/100 par
|turn|86
|
|t:|1760436482
|move|p2a: Pelipper|Surf|p1a: Big Chungus
|-damage|p1a: Big Chungus|8/100 par
|cant|p1a: Big Chungus|par
|
|-weather|RainDance|[upkeep]
|-damage|p2a: Pelipper|82/100 tox|[from] psn
|upkeep
|turn|87
|
|t:|1760436488
|move|p2a: Pelipper|Surf|p1a: Big Chungus
|-damage|p1a: Big Chungus|0 fnt
|faint|p1a: Big Chungus
|
|win|nsbs12
|raw|Scaloppina97's rating: 1163 &rarr; <strong>1142</strong><br />(-21 for losing)
|raw|nsbs12's rating: 1213 &rarr; <strong>1234</strong><br />(+21 for winning)
|l|☆nsbs12
|player|p2|
|l|☆Scaloppina97
|player|p1|
