|j|☆pcklee
|j|☆goshdarnittt
|t:|1760457353
|gametype|singles
|player|p1|pcklee|102|1696
|player|p2|goshdarnittt|2|1650
|gen|9
|tier|[Gen 9] OU
|rated|
|rule|HP Percentage Mod: HP is shown in percentages
|rule|Endless Battle Clause: Forcing endless battles is banned
|rule|Species Clause: Limit one of each Pokémon
|rule|OHKO Clause: OHKO moves are banned
|rule|Evasion Items Clause: Evasion items are banned
|rule|Evasion Moves Clause: Evasion moves are banned
|rule|Evasion Abilities Clause: Evasion abilities are banned
|rule|Sleep Moves Clause: Sleep-inducing moves are banned
|clearpoke
|poke|p1|Ninetales, M|
|poke|p1|Walking Wake|
|poke|p1|Hatterene, F|
|poke|p1|Great Tusk|
|poke|p1|Lilligant-Hisui, F|
|poke|p1|Scizor, M|
|poke|p2|Tornadus-Therian, M|
|poke|p2|Great Tusk|
|poke|p2|Alomomola, F|
|poke|p2|Slowking-Galar, F|
|poke|p2|Dragonite, M|
|poke|p2|Clefable, M|
|teampreview
|
|t:|1760457365
|teamsize|p1|6
|teamsize|p2|6
|start
|switch|p1a: Ninetales|Ninetales, M|100/100
|switch|p2a: Slowking|Slowking-Galar, F|100/100
|-weather|SunnyDay|[from] ability: Drought|[of] p1a: Ninetales
|turn|1
|inactive|Battle timer is ON: inactive players will automatically lose when time's up. (requested by goshdarnittt)
|
|t:|1760457396
|switch|p1a: Scizor|Scizor, M|100/100
|move|p2a: Slowking|Future Sight|p1a: Scizor
|-start|p2a: Slowking|move: Future Sight
|
|-weather|SunnyDay|[upkeep]
|upkeep
|turn|2
|
|t:|1760457405
|move|p1a: Scizor|Knock Off|p2a: Slowking
|-supereffective|p2a: Slowking
|-damage|p2a: Slowking|0 fnt
|-enditem|p2a: Slowking|Assault Vest|[from] move: Knock Off|[of] p1a: Scizor
|faint|p2a: Slowking
|
|-weather|SunnyDay|[upkeep]
|upkeep
|
|t:|1760457417
|switch|p2a: Tornadus|Tornadus-Therian, M|100/100
|turn|3
|
|t:|1760457448
|switch|p1a: Hatterene|Hatterene, F|100/100
|move|p2a: Tornadus|Bleakwind Storm|p1a: Hatterene
|-damage|p1a: Hatterene|63/100
|-unboost|p1a: Hatterene|spe|1
|-enditem|p1a: Hatterene|Eject Button
|inactive|pcklee has 120 seconds left.
|
|t:|1760457481
|switch|p1a: Walking Wake|Walking Wake|100/100
|-activate|p1a: Walking Wake|ability: Protosynthesis
|-start|p1a: Walking Wake|protosynthesisspe
|
|-weather|SunnyDay|[upkeep]
|-end|p1a: Walking Wake|move: Future Sight
|-damage|p1a: Walking Wake|49/100
|upkeep
|turn|4
|
|t:|1760457500
|switch|p2a: Alomomola|Alomomola, F|100/100
|move|p1a: Walking Wake|Draco Meteor|p2a: Alomomola
|-damage|p2a: Alomomola|0 fnt
|-unboost|p1a: Walking Wake|spa|2
|faint|p2a: Alomomola
|-damage|p1a: Walking Wake|39/100|[from] item: Life Orb
|
|-weather|SunnyDay|[upkeep]
|upkeep
|
|t:|1760457507
|switch|p2a: Clefable|Clefable, M|100/100
|turn|5
|
|t:|1760457522
|-end|p1a: Walking Wake|Protosynthesis|[silent]
|switch|p1a: Hatterene|Hatterene, F|63/100
|move|p2a: Clefable|Stealth Rock|p1a: Hatterene
|move|p1a: Hatterene|Stealth Rock|p2a: Clefable|[from] ability: Magic Bounce
|-sidestart|p2: goshdarnittt|move: Stealth Rock
|
|-weather|SunnyDay|[upkeep]
|upkeep
|turn|6
|inactive|pcklee has 90 seconds left.
|
|t:|1760457540
|switch|p2a: Great Tusk|Great Tusk|100/100
|-damage|p2a: Great Tusk|98/100|[from] Stealth Rock
|-activate|p2a: Great Tusk|ability: Protosynthesis
|-start|p2a: Great Tusk|protosynthesisspe
|move|p1a: Hatterene|Nuzzle|p2a: Great Tusk
|-immune|p2a: Great Tusk
|
|-weather|SunnyDay|[upkeep]
|upkeep
|turn|7
|inactive|pcklee has 90 seconds left.
|
|t:|1760457562
|-end|p2a: Great Tusk|Protosynthesis|[silent]
|switch|p2a: Clefable|Clefable, M|100/100
|move|p1a: Hatterene|Psychic Noise|p2a: Clefable
|-crit|p2a: Clefable
|-damage|p2a: Clefable|69/100
|-start|p2a: Clefable|move: Heal Block
|
|-weather|SunnyDay|[upkeep]
|upkeep
|turn|8
|inactive|pcklee has 90 seconds left.
|
|t:|1760457577
|move|p2a: Clefable|Moonblast|p1a: Hatterene
|-damage|p1a: Hatterene|40/100
|move|p1a: Hatterene|Psychic Noise|p2a: Clefable
|-damage|p2a: Clefable|46/100
|
|-weather|none
|-end|p2a: Clefable|move: Heal Block
|upkeep
|turn|9
|inactive|pcklee has 90 seconds left.
|
|t:|1760457598
|move|p2a: Clefable|Knock Off|p1a: Hatterene
|-damage|p1a: Hatterene|28/100
|move|p1a: Hatterene|Healing Wish|p1a: Hatterene
|faint|p1a: Hatterene
|
|-heal|p2a: Clefable|52/100|[from] item: Leftovers
|upkeep
|
|t:|1760457604
|switch|p1a: Ninetales|Ninetales, M|100/100
|-weather|SunnyDay|[from] ability: Drought|[of] p1a: Ninetales
|turn|10
|inactive|pcklee has 90 seconds left.
|inactive|pcklee has 60 seconds left.
|
|t:|1760457640
|switch|p1a: Scizor|Scizor, M|100/100
|move|p2a: Clefable|Moonlight|p2a: Clefable
|-heal|p2a: Clefable|100/100
|
|-weather|SunnyDay|[upkeep]
|upkeep
|turn|11
|
|t:|1760457650
|switch|p2a: Great Tusk|Great Tusk|98/100
|-damage|p2a: Great Tusk|95/100|[from] Stealth Rock
|-activate|p2a: Great Tusk|ability: Protosynthesis
|-start|p2a: Great Tusk|protosynthesisspe
|move|p1a: Scizor|U-turn|p2a: Great Tusk
|-resisted|p2a: Great Tusk
|-damage|p2a: Great Tusk|76/100
|-damage|p1a: Scizor|84/100|[from] item: Rocky Helmet|[of] p2a: Great Tusk
|
|t:|1760457658
|switch|p1a: Walking Wake|Walking Wake|39/100|[from] U-turn
|-heal|p1a: Walking Wake|100/100|[from] move: Healing Wish
|-activate|p1a: Walking Wake|ability: Protosynthesis
|-start|p1a: Walking Wake|protosynthesisspe
|
|-weather|SunnyDay|[upkeep]
|upkeep
|turn|12
|inactive|pcklee has 60 seconds left.
|
|t:|1760457674
|-terastallize|p1a: Walking Wake|Water
|-terastallize|p2a: Great Tusk|Water
|move|p1a: Walking Wake|Hydro Steam|p2a: Great Tusk
|-resisted|p2a: Great Tusk
|-damage|p2a: Great Tusk|12/100
|-damage|p1a: Walking Wake|91/100|[from] item: Life Orb
|move|p2a: Great Tusk|Rapid Spin|p1a: Walking Wake
|-damage|p1a: Walking Wake|74/100
|-boost|p2a: Great Tusk|spe|1
|-sideend|p2: goshdarnittt|Stealth Rock|[from] move: Rapid Spin|[of] p2a: Great Tusk
|
|-weather|SunnyDay|[upkeep]
|upkeep
|turn|13
|inactive|pcklee has 60 seconds left.
|
|t:|1760457690
|-end|p1a: Walking Wake|Protosynthesis|[silent]
|switch|p1a: Scizor|Scizor, M|84/100
|move|p2a: Great Tusk|Headlong Rush|p1a: Scizor
|-damage|p1a: Scizor|32/100
|-unboost|p2a: Great Tusk|def|1
|-unboost|p2a: Great Tusk|spd|1
|
|-weather|SunnyDay|[upkeep]
|upkeep
|turn|14
|inactive|goshdarnittt has 120 seconds left.
|
|t:|1760457721
|move|p1a: Scizor|Bullet Punch|p2a: Great Tusk
|-resisted|p2a: Great Tusk
|-damage|p2a: Great Tusk|0 fnt
|-damage|p1a: Scizor|15/100|[from] item: Rocky Helmet|[of] p2a: Great Tusk
|faint|p2a: Great Tusk
|-end|p2a: Great Tusk|Protosynthesis|[silent]
|
|-weather|SunnyDay|[upkeep]
|upkeep
|
|t:|1760457723
|switch|p2a: Dragonite|Dragonite, M|100/100
|turn|15
|
|t:|1760457729
|move|p1a: Scizor|Bullet Punch|p2a: Dragonite
|-damage|p2a: Dragonite|74/100
|move|p2a: Dragonite|Dragon Dance|p2a: Dragonite
|-boost|p2a: Dragonite|atk|1
|-boost|p2a: Dragonite|spe|1
|
|-weather|SunnyDay|[upkeep]
|upkeep
|turn|16
|inactive|goshdarnittt has 120 seconds left.
|
|t:|1760457751
|move|p1a: Scizor|Bullet Punch|p2a: Dragonite
|-damage|p2a: Dragonite|18/100
|move|p2a: Dragonite|Dragon Dance|p2a: Dragonite
|-boost|p2a: Dragonite|atk|1
|-boost|p2a: Dragonite|spe|1
|
|-weather|SunnyDay|[upkeep]
|upkeep
|turn|17
|
|t:|1760457762
|move|p2a: Dragonite|Extreme Speed|p1a: Scizor
|-resisted|p1a: Scizor
|-damage|p1a: Scizor|0 fnt
|faint|p1a: Scizor
|
|-weather|none
|upkeep
|inactive|pcklee has 60 seconds left.
|
|t:|1760457797
|switch|p1a: Great Tusk|Great Tusk|100/100
|turn|18
|
|t:|1760457805
|switch|p2a: Clefable|Clefable, M|100/100
|move|p1a: Great Tusk|Ice Spinner|p2a: Clefable
|-damage|p2a: Clefable|73/100
|
|-heal|p2a: Clefable|79/100|[from] item: Leftovers
|upkeep
|turn|19
|inactive|pcklee has 60 seconds left.
|inactive|goshdarnittt has 120 seconds left.
|inactive|pcklee has 30 seconds left.
|inactive|pcklee has 20 seconds left.
|inactive|pcklee has 15 seconds left.
|
|t:|1760457859
|move|p1a: Great Tusk|Headlong Rush|p2a: Clefable
|-damage|p2a: Clefable|18/100
|-unboost|p1a: Great Tusk|def|1
|-unboost|p1a: Great Tusk|spd|1
|move|p2a: Clefable|Stealth Rock|p1a: Great Tusk
|-sidestart|p1: pcklee|move: Stealth Rock
|
|-heal|p2a: Clefable|24/100|[from] item: Leftovers
|upkeep
|turn|20
|inactive|pcklee has 25 seconds left this turn.
|inactive|pcklee has 20 seconds left.
|inactive|pcklee has 15 seconds left.
|inactive|pcklee has 10 seconds left.
|inactive|pcklee has 5 seconds left.
|inactive|goshdarnittt has 90 seconds left.
|
|t:|1760457890
|move|p1a: Great Tusk|Headlong Rush|p2a: Clefable
|-damage|p2a: Clefable|0 fnt
|-unboost|p1a: Great Tusk|def|1
|-unboost|p1a: Great Tusk|spd|1
|faint|p2a: Clefable
|
|upkeep
|
|t:|1760457893
|switch|p2a: Tornadus|Tornadus-Therian, M|100/100
|turn|21
|inactive|pcklee has 20 seconds left this turn.
|inactive|pcklee has 15 seconds left.
|
|t:|1760457901
|move|p2a: Tornadus|Bleakwind Storm|p1a: Great Tusk
|-supereffective|p1a: Great Tusk
|-damage|p1a: Great Tusk|0 fnt
|faint|p1a: Great Tusk
|-end|p1a: Great Tusk|Protosynthesis|[silent]
|
|upkeep
|inactive|pcklee has 20 seconds left this turn.
|inactive|pcklee has 15 seconds left.
|
|t:|1760457907
|switch|p1a: Ninetales|Ninetales, M|100/100
|-damage|p1a: Ninetales|76/100|[from] Stealth Rock
|-weather|SunnyDay|[from] ability: Drought|[of] p1a: Ninetales
|turn|22
|inactive|pcklee has 25 seconds left this turn.
|inactive|pcklee has 20 seconds left.
|
|t:|1760457920
|move|p2a: Tornadus|Bleakwind Storm|p1a: Ninetales
|-damage|p1a: Ninetales|31/100
|move|p1a: Ninetales|Healing Wish|p1a: Ninetales
|faint|p1a: Ninetales
|
|-weather|SunnyDay|[upkeep]
|upkeep
|inactive|pcklee has 25 seconds left this turn.
|inactive|pcklee has 20 seconds left.
|inactive|pcklee has 15 seconds left.
|
|t:|1760457930
|switch|p1a: Walking Wake|Walking Wake, tera:Water|74/100
|-heal|p1a: Walking Wake|100/100|[from] move: Healing Wish
|-damage|p1a: Walking Wake|88/100|[from] Stealth Rock
|-activate|p1a: Walking Wake|ability: Protosynthesis
|-start|p1a: Walking Wake|protosynthesisspe
|turn|23
|inactive|pcklee has 25 seconds left this turn.
|inactive|pcklee has 20 seconds left.
|
|t:|1760457940
|switch|p2a: Dragonite|Dragonite, M|18/100
|move|p1a: Walking Wake|Hydro Steam|p2a: Dragonite
|-resisted|p2a: Dragonite
|-damage|p2a: Dragonite|0 fnt
|faint|p2a: Dragonite
|-damage|p1a: Walking Wake|78/100|[from] item: Life Orb
|
|-weather|SunnyDay|[upkeep]
|upkeep
|
|t:|1760457944
|switch|p2a: Tornadus|Tornadus-Therian, M|100/100
|turn|24
|inactive|pcklee has 30 seconds left.
|
|t:|1760457950
|move|p1a: Walking Wake|Hydro Steam|p2a: Tornadus
|-damage|p2a: Tornadus|0 fnt
|faint|p2a: Tornadus
|-damage|p1a: Walking Wake|68/100|[from] item: Life Orb
|
|win|pcklee
|raw|pcklee's rating: 1696 &rarr; <strong>1713</strong><br />(+17 for winning)
|raw|goshdarnittt's rating: 1650 &rarr; <strong>1633</strong><br />(-17 for losing)
|l|☆goshdarnittt
|player|p2|
|c|☆pcklee|gg
|l|☆pcklee
|player|p1|
