|j|‽tsurugi951
|j|☆vvv1105
|t:|1760433033
|gametype|singles
|player|p1|tsurugi951|2|1327
|player|p2|vvv1105|crasherwake|1313
|gen|9
|tier|[Gen 9] OU
|rated|
|rule|HP Percentage Mod: HP is shown in percentages
|rule|Endless Battle Clause: Forcing endless battles is banned
|rule|Species Clause: Limit one of each Pokémon
|rule|OHKO Clause: OHKO moves are banned
|rule|Evasion Items Clause: Evasion items are banned
|rule|Evasion Moves Clause: Evasion moves are banned
|rule|Evasion Abilities Clause: Evasion abilities are banned
|rule|Sleep Moves Clause: Sleep-inducing moves are banned
|clearpoke
|poke|p1|Iron Moth|
|poke|p1|Weezing-Galar, F|
|poke|p1|Moltres-Galar|
|poke|p1|Iron Treads|
|poke|p1|Iron Hands|
|poke|p1|Alomomola, F|
|poke|p2|Kingambit, F|
|poke|p2|Cinderace, F|
|poke|p2|Landorus-Therian, M|
|poke|p2|Iron Valiant|
|poke|p2|Kyurem|
|poke|p2|Slowking-Galar, M|
|teampreview
|
|t:|1760433050
|teamsize|p1|6
|teamsize|p2|6
|start
|switch|p1a: Weezing|Weezing-Galar, F|100/100
|switch|p2a: Chillionaire|Slowking-Galar, M, shiny|100/100
|turn|1
|
|t:|1760433070
|switch|p1a: Iron Treads|Iron Treads|100/100
|move|p2a: Chillionaire|Future Sight|p1a: Iron Treads
|-start|p2a: Chillionaire|move: Future Sight
|
|upkeep
|turn|2
|
|t:|1760433091
|move|p1a: Iron Treads|Ice Spinner|p2a: Chillionaire
|-damage|p2a: Chillionaire|63/100
|-damage|p1a: Iron Treads|91/100|[from] item: Life Orb
|-prepare|p2a: Chillionaire|Chilly Reception|[premajor]
|move|p2a: Chillionaire|Chilly Reception|p2a: Chillionaire
|-weather|Snowscape
|
|t:|1760433099
|switch|p2a: Mr. Freeze|Kyurem, shiny|100/100|[from] Chilly Reception
|-ability|p2a: Mr. Freeze|Pressure
|
|-weather|Snowscape|[upkeep]
|upkeep
|turn|3
|
|t:|1760433110
|move|p2a: Mr. Freeze|Substitute|p2a: Mr. Freeze
|-start|p2a: Mr. Freeze|Substitute
|-damage|p2a: Mr. Freeze|75/100
|move|p1a: Iron Treads|Iron Head|p2a: Mr. Freeze
|-supereffective|p2a: Mr. Freeze
|-end|p2a: Mr. Freeze|Substitute
|-damage|p1a: Iron Treads|81/100|[from] item: Life Orb
|
|-weather|Snowscape|[upkeep]
|-end|p1a: Iron Treads|move: Future Sight
|-resisted|p1a: Iron Treads
|-damage|p1a: Iron Treads|53/100
|-heal|p2a: Mr. Freeze|82/100|[from] item: Leftovers
|upkeep
|turn|4
|
|t:|1760433132
|move|p2a: Mr. Freeze|Body Press|p1a: Iron Treads
|-supereffective|p1a: Iron Treads
|-damage|p1a: Iron Treads|29/100
|move|p1a: Iron Treads|Iron Head|p2a: Mr. Freeze
|-supereffective|p2a: Mr. Freeze
|-damage|p2a: Mr. Freeze|18/100
|-damage|p1a: Iron Treads|19/100|[from] item: Life Orb
|
|-weather|Snowscape|[upkeep]
|-heal|p2a: Mr. Freeze|24/100|[from] item: Leftovers
|upkeep
|turn|5
|
|t:|1760433148
|-end|p1a: Iron Treads|Quark Drive|[silent]
|switch|p1a: Weezing|Weezing-Galar, F|100/100
|move|p2a: Mr. Freeze|Freeze-Dry|p1a: Weezing
|-crit|p1a: Weezing
|-damage|p1a: Weezing|50/100
|
|-weather|Snowscape|[upkeep]
|-heal|p2a: Mr. Freeze|30/100|[from] item: Leftovers
|upkeep
|turn|6
|
|t:|1760433159
|-terastallize|p1a: Weezing|Fire
|move|p2a: Mr. Freeze|Freeze-Dry|p1a: Weezing
|-resisted|p1a: Weezing
|-damage|p1a: Weezing|34/100
|move|p1a: Weezing|Dazzling Gleam|p2a: Mr. Freeze
|-supereffective|p2a: Mr. Freeze
|-damage|p2a: Mr. Freeze|0 fnt
|faint|p2a: Mr. Freeze
|
|-weather|none
|upkeep
|
|t:|1760433179
|switch|p2a: Homelandor|Landorus-Therian, M, shiny|100/100
|-ability|p2a: Homelandor|Intimidate|boost
|-unboost|p1a: Weezing|atk|1
|turn|7
|
|t:|1760433187
|move|p2a: Homelandor|U-turn|p1a: Weezing
|-resisted|p1a: Weezing
|-damage|p1a: Weezing|26/100
|
|t:|1760433192
|switch|p2a: Chillionaire|Slowking-Galar, M, shiny|97/100|[from] U-turn
|move|p1a: Weezing|Dazzling Gleam|p2a: Chillionaire
|-resisted|p2a: Chillionaire
|-damage|p2a: Chillionaire|88/100
|
|upkeep
|turn|8
|
|t:|1760433202
|switch|p1a: Iron Treads|Iron Treads|19/100
|move|p2a: Chillionaire|Thunder Wave|p1a: Iron Treads
|-immune|p1a: Iron Treads
|
|upkeep
|turn|9
|
|t:|1760433210
|move|p1a: Iron Treads|Earthquake|p2a: Chillionaire
|-supereffective|p2a: Chillionaire
|-damage|p2a: Chillionaire|0 fnt
|faint|p2a: Chillionaire
|-damage|p1a: Iron Treads|9/100|[from] item: Life Orb
|
|upkeep
|
|t:|1760433223
|switch|p2a: Kristine|Cinderace, F, shiny|100/100
|turn|10
|
|t:|1760433228
|-end|p1a: Iron Treads|Quark Drive|[silent]
|switch|p1a: Alomomola|Alomomola, F|100/100
|move|p2a: Kristine|U-turn|p1a: Alomomola
|-crit|p1a: Alomomola
|-damage|p1a: Alomomola|83/100
|-damage|p2a: Kristine|84/100|[from] item: Rocky Helmet|[of] p1a: Alomomola
|
|t:|1760433238
|switch|p2a: Homelandor|Landorus-Therian, M, shiny|100/100|[from] U-turn
|-ability|p2a: Homelandor|Intimidate|boost
|-unboost|p1a: Alomomola|atk|1
|
|upkeep
|turn|11
|
|t:|1760433244
|move|p2a: Homelandor|Stealth Rock|p1a: Alomomola
|-sidestart|p1: tsurugi951|move: Stealth Rock
|move|p1a: Alomomola|Wish|p1a: Alomomola
|
|upkeep
|turn|12
|
|t:|1760433259
|switch|p2a: WALL-Y|Iron Valiant|100/100
|-enditem|p2a: WALL-Y|Booster Energy
|-activate|p2a: WALL-Y|ability: Quark Drive|[fromitem]
|-start|p2a: WALL-Y|quarkdrivespe
|move|p1a: Alomomola|Flip Turn|p2a: WALL-Y
|-damage|p2a: WALL-Y|86/100
|
|t:|1760433268
|switch|p1a: Iron Treads|Iron Treads|9/100|[from] Flip Turn
|-damage|p1a: Iron Treads|6/100|[from] Stealth Rock
|
|-heal|p1a: Iron Treads|76/100|[from] move: Wish|[wisher] Alomomola
|upkeep
|turn|13
|
|t:|1760433285
|-terastallize|p2a: WALL-Y|Ghost
|move|p2a: WALL-Y|Shadow Ball|p1a: Iron Treads
|-damage|p1a: Iron Treads|29/100
|move|p1a: Iron Treads|Rapid Spin|p2a: WALL-Y
|-immune|p2a: WALL-Y
|
|upkeep
|turn|14
|
|t:|1760433297
|move|p2a: WALL-Y|Calm Mind|p2a: WALL-Y
|-boost|p2a: WALL-Y|spa|1
|-boost|p2a: WALL-Y|spd|1
|move|p1a: Iron Treads|Iron Head|p2a: WALL-Y
|-damage|p2a: WALL-Y|12/100
|-damage|p1a: Iron Treads|19/100|[from] item: Life Orb
|
|upkeep
|turn|15
|
|t:|1760433305
|move|p2a: WALL-Y|Shadow Ball|p1a: Iron Treads
|-damage|p1a: Iron Treads|0 fnt
|faint|p1a: Iron Treads
|-end|p1a: Iron Treads|Quark Drive|[silent]
|
|upkeep
|
|t:|1760433314
|switch|p1a: Iron Hands|Iron Hands|100/100
|-damage|p1a: Iron Hands|94/100|[from] Stealth Rock
|turn|16
|
|t:|1760433322
|move|p2a: WALL-Y|Moonblast|p1a: Iron Hands
|-supereffective|p1a: Iron Hands
|-damage|p1a: Iron Hands|0 fnt
|faint|p1a: Iron Hands
|-end|p1a: Iron Hands|Quark Drive|[silent]
|
|upkeep
|
|t:|1760433328
|switch|p1a: Iron Moth|Iron Moth|100/100
|-damage|p1a: Iron Moth|76/100|[from] Stealth Rock
|-enditem|p1a: Iron Moth|Booster Energy
|-activate|p1a: Iron Moth|ability: Quark Drive|[fromitem]
|-start|p1a: Iron Moth|quarkdrivespe
|turn|17
|
|t:|1760433334
|move|p2a: WALL-Y|Shadow Ball|p1a: Iron Moth
|-damage|p1a: Iron Moth|19/100
|move|p1a: Iron Moth|Fiery Dance|p2a: WALL-Y
|-damage|p2a: WALL-Y|0 fnt
|faint|p2a: WALL-Y
|-end|p2a: WALL-Y|Quark Drive|[silent]
|
|upkeep
|
|t:|1760433345
|switch|p2a: Homelandor|Landorus-Therian, M, shiny|100/100
|-ability|p2a: Homelandor|Intimidate|boost
|-unboost|p1a: Iron Moth|atk|1
|turn|18
|
|t:|1760433354
|move|p1a: Iron Moth|Fiery Dance|p2a: Homelandor
|-damage|p2a: Homelandor|56/100
|move|p2a: Homelandor|Psychic|p1a: Iron Moth
|-supereffective|p1a: Iron Moth
|-damage|p1a: Iron Moth|0 fnt
|faint|p1a: Iron Moth
|-end|p1a: Iron Moth|Quark Drive|[silent]
|
|upkeep
|
|t:|1760433365
|switch|p1a: Alomomola|Alomomola, F|100/100
|-damage|p1a: Alomomola|88/100|[from] Stealth Rock
|turn|19
|
|t:|1760433379
|move|p2a: Homelandor|Psychic|p1a: Alomomola
|-damage|p1a: Alomomola|65/100
|move|p1a: Alomomola|Wish|p1a: Alomomola
|
|upkeep
|turn|20
|
|t:|1760433386
|move|p2a: Homelandor|Earth Power|p1a: Alomomola
|-damage|p1a: Alomomola|28/100
|move|p1a: Alomomola|Scald|p2a: Homelandor
|-supereffective|p2a: Homelandor
|-damage|p2a: Homelandor|28/100
|
|-heal|p1a: Alomomola|78/100|[from] move: Wish|[wisher] Alomomola
|upkeep
|turn|21
|inactive|Battle timer is ON: inactive players will automatically lose when time's up. (requested by vvv1105)
|inactive|tsurugi951 has 120 seconds left.
|
|t:|1760433494
|move|p2a: Homelandor|Earth Power|p1a: Alomomola
|-damage|p1a: Alomomola|40/100
|-unboost|p1a: Alomomola|spd|1
|move|p1a: Alomomola|Wish|p1a: Alomomola
|
|upkeep
|turn|22
|
|t:|1760433502
|switch|p1a: Weezing|Weezing-Galar, F, tera:Fire|26/100
|-damage|p1a: Weezing|1/100|[from] Stealth Rock
|move|p2a: Homelandor|Earth Power|p1a: Weezing
|-immune|p1a: Weezing|[from] ability: Levitate
|
|-heal|p1a: Weezing|81/100|[from] move: Wish|[wisher] Alomomola
|upkeep
|turn|23
|
|t:|1760433514
|move|p2a: Homelandor|Psychic|p1a: Weezing
|-damage|p1a: Weezing|60/100
|move|p1a: Weezing|Dazzling Gleam|p2a: Homelandor
|-damage|p2a: Homelandor|0 fnt
|faint|p2a: Homelandor
|
|upkeep
|
|t:|1760433524
|switch|p2a: Daenerys|Kingambit, F|100/100
|-activate|p2a: Daenerys|ability: Supreme Overlord
|-start|p2a: Daenerys|fallen4|[silent]
|turn|24
|
|t:|1760433531
|move|p2a: Daenerys|Swords Dance|p2a: Daenerys
|-boost|p2a: Daenerys|atk|2
|move|p1a: Weezing|Flamethrower|p2a: Daenerys
|-supereffective|p2a: Daenerys
|-damage|p2a: Daenerys|14/100
|
|-heal|p2a: Daenerys|20/100|[from] item: Leftovers
|upkeep
|turn|25
|
|t:|1760433540
|move|p2a: Daenerys|Sucker Punch|p1a: Weezing
|-damage|p1a: Weezing|0 fnt
|faint|p1a: Weezing
|
|-heal|p2a: Daenerys|26/100|[from] item: Leftovers
|upkeep
|
|t:|1760433546
|switch|p1a: Alomomola|Alomomola, F|74/100
|-damage|p1a: Alomomola|61/100|[from] Stealth Rock
|turn|26
|
|t:|1760433560
|move|p2a: Daenerys|Kowtow Cleave|p1a: Alomomola
|-damage|p1a: Alomomola|0 fnt
|-damage|p2a: Daenerys|9/100|[from] item: Rocky Helmet|[of] p1a: Alomomola
|faint|p1a: Alomomola
|
|-heal|p2a: Daenerys|16/100|[from] item: Leftovers
|upkeep
|
|t:|1760433567
|switch|p1a: Moltres|Moltres-Galar|100/100
|-damage|p1a: Moltres|75/100|[from] Stealth Rock
|turn|27
|
|t:|1760433577
|move|p1a: Moltres|Tailwind|p1a: Moltres
|-sidestart|p1: tsurugi951|move: Tailwind
|move|p2a: Daenerys|Iron Head|p1a: Moltres
|-damage|p1a: Moltres|0 fnt
|faint|p1a: Moltres
|
|win|vvv1105
|raw|tsurugi951's rating: 1327 &rarr; <strong>1306</strong><br />(-21 for losing)
|raw|vvv1105's rating: 1313 &rarr; <strong>1334</strong><br />(+21 for winning)
|l|☆vvv1105
|player|p2|
