|j|‽tsurugi951
|j|☆Lord Yug
|t:|1760428904
|gametype|singles
|player|p1|tsurugi951|2|1266
|player|p2|Lord Yug|hilbert|1221
|gen|9
|tier|[Gen 9] OU
|rated|
|rule|HP Percentage Mod: HP is shown in percentages
|rule|Endless Battle Clause: Forcing endless battles is banned
|rule|Species Clause: Limit one of each Pokémon
|rule|OHKO Clause: OHKO moves are banned
|rule|Evasion Items Clause: Evasion items are banned
|rule|Evasion Moves Clause: Evasion moves are banned
|rule|Evasion Abilities Clause: Evasion abilities are banned
|rule|Sleep Moves Clause: Sleep-inducing moves are banned
|clearpoke
|poke|p1|Iron Moth|
|poke|p1|Weezing-Galar, M|
|poke|p1|Moltres-Galar|
|poke|p1|Iron Treads|
|poke|p1|Iron Hands|
|poke|p1|Alomomola, M|
|poke|p2|Scizor, F|
|poke|p2|Primarina, M|
|poke|p2|Iron Moth|
|poke|p2|Rillaboom, M|
|poke|p2|Glimmora, F|
|poke|p2|Corviknight, M|
|teampreview
|inactive|Battle timer is ON: inactive players will automatically lose when time's up. (requested by Lord Yug)
|
|t:|1760428926
|teamsize|p1|6
|teamsize|p2|6
|start
|switch|p1a: Iron Hands|Iron Hands|100/100
|switch|p2a: Rillaboom|Rillaboom, M|100/100
|-fieldstart|move: Grassy Terrain|[from] ability: Grassy Surge|[of] p2a: Rillaboom
|turn|1
|
|t:|1760428941
|move|p1a: Iron Hands|Fake Out|p2a: Rillaboom
|-damage|p2a: Rillaboom|81/100
|cant|p2a: Rillaboom|flinch
|
|-heal|p2a: Rillaboom|87/100|[from] Grassy Terrain
|upkeep
|turn|2
|
|t:|1760428947
|move|p2a: Rillaboom|U-turn|p1a: Iron Hands
|-resisted|p1a: Iron Hands
|-damage|p1a: Iron Hands|93/100
|
|t:|1760428950
|switch|p2a: Glimmora|Glimmora, F|100/100|[from] U-turn
|move|p1a: Iron Hands|Close Combat|p2a: Glimmora
|-damage|p2a: Glimmora|5/100
|-unboost|p1a: Iron Hands|def|1
|-unboost|p1a: Iron Hands|spd|1
|-activate|p2a: Glimmora|ability: Toxic Debris
|-sidestart|p1: tsurugi951|move: Toxic Spikes
|
|-heal|p2a: Glimmora|12/100|[from] Grassy Terrain
|-heal|p1a: Iron Hands|99/100|[from] Grassy Terrain
|upkeep
|turn|3
|
|t:|1760428972
|-end|p1a: Iron Hands|Quark Drive|[silent]
|switch|p1a: Weezing|Weezing-Galar, M|100/100
|move|p2a: Glimmora|Stealth Rock|p1a: Weezing
|-sidestart|p1: tsurugi951|move: Stealth Rock
|
|-heal|p2a: Glimmora|18/100|[from] Grassy Terrain
|upkeep
|turn|4
|
|t:|1760428984
|move|p2a: Glimmora|Earth Power|p1a: Weezing
|-immune|p1a: Weezing|[from] ability: Levitate
|move|p1a: Weezing|Flamethrower|p2a: Glimmora
|-resisted|p2a: Glimmora
|-damage|p2a: Glimmora|1/100
|-status|p2a: Glimmora|brn
|
|-heal|p2a: Glimmora|7/100 brn|[from] Grassy Terrain
|-damage|p2a: Glimmora|1/100 brn|[from] brn
|upkeep
|turn|5
|
|t:|1760429000
|switch|p2a: Primarina|Primarina, M|100/100
|move|p1a: Weezing|Dazzling Gleam|p2a: Primarina
|-damage|p2a: Primarina|81/100
|
|-heal|p2a: Primarina|87/100|[from] Grassy Terrain
|upkeep
|turn|6
|inactive|tsurugi951 has 120 seconds left.
|
|t:|1760429020
|switch|p1a: Iron Treads|Iron Treads|100/100
|-damage|p1a: Iron Treads|97/100|[from] Stealth Rock
|move|p2a: Primarina|Surf|p1a: Iron Treads
|-supereffective|p1a: Iron Treads
|-damage|p1a: Iron Treads|0 fnt
|faint|p1a: Iron Treads
|-end|p1a: Iron Treads|Quark Drive|[silent]
|
|-heal|p2a: Primarina|93/100|[from] Grassy Terrain
|upkeep
|inactive|tsurugi951 has 120 seconds left.
|
|t:|1760429038
|switch|p1a: Weezing|Weezing-Galar, M|100/100
|-damage|p1a: Weezing|88/100|[from] Stealth Rock
|turn|7
|
|t:|1760429060
|move|p2a: Primarina|Surf|p1a: Weezing
|-damage|p1a: Weezing|39/100
|move|p1a: Weezing|Sludge Bomb|p2a: Primarina
|-supereffective|p2a: Primarina
|-damage|p2a: Primarina|44/100
|-status|p2a: Primarina|psn
|
|-heal|p2a: Primarina|50/100 psn|[from] Grassy Terrain
|-damage|p2a: Primarina|38/100 psn|[from] psn
|upkeep
|turn|8
|inactive|tsurugi951 has 120 seconds left.
|
|t:|1760429071
|move|p2a: Primarina|Surf|p1a: Weezing
|-damage|p1a: Weezing|0 fnt
|faint|p1a: Weezing
|
|-heal|p2a: Primarina|44/100 psn|[from] Grassy Terrain
|-damage|p2a: Primarina|31/100 psn|[from] psn
|-fieldend|move: Grassy Terrain
|upkeep
|
|t:|1760429080
|switch|p1a: Moltres|Moltres-Galar|100/100
|-damage|p1a: Moltres|75/100|[from] Stealth Rock
|turn|9
|
|t:|1760429095
|switch|p2a: Scizor|Scizor, F|100/100
|move|p1a: Moltres|Tailwind|p1a: Moltres
|-sidestart|p1: tsurugi951|move: Tailwind
|
|upkeep
|turn|10
|
|t:|1760429107
|move|p1a: Moltres|Taunt|p2a: Scizor
|-start|p2a: Scizor|move: Taunt
|move|p2a: Scizor|Close Combat|p1a: Moltres
|-damage|p1a: Moltres|0 fnt
|-unboost|p2a: Scizor|def|1
|-unboost|p2a: Scizor|spd|1
|faint|p1a: Moltres
|
|upkeep
|-message|tsurugi951 forfeited.
|
|win|Lord Yug
|raw|tsurugi951's rating: 1266 &rarr; <strong>1238</strong><br />(-28 for losing)
|raw|Lord Yug's rating: 1221 &rarr; <strong>1249</strong><br />(+28 for winning)
|l|‽tsurugi951
|player|p1|
|l|☆Lord Yug
|player|p2|
