|j|☆chedeqing
|j|☆Rectusempra
|t:|1760453692
|gametype|singles
|player|p1|chedeqing|firebreather|1502
|player|p2|Rectusempra|169|1553
|gen|9
|tier|[Gen 9] OU
|rated|
|rule|HP Percentage Mod: HP is shown in percentages
|rule|Endless Battle Clause: Forcing endless battles is banned
|rule|Species Clause: Limit one of each Pokémon
|rule|OHKO Clause: OHKO moves are banned
|rule|Evasion Items Clause: Evasion items are banned
|rule|Evasion Moves Clause: Evasion moves are banned
|rule|Evasion Abilities Clause: Evasion abilities are banned
|rule|Sleep Moves Clause: Sleep-inducing moves are banned
|clearpoke
|poke|p1|Braviary-Hisui, M|
|poke|p1|Garchomp, F|
|poke|p1|Iron Valiant|
|poke|p1|Skeledirge, F|
|poke|p1|Iron Treads|
|poke|p1|Kingambit, M|
|poke|p2|Iron Treads|
|poke|p2|Ogerpon-Wellspring, F|
|poke|p2|Kingambit, M|
|poke|p2|Raging Bolt|
|poke|p2|Iron Valiant|
|poke|p2|Great Tusk|
|teampreview
|inactive|Battle timer is ON: inactive players will automatically lose when time's up. (requested by Rectusempra)
|l|☆Rectusempra
|inactive|Rectusempra disconnected and has a minute to reconnect!
|player|p2|
|j|☆Rectusempra
|inactive|Rectusempra reconnected and has 110 seconds left.
|player|p2|Rectusempra|169|
|
|t:|1760453741
|teamsize|p1|6
|teamsize|p2|6
|start
|switch|p1a: 鹰击长空|Braviary-Hisui, M|100/100
|switch|p2a: Iron Treads|Iron Treads|100/100
|turn|1
|
|t:|1760453747
|move|p2a: Iron Treads|Knock Off|p1a: 鹰击长空
|-supereffective|p1a: 鹰击长空
|-damage|p1a: 鹰击长空|27/100
|-enditem|p1a: 鹰击长空|Life Orb|[from] move: Knock Off|[of] p2a: Iron Treads
|move|p1a: 鹰击长空|Heat Wave|p2a: Iron Treads
|-supereffective|p2a: Iron Treads
|-enditem|p2a: Iron Treads|Focus Sash
|-damage|p2a: Iron Treads|1/100
|
|upkeep
|turn|2
|
|t:|1760453756
|move|p1a: 鹰击长空|Vacuum Wave|p2a: Iron Treads
|-supereffective|p2a: Iron Treads
|-damage|p2a: Iron Treads|0 fnt
|faint|p2a: Iron Treads
|-end|p2a: Iron Treads|Quark Drive|[silent]
|
|upkeep
|
|t:|1760453759
|switch|p2a: Ogerpon|Ogerpon-Wellspring, F|100/100
|turn|3
|
|t:|1760453767
|move|p2a: Ogerpon|Ivy Cudgel|p1a: 鹰击长空|[anim] Ivy Cudgel Water
|-crit|p1a: 鹰击长空
|-damage|p1a: 鹰击长空|0 fnt
|faint|p1a: 鹰击长空
|
|upkeep
|
|t:|1760453773
|switch|p1a: 龙舞天|Garchomp, F|100/100
|turn|4
|
|t:|1760453777
|move|p2a: Ogerpon|Swords Dance|p2a: Ogerpon
|-boost|p2a: Ogerpon|atk|2
|move|p1a: 龙舞天|Scale Shot|p2a: Ogerpon
|-damage|p2a: Ogerpon|84/100
|-damage|p2a: Ogerpon|68/100
|-damage|p2a: Ogerpon|50/100
|-damage|p2a: Ogerpon|33/100
|-hitcount|p2a: Ogerpon|4
|-unboost|p1a: 龙舞天|def|1
|-boost|p1a: 龙舞天|spe|1
|
|upkeep
|turn|5
|
|t:|1760453790
|move|p1a: 龙舞天|Scale Shot|p2a: Ogerpon
|-damage|p2a: Ogerpon|15/100
|-damage|p2a: Ogerpon|0 fnt
|faint|p2a: Ogerpon
|-hitcount|p2: Ogerpon|2
|-unboost|p1a: 龙舞天|def|1
|-boost|p1a: 龙舞天|spe|1
|
|upkeep
|
|t:|1760453793
|switch|p2a: Iron Valiant|Iron Valiant|100/100
|-enditem|p2a: Iron Valiant|Booster Energy
|-activate|p2a: Iron Valiant|ability: Quark Drive|[fromitem]
|-start|p2a: Iron Valiant|quarkdrivespe
|turn|6
|inactive|chedeqing has 120 seconds left.
|
|t:|1760453840
|-terastallize|p1a: 龙舞天|Fire
|move|p1a: 龙舞天|Earthquake|p2a: Iron Valiant
|-damage|p2a: Iron Valiant|37/100
|move|p2a: Iron Valiant|Moonblast|p1a: 龙舞天
|-resisted|p1a: 龙舞天
|-damage|p1a: 龙舞天|73/100
|
|upkeep
|turn|7
|
|t:|1760453847
|move|p1a: 龙舞天|Earthquake|p2a: Iron Valiant
|-damage|p2a: Iron Valiant|0 fnt
|faint|p2a: Iron Valiant
|-end|p2a: Iron Valiant|Quark Drive|[silent]
|
|upkeep
|
|t:|1760453850
|switch|p2a: Great Tusk|Great Tusk|100/100
|-enditem|p2a: Great Tusk|Booster Energy
|-activate|p2a: Great Tusk|ability: Protosynthesis|[fromitem]
|-start|p2a: Great Tusk|protosynthesisspe
|turn|8
|inactive|chedeqing has 120 seconds left.
|
|t:|1760453866
|move|p1a: 龙舞天|Tera Blast|p2a: Great Tusk|[anim] Tera Blast Fire
|-damage|p2a: Great Tusk|76/100
|move|p2a: Great Tusk|Bulk Up|p2a: Great Tusk
|-boost|p2a: Great Tusk|atk|1
|-boost|p2a: Great Tusk|def|1
|
|upkeep
|turn|9
|
|t:|1760453873
|switch|p1a: 武者|Iron Valiant, shiny|100/100
|-enditem|p1a: 武者|Booster Energy
|-activate|p1a: 武者|ability: Quark Drive|[fromitem]
|-start|p1a: 武者|quarkdrivespe
|move|p2a: Great Tusk|Rapid Spin|p1a: 武者
|-damage|p1a: 武者|72/100
|-boost|p2a: Great Tusk|spe|1
|
|upkeep
|turn|10
|inactive|chedeqing has 120 seconds left.
|
|t:|1760453882
|move|p2a: Great Tusk|Headlong Rush|p1a: 武者
|-damage|p1a: 武者|0 fnt
|-unboost|p2a: Great Tusk|def|1
|-unboost|p2a: Great Tusk|spd|1
|faint|p1a: 武者
|-end|p1a: 武者|Quark Drive|[silent]
|
|upkeep
|j| Pikmin 13
|inactive|chedeqing has 120 seconds left.
|
|t:|1760453889
|switch|p1a: 雄关漫道真如铁|Iron Treads|100/100
|-item|p1a: 雄关漫道真如铁|Air Balloon
|turn|11
|inactive|chedeqing has 120 seconds left.
|
|t:|1760453903
|move|p2a: Great Tusk|Ice Spinner|p1a: 雄关漫道真如铁
|-damage|p1a: 雄关漫道真如铁|71/100
|-enditem|p1a: 雄关漫道真如铁|Air Balloon
|move|p1a: 雄关漫道真如铁|Ice Spinner|p2a: Great Tusk
|-supereffective|p2a: Great Tusk
|-damage|p2a: Great Tusk|46/100
|
|upkeep
|turn|12
|inactive|chedeqing has 120 seconds left.
|
|t:|1760453918
|move|p2a: Great Tusk|Headlong Rush|p1a: 雄关漫道真如铁
|-supereffective|p1a: 雄关漫道真如铁
|-damage|p1a: 雄关漫道真如铁|0 fnt
|-unboost|p2a: Great Tusk|def|1
|-unboost|p2a: Great Tusk|spd|1
|faint|p1a: 雄关漫道真如铁
|-end|p1a: 雄关漫道真如铁|Quark Drive|[silent]
|
|upkeep
|
|t:|1760453934
|switch|p1a: 火光万丈|Skeledirge, F|100/100
|turn|13
|
|t:|1760453939
|move|p2a: Great Tusk|Headlong Rush|p1a: 火光万丈
|-supereffective|p1a: 火光万丈
|-damage|p1a: 火光万丈|32/100
|-unboost|p2a: Great Tusk|def|1
|-unboost|p2a: Great Tusk|spd|1
|move|p1a: 火光万丈|Torch Song|p2a: Great Tusk
|-damage|p2a: Great Tusk|4/100
|-boost|p1a: 火光万丈|spa|1
|
|upkeep
|turn|14
|inactive|chedeqing has 120 seconds left.
|
|t:|1760453958
|switch|p1a: 龙舞天|Garchomp, F, tera:Fire|73/100
|move|p2a: Great Tusk|Headlong Rush|p1a: 龙舞天
|-supereffective|p1a: 龙舞天
|-damage|p1a: 龙舞天|0 fnt
|-unboost|p2a: Great Tusk|def|1
|-unboost|p2a: Great Tusk|spd|1
|-damage|p2a: Great Tusk|0 fnt|[from] ability: Rough Skin|[of] p1a: 龙舞天
|faint|p1a: 龙舞天
|faint|p2a: Great Tusk
|-end|p2a: Great Tusk|Protosynthesis|[silent]
|
|upkeep
|
|t:|1760453968
|switch|p1a: 一夫当关，万夫莫开|Kingambit, M, shiny|100/100
|switch|p2a: Kingambit|Kingambit, M|100/100
|-activate|p2a: Kingambit|ability: Supreme Overlord
|-start|p2a: Kingambit|fallen4|[silent]
|-activate|p1a: 一夫当关，万夫莫开|ability: Supreme Overlord
|-start|p1a: 一夫当关，万夫莫开|fallen4|[silent]
|turn|15
|l|☆Rectusempra
|inactive|Rectusempra disconnected and has a minute to reconnect!
|player|p2|
|j|☆Rectusempra
|inactive|Rectusempra reconnected and has 140 seconds left.
|player|p2|Rectusempra|169|
|
|t:|1760453985
|move|p2a: Kingambit|Swords Dance|p2a: Kingambit
|-boost|p2a: Kingambit|atk|2
|move|p1a: 一夫当关，万夫莫开|Swords Dance|p1a: 一夫当关，万夫莫开
|-boost|p1a: 一夫当关，万夫莫开|atk|2
|
|upkeep
|turn|16
|
|t:|1760454005
|move|p2a: Kingambit|Iron Head|p1a: 一夫当关，万夫莫开
|-resisted|p1a: 一夫当关，万夫莫开
|-damage|p1a: 一夫当关，万夫莫开|50/100
|move|p1a: 一夫当关，万夫莫开|Kowtow Cleave|p2a: Kingambit
|-resisted|p2a: Kingambit
|-damage|p2a: Kingambit|36/100
|
|-heal|p1a: 一夫当关，万夫莫开|57/100|[from] item: Leftovers
|upkeep
|turn|17
|
|t:|1760454014
|move|p2a: Kingambit|Kowtow Cleave|p1a: 一夫当关，万夫莫开
|-resisted|p1a: 一夫当关，万夫莫开
|-damage|p1a: 一夫当关，万夫莫开|3/100
|move|p1a: 一夫当关，万夫莫开|Kowtow Cleave|p2a: Kingambit
|-resisted|p2a: Kingambit
|-damage|p2a: Kingambit|0 fnt
|faint|p2a: Kingambit
|-end|p2a: Kingambit|fallen4|[silent]
|
|-heal|p1a: 一夫当关，万夫莫开|9/100|[from] item: Leftovers
|upkeep
|
|t:|1760454017
|switch|p2a: Raging Bolt|Raging Bolt|100/100
|-enditem|p2a: Raging Bolt|Booster Energy
|-activate|p2a: Raging Bolt|ability: Protosynthesis|[fromitem]
|-start|p2a: Raging Bolt|protosynthesisspa
|turn|18
|
|t:|1760454027
|move|p2a: Raging Bolt|Thunderclap||[still]
|-fail|p2a: Raging Bolt
|move|p1a: 一夫当关，万夫莫开|Swords Dance|p1a: 一夫当关，万夫莫开
|-boost|p1a: 一夫当关，万夫莫开|atk|2
|
|-heal|p1a: 一夫当关，万夫莫开|15/100|[from] item: Leftovers
|upkeep
|turn|19
|inactive|chedeqing has 120 seconds left.
|
|t:|1760454035
|move|p2a: Raging Bolt|Thunderclap||[still]
|-fail|p2a: Raging Bolt
|move|p1a: 一夫当关，万夫莫开|Swords Dance|p1a: 一夫当关，万夫莫开
|-boost|p1a: 一夫当关，万夫莫开|atk|2
|
|-heal|p1a: 一夫当关，万夫莫开|21/100|[from] item: Leftovers
|upkeep
|turn|20
|inactive|chedeqing has 120 seconds left.
|
|t:|1760454050
|move|p2a: Raging Bolt|Thunderclap||[still]
|-fail|p2a: Raging Bolt
|move|p1a: 一夫当关，万夫莫开|Swords Dance|p1a: 一夫当关，万夫莫开
|-boost|p1a: 一夫当关，万夫莫开|atk|0
|
|-heal|p1a: 一夫当关，万夫莫开|27/100|[from] item: Leftovers
|upkeep
|turn|21
|
|t:|1760454060
|-terastallize|p2a: Raging Bolt|Fairy
|move|p2a: Raging Bolt|Thunderbolt|p1a: 一夫当关，万夫莫开
|-damage|p1a: 一夫当关，万夫莫开|0 fnt
|faint|p1a: 一夫当关，万夫莫开
|-end|p1a: 一夫当关，万夫莫开|fallen4|[silent]
|
|upkeep
|-message|chedeqing forfeited.
|
|win|Rectusempra
|raw|chedeqing's rating: 1502 &rarr; <strong>1485</strong><br />(-17 for losing)
|raw|Rectusempra's rating: 1553 &rarr; <strong>1570</strong><br />(+17 for winning)
|l|☆chedeqing
|player|p1|
|l| Pikmin 13
|l|☆Rectusempra
|player|p2|
|j|☆Rectusempra
|player|p2|Rectusempra|169|
|l|☆Rectusempra
|player|p2|
