|j|☆eros maniac
|j|☆lolproplayer
|t:|1760447957
|gametype|singles
|player|p1|eros maniac|hilbert-wonderlauncher|1758
|player|p2|lolproplayer|1|1716
|gen|9
|tier|[Gen 9] OU
|rated|
|rule|HP Percentage Mod: HP is shown in percentages
|rule|Endless Battle Clause: Forcing endless battles is banned
|rule|Species Clause: Limit one of each Pokémon
|rule|OHKO Clause: OHKO moves are banned
|rule|Evasion Items Clause: Evasion items are banned
|rule|Evasion Moves Clause: Evasion moves are banned
|rule|Evasion Abilities Clause: Evasion abilities are banned
|rule|Sleep Moves Clause: Sleep-inducing moves are banned
|clearpoke
|poke|p1|Frosmoth, F|
|poke|p1|Maushold-Four|
|poke|p1|Krookodile, M|
|poke|p1|Sinistcha|
|poke|p1|Alomomola, M|
|poke|p1|Weezing-Galar, M|
|poke|p2|Ursaluna, M|
|poke|p2|Cresselia, F|
|poke|p2|Iron Hands|
|poke|p2|Volcanion|
|poke|p2|Hatterene, F|
|poke|p2|Porygon2|
|teampreview
|inactive|Battle timer is ON: inactive players will automatically lose when time's up. (requested by lolproplayer)
|
|t:|1760447971
|teamsize|p1|6
|teamsize|p2|6
|start
|switch|p1a: Frosmoth|Frosmoth, F, shiny|100/100
|switch|p2a: Cumspolsion|Volcanion|100/100
|turn|1
|
|t:|1760447986
|-terastallize|p1a: Frosmoth|Electric
|move|p1a: Frosmoth|Substitute|p1a: Frosmoth
|-start|p1a: Frosmoth|Substitute
|-damage|p1a: Frosmoth|75/100
|move|p2a: Cumspolsion|Steam Eruption|p1a: Frosmoth
|-end|p1a: Frosmoth|Substitute
|
|-heal|p1a: Frosmoth|82/100|[from] item: Leftovers
|upkeep
|turn|2
|j| firecharmander004
|
|t:|1760447999
|move|p1a: Frosmoth|Quiver Dance|p1a: Frosmoth
|-boost|p1a: Frosmoth|spa|1
|-boost|p1a: Frosmoth|spd|1
|-boost|p1a: Frosmoth|spe|1
|move|p2a: Cumspolsion|Steam Eruption|p1a: Frosmoth
|-damage|p1a: Frosmoth|56/100
|
|-heal|p1a: Frosmoth|62/100|[from] item: Leftovers
|upkeep
|turn|3
|
|t:|1760448019
|switch|p2a: big mike|Iron Hands|100/100
|-enditem|p2a: big mike|Booster Energy
|-activate|p2a: big mike|ability: Quark Drive|[fromitem]
|-start|p2a: big mike|quarkdriveatk
|move|p1a: Frosmoth|Ice Beam|p2a: big mike
|-damage|p2a: big mike|52/100
|
|-heal|p1a: Frosmoth|69/100|[from] item: Leftovers
|upkeep
|turn|4
|inactive|lolproplayer has 120 seconds left.
|
|t:|1760448037
|switch|p1a: Weezing|Weezing-Galar, M|100/100
|-ability|p1a: Weezing|Neutralizing Gas
|move|p2a: big mike|Ice Punch|p1a: Weezing
|-damage|p1a: Weezing|79/100
|
|upkeep
|turn|5
|inactive|lolproplayer has 120 seconds left.
|
|t:|1760448049
|-end|p1a: Weezing|ability: Neutralizing Gas
|switch|p1a: Alomomola|Alomomola, M, shiny|100/100
|-end|p2a: big mike|Quark Drive|[silent]
|switch|p2a: Neckless|Porygon2|100/100
|-ability|p2a: Neckless|Download|boost
|-boost|p2a: Neckless|spa|1
|
|upkeep
|turn|6
|
|t:|1760448056
|move|p1a: Alomomola|Wish|p1a: Alomomola
|move|p2a: Neckless|Tera Blast|p1a: Alomomola
|-damage|p1a: Alomomola|49/100
|
|upkeep
|turn|7
|
|t:|1760448061
|switch|p1a: Frosmoth|Frosmoth, F, shiny, tera:Electric|69/100
|switch|p2a: Assfrasser|Ursaluna, M|100/100
|
|-heal|p1a: Frosmoth|100/100|[from] move: Wish|[wisher] Alomomola
|-status|p2a: Assfrasser|brn|[from] item: Flame Orb
|upkeep
|turn|8
|
|t:|1760448070
|switch|p1a: Sinistcha|Sinistcha, shiny|100/100
|move|p2a: Assfrasser|Facade|p1a: Sinistcha
|-immune|p1a: Sinistcha
|
|-damage|p2a: Assfrasser|94/100 brn|[from] brn
|upkeep
|turn|9
|
|t:|1760448079
|switch|p2a: Neckless|Porygon2|100/100
|-ability|p2a: Neckless|Download|boost
|-boost|p2a: Neckless|spa|1
|move|p1a: Sinistcha|Shadow Ball|p2a: Neckless
|-immune|p2a: Neckless
|
|upkeep
|turn|10
|
|t:|1760448086
|switch|p1a: Frosmoth|Frosmoth, F, shiny, tera:Electric|100/100
|move|p2a: Neckless|Trick Room|p2a: Neckless
|-fieldstart|move: Trick Room|[of] p2a: Neckless
|
|upkeep
|turn|11
|
|t:|1760448109
|-terastallize|p2a: Neckless|Ground
|move|p2a: Neckless|Tera Blast|p1a: Frosmoth|[anim] Tera Blast Ground
|-supereffective|p1a: Frosmoth
|-crit|p1a: Frosmoth
|-damage|p1a: Frosmoth|29/100
|move|p1a: Frosmoth|Substitute|p1a: Frosmoth
|-start|p1a: Frosmoth|Substitute
|-damage|p1a: Frosmoth|4/100
|
|-heal|p1a: Frosmoth|10/100|[from] item: Leftovers
|upkeep
|turn|12
|
|t:|1760448129
|move|p2a: Neckless|Tera Blast|p1a: Frosmoth|[anim] Tera Blast Ground
|-supereffective|p1a: Frosmoth
|-end|p1a: Frosmoth|Substitute
|move|p1a: Frosmoth|Ice Beam|p2a: Neckless
|-supereffective|p2a: Neckless
|-damage|p2a: Neckless|55/100
|
|-heal|p1a: Frosmoth|16/100|[from] item: Leftovers
|upkeep
|turn|13
|
|t:|1760448142
|switch|p1a: Weezing|Weezing-Galar, M|79/100
|-ability|p1a: Weezing|Neutralizing Gas
|move|p2a: Neckless|Ice Beam|p1a: Weezing
|-damage|p1a: Weezing|15/100
|
|upkeep
|turn|14
|
|t:|1760448148
|move|p2a: Neckless|Ice Beam|p1a: Weezing
|-damage|p1a: Weezing|0 fnt
|faint|p1a: Weezing
|-end|p1a: Weezing|ability: Neutralizing Gas
|
|-fieldend|move: Trick Room
|upkeep
|
|t:|1760448151
|switch|p1a: Alomomola|Alomomola, M, shiny|83/100
|turn|15
|
|t:|1760448162
|move|p1a: Alomomola|Healing Wish|p1a: Alomomola
|faint|p1a: Alomomola
|move|p2a: Neckless|Tera Blast|p1: Alomomola|[notarget]
|-fail|p2a: Neckless
|
|upkeep
|
|t:|1760448166
|switch|p1a: Maushold|Maushold-Four|100/100
|turn|16
|
|t:|1760448169
|move|p1a: Maushold|Population Bomb|p2a: Neckless
|-damage|p2a: Neckless|47/100
|-damage|p2a: Neckless|39/100
|-damage|p2a: Neckless|30/100
|-damage|p2a: Neckless|23/100
|-damage|p2a: Neckless|16/100
|-damage|p2a: Neckless|8/100
|-crit|p2a: Neckless
|-damage|p2a: Neckless|0 fnt
|faint|p2a: Neckless
|-hitcount|p2: Neckless|7
|
|upkeep
|j| Samurajen
|
|t:|1760448183
|switch|p2a: Moonboy|Cresselia, F, shiny|100/100
|turn|17
|
|t:|1760448186
|switch|p1a: Frosmoth|Frosmoth, F, shiny, tera:Electric|16/100
|-heal|p1a: Frosmoth|100/100|[from] move: Healing Wish
|move|p2a: Moonboy|Trick Room|p2a: Moonboy
|-fieldstart|move: Trick Room|[of] p2a: Moonboy
|
|upkeep
|turn|18
|
|t:|1760448198
|switch|p2a: big mike|Iron Hands|52/100
|switch|p1a: Sinistcha|Sinistcha, shiny|100/100
|
|upkeep
|turn|19
|
|t:|1760448207
|move|p2a: big mike|Ice Punch|p1a: Sinistcha
|-supereffective|p1a: Sinistcha
|-damage|p1a: Sinistcha|59/100
|move|p1a: Sinistcha|Matcha Gotcha|p2a: big mike
|-damage|p2a: big mike|19/100
|-heal|p1a: Sinistcha|83/100|[from] drain|[of] p2a: big mike
|
|upkeep
|turn|20
|inactive|lolproplayer has 120 seconds left.
|
|t:|1760448261
|move|p2a: big mike|Ice Punch|p1a: Sinistcha
|-supereffective|p1a: Sinistcha
|-damage|p1a: Sinistcha|44/100
|move|p1a: Sinistcha|Matcha Gotcha|p2a: big mike|[miss]
|-miss|p1a: Sinistcha|p2a: big mike
|
|upkeep
|turn|21
|
|t:|1760448270
|move|p2a: big mike|Ice Punch|p1a: Sinistcha
|-supereffective|p1a: Sinistcha
|-damage|p1a: Sinistcha|5/100
|move|p1a: Sinistcha|Matcha Gotcha|p2a: big mike
|-damage|p2a: big mike|0 fnt
|-heal|p1a: Sinistcha|20/100|[from] drain|[of] p2a: big mike
|faint|p2a: big mike
|-end|p2a: big mike|Quark Drive|[silent]
|
|-fieldend|move: Trick Room
|upkeep
|
|t:|1760448279
|switch|p2a: Cumspolsion|Volcanion|100/100
|turn|22
|
|t:|1760448285
|move|p1a: Sinistcha|Strength Sap|p2a: Cumspolsion
|-unboost|p2a: Cumspolsion|atk|1
|-heal|p1a: Sinistcha|85/100
|move|p2a: Cumspolsion|Steam Eruption|p1a: Sinistcha
|-resisted|p1a: Sinistcha
|-damage|p1a: Sinistcha|27/100
|-status|p1a: Sinistcha|brn
|
|-damage|p1a: Sinistcha|24/100 brn|[from] brn
|upkeep
|turn|23
|
|t:|1760448295
|move|p1a: Sinistcha|Matcha Gotcha|p2a: Cumspolsion
|-damage|p2a: Cumspolsion|66/100
|-heal|p1a: Sinistcha|42/100 brn|[from] drain|[of] p2a: Cumspolsion
|move|p2a: Cumspolsion|Steam Eruption|p1a: Sinistcha
|-resisted|p1a: Sinistcha
|-damage|p1a: Sinistcha|0 fnt
|faint|p1a: Sinistcha
|
|upkeep
|
|t:|1760448300
|switch|p1a: Frosmoth|Frosmoth, F, shiny, tera:Electric|100/100
|turn|24
|
|t:|1760448305
|move|p1a: Frosmoth|Quiver Dance|p1a: Frosmoth
|-boost|p1a: Frosmoth|spa|1
|-boost|p1a: Frosmoth|spd|1
|-boost|p1a: Frosmoth|spe|1
|move|p2a: Cumspolsion|Steam Eruption|p1a: Frosmoth
|-damage|p1a: Frosmoth|75/100
|-status|p1a: Frosmoth|brn
|
|-heal|p1a: Frosmoth|81/100 brn|[from] item: Leftovers
|-damage|p1a: Frosmoth|75/100 brn|[from] brn
|upkeep
|turn|25
|inactive|lolproplayer has 120 seconds left.
|
|t:|1760448323
|switch|p2a: Assfrasser|Ursaluna, M|94/100 brn
|move|p1a: Frosmoth|Quiver Dance|p1a: Frosmoth
|-boost|p1a: Frosmoth|spa|1
|-boost|p1a: Frosmoth|spd|1
|-boost|p1a: Frosmoth|spe|1
|
|-heal|p1a: Frosmoth|81/100 brn|[from] item: Leftovers
|-damage|p1a: Frosmoth|75/100 brn|[from] brn
|-damage|p2a: Assfrasser|88/100 brn|[from] brn
|upkeep
|turn|26
|
|t:|1760448331
|move|p1a: Frosmoth|Ice Beam|p2a: Assfrasser
|-supereffective|p2a: Assfrasser
|-damage|p2a: Assfrasser|0 fnt
|faint|p2a: Assfrasser
|
|-heal|p1a: Frosmoth|81/100 brn|[from] item: Leftovers
|-damage|p1a: Frosmoth|75/100 brn|[from] brn
|upkeep
|-message|lolproplayer forfeited.
|
|win|eros maniac
|raw|eros maniac's rating: 1758 &rarr; <strong>1776</strong><br />(+18 for winning)
|raw|lolproplayer's rating: 1716 &rarr; <strong>1698</strong><br />(-18 for losing)
|l|☆lolproplayer
|player|p2|
|l|☆eros maniac
|player|p1|
