|j|‽enzofm15
|j|☆guyfishing12
|t:|1760450923
|gametype|singles
|player|p1|enzofm15|cyrus-masters|1393
|player|p2|guyfishing12|fisherman|1420
|gen|9
|tier|[Gen 9] OU
|rated|
|rule|HP Percentage Mod: HP is shown in percentages
|rule|Endless Battle Clause: Forcing endless battles is banned
|rule|Species Clause: Limit one of each Pokémon
|rule|OHKO Clause: OHKO moves are banned
|rule|Evasion Items Clause: Evasion items are banned
|rule|Evasion Moves Clause: Evasion moves are banned
|rule|Evasion Abilities Clause: Evasion abilities are banned
|rule|Sleep Moves Clause: Sleep-inducing moves are banned
|clearpoke
|poke|p1|Slither Wing|
|poke|p1|Rillaboom, M|
|poke|p1|Ting-Lu|
|poke|p1|Gliscor, M|
|poke|p1|Heatran, M|
|poke|p1|Tentacruel, F|
|poke|p2|Araquanid, M|
|poke|p2|Kingambit, M|
|poke|p2|Iron Treads|
|poke|p2|Enamorus, F|
|poke|p2|Gholdengo|
|poke|p2|Blaziken, M|
|teampreview
|inactive|Battle timer is ON: inactive players will automatically lose when time's up. (requested by guyfishing12)
|
|t:|1760450969
|teamsize|p1|6
|teamsize|p2|6
|start
|switch|p1a: Rillaboom|Rillaboom, M|100/100
|switch|p2a: Enamorus|Enamorus, F|100/100
|-fieldstart|move: Grassy Terrain|[from] ability: Grassy Surge|[of] p1a: Rillaboom
|turn|1
|
|t:|1760450977
|move|p2a: Enamorus|Moonblast|p1a: Rillaboom
|-damage|p1a: Rillaboom|13/100
|move|p1a: Rillaboom|Leech Seed|p2a: Enamorus
|-start|p2a: Enamorus|move: Leech Seed
|
|-heal|p1a: Rillaboom|20/100|[from] Grassy Terrain
|-damage|p2a: Enamorus|88/100|[from] Leech Seed|[of] p1a: Rillaboom
|-heal|p1a: Rillaboom|28/100|[silent]
|upkeep
|turn|2
|
|t:|1760450987
|switch|p2a: Gholdengo|Gholdengo|100/100
|move|p1a: Rillaboom|Protect||[still]
|-fail|p1a: Rillaboom
|
|-heal|p1a: Rillaboom|35/100|[from] Grassy Terrain
|upkeep
|turn|3
|
|t:|1760450992
|switch|p1a: Tentacruel|Tentacruel, F|100/100
|move|p2a: Gholdengo|Nasty Plot|p2a: Gholdengo
|-boost|p2a: Gholdengo|spa|2
|
|upkeep
|turn|4
|
|t:|1760451022
|move|p2a: Gholdengo|Shadow Ball|p1a: Tentacruel
|-damage|p1a: Tentacruel|47/100
|move|p1a: Tentacruel|Mirror Coat|p2a: Gholdengo
|-damage|p2a: Gholdengo|0 fnt
|faint|p2a: Gholdengo
|
|-heal|p1a: Tentacruel|53/100|[from] Grassy Terrain
|upkeep
|
|t:|1760451032
|switch|p2a: Iron Treads|Iron Treads|100/100
|-enditem|p2a: Iron Treads|Booster Energy
|-activate|p2a: Iron Treads|ability: Quark Drive|[fromitem]
|-start|p2a: Iron Treads|quarkdriveatk
|turn|5
|inactive|enzofm15 has 120 seconds left.
|
|t:|1760451059
|switch|p1a: Slither Wing|Slither Wing, shiny|100/100
|move|p2a: Iron Treads|Earthquake|p1a: Slither Wing
|-resisted|p1a: Slither Wing
|-damage|p1a: Slither Wing|82/100
|
|-heal|p1a: Slither Wing|88/100|[from] Grassy Terrain
|upkeep
|turn|6
|
|t:|1760451068
|-end|p2a: Iron Treads|Quark Drive|[silent]
|switch|p2a: Enamorus|Enamorus, F|88/100
|move|p1a: Slither Wing|Close Combat|p2a: Enamorus
|-resisted|p2a: Enamorus
|-damage|p2a: Enamorus|61/100
|-unboost|p1a: Slither Wing|def|1
|-unboost|p1a: Slither Wing|spd|1
|
|-heal|p1a: Slither Wing|94/100|[from] Grassy Terrain
|upkeep
|turn|7
|inactive|enzofm15 has 120 seconds left.
|
|t:|1760451091
|-end|p1a: Slither Wing|Protosynthesis|[silent]
|switch|p1a: Heatran|Heatran, M|100/100
|move|p2a: Enamorus|Earth Power|p1a: Heatran
|-supereffective|p1a: Heatran
|-damage|p1a: Heatran|0 fnt
|faint|p1a: Heatran
|
|upkeep
|
|t:|1760451093
|switch|p1a: Gliscor|Gliscor, M|100/100
|turn|8
|
|t:|1760451100
|switch|p2a: Araquanid|Araquanid, M|100/100
|move|p1a: Gliscor|Swords Dance|p1a: Gliscor
|-boost|p1a: Gliscor|atk|2
|
|-fieldend|move: Grassy Terrain
|-status|p1a: Gliscor|tox|[from] item: Toxic Orb
|upkeep
|turn|9
|
|t:|1760451102
|move|p1a: Gliscor|Dual Wingbeat|p2a: Araquanid
|-supereffective|p2a: Araquanid
|-damage|p2a: Araquanid|48/100
|-supereffective|p2a: Araquanid
|-damage|p2a: Araquanid|0 fnt
|faint|p2a: Araquanid
|-hitcount|p2: Araquanid|2
|
|upkeep
|
|t:|1760451120
|switch|p2a: Enamorus|Enamorus, F|61/100
|turn|10
|
|t:|1760451127
|move|p1a: Gliscor|Protect|p1a: Gliscor
|-singleturn|p1a: Gliscor|Protect
|move|p2a: Enamorus|Moonblast|p1a: Gliscor
|-activate|p1a: Gliscor|move: Protect
|
|upkeep
|turn|11
|
|t:|1760451132
|move|p2a: Enamorus|Moonblast|p1a: Gliscor
|-damage|p1a: Gliscor|31/100 tox
|move|p1a: Gliscor|Facade|p2a: Enamorus
|-damage|p2a: Enamorus|0 fnt
|faint|p2a: Enamorus
|
|-heal|p1a: Gliscor|43/100 tox|[from] ability: Poison Heal
|upkeep
|
|t:|1760451136
|switch|p2a: Iron Treads|Iron Treads|100/100
|turn|12
|
|t:|1760451152
|move|p1a: Gliscor|Protect|p1a: Gliscor
|-singleturn|p1a: Gliscor|Protect
|move|p2a: Iron Treads|Stealth Rock|p1a: Gliscor
|-sidestart|p1: enzofm15|move: Stealth Rock
|
|-heal|p1a: Gliscor|56/100 tox|[from] ability: Poison Heal
|upkeep
|turn|13
|
|t:|1760451157
|move|p2a: Iron Treads|Ice Spinner|p1a: Gliscor
|-supereffective|p1a: Gliscor
|-damage|p1a: Gliscor|0 fnt
|faint|p1a: Gliscor
|
|upkeep
|
|t:|1760451163
|switch|p1a: Slither Wing|Slither Wing, shiny|94/100
|-damage|p1a: Slither Wing|82/100|[from] Stealth Rock
|turn|14
|
|t:|1760451169
|move|p2a: Iron Treads|Ice Spinner|p1a: Slither Wing
|-damage|p1a: Slither Wing|50/100
|move|p1a: Slither Wing|Close Combat|p2a: Iron Treads
|-supereffective|p2a: Iron Treads
|-damage|p2a: Iron Treads|0 fnt
|-unboost|p1a: Slither Wing|def|1
|-unboost|p1a: Slither Wing|spd|1
|faint|p2a: Iron Treads
|-end|p2a: Iron Treads|Quark Drive|[silent]
|
|upkeep
|
|t:|1760451173
|switch|p2a: Blaziken|Blaziken, M|100/100
|-item|p2a: Blaziken|Air Balloon
|turn|15
|
|t:|1760451179
|move|p2a: Blaziken|Flare Blitz|p1a: Slither Wing
|-supereffective|p1a: Slither Wing
|-damage|p1a: Slither Wing|0 fnt
|faint|p1a: Slither Wing
|-end|p1a: Slither Wing|Protosynthesis|[silent]
|-damage|p2a: Blaziken|81/100|[from] Recoil
|
|-ability|p2a: Blaziken|Speed Boost|boost
|-boost|p2a: Blaziken|spe|1
|upkeep
|
|t:|1760451184
|switch|p1a: Ting-Lu|Ting-Lu|100/100
|-damage|p1a: Ting-Lu|94/100|[from] Stealth Rock
|-ability|p1a: Ting-Lu|Vessel of Ruin
|turn|16
|
|t:|1760451195
|-terastallize|p1a: Ting-Lu|Ghost
|move|p2a: Blaziken|Swords Dance|p2a: Blaziken
|-boost|p2a: Blaziken|atk|2
|move|p1a: Ting-Lu|Whirlwind|p2a: Blaziken
|drag|p2a: Kingambit|Kingambit, M|100/100
|-activate|p2a: Kingambit|ability: Supreme Overlord
|-start|p2a: Kingambit|fallen4|[silent]
|
|-heal|p1a: Ting-Lu|100/100|[from] item: Leftovers
|upkeep
|turn|17
|
|t:|1760451201
|-end|p2a: Kingambit|fallen4|[silent]
|switch|p2a: Blaziken|Blaziken, M|81/100
|-item|p2a: Blaziken|Air Balloon
|move|p1a: Ting-Lu|Whirlwind|p2a: Blaziken
|drag|p2a: Kingambit|Kingambit, M|100/100
|-activate|p2a: Kingambit|ability: Supreme Overlord
|-start|p2a: Kingambit|fallen4|[silent]
|
|upkeep
|turn|18
|
|t:|1760451205
|-end|p2a: Kingambit|fallen4|[silent]
|switch|p2a: Blaziken|Blaziken, M|81/100
|-item|p2a: Blaziken|Air Balloon
|move|p1a: Ting-Lu|Spikes|p2a: Blaziken
|-sidestart|p2: guyfishing12|Spikes
|
|upkeep
|turn|19
|
|t:|1760451211
|move|p2a: Blaziken|Flare Blitz|p1a: Ting-Lu
|-damage|p1a: Ting-Lu|64/100
|-damage|p2a: Blaziken|61/100|[from] Recoil
|move|p1a: Ting-Lu|Payback|p2a: Blaziken
|-resisted|p2a: Blaziken
|-damage|p2a: Blaziken|32/100
|-enditem|p2a: Blaziken|Air Balloon
|
|-heal|p1a: Ting-Lu|70/100|[from] item: Leftovers
|-ability|p2a: Blaziken|Speed Boost|boost
|-boost|p2a: Blaziken|spe|1
|upkeep
|turn|20
|
|t:|1760451216
|move|p2a: Blaziken|Flare Blitz|p1a: Ting-Lu
|-damage|p1a: Ting-Lu|37/100
|-damage|p2a: Blaziken|13/100|[from] Recoil
|move|p1a: Ting-Lu|Whirlwind|p2a: Blaziken
|drag|p2a: Kingambit|Kingambit, M|100/100
|-damage|p2a: Kingambit|88/100|[from] Spikes
|-activate|p2a: Kingambit|ability: Supreme Overlord
|-start|p2a: Kingambit|fallen4|[silent]
|
|-heal|p1a: Ting-Lu|44/100|[from] item: Leftovers
|upkeep
|turn|21
|
|t:|1760451225
|move|p2a: Kingambit|Kowtow Cleave|p1a: Ting-Lu
|-supereffective|p1a: Ting-Lu
|-damage|p1a: Ting-Lu|0 fnt
|faint|p1a: Ting-Lu
|
|upkeep
|
|t:|1760451229
|switch|p1a: Rillaboom|Rillaboom, M|35/100
|-damage|p1a: Rillaboom|22/100|[from] Stealth Rock
|-fieldstart|move: Grassy Terrain|[from] ability: Grassy Surge|[of] p1a: Rillaboom
|turn|22
|
|t:|1760451233
|move|p1a: Rillaboom|Leech Seed|p2a: Kingambit
|-start|p2a: Kingambit|move: Leech Seed
|move|p2a: Kingambit|Kowtow Cleave|p1a: Rillaboom
|-damage|p1a: Rillaboom|0 fnt
|faint|p1a: Rillaboom
|
|-heal|p2a: Kingambit|94/100|[from] Grassy Terrain
|upkeep
|
|t:|1760451235
|switch|p1a: Tentacruel|Tentacruel, F|53/100
|-damage|p1a: Tentacruel|40/100|[from] Stealth Rock
|turn|23
|
|t:|1760451239
|-end|p2a: Kingambit|fallen4|[silent]
|switch|p2a: Blaziken|Blaziken, M|13/100
|-damage|p2a: Blaziken|1/100|[from] Spikes
|move|p1a: Tentacruel|Rapid Spin|p2a: Blaziken
|-damage|p2a: Blaziken|0 fnt
|-boost|p1a: Tentacruel|spe|1
|-sideend|p1: enzofm15|Stealth Rock|[from] move: Rapid Spin|[of] p1a: Tentacruel
|faint|p2a: Blaziken
|
|-heal|p1a: Tentacruel|46/100|[from] Grassy Terrain
|upkeep
|
|t:|1760451240
|switch|p2a: Kingambit|Kingambit, M|94/100
|-damage|p2a: Kingambit|82/100|[from] Spikes
|-activate|p2a: Kingambit|ability: Supreme Overlord
|-start|p2a: Kingambit|fallen5|[silent]
|turn|24
|
|t:|1760451244
|-terastallize|p2a: Kingambit|Dark
|move|p1a: Tentacruel|Knock Off|p2a: Kingambit
|-resisted|p2a: Kingambit
|-damage|p2a: Kingambit|75/100
|-enditem|p2a: Kingambit|Black Glasses|[from] move: Knock Off|[of] p1a: Tentacruel
|move|p2a: Kingambit|Kowtow Cleave|p1a: Tentacruel
|-damage|p1a: Tentacruel|0 fnt
|faint|p1a: Tentacruel
|
|win|guyfishing12
|raw|enzofm15's rating: 1393 &rarr; <strong>1375</strong><br />(-18 for losing)
|raw|guyfishing12's rating: 1420 &rarr; <strong>1438</strong><br />(+18 for winning)
|l|‽enzofm15
|player|p1|
|l|☆guyfishing12
|player|p2|
