|j|☆GauMongStyle
|j|☆fregene97
|t:|1760369236
|gametype|singles
|player|p1|GauMongStyle|265|1656
|player|p2|fregene97|101|1608
|gen|9
|tier|[Gen 9] OU
|rated|
|rule|HP Percentage Mod: HP is shown in percentages
|rule|Endless Battle Clause: Forcing endless battles is banned
|rule|Species Clause: Limit one of each Pokémon
|rule|OHKO Clause: OHKO moves are banned
|rule|Evasion Items Clause: Evasion items are banned
|rule|Evasion Moves Clause: Evasion moves are banned
|rule|Evasion Abilities Clause: Evasion abilities are banned
|rule|Sleep Moves Clause: Sleep-inducing moves are banned
|clearpoke
|poke|p1|Iron Crown|
|poke|p1|Samurott-Hisui, F|
|poke|p1|Zapdos|
|poke|p1|Dragapult, F|
|poke|p1|Great Tusk|
|poke|p1|Iron Boulder|
|poke|p2|Darkrai|
|poke|p2|Great Tusk|
|poke|p2|Iron Moth|
|poke|p2|Rillaboom, F|
|poke|p2|Raging Bolt|
|poke|p2|Zamazenta-*|
|teampreview
|inactive|Battle timer is ON: inactive players will automatically lose when time's up. (requested by GauMongStyle)
|
|t:|1760369245
|teamsize|p1|6
|teamsize|p2|6
|start
|switch|p1a: Parasite|Dragapult, F|100/100
|switch|p2a: Rillaboom|Rillaboom, F|100/100
|-fieldstart|move: Grassy Terrain|[from] ability: Grassy Surge|[of] p2a: Rillaboom
|turn|1
|
|t:|1760369248
|move|p1a: Parasite|U-turn|p2a: Rillaboom
|-supereffective|p2a: Rillaboom
|-damage|p2a: Rillaboom|27/100
|
|t:|1760369255
|switch|p1a: Pump It|Great Tusk|100/100|[from] U-turn
|move|p2a: Rillaboom|Knock Off|p1a: Pump It
|-resisted|p1a: Pump It
|-damage|p1a: Pump It|84/100
|-enditem|p1a: Pump It|Heavy-Duty Boots|[from] move: Knock Off|[of] p2a: Rillaboom
|-damage|p2a: Rillaboom|17/100|[from] item: Life Orb
|
|-heal|p1a: Pump It|90/100|[from] Grassy Terrain
|-heal|p2a: Rillaboom|23/100|[from] Grassy Terrain
|upkeep
|turn|2
|
|t:|1760369260
|move|p2a: Rillaboom|Grassy Glide|p1a: Pump It
|-supereffective|p1a: Pump It
|-damage|p1a: Pump It|19/100
|-damage|p2a: Rillaboom|13/100|[from] item: Life Orb
|move|p1a: Pump It|Ice Spinner|p2a: Rillaboom
|-supereffective|p2a: Rillaboom
|-damage|p2a: Rillaboom|0 fnt
|-fieldend|move: Grassy Terrain
|faint|p2a: Rillaboom
|
|upkeep
|
|t:|1760369264
|switch|p2a: Iron Moth|Iron Moth|100/100
|-enditem|p2a: Iron Moth|Booster Energy
|-activate|p2a: Iron Moth|ability: Quark Drive|[fromitem]
|-start|p2a: Iron Moth|quarkdrivespe
|turn|3
|
|t:|1760369268
|move|p2a: Iron Moth|Fiery Dance|p1a: Pump It
|-damage|p1a: Pump It|0 fnt
|faint|p1a: Pump It
|-end|p1a: Pump It|Protosynthesis|[silent]
|
|upkeep
|
|t:|1760369272
|switch|p1a: Everytime We Touch|Samurott-Hisui, F|100/100
|turn|4
|
|t:|1760369277
|-terastallize|p2a: Iron Moth|Fairy
|move|p2a: Iron Moth|Fiery Dance|p1a: Everytime We Touch
|-resisted|p1a: Everytime We Touch
|-damage|p1a: Everytime We Touch|69/100
|move|p1a: Everytime We Touch|Razor Shell|p2a: Iron Moth
|-damage|p2a: Iron Moth|23/100
|-unboost|p2a: Iron Moth|def|1
|
|upkeep
|turn|5
|
|t:|1760369287
|move|p2a: Iron Moth|Dazzling Gleam|p1a: Everytime We Touch
|-supereffective|p1a: Everytime We Touch
|-damage|p1a: Everytime We Touch|0 fnt
|faint|p1a: Everytime We Touch
|
|upkeep
|
|t:|1760369293
|switch|p1a: Revery|Iron Boulder|100/100
|-enditem|p1a: Revery|Booster Energy
|-activate|p1a: Revery|ability: Quark Drive|[fromitem]
|-start|p1a: Revery|quarkdrivespe
|turn|6
|
|t:|1760369306
|move|p1a: Revery|Swords Dance|p1a: Revery
|-boost|p1a: Revery|atk|2
|move|p2a: Iron Moth|Sludge Wave|p1a: Revery
|-resisted|p1a: Revery
|-damage|p1a: Revery|75/100
|
|upkeep
|turn|7
|
|t:|1760369309
|move|p1a: Revery|Mighty Cleave|p2a: Iron Moth
|-damage|p2a: Iron Moth|0 fnt
|faint|p2a: Iron Moth
|-end|p2a: Iron Moth|Quark Drive|[silent]
|
|upkeep
|
|t:|1760369311
|switch|p2a: Zamazenta|Zamazenta|100/100
|-ability|p2a: Zamazenta|Dauntless Shield|boost
|-boost|p2a: Zamazenta|def|1
|turn|8
|
|t:|1760369314
|move|p1a: Revery|Zen Headbutt|p2a: Zamazenta
|-supereffective|p2a: Zamazenta
|-damage|p2a: Zamazenta|27/100
|move|p2a: Zamazenta|Body Press|p1a: Revery
|-damage|p1a: Revery|10/100
|
|-heal|p2a: Zamazenta|33/100|[from] item: Leftovers
|upkeep
|turn|9
|
|t:|1760369319
|move|p1a: Revery|Zen Headbutt|p2a: Zamazenta
|-supereffective|p2a: Zamazenta
|-damage|p2a: Zamazenta|0 fnt
|faint|p2a: Zamazenta
|
|upkeep
|
|t:|1760369321
|switch|p2a: Raging Bolt|Raging Bolt|100/100
|-enditem|p2a: Raging Bolt|Booster Energy
|-activate|p2a: Raging Bolt|ability: Protosynthesis|[fromitem]
|-start|p2a: Raging Bolt|protosynthesisspa
|turn|10
|
|t:|1760369323
|move|p2a: Raging Bolt|Thunderclap||[still]
|-fail|p2a: Raging Bolt
|move|p1a: Revery|Swords Dance|p1a: Revery
|-boost|p1a: Revery|atk|2
|
|upkeep
|turn|11
|
|t:|1760369328
|move|p1a: Revery|Swords Dance|p1a: Revery
|-boost|p1a: Revery|atk|2
|move|p2a: Raging Bolt|Thunderbolt|p1a: Revery
|-damage|p1a: Revery|0 fnt
|faint|p1a: Revery
|-end|p1a: Revery|Quark Drive|[silent]
|
|upkeep
|
|t:|1760369330
|switch|p1a: Parasite|Dragapult, F|100/100
|turn|12
|
|t:|1760369335
|move|p1a: Parasite|Dragon Darts|p2a: Raging Bolt
|-supereffective|p2a: Raging Bolt
|-damage|p2a: Raging Bolt|26/100
|-anim|p1a: Parasite|Dragon Darts|p2a: Raging Bolt
|-supereffective|p2a: Raging Bolt
|-damage|p2a: Raging Bolt|0 fnt
|faint|p2a: Raging Bolt
|-end|p2a: Raging Bolt|Protosynthesis|[silent]
|
|upkeep
|
|t:|1760369341
|switch|p2a: Darkrai|Darkrai|100/100
|turn|13
|
|t:|1760369345
|move|p1a: Parasite|Dragon Darts|p2a: Darkrai
|-damage|p2a: Darkrai|54/100
|-anim|p1a: Parasite|Dragon Darts|p2a: Darkrai
|-damage|p2a: Darkrai|4/100
|move|p2a: Darkrai|Ice Beam|p1a: Parasite
|-supereffective|p1a: Parasite
|-crit|p1a: Parasite
|-damage|p1a: Parasite|0 fnt
|faint|p1a: Parasite
|
|-heal|p2a: Darkrai|10/100|[from] item: Leftovers
|upkeep
|
|t:|1760369352
|switch|p1a: Mindreader|Iron Crown|100/100
|turn|14
|
|t:|1760369360
|-terastallize|p1a: Mindreader|Steel
|move|p2a: Darkrai|Dark Pulse|p1a: Mindreader
|-damage|p1a: Mindreader|60/100
|move|p1a: Mindreader|Tachyon Cutter|p2a: Darkrai
|-damage|p2a: Darkrai|0 fnt
|faint|p2a: Darkrai
|-hitcount|p2: Darkrai|1
|
|upkeep
|
|t:|1760369367
|switch|p2a: Great Tusk|Great Tusk|100/100
|turn|15
|
|t:|1760369369
|move|p1a: Mindreader|Tachyon Cutter|p2a: Great Tusk
|-damage|p2a: Great Tusk|20/100
|-damage|p2a: Great Tusk|0 fnt
|faint|p2a: Great Tusk
|-end|p2a: Great Tusk|Protosynthesis|[silent]
|-hitcount|p2: Great Tusk|2
|
|win|GauMongStyle
|raw|GauMongStyle's rating: 1656 &rarr; <strong>1673</strong><br />(+17 for winning)
|raw|fregene97's rating: 1608 &rarr; <strong>1591</strong><br />(-17 for losing)
|l|☆fregene97
|player|p2|
|l|☆GauMongStyle
|player|p1|
