|j|☆YappingYappuccino
|j|☆ArkRazor
|t:|1760349219
|gametype|singles
|player|p1|YappingYappuccino|steven|1083
|player|p2|ArkRazor|larry|1080
|gen|9
|tier|[Gen 9] OU
|rated|
|rule|HP Percentage Mod: HP is shown in percentages
|rule|Endless Battle Clause: Forcing endless battles is banned
|rule|Species Clause: Limit one of each Pokémon
|rule|OHKO Clause: OHKO moves are banned
|rule|Evasion Items Clause: Evasion items are banned
|rule|Evasion Moves Clause: Evasion moves are banned
|rule|Evasion Abilities Clause: Evasion abilities are banned
|rule|Sleep Moves Clause: Sleep-inducing moves are banned
|clearpoke
|poke|p1|Glimmora, F|
|poke|p1|Ninetales-Alola, M|
|poke|p1|Meowscarada, M|
|poke|p1|Salamence, F|
|poke|p1|Iron Valiant|
|poke|p1|Rotom-Heat|
|poke|p2|Corviknight, M|
|poke|p2|Hawlucha, M|
|poke|p2|Glimmora, F|
|poke|p2|Grafaiai, M|
|poke|p2|Gholdengo|
|poke|p2|Kingambit, M|
|teampreview
|
|t:|1760349222
|teamsize|p1|6
|teamsize|p2|6
|start
|switch|p1a: Ninetales|Ninetales-Alola, M|100/100
|switch|p2a: Geeta Sucks|Glimmora, F|100/100
|-weather|Snowscape|[from] ability: Snow Warning|[of] p1a: Ninetales
|turn|1
|
|t:|1760349235
|move|p1a: Ninetales|Aurora Veil|p1a: Ninetales
|-sidestart|p1: YappingYappuccino|move: Aurora Veil
|move|p2a: Geeta Sucks|Stealth Rock|p1a: Ninetales
|-sidestart|p1: YappingYappuccino|move: Stealth Rock
|
|-weather|Snowscape|[upkeep]
|upkeep
|turn|2
|
|t:|1760349243
|move|p1a: Ninetales|Encore|p2a: Geeta Sucks
|-start|p2a: Geeta Sucks|Encore
|move|p2a: Geeta Sucks|Stealth Rock||[still]
|-fail|p2a: Geeta Sucks
|
|-weather|Snowscape|[upkeep]
|upkeep
|turn|3
|
|t:|1760349253
|switch|p1a: Salamence|Salamence, F|100/100
|-damage|p1a: Salamence|76/100|[from] Stealth Rock
|switch|p2a: BoogieWoogie|Grafaiai, M|100/100
|
|-weather|Snowscape|[upkeep]
|-heal|p1a: Salamence|82/100|[from] item: Leftovers
|upkeep
|turn|4
|
|t:|1760349271
|-terastallize|p1a: Salamence|Steel
|move|p2a: BoogieWoogie|Switcheroo|p1a: Salamence
|-activate|p2a: BoogieWoogie|move: Trick|[of] p1a: Salamence
|-item|p1a: Salamence|Choice Scarf|[from] move: Switcheroo
|-item|p2a: BoogieWoogie|Leftovers|[from] move: Switcheroo
|move|p1a: Salamence|Dragon Dance|p1a: Salamence
|-boost|p1a: Salamence|atk|1
|-boost|p1a: Salamence|spe|1
|
|-weather|Snowscape|[upkeep]
|upkeep
|turn|5
|
|t:|1760349280
|move|p2a: BoogieWoogie|Taunt|p1a: Salamence
|-start|p1a: Salamence|move: Taunt
|cant|p1a: Salamence|move: Taunt|Dragon Dance
|
|-weather|none
|upkeep
|turn|6
|
|t:|1760349291
|switch|p1a: Glimmora|Glimmora, F, shiny|100/100
|-damage|p1a: Glimmora|88/100|[from] Stealth Rock
|move|p2a: BoogieWoogie|Encore||[still]
|-fail|p2a: BoogieWoogie
|
|upkeep
|turn|7
|
|t:|1760349300
|move|p2a: BoogieWoogie|Taunt|p1a: Glimmora
|-start|p1a: Glimmora|move: Taunt
|cant|p1a: Glimmora|move: Taunt|Spikes
|
|upkeep
|turn|8
|
|t:|1760349309
|switch|p2a: Geeta Sucks|Glimmora, F|100/100
|move|p1a: Glimmora|Mortal Spin|p2a: Geeta Sucks
|-resisted|p2a: Geeta Sucks
|-damage|p2a: Geeta Sucks|99/100
|-activate|p2a: Geeta Sucks|ability: Toxic Debris
|-sidestart|p1: YappingYappuccino|move: Toxic Spikes
|-sideend|p1: YappingYappuccino|Toxic Spikes|[from] move: Mortal Spin|[of] p1a: Glimmora
|-sideend|p1: YappingYappuccino|Stealth Rock|[from] move: Mortal Spin|[of] p1a: Glimmora
|
|-sideend|p1: YappingYappuccino|move: Aurora Veil
|upkeep
|turn|9
|
|t:|1760349318
|switch|p1a: Salamence|Salamence, F, tera:Steel|82/100
|move|p2a: Geeta Sucks|Earth Power|p1a: Salamence
|-supereffective|p1a: Salamence
|-damage|p1a: Salamence|20/100
|
|upkeep
|turn|10
|
|t:|1760349326
|move|p1a: Salamence|Earthquake|p2a: Geeta Sucks
|-supereffective|p2a: Geeta Sucks
|-damage|p2a: Geeta Sucks|0 fnt
|-activate|p2a: Geeta Sucks|ability: Toxic Debris
|-sidestart|p1: YappingYappuccino|move: Toxic Spikes
|faint|p2a: Geeta Sucks
|-ability|p1a: Salamence|Moxie|boost
|-boost|p1a: Salamence|atk|1
|
|upkeep
|
|t:|1760349337
|switch|p2a: BoogieWoogie|Grafaiai, M|100/100
|turn|11
|
|t:|1760349347
|move|p1a: Salamence|Earthquake|p2a: BoogieWoogie
|-supereffective|p2a: BoogieWoogie
|-damage|p2a: BoogieWoogie|0 fnt
|faint|p2a: BoogieWoogie
|-ability|p1a: Salamence|Moxie|boost
|-boost|p1a: Salamence|atk|1
|
|upkeep
|c|☆YappingYappuccino|thanks for that scarf
|c|☆YappingYappuccino|Todo Aoi
|
|t:|1760349354
|switch|p2a: The Masked Villain|Hawlucha, M, shiny|100/100
|turn|12
|
|t:|1760349370
|switch|p1a: Glimmora|Glimmora, F, shiny|88/100
|-sideend|p1: YappingYappuccino|move: Toxic Spikes|[of] p1a: Glimmora
|move|p2a: The Masked Villain|Drain Punch|p1a: Glimmora
|-damage|p1a: Glimmora|56/100
|-activate|p1a: Glimmora|ability: Toxic Debris
|-sidestart|p2: ArkRazor|move: Toxic Spikes
|
|upkeep
|turn|13
|
|t:|1760349392
|move|p2a: The Masked Villain|Drain Punch|p1a: Glimmora
|-damage|p1a: Glimmora|27/100
|-activate|p1a: Glimmora|ability: Toxic Debris
|-sidestart|p2: ArkRazor|move: Toxic Spikes
|move|p1a: Glimmora|Spikes|p2a: The Masked Villain
|-sidestart|p2: ArkRazor|Spikes
|
|upkeep
|turn|14
|
|t:|1760349406
|move|p2a: The Masked Villain|Drain Punch|p1a: Glimmora
|-crit|p1a: Glimmora
|-damage|p1a: Glimmora|0 fnt
|faint|p1a: Glimmora
|
|upkeep
|
|t:|1760349410
|switch|p1a: Rotom|Rotom-Heat|100/100
|turn|15
|
|t:|1760349418
|move|p2a: The Masked Villain|Poison Jab|p1a: Rotom
|-damage|p1a: Rotom|75/100
|move|p1a: Rotom|Volt Switch|p2a: The Masked Villain
|-supereffective|p2a: The Masked Villain
|-damage|p2a: The Masked Villain|1/100
|
|t:|1760349425
|switch|p1a: Ninetales|Ninetales-Alola, M|100/100|[from] Volt Switch
|-weather|Snowscape|[from] ability: Snow Warning|[of] p1a: Ninetales
|
|-weather|Snowscape|[upkeep]
|upkeep
|turn|16
|
|t:|1760349434
|move|p2a: The Masked Villain|Poison Jab|p1a: Ninetales
|-supereffective|p1a: Ninetales
|-damage|p1a: Ninetales|54/100
|-status|p1a: Ninetales|psn
|move|p1a: Ninetales|Aurora Veil|p1a: Ninetales
|-sidestart|p1: YappingYappuccino|move: Aurora Veil
|
|-weather|Snowscape|[upkeep]
|-damage|p1a: Ninetales|41/100 psn|[from] psn
|upkeep
|turn|17
|
|t:|1760349441
|move|p2a: The Masked Villain|Poison Jab|p1a: Ninetales
|-supereffective|p1a: Ninetales
|-damage|p1a: Ninetales|17/100 psn
|move|p1a: Ninetales|Draining Kiss|p2a: The Masked Villain
|-supereffective|p2a: The Masked Villain
|-damage|p2a: The Masked Villain|0 fnt
|-heal|p1a: Ninetales|18/100 psn|[from] drain|[of] p2a: The Masked Villain
|faint|p2a: The Masked Villain
|
|-weather|Snowscape|[upkeep]
|-damage|p1a: Ninetales|5/100 psn|[from] psn
|upkeep
|
|t:|1760349451
|switch|p2a: Tinkaton-phobia|Corviknight, M, shiny|100/100
|turn|18
|
|t:|1760349456
|move|p1a: Ninetales|Blizzard|p2a: Tinkaton-phobia
|-damage|p2a: Tinkaton-phobia|73/100
|move|p2a: Tinkaton-phobia|Tailwind|p2a: Tinkaton-phobia
|-sidestart|p2: ArkRazor|move: Tailwind
|
|-weather|Snowscape|[upkeep]
|-damage|p1a: Ninetales|0 fnt|[from] psn
|faint|p1a: Ninetales
|upkeep
|
|t:|1760349464
|switch|p1a: Rotom|Rotom-Heat|75/100
|turn|19
|
|t:|1760349470
|-terastallize|p2a: Tinkaton-phobia|Flying
|move|p2a: Tinkaton-phobia|Bulk Up|p2a: Tinkaton-phobia
|-boost|p2a: Tinkaton-phobia|atk|1
|-boost|p2a: Tinkaton-phobia|def|1
|move|p1a: Rotom|Overheat|p2a: Tinkaton-phobia
|-damage|p2a: Tinkaton-phobia|40/100
|-unboost|p1a: Rotom|spa|2
|
|-weather|none
|upkeep
|turn|20
|
|t:|1760349480
|move|p2a: Tinkaton-phobia|Roost|p2a: Tinkaton-phobia
|-heal|p2a: Tinkaton-phobia|90/100
|-hint|If a Terastallized Pokemon uses Roost, it remains Flying-type.
|move|p1a: Rotom|Pain Split|p2a: Tinkaton-phobia
|-sethp|p2a: Tinkaton-phobia|73/100|[from] move: Pain Split|[silent]
|-sethp|p1a: Rotom|97/100|[from] move: Pain Split
|
|upkeep
|turn|21
|
|t:|1760349487
|move|p2a: Tinkaton-phobia|Bulk Up|p2a: Tinkaton-phobia
|-boost|p2a: Tinkaton-phobia|atk|1
|-boost|p2a: Tinkaton-phobia|def|1
|move|p1a: Rotom|Will-O-Wisp|p2a: Tinkaton-phobia
|-status|p2a: Tinkaton-phobia|brn
|
|-damage|p2a: Tinkaton-phobia|67/100 brn|[from] brn
|-sideend|p2: ArkRazor|move: Tailwind
|upkeep
|turn|22
|
|t:|1760349494
|move|p1a: Rotom|Pain Split|p2a: Tinkaton-phobia
|-sethp|p2a: Tinkaton-phobia|70/100 brn|[from] move: Pain Split|[silent]
|-sethp|p1a: Rotom|93/100|[from] move: Pain Split
|move|p2a: Tinkaton-phobia|Brave Bird|p1a: Rotom
|-resisted|p1a: Rotom
|-damage|p1a: Rotom|82/100
|-damage|p2a: Tinkaton-phobia|68/100 brn|[from] Recoil
|
|-damage|p2a: Tinkaton-phobia|62/100 brn|[from] brn
|upkeep
|turn|23
|
|t:|1760349501
|move|p1a: Rotom|Volt Switch|p2a: Tinkaton-phobia
|-supereffective|p2a: Tinkaton-phobia
|-damage|p2a: Tinkaton-phobia|40/100 brn
|
|t:|1760349505
|switch|p1a: Salamence|Salamence, F, tera:Steel|20/100|[from] Volt Switch
|move|p2a: Tinkaton-phobia|Tailwind|p2a: Tinkaton-phobia
|-sidestart|p2: ArkRazor|move: Tailwind
|
|-damage|p2a: Tinkaton-phobia|34/100 brn|[from] brn
|-sideend|p1: YappingYappuccino|move: Aurora Veil
|upkeep
|turn|24
|
|t:|1760349512
|move|p1a: Salamence|Dragon Claw|p2a: Tinkaton-phobia
|-damage|p2a: Tinkaton-phobia|18/100 brn
|-damage|p1a: Salamence|4/100|[from] item: Rocky Helmet|[of] p2a: Tinkaton-phobia
|move|p2a: Tinkaton-phobia|Brave Bird|p1a: Salamence
|-resisted|p1a: Salamence
|-damage|p1a: Salamence|0 fnt
|faint|p1a: Salamence
|-damage|p2a: Tinkaton-phobia|17/100 brn|[from] Recoil
|
|-damage|p2a: Tinkaton-phobia|11/100 brn|[from] brn
|upkeep
|
|t:|1760349520
|switch|p1a: Rotom|Rotom-Heat|82/100
|turn|25
|
|t:|1760349524
|move|p2a: Tinkaton-phobia|Roost|p2a: Tinkaton-phobia
|-heal|p2a: Tinkaton-phobia|61/100 brn
|-hint|If a Terastallized Pokemon uses Roost, it remains Flying-type.
|move|p1a: Rotom|Pain Split|p2a: Tinkaton-phobia
|-sethp|p2a: Tinkaton-phobia|62/100 brn|[from] move: Pain Split|[silent]
|-sethp|p1a: Rotom|81/100|[from] move: Pain Split
|
|-damage|p2a: Tinkaton-phobia|56/100 brn|[from] brn
|upkeep
|turn|26
|
|t:|1760349538
|move|p2a: Tinkaton-phobia|Roost|p2a: Tinkaton-phobia
|-heal|p2a: Tinkaton-phobia|100/100 brn
|-hint|If a Terastallized Pokemon uses Roost, it remains Flying-type.
|move|p1a: Rotom|Overheat|p2a: Tinkaton-phobia
|-damage|p2a: Tinkaton-phobia|71/100 brn
|-unboost|p1a: Rotom|spa|2
|
|-damage|p2a: Tinkaton-phobia|65/100 brn|[from] brn
|-sideend|p2: ArkRazor|move: Tailwind
|upkeep
|turn|27
|
|t:|1760349555
|move|p1a: Rotom|Pain Split|p2a: Tinkaton-phobia
|-sethp|p2a: Tinkaton-phobia|63/100 brn|[from] move: Pain Split|[silent]
|-sethp|p1a: Rotom|83/100|[from] move: Pain Split
|move|p2a: Tinkaton-phobia|Tailwind|p2a: Tinkaton-phobia
|-sidestart|p2: ArkRazor|move: Tailwind
|
|-damage|p2a: Tinkaton-phobia|57/100 brn|[from] brn
|upkeep
|turn|28
|
|t:|1760349564
|switch|p2a: The 70% Dream|Gholdengo|100/100
|-damage|p2a: The 70% Dream|88/100|[from] Spikes
|move|p1a: Rotom|Volt Switch|p2a: The 70% Dream
|-damage|p2a: The 70% Dream|74/100
|
|t:|1760349571
|switch|p1a: Meowscarada|Meowscarada, M, shiny|100/100|[from] Volt Switch
|
|upkeep
|turn|29
|
|t:|1760349587
|move|p2a: The 70% Dream|Focus Blast|p1a: Meowscarada
|-supereffective|p1a: Meowscarada
|-damage|p1a: Meowscarada|0 fnt
|faint|p1a: Meowscarada
|
|upkeep
|
|t:|1760349593
|switch|p1a: Rotom|Rotom-Heat|83/100
|turn|30
|
|t:|1760349600
|move|p2a: The 70% Dream|Make It Rain|p1a: Rotom
|-resisted|p1a: Rotom
|-damage|p1a: Rotom|65/100
|-unboost|p2a: The 70% Dream|spa|1
|move|p1a: Rotom|Overheat|p2a: The 70% Dream
|-supereffective|p2a: The 70% Dream
|-damage|p2a: The 70% Dream|0 fnt
|-unboost|p1a: Rotom|spa|2
|faint|p2a: The 70% Dream
|
|-sideend|p2: ArkRazor|move: Tailwind
|upkeep
|
|t:|1760349606
|switch|p2a: Tinkaton-phobia|Corviknight, M, shiny, tera:Flying|57/100 brn
|turn|31
|
|t:|1760349610
|move|p1a: Rotom|Pain Split|p2a: Tinkaton-phobia
|-sethp|p2a: Tinkaton-phobia|53/100 brn|[from] move: Pain Split|[silent]
|-sethp|p1a: Rotom|70/100|[from] move: Pain Split
|move|p2a: Tinkaton-phobia|Tailwind|p2a: Tinkaton-phobia
|-sidestart|p2: ArkRazor|move: Tailwind
|
|-damage|p2a: Tinkaton-phobia|47/100 brn|[from] brn
|upkeep
|turn|32
|
|t:|1760349618
|move|p2a: Tinkaton-phobia|Brave Bird|p1a: Rotom
|-resisted|p1a: Rotom
|-damage|p1a: Rotom|59/100
|-damage|p2a: Tinkaton-phobia|44/100 brn|[from] Recoil
|move|p1a: Rotom|Volt Switch|p2a: Tinkaton-phobia
|-supereffective|p2a: Tinkaton-phobia
|-damage|p2a: Tinkaton-phobia|23/100 brn
|
|t:|1760349626
|switch|p1a: Iron Valiant|Iron Valiant|100/100|[from] Volt Switch
|-enditem|p1a: Iron Valiant|Booster Energy
|-activate|p1a: Iron Valiant|ability: Quark Drive|[fromitem]
|-start|p1a: Iron Valiant|quarkdriveatk
|
|-damage|p2a: Tinkaton-phobia|17/100 brn|[from] brn
|upkeep
|turn|33
|
|t:|1760349632
|move|p2a: Tinkaton-phobia|Brave Bird|p1a: Iron Valiant
|-supereffective|p1a: Iron Valiant
|-damage|p1a: Iron Valiant|48/100
|-damage|p2a: Tinkaton-phobia|4/100 brn|[from] Recoil
|move|p1a: Iron Valiant|Knock Off|p2a: Tinkaton-phobia
|-damage|p2a: Tinkaton-phobia|0 fnt
|-damage|p1a: Iron Valiant|31/100|[from] item: Rocky Helmet|[of] p2a: Tinkaton-phobia
|-enditem|p2a: Tinkaton-phobia|Rocky Helmet|[from] move: Knock Off|[of] p1a: Iron Valiant
|faint|p2a: Tinkaton-phobia
|
|upkeep
|
|t:|1760349643
|switch|p2a: Cakegambit|Kingambit, M|100/100
|-damage|p2a: Cakegambit|88/100|[from] Spikes
|-activate|p2a: Cakegambit|ability: Supreme Overlord
|-start|p2a: Cakegambit|fallen5|[silent]
|turn|34
|
|t:|1760349658
|move|p2a: Cakegambit|Sucker Punch|p1a: Iron Valiant
|-resisted|p1a: Iron Valiant
|-damage|p1a: Iron Valiant|11/100
|move|p1a: Iron Valiant|Close Combat|p2a: Cakegambit
|-supereffective|p2a: Cakegambit
|-damage|p2a: Cakegambit|0 fnt
|-unboost|p1a: Iron Valiant|def|1
|-unboost|p1a: Iron Valiant|spd|1
|faint|p2a: Cakegambit
|-end|p2a: Cakegambit|fallen5|[silent]
|
|win|YappingYappuccino
|raw|YappingYappuccino's rating: 1083 &rarr; <strong>1110</strong><br />(+27 for winning)
|raw|ArkRazor's rating: 1080 &rarr; <strong>1058</strong><br />(-22 for losing)
|c|☆YappingYappuccino|HECK YEAH GG
|l|☆ArkRazor
|player|p2|
|l|☆YappingYappuccino
|player|p1|
