|j|☆excelio21
|j|☆Kampasaurus
|t:|1760444889
|gametype|singles
|player|p1|excelio21|riley|1507
|player|p2|Kampasaurus|266|1529
|gen|9
|tier|[Gen 9] OU
|rated|
|rule|HP Percentage Mod: HP is shown in percentages
|rule|Endless Battle Clause: Forcing endless battles is banned
|rule|Species Clause: Limit one of each Pokémon
|rule|OHKO Clause: OHKO moves are banned
|rule|Evasion Items Clause: Evasion items are banned
|rule|Evasion Moves Clause: Evasion moves are banned
|rule|Evasion Abilities Clause: Evasion abilities are banned
|rule|Sleep Moves Clause: Sleep-inducing moves are banned
|clearpoke
|poke|p1|Ogerpon-Wellspring, F|
|poke|p1|Blissey, F|
|poke|p1|Weezing-Galar, F|
|poke|p1|Primarina, F|
|poke|p1|Weavile, M|
|poke|p1|Pelipper, M|
|poke|p2|Quaquaval, M|
|poke|p2|Meowscarada, M|
|poke|p2|Blaziken, F|
|poke|p2|Skarmory, M|
|poke|p2|Latias, F|
|poke|p2|Slowking-Galar, F|
|teampreview
|inactive|Battle timer is ON: inactive players will automatically lose when time's up. (requested by excelio21)
|
|t:|1760444913
|teamsize|p1|6
|teamsize|p2|6
|start
|switch|p1a: Pelipper|Pelipper, M|100/100
|switch|p2a: Meowscarada|Meowscarada, M|100/100
|-weather|RainDance|[from] ability: Drizzle|[of] p1a: Pelipper
|turn|1
|
|t:|1760444918
|move|p2a: Meowscarada|U-turn|p1a: Pelipper
|-start|p2a: Meowscarada|typechange|Bug|[from] ability: Protean
|-resisted|p1a: Pelipper
|-damage|p1a: Pelipper|74/100
|
|t:|1760444921
|switch|p2a: Slowking|Slowking-Galar, F|100/100|[from] U-turn
|move|p1a: Pelipper|Surf|p2a: Slowking
|-damage|p2a: Slowking|43/100
|
|-weather|RainDance|[upkeep]
|upkeep
|turn|2
|
|t:|1760444928
|-terastallize|p2a: Slowking|Water
|move|p1a: Pelipper|Surf|p2a: Slowking
|-resisted|p2a: Slowking
|-damage|p2a: Slowking|18/100
|-prepare|p2a: Slowking|Chilly Reception|[premajor]
|move|p2a: Slowking|Chilly Reception|p2a: Slowking
|-weather|Snowscape
|
|t:|1760444934
|switch|p2a: Latias|Latias, F|100/100|[from] Chilly Reception
|
|-weather|Snowscape|[upkeep]
|upkeep
|turn|3
|
|t:|1760444943
|switch|p2a: Meowscarada|Meowscarada, M|100/100
|switch|p1a: Ogerpon|Ogerpon-Wellspring, F|100/100
|
|-weather|Snowscape|[upkeep]
|upkeep
|turn|4
|
|t:|1760444948
|switch|p1a: Weezing|Weezing-Galar, F|100/100
|move|p2a: Meowscarada|U-turn|p1a: Weezing
|-start|p2a: Meowscarada|typechange|Bug|[from] ability: Protean
|-resisted|p1a: Weezing
|-damage|p1a: Weezing|89/100
|
|t:|1760444954
|switch|p2a: Skarmory|Skarmory, M|100/100|[from] U-turn
|
|-weather|Snowscape|[upkeep]
|-heal|p1a: Weezing|95/100|[from] item: Black Sludge
|upkeep
|turn|5
|
|t:|1760444963
|move|p2a: Skarmory|Spikes|p1a: Weezing
|-sidestart|p1: excelio21|Spikes
|move|p1a: Weezing|Will-O-Wisp|p2a: Skarmory|[miss]
|-miss|p1a: Weezing|p2a: Skarmory
|
|-weather|Snowscape|[upkeep]
|-heal|p1a: Weezing|100/100|[from] item: Black Sludge
|upkeep
|turn|6
|
|t:|1760444972
|switch|p2a: Latias|Latias, F|100/100
|move|p1a: Weezing|Flamethrower|p2a: Latias
|-resisted|p2a: Latias
|-damage|p2a: Latias|93/100
|
|-weather|none
|upkeep
|turn|7
|
|t:|1760444983
|switch|p1a: Blissey|Blissey, F|100/100
|-damage|p1a: Blissey|88/100|[from] Spikes
|move|p2a: Latias|Agility|p2a: Latias
|-boost|p2a: Latias|spe|2
|
|-heal|p1a: Blissey|94/100|[from] item: Leftovers
|upkeep
|turn|8
|
|t:|1760445004
|move|p2a: Latias|Calm Mind|p2a: Latias
|-boost|p2a: Latias|spa|1
|-boost|p2a: Latias|spd|1
|move|p1a: Blissey|Thunder Wave|p2a: Latias
|-status|p2a: Latias|par
|
|-heal|p1a: Blissey|99/100|[from] item: Leftovers
|upkeep
|turn|9
|
|t:|1760445009
|move|p2a: Latias|Agility|p2a: Latias
|-boost|p2a: Latias|spe|2
|move|p1a: Blissey|Stealth Rock|p2a: Latias
|-sidestart|p2: Kampasaurus|move: Stealth Rock
|
|-heal|p1a: Blissey|100/100|[from] item: Leftovers
|upkeep
|turn|10
|
|t:|1760445020
|switch|p1a: Weavile|Weavile, M|100/100
|-damage|p1a: Weavile|88/100|[from] Spikes
|-ability|p1a: Weavile|Pressure
|move|p2a: Latias|Calm Mind|p2a: Latias
|-boost|p2a: Latias|spa|1
|-boost|p2a: Latias|spd|1
|
|upkeep
|turn|11
|
|t:|1760445026
|move|p2a: Latias|Aura Sphere|p1a: Weavile
|-supereffective|p1a: Weavile
|-damage|p1a: Weavile|0 fnt
|faint|p1a: Weavile
|
|upkeep
|
|t:|1760445036
|switch|p1a: Blissey|Blissey, F|100/100
|-damage|p1a: Blissey|88/100|[from] Spikes
|turn|12
|
|t:|1760445048
|move|p2a: Latias|Calm Mind|p2a: Latias
|-boost|p2a: Latias|spa|1
|-boost|p2a: Latias|spd|1
|move|p1a: Blissey|Seismic Toss|p2a: Latias
|-damage|p2a: Latias|66/100 par
|
|-heal|p1a: Blissey|94/100|[from] item: Leftovers
|upkeep
|turn|13
|
|t:|1760445054
|cant|p2a: Latias|par
|move|p1a: Blissey|Seismic Toss|p2a: Latias
|-damage|p2a: Latias|38/100 par
|
|-heal|p1a: Blissey|99/100|[from] item: Leftovers
|upkeep
|turn|14
|
|t:|1760445056
|move|p2a: Latias|Stored Power|p1a: Blissey
|-damage|p1a: Blissey|20/100
|move|p1a: Blissey|Seismic Toss|p2a: Latias
|-damage|p2a: Latias|11/100 par
|
|-heal|p1a: Blissey|26/100|[from] item: Leftovers
|upkeep
|turn|15
|
|t:|1760445067
|move|p2a: Latias|Stored Power|p1a: Blissey
|-damage|p1a: Blissey|0 fnt
|faint|p1a: Blissey
|
|upkeep
|
|t:|1760445073
|switch|p1a: Ogerpon|Ogerpon-Wellspring, F|100/100
|-damage|p1a: Ogerpon|88/100|[from] Spikes
|turn|16
|
|t:|1760445078
|-terastallize|p1a: Ogerpon|Water
|detailschange|p1a: Ogerpon|Ogerpon-Wellspring-Tera, F, tera:Water
|-ability|p1a: Ogerpon|Embody Aspect (Wellspring)|boost
|-boost|p1a: Ogerpon|spd|1
|move|p2a: Latias|Stored Power|p1a: Ogerpon
|-damage|p1a: Ogerpon|0 fnt
|faint|p1a: Ogerpon
|detailschange|p1: Ogerpon|Ogerpon-Wellspring, F|[silent]
|
|upkeep
|-message|excelio21 forfeited.
|
|win|Kampasaurus
|raw|excelio21's rating: 1507 &rarr; <strong>1488</strong><br />(-19 for losing)
|raw|Kampasaurus's rating: 1529 &rarr; <strong>1548</strong><br />(+19 for winning)
|l|☆excelio21
|player|p1|
|l|☆Kampasaurus
|player|p2|
