|j|☆ineverhaxed
|j|☆Stalphyr
|t:|1760455702
|gametype|singles
|player|p1|ineverhaxed|102|1310
|player|p2|Stalphyr|169|1284
|gen|9
|tier|[Gen 9] OU
|rated|
|rule|HP Percentage Mod: HP is shown in percentages
|rule|Endless Battle Clause: Forcing endless battles is banned
|rule|Species Clause: Limit one of each Pokémon
|rule|OHKO Clause: OHKO moves are banned
|rule|Evasion Items Clause: Evasion items are banned
|rule|Evasion Moves Clause: Evasion moves are banned
|rule|Evasion Abilities Clause: Evasion abilities are banned
|rule|Sleep Moves Clause: Sleep-inducing moves are banned
|clearpoke
|poke|p1|Electrode-Hisui|
|poke|p1|Drifblim, F|
|poke|p1|Blissey, F|
|poke|p1|Darkrai|
|poke|p1|Cinderace, M|
|poke|p1|Lokix, F|
|poke|p2|Golurk|
|poke|p2|Ursaluna, M|
|poke|p2|Iron Moth|
|poke|p2|Kyurem|
|poke|p2|Scizor, F|
|poke|p2|Iron Jugulis|
|teampreview
|inactive|Battle timer is ON: inactive players will automatically lose when time's up. (requested by Stalphyr)
|
|t:|1760455711
|teamsize|p1|6
|teamsize|p2|6
|start
|switch|p1a: Electrode|Electrode-Hisui|100/100
|switch|p2a: Golurk|Golurk, shiny|100/100
|turn|1
|
|t:|1760455718
|move|p1a: Electrode|Chloroblast|p2a: Golurk
|-supereffective|p2a: Golurk
|-damage|p2a: Golurk|0 fnt
|faint|p2a: Golurk
|-damage|p1a: Electrode|50/100|[from] Recoil
|
|upkeep
|
|t:|1760455726
|switch|p2a: Scizor|Scizor, F|100/100
|turn|2
|
|t:|1760455729
|move|p1a: Electrode|Chloroblast|p2a: Scizor
|-resisted|p2a: Scizor
|-damage|p2a: Scizor|71/100
|-damage|p1a: Electrode|0 fnt|[from] Recoil
|faint|p1a: Electrode
|move|p2a: Scizor|U-turn|p1: Electrode|[notarget]
|-fail|p2a: Scizor
|
|upkeep
|
|t:|1760455737
|switch|p1a: Cinderace|Cinderace, M|100/100
|turn|3
|
|t:|1760455747
|switch|p2a: Ursaluna|Ursaluna, M|100/100
|move|p1a: Cinderace|Acrobatics|p2a: Ursaluna
|-start|p1a: Cinderace|typechange|Flying|[from] ability: Libero
|-damage|p2a: Ursaluna|82/100
|
|-status|p2a: Ursaluna|brn|[from] item: Flame Orb
|upkeep
|turn|4
|
|t:|1760455756
|switch|p1a: Drifblim|Drifblim, F|100/100
|move|p2a: Ursaluna|Facade|p1a: Drifblim
|-immune|p1a: Drifblim
|
|-damage|p2a: Ursaluna|76/100 brn|[from] brn
|upkeep
|turn|5
|
|t:|1760455762
|move|p1a: Drifblim|Substitute|p1a: Drifblim
|-start|p1a: Drifblim|Substitute
|-damage|p1a: Drifblim|76/100
|move|p2a: Ursaluna|Ice Punch|p1a: Drifblim
|-supereffective|p1a: Drifblim
|-end|p1a: Drifblim|Substitute
|
|-damage|p2a: Ursaluna|70/100 brn|[from] brn
|upkeep
|turn|6
|
|t:|1760455777
|move|p1a: Drifblim|Substitute|p1a: Drifblim
|-start|p1a: Drifblim|Substitute
|-damage|p1a: Drifblim|51/100
|move|p2a: Ursaluna|Ice Punch|p1a: Drifblim
|-supereffective|p1a: Drifblim
|-end|p1a: Drifblim|Substitute
|
|-damage|p2a: Ursaluna|64/100 brn|[from] brn
|upkeep
|turn|7
|
|t:|1760455784
|move|p1a: Drifblim|Strength Sap|p2a: Ursaluna
|-unboost|p2a: Ursaluna|atk|1
|-heal|p1a: Drifblim|100/100
|move|p2a: Ursaluna|Ice Punch|p1a: Drifblim
|-supereffective|p1a: Drifblim
|-damage|p1a: Drifblim|30/100
|-enditem|p1a: Drifblim|Sitrus Berry|[eat]
|-heal|p1a: Drifblim|55/100|[from] item: Sitrus Berry
|
|-damage|p2a: Ursaluna|58/100 brn|[from] brn
|upkeep
|turn|8
|
|t:|1760455795
|move|p1a: Drifblim|Strength Sap|p2a: Ursaluna
|-unboost|p2a: Ursaluna|atk|1
|-heal|p1a: Drifblim|100/100
|move|p2a: Ursaluna|Ice Punch|p1a: Drifblim
|-supereffective|p1a: Drifblim
|-damage|p1a: Drifblim|52/100
|-status|p1a: Drifblim|frz
|
|-damage|p2a: Ursaluna|52/100 brn|[from] brn
|upkeep
|turn|9
|
|t:|1760455805
|cant|p1a: Drifblim|frz
|move|p2a: Ursaluna|Swords Dance|p2a: Ursaluna
|-boost|p2a: Ursaluna|atk|2
|
|-damage|p2a: Ursaluna|46/100 brn|[from] brn
|upkeep
|turn|10
|
|t:|1760455810
|-curestatus|p1a: Drifblim|frz|[msg]
|move|p1a: Drifblim|Shadow Ball|p2a: Ursaluna
|-immune|p2a: Ursaluna
|move|p2a: Ursaluna|Ice Punch|p1a: Drifblim
|-supereffective|p1a: Drifblim
|-damage|p1a: Drifblim|0 fnt
|faint|p1a: Drifblim
|
|-damage|p2a: Ursaluna|40/100 brn|[from] brn
|upkeep
|
|t:|1760455816
|switch|p1a: Darkrai|Darkrai|100/100
|turn|11
|
|t:|1760455819
|-terastallize|p1a: Darkrai|Dark
|move|p1a: Darkrai|Dark Pulse|p2a: Ursaluna
|-damage|p2a: Ursaluna|0 fnt
|faint|p2a: Ursaluna
|
|upkeep
|
|t:|1760455831
|switch|p2a: Scizor|Scizor, F|71/100
|turn|12
|
|t:|1760455834
|move|p1a: Darkrai|Dark Pulse|p2a: Scizor
|-damage|p2a: Scizor|0 fnt
|faint|p2a: Scizor
|
|upkeep
|
|t:|1760455839
|switch|p2a: Iron Jugulis|Iron Jugulis|100/100
|turn|13
|
|t:|1760455842
|switch|p1a: Blissey|Blissey, F|100/100
|move|p2a: Iron Jugulis|Meteor Beam||[still]
|-prepare|p2a: Iron Jugulis|Meteor Beam
|-boost|p2a: Iron Jugulis|spa|1
|-enditem|p2a: Iron Jugulis|Power Herb
|-anim|p2a: Iron Jugulis|Meteor Beam|p1a: Blissey
|-damage|p1a: Blissey|76/100
|
|-heal|p1a: Blissey|82/100|[from] item: Leftovers
|upkeep
|turn|14
|
|t:|1760455854
|-end|p2a: Iron Jugulis|Quark Drive|[silent]
|switch|p2a: Kyurem|Kyurem|100/100
|-ability|p2a: Kyurem|Pressure
|move|p1a: Blissey|Thunder|p2a: Kyurem|[miss]
|-miss|p1a: Blissey|p2a: Kyurem
|
|-heal|p1a: Blissey|88/100|[from] item: Leftovers
|upkeep
|turn|15
|
|t:|1760455860
|move|p2a: Kyurem|Dragon Dance|p2a: Kyurem
|-boost|p2a: Kyurem|atk|1
|-boost|p2a: Kyurem|spe|1
|move|p1a: Blissey|Alluring Voice|p2a: Kyurem
|-supereffective|p2a: Kyurem
|-damage|p2a: Kyurem|68/100
|-start|p2a: Kyurem|confusion
|
|-heal|p1a: Blissey|95/100|[from] item: Leftovers
|upkeep
|turn|16
|
|t:|1760455868
|-activate|p2a: Kyurem|confusion
|move|p2a: Kyurem|Dragon Dance|p2a: Kyurem
|-boost|p2a: Kyurem|atk|1
|-boost|p2a: Kyurem|spe|1
|move|p1a: Blissey|Alluring Voice|p2a: Kyurem
|-supereffective|p2a: Kyurem
|-damage|p2a: Kyurem|31/100
|
|-heal|p1a: Blissey|100/100|[from] item: Leftovers
|upkeep
|turn|17
|
|t:|1760455876
|switch|p1a: Lokix|Lokix, F|100/100
|-activate|p2a: Kyurem|confusion
|move|p2a: Kyurem|Icicle Spear|p1a: Lokix
|-damage|p1a: Lokix|60/100
|-damage|p1a: Lokix|20/100
|-crit|p1a: Lokix
|-damage|p1a: Lokix|0 fnt
|faint|p1a: Lokix
|-hitcount|p1: Lokix|3
|
|upkeep
|
|t:|1760455888
|switch|p1a: Cinderace|Cinderace, M|100/100
|turn|18
|
|t:|1760455891
|move|p1a: Cinderace|Sucker Punch|p2a: Kyurem
|-start|p1a: Cinderace|typechange|Dark|[from] ability: Libero
|-damage|p2a: Kyurem|0 fnt
|faint|p2a: Kyurem
|
|upkeep
|-message|Stalphyr forfeited.
|
|win|ineverhaxed
|raw|ineverhaxed's rating: 1310 &rarr; <strong>1329</strong><br />(+19 for winning)
|raw|Stalphyr's rating: 1284 &rarr; <strong>1261</strong><br />(-23 for losing)
|l|☆Stalphyr
|player|p2|
|l|☆ineverhaxed
|player|p1|
