|j|☆StrifePK
|j|☆aboda
|t:|1760439650
|gametype|singles
|player|p1|StrifePK|marlon|1079
|player|p2|aboda|pokemonranger-gen4|1152
|gen|9
|tier|[Gen 9] OU
|rated|
|rule|HP Percentage Mod: HP is shown in percentages
|rule|Endless Battle Clause: Forcing endless battles is banned
|rule|Species Clause: Limit one of each Pokémon
|rule|OHKO Clause: OHKO moves are banned
|rule|Evasion Items Clause: Evasion items are banned
|rule|Evasion Moves Clause: Evasion moves are banned
|rule|Evasion Abilities Clause: Evasion abilities are banned
|rule|Sleep Moves Clause: Sleep-inducing moves are banned
|clearpoke
|poke|p1|Maushold-Four|
|poke|p1|Corviknight, F|
|poke|p1|Ribombee, M|
|poke|p1|Rillaboom, F|
|poke|p1|Dragapult, M|
|poke|p1|Toxapex, M|
|poke|p2|Charizard, M|
|poke|p2|Torkoal, F|
|poke|p2|Venusaur, F|
|poke|p2|Corviknight, M|
|poke|p2|Florges, F|
|poke|p2|Great Tusk|
|teampreview
|inactive|Battle timer is ON: inactive players will automatically lose when time's up. (requested by aboda)
|
|t:|1760439659
|teamsize|p1|6
|teamsize|p2|6
|start
|switch|p1a: نسيم|Ribombee, M|100/100
|switch|p2a: Torkoal|Torkoal, F|100/100
|-weather|SunnyDay|[from] ability: Drought|[of] p2a: Torkoal
|turn|1
|inactive|aboda has 120 seconds left.
|
|t:|1760439703
|move|p1a: نسيم|Sticky Web|p2a: Torkoal
|-sidestart|p2: aboda|move: Sticky Web
|move|p2a: Torkoal|Stealth Rock|p1a: نسيم
|-sidestart|p1: StrifePK|move: Stealth Rock
|
|-weather|SunnyDay|[upkeep]
|upkeep
|turn|2
|
|t:|1760439707
|move|p1a: نسيم|U-turn|p2a: Torkoal
|-resisted|p2a: Torkoal
|-damage|p2a: Torkoal|94/100
|-enditem|p2a: Torkoal|Eject Button
|
|t:|1760439711
|switch|p2a: Corviknight|Corviknight, M|100/100
|-ability|p2a: Corviknight|Pressure
|
|-weather|SunnyDay|[upkeep]
|upkeep
|turn|3
|
|t:|1760439722
|move|p1a: نسيم|U-turn|p2a: Corviknight
|-resisted|p2a: Corviknight
|-damage|p2a: Corviknight|98/100
|-damage|p1a: نسيم|84/100|[from] item: Rocky Helmet|[of] p2a: Corviknight
|
|t:|1760439727
|switch|p1a: ماردحديد|Toxapex, M|100/100|[from] U-turn
|-damage|p1a: ماردحديد|88/100|[from] Stealth Rock
|move|p2a: Corviknight|Defog|p1a: ماردحديد
|-unboost|p1a: ماردحديد|evasion|1
|-sideend|p1: StrifePK|Stealth Rock|[from] move: Defog|[of] p2a: Corviknight
|-sideend|p2: aboda|Sticky Web|[from] move: Defog|[of] p2a: Corviknight
|
|-weather|SunnyDay|[upkeep]
|-heal|p1a: ماردحديد|94/100|[from] item: Black Sludge
|upkeep
|turn|4
|
|t:|1760439736
|move|p1a: ماردحديد|Baneful Bunker|p1a: ماردحديد
|-singleturn|p1a: ماردحديد|move: Protect
|move|p2a: Corviknight|Dual Wingbeat|p1a: ماردحديد
|-activate|p1a: ماردحديد|move: Protect
|
|-weather|SunnyDay|[upkeep]
|-heal|p1a: ماردحديد|100/100|[from] item: Black Sludge
|upkeep
|turn|5
|
|t:|1760439751
|switch|p1a: Ryūmon Hōzukimaru|Dragapult, M|100/100
|move|p2a: Corviknight|Dual Wingbeat|p1a: Ryūmon Hōzukimaru|[miss]
|-miss|p2a: Corviknight|p1a: Ryūmon Hōzukimaru
|
|-weather|none
|upkeep
|turn|6
|
|t:|1760439764
|switch|p2a: Florges|Florges, F|100/100
|move|p1a: Ryūmon Hōzukimaru|Flamethrower|p2a: Florges
|-damage|p2a: Florges|83/100
|-damage|p1a: Ryūmon Hōzukimaru|91/100|[from] item: Life Orb
|
|-heal|p2a: Florges|89/100|[from] item: Leftovers
|upkeep
|turn|7
|
|t:|1760439770
|move|p1a: Ryūmon Hōzukimaru|U-turn|p2a: Florges
|-resisted|p2a: Florges
|-damage|p2a: Florges|74/100
|-damage|p1a: Ryūmon Hōzukimaru|81/100|[from] item: Life Orb
|
|t:|1760439775
|switch|p1a: Muscle Mice|Maushold-Four|100/100|[from] U-turn
|move|p2a: Florges|Moonblast|p1a: Muscle Mice
|-damage|p1a: Muscle Mice|45/100
|-unboost|p1a: Muscle Mice|spa|1
|
|-heal|p2a: Florges|80/100|[from] item: Leftovers
|upkeep
|turn|8
|
|t:|1760439804
|switch|p2a: Torkoal|Torkoal, F|94/100
|-weather|SunnyDay|[from] ability: Drought|[of] p2a: Torkoal
|move|p1a: Muscle Mice|Population Bomb|p2a: Torkoal
|-damage|p2a: Torkoal|87/100
|-damage|p2a: Torkoal|79/100
|-damage|p2a: Torkoal|71/100
|-damage|p2a: Torkoal|62/100
|-damage|p2a: Torkoal|54/100
|-damage|p2a: Torkoal|45/100
|-damage|p2a: Torkoal|37/100
|-damage|p2a: Torkoal|29/100
|-damage|p2a: Torkoal|21/100
|-damage|p2a: Torkoal|12/100
|-hitcount|p2a: Torkoal|10
|
|-weather|SunnyDay|[upkeep]
|upkeep
|turn|9
|
|t:|1760439816
|move|p1a: Muscle Mice|Bite|p2a: Torkoal
|-damage|p2a: Torkoal|0 fnt
|faint|p2a: Torkoal
|
|-weather|SunnyDay|[upkeep]
|upkeep
|
|t:|1760439822
|switch|p2a: Venusaur|Venusaur, F|100/100
|turn|10
|
|t:|1760439826
|move|p2a: Venusaur|Energy Ball|p1a: Muscle Mice
|-damage|p1a: Muscle Mice|0 fnt
|faint|p1a: Muscle Mice
|-damage|p2a: Venusaur|91/100|[from] item: Life Orb
|
|-weather|SunnyDay|[upkeep]
|upkeep
|
|t:|1760439832
|switch|p1a: Ryūmon Hōzukimaru|Dragapult, M|81/100
|turn|11
|
|t:|1760439845
|switch|p2a: Corviknight|Corviknight, M|98/100
|-ability|p2a: Corviknight|Pressure
|move|p1a: Ryūmon Hōzukimaru|Flamethrower|p2a: Corviknight
|-supereffective|p2a: Corviknight
|-damage|p2a: Corviknight|6/100
|-damage|p1a: Ryūmon Hōzukimaru|71/100|[from] item: Life Orb
|
|-weather|SunnyDay|[upkeep]
|upkeep
|turn|12
|
|t:|1760439854
|move|p1a: Ryūmon Hōzukimaru|Flamethrower|p2a: Corviknight
|-supereffective|p2a: Corviknight
|-damage|p2a: Corviknight|0 fnt
|faint|p2a: Corviknight
|-damage|p1a: Ryūmon Hōzukimaru|61/100|[from] item: Life Orb
|
|-weather|none
|upkeep
|
|t:|1760439858
|switch|p2a: Florges|Florges, F|80/100
|turn|13
|
|t:|1760439877
|move|p1a: Ryūmon Hōzukimaru|U-turn|p2a: Florges
|-resisted|p2a: Florges
|-damage|p2a: Florges|67/100
|-damage|p1a: Ryūmon Hōzukimaru|52/100|[from] item: Life Orb
|
|t:|1760439881
|switch|p1a: جبلطوفان|Rillaboom, F|100/100|[from] U-turn
|-fieldstart|move: Grassy Terrain|[from] ability: Grassy Surge|[of] p1a: جبلطوفان
|move|p2a: Florges|Moonblast|p1a: جبلطوفان
|-damage|p1a: جبلطوفان|60/100
|
|-heal|p1a: جبلطوفان|66/100|[from] Grassy Terrain
|-heal|p1a: جبلطوفان|72/100|[from] item: Leftovers
|-heal|p2a: Florges|73/100|[from] Grassy Terrain
|-heal|p2a: Florges|79/100|[from] item: Leftovers
|upkeep
|turn|14
|
|t:|1760439893
|switch|p2a: Venusaur|Venusaur, F|91/100
|move|p1a: جبلطوفان|Wood Hammer|p2a: Venusaur
|-resisted|p2a: Venusaur
|-damage|p2a: Venusaur|61/100
|-damage|p1a: جبلطوفان|65/100|[from] Recoil
|
|-heal|p2a: Venusaur|67/100|[from] Grassy Terrain
|-heal|p1a: جبلطوفان|71/100|[from] Grassy Terrain
|-heal|p1a: جبلطوفان|77/100|[from] item: Leftovers
|upkeep
|turn|15
|
|t:|1760439900
|move|p2a: Venusaur|Sludge Bomb|p1a: جبلطوفان
|-supereffective|p1a: جبلطوفان
|-damage|p1a: جبلطوفان|0 fnt
|faint|p1a: جبلطوفان
|-damage|p2a: Venusaur|57/100|[from] item: Life Orb
|
|-heal|p2a: Venusaur|63/100|[from] Grassy Terrain
|upkeep
|
|t:|1760439907
|switch|p1a: ماردحديد|Toxapex, M|100/100
|turn|16
|
|t:|1760439913
|move|p2a: Venusaur|Earth Power|p1a: ماردحديد
|-supereffective|p1a: ماردحديد
|-damage|p1a: ماردحديد|34/100
|-damage|p2a: Venusaur|53/100|[from] item: Life Orb
|move|p1a: ماردحديد|Toxic Spikes|p2a: Venusaur
|-sidestart|p2: aboda|move: Toxic Spikes
|
|-heal|p2a: Venusaur|59/100|[from] Grassy Terrain
|-heal|p1a: ماردحديد|40/100|[from] Grassy Terrain
|-heal|p1a: ماردحديد|46/100|[from] item: Black Sludge
|upkeep
|turn|17
|
|t:|1760439924
|move|p1a: ماردحديد|Baneful Bunker|p1a: ماردحديد
|-singleturn|p1a: ماردحديد|move: Protect
|move|p2a: Venusaur|Energy Ball|p1a: ماردحديد
|-activate|p1a: ماردحديد|move: Protect
|
|-heal|p2a: Venusaur|65/100|[from] Grassy Terrain
|-heal|p1a: ماردحديد|52/100|[from] Grassy Terrain
|-heal|p1a: ماردحديد|59/100|[from] item: Black Sludge
|-fieldend|move: Grassy Terrain
|upkeep
|turn|18
|
|t:|1760439939
|move|p2a: Venusaur|Earth Power|p1a: ماردحديد
|-supereffective|p1a: ماردحديد
|-damage|p1a: ماردحديد|0 fnt
|faint|p1a: ماردحديد
|-damage|p2a: Venusaur|55/100|[from] item: Life Orb
|
|upkeep
|
|t:|1760439944
|switch|p1a: Ryūmon Hōzukimaru|Dragapult, M|52/100
|turn|19
|
|t:|1760439953
|move|p1a: Ryūmon Hōzukimaru|Flamethrower|p2a: Venusaur
|-supereffective|p2a: Venusaur
|-damage|p2a: Venusaur|0 fnt
|faint|p2a: Venusaur
|-damage|p1a: Ryūmon Hōzukimaru|42/100|[from] item: Life Orb
|
|upkeep
|
|t:|1760439958
|switch|p2a: Charizard|Charizard, M|100/100
|turn|20
|
|t:|1760439962
|move|p1a: Ryūmon Hōzukimaru|Dragon Pulse|p2a: Charizard
|-damage|p2a: Charizard|35/100
|-damage|p1a: Ryūmon Hōzukimaru|32/100|[from] item: Life Orb
|move|p2a: Charizard|Ancient Power|p1a: Ryūmon Hōzukimaru
|-damage|p1a: Ryūmon Hōzukimaru|5/100
|
|upkeep
|turn|21
|inactive|aboda has 120 seconds left.
|
|t:|1760439998
|move|p1a: Ryūmon Hōzukimaru|Shadow Ball|p2a: Charizard
|-damage|p2a: Charizard|0 fnt
|faint|p2a: Charizard
|-damage|p1a: Ryūmon Hōzukimaru|0 fnt|[from] item: Life Orb
|faint|p1a: Ryūmon Hōzukimaru
|
|upkeep
|
|t:|1760440005
|switch|p1a: Tokoyami|Corviknight, F|100/100
|switch|p2a: Florges|Florges, F|79/100
|-status|p2a: Florges|psn
|turn|22
|
|t:|1760440009
|move|p2a: Florges|Sunny Day|p2a: Florges
|-weather|SunnyDay
|move|p1a: Tokoyami|Substitute|p1a: Tokoyami
|-start|p1a: Tokoyami|Substitute
|-damage|p1a: Tokoyami|75/100
|
|-weather|SunnyDay|[upkeep]
|-heal|p2a: Florges|85/100 psn|[from] item: Leftovers
|-heal|p1a: Tokoyami|82/100|[from] item: Leftovers
|-damage|p2a: Florges|73/100 psn|[from] psn
|upkeep
|turn|23
|
|t:|1760440015
|move|p2a: Florges|Psychic Noise|p1a: Tokoyami
|-resisted|p1a: Tokoyami
|-damage|p1a: Tokoyami|73/100
|-start|p1a: Tokoyami|move: Heal Block
|move|p1a: Tokoyami|Iron Defense|p1a: Tokoyami
|-boost|p1a: Tokoyami|def|2
|
|-weather|SunnyDay|[upkeep]
|-heal|p2a: Florges|79/100 psn|[from] item: Leftovers
|-damage|p2a: Florges|67/100 psn|[from] psn
|upkeep
|turn|24
|
|t:|1760440024
|move|p2a: Florges|Moonblast|p1a: Tokoyami
|-resisted|p1a: Tokoyami
|-activate|p1a: Tokoyami|move: Substitute|[damage]
|move|p1a: Tokoyami|Iron Defense|p1a: Tokoyami
|-boost|p1a: Tokoyami|def|2
|
|-weather|SunnyDay|[upkeep]
|-heal|p2a: Florges|73/100 psn|[from] item: Leftovers
|-damage|p2a: Florges|60/100 psn|[from] psn
|-end|p1a: Tokoyami|move: Heal Block
|upkeep
|turn|25
|-message|aboda forfeited.
|
|win|StrifePK
|raw|StrifePK's rating: 1079 &rarr; <strong>1113</strong><br />(+34 for winning)
|raw|aboda's rating: 1152 &rarr; <strong>1122</strong><br />(-30 for losing)
|l|☆aboda
|player|p2|
|l|☆StrifePK
|player|p1|
