|j|☆chairn't
|j|☆Princessjosie1001!
|t:|1760457891
|gametype|singles
|player|p1|chairn't|miku-fairy|1476
|player|p2|Princessjosie1001!|nurse|1508
|gen|9
|tier|[Gen 9] OU
|rated|
|rule|HP Percentage Mod: HP is shown in percentages
|rule|Endless Battle Clause: Forcing endless battles is banned
|rule|Species Clause: Limit one of each Pokémon
|rule|OHKO Clause: OHKO moves are banned
|rule|Evasion Items Clause: Evasion items are banned
|rule|Evasion Moves Clause: Evasion moves are banned
|rule|Evasion Abilities Clause: Evasion abilities are banned
|rule|Sleep Moves Clause: Sleep-inducing moves are banned
|clearpoke
|poke|p1|Araquanid, M|
|poke|p1|Kingambit, M|
|poke|p1|Iron Treads|
|poke|p1|Enamorus, F|
|poke|p1|Gholdengo|
|poke|p1|Blaziken, M|
|poke|p2|Yanmega, F|
|poke|p2|Cloyster, M|
|poke|p2|Salazzle, F|
|poke|p2|Espeon, F|
|poke|p2|Jirachi|
|poke|p2|Maushold-Four|
|teampreview
|inactive|Battle timer is ON: inactive players will automatically lose when time's up. (requested by chairn't)
|
|t:|1760457919
|teamsize|p1|6
|teamsize|p2|6
|start
|switch|p1a: GIMMIE THE DAMN|Araquanid, M|100/100
|switch|p2a: Maushold|Maushold-Four|100/100
|turn|1
|
|t:|1760457927
|switch|p2a: No hazard allowed|Espeon, F|100/100
|-terastallize|p1a: GIMMIE THE DAMN|Ghost
|move|p1a: GIMMIE THE DAMN|Surf|p2a: No hazard allowed
|-damage|p2a: No hazard allowed|24/100
|
|upkeep
|turn|2
|
|t:|1760457937
|move|p2a: No hazard allowed|Trick|p1a: GIMMIE THE DAMN
|-activate|p2a: No hazard allowed|move: Trick|[of] p1a: GIMMIE THE DAMN
|-item|p1a: GIMMIE THE DAMN|Choice Scarf|[from] move: Trick
|-item|p2a: No hazard allowed|Custap Berry|[from] move: Trick
|move|p1a: GIMMIE THE DAMN|Surf|p2a: No hazard allowed
|-damage|p2a: No hazard allowed|0 fnt
|faint|p2a: No hazard allowed
|
|upkeep
|
|t:|1760457948
|switch|p2a: Cloyster|Cloyster, M|100/100
|turn|3
|
|t:|1760457954
|switch|p1a: Gurt|Gholdengo|100/100
|move|p2a: Cloyster|Shell Smash|p2a: Cloyster
|-unboost|p2a: Cloyster|def|1
|-unboost|p2a: Cloyster|spd|1
|-boost|p2a: Cloyster|atk|2
|-boost|p2a: Cloyster|spa|2
|-boost|p2a: Cloyster|spe|2
|
|upkeep
|turn|4
|
|t:|1760457963
|move|p2a: Cloyster|Shell Smash|p2a: Cloyster
|-unboost|p2a: Cloyster|def|1
|-unboost|p2a: Cloyster|spd|1
|-boost|p2a: Cloyster|atk|2
|-boost|p2a: Cloyster|spa|2
|-boost|p2a: Cloyster|spe|2
|move|p1a: Gurt|Shadow Ball|p2a: Cloyster
|-enditem|p2a: Cloyster|Focus Sash
|-damage|p2a: Cloyster|1/100
|
|upkeep
|turn|5
|
|t:|1760457974
|-terastallize|p2a: Cloyster|Ice
|move|p2a: Cloyster|Icicle Spear|p1a: Gurt
|-resisted|p1a: Gurt
|-damage|p1a: Gurt|76/100
|-resisted|p1a: Gurt
|-damage|p1a: Gurt|49/100
|-resisted|p1a: Gurt
|-damage|p1a: Gurt|23/100
|-resisted|p1a: Gurt
|-damage|p1a: Gurt|0 fnt
|faint|p1a: Gurt
|-hitcount|p1: Gurt|4
|
|upkeep
|
|t:|1760457983
|switch|p1a: NAUR|Kingambit, M|100/100
|-activate|p1a: NAUR|ability: Supreme Overlord
|-start|p1a: NAUR|fallen1|[silent]
|turn|6
|
|t:|1760457987
|move|p2a: Cloyster|Shell Smash|p2a: Cloyster
|-unboost|p2a: Cloyster|def|1
|-unboost|p2a: Cloyster|spd|1
|-boost|p2a: Cloyster|atk|2
|-boost|p2a: Cloyster|spa|2
|-boost|p2a: Cloyster|spe|2
|move|p1a: NAUR|Iron Head|p2a: Cloyster
|-supereffective|p2a: Cloyster
|-damage|p2a: Cloyster|0 fnt
|faint|p2a: Cloyster
|
|upkeep
|
|t:|1760457996
|switch|p2a: Salazzle|Salazzle, F|100/100
|turn|7
|
|t:|1760458007
|-end|p1a: NAUR|fallen1|[silent]
|switch|p1a: GIMMIE THE DAMN|Araquanid, M, tera:Ghost|100/100
|move|p2a: Salazzle|Flamethrower|p1a: GIMMIE THE DAMN
|-damage|p1a: GIMMIE THE DAMN|80/100
|
|upkeep
|turn|8
|
|t:|1760458013
|switch|p2a: Yanmega|Yanmega, F|100/100
|move|p1a: GIMMIE THE DAMN|Sticky Web|p2a: Yanmega
|-sidestart|p2: Princessjosie1001!|move: Sticky Web
|
|upkeep
|turn|9
|
|t:|1760458021
|switch|p2a: Maushold|Maushold-Four|100/100
|-activate|p2a: Maushold|move: Sticky Web
|-unboost|p2a: Maushold|spe|1
|switch|p1a: NAUR|Kingambit, M|100/100
|-activate|p1a: NAUR|ability: Supreme Overlord
|-start|p1a: NAUR|fallen1|[silent]
|
|upkeep
|turn|10
|
|t:|1760458028
|move|p2a: Maushold|Tidy Up|p2a: Maushold
|-sideend|p2: Princessjosie1001!|Sticky Web
|-activate|p2a: Maushold|move: Tidy Up
|-boost|p2a: Maushold|atk|1
|-boost|p2a: Maushold|spe|1
|move|p1a: NAUR|Kowtow Cleave|p2a: Maushold
|-damage|p2a: Maushold|4/100
|
|upkeep
|turn|11
|
|t:|1760458036
|move|p2a: Maushold|Population Bomb|p1a: NAUR|[miss]
|-miss|p2a: Maushold|p1a: NAUR
|move|p1a: NAUR|Kowtow Cleave|p2a: Maushold
|-damage|p2a: Maushold|0 fnt
|faint|p2a: Maushold
|
|upkeep
|
|t:|1760458044
|switch|p2a: Salazzle|Salazzle, F|100/100
|turn|12
|
|t:|1760458053
|move|p2a: Salazzle|Toxic|p1a: NAUR
|-status|p1a: NAUR|tox
|move|p1a: NAUR|Kowtow Cleave|p2a: Salazzle
|-crit|p2a: Salazzle
|-enditem|p2a: Salazzle|Focus Sash
|-damage|p2a: Salazzle|1/100
|
|-damage|p1a: NAUR|94/100 tox|[from] psn
|upkeep
|turn|13
|
|t:|1760458062
|move|p1a: NAUR|Sucker Punch||[still]
|-fail|p1a: NAUR
|move|p2a: Salazzle|Agility|p2a: Salazzle
|-boost|p2a: Salazzle|spe|2
|
|-damage|p1a: NAUR|82/100 tox|[from] psn
|upkeep
|turn|14
|
|t:|1760458069
|move|p2a: Salazzle|Flamethrower|p1a: NAUR
|-supereffective|p1a: NAUR
|-crit|p1a: NAUR
|-damage|p1a: NAUR|0 fnt
|faint|p1a: NAUR
|-end|p1a: NAUR|fallen1|[silent]
|
|upkeep
|
|t:|1760458083
|switch|p1a: GIMMIE THE DAMN|Araquanid, M, tera:Ghost|80/100
|turn|15
|
|t:|1760458088
|move|p2a: Salazzle|Toxic|p1a: GIMMIE THE DAMN
|-status|p1a: GIMMIE THE DAMN|tox
|move|p1a: GIMMIE THE DAMN|Surf|p2a: Salazzle
|-supereffective|p2a: Salazzle
|-damage|p2a: Salazzle|0 fnt
|faint|p2a: Salazzle
|
|-damage|p1a: GIMMIE THE DAMN|74/100 tox|[from] psn
|upkeep
|
|t:|1760458097
|switch|p2a: Yanmega|Yanmega, F|100/100
|turn|16
|
|t:|1760458101
|move|p2a: Yanmega|Protect|p2a: Yanmega
|-singleturn|p2a: Yanmega|Protect
|move|p1a: GIMMIE THE DAMN|Surf|p2a: Yanmega
|-activate|p2a: Yanmega|move: Protect
|
|-damage|p1a: GIMMIE THE DAMN|62/100 tox|[from] psn
|-ability|p2a: Yanmega|Speed Boost|boost
|-boost|p2a: Yanmega|spe|1
|upkeep
|turn|17
|
|t:|1760458109
|move|p2a: Yanmega|Air Slash|p1a: GIMMIE THE DAMN
|-damage|p1a: GIMMIE THE DAMN|23/100 tox
|-damage|p2a: Yanmega|91/100|[from] item: Life Orb
|cant|p1a: GIMMIE THE DAMN|flinch
|
|-damage|p1a: GIMMIE THE DAMN|5/100 tox|[from] psn
|-ability|p2a: Yanmega|Speed Boost|boost
|-boost|p2a: Yanmega|spe|1
|upkeep
|turn|18
|
|t:|1760458117
|move|p2a: Yanmega|Ancient Power|p1a: GIMMIE THE DAMN
|-damage|p1a: GIMMIE THE DAMN|0 fnt
|faint|p1a: GIMMIE THE DAMN
|-damage|p2a: Yanmega|81/100|[from] item: Life Orb
|
|-ability|p2a: Yanmega|Speed Boost|boost
|-boost|p2a: Yanmega|spe|1
|upkeep
|
|t:|1760458123
|switch|p1a: Leashed Phants|Iron Treads|100/100
|-enditem|p1a: Leashed Phants|Booster Energy
|-activate|p1a: Leashed Phants|ability: Quark Drive|[fromitem]
|-start|p1a: Leashed Phants|quarkdriveatk
|turn|19
|
|t:|1760458129
|move|p2a: Yanmega|Air Slash|p1a: Leashed Phants
|-resisted|p1a: Leashed Phants
|-damage|p1a: Leashed Phants|65/100
|-damage|p2a: Yanmega|71/100|[from] item: Life Orb
|cant|p1a: Leashed Phants|flinch
|
|-ability|p2a: Yanmega|Speed Boost|boost
|-boost|p2a: Yanmega|spe|1
|upkeep
|turn|20
|
|t:|1760458136
|move|p2a: Yanmega|Air Slash|p1a: Leashed Phants
|-resisted|p1a: Leashed Phants
|-damage|p1a: Leashed Phants|28/100
|-damage|p2a: Yanmega|61/100|[from] item: Life Orb
|move|p1a: Leashed Phants|Stone Edge|p2a: Yanmega
|-supereffective|p2a: Yanmega
|-damage|p2a: Yanmega|0 fnt
|faint|p2a: Yanmega
|
|upkeep
|
|t:|1760458144
|switch|p2a: Jirachi|Jirachi|100/100
|turn|21
|
|t:|1760458150
|move|p2a: Jirachi|Zen Headbutt|p1a: Leashed Phants
|-resisted|p1a: Leashed Phants
|-damage|p1a: Leashed Phants|11/100
|cant|p1a: Leashed Phants|flinch
|
|upkeep
|turn|22
|
|t:|1760458155
|move|p2a: Jirachi|Zen Headbutt|p1a: Leashed Phants
|-resisted|p1a: Leashed Phants
|-damage|p1a: Leashed Phants|0 fnt
|faint|p1a: Leashed Phants
|-end|p1a: Leashed Phants|Quark Drive|[silent]
|
|upkeep
|
|t:|1760458158
|switch|p1a: Off the Wall|Enamorus, F|100/100
|turn|23
|
|t:|1760458163
|move|p2a: Jirachi|Zen Headbutt|p1a: Off the Wall
|-damage|p1a: Off the Wall|45/100
|cant|p1a: Off the Wall|flinch
|
|upkeep
|turn|24
|
|t:|1760458168
|move|p2a: Jirachi|Zen Headbutt|p1a: Off the Wall
|-damage|p1a: Off the Wall|0 fnt
|faint|p1a: Off the Wall
|
|upkeep
|
|t:|1760458171
|switch|p1a: TSPMO|Blaziken, M|100/100
|-item|p1a: TSPMO|Air Balloon
|turn|25
|
|t:|1760458175
|move|p1a: TSPMO|Protect|p1a: TSPMO
|-singleturn|p1a: TSPMO|Protect
|move|p2a: Jirachi|Zen Headbutt|p1a: TSPMO
|-activate|p1a: TSPMO|move: Protect
|
|-ability|p1a: TSPMO|Speed Boost|boost
|-boost|p1a: TSPMO|spe|1
|upkeep
|turn|26
|
|t:|1760458182
|move|p2a: Jirachi|Zen Headbutt|p1a: TSPMO
|-supereffective|p1a: TSPMO
|-damage|p1a: TSPMO|0 fnt
|-enditem|p1a: TSPMO|Air Balloon
|faint|p1a: TSPMO
|
|win|Princessjosie1001!
|raw|chairn&apos;t's rating: 1476 &rarr; <strong>1458</strong><br />(-18 for losing)
|raw|Princessjosie1001!'s rating: 1508 &rarr; <strong>1526</strong><br />(+18 for winning)
|l|☆Princessjosie1001!
|player|p2|
|l|☆chairn't
|player|p1|
