|j|☆Zhoxyst
|j|☆asmundowns
|t:|1760308993
|gametype|singles
|player|p1|Zhoxyst|brycen|1186
|player|p2|asmundowns|harlequin|1136
|gen|9
|tier|[Gen 9] OU
|rated|
|rule|HP Percentage Mod: HP is shown in percentages
|rule|Endless Battle Clause: Forcing endless battles is banned
|rule|Species Clause: Limit one of each Pokémon
|rule|OHKO Clause: OHKO moves are banned
|rule|Evasion Items Clause: Evasion items are banned
|rule|Evasion Moves Clause: Evasion moves are banned
|rule|Evasion Abilities Clause: Evasion abilities are banned
|rule|Sleep Moves Clause: Sleep-inducing moves are banned
|clearpoke
|poke|p1|Corviknight, F|
|poke|p1|Garchomp, M|
|poke|p1|Toxapex, M|
|poke|p1|Blissey, F|
|poke|p1|Clefable, F|
|poke|p1|Tyranitar, F|
|poke|p2|Kingambit, F|
|poke|p2|Cinderace, F|
|poke|p2|Landorus-Therian, M|
|poke|p2|Iron Valiant|
|poke|p2|Kyurem|
|poke|p2|Slowking-Galar, M|
|teampreview
|inactive|Battle timer is ON: inactive players will automatically lose when time's up. (requested by Zhoxyst)
|
|t:|1760308999
|teamsize|p1|6
|teamsize|p2|6
|start
|switch|p1a: Toxapex|Toxapex, M, shiny|100/100
|switch|p2a: Kristine|Cinderace, F, shiny|100/100
|turn|1
|
|t:|1760309010
|move|p2a: Kristine|Will-O-Wisp|p1a: Toxapex
|-status|p1a: Toxapex|brn
|move|p1a: Toxapex|Toxic|p2a: Kristine
|-status|p2a: Kristine|tox
|
|-damage|p2a: Kristine|94/100 tox|[from] psn
|-damage|p1a: Toxapex|94/100 brn|[from] brn
|upkeep
|turn|2
|
|t:|1760309018
|move|p2a: Kristine|U-turn|p1a: Toxapex
|-resisted|p1a: Toxapex
|-damage|p1a: Toxapex|87/100 brn
|
|t:|1760309026
|switch|p2a: Mr. Freeze|Kyurem, shiny|100/100|[from] U-turn
|-ability|p2a: Mr. Freeze|Pressure
|move|p1a: Toxapex|Chilling Water|p2a: Mr. Freeze
|-resisted|p2a: Mr. Freeze
|-damage|p2a: Mr. Freeze|95/100
|-unboost|p2a: Mr. Freeze|atk|1
|
|-heal|p2a: Mr. Freeze|100/100|[from] item: Leftovers
|-heal|p1a: Toxapex|93/100 brn|[from] item: Black Sludge
|-damage|p1a: Toxapex|87/100 brn|[from] brn
|upkeep
|turn|3
|
|t:|1760309037
|move|p2a: Mr. Freeze|Substitute|p2a: Mr. Freeze
|-start|p2a: Mr. Freeze|Substitute
|-damage|p2a: Mr. Freeze|76/100
|move|p1a: Toxapex|Toxic||[still]
|-fail|p1a: Toxapex
|
|-heal|p2a: Mr. Freeze|82/100|[from] item: Leftovers
|-heal|p1a: Toxapex|93/100 brn|[from] item: Black Sludge
|-damage|p1a: Toxapex|87/100 brn|[from] brn
|upkeep
|turn|4
|
|t:|1760309046
|switch|p1a: Blissey|Blissey, F, shiny|100/100
|move|p2a: Mr. Freeze|Freeze-Dry|p1a: Blissey
|-damage|p1a: Blissey|89/100
|
|-heal|p2a: Mr. Freeze|88/100|[from] item: Leftovers
|upkeep
|turn|5
|
|t:|1760309054
|move|p2a: Mr. Freeze|Body Press|p1a: Blissey
|-supereffective|p1a: Blissey
|-damage|p1a: Blissey|56/100
|move|p1a: Blissey|Seismic Toss|p2a: Mr. Freeze
|-activate|p2a: Mr. Freeze|move: Substitute|[damage]
|
|-heal|p2a: Mr. Freeze|94/100|[from] item: Leftovers
|upkeep
|turn|6
|
|t:|1760309062
|move|p2a: Mr. Freeze|Body Press|p1a: Blissey
|-supereffective|p1a: Blissey
|-damage|p1a: Blissey|19/100
|move|p1a: Blissey|Soft-Boiled|p1a: Blissey
|-heal|p1a: Blissey|69/100
|
|-heal|p2a: Mr. Freeze|99/100|[from] item: Leftovers
|upkeep
|turn|7
|
|t:|1760309073
|move|p2a: Mr. Freeze|Body Press|p1a: Blissey
|-supereffective|p1a: Blissey
|-damage|p1a: Blissey|36/100
|move|p1a: Blissey|Soft-Boiled|p1a: Blissey
|-heal|p1a: Blissey|86/100
|
|-heal|p2a: Mr. Freeze|100/100|[from] item: Leftovers
|upkeep
|turn|8
|
|t:|1760309080
|switch|p1a: Corviknight|Corviknight, F, shiny|100/100
|-ability|p1a: Corviknight|Pressure
|move|p2a: Mr. Freeze|Body Press|p1a: Corviknight
|-crit|p1a: Corviknight
|-damage|p1a: Corviknight|84/100
|-damage|p2a: Mr. Freeze|84/100|[from] item: Rocky Helmet|[of] p1a: Corviknight
|
|-heal|p2a: Mr. Freeze|90/100|[from] item: Leftovers
|upkeep
|turn|9
|
|t:|1760309103
|switch|p1a: Tyranitar|Tyranitar, F, shiny|100/100
|-weather|Sandstorm|[from] ability: Sand Stream|[of] p1a: Tyranitar
|move|p2a: Mr. Freeze|Freeze-Dry|p1a: Tyranitar
|-damage|p1a: Tyranitar|76/100
|
|-weather|Sandstorm|[upkeep]
|-damage|p2a: Mr. Freeze|84/100|[from] Sandstorm
|-heal|p2a: Mr. Freeze|90/100|[from] item: Leftovers
|upkeep
|turn|10
|inactive|asmundowns has 120 seconds left.
|
|t:|1760309135
|switch|p1a: Corviknight|Corviknight, F, shiny|84/100
|-ability|p1a: Corviknight|Pressure
|move|p2a: Mr. Freeze|Earth Power|p1a: Corviknight
|-immune|p1a: Corviknight
|
|-weather|Sandstorm|[upkeep]
|-damage|p2a: Mr. Freeze|84/100|[from] Sandstorm
|-heal|p2a: Mr. Freeze|90/100|[from] item: Leftovers
|upkeep
|turn|11
|
|t:|1760309146
|move|p2a: Mr. Freeze|Freeze-Dry|p1a: Corviknight
|-damage|p1a: Corviknight|48/100
|move|p1a: Corviknight|Body Press|p2a: Mr. Freeze
|-supereffective|p2a: Mr. Freeze
|-end|p2a: Mr. Freeze|Substitute
|
|-weather|Sandstorm|[upkeep]
|-damage|p2a: Mr. Freeze|84/100|[from] Sandstorm
|-heal|p2a: Mr. Freeze|90/100|[from] item: Leftovers
|upkeep
|turn|12
|
|t:|1760309155
|move|p2a: Mr. Freeze|Freeze-Dry|p1a: Corviknight
|-damage|p1a: Corviknight|13/100
|move|p1a: Corviknight|Body Press|p2a: Mr. Freeze
|-supereffective|p2a: Mr. Freeze
|-damage|p2a: Mr. Freeze|43/100
|
|-weather|Sandstorm|[upkeep]
|-damage|p2a: Mr. Freeze|37/100|[from] Sandstorm
|-heal|p2a: Mr. Freeze|43/100|[from] item: Leftovers
|upkeep
|turn|13
|inactive|asmundowns has 120 seconds left.
|
|t:|1760309165
|switch|p1a: Blissey|Blissey, F, shiny|86/100
|move|p2a: Mr. Freeze|Substitute|p2a: Mr. Freeze
|-start|p2a: Mr. Freeze|Substitute
|-damage|p2a: Mr. Freeze|18/100
|
|-weather|none
|-heal|p2a: Mr. Freeze|24/100|[from] item: Leftovers
|upkeep
|turn|14
|
|t:|1760309172
|move|p2a: Mr. Freeze|Body Press|p1a: Blissey
|-supereffective|p1a: Blissey
|-damage|p1a: Blissey|50/100
|move|p1a: Blissey|Seismic Toss|p2a: Mr. Freeze
|-activate|p2a: Mr. Freeze|move: Substitute|[damage]
|
|-heal|p2a: Mr. Freeze|30/100|[from] item: Leftovers
|upkeep
|turn|15
|
|t:|1760309179
|move|p2a: Mr. Freeze|Body Press|p1a: Blissey
|-supereffective|p1a: Blissey
|-damage|p1a: Blissey|14/100
|move|p1a: Blissey|Soft-Boiled|p1a: Blissey
|-heal|p1a: Blissey|64/100
|
|-heal|p2a: Mr. Freeze|36/100|[from] item: Leftovers
|upkeep
|turn|16
|
|t:|1760309187
|move|p2a: Mr. Freeze|Body Press|p1a: Blissey
|-supereffective|p1a: Blissey
|-damage|p1a: Blissey|32/100
|move|p1a: Blissey|Soft-Boiled|p1a: Blissey
|-heal|p1a: Blissey|82/100
|
|-heal|p2a: Mr. Freeze|42/100|[from] item: Leftovers
|upkeep
|turn|17
|
|t:|1760309194
|move|p2a: Mr. Freeze|Body Press|p1a: Blissey
|-supereffective|p1a: Blissey
|-damage|p1a: Blissey|48/100
|move|p1a: Blissey|Seismic Toss|p2a: Mr. Freeze
|-end|p2a: Mr. Freeze|Substitute
|
|-heal|p2a: Mr. Freeze|49/100|[from] item: Leftovers
|upkeep
|turn|18
|
|t:|1760309207
|switch|p1a: Clefable|Clefable, F|100/100
|move|p2a: Mr. Freeze|Substitute|p2a: Mr. Freeze
|-start|p2a: Mr. Freeze|Substitute
|-damage|p2a: Mr. Freeze|24/100
|
|-heal|p2a: Mr. Freeze|30/100|[from] item: Leftovers
|upkeep
|turn|19
|c|☆asmundowns|whats the plan lol
|
|t:|1760309235
|move|p2a: Mr. Freeze|Freeze-Dry|p1a: Clefable
|-damage|p1a: Clefable|70/100
|move|p1a: Clefable|Moonblast|p2a: Mr. Freeze
|-supereffective|p2a: Mr. Freeze
|-end|p2a: Mr. Freeze|Substitute
|
|-heal|p2a: Mr. Freeze|36/100|[from] item: Leftovers
|upkeep
|turn|20
|inactive|asmundowns has 120 seconds left.
|
|t:|1760309256
|switch|p2a: Daenerys|Kingambit, F|100/100
|move|p1a: Clefable|Moonblast|p2a: Daenerys
|-damage|p2a: Daenerys|70/100
|
|-heal|p2a: Daenerys|76/100|[from] item: Leftovers
|upkeep
|turn|21
|inactive|asmundowns has 120 seconds left.
|
|t:|1760309263
|switch|p1a: Garchomp|Garchomp, M|100/100
|move|p2a: Daenerys|Swords Dance|p2a: Daenerys
|-boost|p2a: Daenerys|atk|2
|
|-heal|p2a: Daenerys|83/100|[from] item: Leftovers
|upkeep
|turn|22
|inactive|asmundowns has 120 seconds left.
|
|t:|1760309276
|move|p2a: Daenerys|Sucker Punch|p1a: Garchomp
|-damage|p1a: Garchomp|51/100
|-damage|p2a: Daenerys|70/100|[from] ability: Rough Skin|[of] p1a: Garchomp
|-damage|p2a: Daenerys|54/100|[from] item: Rocky Helmet|[of] p1a: Garchomp
|move|p1a: Garchomp|Earthquake|p2a: Daenerys
|-supereffective|p2a: Daenerys
|-damage|p2a: Daenerys|0 fnt
|faint|p2a: Daenerys
|-end|p2a: Daenerys|fallenundefined|[silent]
|
|upkeep
|inactive|asmundowns has 120 seconds left.
|
|t:|1760309289
|switch|p2a: Kristine|Cinderace, F, shiny|94/100 tox
|turn|23
|inactive|asmundowns has 120 seconds left.
|
|t:|1760309296
|move|p2a: Kristine|Will-O-Wisp|p1a: Garchomp
|-status|p1a: Garchomp|brn
|move|p1a: Garchomp|Stealth Rock|p2a: Kristine
|-sidestart|p2: asmundowns|move: Stealth Rock
|
|-damage|p2a: Kristine|88/100 tox|[from] psn
|-damage|p1a: Garchomp|45/100 brn|[from] brn
|upkeep
|turn|24
|
|t:|1760309303
|move|p2a: Kristine|Court Change|p2a: Kristine
|-swapsideconditions
|-activate|p2a: Kristine|move: Court Change
|move|p1a: Garchomp|Earthquake|p2a: Kristine
|-supereffective|p2a: Kristine
|-damage|p2a: Kristine|34/100 tox
|
|-damage|p2a: Kristine|22/100 tox|[from] psn
|-damage|p1a: Garchomp|39/100 brn|[from] brn
|upkeep
|turn|25
|
|t:|1760309312
|move|p2a: Kristine|U-turn|p1a: Garchomp
|-damage|p1a: Garchomp|27/100 brn
|-damage|p2a: Kristine|9/100 tox|[from] ability: Rough Skin|[of] p1a: Garchomp
|-damage|p2a: Kristine|0 fnt|[from] item: Rocky Helmet|[of] p1a: Garchomp
|faint|p2a: Kristine
|move|p1a: Garchomp|Stealth Rock|p2: Kristine
|-sidestart|p2: asmundowns|move: Stealth Rock
|
|-damage|p1a: Garchomp|20/100 brn|[from] brn
|upkeep
|inactive|asmundowns has 120 seconds left.
|
|t:|1760309337
|switch|p2a: Homelandor|Landorus-Therian, M, shiny|100/100
|-damage|p2a: Homelandor|88/100|[from] Stealth Rock
|-ability|p2a: Homelandor|Intimidate|boost
|-unboost|p1a: Garchomp|atk|1
|turn|26
|inactive|asmundowns has 120 seconds left.
|
|t:|1760309347
|move|p2a: Homelandor|Earthquake|p1a: Garchomp
|-damage|p1a: Garchomp|0 fnt
|faint|p1a: Garchomp
|
|upkeep
|
|t:|1760309366
|switch|p1a: Corviknight|Corviknight, F, shiny|13/100
|-damage|p1a: Corviknight|0 fnt|[from] Stealth Rock
|faint|p1a: Corviknight
|
|t:|1760309371
|switch|p1a: Clefable|Clefable, F|70/100
|turn|27
|
|t:|1760309389
|move|p2a: Homelandor|U-turn|p1a: Clefable
|-resisted|p1a: Clefable
|-damage|p1a: Clefable|60/100
|
|t:|1760309392
|switch|p2a: Chillionaire|Slowking-Galar, M, shiny|100/100|[from] U-turn
|move|p1a: Clefable|Moonblast|p2a: Chillionaire
|-resisted|p2a: Chillionaire
|-damage|p2a: Chillionaire|91/100
|
|upkeep
|turn|28
|inactive|asmundowns has 120 seconds left.
|
|t:|1760309413
|move|p1a: Clefable|Knock Off|p2a: Chillionaire
|-supereffective|p2a: Chillionaire
|-damage|p2a: Chillionaire|63/100
|-enditem|p2a: Chillionaire|Heavy-Duty Boots|[from] move: Knock Off|[of] p1a: Clefable
|move|p2a: Chillionaire|Thunder Wave|p1a: Clefable
|-status|p1a: Clefable|par
|
|upkeep
|turn|29
|
|t:|1760309428
|move|p1a: Clefable|Wish|p1a: Clefable
|move|p2a: Chillionaire|Sludge Bomb|p1a: Clefable
|-supereffective|p1a: Clefable
|-damage|p1a: Clefable|4/100 par
|
|upkeep
|turn|30
|
|t:|1760309435
|cant|p1a: Clefable|par
|move|p2a: Chillionaire|Psychic Noise|p1a: Clefable
|-damage|p1a: Clefable|0 fnt
|faint|p1a: Clefable
|
|upkeep
|
|t:|1760309440
|switch|p1a: Tyranitar|Tyranitar, F, shiny|76/100
|-damage|p1a: Tyranitar|64/100|[from] Stealth Rock
|-weather|Sandstorm|[from] ability: Sand Stream|[of] p1a: Tyranitar
|turn|31
|
|t:|1760309455
|move|p1a: Tyranitar|Dragon Dance|p1a: Tyranitar
|-boost|p1a: Tyranitar|atk|1
|-boost|p1a: Tyranitar|spe|1
|move|p2a: Chillionaire|Thunder Wave|p1a: Tyranitar
|-status|p1a: Tyranitar|par
|-enditem|p1a: Tyranitar|Lum Berry|[eat]
|-curestatus|p1a: Tyranitar|par|[msg]
|
|-weather|Sandstorm|[upkeep]
|-damage|p2a: Chillionaire|56/100|[from] Sandstorm
|upkeep
|turn|32
|
|t:|1760309464
|move|p1a: Tyranitar|Crunch|p2a: Chillionaire
|-supereffective|p2a: Chillionaire
|-damage|p2a: Chillionaire|0 fnt
|faint|p2a: Chillionaire
|
|-weather|Sandstorm|[upkeep]
|upkeep
|
|t:|1760309482
|switch|p2a: Homelandor|Landorus-Therian, M, shiny|88/100
|-damage|p2a: Homelandor|76/100|[from] Stealth Rock
|-ability|p2a: Homelandor|Intimidate|boost
|-unboost|p1a: Tyranitar|atk|1
|turn|33
|
|t:|1760309489
|-terastallize|p1a: Tyranitar|Ice
|move|p1a: Tyranitar|Ice Punch|p2a: Homelandor
|-supereffective|p2a: Homelandor
|-damage|p2a: Homelandor|0 fnt
|-damage|p1a: Tyranitar|48/100|[from] item: Rocky Helmet|[of] p2a: Homelandor
|faint|p2a: Homelandor
|
|-weather|Sandstorm|[upkeep]
|-damage|p1a: Tyranitar|42/100|[from] Sandstorm
|upkeep
|
|t:|1760309503
|switch|p2a: Mr. Freeze|Kyurem, shiny|36/100
|-damage|p2a: Mr. Freeze|11/100|[from] Stealth Rock
|-ability|p2a: Mr. Freeze|Pressure
|turn|34
|
|t:|1760309508
|move|p1a: Tyranitar|Crunch|p2a: Mr. Freeze
|-damage|p2a: Mr. Freeze|0 fnt
|faint|p2a: Mr. Freeze
|
|-weather|Sandstorm|[upkeep]
|-damage|p1a: Tyranitar|35/100|[from] Sandstorm
|upkeep
|
|t:|1760309513
|switch|p2a: WALL-Y|Iron Valiant|100/100
|-damage|p2a: WALL-Y|94/100|[from] Stealth Rock
|-enditem|p2a: WALL-Y|Booster Energy
|-activate|p2a: WALL-Y|ability: Quark Drive|[fromitem]
|-start|p2a: WALL-Y|quarkdrivespe
|turn|35
|
|t:|1760309534
|move|p2a: WALL-Y|Moonblast|p1a: Tyranitar
|-damage|p1a: Tyranitar|0 fnt
|faint|p1a: Tyranitar
|
|-weather|none
|upkeep
|
|t:|1760309543
|switch|p1a: Toxapex|Toxapex, M, shiny|100/100 brn
|-damage|p1a: Toxapex|88/100 brn|[from] Stealth Rock
|turn|36
|inactive|asmundowns has 120 seconds left.
|
|t:|1760309567
|move|p2a: WALL-Y|Calm Mind|p2a: WALL-Y
|-boost|p2a: WALL-Y|spa|1
|-boost|p2a: WALL-Y|spd|1
|move|p1a: Toxapex|Toxic|p2a: WALL-Y
|-status|p2a: WALL-Y|tox
|
|-heal|p1a: Toxapex|94/100 brn|[from] item: Black Sludge
|-damage|p2a: WALL-Y|88/100 tox|[from] psn
|-damage|p1a: Toxapex|88/100 brn|[from] brn
|upkeep
|turn|37
|
|t:|1760309576
|move|p2a: WALL-Y|Calm Mind|p2a: WALL-Y
|-boost|p2a: WALL-Y|spa|1
|-boost|p2a: WALL-Y|spd|1
|move|p1a: Toxapex|Recover|p1a: Toxapex
|-heal|p1a: Toxapex|100/100 brn
|
|-damage|p2a: WALL-Y|76/100 tox|[from] psn
|-damage|p1a: Toxapex|94/100 brn|[from] brn
|upkeep
|turn|38
|
|t:|1760309585
|move|p2a: WALL-Y|Shadow Ball|p1a: Toxapex
|-damage|p1a: Toxapex|61/100 brn
|move|p1a: Toxapex|Recover|p1a: Toxapex
|-heal|p1a: Toxapex|100/100 brn
|
|-damage|p2a: WALL-Y|57/100 tox|[from] psn
|-damage|p1a: Toxapex|94/100 brn|[from] brn
|upkeep
|turn|39
|
|t:|1760309597
|-terastallize|p2a: WALL-Y|Ghost
|move|p2a: WALL-Y|Shadow Ball|p1a: Toxapex
|-damage|p1a: Toxapex|47/100 brn
|move|p1a: Toxapex|Recover|p1a: Toxapex
|-heal|p1a: Toxapex|97/100 brn
|
|-heal|p1a: Toxapex|100/100 brn|[from] item: Black Sludge
|-damage|p2a: WALL-Y|32/100 tox|[from] psn
|-damage|p1a: Toxapex|94/100 brn|[from] brn
|upkeep
|turn|40
|-message|asmundowns forfeited.
|
|win|Zhoxyst
|raw|Zhoxyst's rating: 1186 &rarr; <strong>1207</strong><br />(+21 for winning)
|raw|asmundowns's rating: 1136 &rarr; <strong>1115</strong><br />(-21 for losing)
|l|☆asmundowns
|player|p2|
