|j|☆samuelthestrong
|j|☆Xerneas2
|t:|1760327963
|gametype|singles
|player|p1|samuelthestrong|265|1520
|player|p2|Xerneas2|101|1574
|gen|9
|tier|[Gen 9] OU
|rated|
|rule|HP Percentage Mod: HP is shown in percentages
|rule|Endless Battle Clause: Forcing endless battles is banned
|rule|Species Clause: Limit one of each Pokémon
|rule|OHKO Clause: OHKO moves are banned
|rule|Evasion Items Clause: Evasion items are banned
|rule|Evasion Moves Clause: Evasion moves are banned
|rule|Evasion Abilities Clause: Evasion abilities are banned
|rule|Sleep Moves Clause: Sleep-inducing moves are banned
|clearpoke
|poke|p1|Iron Moth|
|poke|p1|Slowking-Galar, F|
|poke|p1|Dragonite, M|
|poke|p1|Kingambit, M|
|poke|p1|Quaquaval, M|
|poke|p1|Landorus-Therian, M|
|poke|p2|Blissey, F|
|poke|p2|Darkrai|
|poke|p2|Dachsbun, M|
|poke|p2|Dragapult, M|
|poke|p2|Gliscor, F|
|poke|p2|Kingambit, M|
|teampreview
|
|t:|1760327990
|teamsize|p1|6
|teamsize|p2|6
|start
|switch|p1a: Duckular|Quaquaval, M|100/100
|switch|p2a: Darkrai|Darkrai|100/100
|turn|1
|
|t:|1760328000
|switch|p2a: Dachsbun|Dachsbun, M|100/100
|move|p1a: Duckular|Aqua Step|p2a: Dachsbun
|-damage|p2a: Dachsbun|75/100
|-boost|p1a: Duckular|spe|1
|
|upkeep
|turn|2
|
|t:|1760328013
|switch|p1a: Landorus|Landorus-Therian, M|100/100
|-ability|p1a: Landorus|Intimidate|boost
|-unboost|p2a: Dachsbun|atk|1
|move|p2a: Dachsbun|Play Rough|p1a: Landorus
|-damage|p1a: Landorus|89/100
|-damage|p2a: Dachsbun|58/100|[from] item: Rocky Helmet|[of] p1a: Landorus
|
|upkeep
|turn|3
|
|t:|1760328028
|switch|p2a: Darkrai|Darkrai|100/100
|move|p1a: Landorus|U-turn|p2a: Darkrai
|-supereffective|p2a: Darkrai
|-damage|p2a: Darkrai|51/100
|
|t:|1760328036
|switch|p1a: Duckular|Quaquaval, M|100/100|[from] U-turn
|
|upkeep
|turn|4
|
|t:|1760328048
|switch|p2a: Dachsbun|Dachsbun, M|58/100
|move|p1a: Duckular|Aqua Step|p2a: Dachsbun
|-damage|p2a: Dachsbun|32/100
|-boost|p1a: Duckular|spe|1
|
|upkeep
|turn|5
|
|t:|1760328057
|switch|p1a: Landorus|Landorus-Therian, M|89/100
|-ability|p1a: Landorus|Intimidate|boost
|-unboost|p2a: Dachsbun|atk|1
|move|p2a: Dachsbun|Wish|p2a: Dachsbun
|
|upkeep
|turn|6
|
|t:|1760328067
|switch|p2a: Darkrai|Darkrai|51/100
|move|p1a: Landorus|Earth Power|p2a: Darkrai
|-damage|p2a: Darkrai|7/100
|
|-heal|p2a: Darkrai|64/100|[from] move: Wish|[wisher] Dachsbun
|upkeep
|turn|7
|
|t:|1760328093
|switch|p1a: Kingambit|Kingambit, M|100/100
|move|p2a: Darkrai|Dark Pulse|p1a: Kingambit
|-resisted|p1a: Kingambit
|-damage|p1a: Kingambit|64/100
|
|-heal|p1a: Kingambit|70/100|[from] item: Leftovers
|upkeep
|turn|8
|
|t:|1760328120
|switch|p2a: Gliscor|Gliscor, F|100/100
|-end|p1a: Kingambit|fallenundefined|[silent]
|switch|p1a: Duckular|Quaquaval, M|100/100
|
|-status|p2a: Gliscor|tox|[from] item: Toxic Orb
|upkeep
|turn|9
|
|t:|1760328146
|switch|p1a: Iron Moth|Iron Moth|100/100
|switch|p2a: Dragapult|Dragapult, M|100/100
|
|upkeep
|turn|10
|
|t:|1760328159
|move|p2a: Dragapult|Dragon Darts|p1a: Iron Moth
|-damage|p1a: Iron Moth|61/100
|-anim|p2a: Dragapult|Dragon Darts|p1a: Iron Moth
|-damage|p1a: Iron Moth|19/100
|move|p1a: Iron Moth|Fiery Dance|p2a: Dragapult
|-resisted|p2a: Dragapult
|-damage|p2a: Dragapult|59/100
|-boost|p1a: Iron Moth|spa|1
|
|upkeep
|turn|11
|
|t:|1760328179
|-end|p1a: Iron Moth|Quark Drive|[silent]
|switch|p1a: Landorus|Landorus-Therian, M|89/100
|-ability|p1a: Landorus|Intimidate|boost
|-unboost|p2a: Dragapult|atk|1
|move|p2a: Dragapult|Dragon Darts|p1a: Landorus
|-damage|p1a: Landorus|78/100
|-anim|p2a: Dragapult|Dragon Darts|p1a: Landorus
|-damage|p1a: Landorus|66/100
|
|upkeep
|turn|12
|
|t:|1760328190
|move|p2a: Dragapult|Shadow Ball|p1a: Landorus
|-damage|p1a: Landorus|38/100
|move|p1a: Landorus|U-turn|p2a: Dragapult
|-resisted|p2a: Dragapult
|-damage|p2a: Dragapult|44/100
|
|t:|1760328205
|switch|p1a: Kingambit|Kingambit, M|70/100|[from] U-turn
|
|-heal|p1a: Kingambit|76/100|[from] item: Leftovers
|upkeep
|turn|13
|
|t:|1760328219
|move|p2a: Dragapult|U-turn|p1a: Kingambit
|-damage|p1a: Kingambit|62/100
|
|t:|1760328223
|switch|p2a: Gliscor|Gliscor, F|100/100 tox|[from] U-turn
|move|p1a: Kingambit|Iron Head|p2a: Gliscor
|-damage|p2a: Gliscor|68/100 tox
|
|-heal|p1a: Kingambit|68/100|[from] item: Leftovers
|-heal|p2a: Gliscor|81/100 tox|[from] ability: Poison Heal
|upkeep
|turn|14
|
|t:|1760328233
|-end|p1a: Kingambit|fallenundefined|[silent]
|switch|p1a: Landorus|Landorus-Therian, M|38/100
|-ability|p1a: Landorus|Intimidate|boost
|-unboost|p2a: Gliscor|atk|1
|move|p2a: Gliscor|Spikes|p1a: Landorus
|-sidestart|p1: samuelthestrong|Spikes
|
|-heal|p2a: Gliscor|93/100 tox|[from] ability: Poison Heal
|upkeep
|turn|15
|
|t:|1760328239
|move|p2a: Gliscor|Spikes|p1a: Landorus
|-sidestart|p1: samuelthestrong|Spikes
|move|p1a: Landorus|Taunt|p2a: Gliscor
|-start|p2a: Gliscor|move: Taunt
|
|-heal|p2a: Gliscor|100/100 tox|[from] ability: Poison Heal
|upkeep
|turn|16
|
|t:|1760328247
|switch|p2a: Dragapult|Dragapult, M|44/100
|move|p1a: Landorus|Stealth Rock|p2a: Dragapult
|-sidestart|p2: Xerneas2|move: Stealth Rock
|
|upkeep
|turn|17
|
|t:|1760328266
|switch|p2a: Gliscor|Gliscor, F|100/100 tox
|-damage|p2a: Gliscor|88/100 tox|[from] Stealth Rock
|move|p1a: Landorus|Earth Power|p2a: Gliscor
|-immune|p2a: Gliscor
|
|-heal|p2a: Gliscor|100/100 tox|[from] ability: Poison Heal
|upkeep
|turn|18
|
|t:|1760328278
|move|p2a: Gliscor|Toxic|p1a: Landorus
|-status|p1a: Landorus|tox
|move|p1a: Landorus|U-turn|p2a: Gliscor
|-resisted|p2a: Gliscor
|-damage|p2a: Gliscor|95/100 tox
|
|t:|1760328283
|switch|p1a: Iron Moth|Iron Moth|19/100|[from] U-turn
|-damage|p1a: Iron Moth|2/100|[from] Spikes
|
|-heal|p2a: Gliscor|100/100 tox|[from] ability: Poison Heal
|upkeep
|turn|19
|
|t:|1760328302
|switch|p2a: Blissey|Blissey, F|100/100
|move|p1a: Iron Moth|Overheat|p2a: Blissey
|-damage|p2a: Blissey|59/100
|-unboost|p1a: Iron Moth|spa|2
|
|upkeep
|turn|20
|
|t:|1760328312
|-end|p1a: Iron Moth|Quark Drive|[silent]
|switch|p1a: Duckular|Quaquaval, M|100/100
|-damage|p1a: Duckular|84/100|[from] Spikes
|move|p2a: Blissey|Stealth Rock|p1a: Duckular
|-sidestart|p1: samuelthestrong|move: Stealth Rock
|
|upkeep
|turn|21
|
|t:|1760328325
|switch|p2a: Dragapult|Dragapult, M|44/100
|move|p1a: Duckular|Aqua Step|p2a: Dragapult
|-resisted|p2a: Dragapult
|-damage|p2a: Dragapult|12/100
|-boost|p1a: Duckular|spe|1
|
|upkeep
|turn|22
|
|t:|1760328334
|move|p1a: Duckular|Aqua Step|p2a: Dragapult
|-resisted|p2a: Dragapult
|-damage|p2a: Dragapult|0 fnt
|-boost|p1a: Duckular|spe|1
|faint|p2a: Dragapult
|-ability|p1a: Duckular|Moxie|boost
|-boost|p1a: Duckular|atk|1
|
|upkeep
|
|t:|1760328359
|switch|p2a: Gliscor|Gliscor, F|100/100 tox
|-damage|p2a: Gliscor|88/100 tox|[from] Stealth Rock
|turn|23
|
|t:|1760328371
|switch|p1a: Landorus|Landorus-Therian, M|38/100 tox
|-damage|p1a: Landorus|26/100 tox|[from] Stealth Rock
|-ability|p1a: Landorus|Intimidate|boost
|-unboost|p2a: Gliscor|atk|1
|move|p2a: Gliscor|Protect||[still]
|-fail|p2a: Gliscor
|
|-heal|p2a: Gliscor|100/100 tox|[from] ability: Poison Heal
|-damage|p1a: Landorus|20/100 tox|[from] psn
|upkeep
|turn|24
|
|t:|1760328381
|move|p2a: Gliscor|Spikes|p1a: Landorus
|-sidestart|p1: samuelthestrong|Spikes
|move|p1a: Landorus|U-turn|p2a: Gliscor
|-resisted|p2a: Gliscor
|-damage|p2a: Gliscor|94/100 tox
|
|t:|1760328386
|switch|p1a: Duckular|Quaquaval, M|84/100|[from] U-turn
|-damage|p1a: Duckular|59/100|[from] Spikes
|-damage|p1a: Duckular|53/100|[from] Stealth Rock
|
|-heal|p2a: Gliscor|100/100 tox|[from] ability: Poison Heal
|upkeep
|turn|25
|
|t:|1760328404
|-terastallize|p2a: Gliscor|Ground
|move|p1a: Duckular|Aqua Step|p2a: Gliscor
|-supereffective|p2a: Gliscor
|-damage|p2a: Gliscor|47/100 tox
|-boost|p1a: Duckular|spe|1
|move|p2a: Gliscor|Earthquake|p1a: Duckular
|-damage|p1a: Duckular|13/100
|
|-heal|p2a: Gliscor|60/100 tox|[from] ability: Poison Heal
|upkeep
|turn|26
|
|t:|1760328413
|move|p2a: Gliscor|Protect|p2a: Gliscor
|-singleturn|p2a: Gliscor|Protect
|move|p1a: Duckular|Rapid Spin|p2a: Gliscor
|-activate|p2a: Gliscor|move: Protect
|
|-heal|p2a: Gliscor|72/100 tox|[from] ability: Poison Heal
|upkeep
|turn|27
|
|t:|1760328423
|move|p1a: Duckular|Rapid Spin|p2a: Gliscor
|-damage|p2a: Gliscor|61/100 tox
|-boost|p1a: Duckular|spe|1
|-sideend|p1: samuelthestrong|Spikes|[from] move: Rapid Spin|[of] p1a: Duckular
|-sideend|p1: samuelthestrong|Stealth Rock|[from] move: Rapid Spin|[of] p1a: Duckular
|move|p2a: Gliscor|Earthquake|p1a: Duckular
|-damage|p1a: Duckular|0 fnt
|faint|p1a: Duckular
|
|-heal|p2a: Gliscor|73/100 tox|[from] ability: Poison Heal
|upkeep
|
|t:|1760328432
|switch|p1a: Iron Moth|Iron Moth|2/100
|turn|28
|
|t:|1760328442
|switch|p2a: Dachsbun|Dachsbun, M|32/100
|-terastallize|p1a: Iron Moth|Fire
|move|p1a: Iron Moth|Overheat|p2a: Dachsbun
|-ability|p2a: Dachsbun|Well-Baked Body|boost
|-boost|p2a: Dachsbun|def|2
|
|upkeep
|turn|29
|
|t:|1760328450
|-end|p1a: Iron Moth|Quark Drive|[silent]
|switch|p1a: Landorus|Landorus-Therian, M|20/100 tox
|-ability|p1a: Landorus|Intimidate|boost
|-unboost|p2a: Dachsbun|atk|1
|switch|p2a: Blissey|Blissey, F|59/100
|
|-damage|p1a: Landorus|14/100 tox|[from] psn
|upkeep
|turn|30
|
|t:|1760328466
|move|p1a: Landorus|Taunt|p2a: Blissey
|-start|p2a: Blissey|move: Taunt
|move|p2a: Blissey|Shadow Ball|p1a: Landorus
|-damage|p1a: Landorus|0 fnt
|faint|p1a: Landorus
|
|upkeep
|
|t:|1760328473
|switch|p1a: Dragonite|Dragonite, M|100/100
|turn|31
|
|t:|1760328482
|switch|p2a: Gliscor|Gliscor, F, tera:Ground|73/100 tox
|-damage|p2a: Gliscor|67/100 tox|[from] Stealth Rock
|move|p1a: Dragonite|Dragon Dance|p1a: Dragonite
|-boost|p1a: Dragonite|atk|1
|-boost|p1a: Dragonite|spe|1
|
|-heal|p2a: Gliscor|80/100 tox|[from] ability: Poison Heal
|upkeep
|turn|32
|
|t:|1760328492
|move|p1a: Dragonite|Dragon Dance|p1a: Dragonite
|-boost|p1a: Dragonite|atk|1
|-boost|p1a: Dragonite|spe|1
|move|p2a: Gliscor|Toxic|p1a: Dragonite
|-status|p1a: Dragonite|tox
|
|-damage|p1a: Dragonite|94/100 tox|[from] psn
|-heal|p2a: Gliscor|92/100 tox|[from] ability: Poison Heal
|upkeep
|turn|33
|
|t:|1760328508
|move|p2a: Gliscor|Protect|p2a: Gliscor
|-singleturn|p2a: Gliscor|Protect
|move|p1a: Dragonite|Ice Spinner|p2a: Gliscor
|-activate|p2a: Gliscor|move: Protect
|
|-damage|p1a: Dragonite|82/100 tox|[from] psn
|-heal|p2a: Gliscor|100/100 tox|[from] ability: Poison Heal
|upkeep
|turn|34
|
|t:|1760328516
|switch|p2a: Dachsbun|Dachsbun, M|32/100
|move|p1a: Dragonite|Ice Spinner|p2a: Dachsbun
|-damage|p2a: Dachsbun|0 fnt
|faint|p2a: Dachsbun
|
|-damage|p1a: Dragonite|63/100 tox|[from] psn
|upkeep
|
|t:|1760328526
|switch|p2a: Gliscor|Gliscor, F, tera:Ground|100/100 tox
|-damage|p2a: Gliscor|94/100 tox|[from] Stealth Rock
|turn|35
|
|t:|1760328530
|move|p2a: Gliscor|Protect|p2a: Gliscor
|-singleturn|p2a: Gliscor|Protect
|move|p1a: Dragonite|Ice Spinner|p2a: Gliscor
|-activate|p2a: Gliscor|move: Protect
|
|-damage|p1a: Dragonite|39/100 tox|[from] psn
|-heal|p2a: Gliscor|100/100 tox|[from] ability: Poison Heal
|upkeep
|turn|36
|
|t:|1760328567
|switch|p2a: Darkrai|Darkrai|64/100
|-damage|p2a: Darkrai|51/100|[from] Stealth Rock
|move|p1a: Dragonite|Earthquake|p2a: Darkrai
|-damage|p2a: Darkrai|0 fnt
|faint|p2a: Darkrai
|
|-damage|p1a: Dragonite|8/100 tox|[from] psn
|upkeep
|
|t:|1760328569
|switch|p2a: Gliscor|Gliscor, F, tera:Ground|100/100 tox
|-damage|p2a: Gliscor|94/100 tox|[from] Stealth Rock
|turn|37
|
|t:|1760328574
|move|p2a: Gliscor|Protect|p2a: Gliscor
|-singleturn|p2a: Gliscor|Protect
|move|p1a: Dragonite|Ice Spinner|p2a: Gliscor
|-activate|p2a: Gliscor|move: Protect
|
|-damage|p1a: Dragonite|0 fnt|[from] psn
|faint|p1a: Dragonite
|-heal|p2a: Gliscor|100/100 tox|[from] ability: Poison Heal
|upkeep
|
|t:|1760328576
|switch|p1a: Iron Moth|Iron Moth, tera:Fire|2/100
|turn|38
|
|t:|1760328589
|move|p1a: Iron Moth|Overheat|p2a: Gliscor
|-damage|p2a: Gliscor|0 fnt
|-unboost|p1a: Iron Moth|spa|2
|faint|p2a: Gliscor
|
|upkeep
|
|t:|1760328591
|switch|p2a: Blissey|Blissey, F|59/100
|turn|39
|
|t:|1760328597
|-end|p1a: Iron Moth|Quark Drive|[silent]
|switch|p1a: Kingambit|Kingambit, M|68/100
|-activate|p1a: Kingambit|ability: Supreme Overlord
|-start|p1a: Kingambit|fallen3|[silent]
|move|p2a: Blissey|Stealth Rock|p1a: Kingambit
|-sidestart|p1: samuelthestrong|move: Stealth Rock
|
|-heal|p1a: Kingambit|74/100|[from] item: Leftovers
|upkeep
|turn|40
|
|t:|1760328605
|move|p1a: Kingambit|Swords Dance|p1a: Kingambit
|-boost|p1a: Kingambit|atk|2
|move|p2a: Blissey|Seismic Toss|p1a: Kingambit
|-damage|p1a: Kingambit|45/100
|
|-heal|p1a: Kingambit|51/100|[from] item: Leftovers
|upkeep
|turn|41
|
|t:|1760328609
|move|p1a: Kingambit|Kowtow Cleave|p2a: Blissey
|-crit|p2a: Blissey
|-damage|p2a: Blissey|0 fnt
|faint|p2a: Blissey
|
|-heal|p1a: Kingambit|57/100|[from] item: Leftovers
|upkeep
|
|t:|1760328613
|switch|p2a: Kingambit|Kingambit, M|100/100
|-damage|p2a: Kingambit|94/100|[from] Stealth Rock
|-activate|p2a: Kingambit|ability: Supreme Overlord
|-start|p2a: Kingambit|fallen5|[silent]
|turn|42
|
|t:|1760328617
|move|p1a: Kingambit|Kowtow Cleave|p2a: Kingambit
|-resisted|p2a: Kingambit
|-damage|p2a: Kingambit|49/100
|move|p2a: Kingambit|Low Kick|p1a: Kingambit
|-supereffective|p1a: Kingambit
|-damage|p1a: Kingambit|0 fnt
|faint|p1a: Kingambit
|-end|p1a: Kingambit|fallen3|[silent]
|
|-heal|p2a: Kingambit|55/100|[from] item: Leftovers
|upkeep
|
|t:|1760328622
|switch|p1a: Slowking|Slowking-Galar, F|100/100
|turn|43
|
|t:|1760328631
|move|p2a: Kingambit|Iron Head|p1a: Slowking
|-damage|p1a: Slowking|31/100
|move|p1a: Slowking|Psychic Noise|p2a: Kingambit
|-immune|p2a: Kingambit
|
|-heal|p2a: Kingambit|61/100|[from] item: Leftovers
|upkeep
|turn|44
|
|t:|1760328637
|move|p2a: Kingambit|Iron Head|p1a: Slowking
|-damage|p1a: Slowking|0 fnt
|faint|p1a: Slowking
|
|-heal|p2a: Kingambit|68/100|[from] item: Leftovers
|upkeep
|
|t:|1760328639
|switch|p1a: Iron Moth|Iron Moth, tera:Fire|2/100
|-damage|p1a: Iron Moth|0 fnt|[from] Stealth Rock
|faint|p1a: Iron Moth
|-end|p1a: Iron Moth|Quark Drive|[silent]
|
|win|Xerneas2
|raw|samuelthestrong's rating: 1520 &rarr; <strong>1503</strong><br />(-17 for losing)
|raw|Xerneas2's rating: 1574 &rarr; <strong>1591</strong><br />(+17 for winning)
|c|☆samuelthestrong|gg
|l|☆samuelthestrong
|player|p1|
|c|☆Xerneas2|gg
|l|☆Xerneas2
|player|p2|
