|j|☆Aunuexah
|j|☆MiloticUser
|t:|1760329060
|gametype|singles
|player|p1|Aunuexah|101|1285
|player|p2|MiloticUser|101|1239
|gen|9
|tier|[Gen 9] OU
|rated|
|rule|HP Percentage Mod: HP is shown in percentages
|rule|Endless Battle Clause: Forcing endless battles is banned
|rule|Species Clause: Limit one of each Pokémon
|rule|OHKO Clause: OHKO moves are banned
|rule|Evasion Items Clause: Evasion items are banned
|rule|Evasion Moves Clause: Evasion moves are banned
|rule|Evasion Abilities Clause: Evasion abilities are banned
|rule|Sleep Moves Clause: Sleep-inducing moves are banned
|clearpoke
|poke|p1|Garganacl, F|
|poke|p1|Meowscarada, F|
|poke|p1|Toxapex, M|
|poke|p1|Gliscor, F|
|poke|p1|Garchomp, F|
|poke|p1|Talonflame, M|
|poke|p2|Ribombee, F|
|poke|p2|Serperior, M|
|poke|p2|Gholdengo|
|poke|p2|Raging Bolt|
|poke|p2|Zamazenta-*|
|poke|p2|Enamorus, F|
|teampreview
|inactive|Battle timer is ON: inactive players will automatically lose when time's up. (requested by MiloticUser)
|inactive|Aunuexah also wants the timer to be on.
|
|t:|1760329100
|teamsize|p1|6
|teamsize|p2|6
|start
|switch|p1a: Meowscarada|Meowscarada, F|100/100
|switch|p2a: Ribombee|Ribombee, F|100/100
|turn|1
|
|t:|1760329105
|move|p2a: Ribombee|Sticky Web|p1a: Meowscarada
|-sidestart|p1: Aunuexah|move: Sticky Web
|move|p1a: Meowscarada|Triple Axel|p2a: Ribombee
|-start|p1a: Meowscarada|typechange|Ice|[from] ability: Protean
|-damage|p2a: Ribombee|75/100
|-damage|p2a: Ribombee|19/100
|-damage|p2a: Ribombee|0 fnt
|faint|p2a: Ribombee
|-hitcount|p2: Ribombee|3
|
|upkeep
|
|t:|1760329116
|switch|p2a: Zamazenta|Zamazenta|100/100
|-ability|p2a: Zamazenta|Dauntless Shield|boost
|-boost|p2a: Zamazenta|def|1
|turn|2
|
|t:|1760329124
|switch|p1a: Toxapex|Toxapex, M|100/100
|-activate|p1a: Toxapex|move: Sticky Web
|-unboost|p1a: Toxapex|spe|1
|move|p2a: Zamazenta|Iron Defense|p2a: Zamazenta
|-boost|p2a: Zamazenta|def|2
|
|upkeep
|turn|3
|
|t:|1760329132
|move|p2a: Zamazenta|Substitute|p2a: Zamazenta
|-start|p2a: Zamazenta|Substitute
|-damage|p2a: Zamazenta|75/100
|move|p1a: Toxapex|Haze|p1a: Toxapex
|-clearallboost
|
|-heal|p2a: Zamazenta|82/100|[from] item: Leftovers
|upkeep
|turn|4
|
|t:|1760329143
|switch|p1a: Garchomp|Garchomp, F|100/100
|-activate|p1a: Garchomp|move: Sticky Web
|-unboost|p1a: Garchomp|spe|1
|move|p2a: Zamazenta|Iron Defense|p2a: Zamazenta
|-boost|p2a: Zamazenta|def|2
|
|-heal|p2a: Zamazenta|88/100|[from] item: Leftovers
|upkeep
|turn|5
|
|t:|1760329152
|move|p2a: Zamazenta|Body Press|p1a: Garchomp
|-damage|p1a: Garchomp|52/100
|-damage|p2a: Zamazenta|75/100|[from] ability: Rough Skin|[of] p1a: Garchomp
|-damage|p2a: Zamazenta|59/100|[from] item: Rocky Helmet|[of] p1a: Garchomp
|move|p1a: Garchomp|Earthquake|p2a: Zamazenta
|-activate|p2a: Zamazenta|move: Substitute|[damage]
|
|-heal|p2a: Zamazenta|65/100|[from] item: Leftovers
|upkeep
|turn|6
|
|t:|1760329170
|move|p2a: Zamazenta|Body Press|p1a: Garchomp
|-damage|p1a: Garchomp|1/100
|-damage|p2a: Zamazenta|53/100|[from] ability: Rough Skin|[of] p1a: Garchomp
|-damage|p2a: Zamazenta|36/100|[from] item: Rocky Helmet|[of] p1a: Garchomp
|move|p1a: Garchomp|Stealth Rock|p2a: Zamazenta
|-sidestart|p2: MiloticUser|move: Stealth Rock
|
|-heal|p2a: Zamazenta|43/100|[from] item: Leftovers
|upkeep
|turn|7
|
|t:|1760329184
|move|p2a: Zamazenta|Body Press|p1a: Garchomp
|-damage|p1a: Garchomp|0 fnt
|-damage|p2a: Zamazenta|30/100|[from] ability: Rough Skin|[of] p1a: Garchomp
|-damage|p2a: Zamazenta|14/100|[from] item: Rocky Helmet|[of] p1a: Garchomp
|faint|p1a: Garchomp
|
|-heal|p2a: Zamazenta|20/100|[from] item: Leftovers
|upkeep
|
|t:|1760329190
|switch|p1a: Toxapex|Toxapex, M|100/100
|-activate|p1a: Toxapex|move: Sticky Web
|-unboost|p1a: Toxapex|spe|1
|turn|8
|
|t:|1760329197
|move|p2a: Zamazenta|Iron Defense|p2a: Zamazenta
|-boost|p2a: Zamazenta|def|2
|move|p1a: Toxapex|Haze|p1a: Toxapex
|-clearallboost
|
|-heal|p2a: Zamazenta|26/100|[from] item: Leftovers
|upkeep
|turn|9
|
|t:|1760329211
|move|p2a: Zamazenta|Iron Defense|p2a: Zamazenta
|-boost|p2a: Zamazenta|def|2
|move|p1a: Toxapex|Toxic||[still]
|-fail|p1a: Toxapex
|
|-heal|p2a: Zamazenta|32/100|[from] item: Leftovers
|upkeep
|turn|10
|
|t:|1760329221
|move|p2a: Zamazenta|Crunch|p1a: Toxapex
|-damage|p1a: Toxapex|88/100
|move|p1a: Toxapex|Infestation|p2a: Zamazenta
|-resisted|p2a: Zamazenta
|-activate|p2a: Zamazenta|move: Substitute|[damage]
|
|-heal|p2a: Zamazenta|38/100|[from] item: Leftovers
|-heal|p1a: Toxapex|94/100|[from] item: Leftovers
|upkeep
|turn|11
|
|t:|1760329229
|move|p2a: Zamazenta|Body Press|p1a: Toxapex
|-resisted|p1a: Toxapex
|-crit|p1a: Toxapex
|-damage|p1a: Toxapex|66/100
|move|p1a: Toxapex|Haze|p1a: Toxapex
|-clearallboost
|
|-heal|p2a: Zamazenta|45/100|[from] item: Leftovers
|-heal|p1a: Toxapex|71/100|[from] item: Leftovers
|upkeep
|turn|12
|
|t:|1760329238
|move|p2a: Zamazenta|Iron Defense|p2a: Zamazenta
|-boost|p2a: Zamazenta|def|2
|move|p1a: Toxapex|Infestation|p2a: Zamazenta
|-resisted|p2a: Zamazenta
|-activate|p2a: Zamazenta|move: Substitute|[damage]
|
|-heal|p2a: Zamazenta|51/100|[from] item: Leftovers
|-heal|p1a: Toxapex|77/100|[from] item: Leftovers
|upkeep
|turn|13
|
|t:|1760329245
|move|p2a: Zamazenta|Body Press|p1a: Toxapex
|-resisted|p1a: Toxapex
|-damage|p1a: Toxapex|59/100
|move|p1a: Toxapex|Haze|p1a: Toxapex
|-clearallboost
|
|-heal|p2a: Zamazenta|57/100|[from] item: Leftovers
|-heal|p1a: Toxapex|65/100|[from] item: Leftovers
|upkeep
|turn|14
|
|t:|1760329262
|switch|p1a: Gliscor|Gliscor, F|100/100
|move|p2a: Zamazenta|Crunch|p1a: Gliscor
|-damage|p1a: Gliscor|82/100
|
|-heal|p2a: Zamazenta|63/100|[from] item: Leftovers
|-status|p1a: Gliscor|tox|[from] item: Toxic Orb
|upkeep
|turn|15
|
|t:|1760329271
|move|p2a: Zamazenta|Iron Defense|p2a: Zamazenta
|-boost|p2a: Zamazenta|def|2
|move|p1a: Gliscor|Earthquake|p2a: Zamazenta
|-crit|p2a: Zamazenta
|-end|p2a: Zamazenta|Substitute
|
|-heal|p2a: Zamazenta|69/100|[from] item: Leftovers
|-heal|p1a: Gliscor|94/100 tox|[from] ability: Poison Heal
|upkeep
|turn|16
|
|t:|1760329279
|move|p2a: Zamazenta|Substitute|p2a: Zamazenta
|-start|p2a: Zamazenta|Substitute
|-damage|p2a: Zamazenta|44/100
|move|p1a: Gliscor|Knock Off|p2a: Zamazenta
|-resisted|p2a: Zamazenta
|-activate|p2a: Zamazenta|move: Substitute|[damage]
|
|-heal|p2a: Zamazenta|50/100|[from] item: Leftovers
|-heal|p1a: Gliscor|100/100 tox|[from] ability: Poison Heal
|upkeep
|turn|17
|
|t:|1760329287
|move|p2a: Zamazenta|Iron Defense|p2a: Zamazenta
|-boost|p2a: Zamazenta|def|2
|move|p1a: Gliscor|Earthquake|p2a: Zamazenta
|-activate|p2a: Zamazenta|move: Substitute|[damage]
|
|-heal|p2a: Zamazenta|57/100|[from] item: Leftovers
|upkeep
|turn|18
|
|t:|1760329294
|switch|p1a: Toxapex|Toxapex, M|98/100
|-activate|p1a: Toxapex|move: Sticky Web
|-unboost|p1a: Toxapex|spe|1
|move|p2a: Zamazenta|Iron Defense|p2a: Zamazenta
|-boost|p2a: Zamazenta|def|2
|
|-heal|p2a: Zamazenta|63/100|[from] item: Leftovers
|-heal|p1a: Toxapex|100/100|[from] item: Leftovers
|upkeep
|turn|19
|
|t:|1760329303
|move|p2a: Zamazenta|Body Press|p1a: Toxapex
|-resisted|p1a: Toxapex
|-damage|p1a: Toxapex|63/100
|move|p1a: Toxapex|Haze|p1a: Toxapex
|-clearallboost
|
|-heal|p2a: Zamazenta|69/100|[from] item: Leftovers
|-heal|p1a: Toxapex|69/100|[from] item: Leftovers
|upkeep
|turn|20
|
|t:|1760329311
|move|p2a: Zamazenta|Crunch|p1a: Toxapex
|-damage|p1a: Toxapex|55/100
|move|p1a: Toxapex|Infestation|p2a: Zamazenta
|-resisted|p2a: Zamazenta
|-activate|p2a: Zamazenta|move: Substitute|[damage]
|
|-heal|p2a: Zamazenta|75/100|[from] item: Leftovers
|-heal|p1a: Toxapex|61/100|[from] item: Leftovers
|upkeep
|turn|21
|
|t:|1760329319
|move|p2a: Zamazenta|Crunch|p1a: Toxapex
|-damage|p1a: Toxapex|47/100
|-unboost|p1a: Toxapex|def|1
|move|p1a: Toxapex|Recover|p1a: Toxapex
|-heal|p1a: Toxapex|98/100
|
|-heal|p2a: Zamazenta|81/100|[from] item: Leftovers
|-heal|p1a: Toxapex|100/100|[from] item: Leftovers
|upkeep
|turn|22
|
|t:|1760329327
|move|p2a: Zamazenta|Crunch|p1a: Toxapex
|-damage|p1a: Toxapex|81/100
|move|p1a: Toxapex|Infestation|p2a: Zamazenta
|-resisted|p2a: Zamazenta
|-activate|p2a: Zamazenta|move: Substitute|[damage]
|
|-heal|p2a: Zamazenta|88/100|[from] item: Leftovers
|-heal|p1a: Toxapex|87/100|[from] item: Leftovers
|upkeep
|turn|23
|
|t:|1760329334
|move|p2a: Zamazenta|Crunch|p1a: Toxapex
|-damage|p1a: Toxapex|68/100
|move|p1a: Toxapex|Infestation|p2a: Zamazenta
|-resisted|p2a: Zamazenta
|-activate|p2a: Zamazenta|move: Substitute|[damage]
|
|-heal|p2a: Zamazenta|94/100|[from] item: Leftovers
|-heal|p1a: Toxapex|74/100|[from] item: Leftovers
|upkeep
|turn|24
|
|t:|1760329344
|switch|p1a: Gliscor|Gliscor, F|100/100 tox
|move|p2a: Zamazenta|Crunch|p1a: Gliscor
|-damage|p1a: Gliscor|84/100 tox
|
|-heal|p2a: Zamazenta|99/100|[from] item: Leftovers
|-heal|p1a: Gliscor|97/100 tox|[from] ability: Poison Heal
|upkeep
|turn|25
|
|t:|1760329354
|move|p2a: Zamazenta|Iron Defense|p2a: Zamazenta
|-boost|p2a: Zamazenta|def|2
|move|p1a: Gliscor|Earthquake|p2a: Zamazenta
|-end|p2a: Zamazenta|Substitute
|
|-heal|p2a: Zamazenta|100/100|[from] item: Leftovers
|-heal|p1a: Gliscor|100/100 tox|[from] ability: Poison Heal
|upkeep
|turn|26
|
|t:|1760329363
|switch|p1a: Talonflame|Talonflame, M|100/100
|move|p2a: Zamazenta|Substitute|p2a: Zamazenta
|-start|p2a: Zamazenta|Substitute
|-damage|p2a: Zamazenta|75/100
|
|-heal|p2a: Zamazenta|82/100|[from] item: Leftovers
|upkeep
|turn|27
|
|t:|1760329371
|move|p1a: Talonflame|Tailwind|p1a: Talonflame
|-sidestart|p1: Aunuexah|move: Tailwind
|move|p2a: Zamazenta|Crunch|p1a: Talonflame
|-damage|p1a: Talonflame|66/100
|-unboost|p1a: Talonflame|def|1
|
|-heal|p2a: Zamazenta|88/100|[from] item: Leftovers
|upkeep
|turn|28
|
|t:|1760329379
|move|p1a: Talonflame|Defog|p2a: Zamazenta
|-sideend|p2: MiloticUser|Stealth Rock|[from] move: Defog|[of] p1a: Talonflame
|-sideend|p1: Aunuexah|Sticky Web|[from] move: Defog|[of] p1a: Talonflame
|move|p2a: Zamazenta|Body Press|p1a: Talonflame
|-resisted|p1a: Talonflame
|-damage|p1a: Talonflame|0 fnt
|faint|p1a: Talonflame
|
|-heal|p2a: Zamazenta|94/100|[from] item: Leftovers
|upkeep
|
|t:|1760329391
|switch|p1a: Toxapex|Toxapex, M|100/100
|turn|29
|-message|Aunuexah forfeited.
|
|win|MiloticUser
|raw|Aunuexah's rating: 1285 &rarr; <strong>1257</strong><br />(-28 for losing)
|raw|MiloticUser's rating: 1239 &rarr; <strong>1267</strong><br />(+28 for winning)
|l|☆Aunuexah
|player|p1|
|l|☆MiloticUser
|player|p2|
