|j|☆AZ's Return
|j|☆rollinshahaha
|t:|1760372478
|gametype|singles
|player|p1|AZ's Return|az|1441
|player|p2|rollinshahaha|dragontamer|1377
|gen|9
|tier|[Gen 9] OU
|rated|
|rule|HP Percentage Mod: HP is shown in percentages
|rule|Endless Battle Clause: Forcing endless battles is banned
|rule|Species Clause: Limit one of each Pokémon
|rule|OHKO Clause: OHKO moves are banned
|rule|Evasion Items Clause: Evasion items are banned
|rule|Evasion Moves Clause: Evasion moves are banned
|rule|Evasion Abilities Clause: Evasion abilities are banned
|rule|Sleep Moves Clause: Sleep-inducing moves are banned
|clearpoke
|poke|p1|Sableye, F|
|poke|p1|Scizor, M|
|poke|p1|Rotom-Wash|
|poke|p1|Slowking-Galar, M|
|poke|p1|Primarina, M|
|poke|p1|Tsareena, F|
|poke|p2|Scizor, F|
|poke|p2|Great Tusk|
|poke|p2|Heatran, F|
|poke|p2|Ogerpon-Wellspring, F|
|poke|p2|Raging Bolt|
|poke|p2|Tornadus-Therian, M|
|teampreview
|inactive|Battle timer is ON: inactive players will automatically lose when time's up. (requested by rollinshahaha)
|inactive|AZ's Return also wants the timer to be on.
|inactive|AZ's Return has 120 seconds left.
|
|t:|1760372521
|teamsize|p1|6
|teamsize|p2|6
|start
|switch|p1a: Slowking|Slowking-Galar, M|100/100
|switch|p2a: Ogerpon|Ogerpon-Wellspring, F|100/100
|turn|1
|
|t:|1760372529
|switch|p1a: Sableye|Sableye, F|100/100
|move|p2a: Ogerpon|U-turn|p1a: Sableye
|-damage|p1a: Sableye|73/100
|-damage|p2a: Ogerpon|84/100|[from] item: Rocky Helmet|[of] p1a: Sableye
|
|t:|1760372537
|switch|p2a: Heatran|Heatran, F|100/100|[from] U-turn
|
|upkeep
|turn|2
|
|t:|1760372542
|switch|p1a: Slowking|Slowking-Galar, M|100/100
|move|p2a: Heatran|Magma Storm|p1a: Slowking
|-damage|p1a: Slowking|75/100
|-activate|p1a: Slowking|move: Magma Storm|[of] p2a: Heatran
|
|-damage|p1a: Slowking|63/100|[from] move: Magma Storm|[partiallytrapped]
|upkeep
|turn|3
|
|t:|1760372549
|move|p2a: Heatran|Stealth Rock|p1a: Slowking
|-sidestart|p1: AZ's Return|move: Stealth Rock
|-prepare|p1a: Slowking|Chilly Reception|[premajor]
|move|p1a: Slowking|Chilly Reception|p1a: Slowking
|-weather|Snowscape
|
|t:|1760372554
|switch|p1a: Primarina|Primarina, M|100/100|[from] Chilly Reception
|-damage|p1a: Primarina|88/100|[from] Stealth Rock
|
|-weather|Snowscape|[upkeep]
|upkeep
|turn|4
|
|t:|1760372560
|switch|p2a: Ogerpon|Ogerpon-Wellspring, F|84/100
|move|p1a: Primarina|Psychic Noise|p2a: Ogerpon
|-heal|p2a: Ogerpon|100/100|[from] ability: Water Absorb|[of] p1a: Primarina
|
|-weather|Snowscape|[upkeep]
|upkeep
|turn|5
|
|t:|1760372570
|-terastallize|p1a: Primarina|Fairy
|move|p2a: Ogerpon|Encore|p1a: Primarina
|-start|p1a: Primarina|Encore
|move|p1a: Primarina|Psychic Noise|p2a: Ogerpon
|-immune|p2a: Ogerpon|[from] ability: Water Absorb
|
|-weather|Snowscape|[upkeep]
|upkeep
|turn|6
|
|t:|1760372577
|switch|p1a: Sableye|Sableye, F|73/100
|-damage|p1a: Sableye|61/100|[from] Stealth Rock
|move|p2a: Ogerpon|Ivy Cudgel|p1a: Sableye|[anim] Ivy Cudgel Water
|-damage|p1a: Sableye|1/100
|
|-weather|Snowscape|[upkeep]
|upkeep
|turn|7
|
|t:|1760372586
|move|p1a: Sableye|Will-O-Wisp|p2a: Ogerpon
|-status|p2a: Ogerpon|brn
|move|p2a: Ogerpon|Horn Leech|p1a: Sableye
|-damage|p1a: Sableye|0 fnt
|-damage|p2a: Ogerpon|84/100 brn|[from] item: Rocky Helmet|[of] p1a: Sableye
|faint|p1a: Sableye
|
|-weather|none
|-damage|p2a: Ogerpon|78/100 brn|[from] brn
|upkeep
|
|t:|1760372591
|switch|p1a: Rotom|Rotom-Wash|100/100
|-damage|p1a: Rotom|88/100|[from] Stealth Rock
|turn|8
|
|t:|1760372602
|move|p2a: Ogerpon|Horn Leech|p1a: Rotom
|-supereffective|p1a: Rotom
|-damage|p1a: Rotom|56/100
|-heal|p2a: Ogerpon|95/100 brn|[from] drain|[of] p1a: Rotom
|move|p1a: Rotom|Volt Switch|p2a: Ogerpon
|-damage|p2a: Ogerpon|63/100 brn
|
|t:|1760372608
|switch|p1a: Scizor|Scizor, M|100/100|[from] Volt Switch
|-damage|p1a: Scizor|88/100|[from] Stealth Rock
|
|-damage|p2a: Ogerpon|57/100 brn|[from] brn
|upkeep
|turn|9
|
|t:|1760372616
|move|p2a: Ogerpon|U-turn|p1a: Scizor
|-resisted|p1a: Scizor
|-damage|p1a: Scizor|81/100
|
|t:|1760372618
|switch|p2a: Great Tusk|Great Tusk|100/100|[from] U-turn
|move|p1a: Scizor|U-turn|p2a: Great Tusk
|-resisted|p2a: Great Tusk
|-damage|p2a: Great Tusk|87/100
|inactive|AZ's Return has 120 seconds left.
|inactive|AZ's Return has 90 seconds left.
|
|t:|1760372689
|switch|p1a: Rotom|Rotom-Wash|56/100|[from] U-turn
|-damage|p1a: Rotom|43/100|[from] Stealth Rock
|
|-heal|p2a: Great Tusk|93/100|[from] item: Leftovers
|-heal|p1a: Rotom|49/100|[from] item: Leftovers
|upkeep
|turn|10
|
|t:|1760372701
|-end|p2a: Great Tusk|Protosynthesis|[silent]
|switch|p2a: Ogerpon|Ogerpon-Wellspring, F|57/100 brn
|move|p1a: Rotom|Will-O-Wisp|p2a: Ogerpon
|-fail|p2a: Ogerpon|brn
|
|-heal|p1a: Rotom|55/100|[from] item: Leftovers
|-damage|p2a: Ogerpon|51/100 brn|[from] brn
|upkeep
|turn|11
|
|t:|1760372707
|move|p2a: Ogerpon|Encore|p1a: Rotom
|-start|p1a: Rotom|Encore
|move|p1a: Rotom|Will-O-Wisp|p2a: Ogerpon
|-fail|p2a: Ogerpon|brn
|
|-heal|p1a: Rotom|61/100|[from] item: Leftovers
|-damage|p2a: Ogerpon|45/100 brn|[from] brn
|upkeep
|turn|12
|
|t:|1760372712
|switch|p1a: Tsareena|Tsareena, F|100/100
|move|p2a: Ogerpon|Horn Leech|p1a: Tsareena
|-resisted|p1a: Tsareena
|-damage|p1a: Tsareena|89/100
|-heal|p2a: Ogerpon|52/100 brn|[from] drain|[of] p1a: Tsareena
|
|-damage|p2a: Ogerpon|46/100 brn|[from] brn
|upkeep
|turn|13
|
|t:|1760372718
|move|p2a: Ogerpon|U-turn|p1a: Tsareena
|-supereffective|p1a: Tsareena
|-damage|p1a: Tsareena|63/100
|
|t:|1760372721
|switch|p2a: Heatran|Heatran, F|100/100|[from] U-turn
|move|p1a: Tsareena|Rapid Spin|p2a: Heatran
|-resisted|p2a: Heatran
|-damage|p2a: Heatran|93/100
|-boost|p1a: Tsareena|spe|1
|-sideend|p1: AZ's Return|Stealth Rock|[from] move: Rapid Spin|[of] p1a: Tsareena
|
|-heal|p2a: Heatran|99/100|[from] item: Leftovers
|upkeep
|turn|14
|
|t:|1760372727
|move|p1a: Tsareena|Low Kick|p2a: Heatran
|-supereffective|p2a: Heatran
|-damage|p2a: Heatran|27/100
|move|p2a: Heatran|Will-O-Wisp|p1a: Tsareena
|-status|p1a: Tsareena|brn
|
|-heal|p2a: Heatran|33/100|[from] item: Leftovers
|-damage|p1a: Tsareena|57/100 brn|[from] brn
|upkeep
|turn|15
|
|t:|1760372734
|switch|p2a: Tornadus|Tornadus-Therian, M|100/100
|move|p1a: Tsareena|U-turn|p2a: Tornadus
|-resisted|p2a: Tornadus
|-damage|p2a: Tornadus|92/100
|
|t:|1760372739
|switch|p1a: Slowking|Slowking-Galar, M|63/100|[from] U-turn
|
|upkeep
|turn|16
|
|t:|1760372744
|move|p2a: Tornadus|U-turn|p1a: Slowking
|-damage|p1a: Slowking|47/100
|
|t:|1760372754
|switch|p2a: Heatran|Heatran, F|33/100|[from] U-turn
|move|p1a: Slowking|Future Sight|p2a: Heatran
|-start|p1a: Slowking|move: Future Sight
|
|-heal|p2a: Heatran|39/100|[from] item: Leftovers
|upkeep
|turn|17
|
|t:|1760372765
|switch|p1a: Primarina|Primarina, M, tera:Fairy|88/100
|move|p2a: Heatran|Stealth Rock|p1a: Primarina
|-sidestart|p1: AZ's Return|move: Stealth Rock
|
|-heal|p2a: Heatran|46/100|[from] item: Leftovers
|upkeep
|turn|18
|
|t:|1760372776
|move|p2a: Heatran|Magma Storm|p1a: Primarina
|-damage|p1a: Primarina|65/100
|-activate|p1a: Primarina|move: Magma Storm|[of] p2a: Heatran
|move|p1a: Primarina|Draining Kiss|p2a: Heatran
|-resisted|p2a: Heatran
|-damage|p2a: Heatran|39/100
|-heal|p1a: Primarina|70/100|[from] drain|[of] p2a: Heatran
|
|-end|p2a: Heatran|move: Future Sight
|-resisted|p2a: Heatran
|-damage|p2a: Heatran|25/100
|-heal|p2a: Heatran|31/100|[from] item: Leftovers
|-damage|p1a: Primarina|58/100|[from] move: Magma Storm|[partiallytrapped]
|upkeep
|turn|19
|
|t:|1760372783
|move|p2a: Heatran|Earth Power|p1a: Primarina
|-damage|p1a: Primarina|44/100
|-unboost|p1a: Primarina|spd|1
|move|p1a: Primarina|Draining Kiss|p2a: Heatran
|-resisted|p2a: Heatran
|-damage|p2a: Heatran|25/100
|-heal|p1a: Primarina|49/100|[from] drain|[of] p2a: Heatran
|
|-heal|p2a: Heatran|31/100|[from] item: Leftovers
|-damage|p1a: Primarina|37/100|[from] move: Magma Storm|[partiallytrapped]
|upkeep
|turn|20
|
|t:|1760372790
|move|p2a: Heatran|Earth Power|p1a: Primarina
|-damage|p1a: Primarina|17/100
|move|p1a: Primarina|Draining Kiss|p2a: Heatran
|-resisted|p2a: Heatran
|-crit|p2a: Heatran
|-damage|p2a: Heatran|22/100
|-heal|p1a: Primarina|25/100|[from] drain|[of] p2a: Heatran
|
|-heal|p2a: Heatran|28/100|[from] item: Leftovers
|-damage|p1a: Primarina|12/100|[from] move: Magma Storm|[partiallytrapped]
|upkeep
|turn|21
|
|t:|1760372795
|move|p2a: Heatran|Earth Power|p1a: Primarina
|-damage|p1a: Primarina|0 fnt
|faint|p1a: Primarina
|
|-heal|p2a: Heatran|34/100|[from] item: Leftovers
|upkeep
|
|t:|1760372799
|switch|p1a: Rotom|Rotom-Wash|61/100
|-damage|p1a: Rotom|49/100|[from] Stealth Rock
|turn|22
|
|t:|1760372809
|-terastallize|p2a: Heatran|Grass
|move|p2a: Heatran|Magma Storm|p1a: Rotom|[miss]
|-miss|p2a: Heatran|p1a: Rotom
|move|p1a: Rotom|Volt Switch|p2a: Heatran
|-resisted|p2a: Heatran
|-damage|p2a: Heatran|26/100
|
|t:|1760372817
|switch|p1a: Tsareena|Tsareena, F|57/100 brn|[from] Volt Switch
|
|-heal|p2a: Heatran|32/100|[from] item: Leftovers
|-damage|p1a: Tsareena|51/100 brn|[from] brn
|upkeep
|turn|23
|
|t:|1760372834
|move|p2a: Heatran|Magma Storm|p1a: Tsareena
|-supereffective|p1a: Tsareena
|-damage|p1a: Tsareena|0 fnt
|faint|p1a: Tsareena
|
|-heal|p2a: Heatran|39/100|[from] item: Leftovers
|upkeep
|
|t:|1760372857
|switch|p1a: Scizor|Scizor, M|81/100
|-damage|p1a: Scizor|69/100|[from] Stealth Rock
|turn|24
|
|t:|1760372862
|move|p2a: Heatran|Will-O-Wisp|p1a: Scizor|[miss]
|-miss|p2a: Heatran|p1a: Scizor
|move|p1a: Scizor|U-turn|p2a: Heatran
|-supereffective|p2a: Heatran
|-damage|p2a: Heatran|0 fnt
|faint|p2a: Heatran
|
|t:|1760372866
|switch|p1a: Slowking|Slowking-Galar, M|47/100|[from] U-turn
|
|upkeep
|
|t:|1760372874
|switch|p2a: Scizor|Scizor, F|100/100
|turn|25
|
|t:|1760372898
|move|p2a: Scizor|Swords Dance|p2a: Scizor
|-boost|p2a: Scizor|atk|2
|move|p1a: Slowking|Ice Beam|p2a: Scizor
|-resisted|p2a: Scizor
|-damage|p2a: Scizor|84/100
|
|upkeep
|turn|26
|
|t:|1760372903
|move|p2a: Scizor|Swords Dance|p2a: Scizor
|-boost|p2a: Scizor|atk|2
|move|p1a: Slowking|Thunder Wave|p2a: Scizor
|-status|p2a: Scizor|par
|
|upkeep
|turn|27
|
|t:|1760372908
|move|p2a: Scizor|Knock Off|p1a: Slowking
|-supereffective|p1a: Slowking
|-damage|p1a: Slowking|0 fnt
|-enditem|p1a: Slowking|Heavy-Duty Boots|[from] move: Knock Off|[of] p2a: Scizor
|faint|p1a: Slowking
|-damage|p2a: Scizor|74/100 par|[from] item: Life Orb
|
|upkeep
|inactive|AZ's Return has 120 seconds left.
|l|☆AZ's Return
|inactive|AZ's Return disconnected and has a minute to reconnect!
|player|p1|
|j|☆AZ's Return
|inactive|AZ's Return reconnected and has 100 seconds left.
|player|p1|AZ's Return|az|
|inactive|AZ's Return has 90 seconds left.
|
|t:|1760372971
|switch|p1a: Rotom|Rotom-Wash|49/100
|-damage|p1a: Rotom|37/100|[from] Stealth Rock
|turn|28
|
|t:|1760372979
|move|p2a: Scizor|Bullet Punch|p1a: Rotom
|-resisted|p1a: Rotom
|-damage|p1a: Rotom|11/100
|-damage|p2a: Scizor|64/100 par|[from] item: Life Orb
|move|p1a: Rotom|Pain Split|p2a: Scizor
|-sethp|p2a: Scizor|38/100 par|[from] move: Pain Split|[silent]
|-sethp|p1a: Rotom|36/100|[from] move: Pain Split
|
|-heal|p1a: Rotom|42/100|[from] item: Leftovers
|upkeep
|turn|29
|
|t:|1760372985
|move|p1a: Rotom|Pain Split|p2a: Scizor
|-sethp|p2a: Scizor|41/100 par|[from] move: Pain Split|[silent]
|-sethp|p1a: Rotom|39/100|[from] move: Pain Split
|move|p2a: Scizor|Knock Off|p1a: Rotom
|-damage|p1a: Rotom|0 fnt
|-enditem|p1a: Rotom|Leftovers|[from] move: Knock Off|[of] p2a: Scizor
|faint|p1a: Rotom
|-damage|p2a: Scizor|31/100 par|[from] item: Life Orb
|
|upkeep
|
|t:|1760372990
|switch|p1a: Scizor|Scizor, M|69/100
|-damage|p1a: Scizor|57/100|[from] Stealth Rock
|turn|30
|c|☆rollinshahaha|hit it lol
|-message|AZ's Return forfeited.
|
|win|rollinshahaha
|raw|AZ&apos;s Return's rating: 1441 &rarr; <strong>1417</strong><br />(-24 for losing)
|raw|rollinshahaha's rating: 1377 &rarr; <strong>1401</strong><br />(+24 for winning)
|l|☆AZ's Return
|player|p1|
|l|☆rollinshahaha
|player|p2|
