|j|☆Andher
|j|☆Christendom
|t:|1760457458
|gametype|singles
|player|p1|Andher|shadowtriad|1511
|player|p2|Christendom|yellow|1572
|gen|9
|tier|[Gen 9] OU
|rated|
|rule|HP Percentage Mod: HP is shown in percentages
|rule|Endless Battle Clause: Forcing endless battles is banned
|rule|Species Clause: Limit one of each Pokémon
|rule|OHKO Clause: OHKO moves are banned
|rule|Evasion Items Clause: Evasion items are banned
|rule|Evasion Moves Clause: Evasion moves are banned
|rule|Evasion Abilities Clause: Evasion abilities are banned
|rule|Sleep Moves Clause: Sleep-inducing moves are banned
|clearpoke
|poke|p1|Corviknight, F|
|poke|p1|Samurott-Hisui, F|
|poke|p1|Kingambit, M|
|poke|p1|Skeledirge, F|
|poke|p1|Dragapult, F|
|poke|p1|Gengar, F|
|poke|p2|Dragonite, F|
|poke|p2|Zamazenta-*|
|poke|p2|Gholdengo|
|poke|p2|Darkrai|
|poke|p2|Hatterene, F|
|poke|p2|Landorus-Therian, M|
|teampreview
|
|t:|1760457473
|teamsize|p1|6
|teamsize|p2|6
|start
|switch|p1a: Ronin|Samurott-Hisui, F|100/100
|switch|p2a: Landorus|Landorus-Therian, M|100/100
|-ability|p2a: Landorus|Intimidate|boost
|-unboost|p1a: Ronin|atk|1
|turn|1
|
|t:|1760457480
|switch|p1a: Ombra|Dragapult, F|100/100
|move|p2a: Landorus|Earthquake|p1a: Ombra
|-damage|p1a: Ombra|34/100
|
|upkeep
|turn|2
|
|t:|1760457488
|switch|p2a: Hatterene|Hatterene, F|100/100
|move|p1a: Ombra|Surf|p2a: Hatterene
|-damage|p2a: Hatterene|74/100
|
|upkeep
|turn|3
|
|t:|1760457501
|switch|p1a: Shogun|Kingambit, M|100/100
|move|p2a: Hatterene|Psychic Noise|p1a: Shogun
|-immune|p1a: Shogun
|
|upkeep
|turn|4
|
|t:|1760457527
|switch|p2a: Landorus|Landorus-Therian, M|100/100
|-ability|p2a: Landorus|Intimidate|boost
|-unboost|p1a: Shogun|atk|1
|move|p1a: Shogun|Iron Head|p2a: Landorus
|-damage|p2a: Landorus|78/100
|-damage|p1a: Shogun|84/100|[from] item: Rocky Helmet|[of] p2a: Landorus
|
|-heal|p1a: Shogun|90/100|[from] item: Leftovers
|upkeep
|turn|5
|
|t:|1760457541
|-end|p1a: Shogun|fallenundefined|[silent]
|switch|p1a: Cavaller|Corviknight, F|100/100
|-ability|p1a: Cavaller|Pressure
|move|p2a: Landorus|Stealth Rock|p1a: Cavaller
|-sidestart|p1: Andher|move: Stealth Rock
|
|upkeep
|turn|6
|
|t:|1760457547
|switch|p2a: Gholdengo|Gholdengo|100/100
|move|p1a: Cavaller|Brave Bird|p2a: Gholdengo
|-resisted|p2a: Gholdengo
|-damage|p2a: Gholdengo|83/100
|-damage|p1a: Cavaller|95/100|[from] Recoil
|
|upkeep
|turn|7
|
|t:|1760457555
|switch|p1a: Shogun|Kingambit, M|90/100
|-damage|p1a: Shogun|84/100|[from] Stealth Rock
|move|p2a: Gholdengo|Thunderbolt|p1a: Shogun
|-damage|p1a: Shogun|57/100
|
|-heal|p1a: Shogun|63/100|[from] item: Leftovers
|upkeep
|turn|8
|
|t:|1760457564
|switch|p2a: Landorus|Landorus-Therian, M|78/100
|-ability|p2a: Landorus|Intimidate|boost
|-unboost|p1a: Shogun|atk|1
|move|p1a: Shogun|Iron Head|p2a: Landorus
|-damage|p2a: Landorus|55/100
|-damage|p1a: Shogun|47/100|[from] item: Rocky Helmet|[of] p2a: Landorus
|
|-heal|p1a: Shogun|53/100|[from] item: Leftovers
|upkeep
|turn|9
|
|t:|1760457576
|-end|p1a: Shogun|fallenundefined|[silent]
|switch|p1a: Cavaller|Corviknight, F|95/100
|-damage|p1a: Cavaller|82/100|[from] Stealth Rock
|-ability|p1a: Cavaller|Pressure
|move|p2a: Landorus|Earthquake|p1a: Cavaller
|-immune|p1a: Cavaller
|
|upkeep
|turn|10
|inactive|Battle timer is ON: inactive players will automatically lose when time's up. (requested by Christendom)
|
|t:|1760457602
|switch|p2a: Gholdengo|Gholdengo|83/100
|move|p1a: Cavaller|Brave Bird|p2a: Gholdengo
|-resisted|p2a: Gholdengo
|-damage|p2a: Gholdengo|63/100
|-damage|p1a: Cavaller|76/100|[from] Recoil
|
|upkeep
|turn|11
|
|t:|1760457622
|switch|p1a: Shogun|Kingambit, M|53/100
|-damage|p1a: Shogun|47/100|[from] Stealth Rock
|move|p2a: Gholdengo|Thunderbolt|p1a: Shogun
|-damage|p1a: Shogun|20/100
|
|-heal|p1a: Shogun|26/100|[from] item: Leftovers
|upkeep
|turn|12
|
|t:|1760457632
|move|p1a: Shogun|Sucker Punch|p2a: Gholdengo
|-supereffective|p2a: Gholdengo
|-damage|p2a: Gholdengo|0 fnt
|faint|p2a: Gholdengo
|
|-heal|p1a: Shogun|33/100|[from] item: Leftovers
|upkeep
|
|t:|1760457638
|switch|p2a: Landorus|Landorus-Therian, M|55/100
|-ability|p2a: Landorus|Intimidate|boost
|-unboost|p1a: Shogun|atk|1
|turn|13
|
|t:|1760457643
|-end|p1a: Shogun|fallenundefined|[silent]
|switch|p1a: Cavaller|Corviknight, F|76/100
|-damage|p1a: Cavaller|64/100|[from] Stealth Rock
|-ability|p1a: Cavaller|Pressure
|move|p2a: Landorus|U-turn|p1a: Cavaller
|-resisted|p1a: Cavaller
|-damage|p1a: Cavaller|60/100
|-damage|p2a: Landorus|38/100|[from] item: Rocky Helmet|[of] p1a: Cavaller
|
|t:|1760457651
|switch|p2a: Hatterene|Hatterene, F|74/100|[from] U-turn
|
|upkeep
|turn|14
|inactive|Andher has 120 seconds left.
|
|t:|1760457686
|move|p1a: Cavaller|Defog|p2a: Hatterene
|move|p2a: Hatterene|Defog|p1a: Cavaller|[from] ability: Magic Bounce
|-unboost|p1a: Cavaller|evasion|1
|-sideend|p1: Andher|Stealth Rock|[from] move: Defog|[of] p2a: Hatterene
|move|p2a: Hatterene|Mystical Fire|p1a: Cavaller
|-supereffective|p1a: Cavaller
|-damage|p1a: Cavaller|13/100
|-unboost|p1a: Cavaller|spa|1
|
|upkeep
|turn|15
|inactive|Andher has 120 seconds left.
|
|t:|1760457708
|switch|p1a: Shogun|Kingambit, M|33/100
|switch|p2a: Landorus|Landorus-Therian, M|38/100
|-ability|p2a: Landorus|Intimidate|boost
|-unboost|p1a: Shogun|atk|1
|
|-heal|p1a: Shogun|39/100|[from] item: Leftovers
|upkeep
|turn|16
|
|t:|1760457717
|-end|p1a: Shogun|fallenundefined|[silent]
|switch|p1a: Cavaller|Corviknight, F|13/100
|-ability|p1a: Cavaller|Pressure
|move|p2a: Landorus|Stealth Rock|p1a: Cavaller
|-sidestart|p1: Andher|move: Stealth Rock
|
|upkeep
|turn|17
|inactive|Andher has 120 seconds left.
|
|t:|1760457724
|move|p2a: Landorus|Taunt|p1a: Cavaller
|-start|p1a: Cavaller|move: Taunt
|cant|p1a: Cavaller|move: Taunt|Roost
|
|upkeep
|turn|18
|inactive|Andher has 120 seconds left.
|inactive|Andher has 90 seconds left.
|inactive|Christendom has 120 seconds left.
|
|t:|1760457784
|switch|p2a: Zamazenta|Zamazenta|100/100
|-ability|p2a: Zamazenta|Dauntless Shield|boost
|-boost|p2a: Zamazenta|def|1
|switch|p1a: Ronin|Samurott-Hisui, F|100/100
|-damage|p1a: Ronin|88/100|[from] Stealth Rock
|
|upkeep
|turn|19
|
|t:|1760457796
|switch|p1a: Mort|Skeledirge, F|100/100
|move|p2a: Zamazenta|Body Press|p1a: Mort
|-immune|p1a: Mort
|
|upkeep
|turn|20
|
|t:|1760457802
|switch|p2a: Darkrai|Darkrai|100/100
|move|p1a: Mort|Torch Song|p2a: Darkrai
|-damage|p2a: Darkrai|68/100
|-boost|p1a: Mort|spa|1
|
|upkeep
|turn|21
|
|t:|1760457810
|-terastallize|p1a: Mort|Fairy
|move|p2a: Darkrai|Dark Pulse|p1a: Mort
|-resisted|p1a: Mort
|-damage|p1a: Mort|86/100
|move|p1a: Mort|Alluring Voice|p2a: Darkrai
|-supereffective|p2a: Darkrai
|-damage|p2a: Darkrai|0 fnt
|faint|p2a: Darkrai
|
|upkeep
|inactive|Christendom has 120 seconds left.
|
|t:|1760457835
|switch|p2a: Hatterene|Hatterene, F|74/100
|turn|22
|
|t:|1760457844
|move|p1a: Mort|Torch Song|p2a: Hatterene
|-damage|p2a: Hatterene|48/100
|-boost|p1a: Mort|spa|1
|move|p2a: Hatterene|Psychic Noise|p1a: Mort
|-damage|p1a: Mort|53/100
|-start|p1a: Mort|move: Heal Block
|
|upkeep
|turn|23
|
|t:|1760457853
|move|p1a: Mort|Shadow Ball|p2a: Hatterene
|-supereffective|p2a: Hatterene
|-crit|p2a: Hatterene
|-damage|p2a: Hatterene|0 fnt
|faint|p2a: Hatterene
|
|-end|p1a: Mort|move: Heal Block
|upkeep
|
|t:|1760457858
|switch|p2a: Landorus|Landorus-Therian, M|38/100
|-ability|p2a: Landorus|Intimidate|boost
|-unboost|p1a: Mort|atk|1
|turn|24
|
|t:|1760457873
|switch|p1a: Ronin|Samurott-Hisui, F|88/100
|-damage|p1a: Ronin|76/100|[from] Stealth Rock
|move|p2a: Landorus|Taunt|p1a: Ronin
|-start|p1a: Ronin|move: Taunt
|
|upkeep
|turn|25
|inactive|Andher has 90 seconds left.
|inactive|Andher has 60 seconds left.
|
|t:|1760457928
|move|p1a: Ronin|Razor Shell|p2a: Landorus
|-supereffective|p2a: Landorus
|-damage|p2a: Landorus|0 fnt
|-damage|p1a: Ronin|59/100|[from] item: Rocky Helmet|[of] p2a: Landorus
|faint|p2a: Landorus
|
|upkeep
|
|t:|1760457932
|switch|p2a: Dragonite|Dragonite, F|100/100
|turn|26
|
|t:|1760457936
|move|p1a: Ronin|Razor Shell|p2a: Dragonite
|-resisted|p2a: Dragonite
|-damage|p2a: Dragonite|86/100
|move|p2a: Dragonite|Dragon Dance|p2a: Dragonite
|-boost|p2a: Dragonite|atk|1
|-boost|p2a: Dragonite|spe|1
|
|-end|p1a: Ronin|move: Taunt
|upkeep
|turn|27
|
|t:|1760457949
|move|p2a: Dragonite|Earthquake|p1a: Ronin
|-damage|p1a: Ronin|0 fnt
|faint|p1a: Ronin
|
|upkeep
|
|t:|1760457969
|switch|p1a: Mort|Skeledirge, F, tera:Fairy|53/100
|turn|28
|
|t:|1760457972
|-terastallize|p2a: Dragonite|Flying
|move|p2a: Dragonite|Tera Blast|p1a: Mort|[anim] Tera Blast Flying
|-damage|p1a: Mort|8/100
|move|p1a: Mort|Slack Off|p1a: Mort
|-heal|p1a: Mort|58/100
|
|upkeep
|turn|29
|
|t:|1760457994
|switch|p1a: Ombra|Dragapult, F|34/100
|-damage|p1a: Ombra|22/100|[from] Stealth Rock
|move|p2a: Dragonite|Tera Blast|p1a: Ombra|[anim] Tera Blast Flying
|-damage|p1a: Ombra|0 fnt
|faint|p1a: Ombra
|
|upkeep
|
|t:|1760458002
|switch|p1a: Por|Gengar, F, shiny|100/100
|-damage|p1a: Por|88/100|[from] Stealth Rock
|turn|30
|inactive|Christendom has 120 seconds left.
|
|t:|1760458035
|move|p1a: Por|Sludge Bomb|p2a: Dragonite
|-damage|p2a: Dragonite|30/100
|move|p2a: Dragonite|Tera Blast|p1a: Por|[anim] Tera Blast Flying
|-damage|p1a: Por|0 fnt
|-start|p2a: Dragonite|Disable|Tera Blast|[from] ability: Cursed Body|[of] p1a: Por
|faint|p1a: Por
|
|upkeep
|
|t:|1760458053
|switch|p1a: Mort|Skeledirge, F, tera:Fairy|58/100
|turn|31
|inactive|Christendom has 120 seconds left.
|
|t:|1760458088
|move|p2a: Dragonite|Earthquake|p1a: Mort
|-damage|p1a: Mort|32/100
|move|p1a: Mort|Slack Off|p1a: Mort
|-heal|p1a: Mort|82/100
|
|upkeep
|turn|32
|
|t:|1760458102
|move|p2a: Dragonite|Earthquake|p1a: Mort
|-damage|p1a: Mort|56/100
|move|p1a: Mort|Torch Song|p2a: Dragonite
|-damage|p2a: Dragonite|1/100
|-boost|p1a: Mort|spa|1
|
|upkeep
|turn|33
|inactive|Christendom has 90 seconds left.
|
|t:|1760458132
|move|p2a: Dragonite|Earthquake|p1a: Mort
|-damage|p1a: Mort|30/100
|move|p1a: Mort|Torch Song|p2a: Dragonite
|-crit|p2a: Dragonite
|-damage|p2a: Dragonite|0 fnt
|-boost|p1a: Mort|spa|1
|faint|p2a: Dragonite
|
|upkeep
|
|t:|1760458134
|switch|p2a: Zamazenta|Zamazenta|100/100
|turn|34
|-message|Christendom forfeited.
|
|win|Andher
|raw|Andher's rating: 1511 &rarr; <strong>1535</strong><br />(+24 for winning)
|raw|Christendom's rating: 1588 &rarr; <strong>1564</strong><br />(-24 for losing)
|l|☆Christendom
|player|p2|
|l|☆Andher
|player|p1|
