|uhtml|medal-msg|<div class="broadcast-blue">Curious what those medals under the avatar are? PS now has Ladder Seasons! For more information, check out the <a href="https://www.smogon.com/forums/threads/3740067/">thread on Smogon.</a></div>
|uhtml|medal-msg|<div class="broadcast-blue">Curious what those medals under the avatar are? PS now has Ladder Seasons! For more information, check out the <a href="https://www.smogon.com/forums/threads/3740067/">thread on Smogon.</a></div>
|j|☆KillerZodiac03
|j|☆NISMAN666
|t:|1760381062
|gametype|singles
|player|p1|KillerZodiac03|rr-incineroar|
|player|p2|NISMAN666|rr-necrozma|
|teamsize|p1|6
|teamsize|p2|6
|gen|9
|tier|[Gen 9] OU
|rule|Sleep Clause Mod: Limit one foe put to sleep
|rule|Species Clause: Limit one of each Pokémon
|rule|OHKO Clause: OHKO moves are banned
|rule|Evasion Abilities Clause: Evasion abilities are banned
|rule|Evasion Items Clause: Evasion items are banned
|rule|Evasion Moves Clause: Evasion moves are banned
|rule|Endless Battle Clause: Forcing endless battles is banned
|rule|HP Percentage Mod: HP is shown in percentages
|rule|Dynamax Clause: You cannot dynamax
|clearpoke
|poke|p1|Gouging Fire|
|poke|p1|Greninja-*, M|
|poke|p1|Lopunny, M|
|poke|p1|Meganium, M|
|poke|p1|Ogerpon-Hearthflame, F|
|poke|p1|Garchomp, M|
|poke|p2|Vikavolt, M|
|poke|p2|Charizard, M|
|poke|p2|Dragapult, M|
|poke|p2|Annihilape, M|
|poke|p2|Ting-Lu|
|poke|p2|Gouging Fire|
|teampreview
|
|t:|1760381119
|start
|switch|p1a: Dr. Pistacho|Meganium, M|100/100
|switch|p2a: Vikavolt|Vikavolt, M|100/100
|turn|1
|c|☆NISMAN666|ay mis enses
|
|t:|1760381130
|switch|p1a: Cuchillas|Garchomp, M|100/100
|move|p2a: Vikavolt|Sticky Web|p1a: Cuchillas
|-sidestart|p1: KillerZodiac03|move: Sticky Web
|
|upkeep
|turn|2
|c|☆KillerZodiac03|tu si sabes
|
|t:|1760381180
|switch|p2a: Barkai|Annihilape, M|100/100
|move|p1a: Cuchillas|Swords Dance|p1a: Cuchillas
|-boost|p1a: Cuchillas|atk|2
|
|upkeep
|turn|3
|
|t:|1760381214
|move|p1a: Cuchillas|Swords Dance|p1a: Cuchillas
|-boost|p1a: Cuchillas|atk|2
|move|p2a: Barkai|Rage Fist|p1a: Cuchillas
|-damage|p1a: Cuchillas|77/100
|-damage|p2a: Barkai|88/100|[from] ability: Rough Skin|[of] p1a: Cuchillas
|
|-heal|p2a: Barkai|94/100|[from] item: Leftovers
|upkeep
|turn|4
|
|t:|1760381218
|move|p1a: Cuchillas|Scale Shot|p2a: Barkai
|-damage|p2a: Barkai|53/100
|-damage|p2a: Barkai|7/100
|-damage|p2a: Barkai|0 fnt
|faint|p2a: Barkai
|-hitcount|p2: Barkai|3
|-unboost|p1a: Cuchillas|def|1
|-boost|p1a: Cuchillas|spe|1
|
|upkeep
|
|t:|1760381223
|switch|p2a: Goblin|Dragapult, M|100/100
|turn|5
|
|t:|1760381260
|switch|p2a: Vikavolt|Vikavolt, M|100/100
|move|p1a: Cuchillas|Earthquake|p2a: Vikavolt
|-immune|p2a: Vikavolt|[from] ability: Levitate
|
|upkeep
|turn|6
|
|t:|1760381274
|move|p1a: Cuchillas|Scale Shot|p2a: Vikavolt
|-damage|p2a: Vikavolt|58/100
|-damage|p2a: Vikavolt|13/100
|-damage|p2a: Vikavolt|0 fnt
|faint|p2a: Vikavolt
|-hitcount|p2: Vikavolt|3
|-unboost|p1a: Cuchillas|def|1
|-boost|p1a: Cuchillas|spe|1
|
|upkeep
|
|t:|1760381279
|switch|p2a: Calderon|Ting-Lu|100/100
|-ability|p2a: Calderon|Vessel of Ruin
|turn|7
|
|t:|1760381288
|move|p1a: Cuchillas|Swords Dance|p1a: Cuchillas
|-boost|p1a: Cuchillas|atk|2
|move|p2a: Calderon|Earthquake|p1a: Cuchillas
|-damage|p1a: Cuchillas|5/100
|
|upkeep
|turn|8
|
|t:|1760381300
|move|p1a: Cuchillas|Earthquake|p2a: Calderon
|-damage|p2a: Calderon|21/100
|move|p2a: Calderon|Earthquake|p1a: Cuchillas
|-damage|p1a: Cuchillas|0 fnt
|faint|p1a: Cuchillas
|
|-heal|p2a: Calderon|27/100|[from] item: Leftovers
|upkeep
|
|t:|1760381312
|switch|p1a: Roning|Greninja, M|100/100
|-activate|p1a: Roning|move: Sticky Web
|-unboost|p1a: Roning|spe|1
|turn|9
|
|t:|1760381326
|move|p2a: Calderon|Protect|p2a: Calderon
|-singleturn|p2a: Calderon|Protect
|move|p1a: Roning|Ice Beam|p2a: Calderon
|-activate|p2a: Calderon|move: Protect
|
|-heal|p2a: Calderon|33/100|[from] item: Leftovers
|upkeep
|turn|10
|
|t:|1760381363
|move|p1a: Roning|Scald|p2a: Calderon
|-supereffective|p2a: Calderon
|-damage|p2a: Calderon|0 fnt
|faint|p2a: Calderon
|-activate|p1a: Roning|ability: Battle Bond
|detailschange|p1a: Roning|Greninja-Ash, M
|
|upkeep
|
|t:|1760381421
|switch|p2a: Diablo|Gouging Fire|100/100
|turn|11
|
|t:|1760381439
|move|p2a: Diablo|Dragon Claw|p1a: Roning
|-damage|p1a: Roning|31/100
|move|p1a: Roning|Scald|p2a: Diablo
|-damage|p2a: Diablo|42/100
|
|-heal|p2a: Diablo|48/100|[from] item: Leftovers
|upkeep
|turn|12
|
|t:|1760381447
|move|p1a: Roning|Water Shuriken|p2a: Diablo
|-damage|p2a: Diablo|35/100
|-damage|p2a: Diablo|21/100
|-damage|p2a: Diablo|7/100
|-hitcount|p2a: Diablo|3
|move|p2a: Diablo|Dragon Claw|p1a: Roning
|-damage|p1a: Roning|0 fnt
|faint|p1a: Roning
|
|-heal|p2a: Diablo|13/100|[from] item: Leftovers
|upkeep
|
|t:|1760381456
|switch|p1a: Ancient|Gouging Fire|100/100
|-activate|p1a: Ancient|move: Sticky Web
|-unboost|p1a: Ancient|spe|1
|-enditem|p1a: Ancient|Booster Energy
|-activate|p1a: Ancient|ability: Protosynthesis|[fromitem]
|-start|p1a: Ancient|protosynthesisatk
|turn|13
|
|t:|1760381490
|move|p2a: Diablo|Dragon Claw|p1a: Ancient
|-supereffective|p1a: Ancient
|-damage|p1a: Ancient|25/100
|move|p1a: Ancient|Dragon Dance|p1a: Ancient
|-boost|p1a: Ancient|atk|1
|-boost|p1a: Ancient|spe|1
|
|-heal|p2a: Diablo|19/100|[from] item: Leftovers
|upkeep
|turn|14
|
|t:|1760381502
|move|p1a: Ancient|Earthquake|p2a: Diablo
|-supereffective|p2a: Diablo
|-damage|p2a: Diablo|0 fnt
|faint|p2a: Diablo
|-end|p2a: Diablo|Protosynthesis|[silent]
|
|upkeep
|
|t:|1760381510
|switch|p2a: Goblin|Dragapult, M|100/100
|turn|15
|
|t:|1760381532
|move|p2a: Goblin|Dragon Darts|p1a: Ancient
|-supereffective|p1a: Ancient
|-damage|p1a: Ancient|0 fnt
|faint|p1a: Ancient
|-end|p1a: Ancient|Protosynthesis|[silent]
|-damage|p2a: Goblin|91/100|[from] item: Life Orb
|
|upkeep
|
|t:|1760381540
|switch|p1a: Dr. Pistacho|Meganium, M|100/100
|-activate|p1a: Dr. Pistacho|move: Sticky Web
|-unboost|p1a: Dr. Pistacho|spe|1
|turn|16
|
|t:|1760381544
|switch|p2a: Jango|Charizard, M|100/100
|move|p1a: Dr. Pistacho|Leech Seed|p2a: Jango
|-start|p2a: Jango|move: Leech Seed
|
|-damage|p2a: Jango|88/100|[from] Leech Seed|[of] p1a: Dr. Pistacho
|upkeep
|turn|17
|
|t:|1760381554
|detailschange|p2a: Jango|Charizard-Mega-Y, M
|-mega|p2a: Jango|Charizard|Charizardite Y
|-weather|SunnyDay|[from] ability: Drought|[of] p2a: Jango
|move|p1a: Dr. Pistacho|Protect|p1a: Dr. Pistacho
|-singleturn|p1a: Dr. Pistacho|Protect
|move|p2a: Jango|Weather Ball|p1a: Dr. Pistacho
|-activate|p1a: Dr. Pistacho|move: Protect
|
|-weather|SunnyDay|[upkeep]
|-damage|p2a: Jango|76/100|[from] Leech Seed|[of] p1a: Dr. Pistacho
|upkeep
|turn|18
|
|t:|1760381570
|switch|p1a: Manola|Ogerpon-Hearthflame, F|100/100
|-activate|p1a: Manola|move: Sticky Web
|-unboost|p1a: Manola|spe|1
|-ability|p1a: Manola|Mold Breaker
|move|p2a: Jango|Weather Ball|p1a: Manola
|-damage|p1a: Manola|0 fnt
|faint|p1a: Manola
|
|-weather|SunnyDay|[upkeep]
|upkeep
|
|t:|1760381633
|switch|p1a: Furro|Lopunny, M|100/100
|-activate|p1a: Furro|move: Sticky Web
|-unboost|p1a: Furro|spe|1
|turn|19
|
|t:|1760381637
|switch|p2a: Goblin|Dragapult, M|91/100
|detailschange|p1a: Furro|Lopunny-Mega, M
|-mega|p1a: Furro|Lopunny|Lopunnite
|move|p1a: Furro|Fake Out|p2a: Goblin
|-damage|p2a: Goblin|57/100
|
|-weather|SunnyDay|[upkeep]
|upkeep
|turn|20
|
|t:|1760381651
|switch|p1a: Dr. Pistacho|Meganium, M|100/100
|-activate|p1a: Dr. Pistacho|move: Sticky Web
|-unboost|p1a: Dr. Pistacho|spe|1
|move|p2a: Goblin|Dragon Darts|p1a: Dr. Pistacho
|-immune|p1a: Dr. Pistacho
|
|-weather|SunnyDay|[upkeep]
|upkeep
|turn|21
|
|t:|1760381664
|move|p1a: Dr. Pistacho|Draining Kiss|p2a: Goblin
|-supereffective|p2a: Goblin
|-damage|p2a: Goblin|4/100
|move|p2a: Goblin|Fire Blast|p1a: Dr. Pistacho
|-supereffective|p1a: Dr. Pistacho
|-damage|p1a: Dr. Pistacho|14/100
|-damage|p2a: Goblin|0 fnt|[from] item: Life Orb
|faint|p2a: Goblin
|
|-weather|none
|-heal|p1a: Dr. Pistacho|21/100|[from] item: Leftovers
|upkeep
|
|t:|1760381669
|switch|p2a: Jango|Charizard-Mega-Y, M|76/100
|-weather|SunnyDay|[from] ability: Drought|[of] p2a: Jango
|turn|22
|
|t:|1760381674
|move|p1a: Dr. Pistacho|Protect|p1a: Dr. Pistacho
|-singleturn|p1a: Dr. Pistacho|Protect
|move|p2a: Jango|Weather Ball|p1a: Dr. Pistacho
|-activate|p1a: Dr. Pistacho|move: Protect
|
|-weather|SunnyDay|[upkeep]
|-heal|p1a: Dr. Pistacho|27/100|[from] item: Leftovers
|upkeep
|turn|23
|
|t:|1760381707
|move|p1a: Dr. Pistacho|Draining Kiss|p2a: Jango
|-resisted|p2a: Jango
|-damage|p2a: Jango|67/100
|-heal|p1a: Dr. Pistacho|33/100|[from] drain|[of] p2a: Jango
|move|p2a: Jango|Weather Ball|p1a: Dr. Pistacho
|-supereffective|p1a: Dr. Pistacho
|-damage|p1a: Dr. Pistacho|0 fnt
|faint|p1a: Dr. Pistacho
|
|-weather|SunnyDay|[upkeep]
|upkeep
|
|t:|1760381713
|switch|p1a: Furro|Lopunny-Mega, M|100/100
|-activate|p1a: Furro|move: Sticky Web
|-unboost|p1a: Furro|spe|1
|turn|24
|
|t:|1760381720
|move|p1a: Furro|Fake Out|p2a: Jango
|-damage|p2a: Jango|34/100
|cant|p2a: Jango|flinch
|
|-weather|SunnyDay|[upkeep]
|upkeep
|turn|25
|
|t:|1760381730
|move|p2a: Jango|Will-O-Wisp|p1a: Furro
|-status|p1a: Furro|brn
|move|p1a: Furro|Return|p2a: Jango
|-damage|p2a: Jango|0 fnt
|faint|p2a: Jango
|
|win|KillerZodiac03
|c|☆KillerZodiac03|gg
|c|☆NISMAN666|gg
