|j|☆V_run658
|j|☆ineverhaxed
|t:|1760454218
|gametype|singles
|player|p1|V_run658|hugh|1382
|player|p2|ineverhaxed|102|1331
|gen|9
|tier|[Gen 9] OU
|rated|
|rule|HP Percentage Mod: HP is shown in percentages
|rule|Endless Battle Clause: Forcing endless battles is banned
|rule|Species Clause: Limit one of each Pokémon
|rule|OHKO Clause: OHKO moves are banned
|rule|Evasion Items Clause: Evasion items are banned
|rule|Evasion Moves Clause: Evasion moves are banned
|rule|Evasion Abilities Clause: Evasion abilities are banned
|rule|Sleep Moves Clause: Sleep-inducing moves are banned
|clearpoke
|poke|p1|Greninja-*, M|
|poke|p1|Slowking-Galar, M|
|poke|p1|Conkeldurr, M|
|poke|p1|Garchomp, F|
|poke|p1|Rillaboom, M|
|poke|p1|Skeledirge, F|
|poke|p2|Electrode-Hisui|
|poke|p2|Drifblim, M|
|poke|p2|Blissey, F|
|poke|p2|Darkrai|
|poke|p2|Cinderace, M|
|poke|p2|Lokix, F|
|teampreview
|
|t:|1760454226
|teamsize|p1|6
|teamsize|p2|6
|start
|switch|p1a: Conkeldurr|Conkeldurr, M|100/100
|switch|p2a: Blissey|Blissey, F|100/100
|turn|1
|
|t:|1760454233
|switch|p2a: Electrode|Electrode-Hisui|100/100
|move|p1a: Conkeldurr|Knock Off|p2a: Electrode
|-damage|p2a: Electrode|28/100
|-status|p1a: Conkeldurr|par|[from] ability: Static|[of] p2a: Electrode
|-enditem|p2a: Electrode|Choice Specs|[from] move: Knock Off|[of] p1a: Conkeldurr
|
|upkeep
|turn|2
|
|t:|1760454240
|cant|p1a: Conkeldurr|par
|move|p2a: Electrode|Chloroblast|p1a: Conkeldurr
|-damage|p1a: Conkeldurr|23/100 par
|-damage|p2a: Electrode|0 fnt|[from] Recoil
|faint|p2a: Electrode
|
|upkeep
|
|t:|1760454249
|switch|p2a: Drifblim|Drifblim, M|100/100
|turn|3
|
|t:|1760454257
|switch|p1a: Greninja|Greninja, M|100/100
|move|p2a: Drifblim|Shadow Ball|p1a: Greninja
|-resisted|p1a: Greninja
|-damage|p1a: Greninja|76/100
|
|upkeep
|turn|4
|
|t:|1760454262
|switch|p2a: Blissey|Blissey, F|100/100
|move|p1a: Greninja|Dark Pulse|p2a: Blissey
|-damage|p2a: Blissey|86/100
|
|-heal|p2a: Blissey|92/100|[from] item: Leftovers
|upkeep
|turn|5
|
|t:|1760454269
|switch|p1a: Conkeldurr|Conkeldurr, M|23/100 par
|move|p2a: Blissey|Shadow Ball|p1a: Conkeldurr
|-damage|p1a: Conkeldurr|0 fnt
|faint|p1a: Conkeldurr
|
|-heal|p2a: Blissey|98/100|[from] item: Leftovers
|upkeep
|
|t:|1760454274
|switch|p1a: Rillaboom|Rillaboom, M|100/100
|-fieldstart|move: Grassy Terrain|[from] ability: Grassy Surge|[of] p1a: Rillaboom
|turn|6
|
|t:|1760454280
|move|p1a: Rillaboom|Grassy Glide|p2a: Blissey
|-damage|p2a: Blissey|52/100
|-damage|p1a: Rillaboom|91/100|[from] item: Life Orb
|move|p2a: Blissey|Ice Beam|p1a: Rillaboom
|-supereffective|p1a: Rillaboom
|-crit|p1a: Rillaboom
|-damage|p1a: Rillaboom|5/100
|
|-heal|p1a: Rillaboom|12/100|[from] Grassy Terrain
|-heal|p2a: Blissey|58/100|[from] Grassy Terrain
|-heal|p2a: Blissey|65/100|[from] item: Leftovers
|upkeep
|turn|7
|
|t:|1760454290
|move|p1a: Rillaboom|Drain Punch|p2a: Blissey
|-supereffective|p2a: Blissey
|-damage|p2a: Blissey|0 fnt
|-heal|p1a: Rillaboom|73/100|[from] drain|[of] p2a: Blissey
|faint|p2a: Blissey
|-damage|p1a: Rillaboom|63/100|[from] item: Life Orb
|
|-heal|p1a: Rillaboom|69/100|[from] Grassy Terrain
|upkeep
|
|t:|1760454295
|switch|p2a: Lokix|Lokix, F|100/100
|turn|8
|
|t:|1760454302
|switch|p1a: Skeledirge|Skeledirge, F|100/100
|move|p2a: Lokix|U-turn|p1a: Skeledirge
|-resisted|p1a: Skeledirge
|-damage|p1a: Skeledirge|87/100
|
|t:|1760454307
|switch|p2a: Darkrai|Darkrai|100/100|[from] U-turn
|
|-heal|p1a: Skeledirge|93/100|[from] Grassy Terrain
|upkeep
|turn|9
|
|t:|1760454318
|switch|p1a: Greninja|Greninja, M|76/100
|-terastallize|p2a: Darkrai|Dark
|move|p2a: Darkrai|Dark Pulse|p1a: Greninja
|-resisted|p1a: Greninja
|-damage|p1a: Greninja|31/100
|
|-heal|p1a: Greninja|37/100|[from] Grassy Terrain
|upkeep
|turn|10
|
|t:|1760454325
|move|p1a: Greninja|Water Shuriken|p2a: Darkrai
|-damage|p2a: Darkrai|91/100
|-damage|p2a: Darkrai|82/100
|-damage|p2a: Darkrai|73/100
|-damage|p2a: Darkrai|65/100
|-damage|p2a: Darkrai|56/100
|-hitcount|p2a: Darkrai|5
|move|p2a: Darkrai|Dark Pulse|p1a: Greninja
|-resisted|p1a: Greninja
|-damage|p1a: Greninja|0 fnt
|faint|p1a: Greninja
|
|-heal|p2a: Darkrai|62/100|[from] Grassy Terrain
|-fieldend|move: Grassy Terrain
|upkeep
|
|t:|1760454328
|switch|p1a: Rillaboom|Rillaboom, M|69/100
|-fieldstart|move: Grassy Terrain|[from] ability: Grassy Surge|[of] p1a: Rillaboom
|turn|11
|
|t:|1760454332
|move|p1a: Rillaboom|Grassy Glide|p2a: Darkrai
|-damage|p2a: Darkrai|0 fnt
|faint|p2a: Darkrai
|-damage|p1a: Rillaboom|59/100|[from] item: Life Orb
|
|-heal|p1a: Rillaboom|65/100|[from] Grassy Terrain
|upkeep
|
|t:|1760454336
|switch|p2a: Drifblim|Drifblim, M|100/100
|turn|12
|
|t:|1760454341
|switch|p1a: Garchomp|Garchomp, F|100/100
|move|p2a: Drifblim|Calm Mind|p2a: Drifblim
|-boost|p2a: Drifblim|spa|1
|-boost|p2a: Drifblim|spd|1
|
|upkeep
|turn|13
|
|t:|1760454344
|move|p1a: Garchomp|Scale Shot|p2a: Drifblim
|-damage|p2a: Drifblim|86/100
|-damage|p2a: Drifblim|70/100
|-damage|p2a: Drifblim|56/100
|-damage|p2a: Drifblim|40/100
|-enditem|p2a: Drifblim|Sitrus Berry|[eat]
|-heal|p2a: Drifblim|65/100|[from] item: Sitrus Berry
|-damage|p2a: Drifblim|52/100
|-hitcount|p2a: Drifblim|5
|-unboost|p1a: Garchomp|def|1
|-boost|p1a: Garchomp|spe|1
|move|p2a: Drifblim|Substitute|p2a: Drifblim
|-start|p2a: Drifblim|Substitute
|-damage|p2a: Drifblim|27/100
|
|upkeep
|turn|14
|
|t:|1760454356
|move|p1a: Garchomp|Scale Shot|p2a: Drifblim
|-activate|p2a: Drifblim|move: Substitute|[damage]
|-end|p2a: Drifblim|Substitute
|-damage|p2a: Drifblim|11/100
|-damage|p2a: Drifblim|0 fnt
|faint|p2a: Drifblim
|-hitcount|p2: Drifblim|4
|-unboost|p1a: Garchomp|def|1
|-boost|p1a: Garchomp|spe|1
|
|upkeep
|
|t:|1760454369
|switch|p2a: Cinderace|Cinderace, M|100/100
|turn|15
|
|t:|1760454378
|move|p1a: Garchomp|Earthquake|p2a: Cinderace
|-supereffective|p2a: Cinderace
|-damage|p2a: Cinderace|33/100
|-enditem|p2a: Cinderace|Red Card|[of] p1a: Garchomp
|drag|p1a: Skeledirge|Skeledirge, F|93/100
|move|p2a: Cinderace|Acrobatics|p1a: Skeledirge
|-start|p2a: Cinderace|typechange|Flying|[from] ability: Libero
|-damage|p1a: Skeledirge|49/100
|
|-heal|p1a: Skeledirge|55/100|[from] Grassy Terrain
|-fieldend|move: Grassy Terrain
|upkeep
|turn|16
|
|t:|1760454390
|move|p2a: Cinderace|Acrobatics|p1a: Skeledirge
|-damage|p1a: Skeledirge|8/100
|move|p1a: Skeledirge|Will-O-Wisp|p2a: Cinderace
|-status|p2a: Cinderace|brn
|
|-damage|p2a: Cinderace|27/100 brn|[from] brn
|upkeep
|turn|17
|-message|ineverhaxed forfeited.
|
|win|V_run658
|raw|V_run658's rating: 1382 &rarr; <strong>1399</strong><br />(+17 for winning)
|raw|ineverhaxed's rating: 1331 &rarr; <strong>1314</strong><br />(-17 for losing)
|l|☆ineverhaxed
|player|p2|
|l|☆V_run658
|player|p1|
