|j|☆Jerelmy
|j|☆KingofGoob
|t:|1760453292
|gametype|singles
|player|p1|Jerelmy|red|1327
|player|p2|KingofGoob|2|1306
|gen|9
|tier|[Gen 9] OU
|rated|
|rule|HP Percentage Mod: HP is shown in percentages
|rule|Endless Battle Clause: Forcing endless battles is banned
|rule|Species Clause: Limit one of each Pokémon
|rule|OHKO Clause: OHKO moves are banned
|rule|Evasion Items Clause: Evasion items are banned
|rule|Evasion Moves Clause: Evasion moves are banned
|rule|Evasion Abilities Clause: Evasion abilities are banned
|rule|Sleep Moves Clause: Sleep-inducing moves are banned
|clearpoke
|poke|p1|Delphox, F|
|poke|p1|Greninja-*, M|
|poke|p1|Scizor, M|
|poke|p1|Umbreon, F|
|poke|p1|Conkeldurr, M|
|poke|p1|Goodra, F|
|poke|p2|Arboliva, M|
|poke|p2|Hydreigon, M|
|poke|p2|Hatterene, F|
|poke|p2|Slowbro, M|
|poke|p2|Zoroark-Hisui, M|
|poke|p2|Gliscor, F|
|teampreview
|inactive|Battle timer is ON: inactive players will automatically lose when time's up. (requested by KingofGoob)
|inactive|KingofGoob has 120 seconds left.
|
|t:|1760453328
|teamsize|p1|6
|teamsize|p2|6
|start
|switch|p1a: Play-Doh|Goodra, F|100/100
|switch|p2a: Gliscor|Gliscor, F|100/100
|turn|1
|
|t:|1760453336
|move|p2a: Gliscor|Protect|p2a: Gliscor
|-singleturn|p2a: Gliscor|Protect
|move|p1a: Play-Doh|Ice Beam|p2a: Gliscor
|-activate|p2a: Gliscor|move: Protect
|
|-status|p2a: Gliscor|tox|[from] item: Toxic Orb
|upkeep
|turn|2
|
|t:|1760453341
|switch|p2a: Hatterene|Hatterene, F|100/100
|move|p1a: Play-Doh|Ice Beam|p2a: Hatterene
|-damage|p2a: Hatterene|73/100
|
|upkeep
|turn|3
|
|t:|1760453347
|move|p1a: Play-Doh|Sludge Bomb|p2a: Hatterene
|-supereffective|p2a: Hatterene
|-damage|p2a: Hatterene|17/100
|-status|p2a: Hatterene|psn
|move|p2a: Hatterene|Draining Kiss|p1a: Play-Doh
|-supereffective|p1a: Play-Doh
|-crit|p1a: Play-Doh
|-damage|p1a: Play-Doh|47/100
|-heal|p2a: Hatterene|63/100 psn|[from] drain|[of] p1a: Play-Doh
|-ability|p1a: Play-Doh|Gooey
|-unboost|p2a: Hatterene|spe|1
|
|-heal|p1a: Play-Doh|53/100|[from] item: Leftovers
|-damage|p2a: Hatterene|50/100 psn|[from] psn
|upkeep
|turn|4
|
|t:|1760453362
|switch|p2a: Gliscor|Gliscor, F|100/100 tox
|move|p1a: Play-Doh|Sludge Bomb|p2a: Gliscor
|-resisted|p2a: Gliscor
|-damage|p2a: Gliscor|89/100 tox
|
|-heal|p1a: Play-Doh|60/100|[from] item: Leftovers
|-heal|p2a: Gliscor|100/100 tox|[from] ability: Poison Heal
|upkeep
|turn|5
|
|t:|1760453372
|move|p2a: Gliscor|Earthquake|p1a: Play-Doh
|-damage|p1a: Play-Doh|16/100
|move|p1a: Play-Doh|Ice Beam|p2a: Gliscor
|-supereffective|p2a: Gliscor
|-damage|p2a: Gliscor|12/100 tox
|
|-heal|p1a: Play-Doh|22/100|[from] item: Leftovers
|-heal|p2a: Gliscor|25/100 tox|[from] ability: Poison Heal
|upkeep
|turn|6
|
|t:|1760453380
|switch|p1a: Luna|Umbreon, F|100/100
|move|p2a: Gliscor|Earthquake|p1a: Luna
|-damage|p1a: Luna|83/100
|
|-heal|p1a: Luna|89/100|[from] item: Leftovers
|-heal|p2a: Gliscor|37/100 tox|[from] ability: Poison Heal
|upkeep
|turn|7
|
|t:|1760453385
|move|p2a: Gliscor|Protect|p2a: Gliscor
|-singleturn|p2a: Gliscor|Protect
|move|p1a: Luna|Foul Play|p2a: Gliscor
|-activate|p2a: Gliscor|move: Protect
|
|-heal|p1a: Luna|95/100|[from] item: Leftovers
|-heal|p2a: Gliscor|50/100 tox|[from] ability: Poison Heal
|upkeep
|turn|8
|
|t:|1760453393
|move|p2a: Gliscor|Taunt|p1a: Luna
|-start|p1a: Luna|move: Taunt
|move|p1a: Luna|Foul Play|p2a: Gliscor
|-crit|p2a: Gliscor
|-damage|p2a: Gliscor|14/100 tox
|
|-heal|p1a: Luna|100/100|[from] item: Leftovers
|-heal|p2a: Gliscor|26/100 tox|[from] ability: Poison Heal
|upkeep
|turn|9
|
|t:|1760453401
|move|p2a: Gliscor|Protect|p2a: Gliscor
|-singleturn|p2a: Gliscor|Protect
|move|p1a: Luna|Foul Play|p2a: Gliscor
|-activate|p2a: Gliscor|move: Protect
|
|-heal|p2a: Gliscor|39/100 tox|[from] ability: Poison Heal
|upkeep
|turn|10
|
|t:|1760453404
|move|p2a: Gliscor|Toxic|p1a: Luna
|-status|p1a: Luna|tox
|-activate|p1a: Luna|ability: Synchronize
|-fail|p2a: Gliscor|tox
|move|p1a: Luna|Foul Play|p2a: Gliscor
|-damage|p2a: Gliscor|14/100 tox
|
|-heal|p2a: Gliscor|26/100 tox|[from] ability: Poison Heal
|-damage|p1a: Luna|94/100 tox|[from] psn
|-end|p1a: Luna|move: Taunt
|upkeep
|turn|11
|
|t:|1760453413
|switch|p1a: Unc|Conkeldurr, M|100/100
|move|p2a: Gliscor|Protect||[still]
|-fail|p2a: Gliscor
|
|-heal|p2a: Gliscor|39/100 tox|[from] ability: Poison Heal
|-status|p1a: Unc|brn|[from] item: Flame Orb
|upkeep
|turn|12
|
|t:|1760453417
|move|p2a: Gliscor|Protect|p2a: Gliscor
|-singleturn|p2a: Gliscor|Protect
|move|p1a: Unc|Ice Punch|p2a: Gliscor
|-activate|p2a: Gliscor|move: Protect
|
|-heal|p2a: Gliscor|51/100 tox|[from] ability: Poison Heal
|-damage|p1a: Unc|94/100 brn|[from] brn
|upkeep
|turn|13
|
|t:|1760453424
|switch|p2a: Slowbro|Slowbro, M|100/100
|move|p1a: Unc|Ice Punch|p2a: Slowbro
|-resisted|p2a: Slowbro
|-damage|p2a: Slowbro|87/100
|-damage|p1a: Unc|78/100 brn|[from] item: Rocky Helmet|[of] p2a: Slowbro
|
|-damage|p1a: Unc|72/100 brn|[from] brn
|upkeep
|turn|14
|
|t:|1760453432
|move|p1a: Unc|Thunder Punch|p2a: Slowbro
|-supereffective|p2a: Slowbro
|-damage|p2a: Slowbro|30/100
|-damage|p1a: Unc|55/100 brn|[from] item: Rocky Helmet|[of] p2a: Slowbro
|move|p2a: Slowbro|Body Press|p1a: Unc
|-damage|p1a: Unc|32/100 brn
|
|-damage|p1a: Unc|26/100 brn|[from] brn
|upkeep
|turn|15
|
|t:|1760453440
|switch|p2a: Gliscor|Gliscor, F|51/100 tox
|move|p1a: Unc|Thunder Punch|p2a: Gliscor
|-immune|p2a: Gliscor
|
|-heal|p2a: Gliscor|64/100 tox|[from] ability: Poison Heal
|-damage|p1a: Unc|20/100 brn|[from] brn
|upkeep
|turn|16
|
|t:|1760453445
|switch|p2a: Slowbro|Slowbro, M|63/100
|move|p1a: Unc|Ice Punch|p2a: Slowbro
|-resisted|p2a: Slowbro
|-damage|p2a: Slowbro|50/100
|-status|p2a: Slowbro|frz
|-damage|p1a: Unc|3/100 brn|[from] item: Rocky Helmet|[of] p2a: Slowbro
|
|-damage|p1a: Unc|0 fnt|[from] brn
|faint|p1a: Unc
|upkeep
|
|t:|1760453457
|switch|p1a: Play-Doh|Goodra, F|22/100
|turn|17
|
|t:|1760453471
|switch|p2a: Gliscor|Gliscor, F|100/100
|move|p1a: Play-Doh|Dragon Pulse|p2a: Gliscor
|-damage|p2a: Gliscor|26/100
|replace|p2a: Zoroark|Zoroark-Hisui, M, shiny
|-end|p2a: Zoroark|Illusion
|
|-heal|p1a: Play-Doh|28/100|[from] item: Leftovers
|upkeep
|turn|18
|
|t:|1760453482
|switch|p1a: Luna|Umbreon, F|94/100 tox
|move|p2a: Zoroark|Poltergeist|p1a: Luna
|-activate|p1a: Luna|move: Poltergeist|Leftovers
|-resisted|p1a: Luna
|-damage|p1a: Luna|74/100 tox
|
|-heal|p1a: Luna|80/100 tox|[from] item: Leftovers
|-damage|p1a: Luna|74/100 tox|[from] psn
|upkeep
|turn|19
|
|t:|1760453489
|switch|p2a: Gliscor|Gliscor, F|64/100 tox
|move|p1a: Luna|Wish|p1a: Luna
|
|-heal|p1a: Luna|80/100 tox|[from] item: Leftovers
|-heal|p2a: Gliscor|76/100 tox|[from] ability: Poison Heal
|-damage|p1a: Luna|68/100 tox|[from] psn
|upkeep
|turn|20
|
|t:|1760453497
|switch|p1a: Play-Doh|Goodra, F|28/100
|move|p2a: Gliscor|Earthquake|p1a: Play-Doh
|-damage|p1a: Play-Doh|0 fnt
|faint|p1a: Play-Doh
|
|-heal|p2a: Gliscor|89/100 tox|[from] ability: Poison Heal
|upkeep
|
|t:|1760453505
|switch|p1a: Shadow|Greninja, M|100/100
|turn|21
|
|t:|1760453524
|move|p2a: Gliscor|Protect|p2a: Gliscor
|-singleturn|p2a: Gliscor|Protect
|move|p1a: Shadow|Ice Beam|p2a: Gliscor
|-activate|p2a: Gliscor|move: Protect
|
|-heal|p2a: Gliscor|100/100 tox|[from] ability: Poison Heal
|upkeep
|turn|22
|
|t:|1760453529
|switch|p2a: Slowbro|Slowbro, M|83/100 frz
|move|p1a: Shadow|Dark Pulse|p2a: Slowbro
|-supereffective|p2a: Slowbro
|-damage|p2a: Slowbro|10/100 frz
|
|upkeep
|turn|23
|
|t:|1760453543
|move|p1a: Shadow|Ice Beam|p2a: Slowbro
|-resisted|p2a: Slowbro
|-damage|p2a: Slowbro|0 fnt
|faint|p2a: Slowbro
|-ability|p1a: Shadow|Battle Bond|boost
|-boost|p1a: Shadow|atk|1
|-boost|p1a: Shadow|spa|1
|-boost|p1a: Shadow|spe|1
|-activate|p1a: Shadow|ability: Battle Bond
|
|upkeep
|
|t:|1760453548
|switch|p2a: Hydreigon|Hydreigon, M|100/100
|turn|24
|
|t:|1760453553
|-terastallize|p2a: Hydreigon|Steel
|move|p1a: Shadow|Ice Beam|p2a: Hydreigon
|-resisted|p2a: Hydreigon
|-damage|p2a: Hydreigon|76/100
|move|p2a: Hydreigon|Draco Meteor|p1a: Shadow
|-damage|p1a: Shadow|0 fnt
|-unboost|p2a: Hydreigon|spa|2
|faint|p1a: Shadow
|
|upkeep
|
|t:|1760453563
|switch|p1a: Hermione|Delphox, F|100/100
|turn|25
|
|t:|1760453567
|switch|p2a: Gliscor|Gliscor, F|100/100 tox
|move|p1a: Hermione|Flamethrower|p2a: Gliscor
|-damage|p2a: Gliscor|63/100 tox
|
|-heal|p2a: Gliscor|75/100 tox|[from] ability: Poison Heal
|upkeep
|turn|26
|
|t:|1760453583
|switch|p1a: Robin|Scizor, M|100/100
|move|p2a: Gliscor|Earthquake|p1a: Robin
|-damage|p1a: Robin|65/100
|
|-heal|p2a: Gliscor|88/100 tox|[from] ability: Poison Heal
|upkeep
|turn|27
|
|t:|1760453588
|move|p2a: Gliscor|Earthquake|p1a: Robin
|-damage|p1a: Robin|30/100
|move|p1a: Robin|Swords Dance|p1a: Robin
|-boost|p1a: Robin|atk|2
|
|-heal|p2a: Gliscor|99/100 tox|[from] ability: Poison Heal
|upkeep
|turn|28
|
|t:|1760453596
|move|p1a: Robin|Bullet Punch|p2a: Gliscor
|-damage|p2a: Gliscor|48/100 tox
|move|p2a: Gliscor|Earthquake|p1a: Robin
|-damage|p1a: Robin|0 fnt
|faint|p1a: Robin
|
|-heal|p2a: Gliscor|60/100 tox|[from] ability: Poison Heal
|upkeep
|
|t:|1760453602
|switch|p1a: Hermione|Delphox, F|100/100
|turn|29
|
|t:|1760453609
|-terastallize|p1a: Hermione|Fairy
|move|p2a: Gliscor|Protect|p2a: Gliscor
|-singleturn|p2a: Gliscor|Protect
|move|p1a: Hermione|Flamethrower|p2a: Gliscor
|-activate|p2a: Gliscor|move: Protect
|
|-heal|p2a: Gliscor|73/100 tox|[from] ability: Poison Heal
|upkeep
|turn|30
|
|t:|1760453617
|move|p1a: Hermione|Flamethrower|p2a: Gliscor
|-damage|p2a: Gliscor|34/100 tox
|move|p2a: Gliscor|Earthquake|p1a: Hermione
|-damage|p1a: Hermione|47/100
|
|-heal|p2a: Gliscor|46/100 tox|[from] ability: Poison Heal
|upkeep
|turn|31
|
|t:|1760453624
|move|p2a: Gliscor|Protect|p2a: Gliscor
|-singleturn|p2a: Gliscor|Protect
|move|p1a: Hermione|Flamethrower|p2a: Gliscor
|-activate|p2a: Gliscor|move: Protect
|
|-heal|p2a: Gliscor|58/100 tox|[from] ability: Poison Heal
|upkeep
|turn|32
|
|t:|1760453626
|move|p1a: Hermione|Flamethrower|p2a: Gliscor
|-damage|p2a: Gliscor|22/100 tox
|move|p2a: Gliscor|Earthquake|p1a: Hermione
|-damage|p1a: Hermione|0 fnt
|faint|p1a: Hermione
|
|-heal|p2a: Gliscor|34/100 tox|[from] ability: Poison Heal
|upkeep
|
|t:|1760453630
|switch|p1a: Luna|Umbreon, F|68/100 tox
|turn|33
|-message|Jerelmy forfeited.
|
|win|KingofGoob
|raw|Jerelmy's rating: 1327 &rarr; <strong>1306</strong><br />(-21 for losing)
|raw|KingofGoob's rating: 1306 &rarr; <strong>1327</strong><br />(+21 for winning)
|l|☆Jerelmy
|player|p1|
|l|☆KingofGoob
|player|p2|
