|j|☆aeSpark
|j|☆ILoveAdaWong22
|t:|1760415086
|gametype|singles
|player|p1|aeSpark|169|1189
|player|p2|ILoveAdaWong22|volkner|1140
|gen|9
|tier|[Gen 9] OU
|rated|
|rule|HP Percentage Mod: HP is shown in percentages
|rule|Endless Battle Clause: Forcing endless battles is banned
|rule|Species Clause: Limit one of each Pokémon
|rule|OHKO Clause: OHKO moves are banned
|rule|Evasion Items Clause: Evasion items are banned
|rule|Evasion Moves Clause: Evasion moves are banned
|rule|Evasion Abilities Clause: Evasion abilities are banned
|rule|Sleep Moves Clause: Sleep-inducing moves are banned
|clearpoke
|poke|p1|Slowking-Galar, F|
|poke|p1|Zamazenta-*|
|poke|p1|Landorus-Therian, M|
|poke|p1|Kingambit, F|
|poke|p1|Dragapult, F|
|poke|p1|Ogerpon-Wellspring, F|
|poke|p2|Mimikyu, F|
|poke|p2|Ursaluna, F|
|poke|p2|Slowking-Galar, F|
|poke|p2|Talonflame, F|
|poke|p2|Suicune|
|poke|p2|Cryogonal|
|teampreview
|inactive|Battle timer is ON: inactive players will automatically lose when time's up. (requested by ILoveAdaWong22)
|j| emeraldspottie
|
|t:|1760415100
|teamsize|p1|6
|teamsize|p2|6
|start
|switch|p1a: Landorus|Landorus-Therian, M|100/100
|switch|p2a: Delorian|Slowking-Galar, F|100/100
|-ability|p1a: Landorus|Intimidate|boost
|-unboost|p2a: Delorian|atk|1
|turn|1
|
|t:|1760415111
|switch|p2a: Cryogonal|Cryogonal|100/100
|move|p1a: Landorus|U-turn|p2a: Cryogonal
|-damage|p2a: Cryogonal|76/100
|
|t:|1760415133
|switch|p1a: Ogerpon|Ogerpon-Wellspring, F|100/100|[from] U-turn
|
|upkeep
|turn|2
|
|t:|1760415155
|switch|p2a: Miku|Suicune, shiny|100/100
|-ability|p2a: Miku|Pressure
|move|p1a: Ogerpon|Ivy Cudgel|p2a: Miku|[anim] Ivy Cudgel Water
|-resisted|p2a: Miku
|-damage|p2a: Miku|79/100
|
|upkeep
|turn|3
|inactive|aeSpark has 120 seconds left.
|
|t:|1760415174
|switch|p2a: Nestor|Talonflame, F, shiny|100/100
|move|p1a: Ogerpon|Knock Off|p2a: Nestor
|-damage|p2a: Nestor|45/100
|-enditem|p2a: Nestor|Choice Band|[from] move: Knock Off|[of] p1a: Ogerpon
|
|upkeep
|turn|4
|inactive|aeSpark has 120 seconds left.
|
|t:|1760415203
|move|p2a: Nestor|U-turn|p1a: Ogerpon
|-supereffective|p1a: Ogerpon
|-damage|p1a: Ogerpon|53/100
|
|t:|1760415209
|switch|p2a: Delorian|Slowking-Galar, F|100/100|[from] U-turn
|move|p1a: Ogerpon|Ivy Cudgel|p2a: Delorian|[anim] Ivy Cudgel Water
|-damage|p2a: Delorian|24/100
|
|upkeep
|turn|5
|
|t:|1760415223
|move|p1a: Ogerpon|Knock Off|p2a: Delorian
|-supereffective|p2a: Delorian
|-damage|p2a: Delorian|0 fnt
|-enditem|p2a: Delorian|Life Orb|[from] move: Knock Off|[of] p1a: Ogerpon
|faint|p2a: Delorian
|
|upkeep
|
|t:|1760415230
|switch|p2a: Nestor|Talonflame, F, shiny|45/100
|turn|6
|inactive|aeSpark has 120 seconds left.
|
|t:|1760415243
|switch|p1a: Landorus|Landorus-Therian, M|100/100
|-ability|p1a: Landorus|Intimidate|boost
|-unboost|p2a: Nestor|atk|1
|move|p2a: Nestor|Brave Bird|p1a: Landorus
|-damage|p1a: Landorus|78/100
|-damage|p2a: Nestor|28/100|[from] item: Rocky Helmet|[of] p1a: Landorus
|-damage|p2a: Nestor|18/100|[from] Recoil
|
|upkeep
|turn|7
|inactive|aeSpark has 120 seconds left.
|
|t:|1760415260
|move|p2a: Nestor|Brave Bird|p1a: Landorus
|-damage|p1a: Landorus|53/100
|-damage|p2a: Nestor|2/100|[from] item: Rocky Helmet|[of] p1a: Landorus
|-damage|p2a: Nestor|0 fnt|[from] Recoil
|faint|p2a: Nestor
|move|p1a: Landorus|Stealth Rock|p2: Nestor
|-sidestart|p2: ILoveAdaWong22|move: Stealth Rock
|
|upkeep
|
|t:|1760415268
|switch|p2a: Open Season|Ursaluna, F|100/100
|-damage|p2a: Open Season|94/100|[from] Stealth Rock
|turn|8
|inactive|aeSpark has 120 seconds left.
|
|t:|1760415280
|move|p1a: Landorus|Earth Power|p2a: Open Season
|-damage|p2a: Open Season|62/100
|move|p2a: Open Season|Facade|p1a: Landorus
|-damage|p1a: Landorus|17/100
|-damage|p2a: Open Season|45/100|[from] item: Rocky Helmet|[of] p1a: Landorus
|
|-status|p2a: Open Season|brn|[from] item: Flame Orb
|upkeep
|turn|9
|inactive|aeSpark has 120 seconds left.
|
|t:|1760415294
|move|p1a: Landorus|U-turn|p2a: Open Season
|-damage|p2a: Open Season|33/100 brn
|
|t:|1760415298
|switch|p1a: Dragapult|Dragapult, F|100/100|[from] U-turn
|move|p2a: Open Season|Facade|p1a: Dragapult
|-immune|p1a: Dragapult
|
|-damage|p2a: Open Season|26/100 brn|[from] brn
|upkeep
|turn|10
|-message|ILoveAdaWong22 forfeited.
|
|win|aeSpark
|raw|aeSpark's rating: 1189 &rarr; <strong>1210</strong><br />(+21 for winning)
|raw|ILoveAdaWong22's rating: 1140 &rarr; <strong>1119</strong><br />(-21 for losing)
|l|☆ILoveAdaWong22
|player|p2|
|l| emeraldspottie
|l|☆aeSpark
|player|p1|
