|j|☆kemious
|j|☆bigtestsofbig
|t:|1760447444
|gametype|singles
|player|p1|kemious|1|1499
|player|p2|bigtestsofbig|1|1565
|gen|9
|tier|[Gen 9] OU
|rated|
|rule|HP Percentage Mod: HP is shown in percentages
|rule|Endless Battle Clause: Forcing endless battles is banned
|rule|Species Clause: Limit one of each Pokémon
|rule|OHKO Clause: OHKO moves are banned
|rule|Evasion Items Clause: Evasion items are banned
|rule|Evasion Moves Clause: Evasion moves are banned
|rule|Evasion Abilities Clause: Evasion abilities are banned
|rule|Sleep Moves Clause: Sleep-inducing moves are banned
|clearpoke
|poke|p1|Chesnaught, M|
|poke|p1|Gastrodon, F|
|poke|p1|Kilowattrel, F|
|poke|p1|Glimmora, F|
|poke|p1|Ceruledge, M|
|poke|p1|Goodra-Hisui, F|
|poke|p2|Garchomp, F|
|poke|p2|Iron Moth|
|poke|p2|Rotom-Wash|
|poke|p2|Corviknight, F|
|poke|p2|Dragonite, F|
|poke|p2|Garganacl, M|
|teampreview
|inactive|Battle timer is ON: inactive players will automatically lose when time's up. (requested by bigtestsofbig)
|
|t:|1760447472
|teamsize|p1|6
|teamsize|p2|6
|start
|switch|p1a: Goodra|Goodra-Hisui, F|100/100
|switch|p2a: Rotom|Rotom-Wash|100/100
|turn|1
|
|t:|1760447490
|move|p2a: Rotom|Trick|p1a: Goodra
|-activate|p2a: Rotom|move: Trick|[of] p1a: Goodra
|-item|p1a: Goodra|Choice Scarf|[from] move: Trick
|-item|p2a: Rotom|Assault Vest|[from] move: Trick
|move|p1a: Goodra|Knock Off|p2a: Rotom
|-damage|p2a: Rotom|72/100
|-enditem|p2a: Rotom|Assault Vest|[from] move: Knock Off|[of] p1a: Goodra
|
|upkeep
|turn|2
|
|t:|1760447504
|move|p2a: Rotom|Volt Switch|p1a: Goodra
|-resisted|p1a: Goodra
|-damage|p1a: Goodra|90/100
|
|t:|1760447509
|switch|p2a: Garganacl|Garganacl, M|100/100|[from] Volt Switch
|move|p1a: Goodra|Knock Off|p2a: Garganacl
|-damage|p2a: Garganacl|85/100
|-enditem|p2a: Garganacl|Leftovers|[from] move: Knock Off|[of] p1a: Goodra
|
|upkeep
|turn|3
|
|t:|1760447517
|switch|p1a: Chesnaught|Chesnaught, M|100/100
|move|p2a: Garganacl|Stealth Rock|p1a: Chesnaught
|-sidestart|p1: kemious|move: Stealth Rock
|
|upkeep
|turn|4
|
|t:|1760447545
|move|p2a: Garganacl|Protect|p2a: Garganacl
|-singleturn|p2a: Garganacl|Protect
|move|p1a: Chesnaught|Leech Seed|p2a: Garganacl
|-activate|p2a: Garganacl|move: Protect
|
|upkeep
|turn|5
|
|t:|1760447550
|switch|p2a: Iron Moth|Iron Moth|100/100
|move|p1a: Chesnaught|Body Press|p2a: Iron Moth
|-resisted|p2a: Iron Moth
|-crit|p2a: Iron Moth
|-damage|p2a: Iron Moth|48/100
|
|upkeep
|turn|6
|
|t:|1760447567
|switch|p1a: Ceruledge|Ceruledge, M|100/100
|move|p2a: Iron Moth|Fiery Dance|p1a: Ceruledge
|-start|p1a: Ceruledge|ability: Flash Fire
|
|upkeep
|turn|7
|
|t:|1760447581
|-end|p2a: Iron Moth|Quark Drive|[silent]
|switch|p2a: Rotom|Rotom-Wash|72/100
|move|p1a: Ceruledge|Bitter Blade|p2a: Rotom
|-resisted|p2a: Rotom
|-damage|p2a: Rotom|25/100
|
|upkeep
|turn|8
|
|t:|1760447590
|-end|p1a: Ceruledge|ability: Flash Fire|[silent]
|switch|p1a: Gastrodon|Gastrodon, F|100/100
|-damage|p1a: Gastrodon|94/100|[from] Stealth Rock
|move|p2a: Rotom|Volt Switch|p1a: Gastrodon
|-immune|p1a: Gastrodon
|
|-heal|p1a: Gastrodon|100/100|[from] item: Leftovers
|upkeep
|turn|9
|
|t:|1760447595
|move|p2a: Rotom|Trick|p1a: Gastrodon
|-activate|p2a: Rotom|move: Trick|[of] p1a: Gastrodon
|-enditem|p1a: Gastrodon|Leftovers|[silent]|[from] move: Trick
|-item|p2a: Rotom|Leftovers|[from] move: Trick
|move|p1a: Gastrodon|Spikes|p2a: Rotom
|-sidestart|p2: bigtestsofbig|Spikes
|
|-heal|p2a: Rotom|31/100|[from] item: Leftovers
|upkeep
|turn|10
|
|t:|1760447600
|move|p2a: Rotom|Will-O-Wisp|p1a: Gastrodon
|-status|p1a: Gastrodon|brn
|move|p1a: Gastrodon|Spikes|p2a: Rotom
|-sidestart|p2: bigtestsofbig|Spikes
|
|-heal|p2a: Rotom|37/100|[from] item: Leftovers
|-damage|p1a: Gastrodon|94/100 brn|[from] brn
|upkeep
|turn|11
|
|t:|1760447605
|switch|p2a: Corviknight|Corviknight, F|100/100
|-ability|p2a: Corviknight|Pressure
|move|p1a: Gastrodon|Spikes|p2a: Corviknight
|-sidestart|p2: bigtestsofbig|Spikes
|
|-damage|p1a: Gastrodon|88/100 brn|[from] brn
|upkeep
|turn|12
|
|t:|1760447612
|move|p2a: Corviknight|Defog|p1a: Gastrodon
|-unboost|p1a: Gastrodon|evasion|1
|-sideend|p1: kemious|Stealth Rock|[from] move: Defog|[of] p2a: Corviknight
|-sideend|p2: bigtestsofbig|Spikes|[from] move: Defog|[of] p2a: Corviknight
|move|p1a: Gastrodon|Surf|p2a: Corviknight
|-damage|p2a: Corviknight|72/100
|
|-damage|p1a: Gastrodon|82/100 brn|[from] brn
|upkeep
|turn|13
|
|t:|1760447621
|switch|p1a: Glimmora|Glimmora, F|100/100
|move|p2a: Corviknight|U-turn|p1a: Glimmora
|-resisted|p1a: Glimmora
|-damage|p1a: Glimmora|96/100
|-activate|p1a: Glimmora|ability: Toxic Debris
|-sidestart|p2: bigtestsofbig|move: Toxic Spikes
|-enditem|p1a: Glimmora|Red Card|[of] p2a: Corviknight
|drag|p2a: Garchomp|Garchomp, F|100/100
|-status|p2a: Garchomp|psn
|
|-damage|p2a: Garchomp|88/100 psn|[from] psn
|upkeep
|turn|14
|
|t:|1760447636
|switch|p1a: Chesnaught|Chesnaught, M|100/100
|move|p2a: Garchomp|Earthquake|p1a: Chesnaught
|-resisted|p1a: Chesnaught
|-damage|p1a: Chesnaught|79/100
|-damage|p2a: Garchomp|78/100 psn|[from] item: Life Orb
|
|-heal|p1a: Chesnaught|85/100|[from] item: Leftovers
|-damage|p2a: Garchomp|66/100 psn|[from] psn
|upkeep
|turn|15
|
|t:|1760447645
|switch|p2a: Iron Moth|Iron Moth|48/100
|-sideend|p2: bigtestsofbig|move: Toxic Spikes|[of] p2a: Iron Moth
|move|p1a: Chesnaught|Leech Seed|p2a: Iron Moth
|-start|p2a: Iron Moth|move: Leech Seed
|
|-heal|p1a: Chesnaught|91/100|[from] item: Leftovers
|-damage|p2a: Iron Moth|36/100|[from] Leech Seed|[of] p1a: Chesnaught
|-heal|p1a: Chesnaught|100/100|[silent]
|upkeep
|turn|16
|
|t:|1760447655
|-end|p2a: Iron Moth|Quark Drive|[silent]
|switch|p2a: Rotom|Rotom-Wash|37/100
|switch|p1a: Goodra|Goodra-Hisui, F|90/100
|
|-heal|p2a: Rotom|43/100|[from] item: Leftovers
|upkeep
|turn|17
|
|t:|1760447661
|move|p2a: Rotom|Volt Switch|p1a: Goodra
|-resisted|p1a: Goodra
|-damage|p1a: Goodra|81/100
|
|t:|1760447665
|switch|p2a: Garganacl|Garganacl, M|85/100|[from] Volt Switch
|move|p1a: Goodra|Knock Off|p2a: Garganacl
|-damage|p2a: Garganacl|75/100
|
|upkeep
|turn|18
|
|t:|1760447673
|switch|p1a: Glimmora|Glimmora, F|96/100
|move|p2a: Garganacl|Salt Cure|p1a: Glimmora
|-damage|p1a: Glimmora|87/100
|-start|p1a: Glimmora|Salt Cure
|-activate|p1a: Glimmora|ability: Toxic Debris
|-sidestart|p2: bigtestsofbig|move: Toxic Spikes
|
|-damage|p1a: Glimmora|74/100|[from] Salt Cure
|upkeep
|turn|19
|
|t:|1760447681
|move|p1a: Glimmora|Stealth Rock|p2a: Garganacl
|-sidestart|p2: bigtestsofbig|move: Stealth Rock
|move|p2a: Garganacl|Stealth Rock|p1a: Glimmora
|-sidestart|p1: kemious|move: Stealth Rock
|
|-damage|p1a: Glimmora|62/100|[from] Salt Cure
|upkeep
|turn|20
|
|t:|1760447689
|move|p1a: Glimmora|Mortal Spin|p2a: Garganacl
|-resisted|p2a: Garganacl
|-damage|p2a: Garganacl|74/100
|-sideend|p1: kemious|Stealth Rock|[from] move: Mortal Spin|[of] p1a: Glimmora
|move|p2a: Garganacl|Salt Cure|p1a: Glimmora
|-damage|p1a: Glimmora|52/100
|-activate|p1a: Glimmora|ability: Toxic Debris
|-sidestart|p2: bigtestsofbig|move: Toxic Spikes
|
|-damage|p1a: Glimmora|39/100|[from] Salt Cure
|upkeep
|turn|21
|
|t:|1760447696
|switch|p1a: Chesnaught|Chesnaught, M|100/100
|move|p2a: Garganacl|Salt Cure|p1a: Chesnaught
|-resisted|p1a: Chesnaught
|-damage|p1a: Chesnaught|96/100
|-start|p1a: Chesnaught|Salt Cure
|
|-heal|p1a: Chesnaught|100/100|[from] item: Leftovers
|-damage|p1a: Chesnaught|88/100|[from] Salt Cure
|upkeep
|turn|22
|
|t:|1760447703
|move|p2a: Garganacl|Protect|p2a: Garganacl
|-singleturn|p2a: Garganacl|Protect
|move|p1a: Chesnaught|Iron Defense|p1a: Chesnaught
|-boost|p1a: Chesnaught|def|2
|
|-heal|p1a: Chesnaught|94/100|[from] item: Leftovers
|-damage|p1a: Chesnaught|82/100|[from] Salt Cure
|upkeep
|turn|23
|
|t:|1760447708
|switch|p2a: Corviknight|Corviknight, F|72/100
|-damage|p2a: Corviknight|59/100|[from] Stealth Rock
|-ability|p2a: Corviknight|Pressure
|move|p1a: Chesnaught|Body Press|p2a: Corviknight
|-damage|p2a: Corviknight|1/100
|-damage|p1a: Chesnaught|65/100|[from] item: Rocky Helmet|[of] p2a: Corviknight
|
|-heal|p1a: Chesnaught|71/100|[from] item: Leftovers
|-damage|p1a: Chesnaught|59/100|[from] Salt Cure
|upkeep
|turn|24
|
|t:|1760447718
|move|p1a: Chesnaught|Body Press|p2a: Corviknight
|-crit|p2a: Corviknight
|-damage|p2a: Corviknight|0 fnt
|-damage|p1a: Chesnaught|42/100|[from] item: Rocky Helmet|[of] p2a: Corviknight
|faint|p2a: Corviknight
|
|-heal|p1a: Chesnaught|48/100|[from] item: Leftovers
|-damage|p1a: Chesnaught|36/100|[from] Salt Cure
|upkeep
|inactive|bigtestsofbig has 120 seconds left.
|
|t:|1760447744
|switch|p2a: Dragonite|Dragonite, F|100/100
|turn|25
|inactive|bigtestsofbig has 120 seconds left.
|
|t:|1760447762
|switch|p2a: Iron Moth|Iron Moth|36/100
|-sideend|p2: bigtestsofbig|move: Toxic Spikes|[of] p2a: Iron Moth
|-damage|p2a: Iron Moth|11/100|[from] Stealth Rock
|move|p1a: Chesnaught|Leech Seed|p2a: Iron Moth
|-start|p2a: Iron Moth|move: Leech Seed
|
|-heal|p1a: Chesnaught|42/100|[from] item: Leftovers
|-damage|p2a: Iron Moth|0 fnt|[from] Leech Seed|[of] p1a: Chesnaught
|-heal|p1a: Chesnaught|51/100|[silent]
|faint|p2a: Iron Moth
|-end|p2a: Iron Moth|Quark Drive|[silent]
|-damage|p1a: Chesnaught|38/100|[from] Salt Cure
|upkeep
|
|t:|1760447770
|switch|p2a: Rotom|Rotom-Wash|43/100
|-damage|p2a: Rotom|31/100|[from] Stealth Rock
|turn|26
|
|t:|1760447778
|switch|p1a: Gastrodon|Gastrodon, F|82/100 brn
|move|p2a: Rotom|Will-O-Wisp|p1a: Gastrodon
|-fail|p1a: Gastrodon|brn
|
|-heal|p2a: Rotom|37/100|[from] item: Leftovers
|-damage|p1a: Gastrodon|76/100 brn|[from] brn
|upkeep
|turn|27
|
|t:|1760447784
|switch|p2a: Garchomp|Garchomp, F|66/100 psn
|-damage|p2a: Garchomp|60/100 psn|[from] Stealth Rock
|move|p1a: Gastrodon|Spikes|p2a: Garchomp
|-sidestart|p2: bigtestsofbig|Spikes
|
|-damage|p2a: Garchomp|48/100 psn|[from] psn
|-damage|p1a: Gastrodon|70/100 brn|[from] brn
|upkeep
|turn|28
|
|t:|1760447801
|move|p2a: Garchomp|Scale Shot|p1a: Gastrodon
|-damage|p1a: Gastrodon|52/100 brn
|-damage|p1a: Gastrodon|34/100 brn
|-damage|p1a: Gastrodon|16/100 brn
|-hitcount|p1a: Gastrodon|3
|-unboost|p2a: Garchomp|def|1
|-boost|p2a: Garchomp|spe|1
|-damage|p2a: Garchomp|38/100 psn|[from] item: Life Orb
|move|p1a: Gastrodon|Ice Beam|p2a: Garchomp
|-supereffective|p2a: Garchomp
|-damage|p2a: Garchomp|0 fnt
|faint|p2a: Garchomp
|
|-damage|p1a: Gastrodon|10/100 brn|[from] brn
|upkeep
|inactive|bigtestsofbig has 120 seconds left.
|
|t:|1760447820
|switch|p2a: Garganacl|Garganacl, M|74/100
|-damage|p2a: Garganacl|61/100|[from] Stealth Rock
|-damage|p2a: Garganacl|49/100|[from] Spikes
|turn|29
|
|t:|1760447826
|move|p1a: Gastrodon|Earth Power|p2a: Garganacl
|-supereffective|p2a: Garganacl
|-damage|p2a: Garganacl|10/100
|-unboost|p2a: Garganacl|spd|1
|move|p2a: Garganacl|Salt Cure|p1a: Gastrodon
|-resisted|p1a: Gastrodon
|-damage|p1a: Gastrodon|3/100 brn
|-start|p1a: Gastrodon|Salt Cure
|
|-damage|p1a: Gastrodon|0 fnt|[from] brn
|faint|p1a: Gastrodon
|upkeep
|
|t:|1760447834
|switch|p1a: Kilowattrel|Kilowattrel, F, shiny|100/100
|turn|30
|
|t:|1760447839
|move|p1a: Kilowattrel|Discharge|p2a: Garganacl
|-damage|p2a: Garganacl|0 fnt
|faint|p2a: Garganacl
|
|upkeep
|
|t:|1760447854
|switch|p2a: Rotom|Rotom-Wash|37/100
|-damage|p2a: Rotom|25/100|[from] Stealth Rock
|turn|31
|
|t:|1760447858
|move|p1a: Kilowattrel|Discharge|p2a: Rotom
|-damage|p2a: Rotom|0 fnt
|faint|p2a: Rotom
|
|upkeep
|
|t:|1760447860
|switch|p2a: Dragonite|Dragonite, F|100/100
|turn|32
|
|t:|1760447866
|move|p1a: Kilowattrel|Thunder Wave|p2a: Dragonite|[miss]
|-miss|p1a: Kilowattrel|p2a: Dragonite
|move|p2a: Dragonite|Dragon Dance|p2a: Dragonite
|-boost|p2a: Dragonite|atk|1
|-boost|p2a: Dragonite|spe|1
|
|upkeep
|turn|33
|
|t:|1760447872
|move|p2a: Dragonite|Dragon Dance|p2a: Dragonite
|-boost|p2a: Dragonite|atk|1
|-boost|p2a: Dragonite|spe|1
|move|p1a: Kilowattrel|Thunder Wave|p2a: Dragonite
|-status|p2a: Dragonite|par
|
|upkeep
|turn|34
|
|t:|1760447894
|move|p1a: Kilowattrel|Air Slash|p2a: Dragonite
|-damage|p2a: Dragonite|82/100 par
|cant|p2a: Dragonite|par
|
|upkeep
|turn|35
|
|t:|1760447902
|move|p1a: Kilowattrel|Air Slash|p2a: Dragonite
|-damage|p2a: Dragonite|43/100 par
|move|p2a: Dragonite|Dragon Dance|p2a: Dragonite
|-boost|p2a: Dragonite|atk|1
|-boost|p2a: Dragonite|spe|1
|
|upkeep
|turn|36
|
|t:|1760447912
|move|p1a: Kilowattrel|Air Slash|p2a: Dragonite
|-damage|p2a: Dragonite|7/100 par
|move|p2a: Dragonite|Dragon Dance|p2a: Dragonite
|-boost|p2a: Dragonite|atk|1
|-boost|p2a: Dragonite|spe|1
|
|upkeep
|turn|37
|
|t:|1760447917
|-terastallize|p2a: Dragonite|Fairy
|move|p2a: Dragonite|Tera Blast|p1a: Kilowattrel|[anim] Tera Blast Fairy
|-damage|p1a: Kilowattrel|0 fnt
|faint|p1a: Kilowattrel
|
|upkeep
|
|t:|1760447921
|switch|p1a: Ceruledge|Ceruledge, M|100/100
|turn|38
|
|t:|1760447925
|move|p1a: Ceruledge|Shadow Sneak|p2a: Dragonite
|-damage|p2a: Dragonite|0 fnt
|faint|p2a: Dragonite
|
|win|kemious
|raw|kemious's rating: 1499 &rarr; <strong>1523</strong><br />(+24 for winning)
|raw|bigtestsofbig's rating: 1565 &rarr; <strong>1541</strong><br />(-24 for losing)
|l|☆bigtestsofbig
|player|p2|
