|j|☆luketheidiot
|j|☆daveyboy8796
|t:|1760408138
|gametype|singles
|player|p1|luketheidiot|iris-gen5bw2|1109
|player|p2|daveyboy8796|102|1127
|gen|9
|tier|[Gen 9] OU
|rated|
|rule|HP Percentage Mod: HP is shown in percentages
|rule|Endless Battle Clause: Forcing endless battles is banned
|rule|Species Clause: Limit one of each Pokémon
|rule|OHKO Clause: OHKO moves are banned
|rule|Evasion Items Clause: Evasion items are banned
|rule|Evasion Moves Clause: Evasion moves are banned
|rule|Evasion Abilities Clause: Evasion abilities are banned
|rule|Sleep Moves Clause: Sleep-inducing moves are banned
|clearpoke
|poke|p1|Krookodile, M|
|poke|p1|Haxorus, F|
|poke|p1|Virizion|
|poke|p1|Keldeo-Resolute|
|poke|p1|Galvantula, F|
|poke|p1|Emboar, M|
|poke|p2|Spidops, M|
|poke|p2|Kilowattrel, F|
|poke|p2|Dragonite, F|
|poke|p2|Palossand, F|
|poke|p2|Blastoise, F|
|poke|p2|Rhydon, F|
|teampreview
|inactive|Battle timer is ON: inactive players will automatically lose when time's up. (requested by luketheidiot)
|inactive|luketheidiot has 120 seconds left.
|
|t:|1760408207
|teamsize|p1|6
|teamsize|p2|6
|start
|switch|p1a: Galvantula|Galvantula, F|100/100
|switch|p2a: PocketSand|Palossand, F, shiny|100/100
|turn|1
|
|t:|1760408214
|move|p1a: Galvantula|Sticky Web|p2a: PocketSand
|-sidestart|p2: daveyboy8796|move: Sticky Web
|move|p2a: PocketSand|Stealth Rock|p1a: Galvantula
|-sidestart|p1: luketheidiot|move: Stealth Rock
|
|upkeep
|turn|2
|
|t:|1760408221
|move|p1a: Galvantula|Bug Buzz|p2a: PocketSand
|-resisted|p2a: PocketSand
|-damage|p2a: PocketSand|79/100
|move|p2a: PocketSand|Scorching Sands|p1a: Galvantula
|-damage|p1a: Galvantula|58/100
|
|upkeep
|turn|3
|
|t:|1760408228
|move|p1a: Galvantula|Bug Buzz|p2a: PocketSand
|-resisted|p2a: PocketSand
|-damage|p2a: PocketSand|55/100
|move|p2a: PocketSand|Scorching Sands|p1a: Galvantula
|-damage|p1a: Galvantula|16/100
|
|upkeep
|turn|4
|
|t:|1760408242
|move|p1a: Galvantula|Bug Buzz|p2a: PocketSand
|-resisted|p2a: PocketSand
|-damage|p2a: PocketSand|33/100
|move|p2a: PocketSand|Scorching Sands|p1a: Galvantula
|-damage|p1a: Galvantula|0 fnt
|faint|p1a: Galvantula
|
|upkeep
|
|t:|1760408264
|switch|p1a: Krookodile|Krookodile, M|100/100
|-damage|p1a: Krookodile|94/100|[from] Stealth Rock
|turn|5
|
|t:|1760408272
|move|p1a: Krookodile|Knock Off|p2a: PocketSand
|-supereffective|p2a: PocketSand
|-damage|p2a: PocketSand|0 fnt
|-damage|p1a: Krookodile|78/100|[from] item: Rocky Helmet|[of] p2a: PocketSand
|-enditem|p2a: PocketSand|Rocky Helmet|[from] move: Knock Off|[of] p1a: Krookodile
|faint|p2a: PocketSand
|-ability|p1a: Krookodile|Moxie|boost
|-boost|p1a: Krookodile|atk|1
|
|upkeep
|
|t:|1760408291
|switch|p2a: Spidops|Spidops, M|100/100
|-activate|p2a: Spidops|move: Sticky Web
|-unboost|p2a: Spidops|spe|1
|turn|6
|inactive|luketheidiot has 120 seconds left.
|inactive|luketheidiot has 90 seconds left.
|
|t:|1760408362
|move|p1a: Krookodile|Knock Off|p2a: Spidops
|-damage|p2a: Spidops|18/100
|-enditem|p2a: Spidops|Focus Sash|[from] move: Knock Off|[of] p1a: Krookodile
|move|p2a: Spidops|Circle Throw|p1a: Krookodile|[miss]
|-miss|p2a: Spidops|p1a: Krookodile
|
|upkeep
|turn|7
|
|t:|1760408380
|move|p1a: Krookodile|Knock Off|p2a: Spidops
|-damage|p2a: Spidops|0 fnt
|faint|p2a: Spidops
|-ability|p1a: Krookodile|Moxie|boost
|-boost|p1a: Krookodile|atk|1
|
|upkeep
|
|t:|1760408389
|switch|p2a: Rhydon|Rhydon, F|100/100
|-activate|p2a: Rhydon|move: Sticky Web
|-unboost|p2a: Rhydon|spe|1
|turn|8
|
|t:|1760408397
|move|p1a: Krookodile|Knock Off|p2a: Rhydon
|-damage|p2a: Rhydon|51/100
|-enditem|p2a: Rhydon|Eviolite|[from] move: Knock Off|[of] p1a: Krookodile
|move|p2a: Rhydon|Brick Break|p1a: Krookodile
|-supereffective|p1a: Krookodile
|-crit|p1a: Krookodile
|-damage|p1a: Krookodile|0 fnt
|faint|p1a: Krookodile
|
|upkeep
|
|t:|1760408405
|switch|p1a: Virizion|Virizion|100/100
|-damage|p1a: Virizion|94/100|[from] Stealth Rock
|turn|9
|
|t:|1760408412
|switch|p2a: TinyWings|Dragonite, F|100/100
|move|p1a: Virizion|Swords Dance|p1a: Virizion
|-boost|p1a: Virizion|atk|2
|
|upkeep
|turn|10
|
|t:|1760408426
|move|p1a: Virizion|Leaf Blade|p2a: TinyWings
|-resisted|p2a: TinyWings
|-damage|p2a: TinyWings|88/100
|-damage|p1a: Virizion|84/100|[from] item: Life Orb
|move|p2a: TinyWings|Ice Beam|p1a: Virizion
|-supereffective|p1a: Virizion
|-damage|p1a: Virizion|13/100
|
|upkeep
|turn|11
|
|t:|1760408438
|move|p1a: Virizion|Leaf Blade|p2a: TinyWings
|-resisted|p2a: TinyWings
|-damage|p2a: TinyWings|60/100
|-damage|p1a: Virizion|4/100|[from] item: Life Orb
|move|p2a: TinyWings|Ice Beam|p1a: Virizion
|-supereffective|p1a: Virizion
|-damage|p1a: Virizion|0 fnt
|faint|p1a: Virizion
|
|upkeep
|
|t:|1760408447
|switch|p1a: Haxorus|Haxorus, F|100/100
|-damage|p1a: Haxorus|88/100|[from] Stealth Rock
|-ability|p1a: Haxorus|Mold Breaker
|turn|12
|
|t:|1760408452
|move|p1a: Haxorus|Scale Shot|p2a: TinyWings
|-supereffective|p2a: TinyWings
|-damage|p2a: TinyWings|26/100
|-supereffective|p2a: TinyWings
|-damage|p2a: TinyWings|0 fnt
|faint|p2a: TinyWings
|-hitcount|p2: TinyWings|2
|-unboost|p1a: Haxorus|def|1
|-boost|p1a: Haxorus|spe|1
|
|upkeep
|
|t:|1760408467
|switch|p2a: Zaptres|Kilowattrel, F|100/100
|turn|13
|
|t:|1760408473
|move|p1a: Haxorus|Scale Shot|p2a: Zaptres
|-damage|p2a: Zaptres|73/100
|-damage|p2a: Zaptres|45/100
|-damage|p2a: Zaptres|19/100
|-damage|p2a: Zaptres|0 fnt
|faint|p2a: Zaptres
|-hitcount|p2: Zaptres|4
|-unboost|p1a: Haxorus|def|1
|-boost|p1a: Haxorus|spe|1
|
|upkeep
|
|t:|1760408482
|switch|p2a: Donatello|Blastoise, F|100/100
|-activate|p2a: Donatello|move: Sticky Web
|-unboost|p2a: Donatello|spe|1
|-enditem|p2a: Donatello|White Herb
|-clearnegativeboost|p2a: Donatello|[silent]
|turn|14
|
|t:|1760408492
|move|p1a: Haxorus|Scale Shot|p2a: Donatello
|-damage|p2a: Donatello|84/100
|-damage|p2a: Donatello|67/100
|-crit|p2a: Donatello
|-damage|p2a: Donatello|44/100
|-crit|p2a: Donatello
|-damage|p2a: Donatello|21/100
|-hitcount|p2a: Donatello|4
|-unboost|p1a: Haxorus|def|1
|-boost|p1a: Haxorus|spe|1
|move|p2a: Donatello|Shell Smash|p2a: Donatello
|-unboost|p2a: Donatello|def|1
|-unboost|p2a: Donatello|spd|1
|-boost|p2a: Donatello|atk|2
|-boost|p2a: Donatello|spa|2
|-boost|p2a: Donatello|spe|2
|
|upkeep
|turn|15
|
|t:|1760408507
|move|p1a: Haxorus|Scale Shot|p2a: Donatello
|-damage|p2a: Donatello|0 fnt
|faint|p2a: Donatello
|-hitcount|p2: Donatello|1
|-unboost|p1a: Haxorus|def|1
|-boost|p1a: Haxorus|spe|1
|
|upkeep
|-message|daveyboy8796 forfeited.
|
|win|luketheidiot
|raw|luketheidiot's rating: 1109 &rarr; <strong>1135</strong><br />(+26 for winning)
|raw|daveyboy8796's rating: 1127 &rarr; <strong>1101</strong><br />(-26 for losing)
|l|☆daveyboy8796
|player|p2|
|l|☆luketheidiot
|player|p1|
