|j|☆sf4
|j|☆0987uyhgj
|t:|1760377205
|gametype|singles
|player|p1|sf4|266|1059
|player|p2|0987uyhgj|biker-gen4|1000
|gen|9
|tier|[Gen 9] OU
|rated|
|rule|HP Percentage Mod: HP is shown in percentages
|rule|Endless Battle Clause: Forcing endless battles is banned
|rule|Species Clause: Limit one of each Pokémon
|rule|OHKO Clause: OHKO moves are banned
|rule|Evasion Items Clause: Evasion items are banned
|rule|Evasion Moves Clause: Evasion moves are banned
|rule|Evasion Abilities Clause: Evasion abilities are banned
|rule|Sleep Moves Clause: Sleep-inducing moves are banned
|clearpoke
|poke|p1|Gholdengo|
|poke|p1|Iron Treads|
|poke|p1|Moltres|
|poke|p1|Samurott-Hisui, M|
|poke|p1|Sinistcha|
|poke|p1|Ting-Lu|
|poke|p2|Brambleghast, M|
|poke|p2|Kleavor, F|
|poke|p2|Hoopa-Unbound|
|poke|p2|Enamorus, F|
|poke|p2|Kingambit, F|
|poke|p2|Talonflame, F|
|teampreview
|inactive|Battle timer is ON: inactive players will automatically lose when time's up. (requested by 0987uyhgj)
|inactive|sf4 has 120 seconds left.
|
|t:|1760377282
|teamsize|p1|6
|teamsize|p2|6
|start
|switch|p1a: Ting-Lu|Ting-Lu|100/100
|switch|p2a: Enamorus|Enamorus, F|100/100
|-ability|p1a: Ting-Lu|Vessel of Ruin
|turn|1
|
|t:|1760377292
|move|p2a: Enamorus|Moonblast|p1a: Ting-Lu
|-supereffective|p1a: Ting-Lu
|-damage|p1a: Ting-Lu|59/100
|-unboost|p1a: Ting-Lu|spa|1
|move|p1a: Ting-Lu|Stealth Rock|p2a: Enamorus
|-sidestart|p2: 0987uyhgj|move: Stealth Rock
|
|-heal|p1a: Ting-Lu|65/100|[from] item: Leftovers
|upkeep
|turn|2
|
|t:|1760377305
|move|p2a: Enamorus|Moonblast|p1a: Ting-Lu
|-supereffective|p1a: Ting-Lu
|-damage|p1a: Ting-Lu|24/100
|move|p1a: Ting-Lu|Ruination|p2a: Enamorus
|-damage|p2a: Enamorus|51/100
|
|-heal|p1a: Ting-Lu|30/100|[from] item: Leftovers
|upkeep
|turn|3
|inactive|sf4 has 120 seconds left.
|inactive|sf4 has 90 seconds left.
|inactive|sf4 has 60 seconds left.
|
|t:|1760377403
|move|p2a: Enamorus|Moonblast|p1a: Ting-Lu
|-supereffective|p1a: Ting-Lu
|-damage|p1a: Ting-Lu|0 fnt
|faint|p1a: Ting-Lu
|
|upkeep
|
|t:|1760377406
|switch|p1a: Iron Treads|Iron Treads|100/100
|turn|4
|
|t:|1760377418
|switch|p2a: Talonflame|Talonflame, F|100/100
|move|p1a: Iron Treads|Ice Spinner|p2a: Talonflame
|-damage|p2a: Talonflame|76/100
|
|upkeep
|turn|5
|
|t:|1760377431
|-end|p1a: Iron Treads|Quark Drive|[silent]
|switch|p1a: Samurott|Samurott-Hisui, M|100/100
|move|p2a: Talonflame|Tailwind|p2a: Talonflame
|-sidestart|p2: 0987uyhgj|move: Tailwind
|
|upkeep
|turn|6
|
|t:|1760377438
|move|p2a: Talonflame|Will-O-Wisp|p1a: Samurott|[miss]
|-miss|p2a: Talonflame|p1a: Samurott
|move|p1a: Samurott|Flip Turn|p2a: Talonflame
|-supereffective|p2a: Talonflame
|-damage|p2a: Talonflame|7/100
|
|t:|1760377440
|switch|p1a: Moltres|Moltres|100/100|[from] Flip Turn
|
|upkeep
|turn|7
|
|t:|1760377445
|switch|p2a: Hoopa|Hoopa-Unbound|100/100
|-damage|p2a: Hoopa|88/100|[from] Stealth Rock
|move|p1a: Moltres|Flamethrower|p2a: Hoopa
|-damage|p2a: Hoopa|49/100
|
|upkeep
|turn|8
|inactive|sf4 has 90 seconds left.
|
|t:|1760377452
|move|p2a: Hoopa|Thunderbolt|p1a: Moltres
|-supereffective|p1a: Moltres
|-damage|p1a: Moltres|2/100
|-damage|p2a: Hoopa|39/100|[from] item: Life Orb
|move|p1a: Moltres|Flamethrower|p2a: Hoopa
|-damage|p2a: Hoopa|0 fnt
|faint|p2a: Hoopa
|
|-sideend|p2: 0987uyhgj|move: Tailwind
|upkeep
|
|t:|1760377458
|switch|p2a: Brambleghast|Brambleghast, M|100/100
|-damage|p2a: Brambleghast|88/100|[from] Stealth Rock
|turn|9
|
|t:|1760377463
|move|p2a: Brambleghast|Rapid Spin|p1a: Moltres
|-damage|p1a: Moltres|0 fnt
|-boost|p2a: Brambleghast|spe|1
|-status|p2a: Brambleghast|brn|[from] ability: Flame Body|[of] p1a: Moltres
|-sideend|p2: 0987uyhgj|Stealth Rock|[from] move: Rapid Spin|[of] p2a: Brambleghast
|faint|p1a: Moltres
|-damage|p2a: Brambleghast|78/100 brn|[from] item: Life Orb
|
|-damage|p2a: Brambleghast|72/100 brn|[from] brn
|upkeep
|
|t:|1760377472
|switch|p1a: Samurott|Samurott-Hisui, M|100/100
|turn|10
|
|t:|1760377478
|switch|p1a: Iron Treads|Iron Treads|100/100
|move|p2a: Brambleghast|Power Whip|p1a: Iron Treads
|-damage|p1a: Iron Treads|71/100
|-damage|p2a: Brambleghast|62/100 brn|[from] item: Life Orb
|
|-damage|p2a: Brambleghast|56/100 brn|[from] brn
|upkeep
|turn|11
|
|t:|1760377486
|move|p2a: Brambleghast|Power Whip|p1a: Iron Treads
|-damage|p1a: Iron Treads|42/100
|-damage|p2a: Brambleghast|46/100 brn|[from] item: Life Orb
|move|p1a: Iron Treads|Ice Spinner|p2a: Brambleghast
|-supereffective|p2a: Brambleghast
|-damage|p2a: Brambleghast|0 fnt
|faint|p2a: Brambleghast
|
|upkeep
|
|t:|1760377492
|switch|p2a: Talonflame|Talonflame, F|7/100
|turn|12
|
|t:|1760377499
|-end|p1a: Iron Treads|Quark Drive|[silent]
|switch|p1a: Samurott|Samurott-Hisui, M|100/100
|move|p2a: Talonflame|Tailwind|p2a: Talonflame
|-sidestart|p2: 0987uyhgj|move: Tailwind
|
|upkeep
|turn|13
|
|t:|1760377510
|switch|p1a: Sinistcha|Sinistcha|100/100
|move|p2a: Talonflame|Will-O-Wisp|p1a: Sinistcha|[miss]
|-miss|p2a: Talonflame|p1a: Sinistcha
|
|upkeep
|turn|14
|
|t:|1760377517
|switch|p1a: Iron Treads|Iron Treads|42/100
|move|p2a: Talonflame|Dual Wingbeat|p1a: Iron Treads
|-resisted|p1a: Iron Treads
|-damage|p1a: Iron Treads|38/100
|-resisted|p1a: Iron Treads
|-damage|p1a: Iron Treads|33/100
|-hitcount|p1a: Iron Treads|2
|
|upkeep
|turn|15
|
|t:|1760377526
|move|p2a: Talonflame|Roost|p2a: Talonflame
|-heal|p2a: Talonflame|57/100
|-singleturn|p2a: Talonflame|move: Roost
|move|p1a: Iron Treads|Ice Spinner|p2a: Talonflame
|-resisted|p2a: Talonflame
|-damage|p2a: Talonflame|45/100
|
|-sideend|p2: 0987uyhgj|move: Tailwind
|upkeep
|turn|16
|
|t:|1760377533
|move|p2a: Talonflame|Tailwind|p2a: Talonflame
|-sidestart|p2: 0987uyhgj|move: Tailwind
|move|p1a: Iron Treads|Earthquake|p2a: Talonflame
|-immune|p2a: Talonflame
|
|upkeep
|turn|17
|
|t:|1760377538
|move|p2a: Talonflame|Will-O-Wisp|p1a: Iron Treads|[miss]
|-miss|p2a: Talonflame|p1a: Iron Treads
|move|p1a: Iron Treads|Earthquake|p2a: Talonflame
|-immune|p2a: Talonflame
|
|upkeep
|turn|18
|c|☆0987uyhgj|nruh
|
|t:|1760377563
|move|p2a: Talonflame|Will-O-Wisp|p1a: Iron Treads
|-status|p1a: Iron Treads|brn
|move|p1a: Iron Treads|Earthquake|p2a: Talonflame
|-immune|p2a: Talonflame
|
|-damage|p1a: Iron Treads|27/100 brn|[from] brn
|upkeep
|turn|19
|
|t:|1760377566
|move|p2a: Talonflame|Roost|p2a: Talonflame
|-heal|p2a: Talonflame|95/100
|-singleturn|p2a: Talonflame|move: Roost
|move|p1a: Iron Treads|Earthquake|p2a: Talonflame
|-supereffective|p2a: Talonflame
|-damage|p2a: Talonflame|47/100
|
|-damage|p1a: Iron Treads|21/100 brn|[from] brn
|-sideend|p2: 0987uyhgj|move: Tailwind
|upkeep
|turn|20
|
|t:|1760377573
|move|p2a: Talonflame|Roost|p2a: Talonflame
|-heal|p2a: Talonflame|97/100
|-singleturn|p2a: Talonflame|move: Roost
|move|p1a: Iron Treads|Ice Spinner|p2a: Talonflame
|-resisted|p2a: Talonflame
|-damage|p2a: Talonflame|90/100
|
|-damage|p1a: Iron Treads|15/100 brn|[from] brn
|upkeep
|turn|21
|
|t:|1760377578
|move|p2a: Talonflame|Dual Wingbeat|p1a: Iron Treads
|-resisted|p1a: Iron Treads
|-damage|p1a: Iron Treads|10/100 brn
|-resisted|p1a: Iron Treads
|-damage|p1a: Iron Treads|6/100 brn
|-hitcount|p1a: Iron Treads|2
|move|p1a: Iron Treads|Earthquake|p2a: Talonflame
|-immune|p2a: Talonflame
|
|-damage|p1a: Iron Treads|0 fnt|[from] brn
|faint|p1a: Iron Treads
|-end|p1a: Iron Treads|Quark Drive|[silent]
|upkeep
|n|!sf4|sf4
|
|t:|1760377583
|switch|p1a: Samurott|Samurott-Hisui, M|100/100
|turn|22
|
|t:|1760377585
|move|p1a: Samurott|Razor Shell|p2a: Talonflame
|-supereffective|p2a: Talonflame
|-damage|p2a: Talonflame|0 fnt
|faint|p2a: Talonflame
|
|upkeep
|
|t:|1760377591
|switch|p2a: Kleavor|Kleavor, F|100/100
|turn|23
|
|t:|1760377599
|move|p1a: Samurott|Razor Shell|p2a: Kleavor
|-supereffective|p2a: Kleavor
|-enditem|p2a: Kleavor|Focus Sash
|-damage|p2a: Kleavor|1/100
|move|p2a: Kleavor|Tailwind|p2a: Kleavor
|-sidestart|p2: 0987uyhgj|move: Tailwind
|
|upkeep
|turn|24
|
|t:|1760377603
|move|p2a: Kleavor|Stone Axe|p1a: Samurott
|-damage|p1a: Samurott|39/100
|-sidestart|p1: sf4|move: Stealth Rock
|move|p1a: Samurott|Razor Shell|p2a: Kleavor
|-supereffective|p2a: Kleavor
|-damage|p2a: Kleavor|0 fnt
|faint|p2a: Kleavor
|
|upkeep
|
|t:|1760377608
|switch|p2a: Enamorus|Enamorus, F|51/100
|turn|25
|
|t:|1760377613
|move|p2a: Enamorus|Moonblast|p1a: Samurott
|-supereffective|p1a: Samurott
|-damage|p1a: Samurott|0 fnt
|faint|p1a: Samurott
|
|upkeep
|
|t:|1760377617
|switch|p1a: Gholdengo|Gholdengo|100/100
|-damage|p1a: Gholdengo|94/100|[from] Stealth Rock
|turn|26
|
|t:|1760377622
|-terastallize|p2a: Enamorus|Ground
|move|p2a: Enamorus|Earth Power|p1a: Gholdengo
|-supereffective|p1a: Gholdengo
|-damage|p1a: Gholdengo|0 fnt
|faint|p1a: Gholdengo
|
|-sideend|p2: 0987uyhgj|move: Tailwind
|upkeep
|
|t:|1760377626
|switch|p1a: Sinistcha|Sinistcha|100/100
|turn|27
|
|t:|1760377630
|move|p2a: Enamorus|Moonblast|p1a: Sinistcha
|-damage|p1a: Sinistcha|40/100
|move|p1a: Sinistcha|Calm Mind|p1a: Sinistcha
|-boost|p1a: Sinistcha|spa|1
|-boost|p1a: Sinistcha|spd|1
|
|upkeep
|turn|28
|
|t:|1760377636
|move|p2a: Enamorus|Moonblast|p1a: Sinistcha
|-damage|p1a: Sinistcha|1/100
|move|p1a: Sinistcha|Matcha Gotcha|p2a: Enamorus
|-supereffective|p2a: Enamorus
|-damage|p2a: Enamorus|0 fnt
|-heal|p1a: Sinistcha|22/100|[from] drain|[of] p2a: Enamorus
|faint|p2a: Enamorus
|
|upkeep
|
|t:|1760377640
|switch|p2a: Kingambit|Kingambit, F|100/100
|-activate|p2a: Kingambit|ability: Supreme Overlord
|-start|p2a: Kingambit|fallen5|[silent]
|turn|29
|
|t:|1760377645
|move|p2a: Kingambit|Swords Dance|p2a: Kingambit
|-boost|p2a: Kingambit|atk|2
|move|p1a: Sinistcha|Strength Sap|p2a: Kingambit
|-unboost|p2a: Kingambit|atk|1
|-heal|p1a: Sinistcha|100/100
|
|upkeep
|turn|30
|
|t:|1760377650
|move|p2a: Kingambit|Kowtow Cleave|p1a: Sinistcha
|-supereffective|p1a: Sinistcha
|-crit|p1a: Sinistcha
|-damage|p1a: Sinistcha|0 fnt
|faint|p1a: Sinistcha
|
|win|0987uyhgj
