|j|☆Leo111212
|j|☆Nico8051
|t:|1760335701
|gametype|singles
|player|p1|Leo111212|101|1281
|player|p2|Nico8051|supernerd|1240
|gen|9
|tier|[Gen 9] OU
|rated|
|rule|HP Percentage Mod: HP is shown in percentages
|rule|Endless Battle Clause: Forcing endless battles is banned
|rule|Species Clause: Limit one of each Pokémon
|rule|OHKO Clause: OHKO moves are banned
|rule|Evasion Items Clause: Evasion items are banned
|rule|Evasion Moves Clause: Evasion moves are banned
|rule|Evasion Abilities Clause: Evasion abilities are banned
|rule|Sleep Moves Clause: Sleep-inducing moves are banned
|clearpoke
|poke|p1|Deoxys-Speed|
|poke|p1|Samurott-Hisui, M|
|poke|p1|Raging Bolt|
|poke|p1|Landorus-Therian, M|
|poke|p1|Kingambit, F|
|poke|p1|Moltres|
|poke|p2|Ursaring, M|
|poke|p2|Porygon-Z|
|poke|p2|Scizor, F|
|poke|p2|Iron Valiant|
|poke|p2|Araquanid, M|
|poke|p2|Great Tusk|
|teampreview
|
|t:|1760335713
|teamsize|p1|6
|teamsize|p2|6
|start
|switch|p1a: Deoxys|Deoxys-Speed|100/100
|switch|p2a: Scizor|Scizor, F|100/100
|-ability|p1a: Deoxys|Pressure
|turn|1
|inactive|Battle timer is ON: inactive players will automatically lose when time's up. (requested by Nico8051)
|
|t:|1760335719
|switch|p1a: Moltres|Moltres|100/100
|move|p2a: Scizor|U-turn|p1a: Moltres
|-resisted|p1a: Moltres
|-damage|p1a: Moltres|85/100
|
|t:|1760335725
|switch|p2a: Araquanid|Araquanid, M, shiny|100/100|[from] U-turn
|
|upkeep
|turn|2
|
|t:|1760335733
|move|p1a: Moltres|U-turn|p2a: Araquanid
|-damage|p2a: Araquanid|84/100
|
|t:|1760335739
|switch|p1a: Samurott|Samurott-Hisui, M|100/100|[from] U-turn
|move|p2a: Araquanid|Sticky Web|p1a: Samurott
|-sidestart|p1: Leo111212|move: Sticky Web
|
|-heal|p2a: Araquanid|90/100|[from] item: Leftovers
|upkeep
|turn|3
|
|t:|1760335751
|move|p1a: Samurott|Ceaseless Edge|p2a: Araquanid
|-damage|p2a: Araquanid|41/100
|-sidestart|p2: Nico8051|Spikes
|move|p2a: Araquanid|Lunge|p1a: Samurott
|-supereffective|p1a: Samurott
|-damage|p1a: Samurott|49/100
|-unboost|p1a: Samurott|atk|1
|
|-heal|p2a: Araquanid|47/100|[from] item: Leftovers
|upkeep
|turn|4
|
|t:|1760335759
|move|p1a: Samurott|Ceaseless Edge|p2a: Araquanid
|-crit|p2a: Araquanid
|-damage|p2a: Araquanid|0 fnt
|-sidestart|p2: Nico8051|Spikes
|faint|p2a: Araquanid
|
|upkeep
|
|t:|1760335766
|switch|p2a: Ursaring|Ursaring, M|100/100
|-damage|p2a: Ursaring|84/100|[from] Spikes
|turn|5
|
|t:|1760335775
|switch|p1a: Moltres|Moltres|85/100
|move|p2a: Ursaring|Trailblaze|p1a: Moltres
|-resisted|p1a: Moltres
|-damage|p1a: Moltres|81/100
|-boost|p2a: Ursaring|spe|1
|
|-status|p2a: Ursaring|brn|[from] item: Flame Orb
|upkeep
|turn|6
|
|t:|1760335785
|move|p2a: Ursaring|Facade|p1a: Moltres
|-crit|p1a: Moltres
|-damage|p1a: Moltres|0 fnt
|faint|p1a: Moltres
|
|-damage|p2a: Ursaring|78/100 brn|[from] brn
|upkeep
|
|t:|1760335790
|switch|p1a: Samurott|Samurott-Hisui, M|49/100
|-activate|p1a: Samurott|move: Sticky Web
|-unboost|p1a: Samurott|spe|1
|turn|7
|
|t:|1760335796
|move|p1a: Samurott|Sucker Punch|p2a: Ursaring
|-damage|p2a: Ursaring|34/100 brn
|move|p2a: Ursaring|Trailblaze|p1a: Samurott
|-supereffective|p1a: Samurott
|-damage|p1a: Samurott|0 fnt
|-boost|p2a: Ursaring|spe|1
|faint|p1a: Samurott
|
|-damage|p2a: Ursaring|28/100 brn|[from] brn
|upkeep
|
|t:|1760335802
|switch|p1a: Raging Bolt|Raging Bolt|100/100
|-activate|p1a: Raging Bolt|move: Sticky Web
|-unboost|p1a: Raging Bolt|spe|1
|turn|8
|
|t:|1760335808
|move|p1a: Raging Bolt|Thunderclap||[still]
|-fail|p1a: Raging Bolt
|move|p2a: Ursaring|Swords Dance|p2a: Ursaring
|-boost|p2a: Ursaring|atk|2
|
|-damage|p2a: Ursaring|21/100 brn|[from] brn
|upkeep
|turn|9
|
|t:|1760335814
|move|p1a: Raging Bolt|Thunderclap||[still]
|-fail|p1a: Raging Bolt
|move|p2a: Ursaring|Swords Dance|p2a: Ursaring
|-boost|p2a: Ursaring|atk|2
|
|-damage|p2a: Ursaring|15/100 brn|[from] brn
|upkeep
|turn|10
|
|t:|1760335819
|move|p1a: Raging Bolt|Thunderclap||[still]
|-fail|p1a: Raging Bolt
|move|p2a: Ursaring|Swords Dance|p2a: Ursaring
|-boost|p2a: Ursaring|atk|2
|
|-damage|p2a: Ursaring|9/100 brn|[from] brn
|upkeep
|turn|11
|
|t:|1760335824
|switch|p2a: Great Tusk|Great Tusk|100/100
|-damage|p2a: Great Tusk|84/100|[from] Spikes
|-enditem|p2a: Great Tusk|Booster Energy
|-activate|p2a: Great Tusk|ability: Protosynthesis|[fromitem]
|-start|p2a: Great Tusk|protosynthesisatk
|move|p1a: Raging Bolt|Thunderclap||[still]
|-fail|p1a: Raging Bolt
|
|upkeep
|turn|12
|
|t:|1760335831
|-end|p1a: Raging Bolt|Protosynthesis|[silent]
|switch|p1a: Landorus|Landorus-Therian, M|100/100
|-ability|p1a: Landorus|Intimidate|boost
|-unboost|p2a: Great Tusk|atk|1
|move|p2a: Great Tusk|Rapid Spin|p1a: Landorus
|-damage|p1a: Landorus|81/100
|-boost|p2a: Great Tusk|spe|1
|-sideend|p2: Nico8051|Spikes|[from] move: Rapid Spin|[of] p2a: Great Tusk
|
|upkeep
|turn|13
|
|t:|1760335841
|-terastallize|p1a: Landorus|Flying
|move|p1a: Landorus|Tera Blast|p2a: Great Tusk|[anim] Tera Blast Flying
|-supereffective|p2a: Great Tusk
|-damage|p2a: Great Tusk|0 fnt
|faint|p2a: Great Tusk
|-end|p2a: Great Tusk|Protosynthesis|[silent]
|
|upkeep
|
|t:|1760335854
|switch|p2a: Scizor|Scizor, F|100/100
|turn|14
|
|t:|1760335859
|move|p2a: Scizor|Bullet Punch|p1a: Landorus
|-damage|p1a: Landorus|19/100
|move|p1a: Landorus|Tera Blast|p2a: Scizor|[anim] Tera Blast Flying
|-damage|p2a: Scizor|35/100
|
|upkeep
|turn|15
|
|t:|1760335867
|switch|p1a: Raging Bolt|Raging Bolt|100/100
|-activate|p1a: Raging Bolt|move: Sticky Web
|-unboost|p1a: Raging Bolt|spe|1
|move|p2a: Scizor|Bullet Punch|p1a: Raging Bolt
|-resisted|p1a: Raging Bolt
|-crit|p1a: Raging Bolt
|-damage|p1a: Raging Bolt|66/100
|
|-heal|p1a: Raging Bolt|73/100|[from] item: Leftovers
|upkeep
|turn|16
|
|t:|1760335875
|move|p2a: Scizor|Bullet Punch|p1a: Raging Bolt
|-resisted|p1a: Raging Bolt
|-damage|p1a: Raging Bolt|47/100
|move|p1a: Raging Bolt|Volt Switch|p2a: Scizor
|-damage|p2a: Scizor|0 fnt
|faint|p2a: Scizor
|
|t:|1760335887
|-end|p1a: Raging Bolt|Protosynthesis|[silent]
|switch|p1a: Deoxys|Deoxys-Speed|100/100|[from] Volt Switch
|-activate|p1a: Deoxys|move: Sticky Web
|-unboost|p1a: Deoxys|spe|1
|-ability|p1a: Deoxys|Pressure
|
|upkeep
|
|t:|1760335894
|switch|p2a: Iron Valiant|Iron Valiant, shiny|100/100
|turn|17
|
|t:|1760335900
|move|p2a: Iron Valiant|Moonblast|p1a: Deoxys
|-damage|p1a: Deoxys|24/100
|move|p1a: Deoxys|Psycho Boost|p2a: Iron Valiant
|-supereffective|p2a: Iron Valiant
|-enditem|p2a: Iron Valiant|Focus Sash
|-damage|p2a: Iron Valiant|1/100
|-unboost|p1a: Deoxys|spa|2
|
|upkeep
|turn|18
|
|t:|1760335910
|move|p2a: Iron Valiant|Moonblast|p1a: Deoxys
|-damage|p1a: Deoxys|0 fnt
|faint|p1a: Deoxys
|
|upkeep
|
|t:|1760335915
|switch|p1a: Kingambit|Kingambit, F|100/100
|-activate|p1a: Kingambit|move: Sticky Web
|-unboost|p1a: Kingambit|spe|1
|-activate|p1a: Kingambit|ability: Supreme Overlord
|-start|p1a: Kingambit|fallen3|[silent]
|turn|19
|
|t:|1760335921
|-end|p2a: Iron Valiant|Quark Drive|[silent]
|switch|p2a: Ursaring|Ursaring, M|9/100 brn
|move|p1a: Kingambit|Kowtow Cleave|p2a: Ursaring
|-damage|p2a: Ursaring|0 fnt
|faint|p2a: Ursaring
|
|upkeep
|
|t:|1760335927
|switch|p2a: Porygon-Z|Porygon-Z, shiny|100/100
|turn|20
|
|t:|1760335936
|move|p2a: Porygon-Z|Tri Attack|p1a: Kingambit
|-resisted|p1a: Kingambit
|-damage|p1a: Kingambit|49/100
|move|p1a: Kingambit|Swords Dance|p1a: Kingambit
|-boost|p1a: Kingambit|atk|2
|
|upkeep
|turn|21
|
|t:|1760335944
|move|p1a: Kingambit|Sucker Punch|p2a: Porygon-Z
|-damage|p2a: Porygon-Z|0 fnt
|faint|p2a: Porygon-Z
|
|upkeep
|
|t:|1760335946
|switch|p2a: Iron Valiant|Iron Valiant, shiny|1/100
|turn|22
|
|t:|1760335951
|move|p2a: Iron Valiant|Protect|p2a: Iron Valiant
|-singleturn|p2a: Iron Valiant|Protect
|move|p1a: Kingambit|Kowtow Cleave|p2a: Iron Valiant
|-activate|p2a: Iron Valiant|move: Protect
|
|upkeep
|turn|23
|
|t:|1760335959
|move|p1a: Kingambit|Sucker Punch|p2a: Iron Valiant
|-resisted|p2a: Iron Valiant
|-damage|p2a: Iron Valiant|0 fnt
|faint|p2a: Iron Valiant
|-end|p2a: Iron Valiant|Quark Drive|[silent]
|
|win|Leo111212
|raw|Leo111212's rating: 1281 &rarr; <strong>1303</strong><br />(+22 for winning)
|raw|Nico8051's rating: 1240 &rarr; <strong>1218</strong><br />(-22 for losing)
|l|☆Nico8051
|player|p2|
|l|☆Leo111212
|player|p1|
