|badge|p2|bronze|gen9ru|100-7
|badge|p2|bronze|gen9ubers|100-7
|uhtml|medal-msg|<div class="broadcast-blue">Curious what those medals under the avatar are? PS now has Ladder Seasons! For more information, check out the <a href="https://www.smogon.com/forums/threads/3740067/">thread on Smogon.</a></div>
|j|☆Obito 2001
|j|☆RoaringMoonlight2
|t:|1760387450
|gametype|singles
|player|p1|Obito 2001|blue-gen3two|1685
|player|p2|RoaringMoonlight2|turo-ai|1814
|gen|9
|tier|[Gen 9] OU
|rated|
|rule|HP Percentage Mod: HP is shown in percentages
|rule|Endless Battle Clause: Forcing endless battles is banned
|rule|Species Clause: Limit one of each Pokémon
|rule|OHKO Clause: OHKO moves are banned
|rule|Evasion Items Clause: Evasion items are banned
|rule|Evasion Moves Clause: Evasion moves are banned
|rule|Evasion Abilities Clause: Evasion abilities are banned
|rule|Sleep Moves Clause: Sleep-inducing moves are banned
|clearpoke
|poke|p1|Maushold-Four|
|poke|p1|Comfey, F|
|poke|p1|Grimmsnarl, M|
|poke|p1|Iron Crown|
|poke|p1|Ogerpon-Wellspring, F|
|poke|p1|Great Tusk|
|poke|p2|Glimmora, M|
|poke|p2|Iron Valiant|
|poke|p2|Raging Bolt|
|poke|p2|Ogerpon-Wellspring, F|
|poke|p2|Kingambit, F|
|poke|p2|Ceruledge, M|
|teampreview
|inactive|Battle timer is ON: inactive players will automatically lose when time's up. (requested by RoaringMoonlight2)
|inactive|Obito 2001 also wants the timer to be on.
|
|t:|1760387462
|teamsize|p1|6
|teamsize|p2|6
|start
|switch|p1a: Zanpakuto🗡️|Iron Crown|100/100
|switch|p2a: Masqurécage|Ogerpon-Wellspring, F|100/100
|turn|1
|
|t:|1760387469
|-end|p1a: Zanpakuto🗡️|Quark Drive|[silent]
|switch|p1a: 🎭|Ogerpon-Wellspring, F|100/100
|move|p2a: Masqurécage|Ivy Cudgel|p1a: 🎭|[anim] Ivy Cudgel Water
|-immune|p1a: 🎭|[from] ability: Water Absorb
|
|upkeep
|turn|2
|j| OP Earthquakes
|
|t:|1760387491
|move|p2a: Masqurécage|Power Whip|p1a: 🎭
|-damage|p1a: 🎭|2/100
|move|p1a: 🎭|Trailblaze|p2a: Masqurécage
|-crit|p2a: Masqurécage
|-damage|p2a: Masqurécage|39/100
|-boost|p1a: 🎭|spe|1
|
|upkeep
|turn|3
|inactive|RoaringMoonlight2 has 120 seconds left.
|
|t:|1760387522
|switch|p2a: Escrameur|Ceruledge, M|100/100
|move|p1a: 🎭|Trailblaze|p2a: Escrameur
|-resisted|p2a: Escrameur
|-damage|p2a: Escrameur|77/100
|-boost|p1a: 🎭|spe|1
|-ability|p2a: Escrameur|Weak Armor|boost
|-unboost|p2a: Escrameur|def|1
|-boost|p2a: Escrameur|spe|2
|
|upkeep
|turn|4
|
|t:|1760387535
|move|p2a: Escrameur|Shadow Sneak|p1a: 🎭
|-damage|p1a: 🎭|0 fnt
|faint|p1a: 🎭
|
|upkeep
|
|t:|1760387543
|switch|p1a: Mega Donphan|Great Tusk|100/100
|turn|5
|
|t:|1760387555
|move|p2a: Escrameur|Poltergeist|p1a: Mega Donphan
|-activate|p1a: Mega Donphan|move: Poltergeist|Heavy-Duty Boots
|-damage|p1a: Mega Donphan|60/100
|move|p1a: Mega Donphan|Stealth Rock|p2a: Escrameur
|-sidestart|p2: RoaringMoonlight2|move: Stealth Rock
|
|upkeep
|turn|6
|inactive|RoaringMoonlight2 has 120 seconds left.
|
|t:|1760387579
|move|p2a: Escrameur|Bitter Blade|p1a: Mega Donphan
|-damage|p1a: Mega Donphan|27/100
|-heal|p2a: Escrameur|98/100|[from] drain|[of] p1a: Mega Donphan
|move|p1a: Mega Donphan|Headlong Rush|p2a: Escrameur
|-supereffective|p2a: Escrameur
|-damage|p2a: Escrameur|0 fnt
|-unboost|p1a: Mega Donphan|def|1
|-unboost|p1a: Mega Donphan|spd|1
|faint|p2a: Escrameur
|
|upkeep
|
|t:|1760387584
|switch|p2a: Masqurécage|Ogerpon-Wellspring, F|39/100
|-damage|p2a: Masqurécage|27/100|[from] Stealth Rock
|turn|7
|j| GavilarKholin
|
|t:|1760387590
|move|p2a: Masqurécage|Ivy Cudgel|p1a: Mega Donphan|[anim] Ivy Cudgel Water
|-supereffective|p1a: Mega Donphan
|-damage|p1a: Mega Donphan|0 fnt
|faint|p1a: Mega Donphan
|-end|p1a: Mega Donphan|Protosynthesis|[silent]
|
|upkeep
|
|t:|1760387594
|switch|p1a: Huh-Yunjin💋|Comfey, F|100/100
|turn|8
|inactive|RoaringMoonlight2 has 120 seconds left.
|inactive|Obito 2001 has 120 seconds left.
|
|t:|1760387664
|move|p1a: Huh-Yunjin💋|Draining Kiss|p2a: Masqurécage
|-damage|p2a: Masqurécage|0 fnt
|faint|p2a: Masqurécage
|
|upkeep
|
|t:|1760387670
|switch|p2a: Fleur de Cuivre|Glimmora, M|100/100
|-damage|p2a: Fleur de Cuivre|88/100|[from] Stealth Rock
|turn|9
|
|t:|1760387674
|switch|p1a: Zanpakuto🗡️|Iron Crown|100/100
|move|p2a: Fleur de Cuivre|Stealth Rock|p1a: Zanpakuto🗡️
|-sidestart|p1: Obito 2001|move: Stealth Rock
|
|upkeep
|turn|10
|
|t:|1760387681
|switch|p2a: Général 50/50|Kingambit, F|100/100
|-damage|p2a: Général 50/50|94/100|[from] Stealth Rock
|-activate|p2a: Général 50/50|ability: Supreme Overlord
|-start|p2a: Général 50/50|fallen2|[silent]
|move|p1a: Zanpakuto🗡️|Tachyon Cutter|p2a: Général 50/50
|-resisted|p2a: Général 50/50
|-damage|p2a: Général 50/50|71/100
|-resisted|p2a: Général 50/50
|-damage|p2a: Général 50/50|51/100
|-hitcount|p2a: Général 50/50|2
|
|upkeep
|turn|11
|
|t:|1760387687
|move|p1a: Zanpakuto🗡️|Tachyon Cutter|p2a: Général 50/50
|-resisted|p2a: Général 50/50
|-damage|p2a: Général 50/50|28/100
|-resisted|p2a: Général 50/50
|-damage|p2a: Général 50/50|7/100
|-hitcount|p2a: Général 50/50|2
|move|p2a: Général 50/50|Kowtow Cleave|p1a: Zanpakuto🗡️
|-supereffective|p1a: Zanpakuto🗡️
|-crit|p1a: Zanpakuto🗡️
|-damage|p1a: Zanpakuto🗡️|0 fnt
|faint|p1a: Zanpakuto🗡️
|-end|p1a: Zanpakuto🗡️|Quark Drive|[silent]
|
|upkeep
|
|t:|1760387701
|switch|p1a: Screen Goblin|Grimmsnarl, M|100/100
|-damage|p1a: Screen Goblin|88/100|[from] Stealth Rock
|turn|12
|
|t:|1760387705
|move|p1a: Screen Goblin|Reflect|p1a: Screen Goblin
|-sidestart|p1: Obito 2001|Reflect
|move|p2a: Général 50/50|Swords Dance|p2a: Général 50/50
|-boost|p2a: Général 50/50|atk|2
|
|upkeep
|turn|13
|
|t:|1760387713
|move|p1a: Screen Goblin|Light Screen|p1a: Screen Goblin
|-sidestart|p1: Obito 2001|move: Light Screen
|move|p2a: Général 50/50|Low Kick|p1a: Screen Goblin
|-damage|p1a: Screen Goblin|57/100
|
|upkeep
|turn|14
|
|t:|1760387717
|move|p2a: Général 50/50|Low Kick|p1a: Screen Goblin
|-crit|p1a: Screen Goblin
|-damage|p1a: Screen Goblin|0 fnt
|faint|p1a: Screen Goblin
|
|upkeep
|
|t:|1760387720
|switch|p1a: Huh-Yunjin💋|Comfey, F|100/100
|-damage|p1a: Huh-Yunjin💋|88/100|[from] Stealth Rock
|turn|15
|
|t:|1760387723
|move|p1a: Huh-Yunjin💋|Draining Kiss|p2a: Général 50/50
|-damage|p2a: Général 50/50|0 fnt
|-heal|p1a: Huh-Yunjin💋|93/100|[from] drain|[of] p2a: Général 50/50
|faint|p2a: Général 50/50
|-end|p2a: Général 50/50|fallen2|[silent]
|
|upkeep
|
|t:|1760387725
|switch|p2a: Fleur de Cuivre|Glimmora, M|88/100
|-damage|p2a: Fleur de Cuivre|76/100|[from] Stealth Rock
|turn|16
|
|t:|1760387727
|-terastallize|p1a: Huh-Yunjin💋|Steel
|move|p2a: Fleur de Cuivre|Mortal Spin|p1a: Huh-Yunjin💋
|-immune|p1a: Huh-Yunjin💋
|move|p1a: Huh-Yunjin💋|Calm Mind|p1a: Huh-Yunjin💋
|-boost|p1a: Huh-Yunjin💋|spa|1
|-boost|p1a: Huh-Yunjin💋|spd|1
|
|upkeep
|turn|17
|
|t:|1760387732
|move|p2a: Fleur de Cuivre|Meteor Beam||[still]
|-prepare|p2a: Fleur de Cuivre|Meteor Beam
|-boost|p2a: Fleur de Cuivre|spa|1
|-enditem|p2a: Fleur de Cuivre|Power Herb
|-anim|p2a: Fleur de Cuivre|Meteor Beam|p1a: Huh-Yunjin💋|[miss]
|-miss|p2a: Fleur de Cuivre|p1a: Huh-Yunjin💋
|move|p1a: Huh-Yunjin💋|Calm Mind|p1a: Huh-Yunjin💋
|-boost|p1a: Huh-Yunjin💋|spa|1
|-boost|p1a: Huh-Yunjin💋|spd|1
|
|upkeep
|turn|18
|
|t:|1760387740
|move|p2a: Fleur de Cuivre|Earth Power|p1a: Huh-Yunjin💋
|-supereffective|p1a: Huh-Yunjin💋
|-damage|p1a: Huh-Yunjin💋|69/100
|move|p1a: Huh-Yunjin💋|Calm Mind|p1a: Huh-Yunjin💋
|-boost|p1a: Huh-Yunjin💋|spa|1
|-boost|p1a: Huh-Yunjin💋|spd|1
|
|upkeep
|turn|19
|
|t:|1760387748
|move|p2a: Fleur de Cuivre|Earth Power|p1a: Huh-Yunjin💋
|-supereffective|p1a: Huh-Yunjin💋
|-damage|p1a: Huh-Yunjin💋|49/100
|move|p1a: Huh-Yunjin💋|Calm Mind|p1a: Huh-Yunjin💋
|-boost|p1a: Huh-Yunjin💋|spa|1
|-boost|p1a: Huh-Yunjin💋|spd|1
|
|-sideend|p1: Obito 2001|Reflect
|upkeep
|turn|20
|
|t:|1760387753
|move|p1a: Huh-Yunjin💋|Giga Drain|p2a: Fleur de Cuivre
|-crit|p2a: Fleur de Cuivre
|-damage|p2a: Fleur de Cuivre|0 fnt
|-heal|p1a: Huh-Yunjin💋|87/100|[from] drain|[of] p2a: Fleur de Cuivre
|faint|p2a: Fleur de Cuivre
|
|-sideend|p1: Obito 2001|move: Light Screen
|upkeep
|
|t:|1760387756
|switch|p2a: Terminator|Iron Valiant|100/100
|-damage|p2a: Terminator|94/100|[from] Stealth Rock
|-enditem|p2a: Terminator|Booster Energy
|-activate|p2a: Terminator|ability: Quark Drive|[fromitem]
|-start|p2a: Terminator|quarkdrivespe
|turn|21
|
|t:|1760387762
|-terastallize|p2a: Terminator|Steel
|move|p1a: Huh-Yunjin💋|Draining Kiss|p2a: Terminator
|-resisted|p2a: Terminator
|-damage|p2a: Terminator|43/100
|-heal|p1a: Huh-Yunjin💋|100/100|[from] drain|[of] p2a: Terminator
|move|p2a: Terminator|Calm Mind|p2a: Terminator
|-boost|p2a: Terminator|spa|1
|-boost|p2a: Terminator|spd|1
|
|upkeep
|turn|22
|
|t:|1760387766
|move|p1a: Huh-Yunjin💋|Draining Kiss|p2a: Terminator
|-resisted|p2a: Terminator
|-damage|p2a: Terminator|4/100
|move|p2a: Terminator|Focus Blast|p1a: Huh-Yunjin💋
|-supereffective|p1a: Huh-Yunjin💋
|-damage|p1a: Huh-Yunjin💋|39/100
|
|upkeep
|turn|23
|
|t:|1760387771
|move|p1a: Huh-Yunjin💋|Draining Kiss|p2a: Terminator
|-resisted|p2a: Terminator
|-damage|p2a: Terminator|0 fnt
|-heal|p1a: Huh-Yunjin💋|42/100|[from] drain|[of] p2a: Terminator
|faint|p2a: Terminator
|-end|p2a: Terminator|Quark Drive|[silent]
|
|upkeep
|-message|RoaringMoonlight2 forfeited.
|
|win|Obito 2001
|raw|Obito 2001's rating: 1685 &rarr; <strong>1712</strong><br />(+27 for winning)
|raw|RoaringMoonlight2's rating: 1814 &rarr; <strong>1787</strong><br />(-27 for losing)
|l|☆RoaringMoonlight2
|player|p2|
|l|☆Obito 2001
|player|p1|
