|j|☆ILoveAdaWong22
|j|☆TysonTokyo
|t:|1760385694
|gametype|singles
|player|p1|ILoveAdaWong22|volkner|1170
|player|p2|TysonTokyo|101|1136
|gen|9
|tier|[Gen 9] OU
|rated|
|rule|HP Percentage Mod: HP is shown in percentages
|rule|Endless Battle Clause: Forcing endless battles is banned
|rule|Species Clause: Limit one of each Pokémon
|rule|OHKO Clause: OHKO moves are banned
|rule|Evasion Items Clause: Evasion items are banned
|rule|Evasion Moves Clause: Evasion moves are banned
|rule|Evasion Abilities Clause: Evasion abilities are banned
|rule|Sleep Moves Clause: Sleep-inducing moves are banned
|clearpoke
|poke|p1|Blaziken, M|
|poke|p1|Indeedee-F, F|
|poke|p1|Iron Crown|
|poke|p1|Barraskewda, F|
|poke|p1|Corviknight, F|
|poke|p1|Tsareena, F|
|poke|p2|Heatran, M|
|poke|p2|Dragonite, F|
|poke|p2|Polteageist|
|poke|p2|Quaquaval, F|
|poke|p2|Ting-Lu|
|poke|p2|Hatterene, F|
|teampreview
|inactive|Battle timer is ON: inactive players will automatically lose when time's up. (requested by TysonTokyo)
|
|t:|1760385707
|teamsize|p1|6
|teamsize|p2|6
|start
|switch|p1a: Blaziken|Blaziken, M, shiny|100/100
|switch|p2a: Hatterene|Hatterene, F|100/100
|turn|1
|
|t:|1760385735
|move|p1a: Blaziken|Protect|p1a: Blaziken
|-singleturn|p1a: Blaziken|Protect
|move|p2a: Hatterene|Nuzzle|p1a: Blaziken
|-activate|p1a: Blaziken|move: Protect
|
|-ability|p1a: Blaziken|Speed Boost|boost
|-boost|p1a: Blaziken|spe|1
|upkeep
|turn|2
|
|t:|1760385744
|switch|p1a: Indeedee|Indeedee-F, F|100/100
|-fieldstart|move: Psychic Terrain|[from] ability: Psychic Surge|[of] p1a: Indeedee
|move|p2a: Hatterene|Nuzzle|p1a: Indeedee
|-damage|p1a: Indeedee|95/100
|-status|p1a: Indeedee|par
|
|upkeep
|turn|3
|
|t:|1760385758
|move|p1a: Indeedee|Shadow Ball|p2a: Hatterene
|-supereffective|p2a: Hatterene
|-damage|p2a: Hatterene|62/100
|-unboost|p2a: Hatterene|spd|1
|move|p2a: Hatterene|Psychic Noise|p1a: Indeedee
|-resisted|p1a: Indeedee
|-damage|p1a: Indeedee|78/100 par
|-start|p1a: Indeedee|move: Heal Block
|
|upkeep
|turn|4
|
|t:|1760385771
|move|p1a: Indeedee|Shadow Ball|p2a: Hatterene
|-supereffective|p2a: Hatterene
|-damage|p2a: Hatterene|0 fnt
|faint|p2a: Hatterene
|
|-end|p1a: Indeedee|move: Heal Block
|upkeep
|inactive|TysonTokyo has 120 seconds left.
|
|t:|1760385814
|switch|p2a: Ting-Lu|Ting-Lu|100/100
|-ability|p2a: Ting-Lu|Vessel of Ruin
|turn|5
|
|t:|1760385818
|move|p2a: Ting-Lu|Earthquake|p1a: Indeedee
|-damage|p1a: Indeedee|23/100 par
|move|p1a: Indeedee|Alluring Voice|p2a: Ting-Lu
|-supereffective|p2a: Ting-Lu
|-damage|p2a: Ting-Lu|84/100
|
|-heal|p2a: Ting-Lu|90/100|[from] item: Leftovers
|upkeep
|turn|6
|
|t:|1760385821
|move|p2a: Ting-Lu|Earthquake|p1a: Indeedee
|-damage|p1a: Indeedee|0 fnt
|faint|p1a: Indeedee
|
|-heal|p2a: Ting-Lu|96/100|[from] item: Leftovers
|upkeep
|
|t:|1760385825
|switch|p1a: Blaziken|Blaziken, M, shiny|100/100
|turn|7
|
|t:|1760385828
|move|p1a: Blaziken|Swords Dance|p1a: Blaziken
|-boost|p1a: Blaziken|atk|2
|move|p2a: Ting-Lu|Ruination|p1a: Blaziken
|-damage|p1a: Blaziken|51/100
|
|-heal|p2a: Ting-Lu|100/100|[from] item: Leftovers
|-ability|p1a: Blaziken|Speed Boost|boost
|-boost|p1a: Blaziken|spe|1
|upkeep
|turn|8
|
|t:|1760385830
|move|p1a: Blaziken|Protect|p1a: Blaziken
|-singleturn|p1a: Blaziken|Protect
|move|p2a: Ting-Lu|Whirlwind|p1a: Blaziken
|drag|p1a: Barraskewda|Barraskewda, F|100/100
|
|upkeep
|turn|9
|
|t:|1760385836
|move|p1a: Barraskewda|Liquidation|p2a: Ting-Lu
|-supereffective|p2a: Ting-Lu
|-damage|p2a: Ting-Lu|31/100
|-unboost|p2a: Ting-Lu|def|1
|-damage|p1a: Barraskewda|91/100|[from] item: Life Orb
|move|p2a: Ting-Lu|Ruination|p1a: Barraskewda
|-damage|p1a: Barraskewda|46/100
|
|-heal|p2a: Ting-Lu|37/100|[from] item: Leftovers
|-fieldend|move: Psychic Terrain
|upkeep
|turn|10
|inactive|TysonTokyo has 120 seconds left.
|
|t:|1760385870
|move|p1a: Barraskewda|Liquidation|p2a: Ting-Lu
|-supereffective|p2a: Ting-Lu
|-damage|p2a: Ting-Lu|0 fnt
|faint|p2a: Ting-Lu
|-damage|p1a: Barraskewda|36/100|[from] item: Life Orb
|
|upkeep
|
|t:|1760385873
|switch|p2a: Quaquaval|Quaquaval, F|100/100
|turn|11
|inactive|TysonTokyo has 120 seconds left.
|
|t:|1760385888
|move|p1a: Barraskewda|Double-Edge|p2a: Quaquaval
|-damage|p2a: Quaquaval|27/100
|-damage|p1a: Barraskewda|7/100|[from] Recoil
|-damage|p1a: Barraskewda|0 fnt|[from] item: Life Orb
|faint|p1a: Barraskewda
|move|p2a: Quaquaval|Knock Off|p1: Barraskewda|[notarget]
|-fail|p2a: Quaquaval
|
|upkeep
|
|t:|1760385902
|switch|p1a: Blaziken|Blaziken, M, shiny|51/100
|turn|12
|
|t:|1760385903
|move|p1a: Blaziken|Protect|p1a: Blaziken
|-singleturn|p1a: Blaziken|Protect
|move|p2a: Quaquaval|Aqua Step|p1a: Blaziken
|-activate|p1a: Blaziken|move: Protect
|
|-ability|p1a: Blaziken|Speed Boost|boost
|-boost|p1a: Blaziken|spe|1
|upkeep
|turn|13
|
|t:|1760385910
|move|p1a: Blaziken|Knock Off|p2a: Quaquaval
|-resisted|p2a: Quaquaval
|-damage|p2a: Quaquaval|3/100
|-enditem|p2a: Quaquaval|Assault Vest|[from] move: Knock Off|[of] p1a: Blaziken
|move|p2a: Quaquaval|Aqua Step|p1a: Blaziken
|-supereffective|p1a: Blaziken
|-damage|p1a: Blaziken|0 fnt
|-boost|p2a: Quaquaval|spe|1
|faint|p1a: Blaziken
|-ability|p2a: Quaquaval|Moxie|boost
|-boost|p2a: Quaquaval|atk|1
|
|upkeep
|l|☆ILoveAdaWong22
|inactive|ILoveAdaWong22 disconnected and has a minute to reconnect!
|player|p1|
|j|☆ILoveAdaWong22
|inactive|ILoveAdaWong22 reconnected and has 135 seconds left.
|player|p1|ILoveAdaWong22|volkner|
|
|t:|1760385929
|switch|p1a: Corviknight|Corviknight, F|100/100
|-ability|p1a: Corviknight|Pressure
|turn|14
|
|t:|1760385938
|move|p2a: Quaquaval|Knock Off|p1a: Corviknight
|-damage|p1a: Corviknight|66/100
|-enditem|p1a: Corviknight|Leftovers|[from] move: Knock Off|[of] p2a: Quaquaval
|move|p1a: Corviknight|Body Press|p2a: Quaquaval
|-damage|p2a: Quaquaval|0 fnt
|faint|p2a: Quaquaval
|
|upkeep
|
|t:|1760385940
|switch|p2a: Heatran|Heatran, M|100/100
|-item|p2a: Heatran|Air Balloon
|turn|15
|
|t:|1760385965
|-terastallize|p1a: Corviknight|Dragon
|move|p2a: Heatran|Magma Storm|p1a: Corviknight
|-resisted|p1a: Corviknight
|-damage|p1a: Corviknight|39/100
|-activate|p1a: Corviknight|move: Magma Storm|[of] p2a: Heatran
|move|p1a: Corviknight|Bulk Up|p1a: Corviknight
|-boost|p1a: Corviknight|atk|1
|-boost|p1a: Corviknight|def|1
|
|-damage|p1a: Corviknight|27/100|[from] move: Magma Storm|[partiallytrapped]
|upkeep
|turn|16
|
|t:|1760385977
|move|p2a: Heatran|Magma Storm|p1a: Corviknight
|-resisted|p1a: Corviknight
|-damage|p1a: Corviknight|0 fnt
|faint|p1a: Corviknight
|
|upkeep
|
|t:|1760385982
|switch|p1a: Tsareena|Tsareena, F|100/100
|turn|17
|
|t:|1760385988
|move|p2a: Heatran|Magma Storm|p1a: Tsareena|[miss]
|-miss|p2a: Heatran|p1a: Tsareena
|move|p1a: Tsareena|Zen Headbutt|p2a: Heatran
|-resisted|p2a: Heatran
|-damage|p2a: Heatran|86/100
|-enditem|p2a: Heatran|Air Balloon
|
|upkeep
|turn|18
|
|t:|1760385997
|move|p2a: Heatran|Stealth Rock|p1a: Tsareena
|-sidestart|p1: ILoveAdaWong22|move: Stealth Rock
|move|p1a: Tsareena|Zen Headbutt|p2a: Heatran
|-resisted|p2a: Heatran
|-damage|p2a: Heatran|72/100
|
|upkeep
|turn|19
|
|t:|1760386016
|move|p2a: Heatran|Magma Storm|p1a: Tsareena
|-supereffective|p1a: Tsareena
|-damage|p1a: Tsareena|23/100
|-activate|p1a: Tsareena|move: Magma Storm|[of] p2a: Heatran
|move|p1a: Tsareena|Zen Headbutt|p2a: Heatran
|-resisted|p2a: Heatran
|-damage|p2a: Heatran|60/100
|
|-damage|p1a: Tsareena|10/100|[from] move: Magma Storm|[partiallytrapped]
|upkeep
|turn|20
|
|t:|1760386019
|move|p2a: Heatran|Earth Power|p1a: Tsareena
|-resisted|p1a: Tsareena
|-damage|p1a: Tsareena|0 fnt
|faint|p1a: Tsareena
|
|upkeep
|
|t:|1760386022
|switch|p1a: Iron Crown|Iron Crown|100/100
|-damage|p1a: Iron Crown|94/100|[from] Stealth Rock
|turn|21
|
|t:|1760386027
|move|p1a: Iron Crown|Protect|p1a: Iron Crown
|-singleturn|p1a: Iron Crown|Protect
|move|p2a: Heatran|Magma Storm|p1a: Iron Crown
|-activate|p1a: Iron Crown|move: Protect
|
|-heal|p1a: Iron Crown|100/100|[from] item: Leftovers
|upkeep
|turn|22
|
|t:|1760386032
|move|p1a: Iron Crown|Protect||[still]
|-fail|p1a: Iron Crown
|move|p2a: Heatran|Magma Storm|p1a: Iron Crown|[miss]
|-miss|p2a: Heatran|p1a: Iron Crown
|
|upkeep
|turn|23
|
|t:|1760386035
|move|p2a: Heatran|Earth Power|p1a: Iron Crown
|-supereffective|p1a: Iron Crown
|-damage|p1a: Iron Crown|54/100
|move|p1a: Iron Crown|Calm Mind|p1a: Iron Crown
|-boost|p1a: Iron Crown|spa|1
|-boost|p1a: Iron Crown|spd|1
|
|-heal|p1a: Iron Crown|60/100|[from] item: Leftovers
|upkeep
|turn|24
|
|t:|1760386038
|move|p2a: Heatran|Earth Power|p1a: Iron Crown
|-supereffective|p1a: Iron Crown
|-damage|p1a: Iron Crown|29/100
|move|p1a: Iron Crown|Calm Mind|p1a: Iron Crown
|-boost|p1a: Iron Crown|spa|1
|-boost|p1a: Iron Crown|spd|1
|
|-heal|p1a: Iron Crown|35/100|[from] item: Leftovers
|upkeep
|turn|25
|
|t:|1760386048
|move|p2a: Heatran|Earth Power|p1a: Iron Crown
|-supereffective|p1a: Iron Crown
|-damage|p1a: Iron Crown|13/100
|move|p1a: Iron Crown|Tachyon Cutter|p2a: Heatran
|-resisted|p2a: Heatran
|-damage|p2a: Heatran|48/100
|-resisted|p2a: Heatran
|-damage|p2a: Heatran|35/100
|-hitcount|p2a: Heatran|2
|
|-heal|p1a: Iron Crown|20/100|[from] item: Leftovers
|upkeep
|turn|26
|
|t:|1760386051
|move|p2a: Heatran|Earth Power|p1a: Iron Crown
|-supereffective|p1a: Iron Crown
|-crit|p1a: Iron Crown
|-damage|p1a: Iron Crown|0 fnt
|faint|p1a: Iron Crown
|-end|p1a: Iron Crown|Quark Drive|[silent]
|
|win|TysonTokyo
|raw|ILoveAdaWong22's rating: 1170 &rarr; <strong>1143</strong><br />(-27 for losing)
|raw|TysonTokyo's rating: 1136 &rarr; <strong>1163</strong><br />(+27 for winning)
|l|☆TysonTokyo
|player|p2|
|l|☆ILoveAdaWong22
|player|p1|
