|j|☆suaiaj
|j|☆againromefell
|t:|1760352164
|gametype|singles
|player|p1|suaiaj|steven|1350
|player|p2|againromefell|169|1419
|gen|9
|tier|[Gen 9] OU
|rated|
|rule|HP Percentage Mod: HP is shown in percentages
|rule|Endless Battle Clause: Forcing endless battles is banned
|rule|Species Clause: Limit one of each Pokémon
|rule|OHKO Clause: OHKO moves are banned
|rule|Evasion Items Clause: Evasion items are banned
|rule|Evasion Moves Clause: Evasion moves are banned
|rule|Evasion Abilities Clause: Evasion abilities are banned
|rule|Sleep Moves Clause: Sleep-inducing moves are banned
|clearpoke
|poke|p1|Kleavor, M|
|poke|p1|Raging Bolt|
|poke|p1|Cinderace, F|
|poke|p1|Dragonite, M|
|poke|p1|Kingambit, F|
|poke|p1|Heatran, M|
|poke|p2|Gholdengo|
|poke|p2|Zamazenta-*|
|poke|p2|Ting-Lu|
|poke|p2|Clefable, F|
|poke|p2|Dragonite, M|
|poke|p2|Deoxys-Speed|
|teampreview
|c|☆againromefell|hf
|inactive|Battle timer is ON: inactive players will automatically lose when time's up. (requested by suaiaj)
|
|t:|1760352186
|teamsize|p1|6
|teamsize|p2|6
|start
|switch|p1a: Kleavor|Kleavor, M|100/100
|switch|p2a: Moonrock 350|Clefable, F|100/100
|turn|1
|
|t:|1760352195
|move|p1a: Kleavor|Stone Axe|p2a: Moonrock 350|[miss]
|-miss|p1a: Kleavor|p2a: Moonrock 350
|move|p2a: Moonrock 350|Moonblast|p1a: Kleavor
|-damage|p1a: Kleavor|50/100
|
|upkeep
|turn|2
|
|t:|1760352202
|move|p1a: Kleavor|Stone Axe|p2a: Moonrock 350
|-damage|p2a: Moonrock 350|56/100
|-damage|p1a: Kleavor|34/100|[from] item: Rocky Helmet|[of] p2a: Moonrock 350
|-sidestart|p2: againromefell|move: Stealth Rock
|move|p2a: Moonrock 350|Stealth Rock|p1a: Kleavor
|-sidestart|p1: suaiaj|move: Stealth Rock
|
|upkeep
|turn|3
|
|t:|1760352210
|move|p1a: Kleavor|Stone Axe|p2a: Moonrock 350
|-damage|p2a: Moonrock 350|11/100
|-damage|p1a: Kleavor|17/100|[from] item: Rocky Helmet|[of] p2a: Moonrock 350
|move|p2a: Moonrock 350|Moonlight|p2a: Moonrock 350
|-heal|p2a: Moonrock 350|61/100
|
|upkeep
|turn|4
|
|t:|1760352219
|move|p1a: Kleavor|Stone Axe|p2a: Moonrock 350
|-damage|p2a: Moonrock 350|16/100
|-damage|p1a: Kleavor|0 fnt|[from] item: Rocky Helmet|[of] p2a: Moonrock 350
|faint|p1a: Kleavor
|move|p2a: Moonrock 350|Moonlight|p2a: Moonrock 350
|-heal|p2a: Moonrock 350|66/100
|
|upkeep
|inactive|suaiaj has 120 seconds left.
|
|t:|1760352261
|switch|p1a: Heatran|Heatran, M|100/100
|-damage|p1a: Heatran|88/100|[from] Stealth Rock
|-item|p1a: Heatran|Air Balloon
|turn|5
|
|t:|1760352286
|switch|p2a: Up Bowl On Em|Ting-Lu|100/100
|-damage|p2a: Up Bowl On Em|94/100|[from] Stealth Rock
|-ability|p2a: Up Bowl On Em|Vessel of Ruin
|move|p1a: Heatran|Flamethrower|p2a: Up Bowl On Em
|-damage|p2a: Up Bowl On Em|72/100
|
|-heal|p2a: Up Bowl On Em|79/100|[from] item: Leftovers
|upkeep
|turn|6
|inactive|suaiaj has 120 seconds left.
|
|t:|1760352297
|switch|p1a: Cinderace|Cinderace, F|100/100
|move|p2a: Up Bowl On Em|Ruination|p1a: Cinderace|[miss]
|-miss|p2a: Up Bowl On Em|p1a: Cinderace
|
|-heal|p2a: Up Bowl On Em|85/100|[from] item: Leftovers
|upkeep
|turn|7
|inactive|suaiaj has 120 seconds left.
|
|t:|1760352309
|switch|p2a: Moonrock 350|Clefable, F|66/100
|move|p1a: Cinderace|High Jump Kick|p2a: Moonrock 350
|-start|p1a: Cinderace|typechange|Fighting|[from] ability: Libero
|-resisted|p2a: Moonrock 350
|-damage|p2a: Moonrock 350|41/100
|-damage|p1a: Cinderace|84/100|[from] item: Rocky Helmet|[of] p2a: Moonrock 350
|
|upkeep
|turn|8
|inactive|suaiaj has 120 seconds left.
|
|t:|1760352320
|move|p1a: Cinderace|Pyro Ball|p2a: Moonrock 350
|-damage|p2a: Moonrock 350|10/100
|-status|p2a: Moonrock 350|brn
|move|p2a: Moonrock 350|Knock Off|p1a: Cinderace
|-resisted|p1a: Cinderace
|-damage|p1a: Cinderace|79/100
|-enditem|p1a: Cinderace|Heavy-Duty Boots|[from] move: Knock Off|[of] p2a: Moonrock 350
|
|upkeep
|turn|9
|inactive|suaiaj has 120 seconds left.
|
|t:|1760352331
|move|p1a: Cinderace|Pyro Ball|p2a: Moonrock 350
|-damage|p2a: Moonrock 350|0 fnt
|faint|p2a: Moonrock 350
|
|upkeep
|
|t:|1760352343
|switch|p2a: CClifford|Zamazenta|100/100
|-ability|p2a: CClifford|Dauntless Shield|boost
|-boost|p2a: CClifford|def|1
|turn|10
|inactive|suaiaj has 120 seconds left.
|
|t:|1760352359
|switch|p1a: Raging Bolt|Raging Bolt|100/100
|-damage|p1a: Raging Bolt|88/100|[from] Stealth Rock
|-enditem|p1a: Raging Bolt|Booster Energy
|-activate|p1a: Raging Bolt|ability: Protosynthesis|[fromitem]
|-start|p1a: Raging Bolt|protosynthesisspa
|move|p2a: CClifford|Close Combat|p1a: Raging Bolt
|-damage|p1a: Raging Bolt|40/100
|-unboost|p2a: CClifford|def|1
|-unboost|p2a: CClifford|spd|1
|
|upkeep
|turn|11
|inactive|suaiaj has 120 seconds left.
|
|t:|1760352381
|switch|p2a: Up Bowl On Em|Ting-Lu|85/100
|-damage|p2a: Up Bowl On Em|79/100|[from] Stealth Rock
|-ability|p2a: Up Bowl On Em|Vessel of Ruin
|move|p1a: Raging Bolt|Thunderclap||[still]
|-fail|p1a: Raging Bolt
|
|-heal|p2a: Up Bowl On Em|85/100|[from] item: Leftovers
|upkeep
|turn|12
|
|t:|1760352392
|move|p1a: Raging Bolt|Calm Mind|p1a: Raging Bolt
|-boost|p1a: Raging Bolt|spa|1
|-boost|p1a: Raging Bolt|spd|1
|move|p2a: Up Bowl On Em|Whirlwind|p1a: Raging Bolt
|-end|p1a: Raging Bolt|Protosynthesis|[silent]
|drag|p1a: Heatran|Heatran, M|88/100
|-damage|p1a: Heatran|76/100|[from] Stealth Rock
|-item|p1a: Heatran|Air Balloon
|
|-heal|p2a: Up Bowl On Em|91/100|[from] item: Leftovers
|upkeep
|turn|13
|
|t:|1760352407
|move|p1a: Heatran|Flamethrower|p2a: Up Bowl On Em
|-damage|p2a: Up Bowl On Em|71/100
|-status|p2a: Up Bowl On Em|brn
|move|p2a: Up Bowl On Em|Ruination|p1a: Heatran
|-damage|p1a: Heatran|38/100
|-enditem|p1a: Heatran|Air Balloon
|
|-heal|p2a: Up Bowl On Em|77/100 brn|[from] item: Leftovers
|-damage|p2a: Up Bowl On Em|71/100 brn|[from] brn
|upkeep
|turn|14
|
|t:|1760352423
|move|p1a: Heatran|Flamethrower|p2a: Up Bowl On Em
|-damage|p2a: Up Bowl On Em|50/100 brn
|move|p2a: Up Bowl On Em|Ruination|p1a: Heatran
|-damage|p1a: Heatran|19/100
|
|-heal|p2a: Up Bowl On Em|56/100 brn|[from] item: Leftovers
|-damage|p2a: Up Bowl On Em|50/100 brn|[from] brn
|upkeep
|turn|15
|
|t:|1760352433
|move|p1a: Heatran|Steel Beam|p2a: Up Bowl On Em
|-damage|p2a: Up Bowl On Em|17/100 brn
|-damage|p1a: Heatran|0 fnt|[from] steelbeam
|faint|p1a: Heatran
|move|p2a: Up Bowl On Em|Earthquake|p1: Heatran|[notarget]
|-fail|p2a: Up Bowl On Em
|
|-heal|p2a: Up Bowl On Em|24/100 brn|[from] item: Leftovers
|-damage|p2a: Up Bowl On Em|17/100 brn|[from] brn
|upkeep
|
|t:|1760352443
|switch|p1a: Dragonite|Dragonite, M|100/100
|-damage|p1a: Dragonite|75/100|[from] Stealth Rock
|turn|16
|
|t:|1760352449
|move|p1a: Dragonite|Dragon Dance|p1a: Dragonite
|-boost|p1a: Dragonite|atk|1
|-boost|p1a: Dragonite|spe|1
|move|p2a: Up Bowl On Em|Whirlwind|p1a: Dragonite
|drag|p1a: Raging Bolt|Raging Bolt|40/100
|-damage|p1a: Raging Bolt|28/100|[from] Stealth Rock
|
|-heal|p2a: Up Bowl On Em|24/100 brn|[from] item: Leftovers
|-damage|p2a: Up Bowl On Em|17/100 brn|[from] brn
|upkeep
|turn|17
|
|t:|1760352461
|move|p1a: Raging Bolt|Draco Meteor|p2a: Up Bowl On Em
|-damage|p2a: Up Bowl On Em|0 fnt
|-unboost|p1a: Raging Bolt|spa|2
|faint|p2a: Up Bowl On Em
|
|upkeep
|
|t:|1760352471
|switch|p2a: Dude Nasty Asf|Deoxys-Speed|100/100
|-ability|p2a: Dude Nasty Asf|Pressure
|turn|18
|
|t:|1760352482
|move|p2a: Dude Nasty Asf|Ice Beam|p1a: Raging Bolt
|-supereffective|p1a: Raging Bolt
|-damage|p1a: Raging Bolt|0 fnt
|faint|p1a: Raging Bolt
|-end|p1a: Raging Bolt|Protosynthesis|[silent]
|
|upkeep
|
|t:|1760352491
|switch|p1a: Dragonite|Dragonite, M|75/100
|-damage|p1a: Dragonite|50/100|[from] Stealth Rock
|turn|19
|
|t:|1760352499
|move|p1a: Dragonite|Extreme Speed|p2a: Dude Nasty Asf
|-damage|p2a: Dude Nasty Asf|57/100
|move|p2a: Dude Nasty Asf|Psycho Boost|p1a: Dragonite
|-damage|p1a: Dragonite|0 fnt
|-unboost|p2a: Dude Nasty Asf|spa|2
|faint|p1a: Dragonite
|
|upkeep
|
|t:|1760352509
|switch|p1a: Kingambit|Kingambit, F|100/100
|-damage|p1a: Kingambit|94/100|[from] Stealth Rock
|-activate|p1a: Kingambit|ability: Supreme Overlord
|-start|p1a: Kingambit|fallen4|[silent]
|turn|20
|
|t:|1760352518
|switch|p2a: Secret Service|Dragonite, M|100/100
|move|p1a: Kingambit|Swords Dance|p1a: Kingambit
|-boost|p1a: Kingambit|atk|2
|
|upkeep
|turn|21
|inactive|suaiaj has 120 seconds left.
|
|t:|1760352526
|move|p1a: Kingambit|Iron Head|p2a: Secret Service
|-damage|p2a: Secret Service|17/100
|-damage|p1a: Kingambit|84/100|[from] item: Life Orb
|cant|p2a: Secret Service|flinch
|
|upkeep
|turn|22
|
|t:|1760352533
|move|p2a: Secret Service|Extreme Speed|p1a: Kingambit
|-resisted|p1a: Kingambit
|-damage|p1a: Kingambit|73/100
|move|p1a: Kingambit|Iron Head|p2a: Secret Service
|-damage|p2a: Secret Service|0 fnt
|faint|p2a: Secret Service
|-damage|p1a: Kingambit|63/100|[from] item: Life Orb
|
|upkeep
|
|t:|1760352543
|switch|p2a: CClifford|Zamazenta|100/100
|turn|23
|
|t:|1760352548
|-terastallize|p1a: Kingambit|Ghost
|move|p2a: CClifford|Close Combat|p1a: Kingambit
|-immune|p1a: Kingambit
|move|p1a: Kingambit|Zen Headbutt|p2a: CClifford
|-supereffective|p2a: CClifford
|-damage|p2a: CClifford|0 fnt
|faint|p2a: CClifford
|-damage|p1a: Kingambit|53/100|[from] item: Life Orb
|
|upkeep
|
|t:|1760352552
|switch|p2a: Djengo Unrained|Gholdengo|100/100
|turn|24
|
|t:|1760352562
|-terastallize|p2a: Djengo Unrained|Fairy
|move|p1a: Kingambit|Sucker Punch|p2a: Djengo Unrained
|-resisted|p2a: Djengo Unrained
|-damage|p2a: Djengo Unrained|50/100
|-damage|p1a: Kingambit|44/100|[from] item: Life Orb
|move|p2a: Djengo Unrained|Shadow Ball|p1a: Kingambit
|-supereffective|p1a: Kingambit
|-damage|p1a: Kingambit|0 fnt
|faint|p1a: Kingambit
|-end|p1a: Kingambit|fallen4|[silent]
|
|upkeep
|
|t:|1760352574
|switch|p1a: Cinderace|Cinderace, F|79/100
|-damage|p1a: Cinderace|54/100|[from] Stealth Rock
|turn|25
|
|t:|1760352579
|move|p1a: Cinderace|Pyro Ball|p2a: Djengo Unrained
|-damage|p2a: Djengo Unrained|4/100
|move|p2a: Djengo Unrained|Shadow Ball|p1a: Cinderace
|-damage|p1a: Cinderace|3/100
|
|upkeep
|turn|26
|
|t:|1760352586
|move|p1a: Cinderace|Pyro Ball|p2a: Djengo Unrained
|-damage|p2a: Djengo Unrained|0 fnt
|faint|p2a: Djengo Unrained
|
|upkeep
|
|t:|1760352587
|switch|p2a: Dude Nasty Asf|Deoxys-Speed|57/100
|-ability|p2a: Dude Nasty Asf|Pressure
|turn|27
|
|t:|1760352590
|move|p2a: Dude Nasty Asf|Thunderbolt|p1a: Cinderace
|-damage|p1a: Cinderace|0 fnt
|faint|p1a: Cinderace
|
|win|againromefell
|raw|suaiaj's rating: 1350 &rarr; <strong>1334</strong><br />(-16 for losing)
|raw|againromefell's rating: 1419 &rarr; <strong>1435</strong><br />(+16 for winning)
|c|☆againromefell|gg
|l|☆suaiaj
|player|p1|
