|j|☆PrimeXStriker
|j|☆drunk asgore
|t:|1760338883
|gametype|singles
|player|p1|PrimeXStriker|marshal|1447
|player|p2|drunk asgore|gentleman-gen4|1430
|gen|9
|tier|[Gen 9] OU
|rated|
|rule|HP Percentage Mod: HP is shown in percentages
|rule|Endless Battle Clause: Forcing endless battles is banned
|rule|Species Clause: Limit one of each Pokémon
|rule|OHKO Clause: OHKO moves are banned
|rule|Evasion Items Clause: Evasion items are banned
|rule|Evasion Moves Clause: Evasion moves are banned
|rule|Evasion Abilities Clause: Evasion abilities are banned
|rule|Sleep Moves Clause: Sleep-inducing moves are banned
|clearpoke
|poke|p1|Zapdos-Galar|
|poke|p1|Rillaboom, F|
|poke|p1|Iron Jugulis|
|poke|p1|Ting-Lu|
|poke|p1|Primarina, F|
|poke|p1|Cinderace, F|
|poke|p2|Hoopa-Unbound|
|poke|p2|Garganacl, F|
|poke|p2|Slowking-Galar, F|
|poke|p2|Ogerpon-Wellspring, F|
|poke|p2|Great Tusk|
|poke|p2|Dragonite, F|
|teampreview
|inactive|Battle timer is ON: inactive players will automatically lose when time's up. (requested by PrimeXStriker)
|c|☆drunk asgore|glhf
|
|t:|1760338921
|teamsize|p1|6
|teamsize|p2|6
|start
|switch|p1a: Iron Jugulis|Iron Jugulis|100/100
|switch|p2a: Garganacl|Garganacl, F|100/100
|turn|1
|
|t:|1760338930
|move|p1a: Iron Jugulis|U-turn|p2a: Garganacl
|-damage|p2a: Garganacl|93/100
|
|t:|1760338933
|-end|p1a: Iron Jugulis|Quark Drive|[silent]
|switch|p1a: Ting-Lu|Ting-Lu|100/100|[from] U-turn
|-ability|p1a: Ting-Lu|Vessel of Ruin
|move|p2a: Garganacl|Salt Cure|p1a: Ting-Lu
|-resisted|p1a: Ting-Lu
|-damage|p1a: Ting-Lu|96/100
|-start|p1a: Ting-Lu|Salt Cure
|
|-heal|p1a: Ting-Lu|100/100|[from] item: Leftovers
|-heal|p2a: Garganacl|99/100|[from] item: Leftovers
|-damage|p1a: Ting-Lu|88/100|[from] Salt Cure
|upkeep
|turn|2
|
|t:|1760338938
|move|p1a: Ting-Lu|Ruination|p2a: Garganacl
|-damage|p2a: Garganacl|50/100
|move|p2a: Garganacl|Stealth Rock|p1a: Ting-Lu
|-sidestart|p1: PrimeXStriker|move: Stealth Rock
|
|-heal|p1a: Ting-Lu|94/100|[from] item: Leftovers
|-heal|p2a: Garganacl|56/100|[from] item: Leftovers
|-damage|p1a: Ting-Lu|82/100|[from] Salt Cure
|upkeep
|turn|3
|
|t:|1760338943
|move|p1a: Ting-Lu|Earthquake|p2a: Garganacl
|-supereffective|p2a: Garganacl
|-damage|p2a: Garganacl|4/100
|move|p2a: Garganacl|Recover|p2a: Garganacl
|-heal|p2a: Garganacl|54/100
|
|-heal|p1a: Ting-Lu|88/100|[from] item: Leftovers
|-heal|p2a: Garganacl|60/100|[from] item: Leftovers
|-damage|p1a: Ting-Lu|76/100|[from] Salt Cure
|upkeep
|turn|4
|
|t:|1760338950
|switch|p1a: Cinderace|Cinderace, F|100/100
|move|p2a: Garganacl|Protect||[still]
|-fail|p2a: Garganacl
|
|-heal|p2a: Garganacl|67/100|[from] item: Leftovers
|upkeep
|turn|5
|
|t:|1760338960
|move|p2a: Garganacl|Protect|p2a: Garganacl
|-singleturn|p2a: Garganacl|Protect
|move|p1a: Cinderace|U-turn|p2a: Garganacl
|-start|p1a: Cinderace|typechange|Bug|[from] ability: Libero
|-activate|p2a: Garganacl|move: Protect
|
|-heal|p2a: Garganacl|73/100|[from] item: Leftovers
|upkeep
|turn|6
|
|t:|1760338973
|switch|p2a: Slowking|Slowking-Galar, F|100/100
|move|p1a: Cinderace|U-turn|p2a: Slowking
|-damage|p2a: Slowking|66/100
|
|t:|1760338982
|switch|p1a: Zapdos|Zapdos-Galar|100/100|[from] U-turn
|-damage|p1a: Zapdos|88/100|[from] Stealth Rock
|
|upkeep
|turn|7
|
|t:|1760338991
|switch|p2a: Great Tusk|Great Tusk|100/100
|move|p1a: Zapdos|Knock Off|p2a: Great Tusk
|-resisted|p2a: Great Tusk
|-damage|p2a: Great Tusk|86/100
|-enditem|p2a: Great Tusk|Heavy-Duty Boots|[from] move: Knock Off|[of] p1a: Zapdos
|
|upkeep
|turn|8
|
|t:|1760339004
|switch|p1a: Rillaboom|Rillaboom, F|100/100
|-damage|p1a: Rillaboom|88/100|[from] Stealth Rock
|-fieldstart|move: Grassy Terrain|[from] ability: Grassy Surge|[of] p1a: Rillaboom
|move|p2a: Great Tusk|Rapid Spin|p1a: Rillaboom
|-damage|p1a: Rillaboom|75/100
|-boost|p2a: Great Tusk|spe|1
|
|-heal|p2a: Great Tusk|92/100|[from] Grassy Terrain
|-heal|p1a: Rillaboom|81/100|[from] Grassy Terrain
|-heal|p1a: Rillaboom|87/100|[from] item: Leftovers
|upkeep
|turn|9
|
|t:|1760339030
|move|p1a: Rillaboom|Grassy Glide|p2a: Great Tusk
|-supereffective|p2a: Great Tusk
|-damage|p2a: Great Tusk|41/100
|move|p2a: Great Tusk|Ice Spinner|p1a: Rillaboom
|-supereffective|p1a: Rillaboom
|-damage|p1a: Rillaboom|43/100
|-fieldend|move: Grassy Terrain
|
|-heal|p1a: Rillaboom|49/100|[from] item: Leftovers
|upkeep
|turn|10
|
|t:|1760339041
|switch|p1a: Primarina|Primarina, F|100/100
|-damage|p1a: Primarina|88/100|[from] Stealth Rock
|move|p2a: Great Tusk|Close Combat|p1a: Primarina
|-resisted|p1a: Primarina
|-damage|p1a: Primarina|67/100
|-unboost|p2a: Great Tusk|def|1
|-unboost|p2a: Great Tusk|spd|1
|
|-heal|p1a: Primarina|73/100|[from] item: Leftovers
|upkeep
|turn|11
|
|t:|1760339045
|-end|p2a: Great Tusk|Protosynthesis|[silent]
|switch|p2a: Ogerpon|Ogerpon-Wellspring, F|100/100
|move|p1a: Primarina|Draining Kiss|p2a: Ogerpon
|-damage|p2a: Ogerpon|78/100
|-heal|p1a: Primarina|87/100|[from] drain|[of] p2a: Ogerpon
|
|-heal|p1a: Primarina|93/100|[from] item: Leftovers
|upkeep
|turn|12
|
|t:|1760339069
|-terastallize|p1a: Primarina|Steel
|move|p2a: Ogerpon|Spikes|p1a: Primarina
|-sidestart|p1: PrimeXStriker|Spikes
|move|p1a: Primarina|Calm Mind|p1a: Primarina
|-boost|p1a: Primarina|spa|1
|-boost|p1a: Primarina|spd|1
|
|-heal|p1a: Primarina|99/100|[from] item: Leftovers
|upkeep
|turn|13
|
|t:|1760339077
|move|p2a: Ogerpon|Ivy Cudgel|p1a: Primarina|[anim] Ivy Cudgel Water
|-damage|p1a: Primarina|52/100
|move|p1a: Primarina|Draining Kiss|p2a: Ogerpon
|-damage|p2a: Ogerpon|41/100
|-heal|p1a: Primarina|74/100|[from] drain|[of] p2a: Ogerpon
|
|-heal|p1a: Primarina|80/100|[from] item: Leftovers
|upkeep
|turn|14
|
|t:|1760339082
|move|p2a: Ogerpon|U-turn|p1a: Primarina
|-resisted|p1a: Primarina
|-damage|p1a: Primarina|69/100
|
|t:|1760339084
|switch|p2a: Slowking|Slowking-Galar, F|99/100|[from] U-turn
|move|p1a: Primarina|Draining Kiss|p2a: Slowking
|-resisted|p2a: Slowking
|-damage|p2a: Slowking|90/100
|-heal|p1a: Primarina|77/100|[from] drain|[of] p2a: Slowking
|
|-heal|p1a: Primarina|83/100|[from] item: Leftovers
|upkeep
|turn|15
|
|t:|1760339088
|move|p1a: Primarina|Substitute|p1a: Primarina
|-start|p1a: Primarina|Substitute
|-damage|p1a: Primarina|58/100
|move|p2a: Slowking|Future Sight|p1a: Primarina
|-start|p2a: Slowking|move: Future Sight
|
|-heal|p1a: Primarina|64/100|[from] item: Leftovers
|upkeep
|turn|16
|
|t:|1760339093
|move|p1a: Primarina|Calm Mind|p1a: Primarina
|-boost|p1a: Primarina|spa|1
|-boost|p1a: Primarina|spd|1
|-prepare|p2a: Slowking|Chilly Reception|[premajor]
|move|p2a: Slowking|Chilly Reception|p2a: Slowking
|-weather|Snowscape
|
|t:|1760339100
|switch|p2a: Ogerpon|Ogerpon-Wellspring, F|41/100|[from] Chilly Reception
|
|-weather|Snowscape|[upkeep]
|-heal|p1a: Primarina|70/100|[from] item: Leftovers
|upkeep
|turn|17
|
|t:|1760339103
|-terastallize|p2a: Ogerpon|Water
|detailschange|p2a: Ogerpon|Ogerpon-Wellspring-Tera, F, tera:Water
|-ability|p2a: Ogerpon|Embody Aspect (Wellspring)|boost
|-boost|p2a: Ogerpon|spd|1
|move|p2a: Ogerpon|Ivy Cudgel|p1a: Primarina|[anim] Ivy Cudgel Water
|-end|p1a: Primarina|Substitute
|move|p1a: Primarina|Draining Kiss|p2a: Ogerpon
|-damage|p2a: Ogerpon|10/100
|-heal|p1a: Primarina|89/100|[from] drain|[of] p2a: Ogerpon
|
|-weather|Snowscape|[upkeep]
|-end|p1a: Primarina|move: Future Sight
|-resisted|p1a: Primarina
|-damage|p1a: Primarina|79/100
|-heal|p1a: Primarina|85/100|[from] item: Leftovers
|upkeep
|turn|18
|
|t:|1760339111
|move|p2a: Ogerpon|Ivy Cudgel|p1a: Primarina|[anim] Ivy Cudgel Water
|-damage|p1a: Primarina|23/100
|move|p1a: Primarina|Draining Kiss|p2a: Ogerpon
|-damage|p2a: Ogerpon|0 fnt
|-heal|p1a: Primarina|30/100|[from] drain|[of] p2a: Ogerpon
|faint|p2a: Ogerpon
|detailschange|p2: Ogerpon|Ogerpon-Wellspring, F|[silent]
|
|-weather|Snowscape|[upkeep]
|-heal|p1a: Primarina|36/100|[from] item: Leftovers
|upkeep
|
|t:|1760339117
|switch|p2a: Hoopa|Hoopa-Unbound|100/100
|turn|19
|
|t:|1760339124
|move|p2a: Hoopa|Knock Off|p1a: Primarina
|-damage|p1a: Primarina|0 fnt
|-enditem|p1a: Primarina|Leftovers|[from] move: Knock Off|[of] p2a: Hoopa
|faint|p1a: Primarina
|
|-weather|Snowscape|[upkeep]
|upkeep
|
|t:|1760339126
|switch|p1a: Cinderace|Cinderace, F|100/100
|turn|20
|
|t:|1760339129
|switch|p2a: Garganacl|Garganacl, F|73/100
|move|p1a: Cinderace|Court Change|p1a: Cinderace
|-start|p1a: Cinderace|typechange|Normal|[from] ability: Libero
|-swapsideconditions
|-activate|p1a: Cinderace|move: Court Change
|
|-weather|none
|-heal|p2a: Garganacl|79/100|[from] item: Leftovers
|upkeep
|turn|21
|
|t:|1760339138
|move|p1a: Cinderace|U-turn|p2a: Garganacl
|-damage|p2a: Garganacl|63/100
|
|t:|1760339140
|switch|p1a: Zapdos|Zapdos-Galar|88/100|[from] U-turn
|move|p2a: Garganacl|Stealth Rock|p1a: Zapdos
|-sidestart|p1: PrimeXStriker|move: Stealth Rock
|
|-heal|p2a: Garganacl|69/100|[from] item: Leftovers
|upkeep
|turn|22
|
|t:|1760339146
|move|p2a: Garganacl|Protect|p2a: Garganacl
|-singleturn|p2a: Garganacl|Protect
|move|p1a: Zapdos|Knock Off|p2a: Garganacl
|-activate|p2a: Garganacl|move: Protect
|
|-heal|p2a: Garganacl|75/100|[from] item: Leftovers
|upkeep
|turn|23
|
|t:|1760339156
|switch|p1a: Rillaboom|Rillaboom, F|49/100
|-damage|p1a: Rillaboom|37/100|[from] Stealth Rock
|-fieldstart|move: Grassy Terrain|[from] ability: Grassy Surge|[of] p1a: Rillaboom
|move|p2a: Garganacl|Salt Cure|p1a: Rillaboom
|-damage|p1a: Rillaboom|23/100
|-start|p1a: Rillaboom|Salt Cure
|
|-heal|p1a: Rillaboom|29/100|[from] Grassy Terrain
|-heal|p1a: Rillaboom|35/100|[from] item: Leftovers
|-heal|p2a: Garganacl|82/100|[from] Grassy Terrain
|-heal|p2a: Garganacl|88/100|[from] item: Leftovers
|-damage|p1a: Rillaboom|23/100|[from] Salt Cure
|upkeep
|turn|24
|
|t:|1760339166
|switch|p1a: Zapdos|Zapdos-Galar|88/100
|-damage|p1a: Zapdos|76/100|[from] Stealth Rock
|move|p2a: Garganacl|Protect||[still]
|-fail|p2a: Garganacl
|
|-heal|p2a: Garganacl|94/100|[from] Grassy Terrain
|-heal|p2a: Garganacl|99/100|[from] item: Leftovers
|upkeep
|turn|25
|
|t:|1760339171
|move|p2a: Garganacl|Protect|p2a: Garganacl
|-singleturn|p2a: Garganacl|Protect
|move|p1a: Zapdos|Close Combat|p2a: Garganacl
|-activate|p2a: Garganacl|move: Protect
|
|-heal|p2a: Garganacl|100/100|[from] Grassy Terrain
|upkeep
|turn|26
|
|t:|1760339177
|switch|p2a: Slowking|Slowking-Galar, F|100/100
|-damage|p2a: Slowking|88/100|[from] Stealth Rock
|-damage|p2a: Slowking|76/100|[from] Spikes
|move|p1a: Zapdos|Close Combat|p2a: Slowking
|-resisted|p2a: Slowking
|-damage|p2a: Slowking|51/100
|-unboost|p1a: Zapdos|def|1
|-unboost|p1a: Zapdos|spd|1
|
|-heal|p2a: Slowking|57/100|[from] Grassy Terrain
|upkeep
|turn|27
|
|t:|1760339181
|move|p1a: Zapdos|Close Combat|p2a: Slowking
|-resisted|p2a: Slowking
|-damage|p2a: Slowking|34/100
|-unboost|p1a: Zapdos|def|1
|-unboost|p1a: Zapdos|spd|1
|-prepare|p2a: Slowking|Chilly Reception|[premajor]
|move|p2a: Slowking|Chilly Reception|p2a: Slowking
|-weather|Snowscape
|
|t:|1760339184
|switch|p2a: Dragonite|Dragonite, F|100/100|[from] Chilly Reception
|
|-weather|Snowscape|[upkeep]
|-fieldend|move: Grassy Terrain
|upkeep
|turn|28
|
|t:|1760339190
|switch|p1a: Ting-Lu|Ting-Lu|76/100
|-damage|p1a: Ting-Lu|69/100|[from] Stealth Rock
|-ability|p1a: Ting-Lu|Vessel of Ruin
|move|p2a: Dragonite|Dragon Dance|p2a: Dragonite
|-boost|p2a: Dragonite|atk|1
|-boost|p2a: Dragonite|spe|1
|
|-weather|Snowscape|[upkeep]
|-heal|p1a: Ting-Lu|76/100|[from] item: Leftovers
|upkeep
|turn|29
|
|t:|1760339196
|move|p2a: Dragonite|Earthquake|p1a: Ting-Lu
|-damage|p1a: Ting-Lu|45/100
|move|p1a: Ting-Lu|Whirlwind|p2a: Dragonite
|drag|p2a: Hoopa|Hoopa-Unbound|100/100
|-damage|p2a: Hoopa|88/100|[from] Stealth Rock
|-damage|p2a: Hoopa|76/100|[from] Spikes
|
|-weather|Snowscape|[upkeep]
|-heal|p2a: Hoopa|82/100|[from] item: Leftovers
|-heal|p1a: Ting-Lu|51/100|[from] item: Leftovers
|upkeep
|turn|30
|
|t:|1760339214
|switch|p1a: Cinderace|Cinderace, F|100/100
|move|p2a: Hoopa|Substitute|p2a: Hoopa
|-start|p2a: Hoopa|Substitute
|-damage|p2a: Hoopa|57/100
|
|-weather|Snowscape|[upkeep]
|-heal|p2a: Hoopa|63/100|[from] item: Leftovers
|upkeep
|turn|31
|
|t:|1760339221
|move|p1a: Cinderace|U-turn|p2a: Hoopa
|-start|p1a: Cinderace|typechange|Bug|[from] ability: Libero
|-supereffective|p2a: Hoopa
|-end|p2a: Hoopa|Substitute
|
|t:|1760339223
|switch|p1a: Ting-Lu|Ting-Lu|51/100|[from] U-turn
|-damage|p1a: Ting-Lu|45/100|[from] Stealth Rock
|-ability|p1a: Ting-Lu|Vessel of Ruin
|move|p2a: Hoopa|Knock Off|p1a: Ting-Lu
|-resisted|p1a: Ting-Lu
|-damage|p1a: Ting-Lu|27/100
|-enditem|p1a: Ting-Lu|Leftovers|[from] move: Knock Off|[of] p2a: Hoopa
|
|-weather|none
|-heal|p2a: Hoopa|69/100|[from] item: Leftovers
|upkeep
|turn|32
|
|t:|1760339228
|move|p2a: Hoopa|Drain Punch|p1a: Ting-Lu
|-supereffective|p1a: Ting-Lu
|-damage|p1a: Ting-Lu|0 fnt
|-heal|p2a: Hoopa|91/100|[from] drain|[of] p1a: Ting-Lu
|faint|p1a: Ting-Lu
|
|-heal|p2a: Hoopa|97/100|[from] item: Leftovers
|upkeep
|
|t:|1760339234
|switch|p1a: Zapdos|Zapdos-Galar|76/100
|-damage|p1a: Zapdos|63/100|[from] Stealth Rock
|turn|33
|
|t:|1760339238
|switch|p2a: Garganacl|Garganacl, F|100/100
|-damage|p2a: Garganacl|88/100|[from] Stealth Rock
|-damage|p2a: Garganacl|76/100|[from] Spikes
|move|p1a: Zapdos|Knock Off|p2a: Garganacl
|-damage|p2a: Garganacl|44/100
|-enditem|p2a: Garganacl|Leftovers|[from] move: Knock Off|[of] p1a: Zapdos
|
|upkeep
|turn|34
|
|t:|1760339244
|switch|p1a: Rillaboom|Rillaboom, F|23/100
|-damage|p1a: Rillaboom|10/100|[from] Stealth Rock
|-fieldstart|move: Grassy Terrain|[from] ability: Grassy Surge|[of] p1a: Rillaboom
|move|p2a: Garganacl|Recover|p2a: Garganacl
|-heal|p2a: Garganacl|94/100
|
|-heal|p1a: Rillaboom|16/100|[from] Grassy Terrain
|-heal|p1a: Rillaboom|22/100|[from] item: Leftovers
|-heal|p2a: Garganacl|100/100|[from] Grassy Terrain
|upkeep
|turn|35
|
|t:|1760339248
|move|p2a: Garganacl|Protect|p2a: Garganacl
|-singleturn|p2a: Garganacl|Protect
|move|p1a: Rillaboom|Grassy Glide|p2a: Garganacl
|-activate|p2a: Garganacl|move: Protect
|
|-heal|p1a: Rillaboom|29/100|[from] Grassy Terrain
|-heal|p1a: Rillaboom|35/100|[from] item: Leftovers
|upkeep
|turn|36
|
|t:|1760339261
|switch|p2a: Slowking|Slowking-Galar, F|67/100
|-damage|p2a: Slowking|55/100|[from] Stealth Rock
|-damage|p2a: Slowking|42/100|[from] Spikes
|move|p1a: Rillaboom|Grassy Glide|p2a: Slowking
|-resisted|p2a: Slowking
|-damage|p2a: Slowking|21/100
|
|-heal|p1a: Rillaboom|41/100|[from] Grassy Terrain
|-heal|p1a: Rillaboom|47/100|[from] item: Leftovers
|-heal|p2a: Slowking|27/100|[from] Grassy Terrain
|upkeep
|turn|37
|
|t:|1760339264
|move|p1a: Rillaboom|Knock Off|p2a: Slowking
|-supereffective|p2a: Slowking
|-damage|p2a: Slowking|0 fnt
|-enditem|p2a: Slowking|Shuca Berry|[from] move: Knock Off|[of] p1a: Rillaboom
|faint|p2a: Slowking
|
|-heal|p1a: Rillaboom|53/100|[from] Grassy Terrain
|-heal|p1a: Rillaboom|59/100|[from] item: Leftovers
|upkeep
|
|t:|1760339266
|switch|p2a: Dragonite|Dragonite, F|100/100
|turn|38
|
|t:|1760339268
|move|p2a: Dragonite|Dragon Dance|p2a: Dragonite
|-boost|p2a: Dragonite|atk|1
|-boost|p2a: Dragonite|spe|1
|move|p1a: Rillaboom|U-turn|p2a: Dragonite
|-resisted|p2a: Dragonite
|-damage|p2a: Dragonite|93/100
|
|t:|1760339281
|switch|p1a: Zapdos|Zapdos-Galar|63/100|[from] U-turn
|-damage|p1a: Zapdos|51/100|[from] Stealth Rock
|
|-fieldend|move: Grassy Terrain
|upkeep
|turn|39
|
|t:|1760339286
|move|p2a: Dragonite|Extreme Speed|p1a: Zapdos
|-damage|p1a: Zapdos|0 fnt
|faint|p1a: Zapdos
|
|upkeep
|
|t:|1760339294
|switch|p1a: Iron Jugulis|Iron Jugulis|100/100
|-damage|p1a: Iron Jugulis|76/100|[from] Stealth Rock
|turn|40
|
|t:|1760339300
|move|p1a: Iron Jugulis|Dark Pulse|p2a: Dragonite
|-damage|p2a: Dragonite|48/100
|move|p2a: Dragonite|Dragon Dance|p2a: Dragonite
|-boost|p2a: Dragonite|atk|1
|-boost|p2a: Dragonite|spe|1
|
|upkeep
|turn|41
|
|t:|1760339306
|move|p2a: Dragonite|Roost|p2a: Dragonite
|-heal|p2a: Dragonite|98/100
|-singleturn|p2a: Dragonite|move: Roost
|move|p1a: Iron Jugulis|Dark Pulse|p2a: Dragonite
|-damage|p2a: Dragonite|55/100
|
|upkeep
|turn|42
|-message|PrimeXStriker forfeited.
|
|win|drunk asgore
|raw|PrimeXStriker's rating: 1447 &rarr; <strong>1426</strong><br />(-21 for losing)
|raw|drunk asgore's rating: 1430 &rarr; <strong>1451</strong><br />(+21 for winning)
|l|☆PrimeXStriker
|player|p1|
|c|☆drunk asgore|gg
|l|☆drunk asgore
|player|p2|
