|j|☆luca1996
|j|☆rillaMane
|t:|1760461154
|gametype|singles
|player|p1|luca1996|boarder|1346
|player|p2|rillaMane|170|1424
|gen|9
|tier|[Gen 9] OU
|rated|
|rule|HP Percentage Mod: HP is shown in percentages
|rule|Endless Battle Clause: Forcing endless battles is banned
|rule|Species Clause: Limit one of each Pokémon
|rule|OHKO Clause: OHKO moves are banned
|rule|Evasion Items Clause: Evasion items are banned
|rule|Evasion Moves Clause: Evasion moves are banned
|rule|Evasion Abilities Clause: Evasion abilities are banned
|rule|Sleep Moves Clause: Sleep-inducing moves are banned
|clearpoke
|poke|p1|Goodra, M|
|poke|p1|Snorlax, M|
|poke|p1|Primarina, F|
|poke|p1|Cinderace, M|
|poke|p1|Primeape, M|
|poke|p1|Iron Jugulis|
|poke|p2|Zamazenta-*|
|poke|p2|Ninetales-Alola, F|
|poke|p2|Darkrai|
|poke|p2|Ceruledge, F|
|poke|p2|Gliscor, M|
|poke|p2|Hatterene, F|
|teampreview
|inactive|Battle timer is ON: inactive players will automatically lose when time's up. (requested by rillaMane)
|
|t:|1760461184
|teamsize|p1|6
|teamsize|p2|6
|start
|switch|p1a: Iron Jugulis|Iron Jugulis|100/100
|switch|p2a: Darkrai|Darkrai|100/100
|turn|1
|
|t:|1760461195
|move|p2a: Darkrai|Nasty Plot|p2a: Darkrai
|-boost|p2a: Darkrai|spa|2
|move|p1a: Iron Jugulis|Tailwind|p1a: Iron Jugulis
|-sidestart|p1: luca1996|move: Tailwind
|
|upkeep
|turn|2
|
|t:|1760461202
|move|p1a: Iron Jugulis|Meteor Beam||[still]
|-prepare|p1a: Iron Jugulis|Meteor Beam
|-boost|p1a: Iron Jugulis|spa|1
|-enditem|p1a: Iron Jugulis|Power Herb
|-anim|p1a: Iron Jugulis|Meteor Beam|p2a: Darkrai
|-damage|p2a: Darkrai|20/100
|move|p2a: Darkrai|Sludge Bomb|p1a: Iron Jugulis
|-damage|p1a: Iron Jugulis|18/100
|
|-heal|p2a: Darkrai|26/100|[from] item: Leftovers
|upkeep
|turn|3
|
|t:|1760461227
|move|p1a: Iron Jugulis|Dark Pulse|p2a: Darkrai
|-resisted|p2a: Darkrai
|-damage|p2a: Darkrai|0 fnt
|faint|p2a: Darkrai
|
|upkeep
|
|t:|1760461233
|switch|p2a: Ninetales|Ninetales-Alola, F|100/100
|-weather|Snowscape|[from] ability: Snow Warning|[of] p2a: Ninetales
|turn|4
|
|t:|1760461236
|move|p1a: Iron Jugulis|Air Slash|p2a: Ninetales
|-damage|p2a: Ninetales|42/100
|move|p2a: Ninetales|Aurora Veil|p2a: Ninetales
|-sidestart|p2: rillaMane|move: Aurora Veil
|
|-weather|Snowscape|[upkeep]
|-sideend|p1: luca1996|move: Tailwind
|upkeep
|turn|5
|
|t:|1760461242
|move|p2a: Ninetales|Freeze-Dry|p1a: Iron Jugulis
|-supereffective|p1a: Iron Jugulis
|-damage|p1a: Iron Jugulis|0 fnt
|faint|p1a: Iron Jugulis
|-end|p1a: Iron Jugulis|Quark Drive|[silent]
|
|-weather|Snowscape|[upkeep]
|upkeep
|
|t:|1760461250
|switch|p1a: Snorlax|Snorlax, M|100/100
|turn|6
|
|t:|1760461255
|move|p2a: Ninetales|Freeze-Dry|p1a: Snorlax
|-damage|p1a: Snorlax|89/100
|move|p1a: Snorlax|Heat Crash|p2a: Ninetales
|-supereffective|p2a: Ninetales
|-damage|p2a: Ninetales|8/100
|
|-weather|Snowscape|[upkeep]
|-heal|p1a: Snorlax|95/100|[from] item: Leftovers
|upkeep
|turn|7
|
|t:|1760461263
|switch|p2a: Ceruledge|Ceruledge, F|100/100
|-item|p2a: Ceruledge|Air Balloon
|move|p1a: Snorlax|Body Slam|p2a: Ceruledge
|-immune|p2a: Ceruledge
|
|-weather|Snowscape|[upkeep]
|-heal|p1a: Snorlax|100/100|[from] item: Leftovers
|upkeep
|turn|8
|
|t:|1760461272
|switch|p1a: Goodra|Goodra, M|100/100
|move|p2a: Ceruledge|Bulk Up|p2a: Ceruledge
|-boost|p2a: Ceruledge|atk|1
|-boost|p2a: Ceruledge|def|1
|
|-weather|none
|upkeep
|turn|9
|
|t:|1760461278
|move|p2a: Ceruledge|Bulk Up|p2a: Ceruledge
|-boost|p2a: Ceruledge|atk|1
|-boost|p2a: Ceruledge|def|1
|move|p1a: Goodra|Dragon Pulse|p2a: Ceruledge
|-crit|p2a: Ceruledge
|-damage|p2a: Ceruledge|50/100
|-enditem|p2a: Ceruledge|Air Balloon
|
|upkeep
|turn|10
|
|t:|1760461284
|move|p2a: Ceruledge|Bitter Blade|p1a: Goodra
|-resisted|p1a: Goodra
|-damage|p1a: Goodra|55/100
|-heal|p2a: Ceruledge|75/100|[from] drain|[of] p1a: Goodra
|-ability|p1a: Goodra|Gooey
|-unboost|p2a: Ceruledge|spe|1
|move|p1a: Goodra|Dragon Pulse|p2a: Ceruledge
|-damage|p2a: Ceruledge|57/100
|
|upkeep
|turn|11
|
|t:|1760461293
|move|p1a: Goodra|Dragon Pulse|p2a: Ceruledge
|-damage|p2a: Ceruledge|39/100
|move|p2a: Ceruledge|Bitter Blade|p1a: Goodra
|-resisted|p1a: Goodra
|-damage|p1a: Goodra|11/100
|-heal|p2a: Ceruledge|63/100|[from] drain|[of] p1a: Goodra
|-ability|p1a: Goodra|Gooey
|-unboost|p2a: Ceruledge|spe|1
|
|-sideend|p2: rillaMane|move: Aurora Veil
|upkeep
|turn|12
|
|t:|1760461303
|move|p2a: Ceruledge|Shadow Sneak|p1a: Goodra
|-damage|p1a: Goodra|0 fnt
|-ability|p1a: Goodra|Gooey
|-unboost|p2a: Ceruledge|spe|1
|faint|p1a: Goodra
|
|upkeep
|
|t:|1760461305
|switch|p1a: Primarina|Primarina, F|100/100
|turn|13
|
|t:|1760461312
|-terastallize|p2a: Ceruledge|Grass
|move|p1a: Primarina|Surf|p2a: Ceruledge
|-resisted|p2a: Ceruledge
|-damage|p2a: Ceruledge|43/100
|move|p2a: Ceruledge|Tera Blast|p1a: Primarina|[anim] Tera Blast Grass
|-supereffective|p1a: Primarina
|-damage|p1a: Primarina|0 fnt
|faint|p1a: Primarina
|
|upkeep
|
|t:|1760461322
|switch|p1a: Cinderace|Cinderace, M|100/100
|turn|14
|
|t:|1760461325
|move|p1a: Cinderace|High Jump Kick|p2a: Ceruledge
|-start|p1a: Cinderace|typechange|Fighting|[from] ability: Libero
|-damage|p2a: Ceruledge|0 fnt
|faint|p2a: Ceruledge
|-damage|p1a: Cinderace|91/100|[from] item: Life Orb
|
|upkeep
|
|t:|1760461341
|switch|p2a: Hatterene|Hatterene, F|100/100
|turn|15
|
|t:|1760461349
|switch|p1a: Snorlax|Snorlax, M|100/100
|move|p2a: Hatterene|Psyshock|p1a: Snorlax
|-damage|p1a: Snorlax|69/100
|
|-heal|p1a: Snorlax|75/100|[from] item: Leftovers
|upkeep
|turn|16
|
|t:|1760461355
|move|p2a: Hatterene|Calm Mind|p2a: Hatterene
|-boost|p2a: Hatterene|spa|1
|-boost|p2a: Hatterene|spd|1
|move|p1a: Snorlax|Body Slam|p2a: Hatterene
|-damage|p2a: Hatterene|61/100
|
|-heal|p2a: Hatterene|67/100|[from] item: Leftovers
|-heal|p1a: Snorlax|81/100|[from] item: Leftovers
|upkeep
|turn|17
|
|t:|1760461363
|move|p2a: Hatterene|Psyshock|p1a: Snorlax
|-damage|p1a: Snorlax|32/100
|move|p1a: Snorlax|Body Slam|p2a: Hatterene
|-damage|p2a: Hatterene|31/100
|
|-heal|p2a: Hatterene|37/100|[from] item: Leftovers
|-heal|p1a: Snorlax|38/100|[from] item: Leftovers
|upkeep
|turn|18
|
|t:|1760461370
|move|p2a: Hatterene|Psyshock|p1a: Snorlax
|-damage|p1a: Snorlax|0 fnt
|faint|p1a: Snorlax
|
|-heal|p2a: Hatterene|43/100|[from] item: Leftovers
|upkeep
|
|t:|1760461372
|switch|p1a: Cinderace|Cinderace, M|91/100
|turn|19
|
|t:|1760461378
|move|p1a: Cinderace|Pyro Ball|p2a: Hatterene
|-damage|p2a: Hatterene|0 fnt
|faint|p2a: Hatterene
|-damage|p1a: Cinderace|81/100|[from] item: Life Orb
|
|upkeep
|
|t:|1760461391
|switch|p2a: Zamazenta|Zamazenta|100/100
|-ability|p2a: Zamazenta|Dauntless Shield|boost
|-boost|p2a: Zamazenta|def|1
|turn|20
|
|t:|1760461402
|switch|p1a: Primeape|Primeape, M|100/100
|move|p2a: Zamazenta|Iron Defense|p2a: Zamazenta
|-boost|p2a: Zamazenta|def|2
|
|upkeep
|turn|21
|
|t:|1760461408
|-terastallize|p1a: Primeape|Ghost
|move|p2a: Zamazenta|Body Press|p1a: Primeape
|-immune|p1a: Primeape
|move|p1a: Primeape|Bulk Up|p1a: Primeape
|-boost|p1a: Primeape|atk|1
|-boost|p1a: Primeape|def|1
|
|upkeep
|turn|22
|
|t:|1760461417
|switch|p2a: Ninetales|Ninetales-Alola, F|8/100
|-weather|Snowscape|[from] ability: Snow Warning|[of] p2a: Ninetales
|move|p1a: Primeape|Drain Punch|p2a: Ninetales
|-damage|p2a: Ninetales|0 fnt
|faint|p2a: Ninetales
|
|-weather|Snowscape|[upkeep]
|upkeep
|
|t:|1760461428
|switch|p2a: Gliscor|Gliscor, M|100/100
|turn|23
|
|t:|1760461437
|move|p2a: Gliscor|Swords Dance|p2a: Gliscor
|-boost|p2a: Gliscor|atk|2
|move|p1a: Primeape|Taunt|p2a: Gliscor
|-start|p2a: Gliscor|move: Taunt
|
|-weather|Snowscape|[upkeep]
|-status|p2a: Gliscor|tox|[from] item: Toxic Orb
|upkeep
|turn|24
|
|t:|1760461443
|move|p2a: Gliscor|Earthquake|p1a: Primeape
|-damage|p1a: Primeape|56/100
|move|p1a: Primeape|Rage Fist|p2a: Gliscor
|-damage|p2a: Gliscor|52/100 tox
|
|-weather|Snowscape|[upkeep]
|-heal|p2a: Gliscor|64/100 tox|[from] ability: Poison Heal
|upkeep
|turn|25
|
|t:|1760461457
|move|p2a: Gliscor|Earthquake|p1a: Primeape
|-damage|p1a: Primeape|12/100
|move|p1a: Primeape|Rage Fist|p2a: Gliscor
|-damage|p2a: Gliscor|2/100 tox
|
|-weather|Snowscape|[upkeep]
|-heal|p2a: Gliscor|14/100 tox|[from] ability: Poison Heal
|upkeep
|turn|26
|
|t:|1760461480
|move|p2a: Gliscor|Earthquake|p1a: Primeape
|-damage|p1a: Primeape|0 fnt
|faint|p1a: Primeape
|
|-weather|none
|-heal|p2a: Gliscor|27/100 tox|[from] ability: Poison Heal
|-end|p2a: Gliscor|move: Taunt
|upkeep
|
|t:|1760461482
|switch|p1a: Cinderace|Cinderace, M|81/100
|turn|27
|
|t:|1760461486
|move|p1a: Cinderace|Pyro Ball|p2a: Gliscor
|-damage|p2a: Gliscor|0 fnt
|faint|p2a: Gliscor
|-damage|p1a: Cinderace|71/100|[from] item: Life Orb
|
|upkeep
|
|t:|1760461489
|switch|p2a: Zamazenta|Zamazenta|100/100
|turn|28
|-message|luca1996 forfeited.
|
|win|rillaMane
|raw|luca1996's rating: 1346 &rarr; <strong>1330</strong><br />(-16 for losing)
|raw|rillaMane's rating: 1424 &rarr; <strong>1440</strong><br />(+16 for winning)
|l|☆luca1996
|player|p1|
|l|☆rillaMane
|player|p2|
