|j|☆kemious
|j|☆Megumin's Husband
|t:|1760304956
|gametype|singles
|player|p1|kemious|2|1545
|player|p2|Megumin's Husband|alder|1562
|gen|9
|tier|[Gen 9] OU
|rated|
|rule|HP Percentage Mod: HP is shown in percentages
|rule|Endless Battle Clause: Forcing endless battles is banned
|rule|Species Clause: Limit one of each Pokémon
|rule|OHKO Clause: OHKO moves are banned
|rule|Evasion Items Clause: Evasion items are banned
|rule|Evasion Moves Clause: Evasion moves are banned
|rule|Evasion Abilities Clause: Evasion abilities are banned
|rule|Sleep Moves Clause: Sleep-inducing moves are banned
|clearpoke
|poke|p1|Chesnaught, M|
|poke|p1|Gastrodon, F|
|poke|p1|Kilowattrel, F|
|poke|p1|Glimmora, F|
|poke|p1|Ceruledge, M|
|poke|p1|Goodra-Hisui, F|
|poke|p2|Pecharunt|
|poke|p2|Primarina, F|
|poke|p2|Heatran, M|
|poke|p2|Great Tusk|
|poke|p2|Weavile, F|
|poke|p2|Ogerpon, F|
|teampreview
|
|t:|1760304978
|teamsize|p1|6
|teamsize|p2|6
|start
|switch|p1a: Kilowattrel|Kilowattrel, F, shiny|100/100
|switch|p2a: Chomusuke|Weavile, F|100/100
|-ability|p2a: Chomusuke|Pressure
|turn|1
|
|t:|1760305000
|move|p1a: Kilowattrel|Volt Switch|p2a: Chomusuke
|-damage|p2a: Chomusuke|55/100
|
|t:|1760305003
|switch|p1a: Glimmora|Glimmora, F|100/100|[from] Volt Switch
|move|p2a: Chomusuke|Triple Axel|p1a: Glimmora
|-damage|p1a: Glimmora|90/100
|-activate|p1a: Glimmora|ability: Toxic Debris
|-sidestart|p2: Megumin's Husband|move: Toxic Spikes
|-damage|p1a: Glimmora|68/100
|-activate|p1a: Glimmora|ability: Toxic Debris
|-sidestart|p2: Megumin's Husband|move: Toxic Spikes
|-damage|p1a: Glimmora|36/100
|-hitcount|p1a: Glimmora|3
|-enditem|p1a: Glimmora|Red Card|[of] p2a: Chomusuke
|drag|p2a: Yamawaro|Ogerpon, F|100/100
|-status|p2a: Yamawaro|tox
|
|-damage|p2a: Yamawaro|95/100 tox|[from] psn
|upkeep
|turn|2
|
|t:|1760305019
|move|p2a: Yamawaro|Ivy Cudgel|p1a: Glimmora
|-crit|p1a: Glimmora
|-damage|p1a: Glimmora|0 fnt
|faint|p1a: Glimmora
|
|-damage|p2a: Yamawaro|83/100 tox|[from] psn
|upkeep
|
|t:|1760305023
|switch|p1a: Kilowattrel|Kilowattrel, F, shiny|100/100
|turn|3
|
|t:|1760305027
|switch|p2a: Pecharunt|Pecharunt|100/100
|-sideend|p2: Megumin's Husband|move: Toxic Spikes|[of] p2a: Pecharunt
|move|p1a: Kilowattrel|Air Slash|p2a: Pecharunt
|-damage|p2a: Pecharunt|67/100
|
|upkeep
|turn|4
|
|t:|1760305036
|move|p1a: Kilowattrel|Thunder Wave|p2a: Pecharunt
|-status|p2a: Pecharunt|par
|move|p2a: Pecharunt|Recover|p2a: Pecharunt
|-heal|p2a: Pecharunt|100/100 par
|
|upkeep
|turn|5
|
|t:|1760305041
|move|p1a: Kilowattrel|Air Slash|p2a: Pecharunt
|-damage|p2a: Pecharunt|69/100 par
|move|p2a: Pecharunt|Parting Shot|p1a: Kilowattrel
|-unboost|p1a: Kilowattrel|atk|1
|-unboost|p1a: Kilowattrel|spa|1
|
|t:|1760305048
|switch|p2a: Heatran|Heatran, M, shiny|100/100|[from] Parting Shot
|-item|p2a: Heatran|Air Balloon
|
|upkeep
|turn|6
|
|t:|1760305052
|move|p1a: Kilowattrel|Volt Switch|p2a: Heatran
|-damage|p2a: Heatran|86/100
|-enditem|p2a: Heatran|Air Balloon
|
|t:|1760305056
|switch|p1a: Gastrodon|Gastrodon, F|100/100|[from] Volt Switch
|move|p2a: Heatran|Stealth Rock|p1a: Gastrodon
|-sidestart|p1: kemious|move: Stealth Rock
|
|upkeep
|turn|7
|
|t:|1760305124
|switch|p2a: Pecharunt|Pecharunt|69/100 par
|move|p1a: Gastrodon|Spikes|p2a: Pecharunt
|-sidestart|p2: Megumin's Husband|Spikes
|
|upkeep
|turn|8
|
|t:|1760305132
|switch|p1a: Goodra|Goodra-Hisui, F|100/100
|-damage|p1a: Goodra|95/100|[from] Stealth Rock
|move|p2a: Pecharunt|Parting Shot|p1a: Goodra
|-unboost|p1a: Goodra|atk|1
|-unboost|p1a: Goodra|spa|1
|
|t:|1760305185
|switch|p2a: Great Tusk|Great Tusk|100/100|[from] Parting Shot
|
|upkeep
|turn|9
|
|t:|1760305191
|move|p2a: Great Tusk|Headlong Rush|p1a: Goodra
|-supereffective|p1a: Goodra
|-damage|p1a: Goodra|0 fnt
|-unboost|p2a: Great Tusk|def|1
|-unboost|p2a: Great Tusk|spd|1
|faint|p1a: Goodra
|
|upkeep
|
|t:|1760305194
|switch|p1a: Kilowattrel|Kilowattrel, F, shiny|100/100
|turn|10
|
|t:|1760305202
|-end|p2a: Great Tusk|Protosynthesis|[silent]
|switch|p2a: Heatran|Heatran, M, shiny|86/100
|-damage|p2a: Heatran|74/100|[from] Spikes
|move|p1a: Kilowattrel|Air Slash|p2a: Heatran
|-resisted|p2a: Heatran
|-damage|p2a: Heatran|64/100
|
|upkeep
|turn|11
|
|t:|1760305219
|move|p1a: Kilowattrel|Volt Switch|p2a: Heatran
|-damage|p2a: Heatran|46/100
|
|t:|1760305227
|switch|p1a: Gastrodon|Gastrodon, F|100/100|[from] Volt Switch
|-damage|p1a: Gastrodon|94/100|[from] Stealth Rock
|move|p2a: Heatran|Lava Plume|p1a: Gastrodon
|-resisted|p1a: Gastrodon
|-damage|p1a: Gastrodon|82/100
|-status|p1a: Gastrodon|brn
|
|-heal|p1a: Gastrodon|88/100 brn|[from] item: Leftovers
|-damage|p1a: Gastrodon|82/100 brn|[from] brn
|upkeep
|turn|12
|
|t:|1760305234
|switch|p2a: Great Tusk|Great Tusk|100/100
|move|p1a: Gastrodon|Ice Beam|p2a: Great Tusk
|-supereffective|p2a: Great Tusk
|-damage|p2a: Great Tusk|32/100
|
|-heal|p1a: Gastrodon|88/100 brn|[from] item: Leftovers
|-damage|p1a: Gastrodon|82/100 brn|[from] brn
|upkeep
|turn|13
|
|t:|1760305244
|move|p2a: Great Tusk|Rapid Spin|p1a: Gastrodon
|-damage|p1a: Gastrodon|62/100 brn
|-boost|p2a: Great Tusk|spe|1
|-sideend|p2: Megumin's Husband|Spikes|[from] move: Rapid Spin|[of] p2a: Great Tusk
|move|p1a: Gastrodon|Surf|p2a: Great Tusk
|-supereffective|p2a: Great Tusk
|-damage|p2a: Great Tusk|0 fnt
|faint|p2a: Great Tusk
|-end|p2a: Great Tusk|Protosynthesis|[silent]
|
|-heal|p1a: Gastrodon|68/100 brn|[from] item: Leftovers
|-damage|p1a: Gastrodon|62/100 brn|[from] brn
|upkeep
|
|t:|1760305250
|switch|p2a: Chomusuke|Weavile, F|55/100
|-ability|p2a: Chomusuke|Pressure
|turn|14
|
|t:|1760305263
|move|p2a: Chomusuke|Triple Axel|p1a: Gastrodon
|-damage|p1a: Gastrodon|46/100 brn
|-hitcount|p1a: Gastrodon|1
|move|p1a: Gastrodon|Earth Power|p2a: Chomusuke
|-damage|p2a: Chomusuke|10/100
|
|-heal|p1a: Gastrodon|52/100 brn|[from] item: Leftovers
|-damage|p1a: Gastrodon|46/100 brn|[from] brn
|upkeep
|turn|15
|
|t:|1760305273
|switch|p1a: Ceruledge|Ceruledge, M|100/100
|move|p2a: Chomusuke|Triple Axel|p1a: Ceruledge
|-resisted|p1a: Ceruledge
|-damage|p1a: Ceruledge|93/100
|-hitcount|p1a: Ceruledge|1
|
|upkeep
|turn|16
|
|t:|1760305278
|-terastallize|p2a: Chomusuke|Ice
|move|p1a: Ceruledge|Shadow Sneak|p2a: Chomusuke
|-damage|p2a: Chomusuke|0 fnt
|faint|p2a: Chomusuke
|
|upkeep
|-message|Megumin's Husband forfeited.
|
|win|kemious
|raw|kemious's rating: 1545 &rarr; <strong>1566</strong><br />(+21 for winning)
|raw|Megumin&apos;s Husband's rating: 1562 &rarr; <strong>1541</strong><br />(-21 for losing)
|l|☆Megumin's Husband
|player|p2|
|l|☆kemious
|player|p1|
