|j|☆Noobula
|j|☆BigPnkPig
|t:|1760439731
|gametype|singles
|player|p1|Noobula|2|1149
|player|p2|BigPnkPig|266|1128
|gen|9
|tier|[Gen 9] OU
|rated|
|rule|HP Percentage Mod: HP is shown in percentages
|rule|Endless Battle Clause: Forcing endless battles is banned
|rule|Species Clause: Limit one of each Pokémon
|rule|OHKO Clause: OHKO moves are banned
|rule|Evasion Items Clause: Evasion items are banned
|rule|Evasion Moves Clause: Evasion moves are banned
|rule|Evasion Abilities Clause: Evasion abilities are banned
|rule|Sleep Moves Clause: Sleep-inducing moves are banned
|clearpoke
|poke|p1|Ogerpon-Wellspring, F|
|poke|p1|Weezing-Galar, M|
|poke|p1|Grimmsnarl, M|
|poke|p1|Hydrapple, M|
|poke|p1|Tornadus-Therian, M|
|poke|p1|Slowking-Galar, M|
|poke|p2|Glimmora, F|
|poke|p2|Alomomola, F|
|poke|p2|Ting-Lu|
|poke|p2|Gholdengo|
|poke|p2|Kingambit, F|
|poke|p2|Cyclizar, M|
|teampreview
|
|t:|1760439761
|teamsize|p1|6
|teamsize|p2|6
|start
|switch|p1a: Tornadus|Tornadus-Therian, M, shiny|100/100
|switch|p2a: Ting-Lu|Ting-Lu|100/100
|-ability|p2a: Ting-Lu|Vessel of Ruin
|turn|1
|
|t:|1760439765
|move|p1a: Tornadus|Knock Off|p2a: Ting-Lu
|-resisted|p2a: Ting-Lu
|-crit|p2a: Ting-Lu
|-damage|p2a: Ting-Lu|92/100
|-enditem|p2a: Ting-Lu|Leftovers|[from] move: Knock Off|[of] p1a: Tornadus
|move|p2a: Ting-Lu|Spikes|p1a: Tornadus
|-sidestart|p1: Noobula|Spikes
|
|upkeep
|turn|2
|
|t:|1760439773
|move|p1a: Tornadus|Icy Wind|p2a: Ting-Lu
|-supereffective|p2a: Ting-Lu
|-damage|p2a: Ting-Lu|81/100
|-unboost|p2a: Ting-Lu|spe|1
|move|p2a: Ting-Lu|Spikes|p1a: Tornadus
|-sidestart|p1: Noobula|Spikes
|
|upkeep
|turn|3
|
|t:|1760439784
|move|p1a: Tornadus|Bleakwind Storm|p2a: Ting-Lu
|-damage|p2a: Ting-Lu|64/100
|move|p2a: Ting-Lu|Spikes|p1a: Tornadus
|-sidestart|p1: Noobula|Spikes
|
|upkeep
|turn|4
|
|t:|1760439792
|move|p1a: Tornadus|Bleakwind Storm|p2a: Ting-Lu
|-damage|p2a: Ting-Lu|49/100
|move|p2a: Ting-Lu|Whirlwind|p1a: Tornadus
|drag|p1a: Weezing|Weezing-Galar, M|100/100
|-ability|p1a: Weezing|Neutralizing Gas
|-damage|p1a: Weezing|76/100|[from] Spikes
|
|upkeep
|turn|5
|
|t:|1760439823
|move|p1a: Weezing|Will-O-Wisp|p2a: Ting-Lu
|-status|p2a: Ting-Lu|brn
|move|p2a: Ting-Lu|Whirlwind|p1a: Weezing
|-end|p1a: Weezing|ability: Neutralizing Gas
|-ability|p2a: Ting-Lu|Vessel of Ruin
|drag|p1a: Ogerpon|Ogerpon-Wellspring, F|100/100
|-damage|p1a: Ogerpon|76/100|[from] Spikes
|
|-damage|p2a: Ting-Lu|43/100 brn|[from] brn
|upkeep
|turn|6
|
|t:|1760439840
|switch|p2a: Alomomola|Alomomola, F|100/100
|move|p1a: Ogerpon|Ivy Cudgel|p2a: Alomomola|[anim] Ivy Cudgel Water
|-resisted|p2a: Alomomola
|-damage|p2a: Alomomola|84/100
|
|upkeep
|turn|7
|
|t:|1760439858
|switch|p2a: Cyclizar|Cyclizar, M|100/100
|move|p1a: Ogerpon|U-turn|p2a: Cyclizar
|-damage|p2a: Cyclizar|49/100
|
|t:|1760439867
|switch|p1a: Weezing|Weezing-Galar, M|76/100|[from] U-turn
|-ability|p1a: Weezing|Neutralizing Gas
|-damage|p1a: Weezing|51/100|[from] Spikes
|
|upkeep
|turn|8
|
|t:|1760439889
|move|p2a: Cyclizar|U-turn|p1a: Weezing
|-resisted|p1a: Weezing
|-damage|p1a: Weezing|48/100
|-damage|p2a: Cyclizar|33/100|[from] item: Rocky Helmet|[of] p1a: Weezing
|
|t:|1760439894
|switch|p2a: Ting-Lu|Ting-Lu|43/100 brn|[from] U-turn
|move|p1a: Weezing|Defog|p2a: Ting-Lu
|-unboost|p2a: Ting-Lu|evasion|1
|-sideend|p1: Noobula|Spikes|[from] move: Defog|[of] p1a: Weezing
|
|-damage|p2a: Ting-Lu|37/100 brn|[from] brn
|upkeep
|turn|9
|
|t:|1760439904
|move|p1a: Weezing|Strange Steam|p2a: Ting-Lu
|-supereffective|p2a: Ting-Lu
|-damage|p2a: Ting-Lu|6/100 brn
|move|p2a: Ting-Lu|Earthquake|p1a: Weezing
|-supereffective|p1a: Weezing
|-damage|p1a: Weezing|24/100
|
|-damage|p2a: Ting-Lu|0 fnt|[from] brn
|faint|p2a: Ting-Lu
|upkeep
|
|t:|1760439916
|switch|p2a: Gholdengo|Gholdengo|100/100
|-item|p2a: Gholdengo|Air Balloon
|turn|10
|
|t:|1760439927
|-end|p1a: Weezing|ability: Neutralizing Gas
|switch|p1a: Hydrapple|Hydrapple, M, shiny|100/100
|move|p2a: Gholdengo|Nasty Plot|p2a: Gholdengo
|-boost|p2a: Gholdengo|spa|2
|
|upkeep
|turn|11
|
|t:|1760439941
|move|p2a: Gholdengo|Shadow Ball|p1a: Hydrapple
|-damage|p1a: Hydrapple|34/100
|move|p1a: Hydrapple|Giga Drain|p2a: Gholdengo
|-resisted|p2a: Gholdengo
|-damage|p2a: Gholdengo|81/100
|-heal|p1a: Hydrapple|43/100|[from] drain|[of] p2a: Gholdengo
|-enditem|p2a: Gholdengo|Air Balloon
|
|upkeep
|turn|12
|
|t:|1760439949
|switch|p1a: Tornadus|Tornadus-Therian, M, shiny|100/100
|move|p2a: Gholdengo|Shadow Ball|p1a: Tornadus
|-damage|p1a: Tornadus|40/100
|
|upkeep
|turn|13
|
|t:|1760439961
|move|p1a: Tornadus|U-turn|p2a: Gholdengo
|-resisted|p2a: Gholdengo
|-damage|p2a: Gholdengo|78/100
|
|t:|1760439966
|switch|p1a: Grimmsnarl|Grimmsnarl, M|100/100|[from] U-turn
|move|p2a: Gholdengo|Recover|p2a: Gholdengo
|-heal|p2a: Gholdengo|100/100
|
|upkeep
|turn|14
|
|t:|1760439982
|move|p1a: Grimmsnarl|Sucker Punch|p2a: Gholdengo
|-supereffective|p2a: Gholdengo
|-damage|p2a: Gholdengo|34/100
|move|p2a: Gholdengo|Make It Rain|p1a: Grimmsnarl
|-supereffective|p1a: Grimmsnarl
|-damage|p1a: Grimmsnarl|0 fnt
|-unboost|p2a: Gholdengo|spa|1
|faint|p1a: Grimmsnarl
|
|upkeep
|
|t:|1760439987
|switch|p1a: Ogerpon|Ogerpon-Wellspring, F|76/100
|turn|15
|
|t:|1760439995
|switch|p2a: Alomomola|Alomomola, F|100/100
|move|p1a: Ogerpon|U-turn|p2a: Alomomola
|-damage|p2a: Alomomola|85/100
|
|t:|1760439999
|switch|p1a: Weezing|Weezing-Galar, M|24/100|[from] U-turn
|-ability|p1a: Weezing|Neutralizing Gas
|
|upkeep
|turn|16
|
|t:|1760440005
|move|p1a: Weezing|Pain Split|p2a: Alomomola
|-sethp|p2a: Alomomola|50/100|[from] move: Pain Split|[silent]
|-sethp|p1a: Weezing|80/100|[from] move: Pain Split
|move|p2a: Alomomola|Flip Turn|p1a: Weezing
|-damage|p1a: Weezing|68/100
|-damage|p2a: Alomomola|33/100|[from] item: Rocky Helmet|[of] p1a: Weezing
|
|t:|1760440017
|switch|p2a: Cyclizar|Cyclizar, M|33/100|[from] Flip Turn
|
|upkeep
|turn|17
|
|t:|1760440021
|move|p2a: Cyclizar|Knock Off|p1a: Weezing
|-resisted|p1a: Weezing
|-damage|p1a: Weezing|59/100
|-damage|p2a: Cyclizar|16/100|[from] item: Rocky Helmet|[of] p1a: Weezing
|-enditem|p1a: Weezing|Rocky Helmet|[from] move: Knock Off|[of] p2a: Cyclizar
|move|p1a: Weezing|Strange Steam|p2a: Cyclizar
|-supereffective|p2a: Cyclizar
|-damage|p2a: Cyclizar|0 fnt
|faint|p2a: Cyclizar
|
|upkeep
|
|t:|1760440027
|switch|p2a: Gholdengo|Gholdengo|34/100
|turn|18
|
|t:|1760440038
|-end|p1a: Weezing|ability: Neutralizing Gas
|switch|p1a: Ogerpon|Ogerpon-Wellspring, F|76/100
|move|p2a: Gholdengo|Recover|p2a: Gholdengo
|-heal|p2a: Gholdengo|84/100
|
|upkeep
|turn|19
|
|t:|1760440046
|switch|p2a: Alomomola|Alomomola, F|33/100
|move|p1a: Ogerpon|Ivy Cudgel|p2a: Alomomola|[anim] Ivy Cudgel Water
|-resisted|p2a: Alomomola
|-damage|p2a: Alomomola|16/100
|
|upkeep
|turn|20
|
|t:|1760440054
|switch|p2a: Glimmora|Glimmora, F|100/100
|move|p1a: Ogerpon|Play Rough|p2a: Glimmora
|-resisted|p2a: Glimmora
|-damage|p2a: Glimmora|78/100
|-activate|p2a: Glimmora|ability: Toxic Debris
|-sidestart|p1: Noobula|move: Toxic Spikes
|
|upkeep
|turn|21
|
|t:|1760440069
|switch|p2a: Alomomola|Alomomola, F|49/100
|move|p1a: Ogerpon|Ivy Cudgel|p2a: Alomomola|[anim] Ivy Cudgel Water
|-resisted|p2a: Alomomola
|-damage|p2a: Alomomola|33/100
|
|upkeep
|turn|22
|
|t:|1760440080
|switch|p1a: Weezing|Weezing-Galar, M|59/100
|-ability|p1a: Weezing|Neutralizing Gas
|-sideend|p1: Noobula|move: Toxic Spikes|[of] p1a: Weezing
|switch|p2a: Glimmora|Glimmora, F|78/100
|
|upkeep
|turn|23
|
|t:|1760440090
|-end|p1a: Weezing|ability: Neutralizing Gas
|switch|p1a: Slowking|Slowking-Galar, M|100/100
|move|p2a: Glimmora|Earth Power|p1a: Slowking
|-supereffective|p1a: Slowking
|-damage|p1a: Slowking|53/100
|
|upkeep
|turn|24
|
|t:|1760440098
|move|p2a: Glimmora|Stealth Rock|p1a: Slowking
|-sidestart|p1: Noobula|move: Stealth Rock
|move|p1a: Slowking|Thunder Wave|p2a: Glimmora|[miss]
|-miss|p1a: Slowking|p2a: Glimmora
|
|upkeep
|turn|25
|
|t:|1760440118
|move|p2a: Glimmora|Earth Power|p1a: Slowking
|-supereffective|p1a: Slowking
|-damage|p1a: Slowking|11/100
|move|p1a: Slowking|Future Sight|p2a: Glimmora
|-start|p1a: Slowking|move: Future Sight
|
|upkeep
|turn|26
|
|t:|1760440142
|switch|p2a: Kingambit|Kingambit, F|100/100
|-activate|p2a: Kingambit|ability: Supreme Overlord
|-start|p2a: Kingambit|fallen2|[silent]
|move|p1a: Slowking|Thunder Wave|p2a: Kingambit
|-status|p2a: Kingambit|par
|
|upkeep
|turn|27
|
|t:|1760440153
|-prepare|p1a: Slowking|Chilly Reception|[premajor]
|move|p1a: Slowking|Chilly Reception|p1a: Slowking
|-weather|Snowscape
|
|t:|1760440162
|switch|p1a: Weezing|Weezing-Galar, M|59/100|[from] Chilly Reception
|-ability|p1a: Weezing|Neutralizing Gas
|-damage|p1a: Weezing|46/100|[from] Stealth Rock
|move|p2a: Kingambit|Kowtow Cleave|p1a: Weezing
|-resisted|p1a: Weezing
|-damage|p1a: Weezing|27/100
|
|-weather|Snowscape|[upkeep]
|-end|p2a: Kingambit|move: Future Sight
|-immune|p2a: Kingambit
|upkeep
|turn|28
|
|t:|1760440173
|move|p1a: Weezing|Pain Split|p2a: Kingambit
|-sethp|p2a: Kingambit|62/100 par|[from] move: Pain Split|[silent]
|-sethp|p1a: Weezing|74/100|[from] move: Pain Split
|cant|p2a: Kingambit|par
|
|-weather|Snowscape|[upkeep]
|upkeep
|turn|29
|
|t:|1760440179
|move|p1a: Weezing|Defog|p2a: Kingambit
|-unboost|p2a: Kingambit|evasion|1
|-sideend|p1: Noobula|Stealth Rock|[from] move: Defog|[of] p1a: Weezing
|move|p2a: Kingambit|Iron Head|p1a: Weezing
|-supereffective|p1a: Weezing
|-damage|p1a: Weezing|15/100
|
|-weather|Snowscape|[upkeep]
|upkeep
|turn|30
|
|t:|1760440202
|move|p1a: Weezing|Strange Steam|p2a: Kingambit
|-damage|p2a: Kingambit|37/100 par
|-start|p2a: Kingambit|confusion
|-activate|p2a: Kingambit|confusion
|move|p2a: Kingambit|Kowtow Cleave|p1a: Weezing
|-resisted|p1a: Weezing
|-damage|p1a: Weezing|0 fnt
|faint|p1a: Weezing
|-end|p1a: Weezing|ability: Neutralizing Gas
|-activate|p2a: Kingambit|ability: Supreme Overlord
|-start|p2a: Kingambit|fallen2|[silent]
|
|-weather|Snowscape|[upkeep]
|upkeep
|
|t:|1760440223
|switch|p1a: Hydrapple|Hydrapple, M, shiny|77/100
|turn|31
|
|t:|1760440237
|-end|p2a: Kingambit|fallen2|[silent]
|switch|p2a: Glimmora|Glimmora, F|78/100
|move|p1a: Hydrapple|Earth Power|p2a: Glimmora
|-supereffective|p2a: Glimmora
|-damage|p2a: Glimmora|0 fnt
|faint|p2a: Glimmora
|
|-weather|none
|upkeep
|
|t:|1760440243
|switch|p2a: Alomomola|Alomomola, F|33/100
|turn|32
|
|t:|1760440256
|move|p1a: Hydrapple|Fickle Beam|p2a: Alomomola|[anim] Fickle Beam All Out
|-activate|p1a: Hydrapple|move: Fickle Beam
|-damage|p2a: Alomomola|0 fnt
|faint|p2a: Alomomola
|
|upkeep
|
|t:|1760440268
|switch|p2a: Kingambit|Kingambit, F|37/100 par
|-activate|p2a: Kingambit|ability: Supreme Overlord
|-start|p2a: Kingambit|fallen4|[silent]
|turn|33
|
|t:|1760440282
|cant|p2a: Kingambit|par
|move|p1a: Hydrapple|Fickle Beam|p2a: Kingambit|[anim] Fickle Beam All Out
|-activate|p1a: Hydrapple|move: Fickle Beam
|-resisted|p2a: Kingambit
|-damage|p2a: Kingambit|0 fnt
|faint|p2a: Kingambit
|-end|p2a: Kingambit|fallen4|[silent]
|
|upkeep
|
|t:|1760440286
|switch|p2a: Gholdengo|Gholdengo|84/100
|turn|34
|
|t:|1760440299
|move|p2a: Gholdengo|Recover|p2a: Gholdengo
|-heal|p2a: Gholdengo|100/100
|move|p1a: Hydrapple|Earth Power|p2a: Gholdengo
|-supereffective|p2a: Gholdengo
|-damage|p2a: Gholdengo|36/100
|
|upkeep
|turn|35
|
|t:|1760440304
|move|p2a: Gholdengo|Make It Rain|p1a: Hydrapple
|-damage|p1a: Hydrapple|32/100
|-unboost|p2a: Gholdengo|spa|1
|move|p1a: Hydrapple|Giga Drain|p2a: Gholdengo
|-resisted|p2a: Gholdengo
|-crit|p2a: Gholdengo
|-damage|p2a: Gholdengo|5/100
|-heal|p1a: Hydrapple|46/100|[from] drain|[of] p2a: Gholdengo
|
|upkeep
|turn|36
|
|t:|1760440312
|move|p1a: Hydrapple|Sucker Punch||[still]
|-fail|p1a: Hydrapple
|move|p2a: Gholdengo|Recover|p2a: Gholdengo
|-heal|p2a: Gholdengo|55/100
|
|upkeep
|turn|37
|
|t:|1760440336
|move|p2a: Gholdengo|Make It Rain|p1a: Hydrapple
|-damage|p1a: Hydrapple|14/100
|-unboost|p2a: Gholdengo|spa|1
|move|p1a: Hydrapple|Earth Power|p2a: Gholdengo
|-supereffective|p2a: Gholdengo
|-damage|p2a: Gholdengo|0 fnt
|faint|p2a: Gholdengo
|
|win|Noobula
|raw|Noobula's rating: 1149 &rarr; <strong>1172</strong><br />(+23 for winning)
|raw|BigPnkPig's rating: 1128 &rarr; <strong>1105</strong><br />(-23 for losing)
