|j|☆forest hashira
|j|☆Andrewtre
|t:|1760414296
|gametype|singles
|player|p1|forest hashira|pokemonranger-gen4|1217
|player|p2|Andrewtre|psychic|1174
|gen|9
|tier|[Gen 9] OU
|rated|
|rule|HP Percentage Mod: HP is shown in percentages
|rule|Endless Battle Clause: Forcing endless battles is banned
|rule|Species Clause: Limit one of each Pokémon
|rule|OHKO Clause: OHKO moves are banned
|rule|Evasion Items Clause: Evasion items are banned
|rule|Evasion Moves Clause: Evasion moves are banned
|rule|Evasion Abilities Clause: Evasion abilities are banned
|rule|Sleep Moves Clause: Sleep-inducing moves are banned
|clearpoke
|poke|p1|Meowscarada, M|
|poke|p1|Vileplume, M|
|poke|p1|Ogerpon-Cornerstone, F|
|poke|p1|Whimsicott, F|
|poke|p1|Zarude|
|poke|p1|Arboliva, M|
|poke|p2|Gyarados, M|
|poke|p2|Corviknight, M|
|poke|p2|Dragonite, F|
|poke|p2|Gliscor, M|
|poke|p2|Delibird, F|
|poke|p2|Mandibuzz, F|
|teampreview
|inactive|Battle timer is ON: inactive players will automatically lose when time's up. (requested by Andrewtre)
|
|t:|1760414313
|teamsize|p1|6
|teamsize|p2|6
|start
|switch|p1a: Ogerpon|Ogerpon-Cornerstone, F|100/100
|switch|p2a: Delibird|Delibird, F|100/100
|turn|1
|
|t:|1760414324
|move|p1a: Ogerpon|Ivy Cudgel|p2a: Delibird|[anim] Ivy Cudgel Rock
|-supereffective|p2a: Delibird
|-enditem|p2a: Delibird|Focus Sash
|-damage|p2a: Delibird|1/100
|move|p2a: Delibird|Spikes|p1a: Ogerpon
|-sidestart|p1: forest hashira|Spikes
|
|upkeep
|turn|2
|
|t:|1760414334
|move|p1a: Ogerpon|Ivy Cudgel|p2a: Delibird|[anim] Ivy Cudgel Rock
|-supereffective|p2a: Delibird
|-damage|p2a: Delibird|0 fnt
|faint|p2a: Delibird
|
|upkeep
|
|t:|1760414344
|switch|p2a: Gliscor|Gliscor, M|100/100
|turn|3
|
|t:|1760414349
|move|p2a: Gliscor|Protect|p2a: Gliscor
|-singleturn|p2a: Gliscor|Protect
|move|p1a: Ogerpon|Taunt|p2a: Gliscor
|-activate|p2a: Gliscor|move: Protect
|
|-status|p2a: Gliscor|tox|[from] item: Toxic Orb
|upkeep
|turn|4
|
|t:|1760414361
|move|p1a: Ogerpon|Ivy Cudgel|p2a: Gliscor|[anim] Ivy Cudgel Rock
|-crit|p2a: Gliscor
|-damage|p2a: Gliscor|31/100 tox
|move|p2a: Gliscor|Toxic|p1a: Ogerpon
|-status|p1a: Ogerpon|tox
|
|-damage|p1a: Ogerpon|95/100 tox|[from] psn
|-heal|p2a: Gliscor|43/100 tox|[from] ability: Poison Heal
|upkeep
|turn|5
|
|t:|1760414372
|move|p2a: Gliscor|Protect|p2a: Gliscor
|-singleturn|p2a: Gliscor|Protect
|move|p1a: Ogerpon|Spikes|p2a: Gliscor
|-sidestart|p2: Andrewtre|Spikes
|
|-damage|p1a: Ogerpon|83/100 tox|[from] psn
|-heal|p2a: Gliscor|56/100 tox|[from] ability: Poison Heal
|upkeep
|turn|6
|
|t:|1760414387
|move|p1a: Ogerpon|Ivy Cudgel|p2a: Gliscor|[anim] Ivy Cudgel Rock
|-damage|p2a: Gliscor|14/100 tox
|move|p2a: Gliscor|Stealth Rock|p1a: Ogerpon
|-sidestart|p1: forest hashira|move: Stealth Rock
|
|-damage|p1a: Ogerpon|65/100 tox|[from] psn
|-heal|p2a: Gliscor|26/100 tox|[from] ability: Poison Heal
|upkeep
|turn|7
|
|t:|1760414400
|move|p1a: Ogerpon|Spikes|p2a: Gliscor
|-sidestart|p2: Andrewtre|Spikes
|move|p2a: Gliscor|Knock Off|p1a: Ogerpon
|-damage|p1a: Ogerpon|46/100 tox
|
|-damage|p1a: Ogerpon|22/100 tox|[from] psn
|-heal|p2a: Gliscor|39/100 tox|[from] ability: Poison Heal
|upkeep
|turn|8
|
|t:|1760414412
|move|p2a: Gliscor|Protect|p2a: Gliscor
|-singleturn|p2a: Gliscor|Protect
|move|p1a: Ogerpon|Horn Leech|p2a: Gliscor
|-activate|p2a: Gliscor|move: Protect
|
|-damage|p1a: Ogerpon|0 fnt|[from] psn
|faint|p1a: Ogerpon
|-heal|p2a: Gliscor|51/100 tox|[from] ability: Poison Heal
|upkeep
|
|t:|1760414427
|switch|p1a: Meowscarada|Meowscarada, M, shiny|100/100
|-damage|p1a: Meowscarada|88/100|[from] Spikes
|-damage|p1a: Meowscarada|76/100|[from] Stealth Rock
|turn|9
|
|t:|1760414434
|move|p1a: Meowscarada|U-turn|p2a: Gliscor
|-start|p1a: Meowscarada|typechange|Bug|[from] ability: Protean
|-resisted|p2a: Gliscor
|-damage|p2a: Gliscor|39/100 tox
|inactive|forest hashira has 120 seconds left.
|
|t:|1760414450
|switch|p1a: Zarude|Zarude|100/100|[from] U-turn
|-damage|p1a: Zarude|88/100|[from] Spikes
|-damage|p1a: Zarude|76/100|[from] Stealth Rock
|move|p2a: Gliscor|Toxic|p1a: Zarude
|-status|p1a: Zarude|tox
|
|-damage|p1a: Zarude|70/100 tox|[from] psn
|-heal|p2a: Gliscor|52/100 tox|[from] ability: Poison Heal
|upkeep
|turn|10
|inactive|forest hashira has 120 seconds left.
|
|t:|1760414464
|move|p2a: Gliscor|Protect|p2a: Gliscor
|-singleturn|p2a: Gliscor|Protect
|move|p1a: Zarude|Swords Dance|p1a: Zarude
|-boost|p1a: Zarude|atk|2
|
|-damage|p1a: Zarude|58/100 tox|[from] psn
|-heal|p2a: Gliscor|64/100 tox|[from] ability: Poison Heal
|upkeep
|turn|11
|
|t:|1760414473
|move|p1a: Zarude|Jungle Healing|p1a: Zarude
|-heal|p1a: Zarude|83/100 tox
|-curestatus|p1a: Zarude|tox|[msg]
|move|p2a: Gliscor|Knock Off|p1a: Zarude
|-resisted|p1a: Zarude
|-damage|p1a: Zarude|74/100
|-enditem|p1a: Zarude|Black Glasses|[from] move: Knock Off|[of] p2a: Gliscor
|
|-heal|p2a: Gliscor|77/100 tox|[from] ability: Poison Heal
|upkeep
|turn|12
|
|t:|1760414487
|move|p2a: Gliscor|Protect|p2a: Gliscor
|-singleturn|p2a: Gliscor|Protect
|move|p1a: Zarude|Swords Dance|p1a: Zarude
|-boost|p1a: Zarude|atk|2
|
|-heal|p2a: Gliscor|89/100 tox|[from] ability: Poison Heal
|upkeep
|turn|13
|
|t:|1760414495
|move|p1a: Zarude|Crunch|p2a: Gliscor
|-damage|p2a: Gliscor|4/100 tox
|-unboost|p2a: Gliscor|def|1
|move|p2a: Gliscor|Toxic|p1a: Zarude
|-status|p1a: Zarude|tox
|
|-damage|p1a: Zarude|68/100 tox|[from] psn
|-heal|p2a: Gliscor|17/100 tox|[from] ability: Poison Heal
|upkeep
|turn|14
|
|t:|1760414506
|move|p1a: Zarude|Jungle Healing|p1a: Zarude
|-heal|p1a: Zarude|93/100 tox
|-curestatus|p1a: Zarude|tox|[msg]
|move|p2a: Gliscor|Toxic|p1a: Zarude
|-status|p1a: Zarude|tox
|
|-damage|p1a: Zarude|87/100 tox|[from] psn
|-heal|p2a: Gliscor|29/100 tox|[from] ability: Poison Heal
|upkeep
|turn|15
|
|t:|1760414520
|move|p2a: Gliscor|Protect|p2a: Gliscor
|-singleturn|p2a: Gliscor|Protect
|move|p1a: Zarude|Jungle Healing|p1a: Zarude
|-heal|p1a: Zarude|100/100 tox
|-curestatus|p1a: Zarude|tox|[msg]
|
|-heal|p2a: Gliscor|42/100 tox|[from] ability: Poison Heal
|upkeep
|turn|16
|
|t:|1760414530
|move|p2a: Gliscor|Protect|p2a: Gliscor
|-singleturn|p2a: Gliscor|Protect
|move|p1a: Zarude|Crunch|p2a: Gliscor
|-activate|p2a: Gliscor|move: Protect
|
|-heal|p2a: Gliscor|54/100 tox|[from] ability: Poison Heal
|upkeep
|turn|17
|
|t:|1760414538
|move|p1a: Zarude|Crunch|p2a: Gliscor
|-damage|p2a: Gliscor|0 fnt
|faint|p2a: Gliscor
|
|upkeep
|
|t:|1760414547
|switch|p2a: Mandibuzz|Mandibuzz, F|100/100
|turn|18
|
|t:|1760414568
|move|p1a: Zarude|Crunch|p2a: Mandibuzz
|-resisted|p2a: Mandibuzz
|-damage|p2a: Mandibuzz|65/100
|-unboost|p2a: Mandibuzz|def|1
|move|p2a: Mandibuzz|Foul Play|p1a: Zarude
|-resisted|p1a: Zarude
|-damage|p1a: Zarude|37/100
|
|upkeep
|turn|19
|
|t:|1760414584
|move|p1a: Zarude|Drain Punch|p2a: Mandibuzz
|-damage|p2a: Mandibuzz|7/100
|-heal|p1a: Zarude|73/100|[from] drain|[of] p2a: Mandibuzz
|move|p2a: Mandibuzz|Foul Play|p1a: Zarude
|-resisted|p1a: Zarude
|-damage|p1a: Zarude|5/100
|
|upkeep
|turn|20
|
|t:|1760414595
|move|p1a: Zarude|Drain Punch|p2a: Mandibuzz
|-damage|p2a: Mandibuzz|0 fnt
|-heal|p1a: Zarude|9/100|[from] drain|[of] p2a: Mandibuzz
|faint|p2a: Mandibuzz
|
|upkeep
|
|t:|1760414604
|switch|p2a: Gyarados|Gyarados, M|100/100
|turn|21
|
|t:|1760414616
|move|p1a: Zarude|Crunch|p2a: Gyarados
|-damage|p2a: Gyarados|0 fnt
|faint|p2a: Gyarados
|
|upkeep
|
|t:|1760414620
|switch|p2a: Dragonite|Dragonite, F, shiny|100/100
|turn|22
|
|t:|1760414629
|move|p1a: Zarude|Crunch|p2a: Dragonite
|-crit|p2a: Dragonite
|-damage|p2a: Dragonite|6/100
|move|p2a: Dragonite|Ice Spinner|p1a: Zarude
|-supereffective|p1a: Zarude
|-damage|p1a: Zarude|0 fnt
|faint|p1a: Zarude
|
|upkeep
|
|t:|1760414637
|switch|p1a: Meowscarada|Meowscarada, M, shiny|76/100
|-damage|p1a: Meowscarada|64/100|[from] Spikes
|-damage|p1a: Meowscarada|51/100|[from] Stealth Rock
|turn|23
|
|t:|1760414647
|move|p2a: Dragonite|Extreme Speed|p1a: Meowscarada
|-damage|p1a: Meowscarada|0 fnt
|faint|p1a: Meowscarada
|
|upkeep
|
|t:|1760414655
|switch|p1a: Vileplume|Vileplume, M|100/100
|-damage|p1a: Vileplume|88/100|[from] Spikes
|-damage|p1a: Vileplume|76/100|[from] Stealth Rock
|turn|24
|
|t:|1760414665
|-terastallize|p1a: Vileplume|Water
|move|p2a: Dragonite|Ice Spinner|p1a: Vileplume
|-resisted|p1a: Vileplume
|-crit|p1a: Vileplume
|-damage|p1a: Vileplume|56/100
|-damage|p2a: Dragonite|0 fnt|[from] item: Rocky Helmet|[of] p1a: Vileplume
|faint|p2a: Dragonite
|move|p1a: Vileplume|Leech Seed|p2: Dragonite|[notarget]
|-fail|p1a: Vileplume
|
|upkeep
|
|t:|1760414675
|switch|p2a: Corviknight|Corviknight, M|100/100
|-ability|p2a: Corviknight|Pressure
|turn|25
|
|t:|1760414682
|move|p2a: Corviknight|Brave Bird|p1a: Vileplume
|-damage|p1a: Vileplume|26/100
|-damage|p2a: Corviknight|84/100|[from] item: Rocky Helmet|[of] p1a: Vileplume
|-status|p2a: Corviknight|slp|[from] ability: Effect Spore|[of] p1a: Vileplume
|-damage|p2a: Corviknight|75/100 slp|[from] Recoil
|move|p1a: Vileplume|Leech Seed|p2a: Corviknight
|-start|p2a: Corviknight|move: Leech Seed
|
|-damage|p2a: Corviknight|63/100 slp|[from] Leech Seed|[of] p1a: Vileplume
|-heal|p1a: Vileplume|40/100|[silent]
|upkeep
|turn|26
|
|t:|1760414698
|cant|p2a: Corviknight|slp
|move|p1a: Vileplume|Teeter Dance|p2a: Corviknight
|-start|p2a: Corviknight|confusion
|
|-damage|p2a: Corviknight|51/100 slp|[from] Leech Seed|[of] p1a: Vileplume
|-heal|p1a: Vileplume|54/100|[silent]
|upkeep
|turn|27
|
|t:|1760414705
|-curestatus|p2a: Corviknight|slp|[msg]
|-activate|p2a: Corviknight|confusion
|move|p2a: Corviknight|Roost|p2a: Corviknight
|-heal|p2a: Corviknight|100/100
|-singleturn|p2a: Corviknight|move: Roost
|move|p1a: Vileplume|Strength Sap|p2a: Corviknight
|-unboost|p2a: Corviknight|atk|1
|-heal|p1a: Vileplume|100/100
|
|-damage|p2a: Corviknight|88/100|[from] Leech Seed|[of] p1a: Vileplume
|upkeep
|turn|28
|-message|Andrewtre forfeited.
|
|win|forest hashira
|raw|forest hashira's rating: 1217 &rarr; <strong>1239</strong><br />(+22 for winning)
|raw|Andrewtre's rating: 1174 &rarr; <strong>1152</strong><br />(-22 for losing)
|l|☆Andrewtre
|player|p2|
|l|☆forest hashira
|player|p1|
