|j|☆buraneo
|j|☆trainerramos97
|t:|1760329925
|gametype|singles
|player|p1|buraneo|hoopster|1158
|player|p2|trainerramos97|265|1150
|gen|9
|tier|[Gen 9] OU
|rated|
|rule|HP Percentage Mod: HP is shown in percentages
|rule|Endless Battle Clause: Forcing endless battles is banned
|rule|Species Clause: Limit one of each Pokémon
|rule|OHKO Clause: OHKO moves are banned
|rule|Evasion Items Clause: Evasion items are banned
|rule|Evasion Moves Clause: Evasion moves are banned
|rule|Evasion Abilities Clause: Evasion abilities are banned
|rule|Sleep Moves Clause: Sleep-inducing moves are banned
|clearpoke
|poke|p1|Glimmora, F|
|poke|p1|Samurott-Hisui, M|
|poke|p1|Skarmory, F|
|poke|p1|Iron Moth|
|poke|p1|Garchomp, M|
|poke|p1|Hatterene, F|
|poke|p2|Charizard, F|
|poke|p2|Heatran, M|
|poke|p2|Great Tusk|
|poke|p2|Gholdengo|
|poke|p2|Ninetales, M|
|poke|p2|Pikachu, F|
|teampreview
|
|t:|1760329930
|teamsize|p1|6
|teamsize|p2|6
|start
|switch|p1a: Glimmora|Glimmora, F|100/100
|switch|p2a: Pikachu|Pikachu, F|100/100
|turn|1
|inactive|Battle timer is ON: inactive players will automatically lose when time's up. (requested by buraneo)
|
|t:|1760329940
|move|p2a: Pikachu|Nuzzle|p1a: Glimmora
|-damage|p1a: Glimmora|95/100
|-status|p1a: Glimmora|par
|-activate|p1a: Glimmora|ability: Toxic Debris
|-sidestart|p2: trainerramos97|move: Toxic Spikes
|move|p1a: Glimmora|Earth Power|p2a: Pikachu
|-supereffective|p2a: Pikachu
|-enditem|p2a: Pikachu|Focus Sash
|-damage|p2a: Pikachu|1/100
|
|upkeep
|turn|2
|
|t:|1760329951
|move|p2a: Pikachu|Encore|p1a: Glimmora
|-start|p1a: Glimmora|Encore
|move|p1a: Glimmora|Earth Power|p2a: Pikachu
|-supereffective|p2a: Pikachu
|-damage|p2a: Pikachu|0 fnt
|faint|p2a: Pikachu
|
|upkeep
|
|t:|1760329964
|switch|p2a: Charizard|Charizard, F|100/100
|turn|3
|
|t:|1760329967
|switch|p1a: Samurott|Samurott-Hisui, M|100/100
|move|p2a: Charizard|Dragon Dance|p2a: Charizard
|-boost|p2a: Charizard|atk|1
|-boost|p2a: Charizard|spe|1
|
|upkeep
|turn|4
|
|t:|1760329979
|move|p2a: Charizard|Earthquake|p1a: Samurott
|-damage|p1a: Samurott|34/100
|-damage|p2a: Charizard|91/100|[from] item: Life Orb
|move|p1a: Samurott|Aqua Cutter|p2a: Charizard
|-supereffective|p2a: Charizard
|-damage|p2a: Charizard|0 fnt
|faint|p2a: Charizard
|
|-heal|p1a: Samurott|40/100|[from] item: Leftovers
|upkeep
|
|t:|1760329984
|switch|p2a: Ninetales|Ninetales, M|100/100
|-status|p2a: Ninetales|psn
|-weather|SunnyDay|[from] ability: Drought|[of] p2a: Ninetales
|turn|5
|
|t:|1760329997
|move|p1a: Samurott|Aqua Jet|p2a: Ninetales
|-supereffective|p2a: Ninetales
|-damage|p2a: Ninetales|71/100 psn
|move|p2a: Ninetales|Weather Ball|p1a: Samurott
|-resisted|p1a: Samurott
|-crit|p1a: Samurott
|-damage|p1a: Samurott|0 fnt
|faint|p1a: Samurott
|
|-weather|SunnyDay|[upkeep]
|-damage|p2a: Ninetales|59/100 psn|[from] psn
|upkeep
|
|t:|1760330008
|switch|p1a: Garchomp|Garchomp, M|100/100
|turn|6
|
|t:|1760330013
|move|p1a: Garchomp|Earthquake|p2a: Ninetales
|-supereffective|p2a: Ninetales
|-damage|p2a: Ninetales|0 fnt
|faint|p2a: Ninetales
|
|-weather|SunnyDay|[upkeep]
|upkeep
|
|t:|1760330024
|switch|p2a: Gholdengo|Gholdengo|100/100
|-item|p2a: Gholdengo|Air Balloon
|turn|7
|
|t:|1760330030
|switch|p1a: Glimmora|Glimmora, F|95/100 par
|move|p2a: Gholdengo|Dazzling Gleam|p1a: Glimmora
|-resisted|p1a: Glimmora
|-damage|p1a: Glimmora|79/100 par
|
|-weather|SunnyDay|[upkeep]
|upkeep
|turn|8
|
|t:|1760330040
|move|p2a: Gholdengo|Make It Rain|p1a: Glimmora
|-supereffective|p1a: Glimmora
|-damage|p1a: Glimmora|0 fnt
|-unboost|p2a: Gholdengo|spa|1
|faint|p1a: Glimmora
|
|-weather|SunnyDay|[upkeep]
|upkeep
|
|t:|1760330048
|switch|p1a: Iron Moth|Iron Moth|100/100
|-enditem|p1a: Iron Moth|Booster Energy
|-activate|p1a: Iron Moth|ability: Quark Drive|[fromitem]
|-start|p1a: Iron Moth|quarkdrivespe
|turn|9
|
|t:|1760330055
|switch|p2a: Heatran|Heatran, M|100/100
|-item|p2a: Heatran|Air Balloon
|move|p1a: Iron Moth|Fiery Dance|p2a: Heatran
|-damage|p2a: Heatran|47/100
|-enditem|p2a: Heatran|Air Balloon
|
|-weather|SunnyDay|[upkeep]
|upkeep
|turn|10
|
|t:|1760330065
|-terastallize|p2a: Heatran|Fire
|move|p1a: Iron Moth|Fiery Dance|p2a: Heatran
|-resisted|p2a: Heatran
|-damage|p2a: Heatran|21/100
|-boost|p1a: Iron Moth|spa|1
|move|p2a: Heatran|Earth Power|p1a: Iron Moth
|-supereffective|p1a: Iron Moth
|-damage|p1a: Iron Moth|0 fnt
|faint|p1a: Iron Moth
|-end|p1a: Iron Moth|Quark Drive|[silent]
|
|-weather|SunnyDay|[upkeep]
|upkeep
|
|t:|1760330078
|switch|p1a: Garchomp|Garchomp, M|100/100
|turn|11
|
|t:|1760330087
|switch|p2a: Great Tusk|Great Tusk|100/100
|-activate|p2a: Great Tusk|ability: Protosynthesis
|-start|p2a: Great Tusk|protosynthesisatk
|move|p1a: Garchomp|Dragon Claw|p2a: Great Tusk
|-damage|p2a: Great Tusk|68/100
|
|-weather|SunnyDay|[upkeep]
|upkeep
|turn|12
|
|t:|1760330102
|switch|p1a: Skarmory|Skarmory, F|100/100
|move|p2a: Great Tusk|Ice Spinner|p1a: Skarmory
|-damage|p1a: Skarmory|66/100
|-damage|p2a: Great Tusk|52/100|[from] item: Rocky Helmet|[of] p1a: Skarmory
|-ability|p1a: Skarmory|Weak Armor|boost
|-unboost|p1a: Skarmory|def|1
|-boost|p1a: Skarmory|spe|2
|
|-weather|none
|-end|p2a: Great Tusk|Protosynthesis
|upkeep
|turn|13
|
|t:|1760330117
|-end|p2a: Great Tusk|Protosynthesis|[silent]
|switch|p2a: Heatran|Heatran, M, tera:Fire|21/100
|-status|p2a: Heatran|psn
|move|p1a: Skarmory|Brave Bird|p2a: Heatran
|-damage|p2a: Heatran|0 fnt
|faint|p2a: Heatran
|-damage|p1a: Skarmory|56/100|[from] Recoil
|
|upkeep
|
|t:|1760330123
|switch|p2a: Gholdengo|Gholdengo|100/100
|-item|p2a: Gholdengo|Air Balloon
|turn|14
|
|t:|1760330132
|move|p1a: Skarmory|Brave Bird|p2a: Gholdengo
|-resisted|p2a: Gholdengo
|-damage|p2a: Gholdengo|74/100
|-enditem|p2a: Gholdengo|Air Balloon
|-damage|p1a: Skarmory|46/100|[from] Recoil
|move|p2a: Gholdengo|Shadow Ball|p1a: Skarmory
|-damage|p1a: Skarmory|0 fnt
|faint|p1a: Skarmory
|
|upkeep
|
|t:|1760330146
|switch|p1a: Garchomp|Garchomp, M|100/100
|turn|15
|
|t:|1760330151
|move|p1a: Garchomp|Earthquake|p2a: Gholdengo
|-supereffective|p2a: Gholdengo
|-damage|p2a: Gholdengo|0 fnt
|faint|p2a: Gholdengo
|
|upkeep
|
|t:|1760330153
|switch|p2a: Great Tusk|Great Tusk|52/100
|turn|16
|
|t:|1760330159
|move|p1a: Garchomp|Earthquake|p2a: Great Tusk
|-damage|p2a: Great Tusk|7/100
|move|p2a: Great Tusk|Ice Spinner|p1a: Garchomp
|-supereffective|p1a: Garchomp
|-damage|p1a: Garchomp|0 fnt
|-damage|p2a: Great Tusk|0 fnt|[from] ability: Rough Skin|[of] p1a: Garchomp
|faint|p1a: Garchomp
|faint|p2a: Great Tusk
|-end|p2a: Great Tusk|Protosynthesis|[silent]
|
|win|buraneo
|raw|buraneo's rating: 1158 &rarr; <strong>1182</strong><br />(+24 for winning)
|raw|trainerramos97's rating: 1150 &rarr; <strong>1126</strong><br />(-24 for losing)
|l|☆trainerramos97
|player|p2|
|l|☆buraneo
|player|p1|
