|j|☆ser1an
|j|☆lildevious1337
|t:|1760404471
|gametype|singles
|player|p1|ser1an|169|1231
|player|p2|lildevious1337|ethan|1244
|gen|9
|tier|[Gen 9] OU
|rated|
|rule|HP Percentage Mod: HP is shown in percentages
|rule|Endless Battle Clause: Forcing endless battles is banned
|rule|Species Clause: Limit one of each Pokémon
|rule|OHKO Clause: OHKO moves are banned
|rule|Evasion Items Clause: Evasion items are banned
|rule|Evasion Moves Clause: Evasion moves are banned
|rule|Evasion Abilities Clause: Evasion abilities are banned
|rule|Sleep Moves Clause: Sleep-inducing moves are banned
|clearpoke
|poke|p1|Primarina, M|
|poke|p1|Iron Treads|
|poke|p1|Lokix, M|
|poke|p1|Kingdra, M|
|poke|p1|Pelipper, M|
|poke|p1|Toxicroak, M|
|poke|p2|Slowking-Galar, M|
|poke|p2|Enamorus, F|
|poke|p2|Moltres|
|poke|p2|Darkrai|
|poke|p2|Zapdos-Galar|
|poke|p2|Raging Bolt|
|teampreview
|
|t:|1760404494
|teamsize|p1|6
|teamsize|p2|6
|start
|switch|p1a: Lokix|Lokix, M, shiny|100/100
|switch|p2a: Darkrai|Darkrai, shiny|100/100
|turn|1
|
|t:|1760404504
|switch|p1a: Pelipper|Pelipper, M, shiny|100/100
|-weather|RainDance|[from] ability: Drizzle|[of] p1a: Pelipper
|-terastallize|p2a: Darkrai|Poison
|move|p2a: Darkrai|Sludge Bomb|p1a: Pelipper
|-damage|p1a: Pelipper|35/100
|
|-weather|RainDance|[upkeep]
|upkeep
|turn|2
|
|t:|1760404529
|switch|p2a: Moltres|Moltres, shiny|100/100
|switch|p1a: Iron Treads|Iron Treads, shiny|100/100
|
|-weather|RainDance|[upkeep]
|upkeep
|turn|3
|
|t:|1760404536
|move|p1a: Iron Treads|Stealth Rock|p2a: Moltres
|-sidestart|p2: lildevious1337|move: Stealth Rock
|move|p2a: Moltres|Flamethrower|p1a: Iron Treads
|-supereffective|p1a: Iron Treads
|-damage|p1a: Iron Treads|33/100
|-status|p1a: Iron Treads|brn
|
|-weather|RainDance|[upkeep]
|-damage|p1a: Iron Treads|27/100 brn|[from] brn
|upkeep
|turn|4
|
|t:|1760404549
|move|p1a: Iron Treads|Ice Spinner|p2a: Moltres
|-damage|p2a: Moltres|89/100
|-damage|p1a: Iron Treads|10/100 brn|[from] item: Rocky Helmet|[of] p2a: Moltres
|move|p2a: Moltres|Air Slash|p1a: Iron Treads
|-resisted|p1a: Iron Treads
|-damage|p1a: Iron Treads|0 fnt
|faint|p1a: Iron Treads
|-end|p1a: Iron Treads|Quark Drive|[silent]
|
|-weather|RainDance|[upkeep]
|upkeep
|
|t:|1760404552
|switch|p1a: Kingdra|Kingdra, M, shiny|100/100
|turn|5
|
|t:|1760404558
|switch|p2a: Raging Bolt|Raging Bolt|100/100
|-damage|p2a: Raging Bolt|88/100|[from] Stealth Rock
|-enditem|p2a: Raging Bolt|Booster Energy
|-activate|p2a: Raging Bolt|ability: Protosynthesis|[fromitem]
|-start|p2a: Raging Bolt|protosynthesisspa
|move|p1a: Kingdra|Weather Ball|p2a: Raging Bolt
|-resisted|p2a: Raging Bolt
|-damage|p2a: Raging Bolt|47/100
|
|-weather|RainDance|[upkeep]
|upkeep
|turn|6
|
|t:|1760404563
|move|p2a: Raging Bolt|Thunderclap|p1a: Kingdra
|-damage|p1a: Kingdra|34/100
|move|p1a: Kingdra|Weather Ball|p2a: Raging Bolt
|-resisted|p2a: Raging Bolt
|-damage|p2a: Raging Bolt|10/100
|
|-weather|RainDance|[upkeep]
|upkeep
|turn|7
|
|t:|1760404567
|-terastallize|p1a: Kingdra|Dragon
|move|p2a: Raging Bolt|Thunderclap|p1a: Kingdra
|-resisted|p1a: Kingdra
|-damage|p1a: Kingdra|1/100
|move|p1a: Kingdra|Weather Ball|p2a: Raging Bolt
|-resisted|p2a: Raging Bolt
|-damage|p2a: Raging Bolt|0 fnt
|faint|p2a: Raging Bolt
|-end|p2a: Raging Bolt|Protosynthesis|[silent]
|
|-weather|RainDance|[upkeep]
|upkeep
|
|t:|1760404579
|switch|p2a: KingSlow|Slowking-Galar, M, shiny|100/100
|-damage|p2a: KingSlow|88/100|[from] Stealth Rock
|turn|8
|
|t:|1760404585
|move|p1a: Kingdra|Weather Ball|p2a: KingSlow
|-damage|p2a: KingSlow|33/100
|move|p2a: KingSlow|Psychic Noise|p1a: Kingdra
|-damage|p1a: Kingdra|0 fnt
|faint|p1a: Kingdra
|
|-weather|none
|upkeep
|
|t:|1760404600
|switch|p1a: Toxicroak|Toxicroak, M, shiny|100/100
|turn|9
|
|t:|1760404613
|switch|p2a: Moltres|Moltres, shiny|89/100
|-damage|p2a: Moltres|39/100|[from] Stealth Rock
|move|p1a: Toxicroak|Knock Off|p2a: Moltres
|-damage|p2a: Moltres|18/100
|-damage|p1a: Toxicroak|84/100|[from] item: Rocky Helmet|[of] p2a: Moltres
|-status|p1a: Toxicroak|brn|[from] ability: Flame Body|[of] p2a: Moltres
|-enditem|p2a: Moltres|Rocky Helmet|[from] move: Knock Off|[of] p1a: Toxicroak
|
|-damage|p1a: Toxicroak|78/100 brn|[from] brn
|upkeep
|turn|10
|
|t:|1760404623
|move|p1a: Toxicroak|Toxic|p2a: Moltres
|-status|p2a: Moltres|tox
|move|p2a: Moltres|Roost|p2a: Moltres
|-heal|p2a: Moltres|68/100 tox
|-singleturn|p2a: Moltres|move: Roost
|
|-damage|p2a: Moltres|62/100 tox|[from] psn
|-damage|p1a: Toxicroak|72/100 brn|[from] brn
|upkeep
|turn|11
|
|t:|1760404630
|move|p1a: Toxicroak|Encore|p2a: Moltres
|-start|p2a: Moltres|Encore
|move|p2a: Moltres|Roost|p2a: Moltres
|-heal|p2a: Moltres|100/100 tox
|-singleturn|p2a: Moltres|move: Roost
|
|-damage|p2a: Moltres|88/100 tox|[from] psn
|-damage|p1a: Toxicroak|65/100 brn|[from] brn
|upkeep
|turn|12
|
|t:|1760404646
|switch|p1a: Primarina|Primarina, M, shiny|100/100
|move|p2a: Moltres|Roost|p2a: Moltres
|-heal|p2a: Moltres|100/100 tox
|-singleturn|p2a: Moltres|move: Roost
|
|-damage|p2a: Moltres|82/100 tox|[from] psn
|upkeep
|turn|13
|
|t:|1760404651
|move|p1a: Primarina|Psychic Noise|p2a: Moltres
|-supereffective|p2a: Moltres
|-damage|p2a: Moltres|0 fnt
|faint|p2a: Moltres
|
|upkeep
|
|t:|1760404668
|switch|p2a: Darkrai|Darkrai, shiny, tera:Poison|100/100
|-damage|p2a: Darkrai|88/100|[from] Stealth Rock
|turn|14
|
|t:|1760404705
|switch|p1a: Toxicroak|Toxicroak, M, shiny|65/100 brn
|move|p2a: Darkrai|Sludge Bomb|p1a: Toxicroak
|-resisted|p1a: Toxicroak
|-damage|p1a: Toxicroak|16/100 brn
|
|-damage|p1a: Toxicroak|9/100 brn|[from] brn
|upkeep
|turn|15
|
|t:|1760404713
|move|p2a: Darkrai|Sludge Bomb|p1a: Toxicroak
|-resisted|p1a: Toxicroak
|-damage|p1a: Toxicroak|0 fnt
|faint|p1a: Toxicroak
|
|upkeep
|
|t:|1760404715
|switch|p1a: Pelipper|Pelipper, M, shiny|35/100
|-weather|RainDance|[from] ability: Drizzle|[of] p1a: Pelipper
|turn|16
|
|t:|1760404727
|move|p2a: Darkrai|Sludge Bomb|p1a: Pelipper
|-damage|p1a: Pelipper|0 fnt
|faint|p1a: Pelipper
|
|-weather|RainDance|[upkeep]
|upkeep
|
|t:|1760404730
|switch|p1a: Lokix|Lokix, M, shiny|100/100
|turn|17
|
|t:|1760404737
|switch|p2a: KingSlow|Slowking-Galar, M, shiny|66/100
|-damage|p2a: KingSlow|53/100|[from] Stealth Rock
|move|p1a: Lokix|First Impression|p2a: KingSlow
|-damage|p2a: KingSlow|0 fnt
|faint|p2a: KingSlow
|
|-weather|RainDance|[upkeep]
|upkeep
|
|t:|1760404741
|switch|p2a: Zapdos|Zapdos-Galar, shiny|100/100
|-damage|p2a: Zapdos|88/100|[from] Stealth Rock
|turn|18
|
|t:|1760404744
|switch|p1a: Primarina|Primarina, M, shiny|100/100
|move|p2a: Zapdos|Close Combat|p1a: Primarina
|-resisted|p1a: Primarina
|-damage|p1a: Primarina|39/100
|-unboost|p2a: Zapdos|def|1
|-unboost|p2a: Zapdos|spd|1
|
|-weather|RainDance|[upkeep]
|-heal|p1a: Primarina|45/100|[from] item: Leftovers
|upkeep
|turn|19
|
|t:|1760404752
|switch|p1a: Lokix|Lokix, M, shiny|100/100
|move|p2a: Zapdos|Close Combat|p1a: Lokix
|-damage|p1a: Lokix|0 fnt
|-unboost|p2a: Zapdos|def|1
|-unboost|p2a: Zapdos|spd|1
|faint|p1a: Lokix
|
|-weather|RainDance|[upkeep]
|upkeep
|
|t:|1760404754
|switch|p1a: Primarina|Primarina, M, shiny|45/100
|turn|20
|
|t:|1760404757
|move|p2a: Zapdos|Close Combat|p1a: Primarina
|-resisted|p1a: Primarina
|-damage|p1a: Primarina|0 fnt
|-unboost|p2a: Zapdos|def|1
|-unboost|p2a: Zapdos|spd|1
|faint|p1a: Primarina
|
|win|lildevious1337
|raw|ser1an's rating: 1231 &rarr; <strong>1207</strong><br />(-24 for losing)
|raw|lildevious1337's rating: 1244 &rarr; <strong>1268</strong><br />(+24 for winning)
