|j|☆AlomomolaForOU
|j|☆M8420
|t:|1760350413
|gametype|singles
|player|p1|AlomomolaForOU|169|1543
|player|p2|M8420|101|1519
|gen|9
|tier|[Gen 9] OU
|rated|
|rule|HP Percentage Mod: HP is shown in percentages
|rule|Endless Battle Clause: Forcing endless battles is banned
|rule|Species Clause: Limit one of each Pokémon
|rule|OHKO Clause: OHKO moves are banned
|rule|Evasion Items Clause: Evasion items are banned
|rule|Evasion Moves Clause: Evasion moves are banned
|rule|Evasion Abilities Clause: Evasion abilities are banned
|rule|Sleep Moves Clause: Sleep-inducing moves are banned
|clearpoke
|poke|p1|Zapdos|
|poke|p1|Rillaboom, F|
|poke|p1|Garchomp, M|
|poke|p1|Samurott-Hisui, F|
|poke|p1|Iron Valiant|
|poke|p1|Kingambit, F|
|poke|p2|Landorus-Therian, M|
|poke|p2|Pelipper, F|
|poke|p2|Toxicroak, F|
|poke|p2|Iron Treads|
|poke|p2|Barraskewda, F|
|poke|p2|Darkrai|
|teampreview
|inactive|Battle timer is ON: inactive players will automatically lose when time's up. (requested by M8420)
|
|t:|1760350435
|teamsize|p1|6
|teamsize|p2|6
|start
|switch|p1a: Samurott|Samurott-Hisui, F|100/100
|switch|p2a: Pelipper|Pelipper, F|100/100
|-weather|RainDance|[from] ability: Drizzle|[of] p2a: Pelipper
|turn|1
|
|t:|1760350442
|move|p1a: Samurott|Ceaseless Edge|p2a: Pelipper
|-damage|p2a: Pelipper|65/100
|-sidestart|p2: M8420|Spikes
|move|p2a: Pelipper|U-turn|p1a: Samurott
|-supereffective|p1a: Samurott
|-damage|p1a: Samurott|77/100
|inactive|M8420 has 120 seconds left.
|
|t:|1760350477
|switch|p2a: Toxicroak|Toxicroak, F|100/100|[from] U-turn
|-damage|p2a: Toxicroak|88/100|[from] Spikes
|
|-weather|RainDance|[upkeep]
|-heal|p2a: Toxicroak|100/100|[from] ability: Dry Skin
|upkeep
|turn|2
|inactive|M8420 has 120 seconds left.
|
|t:|1760350488
|switch|p1a: Garchomp|Garchomp, M|100/100
|move|p2a: Toxicroak|Toxic|p1a: Garchomp
|-status|p1a: Garchomp|tox
|
|-weather|RainDance|[upkeep]
|-damage|p1a: Garchomp|94/100 tox|[from] psn
|upkeep
|turn|3
|inactive|M8420 has 120 seconds left.
|
|t:|1760350501
|switch|p2a: Landorus|Landorus-Therian, M|100/100
|-ability|p2a: Landorus|Intimidate|boost
|-unboost|p1a: Garchomp|atk|1
|move|p1a: Garchomp|Stealth Rock|p2a: Landorus
|-sidestart|p2: M8420|move: Stealth Rock
|
|-weather|RainDance|[upkeep]
|-damage|p1a: Garchomp|82/100 tox|[from] psn
|upkeep
|turn|4
|inactive|M8420 has 120 seconds left.
|
|t:|1760350517
|switch|p1a: Samurott|Samurott-Hisui, F|77/100
|move|p2a: Landorus|Weather Ball|p1a: Samurott
|-resisted|p1a: Samurott
|-damage|p1a: Samurott|43/100
|
|-weather|RainDance|[upkeep]
|upkeep
|turn|5
|inactive|M8420 has 120 seconds left.
|inactive|AlomomolaForOU has 120 seconds left.
|inactive|M8420 has 90 seconds left.
|inactive|AlomomolaForOU has 90 seconds left.
|
|t:|1760350591
|switch|p2a: Toxicroak|Toxicroak, F|100/100
|-damage|p2a: Toxicroak|88/100|[from] Spikes
|-damage|p2a: Toxicroak|82/100|[from] Stealth Rock
|switch|p1a: Rillaboom|Rillaboom, F|100/100
|-fieldstart|move: Grassy Terrain|[from] ability: Grassy Surge|[of] p1a: Rillaboom
|
|-weather|RainDance|[upkeep]
|-heal|p2a: Toxicroak|94/100|[from] ability: Dry Skin
|-heal|p2a: Toxicroak|100/100|[from] Grassy Terrain
|upkeep
|turn|6
|
|t:|1760350613
|move|p2a: Toxicroak|Toxic|p1a: Rillaboom
|-status|p1a: Rillaboom|tox
|move|p1a: Rillaboom|U-turn|p2a: Toxicroak
|-resisted|p2a: Toxicroak
|-damage|p2a: Toxicroak|96/100
|-damage|p1a: Rillaboom|84/100 tox|[from] item: Rocky Helmet|[of] p2a: Toxicroak
|inactive|AlomomolaForOU has 60 seconds left.
|
|t:|1760350625
|switch|p1a: Garchomp|Garchomp, M|82/100 tox|[from] U-turn
|
|-weather|RainDance|[upkeep]
|-heal|p2a: Toxicroak|100/100|[from] ability: Dry Skin
|-heal|p1a: Garchomp|88/100 tox|[from] Grassy Terrain
|-damage|p1a: Garchomp|82/100 tox|[from] psn
|upkeep
|turn|7
|
|t:|1760350629
|switch|p2a: Landorus|Landorus-Therian, M|100/100
|-damage|p2a: Landorus|88/100|[from] Stealth Rock
|-ability|p2a: Landorus|Intimidate|boost
|-unboost|p1a: Garchomp|atk|1
|move|p1a: Garchomp|Dragon Tail|p2a: Landorus
|-damage|p2a: Landorus|69/100
|drag|p2a: Pelipper|Pelipper, F|65/100
|-damage|p2a: Pelipper|40/100|[from] Stealth Rock
|
|-weather|RainDance|[upkeep]
|-heal|p1a: Garchomp|88/100 tox|[from] Grassy Terrain
|-damage|p1a: Garchomp|76/100 tox|[from] psn
|upkeep
|turn|8
|inactive|M8420 has 90 seconds left.
|inactive|AlomomolaForOU has 60 seconds left.
|
|t:|1760350654
|switch|p1a: Samurott|Samurott-Hisui, F|43/100
|move|p2a: Pelipper|Roost|p2a: Pelipper
|-heal|p2a: Pelipper|91/100
|-singleturn|p2a: Pelipper|move: Roost
|
|-weather|none
|-heal|p1a: Samurott|49/100|[from] Grassy Terrain
|-heal|p2a: Pelipper|97/100|[from] Grassy Terrain
|upkeep
|turn|9
|inactive|AlomomolaForOU has 60 seconds left.
|inactive|M8420 has 90 seconds left.
|
|t:|1760350666
|move|p1a: Samurott|Ceaseless Edge|p2a: Pelipper|[miss]
|-miss|p1a: Samurott|p2a: Pelipper
|move|p2a: Pelipper|Roost|p2a: Pelipper
|-heal|p2a: Pelipper|100/100
|-singleturn|p2a: Pelipper|move: Roost
|
|-heal|p1a: Samurott|55/100|[from] Grassy Terrain
|-fieldend|move: Grassy Terrain
|upkeep
|turn|10
|
|t:|1760350670
|move|p1a: Samurott|Ceaseless Edge|p2a: Pelipper
|-damage|p2a: Pelipper|69/100
|-sidestart|p2: M8420|Spikes
|move|p2a: Pelipper|U-turn|p1a: Samurott
|-supereffective|p1a: Samurott
|-damage|p1a: Samurott|32/100
|
|t:|1760350676
|switch|p2a: Iron Treads|Iron Treads|100/100|[from] U-turn
|-damage|p2a: Iron Treads|84/100|[from] Spikes
|-damage|p2a: Iron Treads|81/100|[from] Stealth Rock
|
|upkeep
|turn|11
|
|t:|1760350683
|move|p2a: Iron Treads|Rapid Spin|p1a: Samurott
|-damage|p1a: Samurott|17/100
|-boost|p2a: Iron Treads|spe|1
|-sideend|p2: M8420|Spikes|[from] move: Rapid Spin|[of] p2a: Iron Treads
|-sideend|p2: M8420|Stealth Rock|[from] move: Rapid Spin|[of] p2a: Iron Treads
|move|p1a: Samurott|Aqua Cutter|p2a: Iron Treads
|-supereffective|p2a: Iron Treads
|-damage|p2a: Iron Treads|12/100
|
|upkeep
|turn|12
|inactive|AlomomolaForOU has 90 seconds left.
|
|t:|1760350694
|switch|p1a: Zapdos|Zapdos|100/100
|move|p2a: Iron Treads|Earthquake|p1a: Zapdos
|-immune|p1a: Zapdos
|
|upkeep
|turn|13
|
|t:|1760350698
|move|p2a: Iron Treads|Volt Switch|p1a: Zapdos
|-damage|p1a: Zapdos|89/100
|
|t:|1760350708
|-end|p2a: Iron Treads|Quark Drive|[silent]
|switch|p2a: Darkrai|Darkrai|100/100|[from] Volt Switch
|move|p1a: Zapdos|Heat Wave|p2a: Darkrai
|-damage|p2a: Darkrai|63/100
|
|upkeep
|turn|14
|
|t:|1760350722
|move|p2a: Darkrai|Trick|p1a: Zapdos
|-activate|p2a: Darkrai|move: Trick|[of] p1a: Zapdos
|-item|p1a: Zapdos|Choice Scarf|[from] move: Trick
|-item|p2a: Darkrai|Heavy-Duty Boots|[from] move: Trick
|move|p1a: Zapdos|Volt Switch|p2a: Darkrai
|-damage|p2a: Darkrai|21/100
|inactive|AlomomolaForOU has 90 seconds left.
|
|t:|1760350756
|switch|p1a: Iron Valiant|Iron Valiant|100/100|[from] Volt Switch
|-enditem|p1a: Iron Valiant|Booster Energy
|-activate|p1a: Iron Valiant|ability: Quark Drive|[fromitem]
|-start|p1a: Iron Valiant|quarkdrivespe
|
|upkeep
|turn|15
|inactive|M8420 has 120 seconds left.
|
|t:|1760350773
|switch|p2a: Pelipper|Pelipper, F|69/100
|-weather|RainDance|[from] ability: Drizzle|[of] p2a: Pelipper
|move|p1a: Iron Valiant|Spirit Break|p2a: Pelipper
|-damage|p2a: Pelipper|38/100
|-unboost|p2a: Pelipper|spa|1
|
|-weather|RainDance|[upkeep]
|upkeep
|turn|16
|inactive|AlomomolaForOU has 90 seconds left.
|inactive|M8420 has 120 seconds left.
|
|t:|1760350787
|switch|p2a: Iron Treads|Iron Treads|12/100
|move|p1a: Iron Valiant|Swords Dance|p1a: Iron Valiant
|-boost|p1a: Iron Valiant|atk|2
|
|-weather|RainDance|[upkeep]
|upkeep
|turn|17
|inactive|M8420 has 120 seconds left.
|
|t:|1760350796
|move|p1a: Iron Valiant|Spirit Break|p2a: Iron Treads
|-resisted|p2a: Iron Treads
|-damage|p2a: Iron Treads|0 fnt
|faint|p2a: Iron Treads
|-end|p2a: Iron Treads|Quark Drive|[silent]
|
|-weather|RainDance|[upkeep]
|upkeep
|
|t:|1760350798
|switch|p2a: Barraskewda|Barraskewda, F|100/100
|turn|18
|inactive|AlomomolaForOU has 90 seconds left.
|inactive|AlomomolaForOU has 60 seconds left.
|
|t:|1760350851
|-end|p1a: Iron Valiant|Quark Drive|[silent]
|switch|p1a: Rillaboom|Rillaboom, F|84/100 tox
|-fieldstart|move: Grassy Terrain|[from] ability: Grassy Surge|[of] p1a: Rillaboom
|move|p2a: Barraskewda|Liquidation|p1a: Rillaboom
|-resisted|p1a: Rillaboom
|-damage|p1a: Rillaboom|37/100 tox
|
|-weather|RainDance|[upkeep]
|-heal|p1a: Rillaboom|44/100 tox|[from] Grassy Terrain
|-damage|p1a: Rillaboom|37/100 tox|[from] psn
|upkeep
|turn|19
|inactive|AlomomolaForOU has 60 seconds left.
|
|t:|1760350864
|switch|p2a: Toxicroak|Toxicroak, F|100/100
|move|p1a: Rillaboom|Leech Seed|p2a: Toxicroak|[miss]
|-miss|p1a: Rillaboom|p2a: Toxicroak
|
|-weather|RainDance|[upkeep]
|-heal|p1a: Rillaboom|44/100 tox|[from] Grassy Terrain
|-damage|p1a: Rillaboom|31/100 tox|[from] psn
|upkeep
|turn|20
|
|t:|1760350875
|switch|p1a: Garchomp|Garchomp, M|76/100 tox
|move|p2a: Toxicroak|Drain Punch|p1a: Garchomp
|-damage|p1a: Garchomp|59/100 tox
|-damage|p2a: Toxicroak|88/100|[from] ability: Rough Skin|[of] p1a: Garchomp
|-damage|p2a: Toxicroak|72/100|[from] item: Rocky Helmet|[of] p1a: Garchomp
|
|-weather|RainDance|[upkeep]
|-heal|p2a: Toxicroak|84/100|[from] ability: Dry Skin
|-heal|p1a: Garchomp|65/100 tox|[from] Grassy Terrain
|-heal|p2a: Toxicroak|90/100|[from] Grassy Terrain
|-damage|p1a: Garchomp|59/100 tox|[from] psn
|upkeep
|turn|21
|inactive|AlomomolaForOU has 60 seconds left.
|
|t:|1760350892
|switch|p2a: Landorus|Landorus-Therian, M|69/100
|-ability|p2a: Landorus|Intimidate|boost
|-unboost|p1a: Garchomp|atk|1
|move|p1a: Garchomp|Stealth Rock|p2a: Landorus
|-sidestart|p2: M8420|move: Stealth Rock
|
|-weather|RainDance|[upkeep]
|-heal|p1a: Garchomp|65/100 tox|[from] Grassy Terrain
|-damage|p1a: Garchomp|53/100 tox|[from] psn
|upkeep
|turn|22
|inactive|AlomomolaForOU has 60 seconds left.
|
|t:|1760350919
|move|p2a: Landorus|Stealth Rock|p1a: Garchomp
|-sidestart|p1: AlomomolaForOU|move: Stealth Rock
|move|p1a: Garchomp|Dragon Tail|p2a: Landorus
|-damage|p2a: Landorus|51/100
|drag|p2a: Barraskewda|Barraskewda, F|100/100
|-damage|p2a: Barraskewda|88/100|[from] Stealth Rock
|
|-weather|none
|-heal|p2a: Barraskewda|94/100|[from] Grassy Terrain
|-heal|p1a: Garchomp|59/100 tox|[from] Grassy Terrain
|-damage|p1a: Garchomp|40/100 tox|[from] psn
|-fieldend|move: Grassy Terrain
|upkeep
|turn|23
|inactive|M8420 has 120 seconds left.
|inactive|AlomomolaForOU has 30 seconds left.
|
|t:|1760350956
|move|p2a: Barraskewda|Liquidation|p1a: Garchomp
|-damage|p1a: Garchomp|0 fnt
|-damage|p2a: Barraskewda|82/100|[from] ability: Rough Skin|[of] p1a: Garchomp
|-damage|p2a: Barraskewda|66/100|[from] item: Rocky Helmet|[of] p1a: Garchomp
|faint|p1a: Garchomp
|
|upkeep
|inactive|AlomomolaForOU has 30 seconds left.
|
|t:|1760350969
|switch|p1a: Rillaboom|Rillaboom, F|31/100 tox
|-fieldstart|move: Grassy Terrain|[from] ability: Grassy Surge|[of] p1a: Rillaboom
|turn|24
|inactive|AlomomolaForOU has 30 seconds left.
|
|t:|1760350985
|switch|p2a: Toxicroak|Toxicroak, F|90/100
|-damage|p2a: Toxicroak|84/100|[from] Stealth Rock
|switch|p1a: Zapdos|Zapdos|89/100
|-damage|p1a: Zapdos|64/100|[from] Stealth Rock
|
|-heal|p2a: Toxicroak|90/100|[from] Grassy Terrain
|upkeep
|turn|25
|inactive|M8420 has 90 seconds left.
|
|t:|1760351012
|switch|p2a: Landorus|Landorus-Therian, M|51/100
|-damage|p2a: Landorus|38/100|[from] Stealth Rock
|-ability|p2a: Landorus|Intimidate|boost
|-unboost|p1a: Zapdos|atk|1
|move|p1a: Zapdos|Heat Wave|p2a: Landorus
|-damage|p2a: Landorus|2/100
|
|upkeep
|turn|26
|inactive|M8420 has 90 seconds left.
|
|t:|1760351026
|move|p1a: Zapdos|Heat Wave|p2a: Landorus|[miss]
|-miss|p1a: Zapdos|p2a: Landorus
|move|p2a: Landorus|U-turn|p1a: Zapdos
|-resisted|p1a: Zapdos
|-damage|p1a: Zapdos|57/100
|-status|p2a: Landorus|par|[from] ability: Static|[of] p1a: Zapdos
|inactive|M8420 has 90 seconds left.
|
|t:|1760351034
|switch|p2a: Pelipper|Pelipper, F|38/100|[from] U-turn
|-damage|p2a: Pelipper|13/100|[from] Stealth Rock
|-weather|RainDance|[from] ability: Drizzle|[of] p2a: Pelipper
|
|-weather|RainDance|[upkeep]
|upkeep
|turn|27
|inactive|AlomomolaForOU has 30 seconds left.
|
|t:|1760351064
|switch|p1a: Samurott|Samurott-Hisui, F|17/100
|-damage|p1a: Samurott|5/100|[from] Stealth Rock
|move|p2a: Pelipper|Roost|p2a: Pelipper
|-heal|p2a: Pelipper|63/100
|-singleturn|p2a: Pelipper|move: Roost
|
|-weather|RainDance|[upkeep]
|-heal|p1a: Samurott|11/100|[from] Grassy Terrain
|-heal|p2a: Pelipper|69/100|[from] Grassy Terrain
|upkeep
|turn|28
|
|t:|1760351079
|switch|p2a: Landorus|Landorus-Therian, M|2/100 par
|-damage|p2a: Landorus|0 fnt|[from] Stealth Rock
|faint|p2a: Landorus
|move|p1a: Samurott|Ceaseless Edge|p2: Landorus|[notarget]
|-fail|p1a: Samurott
|
|-weather|RainDance|[upkeep]
|-heal|p1a: Samurott|17/100|[from] Grassy Terrain
|-fieldend|move: Grassy Terrain
|upkeep
|inactive|M8420 has 90 seconds left.
|
|t:|1760351102
|switch|p2a: Barraskewda|Barraskewda, F|66/100
|-damage|p2a: Barraskewda|54/100|[from] Stealth Rock
|turn|29
|
|t:|1760351118
|move|p2a: Barraskewda|Aqua Jet|p1a: Samurott
|-resisted|p1a: Samurott
|-damage|p1a: Samurott|0 fnt
|faint|p1a: Samurott
|
|-weather|RainDance|[upkeep]
|upkeep
|inactive|AlomomolaForOU has 30 seconds left.
|
|t:|1760351131
|switch|p1a: Rillaboom|Rillaboom, F|31/100 tox
|-fieldstart|move: Grassy Terrain|[from] ability: Grassy Surge|[of] p1a: Rillaboom
|turn|30
|inactive|AlomomolaForOU has 30 seconds left.
|
|t:|1760351151
|switch|p2a: Toxicroak|Toxicroak, F|90/100
|-damage|p2a: Toxicroak|84/100|[from] Stealth Rock
|move|p1a: Rillaboom|U-turn|p2a: Toxicroak
|-resisted|p2a: Toxicroak
|-damage|p2a: Toxicroak|80/100
|-damage|p1a: Rillaboom|15/100 tox|[from] item: Rocky Helmet|[of] p2a: Toxicroak
|inactive|AlomomolaForOU has 30 seconds left this turn.
|inactive|AlomomolaForOU has 20 seconds left.
|
|t:|1760351164
|switch|p1a: Zapdos|Zapdos|57/100|[from] U-turn
|-damage|p1a: Zapdos|32/100|[from] Stealth Rock
|
|-weather|RainDance|[upkeep]
|-heal|p2a: Toxicroak|92/100|[from] ability: Dry Skin
|-heal|p2a: Toxicroak|99/100|[from] Grassy Terrain
|upkeep
|turn|31
|inactive|AlomomolaForOU has 30 seconds left this turn.
|
|t:|1760351187
|switch|p2a: Darkrai|Darkrai|21/100
|move|p1a: Zapdos|Thunderbolt|p2a: Darkrai
|-damage|p2a: Darkrai|0 fnt
|faint|p2a: Darkrai
|
|-weather|RainDance|[upkeep]
|upkeep
|
|t:|1760351192
|switch|p2a: Barraskewda|Barraskewda, F|54/100
|-damage|p2a: Barraskewda|42/100|[from] Stealth Rock
|turn|32
|inactive|AlomomolaForOU has 30 seconds left.
|
|t:|1760351213
|switch|p1a: Iron Valiant|Iron Valiant|100/100
|-damage|p1a: Iron Valiant|94/100|[from] Stealth Rock
|move|p2a: Barraskewda|Flip Turn|p1a: Iron Valiant
|-damage|p1a: Iron Valiant|0 fnt
|faint|p1a: Iron Valiant
|-end|p1a: Iron Valiant|Quark Drive|[silent]
|inactive|M8420 has 90 seconds left.
|
|t:|1760351244
|switch|p2a: Pelipper|Pelipper, F|69/100|[from] Flip Turn
|-damage|p2a: Pelipper|44/100|[from] Stealth Rock
|
|-weather|RainDance|[upkeep]
|upkeep
|inactive|AlomomolaForOU has 30 seconds left.
|
|t:|1760351250
|switch|p1a: Zapdos|Zapdos|32/100
|-damage|p1a: Zapdos|7/100|[from] Stealth Rock
|turn|33
|inactive|M8420 has 90 seconds left.
|
|t:|1760351263
|-terastallize|p2a: Pelipper|Ground
|move|p1a: Zapdos|Thunderbolt|p2a: Pelipper
|-immune|p2a: Pelipper
|move|p2a: Pelipper|Roost|p2a: Pelipper
|-heal|p2a: Pelipper|95/100
|
|-weather|none
|-heal|p2a: Pelipper|100/100|[from] Grassy Terrain
|upkeep
|turn|34
|inactive|M8420 has 90 seconds left.
|
|t:|1760351282
|move|p1a: Zapdos|Thunderbolt|p2a: Pelipper
|-immune|p2a: Pelipper
|move|p2a: Pelipper|Hurricane|p1a: Zapdos|[miss]
|-miss|p2a: Pelipper|p1a: Zapdos
|
|-fieldend|move: Grassy Terrain
|upkeep
|turn|35
|inactive|M8420 has 90 seconds left.
|
|t:|1760351295
|move|p1a: Zapdos|Thunderbolt|p2a: Pelipper
|-immune|p2a: Pelipper
|move|p2a: Pelipper|U-turn|p1a: Zapdos
|-resisted|p1a: Zapdos
|-damage|p1a: Zapdos|4/100
|
|t:|1760351304
|switch|p2a: Toxicroak|Toxicroak, F|99/100|[from] U-turn
|-damage|p2a: Toxicroak|92/100|[from] Stealth Rock
|
|upkeep
|turn|36
|inactive|AlomomolaForOU has 60 seconds left.
|
|t:|1760351315
|switch|p1a: Rillaboom|Rillaboom, F|15/100 tox
|-fieldstart|move: Grassy Terrain|[from] ability: Grassy Surge|[of] p1a: Rillaboom
|switch|p2a: Pelipper|Pelipper, F, tera:Ground|100/100
|-damage|p2a: Pelipper|94/100|[from] Stealth Rock
|-weather|RainDance|[from] ability: Drizzle|[of] p2a: Pelipper
|
|-weather|RainDance|[upkeep]
|-heal|p1a: Rillaboom|21/100 tox|[from] Grassy Terrain
|-heal|p2a: Pelipper|100/100|[from] Grassy Terrain
|-damage|p1a: Rillaboom|15/100 tox|[from] psn
|upkeep
|turn|37
|inactive|AlomomolaForOU has 60 seconds left.
|
|t:|1760351326
|switch|p2a: Toxicroak|Toxicroak, F|92/100
|-damage|p2a: Toxicroak|86/100|[from] Stealth Rock
|move|p1a: Rillaboom|Leech Seed|p2a: Toxicroak
|-start|p2a: Toxicroak|move: Leech Seed
|
|-weather|RainDance|[upkeep]
|-heal|p2a: Toxicroak|99/100|[from] ability: Dry Skin
|-heal|p2a: Toxicroak|100/100|[from] Grassy Terrain
|-heal|p1a: Rillaboom|21/100 tox|[from] Grassy Terrain
|-damage|p2a: Toxicroak|88/100|[from] Leech Seed|[of] p1a: Rillaboom
|-heal|p1a: Rillaboom|32/100 tox|[silent]
|-damage|p1a: Rillaboom|20/100 tox|[from] psn
|upkeep
|turn|38
|inactive|AlomomolaForOU has 60 seconds left.
|j| mig.ang
|
|t:|1760351339
|move|p2a: Toxicroak|Drain Punch|p1a: Rillaboom
|-damage|p1a: Rillaboom|0 fnt
|-heal|p2a: Toxicroak|99/100|[from] drain|[of] p1a: Rillaboom
|faint|p1a: Rillaboom
|
|-weather|RainDance|[upkeep]
|-heal|p2a: Toxicroak|100/100|[from] ability: Dry Skin
|upkeep
|
|t:|1760351341
|switch|p1a: Kingambit|Kingambit, F|100/100
|-damage|p1a: Kingambit|94/100|[from] Stealth Rock
|-activate|p1a: Kingambit|ability: Supreme Overlord
|-start|p1a: Kingambit|fallen4|[silent]
|turn|39
|
|t:|1760351356
|-terastallize|p1a: Kingambit|Flying
|move|p2a: Toxicroak|Drain Punch|p1a: Kingambit
|-resisted|p1a: Kingambit
|-damage|p1a: Kingambit|85/100
|move|p1a: Kingambit|Swords Dance|p1a: Kingambit
|-boost|p1a: Kingambit|atk|2
|
|-weather|RainDance|[upkeep]
|-heal|p1a: Kingambit|91/100|[from] item: Leftovers
|-damage|p2a: Toxicroak|88/100|[from] Leech Seed|[of] p1a: Kingambit
|-heal|p1a: Kingambit|100/100|[silent]
|upkeep
|turn|40
|
|t:|1760351365
|move|p2a: Toxicroak|Encore|p1a: Kingambit
|-start|p1a: Kingambit|Encore
|move|p1a: Kingambit|Swords Dance|p1a: Kingambit
|-boost|p1a: Kingambit|atk|2
|
|-weather|RainDance|[upkeep]
|-heal|p2a: Toxicroak|100/100|[from] ability: Dry Skin
|-damage|p2a: Toxicroak|88/100|[from] Leech Seed|[of] p1a: Kingambit
|-fieldend|move: Grassy Terrain
|upkeep
|turn|41
|inactive|M8420 has 120 seconds left.
|
|t:|1760351371
|-end|p1a: Kingambit|fallen4|[silent]
|switch|p1a: Zapdos|Zapdos|4/100
|-damage|p1a: Zapdos|0 fnt|[from] Stealth Rock
|faint|p1a: Zapdos
|move|p2a: Toxicroak|Toxic|p1: Zapdos|[notarget]
|-fail|p2a: Toxicroak
|
|-weather|RainDance|[upkeep]
|-heal|p2a: Toxicroak|100/100|[from] ability: Dry Skin
|upkeep
|
|t:|1760351373
|switch|p1a: Kingambit|Kingambit, F, tera:Flying|100/100
|-damage|p1a: Kingambit|75/100|[from] Stealth Rock
|-activate|p1a: Kingambit|ability: Supreme Overlord
|-start|p1a: Kingambit|fallen5|[silent]
|turn|42
|
|t:|1760351381
|move|p2a: Toxicroak|Toxic|p1a: Kingambit
|-status|p1a: Kingambit|tox
|move|p1a: Kingambit|Iron Head|p2a: Toxicroak
|-damage|p2a: Toxicroak|31/100
|-damage|p1a: Kingambit|59/100 tox|[from] item: Rocky Helmet|[of] p2a: Toxicroak
|
|-weather|RainDance|[upkeep]
|-heal|p2a: Toxicroak|44/100|[from] ability: Dry Skin
|-heal|p1a: Kingambit|65/100 tox|[from] item: Leftovers
|-damage|p2a: Toxicroak|31/100|[from] Leech Seed|[of] p1a: Kingambit
|-heal|p1a: Kingambit|76/100 tox|[silent]
|-damage|p1a: Kingambit|70/100 tox|[from] psn
|upkeep
|turn|43
|inactive|M8420 has 120 seconds left.
|
|t:|1760351418
|move|p2a: Toxicroak|Knock Off|p1a: Kingambit
|-damage|p1a: Kingambit|53/100 tox
|-enditem|p1a: Kingambit|Leftovers|[from] move: Knock Off|[of] p2a: Toxicroak
|move|p1a: Kingambit|Iron Head|p2a: Toxicroak
|-damage|p2a: Toxicroak|0 fnt
|-damage|p1a: Kingambit|36/100 tox|[from] item: Rocky Helmet|[of] p2a: Toxicroak
|faint|p2a: Toxicroak
|
|-weather|none
|-damage|p1a: Kingambit|24/100 tox|[from] psn
|upkeep
|
|t:|1760351430
|switch|p2a: Barraskewda|Barraskewda, F|42/100
|-damage|p2a: Barraskewda|29/100|[from] Stealth Rock
|turn|44
|c|☆M8420|gg
|
|t:|1760351435
|move|p2a: Barraskewda|Aqua Jet|p1a: Kingambit
|-damage|p1a: Kingambit|1/100 tox
|move|p1a: Kingambit|Kowtow Cleave|p2a: Barraskewda
|-damage|p2a: Barraskewda|0 fnt
|faint|p2a: Barraskewda
|
|-damage|p1a: Kingambit|0 fnt|[from] psn
|faint|p1a: Kingambit
|-end|p1a: Kingambit|fallen5|[silent]
|
|win|M8420
|raw|AlomomolaForOU's rating: 1543 &rarr; <strong>1522</strong><br />(-21 for losing)
|raw|M8420's rating: 1519 &rarr; <strong>1540</strong><br />(+21 for winning)
|l|☆AlomomolaForOU
|player|p1|
|l|☆M8420
|player|p2|
|l| mig.ang
