|j|☆pekashew64
|j|☆Agent01 M
|t:|1760430682
|gametype|singles
|player|p1|pekashew64|tuber|1275
|player|p2|Agent01 M|acetrainer|1216
|gen|9
|tier|[Gen 9] OU
|rated|
|rule|HP Percentage Mod: HP is shown in percentages
|rule|Endless Battle Clause: Forcing endless battles is banned
|rule|Species Clause: Limit one of each Pokémon
|rule|OHKO Clause: OHKO moves are banned
|rule|Evasion Items Clause: Evasion items are banned
|rule|Evasion Moves Clause: Evasion moves are banned
|rule|Evasion Abilities Clause: Evasion abilities are banned
|rule|Sleep Moves Clause: Sleep-inducing moves are banned
|clearpoke
|poke|p1|Hatterene, F|
|poke|p1|Sunflora, M|
|poke|p1|Diancie|
|poke|p1|Greedent, M|
|poke|p1|Cresselia, F|
|poke|p1|Kingambit, M|
|poke|p2|Enamorus, F|
|poke|p2|Zamazenta-*|
|poke|p2|Gholdengo|
|poke|p2|Dragapult, M|
|poke|p2|Scizor, M|
|poke|p2|Cinderace, M|
|teampreview
|
|t:|1760430698
|teamsize|p1|6
|teamsize|p2|6
|start
|switch|p1a: Zizi rose|Hatterene, F|100/100
|switch|p2a: Cinderace|Cinderace, M|100/100
|turn|1
|inactive|Battle timer is ON: inactive players will automatically lose when time's up. (requested by pekashew64)
|
|t:|1760430706
|move|p2a: Cinderace|Gunk Shot|p1a: Zizi rose
|-start|p2a: Cinderace|typechange|Poison|[from] ability: Libero
|-supereffective|p1a: Zizi rose
|-enditem|p1a: Zizi rose|Focus Sash
|-damage|p1a: Zizi rose|1/100
|-status|p1a: Zizi rose|psn
|move|p1a: Zizi rose|Trick Room|p1a: Zizi rose
|-fieldstart|move: Trick Room|[of] p1a: Zizi rose
|
|-damage|p1a: Zizi rose|0 fnt|[from] psn
|faint|p1a: Zizi rose
|upkeep
|
|t:|1760430717
|switch|p1a: Machine de guerre|Sunflora, M|100/100
|turn|2
|
|t:|1760430722
|move|p1a: Machine de guerre|Earth Power|p2a: Cinderace
|-supereffective|p2a: Cinderace
|-damage|p2a: Cinderace|0 fnt
|faint|p2a: Cinderace
|
|upkeep
|
|t:|1760430733
|switch|p2a: Enamorus|Enamorus, F|100/100
|turn|3
|
|t:|1760430738
|switch|p1a: Zoro|Kingambit, M|100/100
|-activate|p1a: Zoro|ability: Supreme Overlord
|-start|p1a: Zoro|fallen1|[silent]
|move|p2a: Enamorus|Mystical Fire|p1a: Zoro
|-supereffective|p1a: Zoro
|-damage|p1a: Zoro|15/100
|-unboost|p1a: Zoro|spa|1
|
|-heal|p1a: Zoro|21/100|[from] item: Leftovers
|upkeep
|turn|4
|
|t:|1760430750
|switch|p2a: Scizor|Scizor, M, shiny|100/100
|move|p1a: Zoro|Iron Head|p2a: Scizor
|-resisted|p2a: Scizor
|-damage|p2a: Scizor|70/100
|
|-heal|p1a: Zoro|27/100|[from] item: Leftovers
|upkeep
|turn|5
|
|t:|1760430761
|-end|p1a: Zoro|fallen1|[silent]
|switch|p1a: Banane|Cresselia, F|100/100
|move|p2a: Scizor|Close Combat|p1a: Banane
|-resisted|p1a: Banane
|-damage|p1a: Banane|75/100
|-unboost|p2a: Scizor|def|1
|-unboost|p2a: Scizor|spd|1
|
|-fieldend|move: Trick Room
|upkeep
|turn|6
|
|t:|1760430789
|switch|p2a: Dragapult|Dragapult, M|100/100
|move|p1a: Banane|Trick Room|p1a: Banane
|-fieldstart|move: Trick Room|[of] p1a: Banane
|
|upkeep
|turn|7
|
|t:|1760430802
|switch|p1a: Big chungus|Greedent, M|100/100
|move|p2a: Dragapult|Sucker Punch||[still]
|-fail|p2a: Dragapult
|
|upkeep
|turn|8
|
|t:|1760430813
|switch|p2a: Zamazenta|Zamazenta|100/100
|-ability|p2a: Zamazenta|Dauntless Shield|boost
|-boost|p2a: Zamazenta|def|1
|move|p1a: Big chungus|Belly Drum|p1a: Big chungus
|-damage|p1a: Big chungus|50/100
|-setboost|p1a: Big chungus|atk|6|[from] move: Belly Drum
|-enditem|p1a: Big chungus|Sitrus Berry|[eat]
|-heal|p1a: Big chungus|75/100|[from] item: Sitrus Berry
|-heal|p1a: Big chungus|100/100|[from] ability: Cheek Pouch
|
|upkeep
|turn|9
|
|t:|1760430825
|-terastallize|p1a: Big chungus|Fairy
|move|p1a: Big chungus|Body Slam|p2a: Zamazenta
|-damage|p2a: Zamazenta|28/100
|-status|p2a: Zamazenta|par
|move|p2a: Zamazenta|Iron Defense|p2a: Zamazenta
|-boost|p2a: Zamazenta|def|2
|
|-heal|p2a: Zamazenta|34/100 par|[from] item: Leftovers
|upkeep
|turn|10
|inactive|Agent01 M has 120 seconds left.
|
|t:|1760430846
|switch|p2a: Gholdengo|Gholdengo|100/100
|-item|p2a: Gholdengo|Air Balloon
|move|p1a: Big chungus|Body Slam|p2a: Gholdengo
|-immune|p2a: Gholdengo
|
|-fieldend|move: Trick Room
|upkeep
|turn|11
|inactive|Agent01 M has 120 seconds left.
|
|t:|1760430860
|-terastallize|p2a: Gholdengo|Steel
|move|p2a: Gholdengo|Make It Rain|p1a: Big chungus
|-supereffective|p1a: Big chungus
|-damage|p1a: Big chungus|0 fnt
|-unboost|p2a: Gholdengo|spa|1
|faint|p1a: Big chungus
|
|upkeep
|
|t:|1760430866
|switch|p1a: Banane|Cresselia, F|75/100
|turn|12
|
|t:|1760430873
|switch|p2a: Dragapult|Dragapult, M|100/100
|move|p1a: Banane|Trick Room|p1a: Banane
|-fieldstart|move: Trick Room|[of] p1a: Banane
|
|upkeep
|turn|13
|
|t:|1760430881
|move|p1a: Banane|Moonblast|p2a: Dragapult
|-supereffective|p2a: Dragapult
|-damage|p2a: Dragapult|58/100
|move|p2a: Dragapult|Dragon Darts|p1a: Banane
|-damage|p1a: Banane|49/100
|-anim|p2a: Dragapult|Dragon Darts|p1a: Banane
|-damage|p1a: Banane|24/100
|
|upkeep
|turn|14
|
|t:|1760430890
|switch|p2a: Enamorus|Enamorus, F|100/100
|move|p1a: Banane|Moonblast|p2a: Enamorus
|-crit|p2a: Enamorus
|-damage|p2a: Enamorus|65/100
|
|upkeep
|turn|15
|inactive|Agent01 M has 120 seconds left.
|
|t:|1760430936
|move|p1a: Banane|Moonlight|p1a: Banane
|-heal|p1a: Banane|74/100
|move|p2a: Enamorus|Mystical Fire|p1a: Banane
|-damage|p1a: Banane|55/100
|-unboost|p1a: Banane|spa|1
|
|upkeep
|turn|16
|
|t:|1760430945
|move|p1a: Banane|Moonblast|p2a: Enamorus
|-damage|p2a: Enamorus|49/100
|-boost|p2a: Enamorus|spa|1
|move|p2a: Enamorus|Mystical Fire|p1a: Banane
|-damage|p1a: Banane|25/100
|-unboost|p1a: Banane|spa|1
|
|-fieldend|move: Trick Room
|upkeep
|turn|17
|-message|pekashew64 forfeited.
|
|win|Agent01 M
|raw|pekashew64's rating: 1275 &rarr; <strong>1246</strong><br />(-29 for losing)
|raw|Agent01 M's rating: 1216 &rarr; <strong>1245</strong><br />(+29 for winning)
|l|☆pekashew64
|player|p1|
|l|☆Agent01 M
|player|p2|
