|j|☆Godislaw
|j|☆adriji 12
|t:|1760306185
|gametype|singles
|player|p1|Godislaw|169|1366
|player|p2|adriji 12|2|1305
|gen|9
|tier|[Gen 9] OU
|rated|
|rule|HP Percentage Mod: HP is shown in percentages
|rule|Endless Battle Clause: Forcing endless battles is banned
|rule|Species Clause: Limit one of each Pokémon
|rule|OHKO Clause: OHKO moves are banned
|rule|Evasion Items Clause: Evasion items are banned
|rule|Evasion Moves Clause: Evasion moves are banned
|rule|Evasion Abilities Clause: Evasion abilities are banned
|rule|Sleep Moves Clause: Sleep-inducing moves are banned
|clearpoke
|poke|p1|Darkrai|
|poke|p1|Galvantula, F|
|poke|p1|Garchomp, M|
|poke|p1|Dusclops, M|
|poke|p1|Skeledirge, F|
|poke|p1|Ogerpon-Wellspring, F|
|poke|p2|Garganacl, F|
|poke|p2|Dragapult, F|
|poke|p2|Ogerpon-Wellspring, F|
|poke|p2|Moltres|
|poke|p2|Zamazenta-*|
|poke|p2|Iron Treads|
|teampreview
|inactive|Battle timer is ON: inactive players will automatically lose when time's up. (requested by adriji 12)
|inactive|adriji 12 has 120 seconds left.
|
|t:|1760306220
|teamsize|p1|6
|teamsize|p2|6
|start
|switch|p1a: Galvantula|Galvantula, F, shiny|100/100
|switch|p2a: Iron Treads|Iron Treads|100/100
|turn|1
|
|t:|1760306230
|switch|p1a: Dusclops|Dusclops, M|100/100
|-item|p2a: Iron Treads|Leftovers|[from] ability: Frisk|[of] p1a: Dusclops
|move|p2a: Iron Treads|Stealth Rock|p1a: Dusclops
|-sidestart|p1: Godislaw|move: Stealth Rock
|
|upkeep
|turn|2
|
|t:|1760306239
|move|p2a: Iron Treads|Knock Off|p1a: Dusclops
|-supereffective|p1a: Dusclops
|-damage|p1a: Dusclops|67/100
|-enditem|p1a: Dusclops|Eviolite|[from] move: Knock Off|[of] p2a: Iron Treads
|move|p1a: Dusclops|Calm Mind|p1a: Dusclops
|-boost|p1a: Dusclops|spa|1
|-boost|p1a: Dusclops|spd|1
|
|upkeep
|turn|3
|
|t:|1760306259
|-end|p2a: Iron Treads|Quark Drive|[silent]
|switch|p2a: Zamazenta|Zamazenta|100/100
|-ability|p2a: Zamazenta|Dauntless Shield|boost
|-boost|p2a: Zamazenta|def|1
|move|p1a: Dusclops|Will-O-Wisp|p2a: Zamazenta
|-status|p2a: Zamazenta|brn
|
|-damage|p2a: Zamazenta|94/100 brn|[from] brn
|upkeep
|turn|4
|
|t:|1760306271
|move|p2a: Zamazenta|Crunch|p1a: Dusclops
|-supereffective|p1a: Dusclops
|-damage|p1a: Dusclops|38/100
|-unboost|p1a: Dusclops|def|1
|move|p1a: Dusclops|Pain Split|p2a: Zamazenta
|-sethp|p2a: Zamazenta|60/100 brn|[from] move: Pain Split|[silent]
|-sethp|p1a: Dusclops|88/100|[from] move: Pain Split
|
|-damage|p2a: Zamazenta|54/100 brn|[from] brn
|upkeep
|turn|5
|
|t:|1760306284
|move|p2a: Zamazenta|Crunch|p1a: Dusclops
|-supereffective|p1a: Dusclops
|-damage|p1a: Dusclops|46/100
|move|p1a: Dusclops|Hex|p2a: Zamazenta
|-damage|p2a: Zamazenta|12/100 brn
|
|-damage|p2a: Zamazenta|6/100 brn|[from] brn
|upkeep
|turn|6
|
|t:|1760306304
|move|p2a: Zamazenta|Crunch|p1a: Dusclops
|-supereffective|p1a: Dusclops
|-damage|p1a: Dusclops|0 fnt
|faint|p1a: Dusclops
|
|-damage|p2a: Zamazenta|0 fnt|[from] brn
|faint|p2a: Zamazenta
|upkeep
|
|t:|1760306316
|switch|p2a: Dragapult|Dragapult, F|100/100
|switch|p1a: Galvantula|Galvantula, F, shiny|100/100
|-damage|p1a: Galvantula|76/100|[from] Stealth Rock
|turn|7
|
|t:|1760306323
|move|p2a: Dragapult|Draco Meteor|p1a: Galvantula
|-damage|p1a: Galvantula|0 fnt
|-unboost|p2a: Dragapult|spa|2
|faint|p1a: Galvantula
|
|upkeep
|
|t:|1760306334
|switch|p1a: Darkrai|Darkrai, shiny|100/100
|turn|8
|
|t:|1760306341
|move|p2a: Dragapult|U-turn|p1a: Darkrai
|-supereffective|p1a: Darkrai
|-damage|p1a: Darkrai|57/100
|
|t:|1760306348
|switch|p2a: Garganacl|Garganacl, F|100/100|[from] U-turn
|move|p1a: Darkrai|Nasty Plot|p1a: Darkrai
|-boost|p1a: Darkrai|spa|2
|
|upkeep
|turn|9
|
|t:|1760306358
|move|p1a: Darkrai|Dark Pulse|p2a: Garganacl
|-damage|p2a: Garganacl|49/100
|cant|p2a: Garganacl|flinch
|
|-heal|p2a: Garganacl|55/100|[from] item: Leftovers
|upkeep
|turn|10
|
|t:|1760306369
|move|p1a: Darkrai|Dark Pulse|p2a: Garganacl
|-damage|p2a: Garganacl|0 fnt
|faint|p2a: Garganacl
|
|upkeep
|
|t:|1760306376
|switch|p2a: Dragapult|Dragapult, F|100/100
|turn|11
|
|t:|1760306382
|-terastallize|p1a: Darkrai|Poison
|move|p2a: Dragapult|U-turn|p1a: Darkrai
|-resisted|p1a: Darkrai
|-crit|p1a: Darkrai
|-damage|p1a: Darkrai|39/100
|
|t:|1760306388
|switch|p2a: Moltres|Moltres|100/100|[from] U-turn
|move|p1a: Darkrai|Dark Pulse|p2a: Moltres
|-damage|p2a: Moltres|27/100
|
|upkeep
|turn|12
|
|t:|1760306411
|move|p1a: Darkrai|Dark Pulse|p2a: Moltres
|-damage|p2a: Moltres|0 fnt
|faint|p2a: Moltres
|
|upkeep
|
|t:|1760306421
|switch|p2a: Dragapult|Dragapult, F|100/100
|turn|13
|inactive|Godislaw has 120 seconds left.
|
|t:|1760306476
|-terastallize|p2a: Dragapult|Dragon
|move|p2a: Dragapult|Draco Meteor|p1a: Darkrai
|-damage|p1a: Darkrai|0 fnt
|-unboost|p2a: Dragapult|spa|2
|faint|p1a: Darkrai
|
|upkeep
|
|t:|1760306489
|switch|p1a: Garchomp|Garchomp, M|100/100
|-damage|p1a: Garchomp|94/100|[from] Stealth Rock
|turn|14
|
|t:|1760306498
|move|p2a: Dragapult|Will-O-Wisp|p1a: Garchomp
|-status|p1a: Garchomp|brn
|move|p1a: Garchomp|Scale Shot|p2a: Dragapult
|-supereffective|p2a: Dragapult
|-damage|p2a: Dragapult|81/100
|-supereffective|p2a: Dragapult
|-damage|p2a: Dragapult|63/100
|-supereffective|p2a: Dragapult
|-damage|p2a: Dragapult|46/100
|-hitcount|p2a: Dragapult|3
|-unboost|p1a: Garchomp|def|1
|-boost|p1a: Garchomp|spe|1
|
|-damage|p1a: Garchomp|88/100 brn|[from] brn
|upkeep
|turn|15
|
|t:|1760306523
|switch|p2a: Iron Treads|Iron Treads|100/100
|move|p1a: Garchomp|Scale Shot|p2a: Iron Treads
|-resisted|p2a: Iron Treads
|-crit|p2a: Iron Treads
|-damage|p2a: Iron Treads|97/100
|-resisted|p2a: Iron Treads
|-damage|p2a: Iron Treads|94/100
|-hitcount|p2a: Iron Treads|2
|-unboost|p1a: Garchomp|def|1
|-boost|p1a: Garchomp|spe|1
|
|-heal|p2a: Iron Treads|99/100|[from] item: Leftovers
|-damage|p1a: Garchomp|82/100 brn|[from] brn
|upkeep
|turn|16
|inactive|Godislaw has 90 seconds left.
|
|t:|1760306557
|switch|p1a: Skeledirge|Skeledirge, F, shiny|100/100
|-damage|p1a: Skeledirge|75/100|[from] Stealth Rock
|move|p2a: Iron Treads|Earthquake|p1a: Skeledirge
|-supereffective|p1a: Skeledirge
|-damage|p1a: Skeledirge|33/100
|-enditem|p1a: Skeledirge|Weakness Policy
|-boost|p1a: Skeledirge|atk|2|[from] item: Weakness Policy
|-boost|p1a: Skeledirge|spa|2|[from] item: Weakness Policy
|
|-heal|p2a: Iron Treads|100/100|[from] item: Leftovers
|upkeep
|turn|17
|
|t:|1760306568
|move|p2a: Iron Treads|Earthquake|p1a: Skeledirge
|-supereffective|p1a: Skeledirge
|-damage|p1a: Skeledirge|0 fnt
|faint|p1a: Skeledirge
|
|upkeep
|
|t:|1760306573
|switch|p1a: Ogerpon|Ogerpon-Wellspring, F|100/100
|-damage|p1a: Ogerpon|88/100|[from] Stealth Rock
|turn|18
|
|t:|1760306588
|-end|p2a: Iron Treads|Quark Drive|[silent]
|switch|p2a: Ogerpon|Ogerpon-Wellspring, F|100/100
|move|p1a: Ogerpon|Horn Leech|p2a: Ogerpon
|-damage|p2a: Ogerpon|54/100
|-heal|p1a: Ogerpon|100/100|[from] drain|[of] p2a: Ogerpon
|
|upkeep
|turn|19
|inactive|Godislaw has 90 seconds left.
|
|t:|1760306597
|move|p1a: Ogerpon|Horn Leech|p2a: Ogerpon
|-damage|p2a: Ogerpon|9/100
|move|p2a: Ogerpon|Synthesis|p2a: Ogerpon
|-heal|p2a: Ogerpon|58/100
|
|upkeep
|turn|20
|
|t:|1760306604
|move|p1a: Ogerpon|Horn Leech|p2a: Ogerpon
|-damage|p2a: Ogerpon|6/100
|move|p2a: Ogerpon|Synthesis|p2a: Ogerpon
|-heal|p2a: Ogerpon|56/100
|
|upkeep
|turn|21
|
|t:|1760306619
|move|p1a: Ogerpon|Swords Dance|p1a: Ogerpon
|-boost|p1a: Ogerpon|atk|2
|move|p2a: Ogerpon|Synthesis|p2a: Ogerpon
|-heal|p2a: Ogerpon|100/100
|
|upkeep
|turn|22
|
|t:|1760306629
|move|p1a: Ogerpon|Horn Leech|p2a: Ogerpon
|-damage|p2a: Ogerpon|6/100
|move|p2a: Ogerpon|Trailblaze|p1a: Ogerpon
|-damage|p1a: Ogerpon|66/100
|-boost|p2a: Ogerpon|spe|1
|
|upkeep
|turn|23
|
|t:|1760306640
|move|p2a: Ogerpon|Trailblaze|p1a: Ogerpon
|-damage|p1a: Ogerpon|30/100
|-boost|p2a: Ogerpon|spe|1
|move|p1a: Ogerpon|Horn Leech|p2a: Ogerpon
|-damage|p2a: Ogerpon|0 fnt
|-heal|p1a: Ogerpon|34/100|[from] drain|[of] p2a: Ogerpon
|faint|p2a: Ogerpon
|
|upkeep
|
|t:|1760306649
|switch|p2a: Dragapult|Dragapult, F, tera:Dragon|46/100
|turn|24
|inactive|Godislaw has 120 seconds left.
|
|t:|1760306667
|move|p2a: Dragapult|U-turn|p1a: Ogerpon
|-supereffective|p1a: Ogerpon
|-damage|p1a: Ogerpon|0 fnt
|faint|p1a: Ogerpon
|
|t:|1760306670
|switch|p2a: Iron Treads|Iron Treads|100/100|[from] U-turn
|
|upkeep
|
|t:|1760306674
|switch|p1a: Garchomp|Garchomp, M|82/100 brn
|-damage|p1a: Garchomp|76/100 brn|[from] Stealth Rock
|turn|25
|
|t:|1760306683
|move|p1a: Garchomp|Swords Dance|p1a: Garchomp
|-boost|p1a: Garchomp|atk|2
|move|p2a: Iron Treads|Knock Off|p1a: Garchomp
|-damage|p1a: Garchomp|53/100 brn
|-damage|p2a: Iron Treads|88/100|[from] ability: Rough Skin|[of] p1a: Garchomp
|-enditem|p1a: Garchomp|Muscle Band|[from] move: Knock Off|[of] p2a: Iron Treads
|
|-heal|p2a: Iron Treads|94/100|[from] item: Leftovers
|-damage|p1a: Garchomp|47/100 brn|[from] brn
|upkeep
|turn|26
|
|t:|1760306710
|move|p1a: Garchomp|Scale Shot|p2a: Iron Treads
|-resisted|p2a: Iron Treads
|-damage|p2a: Iron Treads|89/100
|-resisted|p2a: Iron Treads
|-damage|p2a: Iron Treads|84/100
|-hitcount|p2a: Iron Treads|2
|-unboost|p1a: Garchomp|def|1
|-boost|p1a: Garchomp|spe|1
|move|p2a: Iron Treads|Earthquake|p1a: Garchomp
|-damage|p1a: Garchomp|0 fnt
|faint|p1a: Garchomp
|
|win|adriji 12
|raw|Godislaw's rating: 1366 &rarr; <strong>1343</strong><br />(-23 for losing)
|raw|adriji 12's rating: 1305 &rarr; <strong>1328</strong><br />(+23 for winning)
|l|☆Godislaw
|player|p1|
