|j|☆cornel1233
|j|☆yasyamon
|t:|1760307222
|gametype|singles
|player|p1|cornel1233|265|1111
|player|p2|yasyamon|101|1061
|gen|9
|tier|[Gen 9] OU
|rated|
|rule|HP Percentage Mod: HP is shown in percentages
|rule|Endless Battle Clause: Forcing endless battles is banned
|rule|Species Clause: Limit one of each Pokémon
|rule|OHKO Clause: OHKO moves are banned
|rule|Evasion Items Clause: Evasion items are banned
|rule|Evasion Moves Clause: Evasion moves are banned
|rule|Evasion Abilities Clause: Evasion abilities are banned
|rule|Sleep Moves Clause: Sleep-inducing moves are banned
|clearpoke
|poke|p1|Torkoal, F|
|poke|p1|Lilligant-Hisui, F|
|poke|p1|Charizard, F|
|poke|p1|Zarude-Dada|
|poke|p1|Raging Bolt|
|poke|p1|Scream Tail|
|poke|p2|Mareanie, F|
|poke|p2|Garganacl, M|
|poke|p2|Morpeko, M|
|poke|p2|Oricorio, M|
|poke|p2|Munkidori, M|
|poke|p2|Cacturne, M|
|teampreview
|inactive|Battle timer is ON: inactive players will automatically lose when time's up. (requested by cornel1233)
|
|t:|1760307226
|teamsize|p1|6
|teamsize|p2|6
|start
|switch|p1a: Torkoal|Torkoal, F|100/100
|switch|p2a: Munkidori|Munkidori, M|100/100
|-weather|SunnyDay|[from] ability: Drought|[of] p1a: Torkoal
|turn|1
|
|t:|1760307234
|move|p2a: Munkidori|Fake Out|p1a: Torkoal
|-crit|p1a: Torkoal
|-damage|p1a: Torkoal|92/100
|cant|p1a: Torkoal|flinch
|
|-weather|SunnyDay|[upkeep]
|upkeep
|turn|2
|
|t:|1760307241
|move|p2a: Munkidori|Parting Shot|p1a: Torkoal
|-unboost|p1a: Torkoal|atk|1
|-unboost|p1a: Torkoal|spa|1
|
|t:|1760307245
|switch|p2a: Mareanie|Mareanie, F, shiny|100/100|[from] Parting Shot
|move|p1a: Torkoal|Stealth Rock|p2a: Mareanie
|-sidestart|p2: yasyamon|move: Stealth Rock
|
|-weather|SunnyDay|[upkeep]
|upkeep
|turn|3
|
|t:|1760307253
|switch|p1a: Raging Bolt|Raging Bolt|100/100
|-activate|p1a: Raging Bolt|ability: Protosynthesis
|-start|p1a: Raging Bolt|protosynthesisspa
|move|p2a: Mareanie|Toxic|p1a: Raging Bolt
|-status|p1a: Raging Bolt|tox
|
|-weather|SunnyDay|[upkeep]
|-damage|p1a: Raging Bolt|94/100 tox|[from] psn
|upkeep
|turn|4
|
|t:|1760307266
|-terastallize|p2a: Mareanie|Ground
|move|p1a: Raging Bolt|Thunderbolt|p2a: Mareanie
|-immune|p2a: Mareanie
|move|p2a: Mareanie|Infestation|p1a: Raging Bolt
|-damage|p1a: Raging Bolt|92/100 tox
|-activate|p1a: Raging Bolt|move: Infestation|[of] p2a: Mareanie
|
|-weather|SunnyDay|[upkeep]
|-damage|p1a: Raging Bolt|80/100 tox|[from] psn
|-damage|p1a: Raging Bolt|67/100 tox|[from] move: Infestation|[partiallytrapped]
|upkeep
|turn|5
|
|t:|1760307277
|move|p1a: Raging Bolt|Draco Meteor|p2a: Mareanie
|-damage|p2a: Mareanie|0 fnt
|-unboost|p1a: Raging Bolt|spa|2
|faint|p2a: Mareanie
|-damage|p1a: Raging Bolt|58/100 tox|[from] item: Life Orb
|
|-weather|SunnyDay|[upkeep]
|-damage|p1a: Raging Bolt|39/100 tox|[from] psn
|-end|p1a: Raging Bolt|Infestation|[partiallytrapped]|[silent]
|upkeep
|
|t:|1760307289
|switch|p2a: Oricorio|Oricorio, M, shiny|100/100
|turn|6
|
|t:|1760307295
|-end|p1a: Raging Bolt|Protosynthesis|[silent]
|switch|p1a: Scream Tail|Scream Tail|100/100
|-activate|p1a: Scream Tail|ability: Protosynthesis
|-start|p1a: Scream Tail|protosynthesisspd
|move|p2a: Oricorio|Defog|p1a: Scream Tail
|-unboost|p1a: Scream Tail|evasion|1
|-sideend|p2: yasyamon|Stealth Rock|[from] move: Defog|[of] p2a: Oricorio
|
|-weather|SunnyDay|[upkeep]
|upkeep
|turn|7
|
|t:|1760307309
|switch|p2a: Cacturne|Cacturne, M|100/100
|move|p1a: Scream Tail|Trick|p2a: Cacturne
|-activate|p1a: Scream Tail|move: Trick|[of] p2a: Cacturne
|-item|p2a: Cacturne|Choice Scarf|[from] move: Trick
|-item|p1a: Scream Tail|Absorb Bulb|[from] move: Trick
|
|-weather|SunnyDay|[upkeep]
|upkeep
|turn|8
|
|t:|1760307322
|move|p1a: Scream Tail|Thunder Wave|p2a: Cacturne
|-status|p2a: Cacturne|par
|move|p2a: Cacturne|Knock Off|p1a: Scream Tail
|-damage|p1a: Scream Tail|61/100
|-enditem|p1a: Scream Tail|Absorb Bulb|[from] move: Knock Off|[of] p2a: Cacturne
|
|-weather|none
|-end|p1a: Scream Tail|Protosynthesis
|upkeep
|turn|9
|
|t:|1760307332
|-end|p1a: Scream Tail|Protosynthesis|[silent]
|switch|p1a: Torkoal|Torkoal, F|92/100
|-weather|SunnyDay|[from] ability: Drought|[of] p1a: Torkoal
|move|p2a: Cacturne|Knock Off|p1a: Torkoal
|-damage|p1a: Torkoal|64/100
|-enditem|p1a: Torkoal|Heat Rock|[from] move: Knock Off|[of] p2a: Cacturne
|
|-weather|SunnyDay|[upkeep]
|upkeep
|turn|10
|
|t:|1760307343
|switch|p2a: Munkidori|Munkidori, M|100/100
|move|p1a: Torkoal|Lava Plume|p2a: Munkidori
|-damage|p2a: Munkidori|56/100
|
|-weather|SunnyDay|[upkeep]
|-heal|p2a: Munkidori|62/100|[from] item: Leftovers
|upkeep
|turn|11
|
|t:|1760307352
|switch|p1a: Scream Tail|Scream Tail|61/100
|-activate|p1a: Scream Tail|ability: Protosynthesis
|-start|p1a: Scream Tail|protosynthesisspd
|move|p2a: Munkidori|Fake Out|p1a: Scream Tail
|-damage|p1a: Scream Tail|53/100
|
|-weather|SunnyDay|[upkeep]
|-heal|p2a: Munkidori|68/100|[from] item: Leftovers
|upkeep
|turn|12
|
|t:|1760307363
|move|p2a: Munkidori|U-turn|p1a: Scream Tail
|-damage|p1a: Scream Tail|40/100
|-status|p1a: Scream Tail|tox|[from] ability: Toxic Chain|[of] p2a: Munkidori
|
|t:|1760307369
|switch|p2a: Garganacl|Garganacl, M, shiny|100/100|[from] U-turn
|move|p1a: Scream Tail|Stealth Rock|p2a: Garganacl
|-sidestart|p2: yasyamon|move: Stealth Rock
|
|-weather|SunnyDay|[upkeep]
|-damage|p1a: Scream Tail|33/100 tox|[from] psn
|upkeep
|turn|13
|
|t:|1760307381
|-end|p1a: Scream Tail|Protosynthesis|[silent]
|switch|p1a: Zarude|Zarude-Dada|100/100
|move|p2a: Garganacl|Curse|p2a: Garganacl
|-unboost|p2a: Garganacl|spe|1
|-boost|p2a: Garganacl|atk|1
|-boost|p2a: Garganacl|def|1
|
|-weather|SunnyDay|[upkeep]
|upkeep
|turn|14
|
|t:|1760307390
|move|p1a: Zarude|Taunt|p2a: Garganacl
|-start|p2a: Garganacl|move: Taunt
|move|p2a: Garganacl|Salt Cure|p1a: Zarude
|-damage|p1a: Zarude|81/100
|-start|p1a: Zarude|Salt Cure
|
|-weather|SunnyDay|[upkeep]
|-heal|p1a: Zarude|87/100|[from] item: Leftovers
|-damage|p1a: Zarude|74/100|[from] Salt Cure
|upkeep
|turn|15
|
|t:|1760307402
|switch|p2a: Oricorio|Oricorio, M, shiny|100/100
|move|p1a: Zarude|Knock Off|p2a: Oricorio
|-damage|p2a: Oricorio|60/100
|-enditem|p2a: Oricorio|Heavy-Duty Boots|[from] move: Knock Off|[of] p1a: Zarude
|
|-weather|SunnyDay|[upkeep]
|-heal|p1a: Zarude|80/100|[from] item: Leftovers
|-damage|p1a: Zarude|68/100|[from] Salt Cure
|upkeep
|turn|16
|
|t:|1760307413
|move|p1a: Zarude|U-turn|p2a: Oricorio
|-resisted|p2a: Oricorio
|-damage|p2a: Oricorio|55/100
|
|t:|1760307418
|switch|p1a: Scream Tail|Scream Tail|33/100 tox|[from] U-turn
|-activate|p1a: Scream Tail|ability: Protosynthesis
|-start|p1a: Scream Tail|protosynthesisspd
|move|p2a: Oricorio|Defog|p1a: Scream Tail
|-unboost|p1a: Scream Tail|evasion|1
|-sideend|p2: yasyamon|Stealth Rock|[from] move: Defog|[of] p2a: Oricorio
|
|-weather|none
|-end|p1a: Scream Tail|Protosynthesis
|-damage|p1a: Scream Tail|27/100 tox|[from] psn
|upkeep
|turn|17
|
|t:|1760307431
|switch|p2a: Garganacl|Garganacl, M, shiny|100/100
|move|p1a: Scream Tail|Stealth Rock|p2a: Garganacl
|-sidestart|p2: yasyamon|move: Stealth Rock
|
|-damage|p1a: Scream Tail|15/100 tox|[from] psn
|upkeep
|turn|18
|
|t:|1760307439
|-end|p1a: Scream Tail|Protosynthesis|[silent]
|switch|p1a: Torkoal|Torkoal, F|64/100
|-weather|SunnyDay|[from] ability: Drought|[of] p1a: Torkoal
|move|p2a: Garganacl|Curse|p2a: Garganacl
|-unboost|p2a: Garganacl|spe|1
|-boost|p2a: Garganacl|atk|1
|-boost|p2a: Garganacl|def|1
|
|-weather|SunnyDay|[upkeep]
|upkeep
|turn|19
|
|t:|1760307449
|move|p1a: Torkoal|Clear Smog|p2a: Garganacl
|-resisted|p2a: Garganacl
|-damage|p2a: Garganacl|96/100
|-clearboost|p2a: Garganacl
|move|p2a: Garganacl|Salt Cure|p1a: Torkoal
|-supereffective|p1a: Torkoal
|-damage|p1a: Torkoal|48/100
|-start|p1a: Torkoal|Salt Cure
|
|-weather|SunnyDay|[upkeep]
|-heal|p2a: Garganacl|100/100|[from] item: Leftovers
|-damage|p1a: Torkoal|36/100|[from] Salt Cure
|upkeep
|turn|20
|
|t:|1760307462
|switch|p1a: Lilligant|Lilligant-Hisui, F|100/100
|move|p2a: Garganacl|Earthquake|p1a: Lilligant
|-resisted|p1a: Lilligant
|-damage|p1a: Lilligant|84/100
|
|-weather|SunnyDay|[upkeep]
|upkeep
|turn|21
|
|t:|1760307470
|switch|p2a: Oricorio|Oricorio, M, shiny|55/100
|-damage|p2a: Oricorio|5/100|[from] Stealth Rock
|move|p1a: Lilligant|Solar Blade||[still]
|-prepare|p1a: Lilligant|Solar Blade
|-anim|p1a: Lilligant|Solar Blade|p2a: Oricorio
|-resisted|p2a: Oricorio
|-damage|p2a: Oricorio|0 fnt
|faint|p2a: Oricorio
|
|-weather|SunnyDay|[upkeep]
|upkeep
|
|t:|1760307482
|switch|p2a: Munkidori|Munkidori, M|68/100
|-damage|p2a: Munkidori|56/100|[from] Stealth Rock
|turn|22
|
|t:|1760307486
|move|p2a: Munkidori|Fake Out|p1a: Lilligant
|-damage|p1a: Lilligant|70/100
|cant|p1a: Lilligant|flinch
|
|-weather|none
|-heal|p2a: Munkidori|62/100|[from] item: Leftovers
|upkeep
|turn|23
|
|t:|1760307495
|switch|p1a: Torkoal|Torkoal, F|36/100
|-weather|SunnyDay|[from] ability: Drought|[of] p1a: Torkoal
|move|p2a: Munkidori|U-turn|p1a: Torkoal
|-resisted|p1a: Torkoal
|-damage|p1a: Torkoal|31/100
|-status|p1a: Torkoal|tox|[from] ability: Toxic Chain|[of] p2a: Munkidori
|
|t:|1760307505
|switch|p2a: Morpeko|Morpeko, M, shiny|100/100|[from] U-turn
|-damage|p2a: Morpeko|88/100|[from] Stealth Rock
|
|-weather|SunnyDay|[upkeep]
|-heal|p2a: Morpeko|94/100|[from] item: Leftovers
|-damage|p1a: Torkoal|25/100 tox|[from] psn
|-formechange|p2a: Morpeko|Morpeko-Hangry||[from] ability: Hunger Switch
|upkeep
|turn|24
|
|t:|1760307516
|switch|p1a: Scream Tail|Scream Tail|15/100 tox
|-activate|p1a: Scream Tail|ability: Protosynthesis
|-start|p1a: Scream Tail|protosynthesisspd
|move|p2a: Morpeko|Aura Wheel|p1a: Scream Tail
|-damage|p1a: Scream Tail|0 fnt
|-boost|p2a: Morpeko|spe|1
|faint|p1a: Scream Tail
|-end|p1a: Scream Tail|Protosynthesis|[silent]
|
|-weather|SunnyDay|[upkeep]
|-heal|p2a: Morpeko|100/100|[from] item: Leftovers
|-formechange|p2a: Morpeko|Morpeko||[from] ability: Hunger Switch
|upkeep
|
|t:|1760307526
|switch|p1a: Lilligant|Lilligant-Hisui, F|70/100
|turn|25
|
|t:|1760307535
|move|p2a: Morpeko|Protect|p2a: Morpeko
|-singleturn|p2a: Morpeko|Protect
|move|p1a: Lilligant|Close Combat|p2a: Morpeko
|-activate|p2a: Morpeko|move: Protect
|
|-weather|SunnyDay|[upkeep]
|-formechange|p2a: Morpeko|Morpeko-Hangry||[from] ability: Hunger Switch
|upkeep
|turn|26
|
|t:|1760307545
|move|p1a: Lilligant|Close Combat|p2a: Morpeko
|-supereffective|p2a: Morpeko
|-damage|p2a: Morpeko|0 fnt
|-unboost|p1a: Lilligant|def|1
|-unboost|p1a: Lilligant|spd|1
|faint|p2a: Morpeko
|
|-weather|SunnyDay|[upkeep]
|upkeep
|-message|yasyamon forfeited.
|
|win|cornel1233
|raw|cornel1233's rating: 1111 &rarr; <strong>1132</strong><br />(+21 for winning)
|raw|yasyamon's rating: 1061 &rarr; <strong>1045</strong><br />(-16 for losing)
|l|☆yasyamon
|player|p2|
|l|☆cornel1233
|player|p1|
