|j|☆jwhi
|j|☆Destro303
|t:|1760329550
|gametype|singles
|player|p1|jwhi|ingo|1355
|player|p2|Destro303|grimsley|1398
|gen|9
|tier|[Gen 9] OU
|rated|
|rule|HP Percentage Mod: HP is shown in percentages
|rule|Endless Battle Clause: Forcing endless battles is banned
|rule|Species Clause: Limit one of each Pokémon
|rule|OHKO Clause: OHKO moves are banned
|rule|Evasion Items Clause: Evasion items are banned
|rule|Evasion Moves Clause: Evasion moves are banned
|rule|Evasion Abilities Clause: Evasion abilities are banned
|rule|Sleep Moves Clause: Sleep-inducing moves are banned
|clearpoke
|poke|p1|Floatzel, F|
|poke|p1|Pelipper, F|
|poke|p1|Dragonite, M|
|poke|p1|Ambipom, M|
|poke|p1|Arcanine-Hisui, F|
|poke|p1|Talonflame, M|
|poke|p2|Kingambit, M|
|poke|p2|Skarmory, M|
|poke|p2|Garganacl, M|
|poke|p2|Gliscor, M|
|poke|p2|Slowking-Galar, F|
|poke|p2|Dragapult, M|
|teampreview
|inactive|Battle timer is ON: inactive players will automatically lose when time's up. (requested by Destro303)
|inactive|jwhi has 120 seconds left.
|
|t:|1760329595
|teamsize|p1|6
|teamsize|p2|6
|start
|switch|p1a: Arcanine|Arcanine-Hisui, F|100/100
|switch|p2a: Dragapult|Dragapult, M|100/100
|turn|1
|
|t:|1760329614
|move|p2a: Dragapult|Dragon Darts|p1a: Arcanine
|-damage|p1a: Arcanine|74/100
|-anim|p2a: Dragapult|Dragon Darts|p1a: Arcanine
|-damage|p1a: Arcanine|50/100
|move|p1a: Arcanine|Head Smash|p2a: Dragapult
|-damage|p2a: Dragapult|3/100
|
|upkeep
|turn|2
|
|t:|1760329625
|switch|p1a: Pelipper|Pelipper, F|100/100
|-weather|RainDance|[from] ability: Drizzle|[of] p1a: Pelipper
|move|p2a: Dragapult|Dragon Darts|p1a: Pelipper
|-damage|p1a: Pelipper|85/100
|-anim|p2a: Dragapult|Dragon Darts|p1a: Pelipper
|-damage|p1a: Pelipper|68/100
|
|-weather|RainDance|[upkeep]
|upkeep
|turn|3
|
|t:|1760329635
|move|p2a: Dragapult|U-turn|p1a: Pelipper
|-resisted|p1a: Pelipper
|-damage|p1a: Pelipper|60/100
|
|t:|1760329645
|switch|p2a: Slowking|Slowking-Galar, F|100/100|[from] U-turn
|move|p1a: Pelipper|Chilling Water|p2a: Slowking
|-damage|p2a: Slowking|87/100
|-unboost|p2a: Slowking|atk|1
|
|-weather|RainDance|[upkeep]
|upkeep
|turn|4
|
|t:|1760329655
|move|p1a: Pelipper|U-turn|p2a: Slowking
|-damage|p2a: Slowking|78/100
|
|t:|1760329666
|switch|p1a: Dragonite|Dragonite, M|100/100|[from] U-turn
|move|p2a: Slowking|Future Sight|p1a: Dragonite
|-start|p2a: Slowking|move: Future Sight
|
|-weather|RainDance|[upkeep]
|upkeep
|turn|5
|
|t:|1760329674
|move|p1a: Dragonite|Dragon Dance|p1a: Dragonite
|-boost|p1a: Dragonite|atk|1
|-boost|p1a: Dragonite|spe|1
|move|p2a: Slowking|Toxic|p1a: Dragonite
|-status|p1a: Dragonite|tox
|-enditem|p1a: Dragonite|Lum Berry|[eat]
|-curestatus|p1a: Dragonite|tox|[msg]
|
|-weather|RainDance|[upkeep]
|upkeep
|turn|6
|
|t:|1760329686
|switch|p2a: Skarmory|Skarmory, M|100/100
|move|p1a: Dragonite|Dragon Dance|p1a: Dragonite
|-boost|p1a: Dragonite|atk|1
|-boost|p1a: Dragonite|spe|1
|
|-weather|RainDance|[upkeep]
|-end|p1a: Dragonite|move: Future Sight
|-damage|p1a: Dragonite|75/100
|upkeep
|turn|7
|
|t:|1760329697
|move|p1a: Dragonite|Outrage|p2a: Skarmory
|-resisted|p2a: Skarmory
|-damage|p2a: Skarmory|60/100
|-damage|p1a: Dragonite|59/100|[from] item: Rocky Helmet|[of] p2a: Skarmory
|move|p2a: Skarmory|Spikes|p1a: Dragonite
|-sidestart|p1: jwhi|Spikes
|
|-weather|RainDance|[upkeep]
|upkeep
|turn|8
|
|t:|1760329706
|move|p1a: Dragonite|Outrage|p2a: Skarmory|[from] lockedmove
|-resisted|p2a: Skarmory
|-damage|p2a: Skarmory|17/100
|-damage|p1a: Dragonite|43/100|[from] item: Rocky Helmet|[of] p2a: Skarmory
|-start|p1a: Dragonite|confusion|[fatigue]
|move|p2a: Skarmory|Roost|p2a: Skarmory
|-heal|p2a: Skarmory|67/100
|-singleturn|p2a: Skarmory|move: Roost
|
|-weather|RainDance|[upkeep]
|upkeep
|turn|9
|
|t:|1760329719
|switch|p1a: Pelipper|Pelipper, F|60/100
|move|p2a: Skarmory|Roost|p2a: Skarmory
|-heal|p2a: Skarmory|100/100
|-singleturn|p2a: Skarmory|move: Roost
|
|-weather|none
|upkeep
|turn|10
|inactive|Destro303 has 120 seconds left.
|
|t:|1760329763
|switch|p2a: Slowking|Slowking-Galar, F|100/100
|move|p1a: Pelipper|U-turn|p2a: Slowking
|-damage|p2a: Slowking|92/100
|
|t:|1760329780
|switch|p1a: Dragonite|Dragonite, M|43/100|[from] U-turn
|
|upkeep
|turn|11
|inactive|Destro303 has 120 seconds left.
|
|t:|1760329790
|move|p1a: Dragonite|Dragon Dance|p1a: Dragonite
|-boost|p1a: Dragonite|atk|1
|-boost|p1a: Dragonite|spe|1
|move|p2a: Slowking|Future Sight|p1a: Dragonite
|-start|p2a: Slowking|move: Future Sight
|
|upkeep
|turn|12
|
|t:|1760329796
|switch|p2a: Skarmory|Skarmory, M|100/100
|move|p1a: Dragonite|Outrage|p2a: Skarmory
|-resisted|p2a: Skarmory
|-damage|p2a: Skarmory|66/100
|-damage|p1a: Dragonite|26/100|[from] item: Rocky Helmet|[of] p2a: Skarmory
|
|upkeep
|turn|13
|
|t:|1760329804
|move|p1a: Dragonite|Outrage|p2a: Skarmory|[from] lockedmove
|-resisted|p2a: Skarmory
|-damage|p2a: Skarmory|33/100
|-damage|p1a: Dragonite|10/100|[from] item: Rocky Helmet|[of] p2a: Skarmory
|-start|p1a: Dragonite|confusion|[fatigue]
|move|p2a: Skarmory|Roost|p2a: Skarmory
|-heal|p2a: Skarmory|83/100
|-singleturn|p2a: Skarmory|move: Roost
|
|-end|p1a: Dragonite|move: Future Sight
|-damage|p1a: Dragonite|0 fnt
|faint|p1a: Dragonite
|upkeep
|
|t:|1760329811
|switch|p1a: Arcanine|Arcanine-Hisui, F|50/100
|-damage|p1a: Arcanine|38/100|[from] Spikes
|turn|14
|inactive|Destro303 has 120 seconds left.
|
|t:|1760329849
|-terastallize|p2a: Skarmory|Water
|move|p1a: Arcanine|Flare Blitz|p2a: Skarmory
|-resisted|p2a: Skarmory
|-damage|p2a: Skarmory|67/100
|-damage|p1a: Arcanine|21/100|[from] item: Rocky Helmet|[of] p2a: Skarmory
|move|p2a: Skarmory|Body Press|p1a: Arcanine
|-supereffective|p1a: Arcanine
|-damage|p1a: Arcanine|0 fnt
|faint|p1a: Arcanine
|
|upkeep
|
|t:|1760329874
|switch|p1a: Talonflame|Talonflame, M|100/100
|turn|15
|inactive|Destro303 has 120 seconds left.
|
|t:|1760329879
|switch|p2a: Garganacl|Garganacl, M|100/100
|move|p1a: Talonflame|Defog|p2a: Garganacl
|-unboost|p2a: Garganacl|evasion|1
|-sideend|p1: jwhi|Spikes|[from] move: Defog|[of] p1a: Talonflame
|
|upkeep
|turn|16
|
|t:|1760329886
|switch|p1a: Pelipper|Pelipper, F|60/100
|-weather|RainDance|[from] ability: Drizzle|[of] p1a: Pelipper
|move|p2a: Garganacl|Salt Cure|p1a: Pelipper
|-supereffective|p1a: Pelipper
|-damage|p1a: Pelipper|38/100
|-start|p1a: Pelipper|Salt Cure
|
|-weather|RainDance|[upkeep]
|-damage|p1a: Pelipper|13/100|[from] Salt Cure
|upkeep
|turn|17
|
|t:|1760329897
|move|p1a: Pelipper|Hydro Pump|p2a: Garganacl
|-supereffective|p2a: Garganacl
|-damage|p2a: Garganacl|26/100
|move|p2a: Garganacl|Stealth Rock|p1a: Pelipper
|-sidestart|p1: jwhi|move: Stealth Rock
|
|-weather|RainDance|[upkeep]
|-heal|p2a: Garganacl|32/100|[from] item: Leftovers
|-damage|p1a: Pelipper|0 fnt|[from] Salt Cure
|faint|p1a: Pelipper
|upkeep
|
|t:|1760329902
|switch|p1a: Floatzel|Floatzel, F|100/100
|-damage|p1a: Floatzel|88/100|[from] Stealth Rock
|turn|18
|
|t:|1760329914
|switch|p2a: Dragapult|Dragapult, M|3/100
|move|p1a: Floatzel|Wave Crash|p2a: Dragapult
|-resisted|p2a: Dragapult
|-damage|p2a: Dragapult|0 fnt
|faint|p2a: Dragapult
|-damage|p1a: Floatzel|87/100|[from] Recoil
|
|-weather|RainDance|[upkeep]
|upkeep
|
|t:|1760329926
|switch|p2a: Skarmory|Skarmory, M, tera:Water|67/100
|turn|19
|
|t:|1760329930
|move|p1a: Floatzel|Wave Crash|p2a: Skarmory
|-resisted|p2a: Skarmory
|-crit|p2a: Skarmory
|-damage|p2a: Skarmory|16/100
|-damage|p1a: Floatzel|71/100|[from] item: Rocky Helmet|[of] p2a: Skarmory
|-damage|p1a: Floatzel|53/100|[from] Recoil
|move|p2a: Skarmory|Roost|p2a: Skarmory
|-heal|p2a: Skarmory|67/100
|
|-weather|RainDance|[upkeep]
|upkeep
|turn|20
|
|t:|1760329940
|-terastallize|p1a: Floatzel|Water
|move|p1a: Floatzel|Wave Crash|p2a: Skarmory
|-resisted|p2a: Skarmory
|-damage|p2a: Skarmory|24/100
|-damage|p1a: Floatzel|37/100|[from] item: Rocky Helmet|[of] p2a: Skarmory
|-damage|p1a: Floatzel|22/100|[from] Recoil
|move|p2a: Skarmory|Roost|p2a: Skarmory
|-heal|p2a: Skarmory|74/100
|
|-weather|RainDance|[upkeep]
|upkeep
|turn|21
|
|t:|1760329952
|move|p1a: Floatzel|Wave Crash|p2a: Skarmory
|-resisted|p2a: Skarmory
|-crit|p2a: Skarmory
|-damage|p2a: Skarmory|8/100
|-damage|p1a: Floatzel|5/100|[from] item: Rocky Helmet|[of] p2a: Skarmory
|-damage|p1a: Floatzel|0 fnt|[from] Recoil
|faint|p1a: Floatzel
|move|p2a: Skarmory|Roost|p2a: Skarmory
|-heal|p2a: Skarmory|58/100
|
|-weather|RainDance|[upkeep]
|upkeep
|
|t:|1760329969
|switch|p1a: Ambipom|Ambipom, M|100/100
|-damage|p1a: Ambipom|88/100|[from] Stealth Rock
|turn|22
|
|t:|1760329974
|move|p1a: Ambipom|Knock Off|p2a: Skarmory
|-damage|p2a: Skarmory|41/100
|-damage|p1a: Ambipom|72/100|[from] item: Rocky Helmet|[of] p2a: Skarmory
|-enditem|p2a: Skarmory|Rocky Helmet|[from] move: Knock Off|[of] p1a: Ambipom
|move|p2a: Skarmory|Body Press|p1a: Ambipom
|-supereffective|p1a: Ambipom
|-damage|p1a: Ambipom|0 fnt
|faint|p1a: Ambipom
|
|-weather|RainDance|[upkeep]
|upkeep
|
|t:|1760329990
|switch|p1a: Talonflame|Talonflame, M|100/100
|turn|23
|
|t:|1760330018
|switch|p2a: Slowking|Slowking-Galar, F|100/100
|move|p1a: Talonflame|Brave Bird|p2a: Slowking
|-damage|p2a: Slowking|55/100
|-damage|p1a: Talonflame|81/100|[from] Recoil
|
|-weather|none
|upkeep
|turn|24
|
|t:|1760330029
|move|p1a: Talonflame|Flare Blitz|p2a: Slowking
|-damage|p2a: Slowking|8/100
|-damage|p1a: Talonflame|60/100|[from] Recoil
|move|p2a: Slowking|Future Sight|p1a: Talonflame
|-start|p2a: Slowking|move: Future Sight
|
|upkeep
|turn|25
|
|t:|1760330036
|move|p1a: Talonflame|Brave Bird|p2a: Slowking
|-damage|p2a: Slowking|0 fnt
|faint|p2a: Slowking
|-damage|p1a: Talonflame|57/100|[from] Recoil
|
|upkeep
|
|t:|1760330043
|switch|p2a: Garganacl|Garganacl, M|32/100
|turn|26
|
|t:|1760330049
|move|p1a: Talonflame|Brave Bird|p2a: Garganacl
|-resisted|p2a: Garganacl
|-damage|p2a: Garganacl|16/100
|-damage|p1a: Talonflame|50/100|[from] Recoil
|move|p2a: Garganacl|Recover|p2a: Garganacl
|-heal|p2a: Garganacl|66/100
|
|-end|p1a: Talonflame|move: Future Sight
|-damage|p1a: Talonflame|0 fnt
|faint|p1a: Talonflame
|
|win|Destro303
|raw|jwhi's rating: 1355 &rarr; <strong>1337</strong><br />(-18 for losing)
|raw|Destro303's rating: 1398 &rarr; <strong>1416</strong><br />(+18 for winning)
|l|☆jwhi
|player|p1|
|l|☆Destro303
|player|p2|
