|j|☆chedeqing
|j|☆bleake island
|t:|1760338189
|gametype|singles
|player|p1|chedeqing|firebreather|1439
|player|p2|bleake island|266|1402
|gen|9
|tier|[Gen 9] OU
|rated|
|rule|HP Percentage Mod: HP is shown in percentages
|rule|Endless Battle Clause: Forcing endless battles is banned
|rule|Species Clause: Limit one of each Pokémon
|rule|OHKO Clause: OHKO moves are banned
|rule|Evasion Items Clause: Evasion items are banned
|rule|Evasion Moves Clause: Evasion moves are banned
|rule|Evasion Abilities Clause: Evasion abilities are banned
|rule|Sleep Moves Clause: Sleep-inducing moves are banned
|clearpoke
|poke|p1|Politoed, M|
|poke|p1|Barraskewda, M|
|poke|p1|Tornadus-Therian, M|
|poke|p1|Raging Bolt|
|poke|p1|Cobalion|
|poke|p1|Decidueye-Hisui, M|
|poke|p2|Zamazenta-*|
|poke|p2|Braviary-Hisui, M|
|poke|p2|Glimmora, M|
|poke|p2|Gholdengo|
|poke|p2|Dragonite, F|
|poke|p2|Iron Treads|
|teampreview
|inactive|Battle timer is ON: inactive players will automatically lose when time's up. (requested by chedeqing)
|
|t:|1760338200
|teamsize|p1|6
|teamsize|p2|6
|start
|switch|p1a: Cobalion|Cobalion|100/100
|switch|p2a: Braviary|Braviary-Hisui, M|100/100
|turn|1
|
|t:|1760338209
|move|p1a: Cobalion|Volt Switch|p2a: Braviary
|-supereffective|p2a: Braviary
|-damage|p2a: Braviary|63/100
|
|t:|1760338214
|switch|p1a: Tornadus|Tornadus-Therian, M, shiny|100/100|[from] Volt Switch
|move|p2a: Braviary|Psychic|p1a: Tornadus
|-crit|p1a: Tornadus
|-damage|p1a: Tornadus|0 fnt
|faint|p1a: Tornadus
|
|upkeep
|
|t:|1760338222
|switch|p1a: Raging Bolt|Raging Bolt|100/100
|turn|2
|
|t:|1760338225
|switch|p2a: Iron Treads|Iron Treads|100/100
|move|p1a: Raging Bolt|Draco Meteor|p2a: Iron Treads
|-resisted|p2a: Iron Treads
|-damage|p2a: Iron Treads|56/100
|-unboost|p1a: Raging Bolt|spa|2
|
|-heal|p2a: Iron Treads|62/100|[from] item: Leftovers
|upkeep
|turn|3
|
|t:|1760338233
|-end|p1a: Raging Bolt|Protosynthesis|[silent]
|switch|p1a: Decidueye|Decidueye-Hisui, M, shiny|100/100
|move|p2a: Iron Treads|Stealth Rock|p1a: Decidueye
|-sidestart|p1: chedeqing|move: Stealth Rock
|
|-heal|p2a: Iron Treads|68/100|[from] item: Leftovers
|upkeep
|turn|4
|
|t:|1760338250
|-end|p2a: Iron Treads|Quark Drive|[silent]
|switch|p2a: Braviary|Braviary-Hisui, M|63/100
|move|p1a: Decidueye|Defog|p2a: Braviary
|-unboost|p2a: Braviary|evasion|1
|-sideend|p1: chedeqing|Stealth Rock|[from] move: Defog|[of] p1a: Decidueye
|
|upkeep
|turn|5
|
|t:|1760338269
|switch|p1a: Politoed|Politoed, M, shiny|100/100
|-weather|RainDance|[from] ability: Drizzle|[of] p1a: Politoed
|move|p2a: Braviary|Psychic|p1a: Politoed
|-damage|p1a: Politoed|44/100
|
|-weather|RainDance|[upkeep]
|upkeep
|turn|6
|
|t:|1760338277
|move|p2a: Braviary|Hurricane|p1a: Politoed
|-damage|p1a: Politoed|0 fnt
|faint|p1a: Politoed
|
|-weather|RainDance|[upkeep]
|upkeep
|
|t:|1760338282
|switch|p1a: Barraskewda|Barraskewda, M, shiny|100/100
|turn|7
|inactive|bleake island has 120 seconds left.
|
|t:|1760338325
|switch|p2a: Glimmora|Glimmora, M|100/100
|move|p1a: Barraskewda|Flip Turn|p2a: Glimmora
|-supereffective|p2a: Glimmora
|-damage|p2a: Glimmora|0 fnt
|-activate|p2a: Glimmora|ability: Toxic Debris
|-sidestart|p1: chedeqing|move: Toxic Spikes
|faint|p2a: Glimmora
|
|t:|1760338337
|switch|p1a: Cobalion|Cobalion|100/100|[from] Flip Turn
|
|-weather|RainDance|[upkeep]
|upkeep
|
|t:|1760338340
|switch|p2a: Braviary|Braviary-Hisui, M|63/100
|turn|8
|
|t:|1760338365
|move|p1a: Cobalion|Stealth Rock|p2a: Braviary
|-sidestart|p2: bleake island|move: Stealth Rock
|move|p2a: Braviary|Hurricane|p1a: Cobalion
|-damage|p1a: Cobalion|0 fnt
|faint|p1a: Cobalion
|
|-weather|RainDance|[upkeep]
|upkeep
|
|t:|1760338372
|switch|p1a: Barraskewda|Barraskewda, M, shiny|100/100
|-status|p1a: Barraskewda|psn
|turn|9
|
|t:|1760338379
|move|p1a: Barraskewda|Flip Turn|p2a: Braviary
|-damage|p2a: Braviary|0 fnt
|faint|p2a: Braviary
|
|t:|1760338385
|switch|p1a: Decidueye|Decidueye-Hisui, M, shiny|100/100|[from] Flip Turn
|-status|p1a: Decidueye|psn
|
|-weather|RainDance|[upkeep]
|-damage|p1a: Decidueye|88/100 psn|[from] psn
|upkeep
|
|t:|1760338405
|switch|p2a: Gholdengo|Gholdengo|100/100
|-damage|p2a: Gholdengo|94/100|[from] Stealth Rock
|-item|p2a: Gholdengo|Air Balloon
|turn|10
|
|t:|1760338412
|move|p2a: Gholdengo|Shadow Ball|p1a: Decidueye
|-damage|p1a: Decidueye|60/100 psn
|-unboost|p1a: Decidueye|spd|1
|move|p1a: Decidueye|Triple Arrows|p2a: Gholdengo
|-supereffective|p2a: Gholdengo
|-damage|p2a: Gholdengo|45/100
|-enditem|p2a: Gholdengo|Air Balloon
|
|-weather|RainDance|[upkeep]
|-damage|p1a: Decidueye|48/100 psn|[from] psn
|upkeep
|turn|11
|
|t:|1760338423
|move|p2a: Gholdengo|Make It Rain|p1a: Decidueye
|-damage|p1a: Decidueye|0 fnt
|-unboost|p2a: Gholdengo|spa|1
|faint|p1a: Decidueye
|
|-weather|RainDance|[upkeep]
|upkeep
|
|t:|1760338430
|switch|p1a: Barraskewda|Barraskewda, M, shiny|100/100 psn
|turn|12
|
|t:|1760338448
|move|p1a: Barraskewda|Flip Turn|p2a: Gholdengo
|-damage|p2a: Gholdengo|0 fnt
|faint|p2a: Gholdengo
|
|t:|1760338453
|switch|p1a: Raging Bolt|Raging Bolt|100/100|[from] Flip Turn
|-status|p1a: Raging Bolt|psn
|
|-weather|none
|-damage|p1a: Raging Bolt|88/100 psn|[from] psn
|upkeep
|
|t:|1760338455
|switch|p2a: Iron Treads|Iron Treads|68/100
|-damage|p2a: Iron Treads|65/100|[from] Stealth Rock
|turn|13
|
|t:|1760338465
|-end|p1a: Raging Bolt|Protosynthesis|[silent]
|switch|p1a: Barraskewda|Barraskewda, M, shiny|100/100 psn
|move|p2a: Iron Treads|Rapid Spin|p1a: Barraskewda
|-damage|p1a: Barraskewda|74/100 psn
|-boost|p2a: Iron Treads|spe|1
|-sideend|p2: bleake island|Stealth Rock|[from] move: Rapid Spin|[of] p2a: Iron Treads
|
|-heal|p2a: Iron Treads|71/100|[from] item: Leftovers
|-damage|p1a: Barraskewda|61/100 psn|[from] psn
|upkeep
|turn|14
|
|t:|1760338475
|-end|p2a: Iron Treads|Quark Drive|[silent]
|switch|p2a: Dragonite|Dragonite, F, shiny|100/100
|move|p1a: Barraskewda|Aqua Jet|p2a: Dragonite
|-resisted|p2a: Dragonite
|-damage|p2a: Dragonite|93/100
|
|-heal|p2a: Dragonite|99/100|[from] item: Leftovers
|-damage|p1a: Barraskewda|49/100 psn|[from] psn
|upkeep
|turn|15
|
|t:|1760338484
|switch|p1a: Raging Bolt|Raging Bolt|88/100 psn
|move|p2a: Dragonite|Dragon Dance|p2a: Dragonite
|-boost|p2a: Dragonite|atk|1
|-boost|p2a: Dragonite|spe|1
|
|-heal|p2a: Dragonite|100/100|[from] item: Leftovers
|-damage|p1a: Raging Bolt|76/100 psn|[from] psn
|upkeep
|turn|16
|
|t:|1760338496
|-terastallize|p2a: Dragonite|Fairy
|-terastallize|p1a: Raging Bolt|Fairy
|move|p2a: Dragonite|Tera Blast|p1a: Raging Bolt|[anim] Tera Blast Fairy
|-damage|p1a: Raging Bolt|23/100 psn
|move|p1a: Raging Bolt|Draco Meteor|p2a: Dragonite
|-immune|p2a: Dragonite
|
|-damage|p1a: Raging Bolt|10/100 psn|[from] psn
|upkeep
|turn|17
|-message|chedeqing forfeited.
|
|win|bleake island
|raw|chedeqing's rating: 1439 &rarr; <strong>1417</strong><br />(-22 for losing)
|raw|bleake island's rating: 1402 &rarr; <strong>1424</strong><br />(+22 for winning)
|l|☆chedeqing
|player|p1|
|l|☆bleake island
|player|p2|
