|j|☆venjazanzhes123
|j|☆Scoobenvonduben
|t:|1760459774
|gametype|singles
|player|p1|venjazanzhes123|wallace|1427
|player|p2|Scoobenvonduben|brawly|1412
|gen|9
|tier|[Gen 9] OU
|rated|
|rule|HP Percentage Mod: HP is shown in percentages
|rule|Endless Battle Clause: Forcing endless battles is banned
|rule|Species Clause: Limit one of each Pokémon
|rule|OHKO Clause: OHKO moves are banned
|rule|Evasion Items Clause: Evasion items are banned
|rule|Evasion Moves Clause: Evasion moves are banned
|rule|Evasion Abilities Clause: Evasion abilities are banned
|rule|Sleep Moves Clause: Sleep-inducing moves are banned
|clearpoke
|poke|p1|Corviknight, M|
|poke|p1|Dragapult, M|
|poke|p1|Dragonite, M|
|poke|p1|Quagsire, M|
|poke|p1|Slowking-Galar, F|
|poke|p1|Goodra-Hisui, M|
|poke|p2|Blissey, F|
|poke|p2|Skeledirge, M|
|poke|p2|Gliscor, M|
|poke|p2|Gyarados, F|
|poke|p2|Corviknight, F|
|poke|p2|Grafaiai, M|
|teampreview
|
|t:|1760459786
|teamsize|p1|6
|teamsize|p2|6
|start
|switch|p1a: Dragonite|Dragonite, M|100/100
|switch|p2a: Gliscor|Gliscor, M, shiny|100/100
|turn|1
|
|t:|1760459791
|move|p2a: Gliscor|Protect|p2a: Gliscor
|-singleturn|p2a: Gliscor|Protect
|move|p1a: Dragonite|Ice Beam|p2a: Gliscor
|-activate|p2a: Gliscor|move: Protect
|
|-status|p2a: Gliscor|tox|[from] item: Toxic Orb
|upkeep
|turn|2
|
|t:|1760459796
|switch|p2a: Blissey|Blissey, F|100/100
|move|p1a: Dragonite|Ice Beam|p2a: Blissey
|-damage|p2a: Blissey|87/100
|
|-heal|p2a: Blissey|93/100|[from] item: Leftovers
|upkeep
|turn|3
|
|t:|1760459813
|switch|p1a: Quagsire|Quagsire, M|100/100
|move|p2a: Blissey|Stealth Rock|p1a: Quagsire
|-sidestart|p1: venjazanzhes123|move: Stealth Rock
|
|-heal|p2a: Blissey|99/100|[from] item: Leftovers
|upkeep
|turn|4
|
|t:|1760459822
|switch|p2a: Gliscor|Gliscor, M, shiny|100/100 tox
|switch|p1a: Corviknight|Corviknight, M|100/100
|-damage|p1a: Corviknight|88/100|[from] Stealth Rock
|
|upkeep
|turn|5
|
|t:|1760459826
|switch|p2a: Skeledirge|Skeledirge, M|100/100
|move|p1a: Corviknight|Bulk Up|p1a: Corviknight
|-boost|p1a: Corviknight|atk|1
|-boost|p1a: Corviknight|def|1
|
|upkeep
|turn|6
|
|t:|1760459832
|switch|p1a: Quagsire|Quagsire, M|100/100
|-damage|p1a: Quagsire|94/100|[from] Stealth Rock
|move|p2a: Skeledirge|Will-O-Wisp|p1a: Quagsire
|-status|p1a: Quagsire|brn
|
|-heal|p1a: Quagsire|100/100 brn|[from] item: Leftovers
|-damage|p1a: Quagsire|94/100 brn|[from] brn
|upkeep
|turn|7
|
|t:|1760459837
|move|p2a: Skeledirge|Hex|p1a: Quagsire
|-damage|p1a: Quagsire|38/100 brn
|move|p1a: Quagsire|Toxic|p2a: Skeledirge
|-status|p2a: Skeledirge|tox
|
|-heal|p1a: Quagsire|44/100 brn|[from] item: Leftovers
|-damage|p2a: Skeledirge|94/100 tox|[from] psn
|-damage|p1a: Quagsire|38/100 brn|[from] brn
|upkeep
|turn|8
|
|t:|1760459841
|move|p2a: Skeledirge|Hex|p1a: Quagsire
|-damage|p1a: Quagsire|0 fnt
|faint|p1a: Quagsire
|
|-heal|p2a: Skeledirge|100/100 tox|[from] item: Leftovers
|-damage|p2a: Skeledirge|88/100 tox|[from] psn
|upkeep
|
|t:|1760459849
|switch|p1a: Goodra|Goodra-Hisui, M|100/100
|-damage|p1a: Goodra|94/100|[from] Stealth Rock
|turn|9
|
|t:|1760459869
|move|p2a: Skeledirge|Will-O-Wisp|p1a: Goodra
|-status|p1a: Goodra|brn
|move|p1a: Goodra|Dragon Pulse|p2a: Skeledirge
|-damage|p2a: Skeledirge|60/100 tox
|
|-heal|p2a: Skeledirge|66/100 tox|[from] item: Leftovers
|-damage|p2a: Skeledirge|47/100 tox|[from] psn
|-damage|p1a: Goodra|88/100 brn|[from] brn
|upkeep
|turn|10
|
|t:|1760459879
|move|p2a: Skeledirge|Slack Off|p2a: Skeledirge
|-heal|p2a: Skeledirge|98/100 tox
|move|p1a: Goodra|Dragon Pulse|p2a: Skeledirge
|-damage|p2a: Skeledirge|68/100 tox
|
|-heal|p2a: Skeledirge|74/100 tox|[from] item: Leftovers
|-damage|p2a: Skeledirge|50/100 tox|[from] psn
|-damage|p1a: Goodra|82/100 brn|[from] brn
|upkeep
|turn|11
|
|t:|1760459882
|switch|p2a: Blissey|Blissey, F|99/100
|move|p1a: Goodra|Dragon Pulse|p2a: Blissey
|-damage|p2a: Blissey|82/100
|
|-heal|p2a: Blissey|89/100|[from] item: Leftovers
|-damage|p1a: Goodra|76/100 brn|[from] brn
|upkeep
|turn|12
|inactive|Battle timer is ON: inactive players will automatically lose when time's up. (requested by venjazanzhes123)
|
|t:|1760459915
|switch|p1a: Dragapult|Dragapult, M|100/100
|-damage|p1a: Dragapult|88/100|[from] Stealth Rock
|move|p2a: Blissey|Seismic Toss|p1a: Dragapult
|-immune|p1a: Dragapult
|
|-heal|p2a: Blissey|95/100|[from] item: Leftovers
|upkeep
|turn|13
|
|t:|1760459923
|move|p1a: Dragapult|Dragon Dance|p1a: Dragapult
|-boost|p1a: Dragapult|atk|1
|-boost|p1a: Dragapult|spe|1
|move|p2a: Blissey|Soft-Boiled|p2a: Blissey
|-heal|p2a: Blissey|100/100
|
|upkeep
|turn|14
|
|t:|1760459927
|switch|p2a: Grafaiai|Grafaiai, M|100/100
|move|p1a: Dragapult|Dragon Darts|p2a: Grafaiai
|-damage|p2a: Grafaiai|29/100
|-anim|p1a: Dragapult|Dragon Darts|p2a: Grafaiai
|-damage|p2a: Grafaiai|0 fnt
|faint|p2a: Grafaiai
|-damage|p1a: Dragapult|78/100|[from] item: Life Orb
|
|upkeep
|
|t:|1760459934
|switch|p2a: Skeledirge|Skeledirge, M|50/100 tox
|turn|15
|
|t:|1760459941
|-terastallize|p2a: Skeledirge|Fairy
|move|p1a: Dragapult|Dragon Darts|p2a: Skeledirge
|-immune|p2a: Skeledirge
|move|p2a: Skeledirge|Will-O-Wisp|p1a: Dragapult|[miss]
|-miss|p2a: Skeledirge|p1a: Dragapult
|
|-heal|p2a: Skeledirge|56/100 tox|[from] item: Leftovers
|-damage|p2a: Skeledirge|50/100 tox|[from] psn
|upkeep
|turn|16
|l|☆venjazanzhes123
|inactive|venjazanzhes123 disconnected and has a minute to reconnect!
|player|p1|
|inactive|venjazanzhes123 has 30 seconds to reconnect!
|inactive|venjazanzhes123 has 20 seconds to reconnect!
|inactive|venjazanzhes123 has 15 seconds to reconnect!
|inactive|venjazanzhes123 has 10 seconds to reconnect!
|inactive|venjazanzhes123 has 5 seconds to reconnect!
|-message|venjazanzhes123 lost due to inactivity.
|
|win|Scoobenvonduben
|raw|venjazanzhes123's rating: 1427 &rarr; <strong>1406</strong><br />(-21 for losing)
|raw|Scoobenvonduben's rating: 1412 &rarr; <strong>1433</strong><br />(+21 for winning)
|l|☆Scoobenvonduben
|player|p2|
|j|☆venjazanzhes123
|player|p1|venjazanzhes123|wallace|
|l|☆venjazanzhes123
|player|p1|
