|j|☆Tusia88
|j|☆2002xxd
|t:|1760344707
|gametype|singles
|player|p1|Tusia88|2|1174
|player|p2|2002xxd|lucas|1153
|gen|9
|tier|[Gen 9] OU
|rated|
|rule|HP Percentage Mod: HP is shown in percentages
|rule|Endless Battle Clause: Forcing endless battles is banned
|rule|Species Clause: Limit one of each Pokémon
|rule|OHKO Clause: OHKO moves are banned
|rule|Evasion Items Clause: Evasion items are banned
|rule|Evasion Moves Clause: Evasion moves are banned
|rule|Evasion Abilities Clause: Evasion abilities are banned
|rule|Sleep Moves Clause: Sleep-inducing moves are banned
|clearpoke
|poke|p1|Ninetales, M|
|poke|p1|Dragonite, F|
|poke|p1|Cinderace, F|
|poke|p1|Walking Wake|
|poke|p1|Cresselia, F|
|poke|p1|Great Tusk|
|poke|p2|Zoroark-Hisui, M|
|poke|p2|Maushold-Four|
|poke|p2|Iron Treads|
|poke|p2|Rotom-Wash|
|poke|p2|Polteageist-Antique|
|poke|p2|Flamigo, F|
|teampreview
|
|t:|1760344713
|teamsize|p1|6
|teamsize|p2|6
|start
|switch|p1a: Cinderace|Cinderace, F|100/100
|switch|p2a: Flamigo|Flamigo, F, shiny|100/100
|turn|1
|inactive|Battle timer is ON: inactive players will automatically lose when time's up. (requested by Tusia88)
|
|t:|1760344722
|move|p1a: Cinderace|Pyro Ball|p2a: Flamigo
|-damage|p2a: Flamigo|14/100
|move|p2a: Flamigo|Liquidation|p1a: Cinderace
|-supereffective|p1a: Cinderace
|-damage|p1a: Cinderace|18/100
|
|upkeep
|turn|2
|
|t:|1760344729
|switch|p2a: Rotom|Rotom-Wash|100/100
|move|p1a: Cinderace|Pyro Ball|p2a: Rotom
|-resisted|p2a: Rotom
|-damage|p2a: Rotom|77/100
|
|-heal|p2a: Rotom|84/100|[from] item: Leftovers
|upkeep
|turn|3
|
|t:|1760344738
|switch|p1a: Walking Wake|Walking Wake|100/100
|move|p2a: Rotom|Volt Switch|p1a: Walking Wake
|-damage|p1a: Walking Wake|69/100
|
|t:|1760344745
|switch|p2a: Maushold|Maushold-Four|100/100|[from] Volt Switch
|
|upkeep
|turn|4
|
|t:|1760344752
|-end|p1a: Walking Wake|Protosynthesis|[silent]
|switch|p1a: Cresselia|Cresselia, F|100/100
|move|p2a: Maushold|Population Bomb|p1a: Cresselia
|-damage|p1a: Cresselia|94/100
|-damage|p1a: Cresselia|88/100
|-crit|p1a: Cresselia
|-damage|p1a: Cresselia|78/100
|-damage|p1a: Cresselia|72/100
|-damage|p1a: Cresselia|66/100
|-damage|p1a: Cresselia|59/100
|-damage|p1a: Cresselia|53/100
|-damage|p1a: Cresselia|46/100
|-damage|p1a: Cresselia|40/100
|-damage|p1a: Cresselia|34/100
|-hitcount|p1a: Cresselia|10
|-enditem|p1a: Cresselia|Eject Button
|
|t:|1760344761
|switch|p1a: Cinderace|Cinderace, F|18/100
|
|upkeep
|turn|5
|
|t:|1760344770
|switch|p2a: Rotom|Rotom-Wash|84/100
|move|p1a: Cinderace|Pyro Ball|p2a: Rotom
|-resisted|p2a: Rotom
|-damage|p2a: Rotom|60/100
|
|-heal|p2a: Rotom|66/100|[from] item: Leftovers
|upkeep
|turn|6
|
|t:|1760344778
|switch|p1a: Great Tusk|Great Tusk|100/100
|move|p2a: Rotom|Hydro Pump|p1a: Great Tusk
|-supereffective|p1a: Great Tusk
|-damage|p1a: Great Tusk|5/100
|
|-heal|p2a: Rotom|73/100|[from] item: Leftovers
|upkeep
|turn|7
|
|t:|1760344785
|move|p1a: Great Tusk|Close Combat|p2a: Rotom
|-damage|p2a: Rotom|31/100
|-unboost|p1a: Great Tusk|def|1
|-unboost|p1a: Great Tusk|spd|1
|-enditem|p1a: Great Tusk|Eject Pack
|
|t:|1760344789
|-end|p1a: Great Tusk|Protosynthesis|[silent]
|switch|p1a: Walking Wake|Walking Wake|69/100
|move|p2a: Rotom|Hydro Pump|p1a: Walking Wake
|-resisted|p1a: Walking Wake
|-damage|p1a: Walking Wake|58/100
|
|-heal|p2a: Rotom|37/100|[from] item: Leftovers
|upkeep
|turn|8
|
|t:|1760344796
|move|p1a: Walking Wake|Dragon Pulse|p2a: Rotom
|-damage|p2a: Rotom|0 fnt
|faint|p2a: Rotom
|
|upkeep
|
|t:|1760344803
|switch|p2a: Maushold|Maushold-Four|100/100
|turn|9
|
|t:|1760344810
|-end|p1a: Walking Wake|Protosynthesis|[silent]
|switch|p1a: Great Tusk|Great Tusk|5/100
|move|p2a: Maushold|Population Bomb|p1a: Great Tusk
|-damage|p1a: Great Tusk|0 fnt
|faint|p1a: Great Tusk
|-end|p1a: Great Tusk|Protosynthesis|[silent]
|-hitcount|p1: Great Tusk|1
|
|upkeep
|
|t:|1760344813
|switch|p1a: Cinderace|Cinderace, F|18/100
|turn|10
|
|t:|1760344823
|switch|p2a: Flamigo|Flamigo, F, shiny|14/100
|move|p1a: Cinderace|Pyro Ball|p2a: Flamigo
|-damage|p2a: Flamigo|0 fnt
|faint|p2a: Flamigo
|
|upkeep
|inactive|2002xxd has 120 seconds left.
|
|t:|1760344852
|switch|p2a: Polteageist|Polteageist-Antique|100/100
|turn|11
|
|t:|1760344859
|move|p1a: Cinderace|Pyro Ball|p2a: Polteageist
|-damage|p2a: Polteageist|2/100
|-ability|p2a: Polteageist|Weak Armor|boost
|-unboost|p2a: Polteageist|def|1
|-boost|p2a: Polteageist|spe|2
|move|p2a: Polteageist|Shell Smash|p2a: Polteageist
|-unboost|p2a: Polteageist|def|1
|-unboost|p2a: Polteageist|spd|1
|-boost|p2a: Polteageist|atk|2
|-boost|p2a: Polteageist|spa|2
|-boost|p2a: Polteageist|spe|2
|
|upkeep
|turn|12
|
|t:|1760344869
|move|p2a: Polteageist|Stored Power|p1a: Cinderace
|-damage|p1a: Cinderace|0 fnt
|faint|p1a: Cinderace
|
|upkeep
|
|t:|1760344871
|switch|p1a: Dragonite|Dragonite, F|100/100
|turn|13
|
|t:|1760344875
|move|p2a: Polteageist|Stored Power|p1a: Dragonite
|-damage|p1a: Dragonite|29/100
|move|p1a: Dragonite|Earthquake|p2a: Polteageist
|-damage|p2a: Polteageist|0 fnt
|faint|p2a: Polteageist
|
|upkeep
|
|t:|1760344881
|switch|p2a: Maushold|Maushold-Four|100/100
|turn|14
|
|t:|1760344885
|move|p2a: Maushold|Population Bomb|p1a: Dragonite
|-damage|p1a: Dragonite|18/100
|-damage|p1a: Dragonite|6/100
|-damage|p1a: Dragonite|0 fnt
|faint|p1a: Dragonite
|-hitcount|p1: Dragonite|3
|
|upkeep
|
|t:|1760344888
|switch|p1a: Ninetales|Ninetales, M|100/100
|-weather|SunnyDay|[from] ability: Drought|[of] p1a: Ninetales
|turn|15
|
|t:|1760344896
|-terastallize|p1a: Ninetales|Ghost
|move|p2a: Maushold|Population Bomb|p1a: Ninetales
|-immune|p1a: Ninetales
|move|p1a: Ninetales|Encore|p2a: Maushold
|-start|p2a: Maushold|Encore
|
|-weather|SunnyDay|[upkeep]
|upkeep
|turn|16
|
|t:|1760344904
|switch|p2a: Iron Treads|Iron Treads, shiny|100/100
|-enditem|p2a: Iron Treads|Booster Energy
|-activate|p2a: Iron Treads|ability: Quark Drive|[fromitem]
|-start|p2a: Iron Treads|quarkdrivespe
|move|p1a: Ninetales|Overheat|p2a: Iron Treads
|-supereffective|p2a: Iron Treads
|-damage|p2a: Iron Treads|0 fnt
|-unboost|p1a: Ninetales|spa|2
|faint|p2a: Iron Treads
|-end|p2a: Iron Treads|Quark Drive|[silent]
|
|-weather|SunnyDay|[upkeep]
|upkeep
|
|t:|1760344915
|switch|p2a: Maushold|Maushold-Four|100/100
|turn|17
|
|t:|1760344918
|switch|p1a: Cresselia|Cresselia, F|34/100
|move|p2a: Maushold|Shadow Ball|p1a: Cresselia
|-supereffective|p1a: Cresselia
|-damage|p1a: Cresselia|0 fnt
|faint|p1a: Cresselia
|
|-weather|SunnyDay|[upkeep]
|upkeep
|
|t:|1760344923
|switch|p1a: Walking Wake|Walking Wake|58/100
|-activate|p1a: Walking Wake|ability: Protosynthesis
|-start|p1a: Walking Wake|protosynthesisspa
|turn|18
|
|t:|1760344931
|move|p2a: Maushold|Shadow Ball|p1a: Walking Wake
|-damage|p1a: Walking Wake|0 fnt
|faint|p1a: Walking Wake
|-end|p1a: Walking Wake|Protosynthesis|[silent]
|
|-weather|SunnyDay|[upkeep]
|upkeep
|
|t:|1760344934
|switch|p1a: Ninetales|Ninetales, M, tera:Ghost|100/100
|turn|19
|
|t:|1760344937
|move|p2a: Maushold|Shadow Ball|p1a: Ninetales
|-supereffective|p1a: Ninetales
|-damage|p1a: Ninetales|0 fnt
|faint|p1a: Ninetales
|
|win|2002xxd
|raw|Tusia88's rating: 1174 &rarr; <strong>1147</strong><br />(-27 for losing)
|raw|2002xxd's rating: 1153 &rarr; <strong>1180</strong><br />(+27 for winning)
|l|☆Tusia88
|player|p1|
|l|☆2002xxd
|player|p2|
