|j|☆Ant blast 3
|j|☆NotK1LL
|t:|1760429563
|gametype|singles
|player|p1|Ant blast 3|ninjaboy|1073
|player|p2|NotK1LL|twins-gen4dp|1128
|gen|9
|tier|[Gen 9] OU
|rated|
|rule|HP Percentage Mod: HP is shown in percentages
|rule|Endless Battle Clause: Forcing endless battles is banned
|rule|Species Clause: Limit one of each Pokémon
|rule|OHKO Clause: OHKO moves are banned
|rule|Evasion Items Clause: Evasion items are banned
|rule|Evasion Moves Clause: Evasion moves are banned
|rule|Evasion Abilities Clause: Evasion abilities are banned
|rule|Sleep Moves Clause: Sleep-inducing moves are banned
|clearpoke
|poke|p1|Weezing-Galar, F|
|poke|p1|Arcanine-Hisui, F|
|poke|p1|Iron Boulder|
|poke|p1|Pecharunt|
|poke|p2|Heracross, M|
|poke|p2|Thundurus, M|
|poke|p2|Glimmora, F|
|poke|p2|Dragapult, F|
|poke|p2|Slaking, M|
|poke|p2|Clodsire, F|
|teampreview
|inactive|Battle timer is ON: inactive players will automatically lose when time's up. (requested by Ant blast 3)
|
|t:|1760429587
|teamsize|p1|4
|teamsize|p2|6
|start
|switch|p1a: Bull(future)|Iron Boulder|100/100
|switch|p2a: Glimmora|Glimmora, F|100/100
|-enditem|p1a: Bull(future)|Booster Energy
|-activate|p1a: Bull(future)|ability: Quark Drive|[fromitem]
|-start|p1a: Bull(future)|quarkdrivespe
|turn|1
|
|t:|1760429597
|move|p1a: Bull(future)|Swords Dance|p1a: Bull(future)
|-boost|p1a: Bull(future)|atk|2
|move|p2a: Glimmora|Stealth Rock|p1a: Bull(future)
|-sidestart|p1: Ant blast 3|move: Stealth Rock
|
|upkeep
|turn|2
|
|t:|1760429603
|move|p1a: Bull(future)|Psycho Cut|p2a: Glimmora
|-supereffective|p2a: Glimmora
|-enditem|p2a: Glimmora|Focus Sash
|-damage|p2a: Glimmora|1/100
|-activate|p2a: Glimmora|ability: Toxic Debris
|-sidestart|p1: Ant blast 3|move: Toxic Spikes
|move|p2a: Glimmora|Memento|p1a: Bull(future)
|-unboost|p1a: Bull(future)|atk|2
|-unboost|p1a: Bull(future)|spa|2
|faint|p2a: Glimmora
|
|upkeep
|
|t:|1760429613
|switch|p2a: Clodsire|Clodsire, F|100/100
|turn|3
|
|t:|1760429619
|move|p1a: Bull(future)|Swords Dance|p1a: Bull(future)
|-boost|p1a: Bull(future)|atk|2
|move|p2a: Clodsire|Earthquake|p1a: Bull(future)
|-supereffective|p1a: Bull(future)
|-damage|p1a: Bull(future)|31/100
|
|upkeep
|turn|4
|
|t:|1760429626
|move|p1a: Bull(future)|Psycho Cut|p2a: Clodsire
|-supereffective|p2a: Clodsire
|-damage|p2a: Clodsire|29/100
|move|p2a: Clodsire|Earthquake|p1a: Bull(future)
|-supereffective|p1a: Bull(future)
|-damage|p1a: Bull(future)|0 fnt
|faint|p1a: Bull(future)
|-end|p1a: Bull(future)|Quark Drive|[silent]
|
|-heal|p2a: Clodsire|36/100|[from] item: Leftovers
|upkeep
|
|t:|1760429637
|switch|p1a: Factory|Weezing-Galar, F|100/100
|-ability|p1a: Factory|Neutralizing Gas
|-damage|p1a: Factory|88/100|[from] Stealth Rock
|-sideend|p1: Ant blast 3|move: Toxic Spikes|[of] p1a: Factory
|turn|5
|
|t:|1760429648
|move|p1a: Factory|Pain Split|p2a: Clodsire
|-sethp|p2a: Clodsire|49/100|[from] move: Pain Split|[silent]
|-sethp|p1a: Factory|69/100|[from] move: Pain Split
|move|p2a: Clodsire|Recover|p2a: Clodsire
|-heal|p2a: Clodsire|99/100
|
|-heal|p1a: Factory|75/100|[from] item: Leftovers
|-heal|p2a: Clodsire|100/100|[from] item: Leftovers
|upkeep
|turn|6
|
|t:|1760429658
|-end|p1a: Factory|ability: Neutralizing Gas
|switch|p1a: Rocky dawg|Arcanine-Hisui, F|100/100
|-damage|p1a: Rocky dawg|76/100|[from] Stealth Rock
|switch|p2a: Slaking|Slaking, M|100/100
|
|upkeep
|turn|7
|
|t:|1760429673
|move|p1a: Rocky dawg|Head Smash|p2a: Slaking
|-damage|p2a: Slaking|49/100
|move|p2a: Slaking|Earthquake|p1a: Rocky dawg
|-supereffective|p1a: Rocky dawg
|-damage|p1a: Rocky dawg|0 fnt
|faint|p1a: Rocky dawg
|
|upkeep
|
|t:|1760429683
|switch|p1a: Master mochi|Pecharunt|100/100
|-damage|p1a: Master mochi|88/100|[from] Stealth Rock
|turn|8
|
|t:|1760429689
|cant|p2a: Slaking|ability: Truant
|move|p1a: Master mochi|Malignant Chain|p2a: Slaking
|-damage|p2a: Slaking|2/100
|-status|p2a: Slaking|tox
|-start|p2a: Slaking|confusion|[from] ability: Poison Puppeteer|[of] p1a: Master mochi
|
|-heal|p1a: Master mochi|94/100|[from] item: Black Sludge
|-damage|p2a: Slaking|0 fnt|[from] psn
|faint|p2a: Slaking
|upkeep
|
|t:|1760429693
|switch|p2a: Dragapult|Dragapult, F|100/100
|turn|9
|
|t:|1760429711
|-terastallize|p1a: Master mochi|Poison
|move|p2a: Dragapult|Shadow Ball|p1a: Master mochi
|-damage|p1a: Master mochi|40/100
|move|p1a: Master mochi|Malignant Chain|p2a: Dragapult
|-resisted|p2a: Dragapult
|-damage|p2a: Dragapult|63/100
|-status|p2a: Dragapult|tox
|-start|p2a: Dragapult|confusion|[from] ability: Poison Puppeteer|[of] p1a: Master mochi
|
|-heal|p1a: Master mochi|46/100|[from] item: Black Sludge
|-damage|p2a: Dragapult|57/100 tox|[from] psn
|upkeep
|turn|10
|
|t:|1760429733
|switch|p1a: Factory|Weezing-Galar, F|75/100
|-ability|p1a: Factory|Neutralizing Gas
|-damage|p1a: Factory|63/100|[from] Stealth Rock
|-activate|p2a: Dragapult|confusion
|-damage|p2a: Dragapult|46/100 tox|[from] confusion
|
|-heal|p1a: Factory|69/100|[from] item: Leftovers
|-damage|p2a: Dragapult|34/100 tox|[from] psn
|upkeep
|turn|11
|
|t:|1760429748
|-activate|p2a: Dragapult|confusion
|move|p2a: Dragapult|Shadow Ball|p1a: Factory
|-crit|p1a: Factory
|-damage|p1a: Factory|0 fnt
|faint|p1a: Factory
|-end|p1a: Factory|ability: Neutralizing Gas
|
|-damage|p2a: Dragapult|16/100 tox|[from] psn
|upkeep
|
|t:|1760429756
|switch|p1a: Master mochi|Pecharunt, tera:Poison|46/100
|-damage|p1a: Master mochi|34/100|[from] Stealth Rock
|turn|12
|
|t:|1760429764
|-end|p2a: Dragapult|confusion
|move|p2a: Dragapult|Shadow Ball|p1a: Master mochi
|-damage|p1a: Master mochi|0 fnt
|faint|p1a: Master mochi
|
|win|NotK1LL
|raw|Ant blast 3's rating: 1073 &rarr; <strong>1055</strong><br />(-18 for losing)
|raw|NotK1LL's rating: 1128 &rarr; <strong>1149</strong><br />(+21 for winning)
|l|☆NotK1LL
|player|p2|
|l|☆Ant blast 3
|player|p1|
