|j|☆wgy191919
|j|☆WeRrsome
|t:|1760363472
|gametype|singles
|player|p1|wgy191919|2|1555
|player|p2|WeRrsome|265|1538
|gen|9
|tier|[Gen 9] OU
|rated|
|rule|HP Percentage Mod: HP is shown in percentages
|rule|Endless Battle Clause: Forcing endless battles is banned
|rule|Species Clause: Limit one of each Pokémon
|rule|OHKO Clause: OHKO moves are banned
|rule|Evasion Items Clause: Evasion items are banned
|rule|Evasion Moves Clause: Evasion moves are banned
|rule|Evasion Abilities Clause: Evasion abilities are banned
|rule|Sleep Moves Clause: Sleep-inducing moves are banned
|clearpoke
|poke|p1|Dragonite, F|
|poke|p1|Hatterene, F|
|poke|p1|Kyurem|
|poke|p1|Ting-Lu|
|poke|p1|Gengar, M|
|poke|p1|Volcanion|
|poke|p2|Araquanid, F|
|poke|p2|Dragonite, M|
|poke|p2|Magnezone|
|poke|p2|Landorus-Therian, M|
|poke|p2|Iron Treads|
|poke|p2|Gengar, M|
|teampreview
|inactive|Battle timer is ON: inactive players will automatically lose when time's up. (requested by wgy191919)
|
|t:|1760363478
|teamsize|p1|6
|teamsize|p2|6
|start
|switch|p1a: Kyurem|Kyurem|100/100
|switch|p2a: Landorus|Landorus-Therian, M|100/100
|-ability|p2a: Landorus|Intimidate|boost
|-unboost|p1a: Kyurem|atk|1
|-ability|p1a: Kyurem|Pressure
|turn|1
|
|t:|1760363485
|switch|p2a: Iron Treads|Iron Treads|100/100
|move|p1a: Kyurem|Freeze-Dry|p2a: Iron Treads
|-damage|p2a: Iron Treads|72/100
|-status|p2a: Iron Treads|frz
|
|upkeep
|turn|2
|
|t:|1760363490
|move|p1a: Kyurem|Freeze-Dry|p2a: Iron Treads
|-damage|p2a: Iron Treads|43/100 frz
|-curestatus|p2a: Iron Treads|frz|[msg]
|move|p2a: Iron Treads|Knock Off|p1a: Kyurem
|-damage|p1a: Kyurem|75/100
|-enditem|p1a: Kyurem|Choice Specs|[from] move: Knock Off|[of] p2a: Iron Treads
|
|upkeep
|turn|3
|
|t:|1760363497
|move|p1a: Kyurem|Earth Power|p2a: Iron Treads
|-supereffective|p2a: Iron Treads
|-damage|p2a: Iron Treads|11/100
|move|p2a: Iron Treads|Iron Head|p1a: Kyurem
|-supereffective|p1a: Kyurem
|-damage|p1a: Kyurem|19/100
|
|upkeep
|turn|4
|
|t:|1760363508
|move|p1a: Kyurem|Earth Power|p2a: Iron Treads
|-supereffective|p2a: Iron Treads
|-damage|p2a: Iron Treads|0 fnt
|faint|p2a: Iron Treads
|-end|p2a: Iron Treads|Quark Drive|[silent]
|
|upkeep
|
|t:|1760363510
|switch|p2a: Landorus|Landorus-Therian, M|100/100
|-ability|p2a: Landorus|Intimidate|boost
|-unboost|p1a: Kyurem|atk|1
|turn|5
|
|t:|1760363513
|move|p2a: Landorus|U-turn|p1a: Kyurem
|-damage|p1a: Kyurem|0 fnt
|faint|p1a: Kyurem
|l|☆WeRrsome
|inactive|WeRrsome disconnected and has a minute to reconnect!
|player|p2|
|j|☆WeRrsome
|inactive|WeRrsome reconnected and has 130 seconds left.
|player|p2|WeRrsome|265|
|inactive|WeRrsome has 120 seconds left.
|
|t:|1760363557
|switch|p2a: Araquanid|Araquanid, F|100/100|[from] U-turn
|
|upkeep
|
|t:|1760363562
|switch|p1a: Dragonite|Dragonite, F|100/100
|turn|6
|
|t:|1760363568
|switch|p2a: Dragonite|Dragonite, M|100/100
|move|p1a: Dragonite|Earthquake|p2a: Dragonite
|-immune|p2a: Dragonite
|
|upkeep
|turn|7
|
|t:|1760363574
|move|p1a: Dragonite|Dragon Dance|p1a: Dragonite
|-boost|p1a: Dragonite|atk|1
|-boost|p1a: Dragonite|spe|1
|move|p2a: Dragonite|Thunder Wave|p1a: Dragonite
|-status|p1a: Dragonite|par
|
|upkeep
|turn|8
|inactive|WeRrsome has 120 seconds left.
|
|t:|1760363605
|-terastallize|p1a: Dragonite|Fairy
|move|p1a: Dragonite|Dragon Dance|p1a: Dragonite
|-boost|p1a: Dragonite|atk|1
|-boost|p1a: Dragonite|spe|1
|move|p2a: Dragonite|Dragon Tail|p1a: Dragonite
|-immune|p1a: Dragonite
|
|upkeep
|turn|9
|inactive|WeRrsome has 120 seconds left.
|
|t:|1760363624
|switch|p2a: Landorus|Landorus-Therian, M|100/100
|-ability|p2a: Landorus|Intimidate|boost
|-unboost|p1a: Dragonite|atk|1
|move|p1a: Dragonite|Dragon Dance|p1a: Dragonite
|-boost|p1a: Dragonite|atk|1
|-boost|p1a: Dragonite|spe|1
|
|upkeep
|turn|10
|
|t:|1760363635
|-terastallize|p2a: Landorus|Ground
|move|p2a: Landorus|Earthquake|p1a: Dragonite
|-damage|p1a: Dragonite|68/100 par
|move|p1a: Dragonite|Dragon Dance|p1a: Dragonite
|-boost|p1a: Dragonite|atk|1
|-boost|p1a: Dragonite|spe|1
|
|upkeep
|turn|11
|
|t:|1760363640
|move|p2a: Landorus|Earthquake|p1a: Dragonite
|-damage|p1a: Dragonite|0 fnt
|faint|p1a: Dragonite
|
|upkeep
|
|t:|1760363656
|switch|p1a: Volcanion|Volcanion|100/100
|turn|12
|
|t:|1760363659
|move|p2a: Landorus|Earthquake|p1a: Volcanion
|-supereffective|p1a: Volcanion
|-damage|p1a: Volcanion|14/100
|move|p1a: Volcanion|Steam Eruption|p2a: Landorus
|-supereffective|p2a: Landorus
|-damage|p2a: Landorus|0 fnt
|faint|p2a: Landorus
|
|upkeep
|
|t:|1760363676
|switch|p2a: Gengar|Gengar, M|100/100
|turn|13
|
|t:|1760363679
|move|p2a: Gengar|Shadow Ball|p1a: Volcanion
|-damage|p1a: Volcanion|0 fnt
|faint|p1a: Volcanion
|
|upkeep
|
|t:|1760363683
|switch|p1a: Gengar|Gengar, M|100/100
|turn|14
|inactive|WeRrsome has 120 seconds left.
|
|t:|1760363714
|switch|p2a: Dragonite|Dragonite, M|100/100
|move|p1a: Gengar|Shadow Ball|p2a: Dragonite
|-damage|p2a: Dragonite|83/100
|
|upkeep
|turn|15
|inactive|WeRrsome has 120 seconds left.
|
|t:|1760363724
|switch|p1a: Hatterene|Hatterene, F|100/100
|switch|p2a: Magnezone|Magnezone|100/100
|
|upkeep
|turn|16
|
|t:|1760363729
|switch|p1a: Ting-Lu|Ting-Lu|100/100
|-ability|p1a: Ting-Lu|Vessel of Ruin
|move|p2a: Magnezone|Flash Cannon|p1a: Ting-Lu
|-crit|p1a: Ting-Lu
|-damage|p1a: Ting-Lu|41/100
|
|-heal|p1a: Ting-Lu|47/100|[from] item: Leftovers
|upkeep
|turn|17
|
|t:|1760363737
|switch|p2a: Araquanid|Araquanid, F|100/100
|move|p1a: Ting-Lu|Earthquake|p2a: Araquanid
|-resisted|p2a: Araquanid
|-crit|p2a: Araquanid
|-damage|p2a: Araquanid|70/100
|
|-heal|p1a: Ting-Lu|53/100|[from] item: Leftovers
|upkeep
|turn|18
|
|t:|1760363743
|switch|p1a: Hatterene|Hatterene, F|100/100
|move|p2a: Araquanid|Liquidation|p1a: Hatterene
|-damage|p1a: Hatterene|36/100
|
|upkeep
|turn|19
|
|t:|1760363749
|move|p1a: Hatterene|Draining Kiss|p2a: Araquanid
|-damage|p2a: Araquanid|50/100
|-heal|p1a: Hatterene|53/100|[from] drain|[of] p2a: Araquanid
|move|p2a: Araquanid|Liquidation|p1a: Hatterene
|-damage|p1a: Hatterene|0 fnt
|faint|p1a: Hatterene
|
|upkeep
|
|t:|1760363756
|switch|p1a: Gengar|Gengar, M|100/100
|turn|20
|
|t:|1760363757
|move|p1a: Gengar|Sludge Wave|p2a: Araquanid
|-damage|p2a: Araquanid|14/100
|move|p2a: Araquanid|Liquidation|p1a: Gengar
|-damage|p1a: Gengar|0 fnt
|faint|p1a: Gengar
|
|upkeep
|-message|wgy191919 forfeited.
|
|win|WeRrsome
|raw|wgy191919's rating: 1555 &rarr; <strong>1534</strong><br />(-21 for losing)
|raw|WeRrsome's rating: 1538 &rarr; <strong>1559</strong><br />(+21 for winning)
|l|☆wgy191919
|player|p1|
|l|☆WeRrsome
|player|p2|
