|j|☆magearna2
|j|☆ThePerfectTeam
|t:|1760430378
|gametype|singles
|player|p1|magearna2|akari|1170
|player|p2|ThePerfectTeam|workerice|1147
|gen|9
|tier|[Gen 9] OU
|rated|
|rule|HP Percentage Mod: HP is shown in percentages
|rule|Endless Battle Clause: Forcing endless battles is banned
|rule|Species Clause: Limit one of each Pokémon
|rule|OHKO Clause: OHKO moves are banned
|rule|Evasion Items Clause: Evasion items are banned
|rule|Evasion Moves Clause: Evasion moves are banned
|rule|Evasion Abilities Clause: Evasion abilities are banned
|rule|Sleep Moves Clause: Sleep-inducing moves are banned
|clearpoke
|poke|p1|Walking Wake|
|poke|p1|Torkoal, F|
|poke|p1|Great Tusk|
|poke|p1|Iron Valiant|
|poke|p1|Kingambit, F|
|poke|p1|Hatterene, F|
|poke|p2|Gholdengo|
|poke|p2|Scizor, F|
|poke|p2|Dragapult, F|
|poke|p2|Corviknight, M|
|poke|p2|Garganacl, M|
|poke|p2|Gengar, M|
|teampreview
|inactive|Battle timer is ON: inactive players will automatically lose when time's up. (requested by ThePerfectTeam)
|inactive|magearna2 also wants the timer to be on.
|
|t:|1760430388
|teamsize|p1|6
|teamsize|p2|6
|start
|switch|p1a: Torkoal|Torkoal, F|100/100
|switch|p2a: Dragapult|Dragapult, F|100/100
|-weather|SunnyDay|[from] ability: Drought|[of] p1a: Torkoal
|turn|1
|
|t:|1760430397
|move|p2a: Dragapult|Shadow Ball|p1a: Torkoal
|-damage|p1a: Torkoal|33/100
|move|p1a: Torkoal|Will-O-Wisp|p2a: Dragapult
|-status|p2a: Dragapult|brn
|
|-weather|SunnyDay|[upkeep]
|-damage|p2a: Dragapult|95/100 brn|[from] brn
|upkeep
|turn|2
|
|t:|1760430409
|switch|p2a: Scizor|Scizor, F|100/100
|switch|p1a: Kingambit|Kingambit, F|100/100
|
|-weather|SunnyDay|[upkeep]
|upkeep
|turn|3
|
|t:|1760430418
|-end|p1a: Kingambit|fallenundefined|[silent]
|switch|p1a: Hatterene|Hatterene, F|100/100
|move|p2a: Scizor|U-turn|p1a: Hatterene
|-damage|p1a: Hatterene|45/100
|-enditem|p1a: Hatterene|Eject Button
|
|t:|1760430431
|switch|p1a: Iron Valiant|Iron Valiant|100/100
|-enditem|p1a: Iron Valiant|Booster Energy
|-activate|p1a: Iron Valiant|ability: Quark Drive|[fromitem]
|-start|p1a: Iron Valiant|quarkdrivespe
|
|-weather|SunnyDay|[upkeep]
|upkeep
|turn|4
|
|t:|1760430459
|move|p1a: Iron Valiant|Knock Off|p2a: Scizor
|-crit|p2a: Scizor
|-damage|p2a: Scizor|61/100
|-enditem|p2a: Scizor|Choice Band|[from] move: Knock Off|[of] p1a: Iron Valiant
|move|p2a: Scizor|U-turn|p1a: Iron Valiant
|-resisted|p1a: Iron Valiant
|-damage|p1a: Iron Valiant|87/100
|
|t:|1760430471
|switch|p2a: Gengar|Gengar, M|100/100|[from] U-turn
|
|-weather|SunnyDay|[upkeep]
|upkeep
|turn|5
|
|t:|1760430483
|move|p1a: Iron Valiant|Knock Off|p2a: Gengar
|-supereffective|p2a: Gengar
|-damage|p2a: Gengar|6/100
|-enditem|p2a: Gengar|Choice Scarf|[from] move: Knock Off|[of] p1a: Iron Valiant
|move|p2a: Gengar|Sludge Bomb|p1a: Iron Valiant
|-supereffective|p1a: Iron Valiant
|-damage|p1a: Iron Valiant|0 fnt
|faint|p1a: Iron Valiant
|-end|p1a: Iron Valiant|Quark Drive|[silent]
|
|-weather|SunnyDay|[upkeep]
|upkeep
|inactive|magearna2 has 120 seconds left.
|
|t:|1760430504
|switch|p1a: Kingambit|Kingambit, F|100/100
|-activate|p1a: Kingambit|ability: Supreme Overlord
|-start|p1a: Kingambit|fallen1|[silent]
|turn|6
|inactive|magearna2 has 120 seconds left.
|
|t:|1760430511
|move|p2a: Gengar|Trick|p1a: Kingambit
|-activate|p2a: Gengar|move: Trick|[of] p1a: Kingambit
|-enditem|p1a: Kingambit|Rocky Helmet|[silent]|[from] move: Trick
|-item|p2a: Gengar|Rocky Helmet|[from] move: Trick
|move|p1a: Kingambit|Kowtow Cleave|p2a: Gengar
|-supereffective|p2a: Gengar
|-damage|p2a: Gengar|0 fnt
|-damage|p1a: Kingambit|84/100|[from] item: Rocky Helmet|[of] p2a: Gengar
|-start|p1a: Kingambit|Disable|Kowtow Cleave|[from] ability: Cursed Body|[of] p2a: Gengar
|faint|p2a: Gengar
|
|-weather|SunnyDay|[upkeep]
|upkeep
|
|t:|1760430524
|switch|p2a: Garganacl|Garganacl, M|100/100
|turn|7
|
|t:|1760430529
|-terastallize|p2a: Garganacl|Water
|move|p1a: Kingambit|Swords Dance|p1a: Kingambit
|-boost|p1a: Kingambit|atk|2
|move|p2a: Garganacl|Salt Cure|p1a: Kingambit
|-resisted|p1a: Kingambit
|-damage|p1a: Kingambit|79/100
|-start|p1a: Kingambit|Salt Cure
|
|-weather|SunnyDay|[upkeep]
|-damage|p1a: Kingambit|54/100|[from] Salt Cure
|upkeep
|turn|8
|
|t:|1760430542
|move|p1a: Kingambit|Iron Head|p2a: Garganacl
|-resisted|p2a: Garganacl
|-crit|p2a: Garganacl
|-damage|p2a: Garganacl|46/100
|move|p2a: Garganacl|Stealth Rock|p1a: Kingambit
|-sidestart|p1: magearna2|move: Stealth Rock
|
|-weather|none
|-heal|p2a: Garganacl|52/100|[from] item: Leftovers
|-damage|p1a: Kingambit|29/100|[from] Salt Cure
|upkeep
|turn|9
|
|t:|1760430553
|move|p2a: Garganacl|Protect|p2a: Garganacl
|-singleturn|p2a: Garganacl|Protect
|move|p1a: Kingambit|Iron Head|p2a: Garganacl
|-activate|p2a: Garganacl|move: Protect
|
|-heal|p2a: Garganacl|58/100|[from] item: Leftovers
|-damage|p1a: Kingambit|4/100|[from] Salt Cure
|-end|p1a: Kingambit|Disable
|upkeep
|turn|10
|
|t:|1760430564
|move|p1a: Kingambit|Kowtow Cleave|p2a: Garganacl
|-damage|p2a: Garganacl|0 fnt
|faint|p2a: Garganacl
|
|-damage|p1a: Kingambit|0 fnt|[from] Salt Cure
|faint|p1a: Kingambit
|-end|p1a: Kingambit|fallen1|[silent]
|upkeep
|
|t:|1760430575
|switch|p1a: Great Tusk|Great Tusk|100/100
|switch|p2a: Dragapult|Dragapult, F|95/100 brn
|-damage|p1a: Great Tusk|98/100|[from] Stealth Rock
|turn|11
|
|t:|1760430587
|-terastallize|p1a: Great Tusk|Steel
|move|p2a: Dragapult|Shadow Ball|p1a: Great Tusk
|-damage|p1a: Great Tusk|20/100
|move|p1a: Great Tusk|Headlong Rush|p2a: Dragapult
|-damage|p2a: Dragapult|6/100 brn
|-unboost|p1a: Great Tusk|def|1
|-unboost|p1a: Great Tusk|spd|1
|
|-heal|p1a: Great Tusk|26/100|[from] item: Leftovers
|-damage|p2a: Dragapult|0 fnt|[from] brn
|faint|p2a: Dragapult
|upkeep
|
|t:|1760430599
|switch|p2a: Gholdengo|Gholdengo|100/100
|turn|12
|
|t:|1760430602
|move|p2a: Gholdengo|Shadow Ball|p1a: Great Tusk
|-damage|p1a: Great Tusk|0 fnt
|faint|p1a: Great Tusk
|-end|p1a: Great Tusk|Protosynthesis|[silent]
|
|upkeep
|
|t:|1760430607
|switch|p1a: Torkoal|Torkoal, F|33/100
|-damage|p1a: Torkoal|8/100|[from] Stealth Rock
|-weather|SunnyDay|[from] ability: Drought|[of] p1a: Torkoal
|turn|13
|
|t:|1760430613
|move|p2a: Gholdengo|Shadow Ball|p1a: Torkoal
|-damage|p1a: Torkoal|0 fnt
|faint|p1a: Torkoal
|
|-weather|SunnyDay|[upkeep]
|upkeep
|
|t:|1760430618
|switch|p1a: Walking Wake|Walking Wake|100/100
|-damage|p1a: Walking Wake|88/100|[from] Stealth Rock
|-activate|p1a: Walking Wake|ability: Protosynthesis
|-start|p1a: Walking Wake|protosynthesisspa
|turn|14
|
|t:|1760430629
|switch|p2a: Corviknight|Corviknight, M|100/100
|move|p1a: Walking Wake|Flamethrower|p2a: Corviknight
|-supereffective|p2a: Corviknight
|-damage|p2a: Corviknight|0 fnt
|faint|p2a: Corviknight
|
|-weather|SunnyDay|[upkeep]
|upkeep
|
|t:|1760430638
|switch|p2a: Scizor|Scizor, F|61/100
|turn|15
|
|t:|1760430642
|move|p2a: Scizor|Bullet Punch|p1a: Walking Wake
|-resisted|p1a: Walking Wake
|-damage|p1a: Walking Wake|69/100
|move|p1a: Walking Wake|Flamethrower|p2a: Scizor
|-supereffective|p2a: Scizor
|-damage|p2a: Scizor|0 fnt
|faint|p2a: Scizor
|
|-weather|SunnyDay|[upkeep]
|upkeep
|
|t:|1760430648
|switch|p2a: Gholdengo|Gholdengo|100/100
|turn|16
|
|t:|1760430656
|move|p2a: Gholdengo|Shadow Ball|p1a: Walking Wake
|-damage|p1a: Walking Wake|17/100
|move|p1a: Walking Wake|Flamethrower|p2a: Gholdengo
|-supereffective|p2a: Gholdengo
|-crit|p2a: Gholdengo
|-damage|p2a: Gholdengo|0 fnt
|faint|p2a: Gholdengo
|
|win|magearna2
|raw|magearna2's rating: 1170 &rarr; <strong>1193</strong><br />(+23 for winning)
|raw|ThePerfectTeam's rating: 1147 &rarr; <strong>1124</strong><br />(-23 for losing)
|l|☆ThePerfectTeam
|player|p2|
|l|☆magearna2
|player|p1|
