|j|☆skypiaisland
|j|☆Chillrends
|t:|1760404202
|gametype|singles
|player|p1|skypiaisland|101|1505
|player|p2|Chillrends|wallace|1450
|gen|9
|tier|[Gen 9] OU
|rated|
|rule|HP Percentage Mod: HP is shown in percentages
|rule|Endless Battle Clause: Forcing endless battles is banned
|rule|Species Clause: Limit one of each Pokémon
|rule|OHKO Clause: OHKO moves are banned
|rule|Evasion Items Clause: Evasion items are banned
|rule|Evasion Moves Clause: Evasion moves are banned
|rule|Evasion Abilities Clause: Evasion abilities are banned
|rule|Sleep Moves Clause: Sleep-inducing moves are banned
|clearpoke
|poke|p1|Samurott-Hisui, M|
|poke|p1|Deoxys-Speed|
|poke|p1|Indeedee, M|
|poke|p1|Polteageist-Antique|
|poke|p1|Hatterene, F|
|poke|p1|Iron Treads|
|poke|p2|Landorus-Therian, M|
|poke|p2|Samurott-Hisui, F|
|poke|p2|Pecharunt|
|poke|p2|Scizor, F|
|poke|p2|Latios, M|
|poke|p2|Zamazenta-*|
|teampreview
|
|t:|1760404213
|teamsize|p1|6
|teamsize|p2|6
|start
|switch|p1a: Samurott|Samurott-Hisui, M|100/100
|switch|p2a: Samurott|Samurott-Hisui, F|100/100
|turn|1
|
|t:|1760404220
|switch|p2a: Zamazenta|Zamazenta|100/100
|-ability|p2a: Zamazenta|Dauntless Shield|boost
|-boost|p2a: Zamazenta|def|1
|move|p1a: Samurott|Ceaseless Edge|p2a: Zamazenta|[miss]
|-miss|p1a: Samurott|p2a: Zamazenta
|
|upkeep
|turn|2
|
|t:|1760404223
|switch|p1a: Deoxys|Deoxys-Speed|100/100
|-ability|p1a: Deoxys|Pressure
|move|p2a: Zamazenta|Body Press|p1a: Deoxys
|-resisted|p1a: Deoxys
|-damage|p1a: Deoxys|58/100
|
|upkeep
|turn|3
|
|t:|1760404231
|switch|p1a: Hatterene|Hatterene, F|100/100
|switch|p2a: Samurott|Samurott-Hisui, F|100/100
|
|upkeep
|turn|4
|
|t:|1760404233
|move|p2a: Samurott|Ceaseless Edge|p1a: Hatterene
|-damage|p1a: Hatterene|62/100
|-damage|p2a: Samurott|84/100|[from] item: Rocky Helmet|[of] p1a: Hatterene
|-sidestart|p1: skypiaisland|Spikes
|move|p1a: Hatterene|Draining Kiss|p2a: Samurott
|-supereffective|p2a: Samurott
|-damage|p2a: Samurott|38/100
|-heal|p1a: Hatterene|99/100|[from] drain|[of] p2a: Samurott
|
|upkeep
|turn|5
|
|t:|1760404238
|switch|p2a: Pecharunt|Pecharunt|100/100
|move|p1a: Hatterene|Draining Kiss|p2a: Pecharunt
|-resisted|p2a: Pecharunt
|-damage|p2a: Pecharunt|90/100
|-heal|p1a: Hatterene|100/100|[from] drain|[of] p2a: Pecharunt
|
|upkeep
|turn|6
|
|t:|1760404245
|move|p2a: Pecharunt|Shadow Ball|p1a: Hatterene
|-supereffective|p1a: Hatterene
|-damage|p1a: Hatterene|46/100
|move|p1a: Hatterene|Psychic Noise|p2a: Pecharunt
|-supereffective|p2a: Pecharunt
|-damage|p2a: Pecharunt|23/100
|-start|p2a: Pecharunt|move: Heal Block
|
|upkeep
|turn|7
|
|t:|1760404254
|switch|p1a: Samurott|Samurott-Hisui, M|100/100
|-damage|p1a: Samurott|88/100|[from] Spikes
|move|p2a: Pecharunt|Parting Shot|p1a: Samurott
|-unboost|p1a: Samurott|atk|1
|-unboost|p1a: Samurott|spa|1
|
|t:|1760404257
|switch|p2a: Zamazenta|Zamazenta|100/100|[from] Parting Shot
|
|upkeep
|turn|8
|
|t:|1760404260
|switch|p1a: Hatterene|Hatterene, F|46/100
|-damage|p1a: Hatterene|34/100|[from] Spikes
|move|p2a: Zamazenta|Body Press|p1a: Hatterene
|-resisted|p1a: Hatterene
|-damage|p1a: Hatterene|26/100
|-damage|p2a: Zamazenta|84/100|[from] item: Rocky Helmet|[of] p1a: Hatterene
|
|-heal|p2a: Zamazenta|90/100|[from] item: Leftovers
|upkeep
|turn|9
|
|t:|1760404266
|switch|p2a: Scizor|Scizor, F|100/100
|-terastallize|p1a: Hatterene|Water
|move|p1a: Hatterene|Pain Split|p2a: Scizor
|-sethp|p2a: Scizor|65/100|[from] move: Pain Split|[silent]
|-sethp|p1a: Hatterene|57/100|[from] move: Pain Split
|
|upkeep
|turn|10
|
|t:|1760404269
|-terastallize|p2a: Scizor|Electric
|move|p2a: Scizor|Tera Blast|p1a: Hatterene|[anim] Tera Blast Electric
|-supereffective|p1a: Hatterene
|-damage|p1a: Hatterene|0 fnt
|faint|p1a: Hatterene
|
|upkeep
|
|t:|1760404272
|switch|p1a: Iron Treads|Iron Treads|100/100
|-damage|p1a: Iron Treads|88/100|[from] Spikes
|turn|11
|
|t:|1760404274
|switch|p2a: Pecharunt|Pecharunt|23/100
|move|p1a: Iron Treads|Stealth Rock|p2a: Pecharunt
|-sidestart|p2: Chillrends|move: Stealth Rock
|
|-heal|p1a: Iron Treads|94/100|[from] item: Leftovers
|upkeep
|turn|12
|
|t:|1760404279
|switch|p2a: Landorus|Landorus-Therian, M|100/100
|-damage|p2a: Landorus|88/100|[from] Stealth Rock
|-ability|p2a: Landorus|Intimidate|boost
|-unboost|p1a: Iron Treads|atk|1
|move|p1a: Iron Treads|Earthquake|p2a: Landorus
|-immune|p2a: Landorus
|
|-heal|p1a: Iron Treads|100/100|[from] item: Leftovers
|upkeep
|turn|13
|
|t:|1760404282
|move|p1a: Iron Treads|Rapid Spin|p2a: Landorus
|-damage|p2a: Landorus|78/100
|-boost|p1a: Iron Treads|spe|1
|-damage|p1a: Iron Treads|84/100|[from] item: Rocky Helmet|[of] p2a: Landorus
|-sideend|p1: skypiaisland|Spikes|[from] move: Rapid Spin|[of] p1a: Iron Treads
|move|p2a: Landorus|Earthquake|p1a: Iron Treads
|-supereffective|p1a: Iron Treads
|-damage|p1a: Iron Treads|5/100
|
|-heal|p1a: Iron Treads|11/100|[from] item: Leftovers
|upkeep
|turn|14
|
|t:|1760404284
|move|p1a: Iron Treads|Knock Off|p2a: Landorus
|-damage|p2a: Landorus|57/100
|-damage|p1a: Iron Treads|0 fnt|[from] item: Rocky Helmet|[of] p2a: Landorus
|faint|p1a: Iron Treads
|-end|p1a: Iron Treads|Quark Drive|[silent]
|move|p2a: Landorus|Stealth Rock|p1: Iron Treads
|-sidestart|p1: skypiaisland|move: Stealth Rock
|
|upkeep
|
|t:|1760404286
|switch|p1a: Samurott|Samurott-Hisui, M|88/100
|-damage|p1a: Samurott|76/100|[from] Stealth Rock
|turn|15
|
|t:|1760404289
|move|p2a: Landorus|U-turn|p1a: Samurott
|-supereffective|p1a: Samurott
|-damage|p1a: Samurott|14/100
|
|t:|1760404293
|switch|p2a: Pecharunt|Pecharunt|23/100|[from] U-turn
|move|p1a: Samurott|Ceaseless Edge|p2a: Pecharunt
|-supereffective|p2a: Pecharunt
|-damage|p2a: Pecharunt|0 fnt
|-sidestart|p2: Chillrends|Spikes
|faint|p2a: Pecharunt
|
|upkeep
|
|t:|1760404295
|switch|p2a: Samurott|Samurott-Hisui, F|38/100
|-damage|p2a: Samurott|26/100|[from] Stealth Rock
|-damage|p2a: Samurott|13/100|[from] Spikes
|turn|16
|
|t:|1760404297
|move|p1a: Samurott|Sucker Punch|p2a: Samurott
|-resisted|p2a: Samurott
|-damage|p2a: Samurott|0 fnt
|faint|p2a: Samurott
|
|upkeep
|
|t:|1760404300
|switch|p2a: Zamazenta|Zamazenta|90/100
|-damage|p2a: Zamazenta|84/100|[from] Stealth Rock
|-damage|p2a: Zamazenta|71/100|[from] Spikes
|turn|17
|
|t:|1760404302
|move|p2a: Zamazenta|Iron Defense|p2a: Zamazenta
|-boost|p2a: Zamazenta|def|2
|move|p1a: Samurott|Ceaseless Edge|p2a: Zamazenta
|-resisted|p2a: Zamazenta
|-damage|p2a: Zamazenta|62/100
|-sidestart|p2: Chillrends|Spikes
|
|-heal|p2a: Zamazenta|68/100|[from] item: Leftovers
|upkeep
|turn|18
|
|t:|1760404304
|move|p2a: Zamazenta|Iron Defense|p2a: Zamazenta
|-boost|p2a: Zamazenta|def|2
|move|p1a: Samurott|Ceaseless Edge|p2a: Zamazenta
|-resisted|p2a: Zamazenta
|-damage|p2a: Zamazenta|61/100
|-sidestart|p2: Chillrends|Spikes
|
|-heal|p2a: Zamazenta|67/100|[from] item: Leftovers
|upkeep
|turn|19
|
|t:|1760404306
|switch|p1a: Indeedee|Indeedee, M|100/100
|-damage|p1a: Indeedee|88/100|[from] Stealth Rock
|-fieldstart|move: Psychic Terrain|[from] ability: Psychic Surge|[of] p1a: Indeedee
|move|p2a: Zamazenta|Iron Defense|p2a: Zamazenta
|-boost|p2a: Zamazenta|def|2
|
|-heal|p2a: Zamazenta|73/100|[from] item: Leftovers
|upkeep
|turn|20
|
|t:|1760404311
|move|p2a: Zamazenta|Body Press|p1a: Indeedee
|-damage|p1a: Indeedee|0 fnt
|faint|p1a: Indeedee
|
|-heal|p2a: Zamazenta|79/100|[from] item: Leftovers
|upkeep
|
|t:|1760404315
|switch|p1a: Deoxys|Deoxys-Speed|58/100
|-ability|p1a: Deoxys|Pressure
|turn|21
|
|t:|1760404320
|switch|p2a: Latios|Latios, M|100/100
|-damage|p2a: Latios|88/100|[from] Stealth Rock
|move|p1a: Deoxys|Expanding Force|p2a: Latios
|-resisted|p2a: Latios
|-damage|p2a: Latios|53/100
|
|upkeep
|turn|22
|
|t:|1760404330
|move|p1a: Deoxys|Expanding Force|p2a: Latios
|-resisted|p2a: Latios
|-damage|p2a: Latios|15/100
|move|p2a: Latios|Calm Mind|p2a: Latios
|-boost|p2a: Latios|spa|1
|-boost|p2a: Latios|spd|1
|
|upkeep
|turn|23
|
|t:|1760404332
|move|p1a: Deoxys|Expanding Force|p2a: Latios
|-resisted|p2a: Latios
|-damage|p2a: Latios|0 fnt
|faint|p2a: Latios
|
|upkeep
|
|t:|1760404334
|switch|p2a: Landorus|Landorus-Therian, M|57/100
|-damage|p2a: Landorus|45/100|[from] Stealth Rock
|-ability|p2a: Landorus|Intimidate|boost
|-unboost|p1a: Deoxys|atk|1
|turn|24
|
|t:|1760404337
|move|p1a: Deoxys|Expanding Force|p2a: Landorus
|-damage|p2a: Landorus|0 fnt
|faint|p2a: Landorus
|
|upkeep
|
|t:|1760404344
|switch|p2a: Scizor|Scizor, F, tera:Electric|65/100
|turn|25
|
|t:|1760404346
|move|p2a: Scizor|Bullet Punch|p1a: Deoxys
|-activate|p1a: Deoxys|move: Psychic Terrain
|move|p1a: Deoxys|Expanding Force|p2a: Scizor
|-damage|p2a: Scizor|0 fnt
|faint|p2a: Scizor
|
|upkeep
|
|t:|1760404347
|switch|p2a: Zamazenta|Zamazenta|79/100
|-damage|p2a: Zamazenta|73/100|[from] Stealth Rock
|-damage|p2a: Zamazenta|48/100|[from] Spikes
|turn|26
|
|t:|1760404349
|move|p1a: Deoxys|Expanding Force|p2a: Zamazenta
|-supereffective|p2a: Zamazenta
|-damage|p2a: Zamazenta|0 fnt
|faint|p2a: Zamazenta
|
|win|skypiaisland
|raw|skypiaisland's rating: 1505 &rarr; <strong>1522</strong><br />(+17 for winning)
|raw|Chillrends's rating: 1450 &rarr; <strong>1433</strong><br />(-17 for losing)
|l|☆Chillrends
|player|p2|
