|j|‽tasty sardine 408
|j|☆jamescordensucks
|t:|1760389464
|gametype|singles
|player|p1|tasty sardine 408|harlequin|1561
|player|p2|jamescordensucks|harlequin|1613
|gen|9
|tier|[Gen 9] OU
|rated|
|rule|HP Percentage Mod: HP is shown in percentages
|rule|Endless Battle Clause: Forcing endless battles is banned
|rule|Species Clause: Limit one of each Pokémon
|rule|OHKO Clause: OHKO moves are banned
|rule|Evasion Items Clause: Evasion items are banned
|rule|Evasion Moves Clause: Evasion moves are banned
|rule|Evasion Abilities Clause: Evasion abilities are banned
|rule|Sleep Moves Clause: Sleep-inducing moves are banned
|clearpoke
|poke|p1|Umbreon, F|
|poke|p1|Serperior, M|
|poke|p1|Cresselia, F|
|poke|p1|Revavroom, F|
|poke|p1|Skeledirge, F|
|poke|p1|Manaphy|
|poke|p2|Dragonite, M|
|poke|p2|Great Tusk|
|poke|p2|Ogerpon-Cornerstone, F|
|poke|p2|Corviknight, M|
|poke|p2|Gholdengo|
|poke|p2|Iron Moth|
|teampreview
|inactive|Battle timer is ON: inactive players will automatically lose when time's up. (requested by tasty sardine 408)
|
|t:|1760389488
|teamsize|p1|6
|teamsize|p2|6
|start
|switch|p1a: Serperior|Serperior, M, shiny|100/100
|switch|p2a: Ogerpon|Ogerpon-Cornerstone, F|100/100
|turn|1
|
|t:|1760389496
|switch|p2a: Dragonite|Dragonite, M|100/100
|move|p1a: Serperior|Glare|p2a: Dragonite
|-status|p2a: Dragonite|par
|
|upkeep
|turn|2
|
|t:|1760389502
|switch|p1a: Umbreon|Umbreon, F, shiny|100/100
|move|p2a: Dragonite|Dragon Dance|p2a: Dragonite
|-boost|p2a: Dragonite|atk|1
|-boost|p2a: Dragonite|spe|1
|
|upkeep
|turn|3
|
|t:|1760389510
|-terastallize|p2a: Dragonite|Flying
|move|p2a: Dragonite|Tera Blast|p1a: Umbreon|[anim] Tera Blast Flying
|-damage|p1a: Umbreon|27/100
|move|p1a: Umbreon|Foul Play|p2a: Dragonite
|-damage|p2a: Dragonite|52/100 par
|
|-heal|p1a: Umbreon|33/100|[from] item: Leftovers
|upkeep
|turn|4
|
|t:|1760389515
|move|p1a: Umbreon|Protect|p1a: Umbreon
|-singleturn|p1a: Umbreon|Protect
|move|p2a: Dragonite|Tera Blast|p1a: Umbreon|[anim] Tera Blast Flying
|-activate|p1a: Umbreon|move: Protect
|
|-heal|p1a: Umbreon|39/100|[from] item: Leftovers
|upkeep
|turn|5
|
|t:|1760389517
|move|p2a: Dragonite|Encore|p1a: Umbreon
|-start|p1a: Umbreon|Encore
|move|p1a: Umbreon|Protect||[still]
|-fail|p1a: Umbreon
|
|-heal|p1a: Umbreon|45/100|[from] item: Leftovers
|upkeep
|turn|6
|
|t:|1760389519
|move|p1a: Umbreon|Protect|p1a: Umbreon
|-singleturn|p1a: Umbreon|Protect
|move|p2a: Dragonite|Dragon Dance|p2a: Dragonite
|-boost|p2a: Dragonite|atk|1
|-boost|p2a: Dragonite|spe|1
|
|-heal|p1a: Umbreon|51/100|[from] item: Leftovers
|upkeep
|turn|7
|
|t:|1760389522
|switch|p1a: Skeledirge|Skeledirge, F, shiny|100/100
|move|p2a: Dragonite|Tera Blast|p1a: Skeledirge|[anim] Tera Blast Flying
|-damage|p1a: Skeledirge|45/100
|
|upkeep
|turn|8
|
|t:|1760389527
|cant|p2a: Dragonite|par
|move|p1a: Skeledirge|Hex|p2a: Dragonite
|-damage|p2a: Dragonite|2/100 par
|
|upkeep
|turn|9
|
|t:|1760389530
|move|p2a: Dragonite|Tera Blast|p1a: Skeledirge|[anim] Tera Blast Flying
|-damage|p1a: Skeledirge|0 fnt
|faint|p1a: Skeledirge
|
|upkeep
|
|t:|1760389533
|switch|p1a: Serperior|Serperior, M, shiny|100/100
|turn|10
|
|t:|1760389535
|switch|p2a: Iron Moth|Iron Moth|100/100
|-enditem|p2a: Iron Moth|Booster Energy
|-activate|p2a: Iron Moth|ability: Quark Drive|[fromitem]
|-start|p2a: Iron Moth|quarkdrivespe
|move|p1a: Serperior|Leaf Storm|p2a: Iron Moth
|-resisted|p2a: Iron Moth
|-damage|p2a: Iron Moth|91/100
|-boost|p1a: Serperior|spa|2
|
|upkeep
|turn|11
|
|t:|1760389538
|-terastallize|p1a: Serperior|Electric
|move|p2a: Iron Moth|Fiery Dance|p1a: Serperior
|-damage|p1a: Serperior|58/100
|-boost|p2a: Iron Moth|spa|1
|move|p1a: Serperior|Glare|p2a: Iron Moth
|-status|p2a: Iron Moth|par
|
|-heal|p1a: Serperior|64/100|[from] item: Leftovers
|upkeep
|turn|12
|
|t:|1760389546
|switch|p1a: Umbreon|Umbreon, F, shiny|51/100
|move|p2a: Iron Moth|Fiery Dance|p1a: Umbreon
|-damage|p1a: Umbreon|18/100
|
|-heal|p1a: Umbreon|24/100|[from] item: Leftovers
|upkeep
|turn|13
|
|t:|1760389549
|move|p1a: Umbreon|Protect|p1a: Umbreon
|-singleturn|p1a: Umbreon|Protect
|move|p2a: Iron Moth|Fiery Dance|p1a: Umbreon
|-activate|p1a: Umbreon|move: Protect
|
|-heal|p1a: Umbreon|30/100|[from] item: Leftovers
|upkeep
|turn|14
|
|t:|1760389550
|cant|p2a: Iron Moth|par
|move|p1a: Umbreon|Wish|p1a: Umbreon
|
|-heal|p1a: Umbreon|36/100|[from] item: Leftovers
|upkeep
|turn|15
|
|t:|1760389554
|move|p1a: Umbreon|Protect|p1a: Umbreon
|-singleturn|p1a: Umbreon|Protect
|cant|p2a: Iron Moth|par
|
|-heal|p1a: Umbreon|86/100|[from] move: Wish|[wisher] Umbreon
|-heal|p1a: Umbreon|92/100|[from] item: Leftovers
|upkeep
|turn|16
|
|t:|1760389566
|move|p2a: Iron Moth|Fiery Dance|p1a: Umbreon
|-damage|p1a: Umbreon|56/100
|-boost|p2a: Iron Moth|spa|1
|move|p1a: Umbreon|Foul Play|p2a: Iron Moth
|-damage|p2a: Iron Moth|66/100 par
|
|-heal|p1a: Umbreon|62/100|[from] item: Leftovers
|upkeep
|turn|17
|
|t:|1760389572
|move|p1a: Umbreon|Protect|p1a: Umbreon
|-singleturn|p1a: Umbreon|Protect
|move|p2a: Iron Moth|Substitute|p2a: Iron Moth
|-start|p2a: Iron Moth|Substitute
|-damage|p2a: Iron Moth|41/100 par
|
|-heal|p1a: Umbreon|68/100|[from] item: Leftovers
|upkeep
|turn|18
|
|t:|1760389575
|move|p2a: Iron Moth|Dazzling Gleam|p1a: Umbreon
|-supereffective|p1a: Umbreon
|-damage|p1a: Umbreon|4/100
|move|p1a: Umbreon|Foul Play|p2a: Iron Moth
|-end|p2a: Iron Moth|Substitute
|
|-heal|p1a: Umbreon|10/100|[from] item: Leftovers
|upkeep
|turn|19
|
|t:|1760389577
|move|p2a: Iron Moth|Substitute|p2a: Iron Moth
|-start|p2a: Iron Moth|Substitute
|-damage|p2a: Iron Moth|16/100 par
|move|p1a: Umbreon|Foul Play|p2a: Iron Moth
|-end|p2a: Iron Moth|Substitute
|
|-heal|p1a: Umbreon|16/100|[from] item: Leftovers
|upkeep
|turn|20
|
|t:|1760389581
|move|p1a: Umbreon|Protect|p1a: Umbreon
|-singleturn|p1a: Umbreon|Protect
|move|p2a: Iron Moth|Fiery Dance|p1a: Umbreon
|-activate|p1a: Umbreon|move: Protect
|
|-heal|p1a: Umbreon|22/100|[from] item: Leftovers
|upkeep
|turn|21
|
|t:|1760389584
|move|p2a: Iron Moth|Fiery Dance|p1a: Umbreon
|-damage|p1a: Umbreon|0 fnt
|faint|p1a: Umbreon
|
|upkeep
|
|t:|1760389586
|switch|p1a: Manaphy|Manaphy, shiny|100/100
|turn|22
|
|t:|1760389589
|move|p1a: Manaphy|Scald|p2a: Iron Moth
|-supereffective|p2a: Iron Moth
|-damage|p2a: Iron Moth|0 fnt
|faint|p2a: Iron Moth
|-end|p2a: Iron Moth|Quark Drive|[silent]
|
|upkeep
|
|t:|1760389591
|switch|p2a: Ogerpon|Ogerpon-Cornerstone, F|100/100
|turn|23
|
|t:|1760389595
|switch|p1a: Serperior|Serperior, M, shiny, tera:Electric|64/100
|move|p2a: Ogerpon|Swords Dance|p2a: Ogerpon
|-boost|p2a: Ogerpon|atk|2
|
|-heal|p1a: Serperior|70/100|[from] item: Leftovers
|upkeep
|turn|24
|
|t:|1760389607
|move|p1a: Serperior|Glare|p2a: Ogerpon
|-status|p2a: Ogerpon|par
|move|p2a: Ogerpon|Ivy Cudgel|p1a: Serperior|[anim] Ivy Cudgel Rock
|-damage|p1a: Serperior|0 fnt
|faint|p1a: Serperior
|
|upkeep
|
|t:|1760389611
|switch|p1a: Revavroom|Revavroom, F, shiny|100/100
|-item|p1a: Revavroom|Air Balloon
|turn|25
|
|t:|1760389614
|move|p1a: Revavroom|Shift Gear|p1a: Revavroom
|-boost|p1a: Revavroom|spe|2
|-boost|p1a: Revavroom|atk|1
|move|p2a: Ogerpon|Low Kick|p1a: Revavroom
|-damage|p1a: Revavroom|23/100
|-enditem|p1a: Revavroom|Air Balloon
|
|upkeep
|turn|26
|
|t:|1760389622
|switch|p2a: Corviknight|Corviknight, M|100/100
|-ability|p2a: Corviknight|Pressure
|move|p1a: Revavroom|Iron Head|p2a: Corviknight
|-resisted|p2a: Corviknight
|-damage|p2a: Corviknight|82/100
|-damage|p1a: Revavroom|6/100|[from] item: Rocky Helmet|[of] p2a: Corviknight
|
|upkeep
|turn|27
|
|t:|1760389625
|move|p1a: Revavroom|Iron Head|p2a: Corviknight
|-resisted|p2a: Corviknight
|-damage|p2a: Corviknight|63/100
|-damage|p1a: Revavroom|0 fnt|[from] item: Rocky Helmet|[of] p2a: Corviknight
|faint|p1a: Revavroom
|move|p2a: Corviknight|U-turn|p1: Revavroom|[notarget]
|-fail|p2a: Corviknight
|
|upkeep
|
|t:|1760389627
|switch|p1a: Manaphy|Manaphy, shiny|100/100
|turn|28
|
|t:|1760389630
|move|p1a: Manaphy|Acid Armor|p1a: Manaphy
|-boost|p1a: Manaphy|def|2
|move|p2a: Corviknight|U-turn|p1a: Manaphy
|-damage|p1a: Manaphy|94/100
|
|t:|1760389636
|switch|p2a: Gholdengo|Gholdengo|100/100|[from] U-turn
|-item|p2a: Gholdengo|Air Balloon
|
|-heal|p1a: Manaphy|100/100|[from] item: Leftovers
|upkeep
|turn|29
|
|t:|1760389639
|move|p1a: Manaphy|Scald|p2a: Gholdengo
|-damage|p2a: Gholdengo|69/100
|-enditem|p2a: Gholdengo|Air Balloon
|move|p2a: Gholdengo|Thunder Wave|p1a: Manaphy
|-status|p1a: Manaphy|par
|
|upkeep
|turn|30
|
|t:|1760389649
|move|p2a: Gholdengo|Hex|p1a: Manaphy
|-damage|p1a: Manaphy|40/100 par
|move|p1a: Manaphy|Take Heart|p1a: Manaphy
|-boost|p1a: Manaphy|spa|1
|-boost|p1a: Manaphy|spd|1
|-curestatus|p1a: Manaphy|par|[msg]
|
|-heal|p1a: Manaphy|46/100|[from] item: Leftovers
|upkeep
|turn|31
|
|t:|1760389661
|switch|p2a: Ogerpon|Ogerpon-Cornerstone, F|100/100 par
|move|p1a: Manaphy|Scald|p2a: Ogerpon
|-damage|p2a: Ogerpon|56/100 par
|
|-heal|p1a: Manaphy|52/100|[from] item: Leftovers
|upkeep
|turn|32
|
|t:|1760389665
|move|p1a: Manaphy|Acid Armor|p1a: Manaphy
|-boost|p1a: Manaphy|def|2
|move|p2a: Ogerpon|Horn Leech|p1a: Manaphy
|-supereffective|p1a: Manaphy
|-damage|p1a: Manaphy|27/100
|-heal|p2a: Ogerpon|73/100 par|[from] drain|[of] p1a: Manaphy
|
|-heal|p1a: Manaphy|33/100|[from] item: Leftovers
|upkeep
|turn|33
|
|t:|1760389669
|move|p1a: Manaphy|Acid Armor|p1a: Manaphy
|-boost|p1a: Manaphy|def|2
|move|p2a: Ogerpon|Horn Leech|p1a: Manaphy
|-supereffective|p1a: Manaphy
|-damage|p1a: Manaphy|14/100
|-heal|p2a: Ogerpon|86/100 par|[from] drain|[of] p1a: Manaphy
|
|-heal|p1a: Manaphy|20/100|[from] item: Leftovers
|upkeep
|turn|34
|
|t:|1760389672
|move|p1a: Manaphy|Take Heart|p1a: Manaphy
|-boost|p1a: Manaphy|spa|1
|-boost|p1a: Manaphy|spd|1
|cant|p2a: Ogerpon|par
|
|-heal|p1a: Manaphy|26/100|[from] item: Leftovers
|upkeep
|turn|35
|
|t:|1760389674
|move|p1a: Manaphy|Stored Power|p2a: Ogerpon
|-damage|p2a: Ogerpon|0 fnt
|faint|p2a: Ogerpon
|
|-heal|p1a: Manaphy|33/100|[from] item: Leftovers
|upkeep
|-message|jamescordensucks forfeited.
|
|win|tasty sardine 408
|raw|tasty sardine 408's rating: 1561 &rarr; <strong>1584</strong><br />(+23 for winning)
|raw|jamescordensucks's rating: 1613 &rarr; <strong>1590</strong><br />(-23 for losing)
|l|☆jamescordensucks
|player|p2|
|l|‽tasty sardine 408
|player|p1|
