|j|☆SBYK
|j|☆MrHankHill
|t:|1760316911
|gametype|singles
|player|p1|SBYK|aaron|1335
|player|p2|MrHankHill|wattson|1362
|gen|9
|tier|[Gen 9] OU
|rated|
|rule|HP Percentage Mod: HP is shown in percentages
|rule|Endless Battle Clause: Forcing endless battles is banned
|rule|Species Clause: Limit one of each Pokémon
|rule|OHKO Clause: OHKO moves are banned
|rule|Evasion Items Clause: Evasion items are banned
|rule|Evasion Moves Clause: Evasion moves are banned
|rule|Evasion Abilities Clause: Evasion abilities are banned
|rule|Sleep Moves Clause: Sleep-inducing moves are banned
|clearpoke
|poke|p1|Landorus-Therian, M|
|poke|p1|Weezing-Galar, M|
|poke|p1|Latias, F|
|poke|p1|Hoopa-Unbound|
|poke|p1|Kyurem|
|poke|p1|Heatran, M|
|poke|p2|Torkoal, M|
|poke|p2|Dragonite, F|
|poke|p2|Great Tusk|
|poke|p2|Raging Bolt|
|poke|p2|Cinderace, F|
|poke|p2|Landorus-Therian, M|
|teampreview
|inactive|Battle timer is ON: inactive players will automatically lose when time's up. (requested by MrHankHill)
|inactive|SBYK also wants the timer to be on.
|
|t:|1760316924
|teamsize|p1|6
|teamsize|p2|6
|start
|switch|p1a: Latias|Latias, F|100/100
|switch|p2a: Raging Bolt|Raging Bolt|100/100
|turn|1
|
|t:|1760316937
|move|p1a: Latias|Trick|p2a: Raging Bolt
|-activate|p1a: Latias|move: Trick|[of] p2a: Raging Bolt
|-item|p2a: Raging Bolt|Choice Scarf|[from] move: Trick
|-item|p1a: Latias|Choice Specs|[from] move: Trick
|move|p2a: Raging Bolt|Volt Switch|p1a: Latias
|-resisted|p1a: Latias
|-damage|p1a: Latias|81/100
|
|t:|1760316943
|-end|p2a: Raging Bolt|Protosynthesis|[silent]
|switch|p2a: Landorus|Landorus-Therian, M|100/100|[from] Volt Switch
|-ability|p2a: Landorus|Intimidate|boost
|-unboost|p1a: Latias|atk|1
|
|upkeep
|turn|2
|
|t:|1760316954
|move|p2a: Landorus|U-turn|p1a: Latias
|-supereffective|p1a: Latias
|-crit|p1a: Latias
|-damage|p1a: Latias|0 fnt
|faint|p1a: Latias
|
|t:|1760316961
|switch|p2a: Cinderace|Cinderace, F|100/100|[from] U-turn
|
|upkeep
|
|t:|1760316965
|switch|p1a: Heatran|Heatran, M|100/100
|turn|3
|
|t:|1760316970
|switch|p2a: Raging Bolt|Raging Bolt|100/100
|move|p1a: Heatran|Iron Defense|p1a: Heatran
|-boost|p1a: Heatran|def|2
|
|upkeep
|turn|4
|
|t:|1760316978
|move|p1a: Heatran|Protect|p1a: Heatran
|-singleturn|p1a: Heatran|Protect
|move|p2a: Raging Bolt|Volt Switch|p1a: Heatran
|-activate|p1a: Heatran|move: Protect
|
|upkeep
|turn|5
|
|t:|1760316984
|move|p2a: Raging Bolt|Volt Switch|p1a: Heatran
|-damage|p1a: Heatran|69/100
|
|t:|1760316990
|-end|p2a: Raging Bolt|Protosynthesis|[silent]
|switch|p2a: Landorus|Landorus-Therian, M|100/100|[from] Volt Switch
|-ability|p2a: Landorus|Intimidate|boost
|-unboost|p1a: Heatran|atk|1
|move|p1a: Heatran|Magma Storm|p2a: Landorus|[miss]
|-miss|p1a: Heatran|p2a: Landorus
|
|-heal|p1a: Heatran|75/100|[from] item: Leftovers
|upkeep
|turn|6
|
|t:|1760316998
|move|p1a: Heatran|Protect|p1a: Heatran
|-singleturn|p1a: Heatran|Protect
|move|p2a: Landorus|Earthquake|p1a: Heatran
|-activate|p1a: Heatran|move: Protect
|
|-heal|p1a: Heatran|81/100|[from] item: Leftovers
|upkeep
|turn|7
|
|t:|1760317003
|-terastallize|p1a: Heatran|Grass
|move|p2a: Landorus|Earthquake|p1a: Heatran
|-resisted|p1a: Heatran
|-damage|p1a: Heatran|70/100
|move|p1a: Heatran|Iron Defense|p1a: Heatran
|-boost|p1a: Heatran|def|2
|
|-heal|p1a: Heatran|76/100|[from] item: Leftovers
|upkeep
|turn|8
|
|t:|1760317012
|switch|p2a: Torkoal|Torkoal, M|100/100
|-weather|SunnyDay|[from] ability: Drought|[of] p2a: Torkoal
|move|p1a: Heatran|Magma Storm|p2a: Torkoal
|-resisted|p2a: Torkoal
|-damage|p2a: Torkoal|54/100
|-activate|p2a: Torkoal|move: Magma Storm|[of] p1a: Heatran
|
|-weather|SunnyDay|[upkeep]
|-heal|p1a: Heatran|82/100|[from] item: Leftovers
|-damage|p2a: Torkoal|42/100|[from] move: Magma Storm|[partiallytrapped]
|upkeep
|turn|9
|
|t:|1760317022
|move|p1a: Heatran|Body Press|p2a: Torkoal
|-crit|p2a: Torkoal
|-damage|p2a: Torkoal|0 fnt
|faint|p2a: Torkoal
|
|-weather|SunnyDay|[upkeep]
|-heal|p1a: Heatran|88/100|[from] item: Leftovers
|upkeep
|
|t:|1760317029
|switch|p2a: Raging Bolt|Raging Bolt|100/100
|-activate|p2a: Raging Bolt|ability: Protosynthesis
|-start|p2a: Raging Bolt|protosynthesisspa
|turn|10
|
|t:|1760317037
|move|p1a: Heatran|Protect|p1a: Heatran
|-singleturn|p1a: Heatran|Protect
|move|p2a: Raging Bolt|Draco Meteor|p1a: Heatran
|-activate|p1a: Heatran|move: Protect
|
|-weather|SunnyDay|[upkeep]
|-heal|p1a: Heatran|94/100|[from] item: Leftovers
|upkeep
|turn|11
|
|t:|1760317044
|move|p2a: Raging Bolt|Draco Meteor|p1a: Heatran
|-damage|p1a: Heatran|19/100
|-unboost|p2a: Raging Bolt|spa|2
|move|p1a: Heatran|Magma Storm|p2a: Raging Bolt|[miss]
|-miss|p1a: Heatran|p2a: Raging Bolt
|
|-weather|SunnyDay|[upkeep]
|-heal|p1a: Heatran|25/100|[from] item: Leftovers
|upkeep
|turn|12
|
|t:|1760317055
|-end|p2a: Raging Bolt|Protosynthesis|[silent]
|switch|p2a: Dragonite|Dragonite, F|100/100
|move|p1a: Heatran|Protect||[still]
|-fail|p1a: Heatran
|
|-weather|SunnyDay|[upkeep]
|-heal|p1a: Heatran|31/100|[from] item: Leftovers
|upkeep
|turn|13
|
|t:|1760317059
|move|p2a: Dragonite|Encore|p1a: Heatran
|-start|p1a: Heatran|Encore
|move|p1a: Heatran|Protect||[still]
|-fail|p1a: Heatran
|
|-weather|SunnyDay|[upkeep]
|-heal|p1a: Heatran|37/100|[from] item: Leftovers
|upkeep
|turn|14
|
|t:|1760317065
|switch|p1a: Weezing|Weezing-Galar, M|100/100
|-ability|p1a: Weezing|Neutralizing Gas
|move|p2a: Dragonite|Dragon Dance|p2a: Dragonite
|-boost|p2a: Dragonite|atk|1
|-boost|p2a: Dragonite|spe|1
|
|-weather|SunnyDay|[upkeep]
|upkeep
|turn|15
|
|t:|1760317069
|switch|p2a: Raging Bolt|Raging Bolt|100/100
|move|p1a: Weezing|Will-O-Wisp|p2a: Raging Bolt|[miss]
|-miss|p1a: Weezing|p2a: Raging Bolt
|
|-weather|none
|upkeep
|turn|16
|
|t:|1760317076
|-end|p1a: Weezing|ability: Neutralizing Gas
|switch|p1a: Landorus|Landorus-Therian, M|100/100
|-ability|p1a: Landorus|Intimidate|boost
|-unboost|p2a: Raging Bolt|atk|1
|move|p2a: Raging Bolt|Volt Switch|p1a: Landorus
|-immune|p1a: Landorus
|
|upkeep
|turn|17
|
|t:|1760317081
|-end|p2a: Raging Bolt|Protosynthesis|[silent]
|switch|p2a: Great Tusk|Great Tusk|100/100
|move|p1a: Landorus|Earth Power|p2a: Great Tusk
|-damage|p2a: Great Tusk|51/100
|
|upkeep
|turn|18
|
|t:|1760317090
|move|p1a: Landorus|Earth Power|p2a: Great Tusk
|-damage|p2a: Great Tusk|0 fnt
|faint|p2a: Great Tusk
|-end|p2a: Great Tusk|Protosynthesis|[silent]
|
|upkeep
|
|t:|1760317097
|switch|p2a: Landorus|Landorus-Therian, M|100/100
|-ability|p2a: Landorus|Intimidate|boost
|-unboost|p1a: Landorus|atk|1
|turn|19
|
|t:|1760317102
|move|p2a: Landorus|U-turn|p1a: Landorus
|-resisted|p1a: Landorus
|-damage|p1a: Landorus|87/100
|-damage|p2a: Landorus|84/100|[from] item: Rocky Helmet|[of] p1a: Landorus
|
|t:|1760317110
|switch|p2a: Cinderace|Cinderace, F|100/100|[from] U-turn
|move|p1a: Landorus|Stealth Rock|p2a: Cinderace
|-sidestart|p2: MrHankHill|move: Stealth Rock
|
|upkeep
|turn|20
|
|t:|1760317116
|move|p2a: Cinderace|Court Change|p2a: Cinderace
|-start|p2a: Cinderace|typechange|Normal|[from] ability: Libero
|-swapsideconditions
|-activate|p2a: Cinderace|move: Court Change
|move|p1a: Landorus|Stealth Rock|p2a: Cinderace
|-sidestart|p2: MrHankHill|move: Stealth Rock
|
|upkeep
|turn|21
|
|t:|1760317127
|move|p2a: Cinderace|Pyro Ball|p1a: Landorus
|-damage|p1a: Landorus|48/100
|move|p1a: Landorus|U-turn|p2a: Cinderace
|-damage|p2a: Cinderace|82/100
|
|t:|1760317135
|switch|p1a: Heatran|Heatran, M, tera:Grass|37/100|[from] U-turn
|-damage|p1a: Heatran|25/100|[from] Stealth Rock
|
|-heal|p1a: Heatran|31/100|[from] item: Leftovers
|upkeep
|turn|22
|
|t:|1760317140
|move|p1a: Heatran|Protect|p1a: Heatran
|-singleturn|p1a: Heatran|Protect
|move|p2a: Cinderace|U-turn|p1a: Heatran
|-activate|p1a: Heatran|move: Protect
|
|-heal|p1a: Heatran|37/100|[from] item: Leftovers
|upkeep
|turn|23
|
|t:|1760317146
|move|p2a: Cinderace|U-turn|p1a: Heatran
|-supereffective|p1a: Heatran
|-damage|p1a: Heatran|0 fnt
|faint|p1a: Heatran
|
|t:|1760317153
|switch|p2a: Landorus|Landorus-Therian, M|84/100|[from] U-turn
|-damage|p2a: Landorus|72/100|[from] Stealth Rock
|
|upkeep
|
|t:|1760317157
|switch|p1a: Kyurem|Kyurem|100/100
|-damage|p1a: Kyurem|76/100|[from] Stealth Rock
|-ability|p1a: Kyurem|Pressure
|turn|24
|
|t:|1760317163
|-terastallize|p2a: Landorus|Fairy
|move|p2a: Landorus|Tera Blast|p1a: Kyurem|[anim] Tera Blast Fairy
|-supereffective|p1a: Kyurem
|-damage|p1a: Kyurem|0 fnt
|faint|p1a: Kyurem
|
|upkeep
|
|t:|1760317168
|switch|p1a: Weezing|Weezing-Galar, M|100/100
|-ability|p1a: Weezing|Neutralizing Gas
|turn|25
|
|t:|1760317175
|switch|p2a: Cinderace|Cinderace, F|82/100
|move|p1a: Weezing|Dazzling Gleam|p2a: Cinderace
|-resisted|p2a: Cinderace
|-damage|p2a: Cinderace|64/100
|
|upkeep
|turn|26
|
|t:|1760317183
|move|p2a: Cinderace|Pyro Ball|p1a: Weezing
|-crit|p1a: Weezing
|-damage|p1a: Weezing|36/100
|move|p1a: Weezing|Dazzling Gleam|p2a: Cinderace
|-resisted|p2a: Cinderace
|-damage|p2a: Cinderace|46/100
|
|upkeep
|turn|27
|
|t:|1760317210
|move|p2a: Cinderace|Pyro Ball|p1a: Weezing
|-damage|p1a: Weezing|0 fnt
|faint|p1a: Weezing
|-end|p1a: Weezing|ability: Neutralizing Gas
|
|upkeep
|
|t:|1760317213
|switch|p1a: Landorus|Landorus-Therian, M|48/100
|-damage|p1a: Landorus|36/100|[from] Stealth Rock
|-ability|p1a: Landorus|Intimidate|boost
|-unboost|p2a: Cinderace|atk|1
|turn|28
|
|t:|1760317226
|move|p2a: Cinderace|Pyro Ball|p1a: Landorus
|-damage|p1a: Landorus|0 fnt
|faint|p1a: Landorus
|
|upkeep
|
|t:|1760317229
|switch|p1a: Hoopa|Hoopa-Unbound|100/100
|-damage|p1a: Hoopa|88/100|[from] Stealth Rock
|turn|29
|
|t:|1760317233
|move|p2a: Cinderace|U-turn|p1a: Hoopa
|-start|p2a: Cinderace|typechange|Bug|[from] ability: Libero
|-supereffective|p1a: Hoopa
|-damage|p1a: Hoopa|0 fnt
|faint|p1a: Hoopa
|
|win|MrHankHill
|raw|SBYK's rating: 1335 &rarr; <strong>1317</strong><br />(-18 for losing)
|raw|MrHankHill's rating: 1362 &rarr; <strong>1380</strong><br />(+18 for winning)
