|j|☆gamer giga
|j|☆BigPnkPig
|t:|1760438952
|gametype|singles
|player|p1|gamer giga|266|1047
|player|p2|BigPnkPig|266|1081
|gen|9
|tier|[Gen 9] OU
|rated|
|rule|HP Percentage Mod: HP is shown in percentages
|rule|Endless Battle Clause: Forcing endless battles is banned
|rule|Species Clause: Limit one of each Pokémon
|rule|OHKO Clause: OHKO moves are banned
|rule|Evasion Items Clause: Evasion items are banned
|rule|Evasion Moves Clause: Evasion moves are banned
|rule|Evasion Abilities Clause: Evasion abilities are banned
|rule|Sleep Moves Clause: Sleep-inducing moves are banned
|clearpoke
|poke|p1|Meowscarada, M|
|poke|p1|Magnezone|
|poke|p1|Ursaluna, M|
|poke|p1|Kleavor, F|
|poke|p1|Gholdengo|
|poke|p1|Goodra, M|
|poke|p2|Glimmora, F|
|poke|p2|Alomomola, M|
|poke|p2|Ting-Lu|
|poke|p2|Gholdengo|
|poke|p2|Kingambit, M|
|poke|p2|Cyclizar, M|
|teampreview
|inactive|Battle timer is ON: inactive players will automatically lose when time's up. (requested by gamer giga)
|
|t:|1760438972
|teamsize|p1|6
|teamsize|p2|6
|start
|switch|p1a: Rocker|Kleavor, F|100/100
|switch|p2a: Glimmora|Glimmora, F|100/100
|turn|1
|
|t:|1760438984
|move|p2a: Glimmora|Stealth Rock|p1a: Rocker
|-sidestart|p1: gamer giga|move: Stealth Rock
|move|p1a: Rocker|Stone Axe|p2a: Glimmora|[miss]
|-miss|p1a: Rocker|p2a: Glimmora
|
|upkeep
|turn|2
|
|t:|1760438999
|move|p2a: Glimmora|Power Gem|p1a: Rocker
|-supereffective|p1a: Rocker
|-damage|p1a: Rocker|0 fnt
|faint|p1a: Rocker
|
|upkeep
|
|t:|1760439021
|switch|p1a: Cash|Gholdengo|100/100
|-damage|p1a: Cash|94/100|[from] Stealth Rock
|-item|p1a: Cash|Air Balloon
|turn|3
|
|t:|1760439035
|switch|p2a: Ting-Lu|Ting-Lu|100/100
|-ability|p2a: Ting-Lu|Vessel of Ruin
|move|p1a: Cash|Make It Rain|p2a: Ting-Lu
|-damage|p2a: Ting-Lu|75/100
|-unboost|p1a: Cash|spa|1
|
|-heal|p2a: Ting-Lu|82/100|[from] item: Leftovers
|upkeep
|turn|4
|
|t:|1760439046
|switch|p1a: Thicc Dragon|Goodra, M, shiny|100/100
|-damage|p1a: Thicc Dragon|88/100|[from] Stealth Rock
|move|p2a: Ting-Lu|Spikes|p1a: Thicc Dragon
|-sidestart|p1: gamer giga|Spikes
|
|-heal|p2a: Ting-Lu|88/100|[from] item: Leftovers
|upkeep
|turn|5
|
|t:|1760439068
|-terastallize|p1a: Thicc Dragon|Ice
|move|p1a: Thicc Dragon|Blizzard|p2a: Ting-Lu|[miss]
|-miss|p1a: Thicc Dragon|p2a: Ting-Lu
|move|p2a: Ting-Lu|Whirlwind|p1a: Thicc Dragon
|drag|p1a: Rawr|Ursaluna, M|100/100
|-damage|p1a: Rawr|94/100|[from] Stealth Rock
|-damage|p1a: Rawr|82/100|[from] Spikes
|
|-heal|p2a: Ting-Lu|94/100|[from] item: Leftovers
|-status|p1a: Rawr|brn|[from] item: Flame Orb
|upkeep
|turn|6
|inactive|BigPnkPig has 120 seconds left.
|
|t:|1760439112
|switch|p2a: Alomomola|Alomomola, M|100/100
|move|p1a: Rawr|Facade|p2a: Alomomola
|-damage|p2a: Alomomola|30/100
|
|-damage|p1a: Rawr|76/100 brn|[from] brn
|upkeep
|turn|7
|
|t:|1760439128
|switch|p1a: Thicc Dragon|Goodra, M, shiny, tera:Ice|88/100
|-damage|p1a: Thicc Dragon|63/100|[from] Stealth Rock
|-damage|p1a: Thicc Dragon|51/100|[from] Spikes
|switch|p2a: Glimmora|Glimmora, F|100/100
|
|upkeep
|turn|8
|inactive|BigPnkPig has 90 seconds left.
|
|t:|1760439148
|switch|p2a: Ting-Lu|Ting-Lu|94/100
|-ability|p2a: Ting-Lu|Vessel of Ruin
|move|p1a: Thicc Dragon|Hydro Pump|p2a: Ting-Lu
|-supereffective|p2a: Ting-Lu
|-damage|p2a: Ting-Lu|61/100
|
|-heal|p2a: Ting-Lu|68/100|[from] item: Leftovers
|upkeep
|turn|9
|inactive|BigPnkPig has 90 seconds left.
|
|t:|1760439166
|switch|p1a: Rawr|Ursaluna, M|76/100 brn
|-damage|p1a: Rawr|70/100 brn|[from] Stealth Rock
|-damage|p1a: Rawr|58/100 brn|[from] Spikes
|move|p2a: Ting-Lu|Spikes|p1a: Rawr
|-sidestart|p1: gamer giga|Spikes
|
|-heal|p2a: Ting-Lu|74/100|[from] item: Leftovers
|-damage|p1a: Rawr|52/100 brn|[from] brn
|upkeep
|turn|10
|inactive|BigPnkPig has 90 seconds left.
|inactive|BigPnkPig has 60 seconds left.
|
|t:|1760439212
|move|p1a: Rawr|Facade|p2a: Ting-Lu
|-damage|p2a: Ting-Lu|5/100
|move|p2a: Ting-Lu|Whirlwind|p1a: Rawr
|drag|p1a: Thicc Dragon|Goodra, M, shiny, tera:Ice|51/100
|-damage|p1a: Thicc Dragon|26/100|[from] Stealth Rock
|-damage|p1a: Thicc Dragon|9/100|[from] Spikes
|
|-heal|p2a: Ting-Lu|11/100|[from] item: Leftovers
|upkeep
|turn|11
|inactive|gamer giga has 120 seconds left.
|inactive|gamer giga has 90 seconds left.
|
|t:|1760439278
|switch|p2a: Alomomola|Alomomola, M|63/100
|move|p1a: Thicc Dragon|Blizzard|p2a: Alomomola
|-resisted|p2a: Alomomola
|-damage|p2a: Alomomola|44/100
|
|upkeep
|turn|12
|inactive|gamer giga has 90 seconds left.
|
|t:|1760439284
|move|p1a: Thicc Dragon|Blizzard|p2a: Alomomola
|-resisted|p2a: Alomomola
|-damage|p2a: Alomomola|26/100
|move|p2a: Alomomola|Flip Turn|p1a: Thicc Dragon
|-damage|p1a: Thicc Dragon|0 fnt
|faint|p1a: Thicc Dragon
|
|t:|1760439298
|switch|p2a: Ting-Lu|Ting-Lu|11/100|[from] Flip Turn
|-ability|p2a: Ting-Lu|Vessel of Ruin
|
|-heal|p2a: Ting-Lu|17/100|[from] item: Leftovers
|upkeep
|inactive|gamer giga has 90 seconds left.
|inactive|gamer giga has 60 seconds left.
|
|t:|1760439352
|switch|p1a: Cash|Gholdengo|94/100
|-damage|p1a: Cash|88/100|[from] Stealth Rock
|-item|p1a: Cash|Air Balloon
|turn|13
|inactive|BigPnkPig has 60 seconds left.
|
|t:|1760439362
|move|p1a: Cash|Shadow Ball|p2a: Ting-Lu
|-resisted|p2a: Ting-Lu
|-damage|p2a: Ting-Lu|9/100
|move|p2a: Ting-Lu|Ruination|p1a: Cash
|-damage|p1a: Cash|45/100
|-enditem|p1a: Cash|Air Balloon
|
|-heal|p2a: Ting-Lu|15/100|[from] item: Leftovers
|upkeep
|turn|14
|
|t:|1760439366
|move|p1a: Cash|Dazzling Gleam|p2a: Ting-Lu
|-supereffective|p2a: Ting-Lu
|-damage|p2a: Ting-Lu|0 fnt
|faint|p2a: Ting-Lu
|
|upkeep
|
|t:|1760439375
|switch|p2a: Gholdengo|Gholdengo|100/100
|-item|p2a: Gholdengo|Air Balloon
|turn|15
|
|t:|1760439392
|move|p1a: Cash|Shadow Ball|p2a: Gholdengo
|-supereffective|p2a: Gholdengo
|-damage|p2a: Gholdengo|22/100
|-enditem|p2a: Gholdengo|Air Balloon
|move|p2a: Gholdengo|Shadow Ball|p1a: Cash
|-supereffective|p1a: Cash
|-damage|p1a: Cash|0 fnt
|faint|p1a: Cash
|
|upkeep
|
|t:|1760439400
|switch|p1a: Magnets how work?|Magnezone|100/100
|-damage|p1a: Magnets how work?|94/100|[from] Stealth Rock
|-damage|p1a: Magnets how work?|78/100|[from] Spikes
|turn|16
|
|t:|1760439404
|move|p2a: Gholdengo|Recover|p2a: Gholdengo
|-heal|p2a: Gholdengo|72/100
|move|p1a: Magnets how work?|Volt Switch|p2a: Gholdengo
|-damage|p2a: Gholdengo|2/100
|
|t:|1760439408
|switch|p1a: Meow|Meowscarada, M|100/100|[from] Volt Switch
|-damage|p1a: Meow|88/100|[from] Stealth Rock
|-damage|p1a: Meow|72/100|[from] Spikes
|
|upkeep
|turn|17
|inactive|BigPnkPig has 90 seconds left.
|
|t:|1760439414
|switch|p2a: Glimmora|Glimmora, F|100/100
|move|p1a: Meow|Trick Room|p1a: Meow
|-start|p1a: Meow|typechange|Psychic|[from] ability: Protean
|-fieldstart|move: Trick Room|[of] p1a: Meow
|
|upkeep
|turn|18
|inactive|BigPnkPig has 90 seconds left.
|
|t:|1760439438
|move|p1a: Meow|Flower Trick|p2a: Glimmora
|-crit|p2a: Glimmora
|-damage|p2a: Glimmora|54/100
|-activate|p2a: Glimmora|ability: Toxic Debris
|-sidestart|p1: gamer giga|move: Toxic Spikes
|move|p2a: Glimmora|Earth Power|p1a: Meow
|-damage|p1a: Meow|34/100
|
|upkeep
|turn|19
|
|t:|1760439467
|move|p1a: Meow|Flower Trick|p2a: Glimmora
|-crit|p2a: Glimmora
|-damage|p2a: Glimmora|13/100
|-activate|p2a: Glimmora|ability: Toxic Debris
|-sidestart|p1: gamer giga|move: Toxic Spikes
|move|p2a: Glimmora|Power Gem|p1a: Meow
|-damage|p1a: Meow|0 fnt
|faint|p1a: Meow
|
|upkeep
|
|t:|1760439482
|switch|p1a: Rawr|Ursaluna, M|52/100 brn
|-damage|p1a: Rawr|46/100 brn|[from] Stealth Rock
|-damage|p1a: Rawr|29/100 brn|[from] Spikes
|turn|20
|
|t:|1760439494
|move|p1a: Rawr|Facade|p2a: Glimmora
|-resisted|p2a: Glimmora
|-damage|p2a: Glimmora|0 fnt
|faint|p2a: Glimmora
|
|-damage|p1a: Rawr|23/100 brn|[from] brn
|upkeep
|
|t:|1760439502
|switch|p2a: Alomomola|Alomomola, M|59/100
|turn|21
|inactive|gamer giga has 120 seconds left.
|
|t:|1760439509
|move|p2a: Alomomola|Flip Turn|p1a: Rawr
|-supereffective|p1a: Rawr
|-damage|p1a: Rawr|0 fnt
|faint|p1a: Rawr
|
|t:|1760439528
|switch|p2a: Cyclizar|Cyclizar, M|100/100|[from] Flip Turn
|
|-fieldend|move: Trick Room
|upkeep
|
|t:|1760439530
|switch|p1a: Magnets how work?|Magnezone|78/100
|-damage|p1a: Magnets how work?|72/100|[from] Stealth Rock
|-damage|p1a: Magnets how work?|55/100|[from] Spikes
|turn|22
|
|t:|1760439534
|move|p2a: Cyclizar|Knock Off|p1a: Magnets how work?
|-damage|p1a: Magnets how work?|32/100
|-enditem|p1a: Magnets how work?|Choice Specs|[from] move: Knock Off|[of] p2a: Cyclizar
|move|p1a: Magnets how work?|Thunderbolt|p2a: Cyclizar
|-resisted|p2a: Cyclizar
|-damage|p2a: Cyclizar|43/100
|-status|p2a: Cyclizar|par
|
|upkeep
|turn|23
|inactive|BigPnkPig has 90 seconds left.
|
|t:|1760439544
|move|p2a: Cyclizar|Draco Meteor|p1a: Magnets how work?
|-resisted|p1a: Magnets how work?
|-damage|p1a: Magnets how work?|4/100
|-unboost|p2a: Cyclizar|spa|2
|move|p1a: Magnets how work?|Thunderbolt|p2a: Cyclizar
|-resisted|p2a: Cyclizar
|-damage|p2a: Cyclizar|0 fnt
|faint|p2a: Cyclizar
|
|upkeep
|-message|gamer giga forfeited.
|
|win|BigPnkPig
|raw|gamer giga's rating: 1047 &rarr; <strong>1032</strong><br />(-15 for losing)
|raw|BigPnkPig's rating: 1081 &rarr; <strong>1106</strong><br />(+25 for winning)
|l|☆gamer giga
|player|p1|
