|j|☆I L0VE MY WIF3
|j|☆smogonules
|t:|1760447521
|gametype|singles
|player|p1|I L0VE MY WIF3|miku-ground|1511
|player|p2|smogonules|266|1512
|gen|9
|tier|[Gen 9] OU
|rated|
|rule|HP Percentage Mod: HP is shown in percentages
|rule|Endless Battle Clause: Forcing endless battles is banned
|rule|Species Clause: Limit one of each Pokémon
|rule|OHKO Clause: OHKO moves are banned
|rule|Evasion Items Clause: Evasion items are banned
|rule|Evasion Moves Clause: Evasion moves are banned
|rule|Evasion Abilities Clause: Evasion abilities are banned
|rule|Sleep Moves Clause: Sleep-inducing moves are banned
|clearpoke
|poke|p1|Ogerpon-Cornerstone, F|
|poke|p1|Samurott-Hisui, M|
|poke|p1|Meowscarada, F|
|poke|p1|Araquanid, M|
|poke|p1|Great Tusk|
|poke|p1|Gholdengo|
|poke|p2|Jirachi|
|poke|p2|Great Tusk|
|poke|p2|Latios, M|
|poke|p2|Gardevoir, M|
|poke|p2|Polteageist|
|poke|p2|Crawdaunt, M|
|teampreview
|
|t:|1760447528
|teamsize|p1|6
|teamsize|p2|6
|start
|switch|p1a: Kaladin|Samurott-Hisui, M, shiny|100/100
|switch|p2a: Chamomile|Jirachi|100/100
|turn|1
|
|t:|1760447539
|move|p2a: Chamomile|Thunder Wave|p1a: Kaladin
|-status|p1a: Kaladin|par
|move|p1a: Kaladin|Ceaseless Edge|p2a: Chamomile
|-supereffective|p2a: Chamomile
|-damage|p2a: Chamomile|17/100
|-sidestart|p2: smogonules|Spikes
|
|upkeep
|turn|2
|
|t:|1760447546
|move|p1a: Kaladin|Sucker Punch||[still]
|-fail|p1a: Kaladin
|move|p2a: Chamomile|Stealth Rock|p1a: Kaladin
|-sidestart|p1: I L0VE MY WIF3|move: Stealth Rock
|
|upkeep
|turn|3
|
|t:|1760447549
|move|p2a: Chamomile|Iron Head|p1a: Kaladin
|-resisted|p1a: Kaladin
|-damage|p1a: Kaladin|78/100 par
|cant|p1a: Kaladin|flinch
|
|upkeep
|turn|4
|
|t:|1760447552
|move|p2a: Chamomile|Iron Head|p1a: Kaladin
|-resisted|p1a: Kaladin
|-crit|p1a: Kaladin
|-damage|p1a: Kaladin|44/100 par
|move|p1a: Kaladin|Ceaseless Edge|p2a: Chamomile
|-supereffective|p2a: Chamomile
|-damage|p2a: Chamomile|0 fnt
|-sidestart|p2: smogonules|Spikes
|faint|p2a: Chamomile
|
|upkeep
|
|t:|1760447554
|switch|p2a: Syrup|Latios, M|100/100
|turn|5
|
|t:|1760447556
|move|p2a: Syrup|Reflect|p2a: Syrup
|-sidestart|p2: smogonules|Reflect
|move|p1a: Kaladin|Ceaseless Edge|p2a: Syrup
|-supereffective|p2a: Syrup
|-damage|p2a: Syrup|54/100
|-sidestart|p2: smogonules|Spikes
|
|upkeep
|turn|6
|
|t:|1760447562
|move|p2a: Syrup|Simple Beam|p1a: Kaladin
|-ability|p1a: Kaladin|Simple|Sharpness|[from] move: Simple Beam
|move|p1a: Kaladin|Knock Off|p2a: Syrup
|-supereffective|p2a: Syrup
|-damage|p2a: Syrup|7/100
|-enditem|p2a: Syrup|Light Clay|[from] move: Knock Off|[of] p1a: Kaladin
|
|upkeep
|turn|7
|
|t:|1760447571
|switch|p1a: Great Tusk|Great Tusk|100/100
|-damage|p1a: Great Tusk|98/100|[from] Stealth Rock
|move|p2a: Syrup|Memento|p1a: Great Tusk
|-unboost|p1a: Great Tusk|atk|2
|-unboost|p1a: Great Tusk|spa|2
|faint|p2a: Syrup
|
|-heal|p1a: Great Tusk|100/100|[from] item: Leftovers
|upkeep
|
|t:|1760447576
|switch|p2a: Biscuit|Polteageist|100/100
|-damage|p2a: Biscuit|76/100|[from] Spikes
|turn|8
|
|t:|1760447586
|-end|p1a: Great Tusk|Protosynthesis|[silent]
|switch|p1a: Meowscarada|Meowscarada, F|100/100
|-damage|p1a: Meowscarada|88/100|[from] Stealth Rock
|move|p2a: Biscuit|Shell Smash|p2a: Biscuit
|-unboost|p2a: Biscuit|def|1
|-unboost|p2a: Biscuit|spd|1
|-boost|p2a: Biscuit|atk|2
|-boost|p2a: Biscuit|spa|2
|-boost|p2a: Biscuit|spe|2
|
|upkeep
|turn|9
|
|t:|1760447589
|move|p2a: Biscuit|Giga Drain|p1a: Meowscarada
|-resisted|p1a: Meowscarada
|-damage|p1a: Meowscarada|46/100
|-heal|p2a: Biscuit|99/100|[from] drain|[of] p1a: Meowscarada
|move|p1a: Meowscarada|Knock Off|p2a: Biscuit
|-start|p1a: Meowscarada|typechange|Dark|[from] ability: Protean
|-supereffective|p2a: Biscuit
|-damage|p2a: Biscuit|0 fnt
|-enditem|p2a: Biscuit|Focus Sash|[from] move: Knock Off|[of] p1a: Meowscarada
|faint|p2a: Biscuit
|
|upkeep
|
|t:|1760447593
|switch|p2a: Spud|Great Tusk|100/100
|turn|10
|
|t:|1760447596
|switch|p1a: Great Tusk|Great Tusk|100/100
|-damage|p1a: Great Tusk|98/100|[from] Stealth Rock
|move|p2a: Spud|Rapid Spin|p1a: Great Tusk
|-damage|p1a: Great Tusk|86/100
|-boost|p2a: Spud|spe|1
|-sideend|p2: smogonules|Spikes|[from] move: Rapid Spin|[of] p2a: Spud
|
|-heal|p1a: Great Tusk|92/100|[from] item: Leftovers
|upkeep
|turn|11
|
|t:|1760447600
|move|p2a: Spud|Bulk Up|p2a: Spud
|-boost|p2a: Spud|atk|1
|-boost|p2a: Spud|def|1
|move|p1a: Great Tusk|Rapid Spin|p2a: Spud
|-damage|p2a: Spud|97/100
|-boost|p1a: Great Tusk|spe|1
|-sideend|p1: I L0VE MY WIF3|Stealth Rock|[from] move: Rapid Spin|[of] p1a: Great Tusk
|
|-heal|p1a: Great Tusk|98/100|[from] item: Leftovers
|upkeep
|turn|12
|
|t:|1760447605
|move|p2a: Spud|Bulk Up|p2a: Spud
|-boost|p2a: Spud|atk|1
|-boost|p2a: Spud|def|1
|move|p1a: Great Tusk|Bulk Up|p1a: Great Tusk
|-boost|p1a: Great Tusk|atk|1
|-boost|p1a: Great Tusk|def|1
|
|-heal|p1a: Great Tusk|100/100|[from] item: Leftovers
|-sideend|p2: smogonules|Reflect
|upkeep
|turn|13
|
|t:|1760447607
|move|p1a: Great Tusk|Bulk Up|p1a: Great Tusk
|-boost|p1a: Great Tusk|atk|1
|-boost|p1a: Great Tusk|def|1
|move|p2a: Spud|Ice Spinner|p1a: Great Tusk
|-supereffective|p1a: Great Tusk
|-damage|p1a: Great Tusk|65/100
|
|-heal|p1a: Great Tusk|72/100|[from] item: Leftovers
|upkeep
|turn|14
|
|t:|1760447612
|move|p2a: Spud|Rapid Spin|p1a: Great Tusk
|-damage|p1a: Great Tusk|60/100
|-boost|p2a: Spud|spe|1
|move|p1a: Great Tusk|Bulk Up|p1a: Great Tusk
|-boost|p1a: Great Tusk|atk|1
|-boost|p1a: Great Tusk|def|1
|
|-heal|p1a: Great Tusk|67/100|[from] item: Leftovers
|upkeep
|turn|15
|
|t:|1760447616
|move|p2a: Spud|Bulk Up|p2a: Spud
|-boost|p2a: Spud|atk|1
|-boost|p2a: Spud|def|1
|move|p1a: Great Tusk|Bulk Up|p1a: Great Tusk
|-boost|p1a: Great Tusk|atk|1
|-boost|p1a: Great Tusk|def|1
|
|-heal|p1a: Great Tusk|73/100|[from] item: Leftovers
|upkeep
|turn|16
|
|t:|1760447622
|-terastallize|p1a: Great Tusk|Ice
|move|p2a: Spud|Bulk Up|p2a: Spud
|-boost|p2a: Spud|atk|1
|-boost|p2a: Spud|def|1
|move|p1a: Great Tusk|Ice Spinner|p2a: Spud
|-supereffective|p2a: Spud
|-damage|p2a: Spud|50/100
|
|-heal|p1a: Great Tusk|79/100|[from] item: Leftovers
|upkeep
|turn|17
|
|t:|1760447634
|move|p2a: Spud|Earthquake|p1a: Great Tusk
|-damage|p1a: Great Tusk|45/100
|move|p1a: Great Tusk|Ice Spinner|p2a: Spud
|-supereffective|p2a: Spud
|-damage|p2a: Spud|0 fnt
|faint|p2a: Spud
|-end|p2a: Spud|Protosynthesis|[silent]
|
|-heal|p1a: Great Tusk|51/100|[from] item: Leftovers
|upkeep
|
|t:|1760447637
|switch|p2a: Scampi|Crawdaunt, M|100/100
|turn|18
|
|t:|1760447639
|move|p1a: Great Tusk|Headlong Rush|p2a: Scampi
|-damage|p2a: Scampi|0 fnt
|-unboost|p1a: Great Tusk|def|1
|-unboost|p1a: Great Tusk|spd|1
|faint|p2a: Scampi
|
|-heal|p1a: Great Tusk|57/100|[from] item: Leftovers
|upkeep
|-message|smogonules forfeited.
|
|win|I L0VE MY WIF3
|raw|I L0VE MY WIF3's rating: 1511 &rarr; <strong>1531</strong><br />(+20 for winning)
|raw|smogonules's rating: 1512 &rarr; <strong>1492</strong><br />(-20 for losing)
|l|☆smogonules
|player|p2|
|c|☆I L0VE MY WIF3|gg
|l|☆I L0VE MY WIF3
|player|p1|
