|j|☆Palasucks
|j|☆TheGamingPolitoed
|t:|1760376535
|gametype|singles
|player|p1|Palasucks|winona|1414
|player|p2|TheGamingPolitoed|cress|1417
|gen|9
|tier|[Gen 9] OU
|rated|
|rule|HP Percentage Mod: HP is shown in percentages
|rule|Endless Battle Clause: Forcing endless battles is banned
|rule|Species Clause: Limit one of each Pokémon
|rule|OHKO Clause: OHKO moves are banned
|rule|Evasion Items Clause: Evasion items are banned
|rule|Evasion Moves Clause: Evasion moves are banned
|rule|Evasion Abilities Clause: Evasion abilities are banned
|rule|Sleep Moves Clause: Sleep-inducing moves are banned
|clearpoke
|poke|p1|Raikou|
|poke|p1|Meowscarada, F|
|poke|p1|Ogerpon-Wellspring, F|
|poke|p1|Alomomola, F|
|poke|p1|Iron Treads|
|poke|p1|Enamorus, F|
|poke|p2|Primarina, F|
|poke|p2|Ludicolo, M|
|poke|p2|Samurott-Hisui, M|
|poke|p2|Toxapex, F|
|poke|p2|Politoed, M|
|poke|p2|Walking Wake|
|teampreview
|inactive|Battle timer is ON: inactive players will automatically lose when time's up. (requested by Palasucks)
|
|t:|1760376540
|teamsize|p1|6
|teamsize|p2|6
|start
|switch|p1a: Raikou|Raikou|100/100
|switch|p2a: Donny Ronny|Samurott-Hisui, M|100/100
|-ability|p1a: Raikou|Pressure
|turn|1
|
|t:|1760376548
|move|p1a: Raikou|Volt Switch|p2a: Donny Ronny
|-supereffective|p2a: Donny Ronny
|-damage|p2a: Donny Ronny|29/100
|-damage|p1a: Raikou|91/100|[from] item: Life Orb
|
|t:|1760376553
|switch|p1a: Meowscarada|Meowscarada, F|100/100|[from] Volt Switch
|move|p2a: Donny Ronny|Razor Shell|p1a: Meowscarada
|-resisted|p1a: Meowscarada
|-crit|p1a: Meowscarada
|-damage|p1a: Meowscarada|29/100
|
|upkeep
|turn|2
|
|t:|1760376560
|switch|p2a: Toxatax|Toxapex, F|100/100
|move|p1a: Meowscarada|U-turn|p2a: Toxatax
|-start|p1a: Meowscarada|typechange|Bug|[from] ability: Protean
|-resisted|p2a: Toxatax
|-damage|p2a: Toxatax|87/100
|-damage|p1a: Meowscarada|13/100|[from] item: Rocky Helmet|[of] p2a: Toxatax
|
|t:|1760376564
|switch|p1a: Raikou|Raikou|91/100|[from] U-turn
|-ability|p1a: Raikou|Pressure
|
|upkeep
|turn|3
|
|t:|1760376572
|move|p1a: Raikou|Thunderbolt|p2a: Toxatax
|-supereffective|p2a: Toxatax
|-damage|p2a: Toxatax|1/100
|-damage|p1a: Raikou|81/100|[from] item: Life Orb
|move|p2a: Toxatax|Toxic Spikes|p1a: Raikou
|-sidestart|p1: Palasucks|move: Toxic Spikes
|
|upkeep
|turn|4
|
|t:|1760376578
|switch|p2a: Walk the Dinosaur|Walking Wake|100/100
|move|p1a: Raikou|Volt Switch|p2a: Walk the Dinosaur
|-damage|p2a: Walk the Dinosaur|47/100
|-damage|p1a: Raikou|71/100|[from] item: Life Orb
|
|t:|1760376583
|switch|p1a: Enamorus|Enamorus, F|100/100|[from] Volt Switch
|
|upkeep
|turn|5
|
|t:|1760376588
|move|p1a: Enamorus|Moonblast|p2a: Walk the Dinosaur
|-supereffective|p2a: Walk the Dinosaur
|-damage|p2a: Walk the Dinosaur|0 fnt
|faint|p2a: Walk the Dinosaur
|-end|p2a: Walk the Dinosaur|Protosynthesis|[silent]
|
|upkeep
|
|t:|1760376592
|switch|p2a: The King|Politoed, M|100/100
|-weather|RainDance|[from] ability: Drizzle|[of] p2a: The King
|turn|6
|
|t:|1760376597
|move|p1a: Enamorus|Moonblast|p2a: The King
|-damage|p2a: The King|49/100
|-unboost|p2a: The King|spa|1
|move|p2a: The King|Surf|p1a: Enamorus
|-damage|p1a: Enamorus|53/100
|
|-weather|RainDance|[upkeep]
|upkeep
|turn|7
|
|t:|1760376605
|switch|p2a: Toxatax|Toxapex, F|34/100
|move|p1a: Enamorus|Moonblast|p2a: Toxatax
|-resisted|p2a: Toxatax
|-damage|p2a: Toxatax|11/100
|-unboost|p2a: Toxatax|spa|1
|
|-weather|RainDance|[upkeep]
|upkeep
|turn|8
|
|t:|1760376618
|switch|p2a: Donny Ronny|Samurott-Hisui, M|29/100
|move|p1a: Enamorus|Moonblast|p2a: Donny Ronny
|-supereffective|p2a: Donny Ronny
|-damage|p2a: Donny Ronny|0 fnt
|faint|p2a: Donny Ronny
|
|-weather|RainDance|[upkeep]
|upkeep
|
|t:|1760376625
|switch|p2a: Juan|Ludicolo, M|100/100
|turn|9
|
|t:|1760376628
|move|p2a: Juan|Ice Beam|p1a: Enamorus
|-supereffective|p1a: Enamorus
|-damage|p1a: Enamorus|0 fnt
|faint|p1a: Enamorus
|-damage|p2a: Juan|91/100|[from] item: Life Orb
|
|-weather|RainDance|[upkeep]
|upkeep
|
|t:|1760376638
|switch|p1a: Iron Treads|Iron Treads|100/100
|turn|10
|
|t:|1760376641
|-terastallize|p1a: Iron Treads|Water
|move|p2a: Juan|Hydro Pump|p1a: Iron Treads|[miss]
|-miss|p2a: Juan|p1a: Iron Treads
|move|p1a: Iron Treads|Rapid Spin|p2a: Juan
|-damage|p2a: Juan|64/100
|-boost|p1a: Iron Treads|spe|1
|-sideend|p1: Palasucks|Toxic Spikes|[from] move: Rapid Spin|[of] p1a: Iron Treads
|
|-weather|RainDance|[upkeep]
|upkeep
|turn|11
|
|t:|1760376651
|move|p2a: Juan|Giga Drain|p1a: Iron Treads
|-supereffective|p1a: Iron Treads
|-damage|p1a: Iron Treads|22/100
|-heal|p2a: Juan|100/100|[from] drain|[of] p1a: Iron Treads
|-damage|p2a: Juan|91/100|[from] item: Life Orb
|move|p1a: Iron Treads|Knock Off|p2a: Juan
|-damage|p2a: Juan|45/100
|-enditem|p2a: Juan|Life Orb|[from] move: Knock Off|[of] p1a: Iron Treads
|
|-weather|RainDance|[upkeep]
|upkeep
|turn|12
|
|t:|1760376661
|move|p2a: Juan|Giga Drain|p1a: Iron Treads
|-supereffective|p1a: Iron Treads
|-damage|p1a: Iron Treads|0 fnt
|-heal|p2a: Juan|56/100|[from] drain|[of] p1a: Iron Treads
|faint|p1a: Iron Treads
|-end|p1a: Iron Treads|Quark Drive|[silent]
|
|-weather|RainDance|[upkeep]
|upkeep
|
|t:|1760376663
|switch|p1a: Alomomola|Alomomola, F|100/100
|turn|13
|
|t:|1760376669
|move|p2a: Juan|Protect|p2a: Juan
|-singleturn|p2a: Juan|Protect
|move|p1a: Alomomola|Protect||[still]
|-fail|p1a: Alomomola
|
|-weather|none
|upkeep
|turn|14
|
|t:|1760376677
|switch|p2a: Toxatax|Toxapex, F|44/100
|switch|p1a: Raikou|Raikou|71/100
|-ability|p1a: Raikou|Pressure
|
|upkeep
|turn|15
|
|t:|1760376684
|switch|p2a: The King|Politoed, M|49/100
|-weather|RainDance|[from] ability: Drizzle|[of] p2a: The King
|move|p1a: Raikou|Thunderbolt|p2a: The King
|-supereffective|p2a: The King
|-damage|p2a: The King|0 fnt
|faint|p2a: The King
|-damage|p1a: Raikou|61/100|[from] item: Life Orb
|
|-weather|RainDance|[upkeep]
|upkeep
|
|t:|1760376694
|switch|p2a: Juan|Ludicolo, M|56/100
|turn|16
|
|t:|1760376698
|move|p2a: Juan|Giga Drain|p1a: Raikou
|-damage|p1a: Raikou|30/100
|-heal|p2a: Juan|73/100|[from] drain|[of] p1a: Raikou
|move|p1a: Raikou|Volt Switch|p2a: Juan
|-damage|p2a: Juan|21/100
|-damage|p1a: Raikou|20/100|[from] item: Life Orb
|
|t:|1760376702
|switch|p1a: Ogerpon|Ogerpon-Wellspring, F|100/100|[from] Volt Switch
|
|-weather|RainDance|[upkeep]
|upkeep
|turn|17
|
|t:|1760376708
|move|p2a: Juan|Giga Drain|p1a: Ogerpon
|-damage|p1a: Ogerpon|66/100
|-heal|p2a: Juan|38/100|[from] drain|[of] p1a: Ogerpon
|move|p1a: Ogerpon|U-turn|p2a: Juan
|-supereffective|p2a: Juan
|-damage|p2a: Juan|0 fnt
|faint|p2a: Juan
|
|t:|1760376713
|switch|p1a: Meowscarada|Meowscarada, F|13/100|[from] U-turn
|
|-weather|RainDance|[upkeep]
|upkeep
|
|t:|1760376718
|switch|p2a: Toxatax|Toxapex, F|77/100
|turn|18
|
|t:|1760376720
|move|p1a: Meowscarada|Flower Trick|p2a: Toxatax
|-start|p1a: Meowscarada|typechange|Grass|[from] ability: Protean
|-crit|p2a: Toxatax
|-damage|p2a: Toxatax|32/100
|move|p2a: Toxatax|Toxic Spikes|p1a: Meowscarada
|-sidestart|p1: Palasucks|move: Toxic Spikes
|
|-weather|RainDance|[upkeep]
|upkeep
|turn|19
|
|t:|1760376728
|move|p1a: Meowscarada|Flower Trick|p2a: Toxatax
|-crit|p2a: Toxatax
|-damage|p2a: Toxatax|0 fnt
|faint|p2a: Toxatax
|
|-weather|RainDance|[upkeep]
|upkeep
|
|t:|1760376733
|switch|p2a: Ecomare|Primarina, F|100/100
|turn|20
|
|t:|1760376738
|-terastallize|p2a: Ecomare|Poison
|move|p1a: Meowscarada|Flower Trick|p2a: Ecomare
|-resisted|p2a: Ecomare
|-crit|p2a: Ecomare
|-damage|p2a: Ecomare|52/100
|move|p2a: Ecomare|Moonblast|p1a: Meowscarada
|-damage|p1a: Meowscarada|0 fnt
|faint|p1a: Meowscarada
|
|-weather|RainDance|[upkeep]
|-heal|p2a: Ecomare|58/100|[from] item: Leftovers
|upkeep
|
|t:|1760376742
|switch|p1a: Ogerpon|Ogerpon-Wellspring, F|66/100
|-status|p1a: Ogerpon|psn
|turn|21
|
|t:|1760376751
|move|p1a: Ogerpon|Ivy Cudgel|p2a: Ecomare|[anim] Ivy Cudgel Water
|-crit|p2a: Ecomare
|-damage|p2a: Ecomare|0 fnt
|faint|p2a: Ecomare
|
|win|Palasucks
|raw|Palasucks's rating: 1414 &rarr; <strong>1434</strong><br />(+20 for winning)
|raw|TheGamingPolitoed's rating: 1417 &rarr; <strong>1397</strong><br />(-20 for losing)
|l|☆Palasucks
|player|p1|
|l|☆TheGamingPolitoed
|player|p2|
