|j|☆ElNic0
|j|☆cheesyerror
|t:|1760430192
|gametype|singles
|player|p1|ElNic0|266|1207
|player|p2|cheesyerror|erika|1226
|gen|9
|tier|[Gen 9] OU
|rated|
|rule|HP Percentage Mod: HP is shown in percentages
|rule|Endless Battle Clause: Forcing endless battles is banned
|rule|Species Clause: Limit one of each Pokémon
|rule|OHKO Clause: OHKO moves are banned
|rule|Evasion Items Clause: Evasion items are banned
|rule|Evasion Moves Clause: Evasion moves are banned
|rule|Evasion Abilities Clause: Evasion abilities are banned
|rule|Sleep Moves Clause: Sleep-inducing moves are banned
|clearpoke
|poke|p1|Glimmora, M|
|poke|p1|Enamorus, F|
|poke|p1|Kommo-o, F|
|poke|p1|Keldeo-Resolute|
|poke|p1|Cinderace, F|
|poke|p1|Scizor, M|
|poke|p2|Tinkaton, F|
|poke|p2|Great Tusk|
|poke|p2|Garganacl, M|
|poke|p2|Keldeo-Resolute|
|poke|p2|Zapdos|
|poke|p2|Dragapult, M|
|teampreview
|inactive|Battle timer is ON: inactive players will automatically lose when time's up. (requested by cheesyerror)
|
|t:|1760430199
|teamsize|p1|6
|teamsize|p2|6
|start
|switch|p1a: Glimmora|Glimmora, M|100/100
|switch|p2a: Tinkaton|Tinkaton, F|100/100
|-ability|p2a: Tinkaton|Mold Breaker
|-item|p2a: Tinkaton|Air Balloon
|turn|1
|
|t:|1760430211
|move|p2a: Tinkaton|Thunder Wave|p1a: Glimmora
|-status|p1a: Glimmora|par
|move|p1a: Glimmora|Meteor Beam||[still]
|-prepare|p1a: Glimmora|Meteor Beam
|-boost|p1a: Glimmora|spa|1
|-enditem|p1a: Glimmora|Power Herb
|-anim|p1a: Glimmora|Meteor Beam|p2a: Tinkaton
|-resisted|p2a: Tinkaton
|-damage|p2a: Tinkaton|59/100
|-enditem|p2a: Tinkaton|Air Balloon
|
|upkeep
|turn|2
|
|t:|1760430223
|move|p2a: Tinkaton|Stealth Rock|p1a: Glimmora
|-sidestart|p1: ElNic0|move: Stealth Rock
|move|p1a: Glimmora|Earth Power|p2a: Tinkaton
|-supereffective|p2a: Tinkaton
|-damage|p2a: Tinkaton|0 fnt
|faint|p2a: Tinkaton
|
|upkeep
|inactive|cheesyerror has 120 seconds left.
|
|t:|1760430248
|switch|p2a: Keldeo|Keldeo-Resolute|100/100
|turn|3
|inactive|cheesyerror has 120 seconds left.
|inactive|ElNic0 has 120 seconds left.
|
|t:|1760430284
|move|p2a: Keldeo|Surf|p1a: Glimmora
|-supereffective|p1a: Glimmora
|-damage|p1a: Glimmora|0 fnt
|faint|p1a: Glimmora
|
|upkeep
|inactive|ElNic0 has 90 seconds left.
|
|t:|1760430322
|switch|p1a: Enamorus|Enamorus, F|100/100
|-damage|p1a: Enamorus|76/100|[from] Stealth Rock
|turn|4
|inactive|ElNic0 has 90 seconds left.
|inactive|cheesyerror has 120 seconds left.
|
|t:|1760430338
|switch|p2a: Garganacl|Garganacl, M|100/100
|-terastallize|p1a: Enamorus|Stellar
|move|p1a: Enamorus|Moonblast|p2a: Garganacl
|-damage|p2a: Garganacl|55/100
|
|-heal|p2a: Garganacl|62/100|[from] item: Leftovers
|upkeep
|turn|5
|inactive|ElNic0 has 90 seconds left.
|
|t:|1760430357
|switch|p1a: Kommo-o|Kommo-o, F|100/100
|-damage|p1a: Kommo-o|94/100|[from] Stealth Rock
|move|p2a: Garganacl|Salt Cure|p1a: Kommo-o
|-resisted|p1a: Kommo-o
|-damage|p1a: Kommo-o|89/100
|-start|p1a: Kommo-o|Salt Cure
|
|-heal|p2a: Garganacl|68/100|[from] item: Leftovers
|-damage|p1a: Kommo-o|76/100|[from] Salt Cure
|upkeep
|turn|6
|inactive|ElNic0 has 90 seconds left.
|inactive|cheesyerror has 120 seconds left.
|
|t:|1760430385
|switch|p1a: Enamorus|Enamorus, F, tera:Stellar|76/100
|-damage|p1a: Enamorus|51/100|[from] Stealth Rock
|move|p2a: Garganacl|Recover|p2a: Garganacl
|-heal|p2a: Garganacl|100/100
|
|upkeep
|turn|7
|
|t:|1760430394
|move|p1a: Enamorus|Tera Blast|p2a: Garganacl|[anim] Tera Blast Stellar
|-damage|p2a: Garganacl|73/100
|-boost|p1a: Enamorus|atk|1
|-boost|p1a: Enamorus|spa|1
|move|p2a: Garganacl|Salt Cure|p1a: Enamorus
|-supereffective|p1a: Enamorus
|-damage|p1a: Enamorus|11/100
|-start|p1a: Enamorus|Salt Cure
|
|-heal|p2a: Garganacl|80/100|[from] item: Leftovers
|-damage|p1a: Enamorus|0 fnt|[from] Salt Cure
|faint|p1a: Enamorus
|upkeep
|
|t:|1760430406
|switch|p1a: Kommo-o|Kommo-o, F|76/100
|-damage|p1a: Kommo-o|70/100|[from] Stealth Rock
|turn|8
|
|t:|1760430412
|switch|p2a: Zapdos|Zapdos|100/100
|move|p1a: Kommo-o|Drain Punch|p2a: Zapdos
|-resisted|p2a: Zapdos
|-damage|p2a: Zapdos|90/100
|-heal|p1a: Kommo-o|76/100|[from] drain|[of] p2a: Zapdos
|-status|p1a: Kommo-o|par|[from] ability: Static|[of] p2a: Zapdos
|
|upkeep
|turn|9
|inactive|ElNic0 has 90 seconds left.
|
|t:|1760430424
|switch|p1a: Scizor|Scizor, M|100/100
|-damage|p1a: Scizor|88/100|[from] Stealth Rock
|move|p2a: Zapdos|Hurricane|p1a: Scizor
|-damage|p1a: Scizor|33/100
|
|upkeep
|turn|10
|inactive|ElNic0 has 90 seconds left.
|
|t:|1760430436
|move|p1a: Scizor|Bullet Punch|p2a: Zapdos
|-resisted|p2a: Zapdos
|-damage|p2a: Zapdos|73/100
|-status|p1a: Scizor|par|[from] ability: Static|[of] p2a: Zapdos
|move|p2a: Zapdos|Volt Switch|p1a: Scizor
|-damage|p1a: Scizor|0 fnt
|faint|p1a: Scizor
|
|t:|1760430445
|switch|p2a: Garganacl|Garganacl, M|80/100|[from] Volt Switch
|
|-heal|p2a: Garganacl|86/100|[from] item: Leftovers
|upkeep
|
|t:|1760430449
|switch|p1a: Keldeo|Keldeo-Resolute|100/100
|-damage|p1a: Keldeo|94/100|[from] Stealth Rock
|turn|11
|
|t:|1760430458
|-terastallize|p2a: Garganacl|Water
|move|p1a: Keldeo|Calm Mind|p1a: Keldeo
|-boost|p1a: Keldeo|spa|1
|-boost|p1a: Keldeo|spd|1
|move|p2a: Garganacl|Salt Cure|p1a: Keldeo
|-resisted|p1a: Keldeo
|-damage|p1a: Keldeo|87/100
|-start|p1a: Keldeo|Salt Cure
|
|-heal|p1a: Keldeo|93/100|[from] item: Leftovers
|-heal|p2a: Garganacl|92/100|[from] item: Leftovers
|-damage|p1a: Keldeo|68/100|[from] Salt Cure
|upkeep
|turn|12
|
|t:|1760430474
|move|p1a: Keldeo|Secret Sword|p2a: Garganacl
|-damage|p2a: Garganacl|49/100
|move|p2a: Garganacl|Recover|p2a: Garganacl
|-heal|p2a: Garganacl|99/100
|
|-heal|p1a: Keldeo|74/100|[from] item: Leftovers
|-heal|p2a: Garganacl|100/100|[from] item: Leftovers
|-damage|p1a: Keldeo|49/100|[from] Salt Cure
|upkeep
|turn|13
|
|t:|1760430484
|switch|p2a: Keldeo|Keldeo-Resolute|100/100
|move|p1a: Keldeo|Secret Sword|p2a: Keldeo
|-damage|p2a: Keldeo|20/100
|
|-heal|p1a: Keldeo|56/100|[from] item: Leftovers
|-damage|p1a: Keldeo|31/100|[from] Salt Cure
|upkeep
|turn|14
|
|t:|1760430497
|move|p1a: Keldeo|Vacuum Wave|p2a: Keldeo
|-damage|p2a: Keldeo|0 fnt
|faint|p2a: Keldeo
|
|-heal|p1a: Keldeo|37/100|[from] item: Leftovers
|-damage|p1a: Keldeo|12/100|[from] Salt Cure
|upkeep
|
|t:|1760430504
|switch|p2a: Dragapult|Dragapult, M|100/100
|turn|15
|inactive|ElNic0 has 120 seconds left.
|
|t:|1760430512
|move|p1a: Keldeo|Vacuum Wave|p2a: Dragapult
|-immune|p2a: Dragapult
|move|p2a: Dragapult|Dragon Darts|p1a: Keldeo
|-damage|p1a: Keldeo|0 fnt
|faint|p1a: Keldeo
|
|upkeep
|inactive|ElNic0 has 120 seconds left.
|
|t:|1760430520
|switch|p1a: Cinderace|Cinderace, F|100/100
|turn|16
|inactive|ElNic0 has 120 seconds left.
|
|t:|1760430536
|move|p2a: Dragapult|U-turn|p1a: Cinderace
|-resisted|p1a: Cinderace
|-damage|p1a: Cinderace|85/100
|
|t:|1760430540
|switch|p2a: Garganacl|Garganacl, M, tera:Water|100/100|[from] U-turn
|move|p1a: Cinderace|Pyro Ball|p2a: Garganacl
|-resisted|p2a: Garganacl
|-damage|p2a: Garganacl|80/100
|
|-heal|p2a: Garganacl|87/100|[from] item: Leftovers
|upkeep
|turn|17
|inactive|ElNic0 has 120 seconds left.
|
|t:|1760430553
|move|p1a: Cinderace|Gunk Shot|p2a: Garganacl|[miss]
|-start|p1a: Cinderace|typechange|Poison|[from] ability: Libero
|-miss|p1a: Cinderace|p2a: Garganacl
|move|p2a: Garganacl|Salt Cure|p1a: Cinderace
|-damage|p1a: Cinderace|64/100
|-start|p1a: Cinderace|Salt Cure
|
|-heal|p2a: Garganacl|93/100|[from] item: Leftovers
|-damage|p1a: Cinderace|52/100|[from] Salt Cure
|upkeep
|turn|18
|
|t:|1760430564
|move|p1a: Cinderace|Gunk Shot|p2a: Garganacl
|-damage|p2a: Garganacl|51/100
|move|p2a: Garganacl|Salt Cure|p1a: Cinderace
|-damage|p1a: Cinderace|32/100
|
|-heal|p2a: Garganacl|57/100|[from] item: Leftovers
|-damage|p1a: Cinderace|20/100|[from] Salt Cure
|upkeep
|turn|19
|
|t:|1760430570
|move|p1a: Cinderace|Court Change|p1a: Cinderace
|-swapsideconditions
|-activate|p1a: Cinderace|move: Court Change
|move|p2a: Garganacl|Recover|p2a: Garganacl
|-heal|p2a: Garganacl|100/100
|
|-damage|p1a: Cinderace|8/100|[from] Salt Cure
|upkeep
|turn|20
|
|t:|1760430577
|move|p1a: Cinderace|U-turn|p2a: Garganacl
|-damage|p2a: Garganacl|85/100
|
|t:|1760430580
|switch|p1a: Kommo-o|Kommo-o, F|76/100 par|[from] U-turn
|move|p2a: Garganacl|Salt Cure|p1a: Kommo-o
|-resisted|p1a: Kommo-o
|-damage|p1a: Kommo-o|70/100 par
|-start|p1a: Kommo-o|Salt Cure
|
|-heal|p2a: Garganacl|91/100|[from] item: Leftovers
|-damage|p1a: Kommo-o|58/100 par|[from] Salt Cure
|upkeep
|turn|21
|
|t:|1760430587
|move|p2a: Garganacl|Recover|p2a: Garganacl
|-heal|p2a: Garganacl|100/100
|cant|p1a: Kommo-o|par
|
|-damage|p1a: Kommo-o|45/100 par|[from] Salt Cure
|upkeep
|turn|22
|
|t:|1760430596
|move|p1a: Kommo-o|Boomburst|p2a: Garganacl
|-damage|p2a: Garganacl|83/100
|-enditem|p1a: Kommo-o|Throat Spray
|-boost|p1a: Kommo-o|spa|1|[from] item: Throat Spray
|move|p2a: Garganacl|Avalanche|p1a: Kommo-o
|-supereffective|p1a: Kommo-o
|-damage|p1a: Kommo-o|1/100 par
|
|-heal|p2a: Garganacl|89/100|[from] item: Leftovers
|-damage|p1a: Kommo-o|0 fnt|[from] Salt Cure
|faint|p1a: Kommo-o
|upkeep
|-message|ElNic0 forfeited.
|
|win|cheesyerror
|raw|ElNic0's rating: 1207 &rarr; <strong>1183</strong><br />(-24 for losing)
|raw|cheesyerror's rating: 1226 &rarr; <strong>1250</strong><br />(+24 for winning)
|l|☆ElNic0
|player|p1|
|l|☆cheesyerror
|player|p2|
