|j|☆BUSTERGOAT
|j|☆LionX_Pro
|t:|1760352065
|gametype|singles
|player|p1|BUSTERGOAT|falkner|1234
|player|p2|LionX_Pro|steven|1208
|gen|9
|tier|[Gen 9] OU
|rated|
|rule|HP Percentage Mod: HP is shown in percentages
|rule|Endless Battle Clause: Forcing endless battles is banned
|rule|Species Clause: Limit one of each Pokémon
|rule|OHKO Clause: OHKO moves are banned
|rule|Evasion Items Clause: Evasion items are banned
|rule|Evasion Moves Clause: Evasion moves are banned
|rule|Evasion Abilities Clause: Evasion abilities are banned
|rule|Sleep Moves Clause: Sleep-inducing moves are banned
|clearpoke
|poke|p1|Ribombee, F|
|poke|p1|Cinderace, M|
|poke|p1|Serperior, M|
|poke|p1|Enamorus, F|
|poke|p1|Dragapult, M|
|poke|p1|Kingambit, M|
|poke|p2|Shiftry, M|
|poke|p2|Glimmora, M|
|poke|p2|Incineroar, M|
|poke|p2|Gliscor, M|
|poke|p2|Great Tusk|
|poke|p2|Garganacl, M|
|teampreview
|inactive|Battle timer is ON: inactive players will automatically lose when time's up. (requested by BUSTERGOAT)
|
|t:|1760352076
|teamsize|p1|6
|teamsize|p2|6
|start
|switch|p1a: Ribombee|Ribombee, F, shiny|100/100
|switch|p2a: Shiftry|Shiftry, M|100/100
|turn|1
|
|t:|1760352081
|move|p1a: Ribombee|Sticky Web|p2a: Shiftry
|-sidestart|p2: LionX_Pro|move: Sticky Web
|move|p2a: Shiftry|Tailwind|p2a: Shiftry
|-sidestart|p2: LionX_Pro|move: Tailwind
|-ability|p2a: Shiftry|Wind Rider|boost
|-boost|p2a: Shiftry|atk|1
|
|upkeep
|turn|2
|
|t:|1760352087
|move|p2a: Shiftry|Knock Off|p1a: Ribombee
|-resisted|p1a: Ribombee
|-damage|p1a: Ribombee|35/100
|-enditem|p1a: Ribombee|Focus Sash|[from] move: Knock Off|[of] p2a: Shiftry
|move|p1a: Ribombee|Stun Spore|p2a: Shiftry
|-immune|p2a: Shiftry
|
|upkeep
|turn|3
|
|t:|1760352094
|move|p2a: Shiftry|Knock Off|p1a: Ribombee
|-resisted|p1a: Ribombee
|-crit|p1a: Ribombee
|-damage|p1a: Ribombee|0 fnt
|faint|p1a: Ribombee
|
|upkeep
|
|t:|1760352103
|switch|p1a: Enamorus|Enamorus, F|100/100
|turn|4
|
|t:|1760352107
|move|p2a: Shiftry|Knock Off|p1a: Enamorus
|-resisted|p1a: Enamorus
|-damage|p1a: Enamorus|50/100
|-enditem|p1a: Enamorus|Choice Scarf|[from] move: Knock Off|[of] p2a: Shiftry
|move|p1a: Enamorus|Moonblast|p2a: Shiftry
|-supereffective|p2a: Shiftry
|-enditem|p2a: Shiftry|Focus Sash
|-damage|p2a: Shiftry|1/100
|
|-sideend|p2: LionX_Pro|move: Tailwind
|upkeep
|turn|5
|
|t:|1760352119
|move|p2a: Shiftry|Sucker Punch|p1a: Enamorus
|-resisted|p1a: Enamorus
|-damage|p1a: Enamorus|10/100
|move|p1a: Enamorus|Moonblast|p2a: Shiftry
|-supereffective|p2a: Shiftry
|-damage|p2a: Shiftry|0 fnt
|faint|p2a: Shiftry
|
|upkeep
|
|t:|1760352124
|switch|p2a: Incineroar|Incineroar, M|100/100
|-activate|p2a: Incineroar|move: Sticky Web
|-unboost|p2a: Incineroar|spe|1
|-ability|p2a: Incineroar|Intimidate|boost
|-boost|p1a: Enamorus|atk|1
|turn|6
|
|t:|1760352136
|move|p2a: Incineroar|Fake Out|p1a: Enamorus
|-damage|p1a: Enamorus|0 fnt
|faint|p1a: Enamorus
|
|upkeep
|
|t:|1760352141
|switch|p1a: Cinderace|Cinderace, M, shiny|100/100
|turn|7
|
|t:|1760352151
|move|p1a: Cinderace|Court Change|p1a: Cinderace
|-start|p1a: Cinderace|typechange|Normal|[from] ability: Libero
|-swapsideconditions
|-activate|p1a: Cinderace|move: Court Change
|move|p2a: Incineroar|Parting Shot|p1a: Cinderace
|-unboost|p1a: Cinderace|atk|1
|-unboost|p1a: Cinderace|spa|1
|
|t:|1760352164
|switch|p2a: Glimmora|Glimmora, M|100/100|[from] Parting Shot
|
|upkeep
|turn|8
|
|t:|1760352168
|move|p1a: Cinderace|U-turn|p2a: Glimmora
|-resisted|p2a: Glimmora
|-crit|p2a: Glimmora
|-damage|p2a: Glimmora|79/100
|-activate|p2a: Glimmora|ability: Toxic Debris
|-sidestart|p1: BUSTERGOAT|move: Toxic Spikes
|
|t:|1760352177
|switch|p1a: Kingambit|Kingambit, M, shiny|100/100|[from] U-turn
|-activate|p1a: Kingambit|move: Sticky Web
|-unboost|p1a: Kingambit|spe|1
|-ability|p1a: Kingambit|Defiant|boost
|-boost|p1a: Kingambit|atk|2
|move|p2a: Glimmora|Meteor Beam||[still]
|-prepare|p2a: Glimmora|Meteor Beam
|-boost|p2a: Glimmora|spa|1
|-enditem|p2a: Glimmora|Power Herb
|-anim|p2a: Glimmora|Meteor Beam|p1a: Kingambit
|-resisted|p1a: Kingambit
|-damage|p1a: Kingambit|43/100
|
|-heal|p1a: Kingambit|49/100|[from] item: Leftovers
|upkeep
|turn|9
|
|t:|1760352189
|move|p1a: Kingambit|Sucker Punch|p2a: Glimmora
|-damage|p2a: Glimmora|0 fnt
|-activate|p2a: Glimmora|ability: Toxic Debris
|-sidestart|p1: BUSTERGOAT|move: Toxic Spikes
|faint|p2a: Glimmora
|
|-heal|p1a: Kingambit|55/100|[from] item: Leftovers
|upkeep
|inactive|LionX_Pro has 120 seconds left.
|
|t:|1760352220
|switch|p2a: Garganacl|Garganacl, M|100/100
|turn|10
|
|t:|1760352226
|-terastallize|p2a: Garganacl|Water
|move|p1a: Kingambit|Iron Head|p2a: Garganacl
|-resisted|p2a: Garganacl
|-damage|p2a: Garganacl|71/100
|move|p2a: Garganacl|Iron Defense|p2a: Garganacl
|-boost|p2a: Garganacl|def|2
|
|-heal|p1a: Kingambit|61/100|[from] item: Leftovers
|-heal|p2a: Garganacl|77/100|[from] item: Leftovers
|upkeep
|turn|11
|
|t:|1760352234
|switch|p1a: Serperior|Serperior, M, shiny|100/100
|-activate|p1a: Serperior|move: Sticky Web
|-boost|p1a: Serperior|spe|1
|-status|p1a: Serperior|tox
|move|p2a: Garganacl|Salt Cure|p1a: Serperior
|-damage|p1a: Serperior|84/100 tox
|-start|p1a: Serperior|Salt Cure
|
|-heal|p1a: Serperior|90/100 tox|[from] item: Leftovers
|-heal|p2a: Garganacl|83/100|[from] item: Leftovers
|-damage|p1a: Serperior|84/100 tox|[from] psn
|-damage|p1a: Serperior|72/100 tox|[from] Salt Cure
|upkeep
|turn|12
|
|t:|1760352246
|move|p2a: Garganacl|Protect|p2a: Garganacl
|-singleturn|p2a: Garganacl|Protect
|move|p1a: Serperior|Leaf Storm|p2a: Garganacl
|-activate|p2a: Garganacl|move: Protect
|
|-heal|p1a: Serperior|78/100 tox|[from] item: Leftovers
|-heal|p2a: Garganacl|89/100|[from] item: Leftovers
|-damage|p1a: Serperior|65/100 tox|[from] psn
|-damage|p1a: Serperior|53/100 tox|[from] Salt Cure
|upkeep
|turn|13
|
|t:|1760352255
|switch|p2a: Incineroar|Incineroar, M|100/100
|-ability|p2a: Incineroar|Intimidate|boost
|-boost|p1a: Serperior|atk|1
|move|p1a: Serperior|Leaf Storm|p2a: Incineroar
|-resisted|p2a: Incineroar
|-damage|p2a: Incineroar|86/100
|-boost|p1a: Serperior|spa|2
|
|-heal|p1a: Serperior|59/100 tox|[from] item: Leftovers
|-damage|p1a: Serperior|41/100 tox|[from] psn
|-damage|p1a: Serperior|28/100 tox|[from] Salt Cure
|upkeep
|turn|14
|
|t:|1760352266
|switch|p1a: Cinderace|Cinderace, M, shiny|100/100
|move|p2a: Incineroar|Fake Out|p1a: Cinderace
|-damage|p1a: Cinderace|86/100
|
|upkeep
|turn|15
|
|t:|1760352278
|switch|p2a: Great Tusk|Great Tusk|100/100
|move|p1a: Cinderace|Court Change|p1a: Cinderace
|-start|p1a: Cinderace|typechange|Normal|[from] ability: Libero
|-swapsideconditions
|-activate|p1a: Cinderace|move: Court Change
|
|upkeep
|turn|16
|
|t:|1760352283
|move|p1a: Cinderace|Will-O-Wisp|p2a: Great Tusk
|-status|p2a: Great Tusk|brn
|move|p2a: Great Tusk|Rapid Spin|p1a: Cinderace
|-damage|p1a: Cinderace|72/100
|-boost|p2a: Great Tusk|spe|1
|-sideend|p2: LionX_Pro|Toxic Spikes|[from] move: Rapid Spin|[of] p2a: Great Tusk
|-sideend|p2: LionX_Pro|Sticky Web|[from] move: Rapid Spin|[of] p2a: Great Tusk
|
|-damage|p2a: Great Tusk|94/100 brn|[from] brn
|upkeep
|turn|17
|-message|BUSTERGOAT forfeited.
|
|win|LionX_Pro
|raw|BUSTERGOAT's rating: 1234 &rarr; <strong>1207</strong><br />(-27 for losing)
|raw|LionX_Pro's rating: 1208 &rarr; <strong>1235</strong><br />(+27 for winning)
|l|☆BUSTERGOAT
|player|p1|
