|j|☆Ghost_DZ
|j|☆spudcutter
|t:|1760337285
|gametype|singles
|player|p1|Ghost_DZ|volkner|1492
|player|p2|spudcutter|ghetsis-gen5bw|1575
|gen|9
|tier|[Gen 9] OU
|rated|
|rule|HP Percentage Mod: HP is shown in percentages
|rule|Endless Battle Clause: Forcing endless battles is banned
|rule|Species Clause: Limit one of each Pokémon
|rule|OHKO Clause: OHKO moves are banned
|rule|Evasion Items Clause: Evasion items are banned
|rule|Evasion Moves Clause: Evasion moves are banned
|rule|Evasion Abilities Clause: Evasion abilities are banned
|rule|Sleep Moves Clause: Sleep-inducing moves are banned
|clearpoke
|poke|p1|Toxapex, M|
|poke|p1|Gliscor, M|
|poke|p1|Blissey, F|
|poke|p1|Dondozo, F|
|poke|p1|Moltres|
|poke|p1|Cresselia, F|
|poke|p2|Kingambit, F|
|poke|p2|Dragapult, F|
|poke|p2|Great Tusk|
|poke|p2|Slowking-Galar, F|
|poke|p2|Darkrai|
|poke|p2|Dondozo, F|
|teampreview
|inactive|Battle timer is ON: inactive players will automatically lose when time's up. (requested by spudcutter)
|
|t:|1760337298
|teamsize|p1|6
|teamsize|p2|6
|start
|switch|p1a: Gliscor|Gliscor, M|100/100
|switch|p2a: Darkrai|Darkrai|100/100
|turn|1
|
|t:|1760337301
|move|p1a: Gliscor|Protect|p1a: Gliscor
|-singleturn|p1a: Gliscor|Protect
|move|p2a: Darkrai|Substitute|p2a: Darkrai
|-start|p2a: Darkrai|Substitute
|-damage|p2a: Darkrai|76/100
|
|-heal|p2a: Darkrai|82/100|[from] item: Leftovers
|-status|p1a: Gliscor|tox|[from] item: Toxic Orb
|upkeep
|turn|2
|
|t:|1760337308
|switch|p1a: Blissey|Blissey, F|100/100
|move|p2a: Darkrai|Nasty Plot|p2a: Darkrai
|-boost|p2a: Darkrai|spa|2
|
|-heal|p2a: Darkrai|88/100|[from] item: Leftovers
|upkeep
|turn|3
|
|t:|1760337312
|move|p2a: Darkrai|Nasty Plot|p2a: Darkrai
|-boost|p2a: Darkrai|spa|2
|move|p1a: Blissey|Seismic Toss|p2a: Darkrai
|-end|p2a: Darkrai|Substitute
|
|-heal|p2a: Darkrai|94/100|[from] item: Leftovers
|upkeep
|turn|4
|
|t:|1760337316
|move|p2a: Darkrai|Substitute|p2a: Darkrai
|-start|p2a: Darkrai|Substitute
|-damage|p2a: Darkrai|69/100
|move|p1a: Blissey|Seismic Toss|p2a: Darkrai
|-end|p2a: Darkrai|Substitute
|
|-heal|p2a: Darkrai|75/100|[from] item: Leftovers
|upkeep
|turn|5
|
|t:|1760337319
|move|p2a: Darkrai|Dark Pulse|p1a: Blissey
|-damage|p1a: Blissey|66/100
|cant|p1a: Blissey|flinch
|
|-heal|p2a: Darkrai|81/100|[from] item: Leftovers
|upkeep
|turn|6
|
|t:|1760337322
|move|p2a: Darkrai|Dark Pulse|p1a: Blissey
|-damage|p1a: Blissey|28/100
|move|p1a: Blissey|Seismic Toss|p2a: Darkrai
|-damage|p2a: Darkrai|45/100
|
|-heal|p2a: Darkrai|51/100|[from] item: Leftovers
|upkeep
|turn|7
|
|t:|1760337332
|move|p2a: Darkrai|Dark Pulse|p1a: Blissey
|-damage|p1a: Blissey|0 fnt
|faint|p1a: Blissey
|
|-heal|p2a: Darkrai|57/100|[from] item: Leftovers
|upkeep
|
|t:|1760337343
|switch|p1a: Dondozo|Dondozo, F|100/100
|turn|8
|
|t:|1760337345
|-terastallize|p2a: Darkrai|Poison
|move|p2a: Darkrai|Sludge Bomb|p1a: Dondozo
|-damage|p1a: Dondozo|51/100
|-status|p1a: Dondozo|psn
|move|p1a: Dondozo|Waterfall|p2a: Darkrai
|-damage|p2a: Darkrai|22/100
|
|-heal|p2a: Darkrai|28/100|[from] item: Leftovers
|-damage|p1a: Dondozo|38/100 psn|[from] psn
|upkeep
|turn|9
|
|t:|1760337355
|switch|p1a: Toxapex|Toxapex, M|100/100
|move|p2a: Darkrai|Sludge Bomb|p1a: Toxapex
|-resisted|p1a: Toxapex
|-damage|p1a: Toxapex|39/100
|
|-heal|p2a: Darkrai|34/100|[from] item: Leftovers
|upkeep
|turn|10
|
|t:|1760337368
|move|p2a: Darkrai|Dark Pulse|p1a: Toxapex
|-damage|p1a: Toxapex|0 fnt
|faint|p1a: Toxapex
|
|-heal|p2a: Darkrai|40/100|[from] item: Leftovers
|upkeep
|
|t:|1760337375
|switch|p1a: Cresselia|Cresselia, F|100/100
|turn|11
|
|t:|1760337381
|-terastallize|p1a: Cresselia|Steel
|move|p2a: Darkrai|Dark Pulse|p1a: Cresselia
|-damage|p1a: Cresselia|26/100
|move|p1a: Cresselia|Calm Mind|p1a: Cresselia
|-boost|p1a: Cresselia|spa|1
|-boost|p1a: Cresselia|spd|1
|
|-heal|p2a: Darkrai|46/100|[from] item: Leftovers
|upkeep
|turn|12
|
|t:|1760337386
|move|p2a: Darkrai|Dark Pulse|p1a: Cresselia
|-crit|p1a: Cresselia
|-damage|p1a: Cresselia|0 fnt
|faint|p1a: Cresselia
|
|-heal|p2a: Darkrai|52/100|[from] item: Leftovers
|upkeep
|-message|Ghost_DZ forfeited.
|
|win|spudcutter
|raw|Ghost_DZ's rating: 1492 &rarr; <strong>1477</strong><br />(-15 for losing)
|raw|spudcutter's rating: 1575 &rarr; <strong>1590</strong><br />(+15 for winning)
|l|☆Ghost_DZ
|player|p1|
|l|☆spudcutter
|player|p2|
