|j|☆xyphose
|j|☆Litterpaws
|t:|1760377288
|gametype|singles
|player|p1|xyphose|sabrina|1100
|player|p2|Litterpaws|266|1112
|gen|9
|tier|[Gen 9] OU
|rated|
|rule|HP Percentage Mod: HP is shown in percentages
|rule|Endless Battle Clause: Forcing endless battles is banned
|rule|Species Clause: Limit one of each Pokémon
|rule|OHKO Clause: OHKO moves are banned
|rule|Evasion Items Clause: Evasion items are banned
|rule|Evasion Moves Clause: Evasion moves are banned
|rule|Evasion Abilities Clause: Evasion abilities are banned
|rule|Sleep Moves Clause: Sleep-inducing moves are banned
|clearpoke
|poke|p1|Jumpluff, F|
|poke|p1|Ditto|
|poke|p1|Scizor, M|
|poke|p1|Quagsire, F|
|poke|p1|Dragonite, M|
|poke|p1|Arbok, M|
|poke|p2|Lokix, M|
|poke|p2|Cinderace, F|
|poke|p2|Great Tusk|
|poke|p2|Alomomola, M|
|poke|p2|Enamorus, F|
|poke|p2|Slowking-Galar, M|
|teampreview
|inactive|Battle timer is ON: inactive players will automatically lose when time's up. (requested by Litterpaws)
|inactive|xyphose also wants the timer to be on.
|
|t:|1760377290
|teamsize|p1|6
|teamsize|p2|6
|start
|switch|p1a: Arbok|Arbok, M|100/100
|switch|p2a: Lokix|Lokix, M|100/100
|-ability|p1a: Arbok|Intimidate|boost
|-unboost|p2a: Lokix|atk|1
|turn|1
|
|t:|1760377309
|move|p2a: Lokix|First Impression|p1a: Arbok
|-resisted|p1a: Arbok
|-damage|p1a: Arbok|37/100
|move|p1a: Arbok|Coil|p1a: Arbok
|-boost|p1a: Arbok|atk|1
|-boost|p1a: Arbok|def|1
|-boost|p1a: Arbok|accuracy|1
|
|upkeep
|turn|2
|
|t:|1760377326
|switch|p2a: Slowking|Slowking-Galar, M|100/100
|move|p1a: Arbok|Gunk Shot|p2a: Slowking
|-resisted|p2a: Slowking
|-damage|p2a: Slowking|78/100
|
|upkeep
|turn|3
|
|t:|1760377345
|move|p1a: Arbok|Earthquake|p2a: Slowking
|-supereffective|p2a: Slowking
|-enditem|p2a: Slowking|Shuca Berry|[eat]
|-enditem|p2a: Slowking|Shuca Berry|[weaken]
|-damage|p2a: Slowking|54/100
|move|p2a: Slowking|Ice Beam|p1a: Arbok
|-damage|p1a: Arbok|6/100
|
|upkeep
|turn|4
|
|t:|1760377359
|switch|p2a: Alomomola|Alomomola, M|100/100
|move|p1a: Arbok|Scale Shot|p2a: Alomomola
|-crit|p2a: Alomomola
|-damage|p2a: Alomomola|89/100
|-damage|p2a: Alomomola|82/100
|-damage|p2a: Alomomola|74/100
|-damage|p2a: Alomomola|68/100
|-damage|p2a: Alomomola|60/100
|-hitcount|p2a: Alomomola|5
|-unboost|p1a: Arbok|def|1
|-boost|p1a: Arbok|spe|1
|
|upkeep
|turn|5
|inactive|Litterpaws has 120 seconds left.
|
|t:|1760377375
|move|p2a: Alomomola|Aqua Jet|p1a: Arbok
|-damage|p1a: Arbok|0 fnt
|faint|p1a: Arbok
|
|upkeep
|
|t:|1760377381
|switch|p1a: Scizor|Scizor, M|100/100
|turn|6
|
|t:|1760377387
|move|p1a: Scizor|Swords Dance|p1a: Scizor
|-boost|p1a: Scizor|atk|2
|move|p2a: Alomomola|Body Slam|p1a: Scizor
|-resisted|p1a: Scizor
|-crit|p1a: Scizor
|-damage|p1a: Scizor|89/100
|-status|p1a: Scizor|par
|
|-heal|p1a: Scizor|95/100 par|[from] item: Leftovers
|upkeep
|turn|7
|
|t:|1760377404
|switch|p2a: Cinderace|Cinderace, F|100/100
|cant|p1a: Scizor|par
|
|-heal|p1a: Scizor|100/100 par|[from] item: Leftovers
|upkeep
|turn|8
|
|t:|1760377413
|move|p1a: Scizor|Bullet Punch|p2a: Cinderace
|-resisted|p2a: Cinderace
|-damage|p2a: Cinderace|63/100
|move|p2a: Cinderace|Pyro Ball|p1a: Scizor
|-supereffective|p1a: Scizor
|-damage|p1a: Scizor|0 fnt
|faint|p1a: Scizor
|
|upkeep
|
|t:|1760377418
|switch|p1a: Dragonite|Dragonite, M|100/100
|turn|9
|
|t:|1760377425
|move|p2a: Cinderace|Will-O-Wisp|p1a: Dragonite
|-status|p1a: Dragonite|brn
|move|p1a: Dragonite|Dragon Dance|p1a: Dragonite
|-boost|p1a: Dragonite|atk|1
|-boost|p1a: Dragonite|spe|1
|
|-damage|p1a: Dragonite|94/100 brn|[from] brn
|upkeep
|turn|10
|
|t:|1760377436
|move|p1a: Dragonite|Dragon Dance|p1a: Dragonite
|-boost|p1a: Dragonite|atk|1
|-boost|p1a: Dragonite|spe|1
|move|p2a: Cinderace|U-turn|p1a: Dragonite
|-resisted|p1a: Dragonite
|-damage|p1a: Dragonite|83/100 brn
|
|t:|1760377441
|switch|p2a: Enamorus|Enamorus, F|100/100|[from] U-turn
|
|-damage|p1a: Dragonite|77/100 brn|[from] brn
|upkeep
|turn|11
|
|t:|1760377448
|-terastallize|p1a: Dragonite|Normal
|move|p1a: Dragonite|Extreme Speed|p2a: Enamorus
|-damage|p2a: Enamorus|17/100
|-damage|p1a: Dragonite|67/100 brn|[from] item: Life Orb
|move|p2a: Enamorus|Moonblast|p1a: Dragonite
|-damage|p1a: Dragonite|7/100 brn
|-unboost|p1a: Dragonite|spa|1
|
|-damage|p1a: Dragonite|0 fnt|[from] brn
|faint|p1a: Dragonite
|upkeep
|
|t:|1760377457
|switch|p1a: Ditto|Ditto|100/100
|-transform|p1a: Ditto|p2a: Enamorus|[from] ability: Imposter
|turn|12
|
|t:|1760377470
|move|p1a: Ditto|Moonblast|p2a: Enamorus
|-damage|p2a: Enamorus|0 fnt
|faint|p2a: Enamorus
|
|upkeep
|
|t:|1760377475
|switch|p2a: Slowking|Slowking-Galar, M|87/100
|turn|13
|
|t:|1760377481
|switch|p1a: Quagsire|Quagsire, F|100/100
|move|p2a: Slowking|Sludge Bomb|p1a: Quagsire
|-resisted|p1a: Quagsire
|-damage|p1a: Quagsire|85/100
|
|upkeep
|turn|14
|
|t:|1760377487
|move|p1a: Quagsire|Surf|p2a: Slowking
|-damage|p2a: Slowking|66/100
|move|p2a: Slowking|Ice Beam|p1a: Quagsire
|-damage|p1a: Quagsire|64/100
|
|upkeep
|turn|15
|
|t:|1760377497
|move|p1a: Quagsire|Surf|p2a: Slowking
|-damage|p2a: Slowking|45/100
|move|p2a: Slowking|Future Sight|p1a: Quagsire
|-start|p2a: Slowking|move: Future Sight
|
|upkeep
|turn|16
|
|t:|1760377506
|switch|p2a: Lokix|Lokix, M|100/100
|move|p1a: Quagsire|Recover|p1a: Quagsire
|-heal|p1a: Quagsire|100/100
|
|upkeep
|turn|17
|
|t:|1760377516
|move|p2a: Lokix|Knock Off|p1a: Quagsire
|-damage|p1a: Quagsire|32/100
|-enditem|p1a: Quagsire|Covert Cloak|[from] move: Knock Off|[of] p2a: Lokix
|move|p1a: Quagsire|Toxic|p2a: Lokix
|-status|p2a: Lokix|tox
|
|-end|p1a: Quagsire|move: Future Sight
|-damage|p1a: Quagsire|0 fnt
|faint|p1a: Quagsire
|-damage|p2a: Lokix|94/100 tox|[from] psn
|upkeep
|
|t:|1760377525
|switch|p1a: Ditto|Ditto|100/100
|-transform|p1a: Ditto|p2a: Lokix|[from] ability: Imposter
|turn|18
|
|t:|1760377540
|switch|p2a: Alomomola|Alomomola, M|94/100
|move|p1a: Ditto|Leech Life|p2a: Alomomola
|-damage|p2a: Alomomola|63/100
|
|upkeep
|turn|19
|
|t:|1760377557
|move|p1a: Ditto|Leech Life|p2a: Alomomola
|-damage|p2a: Alomomola|35/100
|move|p2a: Alomomola|Body Slam|p1a: Ditto
|-damage|p1a: Ditto|79/100
|-status|p1a: Ditto|par
|
|upkeep
|turn|20
|
|t:|1760377565
|move|p1a: Ditto|Leech Life|p2a: Alomomola
|-damage|p2a: Alomomola|3/100
|-heal|p1a: Ditto|100/100 par|[from] drain|[of] p2a: Alomomola
|move|p2a: Alomomola|Flip Turn|p1a: Ditto
|-damage|p1a: Ditto|77/100 par
|
|t:|1760377573
|switch|p2a: Great Tusk|Great Tusk|100/100|[from] Flip Turn
|
|upkeep
|turn|21
|
|t:|1760377580
|switch|p1a: Jumpluff|Jumpluff, F|100/100
|move|p2a: Great Tusk|Bulk Up|p2a: Great Tusk
|-boost|p2a: Great Tusk|atk|1
|-boost|p2a: Great Tusk|def|1
|
|upkeep
|turn|22
|
|t:|1760377599
|-terastallize|p2a: Great Tusk|Poison
|move|p1a: Jumpluff|Leech Seed|p2a: Great Tusk
|-start|p2a: Great Tusk|move: Leech Seed
|move|p2a: Great Tusk|Knock Off|p1a: Jumpluff
|-damage|p1a: Jumpluff|32/100
|-enditem|p1a: Jumpluff|Sitrus Berry|[from] move: Knock Off|[of] p2a: Great Tusk
|
|-damage|p2a: Great Tusk|88/100|[from] Leech Seed|[of] p1a: Jumpluff
|-heal|p1a: Jumpluff|51/100|[silent]
|upkeep
|turn|23
|
|t:|1760377615
|move|p1a: Jumpluff|Strength Sap|p2a: Great Tusk
|-unboost|p2a: Great Tusk|atk|1
|-heal|p1a: Jumpluff|100/100
|move|p2a: Great Tusk|Rapid Spin|p1a: Jumpluff
|-damage|p1a: Jumpluff|78/100
|-boost|p2a: Great Tusk|spe|1
|-end|p2a: Great Tusk|Leech Seed|[from] move: Rapid Spin|[of] p2a: Great Tusk
|
|-heal|p2a: Great Tusk|94/100|[from] item: Leftovers
|upkeep
|turn|24
|l|☆Litterpaws
|inactive|Litterpaws disconnected and has a minute to reconnect!
|player|p2|
|inactive|Litterpaws has 30 seconds to reconnect!
|inactive|Litterpaws has 20 seconds to reconnect!
|inactive|Litterpaws has 15 seconds to reconnect!
|inactive|Litterpaws has 10 seconds to reconnect!
|inactive|Litterpaws has 5 seconds to reconnect!
|-message|Litterpaws lost due to inactivity.
|
|win|xyphose
|raw|xyphose's rating: 1100 &rarr; <strong>1126</strong><br />(+26 for winning)
|raw|Litterpaws's rating: 1112 &rarr; <strong>1086</strong><br />(-26 for losing)
|l|☆xyphose
|player|p1|
