|j|‽universe mon
|j|☆getreyal
|t:|1760380295
|gametype|singles
|player|p1|universe mon|li|1747
|player|p2|getreyal|pokemonbreeder-gen4|1744
|gen|9
|tier|[Gen 9] OU
|rated|
|rule|HP Percentage Mod: HP is shown in percentages
|rule|Endless Battle Clause: Forcing endless battles is banned
|rule|Species Clause: Limit one of each Pokémon
|rule|OHKO Clause: OHKO moves are banned
|rule|Evasion Items Clause: Evasion items are banned
|rule|Evasion Moves Clause: Evasion moves are banned
|rule|Evasion Abilities Clause: Evasion abilities are banned
|rule|Sleep Moves Clause: Sleep-inducing moves are banned
|clearpoke
|poke|p1|Ninetales-Alola, F|
|poke|p1|Klefki, F|
|poke|p1|Latias, F|
|poke|p1|Maushold-Four|
|poke|p1|Ogerpon-Wellspring, F|
|poke|p1|Necrozma|
|poke|p2|Corviknight, F|
|poke|p2|Garchomp, F|
|poke|p2|Glimmora, F|
|poke|p2|Darkrai|
|poke|p2|Ceruledge, M|
|poke|p2|Ogerpon-Wellspring, F|
|teampreview
|
|t:|1760380298
|teamsize|p1|6
|teamsize|p2|6
|start
|switch|p1a: Klefki|Klefki, F|100/100
|switch|p2a: Glimmora|Glimmora, F|100/100
|turn|1
|inactive|Battle timer is ON: inactive players will automatically lose when time's up. (requested by universe mon)
|
|t:|1760380301
|move|p1a: Klefki|Thunder Wave|p2a: Glimmora
|-status|p2a: Glimmora|par
|move|p2a: Glimmora|Earth Power|p1a: Klefki
|-supereffective|p1a: Klefki
|-damage|p1a: Klefki|24/100
|
|upkeep
|turn|2
|
|t:|1760380305
|switch|p1a: Ninetales|Ninetales-Alola, F|100/100
|-weather|Snowscape|[from] ability: Snow Warning|[of] p1a: Ninetales
|cant|p2a: Glimmora|par
|
|-weather|Snowscape|[upkeep]
|upkeep
|turn|3
|
|t:|1760380310
|move|p1a: Ninetales|Encore|p2a: Glimmora
|-start|p2a: Glimmora|Encore
|move|p2a: Glimmora|Earth Power|p1a: Ninetales
|-crit|p1a: Ninetales
|-damage|p1a: Ninetales|42/100
|-unboost|p1a: Ninetales|spd|1
|
|-weather|Snowscape|[upkeep]
|upkeep
|turn|4
|
|t:|1760380312
|move|p1a: Ninetales|Aurora Veil|p1a: Ninetales
|-sidestart|p1: universe mon|move: Aurora Veil
|move|p2a: Glimmora|Earth Power|p1a: Ninetales
|-damage|p1a: Ninetales|16/100
|
|-weather|Snowscape|[upkeep]
|upkeep
|turn|5
|
|t:|1760380315
|switch|p2a: Corviknight|Corviknight, F|100/100
|-ability|p2a: Corviknight|Pressure
|move|p1a: Ninetales|Freeze-Dry|p2a: Corviknight
|-damage|p2a: Corviknight|80/100
|
|-weather|Snowscape|[upkeep]
|-heal|p2a: Corviknight|86/100|[from] item: Leftovers
|upkeep
|turn|6
|
|t:|1760380318
|switch|p1a: Latias|Latias, F|100/100
|move|p2a: Corviknight|U-turn|p1a: Latias
|-supereffective|p1a: Latias
|-damage|p1a: Latias|87/100
|-enditem|p1a: Latias|Weakness Policy
|-boost|p1a: Latias|atk|2|[from] item: Weakness Policy
|-boost|p1a: Latias|spa|2|[from] item: Weakness Policy
|j| br0ken heart ❤️
|
|t:|1760380331
|switch|p2a: Garchomp|Garchomp, F|100/100|[from] U-turn
|
|-weather|none
|upkeep
|turn|7
|
|t:|1760380333
|-terastallize|p2a: Garchomp|Ghost
|move|p1a: Latias|Stored Power|p2a: Garchomp
|-damage|p2a: Garchomp|5/100
|move|p2a: Garchomp|Dragon Tail|p1a: Latias
|-supereffective|p1a: Latias
|-damage|p1a: Latias|60/100
|drag|p1a: Klefki|Klefki, F|24/100
|
|upkeep
|turn|8
|
|t:|1760380340
|move|p1a: Klefki|Thunder Wave|p2a: Garchomp
|-status|p2a: Garchomp|par
|move|p2a: Garchomp|Stealth Rock|p1a: Klefki
|-sidestart|p1: universe mon|move: Stealth Rock
|
|upkeep
|turn|9
|
|t:|1760380344
|move|p1a: Klefki|Reflect|p1a: Klefki
|-sidestart|p1: universe mon|Reflect
|move|p2a: Garchomp|Spikes|p1a: Klefki
|-sidestart|p1: universe mon|Spikes
|
|upkeep
|turn|10
|
|t:|1760380347
|switch|p1a: Maushold|Maushold-Four|100/100
|-damage|p1a: Maushold|88/100|[from] Stealth Rock
|-damage|p1a: Maushold|76/100|[from] Spikes
|cant|p2a: Garchomp|par
|
|upkeep
|turn|11
|
|t:|1760380354
|move|p1a: Maushold|Tidy Up|p1a: Maushold
|-sideend|p1: universe mon|Spikes
|-sideend|p1: universe mon|Stealth Rock
|-activate|p1a: Maushold|move: Tidy Up
|-boost|p1a: Maushold|atk|1
|-boost|p1a: Maushold|spe|1
|move|p2a: Garchomp|Dragon Tail|p1a: Maushold
|-damage|p1a: Maushold|59/100
|drag|p1a: Necrozma|Necrozma|100/100
|
|-sideend|p1: universe mon|move: Aurora Veil
|upkeep
|turn|12
|
|t:|1760380360
|switch|p2a: Darkrai|Darkrai|100/100
|move|p1a: Necrozma|Photon Geyser|p2a: Darkrai
|-immune|p2a: Darkrai
|
|upkeep
|turn|13
|
|t:|1760380364
|switch|p1a: Klefki|Klefki, F|24/100
|move|p2a: Darkrai|Dark Pulse|p1a: Klefki
|-resisted|p1a: Klefki
|-damage|p1a: Klefki|0 fnt
|faint|p1a: Klefki
|
|upkeep
|
|t:|1760380369
|switch|p1a: Ogerpon|Ogerpon-Wellspring, F|100/100
|turn|14
|
|t:|1760380371
|move|p2a: Darkrai|Dark Pulse|p1a: Ogerpon
|-damage|p1a: Ogerpon|21/100
|move|p1a: Ogerpon|Trailblaze|p2a: Darkrai
|-damage|p2a: Darkrai|59/100
|-boost|p1a: Ogerpon|spe|1
|
|upkeep
|turn|15
|
|t:|1760380376
|switch|p2a: Garchomp|Garchomp, F, tera:Ghost|5/100 par
|move|p1a: Ogerpon|Ivy Cudgel|p2a: Garchomp|[anim] Ivy Cudgel Water
|-crit|p2a: Garchomp
|-damage|p2a: Garchomp|0 fnt
|faint|p2a: Garchomp
|
|upkeep
|
|t:|1760380387
|switch|p2a: Corviknight|Corviknight, F|86/100
|-ability|p2a: Corviknight|Pressure
|turn|16
|
|t:|1760380392
|move|p1a: Ogerpon|Ivy Cudgel|p2a: Corviknight|[anim] Ivy Cudgel Water
|-damage|p2a: Corviknight|46/100
|move|p2a: Corviknight|U-turn|p1a: Ogerpon
|-supereffective|p1a: Ogerpon
|-damage|p1a: Ogerpon|3/100
|
|t:|1760380397
|switch|p2a: Ceruledge|Ceruledge, M|100/100|[from] U-turn
|
|-sideend|p1: universe mon|Reflect
|upkeep
|turn|17
|
|t:|1760380401
|move|p1a: Ogerpon|Ivy Cudgel|p2a: Ceruledge|[anim] Ivy Cudgel Water
|-supereffective|p2a: Ceruledge
|-enditem|p2a: Ceruledge|Focus Sash
|-damage|p2a: Ceruledge|1/100
|-ability|p2a: Ceruledge|Weak Armor|boost
|-unboost|p2a: Ceruledge|def|1
|-boost|p2a: Ceruledge|spe|2
|move|p2a: Ceruledge|Swords Dance|p2a: Ceruledge
|-boost|p2a: Ceruledge|atk|2
|
|upkeep
|turn|18
|
|t:|1760380405
|move|p2a: Ceruledge|Shadow Sneak|p1a: Ogerpon
|-damage|p1a: Ogerpon|0 fnt
|faint|p1a: Ogerpon
|
|upkeep
|
|t:|1760380410
|switch|p1a: Maushold|Maushold-Four|59/100
|turn|19
|
|t:|1760380415
|move|p2a: Ceruledge|Bitter Blade|p1a: Maushold
|-crit|p1a: Maushold
|-damage|p1a: Maushold|0 fnt
|-heal|p2a: Ceruledge|30/100|[from] drain|[of] p1a: Maushold
|faint|p1a: Maushold
|
|upkeep
|
|t:|1760380417
|switch|p1a: Necrozma|Necrozma|100/100
|turn|20
|
|t:|1760380423
|switch|p1a: Ninetales|Ninetales-Alola, F|16/100
|-weather|Snowscape|[from] ability: Snow Warning|[of] p1a: Ninetales
|move|p2a: Ceruledge|Bitter Blade|p1a: Ninetales
|-supereffective|p1a: Ninetales
|-damage|p1a: Ninetales|0 fnt
|-heal|p2a: Ceruledge|38/100|[from] drain|[of] p1a: Ninetales
|faint|p1a: Ninetales
|
|-weather|Snowscape|[upkeep]
|upkeep
|
|t:|1760380428
|switch|p1a: Necrozma|Necrozma|100/100
|turn|21
|
|t:|1760380430
|move|p2a: Ceruledge|Poltergeist|p1a: Necrozma
|-activate|p1a: Necrozma|move: Poltergeist|Leftovers
|-supereffective|p1a: Necrozma
|-damage|p1a: Necrozma|0 fnt
|faint|p1a: Necrozma
|
|-weather|Snowscape|[upkeep]
|upkeep
|
|t:|1760380432
|switch|p1a: Latias|Latias, F|60/100
|turn|22
|
|t:|1760380435
|-terastallize|p1a: Latias|Steel
|move|p2a: Ceruledge|Shadow Sneak|p1a: Latias
|-damage|p1a: Latias|19/100
|move|p1a: Latias|Agility|p1a: Latias
|-boost|p1a: Latias|spe|2
|
|-weather|Snowscape|[upkeep]
|upkeep
|turn|23
|
|t:|1760380438
|move|p2a: Ceruledge|Shadow Sneak|p1a: Latias
|-crit|p1a: Latias
|-damage|p1a: Latias|0 fnt
|faint|p1a: Latias
|
|win|getreyal
|raw|universe mon's rating: 1747 &rarr; <strong>1727</strong><br />(-20 for losing)
|raw|getreyal's rating: 1744 &rarr; <strong>1764</strong><br />(+20 for winning)
|l|‽universe mon
|player|p1|
|l|☆getreyal
|player|p2|
