|j|☆roommate108
|j|☆5mg Femtanyl
|t:|1760323425
|gametype|singles
|player|p1|roommate108|170|1488
|player|p2|5mg Femtanyl|janitor|1596
|gen|9
|tier|[Gen 9] OU
|rated|
|rule|HP Percentage Mod: HP is shown in percentages
|rule|Endless Battle Clause: Forcing endless battles is banned
|rule|Species Clause: Limit one of each Pokémon
|rule|OHKO Clause: OHKO moves are banned
|rule|Evasion Items Clause: Evasion items are banned
|rule|Evasion Moves Clause: Evasion moves are banned
|rule|Evasion Abilities Clause: Evasion abilities are banned
|rule|Sleep Moves Clause: Sleep-inducing moves are banned
|clearpoke
|poke|p1|Charizard, F|
|poke|p1|Torkoal, M|
|poke|p1|Walking Wake|
|poke|p1|Raging Bolt|
|poke|p1|Hatterene, F|
|poke|p1|Leavanny, M|
|poke|p2|Iron Valiant|
|poke|p2|Great Tusk|
|poke|p2|Zamazenta-*|
|poke|p2|Gholdengo|
|poke|p2|Glimmora, M|
|poke|p2|Ogerpon-Wellspring, F|
|teampreview
|inactive|Battle timer is ON: inactive players will automatically lose when time's up. (requested by 5mg Femtanyl)
|inactive|roommate108 has 120 seconds left.
|inactive|roommate108 has 90 seconds left.
|
|t:|1760323523
|teamsize|p1|6
|teamsize|p2|6
|start
|switch|p1a: Torkoal|Torkoal, M|100/100
|switch|p2a: Kidney stones|Glimmora, M|100/100
|-weather|SunnyDay|[from] ability: Drought|[of] p1a: Torkoal
|turn|1
|
|t:|1760323530
|switch|p1a: Hatterene|Hatterene, F|100/100
|move|p2a: Kidney stones|Meteor Beam||[still]
|-prepare|p2a: Kidney stones|Meteor Beam
|-boost|p2a: Kidney stones|spa|1
|-enditem|p2a: Kidney stones|Power Herb
|-anim|p2a: Kidney stones|Meteor Beam|p1a: Hatterene
|-damage|p1a: Hatterene|0 fnt
|faint|p1a: Hatterene
|
|-weather|SunnyDay|[upkeep]
|upkeep
|
|t:|1760323544
|switch|p1a: Walking Wake|Walking Wake|100/100
|-activate|p1a: Walking Wake|ability: Protosynthesis
|-start|p1a: Walking Wake|protosynthesisspe
|turn|2
|
|t:|1760323549
|switch|p2a: O-Well|Ogerpon-Wellspring, F|100/100
|move|p1a: Walking Wake|Draco Meteor|p2a: O-Well
|-damage|p2a: O-Well|0 fnt
|-unboost|p1a: Walking Wake|spa|2
|faint|p2a: O-Well
|
|-weather|SunnyDay|[upkeep]
|upkeep
|
|t:|1760323553
|switch|p2a: Weather ball|Iron Valiant|100/100
|-enditem|p2a: Weather ball|Booster Energy
|-activate|p2a: Weather ball|ability: Quark Drive|[fromitem]
|-start|p2a: Weather ball|quarkdrivespe
|turn|3
|
|t:|1760323571
|-end|p1a: Walking Wake|Protosynthesis|[silent]
|switch|p1a: Charizard|Charizard, F|100/100
|move|p2a: Weather ball|Substitute|p2a: Weather ball
|-start|p2a: Weather ball|Substitute
|-damage|p2a: Weather ball|76/100
|
|-weather|SunnyDay|[upkeep]
|-damage|p1a: Charizard|88/100|[from] ability: Solar Power|[of] p1a: Charizard
|upkeep
|turn|4
|
|t:|1760323579
|move|p2a: Weather ball|Swords Dance|p2a: Weather ball
|-boost|p2a: Weather ball|atk|2
|move|p1a: Charizard|Weather Ball|p2a: Weather ball
|-end|p2a: Weather ball|Substitute
|
|-weather|SunnyDay|[upkeep]
|-damage|p1a: Charizard|76/100|[from] ability: Solar Power|[of] p1a: Charizard
|upkeep
|turn|5
|
|t:|1760323587
|move|p2a: Weather ball|Substitute|p2a: Weather ball
|-start|p2a: Weather ball|Substitute
|-damage|p2a: Weather ball|51/100
|move|p1a: Charizard|Weather Ball|p2a: Weather ball
|-end|p2a: Weather ball|Substitute
|
|-weather|SunnyDay|[upkeep]
|-damage|p1a: Charizard|63/100|[from] ability: Solar Power|[of] p1a: Charizard
|upkeep
|turn|6
|
|t:|1760323591
|move|p2a: Weather ball|Substitute|p2a: Weather ball
|-start|p2a: Weather ball|Substitute
|-damage|p2a: Weather ball|26/100
|move|p1a: Charizard|Weather Ball|p2a: Weather ball
|-end|p2a: Weather ball|Substitute
|
|-weather|SunnyDay|[upkeep]
|-damage|p1a: Charizard|51/100|[from] ability: Solar Power|[of] p1a: Charizard
|upkeep
|turn|7
|
|t:|1760323598
|move|p2a: Weather ball|Close Combat|p1a: Charizard
|-resisted|p1a: Charizard
|-damage|p1a: Charizard|0 fnt
|-unboost|p2a: Weather ball|def|1
|-unboost|p2a: Weather ball|spd|1
|faint|p1a: Charizard
|
|-weather|SunnyDay|[upkeep]
|upkeep
|
|t:|1760323600
|switch|p1a: Leavanny|Leavanny, M|100/100
|turn|8
|
|t:|1760323605
|move|p1a: Leavanny|Leaf Blade|p2a: Weather ball
|-damage|p2a: Weather ball|0 fnt
|faint|p2a: Weather ball
|-end|p2a: Weather ball|Quark Drive|[silent]
|
|-weather|none
|upkeep
|
|t:|1760323612
|switch|p2a: Cool dog|Zamazenta|100/100
|-ability|p2a: Cool dog|Dauntless Shield|boost
|-boost|p2a: Cool dog|def|1
|turn|9
|
|t:|1760323628
|switch|p1a: Torkoal|Torkoal, M|100/100
|-weather|SunnyDay|[from] ability: Drought|[of] p1a: Torkoal
|move|p2a: Cool dog|Iron Defense|p2a: Cool dog
|-boost|p2a: Cool dog|def|2
|
|-weather|SunnyDay|[upkeep]
|upkeep
|turn|10
|
|t:|1760323634
|move|p2a: Cool dog|Body Press|p1a: Torkoal
|-damage|p1a: Torkoal|47/100
|move|p1a: Torkoal|Will-O-Wisp|p2a: Cool dog
|-status|p2a: Cool dog|brn
|
|-weather|SunnyDay|[upkeep]
|-damage|p2a: Cool dog|94/100 brn|[from] brn
|upkeep
|turn|11
|
|t:|1760323641
|switch|p1a: Walking Wake|Walking Wake|100/100
|-activate|p1a: Walking Wake|ability: Protosynthesis
|-start|p1a: Walking Wake|protosynthesisspe
|move|p2a: Cool dog|Iron Defense|p2a: Cool dog
|-boost|p2a: Cool dog|def|2
|
|-weather|SunnyDay|[upkeep]
|-heal|p2a: Cool dog|100/100 brn|[from] item: Leftovers
|-damage|p2a: Cool dog|94/100 brn|[from] brn
|upkeep
|turn|12
|
|t:|1760323650
|-terastallize|p1a: Walking Wake|Water
|move|p1a: Walking Wake|Hydro Steam|p2a: Cool dog
|-damage|p2a: Cool dog|0 fnt
|faint|p2a: Cool dog
|
|-weather|SunnyDay|[upkeep]
|upkeep
|
|t:|1760323667
|switch|p2a: Wormengo|Gholdengo|100/100
|turn|13
|
|t:|1760323675
|move|p1a: Walking Wake|Hydro Steam|p2a: Wormengo
|-damage|p2a: Wormengo|0 fnt
|faint|p2a: Wormengo
|
|-weather|SunnyDay|[upkeep]
|upkeep
|
|t:|1760323678
|switch|p2a: Kidney stones|Glimmora, M|100/100
|turn|14
|
|t:|1760323681
|move|p1a: Walking Wake|Hydro Steam|p2a: Kidney stones
|-supereffective|p2a: Kidney stones
|-damage|p2a: Kidney stones|0 fnt
|faint|p2a: Kidney stones
|
|-weather|SunnyDay|[upkeep]
|upkeep
|
|t:|1760323684
|switch|p2a: 5mg|Great Tusk|100/100
|-activate|p2a: 5mg|ability: Protosynthesis
|-start|p2a: 5mg|protosynthesisatk
|turn|15
|
|t:|1760323687
|move|p1a: Walking Wake|Hydro Steam|p2a: 5mg
|-supereffective|p2a: 5mg
|-crit|p2a: 5mg
|-damage|p2a: 5mg|0 fnt
|faint|p2a: 5mg
|-end|p2a: 5mg|Protosynthesis|[silent]
|
|win|roommate108
|raw|roommate108's rating: 1488 &rarr; <strong>1514</strong><br />(+26 for winning)
|raw|5mg Femtanyl's rating: 1596 &rarr; <strong>1570</strong><br />(-26 for losing)
|l|☆5mg Femtanyl
|player|p2|
|l|☆roommate108
|player|p1|
