|j|☆fujizen
|j|☆JBLspeakerfetty
|t:|1760388195
|gametype|singles
|player|p1|fujizen|lance-gen1|1302
|player|p2|JBLspeakerfetty|1|1340
|gen|9
|tier|[Gen 9] OU
|rated|
|rule|HP Percentage Mod: HP is shown in percentages
|rule|Endless Battle Clause: Forcing endless battles is banned
|rule|Species Clause: Limit one of each Pokémon
|rule|OHKO Clause: OHKO moves are banned
|rule|Evasion Items Clause: Evasion items are banned
|rule|Evasion Moves Clause: Evasion moves are banned
|rule|Evasion Abilities Clause: Evasion abilities are banned
|rule|Sleep Moves Clause: Sleep-inducing moves are banned
|clearpoke
|poke|p1|Alcremie, F|
|poke|p1|Clefable, F|
|poke|p1|Hawlucha, F|
|poke|p1|Pawmot, M|
|poke|p1|Pincurchin, M|
|poke|p1|Hoopa-Unbound|
|poke|p2|Overqwil, F|
|poke|p2|Walking Wake|
|poke|p2|Gholdengo|
|poke|p2|Great Tusk|
|poke|p2|Tornadus-Therian, M|
|poke|p2|Rillaboom, F|
|teampreview
|inactive|Battle timer is ON: inactive players will automatically lose when time's up. (requested by fujizen)
|
|t:|1760388206
|teamsize|p1|6
|teamsize|p2|6
|start
|switch|p1a: Pincurchin|Pincurchin, M|100/100
|switch|p2a: Overqwil|Overqwil, F|100/100
|-item|p2a: Overqwil|Air Balloon
|-fieldstart|move: Electric Terrain|[from] ability: Electric Surge|[of] p1a: Pincurchin
|turn|1
|
|t:|1760388212
|move|p2a: Overqwil|Toxic|p1a: Pincurchin
|-status|p1a: Pincurchin|tox
|move|p1a: Pincurchin|Thunder Wave|p2a: Overqwil
|-status|p2a: Overqwil|par
|
|-damage|p1a: Pincurchin|94/100 tox|[from] psn
|upkeep
|turn|2
|
|t:|1760388218
|move|p2a: Overqwil|Spikes|p1a: Pincurchin
|-sidestart|p1: fujizen|Spikes
|move|p1a: Pincurchin|Toxic Spikes|p2a: Overqwil
|-sidestart|p2: JBLspeakerfetty|move: Toxic Spikes
|
|-damage|p1a: Pincurchin|82/100 tox|[from] psn
|upkeep
|turn|3
|
|t:|1760388226
|cant|p2a: Overqwil|par
|move|p1a: Pincurchin|Toxic Spikes|p2a: Overqwil
|-sidestart|p2: JBLspeakerfetty|move: Toxic Spikes
|
|-damage|p1a: Pincurchin|64/100 tox|[from] psn
|upkeep
|turn|4
|
|t:|1760388249
|switch|p1a: Hoopa|Hoopa-Unbound|100/100
|-damage|p1a: Hoopa|88/100|[from] Spikes
|move|p2a: Overqwil|Rain Dance|p2a: Overqwil
|-weather|RainDance
|
|-weather|RainDance|[upkeep]
|upkeep
|turn|5
|
|t:|1760388259
|-terastallize|p1a: Hoopa|Electric
|move|p1a: Hoopa|Thunderbolt|p2a: Overqwil
|-damage|p2a: Overqwil|8/100 par
|-enditem|p2a: Overqwil|Air Balloon
|move|p2a: Overqwil|Toxic|p1a: Hoopa
|-status|p1a: Hoopa|tox
|
|-weather|RainDance|[upkeep]
|-damage|p1a: Hoopa|82/100 tox|[from] psn
|upkeep
|turn|6
|
|t:|1760388270
|switch|p2a: Great Tusk|Great Tusk|100/100
|-status|p2a: Great Tusk|tox
|move|p1a: Hoopa|Thunderbolt|p2a: Great Tusk
|-immune|p2a: Great Tusk
|
|-weather|RainDance|[upkeep]
|-damage|p1a: Hoopa|70/100 tox|[from] psn
|-damage|p2a: Great Tusk|94/100 tox|[from] psn
|upkeep
|turn|7
|
|t:|1760388277
|switch|p1a: Alcremie|Alcremie, F|100/100
|-damage|p1a: Alcremie|88/100|[from] Spikes
|move|p2a: Great Tusk|Rapid Spin|p1a: Alcremie
|-damage|p1a: Alcremie|74/100
|-boost|p2a: Great Tusk|spe|1
|-sideend|p2: JBLspeakerfetty|Toxic Spikes|[from] move: Rapid Spin|[of] p2a: Great Tusk
|
|-weather|RainDance|[upkeep]
|-heal|p1a: Alcremie|80/100|[from] item: Leftovers
|-damage|p2a: Great Tusk|82/100 tox|[from] psn
|upkeep
|turn|8
|
|t:|1760388283
|-end|p2a: Great Tusk|Protosynthesis|[silent]
|switch|p2a: Overqwil|Overqwil, F|8/100 par
|move|p1a: Alcremie|Acid Armor|p1a: Alcremie
|-boost|p1a: Alcremie|def|2
|
|-weather|none
|-heal|p1a: Alcremie|86/100|[from] item: Leftovers
|-fieldend|move: Electric Terrain
|upkeep
|turn|9
|
|t:|1760388302
|move|p1a: Alcremie|Stored Power|p2a: Overqwil
|-immune|p2a: Overqwil
|move|p2a: Overqwil|Toxic|p1a: Alcremie
|-status|p1a: Alcremie|tox
|
|-heal|p1a: Alcremie|92/100 tox|[from] item: Leftovers
|-damage|p1a: Alcremie|86/100 tox|[from] psn
|upkeep
|turn|10
|
|t:|1760388310
|move|p1a: Alcremie|Draining Kiss|p2a: Overqwil
|-damage|p2a: Overqwil|0 fnt
|-heal|p1a: Alcremie|93/100 tox|[from] drain|[of] p2a: Overqwil
|faint|p2a: Overqwil
|
|-heal|p1a: Alcremie|99/100 tox|[from] item: Leftovers
|-damage|p1a: Alcremie|87/100 tox|[from] psn
|upkeep
|
|t:|1760388318
|switch|p2a: Gholdengo|Gholdengo|100/100
|-item|p2a: Gholdengo|Air Balloon
|turn|11
|
|t:|1760388322
|move|p2a: Gholdengo|Make It Rain|p1a: Alcremie
|-supereffective|p1a: Alcremie
|-damage|p1a: Alcremie|0 fnt
|-unboost|p2a: Gholdengo|spa|1
|faint|p1a: Alcremie
|
|upkeep
|
|t:|1760388328
|switch|p1a: Pincurchin|Pincurchin, M|64/100 tox
|-damage|p1a: Pincurchin|52/100 tox|[from] Spikes
|-fieldstart|move: Electric Terrain|[from] ability: Electric Surge|[of] p1a: Pincurchin
|turn|12
|
|t:|1760388332
|switch|p2a: Great Tusk|Great Tusk|82/100 tox
|move|p1a: Pincurchin|Toxic Spikes|p2a: Great Tusk
|-sidestart|p2: JBLspeakerfetty|move: Toxic Spikes
|
|-damage|p2a: Great Tusk|76/100 tox|[from] psn
|-damage|p1a: Pincurchin|46/100 tox|[from] psn
|upkeep
|turn|13
|
|t:|1760388341
|switch|p1a: Hawlucha|Hawlucha, F|100/100
|-enditem|p1a: Hawlucha|Electric Seed
|-boost|p1a: Hawlucha|def|1|[from] item: Electric Seed
|move|p2a: Great Tusk|Rapid Spin|p1a: Hawlucha
|-damage|p1a: Hawlucha|86/100
|-boost|p2a: Great Tusk|spe|1
|-sideend|p2: JBLspeakerfetty|Toxic Spikes|[from] move: Rapid Spin|[of] p2a: Great Tusk
|
|-damage|p2a: Great Tusk|63/100 tox|[from] psn
|upkeep
|turn|14
|
|t:|1760388348
|move|p1a: Hawlucha|Swords Dance|p1a: Hawlucha
|-boost|p1a: Hawlucha|atk|2
|move|p2a: Great Tusk|Ice Spinner|p1a: Hawlucha
|-supereffective|p1a: Hawlucha
|-damage|p1a: Hawlucha|36/100
|-fieldend|move: Electric Terrain
|
|-damage|p2a: Great Tusk|45/100 tox|[from] psn
|upkeep
|turn|15
|
|t:|1760388356
|move|p1a: Hawlucha|Brave Bird|p2a: Great Tusk
|-supereffective|p2a: Great Tusk
|-damage|p2a: Great Tusk|0 fnt
|-damage|p1a: Hawlucha|19/100|[from] item: Rocky Helmet|[of] p2a: Great Tusk
|faint|p2a: Great Tusk
|-end|p2a: Great Tusk|Protosynthesis|[silent]
|-damage|p1a: Hawlucha|0 fnt|[from] Recoil
|faint|p1a: Hawlucha
|
|upkeep
|
|t:|1760388365
|switch|p1a: Clefable|Clefable, F|100/100
|switch|p2a: Walking Wake|Walking Wake|100/100
|turn|16
|l|☆JBLspeakerfetty
|inactive|JBLspeakerfetty disconnected and has a minute to reconnect!
|player|p2|
|inactive|JBLspeakerfetty has 30 seconds to reconnect!
|inactive|JBLspeakerfetty has 20 seconds to reconnect!
|inactive|JBLspeakerfetty has 15 seconds to reconnect!
|inactive|JBLspeakerfetty has 10 seconds to reconnect!
|j|☆JBLspeakerfetty
|inactive|JBLspeakerfetty reconnected and has 90 seconds left.
|player|p2|JBLspeakerfetty|1|
|
|t:|1760388430
|move|p2a: Walking Wake|Flip Turn|p1a: Clefable
|-damage|p1a: Clefable|84/100
|
|t:|1760388433
|-end|p2a: Walking Wake|Protosynthesis|[silent]
|switch|p2a: Gholdengo|Gholdengo|100/100|[from] Flip Turn
|-item|p2a: Gholdengo|Air Balloon
|move|p1a: Clefable|Cosmic Power|p1a: Clefable
|-boost|p1a: Clefable|def|1
|-boost|p1a: Clefable|spd|1
|
|-heal|p1a: Clefable|90/100|[from] item: Leftovers
|upkeep
|turn|17
|
|t:|1760388454
|move|p2a: Gholdengo|Make It Rain|p1a: Clefable
|-supereffective|p1a: Clefable
|-damage|p1a: Clefable|21/100
|-unboost|p2a: Gholdengo|spa|1
|move|p1a: Clefable|Cosmic Power|p1a: Clefable
|-boost|p1a: Clefable|def|1
|-boost|p1a: Clefable|spd|1
|
|-heal|p1a: Clefable|27/100|[from] item: Leftovers
|upkeep
|turn|18
|
|t:|1760388461
|move|p2a: Gholdengo|Make It Rain|p1a: Clefable
|-supereffective|p1a: Clefable
|-damage|p1a: Clefable|0 fnt
|-unboost|p2a: Gholdengo|spa|1
|faint|p1a: Clefable
|
|upkeep
|
|t:|1760388466
|switch|p1a: Pawmot|Pawmot, M|100/100
|turn|19
|inactive|JBLspeakerfetty has 120 seconds left.
|
|t:|1760388477
|switch|p2a: Walking Wake|Walking Wake|100/100
|move|p1a: Pawmot|Revival Blessing|p1a: Pawmot
|
|t:|1760388481
|-heal|p1: Clefable|50/100|[from] move: Revival Blessing
|
|upkeep
|turn|20
|
|t:|1760388487
|move|p2a: Walking Wake|Hydro Steam|p1a: Pawmot
|-damage|p1a: Pawmot|28/100
|move|p1a: Pawmot|Double Shock|p2a: Walking Wake
|-damage|p2a: Walking Wake|42/100
|-start|p1a: Pawmot|typechange|???/Fighting|[from] move: Double Shock
|
|upkeep
|turn|21
|
|t:|1760388491
|move|p2a: Walking Wake|Hydro Steam|p1a: Pawmot
|-damage|p1a: Pawmot|0 fnt
|faint|p1a: Pawmot
|
|upkeep
|
|t:|1760388494
|switch|p1a: Hoopa|Hoopa-Unbound, tera:Electric|70/100 tox
|-damage|p1a: Hoopa|58/100 tox|[from] Spikes
|turn|22
|
|t:|1760388499
|move|p2a: Walking Wake|Hydro Steam|p1a: Hoopa
|-damage|p1a: Hoopa|18/100 tox
|move|p1a: Hoopa|Thunderbolt|p2a: Walking Wake
|-damage|p2a: Walking Wake|0 fnt
|faint|p2a: Walking Wake
|-end|p2a: Walking Wake|Protosynthesis|[silent]
|
|-damage|p1a: Hoopa|12/100 tox|[from] psn
|upkeep
|
|t:|1760388503
|switch|p2a: Rillaboom|Rillaboom, F|100/100
|-fieldstart|move: Grassy Terrain|[from] ability: Grassy Surge|[of] p2a: Rillaboom
|turn|23
|
|t:|1760388506
|move|p2a: Rillaboom|Grassy Glide|p1a: Hoopa
|-damage|p1a: Hoopa|0 fnt
|faint|p1a: Hoopa
|-damage|p2a: Rillaboom|91/100|[from] item: Life Orb
|
|-heal|p2a: Rillaboom|97/100|[from] Grassy Terrain
|upkeep
|
|t:|1760388513
|switch|p1a: Pincurchin|Pincurchin, M|46/100 tox
|-damage|p1a: Pincurchin|34/100 tox|[from] Spikes
|-fieldstart|move: Electric Terrain|[from] ability: Electric Surge|[of] p1a: Pincurchin
|turn|24
|
|t:|1760388519
|switch|p2a: Tornadus|Tornadus-Therian, M|100/100
|move|p1a: Pincurchin|Recover|p1a: Pincurchin
|-heal|p1a: Pincurchin|84/100 tox
|
|-damage|p1a: Pincurchin|78/100 tox|[from] psn
|upkeep
|turn|25
|
|t:|1760388524
|move|p2a: Tornadus|U-turn|p1a: Pincurchin
|-damage|p1a: Pincurchin|64/100 tox
|
|t:|1760388525
|switch|p2a: Rillaboom|Rillaboom, F|97/100|[from] U-turn
|-fieldstart|move: Grassy Terrain|[from] ability: Grassy Surge|[of] p2a: Rillaboom
|move|p1a: Pincurchin|Thunder Wave|p2a: Rillaboom
|-status|p2a: Rillaboom|par
|
|-heal|p2a: Rillaboom|100/100 par|[from] Grassy Terrain
|-heal|p1a: Pincurchin|70/100 tox|[from] Grassy Terrain
|-damage|p1a: Pincurchin|58/100 tox|[from] psn
|upkeep
|turn|26
|
|t:|1760388535
|cant|p2a: Rillaboom|par
|move|p1a: Pincurchin|Recover|p1a: Pincurchin
|-heal|p1a: Pincurchin|100/100 tox
|
|-damage|p1a: Pincurchin|82/100 tox|[from] psn
|upkeep
|turn|27
|
|t:|1760388540
|move|p2a: Rillaboom|U-turn|p1a: Pincurchin
|-damage|p1a: Pincurchin|56/100 tox
|-damage|p2a: Rillaboom|91/100 par|[from] item: Life Orb
|
|t:|1760388542
|switch|p2a: Tornadus|Tornadus-Therian, M|100/100|[from] U-turn
|move|p1a: Pincurchin|Toxic Spikes|p2a: Tornadus
|-sidestart|p2: JBLspeakerfetty|move: Toxic Spikes
|
|-heal|p1a: Pincurchin|62/100 tox|[from] Grassy Terrain
|-damage|p1a: Pincurchin|38/100 tox|[from] psn
|upkeep
|turn|28
|
|t:|1760388550
|move|p2a: Tornadus|U-turn|p1a: Pincurchin
|-crit|p1a: Pincurchin
|-damage|p1a: Pincurchin|21/100 tox
|
|t:|1760388553
|switch|p2a: Rillaboom|Rillaboom, F|91/100 par|[from] U-turn
|move|p1a: Pincurchin|Thunder Wave|p2a: Rillaboom
|-fail|p2a: Rillaboom|par
|
|-heal|p2a: Rillaboom|97/100 par|[from] Grassy Terrain
|-heal|p1a: Pincurchin|27/100 tox|[from] Grassy Terrain
|-damage|p1a: Pincurchin|0 fnt|[from] psn
|faint|p1a: Pincurchin
|upkeep
|
|t:|1760388560
|switch|p1a: Clefable|Clefable, F|50/100
|turn|29
|
|t:|1760388567
|move|p1a: Clefable|Moonlight|p1a: Clefable
|-heal|p1a: Clefable|100/100
|move|p2a: Rillaboom|Wood Hammer|p1a: Clefable
|-damage|p1a: Clefable|0 fnt
|faint|p1a: Clefable
|-damage|p2a: Rillaboom|59/100 par|[from] Recoil
|-damage|p2a: Rillaboom|49/100 par|[from] item: Life Orb
|
|win|JBLspeakerfetty
|raw|fujizen's rating: 1302 &rarr; <strong>1284</strong><br />(-18 for losing)
|raw|JBLspeakerfetty's rating: 1340 &rarr; <strong>1358</strong><br />(+18 for winning)
|l|☆fujizen
|player|p1|
