|j|☆blaoh123
|j|☆Mreda
|t:|1760391177
|gametype|singles
|player|p1|blaoh123|akari|1350
|player|p2|Mreda|1|1395
|gen|9
|tier|[Gen 9] OU
|rated|
|rule|HP Percentage Mod: HP is shown in percentages
|rule|Endless Battle Clause: Forcing endless battles is banned
|rule|Species Clause: Limit one of each Pokémon
|rule|OHKO Clause: OHKO moves are banned
|rule|Evasion Items Clause: Evasion items are banned
|rule|Evasion Moves Clause: Evasion moves are banned
|rule|Evasion Abilities Clause: Evasion abilities are banned
|rule|Sleep Moves Clause: Sleep-inducing moves are banned
|clearpoke
|poke|p1|Deoxys-Speed|
|poke|p1|Gholdengo|
|poke|p1|Dragapult, M|
|poke|p1|Zapdos-Galar|
|poke|p1|Heatran, F|
|poke|p1|Kingambit, F|
|poke|p2|Moltres|
|poke|p2|Zamazenta-*|
|poke|p2|Corviknight, M|
|poke|p2|Garchomp, M|
|poke|p2|Clodsire, M|
|poke|p2|Kingambit, F|
|teampreview
|
|t:|1760391201
|teamsize|p1|6
|teamsize|p2|6
|start
|switch|p1a: Deoxys|Deoxys-Speed|100/100
|switch|p2a: Hanzo|Kingambit, F|100/100
|-ability|p1a: Deoxys|Pressure
|turn|1
|
|t:|1760391209
|move|p2a: Hanzo|Sucker Punch||[still]
|-fail|p2a: Hanzo
|move|p1a: Deoxys|Taunt|p2a: Hanzo
|-start|p2a: Hanzo|move: Taunt
|
|upkeep
|turn|2
|
|t:|1760391215
|move|p1a: Deoxys|Stealth Rock|p2a: Hanzo
|-sidestart|p2: Mreda|move: Stealth Rock
|move|p2a: Hanzo|Kowtow Cleave|p1a: Deoxys
|-supereffective|p1a: Deoxys
|-enditem|p1a: Deoxys|Focus Sash
|-damage|p1a: Deoxys|1/100
|
|upkeep
|turn|3
|
|t:|1760391225
|move|p2a: Hanzo|Sucker Punch||[still]
|-fail|p2a: Hanzo
|move|p1a: Deoxys|Spikes|p2a: Hanzo
|-sidestart|p2: Mreda|Spikes
|
|upkeep
|turn|4
|
|t:|1760391231
|move|p1a: Deoxys|Spikes|p2a: Hanzo
|-sidestart|p2: Mreda|Spikes
|move|p2a: Hanzo|Kowtow Cleave|p1a: Deoxys
|-supereffective|p1a: Deoxys
|-damage|p1a: Deoxys|0 fnt
|faint|p1a: Deoxys
|
|-end|p2a: Hanzo|move: Taunt
|upkeep
|
|t:|1760391235
|switch|p1a: Zapdos|Zapdos-Galar|100/100
|turn|5
|
|t:|1760391245
|switch|p1a: Gholdengo|Gholdengo|100/100
|-end|p2a: Hanzo|fallenundefined|[silent]
|switch|p2a: Igriş|Corviknight, M|100/100
|-damage|p2a: Igriş|88/100|[from] Stealth Rock
|-ability|p2a: Igriş|Pressure
|
|upkeep
|turn|6
|
|t:|1760391256
|switch|p2a: Jogäider|Clodsire, M|100/100
|-damage|p2a: Jogäider|94/100|[from] Stealth Rock
|-damage|p2a: Jogäider|78/100|[from] Spikes
|move|p1a: Gholdengo|Thunderbolt|p2a: Jogäider
|-immune|p2a: Jogäider
|
|-heal|p2a: Jogäider|84/100|[from] item: Leftovers
|upkeep
|turn|7
|
|t:|1760391271
|switch|p1a: Zapdos|Zapdos-Galar|100/100
|move|p2a: Jogäider|Toxic|p1a: Zapdos
|-status|p1a: Zapdos|tox
|
|-heal|p2a: Jogäider|90/100|[from] item: Leftovers
|-damage|p1a: Zapdos|94/100 tox|[from] psn
|upkeep
|turn|8
|c|☆blaoh123|oof
|
|t:|1760391281
|switch|p2a: Igriş|Corviknight, M|88/100
|-damage|p2a: Igriş|76/100|[from] Stealth Rock
|-ability|p2a: Igriş|Pressure
|move|p1a: Zapdos|U-turn|p2a: Igriş
|-resisted|p2a: Igriş
|-damage|p2a: Igriş|72/100
|-damage|p1a: Zapdos|78/100 tox|[from] item: Rocky Helmet|[of] p2a: Igriş
|
|t:|1760391286
|switch|p1a: Dragapult|Dragapult, M|100/100|[from] U-turn
|
|upkeep
|turn|9
|
|t:|1760391294
|move|p1a: Dragapult|Flamethrower|p2a: Igriş
|-supereffective|p2a: Igriş
|-damage|p2a: Igriş|0 fnt
|faint|p2a: Igriş
|
|upkeep
|
|t:|1760391301
|switch|p2a: Hanzo|Kingambit, F|100/100
|-damage|p2a: Hanzo|94/100|[from] Stealth Rock
|-damage|p2a: Hanzo|78/100|[from] Spikes
|-activate|p2a: Hanzo|ability: Supreme Overlord
|-start|p2a: Hanzo|fallen1|[silent]
|turn|10
|
|t:|1760391308
|switch|p1a: Zapdos|Zapdos-Galar|78/100 tox
|move|p2a: Hanzo|Kowtow Cleave|p1a: Zapdos
|-resisted|p1a: Zapdos
|-damage|p1a: Zapdos|41/100 tox
|
|-damage|p1a: Zapdos|35/100 tox|[from] psn
|upkeep
|turn|11
|
|t:|1760391340
|-end|p2a: Hanzo|fallen1|[silent]
|switch|p2a: Marco|Moltres|100/100
|move|p1a: Zapdos|Knock Off|p2a: Marco
|-damage|p2a: Marco|74/100
|-enditem|p2a: Marco|Heavy-Duty Boots|[from] move: Knock Off|[of] p1a: Zapdos
|
|-damage|p1a: Zapdos|22/100 tox|[from] psn
|upkeep
|turn|12
|
|t:|1760391350
|switch|p1a: Gholdengo|Gholdengo|100/100
|move|p2a: Marco|U-turn|p1a: Gholdengo
|-resisted|p1a: Gholdengo
|-damage|p1a: Gholdengo|96/100
|
|t:|1760391356
|switch|p2a: Hanzo|Kingambit, F|78/100|[from] U-turn
|-damage|p2a: Hanzo|72/100|[from] Stealth Rock
|-damage|p2a: Hanzo|55/100|[from] Spikes
|-activate|p2a: Hanzo|ability: Supreme Overlord
|-start|p2a: Hanzo|fallen1|[silent]
|
|upkeep
|turn|13
|
|t:|1760391365
|-terastallize|p1a: Gholdengo|Fighting
|move|p2a: Hanzo|Sucker Punch|p1a: Gholdengo
|-resisted|p1a: Gholdengo
|-crit|p1a: Gholdengo
|-damage|p1a: Gholdengo|52/100
|move|p1a: Gholdengo|Focus Blast|p2a: Hanzo|[miss]
|-miss|p1a: Gholdengo|p2a: Hanzo
|
|upkeep
|turn|14
|
|t:|1760391375
|-end|p2a: Hanzo|fallen1|[silent]
|switch|p2a: Jogäider|Clodsire, M|90/100
|-damage|p2a: Jogäider|84/100|[from] Stealth Rock
|-damage|p2a: Jogäider|67/100|[from] Spikes
|move|p1a: Gholdengo|Focus Blast|p2a: Jogäider
|-resisted|p2a: Jogäider
|-crit|p2a: Jogäider
|-damage|p2a: Jogäider|40/100
|
|-heal|p2a: Jogäider|46/100|[from] item: Leftovers
|upkeep
|turn|15
|
|t:|1760391387
|switch|p1a: Zapdos|Zapdos-Galar|22/100 tox
|move|p2a: Jogäider|Recover|p2a: Jogäider
|-heal|p2a: Jogäider|96/100
|
|-heal|p2a: Jogäider|100/100|[from] item: Leftovers
|-damage|p1a: Zapdos|16/100 tox|[from] psn
|upkeep
|turn|16
|
|t:|1760391398
|switch|p2a: Hanzo|Kingambit, F|55/100
|-damage|p2a: Hanzo|49/100|[from] Stealth Rock
|-damage|p2a: Hanzo|33/100|[from] Spikes
|-activate|p2a: Hanzo|ability: Supreme Overlord
|-start|p2a: Hanzo|fallen1|[silent]
|move|p1a: Zapdos|Brave Bird|p2a: Hanzo
|-resisted|p2a: Hanzo
|-damage|p2a: Hanzo|3/100
|-damage|p1a: Zapdos|6/100 tox|[from] Recoil
|
|-damage|p1a: Zapdos|0 fnt|[from] psn
|faint|p1a: Zapdos
|upkeep
|
|t:|1760391404
|switch|p1a: Kingambit|Kingambit, F|100/100
|turn|17
|
|t:|1760391420
|move|p2a: Hanzo|Kowtow Cleave|p1a: Kingambit
|-resisted|p1a: Kingambit
|-damage|p1a: Kingambit|77/100
|move|p1a: Kingambit|Swords Dance|p1a: Kingambit
|-boost|p1a: Kingambit|atk|2
|
|-heal|p1a: Kingambit|83/100|[from] item: Leftovers
|upkeep
|turn|18
|
|t:|1760391430
|move|p2a: Hanzo|Kowtow Cleave|p1a: Kingambit
|-resisted|p1a: Kingambit
|-damage|p1a: Kingambit|57/100
|move|p1a: Kingambit|Kowtow Cleave|p2a: Hanzo
|-resisted|p2a: Hanzo
|-damage|p2a: Hanzo|0 fnt
|faint|p2a: Hanzo
|-end|p2a: Hanzo|fallen1|[silent]
|
|-heal|p1a: Kingambit|63/100|[from] item: Leftovers
|upkeep
|
|t:|1760391442
|switch|p2a: Marco|Moltres|74/100
|-damage|p2a: Marco|24/100|[from] Stealth Rock
|turn|19
|
|t:|1760391447
|move|p1a: Kingambit|Sucker Punch||[still]
|-fail|p1a: Kingambit
|move|p2a: Marco|Roost|p2a: Marco
|-heal|p2a: Marco|74/100
|-singleturn|p2a: Marco|move: Roost
|
|-heal|p1a: Kingambit|69/100|[from] item: Leftovers
|upkeep
|turn|20
|
|t:|1760391458
|switch|p1a: Heatran|Heatran, F|100/100
|move|p2a: Marco|Roar|p1a: Heatran
|drag|p1a: Kingambit|Kingambit, F|69/100
|
|-heal|p1a: Kingambit|75/100|[from] item: Leftovers
|upkeep
|turn|21
|
|t:|1760391471
|switch|p1a: Gholdengo|Gholdengo, tera:Fighting|52/100
|move|p2a: Marco|U-turn|p1a: Gholdengo
|-resisted|p1a: Gholdengo
|-damage|p1a: Gholdengo|44/100
|
|t:|1760391477
|switch|p2a: Jogäider|Clodsire, M|100/100|[from] U-turn
|-damage|p2a: Jogäider|94/100|[from] Stealth Rock
|-damage|p2a: Jogäider|78/100|[from] Spikes
|
|-heal|p2a: Jogäider|84/100|[from] item: Leftovers
|upkeep
|turn|22
|
|t:|1760391486
|move|p1a: Gholdengo|Make It Rain|p2a: Jogäider
|-damage|p2a: Jogäider|47/100
|-unboost|p1a: Gholdengo|spa|1
|move|p2a: Jogäider|Earthquake|p1a: Gholdengo
|-damage|p1a: Gholdengo|15/100
|
|-heal|p2a: Jogäider|53/100|[from] item: Leftovers
|upkeep
|turn|23
|
|t:|1760391498
|switch|p1a: Dragapult|Dragapult, M|100/100
|move|p2a: Jogäider|Recover|p2a: Jogäider
|-heal|p2a: Jogäider|100/100
|
|upkeep
|turn|24
|
|t:|1760391504
|move|p1a: Dragapult|Draco Meteor|p2a: Jogäider
|-damage|p2a: Jogäider|56/100
|-unboost|p1a: Dragapult|spa|2
|move|p2a: Jogäider|Toxic|p1a: Dragapult
|-status|p1a: Dragapult|tox
|
|-heal|p2a: Jogäider|63/100|[from] item: Leftovers
|-damage|p1a: Dragapult|95/100 tox|[from] psn
|upkeep
|turn|25
|
|t:|1760391515
|switch|p1a: Gholdengo|Gholdengo, tera:Fighting|15/100
|move|p2a: Jogäider|Earthquake|p1a: Gholdengo
|-damage|p1a: Gholdengo|0 fnt
|faint|p1a: Gholdengo
|
|-heal|p2a: Jogäider|69/100|[from] item: Leftovers
|upkeep
|-message|blaoh123 forfeited.
|
|win|Mreda
|raw|blaoh123's rating: 1350 &rarr; <strong>1333</strong><br />(-17 for losing)
|raw|Mreda's rating: 1395 &rarr; <strong>1412</strong><br />(+17 for winning)
|l|☆blaoh123
|player|p1|
|c|☆Mreda|Why?
