|j|☆skibidisksk
|j|☆galoop
|t:|1760307940
|gametype|singles
|player|p1|skibidisksk|101|1531
|player|p2|galoop|266|1624
|gen|9
|tier|[Gen 9] OU
|rated|
|rule|HP Percentage Mod: HP is shown in percentages
|rule|Endless Battle Clause: Forcing endless battles is banned
|rule|Species Clause: Limit one of each Pokémon
|rule|OHKO Clause: OHKO moves are banned
|rule|Evasion Items Clause: Evasion items are banned
|rule|Evasion Moves Clause: Evasion moves are banned
|rule|Evasion Abilities Clause: Evasion abilities are banned
|rule|Sleep Moves Clause: Sleep-inducing moves are banned
|clearpoke
|poke|p1|Raging Bolt|
|poke|p1|Dragonite, M|
|poke|p1|Iron Valiant|
|poke|p1|Iron Moth|
|poke|p1|Landorus-Therian, M|
|poke|p1|Darkrai|
|poke|p2|Tyranitar, M|
|poke|p2|Excadrill, M|
|poke|p2|Gholdengo|
|poke|p2|Iron Valiant|
|poke|p2|Garchomp, F|
|poke|p2|Primarina, M|
|teampreview
|inactive|Battle timer is ON: inactive players will automatically lose when time's up. (requested by galoop)
|
|t:|1760307951
|teamsize|p1|6
|teamsize|p2|6
|start
|switch|p1a: Landorus|Landorus-Therian, M|100/100
|switch|p2a: Garchomp|Garchomp, F|100/100
|-ability|p1a: Landorus|Intimidate|boost
|-unboost|p2a: Garchomp|atk|1
|turn|1
|inactive|skibidisksk also wants the timer to be on.
|
|t:|1760307960
|move|p1a: Landorus|Earthquake|p2a: Garchomp
|-damage|p2a: Garchomp|67/100
|move|p2a: Garchomp|Stealth Rock|p1a: Landorus
|-sidestart|p1: skibidisksk|move: Stealth Rock
|
|upkeep
|turn|2
|
|t:|1760307969
|move|p1a: Landorus|Stealth Rock|p2a: Garchomp
|-sidestart|p2: galoop|move: Stealth Rock
|move|p2a: Garchomp|Spikes|p1a: Landorus
|-sidestart|p1: skibidisksk|Spikes
|
|upkeep
|turn|3
|
|t:|1760307978
|move|p1a: Landorus|Earthquake|p2a: Garchomp
|-damage|p2a: Garchomp|31/100
|move|p2a: Garchomp|Spikes|p1a: Landorus
|-sidestart|p1: skibidisksk|Spikes
|
|upkeep
|turn|4
|
|t:|1760307986
|move|p1a: Landorus|Earthquake|p2a: Garchomp
|-damage|p2a: Garchomp|0 fnt
|faint|p2a: Garchomp
|
|upkeep
|
|t:|1760307991
|switch|p2a: Primarina|Primarina, M|100/100
|-damage|p2a: Primarina|88/100|[from] Stealth Rock
|turn|5
|
|t:|1760307999
|move|p1a: Landorus|Earthquake|p2a: Primarina
|-damage|p2a: Primarina|5/100
|move|p2a: Primarina|Surf|p1a: Landorus
|-supereffective|p1a: Landorus
|-enditem|p1a: Landorus|Focus Sash
|-damage|p1a: Landorus|1/100
|
|upkeep
|turn|6
|
|t:|1760308011
|move|p1a: Landorus|Stone Edge|p2a: Primarina
|-damage|p2a: Primarina|0 fnt
|faint|p2a: Primarina
|
|upkeep
|
|t:|1760308020
|switch|p2a: Iron Valiant|Iron Valiant|100/100
|-damage|p2a: Iron Valiant|94/100|[from] Stealth Rock
|-enditem|p2a: Iron Valiant|Booster Energy
|-activate|p2a: Iron Valiant|ability: Quark Drive|[fromitem]
|-start|p2a: Iron Valiant|quarkdrivespe
|turn|7
|
|t:|1760308028
|move|p2a: Iron Valiant|Knock Off|p1a: Landorus
|-damage|p1a: Landorus|0 fnt
|faint|p1a: Landorus
|
|upkeep
|
|t:|1760308038
|switch|p1a: Iron Valiant|Iron Valiant|100/100
|-damage|p1a: Iron Valiant|94/100|[from] Stealth Rock
|-damage|p1a: Iron Valiant|78/100|[from] Spikes
|-enditem|p1a: Iron Valiant|Booster Energy
|-activate|p1a: Iron Valiant|ability: Quark Drive|[fromitem]
|-start|p1a: Iron Valiant|quarkdrivespe
|turn|8
|
|t:|1760308046
|move|p1a: Iron Valiant|Moonblast|p2a: Iron Valiant
|-supereffective|p2a: Iron Valiant
|-damage|p2a: Iron Valiant|0 fnt
|faint|p2a: Iron Valiant
|-end|p2a: Iron Valiant|Quark Drive|[silent]
|
|upkeep
|
|t:|1760308050
|switch|p2a: Gholdengo|Gholdengo|100/100
|-damage|p2a: Gholdengo|94/100|[from] Stealth Rock
|-item|p2a: Gholdengo|Air Balloon
|turn|9
|
|t:|1760308058
|move|p1a: Iron Valiant|Moonblast|p2a: Gholdengo
|-resisted|p2a: Gholdengo
|-damage|p2a: Gholdengo|73/100
|-enditem|p2a: Gholdengo|Air Balloon
|move|p2a: Gholdengo|Make It Rain|p1a: Iron Valiant
|-supereffective|p1a: Iron Valiant
|-damage|p1a: Iron Valiant|0 fnt
|-unboost|p2a: Gholdengo|spa|1
|faint|p1a: Iron Valiant
|-end|p1a: Iron Valiant|Quark Drive|[silent]
|
|upkeep
|
|t:|1760308069
|switch|p1a: Dragonite|Dragonite, M|100/100
|turn|10
|
|t:|1760308077
|switch|p2a: Tyranitar|Tyranitar, M|100/100
|-damage|p2a: Tyranitar|88/100|[from] Stealth Rock
|-weather|Sandstorm|[from] ability: Sand Stream|[of] p2a: Tyranitar
|move|p1a: Dragonite|Dragon Dance|p1a: Dragonite
|-boost|p1a: Dragonite|atk|1
|-boost|p1a: Dragonite|spe|1
|
|-weather|Sandstorm|[upkeep]
|-damage|p1a: Dragonite|94/100|[from] Sandstorm
|upkeep
|turn|11
|
|t:|1760308085
|-terastallize|p2a: Tyranitar|Flying
|move|p1a: Dragonite|Earthquake|p2a: Tyranitar
|-immune|p2a: Tyranitar
|move|p2a: Tyranitar|Ice Punch|p1a: Dragonite
|-supereffective|p1a: Dragonite
|-damage|p1a: Dragonite|0 fnt
|faint|p1a: Dragonite
|
|-weather|Sandstorm|[upkeep]
|-damage|p2a: Tyranitar|82/100|[from] Sandstorm
|upkeep
|
|t:|1760308096
|switch|p1a: Iron Moth|Iron Moth|100/100
|-damage|p1a: Iron Moth|76/100|[from] Stealth Rock
|-damage|p1a: Iron Moth|59/100|[from] Spikes
|-enditem|p1a: Iron Moth|Booster Energy
|-activate|p1a: Iron Moth|ability: Quark Drive|[fromitem]
|-start|p1a: Iron Moth|quarkdrivespe
|turn|12
|
|t:|1760308105
|switch|p2a: Gholdengo|Gholdengo|73/100
|-damage|p2a: Gholdengo|67/100|[from] Stealth Rock
|move|p1a: Iron Moth|Fiery Dance|p2a: Gholdengo
|-supereffective|p2a: Gholdengo
|-damage|p2a: Gholdengo|0 fnt
|-boost|p1a: Iron Moth|spa|1
|faint|p2a: Gholdengo
|
|-weather|Sandstorm|[upkeep]
|-damage|p1a: Iron Moth|53/100|[from] Sandstorm
|upkeep
|
|t:|1760308109
|switch|p2a: Excadrill|Excadrill, M|100/100
|turn|13
|
|t:|1760308117
|-end|p1a: Iron Moth|Quark Drive|[silent]
|switch|p1a: Raging Bolt|Raging Bolt|100/100
|-damage|p1a: Raging Bolt|88/100|[from] Stealth Rock
|-damage|p1a: Raging Bolt|72/100|[from] Spikes
|-enditem|p1a: Raging Bolt|Booster Energy
|-activate|p1a: Raging Bolt|ability: Protosynthesis|[fromitem]
|-start|p1a: Raging Bolt|protosynthesisspa
|move|p2a: Excadrill|Earthquake|p1a: Raging Bolt
|-supereffective|p1a: Raging Bolt
|-damage|p1a: Raging Bolt|0 fnt
|faint|p1a: Raging Bolt
|-end|p1a: Raging Bolt|Protosynthesis|[silent]
|
|-weather|Sandstorm|[upkeep]
|upkeep
|
|t:|1760308129
|switch|p1a: Iron Moth|Iron Moth|53/100
|-damage|p1a: Iron Moth|28/100|[from] Stealth Rock
|-damage|p1a: Iron Moth|11/100|[from] Spikes
|turn|14
|
|t:|1760308137
|move|p2a: Excadrill|Rapid Spin|p1a: Iron Moth
|-damage|p1a: Iron Moth|0 fnt
|-boost|p2a: Excadrill|spe|1
|-sideend|p2: galoop|Stealth Rock|[from] move: Rapid Spin|[of] p2a: Excadrill
|faint|p1a: Iron Moth
|-end|p1a: Iron Moth|Quark Drive|[silent]
|
|-weather|none
|upkeep
|
|t:|1760308147
|switch|p1a: Darkrai|Darkrai|100/100
|-damage|p1a: Darkrai|88/100|[from] Stealth Rock
|-damage|p1a: Darkrai|72/100|[from] Spikes
|turn|15
|
|t:|1760308153
|switch|p2a: Tyranitar|Tyranitar, M, tera:Flying|82/100
|-weather|Sandstorm|[from] ability: Sand Stream|[of] p2a: Tyranitar
|-terastallize|p1a: Darkrai|Ghost
|move|p1a: Darkrai|Focus Blast|p2a: Tyranitar
|-resisted|p2a: Tyranitar
|-damage|p2a: Tyranitar|54/100
|-damage|p1a: Darkrai|62/100|[from] item: Life Orb
|
|-weather|Sandstorm|[upkeep]
|-damage|p1a: Darkrai|56/100|[from] Sandstorm
|-damage|p2a: Tyranitar|47/100|[from] Sandstorm
|upkeep
|turn|16
|
|t:|1760308163
|move|p1a: Darkrai|Focus Blast|p2a: Tyranitar
|-resisted|p2a: Tyranitar
|-damage|p2a: Tyranitar|20/100
|-damage|p1a: Darkrai|46/100|[from] item: Life Orb
|move|p2a: Tyranitar|Low Kick|p1a: Darkrai
|-immune|p1a: Darkrai
|
|-weather|Sandstorm|[upkeep]
|-damage|p1a: Darkrai|40/100|[from] Sandstorm
|-damage|p2a: Tyranitar|14/100|[from] Sandstorm
|upkeep
|turn|17
|
|t:|1760308171
|move|p1a: Darkrai|Nasty Plot|p1a: Darkrai
|-boost|p1a: Darkrai|spa|2
|move|p2a: Tyranitar|Low Kick|p1a: Darkrai
|-immune|p1a: Darkrai
|
|-weather|Sandstorm|[upkeep]
|-damage|p1a: Darkrai|34/100|[from] Sandstorm
|-damage|p2a: Tyranitar|8/100|[from] Sandstorm
|upkeep
|turn|18
|
|t:|1760308178
|switch|p2a: Excadrill|Excadrill, M|100/100
|move|p1a: Darkrai|Nasty Plot|p1a: Darkrai
|-boost|p1a: Darkrai|spa|2
|
|-weather|Sandstorm|[upkeep]
|-damage|p1a: Darkrai|28/100|[from] Sandstorm
|upkeep
|turn|19
|
|t:|1760308184
|move|p2a: Excadrill|Earthquake|p1a: Darkrai
|-damage|p1a: Darkrai|0 fnt
|faint|p1a: Darkrai
|
|win|galoop
|raw|skibidisksk's rating: 1531 &rarr; <strong>1516</strong><br />(-15 for losing)
|raw|galoop's rating: 1624 &rarr; <strong>1639</strong><br />(+15 for winning)
