|j|☆AverageJo72
|j|☆jelynfish
|t:|1760414895
|gametype|singles
|player|p1|AverageJo72|lance|1386
|player|p2|jelynfish|miku-ghost|1344
|gen|9
|tier|[Gen 9] OU
|rated|
|rule|HP Percentage Mod: HP is shown in percentages
|rule|Endless Battle Clause: Forcing endless battles is banned
|rule|Species Clause: Limit one of each Pokémon
|rule|OHKO Clause: OHKO moves are banned
|rule|Evasion Items Clause: Evasion items are banned
|rule|Evasion Moves Clause: Evasion moves are banned
|rule|Evasion Abilities Clause: Evasion abilities are banned
|rule|Sleep Moves Clause: Sleep-inducing moves are banned
|clearpoke
|poke|p1|Arcanine-Hisui, F|
|poke|p1|Tyranitar, F|
|poke|p1|Excadrill, F|
|poke|p1|Dragapult, M|
|poke|p1|Skarmory, F|
|poke|p1|Alomomola, M|
|poke|p2|Tyranitar, M|
|poke|p2|Excadrill, F|
|poke|p2|Zapdos|
|poke|p2|Gholdengo|
|poke|p2|Ogerpon-Wellspring, F|
|poke|p2|Kingambit, M|
|teampreview
|
|t:|1760414929
|teamsize|p1|6
|teamsize|p2|6
|start
|switch|p1a: Phantom Menace|Dragapult, M|100/100
|switch|p2a: Zapdos|Zapdos|100/100
|turn|1
|
|t:|1760414942
|-terastallize|p2a: Zapdos|Ice
|move|p2a: Zapdos|Tera Blast|p1a: Phantom Menace|[anim] Tera Blast Ice
|-supereffective|p1a: Phantom Menace
|-damage|p1a: Phantom Menace|0 fnt
|faint|p1a: Phantom Menace
|
|upkeep
|
|t:|1760414961
|switch|p1a: Bonk!|Arcanine-Hisui, F|100/100
|turn|2
|
|t:|1760414983
|switch|p2a: Tyranitar|Tyranitar, M|100/100
|-weather|Sandstorm|[from] ability: Sand Stream|[of] p2a: Tyranitar
|move|p1a: Bonk!|Flare Blitz|p2a: Tyranitar
|-resisted|p2a: Tyranitar
|-crit|p2a: Tyranitar
|-damage|p2a: Tyranitar|42/100
|-status|p2a: Tyranitar|brn
|
|-weather|Sandstorm|[upkeep]
|-damage|p2a: Tyranitar|36/100 brn|[from] brn
|upkeep
|turn|3
|
|t:|1760414994
|move|p1a: Bonk!|Flare Blitz|p2a: Tyranitar
|-resisted|p2a: Tyranitar
|-damage|p2a: Tyranitar|0 fnt
|faint|p2a: Tyranitar
|
|-weather|Sandstorm|[upkeep]
|upkeep
|
|t:|1760414996
|switch|p2a: Excadrill|Excadrill, F, shiny|100/100
|-item|p2a: Excadrill|Air Balloon
|turn|4
|
|t:|1760415002
|switch|p2a: Gholdengo|Gholdengo|100/100
|switch|p1a: AC-130|Skarmory, F|100/100
|
|-weather|Sandstorm|[upkeep]
|upkeep
|turn|5
|
|t:|1760415014
|move|p2a: Gholdengo|Shadow Ball|p1a: AC-130
|-ability|p1a: AC-130|Sturdy
|-damage|p1a: AC-130|1/100
|move|p1a: AC-130|Spikes|p2a: Gholdengo
|-sidestart|p2: jelynfish|Spikes
|
|-weather|Sandstorm|[upkeep]
|upkeep
|turn|6
|
|t:|1760415020
|switch|p1a: FISH|Alomomola, M|100/100
|move|p2a: Gholdengo|Shadow Ball|p1a: FISH
|-damage|p1a: FISH|39/100
|
|-weather|none
|upkeep
|turn|7
|
|t:|1760415029
|switch|p1a: Pharaoh's Curse|Tyranitar, F, shiny|100/100
|-weather|Sandstorm|[from] ability: Sand Stream|[of] p1a: Pharaoh's Curse
|move|p2a: Gholdengo|Shadow Ball|p1a: Pharaoh's Curse
|-resisted|p1a: Pharaoh's Curse
|-damage|p1a: Pharaoh's Curse|86/100
|
|-weather|Sandstorm|[upkeep]
|upkeep
|turn|8
|
|t:|1760415048
|switch|p2a: Ogerpon|Ogerpon-Wellspring, F|100/100
|-damage|p2a: Ogerpon|88/100|[from] Spikes
|move|p1a: Pharaoh's Curse|Knock Off|p2a: Ogerpon
|-damage|p2a: Ogerpon|49/100
|
|-weather|Sandstorm|[upkeep]
|-damage|p2a: Ogerpon|43/100|[from] Sandstorm
|upkeep
|turn|9
|
|t:|1760415058
|move|p2a: Ogerpon|Ivy Cudgel|p1a: Pharaoh's Curse|[anim] Ivy Cudgel Water
|-supereffective|p1a: Pharaoh's Curse
|-crit|p1a: Pharaoh's Curse
|-damage|p1a: Pharaoh's Curse|0 fnt
|faint|p1a: Pharaoh's Curse
|
|-weather|Sandstorm|[upkeep]
|-damage|p2a: Ogerpon|37/100|[from] Sandstorm
|upkeep
|
|t:|1760415078
|switch|p1a: Bonk!|Arcanine-Hisui, F|100/100
|turn|10
|
|t:|1760415089
|move|p1a: Bonk!|Extreme Speed|p2a: Ogerpon
|-damage|p2a: Ogerpon|0 fnt
|faint|p2a: Ogerpon
|
|-weather|Sandstorm|[upkeep]
|upkeep
|
|t:|1760415092
|switch|p2a: Gholdengo|Gholdengo|100/100
|-damage|p2a: Gholdengo|88/100|[from] Spikes
|turn|11
|
|t:|1760415120
|switch|p1a: AC-130|Skarmory, F|1/100
|move|p2a: Gholdengo|Shadow Ball|p1a: AC-130
|-damage|p1a: AC-130|0 fnt
|faint|p1a: AC-130
|
|-weather|none
|upkeep
|inactive|Battle timer is ON: inactive players will automatically lose when time's up. (requested by jelynfish)
|
|t:|1760415129
|switch|p1a: Bonk!|Arcanine-Hisui, F|100/100
|turn|12
|
|t:|1760415132
|move|p1a: Bonk!|Flare Blitz|p2a: Gholdengo
|-supereffective|p2a: Gholdengo
|-damage|p2a: Gholdengo|0 fnt
|faint|p2a: Gholdengo
|
|upkeep
|
|t:|1760415146
|switch|p2a: Kingambit|Kingambit, M|100/100
|-damage|p2a: Kingambit|88/100|[from] Spikes
|-activate|p2a: Kingambit|ability: Supreme Overlord
|-start|p2a: Kingambit|fallen3|[silent]
|turn|13
|
|t:|1760415159
|move|p2a: Kingambit|Sucker Punch|p1a: Bonk!
|-damage|p1a: Bonk!|44/100
|move|p1a: Bonk!|Flare Blitz|p2a: Kingambit
|-supereffective|p2a: Kingambit
|-damage|p2a: Kingambit|0 fnt
|faint|p2a: Kingambit
|-end|p2a: Kingambit|fallen3|[silent]
|
|upkeep
|
|t:|1760415177
|switch|p2a: Zapdos|Zapdos, tera:Ice|100/100
|-damage|p2a: Zapdos|88/100|[from] Spikes
|turn|14
|
|t:|1760415187
|switch|p1a: FISH|Alomomola, M|72/100
|move|p2a: Zapdos|Thunderbolt|p1a: FISH
|-supereffective|p1a: FISH
|-damage|p1a: FISH|0 fnt
|faint|p1a: FISH
|
|upkeep
|
|t:|1760415203
|switch|p1a: Mole Lester|Excadrill, F|100/100
|-item|p1a: Mole Lester|Air Balloon
|turn|15
|
|t:|1760415222
|switch|p2a: Excadrill|Excadrill, F, shiny|100/100
|-item|p2a: Excadrill|Air Balloon
|move|p1a: Mole Lester|Rapid Spin|p2a: Excadrill
|-resisted|p2a: Excadrill
|-damage|p2a: Excadrill|89/100
|-boost|p1a: Mole Lester|spe|1
|-enditem|p2a: Excadrill|Air Balloon
|
|upkeep
|turn|16
|-message|jelynfish forfeited.
|
|win|AverageJo72
|raw|AverageJo72's rating: 1386 &rarr; <strong>1402</strong><br />(+16 for winning)
|raw|jelynfish's rating: 1322 &rarr; <strong>1306</strong><br />(-16 for losing)
|l|☆jelynfish
|player|p2|
|l|☆AverageJo72
|player|p1|
