|j|☆zpj123
|j|☆black_leaf240
|t:|1760372875
|gametype|singles
|player|p1|zpj123|266|1308
|player|p2|black_leaf240|170|1303
|gen|9
|tier|[Gen 9] OU
|rated|
|rule|HP Percentage Mod: HP is shown in percentages
|rule|Endless Battle Clause: Forcing endless battles is banned
|rule|Species Clause: Limit one of each Pokémon
|rule|OHKO Clause: OHKO moves are banned
|rule|Evasion Items Clause: Evasion items are banned
|rule|Evasion Moves Clause: Evasion moves are banned
|rule|Evasion Abilities Clause: Evasion abilities are banned
|rule|Sleep Moves Clause: Sleep-inducing moves are banned
|clearpoke
|poke|p1|Dragonite, F|
|poke|p1|Cinderace, M|
|poke|p1|Gholdengo|
|poke|p1|Ogerpon-Wellspring, F|
|poke|p1|Great Tusk|
|poke|p1|Dragapult, M|
|poke|p2|Garganacl, M|
|poke|p2|Hatterene, F|
|poke|p2|Ceruledge, M|
|poke|p2|Ogerpon-Wellspring, F|
|poke|p2|Iron Moth|
|poke|p2|Iron Treads|
|teampreview
|
|t:|1760372890
|teamsize|p1|6
|teamsize|p2|6
|start
|switch|p1a: Cinderace|Cinderace, M|100/100
|switch|p2a: Ogerpon|Ogerpon-Wellspring, F|100/100
|turn|1
|
|t:|1760372900
|move|p1a: Cinderace|U-turn|p2a: Ogerpon
|-start|p1a: Cinderace|typechange|Bug|[from] ability: Libero
|-supereffective|p2a: Ogerpon
|-damage|p2a: Ogerpon|0 fnt
|faint|p2a: Ogerpon
|-damage|p1a: Cinderace|91/100|[from] item: Life Orb
|
|t:|1760372910
|switch|p1a: Gholdengo|Gholdengo|100/100|[from] U-turn
|
|upkeep
|
|t:|1760372916
|switch|p2a: Ceruledge|Ceruledge, M|100/100
|turn|2
|
|t:|1760372921
|move|p1a: Gholdengo|Trick|p2a: Ceruledge
|-activate|p1a: Gholdengo|move: Trick|[of] p2a: Ceruledge
|-item|p2a: Ceruledge|Choice Scarf|[from] move: Trick
|-item|p1a: Gholdengo|Weakness Policy|[from] move: Trick
|move|p2a: Ceruledge|Bitter Blade|p1a: Gholdengo
|-supereffective|p1a: Gholdengo
|-damage|p1a: Gholdengo|18/100
|-enditem|p1a: Gholdengo|Weakness Policy
|-boost|p1a: Gholdengo|atk|2|[from] item: Weakness Policy
|-boost|p1a: Gholdengo|spa|2|[from] item: Weakness Policy
|
|upkeep
|turn|3
|
|t:|1760372931
|move|p2a: Ceruledge|Bitter Blade|p1a: Gholdengo
|-supereffective|p1a: Gholdengo
|-damage|p1a: Gholdengo|0 fnt
|faint|p1a: Gholdengo
|
|upkeep
|
|t:|1760372937
|switch|p1a: Dragonite|Dragonite, F|100/100
|turn|4
|
|t:|1760372942
|-terastallize|p2a: Ceruledge|Fire
|move|p2a: Ceruledge|Bitter Blade|p1a: Dragonite
|-resisted|p1a: Dragonite
|-damage|p1a: Dragonite|85/100
|move|p1a: Dragonite|Dragon Dance|p1a: Dragonite
|-boost|p1a: Dragonite|atk|1
|-boost|p1a: Dragonite|spe|1
|
|-heal|p1a: Dragonite|91/100|[from] item: Leftovers
|upkeep
|turn|5
|
|t:|1760372953
|move|p2a: Ceruledge|Bitter Blade|p1a: Dragonite
|-resisted|p1a: Dragonite
|-damage|p1a: Dragonite|59/100
|move|p1a: Dragonite|Dragon Dance|p1a: Dragonite
|-boost|p1a: Dragonite|atk|1
|-boost|p1a: Dragonite|spe|1
|
|-heal|p1a: Dragonite|65/100|[from] item: Leftovers
|upkeep
|turn|6
|
|t:|1760372962
|move|p1a: Dragonite|Dragon Dance|p1a: Dragonite
|-boost|p1a: Dragonite|atk|1
|-boost|p1a: Dragonite|spe|1
|move|p2a: Ceruledge|Bitter Blade|p1a: Dragonite
|-resisted|p1a: Dragonite
|-damage|p1a: Dragonite|36/100
|
|-heal|p1a: Dragonite|43/100|[from] item: Leftovers
|upkeep
|turn|7
|
|t:|1760372973
|move|p1a: Dragonite|Dragon Dance|p1a: Dragonite
|-boost|p1a: Dragonite|atk|1
|-boost|p1a: Dragonite|spe|1
|move|p2a: Ceruledge|Bitter Blade|p1a: Dragonite
|-resisted|p1a: Dragonite
|-damage|p1a: Dragonite|9/100
|
|-heal|p1a: Dragonite|15/100|[from] item: Leftovers
|upkeep
|turn|8
|
|t:|1760372982
|switch|p2a: Hatterene|Hatterene, F, shiny|100/100
|move|p1a: Dragonite|Earthquake|p2a: Hatterene
|-damage|p2a: Hatterene|0 fnt
|faint|p2a: Hatterene
|
|-heal|p1a: Dragonite|22/100|[from] item: Leftovers
|upkeep
|
|t:|1760372987
|switch|p2a: Ceruledge|Ceruledge, M, tera:Fire|100/100
|turn|9
|
|t:|1760372994
|-terastallize|p1a: Dragonite|Steel
|move|p2a: Ceruledge|Shadow Sneak|p1a: Dragonite
|-damage|p1a: Dragonite|1/100
|move|p1a: Dragonite|Earthquake|p2a: Ceruledge
|-supereffective|p2a: Ceruledge
|-damage|p2a: Ceruledge|0 fnt
|faint|p2a: Ceruledge
|
|-heal|p1a: Dragonite|7/100|[from] item: Leftovers
|upkeep
|
|t:|1760373000
|switch|p2a: Iron Treads|Iron Treads|100/100
|turn|10
|
|t:|1760373007
|move|p1a: Dragonite|Earthquake|p2a: Iron Treads
|-supereffective|p2a: Iron Treads
|-damage|p2a: Iron Treads|0 fnt
|faint|p2a: Iron Treads
|-end|p2a: Iron Treads|Quark Drive|[silent]
|
|-heal|p1a: Dragonite|13/100|[from] item: Leftovers
|upkeep
|
|t:|1760373014
|switch|p2a: Garganacl|Garganacl, M|100/100
|turn|11
|
|t:|1760373017
|move|p1a: Dragonite|Earthquake|p2a: Garganacl
|-supereffective|p2a: Garganacl
|-damage|p2a: Garganacl|0 fnt
|faint|p2a: Garganacl
|
|-heal|p1a: Dragonite|20/100|[from] item: Leftovers
|upkeep
|-message|black_leaf240 forfeited.
|
|win|zpj123
|raw|zpj123's rating: 1308 &rarr; <strong>1328</strong><br />(+20 for winning)
|raw|black_leaf240's rating: 1303 &rarr; <strong>1283</strong><br />(-20 for losing)
|l|☆black_leaf240
|player|p2|
|l|☆zpj123
|player|p1|
|j|☆zpj123
|player|p1|zpj123|266|
