|j|☆adriji 12
|j|☆M8420
|t:|1760358499
|gametype|singles
|player|p1|adriji 12|1|1437
|player|p2|M8420|101|1471
|gen|9
|tier|[Gen 9] OU
|rated|
|rule|HP Percentage Mod: HP is shown in percentages
|rule|Endless Battle Clause: Forcing endless battles is banned
|rule|Species Clause: Limit one of each Pokémon
|rule|OHKO Clause: OHKO moves are banned
|rule|Evasion Items Clause: Evasion items are banned
|rule|Evasion Moves Clause: Evasion moves are banned
|rule|Evasion Abilities Clause: Evasion abilities are banned
|rule|Sleep Moves Clause: Sleep-inducing moves are banned
|clearpoke
|poke|p1|Garganacl, F|
|poke|p1|Dragapult, F|
|poke|p1|Ogerpon-Wellspring, F|
|poke|p1|Zamazenta-*|
|poke|p1|Iron Treads|
|poke|p1|Gliscor, M|
|poke|p2|Landorus-Therian, M|
|poke|p2|Pelipper, F|
|poke|p2|Toxicroak, F|
|poke|p2|Iron Treads|
|poke|p2|Barraskewda, F|
|poke|p2|Darkrai|
|teampreview
|inactive|Battle timer is ON: inactive players will automatically lose when time's up. (requested by adriji 12)
|
|t:|1760358516
|teamsize|p1|6
|teamsize|p2|6
|start
|switch|p1a: Zamazenta|Zamazenta|100/100
|switch|p2a: Pelipper|Pelipper, F|100/100
|-ability|p1a: Zamazenta|Dauntless Shield|boost
|-boost|p1a: Zamazenta|def|1
|-weather|RainDance|[from] ability: Drizzle|[of] p2a: Pelipper
|turn|1
|
|t:|1760358527
|switch|p1a: Ogerpon|Ogerpon-Wellspring, F|100/100
|switch|p2a: Toxicroak|Toxicroak, F|100/100
|
|-weather|RainDance|[upkeep]
|upkeep
|turn|2
|
|t:|1760358538
|-terastallize|p1a: Ogerpon|Water
|detailschange|p1a: Ogerpon|Ogerpon-Wellspring-Tera, F, tera:Water
|-ability|p1a: Ogerpon|Embody Aspect (Wellspring)|boost
|-boost|p1a: Ogerpon|spd|1
|move|p1a: Ogerpon|Ivy Cudgel|p2a: Toxicroak|[anim] Ivy Cudgel Water
|-immune|p2a: Toxicroak|[from] ability: Dry Skin
|move|p2a: Toxicroak|Knock Off|p1a: Ogerpon
|-damage|p1a: Ogerpon|83/100
|
|-weather|RainDance|[upkeep]
|upkeep
|turn|3
|
|t:|1760358548
|move|p1a: Ogerpon|Trailblaze|p2a: Toxicroak
|-resisted|p2a: Toxicroak
|-damage|p2a: Toxicroak|88/100
|-boost|p1a: Ogerpon|spe|1
|-damage|p1a: Ogerpon|67/100|[from] item: Rocky Helmet|[of] p2a: Toxicroak
|move|p2a: Toxicroak|Knock Off|p1a: Ogerpon
|-damage|p1a: Ogerpon|48/100
|
|-weather|RainDance|[upkeep]
|-heal|p2a: Toxicroak|99/100|[from] ability: Dry Skin
|upkeep
|turn|4
|
|t:|1760358558
|move|p1a: Ogerpon|Synthesis|p1a: Ogerpon
|-heal|p1a: Ogerpon|73/100
|move|p2a: Toxicroak|Knock Off|p1a: Ogerpon
|-damage|p1a: Ogerpon|56/100
|
|-weather|RainDance|[upkeep]
|-heal|p2a: Toxicroak|100/100|[from] ability: Dry Skin
|upkeep
|turn|5
|
|t:|1760358566
|move|p1a: Ogerpon|Synthesis|p1a: Ogerpon
|-heal|p1a: Ogerpon|81/100
|move|p2a: Toxicroak|Knock Off|p1a: Ogerpon
|-damage|p1a: Ogerpon|64/100
|
|-weather|RainDance|[upkeep]
|upkeep
|turn|6
|
|t:|1760358580
|switch|p1a: Iron Treads|Iron Treads|100/100
|move|p2a: Toxicroak|Toxic|p1a: Iron Treads
|-immune|p1a: Iron Treads
|
|-weather|RainDance|[upkeep]
|upkeep
|turn|7
|
|t:|1760358590
|switch|p2a: Landorus|Landorus-Therian, M|100/100
|-ability|p2a: Landorus|Intimidate|boost
|-unboost|p1a: Iron Treads|atk|1
|move|p1a: Iron Treads|Earthquake|p2a: Landorus
|-immune|p2a: Landorus
|
|-weather|RainDance|[upkeep]
|upkeep
|turn|8
|
|t:|1760358600
|-end|p1a: Iron Treads|Quark Drive|[silent]
|switch|p1a: Gliscor|Gliscor, M|100/100
|move|p2a: Landorus|Weather Ball|p1a: Gliscor
|-supereffective|p1a: Gliscor
|-damage|p1a: Gliscor|25/100
|
|-weather|none
|-status|p1a: Gliscor|tox|[from] item: Toxic Orb
|upkeep
|turn|9
|
|t:|1760358612
|switch|p2a: Barraskewda|Barraskewda, F|100/100
|move|p1a: Gliscor|Protect||[still]
|-fail|p1a: Gliscor
|
|-heal|p1a: Gliscor|37/100 tox|[from] ability: Poison Heal
|upkeep
|turn|10
|
|t:|1760358625
|switch|p1a: Ogerpon|Ogerpon-Wellspring-Tera, F, tera:Water|64/100
|-ability|p1a: Ogerpon|Embody Aspect (Wellspring)|boost
|-boost|p1a: Ogerpon|spd|1
|move|p2a: Barraskewda|Liquidation|p1a: Ogerpon
|-resisted|p1a: Ogerpon
|-damage|p1a: Ogerpon|22/100
|
|upkeep
|turn|11
|
|t:|1760358643
|switch|p1a: Dragapult|Dragapult, F|100/100
|move|p2a: Barraskewda|Liquidation|p1a: Dragapult
|-resisted|p1a: Dragapult
|-damage|p1a: Dragapult|59/100
|
|upkeep
|turn|12
|
|t:|1760358652
|switch|p2a: Iron Treads|Iron Treads|100/100
|move|p1a: Dragapult|Draco Meteor|p2a: Iron Treads
|-resisted|p2a: Iron Treads
|-damage|p2a: Iron Treads|81/100
|-unboost|p1a: Dragapult|spa|2
|
|upkeep
|turn|13
|
|t:|1760358659
|move|p1a: Dragapult|Will-O-Wisp|p2a: Iron Treads
|-status|p2a: Iron Treads|brn
|move|p2a: Iron Treads|Iron Head|p1a: Dragapult
|-damage|p1a: Dragapult|40/100
|
|-damage|p2a: Iron Treads|75/100 brn|[from] brn
|upkeep
|turn|14
|
|t:|1760358669
|-end|p2a: Iron Treads|Quark Drive|[silent]
|switch|p2a: Pelipper|Pelipper, F|100/100
|-weather|RainDance|[from] ability: Drizzle|[of] p2a: Pelipper
|move|p1a: Dragapult|U-turn|p2a: Pelipper
|-resisted|p2a: Pelipper
|-damage|p2a: Pelipper|94/100
|
|t:|1760358692
|switch|p1a: Gliscor|Gliscor, M|37/100 tox|[from] U-turn
|
|-weather|RainDance|[upkeep]
|-heal|p1a: Gliscor|50/100 tox|[from] ability: Poison Heal
|upkeep
|turn|15
|
|t:|1760358700
|move|p1a: Gliscor|Protect|p1a: Gliscor
|-singleturn|p1a: Gliscor|Protect
|move|p2a: Pelipper|U-turn|p1a: Gliscor
|-activate|p1a: Gliscor|move: Protect
|
|-weather|RainDance|[upkeep]
|-heal|p1a: Gliscor|62/100 tox|[from] ability: Poison Heal
|upkeep
|turn|16
|
|t:|1760358707
|move|p1a: Gliscor|Knock Off|p2a: Pelipper
|-damage|p2a: Pelipper|78/100
|-enditem|p2a: Pelipper|Damp Rock|[from] move: Knock Off|[of] p1a: Gliscor
|move|p2a: Pelipper|U-turn|p1a: Gliscor
|-resisted|p1a: Gliscor
|-damage|p1a: Gliscor|59/100 tox
|
|t:|1760358712
|switch|p2a: Barraskewda|Barraskewda, F|100/100|[from] U-turn
|
|-weather|RainDance|[upkeep]
|-heal|p1a: Gliscor|72/100 tox|[from] ability: Poison Heal
|upkeep
|turn|17
|
|t:|1760358725
|switch|p1a: Garganacl|Garganacl, F|100/100
|move|p2a: Barraskewda|Liquidation|p1a: Garganacl
|-supereffective|p1a: Garganacl
|-damage|p1a: Garganacl|0 fnt
|faint|p1a: Garganacl
|
|-weather|RainDance|[upkeep]
|upkeep
|
|t:|1760358736
|switch|p1a: Dragapult|Dragapult, F|40/100
|turn|18
|
|t:|1760358740
|move|p2a: Barraskewda|Liquidation|p1a: Dragapult
|-resisted|p1a: Dragapult
|-damage|p1a: Dragapult|0 fnt
|faint|p1a: Dragapult
|
|-weather|RainDance|[upkeep]
|upkeep
|
|t:|1760358745
|switch|p1a: Zamazenta|Zamazenta|100/100
|turn|19
|
|t:|1760358749
|switch|p2a: Toxicroak|Toxicroak, F|100/100
|move|p1a: Zamazenta|Close Combat|p2a: Toxicroak
|-resisted|p2a: Toxicroak
|-damage|p2a: Toxicroak|74/100
|-unboost|p1a: Zamazenta|def|1
|-unboost|p1a: Zamazenta|spd|1
|-damage|p1a: Zamazenta|84/100|[from] item: Rocky Helmet|[of] p2a: Toxicroak
|
|-weather|RainDance|[upkeep]
|-heal|p2a: Toxicroak|86/100|[from] ability: Dry Skin
|upkeep
|turn|20
|
|t:|1760358760
|switch|p1a: Gliscor|Gliscor, M|72/100 tox
|switch|p2a: Landorus|Landorus-Therian, M|100/100
|-ability|p2a: Landorus|Intimidate|boost
|-unboost|p1a: Gliscor|atk|1
|
|-weather|RainDance|[upkeep]
|-heal|p1a: Gliscor|84/100 tox|[from] ability: Poison Heal
|upkeep
|turn|21
|
|t:|1760358775
|switch|p1a: Iron Treads|Iron Treads|100/100
|move|p2a: Landorus|Weather Ball|p1a: Iron Treads
|-supereffective|p1a: Iron Treads
|-damage|p1a: Iron Treads|31/100
|
|-weather|none
|-heal|p1a: Iron Treads|37/100|[from] item: Leftovers
|upkeep
|turn|22
|
|t:|1760358784
|switch|p2a: Pelipper|Pelipper, F|78/100
|-weather|RainDance|[from] ability: Drizzle|[of] p2a: Pelipper
|move|p1a: Iron Treads|Stealth Rock|p2a: Pelipper
|-sidestart|p2: M8420|move: Stealth Rock
|
|-weather|RainDance|[upkeep]
|-heal|p1a: Iron Treads|43/100|[from] item: Leftovers
|upkeep
|turn|23
|
|t:|1760358796
|move|p1a: Iron Treads|Rapid Spin|p2a: Pelipper
|-damage|p2a: Pelipper|67/100
|-boost|p1a: Iron Treads|spe|1
|move|p2a: Pelipper|U-turn|p1a: Iron Treads
|-resisted|p1a: Iron Treads
|-damage|p1a: Iron Treads|40/100
|
|t:|1760358801
|switch|p2a: Barraskewda|Barraskewda, F|100/100|[from] U-turn
|-damage|p2a: Barraskewda|88/100|[from] Stealth Rock
|
|-weather|RainDance|[upkeep]
|-heal|p1a: Iron Treads|46/100|[from] item: Leftovers
|upkeep
|turn|24
|
|t:|1760358810
|move|p2a: Barraskewda|Liquidation|p1a: Iron Treads
|-supereffective|p1a: Iron Treads
|-damage|p1a: Iron Treads|0 fnt
|faint|p1a: Iron Treads
|-end|p1a: Iron Treads|Quark Drive|[silent]
|
|-weather|RainDance|[upkeep]
|upkeep
|
|t:|1760358813
|switch|p1a: Zamazenta|Zamazenta|84/100
|turn|25
|
|t:|1760358818
|switch|p2a: Toxicroak|Toxicroak, F|86/100
|-damage|p2a: Toxicroak|80/100|[from] Stealth Rock
|move|p1a: Zamazenta|Ice Fang|p2a: Toxicroak
|-damage|p2a: Toxicroak|59/100
|-damage|p1a: Zamazenta|67/100|[from] item: Rocky Helmet|[of] p2a: Toxicroak
|
|-weather|RainDance|[upkeep]
|-heal|p2a: Toxicroak|71/100|[from] ability: Dry Skin
|upkeep
|turn|26
|
|t:|1760358832
|switch|p1a: Gliscor|Gliscor, M|84/100 tox
|switch|p2a: Landorus|Landorus-Therian, M|100/100
|-damage|p2a: Landorus|88/100|[from] Stealth Rock
|-ability|p2a: Landorus|Intimidate|boost
|-unboost|p1a: Gliscor|atk|1
|
|-weather|none
|-heal|p1a: Gliscor|97/100 tox|[from] ability: Poison Heal
|upkeep
|turn|27
|
|t:|1760358837
|switch|p2a: Pelipper|Pelipper, F|67/100
|-damage|p2a: Pelipper|42/100|[from] Stealth Rock
|-weather|RainDance|[from] ability: Drizzle|[of] p2a: Pelipper
|move|p1a: Gliscor|Swords Dance|p1a: Gliscor
|-boost|p1a: Gliscor|atk|2
|
|-weather|RainDance|[upkeep]
|-heal|p1a: Gliscor|100/100 tox|[from] ability: Poison Heal
|upkeep
|turn|28
|
|t:|1760358851
|switch|p2a: Landorus|Landorus-Therian, M|88/100
|-damage|p2a: Landorus|76/100|[from] Stealth Rock
|-ability|p2a: Landorus|Intimidate|boost
|-unboost|p1a: Gliscor|atk|1
|move|p1a: Gliscor|Facade|p2a: Landorus
|-damage|p2a: Landorus|39/100
|
|-weather|RainDance|[upkeep]
|upkeep
|turn|29
|
|t:|1760358859
|move|p2a: Landorus|Weather Ball|p1a: Gliscor
|-supereffective|p1a: Gliscor
|-damage|p1a: Gliscor|29/100 tox
|move|p1a: Gliscor|Swords Dance|p1a: Gliscor
|-boost|p1a: Gliscor|atk|2
|
|-weather|RainDance|[upkeep]
|-heal|p1a: Gliscor|42/100 tox|[from] ability: Poison Heal
|upkeep
|turn|30
|
|t:|1760358871
|move|p1a: Gliscor|Protect|p1a: Gliscor
|-singleturn|p1a: Gliscor|Protect
|move|p2a: Landorus|Weather Ball|p1a: Gliscor
|-activate|p1a: Gliscor|move: Protect
|
|-weather|RainDance|[upkeep]
|-heal|p1a: Gliscor|54/100 tox|[from] ability: Poison Heal
|upkeep
|turn|31
|
|t:|1760358880
|move|p1a: Gliscor|Protect||[still]
|-fail|p1a: Gliscor
|move|p2a: Landorus|Weather Ball|p1a: Gliscor
|-supereffective|p1a: Gliscor
|-damage|p1a: Gliscor|0 fnt
|faint|p1a: Gliscor
|
|-weather|none
|upkeep
|
|t:|1760358886
|switch|p1a: Zamazenta|Zamazenta|67/100
|turn|32
|
|t:|1760358889
|switch|p2a: Pelipper|Pelipper, F|42/100
|-damage|p2a: Pelipper|18/100|[from] Stealth Rock
|-weather|RainDance|[from] ability: Drizzle|[of] p2a: Pelipper
|move|p1a: Zamazenta|Ice Fang|p2a: Pelipper
|-damage|p2a: Pelipper|2/100
|
|-weather|RainDance|[upkeep]
|upkeep
|turn|33
|
|t:|1760358904
|switch|p2a: Iron Treads|Iron Treads|75/100 brn
|-damage|p2a: Iron Treads|72/100 brn|[from] Stealth Rock
|move|p1a: Zamazenta|Crunch|p2a: Iron Treads
|-damage|p2a: Iron Treads|53/100 brn
|
|-weather|RainDance|[upkeep]
|-damage|p2a: Iron Treads|47/100 brn|[from] brn
|upkeep
|turn|34
|
|t:|1760358920
|-terastallize|p2a: Iron Treads|Fairy
|move|p1a: Zamazenta|Close Combat|p2a: Iron Treads
|-resisted|p2a: Iron Treads
|-damage|p2a: Iron Treads|23/100 brn
|-unboost|p1a: Zamazenta|def|1
|-unboost|p1a: Zamazenta|spd|1
|move|p2a: Iron Treads|Rapid Spin|p1a: Zamazenta
|-damage|p1a: Zamazenta|58/100
|-boost|p2a: Iron Treads|spe|1
|-sideend|p2: M8420|Stealth Rock|[from] move: Rapid Spin|[of] p2a: Iron Treads
|
|-weather|RainDance|[upkeep]
|-damage|p2a: Iron Treads|17/100 brn|[from] brn
|upkeep
|turn|35
|
|t:|1760358931
|-end|p2a: Iron Treads|Quark Drive|[silent]
|switch|p2a: Toxicroak|Toxicroak, F|71/100
|move|p1a: Zamazenta|Heavy Slam|p2a: Toxicroak
|-damage|p2a: Toxicroak|43/100
|-damage|p1a: Zamazenta|41/100|[from] item: Rocky Helmet|[of] p2a: Toxicroak
|
|-weather|RainDance|[upkeep]
|-heal|p2a: Toxicroak|56/100|[from] ability: Dry Skin
|upkeep
|turn|36
|
|t:|1760358943
|switch|p1a: Ogerpon|Ogerpon-Wellspring-Tera, F, tera:Water|22/100
|-ability|p1a: Ogerpon|Embody Aspect (Wellspring)|boost
|-boost|p1a: Ogerpon|spd|1
|move|p2a: Toxicroak|Drain Punch|p1a: Ogerpon
|-damage|p1a: Ogerpon|0 fnt
|-heal|p2a: Toxicroak|66/100|[from] drain|[of] p1a: Ogerpon
|faint|p1a: Ogerpon
|detailschange|p1: Ogerpon|Ogerpon-Wellspring, F|[silent]
|
|-weather|none
|upkeep
|
|t:|1760358949
|switch|p1a: Zamazenta|Zamazenta|41/100
|turn|37
|c|☆M8420|gg
|
|t:|1760358954
|move|p1a: Zamazenta|Heavy Slam|p2a: Toxicroak
|-damage|p2a: Toxicroak|38/100
|-damage|p1a: Zamazenta|25/100|[from] item: Rocky Helmet|[of] p2a: Toxicroak
|move|p2a: Toxicroak|Toxic|p1a: Zamazenta
|-status|p1a: Zamazenta|tox
|
|-damage|p1a: Zamazenta|19/100 tox|[from] psn
|upkeep
|turn|38
|-message|adriji 12 forfeited.
|
|win|M8420
|raw|adriji 12's rating: 1437 &rarr; <strong>1419</strong><br />(-18 for losing)
|raw|M8420's rating: 1471 &rarr; <strong>1489</strong><br />(+18 for winning)
|l|☆adriji 12
|player|p1|
