|j|☆abhi007xu
|j|☆DvorakLobster
|t:|1760429835
|gametype|singles
|player|p1|abhi007xu|nate|1306
|player|p2|DvorakLobster|ghetsis|1325
|gen|9
|tier|[Gen 9] OU
|rated|
|rule|HP Percentage Mod: HP is shown in percentages
|rule|Endless Battle Clause: Forcing endless battles is banned
|rule|Species Clause: Limit one of each Pokémon
|rule|OHKO Clause: OHKO moves are banned
|rule|Evasion Items Clause: Evasion items are banned
|rule|Evasion Moves Clause: Evasion moves are banned
|rule|Evasion Abilities Clause: Evasion abilities are banned
|rule|Sleep Moves Clause: Sleep-inducing moves are banned
|clearpoke
|poke|p1|Torkoal, M|
|poke|p1|Walking Wake|
|poke|p1|Venusaur, M|
|poke|p1|Kingambit, F|
|poke|p1|Hatterene, F|
|poke|p1|Slither Wing|
|poke|p2|Hoopa-Unbound|
|poke|p2|Slowking-Galar, F|
|poke|p2|Alomomola, F|
|poke|p2|Zamazenta-*|
|poke|p2|Great Tusk|
|poke|p2|Kingambit, F|
|teampreview
|inactive|Battle timer is ON: inactive players will automatically lose when time's up. (requested by abhi007xu)
|
|t:|1760429861
|teamsize|p1|6
|teamsize|p2|6
|start
|switch|p1a: Torkoal|Torkoal, M|100/100
|switch|p2a: Slowking|Slowking-Galar, F|100/100
|-weather|SunnyDay|[from] ability: Drought|[of] p1a: Torkoal
|turn|1
|
|t:|1760429864
|move|p2a: Slowking|Future Sight|p1a: Torkoal
|-start|p2a: Slowking|move: Future Sight
|move|p1a: Torkoal|Stealth Rock|p2a: Slowking
|-sidestart|p2: DvorakLobster|move: Stealth Rock
|
|-weather|SunnyDay|[upkeep]
|upkeep
|turn|2
|
|t:|1760429876
|-prepare|p2a: Slowking|Chilly Reception|[premajor]
|move|p2a: Slowking|Chilly Reception|p2a: Slowking
|-weather|Snowscape
|
|t:|1760429881
|switch|p2a: Great Tusk|Great Tusk|100/100|[from] Chilly Reception
|move|p1a: Torkoal|Will-O-Wisp|p2a: Great Tusk|[miss]
|-miss|p1a: Torkoal|p2a: Great Tusk
|
|-weather|Snowscape|[upkeep]
|upkeep
|turn|3
|
|t:|1760429890
|move|p2a: Great Tusk|Rapid Spin|p1a: Torkoal
|-damage|p1a: Torkoal|87/100
|-boost|p2a: Great Tusk|spe|1
|-sideend|p2: DvorakLobster|Stealth Rock|[from] move: Rapid Spin|[of] p2a: Great Tusk
|move|p1a: Torkoal|Will-O-Wisp|p2a: Great Tusk|[miss]
|-miss|p1a: Torkoal|p2a: Great Tusk
|
|-weather|Snowscape|[upkeep]
|-end|p1a: Torkoal|move: Future Sight
|-damage|p1a: Torkoal|28/100
|upkeep
|turn|4
|
|t:|1760429902
|switch|p1a: Walking Wake|Walking Wake|100/100
|move|p2a: Great Tusk|Rapid Spin|p1a: Walking Wake
|-damage|p1a: Walking Wake|80/100
|-boost|p2a: Great Tusk|spe|1
|
|-weather|Snowscape|[upkeep]
|upkeep
|turn|5
|
|t:|1760429913
|-terastallize|p2a: Great Tusk|Steel
|move|p2a: Great Tusk|Ice Spinner|p1a: Walking Wake
|-crit|p1a: Walking Wake
|-damage|p1a: Walking Wake|32/100
|move|p1a: Walking Wake|Hydro Steam|p2a: Great Tusk
|-damage|p2a: Great Tusk|11/100
|
|-weather|Snowscape|[upkeep]
|upkeep
|turn|6
|
|t:|1760429923
|move|p2a: Great Tusk|Stealth Rock|p1a: Walking Wake
|-sidestart|p1: abhi007xu|move: Stealth Rock
|move|p1a: Walking Wake|Hydro Steam|p2a: Great Tusk
|-damage|p2a: Great Tusk|0 fnt
|faint|p2a: Great Tusk
|-end|p2a: Great Tusk|Protosynthesis|[silent]
|
|-weather|none
|upkeep
|
|t:|1760429933
|switch|p2a: Zamazenta|Zamazenta|100/100
|-ability|p2a: Zamazenta|Dauntless Shield|boost
|-boost|p2a: Zamazenta|def|1
|turn|7
|
|t:|1760429936
|move|p2a: Zamazenta|Body Press|p1a: Walking Wake
|-damage|p1a: Walking Wake|0 fnt
|faint|p1a: Walking Wake
|-end|p1a: Walking Wake|Protosynthesis|[silent]
|
|upkeep
|
|t:|1760429939
|switch|p1a: Torkoal|Torkoal, M|28/100
|-damage|p1a: Torkoal|3/100|[from] Stealth Rock
|-weather|SunnyDay|[from] ability: Drought|[of] p1a: Torkoal
|turn|8
|
|t:|1760429967
|-terastallize|p1a: Torkoal|Ghost
|move|p2a: Zamazenta|Body Press|p1a: Torkoal
|-immune|p1a: Torkoal
|move|p1a: Torkoal|Rapid Spin|p2a: Zamazenta
|-damage|p2a: Zamazenta|95/100
|-boost|p1a: Torkoal|spe|1
|-sideend|p1: abhi007xu|Stealth Rock|[from] move: Rapid Spin|[of] p1a: Torkoal
|
|-weather|SunnyDay|[upkeep]
|-heal|p2a: Zamazenta|100/100|[from] item: Leftovers
|upkeep
|turn|9
|
|t:|1760429980
|switch|p1a: Venusaur|Venusaur, M, shiny|100/100
|move|p2a: Zamazenta|Crunch|p1a: Venusaur
|-damage|p1a: Venusaur|72/100
|
|-weather|SunnyDay|[upkeep]
|upkeep
|turn|10
|inactive|DvorakLobster has 120 seconds left.
|inactive|DvorakLobster has 90 seconds left.
|
|t:|1760430035
|move|p1a: Venusaur|Growth|p1a: Venusaur
|-boost|p1a: Venusaur|atk|2
|-boost|p1a: Venusaur|spa|2
|move|p2a: Zamazenta|Body Press|p1a: Venusaur
|-resisted|p1a: Venusaur
|-damage|p1a: Venusaur|41/100
|
|-weather|SunnyDay|[upkeep]
|upkeep
|turn|11
|
|t:|1760430045
|move|p1a: Venusaur|Growth|p1a: Venusaur
|-boost|p1a: Venusaur|atk|2
|-boost|p1a: Venusaur|spa|2
|move|p2a: Zamazenta|Body Press|p1a: Venusaur
|-resisted|p1a: Venusaur
|-damage|p1a: Venusaur|8/100
|
|-weather|SunnyDay|[upkeep]
|upkeep
|turn|12
|
|t:|1760430052
|move|p1a: Venusaur|Giga Drain|p2a: Zamazenta
|-damage|p2a: Zamazenta|7/100
|-heal|p1a: Venusaur|68/100|[from] drain|[of] p2a: Zamazenta
|move|p2a: Zamazenta|Body Press|p1a: Venusaur
|-resisted|p1a: Venusaur
|-damage|p1a: Venusaur|41/100
|
|-weather|SunnyDay|[upkeep]
|-heal|p2a: Zamazenta|13/100|[from] item: Leftovers
|upkeep
|turn|13
|
|t:|1760430058
|move|p1a: Venusaur|Giga Drain|p2a: Zamazenta
|-crit|p2a: Zamazenta
|-damage|p2a: Zamazenta|0 fnt
|-heal|p1a: Venusaur|49/100|[from] drain|[of] p2a: Zamazenta
|faint|p2a: Zamazenta
|
|-weather|SunnyDay|[upkeep]
|upkeep
|
|t:|1760430060
|switch|p2a: Slowking|Slowking-Galar, F|100/100
|turn|14
|
|t:|1760430062
|move|p1a: Venusaur|Weather Ball|p2a: Slowking
|-damage|p2a: Slowking|0 fnt
|faint|p2a: Slowking
|
|-weather|SunnyDay|[upkeep]
|upkeep
|inactive|DvorakLobster has 120 seconds left.
|
|t:|1760430079
|switch|p2a: Kingambit|Kingambit, F|100/100
|-activate|p2a: Kingambit|ability: Supreme Overlord
|-start|p2a: Kingambit|fallen3|[silent]
|turn|15
|
|t:|1760430083
|move|p2a: Kingambit|Sucker Punch|p1a: Venusaur
|-damage|p1a: Venusaur|0 fnt
|faint|p1a: Venusaur
|
|-weather|none
|upkeep
|
|t:|1760430087
|switch|p1a: Torkoal|Torkoal, M, tera:Ghost|3/100
|-weather|SunnyDay|[from] ability: Drought|[of] p1a: Torkoal
|turn|16
|
|t:|1760430095
|move|p2a: Kingambit|Sucker Punch||[still]
|-fail|p2a: Kingambit
|move|p1a: Torkoal|Will-O-Wisp|p2a: Kingambit
|-status|p2a: Kingambit|brn
|
|-weather|SunnyDay|[upkeep]
|-damage|p2a: Kingambit|94/100 brn|[from] brn
|upkeep
|turn|17
|
|t:|1760430098
|move|p2a: Kingambit|Kowtow Cleave|p1a: Torkoal
|-supereffective|p1a: Torkoal
|-damage|p1a: Torkoal|0 fnt
|faint|p1a: Torkoal
|
|-weather|SunnyDay|[upkeep]
|-heal|p2a: Kingambit|100/100 brn|[from] item: Leftovers
|-damage|p2a: Kingambit|94/100 brn|[from] brn
|upkeep
|
|t:|1760430100
|switch|p1a: Slither Wing|Slither Wing|100/100
|-activate|p1a: Slither Wing|ability: Protosynthesis
|-start|p1a: Slither Wing|protosynthesisatk
|turn|18
|
|t:|1760430128
|move|p2a: Kingambit|Sucker Punch|p1a: Slither Wing
|-resisted|p1a: Slither Wing
|-damage|p1a: Slither Wing|85/100
|move|p1a: Slither Wing|Close Combat|p2a: Kingambit
|-supereffective|p2a: Kingambit
|-damage|p2a: Kingambit|0 fnt
|-unboost|p1a: Slither Wing|def|1
|-unboost|p1a: Slither Wing|spd|1
|faint|p2a: Kingambit
|-end|p2a: Kingambit|fallen3|[silent]
|
|-weather|SunnyDay|[upkeep]
|upkeep
|
|t:|1760430133
|switch|p2a: Hoopa|Hoopa-Unbound|100/100
|turn|19
|
|t:|1760430141
|move|p2a: Hoopa|Hyperspace Fury|p1a: Slither Wing
|-resisted|p1a: Slither Wing
|-damage|p1a: Slither Wing|3/100
|-unboost|p2a: Hoopa|def|1
|move|p1a: Slither Wing|U-turn|p2a: Hoopa
|-supereffective|p2a: Hoopa
|-damage|p2a: Hoopa|0 fnt
|faint|p2a: Hoopa
|
|t:|1760430145
|-end|p1a: Slither Wing|Protosynthesis|[silent]
|switch|p1a: Hatterene|Hatterene, F, shiny|100/100|[from] U-turn
|
|-weather|SunnyDay|[upkeep]
|upkeep
|
|t:|1760430148
|switch|p2a: Alomomola|Alomomola, F|100/100
|turn|20
|
|t:|1760430154
|move|p2a: Alomomola|Wish|p2a: Alomomola
|move|p1a: Hatterene|Mystical Fire|p2a: Alomomola
|-resisted|p2a: Alomomola
|-crit|p2a: Alomomola
|-damage|p2a: Alomomola|65/100
|-unboost|p2a: Alomomola|spa|1
|
|-weather|SunnyDay|[upkeep]
|upkeep
|turn|21
|
|t:|1760430170
|switch|p1a: Kingambit|Kingambit, F, shiny|100/100
|-activate|p1a: Kingambit|ability: Supreme Overlord
|-start|p1a: Kingambit|fallen3|[silent]
|move|p2a: Alomomola|Tickle|p1a: Kingambit
|-unboost|p1a: Kingambit|atk|1
|-unboost|p1a: Kingambit|def|1
|
|-weather|SunnyDay|[upkeep]
|-heal|p2a: Alomomola|100/100|[from] move: Wish|[wisher] Alomomola
|upkeep
|turn|22
|
|t:|1760430179
|move|p2a: Alomomola|Tickle|p1a: Kingambit
|-unboost|p1a: Kingambit|atk|1
|-unboost|p1a: Kingambit|def|1
|move|p1a: Kingambit|Swords Dance|p1a: Kingambit
|-boost|p1a: Kingambit|atk|2
|
|-weather|SunnyDay|[upkeep]
|upkeep
|turn|23
|
|t:|1760430185
|move|p2a: Alomomola|Tickle|p1a: Kingambit
|-unboost|p1a: Kingambit|atk|1
|-unboost|p1a: Kingambit|def|1
|move|p1a: Kingambit|Swords Dance|p1a: Kingambit
|-boost|p1a: Kingambit|atk|2
|
|-weather|none
|upkeep
|turn|24
|
|t:|1760430188
|move|p2a: Alomomola|Flip Turn|p1a: Kingambit
|-damage|p1a: Kingambit|71/100
|move|p1a: Kingambit|Swords Dance|p1a: Kingambit
|-boost|p1a: Kingambit|atk|2
|
|upkeep
|turn|25
|
|t:|1760430191
|move|p2a: Alomomola|Flip Turn|p1a: Kingambit
|-damage|p1a: Kingambit|40/100
|move|p1a: Kingambit|Swords Dance|p1a: Kingambit
|-boost|p1a: Kingambit|atk|2
|
|upkeep
|turn|26
|
|t:|1760430199
|move|p2a: Alomomola|Flip Turn|p1a: Kingambit
|-damage|p1a: Kingambit|9/100
|move|p1a: Kingambit|Kowtow Cleave|p2a: Alomomola
|-damage|p2a: Alomomola|0 fnt
|faint|p2a: Alomomola
|
|win|abhi007xu
|raw|abhi007xu's rating: 1306 &rarr; <strong>1326</strong><br />(+20 for winning)
|raw|DvorakLobster's rating: 1307 &rarr; <strong>1287</strong><br />(-20 for losing)
|l|☆DvorakLobster
|player|p2|
|l|☆abhi007xu
|player|p1|
