|j|☆ihatepecharuntwah
|j|☆cr aries
|t:|1760437153
|gametype|singles
|player|p1|ihatepecharuntwah|170|1621
|player|p2|cr aries|169|1622
|gen|9
|tier|[Gen 9] OU
|rated|
|rule|HP Percentage Mod: HP is shown in percentages
|rule|Endless Battle Clause: Forcing endless battles is banned
|rule|Species Clause: Limit one of each Pokémon
|rule|OHKO Clause: OHKO moves are banned
|rule|Evasion Items Clause: Evasion items are banned
|rule|Evasion Moves Clause: Evasion moves are banned
|rule|Evasion Abilities Clause: Evasion abilities are banned
|rule|Sleep Moves Clause: Sleep-inducing moves are banned
|clearpoke
|poke|p1|Tornadus-Therian, M|
|poke|p1|Hatterene, F|
|poke|p1|Deoxys-Speed|
|poke|p1|Dragapult, M|
|poke|p1|Ogerpon-Wellspring, F|
|poke|p1|Kingambit, M|
|poke|p2|Weavile, M|
|poke|p2|Gholdengo|
|poke|p2|Slowking-Galar, M|
|poke|p2|Corviknight, F|
|poke|p2|Sandy Shocks|
|poke|p2|Heatran, F|
|teampreview
|inactive|Battle timer is ON: inactive players will automatically lose when time's up. (requested by cr aries)
|c|☆ihatepecharuntwah|everyone and their mother using weav
|
|t:|1760437182
|teamsize|p1|6
|teamsize|p2|6
|start
|switch|p1a: Deoxys|Deoxys-Speed|100/100
|switch|p2a: Weavile|Weavile, M|100/100
|-ability|p1a: Deoxys|Pressure
|turn|1
|
|t:|1760437189
|switch|p2a: Corviknight|Corviknight, F|100/100
|-ability|p2a: Corviknight|Pressure
|move|p1a: Deoxys|Stealth Rock|p2a: Corviknight
|-sidestart|p2: cr aries|move: Stealth Rock
|
|upkeep
|turn|2
|
|t:|1760437202
|move|p1a: Deoxys|Knock Off|p2a: Corviknight
|-damage|p2a: Corviknight|89/100
|-damage|p1a: Deoxys|84/100|[from] item: Rocky Helmet|[of] p2a: Corviknight
|-enditem|p2a: Corviknight|Rocky Helmet|[from] move: Knock Off|[of] p1a: Deoxys
|move|p2a: Corviknight|Defog|p1a: Deoxys
|-unboost|p1a: Deoxys|evasion|1
|-sideend|p2: cr aries|Stealth Rock|[from] move: Defog|[of] p2a: Corviknight
|
|upkeep
|turn|3
|
|t:|1760437208
|move|p1a: Deoxys|Stealth Rock|p2a: Corviknight
|-sidestart|p2: cr aries|move: Stealth Rock
|move|p2a: Corviknight|Brave Bird|p1a: Deoxys
|-damage|p1a: Deoxys|29/100
|-damage|p2a: Corviknight|78/100|[from] Recoil
|
|upkeep
|turn|4
|
|t:|1760437226
|switch|p1a: Hatterene|Hatterene, F|100/100
|move|p2a: Corviknight|Defog|p1a: Hatterene
|move|p1a: Hatterene|Defog|p2a: Corviknight|[from] ability: Magic Bounce
|-unboost|p2a: Corviknight|evasion|1
|-sideend|p2: cr aries|Stealth Rock|[from] move: Defog|[of] p1a: Hatterene
|
|upkeep
|turn|5
|
|t:|1760437235
|switch|p2a: Gholdengo|Gholdengo|100/100
|switch|p1a: Deoxys|Deoxys-Speed|29/100
|-ability|p1a: Deoxys|Pressure
|
|upkeep
|turn|6
|
|t:|1760437240
|move|p1a: Deoxys|Stealth Rock|p2a: Gholdengo
|-sidestart|p2: cr aries|move: Stealth Rock
|move|p2a: Gholdengo|Shadow Ball|p1a: Deoxys
|-supereffective|p1a: Deoxys
|-damage|p1a: Deoxys|0 fnt
|faint|p1a: Deoxys
|
|upkeep
|
|t:|1760437257
|switch|p1a: Kingambit|Kingambit, M|100/100
|-activate|p1a: Kingambit|ability: Supreme Overlord
|-start|p1a: Kingambit|fallen1|[silent]
|turn|7
|
|t:|1760437263
|-terastallize|p2a: Gholdengo|Fighting
|move|p2a: Gholdengo|Tera Blast|p1a: Kingambit|[anim] Tera Blast Fighting
|-supereffective|p1a: Kingambit
|-damage|p1a: Kingambit|0 fnt
|faint|p1a: Kingambit
|-end|p1a: Kingambit|fallen1|[silent]
|
|upkeep
|
|t:|1760437281
|switch|p1a: Hatterene|Hatterene, F|100/100
|turn|8
|c|☆ihatepecharuntwah|misclick
|
|t:|1760437297
|switch|p2a: Heatran|Heatran, F|100/100
|-damage|p2a: Heatran|88/100|[from] Stealth Rock
|move|p1a: Hatterene|Psychic Noise|p2a: Heatran
|-resisted|p2a: Heatran
|-damage|p2a: Heatran|74/100
|-start|p2a: Heatran|move: Heal Block
|
|upkeep
|turn|9
|
|t:|1760437303
|move|p2a: Heatran|Magma Storm|p1a: Hatterene
|-damage|p1a: Hatterene|53/100
|-activate|p1a: Hatterene|move: Magma Storm|[of] p2a: Heatran
|-enditem|p1a: Hatterene|Eject Button
|
|t:|1760437310
|switch|p1a: Ogerpon|Ogerpon-Wellspring, F|100/100
|
|-end|p2a: Heatran|move: Heal Block
|upkeep
|turn|10
|
|t:|1760437317
|move|p1a: Ogerpon|Swords Dance|p1a: Ogerpon
|-boost|p1a: Ogerpon|atk|2
|move|p2a: Heatran|Magma Storm|p1a: Ogerpon
|-damage|p1a: Ogerpon|53/100
|-activate|p1a: Ogerpon|move: Magma Storm|[of] p2a: Heatran
|
|-heal|p2a: Heatran|80/100|[from] item: Leftovers
|-damage|p1a: Ogerpon|40/100|[from] move: Magma Storm|[partiallytrapped]
|upkeep
|turn|11
|
|t:|1760437322
|move|p2a: Heatran|Protect|p2a: Heatran
|-singleturn|p2a: Heatran|Protect
|move|p1a: Ogerpon|Ivy Cudgel|p2a: Heatran|[anim] Ivy Cudgel Water
|-activate|p2a: Heatran|move: Protect
|
|-heal|p2a: Heatran|87/100|[from] item: Leftovers
|-damage|p1a: Ogerpon|28/100|[from] move: Magma Storm|[partiallytrapped]
|upkeep
|turn|12
|
|t:|1760437330
|move|p1a: Ogerpon|Ivy Cudgel|p2a: Heatran|[anim] Ivy Cudgel Water
|-supereffective|p2a: Heatran
|-damage|p2a: Heatran|0 fnt
|faint|p2a: Heatran
|
|-end|p1a: Ogerpon|Magma Storm|[partiallytrapped]|[silent]
|upkeep
|
|t:|1760437332
|switch|p2a: Weavile|Weavile, M|100/100
|turn|13
|
|t:|1760437355
|-terastallize|p1a: Ogerpon|Water
|detailschange|p1a: Ogerpon|Ogerpon-Wellspring-Tera, F, tera:Water
|-ability|p1a: Ogerpon|Embody Aspect (Wellspring)|boost
|-boost|p1a: Ogerpon|spd|1
|move|p2a: Weavile|Knock Off|p1a: Ogerpon
|-damage|p1a: Ogerpon|0 fnt
|faint|p1a: Ogerpon
|detailschange|p1: Ogerpon|Ogerpon-Wellspring, F|[silent]
|
|upkeep
|c|☆ihatepecharuntwah|gg
|inactive|ihatepecharuntwah has 120 seconds left.
|
|t:|1760437395
|switch|p1a: Hatterene|Hatterene, F|53/100
|turn|14
|
|t:|1760437401
|switch|p2a: Slowking|Slowking-Galar, M|100/100
|move|p1a: Hatterene|Nuzzle|p2a: Slowking
|-damage|p2a: Slowking|96/100
|-status|p2a: Slowking|par
|
|upkeep
|turn|15
|
|t:|1760437411
|move|p1a: Hatterene|Psychic Noise|p2a: Slowking
|-damage|p2a: Slowking|76/100 par
|-start|p2a: Slowking|move: Heal Block
|move|p2a: Slowking|Sludge Bomb|p1a: Hatterene
|-supereffective|p1a: Hatterene
|-damage|p1a: Hatterene|0 fnt
|faint|p1a: Hatterene
|
|upkeep
|
|t:|1760437419
|switch|p1a: Dragapult|Dragapult, M|100/100
|turn|16
|
|t:|1760437423
|move|p1a: Dragapult|Shadow Ball|p2a: Slowking
|-supereffective|p2a: Slowking
|-damage|p2a: Slowking|25/100 par
|-damage|p1a: Dragapult|91/100|[from] item: Life Orb
|move|p2a: Slowking|Sludge Bomb|p1a: Dragapult
|-resisted|p1a: Dragapult
|-damage|p1a: Dragapult|66/100
|
|-end|p2a: Slowking|move: Heal Block
|upkeep
|turn|17
|inactive|ihatepecharuntwah has 120 seconds left.
|
|t:|1760437435
|move|p1a: Dragapult|Shadow Ball|p2a: Slowking
|-supereffective|p2a: Slowking
|-damage|p2a: Slowking|0 fnt
|faint|p2a: Slowking
|-damage|p1a: Dragapult|56/100|[from] item: Life Orb
|
|upkeep
|
|t:|1760437448
|switch|p2a: Corviknight|Corviknight, F|78/100
|-damage|p2a: Corviknight|66/100|[from] Stealth Rock
|-ability|p2a: Corviknight|Pressure
|turn|18
|
|t:|1760437454
|move|p1a: Dragapult|Fire Blast|p2a: Corviknight
|-supereffective|p2a: Corviknight
|-damage|p2a: Corviknight|0 fnt
|faint|p2a: Corviknight
|-damage|p1a: Dragapult|46/100|[from] item: Life Orb
|
|upkeep
|
|t:|1760437461
|switch|p2a: Gholdengo|Gholdengo, tera:Fighting|100/100
|-damage|p2a: Gholdengo|94/100|[from] Stealth Rock
|turn|19
|inactive|ihatepecharuntwah has 120 seconds left.
|
|t:|1760437486
|switch|p1a: Tornadus|Tornadus-Therian, M|100/100
|move|p2a: Gholdengo|Shadow Ball|p1a: Tornadus
|-damage|p1a: Tornadus|56/100
|
|upkeep
|turn|20
|
|t:|1760437505
|move|p1a: Tornadus|Bleakwind Storm|p2a: Gholdengo
|-supereffective|p2a: Gholdengo
|-damage|p2a: Gholdengo|0 fnt
|faint|p2a: Gholdengo
|-damage|p1a: Tornadus|46/100|[from] item: Life Orb
|
|upkeep
|
|t:|1760437516
|switch|p2a: Sandy Shocks|Sandy Shocks|100/100
|-damage|p2a: Sandy Shocks|94/100|[from] Stealth Rock
|-enditem|p2a: Sandy Shocks|Booster Energy
|-activate|p2a: Sandy Shocks|ability: Protosynthesis|[fromitem]
|-start|p2a: Sandy Shocks|protosynthesisspe
|turn|21
|inactive|ihatepecharuntwah has 120 seconds left.
|
|t:|1760437547
|switch|p1a: Dragapult|Dragapult, M|46/100
|move|p2a: Sandy Shocks|Thunderbolt|p1a: Dragapult
|-resisted|p1a: Dragapult
|-damage|p1a: Dragapult|15/100
|
|upkeep
|turn|22
|
|t:|1760437554
|move|p2a: Sandy Shocks|Thunderbolt|p1a: Dragapult
|-resisted|p1a: Dragapult
|-crit|p1a: Dragapult
|-damage|p1a: Dragapult|0 fnt
|faint|p1a: Dragapult
|
|upkeep
|
|t:|1760437557
|switch|p1a: Tornadus|Tornadus-Therian, M|79/100
|turn|23
|
|t:|1760437559
|move|p2a: Sandy Shocks|Thunderbolt|p1a: Tornadus
|-supereffective|p1a: Tornadus
|-damage|p1a: Tornadus|0 fnt
|faint|p1a: Tornadus
|
|win|cr aries
|raw|ihatepecharuntwah's rating: 1621 &rarr; <strong>1601</strong><br />(-20 for losing)
|raw|cr aries's rating: 1622 &rarr; <strong>1642</strong><br />(+20 for winning)
|l|☆cr aries
|player|p2|
|l|☆ihatepecharuntwah
|player|p1|
