|j|☆preppy dude
|j|☆earl5000
|t:|1760378424
|gametype|singles
|player|p1|preppy dude|102|1359
|player|p2|earl5000|palmer|1394
|gen|9
|tier|[Gen 9] OU
|rated|
|rule|HP Percentage Mod: HP is shown in percentages
|rule|Endless Battle Clause: Forcing endless battles is banned
|rule|Species Clause: Limit one of each Pokémon
|rule|OHKO Clause: OHKO moves are banned
|rule|Evasion Items Clause: Evasion items are banned
|rule|Evasion Moves Clause: Evasion moves are banned
|rule|Evasion Abilities Clause: Evasion abilities are banned
|rule|Sleep Moves Clause: Sleep-inducing moves are banned
|clearpoke
|poke|p1|Blastoise, F|
|poke|p1|Cloyster, M|
|poke|p1|Golem, M|
|poke|p1|Magneton|
|poke|p1|Rhydon, M|
|poke|p1|Zapdos|
|poke|p2|Glimmora, F|
|poke|p2|Weavile, M|
|poke|p2|Gholdengo|
|poke|p2|Iron Valiant|
|poke|p2|Dragonite, F|
|poke|p2|Ursaluna, M|
|teampreview
|
|t:|1760378436
|teamsize|p1|6
|teamsize|p2|6
|start
|switch|p1a: Rhydon|Rhydon, M|100/100
|switch|p2a: Gholdengo|Gholdengo|100/100
|turn|1
|inactive|Battle timer is ON: inactive players will automatically lose when time's up. (requested by earl5000)
|
|t:|1760378443
|switch|p1a: Zapdos|Zapdos|100/100
|move|p2a: Gholdengo|Make It Rain|p1a: Zapdos
|-resisted|p1a: Zapdos
|-damage|p1a: Zapdos|74/100
|-unboost|p2a: Gholdengo|spa|1
|
|-heal|p1a: Zapdos|80/100|[from] item: Leftovers
|upkeep
|turn|2
|
|t:|1760378453
|switch|p2a: Ursaluna|Ursaluna, M|100/100
|move|p1a: Zapdos|Discharge|p2a: Ursaluna
|-immune|p2a: Ursaluna
|
|-heal|p1a: Zapdos|87/100|[from] item: Leftovers
|-status|p2a: Ursaluna|brn|[from] item: Flame Orb
|upkeep
|turn|3
|
|t:|1760378462
|move|p1a: Zapdos|Protect|p1a: Zapdos
|-singleturn|p1a: Zapdos|Protect
|move|p2a: Ursaluna|Facade|p1a: Zapdos
|-activate|p1a: Zapdos|move: Protect
|
|-heal|p1a: Zapdos|93/100|[from] item: Leftovers
|-damage|p2a: Ursaluna|94/100 brn|[from] brn
|upkeep
|turn|4
|
|t:|1760378472
|switch|p1a: Golem|Golem, M|100/100
|move|p2a: Ursaluna|Facade|p1a: Golem
|-resisted|p1a: Golem
|-damage|p1a: Golem|41/100
|
|-damage|p2a: Ursaluna|88/100 brn|[from] brn
|upkeep
|turn|5
|
|t:|1760378481
|move|p1a: Golem|Endure|p1a: Golem
|-singleturn|p1a: Golem|move: Endure
|move|p2a: Ursaluna|Facade|p1a: Golem
|-resisted|p1a: Golem
|-activate|p1a: Golem|move: Endure
|-damage|p1a: Golem|1/100
|
|-damage|p2a: Ursaluna|82/100 brn|[from] brn
|upkeep
|turn|6
|-enditem|p1a: Golem|Custap Berry|[eat]
|-activate|p1a: Golem|item: Custap Berry|[consumed]
|
|t:|1760378490
|move|p1a: Golem|Stealth Rock|p2a: Ursaluna
|-sidestart|p2: earl5000|move: Stealth Rock
|move|p2a: Ursaluna|Facade|p1a: Golem
|-resisted|p1a: Golem
|-damage|p1a: Golem|0 fnt
|faint|p1a: Golem
|
|-damage|p2a: Ursaluna|76/100 brn|[from] brn
|upkeep
|
|t:|1760378501
|switch|p1a: Rhydon|Rhydon, M|100/100
|turn|7
|
|t:|1760378506
|-terastallize|p1a: Rhydon|Ghost
|move|p2a: Ursaluna|Headlong Rush|p1a: Rhydon
|-damage|p1a: Rhydon|56/100
|-unboost|p2a: Ursaluna|def|1
|-unboost|p2a: Ursaluna|spd|1
|move|p1a: Rhydon|Earthquake|p2a: Ursaluna
|-damage|p2a: Ursaluna|15/100 brn
|
|-damage|p2a: Ursaluna|9/100 brn|[from] brn
|upkeep
|turn|8
|
|t:|1760378519
|switch|p1a: Zapdos|Zapdos|93/100
|move|p2a: Ursaluna|Headlong Rush|p1a: Zapdos
|-immune|p1a: Zapdos
|
|-heal|p1a: Zapdos|99/100|[from] item: Leftovers
|-damage|p2a: Ursaluna|2/100 brn|[from] brn
|upkeep
|turn|9
|
|t:|1760378529
|move|p1a: Zapdos|Protect|p1a: Zapdos
|-singleturn|p1a: Zapdos|Protect
|move|p2a: Ursaluna|Facade|p1a: Zapdos
|-activate|p1a: Zapdos|move: Protect
|
|-heal|p1a: Zapdos|100/100|[from] item: Leftovers
|-damage|p2a: Ursaluna|0 fnt|[from] brn
|faint|p2a: Ursaluna
|upkeep
|
|t:|1760378534
|switch|p2a: Edgelord|Weavile, M|100/100
|-damage|p2a: Edgelord|76/100|[from] Stealth Rock
|-ability|p2a: Edgelord|Pressure
|turn|10
|
|t:|1760378545
|switch|p1a: Rhydon|Rhydon, M, tera:Ghost|56/100
|move|p2a: Edgelord|Triple Axel|p1a: Rhydon|[miss]
|-miss|p2a: Edgelord|p1a: Rhydon
|
|upkeep
|turn|11
|
|t:|1760378552
|move|p2a: Edgelord|Knock Off|p1a: Rhydon
|-supereffective|p1a: Rhydon
|-damage|p1a: Rhydon|12/100
|-enditem|p1a: Rhydon|Eviolite|[from] move: Knock Off|[of] p2a: Edgelord
|move|p1a: Rhydon|Rock Blast|p2a: Edgelord
|-supereffective|p2a: Edgelord
|-damage|p2a: Edgelord|28/100
|-supereffective|p2a: Edgelord
|-damage|p2a: Edgelord|0 fnt
|faint|p2a: Edgelord
|-hitcount|p2: Edgelord|2
|
|upkeep
|
|t:|1760378567
|switch|p2a: Gholdengo|Gholdengo|100/100
|-damage|p2a: Gholdengo|94/100|[from] Stealth Rock
|turn|12
|
|t:|1760378572
|move|p2a: Gholdengo|Shadow Ball|p1a: Rhydon
|-supereffective|p1a: Rhydon
|-damage|p1a: Rhydon|0 fnt
|faint|p1a: Rhydon
|
|upkeep
|
|t:|1760378577
|switch|p1a: Zapdos|Zapdos|100/100
|turn|13
|
|t:|1760378580
|move|p2a: Gholdengo|Shadow Ball|p1a: Zapdos
|-damage|p1a: Zapdos|66/100
|move|p1a: Zapdos|Discharge|p2a: Gholdengo
|-damage|p2a: Gholdengo|53/100
|-status|p2a: Gholdengo|par
|
|-heal|p1a: Zapdos|72/100|[from] item: Leftovers
|upkeep
|turn|14
|
|t:|1760378590
|move|p1a: Zapdos|Discharge|p2a: Gholdengo
|-damage|p2a: Gholdengo|14/100 par
|cant|p2a: Gholdengo|par
|
|-heal|p1a: Zapdos|79/100|[from] item: Leftovers
|upkeep
|turn|15
|
|t:|1760378598
|move|p1a: Zapdos|Discharge|p2a: Gholdengo
|-damage|p2a: Gholdengo|0 fnt
|faint|p2a: Gholdengo
|
|-heal|p1a: Zapdos|85/100|[from] item: Leftovers
|upkeep
|
|t:|1760378599
|switch|p2a: The Advocate|Glimmora, F|100/100
|-damage|p2a: The Advocate|88/100|[from] Stealth Rock
|turn|16
|
|t:|1760378612
|move|p2a: The Advocate|Power Gem|p1a: Zapdos
|-supereffective|p1a: Zapdos
|-damage|p1a: Zapdos|13/100
|move|p1a: Zapdos|Discharge|p2a: The Advocate
|-crit|p2a: The Advocate
|-damage|p2a: The Advocate|24/100
|-status|p2a: The Advocate|par
|
|-heal|p1a: Zapdos|19/100|[from] item: Leftovers
|upkeep
|turn|17
|c|☆earl5000|Bruh
|
|t:|1760378623
|move|p1a: Zapdos|Roost|p1a: Zapdos
|-heal|p1a: Zapdos|69/100
|-singleturn|p1a: Zapdos|move: Roost
|cant|p2a: The Advocate|par
|
|-heal|p1a: Zapdos|75/100|[from] item: Leftovers
|upkeep
|turn|18
|c|☆earl5000|Bruh
|c|☆earl5000|Fraud
|
|t:|1760378631
|move|p1a: Zapdos|Discharge|p2a: The Advocate
|-damage|p2a: The Advocate|0 fnt
|faint|p2a: The Advocate
|
|-heal|p1a: Zapdos|82/100|[from] item: Leftovers
|upkeep
|
|t:|1760378634
|switch|p2a: Iron Valiant|Iron Valiant|100/100
|-damage|p2a: Iron Valiant|94/100|[from] Stealth Rock
|-enditem|p2a: Iron Valiant|Booster Energy
|-activate|p2a: Iron Valiant|ability: Quark Drive|[fromitem]
|-start|p2a: Iron Valiant|quarkdrivespa
|turn|19
|
|t:|1760378644
|move|p2a: Iron Valiant|Calm Mind|p2a: Iron Valiant
|-boost|p2a: Iron Valiant|spa|1
|-boost|p2a: Iron Valiant|spd|1
|move|p1a: Zapdos|Discharge|p2a: Iron Valiant
|-damage|p2a: Iron Valiant|57/100
|-status|p2a: Iron Valiant|par
|
|-heal|p1a: Zapdos|88/100|[from] item: Leftovers
|upkeep
|turn|20
|c|☆earl5000|Nah i couldnt ever win
|
|t:|1760378658
|move|p1a: Zapdos|Protect|p1a: Zapdos
|-singleturn|p1a: Zapdos|Protect
|move|p2a: Iron Valiant|Moonblast|p1a: Zapdos
|-activate|p1a: Zapdos|move: Protect
|
|-heal|p1a: Zapdos|94/100|[from] item: Leftovers
|upkeep
|turn|21
|
|t:|1760378667
|move|p1a: Zapdos|Air Cutter|p2a: Iron Valiant
|-supereffective|p2a: Iron Valiant
|-damage|p2a: Iron Valiant|0 fnt
|faint|p2a: Iron Valiant
|-end|p2a: Iron Valiant|Quark Drive|[silent]
|
|-heal|p1a: Zapdos|100/100|[from] item: Leftovers
|upkeep
|-message|earl5000 forfeited.
|
|win|preppy dude
|raw|preppy dude's rating: 1359 &rarr; <strong>1381</strong><br />(+22 for winning)
|raw|earl5000's rating: 1394 &rarr; <strong>1372</strong><br />(-22 for losing)
