|j|☆tymkojo
|j|☆sizzly scizor
|t:|1760332339
|gametype|singles
|player|p1|tymkojo|iris|1170
|player|p2|sizzly scizor|nate|1162
|gen|9
|tier|[Gen 9] OU
|rated|
|rule|HP Percentage Mod: HP is shown in percentages
|rule|Endless Battle Clause: Forcing endless battles is banned
|rule|Species Clause: Limit one of each Pokémon
|rule|OHKO Clause: OHKO moves are banned
|rule|Evasion Items Clause: Evasion items are banned
|rule|Evasion Moves Clause: Evasion moves are banned
|rule|Evasion Abilities Clause: Evasion abilities are banned
|rule|Sleep Moves Clause: Sleep-inducing moves are banned
|clearpoke
|poke|p1|Ceruledge, F|
|poke|p1|Mimikyu, F|
|poke|p1|Pawmot, M|
|poke|p1|Great Tusk|
|poke|p1|Gliscor, M|
|poke|p1|Samurott-Hisui, M|
|poke|p2|Rotom-Heat|
|poke|p2|Haxorus, M|
|poke|p2|Arboliva, F|
|poke|p2|Sylveon, F|
|poke|p2|Corviknight, M|
|poke|p2|Greninja-*, M|
|teampreview
|inactive|Battle timer is ON: inactive players will automatically lose when time's up. (requested by sizzly scizor)
|
|t:|1760332349
|teamsize|p1|6
|teamsize|p2|6
|start
|switch|p1a: tokyami|Gliscor, M|100/100
|switch|p2a: Greninja|Greninja, M, shiny|100/100
|turn|1
|
|t:|1760332366
|-terastallize|p1a: tokyami|Water
|move|p2a: Greninja|Surf|p1a: tokyami
|-start|p2a: Greninja|typechange|Water|[from] ability: Protean
|-resisted|p1a: tokyami
|-damage|p1a: tokyami|67/100
|move|p1a: tokyami|Knock Off|p2a: Greninja
|-damage|p2a: Greninja|66/100
|-enditem|p2a: Greninja|Choice Specs|[from] move: Knock Off|[of] p1a: tokyami
|
|-status|p1a: tokyami|tox|[from] item: Toxic Orb
|upkeep
|turn|2
|
|t:|1760332379
|switch|p2a: Arboliva|Arboliva, F|100/100
|move|p1a: tokyami|Stealth Rock|p2a: Arboliva
|-sidestart|p2: sizzly scizor|move: Stealth Rock
|
|-heal|p1a: tokyami|79/100 tox|[from] ability: Poison Heal
|upkeep
|turn|3
|
|t:|1760332389
|switch|p1a: Bakugo|Ceruledge, F, shiny|100/100
|move|p2a: Arboliva|Earth Power|p1a: Bakugo
|-supereffective|p1a: Bakugo
|-damage|p1a: Bakugo|33/100
|
|upkeep
|turn|4
|
|t:|1760332397
|move|p1a: Bakugo|Bitter Blade|p2a: Arboliva
|-supereffective|p2a: Arboliva
|-damage|p2a: Arboliva|20/100
|-heal|p1a: Bakugo|75/100|[from] drain|[of] p2a: Arboliva
|-fieldstart|move: Grassy Terrain|[from] ability: Seed Sower|[of] p2a: Arboliva
|move|p2a: Arboliva|Earth Power|p1a: Bakugo
|-supereffective|p1a: Bakugo
|-crit|p1a: Bakugo
|-damage|p1a: Bakugo|0 fnt
|faint|p1a: Bakugo
|
|-heal|p2a: Arboliva|26/100|[from] Grassy Terrain
|upkeep
|
|t:|1760332412
|switch|p1a: Allmight|Pawmot, M|100/100
|turn|5
|
|t:|1760332420
|move|p1a: Allmight|Fake Out|p2a: Arboliva
|-damage|p2a: Arboliva|12/100
|-damage|p1a: Allmight|91/100|[from] item: Life Orb
|cant|p2a: Arboliva|flinch
|
|-heal|p1a: Allmight|97/100|[from] Grassy Terrain
|-heal|p2a: Arboliva|18/100|[from] Grassy Terrain
|upkeep
|turn|6
|
|t:|1760332428
|move|p1a: Allmight|Mach Punch|p2a: Arboliva
|-supereffective|p2a: Arboliva
|-damage|p2a: Arboliva|0 fnt
|faint|p2a: Arboliva
|-damage|p1a: Allmight|87/100|[from] item: Life Orb
|
|-heal|p1a: Allmight|93/100|[from] Grassy Terrain
|upkeep
|
|t:|1760332438
|switch|p2a: Sylveon|Sylveon, F|100/100
|-damage|p2a: Sylveon|88/100|[from] Stealth Rock
|turn|7
|
|t:|1760332445
|move|p1a: Allmight|Double Shock|p2a: Sylveon
|-damage|p2a: Sylveon|0 fnt
|-start|p1a: Allmight|typechange|???/Fighting|[from] move: Double Shock
|faint|p2a: Sylveon
|-damage|p1a: Allmight|83/100|[from] item: Life Orb
|
|-heal|p1a: Allmight|89/100|[from] Grassy Terrain
|upkeep
|
|t:|1760332462
|switch|p2a: Corviknight|Corviknight, M, shiny|100/100
|-damage|p2a: Corviknight|88/100|[from] Stealth Rock
|turn|8
|
|t:|1760332468
|switch|p1a: tokyami|Gliscor, M, tera:Water|79/100 tox
|move|p2a: Corviknight|Brave Bird|p1a: tokyami
|-damage|p1a: tokyami|58/100 tox
|-damage|p2a: Corviknight|81/100|[from] Recoil
|
|-heal|p1a: tokyami|64/100 tox|[from] Grassy Terrain
|-heal|p1a: tokyami|76/100 tox|[from] ability: Poison Heal
|-fieldend|move: Grassy Terrain
|upkeep
|turn|9
|
|t:|1760332480
|move|p1a: tokyami|Knock Off|p2a: Corviknight
|-damage|p2a: Corviknight|66/100
|-damage|p1a: tokyami|60/100 tox|[from] item: Rocky Helmet|[of] p2a: Corviknight
|-enditem|p2a: Corviknight|Rocky Helmet|[from] move: Knock Off|[of] p1a: tokyami
|move|p2a: Corviknight|Defog|p1a: tokyami
|-unboost|p1a: tokyami|evasion|1
|-sideend|p2: sizzly scizor|Stealth Rock|[from] move: Defog|[of] p2a: Corviknight
|
|-heal|p1a: tokyami|72/100 tox|[from] ability: Poison Heal
|upkeep
|turn|10
|
|t:|1760332489
|move|p1a: tokyami|Stealth Rock|p2a: Corviknight
|-sidestart|p2: sizzly scizor|move: Stealth Rock
|move|p2a: Corviknight|Roost|p2a: Corviknight
|-heal|p2a: Corviknight|100/100
|-singleturn|p2a: Corviknight|move: Roost
|
|-heal|p1a: tokyami|85/100 tox|[from] ability: Poison Heal
|upkeep
|turn|11
|
|t:|1760332503
|switch|p1a: aizowa|Samurott-Hisui, M, shiny|100/100
|move|p2a: Corviknight|Defog|p1a: aizowa
|-unboost|p1a: aizowa|evasion|1
|-sideend|p2: sizzly scizor|Stealth Rock|[from] move: Defog|[of] p2a: Corviknight
|
|upkeep
|turn|12
|
|t:|1760332512
|move|p1a: aizowa|Razor Shell|p2a: Corviknight
|-damage|p2a: Corviknight|64/100
|-ability|p2a: Corviknight|Mirror Armor
|-unboost|p1a: aizowa|def|1
|move|p2a: Corviknight|Iron Head|p1a: aizowa
|-resisted|p1a: aizowa
|-damage|p1a: aizowa|75/100
|
|upkeep
|turn|13
|
|t:|1760332521
|switch|p2a: Haxorus|Haxorus, M|100/100
|-ability|p2a: Haxorus|Mold Breaker
|move|p1a: aizowa|Ceaseless Edge|p2a: Haxorus
|-damage|p2a: Haxorus|41/100
|-sidestart|p2: sizzly scizor|Spikes
|
|upkeep
|turn|14
|
|t:|1760332536
|switch|p1a: tokyami|Gliscor, M, tera:Water|85/100 tox
|move|p2a: Haxorus|Scale Shot|p1a: tokyami
|-damage|p1a: tokyami|76/100 tox
|-damage|p1a: tokyami|67/100 tox
|-damage|p1a: tokyami|58/100 tox
|-damage|p1a: tokyami|48/100 tox
|-damage|p1a: tokyami|39/100 tox
|-hitcount|p1a: tokyami|5
|-unboost|p2a: Haxorus|def|1
|-boost|p2a: Haxorus|spe|1
|
|-heal|p1a: tokyami|51/100 tox|[from] ability: Poison Heal
|upkeep
|turn|15
|
|t:|1760332553
|switch|p2a: Rotom|Rotom-Heat|100/100
|move|p1a: tokyami|Knock Off|p2a: Rotom
|-damage|p2a: Rotom|77/100
|-enditem|p2a: Rotom|Wide Lens|[from] move: Knock Off|[of] p1a: tokyami
|
|-heal|p1a: tokyami|64/100 tox|[from] ability: Poison Heal
|upkeep
|turn|16
|
|t:|1760332563
|switch|p1a: Overhaul|Great Tusk|100/100
|-enditem|p1a: Overhaul|Booster Energy
|-activate|p1a: Overhaul|ability: Protosynthesis|[fromitem]
|-start|p1a: Overhaul|protosynthesisatk
|move|p2a: Rotom|Will-O-Wisp|p1a: Overhaul
|-status|p1a: Overhaul|brn
|
|-damage|p1a: Overhaul|94/100 brn|[from] brn
|upkeep
|turn|17
|
|t:|1760332579
|-end|p1a: Overhaul|Protosynthesis|[silent]
|switch|p1a: tokyami|Gliscor, M, tera:Water|64/100 tox
|switch|p2a: Corviknight|Corviknight, M, shiny|64/100
|
|-heal|p1a: tokyami|76/100 tox|[from] ability: Poison Heal
|upkeep
|turn|18
|
|t:|1760332588
|move|p1a: tokyami|Stealth Rock|p2a: Corviknight
|-sidestart|p2: sizzly scizor|move: Stealth Rock
|move|p2a: Corviknight|Roost|p2a: Corviknight
|-heal|p2a: Corviknight|100/100
|-singleturn|p2a: Corviknight|move: Roost
|
|-heal|p1a: tokyami|89/100 tox|[from] ability: Poison Heal
|upkeep
|turn|19
|
|t:|1760332596
|move|p1a: tokyami|Knock Off|p2a: Corviknight
|-damage|p2a: Corviknight|90/100
|move|p2a: Corviknight|Defog|p1a: tokyami
|-unboost|p1a: tokyami|evasion|1
|-sideend|p2: sizzly scizor|Spikes|[from] move: Defog|[of] p2a: Corviknight
|-sideend|p2: sizzly scizor|Stealth Rock|[from] move: Defog|[of] p2a: Corviknight
|
|-heal|p1a: tokyami|100/100 tox|[from] ability: Poison Heal
|upkeep
|turn|20
|
|t:|1760332604
|switch|p2a: Rotom|Rotom-Heat|77/100
|move|p1a: tokyami|Stealth Rock|p2a: Rotom
|-sidestart|p2: sizzly scizor|move: Stealth Rock
|
|upkeep
|turn|21
|
|t:|1760332618
|move|p1a: tokyami|Knock Off|p2a: Rotom
|-damage|p2a: Rotom|62/100
|move|p2a: Rotom|Volt Switch|p1a: tokyami
|-supereffective|p1a: tokyami
|-damage|p1a: tokyami|30/100 tox
|
|t:|1760332625
|switch|p2a: Greninja|Greninja, M, shiny|66/100|[from] Volt Switch
|-damage|p2a: Greninja|53/100|[from] Stealth Rock
|
|-heal|p1a: tokyami|43/100 tox|[from] ability: Poison Heal
|upkeep
|turn|22
|
|t:|1760332633
|move|p2a: Greninja|Dark Pulse|p1a: tokyami
|-start|p2a: Greninja|typechange|Dark|[from] ability: Protean
|-damage|p1a: tokyami|0 fnt
|faint|p1a: tokyami
|
|upkeep
|
|t:|1760332639
|switch|p1a: Allmight|Pawmot, M|89/100
|turn|23
|
|t:|1760332646
|switch|p2a: Rotom|Rotom-Heat|62/100
|-damage|p2a: Rotom|37/100|[from] Stealth Rock
|move|p1a: Allmight|Mach Punch|p2a: Rotom
|-damage|p2a: Rotom|4/100
|-damage|p1a: Allmight|79/100|[from] item: Life Orb
|
|upkeep
|turn|24
|
|t:|1760332653
|move|p1a: Allmight|Mach Punch|p2a: Rotom
|-damage|p2a: Rotom|0 fnt
|faint|p2a: Rotom
|-damage|p1a: Allmight|69/100|[from] item: Life Orb
|
|upkeep
|
|t:|1760332656
|switch|p2a: Haxorus|Haxorus, M|41/100
|-damage|p2a: Haxorus|29/100|[from] Stealth Rock
|-ability|p2a: Haxorus|Mold Breaker
|turn|25
|
|t:|1760332666
|move|p1a: Allmight|Ice Punch|p2a: Haxorus
|-supereffective|p2a: Haxorus
|-damage|p2a: Haxorus|0 fnt
|faint|p2a: Haxorus
|-damage|p1a: Allmight|59/100|[from] item: Life Orb
|
|upkeep
|
|t:|1760332672
|switch|p2a: Greninja|Greninja, M, shiny|53/100
|-damage|p2a: Greninja|41/100|[from] Stealth Rock
|turn|26
|
|t:|1760332675
|-terastallize|p2a: Greninja|Water
|move|p1a: Allmight|Mach Punch|p2a: Greninja
|-damage|p2a: Greninja|0 fnt
|faint|p2a: Greninja
|-damage|p1a: Allmight|49/100|[from] item: Life Orb
|
|upkeep
|-message|sizzly scizor forfeited.
|
|win|tymkojo
|raw|tymkojo's rating: 1170 &rarr; <strong>1194</strong><br />(+24 for winning)
|raw|sizzly scizor's rating: 1162 &rarr; <strong>1138</strong><br />(-24 for losing)
|l|☆sizzly scizor
|player|p2|
|l|☆tymkojo
|player|p1|
