|j|☆ivanl2r2a
|j|☆Imperator Akashi
|t:|1760389946
|gametype|singles
|player|p1|ivanl2r2a|101|1077
|player|p2|Imperator Akashi|2|1075
|gen|9
|tier|[Gen 9] OU
|rated|
|rule|HP Percentage Mod: HP is shown in percentages
|rule|Endless Battle Clause: Forcing endless battles is banned
|rule|Species Clause: Limit one of each Pokémon
|rule|OHKO Clause: OHKO moves are banned
|rule|Evasion Items Clause: Evasion items are banned
|rule|Evasion Moves Clause: Evasion moves are banned
|rule|Evasion Abilities Clause: Evasion abilities are banned
|rule|Sleep Moves Clause: Sleep-inducing moves are banned
|clearpoke
|poke|p1|Swampert, M|
|poke|p1|Hariyama, F|
|poke|p1|Charizard, F|
|poke|p1|Ivysaur, F|
|poke|p1|Vikavolt, M|
|poke|p1|Avalugg-Hisui, M|
|poke|p2|Ceruledge, F|
|poke|p2|Tyranitar, M|
|poke|p2|Great Tusk|
|poke|p2|Rotom-Wash|
|poke|p2|Gholdengo|
|poke|p2|Amoonguss, M|
|teampreview
|
|t:|1760389962
|teamsize|p1|6
|teamsize|p2|6
|start
|switch|p1a: Charizard|Charizard, F|100/100
|switch|p2a: Tyranitar|Tyranitar, M|100/100
|-weather|Sandstorm|[from] ability: Sand Stream|[of] p2a: Tyranitar
|turn|1
|
|t:|1760389980
|-terastallize|p1a: Charizard|Rock
|move|p1a: Charizard|Earthquake|p2a: Tyranitar
|-supereffective|p2a: Tyranitar
|-damage|p2a: Tyranitar|67/100
|move|p2a: Tyranitar|Stealth Rock|p1a: Charizard
|-sidestart|p1: ivanl2r2a|move: Stealth Rock
|
|-weather|Sandstorm|[upkeep]
|-heal|p2a: Tyranitar|73/100|[from] item: Leftovers
|upkeep
|turn|2
|
|t:|1760389997
|move|p1a: Charizard|Earthquake|p2a: Tyranitar
|-supereffective|p2a: Tyranitar
|-damage|p2a: Tyranitar|38/100
|move|p2a: Tyranitar|Thunder Wave|p1a: Charizard|[miss]
|-miss|p2a: Tyranitar|p1a: Charizard
|
|-weather|Sandstorm|[upkeep]
|-heal|p2a: Tyranitar|45/100|[from] item: Leftovers
|upkeep
|turn|3
|
|t:|1760390006
|move|p1a: Charizard|Earthquake|p2a: Tyranitar
|-supereffective|p2a: Tyranitar
|-damage|p2a: Tyranitar|9/100
|move|p2a: Tyranitar|Thunder Wave|p1a: Charizard|[miss]
|-miss|p2a: Tyranitar|p1a: Charizard
|
|-weather|Sandstorm|[upkeep]
|-heal|p2a: Tyranitar|15/100|[from] item: Leftovers
|upkeep
|turn|4
|
|t:|1760390015
|move|p1a: Charizard|Earthquake|p2a: Tyranitar
|-supereffective|p2a: Tyranitar
|-damage|p2a: Tyranitar|0 fnt
|faint|p2a: Tyranitar
|
|-weather|Sandstorm|[upkeep]
|upkeep
|
|t:|1760390019
|switch|p2a: Rotom|Rotom-Wash|100/100
|turn|5
|
|t:|1760390035
|move|p2a: Rotom|Will-O-Wisp|p1a: Charizard
|-status|p1a: Charizard|brn
|move|p1a: Charizard|Earthquake|p2a: Rotom
|-immune|p2a: Rotom|[from] ability: Levitate
|
|-weather|none
|-damage|p1a: Charizard|94/100 brn|[from] brn
|upkeep
|turn|6
|
|t:|1760390048
|switch|p1a: Ivysaur|Ivysaur, F|100/100
|-damage|p1a: Ivysaur|88/100|[from] Stealth Rock
|move|p2a: Rotom|Hydro Pump|p1a: Ivysaur
|-resisted|p1a: Ivysaur
|-damage|p1a: Ivysaur|58/100
|
|upkeep
|turn|7
|
|t:|1760390057
|switch|p2a: Amoonguss|Amoonguss, M|100/100
|move|p1a: Ivysaur|Leaf Storm|p2a: Amoonguss
|-resisted|p2a: Amoonguss
|-damage|p2a: Amoonguss|94/100
|-unboost|p1a: Ivysaur|spa|2
|
|-heal|p2a: Amoonguss|99/100|[from] item: Leftovers
|upkeep
|turn|8
|
|t:|1760390074
|move|p1a: Ivysaur|Sludge Bomb|p2a: Amoonguss
|-damage|p2a: Amoonguss|90/100
|move|p2a: Amoonguss|Giga Drain|p1a: Ivysaur
|-resisted|p1a: Ivysaur
|-damage|p1a: Ivysaur|50/100
|-heal|p2a: Amoonguss|93/100|[from] drain|[of] p1a: Ivysaur
|
|-heal|p2a: Amoonguss|99/100|[from] item: Leftovers
|upkeep
|turn|9
|
|t:|1760390080
|move|p1a: Ivysaur|Charm|p2a: Amoonguss
|-unboost|p2a: Amoonguss|atk|2
|move|p2a: Amoonguss|Giga Drain|p1a: Ivysaur
|-resisted|p1a: Ivysaur
|-damage|p1a: Ivysaur|43/100
|-heal|p2a: Amoonguss|100/100|[from] drain|[of] p1a: Ivysaur
|
|upkeep
|turn|10
|
|t:|1760390091
|switch|p1a: Charizard|Charizard, F, tera:Rock|94/100 brn
|-damage|p1a: Charizard|82/100 brn|[from] Stealth Rock
|move|p2a: Amoonguss|Giga Drain|p1a: Charizard
|-supereffective|p1a: Charizard
|-damage|p1a: Charizard|32/100 brn
|
|-damage|p1a: Charizard|26/100 brn|[from] brn
|upkeep
|turn|11
|
|t:|1760390095
|move|p1a: Charizard|Flare Blitz|p2a: Amoonguss
|-supereffective|p2a: Amoonguss
|-damage|p2a: Amoonguss|39/100
|-damage|p1a: Charizard|0 fnt|[from] Recoil
|faint|p1a: Charizard
|move|p2a: Amoonguss|Giga Drain|p1: Charizard|[notarget]
|-fail|p2a: Amoonguss
|
|-heal|p2a: Amoonguss|46/100|[from] item: Leftovers
|upkeep
|
|t:|1760390108
|switch|p1a: Vikavolt|Vikavolt, M|100/100
|-damage|p1a: Vikavolt|76/100|[from] Stealth Rock
|turn|12
|
|t:|1760390114
|move|p1a: Vikavolt|Bug Buzz|p2a: Amoonguss
|-damage|p2a: Amoonguss|17/100
|move|p2a: Amoonguss|Giga Drain|p1a: Vikavolt
|-resisted|p1a: Vikavolt
|-damage|p1a: Vikavolt|61/100
|-heal|p2a: Amoonguss|22/100|[from] drain|[of] p1a: Vikavolt
|
|-heal|p2a: Amoonguss|29/100|[from] item: Leftovers
|upkeep
|turn|13
|
|t:|1760390124
|move|p1a: Vikavolt|Bug Buzz|p2a: Amoonguss
|-damage|p2a: Amoonguss|1/100
|move|p2a: Amoonguss|Synthesis|p2a: Amoonguss
|-heal|p2a: Amoonguss|51/100
|
|-heal|p2a: Amoonguss|57/100|[from] item: Leftovers
|upkeep
|turn|14
|
|t:|1760390130
|move|p1a: Vikavolt|Thunder|p2a: Amoonguss|[miss]
|-miss|p1a: Vikavolt|p2a: Amoonguss
|move|p2a: Amoonguss|Toxic|p1a: Vikavolt
|-status|p1a: Vikavolt|tox
|
|-heal|p2a: Amoonguss|63/100|[from] item: Leftovers
|-damage|p1a: Vikavolt|55/100 tox|[from] psn
|upkeep
|turn|15
|
|t:|1760390135
|move|p1a: Vikavolt|Thunder|p2a: Amoonguss
|-resisted|p2a: Amoonguss
|-damage|p2a: Amoonguss|44/100
|-status|p2a: Amoonguss|par
|move|p2a: Amoonguss|Synthesis|p2a: Amoonguss
|-heal|p2a: Amoonguss|94/100 par
|
|-heal|p2a: Amoonguss|100/100 par|[from] item: Leftovers
|-damage|p1a: Vikavolt|43/100 tox|[from] psn
|upkeep
|turn|16
|
|t:|1760390140
|move|p1a: Vikavolt|Bug Buzz|p2a: Amoonguss
|-damage|p2a: Amoonguss|71/100 par
|cant|p2a: Amoonguss|par
|
|-heal|p2a: Amoonguss|78/100 par|[from] item: Leftovers
|-damage|p1a: Vikavolt|24/100 tox|[from] psn
|upkeep
|turn|17
|
|t:|1760390144
|move|p1a: Vikavolt|Bug Buzz|p2a: Amoonguss
|-damage|p2a: Amoonguss|47/100 par
|cant|p2a: Amoonguss|par
|
|-heal|p2a: Amoonguss|53/100 par|[from] item: Leftovers
|-damage|p1a: Vikavolt|0 fnt|[from] psn
|faint|p1a: Vikavolt
|upkeep
|
|t:|1760390164
|switch|p1a: Avalugg|Avalugg-Hisui, M|100/100
|-damage|p1a: Avalugg|76/100|[from] Stealth Rock
|turn|18
|
|t:|1760390195
|switch|p2a: Great Tusk|Great Tusk|100/100
|-enditem|p2a: Great Tusk|Booster Energy
|-activate|p2a: Great Tusk|ability: Protosynthesis|[fromitem]
|-start|p2a: Great Tusk|protosynthesisdef
|move|p1a: Avalugg|Blizzard|p2a: Great Tusk
|-supereffective|p2a: Great Tusk
|-damage|p2a: Great Tusk|36/100
|-status|p2a: Great Tusk|frz
|
|upkeep
|turn|19
|
|t:|1760390232
|cant|p2a: Great Tusk|frz
|move|p1a: Avalugg|Blizzard|p2a: Great Tusk
|-supereffective|p2a: Great Tusk
|-damage|p2a: Great Tusk|0 fnt
|faint|p2a: Great Tusk
|-end|p2a: Great Tusk|Protosynthesis|[silent]
|
|upkeep
|
|t:|1760390239
|switch|p2a: Amoonguss|Amoonguss, M|87/100 par
|turn|20
|
|t:|1760390242
|move|p1a: Avalugg|Blizzard|p2a: Amoonguss
|-supereffective|p2a: Amoonguss
|-damage|p2a: Amoonguss|57/100 par
|move|p2a: Amoonguss|Toxic|p1a: Avalugg
|-status|p1a: Avalugg|tox
|
|-heal|p2a: Amoonguss|64/100 par|[from] item: Leftovers
|-damage|p1a: Avalugg|70/100 tox|[from] psn
|upkeep
|turn|21
|
|t:|1760390247
|move|p1a: Avalugg|Blizzard|p2a: Amoonguss
|-supereffective|p2a: Amoonguss
|-damage|p2a: Amoonguss|34/100 par
|move|p2a: Amoonguss|Synthesis|p2a: Amoonguss
|-heal|p2a: Amoonguss|84/100 par
|
|-heal|p2a: Amoonguss|90/100 par|[from] item: Leftovers
|-damage|p1a: Avalugg|58/100 tox|[from] psn
|upkeep
|turn|22
|
|t:|1760390254
|move|p1a: Avalugg|Blizzard|p2a: Amoonguss
|-supereffective|p2a: Amoonguss
|-damage|p2a: Amoonguss|61/100 par
|cant|p2a: Amoonguss|par
|
|-heal|p2a: Amoonguss|67/100 par|[from] item: Leftovers
|-damage|p1a: Avalugg|40/100 tox|[from] psn
|upkeep
|turn|23
|
|t:|1760390259
|move|p1a: Avalugg|Blizzard|p2a: Amoonguss
|-supereffective|p2a: Amoonguss
|-damage|p2a: Amoonguss|37/100 par
|cant|p2a: Amoonguss|par
|
|-heal|p2a: Amoonguss|44/100 par|[from] item: Leftovers
|-damage|p1a: Avalugg|16/100 tox|[from] psn
|upkeep
|turn|24
|
|t:|1760390267
|move|p1a: Avalugg|Blizzard|p2a: Amoonguss
|-supereffective|p2a: Amoonguss
|-damage|p2a: Amoonguss|14/100 par
|move|p2a: Amoonguss|Synthesis|p2a: Amoonguss
|-heal|p2a: Amoonguss|64/100 par
|
|-heal|p2a: Amoonguss|70/100 par|[from] item: Leftovers
|-damage|p1a: Avalugg|0 fnt|[from] psn
|faint|p1a: Avalugg
|upkeep
|
|t:|1760390277
|switch|p1a: Hariyama|Hariyama, F|100/100
|-damage|p1a: Hariyama|94/100|[from] Stealth Rock
|turn|25
|
|t:|1760390305
|move|p1a: Hariyama|Close Combat|p2a: Amoonguss
|-resisted|p2a: Amoonguss
|-damage|p2a: Amoonguss|41/100 par
|-unboost|p1a: Hariyama|def|1
|-unboost|p1a: Hariyama|spd|1
|move|p2a: Amoonguss|Toxic|p1a: Hariyama
|-status|p1a: Hariyama|tox
|
|-heal|p2a: Amoonguss|47/100 par|[from] item: Leftovers
|-damage|p1a: Hariyama|88/100 tox|[from] psn
|upkeep
|turn|26
|
|t:|1760390311
|move|p1a: Hariyama|Close Combat|p2a: Amoonguss
|-resisted|p2a: Amoonguss
|-damage|p2a: Amoonguss|17/100 par
|-unboost|p1a: Hariyama|def|1
|-unboost|p1a: Hariyama|spd|1
|move|p2a: Amoonguss|Synthesis|p2a: Amoonguss
|-heal|p2a: Amoonguss|67/100 par
|
|-heal|p2a: Amoonguss|74/100 par|[from] item: Leftovers
|-damage|p1a: Hariyama|76/100 tox|[from] psn
|upkeep
|turn|27
|
|t:|1760390320
|move|p1a: Hariyama|Close Combat|p2a: Amoonguss
|-resisted|p2a: Amoonguss
|-damage|p2a: Amoonguss|42/100 par
|-unboost|p1a: Hariyama|def|1
|-unboost|p1a: Hariyama|spd|1
|move|p2a: Amoonguss|Synthesis|p2a: Amoonguss
|-heal|p2a: Amoonguss|92/100 par
|
|-heal|p2a: Amoonguss|99/100 par|[from] item: Leftovers
|-damage|p1a: Hariyama|58/100 tox|[from] psn
|upkeep
|turn|28
|
|t:|1760390333
|move|p1a: Hariyama|Close Combat|p2a: Amoonguss
|-resisted|p2a: Amoonguss
|-damage|p2a: Amoonguss|69/100 par
|-unboost|p1a: Hariyama|def|1
|-unboost|p1a: Hariyama|spd|1
|move|p2a: Amoonguss|Clear Smog|p1a: Hariyama
|-damage|p1a: Hariyama|10/100 tox
|-clearboost|p1a: Hariyama
|
|-heal|p2a: Amoonguss|75/100 par|[from] item: Leftovers
|-damage|p1a: Hariyama|0 fnt|[from] psn
|faint|p1a: Hariyama
|upkeep
|
|t:|1760390340
|switch|p1a: Swampert|Swampert, M|100/100
|-damage|p1a: Swampert|94/100|[from] Stealth Rock
|turn|29
|
|t:|1760390350
|move|p1a: Swampert|Blizzard|p2a: Amoonguss
|-supereffective|p2a: Amoonguss
|-damage|p2a: Amoonguss|42/100 par
|move|p2a: Amoonguss|Toxic|p1a: Swampert
|-status|p1a: Swampert|tox
|
|-heal|p2a: Amoonguss|48/100 par|[from] item: Leftovers
|-damage|p1a: Swampert|88/100 tox|[from] psn
|upkeep
|turn|30
|
|t:|1760390366
|move|p1a: Swampert|Blizzard|p2a: Amoonguss
|-supereffective|p2a: Amoonguss
|-damage|p2a: Amoonguss|18/100 par
|move|p2a: Amoonguss|Giga Drain|p1a: Swampert
|-supereffective|p1a: Swampert
|-damage|p1a: Swampert|3/100 tox
|-heal|p2a: Amoonguss|55/100 par|[from] drain|[of] p1a: Swampert
|
|-heal|p2a: Amoonguss|61/100 par|[from] item: Leftovers
|-damage|p1a: Swampert|0 fnt|[from] psn
|faint|p1a: Swampert
|upkeep
|
|t:|1760390372
|switch|p1a: Ivysaur|Ivysaur, F|43/100
|-damage|p1a: Ivysaur|30/100|[from] Stealth Rock
|turn|31
|-message|ivanl2r2a forfeited.
|
|win|Imperator Akashi
|raw|ivanl2r2a's rating: 1077 &rarr; <strong>1055</strong><br />(-22 for losing)
|raw|Imperator Akashi's rating: 1075 &rarr; <strong>1104</strong><br />(+29 for winning)
|l|☆ivanl2r2a
|player|p1|
|l|☆Imperator Akashi
|player|p2|
