|j|☆Yoruichibs
|j|☆Randomizer15
|t:|1760379857
|gametype|singles
|player|p1|Yoruichibs|pokemonrangerf|1306
|player|p2|Randomizer15|101|1325
|gen|9
|tier|[Gen 9] OU
|rated|
|rule|HP Percentage Mod: HP is shown in percentages
|rule|Endless Battle Clause: Forcing endless battles is banned
|rule|Species Clause: Limit one of each Pokémon
|rule|OHKO Clause: OHKO moves are banned
|rule|Evasion Items Clause: Evasion items are banned
|rule|Evasion Moves Clause: Evasion moves are banned
|rule|Evasion Abilities Clause: Evasion abilities are banned
|rule|Sleep Moves Clause: Sleep-inducing moves are banned
|clearpoke
|poke|p1|Ogerpon-Wellspring, F|
|poke|p1|Hatterene, F|
|poke|p1|Landorus-Therian, M|
|poke|p1|Dragapult, F|
|poke|p1|Zamazenta-*|
|poke|p1|Cinderace, F|
|poke|p2|Mimikyu, F|
|poke|p2|Bellossom, M|
|poke|p2|Glimmora, M|
|poke|p2|Ting-Lu|
|poke|p2|Kingambit, M|
|poke|p2|Iron Crown|
|teampreview
|
|t:|1760379869
|teamsize|p1|6
|teamsize|p2|6
|start
|switch|p1a: Love Yourz|Cinderace, F|100/100
|switch|p2a: Glimmora|Glimmora, M|100/100
|turn|1
|inactive|Battle timer is ON: inactive players will automatically lose when time's up. (requested by Yoruichibs)
|
|t:|1760379875
|switch|p1a: Work Out|Landorus-Therian, M|100/100
|-ability|p1a: Work Out|Intimidate|boost
|-unboost|p2a: Glimmora|atk|1
|move|p2a: Glimmora|Sludge Wave|p1a: Work Out
|-resisted|p1a: Work Out
|-damage|p1a: Work Out|82/100
|
|upkeep
|turn|2
|
|t:|1760379882
|move|p2a: Glimmora|Spiky Shield|p2a: Glimmora
|-singleturn|p2a: Glimmora|move: Protect
|move|p1a: Work Out|Taunt|p2a: Glimmora
|-activate|p2a: Glimmora|move: Protect
|
|upkeep
|turn|3
|
|t:|1760379887
|move|p1a: Work Out|Taunt|p2a: Glimmora
|-start|p2a: Glimmora|move: Taunt
|move|p2a: Glimmora|Mortal Spin|p1a: Work Out
|-resisted|p1a: Work Out
|-damage|p1a: Work Out|80/100
|-status|p1a: Work Out|psn
|-damage|p2a: Glimmora|84/100|[from] item: Rocky Helmet|[of] p1a: Work Out
|
|-damage|p1a: Work Out|68/100 psn|[from] psn
|upkeep
|turn|4
|
|t:|1760379896
|switch|p2a: Bellossom|Bellossom, M|100/100
|move|p1a: Work Out|Stealth Rock|p2a: Bellossom
|-sidestart|p2: Randomizer15|move: Stealth Rock
|
|-damage|p1a: Work Out|56/100 psn|[from] psn
|upkeep
|turn|5
|
|t:|1760379903
|move|p1a: Work Out|U-turn|p2a: Bellossom
|-supereffective|p2a: Bellossom
|-damage|p2a: Bellossom|60/100
|
|t:|1760379905
|switch|p1a: Love Yourz|Cinderace, F|100/100|[from] U-turn
|move|p2a: Bellossom|Quiver Dance|p2a: Bellossom
|-boost|p2a: Bellossom|spa|1
|-boost|p2a: Bellossom|spd|1
|-boost|p2a: Bellossom|spe|1
|
|upkeep
|turn|6
|
|t:|1760379921
|-terastallize|p2a: Bellossom|Poison
|move|p1a: Love Yourz|Pyro Ball|p2a: Bellossom
|-damage|p2a: Bellossom|15/100
|move|p2a: Bellossom|Quiver Dance|p2a: Bellossom
|-boost|p2a: Bellossom|spa|1
|-boost|p2a: Bellossom|spd|1
|-boost|p2a: Bellossom|spe|1
|
|upkeep
|turn|7
|
|t:|1760379935
|switch|p1a: Work Out|Landorus-Therian, M|56/100 psn
|-ability|p1a: Work Out|Intimidate|boost
|-unboost|p2a: Bellossom|atk|1
|move|p2a: Bellossom|Strength Sap|p1a: Work Out
|-unboost|p1a: Work Out|atk|1
|-heal|p2a: Bellossom|98/100
|
|-damage|p1a: Work Out|43/100 psn|[from] psn
|upkeep
|turn|8
|
|t:|1760379947
|move|p2a: Bellossom|Giga Drain|p1a: Work Out
|-damage|p1a: Work Out|0 fnt
|-heal|p2a: Bellossom|100/100|[from] drain|[of] p1a: Work Out
|faint|p1a: Work Out
|
|upkeep
|
|t:|1760379950
|switch|p1a: Wet Dreamz|Ogerpon-Wellspring, F|100/100
|turn|9
|
|t:|1760379954
|move|p2a: Bellossom|Sludge Bomb|p1a: Wet Dreamz
|-supereffective|p1a: Wet Dreamz
|-damage|p1a: Wet Dreamz|0 fnt
|faint|p1a: Wet Dreamz
|
|upkeep
|
|t:|1760379959
|switch|p1a: Power Trip|Dragapult, F|100/100
|turn|10
|
|t:|1760379965
|move|p2a: Bellossom|Sludge Bomb|p1a: Power Trip
|-resisted|p1a: Power Trip
|-damage|p1a: Power Trip|60/100
|move|p1a: Power Trip|Draco Meteor|p2a: Bellossom
|-damage|p2a: Bellossom|61/100
|-unboost|p1a: Power Trip|spa|2
|
|upkeep
|turn|11
|
|t:|1760379973
|switch|p1a: She knows|Hatterene, F|100/100
|move|p2a: Bellossom|Sludge Bomb|p1a: She knows
|-supereffective|p1a: She knows
|-damage|p1a: She knows|0 fnt
|faint|p1a: She knows
|
|upkeep
|
|t:|1760379981
|switch|p1a: Power Trip|Dragapult, F|60/100
|turn|12
|
|t:|1760379983
|move|p2a: Bellossom|Strength Sap|p1a: Power Trip
|-unboost|p1a: Power Trip|atk|1
|-heal|p2a: Bellossom|100/100
|move|p1a: Power Trip|Draco Meteor|p2a: Bellossom
|-crit|p2a: Bellossom
|-damage|p2a: Bellossom|0 fnt
|-unboost|p1a: Power Trip|spa|2
|faint|p2a: Bellossom
|
|upkeep
|
|t:|1760379993
|switch|p2a: Glimmora|Glimmora, M|84/100
|turn|13
|
|t:|1760379995
|move|p1a: Power Trip|Draco Meteor|p2a: Glimmora|[miss]
|-miss|p1a: Power Trip|p2a: Glimmora
|move|p2a: Glimmora|Mortal Spin|p1a: Power Trip
|-resisted|p1a: Power Trip
|-damage|p1a: Power Trip|56/100
|-status|p1a: Power Trip|psn
|-sideend|p2: Randomizer15|Stealth Rock|[from] move: Mortal Spin|[of] p2a: Glimmora
|
|-damage|p1a: Power Trip|43/100 psn|[from] psn
|upkeep
|turn|14
|
|t:|1760380001
|move|p1a: Power Trip|Draco Meteor|p2a: Glimmora
|-damage|p2a: Glimmora|38/100
|-unboost|p1a: Power Trip|spa|2
|move|p2a: Glimmora|Stealth Rock|p1a: Power Trip
|-sidestart|p1: Yoruichibs|move: Stealth Rock
|
|-damage|p1a: Power Trip|31/100 psn|[from] psn
|upkeep
|turn|15
|
|t:|1760380007
|switch|p1a: Love Yourz|Cinderace, F|100/100
|move|p2a: Glimmora|Sludge Wave|p1a: Love Yourz
|-damage|p1a: Love Yourz|53/100
|
|upkeep
|turn|16
|
|t:|1760380014
|move|p1a: Love Yourz|Pyro Ball|p2a: Glimmora
|-resisted|p2a: Glimmora
|-damage|p2a: Glimmora|16/100
|-activate|p2a: Glimmora|ability: Toxic Debris
|-sidestart|p1: Yoruichibs|move: Toxic Spikes
|move|p2a: Glimmora|Mortal Spin|p1a: Love Yourz
|-damage|p1a: Love Yourz|46/100
|-status|p1a: Love Yourz|psn
|
|-damage|p1a: Love Yourz|33/100 psn|[from] psn
|upkeep
|turn|17
|
|t:|1760380021
|move|p2a: Glimmora|Spiky Shield|p2a: Glimmora
|-singleturn|p2a: Glimmora|move: Protect
|move|p1a: Love Yourz|Court Change|p1a: Love Yourz
|-swapsideconditions
|-activate|p1a: Love Yourz|move: Court Change
|
|-damage|p1a: Love Yourz|21/100 psn|[from] psn
|upkeep
|turn|18
|
|t:|1760380026
|move|p1a: Love Yourz|Pyro Ball|p2a: Glimmora
|-resisted|p2a: Glimmora
|-crit|p2a: Glimmora
|-damage|p2a: Glimmora|0 fnt
|-activate|p2a: Glimmora|ability: Toxic Debris
|-sidestart|p1: Yoruichibs|move: Toxic Spikes
|faint|p2a: Glimmora
|
|-damage|p1a: Love Yourz|9/100 psn|[from] psn
|upkeep
|
|t:|1760380040
|switch|p2a: Ting-Lu|Ting-Lu|100/100
|-damage|p2a: Ting-Lu|94/100|[from] Stealth Rock
|-status|p2a: Ting-Lu|psn
|-ability|p2a: Ting-Lu|Vessel of Ruin
|turn|19
|
|t:|1760380045
|move|p1a: Love Yourz|Will-O-Wisp||[still]
|-fail|p1a: Love Yourz
|move|p2a: Ting-Lu|Throat Chop|p1a: Love Yourz
|-damage|p1a: Love Yourz|0 fnt
|faint|p1a: Love Yourz
|
|-damage|p2a: Ting-Lu|82/100 psn|[from] psn
|upkeep
|
|t:|1760380050
|switch|p1a: Power Trip|Dragapult, F|31/100 psn
|turn|20
|
|t:|1760380057
|move|p1a: Power Trip|U-turn|p2a: Ting-Lu
|-supereffective|p2a: Ting-Lu
|-damage|p2a: Ting-Lu|68/100 psn
|
|t:|1760380059
|switch|p1a: No Role Modelz|Zamazenta|100/100|[from] U-turn
|-status|p1a: No Role Modelz|psn
|-ability|p1a: No Role Modelz|Dauntless Shield|boost
|-boost|p1a: No Role Modelz|def|1
|move|p2a: Ting-Lu|Throat Chop|p1a: No Role Modelz
|-resisted|p1a: No Role Modelz
|-crit|p1a: No Role Modelz
|-damage|p1a: No Role Modelz|80/100 psn
|-start|p1a: No Role Modelz|Throat Chop|[silent]
|
|-heal|p1a: No Role Modelz|86/100 psn|[from] item: Leftovers
|-damage|p1a: No Role Modelz|74/100 psn|[from] psn
|-damage|p2a: Ting-Lu|56/100 psn|[from] psn
|upkeep
|turn|21
|
|t:|1760380068
|move|p1a: No Role Modelz|Iron Defense|p1a: No Role Modelz
|-boost|p1a: No Role Modelz|def|2
|move|p2a: Ting-Lu|Ruination|p1a: No Role Modelz
|-damage|p1a: No Role Modelz|37/100 psn
|
|-heal|p1a: No Role Modelz|43/100 psn|[from] item: Leftovers
|-damage|p1a: No Role Modelz|31/100 psn|[from] psn
|-damage|p2a: Ting-Lu|43/100 psn|[from] psn
|-end|p1a: No Role Modelz|Throat Chop|[silent]
|upkeep
|turn|22
|
|t:|1760380074
|move|p1a: No Role Modelz|Body Press|p2a: Ting-Lu
|-supereffective|p2a: Ting-Lu
|-damage|p2a: Ting-Lu|0 fnt
|faint|p2a: Ting-Lu
|
|-heal|p1a: No Role Modelz|37/100 psn|[from] item: Leftovers
|-damage|p1a: No Role Modelz|25/100 psn|[from] psn
|upkeep
|
|t:|1760380077
|switch|p2a: Iron Crown|Iron Crown|100/100
|-damage|p2a: Iron Crown|94/100|[from] Stealth Rock
|-enditem|p2a: Iron Crown|Booster Energy
|-activate|p2a: Iron Crown|ability: Quark Drive|[fromitem]
|-start|p2a: Iron Crown|quarkdrivespa
|turn|23
|
|t:|1760380087
|move|p1a: No Role Modelz|Body Press|p2a: Iron Crown
|-damage|p2a: Iron Crown|0 fnt
|faint|p2a: Iron Crown
|-end|p2a: Iron Crown|Quark Drive|[silent]
|
|-heal|p1a: No Role Modelz|31/100 psn|[from] item: Leftovers
|-damage|p1a: No Role Modelz|19/100 psn|[from] psn
|upkeep
|
|t:|1760380090
|switch|p2a: Mimikyu|Mimikyu, F|100/100
|-damage|p2a: Mimikyu|88/100|[from] Stealth Rock
|-status|p2a: Mimikyu|psn
|turn|24
|
|t:|1760380097
|move|p1a: No Role Modelz|Crunch|p2a: Mimikyu
|-activate|p2a: Mimikyu|ability: Disguise
|-damage|p2a: Mimikyu|88/100 psn
|detailschange|p2a: Mimikyu|Mimikyu-Busted, F
|-damage|p2a: Mimikyu|76/100 psn|[from] pokemon: Mimikyu-Busted
|move|p2a: Mimikyu|Play Rough|p1a: No Role Modelz
|-supereffective|p1a: No Role Modelz
|-damage|p1a: No Role Modelz|0 fnt
|faint|p1a: No Role Modelz
|-damage|p2a: Mimikyu|66/100 psn|[from] item: Life Orb
|
|-damage|p2a: Mimikyu|53/100 psn|[from] psn
|upkeep
|
|t:|1760380106
|switch|p1a: Power Trip|Dragapult, F|31/100 psn
|turn|25
|
|t:|1760380110
|move|p2a: Mimikyu|Shadow Sneak|p1a: Power Trip
|-supereffective|p1a: Power Trip
|-damage|p1a: Power Trip|0 fnt
|faint|p1a: Power Trip
|-damage|p2a: Mimikyu|44/100 psn|[from] item: Life Orb
|
|win|Randomizer15
|raw|Yoruichibs's rating: 1306 &rarr; <strong>1287</strong><br />(-19 for losing)
|raw|Randomizer15's rating: 1325 &rarr; <strong>1344</strong><br />(+19 for winning)
|l|☆Yoruichibs
|player|p1|
|l|☆Randomizer15
|player|p2|
