|j|☆chocotaco7
|j|☆Laughable
|t:|1760455114
|gametype|singles
|player|p1|chocotaco7|nate|1549
|player|p2|Laughable|tuber|1654
|gen|9
|tier|[Gen 9] OU
|rated|
|rule|HP Percentage Mod: HP is shown in percentages
|rule|Endless Battle Clause: Forcing endless battles is banned
|rule|Species Clause: Limit one of each Pokémon
|rule|OHKO Clause: OHKO moves are banned
|rule|Evasion Items Clause: Evasion items are banned
|rule|Evasion Moves Clause: Evasion moves are banned
|rule|Evasion Abilities Clause: Evasion abilities are banned
|rule|Sleep Moves Clause: Sleep-inducing moves are banned
|clearpoke
|poke|p1|Ting-Lu|
|poke|p1|Great Tusk|
|poke|p1|Dragapult, F|
|poke|p1|Kingambit, F|
|poke|p1|Iron Crown|
|poke|p1|Thundurus-Therian, M|
|poke|p2|Dragapult, F|
|poke|p2|Gliscor, M|
|poke|p2|Milotic, F|
|poke|p2|Skeledirge, M|
|poke|p2|Weezing-Galar, M|
|poke|p2|Mandibuzz, F|
|teampreview
|inactive|Battle timer is ON: inactive players will automatically lose when time's up. (requested by chocotaco7)
|
|t:|1760455131
|teamsize|p1|6
|teamsize|p2|6
|start
|switch|p1a: Dragapult|Dragapult, F|100/100
|switch|p2a: Gliscor|Gliscor, M|100/100
|turn|1
|
|t:|1760455136
|move|p2a: Gliscor|Protect|p2a: Gliscor
|-singleturn|p2a: Gliscor|Protect
|move|p1a: Dragapult|Will-O-Wisp|p2a: Gliscor
|-activate|p2a: Gliscor|move: Protect
|
|-status|p2a: Gliscor|tox|[from] item: Toxic Orb
|upkeep
|turn|2
|
|t:|1760455141
|move|p1a: Dragapult|Hex|p2a: Gliscor
|-damage|p2a: Gliscor|50/100 tox
|move|p2a: Gliscor|Spikes|p1a: Dragapult
|-sidestart|p1: chocotaco7|Spikes
|
|-heal|p2a: Gliscor|63/100 tox|[from] ability: Poison Heal
|upkeep
|turn|3
|
|t:|1760455146
|switch|p1a: Thundurus|Thundurus-Therian, M|100/100
|move|p2a: Gliscor|Protect||[still]
|-fail|p2a: Gliscor
|
|-heal|p2a: Gliscor|75/100 tox|[from] ability: Poison Heal
|upkeep
|turn|4
|
|t:|1760455150
|move|p2a: Gliscor|Protect|p2a: Gliscor
|-singleturn|p2a: Gliscor|Protect
|move|p1a: Thundurus|U-turn|p2a: Gliscor
|-activate|p2a: Gliscor|move: Protect
|
|-heal|p2a: Gliscor|88/100 tox|[from] ability: Poison Heal
|upkeep
|turn|5
|
|t:|1760455153
|-terastallize|p1a: Thundurus|Ice
|move|p1a: Thundurus|Tera Blast|p2a: Gliscor|[anim] Tera Blast Ice
|-supereffective|p2a: Gliscor
|-damage|p2a: Gliscor|0 fnt
|faint|p2a: Gliscor
|
|upkeep
|
|t:|1760455160
|switch|p2a: Dragapult|Dragapult, F|100/100
|turn|6
|
|t:|1760455164
|move|p2a: Dragapult|Shadow Ball|p1a: Thundurus
|-damage|p1a: Thundurus|16/100
|move|p1a: Thundurus|Tera Blast|p2a: Dragapult|[anim] Tera Blast Ice
|-supereffective|p2a: Dragapult
|-damage|p2a: Dragapult|0 fnt
|faint|p2a: Dragapult
|
|upkeep
|
|t:|1760455170
|switch|p2a: Milotic|Milotic, F, shiny|100/100
|turn|7
|
|t:|1760455173
|move|p1a: Thundurus|Thunderbolt|p2a: Milotic
|-supereffective|p2a: Milotic
|-damage|p2a: Milotic|25/100
|move|p2a: Milotic|Scald|p1a: Thundurus
|-damage|p1a: Thundurus|0 fnt
|faint|p1a: Thundurus
|
|upkeep
|
|t:|1760455183
|switch|p1a: Great Tusk|Great Tusk|100/100
|-damage|p1a: Great Tusk|88/100|[from] Spikes
|turn|8
|
|t:|1760455186
|switch|p2a: Mandibuzz|Mandibuzz, F|100/100
|move|p1a: Great Tusk|Knock Off|p2a: Mandibuzz
|-resisted|p2a: Mandibuzz
|-damage|p2a: Mandibuzz|84/100
|-enditem|p2a: Mandibuzz|Heavy-Duty Boots|[from] move: Knock Off|[of] p1a: Great Tusk
|
|upkeep
|turn|9
|
|t:|1760455192
|-end|p1a: Great Tusk|Protosynthesis|[silent]
|switch|p1a: Ting-Lu|Ting-Lu|100/100
|-ability|p1a: Ting-Lu|Vessel of Ruin
|move|p2a: Mandibuzz|Iron Defense|p2a: Mandibuzz
|-boost|p2a: Mandibuzz|def|2
|
|upkeep
|turn|10
|
|t:|1760455206
|switch|p2a: Milotic|Milotic, F, shiny|25/100
|move|p1a: Ting-Lu|Stealth Rock|p2a: Milotic
|-sidestart|p2: Laughable|move: Stealth Rock
|
|upkeep
|turn|11
|
|t:|1760455209
|move|p2a: Milotic|Recover|p2a: Milotic
|-heal|p2a: Milotic|75/100
|move|p1a: Ting-Lu|Spikes|p2a: Milotic
|-sidestart|p2: Laughable|Spikes
|
|upkeep
|turn|12
|
|t:|1760455215
|move|p2a: Milotic|Scald|p1a: Ting-Lu
|-supereffective|p1a: Ting-Lu
|-damage|p1a: Ting-Lu|72/100
|-status|p1a: Ting-Lu|brn
|move|p1a: Ting-Lu|Spikes|p2a: Milotic
|-sidestart|p2: Laughable|Spikes
|
|-damage|p1a: Ting-Lu|66/100 brn|[from] brn
|upkeep
|turn|13
|
|t:|1760455224
|move|p2a: Milotic|Scald|p1a: Ting-Lu
|-supereffective|p1a: Ting-Lu
|-damage|p1a: Ting-Lu|38/100 brn
|move|p1a: Ting-Lu|Spikes|p2a: Milotic
|-sidestart|p2: Laughable|Spikes
|
|-damage|p1a: Ting-Lu|32/100 brn|[from] brn
|upkeep
|turn|14
|
|t:|1760455229
|move|p2a: Milotic|Scald|p1a: Ting-Lu
|-supereffective|p1a: Ting-Lu
|-damage|p1a: Ting-Lu|4/100 brn
|move|p1a: Ting-Lu|Whirlwind|p2a: Milotic
|drag|p2a: Weezing|Weezing-Galar, M|100/100
|-ability|p2a: Weezing|Neutralizing Gas
|-damage|p2a: Weezing|88/100|[from] Stealth Rock
|-damage|p2a: Weezing|63/100|[from] Spikes
|
|-heal|p2a: Weezing|69/100|[from] item: Leftovers
|-damage|p1a: Ting-Lu|0 fnt|[from] brn
|faint|p1a: Ting-Lu
|upkeep
|
|t:|1760455241
|switch|p1a: Iron Crown|Iron Crown|100/100
|-damage|p1a: Iron Crown|88/100|[from] Spikes
|turn|15
|
|t:|1760455247
|move|p1a: Iron Crown|Tachyon Cutter|p2a: Weezing
|-supereffective|p2a: Weezing
|-damage|p2a: Weezing|4/100
|-supereffective|p2a: Weezing
|-damage|p2a: Weezing|0 fnt
|faint|p2a: Weezing
|-end|p2a: Weezing|ability: Neutralizing Gas
|-hitcount|p2: Weezing|2
|
|upkeep
|
|t:|1760455252
|switch|p2a: Skeledirge|Skeledirge, M|100/100
|turn|16
|
|t:|1760455257
|-terastallize|p2a: Skeledirge|Water
|move|p1a: Iron Crown|Volt Switch|p2a: Skeledirge
|-supereffective|p2a: Skeledirge
|-damage|p2a: Skeledirge|60/100
|
|t:|1760455263
|-end|p1a: Iron Crown|Quark Drive|[silent]
|switch|p1a: Dragapult|Dragapult, F|100/100|[from] Volt Switch
|move|p2a: Skeledirge|Torch Song|p1a: Dragapult
|-resisted|p1a: Dragapult
|-damage|p1a: Dragapult|80/100
|-boost|p2a: Skeledirge|spa|1
|
|upkeep
|turn|17
|
|t:|1760455269
|move|p1a: Dragapult|Thunder Wave|p2a: Skeledirge
|-status|p2a: Skeledirge|par
|move|p2a: Skeledirge|Slack Off|p2a: Skeledirge
|-heal|p2a: Skeledirge|100/100 par
|
|upkeep
|turn|18
|
|t:|1760455273
|move|p1a: Dragapult|Hex|p2a: Skeledirge
|-damage|p2a: Skeledirge|51/100 par
|move|p2a: Skeledirge|Hex|p1a: Dragapult
|-supereffective|p1a: Dragapult
|-damage|p1a: Dragapult|0 fnt
|faint|p1a: Dragapult
|
|upkeep
|
|t:|1760455282
|switch|p1a: Iron Crown|Iron Crown|88/100
|-damage|p1a: Iron Crown|76/100|[from] Spikes
|turn|19
|
|t:|1760455284
|move|p1a: Iron Crown|Psychic Noise|p2a: Skeledirge
|-damage|p2a: Skeledirge|19/100 par
|-start|p2a: Skeledirge|move: Heal Block
|cant|p2a: Skeledirge|par
|
|upkeep
|turn|20
|
|t:|1760455294
|move|p1a: Iron Crown|Volt Switch|p2a: Skeledirge
|-supereffective|p2a: Skeledirge
|-damage|p2a: Skeledirge|0 fnt
|faint|p2a: Skeledirge
|
|t:|1760455296
|-end|p1a: Iron Crown|Quark Drive|[silent]
|switch|p1a: Great Tusk|Great Tusk|88/100|[from] Volt Switch
|-damage|p1a: Great Tusk|76/100|[from] Spikes
|
|upkeep
|
|t:|1760455301
|switch|p2a: Mandibuzz|Mandibuzz, F|84/100
|-damage|p2a: Mandibuzz|60/100|[from] Stealth Rock
|turn|21
|
|t:|1760455305
|move|p1a: Great Tusk|Ice Spinner|p2a: Mandibuzz
|-supereffective|p2a: Mandibuzz
|-damage|p2a: Mandibuzz|9/100
|move|p2a: Mandibuzz|Iron Defense|p2a: Mandibuzz
|-boost|p2a: Mandibuzz|def|2
|
|upkeep
|turn|22
|-message|Laughable forfeited.
|
|win|chocotaco7
|raw|chocotaco7's rating: 1549 &rarr; <strong>1575</strong><br />(+26 for winning)
|raw|Laughable's rating: 1654 &rarr; <strong>1628</strong><br />(-26 for losing)
|l|☆Laughable
|player|p2|
|l|☆chocotaco7
|player|p1|
