|j|☆Fifo drummer
|j|☆Kaora 1246
|t:|1760356995
|gametype|singles
|player|p1|Fifo drummer|unknown|1389
|player|p2|Kaora 1246|jessiejames-gen1|1367
|gen|9
|tier|[Gen 9] OU
|rated|
|rule|HP Percentage Mod: HP is shown in percentages
|rule|Endless Battle Clause: Forcing endless battles is banned
|rule|Species Clause: Limit one of each Pokémon
|rule|OHKO Clause: OHKO moves are banned
|rule|Evasion Items Clause: Evasion items are banned
|rule|Evasion Moves Clause: Evasion moves are banned
|rule|Evasion Abilities Clause: Evasion abilities are banned
|rule|Sleep Moves Clause: Sleep-inducing moves are banned
|clearpoke
|poke|p1|Crawdaunt, M|
|poke|p1|Krookodile, M|
|poke|p1|Goodra-Hisui, F|
|poke|p1|Haxorus, M|
|poke|p1|Espeon, F|
|poke|p1|Corviknight, F|
|poke|p2|Torkoal, F|
|poke|p2|Iron Moth|
|poke|p2|Great Tusk|
|poke|p2|Walking Wake|
|poke|p2|Lilligant-Hisui, F|
|poke|p2|Dragonite, F|
|teampreview
|inactive|Battle timer is ON: inactive players will automatically lose when time's up. (requested by Kaora 1246)
|
|t:|1760357012
|teamsize|p1|6
|teamsize|p2|6
|start
|switch|p1a: AXE Bodyspray|Haxorus, M, shiny|100/100
|switch|p2a: Torkoal|Torkoal, F|100/100
|-ability|p1a: AXE Bodyspray|Mold Breaker
|-weather|SunnyDay|[from] ability: Drought|[of] p2a: Torkoal
|turn|1
|
|t:|1760357038
|switch|p2a: Great Tusk|Great Tusk|100/100
|-activate|p2a: Great Tusk|ability: Protosynthesis
|-start|p2a: Great Tusk|protosynthesisspe
|move|p1a: AXE Bodyspray|Dragon Dance|p1a: AXE Bodyspray
|-boost|p1a: AXE Bodyspray|atk|1
|-boost|p1a: AXE Bodyspray|spe|1
|
|-weather|SunnyDay|[upkeep]
|upkeep
|turn|2
|
|t:|1760357048
|move|p1a: AXE Bodyspray|Outrage|p2a: Great Tusk
|-damage|p2a: Great Tusk|36/100
|move|p2a: Great Tusk|Bulk Up|p2a: Great Tusk
|-boost|p2a: Great Tusk|atk|1
|-boost|p2a: Great Tusk|def|1
|
|-weather|SunnyDay|[upkeep]
|upkeep
|turn|3
|
|t:|1760357061
|move|p1a: AXE Bodyspray|Outrage|p2a: Great Tusk|[from] lockedmove
|-damage|p2a: Great Tusk|0 fnt
|faint|p2a: Great Tusk
|-end|p2a: Great Tusk|Protosynthesis|[silent]
|
|-weather|SunnyDay|[upkeep]
|upkeep
|inactive|Kaora 1246 has 120 seconds left.
|
|t:|1760357100
|switch|p2a: Walking Wake|Walking Wake|100/100
|-activate|p2a: Walking Wake|ability: Protosynthesis
|-start|p2a: Walking Wake|protosynthesisspe
|turn|4
|
|t:|1760357105
|move|p2a: Walking Wake|Draco Meteor|p1a: AXE Bodyspray|[miss]
|-miss|p2a: Walking Wake|p1a: AXE Bodyspray
|move|p1a: AXE Bodyspray|Outrage|p2a: Walking Wake|[from] lockedmove
|-supereffective|p2a: Walking Wake
|-damage|p2a: Walking Wake|0 fnt
|faint|p2a: Walking Wake
|-end|p2a: Walking Wake|Protosynthesis|[silent]
|-start|p1a: AXE Bodyspray|confusion|[fatigue]
|-enditem|p1a: AXE Bodyspray|Lum Berry|[eat]
|-end|p1a: AXE Bodyspray|confusion
|
|-weather|SunnyDay|[upkeep]
|upkeep
|
|t:|1760357109
|switch|p2a: Lilligant|Lilligant-Hisui, F|100/100
|turn|5
|
|t:|1760357121
|-terastallize|p1a: AXE Bodyspray|Steel
|move|p2a: Lilligant|Close Combat|p1a: AXE Bodyspray
|-supereffective|p1a: AXE Bodyspray
|-damage|p1a: AXE Bodyspray|0 fnt
|-unboost|p2a: Lilligant|def|1
|-unboost|p2a: Lilligant|spd|1
|faint|p1a: AXE Bodyspray
|-damage|p2a: Lilligant|91/100|[from] item: Life Orb
|
|-weather|SunnyDay|[upkeep]
|upkeep
|
|t:|1760357133
|switch|p1a: Mrs Raven|Corviknight, F, shiny|100/100
|turn|6
|inactive|Kaora 1246 has 120 seconds left.
|
|t:|1760357144
|move|p2a: Lilligant|Close Combat|p1a: Mrs Raven
|-damage|p1a: Mrs Raven|45/100
|-unboost|p2a: Lilligant|def|1
|-unboost|p2a: Lilligant|spd|1
|-damage|p2a: Lilligant|74/100|[from] item: Rocky Helmet|[of] p1a: Mrs Raven
|-damage|p2a: Lilligant|64/100|[from] item: Life Orb
|move|p1a: Mrs Raven|Brave Bird|p2a: Lilligant
|-supereffective|p2a: Lilligant
|-damage|p2a: Lilligant|0 fnt
|faint|p2a: Lilligant
|-damage|p1a: Mrs Raven|28/100|[from] Recoil
|
|-weather|SunnyDay|[upkeep]
|upkeep
|
|t:|1760357165
|switch|p2a: Iron Moth|Iron Moth|100/100
|-enditem|p2a: Iron Moth|Booster Energy
|-activate|p2a: Iron Moth|ability: Quark Drive|[fromitem]
|-start|p2a: Iron Moth|quarkdrivespe
|turn|7
|
|t:|1760357172
|switch|p1a: Badra|Goodra-Hisui, F|100/100
|move|p2a: Iron Moth|Fiery Dance|p1a: Badra
|-damage|p1a: Badra|70/100
|-boost|p2a: Iron Moth|spa|1
|
|-weather|SunnyDay|[upkeep]
|upkeep
|turn|8
|
|t:|1760357180
|move|p2a: Iron Moth|Fiery Dance|p1a: Badra
|-damage|p1a: Badra|23/100
|-boost|p2a: Iron Moth|spa|1
|move|p1a: Badra|Dragon Pulse|p2a: Iron Moth
|-damage|p2a: Iron Moth|59/100
|
|-weather|none
|upkeep
|turn|9
|
|t:|1760357189
|move|p2a: Iron Moth|Fiery Dance|p1a: Badra
|-crit|p1a: Badra
|-damage|p1a: Badra|0 fnt
|faint|p1a: Badra
|
|upkeep
|
|t:|1760357195
|switch|p1a: Shrimpboat Capt.|Crawdaunt, M|100/100
|turn|10
|
|t:|1760357200
|-terastallize|p2a: Iron Moth|Grass
|move|p2a: Iron Moth|Energy Ball|p1a: Shrimpboat Capt.
|-supereffective|p1a: Shrimpboat Capt.
|-enditem|p1a: Shrimpboat Capt.|Focus Sash
|-damage|p1a: Shrimpboat Capt.|1/100
|move|p1a: Shrimpboat Capt.|Knock Off|p2a: Iron Moth
|-damage|p2a: Iron Moth|0 fnt
|faint|p2a: Iron Moth
|-end|p2a: Iron Moth|Quark Drive|[silent]
|
|upkeep
|
|t:|1760357221
|switch|p2a: Dragonite|Dragonite, F, shiny|100/100
|turn|11
|
|t:|1760357225
|move|p2a: Dragonite|Dragon Dance|p2a: Dragonite
|-boost|p2a: Dragonite|atk|1
|-boost|p2a: Dragonite|spe|1
|move|p1a: Shrimpboat Capt.|Endeavor|p2a: Dragonite
|-damage|p2a: Dragonite|1/100
|
|upkeep
|turn|12
|
|t:|1760357232
|switch|p1a: Mrs Raven|Corviknight, F, shiny|28/100
|move|p2a: Dragonite|Extreme Speed|p1a: Mrs Raven
|-resisted|p1a: Mrs Raven
|-damage|p1a: Mrs Raven|11/100
|-damage|p2a: Dragonite|0 fnt|[from] item: Rocky Helmet|[of] p1a: Mrs Raven
|faint|p2a: Dragonite
|
|upkeep
|-message|Kaora 1246 forfeited.
|
|win|Fifo drummer
|raw|Fifo drummer's rating: 1389 &rarr; <strong>1408</strong><br />(+19 for winning)
|raw|Kaora 1246's rating: 1367 &rarr; <strong>1348</strong><br />(-19 for losing)
|l|☆Kaora 1246
|player|p2|
|l|☆Fifo drummer
|player|p1|
