|j|☆the same as here
|j|☆LX1987
|t:|1760456311
|gametype|singles
|player|p1|the same as here|janitor|1370
|player|p2|LX1987|266|1410
|gen|9
|tier|[Gen 9] OU
|rated|
|rule|HP Percentage Mod: HP is shown in percentages
|rule|Endless Battle Clause: Forcing endless battles is banned
|rule|Species Clause: Limit one of each Pokémon
|rule|OHKO Clause: OHKO moves are banned
|rule|Evasion Items Clause: Evasion items are banned
|rule|Evasion Moves Clause: Evasion moves are banned
|rule|Evasion Abilities Clause: Evasion abilities are banned
|rule|Sleep Moves Clause: Sleep-inducing moves are banned
|clearpoke
|poke|p1|Garganacl, F|
|poke|p1|Samurott-Hisui, M|
|poke|p1|Pecharunt|
|poke|p1|Great Tusk|
|poke|p1|Zapdos|
|poke|p1|Cinderace, F|
|poke|p2|Salamence, F|
|poke|p2|Palossand, M|
|poke|p2|Slaking, F|
|poke|p2|Gliscor, F|
|poke|p2|Iron Moth|
|poke|p2|Glimmora, M|
|teampreview
|inactive|Battle timer is ON: inactive players will automatically lose when time's up. (requested by LX1987)
|
|t:|1760456331
|teamsize|p1|6
|teamsize|p2|6
|start
|switch|p1a: Zapdos|Zapdos|100/100
|switch|p2a: Slaking|Slaking, F|100/100
|turn|1
|
|t:|1760456359
|switch|p1a: Pecharunt|Pecharunt|100/100
|move|p2a: Slaking|Giga Impact|p1a: Pecharunt
|-immune|p1a: Pecharunt
|
|upkeep
|turn|2
|
|t:|1760456367
|switch|p2a: Gliscor|Gliscor, F|100/100
|move|p1a: Pecharunt|Shadow Ball|p2a: Gliscor
|-damage|p2a: Gliscor|64/100
|
|-status|p2a: Gliscor|tox|[from] item: Toxic Orb
|upkeep
|turn|3
|
|t:|1760456376
|move|p2a: Gliscor|Facade|p1a: Pecharunt
|-immune|p1a: Pecharunt
|move|p1a: Pecharunt|Parting Shot|p2a: Gliscor
|-unboost|p2a: Gliscor|atk|1
|-unboost|p2a: Gliscor|spa|1
|
|t:|1760456382
|switch|p1a: Samurott|Samurott-Hisui, M|100/100|[from] Parting Shot
|
|-heal|p2a: Gliscor|76/100 tox|[from] ability: Poison Heal
|upkeep
|turn|4
|
|t:|1760456390
|switch|p2a: Salamence|Salamence, F|100/100
|-ability|p2a: Salamence|Intimidate|boost
|-unboost|p1a: Samurott|atk|1
|move|p1a: Samurott|Flip Turn|p2a: Salamence
|-resisted|p2a: Salamence
|-damage|p2a: Salamence|93/100
|
|t:|1760456396
|switch|p1a: Great Tusk|Great Tusk|100/100|[from] Flip Turn
|
|upkeep
|turn|5
|
|t:|1760456403
|move|p2a: Salamence|Draco Meteor|p1a: Great Tusk
|-damage|p1a: Great Tusk|15/100
|-unboost|p2a: Salamence|spa|2
|move|p1a: Great Tusk|Ice Spinner|p2a: Salamence
|-supereffective|p2a: Salamence
|-damage|p2a: Salamence|0 fnt
|faint|p2a: Salamence
|
|upkeep
|
|t:|1760456416
|switch|p2a: Palossand|Palossand, M|100/100
|turn|6
|
|t:|1760456425
|-end|p1a: Great Tusk|Protosynthesis|[silent]
|switch|p1a: Samurott|Samurott-Hisui, M|100/100
|move|p2a: Palossand|Shadow Ball|p1a: Samurott
|-resisted|p1a: Samurott
|-damage|p1a: Samurott|93/100
|
|upkeep
|turn|7
|
|t:|1760456434
|move|p1a: Samurott|Ceaseless Edge|p2a: Palossand
|-supereffective|p2a: Palossand
|-damage|p2a: Palossand|43/100
|-enditem|p2a: Palossand|Weakness Policy
|-boost|p2a: Palossand|atk|2|[from] item: Weakness Policy
|-boost|p2a: Palossand|spa|2|[from] item: Weakness Policy
|-sidestart|p2: LX1987|Spikes
|move|p2a: Palossand|Giga Drain|p1a: Samurott
|-supereffective|p1a: Samurott
|-damage|p1a: Samurott|49/100
|-heal|p2a: Palossand|70/100|[from] drain|[of] p1a: Samurott
|
|upkeep
|turn|8
|
|t:|1760456445
|-terastallize|p2a: Palossand|Grass
|move|p1a: Samurott|Ceaseless Edge|p2a: Palossand
|-damage|p2a: Palossand|42/100
|-sidestart|p2: LX1987|Spikes
|move|p2a: Palossand|Giga Drain|p1a: Samurott
|-supereffective|p1a: Samurott
|-damage|p1a: Samurott|0 fnt
|-heal|p2a: Palossand|72/100|[from] drain|[of] p1a: Samurott
|faint|p1a: Samurott
|
|upkeep
|
|t:|1760456450
|switch|p1a: Cinderace|Cinderace, F|100/100
|turn|9
|
|t:|1760456461
|move|p1a: Cinderace|Pyro Ball|p2a: Palossand
|-supereffective|p2a: Palossand
|-damage|p2a: Palossand|0 fnt
|faint|p2a: Palossand
|
|upkeep
|
|t:|1760456467
|switch|p2a: Glimmora|Glimmora, M|100/100
|-damage|p2a: Glimmora|84/100|[from] Spikes
|turn|10
|
|t:|1760456477
|switch|p1a: Zapdos|Zapdos|100/100
|move|p2a: Glimmora|Stealth Rock|p1a: Zapdos
|-sidestart|p1: the same as here|move: Stealth Rock
|
|upkeep
|turn|11
|
|t:|1760456483
|move|p1a: Zapdos|Discharge|p2a: Glimmora
|-damage|p2a: Glimmora|35/100
|move|p2a: Glimmora|Power Gem|p1a: Zapdos
|-supereffective|p1a: Zapdos
|-damage|p1a: Zapdos|3/100
|
|upkeep
|turn|12
|
|t:|1760456491
|move|p1a: Zapdos|Discharge|p2a: Glimmora
|-damage|p2a: Glimmora|0 fnt
|faint|p2a: Glimmora
|
|upkeep
|
|t:|1760456497
|switch|p2a: Gliscor|Gliscor, F|76/100 tox
|turn|13
|
|t:|1760456502
|move|p1a: Zapdos|Hurricane|p2a: Gliscor
|-damage|p2a: Gliscor|0 fnt
|faint|p2a: Gliscor
|
|upkeep
|
|t:|1760456508
|switch|p2a: Iron Moth|Iron Moth|100/100
|-damage|p2a: Iron Moth|84/100|[from] Spikes
|-enditem|p2a: Iron Moth|Booster Energy
|-activate|p2a: Iron Moth|ability: Quark Drive|[fromitem]
|-start|p2a: Iron Moth|quarkdrivespa
|turn|14
|
|t:|1760456515
|move|p2a: Iron Moth|Fiery Dance|p1a: Zapdos
|-damage|p1a: Zapdos|0 fnt
|faint|p1a: Zapdos
|
|upkeep
|
|t:|1760456527
|switch|p1a: Cinderace|Cinderace, F|100/100
|-damage|p1a: Cinderace|76/100|[from] Stealth Rock
|turn|15
|
|t:|1760456531
|move|p1a: Cinderace|Sucker Punch||[still]
|-fail|p1a: Cinderace
|move|p2a: Iron Moth|Substitute|p2a: Iron Moth
|-start|p2a: Iron Moth|Substitute
|-damage|p2a: Iron Moth|59/100
|
|upkeep
|turn|16
|
|t:|1760456539
|switch|p1a: Pecharunt|Pecharunt|100/100
|-damage|p1a: Pecharunt|88/100|[from] Stealth Rock
|move|p2a: Iron Moth|Fiery Dance|p1a: Pecharunt
|-damage|p1a: Pecharunt|33/100
|
|-heal|p1a: Pecharunt|39/100|[from] item: Black Sludge
|upkeep
|turn|17
|
|t:|1760456549
|move|p2a: Iron Moth|Fiery Dance|p1a: Pecharunt
|-damage|p1a: Pecharunt|0 fnt
|faint|p1a: Pecharunt
|
|upkeep
|
|t:|1760456551
|switch|p1a: Garganacl|Garganacl, F|100/100
|-damage|p1a: Garganacl|88/100|[from] Stealth Rock
|turn|18
|
|t:|1760456558
|move|p2a: Iron Moth|Energy Ball|p1a: Garganacl
|-supereffective|p1a: Garganacl
|-damage|p1a: Garganacl|30/100
|move|p1a: Garganacl|Salt Cure|p2a: Iron Moth
|-supereffective|p2a: Iron Moth
|-end|p2a: Iron Moth|Substitute
|
|-heal|p1a: Garganacl|36/100|[from] item: Leftovers
|upkeep
|turn|19
|
|t:|1760456568
|-terastallize|p1a: Garganacl|Fairy
|move|p2a: Iron Moth|Energy Ball|p1a: Garganacl
|-damage|p1a: Garganacl|5/100
|move|p1a: Garganacl|Salt Cure|p2a: Iron Moth
|-supereffective|p2a: Iron Moth
|-damage|p2a: Iron Moth|13/100
|-start|p2a: Iron Moth|Salt Cure
|
|-heal|p1a: Garganacl|12/100|[from] item: Leftovers
|-damage|p2a: Iron Moth|1/100|[from] Salt Cure
|upkeep
|turn|20
|
|t:|1760456581
|move|p2a: Iron Moth|Fiery Dance|p1a: Garganacl
|-damage|p1a: Garganacl|0 fnt
|faint|p1a: Garganacl
|
|-damage|p2a: Iron Moth|0 fnt|[from] Salt Cure
|faint|p2a: Iron Moth
|-end|p2a: Iron Moth|Quark Drive|[silent]
|upkeep
|
|t:|1760456590
|switch|p2a: Slaking|Slaking, F|100/100
|switch|p1a: Great Tusk|Great Tusk|15/100
|-damage|p2a: Slaking|84/100|[from] Spikes
|turn|21
|
|t:|1760456599
|move|p1a: Great Tusk|Headlong Rush|p2a: Slaking
|-damage|p2a: Slaking|40/100
|-unboost|p1a: Great Tusk|def|1
|-unboost|p1a: Great Tusk|spd|1
|move|p2a: Slaking|Earthquake|p1a: Great Tusk
|-damage|p1a: Great Tusk|0 fnt
|faint|p1a: Great Tusk
|-end|p1a: Great Tusk|Protosynthesis|[silent]
|
|upkeep
|
|t:|1760456607
|switch|p1a: Cinderace|Cinderace, F|76/100
|-damage|p1a: Cinderace|51/100|[from] Stealth Rock
|turn|22
|
|t:|1760456612
|move|p1a: Cinderace|Pyro Ball|p2a: Slaking|[miss]
|-miss|p1a: Cinderace|p2a: Slaking
|cant|p2a: Slaking|ability: Truant
|
|upkeep
|turn|23
|
|t:|1760456619
|move|p1a: Cinderace|Pyro Ball|p2a: Slaking
|-damage|p2a: Slaking|0 fnt
|faint|p2a: Slaking
|
|win|the same as here
|raw|the same as here's rating: 1370 &rarr; <strong>1392</strong><br />(+22 for winning)
|raw|LX1987's rating: 1410 &rarr; <strong>1388</strong><br />(-22 for losing)
|l|☆LX1987
|player|p2|
