|j|☆babo0m
|j|☆necrohearts
|t:|1760461153
|gametype|singles
|player|p1|babo0m|170|1255
|player|p2|necrohearts|jupiter|1196
|gen|9
|tier|[Gen 9] OU
|rated|
|rule|HP Percentage Mod: HP is shown in percentages
|rule|Endless Battle Clause: Forcing endless battles is banned
|rule|Species Clause: Limit one of each Pokémon
|rule|OHKO Clause: OHKO moves are banned
|rule|Evasion Items Clause: Evasion items are banned
|rule|Evasion Moves Clause: Evasion moves are banned
|rule|Evasion Abilities Clause: Evasion abilities are banned
|rule|Sleep Moves Clause: Sleep-inducing moves are banned
|clearpoke
|poke|p1|Slowking-Galar, M|
|poke|p1|Corviknight, M|
|poke|p1|Garganacl, M|
|poke|p1|Gliscor, M|
|poke|p1|Blissey, F|
|poke|p1|Kyurem|
|poke|p2|Darkrai|
|poke|p2|Great Tusk|
|poke|p2|Dragonite, M|
|poke|p2|Cinderace, M|
|poke|p2|Corviknight, F|
|poke|p2|Primarina, M|
|teampreview
|inactive|Battle timer is ON: inactive players will automatically lose when time's up. (requested by babo0m)
|
|t:|1760461166
|teamsize|p1|6
|teamsize|p2|6
|start
|switch|p1a: Garganacl|Garganacl, M|100/100
|switch|p2a: Sear|Cinderace, M|100/100
|turn|1
|
|t:|1760461174
|move|p1a: Garganacl|Protect|p1a: Garganacl
|-singleturn|p1a: Garganacl|Protect
|move|p2a: Sear|U-turn|p1a: Garganacl
|-start|p2a: Sear|typechange|Bug|[from] ability: Libero
|-activate|p1a: Garganacl|move: Protect
|
|upkeep
|turn|2
|
|t:|1760461178
|move|p2a: Sear|U-turn|p1a: Garganacl
|-damage|p1a: Garganacl|82/100
|
|t:|1760461195
|switch|p2a: Deuce|Great Tusk|100/100|[from] U-turn
|move|p1a: Garganacl|Stealth Rock|p2a: Deuce
|-sidestart|p2: necrohearts|move: Stealth Rock
|
|-heal|p1a: Garganacl|89/100|[from] item: Leftovers
|upkeep
|turn|3
|
|t:|1760461205
|switch|p1a: Corviknight|Corviknight, M|100/100
|-ability|p1a: Corviknight|Pressure
|move|p2a: Deuce|Knock Off|p1a: Corviknight
|-damage|p1a: Corviknight|85/100
|-damage|p2a: Deuce|84/100|[from] item: Rocky Helmet|[of] p1a: Corviknight
|-enditem|p1a: Corviknight|Rocky Helmet|[from] move: Knock Off|[of] p2a: Deuce
|
|upkeep
|turn|4
|
|t:|1760461210
|move|p2a: Deuce|Rapid Spin|p1a: Corviknight
|-resisted|p1a: Corviknight
|-damage|p1a: Corviknight|81/100
|-boost|p2a: Deuce|spe|1
|-sideend|p2: necrohearts|Stealth Rock|[from] move: Rapid Spin|[of] p2a: Deuce
|move|p1a: Corviknight|Body Press|p2a: Deuce
|-damage|p2a: Deuce|67/100
|-damage|p1a: Corviknight|64/100|[from] item: Rocky Helmet|[of] p2a: Deuce
|
|upkeep
|turn|5
|
|t:|1760461218
|-end|p2a: Deuce|Protosynthesis|[silent]
|switch|p2a: Sow|Corviknight, F|100/100
|-ability|p2a: Sow|Pressure
|move|p1a: Corviknight|Roost|p1a: Corviknight
|-heal|p1a: Corviknight|100/100
|-singleturn|p1a: Corviknight|move: Roost
|
|upkeep
|turn|6
|
|t:|1760461227
|move|p1a: Corviknight|Iron Defense|p1a: Corviknight
|-boost|p1a: Corviknight|def|2
|move|p2a: Sow|U-turn|p1a: Corviknight
|-resisted|p1a: Corviknight
|-damage|p1a: Corviknight|99/100
|
|t:|1760461232
|switch|p2a: Scoot|Dragonite, M|100/100|[from] U-turn
|
|upkeep
|turn|7
|
|t:|1760461235
|move|p2a: Scoot|Encore|p1a: Corviknight
|-start|p1a: Corviknight|Encore
|move|p1a: Corviknight|Iron Defense|p1a: Corviknight
|-boost|p1a: Corviknight|def|2
|
|upkeep
|turn|8
|
|t:|1760461243
|switch|p2a: Sear|Cinderace, M|100/100
|switch|p1a: Gliscor|Gliscor, M|100/100
|
|-status|p1a: Gliscor|tox|[from] item: Toxic Orb
|upkeep
|turn|9
|
|t:|1760461248
|move|p2a: Sear|U-turn|p1a: Gliscor
|-start|p2a: Sear|typechange|Bug|[from] ability: Libero
|-resisted|p1a: Gliscor
|-damage|p1a: Gliscor|91/100 tox
|
|t:|1760461252
|switch|p2a: Sow|Corviknight, F|100/100|[from] U-turn
|-ability|p2a: Sow|Pressure
|move|p1a: Gliscor|Toxic|p2a: Sow|[miss]
|-miss|p1a: Gliscor|p2a: Sow
|
|-heal|p1a: Gliscor|100/100 tox|[from] ability: Poison Heal
|upkeep
|turn|10
|
|t:|1760461259
|move|p1a: Gliscor|Knock Off|p2a: Sow
|-damage|p2a: Sow|87/100
|-damage|p1a: Gliscor|84/100 tox|[from] item: Rocky Helmet|[of] p2a: Sow
|-enditem|p2a: Sow|Rocky Helmet|[from] move: Knock Off|[of] p1a: Gliscor
|move|p2a: Sow|Brave Bird|p1a: Gliscor
|-damage|p1a: Gliscor|63/100 tox
|-damage|p2a: Sow|81/100|[from] Recoil
|
|-heal|p1a: Gliscor|75/100 tox|[from] ability: Poison Heal
|upkeep
|turn|11
|
|t:|1760461267
|switch|p1a: Corviknight|Corviknight, M|99/100
|-ability|p1a: Corviknight|Pressure
|move|p2a: Sow|U-turn|p1a: Corviknight
|-resisted|p1a: Corviknight
|-damage|p1a: Corviknight|97/100
|
|t:|1760461270
|switch|p2a: Sear|Cinderace, M|100/100|[from] U-turn
|
|upkeep
|turn|12
|
|t:|1760461276
|switch|p1a: Gliscor|Gliscor, M|75/100 tox
|move|p2a: Sear|Pyro Ball|p1a: Gliscor
|-damage|p1a: Gliscor|39/100 tox
|
|-heal|p1a: Gliscor|52/100 tox|[from] ability: Poison Heal
|upkeep
|turn|13
|
|t:|1760461282
|move|p2a: Sear|U-turn|p1a: Gliscor
|-start|p2a: Sear|typechange|Bug|[from] ability: Libero
|-resisted|p1a: Gliscor
|-damage|p1a: Gliscor|43/100 tox
|
|t:|1760461290
|switch|p2a: Sow|Corviknight, F|81/100|[from] U-turn
|-ability|p2a: Sow|Pressure
|move|p1a: Gliscor|Toxic|p2a: Sow
|-immune|p2a: Sow
|
|-heal|p1a: Gliscor|55/100 tox|[from] ability: Poison Heal
|upkeep
|turn|14
|
|t:|1760461299
|move|p1a: Gliscor|Swords Dance|p1a: Gliscor
|-boost|p1a: Gliscor|atk|2
|move|p2a: Sow|Brave Bird|p1a: Gliscor
|-damage|p1a: Gliscor|31/100 tox
|-damage|p2a: Sow|74/100|[from] Recoil
|
|-heal|p1a: Gliscor|44/100 tox|[from] ability: Poison Heal
|upkeep
|turn|15
|
|t:|1760461304
|move|p1a: Gliscor|Protect|p1a: Gliscor
|-singleturn|p1a: Gliscor|Protect
|move|p2a: Sow|Roost|p2a: Sow
|-heal|p2a: Sow|100/100
|-singleturn|p2a: Sow|move: Roost
|
|-heal|p1a: Gliscor|56/100 tox|[from] ability: Poison Heal
|upkeep
|turn|16
|
|t:|1760461307
|move|p1a: Gliscor|Knock Off|p2a: Sow
|-damage|p2a: Sow|84/100
|move|p2a: Sow|Brave Bird|p1a: Gliscor
|-damage|p1a: Gliscor|35/100 tox
|-damage|p2a: Sow|78/100|[from] Recoil
|
|-heal|p1a: Gliscor|47/100 tox|[from] ability: Poison Heal
|upkeep
|turn|17
|
|t:|1760461315
|switch|p1a: Garganacl|Garganacl, M|89/100
|move|p2a: Sow|Brave Bird|p1a: Garganacl
|-resisted|p1a: Garganacl
|-damage|p1a: Garganacl|78/100
|-damage|p2a: Sow|74/100|[from] Recoil
|
|-heal|p1a: Garganacl|85/100|[from] item: Leftovers
|upkeep
|turn|18
|
|t:|1760461329
|move|p2a: Sow|U-turn|p1a: Garganacl
|-damage|p1a: Garganacl|78/100
|
|t:|1760461333
|switch|p2a: Deuce|Great Tusk|67/100|[from] U-turn
|move|p1a: Garganacl|Salt Cure|p2a: Deuce
|-resisted|p2a: Deuce
|-damage|p2a: Deuce|65/100
|-start|p2a: Deuce|Salt Cure
|
|-heal|p1a: Garganacl|84/100|[from] item: Leftovers
|-damage|p2a: Deuce|52/100|[from] Salt Cure
|upkeep
|turn|19
|inactive|babo0m has 120 seconds left.
|
|t:|1760461389
|switch|p1a: Gliscor|Gliscor, M|47/100 tox
|move|p2a: Deuce|Rapid Spin|p1a: Gliscor
|-damage|p1a: Gliscor|39/100 tox
|-boost|p2a: Deuce|spe|1
|
|-heal|p1a: Gliscor|51/100 tox|[from] ability: Poison Heal
|-damage|p2a: Deuce|40/100|[from] Salt Cure
|upkeep
|turn|20
|
|t:|1760461396
|move|p2a: Deuce|Ice Spinner|p1a: Gliscor
|-supereffective|p1a: Gliscor
|-damage|p1a: Gliscor|0 fnt
|faint|p1a: Gliscor
|
|-damage|p2a: Deuce|27/100|[from] Salt Cure
|upkeep
|-message|babo0m forfeited.
|
|win|necrohearts
|raw|babo0m's rating: 1255 &rarr; <strong>1226</strong><br />(-29 for losing)
|raw|necrohearts's rating: 1196 &rarr; <strong>1225</strong><br />(+29 for winning)
|l|☆babo0m
|player|p1|
