|j|☆Reginald Chaos
|j|☆posummer薯片
|t:|1760446127
|gametype|singles
|player|p1|Reginald Chaos|dawn|1432
|player|p2|posummer薯片|alder|1486
|gen|9
|tier|[Gen 9] OU
|rated|
|rule|HP Percentage Mod: HP is shown in percentages
|rule|Endless Battle Clause: Forcing endless battles is banned
|rule|Species Clause: Limit one of each Pokémon
|rule|OHKO Clause: OHKO moves are banned
|rule|Evasion Items Clause: Evasion items are banned
|rule|Evasion Moves Clause: Evasion moves are banned
|rule|Evasion Abilities Clause: Evasion abilities are banned
|rule|Sleep Moves Clause: Sleep-inducing moves are banned
|clearpoke
|poke|p1|Araquanid, F|
|poke|p1|Gholdengo|
|poke|p1|Iron Moth|
|poke|p1|Iron Valiant|
|poke|p1|Raging Bolt|
|poke|p1|Kingambit, F|
|poke|p2|Chansey, F|
|poke|p2|Cinderace, M|
|poke|p2|Dragapult, M|
|poke|p2|Corviknight, F|
|poke|p2|Primarina, M|
|poke|p2|Ursaluna, M|
|teampreview
|inactive|Battle timer is ON: inactive players will automatically lose when time's up. (requested by Reginald Chaos)
|
|t:|1760446148
|teamsize|p1|6
|teamsize|p2|6
|start
|switch|p1a: Gholdengo|Gholdengo|100/100
|switch|p2a: Hesi Tween|Dragapult, M, shiny|100/100
|-item|p1a: Gholdengo|Air Balloon
|turn|1
|
|t:|1760446153
|switch|p2a: Green Eggs and Ham|Chansey, F, shiny|100/100
|move|p1a: Gholdengo|Shadow Ball|p2a: Green Eggs and Ham
|-immune|p2a: Green Eggs and Ham
|
|upkeep
|turn|2
|
|t:|1760446157
|move|p1a: Gholdengo|Nasty Plot|p1a: Gholdengo
|-boost|p1a: Gholdengo|spa|2
|move|p2a: Green Eggs and Ham|Shadow Ball|p1a: Gholdengo
|-supereffective|p1a: Gholdengo
|-damage|p1a: Gholdengo|80/100
|-enditem|p1a: Gholdengo|Air Balloon
|
|upkeep
|turn|3
|
|t:|1760446163
|move|p1a: Gholdengo|Psyshock|p2a: Green Eggs and Ham
|-damage|p2a: Green Eggs and Ham|59/100
|move|p2a: Green Eggs and Ham|Shadow Ball|p1a: Gholdengo
|-supereffective|p1a: Gholdengo
|-damage|p1a: Gholdengo|59/100
|
|upkeep
|turn|4
|
|t:|1760446189
|switch|p2a: Freddie Kane|Cinderace, M|100/100
|move|p1a: Gholdengo|Nasty Plot|p1a: Gholdengo
|-boost|p1a: Gholdengo|spa|2
|
|upkeep
|turn|5
|
|t:|1760446205
|-terastallize|p1a: Gholdengo|Flying
|move|p2a: Freddie Kane|Pyro Ball|p1a: Gholdengo
|-damage|p1a: Gholdengo|4/100
|move|p1a: Gholdengo|Shadow Ball|p2a: Freddie Kane
|-damage|p2a: Freddie Kane|0 fnt
|faint|p2a: Freddie Kane
|
|upkeep
|
|t:|1760446219
|switch|p2a: Hesi Tween|Dragapult, M, shiny|100/100
|turn|6
|
|t:|1760446222
|move|p2a: Hesi Tween|Dragon Darts|p1a: Gholdengo
|-damage|p1a: Gholdengo|0 fnt
|faint|p1a: Gholdengo
|
|upkeep
|
|t:|1760446233
|switch|p1a: Iron Valiant|Iron Valiant|100/100
|-enditem|p1a: Iron Valiant|Booster Energy
|-activate|p1a: Iron Valiant|ability: Quark Drive|[fromitem]
|-start|p1a: Iron Valiant|quarkdrivespa
|turn|7
|inactive|posummer薯片 has 120 seconds left.
|
|t:|1760446276
|switch|p2a: WUSYANAME|Ursaluna, M, shiny|100/100
|move|p1a: Iron Valiant|Calm Mind|p1a: Iron Valiant
|-boost|p1a: Iron Valiant|spa|1
|-boost|p1a: Iron Valiant|spd|1
|
|upkeep
|turn|8
|
|t:|1760446304
|move|p1a: Iron Valiant|Moonblast|p2a: WUSYANAME
|-damage|p2a: WUSYANAME|30/100
|move|p2a: WUSYANAME|Body Slam|p1a: Iron Valiant
|-damage|p1a: Iron Valiant|41/100
|-status|p1a: Iron Valiant|par
|
|-heal|p2a: WUSYANAME|36/100|[from] item: Leftovers
|upkeep
|turn|9
|inactive|posummer薯片 has 120 seconds left.
|
|t:|1760446314
|move|p1a: Iron Valiant|Moonblast|p2a: WUSYANAME
|-damage|p2a: WUSYANAME|0 fnt
|faint|p2a: WUSYANAME
|
|upkeep
|inactive|posummer薯片 has 120 seconds left.
|
|t:|1760446321
|switch|p2a: Hesi Tween|Dragapult, M, shiny|100/100
|turn|10
|
|t:|1760446322
|move|p2a: Hesi Tween|Hex|p1a: Iron Valiant
|-damage|p1a: Iron Valiant|0 fnt
|faint|p1a: Iron Valiant
|-end|p1a: Iron Valiant|Quark Drive|[silent]
|
|upkeep
|
|t:|1760446335
|switch|p1a: Araquanid|Araquanid, F|100/100
|turn|11
|
|t:|1760446349
|move|p2a: Hesi Tween|Dragon Darts|p1a: Araquanid
|-damage|p1a: Araquanid|78/100
|-anim|p2a: Hesi Tween|Dragon Darts|p1a: Araquanid
|-damage|p1a: Araquanid|56/100
|move|p1a: Araquanid|Lunge|p2a: Hesi Tween
|-resisted|p2a: Hesi Tween
|-damage|p2a: Hesi Tween|86/100
|
|-heal|p2a: Hesi Tween|92/100|[from] item: Leftovers
|upkeep
|turn|12
|
|t:|1760446359
|move|p2a: Hesi Tween|Dragon Darts|p1a: Araquanid
|-damage|p1a: Araquanid|36/100
|-anim|p2a: Hesi Tween|Dragon Darts|p1a: Araquanid
|-damage|p1a: Araquanid|14/100
|move|p1a: Araquanid|Lunge|p2a: Hesi Tween
|-resisted|p2a: Hesi Tween
|-damage|p2a: Hesi Tween|79/100
|
|-heal|p2a: Hesi Tween|85/100|[from] item: Leftovers
|upkeep
|turn|13
|-enditem|p1a: Araquanid|Custap Berry|[eat]
|-activate|p1a: Araquanid|item: Custap Berry|[consumed]
|
|t:|1760446365
|move|p1a: Araquanid|Surf|p2a: Hesi Tween
|-resisted|p2a: Hesi Tween
|-damage|p2a: Hesi Tween|55/100
|move|p2a: Hesi Tween|Dragon Darts|p1a: Araquanid
|-crit|p1a: Araquanid
|-damage|p1a: Araquanid|0 fnt
|faint|p1a: Araquanid
|
|-heal|p2a: Hesi Tween|61/100|[from] item: Leftovers
|upkeep
|
|t:|1760446367
|switch|p1a: Iron Moth|Iron Moth|100/100
|-enditem|p1a: Iron Moth|Booster Energy
|-activate|p1a: Iron Moth|ability: Quark Drive|[fromitem]
|-start|p1a: Iron Moth|quarkdrivespa
|turn|14
|
|t:|1760446374
|switch|p2a: Green Eggs and Ham|Chansey, F, shiny|59/100
|move|p1a: Iron Moth|Sludge Wave|p2a: Green Eggs and Ham
|-damage|p2a: Green Eggs and Ham|38/100
|
|upkeep
|turn|15
|
|t:|1760446379
|move|p1a: Iron Moth|Fiery Dance|p2a: Green Eggs and Ham
|-damage|p2a: Green Eggs and Ham|22/100
|-boost|p1a: Iron Moth|spa|1
|move|p2a: Green Eggs and Ham|Soft-Boiled|p2a: Green Eggs and Ham
|-heal|p2a: Green Eggs and Ham|72/100
|
|upkeep
|turn|16
|
|t:|1760446385
|move|p1a: Iron Moth|Substitute|p1a: Iron Moth
|-start|p1a: Iron Moth|Substitute
|-damage|p1a: Iron Moth|76/100
|move|p2a: Green Eggs and Ham|Thunder Wave|p1a: Iron Moth|[miss]
|-miss|p2a: Green Eggs and Ham|p1a: Iron Moth
|
|upkeep
|turn|17
|
|t:|1760446387
|move|p1a: Iron Moth|Fiery Dance|p2a: Green Eggs and Ham
|-damage|p2a: Green Eggs and Ham|49/100
|-boost|p1a: Iron Moth|spa|1
|move|p2a: Green Eggs and Ham|Seismic Toss|p1a: Iron Moth
|-end|p1a: Iron Moth|Substitute
|
|upkeep
|turn|18
|
|t:|1760446392
|move|p1a: Iron Moth|Fiery Dance|p2a: Green Eggs and Ham
|-damage|p2a: Green Eggs and Ham|20/100
|move|p2a: Green Eggs and Ham|Seismic Toss|p1a: Iron Moth
|-damage|p1a: Iron Moth|42/100
|
|upkeep
|turn|19
|
|t:|1760446399
|move|p1a: Iron Moth|Fiery Dance|p2a: Green Eggs and Ham
|-damage|p2a: Green Eggs and Ham|0 fnt
|-boost|p1a: Iron Moth|spa|1
|faint|p2a: Green Eggs and Ham
|
|upkeep
|
|t:|1760446401
|switch|p2a: Hesi Tween|Dragapult, M, shiny|61/100
|turn|20
|
|t:|1760446405
|move|p2a: Hesi Tween|Dragon Darts|p1a: Iron Moth
|-damage|p1a: Iron Moth|5/100
|-anim|p2a: Hesi Tween|Dragon Darts|p1a: Iron Moth
|-damage|p1a: Iron Moth|0 fnt
|faint|p1a: Iron Moth
|-end|p1a: Iron Moth|Quark Drive|[silent]
|
|-heal|p2a: Hesi Tween|67/100|[from] item: Leftovers
|upkeep
|
|t:|1760446407
|switch|p1a: Kingambit|Kingambit, F|100/100
|-activate|p1a: Kingambit|ability: Supreme Overlord
|-start|p1a: Kingambit|fallen4|[silent]
|-item|p1a: Kingambit|Air Balloon
|turn|21
|
|t:|1760446416
|move|p2a: Hesi Tween|Will-O-Wisp|p1a: Kingambit
|-status|p1a: Kingambit|brn
|move|p1a: Kingambit|Kowtow Cleave|p2a: Hesi Tween
|-supereffective|p2a: Hesi Tween
|-damage|p2a: Hesi Tween|0 fnt
|faint|p2a: Hesi Tween
|
|-damage|p1a: Kingambit|94/100 brn|[from] brn
|upkeep
|
|t:|1760446421
|switch|p2a: Hoe u trippin?|Corviknight, F, shiny|100/100
|-ability|p2a: Hoe u trippin?|Pressure
|turn|22
|
|t:|1760446424
|move|p1a: Kingambit|Swords Dance|p1a: Kingambit
|-boost|p1a: Kingambit|atk|2
|move|p2a: Hoe u trippin?|Body Press|p1a: Kingambit
|-supereffective|p1a: Kingambit
|-damage|p1a: Kingambit|11/100 brn
|-enditem|p1a: Kingambit|Air Balloon
|
|-damage|p1a: Kingambit|5/100 brn|[from] brn
|upkeep
|turn|23
|
|t:|1760446436
|move|p1a: Kingambit|Kowtow Cleave|p2a: Hoe u trippin?
|-crit|p2a: Hoe u trippin?
|-damage|p2a: Hoe u trippin?|38/100
|-damage|p1a: Kingambit|0 fnt|[from] item: Rocky Helmet|[of] p2a: Hoe u trippin?
|faint|p1a: Kingambit
|-end|p1a: Kingambit|fallen4|[silent]
|move|p2a: Hoe u trippin?|Roost|p2a: Hoe u trippin?
|-heal|p2a: Hoe u trippin?|88/100
|-singleturn|p2a: Hoe u trippin?|move: Roost
|
|upkeep
|
|t:|1760446452
|switch|p1a: Raging Bolt|Raging Bolt|100/100
|-enditem|p1a: Raging Bolt|Booster Energy
|-activate|p1a: Raging Bolt|ability: Protosynthesis|[fromitem]
|-start|p1a: Raging Bolt|protosynthesisspa
|turn|24
|
|t:|1760446459
|move|p1a: Raging Bolt|Calm Mind|p1a: Raging Bolt
|-boost|p1a: Raging Bolt|spa|1
|-boost|p1a: Raging Bolt|spd|1
|move|p2a: Hoe u trippin?|Body Press|p1a: Raging Bolt
|-damage|p1a: Raging Bolt|77/100
|
|upkeep
|turn|25
|
|t:|1760446462
|move|p1a: Raging Bolt|Thunderbolt|p2a: Hoe u trippin?
|-supereffective|p2a: Hoe u trippin?
|-damage|p2a: Hoe u trippin?|0 fnt
|faint|p2a: Hoe u trippin?
|
|upkeep
|
|t:|1760446465
|switch|p2a: Ru Paul|Primarina, M, shiny|100/100
|turn|26
|
|t:|1760446469
|-terastallize|p2a: Ru Paul|Poison
|move|p1a: Raging Bolt|Thunderbolt|p2a: Ru Paul
|-damage|p2a: Ru Paul|4/100
|move|p2a: Ru Paul|Moonblast|p1a: Raging Bolt
|-supereffective|p1a: Raging Bolt
|-damage|p1a: Raging Bolt|5/100
|
|-heal|p2a: Ru Paul|10/100|[from] item: Leftovers
|upkeep
|turn|27
|
|t:|1760446476
|move|p1a: Raging Bolt|Thunderbolt|p2a: Ru Paul
|-damage|p2a: Ru Paul|0 fnt
|faint|p2a: Ru Paul
|
|win|Reginald Chaos
|raw|Reginald Chaos's rating: 1432 &rarr; <strong>1455</strong><br />(+23 for winning)
|raw|posummer薯片's rating: 1486 &rarr; <strong>1463</strong><br />(-23 for losing)
|l|☆Reginald Chaos
|player|p1|
|l|☆posummer薯片
|player|p2|
