|j|☆kxizr
|j|☆Mtrfenix2999
|t:|1760398277
|gametype|singles
|player|p1|kxizr|steven|1093
|player|p2|Mtrfenix2999|266|1147
|gen|9
|tier|[Gen 9] OU
|rated|
|rule|HP Percentage Mod: HP is shown in percentages
|rule|Endless Battle Clause: Forcing endless battles is banned
|rule|Species Clause: Limit one of each Pokémon
|rule|OHKO Clause: OHKO moves are banned
|rule|Evasion Items Clause: Evasion items are banned
|rule|Evasion Moves Clause: Evasion moves are banned
|rule|Evasion Abilities Clause: Evasion abilities are banned
|rule|Sleep Moves Clause: Sleep-inducing moves are banned
|clearpoke
|poke|p1|Dragapult, M|
|poke|p1|Kingambit, M|
|poke|p1|Blaziken, M|
|poke|p1|Rillaboom, F|
|poke|p1|Quaquaval, F|
|poke|p1|Maushold-Four|
|poke|p2|Farigiraf, F|
|poke|p2|Ogerpon-Wellspring, F|
|poke|p2|Jolteon, F|
|poke|p2|Typhlosion, F|
|poke|p2|Great Tusk|
|poke|p2|Skarmory, F|
|teampreview
|inactive|Battle timer is ON: inactive players will automatically lose when time's up. (requested by kxizr)
|
|t:|1760398282
|teamsize|p1|6
|teamsize|p2|6
|start
|switch|p1a: shreak|Quaquaval, F|100/100
|switch|p2a: Jolteon|Jolteon, F|100/100
|turn|1
|
|t:|1760398294
|switch|p1a: harambe|Rillaboom, F|100/100
|-fieldstart|move: Grassy Terrain|[from] ability: Grassy Surge|[of] p1a: harambe
|move|p2a: Jolteon|Volt Switch|p1a: harambe
|-resisted|p1a: harambe
|-damage|p1a: harambe|81/100
|
|t:|1760398305
|switch|p2a: Farigiraf|Farigiraf, F|100/100|[from] Volt Switch
|
|-heal|p1a: harambe|87/100|[from] Grassy Terrain
|upkeep
|turn|2
|
|t:|1760398314
|move|p1a: harambe|High Horsepower|p2a: Farigiraf
|-damage|p2a: Farigiraf|63/100
|-damage|p1a: harambe|77/100|[from] item: Life Orb
|move|p2a: Farigiraf|Psychic Noise|p1a: harambe
|-damage|p1a: harambe|39/100
|-start|p1a: harambe|move: Heal Block
|
|-heal|p2a: Farigiraf|70/100|[from] Grassy Terrain
|-heal|p2a: Farigiraf|76/100|[from] item: Leftovers
|upkeep
|turn|3
|
|t:|1760398329
|move|p1a: harambe|Drum Beating|p2a: Farigiraf
|-ability|p2a: Farigiraf|Sap Sipper|boost
|-boost|p2a: Farigiraf|atk|1
|move|p2a: Farigiraf|Nasty Plot|p2a: Farigiraf
|-boost|p2a: Farigiraf|spa|2
|
|-heal|p2a: Farigiraf|82/100|[from] Grassy Terrain
|-heal|p2a: Farigiraf|88/100|[from] item: Leftovers
|-end|p1a: harambe|move: Heal Block
|upkeep
|turn|4
|
|t:|1760398341
|move|p1a: harambe|Hammer Arm|p2a: Farigiraf
|-damage|p2a: Farigiraf|48/100
|-unboost|p1a: harambe|spe|1
|-damage|p1a: harambe|29/100|[from] item: Life Orb
|move|p2a: Farigiraf|Future Sight|p1a: harambe
|-start|p2a: Farigiraf|move: Future Sight
|
|-heal|p1a: harambe|35/100|[from] Grassy Terrain
|-heal|p2a: Farigiraf|54/100|[from] Grassy Terrain
|-heal|p2a: Farigiraf|60/100|[from] item: Leftovers
|upkeep
|turn|5
|
|t:|1760398357
|move|p1a: harambe|Grassy Glide|p2a: Farigiraf
|-ability|p2a: Farigiraf|Sap Sipper|boost
|-boost|p2a: Farigiraf|atk|1
|move|p2a: Farigiraf|Hyper Voice|p1a: harambe
|-damage|p1a: harambe|0 fnt
|faint|p1a: harambe
|
|-heal|p2a: Farigiraf|66/100|[from] Grassy Terrain
|-heal|p2a: Farigiraf|72/100|[from] item: Leftovers
|-fieldend|move: Grassy Terrain
|upkeep
|
|t:|1760398377
|switch|p1a: cm punk|Blaziken, M, shiny|100/100
|turn|6
|
|t:|1760398387
|move|p1a: cm punk|Bulk Up|p1a: cm punk
|-boost|p1a: cm punk|atk|1
|-boost|p1a: cm punk|def|1
|move|p2a: Farigiraf|Psychic Noise|p1a: cm punk
|-supereffective|p1a: cm punk
|-damage|p1a: cm punk|0 fnt
|faint|p1a: cm punk
|
|-hint|Future Sight did not hit because the target is fainted.
|-heal|p2a: Farigiraf|78/100|[from] item: Leftovers
|upkeep
|
|t:|1760398391
|switch|p1a: toothless|Dragapult, M, shiny|100/100
|turn|7
|
|t:|1760398405
|move|p1a: toothless|Phantom Force||[still]
|-prepare|p1a: toothless|Phantom Force
|move|p2a: Farigiraf|Future Sight|p1a: toothless
|-start|p2a: Farigiraf|move: Future Sight
|
|-heal|p2a: Farigiraf|84/100|[from] item: Leftovers
|upkeep
|turn|8
|
|t:|1760398416
|move|p1a: toothless|Phantom Force|p2a: Farigiraf|[from] lockedmove
|-immune|p2a: Farigiraf
|move|p2a: Farigiraf|Psychic Noise|p1a: toothless
|-damage|p1a: toothless|17/100
|-start|p1a: toothless|move: Heal Block
|
|-heal|p2a: Farigiraf|90/100|[from] item: Leftovers
|upkeep
|turn|9
|
|t:|1760398433
|move|p1a: toothless|Dragon Darts|p2a: Farigiraf
|-damage|p2a: Farigiraf|69/100
|-anim|p1a: toothless|Dragon Darts|p2a: Farigiraf
|-damage|p2a: Farigiraf|47/100
|move|p2a: Farigiraf|Nasty Plot|p2a: Farigiraf
|-boost|p2a: Farigiraf|spa|2
|
|-end|p1a: toothless|move: Future Sight
|-damage|p1a: toothless|0 fnt
|faint|p1a: toothless
|-heal|p2a: Farigiraf|54/100|[from] item: Leftovers
|upkeep
|
|t:|1760398458
|switch|p1a: shreak|Quaquaval, F|100/100
|turn|10
|
|t:|1760398465
|move|p1a: shreak|Close Combat|p2a: Farigiraf
|-damage|p2a: Farigiraf|5/100
|-unboost|p1a: shreak|def|1
|-unboost|p1a: shreak|spd|1
|move|p2a: Farigiraf|Psychic Noise|p1a: shreak
|-supereffective|p1a: shreak
|-damage|p1a: shreak|0 fnt
|faint|p1a: shreak
|
|-heal|p2a: Farigiraf|12/100|[from] item: Leftovers
|upkeep
|
|t:|1760398469
|switch|p1a: oyaji|Maushold-Four, shiny|100/100
|turn|11
|
|t:|1760398483
|move|p1a: oyaji|Population Bomb|p2a: Farigiraf
|-damage|p2a: Farigiraf|1/100
|-crit|p2a: Farigiraf
|-damage|p2a: Farigiraf|0 fnt
|faint|p2a: Farigiraf
|-hitcount|p2: Farigiraf|2
|
|upkeep
|
|t:|1760398496
|switch|p2a: Typhlosion|Typhlosion, F|100/100
|turn|12
|
|t:|1760398504
|-terastallize|p2a: Typhlosion|Fire
|-terastallize|p1a: oyaji|Dragon
|move|p2a: Typhlosion|Eruption|p1a: oyaji
|-resisted|p1a: oyaji
|-damage|p1a: oyaji|36/100
|move|p1a: oyaji|Tidy Up|p1a: oyaji
|-boost|p1a: oyaji|atk|1
|-boost|p1a: oyaji|spe|1
|
|upkeep
|turn|13
|
|t:|1760398515
|move|p2a: Typhlosion|Eruption|p1a: oyaji
|-resisted|p1a: oyaji
|-damage|p1a: oyaji|0 fnt
|faint|p1a: oyaji
|
|upkeep
|c|☆kxizr|fuk outta here
|inactive|kxizr has 120 seconds left.
|
|t:|1760398550
|switch|p1a: meruem|Kingambit, M|100/100
|-activate|p1a: meruem|ability: Supreme Overlord
|-start|p1a: meruem|fallen5|[silent]
|-item|p1a: meruem|Air Balloon
|turn|14
|
|t:|1760398564
|switch|p2a: Skarmory|Skarmory, F|100/100
|move|p1a: meruem|Zen Headbutt|p2a: Skarmory
|-resisted|p2a: Skarmory
|-damage|p2a: Skarmory|84/100
|
|-heal|p2a: Skarmory|90/100|[from] item: Leftovers
|upkeep
|turn|15
|
|t:|1760398573
|move|p1a: meruem|Kowtow Cleave|p2a: Skarmory
|-damage|p2a: Skarmory|39/100
|move|p2a: Skarmory|Body Press|p1a: meruem
|-supereffective|p1a: meruem
|-damage|p1a: meruem|15/100
|-enditem|p1a: meruem|Air Balloon
|
|-heal|p2a: Skarmory|45/100|[from] item: Leftovers
|upkeep
|turn|16
|
|t:|1760398586
|move|p1a: meruem|Kowtow Cleave|p2a: Skarmory
|-damage|p2a: Skarmory|0 fnt
|faint|p2a: Skarmory
|
|upkeep
|
|t:|1760398593
|switch|p2a: Great Tusk|Great Tusk|100/100
|turn|17
|
|t:|1760398603
|move|p2a: Great Tusk|Headlong Rush|p1a: meruem
|-supereffective|p1a: meruem
|-damage|p1a: meruem|0 fnt
|-unboost|p2a: Great Tusk|def|1
|-unboost|p2a: Great Tusk|spd|1
|faint|p1a: meruem
|-end|p1a: meruem|fallen5|[silent]
|
|win|Mtrfenix2999
