|j|‽doomcake45
|j|☆Davi do Prado 01
|t:|1760459109
|gametype|singles
|player|p1|doomcake45|maid|1052
|player|p2|Davi do Prado 01|youngster-gen4dp|1009
|gen|9
|tier|[Gen 9] OU
|rated|
|rule|HP Percentage Mod: HP is shown in percentages
|rule|Endless Battle Clause: Forcing endless battles is banned
|rule|Species Clause: Limit one of each Pokémon
|rule|OHKO Clause: OHKO moves are banned
|rule|Evasion Items Clause: Evasion items are banned
|rule|Evasion Moves Clause: Evasion moves are banned
|rule|Evasion Abilities Clause: Evasion abilities are banned
|rule|Sleep Moves Clause: Sleep-inducing moves are banned
|clearpoke
|poke|p1|Ceruledge, F|
|poke|p1|Gliscor, M|
|poke|p1|Landorus-Therian, M|
|poke|p1|Gastrodon, M|
|poke|p1|Gholdengo|
|poke|p1|Tinkaton, F|
|poke|p2|Landorus-Therian, M|
|poke|p2|Dragapult, M|
|poke|p2|Heatran, F|
|poke|p2|Great Tusk|
|poke|p2|Rillaboom, F|
|poke|p2|Iron Valiant|
|teampreview
|
|t:|1760459113
|teamsize|p1|6
|teamsize|p2|6
|start
|switch|p1a: Gholdengo|Gholdengo|100/100
|switch|p2a: Landorus|Landorus-Therian, M|100/100
|-ability|p2a: Landorus|Intimidate|boost
|-unboost|p1a: Gholdengo|atk|1
|turn|1
|
|t:|1760459148
|move|p1a: Gholdengo|Focus Blast|p2a: Landorus
|-resisted|p2a: Landorus
|-damage|p2a: Landorus|78/100
|move|p2a: Landorus|Earthquake|p1a: Gholdengo
|-supereffective|p1a: Gholdengo
|-damage|p1a: Gholdengo|0 fnt
|faint|p1a: Gholdengo
|
|-heal|p2a: Landorus|84/100|[from] item: Leftovers
|upkeep
|
|t:|1760459163
|switch|p1a: Gastrodon|Gastrodon, M|100/100
|turn|2
|
|t:|1760459167
|move|p2a: Landorus|Stealth Rock|p1a: Gastrodon
|-sidestart|p1: doomcake45|move: Stealth Rock
|move|p1a: Gastrodon|Surf|p2a: Landorus
|-supereffective|p2a: Landorus
|-damage|p2a: Landorus|24/100
|
|-heal|p2a: Landorus|30/100|[from] item: Leftovers
|upkeep
|turn|3
|
|t:|1760459175
|move|p2a: Landorus|Earthquake|p1a: Gastrodon
|-damage|p1a: Gastrodon|47/100
|move|p1a: Gastrodon|Surf|p2a: Landorus
|-supereffective|p2a: Landorus
|-damage|p2a: Landorus|0 fnt
|faint|p2a: Landorus
|
|-heal|p1a: Gastrodon|53/100|[from] item: Leftovers
|upkeep
|
|t:|1760459185
|switch|p2a: Dragapult|Dragapult, M|100/100
|turn|4
|
|t:|1760459190
|move|p2a: Dragapult|Draco Meteor|p1a: Gastrodon
|-damage|p1a: Gastrodon|3/100
|-unboost|p2a: Dragapult|spa|2
|move|p1a: Gastrodon|Recover|p1a: Gastrodon
|-heal|p1a: Gastrodon|53/100
|
|-heal|p1a: Gastrodon|59/100|[from] item: Leftovers
|upkeep
|turn|5
|
|t:|1760459205
|switch|p1a: Tinkaton|Tinkaton, F|100/100
|-damage|p1a: Tinkaton|94/100|[from] Stealth Rock
|-ability|p1a: Tinkaton|Mold Breaker
|move|p2a: Dragapult|Draco Meteor|p1a: Tinkaton
|-immune|p1a: Tinkaton
|
|upkeep
|turn|6
|
|t:|1760459216
|switch|p2a: Rillaboom|Rillaboom, F|100/100
|-fieldstart|move: Grassy Terrain|[from] ability: Grassy Surge|[of] p2a: Rillaboom
|move|p1a: Tinkaton|Knock Off|p2a: Rillaboom
|-damage|p2a: Rillaboom|71/100
|-enditem|p2a: Rillaboom|Choice Band|[from] move: Knock Off|[of] p1a: Tinkaton
|-damage|p1a: Tinkaton|84/100|[from] item: Life Orb
|
|-heal|p1a: Tinkaton|91/100|[from] Grassy Terrain
|-heal|p2a: Rillaboom|77/100|[from] Grassy Terrain
|upkeep
|turn|7
|
|t:|1760459228
|move|p2a: Rillaboom|Grassy Glide|p1a: Tinkaton
|-resisted|p1a: Tinkaton
|-damage|p1a: Tinkaton|68/100
|move|p1a: Tinkaton|Thunder Wave|p2a: Rillaboom|[miss]
|-miss|p1a: Tinkaton|p2a: Rillaboom
|
|-heal|p1a: Tinkaton|74/100|[from] Grassy Terrain
|-heal|p2a: Rillaboom|83/100|[from] Grassy Terrain
|upkeep
|turn|8
|
|t:|1760459238
|move|p1a: Tinkaton|Thunder Wave|p2a: Rillaboom
|-status|p2a: Rillaboom|par
|move|p2a: Rillaboom|Knock Off|p1a: Tinkaton
|-resisted|p1a: Tinkaton
|-damage|p1a: Tinkaton|54/100
|-enditem|p1a: Tinkaton|Life Orb|[from] move: Knock Off|[of] p2a: Rillaboom
|
|-heal|p1a: Tinkaton|60/100|[from] Grassy Terrain
|-heal|p2a: Rillaboom|89/100 par|[from] Grassy Terrain
|upkeep
|turn|9
|
|t:|1760459250
|switch|p2a: Great Tusk|Great Tusk|100/100
|-enditem|p2a: Great Tusk|Booster Energy
|-activate|p2a: Great Tusk|ability: Protosynthesis|[fromitem]
|-start|p2a: Great Tusk|protosynthesisatk
|move|p1a: Tinkaton|Encore||[still]
|-fail|p1a: Tinkaton
|
|-heal|p1a: Tinkaton|66/100|[from] Grassy Terrain
|upkeep
|turn|10
|
|t:|1760459261
|move|p1a: Tinkaton|Gigaton Hammer|p2a: Great Tusk
|-damage|p2a: Great Tusk|66/100
|move|p2a: Great Tusk|Close Combat|p1a: Tinkaton
|-damage|p1a: Tinkaton|0 fnt
|-unboost|p2a: Great Tusk|def|1
|-unboost|p2a: Great Tusk|spd|1
|faint|p1a: Tinkaton
|
|-heal|p2a: Great Tusk|72/100|[from] Grassy Terrain
|-fieldend|move: Grassy Terrain
|upkeep
|
|t:|1760459275
|switch|p1a: Gliscor|Gliscor, M|100/100
|-damage|p1a: Gliscor|88/100|[from] Stealth Rock
|turn|11
|
|t:|1760459281
|move|p1a: Gliscor|Swords Dance|p1a: Gliscor
|-boost|p1a: Gliscor|atk|2
|move|p2a: Great Tusk|Close Combat|p1a: Gliscor
|-resisted|p1a: Gliscor
|-damage|p1a: Gliscor|55/100
|-unboost|p2a: Great Tusk|def|1
|-unboost|p2a: Great Tusk|spd|1
|
|-status|p1a: Gliscor|tox|[from] item: Toxic Orb
|upkeep
|turn|12
|
|t:|1760459293
|-end|p2a: Great Tusk|Protosynthesis|[silent]
|switch|p2a: Dragapult|Dragapult, M|100/100
|move|p1a: Gliscor|Facade|p2a: Dragapult
|-immune|p2a: Dragapult
|
|-heal|p1a: Gliscor|67/100 tox|[from] ability: Poison Heal
|upkeep
|turn|13
|
|t:|1760459302
|move|p1a: Gliscor|Protect|p1a: Gliscor
|-singleturn|p1a: Gliscor|Protect
|move|p2a: Dragapult|Draco Meteor|p1a: Gliscor
|-activate|p1a: Gliscor|move: Protect
|
|-heal|p1a: Gliscor|80/100 tox|[from] ability: Poison Heal
|upkeep
|turn|14
|
|t:|1760459311
|move|p2a: Dragapult|Draco Meteor|p1a: Gliscor
|-damage|p1a: Gliscor|0 fnt
|-unboost|p2a: Dragapult|spa|2
|faint|p1a: Gliscor
|
|upkeep
|
|t:|1760459322
|switch|p1a: Landorus|Landorus-Therian, M|100/100
|-damage|p1a: Landorus|88/100|[from] Stealth Rock
|-ability|p1a: Landorus|Intimidate|boost
|-unboost|p2a: Dragapult|atk|1
|turn|15
|
|t:|1760459331
|move|p1a: Landorus|Earthquake|p2a: Dragapult
|-damage|p2a: Dragapult|34/100
|move|p2a: Dragapult|Draco Meteor|p1a: Landorus
|-damage|p1a: Landorus|43/100
|-unboost|p2a: Dragapult|spa|2
|
|upkeep
|turn|16
|
|t:|1760459341
|switch|p2a: Great Tusk|Great Tusk|72/100
|move|p1a: Landorus|Earthquake|p2a: Great Tusk
|-damage|p2a: Great Tusk|35/100
|
|upkeep
|turn|17
|
|t:|1760459347
|move|p1a: Landorus|Earthquake|p2a: Great Tusk
|-damage|p2a: Great Tusk|0 fnt
|faint|p2a: Great Tusk
|-end|p2a: Great Tusk|Protosynthesis|[silent]
|
|upkeep
|
|t:|1760459353
|switch|p2a: Rillaboom|Rillaboom, F|89/100 par
|-fieldstart|move: Grassy Terrain|[from] ability: Grassy Surge|[of] p2a: Rillaboom
|turn|18
|
|t:|1760459358
|switch|p1a: Ceruledge|Ceruledge, F|100/100
|-damage|p1a: Ceruledge|76/100|[from] Stealth Rock
|move|p2a: Rillaboom|Grassy Glide|p1a: Ceruledge
|-resisted|p1a: Ceruledge
|-damage|p1a: Ceruledge|53/100
|-ability|p1a: Ceruledge|Weak Armor|boost
|-unboost|p1a: Ceruledge|def|1
|-boost|p1a: Ceruledge|spe|2
|
|-heal|p1a: Ceruledge|59/100|[from] Grassy Terrain
|-heal|p2a: Rillaboom|95/100 par|[from] Grassy Terrain
|upkeep
|turn|19
|
|t:|1760459374
|switch|p2a: Heatran|Heatran, F|100/100
|-terastallize|p1a: Ceruledge|Fire
|move|p1a: Ceruledge|Bitter Blade|p2a: Heatran
|-start|p2a: Heatran|ability: Flash Fire
|
|-heal|p1a: Ceruledge|65/100|[from] Grassy Terrain
|upkeep
|turn|20
|
|t:|1760459387
|switch|p1a: Gastrodon|Gastrodon, M|59/100
|-damage|p1a: Gastrodon|53/100|[from] Stealth Rock
|move|p2a: Heatran|Earth Power|p1a: Gastrodon
|-damage|p1a: Gastrodon|36/100
|
|-heal|p1a: Gastrodon|42/100|[from] Grassy Terrain
|-heal|p1a: Gastrodon|48/100|[from] item: Leftovers
|upkeep
|turn|21
|
|t:|1760459399
|move|p2a: Heatran|Magma Storm|p1a: Gastrodon
|-resisted|p1a: Gastrodon
|-damage|p1a: Gastrodon|24/100
|-activate|p1a: Gastrodon|move: Magma Storm|[of] p2a: Heatran
|move|p1a: Gastrodon|Surf|p2a: Heatran
|-supereffective|p2a: Heatran
|-crit|p2a: Heatran
|-damage|p2a: Heatran|24/100
|
|-heal|p2a: Heatran|30/100|[from] Grassy Terrain
|-heal|p2a: Heatran|36/100|[from] item: Leftovers
|-heal|p1a: Gastrodon|30/100|[from] Grassy Terrain
|-heal|p1a: Gastrodon|36/100|[from] item: Leftovers
|-damage|p1a: Gastrodon|24/100|[from] move: Magma Storm|[partiallytrapped]
|upkeep
|turn|22
|
|t:|1760459413
|move|p2a: Heatran|Protect|p2a: Heatran
|-singleturn|p2a: Heatran|Protect
|move|p1a: Gastrodon|Recover|p1a: Gastrodon
|-heal|p1a: Gastrodon|74/100
|
|-heal|p2a: Heatran|42/100|[from] Grassy Terrain
|-heal|p2a: Heatran|48/100|[from] item: Leftovers
|-heal|p1a: Gastrodon|80/100|[from] Grassy Terrain
|-heal|p1a: Gastrodon|86/100|[from] item: Leftovers
|-damage|p1a: Gastrodon|74/100|[from] move: Magma Storm|[partiallytrapped]
|-fieldend|move: Grassy Terrain
|upkeep
|turn|23
|
|t:|1760459428
|-end|p2a: Heatran|ability: Flash Fire|[silent]
|switch|p2a: Dragapult|Dragapult, M|34/100
|move|p1a: Gastrodon|Surf|p2a: Dragapult
|-resisted|p2a: Dragapult
|-damage|p2a: Dragapult|17/100
|
|-heal|p1a: Gastrodon|80/100|[from] item: Leftovers
|-end|p1a: Gastrodon|Magma Storm|[partiallytrapped]|[silent]
|upkeep
|turn|24
|
|t:|1760459437
|move|p1a: Gastrodon|Protect|p1a: Gastrodon
|-singleturn|p1a: Gastrodon|Protect
|move|p2a: Dragapult|Draco Meteor|p1a: Gastrodon
|-activate|p1a: Gastrodon|move: Protect
|
|-heal|p1a: Gastrodon|86/100|[from] item: Leftovers
|upkeep
|turn|25
|
|t:|1760459445
|move|p2a: Dragapult|Draco Meteor|p1a: Gastrodon
|-damage|p1a: Gastrodon|37/100
|-unboost|p2a: Dragapult|spa|2
|move|p1a: Gastrodon|Sludge Bomb|p2a: Dragapult
|-resisted|p2a: Dragapult
|-damage|p2a: Dragapult|7/100
|-status|p2a: Dragapult|psn
|
|-heal|p1a: Gastrodon|43/100|[from] item: Leftovers
|-damage|p2a: Dragapult|0 fnt|[from] psn
|faint|p2a: Dragapult
|upkeep
|
|t:|1760459461
|switch|p2a: Rillaboom|Rillaboom, F|95/100 par
|-fieldstart|move: Grassy Terrain|[from] ability: Grassy Surge|[of] p2a: Rillaboom
|turn|26
|
|t:|1760459469
|move|p2a: Rillaboom|Grassy Glide|p1a: Gastrodon
|-supereffective|p1a: Gastrodon
|-damage|p1a: Gastrodon|0 fnt
|faint|p1a: Gastrodon
|
|-heal|p2a: Rillaboom|100/100 par|[from] Grassy Terrain
|upkeep
|
|t:|1760459476
|switch|p1a: Ceruledge|Ceruledge, F, tera:Fire|65/100
|-damage|p1a: Ceruledge|41/100|[from] Stealth Rock
|turn|27
|
|t:|1760459481
|cant|p2a: Rillaboom|par
|move|p1a: Ceruledge|Bitter Blade|p2a: Rillaboom
|-supereffective|p2a: Rillaboom
|-damage|p2a: Rillaboom|0 fnt
|-heal|p1a: Ceruledge|100/100|[from] drain|[of] p2a: Rillaboom
|faint|p2a: Rillaboom
|-damage|p1a: Ceruledge|91/100|[from] item: Life Orb
|
|-heal|p1a: Ceruledge|97/100|[from] Grassy Terrain
|upkeep
|
|t:|1760459492
|switch|p2a: Iron Valiant|Iron Valiant|100/100
|turn|28
|
|t:|1760459497
|move|p1a: Ceruledge|Iron Head|p2a: Iron Valiant
|-supereffective|p2a: Iron Valiant
|-damage|p2a: Iron Valiant|26/100
|-damage|p1a: Ceruledge|87/100|[from] item: Life Orb
|move|p2a: Iron Valiant|Close Combat|p1a: Ceruledge
|-damage|p1a: Ceruledge|0 fnt
|-unboost|p2a: Iron Valiant|def|1
|-unboost|p2a: Iron Valiant|spd|1
|faint|p1a: Ceruledge
|-damage|p2a: Iron Valiant|16/100|[from] item: Life Orb
|
|-heal|p2a: Iron Valiant|22/100|[from] Grassy Terrain
|upkeep
|
|t:|1760459509
|switch|p1a: Landorus|Landorus-Therian, M|43/100
|-damage|p1a: Landorus|31/100|[from] Stealth Rock
|-ability|p1a: Landorus|Intimidate|boost
|-unboost|p2a: Iron Valiant|atk|1
|turn|29
|
|t:|1760459518
|move|p1a: Landorus|Earthquake|p2a: Iron Valiant
|-damage|p2a: Iron Valiant|0 fnt
|faint|p2a: Iron Valiant
|-end|p2a: Iron Valiant|Quark Drive|[silent]
|
|upkeep
|
|t:|1760459523
|switch|p2a: Heatran|Heatran, F|48/100
|turn|30
|
|t:|1760459527
|move|p2a: Heatran|Protect|p2a: Heatran
|-singleturn|p2a: Heatran|Protect
|move|p1a: Landorus|Earthquake|p2a: Heatran
|-activate|p2a: Heatran|move: Protect
|
|-heal|p2a: Heatran|55/100|[from] Grassy Terrain
|-heal|p2a: Heatran|61/100|[from] item: Leftovers
|-fieldend|move: Grassy Terrain
|upkeep
|turn|31
|
|t:|1760459537
|move|p2a: Heatran|Protect||[still]
|-fail|p2a: Heatran
|move|p1a: Landorus|Earthquake|p2a: Heatran
|-supereffective|p2a: Heatran
|-damage|p2a: Heatran|0 fnt
|faint|p2a: Heatran
|
|win|doomcake45
|raw|doomcake45's rating: 1052 &rarr; <strong>1080</strong><br />(+28 for winning)
|raw|Davi do Prado 01's rating: 1009 &rarr; <strong>1000</strong><br />(-9 for losing)
