|j|☆NebulaTrainer
|j|☆foxxet
|t:|1760362879
|gametype|singles
|player|p1|NebulaTrainer|cynthia-gen4|1388
|player|p2|foxxet|psychic|1385
|gen|9
|tier|[Gen 9] OU
|rated|
|rule|HP Percentage Mod: HP is shown in percentages
|rule|Endless Battle Clause: Forcing endless battles is banned
|rule|Species Clause: Limit one of each Pokémon
|rule|OHKO Clause: OHKO moves are banned
|rule|Evasion Items Clause: Evasion items are banned
|rule|Evasion Moves Clause: Evasion moves are banned
|rule|Evasion Abilities Clause: Evasion abilities are banned
|rule|Sleep Moves Clause: Sleep-inducing moves are banned
|clearpoke
|poke|p1|Hippowdon, M|
|poke|p1|Excadrill, M|
|poke|p1|Hydrapple, F|
|poke|p1|Tornadus-Therian, M|
|poke|p1|Heatran, M|
|poke|p1|Keldeo-Resolute|
|poke|p2|Garganacl, F|
|poke|p2|Gholdengo|
|poke|p2|Landorus-Therian, M|
|poke|p2|Ogerpon-Wellspring, F|
|poke|p2|Goodra-Hisui, F|
|poke|p2|Corviknight, F|
|teampreview
|
|t:|1760362907
|teamsize|p1|6
|teamsize|p2|6
|start
|switch|p1a: Tornadus|Tornadus-Therian, M, shiny|100/100
|switch|p2a: Gholdengo|Gholdengo|100/100
|turn|1
|
|t:|1760362913
|move|p2a: Gholdengo|Thunder|p1a: Tornadus
|-supereffective|p1a: Tornadus
|-damage|p1a: Tornadus|40/100
|-status|p1a: Tornadus|par
|move|p1a: Tornadus|Knock Off|p2a: Gholdengo
|-supereffective|p2a: Gholdengo
|-damage|p2a: Gholdengo|55/100
|-enditem|p2a: Gholdengo|Choice Scarf|[from] move: Knock Off|[of] p1a: Tornadus
|
|upkeep
|turn|2
|
|t:|1760362923
|switch|p1a: Heatran|Heatran, M, shiny|100/100
|move|p2a: Gholdengo|Make It Rain|p1a: Heatran
|-resisted|p1a: Heatran
|-damage|p1a: Heatran|89/100
|-unboost|p2a: Gholdengo|spa|1
|
|-heal|p1a: Heatran|96/100|[from] item: Leftovers
|upkeep
|turn|3
|
|t:|1760362936
|switch|p2a: Goodra|Goodra-Hisui, F|100/100
|move|p1a: Heatran|Taunt|p2a: Goodra
|-start|p2a: Goodra|move: Taunt
|
|-heal|p1a: Heatran|100/100|[from] item: Leftovers
|upkeep
|turn|4
|
|t:|1760362945
|switch|p1a: Tornadus|Tornadus-Therian, M, shiny|73/100 par
|move|p2a: Goodra|Earthquake|p1a: Tornadus
|-immune|p1a: Tornadus
|
|upkeep
|turn|5
|
|t:|1760362951
|move|p1a: Tornadus|Knock Off|p2a: Goodra
|-damage|p2a: Goodra|77/100
|-enditem|p2a: Goodra|Assault Vest|[from] move: Knock Off|[of] p1a: Tornadus
|move|p2a: Goodra|Iron Head|p1a: Tornadus
|-damage|p1a: Tornadus|41/100 par
|
|-end|p2a: Goodra|move: Taunt
|upkeep
|turn|6
|
|t:|1760362960
|move|p1a: Tornadus|U-turn|p2a: Goodra
|-resisted|p2a: Goodra
|-damage|p2a: Goodra|69/100
|
|t:|1760362963
|switch|p1a: Keldeo|Keldeo-Resolute|100/100|[from] U-turn
|move|p2a: Goodra|Draco Meteor|p1a: Keldeo
|-damage|p1a: Keldeo|42/100
|-unboost|p2a: Goodra|spa|2
|
|upkeep
|turn|7
|
|t:|1760362972
|switch|p2a: Corviknight|Corviknight, F|100/100
|move|p1a: Keldeo|Secret Sword|p2a: Corviknight
|-damage|p2a: Corviknight|63/100
|
|upkeep
|turn|8
|
|t:|1760362981
|switch|p1a: Heatran|Heatran, M, shiny|100/100
|move|p2a: Corviknight|Tailwind|p2a: Corviknight
|-sidestart|p2: foxxet|move: Tailwind
|
|upkeep
|turn|9
|
|t:|1760362989
|switch|p2a: Goodra|Goodra-Hisui, F|69/100
|move|p1a: Heatran|Magma Storm|p2a: Goodra|[miss]
|-miss|p1a: Heatran|p2a: Goodra
|
|upkeep
|turn|10
|
|t:|1760362997
|move|p1a: Heatran|Protect|p1a: Heatran
|-singleturn|p1a: Heatran|Protect
|move|p2a: Goodra|Draco Meteor|p1a: Heatran
|-activate|p1a: Heatran|move: Protect
|
|upkeep
|turn|11
|
|t:|1760363005
|switch|p1a: Tornadus|Tornadus-Therian, M, shiny|74/100 par
|move|p2a: Goodra|Dragon Tail|p1a: Tornadus
|-damage|p1a: Tornadus|47/100 par
|drag|p1a: Heatran|Heatran, M, shiny|100/100
|
|-sideend|p2: foxxet|move: Tailwind
|upkeep
|turn|12
|
|t:|1760363015
|switch|p1a: Tornadus|Tornadus-Therian, M, shiny|80/100 par
|move|p2a: Goodra|Earthquake|p1a: Tornadus
|-immune|p1a: Tornadus
|
|upkeep
|turn|13
|
|t:|1760363022
|move|p1a: Tornadus|Heat Wave|p2a: Goodra
|-damage|p2a: Goodra|56/100
|move|p2a: Goodra|Iron Head|p1a: Tornadus
|-damage|p1a: Tornadus|46/100 par
|
|upkeep
|turn|14
|
|t:|1760363028
|move|p1a: Tornadus|U-turn|p2a: Goodra
|-resisted|p2a: Goodra
|-damage|p2a: Goodra|49/100
|
|t:|1760363031
|switch|p1a: Heatran|Heatran, M, shiny|100/100|[from] U-turn
|move|p2a: Goodra|Dragon Tail|p1a: Heatran
|-resisted|p1a: Heatran
|-damage|p1a: Heatran|91/100
|drag|p1a: Hydrapple|Hydrapple, F|100/100
|
|upkeep
|turn|15
|
|t:|1760363041
|switch|p1a: Tornadus|Tornadus-Therian, M, shiny|79/100 par
|move|p2a: Goodra|Draco Meteor|p1a: Tornadus
|-damage|p1a: Tornadus|46/100 par
|-unboost|p2a: Goodra|spa|2
|
|upkeep
|turn|16
|
|t:|1760363049
|move|p1a: Tornadus|U-turn|p2a: Goodra
|-resisted|p2a: Goodra
|-damage|p2a: Goodra|41/100
|
|t:|1760363053
|switch|p1a: Heatran|Heatran, M, shiny|91/100|[from] U-turn
|move|p2a: Goodra|Dragon Tail|p1a: Heatran
|-resisted|p1a: Heatran
|-damage|p1a: Heatran|81/100
|drag|p1a: Excadrill|Excadrill, M, shiny|100/100
|
|upkeep
|turn|17
|
|t:|1760363064
|switch|p1a: Heatran|Heatran, M, shiny|81/100
|switch|p2a: Corviknight|Corviknight, F|63/100
|
|-heal|p1a: Heatran|87/100|[from] item: Leftovers
|upkeep
|turn|18
|
|t:|1760363072
|switch|p2a: Goodra|Goodra-Hisui, F|41/100
|move|p1a: Heatran|Magma Storm|p2a: Goodra
|-damage|p2a: Goodra|17/100
|-activate|p2a: Goodra|move: Magma Storm|[of] p1a: Heatran
|
|-heal|p1a: Heatran|93/100|[from] item: Leftovers
|-damage|p2a: Goodra|5/100|[from] move: Magma Storm|[partiallytrapped]
|upkeep
|turn|19
|
|t:|1760363082
|move|p1a: Heatran|Protect|p1a: Heatran
|-singleturn|p1a: Heatran|Protect
|move|p2a: Goodra|Earthquake|p1a: Heatran
|-activate|p1a: Heatran|move: Protect
|
|-heal|p1a: Heatran|99/100|[from] item: Leftovers
|-damage|p2a: Goodra|0 fnt|[from] move: Magma Storm|[partiallytrapped]
|faint|p2a: Goodra
|upkeep
|
|t:|1760363084
|switch|p2a: Landorus|Landorus-Therian, M, shiny|100/100
|-ability|p2a: Landorus|Intimidate|boost
|-unboost|p1a: Heatran|atk|1
|turn|20
|
|t:|1760363097
|switch|p1a: Hydrapple|Hydrapple, F|100/100
|move|p2a: Landorus|Body Slam|p1a: Hydrapple
|-damage|p1a: Hydrapple|58/100
|-status|p1a: Hydrapple|par
|
|upkeep
|turn|21
|
|t:|1760363107
|switch|p1a: Tornadus|Tornadus-Therian, M, shiny|79/100 par
|move|p2a: Landorus|Body Slam|p1a: Tornadus
|-damage|p1a: Tornadus|21/100 par
|
|upkeep
|turn|22
|
|t:|1760363115
|switch|p1a: Hippowdon|Hippowdon, M, shiny|100/100
|-weather|Sandstorm|[from] ability: Sand Stream|[of] p1a: Hippowdon
|move|p2a: Landorus|Body Slam|p1a: Hippowdon
|-damage|p1a: Hippowdon|73/100
|
|-weather|Sandstorm|[upkeep]
|upkeep
|turn|23
|
|t:|1760363125
|move|p2a: Landorus|Body Slam|p1a: Hippowdon
|-damage|p1a: Hippowdon|46/100
|-status|p1a: Hippowdon|par
|cant|p1a: Hippowdon|par
|
|-weather|Sandstorm|[upkeep]
|upkeep
|turn|24
|
|t:|1760363132
|move|p2a: Landorus|Body Slam|p1a: Hippowdon
|-damage|p1a: Hippowdon|20/100 par
|move|p1a: Hippowdon|Slack Off|p1a: Hippowdon
|-heal|p1a: Hippowdon|70/100 par
|
|-weather|Sandstorm|[upkeep]
|upkeep
|turn|25
|
|t:|1760363141
|move|p2a: Landorus|Body Slam|p1a: Hippowdon
|-damage|p1a: Hippowdon|43/100 par
|move|p1a: Hippowdon|Stealth Rock|p2a: Landorus
|-sidestart|p2: foxxet|move: Stealth Rock
|
|-weather|Sandstorm|[upkeep]
|upkeep
|turn|26
|
|t:|1760363148
|switch|p2a: Ogerpon|Ogerpon-Wellspring, F|100/100
|-damage|p2a: Ogerpon|88/100|[from] Stealth Rock
|move|p1a: Hippowdon|Slack Off|p1a: Hippowdon
|-heal|p1a: Hippowdon|93/100 par
|
|-weather|Sandstorm|[upkeep]
|-damage|p2a: Ogerpon|82/100|[from] Sandstorm
|upkeep
|turn|27
|
|t:|1760363158
|switch|p1a: Hydrapple|Hydrapple, F|91/100 par
|move|p2a: Ogerpon|Swords Dance|p2a: Ogerpon
|-boost|p2a: Ogerpon|atk|2
|
|-weather|Sandstorm|[upkeep]
|-damage|p2a: Ogerpon|76/100|[from] Sandstorm
|-damage|p1a: Hydrapple|85/100 par|[from] Sandstorm
|upkeep
|turn|28
|
|t:|1760363167
|move|p2a: Ogerpon|Ivy Cudgel|p1a: Hydrapple|[anim] Ivy Cudgel Water
|-resisted|p1a: Hydrapple
|-damage|p1a: Hydrapple|64/100 par
|move|p1a: Hydrapple|Fickle Beam|p2a: Ogerpon|[anim] Fickle Beam All Out
|-activate|p1a: Hydrapple|move: Fickle Beam
|-crit|p2a: Ogerpon
|-damage|p2a: Ogerpon|0 fnt
|faint|p2a: Ogerpon
|
|-weather|Sandstorm|[upkeep]
|-damage|p1a: Hydrapple|57/100 par|[from] Sandstorm
|upkeep
|
|t:|1760363172
|switch|p2a: Landorus|Landorus-Therian, M, shiny|100/100
|-damage|p2a: Landorus|88/100|[from] Stealth Rock
|-ability|p2a: Landorus|Intimidate|boost
|-unboost|p1a: Hydrapple|atk|1
|turn|29
|
|t:|1760363185
|move|p2a: Landorus|U-turn|p1a: Hydrapple
|-supereffective|p1a: Hydrapple
|-damage|p1a: Hydrapple|0 fnt
|faint|p1a: Hydrapple
|
|t:|1760363207
|switch|p2a: Garganacl|Garganacl, F, shiny|100/100|[from] U-turn
|-damage|p2a: Garganacl|88/100|[from] Stealth Rock
|
|-weather|none
|-heal|p2a: Garganacl|94/100|[from] item: Leftovers
|upkeep
|
|t:|1760363215
|switch|p1a: Keldeo|Keldeo-Resolute|42/100
|turn|30
|
|t:|1760363222
|-terastallize|p2a: Garganacl|Flying
|move|p1a: Keldeo|Secret Sword|p2a: Garganacl
|-resisted|p2a: Garganacl
|-damage|p2a: Garganacl|76/100
|move|p2a: Garganacl|Salt Cure|p1a: Keldeo
|-resisted|p1a: Keldeo
|-damage|p1a: Keldeo|34/100
|-start|p1a: Keldeo|Salt Cure
|
|-heal|p2a: Garganacl|83/100|[from] item: Leftovers
|-damage|p1a: Keldeo|9/100|[from] Salt Cure
|upkeep
|turn|31
|
|t:|1760363235
|move|p1a: Keldeo|Secret Sword|p2a: Garganacl
|-resisted|p2a: Garganacl
|-damage|p2a: Garganacl|65/100
|move|p2a: Garganacl|Stealth Rock|p1a: Keldeo
|-sidestart|p1: NebulaTrainer|move: Stealth Rock
|
|-heal|p2a: Garganacl|71/100|[from] item: Leftovers
|-damage|p1a: Keldeo|0 fnt|[from] Salt Cure
|faint|p1a: Keldeo
|upkeep
|
|t:|1760363247
|switch|p1a: Heatran|Heatran, M, shiny|99/100
|-damage|p1a: Heatran|87/100|[from] Stealth Rock
|turn|32
|inactive|Battle timer is ON: inactive players will automatically lose when time's up. (requested by NebulaTrainer)
|
|t:|1760363321
|switch|p2a: Corviknight|Corviknight, F|63/100
|-damage|p2a: Corviknight|51/100|[from] Stealth Rock
|-terastallize|p1a: Heatran|Grass
|move|p1a: Heatran|Magma Storm|p2a: Corviknight|[miss]
|-miss|p1a: Heatran|p2a: Corviknight
|
|-heal|p1a: Heatran|93/100|[from] item: Leftovers
|upkeep
|turn|33
|
|t:|1760363332
|move|p1a: Heatran|Magma Storm|p2a: Corviknight
|-supereffective|p2a: Corviknight
|-crit|p2a: Corviknight
|-damage|p2a: Corviknight|0 fnt
|faint|p2a: Corviknight
|
|-heal|p1a: Heatran|99/100|[from] item: Leftovers
|upkeep
|
|t:|1760363352
|switch|p2a: Landorus|Landorus-Therian, M, shiny|88/100
|-damage|p2a: Landorus|76/100|[from] Stealth Rock
|-ability|p2a: Landorus|Intimidate|boost
|-unboost|p1a: Heatran|atk|1
|turn|34
|
|t:|1760363372
|move|p1a: Heatran|Protect|p1a: Heatran
|-singleturn|p1a: Heatran|Protect
|move|p2a: Landorus|U-turn|p1a: Heatran
|-activate|p1a: Heatran|move: Protect
|
|-heal|p1a: Heatran|100/100|[from] item: Leftovers
|upkeep
|turn|35
|
|t:|1760363380
|switch|p1a: Tornadus|Tornadus-Therian, M, shiny|55/100 par
|-damage|p1a: Tornadus|30/100 par|[from] Stealth Rock
|move|p2a: Landorus|U-turn|p1a: Tornadus
|-resisted|p1a: Tornadus
|-damage|p1a: Tornadus|7/100 par
|
|t:|1760363400
|switch|p2a: Gholdengo|Gholdengo|55/100|[from] U-turn
|-damage|p2a: Gholdengo|49/100|[from] Stealth Rock
|
|upkeep
|turn|36
|
|t:|1760363407
|move|p2a: Gholdengo|Shadow Ball|p1a: Tornadus
|-damage|p1a: Tornadus|0 fnt
|faint|p1a: Tornadus
|
|upkeep
|
|t:|1760363414
|switch|p1a: Heatran|Heatran, M, shiny, tera:Grass|100/100
|-damage|p1a: Heatran|88/100|[from] Stealth Rock
|turn|37
|inactive|foxxet has 120 seconds left.
|
|t:|1760363468
|move|p2a: Gholdengo|Make It Rain|p1a: Heatran
|-damage|p1a: Heatran|46/100
|-unboost|p2a: Gholdengo|spa|1
|move|p1a: Heatran|Magma Storm|p2a: Gholdengo
|-supereffective|p2a: Gholdengo
|-damage|p2a: Gholdengo|0 fnt
|faint|p2a: Gholdengo
|
|-heal|p1a: Heatran|52/100|[from] item: Leftovers
|upkeep
|
|t:|1760363472
|switch|p2a: Landorus|Landorus-Therian, M, shiny|76/100
|-damage|p2a: Landorus|64/100|[from] Stealth Rock
|-ability|p2a: Landorus|Intimidate|boost
|-unboost|p1a: Heatran|atk|1
|turn|38
|
|t:|1760363484
|move|p1a: Heatran|Protect|p1a: Heatran
|-singleturn|p1a: Heatran|Protect
|move|p2a: Landorus|Body Slam|p1a: Heatran
|-activate|p1a: Heatran|move: Protect
|
|-heal|p1a: Heatran|59/100|[from] item: Leftovers
|upkeep
|turn|39
|
|t:|1760363496
|move|p2a: Landorus|Body Slam|p1a: Heatran
|-damage|p1a: Heatran|11/100
|-status|p1a: Heatran|par
|cant|p1a: Heatran|par
|
|-heal|p1a: Heatran|18/100 par|[from] item: Leftovers
|upkeep
|turn|40
|inactive|foxxet has 120 seconds left.
|
|t:|1760363508
|move|p2a: Landorus|Body Slam|p1a: Heatran
|-damage|p1a: Heatran|0 fnt
|faint|p1a: Heatran
|
|upkeep
|c|☆foxxet|gg
|
|t:|1760363515
|switch|p1a: Hippowdon|Hippowdon, M, shiny|93/100 par
|-damage|p1a: Hippowdon|87/100 par|[from] Stealth Rock
|-weather|Sandstorm|[from] ability: Sand Stream|[of] p1a: Hippowdon
|turn|41
|
|t:|1760363520
|move|p2a: Landorus|Body Slam|p1a: Hippowdon
|-damage|p1a: Hippowdon|60/100 par
|move|p1a: Hippowdon|Whirlwind|p2a: Landorus
|drag|p2a: Garganacl|Garganacl, F, shiny, tera:Flying|71/100
|-damage|p2a: Garganacl|46/100|[from] Stealth Rock
|
|-weather|Sandstorm|[upkeep]
|-damage|p2a: Garganacl|40/100|[from] Sandstorm
|-heal|p2a: Garganacl|46/100|[from] item: Leftovers
|upkeep
|turn|42
|
|t:|1760363532
|move|p2a: Garganacl|Recover|p2a: Garganacl
|-heal|p2a: Garganacl|96/100
|cant|p1a: Hippowdon|par
|
|-weather|Sandstorm|[upkeep]
|-damage|p2a: Garganacl|90/100|[from] Sandstorm
|-heal|p2a: Garganacl|96/100|[from] item: Leftovers
|upkeep
|turn|43
|
|t:|1760363541
|move|p2a: Garganacl|Salt Cure|p1a: Hippowdon
|-resisted|p1a: Hippowdon
|-damage|p1a: Hippowdon|57/100 par
|-start|p1a: Hippowdon|Salt Cure
|move|p1a: Hippowdon|Slack Off|p1a: Hippowdon
|-heal|p1a: Hippowdon|100/100 par
|
|-weather|Sandstorm|[upkeep]
|-damage|p2a: Garganacl|90/100|[from] Sandstorm
|-heal|p2a: Garganacl|96/100|[from] item: Leftovers
|-damage|p1a: Hippowdon|88/100 par|[from] Salt Cure
|upkeep
|turn|44
|
|t:|1760363553
|move|p2a: Garganacl|Iron Defense|p2a: Garganacl
|-boost|p2a: Garganacl|def|2
|move|p1a: Hippowdon|Whirlwind|p2a: Garganacl
|drag|p2a: Landorus|Landorus-Therian, M, shiny|64/100
|-damage|p2a: Landorus|52/100|[from] Stealth Rock
|-ability|p2a: Landorus|Intimidate|boost
|-unboost|p1a: Hippowdon|atk|1
|
|-weather|Sandstorm|[upkeep]
|-damage|p1a: Hippowdon|76/100 par|[from] Salt Cure
|upkeep
|turn|45
|
|t:|1760363565
|move|p2a: Landorus|Earthquake|p1a: Hippowdon
|-damage|p1a: Hippowdon|30/100 par
|move|p1a: Hippowdon|Whirlwind|p2a: Landorus
|drag|p2a: Garganacl|Garganacl, F, shiny, tera:Flying|96/100
|-damage|p2a: Garganacl|71/100|[from] Stealth Rock
|
|-weather|Sandstorm|[upkeep]
|-damage|p2a: Garganacl|65/100|[from] Sandstorm
|-heal|p2a: Garganacl|71/100|[from] item: Leftovers
|-damage|p1a: Hippowdon|18/100 par|[from] Salt Cure
|upkeep
|turn|46
|
|t:|1760363579
|move|p2a: Garganacl|Iron Defense|p2a: Garganacl
|-boost|p2a: Garganacl|def|2
|cant|p1a: Hippowdon|par
|
|-weather|Sandstorm|[upkeep]
|-damage|p2a: Garganacl|65/100|[from] Sandstorm
|-heal|p2a: Garganacl|71/100|[from] item: Leftovers
|-damage|p1a: Hippowdon|6/100 par|[from] Salt Cure
|upkeep
|turn|47
|
|t:|1760363589
|move|p2a: Garganacl|Salt Cure|p1a: Hippowdon
|-resisted|p1a: Hippowdon
|-damage|p1a: Hippowdon|2/100 par
|move|p1a: Hippowdon|Whirlwind|p2a: Garganacl
|drag|p2a: Landorus|Landorus-Therian, M, shiny|52/100
|-damage|p2a: Landorus|39/100|[from] Stealth Rock
|-ability|p2a: Landorus|Intimidate|boost
|-unboost|p1a: Hippowdon|atk|1
|
|-weather|Sandstorm|[upkeep]
|-damage|p1a: Hippowdon|0 fnt|[from] Salt Cure
|faint|p1a: Hippowdon
|upkeep
|
|t:|1760363602
|switch|p1a: Excadrill|Excadrill, M, shiny|100/100
|-damage|p1a: Excadrill|97/100|[from] Stealth Rock
|turn|48
|
|t:|1760363608
|move|p1a: Excadrill|Iron Head|p2a: Landorus
|-damage|p2a: Landorus|0 fnt
|faint|p2a: Landorus
|
|-weather|none
|-heal|p1a: Excadrill|100/100|[from] item: Leftovers
|upkeep
|
|t:|1760363611
|switch|p2a: Garganacl|Garganacl, F, shiny, tera:Flying|71/100
|-damage|p2a: Garganacl|46/100|[from] Stealth Rock
|turn|49
|
|t:|1760363619
|move|p1a: Excadrill|Iron Head|p2a: Garganacl
|-damage|p2a: Garganacl|25/100
|move|p2a: Garganacl|Recover|p2a: Garganacl
|-heal|p2a: Garganacl|75/100
|
|-heal|p2a: Garganacl|82/100|[from] item: Leftovers
|upkeep
|turn|50
|
|t:|1760363627
|move|p1a: Excadrill|Swords Dance|p1a: Excadrill
|-boost|p1a: Excadrill|atk|2
|move|p2a: Garganacl|Iron Defense|p2a: Garganacl
|-boost|p2a: Garganacl|def|2
|
|-heal|p2a: Garganacl|88/100|[from] item: Leftovers
|upkeep
|turn|51
|
|t:|1760363635
|move|p1a: Excadrill|Iron Head|p2a: Garganacl
|-damage|p2a: Garganacl|65/100
|move|p2a: Garganacl|Iron Defense|p2a: Garganacl
|-boost|p2a: Garganacl|def|2
|
|-heal|p2a: Garganacl|71/100|[from] item: Leftovers
|upkeep
|turn|52
|l|☆NebulaTrainer
|inactive|NebulaTrainer disconnected and has a minute to reconnect!
|player|p1|
|inactive|NebulaTrainer has 30 seconds to reconnect!
|inactive|NebulaTrainer has 20 seconds to reconnect!
|inactive|NebulaTrainer has 15 seconds to reconnect!
|inactive|NebulaTrainer has 10 seconds to reconnect!
|inactive|NebulaTrainer has 5 seconds to reconnect!
|-message|NebulaTrainer lost due to inactivity.
|
|win|foxxet
|raw|NebulaTrainer's rating: 1388 &rarr; <strong>1368</strong><br />(-20 for losing)
|raw|foxxet's rating: 1385 &rarr; <strong>1405</strong><br />(+20 for winning)
|j|☆NebulaTrainer
|player|p1|NebulaTrainer|cynthia-gen4|
|l|☆NebulaTrainer
|player|p1|
