|j|☆hsp20040923
|j|☆RK Earth 9000
|t:|1760461423
|gametype|singles
|player|p1|hsp20040923|pokemonbreeder|1252
|player|p2|RK Earth 9000|volkner|1243
|gen|9
|tier|[Gen 9] OU
|rated|
|rule|HP Percentage Mod: HP is shown in percentages
|rule|Endless Battle Clause: Forcing endless battles is banned
|rule|Species Clause: Limit one of each Pokémon
|rule|OHKO Clause: OHKO moves are banned
|rule|Evasion Items Clause: Evasion items are banned
|rule|Evasion Moves Clause: Evasion moves are banned
|rule|Evasion Abilities Clause: Evasion abilities are banned
|rule|Sleep Moves Clause: Sleep-inducing moves are banned
|clearpoke
|poke|p1|Ceruledge, M|
|poke|p1|Raging Bolt|
|poke|p1|Ting-Lu|
|poke|p1|Enamorus, F|
|poke|p1|Conkeldurr, M|
|poke|p1|Slowking-Galar, M|
|poke|p2|Regidrago|
|poke|p2|Lapras, M|
|poke|p2|Eelektross, M|
|poke|p2|Orthworm, M|
|poke|p2|Landorus-Therian, M|
|poke|p2|Cresselia, F|
|teampreview
|
|t:|1760461434
|teamsize|p1|6
|teamsize|p2|6
|start
|switch|p1a: Slowking|Slowking-Galar, M|100/100
|switch|p2a: Cresselia|Cresselia, F, shiny|100/100
|turn|1
|
|t:|1760461449
|switch|p2a: Orthworm|Orthworm, M, shiny|100/100
|move|p1a: Slowking|Trick Room|p1a: Slowking
|-fieldstart|move: Trick Room|[of] p1a: Slowking
|
|upkeep
|turn|2
|
|t:|1760461456
|switch|p1a: Enamorus|Enamorus, F|100/100
|move|p2a: Orthworm|Coil|p2a: Orthworm
|-boost|p2a: Orthworm|atk|1
|-boost|p2a: Orthworm|def|1
|-boost|p2a: Orthworm|accuracy|1
|
|upkeep
|turn|3
|
|t:|1760461470
|switch|p1a: Ting-Lu|Ting-Lu|100/100
|-ability|p1a: Ting-Lu|Vessel of Ruin
|-terastallize|p2a: Orthworm|Electric
|move|p2a: Orthworm|Coil|p2a: Orthworm
|-boost|p2a: Orthworm|atk|1
|-boost|p2a: Orthworm|def|1
|-boost|p2a: Orthworm|accuracy|1
|
|upkeep
|turn|4
|
|t:|1760461480
|move|p1a: Ting-Lu|Earthquake|p2a: Orthworm
|-immune|p2a: Orthworm|[from] ability: Earth Eater
|move|p2a: Orthworm|Body Press|p1a: Ting-Lu
|-supereffective|p1a: Ting-Lu
|-damage|p1a: Ting-Lu|46/100
|
|-heal|p1a: Ting-Lu|52/100|[from] item: Leftovers
|upkeep
|turn|5
|
|t:|1760461492
|move|p2a: Orthworm|Body Press|p1a: Ting-Lu
|-supereffective|p1a: Ting-Lu
|-damage|p1a: Ting-Lu|0 fnt
|faint|p1a: Ting-Lu
|
|-fieldend|move: Trick Room
|upkeep
|
|t:|1760461511
|switch|p1a: Raging Bolt|Raging Bolt|100/100
|turn|6
|
|t:|1760461518
|move|p1a: Raging Bolt|Draco Meteor|p2a: Orthworm
|-damage|p2a: Orthworm|0 fnt
|-unboost|p1a: Raging Bolt|spa|2
|faint|p2a: Orthworm
|
|upkeep
|
|t:|1760461528
|switch|p2a: Landorus|Landorus-Therian, M, shiny|100/100
|-ability|p2a: Landorus|Intimidate|boost
|-unboost|p1a: Raging Bolt|atk|1
|turn|7
|
|t:|1760461536
|-end|p1a: Raging Bolt|Protosynthesis|[silent]
|switch|p1a: Enamorus|Enamorus, F|100/100
|move|p2a: Landorus|Sludge Bomb|p1a: Enamorus
|-supereffective|p1a: Enamorus
|-damage|p1a: Enamorus|20/100
|-status|p1a: Enamorus|psn
|
|-damage|p1a: Enamorus|7/100 psn|[from] psn
|upkeep
|turn|8
|
|t:|1760461551
|switch|p2a: Cresselia|Cresselia, F, shiny|100/100
|move|p1a: Enamorus|Mystical Fire|p2a: Cresselia
|-damage|p2a: Cresselia|82/100
|-unboost|p2a: Cresselia|spa|1
|
|-heal|p2a: Cresselia|88/100|[from] item: Leftovers
|-damage|p1a: Enamorus|0 fnt|[from] psn
|faint|p1a: Enamorus
|upkeep
|
|t:|1760461559
|switch|p1a: Raging Bolt|Raging Bolt|100/100
|turn|9
|
|t:|1760461567
|move|p1a: Raging Bolt|Draco Meteor|p2a: Cresselia|[miss]
|-miss|p1a: Raging Bolt|p2a: Cresselia
|move|p2a: Cresselia|Ice Beam|p1a: Raging Bolt
|-supereffective|p1a: Raging Bolt
|-damage|p1a: Raging Bolt|73/100
|
|-heal|p2a: Cresselia|94/100|[from] item: Leftovers
|upkeep
|turn|10
|
|t:|1760461583
|switch|p2a: Lapras|Lapras, M, shiny|100/100
|move|p1a: Raging Bolt|Draco Meteor|p2a: Lapras
|-damage|p2a: Lapras|16/100
|-unboost|p1a: Raging Bolt|spa|2
|
|upkeep
|turn|11
|
|t:|1760461596
|move|p1a: Raging Bolt|Draco Meteor|p2a: Lapras
|-damage|p2a: Lapras|0 fnt
|-unboost|p1a: Raging Bolt|spa|2
|faint|p2a: Lapras
|
|upkeep
|
|t:|1760461602
|switch|p2a: Cresselia|Cresselia, F, shiny|94/100
|turn|12
|
|t:|1760461606
|-end|p1a: Raging Bolt|Protosynthesis|[silent]
|switch|p1a: Slowking|Slowking-Galar, M|100/100
|move|p2a: Cresselia|Calm Mind|p2a: Cresselia
|-boost|p2a: Cresselia|spa|1
|-boost|p2a: Cresselia|spd|1
|
|-heal|p2a: Cresselia|100/100|[from] item: Leftovers
|upkeep
|turn|13
|
|t:|1760461621
|move|p2a: Cresselia|Calm Mind|p2a: Cresselia
|-boost|p2a: Cresselia|spa|1
|-boost|p2a: Cresselia|spd|1
|move|p1a: Slowking|Trick Room|p1a: Slowking
|-fieldstart|move: Trick Room|[of] p1a: Slowking
|
|upkeep
|turn|14
|
|t:|1760461632
|move|p1a: Slowking|Future Sight|p2a: Cresselia
|-start|p1a: Slowking|move: Future Sight
|move|p2a: Cresselia|Calm Mind|p2a: Cresselia
|-boost|p2a: Cresselia|spa|1
|-boost|p2a: Cresselia|spd|1
|
|upkeep
|turn|15
|
|t:|1760461641
|switch|p1a: Conkeldurr|Conkeldurr, M, shiny|100/100
|move|p2a: Cresselia|Ice Beam|p1a: Conkeldurr
|-damage|p1a: Conkeldurr|22/100
|
|-status|p1a: Conkeldurr|brn|[from] item: Flame Orb
|upkeep
|turn|16
|
|t:|1760461651
|move|p1a: Conkeldurr|Knock Off|p2a: Cresselia
|-supereffective|p2a: Cresselia
|-damage|p2a: Cresselia|23/100
|-enditem|p2a: Cresselia|Leftovers|[from] move: Knock Off|[of] p1a: Conkeldurr
|move|p2a: Cresselia|Ice Beam|p1a: Conkeldurr
|-damage|p1a: Conkeldurr|0 fnt
|faint|p1a: Conkeldurr
|
|-end|p2a: Cresselia|move: Future Sight
|-resisted|p2a: Cresselia
|-crit|p2a: Cresselia
|-damage|p2a: Cresselia|0 fnt
|faint|p2a: Cresselia
|upkeep
|
|t:|1760461670
|switch|p1a: Ceruledge|Ceruledge, M|100/100
|switch|p2a: Eelektross|Eelektross, M, shiny|100/100
|turn|17
|
|t:|1760461677
|move|p2a: Eelektross|Coil|p2a: Eelektross
|-boost|p2a: Eelektross|atk|1
|-boost|p2a: Eelektross|def|1
|-boost|p2a: Eelektross|accuracy|1
|move|p1a: Ceruledge|Swords Dance|p1a: Ceruledge
|-boost|p1a: Ceruledge|atk|2
|
|-fieldend|move: Trick Room
|upkeep
|turn|18
|
|t:|1760461690
|move|p1a: Ceruledge|Poltergeist|p2a: Eelektross
|-activate|p2a: Eelektross|move: Poltergeist|Life Orb
|-damage|p2a: Eelektross|22/100
|move|p2a: Eelektross|Coil|p2a: Eelektross
|-boost|p2a: Eelektross|atk|1
|-boost|p2a: Eelektross|def|1
|-boost|p2a: Eelektross|accuracy|1
|
|upkeep
|turn|19
|
|t:|1760461699
|move|p1a: Ceruledge|Poltergeist|p2a: Eelektross
|-activate|p2a: Eelektross|move: Poltergeist|Life Orb
|-damage|p2a: Eelektross|0 fnt
|faint|p2a: Eelektross
|
|upkeep
|
|t:|1760461705
|switch|p2a: Landorus|Landorus-Therian, M, shiny|100/100
|-ability|p2a: Landorus|Intimidate|boost
|-unboost|p1a: Ceruledge|atk|1
|turn|20
|
|t:|1760461710
|move|p2a: Landorus|Earth Power|p1a: Ceruledge
|-supereffective|p1a: Ceruledge
|-crit|p1a: Ceruledge
|-enditem|p1a: Ceruledge|Focus Sash
|-damage|p1a: Ceruledge|1/100
|move|p1a: Ceruledge|Poltergeist|p2a: Landorus
|-activate|p2a: Landorus|move: Poltergeist|Choice Specs
|-damage|p2a: Landorus|7/100
|
|upkeep
|turn|21
|
|t:|1760461724
|move|p1a: Ceruledge|Shadow Sneak|p2a: Landorus
|-damage|p2a: Landorus|0 fnt
|faint|p2a: Landorus
|
|upkeep
|
|t:|1760461728
|switch|p2a: Regidrago|Regidrago, shiny|100/100
|turn|22
|
|t:|1760461738
|move|p1a: Ceruledge|Poltergeist|p2a: Regidrago|[miss]
|-miss|p1a: Ceruledge|p2a: Regidrago
|move|p2a: Regidrago|Crunch|p1a: Ceruledge
|-supereffective|p1a: Ceruledge
|-damage|p1a: Ceruledge|0 fnt
|faint|p1a: Ceruledge
|
|upkeep
|
|t:|1760461749
|switch|p1a: Raging Bolt|Raging Bolt|73/100
|turn|23
|
|t:|1760461752
|move|p2a: Regidrago|Dragon Claw|p1a: Raging Bolt
|-supereffective|p1a: Raging Bolt
|-damage|p1a: Raging Bolt|0 fnt
|faint|p1a: Raging Bolt
|-end|p1a: Raging Bolt|Protosynthesis|[silent]
|
|upkeep
|
|t:|1760461756
|switch|p1a: Slowking|Slowking-Galar, M|100/100
|turn|24
|
|t:|1760461763
|-terastallize|p1a: Slowking|Ice
|move|p2a: Regidrago|Dragon Dance|p2a: Regidrago
|-boost|p2a: Regidrago|atk|1
|-boost|p2a: Regidrago|spe|1
|move|p1a: Slowking|Tera Blast|p2a: Regidrago|[anim] Tera Blast Ice
|-supereffective|p2a: Regidrago
|-damage|p2a: Regidrago|28/100
|
|upkeep
|turn|25
|
|t:|1760461773
|move|p2a: Regidrago|Dragon Claw|p1a: Slowking
|-damage|p1a: Slowking|0 fnt
|faint|p1a: Slowking
|
|win|RK Earth 9000
|raw|hsp20040923's rating: 1252 &rarr; <strong>1226</strong><br />(-26 for losing)
|raw|RK Earth 9000's rating: 1243 &rarr; <strong>1269</strong><br />(+26 for winning)
|c|☆RK Earth 9000|Gg
|l|☆RK Earth 9000
|player|p2|
