|j|☆dodongtack
|j|☆twesticles
|t:|1760430973
|gametype|singles
|player|p1|dodongtack|lucas|1155
|player|p2|twesticles|170|1200
|gen|9
|tier|[Gen 9] OU
|rated|
|rule|HP Percentage Mod: HP is shown in percentages
|rule|Endless Battle Clause: Forcing endless battles is banned
|rule|Species Clause: Limit one of each Pokémon
|rule|OHKO Clause: OHKO moves are banned
|rule|Evasion Items Clause: Evasion items are banned
|rule|Evasion Moves Clause: Evasion moves are banned
|rule|Evasion Abilities Clause: Evasion abilities are banned
|rule|Sleep Moves Clause: Sleep-inducing moves are banned
|clearpoke
|poke|p1|Dragonite, M|
|poke|p1|Cinderace, F|
|poke|p1|Dondozo, M|
|poke|p1|Smeargle, M|
|poke|p1|Landorus-Therian, M|
|poke|p1|Talonflame, M|
|poke|p2|Great Tusk|
|poke|p2|Kingambit, M|
|poke|p2|Raging Bolt|
|poke|p2|Walking Wake|
|poke|p2|Ninetales, F|
|poke|p2|Ceruledge, M|
|teampreview
|inactive|Battle timer is ON: inactive players will automatically lose when time's up. (requested by dodongtack)
|inactive|twesticles has 120 seconds left.
|
|t:|1760431018
|teamsize|p1|6
|teamsize|p2|6
|start
|switch|p1a: 어쩔 용춤|Dragonite, M, shiny|100/100
|switch|p2a: Ninetales|Ninetales, F|100/100
|-weather|SunnyDay|[from] ability: Drought|[of] p2a: Ninetales
|turn|1
|
|t:|1760431038
|switch|p2a: Great Tusk|Great Tusk|100/100
|-activate|p2a: Great Tusk|ability: Protosynthesis
|-start|p2a: Great Tusk|protosynthesisatk
|move|p1a: 어쩔 용춤|Dragon Dance|p1a: 어쩔 용춤
|-boost|p1a: 어쩔 용춤|atk|1
|-boost|p1a: 어쩔 용춤|spe|1
|
|-weather|SunnyDay|[upkeep]
|upkeep
|turn|2
|
|t:|1760431057
|-terastallize|p1a: 어쩔 용춤|Normal
|move|p1a: 어쩔 용춤|Dragon Dance|p1a: 어쩔 용춤
|-boost|p1a: 어쩔 용춤|atk|1
|-boost|p1a: 어쩔 용춤|spe|1
|move|p2a: Great Tusk|Ice Spinner|p1a: 어쩔 용춤
|-damage|p1a: 어쩔 용춤|78/100
|
|-weather|SunnyDay|[upkeep]
|upkeep
|turn|3
|inactive|twesticles has 120 seconds left.
|
|t:|1760431079
|move|p1a: 어쩔 용춤|Outrage|p2a: Great Tusk
|-damage|p2a: Great Tusk|12/100
|move|p2a: Great Tusk|Headlong Rush|p1a: 어쩔 용춤
|-damage|p1a: 어쩔 용춤|0 fnt
|-unboost|p2a: Great Tusk|def|1
|-unboost|p2a: Great Tusk|spd|1
|faint|p1a: 어쩔 용춤
|
|-weather|SunnyDay|[upkeep]
|upkeep
|
|t:|1760431088
|switch|p1a: 에이스번|Cinderace, F|100/100
|turn|4
|inactive|twesticles has 120 seconds left.
|
|t:|1760431114
|-end|p2a: Great Tusk|Protosynthesis|[silent]
|switch|p2a: Walking Wake|Walking Wake|100/100
|-activate|p2a: Walking Wake|ability: Protosynthesis
|-start|p2a: Walking Wake|protosynthesisspe
|move|p1a: 에이스번|U-turn|p2a: Walking Wake
|-start|p1a: 에이스번|typechange|Bug|[from] ability: Libero
|-damage|p2a: Walking Wake|65/100
|
|t:|1760431134
|switch|p1a: 39420|Talonflame, M|100/100|[from] U-turn
|
|-weather|SunnyDay|[upkeep]
|upkeep
|turn|5
|inactive|twesticles has 120 seconds left.
|
|t:|1760431153
|move|p1a: 39420|Brave Bird|p2a: Walking Wake
|-damage|p2a: Walking Wake|0 fnt
|faint|p2a: Walking Wake
|-end|p2a: Walking Wake|Protosynthesis|[silent]
|-damage|p1a: 39420|76/100|[from] Recoil
|
|-weather|SunnyDay|[upkeep]
|upkeep
|inactive|twesticles has 90 seconds left.
|
|t:|1760431179
|switch|p2a: Raging Bolt|Raging Bolt|100/100
|-activate|p2a: Raging Bolt|ability: Protosynthesis
|-start|p2a: Raging Bolt|protosynthesisspa
|turn|6
|
|t:|1760431188
|switch|p1a: 하남자 랜드로스|Landorus-Therian, M|100/100
|-ability|p1a: 하남자 랜드로스|Intimidate|boost
|-unboost|p2a: Raging Bolt|atk|1
|move|p2a: Raging Bolt|Thunderclap||[still]
|-fail|p2a: Raging Bolt
|
|-weather|SunnyDay|[upkeep]
|upkeep
|turn|7
|inactive|twesticles has 90 seconds left.
|
|t:|1760431214
|-terastallize|p2a: Raging Bolt|Flying
|move|p1a: 하남자 랜드로스|Earthquake|p2a: Raging Bolt
|-immune|p2a: Raging Bolt
|move|p2a: Raging Bolt|Dragon Pulse|p1a: 하남자 랜드로스
|-damage|p1a: 하남자 랜드로스|1/100
|-enditem|p1a: 하남자 랜드로스|Sitrus Berry|[eat]
|-heal|p1a: 하남자 랜드로스|26/100|[from] item: Sitrus Berry
|-damage|p2a: Raging Bolt|91/100|[from] item: Life Orb
|
|-weather|SunnyDay|[upkeep]
|upkeep
|turn|8
|
|t:|1760431230
|move|p1a: 하남자 랜드로스|Rock Tomb|p2a: Raging Bolt
|-supereffective|p2a: Raging Bolt
|-damage|p2a: Raging Bolt|47/100
|-unboost|p2a: Raging Bolt|spe|1
|move|p2a: Raging Bolt|Dragon Pulse|p1a: 하남자 랜드로스
|-damage|p1a: 하남자 랜드로스|0 fnt
|faint|p1a: 하남자 랜드로스
|-damage|p2a: Raging Bolt|37/100|[from] item: Life Orb
|
|-weather|none
|-end|p2a: Raging Bolt|Protosynthesis
|upkeep
|
|t:|1760431238
|switch|p1a: 39420|Talonflame, M|76/100
|turn|9
|inactive|twesticles has 90 seconds left.
|
|t:|1760431250
|-end|p2a: Raging Bolt|Protosynthesis|[silent]
|switch|p2a: Ninetales|Ninetales, F|100/100
|-weather|SunnyDay|[from] ability: Drought|[of] p2a: Ninetales
|move|p1a: 39420|Brave Bird|p2a: Ninetales
|-damage|p2a: Ninetales|0 fnt
|faint|p2a: Ninetales
|-damage|p1a: 39420|44/100|[from] Recoil
|
|-weather|SunnyDay|[upkeep]
|upkeep
|
|t:|1760431272
|switch|p2a: Raging Bolt|Raging Bolt, tera:Flying|37/100
|-activate|p2a: Raging Bolt|ability: Protosynthesis
|-start|p2a: Raging Bolt|protosynthesisspa
|turn|10
|
|t:|1760431279
|move|p2a: Raging Bolt|Thunderclap|p1a: 39420
|-supereffective|p1a: 39420
|-damage|p1a: 39420|0 fnt
|faint|p1a: 39420
|-damage|p2a: Raging Bolt|27/100|[from] item: Life Orb
|
|-weather|SunnyDay|[upkeep]
|upkeep
|
|t:|1760431285
|switch|p1a: 에이스번|Cinderace, F|100/100
|turn|11
|inactive|dodongtack has 120 seconds left.
|
|t:|1760431325
|move|p2a: Raging Bolt|Thunderclap|p1a: 에이스번
|-damage|p1a: 에이스번|0 fnt
|faint|p1a: 에이스번
|-damage|p2a: Raging Bolt|17/100|[from] item: Life Orb
|
|-weather|SunnyDay|[upkeep]
|upkeep
|
|t:|1760431331
|switch|p1a: 어써러셔|Dondozo, M|100/100
|turn|12
|inactive|twesticles has 90 seconds left.
|
|t:|1760431339
|move|p2a: Raging Bolt|Solar Beam||[still]
|-prepare|p2a: Raging Bolt|Solar Beam
|-anim|p2a: Raging Bolt|Solar Beam|p1a: 어써러셔
|-supereffective|p1a: 어써러셔
|-damage|p1a: 어써러셔|0 fnt
|faint|p1a: 어써러셔
|-damage|p2a: Raging Bolt|7/100|[from] item: Life Orb
|
|-weather|SunnyDay|[upkeep]
|upkeep
|
|t:|1760431343
|switch|p1a: 미대 떨어진 독일인|Smeargle, M|100/100
|turn|13
|
|t:|1760431356
|move|p1a: 미대 떨어진 독일인|Endure|p1a: 미대 떨어진 독일인
|-singleturn|p1a: 미대 떨어진 독일인|move: Endure
|move|p2a: Raging Bolt|Dragon Pulse|p1a: 미대 떨어진 독일인
|-activate|p1a: 미대 떨어진 독일인|move: Endure
|-damage|p1a: 미대 떨어진 독일인|1/100
|-damage|p2a: Raging Bolt|0 fnt|[from] item: Life Orb
|faint|p2a: Raging Bolt
|-end|p2a: Raging Bolt|Protosynthesis|[silent]
|
|-weather|SunnyDay|[upkeep]
|upkeep
|inactive|twesticles has 90 seconds left.
|
|t:|1760431377
|switch|p2a: Great Tusk|Great Tusk|12/100
|-activate|p2a: Great Tusk|ability: Protosynthesis
|-start|p2a: Great Tusk|protosynthesisatk
|turn|14
|-enditem|p1a: 미대 떨어진 독일인|Custap Berry|[eat]
|-activate|p1a: 미대 떨어진 독일인|item: Custap Berry|[consumed]
|
|t:|1760431387
|move|p1a: 미대 떨어진 독일인|Mortal Spin|p2a: Great Tusk
|-resisted|p2a: Great Tusk
|-damage|p2a: Great Tusk|11/100
|-status|p2a: Great Tusk|psn
|move|p2a: Great Tusk|Rapid Spin|p1a: 미대 떨어진 독일인
|-damage|p1a: 미대 떨어진 독일인|0 fnt
|-boost|p2a: Great Tusk|spe|1
|faint|p1a: 미대 떨어진 독일인
|
|win|twesticles
|raw|dodongtack's rating: 1155 &rarr; <strong>1133</strong><br />(-22 for losing)
|raw|twesticles's rating: 1200 &rarr; <strong>1222</strong><br />(+22 for winning)
|l|☆dodongtack
|player|p1|
|l|☆twesticles
|player|p2|
