|j|☆REDERLINK
|j|☆Mondeydoo
|t:|1760331233
|gametype|singles
|player|p1|REDERLINK|steven|1092
|player|p2|Mondeydoo|hoopster|1117
|gen|9
|tier|[Gen 9] OU
|rated|
|rule|HP Percentage Mod: HP is shown in percentages
|rule|Endless Battle Clause: Forcing endless battles is banned
|rule|Species Clause: Limit one of each Pokémon
|rule|OHKO Clause: OHKO moves are banned
|rule|Evasion Items Clause: Evasion items are banned
|rule|Evasion Moves Clause: Evasion moves are banned
|rule|Evasion Abilities Clause: Evasion abilities are banned
|rule|Sleep Moves Clause: Sleep-inducing moves are banned
|clearpoke
|poke|p1|Ceruledge, M|
|poke|p1|Meowscarada, F|
|poke|p1|Dragapult, F|
|poke|p1|Iron Valiant|
|poke|p1|Great Tusk|
|poke|p1|Sandy Shocks|
|poke|p2|Dragonite, F|
|poke|p2|Jirachi|
|poke|p2|Rhydon, F|
|poke|p2|Tornadus-Therian, M|
|poke|p2|Muk, F|
|poke|p2|Heatran, F|
|teampreview
|
|t:|1760331242
|teamsize|p1|6
|teamsize|p2|6
|start
|switch|p1a: Ceruledge|Ceruledge, M|100/100
|switch|p2a: Jirachi|Jirachi, shiny|100/100
|turn|1
|
|t:|1760331252
|move|p2a: Jirachi|Rain Dance|p2a: Jirachi
|-weather|RainDance
|move|p1a: Ceruledge|Swords Dance|p1a: Ceruledge
|-boost|p1a: Ceruledge|atk|2
|
|-weather|RainDance|[upkeep]
|upkeep
|turn|2
|
|t:|1760331262
|move|p2a: Jirachi|Water Pulse|p1a: Ceruledge
|-supereffective|p1a: Ceruledge
|-damage|p1a: Ceruledge|36/100
|move|p1a: Ceruledge|Bitter Blade|p2a: Jirachi
|-supereffective|p2a: Jirachi
|-damage|p2a: Jirachi|12/100
|-heal|p1a: Ceruledge|88/100|[from] drain|[of] p2a: Jirachi
|-enditem|p2a: Jirachi|Salac Berry|[eat]
|-boost|p2a: Jirachi|spe|1|[from] item: Salac Berry
|
|-weather|RainDance|[upkeep]
|upkeep
|turn|3
|
|t:|1760331275
|move|p2a: Jirachi|Endure|p2a: Jirachi
|-singleturn|p2a: Jirachi|move: Endure
|move|p1a: Ceruledge|Shadow Sneak|p2a: Jirachi
|-supereffective|p2a: Jirachi
|-activate|p2a: Jirachi|move: Endure
|-damage|p2a: Jirachi|1/100
|
|-weather|RainDance|[upkeep]
|upkeep
|turn|4
|
|t:|1760331285
|switch|p2a: Rhydon|Rhydon, F, shiny|100/100
|move|p1a: Ceruledge|Shadow Sneak|p2a: Rhydon
|-damage|p2a: Rhydon|83/100
|
|-weather|RainDance|[upkeep]
|upkeep
|turn|5
|
|t:|1760331295
|move|p1a: Ceruledge|Close Combat|p2a: Rhydon
|-supereffective|p2a: Rhydon
|-damage|p2a: Rhydon|12/100
|-unboost|p1a: Ceruledge|def|1
|-unboost|p1a: Ceruledge|spd|1
|move|p2a: Rhydon|Curse|p2a: Rhydon
|-unboost|p2a: Rhydon|spe|1
|-boost|p2a: Rhydon|atk|1
|-boost|p2a: Rhydon|def|1
|
|-weather|none
|upkeep
|turn|6
|
|t:|1760331307
|move|p1a: Ceruledge|Shadow Sneak|p2a: Rhydon
|-damage|p2a: Rhydon|0 fnt
|faint|p2a: Rhydon
|
|upkeep
|inactive|Battle timer is ON: inactive players will automatically lose when time's up. (requested by REDERLINK)
|
|t:|1760331313
|switch|p2a: Tornadus|Tornadus-Therian, M, shiny|100/100
|turn|7
|
|t:|1760331320
|move|p2a: Tornadus|Dark Pulse|p1a: Ceruledge
|-supereffective|p1a: Ceruledge
|-damage|p1a: Ceruledge|0 fnt
|faint|p1a: Ceruledge
|
|upkeep
|
|t:|1760331328
|switch|p1a: Meowscarada|Meowscarada, F|100/100
|turn|8
|
|t:|1760331333
|switch|p2a: Muk|Muk, F, shiny|100/100
|move|p1a: Meowscarada|Triple Axel|p2a: Muk
|-start|p1a: Meowscarada|typechange|Ice|[from] ability: Protean
|-damage|p2a: Muk|89/100
|-damage|p2a: Muk|67/100
|-damage|p2a: Muk|33/100
|-hitcount|p2a: Muk|3
|
|-heal|p2a: Muk|39/100|[from] item: Black Sludge
|upkeep
|turn|9
|
|t:|1760331347
|move|p1a: Meowscarada|Triple Axel|p2a: Muk
|-damage|p2a: Muk|28/100
|-damage|p2a: Muk|7/100
|-damage|p2a: Muk|0 fnt
|faint|p2a: Muk
|-hitcount|p2: Muk|3
|
|upkeep
|
|t:|1760331358
|switch|p2a: Heatran|Heatran, F, shiny|100/100
|turn|10
|
|t:|1760331367
|switch|p1a: Great Tusk|Great Tusk|100/100
|move|p2a: Heatran|Magma Storm|p1a: Great Tusk
|-damage|p1a: Great Tusk|43/100
|-activate|p1a: Great Tusk|move: Magma Storm|[of] p2a: Heatran
|
|-heal|p1a: Great Tusk|49/100|[from] item: Leftovers
|-damage|p1a: Great Tusk|37/100|[from] move: Magma Storm|[partiallytrapped]
|upkeep
|turn|11
|
|t:|1760331378
|move|p2a: Heatran|Protect|p2a: Heatran
|-singleturn|p2a: Heatran|Protect
|move|p1a: Great Tusk|Earthquake|p2a: Heatran
|-activate|p2a: Heatran|move: Protect
|
|-heal|p1a: Great Tusk|43/100|[from] item: Leftovers
|-damage|p1a: Great Tusk|31/100|[from] move: Magma Storm|[partiallytrapped]
|upkeep
|turn|12
|
|t:|1760331394
|switch|p2a: Tornadus|Tornadus-Therian, M, shiny|100/100
|move|p1a: Great Tusk|Earthquake|p2a: Tornadus
|-immune|p2a: Tornadus
|
|-heal|p1a: Great Tusk|37/100|[from] item: Leftovers
|-end|p1a: Great Tusk|Magma Storm|[partiallytrapped]|[silent]
|upkeep
|turn|13
|
|t:|1760331407
|move|p2a: Tornadus|Bleakwind Storm|p1a: Great Tusk
|-supereffective|p1a: Great Tusk
|-damage|p1a: Great Tusk|0 fnt
|faint|p1a: Great Tusk
|-end|p1a: Great Tusk|Protosynthesis|[silent]
|
|upkeep
|
|t:|1760331413
|switch|p1a: Sandy Shocks|Sandy Shocks, shiny|100/100
|-enditem|p1a: Sandy Shocks|Booster Energy
|-activate|p1a: Sandy Shocks|ability: Protosynthesis|[fromitem]
|-start|p1a: Sandy Shocks|protosynthesisspa
|turn|14
|
|t:|1760331422
|switch|p2a: Jirachi|Jirachi, shiny|1/100
|move|p1a: Sandy Shocks|Power Gem|p2a: Jirachi
|-resisted|p2a: Jirachi
|-damage|p2a: Jirachi|0 fnt
|faint|p2a: Jirachi
|
|upkeep
|
|t:|1760331434
|switch|p2a: Dragonite|Dragonite, F, shiny|100/100
|turn|15
|
|t:|1760331439
|-end|p1a: Sandy Shocks|Protosynthesis|[silent]
|switch|p1a: Iron Valiant|Iron Valiant|100/100
|-enditem|p1a: Iron Valiant|Booster Energy
|-activate|p1a: Iron Valiant|ability: Quark Drive|[fromitem]
|-start|p1a: Iron Valiant|quarkdrivespe
|move|p2a: Dragonite|Dragon Dance|p2a: Dragonite
|-boost|p2a: Dragonite|atk|1
|-boost|p2a: Dragonite|spe|1
|
|upkeep
|turn|16
|
|t:|1760331459
|-terastallize|p2a: Dragonite|Water
|move|p1a: Iron Valiant|Moonblast|p2a: Dragonite
|-damage|p2a: Dragonite|77/100
|move|p2a: Dragonite|Dragon Dance|p2a: Dragonite
|-boost|p2a: Dragonite|atk|1
|-boost|p2a: Dragonite|spe|1
|
|upkeep
|turn|17
|
|t:|1760331468
|move|p1a: Iron Valiant|Thunderbolt|p2a: Dragonite
|-supereffective|p2a: Dragonite
|-damage|p2a: Dragonite|17/100
|move|p2a: Dragonite|Dragon Dance|p2a: Dragonite
|-boost|p2a: Dragonite|atk|1
|-boost|p2a: Dragonite|spe|1
|
|upkeep
|turn|18
|
|t:|1760331479
|move|p2a: Dragonite|Rest|p2a: Dragonite
|-status|p2a: Dragonite|slp|[from] move: Rest
|-heal|p2a: Dragonite|100/100 slp|[silent]
|-enditem|p2a: Dragonite|Chesto Berry|[eat]
|-curestatus|p2a: Dragonite|slp|[msg]
|move|p1a: Iron Valiant|Thunderbolt|p2a: Dragonite
|-supereffective|p2a: Dragonite
|-damage|p2a: Dragonite|67/100
|
|upkeep
|turn|19
|
|t:|1760331488
|move|p2a: Dragonite|Waterfall|p1a: Iron Valiant
|-damage|p1a: Iron Valiant|0 fnt
|faint|p1a: Iron Valiant
|-end|p1a: Iron Valiant|Quark Drive|[silent]
|
|upkeep
|
|t:|1760331492
|switch|p1a: Dragapult|Dragapult, F|100/100
|turn|20
|
|t:|1760331496
|-terastallize|p1a: Dragapult|Dragon
|move|p2a: Dragonite|Dragon Claw|p1a: Dragapult
|-supereffective|p1a: Dragapult
|-damage|p1a: Dragapult|0 fnt
|faint|p1a: Dragapult
|
|upkeep
|
|t:|1760331502
|switch|p1a: Meowscarada|Meowscarada, F|100/100
|turn|21
|
|t:|1760331506
|move|p2a: Dragonite|Dragon Claw|p1a: Meowscarada
|-damage|p1a: Meowscarada|0 fnt
|faint|p1a: Meowscarada
|
|upkeep
|
|t:|1760331510
|switch|p1a: Sandy Shocks|Sandy Shocks, shiny|100/100
|turn|22
|
|t:|1760331513
|move|p2a: Dragonite|Waterfall|p1a: Sandy Shocks
|-supereffective|p1a: Sandy Shocks
|-damage|p1a: Sandy Shocks|0 fnt
|faint|p1a: Sandy Shocks
|-end|p1a: Sandy Shocks|Protosynthesis|[silent]
|
|win|Mondeydoo
|raw|REDERLINK's rating: 1092 &rarr; <strong>1070</strong><br />(-22 for losing)
|raw|Mondeydoo's rating: 1117 &rarr; <strong>1140</strong><br />(+23 for winning)
|l|☆Mondeydoo
|player|p2|
|l|☆REDERLINK
|player|p1|
