|j|☆Citesight
|j|☆CarrotStix
|t:|1760328736
|gametype|singles
|player|p1|Citesight|adaman-masters|1428
|player|p2|CarrotStix|plasmagruntf-gen5bw|1367
|gen|9
|tier|[Gen 9] OU
|rated|
|rule|HP Percentage Mod: HP is shown in percentages
|rule|Endless Battle Clause: Forcing endless battles is banned
|rule|Species Clause: Limit one of each Pokémon
|rule|OHKO Clause: OHKO moves are banned
|rule|Evasion Items Clause: Evasion items are banned
|rule|Evasion Moves Clause: Evasion moves are banned
|rule|Evasion Abilities Clause: Evasion abilities are banned
|rule|Sleep Moves Clause: Sleep-inducing moves are banned
|clearpoke
|poke|p1|Dragapult, F|
|poke|p1|Dragonite, F|
|poke|p1|Ting-Lu|
|poke|p1|Weezing-Galar, F|
|poke|p1|Iron Crown|
|poke|p1|Zapdos|
|poke|p2|Great Tusk|
|poke|p2|Lilligant, F|
|poke|p2|Walking Wake|
|poke|p2|Torkoal, F|
|poke|p2|Raging Bolt|
|poke|p2|Cinderace, F|
|teampreview
|
|t:|1760328752
|teamsize|p1|6
|teamsize|p2|6
|start
|switch|p1a: Dragapult|Dragapult, F|100/100
|switch|p2a: The Fool|Cinderace, F|100/100
|turn|1
|
|t:|1760328764
|move|p2a: The Fool|Sucker Punch|p1a: Dragapult
|-start|p2a: The Fool|typechange|Dark|[from] ability: Libero
|-supereffective|p1a: Dragapult
|-damage|p1a: Dragapult|10/100
|-start|p2a: The Fool|Disable|Sucker Punch|[from] ability: Cursed Body|[of] p1a: Dragapult
|move|p1a: Dragapult|Dragon Darts|p2a: The Fool
|-damage|p2a: The Fool|69/100
|-anim|p1a: Dragapult|Dragon Darts|p2a: The Fool
|-damage|p2a: The Fool|39/100
|
|upkeep
|turn|2
|
|t:|1760328783
|switch|p2a: Rakwis|Torkoal, F, shiny|100/100
|-weather|SunnyDay|[from] ability: Drought|[of] p2a: Rakwis
|move|p1a: Dragapult|U-turn|p2a: Rakwis
|-resisted|p2a: Rakwis
|-damage|p2a: Rakwis|93/100
|
|t:|1760328801
|switch|p1a: Zapdos|Zapdos|100/100|[from] U-turn
|
|-weather|SunnyDay|[upkeep]
|upkeep
|turn|3
|
|t:|1760328811
|move|p1a: Zapdos|Hurricane|p2a: Rakwis|[miss]
|-miss|p1a: Zapdos|p2a: Rakwis
|move|p2a: Rakwis|Stealth Rock|p1a: Zapdos
|-sidestart|p1: Citesight|move: Stealth Rock
|
|-weather|SunnyDay|[upkeep]
|upkeep
|turn|4
|
|t:|1760328820
|switch|p2a: U. ostrommaysi|Walking Wake|100/100
|-activate|p2a: U. ostrommaysi|ability: Protosynthesis
|-start|p2a: U. ostrommaysi|protosynthesisspa
|move|p1a: Zapdos|Hurricane|p2a: U. ostrommaysi|[miss]
|-miss|p1a: Zapdos|p2a: U. ostrommaysi
|
|-weather|SunnyDay|[upkeep]
|upkeep
|turn|5
|
|t:|1760328839
|move|p2a: U. ostrommaysi|Hydro Steam|p1a: Zapdos
|-damage|p1a: Zapdos|8/100
|move|p1a: Zapdos|Volt Switch|p2a: U. ostrommaysi
|-damage|p2a: U. ostrommaysi|59/100
|
|t:|1760328847
|switch|p1a: Dragapult|Dragapult, F|10/100|[from] Volt Switch
|
|-weather|SunnyDay|[upkeep]
|upkeep
|turn|6
|
|t:|1760328851
|move|p2a: U. ostrommaysi|Hydro Steam|p1a: Dragapult
|-resisted|p1a: Dragapult
|-damage|p1a: Dragapult|0 fnt
|faint|p1a: Dragapult
|
|-weather|SunnyDay|[upkeep]
|upkeep
|
|t:|1760328872
|switch|p1a: Dragonite|Dragonite, F|100/100
|turn|7
|
|t:|1760328879
|-end|p2a: U. ostrommaysi|Protosynthesis|[silent]
|switch|p2a: La Javelina|Great Tusk|100/100
|-activate|p2a: La Javelina|ability: Protosynthesis
|-start|p2a: La Javelina|protosynthesisatk
|move|p1a: Dragonite|Earthquake|p2a: La Javelina
|-damage|p2a: La Javelina|71/100
|
|-weather|SunnyDay|[upkeep]
|upkeep
|turn|8
|
|t:|1760328895
|switch|p1a: Zapdos|Zapdos|8/100
|move|p2a: La Javelina|Ice Spinner|p1a: Zapdos
|-supereffective|p1a: Zapdos
|-damage|p1a: Zapdos|0 fnt
|faint|p1a: Zapdos
|
|-weather|SunnyDay|[upkeep]
|upkeep
|
|t:|1760328902
|switch|p1a: Ting-Lu|Ting-Lu|100/100
|-damage|p1a: Ting-Lu|94/100|[from] Stealth Rock
|-ability|p1a: Ting-Lu|Vessel of Ruin
|turn|9
|
|t:|1760328912
|switch|p1a: Weezing|Weezing-Galar, F|100/100
|-ability|p1a: Weezing|Neutralizing Gas
|move|p2a: La Javelina|Close Combat|p1a: Weezing
|-resisted|p1a: Weezing
|-damage|p1a: Weezing|90/100
|-unboost|p2a: La Javelina|def|1
|-unboost|p2a: La Javelina|spd|1
|
|-weather|none
|upkeep
|turn|10
|
|t:|1760328930
|-end|p2a: La Javelina|Protosynthesis|[silent]
|switch|p2a: Rakwis|Torkoal, F, shiny|93/100
|-end|p1a: Weezing|ability: Neutralizing Gas
|-weather|SunnyDay|[from] ability: Drought|[of] p2a: Rakwis
|switch|p1a: Ting-Lu|Ting-Lu|94/100
|-damage|p1a: Ting-Lu|88/100|[from] Stealth Rock
|-ability|p1a: Ting-Lu|Vessel of Ruin
|
|-weather|SunnyDay|[upkeep]
|-heal|p1a: Ting-Lu|94/100|[from] item: Leftovers
|upkeep
|turn|11
|
|t:|1760328936
|move|p1a: Ting-Lu|Stealth Rock|p2a: Rakwis
|-sidestart|p2: CarrotStix|move: Stealth Rock
|move|p2a: Rakwis|Flamethrower|p1a: Ting-Lu
|-damage|p1a: Ting-Lu|77/100
|
|-weather|SunnyDay|[upkeep]
|-heal|p1a: Ting-Lu|83/100|[from] item: Leftovers
|upkeep
|turn|12
|
|t:|1760328945
|move|p1a: Ting-Lu|Earthquake|p2a: Rakwis
|-supereffective|p2a: Rakwis
|-damage|p2a: Rakwis|45/100
|move|p2a: Rakwis|Rapid Spin|p1a: Ting-Lu
|-damage|p1a: Ting-Lu|78/100
|-boost|p2a: Rakwis|spe|1
|-sideend|p2: CarrotStix|Stealth Rock|[from] move: Rapid Spin|[of] p2a: Rakwis
|
|-weather|SunnyDay|[upkeep]
|-heal|p1a: Ting-Lu|84/100|[from] item: Leftovers
|upkeep
|turn|13
|
|t:|1760328955
|switch|p2a: かぎやま ひな|Lilligant, F|100/100
|move|p1a: Ting-Lu|Earthquake|p2a: かぎやま ひな
|-resisted|p2a: かぎやま ひな
|-damage|p2a: かぎやま ひな|71/100
|
|-weather|SunnyDay|[upkeep]
|-heal|p1a: Ting-Lu|91/100|[from] item: Leftovers
|upkeep
|turn|14
|
|t:|1760328973
|switch|p1a: Weezing|Weezing-Galar, F|90/100
|-ability|p1a: Weezing|Neutralizing Gas
|move|p2a: かぎやま ひな|Quiver Dance|p2a: かぎやま ひな
|-boost|p2a: かぎやま ひな|spa|1
|-boost|p2a: かぎやま ひな|spd|1
|-boost|p2a: かぎやま ひな|spe|1
|
|-weather|SunnyDay|[upkeep]
|upkeep
|turn|15
|
|t:|1760328983
|move|p2a: かぎやま ひな|Weather Ball|p1a: Weezing
|-damage|p1a: Weezing|0 fnt
|faint|p1a: Weezing
|-end|p1a: Weezing|ability: Neutralizing Gas
|-damage|p2a: かぎやま ひな|61/100|[from] item: Life Orb
|
|-weather|SunnyDay|[upkeep]
|upkeep
|
|t:|1760328994
|switch|p1a: Dragonite|Dragonite, F|100/100
|turn|16
|
|t:|1760328999
|-terastallize|p1a: Dragonite|Normal
|move|p1a: Dragonite|Extreme Speed|p2a: かぎやま ひな
|-damage|p2a: かぎやま ひな|0 fnt
|faint|p2a: かぎやま ひな
|
|-weather|SunnyDay|[upkeep]
|upkeep
|
|t:|1760329004
|switch|p2a: La Javelina|Great Tusk|71/100
|-activate|p2a: La Javelina|ability: Protosynthesis
|-start|p2a: La Javelina|protosynthesisatk
|turn|17
|
|t:|1760329011
|switch|p1a: Ting-Lu|Ting-Lu|91/100
|-damage|p1a: Ting-Lu|84/100|[from] Stealth Rock
|-ability|p1a: Ting-Lu|Vessel of Ruin
|move|p2a: La Javelina|Rapid Spin|p1a: Ting-Lu
|-damage|p1a: Ting-Lu|71/100
|-boost|p2a: La Javelina|spe|1
|
|-weather|none
|-end|p2a: La Javelina|Protosynthesis
|-heal|p1a: Ting-Lu|77/100|[from] item: Leftovers
|upkeep
|turn|18
|
|t:|1760329016
|-end|p2a: La Javelina|Protosynthesis|[silent]
|switch|p2a: Rakwis|Torkoal, F, shiny|45/100
|-weather|SunnyDay|[from] ability: Drought|[of] p2a: Rakwis
|move|p1a: Ting-Lu|Ruination|p2a: Rakwis
|-damage|p2a: Rakwis|23/100
|
|-weather|SunnyDay|[upkeep]
|-heal|p1a: Ting-Lu|84/100|[from] item: Leftovers
|upkeep
|turn|19
|
|t:|1760329021
|switch|p2a: La Javelina|Great Tusk|71/100
|-activate|p2a: La Javelina|ability: Protosynthesis
|-start|p2a: La Javelina|protosynthesisatk
|move|p1a: Ting-Lu|Earthquake|p2a: La Javelina
|-damage|p2a: La Javelina|42/100
|
|-weather|SunnyDay|[upkeep]
|-heal|p1a: Ting-Lu|90/100|[from] item: Leftovers
|upkeep
|turn|20
|
|t:|1760329029
|move|p2a: La Javelina|Close Combat|p1a: Ting-Lu
|-supereffective|p1a: Ting-Lu
|-damage|p1a: Ting-Lu|2/100
|-unboost|p2a: La Javelina|def|1
|-unboost|p2a: La Javelina|spd|1
|move|p1a: Ting-Lu|Earthquake|p2a: La Javelina
|-damage|p2a: La Javelina|0 fnt
|faint|p2a: La Javelina
|-end|p2a: La Javelina|Protosynthesis|[silent]
|
|-weather|SunnyDay|[upkeep]
|-heal|p1a: Ting-Lu|8/100|[from] item: Leftovers
|upkeep
|
|t:|1760329039
|switch|p2a: U. ostrommaysi|Walking Wake|59/100
|-activate|p2a: U. ostrommaysi|ability: Protosynthesis
|-start|p2a: U. ostrommaysi|protosynthesisspa
|turn|21
|
|t:|1760329050
|move|p2a: U. ostrommaysi|Hydro Steam|p1a: Ting-Lu
|-supereffective|p1a: Ting-Lu
|-damage|p1a: Ting-Lu|0 fnt
|faint|p1a: Ting-Lu
|
|-weather|SunnyDay|[upkeep]
|upkeep
|
|t:|1760329074
|switch|p1a: Dragonite|Dragonite, F, tera:Normal|100/100
|turn|22
|
|t:|1760329083
|move|p2a: U. ostrommaysi|Hydro Steam|p1a: Dragonite
|-damage|p1a: Dragonite|59/100
|move|p1a: Dragonite|Dragon Dance|p1a: Dragonite
|-boost|p1a: Dragonite|atk|1
|-boost|p1a: Dragonite|spe|1
|
|-weather|SunnyDay|[upkeep]
|upkeep
|turn|23
|
|t:|1760329089
|move|p1a: Dragonite|Extreme Speed|p2a: U. ostrommaysi
|-damage|p2a: U. ostrommaysi|0 fnt
|faint|p2a: U. ostrommaysi
|-end|p2a: U. ostrommaysi|Protosynthesis|[silent]
|
|-weather|SunnyDay|[upkeep]
|upkeep
|
|t:|1760329095
|switch|p2a: Ichirin|Raging Bolt|100/100
|-activate|p2a: Ichirin|ability: Protosynthesis
|-start|p2a: Ichirin|protosynthesisspa
|turn|24
|
|t:|1760329098
|move|p1a: Dragonite|Roost|p1a: Dragonite
|-heal|p1a: Dragonite|100/100
|move|p2a: Ichirin|Thunderbolt|p1a: Dragonite
|-damage|p1a: Dragonite|66/100
|
|-weather|SunnyDay|[upkeep]
|upkeep
|turn|25
|
|t:|1760329110
|-terastallize|p2a: Ichirin|Grass
|move|p1a: Dragonite|Earthquake|p2a: Ichirin
|-resisted|p2a: Ichirin
|-damage|p2a: Ichirin|75/100
|move|p2a: Ichirin|Thunderbolt|p1a: Dragonite
|-damage|p1a: Dragonite|0 fnt
|faint|p1a: Dragonite
|
|-weather|none
|-end|p2a: Ichirin|Protosynthesis
|-heal|p2a: Ichirin|82/100|[from] item: Leftovers
|upkeep
|
|t:|1760329114
|switch|p1a: Iron Crown|Iron Crown|100/100
|-damage|p1a: Iron Crown|94/100|[from] Stealth Rock
|turn|26
|
|t:|1760329135
|-end|p2a: Ichirin|Protosynthesis|[silent]
|switch|p2a: Rakwis|Torkoal, F, shiny|23/100
|-weather|SunnyDay|[from] ability: Drought|[of] p2a: Rakwis
|move|p1a: Iron Crown|Tachyon Cutter|p2a: Rakwis
|-resisted|p2a: Rakwis
|-damage|p2a: Rakwis|0 fnt
|faint|p2a: Rakwis
|-hitcount|p2: Rakwis|1
|
|-weather|SunnyDay|[upkeep]
|upkeep
|
|t:|1760329142
|switch|p2a: The Fool|Cinderace, F|39/100
|turn|27
|
|t:|1760329144
|move|p2a: The Fool|Pyro Ball|p1a: Iron Crown
|-supereffective|p1a: Iron Crown
|-damage|p1a: Iron Crown|0 fnt
|faint|p1a: Iron Crown
|-end|p1a: Iron Crown|Quark Drive|[silent]
|
|win|CarrotStix
|raw|Citesight's rating: 1428 &rarr; <strong>1405</strong><br />(-23 for losing)
|raw|CarrotStix's rating: 1367 &rarr; <strong>1390</strong><br />(+23 for winning)
|c|☆CarrotStix|gg
|c|☆Citesight|gg
|c|☆CarrotStix|wp
|l|☆Citesight
|player|p1|
|l|☆CarrotStix
|player|p2|
