|j|‽heyimgenesis
|j|☆Haconnhabatrieu
|t:|1760346081
|gametype|singles
|player|p1|heyimgenesis|sabrina|1301
|player|p2|Haconnhabatrieu|ninjaboy|1367
|gen|9
|tier|[Gen 9] OU
|rated|
|rule|HP Percentage Mod: HP is shown in percentages
|rule|Endless Battle Clause: Forcing endless battles is banned
|rule|Species Clause: Limit one of each Pokémon
|rule|OHKO Clause: OHKO moves are banned
|rule|Evasion Items Clause: Evasion items are banned
|rule|Evasion Moves Clause: Evasion moves are banned
|rule|Evasion Abilities Clause: Evasion abilities are banned
|rule|Sleep Moves Clause: Sleep-inducing moves are banned
|clearpoke
|poke|p1|Ogerpon, F|
|poke|p1|Walking Wake|
|poke|p1|Blissey, F|
|poke|p1|Gliscor, F|
|poke|p1|Corviknight, F|
|poke|p1|Pecharunt|
|poke|p2|Gholdengo|
|poke|p2|Ogerpon-Wellspring, F|
|poke|p2|Great Tusk|
|poke|p2|Ting-Lu|
|poke|p2|Ninetales-Alola, M|
|poke|p2|Dragonite, M|
|teampreview
|inactive|Battle timer is ON: inactive players will automatically lose when time's up. (requested by heyimgenesis)
|
|t:|1760346096
|teamsize|p1|6
|teamsize|p2|6
|start
|switch|p1a: Walking Wake|Walking Wake|100/100
|switch|p2a: Dragonite|Dragonite, M|100/100
|turn|1
|
|t:|1760346103
|switch|p2a: Ninetales|Ninetales-Alola, M|100/100
|-weather|Snowscape|[from] ability: Snow Warning|[of] p2a: Ninetales
|move|p1a: Walking Wake|Knock Off|p2a: Ninetales
|-resisted|p2a: Ninetales
|-damage|p2a: Ninetales|94/100
|-enditem|p2a: Ninetales|Light Clay|[from] move: Knock Off|[of] p1a: Walking Wake
|
|-weather|Snowscape|[upkeep]
|upkeep
|turn|2
|
|t:|1760346117
|-end|p1a: Walking Wake|Protosynthesis|[silent]
|switch|p1a: Blissey|Blissey, F|100/100
|move|p2a: Ninetales|Aurora Veil|p2a: Ninetales
|-sidestart|p2: Haconnhabatrieu|move: Aurora Veil
|
|-weather|Snowscape|[upkeep]
|upkeep
|turn|3
|
|t:|1760346126
|switch|p2a: Great Tusk|Great Tusk, shiny|100/100
|move|p1a: Blissey|Stealth Rock|p2a: Great Tusk
|-sidestart|p2: Haconnhabatrieu|move: Stealth Rock
|
|-weather|Snowscape|[upkeep]
|upkeep
|turn|4
|
|t:|1760346138
|switch|p1a: Pecharunt|Pecharunt|100/100
|move|p2a: Great Tusk|Headlong Rush|p1a: Pecharunt
|-supereffective|p1a: Pecharunt
|-damage|p1a: Pecharunt|38/100
|-unboost|p2a: Great Tusk|def|1
|-unboost|p2a: Great Tusk|spd|1
|
|-weather|Snowscape|[upkeep]
|upkeep
|turn|5
|inactive|Haconnhabatrieu has 120 seconds left.
|
|t:|1760346180
|switch|p1a: Gliscor|Gliscor, F, shiny|100/100
|-end|p2a: Great Tusk|Protosynthesis|[silent]
|switch|p2a: Ting-Lu|Ting-Lu, shiny|100/100
|-damage|p2a: Ting-Lu|94/100|[from] Stealth Rock
|-ability|p2a: Ting-Lu|Vessel of Ruin
|
|-weather|none
|-status|p1a: Gliscor|tox|[from] item: Toxic Orb
|upkeep
|turn|6
|
|t:|1760346190
|move|p1a: Gliscor|Toxic|p2a: Ting-Lu
|-status|p2a: Ting-Lu|tox
|move|p2a: Ting-Lu|Stealth Rock|p1a: Gliscor
|-sidestart|p1: heyimgenesis|move: Stealth Rock
|
|-damage|p2a: Ting-Lu|88/100 tox|[from] psn
|-sideend|p2: Haconnhabatrieu|move: Aurora Veil
|upkeep
|turn|7
|inactive|Haconnhabatrieu has 120 seconds left.
|
|t:|1760346197
|move|p1a: Gliscor|Spikes|p2a: Ting-Lu
|-sidestart|p2: Haconnhabatrieu|Spikes
|move|p2a: Ting-Lu|Whirlwind|p1a: Gliscor
|drag|p1a: Blissey|Blissey, F|100/100
|
|-damage|p2a: Ting-Lu|76/100 tox|[from] psn
|upkeep
|turn|8
|
|t:|1760346206
|switch|p2a: Great Tusk|Great Tusk, shiny|100/100
|-damage|p2a: Great Tusk|97/100|[from] Stealth Rock
|-damage|p2a: Great Tusk|85/100|[from] Spikes
|move|p1a: Blissey|Seismic Toss|p2a: Great Tusk
|-damage|p2a: Great Tusk|60/100
|
|upkeep
|turn|9
|
|t:|1760346221
|switch|p1a: Pecharunt|Pecharunt|38/100
|move|p2a: Great Tusk|Ice Spinner|p1a: Pecharunt
|-damage|p1a: Pecharunt|23/100
|
|upkeep
|turn|10
|
|t:|1760346228
|move|p1a: Pecharunt|Malignant Chain|p2a: Great Tusk
|-resisted|p2a: Great Tusk
|-damage|p2a: Great Tusk|47/100
|-status|p2a: Great Tusk|tox
|-start|p2a: Great Tusk|confusion|[from] ability: Poison Puppeteer|[of] p1a: Pecharunt
|-activate|p2a: Great Tusk|confusion
|-damage|p2a: Great Tusk|36/100 tox|[from] confusion
|
|-damage|p2a: Great Tusk|30/100 tox|[from] psn
|upkeep
|turn|11
|
|t:|1760346239
|move|p1a: Pecharunt|Parting Shot|p2a: Great Tusk
|-unboost|p2a: Great Tusk|atk|1
|-unboost|p2a: Great Tusk|spa|1
|
|t:|1760346242
|switch|p1a: Gliscor|Gliscor, F, shiny|100/100 tox|[from] Parting Shot
|-damage|p1a: Gliscor|88/100 tox|[from] Stealth Rock
|-activate|p2a: Great Tusk|confusion
|-damage|p2a: Great Tusk|23/100 tox|[from] confusion
|
|-heal|p1a: Gliscor|100/100 tox|[from] ability: Poison Heal
|-damage|p2a: Great Tusk|10/100 tox|[from] psn
|upkeep
|turn|12
|
|t:|1760346251
|move|p1a: Gliscor|Spikes|p2a: Great Tusk
|-sidestart|p2: Haconnhabatrieu|Spikes
|-activate|p2a: Great Tusk|confusion
|move|p2a: Great Tusk|Rapid Spin|p1a: Gliscor
|-damage|p1a: Gliscor|90/100 tox
|-boost|p2a: Great Tusk|spe|1
|-sideend|p2: Haconnhabatrieu|Spikes|[from] move: Rapid Spin|[of] p2a: Great Tusk
|-sideend|p2: Haconnhabatrieu|Stealth Rock|[from] move: Rapid Spin|[of] p2a: Great Tusk
|
|-damage|p2a: Great Tusk|0 fnt|[from] psn
|faint|p2a: Great Tusk
|-end|p2a: Great Tusk|Protosynthesis|[silent]
|-heal|p1a: Gliscor|100/100 tox|[from] ability: Poison Heal
|upkeep
|
|t:|1760346261
|switch|p2a: Ninetales|Ninetales-Alola, M|94/100
|-weather|Snowscape|[from] ability: Snow Warning|[of] p2a: Ninetales
|turn|13
|
|t:|1760346269
|move|p2a: Ninetales|Freeze-Dry|p1a: Gliscor
|-supereffective|p1a: Gliscor
|-damage|p1a: Gliscor|29/100 tox
|move|p1a: Gliscor|Toxic|p2a: Ninetales
|-status|p2a: Ninetales|tox
|
|-weather|Snowscape|[upkeep]
|-damage|p2a: Ninetales|88/100 tox|[from] psn
|-heal|p1a: Gliscor|42/100 tox|[from] ability: Poison Heal
|upkeep
|turn|14
|
|t:|1760346281
|switch|p1a: Blissey|Blissey, F|100/100
|move|p2a: Ninetales|Aurora Veil|p2a: Ninetales
|-sidestart|p2: Haconnhabatrieu|move: Aurora Veil
|
|-weather|Snowscape|[upkeep]
|-damage|p2a: Ninetales|76/100 tox|[from] psn
|upkeep
|turn|15
|
|t:|1760346290
|switch|p2a: Ogerpon|Ogerpon-Wellspring, F|100/100
|move|p1a: Blissey|Stealth Rock|p2a: Ogerpon
|-sidestart|p2: Haconnhabatrieu|move: Stealth Rock
|
|-weather|Snowscape|[upkeep]
|upkeep
|turn|16
|
|t:|1760346296
|move|p2a: Ogerpon|Encore|p1a: Blissey
|-start|p1a: Blissey|Encore
|move|p1a: Blissey|Stealth Rock||[still]
|-fail|p1a: Blissey
|
|-weather|Snowscape|[upkeep]
|upkeep
|turn|17
|
|t:|1760346302
|switch|p1a: Ogerpon|Ogerpon, F|100/100
|move|p2a: Ogerpon|Swords Dance|p2a: Ogerpon
|-boost|p2a: Ogerpon|atk|2
|
|-weather|none
|upkeep
|turn|18
|
|t:|1760346320
|-terastallize|p1a: Ogerpon|Grass
|detailschange|p1a: Ogerpon|Ogerpon-Teal-Tera, F, tera:Grass
|-ability|p1a: Ogerpon|Embody Aspect (Teal)|boost
|-boost|p1a: Ogerpon|spe|1
|move|p1a: Ogerpon|Encore|p2a: Ogerpon
|-start|p2a: Ogerpon|Encore
|move|p2a: Ogerpon|Swords Dance|p2a: Ogerpon
|-boost|p2a: Ogerpon|atk|2
|
|-sideend|p2: Haconnhabatrieu|move: Aurora Veil
|upkeep
|turn|19
|inactive|Haconnhabatrieu has 120 seconds left.
|
|t:|1760346347
|switch|p2a: Ting-Lu|Ting-Lu, shiny|76/100 tox
|-damage|p2a: Ting-Lu|70/100 tox|[from] Stealth Rock
|-ability|p2a: Ting-Lu|Vessel of Ruin
|move|p1a: Ogerpon|Knock Off|p2a: Ting-Lu
|-resisted|p2a: Ting-Lu
|-damage|p2a: Ting-Lu|63/100 tox
|-damage|p1a: Ogerpon|84/100|[from] item: Rocky Helmet|[of] p2a: Ting-Lu
|-enditem|p2a: Ting-Lu|Rocky Helmet|[from] move: Knock Off|[of] p1a: Ogerpon
|
|-damage|p2a: Ting-Lu|57/100 tox|[from] psn
|upkeep
|turn|20
|inactive|Haconnhabatrieu has 120 seconds left.
|
|t:|1760346359
|move|p1a: Ogerpon|Ivy Cudgel|p2a: Ting-Lu
|-supereffective|p2a: Ting-Lu
|-damage|p2a: Ting-Lu|0 fnt
|faint|p2a: Ting-Lu
|
|upkeep
|inactive|Haconnhabatrieu has 120 seconds left.
|
|t:|1760346367
|switch|p2a: Gholdengo|Gholdengo, shiny|100/100
|-damage|p2a: Gholdengo|94/100|[from] Stealth Rock
|turn|21
|
|t:|1760346376
|move|p1a: Ogerpon|Knock Off|p2a: Gholdengo
|-supereffective|p2a: Gholdengo
|-damage|p2a: Gholdengo|26/100
|-enditem|p2a: Gholdengo|Choice Specs|[from] move: Knock Off|[of] p1a: Ogerpon
|move|p2a: Gholdengo|Make It Rain|p1a: Ogerpon
|-damage|p1a: Ogerpon|0 fnt
|-unboost|p2a: Gholdengo|spa|1
|faint|p1a: Ogerpon
|detailschange|p1: Ogerpon|Ogerpon, F|[silent]
|
|upkeep
|
|t:|1760346386
|switch|p1a: Gliscor|Gliscor, F, shiny|42/100 tox
|-damage|p1a: Gliscor|29/100 tox|[from] Stealth Rock
|turn|22
|inactive|Haconnhabatrieu has 120 seconds left.
|
|t:|1760346407
|switch|p2a: Ninetales|Ninetales-Alola, M|76/100 tox
|-damage|p2a: Ninetales|51/100 tox|[from] Stealth Rock
|-weather|Snowscape|[from] ability: Snow Warning|[of] p2a: Ninetales
|move|p1a: Gliscor|Spikes|p2a: Ninetales
|-sidestart|p2: Haconnhabatrieu|Spikes
|
|-weather|Snowscape|[upkeep]
|-damage|p2a: Ninetales|45/100 tox|[from] psn
|-heal|p1a: Gliscor|42/100 tox|[from] ability: Poison Heal
|upkeep
|turn|23
|
|t:|1760346420
|move|p1a: Gliscor|Protect|p1a: Gliscor
|-singleturn|p1a: Gliscor|Protect
|move|p2a: Ninetales|Aurora Veil|p2a: Ninetales
|-sidestart|p2: Haconnhabatrieu|move: Aurora Veil
|
|-weather|Snowscape|[upkeep]
|-damage|p2a: Ninetales|33/100 tox|[from] psn
|-heal|p1a: Gliscor|54/100 tox|[from] ability: Poison Heal
|upkeep
|turn|24
|
|t:|1760346430
|switch|p1a: Pecharunt|Pecharunt|23/100
|move|p2a: Ninetales|Pain Split|p1a: Pecharunt
|-sethp|p1a: Pecharunt|27/100|[from] move: Pain Split|[silent]
|-sethp|p2a: Ninetales|29/100 tox|[from] move: Pain Split
|
|-weather|Snowscape|[upkeep]
|-damage|p2a: Ninetales|11/100 tox|[from] psn
|upkeep
|turn|25
|
|t:|1760346439
|move|p2a: Ninetales|Freeze-Dry|p1a: Pecharunt
|-damage|p1a: Pecharunt|2/100
|move|p1a: Pecharunt|Recover|p1a: Pecharunt
|-heal|p1a: Pecharunt|52/100
|
|-weather|Snowscape|[upkeep]
|-damage|p2a: Ninetales|0 fnt|[from] psn
|faint|p2a: Ninetales
|upkeep
|
|t:|1760346446
|switch|p2a: Gholdengo|Gholdengo, shiny|26/100
|-damage|p2a: Gholdengo|20/100|[from] Stealth Rock
|-damage|p2a: Gholdengo|8/100|[from] Spikes
|turn|26
|
|t:|1760346459
|move|p1a: Pecharunt|Parting Shot|p2a: Gholdengo
|-immune|p2a: Gholdengo|[from] ability: Good as Gold
|move|p2a: Gholdengo|Recover|p2a: Gholdengo
|-heal|p2a: Gholdengo|58/100
|
|-weather|none
|upkeep
|turn|27
|
|t:|1760346467
|switch|p1a: Gliscor|Gliscor, F, shiny|54/100 tox
|-damage|p1a: Gliscor|42/100 tox|[from] Stealth Rock
|move|p2a: Gholdengo|Recover|p2a: Gholdengo
|-heal|p2a: Gholdengo|100/100
|
|-heal|p1a: Gliscor|54/100 tox|[from] ability: Poison Heal
|-sideend|p2: Haconnhabatrieu|move: Aurora Veil
|upkeep
|turn|28
|
|t:|1760346478
|move|p1a: Gliscor|Spikes|p2a: Gholdengo
|-sidestart|p2: Haconnhabatrieu|Spikes
|move|p2a: Gholdengo|Make It Rain|p1a: Gliscor
|-damage|p1a: Gliscor|0 fnt
|-unboost|p2a: Gholdengo|spa|1
|faint|p1a: Gliscor
|
|upkeep
|
|t:|1760346486
|switch|p1a: Walking Wake|Walking Wake|100/100
|turn|29
|
|t:|1760346504
|switch|p2a: Ogerpon|Ogerpon-Wellspring, F|100/100
|-damage|p2a: Ogerpon|88/100|[from] Stealth Rock
|-damage|p2a: Ogerpon|72/100|[from] Spikes
|move|p1a: Walking Wake|Substitute|p1a: Walking Wake
|-start|p1a: Walking Wake|Substitute
|-damage|p1a: Walking Wake|76/100
|
|upkeep
|turn|30
|
|t:|1760346512
|move|p2a: Ogerpon|Encore|p1a: Walking Wake
|-start|p1a: Walking Wake|Encore
|move|p1a: Walking Wake|Substitute|p1a: Walking Wake
|-fail|p1a: Walking Wake|move: Substitute
|
|upkeep
|turn|31
|
|t:|1760346517
|-end|p1a: Walking Wake|Protosynthesis|[silent]
|switch|p1a: Pecharunt|Pecharunt|52/100
|move|p2a: Ogerpon|Swords Dance|p2a: Ogerpon
|-boost|p2a: Ogerpon|atk|2
|
|upkeep
|turn|32
|
|t:|1760346524
|-terastallize|p2a: Ogerpon|Water
|detailschange|p2a: Ogerpon|Ogerpon-Wellspring-Tera, F, tera:Water
|-ability|p2a: Ogerpon|Embody Aspect (Wellspring)|boost
|-boost|p2a: Ogerpon|spd|1
|move|p2a: Ogerpon|Ivy Cudgel|p1a: Pecharunt|[anim] Ivy Cudgel Water
|-damage|p1a: Pecharunt|0 fnt
|faint|p1a: Pecharunt
|
|upkeep
|
|t:|1760346537
|switch|p1a: Corviknight|Corviknight, F|100/100
|-ability|p1a: Corviknight|Pressure
|turn|33
|
|t:|1760346544
|move|p2a: Ogerpon|Ivy Cudgel|p1a: Corviknight|[anim] Ivy Cudgel Water
|-damage|p1a: Corviknight|0 fnt
|faint|p1a: Corviknight
|
|upkeep
|-message|heyimgenesis forfeited.
|
|win|Haconnhabatrieu
|raw|heyimgenesis's rating: 1301 &rarr; <strong>1285</strong><br />(-16 for losing)
|raw|Haconnhabatrieu's rating: 1367 &rarr; <strong>1383</strong><br />(+16 for winning)
|l|‽heyimgenesis
|player|p1|
