|j|☆BigDGoose
|j|☆Clock Obsessed
|t:|1760319854
|gametype|singles
|player|p1|BigDGoose|hooligans|1242
|player|p2|Clock Obsessed|2|1199
|gen|9
|tier|[Gen 9] OU
|rated|
|rule|HP Percentage Mod: HP is shown in percentages
|rule|Endless Battle Clause: Forcing endless battles is banned
|rule|Species Clause: Limit one of each Pokémon
|rule|OHKO Clause: OHKO moves are banned
|rule|Evasion Items Clause: Evasion items are banned
|rule|Evasion Moves Clause: Evasion moves are banned
|rule|Evasion Abilities Clause: Evasion abilities are banned
|rule|Sleep Moves Clause: Sleep-inducing moves are banned
|clearpoke
|poke|p1|Heracross, M|
|poke|p1|Meowscarada, M|
|poke|p1|Conkeldurr, M|
|poke|p1|Rotom-Wash|
|poke|p1|Regirock|
|poke|p1|Leafeon, M|
|poke|p2|Garganacl, F|
|poke|p2|Dragapult, F|
|poke|p2|Ogerpon-Wellspring, F|
|poke|p2|Moltres|
|poke|p2|Zamazenta-*|
|poke|p2|Iron Treads|
|teampreview
|
|t:|1760319874
|teamsize|p1|6
|teamsize|p2|6
|start
|switch|p1a: Rotom|Rotom-Wash|100/100
|switch|p2a: Garganacl|Garganacl, F|100/100
|turn|1
|
|t:|1760319891
|move|p1a: Rotom|Hydro Pump|p2a: Garganacl
|-supereffective|p2a: Garganacl
|-damage|p2a: Garganacl|30/100
|move|p2a: Garganacl|Salt Cure|p1a: Rotom
|-damage|p1a: Rotom|86/100
|-start|p1a: Rotom|Salt Cure
|
|-heal|p2a: Garganacl|36/100|[from] item: Leftovers
|-damage|p1a: Rotom|61/100|[from] Salt Cure
|upkeep
|turn|2
|
|t:|1760319900
|switch|p2a: Ogerpon|Ogerpon-Wellspring, F|100/100
|move|p1a: Rotom|Volt Switch|p2a: Ogerpon
|-damage|p2a: Ogerpon|65/100
|
|t:|1760319903
|switch|p1a: Meowscarada|Meowscarada, M|100/100|[from] Volt Switch
|
|upkeep
|turn|3
|
|t:|1760319913
|switch|p2a: Moltres|Moltres|100/100
|move|p1a: Meowscarada|U-turn|p2a: Moltres
|-start|p1a: Meowscarada|typechange|Bug|[from] ability: Protean
|-resisted|p2a: Moltres
|-damage|p2a: Moltres|91/100
|
|t:|1760319934
|switch|p1a: Regirock|Regirock|100/100|[from] U-turn
|
|upkeep
|turn|4
|
|t:|1760319942
|switch|p2a: Dragapult|Dragapult, F|100/100
|move|p1a: Regirock|Stealth Rock|p2a: Dragapult
|-sidestart|p2: Clock Obsessed|move: Stealth Rock
|
|upkeep
|turn|5
|
|t:|1760319950
|move|p2a: Dragapult|Will-O-Wisp|p1a: Regirock
|-status|p1a: Regirock|brn
|move|p1a: Regirock|Thunder Wave|p2a: Dragapult
|-status|p2a: Dragapult|par
|
|-damage|p1a: Regirock|94/100 brn|[from] brn
|upkeep
|turn|6
|
|t:|1760319959
|switch|p2a: Garganacl|Garganacl, F|36/100
|-damage|p2a: Garganacl|24/100|[from] Stealth Rock
|move|p1a: Regirock|Rock Tomb|p2a: Garganacl
|-damage|p2a: Garganacl|16/100
|-unboost|p2a: Garganacl|spe|1
|
|-heal|p1a: Regirock|100/100 brn|[from] item: Leftovers
|-heal|p2a: Garganacl|23/100|[from] item: Leftovers
|-damage|p1a: Regirock|94/100 brn|[from] brn
|upkeep
|turn|7
|
|t:|1760319971
|move|p1a: Regirock|Body Press|p2a: Garganacl
|-supereffective|p2a: Garganacl
|-damage|p2a: Garganacl|0 fnt
|faint|p2a: Garganacl
|
|-heal|p1a: Regirock|100/100 brn|[from] item: Leftovers
|-damage|p1a: Regirock|94/100 brn|[from] brn
|upkeep
|
|t:|1760319978
|switch|p2a: Iron Treads|Iron Treads|100/100
|-damage|p2a: Iron Treads|98/100|[from] Stealth Rock
|turn|8
|
|t:|1760319985
|move|p2a: Iron Treads|Rapid Spin|p1a: Regirock
|-resisted|p1a: Regirock
|-damage|p1a: Regirock|91/100 brn
|-boost|p2a: Iron Treads|spe|1
|-sideend|p2: Clock Obsessed|Stealth Rock|[from] move: Rapid Spin|[of] p2a: Iron Treads
|move|p1a: Regirock|Body Press|p2a: Iron Treads
|-supereffective|p2a: Iron Treads
|-damage|p2a: Iron Treads|63/100
|
|-heal|p2a: Iron Treads|69/100|[from] item: Leftovers
|-heal|p1a: Regirock|98/100 brn|[from] item: Leftovers
|-damage|p1a: Regirock|91/100 brn|[from] brn
|upkeep
|turn|9
|
|t:|1760319996
|move|p2a: Iron Treads|Earthquake|p1a: Regirock
|-supereffective|p1a: Regirock
|-damage|p1a: Regirock|58/100 brn
|move|p1a: Regirock|Body Press|p2a: Iron Treads
|-supereffective|p2a: Iron Treads
|-damage|p2a: Iron Treads|34/100
|
|-heal|p2a: Iron Treads|40/100|[from] item: Leftovers
|-heal|p1a: Regirock|64/100 brn|[from] item: Leftovers
|-damage|p1a: Regirock|58/100 brn|[from] brn
|upkeep
|turn|10
|
|t:|1760320007
|move|p2a: Iron Treads|Stealth Rock|p1a: Regirock
|-sidestart|p1: BigDGoose|move: Stealth Rock
|move|p1a: Regirock|Body Press|p2a: Iron Treads
|-supereffective|p2a: Iron Treads
|-damage|p2a: Iron Treads|6/100
|
|-heal|p2a: Iron Treads|12/100|[from] item: Leftovers
|-heal|p1a: Regirock|64/100 brn|[from] item: Leftovers
|-damage|p1a: Regirock|58/100 brn|[from] brn
|upkeep
|turn|11
|
|t:|1760320019
|move|p2a: Iron Treads|Knock Off|p1a: Regirock
|-damage|p1a: Regirock|48/100 brn
|-enditem|p1a: Regirock|Leftovers|[from] move: Knock Off|[of] p2a: Iron Treads
|move|p1a: Regirock|Body Press|p2a: Iron Treads
|-supereffective|p2a: Iron Treads
|-damage|p2a: Iron Treads|0 fnt
|faint|p2a: Iron Treads
|-end|p2a: Iron Treads|Quark Drive|[silent]
|
|-damage|p1a: Regirock|42/100 brn|[from] brn
|upkeep
|
|t:|1760320028
|switch|p2a: Ogerpon|Ogerpon-Wellspring, F|65/100
|turn|12
|
|t:|1760320033
|move|p2a: Ogerpon|Trailblaze|p1a: Regirock
|-supereffective|p1a: Regirock
|-crit|p1a: Regirock
|-damage|p1a: Regirock|6/100 brn
|-boost|p2a: Ogerpon|spe|1
|move|p1a: Regirock|Thunder Wave|p2a: Ogerpon
|-status|p2a: Ogerpon|par
|
|-damage|p1a: Regirock|0 fnt|[from] brn
|faint|p1a: Regirock
|upkeep
|
|t:|1760320045
|switch|p1a: Leafeon|Leafeon, M|100/100
|-damage|p1a: Leafeon|88/100|[from] Stealth Rock
|turn|13
|
|t:|1760320052
|switch|p2a: Moltres|Moltres|91/100
|move|p1a: Leafeon|Swords Dance|p1a: Leafeon
|-boost|p1a: Leafeon|atk|2
|
|-heal|p1a: Leafeon|94/100|[from] item: Leftovers
|upkeep
|turn|14
|
|t:|1760320059
|-terastallize|p1a: Leafeon|Water
|move|p1a: Leafeon|Tera Blast|p2a: Moltres|[anim] Tera Blast Water
|-supereffective|p2a: Moltres
|-damage|p2a: Moltres|0 fnt
|faint|p2a: Moltres
|
|-heal|p1a: Leafeon|99/100|[from] item: Leftovers
|upkeep
|-message|Clock Obsessed forfeited.
|
|win|BigDGoose
|raw|BigDGoose's rating: 1242 &rarr; <strong>1264</strong><br />(+22 for winning)
|raw|Clock Obsessed's rating: 1199 &rarr; <strong>1177</strong><br />(-22 for losing)
|l|☆Clock Obsessed
|player|p2|
|l|☆BigDGoose
|player|p1|
