|j|☆siroperation
|j|☆ChopsFCC
|t:|1760317052
|gametype|singles
|player|p1|siroperation|170|1395
|player|p2|ChopsFCC|2|1465
|gen|9
|tier|[Gen 9] OU
|rated|
|rule|HP Percentage Mod: HP is shown in percentages
|rule|Endless Battle Clause: Forcing endless battles is banned
|rule|Species Clause: Limit one of each Pokémon
|rule|OHKO Clause: OHKO moves are banned
|rule|Evasion Items Clause: Evasion items are banned
|rule|Evasion Moves Clause: Evasion moves are banned
|rule|Evasion Abilities Clause: Evasion abilities are banned
|rule|Sleep Moves Clause: Sleep-inducing moves are banned
|clearpoke
|poke|p1|Conkeldurr, M|
|poke|p1|Alomomola, M|
|poke|p1|Ting-Lu|
|poke|p1|Cyclizar, F|
|poke|p1|Bronzong|
|poke|p1|Tornadus-Therian, M|
|poke|p2|Rillaboom, F|
|poke|p2|Gholdengo|
|poke|p2|Zamazenta-*|
|poke|p2|Landorus-Therian, M|
|poke|p2|Darkrai|
|poke|p2|Primarina, F|
|teampreview
|inactive|Battle timer is ON: inactive players will automatically lose when time's up. (requested by ChopsFCC)
|
|t:|1760317079
|teamsize|p1|6
|teamsize|p2|6
|start
|switch|p1a: Tornadus|Tornadus-Therian, M|100/100
|switch|p2a: Primarina|Primarina, F|100/100
|turn|1
|
|t:|1760317096
|move|p1a: Tornadus|Knock Off|p2a: Primarina
|-resisted|p2a: Primarina
|-damage|p2a: Primarina|88/100
|-enditem|p2a: Primarina|Assault Vest|[from] move: Knock Off|[of] p1a: Tornadus
|move|p2a: Primarina|Flip Turn|p1a: Tornadus
|-damage|p1a: Tornadus|81/100
|
|t:|1760317113
|switch|p2a: Landorus|Landorus-Therian, M|100/100|[from] Flip Turn
|-ability|p2a: Landorus|Intimidate|boost
|-unboost|p1a: Tornadus|atk|1
|
|upkeep
|turn|2
|
|t:|1760317122
|switch|p1a: Alomomola|Alomomola, M|100/100
|move|p2a: Landorus|Stealth Rock|p1a: Alomomola
|-sidestart|p1: siroperation|move: Stealth Rock
|
|upkeep
|turn|3
|
|t:|1760317129
|move|p2a: Landorus|Earth Power|p1a: Alomomola
|-damage|p1a: Alomomola|70/100
|move|p1a: Alomomola|Flip Turn|p2a: Landorus
|-supereffective|p2a: Landorus
|-damage|p2a: Landorus|70/100
|-damage|p1a: Alomomola|53/100|[from] item: Rocky Helmet|[of] p2a: Landorus
|
|t:|1760317138
|switch|p1a: Conkeldurr|Conkeldurr, M, shiny|100/100|[from] Flip Turn
|-damage|p1a: Conkeldurr|94/100|[from] Stealth Rock
|
|-status|p1a: Conkeldurr|brn|[from] item: Flame Orb
|upkeep
|turn|4
|
|t:|1760317154
|move|p2a: Landorus|Earth Power|p1a: Conkeldurr
|-damage|p1a: Conkeldurr|57/100 brn
|move|p1a: Conkeldurr|Knock Off|p2a: Landorus
|-damage|p2a: Landorus|11/100
|-damage|p1a: Conkeldurr|41/100 brn|[from] item: Rocky Helmet|[of] p2a: Landorus
|-enditem|p2a: Landorus|Rocky Helmet|[from] move: Knock Off|[of] p1a: Conkeldurr
|
|-damage|p1a: Conkeldurr|35/100 brn|[from] brn
|upkeep
|turn|5
|
|t:|1760317170
|move|p1a: Conkeldurr|Mach Punch|p2a: Landorus
|-resisted|p2a: Landorus
|-damage|p2a: Landorus|0 fnt
|faint|p2a: Landorus
|
|-damage|p1a: Conkeldurr|29/100 brn|[from] brn
|upkeep
|inactive|ChopsFCC has 120 seconds left.
|
|t:|1760317198
|switch|p2a: Rillaboom|Rillaboom, F|100/100
|-fieldstart|move: Grassy Terrain|[from] ability: Grassy Surge|[of] p2a: Rillaboom
|turn|6
|inactive|ChopsFCC has 90 seconds left.
|
|t:|1760317237
|switch|p1a: Cyclizar|Cyclizar, F, shiny|100/100
|move|p2a: Rillaboom|Knock Off|p1a: Cyclizar
|-damage|p1a: Cyclizar|43/100
|-enditem|p1a: Cyclizar|Heavy-Duty Boots|[from] move: Knock Off|[of] p2a: Rillaboom
|-damage|p2a: Rillaboom|91/100|[from] item: Life Orb
|
|-heal|p1a: Cyclizar|49/100|[from] Grassy Terrain
|-heal|p2a: Rillaboom|97/100|[from] Grassy Terrain
|upkeep
|turn|7
|inactive|ChopsFCC has 90 seconds left.
|
|t:|1760317253
|switch|p2a: Gholdengo|Gholdengo|100/100
|-enditem|p2a: Gholdengo|Grassy Seed
|-boost|p2a: Gholdengo|def|1|[from] item: Grassy Seed
|move|p1a: Cyclizar|Overheat|p2a: Gholdengo
|-supereffective|p2a: Gholdengo
|-crit|p2a: Gholdengo
|-damage|p2a: Gholdengo|17/100
|-unboost|p1a: Cyclizar|spa|2
|
|-heal|p1a: Cyclizar|55/100|[from] Grassy Terrain
|-heal|p2a: Gholdengo|24/100|[from] Grassy Terrain
|upkeep
|turn|8
|inactive|ChopsFCC has 90 seconds left.
|
|t:|1760317268
|-terastallize|p2a: Gholdengo|Water
|move|p1a: Cyclizar|Knock Off|p2a: Gholdengo
|-damage|p2a: Gholdengo|17/100
|move|p2a: Gholdengo|Recover|p2a: Gholdengo
|-heal|p2a: Gholdengo|67/100
|
|-heal|p1a: Cyclizar|61/100|[from] Grassy Terrain
|-heal|p2a: Gholdengo|73/100|[from] Grassy Terrain
|upkeep
|turn|9
|inactive|ChopsFCC has 90 seconds left.
|
|t:|1760317281
|move|p1a: Cyclizar|Rapid Spin|p2a: Gholdengo
|-damage|p2a: Gholdengo|67/100
|-boost|p1a: Cyclizar|spe|1
|-sideend|p1: siroperation|Stealth Rock|[from] move: Rapid Spin|[of] p1a: Cyclizar
|move|p2a: Gholdengo|Nasty Plot|p2a: Gholdengo
|-boost|p2a: Gholdengo|spa|2
|
|-heal|p1a: Cyclizar|67/100|[from] Grassy Terrain
|-heal|p2a: Gholdengo|73/100|[from] Grassy Terrain
|upkeep
|turn|10
|inactive|ChopsFCC has 90 seconds left.
|
|t:|1760317293
|move|p1a: Cyclizar|U-turn|p2a: Gholdengo
|-damage|p2a: Gholdengo|66/100
|
|t:|1760317321
|switch|p1a: Alomomola|Alomomola, M|87/100|[from] U-turn
|move|p2a: Gholdengo|Nasty Plot|p2a: Gholdengo
|-boost|p2a: Gholdengo|spa|2
|
|-heal|p2a: Gholdengo|72/100|[from] Grassy Terrain
|-heal|p1a: Alomomola|93/100|[from] Grassy Terrain
|-fieldend|move: Grassy Terrain
|upkeep
|turn|11
|inactive|ChopsFCC has 90 seconds left.
|inactive|ChopsFCC has 60 seconds left.
|
|t:|1760317367
|move|p2a: Gholdengo|Shadow Ball|p1a: Alomomola
|-damage|p1a: Alomomola|0 fnt
|faint|p1a: Alomomola
|
|upkeep
|
|t:|1760317375
|switch|p1a: Tornadus|Tornadus-Therian, M|100/100
|turn|12
|inactive|ChopsFCC has 60 seconds left.
|
|t:|1760317406
|move|p1a: Tornadus|Bleakwind Storm|p2a: Gholdengo
|-damage|p2a: Gholdengo|31/100
|-unboost|p2a: Gholdengo|spe|1
|move|p2a: Gholdengo|Make It Rain|p1a: Tornadus
|-damage|p1a: Tornadus|0 fnt
|-unboost|p2a: Gholdengo|spa|1
|faint|p1a: Tornadus
|
|upkeep
|
|t:|1760317413
|switch|p1a: Conkeldurr|Conkeldurr, M, shiny|29/100 brn
|turn|13
|
|t:|1760317437
|switch|p2a: Zamazenta|Zamazenta|100/100
|-ability|p2a: Zamazenta|Dauntless Shield|boost
|-boost|p2a: Zamazenta|def|1
|move|p1a: Conkeldurr|Facade|p2a: Zamazenta
|-damage|p2a: Zamazenta|49/100
|
|-damage|p1a: Conkeldurr|22/100 brn|[from] brn
|upkeep
|turn|14
|inactive|ChopsFCC has 60 seconds left.
|
|t:|1760317454
|switch|p1a: Bronzong|Bronzong|100/100
|move|p2a: Zamazenta|Close Combat|p1a: Bronzong
|-damage|p1a: Bronzong|35/100
|-unboost|p2a: Zamazenta|def|1
|-unboost|p2a: Zamazenta|spd|1
|-damage|p2a: Zamazenta|39/100|[from] item: Life Orb
|
|upkeep
|turn|15
|inactive|ChopsFCC has 60 seconds left.
|
|t:|1760317470
|-terastallize|p1a: Bronzong|Ghost
|move|p2a: Zamazenta|Close Combat|p1a: Bronzong
|-immune|p1a: Bronzong
|move|p1a: Bronzong|Stealth Rock|p2a: Zamazenta
|-sidestart|p2: ChopsFCC|move: Stealth Rock
|
|upkeep
|turn|16
|
|t:|1760317475
|move|p2a: Zamazenta|Crunch|p1a: Bronzong
|-supereffective|p1a: Bronzong
|-enditem|p1a: Bronzong|Colbur Berry|[eat]
|-enditem|p1a: Bronzong|Colbur Berry|[weaken]
|-damage|p1a: Bronzong|6/100
|-damage|p2a: Zamazenta|29/100|[from] item: Life Orb
|move|p1a: Bronzong|Psychic Noise|p2a: Zamazenta
|-supereffective|p2a: Zamazenta
|-damage|p2a: Zamazenta|0 fnt
|faint|p2a: Zamazenta
|
|upkeep
|inactive|ChopsFCC has 60 seconds left.
|
|t:|1760317494
|switch|p2a: Gholdengo|Gholdengo, tera:Water|31/100
|-damage|p2a: Gholdengo|18/100|[from] Stealth Rock
|turn|17
|inactive|ChopsFCC has 60 seconds left.
|
|t:|1760317503
|switch|p1a: Ting-Lu|Ting-Lu|100/100
|-ability|p1a: Ting-Lu|Vessel of Ruin
|move|p2a: Gholdengo|Recover|p2a: Gholdengo
|-heal|p2a: Gholdengo|68/100
|
|upkeep
|turn|18
|inactive|ChopsFCC has 60 seconds left.
|
|t:|1760317514
|move|p2a: Gholdengo|Recover|p2a: Gholdengo
|-heal|p2a: Gholdengo|100/100
|move|p1a: Ting-Lu|Earthquake|p2a: Gholdengo
|-damage|p2a: Gholdengo|73/100
|
|upkeep
|turn|19
|inactive|ChopsFCC has 60 seconds left.
|
|t:|1760317524
|move|p2a: Gholdengo|Nasty Plot|p2a: Gholdengo
|-boost|p2a: Gholdengo|spa|2
|move|p1a: Ting-Lu|Ruination|p2a: Gholdengo
|-damage|p2a: Gholdengo|37/100
|
|upkeep
|turn|20
|
|t:|1760317530
|move|p2a: Gholdengo|Recover|p2a: Gholdengo
|-heal|p2a: Gholdengo|87/100
|move|p1a: Ting-Lu|Ruination|p2a: Gholdengo
|-damage|p2a: Gholdengo|44/100
|
|upkeep
|turn|21
|
|t:|1760317537
|move|p2a: Gholdengo|Make It Rain|p1a: Ting-Lu
|-damage|p1a: Ting-Lu|56/100
|-unboost|p2a: Gholdengo|spa|1
|move|p1a: Ting-Lu|Ruination|p2a: Gholdengo
|-damage|p2a: Gholdengo|22/100
|
|-heal|p1a: Ting-Lu|62/100|[from] item: Leftovers
|upkeep
|turn|22
|
|t:|1760317545
|move|p2a: Gholdengo|Recover|p2a: Gholdengo
|-heal|p2a: Gholdengo|72/100
|move|p1a: Ting-Lu|Ruination|p2a: Gholdengo
|-damage|p2a: Gholdengo|36/100
|
|-heal|p1a: Ting-Lu|68/100|[from] item: Leftovers
|upkeep
|turn|23
|
|t:|1760317560
|move|p2a: Gholdengo|Nasty Plot|p2a: Gholdengo
|-boost|p2a: Gholdengo|spa|2
|move|p1a: Ting-Lu|Ruination|p2a: Gholdengo
|-damage|p2a: Gholdengo|18/100
|
|-heal|p1a: Ting-Lu|75/100|[from] item: Leftovers
|upkeep
|turn|24
|
|t:|1760317573
|move|p2a: Gholdengo|Recover|p2a: Gholdengo
|-heal|p2a: Gholdengo|68/100
|move|p1a: Ting-Lu|Ruination|p2a: Gholdengo
|-damage|p2a: Gholdengo|35/100
|
|-heal|p1a: Ting-Lu|81/100|[from] item: Leftovers
|upkeep
|turn|25
|inactive|ChopsFCC has 90 seconds left.
|
|t:|1760317584
|move|p2a: Gholdengo|Make It Rain|p1a: Ting-Lu
|-damage|p1a: Ting-Lu|25/100
|-unboost|p2a: Gholdengo|spa|1
|move|p1a: Ting-Lu|Ruination|p2a: Gholdengo
|-damage|p2a: Gholdengo|18/100
|
|-heal|p1a: Ting-Lu|31/100|[from] item: Leftovers
|upkeep
|turn|26
|inactive|ChopsFCC has 90 seconds left.
|
|t:|1760317597
|move|p2a: Gholdengo|Recover|p2a: Gholdengo
|-heal|p2a: Gholdengo|68/100
|move|p1a: Ting-Lu|Ruination|p2a: Gholdengo
|-damage|p2a: Gholdengo|34/100
|
|-heal|p1a: Ting-Lu|38/100|[from] item: Leftovers
|upkeep
|turn|27
|
|t:|1760317610
|move|p2a: Gholdengo|Make It Rain|p1a: Ting-Lu
|-damage|p1a: Ting-Lu|0 fnt
|-unboost|p2a: Gholdengo|spa|1
|faint|p1a: Ting-Lu
|
|upkeep
|
|t:|1760317613
|switch|p1a: Conkeldurr|Conkeldurr, M, shiny|22/100 brn
|turn|28
|
|t:|1760317624
|move|p1a: Conkeldurr|Mach Punch|p2a: Gholdengo
|-damage|p2a: Gholdengo|8/100
|move|p2a: Gholdengo|Shadow Ball|p1a: Conkeldurr
|-damage|p1a: Conkeldurr|0 fnt
|faint|p1a: Conkeldurr
|
|upkeep
|
|t:|1760317629
|switch|p1a: Cyclizar|Cyclizar, F, shiny|100/100
|turn|29
|
|t:|1760317634
|move|p1a: Cyclizar|Rapid Spin|p2a: Gholdengo
|-damage|p2a: Gholdengo|0 fnt
|-boost|p1a: Cyclizar|spe|1
|faint|p2a: Gholdengo
|
|upkeep
|
|t:|1760317644
|switch|p2a: Primarina|Primarina, F|88/100
|-damage|p2a: Primarina|76/100|[from] Stealth Rock
|turn|30
|-message|siroperation forfeited.
|
|win|ChopsFCC
|raw|siroperation's rating: 1395 &rarr; <strong>1379</strong><br />(-16 for losing)
|raw|ChopsFCC's rating: 1465 &rarr; <strong>1481</strong><br />(+16 for winning)
|l|☆siroperation
|player|p1|
|l|☆ChopsFCC
|player|p2|
