|j|☆ay cheu
|j|☆undertalethemovie
|t:|1760407468
|gametype|singles
|player|p1|ay cheu|riley|1470
|player|p2|undertalethemovie|n|1496
|gen|9
|tier|[Gen 9] OU
|rated|
|rule|HP Percentage Mod: HP is shown in percentages
|rule|Endless Battle Clause: Forcing endless battles is banned
|rule|Species Clause: Limit one of each Pokémon
|rule|OHKO Clause: OHKO moves are banned
|rule|Evasion Items Clause: Evasion items are banned
|rule|Evasion Moves Clause: Evasion moves are banned
|rule|Evasion Abilities Clause: Evasion abilities are banned
|rule|Sleep Moves Clause: Sleep-inducing moves are banned
|clearpoke
|poke|p1|Arcanine-Hisui, M|
|poke|p1|Hydreigon, M|
|poke|p1|Sandy Shocks|
|poke|p1|Jirachi|
|poke|p1|Noivern, M|
|poke|p1|Azumarill, M|
|poke|p2|Clodsire, M|
|poke|p2|Ogerpon-Wellspring, F|
|poke|p2|Zoroark-Hisui, M|
|poke|p2|Zamazenta-*|
|poke|p2|Cinderace, M|
|poke|p2|Deoxys-Speed|
|teampreview
|inactive|Battle timer is ON: inactive players will automatically lose when time's up. (requested by ay cheu)
|
|t:|1760407478
|teamsize|p1|6
|teamsize|p2|6
|start
|switch|p1a: Hydreigon|Hydreigon, M|100/100
|switch|p2a: The Writer|Ogerpon-Wellspring, F|100/100
|turn|1
|
|t:|1760407480
|-terastallize|p2a: The Writer|Water
|detailschange|p2a: The Writer|Ogerpon-Wellspring-Tera, F, tera:Water
|-ability|p2a: The Writer|Embody Aspect (Wellspring)|boost
|-boost|p2a: The Writer|spd|1
|move|p1a: Hydreigon|U-turn|p2a: The Writer
|-damage|p2a: The Writer|79/100
|
|t:|1760407486
|switch|p1a: Noivern|Noivern, M|100/100|[from] U-turn
|-item|p2a: The Writer|Wellspring Mask|[from] ability: Frisk|[of] p1a: Noivern
|move|p2a: The Writer|Ivy Cudgel|p1a: Noivern|[anim] Ivy Cudgel Water
|-resisted|p1a: Noivern
|-crit|p1a: Noivern
|-damage|p1a: Noivern|46/100
|
|upkeep
|turn|2
|
|t:|1760407493
|move|p1a: Noivern|Roost|p1a: Noivern
|-heal|p1a: Noivern|96/100
|-singleturn|p1a: Noivern|move: Roost
|move|p2a: The Writer|Ivy Cudgel|p1a: Noivern|[anim] Ivy Cudgel Water
|-resisted|p1a: Noivern
|-crit|p1a: Noivern
|-damage|p1a: Noivern|46/100
|
|upkeep
|turn|3
|
|t:|1760407500
|move|p1a: Noivern|Roost|p1a: Noivern
|-heal|p1a: Noivern|96/100
|-singleturn|p1a: Noivern|move: Roost
|move|p2a: The Writer|Ivy Cudgel|p1a: Noivern|[anim] Ivy Cudgel Water
|-resisted|p1a: Noivern
|-damage|p1a: Noivern|58/100
|
|upkeep
|turn|4
|
|t:|1760407506
|move|p1a: Noivern|Hurricane|p2a: The Writer|[miss]
|-miss|p1a: Noivern|p2a: The Writer
|move|p2a: The Writer|Encore|p1a: Noivern
|-start|p1a: Noivern|Encore
|
|upkeep
|turn|5
|
|t:|1760407509
|switch|p2a: Mumbo|Clodsire, M|100/100
|-item|p2a: Mumbo|Air Balloon
|move|p1a: Noivern|Hurricane|p2a: Mumbo
|-damage|p2a: Mumbo|79/100
|-enditem|p2a: Mumbo|Air Balloon
|
|upkeep
|turn|6
|
|t:|1760407515
|switch|p1a: Azumarill|Azumarill, M|100/100
|move|p2a: Mumbo|Toxic|p1a: Azumarill
|-status|p1a: Azumarill|tox
|
|-damage|p1a: Azumarill|94/100 tox|[from] psn
|upkeep
|turn|7
|
|t:|1760407517
|move|p1a: Azumarill|Knock Off|p2a: Mumbo
|-damage|p2a: Mumbo|46/100
|move|p2a: Mumbo|Toxic Spikes|p1a: Azumarill
|-sidestart|p1: ay cheu|move: Toxic Spikes
|
|-damage|p1a: Azumarill|82/100 tox|[from] psn
|upkeep
|turn|8
|
|t:|1760407525
|move|p1a: Azumarill|Play Rough|p2a: Mumbo
|-resisted|p2a: Mumbo
|-damage|p2a: Mumbo|13/100
|move|p2a: Mumbo|Recover|p2a: Mumbo
|-heal|p2a: Mumbo|63/100
|
|-damage|p1a: Azumarill|63/100 tox|[from] psn
|upkeep
|turn|9
|
|t:|1760407531
|switch|p1a: Noivern|Noivern, M|58/100
|move|p2a: Mumbo|Recover|p2a: Mumbo
|-heal|p2a: Mumbo|100/100
|
|upkeep
|turn|10
|
|t:|1760407533
|move|p1a: Noivern|Defog|p2a: Mumbo
|-unboost|p2a: Mumbo|evasion|1
|-sideend|p1: ay cheu|Toxic Spikes|[from] move: Defog|[of] p1a: Noivern
|move|p2a: Mumbo|Toxic|p1a: Noivern
|-status|p1a: Noivern|tox
|
|-damage|p1a: Noivern|52/100 tox|[from] psn
|upkeep
|turn|11
|
|t:|1760407536
|move|p1a: Noivern|Roost|p1a: Noivern
|-heal|p1a: Noivern|100/100 tox
|-singleturn|p1a: Noivern|move: Roost
|move|p2a: Mumbo|Toxic Spikes|p1a: Noivern
|-sidestart|p1: ay cheu|move: Toxic Spikes
|
|-damage|p1a: Noivern|88/100 tox|[from] psn
|upkeep
|turn|12
|
|t:|1760407538
|move|p1a: Noivern|Defog|p2a: Mumbo
|-unboost|p2a: Mumbo|evasion|1
|-sideend|p1: ay cheu|Toxic Spikes|[from] move: Defog|[of] p1a: Noivern
|move|p2a: Mumbo|Toxic Spikes|p1a: Noivern
|-sidestart|p1: ay cheu|move: Toxic Spikes
|
|-damage|p1a: Noivern|69/100 tox|[from] psn
|upkeep
|turn|13
|
|t:|1760407543
|move|p1a: Noivern|U-turn|p2a: Mumbo
|-resisted|p2a: Mumbo
|-damage|p2a: Mumbo|94/100
|
|t:|1760407545
|switch|p1a: Jirachi|Jirachi|100/100|[from] U-turn
|move|p2a: Mumbo|Toxic Spikes|p1a: Jirachi
|-sidestart|p1: ay cheu|move: Toxic Spikes
|
|upkeep
|turn|14
|
|t:|1760407548
|switch|p2a: Ingerland|Cinderace, M|100/100
|move|p1a: Jirachi|Wish|p1a: Jirachi
|
|upkeep
|turn|15
|
|t:|1760407551
|switch|p1a: Azumarill|Azumarill, M|63/100 tox
|move|p2a: Ingerland|Pyro Ball|p1a: Azumarill
|-resisted|p1a: Azumarill
|-damage|p1a: Azumarill|33/100 tox
|
|-heal|p1a: Azumarill|83/100 tox|[from] move: Wish|[wisher] Jirachi
|-damage|p1a: Azumarill|77/100 tox|[from] psn
|upkeep
|turn|16
|
|t:|1760407559
|move|p2a: Ingerland|Gunk Shot|p1a: Azumarill
|-start|p2a: Ingerland|typechange|Poison|[from] ability: Libero
|-supereffective|p1a: Azumarill
|-damage|p1a: Azumarill|0 fnt
|faint|p1a: Azumarill
|
|upkeep
|
|t:|1760407564
|switch|p1a: Sandy Shocks|Sandy Shocks|100/100
|-status|p1a: Sandy Shocks|tox
|turn|17
|
|t:|1760407567
|switch|p2a: The Writer|Ogerpon-Wellspring-Tera, F|100/100
|-item|p2a: The Writer|Air Balloon
|move|p1a: Sandy Shocks|Stealth Rock|p2a: The Writer
|-sidestart|p2: undertalethemovie|move: Stealth Rock
|
|-damage|p1a: Sandy Shocks|94/100 tox|[from] psn
|upkeep
|-start|p2a: The Writer|typechange|Water|[silent]
|turn|18
|
|t:|1760407571
|-end|p1a: Sandy Shocks|Protosynthesis|[silent]
|switch|p1a: Hydreigon|Hydreigon, M|100/100
|move|p2a: The Writer|Hex|p1a: Hydreigon
|-resisted|p1a: Hydreigon
|-damage|p1a: Hydreigon|82/100
|
|upkeep
|turn|19
|
|t:|1760407574
|move|p1a: Hydreigon|Dark Pulse|p2a: The Writer
|-supereffective|p2a: The Writer
|-damage|p2a: The Writer|0 fnt
|replace|p2a: Count St. Germain|Zoroark-Hisui, M, shiny
|-end|p2a: Count St. Germain|Illusion
|-enditem|p2a: Count St. Germain|Air Balloon
|faint|p2a: Count St. Germain
|
|upkeep
|
|t:|1760407577
|switch|p2a: Minami Torishima|Deoxys-Speed|100/100
|-damage|p2a: Minami Torishima|88/100|[from] Stealth Rock
|-ability|p2a: Minami Torishima|Pressure
|turn|20
|
|t:|1760407580
|-terastallize|p1a: Hydreigon|Dragon
|move|p1a: Hydreigon|Dark Pulse|p2a: Minami Torishima
|-supereffective|p2a: Minami Torishima
|-damage|p2a: Minami Torishima|0 fnt
|faint|p2a: Minami Torishima
|
|upkeep
|
|t:|1760407585
|switch|p2a: Mumbo|Clodsire, M|94/100
|-damage|p2a: Mumbo|88/100|[from] Stealth Rock
|turn|21
|
|t:|1760407588
|switch|p1a: Jirachi|Jirachi|100/100
|move|p2a: Mumbo|Toxic|p1a: Jirachi
|-immune|p1a: Jirachi
|
|upkeep
|turn|22
|
|t:|1760407590
|move|p1a: Jirachi|Iron Head|p2a: Mumbo
|-damage|p2a: Mumbo|58/100
|cant|p2a: Mumbo|flinch
|
|upkeep
|turn|23
|
|t:|1760407592
|move|p1a: Jirachi|Iron Head|p2a: Mumbo
|-damage|p2a: Mumbo|27/100
|cant|p2a: Mumbo|flinch
|
|upkeep
|turn|24
|
|t:|1760407597
|move|p1a: Jirachi|Iron Head|p2a: Mumbo
|-damage|p2a: Mumbo|0 fnt
|faint|p2a: Mumbo
|
|upkeep
|
|t:|1760407599
|switch|p2a: Ingerland|Cinderace, M|100/100
|turn|25
|
|t:|1760407601
|move|p1a: Jirachi|Protect|p1a: Jirachi
|-singleturn|p1a: Jirachi|Protect
|move|p2a: Ingerland|Pyro Ball|p1a: Jirachi
|-activate|p1a: Jirachi|move: Protect
|
|upkeep
|turn|26
|
|t:|1760407606
|switch|p1a: Noivern|Noivern, M|69/100 tox
|-item|p2a: Ingerland|Heavy-Duty Boots|[from] ability: Frisk|[of] p1a: Noivern
|move|p2a: Ingerland|Gunk Shot|p1a: Noivern
|-start|p2a: Ingerland|typechange|Poison|[from] ability: Libero
|-damage|p1a: Noivern|20/100 tox
|
|-damage|p1a: Noivern|14/100 tox|[from] psn
|upkeep
|turn|27
|
|t:|1760407610
|move|p2a: Ingerland|Gunk Shot|p1a: Noivern
|-damage|p1a: Noivern|0 fnt
|faint|p1a: Noivern
|
|upkeep
|
|t:|1760407612
|switch|p1a: Sandy Shocks|Sandy Shocks|94/100 tox
|turn|28
|
|t:|1760407616
|switch|p2a: Pokemon Shield|Zamazenta|100/100
|-damage|p2a: Pokemon Shield|94/100|[from] Stealth Rock
|-ability|p2a: Pokemon Shield|Dauntless Shield|boost
|-boost|p2a: Pokemon Shield|def|1
|move|p1a: Sandy Shocks|Volt Switch|p2a: Pokemon Shield
|-damage|p2a: Pokemon Shield|64/100
|
|t:|1760407621
|-end|p1a: Sandy Shocks|Protosynthesis|[silent]
|switch|p1a: Hydreigon|Hydreigon, M, tera:Dragon|82/100|[from] Volt Switch
|
|-heal|p2a: Pokemon Shield|70/100|[from] item: Leftovers
|upkeep
|turn|29
|
|t:|1760407624
|move|p1a: Hydreigon|Draco Meteor|p2a: Pokemon Shield
|-damage|p2a: Pokemon Shield|0 fnt
|-unboost|p1a: Hydreigon|spa|2
|faint|p2a: Pokemon Shield
|
|upkeep
|
|t:|1760407629
|switch|p2a: The Writer|Ogerpon-Wellspring-Tera, F, tera:Water|79/100
|-damage|p2a: The Writer|67/100|[from] Stealth Rock
|-ability|p2a: The Writer|Embody Aspect (Wellspring)|boost
|-boost|p2a: The Writer|spd|1
|turn|30
|
|t:|1760407639
|switch|p1a: Jirachi|Jirachi|100/100
|move|p2a: The Writer|Ivy Cudgel|p1a: Jirachi|[anim] Ivy Cudgel Water
|-damage|p1a: Jirachi|38/100
|
|-heal|p1a: Jirachi|44/100|[from] item: Leftovers
|upkeep
|turn|31
|
|t:|1760407644
|move|p2a: The Writer|Ivy Cudgel|p1a: Jirachi|[anim] Ivy Cudgel Water
|-damage|p1a: Jirachi|0 fnt
|faint|p1a: Jirachi
|
|upkeep
|
|t:|1760407647
|switch|p1a: Hydreigon|Hydreigon, M, tera:Dragon|82/100
|turn|32
|
|t:|1760407653
|move|p1a: Hydreigon|Draco Meteor|p2a: The Writer
|-damage|p2a: The Writer|0 fnt
|-unboost|p1a: Hydreigon|spa|2
|faint|p2a: The Writer
|detailschange|p2: The Writer|Ogerpon-Wellspring, F|[silent]
|
|upkeep
|
|t:|1760407656
|switch|p2a: Ingerland|Cinderace, M|100/100
|turn|33
|
|t:|1760407660
|move|p1a: Hydreigon|Draco Meteor|p2a: Ingerland|[miss]
|-miss|p1a: Hydreigon|p2a: Ingerland
|move|p2a: Ingerland|Gunk Shot|p1a: Hydreigon
|-start|p2a: Ingerland|typechange|Poison|[from] ability: Libero
|-damage|p1a: Hydreigon|17/100
|
|upkeep
|turn|34
|
|t:|1760407662
|move|p1a: Hydreigon|Draco Meteor|p2a: Ingerland
|-damage|p2a: Ingerland|34/100
|-unboost|p1a: Hydreigon|spa|2
|move|p2a: Ingerland|Gunk Shot|p1a: Hydreigon
|-damage|p1a: Hydreigon|0 fnt
|faint|p1a: Hydreigon
|
|upkeep
|
|t:|1760407665
|switch|p1a: Sandy Shocks|Sandy Shocks|94/100 tox
|turn|35
|
|t:|1760407668
|move|p2a: Ingerland|Pyro Ball|p1a: Sandy Shocks
|-damage|p1a: Sandy Shocks|53/100 tox
|move|p1a: Sandy Shocks|Discharge|p2a: Ingerland
|-damage|p2a: Ingerland|0 fnt
|faint|p2a: Ingerland
|
|win|ay cheu
|raw|ay cheu's rating: 1470 &rarr; <strong>1491</strong><br />(+21 for winning)
|raw|undertalethemovie's rating: 1496 &rarr; <strong>1475</strong><br />(-21 for losing)
|l|☆undertalethemovie
|player|p2|
|l|☆ay cheu
|player|p1|
