|j|☆Lolpoopypants
|j|‽pikachulover32
|t:|1760414155
|gametype|singles
|player|p1|Lolpoopypants|blue|1510
|player|p2|pikachulover32|brendan|1433
|gen|9
|tier|[Gen 9] OU
|rated|
|rule|HP Percentage Mod: HP is shown in percentages
|rule|Endless Battle Clause: Forcing endless battles is banned
|rule|Species Clause: Limit one of each Pokémon
|rule|OHKO Clause: OHKO moves are banned
|rule|Evasion Items Clause: Evasion items are banned
|rule|Evasion Moves Clause: Evasion moves are banned
|rule|Evasion Abilities Clause: Evasion abilities are banned
|rule|Sleep Moves Clause: Sleep-inducing moves are banned
|clearpoke
|poke|p1|Kingambit, M|
|poke|p1|Cinderace, M|
|poke|p1|Landorus-Therian, M|
|poke|p1|Iron Valiant|
|poke|p1|Kyurem|
|poke|p1|Slowking-Galar, M|
|poke|p2|Weezing-Galar, F|
|poke|p2|Iron Treads|
|poke|p2|Samurott-Hisui, M|
|poke|p2|Slowking-Galar, F|
|poke|p2|Garchomp, M|
|poke|p2|Zapdos|
|teampreview
|inactive|Battle timer is ON: inactive players will automatically lose when time's up. (requested by Lolpoopypants)
|
|t:|1760414166
|teamsize|p1|6
|teamsize|p2|6
|start
|switch|p1a: Cinderace|Cinderace, M, shiny|100/100
|switch|p2a: Slowking|Slowking-Galar, F, shiny|100/100
|turn|1
|
|t:|1760414178
|move|p1a: Cinderace|U-turn|p2a: Slowking
|-damage|p2a: Slowking|81/100
|
|t:|1760414181
|switch|p1a: Landorus|Landorus-Therian, M, shiny|100/100|[from] U-turn
|-ability|p1a: Landorus|Intimidate|boost
|-unboost|p2a: Slowking|atk|1
|move|p2a: Slowking|Surf|p1a: Landorus
|-supereffective|p1a: Landorus
|-damage|p1a: Landorus|29/100
|
|upkeep
|turn|2
|
|t:|1760414192
|switch|p2a: Weezing|Weezing-Galar, F|100/100
|move|p1a: Landorus|Rock Tomb|p2a: Weezing
|-damage|p2a: Weezing|87/100
|-unboost|p2a: Weezing|spe|1
|
|upkeep
|turn|3
|
|t:|1760414200
|move|p1a: Landorus|U-turn|p2a: Weezing
|-resisted|p2a: Weezing
|-damage|p2a: Weezing|83/100
|-damage|p1a: Landorus|13/100|[from] item: Rocky Helmet|[of] p2a: Weezing
|
|t:|1760414203
|switch|p1a: Slowking|Slowking-Galar, M, shiny|100/100|[from] U-turn
|move|p2a: Weezing|Will-O-Wisp|p1a: Slowking
|-status|p1a: Slowking|brn
|
|-damage|p1a: Slowking|94/100 brn|[from] brn
|upkeep
|turn|4
|
|t:|1760414224
|switch|p2a: Slowking|Slowking-Galar, F, shiny|100/100
|move|p1a: Slowking|Thunder Wave|p2a: Slowking
|-status|p2a: Slowking|par
|
|-damage|p1a: Slowking|88/100 brn|[from] brn
|upkeep
|turn|5
|
|t:|1760414233
|move|p1a: Slowking|Psychic Noise|p2a: Slowking
|-damage|p2a: Slowking|87/100 par
|-start|p2a: Slowking|move: Heal Block
|move|p2a: Slowking|Psyshock|p1a: Slowking
|-damage|p1a: Slowking|46/100 brn
|
|-damage|p1a: Slowking|40/100 brn|[from] brn
|upkeep
|turn|6
|
|t:|1760414243
|switch|p1a: Kingambit|Kingambit, M, shiny|100/100
|cant|p2a: Slowking|par
|
|-end|p2a: Slowking|move: Heal Block
|upkeep
|turn|7
|
|t:|1760414251
|switch|p2a: Garchomp|Garchomp, M|100/100
|move|p1a: Kingambit|Swords Dance|p1a: Kingambit
|-boost|p1a: Kingambit|atk|2
|
|upkeep
|turn|8
|
|t:|1760414258
|move|p2a: Garchomp|Earthquake|p1a: Kingambit
|-supereffective|p1a: Kingambit
|-damage|p1a: Kingambit|35/100
|move|p1a: Kingambit|Kowtow Cleave|p2a: Garchomp
|-damage|p2a: Garchomp|42/100
|-damage|p1a: Kingambit|22/100|[from] ability: Rough Skin|[of] p2a: Garchomp
|-damage|p1a: Kingambit|6/100|[from] item: Rocky Helmet|[of] p2a: Garchomp
|
|-heal|p1a: Kingambit|12/100|[from] item: Leftovers
|upkeep
|turn|9
|
|t:|1760414269
|move|p2a: Garchomp|Stealth Rock|p1a: Kingambit
|-sidestart|p1: Lolpoopypants|move: Stealth Rock
|move|p1a: Kingambit|Kowtow Cleave|p2a: Garchomp
|-damage|p2a: Garchomp|0 fnt
|-damage|p1a: Kingambit|0 fnt|[from] ability: Rough Skin|[of] p2a: Garchomp
|faint|p2a: Garchomp
|faint|p1a: Kingambit
|-end|p1a: Kingambit|fallenundefined|[silent]
|
|upkeep
|
|t:|1760414283
|switch|p2a: Slowking|Slowking-Galar, F, shiny|100/100 par
|switch|p1a: Cinderace|Cinderace, M, shiny|100/100
|turn|10
|
|t:|1760414289
|move|p1a: Cinderace|Court Change|p1a: Cinderace
|-swapsideconditions
|-activate|p1a: Cinderace|move: Court Change
|cant|p2a: Slowking|par
|
|upkeep
|turn|11
|
|t:|1760414295
|move|p1a: Cinderace|U-turn|p2a: Slowking
|-damage|p2a: Slowking|83/100 par
|
|t:|1760414297
|switch|p1a: Kyurem|Kyurem, shiny|100/100|[from] U-turn
|-ability|p1a: Kyurem|Pressure
|cant|p2a: Slowking|par
|
|upkeep
|turn|12
|
|t:|1760414304
|move|p1a: Kyurem|Substitute|p1a: Kyurem
|-start|p1a: Kyurem|Substitute
|-damage|p1a: Kyurem|76/100
|cant|p2a: Slowking|par
|
|-heal|p1a: Kyurem|82/100|[from] item: Leftovers
|upkeep
|turn|13
|
|t:|1760414312
|move|p1a: Kyurem|Earth Power|p2a: Slowking
|-supereffective|p2a: Slowking
|-damage|p2a: Slowking|53/100 par
|cant|p2a: Slowking|par
|
|-heal|p1a: Kyurem|88/100|[from] item: Leftovers
|upkeep
|turn|14
|
|t:|1760414321
|move|p1a: Kyurem|Earth Power|p2a: Slowking
|-supereffective|p2a: Slowking
|-damage|p2a: Slowking|19/100 par
|move|p2a: Slowking|Sludge Bomb|p1a: Kyurem
|-end|p1a: Kyurem|Substitute
|
|-heal|p1a: Kyurem|94/100|[from] item: Leftovers
|upkeep
|turn|15
|
|t:|1760414330
|move|p1a: Kyurem|Substitute|p1a: Kyurem
|-start|p1a: Kyurem|Substitute
|-damage|p1a: Kyurem|69/100
|move|p2a: Slowking|Sludge Bomb|p1a: Kyurem
|-end|p1a: Kyurem|Substitute
|
|-heal|p1a: Kyurem|75/100|[from] item: Leftovers
|upkeep
|turn|16
|l|☆Lolpoopypants
|inactive|Lolpoopypants disconnected and has a minute to reconnect!
|player|p1|
|
|t:|1760414348
|move|p1a: Kyurem|Substitute|p1a: Kyurem
|-start|p1a: Kyurem|Substitute
|-damage|p1a: Kyurem|50/100
|move|p2a: Slowking|Sludge Bomb|p1a: Kyurem
|-end|p1a: Kyurem|Substitute
|
|-heal|p1a: Kyurem|57/100|[from] item: Leftovers
|upkeep
|turn|17
|j|☆Lolpoopypants
|inactive|Lolpoopypants reconnected and has 150 seconds left.
|player|p1|Lolpoopypants|blue|
|
|t:|1760414357
|move|p1a: Kyurem|Freeze-Dry|p2a: Slowking
|-damage|p2a: Slowking|1/100 par
|move|p2a: Slowking|Sludge Bomb|p1a: Kyurem
|-damage|p1a: Kyurem|11/100
|
|-heal|p1a: Kyurem|18/100|[from] item: Leftovers
|upkeep
|turn|18
|
|t:|1760414369
|switch|p2a: Iron Treads|Iron Treads, shiny|100/100
|-damage|p2a: Iron Treads|97/100|[from] Stealth Rock
|move|p1a: Kyurem|Freeze-Dry|p2a: Iron Treads
|-damage|p2a: Iron Treads|69/100
|
|-heal|p1a: Kyurem|24/100|[from] item: Leftovers
|upkeep
|turn|19
|l|☆Lolpoopypants
|inactive|Lolpoopypants disconnected and has a minute to reconnect!
|player|p1|
|j|☆Lolpoopypants
|inactive|Lolpoopypants reconnected and has 135 seconds left.
|player|p1|Lolpoopypants|blue|
|
|t:|1760414387
|move|p1a: Kyurem|Protect|p1a: Kyurem
|-singleturn|p1a: Kyurem|Protect
|move|p2a: Iron Treads|Iron Head|p1a: Kyurem
|-activate|p1a: Kyurem|move: Protect
|
|-heal|p1a: Kyurem|30/100|[from] item: Leftovers
|upkeep
|turn|20
|l|☆Lolpoopypants
|inactive|Lolpoopypants disconnected and has a minute to reconnect!
|player|p1|
|j|☆Lolpoopypants
|inactive|Lolpoopypants reconnected and has 115 seconds left.
|player|p1|Lolpoopypants|blue|
|
|t:|1760414425
|move|p2a: Iron Treads|Iron Head|p1a: Kyurem
|-supereffective|p1a: Kyurem
|-crit|p1a: Kyurem
|-damage|p1a: Kyurem|0 fnt
|faint|p1a: Kyurem
|
|upkeep
|
|t:|1760414428
|switch|p1a: Cinderace|Cinderace, M, shiny|100/100
|turn|21
|
|t:|1760414435
|-end|p2a: Iron Treads|Quark Drive|[silent]
|switch|p2a: Weezing|Weezing-Galar, F|83/100
|-damage|p2a: Weezing|71/100|[from] Stealth Rock
|move|p1a: Cinderace|Pyro Ball|p2a: Weezing
|-damage|p2a: Weezing|38/100
|
|upkeep
|turn|22
|l|☆Lolpoopypants
|inactive|Lolpoopypants disconnected and has a minute to reconnect!
|player|p1|
|j|☆Lolpoopypants
|inactive|Lolpoopypants reconnected and has 120 seconds left.
|player|p1|Lolpoopypants|blue|
|
|t:|1760414452
|move|p1a: Cinderace|Pyro Ball|p2a: Weezing
|-damage|p2a: Weezing|10/100
|move|p2a: Weezing|Pain Split|p1a: Cinderace
|-sethp|p1a: Cinderace|55/100|[from] move: Pain Split|[silent]
|-sethp|p2a: Weezing|60/100|[from] move: Pain Split
|
|upkeep
|turn|23
|l|☆Lolpoopypants
|inactive|Lolpoopypants disconnected and has a minute to reconnect!
|player|p1|
|j|☆Lolpoopypants
|inactive|Lolpoopypants reconnected and has 125 seconds left.
|player|p1|Lolpoopypants|blue|
|inactive|Lolpoopypants has 120 seconds left.
|
|t:|1760414463
|move|p1a: Cinderace|Pyro Ball|p2a: Weezing
|-damage|p2a: Weezing|29/100
|move|p2a: Weezing|Dazzling Gleam|p1a: Cinderace
|-resisted|p1a: Cinderace
|-damage|p1a: Cinderace|42/100
|
|upkeep
|turn|24
|
|t:|1760414471
|move|p1a: Cinderace|Pyro Ball|p2a: Weezing
|-damage|p2a: Weezing|0 fnt
|faint|p2a: Weezing
|
|upkeep
|
|t:|1760414477
|switch|p2a: Zapdos|Zapdos, shiny|100/100
|turn|25
|
|t:|1760414484
|move|p1a: Cinderace|Pyro Ball|p2a: Zapdos
|-damage|p2a: Zapdos|60/100
|-status|p2a: Zapdos|brn
|move|p2a: Zapdos|Hurricane|p1a: Cinderace|[miss]
|-miss|p2a: Zapdos|p1a: Cinderace
|
|-damage|p2a: Zapdos|54/100 brn|[from] brn
|upkeep
|turn|26
|
|t:|1760414493
|move|p1a: Cinderace|Pyro Ball|p2a: Zapdos
|-damage|p2a: Zapdos|13/100 brn
|move|p2a: Zapdos|Roost|p2a: Zapdos
|-heal|p2a: Zapdos|63/100 brn
|-singleturn|p2a: Zapdos|move: Roost
|
|-damage|p2a: Zapdos|57/100 brn|[from] brn
|upkeep
|turn|27
|
|t:|1760414502
|move|p1a: Cinderace|Pyro Ball|p2a: Zapdos
|-damage|p2a: Zapdos|13/100 brn
|move|p2a: Zapdos|Roost|p2a: Zapdos
|-heal|p2a: Zapdos|64/100 brn
|-singleturn|p2a: Zapdos|move: Roost
|
|-damage|p2a: Zapdos|58/100 brn|[from] brn
|upkeep
|turn|28
|
|t:|1760414512
|move|p1a: Cinderace|Pyro Ball|p2a: Zapdos
|-damage|p2a: Zapdos|16/100 brn
|move|p2a: Zapdos|Roost|p2a: Zapdos
|-heal|p2a: Zapdos|66/100 brn
|-singleturn|p2a: Zapdos|move: Roost
|
|-damage|p2a: Zapdos|60/100 brn|[from] brn
|upkeep
|turn|29
|
|t:|1760414524
|move|p1a: Cinderace|Will-O-Wisp|p2a: Zapdos
|-fail|p2a: Zapdos|brn
|move|p2a: Zapdos|Roost|p2a: Zapdos
|-heal|p2a: Zapdos|100/100 brn
|-singleturn|p2a: Zapdos|move: Roost
|
|-damage|p2a: Zapdos|94/100 brn|[from] brn
|upkeep
|turn|30
|
|t:|1760414534
|move|p1a: Cinderace|Will-O-Wisp|p2a: Zapdos
|-fail|p2a: Zapdos|brn
|move|p2a: Zapdos|Hurricane|p1a: Cinderace|[miss]
|-miss|p2a: Zapdos|p1a: Cinderace
|
|-damage|p2a: Zapdos|88/100 brn|[from] brn
|upkeep
|turn|31
|
|t:|1760414545
|move|p1a: Cinderace|Will-O-Wisp|p2a: Zapdos|[miss]
|-miss|p1a: Cinderace|p2a: Zapdos
|move|p2a: Zapdos|Hurricane|p1a: Cinderace
|-damage|p1a: Cinderace|0 fnt
|faint|p1a: Cinderace
|
|-damage|p2a: Zapdos|82/100 brn|[from] brn
|upkeep
|
|t:|1760414550
|switch|p1a: Landorus|Landorus-Therian, M, shiny|13/100
|-ability|p1a: Landorus|Intimidate|boost
|-unboost|p2a: Zapdos|atk|1
|turn|32
|
|t:|1760414564
|switch|p2a: Iron Treads|Iron Treads, shiny|69/100
|-damage|p2a: Iron Treads|66/100|[from] Stealth Rock
|move|p1a: Landorus|Rock Tomb|p2a: Iron Treads
|-resisted|p2a: Iron Treads
|-damage|p2a: Iron Treads|62/100
|-unboost|p2a: Iron Treads|spe|1
|
|upkeep
|turn|33
|
|t:|1760414574
|move|p1a: Landorus|Earthquake|p2a: Iron Treads
|-supereffective|p2a: Iron Treads
|-damage|p2a: Iron Treads|0 fnt
|faint|p2a: Iron Treads
|-end|p2a: Iron Treads|Quark Drive|[silent]
|
|upkeep
|
|t:|1760414587
|switch|p2a: Slowking|Slowking-Galar, F, shiny|34/100 par
|-damage|p2a: Slowking|22/100 par|[from] Stealth Rock
|turn|34
|
|t:|1760414592
|switch|p2a: Zapdos|Zapdos, shiny|82/100 brn
|move|p1a: Landorus|Rock Tomb|p2a: Zapdos
|-supereffective|p2a: Zapdos
|-damage|p2a: Zapdos|50/100 brn
|-unboost|p2a: Zapdos|spe|1
|
|-damage|p2a: Zapdos|44/100 brn|[from] brn
|upkeep
|turn|35
|
|t:|1760414611
|-terastallize|p2a: Zapdos|Water
|move|p1a: Landorus|Taunt|p2a: Zapdos
|-start|p2a: Zapdos|move: Taunt
|cant|p2a: Zapdos|move: Taunt|Roost
|
|-damage|p2a: Zapdos|38/100 brn|[from] brn
|upkeep
|turn|36
|
|t:|1760414620
|move|p1a: Landorus|Earthquake|p2a: Zapdos
|-damage|p2a: Zapdos|0 fnt
|faint|p2a: Zapdos
|
|upkeep
|
|t:|1760414628
|switch|p2a: Samurott|Samurott-Hisui, M, shiny|100/100
|-damage|p2a: Samurott|88/100|[from] Stealth Rock
|turn|37
|c|☆Lolpoopypants|Ur a book
|
|t:|1760414635
|move|p2a: Samurott|Sucker Punch|p1a: Landorus
|-damage|p1a: Landorus|0 fnt
|-damage|p2a: Samurott|72/100|[from] item: Rocky Helmet|[of] p1a: Landorus
|faint|p1a: Landorus
|
|upkeep
|
|t:|1760414638
|switch|p1a: Iron Valiant|Iron Valiant, shiny|100/100
|-enditem|p1a: Iron Valiant|Booster Energy
|-activate|p1a: Iron Valiant|ability: Quark Drive|[fromitem]
|-start|p1a: Iron Valiant|quarkdrivespe
|turn|38
|
|t:|1760414645
|switch|p2a: Slowking|Slowking-Galar, F, shiny|55/100 par
|-damage|p2a: Slowking|42/100 par|[from] Stealth Rock
|move|p1a: Iron Valiant|Moonblast|p2a: Slowking
|-resisted|p2a: Slowking
|-damage|p2a: Slowking|30/100 par
|
|upkeep
|turn|39
|
|t:|1760414653
|-terastallize|p1a: Iron Valiant|Ghost
|move|p1a: Iron Valiant|Shadow Ball|p2a: Slowking
|-supereffective|p2a: Slowking
|-damage|p2a: Slowking|0 fnt
|faint|p2a: Slowking
|
|upkeep
|
|t:|1760414663
|switch|p2a: Samurott|Samurott-Hisui, M, shiny|72/100
|-damage|p2a: Samurott|59/100|[from] Stealth Rock
|turn|40
|
|t:|1760414668
|move|p2a: Samurott|Sucker Punch|p1a: Iron Valiant
|-supereffective|p1a: Iron Valiant
|-crit|p1a: Iron Valiant
|-damage|p1a: Iron Valiant|0 fnt
|faint|p1a: Iron Valiant
|-end|p1a: Iron Valiant|Quark Drive|[silent]
|
|upkeep
|
|t:|1760414670
|switch|p1a: Slowking|Slowking-Galar, M, shiny|73/100 brn
|turn|41
|
|t:|1760414681
|move|p2a: Samurott|Ceaseless Edge|p1a: Slowking
|-supereffective|p1a: Slowking
|-damage|p1a: Slowking|0 fnt
|-sidestart|p1: Lolpoopypants|Spikes
|faint|p1a: Slowking
|
|win|pikachulover32
|raw|Lolpoopypants's rating: 1510 &rarr; <strong>1486</strong><br />(-24 for losing)
|raw|pikachulover32's rating: 1433 &rarr; <strong>1457</strong><br />(+24 for winning)
|l|☆Lolpoopypants
|player|p1|
|l|‽pikachulover32
|player|p2|
|j|‽pikachulover32
|player|p2|pikachulover32|brendan|
|n|‽pikachulover32|pikachulover32
|l|‽pikachulover32
|player|p2|
