|j|☆Mohumohumooo
|j|☆Cbandit
|t:|1760347126
|gametype|singles
|player|p1|Mohumohumooo|2|1061
|player|p2|Cbandit|lucas|1060
|gen|9
|tier|[Gen 9] OU
|rated|
|rule|HP Percentage Mod: HP is shown in percentages
|rule|Endless Battle Clause: Forcing endless battles is banned
|rule|Species Clause: Limit one of each Pokémon
|rule|OHKO Clause: OHKO moves are banned
|rule|Evasion Items Clause: Evasion items are banned
|rule|Evasion Moves Clause: Evasion moves are banned
|rule|Evasion Abilities Clause: Evasion abilities are banned
|rule|Sleep Moves Clause: Sleep-inducing moves are banned
|clearpoke
|poke|p1|Zoroark, M|
|poke|p1|Sableye, F|
|poke|p1|Umbreon, M|
|poke|p1|Greninja-*, M|
|poke|p1|Kingambit, M|
|poke|p1|Krookodile, M|
|poke|p2|Lucario, M|
|poke|p2|Zoroark-Hisui, M|
|poke|p2|Swampert, M|
|poke|p2|Glimmora, M|
|poke|p2|Vileplume, F|
|poke|p2|Tyranitar, F|
|teampreview
|
|t:|1760347187
|teamsize|p1|6
|teamsize|p2|6
|start
|switch|p1a: Krookodile|Krookodile, M|100/100
|switch|p2a: Glimmora|Glimmora, M|100/100
|turn|1
|
|t:|1760347199
|move|p1a: Krookodile|Earthquake|p2a: Glimmora
|-supereffective|p2a: Glimmora
|-enditem|p2a: Glimmora|Focus Sash
|-damage|p2a: Glimmora|1/100
|-activate|p2a: Glimmora|ability: Toxic Debris
|-sidestart|p1: Mohumohumooo|move: Toxic Spikes
|move|p2a: Glimmora|Stealth Rock|p1a: Krookodile
|-sidestart|p1: Mohumohumooo|move: Stealth Rock
|
|upkeep
|turn|2
|
|t:|1760347209
|move|p1a: Krookodile|Earthquake|p2a: Glimmora
|-supereffective|p2a: Glimmora
|-damage|p2a: Glimmora|0 fnt
|-activate|p2a: Glimmora|ability: Toxic Debris
|-sidestart|p1: Mohumohumooo|move: Toxic Spikes
|faint|p2a: Glimmora
|-ability|p1a: Krookodile|Moxie|boost
|-boost|p1a: Krookodile|atk|1
|
|upkeep
|
|t:|1760347233
|switch|p2a: Vileplume|Vileplume, F|100/100
|turn|3
|
|t:|1760347239
|move|p1a: Krookodile|Earthquake|p2a: Vileplume
|-damage|p2a: Vileplume|21/100
|move|p2a: Vileplume|Leech Seed|p1a: Krookodile
|-start|p1a: Krookodile|move: Leech Seed
|
|-heal|p2a: Vileplume|27/100|[from] item: Leftovers
|-damage|p1a: Krookodile|88/100|[from] Leech Seed|[of] p2a: Vileplume
|-heal|p2a: Vileplume|39/100|[silent]
|upkeep
|turn|4
|
|t:|1760347248
|move|p2a: Vileplume|Protect|p2a: Vileplume
|-singleturn|p2a: Vileplume|Protect
|move|p1a: Krookodile|Earthquake|p2a: Vileplume
|-activate|p2a: Vileplume|move: Protect
|
|-heal|p2a: Vileplume|45/100|[from] item: Leftovers
|-damage|p1a: Krookodile|76/100|[from] Leech Seed|[of] p2a: Vileplume
|-heal|p2a: Vileplume|57/100|[silent]
|upkeep
|turn|5
|
|t:|1760347261
|switch|p2a: Swampert|Swampert, M|100/100
|move|p1a: Krookodile|Earthquake|p2a: Swampert
|-damage|p2a: Swampert|29/100
|-enditem|p2a: Swampert|Sitrus Berry|[eat]
|-heal|p2a: Swampert|54/100|[from] item: Sitrus Berry
|
|-damage|p1a: Krookodile|63/100|[from] Leech Seed|[of] p2a: Swampert
|-heal|p2a: Swampert|64/100|[silent]
|upkeep
|turn|6
|
|t:|1760347271
|-terastallize|p1a: Krookodile|Ground
|move|p2a: Swampert|Protect|p2a: Swampert
|-singleturn|p2a: Swampert|Protect
|move|p1a: Krookodile|Earthquake|p2a: Swampert
|-activate|p2a: Swampert|move: Protect
|
|-damage|p1a: Krookodile|51/100|[from] Leech Seed|[of] p2a: Swampert
|-heal|p2a: Swampert|75/100|[silent]
|upkeep
|turn|7
|
|t:|1760347287
|move|p1a: Krookodile|Earthquake|p2a: Swampert
|-damage|p2a: Swampert|0 fnt
|faint|p2a: Swampert
|-ability|p1a: Krookodile|Moxie|boost
|-boost|p1a: Krookodile|atk|1
|
|upkeep
|
|t:|1760347294
|switch|p2a: Vileplume|Vileplume, F|57/100
|turn|8
|
|t:|1760347299
|move|p2a: Vileplume|Protect|p2a: Vileplume
|-singleturn|p2a: Vileplume|Protect
|move|p1a: Krookodile|Earthquake|p2a: Vileplume
|-activate|p2a: Vileplume|move: Protect
|
|-heal|p2a: Vileplume|63/100|[from] item: Leftovers
|-damage|p1a: Krookodile|39/100|[from] Leech Seed|[of] p2a: Vileplume
|-heal|p2a: Vileplume|75/100|[silent]
|upkeep
|turn|9
|
|t:|1760347312
|switch|p2a: Lucario|Lucario, M|100/100
|move|p1a: Krookodile|Earthquake|p2a: Lucario
|-damage|p2a: Lucario|0 fnt
|replace|p2a: Zoroark|Zoroark-Hisui, M, shiny
|-end|p2a: Zoroark|Illusion
|faint|p2a: Zoroark
|-ability|p1a: Krookodile|Moxie|boost
|-boost|p1a: Krookodile|atk|1
|
|upkeep
|
|t:|1760347331
|switch|p2a: Lucario|Lucario, M|100/100
|turn|10
|
|t:|1760347338
|move|p2a: Lucario|Extreme Speed|p1a: Krookodile
|-damage|p1a: Krookodile|13/100
|move|p1a: Krookodile|Earthquake|p2a: Lucario
|-supereffective|p2a: Lucario
|-damage|p2a: Lucario|0 fnt
|faint|p2a: Lucario
|-ability|p1a: Krookodile|Moxie|boost
|-boost|p1a: Krookodile|atk|1
|
|upkeep
|
|t:|1760347347
|switch|p2a: Vileplume|Vileplume, F|75/100
|turn|11
|
|t:|1760347351
|move|p2a: Vileplume|Protect|p2a: Vileplume
|-singleturn|p2a: Vileplume|Protect
|move|p1a: Krookodile|Earthquake|p2a: Vileplume
|-activate|p2a: Vileplume|move: Protect
|
|-heal|p2a: Vileplume|81/100|[from] item: Leftovers
|-damage|p1a: Krookodile|1/100|[from] Leech Seed|[of] p2a: Vileplume
|-heal|p2a: Vileplume|93/100|[silent]
|upkeep
|turn|12
|
|t:|1760347372
|switch|p2a: Tyranitar|Tyranitar, F, shiny|100/100
|-weather|Sandstorm|[from] ability: Sand Stream|[of] p2a: Tyranitar
|move|p1a: Krookodile|Earthquake|p2a: Tyranitar
|-supereffective|p2a: Tyranitar
|-damage|p2a: Tyranitar|0 fnt
|faint|p2a: Tyranitar
|-ability|p1a: Krookodile|Moxie|boost
|-boost|p1a: Krookodile|atk|1
|
|-weather|Sandstorm|[upkeep]
|upkeep
|
|t:|1760347383
|switch|p2a: Vileplume|Vileplume, F|93/100
|turn|13
|
|t:|1760347387
|move|p2a: Vileplume|Protect|p2a: Vileplume
|-singleturn|p2a: Vileplume|Protect
|move|p1a: Krookodile|Earthquake|p2a: Vileplume
|-activate|p2a: Vileplume|move: Protect
|
|-weather|Sandstorm|[upkeep]
|-damage|p2a: Vileplume|87/100|[from] Sandstorm
|-heal|p2a: Vileplume|93/100|[from] item: Leftovers
|-damage|p1a: Krookodile|0 fnt|[from] Leech Seed|[of] p2a: Vileplume
|-heal|p2a: Vileplume|94/100|[silent]
|faint|p1a: Krookodile
|upkeep
|
|t:|1760347402
|switch|p1a: Umbreon|Umbreon, M|100/100
|-status|p1a: Umbreon|tox
|-damage|p1a: Umbreon|88/100 tox|[from] Stealth Rock
|turn|14
|
|t:|1760347409
|move|p1a: Umbreon|Flamethrower|p2a: Vileplume
|-supereffective|p2a: Vileplume
|-damage|p2a: Vileplume|13/100
|move|p2a: Vileplume|Leech Seed|p1a: Umbreon|[miss]
|-miss|p2a: Vileplume|p1a: Umbreon
|
|-weather|Sandstorm|[upkeep]
|-damage|p1a: Umbreon|82/100 tox|[from] Sandstorm
|-damage|p2a: Vileplume|7/100|[from] Sandstorm
|-heal|p2a: Vileplume|13/100|[from] item: Leftovers
|-damage|p1a: Umbreon|76/100 tox|[from] psn
|upkeep
|turn|15
|-message|Cbandit forfeited.
|
|win|Mohumohumooo
|raw|Mohumohumooo's rating: 1061 &rarr; <strong>1092</strong><br />(+31 for winning)
|raw|Cbandit's rating: 1060 &rarr; <strong>1041</strong><br />(-19 for losing)
|l|☆Cbandit
|player|p2|
|l|☆Mohumohumooo
|player|p1|
