|j|☆ayyyyyyuhsucconme
|j|☆Head Smash Machine
|t:|1760443492
|gametype|singles
|player|p1|ayyyyyyuhsucconme|linebacker|1316
|player|p2|Head Smash Machine|workerice|1394
|gen|9
|tier|[Gen 9] OU
|rated|
|rule|HP Percentage Mod: HP is shown in percentages
|rule|Endless Battle Clause: Forcing endless battles is banned
|rule|Species Clause: Limit one of each Pokémon
|rule|OHKO Clause: OHKO moves are banned
|rule|Evasion Items Clause: Evasion items are banned
|rule|Evasion Moves Clause: Evasion moves are banned
|rule|Evasion Abilities Clause: Evasion abilities are banned
|rule|Sleep Moves Clause: Sleep-inducing moves are banned
|clearpoke
|poke|p1|Gholdengo|
|poke|p1|Clodsire, F|
|poke|p1|Skarmory, M|
|poke|p1|Gliscor, F|
|poke|p1|Quaquaval, F|
|poke|p1|Goodra-Hisui, M|
|poke|p2|Ursaluna, M|
|poke|p2|Lokix, F|
|poke|p2|Glastrier|
|poke|p2|Vaporeon, F|
|poke|p2|Cinderace, F|
|poke|p2|Crawdaunt, F|
|teampreview
|inactive|Battle timer is ON: inactive players will automatically lose when time's up. (requested by Head Smash Machine)
|inactive|ayyyyyyuhsucconme has 120 seconds left.
|
|t:|1760443530
|teamsize|p1|6
|teamsize|p2|6
|start
|switch|p1a: Skarmory|Skarmory, M|100/100
|switch|p2a: Kami|Lokix, F, shiny|100/100
|turn|1
|
|t:|1760443535
|move|p2a: Kami|Knock Off|p1a: Skarmory
|-damage|p1a: Skarmory|60/100
|-damage|p2a: Kami|84/100|[from] item: Rocky Helmet|[of] p1a: Skarmory
|-enditem|p1a: Skarmory|Rocky Helmet|[from] move: Knock Off|[of] p2a: Kami
|move|p1a: Skarmory|Spikes|p2a: Kami
|-sidestart|p2: Head Smash Machine|Spikes
|
|upkeep
|turn|2
|
|t:|1760443543
|switch|p2a: Messi|Cinderace, F|100/100
|move|p1a: Skarmory|Roost|p1a: Skarmory
|-heal|p1a: Skarmory|100/100
|-singleturn|p1a: Skarmory|move: Roost
|
|upkeep
|turn|3
|
|t:|1760443546
|switch|p1a: Gliscor|Gliscor, F, shiny|100/100
|move|p2a: Messi|Pyro Ball|p1a: Gliscor
|-damage|p1a: Gliscor|68/100
|
|-status|p1a: Gliscor|tox|[from] item: Toxic Orb
|upkeep
|turn|4
|
|t:|1760443552
|move|p1a: Gliscor|Protect|p1a: Gliscor
|-singleturn|p1a: Gliscor|Protect
|move|p2a: Messi|U-turn|p1a: Gliscor
|-start|p2a: Messi|typechange|Bug|[from] ability: Libero
|-activate|p1a: Gliscor|move: Protect
|
|-heal|p1a: Gliscor|80/100 tox|[from] ability: Poison Heal
|upkeep
|turn|5
|
|t:|1760443558
|move|p2a: Messi|Pyro Ball|p1a: Gliscor
|-damage|p1a: Gliscor|57/100 tox
|move|p1a: Gliscor|Earthquake|p2a: Messi
|-resisted|p2a: Messi
|-crit|p2a: Messi
|-damage|p2a: Messi|64/100
|
|-heal|p1a: Gliscor|69/100 tox|[from] ability: Poison Heal
|upkeep
|turn|6
|
|t:|1760443564
|move|p1a: Gliscor|Protect|p1a: Gliscor
|-singleturn|p1a: Gliscor|Protect
|move|p2a: Messi|Court Change|p2a: Messi
|-swapsideconditions
|-activate|p2a: Messi|move: Court Change
|
|-heal|p1a: Gliscor|82/100 tox|[from] ability: Poison Heal
|upkeep
|turn|7
|
|t:|1760443569
|move|p2a: Messi|U-turn|p1a: Gliscor
|-resisted|p1a: Gliscor
|-damage|p1a: Gliscor|73/100 tox
|
|t:|1760443573
|switch|p2a: The Horse|Glastrier|100/100|[from] U-turn
|move|p1a: Gliscor|Earthquake|p2a: The Horse
|-damage|p2a: The Horse|77/100
|
|-heal|p1a: Gliscor|85/100 tox|[from] ability: Poison Heal
|upkeep
|turn|8
|
|t:|1760443581
|switch|p1a: Skarmory|Skarmory, M|100/100
|move|p2a: The Horse|Icicle Crash|p1a: Skarmory
|-damage|p1a: Skarmory|70/100
|
|upkeep
|turn|9
|
|t:|1760443587
|move|p1a: Skarmory|Spikes|p2a: The Horse
|-sidestart|p2: Head Smash Machine|Spikes
|move|p2a: The Horse|Icicle Crash|p1a: Skarmory
|-damage|p1a: Skarmory|37/100
|
|upkeep
|turn|10
|
|t:|1760443592
|move|p1a: Skarmory|Roost|p1a: Skarmory
|-heal|p1a: Skarmory|87/100
|-singleturn|p1a: Skarmory|move: Roost
|move|p2a: The Horse|Icicle Crash|p1a: Skarmory
|-resisted|p1a: Skarmory
|-damage|p1a: Skarmory|71/100
|
|upkeep
|turn|11
|
|t:|1760443602
|move|p1a: Skarmory|Spikes|p2a: The Horse
|-sidestart|p2: Head Smash Machine|Spikes
|move|p2a: The Horse|Icicle Crash|p1a: Skarmory|[miss]
|-miss|p2a: The Horse|p1a: Skarmory
|
|upkeep
|turn|12
|
|t:|1760443607
|move|p1a: Skarmory|Spikes|p2a: The Horse
|-sidestart|p2: Head Smash Machine|Spikes
|move|p2a: The Horse|Icicle Crash|p1a: Skarmory
|-damage|p1a: Skarmory|38/100
|
|upkeep
|turn|13
|
|t:|1760443612
|move|p1a: Skarmory|Roost|p1a: Skarmory
|-heal|p1a: Skarmory|88/100
|-singleturn|p1a: Skarmory|move: Roost
|move|p2a: The Horse|Close Combat|p1a: Skarmory
|-supereffective|p1a: Skarmory
|-damage|p1a: Skarmory|28/100
|-unboost|p2a: The Horse|def|1
|-unboost|p2a: The Horse|spd|1
|
|upkeep
|turn|14
|
|t:|1760443617
|move|p1a: Skarmory|Roost|p1a: Skarmory
|-heal|p1a: Skarmory|78/100
|-singleturn|p1a: Skarmory|move: Roost
|move|p2a: The Horse|Icicle Crash|p1a: Skarmory
|-resisted|p1a: Skarmory
|-damage|p1a: Skarmory|62/100
|
|upkeep
|turn|15
|
|t:|1760443630
|move|p2a: The Horse|Icicle Crash|p1a: Skarmory
|-damage|p1a: Skarmory|31/100
|move|p1a: Skarmory|Roar|p2a: The Horse
|drag|p2a: Messi|Cinderace, F|64/100
|
|upkeep
|turn|16
|
|t:|1760443634
|switch|p1a: Gliscor|Gliscor, F, shiny|85/100 tox
|move|p2a: Messi|Pyro Ball|p1a: Gliscor
|-damage|p1a: Gliscor|48/100 tox
|
|-heal|p1a: Gliscor|61/100 tox|[from] ability: Poison Heal
|upkeep
|turn|17
|
|t:|1760443637
|move|p2a: Messi|Court Change|p2a: Messi
|-start|p2a: Messi|typechange|Normal|[from] ability: Libero
|-swapsideconditions
|-activate|p2a: Messi|move: Court Change
|move|p1a: Gliscor|Earthquake|p2a: Messi
|-damage|p2a: Messi|14/100
|
|-heal|p1a: Gliscor|73/100 tox|[from] ability: Poison Heal
|upkeep
|turn|18
|
|t:|1760443644
|switch|p2a: Pink Lemonade|Vaporeon, F, shiny|100/100
|-damage|p2a: Pink Lemonade|88/100|[from] Spikes
|move|p1a: Gliscor|Earthquake|p2a: Pink Lemonade
|-damage|p2a: Pink Lemonade|65/100
|
|-heal|p2a: Pink Lemonade|71/100|[from] item: Leftovers
|-heal|p1a: Gliscor|86/100 tox|[from] ability: Poison Heal
|upkeep
|turn|19
|
|t:|1760443647
|move|p1a: Gliscor|Knock Off|p2a: Pink Lemonade
|-damage|p2a: Pink Lemonade|56/100
|-enditem|p2a: Pink Lemonade|Leftovers|[from] move: Knock Off|[of] p1a: Gliscor
|move|p2a: Pink Lemonade|Wish|p2a: Pink Lemonade
|
|-heal|p1a: Gliscor|98/100 tox|[from] ability: Poison Heal
|upkeep
|turn|20
|
|t:|1760443654
|switch|p1a: Clodsire|Clodsire, F, shiny|100/100
|-damage|p1a: Clodsire|75/100|[from] Spikes
|switch|p2a: Messi|Cinderace, F|14/100
|
|-heal|p2a: Messi|91/100|[from] move: Wish|[wisher] Pink Lemonade
|-heal|p1a: Clodsire|82/100|[from] item: Leftovers
|upkeep
|turn|21
|
|t:|1760443660
|move|p2a: Messi|Pyro Ball|p1a: Clodsire
|-damage|p1a: Clodsire|16/100
|move|p1a: Clodsire|Earthquake|p2a: Messi
|-supereffective|p2a: Messi
|-damage|p2a: Messi|17/100
|
|-heal|p1a: Clodsire|22/100|[from] item: Leftovers
|upkeep
|turn|22
|-message|ayyyyyyuhsucconme forfeited.
|
|win|Head Smash Machine
|raw|ayyyyyyuhsucconme's rating: 1316 &rarr; <strong>1300</strong><br />(-16 for losing)
|raw|Head Smash Machine's rating: 1394 &rarr; <strong>1410</strong><br />(+16 for winning)
|l|☆ayyyyyyuhsucconme
|player|p1|
|l|☆Head Smash Machine
|player|p2|
