|j|☆goshdarnittt
|j|☆Trivago77
|t:|1760448934
|gametype|singles
|player|p1|goshdarnittt|2|1621
|player|p2|Trivago77|169|1591
|gen|9
|tier|[Gen 9] OU
|rated|
|rule|HP Percentage Mod: HP is shown in percentages
|rule|Endless Battle Clause: Forcing endless battles is banned
|rule|Species Clause: Limit one of each Pokémon
|rule|OHKO Clause: OHKO moves are banned
|rule|Evasion Items Clause: Evasion items are banned
|rule|Evasion Moves Clause: Evasion moves are banned
|rule|Evasion Abilities Clause: Evasion abilities are banned
|rule|Sleep Moves Clause: Sleep-inducing moves are banned
|clearpoke
|poke|p1|Tornadus-Therian, M|
|poke|p1|Iron Valiant|
|poke|p1|Great Tusk|
|poke|p1|Hatterene, F|
|poke|p1|Garchomp, F|
|poke|p1|Gholdengo|
|poke|p2|Darkrai|
|poke|p2|Scizor, M|
|poke|p2|Iron Moth|
|poke|p2|Gliscor, M|
|poke|p2|Empoleon, F|
|poke|p2|Ninetales-Alola, F|
|teampreview
|inactive|Battle timer is ON: inactive players will automatically lose when time's up. (requested by Trivago77)
|
|t:|1760448939
|teamsize|p1|6
|teamsize|p2|6
|start
|switch|p1a: Gholdengo|Gholdengo|100/100
|switch|p2a: Darkrai|Darkrai, shiny|100/100
|turn|1
|
|t:|1760448944
|switch|p1a: Tornadus|Tornadus-Therian, M|100/100
|move|p2a: Darkrai|Dark Pulse|p1a: Tornadus
|-damage|p1a: Tornadus|70/100
|
|upkeep
|turn|2
|
|t:|1760448948
|move|p2a: Darkrai|Ice Beam|p1a: Tornadus
|-supereffective|p1a: Tornadus
|-damage|p1a: Tornadus|17/100
|move|p1a: Tornadus|U-turn|p2a: Darkrai
|-supereffective|p2a: Darkrai
|-damage|p2a: Darkrai|57/100
|
|t:|1760448953
|switch|p1a: Hatterene|Hatterene, F|100/100|[from] U-turn
|
|upkeep
|turn|3
|
|t:|1760448958
|switch|p2a: Empoleon|Empoleon, F, shiny|100/100
|move|p1a: Hatterene|Nuzzle|p2a: Empoleon
|-supereffective|p2a: Empoleon
|-damage|p2a: Empoleon|92/100
|-status|p2a: Empoleon|par
|
|upkeep
|turn|4
|
|t:|1760448967
|switch|p1a: Tornadus|Tornadus-Therian, M|50/100
|move|p2a: Empoleon|Flash Cannon|p1a: Tornadus
|-damage|p1a: Tornadus|21/100
|
|upkeep
|turn|5
|
|t:|1760448971
|move|p1a: Tornadus|U-turn|p2a: Empoleon
|-resisted|p2a: Empoleon
|-damage|p2a: Empoleon|84/100 par
|
|t:|1760448976
|switch|p1a: Hatterene|Hatterene, F|100/100|[from] U-turn
|move|p2a: Empoleon|Ice Beam|p1a: Hatterene
|-damage|p1a: Hatterene|69/100
|
|upkeep
|turn|6
|
|t:|1760448987
|switch|p1a: Garchomp|Garchomp, F|100/100
|move|p2a: Empoleon|Flash Cannon|p1a: Garchomp
|-damage|p1a: Garchomp|63/100
|
|upkeep
|turn|7
|
|t:|1760448994
|move|p1a: Garchomp|Earthquake|p2a: Empoleon
|-supereffective|p2a: Empoleon
|-enditem|p2a: Empoleon|Shuca Berry|[eat]
|-enditem|p2a: Empoleon|Shuca Berry|[weaken]
|-damage|p2a: Empoleon|38/100 par
|cant|p2a: Empoleon|par
|
|upkeep
|turn|8
|
|t:|1760449001
|move|p1a: Garchomp|Earthquake|p2a: Empoleon
|-supereffective|p2a: Empoleon
|-damage|p2a: Empoleon|0 fnt
|faint|p2a: Empoleon
|
|upkeep
|
|t:|1760449004
|switch|p2a: Ninetales|Ninetales-Alola, F, shiny|100/100
|-weather|Snowscape|[from] ability: Snow Warning|[of] p2a: Ninetales
|turn|9
|
|t:|1760449006
|move|p2a: Ninetales|Aurora Veil|p2a: Ninetales
|-sidestart|p2: Trivago77|move: Aurora Veil
|move|p1a: Garchomp|Stealth Rock|p2a: Ninetales
|-sidestart|p2: Trivago77|move: Stealth Rock
|
|-weather|Snowscape|[upkeep]
|upkeep
|turn|10
|
|t:|1760449013
|switch|p1a: Hatterene|Hatterene, F|69/100
|move|p2a: Ninetales|Freeze-Dry|p1a: Hatterene
|-damage|p1a: Hatterene|41/100
|
|-weather|Snowscape|[upkeep]
|upkeep
|turn|11
|
|t:|1760449018
|move|p2a: Ninetales|Moonblast|p1a: Hatterene
|-damage|p1a: Hatterene|0 fnt
|faint|p1a: Hatterene
|
|-weather|Snowscape|[upkeep]
|upkeep
|
|t:|1760449026
|switch|p1a: Tornadus|Tornadus-Therian, M|54/100
|turn|12
|
|t:|1760449030
|switch|p1a: Gholdengo|Gholdengo|100/100
|move|p2a: Ninetales|Freeze-Dry|p1a: Gholdengo
|-resisted|p1a: Gholdengo
|-damage|p1a: Gholdengo|85/100
|
|-weather|Snowscape|[upkeep]
|upkeep
|turn|13
|
|t:|1760449038
|switch|p2a: Gliscor|Gliscor, M, shiny|100/100
|-damage|p2a: Gliscor|88/100|[from] Stealth Rock
|move|p1a: Gholdengo|Make It Rain|p2a: Gliscor
|-damage|p2a: Gliscor|48/100
|-unboost|p1a: Gholdengo|spa|1
|
|-weather|none
|-status|p2a: Gliscor|tox|[from] item: Toxic Orb
|upkeep
|turn|14
|
|t:|1760449050
|switch|p1a: Garchomp|Garchomp, F|63/100
|move|p2a: Gliscor|Dual Wingbeat|p1a: Garchomp
|-damage|p1a: Garchomp|48/100
|-damage|p2a: Gliscor|36/100 tox|[from] ability: Rough Skin|[of] p1a: Garchomp
|-damage|p2a: Gliscor|19/100 tox|[from] item: Rocky Helmet|[of] p1a: Garchomp
|-damage|p1a: Garchomp|33/100
|-damage|p2a: Gliscor|7/100 tox|[from] ability: Rough Skin|[of] p1a: Garchomp
|-damage|p2a: Gliscor|0 fnt|[from] item: Rocky Helmet|[of] p1a: Garchomp
|faint|p2a: Gliscor
|-hitcount|p1a: Garchomp|2
|
|upkeep
|
|t:|1760449055
|switch|p2a: Iron Moth|Iron Moth, shiny|100/100
|-damage|p2a: Iron Moth|76/100|[from] Stealth Rock
|-enditem|p2a: Iron Moth|Booster Energy
|-activate|p2a: Iron Moth|ability: Quark Drive|[fromitem]
|-start|p2a: Iron Moth|quarkdrivespa
|turn|15
|
|t:|1760449062
|move|p2a: Iron Moth|Dazzling Gleam|p1a: Garchomp
|-supereffective|p1a: Garchomp
|-damage|p1a: Garchomp|0 fnt
|faint|p1a: Garchomp
|
|upkeep
|
|t:|1760449068
|switch|p1a: Tornadus|Tornadus-Therian, M|87/100
|turn|16
|
|t:|1760449081
|move|p2a: Iron Moth|Fiery Dance|p1a: Tornadus
|-damage|p1a: Tornadus|49/100
|-boost|p2a: Iron Moth|spa|1
|move|p1a: Tornadus|U-turn|p2a: Iron Moth
|-resisted|p2a: Iron Moth
|-damage|p2a: Iron Moth|72/100
|
|t:|1760449087
|switch|p1a: Gholdengo|Gholdengo|85/100|[from] U-turn
|
|-sideend|p2: Trivago77|move: Aurora Veil
|upkeep
|turn|17
|
|t:|1760449098
|move|p1a: Gholdengo|Shadow Ball|p2a: Iron Moth
|-damage|p2a: Iron Moth|30/100
|-unboost|p2a: Iron Moth|spd|1
|move|p2a: Iron Moth|Fiery Dance|p1a: Gholdengo
|-supereffective|p1a: Gholdengo
|-damage|p1a: Gholdengo|0 fnt
|-boost|p2a: Iron Moth|spa|1
|faint|p1a: Gholdengo
|
|upkeep
|
|t:|1760449114
|switch|p1a: Iron Valiant|Iron Valiant|100/100
|-enditem|p1a: Iron Valiant|Booster Energy
|-activate|p1a: Iron Valiant|ability: Quark Drive|[fromitem]
|-start|p1a: Iron Valiant|quarkdrivespe
|turn|18
|
|t:|1760449120
|move|p1a: Iron Valiant|Thunderbolt|p2a: Iron Moth
|-damage|p2a: Iron Moth|0 fnt
|faint|p2a: Iron Moth
|-end|p2a: Iron Moth|Quark Drive|[silent]
|
|upkeep
|
|t:|1760449133
|switch|p2a: Scizor|Scizor, M, shiny|100/100
|-damage|p2a: Scizor|88/100|[from] Stealth Rock
|turn|19
|
|t:|1760449139
|-terastallize|p1a: Iron Valiant|Electric
|move|p2a: Scizor|Bullet Punch|p1a: Iron Valiant
|-resisted|p1a: Iron Valiant
|-damage|p1a: Iron Valiant|79/100
|move|p1a: Iron Valiant|Thunderbolt|p2a: Scizor
|-damage|p2a: Scizor|35/100
|
|upkeep
|turn|20
|
|t:|1760449147
|move|p1a: Iron Valiant|Thunderbolt|p2a: Scizor
|-damage|p2a: Scizor|0 fnt
|faint|p2a: Scizor
|
|upkeep
|
|t:|1760449151
|switch|p2a: Ninetales|Ninetales-Alola, F, shiny|100/100
|-damage|p2a: Ninetales|76/100|[from] Stealth Rock
|-weather|Snowscape|[from] ability: Snow Warning|[of] p2a: Ninetales
|turn|21
|
|t:|1760449155
|move|p1a: Iron Valiant|Moonblast|p2a: Ninetales
|-damage|p2a: Ninetales|20/100
|move|p2a: Ninetales|Moonblast|p1a: Iron Valiant
|-damage|p1a: Iron Valiant|15/100
|
|-weather|Snowscape|[upkeep]
|upkeep
|turn|22
|
|t:|1760449163
|move|p1a: Iron Valiant|Moonblast|p2a: Ninetales
|-damage|p2a: Ninetales|0 fnt
|faint|p2a: Ninetales
|
|-weather|Snowscape|[upkeep]
|upkeep
|
|t:|1760449165
|switch|p2a: Darkrai|Darkrai, shiny|57/100
|-damage|p2a: Darkrai|45/100|[from] Stealth Rock
|turn|23
|
|t:|1760449167
|move|p1a: Iron Valiant|Moonblast|p2a: Darkrai
|-supereffective|p2a: Darkrai
|-damage|p2a: Darkrai|0 fnt
|faint|p2a: Darkrai
|
|win|goshdarnittt
|raw|goshdarnittt's rating: 1621 &rarr; <strong>1639</strong><br />(+18 for winning)
|raw|Trivago77's rating: 1591 &rarr; <strong>1573</strong><br />(-18 for losing)
|l|☆Trivago77
|player|p2|
|l|☆goshdarnittt
|player|p1|
