|j|☆Braidman
|j|☆swappy
|t:|1760457915
|gametype|singles
|player|p1|Braidman|101|1318
|player|p2|swappy|1|1336
|gen|9
|tier|[Gen 9] OU
|rated|
|rule|HP Percentage Mod: HP is shown in percentages
|rule|Endless Battle Clause: Forcing endless battles is banned
|rule|Species Clause: Limit one of each Pokémon
|rule|OHKO Clause: OHKO moves are banned
|rule|Evasion Items Clause: Evasion items are banned
|rule|Evasion Moves Clause: Evasion moves are banned
|rule|Evasion Abilities Clause: Evasion abilities are banned
|rule|Sleep Moves Clause: Sleep-inducing moves are banned
|clearpoke
|poke|p1|Dragonite, M|
|poke|p1|Latias, F|
|poke|p1|Garchomp, F|
|poke|p1|Dragapult, M|
|poke|p1|Goodra-Hisui, M|
|poke|p1|Cyclizar, F|
|poke|p2|Primarina, F|
|poke|p2|Torkoal, F|
|poke|p2|Great Tusk|
|poke|p2|Scizor, F|
|poke|p2|Arcanine-Hisui, M|
|poke|p2|Walking Wake|
|teampreview
|
|t:|1760457923
|teamsize|p1|6
|teamsize|p2|6
|start
|switch|p1a: Nidhogg|Garchomp, F|100/100
|switch|p2a: Scizor|Scizor, F|100/100
|turn|1
|inactive|Battle timer is ON: inactive players will automatically lose when time's up. (requested by Braidman)
|
|t:|1760457929
|move|p1a: Nidhogg|Stealth Rock|p2a: Scizor
|-sidestart|p2: swappy|move: Stealth Rock
|move|p2a: Scizor|Knock Off|p1a: Nidhogg
|-damage|p1a: Nidhogg|48/100
|-damage|p2a: Scizor|88/100|[from] ability: Rough Skin|[of] p1a: Nidhogg
|-enditem|p1a: Nidhogg|Loaded Dice|[from] move: Knock Off|[of] p2a: Scizor
|
|upkeep
|turn|2
|
|t:|1760457943
|switch|p2a: Great Tusk|Great Tusk|100/100
|-damage|p2a: Great Tusk|97/100|[from] Stealth Rock
|move|p1a: Nidhogg|Swords Dance|p1a: Nidhogg
|-boost|p1a: Nidhogg|atk|2
|
|upkeep
|turn|3
|
|t:|1760457950
|move|p1a: Nidhogg|Earthquake|p2a: Great Tusk
|-damage|p2a: Great Tusk|23/100
|move|p2a: Great Tusk|Rapid Spin|p1a: Nidhogg
|-damage|p1a: Nidhogg|29/100
|-boost|p2a: Great Tusk|spe|1
|-damage|p2a: Great Tusk|10/100|[from] ability: Rough Skin|[of] p1a: Nidhogg
|-sideend|p2: swappy|Stealth Rock|[from] move: Rapid Spin|[of] p2a: Great Tusk
|
|upkeep
|turn|4
|
|t:|1760457957
|move|p2a: Great Tusk|Headlong Rush|p1a: Nidhogg
|-damage|p1a: Nidhogg|0 fnt
|-unboost|p2a: Great Tusk|def|1
|-unboost|p2a: Great Tusk|spd|1
|-damage|p2a: Great Tusk|0 fnt|[from] ability: Rough Skin|[of] p1a: Nidhogg
|faint|p1a: Nidhogg
|faint|p2a: Great Tusk
|-end|p2a: Great Tusk|Protosynthesis|[silent]
|
|upkeep
|
|t:|1760457966
|switch|p1a: Rong|Latias, F|100/100
|switch|p2a: Primarina|Primarina, F|100/100
|turn|5
|
|t:|1760457978
|switch|p1a: Carcohl|Goodra-Hisui, M|100/100
|move|p2a: Primarina|Calm Mind|p2a: Primarina
|-boost|p2a: Primarina|spa|1
|-boost|p2a: Primarina|spd|1
|
|upkeep
|turn|6
|
|t:|1760457984
|move|p2a: Primarina|Substitute|p2a: Primarina
|-start|p2a: Primarina|Substitute
|-damage|p2a: Primarina|75/100
|move|p1a: Carcohl|Heavy Slam|p2a: Primarina
|-end|p2a: Primarina|Substitute
|
|-heal|p2a: Primarina|82/100|[from] item: Leftovers
|upkeep
|turn|7
|
|t:|1760458000
|switch|p2a: Torkoal|Torkoal, F|100/100
|-weather|SunnyDay|[from] ability: Drought|[of] p2a: Torkoal
|move|p1a: Carcohl|Heavy Slam|p2a: Torkoal
|-resisted|p2a: Torkoal
|-damage|p2a: Torkoal|93/100
|
|-weather|SunnyDay|[upkeep]
|upkeep
|turn|8
|
|t:|1760458008
|move|p2a: Torkoal|Stealth Rock|p1a: Carcohl
|-sidestart|p1: Braidman|move: Stealth Rock
|move|p1a: Carcohl|Dragon Tail|p2a: Torkoal
|-damage|p2a: Torkoal|82/100
|drag|p2a: Scizor|Scizor, F|88/100
|
|-weather|SunnyDay|[upkeep]
|upkeep
|turn|9
|
|t:|1760458015
|move|p2a: Scizor|Close Combat|p1a: Carcohl
|-supereffective|p1a: Carcohl
|-damage|p1a: Carcohl|0 fnt
|-unboost|p2a: Scizor|def|1
|-unboost|p2a: Scizor|spd|1
|-ability|p1a: Carcohl|Gooey
|-unboost|p2a: Scizor|spe|1
|faint|p1a: Carcohl
|
|-weather|SunnyDay|[upkeep]
|upkeep
|
|t:|1760458031
|switch|p1a: Fafnir|Cyclizar, F|100/100
|turn|10
|
|t:|1760458039
|switch|p2a: Walking Wake|Walking Wake|100/100
|-activate|p2a: Walking Wake|ability: Protosynthesis
|-start|p2a: Walking Wake|protosynthesisspe
|move|p1a: Fafnir|Rapid Spin|p2a: Walking Wake
|-damage|p2a: Walking Wake|82/100
|-boost|p1a: Fafnir|spe|1
|-sideend|p1: Braidman|Stealth Rock|[from] move: Rapid Spin|[of] p1a: Fafnir
|
|-weather|SunnyDay|[upkeep]
|upkeep
|turn|11
|
|t:|1760458055
|move|p2a: Walking Wake|Dragon Pulse|p1a: Fafnir
|-supereffective|p1a: Fafnir
|-damage|p1a: Fafnir|0 fnt
|faint|p1a: Fafnir
|
|-weather|SunnyDay|[upkeep]
|upkeep
|inactive|Braidman has 120 seconds left.
|
|t:|1760458079
|switch|p1a: Yinglong|Dragonite, M|100/100
|turn|12
|
|t:|1760458084
|move|p2a: Walking Wake|Dragon Pulse|p1a: Yinglong
|-supereffective|p1a: Yinglong
|-damage|p1a: Yinglong|35/100
|move|p1a: Yinglong|Dragon Dance|p1a: Yinglong
|-boost|p1a: Yinglong|atk|1
|-boost|p1a: Yinglong|spe|1
|
|-weather|SunnyDay|[upkeep]
|upkeep
|turn|13
|
|t:|1760458091
|-terastallize|p1a: Yinglong|Normal
|move|p1a: Yinglong|Extreme Speed|p2a: Walking Wake
|-damage|p2a: Walking Wake|9/100
|move|p2a: Walking Wake|Dragon Pulse|p1a: Yinglong
|-damage|p1a: Yinglong|0 fnt
|faint|p1a: Yinglong
|
|-weather|SunnyDay|[upkeep]
|upkeep
|
|t:|1760458101
|switch|p1a: Ryujin|Dragapult, M|100/100
|turn|14
|
|t:|1760458108
|move|p2a: Walking Wake|Dragon Pulse|p1a: Ryujin
|-supereffective|p1a: Ryujin
|-damage|p1a: Ryujin|0 fnt
|faint|p1a: Ryujin
|
|-weather|none
|-end|p2a: Walking Wake|Protosynthesis
|upkeep
|
|t:|1760458114
|switch|p1a: Rong|Latias, F|100/100
|turn|15
|
|t:|1760458128
|-end|p2a: Walking Wake|Protosynthesis|[silent]
|switch|p2a: Scizor|Scizor, F|88/100
|move|p1a: Rong|Calm Mind|p1a: Rong
|-boost|p1a: Rong|spa|1
|-boost|p1a: Rong|spd|1
|
|upkeep
|turn|16
|
|t:|1760458133
|move|p1a: Rong|Agility|p1a: Rong
|-boost|p1a: Rong|spe|2
|move|p2a: Scizor|U-turn|p1a: Rong
|-supereffective|p1a: Rong
|-damage|p1a: Rong|0 fnt
|faint|p1a: Rong
|
|win|swappy
|raw|Braidman's rating: 1318 &rarr; <strong>1299</strong><br />(-19 for losing)
|raw|swappy's rating: 1336 &rarr; <strong>1355</strong><br />(+19 for winning)
|l|☆swappy
|player|p2|
|l|☆Braidman
|player|p1|
