|j|☆youalreadylostlol
|j|☆spotifytweaks
|t:|1760454200
|gametype|singles
|player|p1|youalreadylostlol|170|1269
|player|p2|spotifytweaks|170|1270
|gen|9
|tier|[Gen 9] OU
|rated|
|rule|HP Percentage Mod: HP is shown in percentages
|rule|Endless Battle Clause: Forcing endless battles is banned
|rule|Species Clause: Limit one of each Pokémon
|rule|OHKO Clause: OHKO moves are banned
|rule|Evasion Items Clause: Evasion items are banned
|rule|Evasion Moves Clause: Evasion moves are banned
|rule|Evasion Abilities Clause: Evasion abilities are banned
|rule|Sleep Moves Clause: Sleep-inducing moves are banned
|clearpoke
|poke|p1|Greninja-*, M|
|poke|p1|Lilligant-Hisui, F|
|poke|p1|Pelipper, M|
|poke|p1|Overqwil, M|
|poke|p1|Gastrodon, M|
|poke|p1|Arcanine-Hisui, M|
|poke|p2|Great Tusk|
|poke|p2|Heatran, M|
|poke|p2|Weavile, M|
|poke|p2|Primarina, M|
|poke|p2|Ogerpon, F|
|poke|p2|Pecharunt|
|teampreview
|inactive|Battle timer is ON: inactive players will automatically lose when time's up. (requested by spotifytweaks)
|
|t:|1760454226
|teamsize|p1|6
|teamsize|p2|6
|start
|switch|p1a: Pelipper|Pelipper, M|100/100
|switch|p2a: Anonymous|Ogerpon, F|100/100
|-weather|RainDance|[from] ability: Drizzle|[of] p1a: Pelipper
|turn|1
|
|t:|1760454233
|move|p2a: Anonymous|Knock Off|p1a: Pelipper
|-damage|p1a: Pelipper|53/100
|-enditem|p1a: Pelipper|Damp Rock|[from] move: Knock Off|[of] p2a: Anonymous
|move|p1a: Pelipper|Hurricane|p2a: Anonymous
|-supereffective|p2a: Anonymous
|-damage|p2a: Anonymous|0 fnt
|faint|p2a: Anonymous
|
|-weather|RainDance|[upkeep]
|upkeep
|c|☆youalreadylostlol|Gg
|
|t:|1760454241
|switch|p2a: Bandit|Weavile, M, shiny|100/100
|-ability|p2a: Bandit|Pressure
|turn|2
|
|t:|1760454251
|switch|p1a: Arcanine|Arcanine-Hisui, M|100/100
|move|p2a: Bandit|Triple Axel|p1a: Arcanine
|-resisted|p1a: Arcanine
|-damage|p1a: Arcanine|91/100
|-resisted|p1a: Arcanine
|-damage|p1a: Arcanine|71/100
|-resisted|p1a: Arcanine
|-damage|p1a: Arcanine|44/100
|-hitcount|p1a: Arcanine|3
|
|-weather|RainDance|[upkeep]
|upkeep
|turn|3
|
|t:|1760454275
|switch|p2a: Overseer|Pecharunt|100/100
|move|p1a: Arcanine|Extreme Speed|p2a: Overseer
|-immune|p2a: Overseer
|
|-weather|RainDance|[upkeep]
|upkeep
|turn|4
|
|t:|1760454285
|move|p1a: Arcanine|Rock Slide|p2a: Overseer
|-damage|p2a: Overseer|83/100
|move|p2a: Overseer|Shadow Ball|p1a: Arcanine
|-damage|p1a: Arcanine|14/100
|
|-weather|RainDance|[upkeep]
|upkeep
|turn|5
|
|t:|1760454291
|move|p1a: Arcanine|Rock Slide|p2a: Overseer|[miss]
|-miss|p1a: Arcanine|p2a: Overseer
|move|p2a: Overseer|Shadow Ball|p1a: Arcanine
|-damage|p1a: Arcanine|0 fnt
|faint|p1a: Arcanine
|
|-weather|RainDance|[upkeep]
|upkeep
|
|t:|1760454293
|switch|p1a: Overqwil|Overqwil, M|100/100
|turn|6
|
|t:|1760454316
|switch|p2a: Behemoth|Great Tusk, shiny|100/100
|move|p1a: Overqwil|Throat Chop|p2a: Behemoth
|-resisted|p2a: Behemoth
|-damage|p2a: Behemoth|86/100
|-start|p2a: Behemoth|Throat Chop|[silent]
|
|-weather|RainDance|[upkeep]
|upkeep
|turn|7
|
|t:|1760454332
|-terastallize|p1a: Overqwil|Water
|-terastallize|p2a: Behemoth|Ground
|move|p1a: Overqwil|Liquidation|p2a: Behemoth
|-supereffective|p2a: Behemoth
|-damage|p2a: Behemoth|0 fnt
|faint|p2a: Behemoth
|-end|p2a: Behemoth|Protosynthesis|[silent]
|
|-weather|RainDance|[upkeep]
|upkeep
|c|☆youalreadylostlol|Gg buddy
|
|t:|1760454342
|switch|p2a: Overseer|Pecharunt|83/100
|turn|8
|c|☆youalreadylostlol|its over
|
|t:|1760454348
|move|p1a: Overqwil|Throat Chop|p2a: Overseer
|-supereffective|p2a: Overseer
|-damage|p2a: Overseer|44/100
|-start|p2a: Overseer|Throat Chop|[silent]
|-damage|p1a: Overqwil|84/100|[from] item: Rocky Helmet|[of] p2a: Overseer
|move|p2a: Overseer|Malignant Chain|p1a: Overqwil
|-damage|p1a: Overqwil|40/100
|
|-weather|none
|upkeep
|turn|9
|
|t:|1760454358
|switch|p1a: Pelipper|Pelipper, M|53/100
|-weather|RainDance|[from] ability: Drizzle|[of] p1a: Pelipper
|move|p2a: Overseer|Recover|p2a: Overseer
|-heal|p2a: Overseer|94/100
|
|-weather|RainDance|[upkeep]
|-end|p2a: Overseer|Throat Chop|[silent]
|upkeep
|turn|10
|
|t:|1760454362
|move|p2a: Overseer|Shadow Ball|p1a: Pelipper
|-damage|p1a: Pelipper|21/100
|-unboost|p1a: Pelipper|spd|1
|move|p1a: Pelipper|Hydro Pump|p2a: Overseer
|-damage|p2a: Overseer|33/100
|
|-weather|RainDance|[upkeep]
|upkeep
|turn|11
|
|t:|1760454366
|move|p2a: Overseer|Shadow Ball|p1a: Pelipper
|-damage|p1a: Pelipper|0 fnt
|faint|p1a: Pelipper
|
|-weather|RainDance|[upkeep]
|upkeep
|
|t:|1760454369
|switch|p1a: Overqwil|Overqwil, M, tera:Water|40/100
|turn|12
|
|t:|1760454378
|switch|p2a: Celestine|Primarina, M, shiny|100/100
|move|p1a: Overqwil|Throat Chop|p2a: Celestine
|-resisted|p2a: Celestine
|-damage|p2a: Celestine|75/100
|-start|p2a: Celestine|Throat Chop|[silent]
|
|-weather|RainDance|[upkeep]
|upkeep
|turn|13
|
|t:|1760454380
|move|p1a: Overqwil|Gunk Shot|p2a: Celestine
|-supereffective|p2a: Celestine
|-crit|p2a: Celestine
|-damage|p2a: Celestine|0 fnt
|faint|p2a: Celestine
|
|-weather|none
|upkeep
|
|t:|1760454395
|switch|p2a: Bandit|Weavile, M, shiny|100/100
|-ability|p2a: Bandit|Pressure
|turn|14
|
|t:|1760454405
|move|p1a: Overqwil|Aqua Jet|p2a: Bandit
|-damage|p2a: Bandit|57/100
|move|p2a: Bandit|Triple Axel|p1a: Overqwil
|-resisted|p1a: Overqwil
|-damage|p1a: Overqwil|31/100
|-resisted|p1a: Overqwil
|-damage|p1a: Overqwil|15/100
|-resisted|p1a: Overqwil
|-damage|p1a: Overqwil|0 fnt
|faint|p1a: Overqwil
|-hitcount|p1: Overqwil|3
|
|upkeep
|
|t:|1760454417
|switch|p1a: Gastrodon|Gastrodon, M|100/100
|turn|15
|
|t:|1760454421
|switch|p2a: Chaos|Heatran, M, shiny|100/100
|-item|p2a: Chaos|Air Balloon
|move|p1a: Gastrodon|Icy Wind|p2a: Chaos
|-resisted|p2a: Chaos
|-crit|p2a: Chaos
|-damage|p2a: Chaos|95/100
|-unboost|p2a: Chaos|spe|1
|-enditem|p2a: Chaos|Air Balloon
|
|upkeep
|turn|16
|
|t:|1760454426
|move|p2a: Chaos|Magma Storm|p1a: Gastrodon|[miss]
|-miss|p2a: Chaos|p1a: Gastrodon
|move|p1a: Gastrodon|Earth Power|p2a: Chaos
|-supereffective|p2a: Chaos
|-damage|p2a: Chaos|0 fnt
|faint|p2a: Chaos
|
|upkeep
|
|t:|1760454430
|switch|p2a: Overseer|Pecharunt|33/100
|turn|17
|
|t:|1760454437
|move|p2a: Overseer|Recover|p2a: Overseer
|-heal|p2a: Overseer|83/100
|move|p1a: Gastrodon|Earth Power|p2a: Overseer
|-supereffective|p2a: Overseer
|-damage|p2a: Overseer|6/100
|
|upkeep
|turn|18
|
|t:|1760454447
|move|p2a: Overseer|Malignant Chain|p1a: Gastrodon
|-resisted|p1a: Gastrodon
|-damage|p1a: Gastrodon|86/100
|-status|p1a: Gastrodon|tox
|-start|p1a: Gastrodon|confusion|[from] ability: Poison Puppeteer|[of] p2a: Overseer
|-activate|p1a: Gastrodon|confusion
|move|p1a: Gastrodon|Earth Power|p2a: Overseer
|-supereffective|p2a: Overseer
|-damage|p2a: Overseer|0 fnt
|faint|p2a: Overseer
|
|-damage|p1a: Gastrodon|80/100 tox|[from] psn
|upkeep
|c|☆youalreadylostlol|It’s over buddy
|
|t:|1760454451
|switch|p2a: Bandit|Weavile, M, shiny|57/100
|-ability|p2a: Bandit|Pressure
|turn|19
|c|☆youalreadylostlol|Give it up
|
|t:|1760454466
|move|p2a: Bandit|Triple Axel|p1a: Gastrodon
|-damage|p1a: Gastrodon|62/100 tox
|-damage|p1a: Gastrodon|30/100 tox
|-damage|p1a: Gastrodon|0 fnt
|faint|p1a: Gastrodon
|-hitcount|p1: Gastrodon|3
|
|upkeep
|
|t:|1760454477
|switch|p1a: Greninja|Greninja, M|100/100
|turn|20
|
|t:|1760454489
|move|p2a: Bandit|Triple Axel|p1a: Greninja
|-resisted|p1a: Greninja
|-crit|p1a: Greninja
|-damage|p1a: Greninja|80/100
|-resisted|p1a: Greninja
|-damage|p1a: Greninja|56/100
|-resisted|p1a: Greninja
|-damage|p1a: Greninja|18/100
|-hitcount|p1a: Greninja|3
|move|p1a: Greninja|Sludge Wave|p2a: Bandit
|-damage|p2a: Bandit|19/100
|
|upkeep
|turn|21
|
|t:|1760454499
|move|p1a: Greninja|Water Shuriken|p2a: Bandit
|-damage|p2a: Bandit|9/100
|-damage|p2a: Bandit|0 fnt
|faint|p2a: Bandit
|-hitcount|p2: Bandit|2
|
|win|youalreadylostlol
|raw|youalreadylostlol's rating: 1269 &rarr; <strong>1294</strong><br />(+25 for winning)
|raw|spotifytweaks's rating: 1270 &rarr; <strong>1245</strong><br />(-25 for losing)
|l|☆spotifytweaks
|player|p2|
|l|☆youalreadylostlol
|player|p1|
