|j|☆rylanvirs
|j|☆oscar19trib
|t:|1760333725
|gametype|singles
|player|p1|rylanvirs|ghetsis-gen5bw|1136
|player|p2|oscar19trib|steven|1138
|gen|9
|tier|[Gen 9] OU
|rated|
|rule|HP Percentage Mod: HP is shown in percentages
|rule|Endless Battle Clause: Forcing endless battles is banned
|rule|Species Clause: Limit one of each Pokémon
|rule|OHKO Clause: OHKO moves are banned
|rule|Evasion Items Clause: Evasion items are banned
|rule|Evasion Moves Clause: Evasion moves are banned
|rule|Evasion Abilities Clause: Evasion abilities are banned
|rule|Sleep Moves Clause: Sleep-inducing moves are banned
|clearpoke
|poke|p1|Morpeko, M|
|poke|p1|Flamigo, F|
|poke|p1|Zapdos-Galar|
|poke|p1|Ampharos, F|
|poke|p1|Spiritomb, F|
|poke|p1|Pyroar, M|
|poke|p2|Kingambit, F|
|poke|p2|Deoxys-Speed|
|poke|p2|Great Tusk|
|poke|p2|Dragonite, F|
|poke|p2|Iron Moth|
|poke|p2|Primarina, M|
|teampreview
|
|t:|1760333762
|teamsize|p1|6
|teamsize|p2|6
|start
|switch|p1a: Morpeko|Morpeko, M|100/100
|switch|p2a: Moebius|Deoxys-Speed|100/100
|-ability|p2a: Moebius|Pressure
|turn|1
|
|t:|1760333771
|move|p1a: Morpeko|Fake Out|p2a: Moebius
|-damage|p2a: Moebius|84/100
|cant|p2a: Moebius|flinch
|
|-formechange|p1a: Morpeko|Morpeko-Hangry||[from] ability: Hunger Switch
|upkeep
|turn|2
|
|t:|1760333775
|move|p2a: Moebius|Focus Blast|p1a: Morpeko
|-supereffective|p1a: Morpeko
|-damage|p1a: Morpeko|0 fnt
|faint|p1a: Morpeko
|-damage|p2a: Moebius|75/100|[from] item: Life Orb
|
|upkeep
|
|t:|1760333780
|switch|p1a: Spiritomb|Spiritomb, F|100/100
|turn|3
|
|t:|1760333785
|move|p1a: Spiritomb|Shadow Sneak|p2a: Moebius
|-supereffective|p2a: Moebius
|-damage|p2a: Moebius|34/100
|move|p2a: Moebius|Shadow Ball|p1a: Spiritomb
|-damage|p1a: Spiritomb|78/100
|-damage|p2a: Moebius|24/100|[from] item: Life Orb
|
|-heal|p1a: Spiritomb|84/100|[from] item: Leftovers
|upkeep
|turn|4
|
|t:|1760333803
|switch|p2a: Meruem|Kingambit, F|100/100
|move|p1a: Spiritomb|Shadow Sneak|p2a: Meruem
|-resisted|p2a: Meruem
|-damage|p2a: Meruem|96/100
|
|-heal|p2a: Meruem|100/100|[from] item: Leftovers
|-heal|p1a: Spiritomb|90/100|[from] item: Leftovers
|upkeep
|turn|5
|
|t:|1760333814
|move|p2a: Meruem|Iron Head|p1a: Spiritomb
|-damage|p1a: Spiritomb|40/100
|move|p1a: Spiritomb|Will-O-Wisp|p2a: Meruem
|-status|p2a: Meruem|brn
|
|-heal|p1a: Spiritomb|46/100|[from] item: Leftovers
|-damage|p2a: Meruem|94/100 brn|[from] brn
|upkeep
|turn|6
|
|t:|1760333829
|switch|p1a: Zapdos|Zapdos-Galar, shiny|100/100
|move|p2a: Meruem|Kowtow Cleave|p1a: Zapdos
|-resisted|p1a: Zapdos
|-damage|p1a: Zapdos|87/100
|
|-heal|p2a: Meruem|100/100 brn|[from] item: Leftovers
|-damage|p2a: Meruem|94/100 brn|[from] brn
|upkeep
|turn|7
|
|t:|1760333836
|-end|p2a: Meruem|fallenundefined|[silent]
|switch|p2a: Siren|Primarina, M|100/100
|move|p1a: Zapdos|Thunderous Kick|p2a: Siren
|-resisted|p2a: Siren
|-damage|p2a: Siren|69/100
|-unboost|p2a: Siren|def|1
|
|upkeep
|turn|8
|
|t:|1760333847
|move|p1a: Zapdos|U-turn|p2a: Siren
|-resisted|p2a: Siren
|-damage|p2a: Siren|45/100
|
|t:|1760333851
|switch|p1a: Pyroar|Pyroar, M|100/100|[from] U-turn
|-ability|p1a: Pyroar|Unnerve
|move|p2a: Siren|Moonblast|p1a: Pyroar
|-resisted|p1a: Pyroar
|-damage|p1a: Pyroar|59/100
|
|-heal|p1a: Pyroar|65/100|[from] item: Leftovers
|upkeep
|turn|9
|
|t:|1760333861
|move|p1a: Pyroar|Hyper Voice|p2a: Siren
|-damage|p2a: Siren|19/100
|move|p2a: Siren|Surf|p1a: Pyroar
|-supereffective|p1a: Pyroar
|-damage|p1a: Pyroar|0 fnt
|faint|p1a: Pyroar
|
|upkeep
|
|t:|1760333868
|switch|p1a: Zapdos|Zapdos-Galar, shiny|87/100
|turn|10
|
|t:|1760333873
|move|p1a: Zapdos|Thunderous Kick|p2a: Siren
|-resisted|p2a: Siren
|-damage|p2a: Siren|0 fnt
|faint|p2a: Siren
|
|upkeep
|
|t:|1760333886
|switch|p2a: Moebius|Deoxys-Speed|24/100
|-ability|p2a: Moebius|Pressure
|turn|11
|
|t:|1760333891
|switch|p1a: Spiritomb|Spiritomb, F|46/100
|move|p2a: Moebius|Psycho Boost|p1a: Spiritomb
|-immune|p1a: Spiritomb
|
|-heal|p1a: Spiritomb|52/100|[from] item: Leftovers
|upkeep
|turn|12
|
|t:|1760333899
|switch|p2a: Meruem|Kingambit, F|94/100 brn
|-activate|p2a: Meruem|ability: Supreme Overlord
|-start|p2a: Meruem|fallen1|[silent]
|move|p1a: Spiritomb|Shadow Sneak|p2a: Meruem
|-resisted|p2a: Meruem
|-damage|p2a: Meruem|90/100 brn
|
|-heal|p2a: Meruem|96/100 brn|[from] item: Leftovers
|-heal|p1a: Spiritomb|58/100|[from] item: Leftovers
|-damage|p2a: Meruem|90/100 brn|[from] brn
|upkeep
|turn|13
|
|t:|1760333909
|switch|p1a: Zapdos|Zapdos-Galar, shiny|87/100
|move|p2a: Meruem|Swords Dance|p2a: Meruem
|-boost|p2a: Meruem|atk|2
|
|-heal|p2a: Meruem|96/100 brn|[from] item: Leftovers
|-damage|p2a: Meruem|90/100 brn|[from] brn
|upkeep
|turn|14
|
|t:|1760333914
|-terastallize|p2a: Meruem|Ghost
|move|p1a: Zapdos|Thunderous Kick|p2a: Meruem
|-immune|p2a: Meruem
|move|p2a: Meruem|Swords Dance|p2a: Meruem
|-boost|p2a: Meruem|atk|2
|
|-heal|p2a: Meruem|96/100 brn|[from] item: Leftovers
|-damage|p2a: Meruem|90/100 brn|[from] brn
|upkeep
|turn|15
|
|t:|1760333925
|move|p1a: Zapdos|Knock Off|p2a: Meruem
|-supereffective|p2a: Meruem
|-damage|p2a: Meruem|39/100 brn
|-enditem|p2a: Meruem|Leftovers|[from] move: Knock Off|[of] p1a: Zapdos
|move|p2a: Meruem|Kowtow Cleave|p1a: Zapdos
|-resisted|p1a: Zapdos
|-damage|p1a: Zapdos|41/100
|-enditem|p1a: Zapdos|Sitrus Berry|[eat]
|-heal|p1a: Zapdos|66/100|[from] item: Sitrus Berry
|
|-damage|p2a: Meruem|33/100 brn|[from] brn
|upkeep
|turn|16
|
|t:|1760333935
|move|p2a: Meruem|Sucker Punch|p1a: Zapdos
|-resisted|p1a: Zapdos
|-damage|p1a: Zapdos|24/100
|move|p1a: Zapdos|Acrobatics|p2a: Meruem
|-damage|p2a: Meruem|0 fnt
|faint|p2a: Meruem
|-end|p2a: Meruem|fallen1|[silent]
|
|upkeep
|
|t:|1760333942
|switch|p2a: Yoshi|Dragonite, F, shiny|100/100
|turn|17
|
|t:|1760333955
|move|p1a: Zapdos|Knock Off|p2a: Yoshi
|-damage|p2a: Yoshi|82/100
|-enditem|p2a: Yoshi|Choice Band|[from] move: Knock Off|[of] p1a: Zapdos
|move|p2a: Yoshi|Outrage|p1a: Zapdos
|-damage|p1a: Zapdos|0 fnt
|faint|p1a: Zapdos
|
|upkeep
|
|t:|1760333968
|switch|p1a: Ampharos|Ampharos, F|100/100
|turn|18
|
|t:|1760333975
|move|p2a: Yoshi|Outrage|p1a: Ampharos|[from] lockedmove
|-damage|p1a: Ampharos|25/100
|move|p1a: Ampharos|Cotton Guard|p1a: Ampharos
|-boost|p1a: Ampharos|def|3
|
|upkeep
|turn|19
|
|t:|1760333984
|move|p2a: Yoshi|Outrage|p1a: Ampharos|[from] lockedmove
|-damage|p1a: Ampharos|0 fnt
|faint|p1a: Ampharos
|-start|p2a: Yoshi|confusion|[fatigue]
|
|upkeep
|
|t:|1760333988
|switch|p1a: Flamigo|Flamigo, F|100/100
|turn|20
|
|t:|1760333996
|move|p1a: Flamigo|Brave Bird|p2a: Yoshi
|-damage|p2a: Yoshi|0 fnt
|faint|p2a: Yoshi
|-damage|p1a: Flamigo|72/100|[from] Recoil
|
|upkeep
|
|t:|1760334002
|switch|p2a: Anomаly|Iron Moth|100/100
|-item|p2a: Anomаly|Air Balloon
|turn|21
|
|t:|1760334008
|move|p2a: Anomаly|Fiery Dance|p1a: Flamigo
|-damage|p1a: Flamigo|3/100
|move|p1a: Flamigo|Brave Bird|p2a: Anomаly
|-damage|p2a: Anomаly|0 fnt
|-enditem|p2a: Anomаly|Air Balloon
|faint|p2a: Anomаly
|-end|p2a: Anomаly|Quark Drive|[silent]
|-damage|p1a: Flamigo|0 fnt|[from] Recoil
|faint|p1a: Flamigo
|
|upkeep
|
|t:|1760334021
|switch|p2a: Moebius|Deoxys-Speed|24/100
|switch|p1a: Spiritomb|Spiritomb, F|58/100
|-ability|p2a: Moebius|Pressure
|turn|22
|
|t:|1760334036
|move|p1a: Spiritomb|Shadow Sneak|p2a: Moebius
|-supereffective|p2a: Moebius
|-damage|p2a: Moebius|0 fnt
|faint|p2a: Moebius
|
|-heal|p1a: Spiritomb|65/100|[from] item: Leftovers
|upkeep
|
|t:|1760334042
|switch|p2a: Anomaly|Great Tusk|100/100
|turn|23
|
|t:|1760334046
|move|p2a: Anomaly|Ice Spinner|p1a: Spiritomb
|-damage|p1a: Spiritomb|29/100
|-damage|p2a: Anomaly|91/100|[from] item: Life Orb
|move|p1a: Spiritomb|Will-O-Wisp|p2a: Anomaly|[miss]
|-miss|p1a: Spiritomb|p2a: Anomaly
|
|-heal|p1a: Spiritomb|35/100|[from] item: Leftovers
|upkeep
|turn|24
|
|t:|1760334056
|-terastallize|p1a: Spiritomb|Steel
|move|p2a: Anomaly|Headlong Rush|p1a: Spiritomb
|-supereffective|p1a: Spiritomb
|-damage|p1a: Spiritomb|0 fnt
|-unboost|p2a: Anomaly|def|1
|-unboost|p2a: Anomaly|spd|1
|faint|p1a: Spiritomb
|-damage|p2a: Anomaly|81/100|[from] item: Life Orb
|
|win|oscar19trib
|raw|rylanvirs's rating: 1136 &rarr; <strong>1111</strong><br />(-25 for losing)
|raw|oscar19trib's rating: 1138 &rarr; <strong>1163</strong><br />(+25 for winning)
|l|☆rylanvirs
|player|p1|
|l|☆oscar19trib
|player|p2|
