|j|☆virkit
|j|☆mahjini
|t:|1760414698
|gametype|singles
|player|p1|virkit|266|1155
|player|p2|mahjini|hoopster|1145
|gen|9
|tier|[Gen 9] OU
|rated|
|rule|HP Percentage Mod: HP is shown in percentages
|rule|Endless Battle Clause: Forcing endless battles is banned
|rule|Species Clause: Limit one of each Pokémon
|rule|OHKO Clause: OHKO moves are banned
|rule|Evasion Items Clause: Evasion items are banned
|rule|Evasion Moves Clause: Evasion moves are banned
|rule|Evasion Abilities Clause: Evasion abilities are banned
|rule|Sleep Moves Clause: Sleep-inducing moves are banned
|clearpoke
|poke|p1|Cinderace, M|
|poke|p1|Glimmora, F|
|poke|p1|Zangoose, F|
|poke|p1|Ursaluna, M|
|poke|p1|Clefable, F|
|poke|p1|Garganacl, F|
|poke|p2|Landorus-Therian, M|
|poke|p2|Tornadus-Therian, M|
|poke|p2|Scizor, M|
|poke|p2|Dragapult, M|
|poke|p2|Samurott-Hisui, M|
|poke|p2|Azumarill, M|
|teampreview
|
|t:|1760414703
|teamsize|p1|6
|teamsize|p2|6
|start
|switch|p1a: Glimmora|Glimmora, F|100/100
|switch|p2a: Samurott|Samurott-Hisui, M|100/100
|-item|p1a: Glimmora|Air Balloon
|turn|1
|inactive|Battle timer is ON: inactive players will automatically lose when time's up. (requested by mahjini)
|
|t:|1760414711
|move|p2a: Samurott|Flip Turn|p1a: Glimmora
|-supereffective|p1a: Glimmora
|-damage|p1a: Glimmora|46/100
|-activate|p1a: Glimmora|ability: Toxic Debris
|-sidestart|p2: mahjini|move: Toxic Spikes
|-enditem|p1a: Glimmora|Air Balloon
|
|t:|1760414719
|switch|p2a: Scizor|Scizor, M|100/100|[from] Flip Turn
|move|p1a: Glimmora|Mortal Spin|p2a: Scizor
|-immune|p2a: Scizor
|
|upkeep
|turn|2
|
|t:|1760414729
|move|p1a: Glimmora|Spiky Shield|p1a: Glimmora
|-singleturn|p1a: Glimmora|move: Protect
|move|p2a: Scizor|Bullet Punch|p1a: Glimmora
|-activate|p1a: Glimmora|move: Protect
|-damage|p2a: Scizor|88/100|[from] Spiky Shield|[of] p1a: Glimmora
|
|upkeep
|turn|3
|
|t:|1760414748
|switch|p1a: Zangoose|Zangoose, F|100/100
|move|p2a: Scizor|Bullet Punch|p1a: Zangoose
|-damage|p1a: Zangoose|0 fnt
|faint|p1a: Zangoose
|
|upkeep
|
|t:|1760414756
|switch|p1a: Cinderace|Cinderace, M|100/100
|turn|4
|inactive|mahjini has 120 seconds left.
|
|t:|1760414789
|switch|p2a: Samurott|Samurott-Hisui, M|100/100
|-status|p2a: Samurott|psn
|move|p1a: Cinderace|Court Change|p1a: Cinderace
|-start|p1a: Cinderace|typechange|Normal|[from] ability: Libero
|-swapsideconditions
|-activate|p1a: Cinderace|move: Court Change
|
|-damage|p2a: Samurott|88/100 psn|[from] psn
|upkeep
|turn|5
|
|t:|1760414802
|switch|p1a: Clefable|Clefable, F|100/100
|-status|p1a: Clefable|psn
|move|p2a: Samurott|Aqua Cutter|p1a: Clefable
|-damage|p1a: Clefable|48/100 psn
|
|-heal|p1a: Clefable|55/100 psn|[from] item: Leftovers
|-damage|p2a: Samurott|76/100 psn|[from] psn
|upkeep
|turn|6
|
|t:|1760414817
|move|p2a: Samurott|Aqua Cutter|p1a: Clefable
|-damage|p1a: Clefable|0 fnt
|faint|p1a: Clefable
|
|-damage|p2a: Samurott|63/100 psn|[from] psn
|upkeep
|
|t:|1760414825
|switch|p1a: Ursaluna|Ursaluna, M|100/100
|-status|p1a: Ursaluna|psn
|turn|7
|
|t:|1760414832
|move|p2a: Samurott|Aqua Cutter|p1a: Ursaluna
|-supereffective|p1a: Ursaluna
|-damage|p1a: Ursaluna|37/100 psn
|move|p1a: Ursaluna|Facade|p2a: Samurott
|-damage|p2a: Samurott|0 fnt
|faint|p2a: Samurott
|
|-heal|p1a: Ursaluna|43/100 psn|[from] item: Leftovers
|-damage|p1a: Ursaluna|30/100 psn|[from] psn
|upkeep
|
|t:|1760414836
|switch|p2a: Scizor|Scizor, M|88/100
|turn|8
|
|t:|1760414846
|move|p2a: Scizor|Bullet Punch|p1a: Ursaluna
|-damage|p1a: Ursaluna|0 fnt
|faint|p1a: Ursaluna
|
|upkeep
|
|t:|1760414851
|switch|p1a: Glimmora|Glimmora, F|46/100
|-sideend|p1: virkit|move: Toxic Spikes|[of] p1a: Glimmora
|turn|9
|
|t:|1760414857
|move|p2a: Scizor|Bullet Punch|p1a: Glimmora
|-supereffective|p1a: Glimmora
|-damage|p1a: Glimmora|0 fnt
|-activate|p1a: Glimmora|ability: Toxic Debris
|-sidestart|p2: mahjini|move: Toxic Spikes
|faint|p1a: Glimmora
|
|upkeep
|
|t:|1760414864
|switch|p1a: Cinderace|Cinderace, M|100/100
|turn|10
|
|t:|1760414870
|switch|p2a: Azumarill|Azumarill, M|100/100
|-status|p2a: Azumarill|psn
|move|p1a: Cinderace|Pyro Ball|p2a: Azumarill
|-resisted|p2a: Azumarill
|-damage|p2a: Azumarill|69/100 psn
|
|-damage|p2a: Azumarill|57/100 psn|[from] psn
|upkeep
|turn|11
|
|t:|1760414881
|move|p1a: Cinderace|Pyro Ball|p2a: Azumarill
|-resisted|p2a: Azumarill
|-damage|p2a: Azumarill|25/100 psn
|move|p2a: Azumarill|Liquidation|p1a: Cinderace
|-supereffective|p1a: Cinderace
|-damage|p1a: Cinderace|0 fnt
|faint|p1a: Cinderace
|
|-damage|p2a: Azumarill|13/100 psn|[from] psn
|upkeep
|
|t:|1760414891
|switch|p1a: Garganacl|Garganacl, F|100/100
|turn|12
|
|t:|1760414895
|move|p1a: Garganacl|Protect|p1a: Garganacl
|-singleturn|p1a: Garganacl|Protect
|move|p2a: Azumarill|Liquidation|p1a: Garganacl
|-activate|p1a: Garganacl|move: Protect
|
|-damage|p2a: Azumarill|0 fnt|[from] psn
|faint|p2a: Azumarill
|upkeep
|
|t:|1760414898
|switch|p2a: Scizor|Scizor, M|88/100
|turn|13
|
|t:|1760414907
|-terastallize|p1a: Garganacl|Ghost
|move|p2a: Scizor|U-turn|p1a: Garganacl
|-resisted|p1a: Garganacl
|-damage|p1a: Garganacl|84/100
|
|t:|1760414910
|switch|p2a: Landorus|Landorus-Therian, M|100/100|[from] U-turn
|-ability|p2a: Landorus|Intimidate|boost
|-unboost|p1a: Garganacl|atk|1
|move|p1a: Garganacl|Salt Cure|p2a: Landorus
|-damage|p2a: Landorus|89/100
|-start|p2a: Landorus|Salt Cure
|
|-damage|p2a: Landorus|77/100|[from] Salt Cure
|upkeep
|turn|14
|
|t:|1760414927
|move|p2a: Landorus|U-turn|p1a: Garganacl
|-resisted|p1a: Garganacl
|-damage|p1a: Garganacl|77/100
|
|t:|1760414932
|switch|p2a: Dragapult|Dragapult, M|100/100|[from] U-turn
|-status|p2a: Dragapult|psn
|move|p1a: Garganacl|Salt Cure|p2a: Dragapult
|-damage|p2a: Dragapult|88/100 psn
|-start|p2a: Dragapult|Salt Cure
|
|-damage|p2a: Dragapult|76/100 psn|[from] psn
|-damage|p2a: Dragapult|63/100 psn|[from] Salt Cure
|upkeep
|turn|15
|l|☆virkit
|inactive|virkit disconnected and has a minute to reconnect!
|player|p1|
|j|☆virkit
|inactive|virkit reconnected and has 120 seconds left.
|player|p1|virkit|266|
|
|t:|1760414966
|move|p1a: Garganacl|Protect|p1a: Garganacl
|-singleturn|p1a: Garganacl|Protect
|move|p2a: Dragapult|Shadow Ball|p1a: Garganacl
|-activate|p1a: Garganacl|move: Protect
|
|-damage|p2a: Dragapult|51/100 psn|[from] psn
|-damage|p2a: Dragapult|39/100 psn|[from] Salt Cure
|upkeep
|turn|16
|
|t:|1760414980
|move|p2a: Dragapult|Shadow Ball|p1a: Garganacl
|-supereffective|p1a: Garganacl
|-damage|p1a: Garganacl|25/100
|-enditem|p1a: Garganacl|Sitrus Berry|[eat]
|-heal|p1a: Garganacl|50/100|[from] item: Sitrus Berry
|move|p1a: Garganacl|Recover|p1a: Garganacl
|-heal|p1a: Garganacl|100/100
|
|-damage|p2a: Dragapult|26/100 psn|[from] psn
|-damage|p2a: Dragapult|14/100 psn|[from] Salt Cure
|upkeep
|turn|17
|
|t:|1760414993
|move|p1a: Garganacl|Protect|p1a: Garganacl
|-singleturn|p1a: Garganacl|Protect
|move|p2a: Dragapult|Shadow Ball|p1a: Garganacl
|-activate|p1a: Garganacl|move: Protect
|
|-damage|p2a: Dragapult|2/100 psn|[from] psn
|-damage|p2a: Dragapult|0 fnt|[from] Salt Cure
|faint|p2a: Dragapult
|upkeep
|
|t:|1760414994
|switch|p2a: Landorus|Landorus-Therian, M|77/100
|-ability|p2a: Landorus|Intimidate|boost
|-unboost|p1a: Garganacl|atk|1
|turn|18
|
|t:|1760415007
|move|p2a: Landorus|U-turn|p1a: Garganacl
|-resisted|p1a: Garganacl
|-crit|p1a: Garganacl
|-damage|p1a: Garganacl|91/100
|
|t:|1760415009
|switch|p2a: Tornadus|Tornadus-Therian, M|100/100|[from] U-turn
|move|p1a: Garganacl|Salt Cure|p2a: Tornadus
|-supereffective|p2a: Tornadus
|-damage|p2a: Tornadus|82/100
|-start|p2a: Tornadus|Salt Cure
|
|-damage|p2a: Tornadus|69/100|[from] Salt Cure
|upkeep
|turn|19
|
|t:|1760415023
|move|p1a: Garganacl|Protect|p1a: Garganacl
|-singleturn|p1a: Garganacl|Protect
|move|p2a: Tornadus|U-turn|p1a: Garganacl
|-activate|p1a: Garganacl|move: Protect
|
|-damage|p2a: Tornadus|57/100|[from] Salt Cure
|upkeep
|turn|20
|
|t:|1760415031
|move|p2a: Tornadus|U-turn|p1a: Garganacl
|-resisted|p1a: Garganacl
|-crit|p1a: Garganacl
|-damage|p1a: Garganacl|86/100
|
|t:|1760415047
|switch|p2a: Landorus|Landorus-Therian, M|77/100|[from] U-turn
|-ability|p2a: Landorus|Intimidate|boost
|-unboost|p1a: Garganacl|atk|1
|move|p1a: Garganacl|Salt Cure|p2a: Landorus
|-damage|p2a: Landorus|70/100
|-start|p2a: Landorus|Salt Cure
|
|-damage|p2a: Landorus|58/100|[from] Salt Cure
|upkeep
|turn|21
|
|t:|1760415057
|switch|p2a: Tornadus|Tornadus-Therian, M|90/100
|move|p1a: Garganacl|Protect||[still]
|-fail|p1a: Garganacl
|
|upkeep
|turn|22
|
|t:|1760415064
|switch|p2a: Landorus|Landorus-Therian, M|58/100
|-ability|p2a: Landorus|Intimidate|boost
|-unboost|p1a: Garganacl|atk|1
|move|p1a: Garganacl|Salt Cure|p2a: Landorus
|-damage|p2a: Landorus|52/100
|-start|p2a: Landorus|Salt Cure
|
|-damage|p2a: Landorus|40/100|[from] Salt Cure
|upkeep
|turn|23
|
|t:|1760415079
|switch|p2a: Tornadus|Tornadus-Therian, M|100/100
|move|p1a: Garganacl|Salt Cure|p2a: Tornadus
|-supereffective|p2a: Tornadus
|-damage|p2a: Tornadus|88/100
|-start|p2a: Tornadus|Salt Cure
|
|-damage|p2a: Tornadus|75/100|[from] Salt Cure
|upkeep
|turn|24
|
|t:|1760415090
|switch|p2a: Landorus|Landorus-Therian, M|40/100
|-ability|p2a: Landorus|Intimidate|boost
|-unboost|p1a: Garganacl|atk|1
|move|p1a: Garganacl|Salt Cure|p2a: Landorus
|-damage|p2a: Landorus|35/100
|-start|p2a: Landorus|Salt Cure
|
|-damage|p2a: Landorus|23/100|[from] Salt Cure
|upkeep
|turn|25
|
|t:|1760415106
|move|p2a: Landorus|Earthquake|p1a: Garganacl
|-damage|p1a: Garganacl|57/100
|move|p1a: Garganacl|Salt Cure|p2a: Landorus
|-damage|p2a: Landorus|18/100
|
|-damage|p2a: Landorus|6/100|[from] Salt Cure
|upkeep
|turn|26
|
|t:|1760415116
|switch|p2a: Tornadus|Tornadus-Therian, M|100/100
|move|p1a: Garganacl|Recover|p1a: Garganacl
|-heal|p1a: Garganacl|100/100
|
|upkeep
|turn|27
|
|t:|1760415123
|move|p2a: Tornadus|U-turn|p1a: Garganacl
|-resisted|p1a: Garganacl
|-damage|p1a: Garganacl|97/100
|
|t:|1760415124
|switch|p2a: Landorus|Landorus-Therian, M|6/100|[from] U-turn
|-ability|p2a: Landorus|Intimidate|boost
|-unboost|p1a: Garganacl|atk|1
|move|p1a: Garganacl|Salt Cure|p2a: Landorus
|-damage|p2a: Landorus|1/100
|-start|p2a: Landorus|Salt Cure
|
|-damage|p2a: Landorus|0 fnt|[from] Salt Cure
|faint|p2a: Landorus
|upkeep
|
|t:|1760415128
|switch|p2a: Tornadus|Tornadus-Therian, M|100/100
|turn|28
|
|t:|1760415139
|move|p2a: Tornadus|Grass Knot|p1a: Garganacl
|-damage|p1a: Garganacl|48/100
|move|p1a: Garganacl|Salt Cure|p2a: Tornadus
|-supereffective|p2a: Tornadus
|-damage|p2a: Tornadus|90/100
|-start|p2a: Tornadus|Salt Cure
|
|-damage|p2a: Tornadus|78/100|[from] Salt Cure
|upkeep
|turn|29
|
|t:|1760415150
|move|p1a: Garganacl|Protect|p1a: Garganacl
|-singleturn|p1a: Garganacl|Protect
|move|p2a: Tornadus|Grass Knot|p1a: Garganacl
|-activate|p1a: Garganacl|move: Protect
|
|-damage|p2a: Tornadus|66/100|[from] Salt Cure
|upkeep
|turn|30
|
|t:|1760415159
|move|p2a: Tornadus|Grass Knot|p1a: Garganacl
|-damage|p1a: Garganacl|0 fnt
|faint|p1a: Garganacl
|
|win|mahjini
|raw|virkit's rating: 1155 &rarr; <strong>1131</strong><br />(-24 for losing)
|raw|mahjini's rating: 1167 &rarr; <strong>1191</strong><br />(+24 for winning)
|l|☆virkit
|player|p1|
|l|☆mahjini
|player|p2|
