|j|☆shucklebestmon56
|j|☆Shampoogini
|t:|1760444119
|gametype|singles
|player|p1|shucklebestmon56|1|1445
|player|p2|Shampoogini|2|1397
|gen|9
|tier|[Gen 9] OU
|rated|
|rule|HP Percentage Mod: HP is shown in percentages
|rule|Endless Battle Clause: Forcing endless battles is banned
|rule|Species Clause: Limit one of each Pokémon
|rule|OHKO Clause: OHKO moves are banned
|rule|Evasion Items Clause: Evasion items are banned
|rule|Evasion Moves Clause: Evasion moves are banned
|rule|Evasion Abilities Clause: Evasion abilities are banned
|rule|Sleep Moves Clause: Sleep-inducing moves are banned
|clearpoke
|poke|p1|Kingambit, F|
|poke|p1|Cinderace, F|
|poke|p1|Landorus-Therian, M|
|poke|p1|Iron Valiant|
|poke|p1|Kyurem|
|poke|p1|Slowking-Galar, M|
|poke|p2|Skeledirge, M|
|poke|p2|Clodsire, F|
|poke|p2|Dondozo, F|
|poke|p2|Serperior, F|
|poke|p2|Corviknight, F|
|poke|p2|Grimmsnarl, M|
|teampreview
|inactive|Battle timer is ON: inactive players will automatically lose when time's up. (requested by shucklebestmon56)
|inactive|shucklebestmon56 has 120 seconds left.
|inactive|shucklebestmon56 has 90 seconds left.
|inactive|shucklebestmon56 has 60 seconds left.
|
|t:|1760444223
|teamsize|p1|6
|teamsize|p2|6
|start
|switch|p1a: Slowking|Slowking-Galar, M, shiny|100/100
|switch|p2a: Snek|Serperior, F|100/100
|turn|1
|
|t:|1760444228
|move|p2a: Snek|Glare|p1a: Slowking
|-status|p1a: Slowking|par
|move|p1a: Slowking|Thunder Wave|p2a: Snek
|-status|p2a: Snek|par
|
|upkeep
|turn|2
|
|t:|1760444235
|switch|p2a: Clodsire|Clodsire, F|100/100
|move|p1a: Slowking|Sludge Bomb|p2a: Clodsire
|-resisted|p2a: Clodsire
|-damage|p2a: Clodsire|95/100
|
|-heal|p2a: Clodsire|100/100|[from] item: Leftovers
|upkeep
|turn|3
|
|t:|1760444240
|move|p2a: Clodsire|Earthquake|p1a: Slowking
|-supereffective|p1a: Slowking
|-damage|p1a: Slowking|49/100 par
|-prepare|p1a: Slowking|Chilly Reception|[premajor]
|move|p1a: Slowking|Chilly Reception|p1a: Slowking
|-weather|Snowscape
|
|t:|1760444250
|switch|p1a: Landorus|Landorus-Therian, M, shiny|100/100|[from] Chilly Reception
|-ability|p1a: Landorus|Intimidate|boost
|-unboost|p2a: Clodsire|atk|1
|
|-weather|Snowscape|[upkeep]
|upkeep
|turn|4
|
|t:|1760444254
|move|p1a: Landorus|Taunt|p2a: Clodsire
|-start|p2a: Clodsire|move: Taunt
|cant|p2a: Clodsire|move: Taunt|Toxic
|
|-weather|Snowscape|[upkeep]
|upkeep
|turn|5
|
|t:|1760444259
|switch|p2a: Snek|Serperior, F|100/100 par
|move|p1a: Landorus|Earthquake|p2a: Snek
|-resisted|p2a: Snek
|-crit|p2a: Snek
|-damage|p2a: Snek|64/100 par
|
|-weather|Snowscape|[upkeep]
|-heal|p2a: Snek|70/100 par|[from] item: Leftovers
|upkeep
|turn|6
|
|t:|1760444267
|move|p1a: Landorus|U-turn|p2a: Snek
|-supereffective|p2a: Snek
|-damage|p2a: Snek|24/100 par
|
|t:|1760444273
|switch|p1a: Slowking|Slowking-Galar, M, shiny|82/100 par|[from] U-turn
|move|p2a: Snek|Leaf Storm|p1a: Slowking
|-resisted|p1a: Slowking
|-damage|p1a: Slowking|72/100 par
|-boost|p2a: Snek|spa|2
|
|-weather|Snowscape|[upkeep]
|-heal|p2a: Snek|30/100 par|[from] item: Leftovers
|upkeep
|turn|7
|
|t:|1760444280
|switch|p2a: Clodsire|Clodsire, F|100/100
|move|p1a: Slowking|Psychic Noise|p2a: Clodsire
|-supereffective|p2a: Clodsire
|-damage|p2a: Clodsire|65/100
|-start|p2a: Clodsire|move: Heal Block
|
|-weather|none
|upkeep
|turn|8
|
|t:|1760444288
|move|p2a: Clodsire|Spikes|p1a: Slowking
|-sidestart|p1: shucklebestmon56|Spikes
|-prepare|p1a: Slowking|Chilly Reception|[premajor]
|move|p1a: Slowking|Chilly Reception|p1a: Slowking
|-weather|Snowscape
|
|t:|1760444293
|switch|p1a: Landorus|Landorus-Therian, M, shiny|100/100|[from] Chilly Reception
|-ability|p1a: Landorus|Intimidate|boost
|-unboost|p2a: Clodsire|atk|1
|
|-weather|Snowscape|[upkeep]
|-end|p2a: Clodsire|move: Heal Block
|upkeep
|turn|9
|
|t:|1760444298
|switch|p2a: Corviknight|Corviknight, F|100/100
|move|p1a: Landorus|Earthquake|p2a: Corviknight
|-immune|p2a: Corviknight
|
|-weather|Snowscape|[upkeep]
|upkeep
|turn|10
|
|t:|1760444303
|move|p1a: Landorus|Taunt|p2a: Corviknight
|-start|p2a: Corviknight|move: Taunt
|cant|p2a: Corviknight|move: Taunt|Bulk Up
|
|-weather|Snowscape|[upkeep]
|upkeep
|turn|11
|
|t:|1760444323
|switch|p2a: Snek|Serperior, F|30/100 par
|move|p1a: Landorus|U-turn|p2a: Snek
|-supereffective|p2a: Snek
|-damage|p2a: Snek|0 fnt
|faint|p2a: Snek
|
|t:|1760444335
|switch|p1a: Cinderace|Cinderace, F, shiny|100/100|[from] U-turn
|
|-weather|Snowscape|[upkeep]
|upkeep
|
|t:|1760444341
|switch|p2a: Clodsire|Clodsire, F|65/100
|turn|12
|
|t:|1760444352
|move|p1a: Cinderace|U-turn|p2a: Clodsire
|-resisted|p2a: Clodsire
|-crit|p2a: Clodsire
|-damage|p2a: Clodsire|55/100
|
|t:|1760444356
|switch|p1a: Landorus|Landorus-Therian, M, shiny|100/100|[from] U-turn
|-ability|p1a: Landorus|Intimidate|boost
|-unboost|p2a: Clodsire|atk|1
|move|p2a: Clodsire|Toxic|p1a: Landorus
|-status|p1a: Landorus|tox
|
|-weather|none
|-heal|p2a: Clodsire|61/100|[from] item: Leftovers
|-damage|p1a: Landorus|94/100 tox|[from] psn
|upkeep
|turn|13
|
|t:|1760444373
|switch|p2a: Corviknight|Corviknight, F|100/100
|move|p1a: Landorus|Earthquake|p2a: Corviknight
|-immune|p2a: Corviknight
|
|-damage|p1a: Landorus|82/100 tox|[from] psn
|upkeep
|turn|14
|
|t:|1760444380
|switch|p2a: Grimmsnarl|Grimmsnarl, M|100/100
|move|p1a: Landorus|U-turn|p2a: Grimmsnarl
|-damage|p2a: Grimmsnarl|81/100
|
|t:|1760444399
|switch|p1a: Slowking|Slowking-Galar, M, shiny|100/100 par|[from] U-turn
|
|upkeep
|turn|15
|
|t:|1760444409
|switch|p2a: Clodsire|Clodsire, F|61/100
|move|p1a: Slowking|Sludge Bomb|p2a: Clodsire
|-resisted|p2a: Clodsire
|-damage|p2a: Clodsire|55/100
|
|-heal|p2a: Clodsire|62/100|[from] item: Leftovers
|upkeep
|turn|16
|
|t:|1760444414
|move|p2a: Clodsire|Recover|p2a: Clodsire
|-heal|p2a: Clodsire|100/100
|cant|p1a: Slowking|par
|
|upkeep
|turn|17
|
|t:|1760444418
|move|p2a: Clodsire|Earthquake|p1a: Slowking
|-supereffective|p1a: Slowking
|-damage|p1a: Slowking|40/100 par
|move|p1a: Slowking|Psychic Noise|p2a: Clodsire
|-supereffective|p2a: Clodsire
|-damage|p2a: Clodsire|67/100
|-start|p2a: Clodsire|move: Heal Block
|
|upkeep
|turn|18
|
|t:|1760444428
|switch|p1a: Landorus|Landorus-Therian, M, shiny|82/100 tox
|-ability|p1a: Landorus|Intimidate|boost
|-unboost|p2a: Clodsire|atk|1
|move|p2a: Clodsire|Spikes|p1a: Landorus
|-sidestart|p1: shucklebestmon56|Spikes
|
|-damage|p1a: Landorus|76/100 tox|[from] psn
|-end|p2a: Clodsire|move: Heal Block
|upkeep
|turn|19
|
|t:|1760444439
|move|p1a: Landorus|U-turn|p2a: Clodsire
|-resisted|p2a: Clodsire
|-damage|p2a: Clodsire|58/100
|
|t:|1760444449
|switch|p1a: Cinderace|Cinderace, F, shiny|100/100|[from] U-turn
|move|p2a: Clodsire|Recover|p2a: Clodsire
|-heal|p2a: Clodsire|100/100
|
|upkeep
|turn|20
|
|t:|1760444458
|move|p1a: Cinderace|Will-O-Wisp|p2a: Clodsire
|-status|p2a: Clodsire|brn
|move|p2a: Clodsire|Earthquake|p1a: Cinderace
|-supereffective|p1a: Cinderace
|-damage|p1a: Cinderace|78/100
|
|-damage|p2a: Clodsire|94/100 brn|[from] brn
|upkeep
|turn|21
|
|t:|1760444464
|move|p1a: Cinderace|U-turn|p2a: Clodsire
|-resisted|p2a: Clodsire
|-damage|p2a: Clodsire|86/100 brn
|
|t:|1760444466
|switch|p1a: Landorus|Landorus-Therian, M, shiny|76/100 tox|[from] U-turn
|-ability|p1a: Landorus|Intimidate|boost
|-unboost|p2a: Clodsire|atk|1
|move|p2a: Clodsire|Toxic|p1a: Landorus
|-fail|p1a: Landorus|tox
|
|-heal|p2a: Clodsire|93/100 brn|[from] item: Leftovers
|-damage|p1a: Landorus|69/100 tox|[from] psn
|-damage|p2a: Clodsire|86/100 brn|[from] brn
|upkeep
|turn|22
|
|t:|1760444476
|switch|p2a: Corviknight|Corviknight, F|100/100
|move|p1a: Landorus|Earthquake|p2a: Corviknight
|-immune|p2a: Corviknight
|
|-damage|p1a: Landorus|57/100 tox|[from] psn
|upkeep
|turn|23
|
|t:|1760444482
|move|p1a: Landorus|U-turn|p2a: Corviknight
|-resisted|p2a: Corviknight
|-damage|p2a: Corviknight|96/100
|-damage|p1a: Landorus|40/100 tox|[from] item: Rocky Helmet|[of] p2a: Corviknight
|
|t:|1760444485
|switch|p1a: Cinderace|Cinderace, F, shiny|78/100|[from] U-turn
|move|p2a: Corviknight|Bulk Up|p2a: Corviknight
|-boost|p2a: Corviknight|atk|1
|-boost|p2a: Corviknight|def|1
|
|upkeep
|turn|24
|
|t:|1760444493
|move|p1a: Cinderace|Will-O-Wisp|p2a: Corviknight|[miss]
|-miss|p1a: Cinderace|p2a: Corviknight
|move|p2a: Corviknight|Power Trip|p1a: Cinderace
|-damage|p1a: Cinderace|55/100
|
|upkeep
|turn|25
|
|t:|1760444499
|switch|p2a: Clodsire|Clodsire, F|86/100 brn
|move|p1a: Cinderace|Pyro Ball|p2a: Clodsire
|-damage|p2a: Clodsire|49/100 brn
|
|-heal|p2a: Clodsire|55/100 brn|[from] item: Leftovers
|-damage|p2a: Clodsire|49/100 brn|[from] brn
|upkeep
|turn|26
|
|t:|1760444513
|move|p1a: Cinderace|Pyro Ball|p2a: Clodsire
|-damage|p2a: Clodsire|12/100 brn
|move|p2a: Clodsire|Toxic|p1a: Cinderace
|-status|p1a: Cinderace|tox
|
|-heal|p2a: Clodsire|18/100 brn|[from] item: Leftovers
|-damage|p1a: Cinderace|49/100 tox|[from] psn
|-damage|p2a: Clodsire|12/100 brn|[from] brn
|upkeep
|turn|27
|
|t:|1760444525
|switch|p2a: Skeledirge|Skeledirge, M|100/100
|move|p1a: Cinderace|Pyro Ball|p2a: Skeledirge
|-resisted|p2a: Skeledirge
|-damage|p2a: Skeledirge|82/100
|
|-heal|p2a: Skeledirge|88/100|[from] item: Leftovers
|-damage|p1a: Cinderace|37/100 tox|[from] psn
|upkeep
|turn|28
|
|t:|1760444530
|move|p1a: Cinderace|Court Change|p1a: Cinderace
|-swapsideconditions
|-activate|p1a: Cinderace|move: Court Change
|move|p2a: Skeledirge|Torch Song|p1a: Cinderace
|-resisted|p1a: Cinderace
|-damage|p1a: Cinderace|21/100 tox
|-boost|p2a: Skeledirge|spa|1
|
|-heal|p2a: Skeledirge|94/100|[from] item: Leftovers
|-damage|p1a: Cinderace|3/100 tox|[from] psn
|upkeep
|turn|29
|
|t:|1760444539
|move|p1a: Cinderace|Pyro Ball|p2a: Skeledirge
|-resisted|p2a: Skeledirge
|-damage|p2a: Skeledirge|65/100
|move|p2a: Skeledirge|Torch Song|p1a: Cinderace
|-resisted|p1a: Cinderace
|-damage|p1a: Cinderace|0 fnt
|-boost|p2a: Skeledirge|spa|1
|faint|p1a: Cinderace
|
|-heal|p2a: Skeledirge|71/100|[from] item: Leftovers
|upkeep
|inactive|shucklebestmon56 has 120 seconds left.
|inactive|shucklebestmon56 has 90 seconds left.
|
|t:|1760444599
|switch|p1a: Landorus|Landorus-Therian, M, shiny|40/100 tox
|-ability|p1a: Landorus|Intimidate|boost
|-unboost|p2a: Skeledirge|atk|1
|turn|30
|
|t:|1760444605
|switch|p2a: Grimmsnarl|Grimmsnarl, M|81/100
|-damage|p2a: Grimmsnarl|64/100|[from] Spikes
|move|p1a: Landorus|Earthquake|p2a: Grimmsnarl
|-damage|p2a: Grimmsnarl|25/100
|
|-damage|p1a: Landorus|34/100 tox|[from] psn
|upkeep
|turn|31
|
|t:|1760444617
|switch|p2a: Corviknight|Corviknight, F|96/100
|move|p1a: Landorus|U-turn|p2a: Corviknight
|-resisted|p2a: Corviknight
|-damage|p2a: Corviknight|92/100
|-damage|p1a: Landorus|18/100 tox|[from] item: Rocky Helmet|[of] p2a: Corviknight
|inactive|shucklebestmon56 has 90 seconds left.
|
|t:|1760444641
|switch|p1a: Kyurem|Kyurem, shiny|100/100|[from] U-turn
|-ability|p1a: Kyurem|Pressure
|
|upkeep
|turn|32
|
|t:|1760444644
|move|p1a: Kyurem|Substitute|p1a: Kyurem
|-start|p1a: Kyurem|Substitute
|-damage|p1a: Kyurem|76/100
|move|p2a: Corviknight|Defog|p1a: Kyurem
|-sideend|p2: Shampoogini|Spikes|[from] move: Defog|[of] p2a: Corviknight
|
|-heal|p1a: Kyurem|82/100|[from] item: Leftovers
|upkeep
|turn|33
|
|t:|1760444652
|move|p1a: Kyurem|Freeze-Dry|p2a: Corviknight
|-damage|p2a: Corviknight|67/100
|move|p2a: Corviknight|Bulk Up|p2a: Corviknight
|-boost|p2a: Corviknight|atk|1
|-boost|p2a: Corviknight|def|1
|
|-heal|p1a: Kyurem|88/100|[from] item: Leftovers
|upkeep
|turn|34
|
|t:|1760444660
|move|p1a: Kyurem|Freeze-Dry|p2a: Corviknight
|-damage|p2a: Corviknight|43/100
|move|p2a: Corviknight|Roost|p2a: Corviknight
|-heal|p2a: Corviknight|93/100
|-singleturn|p2a: Corviknight|move: Roost
|
|-heal|p1a: Kyurem|94/100|[from] item: Leftovers
|upkeep
|turn|35
|
|t:|1760444682
|switch|p2a: Skeledirge|Skeledirge, M|71/100
|move|p1a: Kyurem|Freeze-Dry|p2a: Skeledirge
|-resisted|p2a: Skeledirge
|-damage|p2a: Skeledirge|58/100
|
|-heal|p1a: Kyurem|99/100|[from] item: Leftovers
|-heal|p2a: Skeledirge|64/100|[from] item: Leftovers
|upkeep
|turn|36
|
|t:|1760444687
|move|p1a: Kyurem|Earth Power|p2a: Skeledirge
|-supereffective|p2a: Skeledirge
|-damage|p2a: Skeledirge|18/100
|move|p2a: Skeledirge|Slack Off|p2a: Skeledirge
|-heal|p2a: Skeledirge|68/100
|
|-heal|p1a: Kyurem|100/100|[from] item: Leftovers
|-heal|p2a: Skeledirge|74/100|[from] item: Leftovers
|upkeep
|turn|37
|
|t:|1760444697
|switch|p2a: Clodsire|Clodsire, F|12/100 brn
|move|p1a: Kyurem|Earth Power|p2a: Clodsire
|-supereffective|p2a: Clodsire
|-damage|p2a: Clodsire|0 fnt
|faint|p2a: Clodsire
|
|upkeep
|
|t:|1760444700
|switch|p2a: Grimmsnarl|Grimmsnarl, M|25/100
|turn|38
|
|t:|1760444703
|move|p2a: Grimmsnarl|Light Screen|p2a: Grimmsnarl
|-sidestart|p2: Shampoogini|move: Light Screen
|move|p1a: Kyurem|Freeze-Dry|p2a: Grimmsnarl
|-damage|p2a: Grimmsnarl|7/100
|
|upkeep
|turn|39
|
|t:|1760444707
|move|p2a: Grimmsnarl|Reflect|p2a: Grimmsnarl
|-sidestart|p2: Shampoogini|Reflect
|move|p1a: Kyurem|Freeze-Dry|p2a: Grimmsnarl
|-damage|p2a: Grimmsnarl|0 fnt
|faint|p2a: Grimmsnarl
|
|upkeep
|
|t:|1760444711
|switch|p2a: Skeledirge|Skeledirge, M|74/100
|turn|40
|
|t:|1760444718
|move|p1a: Kyurem|Protect|p1a: Kyurem
|-singleturn|p1a: Kyurem|Protect
|move|p2a: Skeledirge|Torch Song|p1a: Kyurem
|-activate|p1a: Kyurem|move: Protect
|
|-heal|p2a: Skeledirge|80/100|[from] item: Leftovers
|upkeep
|turn|41
|
|t:|1760444725
|move|p1a: Kyurem|Earth Power|p2a: Skeledirge
|-supereffective|p2a: Skeledirge
|-damage|p2a: Skeledirge|56/100
|-unboost|p2a: Skeledirge|spd|1
|move|p2a: Skeledirge|Torch Song|p1a: Kyurem
|-damage|p1a: Kyurem|75/100
|-boost|p2a: Skeledirge|spa|1
|
|-heal|p1a: Kyurem|81/100|[from] item: Leftovers
|-heal|p2a: Skeledirge|62/100|[from] item: Leftovers
|upkeep
|turn|42
|
|t:|1760444732
|move|p1a: Kyurem|Protect|p1a: Kyurem
|-singleturn|p1a: Kyurem|Protect
|move|p2a: Skeledirge|Slack Off|p2a: Skeledirge
|-heal|p2a: Skeledirge|100/100
|
|-heal|p1a: Kyurem|87/100|[from] item: Leftovers
|upkeep
|turn|43
|
|t:|1760444736
|move|p1a: Kyurem|Earth Power|p2a: Skeledirge
|-supereffective|p2a: Skeledirge
|-damage|p2a: Skeledirge|66/100
|move|p2a: Skeledirge|Torch Song|p1a: Kyurem
|-crit|p1a: Kyurem
|-damage|p1a: Kyurem|24/100
|-boost|p2a: Skeledirge|spa|1
|
|-heal|p1a: Kyurem|31/100|[from] item: Leftovers
|-heal|p2a: Skeledirge|72/100|[from] item: Leftovers
|upkeep
|turn|44
|
|t:|1760444744
|move|p1a: Kyurem|Protect|p1a: Kyurem
|-singleturn|p1a: Kyurem|Protect
|move|p2a: Skeledirge|Slack Off|p2a: Skeledirge
|-heal|p2a: Skeledirge|100/100
|
|-heal|p1a: Kyurem|37/100|[from] item: Leftovers
|upkeep
|turn|45
|
|t:|1760444749
|move|p1a: Kyurem|Earth Power|p2a: Skeledirge
|-supereffective|p2a: Skeledirge
|-damage|p2a: Skeledirge|68/100
|move|p2a: Skeledirge|Torch Song|p1a: Kyurem
|-damage|p1a: Kyurem|0 fnt
|-boost|p2a: Skeledirge|spa|1
|faint|p1a: Kyurem
|
|-heal|p2a: Skeledirge|75/100|[from] item: Leftovers
|-sideend|p2: Shampoogini|move: Light Screen
|upkeep
|
|t:|1760444763
|switch|p1a: Iron Valiant|Iron Valiant|100/100
|-enditem|p1a: Iron Valiant|Booster Energy
|-activate|p1a: Iron Valiant|ability: Quark Drive|[fromitem]
|-start|p1a: Iron Valiant|quarkdrivespe
|turn|46
|
|t:|1760444770
|-terastallize|p1a: Iron Valiant|Ghost
|-terastallize|p2a: Skeledirge|Flying
|move|p1a: Iron Valiant|Shadow Ball|p2a: Skeledirge
|-damage|p2a: Skeledirge|28/100
|move|p2a: Skeledirge|Torch Song|p1a: Iron Valiant
|-damage|p1a: Iron Valiant|0 fnt
|-boost|p2a: Skeledirge|spa|1
|faint|p1a: Iron Valiant
|-end|p1a: Iron Valiant|Quark Drive|[silent]
|
|-heal|p2a: Skeledirge|34/100|[from] item: Leftovers
|-sideend|p2: Shampoogini|Reflect
|upkeep
|
|t:|1760444782
|switch|p1a: Slowking|Slowking-Galar, M, shiny|74/100 par
|turn|47
|
|t:|1760444791
|switch|p2a: Corviknight|Corviknight, F|93/100
|move|p1a: Slowking|Thunder Wave|p2a: Corviknight
|-status|p2a: Corviknight|par
|
|upkeep
|turn|48
|
|t:|1760444803
|cant|p2a: Corviknight|par
|cant|p1a: Slowking|par
|
|upkeep
|turn|49
|
|t:|1760444807
|cant|p2a: Corviknight|par
|move|p1a: Slowking|Psychic Noise|p2a: Corviknight
|-resisted|p2a: Corviknight
|-damage|p2a: Corviknight|83/100 par
|-start|p2a: Corviknight|move: Heal Block
|
|upkeep
|turn|50
|
|t:|1760444811
|switch|p2a: Skeledirge|Skeledirge, M, tera:Flying|34/100
|-prepare|p1a: Slowking|Chilly Reception|[premajor]
|cant|p1a: Slowking|par
|
|-heal|p2a: Skeledirge|41/100|[from] item: Leftovers
|upkeep
|turn|51
|
|t:|1760444820
|move|p2a: Skeledirge|Slack Off|p2a: Skeledirge
|-heal|p2a: Skeledirge|91/100
|cant|p1a: Slowking|par
|
|-heal|p2a: Skeledirge|97/100|[from] item: Leftovers
|upkeep
|turn|52
|
|t:|1760444828
|move|p2a: Skeledirge|Torch Song|p1a: Slowking
|-damage|p1a: Slowking|55/100 par
|-boost|p2a: Skeledirge|spa|1
|cant|p1a: Slowking|par
|
|-heal|p2a: Skeledirge|100/100|[from] item: Leftovers
|upkeep
|turn|53
|c|☆shucklebestmon56|...
|
|t:|1760444835
|move|p2a: Skeledirge|Shadow Ball|p1a: Slowking
|-supereffective|p1a: Slowking
|-damage|p1a: Slowking|5/100 par
|move|p1a: Slowking|Thunder Wave|p2a: Skeledirge
|-status|p2a: Skeledirge|par
|
|upkeep
|turn|54
|c|☆Shampoogini|That's rough man
|
|t:|1760444846
|switch|p1a: Landorus|Landorus-Therian, M, shiny|18/100 tox
|-ability|p1a: Landorus|Intimidate|boost
|-unboost|p2a: Skeledirge|atk|1
|move|p2a: Skeledirge|Torch Song|p1a: Landorus
|-damage|p1a: Landorus|0 fnt
|-boost|p2a: Skeledirge|spa|1
|faint|p1a: Landorus
|
|upkeep
|c|☆shucklebestmon56|fuck that shit
|c|☆Shampoogini|Lol
|
|t:|1760444875
|switch|p1a: Slowking|Slowking-Galar, M, shiny|38/100 par
|turn|55
|
|t:|1760444878
|move|p2a: Skeledirge|Shadow Ball|p1a: Slowking
|-supereffective|p1a: Slowking
|-damage|p1a: Slowking|0 fnt
|faint|p1a: Slowking
|
|upkeep
|
|t:|1760444881
|switch|p1a: Kingambit|Kingambit, F|100/100
|-activate|p1a: Kingambit|ability: Supreme Overlord
|-start|p1a: Kingambit|fallen5|[silent]
|turn|56
|
|t:|1760444898
|move|p1a: Kingambit|Kowtow Cleave|p2a: Skeledirge
|-damage|p2a: Skeledirge|47/100 par
|move|p2a: Skeledirge|Torch Song|p1a: Kingambit
|-supereffective|p1a: Kingambit
|-damage|p1a: Kingambit|0 fnt
|-boost|p2a: Skeledirge|spa|1
|faint|p1a: Kingambit
|-end|p1a: Kingambit|fallen5|[silent]
|
|win|Shampoogini
