|j|☆Dranzerzx
|j|☆gryan4
|t:|1760460254
|gametype|singles
|player|p1|Dranzerzx|marshal|1397
|player|p2|gryan4|doctor|1402
|gen|9
|tier|[Gen 9] OU
|rated|
|rule|HP Percentage Mod: HP is shown in percentages
|rule|Endless Battle Clause: Forcing endless battles is banned
|rule|Species Clause: Limit one of each Pokémon
|rule|OHKO Clause: OHKO moves are banned
|rule|Evasion Items Clause: Evasion items are banned
|rule|Evasion Moves Clause: Evasion moves are banned
|rule|Evasion Abilities Clause: Evasion abilities are banned
|rule|Sleep Moves Clause: Sleep-inducing moves are banned
|clearpoke
|poke|p1|Great Tusk|
|poke|p1|Slowking-Galar, F|
|poke|p1|Samurott-Hisui, F|
|poke|p1|Cinderace, M|
|poke|p1|Dragapult, F|
|poke|p1|Ogerpon-Wellspring, F|
|poke|p2|Cinderace, M|
|poke|p2|Mimikyu, F|
|poke|p2|Froslass, F|
|poke|p2|Ceruledge, F|
|poke|p2|Pecharunt|
|poke|p2|Dragapult, F|
|teampreview
|inactive|Battle timer is ON: inactive players will automatically lose when time's up. (requested by gryan4)
|
|t:|1760460261
|teamsize|p1|6
|teamsize|p2|6
|start
|switch|p1a: Dragapult|Dragapult, F, shiny|100/100
|switch|p2a: Cinderace|Cinderace, M|100/100
|turn|1
|
|t:|1760460266
|move|p2a: Cinderace|Sucker Punch|p1a: Dragapult
|-start|p2a: Cinderace|typechange|Dark|[from] ability: Libero
|-supereffective|p1a: Dragapult
|-damage|p1a: Dragapult|13/100
|move|p1a: Dragapult|Draco Meteor|p2a: Cinderace
|-damage|p2a: Cinderace|1/100
|-unboost|p1a: Dragapult|spa|2
|-damage|p1a: Dragapult|3/100|[from] item: Life Orb
|
|upkeep
|turn|2
|
|t:|1760460277
|move|p2a: Cinderace|Sucker Punch||[still]
|-fail|p2a: Cinderace
|move|p1a: Dragapult|Will-O-Wisp|p2a: Cinderace
|-status|p2a: Cinderace|brn
|
|-damage|p2a: Cinderace|0 fnt|[from] brn
|faint|p2a: Cinderace
|upkeep
|
|t:|1760460287
|switch|p2a: Mimikyu|Mimikyu, F|100/100
|turn|3
|
|t:|1760460289
|move|p2a: Mimikyu|Shadow Sneak|p1a: Dragapult
|-supereffective|p1a: Dragapult
|-damage|p1a: Dragapult|0 fnt
|faint|p1a: Dragapult
|-damage|p2a: Mimikyu|91/100|[from] item: Life Orb
|
|upkeep
|
|t:|1760460302
|switch|p1a: Cinderace|Cinderace, M, shiny|100/100
|turn|4
|
|t:|1760460307
|switch|p2a: Pecharunt|Pecharunt|100/100
|move|p1a: Cinderace|U-turn|p2a: Pecharunt
|-start|p1a: Cinderace|typechange|Bug|[from] ability: Libero
|-resisted|p2a: Pecharunt
|-damage|p2a: Pecharunt|93/100
|
|t:|1760460314
|switch|p1a: Samurott|Samurott-Hisui, F, shiny|100/100|[from] U-turn
|
|-heal|p2a: Pecharunt|99/100|[from] item: Leftovers
|upkeep
|turn|5
|
|t:|1760460318
|move|p1a: Samurott|Ceaseless Edge|p2a: Pecharunt
|-supereffective|p2a: Pecharunt
|-damage|p2a: Pecharunt|44/100
|-sidestart|p2: gryan4|Spikes
|move|p2a: Pecharunt|Malignant Chain|p1a: Samurott
|-damage|p1a: Samurott|39/100
|-status|p1a: Samurott|tox
|-start|p1a: Samurott|confusion|[from] ability: Poison Puppeteer|[of] p2a: Pecharunt
|
|-heal|p2a: Pecharunt|50/100|[from] item: Leftovers
|-damage|p1a: Samurott|33/100 tox|[from] psn
|upkeep
|turn|6
|
|t:|1760460327
|switch|p1a: Slowking|Slowking-Galar, F, shiny|100/100
|move|p2a: Pecharunt|Recover|p2a: Pecharunt
|-heal|p2a: Pecharunt|99/100
|
|-heal|p2a: Pecharunt|100/100|[from] item: Leftovers
|upkeep
|turn|7
|
|t:|1760460329
|switch|p2a: Froslass|Froslass, F|100/100
|-damage|p2a: Froslass|88/100|[from] Spikes
|-prepare|p1a: Slowking|Chilly Reception|[premajor]
|move|p1a: Slowking|Chilly Reception|p1a: Slowking
|-weather|Snowscape
|
|t:|1760460336
|switch|p1a: Cinderace|Cinderace, M, shiny|100/100|[from] Chilly Reception
|
|-weather|Snowscape|[upkeep]
|upkeep
|turn|8
|
|t:|1760460340
|move|p1a: Cinderace|U-turn|p2a: Froslass
|-start|p1a: Cinderace|typechange|Bug|[from] ability: Libero
|-resisted|p2a: Froslass
|-damage|p2a: Froslass|65/100
|-start|p1a: Cinderace|Disable|U-turn|[from] ability: Cursed Body|[of] p2a: Froslass
|
|t:|1760460345
|switch|p1a: Slowking|Slowking-Galar, F, shiny|100/100|[from] U-turn
|move|p2a: Froslass|Thunder Wave|p1a: Slowking
|-status|p1a: Slowking|par
|
|-weather|Snowscape|[upkeep]
|upkeep
|turn|9
|
|t:|1760460349
|move|p2a: Froslass|Spikes|p1a: Slowking
|-sidestart|p1: Dranzerzx|Spikes
|-prepare|p1a: Slowking|Chilly Reception|[premajor]
|cant|p1a: Slowking|par
|
|-weather|Snowscape|[upkeep]
|upkeep
|turn|10
|
|t:|1760460354
|switch|p1a: Cinderace|Cinderace, M, shiny|100/100
|-damage|p1a: Cinderace|88/100|[from] Spikes
|move|p2a: Froslass|Taunt|p1a: Cinderace
|-start|p1a: Cinderace|move: Taunt
|
|-weather|Snowscape|[upkeep]
|upkeep
|turn|11
|
|t:|1760460357
|move|p1a: Cinderace|Pyro Ball|p2a: Froslass
|-supereffective|p2a: Froslass
|-crit|p2a: Froslass
|-damage|p2a: Froslass|0 fnt
|faint|p2a: Froslass
|
|-weather|none
|upkeep
|
|t:|1760460361
|switch|p2a: Ceruledge|Ceruledge, F|100/100
|-damage|p2a: Ceruledge|88/100|[from] Spikes
|turn|12
|
|t:|1760460366
|switch|p1a: Great Tusk|Great Tusk, shiny|100/100
|move|p2a: Ceruledge|Bitter Blade|p1a: Great Tusk
|-damage|p1a: Great Tusk|76/100
|-heal|p2a: Ceruledge|100/100|[from] drain|[of] p1a: Great Tusk
|
|upkeep
|turn|13
|
|t:|1760460372
|move|p2a: Ceruledge|Swords Dance|p2a: Ceruledge
|-boost|p2a: Ceruledge|atk|2
|move|p1a: Great Tusk|Stealth Rock|p2a: Ceruledge
|-sidestart|p2: gryan4|move: Stealth Rock
|
|upkeep
|turn|14
|
|t:|1760460385
|move|p2a: Ceruledge|Bitter Blade|p1a: Great Tusk
|-damage|p1a: Great Tusk|29/100
|move|p1a: Great Tusk|Knock Off|p2a: Ceruledge
|-supereffective|p2a: Ceruledge
|-damage|p2a: Ceruledge|21/100
|-ability|p2a: Ceruledge|Weak Armor|boost
|-unboost|p2a: Ceruledge|def|1
|-boost|p2a: Ceruledge|spe|2
|-enditem|p2a: Ceruledge|Focus Sash|[from] move: Knock Off|[of] p1a: Great Tusk
|
|upkeep
|turn|15
|
|t:|1760460397
|move|p2a: Ceruledge|Bitter Blade|p1a: Great Tusk
|-damage|p1a: Great Tusk|0 fnt
|-heal|p2a: Ceruledge|42/100|[from] drain|[of] p1a: Great Tusk
|faint|p1a: Great Tusk
|-end|p1a: Great Tusk|Protosynthesis|[silent]
|
|upkeep
|
|t:|1760460402
|switch|p1a: Samurott|Samurott-Hisui, F, shiny|33/100 tox
|-damage|p1a: Samurott|20/100 tox|[from] Spikes
|turn|16
|
|t:|1760460405
|move|p1a: Samurott|Sucker Punch|p2a: Ceruledge
|-supereffective|p2a: Ceruledge
|-damage|p2a: Ceruledge|0 fnt
|faint|p2a: Ceruledge
|
|-damage|p1a: Samurott|14/100 tox|[from] psn
|upkeep
|
|t:|1760460417
|switch|p2a: Pecharunt|Pecharunt|100/100
|-damage|p2a: Pecharunt|88/100|[from] Spikes
|-damage|p2a: Pecharunt|76/100|[from] Stealth Rock
|turn|17
|
|t:|1760460419
|move|p2a: Pecharunt|Protect|p2a: Pecharunt
|-singleturn|p2a: Pecharunt|Protect
|move|p1a: Samurott|Knock Off|p2a: Pecharunt
|-activate|p2a: Pecharunt|move: Protect
|
|-heal|p2a: Pecharunt|82/100|[from] item: Leftovers
|-damage|p1a: Samurott|1/100 tox|[from] psn
|upkeep
|turn|18
|
|t:|1760460427
|move|p1a: Samurott|Ceaseless Edge|p2a: Pecharunt
|-supereffective|p2a: Pecharunt
|-damage|p2a: Pecharunt|22/100
|-sidestart|p2: gryan4|Spikes
|move|p2a: Pecharunt|Recover|p2a: Pecharunt
|-heal|p2a: Pecharunt|72/100
|
|-heal|p2a: Pecharunt|78/100|[from] item: Leftovers
|-damage|p1a: Samurott|0 fnt|[from] psn
|faint|p1a: Samurott
|upkeep
|
|t:|1760460439
|switch|p1a: Cinderace|Cinderace, M, shiny|88/100
|-damage|p1a: Cinderace|76/100|[from] Spikes
|turn|19
|
|t:|1760460443
|-terastallize|p1a: Cinderace|Fire
|move|p1a: Cinderace|Pyro Ball|p2a: Pecharunt
|-damage|p2a: Pecharunt|6/100
|move|p2a: Pecharunt|Malignant Chain|p1a: Cinderace
|-damage|p1a: Cinderace|13/100
|-status|p1a: Cinderace|tox
|-start|p1a: Cinderace|confusion|[from] ability: Poison Puppeteer|[of] p2a: Pecharunt
|
|-heal|p2a: Pecharunt|12/100|[from] item: Leftovers
|-damage|p1a: Cinderace|7/100 tox|[from] psn
|upkeep
|turn|20
|
|t:|1760460452
|-activate|p1a: Cinderace|confusion
|move|p1a: Cinderace|Pyro Ball|p2a: Pecharunt|[miss]
|-miss|p1a: Cinderace|p2a: Pecharunt
|move|p2a: Pecharunt|Recover|p2a: Pecharunt
|-heal|p2a: Pecharunt|62/100
|
|-heal|p2a: Pecharunt|68/100|[from] item: Leftovers
|-damage|p1a: Cinderace|0 fnt|[from] psn
|faint|p1a: Cinderace
|upkeep
|c|☆Dranzerzx|omds
|
|t:|1760460459
|switch|p1a: Slowking|Slowking-Galar, F, shiny|100/100 par
|turn|21
|
|t:|1760460463
|move|p2a: Pecharunt|Hex|p1a: Slowking
|-supereffective|p1a: Slowking
|-damage|p1a: Slowking|36/100 par
|move|p1a: Slowking|Thunder Wave|p2a: Pecharunt
|-status|p2a: Pecharunt|par
|
|-heal|p2a: Pecharunt|74/100 par|[from] item: Leftovers
|upkeep
|turn|22
|
|t:|1760460469
|move|p2a: Pecharunt|Hex|p1a: Slowking
|-supereffective|p1a: Slowking
|-damage|p1a: Slowking|0 fnt
|faint|p1a: Slowking
|
|-heal|p2a: Pecharunt|80/100 par|[from] item: Leftovers
|upkeep
|
|t:|1760460471
|switch|p1a: Ogerpon|Ogerpon-Wellspring, F|100/100
|-damage|p1a: Ogerpon|88/100|[from] Spikes
|turn|23
|
|t:|1760460476
|move|p1a: Ogerpon|Ivy Cudgel|p2a: Pecharunt|[anim] Ivy Cudgel Water
|-damage|p2a: Pecharunt|47/100 par
|move|p2a: Pecharunt|Malignant Chain|p1a: Ogerpon
|-supereffective|p1a: Ogerpon
|-damage|p1a: Ogerpon|0 fnt
|faint|p1a: Ogerpon
|
|win|gryan4
|raw|Dranzerzx's rating: 1397 &rarr; <strong>1377</strong><br />(-20 for losing)
|raw|gryan4's rating: 1402 &rarr; <strong>1422</strong><br />(+20 for winning)
|c|☆Dranzerzx|so bs
|l|☆Dranzerzx
|player|p1|
|c|☆gryan4|Lol
|l|☆gryan4
|player|p2|
