|j|☆Rapidashhhhh
|j|☆Not Slater
|t:|1760436261
|gametype|singles
|player|p1|Rapidashhhhh|benga|1139
|player|p2|Not Slater|266|1160
|gen|9
|tier|[Gen 9] OU
|rated|
|rule|HP Percentage Mod: HP is shown in percentages
|rule|Endless Battle Clause: Forcing endless battles is banned
|rule|Species Clause: Limit one of each Pokémon
|rule|OHKO Clause: OHKO moves are banned
|rule|Evasion Items Clause: Evasion items are banned
|rule|Evasion Moves Clause: Evasion moves are banned
|rule|Evasion Abilities Clause: Evasion abilities are banned
|rule|Sleep Moves Clause: Sleep-inducing moves are banned
|clearpoke
|poke|p1|Cetitan, M|
|poke|p1|Clodsire, F|
|poke|p1|Slowking, F|
|poke|p1|Ninetales-Alola, M|
|poke|p1|Kyurem|
|poke|p1|Weavile, F|
|poke|p2|Incineroar, M|
|poke|p2|Greninja-*, M|
|poke|p2|Meowscarada, F|
|poke|p2|Umbreon, F|
|poke|p2|Mandibuzz, F|
|poke|p2|Hydreigon, M|
|teampreview
|
|t:|1760436264
|teamsize|p1|6
|teamsize|p2|6
|start
|switch|p1a: Ice Fox|Ninetales-Alola, M|100/100
|switch|p2a: Hydreigon|Hydreigon, M|100/100
|-weather|Snowscape|[from] ability: Snow Warning|[of] p1a: Ice Fox
|turn|1
|inactive|Battle timer is ON: inactive players will automatically lose when time's up. (requested by Not Slater)
|
|t:|1760436282
|move|p2a: Hydreigon|Flash Cannon|p1a: Ice Fox
|-supereffective|p1a: Ice Fox
|-damage|p1a: Ice Fox|0 fnt
|faint|p1a: Ice Fox
|
|-weather|Snowscape|[upkeep]
|upkeep
|
|t:|1760436291
|switch|p1a: Ewaaaaa|Cetitan, M|100/100
|turn|2
|
|t:|1760436300
|move|p1a: Ewaaaaa|Icicle Crash|p2a: Hydreigon
|-supereffective|p2a: Hydreigon
|-damage|p2a: Hydreigon|0 fnt
|faint|p2a: Hydreigon
|
|-weather|Snowscape|[upkeep]
|upkeep
|
|t:|1760436310
|switch|p2a: Incineroar|Incineroar, M|100/100
|-ability|p2a: Incineroar|Intimidate|boost
|-unboost|p1a: Ewaaaaa|atk|1
|turn|3
|
|t:|1760436318
|-terastallize|p1a: Ewaaaaa|Ground
|move|p1a: Ewaaaaa|Earthquake|p2a: Incineroar
|-supereffective|p2a: Incineroar
|-damage|p2a: Incineroar|36/100
|move|p2a: Incineroar|Will-O-Wisp|p1a: Ewaaaaa
|-status|p1a: Ewaaaaa|brn
|
|-weather|Snowscape|[upkeep]
|-damage|p1a: Ewaaaaa|94/100 brn|[from] brn
|upkeep
|turn|4
|
|t:|1760436333
|switch|p2a: Umbreon|Umbreon, F|100/100
|move|p1a: Ewaaaaa|Earthquake|p2a: Umbreon
|-damage|p2a: Umbreon|91/100
|
|-weather|Snowscape|[upkeep]
|-heal|p2a: Umbreon|97/100|[from] item: Leftovers
|-damage|p1a: Ewaaaaa|88/100 brn|[from] brn
|upkeep
|turn|5
|
|t:|1760436343
|switch|p1a: (•_•)|Clodsire, F, shiny|100/100
|move|p2a: Umbreon|Wish|p2a: Umbreon
|
|-weather|Snowscape|[upkeep]
|-heal|p2a: Umbreon|100/100|[from] item: Leftovers
|upkeep
|turn|6
|
|t:|1760436366
|switch|p2a: Incineroar|Incineroar, M|36/100
|-ability|p2a: Incineroar|Intimidate|boost
|-unboost|p1a: (•_•)|atk|1
|move|p1a: (•_•)|Toxic|p2a: Incineroar
|-status|p2a: Incineroar|tox
|
|-weather|Snowscape|[upkeep]
|-heal|p2a: Incineroar|86/100 tox|[from] move: Wish|[wisher] Umbreon
|-damage|p2a: Incineroar|80/100 tox|[from] psn
|upkeep
|turn|7
|
|t:|1760436378
|move|p2a: Incineroar|Will-O-Wisp|p1a: (•_•)
|-status|p1a: (•_•)|brn
|move|p1a: (•_•)|Earthquake|p2a: Incineroar
|-supereffective|p2a: Incineroar
|-damage|p2a: Incineroar|61/100 tox
|
|-weather|Snowscape|[upkeep]
|-damage|p2a: Incineroar|49/100 tox|[from] psn
|-damage|p1a: (•_•)|94/100 brn|[from] brn
|upkeep
|turn|8
|
|t:|1760436390
|move|p2a: Incineroar|Knock Off|p1a: (•_•)
|-damage|p1a: (•_•)|55/100 brn
|-enditem|p1a: (•_•)|Black Sludge|[from] move: Knock Off|[of] p2a: Incineroar
|move|p1a: (•_•)|Toxic Spikes|p2a: Incineroar
|-sidestart|p2: Not Slater|move: Toxic Spikes
|
|-weather|none
|-damage|p2a: Incineroar|30/100 tox|[from] psn
|-damage|p1a: (•_•)|49/100 brn|[from] brn
|upkeep
|turn|9
|
|t:|1760436400
|switch|p2a: Mandibuzz|Mandibuzz, F|100/100
|switch|p1a: S-L-O-W|Slowking, F|100/100
|
|upkeep
|turn|10
|
|t:|1760436408
|move|p2a: Mandibuzz|Defog|p1a: S-L-O-W
|-unboost|p1a: S-L-O-W|evasion|1
|-sideend|p2: Not Slater|Toxic Spikes|[from] move: Defog|[of] p2a: Mandibuzz
|move|p1a: S-L-O-W|Nasty Plot|p1a: S-L-O-W
|-boost|p1a: S-L-O-W|spa|2
|
|upkeep
|turn|11
|
|t:|1760436418
|move|p2a: Mandibuzz|U-turn|p1a: S-L-O-W
|-supereffective|p1a: S-L-O-W
|-damage|p1a: S-L-O-W|80/100
|
|t:|1760436425
|switch|p2a: Umbreon|Umbreon, F|100/100|[from] U-turn
|move|p1a: S-L-O-W|Ice Beam|p2a: Umbreon
|-damage|p2a: Umbreon|64/100
|
|-heal|p2a: Umbreon|70/100|[from] item: Leftovers
|-heal|p1a: S-L-O-W|86/100|[from] item: Leftovers
|upkeep
|turn|12
|
|t:|1760436435
|move|p2a: Umbreon|Toxic|p1a: S-L-O-W
|-status|p1a: S-L-O-W|tox
|-prepare|p1a: S-L-O-W|Chilly Reception|[premajor]
|move|p1a: S-L-O-W|Chilly Reception|p1a: S-L-O-W
|-weather|Snowscape
|
|t:|1760436449
|switch|p1a: 0987654321|Kyurem|100/100|[from] Chilly Reception
|-ability|p1a: 0987654321|Pressure
|
|-weather|Snowscape|[upkeep]
|-heal|p2a: Umbreon|76/100|[from] item: Leftovers
|upkeep
|turn|13
|
|t:|1760436460
|move|p1a: 0987654321|Dragon Dance|p1a: 0987654321
|-boost|p1a: 0987654321|atk|1
|-boost|p1a: 0987654321|spe|1
|move|p2a: Umbreon|Toxic|p1a: 0987654321|[miss]
|-miss|p2a: Umbreon|p1a: 0987654321
|
|-weather|Snowscape|[upkeep]
|-heal|p2a: Umbreon|82/100|[from] item: Leftovers
|upkeep
|turn|14
|
|t:|1760436476
|move|p1a: 0987654321|Iron Head|p2a: Umbreon
|-damage|p2a: Umbreon|53/100
|cant|p2a: Umbreon|flinch
|
|-weather|Snowscape|[upkeep]
|-heal|p2a: Umbreon|59/100|[from] item: Leftovers
|upkeep
|turn|15
|
|t:|1760436485
|move|p1a: 0987654321|Stone Edge|p2a: Umbreon
|-damage|p2a: Umbreon|27/100
|move|p2a: Umbreon|Foul Play|p1a: 0987654321
|-damage|p1a: 0987654321|49/100
|
|-weather|Snowscape|[upkeep]
|-heal|p1a: 0987654321|55/100|[from] item: Leftovers
|-heal|p2a: Umbreon|33/100|[from] item: Leftovers
|upkeep
|turn|16
|
|t:|1760436494
|move|p1a: 0987654321|Stone Edge|p2a: Umbreon
|-damage|p2a: Umbreon|2/100
|move|p2a: Umbreon|Moonlight|p2a: Umbreon
|-heal|p2a: Umbreon|27/100
|
|-weather|none
|-heal|p1a: 0987654321|61/100|[from] item: Leftovers
|-heal|p2a: Umbreon|33/100|[from] item: Leftovers
|upkeep
|turn|17
|
|t:|1760436503
|move|p1a: 0987654321|Stone Edge|p2a: Umbreon
|-damage|p2a: Umbreon|0 fnt
|faint|p2a: Umbreon
|
|-heal|p1a: 0987654321|68/100|[from] item: Leftovers
|upkeep
|
|t:|1760436517
|switch|p2a: Mandibuzz|Mandibuzz, F|100/100
|turn|18
|
|t:|1760436523
|move|p1a: 0987654321|Dragon Dance|p1a: 0987654321
|-boost|p1a: 0987654321|atk|1
|-boost|p1a: 0987654321|spe|1
|move|p2a: Mandibuzz|Foul Play|p1a: 0987654321
|-damage|p1a: 0987654321|0 fnt
|faint|p1a: 0987654321
|
|upkeep
|
|t:|1760436532
|switch|p1a: S-L-O-W|Slowking, F|100/100 tox
|turn|19
|
|t:|1760436536
|move|p2a: Mandibuzz|U-turn|p1a: S-L-O-W
|-supereffective|p1a: S-L-O-W
|-damage|p1a: S-L-O-W|81/100 tox
|
|t:|1760436558
|switch|p2a: Meowscarada|Meowscarada, F|100/100|[from] U-turn
|-prepare|p1a: S-L-O-W|Chilly Reception|[premajor]
|move|p1a: S-L-O-W|Chilly Reception|p1a: S-L-O-W
|-weather|Snowscape
|
|t:|1760436568
|switch|p1a: Wafer|Weavile, F|100/100|[from] Chilly Reception
|
|-weather|Snowscape|[upkeep]
|upkeep
|turn|20
|
|t:|1760436589
|switch|p2a: Incineroar|Incineroar, M|30/100 tox
|-ability|p2a: Incineroar|Intimidate|boost
|-unboost|p1a: Wafer|atk|1
|move|p1a: Wafer|Ice Shard|p2a: Incineroar
|-resisted|p2a: Incineroar
|-damage|p2a: Incineroar|22/100 tox
|
|-weather|Snowscape|[upkeep]
|-damage|p2a: Incineroar|16/100 tox|[from] psn
|upkeep
|turn|21
|
|t:|1760436604
|switch|p1a: Ewaaaaa|Cetitan, M, tera:Ground|88/100 brn
|move|p2a: Incineroar|Will-O-Wisp|p1a: Ewaaaaa
|-fail|p1a: Ewaaaaa|brn
|
|-weather|Snowscape|[upkeep]
|-damage|p2a: Incineroar|3/100 tox|[from] psn
|-damage|p1a: Ewaaaaa|82/100 brn|[from] brn
|upkeep
|turn|22
|
|t:|1760436620
|move|p1a: Ewaaaaa|Icicle Crash|p2a: Incineroar
|-resisted|p2a: Incineroar
|-damage|p2a: Incineroar|0 fnt
|faint|p2a: Incineroar
|
|-weather|Snowscape|[upkeep]
|-damage|p1a: Ewaaaaa|76/100 brn|[from] brn
|upkeep
|inactive|Not Slater has 120 seconds left.
|
|t:|1760436645
|switch|p2a: Greninja|Greninja, M|100/100
|turn|23
|
|t:|1760436668
|switch|p1a: S-L-O-W|Slowking, F|100/100 tox
|move|p2a: Greninja|Surf|p1a: S-L-O-W
|-start|p2a: Greninja|typechange|Water|[from] ability: Protean
|-resisted|p1a: S-L-O-W
|-damage|p1a: S-L-O-W|77/100 tox
|
|-weather|none
|-heal|p1a: S-L-O-W|83/100 tox|[from] item: Leftovers
|-damage|p1a: S-L-O-W|77/100 tox|[from] psn
|upkeep
|turn|24
|
|t:|1760436684
|switch|p2a: Mandibuzz|Mandibuzz, F|100/100
|-prepare|p1a: S-L-O-W|Chilly Reception|[premajor]
|move|p1a: S-L-O-W|Chilly Reception|p1a: S-L-O-W
|-weather|Snowscape
|
|t:|1760436690
|switch|p1a: (•_•)|Clodsire, F, shiny|49/100 brn|[from] Chilly Reception
|
|-weather|Snowscape|[upkeep]
|-damage|p1a: (•_•)|43/100 brn|[from] brn
|upkeep
|turn|25
|
|t:|1760436699
|move|p2a: Mandibuzz|Foul Play|p1a: (•_•)
|-damage|p1a: (•_•)|16/100 brn
|move|p1a: (•_•)|Recover|p1a: (•_•)
|-heal|p1a: (•_•)|66/100 brn
|
|-weather|Snowscape|[upkeep]
|-damage|p1a: (•_•)|60/100 brn|[from] brn
|upkeep
|turn|26
|
|t:|1760436709
|move|p2a: Mandibuzz|Foul Play|p1a: (•_•)
|-crit|p1a: (•_•)
|-damage|p1a: (•_•)|15/100 brn
|move|p1a: (•_•)|Toxic|p2a: Mandibuzz
|-status|p2a: Mandibuzz|tox
|
|-weather|Snowscape|[upkeep]
|-damage|p2a: Mandibuzz|94/100 tox|[from] psn
|-damage|p1a: (•_•)|8/100 brn|[from] brn
|upkeep
|turn|27
|inactive|Not Slater has 120 seconds left.
|
|t:|1760436728
|switch|p1a: Ewaaaaa|Cetitan, M, tera:Ground|76/100 brn
|move|p2a: Mandibuzz|Foul Play|p1a: Ewaaaaa
|-damage|p1a: Ewaaaaa|29/100 brn
|
|-weather|Snowscape|[upkeep]
|-damage|p2a: Mandibuzz|82/100 tox|[from] psn
|-damage|p1a: Ewaaaaa|23/100 brn|[from] brn
|upkeep
|turn|28
|
|t:|1760436737
|move|p1a: Ewaaaaa|Icicle Crash|p2a: Mandibuzz
|-supereffective|p2a: Mandibuzz
|-damage|p2a: Mandibuzz|50/100 tox
|cant|p2a: Mandibuzz|flinch
|
|-weather|none
|-damage|p2a: Mandibuzz|32/100 tox|[from] psn
|-damage|p1a: Ewaaaaa|16/100 brn|[from] brn
|upkeep
|turn|29
|inactive|Not Slater has 120 seconds left.
|
|t:|1760436747
|move|p1a: Ewaaaaa|Icicle Crash|p2a: Mandibuzz
|-supereffective|p2a: Mandibuzz
|-damage|p2a: Mandibuzz|0 fnt
|faint|p2a: Mandibuzz
|
|-damage|p1a: Ewaaaaa|10/100 brn|[from] brn
|upkeep
|inactive|Not Slater has 120 seconds left.
|
|t:|1760436762
|switch|p2a: Meowscarada|Meowscarada, F|100/100
|turn|30
|
|t:|1760436766
|switch|p1a: S-L-O-W|Slowking, F|100/100 tox
|move|p2a: Meowscarada|Flower Trick|p1a: S-L-O-W
|-start|p2a: Meowscarada|typechange|Grass|[from] ability: Protean
|-supereffective|p1a: S-L-O-W
|-crit|p1a: S-L-O-W
|-damage|p1a: S-L-O-W|0 fnt
|faint|p1a: S-L-O-W
|
|upkeep
|
|t:|1760436778
|switch|p1a: Wafer|Weavile, F|100/100
|turn|31
|
|t:|1760436797
|switch|p2a: Greninja|Greninja, M|100/100
|move|p1a: Wafer|Low Kick|p2a: Greninja
|-supereffective|p2a: Greninja
|-damage|p2a: Greninja|10/100
|
|upkeep
|turn|32
|
|t:|1760436814
|-terastallize|p2a: Greninja|Ghost
|move|p1a: Wafer|Low Kick|p2a: Greninja
|-immune|p2a: Greninja
|move|p2a: Greninja|Surf|p1a: Wafer
|-damage|p1a: Wafer|14/100
|
|upkeep
|turn|33
|
|t:|1760436823
|switch|p1a: (•_•)|Clodsire, F, shiny|8/100 brn
|move|p2a: Greninja|Surf|p1a: (•_•)
|-supereffective|p1a: (•_•)
|-damage|p1a: (•_•)|0 fnt
|faint|p1a: (•_•)
|
|upkeep
|
|t:|1760436831
|switch|p1a: Wafer|Weavile, F|14/100
|turn|34
|
|t:|1760436839
|move|p1a: Wafer|Icicle Crash|p2a: Greninja|[miss]
|-miss|p1a: Wafer|p2a: Greninja
|move|p2a: Greninja|Surf|p1a: Wafer
|-damage|p1a: Wafer|0 fnt
|faint|p1a: Wafer
|
|upkeep
|-message|Rapidashhhhh forfeited.
|
|win|Not Slater
|raw|Rapidashhhhh's rating: 1139 &rarr; <strong>1116</strong><br />(-23 for losing)
|raw|Not Slater's rating: 1160 &rarr; <strong>1183</strong><br />(+23 for winning)
|l|☆Rapidashhhhh
|player|p1|
|l|☆Not Slater
|player|p2|
