|j|☆jop90
|j|☆AlxiZ⏣⏑⏣
|t:|1760414232
|gametype|singles
|player|p1|jop90|266|1381
|player|p2|AlxiZ⏣⏑⏣|miku-water|1324
|gen|9
|tier|[Gen 9] OU
|rated|
|rule|HP Percentage Mod: HP is shown in percentages
|rule|Endless Battle Clause: Forcing endless battles is banned
|rule|Species Clause: Limit one of each Pokémon
|rule|OHKO Clause: OHKO moves are banned
|rule|Evasion Items Clause: Evasion items are banned
|rule|Evasion Moves Clause: Evasion moves are banned
|rule|Evasion Abilities Clause: Evasion abilities are banned
|rule|Sleep Moves Clause: Sleep-inducing moves are banned
|clearpoke
|poke|p1|Araquanid, F|
|poke|p1|Scizor, F|
|poke|p1|Lokix, M|
|poke|p1|Yanmega, F|
|poke|p1|Forretress, F|
|poke|p1|Ribombee, F|
|poke|p2|Garchomp, M|
|poke|p2|Darkrai|
|poke|p2|Gholdengo|
|poke|p2|Ogerpon-Wellspring, F|
|poke|p2|Iron Valiant|
|poke|p2|Iron Treads|
|teampreview
|c|☆AlxiZ⏣⏑⏣|glhf
|c|☆jop90|hf
|inactive|Battle timer is ON: inactive players will automatically lose when time's up. (requested by AlxiZ⏣⏑⏣)
|
|t:|1760414252
|teamsize|p1|6
|teamsize|p2|6
|start
|switch|p1a: Lokix|Lokix, M|100/100
|switch|p2a: Garchomp|Garchomp, M|100/100
|turn|1
|
|t:|1760414257
|move|p1a: Lokix|U-turn|p2a: Garchomp
|-damage|p2a: Garchomp|73/100
|-damage|p1a: Lokix|88/100|[from] ability: Rough Skin|[of] p2a: Garchomp
|-damage|p1a: Lokix|72/100|[from] item: Rocky Helmet|[of] p2a: Garchomp
|
|t:|1760414260
|switch|p1a: Ribombee|Ribombee, F|100/100|[from] U-turn
|move|p2a: Garchomp|Stealth Rock|p1a: Ribombee
|-sidestart|p1: jop90|move: Stealth Rock
|
|upkeep
|turn|2
|
|t:|1760414265
|switch|p2a: Iron Treads|Iron Treads|100/100
|move|p1a: Ribombee|Moonblast|p2a: Iron Treads
|-resisted|p2a: Iron Treads
|-damage|p2a: Iron Treads|81/100
|-unboost|p2a: Iron Treads|spa|1
|
|-heal|p2a: Iron Treads|87/100|[from] item: Leftovers
|upkeep
|turn|3
|
|t:|1760414274
|move|p1a: Ribombee|Stun Spore|p2a: Iron Treads
|-status|p2a: Iron Treads|par
|move|p2a: Iron Treads|Rapid Spin|p1a: Ribombee
|-damage|p1a: Ribombee|76/100
|-boost|p2a: Iron Treads|spe|1
|
|-heal|p2a: Iron Treads|93/100 par|[from] item: Leftovers
|upkeep
|turn|4
|
|t:|1760414280
|switch|p1a: Forretress|Forretress, F|100/100
|-damage|p1a: Forretress|88/100|[from] Stealth Rock
|cant|p2a: Iron Treads|par
|
|-heal|p2a: Iron Treads|99/100 par|[from] item: Leftovers
|-heal|p1a: Forretress|94/100|[from] item: Leftovers
|upkeep
|turn|5
|
|t:|1760414290
|move|p2a: Iron Treads|Knock Off|p1a: Forretress
|-damage|p1a: Forretress|81/100
|-enditem|p1a: Forretress|Leftovers|[from] move: Knock Off|[of] p2a: Iron Treads
|move|p1a: Forretress|Volt Switch|p2a: Iron Treads
|-immune|p2a: Iron Treads
|
|-heal|p2a: Iron Treads|100/100 par|[from] item: Leftovers
|upkeep
|turn|6
|
|t:|1760414302
|cant|p2a: Iron Treads|par
|move|p1a: Forretress|Rapid Spin|p2a: Iron Treads
|-resisted|p2a: Iron Treads
|-damage|p2a: Iron Treads|96/100 par
|-boost|p1a: Forretress|spe|1
|-sideend|p1: jop90|Stealth Rock|[from] move: Rapid Spin|[of] p1a: Forretress
|
|-heal|p2a: Iron Treads|100/100 par|[from] item: Leftovers
|upkeep
|turn|7
|
|t:|1760414308
|-end|p2a: Iron Treads|Quark Drive|[silent]
|switch|p2a: Garchomp|Garchomp, M|73/100
|move|p1a: Forretress|Body Press|p2a: Garchomp
|-damage|p2a: Garchomp|53/100
|-damage|p1a: Forretress|68/100|[from] ability: Rough Skin|[of] p2a: Garchomp
|-damage|p1a: Forretress|52/100|[from] item: Rocky Helmet|[of] p2a: Garchomp
|
|upkeep
|turn|8
|
|t:|1760414318
|switch|p1a: Yanmega|Yanmega, F|100/100
|move|p2a: Garchomp|Earthquake|p1a: Yanmega
|-immune|p1a: Yanmega
|
|upkeep
|turn|9
|
|t:|1760414322
|move|p1a: Yanmega|Bug Buzz|p2a: Garchomp
|-damage|p2a: Garchomp|0 fnt
|faint|p2a: Garchomp
|
|upkeep
|
|t:|1760414330
|switch|p2a: Iron Valiant|Iron Valiant|100/100
|-enditem|p2a: Iron Valiant|Booster Energy
|-activate|p2a: Iron Valiant|ability: Quark Drive|[fromitem]
|-start|p2a: Iron Valiant|quarkdrivespe
|turn|10
|
|t:|1760414342
|switch|p1a: Forretress|Forretress, F|52/100
|move|p2a: Iron Valiant|Encore||[still]
|-fail|p2a: Iron Valiant
|
|upkeep
|turn|11
|
|t:|1760414348
|-terastallize|p2a: Iron Valiant|Electric
|move|p2a: Iron Valiant|Calm Mind|p2a: Iron Valiant
|-boost|p2a: Iron Valiant|spa|1
|-boost|p2a: Iron Valiant|spd|1
|move|p1a: Forretress|Gyro Ball|p2a: Iron Valiant
|-resisted|p2a: Iron Valiant
|-damage|p2a: Iron Valiant|70/100
|
|upkeep
|turn|12
|
|t:|1760414359
|switch|p1a: Ribombee|Ribombee, F|76/100
|move|p2a: Iron Valiant|Thunderbolt|p1a: Ribombee
|-damage|p1a: Ribombee|0 fnt
|faint|p1a: Ribombee
|
|upkeep
|
|t:|1760414361
|switch|p1a: Lokix|Lokix, M|72/100
|turn|13
|
|t:|1760414372
|-end|p2a: Iron Valiant|Quark Drive|[silent]
|switch|p2a: Iron Treads|Iron Treads|100/100 par
|-terastallize|p1a: Lokix|Bug
|move|p1a: Lokix|First Impression|p2a: Iron Treads
|-resisted|p2a: Iron Treads
|-damage|p2a: Iron Treads|29/100 par
|
|-heal|p2a: Iron Treads|35/100 par|[from] item: Leftovers
|upkeep
|turn|14
|
|t:|1760414380
|switch|p1a: Forretress|Forretress, F|52/100
|move|p2a: Iron Treads|Knock Off|p1a: Forretress
|-damage|p1a: Forretress|43/100
|
|-heal|p2a: Iron Treads|41/100 par|[from] item: Leftovers
|upkeep
|turn|15
|
|t:|1760414386
|-end|p2a: Iron Treads|Quark Drive|[silent]
|switch|p2a: Ogerpon|Ogerpon-Wellspring, F|100/100
|move|p1a: Forretress|Body Press|p2a: Ogerpon
|-damage|p2a: Ogerpon|61/100
|
|upkeep
|turn|16
|
|t:|1760414391
|move|p2a: Ogerpon|Synthesis|p2a: Ogerpon
|-heal|p2a: Ogerpon|100/100
|move|p1a: Forretress|Volt Switch|p2a: Ogerpon
|-damage|p2a: Ogerpon|89/100
|
|t:|1760414399
|switch|p1a: Lokix|Lokix, M, tera:Bug|72/100|[from] Volt Switch
|
|upkeep
|turn|17
|
|t:|1760414403
|switch|p2a: Iron Treads|Iron Treads|41/100 par
|move|p1a: Lokix|First Impression|p2a: Iron Treads
|-resisted|p2a: Iron Treads
|-damage|p2a: Iron Treads|0 fnt
|faint|p2a: Iron Treads
|-end|p2a: Iron Treads|Quark Drive|[silent]
|
|upkeep
|
|t:|1760414410
|switch|p2a: Iron Valiant|Iron Valiant, tera:Electric|70/100
|turn|18
|
|t:|1760414422
|switch|p1a: Araquanid|Araquanid, F|100/100
|move|p2a: Iron Valiant|Calm Mind|p2a: Iron Valiant
|-boost|p2a: Iron Valiant|spa|1
|-boost|p2a: Iron Valiant|spd|1
|
|upkeep
|turn|19
|j| think luis
|
|t:|1760414428
|move|p2a: Iron Valiant|Thunderbolt|p1a: Araquanid
|-supereffective|p1a: Araquanid
|-damage|p1a: Araquanid|26/100
|move|p1a: Araquanid|Liquidation|p2a: Iron Valiant
|-damage|p2a: Iron Valiant|0 fnt
|faint|p2a: Iron Valiant
|-end|p2a: Iron Valiant|Quark Drive|[silent]
|
|upkeep
|
|t:|1760414438
|switch|p2a: Gholdengo|Gholdengo|100/100
|-item|p2a: Gholdengo|Air Balloon
|turn|20
|
|t:|1760414451
|switch|p2a: Ogerpon|Ogerpon-Wellspring, F|89/100
|move|p1a: Araquanid|Liquidation|p2a: Ogerpon
|-heal|p2a: Ogerpon|100/100|[from] ability: Water Absorb|[of] p1a: Araquanid
|
|upkeep
|turn|21
|c|☆AlxiZ⏣⏑⏣|hi think luis
|
|t:|1760414461
|move|p2a: Ogerpon|Swords Dance|p2a: Ogerpon
|-boost|p2a: Ogerpon|atk|2
|move|p1a: Araquanid|Leech Life|p2a: Ogerpon
|-supereffective|p2a: Ogerpon
|-damage|p2a: Ogerpon|35/100
|-heal|p1a: Araquanid|58/100|[from] drain|[of] p2a: Ogerpon
|
|upkeep
|turn|22
|
|t:|1760414466
|switch|p1a: Forretress|Forretress, F|43/100
|move|p2a: Ogerpon|Trailblaze|p1a: Forretress
|-resisted|p1a: Forretress
|-damage|p1a: Forretress|35/100
|-boost|p2a: Ogerpon|spe|1
|
|upkeep
|turn|23
|
|t:|1760414475
|move|p2a: Ogerpon|Ivy Cudgel|p1a: Forretress|[anim] Ivy Cudgel Water
|-damage|p1a: Forretress|0 fnt
|faint|p1a: Forretress
|
|upkeep
|
|t:|1760414477
|switch|p1a: Lokix|Lokix, M, tera:Bug|72/100
|turn|24
|
|t:|1760414484
|switch|p2a: Gholdengo|Gholdengo|100/100
|-item|p2a: Gholdengo|Air Balloon
|move|p1a: Lokix|First Impression|p2a: Gholdengo
|-resisted|p2a: Gholdengo
|-damage|p2a: Gholdengo|72/100
|-enditem|p2a: Gholdengo|Air Balloon
|
|upkeep
|turn|25
|inactive|jop90 has 120 seconds left.
|
|t:|1760414517
|switch|p1a: Araquanid|Araquanid, F|58/100
|move|p2a: Gholdengo|Thunder Wave|p1a: Araquanid
|-status|p1a: Araquanid|par
|
|upkeep
|turn|26
|
|t:|1760414526
|move|p2a: Gholdengo|Hex|p1a: Araquanid
|-damage|p1a: Araquanid|26/100 par
|move|p1a: Araquanid|Leech Life|p2a: Gholdengo
|-resisted|p2a: Gholdengo
|-damage|p2a: Gholdengo|67/100
|-heal|p1a: Araquanid|29/100 par|[from] drain|[of] p2a: Gholdengo
|
|upkeep
|turn|27
|inactive|jop90 has 120 seconds left.
|
|t:|1760414550
|move|p2a: Gholdengo|Recover|p2a: Gholdengo
|-heal|p2a: Gholdengo|100/100
|move|p1a: Araquanid|Liquidation|p2a: Gholdengo
|-damage|p2a: Gholdengo|57/100
|
|upkeep
|turn|28
|
|t:|1760414557
|move|p2a: Gholdengo|Recover|p2a: Gholdengo
|-heal|p2a: Gholdengo|100/100
|move|p1a: Araquanid|Liquidation|p2a: Gholdengo
|-crit|p2a: Gholdengo
|-damage|p2a: Gholdengo|38/100
|
|upkeep
|turn|29
|
|t:|1760414563
|switch|p2a: Ogerpon|Ogerpon-Wellspring, F|35/100
|cant|p1a: Araquanid|par
|
|upkeep
|turn|30
|
|t:|1760414572
|move|p2a: Ogerpon|Synthesis|p2a: Ogerpon
|-heal|p2a: Ogerpon|85/100
|move|p1a: Araquanid|Leech Life|p2a: Ogerpon
|-supereffective|p2a: Ogerpon
|-damage|p2a: Ogerpon|18/100
|-heal|p1a: Araquanid|62/100 par|[from] drain|[of] p2a: Ogerpon
|
|upkeep
|turn|31
|
|t:|1760414578
|switch|p2a: Gholdengo|Gholdengo|38/100
|move|p1a: Araquanid|Leech Life|p2a: Gholdengo
|-resisted|p2a: Gholdengo
|-damage|p2a: Gholdengo|33/100
|-heal|p1a: Araquanid|65/100 par|[from] drain|[of] p2a: Gholdengo
|
|upkeep
|turn|32
|
|t:|1760414596
|switch|p1a: Yanmega|Yanmega, F|100/100
|move|p2a: Gholdengo|Recover|p2a: Gholdengo
|-heal|p2a: Gholdengo|83/100
|
|upkeep
|turn|33
|
|t:|1760414602
|move|p1a: Yanmega|Air Slash|p2a: Gholdengo
|-resisted|p2a: Gholdengo
|-damage|p2a: Gholdengo|30/100
|move|p2a: Gholdengo|Thunder Wave|p1a: Yanmega|[miss]
|-miss|p2a: Gholdengo|p1a: Yanmega
|
|upkeep
|turn|34
|
|t:|1760414609
|switch|p2a: Darkrai|Darkrai|100/100
|move|p1a: Yanmega|Air Slash|p2a: Darkrai
|-damage|p2a: Darkrai|16/100
|
|upkeep
|turn|35
|
|t:|1760414627
|move|p2a: Darkrai|Ice Beam|p1a: Yanmega
|-supereffective|p1a: Yanmega
|-damage|p1a: Yanmega|0 fnt
|faint|p1a: Yanmega
|
|upkeep
|
|t:|1760414632
|switch|p1a: Lokix|Lokix, M, tera:Bug|72/100
|turn|36
|
|t:|1760414636
|move|p1a: Lokix|First Impression|p2a: Darkrai
|-supereffective|p2a: Darkrai
|-damage|p2a: Darkrai|0 fnt
|faint|p2a: Darkrai
|
|upkeep
|
|t:|1760414641
|switch|p2a: Ogerpon|Ogerpon-Wellspring, F|18/100
|turn|37
|
|t:|1760414670
|switch|p1a: Araquanid|Araquanid, F|65/100 par
|move|p2a: Ogerpon|Synthesis|p2a: Ogerpon
|-heal|p2a: Ogerpon|68/100
|
|upkeep
|turn|38
|
|t:|1760414678
|move|p2a: Ogerpon|Swords Dance|p2a: Ogerpon
|-boost|p2a: Ogerpon|atk|2
|move|p1a: Araquanid|Leech Life|p2a: Ogerpon
|-supereffective|p2a: Ogerpon
|-damage|p2a: Ogerpon|0 fnt
|-heal|p1a: Araquanid|99/100 par|[from] drain|[of] p2a: Ogerpon
|faint|p2a: Ogerpon
|
|upkeep
|
|t:|1760414681
|switch|p2a: Gholdengo|Gholdengo|30/100
|turn|39
|
|t:|1760414698
|move|p2a: Gholdengo|Recover|p2a: Gholdengo
|-heal|p2a: Gholdengo|80/100
|move|p1a: Araquanid|Liquidation|p2a: Gholdengo
|-damage|p2a: Gholdengo|38/100
|-unboost|p2a: Gholdengo|def|1
|
|upkeep
|turn|40
|
|t:|1760414703
|move|p2a: Gholdengo|Hex|p1a: Araquanid
|-damage|p1a: Araquanid|67/100 par
|cant|p1a: Araquanid|par
|
|upkeep
|turn|41
|-message|AlxiZ⏣⏑⏣ forfeited.
|
|win|jop90
|raw|jop90's rating: 1381 &rarr; <strong>1398</strong><br />(+17 for winning)
|raw|AlxiZ⏣⏑⏣'s rating: 1324 &rarr; <strong>1307</strong><br />(-17 for losing)
|l|☆AlxiZ⏣⏑⏣
|player|p2|
|l|☆jop90
|player|p1|
