|j|☆Korkie
|j|☆b42069
|t:|1760460600
|gametype|singles
|player|p1|Korkie|backersf|1174
|player|p2|b42069|psychic-gen4|1227
|gen|9
|tier|[Gen 9] OU
|rated|
|rule|HP Percentage Mod: HP is shown in percentages
|rule|Endless Battle Clause: Forcing endless battles is banned
|rule|Species Clause: Limit one of each Pokémon
|rule|OHKO Clause: OHKO moves are banned
|rule|Evasion Items Clause: Evasion items are banned
|rule|Evasion Moves Clause: Evasion moves are banned
|rule|Evasion Abilities Clause: Evasion abilities are banned
|rule|Sleep Moves Clause: Sleep-inducing moves are banned
|clearpoke
|poke|p1|Overqwil, M|
|poke|p1|Cresselia, F|
|poke|p1|Ursaluna, F|
|poke|p1|Pelipper, F|
|poke|p1|Ogerpon-Cornerstone, F|
|poke|p1|Scizor, F|
|poke|p2|Iron Boulder|
|poke|p2|Alomomola, M|
|poke|p2|Galvantula, F|
|poke|p2|Thundurus-Therian, M|
|poke|p2|Hitmontop, M|
|poke|p2|Gholdengo|
|teampreview
|inactive|Battle timer is ON: inactive players will automatically lose when time's up. (requested by Korkie)
|
|t:|1760460611
|teamsize|p1|6
|teamsize|p2|6
|start
|switch|p1a: Ogerpon|Ogerpon-Cornerstone, F|100/100
|switch|p2a: Galvantula|Galvantula, F, shiny|100/100
|turn|1
|
|t:|1760460618
|switch|p2a: Hitmontop|Hitmontop, M|100/100
|-ability|p2a: Hitmontop|Intimidate|boost
|-unboost|p1a: Ogerpon|atk|1
|move|p1a: Ogerpon|Ivy Cudgel|p2a: Hitmontop|[anim] Ivy Cudgel Rock
|-resisted|p2a: Hitmontop
|-damage|p2a: Hitmontop|80/100
|
|upkeep
|turn|2
|
|t:|1760460624
|move|p1a: Ogerpon|Play Rough|p2a: Hitmontop
|-supereffective|p2a: Hitmontop
|-damage|p2a: Hitmontop|30/100
|move|p2a: Hitmontop|Close Combat|p1a: Ogerpon
|-supereffective|p1a: Ogerpon
|-ability|p1a: Ogerpon|Sturdy
|-damage|p1a: Ogerpon|1/100
|-unboost|p2a: Hitmontop|def|1
|-unboost|p2a: Hitmontop|spd|1
|
|upkeep
|turn|3
|
|t:|1760460629
|switch|p1a: Pelipper|Pelipper, F|100/100
|-weather|RainDance|[from] ability: Drizzle|[of] p1a: Pelipper
|move|p2a: Hitmontop|Bullet Punch|p1a: Pelipper
|-resisted|p1a: Pelipper
|-damage|p1a: Pelipper|95/100
|
|-weather|RainDance|[upkeep]
|upkeep
|turn|4
|
|t:|1760460640
|switch|p2a: Gholdengo|Gholdengo|100/100
|-item|p2a: Gholdengo|Air Balloon
|move|p1a: Pelipper|U-turn|p2a: Gholdengo
|-resisted|p2a: Gholdengo
|-damage|p2a: Gholdengo|99/100
|-enditem|p2a: Gholdengo|Air Balloon
|
|t:|1760460643
|switch|p1a: Overqwil|Overqwil, M|100/100|[from] U-turn
|
|-weather|RainDance|[upkeep]
|upkeep
|turn|5
|
|t:|1760460655
|switch|p2a: Hitmontop|Hitmontop, M|30/100
|-ability|p2a: Hitmontop|Intimidate|boost
|-unboost|p1a: Overqwil|atk|1
|move|p1a: Overqwil|Swords Dance|p1a: Overqwil
|-boost|p1a: Overqwil|atk|2
|
|-weather|RainDance|[upkeep]
|upkeep
|turn|6
|
|t:|1760460660
|move|p2a: Hitmontop|Bullet Punch|p1a: Overqwil
|-damage|p1a: Overqwil|89/100
|move|p1a: Overqwil|Poison Jab|p2a: Hitmontop
|-damage|p2a: Hitmontop|0 fnt
|faint|p2a: Hitmontop
|
|-weather|RainDance|[upkeep]
|upkeep
|
|t:|1760460666
|switch|p2a: Thundurus|Thundurus-Therian, M|100/100
|turn|7
|
|t:|1760460669
|-terastallize|p2a: Thundurus|Flying
|move|p1a: Overqwil|Aqua Tail|p2a: Thundurus|[miss]
|-miss|p1a: Overqwil|p2a: Thundurus
|move|p2a: Thundurus|Tera Blast|p1a: Overqwil|[anim] Tera Blast Flying
|-damage|p1a: Overqwil|0 fnt
|faint|p1a: Overqwil
|
|-weather|RainDance|[upkeep]
|upkeep
|
|t:|1760460675
|switch|p1a: Ursaluna|Ursaluna, F|100/100
|turn|8
|
|t:|1760460682
|move|p2a: Thundurus|Tera Blast|p1a: Ursaluna|[anim] Tera Blast Flying
|-damage|p1a: Ursaluna|17/100
|move|p1a: Ursaluna|Trailblaze|p2a: Thundurus
|-resisted|p2a: Thundurus
|-damage|p2a: Thundurus|84/100
|-boost|p1a: Ursaluna|spe|1
|
|-weather|RainDance|[upkeep]
|-status|p1a: Ursaluna|brn|[from] item: Flame Orb
|upkeep
|turn|9
|
|t:|1760460685
|move|p2a: Thundurus|Tera Blast|p1a: Ursaluna|[anim] Tera Blast Flying
|-damage|p1a: Ursaluna|0 fnt
|faint|p1a: Ursaluna
|
|-weather|RainDance|[upkeep]
|upkeep
|-message|Korkie forfeited.
|
|win|b42069
|raw|Korkie's rating: 1174 &rarr; <strong>1153</strong><br />(-21 for losing)
|raw|b42069's rating: 1227 &rarr; <strong>1248</strong><br />(+21 for winning)
|l|☆Korkie
|player|p1|
|l|☆b42069
|player|p2|
