|j|☆4urelius_Ghastz
|j|☆nixtek
|t:|1760352542
|gametype|singles
|player|p1|4urelius_Ghastz|li|1080
|player|p2|nixtek|byron|1111
|gen|9
|tier|[Gen 9] OU
|rated|
|rule|HP Percentage Mod: HP is shown in percentages
|rule|Endless Battle Clause: Forcing endless battles is banned
|rule|Species Clause: Limit one of each Pokémon
|rule|OHKO Clause: OHKO moves are banned
|rule|Evasion Items Clause: Evasion items are banned
|rule|Evasion Moves Clause: Evasion moves are banned
|rule|Evasion Abilities Clause: Evasion abilities are banned
|rule|Sleep Moves Clause: Sleep-inducing moves are banned
|clearpoke
|poke|p1|Quaquaval, F|
|poke|p1|Latias, F|
|poke|p1|Ogerpon-Cornerstone, F|
|poke|p1|Bastiodon, M|
|poke|p1|Primeape, M|
|poke|p1|Tauros-Paldea-Blaze, M|
|poke|p2|Pelipper, F|
|poke|p2|Beartic, F|
|poke|p2|Moltres|
|poke|p2|Thundurus-Therian, M|
|poke|p2|Clodsire, M|
|poke|p2|Barraskewda, M|
|teampreview
|inactive|Battle timer is ON: inactive players will automatically lose when time's up. (requested by 4urelius_Ghastz)
|
|t:|1760352555
|teamsize|p1|6
|teamsize|p2|6
|start
|switch|p1a: Primeape|Primeape, M|100/100
|switch|p2a: Pelipper|Pelipper, F|100/100
|-weather|RainDance|[from] ability: Drizzle|[of] p2a: Pelipper
|turn|1
|
|t:|1760352569
|switch|p2a: Clodsire|Clodsire, M|100/100
|move|p1a: Primeape|Bulk Up|p1a: Primeape
|-boost|p1a: Primeape|atk|1
|-boost|p1a: Primeape|def|1
|
|-weather|RainDance|[upkeep]
|upkeep
|turn|2
|
|t:|1760352577
|move|p1a: Primeape|Ice Punch|p2a: Clodsire
|-supereffective|p2a: Clodsire
|-damage|p2a: Clodsire|52/100
|move|p2a: Clodsire|Toxic|p1a: Primeape
|-status|p1a: Primeape|tox
|
|-weather|RainDance|[upkeep]
|-heal|p2a: Clodsire|58/100|[from] item: Black Sludge
|-damage|p1a: Primeape|95/100 tox|[from] psn
|upkeep
|turn|3
|
|t:|1760352595
|move|p1a: Primeape|Bulk Up|p1a: Primeape
|-boost|p1a: Primeape|atk|1
|-boost|p1a: Primeape|def|1
|move|p2a: Clodsire|Recover|p2a: Clodsire
|-heal|p2a: Clodsire|100/100
|
|-weather|RainDance|[upkeep]
|-damage|p1a: Primeape|83/100 tox|[from] psn
|upkeep
|turn|4
|
|t:|1760352605
|move|p1a: Primeape|Ice Punch|p2a: Clodsire
|-supereffective|p2a: Clodsire
|-damage|p2a: Clodsire|53/100
|move|p2a: Clodsire|Haze|p2a: Clodsire
|-clearallboost
|
|-weather|RainDance|[upkeep]
|-heal|p2a: Clodsire|59/100|[from] item: Black Sludge
|-damage|p1a: Primeape|65/100 tox|[from] psn
|upkeep
|turn|5
|
|t:|1760352625
|switch|p1a: Bastiodon|Bastiodon, M|100/100
|move|p2a: Clodsire|Recover|p2a: Clodsire
|-heal|p2a: Clodsire|100/100
|
|-weather|RainDance|[upkeep]
|upkeep
|turn|6
|
|t:|1760352632
|move|p1a: Bastiodon|Stealth Rock|p2a: Clodsire
|-sidestart|p2: nixtek|move: Stealth Rock
|move|p2a: Clodsire|Earthquake|p1a: Bastiodon
|-supereffective|p1a: Bastiodon
|-damage|p1a: Bastiodon|26/100
|
|-weather|RainDance|[upkeep]
|upkeep
|turn|7
|
|t:|1760352652
|switch|p1a: Tauros|Tauros-Paldea-Blaze, M|100/100
|move|p2a: Clodsire|Earthquake|p1a: Tauros
|-supereffective|p1a: Tauros
|-damage|p1a: Tauros|37/100
|
|-weather|RainDance|[upkeep]
|upkeep
|turn|8
|
|t:|1760352661
|move|p1a: Tauros|Endure|p1a: Tauros
|-singleturn|p1a: Tauros|move: Endure
|move|p2a: Clodsire|Earthquake|p1a: Tauros
|-supereffective|p1a: Tauros
|-activate|p1a: Tauros|move: Endure
|-damage|p1a: Tauros|1/100
|-enditem|p1a: Tauros|Liechi Berry|[eat]
|-boost|p1a: Tauros|atk|1|[from] item: Liechi Berry
|
|-weather|none
|upkeep
|turn|9
|
|t:|1760352674
|move|p1a: Tauros|Trailblaze|p2a: Clodsire
|-crit|p2a: Clodsire
|-damage|p2a: Clodsire|77/100
|-boost|p1a: Tauros|spe|1
|move|p2a: Clodsire|Toxic|p1a: Tauros
|-status|p1a: Tauros|tox
|
|-heal|p2a: Clodsire|83/100|[from] item: Black Sludge
|-damage|p1a: Tauros|0 fnt|[from] psn
|faint|p1a: Tauros
|upkeep
|
|t:|1760352686
|switch|p1a: Latias|Latias, F|100/100
|turn|10
|
|t:|1760352692
|move|p1a: Latias|Ice Beam|p2a: Clodsire
|-supereffective|p2a: Clodsire
|-damage|p2a: Clodsire|45/100
|move|p2a: Clodsire|Toxic|p1a: Latias
|-status|p1a: Latias|tox
|
|-heal|p2a: Clodsire|52/100|[from] item: Black Sludge
|-damage|p1a: Latias|95/100 tox|[from] psn
|upkeep
|turn|11
|
|t:|1760352703
|switch|p2a: Pelipper|Pelipper, F|100/100
|-damage|p2a: Pelipper|75/100|[from] Stealth Rock
|-weather|RainDance|[from] ability: Drizzle|[of] p2a: Pelipper
|move|p1a: Latias|Ice Beam|p2a: Pelipper
|-damage|p2a: Pelipper|34/100
|
|-weather|RainDance|[upkeep]
|-damage|p1a: Latias|83/100 tox|[from] psn
|upkeep
|turn|12
|
|t:|1760352717
|switch|p2a: Moltres|Moltres|100/100
|move|p1a: Latias|Thunderbolt|p2a: Moltres
|-supereffective|p2a: Moltres
|-damage|p2a: Moltres|51/100
|
|-weather|RainDance|[upkeep]
|-damage|p1a: Latias|65/100 tox|[from] psn
|upkeep
|turn|13
|
|t:|1760352732
|move|p1a: Latias|Thunderbolt|p2a: Moltres
|-supereffective|p2a: Moltres
|-damage|p2a: Moltres|0 fnt
|faint|p2a: Moltres
|
|-weather|RainDance|[upkeep]
|-damage|p1a: Latias|41/100 tox|[from] psn
|upkeep
|
|t:|1760352740
|switch|p2a: Barraskewda|Barraskewda, M|100/100
|-damage|p2a: Barraskewda|88/100|[from] Stealth Rock
|turn|14
|
|t:|1760352746
|move|p2a: Barraskewda|Waterfall|p1a: Latias
|-resisted|p1a: Latias
|-damage|p1a: Latias|0 fnt
|faint|p1a: Latias
|
|-weather|RainDance|[upkeep]
|upkeep
|
|t:|1760352759
|switch|p1a: Ogerpon|Ogerpon-Cornerstone, F|100/100
|turn|15
|
|t:|1760352762
|move|p2a: Barraskewda|Waterfall|p1a: Ogerpon
|-crit|p1a: Ogerpon
|-ability|p1a: Ogerpon|Sturdy
|-damage|p1a: Ogerpon|1/100
|move|p1a: Ogerpon|Swords Dance|p1a: Ogerpon
|-boost|p1a: Ogerpon|atk|2
|
|-weather|RainDance|[upkeep]
|upkeep
|turn|16
|
|t:|1760352772
|move|p2a: Barraskewda|Waterfall|p1a: Ogerpon
|-damage|p1a: Ogerpon|0 fnt
|faint|p1a: Ogerpon
|
|-weather|RainDance|[upkeep]
|upkeep
|
|t:|1760352780
|switch|p1a: Quaquaval|Quaquaval, F|100/100
|turn|17
|
|t:|1760352783
|move|p2a: Barraskewda|Waterfall|p1a: Quaquaval
|-resisted|p1a: Quaquaval
|-damage|p1a: Quaquaval|40/100
|cant|p1a: Quaquaval|flinch
|
|-weather|RainDance|[upkeep]
|upkeep
|turn|18
|-message|4urelius_Ghastz forfeited.
|
|win|nixtek
|raw|4urelius_Ghastz's rating: 1080 &rarr; <strong>1060</strong><br />(-20 for losing)
|raw|nixtek's rating: 1111 &rarr; <strong>1134</strong><br />(+23 for winning)
|l|☆4urelius_Ghastz
|player|p1|
|l|☆nixtek
|player|p2|
