|badge|p2|bronze|gen9ou|100-7
|uhtml|medal-msg|<div class="broadcast-blue">Curious what those medals under the avatar are? PS now has Ladder Seasons! For more information, check out the <a href="https://www.smogon.com/forums/threads/3740067/">thread on Smogon.</a></div>
|j|☆SDK04
|j|☆Johnny tots
|inactive|Battle timer is ON: inactive players will automatically lose when time's up.
|t:|1760402741
|gametype|singles
|player|p1|SDK04|miku-ground|
|player|p2|Johnny tots|265|
|gen|9
|tier|[Gen 9] OU
|rated|Tournament battle
|rule|HP Percentage Mod: HP is shown in percentages
|rule|Endless Battle Clause: Forcing endless battles is banned
|rule|Species Clause: Limit one of each Pokémon
|rule|OHKO Clause: OHKO moves are banned
|rule|Evasion Items Clause: Evasion items are banned
|rule|Evasion Moves Clause: Evasion moves are banned
|rule|Evasion Abilities Clause: Evasion abilities are banned
|rule|Sleep Moves Clause: Sleep-inducing moves are banned
|clearpoke
|poke|p1|Grimmsnarl, M|
|poke|p1|Rillaboom, M|
|poke|p1|Raging Bolt|
|poke|p1|Darkrai|
|poke|p1|Great Tusk|
|poke|p1|Skarmory, F|
|poke|p2|Rillaboom, M|
|poke|p2|Klefki, M|
|poke|p2|Manaphy|
|poke|p2|Ogerpon-Wellspring, F|
|poke|p2|Clefable, F|
|poke|p2|Dragapult, M|
|teampreview
|j| fulls
|j| SVOU IS MICKEY ASF
|inactive|SDK04 has 120 seconds left.
|inactive|Johnny tots has 120 seconds left.
|
|t:|1760402782
|teamsize|p1|6
|teamsize|p2|6
|start
|switch|p1a: Donphan-Therian|Great Tusk|100/100
|switch|p2a: Klefki|Klefki, M|100/100
|turn|1
|
|t:|1760402786
|move|p2a: Klefki|Reflect|p2a: Klefki
|-sidestart|p2: Johnny tots|Reflect
|move|p1a: Donphan-Therian|Knock Off|p2a: Klefki
|-resisted|p2a: Klefki
|-damage|p2a: Klefki|93/100
|-enditem|p2a: Klefki|Light Clay|[from] move: Knock Off|[of] p1a: Donphan-Therian
|
|upkeep
|turn|2
|
|t:|1760402792
|move|p2a: Klefki|Light Screen|p2a: Klefki
|-sidestart|p2: Johnny tots|move: Light Screen
|move|p1a: Donphan-Therian|Headlong Rush|p2a: Klefki
|-supereffective|p2a: Klefki
|-damage|p2a: Klefki|41/100
|-unboost|p1a: Donphan-Therian|def|1
|-unboost|p1a: Donphan-Therian|spd|1
|
|upkeep
|turn|3
|
|t:|1760402796
|switch|p2a: Rillaboom|Rillaboom, M|100/100
|-fieldstart|move: Grassy Terrain|[from] ability: Grassy Surge|[of] p2a: Rillaboom
|move|p1a: Donphan-Therian|Knock Off|p2a: Rillaboom
|-damage|p2a: Rillaboom|85/100
|-enditem|p2a: Rillaboom|Terrain Extender|[from] move: Knock Off|[of] p1a: Donphan-Therian
|
|-heal|p2a: Rillaboom|91/100|[from] Grassy Terrain
|upkeep
|turn|4
|
|t:|1760402802
|-end|p1a: Donphan-Therian|Protosynthesis|[silent]
|switch|p1a: the biggest bird|Skarmory, F, shiny|100/100
|move|p2a: Rillaboom|Bulk Up|p2a: Rillaboom
|-boost|p2a: Rillaboom|atk|1
|-boost|p2a: Rillaboom|def|1
|
|-heal|p2a: Rillaboom|97/100|[from] Grassy Terrain
|upkeep
|turn|5
|
|t:|1760402805
|move|p2a: Rillaboom|Knock Off|p1a: the biggest bird
|-damage|p1a: the biggest bird|51/100
|-ability|p1a: the biggest bird|Weak Armor|boost
|-unboost|p1a: the biggest bird|def|1
|-boost|p1a: the biggest bird|spe|2
|-enditem|p1a: the biggest bird|Weakness Policy|[from] move: Knock Off|[of] p2a: Rillaboom
|move|p1a: the biggest bird|Swords Dance|p1a: the biggest bird
|-boost|p1a: the biggest bird|atk|2
|
|-heal|p2a: Rillaboom|100/100|[from] Grassy Terrain
|upkeep
|turn|6
|c|☆SDK04|Tes
|
|t:|1760402814
|move|p1a: the biggest bird|Brave Bird|p2a: Rillaboom
|-supereffective|p2a: Rillaboom
|-damage|p2a: Rillaboom|34/100
|-damage|p1a: the biggest bird|22/100|[from] Recoil
|move|p2a: Rillaboom|Knock Off|p1a: the biggest bird
|-damage|p1a: the biggest bird|0 fnt
|faint|p1a: the biggest bird
|
|-heal|p2a: Rillaboom|40/100|[from] Grassy Terrain
|-sideend|p2: Johnny tots|move: Light Screen
|upkeep
|c|☆SDK04|*Yes
|c|☆Johnny tots|Sick for that haha
|
|t:|1760402823
|switch|p1a: Raging Neck|Raging Bolt|100/100
|turn|7
|
|t:|1760402828
|move|p1a: Raging Neck|Thunderbolt|p2a: Rillaboom
|-resisted|p2a: Rillaboom
|-damage|p2a: Rillaboom|0 fnt
|faint|p2a: Rillaboom
|
|upkeep
|
|t:|1760402848
|switch|p2a: Cutmylifein2|Dragapult, M|100/100
|turn|8
|
|t:|1760402852
|-end|p1a: Raging Neck|Protosynthesis|[silent]
|switch|p1a: I got sleep banned|Darkrai|100/100
|move|p2a: Cutmylifein2|Substitute|p2a: Cutmylifein2
|-start|p2a: Cutmylifein2|Substitute
|-damage|p2a: Cutmylifein2|75/100
|
|-heal|p2a: Cutmylifein2|82/100|[from] Grassy Terrain
|-heal|p2a: Cutmylifein2|88/100|[from] item: Leftovers
|-sideend|p2: Johnny tots|Reflect
|upkeep
|turn|9
|
|t:|1760402854
|move|p1a: I got sleep banned|Dark Pulse|p2a: Cutmylifein2
|-supereffective|p2a: Cutmylifein2
|-end|p2a: Cutmylifein2|Substitute
|move|p2a: Cutmylifein2|Dragon Dance|p2a: Cutmylifein2
|-boost|p2a: Cutmylifein2|atk|1
|-boost|p2a: Cutmylifein2|spe|1
|
|-heal|p2a: Cutmylifein2|94/100|[from] Grassy Terrain
|-heal|p2a: Cutmylifein2|99/100|[from] item: Leftovers
|upkeep
|turn|10
|
|t:|1760402857
|move|p2a: Cutmylifein2|Dragon Darts|p1a: I got sleep banned
|-damage|p1a: I got sleep banned|54/100
|-anim|p2a: Cutmylifein2|Dragon Darts|p1a: I got sleep banned
|-damage|p1a: I got sleep banned|13/100
|move|p1a: I got sleep banned|Will-O-Wisp|p2a: Cutmylifein2
|-status|p2a: Cutmylifein2|brn
|
|-heal|p2a: Cutmylifein2|100/100 brn|[from] Grassy Terrain
|-heal|p1a: I got sleep banned|19/100|[from] Grassy Terrain
|-heal|p1a: I got sleep banned|25/100|[from] item: Leftovers
|-damage|p2a: Cutmylifein2|94/100 brn|[from] brn
|-fieldend|move: Grassy Terrain
|upkeep
|turn|11
|c|☆Johnny tots|How bully
|c|☆Johnny tots|bulky
|c|☆SDK04|Yes
|
|t:|1760402879
|switch|p1a: you know who else|Grimmsnarl, M|100/100
|move|p2a: Cutmylifein2|Dragon Darts|p1a: you know who else
|-immune|p1a: you know who else
|
|-heal|p2a: Cutmylifein2|100/100 brn|[from] item: Leftovers
|-damage|p2a: Cutmylifein2|94/100 brn|[from] brn
|upkeep
|turn|12
|
|t:|1760402882
|move|p2a: Cutmylifein2|Dragon Dance|p2a: Cutmylifein2
|-boost|p2a: Cutmylifein2|atk|1
|-boost|p2a: Cutmylifein2|spe|1
|move|p1a: you know who else|Spirit Break|p2a: Cutmylifein2
|-supereffective|p2a: Cutmylifein2
|-damage|p2a: Cutmylifein2|35/100 brn
|-unboost|p2a: Cutmylifein2|spa|1
|
|-heal|p2a: Cutmylifein2|41/100 brn|[from] item: Leftovers
|-damage|p2a: Cutmylifein2|35/100 brn|[from] brn
|upkeep
|turn|13
|
|t:|1760402891
|move|p1a: you know who else|Reflect|p1a: you know who else
|-sidestart|p1: SDK04|Reflect
|move|p2a: Cutmylifein2|Last Resort|p1a: you know who else
|-damage|p1a: you know who else|41/100
|
|-heal|p2a: Cutmylifein2|41/100 brn|[from] item: Leftovers
|-damage|p2a: Cutmylifein2|35/100 brn|[from] brn
|upkeep
|turn|14
|l| SVOU IS MICKEY ASF
|c|☆Johnny tots|Was Ggs if that killed rai
|
|t:|1760402911
|switch|p1a: Donphan-Therian|Great Tusk|100/100
|move|p2a: Cutmylifein2|Last Resort|p1a: Donphan-Therian
|-damage|p1a: Donphan-Therian|65/100
|
|-heal|p2a: Cutmylifein2|41/100 brn|[from] item: Leftovers
|-damage|p2a: Cutmylifein2|35/100 brn|[from] brn
|upkeep
|turn|15
|j| Kingambitofthehill
|
|t:|1760402921
|move|p2a: Cutmylifein2|Dragon Darts|p1a: Donphan-Therian
|-damage|p1a: Donphan-Therian|45/100
|-anim|p2a: Cutmylifein2|Dragon Darts|p1a: Donphan-Therian
|-damage|p1a: Donphan-Therian|25/100
|move|p1a: Donphan-Therian|Headlong Rush|p2a: Cutmylifein2
|-crit|p2a: Cutmylifein2
|-damage|p2a: Cutmylifein2|0 fnt
|-unboost|p1a: Donphan-Therian|def|1
|-unboost|p1a: Donphan-Therian|spd|1
|faint|p2a: Cutmylifein2
|
|upkeep
|
|t:|1760402926
|switch|p2a: Ogerpon|Ogerpon-Wellspring, F|100/100
|turn|16
|
|t:|1760402933
|-end|p1a: Donphan-Therian|Protosynthesis|[silent]
|switch|p1a: Nature’s Nuke|Rillaboom, M|100/100
|-fieldstart|move: Grassy Terrain|[from] ability: Grassy Surge|[of] p1a: Nature’s Nuke
|move|p2a: Ogerpon|Swords Dance|p2a: Ogerpon
|-boost|p2a: Ogerpon|atk|2
|
|upkeep
|turn|17
|
|t:|1760402937
|-terastallize|p1a: Nature’s Nuke|Grass
|move|p1a: Nature’s Nuke|Grassy Glide|p2a: Ogerpon
|-damage|p2a: Ogerpon|0 fnt
|faint|p2a: Ogerpon
|
|upkeep
|
|t:|1760402950
|switch|p2a: Manaphy|Manaphy|100/100
|turn|18
|
|t:|1760402952
|-terastallize|p2a: Manaphy|Grass
|move|p1a: Nature’s Nuke|Grassy Glide|p2a: Manaphy
|-resisted|p2a: Manaphy
|-damage|p2a: Manaphy|64/100
|move|p2a: Manaphy|Acid Armor|p2a: Manaphy
|-boost|p2a: Manaphy|def|2
|
|-heal|p2a: Manaphy|70/100|[from] Grassy Terrain
|-heal|p2a: Manaphy|76/100|[from] item: Leftovers
|upkeep
|turn|19
|
|t:|1760402954
|switch|p1a: Raging Neck|Raging Bolt|100/100
|move|p2a: Manaphy|Take Heart|p2a: Manaphy
|-boost|p2a: Manaphy|spa|1
|-boost|p2a: Manaphy|spd|1
|
|-heal|p2a: Manaphy|82/100|[from] Grassy Terrain
|-heal|p2a: Manaphy|89/100|[from] item: Leftovers
|upkeep
|turn|20
|
|t:|1760402957
|move|p2a: Manaphy|Take Heart|p2a: Manaphy
|-boost|p2a: Manaphy|spa|1
|-boost|p2a: Manaphy|spd|1
|move|p1a: Raging Neck|Draco Meteor|p2a: Manaphy
|-damage|p2a: Manaphy|38/100
|-unboost|p1a: Raging Neck|spa|2
|
|-heal|p2a: Manaphy|45/100|[from] Grassy Terrain
|-heal|p2a: Manaphy|51/100|[from] item: Leftovers
|-sideend|p1: SDK04|Reflect
|-fieldend|move: Grassy Terrain
|upkeep
|turn|21
|
|t:|1760402965
|move|p2a: Manaphy|Take Heart|p2a: Manaphy
|-boost|p2a: Manaphy|spa|1
|-boost|p2a: Manaphy|spd|1
|move|p1a: Raging Neck|Draco Meteor|p2a: Manaphy
|-damage|p2a: Manaphy|28/100
|-unboost|p1a: Raging Neck|spa|2
|
|-heal|p2a: Manaphy|34/100|[from] item: Leftovers
|upkeep
|turn|22
|
|t:|1760402968
|move|p2a: Manaphy|Stored Power|p1a: Raging Neck
|-damage|p1a: Raging Neck|0 fnt
|faint|p1a: Raging Neck
|-end|p1a: Raging Neck|Protosynthesis|[silent]
|
|-heal|p2a: Manaphy|41/100|[from] item: Leftovers
|upkeep
|
|t:|1760402971
|switch|p1a: I got sleep banned|Darkrai|25/100
|turn|23
|
|t:|1760402972
|move|p1a: I got sleep banned|Sludge Bomb|p2a: Manaphy
|-supereffective|p2a: Manaphy
|-damage|p2a: Manaphy|20/100
|move|p2a: Manaphy|Scald|p1a: I got sleep banned
|-damage|p1a: I got sleep banned|0 fnt
|faint|p1a: I got sleep banned
|
|-heal|p2a: Manaphy|26/100|[from] item: Leftovers
|upkeep
|
|t:|1760402976
|switch|p1a: Donphan-Therian|Great Tusk|25/100
|turn|24
|
|t:|1760402979
|move|p1a: Donphan-Therian|Knock Off|p2a: Manaphy
|-damage|p2a: Manaphy|11/100
|-enditem|p2a: Manaphy|Leftovers|[from] move: Knock Off|[of] p1a: Donphan-Therian
|move|p2a: Manaphy|Scald|p1a: Donphan-Therian
|-supereffective|p1a: Donphan-Therian
|-damage|p1a: Donphan-Therian|0 fnt
|faint|p1a: Donphan-Therian
|-end|p1a: Donphan-Therian|Protosynthesis|[silent]
|
|upkeep
|
|t:|1760402981
|switch|p1a: Nature’s Nuke|Rillaboom, M, tera:Grass|100/100
|-fieldstart|move: Grassy Terrain|[from] ability: Grassy Surge|[of] p1a: Nature’s Nuke
|turn|25
|
|t:|1760402988
|move|p1a: Nature’s Nuke|U-turn|p2a: Manaphy
|-supereffective|p2a: Manaphy
|-damage|p2a: Manaphy|0 fnt
|faint|p2a: Manaphy
|
|t:|1760402990
|switch|p1a: you know who else|Grimmsnarl, M|41/100|[from] U-turn
|
|-heal|p1a: you know who else|47/100|[from] Grassy Terrain
|upkeep
|
|t:|1760402993
|switch|p2a: Klefki|Klefki, M|41/100
|turn|26
|
|t:|1760402995
|move|p2a: Klefki|Reflect|p2a: Klefki
|-sidestart|p2: Johnny tots|Reflect
|move|p1a: you know who else|Parting Shot|p2a: Klefki
|-unboost|p2a: Klefki|atk|1
|-unboost|p2a: Klefki|spa|1
|
|t:|1760402996
|switch|p1a: Nature’s Nuke|Rillaboom, M, tera:Grass|100/100|[from] Parting Shot
|
|-heal|p2a: Klefki|47/100|[from] Grassy Terrain
|upkeep
|turn|27
|
|t:|1760402998
|move|p2a: Klefki|Thunder Wave|p1a: Nature’s Nuke
|-status|p1a: Nature’s Nuke|par
|move|p1a: Nature’s Nuke|Wood Hammer|p2a: Klefki
|-resisted|p2a: Klefki
|-damage|p2a: Klefki|11/100
|-damage|p1a: Nature’s Nuke|89/100 par|[from] Recoil
|
|-heal|p2a: Klefki|17/100|[from] Grassy Terrain
|-heal|p1a: Nature’s Nuke|95/100 par|[from] Grassy Terrain
|upkeep
|turn|28
|
|t:|1760403002
|move|p2a: Klefki|Spikes|p1a: Nature’s Nuke
|-sidestart|p1: SDK04|Spikes
|move|p1a: Nature’s Nuke|Wood Hammer|p2a: Klefki
|-resisted|p2a: Klefki
|-damage|p2a: Klefki|0 fnt
|faint|p2a: Klefki
|-damage|p1a: Nature’s Nuke|90/100 par|[from] Recoil
|
|-heal|p1a: Nature’s Nuke|96/100 par|[from] Grassy Terrain
|upkeep
|
|t:|1760403003
|switch|p2a: Clefable|Clefable, F|100/100
|turn|29
|
|t:|1760403005
|move|p2a: Clefable|Fire Blast|p1a: Nature’s Nuke
|-supereffective|p1a: Nature’s Nuke
|-damage|p1a: Nature’s Nuke|18/100 par
|move|p1a: Nature’s Nuke|Wood Hammer|p2a: Clefable
|-damage|p2a: Clefable|13/100
|-damage|p1a: Nature’s Nuke|0 fnt|[from] Recoil
|faint|p1a: Nature’s Nuke
|
|-heal|p2a: Clefable|19/100|[from] Grassy Terrain
|-heal|p2a: Clefable|25/100|[from] item: Leftovers
|-fieldend|move: Grassy Terrain
|upkeep
|
|t:|1760403008
|switch|p1a: you know who else|Grimmsnarl, M|47/100
|-damage|p1a: you know who else|34/100|[from] Spikes
|turn|30
|
|t:|1760403012
|move|p1a: you know who else|Spirit Break|p2a: Clefable
|-damage|p2a: Clefable|12/100
|-unboost|p2a: Clefable|spa|1
|move|p2a: Clefable|Moonblast|p1a: you know who else
|-supereffective|p1a: you know who else
|-damage|p1a: you know who else|0 fnt
|faint|p1a: you know who else
|
|win|Johnny tots
|n|☆SDK04|sdk04
|n|☆Johnny tots|johnnytots
|n| fulls|fulls
|n| Kingambitofthehill|kingambitofthehill
|c|☆SDK04|gg
|c|☆SDK04|wo
|c|☆Johnny tots|Wow
|c|☆SDK04|*wp
|c|☆Johnny tots|gg
|l| fulls
|l|☆Johnny tots
|player|p2|
