|j|☆Squallum2911
|j|☆TheMasterAJ
|t:|1760302941
|gametype|singles
|player|p1|Squallum2911|musician|
|player|p2|TheMasterAJ|170|
|gen|9
|tier|[Gen 9] OU
|rule|HP Percentage Mod: HP is shown in percentages
|rule|Endless Battle Clause: Forcing endless battles is banned
|rule|Species Clause: Limit one of each Pokémon
|rule|OHKO Clause: OHKO moves are banned
|rule|Evasion Items Clause: Evasion items are banned
|rule|Evasion Moves Clause: Evasion moves are banned
|rule|Evasion Abilities Clause: Evasion abilities are banned
|rule|Sleep Moves Clause: Sleep-inducing moves are banned
|clearpoke
|poke|p1|Ursaluna, M|
|poke|p1|Azumarill, F|
|poke|p1|Pecharunt|
|poke|p1|Weavile, M|
|poke|p1|Azelf|
|poke|p1|Thundurus-Therian, M|
|poke|p2|Garchomp, M|
|poke|p2|Rotom-Wash|
|poke|p2|Cinderace, F|
|poke|p2|Darkrai|
|poke|p2|Lilligant-Hisui, F|
|poke|p2|Metagross|
|teampreview
|j| ieatbreadstix
|j| Hedgehog415
|j| Tent_Lord
|j| Kosmicbad
|
|t:|1760303039
|teamsize|p1|6
|teamsize|p2|6
|start
|switch|p1a: I am Knife Man|Weavile, M, shiny|100/100
|switch|p2a: Mew Hater|Cinderace, F, shiny|100/100
|-ability|p1a: I am Knife Man|Pressure
|turn|1
|j| solggington
|
|t:|1760303090
|move|p1a: I am Knife Man|Knock Off|p2a: Mew Hater
|-damage|p2a: Mew Hater|28/100
|-enditem|p2a: Mew Hater|Heavy-Duty Boots|[from] move: Knock Off|[of] p1a: I am Knife Man
|move|p2a: Mew Hater|High Jump Kick|p1a: I am Knife Man
|-start|p2a: Mew Hater|typechange|Fighting|[from] ability: Libero
|-supereffective|p1a: I am Knife Man
|-enditem|p1a: I am Knife Man|Focus Sash
|-damage|p1a: I am Knife Man|1/100
|
|upkeep
|turn|2
|
|t:|1760303143
|switch|p2a: Washer Woman|Rotom-Wash|100/100
|move|p1a: I am Knife Man|Ice Shard|p2a: Washer Woman
|-resisted|p2a: Washer Woman
|-damage|p2a: Washer Woman|92/100
|
|-heal|p2a: Washer Woman|98/100|[from] item: Leftovers
|upkeep
|turn|3
|c| ieatbreadstix|me personally im not trusting cinderace with hjk
|
|t:|1760303174
|move|p1a: I am Knife Man|Knock Off|p2a: Washer Woman
|-damage|p2a: Washer Woman|60/100
|-enditem|p2a: Washer Woman|Leftovers|[from] move: Knock Off|[of] p1a: I am Knife Man
|move|p2a: Washer Woman|Thunder Wave|p1a: I am Knife Man
|-status|p1a: I am Knife Man|par
|
|upkeep
|turn|4
|
|t:|1760303219
|move|p2a: Washer Woman|Hydro Pump|p1a: I am Knife Man
|-damage|p1a: I am Knife Man|0 fnt
|faint|p1a: I am Knife Man
|
|upkeep
|
|t:|1760303271
|switch|p1a: Butt Bead Tail|Thundurus-Therian, M|100/100
|turn|5
|
|t:|1760303328
|move|p1a: Butt Bead Tail|Volt Switch|p2a: Washer Woman
|-damage|p2a: Washer Woman|6/100
|-damage|p1a: Butt Bead Tail|91/100|[from] item: Life Orb
|
|t:|1760303347
|switch|p1a: Bounce on it|Azumarill, F, shiny|100/100|[from] Volt Switch
|move|p2a: Washer Woman|Hydro Pump|p1a: Bounce on it
|-resisted|p1a: Bounce on it
|-damage|p1a: Bounce on it|85/100
|
|upkeep
|turn|6
|
|t:|1760303359
|move|p1a: Bounce on it|Aqua Jet|p2a: Washer Woman
|-resisted|p2a: Washer Woman
|-damage|p2a: Washer Woman|0 fnt
|faint|p2a: Washer Woman
|
|upkeep
|
|t:|1760303394
|switch|p2a: TeraGhostrai|Darkrai|100/100
|turn|7
|
|t:|1760303450
|-terastallize|p2a: TeraGhostrai|Poison
|-terastallize|p1a: Bounce on it|Ground
|move|p2a: TeraGhostrai|Sludge Bomb|p1a: Bounce on it
|-resisted|p1a: Bounce on it
|-damage|p1a: Bounce on it|65/100
|move|p1a: Bounce on it|Play Rough|p2a: TeraGhostrai
|-resisted|p2a: TeraGhostrai
|-damage|p2a: TeraGhostrai|62/100
|
|-heal|p2a: TeraGhostrai|68/100|[from] item: Leftovers
|upkeep
|turn|8
|
|t:|1760303478
|move|p2a: TeraGhostrai|Dark Pulse|p1a: Bounce on it
|-damage|p1a: Bounce on it|27/100
|move|p1a: Bounce on it|Bulldoze|p2a: TeraGhostrai
|-supereffective|p2a: TeraGhostrai
|-damage|p2a: TeraGhostrai|0 fnt
|faint|p2a: TeraGhostrai
|
|upkeep
|
|t:|1760303515
|switch|p2a: Mew Hater|Cinderace, F, shiny|28/100
|turn|9
|
|t:|1760303521
|move|p1a: Bounce on it|Aqua Jet|p2a: Mew Hater
|-supereffective|p2a: Mew Hater
|-damage|p2a: Mew Hater|0 fnt
|faint|p2a: Mew Hater
|
|upkeep
|
|t:|1760303544
|switch|p2a: Jet2Holiday|Garchomp, M|100/100
|turn|10
|
|t:|1760303560
|move|p2a: Jet2Holiday|Scale Shot|p1a: Bounce on it
|-damage|p1a: Bounce on it|11/100
|-damage|p1a: Bounce on it|0 fnt
|faint|p1a: Bounce on it
|-hitcount|p1: Bounce on it|2
|-unboost|p2a: Jet2Holiday|def|1
|-boost|p2a: Jet2Holiday|spe|1
|
|upkeep
|
|t:|1760303616
|switch|p1a: Beer|Ursaluna, M|100/100
|turn|11
|
|t:|1760303683
|switch|p2a: Undertaker|Metagross, shiny|100/100
|move|p1a: Beer|Ice Punch|p2a: Undertaker
|-resisted|p2a: Undertaker
|-damage|p2a: Undertaker|90/100
|
|-status|p1a: Beer|brn|[from] item: Flame Orb
|upkeep
|turn|12
|
|t:|1760303724
|move|p1a: Beer|Earthquake|p2a: Undertaker
|-supereffective|p2a: Undertaker
|-damage|p2a: Undertaker|0 fnt
|faint|p2a: Undertaker
|
|-damage|p1a: Beer|94/100 brn|[from] brn
|upkeep
|
|t:|1760303740
|switch|p2a: Photosyntheslut|Lilligant-Hisui, F, shiny|100/100
|turn|13
|l| Kosmicbad
|
|t:|1760303832
|move|p2a: Photosyntheslut|Ice Spinner|p1a: Beer
|-supereffective|p1a: Beer
|-damage|p1a: Beer|38/100 brn
|move|p1a: Beer|Ice Punch|p2a: Photosyntheslut
|-supereffective|p2a: Photosyntheslut
|-damage|p2a: Photosyntheslut|0 fnt
|faint|p2a: Photosyntheslut
|
|-damage|p1a: Beer|32/100 brn|[from] brn
|upkeep
|j| Kosmicbad
|
|t:|1760303842
|switch|p2a: Jet2Holiday|Garchomp, M|100/100
|turn|14
|
|t:|1760303874
|move|p2a: Jet2Holiday|Scale Shot|p1a: Beer
|-damage|p1a: Beer|20/100 brn
|-damage|p1a: Beer|8/100 brn
|-damage|p1a: Beer|0 fnt
|faint|p1a: Beer
|-hitcount|p1: Beer|3
|-unboost|p2a: Jet2Holiday|def|1
|-boost|p2a: Jet2Holiday|spe|1
|
|upkeep
|
|t:|1760303910
|switch|p1a: Knows Explosion|Azelf|100/100
|turn|15
|
|t:|1760303960
|move|p2a: Jet2Holiday|Scale Shot|p1a: Knows Explosion
|-damage|p1a: Knows Explosion|80/100
|-damage|p1a: Knows Explosion|57/100
|-damage|p1a: Knows Explosion|34/100
|-damage|p1a: Knows Explosion|9/100
|-hitcount|p1a: Knows Explosion|4
|-unboost|p2a: Jet2Holiday|def|1
|-boost|p2a: Jet2Holiday|spe|1
|move|p1a: Knows Explosion|Dazzling Gleam|p2a: Jet2Holiday
|-supereffective|p2a: Jet2Holiday
|-damage|p2a: Jet2Holiday|17/100
|-damage|p1a: Knows Explosion|0 fnt|[from] item: Life Orb
|faint|p1a: Knows Explosion
|
|upkeep
|l| ieatbreadstix
|
|t:|1760303982
|switch|p1a: Strippers Ass|Pecharunt|100/100
|turn|16
|j| ieatbreadstix
|l| ieatbreadstix
|
|t:|1760304002
|move|p2a: Jet2Holiday|Earthquake|p1a: Strippers Ass
|-supereffective|p1a: Strippers Ass
|-damage|p1a: Strippers Ass|29/100
|move|p1a: Strippers Ass|Shadow Ball|p2a: Jet2Holiday
|-damage|p2a: Jet2Holiday|0 fnt
|faint|p2a: Jet2Holiday
|
|win|Squallum2911
|j| ieatbreadstix
|l| Kosmicbad
|l| ieatbreadstix
|l| solggington
|l| Hedgehog415
|l|☆TheMasterAJ
|player|p2|
|l|☆Squallum2911
|player|p1|
