|j|☆OrphanGenerator
|j|☆TryinSome
|t:|1760451322
|gametype|singles
|player|p1|OrphanGenerator|101|1144
|player|p2|TryinSome|nate|1160
|gen|9
|tier|[Gen 9] OU
|rated|
|rule|HP Percentage Mod: HP is shown in percentages
|rule|Endless Battle Clause: Forcing endless battles is banned
|rule|Species Clause: Limit one of each Pokémon
|rule|OHKO Clause: OHKO moves are banned
|rule|Evasion Items Clause: Evasion items are banned
|rule|Evasion Moves Clause: Evasion moves are banned
|rule|Evasion Abilities Clause: Evasion abilities are banned
|rule|Sleep Moves Clause: Sleep-inducing moves are banned
|clearpoke
|poke|p1|Araquanid, M|
|poke|p1|Kyurem|
|poke|p1|Slowking-Galar, M|
|poke|p1|Landorus-Therian, M|
|poke|p1|Samurott-Hisui, F|
|poke|p1|Iron Treads|
|poke|p2|Lycanroc-Dusk, M|
|poke|p2|Araquanid, M|
|poke|p2|Salamence, M|
|poke|p2|Toxtricity-Low-Key, M|
|poke|p2|Grimmsnarl, M|
|poke|p2|Magmortar, M|
|teampreview
|
|t:|1760451336
|teamsize|p1|6
|teamsize|p2|6
|start
|switch|p1a: Landorus|Landorus-Therian, M|100/100
|switch|p2a: Grimmsnarl|Grimmsnarl, M, shiny|100/100
|-ability|p1a: Landorus|Intimidate|boost
|-unboost|p2a: Grimmsnarl|atk|1
|turn|1
|inactive|Battle timer is ON: inactive players will automatically lose when time's up. (requested by OrphanGenerator)
|
|t:|1760451343
|move|p2a: Grimmsnarl|Reflect|p2a: Grimmsnarl
|-sidestart|p2: TryinSome|Reflect
|move|p1a: Landorus|Taunt|p2a: Grimmsnarl
|-start|p2a: Grimmsnarl|move: Taunt
|
|upkeep
|turn|2
|
|t:|1760451349
|switch|p2a: Araquanid|Araquanid, M, shiny|100/100
|move|p1a: Landorus|Stealth Rock|p2a: Araquanid
|-sidestart|p2: TryinSome|move: Stealth Rock
|
|upkeep
|turn|3
|
|t:|1760451354
|move|p1a: Landorus|Taunt|p2a: Araquanid
|-start|p2a: Araquanid|move: Taunt
|cant|p2a: Araquanid|move: Taunt|Sticky Web
|
|upkeep
|turn|4
|
|t:|1760451359
|move|p1a: Landorus|U-turn|p2a: Araquanid
|-damage|p2a: Araquanid|90/100
|
|t:|1760451362
|switch|p1a: Kyurem|Kyurem|100/100|[from] U-turn
|-ability|p1a: Kyurem|Pressure
|move|p2a: Araquanid|Liquidation|p1a: Kyurem
|-resisted|p1a: Kyurem
|-damage|p1a: Kyurem|76/100
|
|-heal|p2a: Araquanid|96/100|[from] item: Leftovers
|upkeep
|turn|5
|
|t:|1760451374
|switch|p2a: Magmortar|Magmortar, M|100/100
|-damage|p2a: Magmortar|76/100|[from] Stealth Rock
|move|p1a: Kyurem|Freeze-Dry|p2a: Magmortar
|-resisted|p2a: Magmortar
|-crit|p2a: Magmortar
|-damage|p2a: Magmortar|28/100
|
|upkeep
|turn|6
|
|t:|1760451383
|switch|p1a: Araquanid|Araquanid, M|100/100
|move|p2a: Magmortar|Flamethrower|p1a: Araquanid
|-damage|p1a: Araquanid|75/100
|
|upkeep
|turn|7
|
|t:|1760451389
|switch|p2a: Toxtricity|Toxtricity-Low-Key, M|100/100
|-damage|p2a: Toxtricity|88/100|[from] Stealth Rock
|move|p1a: Araquanid|Sticky Web|p2a: Toxtricity
|-sidestart|p2: TryinSome|move: Sticky Web
|
|upkeep
|turn|8
|
|t:|1760451396
|-terastallize|p2a: Toxtricity|Normal
|move|p1a: Araquanid|Endure|p1a: Araquanid
|-singleturn|p1a: Araquanid|move: Endure
|move|p2a: Toxtricity|Boomburst|p1a: Araquanid
|-damage|p1a: Araquanid|3/100
|-enditem|p2a: Toxtricity|Throat Spray
|-boost|p2a: Toxtricity|spa|1|[from] item: Throat Spray
|
|-sideend|p2: TryinSome|Reflect
|upkeep
|turn|9
|-enditem|p1a: Araquanid|Custap Berry|[eat]
|-activate|p1a: Araquanid|item: Custap Berry|[consumed]
|
|t:|1760451406
|move|p1a: Araquanid|Endeavor|p2a: Toxtricity
|-damage|p2a: Toxtricity|4/100
|move|p2a: Toxtricity|Boomburst|p1a: Araquanid
|-damage|p1a: Araquanid|0 fnt
|faint|p1a: Araquanid
|
|upkeep
|
|t:|1760451415
|switch|p1a: Samurott|Samurott-Hisui, F|100/100
|turn|10
|
|t:|1760451419
|move|p1a: Samurott|Aqua Jet|p2a: Toxtricity
|-damage|p2a: Toxtricity|0 fnt
|faint|p2a: Toxtricity
|-damage|p1a: Samurott|91/100|[from] item: Life Orb
|
|upkeep
|
|t:|1760451423
|switch|p2a: Grimmsnarl|Grimmsnarl, M, shiny|100/100
|-damage|p2a: Grimmsnarl|88/100|[from] Stealth Rock
|-activate|p2a: Grimmsnarl|move: Sticky Web
|-unboost|p2a: Grimmsnarl|spe|1
|turn|11
|
|t:|1760451428
|move|p2a: Grimmsnarl|Reflect|p2a: Grimmsnarl
|-sidestart|p2: TryinSome|Reflect
|move|p1a: Samurott|Razor Shell|p2a: Grimmsnarl
|-damage|p2a: Grimmsnarl|50/100
|-unboost|p2a: Grimmsnarl|def|1
|-damage|p1a: Samurott|81/100|[from] item: Life Orb
|
|upkeep
|turn|12
|
|t:|1760451443
|switch|p1a: Iron Treads|Iron Treads|100/100
|move|p2a: Grimmsnarl|Play Rough|p1a: Iron Treads
|-resisted|p1a: Iron Treads
|-damage|p1a: Iron Treads|83/100
|
|upkeep
|turn|13
|
|t:|1760451449
|move|p2a: Grimmsnarl|Parting Shot|p1a: Iron Treads
|-unboost|p1a: Iron Treads|atk|1
|-unboost|p1a: Iron Treads|spa|1
|
|t:|1760451454
|switch|p2a: Salamence|Salamence, M|100/100|[from] Parting Shot
|-damage|p2a: Salamence|76/100|[from] Stealth Rock
|move|p1a: Iron Treads|Knock Off|p2a: Salamence
|-damage|p2a: Salamence|64/100
|-enditem|p2a: Salamence|Leftovers|[from] move: Knock Off|[of] p1a: Iron Treads
|
|upkeep
|turn|14
|
|t:|1760451469
|move|p1a: Iron Treads|Volt Switch|p2a: Salamence
|-damage|p2a: Salamence|55/100
|
|t:|1760451477
|-end|p1a: Iron Treads|Quark Drive|[silent]
|switch|p1a: Landorus|Landorus-Therian, M|100/100|[from] Volt Switch
|-ability|p1a: Landorus|Intimidate|boost
|-unboost|p2a: Salamence|atk|1
|move|p2a: Salamence|Earthquake|p1a: Landorus
|-immune|p1a: Landorus
|
|upkeep
|turn|15
|
|t:|1760451484
|move|p1a: Landorus|Taunt|p2a: Salamence
|-start|p2a: Salamence|move: Taunt
|cant|p2a: Salamence|move: Taunt|Dragon Dance
|
|upkeep
|turn|16
|
|t:|1760451491
|switch|p2a: Araquanid|Araquanid, M, shiny|96/100
|-damage|p2a: Araquanid|71/100|[from] Stealth Rock
|-activate|p2a: Araquanid|move: Sticky Web
|-unboost|p2a: Araquanid|spe|1
|move|p1a: Landorus|U-turn|p2a: Araquanid
|-damage|p2a: Araquanid|60/100
|
|t:|1760451499
|switch|p1a: Kyurem|Kyurem|76/100|[from] U-turn
|-ability|p1a: Kyurem|Pressure
|
|-heal|p2a: Araquanid|66/100|[from] item: Leftovers
|upkeep
|turn|17
|
|t:|1760451509
|move|p1a: Kyurem|Freeze-Dry|p2a: Araquanid
|-supereffective|p2a: Araquanid
|-damage|p2a: Araquanid|0 fnt
|faint|p2a: Araquanid
|
|upkeep
|
|t:|1760451515
|switch|p2a: Magmortar|Magmortar, M|28/100
|-damage|p2a: Magmortar|3/100|[from] Stealth Rock
|-activate|p2a: Magmortar|move: Sticky Web
|-unboost|p2a: Magmortar|spe|1
|turn|18
|
|t:|1760451536
|switch|p1a: Landorus|Landorus-Therian, M|100/100
|-ability|p1a: Landorus|Intimidate|boost
|-unboost|p2a: Magmortar|atk|1
|move|p2a: Magmortar|Flamethrower|p1a: Landorus
|-crit|p1a: Landorus
|-damage|p1a: Landorus|0 fnt
|faint|p1a: Landorus
|
|-sideend|p2: TryinSome|Reflect
|upkeep
|
|t:|1760451546
|switch|p1a: Samurott|Samurott-Hisui, F|81/100
|turn|19
|
|t:|1760451549
|move|p1a: Samurott|Ceaseless Edge|p2a: Magmortar
|-damage|p2a: Magmortar|0 fnt
|-sidestart|p2: TryinSome|Spikes
|faint|p2a: Magmortar
|-damage|p1a: Samurott|71/100|[from] item: Life Orb
|
|upkeep
|
|t:|1760451555
|switch|p2a: Salamence|Salamence, M|55/100
|-damage|p2a: Salamence|31/100|[from] Stealth Rock
|turn|20
|
|t:|1760451565
|move|p2a: Salamence|Dragon Dance|p2a: Salamence
|-boost|p2a: Salamence|atk|1
|-boost|p2a: Salamence|spe|1
|move|p1a: Samurott|Ceaseless Edge|p2a: Salamence
|-damage|p2a: Salamence|0 fnt
|-sidestart|p2: TryinSome|Spikes
|faint|p2a: Salamence
|-damage|p1a: Samurott|61/100|[from] item: Life Orb
|
|upkeep
|
|t:|1760451569
|switch|p2a: Grimmsnarl|Grimmsnarl, M, shiny|50/100
|-damage|p2a: Grimmsnarl|38/100|[from] Stealth Rock
|-activate|p2a: Grimmsnarl|move: Sticky Web
|-unboost|p2a: Grimmsnarl|spe|1
|-damage|p2a: Grimmsnarl|22/100|[from] Spikes
|turn|21
|
|t:|1760451580
|move|p2a: Grimmsnarl|Reflect|p2a: Grimmsnarl
|-sidestart|p2: TryinSome|Reflect
|move|p1a: Samurott|Razor Shell|p2a: Grimmsnarl
|-damage|p2a: Grimmsnarl|0 fnt
|faint|p2a: Grimmsnarl
|-damage|p1a: Samurott|51/100|[from] item: Life Orb
|
|upkeep
|
|t:|1760451585
|switch|p2a: Lycanroc|Lycanroc-Dusk, M, shiny|100/100
|-damage|p2a: Lycanroc|88/100|[from] Stealth Rock
|-activate|p2a: Lycanroc|move: Sticky Web
|-unboost|p2a: Lycanroc|spe|1
|-damage|p2a: Lycanroc|72/100|[from] Spikes
|turn|22
|
|t:|1760451592
|move|p1a: Samurott|Razor Shell|p2a: Lycanroc
|-supereffective|p2a: Lycanroc
|-damage|p2a: Lycanroc|0 fnt
|faint|p2a: Lycanroc
|-damage|p1a: Samurott|41/100|[from] item: Life Orb
|
|win|OrphanGenerator
|raw|OrphanGenerator's rating: 1144 &rarr; <strong>1170</strong><br />(+26 for winning)
|raw|TryinSome's rating: 1160 &rarr; <strong>1134</strong><br />(-26 for losing)
|l|☆TryinSome
|player|p2|
|l|☆OrphanGenerator
|player|p1|
