|j|☆64Unitesdespleen
|j|☆Ruhan009
|t:|1760328809
|gametype|singles
|player|p1|64Unitesdespleen|winona|1286
|player|p2|Ruhan009|266|1344
|gen|9
|tier|[Gen 9] OU
|rated|
|rule|HP Percentage Mod: HP is shown in percentages
|rule|Endless Battle Clause: Forcing endless battles is banned
|rule|Species Clause: Limit one of each Pokémon
|rule|OHKO Clause: OHKO moves are banned
|rule|Evasion Items Clause: Evasion items are banned
|rule|Evasion Moves Clause: Evasion moves are banned
|rule|Evasion Abilities Clause: Evasion abilities are banned
|rule|Sleep Moves Clause: Sleep-inducing moves are banned
|clearpoke
|poke|p1|Torkoal, M|
|poke|p1|Slowking, M|
|poke|p1|Iron Hands|
|poke|p1|Cresselia, F|
|poke|p1|Glastrier|
|poke|p1|Hatterene, F|
|poke|p2|Kingambit, M|
|poke|p2|Raging Bolt|
|poke|p2|Ogerpon-Wellspring, F|
|poke|p2|Scizor, M|
|poke|p2|Iron Moth|
|poke|p2|Landorus-Therian, M|
|teampreview
|inactive|Battle timer is ON: inactive players will automatically lose when time's up. (requested by 64Unitesdespleen)
|
|t:|1760328823
|teamsize|p1|6
|teamsize|p2|6
|start
|switch|p1a: Hatterene|Hatterene, F|100/100
|switch|p2a: Scizor|Scizor, M|100/100
|turn|1
|
|t:|1760328832
|move|p2a: Scizor|Knock Off|p1a: Hatterene
|-damage|p1a: Hatterene|43/100
|-enditem|p1a: Hatterene|Focus Sash|[from] move: Knock Off|[of] p2a: Scizor
|move|p1a: Hatterene|Trick Room|p1a: Hatterene
|-fieldstart|move: Trick Room|[of] p1a: Hatterene
|
|upkeep
|turn|2
|
|t:|1760328845
|switch|p2a: Kingambit|Kingambit, M|100/100
|move|p1a: Hatterene|Mystical Fire|p2a: Kingambit
|-supereffective|p2a: Kingambit
|-damage|p2a: Kingambit|45/100
|-unboost|p2a: Kingambit|spa|1
|
|-heal|p2a: Kingambit|51/100|[from] item: Leftovers
|upkeep
|turn|3
|
|t:|1760328849
|move|p1a: Hatterene|Healing Wish|p1a: Hatterene
|faint|p1a: Hatterene
|move|p2a: Kingambit|Iron Head|p1: Hatterene|[notarget]
|-fail|p2a: Kingambit
|
|-heal|p2a: Kingambit|57/100|[from] item: Leftovers
|upkeep
|
|t:|1760328855
|switch|p1a: Iron Hands|Iron Hands|100/100
|turn|4
|
|t:|1760328860
|-end|p2a: Kingambit|fallenundefined|[silent]
|switch|p2a: Landorus|Landorus-Therian, M|100/100
|-ability|p2a: Landorus|Intimidate|boost
|-unboost|p1a: Iron Hands|atk|1
|move|p1a: Iron Hands|Swords Dance|p1a: Iron Hands
|-boost|p1a: Iron Hands|atk|2
|
|upkeep
|turn|5
|
|t:|1760328867
|move|p1a: Iron Hands|Ice Punch|p2a: Landorus
|-supereffective|p2a: Landorus
|-damage|p2a: Landorus|0 fnt
|faint|p2a: Landorus
|
|-fieldend|move: Trick Room
|upkeep
|
|t:|1760328886
|switch|p2a: Iron Moth|Iron Moth|100/100
|-enditem|p2a: Iron Moth|Booster Energy
|-activate|p2a: Iron Moth|ability: Quark Drive|[fromitem]
|-start|p2a: Iron Moth|quarkdrivespe
|turn|6
|
|t:|1760328890
|move|p2a: Iron Moth|Fiery Dance|p1a: Iron Hands
|-damage|p1a: Iron Hands|62/100
|move|p1a: Iron Hands|Thunder Punch|p2a: Iron Moth
|-damage|p2a: Iron Moth|0 fnt
|faint|p2a: Iron Moth
|-end|p2a: Iron Moth|Quark Drive|[silent]
|
|upkeep
|
|t:|1760328895
|switch|p2a: Scizor|Scizor, M|100/100
|turn|7
|
|t:|1760328899
|move|p2a: Scizor|Knock Off|p1a: Iron Hands
|-resisted|p1a: Iron Hands
|-damage|p1a: Iron Hands|46/100
|-enditem|p1a: Iron Hands|Punching Glove|[from] move: Knock Off|[of] p2a: Scizor
|move|p1a: Iron Hands|Drain Punch|p2a: Scizor
|-crit|p2a: Scizor
|-damage|p2a: Scizor|0 fnt
|-heal|p1a: Iron Hands|79/100|[from] drain|[of] p2a: Scizor
|faint|p2a: Scizor
|
|upkeep
|
|t:|1760328913
|switch|p2a: Ogerpon|Ogerpon-Wellspring, F|100/100
|turn|8
|
|t:|1760328918
|move|p2a: Ogerpon|Horn Leech|p1a: Iron Hands
|-damage|p1a: Iron Hands|52/100
|move|p1a: Iron Hands|Drain Punch|p2a: Ogerpon
|-damage|p2a: Ogerpon|18/100
|-heal|p1a: Iron Hands|76/100|[from] drain|[of] p2a: Ogerpon
|
|upkeep
|turn|9
|
|t:|1760328925
|move|p2a: Ogerpon|Encore|p1a: Iron Hands
|-start|p1a: Iron Hands|Encore
|move|p1a: Iron Hands|Drain Punch|p2a: Ogerpon
|-damage|p2a: Ogerpon|0 fnt
|-heal|p1a: Iron Hands|81/100|[from] drain|[of] p2a: Ogerpon
|faint|p2a: Ogerpon
|
|upkeep
|
|t:|1760328927
|switch|p2a: Raging Bolt|Raging Bolt|100/100
|-enditem|p2a: Raging Bolt|Booster Energy
|-activate|p2a: Raging Bolt|ability: Protosynthesis|[fromitem]
|-start|p2a: Raging Bolt|protosynthesisspa
|turn|10
|inactive|Ruhan009 has 120 seconds left.
|
|t:|1760328967
|-terastallize|p2a: Raging Bolt|Fairy
|move|p2a: Raging Bolt|Calm Mind|p2a: Raging Bolt
|-boost|p2a: Raging Bolt|spa|1
|-boost|p2a: Raging Bolt|spd|1
|move|p1a: Iron Hands|Drain Punch|p2a: Raging Bolt
|-resisted|p2a: Raging Bolt
|-crit|p2a: Raging Bolt
|-damage|p2a: Raging Bolt|59/100
|-heal|p1a: Iron Hands|99/100|[from] drain|[of] p2a: Raging Bolt
|
|upkeep
|turn|11
|inactive|Ruhan009 has 120 seconds left.
|
|t:|1760328972
|move|p2a: Raging Bolt|Thunder|p1a: Iron Hands
|-resisted|p1a: Iron Hands
|-damage|p1a: Iron Hands|44/100
|move|p1a: Iron Hands|Drain Punch|p2a: Raging Bolt
|-resisted|p2a: Raging Bolt
|-damage|p2a: Raging Bolt|32/100
|-heal|p1a: Iron Hands|56/100|[from] drain|[of] p2a: Raging Bolt
|
|-end|p1a: Iron Hands|Encore
|upkeep
|turn|12
|
|t:|1760328980
|move|p2a: Raging Bolt|Draco Meteor|p1a: Iron Hands
|-damage|p1a: Iron Hands|0 fnt
|-unboost|p2a: Raging Bolt|spa|2
|faint|p1a: Iron Hands
|-end|p1a: Iron Hands|Quark Drive|[silent]
|
|upkeep
|
|t:|1760328987
|switch|p1a: Glastrier|Glastrier|100/100
|turn|13
|
|t:|1760328993
|move|p2a: Raging Bolt|Calm Mind|p2a: Raging Bolt
|-boost|p2a: Raging Bolt|spa|1
|-boost|p2a: Raging Bolt|spd|1
|move|p1a: Glastrier|Icicle Crash|p2a: Raging Bolt
|-damage|p2a: Raging Bolt|0 fnt
|faint|p2a: Raging Bolt
|-end|p2a: Raging Bolt|Protosynthesis|[silent]
|-ability|p1a: Glastrier|Chilling Neigh|boost
|-boost|p1a: Glastrier|atk|1
|
|upkeep
|
|t:|1760328995
|switch|p2a: Kingambit|Kingambit, M|57/100
|-activate|p2a: Kingambit|ability: Supreme Overlord
|-start|p2a: Kingambit|fallen5|[silent]
|turn|14
|
|t:|1760328999
|-terastallize|p1a: Glastrier|Water
|move|p2a: Kingambit|Iron Head|p1a: Glastrier
|-resisted|p1a: Glastrier
|-damage|p1a: Glastrier|75/100
|cant|p1a: Glastrier|flinch
|
|-heal|p2a: Kingambit|63/100|[from] item: Leftovers
|-heal|p1a: Glastrier|81/100|[from] item: Leftovers
|upkeep
|turn|15
|
|t:|1760329004
|move|p2a: Kingambit|Swords Dance|p2a: Kingambit
|-boost|p2a: Kingambit|atk|2
|move|p1a: Glastrier|Close Combat|p2a: Kingambit
|-supereffective|p2a: Kingambit
|-damage|p2a: Kingambit|0 fnt
|-unboost|p1a: Glastrier|def|1
|-unboost|p1a: Glastrier|spd|1
|faint|p2a: Kingambit
|-end|p2a: Kingambit|fallen5|[silent]
|
|win|64Unitesdespleen
|raw|64Unitesdespleen's rating: 1286 &rarr; <strong>1315</strong><br />(+29 for winning)
|raw|Ruhan009's rating: 1344 &rarr; <strong>1321</strong><br />(-23 for losing)
|l|☆64Unitesdespleen
|player|p1|
|l|☆Ruhan009
|player|p2|
