|j|☆Ribow
|j|☆killingnath
|t:|1760452085
|gametype|singles
|player|p1|Ribow|169|1309
|player|p2|killingnath|1|1323
|gen|9
|tier|[Gen 9] OU
|rated|
|rule|HP Percentage Mod: HP is shown in percentages
|rule|Endless Battle Clause: Forcing endless battles is banned
|rule|Species Clause: Limit one of each Pokémon
|rule|OHKO Clause: OHKO moves are banned
|rule|Evasion Items Clause: Evasion items are banned
|rule|Evasion Moves Clause: Evasion moves are banned
|rule|Evasion Abilities Clause: Evasion abilities are banned
|rule|Sleep Moves Clause: Sleep-inducing moves are banned
|clearpoke
|poke|p1|Ceruledge, M|
|poke|p1|Skeledirge, M|
|poke|p1|Dachsbun, M|
|poke|p1|Iron Valiant|
|poke|p1|Houndstone, M|
|poke|p1|Alomomola, M|
|poke|p2|Great Tusk|
|poke|p2|Tinkaton, F|
|poke|p2|Hydrapple, F|
|poke|p2|Samurott-Hisui, M|
|poke|p2|Deoxys-Speed|
|poke|p2|Moltres|
|teampreview
|inactive|Battle timer is ON: inactive players will automatically lose when time's up. (requested by killingnath)
|
|t:|1760452094
|teamsize|p1|6
|teamsize|p2|6
|start
|switch|p1a: Ceruledge|Ceruledge, M|100/100
|switch|p2a: Samurott|Samurott-Hisui, M|100/100
|turn|1
|
|t:|1760452098
|move|p2a: Samurott|Ceaseless Edge|p1a: Ceruledge
|-supereffective|p1a: Ceruledge
|-enditem|p1a: Ceruledge|Focus Sash
|-damage|p1a: Ceruledge|1/100
|-ability|p1a: Ceruledge|Weak Armor|boost
|-unboost|p1a: Ceruledge|def|1
|-boost|p1a: Ceruledge|spe|2
|-sidestart|p1: Ribow|Spikes
|move|p1a: Ceruledge|Swords Dance|p1a: Ceruledge
|-boost|p1a: Ceruledge|atk|2
|
|upkeep
|turn|2
|
|t:|1760452102
|move|p1a: Ceruledge|Close Combat|p2a: Samurott
|-supereffective|p2a: Samurott
|-damage|p2a: Samurott|0 fnt
|-unboost|p1a: Ceruledge|def|1
|-unboost|p1a: Ceruledge|spd|1
|faint|p2a: Samurott
|
|upkeep
|
|t:|1760452111
|switch|p2a: Moltres|Moltres|100/100
|turn|3
|
|t:|1760452121
|move|p1a: Ceruledge|Bitter Blade|p2a: Moltres
|-resisted|p2a: Moltres
|-damage|p2a: Moltres|68/100
|-heal|p1a: Ceruledge|22/100|[from] drain|[of] p2a: Moltres
|move|p2a: Moltres|U-turn|p1a: Ceruledge
|-resisted|p1a: Ceruledge
|-damage|p1a: Ceruledge|13/100
|-ability|p1a: Ceruledge|Weak Armor|boost
|-unboost|p1a: Ceruledge|def|1
|-boost|p1a: Ceruledge|spe|2
|
|t:|1760452130
|switch|p2a: Great Tusk|Great Tusk|100/100|[from] U-turn
|
|upkeep
|turn|4
|
|t:|1760452135
|move|p1a: Ceruledge|Bitter Blade|p2a: Great Tusk
|-damage|p2a: Great Tusk|32/100
|-heal|p1a: Ceruledge|57/100|[from] drain|[of] p2a: Great Tusk
|move|p2a: Great Tusk|Headlong Rush|p1a: Ceruledge
|-supereffective|p1a: Ceruledge
|-damage|p1a: Ceruledge|0 fnt
|-unboost|p2a: Great Tusk|def|1
|-unboost|p2a: Great Tusk|spd|1
|faint|p1a: Ceruledge
|
|upkeep
|
|t:|1760452155
|switch|p1a: Houndstone|Houndstone, M|100/100
|-damage|p1a: Houndstone|88/100|[from] Spikes
|turn|5
|
|t:|1760452163
|-end|p2a: Great Tusk|Protosynthesis|[silent]
|switch|p2a: Tinkaton|Tinkaton, F|100/100
|-item|p2a: Tinkaton|Air Balloon
|move|p1a: Houndstone|Poltergeist|p2a: Tinkaton
|-activate|p2a: Tinkaton|move: Poltergeist|Air Balloon
|-damage|p2a: Tinkaton|57/100
|-enditem|p2a: Tinkaton|Air Balloon
|
|-heal|p1a: Houndstone|94/100|[from] item: Leftovers
|upkeep
|turn|6
|
|t:|1760452175
|move|p2a: Tinkaton|Knock Off|p1a: Houndstone
|-supereffective|p1a: Houndstone
|-damage|p1a: Houndstone|82/100
|-enditem|p1a: Houndstone|Leftovers|[from] move: Knock Off|[of] p2a: Tinkaton
|move|p1a: Houndstone|Body Press|p2a: Tinkaton
|-damage|p2a: Tinkaton|27/100
|
|upkeep
|turn|7
|
|t:|1760452182
|move|p2a: Tinkaton|Thunder Wave|p1a: Houndstone
|-status|p1a: Houndstone|par
|move|p1a: Houndstone|Body Press|p2a: Tinkaton
|-damage|p2a: Tinkaton|0 fnt
|faint|p2a: Tinkaton
|
|upkeep
|
|t:|1760452191
|switch|p2a: Hydrapple|Hydrapple, F|100/100
|turn|8
|
|t:|1760452198
|move|p2a: Hydrapple|Nasty Plot|p2a: Hydrapple
|-boost|p2a: Hydrapple|spa|2
|move|p1a: Houndstone|Rest|p1a: Houndstone
|-status|p1a: Houndstone|slp|[from] move: Rest
|-heal|p1a: Houndstone|100/100 slp|[silent]
|
|upkeep
|turn|9
|
|t:|1760452203
|cant|p1a: Houndstone|slp
|move|p1a: Houndstone|Sleep Talk|p1a: Houndstone
|move|p1a: Houndstone|Poltergeist|p2a: Hydrapple|[from] move: Sleep Talk
|-activate|p2a: Hydrapple|move: Poltergeist|Heavy-Duty Boots
|-damage|p2a: Hydrapple|72/100
|move|p2a: Hydrapple|Fickle Beam|p1a: Houndstone
|-damage|p1a: Houndstone|14/100 slp
|
|upkeep
|turn|10
|
|t:|1760452214
|cant|p1a: Houndstone|slp
|move|p1a: Houndstone|Sleep Talk|p1a: Houndstone
|move|p1a: Houndstone|Poltergeist|p2a: Hydrapple|[from] move: Sleep Talk
|-activate|p2a: Hydrapple|move: Poltergeist|Heavy-Duty Boots
|-damage|p2a: Hydrapple|43/100
|move|p2a: Hydrapple|Fickle Beam|p1a: Houndstone|[anim] Fickle Beam All Out
|-activate|p2a: Hydrapple|move: Fickle Beam
|-damage|p1a: Houndstone|0 fnt
|faint|p1a: Houndstone
|
|upkeep
|
|t:|1760452230
|switch|p1a: Skeledirge|Skeledirge, M|100/100
|turn|11
|
|t:|1760452234
|switch|p2a: Moltres|Moltres|68/100
|move|p1a: Skeledirge|Torch Song|p2a: Moltres
|-resisted|p2a: Moltres
|-damage|p2a: Moltres|52/100
|-boost|p1a: Skeledirge|spa|1
|
|upkeep
|turn|12
|
|t:|1760452242
|move|p1a: Skeledirge|Shadow Ball|p2a: Moltres
|-damage|p2a: Moltres|4/100
|-unboost|p2a: Moltres|spd|1
|move|p2a: Moltres|Roar|p1a: Skeledirge
|drag|p1a: Alomomola|Alomomola, M|100/100
|-damage|p1a: Alomomola|88/100|[from] Spikes
|
|upkeep
|turn|13
|
|t:|1760452252
|move|p2a: Moltres|Roost|p2a: Moltres
|-heal|p2a: Moltres|54/100
|-singleturn|p2a: Moltres|move: Roost
|move|p1a: Alomomola|Scald|p2a: Moltres
|-supereffective|p2a: Moltres
|-damage|p2a: Moltres|10/100
|
|upkeep
|turn|14
|
|t:|1760452261
|move|p2a: Moltres|U-turn|p1a: Alomomola
|-crit|p1a: Alomomola
|-damage|p1a: Alomomola|77/100
|-damage|p2a: Moltres|0 fnt|[from] item: Rocky Helmet|[of] p1a: Alomomola
|faint|p2a: Moltres
|move|p1a: Alomomola|Scald|p2: Moltres|[notarget]
|-fail|p1a: Alomomola
|
|upkeep
|
|t:|1760452263
|switch|p2a: Hydrapple|Hydrapple, F|76/100
|turn|15
|
|t:|1760452271
|move|p1a: Alomomola|Ice Beam|p2a: Hydrapple
|-supereffective|p2a: Hydrapple
|-damage|p2a: Hydrapple|36/100
|move|p2a: Hydrapple|Giga Drain|p1a: Alomomola
|-supereffective|p1a: Alomomola
|-damage|p1a: Alomomola|0 fnt
|-heal|p2a: Hydrapple|86/100|[from] drain|[of] p1a: Alomomola
|faint|p1a: Alomomola
|
|upkeep
|
|t:|1760452280
|switch|p1a: Skeledirge|Skeledirge, M|100/100
|turn|16
|
|t:|1760452285
|move|p1a: Skeledirge|Torch Song|p2a: Hydrapple
|-damage|p2a: Hydrapple|56/100
|-boost|p1a: Skeledirge|spa|1
|move|p2a: Hydrapple|Earth Power|p1a: Skeledirge
|-supereffective|p1a: Skeledirge
|-damage|p1a: Skeledirge|54/100
|
|upkeep
|turn|17
|
|t:|1760452294
|switch|p2a: Great Tusk|Great Tusk|32/100
|move|p1a: Skeledirge|Torch Song|p2a: Great Tusk
|-damage|p2a: Great Tusk|0 fnt
|-boost|p1a: Skeledirge|spa|1
|faint|p2a: Great Tusk
|-end|p2a: Great Tusk|Protosynthesis|[silent]
|
|upkeep
|
|t:|1760452296
|switch|p2a: Deoxys|Deoxys-Speed|100/100
|-ability|p2a: Deoxys|Pressure
|turn|18
|
|t:|1760452306
|move|p2a: Deoxys|Knock Off|p1a: Skeledirge
|-supereffective|p1a: Skeledirge
|-damage|p1a: Skeledirge|13/100
|-enditem|p1a: Skeledirge|Heavy-Duty Boots|[from] move: Knock Off|[of] p2a: Deoxys
|move|p1a: Skeledirge|Shadow Ball|p2a: Deoxys
|-supereffective|p2a: Deoxys
|-damage|p2a: Deoxys|0 fnt
|faint|p2a: Deoxys
|
|upkeep
|
|t:|1760452309
|switch|p2a: Hydrapple|Hydrapple, F|89/100
|turn|19
|
|t:|1760452318
|move|p1a: Skeledirge|Slack Off|p1a: Skeledirge
|-heal|p1a: Skeledirge|63/100
|move|p2a: Hydrapple|Earth Power|p1a: Skeledirge
|-supereffective|p1a: Skeledirge
|-damage|p1a: Skeledirge|19/100
|-unboost|p1a: Skeledirge|spd|1
|
|upkeep
|turn|20
|
|t:|1760452326
|move|p1a: Skeledirge|Torch Song|p2a: Hydrapple
|-damage|p2a: Hydrapple|33/100
|-boost|p1a: Skeledirge|spa|1
|move|p2a: Hydrapple|Earth Power|p1a: Skeledirge
|-supereffective|p1a: Skeledirge
|-damage|p1a: Skeledirge|0 fnt
|faint|p1a: Skeledirge
|
|upkeep
|
|t:|1760452335
|switch|p1a: Dachsbun|Dachsbun, M|100/100
|-damage|p1a: Dachsbun|88/100|[from] Spikes
|turn|21
|
|t:|1760452342
|-terastallize|p2a: Hydrapple|Steel
|move|p1a: Dachsbun|Play Rough|p2a: Hydrapple
|-resisted|p2a: Hydrapple
|-damage|p2a: Hydrapple|19/100
|move|p2a: Hydrapple|Giga Drain|p1a: Dachsbun
|-damage|p1a: Dachsbun|34/100
|-heal|p2a: Hydrapple|41/100|[from] drain|[of] p1a: Dachsbun
|
|-heal|p1a: Dachsbun|39/100|[from] item: Leftovers
|upkeep
|turn|22
|
|t:|1760452350
|move|p1a: Dachsbun|Stomping Tantrum|p2a: Hydrapple
|-supereffective|p2a: Hydrapple
|-damage|p2a: Hydrapple|8/100
|move|p2a: Hydrapple|Nasty Plot|p2a: Hydrapple
|-boost|p2a: Hydrapple|spa|2
|
|-heal|p1a: Dachsbun|45/100|[from] item: Leftovers
|upkeep
|turn|23
|
|t:|1760452355
|move|p1a: Dachsbun|Stomping Tantrum|p2a: Hydrapple
|-supereffective|p2a: Hydrapple
|-damage|p2a: Hydrapple|0 fnt
|faint|p2a: Hydrapple
|
|win|Ribow
|raw|Ribow's rating: 1309 &rarr; <strong>1330</strong><br />(+21 for winning)
|raw|killingnath's rating: 1323 &rarr; <strong>1302</strong><br />(-21 for losing)
|l|☆killingnath
|player|p2|
|l|☆Ribow
|player|p1|
