|j|☆agc noob
|j|☆Mf Fafnir
|t:|1760439342
|gametype|singles
|player|p1|agc noob|brendan|1085
|player|p2|Mf Fafnir|brock|1053
|gen|9
|tier|[Gen 9] OU
|rated|
|rule|HP Percentage Mod: HP is shown in percentages
|rule|Endless Battle Clause: Forcing endless battles is banned
|rule|Species Clause: Limit one of each Pokémon
|rule|OHKO Clause: OHKO moves are banned
|rule|Evasion Items Clause: Evasion items are banned
|rule|Evasion Moves Clause: Evasion moves are banned
|rule|Evasion Abilities Clause: Evasion abilities are banned
|rule|Sleep Moves Clause: Sleep-inducing moves are banned
|clearpoke
|poke|p1|Ninetales-Alola, M|
|poke|p1|Kyurem|
|poke|p1|Sandy Shocks|
|poke|p1|Ogerpon-Wellspring, F|
|poke|p1|Hoopa-Unbound|
|poke|p1|Glimmora, M|
|poke|p2|Croconaw, M|
|poke|p2|Hattrem, F|
|poke|p2|Carbink|
|poke|p2|Sneasel, M|
|poke|p2|Electabuzz, M|
|poke|p2|Morgrem, M|
|teampreview
|inactive|Battle timer is ON: inactive players will automatically lose when time's up. (requested by agc noob)
|c|☆agc noob|wth
|c|☆agc noob|wrong tier buddy
|
|t:|1760439367
|teamsize|p1|6
|teamsize|p2|6
|start
|switch|p1a: Hoopa|Hoopa-Unbound|100/100
|switch|p2a: Morgrem|Morgrem, M, shiny|100/100
|turn|1
|
|t:|1760439374
|move|p2a: Morgrem|Fake Out|p1a: Hoopa
|-damage|p1a: Hoopa|93/100
|cant|p1a: Hoopa|flinch
|
|upkeep
|turn|2
|
|t:|1760439379
|move|p1a: Hoopa|Knock Off|p2a: Morgrem
|-resisted|p2a: Morgrem
|-damage|p2a: Morgrem|83/100
|-enditem|p2a: Morgrem|Eviolite|[from] move: Knock Off|[of] p1a: Hoopa
|move|p2a: Morgrem|Dazzling Gleam|p1a: Hoopa
|-supereffective|p1a: Hoopa
|-damage|p1a: Hoopa|58/100
|
|upkeep
|turn|3
|
|t:|1760439387
|move|p1a: Hoopa|Gunk Shot|p2a: Morgrem|[miss]
|-miss|p1a: Hoopa|p2a: Morgrem
|move|p2a: Morgrem|Dazzling Gleam|p1a: Hoopa
|-supereffective|p1a: Hoopa
|-damage|p1a: Hoopa|16/100
|
|upkeep
|turn|4
|
|t:|1760439393
|move|p1a: Hoopa|Gunk Shot|p2a: Morgrem|[miss]
|-miss|p1a: Hoopa|p2a: Morgrem
|move|p2a: Morgrem|Dazzling Gleam|p1a: Hoopa
|-supereffective|p1a: Hoopa
|-damage|p1a: Hoopa|0 fnt
|faint|p1a: Hoopa
|
|upkeep
|c|☆Mf Fafnir|nicce aim
|c|☆agc noob|lmao
|
|t:|1760439412
|switch|p1a: Ogerpon|Ogerpon-Wellspring, F|100/100
|turn|5
|
|t:|1760439416
|move|p2a: Morgrem|Parting Shot|p1a: Ogerpon
|-unboost|p1a: Ogerpon|atk|1
|-unboost|p1a: Ogerpon|spa|1
|
|t:|1760439424
|switch|p2a: Hattrem|Hattrem, F|100/100|[from] Parting Shot
|move|p1a: Ogerpon|Swords Dance|p1a: Ogerpon
|-boost|p1a: Ogerpon|atk|2
|
|upkeep
|turn|6
|
|t:|1760439433
|-terastallize|p1a: Ogerpon|Water
|detailschange|p1a: Ogerpon|Ogerpon-Wellspring-Tera, F, tera:Water
|-ability|p1a: Ogerpon|Embody Aspect (Wellspring)|boost
|-boost|p1a: Ogerpon|spd|1
|move|p1a: Ogerpon|Ivy Cudgel|p2a: Hattrem|[anim] Ivy Cudgel Water
|-damage|p2a: Hattrem|0 fnt
|faint|p2a: Hattrem
|
|upkeep
|
|t:|1760439441
|switch|p2a: Electabuzz|Electabuzz, M|100/100
|turn|7
|
|t:|1760439446
|move|p1a: Ogerpon|Ivy Cudgel|p2a: Electabuzz|[anim] Ivy Cudgel Water
|-damage|p2a: Electabuzz|0 fnt
|faint|p2a: Electabuzz
|
|upkeep
|
|t:|1760439456
|switch|p2a: Carbink|Carbink, shiny|100/100
|turn|8
|
|t:|1760439459
|-terastallize|p2a: Carbink|Fighting
|move|p1a: Ogerpon|Power Whip|p2a: Carbink
|-damage|p2a: Carbink|15/100
|move|p2a: Carbink|Iron Defense|p2a: Carbink
|-boost|p2a: Carbink|def|2
|
|-heal|p2a: Carbink|21/100|[from] item: Leftovers
|upkeep
|turn|9
|
|t:|1760439468
|move|p1a: Ogerpon|Ivy Cudgel|p2a: Carbink|[anim] Ivy Cudgel Water
|-damage|p2a: Carbink|0 fnt
|faint|p2a: Carbink
|
|upkeep
|
|t:|1760439473
|switch|p2a: Morgrem|Morgrem, M, shiny|83/100
|turn|10
|
|t:|1760439476
|move|p2a: Morgrem|Fake Out|p1a: Ogerpon
|-damage|p1a: Ogerpon|93/100
|cant|p1a: Ogerpon|flinch
|
|upkeep
|turn|11
|
|t:|1760439483
|move|p2a: Morgrem|Parting Shot|p1a: Ogerpon
|-unboost|p1a: Ogerpon|atk|1
|-unboost|p1a: Ogerpon|spa|1
|
|t:|1760439488
|switch|p2a: Croconaw|Croconaw, M, shiny|100/100|[from] Parting Shot
|move|p1a: Ogerpon|Swords Dance|p1a: Ogerpon
|-boost|p1a: Ogerpon|atk|2
|
|upkeep
|turn|12
|-message|Mf Fafnir forfeited.
|
|win|agc noob
|raw|agc noob's rating: 1085 &rarr; <strong>1110</strong><br />(+25 for winning)
|raw|Mf Fafnir's rating: 1053 &rarr; <strong>1037</strong><br />(-16 for losing)
|l|☆Mf Fafnir
|player|p2|
|l|☆agc noob
|player|p1|
