|j|☆ikthoizzykil
|j|☆getreyal
|t:|1760397558
|gametype|singles
|player|p1|ikthoizzykil|pokemaniac-gen3rs|1589
|player|p2|getreyal|pokemonbreeder-gen4|1593
|gen|9
|tier|[Gen 9] OU
|rated|
|rule|HP Percentage Mod: HP is shown in percentages
|rule|Endless Battle Clause: Forcing endless battles is banned
|rule|Species Clause: Limit one of each Pokémon
|rule|OHKO Clause: OHKO moves are banned
|rule|Evasion Items Clause: Evasion items are banned
|rule|Evasion Moves Clause: Evasion moves are banned
|rule|Evasion Abilities Clause: Evasion abilities are banned
|rule|Sleep Moves Clause: Sleep-inducing moves are banned
|clearpoke
|poke|p1|Dragapult, F|
|poke|p1|Rillaboom, F|
|poke|p1|Primarina, F|
|poke|p1|Great Tusk|
|poke|p1|Darkrai|
|poke|p1|Scizor, M|
|poke|p2|Zamazenta-*|
|poke|p2|Alomomola, F|
|poke|p2|Ursaluna, F|
|poke|p2|Darkrai|
|poke|p2|Zapdos|
|poke|p2|Hatterene, F|
|teampreview
|inactive|Battle timer is ON: inactive players will automatically lose when time's up. (requested by ikthoizzykil)
|
|t:|1760397581
|teamsize|p1|6
|teamsize|p2|6
|start
|switch|p1a: Dragapult|Dragapult, F|100/100
|switch|p2a: Zapdos|Zapdos|100/100
|turn|1
|
|t:|1760397592
|move|p1a: Dragapult|Shadow Ball|p2a: Zapdos
|-damage|p2a: Zapdos|66/100
|move|p2a: Zapdos|Thunder Wave|p1a: Dragapult
|-status|p1a: Dragapult|par
|
|upkeep
|turn|2
|
|t:|1760397599
|move|p1a: Dragapult|Shadow Ball|p2a: Zapdos
|-damage|p2a: Zapdos|28/100
|move|p2a: Zapdos|Roost|p2a: Zapdos
|-heal|p2a: Zapdos|79/100
|-singleturn|p2a: Zapdos|move: Roost
|
|upkeep
|turn|3
|
|t:|1760397606
|switch|p2a: Ursaluna|Ursaluna, F|100/100
|move|p1a: Dragapult|Shadow Ball|p2a: Ursaluna
|-immune|p2a: Ursaluna
|
|upkeep
|turn|4
|
|t:|1760397612
|switch|p1a: Rillaboom|Rillaboom, F|100/100
|-fieldstart|move: Grassy Terrain|[from] ability: Grassy Surge|[of] p1a: Rillaboom
|move|p2a: Ursaluna|Body Slam|p1a: Rillaboom
|-damage|p1a: Rillaboom|51/100
|-status|p1a: Rillaboom|par
|
|-heal|p1a: Rillaboom|57/100 par|[from] Grassy Terrain
|upkeep
|turn|5
|
|t:|1760397621
|switch|p2a: Zapdos|Zapdos|79/100
|move|p1a: Rillaboom|Knock Off|p2a: Zapdos
|-damage|p2a: Zapdos|45/100
|-enditem|p2a: Zapdos|Heavy-Duty Boots|[from] move: Knock Off|[of] p1a: Rillaboom
|-damage|p1a: Rillaboom|47/100 par|[from] item: Life Orb
|
|-heal|p1a: Rillaboom|54/100 par|[from] Grassy Terrain
|upkeep
|turn|6
|
|t:|1760397630
|switch|p1a: Dragapult|Dragapult, F|100/100 par
|move|p2a: Zapdos|Roost|p2a: Zapdos
|-heal|p2a: Zapdos|95/100
|-singleturn|p2a: Zapdos|move: Roost
|
|-heal|p2a: Zapdos|100/100|[from] Grassy Terrain
|upkeep
|turn|7
|
|t:|1760397637
|cant|p1a: Dragapult|par
|move|p2a: Zapdos|Hurricane|p1a: Dragapult|[miss]
|-miss|p2a: Zapdos|p1a: Dragapult
|
|upkeep
|turn|8
|
|t:|1760397644
|move|p1a: Dragapult|Shadow Ball|p2a: Zapdos
|-damage|p2a: Zapdos|64/100
|move|p2a: Zapdos|Hurricane|p1a: Dragapult
|-damage|p1a: Dragapult|24/100 par
|-start|p1a: Dragapult|confusion
|
|-heal|p1a: Dragapult|30/100 par|[from] Grassy Terrain
|-fieldend|move: Grassy Terrain
|upkeep
|turn|9
|
|t:|1760397652
|-activate|p1a: Dragapult|confusion
|move|p1a: Dragapult|Shadow Ball|p2a: Zapdos
|-damage|p2a: Zapdos|25/100
|move|p2a: Zapdos|Hurricane|p1a: Dragapult
|-damage|p1a: Dragapult|0 fnt
|faint|p1a: Dragapult
|
|upkeep
|
|t:|1760397662
|switch|p1a: Darkrai|Darkrai|100/100
|turn|10
|
|t:|1760397667
|switch|p2a: Alomomola|Alomomola, F|100/100
|move|p1a: Darkrai|Nasty Plot|p1a: Darkrai
|-boost|p1a: Darkrai|spa|2
|
|upkeep
|turn|11
|
|t:|1760397672
|move|p1a: Darkrai|Nasty Plot|p1a: Darkrai
|-boost|p1a: Darkrai|spa|2
|move|p2a: Alomomola|Flip Turn|p1a: Darkrai
|-damage|p1a: Darkrai|78/100
|
|t:|1760397675
|switch|p2a: Zamazenta|Zamazenta|100/100|[from] Flip Turn
|-ability|p2a: Zamazenta|Dauntless Shield|boost
|-boost|p2a: Zamazenta|def|1
|
|upkeep
|turn|12
|
|t:|1760397684
|-terastallize|p1a: Darkrai|Poison
|move|p2a: Zamazenta|Close Combat|p1a: Darkrai
|-resisted|p1a: Darkrai
|-damage|p1a: Darkrai|21/100
|-unboost|p2a: Zamazenta|def|1
|-unboost|p2a: Zamazenta|spd|1
|move|p1a: Darkrai|Sludge Bomb|p2a: Zamazenta
|-damage|p2a: Zamazenta|0 fnt
|faint|p2a: Zamazenta
|
|upkeep
|
|t:|1760397691
|switch|p2a: Darkrai|Darkrai|100/100
|turn|13
|
|t:|1760397707
|switch|p1a: Great Tusk|Great Tusk|100/100
|move|p2a: Darkrai|Dark Pulse|p1a: Great Tusk
|-resisted|p1a: Great Tusk
|-damage|p1a: Great Tusk|49/100
|
|-heal|p1a: Great Tusk|55/100|[from] item: Leftovers
|upkeep
|turn|14
|
|t:|1760397722
|switch|p2a: Hatterene|Hatterene, F|100/100
|move|p1a: Great Tusk|Rapid Spin|p2a: Hatterene
|-damage|p2a: Hatterene|84/100
|-boost|p1a: Great Tusk|spe|1
|-damage|p1a: Great Tusk|39/100|[from] item: Rocky Helmet|[of] p2a: Hatterene
|
|-heal|p1a: Great Tusk|45/100|[from] item: Leftovers
|upkeep
|turn|15
|
|t:|1760397732
|move|p1a: Great Tusk|Headlong Rush|p2a: Hatterene
|-damage|p2a: Hatterene|35/100
|-unboost|p1a: Great Tusk|def|1
|-unboost|p1a: Great Tusk|spd|1
|-damage|p1a: Great Tusk|29/100|[from] item: Rocky Helmet|[of] p2a: Hatterene
|move|p2a: Hatterene|Draining Kiss|p1a: Great Tusk
|-supereffective|p1a: Great Tusk
|-damage|p1a: Great Tusk|0 fnt
|-heal|p2a: Hatterene|60/100|[from] drain|[of] p1a: Great Tusk
|faint|p1a: Great Tusk
|-end|p1a: Great Tusk|Protosynthesis|[silent]
|
|upkeep
|
|t:|1760397746
|switch|p1a: Darkrai|Darkrai, tera:Poison|21/100
|turn|16
|
|t:|1760397752
|switch|p2a: Alomomola|Alomomola, F|100/100
|move|p1a: Darkrai|Sludge Bomb|p2a: Alomomola
|-damage|p2a: Alomomola|72/100
|
|upkeep
|turn|17
|
|t:|1760397758
|switch|p1a: Primarina|Primarina, F|100/100
|move|p2a: Alomomola|Scald|p1a: Primarina
|-resisted|p1a: Primarina
|-crit|p1a: Primarina
|-damage|p1a: Primarina|92/100
|
|-heal|p1a: Primarina|99/100|[from] item: Leftovers
|upkeep
|turn|18
|
|t:|1760397765
|move|p1a: Primarina|Substitute|p1a: Primarina
|-start|p1a: Primarina|Substitute
|-damage|p1a: Primarina|74/100
|move|p2a: Alomomola|Flip Turn|p1a: Primarina
|-resisted|p1a: Primarina
|-activate|p1a: Primarina|move: Substitute|[damage]
|
|t:|1760397773
|switch|p2a: Zapdos|Zapdos|25/100|[from] Flip Turn
|
|-heal|p1a: Primarina|80/100|[from] item: Leftovers
|upkeep
|turn|19
|
|t:|1760397777
|move|p2a: Zapdos|Volt Switch|p1a: Primarina
|-supereffective|p1a: Primarina
|-end|p1a: Primarina|Substitute
|
|t:|1760397780
|switch|p2a: Alomomola|Alomomola, F|100/100|[from] Volt Switch
|move|p1a: Primarina|Psychic Noise|p2a: Alomomola
|-resisted|p2a: Alomomola
|-damage|p2a: Alomomola|92/100
|-start|p2a: Alomomola|move: Heal Block
|
|-heal|p1a: Primarina|86/100|[from] item: Leftovers
|upkeep
|turn|20
|
|t:|1760397790
|move|p1a: Primarina|Calm Mind|p1a: Primarina
|-boost|p1a: Primarina|spa|1
|-boost|p1a: Primarina|spd|1
|move|p2a: Alomomola|Flip Turn|p1a: Primarina
|-resisted|p1a: Primarina
|-damage|p1a: Primarina|80/100
|
|t:|1760397803
|switch|p2a: Darkrai|Darkrai|100/100|[from] Flip Turn
|
|-heal|p1a: Primarina|86/100|[from] item: Leftovers
|upkeep
|turn|21
|
|t:|1760397812
|-terastallize|p2a: Darkrai|Dark
|move|p2a: Darkrai|Sludge Bomb|p1a: Primarina
|-supereffective|p1a: Primarina
|-damage|p1a: Primarina|30/100
|-status|p1a: Primarina|psn
|move|p1a: Primarina|Draining Kiss|p2a: Darkrai
|-supereffective|p2a: Darkrai
|-damage|p2a: Darkrai|12/100
|-heal|p1a: Primarina|83/100 psn|[from] drain|[of] p2a: Darkrai
|
|-heal|p1a: Primarina|89/100 psn|[from] item: Leftovers
|-damage|p1a: Primarina|77/100 psn|[from] psn
|upkeep
|turn|22
|
|t:|1760397824
|switch|p1a: Scizor|Scizor, M|100/100
|move|p2a: Darkrai|Sludge Bomb|p1a: Scizor
|-immune|p1a: Scizor
|
|upkeep
|turn|23
|
|t:|1760397833
|switch|p2a: Alomomola|Alomomola, F|100/100
|move|p1a: Scizor|U-turn|p2a: Alomomola
|-damage|p2a: Alomomola|64/100
|
|t:|1760397838
|switch|p1a: Rillaboom|Rillaboom, F|54/100 par|[from] U-turn
|-fieldstart|move: Grassy Terrain|[from] ability: Grassy Surge|[of] p1a: Rillaboom
|
|-heal|p2a: Alomomola|70/100|[from] Grassy Terrain
|-heal|p1a: Rillaboom|60/100 par|[from] Grassy Terrain
|upkeep
|turn|24
|
|t:|1760397844
|switch|p2a: Ursaluna|Ursaluna, F|100/100
|move|p1a: Rillaboom|Wood Hammer|p2a: Ursaluna
|-supereffective|p2a: Ursaluna
|-damage|p2a: Ursaluna|0 fnt
|faint|p2a: Ursaluna
|-damage|p1a: Rillaboom|27/100 par|[from] Recoil
|-damage|p1a: Rillaboom|17/100 par|[from] item: Life Orb
|
|-heal|p1a: Rillaboom|23/100 par|[from] Grassy Terrain
|upkeep
|
|t:|1760397849
|switch|p2a: Zapdos|Zapdos|25/100
|turn|25
|
|t:|1760397857
|move|p2a: Zapdos|Roost|p2a: Zapdos
|-heal|p2a: Zapdos|75/100
|-singleturn|p2a: Zapdos|move: Roost
|move|p1a: Rillaboom|U-turn|p2a: Zapdos
|-damage|p2a: Zapdos|51/100
|-damage|p1a: Rillaboom|13/100 par|[from] item: Life Orb
|
|t:|1760397864
|switch|p1a: Darkrai|Darkrai, tera:Poison|21/100|[from] U-turn
|
|-heal|p1a: Darkrai|28/100|[from] Grassy Terrain
|-heal|p2a: Zapdos|57/100|[from] Grassy Terrain
|upkeep
|turn|26
|
|t:|1760397870
|move|p1a: Darkrai|Ice Beam|p2a: Zapdos
|-supereffective|p2a: Zapdos
|-damage|p2a: Zapdos|0 fnt
|faint|p2a: Zapdos
|
|-heal|p1a: Darkrai|34/100|[from] Grassy Terrain
|upkeep
|
|t:|1760397877
|switch|p2a: Darkrai|Darkrai, tera:Dark|12/100
|turn|27
|
|t:|1760397887
|move|p1a: Darkrai|Sludge Bomb|p2a: Darkrai
|-damage|p2a: Darkrai|0 fnt
|faint|p2a: Darkrai
|
|-heal|p1a: Darkrai|40/100|[from] Grassy Terrain
|-fieldend|move: Grassy Terrain
|upkeep
|
|t:|1760397894
|switch|p2a: Alomomola|Alomomola, F|100/100
|turn|28
|
|t:|1760397896
|move|p1a: Darkrai|Nasty Plot|p1a: Darkrai
|-boost|p1a: Darkrai|spa|2
|move|p2a: Alomomola|Scald|p1a: Darkrai
|-damage|p1a: Darkrai|23/100
|
|upkeep
|turn|29
|
|t:|1760397902
|move|p1a: Darkrai|Sludge Bomb|p2a: Alomomola
|-damage|p2a: Alomomola|51/100
|move|p2a: Alomomola|Scald|p1a: Darkrai
|-damage|p1a: Darkrai|6/100
|
|upkeep
|turn|30
|
|t:|1760397908
|move|p1a: Darkrai|Sludge Bomb|p2a: Alomomola
|-damage|p2a: Alomomola|2/100
|move|p2a: Alomomola|Flip Turn|p1a: Darkrai
|-damage|p1a: Darkrai|0 fnt
|faint|p1a: Darkrai
|
|t:|1760397910
|switch|p2a: Hatterene|Hatterene, F|60/100|[from] Flip Turn
|
|upkeep
|
|t:|1760397917
|switch|p1a: Scizor|Scizor, M|100/100
|turn|31
|
|t:|1760397925
|move|p1a: Scizor|Bullet Punch|p2a: Hatterene
|-supereffective|p2a: Hatterene
|-damage|p2a: Hatterene|0 fnt
|-damage|p1a: Scizor|84/100|[from] item: Rocky Helmet|[of] p2a: Hatterene
|faint|p2a: Hatterene
|
|upkeep
|
|t:|1760397926
|switch|p2a: Alomomola|Alomomola, F|35/100
|turn|32
|-message|getreyal forfeited.
|
|win|ikthoizzykil
|raw|ikthoizzykil's rating: 1589 &rarr; <strong>1609</strong><br />(+20 for winning)
|raw|getreyal's rating: 1593 &rarr; <strong>1573</strong><br />(-20 for losing)
|l|☆getreyal
|player|p2|
