|j|☆WeRrsome
|j|☆busto2412
|t:|1760363788
|gametype|singles
|player|p1|WeRrsome|265|1559
|player|p2|busto2412|hilbert-wonderlauncher|1572
|gen|9
|tier|[Gen 9] OU
|rated|
|rule|HP Percentage Mod: HP is shown in percentages
|rule|Endless Battle Clause: Forcing endless battles is banned
|rule|Species Clause: Limit one of each Pokémon
|rule|OHKO Clause: OHKO moves are banned
|rule|Evasion Items Clause: Evasion items are banned
|rule|Evasion Moves Clause: Evasion moves are banned
|rule|Evasion Abilities Clause: Evasion abilities are banned
|rule|Sleep Moves Clause: Sleep-inducing moves are banned
|clearpoke
|poke|p1|Araquanid, M|
|poke|p1|Dragonite, F|
|poke|p1|Magnezone|
|poke|p1|Landorus-Therian, M|
|poke|p1|Iron Treads|
|poke|p1|Gengar, F|
|poke|p2|Ursaluna, M|
|poke|p2|Dragapult, M|
|poke|p2|Zamazenta-*|
|poke|p2|Greninja-*, M|
|poke|p2|Zapdos|
|poke|p2|Hoopa-Unbound|
|teampreview
|
|t:|1760363807
|teamsize|p1|6
|teamsize|p2|6
|start
|switch|p1a: Landorus|Landorus-Therian, M|100/100
|switch|p2a: Zapdos|Zapdos, shiny|100/100
|-ability|p1a: Landorus|Intimidate|boost
|-unboost|p2a: Zapdos|atk|1
|turn|1
|inactive|Battle timer is ON: inactive players will automatically lose when time's up. (requested by WeRrsome)
|
|t:|1760363818
|move|p1a: Landorus|Stone Edge|p2a: Zapdos
|-supereffective|p2a: Zapdos
|-damage|p2a: Zapdos|49/100
|move|p2a: Zapdos|Hurricane|p1a: Landorus|[miss]
|-miss|p2a: Zapdos|p1a: Landorus
|
|upkeep
|turn|2
|
|t:|1760363829
|switch|p2a: Ursaluna|Ursaluna, M, shiny|100/100
|move|p1a: Landorus|Stone Edge|p2a: Ursaluna
|-resisted|p2a: Ursaluna
|-damage|p2a: Ursaluna|85/100
|
|-status|p2a: Ursaluna|brn|[from] item: Flame Orb
|upkeep
|turn|3
|
|t:|1760363842
|switch|p1a: Dragonite|Dragonite, F|100/100
|move|p2a: Ursaluna|Facade|p1a: Dragonite
|-damage|p1a: Dragonite|58/100
|-damage|p2a: Ursaluna|69/100 brn|[from] item: Rocky Helmet|[of] p1a: Dragonite
|
|-damage|p2a: Ursaluna|62/100 brn|[from] brn
|upkeep
|turn|4
|inactive|WeRrsome has 120 seconds left.
|
|t:|1760363877
|move|p2a: Ursaluna|Facade|p1a: Dragonite
|-damage|p1a: Dragonite|0 fnt
|-damage|p2a: Ursaluna|46/100 brn|[from] item: Rocky Helmet|[of] p1a: Dragonite
|faint|p1a: Dragonite
|
|-damage|p2a: Ursaluna|40/100 brn|[from] brn
|upkeep
|
|t:|1760363896
|switch|p1a: Landorus|Landorus-Therian, M|100/100
|-ability|p1a: Landorus|Intimidate|boost
|-unboost|p2a: Ursaluna|atk|1
|turn|5
|
|t:|1760363906
|move|p1a: Landorus|Stone Edge|p2a: Ursaluna
|-resisted|p2a: Ursaluna
|-damage|p2a: Ursaluna|24/100 brn
|move|p2a: Ursaluna|Facade|p1a: Landorus
|-damage|p1a: Landorus|6/100
|
|-damage|p2a: Ursaluna|17/100 brn|[from] brn
|upkeep
|turn|6
|
|t:|1760363913
|move|p1a: Landorus|Stone Edge|p2a: Ursaluna
|-resisted|p2a: Ursaluna
|-crit|p2a: Ursaluna
|-damage|p2a: Ursaluna|0 fnt
|faint|p2a: Ursaluna
|
|upkeep
|
|t:|1760363919
|switch|p2a: Greninja|Greninja, M|100/100
|turn|7
|
|t:|1760363923
|switch|p1a: Araquanid|Araquanid, M|100/100
|move|p2a: Greninja|Dark Pulse|p1a: Araquanid
|-damage|p1a: Araquanid|62/100
|-damage|p2a: Greninja|91/100|[from] item: Life Orb
|
|upkeep
|turn|8
|
|t:|1760363930
|move|p2a: Greninja|Dark Pulse|p1a: Araquanid
|-damage|p1a: Araquanid|23/100
|-damage|p2a: Greninja|81/100|[from] item: Life Orb
|move|p1a: Araquanid|Sticky Web|p2a: Greninja
|-sidestart|p2: busto2412|move: Sticky Web
|
|upkeep
|turn|9
|
|t:|1760363936
|move|p2a: Greninja|Dark Pulse|p1a: Araquanid
|-damage|p1a: Araquanid|0 fnt
|faint|p1a: Araquanid
|-ability|p2a: Greninja|Battle Bond|boost
|-boost|p2a: Greninja|atk|1
|-boost|p2a: Greninja|spa|1
|-boost|p2a: Greninja|spe|1
|-activate|p2a: Greninja|ability: Battle Bond
|-damage|p2a: Greninja|71/100|[from] item: Life Orb
|
|upkeep
|
|t:|1760363948
|switch|p1a: Magnezone|Magnezone|100/100
|turn|10
|
|t:|1760363952
|-terastallize|p2a: Greninja|Dragon
|move|p2a: Greninja|Surf|p1a: Magnezone
|-damage|p1a: Magnezone|23/100
|-damage|p2a: Greninja|61/100|[from] item: Life Orb
|move|p1a: Magnezone|Volt Switch|p2a: Greninja
|-resisted|p2a: Greninja
|-damage|p2a: Greninja|1/100
|
|t:|1760363964
|switch|p1a: Iron Treads|Iron Treads|100/100|[from] Volt Switch
|
|upkeep
|turn|11
|
|t:|1760363973
|move|p2a: Greninja|Surf|p1a: Iron Treads
|-supereffective|p1a: Iron Treads
|-damage|p1a: Iron Treads|12/100
|-damage|p2a: Greninja|0 fnt|[from] item: Life Orb
|faint|p2a: Greninja
|move|p1a: Iron Treads|Knock Off|p2: Greninja|[notarget]
|-fail|p1a: Iron Treads
|
|upkeep
|
|t:|1760363980
|switch|p2a: Zapdos|Zapdos, shiny|49/100
|turn|12
|
|t:|1760363983
|move|p1a: Iron Treads|Earthquake|p2a: Zapdos
|-immune|p2a: Zapdos
|move|p2a: Zapdos|Roost|p2a: Zapdos
|-heal|p2a: Zapdos|99/100
|-singleturn|p2a: Zapdos|move: Roost
|
|upkeep
|turn|13
|
|t:|1760363990
|move|p1a: Iron Treads|Knock Off|p2a: Zapdos
|-damage|p2a: Zapdos|83/100
|-damage|p1a: Iron Treads|0 fnt|[from] item: Rocky Helmet|[of] p2a: Zapdos
|faint|p1a: Iron Treads
|-end|p1a: Iron Treads|Quark Drive|[silent]
|move|p2a: Zapdos|Heat Wave|p1: Iron Treads|[notarget]
|-fail|p2a: Zapdos
|
|upkeep
|
|t:|1760364009
|switch|p1a: Gengar|Gengar, F|100/100
|turn|14
|
|t:|1760364017
|move|p1a: Gengar|Shadow Ball|p2a: Zapdos
|-damage|p2a: Zapdos|17/100
|move|p2a: Zapdos|Discharge|p1a: Gengar
|-damage|p1a: Gengar|50/100
|
|upkeep
|turn|15
|
|t:|1760364035
|move|p1a: Gengar|Shadow Ball|p2a: Zapdos
|-damage|p2a: Zapdos|0 fnt
|faint|p2a: Zapdos
|
|upkeep
|
|t:|1760364039
|switch|p2a: Hoopa|Hoopa-Unbound|100/100
|-activate|p2a: Hoopa|move: Sticky Web
|-unboost|p2a: Hoopa|spe|1
|turn|16
|
|t:|1760364056
|-terastallize|p1a: Gengar|Ghost
|move|p1a: Gengar|Shadow Ball|p2a: Hoopa
|-damage|p2a: Hoopa|61/100
|move|p2a: Hoopa|Knock Off|p1a: Gengar
|-supereffective|p1a: Gengar
|-damage|p1a: Gengar|0 fnt
|-start|p2a: Hoopa|Disable|Knock Off|[from] ability: Cursed Body|[of] p1a: Gengar
|-enditem|p1a: Gengar|Choice Specs|[from] move: Knock Off|[of] p2a: Hoopa
|faint|p1a: Gengar
|
|upkeep
|
|t:|1760364067
|switch|p1a: Landorus|Landorus-Therian, M|6/100
|-ability|p1a: Landorus|Intimidate|boost
|-unboost|p2a: Hoopa|atk|1
|turn|17
|
|t:|1760364074
|move|p1a: Landorus|U-turn|p2a: Hoopa
|-supereffective|p2a: Hoopa
|-damage|p2a: Hoopa|0 fnt
|faint|p2a: Hoopa
|
|t:|1760364077
|switch|p1a: Magnezone|Magnezone|23/100|[from] U-turn
|
|upkeep
|
|t:|1760364081
|switch|p2a: Dragapult|Dragapult, M, shiny|100/100
|-activate|p2a: Dragapult|move: Sticky Web
|-fail|p2a: Dragapult|unboost|[from] ability: Clear Body|[of] p2a: Dragapult
|turn|18
|
|t:|1760364088
|move|p2a: Dragapult|Dragon Darts|p1a: Magnezone
|-resisted|p1a: Magnezone
|-damage|p1a: Magnezone|7/100
|-anim|p2a: Dragapult|Dragon Darts|p1a: Magnezone
|-resisted|p1a: Magnezone
|-damage|p1a: Magnezone|0 fnt
|faint|p1a: Magnezone
|
|upkeep
|
|t:|1760364090
|switch|p1a: Landorus|Landorus-Therian, M|6/100
|-ability|p1a: Landorus|Intimidate|boost
|-fail|p2a: Dragapult|unboost|[from] ability: Clear Body|[of] p2a: Dragapult
|turn|19
|
|t:|1760364097
|move|p1a: Landorus|Earthquake|p2a: Dragapult
|-damage|p2a: Dragapult|27/100
|move|p2a: Dragapult|Dragon Darts|p1a: Landorus
|-damage|p1a: Landorus|0 fnt
|faint|p1a: Landorus
|
|win|busto2412
|raw|WeRrsome's rating: 1559 &rarr; <strong>1540</strong><br />(-19 for losing)
|raw|busto2412's rating: 1572 &rarr; <strong>1591</strong><br />(+19 for winning)
|l|☆WeRrsome
|player|p1|
|l|☆busto2412
|player|p2|
