|j|☆melkarkameron
|j|☆Critical_32
|t:|1760454934
|gametype|singles
|player|p1|melkarkameron|brycenman|1215
|player|p2|Critical_32|scientist-gen4|1194
|gen|9
|tier|[Gen 9] OU
|rated|
|rule|HP Percentage Mod: HP is shown in percentages
|rule|Endless Battle Clause: Forcing endless battles is banned
|rule|Species Clause: Limit one of each Pokémon
|rule|OHKO Clause: OHKO moves are banned
|rule|Evasion Items Clause: Evasion items are banned
|rule|Evasion Moves Clause: Evasion moves are banned
|rule|Evasion Abilities Clause: Evasion abilities are banned
|rule|Sleep Moves Clause: Sleep-inducing moves are banned
|clearpoke
|poke|p1|Polteageist|
|poke|p1|Cloyster, F|
|poke|p1|Torterra, F|
|poke|p1|Minior|
|poke|p1|Hatterene, F|
|poke|p1|Ditto|
|poke|p2|Clefable, F|
|poke|p2|Gengar, M|
|poke|p2|Conkeldurr, M|
|poke|p2|Gliscor, F|
|poke|p2|Dondozo, F|
|poke|p2|Moltres|
|teampreview
|inactive|Battle timer is ON: inactive players will automatically lose when time's up. (requested by melkarkameron)
|
|t:|1760454958
|teamsize|p1|6
|teamsize|p2|6
|start
|switch|p1a: Minior|Minior|100/100
|switch|p2a: Gliscor|Gliscor, F|100/100
|-formechange|p1a: Minior|Minior-Meteor||[from] ability: Shields Down
|turn|1
|
|t:|1760454968
|-terastallize|p2a: Gliscor|Ground
|move|p2a: Gliscor|Stealth Rock|p1a: Minior
|-sidestart|p1: melkarkameron|move: Stealth Rock
|move|p1a: Minior|Shell Smash|p1a: Minior
|-unboost|p1a: Minior|def|1
|-unboost|p1a: Minior|spd|1
|-boost|p1a: Minior|atk|2
|-boost|p1a: Minior|spa|2
|-boost|p1a: Minior|spe|2
|-enditem|p1a: Minior|White Herb
|-clearnegativeboost|p1a: Minior|[silent]
|
|-status|p2a: Gliscor|tox|[from] item: Toxic Orb
|upkeep
|turn|2
|
|t:|1760454980
|switch|p2a: Dondozo|Dondozo, F|100/100
|move|p1a: Minior|Shell Smash|p1a: Minior
|-unboost|p1a: Minior|def|1
|-unboost|p1a: Minior|spd|1
|-boost|p1a: Minior|atk|2
|-boost|p1a: Minior|spa|2
|-boost|p1a: Minior|spe|2
|
|upkeep
|turn|3
|
|t:|1760454989
|move|p1a: Minior|Acrobatics|p2a: Dondozo
|-damage|p2a: Dondozo|84/100
|move|p2a: Dondozo|Waterfall|p1a: Minior
|-supereffective|p1a: Minior
|-damage|p1a: Minior|34/100
|
|-heal|p2a: Dondozo|90/100|[from] item: Leftovers
|-formechange|p1a: Minior|Minior||[from] ability: Shields Down
|upkeep
|turn|4
|
|t:|1760455000
|move|p1a: Minior|Stone Edge|p2a: Dondozo
|-damage|p2a: Dondozo|68/100
|move|p2a: Dondozo|Waterfall|p1a: Minior
|-supereffective|p1a: Minior
|-damage|p1a: Minior|0 fnt
|faint|p1a: Minior
|
|-heal|p2a: Dondozo|75/100|[from] item: Leftovers
|upkeep
|
|t:|1760455006
|switch|p1a: Torterra|Torterra, F|100/100
|-damage|p1a: Torterra|94/100|[from] Stealth Rock
|turn|5
|
|t:|1760455011
|switch|p2a: Moltres|Moltres|100/100
|move|p1a: Torterra|Bullet Seed|p2a: Moltres
|-resisted|p2a: Moltres
|-damage|p2a: Moltres|98/100
|-resisted|p2a: Moltres
|-damage|p2a: Moltres|96/100
|-resisted|p2a: Moltres
|-damage|p2a: Moltres|94/100
|-resisted|p2a: Moltres
|-damage|p2a: Moltres|92/100
|-hitcount|p2a: Moltres|4
|
|upkeep
|turn|6
|
|t:|1760455021
|move|p2a: Moltres|Flamethrower|p1a: Torterra
|-supereffective|p1a: Torterra
|-damage|p1a: Torterra|6/100
|move|p1a: Torterra|Rock Blast|p2a: Moltres
|-supereffective|p2a: Moltres
|-damage|p2a: Moltres|70/100
|-supereffective|p2a: Moltres
|-damage|p2a: Moltres|47/100
|-supereffective|p2a: Moltres
|-damage|p2a: Moltres|21/100
|-supereffective|p2a: Moltres
|-damage|p2a: Moltres|0 fnt
|faint|p2a: Moltres
|-hitcount|p2: Moltres|4
|
|upkeep
|
|t:|1760455049
|switch|p2a: Gengar|Gengar, M|100/100
|-item|p2a: Gengar|Air Balloon
|turn|7
|
|t:|1760455052
|move|p2a: Gengar|Shadow Ball|p1a: Torterra
|-damage|p1a: Torterra|0 fnt
|faint|p1a: Torterra
|
|upkeep
|
|t:|1760455064
|switch|p1a: Ditto|Ditto|100/100
|-damage|p1a: Ditto|88/100|[from] Stealth Rock
|-transform|p1a: Ditto|p2a: Gengar|[from] ability: Imposter
|turn|8
|
|t:|1760455078
|switch|p2a: Gliscor|Gliscor, F, tera:Ground|100/100 tox
|move|p1a: Ditto|Shadow Ball|p2a: Gliscor
|-damage|p2a: Gliscor|49/100 tox
|
|-heal|p2a: Gliscor|62/100 tox|[from] ability: Poison Heal
|upkeep
|turn|9
|
|t:|1760455085
|move|p1a: Ditto|Shadow Ball|p2a: Gliscor
|-damage|p2a: Gliscor|12/100 tox
|move|p2a: Gliscor|Knock Off|p1a: Ditto
|-supereffective|p1a: Ditto
|-damage|p1a: Ditto|19/100
|-start|p2a: Gliscor|Disable|Knock Off|[from] ability: Cursed Body|[of] p1a: Ditto
|-enditem|p1a: Ditto|Choice Scarf|[from] move: Knock Off|[of] p2a: Gliscor
|
|-heal|p2a: Gliscor|24/100 tox|[from] ability: Poison Heal
|upkeep
|turn|10
|
|t:|1760455095
|move|p2a: Gliscor|Protect|p2a: Gliscor
|-singleturn|p2a: Gliscor|Protect
|move|p1a: Ditto|Shadow Ball|p2a: Gliscor
|-activate|p2a: Gliscor|move: Protect
|
|-heal|p2a: Gliscor|36/100 tox|[from] ability: Poison Heal
|upkeep
|turn|11
|
|t:|1760455116
|move|p2a: Gliscor|Protect||[still]
|-fail|p2a: Gliscor
|move|p1a: Ditto|Shadow Ball|p2a: Gliscor
|-damage|p2a: Gliscor|0 fnt
|faint|p2a: Gliscor
|
|upkeep
|
|t:|1760455128
|switch|p2a: Dondozo|Dondozo, F|75/100
|turn|12
|
|t:|1760455135
|move|p1a: Ditto|Pain Split|p2a: Dondozo
|-sethp|p2a: Dondozo|43/100|[from] move: Pain Split|[silent]
|-sethp|p1a: Ditto|72/100|[from] move: Pain Split
|move|p2a: Dondozo|Rest|p2a: Dondozo
|-status|p2a: Dondozo|slp|[from] move: Rest
|-heal|p2a: Dondozo|100/100 slp|[silent]
|
|upkeep
|turn|13
|
|t:|1760455147
|move|p1a: Ditto|Substitute|p1a: Ditto
|-start|p1a: Ditto|Substitute
|-damage|p1a: Ditto|47/100
|cant|p2a: Dondozo|slp
|
|upkeep
|turn|14
|
|t:|1760455155
|move|p1a: Ditto|Disable|p2a: Dondozo
|-start|p2a: Dondozo|Disable|Rest
|cant|p2a: Dondozo|slp
|
|upkeep
|turn|15
|
|t:|1760455160
|move|p1a: Ditto|Pain Split|p2a: Dondozo
|-sethp|p2a: Dondozo|64/100 slp|[from] move: Pain Split|[silent]
|-sethp|p1a: Ditto|100/100|[from] move: Pain Split
|-curestatus|p2a: Dondozo|slp|[msg]
|move|p2a: Dondozo|Sleep Talk||[still]
|-fail|p2a: Dondozo
|
|-heal|p2a: Dondozo|71/100|[from] item: Leftovers
|upkeep
|turn|16
|
|t:|1760455169
|move|p1a: Ditto|Shadow Ball|p2a: Dondozo
|-damage|p2a: Dondozo|31/100
|move|p2a: Dondozo|Sleep Talk||[still]
|-fail|p2a: Dondozo
|
|-heal|p2a: Dondozo|37/100|[from] item: Leftovers
|upkeep
|turn|17
|
|t:|1760455181
|switch|p1a: Cloyster|Cloyster, F|100/100
|-damage|p1a: Cloyster|76/100|[from] Stealth Rock
|switch|p2a: Gengar|Gengar, M|100/100
|-item|p2a: Gengar|Air Balloon
|
|upkeep
|turn|18
|
|t:|1760455190
|move|p2a: Gengar|Shadow Ball|p1a: Cloyster
|-damage|p1a: Cloyster|0 fnt
|faint|p1a: Cloyster
|
|upkeep
|
|t:|1760455194
|switch|p1a: Ditto|Ditto|100/100
|-damage|p1a: Ditto|88/100|[from] Stealth Rock
|-transform|p1a: Ditto|p2a: Gengar|[from] ability: Imposter
|turn|19
|
|t:|1760455212
|-terastallize|p1a: Ditto|Steel
|move|p2a: Gengar|Shadow Ball|p1a: Ditto
|-damage|p1a: Ditto|32/100
|move|p1a: Ditto|Shadow Ball|p2a: Gengar
|-supereffective|p2a: Gengar
|-damage|p2a: Gengar|0 fnt
|-enditem|p2a: Gengar|Air Balloon
|faint|p2a: Gengar
|
|upkeep
|
|t:|1760455229
|switch|p2a: Clefable|Clefable, F|100/100
|turn|20
|
|t:|1760455231
|move|p1a: Ditto|Pain Split|p2a: Clefable
|-sethp|p2a: Clefable|62/100|[from] move: Pain Split|[silent]
|-sethp|p1a: Ditto|82/100|[from] move: Pain Split
|move|p2a: Clefable|Flamethrower|p1a: Ditto
|-supereffective|p1a: Ditto
|-damage|p1a: Ditto|25/100
|-start|p2a: Clefable|Disable|Flamethrower|[from] ability: Cursed Body|[of] p1a: Ditto
|
|-heal|p2a: Clefable|68/100|[from] item: Leftovers
|upkeep
|turn|21
|
|t:|1760455241
|move|p1a: Ditto|Pain Split|p2a: Clefable
|-sethp|p2a: Clefable|44/100|[from] move: Pain Split|[silent]
|-sethp|p1a: Ditto|57/100|[from] move: Pain Split
|move|p2a: Clefable|Calm Mind|p2a: Clefable
|-boost|p2a: Clefable|spa|1
|-boost|p2a: Clefable|spd|1
|
|-heal|p2a: Clefable|50/100|[from] item: Leftovers
|upkeep
|turn|22
|
|t:|1760455249
|move|p1a: Ditto|Disable||[still]
|-fail|p1a: Ditto
|move|p2a: Clefable|Moonlight|p2a: Clefable
|-heal|p2a: Clefable|99/100
|
|-heal|p2a: Clefable|100/100|[from] item: Leftovers
|upkeep
|turn|23
|
|t:|1760455256
|move|p1a: Ditto|Pain Split|p2a: Clefable
|-sethp|p2a: Clefable|72/100|[from] move: Pain Split|[silent]
|-sethp|p1a: Ditto|95/100|[from] move: Pain Split
|move|p2a: Clefable|Calm Mind|p2a: Clefable
|-boost|p2a: Clefable|spa|1
|-boost|p2a: Clefable|spd|1
|
|-heal|p2a: Clefable|78/100|[from] item: Leftovers
|-end|p2a: Clefable|Disable
|upkeep
|turn|24
|
|t:|1760455264
|move|p1a: Ditto|Substitute|p1a: Ditto
|-start|p1a: Ditto|Substitute
|-damage|p1a: Ditto|70/100
|move|p2a: Clefable|Flamethrower|p1a: Ditto
|-supereffective|p1a: Ditto
|-crit|p1a: Ditto
|-end|p1a: Ditto|Substitute
|
|-heal|p2a: Clefable|84/100|[from] item: Leftovers
|upkeep
|turn|25
|
|t:|1760455273
|move|p1a: Ditto|Substitute|p1a: Ditto
|-start|p1a: Ditto|Substitute
|-damage|p1a: Ditto|45/100
|move|p2a: Clefable|Flamethrower|p1a: Ditto
|-supereffective|p1a: Ditto
|-end|p1a: Ditto|Substitute
|
|-heal|p2a: Clefable|90/100|[from] item: Leftovers
|upkeep
|turn|26
|
|t:|1760455281
|move|p1a: Ditto|Substitute|p1a: Ditto
|-start|p1a: Ditto|Substitute
|-damage|p1a: Ditto|21/100
|move|p2a: Clefable|Flamethrower|p1a: Ditto
|-supereffective|p1a: Ditto
|-end|p1a: Ditto|Substitute
|
|-heal|p2a: Clefable|96/100|[from] item: Leftovers
|upkeep
|turn|27
|
|t:|1760455288
|move|p1a: Ditto|Pain Split|p2a: Clefable
|-sethp|p2a: Clefable|56/100|[from] move: Pain Split|[silent]
|-sethp|p1a: Ditto|74/100|[from] move: Pain Split
|move|p2a: Clefable|Flamethrower|p1a: Ditto
|-supereffective|p1a: Ditto
|-damage|p1a: Ditto|0 fnt
|faint|p1a: Ditto
|
|-heal|p2a: Clefable|62/100|[from] item: Leftovers
|upkeep
|
|t:|1760455295
|switch|p1a: Polteageist|Polteageist|100/100
|-damage|p1a: Polteageist|88/100|[from] Stealth Rock
|turn|28
|
|t:|1760455300
|move|p1a: Polteageist|Shell Smash|p1a: Polteageist
|-unboost|p1a: Polteageist|def|1
|-unboost|p1a: Polteageist|spd|1
|-boost|p1a: Polteageist|atk|2
|-boost|p1a: Polteageist|spa|2
|-boost|p1a: Polteageist|spe|2
|move|p2a: Clefable|Moonlight|p2a: Clefable
|-heal|p2a: Clefable|100/100
|
|upkeep
|turn|29
|
|t:|1760455308
|move|p1a: Polteageist|Stored Power|p2a: Clefable
|-damage|p2a: Clefable|53/100
|move|p2a: Clefable|Moonblast|p1a: Polteageist
|-damage|p1a: Polteageist|0 fnt
|faint|p1a: Polteageist
|
|-heal|p2a: Clefable|59/100|[from] item: Leftovers
|upkeep
|
|t:|1760455310
|switch|p1a: Hatterene|Hatterene, F|100/100
|-damage|p1a: Hatterene|88/100|[from] Stealth Rock
|turn|30
|
|t:|1760455318
|move|p2a: Clefable|Moonlight|p2a: Clefable
|-heal|p2a: Clefable|100/100
|move|p1a: Hatterene|Psyshock|p2a: Clefable
|-damage|p2a: Clefable|65/100
|
|-heal|p2a: Clefable|71/100|[from] item: Leftovers
|-heal|p1a: Hatterene|94/100|[from] item: Leftovers
|upkeep
|turn|31
|
|t:|1760455325
|move|p2a: Clefable|Moonblast|p1a: Hatterene
|-damage|p1a: Hatterene|29/100
|-unboost|p1a: Hatterene|spa|1
|move|p1a: Hatterene|Mystical Fire|p2a: Clefable
|-damage|p2a: Clefable|62/100
|-unboost|p2a: Clefable|spa|1
|
|-heal|p2a: Clefable|68/100|[from] item: Leftovers
|-heal|p1a: Hatterene|35/100|[from] item: Leftovers
|upkeep
|turn|32
|c|☆Critical_32|gg
|-message|melkarkameron forfeited.
|
|win|Critical_32
|raw|melkarkameron's rating: 1215 &rarr; <strong>1188</strong><br />(-27 for losing)
|raw|Critical_32's rating: 1194 &rarr; <strong>1221</strong><br />(+27 for winning)
|l|☆melkarkameron
|player|p1|
|l|☆Critical_32
|player|p2|
