|j|☆Agent Killua
|j|☆NapedCrusader
|t:|1760404098
|gametype|singles
|player|p1|Agent Killua|miku-ground|1533
|player|p2|NapedCrusader|flint|1471
|gen|9
|tier|[Gen 9] OU
|rated|
|rule|HP Percentage Mod: HP is shown in percentages
|rule|Endless Battle Clause: Forcing endless battles is banned
|rule|Species Clause: Limit one of each Pokémon
|rule|OHKO Clause: OHKO moves are banned
|rule|Evasion Items Clause: Evasion items are banned
|rule|Evasion Moves Clause: Evasion moves are banned
|rule|Evasion Abilities Clause: Evasion abilities are banned
|rule|Sleep Moves Clause: Sleep-inducing moves are banned
|clearpoke
|poke|p1|Ninetales, M|
|poke|p1|Blaziken, M|
|poke|p1|Walking Wake|
|poke|p1|Whimsicott, F|
|poke|p1|Cresselia, F|
|poke|p1|Landorus-Therian, M|
|poke|p2|Moltres|
|poke|p2|Zapdos|
|poke|p2|Articuno|
|poke|p2|Cinderace, F|
|poke|p2|Great Tusk|
|poke|p2|Kingambit, F|
|teampreview
|inactive|Battle timer is ON: inactive players will automatically lose when time's up. (requested by NapedCrusader)
|
|t:|1760404111
|teamsize|p1|6
|teamsize|p2|6
|start
|switch|p1a: Nine Tales|Ninetales, M, shiny|100/100
|switch|p2a: Zapdos|Zapdos|100/100
|-weather|SunnyDay|[from] ability: Drought|[of] p1a: Nine Tales
|turn|1
|
|t:|1760404119
|switch|p1a: Lunarian Dance|Cresselia, F, shiny|100/100
|move|p2a: Zapdos|Volt Switch|p1a: Lunarian Dance
|-damage|p1a: Lunarian Dance|79/100
|-enditem|p1a: Lunarian Dance|Eject Button
|
|t:|1760404122
|switch|p1a: Oligopoly|Walking Wake|100/100
|-activate|p1a: Oligopoly|ability: Protosynthesis
|-start|p1a: Oligopoly|protosynthesisspe
|
|-weather|SunnyDay|[upkeep]
|upkeep
|turn|2
|c|☆NapedCrusader|well gg
|
|t:|1760404130
|switch|p2a: Articuno|Articuno|100/100
|-ability|p2a: Articuno|Pressure
|-terastallize|p1a: Oligopoly|Water
|move|p1a: Oligopoly|Hydro Steam|p2a: Articuno
|-damage|p2a: Articuno|0 fnt
|faint|p2a: Articuno
|
|-weather|SunnyDay|[upkeep]
|upkeep
|
|t:|1760404139
|switch|p2a: Cinderace|Cinderace, F|100/100
|turn|3
|
|t:|1760404141
|move|p2a: Cinderace|Sucker Punch|p1a: Oligopoly
|-start|p2a: Cinderace|typechange|Dark|[from] ability: Libero
|-damage|p1a: Oligopoly|65/100
|move|p1a: Oligopoly|Hydro Steam|p2a: Cinderace
|-damage|p2a: Cinderace|0 fnt
|faint|p2a: Cinderace
|
|-weather|SunnyDay|[upkeep]
|upkeep
|
|t:|1760404147
|switch|p2a: Kingambit|Kingambit, F|100/100
|turn|4
|
|t:|1760404151
|-terastallize|p2a: Kingambit|Dark
|move|p2a: Kingambit|Sucker Punch|p1a: Oligopoly
|-damage|p1a: Oligopoly|0 fnt
|faint|p1a: Oligopoly
|-end|p1a: Oligopoly|Protosynthesis|[silent]
|
|-weather|SunnyDay|[upkeep]
|upkeep
|
|t:|1760404154
|switch|p1a: Tsu Zu|Blaziken, M, shiny|100/100
|turn|5
|
|t:|1760404157
|switch|p2a: Moltres|Moltres|100/100
|move|p1a: Tsu Zu|Close Combat|p2a: Moltres
|-resisted|p2a: Moltres
|-damage|p2a: Moltres|48/100
|-unboost|p1a: Tsu Zu|def|1
|-unboost|p1a: Tsu Zu|spd|1
|-damage|p1a: Tsu Zu|91/100|[from] item: Life Orb
|
|-weather|SunnyDay|[upkeep]
|-ability|p1a: Tsu Zu|Speed Boost|boost
|-boost|p1a: Tsu Zu|spe|1
|upkeep
|turn|6
|
|t:|1760404163
|move|p1a: Tsu Zu|Flare Blitz|p2a: Moltres
|-resisted|p2a: Moltres
|-damage|p2a: Moltres|0 fnt
|faint|p2a: Moltres
|-damage|p1a: Tsu Zu|74/100|[from] Recoil
|-damage|p1a: Tsu Zu|64/100|[from] item: Life Orb
|
|-weather|SunnyDay|[upkeep]
|-ability|p1a: Tsu Zu|Speed Boost|boost
|-boost|p1a: Tsu Zu|spe|1
|upkeep
|
|t:|1760404167
|switch|p2a: Great Tusk|Great Tusk|100/100
|-activate|p2a: Great Tusk|ability: Protosynthesis
|-start|p2a: Great Tusk|protosynthesisatk
|turn|7
|
|t:|1760404172
|switch|p1a: Magnus|Landorus-Therian, M, shiny|100/100
|-ability|p1a: Magnus|Intimidate|boost
|-unboost|p2a: Great Tusk|atk|1
|move|p2a: Great Tusk|Headlong Rush|p1a: Magnus
|-immune|p1a: Magnus
|
|-weather|SunnyDay|[upkeep]
|upkeep
|turn|8
|
|t:|1760404176
|move|p1a: Magnus|Earth Power|p2a: Great Tusk
|-crit|p2a: Great Tusk
|-damage|p2a: Great Tusk|22/100
|-unboost|p2a: Great Tusk|spd|1
|move|p2a: Great Tusk|Ice Spinner|p1a: Magnus
|-supereffective|p1a: Magnus
|-damage|p1a: Magnus|13/100
|-damage|p2a: Great Tusk|6/100|[from] item: Rocky Helmet|[of] p1a: Magnus
|
|-weather|none
|-end|p2a: Great Tusk|Protosynthesis
|upkeep
|turn|9
|
|t:|1760404180
|-end|p2a: Great Tusk|Protosynthesis|[silent]
|switch|p2a: Zapdos|Zapdos|100/100
|move|p1a: Magnus|Stealth Rock|p2a: Zapdos
|-sidestart|p2: NapedCrusader|move: Stealth Rock
|
|upkeep
|turn|10
|
|t:|1760404184
|move|p2a: Zapdos|Hurricane|p1a: Magnus
|-damage|p1a: Magnus|0 fnt
|faint|p1a: Magnus
|
|upkeep
|
|t:|1760404186
|switch|p1a: Nine Tales|Ninetales, M, shiny|100/100
|-weather|SunnyDay|[from] ability: Drought|[of] p1a: Nine Tales
|turn|11
|
|t:|1760404189
|move|p2a: Zapdos|Hurricane|p1a: Nine Tales|[miss]
|-miss|p2a: Zapdos|p1a: Nine Tales
|move|p1a: Nine Tales|Healing Wish|p1a: Nine Tales
|faint|p1a: Nine Tales
|
|-weather|SunnyDay|[upkeep]
|upkeep
|
|t:|1760404194
|switch|p1a: The Ogre|Whimsicott, F, shiny|100/100
|turn|12
|
|t:|1760404197
|move|p1a: The Ogre|Moonblast|p2a: Zapdos
|-damage|p2a: Zapdos|40/100
|-damage|p1a: The Ogre|91/100|[from] item: Life Orb
|move|p2a: Zapdos|Hurricane|p1a: The Ogre
|-supereffective|p1a: The Ogre
|-damage|p1a: The Ogre|0 fnt
|faint|p1a: The Ogre
|
|-weather|SunnyDay|[upkeep]
|upkeep
|
|t:|1760404200
|switch|p1a: Tsu Zu|Blaziken, M, shiny|64/100
|-heal|p1a: Tsu Zu|100/100|[from] move: Healing Wish
|turn|13
|
|t:|1760404203
|move|p1a: Tsu Zu|Protect|p1a: Tsu Zu
|-singleturn|p1a: Tsu Zu|Protect
|move|p2a: Zapdos|Hurricane|p1a: Tsu Zu
|-activate|p1a: Tsu Zu|move: Protect
|
|-weather|SunnyDay|[upkeep]
|-ability|p1a: Tsu Zu|Speed Boost|boost
|-boost|p1a: Tsu Zu|spe|1
|upkeep
|turn|14
|
|t:|1760404206
|move|p2a: Zapdos|Hurricane|p1a: Tsu Zu
|-supereffective|p1a: Tsu Zu
|-damage|p1a: Tsu Zu|0 fnt
|faint|p1a: Tsu Zu
|
|-weather|SunnyDay|[upkeep]
|upkeep
|
|t:|1760404209
|switch|p1a: Lunarian Dance|Cresselia, F, shiny|79/100
|turn|15
|
|t:|1760404216
|switch|p2a: Great Tusk|Great Tusk|6/100
|-activate|p2a: Great Tusk|ability: Protosynthesis
|-start|p2a: Great Tusk|protosynthesisatk
|move|p1a: Lunarian Dance|Ice Beam|p2a: Great Tusk
|-supereffective|p2a: Great Tusk
|-damage|p2a: Great Tusk|0 fnt
|faint|p2a: Great Tusk
|-end|p2a: Great Tusk|Protosynthesis|[silent]
|
|-weather|SunnyDay|[upkeep]
|upkeep
|
|t:|1760404219
|switch|p2a: Zapdos|Zapdos|40/100
|-damage|p2a: Zapdos|15/100|[from] Stealth Rock
|turn|16
|
|t:|1760404223
|move|p2a: Zapdos|Thunderbolt|p1a: Lunarian Dance
|-damage|p1a: Lunarian Dance|50/100
|-status|p1a: Lunarian Dance|par
|move|p1a: Lunarian Dance|Ice Beam|p2a: Zapdos
|-supereffective|p2a: Zapdos
|-damage|p2a: Zapdos|0 fnt
|faint|p2a: Zapdos
|
|-weather|SunnyDay|[upkeep]
|upkeep
|
|t:|1760404225
|switch|p2a: Kingambit|Kingambit, F, tera:Dark|100/100
|-damage|p2a: Kingambit|88/100|[from] Stealth Rock
|turn|17
|
|t:|1760404228
|move|p2a: Kingambit|Kowtow Cleave|p1a: Lunarian Dance
|-supereffective|p1a: Lunarian Dance
|-damage|p1a: Lunarian Dance|0 fnt
|faint|p1a: Lunarian Dance
|
|win|NapedCrusader
|raw|Agent Killua's rating: 1533 &rarr; <strong>1509</strong><br />(-24 for losing)
|raw|NapedCrusader's rating: 1471 &rarr; <strong>1495</strong><br />(+24 for winning)
|l|☆Agent Killua
|player|p1|
|c|☆NapedCrusader|dubssss
|l|☆NapedCrusader
|player|p2|
