|badge|p1|bronze|gen9randombattle|100-7
|uhtml|medal-msg|<div class="broadcast-blue">Curious what those medals under the avatar are? PS now has Ladder Seasons! For more information, check out the <a href="https://www.smogon.com/forums/threads/3740067/">thread on Smogon.</a></div>
|j|☆SpongeGar & Patar
|j|☆theonreekgreyjoy
|t:|1760347164
|gametype|singles
|player|p1|SpongeGar & Patar|266|1820
|player|p2|theonreekgreyjoy|266|1734
|gen|9
|tier|[Gen 9] OU
|rated|
|rule|HP Percentage Mod: HP is shown in percentages
|rule|Endless Battle Clause: Forcing endless battles is banned
|rule|Species Clause: Limit one of each Pokémon
|rule|OHKO Clause: OHKO moves are banned
|rule|Evasion Items Clause: Evasion items are banned
|rule|Evasion Moves Clause: Evasion moves are banned
|rule|Evasion Abilities Clause: Evasion abilities are banned
|rule|Sleep Moves Clause: Sleep-inducing moves are banned
|clearpoke
|poke|p1|Kyurem|
|poke|p1|Corviknight, F|
|poke|p1|Ting-Lu|
|poke|p1|Dondozo, M|
|poke|p1|Slowking-Galar, L99, M|
|poke|p1|Cinderace, F|
|poke|p2|Enamorus, F|
|poke|p2|Necrozma|
|poke|p2|Kingambit, F|
|poke|p2|Samurott-Hisui, F|
|poke|p2|Pecharunt|
|poke|p2|Iron Treads|
|teampreview
|inactive|Battle timer is ON: inactive players will automatically lose when time's up. (requested by SpongeGar & Patar)
|j| Nitro611
|
|t:|1760347230
|teamsize|p1|6
|teamsize|p2|6
|start
|switch|p1a: Kyurem|Kyurem|100/100
|switch|p2a: Samurott|Samurott-Hisui, F|100/100
|-ability|p1a: Kyurem|Pressure
|turn|1
|inactive|SpongeGar & Patar has 120 seconds left.
|
|t:|1760347279
|switch|p2a: Iron Treads|Iron Treads|100/100
|move|p1a: Kyurem|Freeze-Dry|p2a: Iron Treads
|-damage|p2a: Iron Treads|68/100
|
|upkeep
|turn|2
|inactive|SpongeGar & Patar has 90 seconds left.
|inactive|theonreekgreyjoy has 120 seconds left.
|
|t:|1760347331
|move|p2a: Iron Treads|Volt Switch|p1a: Kyurem
|-resisted|p1a: Kyurem
|-damage|p1a: Kyurem|95/100
|
|t:|1760347336
|-end|p2a: Iron Treads|Quark Drive|[silent]
|switch|p2a: Enamorus|Enamorus, F|100/100|[from] Volt Switch
|move|p1a: Kyurem|Freeze-Dry|p2a: Enamorus
|-supereffective|p2a: Enamorus
|-damage|p2a: Enamorus|8/100
|
|-heal|p1a: Kyurem|100/100|[from] item: Leftovers
|upkeep
|turn|3
|inactive|SpongeGar & Patar has 60 seconds left.
|
|t:|1760347386
|switch|p2a: Samurott|Samurott-Hisui, F|100/100
|switch|p1a: Slowking|Slowking-Galar, L99, M|100/100
|
|upkeep
|turn|4
|
|t:|1760347411
|switch|p1a: Corviknight|Corviknight, F|100/100
|-ability|p1a: Corviknight|Pressure
|move|p2a: Samurott|Knock Off|p1a: Corviknight
|-damage|p1a: Corviknight|57/100
|-damage|p2a: Samurott|84/100|[from] item: Rocky Helmet|[of] p1a: Corviknight
|-enditem|p1a: Corviknight|Rocky Helmet|[from] move: Knock Off|[of] p2a: Samurott
|
|upkeep
|turn|5
|inactive|theonreekgreyjoy has 90 seconds left.
|
|t:|1760347430
|move|p2a: Samurott|Knock Off|p1a: Corviknight
|-damage|p1a: Corviknight|25/100
|move|p1a: Corviknight|Roost|p1a: Corviknight
|-heal|p1a: Corviknight|75/100
|-singleturn|p1a: Corviknight|move: Roost
|
|upkeep
|turn|6
|
|t:|1760347439
|move|p2a: Samurott|Knock Off|p1a: Corviknight
|-damage|p1a: Corviknight|45/100
|move|p1a: Corviknight|U-turn|p2a: Samurott
|-supereffective|p2a: Samurott
|-damage|p2a: Samurott|45/100
|
|t:|1760347449
|switch|p1a: Kyurem|Kyurem|100/100|[from] U-turn
|-ability|p1a: Kyurem|Pressure
|
|upkeep
|turn|7
|
|t:|1760347458
|switch|p2a: Iron Treads|Iron Treads|68/100
|move|p1a: Kyurem|Freeze-Dry|p2a: Iron Treads
|-damage|p2a: Iron Treads|34/100
|
|upkeep
|turn|8
|inactive|SpongeGar & Patar has 60 seconds left.
|
|t:|1760347477
|move|p2a: Iron Treads|Volt Switch|p1a: Kyurem
|-resisted|p1a: Kyurem
|-damage|p1a: Kyurem|96/100
|
|t:|1760347482
|-end|p2a: Iron Treads|Quark Drive|[silent]
|switch|p2a: Kingambit|Kingambit, F|100/100|[from] Volt Switch
|move|p1a: Kyurem|Freeze-Dry|p2a: Kingambit
|-resisted|p2a: Kingambit
|-damage|p2a: Kingambit|82/100
|
|-heal|p1a: Kyurem|100/100|[from] item: Leftovers
|upkeep
|turn|9
|
|t:|1760347493
|move|p1a: Kyurem|Substitute|p1a: Kyurem
|-start|p1a: Kyurem|Substitute
|-damage|p1a: Kyurem|75/100
|move|p2a: Kingambit|Kowtow Cleave|p1a: Kyurem
|-end|p1a: Kyurem|Substitute
|
|-heal|p1a: Kyurem|82/100|[from] item: Leftovers
|upkeep
|turn|10
|
|t:|1760347503
|-terastallize|p1a: Kyurem|Ground
|move|p1a: Kyurem|Earth Power|p2a: Kingambit
|-supereffective|p2a: Kingambit
|-crit|p2a: Kingambit
|-damage|p2a: Kingambit|0 fnt
|faint|p2a: Kingambit
|-end|p2a: Kingambit|fallenundefined|[silent]
|
|-heal|p1a: Kyurem|88/100|[from] item: Leftovers
|upkeep
|inactive|theonreekgreyjoy has 120 seconds left.
|inactive|theonreekgreyjoy has 90 seconds left.
|
|t:|1760347544
|switch|p2a: Samurott|Samurott-Hisui, F|45/100
|turn|11
|j| RRRRRex
|
|t:|1760347553
|move|p2a: Samurott|Aqua Jet|p1a: Kyurem
|-supereffective|p1a: Kyurem
|-damage|p1a: Kyurem|31/100
|move|p1a: Kyurem|Freeze-Dry|p2a: Samurott
|-supereffective|p2a: Samurott
|-damage|p2a: Samurott|0 fnt
|faint|p2a: Samurott
|
|-heal|p1a: Kyurem|37/100|[from] item: Leftovers
|upkeep
|
|t:|1760347556
|switch|p2a: Enamorus|Enamorus, F|8/100
|turn|12
|l| RRRRRex
|inactive|SpongeGar & Patar has 90 seconds left.
|
|t:|1760347568
|move|p1a: Kyurem|Protect|p1a: Kyurem
|-singleturn|p1a: Kyurem|Protect
|move|p2a: Enamorus|Moonblast|p1a: Kyurem
|-activate|p1a: Kyurem|move: Protect
|
|-heal|p1a: Kyurem|43/100|[from] item: Leftovers
|upkeep
|turn|13
|inactive|SpongeGar & Patar has 90 seconds left.
|inactive|SpongeGar & Patar has 60 seconds left.
|
|t:|1760347617
|switch|p2a: Iron Treads|Iron Treads|34/100
|switch|p1a: Slowking|Slowking-Galar, L99, M|100/100
|
|upkeep
|turn|14
|inactive|SpongeGar & Patar has 60 seconds left.
|inactive|theonreekgreyjoy has 120 seconds left.
|inactive|SpongeGar & Patar has 30 seconds left.
|inactive|SpongeGar & Patar has 20 seconds left.
|
|t:|1760347665
|switch|p1a: Ting-Lu|Ting-Lu|100/100
|-ability|p1a: Ting-Lu|Vessel of Ruin
|move|p2a: Iron Treads|Earthquake|p1a: Ting-Lu
|-damage|p1a: Ting-Lu|73/100
|
|-heal|p1a: Ting-Lu|79/100|[from] item: Leftovers
|upkeep
|turn|15
|inactive|SpongeGar & Patar has 30 seconds left this turn.
|inactive|theonreekgreyjoy has 120 seconds left.
|
|t:|1760347677
|move|p2a: Iron Treads|Iron Head|p1a: Ting-Lu
|-damage|p1a: Ting-Lu|59/100
|move|p1a: Ting-Lu|Payback|p2a: Iron Treads
|-damage|p2a: Iron Treads|2/100
|
|-heal|p1a: Ting-Lu|65/100|[from] item: Leftovers
|upkeep
|turn|16
|inactive|SpongeGar & Patar has 30 seconds left.
|inactive|theonreekgreyjoy has 120 seconds left.
|
|t:|1760347687
|move|p2a: Iron Treads|Iron Head|p1a: Ting-Lu
|-damage|p1a: Ting-Lu|44/100
|move|p1a: Ting-Lu|Payback|p2a: Iron Treads
|-damage|p2a: Iron Treads|0 fnt
|faint|p2a: Iron Treads
|-end|p2a: Iron Treads|Quark Drive|[silent]
|
|-heal|p1a: Ting-Lu|50/100|[from] item: Leftovers
|upkeep
|inactive|theonreekgreyjoy has 120 seconds left.
|
|t:|1760347692
|switch|p2a: Pecharunt|Pecharunt|100/100
|-item|p2a: Pecharunt|Air Balloon
|turn|17
|
|t:|1760347702
|move|p2a: Pecharunt|Malignant Chain|p1a: Ting-Lu
|-resisted|p1a: Ting-Lu
|-damage|p1a: Ting-Lu|44/100
|move|p1a: Ting-Lu|Payback|p2a: Pecharunt
|-supereffective|p2a: Pecharunt
|-damage|p2a: Pecharunt|58/100
|-enditem|p2a: Pecharunt|Air Balloon
|
|-heal|p1a: Ting-Lu|50/100|[from] item: Leftovers
|upkeep
|turn|18
|
|t:|1760347713
|move|p2a: Pecharunt|Malignant Chain|p1a: Ting-Lu
|-resisted|p1a: Ting-Lu
|-damage|p1a: Ting-Lu|43/100
|move|p1a: Ting-Lu|Payback|p2a: Pecharunt
|-supereffective|p2a: Pecharunt
|-damage|p2a: Pecharunt|11/100
|
|-heal|p1a: Ting-Lu|50/100|[from] item: Leftovers
|upkeep
|turn|19
|
|t:|1760347723
|-terastallize|p2a: Pecharunt|Grass
|move|p2a: Pecharunt|Recover|p2a: Pecharunt
|-heal|p2a: Pecharunt|61/100
|move|p1a: Ting-Lu|Payback|p2a: Pecharunt
|-damage|p2a: Pecharunt|37/100
|
|-heal|p1a: Ting-Lu|56/100|[from] item: Leftovers
|upkeep
|turn|20
|
|t:|1760347733
|switch|p1a: Kyurem|Kyurem, tera:Ground|43/100
|-ability|p1a: Kyurem|Pressure
|move|p2a: Pecharunt|Recover|p2a: Pecharunt
|-heal|p2a: Pecharunt|88/100
|
|-heal|p1a: Kyurem|50/100|[from] item: Leftovers
|upkeep
|turn|21
|
|t:|1760347742
|move|p1a: Kyurem|Freeze-Dry|p2a: Pecharunt
|-supereffective|p2a: Pecharunt
|-damage|p2a: Pecharunt|7/100
|move|p2a: Pecharunt|Malignant Chain|p1a: Kyurem
|-resisted|p1a: Kyurem
|-damage|p1a: Kyurem|34/100
|
|-heal|p1a: Kyurem|40/100|[from] item: Leftovers
|upkeep
|turn|22
|-message|theonreekgreyjoy forfeited.
|
|win|SpongeGar & Patar
|raw|SpongeGar &amp; Patar's rating: 1820 &rarr; <strong>1835</strong><br />(+15 for winning)
|raw|theonreekgreyjoy's rating: 1734 &rarr; <strong>1719</strong><br />(-15 for losing)
|l|☆theonreekgreyjoy
|player|p2|
|l|☆SpongeGar & Patar
|player|p1|
|l| Nitro611
