|j|☆Subparrrrr
|j|☆KuroNoTamashi
|t:|1760302921
|gametype|singles
|player|p1|Subparrrrr|cheryl|1343
|player|p2|KuroNoTamashi|170|1383
|gen|9
|tier|[Gen 9] OU
|rated|
|rule|HP Percentage Mod: HP is shown in percentages
|rule|Endless Battle Clause: Forcing endless battles is banned
|rule|Species Clause: Limit one of each Pokémon
|rule|OHKO Clause: OHKO moves are banned
|rule|Evasion Items Clause: Evasion items are banned
|rule|Evasion Moves Clause: Evasion moves are banned
|rule|Evasion Abilities Clause: Evasion abilities are banned
|rule|Sleep Moves Clause: Sleep-inducing moves are banned
|clearpoke
|poke|p1|Lokix, F|
|poke|p1|Gliscor, F|
|poke|p1|Great Tusk|
|poke|p1|Altaria, M|
|poke|p1|Alomomola, M|
|poke|p1|Slowking-Galar, F|
|poke|p2|Dragapult, M|
|poke|p2|Fezandipiti, M|
|poke|p2|Moltres|
|poke|p2|Alomomola, M|
|poke|p2|Kingambit, M|
|poke|p2|Hatterene, F|
|teampreview
|inactive|Battle timer is ON: inactive players will automatically lose when time's up. (requested by Subparrrrr)
|
|t:|1760302929
|teamsize|p1|6
|teamsize|p2|6
|start
|switch|p1a: Gliscor|Gliscor, F|100/100
|switch|p2a: Fezandipiti|Fezandipiti, M|100/100
|turn|1
|
|t:|1760302935
|switch|p2a: Hatterene|Hatterene, F|100/100
|move|p1a: Gliscor|Protect||[still]
|-fail|p1a: Gliscor
|
|-status|p1a: Gliscor|tox|[from] item: Toxic Orb
|upkeep
|turn|2
|
|t:|1760302940
|move|p1a: Gliscor|Knock Off|p2a: Hatterene
|-damage|p2a: Hatterene|78/100
|-enditem|p2a: Hatterene|Focus Sash|[from] move: Knock Off|[of] p1a: Gliscor
|move|p2a: Hatterene|Psyshock|p1a: Gliscor
|-damage|p1a: Gliscor|70/100 tox
|
|-heal|p1a: Gliscor|82/100 tox|[from] ability: Poison Heal
|upkeep
|turn|3
|
|t:|1760302943
|move|p1a: Gliscor|U-turn|p2a: Hatterene
|-damage|p2a: Hatterene|61/100
|
|t:|1760302948
|switch|p1a: Slowking|Slowking-Galar, F|100/100|[from] U-turn
|move|p2a: Hatterene|Draining Kiss|p1a: Slowking
|-resisted|p1a: Slowking
|-damage|p1a: Slowking|92/100
|-heal|p2a: Hatterene|69/100|[from] drain|[of] p1a: Slowking
|
|-heal|p1a: Slowking|98/100|[from] item: Black Sludge
|upkeep
|turn|4
|
|t:|1760302954
|move|p1a: Slowking|Future Sight|p2a: Hatterene
|-start|p1a: Slowking|move: Future Sight
|move|p2a: Hatterene|Psyshock|p1a: Slowking
|-damage|p1a: Slowking|44/100
|
|-heal|p1a: Slowking|50/100|[from] item: Black Sludge
|upkeep
|turn|5
|
|t:|1760302967
|switch|p1a: Gliscor|Gliscor, F|82/100 tox
|move|p2a: Hatterene|Psyshock|p1a: Gliscor
|-damage|p1a: Gliscor|52/100 tox
|
|-heal|p1a: Gliscor|65/100 tox|[from] ability: Poison Heal
|upkeep
|turn|6
|
|t:|1760302973
|move|p1a: Gliscor|Protect|p1a: Gliscor
|-singleturn|p1a: Gliscor|Protect
|move|p2a: Hatterene|Draining Kiss|p1a: Gliscor
|-activate|p1a: Gliscor|move: Protect
|
|-end|p2a: Hatterene|move: Future Sight
|-resisted|p2a: Hatterene
|-damage|p2a: Hatterene|46/100
|-heal|p1a: Gliscor|77/100 tox|[from] ability: Poison Heal
|upkeep
|turn|7
|
|t:|1760302985
|move|p1a: Gliscor|U-turn|p2a: Hatterene
|-damage|p2a: Hatterene|29/100
|
|t:|1760302991
|switch|p1a: Slowking|Slowking-Galar, F|83/100|[from] U-turn
|move|p2a: Hatterene|Psyshock|p1a: Slowking
|-damage|p1a: Slowking|31/100
|
|-heal|p1a: Slowking|37/100|[from] item: Black Sludge
|upkeep
|turn|8
|
|t:|1760303003
|switch|p1a: Gliscor|Gliscor, F|77/100 tox
|move|p2a: Hatterene|Draining Kiss|p1a: Gliscor
|-damage|p1a: Gliscor|44/100 tox
|-heal|p2a: Hatterene|57/100|[from] drain|[of] p1a: Gliscor
|
|-heal|p1a: Gliscor|56/100 tox|[from] ability: Poison Heal
|upkeep
|turn|9
|
|t:|1760303006
|move|p1a: Gliscor|Protect|p1a: Gliscor
|-singleturn|p1a: Gliscor|Protect
|move|p2a: Hatterene|Psyshock|p1a: Gliscor
|-activate|p1a: Gliscor|move: Protect
|
|-heal|p1a: Gliscor|69/100 tox|[from] ability: Poison Heal
|upkeep
|turn|10
|
|t:|1760303010
|move|p1a: Gliscor|U-turn|p2a: Hatterene
|-damage|p2a: Hatterene|39/100
|
|t:|1760303014
|switch|p1a: Slowking|Slowking-Galar, F|70/100|[from] U-turn
|move|p2a: Hatterene|Draining Kiss|p1a: Slowking
|-resisted|p1a: Slowking
|-damage|p1a: Slowking|62/100
|-heal|p2a: Hatterene|46/100|[from] drain|[of] p1a: Slowking
|
|-heal|p1a: Slowking|68/100|[from] item: Black Sludge
|upkeep
|turn|11
|
|t:|1760303020
|switch|p2a: Kingambit|Kingambit, M|100/100
|-prepare|p1a: Slowking|Chilly Reception|[premajor]
|move|p1a: Slowking|Chilly Reception|p1a: Slowking
|-weather|Snowscape
|
|t:|1760303027
|switch|p1a: Altaria|Altaria, M|100/100|[from] Chilly Reception
|
|-weather|Snowscape|[upkeep]
|upkeep
|turn|12
|
|t:|1760303031
|-end|p2a: Kingambit|fallenundefined|[silent]
|switch|p2a: Fezandipiti|Fezandipiti, M|100/100
|move|p1a: Altaria|Fire Spin|p2a: Fezandipiti
|-damage|p2a: Fezandipiti|95/100
|-activate|p2a: Fezandipiti|move: Fire Spin|[of] p1a: Altaria
|
|-weather|Snowscape|[upkeep]
|-damage|p2a: Fezandipiti|83/100|[from] move: Fire Spin|[partiallytrapped]
|upkeep
|turn|13
|
|t:|1760303036
|move|p2a: Fezandipiti|U-turn|p1a: Altaria
|-resisted|p1a: Altaria
|-damage|p1a: Altaria|94/100
|-status|p1a: Altaria|tox|[from] ability: Toxic Chain|[of] p2a: Fezandipiti
|
|t:|1760303041
|switch|p2a: Dragapult|Dragapult, M, shiny|100/100|[from] U-turn
|move|p1a: Altaria|Perish Song|p1a: Altaria
|-start|p1a: Altaria|perish3|[silent]
|-start|p2a: Dragapult|perish3|[silent]
|-fieldactivate|move: Perish Song
|
|-weather|Snowscape|[upkeep]
|-damage|p1a: Altaria|88/100 tox|[from] psn
|-start|p2a: Dragapult|perish3
|-start|p1a: Altaria|perish3
|upkeep
|turn|14
|
|t:|1760303048
|move|p2a: Dragapult|U-turn|p1a: Altaria
|-resisted|p1a: Altaria
|-damage|p1a: Altaria|68/100 tox
|
|t:|1760303050
|switch|p2a: Fezandipiti|Fezandipiti, M|83/100|[from] U-turn
|move|p1a: Altaria|Fire Spin|p2a: Fezandipiti
|-damage|p2a: Fezandipiti|77/100
|-activate|p2a: Fezandipiti|move: Fire Spin|[of] p1a: Altaria
|
|-weather|Snowscape|[upkeep]
|-damage|p1a: Altaria|56/100 tox|[from] psn
|-damage|p2a: Fezandipiti|64/100|[from] move: Fire Spin|[partiallytrapped]
|-start|p1a: Altaria|perish2
|upkeep
|turn|15
|
|t:|1760303054
|-curestatus|p1a: Altaria|tox|[from] ability: Natural Cure
|switch|p1a: Gliscor|Gliscor, F|69/100 tox
|move|p2a: Fezandipiti|U-turn|p1a: Gliscor
|-resisted|p1a: Gliscor
|-damage|p1a: Gliscor|65/100 tox
|
|t:|1760303061
|switch|p2a: Alomomola|Alomomola, M|100/100|[from] U-turn
|
|-weather|none
|-heal|p1a: Gliscor|77/100 tox|[from] ability: Poison Heal
|upkeep
|turn|16
|
|t:|1760303068
|move|p1a: Gliscor|Protect|p1a: Gliscor
|-singleturn|p1a: Gliscor|Protect
|move|p2a: Alomomola|Flip Turn|p1a: Gliscor
|-activate|p1a: Gliscor|move: Protect
|
|-heal|p1a: Gliscor|89/100 tox|[from] ability: Poison Heal
|upkeep
|turn|17
|l|☆KuroNoTamashi
|inactive|KuroNoTamashi disconnected and has a minute to reconnect!
|player|p2|
|j|☆KuroNoTamashi
|inactive|KuroNoTamashi reconnected and has 140 seconds left.
|player|p2|KuroNoTamashi|170|
|
|t:|1760303080
|move|p1a: Gliscor|Stealth Rock|p2a: Alomomola
|-sidestart|p2: KuroNoTamashi|move: Stealth Rock
|move|p2a: Alomomola|Flip Turn|p1a: Gliscor
|-supereffective|p1a: Gliscor
|-damage|p1a: Gliscor|69/100 tox
|
|t:|1760303084
|switch|p2a: Fezandipiti|Fezandipiti, M|64/100|[from] Flip Turn
|-damage|p2a: Fezandipiti|52/100|[from] Stealth Rock
|
|-heal|p1a: Gliscor|81/100 tox|[from] ability: Poison Heal
|upkeep
|turn|18
|
|t:|1760303092
|move|p2a: Fezandipiti|Moonblast|p1a: Gliscor
|-damage|p1a: Gliscor|19/100 tox
|move|p1a: Gliscor|U-turn|p2a: Fezandipiti
|-resisted|p2a: Fezandipiti
|-damage|p2a: Fezandipiti|47/100
|
|t:|1760303101
|switch|p1a: Slowking|Slowking-Galar, F|100/100|[from] U-turn
|
|upkeep
|turn|19
|
|t:|1760303109
|switch|p2a: Hatterene|Hatterene, F|46/100
|-damage|p2a: Hatterene|34/100|[from] Stealth Rock
|move|p1a: Slowking|Future Sight|p2a: Hatterene
|-start|p1a: Slowking|move: Future Sight
|
|upkeep
|turn|20
|
|t:|1760303111
|-prepare|p1a: Slowking|Chilly Reception|[premajor]
|move|p1a: Slowking|Chilly Reception|p1a: Slowking
|-weather|Snowscape
|
|t:|1760303117
|switch|p1a: Alomomola|Alomomola, M|100/100|[from] Chilly Reception
|move|p2a: Hatterene|Psyshock|p1a: Alomomola
|-damage|p1a: Alomomola|77/100
|
|-weather|Snowscape|[upkeep]
|-heal|p1a: Alomomola|83/100|[from] item: Leftovers
|upkeep
|turn|21
|
|t:|1760303120
|move|p1a: Alomomola|Flip Turn|p2a: Hatterene
|-damage|p2a: Hatterene|16/100
|
|t:|1760303126
|switch|p1a: Slowking|Slowking-Galar, F|100/100|[from] Flip Turn
|move|p2a: Hatterene|Nuzzle|p1a: Slowking
|-damage|p1a: Slowking|96/100
|-status|p1a: Slowking|par
|
|-weather|Snowscape|[upkeep]
|-end|p2a: Hatterene|move: Future Sight
|-resisted|p2a: Hatterene
|-damage|p2a: Hatterene|0 fnt
|faint|p2a: Hatterene
|-heal|p1a: Slowking|100/100 par|[from] item: Black Sludge
|upkeep
|
|t:|1760303130
|switch|p2a: Dragapult|Dragapult, M, shiny|100/100
|-damage|p2a: Dragapult|88/100|[from] Stealth Rock
|turn|22
|
|t:|1760303137
|-terastallize|p2a: Dragapult|Ghost
|move|p2a: Dragapult|Tera Blast|p1a: Slowking|[anim] Tera Blast Ghost
|-supereffective|p1a: Slowking
|-damage|p1a: Slowking|0 fnt
|faint|p1a: Slowking
|
|-weather|Snowscape|[upkeep]
|upkeep
|
|t:|1760303144
|switch|p1a: Lokix|Lokix, F|100/100
|turn|23
|
|t:|1760303147
|switch|p2a: Moltres|Moltres|100/100
|-terastallize|p1a: Lokix|Bug
|move|p1a: Lokix|First Impression|p2a: Moltres
|-resisted|p2a: Moltres
|-damage|p2a: Moltres|69/100
|-status|p1a: Lokix|brn|[from] ability: Flame Body|[of] p2a: Moltres
|
|-weather|Snowscape|[upkeep]
|-damage|p1a: Lokix|94/100 brn|[from] brn
|upkeep
|turn|24
|c|☆Subparrrrr|:(
|
|t:|1760303166
|switch|p1a: Altaria|Altaria, M|56/100
|move|p2a: Moltres|Roost|p2a: Moltres
|-heal|p2a: Moltres|100/100
|-singleturn|p2a: Moltres|move: Roost
|
|-weather|none
|upkeep
|turn|25
|
|t:|1760303171
|move|p2a: Moltres|U-turn|p1a: Altaria
|-resisted|p1a: Altaria
|-damage|p1a: Altaria|48/100
|
|t:|1760303176
|switch|p2a: Fezandipiti|Fezandipiti, M|47/100|[from] U-turn
|-damage|p2a: Fezandipiti|35/100|[from] Stealth Rock
|move|p1a: Altaria|Fire Spin|p2a: Fezandipiti
|-damage|p2a: Fezandipiti|29/100
|-activate|p2a: Fezandipiti|move: Fire Spin|[of] p1a: Altaria
|
|-damage|p2a: Fezandipiti|17/100|[from] move: Fire Spin|[partiallytrapped]
|upkeep
|turn|26
|
|t:|1760303181
|move|p2a: Fezandipiti|Moonblast|p1a: Altaria
|-supereffective|p1a: Altaria
|-crit|p1a: Altaria
|-damage|p1a: Altaria|0 fnt
|faint|p1a: Altaria
|
|-end|p2a: Fezandipiti|Fire Spin|[partiallytrapped]|[silent]
|upkeep
|
|t:|1760303183
|switch|p1a: Gliscor|Gliscor, F|19/100 tox
|turn|27
|
|t:|1760303185
|move|p1a: Gliscor|Protect|p1a: Gliscor
|-singleturn|p1a: Gliscor|Protect
|move|p2a: Fezandipiti|Moonblast|p1a: Gliscor
|-activate|p1a: Gliscor|move: Protect
|
|-heal|p1a: Gliscor|31/100 tox|[from] ability: Poison Heal
|upkeep
|turn|28
|
|t:|1760303189
|switch|p1a: Alomomola|Alomomola, M|100/100
|move|p2a: Fezandipiti|Moonblast|p1a: Alomomola
|-damage|p1a: Alomomola|39/100
|-unboost|p1a: Alomomola|spa|1
|
|-heal|p1a: Alomomola|45/100|[from] item: Leftovers
|upkeep
|turn|29
|
|t:|1760303195
|switch|p1a: Lokix|Lokix, F, tera:Bug|94/100 brn
|move|p2a: Fezandipiti|Moonblast|p1a: Lokix
|-damage|p1a: Lokix|6/100 brn
|-unboost|p1a: Lokix|spa|1
|
|-damage|p1a: Lokix|0 fnt|[from] brn
|faint|p1a: Lokix
|upkeep
|
|t:|1760303204
|switch|p1a: Alomomola|Alomomola, M|79/100
|turn|30
|
|t:|1760303206
|move|p2a: Fezandipiti|Moonblast|p1a: Alomomola
|-damage|p1a: Alomomola|24/100
|-status|p1a: Alomomola|tox|[from] ability: Toxic Chain|[of] p2a: Fezandipiti
|move|p1a: Alomomola|Flip Turn|p2a: Fezandipiti
|-damage|p2a: Fezandipiti|0 fnt
|faint|p2a: Fezandipiti
|
|t:|1760303213
|switch|p1a: Gliscor|Gliscor, F|31/100 tox|[from] Flip Turn
|
|-heal|p1a: Gliscor|44/100 tox|[from] ability: Poison Heal
|upkeep
|
|t:|1760303218
|switch|p2a: Alomomola|Alomomola, M|100/100
|-damage|p2a: Alomomola|88/100|[from] Stealth Rock
|turn|31
|
|t:|1760303220
|move|p1a: Gliscor|Protect|p1a: Gliscor
|-singleturn|p1a: Gliscor|Protect
|move|p2a: Alomomola|Flip Turn|p1a: Gliscor
|-activate|p1a: Gliscor|move: Protect
|
|-heal|p1a: Gliscor|56/100 tox|[from] ability: Poison Heal
|upkeep
|turn|32
|
|t:|1760303229
|move|p1a: Gliscor|Knock Off|p2a: Alomomola
|-damage|p2a: Alomomola|71/100
|-enditem|p2a: Alomomola|Assault Vest|[from] move: Knock Off|[of] p1a: Gliscor
|move|p2a: Alomomola|Flip Turn|p1a: Gliscor
|-supereffective|p1a: Gliscor
|-damage|p1a: Gliscor|36/100 tox
|
|t:|1760303232
|switch|p2a: Dragapult|Dragapult, M, shiny, tera:Ghost|88/100|[from] Flip Turn
|-damage|p2a: Dragapult|76/100|[from] Stealth Rock
|
|-heal|p1a: Gliscor|48/100 tox|[from] ability: Poison Heal
|upkeep
|turn|33
|
|t:|1760303237
|move|p1a: Gliscor|Protect|p1a: Gliscor
|-singleturn|p1a: Gliscor|Protect
|move|p2a: Dragapult|Tera Blast|p1a: Gliscor|[anim] Tera Blast Ghost
|-activate|p1a: Gliscor|move: Protect
|
|-heal|p1a: Gliscor|61/100 tox|[from] ability: Poison Heal
|upkeep
|turn|34
|
|t:|1760303251
|move|p2a: Dragapult|Tera Blast|p1a: Gliscor|[anim] Tera Blast Ghost
|-damage|p1a: Gliscor|15/100 tox
|move|p1a: Gliscor|Knock Off|p2a: Dragapult
|-supereffective|p2a: Dragapult
|-damage|p2a: Dragapult|15/100
|-enditem|p2a: Dragapult|Choice Band|[from] move: Knock Off|[of] p1a: Gliscor
|
|-heal|p1a: Gliscor|28/100 tox|[from] ability: Poison Heal
|upkeep
|turn|35
|
|t:|1760303266
|move|p1a: Gliscor|Protect|p1a: Gliscor
|-singleturn|p1a: Gliscor|Protect
|move|p2a: Dragapult|Dragon Darts|p1a: Gliscor
|-activate|p1a: Gliscor|move: Protect
|
|-heal|p1a: Gliscor|40/100 tox|[from] ability: Poison Heal
|upkeep
|turn|36
|
|t:|1760303277
|move|p2a: Dragapult|Tera Blast|p1a: Gliscor|[anim] Tera Blast Ghost
|-damage|p1a: Gliscor|8/100 tox
|move|p1a: Gliscor|U-turn|p2a: Dragapult
|-resisted|p2a: Dragapult
|-damage|p2a: Dragapult|4/100
|
|t:|1760303283
|switch|p1a: Alomomola|Alomomola, M|57/100 tox|[from] U-turn
|
|-heal|p1a: Alomomola|63/100 tox|[from] item: Leftovers
|-damage|p1a: Alomomola|57/100 tox|[from] psn
|upkeep
|turn|37
|
|t:|1760303286
|move|p2a: Dragapult|Tera Blast|p1a: Alomomola|[anim] Tera Blast Ghost
|-damage|p1a: Alomomola|28/100 tox
|move|p1a: Alomomola|Wish|p1a: Alomomola
|
|-heal|p1a: Alomomola|34/100 tox|[from] item: Leftovers
|-damage|p1a: Alomomola|22/100 tox|[from] psn
|upkeep
|turn|38
|
|t:|1760303292
|move|p1a: Alomomola|Protect|p1a: Alomomola
|-singleturn|p1a: Alomomola|Protect
|move|p2a: Dragapult|Tera Blast|p1a: Alomomola|[anim] Tera Blast Ghost
|-activate|p1a: Alomomola|move: Protect
|
|-heal|p1a: Alomomola|72/100 tox|[from] move: Wish|[wisher] Alomomola
|-heal|p1a: Alomomola|78/100 tox|[from] item: Leftovers
|-damage|p1a: Alomomola|59/100 tox|[from] psn
|upkeep
|turn|39
|
|t:|1760303294
|move|p2a: Dragapult|Tera Blast|p1a: Alomomola|[anim] Tera Blast Ghost
|-damage|p1a: Alomomola|30/100 tox
|move|p1a: Alomomola|Flip Turn|p2a: Dragapult
|-damage|p2a: Dragapult|0 fnt
|faint|p2a: Dragapult
|
|t:|1760303301
|switch|p1a: Gliscor|Gliscor, F|8/100 tox|[from] Flip Turn
|
|-heal|p1a: Gliscor|21/100 tox|[from] ability: Poison Heal
|upkeep
|
|t:|1760303303
|switch|p2a: Moltres|Moltres|100/100
|turn|40
|
|t:|1760303313
|move|p1a: Gliscor|Protect|p1a: Gliscor
|-singleturn|p1a: Gliscor|Protect
|move|p2a: Moltres|Flamethrower|p1a: Gliscor
|-activate|p1a: Gliscor|move: Protect
|
|-heal|p1a: Gliscor|33/100 tox|[from] ability: Poison Heal
|upkeep
|turn|41
|
|t:|1760303322
|move|p1a: Gliscor|Knock Off|p2a: Moltres
|-damage|p2a: Moltres|85/100
|-enditem|p2a: Moltres|Heavy-Duty Boots|[from] move: Knock Off|[of] p1a: Gliscor
|move|p2a: Moltres|Hurricane|p1a: Gliscor
|-damage|p1a: Gliscor|0 fnt
|faint|p1a: Gliscor
|
|upkeep
|
|t:|1760303332
|switch|p1a: Alomomola|Alomomola, M|63/100 tox
|turn|42
|
|t:|1760303335
|move|p2a: Moltres|Hurricane|p1a: Alomomola
|-damage|p1a: Alomomola|4/100 tox
|move|p1a: Alomomola|Wish|p1a: Alomomola
|
|-heal|p1a: Alomomola|10/100 tox|[from] item: Leftovers
|-damage|p1a: Alomomola|4/100 tox|[from] psn
|upkeep
|turn|43
|
|t:|1760303342
|move|p1a: Alomomola|Protect|p1a: Alomomola
|-singleturn|p1a: Alomomola|Protect
|move|p2a: Moltres|Hurricane|p1a: Alomomola
|-activate|p1a: Alomomola|move: Protect
|
|-heal|p1a: Alomomola|54/100 tox|[from] move: Wish|[wisher] Alomomola
|-heal|p1a: Alomomola|60/100 tox|[from] item: Leftovers
|-damage|p1a: Alomomola|48/100 tox|[from] psn
|upkeep
|turn|44
|
|t:|1760303344
|move|p2a: Moltres|Hurricane|p1a: Alomomola|[miss]
|-miss|p2a: Moltres|p1a: Alomomola
|move|p1a: Alomomola|Flip Turn|p2a: Moltres
|-supereffective|p2a: Moltres
|-damage|p2a: Moltres|62/100
|
|t:|1760303346
|switch|p1a: Great Tusk|Great Tusk|100/100|[from] Flip Turn
|
|upkeep
|turn|45
|
|t:|1760303350
|move|p1a: Great Tusk|Close Combat|p2a: Moltres
|-resisted|p2a: Moltres
|-damage|p2a: Moltres|44/100
|-unboost|p1a: Great Tusk|def|1
|-unboost|p1a: Great Tusk|spd|1
|-status|p1a: Great Tusk|brn|[from] ability: Flame Body|[of] p2a: Moltres
|move|p2a: Moltres|Roost|p2a: Moltres
|-heal|p2a: Moltres|94/100
|-singleturn|p2a: Moltres|move: Roost
|
|-damage|p1a: Great Tusk|94/100 brn|[from] brn
|upkeep
|turn|46
|
|t:|1760303356
|move|p1a: Great Tusk|Ice Spinner|p2a: Moltres
|-damage|p2a: Moltres|86/100
|move|p2a: Moltres|Flamethrower|p1a: Great Tusk
|-crit|p1a: Great Tusk
|-damage|p1a: Great Tusk|0 fnt
|faint|p1a: Great Tusk
|-end|p1a: Great Tusk|Protosynthesis|[silent]
|
|upkeep
|
|t:|1760303360
|switch|p1a: Alomomola|Alomomola, M|81/100 tox
|turn|47
|-message|Subparrrrr forfeited.
|
|win|KuroNoTamashi
|raw|Subparrrrr's rating: 1343 &rarr; <strong>1325</strong><br />(-18 for losing)
|raw|KuroNoTamashi's rating: 1383 &rarr; <strong>1401</strong><br />(+18 for winning)
|l|☆Subparrrrr
|player|p1|
|l|☆KuroNoTamashi
|player|p2|
