|j|☆donfeitan
|j|☆aortega21
|t:|1760369672
|gametype|singles
|player|p1|donfeitan|ash|1114
|player|p2|aortega21|1|1067
|gen|9
|tier|[Gen 9] OU
|rated|
|rule|HP Percentage Mod: HP is shown in percentages
|rule|Endless Battle Clause: Forcing endless battles is banned
|rule|Species Clause: Limit one of each Pokémon
|rule|OHKO Clause: OHKO moves are banned
|rule|Evasion Items Clause: Evasion items are banned
|rule|Evasion Moves Clause: Evasion moves are banned
|rule|Evasion Abilities Clause: Evasion abilities are banned
|rule|Sleep Moves Clause: Sleep-inducing moves are banned
|clearpoke
|poke|p1|Pelipper, M|
|poke|p1|Dragapult, M|
|poke|p1|Overqwil, M|
|poke|p1|Iron Valiant|
|poke|p1|Floatzel, M|
|poke|p1|Zarude|
|poke|p2|Incineroar, F|
|poke|p2|Primarina, M|
|poke|p2|Sceptile, F|
|poke|p2|Haxorus, M|
|poke|p2|Gengar, F|
|poke|p2|Gardevoir, F|
|teampreview
|inactive|Battle timer is ON: inactive players will automatically lose when time's up. (requested by donfeitan)
|
|t:|1760369697
|teamsize|p1|6
|teamsize|p2|6
|start
|switch|p1a: Zarude|Zarude|100/100
|switch|p2a: Gengar|Gengar, F|100/100
|turn|1
|inactive|donfeitan has 120 seconds left.
|
|t:|1760369738
|move|p2a: Gengar|Sludge Wave|p1a: Zarude
|-supereffective|p1a: Zarude
|-damage|p1a: Zarude|13/100
|move|p1a: Zarude|Knock Off|p2a: Gengar
|-supereffective|p2a: Gengar
|-damage|p2a: Gengar|0 fnt
|-enditem|p2a: Gengar|Leftovers|[from] move: Knock Off|[of] p1a: Zarude
|faint|p2a: Gengar
|
|upkeep
|inactive|aortega21 has 120 seconds left.
|
|t:|1760369771
|switch|p2a: Gardevoir|Gardevoir, F|100/100
|-ability|p2a: Gardevoir|Leaf Guard|Trace|[from] ability: Trace|[of] p1a: Zarude
|turn|2
|inactive|donfeitan has 120 seconds left.
|
|t:|1760369795
|switch|p1a: Pelipper|Pelipper, M, shiny|100/100
|-weather|RainDance|[from] ability: Drizzle|[of] p1a: Pelipper
|move|p2a: Gardevoir|Moonblast|p1a: Pelipper
|-damage|p1a: Pelipper|21/100
|-unboost|p1a: Pelipper|spa|1
|
|-weather|RainDance|[upkeep]
|upkeep
|turn|3
|
|t:|1760369804
|switch|p1a: Overqwil|Overqwil, M, shiny|100/100
|move|p2a: Gardevoir|Moonblast|p1a: Overqwil
|-damage|p1a: Overqwil|30/100
|
|-weather|RainDance|[upkeep]
|upkeep
|turn|4
|
|t:|1760369815
|move|p1a: Overqwil|Gunk Shot|p2a: Gardevoir
|-supereffective|p2a: Gardevoir
|-damage|p2a: Gardevoir|0 fnt
|faint|p2a: Gardevoir
|-damage|p1a: Overqwil|20/100|[from] item: Life Orb
|
|-weather|RainDance|[upkeep]
|upkeep
|
|t:|1760369837
|switch|p2a: Haxorus|Haxorus, M|100/100
|-ability|p2a: Haxorus|Mold Breaker
|turn|5
|inactive|donfeitan has 120 seconds left.
|
|t:|1760369851
|switch|p1a: Iron Valiant|Iron Valiant, shiny|100/100
|move|p2a: Haxorus|Close Combat|p1a: Iron Valiant
|-resisted|p1a: Iron Valiant
|-damage|p1a: Iron Valiant|69/100
|-unboost|p2a: Haxorus|def|1
|-unboost|p2a: Haxorus|spd|1
|
|-weather|RainDance|[upkeep]
|upkeep
|turn|6
|
|t:|1760369859
|move|p1a: Iron Valiant|Moonblast|p2a: Haxorus
|-supereffective|p2a: Haxorus
|-crit|p2a: Haxorus
|-damage|p2a: Haxorus|0 fnt
|faint|p2a: Haxorus
|
|-weather|RainDance|[upkeep]
|upkeep
|
|t:|1760369869
|switch|p2a: Primarina|Primarina, M|100/100
|turn|7
|
|t:|1760369878
|-end|p1a: Iron Valiant|Quark Drive|[silent]
|switch|p1a: Overqwil|Overqwil, M, shiny|20/100
|move|p2a: Primarina|Psychic|p1a: Overqwil
|-immune|p1a: Overqwil
|
|-weather|RainDance|[upkeep]
|upkeep
|turn|8
|
|t:|1760369884
|-terastallize|p2a: Primarina|Water
|move|p1a: Overqwil|Gunk Shot|p2a: Primarina
|-damage|p2a: Primarina|12/100
|-damage|p1a: Overqwil|10/100|[from] item: Life Orb
|move|p2a: Primarina|Moonblast|p1a: Overqwil
|-crit|p1a: Overqwil
|-damage|p1a: Overqwil|0 fnt
|faint|p1a: Overqwil
|
|-weather|RainDance|[upkeep]
|upkeep
|
|t:|1760369889
|switch|p1a: Zarude|Zarude|13/100
|turn|9
|c|☆aortega21|youre the most annoying battler I've ever encountered
|
|t:|1760369902
|move|p1a: Zarude|Synthesis|p1a: Zarude
|-heal|p1a: Zarude|38/100
|move|p2a: Primarina|Moonblast|p1a: Zarude
|-supereffective|p1a: Zarude
|-damage|p1a: Zarude|0 fnt
|faint|p1a: Zarude
|
|-weather|none
|upkeep
|c|☆donfeitan|lmaoooooooooooooooooooooooooooo
|
|t:|1760369909
|switch|p1a: Goatzel|Floatzel, M|100/100
|turn|10
|
|t:|1760369914
|move|p1a: Goatzel|Aqua Jet|p2a: Primarina
|-resisted|p2a: Primarina
|-damage|p2a: Primarina|0 fnt
|faint|p2a: Primarina
|-damage|p1a: Goatzel|91/100|[from] item: Life Orb
|
|upkeep
|
|t:|1760369924
|switch|p2a: Sceptile|Sceptile, F|100/100
|turn|11
|
|t:|1760369927
|switch|p1a: Pelipper|Pelipper, M, shiny|21/100
|-weather|RainDance|[from] ability: Drizzle|[of] p1a: Pelipper
|move|p2a: Sceptile|Leaf Storm|p1a: Pelipper
|-damage|p1a: Pelipper|0 fnt
|-unboost|p2a: Sceptile|spa|2
|faint|p1a: Pelipper
|
|-weather|RainDance|[upkeep]
|upkeep
|
|t:|1760369932
|switch|p1a: Goatzel|Floatzel, M|91/100
|turn|12
|c|☆aortega21|here you go again
|
|t:|1760369938
|-terastallize|p1a: Goatzel|Ice
|move|p1a: Goatzel|Ice Spinner|p2a: Sceptile
|-supereffective|p2a: Sceptile
|-damage|p2a: Sceptile|0 fnt
|faint|p2a: Sceptile
|-damage|p1a: Goatzel|81/100|[from] item: Life Orb
|
|-weather|RainDance|[upkeep]
|upkeep
|c|☆donfeitan|lmaooooooooooooooooooooooooooooooooooooooooooooo
|
|t:|1760369945
|switch|p2a: Incineroar|Incineroar, F|100/100
|-ability|p2a: Incineroar|Intimidate|boost
|-unboost|p1a: Goatzel|atk|1
|turn|13
|
|t:|1760369950
|move|p1a: Goatzel|Wave Crash|p2a: Incineroar
|-supereffective|p2a: Incineroar
|-damage|p2a: Incineroar|0 fnt
|faint|p2a: Incineroar
|-damage|p1a: Goatzel|46/100|[from] Recoil
|-damage|p1a: Goatzel|36/100|[from] item: Life Orb
|
|win|donfeitan
|raw|donfeitan's rating: 1114 &rarr; <strong>1136</strong><br />(+22 for winning)
|raw|aortega21's rating: 1067 &rarr; <strong>1050</strong><br />(-17 for losing)
|c|☆donfeitan|ggg king
|l|☆aortega21
|player|p2|
