|j|☆Hiyapartner
|j|☆jsusususs
|t:|1760328708
|gametype|singles
|player|p1|Hiyapartner|2|1152
|player|p2|jsusususs|2|1088
|gen|9
|tier|[Gen 9] OU
|rated|
|rule|HP Percentage Mod: HP is shown in percentages
|rule|Endless Battle Clause: Forcing endless battles is banned
|rule|Species Clause: Limit one of each Pokémon
|rule|OHKO Clause: OHKO moves are banned
|rule|Evasion Items Clause: Evasion items are banned
|rule|Evasion Moves Clause: Evasion moves are banned
|rule|Evasion Abilities Clause: Evasion abilities are banned
|rule|Sleep Moves Clause: Sleep-inducing moves are banned
|clearpoke
|poke|p1|Torkoal, M|
|poke|p1|Victreebel, F|
|poke|p1|Walking Wake|
|poke|p1|Garchomp, F|
|poke|p1|Clefable, M|
|poke|p1|Scizor, F|
|poke|p2|Azumarill, M|
|poke|p2|Mew|
|poke|p2|Weezing-Galar, F|
|poke|p2|Incineroar, M|
|poke|p2|Haxorus, M|
|poke|p2|Mimikyu, M|
|teampreview
|inactive|Battle timer is ON: inactive players will automatically lose when time's up. (requested by jsusususs)
|
|t:|1760328716
|teamsize|p1|6
|teamsize|p2|6
|start
|switch|p1a: Scizor|Scizor, F|100/100
|switch|p2a: Incineroar|Incineroar, M|100/100
|-ability|p2a: Incineroar|Intimidate|boost
|-unboost|p1a: Scizor|atk|1
|turn|1
|
|t:|1760328726
|switch|p1a: Garchomp|Garchomp, F|100/100
|move|p2a: Incineroar|Parting Shot|p1a: Garchomp
|-unboost|p1a: Garchomp|atk|1
|-unboost|p1a: Garchomp|spa|1
|
|t:|1760328735
|switch|p2a: Weezing|Weezing-Galar, F|100/100|[from] Parting Shot
|-ability|p2a: Weezing|Neutralizing Gas
|
|upkeep
|turn|2
|
|t:|1760328741
|switch|p1a: Torkoal|Torkoal, M|100/100
|move|p2a: Weezing|Will-O-Wisp|p1a: Torkoal
|-immune|p1a: Torkoal
|
|upkeep
|turn|3
|
|t:|1760328749
|move|p2a: Weezing|Pain Split|p1a: Torkoal
|-sethp|p1a: Torkoal|98/100|[from] move: Pain Split|[silent]
|-sethp|p2a: Weezing|100/100|[from] move: Pain Split
|move|p1a: Torkoal|Eruption|p2a: Weezing
|-damage|p2a: Weezing|11/100
|
|upkeep
|turn|4
|
|t:|1760328762
|switch|p1a: Scizor|Scizor, F|100/100
|move|p2a: Weezing|Pain Split|p1a: Scizor
|-sethp|p1a: Scizor|56/100|[from] move: Pain Split|[silent]
|-sethp|p2a: Weezing|58/100|[from] move: Pain Split
|
|upkeep
|turn|5
|
|t:|1760328776
|switch|p1a: Garchomp|Garchomp, F|100/100
|-end|p2a: Weezing|ability: Neutralizing Gas
|switch|p2a: Incineroar|Incineroar, M|100/100
|-ability|p2a: Incineroar|Intimidate|boost
|-unboost|p1a: Garchomp|atk|1
|
|upkeep
|turn|6
|
|t:|1760328798
|move|p1a: Garchomp|Earthquake|p2a: Incineroar
|-supereffective|p2a: Incineroar
|-crit|p2a: Incineroar
|-damage|p2a: Incineroar|0 fnt
|faint|p2a: Incineroar
|
|upkeep
|
|t:|1760328811
|switch|p2a: Haxorus|Haxorus, M, shiny|100/100
|-ability|p2a: Haxorus|Mold Breaker
|turn|7
|
|t:|1760328817
|move|p2a: Haxorus|Dragon Dance|p2a: Haxorus
|-boost|p2a: Haxorus|atk|1
|-boost|p2a: Haxorus|spe|1
|move|p1a: Garchomp|Dragon Tail|p2a: Haxorus
|-supereffective|p2a: Haxorus
|-damage|p2a: Haxorus|45/100
|drag|p2a: Mimikyu|Mimikyu, M|100/100
|
|upkeep
|turn|8
|-message|jsusususs forfeited.
|
|win|Hiyapartner
|raw|Hiyapartner's rating: 1152 &rarr; <strong>1172</strong><br />(+20 for winning)
|raw|jsusususs's rating: 1088 &rarr; <strong>1069</strong><br />(-19 for losing)
|l|☆jsusususs
|player|p2|
|l|☆Hiyapartner
|player|p1|
