|j|☆Christendom
|j|☆drop a baby
|t:|1760325188
|gametype|singles
|player|p1|Christendom|worker|1608
|player|p2|drop a baby|chase|1818
|gen|9
|tier|[Gen 9] OU
|rated|
|rule|HP Percentage Mod: HP is shown in percentages
|rule|Endless Battle Clause: Forcing endless battles is banned
|rule|Species Clause: Limit one of each Pokémon
|rule|OHKO Clause: OHKO moves are banned
|rule|Evasion Items Clause: Evasion items are banned
|rule|Evasion Moves Clause: Evasion moves are banned
|rule|Evasion Abilities Clause: Evasion abilities are banned
|rule|Sleep Moves Clause: Sleep-inducing moves are banned
|clearpoke
|poke|p1|Iron Valiant|
|poke|p1|Dragapult, F|
|poke|p1|Glimmora, F|
|poke|p1|Ogerpon-Wellspring, F|
|poke|p1|Landorus-Therian, M|
|poke|p1|Kingambit, F|
|poke|p2|Kingambit, M|
|poke|p2|Garchomp, M|
|poke|p2|Pecharunt|
|poke|p2|Darkrai|
|poke|p2|Kyurem|
|poke|p2|Zapdos-Galar|
|teampreview
|
|t:|1760325205
|teamsize|p1|6
|teamsize|p2|6
|start
|switch|p1a: Dragapult|Dragapult, F|100/100
|switch|p2a: Darkrai|Darkrai|100/100
|turn|1
|inactive|Battle timer is ON: inactive players will automatically lose when time's up. (requested by drop a baby)
|c|☆Christendom|damn 1818
|c|☆Christendom|im gona get cooked
|
|t:|1760325219
|move|p1a: Dragapult|U-turn|p2a: Darkrai
|-supereffective|p2a: Darkrai
|-damage|p2a: Darkrai|56/100
|
|t:|1760325225
|switch|p1a: Landorus|Landorus-Therian, M|100/100|[from] U-turn
|-ability|p1a: Landorus|Intimidate|boost
|-unboost|p2a: Darkrai|atk|1
|move|p2a: Darkrai|Dark Pulse|p1a: Landorus
|-damage|p1a: Landorus|56/100
|
|upkeep
|turn|2
|
|t:|1760325234
|switch|p1a: Glimmora|Glimmora, F|100/100
|move|p2a: Darkrai|Ice Beam|p1a: Glimmora
|-damage|p1a: Glimmora|59/100
|
|upkeep
|turn|3
|
|t:|1760325239
|move|p2a: Darkrai|Dark Pulse|p1a: Glimmora
|-damage|p1a: Glimmora|3/100
|move|p1a: Glimmora|Mortal Spin|p2a: Darkrai
|-damage|p2a: Darkrai|49/100
|-status|p2a: Darkrai|psn
|
|-damage|p2a: Darkrai|36/100 psn|[from] psn
|upkeep
|turn|4
|
|t:|1760325246
|move|p2a: Darkrai|Ice Beam|p1a: Glimmora
|-damage|p1a: Glimmora|0 fnt
|faint|p1a: Glimmora
|
|-damage|p2a: Darkrai|24/100 psn|[from] psn
|upkeep
|
|t:|1760325249
|switch|p1a: Dragapult|Dragapult, F|100/100
|turn|5
|
|t:|1760325255
|move|p1a: Dragapult|U-turn|p2a: Darkrai
|-supereffective|p2a: Darkrai
|-damage|p2a: Darkrai|0 fnt
|faint|p2a: Darkrai
|
|t:|1760325267
|switch|p1a: Ogerpon|Ogerpon-Wellspring, F|100/100|[from] U-turn
|
|upkeep
|
|t:|1760325272
|switch|p2a: Zapdos|Zapdos-Galar|100/100
|turn|6
|
|t:|1760325280
|move|p2a: Zapdos|Brave Bird|p1a: Ogerpon
|-supereffective|p1a: Ogerpon
|-crit|p1a: Ogerpon
|-damage|p1a: Ogerpon|0 fnt
|faint|p1a: Ogerpon
|-damage|p2a: Zapdos|70/100|[from] Recoil
|
|upkeep
|
|t:|1760325293
|switch|p1a: Kingambit|Kingambit, F|100/100
|-activate|p1a: Kingambit|ability: Supreme Overlord
|-start|p1a: Kingambit|fallen2|[silent]
|turn|7
|
|t:|1760325297
|switch|p2a: Garchomp|Garchomp, M|100/100
|-end|p1a: Kingambit|fallen2|[silent]
|switch|p1a: Dragapult|Dragapult, F|100/100
|
|upkeep
|turn|8
|
|t:|1760325321
|switch|p2a: Kingambit|Kingambit, M|100/100
|-activate|p2a: Kingambit|ability: Supreme Overlord
|-start|p2a: Kingambit|fallen1|[silent]
|move|p1a: Dragapult|Draco Meteor|p2a: Kingambit|[miss]
|-miss|p1a: Dragapult|p2a: Kingambit
|
|upkeep
|turn|9
|
|t:|1760325330
|-end|p2a: Kingambit|fallen1|[silent]
|switch|p2a: Zapdos|Zapdos-Galar|70/100
|move|p1a: Dragapult|Draco Meteor|p2a: Zapdos|[miss]
|-miss|p1a: Dragapult|p2a: Zapdos
|
|upkeep
|turn|10
|
|t:|1760325341
|move|p2a: Zapdos|U-turn|p1a: Dragapult
|-resisted|p1a: Dragapult
|-damage|p1a: Dragapult|84/100
|
|t:|1760325346
|switch|p2a: Kingambit|Kingambit, M|100/100|[from] U-turn
|-activate|p2a: Kingambit|ability: Supreme Overlord
|-start|p2a: Kingambit|fallen1|[silent]
|move|p1a: Dragapult|Draco Meteor|p2a: Kingambit|[miss]
|-miss|p1a: Dragapult|p2a: Kingambit
|
|upkeep
|turn|11
|c|☆Christendom|:[
|
|t:|1760325354
|switch|p1a: Landorus|Landorus-Therian, M|56/100
|-ability|p1a: Landorus|Intimidate|boost
|-unboost|p2a: Kingambit|atk|1
|move|p2a: Kingambit|Kowtow Cleave|p1a: Landorus
|-damage|p1a: Landorus|16/100
|-damage|p2a: Kingambit|84/100|[from] item: Rocky Helmet|[of] p1a: Landorus
|
|upkeep
|turn|12
|
|t:|1760325363
|-end|p2a: Kingambit|fallen1|[silent]
|switch|p2a: Kyurem|Kyurem|100/100
|-ability|p2a: Kyurem|Pressure
|move|p1a: Landorus|Stealth Rock|p2a: Kyurem
|-sidestart|p2: drop a baby|move: Stealth Rock
|
|upkeep
|turn|13
|
|t:|1760325367
|move|p1a: Landorus|Earthquake|p2a: Kyurem
|-damage|p2a: Kyurem|59/100
|move|p2a: Kyurem|Scale Shot|p1a: Landorus
|-damage|p1a: Landorus|2/100
|-damage|p1a: Landorus|0 fnt
|faint|p1a: Landorus
|-hitcount|p1: Landorus|2
|-unboost|p2a: Kyurem|def|1
|-boost|p2a: Kyurem|spe|1
|
|upkeep
|
|t:|1760325373
|switch|p1a: Iron Valiant|Iron Valiant|100/100
|-enditem|p1a: Iron Valiant|Booster Energy
|-activate|p1a: Iron Valiant|ability: Quark Drive|[fromitem]
|-start|p1a: Iron Valiant|quarkdrivespe
|turn|14
|
|t:|1760325381
|switch|p2a: Pecharunt|Pecharunt|100/100
|-damage|p2a: Pecharunt|88/100|[from] Stealth Rock
|-item|p2a: Pecharunt|Air Balloon
|move|p1a: Iron Valiant|Swords Dance|p1a: Iron Valiant
|-boost|p1a: Iron Valiant|atk|2
|
|upkeep
|turn|15
|
|t:|1760325391
|-terastallize|p1a: Iron Valiant|Steel
|move|p1a: Iron Valiant|Swords Dance|p1a: Iron Valiant
|-boost|p1a: Iron Valiant|atk|2
|move|p2a: Pecharunt|Malignant Chain|p1a: Iron Valiant
|-immune|p1a: Iron Valiant
|
|upkeep
|turn|16
|
|t:|1760325394
|move|p1a: Iron Valiant|Encore|p2a: Pecharunt
|-start|p2a: Pecharunt|Encore
|move|p2a: Pecharunt|Malignant Chain|p1a: Iron Valiant
|-immune|p1a: Iron Valiant
|
|upkeep
|turn|17
|
|t:|1760325402
|switch|p2a: Kyurem|Kyurem|59/100
|-damage|p2a: Kyurem|34/100|[from] Stealth Rock
|-ability|p2a: Kyurem|Pressure
|move|p1a: Iron Valiant|Swords Dance|p1a: Iron Valiant
|-boost|p1a: Iron Valiant|atk|2
|
|upkeep
|turn|18
|
|t:|1760325404
|move|p1a: Iron Valiant|Spirit Break|p2a: Kyurem
|-supereffective|p2a: Kyurem
|-damage|p2a: Kyurem|0 fnt
|faint|p2a: Kyurem
|
|upkeep
|
|t:|1760325408
|switch|p2a: Garchomp|Garchomp, M|100/100
|-damage|p2a: Garchomp|94/100|[from] Stealth Rock
|turn|19
|
|t:|1760325412
|move|p1a: Iron Valiant|Knock Off|p2a: Garchomp
|-damage|p2a: Garchomp|0 fnt
|-damage|p1a: Iron Valiant|88/100|[from] ability: Rough Skin|[of] p2a: Garchomp
|-enditem|p2a: Garchomp|Life Orb|[from] move: Knock Off|[of] p1a: Iron Valiant
|faint|p2a: Garchomp
|
|upkeep
|
|t:|1760325415
|switch|p2a: Kingambit|Kingambit, M|84/100
|-damage|p2a: Kingambit|78/100|[from] Stealth Rock
|-activate|p2a: Kingambit|ability: Supreme Overlord
|-start|p2a: Kingambit|fallen3|[silent]
|turn|20
|
|t:|1760325419
|-terastallize|p2a: Kingambit|Dark
|move|p2a: Kingambit|Sucker Punch|p1a: Iron Valiant
|-damage|p1a: Iron Valiant|0 fnt
|faint|p1a: Iron Valiant
|-end|p1a: Iron Valiant|Quark Drive|[silent]
|
|upkeep
|
|t:|1760325425
|switch|p1a: Kingambit|Kingambit, F|100/100
|-activate|p1a: Kingambit|ability: Supreme Overlord
|-start|p1a: Kingambit|fallen4|[silent]
|turn|21
|
|t:|1760325447
|move|p2a: Kingambit|Swords Dance|p2a: Kingambit
|-boost|p2a: Kingambit|atk|2
|move|p1a: Kingambit|Swords Dance|p1a: Kingambit
|-boost|p1a: Kingambit|atk|2
|
|upkeep
|turn|22
|
|t:|1760325450
|move|p2a: Kingambit|Iron Head|p1a: Kingambit
|-resisted|p1a: Kingambit
|-damage|p1a: Kingambit|59/100
|move|p1a: Kingambit|Iron Head|p2a: Kingambit
|-damage|p2a: Kingambit|0 fnt
|faint|p2a: Kingambit
|-end|p2a: Kingambit|fallen3|[silent]
|
|-heal|p1a: Kingambit|65/100|[from] item: Leftovers
|upkeep
|
|t:|1760325455
|switch|p2a: Zapdos|Zapdos-Galar|70/100
|-damage|p2a: Zapdos|57/100|[from] Stealth Rock
|turn|23
|
|t:|1760325458
|move|p1a: Kingambit|Sucker Punch|p2a: Zapdos
|-resisted|p2a: Zapdos
|-damage|p2a: Zapdos|0 fnt
|faint|p2a: Zapdos
|
|-heal|p1a: Kingambit|71/100|[from] item: Leftovers
|upkeep
|
|t:|1760325460
|switch|p2a: Pecharunt|Pecharunt|88/100
|-damage|p2a: Pecharunt|76/100|[from] Stealth Rock
|-item|p2a: Pecharunt|Air Balloon
|turn|24
|
|t:|1760325462
|move|p2a: Pecharunt|Hex|p1a: Kingambit
|-resisted|p1a: Kingambit
|-damage|p1a: Kingambit|61/100
|move|p1a: Kingambit|Kowtow Cleave|p2a: Pecharunt
|-supereffective|p2a: Pecharunt
|-damage|p2a: Pecharunt|0 fnt
|-enditem|p2a: Pecharunt|Air Balloon
|faint|p2a: Pecharunt
|
|win|Christendom
|raw|Christendom's rating: 1608 &rarr; <strong>1639</strong><br />(+31 for winning)
|raw|drop a baby's rating: 1818 &rarr; <strong>1787</strong><br />(-31 for losing)
|c|☆Christendom|gg
