|j|☆Renderfailed
|j|☆dynasty tech
|t:|1760328277
|gametype|singles
|player|p1|Renderfailed|102|1161
|player|p2|dynasty tech|firebreather|1227
|gen|9
|tier|[Gen 9] OU
|rated|
|rule|HP Percentage Mod: HP is shown in percentages
|rule|Endless Battle Clause: Forcing endless battles is banned
|rule|Species Clause: Limit one of each Pokémon
|rule|OHKO Clause: OHKO moves are banned
|rule|Evasion Items Clause: Evasion items are banned
|rule|Evasion Moves Clause: Evasion moves are banned
|rule|Evasion Abilities Clause: Evasion abilities are banned
|rule|Sleep Moves Clause: Sleep-inducing moves are banned
|clearpoke
|poke|p1|Ninetales-Alola, F|
|poke|p1|Emboar, M|
|poke|p1|Alomomola, F|
|poke|p1|Great Tusk|
|poke|p1|Pecharunt|
|poke|p1|Dragonite, F|
|poke|p2|Mamoswine, M|
|poke|p2|Iron Valiant|
|poke|p2|Dragapult, M|
|poke|p2|Kleavor, M|
|poke|p2|Ogerpon-Wellspring, F|
|poke|p2|Heatran, M|
|teampreview
|
|t:|1760328284
|teamsize|p1|6
|teamsize|p2|6
|start
|switch|p1a: Ninetales|Ninetales-Alola, F|100/100
|switch|p2a: Mamoswine|Mamoswine, M, shiny|100/100
|-weather|Snowscape|[from] ability: Snow Warning|[of] p1a: Ninetales
|turn|1
|
|t:|1760328290
|move|p1a: Ninetales|Aurora Veil|p1a: Ninetales
|-sidestart|p1: Renderfailed|move: Aurora Veil
|move|p2a: Mamoswine|Rock Blast|p1a: Ninetales|[miss]
|-miss|p2a: Mamoswine|p1a: Ninetales
|
|-weather|Snowscape|[upkeep]
|upkeep
|turn|2
|
|t:|1760328306
|switch|p1a: Alomomola|Alomomola, F, shiny|100/100
|move|p2a: Mamoswine|Rock Blast|p1a: Alomomola
|-damage|p1a: Alomomola|98/100
|-damage|p1a: Alomomola|95/100
|-damage|p1a: Alomomola|92/100
|-damage|p1a: Alomomola|89/100
|-damage|p1a: Alomomola|87/100
|-hitcount|p1a: Alomomola|5
|
|-weather|Snowscape|[upkeep]
|upkeep
|turn|3
|
|t:|1760328327
|switch|p2a: Iron Valiant|Iron Valiant, shiny|100/100
|move|p1a: Alomomola|Scald|p2a: Iron Valiant
|-damage|p2a: Iron Valiant|77/100
|
|-weather|Snowscape|[upkeep]
|upkeep
|turn|4
|
|t:|1760328338
|move|p2a: Iron Valiant|Shadow Ball|p1a: Alomomola
|-damage|p1a: Alomomola|66/100
|-unboost|p1a: Alomomola|spd|1
|move|p1a: Alomomola|Flip Turn|p2a: Iron Valiant
|-damage|p2a: Iron Valiant|58/100
|
|t:|1760328367
|switch|p1a: Emboar|Emboar, M|100/100|[from] Flip Turn
|
|-weather|Snowscape|[upkeep]
|upkeep
|turn|5
|
|t:|1760328413
|-end|p2a: Iron Valiant|Quark Drive|[silent]
|switch|p2a: Mamoswine|Mamoswine, M, shiny|100/100
|move|p1a: Emboar|Head Smash|p2a: Mamoswine
|-damage|p2a: Mamoswine|51/100
|-damage|p1a: Emboar|76/100|[from] Recoil
|
|-weather|none
|upkeep
|turn|6
|
|t:|1760328422
|switch|p1a: Alomomola|Alomomola, F, shiny|99/100
|move|p2a: Mamoswine|Earthquake|p1a: Alomomola
|-damage|p1a: Alomomola|83/100
|
|upkeep
|turn|7
|
|t:|1760328438
|switch|p2a: Kleavor|Kleavor, M|100/100
|move|p1a: Alomomola|Wish|p1a: Alomomola
|
|upkeep
|turn|8
|
|t:|1760328444
|move|p2a: Kleavor|Stone Axe|p1a: Alomomola
|-damage|p1a: Alomomola|69/100
|-damage|p2a: Kleavor|84/100|[from] item: Rocky Helmet|[of] p1a: Alomomola
|-sidestart|p1: Renderfailed|move: Stealth Rock
|move|p1a: Alomomola|Flip Turn|p2a: Kleavor
|-supereffective|p2a: Kleavor
|-crit|p2a: Kleavor
|-damage|p2a: Kleavor|32/100
|
|t:|1760328452
|switch|p1a: Great Tusk|Great Tusk|100/100|[from] Flip Turn
|
|-sideend|p1: Renderfailed|move: Aurora Veil
|upkeep
|turn|9
|
|t:|1760328491
|move|p1a: Great Tusk|Stealth Rock|p2a: Kleavor
|-sidestart|p2: dynasty tech|move: Stealth Rock
|move|p2a: Kleavor|Close Combat|p1a: Great Tusk
|-damage|p1a: Great Tusk|67/100
|-unboost|p2a: Kleavor|def|1
|-unboost|p2a: Kleavor|spd|1
|
|upkeep
|turn|10
|
|t:|1760328499
|move|p1a: Great Tusk|Rapid Spin|p2a: Kleavor
|-resisted|p2a: Kleavor
|-damage|p2a: Kleavor|14/100
|-boost|p1a: Great Tusk|spe|1
|-sideend|p1: Renderfailed|Stealth Rock|[from] move: Rapid Spin|[of] p1a: Great Tusk
|move|p2a: Kleavor|Close Combat|p1a: Great Tusk
|-damage|p1a: Great Tusk|34/100
|-unboost|p2a: Kleavor|def|1
|-unboost|p2a: Kleavor|spd|1
|
|upkeep
|turn|11
|
|t:|1760328508
|move|p1a: Great Tusk|Earthquake|p2a: Kleavor
|-damage|p2a: Kleavor|0 fnt
|faint|p2a: Kleavor
|
|upkeep
|
|t:|1760328513
|switch|p2a: Heatran|Heatran, M|100/100
|-damage|p2a: Heatran|88/100|[from] Stealth Rock
|-item|p2a: Heatran|Air Balloon
|turn|12
|
|t:|1760328520
|move|p1a: Great Tusk|Close Combat|p2a: Heatran
|-supereffective|p2a: Heatran
|-damage|p2a: Heatran|0 fnt
|-unboost|p1a: Great Tusk|def|1
|-unboost|p1a: Great Tusk|spd|1
|-enditem|p2a: Heatran|Air Balloon
|faint|p2a: Heatran
|
|upkeep
|c|☆dynasty tech|i bet my life that you had knock lol
|
|t:|1760328539
|switch|p2a: Mamoswine|Mamoswine, M, shiny|51/100
|-damage|p2a: Mamoswine|39/100|[from] Stealth Rock
|turn|13
|
|t:|1760328545
|move|p2a: Mamoswine|Ice Shard|p1a: Great Tusk
|-supereffective|p1a: Great Tusk
|-damage|p1a: Great Tusk|0 fnt
|faint|p1a: Great Tusk
|-end|p1a: Great Tusk|Protosynthesis|[silent]
|
|upkeep
|
|t:|1760328548
|switch|p1a: Ninetales|Ninetales-Alola, F|100/100
|-weather|Snowscape|[from] ability: Snow Warning|[of] p1a: Ninetales
|turn|14
|
|t:|1760328556
|move|p1a: Ninetales|Aurora Veil|p1a: Ninetales
|-sidestart|p1: Renderfailed|move: Aurora Veil
|move|p2a: Mamoswine|Rock Blast|p1a: Ninetales
|-supereffective|p1a: Ninetales
|-damage|p1a: Ninetales|91/100
|-supereffective|p1a: Ninetales
|-damage|p1a: Ninetales|81/100
|-supereffective|p1a: Ninetales
|-damage|p1a: Ninetales|72/100
|-supereffective|p1a: Ninetales
|-damage|p1a: Ninetales|61/100
|-supereffective|p1a: Ninetales
|-damage|p1a: Ninetales|51/100
|-hitcount|p1a: Ninetales|5
|
|-weather|Snowscape|[upkeep]
|upkeep
|turn|15
|
|t:|1760328587
|switch|p1a: Alomomola|Alomomola, F, shiny|100/100
|move|p2a: Mamoswine|Rock Blast|p1a: Alomomola
|-damage|p1a: Alomomola|98/100
|-damage|p1a: Alomomola|96/100
|-damage|p1a: Alomomola|93/100
|-damage|p1a: Alomomola|90/100
|-damage|p1a: Alomomola|88/100
|-hitcount|p1a: Alomomola|5
|
|-weather|Snowscape|[upkeep]
|upkeep
|turn|16
|
|t:|1760328602
|move|p2a: Mamoswine|Earthquake|p1a: Alomomola
|-damage|p1a: Alomomola|73/100
|move|p1a: Alomomola|Flip Turn|p2a: Mamoswine
|-supereffective|p2a: Mamoswine
|-damage|p2a: Mamoswine|15/100
|
|t:|1760328611
|switch|p1a: Emboar|Emboar, M|76/100|[from] Flip Turn
|
|-weather|Snowscape|[upkeep]
|upkeep
|turn|17
|
|t:|1760328630
|move|p1a: Emboar|Flare Blitz|p2a: Mamoswine
|-supereffective|p2a: Mamoswine
|-damage|p2a: Mamoswine|0 fnt
|faint|p2a: Mamoswine
|-damage|p1a: Emboar|71/100|[from] Recoil
|
|-weather|Snowscape|[upkeep]
|upkeep
|
|t:|1760328640
|switch|p2a: Ogerpon|Ogerpon-Wellspring, F|100/100
|-damage|p2a: Ogerpon|88/100|[from] Stealth Rock
|turn|18
|
|t:|1760328653
|-terastallize|p1a: Emboar|Stellar
|move|p1a: Emboar|Flare Blitz|p2a: Ogerpon
|-damage|p2a: Ogerpon|0 fnt
|faint|p2a: Ogerpon
|-damage|p1a: Emboar|47/100|[from] Recoil
|
|-weather|none
|upkeep
|
|t:|1760328660
|switch|p2a: Dragapult|Dragapult, M, shiny|100/100
|-damage|p2a: Dragapult|88/100|[from] Stealth Rock
|turn|19
|
|t:|1760328669
|switch|p1a: Alomomola|Alomomola, F, shiny|100/100
|move|p2a: Dragapult|Dragon Darts|p1a: Alomomola
|-damage|p1a: Alomomola|92/100
|-anim|p2a: Dragapult|Dragon Darts|p1a: Alomomola
|-damage|p1a: Alomomola|81/100
|
|upkeep
|turn|20
|
|t:|1760328674
|move|p2a: Dragapult|Dragon Darts|p1a: Alomomola
|-damage|p1a: Alomomola|71/100
|-anim|p2a: Dragapult|Dragon Darts|p1a: Alomomola
|-damage|p1a: Alomomola|61/100
|move|p1a: Alomomola|Wish|p1a: Alomomola
|
|upkeep
|turn|21
|
|t:|1760328677
|move|p2a: Dragapult|Dragon Darts|p1a: Alomomola
|-damage|p1a: Alomomola|52/100
|-anim|p2a: Dragapult|Dragon Darts|p1a: Alomomola
|-crit|p1a: Alomomola
|-damage|p1a: Alomomola|23/100
|move|p1a: Alomomola|Scald|p2a: Dragapult
|-resisted|p2a: Dragapult
|-damage|p2a: Dragapult|79/100
|
|-heal|p1a: Alomomola|73/100|[from] move: Wish|[wisher] Alomomola
|-sideend|p1: Renderfailed|move: Aurora Veil
|upkeep
|turn|22
|
|t:|1760328694
|switch|p2a: Iron Valiant|Iron Valiant, shiny|58/100
|-damage|p2a: Iron Valiant|51/100|[from] Stealth Rock
|move|p1a: Alomomola|Wish|p1a: Alomomola
|
|upkeep
|turn|23
|
|t:|1760328700
|move|p2a: Iron Valiant|Moonblast|p1a: Alomomola
|-damage|p1a: Alomomola|0 fnt
|faint|p1a: Alomomola
|
|upkeep
|
|t:|1760328710
|switch|p1a: Emboar|Emboar, M, tera:Stellar|47/100
|turn|24
|
|t:|1760328715
|-terastallize|p2a: Iron Valiant|Fighting
|move|p1a: Emboar|Flare Blitz|p2a: Iron Valiant
|-damage|p2a: Iron Valiant|0 fnt
|faint|p2a: Iron Valiant
|-end|p2a: Iron Valiant|Quark Drive|[silent]
|-damage|p1a: Emboar|33/100|[from] Recoil
|
|upkeep
|
|t:|1760328721
|switch|p2a: Dragapult|Dragapult, M, shiny|79/100
|-damage|p2a: Dragapult|67/100|[from] Stealth Rock
|turn|25
|
|t:|1760328764
|switch|p1a: Ninetales|Ninetales-Alola, F|51/100
|-weather|Snowscape|[from] ability: Snow Warning|[of] p1a: Ninetales
|move|p2a: Dragapult|Dragon Darts|p1a: Ninetales
|-immune|p1a: Ninetales
|
|-weather|Snowscape|[upkeep]
|upkeep
|turn|26
|j| Zanude-dada
|c|☆dynasty tech|gg emboar murked me
|-message|dynasty tech forfeited.
|
|win|Renderfailed
|raw|Renderfailed's rating: 1161 &rarr; <strong>1191</strong><br />(+30 for winning)
|raw|dynasty tech's rating: 1227 &rarr; <strong>1197</strong><br />(-30 for losing)
|l|☆dynasty tech
|player|p2|
|l|☆Renderfailed
|player|p1|
|l| Zanude-dada
