|j|☆Box2DaLeft
|j|☆great team haver
|t:|1760416871
|gametype|singles
|player|p1|Box2DaLeft|pokefanf-gen4|1469
|player|p2|great team haver|skierf|1405
|gen|9
|tier|[Gen 9] OU
|rated|
|rule|HP Percentage Mod: HP is shown in percentages
|rule|Endless Battle Clause: Forcing endless battles is banned
|rule|Species Clause: Limit one of each Pokémon
|rule|OHKO Clause: OHKO moves are banned
|rule|Evasion Items Clause: Evasion items are banned
|rule|Evasion Moves Clause: Evasion moves are banned
|rule|Evasion Abilities Clause: Evasion abilities are banned
|rule|Sleep Moves Clause: Sleep-inducing moves are banned
|clearpoke
|poke|p1|Garganacl, M|
|poke|p1|Cinderace, F|
|poke|p1|Great Tusk|
|poke|p1|Iron Boulder|
|poke|p1|Tornadus-Therian, M|
|poke|p1|Iron Valiant|
|poke|p2|Enamorus-Therian, F|
|poke|p2|Lapras, F|
|poke|p2|Incineroar, F|
|poke|p2|Slither Wing|
|poke|p2|Iron Crown|
|poke|p2|Pecharunt|
|teampreview
|inactive|Battle timer is ON: inactive players will automatically lose when time's up. (requested by great team haver)
|
|t:|1760416880
|teamsize|p1|6
|teamsize|p2|6
|start
|switch|p1a: Tornadus|Tornadus-Therian, M|100/100
|switch|p2a: Incineroar|Incineroar, F|100/100
|-ability|p2a: Incineroar|Intimidate|boost
|-unboost|p1a: Tornadus|atk|1
|turn|1
|
|t:|1760416886
|move|p1a: Tornadus|Knock Off|p2a: Incineroar
|-resisted|p2a: Incineroar
|-damage|p2a: Incineroar|96/100
|-enditem|p2a: Incineroar|Heavy-Duty Boots|[from] move: Knock Off|[of] p1a: Tornadus
|move|p2a: Incineroar|Knock Off|p1a: Tornadus
|-damage|p1a: Tornadus|49/100
|-enditem|p1a: Tornadus|Heavy-Duty Boots|[from] move: Knock Off|[of] p2a: Incineroar
|
|upkeep
|turn|2
|
|t:|1760416893
|move|p1a: Tornadus|U-turn|p2a: Incineroar
|-crit|p2a: Incineroar
|-damage|p2a: Incineroar|81/100
|
|t:|1760416896
|switch|p1a: Garganacl|Garganacl, M|100/100|[from] U-turn
|move|p2a: Incineroar|Will-O-Wisp|p1a: Garganacl
|-immune|p1a: Garganacl|[from] ability: Purifying Salt
|
|upkeep
|turn|3
|
|t:|1760416904
|switch|p1a: Tornadus|Tornadus-Therian, M|82/100
|move|p2a: Incineroar|Knock Off|p1a: Tornadus
|-damage|p1a: Tornadus|46/100
|
|upkeep
|turn|4
|
|t:|1760416909
|switch|p2a: Iron Crown|Iron Crown|100/100
|move|p1a: Tornadus|Bleakwind Storm|p2a: Iron Crown
|-resisted|p2a: Iron Crown
|-damage|p2a: Iron Crown|87/100
|-unboost|p2a: Iron Crown|spe|1
|
|-heal|p2a: Iron Crown|93/100|[from] item: Leftovers
|upkeep
|turn|5
|
|t:|1760416917
|-end|p2a: Iron Crown|Quark Drive|[silent]
|switch|p2a: Incineroar|Incineroar, F|81/100
|-ability|p2a: Incineroar|Intimidate|boost
|-unboost|p1a: Tornadus|atk|1
|move|p1a: Tornadus|Knock Off|p2a: Incineroar
|-resisted|p2a: Incineroar
|-damage|p2a: Incineroar|78/100
|
|upkeep
|turn|6
|
|t:|1760416945
|move|p1a: Tornadus|U-turn|p2a: Incineroar
|-damage|p2a: Incineroar|72/100
|
|t:|1760416949
|switch|p1a: Garganacl|Garganacl, M|100/100|[from] U-turn
|move|p2a: Incineroar|Parting Shot|p1a: Garganacl
|-unboost|p1a: Garganacl|atk|1
|-unboost|p1a: Garganacl|spa|1
|
|t:|1760416953
|switch|p2a: Iron Crown|Iron Crown|93/100|[from] Parting Shot
|
|-heal|p2a: Iron Crown|99/100|[from] item: Leftovers
|upkeep
|turn|7
|
|t:|1760416958
|move|p2a: Iron Crown|Substitute|p2a: Iron Crown
|-start|p2a: Iron Crown|Substitute
|-damage|p2a: Iron Crown|75/100
|move|p1a: Garganacl|Salt Cure|p2a: Iron Crown
|-resisted|p2a: Iron Crown
|-activate|p2a: Iron Crown|move: Substitute|[damage]
|
|-heal|p2a: Iron Crown|81/100|[from] item: Leftovers
|upkeep
|turn|8
|
|t:|1760416963
|switch|p1a: Cinderace|Cinderace, F|100/100
|move|p2a: Iron Crown|Calm Mind|p2a: Iron Crown
|-boost|p2a: Iron Crown|spa|1
|-boost|p2a: Iron Crown|spd|1
|
|-heal|p2a: Iron Crown|87/100|[from] item: Leftovers
|upkeep
|turn|9
|
|t:|1760416965
|-terastallize|p2a: Iron Crown|Steel
|move|p1a: Cinderace|Pyro Ball|p2a: Iron Crown
|-supereffective|p2a: Iron Crown
|-end|p2a: Iron Crown|Substitute
|move|p2a: Iron Crown|Tachyon Cutter|p1a: Cinderace
|-resisted|p1a: Cinderace
|-damage|p1a: Cinderace|70/100
|-resisted|p1a: Cinderace
|-crit|p1a: Cinderace
|-damage|p1a: Cinderace|27/100
|-hitcount|p1a: Cinderace|2
|
|-heal|p2a: Iron Crown|93/100|[from] item: Leftovers
|upkeep
|turn|10
|
|t:|1760416971
|-end|p2a: Iron Crown|Quark Drive|[silent]
|switch|p2a: Incineroar|Incineroar, F|72/100
|-ability|p2a: Incineroar|Intimidate|boost
|-unboost|p1a: Cinderace|atk|1
|move|p1a: Cinderace|Pyro Ball|p2a: Incineroar
|-resisted|p2a: Incineroar
|-damage|p2a: Incineroar|58/100
|
|upkeep
|turn|11
|inactive|Box2DaLeft has 120 seconds left.
|
|t:|1760417010
|move|p1a: Cinderace|U-turn|p2a: Incineroar
|-start|p1a: Cinderace|typechange|Bug|[from] ability: Libero
|-crit|p2a: Incineroar
|-damage|p2a: Incineroar|25/100
|
|t:|1760417013
|switch|p1a: Tornadus|Tornadus-Therian, M|79/100|[from] U-turn
|move|p2a: Incineroar|Parting Shot|p1a: Tornadus
|-unboost|p1a: Tornadus|atk|1
|-unboost|p1a: Tornadus|spa|1
|
|t:|1760417018
|switch|p2a: Lapras|Lapras, F|100/100|[from] Parting Shot
|
|upkeep
|turn|12
|inactive|Box2DaLeft has 120 seconds left.
|
|t:|1760417041
|move|p1a: Tornadus|U-turn|p2a: Lapras
|-damage|p2a: Lapras|92/100
|
|t:|1760417056
|switch|p1a: Garganacl|Garganacl, M|100/100|[from] U-turn
|move|p2a: Lapras|Sparkling Aria|p1a: Garganacl
|-supereffective|p1a: Garganacl
|-damage|p1a: Garganacl|45/100
|
|-heal|p1a: Garganacl|51/100|[from] item: Leftovers
|upkeep
|turn|13
|
|t:|1760417062
|move|p1a: Garganacl|Protect|p1a: Garganacl
|-singleturn|p1a: Garganacl|Protect
|move|p2a: Lapras|Freeze-Dry|p1a: Garganacl
|-activate|p1a: Garganacl|move: Protect
|
|-heal|p1a: Garganacl|57/100|[from] item: Leftovers
|upkeep
|turn|14
|
|t:|1760417072
|-terastallize|p1a: Garganacl|Water
|move|p2a: Lapras|Sparkling Aria|p1a: Garganacl
|-resisted|p1a: Garganacl
|-damage|p1a: Garganacl|45/100
|move|p1a: Garganacl|Recover|p1a: Garganacl
|-heal|p1a: Garganacl|95/100
|
|-heal|p1a: Garganacl|100/100|[from] item: Leftovers
|upkeep
|turn|15
|
|t:|1760417082
|switch|p2a: Incineroar|Incineroar, F|25/100
|-ability|p2a: Incineroar|Intimidate|boost
|-unboost|p1a: Garganacl|atk|1
|move|p1a: Garganacl|Stealth Rock|p2a: Incineroar
|-sidestart|p2: great team haver|move: Stealth Rock
|
|upkeep
|turn|16
|inactive|Box2DaLeft has 120 seconds left.
|
|t:|1760417111
|switch|p1a: Tornadus|Tornadus-Therian, M|100/100
|move|p2a: Incineroar|Parting Shot|p1a: Tornadus
|-unboost|p1a: Tornadus|atk|1
|-unboost|p1a: Tornadus|spa|1
|
|t:|1760417113
|switch|p2a: Enamorus|Enamorus-Therian, F|100/100|[from] Parting Shot
|-damage|p2a: Enamorus|75/100|[from] Stealth Rock
|
|-heal|p2a: Enamorus|82/100|[from] item: Leftovers
|upkeep
|turn|17
|inactive|Box2DaLeft has 120 seconds left.
|
|t:|1760417124
|move|p1a: Tornadus|Knock Off|p2a: Enamorus
|-resisted|p2a: Enamorus
|-damage|p2a: Enamorus|77/100
|-enditem|p2a: Enamorus|Leftovers|[from] move: Knock Off|[of] p1a: Tornadus
|move|p2a: Enamorus|Calm Mind|p2a: Enamorus
|-boost|p2a: Enamorus|spa|1
|-boost|p2a: Enamorus|spd|1
|
|upkeep
|turn|18
|
|t:|1760417126
|move|p1a: Tornadus|U-turn|p2a: Enamorus
|-resisted|p2a: Enamorus
|-damage|p2a: Enamorus|76/100
|
|t:|1760417131
|switch|p1a: Iron Boulder|Iron Boulder|100/100|[from] U-turn
|-enditem|p1a: Iron Boulder|Booster Energy
|-activate|p1a: Iron Boulder|ability: Quark Drive|[fromitem]
|-start|p1a: Iron Boulder|quarkdrivespe
|move|p2a: Enamorus|Draining Kiss|p1a: Iron Boulder
|-damage|p1a: Iron Boulder|68/100
|-heal|p2a: Enamorus|98/100|[from] drain|[of] p1a: Iron Boulder
|
|upkeep
|turn|19
|
|t:|1760417135
|move|p1a: Iron Boulder|Mighty Cleave|p2a: Enamorus
|-supereffective|p2a: Enamorus
|-damage|p2a: Enamorus|40/100
|move|p2a: Enamorus|Earth Power|p1a: Iron Boulder
|-supereffective|p1a: Iron Boulder
|-damage|p1a: Iron Boulder|0 fnt
|faint|p1a: Iron Boulder
|-end|p1a: Iron Boulder|Quark Drive|[silent]
|
|upkeep
|
|t:|1760417146
|switch|p1a: Great Tusk|Great Tusk|100/100
|-enditem|p1a: Great Tusk|Booster Energy
|-activate|p1a: Great Tusk|ability: Protosynthesis|[fromitem]
|-start|p1a: Great Tusk|protosynthesisatk
|turn|20
|
|t:|1760417148
|move|p1a: Great Tusk|Ice Spinner|p2a: Enamorus
|-supereffective|p2a: Enamorus
|-damage|p2a: Enamorus|0 fnt
|faint|p2a: Enamorus
|
|upkeep
|
|t:|1760417151
|switch|p2a: Incineroar|Incineroar, F|25/100
|-damage|p2a: Incineroar|0 fnt|[from] Stealth Rock
|faint|p2a: Incineroar
|
|t:|1760417156
|switch|p2a: Pecharunt|Pecharunt|100/100
|-damage|p2a: Pecharunt|88/100|[from] Stealth Rock
|turn|21
|
|t:|1760417182
|move|p1a: Great Tusk|Headlong Rush|p2a: Pecharunt
|-supereffective|p2a: Pecharunt
|-damage|p2a: Pecharunt|14/100
|-unboost|p1a: Great Tusk|def|1
|-unboost|p1a: Great Tusk|spd|1
|move|p2a: Pecharunt|Shadow Ball|p1a: Great Tusk
|-damage|p1a: Great Tusk|48/100
|
|-heal|p2a: Pecharunt|20/100|[from] item: Black Sludge
|upkeep
|turn|22
|
|t:|1760417190
|move|p1a: Great Tusk|Headlong Rush|p2a: Pecharunt
|-supereffective|p2a: Pecharunt
|-damage|p2a: Pecharunt|0 fnt
|-unboost|p1a: Great Tusk|def|1
|-unboost|p1a: Great Tusk|spd|1
|faint|p2a: Pecharunt
|
|upkeep
|
|t:|1760417194
|switch|p2a: Slither Wing|Slither Wing|100/100
|-damage|p2a: Slither Wing|88/100|[from] Stealth Rock
|turn|23
|
|t:|1760417201
|-end|p1a: Great Tusk|Protosynthesis|[silent]
|switch|p1a: Tornadus|Tornadus-Therian, M|100/100
|move|p2a: Slither Wing|Close Combat|p1a: Tornadus
|-resisted|p1a: Tornadus
|-damage|p1a: Tornadus|54/100
|-unboost|p2a: Slither Wing|def|1
|-unboost|p2a: Slither Wing|spd|1
|
|upkeep
|turn|24
|
|t:|1760417207
|move|p1a: Tornadus|Bleakwind Storm|p2a: Slither Wing
|-supereffective|p2a: Slither Wing
|-damage|p2a: Slither Wing|0 fnt
|faint|p2a: Slither Wing
|-end|p2a: Slither Wing|Protosynthesis|[silent]
|
|upkeep
|
|t:|1760417210
|switch|p2a: Iron Crown|Iron Crown, tera:Steel|93/100
|-damage|p2a: Iron Crown|87/100|[from] Stealth Rock
|turn|25
|
|t:|1760417229
|move|p1a: Tornadus|Knock Off|p2a: Iron Crown
|-damage|p2a: Iron Crown|69/100
|-enditem|p2a: Iron Crown|Leftovers|[from] move: Knock Off|[of] p1a: Tornadus
|move|p2a: Iron Crown|Substitute|p2a: Iron Crown
|-start|p2a: Iron Crown|Substitute
|-damage|p2a: Iron Crown|44/100
|
|upkeep
|turn|26
|
|t:|1760417239
|move|p1a: Tornadus|Heat Wave|p2a: Iron Crown
|-supereffective|p2a: Iron Crown
|-end|p2a: Iron Crown|Substitute
|move|p2a: Iron Crown|Calm Mind|p2a: Iron Crown
|-boost|p2a: Iron Crown|spa|1
|-boost|p2a: Iron Crown|spd|1
|
|upkeep
|turn|27
|
|t:|1760417245
|move|p1a: Tornadus|Heat Wave|p2a: Iron Crown
|-supereffective|p2a: Iron Crown
|-damage|p2a: Iron Crown|20/100
|move|p2a: Iron Crown|Psychic Noise|p1a: Tornadus
|-damage|p1a: Tornadus|1/100
|-start|p1a: Tornadus|move: Heal Block
|
|upkeep
|turn|28
|
|t:|1760417249
|move|p1a: Tornadus|Heat Wave|p2a: Iron Crown
|-supereffective|p2a: Iron Crown
|-crit|p2a: Iron Crown
|-damage|p2a: Iron Crown|0 fnt
|faint|p2a: Iron Crown
|-end|p2a: Iron Crown|Quark Drive|[silent]
|
|-end|p1a: Tornadus|move: Heal Block
|upkeep
|
|t:|1760417251
|switch|p2a: Lapras|Lapras, F|92/100
|-damage|p2a: Lapras|67/100|[from] Stealth Rock
|turn|29
|-message|great team haver forfeited.
|
|win|Box2DaLeft
|raw|Box2DaLeft's rating: 1469 &rarr; <strong>1485</strong><br />(+16 for winning)
|raw|great team haver's rating: 1405 &rarr; <strong>1389</strong><br />(-16 for losing)
|l|☆great team haver
|player|p2|
|l|☆Box2DaLeft
|player|p1|
