|j|☆Ebastia12
|j|☆m3rch3r
|t:|1760452874
|gametype|singles
|player|p1|Ebastia12|101|1499
|player|p2|m3rch3r|veteranf|1446
|gen|9
|tier|[Gen 9] OU
|rated|
|rule|HP Percentage Mod: HP is shown in percentages
|rule|Endless Battle Clause: Forcing endless battles is banned
|rule|Species Clause: Limit one of each Pokémon
|rule|OHKO Clause: OHKO moves are banned
|rule|Evasion Items Clause: Evasion items are banned
|rule|Evasion Moves Clause: Evasion moves are banned
|rule|Evasion Abilities Clause: Evasion abilities are banned
|rule|Sleep Moves Clause: Sleep-inducing moves are banned
|clearpoke
|poke|p1|Gholdengo|
|poke|p1|Iron Treads|
|poke|p1|Moltres|
|poke|p1|Samurott-Hisui, M|
|poke|p1|Sinistcha|
|poke|p1|Ting-Lu|
|poke|p2|Dragapult, F|
|poke|p2|Iron Valiant|
|poke|p2|Hoopa-Unbound|
|poke|p2|Registeel|
|poke|p2|Ogerpon-Wellspring, F|
|poke|p2|Landorus-Therian, M|
|teampreview
|inactive|Battle timer is ON: inactive players will automatically lose when time's up. (requested by m3rch3r)
|
|t:|1760452882
|teamsize|p1|6
|teamsize|p2|6
|start
|switch|p1a: Iron Treads|Iron Treads|100/100
|switch|p2a: Registeel|Registeel|100/100
|turn|1
|
|t:|1760452896
|move|p1a: Iron Treads|Earthquake|p2a: Registeel
|-supereffective|p2a: Registeel
|-damage|p2a: Registeel|51/100
|move|p2a: Registeel|Substitute|p2a: Registeel
|-start|p2a: Registeel|Substitute
|-damage|p2a: Registeel|26/100
|
|upkeep
|turn|2
|
|t:|1760452907
|move|p1a: Iron Treads|Earthquake|p2a: Registeel
|-supereffective|p2a: Registeel
|-end|p2a: Registeel|Substitute
|move|p2a: Registeel|Body Press|p1a: Iron Treads
|-supereffective|p1a: Iron Treads
|-damage|p1a: Iron Treads|51/100
|
|upkeep
|turn|3
|inactive|Ebastia12 has 120 seconds left.
|
|t:|1760452946
|switch|p2a: Ogerpon|Ogerpon-Wellspring, F|100/100
|move|p1a: Iron Treads|Earthquake|p2a: Ogerpon
|-resisted|p2a: Ogerpon
|-damage|p2a: Ogerpon|81/100
|
|upkeep
|turn|4
|inactive|Ebastia12 has 120 seconds left.
|
|t:|1760452964
|-terastallize|p1a: Iron Treads|Bug
|move|p2a: Ogerpon|Swords Dance|p2a: Ogerpon
|-boost|p2a: Ogerpon|atk|2
|move|p1a: Iron Treads|Rapid Spin|p2a: Ogerpon
|-damage|p2a: Ogerpon|67/100
|-boost|p1a: Iron Treads|spe|1
|
|upkeep
|turn|5
|
|t:|1760452974
|move|p1a: Iron Treads|Megahorn|p2a: Ogerpon
|-supereffective|p2a: Ogerpon
|-damage|p2a: Ogerpon|0 fnt
|faint|p2a: Ogerpon
|
|upkeep
|
|t:|1760452983
|switch|p2a: Landorus|Landorus-Therian, M|100/100
|-ability|p2a: Landorus|Intimidate|boost
|-unboost|p1a: Iron Treads|atk|1
|turn|6
|
|t:|1760452992
|move|p1a: Iron Treads|Ice Spinner|p2a: Landorus
|-supereffective|p2a: Landorus
|-damage|p2a: Landorus|34/100
|move|p2a: Landorus|Stone Edge|p1a: Iron Treads
|-supereffective|p1a: Iron Treads
|-damage|p1a: Iron Treads|0 fnt
|faint|p1a: Iron Treads
|-end|p1a: Iron Treads|Quark Drive|[silent]
|
|upkeep
|
|t:|1760453005
|switch|p1a: Samurott|Samurott-Hisui, M|100/100
|turn|7
|
|t:|1760453015
|switch|p2a: Registeel|Registeel|26/100
|move|p1a: Samurott|Ceaseless Edge|p2a: Registeel
|-damage|p2a: Registeel|0 fnt
|-damage|p1a: Samurott|84/100|[from] item: Rocky Helmet|[of] p2a: Registeel
|-sidestart|p2: m3rch3r|Spikes
|faint|p2a: Registeel
|
|upkeep
|
|t:|1760453026
|switch|p2a: Landorus|Landorus-Therian, M|34/100
|-ability|p2a: Landorus|Intimidate|boost
|-unboost|p1a: Samurott|atk|1
|turn|8
|
|t:|1760453034
|move|p1a: Samurott|Ceaseless Edge|p2a: Landorus
|-damage|p2a: Landorus|0 fnt
|-sidestart|p2: m3rch3r|Spikes
|faint|p2a: Landorus
|
|upkeep
|
|t:|1760453055
|switch|p2a: Iron Valiant|Iron Valiant|100/100
|-damage|p2a: Iron Valiant|84/100|[from] Spikes
|-enditem|p2a: Iron Valiant|Booster Energy
|-activate|p2a: Iron Valiant|ability: Quark Drive|[fromitem]
|-start|p2a: Iron Valiant|quarkdrivespe
|turn|9
|
|t:|1760453067
|switch|p1a: Moltres|Moltres|100/100
|move|p2a: Iron Valiant|Moonblast|p1a: Moltres
|-resisted|p1a: Moltres
|-damage|p1a: Moltres|77/100
|
|upkeep
|turn|10
|
|t:|1760453082
|-end|p2a: Iron Valiant|Quark Drive|[silent]
|switch|p2a: Dragapult|Dragapult, F|100/100
|-damage|p2a: Dragapult|84/100|[from] Spikes
|move|p1a: Moltres|Flamethrower|p2a: Dragapult
|-resisted|p2a: Dragapult
|-damage|p2a: Dragapult|60/100
|
|upkeep
|turn|11
|inactive|Ebastia12 has 120 seconds left.
|
|t:|1760453122
|switch|p1a: Gholdengo|Gholdengo|100/100
|move|p2a: Dragapult|Dragon Darts|p1a: Gholdengo
|-resisted|p1a: Gholdengo
|-damage|p1a: Gholdengo|86/100
|-anim|p2a: Dragapult|Dragon Darts|p1a: Gholdengo
|-resisted|p1a: Gholdengo
|-damage|p1a: Gholdengo|72/100
|
|upkeep
|turn|12
|
|t:|1760453149
|move|p2a: Dragapult|U-turn|p1a: Gholdengo
|-resisted|p1a: Gholdengo
|-damage|p1a: Gholdengo|65/100
|
|t:|1760453153
|switch|p2a: Hoopa|Hoopa-Unbound|100/100|[from] U-turn
|-damage|p2a: Hoopa|84/100|[from] Spikes
|move|p1a: Gholdengo|Make It Rain|p2a: Hoopa
|-damage|p2a: Hoopa|45/100
|-unboost|p1a: Gholdengo|spa|1
|
|upkeep
|turn|13
|inactive|Ebastia12 has 90 seconds left.
|
|t:|1760453178
|switch|p1a: Ting-Lu|Ting-Lu|100/100
|-ability|p1a: Ting-Lu|Vessel of Ruin
|move|p2a: Hoopa|Drain Punch|p1a: Ting-Lu
|-supereffective|p1a: Ting-Lu
|-damage|p1a: Ting-Lu|68/100
|-heal|p2a: Hoopa|73/100|[from] drain|[of] p1a: Ting-Lu
|
|-heal|p1a: Ting-Lu|74/100|[from] item: Leftovers
|upkeep
|turn|14
|inactive|Ebastia12 has 90 seconds left.
|
|t:|1760453191
|switch|p2a: Iron Valiant|Iron Valiant|84/100
|-damage|p2a: Iron Valiant|68/100|[from] Spikes
|move|p1a: Ting-Lu|Stealth Rock|p2a: Iron Valiant
|-sidestart|p2: m3rch3r|move: Stealth Rock
|
|-heal|p1a: Ting-Lu|81/100|[from] item: Leftovers
|upkeep
|turn|15
|
|t:|1760453196
|move|p2a: Iron Valiant|Encore|p1a: Ting-Lu
|-start|p1a: Ting-Lu|Encore
|move|p1a: Ting-Lu|Stealth Rock||[still]
|-fail|p1a: Ting-Lu
|
|-heal|p1a: Ting-Lu|87/100|[from] item: Leftovers
|upkeep
|turn|16
|
|t:|1760453211
|-end|p2a: Iron Valiant|Quark Drive|[silent]
|switch|p2a: Dragapult|Dragapult, F|60/100
|-damage|p2a: Dragapult|44/100|[from] Spikes
|-damage|p2a: Dragapult|32/100|[from] Stealth Rock
|switch|p1a: Moltres|Moltres|77/100
|
|upkeep
|turn|17
|
|t:|1760453222
|move|p2a: Dragapult|Dragon Darts|p1a: Moltres
|-damage|p1a: Moltres|61/100
|-anim|p2a: Dragapult|Dragon Darts|p1a: Moltres
|-damage|p1a: Moltres|43/100
|move|p1a: Moltres|Flamethrower|p2a: Dragapult
|-resisted|p2a: Dragapult
|-damage|p2a: Dragapult|8/100
|-status|p2a: Dragapult|brn
|
|-damage|p2a: Dragapult|2/100 brn|[from] brn
|upkeep
|turn|18
|
|t:|1760453239
|switch|p1a: Ting-Lu|Ting-Lu|87/100
|-ability|p1a: Ting-Lu|Vessel of Ruin
|move|p2a: Dragapult|Tera Blast|p1a: Ting-Lu
|-damage|p1a: Ting-Lu|79/100
|
|-heal|p1a: Ting-Lu|85/100|[from] item: Leftovers
|-damage|p2a: Dragapult|0 fnt|[from] brn
|faint|p2a: Dragapult
|upkeep
|
|t:|1760453246
|switch|p2a: Iron Valiant|Iron Valiant|68/100
|-damage|p2a: Iron Valiant|51/100|[from] Spikes
|-damage|p2a: Iron Valiant|45/100|[from] Stealth Rock
|turn|19
|
|t:|1760453250
|move|p2a: Iron Valiant|Moonblast|p1a: Ting-Lu
|-supereffective|p1a: Ting-Lu
|-damage|p1a: Ting-Lu|48/100
|move|p1a: Ting-Lu|Earthquake|p2a: Iron Valiant
|-damage|p2a: Iron Valiant|3/100
|
|-heal|p1a: Ting-Lu|54/100|[from] item: Leftovers
|upkeep
|turn|20
|inactive|Ebastia12 has 120 seconds left.
|
|t:|1760453263
|switch|p1a: Moltres|Moltres|43/100
|move|p2a: Iron Valiant|Moonblast|p1a: Moltres
|-resisted|p1a: Moltres
|-damage|p1a: Moltres|21/100
|
|upkeep
|turn|21
|inactive|Ebastia12 has 120 seconds left.
|-message|m3rch3r forfeited.
|
|win|Ebastia12
|raw|Ebastia12's rating: 1499 &rarr; <strong>1516</strong><br />(+17 for winning)
|raw|m3rch3r's rating: 1446 &rarr; <strong>1429</strong><br />(-17 for losing)
|l|☆m3rch3r
|player|p2|
|l|☆Ebastia12
|player|p1|
