|j|☆Abracadaver
|j|☆hiboudeschamps
|t:|1760448231
|gametype|singles
|player|p1|Abracadaver|169|1368
|player|p2|hiboudeschamps|scientist-gen4dp|1388
|gen|9
|tier|[Gen 9] OU
|rated|
|rule|HP Percentage Mod: HP is shown in percentages
|rule|Endless Battle Clause: Forcing endless battles is banned
|rule|Species Clause: Limit one of each Pokémon
|rule|OHKO Clause: OHKO moves are banned
|rule|Evasion Items Clause: Evasion items are banned
|rule|Evasion Moves Clause: Evasion moves are banned
|rule|Evasion Abilities Clause: Evasion abilities are banned
|rule|Sleep Moves Clause: Sleep-inducing moves are banned
|clearpoke
|poke|p1|Mimikyu, F|
|poke|p1|Umbreon, M|
|poke|p1|Gastrodon-East, F|
|poke|p1|Zapdos|
|poke|p1|Meowscarada, M|
|poke|p1|Gholdengo|
|poke|p2|Cinderace, M|
|poke|p2|Kingambit, M|
|poke|p2|Dragonite, M|
|poke|p2|Gholdengo|
|poke|p2|Iron Valiant|
|poke|p2|Samurott-Hisui, M|
|teampreview
|
|t:|1760448245
|teamsize|p1|6
|teamsize|p2|6
|start
|switch|p1a: Zapdos|Zapdos|100/100
|switch|p2a: Samurott|Samurott-Hisui, M|100/100
|turn|1
|
|t:|1760448255
|move|p2a: Samurott|Ceaseless Edge|p1a: Zapdos|[miss]
|-miss|p2a: Samurott|p1a: Zapdos
|move|p1a: Zapdos|Volt Switch|p2a: Samurott
|-supereffective|p2a: Samurott
|-enditem|p2a: Samurott|Focus Sash
|-damage|p2a: Samurott|1/100
|
|t:|1760448265
|switch|p1a: Meowscarada|Meowscarada, M|100/100|[from] Volt Switch
|
|upkeep
|turn|2
|
|t:|1760448272
|move|p1a: Meowscarada|U-turn|p2a: Samurott
|-start|p1a: Meowscarada|typechange|Bug|[from] ability: Protean
|-supereffective|p2a: Samurott
|-damage|p2a: Samurott|0 fnt
|faint|p2a: Samurott
|inactive|Battle timer is ON: inactive players will automatically lose when time's up. (requested by hiboudeschamps)
|
|t:|1760448285
|switch|p1a: Zapdos|Zapdos|100/100|[from] U-turn
|
|upkeep
|c|☆hiboudeschamps|Quel plaisir
|inactive|hiboudeschamps has 120 seconds left.
|
|t:|1760448317
|switch|p2a: Gholdengo|Gholdengo|100/100
|-item|p2a: Gholdengo|Air Balloon
|turn|3
|
|t:|1760448321
|move|p1a: Zapdos|Heat Wave|p2a: Gholdengo
|-supereffective|p2a: Gholdengo
|-damage|p2a: Gholdengo|26/100
|-status|p2a: Gholdengo|brn
|-enditem|p2a: Gholdengo|Air Balloon
|move|p2a: Gholdengo|Nasty Plot|p2a: Gholdengo
|-boost|p2a: Gholdengo|spa|2
|
|-damage|p2a: Gholdengo|20/100 brn|[from] brn
|upkeep
|turn|4
|c|☆hiboudeschamps|Bah oui
|
|t:|1760448340
|move|p1a: Zapdos|Volt Switch|p2a: Gholdengo
|-damage|p2a: Gholdengo|0 fnt
|faint|p2a: Gholdengo
|c|☆hiboudeschamps|Jamais vu autant de chatte
|c|☆hiboudeschamps|En 3 tours
|
|t:|1760448363
|switch|p1a: Meowscarada|Meowscarada, M|100/100|[from] Volt Switch
|
|upkeep
|
|t:|1760448370
|switch|p2a: Iron Valiant|Iron Valiant|100/100
|-enditem|p2a: Iron Valiant|Booster Energy
|-activate|p2a: Iron Valiant|ability: Quark Drive|[fromitem]
|-start|p2a: Iron Valiant|quarkdrivespe
|turn|5
|
|t:|1760448381
|-terastallize|p1a: Meowscarada|Steel
|move|p2a: Iron Valiant|Calm Mind|p2a: Iron Valiant
|-boost|p2a: Iron Valiant|spa|1
|-boost|p2a: Iron Valiant|spd|1
|move|p1a: Meowscarada|Flower Trick|p2a: Iron Valiant
|-crit|p2a: Iron Valiant
|-damage|p2a: Iron Valiant|0 fnt
|faint|p2a: Iron Valiant
|-end|p2a: Iron Valiant|Quark Drive|[silent]
|
|upkeep
|
|t:|1760448393
|switch|p2a: Dragonite|Dragonite, M|100/100
|turn|6
|
|t:|1760448399
|switch|p1a: Umbreon|Umbreon, M, shiny|100/100
|move|p2a: Dragonite|Dragon Dance|p2a: Dragonite
|-boost|p2a: Dragonite|atk|1
|-boost|p2a: Dragonite|spe|1
|
|upkeep
|turn|7
|
|t:|1760448404
|move|p2a: Dragonite|Dragon Dance|p2a: Dragonite
|-boost|p2a: Dragonite|atk|1
|-boost|p2a: Dragonite|spe|1
|move|p1a: Umbreon|Toxic|p2a: Dragonite
|-status|p2a: Dragonite|tox
|
|-damage|p2a: Dragonite|94/100 tox|[from] psn
|upkeep
|turn|8
|
|t:|1760448411
|move|p2a: Dragonite|Earthquake|p1a: Umbreon
|-damage|p1a: Umbreon|33/100
|move|p1a: Umbreon|Foul Play|p2a: Dragonite
|-damage|p2a: Dragonite|0 fnt
|faint|p2a: Dragonite
|
|-heal|p1a: Umbreon|39/100|[from] item: Leftovers
|upkeep
|
|t:|1760448419
|switch|p2a: Cinderace|Cinderace, M|100/100
|turn|9
|
|t:|1760448422
|switch|p1a: Gastrodon|Gastrodon-East, F, shiny|100/100
|move|p2a: Cinderace|U-turn|p1a: Gastrodon
|-damage|p1a: Gastrodon|81/100
|c|☆hiboudeschamps|Une horreur
|c|☆hiboudeschamps|Je veux plus jamais jouer à ce jeu de mort
|
|t:|1760448434
|switch|p2a: Kingambit|Kingambit, M|100/100|[from] U-turn
|-activate|p2a: Kingambit|ability: Supreme Overlord
|-start|p2a: Kingambit|fallen4|[silent]
|
|-heal|p1a: Gastrodon|87/100|[from] item: Leftovers
|upkeep
|turn|10
|c|☆Abracadaver|sorry dude but i dont understand a word of what you´re saying
|
|t:|1760448455
|move|p2a: Kingambit|Swords Dance|p2a: Kingambit
|-boost|p2a: Kingambit|atk|2
|move|p1a: Gastrodon|Earth Power|p2a: Kingambit
|-supereffective|p2a: Kingambit
|-damage|p2a: Kingambit|27/100
|-unboost|p2a: Kingambit|spd|1
|
|-heal|p1a: Gastrodon|93/100|[from] item: Leftovers
|upkeep
|turn|11
|
|t:|1760448463
|switch|p1a: Mimikyu|Mimikyu, F|100/100
|move|p2a: Kingambit|Kowtow Cleave|p1a: Mimikyu
|-activate|p1a: Mimikyu|ability: Disguise
|-damage|p1a: Mimikyu|100/100
|detailschange|p1a: Mimikyu|Mimikyu-Busted, F
|-damage|p1a: Mimikyu|88/100|[from] pokemon: Mimikyu-Busted
|
|upkeep
|turn|12
|c|☆hiboudeschamps|Ok so shut up luckiest noob
|
|t:|1760448486
|move|p2a: Kingambit|Sucker Punch|p1a: Mimikyu
|-damage|p1a: Mimikyu|0 fnt
|faint|p1a: Mimikyu
|
|upkeep
|
|t:|1760448493
|switch|p1a: Meowscarada|Meowscarada, M, tera:Steel|100/100
|turn|13
|
|t:|1760448500
|switch|p1a: Zapdos|Zapdos|100/100
|-terastallize|p2a: Kingambit|Dark
|move|p2a: Kingambit|Sucker Punch||[still]
|-fail|p2a: Kingambit
|
|upkeep
|turn|14
|
|t:|1760448508
|move|p2a: Kingambit|Sucker Punch|p1a: Zapdos
|-damage|p1a: Zapdos|0 fnt
|faint|p1a: Zapdos
|
|upkeep
|
|t:|1760448518
|switch|p1a: Umbreon|Umbreon, M, shiny|39/100
|turn|15
|
|t:|1760448520
|move|p1a: Umbreon|Protect|p1a: Umbreon
|-singleturn|p1a: Umbreon|Protect
|move|p2a: Kingambit|Iron Head|p1a: Umbreon
|-activate|p1a: Umbreon|move: Protect
|
|-heal|p1a: Umbreon|45/100|[from] item: Leftovers
|upkeep
|turn|16
|
|t:|1760448527
|move|p1a: Umbreon|Foul Play|p2a: Kingambit
|-resisted|p2a: Kingambit
|-damage|p2a: Kingambit|0 fnt
|faint|p2a: Kingambit
|-end|p2a: Kingambit|fallen4|[silent]
|
|-heal|p1a: Umbreon|52/100|[from] item: Leftovers
|upkeep
|
|t:|1760448532
|switch|p2a: Cinderace|Cinderace, M|100/100
|turn|17
|
|t:|1760448538
|move|p1a: Umbreon|Protect|p1a: Umbreon
|-singleturn|p1a: Umbreon|Protect
|move|p2a: Cinderace|U-turn|p1a: Umbreon
|-activate|p1a: Umbreon|move: Protect
|
|-heal|p1a: Umbreon|58/100|[from] item: Leftovers
|upkeep
|turn|18
|
|t:|1760448544
|move|p2a: Cinderace|U-turn|p1a: Umbreon
|-supereffective|p1a: Umbreon
|-damage|p1a: Umbreon|29/100
|move|p1a: Umbreon|Foul Play|p2a: Cinderace
|-damage|p2a: Cinderace|58/100
|
|-heal|p1a: Umbreon|35/100|[from] item: Leftovers
|upkeep
|turn|19
|
|t:|1760448551
|move|p1a: Umbreon|Protect|p1a: Umbreon
|-singleturn|p1a: Umbreon|Protect
|move|p2a: Cinderace|Pyro Ball|p1a: Umbreon
|-activate|p1a: Umbreon|move: Protect
|
|-heal|p1a: Umbreon|41/100|[from] item: Leftovers
|upkeep
|turn|20
|
|t:|1760448557
|move|p2a: Cinderace|Pyro Ball|p1a: Umbreon
|-damage|p1a: Umbreon|1/100
|move|p1a: Umbreon|Wish|p1a: Umbreon
|
|-heal|p1a: Umbreon|7/100|[from] item: Leftovers
|upkeep
|turn|21
|
|t:|1760448564
|move|p1a: Umbreon|Protect|p1a: Umbreon
|-singleturn|p1a: Umbreon|Protect
|move|p2a: Cinderace|U-turn|p1a: Umbreon
|-activate|p1a: Umbreon|move: Protect
|
|-heal|p1a: Umbreon|57/100|[from] move: Wish|[wisher] Umbreon
|-heal|p1a: Umbreon|63/100|[from] item: Leftovers
|upkeep
|turn|22
|
|t:|1760448571
|move|p2a: Cinderace|Pyro Ball|p1a: Umbreon
|-damage|p1a: Umbreon|24/100
|move|p1a: Umbreon|Foul Play|p2a: Cinderace
|-damage|p2a: Cinderace|14/100
|
|-heal|p1a: Umbreon|30/100|[from] item: Leftovers
|upkeep
|turn|23
|
|t:|1760448578
|move|p2a: Cinderace|Pyro Ball|p1a: Umbreon
|-damage|p1a: Umbreon|0 fnt
|faint|p1a: Umbreon
|
|upkeep
|
|t:|1760448582
|switch|p1a: Gastrodon|Gastrodon-East, F, shiny|93/100
|turn|24
|
|t:|1760448585
|move|p2a: Cinderace|Pyro Ball|p1a: Gastrodon
|-resisted|p1a: Gastrodon
|-damage|p1a: Gastrodon|55/100
|move|p1a: Gastrodon|Earth Power|p2a: Cinderace
|-supereffective|p2a: Cinderace
|-damage|p2a: Cinderace|0 fnt
|faint|p2a: Cinderace
|
|win|Abracadaver
|raw|Abracadaver's rating: 1368 &rarr; <strong>1389</strong><br />(+21 for winning)
|raw|hiboudeschamps's rating: 1388 &rarr; <strong>1367</strong><br />(-21 for losing)
|c|☆Abracadaver|gg
|l|☆Abracadaver
|player|p1|
|c|☆hiboudeschamps|Shut up
