|j|☆Swagataka
|j|☆jamosb test
|t:|1760455519
|gametype|singles
|player|p1|Swagataka|byron|1625
|player|p2|jamosb test|1|1567
|gen|9
|tier|[Gen 9] OU
|rated|
|rule|HP Percentage Mod: HP is shown in percentages
|rule|Endless Battle Clause: Forcing endless battles is banned
|rule|Species Clause: Limit one of each Pokémon
|rule|OHKO Clause: OHKO moves are banned
|rule|Evasion Items Clause: Evasion items are banned
|rule|Evasion Moves Clause: Evasion moves are banned
|rule|Evasion Abilities Clause: Evasion abilities are banned
|rule|Sleep Moves Clause: Sleep-inducing moves are banned
|clearpoke
|poke|p1|Kingambit, F|
|poke|p1|Regigigas|
|poke|p1|Zoroark-Hisui, M|
|poke|p1|Great Tusk|
|poke|p1|Pecharunt|
|poke|p1|Quaquaval, F|
|poke|p2|Rillaboom, M|
|poke|p2|Okidogi, M|
|poke|p2|Zamazenta-*|
|poke|p2|Iron Treads|
|poke|p2|Clefable, F|
|poke|p2|Walking Wake|
|teampreview
|
|t:|1760455590
|teamsize|p1|6
|teamsize|p2|6
|start
|switch|p1a: R.E.G.R.E.M.I.X|Regigigas, shiny|100/100
|switch|p2a: Rillaboom|Rillaboom, M|100/100
|-fieldstart|move: Grassy Terrain|[from] ability: Grassy Surge|[of] p2a: Rillaboom
|-start|p1a: R.E.G.R.E.M.I.X|ability: Slow Start
|turn|1
|inactive|Battle timer is ON: inactive players will automatically lose when time's up. (requested by jamosb test)
|
|t:|1760455597
|switch|p1a: Irönhead|Kingambit, F|100/100
|-item|p1a: Irönhead|Air Balloon
|move|p2a: Rillaboom|Knock Off|p1a: Irönhead
|-resisted|p1a: Irönhead
|-damage|p1a: Irönhead|87/100
|-enditem|p1a: Irönhead|Air Balloon
|
|-heal|p1a: Irönhead|93/100|[from] Grassy Terrain
|upkeep
|turn|2
|inactive|jamosb test has 120 seconds left.
|inactive|jamosb test has 90 seconds left.
|
|t:|1760455673
|switch|p2a: Clefable|Clefable, F|100/100
|move|p1a: Irönhead|Stealth Rock|p2a: Clefable
|-sidestart|p2: jamosb test|move: Stealth Rock
|
|-heal|p1a: Irönhead|99/100|[from] Grassy Terrain
|upkeep
|turn|3
|
|t:|1760455693
|move|p2a: Clefable|Thunder Wave|p1a: Irönhead
|-status|p1a: Irönhead|par
|cant|p1a: Irönhead|par
|
|-heal|p1a: Irönhead|100/100 par|[from] Grassy Terrain
|upkeep
|turn|4
|
|t:|1760455699
|move|p2a: Clefable|Moonblast|p1a: Irönhead
|-damage|p1a: Irönhead|70/100 par
|move|p1a: Irönhead|Iron Head|p2a: Clefable
|-supereffective|p2a: Clefable
|-damage|p2a: Clefable|30/100
|
|-heal|p2a: Clefable|36/100|[from] Grassy Terrain
|-heal|p2a: Clefable|42/100|[from] item: Leftovers
|-heal|p1a: Irönhead|76/100 par|[from] Grassy Terrain
|upkeep
|turn|5
|
|t:|1760455708
|move|p2a: Clefable|Moonlight|p2a: Clefable
|-heal|p2a: Clefable|92/100
|move|p1a: Irönhead|Iron Head|p2a: Clefable
|-supereffective|p2a: Clefable
|-damage|p2a: Clefable|24/100
|
|-heal|p2a: Clefable|30/100|[from] Grassy Terrain
|-heal|p2a: Clefable|36/100|[from] item: Leftovers
|-heal|p1a: Irönhead|82/100 par|[from] Grassy Terrain
|upkeep
|turn|6
|
|t:|1760455737
|move|p2a: Clefable|Moonlight|p2a: Clefable
|-heal|p2a: Clefable|86/100
|move|p1a: Irönhead|Iron Head|p2a: Clefable
|-supereffective|p2a: Clefable
|-damage|p2a: Clefable|6/100
|
|-heal|p2a: Clefable|12/100|[from] Grassy Terrain
|-heal|p2a: Clefable|18/100|[from] item: Leftovers
|-heal|p1a: Irönhead|88/100 par|[from] Grassy Terrain
|upkeep
|turn|7
|
|t:|1760455747
|move|p2a: Clefable|Moonlight|p2a: Clefable
|-heal|p2a: Clefable|68/100
|move|p1a: Irönhead|Iron Head|p2a: Clefable
|-supereffective|p2a: Clefable
|-damage|p2a: Clefable|0 fnt
|faint|p2a: Clefable
|
|-heal|p1a: Irönhead|94/100 par|[from] Grassy Terrain
|upkeep
|
|t:|1760455769
|switch|p2a: Iron Treads|Iron Treads|100/100
|-damage|p2a: Iron Treads|98/100|[from] Stealth Rock
|turn|8
|
|t:|1760455781
|move|p2a: Iron Treads|Stealth Rock|p1a: Irönhead
|-sidestart|p1: Swagataka|move: Stealth Rock
|cant|p1a: Irönhead|par
|
|-heal|p2a: Iron Treads|100/100|[from] Grassy Terrain
|-heal|p1a: Irönhead|100/100 par|[from] Grassy Terrain
|-fieldend|move: Grassy Terrain
|upkeep
|turn|9
|
|t:|1760455787
|move|p2a: Iron Treads|Rapid Spin|p1a: Irönhead
|-resisted|p1a: Irönhead
|-crit|p1a: Irönhead
|-damage|p1a: Irönhead|93/100 par
|-boost|p2a: Iron Treads|spe|1
|-sideend|p2: jamosb test|Stealth Rock|[from] move: Rapid Spin|[of] p2a: Iron Treads
|cant|p1a: Irönhead|par
|
|upkeep
|turn|10
|inactive|jamosb test has 60 seconds left.
|inactive|jamosb test has 30 seconds left.
|inactive|jamosb test has 20 seconds left.
|inactive|jamosb test has 15 seconds left.
|
|t:|1760455867
|move|p2a: Iron Treads|High Horsepower|p1a: Irönhead
|-supereffective|p1a: Irönhead
|-crit|p1a: Irönhead
|-damage|p1a: Irönhead|15/100 par
|move|p1a: Irönhead|Stealth Rock|p2a: Iron Treads
|-sidestart|p2: jamosb test|move: Stealth Rock
|
|upkeep
|turn|11
|inactive|jamosb test has 25 seconds left this turn.
|inactive|jamosb test has 20 seconds left.
|
|t:|1760455874
|move|p2a: Iron Treads|Rapid Spin|p1a: Irönhead
|-resisted|p1a: Irönhead
|-damage|p1a: Irönhead|10/100 par
|-boost|p2a: Iron Treads|spe|1
|-sideend|p2: jamosb test|Stealth Rock|[from] move: Rapid Spin|[of] p2a: Iron Treads
|move|p1a: Irönhead|Thief|p2a: Iron Treads
|-damage|p2a: Iron Treads|75/100
|-enditem|p2a: Iron Treads|Leftovers|[silent]|[from] move: Thief|[of] p1a: Irönhead
|-item|p1a: Irönhead|Leftovers|[from] move: Thief|[of] p2a: Iron Treads
|
|-heal|p1a: Irönhead|16/100 par|[from] item: Leftovers
|upkeep
|turn|12
|inactive|jamosb test has 30 seconds left this turn.
|
|t:|1760455881
|move|p1a: Irönhead|Sucker Punch|p2a: Iron Treads
|-damage|p2a: Iron Treads|41/100
|move|p2a: Iron Treads|High Horsepower|p1a: Irönhead
|-supereffective|p1a: Irönhead
|-damage|p1a: Irönhead|0 fnt
|faint|p1a: Irönhead
|
|upkeep
|
|t:|1760455884
|switch|p1a: Quack Sabbath|Quaquaval, F|100/100
|-damage|p1a: Quack Sabbath|94/100|[from] Stealth Rock
|turn|13
|inactive|jamosb test has 30 seconds left.
|inactive|jamosb test has 20 seconds left.
|
|t:|1760455911
|-end|p2a: Iron Treads|Quark Drive|[silent]
|switch|p2a: Rillaboom|Rillaboom, M|100/100
|-fieldstart|move: Grassy Terrain|[from] ability: Grassy Surge|[of] p2a: Rillaboom
|move|p1a: Quack Sabbath|Aqua Step|p2a: Rillaboom
|-resisted|p2a: Rillaboom
|-damage|p2a: Rillaboom|81/100
|-boost|p1a: Quack Sabbath|spe|1
|
|-heal|p1a: Quack Sabbath|100/100|[from] Grassy Terrain
|-heal|p2a: Rillaboom|88/100|[from] Grassy Terrain
|upkeep
|turn|14
|inactive|jamosb test has 30 seconds left this turn.
|inactive|jamosb test has 20 seconds left.
|inactive|jamosb test has 15 seconds left.
|inactive|jamosb test has 10 seconds left.
|
|t:|1760455932
|switch|p1a: Apacherunt|Pecharunt|100/100
|move|p2a: Rillaboom|Grassy Glide|p1a: Apacherunt
|-resisted|p1a: Apacherunt
|-damage|p1a: Apacherunt|91/100
|
|-heal|p2a: Rillaboom|94/100|[from] Grassy Terrain
|-heal|p1a: Apacherunt|97/100|[from] Grassy Terrain
|upkeep
|turn|15
|inactive|jamosb test has 20 seconds left this turn.
|inactive|jamosb test has 15 seconds left.
|inactive|jamosb test has 10 seconds left.
|inactive|jamosb test has 5 seconds left.
|
|t:|1760455949
|move|p2a: Rillaboom|Wood Hammer|p1a: Apacherunt
|-resisted|p1a: Apacherunt
|-damage|p1a: Apacherunt|77/100
|-damage|p2a: Rillaboom|87/100|[from] Recoil
|move|p1a: Apacherunt|Shadow Ball|p2a: Rillaboom
|-damage|p2a: Rillaboom|56/100
|
|-heal|p2a: Rillaboom|63/100|[from] Grassy Terrain
|-heal|p1a: Apacherunt|83/100|[from] Grassy Terrain
|upkeep
|turn|16
|inactive|jamosb test has 15 seconds left this turn.
|inactive|jamosb test has 10 seconds left.
|
|t:|1760455964
|switch|p2a: Okidogi|Okidogi, M|100/100
|move|p1a: Apacherunt|Shadow Ball|p2a: Okidogi
|-damage|p2a: Okidogi|78/100
|-unboost|p2a: Okidogi|spd|1
|
|-heal|p1a: Apacherunt|89/100|[from] Grassy Terrain
|-heal|p2a: Okidogi|84/100|[from] Grassy Terrain
|-heal|p2a: Okidogi|90/100|[from] item: Leftovers
|upkeep
|turn|17
|inactive|jamosb test has 20 seconds left this turn.
|inactive|jamosb test has 15 seconds left.
|
|t:|1760455972
|move|p1a: Apacherunt|Parting Shot|p2a: Okidogi
|-unboost|p2a: Okidogi|atk|1
|-unboost|p2a: Okidogi|spa|1
|
|t:|1760455974
|switch|p1a: Steely Don|Great Tusk|100/100|[from] Parting Shot
|move|p2a: Okidogi|Bulk Up|p2a: Okidogi
|-boost|p2a: Okidogi|atk|1
|-boost|p2a: Okidogi|def|1
|
|-heal|p2a: Okidogi|97/100|[from] Grassy Terrain
|-heal|p2a: Okidogi|100/100|[from] item: Leftovers
|upkeep
|turn|18
|inactive|jamosb test has 30 seconds left this turn.
|inactive|jamosb test has 20 seconds left.
|
|t:|1760455987
|move|p1a: Steely Don|Rapid Spin|p2a: Okidogi
|-damage|p2a: Okidogi|90/100
|-boost|p1a: Steely Don|spe|1
|-sideend|p1: Swagataka|Stealth Rock|[from] move: Rapid Spin|[of] p1a: Steely Don
|move|p2a: Okidogi|Bulk Up|p2a: Okidogi
|-boost|p2a: Okidogi|atk|1
|-boost|p2a: Okidogi|def|1
|
|-heal|p2a: Okidogi|97/100|[from] Grassy Terrain
|-heal|p2a: Okidogi|100/100|[from] item: Leftovers
|upkeep
|turn|19
|inactive|jamosb test has 30 seconds left this turn.
|
|t:|1760455997
|move|p1a: Steely Don|Headlong Rush|p2a: Okidogi
|-supereffective|p2a: Okidogi
|-damage|p2a: Okidogi|51/100
|-unboost|p1a: Steely Don|def|1
|-unboost|p1a: Steely Don|spd|1
|move|p2a: Okidogi|Drain Punch|p1a: Steely Don
|-damage|p1a: Steely Don|46/100
|-heal|p2a: Okidogi|78/100|[from] drain|[of] p1a: Steely Don
|
|-heal|p1a: Steely Don|52/100|[from] Grassy Terrain
|-heal|p2a: Okidogi|84/100|[from] Grassy Terrain
|-heal|p2a: Okidogi|90/100|[from] item: Leftovers
|upkeep
|turn|20
|
|t:|1760456009
|-end|p1a: Steely Don|Protosynthesis|[silent]
|switch|p1a: R.E.G.R.E.M.I.X|Regigigas, shiny|100/100
|-item|p1a: R.E.G.R.E.M.I.X|Air Balloon
|move|p2a: Okidogi|Drain Punch|p1a: R.E.G.R.E.M.I.X
|-immune|p1a: R.E.G.R.E.M.I.X
|
|-heal|p2a: Okidogi|96/100|[from] Grassy Terrain
|-heal|p2a: Okidogi|100/100|[from] item: Leftovers
|-fieldend|move: Grassy Terrain
|upkeep
|turn|21
|
|t:|1760456019
|move|p1a: R.E.G.R.E.M.I.X|Shadow Ball|p2a: Okidogi
|-damage|p2a: Okidogi|49/100
|move|p2a: Okidogi|Knock Off|p1a: R.E.G.R.E.M.I.X
|-supereffective|p1a: R.E.G.R.E.M.I.X
|-damage|p1a: R.E.G.R.E.M.I.X|0 fnt
|replace|p1a: Linkin Zark|Zoroark-Hisui, M, shiny
|-end|p1a: Linkin Zark|Illusion
|-enditem|p1a: Linkin Zark|Air Balloon
|faint|p1a: Linkin Zark
|
|-heal|p2a: Okidogi|55/100|[from] item: Leftovers
|upkeep
|
|t:|1760456025
|switch|p1a: Steely Don|Great Tusk|52/100
|turn|22
|
|t:|1760456035
|move|p1a: Steely Don|Headlong Rush|p2a: Okidogi
|-supereffective|p2a: Okidogi
|-damage|p2a: Okidogi|1/100
|-unboost|p1a: Steely Don|def|1
|-unboost|p1a: Steely Don|spd|1
|move|p2a: Okidogi|Drain Punch|p1a: Steely Don
|-damage|p1a: Steely Don|0 fnt
|-heal|p2a: Okidogi|27/100|[from] drain|[of] p1a: Steely Don
|faint|p1a: Steely Don
|-end|p1a: Steely Don|Protosynthesis|[silent]
|
|-heal|p2a: Okidogi|33/100|[from] item: Leftovers
|upkeep
|
|t:|1760456043
|switch|p1a: Apacherunt|Pecharunt|89/100
|turn|23
|
|t:|1760456053
|switch|p2a: Iron Treads|Iron Treads|41/100
|move|p1a: Apacherunt|Shadow Ball|p2a: Iron Treads
|-damage|p2a: Iron Treads|11/100
|
|upkeep
|turn|24
|
|t:|1760456056
|move|p2a: Iron Treads|Stealth Rock|p1a: Apacherunt
|-sidestart|p1: Swagataka|move: Stealth Rock
|move|p1a: Apacherunt|Parting Shot|p2a: Iron Treads
|-unboost|p2a: Iron Treads|atk|1
|-unboost|p2a: Iron Treads|spa|1
|
|t:|1760456058
|switch|p1a: Quack Sabbath|Quaquaval, F|100/100|[from] Parting Shot
|-damage|p1a: Quack Sabbath|94/100|[from] Stealth Rock
|
|-heal|p1a: Quack Sabbath|100/100|[from] item: Leftovers
|upkeep
|turn|25
|
|t:|1760456063
|move|p2a: Iron Treads|Knock Off|p1a: Quack Sabbath
|-resisted|p1a: Quack Sabbath
|-damage|p1a: Quack Sabbath|92/100
|-enditem|p1a: Quack Sabbath|Leftovers|[from] move: Knock Off|[of] p2a: Iron Treads
|move|p1a: Quack Sabbath|Bulk Up|p1a: Quack Sabbath
|-boost|p1a: Quack Sabbath|atk|1
|-boost|p1a: Quack Sabbath|def|1
|
|upkeep
|turn|26
|
|t:|1760456069
|-end|p2a: Iron Treads|Quark Drive|[silent]
|switch|p2a: Rillaboom|Rillaboom, M|63/100
|-fieldstart|move: Grassy Terrain|[from] ability: Grassy Surge|[of] p2a: Rillaboom
|move|p1a: Quack Sabbath|Aqua Step|p2a: Rillaboom
|-resisted|p2a: Rillaboom
|-damage|p2a: Rillaboom|37/100
|-boost|p1a: Quack Sabbath|spe|1
|
|-heal|p1a: Quack Sabbath|98/100|[from] Grassy Terrain
|-heal|p2a: Rillaboom|44/100|[from] Grassy Terrain
|upkeep
|turn|27
|
|t:|1760456074
|-terastallize|p1a: Quack Sabbath|Steel
|move|p2a: Rillaboom|Grassy Glide|p1a: Quack Sabbath
|-resisted|p1a: Quack Sabbath
|-damage|p1a: Quack Sabbath|84/100
|move|p1a: Quack Sabbath|Bulk Up|p1a: Quack Sabbath
|-boost|p1a: Quack Sabbath|atk|1
|-boost|p1a: Quack Sabbath|def|1
|
|-heal|p1a: Quack Sabbath|90/100|[from] Grassy Terrain
|-heal|p2a: Rillaboom|50/100|[from] Grassy Terrain
|upkeep
|turn|28
|inactive|jamosb test has 90 seconds left.
|
|t:|1760456084
|switch|p2a: Zamazenta|Zamazenta|100/100
|-ability|p2a: Zamazenta|Dauntless Shield|boost
|-boost|p2a: Zamazenta|def|1
|move|p1a: Quack Sabbath|Aqua Step|p2a: Zamazenta
|-damage|p2a: Zamazenta|63/100
|-boost|p1a: Quack Sabbath|spe|1
|
|-heal|p1a: Quack Sabbath|97/100|[from] Grassy Terrain
|-heal|p2a: Zamazenta|69/100|[from] Grassy Terrain
|-heal|p2a: Zamazenta|76/100|[from] item: Leftovers
|upkeep
|turn|29
|inactive|jamosb test has 90 seconds left.
|
|t:|1760456096
|move|p1a: Quack Sabbath|Bulk Up|p1a: Quack Sabbath
|-boost|p1a: Quack Sabbath|atk|1
|-boost|p1a: Quack Sabbath|def|1
|move|p2a: Zamazenta|Iron Defense|p2a: Zamazenta
|-boost|p2a: Zamazenta|def|2
|
|-heal|p1a: Quack Sabbath|100/100|[from] Grassy Terrain
|-heal|p2a: Zamazenta|82/100|[from] Grassy Terrain
|-heal|p2a: Zamazenta|88/100|[from] item: Leftovers
|upkeep
|turn|30
|
|t:|1760456098
|move|p1a: Quack Sabbath|Encore|p2a: Zamazenta
|-start|p2a: Zamazenta|Encore
|move|p2a: Zamazenta|Iron Defense|p2a: Zamazenta
|-boost|p2a: Zamazenta|def|2
|
|-heal|p2a: Zamazenta|94/100|[from] Grassy Terrain
|-heal|p2a: Zamazenta|99/100|[from] item: Leftovers
|upkeep
|turn|31
|inactive|jamosb test has 90 seconds left.
|
|t:|1760456119
|switch|p2a: Walking Wake|Walking Wake|100/100
|move|p1a: Quack Sabbath|Bulk Up|p1a: Quack Sabbath
|-boost|p1a: Quack Sabbath|atk|1
|-boost|p1a: Quack Sabbath|def|1
|
|upkeep
|turn|32
|
|t:|1760456147
|move|p1a: Quack Sabbath|Close Combat|p2a: Walking Wake
|-damage|p2a: Walking Wake|0 fnt
|-unboost|p1a: Quack Sabbath|def|1
|-unboost|p1a: Quack Sabbath|spd|1
|faint|p2a: Walking Wake
|-end|p2a: Walking Wake|Protosynthesis|[silent]
|-ability|p1a: Quack Sabbath|Moxie|boost
|-boost|p1a: Quack Sabbath|atk|1
|
|upkeep
|
|t:|1760456157
|switch|p2a: Zamazenta|Zamazenta|99/100
|turn|33
|
|t:|1760456161
|move|p1a: Quack Sabbath|Close Combat|p2a: Zamazenta
|-damage|p2a: Zamazenta|0 fnt
|-unboost|p1a: Quack Sabbath|def|1
|-unboost|p1a: Quack Sabbath|spd|1
|faint|p2a: Zamazenta
|-ability|p1a: Quack Sabbath|Moxie|boost
|-boost|p1a: Quack Sabbath|atk|1
|
|-fieldend|move: Grassy Terrain
|upkeep
|-message|jamosb test forfeited.
|
|win|Swagataka
|raw|Swagataka's rating: 1625 &rarr; <strong>1642</strong><br />(+17 for winning)
|raw|jamosb test's rating: 1567 &rarr; <strong>1550</strong><br />(-17 for losing)
|l|☆jamosb test
|player|p2|
|l|☆Swagataka
|player|p1|
