|j|☆Blu1998
|j|☆jsdoejereg
|t:|1760317500
|gametype|singles
|player|p1|Blu1998|1|1096
|player|p2|jsdoejereg|169|1060
|gen|9
|tier|[Gen 9] OU
|rated|
|rule|HP Percentage Mod: HP is shown in percentages
|rule|Endless Battle Clause: Forcing endless battles is banned
|rule|Species Clause: Limit one of each Pokémon
|rule|OHKO Clause: OHKO moves are banned
|rule|Evasion Items Clause: Evasion items are banned
|rule|Evasion Moves Clause: Evasion moves are banned
|rule|Evasion Abilities Clause: Evasion abilities are banned
|rule|Sleep Moves Clause: Sleep-inducing moves are banned
|clearpoke
|poke|p1|Torkoal, M|
|poke|p1|Milotic, F|
|poke|p1|Venusaur, F|
|poke|p1|Heatran, M|
|poke|p1|Dragonite, F|
|poke|p1|Kingambit, F|
|poke|p2|Flygon, M|
|poke|p2|Milotic, F|
|poke|p2|Grumpig, M|
|poke|p2|Tropius, M|
|poke|p2|Torkoal, M|
|poke|p2|Banette, M|
|teampreview
|
|t:|1760317519
|teamsize|p1|6
|teamsize|p2|6
|start
|switch|p1a: Koopa|Torkoal, M|100/100
|switch|p2a: Banette|Banette, M, shiny|100/100
|-weather|SunnyDay|[from] ability: Drought|[of] p1a: Koopa
|turn|1
|
|t:|1760317529
|move|p2a: Banette|Confuse Ray|p1a: Koopa
|-start|p1a: Koopa|confusion
|-activate|p1a: Koopa|confusion
|move|p1a: Koopa|Stealth Rock|p2a: Banette
|-sidestart|p2: jsdoejereg|move: Stealth Rock
|
|-weather|SunnyDay|[upkeep]
|upkeep
|turn|2
|
|t:|1760317538
|switch|p1a: Brute Root|Venusaur, F|100/100
|move|p2a: Banette|Encore||[still]
|-fail|p2a: Banette
|
|-weather|SunnyDay|[upkeep]
|upkeep
|turn|3
|
|t:|1760317549
|-terastallize|p1a: Brute Root|Fire
|move|p1a: Brute Root|Weather Ball|p2a: Banette
|-enditem|p2a: Banette|Focus Sash
|-damage|p2a: Banette|1/100
|-damage|p1a: Brute Root|91/100|[from] item: Life Orb
|move|p2a: Banette|Confuse Ray|p1a: Brute Root
|-start|p1a: Brute Root|confusion
|
|-weather|SunnyDay|[upkeep]
|upkeep
|turn|4
|
|t:|1760317564
|-activate|p1a: Brute Root|confusion
|-damage|p1a: Brute Root|82/100|[from] confusion
|move|p2a: Banette|Pain Split|p1a: Brute Root
|-sethp|p1a: Brute Root|41/100|[from] move: Pain Split|[silent]
|-sethp|p2a: Banette|46/100|[from] move: Pain Split
|
|-weather|SunnyDay|[upkeep]
|upkeep
|turn|5
|
|t:|1760317577
|switch|p2a: Torkoal|Torkoal, M, shiny|100/100
|-damage|p2a: Torkoal|76/100|[from] Stealth Rock
|-activate|p1a: Brute Root|confusion
|move|p1a: Brute Root|Weather Ball|p2a: Torkoal
|-resisted|p2a: Torkoal
|-damage|p2a: Torkoal|15/100
|-damage|p1a: Brute Root|31/100|[from] item: Life Orb
|
|-weather|SunnyDay|[upkeep]
|upkeep
|turn|6
|
|t:|1760317590
|-end|p1a: Brute Root|confusion
|move|p1a: Brute Root|Sludge Bomb|p2a: Torkoal
|-damage|p2a: Torkoal|0 fnt
|faint|p2a: Torkoal
|-damage|p1a: Brute Root|21/100|[from] item: Life Orb
|
|-weather|SunnyDay|[upkeep]
|upkeep
|
|t:|1760317601
|switch|p2a: Flygon|Flygon, M, shiny|100/100
|-damage|p2a: Flygon|95/100|[from] Stealth Rock
|turn|7
|
|t:|1760317610
|move|p1a: Brute Root|Giga Drain|p2a: Flygon
|-damage|p2a: Flygon|33/100
|-heal|p1a: Brute Root|52/100|[from] drain|[of] p2a: Flygon
|-damage|p1a: Brute Root|42/100|[from] item: Life Orb
|move|p2a: Flygon|Earthquake|p1a: Brute Root
|-supereffective|p1a: Brute Root
|-damage|p1a: Brute Root|0 fnt
|faint|p1a: Brute Root
|
|-weather|SunnyDay|[upkeep]
|upkeep
|
|t:|1760317628
|switch|p1a: Milotic|Milotic, F|100/100
|turn|8
|
|t:|1760317634
|switch|p2a: Milotic|Milotic, F, shiny|100/100
|-damage|p2a: Milotic|88/100|[from] Stealth Rock
|move|p1a: Milotic|Scald|p2a: Milotic
|-resisted|p2a: Milotic
|-damage|p2a: Milotic|84/100
|-status|p2a: Milotic|brn
|
|-weather|none
|-damage|p2a: Milotic|78/100 brn|[from] brn
|-status|p1a: Milotic|brn|[from] item: Flame Orb
|upkeep
|turn|9
|
|t:|1760317648
|move|p2a: Milotic|Confuse Ray|p1a: Milotic
|-start|p1a: Milotic|confusion
|-activate|p1a: Milotic|confusion
|move|p1a: Milotic|Dragon Tail|p2a: Milotic
|-damage|p2a: Milotic|74/100 brn
|-damage|p1a: Milotic|84/100 brn|[from] item: Rocky Helmet|[of] p2a: Milotic
|drag|p2a: Grumpig|Grumpig, M, shiny|100/100
|-damage|p2a: Grumpig|88/100|[from] Stealth Rock
|
|-damage|p1a: Milotic|78/100 brn|[from] brn
|upkeep
|turn|10
|
|t:|1760317669
|-activate|p1a: Milotic|confusion
|move|p1a: Milotic|Ice Beam|p2a: Grumpig
|-damage|p2a: Grumpig|79/100
|move|p2a: Grumpig|Trick|p1a: Milotic
|-activate|p2a: Grumpig|move: Trick|[of] p1a: Milotic
|-item|p1a: Milotic|Choice Band|[from] move: Trick
|-item|p2a: Grumpig|Flame Orb|[from] move: Trick
|
|-damage|p1a: Milotic|72/100 brn|[from] brn
|-status|p2a: Grumpig|brn|[from] item: Flame Orb
|upkeep
|turn|11
|
|t:|1760317693
|-end|p1a: Milotic|confusion
|move|p1a: Milotic|Recover|p1a: Milotic
|-heal|p1a: Milotic|100/100 brn
|move|p2a: Grumpig|Energy Ball|p1a: Milotic
|-supereffective|p1a: Milotic
|-damage|p1a: Milotic|67/100 brn
|
|-damage|p1a: Milotic|61/100 brn|[from] brn
|-damage|p2a: Grumpig|73/100 brn|[from] brn
|upkeep
|turn|12
|
|t:|1760317705
|switch|p1a: Koopa|Torkoal, M|100/100
|-weather|SunnyDay|[from] ability: Drought|[of] p1a: Koopa
|move|p2a: Grumpig|Charge Beam|p1a: Koopa
|-damage|p1a: Koopa|80/100
|
|-weather|SunnyDay|[upkeep]
|-damage|p2a: Grumpig|67/100 brn|[from] brn
|upkeep
|turn|13
|
|t:|1760317719
|switch|p2a: Milotic|Milotic, F, shiny|74/100 brn
|-damage|p2a: Milotic|62/100 brn|[from] Stealth Rock
|move|p1a: Koopa|Lava Plume|p2a: Milotic
|-resisted|p2a: Milotic
|-damage|p2a: Milotic|51/100 brn
|
|-weather|SunnyDay|[upkeep]
|-damage|p2a: Milotic|45/100 brn|[from] brn
|upkeep
|turn|14
|
|t:|1760317738
|move|p2a: Milotic|Recover|p2a: Milotic
|-heal|p2a: Milotic|95/100 brn
|move|p1a: Koopa|Lava Plume|p2a: Milotic
|-resisted|p2a: Milotic
|-damage|p2a: Milotic|83/100 brn
|
|-weather|SunnyDay|[upkeep]
|-damage|p2a: Milotic|77/100 brn|[from] brn
|upkeep
|turn|15
|
|t:|1760317750
|switch|p1a: Heatran|Heatran, M|100/100
|move|p2a: Milotic|Confuse Ray|p1a: Heatran
|-start|p1a: Heatran|confusion
|
|-weather|SunnyDay|[upkeep]
|-damage|p2a: Milotic|71/100 brn|[from] brn
|upkeep
|turn|16
|
|t:|1760317760
|-activate|p1a: Heatran|confusion
|move|p1a: Heatran|Solar Beam||[still]
|-prepare|p1a: Heatran|Solar Beam
|-anim|p1a: Heatran|Solar Beam|p2a: Milotic
|-supereffective|p2a: Milotic
|-damage|p2a: Milotic|21/100 brn
|move|p2a: Milotic|Attract|p1a: Heatran
|-start|p1a: Heatran|Attract
|
|-weather|SunnyDay|[upkeep]
|-damage|p2a: Milotic|15/100 brn|[from] brn
|upkeep
|turn|17
|
|t:|1760317777
|-terastallize|p2a: Milotic|Poison
|-end|p1a: Heatran|confusion
|-activate|p1a: Heatran|move: Attract|[of] p2a: Milotic
|move|p1a: Heatran|Solar Beam||[still]
|-prepare|p1a: Heatran|Solar Beam
|-anim|p1a: Heatran|Solar Beam|p2a: Milotic
|-resisted|p2a: Milotic
|-damage|p2a: Milotic|3/100 brn
|move|p2a: Milotic|Recover|p2a: Milotic
|-heal|p2a: Milotic|53/100 brn
|
|-weather|SunnyDay|[upkeep]
|-damage|p2a: Milotic|47/100 brn|[from] brn
|upkeep
|turn|18
|
|t:|1760317793
|-activate|p1a: Heatran|move: Attract|[of] p2a: Milotic
|move|p1a: Heatran|Earth Power|p2a: Milotic
|-supereffective|p2a: Milotic
|-damage|p2a: Milotic|7/100 brn
|move|p2a: Milotic|Confuse Ray|p1a: Heatran
|-start|p1a: Heatran|confusion
|
|-weather|SunnyDay|[upkeep]
|-damage|p2a: Milotic|0 fnt|[from] brn
|faint|p2a: Milotic
|upkeep
|-end|p1a: Heatran|Attract|[silent]
|
|t:|1760317804
|switch|p2a: Flygon|Flygon, M, shiny|33/100
|-damage|p2a: Flygon|27/100|[from] Stealth Rock
|turn|19
|-activate|p2a: Flygon|item: Quick Claw
|
|t:|1760317812
|move|p2a: Flygon|Earthquake|p1a: Heatran
|-supereffective|p1a: Heatran
|-damage|p1a: Heatran|0 fnt
|faint|p1a: Heatran
|
|-weather|none
|upkeep
|
|t:|1760317826
|switch|p1a: Milotic|Milotic, F|61/100 brn
|turn|20
|
|t:|1760317831
|switch|p2a: Tropius|Tropius, M, shiny|100/100
|-damage|p2a: Tropius|75/100|[from] Stealth Rock
|move|p1a: Milotic|Scald|p2a: Tropius
|-resisted|p2a: Tropius
|-damage|p2a: Tropius|64/100
|
|-heal|p2a: Tropius|70/100|[from] item: Leftovers
|-damage|p1a: Milotic|55/100 brn|[from] brn
|upkeep
|turn|21
|
|t:|1760317848
|switch|p1a: Koopa|Torkoal, M|80/100
|-weather|SunnyDay|[from] ability: Drought|[of] p1a: Koopa
|move|p2a: Tropius|Leech Seed|p1a: Koopa
|-start|p1a: Koopa|move: Leech Seed
|
|-weather|SunnyDay|[upkeep]
|-heal|p2a: Tropius|76/100|[from] item: Leftovers
|-damage|p1a: Koopa|68/100|[from] Leech Seed|[of] p2a: Tropius
|-heal|p2a: Tropius|88/100|[silent]
|upkeep
|turn|22
|
|t:|1760317863
|move|p2a: Tropius|Protect|p2a: Tropius
|-singleturn|p2a: Tropius|Protect
|move|p1a: Koopa|Lava Plume|p2a: Tropius
|-activate|p2a: Tropius|move: Protect
|
|-weather|SunnyDay|[upkeep]
|-heal|p2a: Tropius|95/100|[from] item: Leftovers
|-damage|p1a: Koopa|55/100|[from] Leech Seed|[of] p2a: Tropius
|-heal|p2a: Tropius|100/100|[silent]
|upkeep
|turn|23
|
|t:|1760317874
|move|p2a: Tropius|Substitute|p2a: Tropius
|-start|p2a: Tropius|Substitute
|-damage|p2a: Tropius|75/100
|move|p1a: Koopa|Lava Plume|p2a: Tropius
|-supereffective|p2a: Tropius
|-end|p2a: Tropius|Substitute
|
|-weather|SunnyDay|[upkeep]
|-heal|p2a: Tropius|82/100|[from] item: Leftovers
|-damage|p1a: Koopa|43/100|[from] Leech Seed|[of] p2a: Tropius
|-heal|p2a: Tropius|94/100|[silent]
|upkeep
|turn|24
|
|t:|1760317886
|move|p2a: Tropius|Substitute|p2a: Tropius
|-start|p2a: Tropius|Substitute
|-damage|p2a: Tropius|69/100
|move|p1a: Koopa|Rapid Spin|p2a: Tropius
|-activate|p2a: Tropius|move: Substitute|[damage]
|-end|p1a: Koopa|Leech Seed|[from] move: Rapid Spin|[of] p1a: Koopa
|-boost|p1a: Koopa|spe|1
|
|-weather|SunnyDay|[upkeep]
|-heal|p2a: Tropius|75/100|[from] item: Leftovers
|upkeep
|turn|25
|
|t:|1760317898
|move|p1a: Koopa|Will-O-Wisp||[still]
|-fail|p1a: Koopa
|move|p2a: Tropius|Roar|p1a: Koopa
|drag|p1a: Dragonite|Dragonite, F|100/100
|
|-weather|SunnyDay|[upkeep]
|-heal|p2a: Tropius|81/100|[from] item: Leftovers
|upkeep
|turn|26
|
|t:|1760317911
|move|p1a: Dragonite|Extreme Speed|p2a: Tropius
|-end|p2a: Tropius|Substitute
|move|p2a: Tropius|Leech Seed|p1a: Dragonite
|-start|p1a: Dragonite|move: Leech Seed
|
|-weather|SunnyDay|[upkeep]
|-heal|p2a: Tropius|88/100|[from] item: Leftovers
|-damage|p1a: Dragonite|88/100|[from] Leech Seed|[of] p2a: Tropius
|-heal|p2a: Tropius|99/100|[silent]
|upkeep
|turn|27
|
|t:|1760317921
|move|p1a: Dragonite|Dragon Dance|p1a: Dragonite
|-boost|p1a: Dragonite|atk|1
|-boost|p1a: Dragonite|spe|1
|move|p2a: Tropius|Substitute|p2a: Tropius
|-start|p2a: Tropius|Substitute
|-damage|p2a: Tropius|74/100
|
|-weather|SunnyDay|[upkeep]
|-heal|p2a: Tropius|80/100|[from] item: Leftovers
|-damage|p1a: Dragonite|76/100|[from] Leech Seed|[of] p2a: Tropius
|-heal|p2a: Tropius|92/100|[silent]
|upkeep
|turn|28
|
|t:|1760317932
|move|p1a: Dragonite|Extreme Speed|p2a: Tropius
|-end|p2a: Tropius|Substitute
|move|p2a: Tropius|Roar|p1a: Dragonite
|drag|p1a: Kingambit|Kingambit, F, shiny|100/100
|-activate|p1a: Kingambit|ability: Supreme Overlord
|-start|p1a: Kingambit|fallen2|[silent]
|
|-weather|none
|-heal|p2a: Tropius|98/100|[from] item: Leftovers
|upkeep
|turn|29
|
|t:|1760317946
|move|p1a: Kingambit|Kowtow Cleave|p2a: Tropius
|-damage|p2a: Tropius|32/100
|-damage|p1a: Kingambit|91/100|[from] item: Life Orb
|move|p2a: Tropius|Substitute|p2a: Tropius
|-start|p2a: Tropius|Substitute
|-damage|p2a: Tropius|7/100
|
|-heal|p2a: Tropius|13/100|[from] item: Leftovers
|upkeep
|turn|30
|
|t:|1760317956
|move|p1a: Kingambit|Kowtow Cleave|p2a: Tropius
|-end|p2a: Tropius|Substitute
|-damage|p1a: Kingambit|81/100|[from] item: Life Orb
|move|p2a: Tropius|Leech Seed|p1a: Kingambit
|-start|p1a: Kingambit|move: Leech Seed
|
|-heal|p2a: Tropius|19/100|[from] item: Leftovers
|-damage|p1a: Kingambit|68/100|[from] Leech Seed|[of] p2a: Tropius
|-heal|p2a: Tropius|32/100|[silent]
|upkeep
|turn|31
|
|t:|1760317968
|move|p2a: Tropius|Protect|p2a: Tropius
|-singleturn|p2a: Tropius|Protect
|move|p1a: Kingambit|Kowtow Cleave|p2a: Tropius
|-activate|p2a: Tropius|move: Protect
|
|-heal|p2a: Tropius|38/100|[from] item: Leftovers
|-damage|p1a: Kingambit|56/100|[from] Leech Seed|[of] p2a: Tropius
|-heal|p2a: Tropius|50/100|[silent]
|upkeep
|turn|32
|
|t:|1760317979
|move|p2a: Tropius|Protect|p2a: Tropius
|-singleturn|p2a: Tropius|Protect
|move|p1a: Kingambit|Kowtow Cleave|p2a: Tropius
|-activate|p2a: Tropius|move: Protect
|
|-heal|p2a: Tropius|56/100|[from] item: Leftovers
|-damage|p1a: Kingambit|44/100|[from] Leech Seed|[of] p2a: Tropius
|-heal|p2a: Tropius|69/100|[silent]
|upkeep
|turn|33
|
|t:|1760317989
|move|p1a: Kingambit|Kowtow Cleave|p2a: Tropius
|-damage|p2a: Tropius|9/100
|-damage|p1a: Kingambit|34/100|[from] item: Life Orb
|move|p2a: Tropius|Substitute|p2a: Tropius
|-fail|p2a: Tropius|move: Substitute|[weak]
|
|-heal|p2a: Tropius|15/100|[from] item: Leftovers
|-damage|p1a: Kingambit|21/100|[from] Leech Seed|[of] p2a: Tropius
|-heal|p2a: Tropius|28/100|[silent]
|upkeep
|turn|34
|
|t:|1760318006
|move|p2a: Tropius|Protect|p2a: Tropius
|-singleturn|p2a: Tropius|Protect
|move|p1a: Kingambit|Kowtow Cleave|p2a: Tropius
|-activate|p2a: Tropius|move: Protect
|
|-heal|p2a: Tropius|34/100|[from] item: Leftovers
|-damage|p1a: Kingambit|9/100|[from] Leech Seed|[of] p2a: Tropius
|-heal|p2a: Tropius|46/100|[silent]
|upkeep
|turn|35
|
|t:|1760318017
|move|p2a: Tropius|Protect||[still]
|-fail|p2a: Tropius
|move|p1a: Kingambit|Kowtow Cleave|p2a: Tropius
|-damage|p2a: Tropius|0 fnt
|faint|p2a: Tropius
|-damage|p1a: Kingambit|0 fnt|[from] item: Life Orb
|faint|p1a: Kingambit
|-end|p1a: Kingambit|fallen2|[silent]
|
|upkeep
|
|t:|1760318032
|switch|p1a: Koopa|Torkoal, M|43/100
|switch|p2a: Flygon|Flygon, M, shiny|27/100
|-damage|p2a: Flygon|21/100|[from] Stealth Rock
|-weather|SunnyDay|[from] ability: Drought|[of] p1a: Koopa
|turn|36
|
|t:|1760318043
|move|p2a: Flygon|Stone Edge|p1a: Koopa|[miss]
|-miss|p2a: Flygon|p1a: Koopa
|move|p1a: Koopa|Lava Plume|p2a: Flygon
|-resisted|p2a: Flygon
|-damage|p2a: Flygon|0 fnt
|faint|p2a: Flygon
|
|-weather|SunnyDay|[upkeep]
|upkeep
|
|t:|1760318052
|switch|p2a: Grumpig|Grumpig, M, shiny|67/100 brn
|-damage|p2a: Grumpig|55/100 brn|[from] Stealth Rock
|turn|37
|
|t:|1760318057
|move|p2a: Grumpig|Psychic|p1a: Koopa
|-damage|p1a: Koopa|0 fnt
|faint|p1a: Koopa
|
|-weather|SunnyDay|[upkeep]
|-damage|p2a: Grumpig|49/100 brn|[from] brn
|upkeep
|
|t:|1760318065
|switch|p1a: Dragonite|Dragonite, F|76/100
|turn|38
|
|t:|1760318073
|move|p1a: Dragonite|Earthquake|p2a: Grumpig
|-damage|p2a: Grumpig|0 fnt
|faint|p2a: Grumpig
|
|-weather|SunnyDay|[upkeep]
|upkeep
|
|t:|1760318078
|switch|p2a: Banette|Banette, M, shiny|46/100
|-damage|p2a: Banette|34/100|[from] Stealth Rock
|turn|39
|
|t:|1760318083
|move|p1a: Dragonite|Earthquake|p2a: Banette
|-damage|p2a: Banette|0 fnt
|faint|p2a: Banette
|
|win|Blu1998
|raw|Blu1998's rating: 1096 &rarr; <strong>1119</strong><br />(+23 for winning)
|raw|jsdoejereg's rating: 1060 &rarr; <strong>1043</strong><br />(-17 for losing)
|l|☆jsdoejereg
|player|p2|
|l|☆Blu1998
|player|p1|
