|j|☆blizzmat
|j|☆N0tC1evey
|t:|1760428908
|gametype|singles
|player|p1|blizzmat|colress|1397
|player|p2|N0tC1evey|pryce|1347
|gen|9
|tier|[Gen 9] OU
|rated|
|rule|HP Percentage Mod: HP is shown in percentages
|rule|Endless Battle Clause: Forcing endless battles is banned
|rule|Species Clause: Limit one of each Pokémon
|rule|OHKO Clause: OHKO moves are banned
|rule|Evasion Items Clause: Evasion items are banned
|rule|Evasion Moves Clause: Evasion moves are banned
|rule|Evasion Abilities Clause: Evasion abilities are banned
|rule|Sleep Moves Clause: Sleep-inducing moves are banned
|clearpoke
|poke|p1|Gholdengo|
|poke|p1|Enamorus, F|
|poke|p1|Ogerpon-Wellspring, F|
|poke|p1|Dragapult, F|
|poke|p1|Zamazenta-*|
|poke|p1|Glimmora, M|
|poke|p2|Walking Wake|
|poke|p2|Torkoal, M|
|poke|p2|Corviknight, F|
|poke|p2|Sandy Shocks|
|poke|p2|Alomomola, F|
|poke|p2|Cinderace, M|
|teampreview
|inactive|Battle timer is ON: inactive players will automatically lose when time's up. (requested by N0tC1evey)
|inactive|blizzmat has 120 seconds left.
|inactive|N0tC1evey has 120 seconds left.
|
|t:|1760428969
|teamsize|p1|6
|teamsize|p2|6
|start
|switch|p1a: Glimmora|Glimmora, M|100/100
|switch|p2a: 储水硬接流星群|Walking Wake|100/100
|turn|1
|
|t:|1760428974
|switch|p1a: Ogerpon|Ogerpon-Wellspring, F|100/100
|move|p2a: 储水硬接流星群|Draco Meteor|p1a: Ogerpon
|-damage|p1a: Ogerpon|0 fnt
|-unboost|p2a: 储水硬接流星群|spa|2
|faint|p1a: Ogerpon
|
|upkeep
|
|t:|1760428993
|switch|p1a: Dragapult|Dragapult, F|100/100
|turn|2
|
|t:|1760428998
|-end|p2a: 储水硬接流星群|Protosynthesis|[silent]
|switch|p2a: PinklePinkle|Alomomola, F|100/100
|move|p1a: Dragapult|Thunder Wave|p2a: PinklePinkle
|-status|p2a: PinklePinkle|par
|
|upkeep
|turn|3
|
|t:|1760429003
|move|p1a: Dragapult|Dragon Darts|p2a: PinklePinkle
|-damage|p2a: PinklePinkle|88/100 par
|-anim|p1a: Dragapult|Dragon Darts|p2a: PinklePinkle
|-damage|p2a: PinklePinkle|77/100 par
|cant|p2a: PinklePinkle|par
|
|upkeep
|turn|4
|
|t:|1760429012
|move|p1a: Dragapult|U-turn|p2a: PinklePinkle
|-damage|p2a: PinklePinkle|64/100 par
|
|t:|1760429019
|switch|p1a: Zamazenta|Zamazenta|100/100|[from] U-turn
|-ability|p1a: Zamazenta|Dauntless Shield|boost
|-boost|p1a: Zamazenta|def|1
|move|p2a: PinklePinkle|Flip Turn|p1a: Zamazenta
|-damage|p1a: Zamazenta|91/100
|
|t:|1760429026
|switch|p2a: 地鸣雷震寒彻骨|Sandy Shocks, shiny|100/100|[from] Flip Turn
|
|-heal|p1a: Zamazenta|97/100|[from] item: Leftovers
|upkeep
|turn|5
|
|t:|1760429032
|move|p1a: Zamazenta|Body Press|p2a: 地鸣雷震寒彻骨
|-damage|p2a: 地鸣雷震寒彻骨|53/100
|move|p2a: 地鸣雷震寒彻骨|Earth Power|p1a: Zamazenta
|-damage|p1a: Zamazenta|68/100
|-unboost|p1a: Zamazenta|spd|1
|
|-heal|p1a: Zamazenta|74/100|[from] item: Leftovers
|upkeep
|turn|6
|
|t:|1760429059
|move|p1a: Zamazenta|Body Press|p2a: 地鸣雷震寒彻骨
|-crit|p2a: 地鸣雷震寒彻骨
|-damage|p2a: 地鸣雷震寒彻骨|0 fnt
|faint|p2a: 地鸣雷震寒彻骨
|-end|p2a: 地鸣雷震寒彻骨|Protosynthesis|[silent]
|
|-heal|p1a: Zamazenta|81/100|[from] item: Leftovers
|upkeep
|inactive|N0tC1evey has 120 seconds left.
|
|t:|1760429081
|switch|p2a: 坚盾铁骑|Corviknight, F, shiny|100/100
|turn|7
|l|☆blizzmat
|inactive|blizzmat disconnected and has a minute to reconnect!
|player|p1|
|inactive|blizzmat has 30 seconds to reconnect!
|inactive|blizzmat has 20 seconds to reconnect!
|j|☆blizzmat
|inactive|blizzmat reconnected and has 100 seconds left.
|player|p1|blizzmat|colress|
|
|t:|1760429140
|move|p1a: Zamazenta|Body Press|p2a: 坚盾铁骑
|-damage|p2a: 坚盾铁骑|64/100
|move|p2a: 坚盾铁骑|Brave Bird|p1a: Zamazenta
|-supereffective|p1a: Zamazenta
|-damage|p1a: Zamazenta|29/100
|-damage|p2a: 坚盾铁骑|47/100|[from] Recoil
|
|-heal|p1a: Zamazenta|35/100|[from] item: Leftovers
|upkeep
|turn|8
|
|t:|1760429149
|move|p1a: Zamazenta|Iron Defense|p1a: Zamazenta
|-boost|p1a: Zamazenta|def|2
|move|p2a: 坚盾铁骑|Brave Bird|p1a: Zamazenta
|-supereffective|p1a: Zamazenta
|-damage|p1a: Zamazenta|3/100
|-damage|p2a: 坚盾铁骑|37/100|[from] Recoil
|
|-heal|p1a: Zamazenta|9/100|[from] item: Leftovers
|upkeep
|turn|9
|
|t:|1760429159
|switch|p2a: PinklePinkle|Alomomola, F|98/100 par
|move|p1a: Zamazenta|Body Press|p2a: PinklePinkle
|-damage|p2a: PinklePinkle|52/100 par
|
|-heal|p1a: Zamazenta|15/100|[from] item: Leftovers
|upkeep
|turn|10
|
|t:|1760429167
|move|p1a: Zamazenta|Body Press|p2a: PinklePinkle
|-damage|p2a: PinklePinkle|10/100 par
|move|p2a: PinklePinkle|Alluring Voice|p1a: Zamazenta
|-supereffective|p1a: Zamazenta
|-damage|p1a: Zamazenta|0 fnt
|faint|p1a: Zamazenta
|
|upkeep
|inactive|blizzmat has 120 seconds left.
|
|t:|1760429191
|switch|p1a: Dragapult|Dragapult, F|100/100
|turn|11
|
|t:|1760429195
|switch|p2a: 坚盾铁骑|Corviknight, F, shiny|37/100
|move|p1a: Dragapult|U-turn|p2a: 坚盾铁骑
|-resisted|p2a: 坚盾铁骑
|-crit|p2a: 坚盾铁骑
|-damage|p2a: 坚盾铁骑|31/100
|
|t:|1760429204
|switch|p1a: Gholdengo|Gholdengo|100/100|[from] U-turn
|
|upkeep
|turn|12
|
|t:|1760429209
|move|p1a: Gholdengo|Shadow Ball|p2a: 坚盾铁骑
|-damage|p2a: 坚盾铁骑|0 fnt
|faint|p2a: 坚盾铁骑
|
|upkeep
|
|t:|1760429214
|switch|p2a: 跟你爆了|Cinderace, M|100/100
|turn|13
|
|t:|1760429220
|switch|p1a: Glimmora|Glimmora, M|100/100
|move|p2a: 跟你爆了|Pyro Ball|p1a: Glimmora
|-resisted|p1a: Glimmora
|-damage|p1a: Glimmora|45/100
|-activate|p1a: Glimmora|ability: Toxic Debris
|-sidestart|p2: N0tC1evey|move: Toxic Spikes
|-enditem|p1a: Glimmora|Red Card|[of] p2a: 跟你爆了
|drag|p2a: PinklePinkle|Alomomola, F|43/100 par
|
|upkeep
|turn|14
|
|t:|1760429228
|move|p1a: Glimmora|Stealth Rock|p2a: PinklePinkle
|-sidestart|p2: N0tC1evey|move: Stealth Rock
|move|p2a: PinklePinkle|Flip Turn|p1a: Glimmora
|-supereffective|p1a: Glimmora
|-damage|p1a: Glimmora|5/100
|-activate|p1a: Glimmora|ability: Toxic Debris
|-sidestart|p2: N0tC1evey|move: Toxic Spikes
|
|t:|1760429241
|switch|p2a: 跟你爆了|Cinderace, M|100/100|[from] Flip Turn
|-status|p2a: 跟你爆了|tox
|-damage|p2a: 跟你爆了|76/100 tox|[from] Stealth Rock
|
|-damage|p2a: 跟你爆了|70/100 tox|[from] psn
|upkeep
|turn|15
|
|t:|1760429259
|switch|p1a: Gholdengo|Gholdengo|100/100
|move|p2a: 跟你爆了|Pyro Ball|p1a: Gholdengo
|-supereffective|p1a: Gholdengo
|-damage|p1a: Gholdengo|0 fnt
|faint|p1a: Gholdengo
|
|-damage|p2a: 跟你爆了|58/100 tox|[from] psn
|upkeep
|
|t:|1760429266
|switch|p1a: Enamorus|Enamorus, F|100/100
|turn|16
|
|t:|1760429271
|move|p1a: Enamorus|Earth Power|p2a: 跟你爆了
|-supereffective|p2a: 跟你爆了
|-damage|p2a: 跟你爆了|0 fnt
|faint|p2a: 跟你爆了
|
|upkeep
|
|t:|1760429276
|switch|p2a: Groudon.|Torkoal, M|100/100
|-status|p2a: Groudon.|tox
|-damage|p2a: Groudon.|75/100 tox|[from] Stealth Rock
|-weather|SunnyDay|[from] ability: Drought|[of] p2a: Groudon.
|turn|17
|
|t:|1760429281
|move|p1a: Enamorus|Earth Power|p2a: Groudon.
|-supereffective|p2a: Groudon.
|-crit|p2a: Groudon.
|-damage|p2a: Groudon.|0 fnt
|faint|p2a: Groudon.
|
|-weather|SunnyDay|[upkeep]
|upkeep
|
|t:|1760429284
|switch|p2a: 储水硬接流星群|Walking Wake|100/100
|-status|p2a: 储水硬接流星群|tox
|-damage|p2a: 储水硬接流星群|88/100 tox|[from] Stealth Rock
|-activate|p2a: 储水硬接流星群|ability: Protosynthesis
|-start|p2a: 储水硬接流星群|protosynthesisspe
|turn|18
|
|t:|1760429290
|switch|p1a: Glimmora|Glimmora, M|5/100
|-terastallize|p2a: 储水硬接流星群|Fire
|move|p2a: 储水硬接流星群|Flamethrower|p1a: Glimmora
|-resisted|p1a: Glimmora
|-damage|p1a: Glimmora|0 fnt
|faint|p1a: Glimmora
|
|-weather|SunnyDay|[upkeep]
|-damage|p2a: 储水硬接流星群|82/100 tox|[from] psn
|upkeep
|
|t:|1760429303
|switch|p1a: Enamorus|Enamorus, F|100/100
|turn|19
|
|t:|1760429308
|move|p2a: 储水硬接流星群|Flamethrower|p1a: Enamorus
|-damage|p1a: Enamorus|0 fnt
|faint|p1a: Enamorus
|
|-weather|SunnyDay|[upkeep]
|-damage|p2a: 储水硬接流星群|70/100 tox|[from] psn
|upkeep
|
|t:|1760429314
|switch|p1a: Dragapult|Dragapult, F|100/100
|turn|20
|
|t:|1760429322
|move|p2a: 储水硬接流星群|Flamethrower|p1a: Dragapult
|-resisted|p1a: Dragapult
|-damage|p1a: Dragapult|41/100
|move|p1a: Dragapult|Dragon Darts|p2a: 储水硬接流星群
|-damage|p2a: 储水硬接流星群|48/100 tox
|-anim|p1a: Dragapult|Dragon Darts|p2a: 储水硬接流星群
|-damage|p2a: 储水硬接流星群|25/100 tox
|
|-weather|SunnyDay|[upkeep]
|-damage|p2a: 储水硬接流星群|7/100 tox|[from] psn
|upkeep
|turn|21
|
|t:|1760429332
|move|p2a: 储水硬接流星群|Flamethrower|p1a: Dragapult
|-resisted|p1a: Dragapult
|-damage|p1a: Dragapult|0 fnt
|faint|p1a: Dragapult
|
|win|N0tC1evey
|raw|blizzmat's rating: 1397 &rarr; <strong>1374</strong><br />(-23 for losing)
|raw|N0tC1evey's rating: 1347 &rarr; <strong>1370</strong><br />(+23 for winning)
|l|☆blizzmat
|player|p1|
|l|☆N0tC1evey
|player|p2|
