|j|☆ashurabocchi
|j|☆NawaNotNoah
|t:|1760397938
|gametype|singles
|player|p1|ashurabocchi|102|1280
|player|p2|NawaNotNoah|fantina|1350
|gen|9
|tier|[Gen 9] OU
|rated|
|rule|HP Percentage Mod: HP is shown in percentages
|rule|Endless Battle Clause: Forcing endless battles is banned
|rule|Species Clause: Limit one of each Pokémon
|rule|OHKO Clause: OHKO moves are banned
|rule|Evasion Items Clause: Evasion items are banned
|rule|Evasion Moves Clause: Evasion moves are banned
|rule|Evasion Abilities Clause: Evasion abilities are banned
|rule|Sleep Moves Clause: Sleep-inducing moves are banned
|clearpoke
|poke|p1|Infernape, F|
|poke|p1|Carkol, M|
|poke|p1|Dragapult, F|
|poke|p1|Gastrodon-East, F|
|poke|p1|Scizor, M|
|poke|p1|Glimmora, F|
|poke|p2|Great Tusk|
|poke|p2|Dragapult, M|
|poke|p2|Zamazenta-*|
|poke|p2|Sinistcha-Masterpiece|
|poke|p2|Raging Bolt|
|poke|p2|Iron Valiant|
|teampreview
|c|☆NawaNotNoah|carkaol!
|c|☆NawaNotNoah|I love carkoal
|inactive|Battle timer is ON: inactive players will automatically lose when time's up. (requested by ashurabocchi)
|
|t:|1760397955
|teamsize|p1|6
|teamsize|p2|6
|start
|switch|p1a: Dragapult|Dragapult, F, shiny|100/100
|switch|p2a: Hyundai|Great Tusk|100/100
|-enditem|p2a: Hyundai|Booster Energy
|-activate|p2a: Hyundai|ability: Protosynthesis|[fromitem]
|-start|p2a: Hyundai|protosynthesisatk
|turn|1
|
|t:|1760397960
|move|p1a: Dragapult|Shadow Ball|p2a: Hyundai
|-damage|p2a: Hyundai|26/100
|move|p2a: Hyundai|Headlong Rush|p1a: Dragapult
|-damage|p1a: Dragapult|0 fnt
|-unboost|p2a: Hyundai|def|1
|-unboost|p2a: Hyundai|spd|1
|faint|p1a: Dragapult
|
|upkeep
|
|t:|1760397972
|switch|p1a: Scizor|Scizor, M, shiny|100/100
|turn|2
|
|t:|1760397976
|-end|p2a: Hyundai|Protosynthesis|[silent]
|switch|p2a: Mitsubishi|Raging Bolt|100/100
|move|p1a: Scizor|Bullet Punch|p2a: Mitsubishi
|-resisted|p2a: Mitsubishi
|-damage|p2a: Mitsubishi|81/100
|-damage|p1a: Scizor|91/100|[from] item: Life Orb
|
|upkeep
|turn|3
|
|t:|1760397981
|move|p2a: Mitsubishi|Volt Switch|p1a: Scizor
|-damage|p1a: Scizor|16/100
|
|t:|1760397987
|-end|p2a: Mitsubishi|Protosynthesis|[silent]
|switch|p2a: Toyota|Dragapult, M|100/100|[from] Volt Switch
|move|p1a: Scizor|U-turn|p2a: Toyota
|-resisted|p2a: Toyota
|-damage|p2a: Toyota|70/100
|-damage|p1a: Scizor|6/100|[from] item: Life Orb
|
|t:|1760397993
|switch|p1a: Gastrodon|Gastrodon-East, F, shiny|100/100|[from] U-turn
|
|-heal|p2a: Toyota|76/100|[from] item: Leftovers
|upkeep
|turn|4
|
|t:|1760397999
|move|p2a: Toyota|Substitute|p2a: Toyota
|-start|p2a: Toyota|Substitute
|-damage|p2a: Toyota|52/100
|move|p1a: Gastrodon|Stealth Rock|p2a: Toyota
|-sidestart|p2: NawaNotNoah|move: Stealth Rock
|
|-heal|p2a: Toyota|58/100|[from] item: Leftovers
|upkeep
|turn|5
|
|t:|1760398006
|move|p2a: Toyota|Phantom Force||[still]
|-prepare|p2a: Toyota|Phantom Force
|move|p1a: Gastrodon|Surf|p2a: Toyota|[miss]
|-miss|p1a: Gastrodon|p2a: Toyota
|
|-heal|p2a: Toyota|64/100|[from] item: Leftovers
|upkeep
|turn|6
|
|t:|1760398012
|switch|p1a: Glimmora|Glimmora, F, shiny|100/100
|move|p2a: Toyota|Phantom Force|p1a: Glimmora|[from] lockedmove
|-damage|p1a: Glimmora|64/100
|-activate|p1a: Glimmora|ability: Toxic Debris
|-sidestart|p2: NawaNotNoah|move: Toxic Spikes
|
|-heal|p2a: Toyota|70/100|[from] item: Leftovers
|upkeep
|turn|7
|
|t:|1760398022
|move|p2a: Toyota|Protect|p2a: Toyota
|-singleturn|p2a: Toyota|Protect
|move|p1a: Glimmora|Sludge Bomb|p2a: Toyota
|-activate|p2a: Toyota|move: Protect
|
|-heal|p2a: Toyota|76/100|[from] item: Leftovers
|upkeep
|turn|8
|
|t:|1760398029
|move|p2a: Toyota|Disable|p1a: Glimmora
|-start|p1a: Glimmora|Disable|Sludge Bomb
|cant|p1a: Glimmora|Disable|Sludge Bomb
|
|-heal|p2a: Toyota|82/100|[from] item: Leftovers
|upkeep
|turn|9
|
|t:|1760398034
|switch|p1a: Infernape|Infernape, F, shiny|100/100
|move|p2a: Toyota|Phantom Force||[still]
|-prepare|p2a: Toyota|Phantom Force
|
|-heal|p2a: Toyota|88/100|[from] item: Leftovers
|upkeep
|turn|10
|
|t:|1760398039
|move|p1a: Infernape|U-turn|p2a: Toyota|[miss]
|-miss|p1a: Infernape|p2a: Toyota
|move|p2a: Toyota|Phantom Force|p1a: Infernape|[from] lockedmove
|-damage|p1a: Infernape|52/100
|
|-heal|p2a: Toyota|94/100|[from] item: Leftovers
|upkeep
|turn|11
|
|t:|1760398045
|move|p2a: Toyota|Protect|p2a: Toyota
|-singleturn|p2a: Toyota|Protect
|move|p1a: Infernape|U-turn|p2a: Toyota
|-activate|p2a: Toyota|move: Protect
|
|-heal|p2a: Toyota|99/100|[from] item: Leftovers
|upkeep
|turn|12
|
|t:|1760398053
|switch|p1a: Carkol|Carkol, M, shiny|100/100
|move|p2a: Toyota|Phantom Force||[still]
|-prepare|p2a: Toyota|Phantom Force
|
|-heal|p2a: Toyota|100/100|[from] item: Leftovers
|upkeep
|turn|13
|
|t:|1760398058
|move|p2a: Toyota|Phantom Force|p1a: Carkol|[from] lockedmove
|-damage|p1a: Carkol|84/100
|move|p1a: Carkol|Fire Spin|p2a: Toyota
|-resisted|p2a: Toyota
|-activate|p2a: Toyota|move: Substitute|[damage]
|
|upkeep
|turn|14
|
|t:|1760398068
|move|p2a: Toyota|Disable|p1a: Carkol
|-start|p1a: Carkol|Disable|Fire Spin
|move|p1a: Carkol|Will-O-Wisp||[still]
|-fail|p1a: Carkol
|
|upkeep
|turn|15
|c|☆ashurabocchi|gg
|-message|ashurabocchi forfeited.
|
|win|NawaNotNoah
|raw|ashurabocchi's rating: 1280 &rarr; <strong>1260</strong><br />(-20 for losing)
|raw|NawaNotNoah's rating: 1350 &rarr; <strong>1366</strong><br />(+16 for winning)
|l|☆ashurabocchi
|player|p1|
|l|☆NawaNotNoah
|player|p2|
