|j|☆rellooooooooo
|j|☆lalololole
|t:|1760393914
|gametype|singles
|player|p1|rellooooooooo|265|1078
|player|p2|lalololole|unknownf|1105
|gen|9
|tier|[Gen 9] OU
|rated|
|rule|HP Percentage Mod: HP is shown in percentages
|rule|Endless Battle Clause: Forcing endless battles is banned
|rule|Species Clause: Limit one of each Pokémon
|rule|OHKO Clause: OHKO moves are banned
|rule|Evasion Items Clause: Evasion items are banned
|rule|Evasion Moves Clause: Evasion moves are banned
|rule|Evasion Abilities Clause: Evasion abilities are banned
|rule|Sleep Moves Clause: Sleep-inducing moves are banned
|clearpoke
|poke|p1|Smeargle, F|
|poke|p1|Ceruledge, M|
|poke|p1|Garganacl, F|
|poke|p1|Glimmora, M|
|poke|p1|Ogerpon-Wellspring, F|
|poke|p1|Gholdengo|
|poke|p2|Clefable, M|
|poke|p2|Garchomp, F|
|poke|p2|Ceruledge, M|
|poke|p2|Empoleon, F|
|poke|p2|Vivillon-Fancy, F|
|poke|p2|Froslass, F|
|teampreview
|
|t:|1760393942
|teamsize|p1|6
|teamsize|p2|6
|start
|switch|p1a: Smeargle|Smeargle, F, shiny|100/100
|switch|p2a: Vivillon|Vivillon-Fancy, F, shiny|100/100
|turn|1
|
|t:|1760393949
|move|p2a: Vivillon|Stun Spore|p1a: Smeargle
|-status|p1a: Smeargle|par
|move|p1a: Smeargle|Sticky Web|p2a: Vivillon
|-sidestart|p2: lalololole|move: Sticky Web
|
|upkeep
|turn|2
|
|t:|1760393969
|switch|p1a: Garganacl|Garganacl, F|100/100
|move|p2a: Vivillon|Quiver Dance|p2a: Vivillon
|-boost|p2a: Vivillon|spa|1
|-boost|p2a: Vivillon|spd|1
|-boost|p2a: Vivillon|spe|1
|
|upkeep
|turn|3
|
|t:|1760393979
|move|p2a: Vivillon|Poison Powder|p1a: Garganacl
|-immune|p1a: Garganacl|[from] ability: Purifying Salt
|move|p1a: Garganacl|Salt Cure|p2a: Vivillon
|-supereffective|p2a: Vivillon
|-enditem|p2a: Vivillon|Focus Sash
|-damage|p2a: Vivillon|1/100
|-start|p2a: Vivillon|Salt Cure
|
|-damage|p2a: Vivillon|0 fnt|[from] Salt Cure
|faint|p2a: Vivillon
|upkeep
|
|t:|1760393985
|switch|p2a: Froslass|Froslass, F|100/100
|-activate|p2a: Froslass|move: Sticky Web
|-unboost|p2a: Froslass|spe|1
|turn|4
|
|t:|1760393997
|move|p2a: Froslass|Destiny Bond|p2a: Froslass
|-singlemove|p2a: Froslass|Destiny Bond
|move|p1a: Garganacl|Iron Defense|p1a: Garganacl
|-boost|p1a: Garganacl|def|2
|
|upkeep
|turn|5
|
|t:|1760394014
|move|p2a: Froslass|Frost Breath|p1a: Garganacl|[miss]
|-miss|p2a: Froslass|p1a: Garganacl
|move|p1a: Garganacl|Iron Defense|p1a: Garganacl
|-boost|p1a: Garganacl|def|2
|
|upkeep
|turn|6
|
|t:|1760394022
|move|p2a: Froslass|Will-O-Wisp|p1a: Garganacl
|-immune|p1a: Garganacl|[from] ability: Purifying Salt
|move|p1a: Garganacl|Iron Defense|p1a: Garganacl
|-boost|p1a: Garganacl|def|2
|
|upkeep
|turn|7
|
|t:|1760394032
|move|p2a: Froslass|Destiny Bond|p2a: Froslass
|-singlemove|p2a: Froslass|Destiny Bond
|move|p1a: Garganacl|Salt Cure|p2a: Froslass
|-supereffective|p2a: Froslass
|-damage|p2a: Froslass|32/100
|-start|p2a: Froslass|Salt Cure
|-start|p1a: Garganacl|Disable|Salt Cure|[from] ability: Cursed Body|[of] p2a: Froslass
|
|-damage|p2a: Froslass|20/100|[from] Salt Cure
|upkeep
|turn|8
|
|t:|1760394048
|move|p2a: Froslass|Frost Breath|p1a: Garganacl
|-crit|p1a: Garganacl
|-damage|p1a: Garganacl|69/100
|move|p1a: Garganacl|Iron Defense|p1a: Garganacl
|-boost|p1a: Garganacl|def|0
|
|-heal|p1a: Garganacl|75/100|[from] item: Leftovers
|-damage|p2a: Froslass|7/100|[from] Salt Cure
|upkeep
|turn|9
|
|t:|1760394059
|move|p2a: Froslass|Frost Breath|p1a: Garganacl
|-crit|p1a: Garganacl
|-damage|p1a: Garganacl|45/100
|move|p1a: Garganacl|Iron Defense|p1a: Garganacl
|-boost|p1a: Garganacl|def|0
|
|-heal|p1a: Garganacl|51/100|[from] item: Leftovers
|-damage|p2a: Froslass|0 fnt|[from] Salt Cure
|faint|p2a: Froslass
|upkeep
|
|t:|1760394070
|switch|p2a: Ceruledge|Ceruledge, M|100/100
|turn|10
|
|t:|1760394084
|move|p2a: Ceruledge|Swords Dance|p2a: Ceruledge
|-boost|p2a: Ceruledge|atk|2
|move|p1a: Garganacl|Body Press|p2a: Ceruledge
|-immune|p2a: Ceruledge
|
|-heal|p1a: Garganacl|57/100|[from] item: Leftovers
|-end|p1a: Garganacl|Disable
|upkeep
|turn|11
|
|t:|1760394095
|move|p2a: Ceruledge|Shadow Claw|p1a: Garganacl
|-damage|p1a: Garganacl|50/100
|move|p1a: Garganacl|Earthquake|p2a: Ceruledge
|-supereffective|p2a: Ceruledge
|-damage|p2a: Ceruledge|6/100
|-ability|p2a: Ceruledge|Weak Armor|boost
|-unboost|p2a: Ceruledge|def|1
|-boost|p2a: Ceruledge|spe|2
|
|-heal|p1a: Garganacl|56/100|[from] item: Leftovers
|upkeep
|turn|12
|
|t:|1760394109
|move|p2a: Ceruledge|Shadow Claw|p1a: Garganacl
|-damage|p1a: Garganacl|50/100
|move|p1a: Garganacl|Salt Cure|p2a: Ceruledge
|-supereffective|p2a: Ceruledge
|-damage|p2a: Ceruledge|0 fnt
|faint|p2a: Ceruledge
|
|-heal|p1a: Garganacl|56/100|[from] item: Leftovers
|upkeep
|
|t:|1760394131
|switch|p2a: Clefable|Clefable, M|100/100
|-activate|p2a: Clefable|move: Sticky Web
|-unboost|p2a: Clefable|spe|1
|turn|13
|
|t:|1760394141
|move|p1a: Garganacl|Body Press|p2a: Clefable
|-resisted|p2a: Clefable
|-damage|p2a: Clefable|87/100
|move|p2a: Clefable|Calm Mind|p2a: Clefable
|-boost|p2a: Clefable|spa|1
|-boost|p2a: Clefable|spd|1
|
|-heal|p1a: Garganacl|62/100|[from] item: Leftovers
|-heal|p2a: Clefable|93/100|[from] item: Leftovers
|upkeep
|turn|14
|
|t:|1760394157
|move|p1a: Garganacl|Salt Cure|p2a: Clefable
|-damage|p2a: Clefable|71/100
|-start|p2a: Clefable|Salt Cure
|move|p2a: Clefable|Calm Mind|p2a: Clefable
|-boost|p2a: Clefable|spa|1
|-boost|p2a: Clefable|spd|1
|
|-heal|p1a: Garganacl|68/100|[from] item: Leftovers
|-heal|p2a: Clefable|77/100|[from] item: Leftovers
|-damage|p2a: Clefable|65/100|[from] Salt Cure
|upkeep
|turn|15
|inactive|Battle timer is ON: inactive players will automatically lose when time's up. (requested by lalololole)
|
|t:|1760394170
|move|p1a: Garganacl|Salt Cure|p2a: Clefable
|-damage|p2a: Clefable|45/100
|move|p2a: Clefable|Future Sight|p1a: Garganacl
|-start|p2a: Clefable|move: Future Sight
|
|-heal|p1a: Garganacl|74/100|[from] item: Leftovers
|-heal|p2a: Clefable|51/100|[from] item: Leftovers
|-damage|p2a: Clefable|38/100|[from] Salt Cure
|upkeep
|turn|16
|
|t:|1760394179
|move|p1a: Garganacl|Salt Cure|p2a: Clefable
|-damage|p2a: Clefable|17/100
|move|p2a: Clefable|Moonlight|p2a: Clefable
|-heal|p2a: Clefable|67/100
|
|-heal|p1a: Garganacl|80/100|[from] item: Leftovers
|-heal|p2a: Clefable|73/100|[from] item: Leftovers
|-damage|p2a: Clefable|61/100|[from] Salt Cure
|upkeep
|turn|17
|
|t:|1760394190
|move|p1a: Garganacl|Salt Cure|p2a: Clefable
|-damage|p2a: Clefable|39/100
|move|p2a: Clefable|Moonlight|p2a: Clefable
|-heal|p2a: Clefable|89/100
|
|-end|p1a: Garganacl|move: Future Sight
|-damage|p1a: Garganacl|15/100
|-heal|p1a: Garganacl|21/100|[from] item: Leftovers
|-heal|p2a: Clefable|95/100|[from] item: Leftovers
|-damage|p2a: Clefable|83/100|[from] Salt Cure
|upkeep
|turn|18
|
|t:|1760394204
|move|p1a: Garganacl|Salt Cure|p2a: Clefable
|-damage|p2a: Clefable|63/100
|move|p2a: Clefable|Future Sight|p1a: Garganacl
|-start|p2a: Clefable|move: Future Sight
|
|-heal|p1a: Garganacl|27/100|[from] item: Leftovers
|-heal|p2a: Clefable|69/100|[from] item: Leftovers
|-damage|p2a: Clefable|56/100|[from] Salt Cure
|upkeep
|turn|19
|
|t:|1760394218
|move|p1a: Garganacl|Salt Cure|p2a: Clefable
|-damage|p2a: Clefable|36/100
|move|p2a: Clefable|Moonlight|p2a: Clefable
|-heal|p2a: Clefable|86/100
|
|-heal|p1a: Garganacl|33/100|[from] item: Leftovers
|-heal|p2a: Clefable|92/100|[from] item: Leftovers
|-damage|p2a: Clefable|80/100|[from] Salt Cure
|upkeep
|turn|20
|
|t:|1760394232
|move|p1a: Garganacl|Salt Cure|p2a: Clefable
|-damage|p2a: Clefable|59/100
|move|p2a: Clefable|Moonlight|p2a: Clefable
|-heal|p2a: Clefable|100/100
|
|-end|p1a: Garganacl|move: Future Sight
|-damage|p1a: Garganacl|0 fnt
|faint|p1a: Garganacl
|-damage|p2a: Clefable|88/100|[from] Salt Cure
|upkeep
|inactive|rellooooooooo has 120 seconds left.
|
|t:|1760394269
|switch|p1a: Ogerpon|Ogerpon-Wellspring, F|100/100
|turn|21
|
|t:|1760394292
|move|p1a: Ogerpon|Swords Dance|p1a: Ogerpon
|-boost|p1a: Ogerpon|atk|2
|move|p2a: Clefable|Future Sight|p1a: Ogerpon
|-start|p2a: Clefable|move: Future Sight
|
|-heal|p2a: Clefable|94/100|[from] item: Leftovers
|-damage|p2a: Clefable|82/100|[from] Salt Cure
|upkeep
|turn|22
|inactive|rellooooooooo has 120 seconds left.
|
|t:|1760394308
|move|p1a: Ogerpon|Swords Dance|p1a: Ogerpon
|-boost|p1a: Ogerpon|atk|2
|move|p2a: Clefable|Flamethrower|p1a: Ogerpon
|-damage|p1a: Ogerpon|40/100
|
|-heal|p2a: Clefable|88/100|[from] item: Leftovers
|-damage|p2a: Clefable|75/100|[from] Salt Cure
|upkeep
|turn|23
|
|t:|1760394318
|move|p1a: Ogerpon|Giga Drain|p2a: Clefable
|-damage|p2a: Clefable|65/100
|-heal|p1a: Ogerpon|47/100|[from] drain|[of] p2a: Clefable
|move|p2a: Clefable|Moonlight|p2a: Clefable
|-heal|p2a: Clefable|100/100
|
|-end|p1a: Ogerpon|move: Future Sight
|-damage|p1a: Ogerpon|0 fnt
|faint|p1a: Ogerpon
|-damage|p2a: Clefable|88/100|[from] Salt Cure
|upkeep
|inactive|rellooooooooo has 120 seconds left.
|
|t:|1760394330
|switch|p1a: Glimmora|Glimmora, M|100/100
|turn|24
|
|t:|1760394335
|move|p1a: Glimmora|Light Screen|p1a: Glimmora
|-sidestart|p1: rellooooooooo|move: Light Screen
|move|p2a: Clefable|Future Sight|p1a: Glimmora
|-start|p2a: Clefable|move: Future Sight
|
|-heal|p2a: Clefable|94/100|[from] item: Leftovers
|-damage|p2a: Clefable|82/100|[from] Salt Cure
|upkeep
|turn|25
|
|t:|1760394341
|move|p1a: Glimmora|Spikes|p2a: Clefable
|-sidestart|p2: lalololole|Spikes
|move|p2a: Clefable|Calm Mind|p2a: Clefable
|-boost|p2a: Clefable|spa|1
|-boost|p2a: Clefable|spd|1
|
|-heal|p2a: Clefable|88/100|[from] item: Leftovers
|-damage|p2a: Clefable|75/100|[from] Salt Cure
|upkeep
|turn|26
|inactive|lalololole has 120 seconds left.
|
|t:|1760394391
|move|p1a: Glimmora|Stealth Rock|p2a: Clefable
|-sidestart|p2: lalololole|move: Stealth Rock
|move|p2a: Clefable|Moonlight|p2a: Clefable
|-heal|p2a: Clefable|100/100
|
|-end|p1a: Glimmora|move: Future Sight
|-supereffective|p1a: Glimmora
|-damage|p1a: Glimmora|6/100
|-damage|p2a: Clefable|88/100|[from] Salt Cure
|upkeep
|turn|27
|
|t:|1760394402
|move|p1a: Glimmora|Spikes|p2a: Clefable
|-sidestart|p2: lalololole|Spikes
|move|p2a: Clefable|Future Sight|p1a: Glimmora
|-start|p2a: Clefable|move: Future Sight
|
|-heal|p2a: Clefable|94/100|[from] item: Leftovers
|-damage|p2a: Clefable|82/100|[from] Salt Cure
|upkeep
|turn|28
|
|t:|1760394414
|move|p1a: Glimmora|Spikes|p2a: Clefable
|-sidestart|p2: lalololole|Spikes
|move|p2a: Clefable|Flamethrower|p1a: Glimmora
|-resisted|p1a: Glimmora
|-damage|p1a: Glimmora|0 fnt
|faint|p1a: Glimmora
|
|-heal|p2a: Clefable|88/100|[from] item: Leftovers
|-damage|p2a: Clefable|75/100|[from] Salt Cure
|upkeep
|
|t:|1760394425
|switch|p1a: Smeargle|Smeargle, F, shiny|100/100 par
|turn|29
|
|t:|1760394442
|move|p1a: Smeargle|Ruination|p2a: Clefable
|-damage|p2a: Clefable|38/100
|move|p2a: Clefable|Flamethrower|p1a: Smeargle
|-damage|p1a: Smeargle|25/100 par
|
|-end|p1a: Smeargle|move: Future Sight
|-damage|p1a: Smeargle|0 fnt
|faint|p1a: Smeargle
|-heal|p2a: Clefable|44/100|[from] item: Leftovers
|-damage|p2a: Clefable|32/100|[from] Salt Cure
|upkeep
|inactive|rellooooooooo has 120 seconds left.
|
|t:|1760394464
|switch|p1a: Ceruledge|Ceruledge, M|100/100
|turn|30
|inactive|rellooooooooo has 120 seconds left.
|
|t:|1760394476
|move|p1a: Ceruledge|Bulk Up|p1a: Ceruledge
|-boost|p1a: Ceruledge|atk|1
|-boost|p1a: Ceruledge|def|1
|move|p2a: Clefable|Moonlight|p2a: Clefable
|-heal|p2a: Clefable|82/100
|
|-heal|p2a: Clefable|88/100|[from] item: Leftovers
|-damage|p2a: Clefable|75/100|[from] Salt Cure
|upkeep
|turn|31
|inactive|rellooooooooo has 120 seconds left.
|
|t:|1760394486
|move|p1a: Ceruledge|Bulk Up|p1a: Ceruledge
|-boost|p1a: Ceruledge|atk|1
|-boost|p1a: Ceruledge|def|1
|move|p2a: Clefable|Future Sight|p1a: Ceruledge
|-start|p2a: Clefable|move: Future Sight
|
|-heal|p2a: Clefable|81/100|[from] item: Leftovers
|-damage|p2a: Clefable|69/100|[from] Salt Cure
|-sideend|p1: rellooooooooo|move: Light Screen
|upkeep
|turn|32
|inactive|rellooooooooo has 120 seconds left.
|
|t:|1760394503
|move|p1a: Ceruledge|Bulk Up|p1a: Ceruledge
|-boost|p1a: Ceruledge|atk|1
|-boost|p1a: Ceruledge|def|1
|move|p2a: Clefable|Flamethrower|p1a: Ceruledge
|-start|p1a: Ceruledge|ability: Flash Fire
|
|-heal|p2a: Clefable|75/100|[from] item: Leftovers
|-damage|p2a: Clefable|63/100|[from] Salt Cure
|upkeep
|turn|33
|inactive|rellooooooooo has 120 seconds left.
|
|t:|1760394519
|-terastallize|p1a: Ceruledge|Fire
|move|p1a: Ceruledge|Bitter Blade|p2a: Clefable
|-damage|p2a: Clefable|0 fnt
|faint|p2a: Clefable
|
|-end|p1a: Ceruledge|move: Future Sight
|-damage|p1a: Ceruledge|57/100
|upkeep
|
|t:|1760394528
|switch|p2a: Empoleon|Empoleon, F|100/100
|-activate|p2a: Empoleon|move: Sticky Web
|-unboost|p2a: Empoleon|spe|1
|-ability|p2a: Empoleon|Competitive|boost
|-boost|p2a: Empoleon|spa|2
|-damage|p2a: Empoleon|75/100|[from] Spikes
|-damage|p2a: Empoleon|69/100|[from] Stealth Rock
|turn|34
|inactive|rellooooooooo has 120 seconds left.
|
|t:|1760394568
|-terastallize|p2a: Empoleon|Flying
|move|p1a: Ceruledge|Bitter Blade|p2a: Empoleon
|-damage|p2a: Empoleon|0 fnt
|-heal|p1a: Ceruledge|100/100|[from] drain|[of] p2a: Empoleon
|faint|p2a: Empoleon
|
|upkeep
|
|t:|1760394585
|switch|p2a: Garchomp|Garchomp, F|100/100
|-activate|p2a: Garchomp|move: Sticky Web
|-unboost|p2a: Garchomp|spe|1
|-damage|p2a: Garchomp|76/100|[from] Spikes
|-damage|p2a: Garchomp|69/100|[from] Stealth Rock
|turn|35
|
|t:|1760394604
|move|p1a: Ceruledge|Bitter Blade|p2a: Garchomp
|-resisted|p2a: Garchomp
|-damage|p2a: Garchomp|0 fnt
|-damage|p1a: Ceruledge|88/100|[from] ability: Rough Skin|[of] p2a: Garchomp
|-damage|p1a: Ceruledge|72/100|[from] item: Rocky Helmet|[of] p2a: Garchomp
|faint|p2a: Garchomp
|
|win|rellooooooooo
|raw|rellooooooooo's rating: 1078 &rarr; <strong>1108</strong><br />(+30 for winning)
|raw|lalololole's rating: 1105 &rarr; <strong>1078</strong><br />(-27 for losing)
|l|☆lalololole
|player|p2|
|l|☆rellooooooooo
|player|p1|
