|j|☆thebacchusbraviary
|j|☆skibidisksk
|t:|1760309852
|gametype|singles
|player|p1|thebacchusbraviary|winona|1483
|player|p2|skibidisksk|101|1511
|gen|9
|tier|[Gen 9] OU
|rated|
|rule|HP Percentage Mod: HP is shown in percentages
|rule|Endless Battle Clause: Forcing endless battles is banned
|rule|Species Clause: Limit one of each Pokémon
|rule|OHKO Clause: OHKO moves are banned
|rule|Evasion Items Clause: Evasion items are banned
|rule|Evasion Moves Clause: Evasion moves are banned
|rule|Evasion Abilities Clause: Evasion abilities are banned
|rule|Sleep Moves Clause: Sleep-inducing moves are banned
|clearpoke
|poke|p1|Braviary, M|
|poke|p1|Tyranitar, M|
|poke|p1|Regice|
|poke|p1|Greninja-*, M|
|poke|p1|Arcanine-Hisui, M|
|poke|p1|Thundurus-Therian, M|
|poke|p2|Raging Bolt|
|poke|p2|Dragonite, F|
|poke|p2|Iron Valiant|
|poke|p2|Iron Moth|
|poke|p2|Landorus-Therian, M|
|poke|p2|Darkrai|
|teampreview
|inactive|Battle timer is ON: inactive players will automatically lose when time's up. (requested by thebacchusbraviary)
|
|t:|1760309862
|teamsize|p1|6
|teamsize|p2|6
|start
|switch|p1a: Braviary|Braviary, M|100/100
|switch|p2a: Landorus|Landorus-Therian, M|100/100
|-ability|p2a: Landorus|Intimidate|boost
|-unboost|p1a: Braviary|atk|1
|-ability|p1a: Braviary|Defiant|boost
|-boost|p1a: Braviary|atk|2
|turn|1
|inactive|skibidisksk also wants the timer to be on.
|
|t:|1760309871
|-terastallize|p1a: Braviary|Flying
|move|p1a: Braviary|Brave Bird|p2a: Landorus
|-enditem|p2a: Landorus|Focus Sash
|-damage|p2a: Landorus|1/100
|-damage|p1a: Braviary|70/100|[from] Recoil
|move|p2a: Landorus|Stone Edge|p1a: Braviary|[miss]
|-miss|p2a: Landorus|p1a: Braviary
|
|upkeep
|turn|2
|
|t:|1760309882
|move|p1a: Braviary|Brave Bird|p2a: Landorus
|-damage|p2a: Landorus|0 fnt
|faint|p2a: Landorus
|-damage|p1a: Braviary|69/100|[from] Recoil
|
|upkeep
|
|t:|1760309895
|switch|p2a: Raging Bolt|Raging Bolt|100/100
|-enditem|p2a: Raging Bolt|Booster Energy
|-activate|p2a: Raging Bolt|ability: Protosynthesis|[fromitem]
|-start|p2a: Raging Bolt|protosynthesisspa
|turn|3
|
|t:|1760309903
|switch|p1a: Tyranitar|Tyranitar, M|100/100
|-weather|Sandstorm|[from] ability: Sand Stream|[of] p1a: Tyranitar
|move|p2a: Raging Bolt|Calm Mind|p2a: Raging Bolt
|-boost|p2a: Raging Bolt|spa|1
|-boost|p2a: Raging Bolt|spd|1
|
|-weather|Sandstorm|[upkeep]
|-damage|p2a: Raging Bolt|94/100|[from] Sandstorm
|upkeep
|turn|4
|
|t:|1760309911
|move|p2a: Raging Bolt|Thunderbolt|p1a: Tyranitar
|-damage|p1a: Tyranitar|67/100
|move|p1a: Tyranitar|Earthquake|p2a: Raging Bolt
|-supereffective|p2a: Raging Bolt
|-damage|p2a: Raging Bolt|15/100
|
|-weather|Sandstorm|[upkeep]
|-damage|p2a: Raging Bolt|9/100|[from] Sandstorm
|upkeep
|turn|5
|
|t:|1760309922
|move|p2a: Raging Bolt|Thunderbolt|p1a: Tyranitar
|-damage|p1a: Tyranitar|31/100
|move|p1a: Tyranitar|Knock Off|p2a: Raging Bolt
|-damage|p2a: Raging Bolt|0 fnt
|faint|p2a: Raging Bolt
|-end|p2a: Raging Bolt|Protosynthesis|[silent]
|
|-weather|Sandstorm|[upkeep]
|upkeep
|
|t:|1760309930
|switch|p2a: Dragonite|Dragonite, F|100/100
|turn|6
|
|t:|1760309938
|move|p2a: Dragonite|Earthquake|p1a: Tyranitar
|-supereffective|p1a: Tyranitar
|-crit|p1a: Tyranitar
|-damage|p1a: Tyranitar|0 fnt
|faint|p1a: Tyranitar
|
|-weather|Sandstorm|[upkeep]
|-damage|p2a: Dragonite|94/100|[from] Sandstorm
|upkeep
|
|t:|1760309944
|switch|p1a: Regice|Regice|100/100
|turn|7
|
|t:|1760309952
|switch|p2a: Iron Moth|Iron Moth|100/100
|-enditem|p2a: Iron Moth|Booster Energy
|-activate|p2a: Iron Moth|ability: Quark Drive|[fromitem]
|-start|p2a: Iron Moth|quarkdrivespe
|move|p1a: Regice|Ice Beam|p2a: Iron Moth
|-resisted|p2a: Iron Moth
|-damage|p2a: Iron Moth|85/100
|
|-weather|none
|upkeep
|turn|8
|
|t:|1760309964
|move|p2a: Iron Moth|Psychic|p1a: Regice
|-damage|p1a: Regice|83/100
|move|p1a: Regice|Thunder Wave|p2a: Iron Moth
|-status|p2a: Iron Moth|par
|
|-heal|p1a: Regice|90/100|[from] item: Leftovers
|upkeep
|turn|9
|
|t:|1760309973
|-end|p2a: Iron Moth|Quark Drive|[silent]
|switch|p2a: Darkrai|Darkrai|100/100
|switch|p1a: Arcanine|Arcanine-Hisui, M|100/100
|-item|p1a: Arcanine|Air Balloon
|
|upkeep
|turn|10
|
|t:|1760309982
|move|p2a: Darkrai|Focus Blast|p1a: Arcanine|[miss]
|-miss|p2a: Darkrai|p1a: Arcanine
|move|p1a: Arcanine|Close Combat|p2a: Darkrai
|-supereffective|p2a: Darkrai
|-damage|p2a: Darkrai|3/100
|-unboost|p1a: Arcanine|def|1
|-unboost|p1a: Arcanine|spd|1
|
|upkeep
|turn|11
|
|t:|1760309993
|-terastallize|p2a: Darkrai|Ghost
|move|p1a: Arcanine|Extreme Speed|p2a: Darkrai
|-immune|p2a: Darkrai
|move|p2a: Darkrai|Dark Pulse|p1a: Arcanine
|-damage|p1a: Arcanine|0 fnt
|-enditem|p1a: Arcanine|Air Balloon
|faint|p1a: Arcanine
|-damage|p2a: Darkrai|0 fnt|[from] item: Life Orb
|faint|p2a: Darkrai
|
|upkeep
|
|t:|1760310004
|switch|p2a: Iron Valiant|Iron Valiant|100/100
|switch|p1a: Braviary|Braviary, M, tera:Flying|69/100
|-enditem|p2a: Iron Valiant|Booster Energy
|-activate|p2a: Iron Valiant|ability: Quark Drive|[fromitem]
|-start|p2a: Iron Valiant|quarkdrivespe
|turn|12
|
|t:|1760310012
|switch|p1a: Regice|Regice|90/100
|move|p2a: Iron Valiant|Thunderbolt|p1a: Regice
|-damage|p1a: Regice|75/100
|
|-heal|p1a: Regice|82/100|[from] item: Leftovers
|upkeep
|turn|13
|
|t:|1760310021
|-end|p2a: Iron Valiant|Quark Drive|[silent]
|switch|p2a: Iron Moth|Iron Moth|85/100 par
|move|p1a: Regice|Thunder Wave|p2a: Iron Moth
|-fail|p2a: Iron Moth|par
|
|-heal|p1a: Regice|88/100|[from] item: Leftovers
|upkeep
|turn|14
|
|t:|1760310029
|switch|p1a: Greninja|Greninja, M|100/100
|move|p2a: Iron Moth|Substitute|p2a: Iron Moth
|-start|p2a: Iron Moth|Substitute
|-damage|p2a: Iron Moth|60/100 par
|
|upkeep
|turn|15
|
|t:|1760310038
|move|p1a: Greninja|Water Shuriken|p2a: Iron Moth
|-supereffective|p2a: Iron Moth
|-crit|p2a: Iron Moth
|-activate|p2a: Iron Moth|move: Substitute|[damage]
|-supereffective|p2a: Iron Moth
|-end|p2a: Iron Moth|Substitute
|-supereffective|p2a: Iron Moth
|-damage|p2a: Iron Moth|47/100 par
|-supereffective|p2a: Iron Moth
|-damage|p2a: Iron Moth|32/100 par
|-supereffective|p2a: Iron Moth
|-damage|p2a: Iron Moth|18/100 par
|-hitcount|p2a: Iron Moth|5
|cant|p2a: Iron Moth|par
|
|upkeep
|turn|16
|
|t:|1760310050
|-end|p2a: Iron Moth|Quark Drive|[silent]
|switch|p2a: Dragonite|Dragonite, F|94/100
|move|p1a: Greninja|Water Shuriken|p2a: Dragonite
|-resisted|p2a: Dragonite
|-damage|p2a: Dragonite|91/100
|-resisted|p2a: Dragonite
|-damage|p2a: Dragonite|87/100
|-resisted|p2a: Dragonite
|-damage|p2a: Dragonite|83/100
|-resisted|p2a: Dragonite
|-damage|p2a: Dragonite|79/100
|-hitcount|p2a: Dragonite|4
|
|upkeep
|turn|17
|
|t:|1760310059
|switch|p2a: Iron Valiant|Iron Valiant|100/100
|move|p1a: Greninja|Ice Beam|p2a: Iron Valiant
|-damage|p2a: Iron Valiant|53/100
|-status|p2a: Iron Valiant|frz
|
|upkeep
|turn|18
|
|t:|1760310068
|-end|p2a: Iron Valiant|Quark Drive|[silent]
|switch|p2a: Iron Moth|Iron Moth|18/100 par
|move|p1a: Greninja|Sludge Wave|p2a: Iron Moth
|-resisted|p2a: Iron Moth
|-damage|p2a: Iron Moth|4/100 par
|
|upkeep
|turn|19
|
|t:|1760310076
|-end|p2a: Iron Moth|Quark Drive|[silent]
|switch|p2a: Iron Valiant|Iron Valiant|53/100 frz
|move|p1a: Greninja|Water Shuriken|p2a: Iron Valiant
|-damage|p2a: Iron Valiant|41/100 frz
|-damage|p2a: Iron Valiant|29/100 frz
|-damage|p2a: Iron Valiant|17/100 frz
|-damage|p2a: Iron Valiant|6/100 frz
|-damage|p2a: Iron Valiant|0 fnt
|faint|p2a: Iron Valiant
|-end|p2a: Iron Valiant|Quark Drive|[silent]
|-ability|p1a: Greninja|Battle Bond|boost
|-boost|p1a: Greninja|atk|1
|-boost|p1a: Greninja|spa|1
|-boost|p1a: Greninja|spe|1
|-activate|p1a: Greninja|ability: Battle Bond
|-hitcount|p2: Iron Valiant|5
|
|upkeep
|
|t:|1760310084
|switch|p2a: Dragonite|Dragonite, F|79/100
|turn|20
|
|t:|1760310092
|move|p2a: Dragonite|Extreme Speed|p1a: Greninja
|-damage|p1a: Greninja|54/100
|move|p1a: Greninja|Ice Beam|p2a: Dragonite
|-supereffective|p2a: Dragonite
|-damage|p2a: Dragonite|0 fnt
|faint|p2a: Dragonite
|
|upkeep
|
|t:|1760310097
|switch|p2a: Iron Moth|Iron Moth|4/100 par
|turn|21
|
|t:|1760310100
|move|p1a: Greninja|Water Shuriken|p2a: Iron Moth
|-supereffective|p2a: Iron Moth
|-damage|p2a: Iron Moth|0 fnt
|faint|p2a: Iron Moth
|-end|p2a: Iron Moth|Quark Drive|[silent]
|-hitcount|p2: Iron Moth|1
|
|win|thebacchusbraviary
|raw|thebacchusbraviary's rating: 1483 &rarr; <strong>1505</strong><br />(+22 for winning)
|raw|skibidisksk's rating: 1511 &rarr; <strong>1489</strong><br />(-22 for losing)
|l|☆skibidisksk
|player|p2|
|l|☆thebacchusbraviary
|player|p1|
