|j|‽poketrep
|j|☆NormalDude1989
|t:|1760457818
|gametype|singles
|player|p1|poketrep|swimmerf|1596
|player|p2|NormalDude1989|emmet|1712
|gen|9
|tier|[Gen 9] OU
|rated|
|rule|HP Percentage Mod: HP is shown in percentages
|rule|Endless Battle Clause: Forcing endless battles is banned
|rule|Species Clause: Limit one of each Pokémon
|rule|OHKO Clause: OHKO moves are banned
|rule|Evasion Items Clause: Evasion items are banned
|rule|Evasion Moves Clause: Evasion moves are banned
|rule|Evasion Abilities Clause: Evasion abilities are banned
|rule|Sleep Moves Clause: Sleep-inducing moves are banned
|clearpoke
|poke|p1|Heatran, F|
|poke|p1|Mandibuzz, F|
|poke|p1|Iron Moth|
|poke|p1|Latios, M|
|poke|p1|Conkeldurr, M|
|poke|p1|Garchomp, F|
|poke|p2|Kingambit, M|
|poke|p2|Iron Crown|
|poke|p2|Cinderace, M|
|poke|p2|Great Tusk|
|poke|p2|Latios, M|
|poke|p2|Zapdos|
|teampreview
|
|t:|1760457848
|teamsize|p1|6
|teamsize|p2|6
|start
|switch|p1a: Conkeldurr|Conkeldurr, M|100/100
|switch|p2a: Ptolemy|Iron Crown|100/100
|turn|1
|
|t:|1760457853
|switch|p1a: Heatran|Heatran, F|100/100
|move|p2a: Ptolemy|Future Sight|p1a: Heatran
|-start|p2a: Ptolemy|move: Future Sight
|
|upkeep
|turn|2
|
|t:|1760457857
|-terastallize|p2a: Ptolemy|Fighting
|move|p2a: Ptolemy|Focus Blast|p1a: Heatran
|-supereffective|p1a: Heatran
|-damage|p1a: Heatran|20/100
|move|p1a: Heatran|Magma Storm|p2a: Ptolemy
|-damage|p2a: Ptolemy|70/100
|-activate|p2a: Ptolemy|move: Magma Storm|[of] p1a: Heatran
|
|-heal|p1a: Heatran|27/100|[from] item: Leftovers
|-damage|p2a: Ptolemy|58/100|[from] move: Magma Storm|[partiallytrapped]
|upkeep
|turn|3
|
|t:|1760457868
|move|p2a: Ptolemy|Volt Switch|p1a: Heatran
|-damage|p1a: Heatran|11/100
|
|t:|1760457873
|-end|p2a: Ptolemy|Quark Drive|[silent]
|switch|p2a: Bionic Bunny|Cinderace, M|100/100|[from] Volt Switch
|move|p1a: Heatran|Magma Storm|p2a: Bionic Bunny
|-resisted|p2a: Bionic Bunny
|-damage|p2a: Bionic Bunny|69/100
|-activate|p2a: Bionic Bunny|move: Magma Storm|[of] p1a: Heatran
|
|-end|p1a: Heatran|move: Future Sight
|-resisted|p1a: Heatran
|-damage|p1a: Heatran|0 fnt
|faint|p1a: Heatran
|-end|p2a: Bionic Bunny|Magma Storm|[partiallytrapped]|[silent]
|upkeep
|
|t:|1760457883
|switch|p1a: Garchomp|Garchomp, F|100/100
|turn|4
|
|t:|1760457890
|switch|p2a: Ivan|Great Tusk|100/100
|move|p1a: Garchomp|Earthquake|p2a: Ivan
|-damage|p2a: Ivan|69/100
|
|-heal|p2a: Ivan|75/100|[from] item: Leftovers
|upkeep
|turn|5
|
|t:|1760457895
|move|p2a: Ivan|Bulk Up|p2a: Ivan
|-boost|p2a: Ivan|atk|1
|-boost|p2a: Ivan|def|1
|move|p1a: Garchomp|Earthquake|p2a: Ivan
|-damage|p2a: Ivan|54/100
|
|-heal|p2a: Ivan|60/100|[from] item: Leftovers
|upkeep
|turn|6
|
|t:|1760457902
|-terastallize|p1a: Garchomp|Water
|move|p2a: Ivan|Headlong Rush|p1a: Garchomp
|-damage|p1a: Garchomp|44/100
|-unboost|p2a: Ivan|def|1
|-unboost|p2a: Ivan|spd|1
|-damage|p2a: Ivan|47/100|[from] ability: Rough Skin|[of] p1a: Garchomp
|-damage|p2a: Ivan|31/100|[from] item: Rocky Helmet|[of] p1a: Garchomp
|move|p1a: Garchomp|Dragon Tail|p2a: Ivan|[miss]
|-miss|p1a: Garchomp|p2a: Ivan
|
|-heal|p2a: Ivan|37/100|[from] item: Leftovers
|upkeep
|turn|7
|
|t:|1760457913
|switch|p1a: Mandibuzz|Mandibuzz, F|100/100
|move|p2a: Ivan|Headlong Rush|p1a: Mandibuzz
|-immune|p1a: Mandibuzz
|
|-heal|p2a: Ivan|43/100|[from] item: Leftovers
|upkeep
|turn|8
|
|t:|1760457918
|-end|p2a: Ivan|Protosynthesis|[silent]
|switch|p2a: Ptolemy|Iron Crown, tera:Fighting|58/100
|move|p1a: Mandibuzz|Foul Play|p2a: Ptolemy
|-resisted|p2a: Ptolemy
|-damage|p2a: Ptolemy|46/100
|
|upkeep
|turn|9
|
|t:|1760457922
|move|p2a: Ptolemy|Future Sight|p1a: Mandibuzz
|-start|p2a: Ptolemy|move: Future Sight
|move|p1a: Mandibuzz|U-turn|p2a: Ptolemy
|-resisted|p2a: Ptolemy
|-damage|p2a: Ptolemy|40/100
|
|t:|1760457925
|switch|p1a: Latios|Latios, M|100/100|[from] U-turn
|
|upkeep
|turn|10
|
|t:|1760457930
|-end|p2a: Ptolemy|Quark Drive|[silent]
|switch|p2a: Muramasa|Kingambit, M|100/100
|move|p1a: Latios|Draco Meteor|p2a: Muramasa
|-resisted|p2a: Muramasa
|-damage|p2a: Muramasa|53/100
|-unboost|p1a: Latios|spa|2
|
|-heal|p2a: Muramasa|59/100|[from] item: Leftovers
|upkeep
|turn|11
|
|t:|1760457937
|switch|p1a: Mandibuzz|Mandibuzz, F|100/100
|-end|p2a: Muramasa|fallenundefined|[silent]
|switch|p2a: Morpho|Zapdos|100/100
|
|-end|p1a: Mandibuzz|move: Future Sight
|-immune|p1a: Mandibuzz
|upkeep
|turn|12
|
|t:|1760457941
|switch|p1a: Conkeldurr|Conkeldurr, M|100/100
|move|p2a: Morpho|Discharge|p1a: Conkeldurr
|-damage|p1a: Conkeldurr|75/100
|
|upkeep
|turn|13
|
|t:|1760457946
|switch|p1a: Latios|Latios, M|100/100
|move|p2a: Morpho|Hurricane|p1a: Latios
|-damage|p1a: Latios|54/100
|
|upkeep
|turn|14
|
|t:|1760457953
|switch|p2a: Muramasa|Kingambit, M|59/100
|move|p1a: Latios|Draco Meteor|p2a: Muramasa|[miss]
|-miss|p1a: Latios|p2a: Muramasa
|
|-heal|p2a: Muramasa|65/100|[from] item: Leftovers
|upkeep
|turn|15
|
|t:|1760457959
|switch|p1a: Garchomp|Garchomp, F, tera:Water|44/100
|-end|p2a: Muramasa|fallenundefined|[silent]
|switch|p2a: Morpho|Zapdos|100/100
|
|upkeep
|turn|16
|
|t:|1760457962
|switch|p1a: Latios|Latios, M|54/100
|move|p2a: Morpho|Discharge|p1a: Latios
|-resisted|p1a: Latios
|-damage|p1a: Latios|37/100
|-status|p1a: Latios|par
|
|upkeep
|turn|17
|
|t:|1760457967
|move|p2a: Morpho|Volt Switch|p1a: Latios
|-resisted|p1a: Latios
|-damage|p1a: Latios|22/100 par
|
|t:|1760457970
|switch|p2a: Muramasa|Kingambit, M|65/100|[from] Volt Switch
|move|p1a: Latios|Aura Sphere|p2a: Muramasa
|-supereffective|p2a: Muramasa
|-damage|p2a: Muramasa|0 fnt
|faint|p2a: Muramasa
|-end|p2a: Muramasa|fallenundefined|[silent]
|
|upkeep
|
|t:|1760457978
|switch|p2a: Morpho|Zapdos|100/100
|turn|18
|
|t:|1760457984
|move|p2a: Morpho|Hurricane|p1a: Latios
|-damage|p1a: Latios|0 fnt
|faint|p1a: Latios
|
|upkeep
|
|t:|1760457993
|switch|p1a: Conkeldurr|Conkeldurr, M|75/100
|turn|19
|
|t:|1760457995
|move|p2a: Morpho|Hurricane|p1a: Conkeldurr
|-supereffective|p1a: Conkeldurr
|-damage|p1a: Conkeldurr|2/100
|move|p1a: Conkeldurr|Ice Punch|p2a: Morpho
|-supereffective|p2a: Morpho
|-damage|p2a: Morpho|57/100
|-status|p2a: Morpho|frz
|-damage|p1a: Conkeldurr|0 fnt|[from] item: Rocky Helmet|[of] p2a: Morpho
|faint|p1a: Conkeldurr
|
|upkeep
|
|t:|1760458002
|switch|p1a: Iron Moth|Iron Moth|100/100
|turn|20
|
|t:|1760458009
|switch|p2a: Azure|Latios, M|100/100
|move|p1a: Iron Moth|Fiery Dance|p2a: Azure
|-resisted|p2a: Azure
|-damage|p2a: Azure|77/100
|
|upkeep
|turn|21
|
|t:|1760458013
|-end|p1a: Iron Moth|Quark Drive|[silent]
|switch|p1a: Mandibuzz|Mandibuzz, F|100/100
|move|p2a: Azure|Luster Purge|p1a: Mandibuzz
|-immune|p1a: Mandibuzz
|
|upkeep
|turn|22
|
|t:|1760458016
|switch|p2a: Morpho|Zapdos|57/100 frz
|move|p1a: Mandibuzz|U-turn|p2a: Morpho
|-resisted|p2a: Morpho
|-damage|p2a: Morpho|53/100 frz
|-damage|p1a: Mandibuzz|84/100|[from] item: Rocky Helmet|[of] p2a: Morpho
|-status|p1a: Mandibuzz|par|[from] ability: Static|[of] p2a: Morpho
|
|t:|1760458019
|switch|p1a: Iron Moth|Iron Moth|100/100|[from] U-turn
|
|upkeep
|turn|23
|
|t:|1760458021
|switch|p2a: Azure|Latios, M|77/100
|move|p1a: Iron Moth|Fiery Dance|p2a: Azure
|-resisted|p2a: Azure
|-damage|p2a: Azure|54/100
|
|upkeep
|turn|24
|
|t:|1760458042
|-end|p1a: Iron Moth|Quark Drive|[silent]
|switch|p1a: Mandibuzz|Mandibuzz, F|84/100 par
|move|p2a: Azure|Draco Meteor|p1a: Mandibuzz
|-damage|p1a: Mandibuzz|30/100 par
|-unboost|p2a: Azure|spa|2
|
|upkeep
|turn|25
|
|t:|1760458049
|move|p2a: Azure|Draco Meteor|p1a: Mandibuzz
|-damage|p1a: Mandibuzz|4/100 par
|-unboost|p2a: Azure|spa|2
|move|p1a: Mandibuzz|Roost|p1a: Mandibuzz
|-heal|p1a: Mandibuzz|54/100 par
|-singleturn|p1a: Mandibuzz|move: Roost
|
|upkeep
|turn|26
|
|t:|1760458057
|switch|p2a: Morpho|Zapdos|53/100 frz
|cant|p1a: Mandibuzz|par
|
|upkeep
|turn|27
|
|t:|1760458064
|cant|p2a: Morpho|frz
|move|p1a: Mandibuzz|Roost|p1a: Mandibuzz
|-heal|p1a: Mandibuzz|100/100 par
|-singleturn|p1a: Mandibuzz|move: Roost
|
|upkeep
|turn|28
|
|t:|1760458067
|-curestatus|p2a: Morpho|frz|[msg]
|move|p2a: Morpho|Roost|p2a: Morpho
|-heal|p2a: Morpho|100/100
|-singleturn|p2a: Morpho|move: Roost
|move|p1a: Mandibuzz|U-turn|p2a: Morpho
|-damage|p2a: Morpho|92/100
|-damage|p1a: Mandibuzz|84/100 par|[from] item: Rocky Helmet|[of] p2a: Morpho
|
|t:|1760458079
|switch|p1a: Iron Moth|Iron Moth|100/100|[from] U-turn
|
|upkeep
|turn|29
|
|t:|1760458082
|switch|p2a: Azure|Latios, M|54/100
|move|p1a: Iron Moth|Fiery Dance|p2a: Azure
|-resisted|p2a: Azure
|-damage|p2a: Azure|32/100
|
|upkeep
|turn|30
|
|t:|1760458090
|move|p2a: Azure|Trick|p1a: Iron Moth
|-activate|p2a: Azure|move: Trick|[of] p1a: Iron Moth
|-item|p1a: Iron Moth|Choice Scarf|[from] move: Trick
|-item|p2a: Azure|Choice Scarf|[from] move: Trick
|move|p1a: Iron Moth|Fiery Dance|p2a: Azure
|-resisted|p2a: Azure
|-damage|p2a: Azure|7/100
|
|upkeep
|turn|31
|
|t:|1760458097
|move|p1a: Iron Moth|Fiery Dance|p2a: Azure
|-resisted|p2a: Azure
|-damage|p2a: Azure|0 fnt
|faint|p2a: Azure
|
|upkeep
|
|t:|1760458107
|switch|p2a: Bionic Bunny|Cinderace, M|69/100
|turn|32
|
|t:|1760458116
|move|p1a: Iron Moth|Fiery Dance|p2a: Bionic Bunny
|-resisted|p2a: Bionic Bunny
|-damage|p2a: Bionic Bunny|35/100
|-boost|p1a: Iron Moth|spa|1
|move|p2a: Bionic Bunny|Pyro Ball|p1a: Iron Moth
|-resisted|p1a: Iron Moth
|-damage|p1a: Iron Moth|55/100
|
|upkeep
|turn|33
|
|t:|1760458125
|move|p2a: Bionic Bunny|Sucker Punch|p1a: Iron Moth
|-start|p2a: Bionic Bunny|typechange|Dark|[from] ability: Libero
|-damage|p1a: Iron Moth|0 fnt
|faint|p1a: Iron Moth
|-end|p1a: Iron Moth|Quark Drive|[silent]
|
|upkeep
|inactive|Battle timer is ON: inactive players will automatically lose when time's up. (requested by NormalDude1989)
|inactive|poketrep has 120 seconds left.
|inactive|poketrep has 90 seconds left.
|inactive|poketrep has 60 seconds left.
|inactive|poketrep has 30 seconds left.
|inactive|poketrep has 20 seconds left.
|inactive|poketrep has 15 seconds left.
|inactive|poketrep has 10 seconds left.
|inactive|poketrep has 5 seconds left.
|-message|poketrep lost due to inactivity.
|
|win|NormalDude1989
|raw|poketrep's rating: 1572 &rarr; <strong>1560</strong><br />(-12 for losing)
|raw|NormalDude1989's rating: 1712 &rarr; <strong>1724</strong><br />(+12 for winning)
|l|☆NormalDude1989
|player|p2|
|l|‽poketrep
|player|p1|
