|j|☆Juniper xx
|j|☆Dizzydwarf99
|t:|1760380938
|gametype|singles
|player|p1|Juniper xx|lady-gen4|1587
|player|p2|Dizzydwarf99|cheryl|1607
|gen|9
|tier|[Gen 9] OU
|rated|
|rule|HP Percentage Mod: HP is shown in percentages
|rule|Endless Battle Clause: Forcing endless battles is banned
|rule|Species Clause: Limit one of each Pokémon
|rule|OHKO Clause: OHKO moves are banned
|rule|Evasion Items Clause: Evasion items are banned
|rule|Evasion Moves Clause: Evasion moves are banned
|rule|Evasion Abilities Clause: Evasion abilities are banned
|rule|Sleep Moves Clause: Sleep-inducing moves are banned
|clearpoke
|poke|p1|Iron Moth|
|poke|p1|Slowking-Galar, F|
|poke|p1|Corviknight, F|
|poke|p1|Cinderace, F|
|poke|p1|Landorus-Therian, M|
|poke|p1|Kyurem|
|poke|p2|Tauros-Paldea-Blaze, M|
|poke|p2|Alomomola, M|
|poke|p2|Rillaboom, M|
|poke|p2|Enamorus, F|
|poke|p2|Weezing-Galar, M|
|poke|p2|Ting-Lu|
|teampreview
|inactive|Battle timer is ON: inactive players will automatically lose when time's up. (requested by Dizzydwarf99)
|
|t:|1760380956
|teamsize|p1|6
|teamsize|p2|6
|start
|switch|p1a: Landorus|Landorus-Therian, M|100/100
|switch|p2a: Alomomola|Alomomola, M|100/100
|-ability|p1a: Landorus|Intimidate|boost
|-unboost|p2a: Alomomola|atk|1
|turn|1
|
|t:|1760380968
|move|p1a: Landorus|U-turn|p2a: Alomomola
|-crit|p2a: Alomomola
|-damage|p2a: Alomomola|80/100
|
|t:|1760380976
|switch|p1a: Corviknight|Corviknight, F|100/100|[from] U-turn
|-ability|p1a: Corviknight|Pressure
|move|p2a: Alomomola|Scald|p1a: Corviknight
|-damage|p1a: Corviknight|87/100
|-status|p1a: Corviknight|brn
|
|-damage|p1a: Corviknight|80/100 brn|[from] brn
|upkeep
|turn|2
|
|t:|1760380993
|move|p1a: Corviknight|U-turn|p2a: Alomomola
|-damage|p2a: Alomomola|76/100
|
|t:|1760381001
|switch|p1a: Kyurem|Kyurem|100/100|[from] U-turn
|-ability|p1a: Kyurem|Pressure
|move|p2a: Alomomola|Flip Turn|p1a: Kyurem
|-resisted|p1a: Kyurem
|-damage|p1a: Kyurem|95/100
|
|t:|1760381004
|switch|p2a: Tauros|Tauros-Paldea-Blaze, M|100/100|[from] Flip Turn
|-ability|p2a: Tauros|Intimidate|boost
|-unboost|p1a: Kyurem|atk|1
|
|upkeep
|turn|3
|
|t:|1760381017
|switch|p2a: Ting-Lu|Ting-Lu|100/100
|-ability|p2a: Ting-Lu|Vessel of Ruin
|switch|p1a: Landorus|Landorus-Therian, M|100/100
|-ability|p1a: Landorus|Intimidate|boost
|-unboost|p2a: Ting-Lu|atk|1
|
|upkeep
|turn|4
|
|t:|1760381030
|move|p1a: Landorus|U-turn|p2a: Ting-Lu
|-supereffective|p2a: Ting-Lu
|-damage|p2a: Ting-Lu|70/100
|
|t:|1760381034
|switch|p1a: Cinderace|Cinderace, F|100/100|[from] U-turn
|move|p2a: Ting-Lu|Ruination|p1a: Cinderace
|-damage|p1a: Cinderace|50/100
|
|-heal|p2a: Ting-Lu|76/100|[from] item: Leftovers
|upkeep
|turn|5
|
|t:|1760381041
|switch|p2a: Tauros|Tauros-Paldea-Blaze, M|100/100
|-ability|p2a: Tauros|Intimidate|boost
|-unboost|p1a: Cinderace|atk|1
|move|p1a: Cinderace|U-turn|p2a: Tauros
|-start|p1a: Cinderace|typechange|Bug|[from] ability: Libero
|-resisted|p2a: Tauros
|-crit|p2a: Tauros
|-damage|p2a: Tauros|85/100
|
|t:|1760381054
|switch|p1a: Landorus|Landorus-Therian, M|100/100|[from] U-turn
|-ability|p1a: Landorus|Intimidate|boost
|-unboost|p2a: Tauros|atk|1
|
|upkeep
|turn|6
|
|t:|1760381063
|move|p1a: Landorus|Earthquake|p2a: Tauros
|-supereffective|p2a: Tauros
|-damage|p2a: Tauros|0 fnt
|faint|p2a: Tauros
|
|upkeep
|
|t:|1760381072
|switch|p2a: Rillaboom|Rillaboom, M|100/100
|-fieldstart|move: Grassy Terrain|[from] ability: Grassy Surge|[of] p2a: Rillaboom
|turn|7
|
|t:|1760381077
|switch|p1a: Corviknight|Corviknight, F|80/100 brn
|-ability|p1a: Corviknight|Pressure
|move|p2a: Rillaboom|U-turn|p1a: Corviknight
|-resisted|p1a: Corviknight
|-damage|p1a: Corviknight|74/100 brn
|-damage|p2a: Rillaboom|84/100|[from] item: Rocky Helmet|[of] p1a: Corviknight
|
|t:|1760381081
|switch|p2a: Enamorus|Enamorus, F|100/100|[from] U-turn
|
|-damage|p1a: Corviknight|68/100 brn|[from] brn
|upkeep
|turn|8
|
|t:|1760381088
|switch|p2a: Ting-Lu|Ting-Lu|76/100
|-ability|p2a: Ting-Lu|Vessel of Ruin
|switch|p1a: Slowking|Slowking-Galar, F|100/100
|
|-heal|p2a: Ting-Lu|83/100|[from] Grassy Terrain
|-heal|p2a: Ting-Lu|89/100|[from] item: Leftovers
|upkeep
|turn|9
|
|t:|1760381099
|move|p2a: Ting-Lu|Stealth Rock|p1a: Slowking
|-sidestart|p1: Juniper xx|move: Stealth Rock
|move|p1a: Slowking|Future Sight|p2a: Ting-Lu
|-start|p1a: Slowking|move: Future Sight
|
|-heal|p2a: Ting-Lu|95/100|[from] Grassy Terrain
|-heal|p2a: Ting-Lu|100/100|[from] item: Leftovers
|upkeep
|turn|10
|
|t:|1760381106
|-prepare|p1a: Slowking|Chilly Reception|[premajor]
|move|p1a: Slowking|Chilly Reception|p1a: Slowking
|-weather|Snowscape
|
|t:|1760381114
|switch|p1a: Cinderace|Cinderace, F|50/100|[from] Chilly Reception
|move|p2a: Ting-Lu|Whirlwind|p1a: Cinderace
|drag|p1a: Landorus|Landorus-Therian, M|100/100
|-damage|p1a: Landorus|88/100|[from] Stealth Rock
|-ability|p1a: Landorus|Intimidate|boost
|-unboost|p2a: Ting-Lu|atk|1
|
|-weather|Snowscape|[upkeep]
|upkeep
|turn|11
|
|t:|1760381127
|move|p1a: Landorus|U-turn|p2a: Ting-Lu
|-supereffective|p2a: Ting-Lu
|-damage|p2a: Ting-Lu|71/100
|
|t:|1760381130
|switch|p1a: Cinderace|Cinderace, F|50/100|[from] U-turn
|move|p2a: Ting-Lu|Whirlwind|p1a: Cinderace
|drag|p1a: Iron Moth|Iron Moth|100/100
|-damage|p1a: Iron Moth|76/100|[from] Stealth Rock
|-enditem|p1a: Iron Moth|Booster Energy
|-activate|p1a: Iron Moth|ability: Quark Drive|[fromitem]
|-start|p1a: Iron Moth|quarkdrivespe
|
|-weather|Snowscape|[upkeep]
|-end|p2a: Ting-Lu|move: Future Sight
|-immune|p2a: Ting-Lu
|-heal|p1a: Iron Moth|82/100|[from] Grassy Terrain
|-heal|p2a: Ting-Lu|78/100|[from] Grassy Terrain
|-heal|p2a: Ting-Lu|84/100|[from] item: Leftovers
|-fieldend|move: Grassy Terrain
|upkeep
|turn|12
|
|t:|1760381145
|-terastallize|p1a: Iron Moth|Grass
|move|p1a: Iron Moth|Energy Ball|p2a: Ting-Lu
|-supereffective|p2a: Ting-Lu
|-damage|p2a: Ting-Lu|44/100
|move|p2a: Ting-Lu|Ruination|p1a: Iron Moth
|-damage|p1a: Iron Moth|41/100
|
|-weather|Snowscape|[upkeep]
|-heal|p2a: Ting-Lu|50/100|[from] item: Leftovers
|upkeep
|turn|13
|
|t:|1760381156
|switch|p2a: Rillaboom|Rillaboom, M|84/100
|-fieldstart|move: Grassy Terrain|[from] ability: Grassy Surge|[of] p2a: Rillaboom
|move|p1a: Iron Moth|Energy Ball|p2a: Rillaboom
|-resisted|p2a: Rillaboom
|-damage|p2a: Rillaboom|44/100
|
|-weather|Snowscape|[upkeep]
|-heal|p1a: Iron Moth|47/100|[from] Grassy Terrain
|-heal|p2a: Rillaboom|51/100|[from] Grassy Terrain
|upkeep
|turn|14
|
|t:|1760381165
|move|p2a: Rillaboom|Grassy Glide|p1a: Iron Moth
|-resisted|p1a: Iron Moth
|-damage|p1a: Iron Moth|2/100
|move|p1a: Iron Moth|Fiery Dance|p2a: Rillaboom
|-supereffective|p2a: Rillaboom
|-damage|p2a: Rillaboom|0 fnt
|-boost|p1a: Iron Moth|spa|1
|faint|p2a: Rillaboom
|
|-weather|none
|-heal|p1a: Iron Moth|8/100|[from] Grassy Terrain
|upkeep
|
|t:|1760381175
|switch|p2a: Weezing|Weezing-Galar, M|100/100
|-ability|p2a: Weezing|Neutralizing Gas
|turn|15
|
|t:|1760381184
|move|p1a: Iron Moth|Fiery Dance|p2a: Weezing
|-damage|p2a: Weezing|13/100
|move|p2a: Weezing|Sludge Bomb|p1a: Iron Moth
|-supereffective|p1a: Iron Moth
|-damage|p1a: Iron Moth|0 fnt
|faint|p1a: Iron Moth
|-end|p1a: Iron Moth|Quark Drive|[silent]
|
|-heal|p2a: Weezing|19/100|[from] Grassy Terrain
|upkeep
|
|t:|1760381195
|switch|p1a: Cinderace|Cinderace, F|50/100
|turn|16
|
|t:|1760381198
|move|p1a: Cinderace|Court Change|p1a: Cinderace
|-swapsideconditions
|-activate|p1a: Cinderace|move: Court Change
|move|p2a: Weezing|Sludge Bomb|p1a: Cinderace
|-damage|p1a: Cinderace|10/100
|-status|p1a: Cinderace|psn
|
|-heal|p1a: Cinderace|16/100 psn|[from] Grassy Terrain
|-heal|p2a: Weezing|25/100|[from] Grassy Terrain
|-damage|p1a: Cinderace|4/100 psn|[from] psn
|upkeep
|turn|17
|
|t:|1760381210
|-end|p2a: Weezing|ability: Neutralizing Gas
|switch|p2a: Alomomola|Alomomola, M|100/100
|move|p1a: Cinderace|U-turn|p2a: Alomomola
|-start|p1a: Cinderace|typechange|Bug|[from] ability: Libero
|-crit|p2a: Alomomola
|-damage|p2a: Alomomola|71/100
|
|t:|1760381218
|switch|p1a: Slowking|Slowking-Galar, F|100/100|[from] U-turn
|
|-heal|p2a: Alomomola|77/100|[from] Grassy Terrain
|-fieldend|move: Grassy Terrain
|upkeep
|turn|18
|
|t:|1760381223
|move|p2a: Alomomola|Flip Turn|p1a: Slowking
|-damage|p1a: Slowking|83/100
|
|t:|1760381224
|switch|p2a: Ting-Lu|Ting-Lu|50/100|[from] Flip Turn
|-damage|p2a: Ting-Lu|44/100|[from] Stealth Rock
|-ability|p2a: Ting-Lu|Vessel of Ruin
|move|p1a: Slowking|Sludge Bomb|p2a: Ting-Lu
|-resisted|p2a: Ting-Lu
|-damage|p2a: Ting-Lu|37/100
|
|-heal|p2a: Ting-Lu|44/100|[from] item: Leftovers
|-heal|p1a: Slowking|90/100|[from] item: Black Sludge
|upkeep
|turn|19
|
|t:|1760381235
|move|p2a: Ting-Lu|Stealth Rock|p1a: Slowking
|-sidestart|p1: Juniper xx|move: Stealth Rock
|move|p1a: Slowking|Sludge Bomb|p2a: Ting-Lu
|-resisted|p2a: Ting-Lu
|-damage|p2a: Ting-Lu|36/100
|
|-heal|p2a: Ting-Lu|43/100|[from] item: Leftovers
|-heal|p1a: Slowking|96/100|[from] item: Black Sludge
|upkeep
|turn|20
|
|t:|1760381243
|move|p2a: Ting-Lu|Earthquake|p1a: Slowking
|-supereffective|p1a: Slowking
|-damage|p1a: Slowking|18/100
|move|p1a: Slowking|Sludge Bomb|p2a: Ting-Lu
|-resisted|p2a: Ting-Lu
|-damage|p2a: Ting-Lu|36/100
|-status|p2a: Ting-Lu|psn
|
|-heal|p2a: Ting-Lu|42/100 psn|[from] item: Leftovers
|-heal|p1a: Slowking|24/100|[from] item: Black Sludge
|-damage|p2a: Ting-Lu|29/100 psn|[from] psn
|upkeep
|turn|21
|
|t:|1760381259
|switch|p1a: Corviknight|Corviknight, F|68/100 brn
|-damage|p1a: Corviknight|56/100 brn|[from] Stealth Rock
|-ability|p1a: Corviknight|Pressure
|move|p2a: Ting-Lu|Whirlwind|p1a: Corviknight
|drag|p1a: Slowking|Slowking-Galar, F|57/100
|-damage|p1a: Slowking|45/100|[from] Stealth Rock
|
|-heal|p2a: Ting-Lu|36/100 psn|[from] item: Leftovers
|-heal|p1a: Slowking|51/100|[from] item: Black Sludge
|-damage|p2a: Ting-Lu|23/100 psn|[from] psn
|upkeep
|turn|22
|
|t:|1760381273
|switch|p1a: Corviknight|Corviknight, F|56/100 brn
|-damage|p1a: Corviknight|43/100 brn|[from] Stealth Rock
|-ability|p1a: Corviknight|Pressure
|move|p2a: Ting-Lu|Earthquake|p1a: Corviknight
|-immune|p1a: Corviknight
|
|-heal|p2a: Ting-Lu|29/100 psn|[from] item: Leftovers
|-damage|p2a: Ting-Lu|17/100 psn|[from] psn
|-damage|p1a: Corviknight|37/100 brn|[from] brn
|upkeep
|turn|23
|
|t:|1760381284
|move|p2a: Ting-Lu|Ruination|p1a: Corviknight
|-damage|p1a: Corviknight|19/100 brn
|move|p1a: Corviknight|Roost|p1a: Corviknight
|-heal|p1a: Corviknight|69/100 brn
|-singleturn|p1a: Corviknight|move: Roost
|
|-heal|p2a: Ting-Lu|23/100 psn|[from] item: Leftovers
|-damage|p2a: Ting-Lu|11/100 psn|[from] psn
|-damage|p1a: Corviknight|62/100 brn|[from] brn
|upkeep
|turn|24
|
|t:|1760381299
|move|p2a: Ting-Lu|Ruination|p1a: Corviknight
|-damage|p1a: Corviknight|31/100 brn
|move|p1a: Corviknight|Roost|p1a: Corviknight
|-heal|p1a: Corviknight|81/100 brn
|-singleturn|p1a: Corviknight|move: Roost
|
|-heal|p2a: Ting-Lu|17/100 psn|[from] item: Leftovers
|-damage|p2a: Ting-Lu|4/100 psn|[from] psn
|-damage|p1a: Corviknight|75/100 brn|[from] brn
|upkeep
|turn|25
|
|t:|1760381309
|switch|p2a: Alomomola|Alomomola, M|100/100
|move|p1a: Corviknight|Roost|p1a: Corviknight
|-heal|p1a: Corviknight|100/100 brn
|-singleturn|p1a: Corviknight|move: Roost
|
|-damage|p1a: Corviknight|94/100 brn|[from] brn
|upkeep
|turn|26
|
|t:|1760381320
|move|p1a: Corviknight|Iron Defense|p1a: Corviknight
|-boost|p1a: Corviknight|def|2
|move|p2a: Alomomola|Wish|p2a: Alomomola
|
|-damage|p1a: Corviknight|88/100 brn|[from] brn
|upkeep
|turn|27
|
|t:|1760381326
|move|p1a: Corviknight|Iron Defense|p1a: Corviknight
|-boost|p1a: Corviknight|def|2
|move|p2a: Alomomola|Flip Turn|p1a: Corviknight
|-damage|p1a: Corviknight|84/100 brn
|-damage|p2a: Alomomola|84/100|[from] item: Rocky Helmet|[of] p1a: Corviknight
|
|t:|1760381329
|switch|p2a: Ting-Lu|Ting-Lu|4/100 psn|[from] Flip Turn
|-damage|p2a: Ting-Lu|0 fnt|[from] Stealth Rock
|faint|p2a: Ting-Lu
|
|-damage|p1a: Corviknight|78/100 brn|[from] brn
|upkeep
|-message|Dizzydwarf99 forfeited.
|
|win|Juniper xx
|raw|Juniper xx's rating: 1587 &rarr; <strong>1608</strong><br />(+21 for winning)
|raw|Dizzydwarf99's rating: 1607 &rarr; <strong>1586</strong><br />(-21 for losing)
|l|☆Dizzydwarf99
|player|p2|
|l|☆Juniper xx
|player|p1|
