|j|☆TysonTokyo
|j|☆assistantokeye
|t:|1760328124
|gametype|singles
|player|p1|TysonTokyo|170|1123
|player|p2|assistantokeye|102|1192
|gen|9
|tier|[Gen 9] OU
|rated|
|rule|HP Percentage Mod: HP is shown in percentages
|rule|Endless Battle Clause: Forcing endless battles is banned
|rule|Species Clause: Limit one of each Pokémon
|rule|OHKO Clause: OHKO moves are banned
|rule|Evasion Items Clause: Evasion items are banned
|rule|Evasion Moves Clause: Evasion moves are banned
|rule|Evasion Abilities Clause: Evasion abilities are banned
|rule|Sleep Moves Clause: Sleep-inducing moves are banned
|clearpoke
|poke|p1|Heatran, F|
|poke|p1|Dragonite, F|
|poke|p1|Polteageist|
|poke|p1|Quaquaval, F|
|poke|p1|Ting-Lu|
|poke|p1|Hatterene, F|
|poke|p2|Polteageist|
|poke|p2|Espeon, M|
|poke|p2|Gholdengo|
|poke|p2|Mimikyu, F|
|poke|p2|Azumarill, M|
|poke|p2|Gengar, M|
|teampreview
|inactive|Battle timer is ON: inactive players will automatically lose when time's up. (requested by TysonTokyo)
|
|t:|1760328131
|teamsize|p1|6
|teamsize|p2|6
|start
|switch|p1a: Polteageist|Polteageist|100/100
|switch|p2a: Azumarill|Azumarill, M|100/100
|turn|1
|
|t:|1760328135
|move|p1a: Polteageist|Shell Smash|p1a: Polteageist
|-unboost|p1a: Polteageist|def|1
|-unboost|p1a: Polteageist|spd|1
|-boost|p1a: Polteageist|atk|2
|-boost|p1a: Polteageist|spa|2
|-boost|p1a: Polteageist|spe|2
|-enditem|p1a: Polteageist|White Herb
|-clearnegativeboost|p1a: Polteageist|[silent]
|move|p2a: Azumarill|Liquidation|p1a: Polteageist
|-damage|p1a: Polteageist|36/100
|
|upkeep
|turn|2
|
|t:|1760328141
|move|p2a: Azumarill|Aqua Jet|p1a: Polteageist
|-damage|p1a: Polteageist|7/100
|move|p1a: Polteageist|Shadow Ball|p2a: Azumarill
|-damage|p2a: Azumarill|23/100
|-enditem|p2a: Azumarill|Sitrus Berry|[eat]
|-heal|p2a: Azumarill|48/100|[from] item: Sitrus Berry
|
|upkeep
|turn|3
|
|t:|1760328150
|move|p2a: Azumarill|Aqua Jet|p1a: Polteageist
|-damage|p1a: Polteageist|0 fnt
|-start|p2a: Azumarill|Disable|Aqua Jet|[from] ability: Cursed Body|[of] p1a: Polteageist
|faint|p1a: Polteageist
|
|upkeep
|
|t:|1760328157
|switch|p1a: Hatterene|Hatterene, F|100/100
|turn|4
|
|t:|1760328160
|move|p2a: Azumarill|Liquidation|p1a: Hatterene
|-damage|p1a: Hatterene|58/100
|-damage|p2a: Azumarill|31/100|[from] item: Rocky Helmet|[of] p1a: Hatterene
|move|p1a: Hatterene|Nuzzle|p2a: Azumarill
|-supereffective|p2a: Azumarill
|-damage|p2a: Azumarill|23/100
|-status|p2a: Azumarill|par
|
|upkeep
|turn|5
|
|t:|1760328190
|move|p1a: Hatterene|Psychic Noise|p2a: Azumarill
|-damage|p2a: Azumarill|0 fnt
|faint|p2a: Azumarill
|
|upkeep
|
|t:|1760328199
|switch|p2a: Espeon|Espeon, M|100/100
|turn|6
|inactive|TysonTokyo has 120 seconds left.
|
|t:|1760328225
|move|p2a: Espeon|Shadow Ball|p1a: Hatterene
|-supereffective|p1a: Hatterene
|-damage|p1a: Hatterene|4/100
|move|p1a: Hatterene|Nuzzle|p2a: Espeon
|-damage|p2a: Espeon|93/100
|-status|p2a: Espeon|par
|
|-heal|p2a: Espeon|99/100 par|[from] item: Leftovers
|upkeep
|turn|7
|inactive|TysonTokyo has 120 seconds left.
|
|t:|1760328233
|-terastallize|p1a: Hatterene|Water
|move|p2a: Espeon|Shadow Ball|p1a: Hatterene
|-damage|p1a: Hatterene|0 fnt
|faint|p1a: Hatterene
|
|-heal|p2a: Espeon|100/100 par|[from] item: Leftovers
|upkeep
|
|t:|1760328237
|switch|p1a: Dragonite|Dragonite, F|100/100
|turn|8
|
|t:|1760328247
|move|p1a: Dragonite|Dragon Dance|p1a: Dragonite
|-boost|p1a: Dragonite|atk|1
|-boost|p1a: Dragonite|spe|1
|move|p2a: Espeon|Thunder Wave|p1a: Dragonite
|-status|p1a: Dragonite|par
|
|upkeep
|turn|9
|
|t:|1760328252
|move|p2a: Espeon|Shadow Ball|p1a: Dragonite
|-damage|p1a: Dragonite|88/100 par
|-unboost|p1a: Dragonite|spd|1
|cant|p1a: Dragonite|par
|
|upkeep
|turn|10
|
|t:|1760328257
|move|p2a: Espeon|Shadow Ball|p1a: Dragonite
|-damage|p1a: Dragonite|48/100 par
|move|p1a: Dragonite|Scale Shot|p2a: Espeon
|-damage|p2a: Espeon|55/100 par
|-damage|p2a: Espeon|10/100 par
|-damage|p2a: Espeon|0 fnt
|faint|p2a: Espeon
|-hitcount|p2: Espeon|3
|-unboost|p1a: Dragonite|def|1
|-boost|p1a: Dragonite|spe|1
|
|upkeep
|
|t:|1760328269
|switch|p2a: Mimikyu|Mimikyu, F, shiny|100/100
|turn|11
|inactive|TysonTokyo has 120 seconds left.
|inactive|TysonTokyo has 90 seconds left.
|c|☆assistantokeye|Hello
|
|t:|1760328353
|switch|p1a: Ting-Lu|Ting-Lu|100/100
|-ability|p1a: Ting-Lu|Vessel of Ruin
|move|p2a: Mimikyu|Swords Dance|p2a: Mimikyu
|-boost|p2a: Mimikyu|atk|2
|
|upkeep
|turn|12
|
|t:|1760328355
|move|p2a: Mimikyu|Play Rough|p1a: Ting-Lu|[miss]
|-miss|p2a: Mimikyu|p1a: Ting-Lu
|move|p1a: Ting-Lu|Whirlwind|p2a: Mimikyu
|drag|p2a: Gengar|Gengar, M, shiny|100/100
|
|upkeep
|turn|13
|
|t:|1760328359
|move|p2a: Gengar|Dazzling Gleam|p1a: Ting-Lu
|-supereffective|p1a: Ting-Lu
|-damage|p1a: Ting-Lu|76/100
|move|p1a: Ting-Lu|Earthquake|p2a: Gengar
|-supereffective|p2a: Gengar
|-enditem|p2a: Gengar|Focus Sash
|-damage|p2a: Gengar|1/100
|
|-heal|p1a: Ting-Lu|83/100|[from] item: Leftovers
|upkeep
|turn|14
|inactive|TysonTokyo has 90 seconds left.
|
|t:|1760328371
|move|p2a: Gengar|Shadow Ball|p1a: Ting-Lu
|-resisted|p1a: Ting-Lu
|-damage|p1a: Ting-Lu|74/100
|move|p1a: Ting-Lu|Spikes|p2a: Gengar
|-sidestart|p2: assistantokeye|Spikes
|
|-heal|p1a: Ting-Lu|80/100|[from] item: Leftovers
|upkeep
|turn|15
|-message|assistantokeye forfeited.
|
|win|TysonTokyo
|raw|TysonTokyo's rating: 1103 &rarr; <strong>1134</strong><br />(+31 for winning)
|raw|assistantokeye's rating: 1192 &rarr; <strong>1161</strong><br />(-31 for losing)
|l|☆assistantokeye
|player|p2|
|l|☆TysonTokyo
|player|p1|
