|j|☆suprya
|j|☆shierr
|t:|1760401260
|gametype|singles
|player|p1|suprya|preschooler|1761
|player|p2|shierr|265|1782
|gen|9
|tier|[Gen 9] OU
|rated|
|rule|HP Percentage Mod: HP is shown in percentages
|rule|Endless Battle Clause: Forcing endless battles is banned
|rule|Species Clause: Limit one of each Pokémon
|rule|OHKO Clause: OHKO moves are banned
|rule|Evasion Items Clause: Evasion items are banned
|rule|Evasion Moves Clause: Evasion moves are banned
|rule|Evasion Abilities Clause: Evasion abilities are banned
|rule|Sleep Moves Clause: Sleep-inducing moves are banned
|clearpoke
|poke|p1|Duraludon, M|
|poke|p1|Great Tusk|
|poke|p1|Rillaboom, F|
|poke|p1|Dragapult, F|
|poke|p1|Samurott-Hisui, M|
|poke|p1|Slowking-Galar, M|
|poke|p2|Great Tusk|
|poke|p2|Samurott-Hisui, F|
|poke|p2|Gholdengo|
|poke|p2|Ninetales-Alola, F|
|poke|p2|Ceruledge, M|
|poke|p2|Raging Bolt|
|teampreview
|inactive|Battle timer is ON: inactive players will automatically lose when time's up. (requested by suprya)
|
|t:|1760401268
|teamsize|p1|6
|teamsize|p2|6
|start
|switch|p1a: Duraludon|Duraludon, M|100/100
|switch|p2a: Samurott|Samurott-Hisui, F|100/100
|turn|1
|
|t:|1760401275
|move|p2a: Samurott|Sacred Sword|p1a: Duraludon
|-supereffective|p1a: Duraludon
|-crit|p1a: Duraludon
|-damage|p1a: Duraludon|49/100
|move|p1a: Duraludon|Body Press|p2a: Samurott
|-supereffective|p2a: Samurott
|-damage|p2a: Samurott|27/100
|
|upkeep
|turn|2
|j| 54 Insane Rats
|
|t:|1760401282
|switch|p2a: Ceruledge|Ceruledge, M|100/100
|switch|p1a: Great Tusk|Great Tusk|100/100
|
|upkeep
|turn|3
|
|t:|1760401294
|move|p2a: Ceruledge|Endure|p2a: Ceruledge
|-singleturn|p2a: Ceruledge|move: Endure
|move|p1a: Great Tusk|Headlong Rush|p2a: Ceruledge
|-supereffective|p2a: Ceruledge
|-activate|p2a: Ceruledge|move: Endure
|-damage|p2a: Ceruledge|1/100
|-unboost|p1a: Great Tusk|def|1
|-unboost|p1a: Great Tusk|spd|1
|-ability|p2a: Ceruledge|Weak Armor|boost
|-unboost|p2a: Ceruledge|def|1
|-boost|p2a: Ceruledge|spe|2
|-enditem|p2a: Ceruledge|Weakness Policy
|-boost|p2a: Ceruledge|atk|2|[from] item: Weakness Policy
|-boost|p2a: Ceruledge|spa|2|[from] item: Weakness Policy
|
|upkeep
|turn|4
|
|t:|1760401308
|-end|p1a: Great Tusk|Protosynthesis|[silent]
|switch|p1a: Samurott|Samurott-Hisui, M|100/100
|move|p2a: Ceruledge|Poltergeist|p1a: Samurott
|-activate|p1a: Samurott|move: Poltergeist|Black Glasses
|-resisted|p1a: Samurott
|-damage|p1a: Samurott|27/100
|
|upkeep
|turn|5
|
|t:|1760401315
|switch|p2a: Ninetales|Ninetales-Alola, F|100/100
|-weather|Snowscape|[from] ability: Snow Warning|[of] p2a: Ninetales
|move|p1a: Samurott|Sucker Punch||[still]
|-fail|p1a: Samurott
|
|-weather|Snowscape|[upkeep]
|upkeep
|turn|6
|
|t:|1760401318
|switch|p1a: Slowking|Slowking-Galar, M|100/100
|move|p2a: Ninetales|Aurora Veil|p2a: Ninetales
|-sidestart|p2: shierr|move: Aurora Veil
|
|-weather|Snowscape|[upkeep]
|upkeep
|turn|7
|
|t:|1760401325
|switch|p2a: Samurott|Samurott-Hisui, F|27/100
|-prepare|p1a: Slowking|Chilly Reception|[premajor]
|move|p1a: Slowking|Chilly Reception|p1a: Slowking
|
|t:|1760401332
|switch|p1a: Rillaboom|Rillaboom, F|100/100|[from] Chilly Reception
|-fieldstart|move: Grassy Terrain|[from] ability: Grassy Surge|[of] p1a: Rillaboom
|
|-weather|Snowscape|[upkeep]
|-heal|p2a: Samurott|33/100|[from] Grassy Terrain
|upkeep
|turn|8
|
|t:|1760401336
|move|p1a: Rillaboom|Grassy Glide|p2a: Samurott
|-supereffective|p2a: Samurott
|-damage|p2a: Samurott|0 fnt
|faint|p2a: Samurott
|-damage|p1a: Rillaboom|91/100|[from] item: Life Orb
|
|-weather|Snowscape|[upkeep]
|-heal|p1a: Rillaboom|97/100|[from] Grassy Terrain
|upkeep
|
|t:|1760401350
|switch|p2a: Great Tusk|Great Tusk|100/100
|-enditem|p2a: Great Tusk|Booster Energy
|-activate|p2a: Great Tusk|ability: Protosynthesis|[fromitem]
|-start|p2a: Great Tusk|protosynthesisatk
|turn|9
|
|t:|1760401357
|switch|p1a: Great Tusk|Great Tusk|100/100
|move|p2a: Great Tusk|Rapid Spin|p1a: Great Tusk
|-damage|p1a: Great Tusk|85/100
|-boost|p2a: Great Tusk|spe|1
|-damage|p2a: Great Tusk|84/100|[from] item: Rocky Helmet|[of] p1a: Great Tusk
|
|-weather|none
|-heal|p2a: Great Tusk|90/100|[from] Grassy Terrain
|-heal|p1a: Great Tusk|91/100|[from] Grassy Terrain
|upkeep
|turn|10
|
|t:|1760401360
|move|p2a: Great Tusk|Headlong Rush|p1a: Great Tusk
|-damage|p1a: Great Tusk|40/100
|-unboost|p2a: Great Tusk|def|1
|-unboost|p2a: Great Tusk|spd|1
|-damage|p2a: Great Tusk|74/100|[from] item: Rocky Helmet|[of] p1a: Great Tusk
|move|p1a: Great Tusk|Bulk Up|p1a: Great Tusk
|-boost|p1a: Great Tusk|atk|1
|-boost|p1a: Great Tusk|def|1
|
|-heal|p2a: Great Tusk|80/100|[from] Grassy Terrain
|-heal|p1a: Great Tusk|46/100|[from] Grassy Terrain
|upkeep
|turn|11
|
|t:|1760401378
|move|p2a: Great Tusk|Headlong Rush|p1a: Great Tusk
|-damage|p1a: Great Tusk|14/100
|-unboost|p2a: Great Tusk|def|1
|-unboost|p2a: Great Tusk|spd|1
|-damage|p2a: Great Tusk|64/100|[from] item: Rocky Helmet|[of] p1a: Great Tusk
|move|p1a: Great Tusk|Rapid Spin|p2a: Great Tusk
|-damage|p2a: Great Tusk|49/100
|-boost|p1a: Great Tusk|spe|1
|
|-heal|p2a: Great Tusk|55/100|[from] Grassy Terrain
|-heal|p1a: Great Tusk|21/100|[from] Grassy Terrain
|-fieldend|move: Grassy Terrain
|upkeep
|turn|12
|
|t:|1760401388
|move|p1a: Great Tusk|Close Combat|p2a: Great Tusk
|-damage|p2a: Great Tusk|0 fnt
|-unboost|p1a: Great Tusk|def|1
|-unboost|p1a: Great Tusk|spd|1
|faint|p2a: Great Tusk
|-end|p2a: Great Tusk|Protosynthesis|[silent]
|
|upkeep
|
|t:|1760401399
|switch|p2a: Ninetales|Ninetales-Alola, F|100/100
|-weather|Snowscape|[from] ability: Snow Warning|[of] p2a: Ninetales
|turn|13
|
|t:|1760401411
|-end|p1a: Great Tusk|Protosynthesis|[silent]
|switch|p1a: Slowking|Slowking-Galar, M|100/100
|move|p2a: Ninetales|Freeze-Dry|p1a: Slowking
|-damage|p1a: Slowking|88/100
|
|-weather|Snowscape|[upkeep]
|-sideend|p2: shierr|move: Aurora Veil
|upkeep
|turn|14
|
|t:|1760401417
|move|p2a: Ninetales|Aurora Veil|p2a: Ninetales
|-sidestart|p2: shierr|move: Aurora Veil
|move|p1a: Slowking|Sludge Bomb|p2a: Ninetales
|-supereffective|p2a: Ninetales
|-damage|p2a: Ninetales|69/100
|
|-weather|Snowscape|[upkeep]
|upkeep
|turn|15
|
|t:|1760401423
|switch|p2a: Ceruledge|Ceruledge, M|1/100
|-prepare|p1a: Slowking|Chilly Reception|[premajor]
|move|p1a: Slowking|Chilly Reception|p1a: Slowking
|
|t:|1760401427
|switch|p1a: Great Tusk|Great Tusk|21/100|[from] Chilly Reception
|
|-weather|Snowscape|[upkeep]
|upkeep
|turn|16
|
|t:|1760401436
|move|p2a: Ceruledge|Endure|p2a: Ceruledge
|-singleturn|p2a: Ceruledge|move: Endure
|move|p1a: Great Tusk|Headlong Rush|p2a: Ceruledge
|-supereffective|p2a: Ceruledge
|-activate|p2a: Ceruledge|move: Endure
|-damage|p2a: Ceruledge|1/100
|-unboost|p1a: Great Tusk|def|1
|-unboost|p1a: Great Tusk|spd|1
|-ability|p2a: Ceruledge|Weak Armor|boost
|-unboost|p2a: Ceruledge|def|1
|-boost|p2a: Ceruledge|spe|2
|
|-weather|Snowscape|[upkeep]
|upkeep
|turn|17
|
|t:|1760401440
|move|p2a: Ceruledge|Bitter Blade|p1a: Great Tusk
|-damage|p1a: Great Tusk|0 fnt
|-heal|p2a: Ceruledge|13/100|[from] drain|[of] p1a: Great Tusk
|-damage|p2a: Ceruledge|0 fnt|[from] item: Rocky Helmet|[of] p1a: Great Tusk
|faint|p1a: Great Tusk
|-end|p1a: Great Tusk|Protosynthesis|[silent]
|faint|p2a: Ceruledge
|
|-weather|none
|upkeep
|
|t:|1760401451
|switch|p1a: Slowking|Slowking-Galar, M|100/100
|switch|p2a: Raging Bolt|Raging Bolt|100/100
|-enditem|p2a: Raging Bolt|Booster Energy
|-activate|p2a: Raging Bolt|ability: Protosynthesis|[fromitem]
|-start|p2a: Raging Bolt|protosynthesisspa
|turn|18
|
|t:|1760401453
|move|p2a: Raging Bolt|Calm Mind|p2a: Raging Bolt
|-boost|p2a: Raging Bolt|spa|1
|-boost|p2a: Raging Bolt|spd|1
|move|p1a: Slowking|Sludge Bomb|p2a: Raging Bolt
|-damage|p2a: Raging Bolt|89/100
|-status|p2a: Raging Bolt|psn
|
|-damage|p2a: Raging Bolt|77/100 psn|[from] psn
|upkeep
|turn|19
|
|t:|1760401459
|move|p2a: Raging Bolt|Thunderbolt|p1a: Slowking
|-damage|p1a: Slowking|36/100
|-status|p1a: Slowking|par
|move|p1a: Slowking|Ice Beam|p2a: Raging Bolt
|-supereffective|p2a: Raging Bolt
|-damage|p2a: Raging Bolt|63/100 psn
|
|-damage|p2a: Raging Bolt|51/100 psn|[from] psn
|upkeep
|turn|20
|
|t:|1760401469
|switch|p1a: Duraludon|Duraludon, M|49/100
|move|p2a: Raging Bolt|Thunderbolt|p1a: Duraludon
|-resisted|p1a: Duraludon
|-damage|p1a: Duraludon|0 fnt
|faint|p1a: Duraludon
|
|-damage|p2a: Raging Bolt|39/100 psn|[from] psn
|upkeep
|
|t:|1760401475
|switch|p1a: Samurott|Samurott-Hisui, M|27/100
|turn|21
|
|t:|1760401486
|switch|p1a: Slowking|Slowking-Galar, M|69/100 par
|move|p2a: Raging Bolt|Thunderbolt|p1a: Slowking
|-damage|p1a: Slowking|10/100 par
|
|-damage|p2a: Raging Bolt|26/100 psn|[from] psn
|-sideend|p2: shierr|move: Aurora Veil
|upkeep
|turn|22
|
|t:|1760401498
|move|p2a: Raging Bolt|Dragon Pulse|p1a: Slowking
|-damage|p1a: Slowking|0 fnt
|faint|p1a: Slowking
|
|-damage|p2a: Raging Bolt|14/100 psn|[from] psn
|upkeep
|
|t:|1760401499
|switch|p1a: Rillaboom|Rillaboom, F|97/100
|-fieldstart|move: Grassy Terrain|[from] ability: Grassy Surge|[of] p1a: Rillaboom
|turn|23
|
|t:|1760401505
|move|p1a: Rillaboom|Grassy Glide|p2a: Raging Bolt
|-resisted|p2a: Raging Bolt
|-crit|p2a: Raging Bolt
|-damage|p2a: Raging Bolt|0 fnt
|faint|p2a: Raging Bolt
|-end|p2a: Raging Bolt|Protosynthesis|[silent]
|-damage|p1a: Rillaboom|87/100|[from] item: Life Orb
|
|-heal|p1a: Rillaboom|93/100|[from] Grassy Terrain
|upkeep
|
|t:|1760401509
|switch|p2a: Ninetales|Ninetales-Alola, F|69/100
|-weather|Snowscape|[from] ability: Snow Warning|[of] p2a: Ninetales
|turn|24
|
|t:|1760401529
|move|p2a: Ninetales|Aurora Veil|p2a: Ninetales
|-sidestart|p2: shierr|move: Aurora Veil
|move|p1a: Rillaboom|Wood Hammer|p2a: Ninetales
|-damage|p2a: Ninetales|23/100
|-damage|p1a: Rillaboom|77/100|[from] Recoil
|-damage|p1a: Rillaboom|67/100|[from] item: Life Orb
|
|-weather|Snowscape|[upkeep]
|-heal|p2a: Ninetales|29/100|[from] Grassy Terrain
|-heal|p1a: Rillaboom|74/100|[from] Grassy Terrain
|upkeep
|turn|25
|
|t:|1760401538
|-terastallize|p1a: Rillaboom|Grass
|move|p1a: Rillaboom|Grassy Glide|p2a: Ninetales
|-damage|p2a: Ninetales|0 fnt
|faint|p2a: Ninetales
|-damage|p1a: Rillaboom|64/100|[from] item: Life Orb
|
|-weather|Snowscape|[upkeep]
|-heal|p1a: Rillaboom|70/100|[from] Grassy Terrain
|upkeep
|
|t:|1760401540
|switch|p2a: Gholdengo|Gholdengo|100/100
|turn|26
|
|t:|1760401559
|-terastallize|p2a: Gholdengo|Fairy
|move|p1a: Rillaboom|Knock Off|p2a: Gholdengo
|-resisted|p2a: Gholdengo
|-damage|p2a: Gholdengo|88/100
|-enditem|p2a: Gholdengo|Leftovers|[from] move: Knock Off|[of] p1a: Rillaboom
|-damage|p1a: Rillaboom|60/100|[from] item: Life Orb
|move|p2a: Gholdengo|Shadow Ball|p1a: Rillaboom
|-damage|p1a: Rillaboom|1/100
|
|-weather|Snowscape|[upkeep]
|-heal|p1a: Rillaboom|8/100|[from] Grassy Terrain
|-heal|p2a: Gholdengo|94/100|[from] Grassy Terrain
|upkeep
|turn|27
|
|t:|1760401569
|move|p1a: Rillaboom|Wood Hammer|p2a: Gholdengo
|-damage|p2a: Gholdengo|7/100
|-damage|p1a: Rillaboom|0 fnt|[from] Recoil
|faint|p1a: Rillaboom
|move|p2a: Gholdengo|Shadow Ball|p1: Rillaboom|[notarget]
|-fail|p2a: Gholdengo
|
|-weather|Snowscape|[upkeep]
|-heal|p2a: Gholdengo|14/100|[from] Grassy Terrain
|-fieldend|move: Grassy Terrain
|upkeep
|
|t:|1760401574
|switch|p1a: Dragapult|Dragapult, F|100/100
|turn|28
|
|t:|1760401576
|move|p1a: Dragapult|Shadow Ball|p2a: Gholdengo
|-damage|p2a: Gholdengo|0 fnt
|faint|p2a: Gholdengo
|
|win|suprya
|raw|suprya's rating: 1761 &rarr; <strong>1782</strong><br />(+21 for winning)
|raw|shierr's rating: 1782 &rarr; <strong>1761</strong><br />(-21 for losing)
|l|☆shierr
|player|p2|
|l|☆suprya
|player|p1|
|l| 54 Insane Rats
|j|☆suprya
|player|p1|suprya|preschooler|
|l|☆suprya
|player|p1|
