|j|☆Lenghong
|j|☆WalkingOnionRings
|t:|1760317602
|gametype|singles
|player|p1|Lenghong|hilda|1479
|player|p2|WalkingOnionRings|blue|1455
|gen|9
|tier|[Gen 9] OU
|rated|
|rule|HP Percentage Mod: HP is shown in percentages
|rule|Endless Battle Clause: Forcing endless battles is banned
|rule|Species Clause: Limit one of each Pokémon
|rule|OHKO Clause: OHKO moves are banned
|rule|Evasion Items Clause: Evasion items are banned
|rule|Evasion Moves Clause: Evasion moves are banned
|rule|Evasion Abilities Clause: Evasion abilities are banned
|rule|Sleep Moves Clause: Sleep-inducing moves are banned
|clearpoke
|poke|p1|Garganacl, M|
|poke|p1|Arcanine-Hisui, M|
|poke|p1|Tyranitar, M|
|poke|p1|Alomomola, F|
|poke|p1|Scizor, M|
|poke|p1|Thundurus-Therian, M|
|poke|p2|Rillaboom, F|
|poke|p2|Great Tusk|
|poke|p2|Raging Bolt|
|poke|p2|Slowking-Galar, F|
|poke|p2|Moltres|
|poke|p2|Kingambit, M|
|teampreview
|inactive|Battle timer is ON: inactive players will automatically lose when time's up. (requested by WalkingOnionRings)
|c|☆WalkingOnionRings|Hf
|
|t:|1760317614
|teamsize|p1|6
|teamsize|p2|6
|start
|switch|p1a: Thundurus|Thundurus-Therian, M|100/100
|switch|p2a: Rillaboom|Rillaboom, F|100/100
|-fieldstart|move: Grassy Terrain|[from] ability: Grassy Surge|[of] p2a: Rillaboom
|turn|1
|
|t:|1760317620
|move|p1a: Thundurus|U-turn|p2a: Rillaboom
|-supereffective|p2a: Rillaboom
|-damage|p2a: Rillaboom|65/100
|
|t:|1760317628
|switch|p1a: Scizor|Scizor, M|100/100|[from] U-turn
|move|p2a: Rillaboom|U-turn|p1a: Scizor
|-resisted|p1a: Scizor
|-damage|p1a: Scizor|80/100
|
|t:|1760317633
|switch|p2a: Moltres|Moltres|100/100|[from] U-turn
|
|-heal|p1a: Scizor|86/100|[from] Grassy Terrain
|upkeep
|turn|2
|
|t:|1760317638
|switch|p1a: Garganacl|Garganacl, M|100/100
|move|p2a: Moltres|U-turn|p1a: Garganacl
|-damage|p1a: Garganacl|93/100
|
|t:|1760317642
|switch|p2a: Rillaboom|Rillaboom, F|65/100|[from] U-turn
|
|-heal|p2a: Rillaboom|71/100|[from] Grassy Terrain
|-heal|p1a: Garganacl|99/100|[from] Grassy Terrain
|-heal|p1a: Garganacl|100/100|[from] item: Leftovers
|upkeep
|turn|3
|
|t:|1760317649
|switch|p1a: Scizor|Scizor, M|86/100
|move|p2a: Rillaboom|Wood Hammer|p1a: Scizor
|-resisted|p1a: Scizor
|-damage|p1a: Scizor|54/100
|-damage|p2a: Rillaboom|61/100|[from] Recoil
|
|-heal|p2a: Rillaboom|67/100|[from] Grassy Terrain
|-heal|p1a: Scizor|60/100|[from] Grassy Terrain
|upkeep
|turn|4
|
|t:|1760317655
|switch|p2a: Moltres|Moltres|100/100
|move|p1a: Scizor|Dual Wingbeat|p2a: Moltres
|-damage|p2a: Moltres|85/100
|-damage|p2a: Moltres|69/100
|-hitcount|p2a: Moltres|2
|
|-heal|p1a: Scizor|66/100|[from] Grassy Terrain
|upkeep
|turn|5
|
|t:|1760317662
|switch|p1a: Garganacl|Garganacl, M|100/100
|move|p2a: Moltres|U-turn|p1a: Garganacl
|-crit|p1a: Garganacl
|-damage|p1a: Garganacl|90/100
|
|t:|1760317672
|switch|p2a: Great Tusk|Great Tusk|100/100|[from] U-turn
|
|-heal|p1a: Garganacl|97/100|[from] Grassy Terrain
|-heal|p1a: Garganacl|100/100|[from] item: Leftovers
|-fieldend|move: Grassy Terrain
|upkeep
|turn|6
|
|t:|1760317677
|switch|p1a: Thundurus|Thundurus-Therian, M|100/100
|move|p2a: Great Tusk|Stealth Rock|p1a: Thundurus
|-sidestart|p1: Lenghong|move: Stealth Rock
|
|upkeep
|turn|7
|
|t:|1760317681
|-end|p2a: Great Tusk|Protosynthesis|[silent]
|switch|p2a: Slowking|Slowking-Galar, F|100/100
|move|p1a: Thundurus|Grass Knot|p2a: Slowking
|-resisted|p2a: Slowking
|-damage|p2a: Slowking|92/100
|
|upkeep
|turn|8
|
|t:|1760317688
|switch|p1a: Scizor|Scizor, M|66/100
|move|p2a: Slowking|Future Sight|p1a: Scizor
|-start|p2a: Slowking|move: Future Sight
|
|upkeep
|turn|9
|
|t:|1760317691
|switch|p2a: Moltres|Moltres|69/100
|move|p1a: Scizor|Defog|p2a: Moltres
|-unboost|p2a: Moltres|evasion|1
|-sideend|p1: Lenghong|Stealth Rock|[from] move: Defog|[of] p1a: Scizor
|
|upkeep
|turn|10
|
|t:|1760317698
|switch|p1a: Alomomola|Alomomola, F|100/100
|move|p2a: Moltres|U-turn|p1a: Alomomola
|-damage|p1a: Alomomola|90/100
|-damage|p2a: Moltres|53/100|[from] item: Rocky Helmet|[of] p1a: Alomomola
|
|t:|1760317709
|switch|p2a: Raging Bolt|Raging Bolt|100/100|[from] U-turn
|
|-end|p1a: Alomomola|move: Future Sight
|-damage|p1a: Alomomola|55/100
|upkeep
|turn|11
|inactive|WalkingOnionRings has 120 seconds left.
|
|t:|1760317744
|move|p1a: Alomomola|Protect|p1a: Alomomola
|-singleturn|p1a: Alomomola|Protect
|move|p2a: Raging Bolt|Volt Switch|p1a: Alomomola
|-activate|p1a: Alomomola|move: Protect
|
|upkeep
|turn|12
|inactive|WalkingOnionRings has 120 seconds left.
|
|t:|1760317750
|-end|p2a: Raging Bolt|Protosynthesis|[silent]
|switch|p2a: Slowking|Slowking-Galar, F|100/100
|switch|p1a: Thundurus|Thundurus-Therian, M|100/100
|
|upkeep
|turn|13
|
|t:|1760317760
|move|p1a: Thundurus|Thunderbolt|p2a: Slowking
|-crit|p2a: Slowking
|-damage|p2a: Slowking|49/100
|-prepare|p2a: Slowking|Chilly Reception|[premajor]
|move|p2a: Slowking|Chilly Reception|p2a: Slowking
|-weather|Snowscape
|
|t:|1760317763
|switch|p2a: Rillaboom|Rillaboom, F|67/100|[from] Chilly Reception
|-fieldstart|move: Grassy Terrain|[from] ability: Grassy Surge|[of] p2a: Rillaboom
|
|-weather|Snowscape|[upkeep]
|-heal|p2a: Rillaboom|73/100|[from] Grassy Terrain
|upkeep
|turn|14
|
|t:|1760317776
|switch|p1a: Arcanine|Arcanine-Hisui, M, shiny|100/100
|move|p2a: Rillaboom|Knock Off|p1a: Arcanine
|-damage|p1a: Arcanine|36/100
|-enditem|p1a: Arcanine|Choice Band|[from] move: Knock Off|[of] p2a: Rillaboom
|
|-weather|Snowscape|[upkeep]
|-heal|p1a: Arcanine|42/100|[from] Grassy Terrain
|-heal|p2a: Rillaboom|79/100|[from] Grassy Terrain
|upkeep
|turn|15
|
|t:|1760317786
|switch|p2a: Great Tusk|Great Tusk|100/100
|move|p1a: Arcanine|Flare Blitz|p2a: Great Tusk
|-damage|p2a: Great Tusk|56/100
|
|-weather|Snowscape|[upkeep]
|-heal|p1a: Arcanine|48/100|[from] Grassy Terrain
|-heal|p2a: Great Tusk|62/100|[from] Grassy Terrain
|upkeep
|turn|16
|
|t:|1760317797
|move|p1a: Arcanine|Flare Blitz|p2a: Great Tusk
|-damage|p2a: Great Tusk|19/100
|move|p2a: Great Tusk|Stealth Rock|p1a: Arcanine
|-sidestart|p1: Lenghong|move: Stealth Rock
|
|-weather|Snowscape|[upkeep]
|-heal|p1a: Arcanine|54/100|[from] Grassy Terrain
|-heal|p2a: Great Tusk|25/100|[from] Grassy Terrain
|upkeep
|turn|17
|
|t:|1760317803
|-end|p2a: Great Tusk|Protosynthesis|[silent]
|switch|p2a: Raging Bolt|Raging Bolt|100/100
|move|p1a: Arcanine|Flare Blitz|p2a: Raging Bolt
|-resisted|p2a: Raging Bolt
|-damage|p2a: Raging Bolt|71/100
|
|-weather|none
|-heal|p1a: Arcanine|60/100|[from] Grassy Terrain
|-heal|p2a: Raging Bolt|77/100|[from] Grassy Terrain
|-fieldend|move: Grassy Terrain
|upkeep
|turn|18
|
|t:|1760317811
|switch|p1a: Tyranitar|Tyranitar, M|100/100
|-damage|p1a: Tyranitar|88/100|[from] Stealth Rock
|-weather|Sandstorm|[from] ability: Sand Stream|[of] p1a: Tyranitar
|move|p2a: Raging Bolt|Thunderclap||[still]
|-fail|p2a: Raging Bolt
|
|-weather|Sandstorm|[upkeep]
|-damage|p2a: Raging Bolt|71/100|[from] Sandstorm
|upkeep
|turn|19
|
|t:|1760317821
|-end|p2a: Raging Bolt|Protosynthesis|[silent]
|switch|p2a: Kingambit|Kingambit, M|100/100
|move|p1a: Tyranitar|Stone Edge|p2a: Kingambit
|-resisted|p2a: Kingambit
|-damage|p2a: Kingambit|82/100
|
|-weather|Sandstorm|[upkeep]
|-heal|p2a: Kingambit|88/100|[from] item: Leftovers
|upkeep
|turn|20
|
|t:|1760317833
|switch|p1a: Garganacl|Garganacl, M|100/100
|-damage|p1a: Garganacl|88/100|[from] Stealth Rock
|move|p2a: Kingambit|Iron Head|p1a: Garganacl
|-supereffective|p1a: Garganacl
|-damage|p1a: Garganacl|36/100
|
|-weather|Sandstorm|[upkeep]
|-heal|p2a: Kingambit|95/100|[from] item: Leftovers
|-heal|p1a: Garganacl|42/100|[from] item: Leftovers
|upkeep
|turn|21
|
|t:|1760317847
|-end|p2a: Kingambit|fallenundefined|[silent]
|switch|p2a: Rillaboom|Rillaboom, F|79/100
|-fieldstart|move: Grassy Terrain|[from] ability: Grassy Surge|[of] p2a: Rillaboom
|-terastallize|p1a: Garganacl|Dragon
|move|p1a: Garganacl|Recover|p1a: Garganacl
|-heal|p1a: Garganacl|92/100
|
|-weather|Sandstorm|[upkeep]
|-damage|p2a: Rillaboom|73/100|[from] Sandstorm
|-damage|p1a: Garganacl|86/100|[from] Sandstorm
|-heal|p2a: Rillaboom|79/100|[from] Grassy Terrain
|-heal|p1a: Garganacl|92/100|[from] Grassy Terrain
|-heal|p1a: Garganacl|98/100|[from] item: Leftovers
|upkeep
|turn|22
|
|t:|1760317853
|move|p2a: Rillaboom|U-turn|p1a: Garganacl
|-damage|p1a: Garganacl|78/100
|
|t:|1760317858
|switch|p2a: Great Tusk|Great Tusk|25/100|[from] U-turn
|move|p1a: Garganacl|Salt Cure|p2a: Great Tusk
|-resisted|p2a: Great Tusk
|-crit|p2a: Great Tusk
|-damage|p2a: Great Tusk|21/100
|-start|p2a: Great Tusk|Salt Cure
|
|-weather|none
|-heal|p2a: Great Tusk|27/100|[from] Grassy Terrain
|-heal|p1a: Garganacl|84/100|[from] Grassy Terrain
|-heal|p1a: Garganacl|90/100|[from] item: Leftovers
|-damage|p2a: Great Tusk|15/100|[from] Salt Cure
|upkeep
|turn|23
|
|t:|1760317864
|-end|p2a: Great Tusk|Protosynthesis|[silent]
|switch|p2a: Raging Bolt|Raging Bolt|71/100
|move|p1a: Garganacl|Iron Defense|p1a: Garganacl
|-boost|p1a: Garganacl|def|2
|
|-heal|p2a: Raging Bolt|77/100|[from] Grassy Terrain
|-heal|p1a: Garganacl|96/100|[from] Grassy Terrain
|-heal|p1a: Garganacl|100/100|[from] item: Leftovers
|upkeep
|turn|24
|
|t:|1760317869
|switch|p1a: Tyranitar|Tyranitar, M|88/100
|-damage|p1a: Tyranitar|76/100|[from] Stealth Rock
|-weather|Sandstorm|[from] ability: Sand Stream|[of] p1a: Tyranitar
|move|p2a: Raging Bolt|Dragon Pulse|p1a: Tyranitar
|-damage|p1a: Tyranitar|55/100
|
|-weather|Sandstorm|[upkeep]
|-damage|p2a: Raging Bolt|71/100|[from] Sandstorm
|-heal|p2a: Raging Bolt|77/100|[from] Grassy Terrain
|-heal|p1a: Tyranitar|62/100|[from] Grassy Terrain
|upkeep
|turn|25
|
|t:|1760317881
|-end|p2a: Raging Bolt|Protosynthesis|[silent]
|switch|p2a: Great Tusk|Great Tusk|15/100
|move|p1a: Tyranitar|Earthquake|p2a: Great Tusk
|-damage|p2a: Great Tusk|3/100
|
|-weather|Sandstorm|[upkeep]
|-heal|p2a: Great Tusk|9/100|[from] Grassy Terrain
|-heal|p1a: Tyranitar|68/100|[from] Grassy Terrain
|-fieldend|move: Grassy Terrain
|upkeep
|turn|26
|
|t:|1760317890
|switch|p1a: Thundurus|Thundurus-Therian, M|100/100
|-damage|p1a: Thundurus|75/100|[from] Stealth Rock
|move|p2a: Great Tusk|Headlong Rush|p1a: Thundurus
|-immune|p1a: Thundurus
|
|-weather|Sandstorm|[upkeep]
|-damage|p1a: Thundurus|69/100|[from] Sandstorm
|upkeep
|turn|27
|
|t:|1760317899
|-end|p2a: Great Tusk|Protosynthesis|[silent]
|switch|p2a: Slowking|Slowking-Galar, F|82/100
|move|p1a: Thundurus|Weather Ball|p2a: Slowking
|-damage|p2a: Slowking|59/100
|
|-weather|Sandstorm|[upkeep]
|-damage|p1a: Thundurus|63/100|[from] Sandstorm
|-damage|p2a: Slowking|53/100|[from] Sandstorm
|upkeep
|turn|28
|
|t:|1760317907
|move|p1a: Thundurus|Weather Ball|p2a: Slowking
|-damage|p2a: Slowking|30/100
|-prepare|p2a: Slowking|Chilly Reception|[premajor]
|move|p2a: Slowking|Chilly Reception|p2a: Slowking
|-weather|Snowscape
|
|t:|1760317915
|switch|p2a: Kingambit|Kingambit, M|95/100|[from] Chilly Reception
|
|-weather|Snowscape|[upkeep]
|-heal|p2a: Kingambit|100/100|[from] item: Leftovers
|upkeep
|turn|29
|
|t:|1760317920
|switch|p1a: Garganacl|Garganacl, M, tera:Dragon|100/100
|-damage|p1a: Garganacl|88/100|[from] Stealth Rock
|move|p2a: Kingambit|Kowtow Cleave|p1a: Garganacl
|-damage|p1a: Garganacl|63/100
|
|-weather|Snowscape|[upkeep]
|-heal|p1a: Garganacl|69/100|[from] item: Leftovers
|upkeep
|turn|30
|
|t:|1760317926
|-end|p2a: Kingambit|fallenundefined|[silent]
|switch|p2a: Slowking|Slowking-Galar, F|63/100
|move|p1a: Garganacl|Salt Cure|p2a: Slowking
|-damage|p2a: Slowking|50/100
|-start|p2a: Slowking|Salt Cure
|
|-weather|Snowscape|[upkeep]
|-heal|p1a: Garganacl|75/100|[from] item: Leftovers
|-damage|p2a: Slowking|38/100|[from] Salt Cure
|upkeep
|turn|31
|
|t:|1760317935
|switch|p1a: Scizor|Scizor, M|66/100
|-prepare|p2a: Slowking|Chilly Reception|[premajor]
|move|p2a: Slowking|Chilly Reception|p2a: Slowking
|
|t:|1760317938
|switch|p2a: Moltres|Moltres|53/100|[from] Chilly Reception
|
|-weather|Snowscape|[upkeep]
|upkeep
|turn|32
|
|t:|1760317944
|move|p2a: Moltres|Roost|p2a: Moltres
|-heal|p2a: Moltres|100/100
|-singleturn|p2a: Moltres|move: Roost
|move|p1a: Scizor|Defog|p2a: Moltres
|-unboost|p2a: Moltres|evasion|1
|-sideend|p1: Lenghong|Stealth Rock|[from] move: Defog|[of] p1a: Scizor
|
|-weather|none
|upkeep
|turn|33
|
|t:|1760317948
|switch|p1a: Alomomola|Alomomola, F|88/100
|move|p2a: Moltres|U-turn|p1a: Alomomola
|-damage|p1a: Alomomola|77/100
|-damage|p2a: Moltres|84/100|[from] item: Rocky Helmet|[of] p1a: Alomomola
|
|t:|1760317951
|switch|p2a: Rillaboom|Rillaboom, F|79/100|[from] U-turn
|-fieldstart|move: Grassy Terrain|[from] ability: Grassy Surge|[of] p2a: Rillaboom
|
|-heal|p2a: Rillaboom|85/100|[from] Grassy Terrain
|-heal|p1a: Alomomola|83/100|[from] Grassy Terrain
|upkeep
|turn|34
|
|t:|1760317958
|move|p1a: Alomomola|Protect|p1a: Alomomola
|-singleturn|p1a: Alomomola|Protect
|move|p2a: Rillaboom|Knock Off|p1a: Alomomola
|-activate|p1a: Alomomola|move: Protect
|
|-heal|p2a: Rillaboom|91/100|[from] Grassy Terrain
|-heal|p1a: Alomomola|90/100|[from] Grassy Terrain
|upkeep
|turn|35
|
|t:|1760317967
|switch|p1a: Arcanine|Arcanine-Hisui, M, shiny|60/100
|move|p2a: Rillaboom|Knock Off|p1a: Arcanine
|-damage|p1a: Arcanine|17/100
|
|-heal|p1a: Arcanine|23/100|[from] Grassy Terrain
|-heal|p2a: Rillaboom|98/100|[from] Grassy Terrain
|upkeep
|turn|36
|
|t:|1760317976
|switch|p2a: Great Tusk|Great Tusk|9/100
|move|p1a: Arcanine|Head Smash|p2a: Great Tusk|[miss]
|-miss|p1a: Arcanine|p2a: Great Tusk
|
|-heal|p1a: Arcanine|29/100|[from] Grassy Terrain
|-heal|p2a: Great Tusk|15/100|[from] Grassy Terrain
|upkeep
|turn|37
|
|t:|1760317980
|move|p1a: Arcanine|Flare Blitz|p2a: Great Tusk
|-damage|p2a: Great Tusk|0 fnt
|faint|p2a: Great Tusk
|-end|p2a: Great Tusk|Protosynthesis|[silent]
|
|-heal|p1a: Arcanine|35/100|[from] Grassy Terrain
|-fieldend|move: Grassy Terrain
|upkeep
|
|t:|1760317983
|switch|p2a: Raging Bolt|Raging Bolt|77/100
|turn|38
|
|t:|1760317999
|switch|p1a: Tyranitar|Tyranitar, M|68/100
|-weather|Sandstorm|[from] ability: Sand Stream|[of] p1a: Tyranitar
|move|p2a: Raging Bolt|Dragon Pulse|p1a: Tyranitar
|-damage|p1a: Tyranitar|46/100
|
|-weather|Sandstorm|[upkeep]
|-damage|p2a: Raging Bolt|71/100|[from] Sandstorm
|upkeep
|turn|39
|
|t:|1760318008
|-end|p2a: Raging Bolt|Protosynthesis|[silent]
|switch|p2a: Rillaboom|Rillaboom, F|98/100
|-fieldstart|move: Grassy Terrain|[from] ability: Grassy Surge|[of] p2a: Rillaboom
|move|p1a: Tyranitar|Earthquake|p2a: Rillaboom
|-resisted|p2a: Rillaboom
|-damage|p2a: Rillaboom|89/100
|
|-weather|Sandstorm|[upkeep]
|-damage|p2a: Rillaboom|83/100|[from] Sandstorm
|-heal|p2a: Rillaboom|89/100|[from] Grassy Terrain
|-heal|p1a: Tyranitar|52/100|[from] Grassy Terrain
|upkeep
|turn|40
|
|t:|1760318022
|switch|p1a: Scizor|Scizor, M|66/100
|move|p2a: Rillaboom|U-turn|p1a: Scizor
|-resisted|p1a: Scizor
|-damage|p1a: Scizor|48/100
|
|t:|1760318026
|switch|p2a: Raging Bolt|Raging Bolt|71/100|[from] U-turn
|
|-weather|Sandstorm|[upkeep]
|-damage|p2a: Raging Bolt|65/100|[from] Sandstorm
|-heal|p2a: Raging Bolt|71/100|[from] Grassy Terrain
|-heal|p1a: Scizor|54/100|[from] Grassy Terrain
|upkeep
|turn|41
|
|t:|1760318031
|switch|p1a: Thundurus|Thundurus-Therian, M|63/100
|move|p2a: Raging Bolt|Volt Switch|p1a: Thundurus
|-heal|p1a: Thundurus|88/100|[from] ability: Volt Absorb|[of] p2a: Raging Bolt
|
|-weather|Sandstorm|[upkeep]
|-damage|p1a: Thundurus|82/100|[from] Sandstorm
|-damage|p2a: Raging Bolt|65/100|[from] Sandstorm
|-heal|p2a: Raging Bolt|71/100|[from] Grassy Terrain
|upkeep
|turn|42
|
|t:|1760318038
|-end|p2a: Raging Bolt|Protosynthesis|[silent]
|switch|p2a: Slowking|Slowking-Galar, F|71/100
|move|p1a: Thundurus|Weather Ball|p2a: Slowking
|-damage|p2a: Slowking|46/100
|
|-weather|none
|-heal|p2a: Slowking|52/100|[from] Grassy Terrain
|upkeep
|turn|43
|
|t:|1760318047
|switch|p1a: Arcanine|Arcanine-Hisui, M, shiny|35/100
|-prepare|p2a: Slowking|Chilly Reception|[premajor]
|move|p2a: Slowking|Chilly Reception|p2a: Slowking
|-weather|Snowscape
|
|t:|1760318050
|switch|p2a: Rillaboom|Rillaboom, F|89/100|[from] Chilly Reception
|
|-weather|Snowscape|[upkeep]
|-heal|p1a: Arcanine|41/100|[from] Grassy Terrain
|-heal|p2a: Rillaboom|95/100|[from] Grassy Terrain
|-fieldend|move: Grassy Terrain
|upkeep
|turn|44
|
|t:|1760318054
|switch|p2a: Moltres|Moltres|84/100
|move|p1a: Arcanine|Flare Blitz|p2a: Moltres
|-resisted|p2a: Moltres
|-damage|p2a: Moltres|65/100
|
|-weather|Snowscape|[upkeep]
|upkeep
|turn|45
|
|t:|1760318059
|switch|p2a: Kingambit|Kingambit, M|100/100
|-activate|p2a: Kingambit|ability: Supreme Overlord
|-start|p2a: Kingambit|fallen1|[silent]
|move|p1a: Arcanine|Head Smash|p2a: Kingambit|[miss]
|-miss|p1a: Arcanine|p2a: Kingambit
|
|-weather|Snowscape|[upkeep]
|upkeep
|turn|46
|
|t:|1760318064
|switch|p1a: Garganacl|Garganacl, M, tera:Dragon|75/100
|move|p2a: Kingambit|Sucker Punch||[still]
|-fail|p2a: Kingambit
|
|-weather|Snowscape|[upkeep]
|-heal|p1a: Garganacl|81/100|[from] item: Leftovers
|upkeep
|turn|47
|
|t:|1760318071
|-end|p2a: Kingambit|fallen1|[silent]
|switch|p2a: Slowking|Slowking-Galar, F|86/100
|move|p1a: Garganacl|Salt Cure|p2a: Slowking
|-damage|p2a: Slowking|70/100
|-start|p2a: Slowking|Salt Cure
|
|-weather|none
|-heal|p1a: Garganacl|87/100|[from] item: Leftovers
|-damage|p2a: Slowking|58/100|[from] Salt Cure
|upkeep
|turn|48
|
|t:|1760318079
|move|p1a: Garganacl|Salt Cure|p2a: Slowking
|-crit|p2a: Slowking
|-damage|p2a: Slowking|36/100
|-prepare|p2a: Slowking|Chilly Reception|[premajor]
|move|p2a: Slowking|Chilly Reception|p2a: Slowking
|-weather|Snowscape
|
|t:|1760318082
|switch|p2a: Raging Bolt|Raging Bolt|71/100|[from] Chilly Reception
|
|-weather|Snowscape|[upkeep]
|-heal|p1a: Garganacl|94/100|[from] item: Leftovers
|upkeep
|turn|49
|
|t:|1760318087
|switch|p1a: Thundurus|Thundurus-Therian, M|82/100
|move|p2a: Raging Bolt|Dragon Pulse|p1a: Thundurus
|-damage|p1a: Thundurus|0 fnt
|faint|p1a: Thundurus
|
|-weather|Snowscape|[upkeep]
|upkeep
|
|t:|1760318098
|switch|p1a: Tyranitar|Tyranitar, M|52/100
|-weather|Sandstorm|[from] ability: Sand Stream|[of] p1a: Tyranitar
|turn|50
|
|t:|1760318103
|-end|p2a: Raging Bolt|Protosynthesis|[silent]
|switch|p2a: Kingambit|Kingambit, M|100/100
|-activate|p2a: Kingambit|ability: Supreme Overlord
|-start|p2a: Kingambit|fallen1|[silent]
|move|p1a: Tyranitar|Knock Off|p2a: Kingambit
|-resisted|p2a: Kingambit
|-damage|p2a: Kingambit|84/100
|-enditem|p2a: Kingambit|Leftovers|[from] move: Knock Off|[of] p1a: Tyranitar
|
|-weather|Sandstorm|[upkeep]
|upkeep
|turn|51
|
|t:|1760318109
|switch|p1a: Garganacl|Garganacl, M, tera:Dragon|94/100
|move|p2a: Kingambit|Iron Head|p1a: Garganacl
|-damage|p1a: Garganacl|66/100
|
|-weather|Sandstorm|[upkeep]
|-damage|p1a: Garganacl|60/100|[from] Sandstorm
|-heal|p1a: Garganacl|66/100|[from] item: Leftovers
|upkeep
|turn|52
|
|t:|1760318115
|-end|p2a: Kingambit|fallen1|[silent]
|switch|p2a: Slowking|Slowking-Galar, F|70/100
|move|p1a: Garganacl|Salt Cure|p2a: Slowking
|-damage|p2a: Slowking|55/100
|-start|p2a: Slowking|Salt Cure
|
|-weather|Sandstorm|[upkeep]
|-damage|p1a: Garganacl|60/100|[from] Sandstorm
|-damage|p2a: Slowking|49/100|[from] Sandstorm
|-heal|p1a: Garganacl|66/100|[from] item: Leftovers
|-damage|p2a: Slowking|36/100|[from] Salt Cure
|upkeep
|turn|53
|
|t:|1760318121
|switch|p1a: Alomomola|Alomomola, F|100/100
|-prepare|p2a: Slowking|Chilly Reception|[premajor]
|move|p2a: Slowking|Chilly Reception|p2a: Slowking
|-weather|Snowscape
|
|t:|1760318125
|switch|p2a: Rillaboom|Rillaboom, F|95/100|[from] Chilly Reception
|-fieldstart|move: Grassy Terrain|[from] ability: Grassy Surge|[of] p2a: Rillaboom
|
|-weather|Snowscape|[upkeep]
|-heal|p2a: Rillaboom|100/100|[from] Grassy Terrain
|upkeep
|turn|54
|inactive|Lenghong has 120 seconds left.
|
|t:|1760318158
|move|p1a: Alomomola|Protect|p1a: Alomomola
|-singleturn|p1a: Alomomola|Protect
|move|p2a: Rillaboom|Wood Hammer|p1a: Alomomola
|-activate|p1a: Alomomola|move: Protect
|
|-weather|Snowscape|[upkeep]
|upkeep
|turn|55
|
|t:|1760318168
|switch|p2a: Raging Bolt|Raging Bolt|71/100
|switch|p1a: Scizor|Scizor, M|54/100
|
|-weather|Snowscape|[upkeep]
|-heal|p2a: Raging Bolt|77/100|[from] Grassy Terrain
|-heal|p1a: Scizor|60/100|[from] Grassy Terrain
|upkeep
|turn|56
|
|t:|1760318177
|switch|p1a: Tyranitar|Tyranitar, M|52/100
|-weather|Sandstorm|[from] ability: Sand Stream|[of] p1a: Tyranitar
|move|p2a: Raging Bolt|Volt Switch|p1a: Tyranitar
|-damage|p1a: Tyranitar|35/100
|
|t:|1760318183
|-end|p2a: Raging Bolt|Protosynthesis|[silent]
|switch|p2a: Rillaboom|Rillaboom, F|100/100|[from] Volt Switch
|
|-weather|Sandstorm|[upkeep]
|-damage|p2a: Rillaboom|94/100|[from] Sandstorm
|-heal|p2a: Rillaboom|100/100|[from] Grassy Terrain
|-heal|p1a: Tyranitar|41/100|[from] Grassy Terrain
|upkeep
|turn|57
|
|t:|1760318188
|switch|p1a: Scizor|Scizor, M|60/100
|move|p2a: Rillaboom|U-turn|p1a: Scizor
|-resisted|p1a: Scizor
|-damage|p1a: Scizor|40/100
|
|t:|1760318191
|switch|p2a: Raging Bolt|Raging Bolt|77/100|[from] U-turn
|
|-weather|Sandstorm|[upkeep]
|-damage|p2a: Raging Bolt|71/100|[from] Sandstorm
|-heal|p2a: Raging Bolt|77/100|[from] Grassy Terrain
|-heal|p1a: Scizor|46/100|[from] Grassy Terrain
|-fieldend|move: Grassy Terrain
|upkeep
|turn|58
|
|t:|1760318219
|switch|p1a: Tyranitar|Tyranitar, M|41/100
|move|p2a: Raging Bolt|Volt Switch|p1a: Tyranitar
|-damage|p1a: Tyranitar|24/100
|
|t:|1760318221
|-end|p2a: Raging Bolt|Protosynthesis|[silent]
|switch|p2a: Rillaboom|Rillaboom, F|100/100|[from] Volt Switch
|-fieldstart|move: Grassy Terrain|[from] ability: Grassy Surge|[of] p2a: Rillaboom
|
|-weather|Sandstorm|[upkeep]
|-damage|p2a: Rillaboom|94/100|[from] Sandstorm
|-heal|p2a: Rillaboom|100/100|[from] Grassy Terrain
|-heal|p1a: Tyranitar|30/100|[from] Grassy Terrain
|upkeep
|turn|59
|
|t:|1760318228
|switch|p1a: Alomomola|Alomomola, F|100/100
|move|p2a: Rillaboom|U-turn|p1a: Alomomola
|-damage|p1a: Alomomola|73/100
|-damage|p2a: Rillaboom|84/100|[from] item: Rocky Helmet|[of] p1a: Alomomola
|
|t:|1760318232
|switch|p2a: Raging Bolt|Raging Bolt|77/100|[from] U-turn
|
|-weather|Sandstorm|[upkeep]
|-damage|p2a: Raging Bolt|71/100|[from] Sandstorm
|-damage|p1a: Alomomola|67/100|[from] Sandstorm
|-heal|p2a: Raging Bolt|77/100|[from] Grassy Terrain
|-heal|p1a: Alomomola|73/100|[from] Grassy Terrain
|upkeep
|turn|60
|
|t:|1760318236
|move|p1a: Alomomola|Protect|p1a: Alomomola
|-singleturn|p1a: Alomomola|Protect
|move|p2a: Raging Bolt|Volt Switch|p1a: Alomomola
|-activate|p1a: Alomomola|move: Protect
|
|-weather|none
|-heal|p2a: Raging Bolt|84/100|[from] Grassy Terrain
|-heal|p1a: Alomomola|80/100|[from] Grassy Terrain
|upkeep
|turn|61
|
|t:|1760318241
|move|p2a: Raging Bolt|Volt Switch|p1a: Alomomola
|-supereffective|p1a: Alomomola
|-damage|p1a: Alomomola|0 fnt
|faint|p1a: Alomomola
|
|t:|1760318247
|-end|p2a: Raging Bolt|Protosynthesis|[silent]
|switch|p2a: Rillaboom|Rillaboom, F|84/100|[from] Volt Switch
|
|-heal|p2a: Rillaboom|90/100|[from] Grassy Terrain
|upkeep
|
|t:|1760318250
|switch|p1a: Garganacl|Garganacl, M, tera:Dragon|66/100
|turn|62
|
|t:|1760318256
|move|p2a: Rillaboom|U-turn|p1a: Garganacl
|-damage|p1a: Garganacl|47/100
|
|t:|1760318258
|switch|p2a: Slowking|Slowking-Galar, F|70/100|[from] U-turn
|move|p1a: Garganacl|Salt Cure|p2a: Slowking
|-damage|p2a: Slowking|55/100
|-start|p2a: Slowking|Salt Cure
|
|-heal|p1a: Garganacl|53/100|[from] Grassy Terrain
|-heal|p1a: Garganacl|59/100|[from] item: Leftovers
|-heal|p2a: Slowking|61/100|[from] Grassy Terrain
|-damage|p2a: Slowking|48/100|[from] Salt Cure
|-fieldend|move: Grassy Terrain
|upkeep
|turn|63
|
|t:|1760318263
|move|p1a: Garganacl|Recover|p1a: Garganacl
|-heal|p1a: Garganacl|100/100
|-prepare|p2a: Slowking|Chilly Reception|[premajor]
|move|p2a: Slowking|Chilly Reception|p2a: Slowking
|-weather|Snowscape
|
|t:|1760318266
|switch|p2a: Raging Bolt|Raging Bolt|84/100|[from] Chilly Reception
|
|-weather|Snowscape|[upkeep]
|upkeep
|turn|64
|
|t:|1760318271
|switch|p1a: Tyranitar|Tyranitar, M|30/100
|-weather|Sandstorm|[from] ability: Sand Stream|[of] p1a: Tyranitar
|move|p2a: Raging Bolt|Dragon Pulse|p1a: Tyranitar
|-damage|p1a: Tyranitar|11/100
|
|-weather|Sandstorm|[upkeep]
|-damage|p2a: Raging Bolt|77/100|[from] Sandstorm
|upkeep
|turn|65
|
|t:|1760318276
|move|p2a: Raging Bolt|Dragon Pulse|p1a: Tyranitar
|-damage|p1a: Tyranitar|0 fnt
|faint|p1a: Tyranitar
|
|-weather|Sandstorm|[upkeep]
|-damage|p2a: Raging Bolt|71/100|[from] Sandstorm
|upkeep
|
|t:|1760318279
|switch|p1a: Arcanine|Arcanine-Hisui, M, shiny|41/100
|turn|66
|
|t:|1760318285
|-end|p2a: Raging Bolt|Protosynthesis|[silent]
|switch|p2a: Moltres|Moltres|65/100
|move|p1a: Arcanine|Head Smash|p2a: Moltres|[miss]
|-miss|p1a: Arcanine|p2a: Moltres
|
|-weather|Sandstorm|[upkeep]
|-damage|p2a: Moltres|59/100|[from] Sandstorm
|upkeep
|turn|67
|
|t:|1760318288
|move|p1a: Arcanine|Head Smash|p2a: Moltres
|-supereffective|p2a: Moltres
|-damage|p2a: Moltres|0 fnt
|faint|p2a: Moltres
|
|-weather|Sandstorm|[upkeep]
|upkeep
|
|t:|1760318291
|switch|p2a: Rillaboom|Rillaboom, F|90/100
|-fieldstart|move: Grassy Terrain|[from] ability: Grassy Surge|[of] p2a: Rillaboom
|turn|68
|
|t:|1760318295
|move|p2a: Rillaboom|Grassy Glide|p1a: Arcanine
|-damage|p1a: Arcanine|0 fnt
|faint|p1a: Arcanine
|
|-weather|none
|-heal|p2a: Rillaboom|96/100|[from] Grassy Terrain
|upkeep
|
|t:|1760318299
|switch|p1a: Scizor|Scizor, M|46/100
|turn|69
|
|t:|1760318304
|switch|p2a: Kingambit|Kingambit, M|84/100
|-activate|p2a: Kingambit|ability: Supreme Overlord
|-start|p2a: Kingambit|fallen2|[silent]
|move|p1a: Scizor|Swords Dance|p1a: Scizor
|-boost|p1a: Scizor|atk|2
|
|-heal|p1a: Scizor|52/100|[from] Grassy Terrain
|-heal|p2a: Kingambit|90/100|[from] Grassy Terrain
|upkeep
|turn|70
|
|t:|1760318313
|move|p2a: Kingambit|Sucker Punch|p1a: Scizor
|-damage|p1a: Scizor|7/100
|move|p1a: Scizor|Dual Wingbeat|p2a: Kingambit
|-resisted|p2a: Kingambit
|-damage|p2a: Kingambit|71/100
|-resisted|p2a: Kingambit
|-damage|p2a: Kingambit|53/100
|-hitcount|p2a: Kingambit|2
|
|-heal|p1a: Scizor|13/100|[from] Grassy Terrain
|-heal|p2a: Kingambit|59/100|[from] Grassy Terrain
|upkeep
|turn|71
|
|t:|1760318317
|switch|p1a: Garganacl|Garganacl, M, tera:Dragon|100/100
|move|p2a: Kingambit|Sucker Punch||[still]
|-fail|p2a: Kingambit
|
|-heal|p2a: Kingambit|65/100|[from] Grassy Terrain
|upkeep
|turn|72
|
|t:|1760318319
|-end|p2a: Kingambit|fallen2|[silent]
|switch|p2a: Slowking|Slowking-Galar, F|82/100
|move|p1a: Garganacl|Salt Cure|p2a: Slowking
|-damage|p2a: Slowking|66/100
|-start|p2a: Slowking|Salt Cure
|
|-heal|p2a: Slowking|72/100|[from] Grassy Terrain
|-damage|p2a: Slowking|60/100|[from] Salt Cure
|-fieldend|move: Grassy Terrain
|upkeep
|turn|73
|
|t:|1760318322
|move|p1a: Garganacl|Iron Defense|p1a: Garganacl
|-boost|p1a: Garganacl|def|2
|-prepare|p2a: Slowking|Chilly Reception|[premajor]
|move|p2a: Slowking|Chilly Reception|p2a: Slowking
|-weather|Snowscape
|
|t:|1760318325
|switch|p2a: Raging Bolt|Raging Bolt|71/100|[from] Chilly Reception
|
|-weather|Snowscape|[upkeep]
|upkeep
|turn|74
|
|t:|1760318331
|move|p2a: Raging Bolt|Dragon Pulse|p1a: Garganacl
|-supereffective|p1a: Garganacl
|-damage|p1a: Garganacl|0 fnt
|faint|p1a: Garganacl
|
|-weather|Snowscape|[upkeep]
|upkeep
|-message|Lenghong forfeited.
|
|win|WalkingOnionRings
|raw|Lenghong's rating: 1479 &rarr; <strong>1458</strong><br />(-21 for losing)
|raw|WalkingOnionRings's rating: 1455 &rarr; <strong>1476</strong><br />(+21 for winning)
|l|☆Lenghong
|player|p1|
