|j|☆Shanubiki
|j|☆irobutz
|t:|1760440925
|gametype|singles
|player|p1|Shanubiki|265|1675
|player|p2|irobutz|170|1598
|gen|9
|tier|[Gen 9] OU
|rated|
|rule|HP Percentage Mod: HP is shown in percentages
|rule|Endless Battle Clause: Forcing endless battles is banned
|rule|Species Clause: Limit one of each Pokémon
|rule|OHKO Clause: OHKO moves are banned
|rule|Evasion Items Clause: Evasion items are banned
|rule|Evasion Moves Clause: Evasion moves are banned
|rule|Evasion Abilities Clause: Evasion abilities are banned
|rule|Sleep Moves Clause: Sleep-inducing moves are banned
|clearpoke
|poke|p1|Hoopa-Unbound|
|poke|p1|Corviknight, M|
|poke|p1|Kommo-o, F|
|poke|p1|Iron Treads|
|poke|p1|Iron Moth|
|poke|p1|Ogerpon-Wellspring, F|
|poke|p2|Iron Crown|
|poke|p2|Meowscarada, F|
|poke|p2|Great Tusk|
|poke|p2|Pecharunt|
|poke|p2|Ting-Lu|
|poke|p2|Iron Valiant|
|teampreview
|inactive|Battle timer is ON: inactive players will automatically lose when time's up. (requested by irobutz)
|
|t:|1760440945
|teamsize|p1|6
|teamsize|p2|6
|start
|switch|p1a: Corviknight|Corviknight, M|100/100
|switch|p2a: Meowscarada|Meowscarada, F|100/100
|-ability|p1a: Corviknight|Pressure
|turn|1
|
|t:|1760440953
|move|p2a: Meowscarada|Knock Off|p1a: Corviknight
|-start|p2a: Meowscarada|typechange|Dark|[from] ability: Protean
|-damage|p1a: Corviknight|58/100
|-damage|p2a: Meowscarada|84/100|[from] item: Rocky Helmet|[of] p1a: Corviknight
|-enditem|p1a: Corviknight|Rocky Helmet|[from] move: Knock Off|[of] p2a: Meowscarada
|move|p1a: Corviknight|U-turn|p2a: Meowscarada
|-supereffective|p2a: Meowscarada
|-damage|p2a: Meowscarada|40/100
|
|t:|1760440958
|switch|p1a: Kommo-o|Kommo-o, F|100/100|[from] U-turn
|
|upkeep
|turn|2
|j| wgw2333
|
|t:|1760440970
|switch|p2a: Iron Valiant|Iron Valiant|100/100
|-enditem|p2a: Iron Valiant|Booster Energy
|-activate|p2a: Iron Valiant|ability: Quark Drive|[fromitem]
|-start|p2a: Iron Valiant|quarkdrivespe
|switch|p1a: Corviknight|Corviknight, M|58/100
|-ability|p1a: Corviknight|Pressure
|
|upkeep
|turn|3
|
|t:|1760440983
|-end|p2a: Iron Valiant|Quark Drive|[silent]
|switch|p2a: Pecharunt|Pecharunt|100/100
|move|p1a: Corviknight|Brave Bird|p2a: Pecharunt
|-damage|p2a: Pecharunt|85/100
|-damage|p1a: Corviknight|42/100|[from] item: Rocky Helmet|[of] p2a: Pecharunt
|-damage|p1a: Corviknight|37/100|[from] Recoil
|
|upkeep
|turn|4
|
|t:|1760440986
|move|p2a: Pecharunt|Parting Shot|p1a: Corviknight
|-unboost|p1a: Corviknight|atk|1
|-unboost|p1a: Corviknight|spa|1
|
|t:|1760440989
|switch|p2a: Iron Crown|Iron Crown|100/100|[from] Parting Shot
|move|p1a: Corviknight|Roost|p1a: Corviknight
|-heal|p1a: Corviknight|87/100
|-singleturn|p1a: Corviknight|move: Roost
|
|upkeep
|turn|5
|
|t:|1760440993
|switch|p1a: Iron Treads|Iron Treads|100/100
|move|p2a: Iron Crown|Focus Blast|p1a: Iron Treads
|-supereffective|p1a: Iron Treads
|-crit|p1a: Iron Treads
|-damage|p1a: Iron Treads|0 fnt
|faint|p1a: Iron Treads
|-end|p1a: Iron Treads|Quark Drive|[silent]
|
|upkeep
|
|t:|1760441000
|switch|p1a: Hoopa|Hoopa-Unbound|100/100
|turn|6
|
|t:|1760441020
|-end|p2a: Iron Crown|Quark Drive|[silent]
|switch|p2a: Iron Valiant|Iron Valiant|100/100
|move|p1a: Hoopa|Knock Off|p2a: Iron Valiant
|-resisted|p2a: Iron Valiant
|-damage|p2a: Iron Valiant|90/100
|
|upkeep
|turn|7
|
|t:|1760441032
|switch|p1a: Corviknight|Corviknight, M|87/100
|-ability|p1a: Corviknight|Pressure
|move|p2a: Iron Valiant|Close Combat|p1a: Corviknight
|-damage|p1a: Corviknight|53/100
|-unboost|p2a: Iron Valiant|def|1
|-unboost|p2a: Iron Valiant|spd|1
|
|upkeep
|turn|8
|
|t:|1760441043
|-end|p2a: Iron Valiant|Quark Drive|[silent]
|switch|p2a: Iron Crown|Iron Crown|100/100
|move|p1a: Corviknight|U-turn|p2a: Iron Crown
|-damage|p2a: Iron Crown|86/100
|
|t:|1760441054
|switch|p1a: Ogerpon|Ogerpon-Wellspring, F|100/100|[from] U-turn
|
|upkeep
|turn|9
|
|t:|1760441060
|-end|p2a: Iron Crown|Quark Drive|[silent]
|switch|p2a: Pecharunt|Pecharunt|85/100
|move|p1a: Ogerpon|Ivy Cudgel|p2a: Pecharunt|[anim] Ivy Cudgel Water
|-damage|p2a: Pecharunt|55/100
|
|upkeep
|turn|10
|
|t:|1760441069
|switch|p1a: Kommo-o|Kommo-o, F|100/100
|move|p2a: Pecharunt|Recover|p2a: Pecharunt
|-heal|p2a: Pecharunt|100/100
|
|upkeep
|turn|11
|
|t:|1760441078
|move|p1a: Kommo-o|Stealth Rock|p2a: Pecharunt
|-sidestart|p2: irobutz|move: Stealth Rock
|move|p2a: Pecharunt|Malignant Chain|p1a: Kommo-o
|-damage|p1a: Kommo-o|74/100
|
|-heal|p1a: Kommo-o|80/100|[from] item: Leftovers
|upkeep
|turn|12
|
|t:|1760441082
|switch|p1a: Corviknight|Corviknight, M|53/100
|-ability|p1a: Corviknight|Pressure
|move|p2a: Pecharunt|Parting Shot|p1a: Corviknight
|-unboost|p1a: Corviknight|atk|1
|-unboost|p1a: Corviknight|spa|1
|
|t:|1760441086
|switch|p2a: Great Tusk|Great Tusk|100/100|[from] Parting Shot
|-damage|p2a: Great Tusk|98/100|[from] Stealth Rock
|
|-heal|p2a: Great Tusk|100/100|[from] item: Leftovers
|upkeep
|turn|13
|
|t:|1760441092
|move|p2a: Great Tusk|Bulk Up|p2a: Great Tusk
|-boost|p2a: Great Tusk|atk|1
|-boost|p2a: Great Tusk|def|1
|move|p1a: Corviknight|Brave Bird|p2a: Great Tusk
|-supereffective|p2a: Great Tusk
|-damage|p2a: Great Tusk|78/100
|-damage|p1a: Corviknight|45/100|[from] Recoil
|
|-heal|p2a: Great Tusk|84/100|[from] item: Leftovers
|upkeep
|turn|14
|
|t:|1760441101
|move|p2a: Great Tusk|Rapid Spin|p1a: Corviknight
|-resisted|p1a: Corviknight
|-damage|p1a: Corviknight|38/100
|-boost|p2a: Great Tusk|spe|1
|-sideend|p2: irobutz|Stealth Rock|[from] move: Rapid Spin|[of] p2a: Great Tusk
|move|p1a: Corviknight|U-turn|p2a: Great Tusk
|-resisted|p2a: Great Tusk
|-damage|p2a: Great Tusk|82/100
|
|t:|1760441103
|switch|p1a: Ogerpon|Ogerpon-Wellspring, F|100/100|[from] U-turn
|
|-heal|p2a: Great Tusk|88/100|[from] item: Leftovers
|upkeep
|turn|15
|
|t:|1760441106
|move|p2a: Great Tusk|Headlong Rush|p1a: Ogerpon
|-resisted|p1a: Ogerpon
|-damage|p1a: Ogerpon|47/100
|-unboost|p2a: Great Tusk|def|1
|-unboost|p2a: Great Tusk|spd|1
|move|p1a: Ogerpon|Ivy Cudgel|p2a: Great Tusk|[anim] Ivy Cudgel Water
|-supereffective|p2a: Great Tusk
|-crit|p2a: Great Tusk
|-damage|p2a: Great Tusk|0 fnt
|faint|p2a: Great Tusk
|-end|p2a: Great Tusk|Protosynthesis|[silent]
|
|upkeep
|
|t:|1760441113
|switch|p2a: Pecharunt|Pecharunt|100/100
|turn|16
|
|t:|1760441117
|switch|p1a: Corviknight|Corviknight, M|38/100
|-ability|p1a: Corviknight|Pressure
|move|p2a: Pecharunt|Parting Shot|p1a: Corviknight
|-unboost|p1a: Corviknight|atk|1
|-unboost|p1a: Corviknight|spa|1
|
|t:|1760441119
|switch|p2a: Iron Crown|Iron Crown|86/100|[from] Parting Shot
|
|upkeep
|turn|17
|
|t:|1760441123
|switch|p1a: Hoopa|Hoopa-Unbound|100/100
|move|p2a: Iron Crown|Volt Switch|p1a: Hoopa
|-damage|p1a: Hoopa|69/100
|
|t:|1760441137
|-end|p2a: Iron Crown|Quark Drive|[silent]
|switch|p2a: Meowscarada|Meowscarada, F|40/100|[from] Volt Switch
|
|upkeep
|turn|18
|
|t:|1760441140
|switch|p1a: Kommo-o|Kommo-o, F|80/100
|move|p2a: Meowscarada|U-turn|p1a: Kommo-o
|-start|p2a: Meowscarada|typechange|Bug|[from] ability: Protean
|-resisted|p1a: Kommo-o
|-damage|p1a: Kommo-o|61/100
|
|t:|1760441147
|switch|p2a: Iron Valiant|Iron Valiant|90/100|[from] U-turn
|
|-heal|p1a: Kommo-o|67/100|[from] item: Leftovers
|upkeep
|turn|19
|
|t:|1760441152
|switch|p1a: Iron Moth|Iron Moth|100/100
|-enditem|p1a: Iron Moth|Booster Energy
|-activate|p1a: Iron Moth|ability: Quark Drive|[fromitem]
|-start|p1a: Iron Moth|quarkdrivespe
|move|p2a: Iron Valiant|Moonblast|p1a: Iron Moth
|-resisted|p1a: Iron Moth
|-damage|p1a: Iron Moth|89/100
|
|upkeep
|turn|20
|
|t:|1760441158
|-end|p1a: Iron Moth|Quark Drive|[silent]
|switch|p1a: Corviknight|Corviknight, M|38/100
|-ability|p1a: Corviknight|Pressure
|-end|p2a: Iron Valiant|Quark Drive|[silent]
|switch|p2a: Ting-Lu|Ting-Lu|100/100
|-ability|p2a: Ting-Lu|Vessel of Ruin
|
|upkeep
|turn|21
|
|t:|1760441166
|switch|p2a: Iron Crown|Iron Crown|86/100
|move|p1a: Corviknight|Roost|p1a: Corviknight
|-heal|p1a: Corviknight|88/100
|-singleturn|p1a: Corviknight|move: Roost
|
|upkeep
|turn|22
|
|t:|1760441169
|switch|p1a: Kommo-o|Kommo-o, F|67/100
|move|p2a: Iron Crown|Volt Switch|p1a: Kommo-o
|-resisted|p1a: Kommo-o
|-damage|p1a: Kommo-o|50/100
|
|t:|1760441183
|-end|p2a: Iron Crown|Quark Drive|[silent]
|switch|p2a: Meowscarada|Meowscarada, F|40/100|[from] Volt Switch
|
|-heal|p1a: Kommo-o|56/100|[from] item: Leftovers
|upkeep
|turn|23
|
|t:|1760441187
|move|p2a: Meowscarada|Triple Axel|p1a: Kommo-o
|-start|p2a: Meowscarada|typechange|Ice|[from] ability: Protean
|-supereffective|p1a: Kommo-o
|-damage|p1a: Kommo-o|32/100
|-supereffective|p1a: Kommo-o
|-damage|p1a: Kommo-o|0 fnt
|faint|p1a: Kommo-o
|-hitcount|p1: Kommo-o|2
|
|upkeep
|
|t:|1760441193
|switch|p1a: Corviknight|Corviknight, M|88/100
|-ability|p1a: Corviknight|Pressure
|turn|24
|-message|Shanubiki forfeited.
|
|win|irobutz
|raw|Shanubiki's rating: 1675 &rarr; <strong>1651</strong><br />(-24 for losing)
|raw|irobutz's rating: 1598 &rarr; <strong>1622</strong><br />(+24 for winning)
|l|☆Shanubiki
|player|p1|
|l|☆irobutz
|player|p2|
|l| wgw2333
