|j|☆Aliashood75
|j|☆noobnpc_69
|t:|1760435152
|gametype|singles
|player|p1|Aliashood75|1|1339
|player|p2|noobnpc_69|unknown|1326
|gen|9
|tier|[Gen 9] OU
|rated|
|rule|HP Percentage Mod: HP is shown in percentages
|rule|Endless Battle Clause: Forcing endless battles is banned
|rule|Species Clause: Limit one of each Pokémon
|rule|OHKO Clause: OHKO moves are banned
|rule|Evasion Items Clause: Evasion items are banned
|rule|Evasion Moves Clause: Evasion moves are banned
|rule|Evasion Abilities Clause: Evasion abilities are banned
|rule|Sleep Moves Clause: Sleep-inducing moves are banned
|clearpoke
|poke|p1|Kingambit, M|
|poke|p1|Deoxys-Speed|
|poke|p1|Great Tusk|
|poke|p1|Dragonite, M|
|poke|p1|Iron Moth|
|poke|p1|Primarina, M|
|poke|p2|Slaking, M|
|poke|p2|Alomomola, F|
|poke|p2|Heatran, M|
|poke|p2|Zamazenta-*|
|poke|p2|Slowking-Galar, F|
|poke|p2|Great Tusk|
|teampreview
|inactive|Battle timer is ON: inactive players will automatically lose when time's up. (requested by noobnpc_69)
|
|t:|1760435171
|teamsize|p1|6
|teamsize|p2|6
|start
|switch|p1a: Moebius|Deoxys-Speed|100/100
|switch|p2a: Slaking|Slaking, M, shiny|100/100
|-ability|p1a: Moebius|Pressure
|turn|1
|
|t:|1760435179
|-terastallize|p1a: Moebius|Psychic
|move|p1a: Moebius|Psycho Boost|p2a: Slaking
|-damage|p2a: Slaking|0 fnt
|-unboost|p1a: Moebius|spa|2
|faint|p2a: Slaking
|-damage|p1a: Moebius|91/100|[from] item: Life Orb
|
|upkeep
|
|t:|1760435190
|switch|p2a: Slowking|Slowking-Galar, F|100/100
|turn|2
|
|t:|1760435193
|move|p1a: Moebius|Nasty Plot|p1a: Moebius
|-boost|p1a: Moebius|spa|2
|-prepare|p2a: Slowking|Chilly Reception|[premajor]
|move|p2a: Slowking|Chilly Reception|p2a: Slowking
|-weather|Snowscape
|
|t:|1760435196
|switch|p2a: Heatran|Heatran, M|100/100|[from] Chilly Reception
|
|-weather|Snowscape|[upkeep]
|upkeep
|turn|3
|
|t:|1760435206
|switch|p1a: Anomаly|Iron Moth|100/100
|-enditem|p1a: Anomаly|Booster Energy
|-activate|p1a: Anomаly|ability: Quark Drive|[fromitem]
|-start|p1a: Anomаly|quarkdrivespe
|move|p2a: Heatran|Magma Storm|p1a: Anomаly
|-resisted|p1a: Anomаly
|-damage|p1a: Anomаly|80/100
|-activate|p1a: Anomаly|move: Magma Storm|[of] p2a: Heatran
|
|-weather|Snowscape|[upkeep]
|-damage|p1a: Anomаly|67/100|[from] move: Magma Storm|[partiallytrapped]
|upkeep
|turn|4
|
|t:|1760435218
|-terastallize|p2a: Heatran|Bug
|move|p1a: Anomаly|Toxic Spikes|p2a: Heatran
|-sidestart|p2: noobnpc_69|move: Toxic Spikes
|move|p2a: Heatran|Earth Power|p1a: Anomаly
|-supereffective|p1a: Anomаly
|-damage|p1a: Anomаly|0 fnt
|faint|p1a: Anomаly
|-end|p1a: Anomаly|Quark Drive|[silent]
|
|-weather|Snowscape|[upkeep]
|upkeep
|
|t:|1760435237
|switch|p1a: Yoshi|Dragonite, M, shiny|100/100
|turn|5
|
|t:|1760435243
|move|p1a: Yoshi|Outrage|p2a: Heatran
|-damage|p2a: Heatran|12/100
|move|p2a: Heatran|Taunt|p1a: Yoshi
|-start|p1a: Yoshi|move: Taunt
|
|-weather|Snowscape|[upkeep]
|-heal|p2a: Heatran|18/100|[from] item: Leftovers
|upkeep
|turn|6
|
|t:|1760435250
|switch|p2a: Zamazenta|Zamazenta|100/100
|-status|p2a: Zamazenta|psn
|-ability|p2a: Zamazenta|Dauntless Shield|boost
|-boost|p2a: Zamazenta|def|1
|move|p1a: Yoshi|Outrage|p2a: Zamazenta|[from] lockedmove
|-damage|p2a: Zamazenta|50/100 psn
|
|-weather|none
|-heal|p2a: Zamazenta|56/100 psn|[from] item: Leftovers
|-damage|p2a: Zamazenta|44/100 psn|[from] psn
|upkeep
|turn|7
|
|t:|1760435265
|move|p2a: Zamazenta|Body Press|p1a: Yoshi
|-resisted|p1a: Yoshi
|-damage|p1a: Yoshi|88/100
|move|p1a: Yoshi|Outrage|p2a: Zamazenta|[from] lockedmove
|-damage|p2a: Zamazenta|0 fnt
|faint|p2a: Zamazenta
|-start|p1a: Yoshi|confusion|[fatigue]
|
|upkeep
|
|t:|1760435270
|switch|p2a: Alomomola|Alomomola, F|100/100
|turn|8
|
|t:|1760435278
|switch|p1a: Siren|Primarina, M|100/100
|move|p2a: Alomomola|Tickle|p1a: Siren
|-unboost|p1a: Siren|atk|1
|-unboost|p1a: Siren|def|1
|
|upkeep
|turn|9
|
|t:|1760435284
|switch|p2a: Slowking|Slowking-Galar, F|100/100
|-sideend|p2: noobnpc_69|move: Toxic Spikes|[of] p2a: Slowking
|move|p1a: Siren|Whirlpool|p2a: Slowking|[miss]
|-miss|p1a: Siren|p2a: Slowking
|
|upkeep
|turn|10
|
|t:|1760435293
|move|p1a: Siren|Psychic Noise|p2a: Slowking
|-damage|p2a: Slowking|85/100
|-start|p2a: Slowking|move: Heal Block
|move|p2a: Slowking|Sludge Bomb|p1a: Siren
|-supereffective|p1a: Siren
|-crit|p1a: Siren
|-damage|p1a: Siren|36/100
|
|upkeep
|turn|11
|
|t:|1760435301
|switch|p1a: Meruem|Kingambit, M|100/100
|-activate|p1a: Meruem|ability: Supreme Overlord
|-start|p1a: Meruem|fallen1|[silent]
|-prepare|p2a: Slowking|Chilly Reception|[premajor]
|move|p2a: Slowking|Chilly Reception|p2a: Slowking
|-weather|Snowscape
|
|t:|1760435304
|switch|p2a: Great Tusk|Great Tusk|100/100|[from] Chilly Reception
|
|-weather|Snowscape|[upkeep]
|upkeep
|turn|12
|
|t:|1760435311
|-end|p1a: Meruem|fallen1|[silent]
|switch|p1a: Anomaly|Great Tusk|100/100
|-enditem|p1a: Anomaly|Booster Energy
|-activate|p1a: Anomaly|ability: Protosynthesis|[fromitem]
|-start|p1a: Anomaly|protosynthesisatk
|move|p2a: Great Tusk|Ice Spinner|p1a: Anomaly
|-supereffective|p1a: Anomaly
|-damage|p1a: Anomaly|59/100
|
|-weather|Snowscape|[upkeep]
|upkeep
|turn|13
|
|t:|1760435321
|-end|p2a: Great Tusk|Protosynthesis|[silent]
|switch|p2a: Alomomola|Alomomola, F|100/100
|move|p1a: Anomaly|Rapid Spin|p2a: Alomomola
|-damage|p2a: Alomomola|88/100
|-boost|p1a: Anomaly|spe|1
|
|-weather|Snowscape|[upkeep]
|upkeep
|turn|14
|
|t:|1760435331
|move|p1a: Anomaly|Headlong Rush|p2a: Alomomola
|-damage|p2a: Alomomola|42/100
|-unboost|p1a: Anomaly|def|1
|-unboost|p1a: Anomaly|spd|1
|move|p2a: Alomomola|Wish|p2a: Alomomola
|
|-weather|Snowscape|[upkeep]
|upkeep
|turn|15
|
|t:|1760435358
|move|p2a: Alomomola|Protect|p2a: Alomomola
|-singleturn|p2a: Alomomola|Protect
|move|p1a: Anomaly|Headlong Rush|p2a: Alomomola
|-activate|p2a: Alomomola|move: Protect
|
|-weather|none
|-heal|p2a: Alomomola|92/100|[from] move: Wish|[wisher] Alomomola
|upkeep
|turn|16
|
|t:|1760435369
|-end|p1a: Anomaly|Protosynthesis|[silent]
|switch|p1a: Siren|Primarina, M|36/100
|move|p2a: Alomomola|Tickle|p1a: Siren
|-unboost|p1a: Siren|atk|1
|-unboost|p1a: Siren|def|1
|
|upkeep
|turn|17
|
|t:|1760435378
|move|p1a: Siren|Psychic Noise|p2a: Alomomola
|-damage|p2a: Alomomola|56/100
|-start|p2a: Alomomola|move: Heal Block
|move|p2a: Alomomola|Flip Turn|p1a: Siren
|-resisted|p1a: Siren
|-damage|p1a: Siren|20/100
|
|t:|1760435383
|switch|p2a: Heatran|Heatran, M, tera:Bug|18/100|[from] Flip Turn
|
|-heal|p2a: Heatran|24/100|[from] item: Leftovers
|upkeep
|turn|18
|
|t:|1760435390
|move|p1a: Siren|Surf|p2a: Heatran
|-damage|p2a: Heatran|0 fnt
|faint|p2a: Heatran
|
|upkeep
|
|t:|1760435398
|switch|p2a: Great Tusk|Great Tusk|100/100
|turn|19
|
|t:|1760435403
|move|p2a: Great Tusk|Rapid Spin|p1a: Siren
|-damage|p1a: Siren|0 fnt
|-boost|p2a: Great Tusk|spe|1
|faint|p1a: Siren
|
|upkeep
|
|t:|1760435409
|switch|p1a: Moebius|Deoxys-Speed, tera:Psychic|91/100
|-ability|p1a: Moebius|Pressure
|turn|20
|
|t:|1760435415
|move|p1a: Moebius|Psycho Boost|p2a: Great Tusk
|-supereffective|p2a: Great Tusk
|-damage|p2a: Great Tusk|0 fnt
|-unboost|p1a: Moebius|spa|2
|faint|p2a: Great Tusk
|-end|p2a: Great Tusk|Protosynthesis|[silent]
|-damage|p1a: Moebius|81/100|[from] item: Life Orb
|
|upkeep
|-message|noobnpc_69 forfeited.
|
|win|Aliashood75
|raw|Aliashood75's rating: 1339 &rarr; <strong>1358</strong><br />(+19 for winning)
|raw|noobnpc_69's rating: 1326 &rarr; <strong>1307</strong><br />(-19 for losing)
|l|☆noobnpc_69
|player|p2|
|l|☆Aliashood75
|player|p1|
