|j|☆King L5
|j|☆Sepublic
|t:|1760339451
|gametype|singles
|player|p1|King L5|#dcliiinfernalarmory|1453
|player|p2|Sepublic|102|1445
|gen|9
|tier|[Gen 9] OU
|rated|
|rule|HP Percentage Mod: HP is shown in percentages
|rule|Endless Battle Clause: Forcing endless battles is banned
|rule|Species Clause: Limit one of each Pokémon
|rule|OHKO Clause: OHKO moves are banned
|rule|Evasion Items Clause: Evasion items are banned
|rule|Evasion Moves Clause: Evasion moves are banned
|rule|Evasion Abilities Clause: Evasion abilities are banned
|rule|Sleep Moves Clause: Sleep-inducing moves are banned
|clearpoke
|poke|p1|Meowscarada, M|
|poke|p1|Quaquaval, F|
|poke|p1|Armarouge, F|
|poke|p1|Indeedee, M|
|poke|p1|Iron Hands|
|poke|p1|Iron Treads|
|poke|p2|Great Tusk|
|poke|p2|Zapdos|
|poke|p2|Meowscarada, F|
|poke|p2|Kingambit, F|
|poke|p2|Dragapult, F|
|poke|p2|Clefable, F|
|teampreview
|inactive|Battle timer is ON: inactive players will automatically lose when time's up. (requested by Sepublic)
|
|t:|1760339475
|teamsize|p1|6
|teamsize|p2|6
|start
|switch|p1a: Treadulous|Iron Treads|100/100
|switch|p2a: Meowscarada|Meowscarada, F|100/100
|-enditem|p1a: Treadulous|Booster Energy
|-activate|p1a: Treadulous|ability: Quark Drive|[fromitem]
|-start|p1a: Treadulous|quarkdrivespe
|turn|1
|
|t:|1760339481
|switch|p2a: Zapdos|Zapdos|100/100
|move|p1a: Treadulous|Stealth Rock|p2a: Zapdos
|-sidestart|p2: Sepublic|move: Stealth Rock
|
|upkeep
|turn|2
|
|t:|1760339485
|move|p1a: Treadulous|Knock Off|p2a: Zapdos
|-damage|p2a: Zapdos|69/100
|-enditem|p2a: Zapdos|Heavy-Duty Boots|[from] move: Knock Off|[of] p1a: Treadulous
|move|p2a: Zapdos|Heat Wave|p1a: Treadulous
|-supereffective|p1a: Treadulous
|-damage|p1a: Treadulous|21/100
|
|upkeep
|turn|3
|
|t:|1760339503
|-end|p1a: Treadulous|Quark Drive|[silent]
|switch|p1a: Indubiously|Indeedee, M|100/100
|-fieldstart|move: Psychic Terrain|[from] ability: Psychic Surge|[of] p1a: Indubiously
|move|p2a: Zapdos|Roost|p2a: Zapdos
|-heal|p2a: Zapdos|100/100
|-singleturn|p2a: Zapdos|move: Roost
|
|upkeep
|turn|4
|
|t:|1760339527
|move|p2a: Zapdos|Volt Switch|p1a: Indubiously
|-damage|p1a: Indubiously|62/100
|
|t:|1760339530
|switch|p2a: Kingambit|Kingambit, F|100/100|[from] Volt Switch
|-damage|p2a: Kingambit|94/100|[from] Stealth Rock
|-item|p2a: Kingambit|Air Balloon
|move|p1a: Indubiously|Psychic|p2a: Kingambit
|-immune|p2a: Kingambit
|
|upkeep
|turn|5
|
|t:|1760339548
|switch|p1a: BBC|Quaquaval, F|100/100
|move|p2a: Kingambit|Kowtow Cleave|p1a: BBC
|-resisted|p1a: BBC
|-damage|p1a: BBC|70/100
|
|upkeep
|turn|6
|j| esrdtfyguhjhu
|
|t:|1760339551
|-end|p2a: Kingambit|fallenundefined|[silent]
|switch|p2a: Zapdos|Zapdos|100/100
|-damage|p2a: Zapdos|75/100|[from] Stealth Rock
|move|p1a: BBC|Aqua Step|p2a: Zapdos
|-damage|p2a: Zapdos|20/100
|-boost|p1a: BBC|spe|1
|
|upkeep
|turn|7
|
|t:|1760339555
|move|p1a: BBC|Aqua Step|p2a: Zapdos
|-damage|p2a: Zapdos|0 fnt
|-boost|p1a: BBC|spe|1
|-status|p1a: BBC|par|[from] ability: Static|[of] p2a: Zapdos
|faint|p2a: Zapdos
|-ability|p1a: BBC|Moxie|boost
|-boost|p1a: BBC|atk|1
|
|upkeep
|
|t:|1760339576
|switch|p2a: Meowscarada|Meowscarada, F|100/100
|-damage|p2a: Meowscarada|88/100|[from] Stealth Rock
|turn|8
|
|t:|1760339588
|switch|p1a: Infernal|Armarouge, F|100/100
|move|p2a: Meowscarada|Flower Trick|p1a: Infernal
|-start|p2a: Meowscarada|typechange|Grass|[from] ability: Protean
|-resisted|p1a: Infernal
|-crit|p1a: Infernal
|-damage|p1a: Infernal|61/100
|-ability|p1a: Infernal|Weak Armor|boost
|-unboost|p1a: Infernal|def|1
|-boost|p1a: Infernal|spe|2
|
|upkeep
|turn|9
|
|t:|1760339600
|switch|p2a: Clefable|Clefable, F|100/100
|move|p1a: Infernal|Armor Cannon|p2a: Clefable
|-damage|p2a: Clefable|59/100
|-unboost|p1a: Infernal|def|1
|-unboost|p1a: Infernal|spd|1
|
|-heal|p2a: Clefable|65/100|[from] item: Leftovers
|upkeep
|turn|10
|l| esrdtfyguhjhu
|
|t:|1760339625
|move|p1a: Infernal|Expanding Force|p2a: Clefable
|-damage|p2a: Clefable|13/100
|move|p2a: Clefable|Moonlight|p2a: Clefable
|-heal|p2a: Clefable|63/100
|
|-heal|p2a: Clefable|69/100|[from] item: Leftovers
|-fieldend|move: Psychic Terrain
|upkeep
|turn|11
|
|t:|1760339641
|switch|p1a: Indubiously|Indeedee, M|62/100
|-fieldstart|move: Psychic Terrain|[from] ability: Psychic Surge|[of] p1a: Indubiously
|move|p2a: Clefable|Thunder Wave|p1a: Indubiously
|-status|p1a: Indubiously|par
|
|-heal|p2a: Clefable|75/100|[from] item: Leftovers
|upkeep
|turn|12
|
|t:|1760339657
|switch|p1a: Treadulous|Iron Treads|21/100
|move|p2a: Clefable|Stealth Rock|p1a: Treadulous
|-sidestart|p1: King L5|move: Stealth Rock
|
|-heal|p2a: Clefable|81/100|[from] item: Leftovers
|upkeep
|turn|13
|
|t:|1760339662
|switch|p2a: Dragapult|Dragapult, F|100/100
|-damage|p2a: Dragapult|88/100|[from] Stealth Rock
|move|p1a: Treadulous|Rapid Spin|p2a: Dragapult
|-immune|p2a: Dragapult
|
|-heal|p2a: Dragapult|94/100|[from] item: Leftovers
|upkeep
|turn|14
|
|t:|1760339670
|move|p2a: Dragapult|Hex|p1a: Treadulous
|-damage|p1a: Treadulous|0 fnt
|faint|p1a: Treadulous
|-end|p1a: Treadulous|Quark Drive|[silent]
|
|-heal|p2a: Dragapult|99/100|[from] item: Leftovers
|upkeep
|
|t:|1760339676
|switch|p1a: BIG MEOW!!!|Meowscarada, M|100/100
|-damage|p1a: BIG MEOW!!!|88/100|[from] Stealth Rock
|turn|15
|
|t:|1760339681
|move|p1a: BIG MEOW!!!|Knock Off|p2a: Dragapult
|-start|p1a: BIG MEOW!!!|typechange|Dark|[from] ability: Protean
|-supereffective|p2a: Dragapult
|-damage|p2a: Dragapult|0 fnt
|-enditem|p2a: Dragapult|Leftovers|[from] move: Knock Off|[of] p1a: BIG MEOW!!!
|faint|p2a: Dragapult
|
|upkeep
|
|t:|1760339694
|switch|p2a: Clefable|Clefable, F|81/100
|turn|16
|inactive|King L5 has 120 seconds left.
|
|t:|1760339731
|move|p1a: BIG MEOW!!!|Knock Off|p2a: Clefable
|-resisted|p2a: Clefable
|-damage|p2a: Clefable|57/100
|-enditem|p2a: Clefable|Leftovers|[from] move: Knock Off|[of] p1a: BIG MEOW!!!
|move|p2a: Clefable|Thunder Wave|p1a: BIG MEOW!!!|[miss]
|-miss|p2a: Clefable|p1a: BIG MEOW!!!
|
|upkeep
|turn|17
|inactive|King L5 has 120 seconds left.
|
|t:|1760339757
|switch|p1a: BBC|Quaquaval, F|70/100 par
|-damage|p1a: BBC|64/100 par|[from] Stealth Rock
|move|p2a: Clefable|Moonlight|p2a: Clefable
|-heal|p2a: Clefable|100/100
|
|upkeep
|turn|18
|
|t:|1760339761
|move|p2a: Clefable|Moonblast|p1a: BBC
|-supereffective|p1a: BBC
|-damage|p1a: BBC|0 fnt
|faint|p1a: BBC
|
|-fieldend|move: Psychic Terrain
|upkeep
|
|t:|1760339764
|switch|p1a: Indubiously|Indeedee, M|62/100 par
|-damage|p1a: Indubiously|50/100 par|[from] Stealth Rock
|-fieldstart|move: Psychic Terrain|[from] ability: Psychic Surge|[of] p1a: Indubiously
|turn|19
|inactive|King L5 has 120 seconds left.
|
|t:|1760339774
|cant|p1a: Indubiously|par
|move|p2a: Clefable|Moonblast|p1a: Indubiously
|-damage|p1a: Indubiously|7/100 par
|
|upkeep
|turn|20
|
|t:|1760339778
|move|p1a: Indubiously|Healing Wish|p1a: Indubiously
|faint|p1a: Indubiously
|move|p2a: Clefable|Moonblast|p1: Indubiously|[notarget]
|-fail|p2a: Clefable
|
|upkeep
|
|t:|1760339784
|switch|p1a: Ironic Hands|Iron Hands|100/100
|-damage|p1a: Ironic Hands|94/100|[from] Stealth Rock
|turn|21
|inactive|King L5 has 120 seconds left.
|
|t:|1760339815
|-terastallize|p1a: Ironic Hands|Flying
|move|p1a: Ironic Hands|Swords Dance|p1a: Ironic Hands
|-boost|p1a: Ironic Hands|atk|2
|move|p2a: Clefable|Moonblast|p1a: Ironic Hands
|-damage|p1a: Ironic Hands|70/100
|
|-heal|p1a: Ironic Hands|76/100|[from] item: Leftovers
|upkeep
|turn|22
|
|t:|1760339839
|move|p1a: Ironic Hands|Thunder Punch|p2a: Clefable
|-damage|p2a: Clefable|8/100
|move|p2a: Clefable|Thunder Wave|p1a: Ironic Hands
|-status|p1a: Ironic Hands|par
|
|-heal|p1a: Ironic Hands|82/100 par|[from] item: Leftovers
|upkeep
|turn|23
|inactive|King L5 has 120 seconds left.
|
|t:|1760339847
|move|p2a: Clefable|Moonblast|p1a: Ironic Hands
|-damage|p1a: Ironic Hands|58/100 par
|move|p1a: Ironic Hands|Thunder Punch|p2a: Clefable
|-damage|p2a: Clefable|0 fnt
|faint|p2a: Clefable
|
|-heal|p1a: Ironic Hands|64/100 par|[from] item: Leftovers
|upkeep
|
|t:|1760339861
|switch|p2a: Great Tusk|Great Tusk|100/100
|turn|24
|inactive|King L5 has 120 seconds left.
|
|t:|1760339876
|-end|p1a: Ironic Hands|Quark Drive|[silent]
|switch|p1a: Infernal|Armarouge, F|61/100
|-heal|p1a: Infernal|100/100|[from] move: Healing Wish
|-damage|p1a: Infernal|76/100|[from] Stealth Rock
|move|p2a: Great Tusk|Ice Spinner|p1a: Infernal
|-resisted|p1a: Infernal
|-damage|p1a: Infernal|61/100
|-ability|p1a: Infernal|Weak Armor|boost
|-unboost|p1a: Infernal|def|1
|-boost|p1a: Infernal|spe|2
|-fieldend|move: Psychic Terrain
|
|upkeep
|turn|25
|inactive|King L5 has 120 seconds left.
|
|t:|1760339906
|-terastallize|p2a: Great Tusk|Fire
|move|p1a: Infernal|Endure|p1a: Infernal
|-singleturn|p1a: Infernal|move: Endure
|move|p2a: Great Tusk|Headlong Rush|p1a: Infernal
|-supereffective|p1a: Infernal
|-activate|p1a: Infernal|move: Endure
|-damage|p1a: Infernal|1/100
|-unboost|p2a: Great Tusk|def|1
|-unboost|p2a: Great Tusk|spd|1
|-ability|p1a: Infernal|Weak Armor|boost
|-unboost|p1a: Infernal|def|1
|-boost|p1a: Infernal|spe|2
|-enditem|p1a: Infernal|Weakness Policy
|-boost|p1a: Infernal|atk|2|[from] item: Weakness Policy
|-boost|p1a: Infernal|spa|2|[from] item: Weakness Policy
|
|upkeep
|turn|26
|c|☆Sepublic|omg
|inactive|King L5 has 90 seconds left.
|c|☆Sepublic|i am cooked
|
|t:|1760339945
|move|p1a: Infernal|Armor Cannon|p2a: Great Tusk
|-resisted|p2a: Great Tusk
|-damage|p2a: Great Tusk|0 fnt
|-unboost|p1a: Infernal|def|1
|-unboost|p1a: Infernal|spd|1
|faint|p2a: Great Tusk
|-end|p2a: Great Tusk|Protosynthesis|[silent]
|
|upkeep
|
|t:|1760339949
|switch|p2a: Kingambit|Kingambit, F|94/100
|-damage|p2a: Kingambit|88/100|[from] Stealth Rock
|-activate|p2a: Kingambit|ability: Supreme Overlord
|-start|p2a: Kingambit|fallen4|[silent]
|-item|p2a: Kingambit|Air Balloon
|turn|27
|inactive|King L5 has 90 seconds left.
|c|☆King L5|hi cooked
|c|☆King L5|im king l5
|c|☆Sepublic|No, you must be my dad
|c|☆King L5|okay
|inactive|King L5 has 60 seconds left.
|
|t:|1760339985
|move|p1a: Infernal|Endure|p1a: Infernal
|-singleturn|p1a: Infernal|move: Endure
|move|p2a: Kingambit|Sucker Punch||[still]
|-fail|p2a: Kingambit
|
|upkeep
|turn|28
|
|t:|1760339991
|move|p1a: Infernal|Endure||[still]
|-fail|p1a: Infernal
|move|p2a: Kingambit|Sucker Punch||[still]
|-fail|p2a: Kingambit
|
|upkeep
|turn|29
|
|t:|1760339995
|move|p1a: Infernal|Endure|p1a: Infernal
|-singleturn|p1a: Infernal|move: Endure
|move|p2a: Kingambit|Sucker Punch||[still]
|-fail|p2a: Kingambit
|
|upkeep
|turn|30
|
|t:|1760340004
|move|p1a: Infernal|Endure||[still]
|-fail|p1a: Infernal
|move|p2a: Kingambit|Sucker Punch||[still]
|-fail|p2a: Kingambit
|
|upkeep
|turn|31
|inactive|King L5 has 90 seconds left.
|
|t:|1760340019
|move|p1a: Infernal|Endure|p1a: Infernal
|-singleturn|p1a: Infernal|move: Endure
|move|p2a: Kingambit|Sucker Punch||[still]
|-fail|p2a: Kingambit
|
|upkeep
|turn|32
|
|t:|1760340029
|move|p1a: Infernal|Endure||[still]
|-fail|p1a: Infernal
|move|p2a: Kingambit|Sucker Punch||[still]
|-fail|p2a: Kingambit
|
|upkeep
|turn|33
|inactive|King L5 has 90 seconds left.
|
|t:|1760340034
|move|p1a: Infernal|Endure|p1a: Infernal
|-singleturn|p1a: Infernal|move: Endure
|move|p2a: Kingambit|Kowtow Cleave|p1a: Infernal
|-supereffective|p1a: Infernal
|-activate|p1a: Infernal|move: Endure
|-damage|p1a: Infernal|1/100
|-ability|p1a: Infernal|Weak Armor|boost
|-unboost|p1a: Infernal|def|1
|-boost|p1a: Infernal|spe|2
|
|upkeep
|turn|34
|
|t:|1760340041
|move|p1a: Infernal|Armor Cannon|p2a: Kingambit
|-supereffective|p2a: Kingambit
|-crit|p2a: Kingambit
|-damage|p2a: Kingambit|0 fnt
|-unboost|p1a: Infernal|def|1
|-unboost|p1a: Infernal|spd|1
|-enditem|p2a: Kingambit|Air Balloon
|faint|p2a: Kingambit
|-end|p2a: Kingambit|fallen4|[silent]
|
|upkeep
|c|☆King L5|son.
|-message|Sepublic forfeited.
|
|win|King L5
|raw|King L5's rating: 1453 &rarr; <strong>1473</strong><br />(+20 for winning)
|raw|Sepublic's rating: 1445 &rarr; <strong>1425</strong><br />(-20 for losing)
|l|☆Sepublic
|player|p2|
|c|☆King L5|LOL
|l|☆King L5
|player|p1|
