|j|☆casear618
|j|☆zh199
|t:|1760333432
|gametype|singles
|player|p1|casear618|170|1225
|player|p2|zh199|101|1224
|gen|9
|tier|[Gen 9] OU
|rated|
|rule|HP Percentage Mod: HP is shown in percentages
|rule|Endless Battle Clause: Forcing endless battles is banned
|rule|Species Clause: Limit one of each Pokémon
|rule|OHKO Clause: OHKO moves are banned
|rule|Evasion Items Clause: Evasion items are banned
|rule|Evasion Moves Clause: Evasion moves are banned
|rule|Evasion Abilities Clause: Evasion abilities are banned
|rule|Sleep Moves Clause: Sleep-inducing moves are banned
|clearpoke
|poke|p1|Dragonite, F|
|poke|p1|Alomomola, F|
|poke|p1|Gliscor, F|
|poke|p1|Raging Bolt|
|poke|p1|Moltres|
|poke|p1|Heatran, M|
|poke|p2|Torterra, F|
|poke|p2|Ninetales-Alola, M|
|poke|p2|Dragonite, F|
|poke|p2|Weezing-Galar, M|
|poke|p2|Hatterene, F|
|poke|p2|Ceruledge, F|
|teampreview
|
|t:|1760333436
|teamsize|p1|6
|teamsize|p2|6
|start
|switch|p1a: Raging Bolt|Raging Bolt|100/100
|switch|p2a: Ninetales|Ninetales-Alola, M|100/100
|-weather|Snowscape|[from] ability: Snow Warning|[of] p2a: Ninetales
|turn|1
|inactive|Battle timer is ON: inactive players will automatically lose when time's up. (requested by zh199)
|
|t:|1760333444
|move|p1a: Raging Bolt|Volt Switch|p2a: Ninetales
|-damage|p2a: Ninetales|55/100
|
|t:|1760333447
|-end|p1a: Raging Bolt|Protosynthesis|[silent]
|switch|p1a: Heatran|Heatran, M|100/100|[from] Volt Switch
|move|p2a: Ninetales|Aurora Veil|p2a: Ninetales
|-sidestart|p2: zh199|move: Aurora Veil
|
|-weather|Snowscape|[upkeep]
|upkeep
|turn|2
|
|t:|1760333464
|switch|p2a: Dragonite|Dragonite, F|100/100
|-terastallize|p1a: Heatran|Fire
|move|p1a: Heatran|Overheat|p2a: Dragonite
|-resisted|p2a: Dragonite
|-damage|p2a: Dragonite|88/100
|-unboost|p1a: Heatran|spa|2
|
|-weather|Snowscape|[upkeep]
|upkeep
|turn|3
|
|t:|1760333474
|switch|p1a: Moltres|Moltres|100/100
|move|p2a: Dragonite|Dragon Dance|p2a: Dragonite
|-boost|p2a: Dragonite|atk|1
|-boost|p2a: Dragonite|spe|1
|
|-weather|Snowscape|[upkeep]
|upkeep
|turn|4
|
|t:|1760333481
|-terastallize|p2a: Dragonite|Flying
|move|p2a: Dragonite|Tera Blast|p1a: Moltres|[anim] Tera Blast Flying
|-damage|p1a: Moltres|15/100
|move|p1a: Moltres|Will-O-Wisp|p2a: Dragonite|[miss]
|-miss|p1a: Moltres|p2a: Dragonite
|
|-weather|Snowscape|[upkeep]
|upkeep
|turn|5
|
|t:|1760333494
|switch|p1a: Heatran|Heatran, M, tera:Fire|100/100
|move|p2a: Dragonite|Tera Blast|p1a: Heatran|[anim] Tera Blast Flying
|-damage|p1a: Heatran|20/100
|
|-weather|none
|-heal|p1a: Heatran|26/100|[from] item: Leftovers
|upkeep
|turn|6
|
|t:|1760333503
|move|p2a: Dragonite|Tera Blast|p1a: Heatran|[anim] Tera Blast Flying
|-damage|p1a: Heatran|0 fnt
|faint|p1a: Heatran
|
|upkeep
|
|t:|1760333510
|switch|p1a: Dragonite|Dragonite, F|100/100
|turn|7
|
|t:|1760333518
|move|p1a: Dragonite|Extreme Speed|p2a: Dragonite
|-damage|p2a: Dragonite|72/100
|move|p2a: Dragonite|Ice Spinner|p1a: Dragonite
|-supereffective|p1a: Dragonite
|-damage|p1a: Dragonite|13/100
|
|upkeep
|turn|8
|
|t:|1760333530
|move|p1a: Dragonite|Extreme Speed|p2a: Dragonite
|-damage|p2a: Dragonite|53/100
|move|p2a: Dragonite|Ice Spinner|p1a: Dragonite
|-supereffective|p1a: Dragonite
|-damage|p1a: Dragonite|0 fnt
|faint|p1a: Dragonite
|
|-sideend|p2: zh199|move: Aurora Veil
|upkeep
|
|t:|1760333538
|switch|p1a: Raging Bolt|Raging Bolt|100/100
|turn|9
|
|t:|1760333541
|switch|p2a: Torterra|Torterra, F|100/100
|move|p1a: Raging Bolt|Thunderclap||[still]
|-fail|p1a: Raging Bolt
|
|upkeep
|turn|10
|
|t:|1760333546
|-end|p1a: Raging Bolt|Protosynthesis|[silent]
|switch|p1a: Moltres|Moltres|15/100
|move|p2a: Torterra|Shell Smash|p2a: Torterra
|-unboost|p2a: Torterra|def|1
|-unboost|p2a: Torterra|spd|1
|-boost|p2a: Torterra|atk|2
|-boost|p2a: Torterra|spa|2
|-boost|p2a: Torterra|spe|2
|
|upkeep
|turn|11
|
|t:|1760333554
|move|p2a: Torterra|Bullet Seed|p1a: Moltres
|-resisted|p1a: Moltres
|-damage|p1a: Moltres|9/100
|-resisted|p1a: Moltres
|-damage|p1a: Moltres|2/100
|-resisted|p1a: Moltres
|-damage|p1a: Moltres|0 fnt
|faint|p1a: Moltres
|-hitcount|p1: Moltres|3
|
|upkeep
|-message|casear618 forfeited.
|
|win|zh199
|raw|casear618's rating: 1225 &rarr; <strong>1200</strong><br />(-25 for losing)
|raw|zh199's rating: 1224 &rarr; <strong>1249</strong><br />(+25 for winning)
|l|☆casear618
|player|p1|
|l|☆zh199
|player|p2|
