|j|☆peep the drip
|j|☆Shuckle Brother888
|t:|1760349209
|gametype|singles
|player|p1|peep the drip|wattson|1515
|player|p2|Shuckle Brother888|102|1563
|gen|9
|tier|[Gen 9] OU
|rated|
|rule|HP Percentage Mod: HP is shown in percentages
|rule|Endless Battle Clause: Forcing endless battles is banned
|rule|Species Clause: Limit one of each Pokémon
|rule|OHKO Clause: OHKO moves are banned
|rule|Evasion Items Clause: Evasion items are banned
|rule|Evasion Moves Clause: Evasion moves are banned
|rule|Evasion Abilities Clause: Evasion abilities are banned
|rule|Sleep Moves Clause: Sleep-inducing moves are banned
|clearpoke
|poke|p1|Pelipper, F|
|poke|p1|Hatterene, F|
|poke|p1|Iron Treads|
|poke|p1|Toxicroak, F|
|poke|p1|Barraskewda, F|
|poke|p1|Tornadus-Therian, M|
|poke|p2|Dragonite, F|
|poke|p2|Zamazenta-*|
|poke|p2|Landorus-Therian, M|
|poke|p2|Gholdengo|
|poke|p2|Darkrai|
|poke|p2|Hatterene, F|
|teampreview
|inactive|Battle timer is ON: inactive players will automatically lose when time's up. (requested by Shuckle Brother888)
|inactive|peep the drip also wants the timer to be on.
|
|t:|1760349227
|teamsize|p1|6
|teamsize|p2|6
|start
|switch|p1a: Pelipper|Pelipper, F, shiny|100/100
|switch|p2a: Gholdengo|Gholdengo|100/100
|-weather|RainDance|[from] ability: Drizzle|[of] p1a: Pelipper
|turn|1
|
|t:|1760349231
|switch|p1a: Iron Treads|Iron Treads|100/100
|move|p2a: Gholdengo|Thunderbolt|p1a: Iron Treads
|-immune|p1a: Iron Treads
|
|-weather|RainDance|[upkeep]
|upkeep
|turn|2
|
|t:|1760349236
|switch|p2a: Hatterene|Hatterene, F|100/100
|move|p1a: Iron Treads|Volt Switch|p2a: Hatterene
|-damage|p2a: Hatterene|93/100
|
|t:|1760349239
|-end|p1a: Iron Treads|Quark Drive|[silent]
|switch|p1a: Barraskewda|Barraskewda, F|100/100|[from] Volt Switch
|
|-weather|RainDance|[upkeep]
|upkeep
|turn|3
|
|t:|1760349252
|-terastallize|p2a: Hatterene|Water
|move|p1a: Barraskewda|Liquidation|p2a: Hatterene
|-resisted|p2a: Hatterene
|-damage|p2a: Hatterene|36/100
|move|p2a: Hatterene|Psyshock|p1a: Barraskewda
|-damage|p1a: Barraskewda|24/100
|
|-weather|RainDance|[upkeep]
|upkeep
|turn|4
|
|t:|1760349266
|move|p1a: Barraskewda|Liquidation|p2a: Hatterene
|-resisted|p2a: Hatterene
|-damage|p2a: Hatterene|0 fnt
|faint|p2a: Hatterene
|
|-weather|RainDance|[upkeep]
|upkeep
|
|t:|1760349268
|switch|p2a: Dragonite|Dragonite, F|100/100
|turn|5
|
|t:|1760349284
|switch|p1a: Toxicroak|Toxicroak, F, shiny|100/100
|move|p2a: Dragonite|Dragon Dance|p2a: Dragonite
|-boost|p2a: Dragonite|atk|1
|-boost|p2a: Dragonite|spe|1
|
|-weather|RainDance|[upkeep]
|upkeep
|turn|6
|
|t:|1760349289
|move|p2a: Dragonite|Earthquake|p1a: Toxicroak
|-supereffective|p1a: Toxicroak
|-damage|p1a: Toxicroak|4/100
|move|p1a: Toxicroak|Encore|p2a: Dragonite
|-start|p2a: Dragonite|Encore
|
|-weather|RainDance|[upkeep]
|-heal|p1a: Toxicroak|16/100|[from] ability: Dry Skin
|upkeep
|turn|7
|
|t:|1760349298
|switch|p2a: Gholdengo|Gholdengo|100/100
|switch|p1a: Tornadus|Tornadus-Therian, M|100/100
|
|-weather|RainDance|[upkeep]
|upkeep
|turn|8
|
|t:|1760349307
|move|p1a: Tornadus|Hurricane|p2a: Gholdengo
|-resisted|p2a: Gholdengo
|-damage|p2a: Gholdengo|58/100
|-start|p2a: Gholdengo|confusion
|-activate|p2a: Gholdengo|confusion
|move|p2a: Gholdengo|Recover|p2a: Gholdengo
|-heal|p2a: Gholdengo|100/100
|
|-weather|none
|upkeep
|turn|9
|
|t:|1760349329
|switch|p1a: Iron Treads|Iron Treads|100/100
|switch|p2a: Landorus|Landorus-Therian, M|100/100
|-ability|p2a: Landorus|Intimidate|boost
|-unboost|p1a: Iron Treads|atk|1
|
|upkeep
|turn|10
|
|t:|1760349337
|move|p2a: Landorus|Stealth Rock|p1a: Iron Treads
|-sidestart|p1: peep the drip|move: Stealth Rock
|move|p1a: Iron Treads|Stealth Rock|p2a: Landorus
|-sidestart|p2: Shuckle Brother888|move: Stealth Rock
|
|upkeep
|turn|11
|
|t:|1760349341
|move|p2a: Landorus|Earthquake|p1a: Iron Treads
|-supereffective|p1a: Iron Treads
|-damage|p1a: Iron Treads|22/100
|move|p1a: Iron Treads|Rapid Spin|p2a: Landorus
|-damage|p2a: Landorus|93/100
|-boost|p1a: Iron Treads|spe|1
|-damage|p1a: Iron Treads|5/100|[from] item: Rocky Helmet|[of] p2a: Landorus
|-sideend|p1: peep the drip|Stealth Rock|[from] move: Rapid Spin|[of] p1a: Iron Treads
|
|upkeep
|turn|12
|
|t:|1760349345
|-end|p1a: Iron Treads|Quark Drive|[silent]
|switch|p1a: Pelipper|Pelipper, F, shiny|100/100
|-weather|RainDance|[from] ability: Drizzle|[of] p1a: Pelipper
|move|p2a: Landorus|Stealth Rock|p1a: Pelipper
|-sidestart|p1: peep the drip|move: Stealth Rock
|
|-weather|RainDance|[upkeep]
|upkeep
|turn|13
|
|t:|1760349350
|move|p2a: Landorus|U-turn|p1a: Pelipper
|-resisted|p1a: Pelipper
|-damage|p1a: Pelipper|89/100
|
|t:|1760349353
|switch|p2a: Gholdengo|Gholdengo|100/100|[from] U-turn
|-damage|p2a: Gholdengo|94/100|[from] Stealth Rock
|move|p1a: Pelipper|Hurricane|p2a: Gholdengo
|-resisted|p2a: Gholdengo
|-damage|p2a: Gholdengo|76/100
|-start|p2a: Gholdengo|confusion
|
|-weather|RainDance|[upkeep]
|upkeep
|turn|14
|
|t:|1760349366
|switch|p2a: Darkrai|Darkrai|100/100
|switch|p1a: Iron Treads|Iron Treads|5/100
|
|-weather|RainDance|[upkeep]
|upkeep
|turn|15
|
|t:|1760349371
|move|p2a: Darkrai|Dark Pulse|p1a: Iron Treads
|-damage|p1a: Iron Treads|0 fnt
|faint|p1a: Iron Treads
|-end|p1a: Iron Treads|Quark Drive|[silent]
|
|-weather|RainDance|[upkeep]
|upkeep
|
|t:|1760349374
|switch|p1a: Barraskewda|Barraskewda, F|24/100
|-damage|p1a: Barraskewda|12/100|[from] Stealth Rock
|turn|16
|
|t:|1760349378
|switch|p2a: Landorus|Landorus-Therian, M|93/100
|-damage|p2a: Landorus|81/100|[from] Stealth Rock
|-ability|p2a: Landorus|Intimidate|boost
|-unboost|p1a: Barraskewda|atk|1
|-terastallize|p1a: Barraskewda|Water
|move|p1a: Barraskewda|Liquidation|p2a: Landorus
|-supereffective|p2a: Landorus
|-damage|p2a: Landorus|0 fnt
|-damage|p1a: Barraskewda|0 fnt|[from] item: Rocky Helmet|[of] p2a: Landorus
|faint|p2a: Landorus
|faint|p1a: Barraskewda
|
|-weather|RainDance|[upkeep]
|upkeep
|
|t:|1760349399
|switch|p1a: Tornadus|Tornadus-Therian, M|100/100
|switch|p2a: Gholdengo|Gholdengo|76/100
|-damage|p1a: Tornadus|76/100|[from] Stealth Rock
|-damage|p2a: Gholdengo|70/100|[from] Stealth Rock
|turn|17
|
|t:|1760349402
|move|p1a: Tornadus|Weather Ball|p2a: Gholdengo
|-damage|p2a: Gholdengo|0 fnt
|faint|p2a: Gholdengo
|
|-weather|RainDance|[upkeep]
|upkeep
|inactive|Shuckle Brother888 has 120 seconds left.
|
|t:|1760349447
|switch|p2a: Dragonite|Dragonite, F|100/100
|-damage|p2a: Dragonite|76/100|[from] Stealth Rock
|turn|18
|
|t:|1760349459
|switch|p1a: Hatterene|Hatterene, F, shiny|100/100
|-damage|p1a: Hatterene|88/100|[from] Stealth Rock
|move|p2a: Dragonite|Dragon Dance|p2a: Dragonite
|-boost|p2a: Dragonite|atk|1
|-boost|p2a: Dragonite|spe|1
|
|-weather|RainDance|[upkeep]
|upkeep
|turn|19
|inactive|Shuckle Brother888 has 120 seconds left.
|
|t:|1760349479
|switch|p2a: Darkrai|Darkrai|100/100
|move|p1a: Hatterene|Nuzzle|p2a: Darkrai
|-damage|p2a: Darkrai|95/100
|-status|p2a: Darkrai|par
|
|-weather|none
|upkeep
|turn|20
|
|t:|1760349486
|move|p2a: Darkrai|Dark Pulse|p1a: Hatterene
|-damage|p1a: Hatterene|50/100
|-enditem|p1a: Hatterene|Eject Button
|
|t:|1760349488
|switch|p1a: Pelipper|Pelipper, F, shiny|89/100
|-damage|p1a: Pelipper|64/100|[from] Stealth Rock
|-weather|RainDance|[from] ability: Drizzle|[of] p1a: Pelipper
|
|-weather|RainDance|[upkeep]
|upkeep
|turn|21
|
|t:|1760349502
|move|p2a: Darkrai|Dark Pulse|p1a: Pelipper
|-damage|p1a: Pelipper|30/100
|move|p1a: Pelipper|Hurricane|p2a: Darkrai
|-damage|p2a: Darkrai|53/100 par
|
|-weather|RainDance|[upkeep]
|upkeep
|turn|22
|
|t:|1760349507
|switch|p1a: Toxicroak|Toxicroak, F, shiny|16/100
|-damage|p1a: Toxicroak|10/100|[from] Stealth Rock
|move|p2a: Darkrai|Dark Pulse|p1a: Toxicroak
|-resisted|p1a: Toxicroak
|-damage|p1a: Toxicroak|0 fnt
|faint|p1a: Toxicroak
|
|-weather|RainDance|[upkeep]
|upkeep
|
|t:|1760349509
|switch|p1a: Tornadus|Tornadus-Therian, M|100/100
|-damage|p1a: Tornadus|76/100|[from] Stealth Rock
|turn|23
|
|t:|1760349519
|move|p1a: Tornadus|Hurricane|p2a: Darkrai
|-damage|p2a: Darkrai|0 fnt
|faint|p2a: Darkrai
|
|-weather|RainDance|[upkeep]
|upkeep
|
|t:|1760349533
|switch|p2a: Zamazenta|Zamazenta|100/100
|-damage|p2a: Zamazenta|94/100|[from] Stealth Rock
|-ability|p2a: Zamazenta|Dauntless Shield|boost
|-boost|p2a: Zamazenta|def|1
|turn|24
|
|t:|1760349540
|move|p2a: Zamazenta|Body Press|p1a: Tornadus
|-resisted|p1a: Tornadus
|-damage|p1a: Tornadus|38/100
|move|p1a: Tornadus|Hurricane|p2a: Zamazenta
|-supereffective|p2a: Zamazenta
|-damage|p2a: Zamazenta|0 fnt
|faint|p2a: Zamazenta
|
|-weather|RainDance|[upkeep]
|upkeep
|
|t:|1760349544
|switch|p2a: Dragonite|Dragonite, F|76/100
|-damage|p2a: Dragonite|51/100|[from] Stealth Rock
|turn|25
|
|t:|1760349548
|move|p2a: Dragonite|Extreme Speed|p1a: Tornadus
|-crit|p1a: Tornadus
|-damage|p1a: Tornadus|0 fnt
|faint|p1a: Tornadus
|
|-weather|RainDance|[upkeep]
|upkeep
|
|t:|1760349552
|switch|p1a: Hatterene|Hatterene, F, shiny|50/100
|-damage|p1a: Hatterene|38/100|[from] Stealth Rock
|turn|26
|
|t:|1760349556
|move|p2a: Dragonite|Earthquake|p1a: Hatterene
|-damage|p1a: Hatterene|6/100
|move|p1a: Hatterene|Draining Kiss|p2a: Dragonite
|-supereffective|p2a: Dragonite
|-damage|p2a: Dragonite|5/100
|-heal|p1a: Hatterene|42/100|[from] drain|[of] p2a: Dragonite
|
|-weather|RainDance|[upkeep]
|upkeep
|turn|27
|
|t:|1760349562
|move|p2a: Dragonite|Earthquake|p1a: Hatterene
|-damage|p1a: Hatterene|11/100
|move|p1a: Hatterene|Draining Kiss|p2a: Dragonite
|-supereffective|p2a: Dragonite
|-damage|p2a: Dragonite|0 fnt
|-heal|p1a: Hatterene|14/100|[from] drain|[of] p2a: Dragonite
|faint|p2a: Dragonite
|
|win|peep the drip
|raw|peep the drip's rating: 1515 &rarr; <strong>1538</strong><br />(+23 for winning)
|raw|Shuckle Brother888's rating: 1563 &rarr; <strong>1540</strong><br />(-23 for losing)
|l|☆Shuckle Brother888
|player|p2|
|l|☆peep the drip
|player|p1|
