|j|☆TegorisV2
|j|☆Magcla
|t:|1760429885
|gametype|singles
|player|p1|TegorisV2|juan|1567
|player|p2|Magcla|may-masters2|1493
|gen|9
|tier|[Gen 9] OU
|rated|
|rule|HP Percentage Mod: HP is shown in percentages
|rule|Endless Battle Clause: Forcing endless battles is banned
|rule|Species Clause: Limit one of each Pokémon
|rule|OHKO Clause: OHKO moves are banned
|rule|Evasion Items Clause: Evasion items are banned
|rule|Evasion Moves Clause: Evasion moves are banned
|rule|Evasion Abilities Clause: Evasion abilities are banned
|rule|Sleep Moves Clause: Sleep-inducing moves are banned
|clearpoke
|poke|p1|Landorus-Therian, M|
|poke|p1|Samurott-Hisui, F|
|poke|p1|Pecharunt|
|poke|p1|Scizor, M|
|poke|p1|Latios, M|
|poke|p1|Zamazenta-*|
|poke|p2|Garchomp, M|
|poke|p2|Iron Treads|
|poke|p2|Blaziken, M|
|poke|p2|Quaquaval, M|
|poke|p2|Comfey, M|
|poke|p2|Dragapult, M|
|teampreview
|
|t:|1760429938
|teamsize|p1|6
|teamsize|p2|6
|start
|switch|p1a: Landorus|Landorus-Therian, M|100/100
|switch|p2a: Garchomp|Garchomp, M|100/100
|-ability|p1a: Landorus|Intimidate|boost
|-unboost|p2a: Garchomp|atk|1
|turn|1
|
|t:|1760429949
|move|p1a: Landorus|Stealth Rock|p2a: Garchomp
|-sidestart|p2: Magcla|move: Stealth Rock
|move|p2a: Garchomp|Stealth Rock|p1a: Landorus
|-sidestart|p1: TegorisV2|move: Stealth Rock
|
|upkeep
|turn|2
|
|t:|1760429957
|move|p1a: Landorus|Earthquake|p2a: Garchomp
|-damage|p2a: Garchomp|70/100
|move|p2a: Garchomp|Spikes|p1a: Landorus
|-sidestart|p1: TegorisV2|Spikes
|
|upkeep
|turn|3
|
|t:|1760429962
|move|p1a: Landorus|Earthquake|p2a: Garchomp
|-damage|p2a: Garchomp|38/100
|move|p2a: Garchomp|Dragon Tail|p1a: Landorus
|-damage|p1a: Landorus|82/100
|-damage|p2a: Garchomp|22/100|[from] item: Rocky Helmet|[of] p1a: Landorus
|drag|p1a: Pecharunt|Pecharunt|100/100
|
|upkeep
|turn|4
|
|t:|1760429982
|move|p1a: Pecharunt|Shadow Ball|p2a: Garchomp
|-damage|p2a: Garchomp|0 fnt
|faint|p2a: Garchomp
|
|upkeep
|
|t:|1760429986
|switch|p2a: Dragapult|Dragapult, M, shiny|100/100
|-damage|p2a: Dragapult|88/100|[from] Stealth Rock
|turn|5
|
|t:|1760430038
|switch|p1a: Samurott|Samurott-Hisui, F|100/100
|-damage|p1a: Samurott|88/100|[from] Stealth Rock
|-damage|p1a: Samurott|76/100|[from] Spikes
|move|p2a: Dragapult|Shadow Ball|p1a: Samurott
|-resisted|p1a: Samurott
|-damage|p1a: Samurott|56/100
|-damage|p2a: Dragapult|78/100|[from] item: Life Orb
|
|upkeep
|turn|6
|
|t:|1760430048
|move|p2a: Dragapult|Thunderbolt|p1a: Samurott
|-supereffective|p1a: Samurott
|-damage|p1a: Samurott|0 fnt
|faint|p1a: Samurott
|-damage|p2a: Dragapult|69/100|[from] item: Life Orb
|
|upkeep
|
|t:|1760430060
|switch|p1a: Scizor|Scizor, M|100/100
|turn|7
|
|t:|1760430070
|switch|p2a: Iron Treads|Iron Treads|100/100
|-damage|p2a: Iron Treads|98/100|[from] Stealth Rock
|move|p1a: Scizor|Knock Off|p2a: Iron Treads
|-damage|p2a: Iron Treads|67/100
|-enditem|p2a: Iron Treads|Leftovers|[from] move: Knock Off|[of] p1a: Scizor
|
|upkeep
|turn|8
|
|t:|1760430099
|switch|p1a: Pecharunt|Pecharunt|100/100
|move|p2a: Iron Treads|Knock Off|p1a: Pecharunt
|-supereffective|p1a: Pecharunt
|-damage|p1a: Pecharunt|72/100
|-enditem|p1a: Pecharunt|Heavy-Duty Boots|[from] move: Knock Off|[of] p2a: Iron Treads
|
|upkeep
|turn|9
|
|t:|1760430106
|move|p2a: Iron Treads|Earthquake|p1a: Pecharunt
|-supereffective|p1a: Pecharunt
|-damage|p1a: Pecharunt|24/100
|move|p1a: Pecharunt|Parting Shot|p2a: Iron Treads
|-unboost|p2a: Iron Treads|atk|1
|-unboost|p2a: Iron Treads|spa|1
|
|t:|1760430111
|switch|p1a: Landorus|Landorus-Therian, M|82/100|[from] Parting Shot
|-damage|p1a: Landorus|70/100|[from] Stealth Rock
|-ability|p1a: Landorus|Intimidate|boost
|-unboost|p2a: Iron Treads|atk|1
|
|upkeep
|turn|10
|
|t:|1760430123
|move|p2a: Iron Treads|Ice Spinner|p1a: Landorus
|-supereffective|p1a: Landorus
|-damage|p1a: Landorus|27/100
|-damage|p2a: Iron Treads|51/100|[from] item: Rocky Helmet|[of] p1a: Landorus
|move|p1a: Landorus|Earthquake|p2a: Iron Treads
|-supereffective|p2a: Iron Treads
|-damage|p2a: Iron Treads|0 fnt
|faint|p2a: Iron Treads
|-end|p2a: Iron Treads|Quark Drive|[silent]
|
|upkeep
|
|t:|1760430128
|switch|p2a: Quaquaval|Quaquaval, M|100/100
|-damage|p2a: Quaquaval|94/100|[from] Stealth Rock
|turn|11
|
|t:|1760430149
|move|p1a: Landorus|U-turn|p2a: Quaquaval
|-resisted|p2a: Quaquaval
|-crit|p2a: Quaquaval
|-damage|p2a: Quaquaval|73/100
|
|t:|1760430170
|switch|p1a: Zamazenta|Zamazenta|100/100|[from] U-turn
|-damage|p1a: Zamazenta|94/100|[from] Stealth Rock
|-damage|p1a: Zamazenta|82/100|[from] Spikes
|-ability|p1a: Zamazenta|Dauntless Shield|boost
|-boost|p1a: Zamazenta|def|1
|move|p2a: Quaquaval|Aqua Step|p1a: Zamazenta
|-damage|p1a: Zamazenta|64/100
|-boost|p2a: Quaquaval|spe|1
|
|-heal|p1a: Zamazenta|70/100|[from] item: Leftovers
|upkeep
|turn|12
|
|t:|1760430187
|move|p2a: Quaquaval|Close Combat|p1a: Zamazenta
|-damage|p1a: Zamazenta|43/100
|-unboost|p2a: Quaquaval|def|1
|-unboost|p2a: Quaquaval|spd|1
|move|p1a: Zamazenta|Roar|p2a: Quaquaval
|drag|p2a: Comfey|Comfey, M, shiny|100/100
|-damage|p2a: Comfey|88/100|[from] Stealth Rock
|
|-heal|p1a: Zamazenta|49/100|[from] item: Leftovers
|upkeep
|turn|13
|
|t:|1760430220
|switch|p1a: Scizor|Scizor, M|100/100
|switch|p2a: Quaquaval|Quaquaval, M|73/100
|-damage|p2a: Quaquaval|67/100|[from] Stealth Rock
|
|upkeep
|turn|14
|
|t:|1760430290
|-terastallize|p1a: Scizor|Electric
|move|p2a: Quaquaval|Aqua Step|p1a: Scizor
|-damage|p1a: Scizor|49/100
|-boost|p2a: Quaquaval|spe|1
|move|p1a: Scizor|Tera Blast|p2a: Quaquaval|[anim] Tera Blast Electric
|-supereffective|p2a: Quaquaval
|-damage|p2a: Quaquaval|0 fnt
|faint|p2a: Quaquaval
|
|upkeep
|
|t:|1760430309
|switch|p2a: Blaziken|Blaziken, M, shiny|100/100
|-damage|p2a: Blaziken|88/100|[from] Stealth Rock
|turn|15
|
|t:|1760430345
|move|p2a: Blaziken|Flare Blitz|p1a: Scizor
|-damage|p1a: Scizor|0 fnt
|faint|p1a: Scizor
|-damage|p2a: Blaziken|73/100|[from] Recoil
|-damage|p2a: Blaziken|63/100|[from] item: Life Orb
|
|-ability|p2a: Blaziken|Speed Boost|boost
|-boost|p2a: Blaziken|spe|1
|upkeep
|
|t:|1760430348
|switch|p1a: Latios|Latios, M|100/100
|-damage|p1a: Latios|88/100|[from] Stealth Rock
|turn|16
|
|t:|1760430357
|move|p2a: Blaziken|Protect|p2a: Blaziken
|-singleturn|p2a: Blaziken|Protect
|move|p1a: Latios|Psychic Noise|p2a: Blaziken
|-activate|p2a: Blaziken|move: Protect
|
|-ability|p2a: Blaziken|Speed Boost|boost
|-boost|p2a: Blaziken|spe|1
|upkeep
|turn|17
|
|t:|1760430365
|move|p2a: Blaziken|Knock Off|p1a: Latios
|-supereffective|p1a: Latios
|-damage|p1a: Latios|0 fnt
|-enditem|p1a: Latios|Soul Dew|[from] move: Knock Off|[of] p2a: Blaziken
|faint|p1a: Latios
|-damage|p2a: Blaziken|53/100|[from] item: Life Orb
|
|-ability|p2a: Blaziken|Speed Boost|boost
|-boost|p2a: Blaziken|spe|1
|upkeep
|
|t:|1760430371
|switch|p1a: Landorus|Landorus-Therian, M|27/100
|-damage|p1a: Landorus|14/100|[from] Stealth Rock
|-ability|p1a: Landorus|Intimidate|boost
|-unboost|p2a: Blaziken|atk|1
|turn|18
|
|t:|1760430379
|move|p2a: Blaziken|Flare Blitz|p1a: Landorus
|-damage|p1a: Landorus|0 fnt
|-damage|p2a: Blaziken|37/100|[from] item: Rocky Helmet|[of] p1a: Landorus
|faint|p1a: Landorus
|-damage|p2a: Blaziken|31/100|[from] Recoil
|-damage|p2a: Blaziken|21/100|[from] item: Life Orb
|
|-ability|p2a: Blaziken|Speed Boost|boost
|-boost|p2a: Blaziken|spe|1
|upkeep
|-message|TegorisV2 forfeited.
|
|win|Magcla
|raw|TegorisV2's rating: 1567 &rarr; <strong>1543</strong><br />(-24 for losing)
|raw|Magcla's rating: 1493 &rarr; <strong>1517</strong><br />(+24 for winning)
|l|☆TegorisV2
|player|p1|
|l|☆Magcla
|player|p2|
