|j|☆Churrini
|j|☆dimeeenietreecko
|t:|1760448500
|gametype|singles
|player|p1|Churrini|morty|1142
|player|p2|dimeeenietreecko|101|1099
|gen|9
|tier|[Gen 9] OU
|rated|
|rule|HP Percentage Mod: HP is shown in percentages
|rule|Endless Battle Clause: Forcing endless battles is banned
|rule|Species Clause: Limit one of each Pokémon
|rule|OHKO Clause: OHKO moves are banned
|rule|Evasion Items Clause: Evasion items are banned
|rule|Evasion Moves Clause: Evasion moves are banned
|rule|Evasion Abilities Clause: Evasion abilities are banned
|rule|Sleep Moves Clause: Sleep-inducing moves are banned
|clearpoke
|poke|p1|Alomomola, M|
|poke|p1|Heatran, F|
|poke|p1|Slowking-Galar, F|
|poke|p1|Darkrai|
|poke|p1|Iron Valiant|
|poke|p1|Dragapult, M|
|poke|p2|Alomomola, M|
|poke|p2|Slowking-Galar, F|
|poke|p2|Thundurus-Therian, M|
|poke|p2|Slither Wing|
|poke|p2|Decidueye-Hisui, F|
|poke|p2|Dragonite, F|
|teampreview
|inactive|Battle timer is ON: inactive players will automatically lose when time's up. (requested by dimeeenietreecko)
|
|t:|1760448516
|teamsize|p1|6
|teamsize|p2|6
|start
|switch|p1a: Slowking|Slowking-Galar, F|100/100
|switch|p2a: Thundurus|Thundurus-Therian, M|100/100
|turn|1
|inactive|dimeeenietreecko has 120 seconds left.
|
|t:|1760448557
|move|p2a: Thundurus|Volt Switch|p1a: Slowking
|-damage|p1a: Slowking|64/100
|
|t:|1760448568
|switch|p2a: Slowking|Slowking-Galar, F|100/100|[from] Volt Switch
|move|p1a: Slowking|Future Sight|p2a: Slowking
|-start|p1a: Slowking|move: Future Sight
|
|upkeep
|turn|2
|
|t:|1760448581
|switch|p1a: Heatran|Heatran, F|100/100
|-item|p1a: Heatran|Air Balloon
|move|p2a: Slowking|Eerie Spell|p1a: Heatran
|-resisted|p1a: Heatran
|-crit|p1a: Heatran
|-damage|p1a: Heatran|51/100
|-enditem|p1a: Heatran|Air Balloon
|
|upkeep
|turn|3
|
|t:|1760448594
|switch|p2a: Alomomola|Alomomola, M|100/100
|move|p1a: Heatran|Stealth Rock|p2a: Alomomola
|-sidestart|p2: dimeeenietreecko|move: Stealth Rock
|
|-end|p2a: Alomomola|move: Future Sight
|-damage|p2a: Alomomola|50/100
|upkeep
|turn|4
|
|t:|1760448603
|move|p1a: Heatran|Earth Power|p2a: Alomomola
|-damage|p2a: Alomomola|14/100
|move|p2a: Alomomola|Scald|p1a: Heatran
|-supereffective|p1a: Heatran
|-damage|p1a: Heatran|25/100
|
|upkeep
|turn|5
|inactive|dimeeenietreecko has 120 seconds left.
|
|t:|1760448628
|switch|p2a: Thundurus|Thundurus-Therian, M|100/100
|-damage|p2a: Thundurus|76/100|[from] Stealth Rock
|move|p1a: Heatran|Magma Storm|p2a: Thundurus
|-damage|p2a: Thundurus|0 fnt
|faint|p2a: Thundurus
|
|upkeep
|
|t:|1760448645
|switch|p2a: Dragonite|Dragonite, F|100/100
|-damage|p2a: Dragonite|76/100|[from] Stealth Rock
|turn|6
|
|t:|1760448654
|move|p1a: Heatran|Taunt|p2a: Dragonite
|-start|p2a: Dragonite|move: Taunt
|cant|p2a: Dragonite|move: Taunt|Dragon Dance
|
|upkeep
|turn|7
|
|t:|1760448663
|move|p1a: Heatran|Magma Storm|p2a: Dragonite
|-resisted|p2a: Dragonite
|-damage|p2a: Dragonite|49/100
|-activate|p2a: Dragonite|move: Magma Storm|[of] p1a: Heatran
|move|p2a: Dragonite|Earthquake|p1a: Heatran
|-supereffective|p1a: Heatran
|-damage|p1a: Heatran|0 fnt
|faint|p1a: Heatran
|
|-end|p2a: Dragonite|Magma Storm|[partiallytrapped]|[silent]
|upkeep
|
|t:|1760448672
|switch|p1a: Slowking|Slowking-Galar, F|98/100
|turn|8
|
|t:|1760448679
|move|p2a: Dragonite|Earthquake|p1a: Slowking
|-supereffective|p1a: Slowking
|-damage|p1a: Slowking|14/100
|move|p1a: Slowking|Sludge Bomb|p2a: Dragonite
|-damage|p2a: Dragonite|17/100
|-status|p2a: Dragonite|psn
|-enditem|p2a: Dragonite|Lum Berry|[eat]
|-curestatus|p2a: Dragonite|psn|[msg]
|
|-end|p2a: Dragonite|move: Taunt
|upkeep
|turn|9
|
|t:|1760448690
|move|p2a: Dragonite|Earthquake|p1a: Slowking
|-supereffective|p1a: Slowking
|-damage|p1a: Slowking|0 fnt
|faint|p1a: Slowking
|
|upkeep
|
|t:|1760448692
|switch|p1a: Darkrai|Darkrai|100/100
|turn|10
|
|t:|1760448700
|move|p2a: Dragonite|Extreme Speed|p1a: Darkrai
|-damage|p1a: Darkrai|57/100
|move|p1a: Darkrai|Dark Pulse|p2a: Dragonite
|-damage|p2a: Dragonite|0 fnt
|faint|p2a: Dragonite
|
|upkeep
|
|t:|1760448709
|switch|p2a: Decidueye|Decidueye-Hisui, F|100/100
|-damage|p2a: Decidueye|94/100|[from] Stealth Rock
|turn|11
|
|t:|1760448728
|move|p1a: Darkrai|Dark Pulse|p2a: Decidueye
|-resisted|p2a: Decidueye
|-damage|p2a: Decidueye|70/100
|move|p2a: Decidueye|Bulk Up|p2a: Decidueye
|-boost|p2a: Decidueye|atk|1
|-boost|p2a: Decidueye|def|1
|
|upkeep
|turn|12
|
|t:|1760448740
|switch|p1a: Iron Valiant|Iron Valiant|100/100
|-enditem|p1a: Iron Valiant|Booster Energy
|-activate|p1a: Iron Valiant|ability: Quark Drive|[fromitem]
|-start|p1a: Iron Valiant|quarkdrivespe
|move|p2a: Decidueye|Roost|p2a: Decidueye
|-heal|p2a: Decidueye|100/100
|-singleturn|p2a: Decidueye|move: Roost
|
|upkeep
|turn|13
|
|t:|1760448748
|move|p1a: Iron Valiant|Moonblast|p2a: Decidueye
|-supereffective|p2a: Decidueye
|-damage|p2a: Decidueye|29/100
|move|p2a: Decidueye|Triple Arrows|p1a: Iron Valiant
|-resisted|p1a: Iron Valiant
|-damage|p1a: Iron Valiant|53/100
|-unboost|p1a: Iron Valiant|def|1
|-damage|p2a: Decidueye|19/100|[from] item: Life Orb
|
|upkeep
|turn|14
|
|t:|1760448760
|-terastallize|p1a: Iron Valiant|Ghost
|move|p1a: Iron Valiant|Calm Mind|p1a: Iron Valiant
|-boost|p1a: Iron Valiant|spa|1
|-boost|p1a: Iron Valiant|spd|1
|move|p2a: Decidueye|Defog|p1a: Iron Valiant
|-unboost|p1a: Iron Valiant|evasion|1
|-sideend|p2: dimeeenietreecko|Stealth Rock|[from] move: Defog|[of] p2a: Decidueye
|
|upkeep
|turn|15
|
|t:|1760448770
|move|p1a: Iron Valiant|Moonblast|p2a: Decidueye
|-supereffective|p2a: Decidueye
|-damage|p2a: Decidueye|0 fnt
|faint|p2a: Decidueye
|
|upkeep
|
|t:|1760448782
|switch|p2a: Slither Wing|Slither Wing|100/100
|-enditem|p2a: Slither Wing|Booster Energy
|-activate|p2a: Slither Wing|ability: Protosynthesis|[fromitem]
|-start|p2a: Slither Wing|protosynthesisatk
|turn|16
|
|t:|1760448788
|move|p1a: Iron Valiant|Moonblast|p2a: Slither Wing
|-supereffective|p2a: Slither Wing
|-damage|p2a: Slither Wing|0 fnt
|faint|p2a: Slither Wing
|-end|p2a: Slither Wing|Protosynthesis|[silent]
|
|upkeep
|
|t:|1760448793
|switch|p2a: Slowking|Slowking-Galar, F|100/100
|turn|17
|
|t:|1760448798
|move|p1a: Iron Valiant|Shadow Ball|p2a: Slowking
|-supereffective|p2a: Slowking
|-damage|p2a: Slowking|7/100
|move|p2a: Slowking|Muddy Water|p1a: Iron Valiant
|-damage|p1a: Iron Valiant|4/100
|
|upkeep
|turn|18
|
|t:|1760448804
|move|p1a: Iron Valiant|Shadow Ball|p2a: Slowking
|-supereffective|p2a: Slowking
|-crit|p2a: Slowking
|-damage|p2a: Slowking|0 fnt
|faint|p2a: Slowking
|
|upkeep
|
|t:|1760448809
|switch|p2a: Alomomola|Alomomola, M|48/100
|turn|19
|
|t:|1760448812
|move|p1a: Iron Valiant|Shadow Ball|p2a: Alomomola
|-damage|p2a: Alomomola|0 fnt
|faint|p2a: Alomomola
|
|win|Churrini
|raw|Churrini's rating: 1142 &rarr; <strong>1164</strong><br />(+22 for winning)
|raw|dimeeenietreecko's rating: 1099 &rarr; <strong>1077</strong><br />(-22 for losing)
|c|☆Churrini|gg
|l|☆dimeeenietreecko
|player|p2|
