|j|☆akf123456789
|j|☆frostywingz
|t:|1760434444
|gametype|singles
|player|p1|akf123456789|n|1248
|player|p2|frostywingz|dahlia|1294
|gen|9
|tier|[Gen 9] OU
|rated|
|rule|HP Percentage Mod: HP is shown in percentages
|rule|Endless Battle Clause: Forcing endless battles is banned
|rule|Species Clause: Limit one of each Pokémon
|rule|OHKO Clause: OHKO moves are banned
|rule|Evasion Items Clause: Evasion items are banned
|rule|Evasion Moves Clause: Evasion moves are banned
|rule|Evasion Abilities Clause: Evasion abilities are banned
|rule|Sleep Moves Clause: Sleep-inducing moves are banned
|clearpoke
|poke|p1|Iron Valiant|
|poke|p1|Iron Moth|
|poke|p1|Zamazenta-*|
|poke|p1|Iron Treads|
|poke|p1|Dragonite, M|
|poke|p1|Dragapult, F|
|poke|p2|Chandelure, F|
|poke|p2|Ninetales, F|
|poke|p2|Venusaur, F|
|poke|p2|Great Tusk|
|poke|p2|Walking Wake|
|poke|p2|Jolteon, F|
|teampreview
|inactive|Battle timer is ON: inactive players will automatically lose when time's up. (requested by frostywingz)
|
|t:|1760434470
|teamsize|p1|6
|teamsize|p2|6
|start
|switch|p1a: Iron Valiant|Iron Valiant|100/100
|switch|p2a: Chandelure|Chandelure, F|100/100
|-enditem|p1a: Iron Valiant|Booster Energy
|-activate|p1a: Iron Valiant|ability: Quark Drive|[fromitem]
|-start|p1a: Iron Valiant|quarkdrivespe
|turn|1
|
|t:|1760434484
|move|p1a: Iron Valiant|Swords Dance|p1a: Iron Valiant
|-boost|p1a: Iron Valiant|atk|2
|move|p2a: Chandelure|Psychic|p1a: Iron Valiant
|-supereffective|p1a: Iron Valiant
|-damage|p1a: Iron Valiant|0 fnt
|faint|p1a: Iron Valiant
|-end|p1a: Iron Valiant|Quark Drive|[silent]
|
|upkeep
|
|t:|1760434496
|switch|p1a: Dragapult|Dragapult, F|100/100
|turn|2
|
|t:|1760434500
|switch|p2a: Jolteon|Jolteon, F|100/100
|move|p1a: Dragapult|Hydro Pump|p2a: Jolteon|[miss]
|-miss|p1a: Dragapult|p2a: Jolteon
|
|-status|p2a: Jolteon|brn|[from] item: Flame Orb
|upkeep
|turn|3
|
|t:|1760434518
|switch|p1a: Iron Treads|Iron Treads|100/100
|-enditem|p1a: Iron Treads|Booster Energy
|-activate|p1a: Iron Treads|ability: Quark Drive|[fromitem]
|-start|p1a: Iron Treads|quarkdrivespe
|move|p2a: Jolteon|Calm Mind|p2a: Jolteon
|-boost|p2a: Jolteon|spa|1
|-boost|p2a: Jolteon|spd|1
|
|-damage|p2a: Jolteon|95/100 brn|[from] brn
|upkeep
|turn|4
|
|t:|1760434529
|move|p2a: Jolteon|Shadow Ball|p1a: Iron Treads
|-damage|p1a: Iron Treads|58/100
|move|p1a: Iron Treads|Earthquake|p2a: Jolteon
|-supereffective|p2a: Jolteon
|-damage|p2a: Jolteon|0 fnt
|faint|p2a: Jolteon
|
|upkeep
|
|t:|1760434533
|switch|p2a: Ninetales|Ninetales, F, shiny|100/100
|-weather|SunnyDay|[from] ability: Drought|[of] p2a: Ninetales
|turn|5
|
|t:|1760434546
|switch|p2a: Venusaur|Venusaur, F, shiny|100/100
|-terastallize|p1a: Iron Treads|Ground
|move|p1a: Iron Treads|Earthquake|p2a: Venusaur
|-damage|p2a: Venusaur|30/100
|
|-weather|SunnyDay|[upkeep]
|upkeep
|turn|6
|
|t:|1760434561
|-end|p1a: Iron Treads|Quark Drive|[silent]
|switch|p1a: Dragonite|Dragonite, M|100/100
|move|p2a: Venusaur|Giga Drain|p1a: Dragonite
|-resisted|p1a: Dragonite
|-damage|p1a: Dragonite|95/100
|-heal|p2a: Venusaur|33/100|[from] drain|[of] p1a: Dragonite
|-damage|p2a: Venusaur|23/100|[from] item: Life Orb
|
|-weather|SunnyDay|[upkeep]
|upkeep
|turn|7
|
|t:|1760434570
|move|p1a: Dragonite|Extreme Speed|p2a: Venusaur
|-crit|p2a: Venusaur
|-damage|p2a: Venusaur|0 fnt
|faint|p2a: Venusaur
|
|-weather|SunnyDay|[upkeep]
|upkeep
|
|t:|1760434577
|switch|p2a: Walking Wake|Walking Wake|100/100
|-activate|p2a: Walking Wake|ability: Protosynthesis
|-start|p2a: Walking Wake|protosynthesisspe
|turn|8
|
|t:|1760434603
|switch|p1a: Iron Moth|Iron Moth|100/100
|-enditem|p1a: Iron Moth|Booster Energy
|-activate|p1a: Iron Moth|ability: Quark Drive|[fromitem]
|-start|p1a: Iron Moth|quarkdrivespe
|move|p2a: Walking Wake|Draco Meteor|p1a: Iron Moth|[miss]
|-miss|p2a: Walking Wake|p1a: Iron Moth
|
|-weather|SunnyDay|[upkeep]
|upkeep
|turn|9
|
|t:|1760434613
|move|p1a: Iron Moth|Dazzling Gleam|p2a: Walking Wake
|-supereffective|p2a: Walking Wake
|-damage|p2a: Walking Wake|36/100
|move|p2a: Walking Wake|Hydro Steam|p1a: Iron Moth
|-supereffective|p1a: Iron Moth
|-damage|p1a: Iron Moth|0 fnt
|faint|p1a: Iron Moth
|-end|p1a: Iron Moth|Quark Drive|[silent]
|-damage|p2a: Walking Wake|26/100|[from] item: Life Orb
|
|-weather|SunnyDay|[upkeep]
|upkeep
|inactive|akf123456789 has 120 seconds left.
|
|t:|1760434626
|switch|p1a: Dragonite|Dragonite, M|95/100
|turn|10
|
|t:|1760434637
|-end|p2a: Walking Wake|Protosynthesis|[silent]
|switch|p2a: Chandelure|Chandelure, F|100/100
|move|p1a: Dragonite|Extreme Speed|p2a: Chandelure
|-immune|p2a: Chandelure
|
|-weather|SunnyDay|[upkeep]
|upkeep
|turn|11
|
|t:|1760434648
|move|p2a: Chandelure|Shadow Ball|p1a: Dragonite
|-damage|p1a: Dragonite|43/100
|move|p1a: Dragonite|Dragon Dance|p1a: Dragonite
|-boost|p1a: Dragonite|atk|1
|-boost|p1a: Dragonite|spe|1
|
|-weather|SunnyDay|[upkeep]
|upkeep
|turn|12
|
|t:|1760434657
|move|p2a: Chandelure|Shadow Ball|p1a: Dragonite
|-damage|p1a: Dragonite|0 fnt
|faint|p1a: Dragonite
|
|-weather|none
|upkeep
|
|t:|1760434664
|switch|p1a: Zamazenta|Zamazenta|100/100
|-ability|p1a: Zamazenta|Dauntless Shield|boost
|-boost|p1a: Zamazenta|def|1
|turn|13
|
|t:|1760434671
|switch|p2a: Ninetales|Ninetales, F, shiny|100/100
|-weather|SunnyDay|[from] ability: Drought|[of] p2a: Ninetales
|move|p1a: Zamazenta|Crunch|p2a: Ninetales
|-damage|p2a: Ninetales|58/100
|
|-weather|SunnyDay|[upkeep]
|upkeep
|turn|14
|
|t:|1760434684
|move|p1a: Zamazenta|Close Combat|p2a: Ninetales
|-damage|p2a: Ninetales|0 fnt
|-unboost|p1a: Zamazenta|def|1
|-unboost|p1a: Zamazenta|spd|1
|faint|p2a: Ninetales
|
|-weather|SunnyDay|[upkeep]
|upkeep
|
|t:|1760434692
|switch|p2a: Chandelure|Chandelure, F|100/100
|turn|15
|
|t:|1760434697
|switch|p1a: Iron Treads|Iron Treads, tera:Ground|58/100
|move|p2a: Chandelure|Shadow Ball|p1a: Iron Treads
|-damage|p1a: Iron Treads|11/100
|
|-weather|SunnyDay|[upkeep]
|upkeep
|turn|16
|
|t:|1760434711
|move|p2a: Chandelure|Shadow Ball|p1a: Iron Treads
|-damage|p1a: Iron Treads|0 fnt
|faint|p1a: Iron Treads
|-end|p1a: Iron Treads|Quark Drive|[silent]
|
|-weather|SunnyDay|[upkeep]
|upkeep
|
|t:|1760434717
|switch|p1a: Zamazenta|Zamazenta|100/100
|turn|17
|
|t:|1760434722
|switch|p2a: Walking Wake|Walking Wake|26/100
|-activate|p2a: Walking Wake|ability: Protosynthesis
|-start|p2a: Walking Wake|protosynthesisspe
|move|p1a: Zamazenta|Crunch|p2a: Walking Wake
|-damage|p2a: Walking Wake|0 fnt
|faint|p2a: Walking Wake
|-end|p2a: Walking Wake|Protosynthesis|[silent]
|
|-weather|SunnyDay|[upkeep]
|upkeep
|
|t:|1760434724
|switch|p2a: Chandelure|Chandelure, F|100/100
|turn|18
|
|t:|1760434742
|move|p2a: Chandelure|Psychic|p1a: Zamazenta
|-supereffective|p1a: Zamazenta
|-damage|p1a: Zamazenta|40/100
|move|p1a: Zamazenta|Crunch|p2a: Chandelure
|-supereffective|p2a: Chandelure
|-damage|p2a: Chandelure|4/100
|
|-weather|SunnyDay|[upkeep]
|upkeep
|turn|19
|
|t:|1760434757
|move|p2a: Chandelure|Psychic|p1a: Zamazenta
|-supereffective|p1a: Zamazenta
|-damage|p1a: Zamazenta|0 fnt
|faint|p1a: Zamazenta
|
|-weather|SunnyDay|[upkeep]
|upkeep
|
|t:|1760434764
|switch|p1a: Dragapult|Dragapult, F|100/100
|turn|20
|
|t:|1760434772
|move|p2a: Chandelure|Psychic|p1a: Dragapult
|-damage|p1a: Dragapult|57/100
|move|p1a: Dragapult|Hydro Pump|p2a: Chandelure
|-supereffective|p2a: Chandelure
|-damage|p2a: Chandelure|0 fnt
|faint|p2a: Chandelure
|
|-weather|none
|upkeep
|
|t:|1760434774
|switch|p2a: Great Tusk|Great Tusk|100/100
|turn|21
|
|t:|1760434783
|-terastallize|p2a: Great Tusk|Steel
|move|p1a: Dragapult|Hydro Pump|p2a: Great Tusk
|-damage|p2a: Great Tusk|75/100
|move|p2a: Great Tusk|Ice Spinner|p1a: Dragapult
|-supereffective|p1a: Dragapult
|-damage|p1a: Dragapult|0 fnt
|faint|p1a: Dragapult
|
|win|frostywingz
|raw|akf123456789's rating: 1248 &rarr; <strong>1226</strong><br />(-22 for losing)
|raw|frostywingz's rating: 1294 &rarr; <strong>1316</strong><br />(+22 for winning)
|l|☆frostywingz
|player|p2|
|l|☆akf123456789
|player|p1|
