|j|☆m3rch3r
|j|☆Thefourdolf
|t:|1760453324
|gametype|singles
|player|p1|m3rch3r|veteranf|1429
|player|p2|Thefourdolf|265|1439
|gen|9
|tier|[Gen 9] OU
|rated|
|rule|HP Percentage Mod: HP is shown in percentages
|rule|Endless Battle Clause: Forcing endless battles is banned
|rule|Species Clause: Limit one of each Pokémon
|rule|OHKO Clause: OHKO moves are banned
|rule|Evasion Items Clause: Evasion items are banned
|rule|Evasion Moves Clause: Evasion moves are banned
|rule|Evasion Abilities Clause: Evasion abilities are banned
|rule|Sleep Moves Clause: Sleep-inducing moves are banned
|clearpoke
|poke|p1|Dragapult, M|
|poke|p1|Iron Valiant|
|poke|p1|Hoopa-Unbound|
|poke|p1|Registeel|
|poke|p1|Ogerpon-Wellspring, F|
|poke|p1|Landorus-Therian, M|
|poke|p2|Landorus-Therian, M|
|poke|p2|Hydrapple, F|
|poke|p2|Gholdengo|
|poke|p2|Ogerpon-Wellspring, F|
|poke|p2|Darkrai|
|poke|p2|Slowking-Galar, M|
|teampreview
|inactive|Battle timer is ON: inactive players will automatically lose when time's up. (requested by Thefourdolf)
|inactive|m3rch3r also wants the timer to be on.
|inactive|Thefourdolf has 120 seconds left.
|
|t:|1760453355
|teamsize|p1|6
|teamsize|p2|6
|start
|switch|p1a: Ogerpon|Ogerpon-Wellspring, F|100/100
|switch|p2a: Slowking|Slowking-Galar, M|100/100
|turn|1
|
|t:|1760453364
|switch|p1a: Hoopa|Hoopa-Unbound|100/100
|move|p2a: Slowking|Sludge Bomb|p1a: Hoopa
|-crit|p1a: Hoopa
|-damage|p1a: Hoopa|77/100
|
|upkeep
|turn|2
|
|t:|1760453370
|switch|p2a: Landorus|Landorus-Therian, M|100/100
|-ability|p2a: Landorus|Intimidate|boost
|-unboost|p1a: Hoopa|atk|1
|move|p1a: Hoopa|Knock Off|p2a: Landorus
|-damage|p2a: Landorus|62/100
|-enditem|p2a: Landorus|Light Ball|[from] move: Knock Off|[of] p1a: Hoopa
|
|upkeep
|turn|3
|
|t:|1760453381
|switch|p1a: Registeel|Registeel|100/100
|move|p2a: Landorus|Stealth Rock|p1a: Registeel
|-sidestart|p1: m3rch3r|move: Stealth Rock
|
|upkeep
|turn|4
|
|t:|1760453397
|switch|p1a: Landorus|Landorus-Therian, M|100/100
|-damage|p1a: Landorus|88/100|[from] Stealth Rock
|-ability|p1a: Landorus|Intimidate|boost
|-unboost|p2a: Landorus|atk|1
|move|p2a: Landorus|U-turn|p1a: Landorus
|-resisted|p1a: Landorus
|-damage|p1a: Landorus|79/100
|
|t:|1760453403
|switch|p2a: Ogerpon|Ogerpon-Wellspring, F|100/100|[from] U-turn
|
|upkeep
|turn|5
|
|t:|1760453412
|move|p1a: Landorus|U-turn|p2a: Ogerpon
|-supereffective|p2a: Ogerpon
|-crit|p2a: Ogerpon
|-damage|p2a: Ogerpon|0 fnt
|faint|p2a: Ogerpon
|
|t:|1760453418
|switch|p1a: Ogerpon|Ogerpon-Wellspring, F|100/100|[from] U-turn
|-damage|p1a: Ogerpon|88/100|[from] Stealth Rock
|
|upkeep
|c|☆Thefourdolf|bruh
|
|t:|1760453426
|switch|p2a: Hydrapple|Hydrapple, F|100/100
|turn|6
|
|t:|1760453435
|switch|p1a: Hoopa|Hoopa-Unbound|77/100
|-damage|p1a: Hoopa|64/100|[from] Stealth Rock
|move|p2a: Hydrapple|Fickle Beam|p1a: Hoopa
|-damage|p1a: Hoopa|49/100
|
|upkeep
|turn|7
|
|t:|1760453457
|switch|p2a: Slowking|Slowking-Galar, M|100/100
|move|p1a: Hoopa|Gunk Shot|p2a: Slowking|[miss]
|-miss|p1a: Hoopa|p2a: Slowking
|
|upkeep
|turn|8
|
|t:|1760453462
|switch|p2a: Landorus|Landorus-Therian, M|62/100
|-ability|p2a: Landorus|Intimidate|boost
|-unboost|p1a: Hoopa|atk|1
|move|p1a: Hoopa|Knock Off|p2a: Landorus
|-damage|p2a: Landorus|36/100
|
|upkeep
|turn|9
|
|t:|1760453469
|switch|p1a: Registeel|Registeel|100/100
|-damage|p1a: Registeel|95/100|[from] Stealth Rock
|move|p2a: Landorus|U-turn|p1a: Registeel
|-resisted|p1a: Registeel
|-damage|p1a: Registeel|88/100
|-damage|p2a: Landorus|20/100|[from] item: Rocky Helmet|[of] p1a: Registeel
|
|t:|1760453483
|switch|p2a: Darkrai|Darkrai|100/100|[from] U-turn
|
|upkeep
|turn|10
|
|t:|1760453490
|move|p2a: Darkrai|Nasty Plot|p2a: Darkrai
|-boost|p2a: Darkrai|spa|2
|move|p1a: Registeel|Body Press|p2a: Darkrai
|-supereffective|p2a: Darkrai
|-damage|p2a: Darkrai|9/100
|
|-heal|p2a: Darkrai|15/100|[from] item: Leftovers
|upkeep
|turn|11
|
|t:|1760453499
|move|p2a: Darkrai|Dark Pulse|p1a: Registeel
|-damage|p1a: Registeel|33/100
|cant|p1a: Registeel|flinch
|
|-heal|p2a: Darkrai|21/100|[from] item: Leftovers
|upkeep
|turn|12
|
|t:|1760453506
|move|p2a: Darkrai|Dark Pulse|p1a: Registeel
|-damage|p1a: Registeel|0 fnt
|faint|p1a: Registeel
|
|-heal|p2a: Darkrai|28/100|[from] item: Leftovers
|upkeep
|
|t:|1760453511
|switch|p1a: Landorus|Landorus-Therian, M|79/100
|-damage|p1a: Landorus|67/100|[from] Stealth Rock
|-ability|p1a: Landorus|Intimidate|boost
|-unboost|p2a: Darkrai|atk|1
|turn|13
|
|t:|1760453518
|switch|p2a: Slowking|Slowking-Galar, M|100/100
|move|p1a: Landorus|U-turn|p2a: Slowking
|-damage|p2a: Slowking|73/100
|
|t:|1760453524
|switch|p1a: Hoopa|Hoopa-Unbound|49/100|[from] U-turn
|-damage|p1a: Hoopa|37/100|[from] Stealth Rock
|
|upkeep
|turn|14
|
|t:|1760453528
|switch|p2a: Landorus|Landorus-Therian, M|20/100
|-ability|p2a: Landorus|Intimidate|boost
|-unboost|p1a: Hoopa|atk|1
|move|p1a: Hoopa|Knock Off|p2a: Landorus
|-damage|p2a: Landorus|0 fnt
|faint|p2a: Landorus
|
|upkeep
|-message|Thefourdolf forfeited.
|
|win|m3rch3r
|raw|m3rch3r's rating: 1429 &rarr; <strong>1450</strong><br />(+21 for winning)
|raw|Thefourdolf's rating: 1439 &rarr; <strong>1418</strong><br />(-21 for losing)
|l|☆Thefourdolf
|player|p2|
|l|☆m3rch3r
|player|p1|
