|j|☆hcyaiiu
|j|☆waki0405
|t:|1760443918
|gametype|singles
|player|p1|hcyaiiu|cynthia|1241
|player|p2|waki0405|265|1258
|gen|9
|tier|[Gen 9] OU
|rated|
|rule|HP Percentage Mod: HP is shown in percentages
|rule|Endless Battle Clause: Forcing endless battles is banned
|rule|Species Clause: Limit one of each Pokémon
|rule|OHKO Clause: OHKO moves are banned
|rule|Evasion Items Clause: Evasion items are banned
|rule|Evasion Moves Clause: Evasion moves are banned
|rule|Evasion Abilities Clause: Evasion abilities are banned
|rule|Sleep Moves Clause: Sleep-inducing moves are banned
|clearpoke
|poke|p1|Walking Wake|
|poke|p1|Scizor, F|
|poke|p1|Meowscarada, F|
|poke|p1|Krookodile, F|
|poke|p1|Zapdos|
|poke|p1|Deoxys-Defense|
|poke|p2|Indeedee, M|
|poke|p2|Polteageist|
|poke|p2|Armarouge, F|
|poke|p2|Hatterene, F|
|poke|p2|Deoxys-Speed|
|poke|p2|Kyurem|
|teampreview
|inactive|Battle timer is ON: inactive players will automatically lose when time's up. (requested by hcyaiiu)
|
|t:|1760443934
|teamsize|p1|6
|teamsize|p2|6
|start
|switch|p1a: Scizor|Scizor, F, shiny|100/100
|switch|p2a: Indeedee|Indeedee, M|100/100
|-fieldstart|move: Psychic Terrain|[from] ability: Psychic Surge|[of] p2a: Indeedee
|turn|1
|
|t:|1760443942
|switch|p2a: Hatterene|Hatterene, F|100/100
|move|p1a: Scizor|Pounce|p2a: Hatterene
|-crit|p2a: Hatterene
|-damage|p2a: Hatterene|31/100
|-unboost|p2a: Hatterene|spe|1
|-enditem|p2a: Hatterene|Eject Button
|
|t:|1760443946
|switch|p2a: Armarouge|Armarouge, F|100/100
|
|upkeep
|turn|2
|
|t:|1760443958
|switch|p1a: Walking Wake|Walking Wake|100/100
|move|p2a: Armarouge|Armor Cannon|p1a: Walking Wake
|-resisted|p1a: Walking Wake
|-damage|p1a: Walking Wake|80/100
|-unboost|p2a: Armarouge|def|1
|-unboost|p2a: Armarouge|spd|1
|
|upkeep
|turn|3
|
|t:|1760443968
|move|p1a: Walking Wake|Hydro Steam|p2a: Armarouge
|-supereffective|p2a: Armarouge
|-enditem|p2a: Armarouge|Focus Sash
|-damage|p2a: Armarouge|1/100
|-damage|p1a: Walking Wake|70/100|[from] item: Life Orb
|move|p2a: Armarouge|Expanding Force|p1a: Walking Wake
|-damage|p1a: Walking Wake|0 fnt
|faint|p1a: Walking Wake
|-end|p1a: Walking Wake|Protosynthesis|[silent]
|
|upkeep
|
|t:|1760443986
|switch|p1a: Krookodile|Krookodile, F|100/100
|turn|4
|inactive|hcyaiiu has 120 seconds left.
|
|t:|1760444018
|move|p2a: Armarouge|Endure|p2a: Armarouge
|-singleturn|p2a: Armarouge|move: Endure
|move|p1a: Krookodile|Crunch|p2a: Armarouge
|-supereffective|p2a: Armarouge
|-activate|p2a: Armarouge|move: Endure
|-damage|p2a: Armarouge|1/100
|-ability|p2a: Armarouge|Weak Armor|boost
|-unboost|p2a: Armarouge|def|1
|-boost|p2a: Armarouge|spe|2
|
|upkeep
|turn|5
|inactive|hcyaiiu has 120 seconds left.
|
|t:|1760444028
|move|p2a: Armarouge|Destiny Bond|p2a: Armarouge
|-singlemove|p2a: Armarouge|Destiny Bond
|move|p1a: Krookodile|Crunch|p2a: Armarouge
|-supereffective|p2a: Armarouge
|-damage|p2a: Armarouge|0 fnt
|faint|p2a: Armarouge
|-activate|p2a: Armarouge|move: Destiny Bond
|faint|p1a: Krookodile
|
|upkeep
|
|t:|1760444043
|switch|p1a: Deoxys|Deoxys-Defense|100/100
|switch|p2a: Kyurem|Kyurem|100/100
|-ability|p2a: Kyurem|Pressure
|-ability|p1a: Deoxys|Pressure
|turn|6
|
|t:|1760444054
|move|p2a: Kyurem|Dragon Dance|p2a: Kyurem
|-boost|p2a: Kyurem|atk|1
|-boost|p2a: Kyurem|spe|1
|move|p1a: Deoxys|Thunder Wave|p2a: Kyurem
|-status|p2a: Kyurem|par
|
|upkeep
|turn|7
|
|t:|1760444061
|move|p2a: Kyurem|Dragon Dance|p2a: Kyurem
|-boost|p2a: Kyurem|atk|1
|-boost|p2a: Kyurem|spe|1
|move|p1a: Deoxys|Knock Off|p2a: Kyurem
|-damage|p2a: Kyurem|84/100 par
|-enditem|p2a: Kyurem|Loaded Dice|[from] move: Knock Off|[of] p1a: Deoxys
|
|upkeep
|turn|8
|
|t:|1760444070
|move|p2a: Kyurem|Dragon Dance|p2a: Kyurem
|-boost|p2a: Kyurem|atk|1
|-boost|p2a: Kyurem|spe|1
|move|p1a: Deoxys|Stealth Rock|p2a: Kyurem
|-sidestart|p2: waki0405|move: Stealth Rock
|
|-fieldend|move: Psychic Terrain
|upkeep
|turn|9
|inactive|hcyaiiu has 120 seconds left.
|
|t:|1760444077
|cant|p2a: Kyurem|par
|move|p1a: Deoxys|Spikes|p2a: Kyurem
|-sidestart|p2: waki0405|Spikes
|
|upkeep
|turn|10
|
|t:|1760444083
|move|p2a: Kyurem|Scale Shot|p1a: Deoxys|[miss]
|-miss|p2a: Kyurem|p1a: Deoxys
|move|p1a: Deoxys|Spikes|p2a: Kyurem
|-sidestart|p2: waki0405|Spikes
|
|upkeep
|turn|11
|inactive|hcyaiiu has 120 seconds left.
|
|t:|1760444100
|move|p2a: Kyurem|Scale Shot|p1a: Deoxys
|-damage|p1a: Deoxys|78/100
|-damage|p1a: Deoxys|53/100
|-damage|p1a: Deoxys|31/100
|-hitcount|p1a: Deoxys|3
|-unboost|p2a: Kyurem|def|1
|-boost|p2a: Kyurem|spe|1
|move|p1a: Deoxys|Spikes|p2a: Kyurem
|-sidestart|p2: waki0405|Spikes
|
|-heal|p1a: Deoxys|37/100|[from] item: Leftovers
|upkeep
|turn|12
|inactive|hcyaiiu has 120 seconds left.
|
|t:|1760444116
|cant|p2a: Kyurem|par
|move|p1a: Deoxys|Knock Off|p2a: Kyurem
|-damage|p2a: Kyurem|68/100 par
|
|-heal|p1a: Deoxys|43/100|[from] item: Leftovers
|upkeep
|turn|13
|inactive|hcyaiiu has 120 seconds left.
|
|t:|1760444124
|move|p2a: Kyurem|Scale Shot|p1a: Deoxys|[miss]
|-miss|p2a: Kyurem|p1a: Deoxys
|move|p1a: Deoxys|Knock Off|p2a: Kyurem
|-damage|p2a: Kyurem|53/100 par
|
|-heal|p1a: Deoxys|50/100|[from] item: Leftovers
|upkeep
|turn|14
|
|t:|1760444133
|move|p2a: Kyurem|Icicle Spear|p1a: Deoxys
|-damage|p1a: Deoxys|25/100
|-damage|p1a: Deoxys|0 fnt
|faint|p1a: Deoxys
|-hitcount|p1: Deoxys|2
|
|upkeep
|inactive|hcyaiiu has 120 seconds left.
|
|t:|1760444149
|switch|p1a: Scizor|Scizor, F, shiny|100/100
|turn|15
|
|t:|1760444153
|-terastallize|p2a: Kyurem|Fire
|move|p1a: Scizor|Bullet Punch|p2a: Kyurem
|-resisted|p2a: Kyurem
|-damage|p2a: Kyurem|24/100 par
|cant|p2a: Kyurem|par
|
|upkeep
|turn|16
|
|t:|1760444161
|move|p1a: Scizor|Bullet Punch|p2a: Kyurem
|-resisted|p2a: Kyurem
|-damage|p2a: Kyurem|0 fnt
|faint|p2a: Kyurem
|
|upkeep
|
|t:|1760444163
|switch|p2a: Indeedee|Indeedee, M|100/100
|-damage|p2a: Indeedee|88/100|[from] Stealth Rock
|-damage|p2a: Indeedee|63/100|[from] Spikes
|-fieldstart|move: Psychic Terrain|[from] ability: Psychic Surge|[of] p2a: Indeedee
|turn|17
|
|t:|1760444174
|move|p2a: Indeedee|Dazzling Gleam|p1a: Scizor
|-resisted|p1a: Scizor
|-damage|p1a: Scizor|86/100
|move|p1a: Scizor|Pounce|p2a: Indeedee
|-supereffective|p2a: Indeedee
|-damage|p2a: Indeedee|0 fnt
|faint|p2a: Indeedee
|
|upkeep
|
|t:|1760444182
|switch|p2a: Deoxys|Deoxys-Speed|100/100
|-damage|p2a: Deoxys|88/100|[from] Stealth Rock
|-damage|p2a: Deoxys|63/100|[from] Spikes
|-ability|p2a: Deoxys|Pressure
|turn|18
|
|t:|1760444190
|-terastallize|p1a: Scizor|Steel
|move|p1a: Scizor|Bullet Punch|p2a: Deoxys
|-activate|p2a: Deoxys|move: Psychic Terrain
|move|p2a: Deoxys|Focus Blast|p1a: Scizor
|-supereffective|p1a: Scizor
|-damage|p1a: Scizor|0 fnt
|faint|p1a: Scizor
|-damage|p2a: Deoxys|53/100|[from] item: Life Orb
|
|upkeep
|
|t:|1760444205
|switch|p1a: Meowscarada|Meowscarada, F, shiny|100/100
|turn|19
|
|t:|1760444211
|move|p1a: Meowscarada|Knock Off|p2a: Deoxys
|-start|p1a: Meowscarada|typechange|Dark|[from] ability: Protean
|-supereffective|p2a: Deoxys
|-damage|p2a: Deoxys|0 fnt
|-enditem|p2a: Deoxys|Life Orb|[from] move: Knock Off|[of] p1a: Meowscarada
|faint|p2a: Deoxys
|
|upkeep
|-message|waki0405 forfeited.
|
|win|hcyaiiu
|raw|hcyaiiu's rating: 1241 &rarr; <strong>1269</strong><br />(+28 for winning)
|raw|waki0405's rating: 1284 &rarr; <strong>1256</strong><br />(-28 for losing)
|l|☆waki0405
|player|p2|
|l|☆hcyaiiu
|player|p1|
