|j|☆jemaisjepa
|j|☆torvik en place
|t:|1760362898
|gametype|singles
|player|p1|jemaisjepa|marlon|1847
|player|p2|torvik en place|gambler|1799
|gen|9
|tier|[Gen 9] OU
|rated|
|rule|HP Percentage Mod: HP is shown in percentages
|rule|Endless Battle Clause: Forcing endless battles is banned
|rule|Species Clause: Limit one of each Pokémon
|rule|OHKO Clause: OHKO moves are banned
|rule|Evasion Items Clause: Evasion items are banned
|rule|Evasion Moves Clause: Evasion moves are banned
|rule|Evasion Abilities Clause: Evasion abilities are banned
|rule|Sleep Moves Clause: Sleep-inducing moves are banned
|clearpoke
|poke|p1|Weezing-Galar, F|
|poke|p1|Alomomola, M|
|poke|p1|Dragonite, M|
|poke|p1|Great Tusk|
|poke|p1|Zamazenta-*|
|poke|p1|Ogerpon-Wellspring, F|
|poke|p2|Garchomp, F|
|poke|p2|Rillaboom, F|
|poke|p2|Iron Crown|
|poke|p2|Darkrai|
|poke|p2|Hatterene, F|
|poke|p2|Alomomola, F|
|teampreview
|inactive|Battle timer is ON: inactive players will automatically lose when time's up. (requested by jemaisjepa)
|inactive|jemaisjepa has 120 seconds left.
|
|t:|1760362942
|teamsize|p1|6
|teamsize|p2|6
|start
|switch|p1a: Zamazenta|Zamazenta, shiny|100/100
|switch|p2a: Rillaboom|Rillaboom, F|100/100
|-ability|p1a: Zamazenta|Dauntless Shield|boost
|-boost|p1a: Zamazenta|def|1
|-fieldstart|move: Grassy Terrain|[from] ability: Grassy Surge|[of] p2a: Rillaboom
|turn|1
|j| wyverncutie 23
|
|t:|1760362966
|switch|p2a: Garchomp|Garchomp, F|100/100
|-terastallize|p1a: Zamazenta|Fighting
|move|p1a: Zamazenta|Close Combat|p2a: Garchomp
|-damage|p2a: Garchomp|23/100
|-unboost|p1a: Zamazenta|def|1
|-unboost|p1a: Zamazenta|spd|1
|-damage|p1a: Zamazenta|88/100|[from] ability: Rough Skin|[of] p2a: Garchomp
|-damage|p1a: Zamazenta|72/100|[from] item: Rocky Helmet|[of] p2a: Garchomp
|
|-heal|p1a: Zamazenta|78/100|[from] Grassy Terrain
|-heal|p2a: Garchomp|29/100|[from] Grassy Terrain
|upkeep
|turn|2
|
|t:|1760362979
|switch|p2a: Hatterene|Hatterene, F|100/100
|move|p1a: Zamazenta|Close Combat|p2a: Hatterene
|-resisted|p2a: Hatterene
|-crit|p2a: Hatterene
|-damage|p2a: Hatterene|64/100
|-unboost|p1a: Zamazenta|def|1
|-unboost|p1a: Zamazenta|spd|1
|
|-heal|p1a: Zamazenta|84/100|[from] Grassy Terrain
|-heal|p2a: Hatterene|70/100|[from] Grassy Terrain
|-heal|p2a: Hatterene|76/100|[from] item: Leftovers
|upkeep
|turn|3
|
|t:|1760362991
|switch|p1a: Alomomola|Alomomola, M, shiny|100/100
|switch|p2a: Rillaboom|Rillaboom, F|100/100
|
|upkeep
|turn|4
|
|t:|1760363004
|switch|p1a: Weezing|Weezing-Galar, F, shiny|100/100
|-ability|p1a: Weezing|Neutralizing Gas
|move|p2a: Rillaboom|U-turn|p1a: Weezing
|-resisted|p1a: Weezing
|-damage|p1a: Weezing|94/100
|
|t:|1760363021
|switch|p2a: Iron Crown|Iron Crown|100/100|[from] U-turn
|
|-heal|p1a: Weezing|99/100|[from] Grassy Terrain
|upkeep
|turn|5
|j| FaronAan
|
|t:|1760363050
|-end|p1a: Weezing|ability: Neutralizing Gas
|switch|p1a: Alomomola|Alomomola, M, shiny|100/100
|move|p2a: Iron Crown|Volt Switch|p1a: Alomomola
|-supereffective|p1a: Alomomola
|-crit|p1a: Alomomola
|-damage|p1a: Alomomola|39/100
|
|t:|1760363062
|-end|p2a: Iron Crown|Quark Drive|[silent]
|switch|p2a: Rillaboom|Rillaboom, F|100/100|[from] Volt Switch
|
|-heal|p1a: Alomomola|45/100|[from] Grassy Terrain
|-fieldend|move: Grassy Terrain
|upkeep
|turn|6
|
|t:|1760363070
|switch|p1a: Dragonite|Dragonite, M, shiny|100/100
|move|p2a: Rillaboom|U-turn|p1a: Dragonite
|-resisted|p1a: Dragonite
|-damage|p1a: Dragonite|92/100
|j| madfarm
|j| Swagboss123456789
|j| brbsiekekeoei
|
|t:|1760363096
|switch|p2a: Iron Crown|Iron Crown|100/100|[from] U-turn
|
|upkeep
|turn|7
|
|t:|1760363101
|move|p2a: Iron Crown|Volt Switch|p1a: Dragonite
|-damage|p1a: Dragonite|59/100
|j| marcoscunha
|
|t:|1760363111
|-end|p2a: Iron Crown|Quark Drive|[silent]
|switch|p2a: Hatterene|Hatterene, F|76/100|[from] Volt Switch
|move|p1a: Dragonite|Roost|p1a: Dragonite
|-heal|p1a: Dragonite|100/100
|-singleturn|p1a: Dragonite|move: Roost
|
|-heal|p2a: Hatterene|82/100|[from] item: Leftovers
|upkeep
|turn|8
|
|t:|1760363118
|switch|p1a: Alomomola|Alomomola, M, shiny|78/100
|switch|p2a: Rillaboom|Rillaboom, F|100/100
|-fieldstart|move: Grassy Terrain|[from] ability: Grassy Surge|[of] p2a: Rillaboom
|
|-heal|p1a: Alomomola|84/100|[from] Grassy Terrain
|upkeep
|turn|9
|
|t:|1760363126
|move|p2a: Rillaboom|U-turn|p1a: Alomomola
|-damage|p1a: Alomomola|60/100
|
|t:|1760363135
|switch|p2a: Garchomp|Garchomp, F|29/100|[from] U-turn
|move|p1a: Alomomola|Flip Turn|p2a: Garchomp
|-damage|p2a: Garchomp|19/100
|-damage|p1a: Alomomola|48/100|[from] ability: Rough Skin|[of] p2a: Garchomp
|-damage|p1a: Alomomola|31/100|[from] item: Rocky Helmet|[of] p2a: Garchomp
|
|t:|1760363156
|switch|p1a: Ogerpon|Ogerpon-Wellspring, F|100/100|[from] Flip Turn
|
|-heal|p2a: Garchomp|25/100|[from] Grassy Terrain
|upkeep
|turn|10
|
|t:|1760363159
|switch|p2a: Rillaboom|Rillaboom, F|100/100
|move|p1a: Ogerpon|Ivy Cudgel|p2a: Rillaboom|[anim] Ivy Cudgel Water
|-resisted|p2a: Rillaboom
|-damage|p2a: Rillaboom|70/100
|
|-heal|p2a: Rillaboom|76/100|[from] Grassy Terrain
|upkeep
|turn|11
|
|t:|1760363168
|switch|p1a: Alomomola|Alomomola, M, shiny|64/100
|move|p2a: Rillaboom|U-turn|p1a: Alomomola
|-damage|p1a: Alomomola|39/100
|
|t:|1760363176
|switch|p2a: Iron Crown|Iron Crown|100/100|[from] U-turn
|
|-heal|p1a: Alomomola|45/100|[from] Grassy Terrain
|upkeep
|turn|12
|
|t:|1760363182
|move|p2a: Iron Crown|Volt Switch|p1a: Alomomola
|-supereffective|p1a: Alomomola
|-damage|p1a: Alomomola|4/100
|
|t:|1760363187
|-end|p2a: Iron Crown|Quark Drive|[silent]
|switch|p2a: Garchomp|Garchomp, F|25/100|[from] Volt Switch
|move|p1a: Alomomola|Flip Turn|p2a: Garchomp
|-damage|p2a: Garchomp|14/100
|-damage|p1a: Alomomola|0 fnt|[from] ability: Rough Skin|[of] p2a: Garchomp
|faint|p1a: Alomomola
|
|-heal|p2a: Garchomp|20/100|[from] Grassy Terrain
|-fieldend|move: Grassy Terrain
|upkeep
|
|t:|1760363190
|switch|p1a: Ogerpon|Ogerpon-Wellspring, F|100/100
|turn|13
|
|t:|1760363199
|switch|p2a: Rillaboom|Rillaboom, F|76/100
|-fieldstart|move: Grassy Terrain|[from] ability: Grassy Surge|[of] p2a: Rillaboom
|move|p1a: Ogerpon|Knock Off|p2a: Rillaboom
|-damage|p2a: Rillaboom|35/100
|-enditem|p2a: Rillaboom|Choice Band|[from] move: Knock Off|[of] p1a: Ogerpon
|
|-heal|p2a: Rillaboom|41/100|[from] Grassy Terrain
|upkeep
|turn|14
|
|t:|1760363205
|move|p1a: Ogerpon|U-turn|p2a: Rillaboom
|-supereffective|p2a: Rillaboom
|-damage|p2a: Rillaboom|0 fnt
|faint|p2a: Rillaboom
|
|t:|1760363210
|switch|p1a: Zamazenta|Zamazenta, shiny, tera:Fighting|84/100|[from] U-turn
|
|-heal|p1a: Zamazenta|90/100|[from] Grassy Terrain
|upkeep
|
|t:|1760363215
|switch|p2a: Alomomola|Alomomola, F|100/100
|turn|15
|
|t:|1760363218
|switch|p1a: Ogerpon|Ogerpon-Wellspring, F|100/100
|switch|p2a: Hatterene|Hatterene, F|82/100
|
|-heal|p2a: Hatterene|88/100|[from] Grassy Terrain
|-heal|p2a: Hatterene|94/100|[from] item: Leftovers
|upkeep
|turn|16
|
|t:|1760363228
|move|p1a: Ogerpon|Knock Off|p2a: Hatterene
|-damage|p2a: Hatterene|65/100
|-enditem|p2a: Hatterene|Leftovers|[from] move: Knock Off|[of] p1a: Ogerpon
|move|p2a: Hatterene|Nuzzle|p1a: Ogerpon
|-damage|p1a: Ogerpon|96/100
|-status|p1a: Ogerpon|par
|
|-heal|p1a: Ogerpon|100/100 par|[from] Grassy Terrain
|-heal|p2a: Hatterene|71/100|[from] Grassy Terrain
|upkeep
|turn|17
|
|t:|1760363232
|cant|p1a: Ogerpon|par
|move|p2a: Hatterene|Psychic Noise|p1a: Ogerpon
|-damage|p1a: Ogerpon|61/100 par
|-start|p1a: Ogerpon|move: Heal Block
|
|-heal|p2a: Hatterene|77/100|[from] Grassy Terrain
|-fieldend|move: Grassy Terrain
|upkeep
|turn|18
|l| marcoscunha
|
|t:|1760363238
|cant|p1a: Ogerpon|par
|move|p2a: Hatterene|Psychic Noise|p1a: Ogerpon
|-damage|p1a: Ogerpon|20/100 par
|
|-end|p1a: Ogerpon|move: Heal Block
|upkeep
|turn|19
|
|t:|1760363243
|move|p1a: Ogerpon|Ivy Cudgel|p2a: Hatterene|[anim] Ivy Cudgel Water
|-damage|p2a: Hatterene|26/100
|move|p2a: Hatterene|Draining Kiss|p1a: Ogerpon
|-damage|p1a: Ogerpon|0 fnt
|-heal|p2a: Hatterene|40/100|[from] drain|[of] p1a: Ogerpon
|faint|p1a: Ogerpon
|
|upkeep
|
|t:|1760363249
|switch|p1a: Great Tusk|Great Tusk|100/100
|-enditem|p1a: Great Tusk|Booster Energy
|-activate|p1a: Great Tusk|ability: Protosynthesis|[fromitem]
|-start|p1a: Great Tusk|protosynthesisatk
|turn|20
|
|t:|1760363274
|switch|p2a: Garchomp|Garchomp, F|20/100
|move|p1a: Great Tusk|Headlong Rush|p2a: Garchomp
|-damage|p2a: Garchomp|0 fnt
|-unboost|p1a: Great Tusk|def|1
|-unboost|p1a: Great Tusk|spd|1
|-damage|p1a: Great Tusk|88/100|[from] ability: Rough Skin|[of] p2a: Garchomp
|-damage|p1a: Great Tusk|72/100|[from] item: Rocky Helmet|[of] p2a: Garchomp
|faint|p2a: Garchomp
|
|upkeep
|
|t:|1760363284
|switch|p2a: Iron Crown|Iron Crown|100/100
|turn|21
|
|t:|1760363291
|-end|p1a: Great Tusk|Protosynthesis|[silent]
|switch|p1a: Dragonite|Dragonite, M, shiny|100/100
|move|p2a: Iron Crown|Tachyon Cutter|p1a: Dragonite
|-damage|p1a: Dragonite|83/100
|-damage|p1a: Dragonite|50/100
|-hitcount|p1a: Dragonite|2
|
|upkeep
|turn|22
|
|t:|1760363294
|move|p1a: Dragonite|Extreme Speed|p2a: Iron Crown
|-resisted|p2a: Iron Crown
|-damage|p2a: Iron Crown|85/100
|move|p2a: Iron Crown|Tachyon Cutter|p1a: Dragonite
|-damage|p1a: Dragonite|19/100
|-damage|p1a: Dragonite|0 fnt
|faint|p1a: Dragonite
|-hitcount|p1: Dragonite|2
|
|upkeep
|
|t:|1760363296
|switch|p1a: Great Tusk|Great Tusk|72/100
|turn|23
|c|☆jemaisjepa|oops
|
|t:|1760363302
|move|p2a: Iron Crown|Tachyon Cutter|p1a: Great Tusk
|-damage|p1a: Great Tusk|13/100
|-damage|p1a: Great Tusk|0 fnt
|faint|p1a: Great Tusk
|-end|p1a: Great Tusk|Protosynthesis|[silent]
|-hitcount|p1: Great Tusk|2
|
|upkeep
|
|t:|1760363303
|switch|p1a: Zamazenta|Zamazenta, shiny, tera:Fighting|90/100
|turn|24
|c|☆jemaisjepa|mean to zama
|
|t:|1760363313
|-end|p2a: Iron Crown|Quark Drive|[silent]
|switch|p2a: Alomomola|Alomomola, F|100/100
|move|p1a: Zamazenta|Close Combat|p2a: Alomomola
|-damage|p2a: Alomomola|6/100
|-unboost|p1a: Zamazenta|def|1
|-unboost|p1a: Zamazenta|spd|1
|
|upkeep
|turn|25
|
|t:|1760363318
|switch|p2a: Hatterene|Hatterene, F|40/100
|move|p1a: Zamazenta|Close Combat|p2a: Hatterene
|-resisted|p2a: Hatterene
|-damage|p2a: Hatterene|17/100
|-unboost|p1a: Zamazenta|def|1
|-unboost|p1a: Zamazenta|spd|1
|
|upkeep
|turn|26
|
|t:|1760363331
|switch|p2a: Alomomola|Alomomola, F|39/100
|move|p1a: Zamazenta|Close Combat|p2a: Alomomola
|-damage|p2a: Alomomola|0 fnt
|-unboost|p1a: Zamazenta|def|1
|-unboost|p1a: Zamazenta|spd|1
|faint|p2a: Alomomola
|
|upkeep
|
|t:|1760363334
|switch|p2a: Darkrai|Darkrai|100/100
|turn|27
|
|t:|1760363339
|switch|p1a: Weezing|Weezing-Galar, F, shiny|99/100
|-ability|p1a: Weezing|Neutralizing Gas
|-terastallize|p2a: Darkrai|Poison
|move|p2a: Darkrai|Ice Beam|p1a: Weezing
|-damage|p1a: Weezing|57/100
|
|upkeep
|turn|28
|
|t:|1760363347
|switch|p2a: Iron Crown|Iron Crown|85/100
|move|p1a: Weezing|Pain Split|p2a: Iron Crown
|-sethp|p2a: Iron Crown|72/100|[from] move: Pain Split|[silent]
|-sethp|p1a: Weezing|69/100|[from] move: Pain Split
|
|upkeep
|turn|29
|
|t:|1760363353
|move|p2a: Iron Crown|Tachyon Cutter|p1a: Weezing
|-supereffective|p1a: Weezing
|-damage|p1a: Weezing|0 fnt
|faint|p1a: Weezing
|-end|p1a: Weezing|ability: Neutralizing Gas
|-hitcount|p1: Weezing|1
|
|upkeep
|
|t:|1760363355
|switch|p1a: Zamazenta|Zamazenta, shiny, tera:Fighting|90/100
|turn|30
|l| wyverncutie 23
|
|t:|1760363356
|move|p1a: Zamazenta|Close Combat|p2a: Iron Crown
|-damage|p2a: Iron Crown|0 fnt
|-unboost|p1a: Zamazenta|def|1
|-unboost|p1a: Zamazenta|spd|1
|faint|p2a: Iron Crown
|-end|p2a: Iron Crown|Quark Drive|[silent]
|
|upkeep
|c|☆jemaisjepa|damn i actually won but had to misclick
|c|☆jemaisjepa|unfort
|inactive|torvik en place has 120 seconds left.
|inactive|torvik en place has 90 seconds left.
|
|t:|1760363430
|switch|p2a: Darkrai|Darkrai, tera:Poison|100/100
|turn|31
|c|☆jemaisjepa|bro go hat
|c|☆jemaisjepa|wtf is this
|
|t:|1760363437
|move|p1a: Zamazenta|Close Combat|p2a: Darkrai
|-resisted|p2a: Darkrai
|-damage|p2a: Darkrai|26/100
|-unboost|p1a: Zamazenta|def|1
|-unboost|p1a: Zamazenta|spd|1
|move|p2a: Darkrai|Will-O-Wisp|p1a: Zamazenta
|-status|p1a: Zamazenta|brn
|
|-heal|p2a: Darkrai|32/100|[from] item: Leftovers
|-damage|p1a: Zamazenta|84/100 brn|[from] brn
|upkeep
|turn|32
|
|t:|1760363445
|move|p1a: Zamazenta|Close Combat|p2a: Darkrai
|-resisted|p2a: Darkrai
|-damage|p2a: Darkrai|0 fnt
|-unboost|p1a: Zamazenta|def|1
|-unboost|p1a: Zamazenta|spd|1
|faint|p2a: Darkrai
|
|-damage|p1a: Zamazenta|78/100 brn|[from] brn
|upkeep
|
|t:|1760363447
|switch|p2a: Hatterene|Hatterene, F|17/100
|turn|33
|c|☆jemaisjepa|trying to throw?
|
|t:|1760363451
|-activate|p1a: Zamazenta|move: Struggle
|move|p1a: Zamazenta|Struggle|p2a: Hatterene
|-damage|p2a: Hatterene|6/100
|-damage|p1a: Zamazenta|53/100 brn|[from] recoil
|move|p2a: Hatterene|Draining Kiss|p1a: Zamazenta
|-supereffective|p1a: Zamazenta
|-damage|p1a: Zamazenta|0 fnt
|-heal|p2a: Hatterene|46/100|[from] drain|[of] p1a: Zamazenta
|faint|p1a: Zamazenta
|
|win|torvik en place
|raw|jemaisjepa's rating: 1847 &rarr; <strong>1824</strong><br />(-23 for losing)
|raw|torvik en place's rating: 1799 &rarr; <strong>1822</strong><br />(+23 for winning)
|c|☆torvik en place|cant kill the zama with rai bro
|c|☆jemaisjepa|you can
|c|☆jemaisjepa|if im -2
|l| FaronAan
|c|☆torvik en place|still not kill
|c|☆jemaisjepa|lol
|c|☆jemaisjepa|shitmon
|c|☆torvik en place|i dont have slude
|c|☆torvik en place|sludge
|c|☆jemaisjepa|ow
|c|☆jemaisjepa|shit set then
|c|☆jemaisjepa|enjoy the free points you got beacuse misclick
|c|☆torvik en place|idc about points
|c|☆torvik en place|gg anyway
|l| brbsiekekeoei
|l|☆torvik en place
|player|p2|
|l| Swagboss123456789
