|j|☆Gym Leader Ellora
|j|☆ballyhoogreen
|t:|1760367358
|gametype|singles
|player|p1|Gym Leader Ellora|brigette|1106
|player|p2|ballyhoogreen|maid|1113
|gen|9
|tier|[Gen 9] OU
|rated|
|rule|HP Percentage Mod: HP is shown in percentages
|rule|Endless Battle Clause: Forcing endless battles is banned
|rule|Species Clause: Limit one of each Pokémon
|rule|OHKO Clause: OHKO moves are banned
|rule|Evasion Items Clause: Evasion items are banned
|rule|Evasion Moves Clause: Evasion moves are banned
|rule|Evasion Abilities Clause: Evasion abilities are banned
|rule|Sleep Moves Clause: Sleep-inducing moves are banned
|clearpoke
|poke|p1|Grimmsnarl, M|
|poke|p1|Ting-Lu|
|poke|p1|Samurott-Hisui, M|
|poke|p1|Sableye, M|
|poke|p1|Mandibuzz, F|
|poke|p1|Hydreigon, M|
|poke|p2|Glastrier|
|poke|p2|Slowbro-Galar, F|
|poke|p2|Polteageist|
|poke|p2|Cinccino, M|
|poke|p2|Jirachi|
|poke|p2|Tatsugiri-Stretchy, M|
|teampreview
|
|t:|1760367363
|teamsize|p1|6
|teamsize|p2|6
|start
|switch|p1a: Samurott|Samurott-Hisui, M, shiny|100/100
|switch|p2a: Crotch|Jirachi|100/100
|turn|1
|
|t:|1760367368
|-terastallize|p2a: Crotch|Poison
|move|p1a: Samurott|Ceaseless Edge|p2a: Crotch
|-damage|p2a: Crotch|56/100
|-sidestart|p2: ballyhoogreen|Spikes
|-damage|p1a: Samurott|91/100|[from] item: Life Orb
|move|p2a: Crotch|Doom Desire|p1a: Samurott
|-start|p2a: Crotch|Doom Desire
|
|upkeep
|turn|2
|
|t:|1760367378
|move|p1a: Samurott|Flip Turn|p2a: Crotch
|-damage|p2a: Crotch|23/100
|-damage|p1a: Samurott|81/100|[from] item: Life Orb
|
|t:|1760367383
|switch|p1a: Grimmsnarl|Grimmsnarl, M|100/100|[from] Flip Turn
|move|p2a: Crotch|U-turn|p1a: Grimmsnarl
|-damage|p1a: Grimmsnarl|82/100
|
|t:|1760367388
|switch|p2a: Rat|Cinccino, M|100/100|[from] U-turn
|-damage|p2a: Rat|88/100|[from] Spikes
|
|upkeep
|turn|3
|inactive|Battle timer is ON: inactive players will automatically lose when time's up. (requested by ballyhoogreen)
|
|t:|1760367411
|switch|p2a: Crotch|Jirachi, tera:Poison|23/100
|move|p1a: Grimmsnarl|Parting Shot|p2a: Crotch
|-unboost|p2a: Crotch|atk|1
|-unboost|p2a: Crotch|spa|1
|
|t:|1760367418
|switch|p1a: Samurott|Samurott-Hisui, M, shiny|81/100|[from] Parting Shot
|
|-end|p1a: Samurott|move: Doom Desire
|-resisted|p1a: Samurott
|-damage|p1a: Samurott|55/100
|upkeep
|turn|4
|
|t:|1760367426
|move|p1a: Samurott|Ceaseless Edge|p2a: Crotch
|-damage|p2a: Crotch|0 fnt
|-sidestart|p2: ballyhoogreen|Spikes
|faint|p2a: Crotch
|-damage|p1a: Samurott|45/100|[from] item: Life Orb
|
|upkeep
|
|t:|1760367431
|switch|p2a: Rat|Cinccino, M|88/100
|-damage|p2a: Rat|72/100|[from] Spikes
|turn|5
|
|t:|1760367438
|move|p2a: Rat|Tidy Up|p2a: Rat
|-sideend|p2: ballyhoogreen|Spikes
|-activate|p2a: Rat|move: Tidy Up
|-boost|p2a: Rat|atk|1
|-boost|p2a: Rat|spe|1
|move|p1a: Samurott|Sacred Sword|p2a: Rat
|-supereffective|p2a: Rat
|-damage|p2a: Rat|0 fnt
|faint|p2a: Rat
|-damage|p1a: Samurott|35/100|[from] item: Life Orb
|
|upkeep
|
|t:|1760367443
|switch|p2a: LetsGoGambling|Slowbro-Galar, F|100/100
|turn|6
|
|t:|1760367452
|move|p1a: Samurott|Ceaseless Edge|p2a: LetsGoGambling
|-supereffective|p2a: LetsGoGambling
|-damage|p2a: LetsGoGambling|1/100
|-sidestart|p2: ballyhoogreen|Spikes
|-damage|p1a: Samurott|25/100|[from] item: Life Orb
|move|p2a: LetsGoGambling|Drain Punch|p1a: Samurott
|-supereffective|p1a: Samurott
|-damage|p1a: Samurott|0 fnt
|-heal|p2a: LetsGoGambling|11/100|[from] drain|[of] p1a: Samurott
|faint|p1a: Samurott
|
|upkeep
|
|t:|1760367474
|switch|p1a: Mandibuzz|Mandibuzz, F|100/100
|turn|7
|
|t:|1760367478
|move|p1a: Mandibuzz|Dark Pulse|p2a: LetsGoGambling
|-supereffective|p2a: LetsGoGambling
|-damage|p2a: LetsGoGambling|0 fnt
|faint|p2a: LetsGoGambling
|
|upkeep
|
|t:|1760367482
|switch|p2a: Uma|Glastrier|100/100
|-damage|p2a: Uma|88/100|[from] Spikes
|turn|8
|
|t:|1760367496
|move|p1a: Mandibuzz|Dark Pulse|p2a: Uma
|-damage|p2a: Uma|68/100
|-enditem|p2a: Uma|Red Card|[of] p1a: Mandibuzz
|drag|p1a: Hydreigon|Hydreigon, M|100/100
|move|p2a: Uma|Avalanche|p1a: Hydreigon
|-supereffective|p1a: Hydreigon
|-damage|p1a: Hydreigon|11/100
|
|upkeep
|turn|9
|
|t:|1760367512
|move|p1a: Hydreigon|Flash Cannon|p2a: Uma
|-supereffective|p2a: Uma
|-damage|p2a: Uma|2/100
|move|p2a: Uma|Crunch|p1a: Hydreigon
|-resisted|p1a: Hydreigon
|-damage|p1a: Hydreigon|0 fnt
|faint|p1a: Hydreigon
|-ability|p2a: Uma|Chilling Neigh|boost
|-boost|p2a: Uma|atk|1
|
|upkeep
|
|t:|1760367527
|switch|p1a: Mandibuzz|Mandibuzz, F|100/100
|turn|10
|
|t:|1760367530
|move|p1a: Mandibuzz|Dark Pulse|p2a: Uma
|-damage|p2a: Uma|0 fnt
|faint|p2a: Uma
|
|upkeep
|
|t:|1760367532
|switch|p2a: D!ckParasite|Tatsugiri-Stretchy, M|100/100
|-damage|p2a: D!ckParasite|88/100|[from] Spikes
|turn|11
|
|t:|1760367537
|move|p2a: D!ckParasite|Nasty Plot|p2a: D!ckParasite
|-boost|p2a: D!ckParasite|spa|2
|move|p1a: Mandibuzz|Dark Pulse|p2a: D!ckParasite
|-damage|p2a: D!ckParasite|52/100
|
|upkeep
|turn|12
|
|t:|1760367544
|move|p2a: D!ckParasite|Rapid Spin|p1a: Mandibuzz
|-damage|p1a: Mandibuzz|96/100
|-boost|p2a: D!ckParasite|spe|1
|-sideend|p2: ballyhoogreen|Spikes|[from] move: Rapid Spin|[of] p2a: D!ckParasite
|move|p1a: Mandibuzz|Dark Pulse|p2a: D!ckParasite
|-damage|p2a: D!ckParasite|20/100
|
|upkeep
|turn|13
|
|t:|1760367557
|move|p2a: D!ckParasite|Surf|p1a: Mandibuzz
|-damage|p1a: Mandibuzz|26/100
|move|p1a: Mandibuzz|Dark Pulse|p2a: D!ckParasite
|-damage|p2a: D!ckParasite|0 fnt
|faint|p2a: D!ckParasite
|
|upkeep
|
|t:|1760367559
|switch|p2a: Piss|Polteageist|100/100
|turn|14
|
|t:|1760367565
|move|p2a: Piss|Shell Smash|p2a: Piss
|-unboost|p2a: Piss|def|1
|-unboost|p2a: Piss|spd|1
|-boost|p2a: Piss|atk|2
|-boost|p2a: Piss|spa|2
|-boost|p2a: Piss|spe|2
|move|p1a: Mandibuzz|Roost|p1a: Mandibuzz
|-heal|p1a: Mandibuzz|76/100
|-singleturn|p1a: Mandibuzz|move: Roost
|
|upkeep
|turn|15
|
|t:|1760367576
|move|p2a: Piss|Shell Smash|p2a: Piss
|-unboost|p2a: Piss|def|1
|-unboost|p2a: Piss|spd|1
|-boost|p2a: Piss|atk|2
|-boost|p2a: Piss|spa|2
|-boost|p2a: Piss|spe|2
|move|p1a: Mandibuzz|Dark Pulse|p2a: Piss
|-supereffective|p2a: Piss
|-enditem|p2a: Piss|Focus Sash
|-damage|p2a: Piss|1/100
|
|upkeep
|turn|16
|
|t:|1760367588
|move|p2a: Piss|Tera Blast|p1a: Mandibuzz
|-damage|p1a: Mandibuzz|6/100
|move|p1a: Mandibuzz|Dark Pulse|p2a: Piss
|-supereffective|p2a: Piss
|-damage|p2a: Piss|0 fnt
|faint|p2a: Piss
|
|win|Gym Leader Ellora
|raw|Gym Leader Ellora's rating: 1106 &rarr; <strong>1132</strong><br />(+26 for winning)
|raw|ballyhoogreen's rating: 1113 &rarr; <strong>1087</strong><br />(-26 for losing)
|l|☆ballyhoogreen
|player|p2|
|l|☆Gym Leader Ellora
|player|p1|
