|j|☆quilpz
|j|☆AllElseIsLost
|t:|1760328307
|gametype|singles
|player|p1|quilpz|caitlin|1288
|player|p2|AllElseIsLost|1|1212
|gen|9
|tier|[Gen 9] OU
|rated|
|rule|HP Percentage Mod: HP is shown in percentages
|rule|Endless Battle Clause: Forcing endless battles is banned
|rule|Species Clause: Limit one of each Pokémon
|rule|OHKO Clause: OHKO moves are banned
|rule|Evasion Items Clause: Evasion items are banned
|rule|Evasion Moves Clause: Evasion moves are banned
|rule|Evasion Abilities Clause: Evasion abilities are banned
|rule|Sleep Moves Clause: Sleep-inducing moves are banned
|clearpoke
|poke|p1|Zapdos|
|poke|p1|Glimmora, F|
|poke|p1|Clefable, M|
|poke|p1|Kyurem|
|poke|p1|Hawlucha, F|
|poke|p1|Scizor, F|
|poke|p2|Torkoal, M|
|poke|p2|Hatterene, F|
|poke|p2|Raging Bolt|
|poke|p2|Slither Wing|
|poke|p2|Venusaur, F|
|poke|p2|Walking Wake|
|teampreview
|
|t:|1760328319
|teamsize|p1|6
|teamsize|p2|6
|start
|switch|p1a: Glimmora|Glimmora, F|100/100
|switch|p2a: Torkoal|Torkoal, M|100/100
|-weather|SunnyDay|[from] ability: Drought|[of] p2a: Torkoal
|turn|1
|
|t:|1760328346
|switch|p2a: Hatterene|Hatterene, F|100/100
|-item|p2a: Hatterene|Air Balloon
|move|p1a: Glimmora|Power Gem|p2a: Hatterene
|-damage|p2a: Hatterene|62/100
|-enditem|p2a: Hatterene|Air Balloon
|
|-weather|SunnyDay|[upkeep]
|upkeep
|turn|2
|
|t:|1760328365
|move|p1a: Glimmora|Mortal Spin|p2a: Hatterene
|-supereffective|p2a: Hatterene
|-damage|p2a: Hatterene|52/100
|-status|p2a: Hatterene|psn
|move|p2a: Hatterene|Psychic Noise|p1a: Glimmora
|-supereffective|p1a: Glimmora
|-damage|p1a: Glimmora|19/100
|-start|p1a: Glimmora|move: Heal Block
|
|-weather|SunnyDay|[upkeep]
|-damage|p2a: Hatterene|40/100 psn|[from] psn
|upkeep
|turn|3
|
|t:|1760328394
|move|p1a: Glimmora|Memento|p2a: Hatterene
|-unboost|p2a: Hatterene|atk|2
|-unboost|p2a: Hatterene|spa|2
|faint|p1a: Glimmora
|move|p2a: Hatterene|Psychic Noise|p1: Glimmora|[notarget]
|-fail|p2a: Hatterene
|
|-weather|SunnyDay|[upkeep]
|-damage|p2a: Hatterene|28/100 psn|[from] psn
|upkeep
|
|t:|1760328421
|switch|p1a: Kyurem|Kyurem|100/100
|-ability|p1a: Kyurem|Pressure
|turn|4
|
|t:|1760328463
|switch|p2a: Torkoal|Torkoal, M|100/100
|move|p1a: Kyurem|Icicle Spear|p2a: Torkoal
|-resisted|p2a: Torkoal
|-damage|p2a: Torkoal|95/100
|-resisted|p2a: Torkoal
|-damage|p2a: Torkoal|89/100
|-resisted|p2a: Torkoal
|-damage|p2a: Torkoal|82/100
|-resisted|p2a: Torkoal
|-damage|p2a: Torkoal|77/100
|-resisted|p2a: Torkoal
|-damage|p2a: Torkoal|70/100
|-hitcount|p2a: Torkoal|5
|
|-weather|SunnyDay|[upkeep]
|upkeep
|turn|5
|
|t:|1760328472
|switch|p1a: Hawlucha|Hawlucha, F|100/100
|-ability|p1a: Hawlucha|Mold Breaker
|move|p2a: Torkoal|Stealth Rock|p1a: Hawlucha
|-sidestart|p1: quilpz|move: Stealth Rock
|
|-weather|SunnyDay|[upkeep]
|upkeep
|turn|6
|inactive|Battle timer is ON: inactive players will automatically lose when time's up. (requested by quilpz)
|inactive|AllElseIsLost has 120 seconds left.
|
|t:|1760328559
|switch|p2a: Venusaur|Venusaur, F|100/100
|move|p1a: Hawlucha|Swords Dance|p1a: Hawlucha
|-boost|p1a: Hawlucha|atk|2
|
|-weather|SunnyDay|[upkeep]
|upkeep
|turn|7
|
|t:|1760328580
|-terastallize|p2a: Venusaur|Fire
|move|p2a: Venusaur|Growth|p2a: Venusaur
|-boost|p2a: Venusaur|atk|2
|-boost|p2a: Venusaur|spa|2
|move|p1a: Hawlucha|Defog|p2a: Venusaur
|-unboost|p2a: Venusaur|evasion|1
|-sideend|p1: quilpz|Stealth Rock|[from] move: Defog|[of] p1a: Hawlucha
|
|-weather|SunnyDay|[upkeep]
|upkeep
|turn|8
|
|t:|1760328588
|move|p2a: Venusaur|Weather Ball|p1a: Hawlucha
|-enditem|p1a: Hawlucha|Focus Sash
|-damage|p1a: Hawlucha|1/100
|-damage|p2a: Venusaur|91/100|[from] item: Life Orb
|move|p1a: Hawlucha|Close Combat|p2a: Venusaur
|-damage|p2a: Venusaur|0 fnt
|-unboost|p1a: Hawlucha|def|1
|-unboost|p1a: Hawlucha|spd|1
|faint|p2a: Venusaur
|
|-weather|none
|upkeep
|
|t:|1760328597
|switch|p2a: Torkoal|Torkoal, M|70/100
|-weather|SunnyDay|[from] ability: Drought|[of] p2a: Torkoal
|turn|9
|
|t:|1760328618
|switch|p2a: Hatterene|Hatterene, F|28/100 psn
|move|p1a: Hawlucha|Close Combat|p2a: Hatterene
|-resisted|p2a: Hatterene
|-damage|p2a: Hatterene|7/100 psn
|-unboost|p1a: Hawlucha|def|1
|-unboost|p1a: Hawlucha|spd|1
|
|-weather|SunnyDay|[upkeep]
|-damage|p2a: Hatterene|0 fnt|[from] psn
|faint|p2a: Hatterene
|upkeep
|inactive|AllElseIsLost has 120 seconds left.
|
|t:|1760328648
|switch|p2a: Slither Wing|Slither Wing|100/100
|-activate|p2a: Slither Wing|ability: Protosynthesis
|-start|p2a: Slither Wing|protosynthesisatk
|turn|10
|
|t:|1760328654
|move|p2a: Slither Wing|First Impression|p1a: Hawlucha
|-resisted|p1a: Hawlucha
|-damage|p1a: Hawlucha|0 fnt
|faint|p1a: Hawlucha
|
|-weather|SunnyDay|[upkeep]
|upkeep
|
|t:|1760328660
|switch|p1a: Scizor|Scizor, F|100/100
|turn|11
|
|t:|1760328671
|move|p2a: Slither Wing|Temper Flare|p1a: Scizor
|-supereffective|p1a: Scizor
|-damage|p1a: Scizor|0 fnt
|faint|p1a: Scizor
|
|-weather|SunnyDay|[upkeep]
|upkeep
|
|t:|1760328681
|switch|p1a: Zapdos|Zapdos|100/100
|turn|12
|inactive|AllElseIsLost has 120 seconds left.
|
|t:|1760328686
|move|p1a: Zapdos|Agility|p1a: Zapdos
|-boost|p1a: Zapdos|spe|2
|move|p2a: Slither Wing|U-turn|p1a: Zapdos
|-resisted|p1a: Zapdos
|-damage|p1a: Zapdos|69/100
|inactive|AllElseIsLost has 120 seconds left.
|
|t:|1760328694
|-end|p2a: Slither Wing|Protosynthesis|[silent]
|switch|p2a: Raging Bolt|Raging Bolt|100/100|[from] U-turn
|-activate|p2a: Raging Bolt|ability: Protosynthesis
|-start|p2a: Raging Bolt|protosynthesisspa
|
|-weather|SunnyDay|[upkeep]
|upkeep
|turn|13
|inactive|AllElseIsLost has 120 seconds left.
|
|t:|1760328713
|move|p1a: Zapdos|Hurricane|p2a: Raging Bolt|[miss]
|-miss|p1a: Zapdos|p2a: Raging Bolt
|move|p2a: Raging Bolt|Weather Ball|p1a: Zapdos
|-damage|p1a: Zapdos|0 fnt
|faint|p1a: Zapdos
|-damage|p2a: Raging Bolt|91/100|[from] item: Life Orb
|
|-weather|SunnyDay|[upkeep]
|upkeep
|c|☆AllElseIsLost|hax moment
|c|☆quilpz|wdym
|
|t:|1760328728
|switch|p1a: Kyurem|Kyurem|100/100
|-ability|p1a: Kyurem|Pressure
|turn|14
|inactive|AllElseIsLost has 120 seconds left.
|c|☆AllElseIsLost|hax is mentioned when rng failed you
|c|☆AllElseIsLost|you just msised a hurricane
|c|☆quilpz|nah hurricane in sun got 50/50 accuracy
|inactive|AllElseIsLost has 90 seconds left.
|c|☆quilpz|it was a desparate attempt
|
|t:|1760328782
|-terastallize|p1a: Kyurem|Ground
|move|p1a: Kyurem|Dragon Dance|p1a: Kyurem
|-boost|p1a: Kyurem|atk|1
|-boost|p1a: Kyurem|spe|1
|move|p2a: Raging Bolt|Dragon Pulse|p1a: Kyurem
|-damage|p1a: Kyurem|15/100
|-damage|p2a: Raging Bolt|81/100|[from] item: Life Orb
|
|-weather|SunnyDay|[upkeep]
|upkeep
|turn|15
|
|t:|1760328805
|-end|p2a: Raging Bolt|Protosynthesis|[silent]
|switch|p2a: Torkoal|Torkoal, M|70/100
|move|p1a: Kyurem|Icicle Spear|p2a: Torkoal
|-resisted|p2a: Torkoal
|-damage|p2a: Torkoal|60/100
|-resisted|p2a: Torkoal
|-damage|p2a: Torkoal|51/100
|-resisted|p2a: Torkoal
|-damage|p2a: Torkoal|43/100
|-resisted|p2a: Torkoal
|-damage|p2a: Torkoal|34/100
|-resisted|p2a: Torkoal
|-damage|p2a: Torkoal|25/100
|-hitcount|p2a: Torkoal|5
|
|-weather|SunnyDay|[upkeep]
|upkeep
|turn|16
|
|t:|1760328824
|switch|p2a: Raging Bolt|Raging Bolt|81/100
|-activate|p2a: Raging Bolt|ability: Protosynthesis
|-start|p2a: Raging Bolt|protosynthesisspa
|move|p1a: Kyurem|Scale Shot|p2a: Raging Bolt
|-supereffective|p2a: Raging Bolt
|-damage|p2a: Raging Bolt|38/100
|-supereffective|p2a: Raging Bolt
|-damage|p2a: Raging Bolt|0 fnt
|faint|p2a: Raging Bolt
|-end|p2a: Raging Bolt|Protosynthesis|[silent]
|-hitcount|p2: Raging Bolt|2
|-unboost|p1a: Kyurem|def|1
|-boost|p1a: Kyurem|spe|1
|
|-weather|none
|upkeep
|inactive|AllElseIsLost has 60 seconds left.
|
|t:|1760328836
|switch|p2a: Slither Wing|Slither Wing|100/100
|turn|17
|
|t:|1760328840
|move|p2a: Slither Wing|First Impression|p1a: Kyurem
|-damage|p1a: Kyurem|0 fnt
|faint|p1a: Kyurem
|
|upkeep
|
|t:|1760328844
|switch|p1a: Clefable|Clefable, M|100/100
|turn|18
|
|t:|1760328850
|move|p2a: Slither Wing|U-turn|p1a: Clefable
|-resisted|p1a: Clefable
|-damage|p1a: Clefable|82/100
|
|t:|1760328853
|-end|p2a: Slither Wing|Protosynthesis|[silent]
|switch|p2a: Torkoal|Torkoal, M|25/100|[from] U-turn
|-weather|SunnyDay|[from] ability: Drought|[of] p2a: Torkoal
|move|p1a: Clefable|Cosmic Power|p1a: Clefable
|-boost|p1a: Clefable|def|1
|-boost|p1a: Clefable|spd|1
|
|-weather|SunnyDay|[upkeep]
|-heal|p1a: Clefable|88/100|[from] item: Leftovers
|upkeep
|turn|19
|inactive|AllElseIsLost has 90 seconds left.
|
|t:|1760328862
|move|p1a: Clefable|Cosmic Power|p1a: Clefable
|-boost|p1a: Clefable|def|1
|-boost|p1a: Clefable|spd|1
|move|p2a: Torkoal|Overheat|p1a: Clefable
|-damage|p1a: Clefable|48/100
|-unboost|p2a: Torkoal|spa|2
|
|-weather|SunnyDay|[upkeep]
|-heal|p1a: Clefable|54/100|[from] item: Leftovers
|upkeep
|turn|20
|
|t:|1760328869
|switch|p2a: Slither Wing|Slither Wing|100/100
|-activate|p2a: Slither Wing|ability: Protosynthesis
|-start|p2a: Slither Wing|protosynthesisatk
|move|p1a: Clefable|Moonlight|p1a: Clefable
|-heal|p1a: Clefable|100/100
|
|-weather|SunnyDay|[upkeep]
|upkeep
|turn|21
|inactive|AllElseIsLost has 90 seconds left.
|inactive|AllElseIsLost has 60 seconds left.
|
|t:|1760328918
|move|p2a: Slither Wing|Earthquake|p1a: Clefable
|-damage|p1a: Clefable|76/100
|move|p1a: Clefable|Cosmic Power|p1a: Clefable
|-boost|p1a: Clefable|def|1
|-boost|p1a: Clefable|spd|1
|
|-weather|SunnyDay|[upkeep]
|-heal|p1a: Clefable|82/100|[from] item: Leftovers
|upkeep
|turn|22
|
|t:|1760328924
|move|p2a: Slither Wing|Earthquake|p1a: Clefable
|-damage|p1a: Clefable|65/100
|move|p1a: Clefable|Cosmic Power|p1a: Clefable
|-boost|p1a: Clefable|def|1
|-boost|p1a: Clefable|spd|1
|
|-weather|SunnyDay|[upkeep]
|-heal|p1a: Clefable|71/100|[from] item: Leftovers
|upkeep
|turn|23
|inactive|AllElseIsLost has 60 seconds left.
|
|t:|1760328943
|move|p2a: Slither Wing|Earthquake|p1a: Clefable
|-damage|p1a: Clefable|56/100
|move|p1a: Clefable|Moonlight|p1a: Clefable
|-heal|p1a: Clefable|100/100
|
|-weather|SunnyDay|[upkeep]
|upkeep
|turn|24
|inactive|AllElseIsLost has 60 seconds left.
|inactive|AllElseIsLost has 30 seconds left.
|
|t:|1760328983
|move|p2a: Slither Wing|First Impression||[still]
|-hint|First Impression only works on your first turn out.
|-fail|p2a: Slither Wing
|move|p1a: Clefable|Cosmic Power|p1a: Clefable
|-boost|p1a: Clefable|def|1
|-boost|p1a: Clefable|spd|1
|
|-weather|SunnyDay|[upkeep]
|upkeep
|turn|25
|
|t:|1760328989
|move|p2a: Slither Wing|Temper Flare|p1a: Clefable
|-damage|p1a: Clefable|71/100
|move|p1a: Clefable|Cosmic Power|p1a: Clefable
|-boost|p1a: Clefable|def|1
|-boost|p1a: Clefable|spd|1
|
|-weather|none
|-end|p2a: Slither Wing|Protosynthesis
|-heal|p1a: Clefable|77/100|[from] item: Leftovers
|upkeep
|turn|26
|
|t:|1760329001
|move|p2a: Slither Wing|U-turn|p1a: Clefable
|-resisted|p1a: Clefable
|-damage|p1a: Clefable|73/100
|
|t:|1760329005
|-end|p2a: Slither Wing|Protosynthesis|[silent]
|switch|p2a: Torkoal|Torkoal, M|25/100|[from] U-turn
|-weather|SunnyDay|[from] ability: Drought|[of] p2a: Torkoal
|move|p1a: Clefable|Stored Power|p2a: Torkoal
|-damage|p2a: Torkoal|0 fnt
|faint|p2a: Torkoal
|
|-weather|SunnyDay|[upkeep]
|-heal|p1a: Clefable|79/100|[from] item: Leftovers
|upkeep
|
|t:|1760329016
|switch|p2a: Walking Wake|Walking Wake|100/100
|-activate|p2a: Walking Wake|ability: Protosynthesis
|-start|p2a: Walking Wake|protosynthesisspe
|turn|27
|inactive|AllElseIsLost has 30 seconds left.
|inactive|quilpz has 120 seconds left.
|
|t:|1760329050
|move|p2a: Walking Wake|Hydro Steam|p1a: Clefable
|-damage|p1a: Clefable|62/100
|move|p1a: Clefable|Stored Power|p2a: Walking Wake
|-damage|p2a: Walking Wake|36/100
|
|-weather|SunnyDay|[upkeep]
|-heal|p1a: Clefable|68/100|[from] item: Leftovers
|upkeep
|turn|28
|c|☆AllElseIsLost|ah yes, cosic power clefable is somethign
|inactive|quilpz has 120 seconds left.
|inactive|AllElseIsLost has 30 seconds left.
|c|☆quilpz|clef is love, clef is life, pray for a crit, or be faced with strife
|
|t:|1760329067
|move|p2a: Walking Wake|Hydro Steam|p1a: Clefable
|-crit|p1a: Clefable
|-damage|p1a: Clefable|0 fnt
|faint|p1a: Clefable
|
|win|AllElseIsLost
|raw|quilpz's rating: 1288 &rarr; <strong>1258</strong><br />(-30 for losing)
|raw|AllElseIsLost's rating: 1212 &rarr; <strong>1242</strong><br />(+30 for winning)
|c|☆quilpz|crit diff
|c|☆AllElseIsLost|DAYUM
|c|☆quilpz|gg
|c|☆AllElseIsLost|lucky crit
|c|☆AllElseIsLost|gg
|c|☆quilpz|nah im just unlucky af
|c|☆quilpz|gg
|l|☆quilpz
|player|p1|
|l|☆AllElseIsLost
|player|p2|
