|j|☆ekud
|j|☆the floorist
|t:|1760376303
|gametype|singles
|player|p1|ekud|169|1544
|player|p2|the floorist|gambler-gen1rb|1557
|gen|9
|tier|[Gen 9] OU
|rated|
|rule|HP Percentage Mod: HP is shown in percentages
|rule|Endless Battle Clause: Forcing endless battles is banned
|rule|Species Clause: Limit one of each Pokémon
|rule|OHKO Clause: OHKO moves are banned
|rule|Evasion Items Clause: Evasion items are banned
|rule|Evasion Moves Clause: Evasion moves are banned
|rule|Evasion Abilities Clause: Evasion abilities are banned
|rule|Sleep Moves Clause: Sleep-inducing moves are banned
|clearpoke
|poke|p1|Dragonite, M|
|poke|p1|Deoxys-Speed|
|poke|p1|Great Tusk|
|poke|p1|Kingambit, F|
|poke|p1|Glimmora, F|
|poke|p1|Iron Valiant|
|poke|p2|Vileplume, F|
|poke|p2|Kingambit, M|
|poke|p2|Great Tusk|
|poke|p2|Ting-Lu|
|poke|p2|Moltres|
|poke|p2|Iron Valiant|
|teampreview
|inactive|Battle timer is ON: inactive players will automatically lose when time's up. (requested by ekud)
|inactive|the floorist has 120 seconds left.
|
|t:|1760376349
|teamsize|p1|6
|teamsize|p2|6
|start
|switch|p1a: Deoxys|Deoxys-Speed|100/100
|switch|p2a: The Professor|Ting-Lu|100/100
|-ability|p1a: Deoxys|Pressure
|-ability|p2a: The Professor|Vessel of Ruin
|turn|1
|
|t:|1760376356
|move|p1a: Deoxys|Taunt|p2a: The Professor
|-start|p2a: The Professor|move: Taunt
|move|p2a: The Professor|Earthquake|p1a: Deoxys
|-damage|p1a: Deoxys|58/100
|
|upkeep
|turn|2
|
|t:|1760376362
|move|p1a: Deoxys|Reflect|p1a: Deoxys
|-sidestart|p1: ekud|Reflect
|move|p2a: The Professor|Ruination|p1a: Deoxys
|-damage|p1a: Deoxys|29/100
|
|upkeep
|turn|3
|
|t:|1760376366
|move|p1a: Deoxys|Light Screen|p1a: Deoxys
|-sidestart|p1: ekud|move: Light Screen
|move|p2a: The Professor|Earthquake|p1a: Deoxys
|-damage|p1a: Deoxys|5/100
|
|-end|p2a: The Professor|move: Taunt
|upkeep
|turn|4
|
|t:|1760376372
|switch|p1a: Great Tusk|Great Tusk|100/100
|-enditem|p1a: Great Tusk|Booster Energy
|-activate|p1a: Great Tusk|ability: Protosynthesis|[fromitem]
|-start|p1a: Great Tusk|protosynthesisspe
|move|p2a: The Professor|Spikes|p1a: Great Tusk
|-sidestart|p1: ekud|Spikes
|
|upkeep
|turn|5
|
|t:|1760376381
|switch|p2a: plumey|Vileplume, F|100/100
|move|p1a: Great Tusk|Taunt|p2a: plumey
|-start|p2a: plumey|move: Taunt
|
|upkeep
|turn|6
|
|t:|1760376386
|move|p1a: Great Tusk|Bulk Up|p1a: Great Tusk
|-boost|p1a: Great Tusk|atk|1
|-boost|p1a: Great Tusk|def|1
|move|p2a: plumey|Giga Drain|p1a: Great Tusk
|-supereffective|p1a: Great Tusk
|-damage|p1a: Great Tusk|66/100
|
|upkeep
|turn|7
|
|t:|1760376393
|move|p1a: Great Tusk|Headlong Rush|p2a: plumey
|-damage|p2a: plumey|43/100
|-unboost|p1a: Great Tusk|def|1
|-unboost|p1a: Great Tusk|spd|1
|-damage|p1a: Great Tusk|49/100|[from] item: Rocky Helmet|[of] p2a: plumey
|move|p2a: plumey|Giga Drain|p1a: Great Tusk
|-supereffective|p1a: Great Tusk
|-damage|p1a: Great Tusk|0 fnt
|-heal|p2a: plumey|73/100|[from] drain|[of] p1a: Great Tusk
|faint|p1a: Great Tusk
|-end|p1a: Great Tusk|Protosynthesis|[silent]
|
|-end|p2a: plumey|move: Taunt
|upkeep
|-message|ekud forfeited.
|
|win|the floorist
|raw|ekud's rating: 1544 &rarr; <strong>1525</strong><br />(-19 for losing)
|raw|the floorist's rating: 1557 &rarr; <strong>1576</strong><br />(+19 for winning)
|l|☆ekud
|player|p1|
|l|☆the floorist
|player|p2|
