|j|☆beetlejuggler
|j|☆Cloaker21
|t:|1760354969
|gametype|singles
|player|p1|beetlejuggler|steven|1247
|player|p2|Cloaker21|1|1245
|gen|9
|tier|[Gen 9] OU
|rated|
|rule|HP Percentage Mod: HP is shown in percentages
|rule|Endless Battle Clause: Forcing endless battles is banned
|rule|Species Clause: Limit one of each Pokémon
|rule|OHKO Clause: OHKO moves are banned
|rule|Evasion Items Clause: Evasion items are banned
|rule|Evasion Moves Clause: Evasion moves are banned
|rule|Evasion Abilities Clause: Evasion abilities are banned
|rule|Sleep Moves Clause: Sleep-inducing moves are banned
|clearpoke
|poke|p1|Kyurem|
|poke|p1|Slowking-Galar, F|
|poke|p1|Great Tusk|
|poke|p1|Meowscarada, F|
|poke|p1|Corviknight, F|
|poke|p1|Darkrai|
|poke|p2|Araquanid, M|
|poke|p2|Ribombee, F|
|poke|p2|Glimmora, F|
|poke|p2|Iron Thorns|
|poke|p2|Samurott-Hisui, M|
|poke|p2|Garchomp, M|
|teampreview
|inactive|Battle timer is ON: inactive players will automatically lose when time's up. (requested by beetlejuggler)
|c|☆Cloaker21|glhf :)
|
|t:|1760354995
|teamsize|p1|6
|teamsize|p2|6
|start
|switch|p1a: Meowscarada|Meowscarada, F|100/100
|switch|p2a: Araquanid|Araquanid, M|100/100
|turn|1
|
|t:|1760355001
|move|p1a: Meowscarada|Flower Trick|p2a: Araquanid
|-start|p1a: Meowscarada|typechange|Grass|[from] ability: Protean
|-crit|p2a: Araquanid
|-damage|p2a: Araquanid|60/100
|move|p2a: Araquanid|Lunge|p1a: Meowscarada
|-supereffective|p1a: Meowscarada
|-damage|p1a: Meowscarada|34/100
|-unboost|p1a: Meowscarada|atk|1
|
|upkeep
|turn|2
|
|t:|1760355005
|switch|p1a: Corviknight|Corviknight, F|100/100
|-ability|p1a: Corviknight|Pressure
|move|p2a: Araquanid|Lunge|p1a: Corviknight
|-resisted|p1a: Corviknight
|-damage|p1a: Corviknight|97/100
|-unboost|p1a: Corviknight|atk|1
|-damage|p2a: Araquanid|43/100|[from] item: Rocky Helmet|[of] p1a: Corviknight
|
|upkeep
|turn|3
|
|t:|1760355009
|move|p1a: Corviknight|U-turn|p2a: Araquanid
|-damage|p2a: Araquanid|37/100
|
|t:|1760355014
|switch|p1a: Meowscarada|Meowscarada, F|34/100|[from] U-turn
|move|p2a: Araquanid|Sticky Web|p1a: Meowscarada
|-sidestart|p1: beetlejuggler|move: Sticky Web
|
|upkeep
|turn|4
|
|t:|1760355021
|switch|p2a: Glimmora|Glimmora, F|100/100
|move|p1a: Meowscarada|Flower Trick|p2a: Glimmora
|-start|p1a: Meowscarada|typechange|Grass|[from] ability: Protean
|-crit|p2a: Glimmora
|-damage|p2a: Glimmora|41/100
|-activate|p2a: Glimmora|ability: Toxic Debris
|-sidestart|p1: beetlejuggler|move: Toxic Spikes
|
|upkeep
|turn|5
|
|t:|1760355023
|move|p1a: Meowscarada|Flower Trick|p2a: Glimmora
|-crit|p2a: Glimmora
|-damage|p2a: Glimmora|0 fnt
|-activate|p2a: Glimmora|ability: Toxic Debris
|-sidestart|p1: beetlejuggler|move: Toxic Spikes
|faint|p2a: Glimmora
|
|upkeep
|
|t:|1760355028
|switch|p2a: Samurott|Samurott-Hisui, M|100/100
|turn|6
|
|t:|1760355032
|switch|p1a: Corviknight|Corviknight, F|97/100
|-ability|p1a: Corviknight|Pressure
|move|p2a: Samurott|Sucker Punch||[still]
|-fail|p2a: Samurott
|
|upkeep
|turn|7
|
|t:|1760355035
|switch|p2a: Araquanid|Araquanid, M|37/100
|move|p1a: Corviknight|Defog|p2a: Araquanid
|-unboost|p2a: Araquanid|evasion|1
|-sideend|p1: beetlejuggler|Toxic Spikes|[from] move: Defog|[of] p1a: Corviknight
|-sideend|p1: beetlejuggler|Sticky Web|[from] move: Defog|[of] p1a: Corviknight
|
|upkeep
|turn|8
|
|t:|1760355038
|move|p1a: Corviknight|Brave Bird|p2a: Araquanid
|-supereffective|p2a: Araquanid
|-damage|p2a: Araquanid|0 fnt
|faint|p2a: Araquanid
|-damage|p1a: Corviknight|87/100|[from] Recoil
|
|upkeep
|
|t:|1760355040
|switch|p2a: Iron Thorns|Iron Thorns|100/100
|turn|9
|
|t:|1760355046
|switch|p1a: Great Tusk|Great Tusk|100/100
|move|p2a: Iron Thorns|Dragon Dance|p2a: Iron Thorns
|-boost|p2a: Iron Thorns|atk|1
|-boost|p2a: Iron Thorns|spe|1
|
|upkeep
|turn|10
|
|t:|1760355058
|-terastallize|p2a: Iron Thorns|Flying
|move|p2a: Iron Thorns|Dragon Dance|p2a: Iron Thorns
|-boost|p2a: Iron Thorns|atk|1
|-boost|p2a: Iron Thorns|spe|1
|move|p1a: Great Tusk|Stealth Rock|p2a: Iron Thorns
|-sidestart|p2: Cloaker21|move: Stealth Rock
|
|upkeep
|turn|11
|
|t:|1760355064
|move|p2a: Iron Thorns|Earthquake|p1a: Great Tusk
|-damage|p1a: Great Tusk|45/100
|move|p1a: Great Tusk|Ice Spinner|p2a: Iron Thorns
|-supereffective|p2a: Iron Thorns
|-damage|p2a: Iron Thorns|52/100
|
|upkeep
|turn|12
|
|t:|1760355067
|-end|p1a: Great Tusk|Protosynthesis|[silent]
|switch|p1a: Corviknight|Corviknight, F|87/100
|-ability|p1a: Corviknight|Pressure
|move|p2a: Iron Thorns|Earthquake|p1a: Corviknight
|-immune|p1a: Corviknight
|
|upkeep
|turn|13
|
|t:|1760355074
|move|p2a: Iron Thorns|Rock Slide|p1a: Corviknight
|-damage|p1a: Corviknight|42/100
|cant|p1a: Corviknight|flinch
|
|upkeep
|turn|14
|
|t:|1760355084
|move|p2a: Iron Thorns|Rock Slide|p1a: Corviknight
|-damage|p1a: Corviknight|0 fnt
|faint|p1a: Corviknight
|
|upkeep
|
|t:|1760355087
|switch|p1a: Meowscarada|Meowscarada, F|34/100
|turn|15
|
|t:|1760355095
|move|p1a: Meowscarada|Triple Axel|p2a: Iron Thorns
|-start|p1a: Meowscarada|typechange|Ice|[from] ability: Protean
|-supereffective|p2a: Iron Thorns
|-damage|p2a: Iron Thorns|34/100
|-supereffective|p2a: Iron Thorns
|-damage|p2a: Iron Thorns|0 fnt
|faint|p2a: Iron Thorns
|-end|p2a: Iron Thorns|Quark Drive|[silent]
|-hitcount|p2: Iron Thorns|2
|
|upkeep
|
|t:|1760355101
|switch|p2a: Samurott|Samurott-Hisui, M|100/100
|turn|16
|
|t:|1760355105
|switch|p1a: Darkrai|Darkrai|100/100
|move|p2a: Samurott|Swords Dance|p2a: Samurott
|-boost|p2a: Samurott|atk|2
|
|upkeep
|turn|17
|
|t:|1760355128
|move|p1a: Darkrai|Dark Pulse|p2a: Samurott
|-resisted|p2a: Samurott
|-damage|p2a: Samurott|66/100
|move|p2a: Samurott|Sacred Sword|p1a: Darkrai
|-supereffective|p1a: Darkrai
|-damage|p1a: Darkrai|0 fnt
|faint|p1a: Darkrai
|
|upkeep
|
|t:|1760355138
|switch|p1a: Great Tusk|Great Tusk|45/100
|turn|18
|
|t:|1760355144
|move|p1a: Great Tusk|Headlong Rush|p2a: Samurott
|-damage|p2a: Samurott|0 fnt
|-unboost|p1a: Great Tusk|def|1
|-unboost|p1a: Great Tusk|spd|1
|faint|p2a: Samurott
|
|upkeep
|
|t:|1760355147
|switch|p2a: Garchomp|Garchomp, M|100/100
|-damage|p2a: Garchomp|94/100|[from] Stealth Rock
|turn|19
|
|t:|1760355149
|move|p2a: Garchomp|Swords Dance|p2a: Garchomp
|-boost|p2a: Garchomp|atk|2
|move|p1a: Great Tusk|Ice Spinner|p2a: Garchomp
|-supereffective|p2a: Garchomp
|-damage|p2a: Garchomp|0 fnt
|-damage|p1a: Great Tusk|33/100|[from] ability: Rough Skin|[of] p2a: Garchomp
|faint|p2a: Garchomp
|
|upkeep
|c|☆Cloaker21|im braindead
|c|☆Cloaker21|i forgot lmao
|
|t:|1760355156
|switch|p2a: Ribombee|Ribombee, F|100/100
|-damage|p2a: Ribombee|76/100|[from] Stealth Rock
|turn|20
|
|t:|1760355158
|-end|p1a: Great Tusk|Protosynthesis|[silent]
|switch|p1a: Slowking|Slowking-Galar, F|100/100
|move|p2a: Ribombee|Moonblast|p1a: Slowking
|-resisted|p1a: Slowking
|-damage|p1a: Slowking|88/100
|
|upkeep
|turn|21
|
|t:|1760355161
|move|p2a: Ribombee|Quiver Dance|p2a: Ribombee
|-boost|p2a: Ribombee|spa|1
|-boost|p2a: Ribombee|spd|1
|-boost|p2a: Ribombee|spe|1
|move|p1a: Slowking|Thunder Wave|p2a: Ribombee
|-status|p2a: Ribombee|par
|
|upkeep
|turn|22
|
|t:|1760355162
|move|p2a: Ribombee|Quiver Dance|p2a: Ribombee
|-boost|p2a: Ribombee|spa|1
|-boost|p2a: Ribombee|spd|1
|-boost|p2a: Ribombee|spe|1
|move|p1a: Slowking|Sludge Bomb|p2a: Ribombee
|-supereffective|p2a: Ribombee
|-damage|p2a: Ribombee|14/100 par
|
|upkeep
|turn|23
|
|t:|1760355164
|move|p2a: Ribombee|Bug Buzz|p1a: Slowking
|-damage|p1a: Slowking|42/100
|move|p1a: Slowking|Sludge Bomb|p2a: Ribombee
|-supereffective|p2a: Ribombee
|-damage|p2a: Ribombee|0 fnt
|faint|p2a: Ribombee
|
|win|beetlejuggler
|raw|beetlejuggler's rating: 1247 &rarr; <strong>1272</strong><br />(+25 for winning)
|raw|Cloaker21's rating: 1245 &rarr; <strong>1220</strong><br />(-25 for losing)
|c|☆Cloaker21|ggwp
|l|☆Cloaker21
|player|p2|
|c|☆beetlejuggler|gg
|l|☆beetlejuggler
|player|p1|
|j|☆beetlejuggler
|player|p1|beetlejuggler|steven|
