|j|☆chilloud1
|j|☆2002xxd
|t:|1760436836
|gametype|singles
|player|p1|chilloud1|dawn|1184
|player|p2|2002xxd|lucas|1230
|gen|9
|tier|[Gen 9] OU
|rated|
|rule|HP Percentage Mod: HP is shown in percentages
|rule|Endless Battle Clause: Forcing endless battles is banned
|rule|Species Clause: Limit one of each Pokémon
|rule|OHKO Clause: OHKO moves are banned
|rule|Evasion Items Clause: Evasion items are banned
|rule|Evasion Moves Clause: Evasion moves are banned
|rule|Evasion Abilities Clause: Evasion abilities are banned
|rule|Sleep Moves Clause: Sleep-inducing moves are banned
|clearpoke
|poke|p1|Brute Bonnet|
|poke|p1|Ninetales, F|
|poke|p1|Kleavor, F|
|poke|p1|Vileplume, M|
|poke|p1|Walking Wake|
|poke|p1|Great Tusk|
|poke|p2|Empoleon, F|
|poke|p2|Serperior, F|
|poke|p2|Iron Valiant|
|poke|p2|Rotom-Heat|
|poke|p2|Greninja-*, F|
|poke|p2|Corviknight, F|
|teampreview
|
|t:|1760436841
|teamsize|p1|6
|teamsize|p2|6
|start
|switch|p1a: Ninetales|Ninetales, F|100/100
|switch|p2a: Greninja|Greninja, F, shiny|100/100
|-weather|SunnyDay|[from] ability: Drought|[of] p1a: Ninetales
|turn|1
|inactive|Battle timer is ON: inactive players will automatically lose when time's up. (requested by 2002xxd)
|
|t:|1760436847
|switch|p1a: Walking Wake|Walking Wake|100/100
|-activate|p1a: Walking Wake|ability: Protosynthesis
|-start|p1a: Walking Wake|protosynthesisspe
|move|p2a: Greninja|U-turn|p1a: Walking Wake
|-start|p2a: Greninja|typechange|Bug|[from] ability: Protean
|-damage|p1a: Walking Wake|76/100
|
|t:|1760436865
|switch|p2a: Empoleon|Empoleon, F, shiny|100/100|[from] U-turn
|
|-weather|SunnyDay|[upkeep]
|upkeep
|turn|2
|
|t:|1760436870
|move|p1a: Walking Wake|Flamethrower|p2a: Empoleon
|-damage|p2a: Empoleon|57/100
|move|p2a: Empoleon|Flash Cannon|p1a: Walking Wake
|-resisted|p1a: Walking Wake
|-damage|p1a: Walking Wake|53/100
|
|-weather|SunnyDay|[upkeep]
|upkeep
|turn|3
|
|t:|1760436878
|move|p1a: Walking Wake|Flamethrower|p2a: Empoleon
|-damage|p2a: Empoleon|8/100
|move|p2a: Empoleon|Flash Cannon|p1a: Walking Wake
|-resisted|p1a: Walking Wake
|-damage|p1a: Walking Wake|32/100
|
|-weather|SunnyDay|[upkeep]
|upkeep
|turn|4
|
|t:|1760436885
|switch|p2a: Rotom|Rotom-Heat|100/100
|move|p1a: Walking Wake|Hydro Steam|p2a: Rotom
|-supereffective|p2a: Rotom
|-damage|p2a: Rotom|35/100
|
|-weather|SunnyDay|[upkeep]
|upkeep
|turn|5
|
|t:|1760436892
|move|p1a: Walking Wake|Hydro Steam|p2a: Rotom
|-supereffective|p2a: Rotom
|-damage|p2a: Rotom|0 fnt
|faint|p2a: Rotom
|
|-weather|none
|-end|p1a: Walking Wake|Protosynthesis
|upkeep
|
|t:|1760436901
|switch|p2a: Greninja|Greninja, F, shiny|100/100
|turn|6
|
|t:|1760436905
|-end|p1a: Walking Wake|Protosynthesis|[silent]
|switch|p1a: Ninetales|Ninetales, F|100/100
|-weather|SunnyDay|[from] ability: Drought|[of] p1a: Ninetales
|move|p2a: Greninja|Dark Pulse|p1a: Ninetales
|-start|p2a: Greninja|typechange|Dark|[from] ability: Protean
|-damage|p1a: Ninetales|51/100
|
|-weather|SunnyDay|[upkeep]
|-heal|p1a: Ninetales|57/100|[from] item: Leftovers
|upkeep
|turn|7
|
|t:|1760436916
|switch|p2a: Corviknight|Corviknight, F, shiny|100/100
|-ability|p2a: Corviknight|Pressure
|switch|p1a: Brute Bonnet|Brute Bonnet|100/100
|-activate|p1a: Brute Bonnet|ability: Protosynthesis
|-start|p1a: Brute Bonnet|protosynthesisatk
|
|-weather|SunnyDay|[upkeep]
|upkeep
|turn|8
|
|t:|1760436925
|move|p1a: Brute Bonnet|Trailblaze|p2a: Corviknight
|-resisted|p2a: Corviknight
|-damage|p2a: Corviknight|97/100
|-boost|p1a: Brute Bonnet|spe|1
|-damage|p1a: Brute Bonnet|84/100|[from] item: Rocky Helmet|[of] p2a: Corviknight
|move|p2a: Corviknight|Brave Bird|p1a: Brute Bonnet
|-supereffective|p1a: Brute Bonnet
|-damage|p1a: Brute Bonnet|22/100
|-damage|p2a: Corviknight|75/100|[from] Recoil
|
|-weather|SunnyDay|[upkeep]
|upkeep
|turn|9
|
|t:|1760436937
|move|p1a: Brute Bonnet|Stun Spore|p2a: Corviknight
|-status|p2a: Corviknight|par
|move|p2a: Corviknight|U-turn|p1a: Brute Bonnet
|-supereffective|p1a: Brute Bonnet
|-damage|p1a: Brute Bonnet|0 fnt
|faint|p1a: Brute Bonnet
|-end|p1a: Brute Bonnet|Protosynthesis|[silent]
|
|t:|1760436944
|switch|p2a: Empoleon|Empoleon, F, shiny|8/100|[from] U-turn
|
|-weather|SunnyDay|[upkeep]
|upkeep
|
|t:|1760436951
|switch|p1a: Kleavor|Kleavor, F|100/100
|turn|10
|
|t:|1760436954
|move|p1a: Kleavor|Stone Axe|p2a: Empoleon
|-resisted|p2a: Empoleon
|-damage|p2a: Empoleon|0 fnt
|-sidestart|p2: 2002xxd|move: Stealth Rock
|faint|p2a: Empoleon
|
|-weather|none
|upkeep
|
|t:|1760436964
|switch|p2a: Serperior|Serperior, F|100/100
|-damage|p2a: Serperior|88/100|[from] Stealth Rock
|turn|11
|
|t:|1760436970
|switch|p1a: Ninetales|Ninetales, F|57/100
|-weather|SunnyDay|[from] ability: Drought|[of] p1a: Ninetales
|move|p2a: Serperior|Leaf Storm|p1a: Ninetales
|-resisted|p1a: Ninetales
|-damage|p1a: Ninetales|39/100
|-boost|p2a: Serperior|spa|2
|
|-weather|SunnyDay|[upkeep]
|-heal|p2a: Serperior|94/100|[from] item: Leftovers
|-heal|p1a: Ninetales|45/100|[from] item: Leftovers
|upkeep
|turn|12
|
|t:|1760436982
|switch|p1a: Vileplume|Vileplume, M|100/100
|-terastallize|p2a: Serperior|Electric
|move|p2a: Serperior|Tera Blast|p1a: Vileplume|[anim] Tera Blast Electric
|-resisted|p1a: Vileplume
|-damage|p1a: Vileplume|69/100
|
|-weather|SunnyDay|[upkeep]
|-heal|p2a: Serperior|100/100|[from] item: Leftovers
|upkeep
|turn|13
|
|t:|1760436992
|switch|p2a: Corviknight|Corviknight, F, shiny|75/100 par
|-damage|p2a: Corviknight|63/100 par|[from] Stealth Rock
|-ability|p2a: Corviknight|Pressure
|move|p1a: Vileplume|Moonblast|p2a: Corviknight
|-resisted|p2a: Corviknight
|-damage|p2a: Corviknight|43/100 par
|-damage|p1a: Vileplume|59/100|[from] item: Life Orb
|
|-weather|SunnyDay|[upkeep]
|upkeep
|turn|14
|
|t:|1760437002
|move|p1a: Vileplume|Strength Sap|p2a: Corviknight
|-unboost|p2a: Corviknight|atk|1
|-heal|p1a: Vileplume|100/100
|cant|p2a: Corviknight|par
|
|-weather|SunnyDay|[upkeep]
|upkeep
|turn|15
|
|t:|1760437009
|move|p1a: Vileplume|Moonblast|p2a: Corviknight
|-resisted|p2a: Corviknight
|-damage|p2a: Corviknight|23/100 par
|-unboost|p2a: Corviknight|spa|1
|-damage|p1a: Vileplume|91/100|[from] item: Life Orb
|move|p2a: Corviknight|Defog|p1a: Vileplume
|-unboost|p1a: Vileplume|evasion|1
|-sideend|p2: 2002xxd|Stealth Rock|[from] move: Defog|[of] p2a: Corviknight
|
|-weather|none
|upkeep
|turn|16
|
|t:|1760437020
|move|p1a: Vileplume|Moonblast|p2a: Corviknight
|-resisted|p2a: Corviknight
|-damage|p2a: Corviknight|5/100 par
|-damage|p1a: Vileplume|81/100|[from] item: Life Orb
|move|p2a: Corviknight|Roost|p2a: Corviknight
|-heal|p2a: Corviknight|55/100 par
|-singleturn|p2a: Corviknight|move: Roost
|
|upkeep
|turn|17
|
|t:|1760437033
|switch|p1a: Ninetales|Ninetales, F|45/100
|-weather|SunnyDay|[from] ability: Drought|[of] p1a: Ninetales
|move|p2a: Corviknight|Brave Bird|p1a: Ninetales
|-damage|p1a: Ninetales|14/100
|-damage|p2a: Corviknight|46/100 par|[from] Recoil
|
|-weather|SunnyDay|[upkeep]
|-heal|p1a: Ninetales|20/100|[from] item: Leftovers
|upkeep
|turn|18
|
|t:|1760437043
|move|p1a: Ninetales|Healing Wish|p1a: Ninetales
|faint|p1a: Ninetales
|move|p2a: Corviknight|U-turn|p1: Ninetales|[notarget]
|-fail|p2a: Corviknight
|
|-weather|SunnyDay|[upkeep]
|upkeep
|
|t:|1760437047
|switch|p1a: Walking Wake|Walking Wake|32/100
|-heal|p1a: Walking Wake|100/100|[from] move: Healing Wish
|-activate|p1a: Walking Wake|ability: Protosynthesis
|-start|p1a: Walking Wake|protosynthesisspe
|turn|19
|
|t:|1760437054
|move|p1a: Walking Wake|Flamethrower|p2a: Corviknight
|-supereffective|p2a: Corviknight
|-damage|p2a: Corviknight|0 fnt
|faint|p2a: Corviknight
|
|-weather|SunnyDay|[upkeep]
|upkeep
|inactive|2002xxd has 120 seconds left.
|
|t:|1760437100
|switch|p2a: Iron Valiant|Iron Valiant, shiny|100/100
|-enditem|p2a: Iron Valiant|Booster Energy
|-activate|p2a: Iron Valiant|ability: Quark Drive|[fromitem]
|-start|p2a: Iron Valiant|quarkdrivespe
|turn|20
|
|t:|1760437107
|-end|p1a: Walking Wake|Protosynthesis|[silent]
|switch|p1a: Vileplume|Vileplume, M|81/100
|move|p2a: Iron Valiant|Spirit Break|p1a: Vileplume
|-resisted|p1a: Vileplume
|-damage|p1a: Vileplume|56/100
|-unboost|p1a: Vileplume|spa|1
|
|-weather|SunnyDay|[upkeep]
|upkeep
|turn|21
|inactive|2002xxd has 120 seconds left.
|
|t:|1760437118
|move|p2a: Iron Valiant|Knock Off|p1a: Vileplume
|-damage|p1a: Vileplume|8/100
|-enditem|p1a: Vileplume|Life Orb|[from] move: Knock Off|[of] p2a: Iron Valiant
|move|p1a: Vileplume|Sludge Wave|p2a: Iron Valiant
|-supereffective|p2a: Iron Valiant
|-damage|p2a: Iron Valiant|2/100
|
|-weather|none
|upkeep
|turn|22
|inactive|2002xxd has 120 seconds left.
|
|t:|1760437125
|move|p2a: Iron Valiant|Spirit Break|p1a: Vileplume
|-resisted|p1a: Vileplume
|-damage|p1a: Vileplume|0 fnt
|faint|p1a: Vileplume
|
|upkeep
|
|t:|1760437128
|switch|p1a: Kleavor|Kleavor, F|100/100
|turn|23
|
|t:|1760437133
|move|p1a: Kleavor|Quick Attack|p2a: Iron Valiant
|-damage|p2a: Iron Valiant|0 fnt
|faint|p2a: Iron Valiant
|-end|p2a: Iron Valiant|Quark Drive|[silent]
|
|upkeep
|
|t:|1760437139
|switch|p2a: Serperior|Serperior, F, tera:Electric|100/100
|turn|24
|
|t:|1760437142
|move|p2a: Serperior|Leaf Storm|p1a: Kleavor|[miss]
|-miss|p2a: Serperior|p1a: Kleavor
|move|p1a: Kleavor|Stone Axe|p2a: Serperior
|-damage|p2a: Serperior|50/100
|-sidestart|p2: 2002xxd|move: Stealth Rock
|
|-heal|p2a: Serperior|56/100|[from] item: Leftovers
|upkeep
|turn|25
|
|t:|1760437149
|move|p2a: Serperior|Leaf Storm|p1a: Kleavor
|-damage|p1a: Kleavor|44/100
|-boost|p2a: Serperior|spa|2
|move|p1a: Kleavor|Stone Axe|p2a: Serperior
|-damage|p2a: Serperior|1/100
|
|-heal|p2a: Serperior|8/100|[from] item: Leftovers
|upkeep
|turn|26
|
|t:|1760437157
|move|p1a: Kleavor|Quick Attack|p2a: Serperior
|-crit|p2a: Serperior
|-damage|p2a: Serperior|0 fnt
|faint|p2a: Serperior
|
|upkeep
|
|t:|1760437161
|switch|p2a: Greninja|Greninja, F, shiny|100/100
|-damage|p2a: Greninja|88/100|[from] Stealth Rock
|turn|27
|
|t:|1760437167
|switch|p1a: Walking Wake|Walking Wake|100/100
|move|p2a: Greninja|Surf|p1a: Walking Wake
|-start|p2a: Greninja|typechange|Water|[from] ability: Protean
|-resisted|p1a: Walking Wake
|-damage|p1a: Walking Wake|82/100
|
|upkeep
|turn|28
|
|t:|1760437174
|move|p2a: Greninja|Surf|p1a: Walking Wake
|-resisted|p1a: Walking Wake
|-damage|p1a: Walking Wake|64/100
|move|p1a: Walking Wake|Dragon Pulse|p2a: Greninja
|-damage|p2a: Greninja|17/100
|
|upkeep
|turn|29
|
|t:|1760437180
|move|p2a: Greninja|Surf|p1a: Walking Wake
|-resisted|p1a: Walking Wake
|-damage|p1a: Walking Wake|46/100
|move|p1a: Walking Wake|Dragon Pulse|p2a: Greninja
|-damage|p2a: Greninja|0 fnt
|faint|p2a: Greninja
|
|win|chilloud1
|raw|chilloud1's rating: 1184 &rarr; <strong>1212</strong><br />(+28 for winning)
|raw|2002xxd's rating: 1230 &rarr; <strong>1202</strong><br />(-28 for losing)
|l|☆2002xxd
|player|p2|
|l|☆chilloud1
|player|p1|
