|j|☆the ou godfather
|j|☆methead
|t:|1760451968
|gametype|singles
|player|p1|the ou godfather|pokemonranger|1437
|player|p2|methead|102|1425
|gen|9
|tier|[Gen 9] OU
|rated|
|rule|HP Percentage Mod: HP is shown in percentages
|rule|Endless Battle Clause: Forcing endless battles is banned
|rule|Species Clause: Limit one of each Pokémon
|rule|OHKO Clause: OHKO moves are banned
|rule|Evasion Items Clause: Evasion items are banned
|rule|Evasion Moves Clause: Evasion moves are banned
|rule|Evasion Abilities Clause: Evasion abilities are banned
|rule|Sleep Moves Clause: Sleep-inducing moves are banned
|clearpoke
|poke|p1|Zamazenta-*|
|poke|p1|Houndoom, M|
|poke|p1|Houndstone, M|
|poke|p1|Okidogi, M|
|poke|p1|Zoroark-Hisui, M|
|poke|p1|Lycanroc-Dusk, F|
|poke|p2|Ursaluna, M|
|poke|p2|Tornadus-Therian, M|
|poke|p2|Zarude|
|poke|p2|Skeledirge, F|
|poke|p2|Hoopa-Unbound|
|poke|p2|Quagsire, M|
|teampreview
|inactive|Battle timer is ON: inactive players will automatically lose when time's up. (requested by methead)
|
|t:|1760451982
|teamsize|p1|6
|teamsize|p2|6
|start
|switch|p1a: Lycanroc|Lycanroc-Dusk, F|100/100
|switch|p2a: Tornadus|Tornadus-Therian, M|100/100
|turn|1
|
|t:|1760451990
|switch|p2a: Ursaluna|Ursaluna, M|100/100
|move|p1a: Lycanroc|Stone Edge|p2a: Ursaluna
|-resisted|p2a: Ursaluna
|-crit|p2a: Ursaluna
|-damage|p2a: Ursaluna|73/100
|
|-status|p2a: Ursaluna|brn|[from] item: Flame Orb
|upkeep
|turn|2
|
|t:|1760451994
|move|p1a: Lycanroc|Stealth Rock|p2a: Ursaluna
|-sidestart|p2: methead|move: Stealth Rock
|move|p2a: Ursaluna|Facade|p1a: Lycanroc
|-resisted|p1a: Lycanroc
|-damage|p1a: Lycanroc|9/100
|
|-damage|p2a: Ursaluna|67/100 brn|[from] brn
|upkeep
|turn|3
|
|t:|1760452002
|move|p1a: Lycanroc|Endeavor|p2a: Ursaluna
|-damage|p2a: Ursaluna|6/100 brn
|move|p2a: Ursaluna|Close Combat|p1a: Lycanroc
|-supereffective|p1a: Lycanroc
|-damage|p1a: Lycanroc|0 fnt
|-unboost|p2a: Ursaluna|def|1
|-unboost|p2a: Ursaluna|spd|1
|faint|p1a: Lycanroc
|
|-damage|p2a: Ursaluna|0 fnt|[from] brn
|faint|p2a: Ursaluna
|upkeep
|
|t:|1760452016
|switch|p1a: Zamazenta|Zamazenta|100/100
|switch|p2a: Zarude|Zarude|100/100
|-damage|p2a: Zarude|88/100|[from] Stealth Rock
|turn|4
|
|t:|1760452022
|switch|p1a: Okidogi|Okidogi, M|100/100
|move|p2a: Zarude|U-turn|p1a: Okidogi
|-resisted|p1a: Okidogi
|-damage|p1a: Okidogi|96/100
|
|t:|1760452028
|switch|p2a: Skeledirge|Skeledirge, F|100/100|[from] U-turn
|
|upkeep
|turn|5
|
|t:|1760452032
|move|p1a: Okidogi|Knock Off|p2a: Skeledirge
|-supereffective|p2a: Skeledirge
|-damage|p2a: Skeledirge|39/100
|-status|p2a: Skeledirge|tox|[from] ability: Toxic Chain|[of] p1a: Okidogi
|-enditem|p2a: Skeledirge|Heavy-Duty Boots|[from] move: Knock Off|[of] p1a: Okidogi
|move|p2a: Skeledirge|Will-O-Wisp|p1a: Okidogi
|-status|p1a: Okidogi|brn
|
|-damage|p2a: Skeledirge|33/100 tox|[from] psn
|-damage|p1a: Okidogi|90/100 brn|[from] brn
|upkeep
|turn|6
|
|t:|1760452043
|switch|p1a: Houndoom|Houndoom, M|100/100
|switch|p2a: Quagsire|Quagsire, M|100/100
|-damage|p2a: Quagsire|94/100|[from] Stealth Rock
|
|upkeep
|turn|7
|inactive|methead has 120 seconds left.
|
|t:|1760452095
|move|p1a: Houndoom|Dark Pulse|p2a: Quagsire
|-damage|p2a: Quagsire|32/100
|-damage|p1a: Houndoom|91/100|[from] item: Life Orb
|move|p2a: Quagsire|Stealth Rock|p1a: Houndoom
|-sidestart|p1: the ou godfather|move: Stealth Rock
|
|upkeep
|turn|8
|
|t:|1760452104
|move|p1a: Houndoom|Dark Pulse|p2a: Quagsire
|-damage|p2a: Quagsire|0 fnt
|faint|p2a: Quagsire
|-damage|p1a: Houndoom|81/100|[from] item: Life Orb
|
|upkeep
|
|t:|1760452107
|switch|p2a: Tornadus|Tornadus-Therian, M|100/100
|turn|9
|
|t:|1760452111
|move|p2a: Tornadus|U-turn|p1a: Houndoom
|-damage|p1a: Houndoom|49/100
|
|t:|1760452114
|switch|p2a: Skeledirge|Skeledirge, F|33/100 tox|[from] U-turn
|-damage|p2a: Skeledirge|8/100 tox|[from] Stealth Rock
|move|p1a: Houndoom|Fire Blast|p2a: Skeledirge
|-resisted|p2a: Skeledirge
|-damage|p2a: Skeledirge|0 fnt
|faint|p2a: Skeledirge
|-damage|p1a: Houndoom|39/100|[from] item: Life Orb
|
|upkeep
|
|t:|1760452116
|switch|p2a: Tornadus|Tornadus-Therian, M|100/100
|turn|10
|
|t:|1760452121
|move|p2a: Tornadus|Tailwind|p2a: Tornadus
|-sidestart|p2: methead|move: Tailwind
|move|p1a: Houndoom|Fire Blast|p2a: Tornadus
|-damage|p2a: Tornadus|35/100
|-damage|p1a: Houndoom|29/100|[from] item: Life Orb
|
|upkeep
|turn|11
|
|t:|1760452126
|move|p2a: Tornadus|U-turn|p1a: Houndoom
|-damage|p1a: Houndoom|0 fnt
|faint|p1a: Houndoom
|
|t:|1760452128
|switch|p2a: Hoopa|Hoopa-Unbound|100/100|[from] U-turn
|-damage|p2a: Hoopa|88/100|[from] Stealth Rock
|
|upkeep
|
|t:|1760452133
|switch|p1a: Okidogi|Okidogi, M|90/100 brn
|-damage|p1a: Okidogi|84/100 brn|[from] Stealth Rock
|turn|12
|
|t:|1760452140
|move|p2a: Hoopa|Psychic|p1a: Okidogi
|-supereffective|p1a: Okidogi
|-damage|p1a: Okidogi|0 fnt
|faint|p1a: Okidogi
|
|upkeep
|
|t:|1760452151
|switch|p1a: Zamazenta|Zamazenta|100/100
|-damage|p1a: Zamazenta|88/100|[from] Stealth Rock
|turn|13
|
|t:|1760452158
|move|p1a: Zamazenta|Trick|p2a: Hoopa
|-activate|p1a: Zamazenta|move: Trick|[of] p2a: Hoopa
|-item|p2a: Hoopa|Choice Scarf|[from] move: Trick
|-item|p1a: Zamazenta|Assault Vest|[from] move: Trick
|move|p2a: Hoopa|Psychic|p1a: Zamazenta
|-damage|p1a: Zamazenta|7/100
|replace|p1a: Zoroark|Zoroark-Hisui, M
|-end|p1a: Zoroark|Illusion
|
|-sideend|p2: methead|move: Tailwind
|upkeep
|turn|14
|
|t:|1760452178
|move|p1a: Zoroark|Hyper Voice|p2a: Hoopa
|-damage|p2a: Hoopa|45/100
|move|p2a: Hoopa|Psychic|p1a: Zoroark
|-damage|p1a: Zoroark|0 fnt
|faint|p1a: Zoroark
|
|upkeep
|
|t:|1760452184
|switch|p1a: Zamazenta|Zamazenta|100/100
|-damage|p1a: Zamazenta|94/100|[from] Stealth Rock
|-ability|p1a: Zamazenta|Dauntless Shield|boost
|-boost|p1a: Zamazenta|def|1
|turn|15
|
|t:|1760452193
|switch|p2a: Zarude|Zarude|88/100
|-damage|p2a: Zarude|76/100|[from] Stealth Rock
|move|p1a: Zamazenta|Body Press|p2a: Zarude
|-supereffective|p2a: Zarude
|-damage|p2a: Zarude|0 fnt
|faint|p2a: Zarude
|
|-heal|p1a: Zamazenta|100/100|[from] item: Leftovers
|upkeep
|
|t:|1760452195
|switch|p2a: Tornadus|Tornadus-Therian, M|68/100
|turn|16
|
|t:|1760452199
|-terastallize|p1a: Zamazenta|Fire
|move|p1a: Zamazenta|Iron Defense|p1a: Zamazenta
|-boost|p1a: Zamazenta|def|2
|move|p2a: Tornadus|Tailwind|p2a: Tornadus
|-sidestart|p2: methead|move: Tailwind
|
|upkeep
|turn|17
|
|t:|1760452206
|move|p2a: Tornadus|U-turn|p1a: Zamazenta
|-resisted|p1a: Zamazenta
|-damage|p1a: Zamazenta|98/100
|
|t:|1760452208
|switch|p2a: Hoopa|Hoopa-Unbound|45/100|[from] U-turn
|-damage|p2a: Hoopa|33/100|[from] Stealth Rock
|move|p1a: Zamazenta|Body Press|p2a: Hoopa
|-damage|p2a: Hoopa|0 fnt
|faint|p2a: Hoopa
|
|-heal|p1a: Zamazenta|100/100|[from] item: Leftovers
|upkeep
|
|t:|1760452210
|switch|p2a: Tornadus|Tornadus-Therian, M|100/100
|turn|18
|
|t:|1760452212
|move|p2a: Tornadus|Bleakwind Storm|p1a: Zamazenta
|-damage|p1a: Zamazenta|71/100
|-unboost|p1a: Zamazenta|spe|1
|move|p1a: Zamazenta|Body Press|p2a: Tornadus
|-resisted|p2a: Tornadus
|-damage|p2a: Tornadus|60/100
|
|-heal|p1a: Zamazenta|77/100|[from] item: Leftovers
|upkeep
|turn|19
|
|t:|1760452217
|move|p2a: Tornadus|Bleakwind Storm|p1a: Zamazenta
|-damage|p1a: Zamazenta|45/100
|move|p1a: Zamazenta|Body Press|p2a: Tornadus
|-resisted|p2a: Tornadus
|-damage|p2a: Tornadus|15/100
|
|-heal|p1a: Zamazenta|52/100|[from] item: Leftovers
|-sideend|p2: methead|move: Tailwind
|upkeep
|turn|20
|
|t:|1760452221
|move|p2a: Tornadus|Bleakwind Storm|p1a: Zamazenta
|-damage|p1a: Zamazenta|20/100
|move|p1a: Zamazenta|Body Press|p2a: Tornadus
|-resisted|p2a: Tornadus
|-damage|p2a: Tornadus|0 fnt
|faint|p2a: Tornadus
|
|win|the ou godfather
|raw|the ou godfather's rating: 1437 &rarr; <strong>1456</strong><br />(+19 for winning)
|raw|methead's rating: 1425 &rarr; <strong>1406</strong><br />(-19 for losing)
|l|☆methead
|player|p2|
|l|☆the ou godfather
|player|p1|
