|j|☆deepak johnson
|j|☆WonderGuardWill
|t:|1760343971
|gametype|singles
|player|p1|deepak johnson|swimmerf|1479
|player|p2|WonderGuardWill|dancer|1499
|gen|9
|tier|[Gen 9] OU
|rated|
|rule|HP Percentage Mod: HP is shown in percentages
|rule|Endless Battle Clause: Forcing endless battles is banned
|rule|Species Clause: Limit one of each Pokémon
|rule|OHKO Clause: OHKO moves are banned
|rule|Evasion Items Clause: Evasion items are banned
|rule|Evasion Moves Clause: Evasion moves are banned
|rule|Evasion Abilities Clause: Evasion abilities are banned
|rule|Sleep Moves Clause: Sleep-inducing moves are banned
|clearpoke
|poke|p1|Gholdengo|
|poke|p1|Ceruledge, F|
|poke|p1|Enamorus, F|
|poke|p1|Ribombee, F|
|poke|p1|Quaquaval, F|
|poke|p1|Iron Treads|
|poke|p2|Darkrai|
|poke|p2|Garganacl, F|
|poke|p2|Espeon, F|
|poke|p2|Clodsire, M|
|poke|p2|Heatran, M|
|poke|p2|Gholdengo|
|teampreview
|inactive|Battle timer is ON: inactive players will automatically lose when time's up. (requested by WonderGuardWill)
|
|t:|1760344041
|teamsize|p1|6
|teamsize|p2|6
|start
|switch|p1a: Ribombee|Ribombee, F, shiny|100/100
|switch|p2a: Espeon|Espeon, F|100/100
|turn|1
|
|t:|1760344043
|move|p2a: Espeon|Trick|p1a: Ribombee
|-activate|p2a: Espeon|move: Trick|[of] p1a: Ribombee
|-item|p1a: Ribombee|Choice Scarf|[from] move: Trick
|-item|p2a: Espeon|Focus Sash|[from] move: Trick
|move|p1a: Ribombee|Moonblast|p2a: Espeon
|-damage|p2a: Espeon|53/100
|
|upkeep
|turn|2
|
|t:|1760344057
|switch|p1a: Quaquaval|Quaquaval, F|100/100
|move|p2a: Espeon|Thunder Wave|p1a: Quaquaval
|-status|p1a: Quaquaval|par
|
|upkeep
|turn|3
|
|t:|1760344063
|switch|p2a: Gholdengo|Gholdengo|100/100
|cant|p1a: Quaquaval|par
|
|upkeep
|turn|4
|
|t:|1760344068
|move|p2a: Gholdengo|Dazzling Gleam|p1a: Quaquaval
|-supereffective|p1a: Quaquaval
|-damage|p1a: Quaquaval|45/100 par
|move|p1a: Quaquaval|Knock Off|p2a: Gholdengo
|-supereffective|p2a: Gholdengo
|-damage|p2a: Gholdengo|29/100
|-enditem|p2a: Gholdengo|Choice Scarf|[from] move: Knock Off|[of] p1a: Quaquaval
|
|upkeep
|turn|5
|
|t:|1760344083
|switch|p1a: Iron Treads|Iron Treads|100/100
|-enditem|p1a: Iron Treads|Booster Energy
|-activate|p1a: Iron Treads|ability: Quark Drive|[fromitem]
|-start|p1a: Iron Treads|quarkdriveatk
|move|p2a: Gholdengo|Shadow Ball|p1a: Iron Treads
|-damage|p1a: Iron Treads|47/100
|
|upkeep
|turn|6
|
|t:|1760344095
|move|p2a: Gholdengo|Shadow Ball|p1a: Iron Treads
|-damage|p1a: Iron Treads|0 fnt
|faint|p1a: Iron Treads
|-end|p1a: Iron Treads|Quark Drive|[silent]
|
|upkeep
|
|t:|1760344106
|switch|p1a: Enamorus|Enamorus, F|100/100
|turn|7
|
|t:|1760344109
|move|p1a: Enamorus|Earth Power|p2a: Gholdengo
|-supereffective|p2a: Gholdengo
|-damage|p2a: Gholdengo|0 fnt
|faint|p2a: Gholdengo
|
|upkeep
|
|t:|1760344111
|switch|p2a: Heatran|Heatran, M|100/100
|-item|p2a: Heatran|Air Balloon
|turn|8
|
|t:|1760344119
|move|p1a: Enamorus|Superpower|p2a: Heatran
|-supereffective|p2a: Heatran
|-damage|p2a: Heatran|51/100
|-boost|p1a: Enamorus|atk|1
|-boost|p1a: Enamorus|def|1
|-enditem|p2a: Heatran|Air Balloon
|move|p2a: Heatran|Stealth Rock|p1a: Enamorus
|-sidestart|p1: deepak johnson|move: Stealth Rock
|
|upkeep
|turn|9
|
|t:|1760344132
|move|p1a: Enamorus|Earth Power|p2a: Heatran
|-supereffective|p2a: Heatran
|-damage|p2a: Heatran|0 fnt
|faint|p2a: Heatran
|
|upkeep
|
|t:|1760344133
|switch|p2a: Garganacl|Garganacl, F|100/100
|turn|10
|
|t:|1760344138
|-terastallize|p2a: Garganacl|Flying
|move|p1a: Enamorus|Earth Power|p2a: Garganacl
|-immune|p2a: Garganacl
|move|p2a: Garganacl|Salt Cure|p1a: Enamorus
|-supereffective|p1a: Enamorus
|-damage|p1a: Enamorus|71/100
|-start|p1a: Enamorus|Salt Cure
|
|-damage|p1a: Enamorus|59/100|[from] Salt Cure
|upkeep
|turn|11
|
|t:|1760344142
|switch|p1a: Quaquaval|Quaquaval, F|45/100 par
|-damage|p1a: Quaquaval|39/100 par|[from] Stealth Rock
|move|p2a: Garganacl|Protect||[still]
|-fail|p2a: Garganacl
|
|upkeep
|turn|12
|
|t:|1760344146
|move|p2a: Garganacl|Protect|p2a: Garganacl
|-singleturn|p2a: Garganacl|Protect
|move|p1a: Quaquaval|Rapid Spin|p2a: Garganacl
|-activate|p2a: Garganacl|move: Protect
|
|upkeep
|turn|13
|
|t:|1760344151
|move|p1a: Quaquaval|Rapid Spin|p2a: Garganacl
|-damage|p2a: Garganacl|93/100
|-boost|p1a: Quaquaval|spe|1
|-sideend|p1: deepak johnson|Stealth Rock|[from] move: Rapid Spin|[of] p1a: Quaquaval
|move|p2a: Garganacl|Salt Cure|p1a: Quaquaval
|-resisted|p1a: Quaquaval
|-damage|p1a: Quaquaval|29/100 par
|-start|p1a: Quaquaval|Salt Cure
|
|-heal|p2a: Garganacl|99/100|[from] item: Leftovers
|-damage|p1a: Quaquaval|4/100 par|[from] Salt Cure
|upkeep
|turn|14
|
|t:|1760344157
|switch|p1a: Ribombee|Ribombee, F, shiny|100/100
|move|p2a: Garganacl|Salt Cure|p1a: Ribombee
|-supereffective|p1a: Ribombee
|-damage|p1a: Ribombee|49/100
|
|-heal|p2a: Garganacl|100/100|[from] item: Leftovers
|upkeep
|turn|15
|
|t:|1760344161
|switch|p2a: Espeon|Espeon, F|53/100
|move|p1a: Ribombee|Moonblast|p2a: Espeon
|-damage|p2a: Espeon|0 fnt
|faint|p2a: Espeon
|
|upkeep
|
|t:|1760344166
|switch|p2a: Clodsire|Clodsire, M|100/100
|turn|16
|
|t:|1760344171
|switch|p1a: Quaquaval|Quaquaval, F|4/100 par
|move|p2a: Clodsire|Toxic Spikes|p1a: Quaquaval
|-sidestart|p1: deepak johnson|move: Toxic Spikes
|
|upkeep
|turn|17
|
|t:|1760344178
|move|p1a: Quaquaval|Rapid Spin|p2a: Clodsire
|-damage|p2a: Clodsire|82/100
|-boost|p1a: Quaquaval|spe|1
|-sideend|p1: deepak johnson|Toxic Spikes|[from] move: Rapid Spin|[of] p1a: Quaquaval
|move|p2a: Clodsire|Toxic Spikes|p1a: Quaquaval
|-sidestart|p1: deepak johnson|move: Toxic Spikes
|
|-heal|p2a: Clodsire|88/100|[from] item: Leftovers
|upkeep
|turn|18
|
|t:|1760344183
|move|p1a: Quaquaval|Rapid Spin|p2a: Clodsire
|-damage|p2a: Clodsire|71/100
|-boost|p1a: Quaquaval|spe|1
|-sideend|p1: deepak johnson|Toxic Spikes|[from] move: Rapid Spin|[of] p1a: Quaquaval
|move|p2a: Clodsire|Earthquake|p1a: Quaquaval
|-damage|p1a: Quaquaval|0 fnt
|faint|p1a: Quaquaval
|
|-heal|p2a: Clodsire|77/100|[from] item: Leftovers
|upkeep
|
|t:|1760344191
|switch|p1a: Enamorus|Enamorus, F|59/100
|turn|19
|
|t:|1760344193
|move|p1a: Enamorus|Earth Power|p2a: Clodsire
|-supereffective|p2a: Clodsire
|-damage|p2a: Clodsire|40/100
|move|p2a: Clodsire|Toxic|p1a: Enamorus
|-status|p1a: Enamorus|tox
|
|-heal|p2a: Clodsire|46/100|[from] item: Leftovers
|-damage|p1a: Enamorus|53/100 tox|[from] psn
|upkeep
|turn|20
|
|t:|1760344201
|switch|p1a: Gholdengo|Gholdengo|100/100
|-item|p1a: Gholdengo|Air Balloon
|move|p2a: Clodsire|Recover|p2a: Clodsire
|-heal|p2a: Clodsire|96/100
|
|-heal|p2a: Clodsire|100/100|[from] item: Leftovers
|upkeep
|turn|21
|
|t:|1760344204
|switch|p2a: Darkrai|Darkrai|100/100
|move|p1a: Gholdengo|Nasty Plot|p1a: Gholdengo
|-boost|p1a: Gholdengo|spa|2
|
|upkeep
|turn|22
|
|t:|1760344212
|-terastallize|p1a: Gholdengo|Fairy
|move|p2a: Darkrai|Dark Pulse|p1a: Gholdengo
|-resisted|p1a: Gholdengo
|-damage|p1a: Gholdengo|78/100
|-enditem|p1a: Gholdengo|Air Balloon
|move|p1a: Gholdengo|Dazzling Gleam|p2a: Darkrai
|-supereffective|p2a: Darkrai
|-damage|p2a: Darkrai|0 fnt
|faint|p2a: Darkrai
|
|upkeep
|
|t:|1760344221
|switch|p2a: Garganacl|Garganacl, F, tera:Flying|100/100
|turn|23
|
|t:|1760344227
|move|p1a: Gholdengo|Dazzling Gleam|p2a: Garganacl
|-damage|p2a: Garganacl|7/100
|move|p2a: Garganacl|Recover|p2a: Garganacl
|-heal|p2a: Garganacl|57/100
|
|-heal|p2a: Garganacl|64/100|[from] item: Leftovers
|upkeep
|turn|24
|
|t:|1760344230
|move|p1a: Gholdengo|Dazzling Gleam|p2a: Garganacl
|-damage|p2a: Garganacl|0 fnt
|faint|p2a: Garganacl
|
|upkeep
|-message|WonderGuardWill forfeited.
|
|win|deepak johnson
|raw|deepak johnson's rating: 1479 &rarr; <strong>1500</strong><br />(+21 for winning)
|raw|WonderGuardWill's rating: 1499 &rarr; <strong>1478</strong><br />(-21 for losing)
|l|☆WonderGuardWill
|player|p2|
|l|☆deepak johnson
|player|p1|
