|j|☆R.para ti
|j|‽seemeno
|t:|1760365364
|gametype|singles
|player|p1|R.para ti|102|1207
|player|p2|seemeno|pokemaniac|1155
|gen|9
|tier|[Gen 9] OU
|rated|
|rule|HP Percentage Mod: HP is shown in percentages
|rule|Endless Battle Clause: Forcing endless battles is banned
|rule|Species Clause: Limit one of each Pokémon
|rule|OHKO Clause: OHKO moves are banned
|rule|Evasion Items Clause: Evasion items are banned
|rule|Evasion Moves Clause: Evasion moves are banned
|rule|Evasion Abilities Clause: Evasion abilities are banned
|rule|Sleep Moves Clause: Sleep-inducing moves are banned
|clearpoke
|poke|p1|Empoleon, M|
|poke|p1|Kingambit, M|
|poke|p1|Ogerpon, F|
|poke|p1|Meowstic-F, F|
|poke|p1|Cinderace, M|
|poke|p1|Ribombee, F|
|poke|p2|Pelipper, M|
|poke|p2|Greninja-*, M|
|poke|p2|Basculegion, M|
|poke|p2|Manaphy|
|poke|p2|Toxapex, M|
|poke|p2|Samurott-Hisui, F|
|teampreview
|
|t:|1760365374
|teamsize|p1|6
|teamsize|p2|6
|start
|switch|p1a: Ribombee|Ribombee, F|100/100
|switch|p2a: Toxapex|Toxapex, M, shiny|100/100
|turn|1
|
|t:|1760365379
|move|p1a: Ribombee|Sticky Web|p2a: Toxapex
|-sidestart|p2: seemeno|move: Sticky Web
|move|p2a: Toxapex|Poison Jab|p1a: Ribombee
|-supereffective|p1a: Ribombee
|-damage|p1a: Ribombee|57/100
|
|upkeep
|turn|2
|
|t:|1760365388
|switch|p1a: Empoleon|Empoleon, M|100/100
|move|p2a: Toxapex|Toxic Spikes|p1a: Empoleon
|-sidestart|p1: R.para ti|move: Toxic Spikes
|
|upkeep
|turn|3
|
|t:|1760365395
|move|p1a: Empoleon|Air Slash|p2a: Toxapex
|-damage|p2a: Toxapex|78/100
|move|p2a: Toxapex|Toxic Spikes|p1a: Empoleon
|-sidestart|p1: R.para ti|move: Toxic Spikes
|
|upkeep
|turn|4
|
|t:|1760365433
|switch|p1a: Cinderace|Cinderace, M|100/100
|move|p2a: Toxapex|Baneful Bunker||[still]
|-fail|p2a: Toxapex
|
|upkeep
|turn|5
|
|t:|1760365439
|move|p1a: Cinderace|Court Change|p1a: Cinderace
|-start|p1a: Cinderace|typechange|Normal|[from] ability: Libero
|-swapsideconditions
|-activate|p1a: Cinderace|move: Court Change
|move|p2a: Toxapex|Poison Jab|p1a: Cinderace
|-damage|p1a: Cinderace|73/100
|
|upkeep
|turn|6
|
|t:|1760365454
|move|p1a: Cinderace|U-turn|p2a: Toxapex
|-resisted|p2a: Toxapex
|-damage|p2a: Toxapex|69/100
|-damage|p1a: Cinderace|57/100|[from] item: Rocky Helmet|[of] p2a: Toxapex
|
|t:|1760365459
|switch|p1a: Ribombee|Ribombee, F|57/100|[from] U-turn
|-activate|p1a: Ribombee|move: Sticky Web
|-unboost|p1a: Ribombee|spe|1
|move|p2a: Toxapex|Poison Jab|p1a: Ribombee
|-supereffective|p1a: Ribombee
|-damage|p1a: Ribombee|7/100
|
|upkeep
|turn|7
|
|t:|1760365470
|move|p1a: Ribombee|Sticky Web|p2a: Toxapex
|-sidestart|p2: seemeno|move: Sticky Web
|move|p2a: Toxapex|Poison Jab|p1a: Ribombee
|-supereffective|p1a: Ribombee
|-damage|p1a: Ribombee|0 fnt
|faint|p1a: Ribombee
|
|upkeep
|
|t:|1760365473
|switch|p1a: Kingambit|Kingambit, M|100/100
|-activate|p1a: Kingambit|move: Sticky Web
|-unboost|p1a: Kingambit|spe|1
|-ability|p1a: Kingambit|Defiant|boost
|-boost|p1a: Kingambit|atk|2
|turn|8
|
|t:|1760365481
|move|p2a: Toxapex|Lunge|p1a: Kingambit
|-damage|p1a: Kingambit|91/100
|-unboost|p1a: Kingambit|atk|1
|-ability|p1a: Kingambit|Defiant|boost
|-boost|p1a: Kingambit|atk|2
|move|p1a: Kingambit|Zen Headbutt|p2a: Toxapex
|-supereffective|p2a: Toxapex
|-damage|p2a: Toxapex|0 fnt
|-damage|p1a: Kingambit|74/100|[from] item: Rocky Helmet|[of] p2a: Toxapex
|faint|p2a: Toxapex
|
|upkeep
|
|t:|1760365506
|switch|p2a: Pelipper|Pelipper, M, shiny|100/100
|-weather|RainDance|[from] ability: Drizzle|[of] p2a: Pelipper
|turn|9
|
|t:|1760365520
|move|p1a: Kingambit|Sucker Punch|p2a: Pelipper
|-damage|p2a: Pelipper|0 fnt
|faint|p2a: Pelipper
|
|-weather|RainDance|[upkeep]
|upkeep
|
|t:|1760365527
|switch|p2a: Basculegion|Basculegion, M, shiny|100/100
|-status|p2a: Basculegion|tox
|-activate|p2a: Basculegion|move: Sticky Web
|-unboost|p2a: Basculegion|spe|1
|turn|10
|
|t:|1760365536
|move|p1a: Kingambit|Sucker Punch|p2a: Basculegion
|-supereffective|p2a: Basculegion
|-damage|p2a: Basculegion|0 fnt
|faint|p2a: Basculegion
|
|-weather|RainDance|[upkeep]
|upkeep
|
|t:|1760365543
|switch|p2a: Manaphy|Manaphy, shiny|100/100
|-status|p2a: Manaphy|tox
|-activate|p2a: Manaphy|move: Sticky Web
|-unboost|p2a: Manaphy|spe|1
|turn|11
|
|t:|1760365549
|move|p2a: Manaphy|Tail Glow|p2a: Manaphy
|-boost|p2a: Manaphy|spa|3
|move|p1a: Kingambit|Kowtow Cleave|p2a: Manaphy
|-damage|p2a: Manaphy|0 fnt
|faint|p2a: Manaphy
|
|-weather|RainDance|[upkeep]
|upkeep
|-message|seemeno forfeited.
|
|win|R.para ti
|raw|R.para ti's rating: 1207 &rarr; <strong>1228</strong><br />(+21 for winning)
|raw|seemeno's rating: 1155 &rarr; <strong>1134</strong><br />(-21 for losing)
|l|‽seemeno
|player|p2|
