|j|☆xw haha
|j|☆24iomxx
|t:|1760462258
|gametype|singles
|player|p1|xw haha|volkner|1156
|player|p2|24iomxx|hilbert-masters|1154
|gen|9
|tier|[Gen 9] OU
|rated|
|rule|HP Percentage Mod: HP is shown in percentages
|rule|Endless Battle Clause: Forcing endless battles is banned
|rule|Species Clause: Limit one of each Pokémon
|rule|OHKO Clause: OHKO moves are banned
|rule|Evasion Items Clause: Evasion items are banned
|rule|Evasion Moves Clause: Evasion moves are banned
|rule|Evasion Abilities Clause: Evasion abilities are banned
|rule|Sleep Moves Clause: Sleep-inducing moves are banned
|clearpoke
|poke|p1|Weezing-Galar, M|
|poke|p1|Garganacl, F|
|poke|p1|Gholdengo|
|poke|p1|Raging Bolt|
|poke|p1|Great Tusk|
|poke|p1|Iron Valiant|
|poke|p2|Hydreigon, F|
|poke|p2|Excadrill, M|
|poke|p2|Galvantula, F|
|poke|p2|Chandelure, M|
|poke|p2|Amoonguss, F|
|poke|p2|Braviary, M|
|teampreview
|inactive|Battle timer is ON: inactive players will automatically lose when time's up. (requested by 24iomxx)
|
|t:|1760462266
|teamsize|p1|6
|teamsize|p2|6
|start
|switch|p1a: Great Tusk|Great Tusk|100/100
|switch|p2a: Galvantula|Galvantula, F|100/100
|turn|1
|
|t:|1760462272
|switch|p2a: Amoonguss|Amoonguss, F|100/100
|move|p1a: Great Tusk|Rapid Spin|p2a: Amoonguss
|-damage|p2a: Amoonguss|86/100
|-boost|p1a: Great Tusk|spe|1
|
|-heal|p2a: Amoonguss|92/100|[from] item: Leftovers
|upkeep
|turn|2
|
|t:|1760462288
|-end|p1a: Great Tusk|Protosynthesis|[silent]
|switch|p1a: Garganacl|Garganacl, F|100/100
|move|p2a: Amoonguss|Giga Drain|p1a: Garganacl
|-supereffective|p1a: Garganacl
|-damage|p1a: Garganacl|71/100
|-heal|p2a: Amoonguss|100/100|[from] drain|[of] p1a: Garganacl
|
|-heal|p1a: Garganacl|77/100|[from] item: Leftovers
|upkeep
|turn|3
|
|t:|1760462298
|move|p1a: Garganacl|Stealth Rock|p2a: Amoonguss
|-sidestart|p2: 24iomxx|move: Stealth Rock
|move|p2a: Amoonguss|Giga Drain|p1a: Garganacl
|-supereffective|p1a: Garganacl
|-damage|p1a: Garganacl|48/100
|
|-heal|p1a: Garganacl|54/100|[from] item: Leftovers
|upkeep
|turn|4
|
|t:|1760462306
|move|p1a: Garganacl|Recover|p1a: Garganacl
|-heal|p1a: Garganacl|100/100
|move|p2a: Amoonguss|Giga Drain|p1a: Garganacl
|-supereffective|p1a: Garganacl
|-damage|p1a: Garganacl|70/100
|
|-heal|p1a: Garganacl|76/100|[from] item: Leftovers
|upkeep
|turn|5
|
|t:|1760462315
|move|p1a: Garganacl|Salt Cure|p2a: Amoonguss
|-damage|p2a: Amoonguss|91/100
|-start|p2a: Amoonguss|Salt Cure
|move|p2a: Amoonguss|Giga Drain|p1a: Garganacl
|-supereffective|p1a: Garganacl
|-crit|p1a: Garganacl
|-damage|p1a: Garganacl|33/100
|-heal|p2a: Amoonguss|100/100|[from] drain|[of] p1a: Garganacl
|
|-heal|p1a: Garganacl|39/100|[from] item: Leftovers
|-damage|p2a: Amoonguss|88/100|[from] Salt Cure
|upkeep
|turn|6
|
|t:|1760462326
|move|p1a: Garganacl|Recover|p1a: Garganacl
|-heal|p1a: Garganacl|89/100
|move|p2a: Amoonguss|Giga Drain|p1a: Garganacl
|-supereffective|p1a: Garganacl
|-damage|p1a: Garganacl|59/100
|-heal|p2a: Amoonguss|100/100|[from] drain|[of] p1a: Garganacl
|
|-heal|p1a: Garganacl|66/100|[from] item: Leftovers
|-damage|p2a: Amoonguss|88/100|[from] Salt Cure
|upkeep
|turn|7
|
|t:|1760462341
|switch|p1a: Raging Bolt|Raging Bolt|100/100
|move|p2a: Amoonguss|Giga Drain|p1a: Raging Bolt
|-resisted|p1a: Raging Bolt
|-damage|p1a: Raging Bolt|94/100
|-heal|p2a: Amoonguss|92/100|[from] drain|[of] p1a: Raging Bolt
|
|-heal|p2a: Amoonguss|98/100|[from] item: Leftovers
|-damage|p2a: Amoonguss|85/100|[from] Salt Cure
|upkeep
|turn|8
|
|t:|1760462352
|move|p1a: Raging Bolt|Draco Meteor|p2a: Amoonguss|[miss]
|-miss|p1a: Raging Bolt|p2a: Amoonguss
|move|p2a: Amoonguss|Sludge Bomb|p1a: Raging Bolt
|-damage|p1a: Raging Bolt|78/100
|
|-heal|p2a: Amoonguss|91/100|[from] item: Leftovers
|-damage|p2a: Amoonguss|79/100|[from] Salt Cure
|upkeep
|turn|9
|
|t:|1760462362
|switch|p2a: Excadrill|Excadrill, M|100/100
|-damage|p2a: Excadrill|97/100|[from] Stealth Rock
|-ability|p2a: Excadrill|Mold Breaker
|-item|p2a: Excadrill|Air Balloon
|move|p1a: Raging Bolt|Draco Meteor|p2a: Excadrill
|-resisted|p2a: Excadrill
|-crit|p2a: Excadrill
|-damage|p2a: Excadrill|14/100
|-unboost|p1a: Raging Bolt|spa|2
|-enditem|p2a: Excadrill|Air Balloon
|
|upkeep
|turn|10
|
|t:|1760462376
|-end|p1a: Raging Bolt|Protosynthesis|[silent]
|switch|p1a: Great Tusk|Great Tusk|100/100
|move|p2a: Excadrill|Earthquake|p1a: Great Tusk
|-damage|p1a: Great Tusk|67/100
|
|upkeep
|turn|11
|
|t:|1760462390
|switch|p2a: Braviary|Braviary, M|100/100
|-damage|p2a: Braviary|76/100|[from] Stealth Rock
|move|p1a: Great Tusk|Rapid Spin|p2a: Braviary
|-damage|p2a: Braviary|50/100
|-boost|p1a: Great Tusk|spe|1
|
|upkeep
|turn|12
|
|t:|1760462402
|-end|p1a: Great Tusk|Protosynthesis|[silent]
|switch|p1a: Gholdengo|Gholdengo|100/100
|-item|p1a: Gholdengo|Air Balloon
|move|p2a: Braviary|Sky Attack||[still]
|-prepare|p2a: Braviary|Sky Attack
|-enditem|p2a: Braviary|Power Herb
|-anim|p2a: Braviary|Sky Attack|p1a: Gholdengo
|-resisted|p1a: Gholdengo
|-damage|p1a: Gholdengo|66/100
|-enditem|p1a: Gholdengo|Air Balloon
|
|upkeep
|turn|13
|
|t:|1760462414
|move|p2a: Braviary|Acrobatics|p1a: Gholdengo
|-resisted|p1a: Gholdengo
|-damage|p1a: Gholdengo|40/100
|move|p1a: Gholdengo|Shadow Ball|p2a: Braviary
|-immune|p2a: Braviary
|
|upkeep
|turn|14
|
|t:|1760462426
|switch|p1a: Weezing|Weezing-Galar, M|100/100
|move|p2a: Braviary|Acrobatics|p1a: Weezing
|-damage|p1a: Weezing|64/100
|
|-heal|p1a: Weezing|70/100|[from] item: Black Sludge
|upkeep
|turn|15
|
|t:|1760462434
|move|p2a: Braviary|Agility|p2a: Braviary
|-boost|p2a: Braviary|spe|2
|move|p1a: Weezing|Strange Steam|p2a: Braviary
|-damage|p2a: Braviary|18/100
|
|-heal|p1a: Weezing|76/100|[from] item: Black Sludge
|upkeep
|turn|16
|
|t:|1760462443
|move|p2a: Braviary|Acrobatics|p1a: Weezing
|-damage|p1a: Weezing|40/100
|move|p1a: Weezing|Strange Steam|p2a: Braviary|[miss]
|-miss|p1a: Weezing|p2a: Braviary
|
|-heal|p1a: Weezing|46/100|[from] item: Black Sludge
|upkeep
|turn|17
|
|t:|1760462452
|move|p2a: Braviary|Acrobatics|p1a: Weezing
|-damage|p1a: Weezing|3/100
|move|p1a: Weezing|Strange Steam|p2a: Braviary
|-damage|p2a: Braviary|0 fnt
|faint|p2a: Braviary
|
|-heal|p1a: Weezing|9/100|[from] item: Black Sludge
|upkeep
|
|t:|1760462462
|switch|p2a: Excadrill|Excadrill, M|14/100
|-damage|p2a: Excadrill|11/100|[from] Stealth Rock
|-ability|p2a: Excadrill|Mold Breaker
|turn|18
|
|t:|1760462468
|switch|p1a: Great Tusk|Great Tusk|67/100
|move|p2a: Excadrill|Rapid Spin|p1a: Great Tusk
|-damage|p1a: Great Tusk|55/100
|-boost|p2a: Excadrill|spe|1
|-damage|p2a: Excadrill|0 fnt|[from] item: Rocky Helmet|[of] p1a: Great Tusk
|faint|p2a: Excadrill
|
|upkeep
|
|t:|1760462473
|switch|p2a: Amoonguss|Amoonguss, F|100/100
|-damage|p2a: Amoonguss|88/100|[from] Stealth Rock
|turn|19
|
|t:|1760462484
|-end|p1a: Great Tusk|Protosynthesis|[silent]
|switch|p1a: Raging Bolt|Raging Bolt|78/100
|move|p2a: Amoonguss|Sludge Bomb|p1a: Raging Bolt
|-damage|p1a: Raging Bolt|63/100
|
|-heal|p2a: Amoonguss|94/100|[from] item: Leftovers
|upkeep
|turn|20
|
|t:|1760462492
|move|p1a: Raging Bolt|Draco Meteor|p2a: Amoonguss|[miss]
|-miss|p1a: Raging Bolt|p2a: Amoonguss
|move|p2a: Amoonguss|Sludge Bomb|p1a: Raging Bolt
|-damage|p1a: Raging Bolt|46/100
|
|-heal|p2a: Amoonguss|99/100|[from] item: Leftovers
|upkeep
|turn|21
|
|t:|1760462502
|move|p1a: Raging Bolt|Draco Meteor|p2a: Amoonguss
|-damage|p2a: Amoonguss|31/100
|-unboost|p1a: Raging Bolt|spa|2
|move|p2a: Amoonguss|Sludge Bomb|p1a: Raging Bolt
|-damage|p1a: Raging Bolt|31/100
|
|-heal|p2a: Amoonguss|37/100|[from] item: Leftovers
|upkeep
|turn|22
|
|t:|1760462512
|move|p1a: Raging Bolt|Draco Meteor|p2a: Amoonguss
|-damage|p2a: Amoonguss|3/100
|-unboost|p1a: Raging Bolt|spa|2
|move|p2a: Amoonguss|Sludge Bomb|p1a: Raging Bolt
|-damage|p1a: Raging Bolt|14/100
|
|-heal|p2a: Amoonguss|9/100|[from] item: Leftovers
|upkeep
|turn|23
|
|t:|1760462523
|move|p1a: Raging Bolt|Draco Meteor|p2a: Amoonguss
|-damage|p2a: Amoonguss|0 fnt
|-unboost|p1a: Raging Bolt|spa|2
|faint|p2a: Amoonguss
|
|upkeep
|
|t:|1760462539
|switch|p2a: Chandelure|Chandelure, M|100/100
|-damage|p2a: Chandelure|76/100|[from] Stealth Rock
|turn|24
|
|t:|1760462547
|move|p2a: Chandelure|Shadow Ball|p1a: Raging Bolt
|-damage|p1a: Raging Bolt|0 fnt
|faint|p1a: Raging Bolt
|-end|p1a: Raging Bolt|Protosynthesis|[silent]
|
|upkeep
|
|t:|1760462553
|switch|p1a: Garganacl|Garganacl, F|66/100
|turn|25
|
|t:|1760462561
|switch|p2a: Hydreigon|Hydreigon, F|100/100
|-damage|p2a: Hydreigon|88/100|[from] Stealth Rock
|move|p1a: Garganacl|Recover|p1a: Garganacl
|-heal|p1a: Garganacl|100/100
|
|-heal|p2a: Hydreigon|94/100|[from] item: Leftovers
|upkeep
|turn|26
|
|t:|1760462570
|move|p2a: Hydreigon|Substitute|p2a: Hydreigon
|-start|p2a: Hydreigon|Substitute
|-damage|p2a: Hydreigon|69/100
|move|p1a: Garganacl|Salt Cure|p2a: Hydreigon
|-activate|p2a: Hydreigon|move: Substitute|[damage]
|
|-heal|p2a: Hydreigon|76/100|[from] item: Leftovers
|upkeep
|turn|27
|
|t:|1760462583
|switch|p1a: Weezing|Weezing-Galar, M|9/100
|move|p2a: Hydreigon|Nasty Plot|p2a: Hydreigon
|-boost|p2a: Hydreigon|spa|2
|
|-heal|p2a: Hydreigon|82/100|[from] item: Leftovers
|-heal|p1a: Weezing|15/100|[from] item: Black Sludge
|upkeep
|turn|28
|
|t:|1760462594
|move|p2a: Hydreigon|Flash Cannon|p1a: Weezing
|-supereffective|p1a: Weezing
|-damage|p1a: Weezing|0 fnt
|faint|p1a: Weezing
|
|-heal|p2a: Hydreigon|88/100|[from] item: Leftovers
|upkeep
|
|t:|1760462602
|switch|p1a: Iron Valiant|Iron Valiant|100/100
|-enditem|p1a: Iron Valiant|Booster Energy
|-activate|p1a: Iron Valiant|ability: Quark Drive|[fromitem]
|-start|p1a: Iron Valiant|quarkdrivespe
|turn|29
|
|t:|1760462614
|move|p1a: Iron Valiant|Moonblast|p2a: Hydreigon
|-supereffective|p2a: Hydreigon
|-end|p2a: Hydreigon|Substitute
|move|p2a: Hydreigon|Flash Cannon|p1a: Iron Valiant
|-supereffective|p1a: Iron Valiant
|-damage|p1a: Iron Valiant|0 fnt
|faint|p1a: Iron Valiant
|-end|p1a: Iron Valiant|Quark Drive|[silent]
|
|-heal|p2a: Hydreigon|94/100|[from] item: Leftovers
|upkeep
|-message|xw haha forfeited.
|
|win|24iomxx
|raw|xw haha's rating: 1156 &rarr; <strong>1131</strong><br />(-25 for losing)
|raw|24iomxx's rating: 1154 &rarr; <strong>1179</strong><br />(+25 for winning)
|l|☆xw haha
|player|p1|
|l|☆24iomxx
|player|p2|
