|j|☆MooFarmer
|j|☆cheezard
|t:|1760333110
|gametype|singles
|player|p1|MooFarmer|2|1834
|player|p2|cheezard|265|1701
|gen|9
|tier|[Gen 9] OU
|rated|
|rule|HP Percentage Mod: HP is shown in percentages
|rule|Endless Battle Clause: Forcing endless battles is banned
|rule|Species Clause: Limit one of each Pokémon
|rule|OHKO Clause: OHKO moves are banned
|rule|Evasion Items Clause: Evasion items are banned
|rule|Evasion Moves Clause: Evasion moves are banned
|rule|Evasion Abilities Clause: Evasion abilities are banned
|rule|Sleep Moves Clause: Sleep-inducing moves are banned
|clearpoke
|poke|p1|Kyurem|
|poke|p1|Corviknight, M|
|poke|p1|Ting-Lu|
|poke|p1|Dondozo, M|
|poke|p1|Slowking-Galar, L99, F|
|poke|p1|Cinderace, F|
|poke|p2|Darkrai|
|poke|p2|Samurott-Hisui, M|
|poke|p2|Dragonite, F|
|poke|p2|Landorus-Therian, M|
|poke|p2|Gholdengo|
|poke|p2|Raging Bolt|
|teampreview
|
|t:|1760333157
|teamsize|p1|6
|teamsize|p2|6
|start
|switch|p1a: Kyurem|Kyurem|100/100
|switch|p2a: Gholden Wind|Gholdengo|100/100
|-ability|p1a: Kyurem|Pressure
|turn|1
|inactive|Battle timer is ON: inactive players will automatically lose when time's up. (requested by MooFarmer)
|inactive|MooFarmer has 120 seconds left.
|
|t:|1760333202
|-terastallize|p1a: Kyurem|Ground
|move|p2a: Gholden Wind|Make It Rain|p1a: Kyurem
|-damage|p1a: Kyurem|42/100
|-unboost|p2a: Gholden Wind|spa|1
|move|p1a: Kyurem|Earth Power|p2a: Gholden Wind
|-supereffective|p2a: Gholden Wind
|-damage|p2a: Gholden Wind|0 fnt
|faint|p2a: Gholden Wind
|
|-heal|p1a: Kyurem|48/100|[from] item: Leftovers
|upkeep
|
|t:|1760333215
|switch|p2a: Darkrai|Darkrai, shiny|100/100
|turn|2
|inactive|MooFarmer has 120 seconds left.
|j| lakob
|
|t:|1760333261
|move|p1a: Kyurem|Protect|p1a: Kyurem
|-singleturn|p1a: Kyurem|Protect
|move|p2a: Darkrai|Ice Beam|p1a: Kyurem
|-activate|p1a: Kyurem|move: Protect
|
|-heal|p1a: Kyurem|54/100|[from] item: Leftovers
|upkeep
|turn|3
|inactive|MooFarmer has 90 seconds left.
|
|t:|1760333308
|switch|p1a: Dondozo|Dondozo, M|100/100
|move|p2a: Darkrai|Dark Pulse|p1a: Dondozo
|-damage|p1a: Dondozo|59/100
|
|-heal|p1a: Dondozo|66/100|[from] item: Leftovers
|upkeep
|turn|4
|inactive|MooFarmer has 60 seconds left.
|j| Master Thespian
|j| ace trumpets
|
|t:|1760333355
|move|p2a: Darkrai|Dark Pulse|p1a: Dondozo
|-crit|p1a: Dondozo
|-damage|p1a: Dondozo|0 fnt
|faint|p1a: Dondozo
|
|upkeep
|
|t:|1760333363
|switch|p1a: Cinderace|Cinderace, F|100/100
|turn|5
|
|t:|1760333372
|move|p2a: Darkrai|Dark Pulse|p1a: Cinderace
|-damage|p1a: Cinderace|50/100
|move|p1a: Cinderace|U-turn|p2a: Darkrai
|-supereffective|p2a: Darkrai
|-damage|p2a: Darkrai|51/100
|l| lakob
|
|t:|1760333381
|switch|p1a: Kyurem|Kyurem, tera:Ground|54/100|[from] U-turn
|-ability|p1a: Kyurem|Pressure
|
|-heal|p1a: Kyurem|60/100|[from] item: Leftovers
|upkeep
|turn|6
|
|t:|1760333389
|move|p1a: Kyurem|Protect|p1a: Kyurem
|-singleturn|p1a: Kyurem|Protect
|move|p2a: Darkrai|Ice Beam|p1a: Kyurem
|-activate|p1a: Kyurem|move: Protect
|
|-heal|p1a: Kyurem|66/100|[from] item: Leftovers
|upkeep
|turn|7
|
|t:|1760333398
|move|p2a: Darkrai|Ice Beam|p1a: Kyurem
|-supereffective|p1a: Kyurem
|-damage|p1a: Kyurem|5/100
|move|p1a: Kyurem|Earth Power|p2a: Darkrai
|-crit|p2a: Darkrai
|-damage|p2a: Darkrai|0 fnt
|faint|p2a: Darkrai
|
|-heal|p1a: Kyurem|11/100|[from] item: Leftovers
|upkeep
|
|t:|1760333404
|switch|p2a: Dragonite|Dragonite, F|100/100
|turn|8
|inactive|MooFarmer has 60 seconds left.
|inactive|cheezard has 120 seconds left.
|
|t:|1760333436
|move|p1a: Kyurem|Freeze-Dry|p2a: Dragonite
|-supereffective|p2a: Dragonite
|-damage|p2a: Dragonite|26/100
|-status|p2a: Dragonite|frz
|-curestatus|p2a: Dragonite|frz|[msg]
|move|p2a: Dragonite|Earthquake|p1a: Kyurem
|-damage|p1a: Kyurem|0 fnt
|faint|p1a: Kyurem
|
|upkeep
|inactive|MooFarmer has 60 seconds left.
|
|t:|1760333446
|switch|p1a: Corviknight|Corviknight, M|100/100
|-ability|p1a: Corviknight|Pressure
|turn|9
|inactive|MooFarmer has 60 seconds left.
|
|t:|1760333455
|switch|p2a: Raging Neck|Raging Bolt|100/100
|move|p1a: Corviknight|U-turn|p2a: Raging Neck
|-damage|p2a: Raging Neck|86/100
|inactive|MooFarmer has 60 seconds left.
|
|t:|1760333464
|switch|p1a: Slowking|Slowking-Galar, L99, F|100/100|[from] U-turn
|
|upkeep
|turn|10
|l| ace trumpets
|
|t:|1760333473
|move|p2a: Raging Neck|Volt Switch|p1a: Slowking
|-damage|p1a: Slowking|76/100
|
|t:|1760333475
|-end|p2a: Raging Neck|Protosynthesis|[silent]
|switch|p2a: Samurott|Samurott-Hisui, M, shiny|100/100|[from] Volt Switch
|move|p1a: Slowking|Toxic|p2a: Samurott
|-status|p2a: Samurott|tox
|
|-damage|p2a: Samurott|94/100 tox|[from] psn
|upkeep
|turn|11
|
|t:|1760333483
|switch|p1a: Corviknight|Corviknight, M|100/100
|-ability|p1a: Corviknight|Pressure
|move|p2a: Samurott|Ceaseless Edge|p1a: Corviknight
|-damage|p1a: Corviknight|73/100
|-damage|p2a: Samurott|78/100 tox|[from] item: Rocky Helmet|[of] p1a: Corviknight
|-sidestart|p1: MooFarmer|Spikes
|
|-damage|p2a: Samurott|65/100 tox|[from] psn
|upkeep
|turn|12
|
|t:|1760333493
|move|p2a: Samurott|Aqua Cutter|p1a: Corviknight
|-damage|p1a: Corviknight|44/100
|move|p1a: Corviknight|Roost|p1a: Corviknight
|-heal|p1a: Corviknight|94/100
|-singleturn|p1a: Corviknight|move: Roost
|
|-damage|p2a: Samurott|47/100 tox|[from] psn
|upkeep
|turn|13
|
|t:|1760333501
|move|p2a: Samurott|Encore|p1a: Corviknight
|-start|p1a: Corviknight|Encore
|move|p1a: Corviknight|Roost|p1a: Corviknight
|-heal|p1a: Corviknight|100/100
|-singleturn|p1a: Corviknight|move: Roost
|
|-damage|p2a: Samurott|22/100 tox|[from] psn
|upkeep
|turn|14
|inactive|MooFarmer has 90 seconds left.
|
|t:|1760333510
|switch|p2a: Raging Neck|Raging Bolt|86/100
|move|p1a: Corviknight|Roost||[still]
|-fail|p1a: Corviknight|heal
|
|upkeep
|turn|15
|inactive|MooFarmer has 90 seconds left.
|inactive|MooFarmer has 60 seconds left.
|
|t:|1760333555
|switch|p1a: Slowking|Slowking-Galar, L99, F|100/100
|move|p2a: Raging Neck|Dragon Pulse|p1a: Slowking
|-damage|p1a: Slowking|67/100
|
|upkeep
|turn|16
|inactive|MooFarmer has 60 seconds left.
|inactive|MooFarmer has 30 seconds left.
|inactive|MooFarmer has 20 seconds left.
|
|t:|1760333600
|move|p2a: Raging Neck|Thunderbolt|p1a: Slowking
|-damage|p1a: Slowking|36/100
|move|p1a: Slowking|Sludge Bomb|p2a: Raging Neck
|-damage|p2a: Raging Neck|53/100
|
|upkeep
|turn|17
|inactive|MooFarmer has 30 seconds left this turn.
|
|t:|1760333609
|switch|p1a: Ting-Lu|Ting-Lu|100/100
|-damage|p1a: Ting-Lu|88/100|[from] Spikes
|-ability|p1a: Ting-Lu|Vessel of Ruin
|move|p2a: Raging Neck|Thunderbolt|p1a: Ting-Lu
|-immune|p1a: Ting-Lu
|
|-heal|p1a: Ting-Lu|94/100|[from] item: Leftovers
|upkeep
|turn|18
|inactive|MooFarmer has 30 seconds left.
|
|t:|1760333618
|-end|p2a: Raging Neck|Protosynthesis|[silent]
|switch|p2a: Landorus|Landorus-Therian, M|100/100
|-ability|p2a: Landorus|Intimidate|boost
|-unboost|p1a: Ting-Lu|atk|1
|move|p1a: Ting-Lu|Earthquake|p2a: Landorus
|-immune|p2a: Landorus
|
|-heal|p1a: Ting-Lu|100/100|[from] item: Leftovers
|upkeep
|turn|19
|
|t:|1760333629
|switch|p1a: Corviknight|Corviknight, M|100/100
|-ability|p1a: Corviknight|Pressure
|move|p2a: Landorus|U-turn|p1a: Corviknight
|-resisted|p1a: Corviknight
|-damage|p1a: Corviknight|97/100
|-damage|p2a: Landorus|84/100|[from] item: Rocky Helmet|[of] p1a: Corviknight
|
|t:|1760333636
|switch|p2a: Raging Neck|Raging Bolt|53/100|[from] U-turn
|
|upkeep
|turn|20
|
|t:|1760333645
|switch|p1a: Ting-Lu|Ting-Lu|100/100
|-damage|p1a: Ting-Lu|88/100|[from] Spikes
|-ability|p1a: Ting-Lu|Vessel of Ruin
|move|p2a: Raging Neck|Dragon Pulse|p1a: Ting-Lu
|-damage|p1a: Ting-Lu|67/100
|
|-heal|p1a: Ting-Lu|74/100|[from] item: Leftovers
|upkeep
|turn|21
|
|t:|1760333654
|-end|p2a: Raging Neck|Protosynthesis|[silent]
|switch|p2a: Landorus|Landorus-Therian, M|84/100
|-ability|p2a: Landorus|Intimidate|boost
|-unboost|p1a: Ting-Lu|atk|1
|move|p1a: Ting-Lu|Earthquake|p2a: Landorus
|-immune|p2a: Landorus
|
|-heal|p1a: Ting-Lu|80/100|[from] item: Leftovers
|upkeep
|turn|22
|
|t:|1760333662
|switch|p1a: Corviknight|Corviknight, M|97/100
|-ability|p1a: Corviknight|Pressure
|move|p2a: Landorus|Earth Power|p1a: Corviknight
|-immune|p1a: Corviknight
|
|upkeep
|turn|23
|inactive|MooFarmer has 60 seconds left.
|
|t:|1760333671
|move|p2a: Landorus|Taunt|p1a: Corviknight
|-start|p1a: Corviknight|move: Taunt
|cant|p1a: Corviknight|move: Taunt|Defog
|
|upkeep
|turn|24
|
|t:|1760333680
|move|p2a: Landorus|Stealth Rock|p1a: Corviknight
|-sidestart|p1: MooFarmer|move: Stealth Rock
|move|p1a: Corviknight|Brave Bird|p2a: Landorus
|-damage|p2a: Landorus|49/100
|-damage|p1a: Corviknight|81/100|[from] item: Rocky Helmet|[of] p2a: Landorus
|-damage|p1a: Corviknight|70/100|[from] Recoil
|
|upkeep
|turn|25
|
|t:|1760333689
|switch|p2a: Raging Neck|Raging Bolt|53/100
|move|p1a: Corviknight|U-turn|p2a: Raging Neck
|-damage|p2a: Raging Neck|38/100
|
|t:|1760333698
|switch|p1a: Slowking|Slowking-Galar, L99, F|70/100|[from] U-turn
|
|upkeep
|turn|26
|
|t:|1760333707
|move|p2a: Raging Neck|Volt Switch|p1a: Slowking
|-damage|p1a: Slowking|46/100
|
|t:|1760333711
|-end|p2a: Raging Neck|Protosynthesis|[silent]
|switch|p2a: Dragonite|Dragonite, F|26/100|[from] Volt Switch
|move|p1a: Slowking|Sludge Bomb|p2a: Dragonite
|-crit|p2a: Dragonite
|-damage|p2a: Dragonite|0 fnt
|faint|p2a: Dragonite
|
|upkeep
|
|t:|1760333714
|switch|p2a: Samurott|Samurott-Hisui, M, shiny|22/100 tox
|turn|27
|inactive|MooFarmer has 90 seconds left.
|
|t:|1760333722
|switch|p1a: Corviknight|Corviknight, M|70/100
|-damage|p1a: Corviknight|58/100|[from] Stealth Rock
|-ability|p1a: Corviknight|Pressure
|move|p2a: Samurott|Knock Off|p1a: Corviknight
|-damage|p1a: Corviknight|29/100
|-damage|p2a: Samurott|5/100 tox|[from] item: Rocky Helmet|[of] p1a: Corviknight
|-enditem|p1a: Corviknight|Rocky Helmet|[from] move: Knock Off|[of] p2a: Samurott
|
|-damage|p2a: Samurott|0 fnt|[from] psn
|faint|p2a: Samurott
|upkeep
|
|t:|1760333724
|switch|p2a: Raging Neck|Raging Bolt|38/100
|turn|28
|
|t:|1760333733
|switch|p1a: Ting-Lu|Ting-Lu|80/100
|-damage|p1a: Ting-Lu|67/100|[from] Spikes
|-damage|p1a: Ting-Lu|61/100|[from] Stealth Rock
|-ability|p1a: Ting-Lu|Vessel of Ruin
|move|p2a: Raging Neck|Dragon Pulse|p1a: Ting-Lu
|-damage|p1a: Ting-Lu|41/100
|
|-heal|p1a: Ting-Lu|47/100|[from] item: Leftovers
|upkeep
|turn|29
|
|t:|1760333741
|-end|p2a: Raging Neck|Protosynthesis|[silent]
|switch|p2a: Landorus|Landorus-Therian, M|49/100
|-ability|p2a: Landorus|Intimidate|boost
|-unboost|p1a: Ting-Lu|atk|1
|move|p1a: Ting-Lu|Earthquake|p2a: Landorus
|-immune|p2a: Landorus
|
|-heal|p1a: Ting-Lu|54/100|[from] item: Leftovers
|upkeep
|turn|30
|
|t:|1760333750
|move|p2a: Landorus|U-turn|p1a: Ting-Lu
|-supereffective|p1a: Ting-Lu
|-damage|p1a: Ting-Lu|33/100
|
|t:|1760333752
|switch|p2a: Raging Neck|Raging Bolt|38/100|[from] U-turn
|move|p1a: Ting-Lu|Payback|p2a: Raging Neck
|-damage|p2a: Raging Neck|27/100
|
|-heal|p1a: Ting-Lu|39/100|[from] item: Leftovers
|upkeep
|turn|31
|inactive|MooFarmer has 120 seconds left.
|
|t:|1760333761
|-end|p2a: Raging Neck|Protosynthesis|[silent]
|switch|p2a: Landorus|Landorus-Therian, M|49/100
|-ability|p2a: Landorus|Intimidate|boost
|-unboost|p1a: Ting-Lu|atk|1
|move|p1a: Ting-Lu|Rest|p1a: Ting-Lu
|-status|p1a: Ting-Lu|slp|[from] move: Rest
|-heal|p1a: Ting-Lu|100/100 slp|[silent]
|
|upkeep
|turn|32
|
|t:|1760333769
|move|p2a: Landorus|Earth Power|p1a: Ting-Lu
|-damage|p1a: Ting-Lu|87/100 slp
|cant|p1a: Ting-Lu|slp
|move|p1a: Ting-Lu|Sleep Talk|p1a: Ting-Lu
|move|p1a: Ting-Lu|Payback|p2a: Landorus|[from] move: Sleep Talk
|-damage|p2a: Landorus|33/100
|-damage|p1a: Ting-Lu|71/100 slp|[from] item: Rocky Helmet|[of] p2a: Landorus
|
|-heal|p1a: Ting-Lu|77/100 slp|[from] item: Leftovers
|upkeep
|turn|33
|
|t:|1760333777
|move|p2a: Landorus|Earth Power|p1a: Ting-Lu
|-damage|p1a: Ting-Lu|63/100 slp
|cant|p1a: Ting-Lu|slp
|
|-heal|p1a: Ting-Lu|69/100 slp|[from] item: Leftovers
|upkeep
|turn|34
|
|t:|1760333786
|move|p2a: Landorus|Taunt|p1a: Ting-Lu
|-start|p1a: Ting-Lu|move: Taunt
|-curestatus|p1a: Ting-Lu|slp|[msg]
|move|p1a: Ting-Lu|Payback|p2a: Landorus
|-damage|p2a: Landorus|14/100
|-damage|p1a: Ting-Lu|52/100|[from] item: Rocky Helmet|[of] p2a: Landorus
|
|-heal|p1a: Ting-Lu|58/100|[from] item: Leftovers
|upkeep
|turn|35
|
|t:|1760333796
|move|p2a: Landorus|Earth Power|p1a: Ting-Lu
|-damage|p1a: Ting-Lu|44/100
|move|p1a: Ting-Lu|Payback|p2a: Landorus
|-damage|p2a: Landorus|0 fnt
|-damage|p1a: Ting-Lu|28/100|[from] item: Rocky Helmet|[of] p2a: Landorus
|faint|p2a: Landorus
|
|-heal|p1a: Ting-Lu|34/100|[from] item: Leftovers
|upkeep
|
|t:|1760333800
|switch|p2a: Raging Neck|Raging Bolt|27/100
|turn|36
|
|t:|1760333808
|move|p2a: Raging Neck|Dragon Pulse|p1a: Ting-Lu
|-damage|p1a: Ting-Lu|13/100
|move|p1a: Ting-Lu|Earthquake|p2a: Raging Neck
|-supereffective|p2a: Raging Neck
|-damage|p2a: Raging Neck|0 fnt
|faint|p2a: Raging Neck
|-end|p2a: Raging Neck|Protosynthesis|[silent]
|
|win|MooFarmer
|raw|MooFarmer's rating: 1834 &rarr; <strong>1847</strong><br />(+13 for winning)
|raw|cheezard's rating: 1701 &rarr; <strong>1688</strong><br />(-13 for losing)
|l|☆MooFarmer
|player|p1|
|c|☆cheezard|gg
|l|☆cheezard
|player|p2|
|l| Master Thespian
