|j|☆Welchs Gummies
|j|☆Jean Castex
|t:|1760457095
|gametype|singles
|player|p1|Welchs Gummies|ghetsis-gen5bw|1251
|player|p2|Jean Castex|swimmerm-gen2|1213
|gen|9
|tier|[Gen 9] OU
|rated|
|rule|HP Percentage Mod: HP is shown in percentages
|rule|Endless Battle Clause: Forcing endless battles is banned
|rule|Species Clause: Limit one of each Pokémon
|rule|OHKO Clause: OHKO moves are banned
|rule|Evasion Items Clause: Evasion items are banned
|rule|Evasion Moves Clause: Evasion moves are banned
|rule|Evasion Abilities Clause: Evasion abilities are banned
|rule|Sleep Moves Clause: Sleep-inducing moves are banned
|clearpoke
|poke|p1|Excadrill, M|
|poke|p1|Haxorus, M|
|poke|p1|Talonflame, F|
|poke|p1|Ogerpon-Wellspring, F|
|poke|p1|Ribombee, F|
|poke|p1|Pecharunt|
|poke|p2|Venusaur, M|
|poke|p2|Ninetales, M|
|poke|p2|Slowking-Galar, M|
|poke|p2|Torkoal, M|
|poke|p2|Darkrai|
|poke|p2|Kyurem|
|teampreview
|inactive|Battle timer is ON: inactive players will automatically lose when time's up. (requested by Jean Castex)
|
|t:|1760457113
|teamsize|p1|6
|teamsize|p2|6
|start
|switch|p1a: Excadrill|Excadrill, M|100/100
|switch|p2a: Kyurem|Kyurem|100/100
|-ability|p2a: Kyurem|Pressure
|-ability|p1a: Excadrill|Mold Breaker
|-item|p1a: Excadrill|Air Balloon
|turn|1
|j| Amphinobi 94
|
|t:|1760457122
|switch|p1a: Talonflame|Talonflame, F|100/100
|move|p2a: Kyurem|Ice Beam|p1a: Talonflame
|-crit|p1a: Talonflame
|-damage|p1a: Talonflame|0 fnt
|faint|p1a: Talonflame
|
|upkeep
|l| Amphinobi 94
|c|☆Welchs Gummies|I hate kyurem
|
|t:|1760457151
|switch|p1a: Ribombee|Ribombee, F|100/100
|turn|2
|
|t:|1760457166
|switch|p2a: Torkoal|Torkoal, M|100/100
|-weather|SunnyDay|[from] ability: Drought|[of] p2a: Torkoal
|move|p1a: Ribombee|Quiver Dance|p1a: Ribombee
|-boost|p1a: Ribombee|spa|1
|-boost|p1a: Ribombee|spd|1
|-boost|p1a: Ribombee|spe|1
|
|-weather|SunnyDay|[upkeep]
|upkeep
|turn|3
|
|t:|1760457176
|move|p1a: Ribombee|Sticky Web|p2a: Torkoal
|-sidestart|p2: Jean Castex|move: Sticky Web
|move|p2a: Torkoal|Stealth Rock|p1a: Ribombee
|-sidestart|p1: Welchs Gummies|move: Stealth Rock
|
|-weather|SunnyDay|[upkeep]
|upkeep
|turn|4
|inactive|Welchs Gummies has 120 seconds left.
|
|t:|1760457206
|move|p1a: Ribombee|Alluring Voice|p2a: Torkoal
|-resisted|p2a: Torkoal
|-damage|p2a: Torkoal|63/100
|move|p2a: Torkoal|Rapid Spin|p1a: Ribombee
|-damage|p1a: Ribombee|82/100
|-boost|p2a: Torkoal|spe|1
|-sideend|p2: Jean Castex|Sticky Web|[from] move: Rapid Spin|[of] p2a: Torkoal
|
|-weather|SunnyDay|[upkeep]
|-heal|p1a: Ribombee|89/100|[from] item: Leftovers
|upkeep
|turn|5
|
|t:|1760457216
|move|p1a: Ribombee|Quiver Dance|p1a: Ribombee
|-boost|p1a: Ribombee|spa|1
|-boost|p1a: Ribombee|spd|1
|-boost|p1a: Ribombee|spe|1
|move|p2a: Torkoal|Lava Plume|p1a: Ribombee
|-supereffective|p1a: Ribombee
|-damage|p1a: Ribombee|28/100
|
|-weather|SunnyDay|[upkeep]
|-heal|p1a: Ribombee|34/100|[from] item: Leftovers
|upkeep
|turn|6
|
|t:|1760457223
|move|p1a: Ribombee|Bug Buzz|p2a: Torkoal
|-resisted|p2a: Torkoal
|-damage|p2a: Torkoal|5/100
|move|p2a: Torkoal|Lava Plume|p1a: Ribombee
|-supereffective|p1a: Ribombee
|-damage|p1a: Ribombee|0 fnt
|faint|p1a: Ribombee
|
|-weather|none
|upkeep
|
|t:|1760457230
|switch|p1a: Excadrill|Excadrill, M|100/100
|-damage|p1a: Excadrill|97/100|[from] Stealth Rock
|-ability|p1a: Excadrill|Mold Breaker
|-item|p1a: Excadrill|Air Balloon
|turn|7
|
|t:|1760457237
|move|p1a: Excadrill|Rapid Spin|p2a: Torkoal
|-damage|p2a: Torkoal|0 fnt
|-boost|p1a: Excadrill|spe|1
|-sideend|p1: Welchs Gummies|Stealth Rock|[from] move: Rapid Spin|[of] p1a: Excadrill
|faint|p2a: Torkoal
|
|upkeep
|
|t:|1760457244
|switch|p2a: Ninetales|Ninetales, M|100/100
|-weather|SunnyDay|[from] ability: Drought|[of] p2a: Ninetales
|turn|8
|
|t:|1760457254
|switch|p1a: Ogerpon|Ogerpon-Wellspring, F|100/100
|-terastallize|p2a: Ninetales|Grass
|move|p2a: Ninetales|Flamethrower|p1a: Ogerpon
|-damage|p1a: Ogerpon|40/100
|
|-weather|SunnyDay|[upkeep]
|upkeep
|turn|9
|
|t:|1760457264
|move|p1a: Ogerpon|U-turn|p2a: Ninetales
|-supereffective|p2a: Ninetales
|-damage|p2a: Ninetales|15/100
|
|t:|1760457272
|switch|p1a: Haxorus|Haxorus, M, shiny|100/100|[from] U-turn
|-ability|p1a: Haxorus|Mold Breaker
|move|p2a: Ninetales|Flamethrower|p1a: Haxorus
|-resisted|p1a: Haxorus
|-damage|p1a: Haxorus|63/100
|
|-weather|SunnyDay|[upkeep]
|upkeep
|turn|10
|
|t:|1760457282
|switch|p2a: Venusaur|Venusaur, M|100/100
|move|p1a: Haxorus|Scale Shot|p2a: Venusaur
|-damage|p2a: Venusaur|78/100
|-damage|p2a: Venusaur|58/100
|-damage|p2a: Venusaur|35/100
|-damage|p2a: Venusaur|13/100
|-hitcount|p2a: Venusaur|4
|-unboost|p1a: Haxorus|def|1
|-boost|p1a: Haxorus|spe|1
|
|-weather|SunnyDay|[upkeep]
|upkeep
|turn|11
|
|t:|1760457287
|move|p2a: Venusaur|Sludge Bomb|p1a: Haxorus
|-damage|p1a: Haxorus|0 fnt
|faint|p1a: Haxorus
|-damage|p2a: Venusaur|3/100|[from] item: Life Orb
|
|-weather|SunnyDay|[upkeep]
|upkeep
|
|t:|1760457303
|switch|p1a: Excadrill|Excadrill, M|97/100
|-ability|p1a: Excadrill|Mold Breaker
|-item|p1a: Excadrill|Air Balloon
|turn|12
|
|t:|1760457308
|move|p2a: Venusaur|Weather Ball|p1a: Excadrill
|-supereffective|p1a: Excadrill
|-damage|p1a: Excadrill|0 fnt
|-enditem|p1a: Excadrill|Air Balloon
|faint|p1a: Excadrill
|-damage|p2a: Venusaur|0 fnt|[from] item: Life Orb
|faint|p2a: Venusaur
|
|-weather|SunnyDay|[upkeep]
|upkeep
|
|t:|1760457328
|switch|p1a: Ogerpon|Ogerpon-Wellspring, F|40/100
|switch|p2a: Slowking|Slowking-Galar, M|100/100
|turn|13
|
|t:|1760457335
|move|p1a: Ogerpon|Spiky Shield|p1a: Ogerpon
|-singleturn|p1a: Ogerpon|move: Protect
|move|p2a: Slowking|Sludge Bomb|p1a: Ogerpon
|-activate|p1a: Ogerpon|move: Protect
|
|-weather|SunnyDay|[upkeep]
|upkeep
|turn|14
|
|t:|1760457342
|move|p1a: Ogerpon|Ivy Cudgel|p2a: Slowking|[anim] Ivy Cudgel Water
|-damage|p2a: Slowking|69/100
|move|p2a: Slowking|Psychic Noise|p1a: Ogerpon
|-damage|p1a: Ogerpon|0 fnt
|faint|p1a: Ogerpon
|
|-weather|SunnyDay|[upkeep]
|upkeep
|
|t:|1760457348
|switch|p1a: Pecharunt|Pecharunt|100/100
|turn|15
|
|t:|1760457355
|move|p1a: Pecharunt|Parting Shot|p2a: Slowking
|-unboost|p2a: Slowking|atk|1
|-unboost|p2a: Slowking|spa|1
|move|p2a: Slowking|Psychic Noise|p1a: Pecharunt
|-supereffective|p1a: Pecharunt
|-damage|p1a: Pecharunt|49/100
|-start|p1a: Pecharunt|move: Heal Block
|
|-weather|none
|upkeep
|turn|16
|
|t:|1760457363
|switch|p2a: Kyurem|Kyurem|100/100
|-ability|p2a: Kyurem|Pressure
|move|p1a: Pecharunt|Protect||[still]
|-fail|p1a: Pecharunt
|
|-end|p1a: Pecharunt|move: Heal Block
|upkeep
|turn|17
|
|t:|1760457368
|move|p2a: Kyurem|Earth Power|p1a: Pecharunt
|-supereffective|p1a: Pecharunt
|-damage|p1a: Pecharunt|0 fnt
|faint|p1a: Pecharunt
|
|win|Jean Castex
|raw|Welchs Gummies's rating: 1251 &rarr; <strong>1223</strong><br />(-28 for losing)
|raw|Jean Castex's rating: 1213 &rarr; <strong>1241</strong><br />(+28 for winning)
|c|☆Jean Castex|gg
