|j|☆splishsplish12
|j|☆mohumohumoo
|t:|1760333000
|gametype|singles
|player|p1|splishsplish12|steven|1065
|player|p2|mohumohumoo|102|1075
|gen|9
|tier|[Gen 9] OU
|rated|
|rule|HP Percentage Mod: HP is shown in percentages
|rule|Endless Battle Clause: Forcing endless battles is banned
|rule|Species Clause: Limit one of each Pokémon
|rule|OHKO Clause: OHKO moves are banned
|rule|Evasion Items Clause: Evasion items are banned
|rule|Evasion Moves Clause: Evasion moves are banned
|rule|Evasion Abilities Clause: Evasion abilities are banned
|rule|Sleep Moves Clause: Sleep-inducing moves are banned
|clearpoke
|poke|p1|Snom, F|
|poke|p1|Ting-Lu|
|poke|p1|Pecharunt|
|poke|p1|Registeel|
|poke|p1|Whimsicott, F|
|poke|p1|Dragapult, M|
|poke|p2|Kingambit, F|
|poke|p2|Samurott-Hisui, M|
|poke|p2|Hydreigon, F|
|poke|p2|Zoroark, F|
|poke|p2|Umbreon, F|
|poke|p2|Greninja-*, M|
|teampreview
|
|t:|1760333021
|teamsize|p1|6
|teamsize|p2|6
|start
|switch|p1a: Ting-Lu|Ting-Lu|100/100
|switch|p2a: Samurott|Samurott-Hisui, M|100/100
|-ability|p1a: Ting-Lu|Vessel of Ruin
|turn|1
|
|t:|1760333029
|move|p2a: Samurott|Razor Shell|p1a: Ting-Lu
|-supereffective|p1a: Ting-Lu
|-damage|p1a: Ting-Lu|53/100
|-damage|p2a: Samurott|84/100|[from] item: Rocky Helmet|[of] p1a: Ting-Lu
|-heal|p2a: Samurott|93/100|[from] item: Shell Bell|[of] p1a: Ting-Lu
|move|p1a: Ting-Lu|Stealth Rock|p2a: Samurott
|-sidestart|p2: mohumohumoo|move: Stealth Rock
|
|upkeep
|turn|2
|
|t:|1760333038
|move|p2a: Samurott|Swords Dance|p2a: Samurott
|-boost|p2a: Samurott|atk|2
|move|p1a: Ting-Lu|Spikes|p2a: Samurott
|-sidestart|p2: mohumohumoo|Spikes
|
|upkeep
|turn|3
|
|t:|1760333043
|move|p2a: Samurott|Razor Shell|p1a: Ting-Lu
|-supereffective|p1a: Ting-Lu
|-damage|p1a: Ting-Lu|0 fnt
|-damage|p2a: Samurott|77/100|[from] item: Rocky Helmet|[of] p1a: Ting-Lu
|faint|p1a: Ting-Lu
|-heal|p2a: Samurott|87/100|[from] item: Shell Bell|[of] p1: Ting-Lu
|
|upkeep
|
|t:|1760333060
|switch|p1a: Dragapult|Dragapult, M|100/100
|turn|4
|
|t:|1760333067
|move|p1a: Dragapult|Draco Meteor|p2a: Samurott
|-crit|p2a: Samurott
|-damage|p2a: Samurott|0 fnt
|-unboost|p1a: Dragapult|spa|2
|faint|p2a: Samurott
|
|upkeep
|
|t:|1760333108
|switch|p2a: Greninja|Greninja, M, shiny|100/100
|-damage|p2a: Greninja|88/100|[from] Stealth Rock
|-damage|p2a: Greninja|76/100|[from] Spikes
|turn|5
|
|t:|1760333117
|switch|p1a: Whimsicott|Whimsicott, F|100/100
|-item|p1a: Whimsicott|Air Balloon
|move|p2a: Greninja|Ice Beam|p1a: Whimsicott
|-start|p2a: Greninja|typechange|Ice|[from] ability: Protean
|-supereffective|p1a: Whimsicott
|-damage|p1a: Whimsicott|0 fnt
|-enditem|p1a: Whimsicott|Air Balloon
|faint|p1a: Whimsicott
|-damage|p2a: Greninja|66/100|[from] item: Life Orb
|
|upkeep
|
|t:|1760333121
|switch|p1a: AstralSpnom|Snom, F|100/100
|turn|6
|
|t:|1760333138
|switch|p2a: Kingambit|Kingambit, F|100/100
|-damage|p2a: Kingambit|94/100|[from] Stealth Rock
|-damage|p2a: Kingambit|82/100|[from] Spikes
|-activate|p2a: Kingambit|ability: Supreme Overlord
|-start|p2a: Kingambit|fallen1|[silent]
|move|p1a: AstralSpnom|Mirror Coat||[still]
|-fail|p1a: AstralSpnom
|
|upkeep
|turn|7
|
|t:|1760333152
|move|p2a: Kingambit|Iron Head|p1a: AstralSpnom
|-supereffective|p1a: AstralSpnom
|-damage|p1a: AstralSpnom|0 fnt
|faint|p1a: AstralSpnom
|
|upkeep
|
|t:|1760333159
|switch|p1a: Registeel|Registeel|100/100
|turn|8
|
|t:|1760333165
|-end|p2a: Kingambit|fallen1|[silent]
|switch|p2a: Hydreigon|Hydreigon, F|100/100
|-damage|p2a: Hydreigon|88/100|[from] Stealth Rock
|move|p1a: Registeel|Body Press|p2a: Hydreigon
|-supereffective|p2a: Hydreigon
|-damage|p2a: Hydreigon|23/100
|
|upkeep
|turn|9
|
|t:|1760333180
|move|p2a: Hydreigon|Earth Power|p1a: Registeel
|-supereffective|p1a: Registeel
|-damage|p1a: Registeel|54/100
|move|p1a: Registeel|Body Press|p2a: Hydreigon
|-supereffective|p2a: Hydreigon
|-damage|p2a: Hydreigon|0 fnt
|faint|p2a: Hydreigon
|
|-heal|p1a: Registeel|60/100|[from] item: Leftovers
|upkeep
|
|t:|1760333196
|switch|p2a: Umbreon|Umbreon, F, shiny|100/100
|-damage|p2a: Umbreon|88/100|[from] Stealth Rock
|-damage|p2a: Umbreon|76/100|[from] Spikes
|turn|10
|
|t:|1760333205
|move|p2a: Umbreon|Trick|p1a: Registeel
|-activate|p2a: Umbreon|move: Trick|[of] p1a: Registeel
|-item|p1a: Registeel|Choice Scarf|[from] move: Trick
|-item|p2a: Umbreon|Leftovers|[from] move: Trick
|move|p1a: Registeel|Iron Defense|p1a: Registeel
|-boost|p1a: Registeel|def|2
|
|-heal|p2a: Umbreon|82/100|[from] item: Leftovers
|upkeep
|turn|11
|
|t:|1760333215
|switch|p1a: Pecharunt|Pecharunt|100/100
|move|p2a: Umbreon|Flamethrower|p1a: Pecharunt
|-crit|p1a: Pecharunt
|-damage|p1a: Pecharunt|60/100
|
|-heal|p2a: Umbreon|88/100|[from] item: Leftovers
|-heal|p1a: Pecharunt|66/100|[from] item: Black Sludge
|upkeep
|turn|12
|
|t:|1760333227
|move|p2a: Umbreon|Dark Pulse|p1a: Pecharunt
|-supereffective|p1a: Pecharunt
|-damage|p1a: Pecharunt|0 fnt
|faint|p1a: Pecharunt
|
|-heal|p2a: Umbreon|94/100|[from] item: Leftovers
|upkeep
|
|t:|1760333233
|switch|p1a: Registeel|Registeel|60/100
|turn|13
|
|t:|1760333238
|-terastallize|p2a: Umbreon|Ghost
|move|p2a: Umbreon|Flamethrower|p1a: Registeel
|-supereffective|p1a: Registeel
|-damage|p1a: Registeel|29/100
|move|p1a: Registeel|Body Press|p2a: Umbreon
|-immune|p2a: Umbreon
|
|-heal|p2a: Umbreon|100/100|[from] item: Leftovers
|upkeep
|turn|14
|
|t:|1760333246
|move|p2a: Umbreon|Flamethrower|p1a: Registeel
|-supereffective|p1a: Registeel
|-damage|p1a: Registeel|0 fnt
|faint|p1a: Registeel
|
|upkeep
|
|t:|1760333251
|switch|p1a: Dragapult|Dragapult, M|100/100
|turn|15
|
|t:|1760333268
|-terastallize|p1a: Dragapult|Ground
|move|p1a: Dragapult|Tera Blast|p2a: Umbreon|[anim] Tera Blast Ground
|-damage|p2a: Umbreon|0 fnt
|replace|p2a: Zoroark|Zoroark, F
|-end|p2a: Zoroark|Illusion
|faint|p2a: Zoroark
|
|upkeep
|
|t:|1760333298
|switch|p2a: Umbreon|Umbreon, F, shiny|100/100
|-damage|p2a: Umbreon|88/100|[from] Stealth Rock
|-damage|p2a: Umbreon|76/100|[from] Spikes
|turn|16
|
|t:|1760333303
|move|p1a: Dragapult|Tera Blast|p2a: Umbreon|[anim] Tera Blast Ground
|-damage|p2a: Umbreon|47/100
|move|p2a: Umbreon|Toxic|p1a: Dragapult
|-status|p1a: Dragapult|tox
|
|-heal|p2a: Umbreon|54/100|[from] item: Leftovers
|-damage|p1a: Dragapult|95/100 tox|[from] psn
|upkeep
|turn|17
|
|t:|1760333312
|move|p1a: Dragapult|Tera Blast|p2a: Umbreon|[anim] Tera Blast Ground
|-damage|p2a: Umbreon|24/100
|move|p2a: Umbreon|Light Screen|p2a: Umbreon
|-sidestart|p2: mohumohumoo|move: Light Screen
|
|-heal|p2a: Umbreon|30/100|[from] item: Leftovers
|-damage|p1a: Dragapult|83/100 tox|[from] psn
|upkeep
|turn|18
|
|t:|1760333319
|move|p1a: Dragapult|Tera Blast|p2a: Umbreon|[anim] Tera Blast Ground
|-damage|p2a: Umbreon|4/100
|move|p2a: Umbreon|Wish|p2a: Umbreon
|
|-heal|p2a: Umbreon|10/100|[from] item: Leftovers
|-damage|p1a: Dragapult|65/100 tox|[from] psn
|upkeep
|turn|19
|
|t:|1760333327
|switch|p2a: Kingambit|Kingambit, F|82/100
|-damage|p2a: Kingambit|76/100|[from] Stealth Rock
|-damage|p2a: Kingambit|63/100|[from] Spikes
|-activate|p2a: Kingambit|ability: Supreme Overlord
|-start|p2a: Kingambit|fallen3|[silent]
|move|p1a: Dragapult|Tera Blast|p2a: Kingambit|[anim] Tera Blast Ground
|-supereffective|p2a: Kingambit
|-damage|p2a: Kingambit|0 fnt
|faint|p2a: Kingambit
|-end|p2a: Kingambit|fallen3|[silent]
|
|-damage|p1a: Dragapult|41/100 tox|[from] psn
|upkeep
|
|t:|1760333340
|switch|p2a: Greninja|Greninja, M, shiny|66/100
|-damage|p2a: Greninja|54/100|[from] Stealth Rock
|-damage|p2a: Greninja|42/100|[from] Spikes
|turn|20
|
|t:|1760333345
|move|p1a: Dragapult|Tera Blast|p2a: Greninja|[anim] Tera Blast Ground
|-damage|p2a: Greninja|0 fnt
|faint|p2a: Greninja
|
|-damage|p1a: Dragapult|11/100 tox|[from] psn
|upkeep
|
|t:|1760333350
|switch|p2a: Umbreon|Umbreon, F, shiny|10/100
|-damage|p2a: Umbreon|0 fnt|[from] Stealth Rock
|faint|p2a: Umbreon
|
|win|splishsplish12
|raw|splishsplish12's rating: 1065 &rarr; <strong>1096</strong><br />(+31 for winning)
|raw|mohumohumoo's rating: 1075 &rarr; <strong>1053</strong><br />(-22 for losing)
|l|☆mohumohumoo
|player|p2|
|l|☆splishsplish12
|player|p1|
