|j|☆wonderfulmasterog
|j|☆RhesusPositif
|t:|1760325864
|gametype|singles
|player|p1|wonderfulmasterog|psychic|1129
|player|p2|RhesusPositif|larry|1099
|gen|9
|tier|[Gen 9] OU
|rated|
|rule|HP Percentage Mod: HP is shown in percentages
|rule|Endless Battle Clause: Forcing endless battles is banned
|rule|Species Clause: Limit one of each Pokémon
|rule|OHKO Clause: OHKO moves are banned
|rule|Evasion Items Clause: Evasion items are banned
|rule|Evasion Moves Clause: Evasion moves are banned
|rule|Evasion Abilities Clause: Evasion abilities are banned
|rule|Sleep Moves Clause: Sleep-inducing moves are banned
|clearpoke
|poke|p1|Dunsparce, M|
|poke|p1|Jirachi|
|poke|p1|Feraligatr, M|
|poke|p1|Garganacl, M|
|poke|p1|Deoxys-Speed|
|poke|p1|Alomomola, F|
|poke|p2|Landorus-Therian, M|
|poke|p2|Tyranitar, M|
|poke|p2|Excadrill, M|
|poke|p2|Hatterene, F|
|poke|p2|Ogerpon-Wellspring, F|
|poke|p2|Dragapult, M|
|teampreview
|inactive|Battle timer is ON: inactive players will automatically lose when time's up. (requested by wonderfulmasterog)
|
|t:|1760325869
|teamsize|p1|6
|teamsize|p2|6
|start
|switch|p1a: Deoxys|Deoxys-Speed|100/100
|switch|p2a: Dragapult|Dragapult, M|100/100
|-ability|p1a: Deoxys|Pressure
|turn|1
|
|t:|1760325875
|switch|p2a: Hatterene|Hatterene, F|100/100
|move|p1a: Deoxys|Trick|p2a: Hatterene
|-activate|p1a: Deoxys|move: Trick|[of] p2a: Hatterene
|-item|p2a: Hatterene|Choice Band|[from] move: Trick
|-item|p1a: Deoxys|Assault Vest|[from] move: Trick
|
|upkeep
|turn|2
|
|t:|1760325894
|switch|p2a: Dragapult|Dragapult, M|100/100
|move|p1a: Deoxys|Night Shade|p2a: Dragapult
|-damage|p2a: Dragapult|69/100
|
|-heal|p2a: Dragapult|75/100|[from] item: Leftovers
|upkeep
|turn|3
|
|t:|1760325902
|move|p1a: Deoxys|Knock Off|p2a: Dragapult
|-supereffective|p2a: Dragapult
|-damage|p2a: Dragapult|12/100
|-enditem|p2a: Dragapult|Leftovers|[from] move: Knock Off|[of] p1a: Deoxys
|move|p2a: Dragapult|Substitute|p2a: Dragapult
|-fail|p2a: Dragapult|move: Substitute|[weak]
|
|upkeep
|turn|4
|
|t:|1760325909
|move|p1a: Deoxys|Knock Off|p2a: Dragapult
|-supereffective|p2a: Dragapult
|-damage|p2a: Dragapult|0 fnt
|faint|p2a: Dragapult
|
|upkeep
|
|t:|1760325915
|switch|p2a: Tyranitar|Tyranitar, M|100/100
|-weather|Sandstorm|[from] ability: Sand Stream|[of] p2a: Tyranitar
|turn|5
|
|t:|1760325919
|switch|p2a: Landorus|Landorus-Therian, M|100/100
|-ability|p2a: Landorus|Intimidate|boost
|-unboost|p1a: Deoxys|atk|1
|move|p1a: Deoxys|Knock Off|p2a: Landorus
|-damage|p2a: Landorus|83/100
|-enditem|p2a: Landorus|Eject Button|[from] move: Knock Off|[of] p1a: Deoxys
|
|-weather|Sandstorm|[upkeep]
|-damage|p1a: Deoxys|95/100|[from] Sandstorm
|upkeep
|turn|6
|
|t:|1760325930
|move|p1a: Deoxys|Night Shade|p2a: Landorus
|-damage|p2a: Landorus|52/100
|move|p2a: Landorus|Gravity|p2a: Landorus
|-fieldstart|move: Gravity
|
|-weather|Sandstorm|[upkeep]
|-damage|p1a: Deoxys|89/100|[from] Sandstorm
|upkeep
|turn|7
|
|t:|1760325936
|switch|p2a: Excadrill|Excadrill, M|100/100
|move|p1a: Deoxys|Night Shade|p2a: Excadrill
|-damage|p2a: Excadrill|73/100
|
|-weather|Sandstorm|[upkeep]
|-damage|p1a: Deoxys|83/100|[from] Sandstorm
|upkeep
|turn|8
|
|t:|1760325942
|-terastallize|p2a: Excadrill|Ground
|move|p2a: Excadrill|Earthquake|p1a: Deoxys
|-damage|p1a: Deoxys|0 fnt
|faint|p1a: Deoxys
|
|-weather|Sandstorm|[upkeep]
|upkeep
|
|t:|1760325953
|switch|p1a: Feraligatr|Feraligatr, M, shiny|100/100
|turn|9
|
|t:|1760325956
|move|p2a: Excadrill|Earthquake|p1a: Feraligatr
|-damage|p1a: Feraligatr|0 fnt
|faint|p1a: Feraligatr
|
|-weather|Sandstorm|[upkeep]
|upkeep
|
|t:|1760325963
|switch|p1a: Dunsparce|Dunsparce, M, shiny|100/100
|turn|10
|
|t:|1760325966
|move|p2a: Excadrill|Earthquake|p1a: Dunsparce
|-damage|p1a: Dunsparce|16/100
|move|p1a: Dunsparce|Coil|p1a: Dunsparce
|-boost|p1a: Dunsparce|atk|1
|-boost|p1a: Dunsparce|def|1
|-boost|p1a: Dunsparce|accuracy|1
|
|-weather|Sandstorm|[upkeep]
|-damage|p1a: Dunsparce|10/100|[from] Sandstorm
|-fieldend|move: Gravity
|upkeep
|turn|11
|
|t:|1760325974
|move|p2a: Excadrill|Earthquake|p1a: Dunsparce
|-damage|p1a: Dunsparce|0 fnt
|faint|p1a: Dunsparce
|
|-weather|Sandstorm|[upkeep]
|upkeep
|
|t:|1760325979
|switch|p1a: Garganacl|Garganacl, M, shiny|100/100
|turn|12
|
|t:|1760325984
|-terastallize|p1a: Garganacl|Ghost
|move|p2a: Excadrill|Earthquake|p1a: Garganacl
|-crit|p1a: Garganacl
|-damage|p1a: Garganacl|0 fnt
|faint|p1a: Garganacl
|
|-weather|none
|upkeep
|-message|wonderfulmasterog forfeited.
|
|win|RhesusPositif
|raw|wonderfulmasterog's rating: 1129 &rarr; <strong>1102</strong><br />(-27 for losing)
|raw|RhesusPositif's rating: 1099 &rarr; <strong>1126</strong><br />(+27 for winning)
|l|☆wonderfulmasterog
|player|p1|
