|j|☆Cassasse
|j|☆Asazizi
|t:|1760330747
|gametype|singles
|player|p1|Cassasse|pilot|1120
|player|p2|Asazizi|101|1122
|gen|9
|tier|[Gen 9] OU
|rated|
|rule|HP Percentage Mod: HP is shown in percentages
|rule|Endless Battle Clause: Forcing endless battles is banned
|rule|Species Clause: Limit one of each Pokémon
|rule|OHKO Clause: OHKO moves are banned
|rule|Evasion Items Clause: Evasion items are banned
|rule|Evasion Moves Clause: Evasion moves are banned
|rule|Evasion Abilities Clause: Evasion abilities are banned
|rule|Sleep Moves Clause: Sleep-inducing moves are banned
|clearpoke
|poke|p1|Quaquaval, F|
|poke|p1|Hydrapple, M|
|poke|p1|Moltres|
|poke|p1|Great Tusk|
|poke|p1|Kingambit, M|
|poke|p1|Tinkaton, F|
|poke|p2|Dragapult, F|
|poke|p2|Dragonite, F|
|poke|p2|Inteleon, M|
|poke|p2|Arcanine, M|
|poke|p2|Espeon, F|
|poke|p2|Ceruledge, F|
|teampreview
|inactive|Battle timer is ON: inactive players will automatically lose when time's up. (requested by Cassasse)
|
|t:|1760330751
|teamsize|p1|6
|teamsize|p2|6
|start
|switch|p1a: Tinkaton|Tinkaton, F|100/100
|switch|p2a: Dragapult|Dragapult, F|100/100
|-item|p1a: Tinkaton|Air Balloon
|turn|1
|
|t:|1760330764
|switch|p2a: Arcanine|Arcanine, M|100/100
|-ability|p2a: Arcanine|Intimidate|boost
|-unboost|p1a: Tinkaton|atk|1
|move|p1a: Tinkaton|Thunder Wave|p2a: Arcanine
|-status|p2a: Arcanine|par
|
|upkeep
|turn|2
|
|t:|1760330777
|switch|p1a: Great Tusk|Great Tusk|100/100
|move|p2a: Arcanine|Fire Blast|p1a: Great Tusk
|-damage|p1a: Great Tusk|39/100
|
|upkeep
|turn|3
|
|t:|1760330794
|move|p1a: Great Tusk|Headlong Rush|p2a: Arcanine
|-supereffective|p2a: Arcanine
|-damage|p2a: Arcanine|0 fnt
|-unboost|p1a: Great Tusk|def|1
|-unboost|p1a: Great Tusk|spd|1
|faint|p2a: Arcanine
|
|upkeep
|
|t:|1760330801
|switch|p2a: Ceruledge|Ceruledge, F|100/100
|turn|4
|
|t:|1760330809
|move|p1a: Great Tusk|Headlong Rush|p2a: Ceruledge
|-supereffective|p2a: Ceruledge
|-damage|p2a: Ceruledge|0 fnt
|-unboost|p1a: Great Tusk|def|1
|-unboost|p1a: Great Tusk|spd|1
|faint|p2a: Ceruledge
|
|upkeep
|
|t:|1760330818
|switch|p2a: Inteleon|Inteleon, M|100/100
|turn|5
|
|t:|1760330824
|-end|p1a: Great Tusk|Protosynthesis|[silent]
|switch|p1a: Tinkaton|Tinkaton, F|100/100
|-item|p1a: Tinkaton|Air Balloon
|move|p2a: Inteleon|Hydro Pump|p1a: Tinkaton
|-damage|p1a: Tinkaton|53/100
|-enditem|p1a: Tinkaton|Air Balloon
|
|upkeep
|turn|6
|
|t:|1760330835
|move|p1a: Tinkaton|Gigaton Hammer|p2a: Inteleon
|-resisted|p2a: Inteleon
|-damage|p2a: Inteleon|71/100
|move|p2a: Inteleon|Hydro Pump|p1a: Tinkaton|[miss]
|-miss|p2a: Inteleon|p1a: Tinkaton
|
|-heal|p2a: Inteleon|77/100|[from] item: Leftovers
|upkeep
|turn|7
|
|t:|1760330846
|move|p1a: Tinkaton|Stealth Rock|p2a: Inteleon
|-sidestart|p2: Asazizi|move: Stealth Rock
|move|p2a: Inteleon|Hydro Pump|p1a: Tinkaton
|-damage|p1a: Tinkaton|12/100
|
|-heal|p2a: Inteleon|83/100|[from] item: Leftovers
|upkeep
|turn|8
|
|t:|1760330854
|switch|p1a: Hydrapple|Hydrapple, M|100/100
|move|p2a: Inteleon|Hydro Pump|p1a: Hydrapple
|-resisted|p1a: Hydrapple
|-damage|p1a: Hydrapple|88/100
|
|-heal|p2a: Inteleon|89/100|[from] item: Leftovers
|upkeep
|turn|9
|
|t:|1760330863
|move|p2a: Inteleon|Ice Beam|p1a: Hydrapple
|-supereffective|p1a: Hydrapple
|-damage|p1a: Hydrapple|0 fnt
|faint|p1a: Hydrapple
|
|-heal|p2a: Inteleon|95/100|[from] item: Leftovers
|upkeep
|
|t:|1760330886
|switch|p1a: Kingambit|Kingambit, M|100/100
|-activate|p1a: Kingambit|ability: Supreme Overlord
|-start|p1a: Kingambit|fallen1|[silent]
|turn|10
|
|t:|1760330895
|move|p2a: Inteleon|Hydro Pump|p1a: Kingambit|[miss]
|-miss|p2a: Inteleon|p1a: Kingambit
|move|p1a: Kingambit|Kowtow Cleave|p2a: Inteleon
|-damage|p2a: Inteleon|19/100
|
|-heal|p2a: Inteleon|25/100|[from] item: Leftovers
|upkeep
|turn|11
|
|t:|1760330905
|move|p2a: Inteleon|Reflect|p2a: Inteleon
|-sidestart|p2: Asazizi|Reflect
|move|p1a: Kingambit|Kowtow Cleave|p2a: Inteleon
|-crit|p2a: Inteleon
|-damage|p2a: Inteleon|0 fnt
|faint|p2a: Inteleon
|
|upkeep
|
|t:|1760330916
|switch|p2a: Dragapult|Dragapult, F|100/100
|-damage|p2a: Dragapult|88/100|[from] Stealth Rock
|turn|12
|-message|Asazizi forfeited.
|
|win|Cassasse
|raw|Cassasse's rating: 1120 &rarr; <strong>1145</strong><br />(+25 for winning)
|raw|Asazizi's rating: 1122 &rarr; <strong>1097</strong><br />(-25 for losing)
|l|☆Asazizi
|player|p2|
|l|☆Cassasse
|player|p1|
