|j|☆mudkipfannumber1
|j|☆Ozymandias89
|t:|1760372594
|gametype|singles
|player|p1|mudkipfannumber1|striker|1156
|player|p2|Ozymandias89|pokemonranger-gen4|1124
|gen|9
|tier|[Gen 9] OU
|rated|
|rule|HP Percentage Mod: HP is shown in percentages
|rule|Endless Battle Clause: Forcing endless battles is banned
|rule|Species Clause: Limit one of each Pokémon
|rule|OHKO Clause: OHKO moves are banned
|rule|Evasion Items Clause: Evasion items are banned
|rule|Evasion Moves Clause: Evasion moves are banned
|rule|Evasion Abilities Clause: Evasion abilities are banned
|rule|Sleep Moves Clause: Sleep-inducing moves are banned
|clearpoke
|poke|p1|Drifblim, F|
|poke|p1|Scizor, M|
|poke|p1|Garganacl, M|
|poke|p1|Reuniclus, F|
|poke|p1|Florges-Blue, F|
|poke|p1|Weavile, F|
|poke|p2|Gliscor, F|
|poke|p2|Dragapult, M|
|poke|p2|Iron Valiant|
|poke|p2|Corviknight, M|
|poke|p2|Alomomola, F|
|poke|p2|Cinderace, M|
|teampreview
|inactive|Battle timer is ON: inactive players will automatically lose when time's up. (requested by mudkipfannumber1)
|
|t:|1760372604
|teamsize|p1|6
|teamsize|p2|6
|start
|switch|p1a: Drifblim|Drifblim, F|100/100
|switch|p2a: Alomomola|Alomomola, F|100/100
|turn|1
|
|t:|1760372611
|move|p1a: Drifblim|Will-O-Wisp|p2a: Alomomola
|-status|p2a: Alomomola|brn
|move|p2a: Alomomola|Scald|p1a: Drifblim
|-damage|p1a: Drifblim|85/100
|
|-damage|p2a: Alomomola|94/100 brn|[from] brn
|upkeep
|turn|2
|
|t:|1760372618
|move|p1a: Drifblim|Hex|p2a: Alomomola
|-damage|p2a: Alomomola|37/100 brn
|move|p2a: Alomomola|Scald|p1a: Drifblim
|-crit|p1a: Drifblim
|-damage|p1a: Drifblim|61/100
|
|-heal|p2a: Alomomola|43/100 brn|[from] item: Leftovers
|-damage|p2a: Alomomola|37/100 brn|[from] brn
|upkeep
|turn|3
|
|t:|1760372637
|switch|p2a: Gliscor|Gliscor, F|100/100
|move|p1a: Drifblim|Strength Sap|p2a: Gliscor
|-unboost|p2a: Gliscor|atk|1
|-heal|p1a: Drifblim|100/100
|
|-status|p2a: Gliscor|tox|[from] item: Toxic Orb
|upkeep
|turn|4
|
|t:|1760372652
|move|p2a: Gliscor|Knock Off|p1a: Drifblim
|-supereffective|p1a: Drifblim
|-damage|p1a: Drifblim|60/100
|-enditem|p1a: Drifblim|Sitrus Berry|[from] move: Knock Off|[of] p2a: Gliscor
|move|p1a: Drifblim|Hex|p2a: Gliscor
|-damage|p2a: Gliscor|43/100 tox
|
|-heal|p2a: Gliscor|55/100 tox|[from] ability: Poison Heal
|upkeep
|turn|5
|
|t:|1760372664
|switch|p2a: Cinderace|Cinderace, M|100/100
|move|p1a: Drifblim|Hex|p2a: Cinderace
|-damage|p2a: Cinderace|61/100
|
|upkeep
|turn|6
|
|t:|1760372673
|move|p1a: Drifblim|Strength Sap|p2a: Cinderace
|-unboost|p2a: Cinderace|atk|1
|-heal|p1a: Drifblim|100/100
|move|p2a: Cinderace|Pyro Ball|p1a: Drifblim
|-damage|p1a: Drifblim|32/100
|
|upkeep
|turn|7
|
|t:|1760372679
|move|p1a: Drifblim|Strength Sap|p2a: Cinderace
|-unboost|p2a: Cinderace|atk|1
|-heal|p1a: Drifblim|76/100
|move|p2a: Cinderace|Pyro Ball|p1a: Drifblim
|-damage|p1a: Drifblim|17/100
|
|upkeep
|turn|8
|
|t:|1760372687
|move|p1a: Drifblim|Air Slash|p2a: Cinderace
|-damage|p2a: Cinderace|18/100
|move|p2a: Cinderace|Pyro Ball|p1a: Drifblim
|-damage|p1a: Drifblim|0 fnt
|faint|p1a: Drifblim
|
|upkeep
|
|t:|1760372692
|switch|p1a: Weavile|Weavile, F|100/100
|-ability|p1a: Weavile|Pressure
|turn|9
|
|t:|1760372697
|switch|p2a: Alomomola|Alomomola, F|70/100 brn
|move|p1a: Weavile|Knock Off|p2a: Alomomola
|-damage|p2a: Alomomola|46/100 brn
|-enditem|p2a: Alomomola|Leftovers|[from] move: Knock Off|[of] p1a: Weavile
|
|-damage|p2a: Alomomola|40/100 brn|[from] brn
|upkeep
|turn|10
|
|t:|1760372705
|move|p1a: Weavile|Throat Chop|p2a: Alomomola
|-damage|p2a: Alomomola|20/100 brn
|-start|p2a: Alomomola|Throat Chop|[silent]
|move|p2a: Alomomola|Wish|p2a: Alomomola
|
|-damage|p2a: Alomomola|14/100 brn|[from] brn
|upkeep
|turn|11
|
|t:|1760372711
|move|p2a: Alomomola|Protect|p2a: Alomomola
|-singleturn|p2a: Alomomola|Protect
|move|p1a: Weavile|Knock Off|p2a: Alomomola
|-activate|p2a: Alomomola|move: Protect
|
|-heal|p2a: Alomomola|64/100 brn|[from] move: Wish|[wisher] Alomomola
|-damage|p2a: Alomomola|58/100 brn|[from] brn
|-end|p2a: Alomomola|Throat Chop|[silent]
|upkeep
|turn|12
|
|t:|1760372730
|switch|p1a: Reuniclus|Reuniclus, F, shiny|100/100
|move|p2a: Alomomola|Flip Turn|p1a: Reuniclus
|-damage|p1a: Reuniclus|93/100
|
|t:|1760372735
|switch|p2a: Dragapult|Dragapult, M|100/100|[from] Flip Turn
|
|upkeep
|turn|13
|
|t:|1760372742
|switch|p1a: Florges|Florges-Blue, F|100/100
|move|p2a: Dragapult|Shadow Ball|p1a: Florges
|-damage|p1a: Florges|69/100
|-enditem|p1a: Florges|Red Card|[of] p2a: Dragapult
|drag|p2a: Alomomola|Alomomola, F|91/100 brn
|
|-damage|p2a: Alomomola|85/100 brn|[from] brn
|upkeep
|turn|14
|
|t:|1760372751
|move|p1a: Florges|Calm Mind|p1a: Florges
|-boost|p1a: Florges|spa|1
|-boost|p1a: Florges|spd|1
|move|p2a: Alomomola|Scald|p1a: Florges
|-damage|p1a: Florges|64/100
|
|-damage|p2a: Alomomola|79/100 brn|[from] brn
|upkeep
|turn|15
|
|t:|1760372758
|move|p1a: Florges|Calm Mind|p1a: Florges
|-boost|p1a: Florges|spa|1
|-boost|p1a: Florges|spd|1
|move|p2a: Alomomola|Flip Turn|p1a: Florges
|-damage|p1a: Florges|53/100
|
|t:|1760372779
|switch|p2a: Cinderace|Cinderace, M|18/100|[from] Flip Turn
|
|upkeep
|turn|16
|
|t:|1760372783
|move|p2a: Cinderace|Pyro Ball|p1a: Florges
|-damage|p1a: Florges|0 fnt
|faint|p1a: Florges
|
|upkeep
|
|t:|1760372787
|switch|p1a: Reuniclus|Reuniclus, F, shiny|100/100
|turn|17
|
|t:|1760372796
|switch|p2a: Gliscor|Gliscor, F|55/100 tox
|move|p1a: Reuniclus|Psychic Noise|p2a: Gliscor
|-damage|p2a: Gliscor|4/100 tox
|-start|p2a: Gliscor|move: Heal Block
|
|upkeep
|turn|18
|
|t:|1760372811
|switch|p2a: Alomomola|Alomomola, F|100/100 brn
|move|p1a: Reuniclus|Psychic Noise|p2a: Alomomola
|-damage|p2a: Alomomola|53/100 brn
|-start|p2a: Alomomola|move: Heal Block
|
|-damage|p2a: Alomomola|46/100 brn|[from] brn
|upkeep
|turn|19
|
|t:|1760372828
|switch|p2a: Corviknight|Corviknight, M|100/100
|move|p1a: Reuniclus|Psychic|p2a: Corviknight
|-resisted|p2a: Corviknight
|-damage|p2a: Corviknight|78/100
|
|-heal|p2a: Corviknight|84/100|[from] item: Leftovers
|upkeep
|turn|20
|
|t:|1760372839
|move|p2a: Corviknight|Iron Head|p1a: Reuniclus
|-damage|p1a: Reuniclus|75/100
|move|p1a: Reuniclus|Psychic Noise|p2a: Corviknight
|-resisted|p2a: Corviknight
|-damage|p2a: Corviknight|63/100
|-start|p2a: Corviknight|move: Heal Block
|
|upkeep
|turn|21
|
|t:|1760372846
|move|p2a: Corviknight|Iron Head|p1a: Reuniclus
|-damage|p1a: Reuniclus|48/100
|cant|p1a: Reuniclus|flinch
|
|-end|p2a: Corviknight|move: Heal Block
|upkeep
|turn|22
|
|t:|1760372854
|move|p2a: Corviknight|Iron Head|p1a: Reuniclus
|-damage|p1a: Reuniclus|21/100
|cant|p1a: Reuniclus|flinch
|
|-heal|p2a: Corviknight|69/100|[from] item: Leftovers
|upkeep
|turn|23
|
|t:|1760372860
|move|p2a: Corviknight|U-turn|p1a: Reuniclus
|-supereffective|p1a: Reuniclus
|-damage|p1a: Reuniclus|0 fnt
|faint|p1a: Reuniclus
|
|t:|1760372867
|switch|p2a: Gliscor|Gliscor, F|4/100 tox|[from] U-turn
|
|-heal|p2a: Gliscor|17/100 tox|[from] ability: Poison Heal
|upkeep
|
|t:|1760372869
|switch|p1a: Scizor|Scizor, M|100/100
|turn|24
|
|t:|1760372874
|switch|p2a: Corviknight|Corviknight, M|69/100
|move|p1a: Scizor|Swords Dance|p1a: Scizor
|-boost|p1a: Scizor|atk|2
|
|-heal|p2a: Corviknight|76/100|[from] item: Leftovers
|upkeep
|turn|25
|
|t:|1760372883
|move|p2a: Corviknight|Iron Head|p1a: Scizor
|-resisted|p1a: Scizor
|-damage|p1a: Scizor|89/100
|move|p1a: Scizor|Knock Off|p2a: Corviknight
|-damage|p2a: Corviknight|16/100
|-enditem|p2a: Corviknight|Leftovers|[from] move: Knock Off|[of] p1a: Scizor
|-damage|p1a: Scizor|80/100|[from] item: Life Orb
|
|upkeep
|turn|26
|
|t:|1760372892
|move|p2a: Corviknight|Iron Head|p1a: Scizor
|-resisted|p1a: Scizor
|-damage|p1a: Scizor|67/100
|move|p1a: Scizor|Aerial Ace|p2a: Corviknight
|-resisted|p2a: Corviknight
|-damage|p2a: Corviknight|0 fnt
|faint|p2a: Corviknight
|-damage|p1a: Scizor|57/100|[from] item: Life Orb
|
|upkeep
|
|t:|1760372903
|switch|p2a: Alomomola|Alomomola, F|80/100 brn
|turn|27
|
|t:|1760372909
|move|p2a: Alomomola|Wish|p2a: Alomomola
|move|p1a: Scizor|Knock Off|p2a: Alomomola
|-damage|p2a: Alomomola|47/100 brn
|-damage|p1a: Scizor|48/100|[from] item: Life Orb
|
|-damage|p2a: Alomomola|40/100 brn|[from] brn
|upkeep
|turn|28
|
|t:|1760372919
|move|p2a: Alomomola|Scald|p1a: Scizor
|-damage|p1a: Scizor|28/100
|move|p1a: Scizor|Aerial Ace|p2a: Alomomola
|-damage|p2a: Alomomola|0 fnt
|faint|p2a: Alomomola
|-damage|p1a: Scizor|19/100|[from] item: Life Orb
|
|upkeep
|
|t:|1760372937
|switch|p2a: Gliscor|Gliscor, F|17/100 tox
|turn|29
|
|t:|1760372942
|move|p1a: Scizor|Bullet Punch|p2a: Gliscor
|-damage|p2a: Gliscor|0 fnt
|faint|p2a: Gliscor
|-damage|p1a: Scizor|9/100|[from] item: Life Orb
|
|upkeep
|
|t:|1760372947
|switch|p2a: Cinderace|Cinderace, M|18/100
|turn|30
|
|t:|1760372950
|move|p2a: Cinderace|Sucker Punch|p1a: Scizor
|-start|p2a: Cinderace|typechange|Dark|[from] ability: Libero
|-damage|p1a: Scizor|0 fnt
|faint|p1a: Scizor
|
|upkeep
|
|t:|1760372956
|switch|p1a: Garganacl|Garganacl, M|100/100
|turn|31
|
|t:|1760372960
|switch|p2a: Dragapult|Dragapult, M|100/100
|move|p1a: Garganacl|Iron Defense|p1a: Garganacl
|-boost|p1a: Garganacl|def|2
|
|upkeep
|turn|32
|
|t:|1760372966
|move|p2a: Dragapult|Hydro Pump|p1a: Garganacl
|-supereffective|p1a: Garganacl
|-damage|p1a: Garganacl|4/100
|move|p1a: Garganacl|Salt Cure|p2a: Dragapult
|-damage|p2a: Dragapult|78/100
|-start|p2a: Dragapult|Salt Cure
|
|-heal|p1a: Garganacl|10/100|[from] item: Leftovers
|-damage|p2a: Dragapult|65/100|[from] Salt Cure
|upkeep
|turn|33
|
|t:|1760372976
|-terastallize|p1a: Garganacl|Fighting
|move|p2a: Dragapult|Hydro Pump|p1a: Garganacl
|-damage|p1a: Garganacl|0 fnt
|faint|p1a: Garganacl
|
|-damage|p2a: Dragapult|53/100|[from] Salt Cure
|upkeep
|
|t:|1760372978
|switch|p1a: Weavile|Weavile, F|100/100
|-ability|p1a: Weavile|Pressure
|turn|34
|
|t:|1760372987
|move|p2a: Dragapult|Hydro Pump|p1a: Weavile
|-damage|p1a: Weavile|55/100
|move|p1a: Weavile|Knock Off|p2a: Dragapult
|-supereffective|p2a: Dragapult
|-damage|p2a: Dragapult|0 fnt
|-enditem|p2a: Dragapult|Choice Specs|[from] move: Knock Off|[of] p1a: Weavile
|faint|p2a: Dragapult
|
|upkeep
|
|t:|1760372994
|switch|p2a: Iron Valiant|Iron Valiant|100/100
|-enditem|p2a: Iron Valiant|Booster Energy
|-activate|p2a: Iron Valiant|ability: Quark Drive|[fromitem]
|-start|p2a: Iron Valiant|quarkdrivespe
|turn|35
|
|t:|1760373001
|move|p2a: Iron Valiant|Aura Sphere|p1a: Weavile
|-supereffective|p1a: Weavile
|-damage|p1a: Weavile|0 fnt
|faint|p1a: Weavile
|
|win|Ozymandias89
|raw|mudkipfannumber1's rating: 1156 &rarr; <strong>1129</strong><br />(-27 for losing)
|raw|Ozymandias89's rating: 1124 &rarr; <strong>1151</strong><br />(+27 for winning)
|l|☆mudkipfannumber1
|player|p1|
|l|☆Ozymandias89
|player|p2|
