|j|☆cr aries
|j|☆spudcutter
|t:|1760441768
|gametype|singles
|player|p1|cr aries|169|1636
|player|p2|spudcutter|ghetsis-gen5bw|1667
|gen|9
|tier|[Gen 9] OU
|rated|
|rule|HP Percentage Mod: HP is shown in percentages
|rule|Endless Battle Clause: Forcing endless battles is banned
|rule|Species Clause: Limit one of each Pokémon
|rule|OHKO Clause: OHKO moves are banned
|rule|Evasion Items Clause: Evasion items are banned
|rule|Evasion Moves Clause: Evasion moves are banned
|rule|Evasion Abilities Clause: Evasion abilities are banned
|rule|Sleep Moves Clause: Sleep-inducing moves are banned
|clearpoke
|poke|p1|Weavile, F|
|poke|p1|Gholdengo|
|poke|p1|Slowking-Galar, F|
|poke|p1|Corviknight, M|
|poke|p1|Sandy Shocks|
|poke|p1|Heatran, F|
|poke|p2|Kingambit, M|
|poke|p2|Dragapult, F|
|poke|p2|Great Tusk|
|poke|p2|Slowking-Galar, M|
|poke|p2|Darkrai|
|poke|p2|Dondozo, M|
|teampreview
|inactive|Battle timer is ON: inactive players will automatically lose when time's up. (requested by spudcutter)
|
|t:|1760441781
|teamsize|p1|6
|teamsize|p2|6
|start
|switch|p1a: Slowking|Slowking-Galar, F|100/100
|switch|p2a: Slowking|Slowking-Galar, M|100/100
|turn|1
|
|t:|1760441787
|move|p1a: Slowking|Toxic Spikes|p2a: Slowking
|-sidestart|p2: spudcutter|move: Toxic Spikes
|move|p2a: Slowking|Psyshock|p1a: Slowking
|-damage|p1a: Slowking|54/100
|
|upkeep
|turn|2
|
|t:|1760441791
|switch|p2a: Kingambit|Kingambit, M|100/100
|-prepare|p1a: Slowking|Chilly Reception|[premajor]
|move|p1a: Slowking|Chilly Reception|p1a: Slowking
|-weather|Snowscape
|
|t:|1760441794
|switch|p1a: Heatran|Heatran, F|100/100|[from] Chilly Reception
|
|-weather|Snowscape|[upkeep]
|upkeep
|turn|3
|
|t:|1760441798
|switch|p2a: Slowking|Slowking-Galar, M|100/100
|-sideend|p2: spudcutter|move: Toxic Spikes|[of] p2a: Slowking
|move|p1a: Heatran|Magma Storm|p2a: Slowking|[miss]
|-miss|p1a: Heatran|p2a: Slowking
|
|-weather|Snowscape|[upkeep]
|upkeep
|turn|4
|
|t:|1760441803
|switch|p2a: Great Tusk|Great Tusk|100/100
|move|p1a: Heatran|Taunt|p2a: Great Tusk
|-start|p2a: Great Tusk|move: Taunt
|
|-weather|Snowscape|[upkeep]
|upkeep
|turn|5
|
|t:|1760441806
|switch|p1a: Corviknight|Corviknight, M|100/100
|-ability|p1a: Corviknight|Pressure
|move|p2a: Great Tusk|Headlong Rush|p1a: Corviknight
|-immune|p1a: Corviknight
|
|-weather|Snowscape|[upkeep]
|upkeep
|turn|6
|
|t:|1760441809
|move|p2a: Great Tusk|Temper Flare|p1a: Corviknight
|-supereffective|p1a: Corviknight
|-damage|p1a: Corviknight|36/100
|-damage|p2a: Great Tusk|84/100|[from] item: Rocky Helmet|[of] p1a: Corviknight
|move|p1a: Corviknight|Brave Bird|p2a: Great Tusk
|-supereffective|p2a: Great Tusk
|-damage|p2a: Great Tusk|29/100
|-damage|p1a: Corviknight|19/100|[from] Recoil
|
|-weather|none
|-heal|p2a: Great Tusk|35/100|[from] item: Leftovers
|-end|p2a: Great Tusk|move: Taunt
|upkeep
|turn|7
|
|t:|1760441813
|move|p2a: Great Tusk|Temper Flare|p1a: Corviknight
|-supereffective|p1a: Corviknight
|-damage|p1a: Corviknight|0 fnt
|-damage|p2a: Great Tusk|18/100|[from] item: Rocky Helmet|[of] p1a: Corviknight
|faint|p1a: Corviknight
|
|-heal|p2a: Great Tusk|24/100|[from] item: Leftovers
|upkeep
|
|t:|1760441816
|switch|p1a: Weavile|Weavile, F|100/100
|turn|8
|
|t:|1760441818
|-end|p2a: Great Tusk|Protosynthesis|[silent]
|switch|p2a: Dondozo|Dondozo, M|100/100
|move|p1a: Weavile|Triple Axel|p2a: Dondozo|[miss]
|-miss|p1a: Weavile|p2a: Dondozo
|
|upkeep
|turn|9
|
|t:|1760441822
|move|p1a: Weavile|Knock Off|p2a: Dondozo
|-damage|p2a: Dondozo|78/100
|-damage|p1a: Weavile|84/100|[from] item: Rocky Helmet|[of] p2a: Dondozo
|-enditem|p2a: Dondozo|Rocky Helmet|[from] move: Knock Off|[of] p1a: Weavile
|move|p2a: Dondozo|Waterfall|p1a: Weavile
|-damage|p1a: Weavile|34/100
|
|upkeep
|turn|10
|
|t:|1760441826
|switch|p1a: Slowking|Slowking-Galar, F|87/100
|move|p2a: Dondozo|Waterfall|p1a: Slowking
|-damage|p1a: Slowking|56/100
|
|upkeep
|turn|11
|
|t:|1760441831
|switch|p2a: Darkrai|Darkrai|100/100
|move|p1a: Slowking|Sludge Bomb|p2a: Darkrai
|-damage|p2a: Darkrai|59/100
|
|-heal|p2a: Darkrai|65/100|[from] item: Leftovers
|upkeep
|turn|12
|
|t:|1760441838
|move|p2a: Darkrai|Nasty Plot|p2a: Darkrai
|-boost|p2a: Darkrai|spa|2
|move|p1a: Slowking|Sludge Bomb|p2a: Darkrai
|-damage|p2a: Darkrai|23/100
|-status|p2a: Darkrai|psn
|
|-heal|p2a: Darkrai|29/100 psn|[from] item: Leftovers
|-damage|p2a: Darkrai|17/100 psn|[from] psn
|upkeep
|turn|13
|
|t:|1760441849
|move|p2a: Darkrai|Dark Pulse|p1a: Slowking
|-supereffective|p1a: Slowking
|-damage|p1a: Slowking|0 fnt
|faint|p1a: Slowking
|
|-heal|p2a: Darkrai|23/100 psn|[from] item: Leftovers
|-damage|p2a: Darkrai|10/100 psn|[from] psn
|upkeep
|
|t:|1760441851
|switch|p1a: Weavile|Weavile, F|34/100
|turn|14
|
|t:|1760441855
|switch|p2a: Dondozo|Dondozo, M|78/100
|move|p1a: Weavile|Ice Shard|p2a: Dondozo
|-resisted|p2a: Dondozo
|-damage|p2a: Dondozo|74/100
|
|upkeep
|turn|15
|
|t:|1760441863
|switch|p1a: Gholdengo|Gholdengo|100/100
|move|p2a: Dondozo|Waterfall|p1a: Gholdengo
|-damage|p1a: Gholdengo|81/100
|
|upkeep
|turn|16
|
|t:|1760441869
|switch|p2a: Slowking|Slowking-Galar, M|100/100
|move|p1a: Gholdengo|Nasty Plot|p1a: Gholdengo
|-boost|p1a: Gholdengo|spa|2
|
|upkeep
|turn|17
|
|t:|1760441871
|move|p1a: Gholdengo|Shadow Ball|p2a: Slowking
|-supereffective|p2a: Slowking
|-damage|p2a: Slowking|24/100
|move|p2a: Slowking|Flamethrower|p1a: Gholdengo
|-supereffective|p1a: Gholdengo
|-damage|p1a: Gholdengo|18/100
|
|upkeep
|turn|18
|
|t:|1760441880
|move|p1a: Gholdengo|Shadow Ball|p2a: Slowking
|-supereffective|p2a: Slowking
|-damage|p2a: Slowking|0 fnt
|faint|p2a: Slowking
|
|upkeep
|
|t:|1760441881
|switch|p2a: Great Tusk|Great Tusk|24/100
|turn|19
|
|t:|1760441888
|switch|p1a: Heatran|Heatran, F|100/100
|move|p2a: Great Tusk|Headlong Rush|p1a: Heatran
|-supereffective|p1a: Heatran
|-damage|p1a: Heatran|0 fnt
|-unboost|p2a: Great Tusk|def|1
|-unboost|p2a: Great Tusk|spd|1
|faint|p1a: Heatran
|
|-heal|p2a: Great Tusk|31/100|[from] item: Leftovers
|upkeep
|
|t:|1760441890
|switch|p1a: Weavile|Weavile, F|34/100
|turn|20
|
|t:|1760441894
|switch|p1a: Gholdengo|Gholdengo|18/100
|-end|p2a: Great Tusk|Protosynthesis|[silent]
|switch|p2a: Dondozo|Dondozo, M|74/100
|
|upkeep
|turn|21
|
|t:|1760441897
|switch|p2a: Kingambit|Kingambit, M|100/100
|move|p1a: Gholdengo|Recover|p1a: Gholdengo
|-heal|p1a: Gholdengo|68/100
|
|upkeep
|turn|22
|
|t:|1760441904
|-terastallize|p1a: Gholdengo|Fighting
|move|p1a: Gholdengo|Recover|p1a: Gholdengo
|-heal|p1a: Gholdengo|100/100
|move|p2a: Kingambit|Kowtow Cleave|p1a: Gholdengo
|-resisted|p1a: Gholdengo
|-damage|p1a: Gholdengo|83/100
|
|upkeep
|turn|23
|
|t:|1760441908
|move|p1a: Gholdengo|Tera Blast|p2a: Kingambit|[anim] Tera Blast Fighting
|-supereffective|p2a: Kingambit
|-damage|p2a: Kingambit|0 fnt
|faint|p2a: Kingambit
|
|upkeep
|
|t:|1760441911
|switch|p2a: Darkrai|Darkrai|10/100 psn
|turn|24
|
|t:|1760441918
|switch|p1a: Weavile|Weavile, F|34/100
|move|p2a: Darkrai|Sludge Bomb|p1a: Weavile
|-damage|p1a: Weavile|0 fnt
|faint|p1a: Weavile
|
|-heal|p2a: Darkrai|16/100 psn|[from] item: Leftovers
|-damage|p2a: Darkrai|4/100 psn|[from] psn
|upkeep
|
|t:|1760441920
|switch|p1a: Gholdengo|Gholdengo, tera:Fighting|83/100
|turn|25
|
|t:|1760441923
|move|p2a: Darkrai|Sludge Bomb|p1a: Gholdengo
|-damage|p1a: Gholdengo|53/100
|move|p1a: Gholdengo|Recover|p1a: Gholdengo
|-heal|p1a: Gholdengo|100/100
|
|-heal|p2a: Darkrai|10/100 psn|[from] item: Leftovers
|-damage|p2a: Darkrai|0 fnt|[from] psn
|faint|p2a: Darkrai
|upkeep
|
|t:|1760441929
|switch|p2a: Dragapult|Dragapult, F|100/100
|turn|26
|
|t:|1760441941
|-terastallize|p2a: Dragapult|Dragon
|move|p2a: Dragapult|Dragon Darts|p1a: Gholdengo
|-damage|p1a: Gholdengo|80/100
|-anim|p2a: Dragapult|Dragon Darts|p1a: Gholdengo
|-damage|p1a: Gholdengo|59/100
|move|p1a: Gholdengo|Shadow Ball|p2a: Dragapult
|-crit|p2a: Dragapult
|-damage|p2a: Dragapult|29/100
|
|upkeep
|turn|27
|
|t:|1760441946
|move|p2a: Dragapult|U-turn|p1a: Gholdengo
|-resisted|p1a: Gholdengo
|-damage|p1a: Gholdengo|52/100
|
|t:|1760441948
|switch|p2a: Great Tusk|Great Tusk|31/100|[from] U-turn
|move|p1a: Gholdengo|Recover|p1a: Gholdengo
|-heal|p1a: Gholdengo|100/100
|
|-heal|p2a: Great Tusk|37/100|[from] item: Leftovers
|upkeep
|turn|28
|
|t:|1760441954
|move|p2a: Great Tusk|Headlong Rush|p1a: Gholdengo
|-crit|p1a: Gholdengo
|-damage|p1a: Gholdengo|32/100
|-unboost|p2a: Great Tusk|def|1
|-unboost|p2a: Great Tusk|spd|1
|move|p1a: Gholdengo|Shadow Ball|p2a: Great Tusk
|-crit|p2a: Great Tusk
|-damage|p2a: Great Tusk|0 fnt
|faint|p2a: Great Tusk
|-end|p2a: Great Tusk|Protosynthesis|[silent]
|
|upkeep
|
|t:|1760441957
|switch|p2a: Dragapult|Dragapult, F, tera:Dragon|29/100
|turn|29
|
|t:|1760441962
|move|p2a: Dragapult|Dragon Darts|p1a: Gholdengo
|-damage|p1a: Gholdengo|12/100
|-anim|p2a: Dragapult|Dragon Darts|p1a: Gholdengo
|-damage|p1a: Gholdengo|0 fnt
|faint|p1a: Gholdengo
|
|upkeep
|
|t:|1760441964
|switch|p1a: Sandy Shocks|Sandy Shocks|100/100
|-enditem|p1a: Sandy Shocks|Booster Energy
|-activate|p1a: Sandy Shocks|ability: Protosynthesis|[fromitem]
|-start|p1a: Sandy Shocks|protosynthesisspe
|turn|30
|
|t:|1760441966
|move|p1a: Sandy Shocks|Earth Power|p2a: Dragapult
|-damage|p2a: Dragapult|0 fnt
|faint|p2a: Dragapult
|
|upkeep
|
|t:|1760441968
|switch|p2a: Dondozo|Dondozo, M|74/100
|turn|31
|
|t:|1760441969
|move|p1a: Sandy Shocks|Thunderbolt|p2a: Dondozo
|-supereffective|p2a: Dondozo
|-crit|p2a: Dondozo
|-damage|p2a: Dondozo|0 fnt
|faint|p2a: Dondozo
|
|win|cr aries
|raw|cr aries's rating: 1636 &rarr; <strong>1658</strong><br />(+22 for winning)
|raw|spudcutter's rating: 1667 &rarr; <strong>1645</strong><br />(-22 for losing)
|l|☆spudcutter
|player|p2|
|l|☆cr aries
|player|p1|
