|j|☆Strawhatspindo
|j|☆JJTEPIGBOSS
|t:|1760319888
|gametype|singles
|player|p1|Strawhatspindo|2|1112
|player|p2|JJTEPIGBOSS|102|1072
|gen|9
|tier|[Gen 9] OU
|rated|
|rule|HP Percentage Mod: HP is shown in percentages
|rule|Endless Battle Clause: Forcing endless battles is banned
|rule|Species Clause: Limit one of each Pokémon
|rule|OHKO Clause: OHKO moves are banned
|rule|Evasion Items Clause: Evasion items are banned
|rule|Evasion Moves Clause: Evasion moves are banned
|rule|Evasion Abilities Clause: Evasion abilities are banned
|rule|Sleep Moves Clause: Sleep-inducing moves are banned
|clearpoke
|poke|p1|Landorus-Therian, M|
|poke|p1|Skeledirge, M|
|poke|p1|Skarmory, M|
|poke|p1|Hydrapple, M|
|poke|p1|Samurott-Hisui, M|
|poke|p1|Fezandipiti, M|
|poke|p2|Serperior, F|
|poke|p2|Granbull, M|
|poke|p2|Lokix, M|
|poke|p2|Ting-Lu|
|poke|p2|Tentacruel, M|
|poke|p2|Electrode|
|teampreview
|inactive|Battle timer is ON: inactive players will automatically lose when time's up. (requested by JJTEPIGBOSS)
|
|t:|1760319916
|teamsize|p1|6
|teamsize|p2|6
|start
|switch|p1a: Skarmory|Skarmory, M, shiny|100/100
|switch|p2a: Lokix|Lokix, M, shiny|100/100
|turn|1
|
|t:|1760319926
|move|p2a: Lokix|Knock Off|p1a: Skarmory
|-damage|p1a: Skarmory|67/100
|-damage|p2a: Lokix|84/100|[from] item: Rocky Helmet|[of] p1a: Skarmory
|-enditem|p1a: Skarmory|Rocky Helmet|[from] move: Knock Off|[of] p2a: Lokix
|-damage|p2a: Lokix|74/100|[from] item: Life Orb
|move|p1a: Skarmory|Brave Bird|p2a: Lokix
|-supereffective|p2a: Lokix
|-damage|p2a: Lokix|0 fnt
|faint|p2a: Lokix
|-damage|p1a: Skarmory|46/100|[from] Recoil
|
|upkeep
|
|t:|1760319941
|switch|p2a: Granbull|Granbull, M|100/100
|-ability|p2a: Granbull|Intimidate|boost
|-unboost|p1a: Skarmory|atk|1
|turn|2
|
|t:|1760319950
|move|p1a: Skarmory|Roost|p1a: Skarmory
|-heal|p1a: Skarmory|96/100
|-singleturn|p1a: Skarmory|move: Roost
|move|p2a: Granbull|Fire Punch|p1a: Skarmory
|-supereffective|p1a: Skarmory
|-damage|p1a: Skarmory|61/100
|
|upkeep
|turn|3
|
|t:|1760319967
|switch|p1a: Skeledirge|Skeledirge, M, shiny|100/100
|move|p2a: Granbull|Fire Punch|p1a: Skeledirge
|-resisted|p1a: Skeledirge
|-damage|p1a: Skeledirge|91/100
|
|upkeep
|turn|4
|
|t:|1760319975
|move|p1a: Skeledirge|Torch Song|p2a: Granbull
|-damage|p2a: Granbull|74/100
|-boost|p1a: Skeledirge|spa|1
|move|p2a: Granbull|Earthquake|p1a: Skeledirge
|-supereffective|p1a: Skeledirge
|-damage|p1a: Skeledirge|36/100
|
|upkeep
|turn|5
|
|t:|1760319991
|switch|p1a: Landorus|Landorus-Therian, M, shiny|100/100
|-ability|p1a: Landorus|Intimidate|boost
|-unboost|p2a: Granbull|atk|1
|move|p2a: Granbull|Psychic Fangs|p1a: Landorus
|-damage|p1a: Landorus|76/100
|
|upkeep
|turn|6
|
|t:|1760320001
|move|p1a: Landorus|U-turn|p2a: Granbull
|-resisted|p2a: Granbull
|-damage|p2a: Granbull|60/100
|
|t:|1760320009
|switch|p1a: Hydrapple|Hydrapple, M|100/100|[from] U-turn
|move|p2a: Granbull|Play Rough|p1a: Hydrapple|[miss]
|-miss|p2a: Granbull|p1a: Hydrapple
|
|upkeep
|turn|7
|
|t:|1760320022
|switch|p1a: Landorus|Landorus-Therian, M, shiny|76/100
|-ability|p1a: Landorus|Intimidate|boost
|-unboost|p2a: Granbull|atk|1
|move|p2a: Granbull|Play Rough|p1a: Landorus|[miss]
|-miss|p2a: Granbull|p1a: Landorus
|
|upkeep
|turn|8
|
|t:|1760320031
|switch|p2a: Ting-Lu|Ting-Lu|100/100
|-ability|p2a: Ting-Lu|Vessel of Ruin
|move|p1a: Landorus|Earthquake|p2a: Ting-Lu
|-damage|p2a: Ting-Lu|79/100
|
|-heal|p2a: Ting-Lu|85/100|[from] item: Leftovers
|upkeep
|turn|9
|
|t:|1760320042
|switch|p1a: Hydrapple|Hydrapple, M|100/100
|move|p2a: Ting-Lu|Stealth Rock|p1a: Hydrapple
|-sidestart|p1: Strawhatspindo|move: Stealth Rock
|
|-heal|p2a: Ting-Lu|91/100|[from] item: Leftovers
|upkeep
|turn|10
|
|t:|1760320052
|switch|p2a: Serperior|Serperior, F|100/100
|move|p1a: Hydrapple|Nasty Plot|p1a: Hydrapple
|-boost|p1a: Hydrapple|spa|2
|
|upkeep
|turn|11
|
|t:|1760320063
|move|p2a: Serperior|Scale Shot|p1a: Hydrapple|[miss]
|-miss|p2a: Serperior|p1a: Hydrapple
|move|p1a: Hydrapple|Fickle Beam|p2a: Serperior
|-damage|p2a: Serperior|0 fnt
|faint|p2a: Serperior
|
|upkeep
|
|t:|1760320077
|switch|p2a: Electrode|Electrode, shiny|100/100
|turn|12
|
|t:|1760320085
|-terastallize|p2a: Electrode|Ice
|move|p2a: Electrode|Tera Blast|p1a: Hydrapple|[anim] Tera Blast Ice
|-supereffective|p1a: Hydrapple
|-damage|p1a: Hydrapple|0 fnt
|faint|p1a: Hydrapple
|
|upkeep
|
|t:|1760320096
|switch|p1a: Landorus|Landorus-Therian, M, shiny|76/100
|-damage|p1a: Landorus|64/100|[from] Stealth Rock
|-ability|p1a: Landorus|Intimidate|boost
|-unboost|p2a: Electrode|atk|1
|turn|13
|
|t:|1760320105
|switch|p2a: Granbull|Granbull, M|60/100
|-ability|p2a: Granbull|Intimidate|boost
|-unboost|p1a: Landorus|atk|1
|move|p1a: Landorus|Stone Edge|p2a: Granbull
|-damage|p2a: Granbull|33/100
|
|upkeep
|turn|14
|
|t:|1760320118
|switch|p1a: Skarmory|Skarmory, M, shiny|61/100
|-damage|p1a: Skarmory|49/100|[from] Stealth Rock
|switch|p2a: Ting-Lu|Ting-Lu|91/100
|-ability|p2a: Ting-Lu|Vessel of Ruin
|
|-heal|p2a: Ting-Lu|98/100|[from] item: Leftovers
|upkeep
|turn|15
|
|t:|1760320128
|move|p1a: Skarmory|Roost|p1a: Skarmory
|-heal|p1a: Skarmory|99/100
|-singleturn|p1a: Skarmory|move: Roost
|move|p2a: Ting-Lu|Spikes|p1a: Skarmory
|-sidestart|p1: Strawhatspindo|Spikes
|
|-heal|p2a: Ting-Lu|100/100|[from] item: Leftovers
|upkeep
|turn|16
|
|t:|1760320137
|move|p1a: Skarmory|Stealth Rock|p2a: Ting-Lu
|-sidestart|p2: JJTEPIGBOSS|move: Stealth Rock
|move|p2a: Ting-Lu|Spikes|p1a: Skarmory
|-sidestart|p1: Strawhatspindo|Spikes
|
|upkeep
|turn|17
|
|t:|1760320146
|move|p1a: Skarmory|Body Press|p2a: Ting-Lu
|-supereffective|p2a: Ting-Lu
|-damage|p2a: Ting-Lu|74/100
|move|p2a: Ting-Lu|Ruination|p1a: Skarmory
|-damage|p1a: Skarmory|50/100
|
|-heal|p2a: Ting-Lu|81/100|[from] item: Leftovers
|upkeep
|turn|18
|
|t:|1760320155
|move|p1a: Skarmory|Body Press|p2a: Ting-Lu
|-supereffective|p2a: Ting-Lu
|-damage|p2a: Ting-Lu|57/100
|move|p2a: Ting-Lu|Spikes|p1a: Skarmory
|-sidestart|p1: Strawhatspindo|Spikes
|
|-heal|p2a: Ting-Lu|63/100|[from] item: Leftovers
|upkeep
|turn|19
|
|t:|1760320164
|move|p1a: Skarmory|Body Press|p2a: Ting-Lu
|-supereffective|p2a: Ting-Lu
|-crit|p2a: Ting-Lu
|-damage|p2a: Ting-Lu|25/100
|move|p2a: Ting-Lu|Body Press|p1a: Skarmory
|-damage|p1a: Skarmory|31/100
|
|-heal|p2a: Ting-Lu|31/100|[from] item: Leftovers
|upkeep
|turn|20
|
|t:|1760320173
|move|p1a: Skarmory|Body Press|p2a: Ting-Lu
|-supereffective|p2a: Ting-Lu
|-damage|p2a: Ting-Lu|5/100
|move|p2a: Ting-Lu|Ruination|p1a: Skarmory
|-damage|p1a: Skarmory|16/100
|
|-heal|p2a: Ting-Lu|11/100|[from] item: Leftovers
|upkeep
|turn|21
|
|t:|1760320182
|move|p1a: Skarmory|Roost|p1a: Skarmory
|-heal|p1a: Skarmory|66/100
|-singleturn|p1a: Skarmory|move: Roost
|move|p2a: Ting-Lu|Ruination|p1a: Skarmory
|-damage|p1a: Skarmory|34/100
|
|-heal|p2a: Ting-Lu|18/100|[from] item: Leftovers
|upkeep
|turn|22
|
|t:|1760320199
|move|p1a: Skarmory|Body Press|p2a: Ting-Lu
|-supereffective|p2a: Ting-Lu
|-damage|p2a: Ting-Lu|0 fnt
|faint|p2a: Ting-Lu
|
|upkeep
|
|t:|1760320217
|switch|p2a: Tentacruel|Tentacruel, M|100/100
|turn|23
|
|t:|1760320225
|move|p2a: Tentacruel|Rapid Spin|p1a: Skarmory
|-resisted|p1a: Skarmory
|-damage|p1a: Skarmory|31/100
|-boost|p2a: Tentacruel|spe|1
|-sideend|p2: JJTEPIGBOSS|Stealth Rock|[from] move: Rapid Spin|[of] p2a: Tentacruel
|move|p1a: Skarmory|Roost|p1a: Skarmory
|-heal|p1a: Skarmory|81/100
|-singleturn|p1a: Skarmory|move: Roost
|
|upkeep
|turn|24
|
|t:|1760320235
|move|p2a: Tentacruel|Hydro Pump|p1a: Skarmory|[miss]
|-miss|p2a: Tentacruel|p1a: Skarmory
|move|p1a: Skarmory|Brave Bird|p2a: Tentacruel
|-damage|p2a: Tentacruel|58/100
|-damage|p1a: Skarmory|68/100|[from] Recoil
|
|upkeep
|turn|25
|
|t:|1760320244
|move|p2a: Tentacruel|Hydro Pump|p1a: Skarmory
|-damage|p1a: Skarmory|22/100
|move|p1a: Skarmory|Brave Bird|p2a: Tentacruel
|-damage|p2a: Tentacruel|20/100
|-damage|p1a: Skarmory|9/100|[from] Recoil
|
|upkeep
|turn|26
|
|t:|1760320259
|move|p2a: Tentacruel|Hydro Pump|p1a: Skarmory
|-damage|p1a: Skarmory|0 fnt
|faint|p1a: Skarmory
|
|upkeep
|
|t:|1760320276
|switch|p1a: Samurott|Samurott-Hisui, M, shiny|100/100
|turn|27
|
|t:|1760320282
|switch|p2a: Granbull|Granbull, M|33/100
|-ability|p2a: Granbull|Intimidate|boost
|-unboost|p1a: Samurott|atk|1
|move|p1a: Samurott|Knock Off|p2a: Granbull
|-resisted|p2a: Granbull
|-damage|p2a: Granbull|15/100
|-enditem|p2a: Granbull|Assault Vest|[from] move: Knock Off|[of] p1a: Samurott
|
|upkeep
|turn|28
|
|t:|1760320298
|move|p1a: Samurott|Flip Turn|p2a: Granbull
|-damage|p2a: Granbull|0 fnt
|faint|p2a: Granbull
|
|t:|1760320309
|switch|p1a: Landorus|Landorus-Therian, M, shiny|64/100|[from] Flip Turn
|-damage|p1a: Landorus|52/100|[from] Stealth Rock
|
|upkeep
|
|t:|1760320319
|switch|p2a: Electrode|Electrode, shiny, tera:Ice|100/100
|turn|29
|
|t:|1760320323
|move|p1a: Landorus|Stone Edge|p2a: Electrode
|-supereffective|p2a: Electrode
|-damage|p2a: Electrode|0 fnt
|faint|p2a: Electrode
|
|upkeep
|
|t:|1760320330
|switch|p2a: Tentacruel|Tentacruel, M|20/100
|turn|30
|
|t:|1760320333
|move|p1a: Landorus|Stone Edge|p2a: Tentacruel
|-damage|p2a: Tentacruel|0 fnt
|faint|p2a: Tentacruel
|
|win|Strawhatspindo
|raw|Strawhatspindo's rating: 1112 &rarr; <strong>1134</strong><br />(+22 for winning)
|raw|JJTEPIGBOSS's rating: 1072 &rarr; <strong>1054</strong><br />(-18 for losing)
|c|☆Strawhatspindo|Gg
