|j|☆delete tera
|j|☆I will eat another
|t:|1760450245
|gametype|singles
|player|p1|delete tera|265|1394
|player|p2|I will eat another|plasmagrunt|1359
|gen|9
|tier|[Gen 9] OU
|rated|
|rule|HP Percentage Mod: HP is shown in percentages
|rule|Endless Battle Clause: Forcing endless battles is banned
|rule|Species Clause: Limit one of each Pokémon
|rule|OHKO Clause: OHKO moves are banned
|rule|Evasion Items Clause: Evasion items are banned
|rule|Evasion Moves Clause: Evasion moves are banned
|rule|Evasion Abilities Clause: Evasion abilities are banned
|rule|Sleep Moves Clause: Sleep-inducing moves are banned
|clearpoke
|poke|p1|Garchomp, M|
|poke|p1|Zamazenta-*|
|poke|p1|Iron Hands|
|poke|p1|Dragonite, F|
|poke|p1|Iron Valiant|
|poke|p1|Salazzle, F|
|poke|p2|Breloom, F|
|poke|p2|Swinub, M|
|poke|p2|Iron Crown|
|poke|p2|Glimmora, M|
|poke|p2|Talonflame, F|
|poke|p2|Greninja-*, M|
|teampreview
|inactive|Battle timer is ON: inactive players will automatically lose when time's up. (requested by I will eat another)
|
|t:|1760450253
|teamsize|p1|6
|teamsize|p2|6
|start
|switch|p1a: Salazzle|Salazzle, F, shiny|100/100
|switch|p2a: Quajutsu|Greninja, M|100/100
|turn|1
|
|t:|1760450259
|move|p1a: Salazzle|Fake Out|p2a: Quajutsu
|-damage|p2a: Quajutsu|89/100
|cant|p2a: Quajutsu|flinch
|
|upkeep
|turn|2
|
|t:|1760450264
|move|p2a: Quajutsu|Surf|p1a: Salazzle
|-start|p2a: Quajutsu|typechange|Water|[from] ability: Protean
|-supereffective|p1a: Salazzle
|-damage|p1a: Salazzle|0 fnt
|faint|p1a: Salazzle
|
|upkeep
|
|t:|1760450270
|switch|p1a: Dragonite|Dragonite, F|100/100
|turn|3
|
|t:|1760450273
|switch|p2a: Lumiflora|Glimmora, M|100/100
|move|p1a: Dragonite|Dragon Tail|p2a: Lumiflora
|-damage|p2a: Lumiflora|61/100
|-activate|p2a: Lumiflora|ability: Toxic Debris
|-sidestart|p1: delete tera|move: Toxic Spikes
|drag|p2a: Quajutsu|Greninja, M|89/100
|
|upkeep
|turn|4
|
|t:|1760450281
|move|p2a: Quajutsu|Ice Beam|p1a: Dragonite
|-start|p2a: Quajutsu|typechange|Ice|[from] ability: Protean
|-supereffective|p1a: Dragonite
|-damage|p1a: Dragonite|1/100
|move|p1a: Dragonite|Dragon Tail|p2a: Quajutsu
|-damage|p2a: Quajutsu|29/100
|drag|p2a: Lumiflora|Glimmora, M|61/100
|
|upkeep
|turn|5
|
|t:|1760450290
|move|p2a: Lumiflora|Meteor Beam||[still]
|-prepare|p2a: Lumiflora|Meteor Beam
|-boost|p2a: Lumiflora|spa|1
|-enditem|p2a: Lumiflora|Power Herb
|-anim|p2a: Lumiflora|Meteor Beam|p1a: Dragonite
|-supereffective|p1a: Dragonite
|-damage|p1a: Dragonite|0 fnt
|faint|p1a: Dragonite
|
|upkeep
|
|t:|1760450298
|switch|p1a: Garchomp|Garchomp, M|100/100
|-status|p1a: Garchomp|psn
|turn|6
|
|t:|1760450302
|move|p1a: Garchomp|Scale Shot|p2a: Lumiflora
|-damage|p2a: Lumiflora|44/100
|-activate|p2a: Lumiflora|ability: Toxic Debris
|-sidestart|p1: delete tera|move: Toxic Spikes
|-damage|p2a: Lumiflora|29/100
|-damage|p2a: Lumiflora|13/100
|-damage|p2a: Lumiflora|0 fnt
|faint|p2a: Lumiflora
|-hitcount|p2: Lumiflora|4
|-unboost|p1a: Garchomp|def|1
|-boost|p1a: Garchomp|spe|1
|
|-damage|p1a: Garchomp|88/100 psn|[from] psn
|upkeep
|
|t:|1760450327
|switch|p2a: Kapilz|Breloom, F|100/100
|turn|7
|
|t:|1760450334
|move|p1a: Garchomp|Scale Shot|p2a: Kapilz
|-damage|p2a: Kapilz|81/100
|-damage|p2a: Kapilz|61/100
|-damage|p2a: Kapilz|41/100
|-damage|p2a: Kapilz|18/100
|-hitcount|p2a: Kapilz|4
|-unboost|p1a: Garchomp|def|1
|-boost|p1a: Garchomp|spe|1
|move|p2a: Kapilz|Bullet Seed|p1a: Garchomp
|-damage|p1a: Garchomp|34/100 psn
|-damage|p1a: Garchomp|0 fnt
|faint|p1a: Garchomp
|-hitcount|p1: Garchomp|2
|-damage|p2a: Kapilz|8/100|[from] item: Life Orb
|
|upkeep
|
|t:|1760450340
|switch|p1a: Iron Valiant|Iron Valiant|100/100
|-status|p1a: Iron Valiant|tox
|-enditem|p1a: Iron Valiant|Booster Energy
|-activate|p1a: Iron Valiant|ability: Quark Drive|[fromitem]
|-start|p1a: Iron Valiant|quarkdrivespe
|turn|8
|
|t:|1760450352
|move|p2a: Kapilz|Mach Punch|p1a: Iron Valiant
|-resisted|p1a: Iron Valiant
|-damage|p1a: Iron Valiant|76/100 tox
|-damage|p2a: Kapilz|0 fnt|[from] item: Life Orb
|faint|p2a: Kapilz
|move|p1a: Iron Valiant|Moonblast|p2: Kapilz|[notarget]
|-fail|p1a: Iron Valiant
|
|-damage|p1a: Iron Valiant|70/100 tox|[from] psn
|upkeep
|
|t:|1760450362
|switch|p2a: Quiekel|Swinub, M|100/100
|turn|9
|
|t:|1760450365
|move|p1a: Iron Valiant|Knock Off|p2a: Quiekel
|-damage|p2a: Quiekel|22/100
|-enditem|p2a: Quiekel|Focus Sash|[from] move: Knock Off|[of] p1a: Iron Valiant
|move|p2a: Quiekel|Endeavor|p1a: Iron Valiant
|-damage|p1a: Iron Valiant|18/100 tox
|
|-damage|p1a: Iron Valiant|6/100 tox|[from] psn
|upkeep
|turn|10
|
|t:|1760450375
|move|p2a: Quiekel|Ice Shard|p1a: Iron Valiant
|-damage|p1a: Iron Valiant|0 fnt
|faint|p1a: Iron Valiant
|-end|p1a: Iron Valiant|Quark Drive|[silent]
|
|upkeep
|
|t:|1760450382
|switch|p1a: Zamazenta|Zamazenta|100/100
|-status|p1a: Zamazenta|tox
|-ability|p1a: Zamazenta|Dauntless Shield|boost
|-boost|p1a: Zamazenta|def|1
|turn|11
|
|t:|1760450387
|move|p1a: Zamazenta|Body Press|p2a: Quiekel
|-supereffective|p2a: Quiekel
|-damage|p2a: Quiekel|0 fnt
|faint|p2a: Quiekel
|
|-damage|p1a: Zamazenta|94/100 tox|[from] psn
|upkeep
|
|t:|1760450395
|switch|p2a: Fiaro|Talonflame, F|100/100
|turn|12
|
|t:|1760450398
|move|p1a: Zamazenta|Iron Defense|p1a: Zamazenta
|-boost|p1a: Zamazenta|def|2
|move|p2a: Fiaro|Roost||[still]
|-fail|p2a: Fiaro|heal
|
|-heal|p1a: Zamazenta|100/100 tox|[from] item: Leftovers
|-damage|p1a: Zamazenta|88/100 tox|[from] psn
|upkeep
|turn|13
|
|t:|1760450405
|move|p1a: Zamazenta|Iron Defense|p1a: Zamazenta
|-boost|p1a: Zamazenta|def|2
|move|p2a: Fiaro|Flamethrower|p1a: Zamazenta
|-damage|p1a: Zamazenta|68/100 tox
|
|-heal|p1a: Zamazenta|74/100 tox|[from] item: Leftovers
|-damage|p1a: Zamazenta|55/100 tox|[from] psn
|upkeep
|turn|14
|
|t:|1760450413
|move|p1a: Zamazenta|Body Press|p2a: Fiaro
|-resisted|p2a: Fiaro
|-damage|p2a: Fiaro|45/100
|move|p2a: Fiaro|Roost|p2a: Fiaro
|-heal|p2a: Fiaro|95/100
|-singleturn|p2a: Fiaro|move: Roost
|
|-heal|p1a: Zamazenta|62/100 tox|[from] item: Leftovers
|-damage|p1a: Zamazenta|37/100 tox|[from] psn
|upkeep
|turn|15
|-message|delete tera forfeited.
|
|win|I will eat another
|raw|delete tera's rating: 1394 &rarr; <strong>1372</strong><br />(-22 for losing)
|raw|I will eat another's rating: 1359 &rarr; <strong>1381</strong><br />(+22 for winning)
|l|☆delete tera
|player|p1|
|l|☆I will eat another
|player|p2|
