|j|☆dejavu29
|j|☆quail9087
|t:|1760323653
|gametype|singles
|player|p1|dejavu29|spark|1041
|player|p2|quail9087|backpackerf|1000
|gen|9
|tier|[Gen 9] OU
|rated|
|rule|HP Percentage Mod: HP is shown in percentages
|rule|Endless Battle Clause: Forcing endless battles is banned
|rule|Species Clause: Limit one of each Pokémon
|rule|OHKO Clause: OHKO moves are banned
|rule|Evasion Items Clause: Evasion items are banned
|rule|Evasion Moves Clause: Evasion moves are banned
|rule|Evasion Abilities Clause: Evasion abilities are banned
|rule|Sleep Moves Clause: Sleep-inducing moves are banned
|clearpoke
|poke|p1|Grafaiai, M|
|poke|p1|Arboliva, M|
|poke|p1|Comfey, F|
|poke|p1|Leafeon, M|
|poke|p1|Komala, M|
|poke|p1|Slowbro-Galar, F|
|poke|p2|Lokix, M|
|poke|p2|Hitmontop, M|
|poke|p2|Tornadus-Therian, M|
|poke|p2|Comfey, M|
|poke|p2|Espeon, M|
|poke|p2|Ceruledge, F|
|teampreview
|
|t:|1760323659
|teamsize|p1|6
|teamsize|p2|6
|start
|switch|p1a: Grafaiai|Grafaiai, M|100/100
|switch|p2a: Lokix|Lokix, M|100/100
|turn|1
|
|t:|1760323664
|switch|p1a: Comfey|Comfey, F|100/100
|move|p2a: Lokix|First Impression|p1a: Comfey
|-resisted|p1a: Comfey
|-damage|p1a: Comfey|45/100
|
|-heal|p1a: Comfey|51/100|[from] item: Leftovers
|upkeep
|turn|2
|
|t:|1760323673
|move|p1a: Comfey|Leech Seed|p2a: Lokix
|-start|p2a: Lokix|move: Leech Seed
|move|p2a: Lokix|Fling|p1a: Comfey
|-resisted|p1a: Comfey
|-damage|p1a: Comfey|0 fnt
|-enditem|p2a: Lokix|Iron Ball|[from] move: Fling
|faint|p1a: Comfey
|
|upkeep
|
|t:|1760323682
|switch|p1a: Grafaiai|Grafaiai, M|100/100
|turn|3
|
|t:|1760323686
|move|p1a: Grafaiai|Sunny Day|p1a: Grafaiai
|-weather|SunnyDay
|move|p2a: Lokix|Thief|p1a: Grafaiai
|-crit|p1a: Grafaiai
|-damage|p1a: Grafaiai|45/100
|-enditem|p1a: Grafaiai|Heat Rock|[silent]|[from] move: Thief|[of] p2a: Lokix
|-item|p2a: Lokix|Heat Rock|[from] move: Thief|[of] p1a: Grafaiai
|
|-weather|SunnyDay|[upkeep]
|-damage|p2a: Lokix|88/100|[from] Leech Seed|[of] p1a: Grafaiai
|-heal|p1a: Grafaiai|55/100|[silent]
|upkeep
|turn|4
|
|t:|1760323696
|move|p1a: Grafaiai|Parting Shot|p2a: Lokix
|-hint|Since gen 7, Dark is immune to Prankster moves.
|-immune|p2a: Lokix
|move|p2a: Lokix|Fling|p1a: Grafaiai
|-damage|p1a: Grafaiai|13/100
|-enditem|p2a: Lokix|Heat Rock|[from] move: Fling
|
|-weather|SunnyDay|[upkeep]
|-damage|p2a: Lokix|76/100|[from] Leech Seed|[of] p1a: Grafaiai
|-heal|p1a: Grafaiai|24/100|[silent]
|upkeep
|turn|5
|
|t:|1760323709
|switch|p1a: Arboliva|Arboliva, M|100/100
|move|p2a: Lokix|Trailblaze|p1a: Arboliva
|-resisted|p1a: Arboliva
|-damage|p1a: Arboliva|85/100
|-boost|p2a: Lokix|spe|1
|
|-weather|SunnyDay|[upkeep]
|-damage|p2a: Lokix|63/100|[from] Leech Seed|[of] p1a: Arboliva
|-heal|p1a: Arboliva|95/100|[silent]
|upkeep
|turn|6
|
|t:|1760323718
|move|p2a: Lokix|Thief|p1a: Arboliva
|-damage|p1a: Arboliva|68/100
|-enditem|p1a: Arboliva|Custap Berry|[silent]|[from] move: Thief|[of] p2a: Lokix
|-item|p2a: Lokix|Custap Berry|[from] move: Thief|[of] p1a: Arboliva
|move|p1a: Arboliva|Weather Ball|p2a: Lokix
|-supereffective|p2a: Lokix
|-damage|p2a: Lokix|0 fnt
|faint|p2a: Lokix
|
|-weather|SunnyDay|[upkeep]
|upkeep
|
|t:|1760323728
|switch|p2a: Tornadus|Tornadus-Therian, M|100/100
|turn|7
|
|t:|1760323733
|move|p2a: Tornadus|U-turn|p1a: Arboliva
|-supereffective|p1a: Arboliva
|-damage|p1a: Arboliva|22/100
|
|t:|1760323736
|switch|p2a: Comfey|Comfey, M|100/100|[from] U-turn
|move|p1a: Arboliva|Weather Ball|p2a: Comfey
|-damage|p2a: Comfey|55/100
|-enditem|p2a: Comfey|Red Card|[of] p1a: Arboliva
|drag|p1a: Leafeon|Leafeon, M|100/100
|
|-weather|SunnyDay|[upkeep]
|upkeep
|turn|8
|
|t:|1760323748
|move|p1a: Leafeon|Solar Blade||[still]
|-prepare|p1a: Leafeon|Solar Blade
|-anim|p1a: Leafeon|Solar Blade|p2a: Comfey
|-damage|p2a: Comfey|0 fnt
|faint|p2a: Comfey
|-damage|p1a: Leafeon|91/100|[from] item: Life Orb
|
|-weather|SunnyDay|[upkeep]
|upkeep
|
|t:|1760323755
|switch|p2a: Tornadus|Tornadus-Therian, M|100/100
|turn|9
|
|t:|1760323762
|switch|p1a: Slowbro|Slowbro-Galar, F|100/100
|move|p2a: Tornadus|Tailwind|p2a: Tornadus
|-sidestart|p2: quail9087|move: Tailwind
|
|-weather|SunnyDay|[upkeep]
|upkeep
|turn|10
|-activate|p1a: Slowbro|ability: Quick Draw
|
|t:|1760323770
|move|p1a: Slowbro|Psychic|p2a: Tornadus
|-damage|p2a: Tornadus|42/100
|-enditem|p2a: Tornadus|Eject Button
|
|t:|1760323777
|switch|p2a: Ceruledge|Ceruledge, F|100/100
|
|-weather|none
|upkeep
|turn|11
|
|t:|1760323786
|switch|p1a: Grafaiai|Grafaiai, M|24/100
|move|p2a: Ceruledge|Bulk Up|p2a: Ceruledge
|-boost|p2a: Ceruledge|atk|1
|-boost|p2a: Ceruledge|def|1
|
|upkeep
|turn|12
|
|t:|1760323796
|-terastallize|p2a: Ceruledge|Psychic
|move|p1a: Grafaiai|Toxic|p2a: Ceruledge
|-status|p2a: Ceruledge|tox
|move|p2a: Ceruledge|Psycho Cut|p1a: Grafaiai
|-supereffective|p1a: Grafaiai
|-damage|p1a: Grafaiai|0 fnt
|faint|p1a: Grafaiai
|
|-damage|p2a: Ceruledge|94/100 tox|[from] psn
|-sideend|p2: quail9087|move: Tailwind
|upkeep
|
|t:|1760323807
|switch|p1a: Komala|Komala, M|100/100
|-ability|p1a: Komala|Comatose
|turn|13
|
|t:|1760323812
|-terastallize|p1a: Komala|Dark
|move|p1a: Komala|Sucker Punch|p2a: Ceruledge
|-supereffective|p2a: Ceruledge
|-damage|p2a: Ceruledge|28/100 tox
|-ability|p2a: Ceruledge|Weak Armor|boost
|-unboost|p2a: Ceruledge|def|1
|-boost|p2a: Ceruledge|spe|2
|move|p2a: Ceruledge|Bitter Blade|p1a: Komala
|-damage|p1a: Komala|3/100
|-heal|p2a: Ceruledge|84/100 tox|[from] drain|[of] p1a: Komala
|
|-heal|p1a: Komala|9/100|[from] item: Leftovers
|-damage|p2a: Ceruledge|72/100 tox|[from] psn
|upkeep
|turn|14
|
|t:|1760323824
|move|p1a: Komala|Sucker Punch||[still]
|-fail|p1a: Komala
|move|p2a: Ceruledge|Bulk Up|p2a: Ceruledge
|-boost|p2a: Ceruledge|atk|1
|-boost|p2a: Ceruledge|def|1
|
|-heal|p1a: Komala|15/100|[from] item: Leftovers
|-damage|p2a: Ceruledge|53/100 tox|[from] psn
|upkeep
|turn|15
|
|t:|1760323834
|move|p1a: Komala|Sucker Punch||[still]
|-fail|p1a: Komala
|move|p2a: Ceruledge|Bulk Up|p2a: Ceruledge
|-boost|p2a: Ceruledge|atk|1
|-boost|p2a: Ceruledge|def|1
|
|-heal|p1a: Komala|21/100|[from] item: Leftovers
|-damage|p2a: Ceruledge|28/100 tox|[from] psn
|upkeep
|turn|16
|
|t:|1760323842
|move|p1a: Komala|Sucker Punch||[still]
|-fail|p1a: Komala
|move|p2a: Ceruledge|Bulk Up|p2a: Ceruledge
|-boost|p2a: Ceruledge|atk|1
|-boost|p2a: Ceruledge|def|1
|
|-heal|p1a: Komala|27/100|[from] item: Leftovers
|-damage|p2a: Ceruledge|0 fnt|[from] psn
|faint|p2a: Ceruledge
|upkeep
|
|t:|1760323852
|switch|p2a: Hitmontop|Hitmontop, M|100/100
|turn|17
|
|t:|1760323857
|switch|p1a: Slowbro|Slowbro-Galar, F|100/100
|move|p2a: Hitmontop|Vacuum Wave|p1a: Slowbro
|-resisted|p1a: Slowbro
|-damage|p1a: Slowbro|99/100
|
|upkeep
|turn|18
|
|t:|1760323867
|move|p2a: Hitmontop|Triple Axel|p1a: Slowbro
|-damage|p1a: Slowbro|91/100
|-hitcount|p1a: Slowbro|1
|move|p1a: Slowbro|Psychic|p2a: Hitmontop
|-supereffective|p2a: Hitmontop
|-damage|p2a: Hitmontop|9/100
|
|upkeep
|turn|19
|-activate|p1a: Slowbro|ability: Quick Draw
|
|t:|1760323876
|move|p1a: Slowbro|Flamethrower|p2a: Hitmontop
|-damage|p2a: Hitmontop|0 fnt
|faint|p2a: Hitmontop
|
|upkeep
|
|t:|1760323884
|switch|p2a: Espeon|Espeon, M|100/100
|turn|20
|
|t:|1760323891
|move|p2a: Espeon|Future Sight|p1a: Slowbro
|-start|p2a: Espeon|move: Future Sight
|move|p1a: Slowbro|Blizzard|p2a: Espeon|[miss]
|-miss|p1a: Slowbro|p2a: Espeon
|
|upkeep
|turn|21
|
|t:|1760323895
|move|p2a: Espeon|Thunder Wave|p1a: Slowbro|[miss]
|-miss|p2a: Espeon|p1a: Slowbro
|move|p1a: Slowbro|Flamethrower|p2a: Espeon
|-damage|p2a: Espeon|70/100
|-status|p2a: Espeon|brn
|
|-damage|p2a: Espeon|64/100 brn|[from] brn
|upkeep
|turn|22
|
|t:|1760323904
|switch|p1a: Komala|Komala, M, tera:Dark|27/100
|-ability|p1a: Komala|Comatose
|move|p2a: Espeon|Light Screen|p2a: Espeon
|-sidestart|p2: quail9087|move: Light Screen
|
|-end|p1a: Komala|move: Future Sight
|-immune|p1a: Komala
|-heal|p1a: Komala|33/100|[from] item: Leftovers
|-damage|p2a: Espeon|58/100 brn|[from] brn
|upkeep
|turn|23
|-message|quail9087 forfeited.
|
|win|dejavu29
|raw|dejavu29's rating: 1041 &rarr; <strong>1071</strong><br />(+30 for winning)
|raw|quail9087's rating: 1000 &rarr; <strong>1000</strong><br />(+0 for losing)
|l|☆quail9087
|player|p2|
