|j|☆HAGallium
|j|☆Mik22
|t:|1760334759
|gametype|singles
|player|p1|HAGallium|misty|1460
|player|p2|Mik22|265|1423
|gen|9
|tier|[Gen 9] OU
|rated|
|rule|HP Percentage Mod: HP is shown in percentages
|rule|Endless Battle Clause: Forcing endless battles is banned
|rule|Species Clause: Limit one of each Pokémon
|rule|OHKO Clause: OHKO moves are banned
|rule|Evasion Items Clause: Evasion items are banned
|rule|Evasion Moves Clause: Evasion moves are banned
|rule|Evasion Abilities Clause: Evasion abilities are banned
|rule|Sleep Moves Clause: Sleep-inducing moves are banned
|clearpoke
|poke|p1|Rillaboom, F|
|poke|p1|Clodsire, F|
|poke|p1|Cinderace, M|
|poke|p1|Primarina, M|
|poke|p1|Raging Bolt|
|poke|p1|Corviknight, M|
|poke|p2|Kingambit, M|
|poke|p2|Pelipper, M|
|poke|p2|Kingdra, M|
|poke|p2|Iron Hands|
|poke|p2|Ogerpon-Wellspring, F|
|poke|p2|Hoopa-Unbound|
|teampreview
|inactive|Battle timer is ON: inactive players will automatically lose when time's up. (requested by Mik22)
|j| Treeckoguy1
|inactive|HAGallium has 120 seconds left.
|
|t:|1760334825
|teamsize|p1|6
|teamsize|p2|6
|start
|switch|p1a: Raging Bolt|Raging Bolt|100/100
|switch|p2a: Pelipper|Pelipper, M|100/100
|-weather|RainDance|[from] ability: Drizzle|[of] p2a: Pelipper
|turn|1
|
|t:|1760334836
|switch|p2a: Hoopa|Hoopa-Unbound|100/100
|move|p1a: Raging Bolt|Calm Mind|p1a: Raging Bolt
|-boost|p1a: Raging Bolt|spa|1
|-boost|p1a: Raging Bolt|spd|1
|
|-weather|RainDance|[upkeep]
|upkeep
|turn|2
|
|t:|1760334846
|move|p1a: Raging Bolt|Thunderbolt|p2a: Hoopa
|-damage|p2a: Hoopa|57/100
|-status|p2a: Hoopa|par
|move|p2a: Hoopa|Gunk Shot|p1a: Raging Bolt
|-damage|p1a: Raging Bolt|70/100
|
|-weather|RainDance|[upkeep]
|-heal|p1a: Raging Bolt|76/100|[from] item: Leftovers
|upkeep
|turn|3
|
|t:|1760334856
|move|p1a: Raging Bolt|Thunderbolt|p2a: Hoopa
|-damage|p2a: Hoopa|19/100 par
|move|p2a: Hoopa|Gunk Shot|p1a: Raging Bolt
|-damage|p1a: Raging Bolt|41/100
|
|-weather|RainDance|[upkeep]
|-heal|p1a: Raging Bolt|48/100|[from] item: Leftovers
|upkeep
|turn|4
|
|t:|1760334861
|move|p1a: Raging Bolt|Thunderbolt|p2a: Hoopa
|-damage|p2a: Hoopa|0 fnt
|faint|p2a: Hoopa
|
|-weather|RainDance|[upkeep]
|-heal|p1a: Raging Bolt|54/100|[from] item: Leftovers
|upkeep
|inactive|Mik22 has 120 seconds left.
|
|t:|1760334895
|switch|p2a: Ogerpon|Ogerpon-Wellspring, F|100/100
|turn|5
|
|t:|1760334905
|-end|p1a: Raging Bolt|Protosynthesis|[silent]
|switch|p1a: Rillaboom|Rillaboom, F|100/100
|-fieldstart|move: Grassy Terrain|[from] ability: Grassy Surge|[of] p1a: Rillaboom
|move|p2a: Ogerpon|Play Rough|p1a: Rillaboom
|-damage|p1a: Rillaboom|66/100
|
|-weather|RainDance|[upkeep]
|-heal|p1a: Rillaboom|72/100|[from] Grassy Terrain
|upkeep
|turn|6
|
|t:|1760334911
|switch|p2a: Iron Hands|Iron Hands|100/100
|move|p1a: Rillaboom|U-turn|p2a: Iron Hands
|-resisted|p2a: Iron Hands
|-damage|p2a: Iron Hands|88/100
|
|t:|1760334924
|switch|p1a: Cinderace|Cinderace, M|100/100|[from] U-turn
|
|-weather|RainDance|[upkeep]
|-heal|p2a: Iron Hands|94/100|[from] Grassy Terrain
|upkeep
|turn|7
|
|t:|1760334931
|move|p1a: Cinderace|Will-O-Wisp|p2a: Iron Hands|[miss]
|-miss|p1a: Cinderace|p2a: Iron Hands
|move|p2a: Iron Hands|Swords Dance|p2a: Iron Hands
|-boost|p2a: Iron Hands|atk|2
|
|-weather|RainDance|[upkeep]
|-heal|p2a: Iron Hands|99/100|[from] Grassy Terrain
|upkeep
|turn|8
|
|t:|1760334935
|move|p1a: Cinderace|Will-O-Wisp|p2a: Iron Hands
|-status|p2a: Iron Hands|brn
|move|p2a: Iron Hands|Drain Punch|p1a: Cinderace
|-damage|p1a: Cinderace|53/100
|-heal|p2a: Iron Hands|100/100 brn|[from] drain|[of] p1a: Cinderace
|
|-weather|none
|-heal|p1a: Cinderace|59/100|[from] Grassy Terrain
|-damage|p2a: Iron Hands|94/100 brn|[from] brn
|upkeep
|turn|9
|
|t:|1760334945
|move|p1a: Cinderace|U-turn|p2a: Iron Hands
|-start|p1a: Cinderace|typechange|Bug|[from] ability: Libero
|-resisted|p2a: Iron Hands
|-damage|p2a: Iron Hands|86/100 brn
|
|t:|1760334958
|switch|p1a: Corviknight|Corviknight, M|100/100|[from] U-turn
|-ability|p1a: Corviknight|Pressure
|move|p2a: Iron Hands|Swords Dance|p2a: Iron Hands
|-boost|p2a: Iron Hands|atk|2
|
|-heal|p2a: Iron Hands|92/100 brn|[from] Grassy Terrain
|-damage|p2a: Iron Hands|86/100 brn|[from] brn
|-fieldend|move: Grassy Terrain
|upkeep
|turn|10
|
|t:|1760334965
|switch|p1a: Clodsire|Clodsire, F|100/100
|move|p2a: Iron Hands|Thunder Punch|p1a: Clodsire
|-immune|p1a: Clodsire
|
|-damage|p2a: Iron Hands|80/100 brn|[from] brn
|upkeep
|turn|11
|
|t:|1760334971
|move|p2a: Iron Hands|Ice Punch|p1a: Clodsire
|-supereffective|p1a: Clodsire
|-damage|p1a: Clodsire|8/100
|move|p1a: Clodsire|Earthquake|p2a: Iron Hands
|-supereffective|p2a: Iron Hands
|-enditem|p2a: Iron Hands|Shuca Berry|[eat]
|-enditem|p2a: Iron Hands|Shuca Berry|[weaken]
|-damage|p2a: Iron Hands|63/100 brn
|
|-damage|p2a: Iron Hands|56/100 brn|[from] brn
|upkeep
|turn|12
|
|t:|1760334988
|switch|p1a: Corviknight|Corviknight, M|100/100
|-ability|p1a: Corviknight|Pressure
|move|p2a: Iron Hands|Drain Punch|p1a: Corviknight
|-damage|p1a: Corviknight|60/100
|-heal|p2a: Iron Hands|72/100 brn|[from] drain|[of] p1a: Corviknight
|
|-heal|p1a: Corviknight|67/100|[from] item: Leftovers
|-damage|p2a: Iron Hands|66/100 brn|[from] brn
|upkeep
|turn|13
|
|t:|1760334999
|-terastallize|p1a: Corviknight|Fighting
|move|p1a: Corviknight|Roost|p1a: Corviknight
|-heal|p1a: Corviknight|100/100
|move|p2a: Iron Hands|Drain Punch|p1a: Corviknight
|-damage|p1a: Corviknight|59/100
|-heal|p2a: Iron Hands|82/100 brn|[from] drain|[of] p1a: Corviknight
|
|-heal|p1a: Corviknight|65/100|[from] item: Leftovers
|-damage|p2a: Iron Hands|76/100 brn|[from] brn
|upkeep
|turn|14
|
|t:|1760335014
|move|p1a: Corviknight|Iron Defense|p1a: Corviknight
|-boost|p1a: Corviknight|def|2
|move|p2a: Iron Hands|Drain Punch|p1a: Corviknight
|-damage|p1a: Corviknight|45/100
|-heal|p2a: Iron Hands|84/100 brn|[from] drain|[of] p1a: Corviknight
|
|-heal|p1a: Corviknight|51/100|[from] item: Leftovers
|-damage|p2a: Iron Hands|78/100 brn|[from] brn
|upkeep
|turn|15
|
|t:|1760335019
|-end|p2a: Iron Hands|Quark Drive|[silent]
|switch|p2a: Pelipper|Pelipper, M|100/100
|-weather|RainDance|[from] ability: Drizzle|[of] p2a: Pelipper
|move|p1a: Corviknight|Roost|p1a: Corviknight
|-heal|p1a: Corviknight|100/100
|
|-weather|RainDance|[upkeep]
|upkeep
|turn|16
|
|t:|1760335025
|move|p1a: Corviknight|U-turn|p2a: Pelipper
|-resisted|p2a: Pelipper
|-damage|p2a: Pelipper|94/100
|
|t:|1760335029
|switch|p1a: Raging Bolt|Raging Bolt|54/100|[from] U-turn
|move|p2a: Pelipper|Hurricane|p1a: Raging Bolt
|-resisted|p1a: Raging Bolt
|-damage|p1a: Raging Bolt|40/100
|-start|p1a: Raging Bolt|confusion
|
|-weather|RainDance|[upkeep]
|-heal|p1a: Raging Bolt|46/100|[from] item: Leftovers
|upkeep
|turn|17
|
|t:|1760335041
|switch|p2a: Iron Hands|Iron Hands|78/100 brn
|-activate|p1a: Raging Bolt|confusion
|move|p1a: Raging Bolt|Thunderbolt|p2a: Iron Hands
|-resisted|p2a: Iron Hands
|-damage|p2a: Iron Hands|54/100 brn
|
|-weather|RainDance|[upkeep]
|-heal|p1a: Raging Bolt|52/100|[from] item: Leftovers
|-damage|p2a: Iron Hands|48/100 brn|[from] brn
|upkeep
|turn|18
|
|t:|1760335045
|-end|p1a: Raging Bolt|Protosynthesis|[silent]
|switch|p1a: Corviknight|Corviknight, M, tera:Fighting|100/100
|-ability|p1a: Corviknight|Pressure
|move|p2a: Iron Hands|Ice Punch|p1a: Corviknight
|-damage|p1a: Corviknight|91/100
|-status|p1a: Corviknight|frz
|
|-weather|RainDance|[upkeep]
|-heal|p1a: Corviknight|97/100 frz|[from] item: Leftovers
|-damage|p2a: Iron Hands|42/100 brn|[from] brn
|upkeep
|turn|19
|inactive|Mik22 has 120 seconds left.
|
|t:|1760335076
|-end|p2a: Iron Hands|Quark Drive|[silent]
|switch|p2a: Kingdra|Kingdra, M, shiny|100/100
|cant|p1a: Corviknight|frz
|
|-weather|RainDance|[upkeep]
|-heal|p1a: Corviknight|100/100 frz|[from] item: Leftovers
|upkeep
|turn|20
|
|t:|1760335083
|switch|p1a: Clodsire|Clodsire, F|8/100
|move|p2a: Kingdra|Weather Ball|p1a: Clodsire
|-heal|p1a: Clodsire|33/100|[from] ability: Water Absorb|[of] p2a: Kingdra
|
|-weather|RainDance|[upkeep]
|upkeep
|turn|21
|
|t:|1760335101
|switch|p2a: Ogerpon|Ogerpon-Wellspring, F|100/100
|move|p1a: Clodsire|Recover|p1a: Clodsire
|-heal|p1a: Clodsire|83/100
|
|-weather|RainDance|[upkeep]
|upkeep
|turn|22
|
|t:|1760335107
|move|p2a: Ogerpon|Horn Leech|p1a: Clodsire
|-damage|p1a: Clodsire|30/100
|move|p1a: Clodsire|Poison Jab|p2a: Ogerpon
|-supereffective|p2a: Ogerpon
|-damage|p2a: Ogerpon|40/100
|
|-weather|none
|upkeep
|turn|23
|
|t:|1760335117
|switch|p1a: Corviknight|Corviknight, M, tera:Fighting|100/100 frz
|-ability|p1a: Corviknight|Pressure
|move|p2a: Ogerpon|Horn Leech|p1a: Corviknight
|-damage|p1a: Corviknight|71/100 frz
|-heal|p2a: Ogerpon|60/100|[from] drain|[of] p1a: Corviknight
|
|-heal|p1a: Corviknight|77/100 frz|[from] item: Leftovers
|upkeep
|turn|24
|
|t:|1760335125
|move|p2a: Ogerpon|Swords Dance|p2a: Ogerpon
|-boost|p2a: Ogerpon|atk|2
|cant|p1a: Corviknight|frz
|
|-heal|p1a: Corviknight|83/100 frz|[from] item: Leftovers
|upkeep
|turn|25
|
|t:|1760335130
|switch|p1a: Clodsire|Clodsire, F|30/100
|move|p2a: Ogerpon|Horn Leech|p1a: Clodsire
|-damage|p1a: Clodsire|0 fnt
|-heal|p2a: Ogerpon|83/100|[from] drain|[of] p1a: Clodsire
|faint|p1a: Clodsire
|
|upkeep
|
|t:|1760335134
|switch|p1a: Cinderace|Cinderace, M|59/100
|turn|26
|
|t:|1760335146
|switch|p2a: Iron Hands|Iron Hands|42/100 brn
|move|p1a: Cinderace|Will-O-Wisp|p2a: Iron Hands
|-fail|p2a: Iron Hands|brn
|
|-damage|p2a: Iron Hands|36/100 brn|[from] brn
|upkeep
|turn|27
|
|t:|1760335154
|move|p1a: Cinderace|U-turn|p2a: Iron Hands
|-start|p1a: Cinderace|typechange|Bug|[from] ability: Libero
|-resisted|p2a: Iron Hands
|-damage|p2a: Iron Hands|28/100 brn
|
|t:|1760335159
|switch|p1a: Corviknight|Corviknight, M, tera:Fighting|83/100 frz|[from] U-turn
|-ability|p1a: Corviknight|Pressure
|move|p2a: Iron Hands|Swords Dance|p2a: Iron Hands
|-boost|p2a: Iron Hands|atk|2
|
|-heal|p1a: Corviknight|90/100 frz|[from] item: Leftovers
|-damage|p2a: Iron Hands|22/100 brn|[from] brn
|upkeep
|turn|28
|
|t:|1760335166
|cant|p1a: Corviknight|frz
|move|p2a: Iron Hands|Drain Punch|p1a: Corviknight
|-damage|p1a: Corviknight|59/100 frz
|-heal|p2a: Iron Hands|34/100 brn|[from] drain|[of] p1a: Corviknight
|
|-heal|p1a: Corviknight|65/100 frz|[from] item: Leftovers
|-damage|p2a: Iron Hands|28/100 brn|[from] brn
|upkeep
|turn|29
|
|t:|1760335169
|-end|p2a: Iron Hands|Quark Drive|[silent]
|switch|p2a: Pelipper|Pelipper, M|94/100
|-weather|RainDance|[from] ability: Drizzle|[of] p2a: Pelipper
|cant|p1a: Corviknight|frz
|
|-weather|RainDance|[upkeep]
|-heal|p1a: Corviknight|71/100 frz|[from] item: Leftovers
|upkeep
|turn|30
|
|t:|1760335176
|cant|p1a: Corviknight|frz
|move|p2a: Pelipper|Hurricane|p1a: Corviknight
|-supereffective|p1a: Corviknight
|-damage|p1a: Corviknight|0 fnt
|faint|p1a: Corviknight
|
|-weather|RainDance|[upkeep]
|upkeep
|
|t:|1760335183
|switch|p1a: Raging Bolt|Raging Bolt|52/100
|turn|31
|
|t:|1760335189
|switch|p2a: Iron Hands|Iron Hands|28/100 brn
|move|p1a: Raging Bolt|Dragon Pulse|p2a: Iron Hands
|-damage|p2a: Iron Hands|0 fnt
|faint|p2a: Iron Hands
|-end|p2a: Iron Hands|Quark Drive|[silent]
|
|-weather|RainDance|[upkeep]
|-heal|p1a: Raging Bolt|58/100|[from] item: Leftovers
|upkeep
|
|t:|1760335196
|switch|p2a: Ogerpon|Ogerpon-Wellspring, F|83/100
|turn|32
|
|t:|1760335208
|move|p2a: Ogerpon|Play Rough|p1a: Raging Bolt
|-supereffective|p1a: Raging Bolt
|-damage|p1a: Raging Bolt|6/100
|move|p1a: Raging Bolt|Thunderbolt|p2a: Ogerpon
|-damage|p2a: Ogerpon|15/100
|
|-weather|RainDance|[upkeep]
|-heal|p1a: Raging Bolt|12/100|[from] item: Leftovers
|upkeep
|turn|33
|
|t:|1760335218
|move|p1a: Raging Bolt|Thunderclap|p2a: Ogerpon
|-damage|p2a: Ogerpon|0 fnt
|faint|p2a: Ogerpon
|
|-weather|RainDance|[upkeep]
|-heal|p1a: Raging Bolt|18/100|[from] item: Leftovers
|upkeep
|
|t:|1760335223
|switch|p2a: Kingdra|Kingdra, M, shiny|100/100
|turn|34
|
|t:|1760335229
|-end|p1a: Raging Bolt|Protosynthesis|[silent]
|switch|p1a: Primarina|Primarina, M|100/100
|move|p2a: Kingdra|Weather Ball|p1a: Primarina
|-resisted|p1a: Primarina
|-damage|p1a: Primarina|52/100
|
|-weather|RainDance|[upkeep]
|-heal|p1a: Primarina|58/100|[from] item: Leftovers
|upkeep
|turn|35
|
|t:|1760335236
|-terastallize|p2a: Kingdra|Water
|move|p2a: Kingdra|Weather Ball|p1a: Primarina
|-resisted|p1a: Primarina
|-damage|p1a: Primarina|1/100
|move|p1a: Primarina|Draining Kiss|p2a: Kingdra
|-damage|p2a: Kingdra|71/100
|-heal|p1a: Primarina|21/100|[from] drain|[of] p2a: Kingdra
|
|-weather|RainDance|[upkeep]
|-heal|p1a: Primarina|27/100|[from] item: Leftovers
|upkeep
|turn|36
|inactive|HAGallium has 120 seconds left.
|
|t:|1760335289
|switch|p1a: Rillaboom|Rillaboom, F|72/100
|-fieldstart|move: Grassy Terrain|[from] ability: Grassy Surge|[of] p1a: Rillaboom
|move|p2a: Kingdra|Weather Ball|p1a: Rillaboom
|-resisted|p1a: Rillaboom
|-damage|p1a: Rillaboom|5/100
|
|-weather|none
|-heal|p2a: Kingdra|77/100|[from] Grassy Terrain
|-heal|p1a: Rillaboom|11/100|[from] Grassy Terrain
|upkeep
|turn|37
|
|t:|1760335297
|switch|p2a: Kingambit|Kingambit, M, shiny|100/100
|-activate|p2a: Kingambit|ability: Supreme Overlord
|-start|p2a: Kingambit|fallen3|[silent]
|move|p1a: Rillaboom|Grassy Glide|p2a: Kingambit
|-resisted|p2a: Kingambit
|-damage|p2a: Kingambit|77/100
|
|-heal|p1a: Rillaboom|17/100|[from] Grassy Terrain
|-heal|p2a: Kingambit|83/100|[from] Grassy Terrain
|upkeep
|turn|38
|
|t:|1760335300
|switch|p1a: Cinderace|Cinderace, M|59/100
|move|p2a: Kingambit|Kowtow Cleave|p1a: Cinderace
|-damage|p1a: Cinderace|0 fnt
|faint|p1a: Cinderace
|
|-heal|p2a: Kingambit|89/100|[from] Grassy Terrain
|upkeep
|inactive|HAGallium has 120 seconds left.
|
|t:|1760335308
|switch|p1a: Rillaboom|Rillaboom, F|17/100
|turn|39
|
|t:|1760335312
|move|p1a: Rillaboom|Low Kick|p2a: Kingambit
|-supereffective|p2a: Kingambit
|-damage|p2a: Kingambit|0 fnt
|faint|p2a: Kingambit
|-end|p2a: Kingambit|fallen3|[silent]
|
|-heal|p1a: Rillaboom|24/100|[from] Grassy Terrain
|upkeep
|
|t:|1760335315
|switch|p2a: Pelipper|Pelipper, M|94/100
|-weather|RainDance|[from] ability: Drizzle|[of] p2a: Pelipper
|turn|40
|
|t:|1760335318
|switch|p1a: Primarina|Primarina, M|27/100
|move|p2a: Pelipper|Hurricane|p1a: Primarina
|-damage|p1a: Primarina|0 fnt
|faint|p1a: Primarina
|
|-weather|RainDance|[upkeep]
|-fieldend|move: Grassy Terrain
|upkeep
|
|t:|1760335321
|switch|p1a: Raging Bolt|Raging Bolt|18/100
|turn|41
|
|t:|1760335348
|move|p1a: Raging Bolt|Thunderclap|p2a: Pelipper
|-supereffective|p2a: Pelipper
|-damage|p2a: Pelipper|0 fnt
|faint|p2a: Pelipper
|
|-weather|RainDance|[upkeep]
|-heal|p1a: Raging Bolt|24/100|[from] item: Leftovers
|upkeep
|
|t:|1760335350
|switch|p2a: Kingdra|Kingdra, M, shiny, tera:Water|77/100
|turn|42
|
|t:|1760335352
|move|p1a: Raging Bolt|Thunderclap|p2a: Kingdra
|-supereffective|p2a: Kingdra
|-damage|p2a: Kingdra|0 fnt
|faint|p2a: Kingdra
|
|win|HAGallium
|raw|HAGallium's rating: 1460 &rarr; <strong>1478</strong><br />(+18 for winning)
|raw|Mik22's rating: 1423 &rarr; <strong>1405</strong><br />(-18 for losing)
|l|☆Mik22
|player|p2|
