|j|☆Sakamotouno
|j|☆Arcadia Dominus
|t:|1760457930
|gametype|singles
|player|p1|Sakamotouno|drayden|1533
|player|p2|Arcadia Dominus|red-masters2|1523
|gen|9
|tier|[Gen 9] OU
|rated|
|rule|HP Percentage Mod: HP is shown in percentages
|rule|Endless Battle Clause: Forcing endless battles is banned
|rule|Species Clause: Limit one of each Pokémon
|rule|OHKO Clause: OHKO moves are banned
|rule|Evasion Items Clause: Evasion items are banned
|rule|Evasion Moves Clause: Evasion moves are banned
|rule|Evasion Abilities Clause: Evasion abilities are banned
|rule|Sleep Moves Clause: Sleep-inducing moves are banned
|clearpoke
|poke|p1|Kyurem|
|poke|p1|Great Tusk|
|poke|p1|Heatran, F|
|poke|p1|Zamazenta-*|
|poke|p1|Tornadus-Therian, M|
|poke|p1|Hatterene, F|
|poke|p2|Indeedee, M|
|poke|p2|Hawlucha, F|
|poke|p2|Deoxys-Speed|
|poke|p2|Hatterene, F|
|poke|p2|Delphox, M|
|poke|p2|Polteageist|
|teampreview
|inactive|Battle timer is ON: inactive players will automatically lose when time's up. (requested by Sakamotouno)
|inactive|Arcadia Dominus also wants the timer to be on.
|
|t:|1760457944
|teamsize|p1|6
|teamsize|p2|6
|start
|switch|p1a: Kyurem|Kyurem|100/100
|switch|p2a: Indeedee|Indeedee, M|100/100
|-fieldstart|move: Psychic Terrain|[from] ability: Psychic Surge|[of] p2a: Indeedee
|-ability|p1a: Kyurem|Pressure
|turn|1
|inactive|Arcadia Dominus has 120 seconds left.
|inactive|Arcadia Dominus has 90 seconds left.
|
|t:|1760458012
|move|p2a: Indeedee|Expanding Force|p1a: Kyurem
|-damage|p1a: Kyurem|33/100
|move|p1a: Kyurem|Dragon Dance|p1a: Kyurem
|-boost|p1a: Kyurem|atk|1
|-boost|p1a: Kyurem|spe|1
|
|upkeep
|turn|2
|inactive|Arcadia Dominus has 90 seconds left.
|
|t:|1760458020
|switch|p2a: Hatterene|Hatterene, F|100/100
|move|p1a: Kyurem|Scale Shot|p2a: Hatterene
|-immune|p2a: Hatterene
|
|upkeep
|turn|3
|
|t:|1760458023
|-terastallize|p1a: Kyurem|Ground
|move|p1a: Kyurem|Dragon Dance|p1a: Kyurem
|-boost|p1a: Kyurem|atk|1
|-boost|p1a: Kyurem|spe|1
|move|p2a: Hatterene|Nuzzle|p1a: Kyurem
|-immune|p1a: Kyurem
|
|upkeep
|turn|4
|
|t:|1760458032
|move|p1a: Kyurem|Icicle Spear|p2a: Hatterene
|-damage|p2a: Hatterene|78/100
|-crit|p2a: Hatterene
|-damage|p2a: Hatterene|45/100
|-crit|p2a: Hatterene
|-damage|p2a: Hatterene|16/100
|-damage|p2a: Hatterene|0 fnt
|faint|p2a: Hatterene
|-hitcount|p2: Hatterene|4
|
|upkeep
|
|t:|1760458049
|switch|p2a: Hawlucha|Hawlucha, F|100/100
|-enditem|p2a: Hawlucha|Psychic Seed
|-boost|p2a: Hawlucha|spd|1|[from] item: Psychic Seed
|turn|5
|
|t:|1760458056
|move|p1a: Kyurem|Scale Shot|p2a: Hawlucha
|-damage|p2a: Hawlucha|65/100
|-damage|p2a: Hawlucha|33/100
|-damage|p2a: Hawlucha|2/100
|-damage|p2a: Hawlucha|0 fnt
|faint|p2a: Hawlucha
|-hitcount|p2: Hawlucha|4
|-unboost|p1a: Kyurem|def|1
|-boost|p1a: Kyurem|spe|1
|
|upkeep
|
|t:|1760458067
|switch|p2a: Indeedee|Indeedee, M|100/100
|turn|6
|
|t:|1760458070
|-terastallize|p2a: Indeedee|Fairy
|move|p1a: Kyurem|Icicle Spear|p2a: Indeedee
|-damage|p2a: Indeedee|45/100
|-damage|p2a: Indeedee|0 fnt
|faint|p2a: Indeedee
|-hitcount|p2: Indeedee|2
|
|upkeep
|
|t:|1760458075
|switch|p2a: Deoxys|Deoxys-Speed, shiny|100/100
|-ability|p2a: Deoxys|Pressure
|turn|7
|
|t:|1760458084
|move|p1a: Kyurem|Icicle Spear|p2a: Deoxys
|-damage|p2a: Deoxys|65/100
|-damage|p2a: Deoxys|27/100
|-damage|p2a: Deoxys|0 fnt
|faint|p2a: Deoxys
|-hitcount|p2: Deoxys|3
|
|upkeep
|
|t:|1760458087
|switch|p2a: Tricky|Delphox, M, shiny|100/100
|turn|8
|
|t:|1760458094
|move|p1a: Kyurem|Tera Blast|p2a: Tricky|[anim] Tera Blast Ground
|-supereffective|p2a: Tricky
|-damage|p2a: Tricky|0 fnt
|faint|p2a: Tricky
|
|-fieldend|move: Psychic Terrain
|upkeep
|-message|Arcadia Dominus forfeited.
|
|win|Sakamotouno
|raw|Sakamotouno's rating: 1533 &rarr; <strong>1552</strong><br />(+19 for winning)
|raw|Arcadia Dominus's rating: 1523 &rarr; <strong>1504</strong><br />(-19 for losing)
|l|☆Arcadia Dominus
|player|p2|
|l|☆Sakamotouno
|player|p1|
