|j|☆excelio21
|j|☆wakiyama0405
|t:|1760433230
|gametype|singles
|player|p1|excelio21|riley|1469
|player|p2|wakiyama0405|nurseryaide|1418
|gen|9
|tier|[Gen 9] OU
|rated|
|rule|HP Percentage Mod: HP is shown in percentages
|rule|Endless Battle Clause: Forcing endless battles is banned
|rule|Species Clause: Limit one of each Pokémon
|rule|OHKO Clause: OHKO moves are banned
|rule|Evasion Items Clause: Evasion items are banned
|rule|Evasion Moves Clause: Evasion moves are banned
|rule|Evasion Abilities Clause: Evasion abilities are banned
|rule|Sleep Moves Clause: Sleep-inducing moves are banned
|clearpoke
|poke|p1|Ogerpon-Wellspring, F|
|poke|p1|Blissey, F|
|poke|p1|Weezing-Galar, F|
|poke|p1|Primarina, F|
|poke|p1|Weavile, F|
|poke|p1|Pelipper, F|
|poke|p2|Indeedee, M|
|poke|p2|Polteageist|
|poke|p2|Armarouge, F|
|poke|p2|Hatterene, F|
|poke|p2|Deoxys-Speed|
|poke|p2|Kyurem|
|teampreview
|inactive|Battle timer is ON: inactive players will automatically lose when time's up. (requested by excelio21)
|
|t:|1760433246
|teamsize|p1|6
|teamsize|p2|6
|start
|switch|p1a: Weavile|Weavile, F|100/100
|switch|p2a: Deoxys|Deoxys-Speed|100/100
|-ability|p2a: Deoxys|Pressure
|-ability|p1a: Weavile|Pressure
|turn|1
|
|t:|1760433255
|switch|p1a: Pelipper|Pelipper, F|100/100
|-weather|RainDance|[from] ability: Drizzle|[of] p1a: Pelipper
|move|p2a: Deoxys|Focus Blast|p1a: Pelipper
|-resisted|p1a: Pelipper
|-damage|p1a: Pelipper|66/100
|-unboost|p1a: Pelipper|spd|1
|-damage|p2a: Deoxys|91/100|[from] item: Life Orb
|
|-weather|RainDance|[upkeep]
|upkeep
|turn|2
|
|t:|1760433276
|switch|p2a: Indeedee|Indeedee, M|100/100
|-fieldstart|move: Psychic Terrain|[from] ability: Psychic Surge|[of] p2a: Indeedee
|move|p1a: Pelipper|Surf|p2a: Indeedee
|-damage|p2a: Indeedee|0 fnt
|faint|p2a: Indeedee
|
|-weather|RainDance|[upkeep]
|upkeep
|
|t:|1760433287
|switch|p2a: Polteageist|Polteageist|100/100
|turn|3
|
|t:|1760433292
|move|p2a: Polteageist|Shell Smash|p2a: Polteageist
|-unboost|p2a: Polteageist|def|1
|-unboost|p2a: Polteageist|spd|1
|-boost|p2a: Polteageist|atk|2
|-boost|p2a: Polteageist|spa|2
|-boost|p2a: Polteageist|spe|2
|move|p1a: Pelipper|Surf|p2a: Polteageist
|-enditem|p2a: Polteageist|Focus Sash
|-damage|p2a: Polteageist|1/100
|
|-weather|RainDance|[upkeep]
|upkeep
|turn|4
|
|t:|1760433315
|-terastallize|p2a: Polteageist|Fighting
|move|p2a: Polteageist|Tera Blast|p1a: Pelipper|[anim] Tera Blast Fighting
|-resisted|p1a: Pelipper
|-damage|p1a: Pelipper|0 fnt
|faint|p1a: Pelipper
|
|-weather|RainDance|[upkeep]
|upkeep
|inactive|excelio21 has 120 seconds left.
|
|t:|1760433345
|switch|p1a: Blissey|Blissey, F|100/100
|turn|5
|
|t:|1760433357
|-terastallize|p1a: Blissey|Ghost
|move|p2a: Polteageist|Tera Blast|p1a: Blissey|[anim] Tera Blast Fighting
|-immune|p1a: Blissey
|move|p1a: Blissey|Seismic Toss|p2a: Polteageist
|-damage|p2a: Polteageist|0 fnt
|faint|p2a: Polteageist
|
|-weather|none
|upkeep
|
|t:|1760433362
|switch|p2a: Kyurem|Kyurem|100/100
|-ability|p2a: Kyurem|Pressure
|turn|6
|
|t:|1760433372
|switch|p2a: Deoxys|Deoxys-Speed|91/100
|-ability|p2a: Deoxys|Pressure
|move|p1a: Blissey|Seismic Toss|p2a: Deoxys
|-damage|p2a: Deoxys|49/100
|
|upkeep
|turn|7
|inactive|excelio21 has 120 seconds left.
|
|t:|1760433380
|move|p2a: Deoxys|Shadow Ball|p1a: Blissey
|-supereffective|p1a: Blissey
|-damage|p1a: Blissey|76/100
|-damage|p2a: Deoxys|39/100|[from] item: Life Orb
|move|p1a: Blissey|Stealth Rock|p2a: Deoxys
|-sidestart|p2: wakiyama0405|move: Stealth Rock
|
|-heal|p1a: Blissey|83/100|[from] item: Leftovers
|upkeep
|turn|8
|
|t:|1760433383
|move|p2a: Deoxys|Shadow Ball|p1a: Blissey
|-supereffective|p1a: Blissey
|-damage|p1a: Blissey|57/100
|-damage|p2a: Deoxys|29/100|[from] item: Life Orb
|move|p1a: Blissey|Seismic Toss|p2a: Deoxys
|-damage|p2a: Deoxys|0 fnt
|faint|p2a: Deoxys
|
|-heal|p1a: Blissey|63/100|[from] item: Leftovers
|upkeep
|
|t:|1760433385
|switch|p2a: Kyurem|Kyurem|100/100
|-damage|p2a: Kyurem|76/100|[from] Stealth Rock
|-ability|p2a: Kyurem|Pressure
|turn|9
|
|t:|1760433388
|move|p2a: Kyurem|Dragon Dance|p2a: Kyurem
|-boost|p2a: Kyurem|atk|1
|-boost|p2a: Kyurem|spe|1
|move|p1a: Blissey|Seismic Toss|p2a: Kyurem
|-damage|p2a: Kyurem|50/100
|
|-heal|p1a: Blissey|69/100|[from] item: Leftovers
|-fieldend|move: Psychic Terrain
|upkeep
|turn|10
|
|t:|1760433392
|move|p2a: Kyurem|Dragon Dance|p2a: Kyurem
|-boost|p2a: Kyurem|atk|1
|-boost|p2a: Kyurem|spe|1
|move|p1a: Blissey|Thunder Wave|p2a: Kyurem
|-status|p2a: Kyurem|par
|
|-heal|p1a: Blissey|75/100|[from] item: Leftovers
|upkeep
|turn|11
|
|t:|1760433395
|move|p2a: Kyurem|Dragon Dance|p2a: Kyurem
|-boost|p2a: Kyurem|atk|1
|-boost|p2a: Kyurem|spe|1
|move|p1a: Blissey|Seismic Toss|p2a: Kyurem
|-damage|p2a: Kyurem|25/100 par
|
|-heal|p1a: Blissey|81/100|[from] item: Leftovers
|upkeep
|turn|12
|
|t:|1760433401
|cant|p2a: Kyurem|par
|move|p1a: Blissey|Seismic Toss|p2a: Kyurem
|-damage|p2a: Kyurem|0 fnt
|faint|p2a: Kyurem
|
|-heal|p1a: Blissey|87/100|[from] item: Leftovers
|upkeep
|-message|wakiyama0405 forfeited.
|
|win|excelio21
|raw|excelio21's rating: 1469 &rarr; <strong>1486</strong><br />(+17 for winning)
|raw|wakiyama0405's rating: 1418 &rarr; <strong>1401</strong><br />(-17 for losing)
|l|☆wakiyama0405
|player|p2|
