|j|☆Yz99999
|j|☆Barronmaster
|t:|1760339816
|gametype|singles
|player|p1|Yz99999|2|1509
|player|p2|Barronmaster|palmer|1623
|gen|9
|tier|[Gen 9] OU
|rated|
|rule|HP Percentage Mod: HP is shown in percentages
|rule|Endless Battle Clause: Forcing endless battles is banned
|rule|Species Clause: Limit one of each Pokémon
|rule|OHKO Clause: OHKO moves are banned
|rule|Evasion Items Clause: Evasion items are banned
|rule|Evasion Moves Clause: Evasion moves are banned
|rule|Evasion Abilities Clause: Evasion abilities are banned
|rule|Sleep Moves Clause: Sleep-inducing moves are banned
|clearpoke
|poke|p1|Garganacl, F|
|poke|p1|Corviknight, F|
|poke|p1|Great Tusk|
|poke|p1|Scizor, F|
|poke|p1|Raging Bolt|
|poke|p1|Maushold|
|poke|p2|Hoopa-Unbound|
|poke|p2|Ninetales-Alola, F|
|poke|p2|Slowking-Galar, F|
|poke|p2|Cloyster, F|
|poke|p2|Zoroark, F|
|poke|p2|Indeedee, M|
|teampreview
|
|t:|1760339819
|teamsize|p1|6
|teamsize|p2|6
|start
|switch|p1a: Maushold|Maushold|100/100
|switch|p2a: Hoopa|Hoopa-Unbound|100/100
|turn|1
|
|t:|1760339828
|move|p2a: Hoopa|Sucker Punch|p1a: Maushold
|-damage|p1a: Maushold|30/100
|-damage|p2a: Hoopa|91/100|[from] item: Life Orb
|move|p1a: Maushold|Population Bomb|p2a: Hoopa
|-damage|p2a: Hoopa|67/100
|replace|p2a: Zoroark|Zoroark, F
|-end|p2a: Zoroark|Illusion
|-hitcount|p2a: Zoroark|1
|
|upkeep
|turn|2
|inactive|Battle timer is ON: inactive players will automatically lose when time's up. (requested by Yz99999)
|
|t:|1760339852
|switch|p1a: Corviknight|Corviknight, F|100/100
|-ability|p1a: Corviknight|Pressure
|switch|p2a: Cloyster|Cloyster, F|100/100
|
|upkeep
|turn|3
|
|t:|1760339867
|switch|p2a: Ninetales|Ninetales-Alola, F|100/100
|-weather|Snowscape|[from] ability: Snow Warning|[of] p2a: Ninetales
|move|p1a: Corviknight|U-turn|p2a: Ninetales
|-resisted|p2a: Ninetales
|-damage|p2a: Ninetales|94/100
|
|t:|1760339874
|switch|p1a: Maushold|Maushold|30/100|[from] U-turn
|
|-weather|Snowscape|[upkeep]
|upkeep
|turn|4
|
|t:|1760339892
|-terastallize|p1a: Maushold|Normal
|-terastallize|p2a: Ninetales|Steel
|move|p1a: Maushold|Population Bomb|p2a: Ninetales
|-resisted|p2a: Ninetales
|-damage|p2a: Ninetales|82/100
|-resisted|p2a: Ninetales
|-damage|p2a: Ninetales|71/100
|-resisted|p2a: Ninetales
|-damage|p2a: Ninetales|60/100
|-resisted|p2a: Ninetales
|-damage|p2a: Ninetales|49/100
|-resisted|p2a: Ninetales
|-damage|p2a: Ninetales|38/100
|-resisted|p2a: Ninetales
|-damage|p2a: Ninetales|26/100
|-resisted|p2a: Ninetales
|-damage|p2a: Ninetales|15/100
|-resisted|p2a: Ninetales
|-damage|p2a: Ninetales|4/100
|-resisted|p2a: Ninetales
|-damage|p2a: Ninetales|0 fnt
|faint|p2a: Ninetales
|-hitcount|p2: Ninetales|9
|
|-weather|Snowscape|[upkeep]
|upkeep
|
|t:|1760339907
|switch|p2a: Cloyster|Cloyster, F|100/100
|turn|5
|inactive|Yz99999 has 120 seconds left.
|l|☆Yz99999
|inactive|Yz99999 disconnected and has a minute to reconnect!
|player|p1|
|j|☆Yz99999
|inactive|Yz99999 reconnected and has 105 seconds left.
|player|p1|Yz99999|2|
|
|t:|1760339956
|switch|p1a: Corviknight|Corviknight, F|100/100
|-ability|p1a: Corviknight|Pressure
|move|p2a: Cloyster|Shell Smash|p2a: Cloyster
|-unboost|p2a: Cloyster|def|1
|-unboost|p2a: Cloyster|spd|1
|-boost|p2a: Cloyster|atk|2
|-boost|p2a: Cloyster|spa|2
|-boost|p2a: Cloyster|spe|2
|
|-weather|Snowscape|[upkeep]
|upkeep
|turn|6
|
|t:|1760339959
|move|p2a: Cloyster|Icicle Spear|p1a: Corviknight
|-damage|p1a: Corviknight|81/100
|-damage|p1a: Corviknight|61/100
|-damage|p1a: Corviknight|41/100
|-damage|p1a: Corviknight|22/100
|-damage|p1a: Corviknight|3/100
|-hitcount|p1a: Corviknight|5
|move|p1a: Corviknight|U-turn|p2a: Cloyster
|-damage|p2a: Cloyster|88/100
|
|t:|1760339961
|switch|p1a: Scizor|Scizor, F|100/100|[from] U-turn
|
|-weather|Snowscape|[upkeep]
|upkeep
|turn|7
|
|t:|1760339965
|move|p1a: Scizor|Bullet Punch|p2a: Cloyster
|-damage|p2a: Cloyster|46/100
|move|p2a: Cloyster|Rock Blast|p1a: Scizor
|-damage|p1a: Scizor|84/100
|-damage|p1a: Scizor|69/100
|-damage|p1a: Scizor|54/100
|-damage|p1a: Scizor|38/100
|-damage|p1a: Scizor|22/100
|-hitcount|p1a: Scizor|5
|
|-weather|none
|upkeep
|turn|8
|
|t:|1760339973
|move|p2a: Cloyster|Ice Shard|p1a: Scizor
|-resisted|p1a: Scizor
|-damage|p1a: Scizor|3/100
|move|p1a: Scizor|Bullet Punch|p2a: Cloyster
|-damage|p2a: Cloyster|0 fnt
|faint|p2a: Cloyster
|
|upkeep
|
|t:|1760339981
|switch|p2a: Hoopa|Hoopa-Unbound|67/100
|turn|9
|
|t:|1760339985
|move|p2a: Hoopa|Sucker Punch|p1a: Scizor
|-damage|p1a: Scizor|0 fnt
|faint|p1a: Scizor
|-damage|p2a: Hoopa|57/100|[from] item: Life Orb
|
|upkeep
|
|t:|1760339991
|switch|p1a: Great Tusk|Great Tusk|100/100
|turn|10
|
|t:|1760339996
|move|p2a: Hoopa|Flamethrower|p1a: Great Tusk
|-damage|p1a: Great Tusk|51/100
|-damage|p2a: Hoopa|47/100|[from] item: Life Orb
|move|p1a: Great Tusk|Headlong Rush|p2a: Hoopa
|-damage|p2a: Hoopa|0 fnt
|-unboost|p1a: Great Tusk|def|1
|-unboost|p1a: Great Tusk|spd|1
|replace|p2a: Zoroark|Zoroark, F
|-end|p2a: Zoroark|Illusion
|faint|p2a: Zoroark
|
|upkeep
|
|t:|1760340001
|switch|p2a: Hoopa|Hoopa-Unbound|100/100
|turn|11
|
|t:|1760340012
|move|p1a: Great Tusk|Headlong Rush|p2a: Hoopa
|-damage|p2a: Hoopa|0 fnt
|-unboost|p1a: Great Tusk|def|1
|-unboost|p1a: Great Tusk|spd|1
|faint|p2a: Hoopa
|
|upkeep
|-message|Barronmaster forfeited.
|
|win|Yz99999
|raw|Yz99999's rating: 1509 &rarr; <strong>1535</strong><br />(+26 for winning)
|raw|Barronmaster's rating: 1623 &rarr; <strong>1597</strong><br />(-26 for losing)
|l|☆Barronmaster
|player|p2|
|l|☆Yz99999
|player|p1|
