|j|☆ripwal36
|j|☆animeGametestteam
|t:|1760393996
|gametype|singles
|player|p1|ripwal36|101|1316
|player|p2|animeGametestteam|acetrainer-gen4dp|1279
|gen|9
|tier|[Gen 9] OU
|rated|
|rule|HP Percentage Mod: HP is shown in percentages
|rule|Endless Battle Clause: Forcing endless battles is banned
|rule|Species Clause: Limit one of each Pokémon
|rule|OHKO Clause: OHKO moves are banned
|rule|Evasion Items Clause: Evasion items are banned
|rule|Evasion Moves Clause: Evasion moves are banned
|rule|Evasion Abilities Clause: Evasion abilities are banned
|rule|Sleep Moves Clause: Sleep-inducing moves are banned
|clearpoke
|poke|p1|Kingambit, F|
|poke|p1|Cinderace, F|
|poke|p1|Landorus-Therian, M|
|poke|p1|Iron Valiant|
|poke|p1|Kyurem|
|poke|p1|Slowking-Galar, M|
|poke|p2|Hydreigon, M|
|poke|p2|Excadrill, M|
|poke|p2|Conkeldurr, M|
|poke|p2|Galvantula, M|
|poke|p2|Krookodile, M|
|poke|p2|Serperior, M|
|teampreview
|
|t:|1760394004
|teamsize|p1|6
|teamsize|p2|6
|start
|switch|p1a: Kristine|Cinderace, F, shiny|100/100
|switch|p2a: Serperior|Serperior, M|100/100
|turn|1
|
|t:|1760394015
|-terastallize|p2a: Serperior|Fire
|move|p1a: Kristine|U-turn|p2a: Serperior
|-resisted|p2a: Serperior
|-damage|p2a: Serperior|91/100
|
|t:|1760394026
|switch|p1a: Chillionaire|Slowking-Galar, M, shiny|100/100|[from] U-turn
|move|p2a: Serperior|Glare|p1a: Chillionaire
|-status|p1a: Chillionaire|par
|
|-heal|p2a: Serperior|97/100|[from] item: Leftovers
|upkeep
|turn|2
|
|t:|1760394035
|move|p2a: Serperior|Substitute|p2a: Serperior
|-start|p2a: Serperior|Substitute
|-damage|p2a: Serperior|72/100
|-prepare|p1a: Chillionaire|Chilly Reception|[premajor]
|move|p1a: Chillionaire|Chilly Reception|p1a: Chillionaire
|-weather|Snowscape
|
|t:|1760394042
|switch|p1a: WALL-Y|Iron Valiant|100/100|[from] Chilly Reception
|-enditem|p1a: WALL-Y|Booster Energy
|-activate|p1a: WALL-Y|ability: Quark Drive|[fromitem]
|-start|p1a: WALL-Y|quarkdrivespe
|
|-weather|Snowscape|[upkeep]
|-heal|p2a: Serperior|78/100|[from] item: Leftovers
|upkeep
|turn|3
|
|t:|1760394051
|move|p1a: WALL-Y|Encore|p2a: Serperior
|-start|p2a: Serperior|Encore
|move|p2a: Serperior|Substitute|p2a: Serperior
|-fail|p2a: Serperior|move: Substitute
|
|-weather|Snowscape|[upkeep]
|-heal|p2a: Serperior|85/100|[from] item: Leftovers
|upkeep
|turn|4
|
|t:|1760394060
|switch|p2a: Galvantula|Galvantula, M|100/100
|move|p1a: WALL-Y|Calm Mind|p1a: WALL-Y
|-boost|p1a: WALL-Y|spa|1
|-boost|p1a: WALL-Y|spd|1
|
|-weather|Snowscape|[upkeep]
|upkeep
|turn|5
|
|t:|1760394069
|move|p1a: WALL-Y|Moonblast|p2a: Galvantula
|-enditem|p2a: Galvantula|Focus Sash
|-damage|p2a: Galvantula|1/100
|move|p2a: Galvantula|Thunder Wave|p1a: WALL-Y
|-status|p1a: WALL-Y|par
|
|-weather|Snowscape|[upkeep]
|upkeep
|turn|6
|
|t:|1760394078
|move|p2a: Galvantula|Sticky Web|p1a: WALL-Y
|-sidestart|p1: ripwal36|move: Sticky Web
|cant|p1a: WALL-Y|par
|
|-weather|none
|upkeep
|turn|7
|
|t:|1760394086
|move|p2a: Galvantula|Thunder|p1a: WALL-Y
|-damage|p1a: WALL-Y|41/100 par
|move|p1a: WALL-Y|Moonblast|p2a: Galvantula
|-damage|p2a: Galvantula|0 fnt
|faint|p2a: Galvantula
|
|upkeep
|
|t:|1760394098
|switch|p2a: Excadrill|Excadrill, M|100/100
|-ability|p2a: Excadrill|Mold Breaker
|turn|8
|
|t:|1760394105
|move|p2a: Excadrill|Iron Head|p1a: WALL-Y
|-supereffective|p1a: WALL-Y
|-damage|p1a: WALL-Y|0 fnt
|faint|p1a: WALL-Y
|-end|p1a: WALL-Y|Quark Drive|[silent]
|
|upkeep
|
|t:|1760394129
|switch|p1a: Homelandor|Landorus-Therian, M, shiny|100/100
|-ability|p1a: Homelandor|Intimidate|boost
|-unboost|p2a: Excadrill|atk|1
|turn|9
|
|t:|1760394138
|move|p1a: Homelandor|U-turn|p2a: Excadrill
|-resisted|p2a: Excadrill
|-damage|p2a: Excadrill|84/100
|
|t:|1760394149
|switch|p1a: Kristine|Cinderace, F, shiny|100/100|[from] U-turn
|move|p2a: Excadrill|Swords Dance|p2a: Excadrill
|-boost|p2a: Excadrill|atk|2
|
|upkeep
|turn|10
|
|t:|1760394158
|move|p1a: Kristine|Will-O-Wisp|p2a: Excadrill
|-status|p2a: Excadrill|brn
|move|p2a: Excadrill|Rapid Spin|p1a: Kristine
|-damage|p1a: Kristine|85/100
|-boost|p2a: Excadrill|spe|1
|
|-damage|p2a: Excadrill|78/100 brn|[from] brn
|upkeep
|turn|11
|
|t:|1760394168
|move|p2a: Excadrill|Iron Head|p1a: Kristine
|-resisted|p1a: Kristine
|-damage|p1a: Kristine|65/100
|cant|p1a: Kristine|flinch
|
|-damage|p2a: Excadrill|72/100 brn|[from] brn
|upkeep
|turn|12
|
|t:|1760394176
|move|p2a: Excadrill|Earthquake|p1a: Kristine
|-supereffective|p1a: Kristine
|-damage|p1a: Kristine|0 fnt
|faint|p1a: Kristine
|
|-damage|p2a: Excadrill|66/100 brn|[from] brn
|upkeep
|
|t:|1760394183
|switch|p1a: Homelandor|Landorus-Therian, M, shiny|100/100
|-ability|p1a: Homelandor|Intimidate|boost
|-unboost|p2a: Excadrill|atk|1
|turn|13
|
|t:|1760394189
|move|p2a: Excadrill|Iron Head|p1a: Homelandor
|-damage|p1a: Homelandor|80/100
|-damage|p2a: Excadrill|49/100 brn|[from] item: Rocky Helmet|[of] p1a: Homelandor
|cant|p1a: Homelandor|flinch
|
|-damage|p2a: Excadrill|43/100 brn|[from] brn
|upkeep
|turn|14
|
|t:|1760394197
|move|p2a: Excadrill|Iron Head|p1a: Homelandor
|-damage|p1a: Homelandor|62/100
|-damage|p2a: Excadrill|26/100 brn|[from] item: Rocky Helmet|[of] p1a: Homelandor
|cant|p1a: Homelandor|flinch
|
|-damage|p2a: Excadrill|20/100 brn|[from] brn
|upkeep
|turn|15
|
|t:|1760394206
|move|p2a: Excadrill|Iron Head|p1a: Homelandor
|-damage|p1a: Homelandor|43/100
|-damage|p2a: Excadrill|4/100 brn|[from] item: Rocky Helmet|[of] p1a: Homelandor
|cant|p1a: Homelandor|flinch
|
|-damage|p2a: Excadrill|0 fnt|[from] brn
|faint|p2a: Excadrill
|upkeep
|
|t:|1760394221
|switch|p2a: Serperior|Serperior, M, tera:Fire|85/100
|turn|16
|
|t:|1760394227
|move|p2a: Serperior|Leaf Storm|p1a: Homelandor
|-damage|p1a: Homelandor|0 fnt
|-boost|p2a: Serperior|spa|2
|faint|p1a: Homelandor
|
|-heal|p2a: Serperior|91/100|[from] item: Leftovers
|upkeep
|l|☆ripwal36
|player|p1|
|j|☆ripwal36
|player|p1|ripwal36|101|
|-message|ripwal36 forfeited.
|
|win|animeGametestteam
|raw|ripwal36's rating: 1316 &rarr; <strong>1294</strong><br />(-22 for losing)
|raw|animeGametestteam's rating: 1279 &rarr; <strong>1307</strong><br />(+28 for winning)
