|j|☆jarrah1z
|j|☆Samarand
|t:|1760441417
|gametype|singles
|player|p1|jarrah1z|blue|1231
|player|p2|Samarand|policeman|1181
|gen|9
|tier|[Gen 9] OU
|rated|
|rule|HP Percentage Mod: HP is shown in percentages
|rule|Endless Battle Clause: Forcing endless battles is banned
|rule|Species Clause: Limit one of each Pokémon
|rule|OHKO Clause: OHKO moves are banned
|rule|Evasion Items Clause: Evasion items are banned
|rule|Evasion Moves Clause: Evasion moves are banned
|rule|Evasion Abilities Clause: Evasion abilities are banned
|rule|Sleep Moves Clause: Sleep-inducing moves are banned
|clearpoke
|poke|p1|Raging Bolt|
|poke|p1|Iron Valiant|
|poke|p1|Iron Treads|
|poke|p1|Iron Jugulis|
|poke|p1|Iron Crown|
|poke|p1|Iron Moth|
|poke|p2|Gastrodon, M|
|poke|p2|Delphox, F|
|poke|p2|Chesnaught, M|
|poke|p2|Ninetales, M|
|poke|p2|Glimmora, M|
|poke|p2|Diancie|
|teampreview
|
|t:|1760441425
|teamsize|p1|6
|teamsize|p2|6
|start
|switch|p1a: Raging Bolt|Raging Bolt|100/100
|switch|p2a: Diancie|Diancie|100/100
|turn|1
|
|t:|1760441429
|move|p1a: Raging Bolt|Electric Terrain|p1a: Raging Bolt
|-fieldstart|move: Electric Terrain
|move|p2a: Diancie|Calm Mind|p2a: Diancie
|-boost|p2a: Diancie|spa|1
|-boost|p2a: Diancie|spd|1
|
|upkeep
|turn|2
|
|t:|1760441438
|move|p1a: Raging Bolt|Volt Switch|p2a: Diancie
|-damage|p2a: Diancie|70/100
|
|t:|1760441452
|-end|p1a: Raging Bolt|Protosynthesis|[silent]
|switch|p1a: Iron Crown|Iron Crown|100/100|[from] Volt Switch
|-activate|p1a: Iron Crown|ability: Quark Drive
|-start|p1a: Iron Crown|quarkdrivespe
|move|p2a: Diancie|Moonblast|p1a: Iron Crown
|-resisted|p1a: Iron Crown
|-damage|p1a: Iron Crown|66/100
|
|-heal|p2a: Diancie|76/100|[from] item: Leftovers
|upkeep
|turn|3
|
|t:|1760441464
|switch|p2a: Ninetales|Ninetales, M|100/100
|-weather|SunnyDay|[from] ability: Drought|[of] p2a: Ninetales
|move|p1a: Iron Crown|Tachyon Cutter|p2a: Ninetales
|-resisted|p2a: Ninetales
|-damage|p2a: Ninetales|92/100
|-resisted|p2a: Ninetales
|-damage|p2a: Ninetales|82/100
|-hitcount|p2a: Ninetales|2
|
|-weather|SunnyDay|[upkeep]
|upkeep
|turn|4
|
|t:|1760441475
|-end|p1a: Iron Crown|Quark Drive|[silent]
|switch|p1a: Raging Bolt|Raging Bolt|100/100
|-activate|p1a: Raging Bolt|ability: Protosynthesis
|-start|p1a: Raging Bolt|protosynthesisspa
|move|p2a: Ninetales|Weather Ball|p1a: Raging Bolt
|-resisted|p1a: Raging Bolt
|-damage|p1a: Raging Bolt|79/100
|
|-weather|SunnyDay|[upkeep]
|upkeep
|turn|5
|
|t:|1760441482
|switch|p2a: Gastrodon|Gastrodon, M|100/100
|move|p1a: Raging Bolt|Dragon Pulse|p2a: Gastrodon
|-damage|p2a: Gastrodon|59/100
|
|-weather|SunnyDay|[upkeep]
|upkeep
|turn|6
|
|t:|1760441494
|-end|p1a: Raging Bolt|Protosynthesis|[silent]
|switch|p1a: Iron Moth|Iron Moth, shiny|100/100
|-item|p1a: Iron Moth|Air Balloon
|-activate|p1a: Iron Moth|ability: Quark Drive
|-start|p1a: Iron Moth|quarkdrivespe
|move|p2a: Gastrodon|Stealth Rock|p1a: Iron Moth
|-sidestart|p1: jarrah1z|move: Stealth Rock
|
|-weather|SunnyDay|[upkeep]
|upkeep
|turn|7
|
|t:|1760441502
|move|p1a: Iron Moth|Fiery Dance|p2a: Gastrodon
|-resisted|p2a: Gastrodon
|-damage|p2a: Gastrodon|39/100
|move|p2a: Gastrodon|Recover|p2a: Gastrodon
|-heal|p2a: Gastrodon|89/100
|
|-weather|none
|upkeep
|turn|8
|
|t:|1760441513
|switch|p2a: Glimmora|Glimmora, M|100/100
|move|p1a: Iron Moth|Fiery Dance|p2a: Glimmora
|-resisted|p2a: Glimmora
|-damage|p2a: Glimmora|85/100
|-boost|p1a: Iron Moth|spa|1
|
|-fieldend|move: Electric Terrain
|-end|p1a: Iron Moth|Quark Drive
|upkeep
|turn|9
|
|t:|1760441524
|-end|p1a: Iron Moth|Quark Drive|[silent]
|switch|p1a: Iron Crown|Iron Crown|66/100
|-damage|p1a: Iron Crown|60/100|[from] Stealth Rock
|move|p2a: Glimmora|Power Gem|p1a: Iron Crown
|-resisted|p1a: Iron Crown
|-damage|p1a: Iron Crown|39/100
|
|upkeep
|turn|10
|
|t:|1760441533
|switch|p2a: Ninetales|Ninetales, M|82/100
|-weather|SunnyDay|[from] ability: Drought|[of] p2a: Ninetales
|move|p1a: Iron Crown|Electric Terrain|p1a: Iron Crown
|-fieldstart|move: Electric Terrain
|-activate|p1a: Iron Crown|ability: Quark Drive
|-start|p1a: Iron Crown|quarkdrivespe
|
|-weather|SunnyDay|[upkeep]
|upkeep
|turn|11
|inactive|Battle timer is ON: inactive players will automatically lose when time's up. (requested by jarrah1z)
|inactive|jarrah1z has 120 seconds left.
|
|t:|1760441573
|-end|p1a: Iron Crown|Quark Drive|[silent]
|switch|p1a: Raging Bolt|Raging Bolt|79/100
|-damage|p1a: Raging Bolt|66/100|[from] Stealth Rock
|-activate|p1a: Raging Bolt|ability: Protosynthesis
|-start|p1a: Raging Bolt|protosynthesisspa
|move|p2a: Ninetales|Weather Ball|p1a: Raging Bolt
|-resisted|p1a: Raging Bolt
|-damage|p1a: Raging Bolt|46/100
|
|-weather|SunnyDay|[upkeep]
|upkeep
|turn|12
|
|t:|1760441585
|switch|p2a: Diancie|Diancie|76/100
|move|p1a: Raging Bolt|Dragon Pulse|p2a: Diancie
|-immune|p2a: Diancie
|
|-weather|SunnyDay|[upkeep]
|-heal|p2a: Diancie|82/100|[from] item: Leftovers
|upkeep
|turn|13
|
|t:|1760441604
|switch|p2a: Gastrodon|Gastrodon, M|89/100
|move|p1a: Raging Bolt|Volt Switch|p2a: Gastrodon
|-immune|p2a: Gastrodon
|
|-weather|SunnyDay|[upkeep]
|upkeep
|turn|14
|
|t:|1760441611
|move|p1a: Raging Bolt|Dragon Pulse|p2a: Gastrodon
|-damage|p2a: Gastrodon|47/100
|move|p2a: Gastrodon|Earth Power|p1a: Raging Bolt
|-supereffective|p1a: Raging Bolt
|-damage|p1a: Raging Bolt|0 fnt
|faint|p1a: Raging Bolt
|-end|p1a: Raging Bolt|Protosynthesis|[silent]
|
|-weather|none
|upkeep
|
|t:|1760441619
|switch|p1a: Iron Moth|Iron Moth, shiny|100/100
|-damage|p1a: Iron Moth|76/100|[from] Stealth Rock
|-item|p1a: Iron Moth|Air Balloon
|-activate|p1a: Iron Moth|ability: Quark Drive
|-start|p1a: Iron Moth|quarkdrivespe
|turn|15
|
|t:|1760441622
|move|p1a: Iron Moth|Energy Ball|p2a: Gastrodon
|-supereffective|p2a: Gastrodon
|-damage|p2a: Gastrodon|0 fnt
|faint|p2a: Gastrodon
|
|upkeep
|
|t:|1760441628
|switch|p2a: Delphox|Delphox, F|100/100
|turn|16
|
|t:|1760441645
|-end|p1a: Iron Moth|Quark Drive|[silent]
|switch|p1a: Iron Jugulis|Iron Jugulis, shiny|100/100
|-damage|p1a: Iron Jugulis|76/100|[from] Stealth Rock
|-activate|p1a: Iron Jugulis|ability: Quark Drive
|-start|p1a: Iron Jugulis|quarkdrivespe
|move|p2a: Delphox|Psychic|p1a: Iron Jugulis
|-immune|p1a: Iron Jugulis
|
|upkeep
|turn|17
|
|t:|1760441655
|switch|p2a: Diancie|Diancie|82/100
|move|p1a: Iron Jugulis|Meteor Beam||[still]
|-prepare|p1a: Iron Jugulis|Meteor Beam
|-boost|p1a: Iron Jugulis|spa|1
|-enditem|p1a: Iron Jugulis|Power Herb
|-anim|p1a: Iron Jugulis|Meteor Beam|p2a: Diancie
|-damage|p2a: Diancie|37/100
|
|-heal|p2a: Diancie|44/100|[from] item: Leftovers
|-fieldend|move: Electric Terrain
|-end|p1a: Iron Jugulis|Quark Drive
|upkeep
|turn|18
|
|t:|1760441662
|move|p1a: Iron Jugulis|Earth Power|p2a: Diancie
|-supereffective|p2a: Diancie
|-damage|p2a: Diancie|0 fnt
|faint|p2a: Diancie
|
|upkeep
|
|t:|1760441678
|switch|p2a: Glimmora|Glimmora, M|85/100
|turn|19
|
|t:|1760441682
|-terastallize|p1a: Iron Jugulis|Ground
|-terastallize|p2a: Glimmora|Grass
|move|p1a: Iron Jugulis|Earth Power|p2a: Glimmora
|-resisted|p2a: Glimmora
|-damage|p2a: Glimmora|60/100
|move|p2a: Glimmora|Power Gem|p1a: Iron Jugulis
|-resisted|p1a: Iron Jugulis
|-damage|p1a: Iron Jugulis|45/100
|
|upkeep
|turn|20
|
|t:|1760441694
|move|p1a: Iron Jugulis|Air Slash|p2a: Glimmora
|-supereffective|p2a: Glimmora
|-damage|p2a: Glimmora|0 fnt
|faint|p2a: Glimmora
|
|upkeep
|
|t:|1760441697
|switch|p2a: Ninetales|Ninetales, M|82/100
|-weather|SunnyDay|[from] ability: Drought|[of] p2a: Ninetales
|turn|21
|
|t:|1760441705
|move|p1a: Iron Jugulis|Earth Power|p2a: Ninetales
|-supereffective|p2a: Ninetales
|-damage|p2a: Ninetales|0 fnt
|faint|p2a: Ninetales
|
|-weather|SunnyDay|[upkeep]
|upkeep
|
|t:|1760441706
|switch|p2a: Delphox|Delphox, F|100/100
|turn|22
|
|t:|1760441711
|move|p1a: Iron Jugulis|Dark Pulse|p2a: Delphox
|-supereffective|p2a: Delphox
|-damage|p2a: Delphox|0 fnt
|faint|p2a: Delphox
|
|-weather|SunnyDay|[upkeep]
|upkeep
|-message|Samarand forfeited.
|
|win|jarrah1z
|raw|jarrah1z's rating: 1231 &rarr; <strong>1252</strong><br />(+21 for winning)
|raw|Samarand's rating: 1181 &rarr; <strong>1160</strong><br />(-21 for losing)
|l|☆Samarand
|player|p2|
|l|☆jarrah1z
|player|p1|
