|j|☆torvik en place
|j|☆Johnny tots
|t:|1760363956
|gametype|singles
|player|p1|torvik en place|gambler|1794
|player|p2|Johnny tots|101|1866
|gen|9
|tier|[Gen 9] OU
|rated|
|rule|HP Percentage Mod: HP is shown in percentages
|rule|Endless Battle Clause: Forcing endless battles is banned
|rule|Species Clause: Limit one of each Pokémon
|rule|OHKO Clause: OHKO moves are banned
|rule|Evasion Items Clause: Evasion items are banned
|rule|Evasion Moves Clause: Evasion moves are banned
|rule|Evasion Abilities Clause: Evasion abilities are banned
|rule|Sleep Moves Clause: Sleep-inducing moves are banned
|clearpoke
|poke|p1|Garchomp, F|
|poke|p1|Rillaboom, F|
|poke|p1|Iron Crown|
|poke|p1|Darkrai|
|poke|p1|Hatterene, F|
|poke|p1|Alomomola, F|
|poke|p2|Rillaboom, F|
|poke|p2|Klefki, F|
|poke|p2|Manaphy|
|poke|p2|Ogerpon-Wellspring, F|
|poke|p2|Clefable, M|
|poke|p2|Dragapult, F|
|teampreview
|l|☆Johnny tots
|player|p2|
|inactive|Battle timer is ON: inactive players will automatically lose when time's up. (requested by torvik en place)
|j|☆Johnny tots
|inactive|Johnny tots reconnected and has 145 seconds left.
|player|p2|Johnny tots|101|
|
|t:|1760364013
|teamsize|p1|6
|teamsize|p2|6
|start
|switch|p1a: Garchomp|Garchomp, F|100/100
|switch|p2a: Rillaboom|Rillaboom, F|100/100
|-fieldstart|move: Grassy Terrain|[from] ability: Grassy Surge|[of] p2a: Rillaboom
|turn|1
|inactive|torvik en place has 120 seconds left.
|
|t:|1760364046
|switch|p2a: Klefki|Klefki, F|100/100
|move|p1a: Garchomp|Stealth Rock|p2a: Klefki
|-sidestart|p2: Johnny tots|move: Stealth Rock
|
|upkeep
|turn|2
|
|t:|1760364053
|move|p2a: Klefki|Reflect|p2a: Klefki
|-sidestart|p2: Johnny tots|Reflect
|move|p1a: Garchomp|Spikes|p2a: Klefki
|-sidestart|p2: Johnny tots|Spikes
|
|upkeep
|turn|3
|
|t:|1760364056
|move|p2a: Klefki|Spikes|p1a: Garchomp
|-sidestart|p1: torvik en place|Spikes
|move|p1a: Garchomp|Spikes|p2a: Klefki
|-sidestart|p2: Johnny tots|Spikes
|
|upkeep
|turn|4
|
|t:|1760364061
|move|p2a: Klefki|Light Screen|p2a: Klefki
|-sidestart|p2: Johnny tots|move: Light Screen
|move|p1a: Garchomp|Spikes|p2a: Klefki
|-sidestart|p2: Johnny tots|Spikes
|
|upkeep
|turn|5
|
|t:|1760364072
|switch|p1a: Hatterene|Hatterene, F|100/100
|-damage|p1a: Hatterene|88/100|[from] Spikes
|switch|p2a: Clefable|Clefable, M|100/100
|
|-heal|p1a: Hatterene|94/100|[from] Grassy Terrain
|-heal|p1a: Hatterene|99/100|[from] item: Leftovers
|upkeep
|turn|6
|j| brbsiekekeoei
|inactive|torvik en place has 120 seconds left.
|j| FaronAan
|
|t:|1760364117
|switch|p2a: Manaphy|Manaphy|100/100
|-damage|p2a: Manaphy|88/100|[from] Stealth Rock
|-damage|p2a: Manaphy|63/100|[from] Spikes
|switch|p1a: Iron Crown|Iron Crown|100/100
|-damage|p1a: Iron Crown|88/100|[from] Spikes
|
|-heal|p1a: Iron Crown|94/100|[from] Grassy Terrain
|-heal|p2a: Manaphy|69/100|[from] Grassy Terrain
|-heal|p2a: Manaphy|75/100|[from] item: Leftovers
|upkeep
|turn|7
|
|t:|1760364120
|move|p1a: Iron Crown|Volt Switch|p2a: Manaphy
|-supereffective|p2a: Manaphy
|-damage|p2a: Manaphy|45/100
|
|t:|1760364124
|-end|p1a: Iron Crown|Quark Drive|[silent]
|switch|p1a: Rillaboom|Rillaboom, F|100/100|[from] Volt Switch
|-damage|p1a: Rillaboom|88/100|[from] Spikes
|move|p2a: Manaphy|Take Heart|p2a: Manaphy
|-boost|p2a: Manaphy|spa|1
|-boost|p2a: Manaphy|spd|1
|
|-heal|p2a: Manaphy|51/100|[from] Grassy Terrain
|-heal|p2a: Manaphy|57/100|[from] item: Leftovers
|-heal|p1a: Rillaboom|94/100|[from] Grassy Terrain
|upkeep
|turn|8
|inactive|torvik en place has 120 seconds left.
|
|t:|1760364135
|-terastallize|p2a: Manaphy|Grass
|move|p1a: Rillaboom|Grassy Glide|p2a: Manaphy
|-resisted|p2a: Manaphy
|-damage|p2a: Manaphy|45/100
|move|p2a: Manaphy|Acid Armor|p2a: Manaphy
|-boost|p2a: Manaphy|def|2
|
|-heal|p2a: Manaphy|51/100|[from] Grassy Terrain
|-heal|p2a: Manaphy|57/100|[from] item: Leftovers
|-heal|p1a: Rillaboom|99/100|[from] Grassy Terrain
|-fieldend|move: Grassy Terrain
|upkeep
|turn|9
|inactive|torvik en place has 120 seconds left.
|j| wgw2333
|
|t:|1760364150
|switch|p1a: Darkrai|Darkrai|100/100
|-damage|p1a: Darkrai|88/100|[from] Spikes
|move|p2a: Manaphy|Take Heart|p2a: Manaphy
|-boost|p2a: Manaphy|spa|1
|-boost|p2a: Manaphy|spd|1
|
|-heal|p1a: Darkrai|94/100|[from] item: Leftovers
|-heal|p2a: Manaphy|63/100|[from] item: Leftovers
|-sideend|p2: Johnny tots|Reflect
|upkeep
|turn|10
|inactive|torvik en place has 120 seconds left.
|
|t:|1760364178
|switch|p1a: Rillaboom|Rillaboom, F|99/100
|-damage|p1a: Rillaboom|88/100|[from] Spikes
|-fieldstart|move: Grassy Terrain|[from] ability: Grassy Surge|[of] p1a: Rillaboom
|move|p2a: Manaphy|Scald|p1a: Rillaboom
|-resisted|p1a: Rillaboom
|-damage|p1a: Rillaboom|43/100
|-status|p1a: Rillaboom|brn
|
|-heal|p2a: Manaphy|69/100|[from] Grassy Terrain
|-heal|p2a: Manaphy|75/100|[from] item: Leftovers
|-heal|p1a: Rillaboom|49/100 brn|[from] Grassy Terrain
|-damage|p1a: Rillaboom|43/100 brn|[from] brn
|upkeep
|turn|11
|
|t:|1760364183
|move|p2a: Manaphy|Take Heart|p2a: Manaphy
|-boost|p2a: Manaphy|spa|1
|-boost|p2a: Manaphy|spd|1
|move|p1a: Rillaboom|U-turn|p2a: Manaphy
|-supereffective|p2a: Manaphy
|-damage|p2a: Manaphy|58/100
|j| Swagboss123456789
|
|t:|1760364197
|switch|p1a: Iron Crown|Iron Crown|94/100|[from] U-turn
|-damage|p1a: Iron Crown|82/100|[from] Spikes
|
|-heal|p1a: Iron Crown|88/100|[from] Grassy Terrain
|-heal|p2a: Manaphy|64/100|[from] Grassy Terrain
|-heal|p2a: Manaphy|70/100|[from] item: Leftovers
|-sideend|p2: Johnny tots|move: Light Screen
|upkeep
|turn|12
|
|t:|1760364202
|-terastallize|p1a: Iron Crown|Steel
|move|p1a: Iron Crown|Tachyon Cutter|p2a: Manaphy
|-damage|p2a: Manaphy|52/100
|-damage|p2a: Manaphy|33/100
|-hitcount|p2a: Manaphy|2
|move|p2a: Manaphy|Scald|p1a: Iron Crown
|-damage|p1a: Iron Crown|0 fnt
|faint|p1a: Iron Crown
|-end|p1a: Iron Crown|Quark Drive|[silent]
|
|-heal|p2a: Manaphy|39/100|[from] Grassy Terrain
|-heal|p2a: Manaphy|45/100|[from] item: Leftovers
|upkeep
|inactive|torvik en place has 120 seconds left.
|-message|torvik en place forfeited.
|
|win|Johnny tots
|raw|torvik en place's rating: 1794 &rarr; <strong>1778</strong><br />(-16 for losing)
|raw|Johnny tots's rating: 1866 &rarr; <strong>1882</strong><br />(+16 for winning)
|l|☆torvik en place
|player|p1|
|l|☆Johnny tots
|player|p2|
|l| FaronAan
|l| brbsiekekeoei
|l| Swagboss123456789
