|j|☆80crawlinglegs
|j|☆daksh55
|t:|1760304608
|gametype|singles
|player|p1|80crawlinglegs|clay|1182
|player|p2|daksh55|266|1223
|gen|9
|tier|[Gen 9] OU
|rated|
|rule|HP Percentage Mod: HP is shown in percentages
|rule|Endless Battle Clause: Forcing endless battles is banned
|rule|Species Clause: Limit one of each Pokémon
|rule|OHKO Clause: OHKO moves are banned
|rule|Evasion Items Clause: Evasion items are banned
|rule|Evasion Moves Clause: Evasion moves are banned
|rule|Evasion Abilities Clause: Evasion abilities are banned
|rule|Sleep Moves Clause: Sleep-inducing moves are banned
|clearpoke
|poke|p1|Clefable, F|
|poke|p1|Weezing, M|
|poke|p1|Tauros, M|
|poke|p1|Blastoise, F|
|poke|p1|Dragonite, M|
|poke|p1|Gengar, F|
|poke|p2|Cobalion|
|poke|p2|Gardevoir, F|
|poke|p2|Garchomp, F|
|poke|p2|Dragonite, F|
|poke|p2|Entei|
|poke|p2|Milotic, F|
|teampreview
|
|t:|1760304626
|teamsize|p1|6
|teamsize|p2|6
|start
|switch|p1a: Splimpo|Blastoise, F|100/100
|switch|p2a: Garchomp|Garchomp, F|100/100
|turn|1
|inactive|Battle timer is ON: inactive players will automatically lose when time's up. (requested by daksh55)
|
|t:|1760304652
|move|p1a: Splimpo|Shell Smash|p1a: Splimpo
|-unboost|p1a: Splimpo|def|1
|-unboost|p1a: Splimpo|spd|1
|-boost|p1a: Splimpo|atk|2
|-boost|p1a: Splimpo|spa|2
|-boost|p1a: Splimpo|spe|2
|-enditem|p1a: Splimpo|White Herb
|-clearnegativeboost|p1a: Splimpo|[silent]
|move|p2a: Garchomp|Dragon Tail|p1a: Splimpo
|-damage|p1a: Splimpo|69/100
|drag|p1a: Angery|Tauros, M|100/100
|
|upkeep
|turn|2
|
|t:|1760304665
|move|p1a: Angery|Body Slam|p2a: Garchomp
|-damage|p2a: Garchomp|61/100
|-damage|p1a: Angery|88/100|[from] ability: Rough Skin|[of] p2a: Garchomp
|-damage|p1a: Angery|72/100|[from] item: Rocky Helmet|[of] p2a: Garchomp
|move|p2a: Garchomp|Stealth Rock|p1a: Angery
|-sidestart|p1: 80crawlinglegs|move: Stealth Rock
|
|upkeep
|turn|3
|
|t:|1760304676
|move|p1a: Angery|Work Up|p1a: Angery
|-boost|p1a: Angery|atk|1
|-boost|p1a: Angery|spa|1
|move|p2a: Garchomp|Spikes|p1a: Angery
|-sidestart|p1: 80crawlinglegs|Spikes
|
|upkeep
|turn|4
|
|t:|1760304682
|move|p1a: Angery|Body Slam|p2a: Garchomp
|-damage|p2a: Garchomp|9/100
|-damage|p1a: Angery|59/100|[from] ability: Rough Skin|[of] p2a: Garchomp
|-damage|p1a: Angery|43/100|[from] item: Rocky Helmet|[of] p2a: Garchomp
|move|p2a: Garchomp|Dragon Tail|p1a: Angery
|-damage|p1a: Angery|10/100
|drag|p1a: Friend Shaped|Clefable, F|100/100
|
|upkeep
|turn|5
|
|t:|1760304694
|move|p2a: Garchomp|Spikes|p1a: Friend Shaped
|-sidestart|p1: 80crawlinglegs|Spikes
|move|p1a: Friend Shaped|Moonblast|p2a: Garchomp
|-supereffective|p2a: Garchomp
|-damage|p2a: Garchomp|0 fnt
|faint|p2a: Garchomp
|
|upkeep
|
|t:|1760304711
|switch|p2a: Cobalion|Cobalion|100/100
|turn|6
|
|t:|1760304726
|switch|p1a: Heurgh|Weezing, M|100/100
|-damage|p1a: Heurgh|88/100|[from] Stealth Rock
|move|p2a: Cobalion|Iron Head|p1a: Heurgh
|-damage|p1a: Heurgh|69/100
|
|-heal|p1a: Heurgh|75/100|[from] item: Black Sludge
|upkeep
|turn|7
|
|t:|1760304737
|move|p2a: Cobalion|Taunt|p1a: Heurgh
|-start|p1a: Heurgh|move: Taunt
|move|p1a: Heurgh|Flamethrower|p2a: Cobalion
|-supereffective|p2a: Cobalion
|-damage|p2a: Cobalion|42/100
|
|-heal|p2a: Cobalion|49/100|[from] item: Leftovers
|-heal|p1a: Heurgh|81/100|[from] item: Black Sludge
|upkeep
|turn|8
|
|t:|1760304746
|switch|p2a: Milotic|Milotic, F|100/100
|move|p1a: Heurgh|Flamethrower|p2a: Milotic
|-resisted|p2a: Milotic
|-damage|p2a: Milotic|96/100
|
|-heal|p1a: Heurgh|87/100|[from] item: Black Sludge
|upkeep
|turn|9
|
|t:|1760304755
|move|p1a: Heurgh|Sludge Bomb|p2a: Milotic
|-damage|p2a: Milotic|83/100
|-status|p2a: Milotic|psn
|move|p2a: Milotic|Dragon Tail|p1a: Heurgh
|-damage|p1a: Heurgh|81/100
|drag|p1a: Horm|Dragonite, M|100/100
|
|-damage|p2a: Milotic|70/100 psn|[from] psn
|upkeep
|turn|10
|
|t:|1760304767
|switch|p1a: Heurgh|Weezing, M|81/100
|-damage|p1a: Heurgh|69/100|[from] Stealth Rock
|move|p2a: Milotic|Draining Kiss|p1a: Heurgh
|-resisted|p1a: Heurgh
|-damage|p1a: Heurgh|59/100
|-heal|p2a: Milotic|77/100 psn|[from] drain|[of] p1a: Heurgh
|
|-heal|p1a: Heurgh|65/100|[from] item: Black Sludge
|-damage|p2a: Milotic|64/100 psn|[from] psn
|upkeep
|turn|11
|
|t:|1760304780
|move|p2a: Milotic|Scald|p1a: Heurgh
|-damage|p1a: Heurgh|21/100
|move|p1a: Heurgh|Sludge Bomb|p2a: Milotic
|-damage|p2a: Milotic|52/100 psn
|
|-heal|p1a: Heurgh|27/100|[from] item: Black Sludge
|-damage|p2a: Milotic|40/100 psn|[from] psn
|upkeep
|turn|12
|
|t:|1760304795
|move|p2a: Milotic|Scald|p1a: Heurgh
|-damage|p1a: Heurgh|0 fnt
|faint|p1a: Heurgh
|
|-damage|p2a: Milotic|28/100 psn|[from] psn
|upkeep
|
|t:|1760304801
|switch|p1a: Angery|Tauros, M|10/100
|-damage|p1a: Angery|0 fnt|[from] Stealth Rock
|faint|p1a: Angery
|
|t:|1760304813
|switch|p1a: buddy boy|Gengar, F|100/100
|-damage|p1a: buddy boy|88/100|[from] Stealth Rock
|-damage|p1a: buddy boy|72/100|[from] Spikes
|turn|13
|
|t:|1760304819
|move|p1a: buddy boy|Thunderbolt|p2a: Milotic
|-supereffective|p2a: Milotic
|-damage|p2a: Milotic|2/100 psn
|move|p2a: Milotic|Scald|p1a: buddy boy
|-damage|p1a: buddy boy|12/100
|-status|p1a: buddy boy|brn
|
|-damage|p2a: Milotic|0 fnt|[from] psn
|faint|p2a: Milotic
|-damage|p1a: buddy boy|5/100 brn|[from] brn
|upkeep
|
|t:|1760304831
|switch|p2a: Gardevoir|Gardevoir, F|100/100
|-ability|p2a: Gardevoir|Cursed Body|Trace|[from] ability: Trace|[of] p1a: buddy boy
|turn|14
|
|t:|1760304839
|move|p2a: Gardevoir|Moonblast|p1a: buddy boy
|-resisted|p1a: buddy boy
|-damage|p1a: buddy boy|0 fnt
|faint|p1a: buddy boy
|
|upkeep
|
|t:|1760304846
|switch|p1a: Splimpo|Blastoise, F|69/100
|-damage|p1a: Splimpo|57/100|[from] Stealth Rock
|-damage|p1a: Splimpo|40/100|[from] Spikes
|turn|15
|
|t:|1760304853
|move|p2a: Gardevoir|Moonblast|p1a: Splimpo
|-damage|p1a: Splimpo|0 fnt
|faint|p1a: Splimpo
|
|upkeep
|
|t:|1760304857
|switch|p1a: Friend Shaped|Clefable, F|100/100
|turn|16
|
|t:|1760304865
|switch|p2a: Entei|Entei|100/100
|move|p1a: Friend Shaped|Calm Mind|p1a: Friend Shaped
|-boost|p1a: Friend Shaped|spa|1
|-boost|p1a: Friend Shaped|spd|1
|
|upkeep
|turn|17
|
|t:|1760304873
|move|p2a: Entei|Iron Head|p1a: Friend Shaped
|-supereffective|p1a: Friend Shaped
|-damage|p1a: Friend Shaped|14/100
|move|p1a: Friend Shaped|Moonblast|p2a: Entei
|-resisted|p2a: Entei
|-damage|p2a: Entei|60/100
|-unboost|p2a: Entei|spa|1
|
|-heal|p1a: Friend Shaped|20/100|[from] item: Leftovers
|upkeep
|turn|18
|
|t:|1760304882
|move|p2a: Entei|Iron Head|p1a: Friend Shaped
|-supereffective|p1a: Friend Shaped
|-damage|p1a: Friend Shaped|0 fnt
|faint|p1a: Friend Shaped
|
|upkeep
|
|t:|1760304886
|switch|p1a: Horm|Dragonite, M|100/100
|turn|19
|
|t:|1760304889
|move|p2a: Entei|Iron Head|p1a: Horm
|-damage|p1a: Horm|76/100
|move|p1a: Horm|Dragon Dance|p1a: Horm
|-boost|p1a: Horm|atk|1
|-boost|p1a: Horm|spe|1
|
|upkeep
|turn|20
|
|t:|1760304895
|move|p1a: Horm|Dragon Dance|p1a: Horm
|-boost|p1a: Horm|atk|1
|-boost|p1a: Horm|spe|1
|move|p2a: Entei|Iron Head|p1a: Horm
|-damage|p1a: Horm|26/100
|
|upkeep
|turn|21
|
|t:|1760304901
|move|p1a: Horm|Earthquake|p2a: Entei
|-supereffective|p2a: Entei
|-damage|p2a: Entei|0 fnt
|faint|p2a: Entei
|
|upkeep
|
|t:|1760304904
|switch|p2a: Dragonite|Dragonite, F|100/100
|turn|22
|
|t:|1760304909
|-terastallize|p2a: Dragonite|Normal
|move|p1a: Horm|Extreme Speed|p2a: Dragonite
|-damage|p2a: Dragonite|67/100
|move|p2a: Dragonite|Extreme Speed|p1a: Horm
|-damage|p1a: Horm|0 fnt
|faint|p1a: Horm
|
|win|daksh55
|raw|80crawlinglegs's rating: 1182 &rarr; <strong>1160</strong><br />(-22 for losing)
|raw|daksh55's rating: 1223 &rarr; <strong>1245</strong><br />(+22 for winning)
|c|☆daksh55|gg
|c|☆80crawlinglegs|gg
|l|☆80crawlinglegs
|player|p1|
|l|☆daksh55
|player|p2|
