|j|☆PulverazingPancake
|j|☆StrifePK
|t:|1760393433
|gametype|singles
|player|p1|PulverazingPancake|265|1093
|player|p2|StrifePK|266|1070
|gen|9
|tier|[Gen 9] OU
|rated|
|rule|HP Percentage Mod: HP is shown in percentages
|rule|Endless Battle Clause: Forcing endless battles is banned
|rule|Species Clause: Limit one of each Pokémon
|rule|OHKO Clause: OHKO moves are banned
|rule|Evasion Items Clause: Evasion items are banned
|rule|Evasion Moves Clause: Evasion moves are banned
|rule|Evasion Abilities Clause: Evasion abilities are banned
|rule|Sleep Moves Clause: Sleep-inducing moves are banned
|clearpoke
|poke|p1|Lapras, F|
|poke|p1|Zangoose, M|
|poke|p1|Toxapex, F|
|poke|p1|Deoxys-Defense|
|poke|p1|Thundurus-Therian, M|
|poke|p1|Yanmega, F|
|poke|p2|Maushold-Four|
|poke|p2|Corviknight, F|
|poke|p2|Ribombee, M|
|poke|p2|Rillaboom, M|
|poke|p2|Dragapult, M|
|poke|p2|Toxapex, M|
|teampreview
|inactive|Battle timer is ON: inactive players will automatically lose when time's up. (requested by PulverazingPancake)
|
|t:|1760393437
|teamsize|p1|6
|teamsize|p2|6
|start
|switch|p1a: Yanmega|Yanmega, F|100/100
|switch|p2a: نسيم|Ribombee, M|100/100
|turn|1
|
|t:|1760393455
|move|p2a: نسيم|Sticky Web|p1a: Yanmega
|-sidestart|p1: PulverazingPancake|move: Sticky Web
|move|p1a: Yanmega|Air Slash|p2a: نسيم
|-supereffective|p2a: نسيم
|-enditem|p2a: نسيم|Focus Sash
|-damage|p2a: نسيم|1/100
|
|-ability|p1a: Yanmega|Speed Boost|boost
|-boost|p1a: Yanmega|spe|1
|upkeep
|turn|2
|
|t:|1760393462
|move|p1a: Yanmega|Air Slash|p2a: نسيم
|-supereffective|p2a: نسيم
|-damage|p2a: نسيم|0 fnt
|faint|p2a: نسيم
|
|-ability|p1a: Yanmega|Speed Boost|boost
|-boost|p1a: Yanmega|spe|1
|upkeep
|
|t:|1760393466
|switch|p2a: ماردحديد|Toxapex, M|100/100
|turn|3
|inactive|StrifePK has 120 seconds left.
|
|t:|1760393497
|move|p1a: Yanmega|Air Slash|p2a: ماردحديد
|-damage|p2a: ماردحديد|49/100
|move|p2a: ماردحديد|Toxic Spikes|p1a: Yanmega
|-sidestart|p1: PulverazingPancake|move: Toxic Spikes
|
|-heal|p2a: ماردحديد|55/100|[from] item: Black Sludge
|-ability|p1a: Yanmega|Speed Boost|boost
|-boost|p1a: Yanmega|spe|1
|upkeep
|turn|4
|
|t:|1760393504
|move|p2a: ماردحديد|Baneful Bunker|p2a: ماردحديد
|-singleturn|p2a: ماردحديد|move: Protect
|move|p1a: Yanmega|Air Slash|p2a: ماردحديد
|-activate|p2a: ماردحديد|move: Protect
|
|-heal|p2a: ماردحديد|62/100|[from] item: Black Sludge
|-ability|p1a: Yanmega|Speed Boost|boost
|-boost|p1a: Yanmega|spe|1
|upkeep
|turn|5
|
|t:|1760393512
|move|p1a: Yanmega|Air Slash|p2a: ماردحديد
|-damage|p2a: ماردحديد|16/100
|move|p2a: ماردحديد|Toxic Spikes|p1a: Yanmega
|-sidestart|p1: PulverazingPancake|move: Toxic Spikes
|
|-heal|p2a: ماردحديد|23/100|[from] item: Black Sludge
|-ability|p1a: Yanmega|Speed Boost|boost
|-boost|p1a: Yanmega|spe|1
|upkeep
|turn|6
|
|t:|1760393519
|move|p2a: ماردحديد|Baneful Bunker|p2a: ماردحديد
|-singleturn|p2a: ماردحديد|move: Protect
|move|p1a: Yanmega|Air Slash|p2a: ماردحديد
|-activate|p2a: ماردحديد|move: Protect
|
|-heal|p2a: ماردحديد|29/100|[from] item: Black Sludge
|-ability|p1a: Yanmega|Speed Boost|boost
|-boost|p1a: Yanmega|spe|1
|upkeep
|turn|7
|
|t:|1760393525
|move|p1a: Yanmega|Air Slash|p2a: ماردحديد
|-damage|p2a: ماردحديد|0 fnt
|faint|p2a: ماردحديد
|
|upkeep
|
|t:|1760393531
|switch|p2a: Ryūmon Hōzukimaru|Dragapult, M|100/100
|turn|8
|
|t:|1760393534
|move|p1a: Yanmega|Air Slash|p2a: Ryūmon Hōzukimaru
|-damage|p2a: Ryūmon Hōzukimaru|17/100
|cant|p2a: Ryūmon Hōzukimaru|flinch
|
|upkeep
|turn|9
|
|t:|1760393539
|move|p1a: Yanmega|Air Slash|p2a: Ryūmon Hōzukimaru
|-damage|p2a: Ryūmon Hōzukimaru|0 fnt
|faint|p2a: Ryūmon Hōzukimaru
|
|upkeep
|
|t:|1760393546
|switch|p2a: Muscle Mice|Maushold-Four|100/100
|turn|10
|
|t:|1760393550
|move|p1a: Yanmega|Air Slash|p2a: Muscle Mice
|-damage|p2a: Muscle Mice|10/100
|move|p2a: Muscle Mice|Population Bomb|p1a: Yanmega
|-damage|p1a: Yanmega|88/100
|-damage|p1a: Yanmega|73/100
|-damage|p1a: Yanmega|59/100
|-damage|p1a: Yanmega|44/100
|-damage|p1a: Yanmega|29/100
|-damage|p1a: Yanmega|16/100
|-damage|p1a: Yanmega|3/100
|-damage|p1a: Yanmega|0 fnt
|faint|p1a: Yanmega
|-hitcount|p1: Yanmega|8
|
|upkeep
|
|t:|1760393564
|switch|p1a: Toxapex|Toxapex, F|100/100
|-activate|p1a: Toxapex|move: Sticky Web
|-unboost|p1a: Toxapex|spe|1
|-sideend|p1: PulverazingPancake|move: Toxic Spikes|[of] p1a: Toxapex
|turn|11
|
|t:|1760393570
|move|p2a: Muscle Mice|Population Bomb|p1a: Toxapex
|-damage|p1a: Toxapex|93/100
|-damage|p1a: Toxapex|87/100
|-damage|p1a: Toxapex|81/100
|-damage|p1a: Toxapex|74/100
|-damage|p1a: Toxapex|67/100
|-damage|p1a: Toxapex|60/100
|-damage|p1a: Toxapex|52/100
|-damage|p1a: Toxapex|45/100
|-damage|p1a: Toxapex|39/100
|-damage|p1a: Toxapex|33/100
|-hitcount|p1a: Toxapex|10
|move|p1a: Toxapex|Toxic|p2a: Muscle Mice
|-status|p2a: Muscle Mice|tox
|
|-heal|p1a: Toxapex|39/100|[from] item: Black Sludge
|-damage|p2a: Muscle Mice|4/100 tox|[from] psn
|upkeep
|turn|12
|
|t:|1760393590
|move|p1a: Toxapex|Baneful Bunker|p1a: Toxapex
|-singleturn|p1a: Toxapex|move: Protect
|move|p2a: Muscle Mice|Population Bomb|p1a: Toxapex
|-activate|p1a: Toxapex|move: Protect
|
|-heal|p1a: Toxapex|45/100|[from] item: Black Sludge
|-damage|p2a: Muscle Mice|0 fnt|[from] psn
|faint|p2a: Muscle Mice
|upkeep
|
|t:|1760393601
|switch|p2a: جبلطوفان|Rillaboom, M|100/100
|-fieldstart|move: Grassy Terrain|[from] ability: Grassy Surge|[of] p2a: جبلطوفان
|turn|13
|
|t:|1760393606
|move|p2a: جبلطوفان|Knock Off|p1a: Toxapex
|-damage|p1a: Toxapex|22/100
|-enditem|p1a: Toxapex|Black Sludge|[from] move: Knock Off|[of] p2a: جبلطوفان
|move|p1a: Toxapex|Toxic|p2a: جبلطوفان
|-status|p2a: جبلطوفان|tox
|
|-heal|p1a: Toxapex|28/100|[from] Grassy Terrain
|-damage|p2a: جبلطوفان|94/100 tox|[from] psn
|upkeep
|turn|14
|
|t:|1760393621
|move|p1a: Toxapex|Baneful Bunker|p1a: Toxapex
|-singleturn|p1a: Toxapex|move: Protect
|move|p2a: جبلطوفان|Drain Punch|p1a: Toxapex
|-activate|p1a: Toxapex|move: Protect
|
|-heal|p2a: جبلطوفان|100/100 tox|[from] Grassy Terrain
|-heal|p1a: Toxapex|34/100|[from] Grassy Terrain
|-damage|p2a: جبلطوفان|88/100 tox|[from] psn
|upkeep
|turn|15
|
|t:|1760393629
|move|p2a: جبلطوفان|Drain Punch|p1a: Toxapex
|-resisted|p1a: Toxapex
|-damage|p1a: Toxapex|25/100
|-heal|p2a: جبلطوفان|92/100 tox|[from] drain|[of] p1a: Toxapex
|move|p1a: Toxapex|Hex|p2a: جبلطوفان
|-damage|p2a: جبلطوفان|71/100 tox
|
|-heal|p2a: جبلطوفان|77/100 tox|[from] Grassy Terrain
|-heal|p2a: جبلطوفان|83/100 tox|[from] item: Leftovers
|-heal|p1a: Toxapex|31/100|[from] Grassy Terrain
|-damage|p2a: جبلطوفان|65/100 tox|[from] psn
|upkeep
|turn|16
|
|t:|1760393643
|move|p1a: Toxapex|Baneful Bunker|p1a: Toxapex
|-singleturn|p1a: Toxapex|move: Protect
|move|p2a: جبلطوفان|Wood Hammer|p1a: Toxapex
|-activate|p1a: Toxapex|move: Protect
|
|-heal|p2a: جبلطوفان|71/100 tox|[from] Grassy Terrain
|-heal|p2a: جبلطوفان|77/100 tox|[from] item: Leftovers
|-heal|p1a: Toxapex|38/100|[from] Grassy Terrain
|-damage|p2a: جبلطوفان|52/100 tox|[from] psn
|upkeep
|turn|17
|
|t:|1760393660
|switch|p1a: Deoxys|Deoxys-Defense|100/100
|-activate|p1a: Deoxys|move: Sticky Web
|-unboost|p1a: Deoxys|spe|1
|-ability|p1a: Deoxys|Pressure
|move|p2a: جبلطوفان|Wood Hammer|p1a: Deoxys
|-damage|p1a: Deoxys|40/100
|-damage|p2a: جبلطوفان|38/100 tox|[from] Recoil
|
|-heal|p2a: جبلطوفان|44/100 tox|[from] Grassy Terrain
|-heal|p2a: جبلطوفان|50/100 tox|[from] item: Leftovers
|-heal|p1a: Deoxys|46/100|[from] Grassy Terrain
|-damage|p2a: جبلطوفان|19/100 tox|[from] psn
|-fieldend|move: Grassy Terrain
|upkeep
|turn|18
|
|t:|1760393676
|move|p2a: جبلطوفان|Knock Off|p1a: Deoxys
|-supereffective|p1a: Deoxys
|-damage|p1a: Deoxys|0 fnt
|-enditem|p1a: Deoxys|Light Clay|[from] move: Knock Off|[of] p2a: جبلطوفان
|faint|p1a: Deoxys
|
|-heal|p2a: جبلطوفان|25/100 tox|[from] item: Leftovers
|-damage|p2a: جبلطوفان|0 fnt|[from] psn
|faint|p2a: جبلطوفان
|upkeep
|
|t:|1760393687
|switch|p1a: Lapras|Lapras, F|100/100
|switch|p2a: Tokoyami|Corviknight, F|100/100
|-activate|p1a: Lapras|move: Sticky Web
|-unboost|p1a: Lapras|spe|1
|turn|19
|
|t:|1760393714
|-terastallize|p1a: Lapras|Ground
|move|p2a: Tokoyami|Substitute|p2a: Tokoyami
|-start|p2a: Tokoyami|Substitute
|-damage|p2a: Tokoyami|75/100
|move|p1a: Lapras|Dragon Dance|p1a: Lapras
|-boost|p1a: Lapras|atk|1
|-boost|p1a: Lapras|spe|1
|
|-heal|p2a: Tokoyami|82/100|[from] item: Leftovers
|upkeep
|turn|20
|
|t:|1760393724
|move|p1a: Lapras|Dragon Dance|p1a: Lapras
|-boost|p1a: Lapras|atk|1
|-boost|p1a: Lapras|spe|1
|move|p2a: Tokoyami|Iron Defense|p2a: Tokoyami
|-boost|p2a: Tokoyami|def|2
|
|-heal|p2a: Tokoyami|88/100|[from] item: Leftovers
|upkeep
|turn|21
|
|t:|1760393734
|move|p1a: Lapras|Icicle Spear|p2a: Tokoyami
|-activate|p2a: Tokoyami|move: Substitute|[damage]
|-activate|p2a: Tokoyami|move: Substitute|[damage]
|-activate|p2a: Tokoyami|move: Substitute|[damage]
|-end|p2a: Tokoyami|Substitute
|-hitcount|p2a: Tokoyami|4
|move|p2a: Tokoyami|Iron Defense|p2a: Tokoyami
|-boost|p2a: Tokoyami|def|2
|
|-heal|p2a: Tokoyami|94/100|[from] item: Leftovers
|upkeep
|turn|22
|
|t:|1760393749
|move|p1a: Lapras|Iron Head|p2a: Tokoyami
|-resisted|p2a: Tokoyami
|-damage|p2a: Tokoyami|90/100
|move|p2a: Tokoyami|Substitute|p2a: Tokoyami
|-start|p2a: Tokoyami|Substitute
|-damage|p2a: Tokoyami|65/100
|
|-heal|p2a: Tokoyami|71/100|[from] item: Leftovers
|upkeep
|turn|23
|
|t:|1760393754
|move|p1a: Lapras|Dragon Dance|p1a: Lapras
|-boost|p1a: Lapras|atk|1
|-boost|p1a: Lapras|spe|1
|move|p2a: Tokoyami|Iron Defense|p2a: Tokoyami
|-boost|p2a: Tokoyami|def|2
|
|-heal|p2a: Tokoyami|77/100|[from] item: Leftovers
|upkeep
|turn|24
|
|t:|1760393760
|move|p1a: Lapras|Dragon Dance|p1a: Lapras
|-boost|p1a: Lapras|atk|1
|-boost|p1a: Lapras|spe|1
|move|p2a: Tokoyami|Body Press|p1a: Lapras
|-damage|p1a: Lapras|0 fnt
|faint|p1a: Lapras
|
|-heal|p2a: Tokoyami|84/100|[from] item: Leftovers
|upkeep
|
|t:|1760393767
|switch|p1a: Thundurus|Thundurus-Therian, M|100/100
|turn|25
|
|t:|1760393771
|move|p1a: Thundurus|Volt Switch|p2a: Tokoyami
|-supereffective|p2a: Tokoyami
|-crit|p2a: Tokoyami
|-end|p2a: Tokoyami|Substitute
|
|t:|1760393775
|switch|p1a: Toxapex|Toxapex, F|71/100|[from] Volt Switch
|-activate|p1a: Toxapex|move: Sticky Web
|-unboost|p1a: Toxapex|spe|1
|move|p2a: Tokoyami|Body Press|p1a: Toxapex
|-resisted|p1a: Toxapex
|-damage|p1a: Toxapex|41/100
|
|-heal|p2a: Tokoyami|90/100|[from] item: Leftovers
|upkeep
|turn|26
|
|t:|1760393788
|move|p2a: Tokoyami|Body Press|p1a: Toxapex
|-resisted|p1a: Toxapex
|-crit|p1a: Toxapex
|-damage|p1a: Toxapex|0 fnt
|faint|p1a: Toxapex
|
|-heal|p2a: Tokoyami|96/100|[from] item: Leftovers
|upkeep
|
|t:|1760393790
|switch|p1a: Thundurus|Thundurus-Therian, M|100/100
|turn|27
|
|t:|1760393798
|move|p1a: Thundurus|Volt Switch|p2a: Tokoyami
|-supereffective|p2a: Tokoyami
|-damage|p2a: Tokoyami|24/100
|
|t:|1760393801
|switch|p1a: Zangoose|Zangoose, M|100/100|[from] Volt Switch
|-activate|p1a: Zangoose|move: Sticky Web
|-unboost|p1a: Zangoose|spe|1
|move|p2a: Tokoyami|Substitute|p2a: Tokoyami
|-fail|p2a: Tokoyami|move: Substitute|[weak]
|
|-heal|p2a: Tokoyami|30/100|[from] item: Leftovers
|-status|p1a: Zangoose|tox|[from] item: Toxic Orb
|upkeep
|turn|28
|
|t:|1760393809
|-terastallize|p2a: Tokoyami|Fighting
|move|p1a: Zangoose|Facade|p2a: Tokoyami
|-damage|p2a: Tokoyami|17/100
|move|p2a: Tokoyami|Roost|p2a: Tokoyami
|-heal|p2a: Tokoyami|67/100
|
|-heal|p2a: Tokoyami|73/100|[from] item: Leftovers
|-damage|p1a: Zangoose|95/100 tox|[from] psn
|upkeep
|turn|29
|
|t:|1760393821
|move|p1a: Zangoose|Knock Off|p2a: Tokoyami
|-resisted|p2a: Tokoyami
|-damage|p2a: Tokoyami|69/100
|-enditem|p2a: Tokoyami|Leftovers|[from] move: Knock Off|[of] p1a: Zangoose
|move|p2a: Tokoyami|Body Press|p1a: Zangoose
|-supereffective|p1a: Zangoose
|-damage|p1a: Zangoose|0 fnt
|faint|p1a: Zangoose
|
|upkeep
|
|t:|1760393828
|switch|p1a: Thundurus|Thundurus-Therian, M|100/100
|turn|30
|
|t:|1760393832
|move|p1a: Thundurus|Thunder|p2a: Tokoyami
|-damage|p2a: Tokoyami|10/100
|move|p2a: Tokoyami|Substitute|p2a: Tokoyami
|-fail|p2a: Tokoyami|move: Substitute|[weak]
|
|upkeep
|turn|31
|
|t:|1760393838
|move|p1a: Thundurus|Thunder|p2a: Tokoyami
|-damage|p2a: Tokoyami|0 fnt
|faint|p2a: Tokoyami
|
|win|PulverazingPancake
|raw|PulverazingPancake's rating: 1093 &rarr; <strong>1117</strong><br />(+24 for winning)
|raw|StrifePK's rating: 1070 &rarr; <strong>1051</strong><br />(-19 for losing)
|l|☆StrifePK
|player|p2|
|l|☆PulverazingPancake
|player|p1|
