|j|☆CyborgParrot127
|j|☆teamskullenoxa
|t:|1760350871
|gametype|singles
|player|p1|CyborgParrot127|101|1680
|player|p2|teamskullenoxa|170|1740
|gen|9
|tier|[Gen 9] OU
|rated|
|rule|HP Percentage Mod: HP is shown in percentages
|rule|Endless Battle Clause: Forcing endless battles is banned
|rule|Species Clause: Limit one of each Pokémon
|rule|OHKO Clause: OHKO moves are banned
|rule|Evasion Items Clause: Evasion items are banned
|rule|Evasion Moves Clause: Evasion moves are banned
|rule|Evasion Abilities Clause: Evasion abilities are banned
|rule|Sleep Moves Clause: Sleep-inducing moves are banned
|clearpoke
|poke|p1|Tyranitar, F|
|poke|p1|Excadrill, M|
|poke|p1|Hydrapple, M|
|poke|p1|Tornadus-Therian, M|
|poke|p1|Iron Valiant|
|poke|p1|Arcanine-Hisui, F|
|poke|p2|Lokix, F|
|poke|p2|Slowking-Galar, M|
|poke|p2|Weavile, F|
|poke|p2|Enamorus, F|
|poke|p2|Alomomola, M|
|poke|p2|Cinderace, M|
|teampreview
|j| wyjmjl
|j| mig.ang
|
|t:|1760350903
|teamsize|p1|6
|teamsize|p2|6
|start
|switch|p1a: Iron Valiant|Iron Valiant|100/100
|switch|p2a: Weavile|Weavile, F|100/100
|-ability|p2a: Weavile|Pressure
|-enditem|p1a: Iron Valiant|Booster Energy
|-activate|p1a: Iron Valiant|ability: Quark Drive|[fromitem]
|-start|p1a: Iron Valiant|quarkdrivespe
|turn|1
|
|t:|1760350915
|switch|p2a: Slowking|Slowking-Galar, M|100/100
|move|p1a: Iron Valiant|Knock Off|p2a: Slowking
|-supereffective|p2a: Slowking
|-damage|p2a: Slowking|62/100
|-enditem|p2a: Slowking|Shuca Berry|[from] move: Knock Off|[of] p1a: Iron Valiant
|
|upkeep
|turn|2
|
|t:|1760350922
|-end|p1a: Iron Valiant|Quark Drive|[silent]
|switch|p1a: Arcanine|Arcanine-Hisui, F|100/100
|move|p2a: Slowking|Sludge Bomb|p1a: Arcanine
|-resisted|p1a: Arcanine
|-damage|p1a: Arcanine|81/100
|
|upkeep
|turn|3
|
|t:|1760350926
|move|p1a: Arcanine|Head Smash|p2a: Slowking
|-damage|p2a: Slowking|0 fnt
|faint|p2a: Slowking
|
|upkeep
|
|t:|1760350936
|switch|p2a: Weavile|Weavile, F|100/100
|-ability|p2a: Weavile|Pressure
|turn|4
|
|t:|1760350947
|switch|p1a: Iron Valiant|Iron Valiant|100/100
|move|p2a: Weavile|Low Kick|p1a: Iron Valiant
|-resisted|p1a: Iron Valiant
|-damage|p1a: Iron Valiant|81/100
|
|upkeep
|turn|5
|
|t:|1760350958
|switch|p2a: Alomomola|Alomomola, M|100/100
|move|p1a: Iron Valiant|Moonblast|p2a: Alomomola
|-damage|p2a: Alomomola|76/100
|
|upkeep
|turn|6
|
|t:|1760350961
|move|p1a: Iron Valiant|Knock Off|p2a: Alomomola
|-crit|p2a: Alomomola
|-damage|p2a: Alomomola|44/100
|-enditem|p2a: Alomomola|Assault Vest|[from] move: Knock Off|[of] p1a: Iron Valiant
|move|p2a: Alomomola|Flip Turn|p1a: Iron Valiant
|-damage|p1a: Iron Valiant|59/100
|
|t:|1760350966
|switch|p2a: Weavile|Weavile, F|100/100|[from] Flip Turn
|-ability|p2a: Weavile|Pressure
|
|upkeep
|turn|7
|
|t:|1760350974
|-end|p1a: Iron Valiant|Quark Drive|[silent]
|switch|p1a: Tyranitar|Tyranitar, F|100/100
|-weather|Sandstorm|[from] ability: Sand Stream|[of] p1a: Tyranitar
|move|p2a: Weavile|Triple Axel|p1a: Tyranitar
|-damage|p1a: Tyranitar|89/100
|-damage|p1a: Tyranitar|68/100
|-damage|p1a: Tyranitar|30/100
|-hitcount|p1a: Tyranitar|3
|
|-weather|Sandstorm|[upkeep]
|-damage|p2a: Weavile|94/100|[from] Sandstorm
|-heal|p1a: Tyranitar|37/100|[from] item: Leftovers
|upkeep
|turn|8
|
|t:|1760350991
|switch|p1a: Arcanine|Arcanine-Hisui, F|81/100
|move|p2a: Weavile|Triple Axel|p1a: Arcanine
|-resisted|p1a: Arcanine
|-damage|p1a: Arcanine|72/100
|-resisted|p1a: Arcanine
|-damage|p1a: Arcanine|55/100
|-resisted|p1a: Arcanine
|-damage|p1a: Arcanine|30/100
|-hitcount|p1a: Arcanine|3
|
|-weather|Sandstorm|[upkeep]
|-damage|p2a: Weavile|88/100|[from] Sandstorm
|upkeep
|turn|9
|
|t:|1760350997
|move|p1a: Arcanine|Extreme Speed|p2a: Weavile
|-damage|p2a: Weavile|24/100
|move|p2a: Weavile|Triple Axel|p1a: Arcanine
|-resisted|p1a: Arcanine
|-damage|p1a: Arcanine|20/100
|-resisted|p1a: Arcanine
|-crit|p1a: Arcanine
|-damage|p1a: Arcanine|0 fnt
|faint|p1a: Arcanine
|-hitcount|p1: Arcanine|2
|
|-weather|Sandstorm|[upkeep]
|-damage|p2a: Weavile|18/100|[from] Sandstorm
|upkeep
|
|t:|1760351006
|switch|p1a: Excadrill|Excadrill, M|100/100
|-item|p1a: Excadrill|Air Balloon
|turn|10
|
|t:|1760351012
|switch|p2a: Alomomola|Alomomola, M|77/100
|move|p1a: Excadrill|Rapid Spin|p2a: Alomomola
|-crit|p2a: Alomomola
|-damage|p2a: Alomomola|58/100
|-boost|p1a: Excadrill|spe|1
|
|-weather|Sandstorm|[upkeep]
|-damage|p2a: Alomomola|52/100|[from] Sandstorm
|upkeep
|turn|11
|
|t:|1760351018
|move|p2a: Alomomola|Aqua Jet|p1a: Excadrill
|-supereffective|p1a: Excadrill
|-damage|p1a: Excadrill|67/100
|-enditem|p1a: Excadrill|Air Balloon
|move|p1a: Excadrill|Earthquake|p2a: Alomomola
|-damage|p2a: Alomomola|9/100
|
|-weather|none
|upkeep
|turn|12
|
|t:|1760351025
|move|p2a: Alomomola|Aqua Jet|p1a: Excadrill
|-supereffective|p1a: Excadrill
|-damage|p1a: Excadrill|36/100
|move|p1a: Excadrill|Rock Slide|p2a: Alomomola|[miss]
|-miss|p1a: Excadrill|p2a: Alomomola
|
|upkeep
|turn|13
|
|t:|1760351034
|move|p2a: Alomomola|Aqua Jet|p1a: Excadrill
|-supereffective|p1a: Excadrill
|-damage|p1a: Excadrill|5/100
|move|p1a: Excadrill|Rock Slide|p2a: Alomomola
|-damage|p2a: Alomomola|0 fnt
|faint|p2a: Alomomola
|
|upkeep
|
|t:|1760351059
|switch|p2a: Lokix|Lokix, F|100/100
|turn|14
|
|t:|1760351062
|move|p2a: Lokix|First Impression|p1a: Excadrill
|-resisted|p1a: Excadrill
|-damage|p1a: Excadrill|0 fnt
|faint|p1a: Excadrill
|
|upkeep
|
|t:|1760351071
|switch|p1a: Tornadus|Tornadus-Therian, M|100/100
|turn|15
|l| wyjmjl
|
|t:|1760351091
|switch|p2a: Cinderace|Cinderace, M|100/100
|move|p1a: Tornadus|Bleakwind Storm|p2a: Cinderace|[miss]
|-miss|p1a: Tornadus|p2a: Cinderace
|
|upkeep
|turn|16
|
|t:|1760351095
|move|p1a: Tornadus|Bleakwind Storm|p2a: Cinderace
|-damage|p2a: Cinderace|46/100
|move|p2a: Cinderace|Pyro Ball|p1a: Tornadus
|-damage|p1a: Tornadus|37/100
|
|upkeep
|turn|17
|
|t:|1760351098
|move|p1a: Tornadus|Bleakwind Storm|p2a: Cinderace
|-damage|p2a: Cinderace|0 fnt
|faint|p2a: Cinderace
|
|upkeep
|
|t:|1760351145
|switch|p2a: Weavile|Weavile, F|18/100
|-ability|p2a: Weavile|Pressure
|turn|18
|
|t:|1760351162
|switch|p1a: Tyranitar|Tyranitar, F|37/100
|-weather|Sandstorm|[from] ability: Sand Stream|[of] p1a: Tyranitar
|move|p2a: Weavile|Triple Axel|p1a: Tyranitar
|-damage|p1a: Tyranitar|25/100
|-damage|p1a: Tyranitar|1/100
|-damage|p1a: Tyranitar|0 fnt
|faint|p1a: Tyranitar
|-hitcount|p1: Tyranitar|3
|
|-weather|Sandstorm|[upkeep]
|-damage|p2a: Weavile|12/100|[from] Sandstorm
|upkeep
|
|t:|1760351170
|switch|p1a: Tornadus|Tornadus-Therian, M|70/100
|turn|19
|
|t:|1760351173
|-terastallize|p1a: Tornadus|Steel
|move|p2a: Weavile|Triple Axel|p1a: Tornadus
|-resisted|p1a: Tornadus
|-damage|p1a: Tornadus|61/100
|-resisted|p1a: Tornadus
|-damage|p1a: Tornadus|43/100
|-resisted|p1a: Tornadus
|-damage|p1a: Tornadus|19/100
|-hitcount|p1a: Tornadus|3
|move|p1a: Tornadus|U-turn|p2a: Weavile
|-supereffective|p2a: Weavile
|-damage|p2a: Weavile|0 fnt
|faint|p2a: Weavile
|
|t:|1760351178
|switch|p1a: Iron Valiant|Iron Valiant|59/100|[from] U-turn
|
|-weather|Sandstorm|[upkeep]
|-damage|p1a: Iron Valiant|53/100|[from] Sandstorm
|upkeep
|
|t:|1760351183
|switch|p2a: Enamorus|Enamorus, F|100/100
|turn|20
|
|t:|1760351185
|-end|p1a: Iron Valiant|Quark Drive|[silent]
|switch|p1a: Tornadus|Tornadus-Therian, M, tera:Steel|52/100
|-terastallize|p2a: Enamorus|Stellar
|move|p2a: Enamorus|Tera Blast|p1a: Tornadus|[anim] Tera Blast Stellar
|-supereffective|p1a: Tornadus
|-damage|p1a: Tornadus|0 fnt
|-boost|p2a: Enamorus|atk|1
|-boost|p2a: Enamorus|spa|1
|faint|p1a: Tornadus
|
|-weather|Sandstorm|[upkeep]
|-damage|p2a: Enamorus|94/100|[from] Sandstorm
|upkeep
|
|t:|1760351197
|switch|p1a: Iron Valiant|Iron Valiant|53/100
|turn|21
|
|t:|1760351200
|move|p2a: Enamorus|Tera Blast|p1a: Iron Valiant|[anim] Tera Blast Stellar
|-damage|p1a: Iron Valiant|0 fnt
|-boost|p2a: Enamorus|atk|1
|-boost|p2a: Enamorus|spa|1
|faint|p1a: Iron Valiant
|-end|p1a: Iron Valiant|Quark Drive|[silent]
|
|-weather|Sandstorm|[upkeep]
|-damage|p2a: Enamorus|88/100|[from] Sandstorm
|upkeep
|-message|CyborgParrot127 forfeited.
|
|win|teamskullenoxa
|raw|CyborgParrot127's rating: 1680 &rarr; <strong>1663</strong><br />(-17 for losing)
|raw|teamskullenoxa's rating: 1740 &rarr; <strong>1757</strong><br />(+17 for winning)
|l|☆CyborgParrot127
|player|p1|
|l| mig.ang
|l|☆teamskullenoxa
|player|p2|
