|j|☆Lotadfan22
|j|☆Dakri
|t:|1760368181
|gametype|singles
|player|p1|Lotadfan22|blaine|1191
|player|p2|Dakri|blaine|1145
|gen|9
|tier|[Gen 9] OU
|rated|
|rule|HP Percentage Mod: HP is shown in percentages
|rule|Endless Battle Clause: Forcing endless battles is banned
|rule|Species Clause: Limit one of each Pokémon
|rule|OHKO Clause: OHKO moves are banned
|rule|Evasion Items Clause: Evasion items are banned
|rule|Evasion Moves Clause: Evasion moves are banned
|rule|Evasion Abilities Clause: Evasion abilities are banned
|rule|Sleep Moves Clause: Sleep-inducing moves are banned
|clearpoke
|poke|p1|Pelipper, F|
|poke|p1|Barraskewda, M|
|poke|p1|Zapdos|
|poke|p1|Kingambit, M|
|poke|p1|Ogerpon-Wellspring, F|
|poke|p1|Iron Treads|
|poke|p2|Toxtricity, M|
|poke|p2|Hawlucha, M|
|poke|p2|Sinistcha|
|poke|p2|Lycanroc-Midnight, M|
|poke|p2|Malamar, M|
|poke|p2|Corviknight, M|
|teampreview
|inactive|Battle timer is ON: inactive players will automatically lose when time's up. (requested by Dakri)
|
|t:|1760368201
|teamsize|p1|6
|teamsize|p2|6
|start
|switch|p1a: Iron Treads|Iron Treads|100/100
|switch|p2a: Lycanroc|Lycanroc-Midnight, M, shiny|100/100
|turn|1
|
|t:|1760368208
|move|p1a: Iron Treads|Stealth Rock|p2a: Lycanroc
|-sidestart|p2: Dakri|move: Stealth Rock
|move|p2a: Lycanroc|Counter||[still]
|-fail|p2a: Lycanroc
|
|upkeep
|turn|2
|
|t:|1760368223
|move|p1a: Iron Treads|Rapid Spin|p2a: Lycanroc
|-resisted|p2a: Lycanroc
|-damage|p2a: Lycanroc|92/100
|-boost|p1a: Iron Treads|spe|1
|move|p2a: Lycanroc|Stone Edge|p1a: Iron Treads
|-resisted|p1a: Iron Treads
|-damage|p1a: Iron Treads|92/100
|
|upkeep
|turn|3
|
|t:|1760368236
|move|p2a: Lycanroc|Sucker Punch|p1a: Iron Treads
|-damage|p1a: Iron Treads|77/100
|move|p1a: Iron Treads|Earthquake|p2a: Lycanroc
|-supereffective|p2a: Lycanroc
|-damage|p2a: Lycanroc|0 fnt
|faint|p2a: Lycanroc
|
|upkeep
|
|t:|1760368240
|switch|p2a: Corviknight|Corviknight, M, shiny|100/100
|-damage|p2a: Corviknight|88/100|[from] Stealth Rock
|turn|4
|
|t:|1760368245
|-end|p1a: Iron Treads|Quark Drive|[silent]
|switch|p1a: Zapdos|Zapdos|100/100
|move|p2a: Corviknight|Reflect|p2a: Corviknight
|-sidestart|p2: Dakri|Reflect
|
|upkeep
|turn|5
|
|t:|1760368250
|move|p1a: Zapdos|Thunder|p2a: Corviknight|[miss]
|-miss|p1a: Zapdos|p2a: Corviknight
|move|p2a: Corviknight|Light Screen|p2a: Corviknight
|-sidestart|p2: Dakri|move: Light Screen
|
|upkeep
|turn|6
|
|t:|1760368255
|move|p1a: Zapdos|Thunder|p2a: Corviknight
|-supereffective|p2a: Corviknight
|-damage|p2a: Corviknight|44/100
|-status|p2a: Corviknight|par
|move|p2a: Corviknight|Defog|p1a: Zapdos
|-unboost|p1a: Zapdos|evasion|1
|-sideend|p2: Dakri|Stealth Rock|[from] move: Defog|[of] p2a: Corviknight
|
|upkeep
|turn|7
|
|t:|1760368264
|move|p1a: Zapdos|Thunder|p2a: Corviknight
|-supereffective|p2a: Corviknight
|-damage|p2a: Corviknight|0 fnt
|faint|p2a: Corviknight
|
|upkeep
|
|t:|1760368267
|switch|p2a: Hawlucha|Hawlucha, M, shiny|100/100
|turn|8
|
|t:|1760368273
|move|p2a: Hawlucha|Swords Dance|p2a: Hawlucha
|-boost|p2a: Hawlucha|atk|2
|move|p1a: Zapdos|Thunder|p2a: Hawlucha|[miss]
|-miss|p1a: Zapdos|p2a: Hawlucha
|
|upkeep
|turn|9
|
|t:|1760368278
|move|p2a: Hawlucha|Swords Dance|p2a: Hawlucha
|-boost|p2a: Hawlucha|atk|2
|move|p1a: Zapdos|Thunder|p2a: Hawlucha
|-supereffective|p2a: Hawlucha
|-damage|p2a: Hawlucha|13/100
|
|upkeep
|turn|10
|
|t:|1760368288
|move|p2a: Hawlucha|Drain Punch|p1a: Zapdos
|-resisted|p1a: Zapdos
|-damage|p1a: Zapdos|38/100
|-heal|p2a: Hawlucha|47/100|[from] drain|[of] p1a: Zapdos
|move|p1a: Zapdos|Volt Switch|p2a: Hawlucha
|-supereffective|p2a: Hawlucha
|-damage|p2a: Hawlucha|0 fnt
|faint|p2a: Hawlucha
|
|t:|1760368294
|switch|p1a: Pelipper|Pelipper, F|100/100|[from] Volt Switch
|-weather|RainDance|[from] ability: Drizzle|[of] p1a: Pelipper
|
|-weather|RainDance|[upkeep]
|upkeep
|
|t:|1760368300
|switch|p2a: Toxtricity|Toxtricity, M|100/100
|turn|11
|
|t:|1760368315
|move|p2a: Toxtricity|Shift Gear|p2a: Toxtricity
|-boost|p2a: Toxtricity|spe|2
|-boost|p2a: Toxtricity|atk|1
|move|p1a: Pelipper|U-turn|p2a: Toxtricity
|-resisted|p2a: Toxtricity
|-damage|p2a: Toxtricity|97/100
|
|t:|1760368326
|switch|p1a: Kingambit|Kingambit, M|100/100|[from] U-turn
|
|-weather|RainDance|[upkeep]
|-sideend|p2: Dakri|Reflect
|upkeep
|turn|12
|
|t:|1760368345
|move|p2a: Toxtricity|Shift Gear|p2a: Toxtricity
|-boost|p2a: Toxtricity|spe|2
|-boost|p2a: Toxtricity|atk|1
|move|p1a: Kingambit|Kowtow Cleave|p2a: Toxtricity
|-damage|p2a: Toxtricity|5/100
|
|-weather|RainDance|[upkeep]
|-sideend|p2: Dakri|move: Light Screen
|upkeep
|turn|13
|
|t:|1760368358
|move|p1a: Kingambit|Sucker Punch||[still]
|-fail|p1a: Kingambit
|move|p2a: Toxtricity|Shift Gear|p2a: Toxtricity
|-boost|p2a: Toxtricity|spe|2
|-boost|p2a: Toxtricity|atk|1
|
|-weather|RainDance|[upkeep]
|upkeep
|turn|14
|
|t:|1760368362
|move|p1a: Kingambit|Sucker Punch|p2a: Toxtricity
|-damage|p2a: Toxtricity|0 fnt
|faint|p2a: Toxtricity
|
|-weather|RainDance|[upkeep]
|upkeep
|
|t:|1760368365
|switch|p2a: Malamar|Malamar, M, shiny|100/100
|turn|15
|
|t:|1760368377
|-end|p1a: Kingambit|fallenundefined|[silent]
|switch|p1a: Zapdos|Zapdos|38/100
|move|p2a: Malamar|Superpower|p1a: Zapdos
|-resisted|p1a: Zapdos
|-damage|p1a: Zapdos|16/100
|-boost|p2a: Malamar|atk|1
|-boost|p2a: Malamar|def|1
|
|-weather|RainDance|[upkeep]
|upkeep
|turn|16
|
|t:|1760368387
|move|p1a: Zapdos|Roost|p1a: Zapdos
|-heal|p1a: Zapdos|66/100
|-singleturn|p1a: Zapdos|move: Roost
|move|p2a: Malamar|Superpower|p1a: Zapdos
|-damage|p1a: Zapdos|8/100
|-boost|p2a: Malamar|atk|1
|-boost|p2a: Malamar|def|1
|-status|p2a: Malamar|par|[from] ability: Static|[of] p1a: Zapdos
|
|-weather|RainDance|[upkeep]
|upkeep
|turn|17
|
|t:|1760368396
|move|p1a: Zapdos|Hurricane|p2a: Malamar
|-damage|p2a: Malamar|40/100 par
|move|p2a: Malamar|Superpower|p1a: Zapdos
|-resisted|p1a: Zapdos
|-damage|p1a: Zapdos|0 fnt
|-boost|p2a: Malamar|atk|1
|-boost|p2a: Malamar|def|1
|faint|p1a: Zapdos
|
|-weather|none
|-heal|p2a: Malamar|46/100 par|[from] item: Leftovers
|upkeep
|
|t:|1760368402
|switch|p1a: Pelipper|Pelipper, F|100/100
|-weather|RainDance|[from] ability: Drizzle|[of] p1a: Pelipper
|turn|18
|c|☆Dakri|Wp
|
|t:|1760368408
|move|p1a: Pelipper|Hurricane|p2a: Malamar
|-damage|p2a: Malamar|5/100 par
|move|p2a: Malamar|Knock Off|p1a: Pelipper
|-damage|p1a: Pelipper|18/100
|-enditem|p1a: Pelipper|Damp Rock|[from] move: Knock Off|[of] p2a: Malamar
|
|-weather|RainDance|[upkeep]
|-heal|p2a: Malamar|11/100 par|[from] item: Leftovers
|upkeep
|turn|19
|
|t:|1760368413
|move|p2a: Malamar|Protect|p2a: Malamar
|-singleturn|p2a: Malamar|Protect
|move|p1a: Pelipper|Hurricane|p2a: Malamar
|-activate|p2a: Malamar|move: Protect
|
|-weather|RainDance|[upkeep]
|-heal|p2a: Malamar|17/100 par|[from] item: Leftovers
|upkeep
|turn|20
|
|t:|1760368420
|move|p1a: Pelipper|Hurricane|p2a: Malamar
|-damage|p2a: Malamar|0 fnt
|faint|p2a: Malamar
|
|-weather|RainDance|[upkeep]
|upkeep
|
|t:|1760368424
|switch|p2a: Sinistcha|Sinistcha|100/100
|turn|21
|
|t:|1760368431
|move|p2a: Sinistcha|Calm Mind|p2a: Sinistcha
|-boost|p2a: Sinistcha|spa|1
|-boost|p2a: Sinistcha|spd|1
|move|p1a: Pelipper|Knock Off|p2a: Sinistcha
|-supereffective|p2a: Sinistcha
|-damage|p2a: Sinistcha|79/100
|-enditem|p2a: Sinistcha|Leftovers|[from] move: Knock Off|[of] p1a: Pelipper
|
|-weather|RainDance|[upkeep]
|upkeep
|turn|22
|
|t:|1760368440
|move|p2a: Sinistcha|Protect|p2a: Sinistcha
|-singleturn|p2a: Sinistcha|Protect
|move|p1a: Pelipper|U-turn|p2a: Sinistcha
|-activate|p2a: Sinistcha|move: Protect
|
|-weather|RainDance|[upkeep]
|upkeep
|turn|23
|
|t:|1760368446
|move|p2a: Sinistcha|Calm Mind|p2a: Sinistcha
|-boost|p2a: Sinistcha|spa|1
|-boost|p2a: Sinistcha|spd|1
|move|p1a: Pelipper|U-turn|p2a: Sinistcha
|-damage|p2a: Sinistcha|70/100
|
|t:|1760368450
|switch|p1a: Ogerpon|Ogerpon-Wellspring, F|100/100|[from] U-turn
|
|-weather|RainDance|[upkeep]
|upkeep
|turn|24
|
|t:|1760368457
|move|p1a: Ogerpon|Encore|p2a: Sinistcha
|-start|p2a: Sinistcha|Encore
|move|p2a: Sinistcha|Calm Mind|p2a: Sinistcha
|-boost|p2a: Sinistcha|spa|1
|-boost|p2a: Sinistcha|spd|1
|
|-weather|RainDance|[upkeep]
|upkeep
|turn|25
|
|t:|1760368462
|-terastallize|p1a: Ogerpon|Water
|detailschange|p1a: Ogerpon|Ogerpon-Wellspring-Tera, F, tera:Water
|-ability|p1a: Ogerpon|Embody Aspect (Wellspring)|boost
|-boost|p1a: Ogerpon|spd|1
|move|p1a: Ogerpon|Ivy Cudgel|p2a: Sinistcha|[anim] Ivy Cudgel Water
|-resisted|p2a: Sinistcha
|-damage|p2a: Sinistcha|20/100
|move|p2a: Sinistcha|Calm Mind|p2a: Sinistcha
|-boost|p2a: Sinistcha|spa|1
|-boost|p2a: Sinistcha|spd|1
|
|-weather|none
|upkeep
|turn|26
|c|☆Dakri|Wp
|
|t:|1760368468
|move|p1a: Ogerpon|Ivy Cudgel|p2a: Sinistcha|[anim] Ivy Cudgel Water
|-resisted|p2a: Sinistcha
|-damage|p2a: Sinistcha|0 fnt
|faint|p2a: Sinistcha
|
|win|Lotadfan22
|raw|Lotadfan22's rating: 1191 &rarr; <strong>1213</strong><br />(+22 for winning)
|raw|Dakri's rating: 1145 &rarr; <strong>1123</strong><br />(-22 for losing)
