|j|☆andrewm0n
|j|☆khote
|t:|1760337170
|gametype|singles
|player|p1|andrewm0n|169|1455
|player|p2|khote|burglar|1510
|gen|9
|tier|[Gen 9] OU
|rated|
|rule|HP Percentage Mod: HP is shown in percentages
|rule|Endless Battle Clause: Forcing endless battles is banned
|rule|Species Clause: Limit one of each Pokémon
|rule|OHKO Clause: OHKO moves are banned
|rule|Evasion Items Clause: Evasion items are banned
|rule|Evasion Moves Clause: Evasion moves are banned
|rule|Evasion Abilities Clause: Evasion abilities are banned
|rule|Sleep Moves Clause: Sleep-inducing moves are banned
|clearpoke
|poke|p1|Skeledirge, M|
|poke|p1|Glimmora, F|
|poke|p1|Alomomola, F|
|poke|p1|Ursaluna, M|
|poke|p1|Kommo-o, F|
|poke|p1|Dragapult, M|
|poke|p2|Iron Treads|
|poke|p2|Ogerpon-Wellspring, F|
|poke|p2|Zamazenta-*|
|poke|p2|Dragapult, F|
|poke|p2|Iron Valiant|
|poke|p2|Dragonite, F|
|teampreview
|inactive|Battle timer is ON: inactive players will automatically lose when time's up. (requested by khote)
|
|t:|1760337190
|teamsize|p1|6
|teamsize|p2|6
|start
|switch|p1a: Glimmora|Glimmora, F, shiny|100/100
|switch|p2a: Dragapult|Dragapult, F|100/100
|turn|1
|
|t:|1760337196
|move|p2a: Dragapult|Will-O-Wisp|p1a: Glimmora
|-status|p1a: Glimmora|brn
|move|p1a: Glimmora|Stealth Rock|p2a: Dragapult
|-sidestart|p2: khote|move: Stealth Rock
|
|-damage|p1a: Glimmora|94/100 brn|[from] brn
|upkeep
|turn|2
|
|t:|1760337202
|switch|p1a: Ursaluna|Ursaluna, M, shiny|100/100
|move|p2a: Dragapult|Hex|p1a: Ursaluna
|-immune|p1a: Ursaluna
|
|-status|p1a: Ursaluna|brn|[from] item: Flame Orb
|upkeep
|turn|3
|
|t:|1760337212
|move|p2a: Dragapult|Draco Meteor|p1a: Ursaluna
|-crit|p1a: Ursaluna
|-damage|p1a: Ursaluna|21/100 brn
|-unboost|p2a: Dragapult|spa|2
|move|p1a: Ursaluna|Earthquake|p2a: Dragapult
|-damage|p2a: Dragapult|0 fnt
|faint|p2a: Dragapult
|
|-damage|p1a: Ursaluna|15/100 brn|[from] brn
|upkeep
|
|t:|1760337218
|switch|p2a: Ogerpon|Ogerpon-Wellspring, F|100/100
|-damage|p2a: Ogerpon|88/100|[from] Stealth Rock
|turn|4
|
|t:|1760337222
|switch|p1a: Dragapult|Dragapult, M, shiny|100/100
|move|p2a: Ogerpon|Ivy Cudgel|p1a: Dragapult|[anim] Ivy Cudgel Water
|-resisted|p1a: Dragapult
|-damage|p1a: Dragapult|62/100
|
|upkeep
|turn|5
|
|t:|1760337227
|switch|p2a: Iron Treads|Iron Treads|100/100
|-damage|p2a: Iron Treads|97/100|[from] Stealth Rock
|move|p1a: Dragapult|U-turn|p2a: Iron Treads
|-resisted|p2a: Iron Treads
|-damage|p2a: Iron Treads|83/100
|
|t:|1760337233
|switch|p1a: Kommo-o|Kommo-o, F, shiny|100/100|[from] U-turn
|
|-heal|p2a: Iron Treads|89/100|[from] item: Leftovers
|upkeep
|turn|6
|
|t:|1760337239
|move|p1a: Kommo-o|Clangorous Soul|p1a: Kommo-o
|-boost|p1a: Kommo-o|atk|1
|-boost|p1a: Kommo-o|def|1
|-boost|p1a: Kommo-o|spa|1
|-boost|p1a: Kommo-o|spd|1
|-boost|p1a: Kommo-o|spe|1
|-damage|p1a: Kommo-o|68/100
|move|p2a: Iron Treads|Stealth Rock|p1a: Kommo-o
|-sidestart|p1: andrewm0n|move: Stealth Rock
|
|-heal|p1a: Kommo-o|74/100|[from] item: Leftovers
|-heal|p2a: Iron Treads|96/100|[from] item: Leftovers
|upkeep
|turn|7
|
|t:|1760337247
|move|p1a: Kommo-o|Drain Punch|p2a: Iron Treads
|-supereffective|p2a: Iron Treads
|-damage|p2a: Iron Treads|33/100
|-heal|p1a: Kommo-o|100/100|[from] drain|[of] p2a: Iron Treads
|move|p2a: Iron Treads|Rapid Spin|p1a: Kommo-o
|-damage|p1a: Kommo-o|93/100
|-boost|p2a: Iron Treads|spe|1
|-sideend|p2: khote|Stealth Rock|[from] move: Rapid Spin|[of] p2a: Iron Treads
|
|-heal|p1a: Kommo-o|99/100|[from] item: Leftovers
|-heal|p2a: Iron Treads|39/100|[from] item: Leftovers
|upkeep
|turn|8
|
|t:|1760337250
|move|p1a: Kommo-o|Clangorous Soul|p1a: Kommo-o
|-boost|p1a: Kommo-o|atk|1
|-boost|p1a: Kommo-o|def|1
|-boost|p1a: Kommo-o|spa|1
|-boost|p1a: Kommo-o|spd|1
|-boost|p1a: Kommo-o|spe|1
|-damage|p1a: Kommo-o|66/100
|move|p2a: Iron Treads|Earthquake|p1a: Kommo-o
|-damage|p1a: Kommo-o|49/100
|
|-heal|p1a: Kommo-o|55/100|[from] item: Leftovers
|-heal|p2a: Iron Treads|45/100|[from] item: Leftovers
|upkeep
|turn|9
|
|t:|1760337253
|move|p1a: Kommo-o|Clangorous Soul|p1a: Kommo-o
|-boost|p1a: Kommo-o|atk|1
|-boost|p1a: Kommo-o|def|1
|-boost|p1a: Kommo-o|spa|1
|-boost|p1a: Kommo-o|spd|1
|-boost|p1a: Kommo-o|spe|1
|-damage|p1a: Kommo-o|23/100
|move|p2a: Iron Treads|Earthquake|p1a: Kommo-o
|-damage|p1a: Kommo-o|9/100
|
|-heal|p1a: Kommo-o|15/100|[from] item: Leftovers
|-heal|p2a: Iron Treads|51/100|[from] item: Leftovers
|upkeep
|turn|10
|
|t:|1760337259
|move|p1a: Kommo-o|Drain Punch|p2a: Iron Treads
|-supereffective|p2a: Iron Treads
|-damage|p2a: Iron Treads|0 fnt
|-heal|p1a: Kommo-o|47/100|[from] drain|[of] p2a: Iron Treads
|faint|p2a: Iron Treads
|-end|p2a: Iron Treads|Quark Drive|[silent]
|
|-heal|p1a: Kommo-o|53/100|[from] item: Leftovers
|upkeep
|
|t:|1760337263
|switch|p2a: Iron Valiant|Iron Valiant|100/100
|-enditem|p2a: Iron Valiant|Booster Energy
|-activate|p2a: Iron Valiant|ability: Quark Drive|[fromitem]
|-start|p2a: Iron Valiant|quarkdrivespe
|turn|11
|
|t:|1760337267
|-terastallize|p1a: Kommo-o|Fire
|move|p1a: Kommo-o|Flamethrower|p2a: Iron Valiant
|-damage|p2a: Iron Valiant|0 fnt
|faint|p2a: Iron Valiant
|-end|p2a: Iron Valiant|Quark Drive|[silent]
|
|-heal|p1a: Kommo-o|60/100|[from] item: Leftovers
|upkeep
|
|t:|1760337285
|switch|p2a: Dragonite|Dragonite, F|100/100
|turn|12
|
|t:|1760337289
|move|p1a: Kommo-o|Clanging Scales|p2a: Dragonite
|-supereffective|p2a: Dragonite
|-damage|p2a: Dragonite|0 fnt
|faint|p2a: Dragonite
|-unboost|p1a: Kommo-o|def|1
|
|-heal|p1a: Kommo-o|66/100|[from] item: Leftovers
|upkeep
|-message|khote forfeited.
|
|win|andrewm0n
|raw|andrewm0n's rating: 1455 &rarr; <strong>1478</strong><br />(+23 for winning)
|raw|khote's rating: 1510 &rarr; <strong>1487</strong><br />(-23 for losing)
|l|☆khote
|player|p2|
|l|☆andrewm0n
|player|p1|
