|j|☆remmyymmer
|j|☆skibidisksk
|t:|1760307655
|gametype|singles
|player|p1|remmyymmer|102|1531
|player|p2|skibidisksk|101|1552
|gen|9
|tier|[Gen 9] OU
|rated|
|rule|HP Percentage Mod: HP is shown in percentages
|rule|Endless Battle Clause: Forcing endless battles is banned
|rule|Species Clause: Limit one of each Pokémon
|rule|OHKO Clause: OHKO moves are banned
|rule|Evasion Items Clause: Evasion items are banned
|rule|Evasion Moves Clause: Evasion moves are banned
|rule|Evasion Abilities Clause: Evasion abilities are banned
|rule|Sleep Moves Clause: Sleep-inducing moves are banned
|clearpoke
|poke|p1|Gliscor, F|
|poke|p1|Ting-Lu|
|poke|p1|Weavile, F|
|poke|p1|Dragonite, F|
|poke|p1|Corviknight, F|
|poke|p1|Clefable, F|
|poke|p2|Raging Bolt|
|poke|p2|Dragonite, M|
|poke|p2|Iron Valiant|
|poke|p2|Iron Moth|
|poke|p2|Landorus-Therian, M|
|poke|p2|Darkrai|
|teampreview
|inactive|Battle timer is ON: inactive players will automatically lose when time's up. (requested by remmyymmer)
|
|t:|1760307667
|teamsize|p1|6
|teamsize|p2|6
|start
|switch|p1a: Weavile|Weavile, F|100/100
|switch|p2a: Iron Valiant|Iron Valiant|100/100
|-ability|p1a: Weavile|Pressure
|-enditem|p2a: Iron Valiant|Booster Energy
|-activate|p2a: Iron Valiant|ability: Quark Drive|[fromitem]
|-start|p2a: Iron Valiant|quarkdrivespe
|turn|1
|inactive|skibidisksk also wants the timer to be on.
|
|t:|1760307680
|switch|p1a: Corviknight|Corviknight, F|100/100
|-ability|p1a: Corviknight|Pressure
|-terastallize|p2a: Iron Valiant|Electric
|move|p2a: Iron Valiant|Calm Mind|p2a: Iron Valiant
|-boost|p2a: Iron Valiant|spa|1
|-boost|p2a: Iron Valiant|spd|1
|
|upkeep
|turn|2
|
|t:|1760307692
|switch|p1a: Ting-Lu|Ting-Lu|100/100
|-ability|p1a: Ting-Lu|Vessel of Ruin
|move|p2a: Iron Valiant|Moonblast|p1a: Ting-Lu
|-supereffective|p1a: Ting-Lu
|-damage|p1a: Ting-Lu|46/100
|-unboost|p1a: Ting-Lu|spa|1
|
|-heal|p1a: Ting-Lu|52/100|[from] item: Leftovers
|upkeep
|turn|3
|
|t:|1760307702
|-end|p2a: Iron Valiant|Quark Drive|[silent]
|switch|p2a: Landorus|Landorus-Therian, M|100/100
|-ability|p2a: Landorus|Intimidate|boost
|-unboost|p1a: Ting-Lu|atk|1
|move|p1a: Ting-Lu|Earthquake|p2a: Landorus
|-immune|p2a: Landorus
|
|-heal|p1a: Ting-Lu|59/100|[from] item: Leftovers
|upkeep
|turn|4
|
|t:|1760307711
|move|p2a: Landorus|Earthquake|p1a: Ting-Lu
|-damage|p1a: Ting-Lu|26/100
|move|p1a: Ting-Lu|Stealth Rock|p2a: Landorus
|-sidestart|p2: skibidisksk|move: Stealth Rock
|
|-heal|p1a: Ting-Lu|33/100|[from] item: Leftovers
|upkeep
|turn|5
|
|t:|1760307719
|move|p2a: Landorus|Earthquake|p1a: Ting-Lu
|-damage|p1a: Ting-Lu|4/100
|move|p1a: Ting-Lu|Spikes|p2a: Landorus
|-sidestart|p2: skibidisksk|Spikes
|
|-heal|p1a: Ting-Lu|10/100|[from] item: Leftovers
|upkeep
|turn|6
|
|t:|1760307728
|switch|p1a: Gliscor|Gliscor, F|100/100
|move|p2a: Landorus|Taunt|p1a: Gliscor
|-start|p1a: Gliscor|move: Taunt
|
|-status|p1a: Gliscor|tox|[from] item: Toxic Orb
|upkeep
|turn|7
|
|t:|1760307736
|move|p2a: Landorus|Stealth Rock|p1a: Gliscor
|-sidestart|p1: remmyymmer|move: Stealth Rock
|move|p1a: Gliscor|Knock Off|p2a: Landorus
|-damage|p2a: Landorus|74/100
|-enditem|p2a: Landorus|Focus Sash|[from] move: Knock Off|[of] p1a: Gliscor
|
|upkeep
|turn|8
|
|t:|1760307747
|move|p2a: Landorus|Stone Edge|p1a: Gliscor
|-damage|p1a: Gliscor|72/100 tox
|move|p1a: Gliscor|Facade|p2a: Landorus
|-damage|p2a: Landorus|40/100
|
|-heal|p1a: Gliscor|84/100 tox|[from] ability: Poison Heal
|-end|p1a: Gliscor|move: Taunt
|upkeep
|turn|9
|
|t:|1760307758
|move|p2a: Landorus|Taunt|p1a: Gliscor
|-start|p1a: Gliscor|move: Taunt
|move|p1a: Gliscor|Facade|p2a: Landorus
|-damage|p2a: Landorus|5/100
|
|-heal|p1a: Gliscor|97/100 tox|[from] ability: Poison Heal
|upkeep
|turn|10
|
|t:|1760307768
|move|p2a: Landorus|Stone Edge|p1a: Gliscor
|-damage|p1a: Gliscor|65/100 tox
|move|p1a: Gliscor|Knock Off|p2a: Landorus
|-damage|p2a: Landorus|0 fnt
|faint|p2a: Landorus
|
|-heal|p1a: Gliscor|77/100 tox|[from] ability: Poison Heal
|upkeep
|
|t:|1760307778
|switch|p2a: Raging Bolt|Raging Bolt|100/100
|-damage|p2a: Raging Bolt|88/100|[from] Stealth Rock
|-damage|p2a: Raging Bolt|76/100|[from] Spikes
|-enditem|p2a: Raging Bolt|Booster Energy
|-activate|p2a: Raging Bolt|ability: Protosynthesis|[fromitem]
|-start|p2a: Raging Bolt|protosynthesisspa
|turn|11
|
|t:|1760307786
|switch|p1a: Ting-Lu|Ting-Lu|10/100
|-damage|p1a: Ting-Lu|4/100|[from] Stealth Rock
|-ability|p1a: Ting-Lu|Vessel of Ruin
|move|p2a: Raging Bolt|Dragon Pulse|p1a: Ting-Lu
|-damage|p1a: Ting-Lu|0 fnt
|faint|p1a: Ting-Lu
|
|upkeep
|
|t:|1760307802
|switch|p1a: Weavile|Weavile, F|100/100
|-ability|p1a: Weavile|Pressure
|turn|12
|
|t:|1760307811
|move|p2a: Raging Bolt|Thunderclap|p1a: Weavile
|-damage|p1a: Weavile|31/100
|move|p1a: Weavile|Icicle Crash|p2a: Raging Bolt
|-supereffective|p2a: Raging Bolt
|-damage|p2a: Raging Bolt|0 fnt
|faint|p2a: Raging Bolt
|-end|p2a: Raging Bolt|Protosynthesis|[silent]
|
|upkeep
|
|t:|1760307824
|switch|p2a: Dragonite|Dragonite, M|100/100
|turn|13
|
|t:|1760307833
|switch|p1a: Corviknight|Corviknight, F|100/100
|-damage|p1a: Corviknight|88/100|[from] Stealth Rock
|-ability|p1a: Corviknight|Pressure
|switch|p2a: Iron Moth|Iron Moth|100/100
|-damage|p2a: Iron Moth|76/100|[from] Stealth Rock
|-damage|p2a: Iron Moth|63/100|[from] Spikes
|-enditem|p2a: Iron Moth|Booster Energy
|-activate|p2a: Iron Moth|ability: Quark Drive|[fromitem]
|-start|p2a: Iron Moth|quarkdrivespe
|
|upkeep
|turn|14
|
|t:|1760307846
|switch|p1a: Dragonite|Dragonite, F|100/100
|move|p2a: Iron Moth|Sludge Wave|p1a: Dragonite
|-damage|p1a: Dragonite|78/100
|
|upkeep
|turn|15
|
|t:|1760307858
|move|p2a: Iron Moth|Sludge Wave|p1a: Dragonite
|-damage|p1a: Dragonite|37/100
|-status|p1a: Dragonite|psn
|move|p1a: Dragonite|Earthquake|p2a: Iron Moth
|-supereffective|p2a: Iron Moth
|-damage|p2a: Iron Moth|0 fnt
|faint|p2a: Iron Moth
|-end|p2a: Iron Moth|Quark Drive|[silent]
|
|-damage|p1a: Dragonite|25/100 psn|[from] psn
|upkeep
|
|t:|1760307869
|switch|p2a: Dragonite|Dragonite, M|100/100
|turn|16
|
|t:|1760307877
|move|p1a: Dragonite|Extreme Speed|p2a: Dragonite
|-damage|p2a: Dragonite|85/100
|move|p2a: Dragonite|Ice Spinner|p1a: Dragonite
|-supereffective|p1a: Dragonite
|-damage|p1a: Dragonite|0 fnt
|faint|p1a: Dragonite
|
|upkeep
|
|t:|1760307886
|switch|p1a: Clefable|Clefable, F|100/100
|turn|17
|
|t:|1760307894
|move|p2a: Dragonite|Dragon Dance|p2a: Dragonite
|-boost|p2a: Dragonite|atk|1
|-boost|p2a: Dragonite|spe|1
|move|p1a: Clefable|Calm Mind|p1a: Clefable
|-boost|p1a: Clefable|spa|1
|-boost|p1a: Clefable|spd|1
|
|upkeep
|turn|18
|
|t:|1760307902
|move|p2a: Dragonite|Earthquake|p1a: Clefable
|-damage|p1a: Clefable|72/100
|move|p1a: Clefable|Moonblast|p2a: Dragonite
|-supereffective|p2a: Dragonite
|-damage|p2a: Dragonite|0 fnt
|faint|p2a: Dragonite
|
|upkeep
|
|t:|1760307915
|switch|p2a: Darkrai|Darkrai|100/100
|-damage|p2a: Darkrai|88/100|[from] Stealth Rock
|-damage|p2a: Darkrai|76/100|[from] Spikes
|turn|19
|
|t:|1760307923
|-terastallize|p1a: Clefable|Poison
|move|p2a: Darkrai|Dark Pulse|p1a: Clefable
|-damage|p1a: Clefable|38/100
|-damage|p2a: Darkrai|66/100|[from] item: Life Orb
|move|p1a: Clefable|Moonblast|p2a: Darkrai
|-supereffective|p2a: Darkrai
|-damage|p2a: Darkrai|0 fnt
|faint|p2a: Darkrai
|
|upkeep
|
|t:|1760307932
|switch|p2a: Iron Valiant|Iron Valiant, tera:Electric|100/100
|-damage|p2a: Iron Valiant|88/100|[from] Stealth Rock
|-damage|p2a: Iron Valiant|76/100|[from] Spikes
|turn|20
|
|t:|1760307938
|move|p2a: Iron Valiant|Moonblast|p1a: Clefable
|-resisted|p1a: Clefable
|-crit|p1a: Clefable
|-damage|p1a: Clefable|4/100
|move|p1a: Clefable|Moonblast|p2a: Iron Valiant
|-damage|p2a: Iron Valiant|0 fnt
|faint|p2a: Iron Valiant
|-end|p2a: Iron Valiant|Quark Drive|[silent]
|
|win|remmyymmer
|raw|remmyymmer's rating: 1531 &rarr; <strong>1552</strong><br />(+21 for winning)
|raw|skibidisksk's rating: 1552 &rarr; <strong>1531</strong><br />(-21 for losing)
