|j|☆agtsaucisse
|j|☆Lieurak
|t:|1760443827
|gametype|singles
|player|p1|agtsaucisse|blaine|1324
|player|p2|Lieurak|1|1331
|gen|9
|tier|[Gen 9] OU
|rated|
|rule|HP Percentage Mod: HP is shown in percentages
|rule|Endless Battle Clause: Forcing endless battles is banned
|rule|Species Clause: Limit one of each Pokémon
|rule|OHKO Clause: OHKO moves are banned
|rule|Evasion Items Clause: Evasion items are banned
|rule|Evasion Moves Clause: Evasion moves are banned
|rule|Evasion Abilities Clause: Evasion abilities are banned
|rule|Sleep Moves Clause: Sleep-inducing moves are banned
|clearpoke
|poke|p1|Armarouge, F|
|poke|p1|Deoxys-Speed|
|poke|p1|Sceptile, F|
|poke|p1|Indeedee, M|
|poke|p1|Hawlucha, M|
|poke|p1|Great Tusk|
|poke|p2|Kingambit, F|
|poke|p2|Tornadus-Therian, M|
|poke|p2|Samurott-Hisui, F|
|poke|p2|Heatran, M|
|poke|p2|Ogerpon-Wellspring, F|
|poke|p2|Great Tusk|
|teampreview
|inactive|Battle timer is ON: inactive players will automatically lose when time's up. (requested by agtsaucisse)
|
|t:|1760443855
|teamsize|p1|6
|teamsize|p2|6
|start
|switch|p1a: Indeedee|Indeedee, M|100/100
|switch|p2a: Samurott|Samurott-Hisui, F|100/100
|-fieldstart|move: Psychic Terrain|[from] ability: Psychic Surge|[of] p1a: Indeedee
|turn|1
|
|t:|1760443859
|switch|p1a: Sceptile|Sceptile, F|100/100
|-enditem|p1a: Sceptile|Psychic Seed
|-boost|p1a: Sceptile|spd|1|[from] item: Psychic Seed
|move|p2a: Samurott|Ceaseless Edge|p1a: Sceptile
|-damage|p1a: Sceptile|32/100
|-sidestart|p1: agtsaucisse|Spikes
|
|upkeep
|turn|2
|
|t:|1760443870
|-terastallize|p2a: Samurott|Poison
|move|p1a: Sceptile|Leaf Blade|p2a: Samurott
|-resisted|p2a: Samurott
|-damage|p2a: Samurott|74/100
|move|p2a: Samurott|Ceaseless Edge|p1a: Sceptile|[miss]
|-miss|p2a: Samurott|p1a: Sceptile
|
|upkeep
|turn|3
|
|t:|1760443881
|move|p1a: Sceptile|Earthquake|p2a: Samurott
|-supereffective|p2a: Samurott
|-damage|p2a: Samurott|2/100
|move|p2a: Samurott|Ceaseless Edge|p1a: Sceptile
|-damage|p1a: Sceptile|0 fnt
|-sidestart|p1: agtsaucisse|Spikes
|faint|p1a: Sceptile
|
|upkeep
|
|t:|1760443886
|switch|p1a: Great Tusk|Great Tusk|100/100
|-damage|p1a: Great Tusk|84/100|[from] Spikes
|-enditem|p1a: Great Tusk|Booster Energy
|-activate|p1a: Great Tusk|ability: Protosynthesis|[fromitem]
|-start|p1a: Great Tusk|protosynthesisspe
|turn|4
|
|t:|1760443899
|switch|p2a: Tornadus|Tornadus-Therian, M|100/100
|move|p1a: Great Tusk|Rapid Spin|p2a: Tornadus
|-damage|p2a: Tornadus|84/100
|-boost|p1a: Great Tusk|spe|1
|-sideend|p1: agtsaucisse|Spikes|[from] move: Rapid Spin|[of] p1a: Great Tusk
|
|upkeep
|turn|5
|
|t:|1760443906
|move|p1a: Great Tusk|Head Smash|p2a: Tornadus|[miss]
|-miss|p1a: Great Tusk|p2a: Tornadus
|move|p2a: Tornadus|Hurricane|p1a: Great Tusk|[miss]
|-miss|p2a: Tornadus|p1a: Great Tusk
|
|upkeep
|turn|6
|
|t:|1760443918
|switch|p2a: Great Tusk|Great Tusk|100/100
|move|p1a: Great Tusk|Head Smash|p2a: Great Tusk
|-resisted|p2a: Great Tusk
|-damage|p2a: Great Tusk|92/100
|-damage|p1a: Great Tusk|80/100|[from] Recoil
|
|upkeep
|turn|7
|
|t:|1760443927
|move|p1a: Great Tusk|Taunt|p2a: Great Tusk
|-start|p2a: Great Tusk|move: Taunt
|move|p2a: Great Tusk|Ice Spinner|p1a: Great Tusk
|-supereffective|p1a: Great Tusk
|-damage|p1a: Great Tusk|48/100
|-fieldend|move: Psychic Terrain
|
|upkeep
|turn|8
|
|t:|1760443942
|-end|p1a: Great Tusk|Protosynthesis|[silent]
|switch|p1a: Indeedee|Indeedee, M|100/100
|-fieldstart|move: Psychic Terrain|[from] ability: Psychic Surge|[of] p1a: Indeedee
|move|p2a: Great Tusk|Ice Spinner|p1a: Indeedee
|-damage|p1a: Indeedee|67/100
|-fieldend|move: Psychic Terrain
|
|upkeep
|turn|9
|
|t:|1760443957
|move|p2a: Great Tusk|Headlong Rush|p1a: Indeedee
|-damage|p1a: Indeedee|0 fnt
|-unboost|p2a: Great Tusk|def|1
|-unboost|p2a: Great Tusk|spd|1
|faint|p1a: Indeedee
|
|-end|p2a: Great Tusk|move: Taunt
|upkeep
|
|t:|1760443963
|switch|p1a: Deoxys|Deoxys-Speed|100/100
|-ability|p1a: Deoxys|Pressure
|turn|10
|
|t:|1760443976
|move|p1a: Deoxys|Focus Blast|p2a: Great Tusk
|-damage|p2a: Great Tusk|0 fnt
|faint|p2a: Great Tusk
|-end|p2a: Great Tusk|Protosynthesis|[silent]
|-damage|p1a: Deoxys|91/100|[from] item: Life Orb
|
|upkeep
|
|t:|1760443988
|switch|p2a: Samurott|Samurott-Hisui, F, tera:Poison|2/100
|turn|11
|
|t:|1760443992
|move|p1a: Deoxys|Expanding Force|p2a: Samurott
|-supereffective|p2a: Samurott
|-damage|p2a: Samurott|0 fnt
|faint|p2a: Samurott
|-damage|p1a: Deoxys|81/100|[from] item: Life Orb
|
|upkeep
|
|t:|1760444005
|switch|p2a: Ogerpon|Ogerpon-Wellspring, F|100/100
|turn|12
|
|t:|1760444014
|move|p1a: Deoxys|Expanding Force|p2a: Ogerpon
|-damage|p2a: Ogerpon|48/100
|-damage|p1a: Deoxys|71/100|[from] item: Life Orb
|move|p2a: Ogerpon|Knock Off|p1a: Deoxys
|-supereffective|p1a: Deoxys
|-damage|p1a: Deoxys|0 fnt
|-enditem|p1a: Deoxys|Life Orb|[from] move: Knock Off|[of] p2a: Ogerpon
|faint|p1a: Deoxys
|
|upkeep
|
|t:|1760444023
|switch|p1a: Armarouge|Armarouge, F|100/100
|turn|13
|
|t:|1760444031
|-terastallize|p1a: Armarouge|Fighting
|move|p2a: Ogerpon|Ivy Cudgel|p1a: Armarouge|[anim] Ivy Cudgel Water
|-damage|p1a: Armarouge|39/100
|-ability|p1a: Armarouge|Weak Armor|boost
|-unboost|p1a: Armarouge|def|1
|-boost|p1a: Armarouge|spe|2
|move|p1a: Armarouge|Calm Mind|p1a: Armarouge
|-boost|p1a: Armarouge|spa|1
|-boost|p1a: Armarouge|spd|1
|
|upkeep
|turn|14
|
|t:|1760444048
|move|p1a: Armarouge|Armor Cannon|p2a: Ogerpon
|-damage|p2a: Ogerpon|0 fnt
|-unboost|p1a: Armarouge|def|1
|-unboost|p1a: Armarouge|spd|1
|faint|p2a: Ogerpon
|-damage|p1a: Armarouge|29/100|[from] item: Life Orb
|
|upkeep
|
|t:|1760444065
|switch|p2a: Kingambit|Kingambit, F|100/100
|-activate|p2a: Kingambit|ability: Supreme Overlord
|-start|p2a: Kingambit|fallen3|[silent]
|turn|15
|
|t:|1760444072
|move|p2a: Kingambit|Sucker Punch||[still]
|-fail|p2a: Kingambit
|move|p1a: Armarouge|Calm Mind|p1a: Armarouge
|-boost|p1a: Armarouge|spa|1
|-boost|p1a: Armarouge|spd|1
|
|upkeep
|turn|16
|
|t:|1760444076
|move|p2a: Kingambit|Sucker Punch|p1a: Armarouge
|-resisted|p1a: Armarouge
|-damage|p1a: Armarouge|0 fnt
|faint|p1a: Armarouge
|-damage|p2a: Kingambit|91/100|[from] item: Life Orb
|
|upkeep
|
|t:|1760444081
|switch|p1a: Hawlucha|Hawlucha, M|100/100
|turn|17
|
|t:|1760444099
|-end|p2a: Kingambit|fallen3|[silent]
|switch|p2a: Tornadus|Tornadus-Therian, M|100/100
|move|p1a: Hawlucha|Stone Edge|p2a: Tornadus
|-supereffective|p2a: Tornadus
|-crit|p2a: Tornadus
|-damage|p2a: Tornadus|5/100
|
|upkeep
|turn|18
|
|t:|1760444110
|move|p2a: Tornadus|Hurricane|p1a: Hawlucha
|-supereffective|p1a: Hawlucha
|-damage|p1a: Hawlucha|0 fnt
|faint|p1a: Hawlucha
|
|upkeep
|
|t:|1760444113
|switch|p1a: Great Tusk|Great Tusk|48/100
|turn|19
|
|t:|1760444116
|move|p2a: Tornadus|Hurricane|p1a: Great Tusk|[miss]
|-miss|p2a: Tornadus|p1a: Great Tusk
|move|p1a: Great Tusk|Rapid Spin|p2a: Tornadus
|-damage|p2a: Tornadus|0 fnt
|-boost|p1a: Great Tusk|spe|1
|faint|p2a: Tornadus
|
|upkeep
|
|t:|1760444123
|switch|p2a: Heatran|Heatran, M|100/100
|turn|20
|
|t:|1760444133
|move|p2a: Heatran|Protect|p2a: Heatran
|-singleturn|p2a: Heatran|Protect
|move|p1a: Great Tusk|Headlong Rush|p2a: Heatran
|-activate|p2a: Heatran|move: Protect
|
|upkeep
|turn|21
|
|t:|1760444141
|move|p1a: Great Tusk|Headlong Rush|p2a: Heatran
|-supereffective|p2a: Heatran
|-damage|p2a: Heatran|0 fnt
|-unboost|p1a: Great Tusk|def|1
|-unboost|p1a: Great Tusk|spd|1
|faint|p2a: Heatran
|
|upkeep
|
|t:|1760444144
|switch|p2a: Kingambit|Kingambit, F|91/100
|-activate|p2a: Kingambit|ability: Supreme Overlord
|-start|p2a: Kingambit|fallen5|[silent]
|turn|22
|
|t:|1760444152
|move|p2a: Kingambit|Sucker Punch|p1a: Great Tusk
|-resisted|p1a: Great Tusk
|-crit|p1a: Great Tusk
|-damage|p1a: Great Tusk|0 fnt
|faint|p1a: Great Tusk
|-end|p1a: Great Tusk|Protosynthesis|[silent]
|-damage|p2a: Kingambit|81/100|[from] item: Life Orb
|
|win|Lieurak
|raw|agtsaucisse's rating: 1324 &rarr; <strong>1304</strong><br />(-20 for losing)
|raw|Lieurak's rating: 1331 &rarr; <strong>1351</strong><br />(+20 for winning)
|l|☆agtsaucisse
|player|p1|
|l|☆Lieurak
|player|p2|
