|j|☆hrt boymoder
|j|☆pantalonescondidos
|t:|1760376361
|gametype|singles
|player|p1|hrt boymoder|elaine|1582
|player|p2|pantalonescondidos|2|1647
|gen|9
|tier|[Gen 9] OU
|rated|
|rule|HP Percentage Mod: HP is shown in percentages
|rule|Endless Battle Clause: Forcing endless battles is banned
|rule|Species Clause: Limit one of each Pokémon
|rule|OHKO Clause: OHKO moves are banned
|rule|Evasion Items Clause: Evasion items are banned
|rule|Evasion Moves Clause: Evasion moves are banned
|rule|Evasion Abilities Clause: Evasion abilities are banned
|rule|Sleep Moves Clause: Sleep-inducing moves are banned
|clearpoke
|poke|p1|Dragapult, F|
|poke|p1|Iron Moth|
|poke|p1|Serperior, F|
|poke|p1|Iron Treads|
|poke|p1|Dragonite, F|
|poke|p1|Greninja-*, M|
|poke|p2|Sylveon, F|
|poke|p2|Slowking-Galar, M|
|poke|p2|Toxapex, F|
|poke|p2|Great Tusk|
|poke|p2|Kingambit, M|
|poke|p2|Rotom-Heat|
|teampreview
|inactive|Battle timer is ON: inactive players will automatically lose when time's up. (requested by pantalonescondidos)
|inactive|hrt boymoder also wants the timer to be on.
|
|t:|1760376374
|teamsize|p1|6
|teamsize|p2|6
|start
|switch|p1a: nose to the future|Iron Treads|100/100
|switch|p2a: Rotom|Rotom-Heat, shiny|100/100
|-enditem|p1a: nose to the future|Booster Energy
|-activate|p1a: nose to the future|ability: Quark Drive|[fromitem]
|-start|p1a: nose to the future|quarkdrivespe
|turn|1
|
|t:|1760376378
|move|p1a: nose to the future|Stealth Rock|p2a: Rotom
|-sidestart|p2: pantalonescondidos|move: Stealth Rock
|move|p2a: Rotom|Overheat|p1a: nose to the future
|-supereffective|p1a: nose to the future
|-damage|p1a: nose to the future|0 fnt
|-unboost|p2a: Rotom|spa|2
|faint|p1a: nose to the future
|-end|p1a: nose to the future|Quark Drive|[silent]
|
|upkeep
|
|t:|1760376389
|switch|p1a: that long long|Greninja, M|100/100
|turn|2
|
|t:|1760376397
|switch|p2a: Sylveon|Sylveon, F, shiny|100/100
|-damage|p2a: Sylveon|88/100|[from] Stealth Rock
|switch|p1a: Samuel|Serperior, F|100/100
|
|-heal|p2a: Sylveon|94/100|[from] item: Leftovers
|upkeep
|turn|3
|
|t:|1760376400
|move|p2a: Sylveon|Protect|p2a: Sylveon
|-singleturn|p2a: Sylveon|Protect
|move|p1a: Samuel|Leaf Storm|p2a: Sylveon
|-activate|p2a: Sylveon|move: Protect
|
|-heal|p2a: Sylveon|99/100|[from] item: Leftovers
|upkeep
|turn|4
|
|t:|1760376405
|switch|p2a: Slowking|Slowking-Galar, M, shiny|100/100
|-damage|p2a: Slowking|88/100|[from] Stealth Rock
|move|p1a: Samuel|Leaf Storm|p2a: Slowking
|-resisted|p2a: Slowking
|-damage|p2a: Slowking|78/100
|-boost|p1a: Samuel|spa|2
|
|upkeep
|turn|5
|
|t:|1760376412
|move|p1a: Samuel|Leaf Storm|p2a: Slowking|[miss]
|-miss|p1a: Samuel|p2a: Slowking
|move|p2a: Slowking|Sludge Bomb|p1a: Samuel
|-supereffective|p1a: Samuel
|-damage|p1a: Samuel|12/100
|-status|p1a: Samuel|psn
|
|-damage|p1a: Samuel|0 fnt|[from] psn
|faint|p1a: Samuel
|upkeep
|-message|hrt boymoder forfeited.
|
|win|pantalonescondidos
|raw|hrt boymoder's rating: 1582 &rarr; <strong>1566</strong><br />(-16 for losing)
|raw|pantalonescondidos's rating: 1647 &rarr; <strong>1663</strong><br />(+16 for winning)
|l|☆hrt boymoder
|player|p1|
|l|☆pantalonescondidos
|player|p2|
