|j|☆daaferino
|j|☆Real Glim Shady
|t:|1760443671
|gametype|singles
|player|p1|daaferino|lady|1370
|player|p2|Real Glim Shady|dragontamer|1472
|gen|9
|tier|[Gen 9] OU
|rated|
|rule|HP Percentage Mod: HP is shown in percentages
|rule|Endless Battle Clause: Forcing endless battles is banned
|rule|Species Clause: Limit one of each Pokémon
|rule|OHKO Clause: OHKO moves are banned
|rule|Evasion Items Clause: Evasion items are banned
|rule|Evasion Moves Clause: Evasion moves are banned
|rule|Evasion Abilities Clause: Evasion abilities are banned
|rule|Sleep Moves Clause: Sleep-inducing moves are banned
|clearpoke
|poke|p1|Dondozo, F|
|poke|p1|Gliscor, F|
|poke|p1|Corviknight, M|
|poke|p1|Blissey, F|
|poke|p1|Talonflame, M|
|poke|p1|Toxapex, M|
|poke|p2|Ninetales, F|
|poke|p2|Walking Wake|
|poke|p2|Great Tusk|
|poke|p2|Hatterene, F|
|poke|p2|Blaziken, M|
|poke|p2|Dragapult, M|
|teampreview
|inactive|Battle timer is ON: inactive players will automatically lose when time's up. (requested by Real Glim Shady)
|inactive|daaferino also wants the timer to be on.
|
|t:|1760443691
|teamsize|p1|6
|teamsize|p2|6
|start
|switch|p1a: Gliscor|Gliscor, F|100/100
|switch|p2a: Nine Inch Tails|Ninetales, F, shiny|100/100
|-weather|SunnyDay|[from] ability: Drought|[of] p2a: Nine Inch Tails
|turn|1
|
|t:|1760443696
|move|p1a: Gliscor|Protect|p1a: Gliscor
|-singleturn|p1a: Gliscor|Protect
|move|p2a: Nine Inch Tails|Will-O-Wisp|p1a: Gliscor
|-activate|p1a: Gliscor|move: Protect
|
|-weather|SunnyDay|[upkeep]
|-status|p1a: Gliscor|tox|[from] item: Toxic Orb
|upkeep
|turn|2
|
|t:|1760443700
|move|p2a: Nine Inch Tails|Encore|p1a: Gliscor
|-start|p1a: Gliscor|Encore
|move|p1a: Gliscor|Protect||[still]
|-fail|p1a: Gliscor
|
|-weather|SunnyDay|[upkeep]
|upkeep
|turn|3
|
|t:|1760443705
|switch|p1a: Toxapex|Toxapex, M|100/100
|move|p2a: Nine Inch Tails|Will-O-Wisp|p1a: Toxapex
|-status|p1a: Toxapex|brn
|
|-weather|SunnyDay|[upkeep]
|-damage|p1a: Toxapex|95/100 brn|[from] brn
|upkeep
|turn|4
|
|t:|1760443713
|switch|p2a: Hatterene|Hatterene, F|100/100
|move|p1a: Toxapex|Toxic|p2a: Hatterene
|move|p2a: Hatterene|Toxic||[from] ability: Magic Bounce|[still]
|-fail|p2a: Hatterene
|
|-weather|SunnyDay|[upkeep]
|-damage|p1a: Toxapex|89/100 brn|[from] brn
|upkeep
|turn|5
|
|t:|1760443721
|switch|p1a: Talonflame|Talonflame, M|100/100
|move|p2a: Hatterene|Psychic Noise|p1a: Talonflame
|-damage|p1a: Talonflame|60/100
|-start|p1a: Talonflame|move: Heal Block
|
|-weather|SunnyDay|[upkeep]
|upkeep
|turn|6
|
|t:|1760443729
|move|p1a: Talonflame|Flamethrower|p2a: Hatterene
|-damage|p2a: Hatterene|62/100
|-enditem|p2a: Hatterene|Eject Button
|
|t:|1760443732
|switch|p2a: WalkingOnSunshine|Walking Wake|100/100
|-activate|p2a: WalkingOnSunshine|ability: Protosynthesis
|-start|p2a: WalkingOnSunshine|protosynthesisspa
|
|-weather|SunnyDay|[upkeep]
|-end|p1a: Talonflame|move: Heal Block
|upkeep
|turn|7
|
|t:|1760443743
|switch|p1a: Toxapex|Toxapex, M|100/100 brn
|move|p2a: WalkingOnSunshine|Flip Turn|p1a: Toxapex
|-resisted|p1a: Toxapex
|-damage|p1a: Toxapex|98/100 brn
|
|t:|1760443763
|-end|p2a: WalkingOnSunshine|Protosynthesis|[silent]
|switch|p2a: Hatterene|Hatterene, F|62/100|[from] Flip Turn
|
|-weather|SunnyDay|[upkeep]
|-damage|p1a: Toxapex|92/100 brn|[from] brn
|upkeep
|turn|8
|
|t:|1760443788
|switch|p1a: Corviknight|Corviknight, M|100/100
|-ability|p1a: Corviknight|Pressure
|move|p2a: Hatterene|Psychic Noise|p1a: Corviknight
|-resisted|p1a: Corviknight
|-damage|p1a: Corviknight|83/100
|-start|p1a: Corviknight|move: Heal Block
|
|-weather|none
|upkeep
|turn|9
|
|t:|1760443792
|move|p1a: Corviknight|Brave Bird|p2a: Hatterene
|-damage|p2a: Hatterene|33/100
|-damage|p1a: Corviknight|75/100|[from] Recoil
|move|p2a: Hatterene|Nuzzle|p1a: Corviknight
|-supereffective|p1a: Corviknight
|-damage|p1a: Corviknight|70/100
|-status|p1a: Corviknight|par
|
|-end|p1a: Corviknight|move: Heal Block
|upkeep
|turn|10
|
|t:|1760443803
|switch|p2a: Nine Inch Tails|Ninetales, F, shiny|100/100
|-weather|SunnyDay|[from] ability: Drought|[of] p2a: Nine Inch Tails
|move|p1a: Corviknight|Brave Bird|p2a: Nine Inch Tails
|-damage|p2a: Nine Inch Tails|43/100
|-damage|p1a: Corviknight|56/100 par|[from] Recoil
|
|-weather|SunnyDay|[upkeep]
|-heal|p1a: Corviknight|62/100 par|[from] item: Leftovers
|upkeep
|turn|11
|
|t:|1760443811
|switch|p2a: WalkingOnSunshine|Walking Wake|100/100
|-activate|p2a: WalkingOnSunshine|ability: Protosynthesis
|-start|p2a: WalkingOnSunshine|protosynthesisspa
|switch|p1a: Toxapex|Toxapex, M|100/100 brn
|
|-weather|SunnyDay|[upkeep]
|-damage|p1a: Toxapex|95/100 brn|[from] brn
|upkeep
|turn|12
|
|t:|1760443816
|move|p2a: WalkingOnSunshine|Draco Meteor|p1a: Toxapex
|-damage|p1a: Toxapex|7/100 brn
|-unboost|p2a: WalkingOnSunshine|spa|2
|move|p1a: Toxapex|Toxic|p2a: WalkingOnSunshine
|-status|p2a: WalkingOnSunshine|tox
|
|-weather|SunnyDay|[upkeep]
|-damage|p2a: WalkingOnSunshine|94/100 tox|[from] psn
|-damage|p1a: Toxapex|1/100 brn|[from] brn
|upkeep
|turn|13
|
|t:|1760443823
|-end|p2a: WalkingOnSunshine|Protosynthesis|[silent]
|switch|p2a: Blaziken|Blaziken, M|100/100
|switch|p1a: Blissey|Blissey, F|100/100
|
|-weather|SunnyDay|[upkeep]
|upkeep
|turn|14
|
|t:|1760443829
|switch|p2a: WalkingOnSunshine|Walking Wake|94/100 tox
|-activate|p2a: WalkingOnSunshine|ability: Protosynthesis
|-start|p2a: WalkingOnSunshine|protosynthesisspa
|switch|p1a: Toxapex|Toxapex, M|35/100 brn
|
|-weather|SunnyDay|[upkeep]
|-damage|p2a: WalkingOnSunshine|88/100 tox|[from] psn
|-damage|p1a: Toxapex|29/100 brn|[from] brn
|upkeep
|turn|15
|l|☆Real Glim Shady
|inactive|Real Glim Shady disconnected and has a minute to reconnect!
|player|p2|
|j|☆Real Glim Shady
|inactive|Real Glim Shady reconnected and has 110 seconds left.
|player|p2|Real Glim Shady|dragontamer|
|
|t:|1760443873
|move|p1a: Toxapex|Baneful Bunker|p1a: Toxapex
|-singleturn|p1a: Toxapex|move: Protect
|move|p2a: WalkingOnSunshine|Flip Turn|p1a: Toxapex
|-activate|p1a: Toxapex|move: Protect
|
|-weather|SunnyDay|[upkeep]
|-damage|p2a: WalkingOnSunshine|76/100 tox|[from] psn
|-damage|p1a: Toxapex|23/100 brn|[from] brn
|upkeep
|turn|16
|
|t:|1760443880
|move|p2a: WalkingOnSunshine|Flip Turn|p1a: Toxapex
|-resisted|p1a: Toxapex
|-damage|p1a: Toxapex|20/100 brn
|
|t:|1760443883
|-end|p2a: WalkingOnSunshine|Protosynthesis|[silent]
|switch|p2a: Blaziken|Blaziken, M|100/100|[from] Flip Turn
|move|p1a: Toxapex|Recover|p1a: Toxapex
|-heal|p1a: Toxapex|70/100 brn
|
|-weather|SunnyDay|[upkeep]
|-damage|p1a: Toxapex|64/100 brn|[from] brn
|upkeep
|turn|17
|
|t:|1760443891
|switch|p2a: Hatterene|Hatterene, F|33/100
|move|p1a: Toxapex|Toxic|p2a: Hatterene
|move|p2a: Hatterene|Toxic||[from] ability: Magic Bounce|[still]
|-fail|p2a: Hatterene
|
|-weather|none
|-damage|p1a: Toxapex|58/100 brn|[from] brn
|upkeep
|turn|18
|
|t:|1760443895
|switch|p1a: Talonflame|Talonflame, M|60/100
|move|p2a: Hatterene|Psychic Noise|p1a: Talonflame
|-damage|p1a: Talonflame|18/100
|-start|p1a: Talonflame|move: Heal Block
|
|upkeep
|turn|19
|
|t:|1760443902
|move|p1a: Talonflame|Flamethrower|p2a: Hatterene
|-damage|p2a: Hatterene|10/100
|move|p2a: Hatterene|Nuzzle|p1a: Talonflame
|-supereffective|p1a: Talonflame
|-damage|p1a: Talonflame|11/100
|-status|p1a: Talonflame|par
|-status|p2a: Hatterene|brn|[from] ability: Flame Body|[of] p1a: Talonflame
|
|-damage|p2a: Hatterene|4/100 brn|[from] brn
|-end|p1a: Talonflame|move: Heal Block
|upkeep
|turn|20
|
|t:|1760443907
|move|p1a: Talonflame|Roost|p1a: Talonflame
|-heal|p1a: Talonflame|61/100 par
|-singleturn|p1a: Talonflame|move: Roost
|move|p2a: Hatterene|Healing Wish|p2a: Hatterene
|faint|p2a: Hatterene
|
|upkeep
|
|t:|1760443915
|switch|p2a: WalkingOnSunshine|Walking Wake|76/100 tox
|-heal|p2a: WalkingOnSunshine|100/100|[from] move: Healing Wish
|turn|21
|
|t:|1760443921
|move|p2a: WalkingOnSunshine|Draco Meteor|p1a: Talonflame
|-damage|p1a: Talonflame|0 fnt
|-unboost|p2a: WalkingOnSunshine|spa|2
|faint|p1a: Talonflame
|
|upkeep
|
|t:|1760443923
|switch|p1a: Toxapex|Toxapex, M|92/100 brn
|turn|22
|
|t:|1760443926
|-end|p2a: WalkingOnSunshine|Protosynthesis|[silent]
|switch|p2a: Nine Inch Tails|Ninetales, F, shiny|43/100
|-weather|SunnyDay|[from] ability: Drought|[of] p2a: Nine Inch Tails
|move|p1a: Toxapex|Toxic|p2a: Nine Inch Tails
|-status|p2a: Nine Inch Tails|tox
|
|-weather|SunnyDay|[upkeep]
|-damage|p2a: Nine Inch Tails|37/100 tox|[from] psn
|-damage|p1a: Toxapex|86/100 brn|[from] brn
|upkeep
|turn|23
|
|t:|1760443931
|switch|p2a: WalkingOnSunshine|Walking Wake|100/100
|-activate|p2a: WalkingOnSunshine|ability: Protosynthesis
|-start|p2a: WalkingOnSunshine|protosynthesisspa
|move|p1a: Toxapex|Toxic|p2a: WalkingOnSunshine
|-status|p2a: WalkingOnSunshine|tox
|
|-weather|SunnyDay|[upkeep]
|-damage|p2a: WalkingOnSunshine|94/100 tox|[from] psn
|-damage|p1a: Toxapex|80/100 brn|[from] brn
|upkeep
|turn|24
|
|t:|1760443937
|move|p1a: Toxapex|Baneful Bunker|p1a: Toxapex
|-singleturn|p1a: Toxapex|move: Protect
|move|p2a: WalkingOnSunshine|Draco Meteor|p1a: Toxapex
|-activate|p1a: Toxapex|move: Protect
|
|-weather|SunnyDay|[upkeep]
|-damage|p2a: WalkingOnSunshine|82/100 tox|[from] psn
|-damage|p1a: Toxapex|74/100 brn|[from] brn
|upkeep
|turn|25
|
|t:|1760443946
|-end|p2a: WalkingOnSunshine|Protosynthesis|[silent]
|switch|p2a: Blaziken|Blaziken, M|100/100
|switch|p1a: Corviknight|Corviknight, M|62/100 par
|-ability|p1a: Corviknight|Pressure
|
|-weather|SunnyDay|[upkeep]
|-heal|p1a: Corviknight|69/100 par|[from] item: Leftovers
|upkeep
|turn|26
|
|t:|1760443953
|switch|p2a: WalkingOnSunshine|Walking Wake|82/100 tox
|-activate|p2a: WalkingOnSunshine|ability: Protosynthesis
|-start|p2a: WalkingOnSunshine|protosynthesisspa
|switch|p1a: Toxapex|Toxapex, M|100/100 brn
|
|-weather|SunnyDay|[upkeep]
|-damage|p2a: WalkingOnSunshine|76/100 tox|[from] psn
|-damage|p1a: Toxapex|95/100 brn|[from] brn
|upkeep
|turn|27
|
|t:|1760443957
|move|p1a: Toxapex|Baneful Bunker|p1a: Toxapex
|-singleturn|p1a: Toxapex|move: Protect
|move|p2a: WalkingOnSunshine|Draco Meteor|p1a: Toxapex
|-activate|p1a: Toxapex|move: Protect
|
|-weather|SunnyDay|[upkeep]
|-damage|p2a: WalkingOnSunshine|63/100 tox|[from] psn
|-damage|p1a: Toxapex|89/100 brn|[from] brn
|upkeep
|turn|28
|
|t:|1760443962
|switch|p1a: Corviknight|Corviknight, M|69/100 par
|-ability|p1a: Corviknight|Pressure
|move|p2a: WalkingOnSunshine|Draco Meteor|p1a: Corviknight
|-resisted|p1a: Corviknight
|-crit|p1a: Corviknight
|-damage|p1a: Corviknight|0 fnt
|-unboost|p2a: WalkingOnSunshine|spa|2
|faint|p1a: Corviknight
|
|-weather|SunnyDay|[upkeep]
|-damage|p2a: WalkingOnSunshine|45/100 tox|[from] psn
|upkeep
|
|t:|1760443972
|switch|p1a: Blissey|Blissey, F|100/100
|turn|29
|
|t:|1760443977
|-end|p2a: WalkingOnSunshine|Protosynthesis|[silent]
|switch|p2a: Tuskathan|Great Tusk|100/100
|-activate|p2a: Tuskathan|ability: Protosynthesis
|-start|p2a: Tuskathan|protosynthesisatk
|move|p1a: Blissey|Stealth Rock|p2a: Tuskathan
|-sidestart|p2: Real Glim Shady|move: Stealth Rock
|
|-weather|none
|-end|p2a: Tuskathan|Protosynthesis
|upkeep
|turn|30
|
|t:|1760443985
|switch|p1a: Gliscor|Gliscor, F|100/100 tox
|move|p2a: Tuskathan|Rapid Spin|p1a: Gliscor
|-damage|p1a: Gliscor|87/100 tox
|-boost|p2a: Tuskathan|spe|1
|-sideend|p2: Real Glim Shady|Stealth Rock|[from] move: Rapid Spin|[of] p2a: Tuskathan
|
|-heal|p1a: Gliscor|99/100 tox|[from] ability: Poison Heal
|upkeep
|turn|31
|
|t:|1760443994
|-terastallize|p2a: Tuskathan|Poison
|move|p2a: Tuskathan|Bulk Up|p2a: Tuskathan
|-boost|p2a: Tuskathan|atk|1
|-boost|p2a: Tuskathan|def|1
|move|p1a: Gliscor|Knock Off|p2a: Tuskathan
|-damage|p2a: Tuskathan|92/100
|-enditem|p2a: Tuskathan|Leftovers|[from] move: Knock Off|[of] p1a: Gliscor
|
|-heal|p1a: Gliscor|100/100 tox|[from] ability: Poison Heal
|upkeep
|turn|32
|
|t:|1760444000
|move|p2a: Tuskathan|Ice Spinner|p1a: Gliscor
|-supereffective|p1a: Gliscor
|-damage|p1a: Gliscor|0 fnt
|faint|p1a: Gliscor
|
|upkeep
|
|t:|1760444003
|switch|p1a: Dondozo|Dondozo, F|100/100
|turn|33
|
|t:|1760444008
|-end|p2a: Tuskathan|Protosynthesis|[silent]
|switch|p2a: Dragapult|Dragapult, M|100/100
|move|p1a: Dondozo|Avalanche|p2a: Dragapult
|-supereffective|p2a: Dragapult
|-damage|p2a: Dragapult|59/100
|
|upkeep
|turn|34
|
|t:|1760444014
|move|p2a: Dragapult|Will-O-Wisp|p1a: Dondozo
|-status|p1a: Dondozo|brn
|move|p1a: Dondozo|Avalanche|p2a: Dragapult
|-supereffective|p2a: Dragapult
|-damage|p2a: Dragapult|36/100
|
|-damage|p1a: Dondozo|94/100 brn|[from] brn
|upkeep
|turn|35
|
|t:|1760444017
|move|p2a: Dragapult|Hex|p1a: Dondozo
|-damage|p1a: Dondozo|44/100 brn
|move|p1a: Dondozo|Avalanche|p2a: Dragapult
|-supereffective|p2a: Dragapult
|-damage|p2a: Dragapult|0 fnt
|faint|p2a: Dragapult
|
|-damage|p1a: Dondozo|37/100 brn|[from] brn
|upkeep
|
|t:|1760444023
|switch|p2a: Nine Inch Tails|Ninetales, F, shiny|37/100 tox
|-weather|SunnyDay|[from] ability: Drought|[of] p2a: Nine Inch Tails
|turn|36
|
|t:|1760444031
|switch|p1a: Blissey|Blissey, F|100/100
|move|p2a: Nine Inch Tails|Encore||[still]
|-fail|p2a: Nine Inch Tails
|
|-weather|SunnyDay|[upkeep]
|-damage|p2a: Nine Inch Tails|31/100 tox|[from] psn
|upkeep
|turn|37
|
|t:|1760444034
|move|p2a: Nine Inch Tails|Healing Wish|p2a: Nine Inch Tails
|faint|p2a: Nine Inch Tails
|move|p1a: Blissey|Seismic Toss|p2: Nine Inch Tails|[notarget]
|-fail|p1a: Blissey
|
|-weather|SunnyDay|[upkeep]
|upkeep
|
|t:|1760444048
|switch|p2a: Blaziken|Blaziken, M|100/100
|turn|38
|
|t:|1760444054
|switch|p1a: Toxapex|Toxapex, M|100/100 brn
|move|p2a: Blaziken|Swords Dance|p2a: Blaziken
|-boost|p2a: Blaziken|atk|2
|
|-weather|SunnyDay|[upkeep]
|-damage|p1a: Toxapex|95/100 brn|[from] brn
|-ability|p2a: Blaziken|Speed Boost|boost
|-boost|p2a: Blaziken|spe|1
|upkeep
|turn|39
|
|t:|1760444062
|move|p2a: Blaziken|Flare Blitz|p1a: Toxapex
|-resisted|p1a: Toxapex
|-damage|p1a: Toxapex|19/100 brn
|-damage|p2a: Blaziken|76/100|[from] Recoil
|move|p1a: Toxapex|Haze|p1a: Toxapex
|-clearallboost
|
|-weather|SunnyDay|[upkeep]
|-heal|p2a: Blaziken|82/100|[from] item: Leftovers
|-damage|p1a: Toxapex|13/100 brn|[from] brn
|-ability|p2a: Blaziken|Speed Boost|boost
|-boost|p2a: Blaziken|spe|1
|upkeep
|turn|40
|
|t:|1760444069
|move|p1a: Toxapex|Baneful Bunker|p1a: Toxapex
|-singleturn|p1a: Toxapex|move: Protect
|move|p2a: Blaziken|Close Combat|p1a: Toxapex
|-activate|p1a: Toxapex|move: Protect
|-status|p2a: Blaziken|psn
|
|-weather|SunnyDay|[upkeep]
|-heal|p2a: Blaziken|88/100 psn|[from] item: Leftovers
|-damage|p2a: Blaziken|75/100 psn|[from] psn
|-damage|p1a: Toxapex|7/100 brn|[from] brn
|-ability|p2a: Blaziken|Speed Boost|boost
|-boost|p2a: Blaziken|spe|1
|upkeep
|turn|41
|
|t:|1760444072
|move|p2a: Blaziken|Close Combat|p1a: Toxapex
|-resisted|p1a: Toxapex
|-damage|p1a: Toxapex|0 fnt
|-unboost|p2a: Blaziken|def|1
|-unboost|p2a: Blaziken|spd|1
|faint|p1a: Toxapex
|
|-weather|SunnyDay|[upkeep]
|-heal|p2a: Blaziken|81/100 psn|[from] item: Leftovers
|-damage|p2a: Blaziken|69/100 psn|[from] psn
|-ability|p2a: Blaziken|Speed Boost|boost
|-boost|p2a: Blaziken|spe|1
|upkeep
|
|t:|1760444074
|switch|p1a: Dondozo|Dondozo, F|37/100 brn
|turn|42
|
|t:|1760444077
|switch|p2a: WalkingOnSunshine|Walking Wake|45/100 tox
|-heal|p2a: WalkingOnSunshine|100/100|[from] move: Healing Wish
|-activate|p2a: WalkingOnSunshine|ability: Protosynthesis
|-start|p2a: WalkingOnSunshine|protosynthesisspa
|move|p1a: Dondozo|Rest|p1a: Dondozo
|-status|p1a: Dondozo|slp|[from] move: Rest
|-heal|p1a: Dondozo|100/100 slp|[silent]
|
|-weather|SunnyDay|[upkeep]
|upkeep
|turn|43
|
|t:|1760444092
|switch|p1a: Blissey|Blissey, F|100/100
|move|p2a: WalkingOnSunshine|Hydro Steam|p1a: Blissey
|-damage|p1a: Blissey|64/100
|
|-weather|none
|-end|p2a: WalkingOnSunshine|Protosynthesis
|upkeep
|turn|44
|
|t:|1760444099
|-end|p2a: WalkingOnSunshine|Protosynthesis|[silent]
|switch|p2a: Tuskathan|Great Tusk, tera:Poison|92/100
|move|p1a: Blissey|Seismic Toss|p2a: Tuskathan
|-damage|p2a: Tuskathan|68/100
|
|upkeep
|turn|45
|
|t:|1760444105
|-end|p2a: Tuskathan|Protosynthesis|[silent]
|switch|p2a: WalkingOnSunshine|Walking Wake|100/100
|switch|p1a: Dondozo|Dondozo, F|100/100 slp
|
|upkeep
|turn|46
|
|t:|1760444119
|switch|p1a: Blissey|Blissey, F|64/100
|move|p2a: WalkingOnSunshine|Draco Meteor|p1a: Blissey
|-crit|p1a: Blissey
|-damage|p1a: Blissey|16/100
|-unboost|p2a: WalkingOnSunshine|spa|2
|
|upkeep
|turn|47
|
|t:|1760444124
|move|p2a: WalkingOnSunshine|Draco Meteor|p1a: Blissey
|-damage|p1a: Blissey|2/100
|-unboost|p2a: WalkingOnSunshine|spa|2
|move|p1a: Blissey|Soft-Boiled|p1a: Blissey
|-heal|p1a: Blissey|52/100
|
|upkeep
|turn|48
|
|t:|1760444134
|-end|p2a: WalkingOnSunshine|Protosynthesis|[silent]
|switch|p2a: Tuskathan|Great Tusk, tera:Poison|68/100
|move|p1a: Blissey|Soft-Boiled|p1a: Blissey
|-heal|p1a: Blissey|100/100
|
|upkeep
|turn|49
|
|t:|1760444144
|switch|p1a: Dondozo|Dondozo, F|100/100 slp
|move|p2a: Tuskathan|Headlong Rush|p1a: Dondozo
|-damage|p1a: Dondozo|74/100 slp
|-unboost|p2a: Tuskathan|def|1
|-unboost|p2a: Tuskathan|spd|1
|
|upkeep
|turn|50
|
|t:|1760444151
|-end|p2a: Tuskathan|Protosynthesis|[silent]
|switch|p2a: WalkingOnSunshine|Walking Wake|100/100
|cant|p1a: Dondozo|slp
|move|p1a: Dondozo|Sleep Talk|p1a: Dondozo
|move|p1a: Dondozo|Rest||[from] move: Sleep Talk|[still]
|-fail|p1a: Dondozo
|
|upkeep
|turn|51
|
|t:|1760444162
|switch|p1a: Blissey|Blissey, F|100/100
|move|p2a: WalkingOnSunshine|Hydro Steam|p1a: Blissey
|-crit|p1a: Blissey
|-damage|p1a: Blissey|71/100
|
|upkeep
|turn|52
|
|t:|1760444168
|-end|p2a: WalkingOnSunshine|Protosynthesis|[silent]
|switch|p2a: Tuskathan|Great Tusk, tera:Poison|68/100
|move|p1a: Blissey|Seismic Toss|p2a: Tuskathan
|-damage|p2a: Tuskathan|45/100
|
|upkeep
|turn|53
|
|t:|1760444171
|switch|p1a: Dondozo|Dondozo, F|74/100 slp
|move|p2a: Tuskathan|Headlong Rush|p1a: Dondozo
|-damage|p1a: Dondozo|46/100 slp
|-unboost|p2a: Tuskathan|def|1
|-unboost|p2a: Tuskathan|spd|1
|
|upkeep
|turn|54
|
|t:|1760444179
|-end|p2a: Tuskathan|Protosynthesis|[silent]
|switch|p2a: WalkingOnSunshine|Walking Wake|100/100
|cant|p1a: Dondozo|slp
|move|p1a: Dondozo|Sleep Talk|p1a: Dondozo
|move|p1a: Dondozo|Avalanche|p2a: WalkingOnSunshine|[from] move: Sleep Talk
|-damage|p2a: WalkingOnSunshine|85/100
|
|upkeep
|turn|55
|
|t:|1760444185
|move|p2a: WalkingOnSunshine|Flip Turn|p1a: Dondozo
|-resisted|p1a: Dondozo
|-damage|p1a: Dondozo|42/100 slp
|
|t:|1760444187
|-end|p2a: WalkingOnSunshine|Protosynthesis|[silent]
|switch|p2a: Blaziken|Blaziken, M|69/100 psn|[from] Flip Turn
|-curestatus|p1a: Dondozo|slp|[msg]
|move|p1a: Dondozo|Rest|p1a: Dondozo
|-status|p1a: Dondozo|slp|[from] move: Rest
|-heal|p1a: Dondozo|100/100 slp|[silent]
|
|-heal|p2a: Blaziken|75/100 psn|[from] item: Leftovers
|-damage|p2a: Blaziken|63/100 psn|[from] psn
|upkeep
|turn|56
|
|t:|1760444191
|switch|p2a: WalkingOnSunshine|Walking Wake|85/100
|cant|p1a: Dondozo|slp
|move|p1a: Dondozo|Sleep Talk|p1a: Dondozo
|move|p1a: Dondozo|Rest||[from] move: Sleep Talk|[still]
|-fail|p1a: Dondozo
|
|upkeep
|turn|57
|
|t:|1760444195
|switch|p1a: Blissey|Blissey, F|71/100
|move|p2a: WalkingOnSunshine|Hydro Steam|p1a: Blissey
|-damage|p1a: Blissey|53/100
|
|upkeep
|turn|58
|
|t:|1760444199
|move|p2a: WalkingOnSunshine|Hydro Steam|p1a: Blissey
|-damage|p1a: Blissey|33/100
|move|p1a: Blissey|Seismic Toss|p2a: WalkingOnSunshine
|-damage|p2a: WalkingOnSunshine|56/100
|
|upkeep
|turn|59
|
|t:|1760444204
|-end|p2a: WalkingOnSunshine|Protosynthesis|[silent]
|switch|p2a: Blaziken|Blaziken, M|63/100 psn
|move|p1a: Blissey|Soft-Boiled|p1a: Blissey
|-heal|p1a: Blissey|83/100
|
|-heal|p2a: Blaziken|69/100 psn|[from] item: Leftovers
|-damage|p2a: Blaziken|56/100 psn|[from] psn
|upkeep
|turn|60
|
|t:|1760444208
|switch|p1a: Dondozo|Dondozo, F|100/100 slp
|move|p2a: Blaziken|Close Combat|p1a: Dondozo
|-crit|p1a: Dondozo
|-damage|p1a: Dondozo|59/100 slp
|-unboost|p2a: Blaziken|def|1
|-unboost|p2a: Blaziken|spd|1
|
|-heal|p2a: Blaziken|62/100 psn|[from] item: Leftovers
|-damage|p2a: Blaziken|50/100 psn|[from] psn
|-ability|p2a: Blaziken|Speed Boost|boost
|-boost|p2a: Blaziken|spe|1
|upkeep
|turn|61
|
|t:|1760444214
|move|p2a: Blaziken|Close Combat|p1a: Dondozo
|-damage|p1a: Dondozo|30/100 slp
|-unboost|p2a: Blaziken|def|1
|-unboost|p2a: Blaziken|spd|1
|cant|p1a: Dondozo|slp
|move|p1a: Dondozo|Sleep Talk|p1a: Dondozo
|move|p1a: Dondozo|Avalanche|p2a: Blaziken|[from] move: Sleep Talk
|-resisted|p2a: Blaziken
|-damage|p2a: Blaziken|29/100 psn
|
|-heal|p2a: Blaziken|35/100 psn|[from] item: Leftovers
|-damage|p2a: Blaziken|23/100 psn|[from] psn
|-ability|p2a: Blaziken|Speed Boost|boost
|-boost|p2a: Blaziken|spe|1
|upkeep
|turn|62
|
|t:|1760444232
|move|p2a: Blaziken|Close Combat|p1a: Dondozo
|-damage|p1a: Dondozo|1/100 slp
|-unboost|p2a: Blaziken|def|1
|-unboost|p2a: Blaziken|spd|1
|-curestatus|p1a: Dondozo|slp|[msg]
|move|p1a: Dondozo|Rest|p1a: Dondozo
|-status|p1a: Dondozo|slp|[from] move: Rest
|-heal|p1a: Dondozo|100/100 slp|[silent]
|
|-heal|p2a: Blaziken|29/100 psn|[from] item: Leftovers
|-damage|p2a: Blaziken|17/100 psn|[from] psn
|-ability|p2a: Blaziken|Speed Boost|boost
|-boost|p2a: Blaziken|spe|1
|upkeep
|turn|63
|
|t:|1760444236
|switch|p2a: WalkingOnSunshine|Walking Wake|56/100
|cant|p1a: Dondozo|slp
|move|p1a: Dondozo|Sleep Talk|p1a: Dondozo
|move|p1a: Dondozo|Body Press|p2a: WalkingOnSunshine|[from] move: Sleep Talk
|-damage|p2a: WalkingOnSunshine|24/100
|
|upkeep
|turn|64
|
|t:|1760444242
|switch|p1a: Blissey|Blissey, F|83/100
|move|p2a: WalkingOnSunshine|Hydro Steam|p1a: Blissey
|-damage|p1a: Blissey|63/100
|
|upkeep
|turn|65
|
|t:|1760444247
|move|p2a: WalkingOnSunshine|Hydro Steam|p1a: Blissey
|-damage|p1a: Blissey|44/100
|move|p1a: Blissey|Seismic Toss|p2a: WalkingOnSunshine
|-damage|p2a: WalkingOnSunshine|0 fnt
|faint|p2a: WalkingOnSunshine
|-end|p2a: WalkingOnSunshine|Protosynthesis|[silent]
|
|upkeep
|
|t:|1760444252
|switch|p2a: Blaziken|Blaziken, M|17/100 psn
|turn|66
|
|t:|1760444254
|move|p2a: Blaziken|Close Combat|p1a: Blissey
|-supereffective|p1a: Blissey
|-damage|p1a: Blissey|0 fnt
|-unboost|p2a: Blaziken|def|1
|-unboost|p2a: Blaziken|spd|1
|faint|p1a: Blissey
|
|-heal|p2a: Blaziken|23/100 psn|[from] item: Leftovers
|-damage|p2a: Blaziken|10/100 psn|[from] psn
|-ability|p2a: Blaziken|Speed Boost|boost
|-boost|p2a: Blaziken|spe|1
|upkeep
|
|t:|1760444256
|switch|p1a: Dondozo|Dondozo, F|100/100 slp
|turn|67
|
|t:|1760444261
|move|p2a: Blaziken|Close Combat|p1a: Dondozo
|-damage|p1a: Dondozo|74/100 slp
|-unboost|p2a: Blaziken|def|1
|-unboost|p2a: Blaziken|spd|1
|cant|p1a: Dondozo|slp
|move|p1a: Dondozo|Sleep Talk|p1a: Dondozo
|move|p1a: Dondozo|Rest||[from] move: Sleep Talk|[still]
|-fail|p1a: Dondozo
|
|-heal|p2a: Blaziken|16/100 psn|[from] item: Leftovers
|-damage|p2a: Blaziken|4/100 psn|[from] psn
|-ability|p2a: Blaziken|Speed Boost|boost
|-boost|p2a: Blaziken|spe|1
|upkeep
|turn|68
|
|t:|1760444267
|move|p2a: Blaziken|Close Combat|p1a: Dondozo
|-crit|p1a: Dondozo
|-damage|p1a: Dondozo|34/100 slp
|-unboost|p2a: Blaziken|def|1
|-unboost|p2a: Blaziken|spd|1
|-curestatus|p1a: Dondozo|slp|[msg]
|move|p1a: Dondozo|Body Press|p2a: Blaziken
|-crit|p2a: Blaziken
|-damage|p2a: Blaziken|0 fnt
|faint|p2a: Blaziken
|
|upkeep
|
|t:|1760444270
|switch|p2a: Tuskathan|Great Tusk, tera:Poison|45/100
|turn|69
|
|t:|1760444275
|-terastallize|p1a: Dondozo|Fighting
|move|p2a: Tuskathan|Headlong Rush|p1a: Dondozo
|-damage|p1a: Dondozo|7/100
|-unboost|p2a: Tuskathan|def|1
|-unboost|p2a: Tuskathan|spd|1
|move|p1a: Dondozo|Body Press|p2a: Tuskathan
|-resisted|p2a: Tuskathan
|-damage|p2a: Tuskathan|31/100
|
|upkeep
|turn|70
|-message|daaferino forfeited.
|
|win|Real Glim Shady
|raw|daaferino's rating: 1370 &rarr; <strong>1356</strong><br />(-14 for losing)
|raw|Real Glim Shady's rating: 1472 &rarr; <strong>1486</strong><br />(+14 for winning)
|l|☆daaferino
|player|p1|
|c|☆Real Glim Shady|what
|l|☆Real Glim Shady
|player|p2|
