|j|☆sgCURRY3
|j|☆Orepharus
|t:|1760344759
|gametype|singles
|player|p1|sgCURRY3|cynthia|1352
|player|p2|Orepharus|1|1379
|gen|9
|tier|[Gen 9] OU
|rated|
|rule|HP Percentage Mod: HP is shown in percentages
|rule|Endless Battle Clause: Forcing endless battles is banned
|rule|Species Clause: Limit one of each Pokémon
|rule|OHKO Clause: OHKO moves are banned
|rule|Evasion Items Clause: Evasion items are banned
|rule|Evasion Moves Clause: Evasion moves are banned
|rule|Evasion Abilities Clause: Evasion abilities are banned
|rule|Sleep Moves Clause: Sleep-inducing moves are banned
|clearpoke
|poke|p1|Greninja-*, M|
|poke|p1|Glimmora, F|
|poke|p1|Gholdengo|
|poke|p1|Great Tusk|
|poke|p1|Dragonite, F|
|poke|p1|Dragapult, M|
|poke|p2|Kommo-o, M|
|poke|p2|Glimmora, M|
|poke|p2|Kingambit, F|
|poke|p2|Corviknight, F|
|poke|p2|Barraskewda, M|
|poke|p2|Hatterene, F|
|teampreview
|inactive|Battle timer is ON: inactive players will automatically lose when time's up. (requested by Orepharus)
|
|t:|1760344776
|teamsize|p1|6
|teamsize|p2|6
|start
|switch|p1a: Glimmora|Glimmora, F|100/100
|switch|p2a: Glimmora|Glimmora, M|100/100
|turn|1
|
|t:|1760344779
|move|p1a: Glimmora|Earth Power|p2a: Glimmora
|-supereffective|p2a: Glimmora
|-enditem|p2a: Glimmora|Focus Sash
|-damage|p2a: Glimmora|1/100
|move|p2a: Glimmora|Earth Power|p1a: Glimmora
|-supereffective|p1a: Glimmora
|-enditem|p1a: Glimmora|Focus Sash
|-damage|p1a: Glimmora|1/100
|
|upkeep
|turn|2
|
|t:|1760344789
|move|p1a: Glimmora|Mortal Spin|p2a: Glimmora
|-resisted|p2a: Glimmora
|-damage|p2a: Glimmora|0 fnt
|-activate|p2a: Glimmora|ability: Toxic Debris
|-sidestart|p1: sgCURRY3|move: Toxic Spikes
|-sideend|p1: sgCURRY3|Toxic Spikes|[from] move: Mortal Spin|[of] p1a: Glimmora
|faint|p2a: Glimmora
|
|upkeep
|
|t:|1760344794
|switch|p2a: Kommo-o|Kommo-o, M|100/100
|turn|3
|
|t:|1760344797
|move|p1a: Glimmora|Stealth Rock|p2a: Kommo-o
|-sidestart|p2: Orepharus|move: Stealth Rock
|move|p2a: Kommo-o|Clangorous Soul|p2a: Kommo-o
|-boost|p2a: Kommo-o|atk|1
|-boost|p2a: Kommo-o|def|1
|-boost|p2a: Kommo-o|spa|1
|-boost|p2a: Kommo-o|spd|1
|-boost|p2a: Kommo-o|spe|1
|-damage|p2a: Kommo-o|68/100
|-enditem|p2a: Kommo-o|Throat Spray
|-boost|p2a: Kommo-o|spa|1|[from] item: Throat Spray
|
|upkeep
|turn|4
|
|t:|1760344807
|move|p2a: Kommo-o|Boomburst|p1a: Glimmora
|-resisted|p1a: Glimmora
|-damage|p1a: Glimmora|0 fnt
|faint|p1a: Glimmora
|
|upkeep
|
|t:|1760344836
|switch|p1a: Gholdengo|Gholdengo|100/100
|-item|p1a: Gholdengo|Air Balloon
|turn|5
|
|t:|1760344841
|move|p2a: Kommo-o|Flamethrower|p1a: Gholdengo
|-supereffective|p1a: Gholdengo
|-damage|p1a: Gholdengo|0 fnt
|-enditem|p1a: Gholdengo|Air Balloon
|faint|p1a: Gholdengo
|
|upkeep
|
|t:|1760344843
|switch|p1a: Greninja|Greninja, M|100/100
|turn|6
|
|t:|1760344849
|-terastallize|p1a: Greninja|Water
|move|p1a: Greninja|Water Shuriken|p2a: Kommo-o
|-resisted|p2a: Kommo-o
|-damage|p2a: Kommo-o|63/100
|-resisted|p2a: Kommo-o
|-damage|p2a: Kommo-o|58/100
|-resisted|p2a: Kommo-o
|-damage|p2a: Kommo-o|53/100
|-hitcount|p2a: Kommo-o|3
|-damage|p1a: Greninja|91/100|[from] item: Life Orb
|move|p2a: Kommo-o|Boomburst|p1a: Greninja
|-damage|p1a: Greninja|0 fnt
|faint|p1a: Greninja
|
|upkeep
|
|t:|1760344854
|switch|p1a: Dragapult|Dragapult, M, shiny|100/100
|turn|7
|
|t:|1760344857
|move|p2a: Kommo-o|Clanging Scales|p1a: Dragapult
|-supereffective|p1a: Dragapult
|-damage|p1a: Dragapult|0 fnt
|faint|p1a: Dragapult
|-unboost|p2a: Kommo-o|def|1
|
|upkeep
|-message|sgCURRY3 forfeited.
|
|win|Orepharus
|raw|sgCURRY3's rating: 1352 &rarr; <strong>1334</strong><br />(-18 for losing)
|raw|Orepharus's rating: 1379 &rarr; <strong>1397</strong><br />(+18 for winning)
|l|☆sgCURRY3
|player|p1|
