|j|☆rowlet13tb
|j|☆wksma
|t:|1760431063
|gametype|singles
|player|p1|rowlet13tb|alder|1166
|player|p2|wksma|wattson|1122
|gen|9
|tier|[Gen 9] OU
|rated|
|rule|HP Percentage Mod: HP is shown in percentages
|rule|Endless Battle Clause: Forcing endless battles is banned
|rule|Species Clause: Limit one of each Pokémon
|rule|OHKO Clause: OHKO moves are banned
|rule|Evasion Items Clause: Evasion items are banned
|rule|Evasion Moves Clause: Evasion moves are banned
|rule|Evasion Abilities Clause: Evasion abilities are banned
|rule|Sleep Moves Clause: Sleep-inducing moves are banned
|clearpoke
|poke|p1|Alcremie, F|
|poke|p1|Great Tusk|
|poke|p1|Sinistcha-Masterpiece|
|poke|p1|Greninja-*, M|
|poke|p1|Talonflame, F|
|poke|p1|Scizor, F|
|poke|p2|Ceruledge, M|
|poke|p2|Quaquaval, M|
|poke|p2|Toxapex, F|
|poke|p2|Jirachi|
|poke|p2|Garchomp, F|
|poke|p2|Moltres-Galar|
|teampreview
|
|t:|1760431070
|teamsize|p1|6
|teamsize|p2|6
|start
|switch|p1a: Talonflame|Talonflame, F|100/100
|switch|p2a: Garchomp|Garchomp, F|100/100
|turn|1
|
|t:|1760431078
|move|p1a: Talonflame|Swords Dance|p1a: Talonflame
|-boost|p1a: Talonflame|atk|2
|move|p2a: Garchomp|Stone Edge|p1a: Talonflame
|-supereffective|p1a: Talonflame
|-damage|p1a: Talonflame|0 fnt
|faint|p1a: Talonflame
|
|upkeep
|
|t:|1760431086
|switch|p1a: Sinistcha|Sinistcha-Masterpiece|100/100
|turn|2
|
|t:|1760431089
|move|p2a: Garchomp|Stealth Rock|p1a: Sinistcha
|-sidestart|p1: rowlet13tb|move: Stealth Rock
|move|p1a: Sinistcha|Calm Mind|p1a: Sinistcha
|-boost|p1a: Sinistcha|spa|1
|-boost|p1a: Sinistcha|spd|1
|
|upkeep
|turn|3
|
|t:|1760431095
|move|p2a: Garchomp|Earthquake|p1a: Sinistcha
|-resisted|p1a: Sinistcha
|-damage|p1a: Sinistcha|79/100
|move|p1a: Sinistcha|Calm Mind|p1a: Sinistcha
|-boost|p1a: Sinistcha|spa|1
|-boost|p1a: Sinistcha|spd|1
|
|-heal|p1a: Sinistcha|85/100|[from] item: Leftovers
|upkeep
|turn|4
|
|t:|1760431104
|move|p2a: Garchomp|Stone Edge|p1a: Sinistcha
|-damage|p1a: Sinistcha|60/100
|move|p1a: Sinistcha|Calm Mind|p1a: Sinistcha
|-boost|p1a: Sinistcha|spa|1
|-boost|p1a: Sinistcha|spd|1
|
|-heal|p1a: Sinistcha|66/100|[from] item: Leftovers
|upkeep
|turn|5
|
|t:|1760431113
|move|p2a: Garchomp|Stone Edge|p1a: Sinistcha
|-damage|p1a: Sinistcha|37/100
|move|p1a: Sinistcha|Calm Mind|p1a: Sinistcha
|-boost|p1a: Sinistcha|spa|1
|-boost|p1a: Sinistcha|spd|1
|
|-heal|p1a: Sinistcha|43/100|[from] item: Leftovers
|upkeep
|turn|6
|
|t:|1760431122
|move|p2a: Garchomp|Stone Edge|p1a: Sinistcha
|-crit|p1a: Sinistcha
|-damage|p1a: Sinistcha|3/100
|move|p1a: Sinistcha|Strength Sap|p2a: Garchomp
|-unboost|p2a: Garchomp|atk|1
|-heal|p1a: Sinistcha|88/100
|
|-heal|p1a: Sinistcha|94/100|[from] item: Leftovers
|upkeep
|turn|7
|
|t:|1760431134
|move|p2a: Garchomp|Stone Edge|p1a: Sinistcha
|-damage|p1a: Sinistcha|76/100
|move|p1a: Sinistcha|Calm Mind|p1a: Sinistcha
|-boost|p1a: Sinistcha|spa|1
|-boost|p1a: Sinistcha|spd|1
|
|-heal|p1a: Sinistcha|82/100|[from] item: Leftovers
|upkeep
|turn|8
|
|t:|1760431144
|move|p2a: Garchomp|Stone Edge|p1a: Sinistcha
|-damage|p1a: Sinistcha|66/100
|move|p1a: Sinistcha|Shadow Ball|p2a: Garchomp
|-damage|p2a: Garchomp|0 fnt
|faint|p2a: Garchomp
|
|-heal|p1a: Sinistcha|72/100|[from] item: Leftovers
|upkeep
|
|t:|1760431148
|switch|p2a: Ceruledge|Ceruledge, M|100/100
|turn|9
|
|t:|1760431158
|move|p2a: Ceruledge|Bitter Blade|p1a: Sinistcha
|-supereffective|p1a: Sinistcha
|-damage|p1a: Sinistcha|27/100
|move|p1a: Sinistcha|Strength Sap|p2a: Ceruledge
|-unboost|p2a: Ceruledge|atk|1
|-heal|p1a: Sinistcha|100/100
|
|upkeep
|turn|10
|
|t:|1760431170
|switch|p2a: Toxapex|Toxapex, F|100/100
|move|p1a: Sinistcha|Matcha Gotcha|p2a: Toxapex
|-damage|p2a: Toxapex|0 fnt
|faint|p2a: Toxapex
|
|upkeep
|
|t:|1760431175
|switch|p2a: Ceruledge|Ceruledge, M|100/100
|turn|11
|
|t:|1760431181
|move|p2a: Ceruledge|Swords Dance|p2a: Ceruledge
|-boost|p2a: Ceruledge|atk|2
|move|p1a: Sinistcha|Strength Sap|p2a: Ceruledge
|-unboost|p2a: Ceruledge|atk|1
|
|upkeep
|turn|12
|
|t:|1760431189
|-terastallize|p1a: Sinistcha|Grass
|move|p2a: Ceruledge|Swords Dance|p2a: Ceruledge
|-boost|p2a: Ceruledge|atk|2
|move|p1a: Sinistcha|Shadow Ball|p2a: Ceruledge
|-supereffective|p2a: Ceruledge
|-enditem|p2a: Ceruledge|Focus Sash
|-damage|p2a: Ceruledge|1/100
|
|upkeep
|turn|13
|
|t:|1760431199
|move|p2a: Ceruledge|Bitter Blade|p1a: Sinistcha
|-supereffective|p1a: Sinistcha
|-damage|p1a: Sinistcha|0 fnt
|-heal|p2a: Ceruledge|60/100|[from] drain|[of] p1a: Sinistcha
|faint|p1a: Sinistcha
|
|upkeep
|
|t:|1760431207
|switch|p1a: Greninja|Greninja, M|100/100
|-damage|p1a: Greninja|88/100|[from] Stealth Rock
|turn|14
|
|t:|1760431215
|move|p2a: Ceruledge|Shadow Sneak|p1a: Greninja
|-resisted|p1a: Greninja
|-damage|p1a: Greninja|45/100
|move|p1a: Greninja|Dark Pulse|p2a: Ceruledge
|-supereffective|p2a: Ceruledge
|-damage|p2a: Ceruledge|0 fnt
|faint|p2a: Ceruledge
|-ability|p1a: Greninja|Battle Bond|boost
|-boost|p1a: Greninja|atk|1
|-boost|p1a: Greninja|spa|1
|-boost|p1a: Greninja|spe|1
|-activate|p1a: Greninja|ability: Battle Bond
|-damage|p1a: Greninja|35/100|[from] item: Life Orb
|
|upkeep
|
|t:|1760431219
|switch|p2a: Jirachi|Jirachi|100/100
|turn|15
|
|t:|1760431231
|move|p1a: Greninja|Dark Pulse|p2a: Jirachi
|-supereffective|p2a: Jirachi
|-damage|p2a: Jirachi|0 fnt
|faint|p2a: Jirachi
|-damage|p1a: Greninja|25/100|[from] item: Life Orb
|
|upkeep
|
|t:|1760431238
|switch|p2a: Moltres|Moltres-Galar|100/100
|turn|16
|
|t:|1760431242
|move|p1a: Greninja|Surf|p2a: Moltres
|-damage|p2a: Moltres|37/100
|-ability|p2a: Moltres|Berserk|boost
|-boost|p2a: Moltres|spa|1
|-damage|p1a: Greninja|16/100|[from] item: Life Orb
|-enditem|p2a: Moltres|Sitrus Berry|[eat]
|-heal|p2a: Moltres|62/100|[from] item: Sitrus Berry
|move|p2a: Moltres|Fiery Wrath|p1a: Greninja
|-resisted|p1a: Greninja
|-damage|p1a: Greninja|0 fnt
|faint|p1a: Greninja
|
|upkeep
|
|t:|1760431254
|switch|p1a: Alcremie|Alcremie, F|100/100
|-damage|p1a: Alcremie|88/100|[from] Stealth Rock
|turn|17
|
|t:|1760431259
|-terastallize|p2a: Moltres|Fairy
|move|p2a: Moltres|Hurricane|p1a: Alcremie
|-damage|p1a: Alcremie|21/100
|move|p1a: Alcremie|Calm Mind|p1a: Alcremie
|-boost|p1a: Alcremie|spa|1
|-boost|p1a: Alcremie|spd|1
|
|-heal|p1a: Alcremie|27/100|[from] item: Leftovers
|upkeep
|turn|18
|
|t:|1760431270
|move|p2a: Moltres|Hurricane|p1a: Alcremie
|-damage|p1a: Alcremie|0 fnt
|faint|p1a: Alcremie
|
|upkeep
|
|t:|1760431275
|switch|p1a: Scizor|Scizor, F|100/100
|-damage|p1a: Scizor|88/100|[from] Stealth Rock
|turn|19
|
|t:|1760431282
|move|p1a: Scizor|Bullet Punch|p2a: Moltres
|-supereffective|p2a: Moltres
|-damage|p2a: Moltres|0 fnt
|faint|p2a: Moltres
|
|upkeep
|
|t:|1760431284
|switch|p2a: Quaquaval|Quaquaval, M|100/100
|turn|20
|
|t:|1760431289
|move|p2a: Quaquaval|Aqua Step|p1a: Scizor
|-damage|p1a: Scizor|48/100
|-boost|p2a: Quaquaval|spe|1
|move|p1a: Scizor|Curse|p1a: Scizor
|-unboost|p1a: Scizor|spe|1
|-boost|p1a: Scizor|atk|1
|-boost|p1a: Scizor|def|1
|
|upkeep
|turn|21
|
|t:|1760431300
|move|p2a: Quaquaval|Close Combat|p1a: Scizor
|-damage|p1a: Scizor|7/100
|-unboost|p2a: Quaquaval|def|1
|-unboost|p2a: Quaquaval|spd|1
|move|p1a: Scizor|Wing Attack|p2a: Quaquaval
|-supereffective|p2a: Quaquaval
|-damage|p2a: Quaquaval|0 fnt
|faint|p2a: Quaquaval
|
|win|rowlet13tb
|raw|rowlet13tb's rating: 1166 &rarr; <strong>1188</strong><br />(+22 for winning)
|raw|wksma's rating: 1122 &rarr; <strong>1100</strong><br />(-22 for losing)
|l|☆wksma
|player|p2|
|l|☆rowlet13tb
|player|p1|
