|j|‽dedark
|j|☆blackjesus111
|t:|1760444602
|gametype|singles
|player|p1|dedark|giovanni|1189
|player|p2|blackjesus111|cyrus|1175
|gen|9
|tier|[Gen 9] OU
|rated|
|rule|HP Percentage Mod: HP is shown in percentages
|rule|Endless Battle Clause: Forcing endless battles is banned
|rule|Species Clause: Limit one of each Pokémon
|rule|OHKO Clause: OHKO moves are banned
|rule|Evasion Items Clause: Evasion items are banned
|rule|Evasion Moves Clause: Evasion moves are banned
|rule|Evasion Abilities Clause: Evasion abilities are banned
|rule|Sleep Moves Clause: Sleep-inducing moves are banned
|clearpoke
|poke|p1|Meowscarada, M|
|poke|p1|Hydreigon, M|
|poke|p1|Bisharp, M|
|poke|p1|Samurott-Hisui, F|
|poke|p1|Sableye, M|
|poke|p1|Muk-Alola, F|
|poke|p2|Goodra-Hisui, F|
|poke|p2|Ampharos, M|
|poke|p2|Crawdaunt, M|
|poke|p2|Thundurus, M|
|poke|p2|Glimmora, M|
|poke|p2|Toxapex, F|
|teampreview
|
|t:|1760444617
|teamsize|p1|6
|teamsize|p2|6
|start
|switch|p1a: Samurott|Samurott-Hisui, F|100/100
|switch|p2a: Glimmy|Glimmora, M|100/100
|turn|1
|
|t:|1760444622
|move|p2a: Glimmy|Toxic Spikes|p1a: Samurott
|-sidestart|p1: dedark|move: Toxic Spikes
|move|p1a: Samurott|Aqua Cutter|p2a: Glimmy
|-supereffective|p2a: Glimmy
|-enditem|p2a: Glimmy|Focus Sash
|-damage|p2a: Glimmy|1/100
|-activate|p2a: Glimmy|ability: Toxic Debris
|-sidestart|p1: dedark|move: Toxic Spikes
|
|upkeep
|turn|2
|
|t:|1760444642
|switch|p2a: Thundurus|Thundurus, M|100/100
|move|p1a: Samurott|Ceaseless Edge|p2a: Thundurus
|-damage|p2a: Thundurus|19/100
|-sidestart|p2: blackjesus111|Spikes
|
|upkeep
|turn|3
|
|t:|1760444654
|move|p2a: Thundurus|Swagger|p1a: Samurott
|-hint|Since gen 7, Dark is immune to Prankster moves.
|-immune|p1a: Samurott
|move|p1a: Samurott|Sucker Punch||[still]
|-fail|p1a: Samurott
|
|upkeep
|turn|4
|
|t:|1760444658
|move|p1a: Samurott|Sucker Punch|p2a: Thundurus
|-damage|p2a: Thundurus|0 fnt
|faint|p2a: Thundurus
|
|upkeep
|
|t:|1760444667
|switch|p2a: Sheepachu|Ampharos, M|100/100
|-damage|p2a: Sheepachu|88/100|[from] Spikes
|turn|5
|
|t:|1760444671
|switch|p1a: Muk|Muk-Alola, F|100/100
|-sideend|p1: dedark|move: Toxic Spikes|[of] p1a: Muk
|move|p2a: Sheepachu|Agility|p2a: Sheepachu
|-boost|p2a: Sheepachu|spe|2
|
|upkeep
|turn|6
|
|t:|1760444677
|move|p2a: Sheepachu|Meteor Beam||[still]
|-prepare|p2a: Sheepachu|Meteor Beam
|-boost|p2a: Sheepachu|spa|1
|-enditem|p2a: Sheepachu|Power Herb
|-anim|p2a: Sheepachu|Meteor Beam|p1a: Muk
|-damage|p1a: Muk|74/100
|move|p1a: Muk|Poison Jab|p2a: Sheepachu
|-damage|p2a: Sheepachu|52/100
|
|upkeep
|turn|7
|
|t:|1760444698
|move|p2a: Sheepachu|Thunderbolt|p1a: Muk
|-damage|p1a: Muk|48/100
|move|p1a: Muk|Poison Jab|p2a: Sheepachu
|-damage|p2a: Sheepachu|16/100
|-status|p2a: Sheepachu|psn
|-status|p1a: Muk|par|[from] ability: Static|[of] p2a: Sheepachu
|
|-damage|p2a: Sheepachu|3/100 psn|[from] psn
|upkeep
|turn|8
|
|t:|1760444707
|move|p1a: Muk|Shadow Sneak|p2a: Sheepachu
|-damage|p2a: Sheepachu|0 fnt
|faint|p2a: Sheepachu
|
|upkeep
|
|t:|1760444716
|switch|p2a: Goodra|Goodra-Hisui, F|100/100
|-damage|p2a: Goodra|88/100|[from] Spikes
|turn|9
|
|t:|1760444719
|move|p2a: Goodra|Curse|p2a: Goodra
|-unboost|p2a: Goodra|spe|1
|-boost|p2a: Goodra|atk|1
|-boost|p2a: Goodra|def|1
|move|p1a: Muk|Drain Punch|p2a: Goodra
|-supereffective|p2a: Goodra
|-damage|p2a: Goodra|65/100
|-heal|p1a: Muk|58/100 par|[from] drain|[of] p2a: Goodra
|
|upkeep
|turn|10
|
|t:|1760444726
|move|p2a: Goodra|Curse|p2a: Goodra
|-unboost|p2a: Goodra|spe|1
|-boost|p2a: Goodra|atk|1
|-boost|p2a: Goodra|def|1
|cant|p1a: Muk|par
|
|upkeep
|turn|11
|
|t:|1760444731
|cant|p1a: Muk|par
|move|p2a: Goodra|Curse|p2a: Goodra
|-unboost|p2a: Goodra|spe|1
|-boost|p2a: Goodra|atk|1
|-boost|p2a: Goodra|def|1
|
|upkeep
|turn|12
|
|t:|1760444737
|move|p1a: Muk|Drain Punch|p2a: Goodra
|-supereffective|p2a: Goodra
|-damage|p2a: Goodra|52/100
|-heal|p1a: Muk|64/100 par|[from] drain|[of] p2a: Goodra
|move|p2a: Goodra|Earthquake|p1a: Muk
|-supereffective|p1a: Muk
|-damage|p1a: Muk|0 fnt
|faint|p1a: Muk
|
|upkeep
|
|t:|1760444741
|switch|p1a: Sableye|Sableye, M|100/100
|turn|13
|
|t:|1760444744
|move|p1a: Sableye|Will-O-Wisp|p2a: Goodra
|-status|p2a: Goodra|brn
|move|p2a: Goodra|Rest|p2a: Goodra
|-status|p2a: Goodra|slp|[from] move: Rest
|-heal|p2a: Goodra|100/100 slp|[silent]
|-enditem|p2a: Goodra|Chesto Berry|[eat]
|-curestatus|p2a: Goodra|slp|[msg]
|
|upkeep
|turn|14
|
|t:|1760444751
|move|p1a: Sableye|Will-O-Wisp|p2a: Goodra|[miss]
|-miss|p1a: Sableye|p2a: Goodra
|move|p2a: Goodra|Curse|p2a: Goodra
|-unboost|p2a: Goodra|spe|1
|-boost|p2a: Goodra|atk|1
|-boost|p2a: Goodra|def|1
|
|upkeep
|turn|15
|
|t:|1760444760
|move|p1a: Sableye|Will-O-Wisp|p2a: Goodra
|-status|p2a: Goodra|brn
|move|p2a: Goodra|Earthquake|p1a: Sableye
|-damage|p1a: Sableye|70/100
|
|-heal|p1a: Sableye|76/100|[from] item: Leftovers
|-damage|p2a: Goodra|94/100 brn|[from] brn
|upkeep
|turn|16
|
|t:|1760444765
|move|p1a: Sableye|Night Shade|p2a: Goodra
|-damage|p2a: Goodra|67/100 brn
|move|p2a: Goodra|Curse|p2a: Goodra
|-unboost|p2a: Goodra|spe|1
|-boost|p2a: Goodra|atk|1
|-boost|p2a: Goodra|def|1
|
|-heal|p1a: Sableye|82/100|[from] item: Leftovers
|-damage|p2a: Goodra|61/100 brn|[from] brn
|upkeep
|turn|17
|
|t:|1760444768
|move|p1a: Sableye|Night Shade|p2a: Goodra
|-damage|p2a: Goodra|33/100 brn
|move|p2a: Goodra|Rest|p2a: Goodra
|-status|p2a: Goodra|slp|[from] move: Rest
|-heal|p2a: Goodra|100/100 slp|[silent]
|
|-heal|p1a: Sableye|89/100|[from] item: Leftovers
|upkeep
|turn|18
|
|t:|1760444776
|switch|p1a: Meowscarada|Meowscarada, M|100/100
|cant|p2a: Goodra|slp
|
|upkeep
|turn|19
|
|t:|1760444779
|move|p1a: Meowscarada|Trick|p2a: Goodra
|-start|p1a: Meowscarada|typechange|Psychic|[from] ability: Protean
|-activate|p1a: Meowscarada|move: Trick|[of] p2a: Goodra
|-item|p2a: Goodra|Choice Scarf|[from] move: Trick
|-enditem|p1a: Meowscarada|Choice Scarf|[silent]|[from] move: Trick
|cant|p2a: Goodra|slp
|
|upkeep
|turn|20
|
|t:|1760444792
|move|p1a: Meowscarada|U-turn|p2a: Goodra
|-resisted|p2a: Goodra
|-damage|p2a: Goodra|97/100 slp
|
|t:|1760444796
|switch|p1a: Sableye|Sableye, M|89/100|[from] U-turn
|-curestatus|p2a: Goodra|slp|[msg]
|move|p2a: Goodra|Gyro Ball|p1a: Sableye
|-damage|p1a: Sableye|0 fnt
|faint|p1a: Sableye
|
|upkeep
|
|t:|1760444813
|switch|p1a: Samurott|Samurott-Hisui, F|100/100
|turn|21
|
|t:|1760444815
|move|p1a: Samurott|Sacred Sword|p2a: Goodra
|-supereffective|p2a: Goodra
|-damage|p2a: Goodra|9/100
|move|p2a: Goodra|Gyro Ball|p1a: Samurott
|-resisted|p1a: Samurott
|-enditem|p1a: Samurott|Focus Sash
|-damage|p1a: Samurott|1/100
|
|upkeep
|turn|22
|
|t:|1760444821
|move|p1a: Samurott|Sacred Sword|p2a: Goodra
|-supereffective|p2a: Goodra
|-damage|p2a: Goodra|0 fnt
|faint|p2a: Goodra
|
|upkeep
|
|t:|1760444832
|switch|p2a: Mr. Craw|Crawdaunt, M|100/100
|-damage|p2a: Mr. Craw|88/100|[from] Spikes
|turn|23
|
|t:|1760444837
|move|p1a: Samurott|Sacred Sword|p2a: Mr. Craw
|-supereffective|p2a: Mr. Craw
|-damage|p2a: Mr. Craw|0 fnt
|faint|p2a: Mr. Craw
|
|upkeep
|
|t:|1760444839
|switch|p2a: Glimmy|Glimmora, M|1/100
|-damage|p2a: Glimmy|0 fnt|[from] Spikes
|faint|p2a: Glimmy
|
|t:|1760444840
|switch|p2a: HurtinUrchin|Toxapex, F|100/100
|-damage|p2a: HurtinUrchin|88/100|[from] Spikes
|turn|24
|
|t:|1760444855
|-terastallize|p2a: HurtinUrchin|Ghost
|move|p1a: Samurott|Ceaseless Edge|p2a: HurtinUrchin
|-supereffective|p2a: HurtinUrchin
|-damage|p2a: HurtinUrchin|15/100
|-sidestart|p2: blackjesus111|Spikes
|move|p2a: HurtinUrchin|Hex|p1a: Samurott
|-resisted|p1a: Samurott
|-damage|p1a: Samurott|0 fnt
|faint|p1a: Samurott
|
|-heal|p2a: HurtinUrchin|21/100|[from] item: Leftovers
|upkeep
|-message|blackjesus111 forfeited.
|
|win|dedark
|raw|dedark's rating: 1189 &rarr; <strong>1213</strong><br />(+24 for winning)
|raw|blackjesus111's rating: 1175 &rarr; <strong>1151</strong><br />(-24 for losing)
|l|☆blackjesus111
|player|p2|
