|j|☆sgCURRY3
|j|☆Team BBIO 38
|t:|1760368873
|gametype|singles
|player|p1|sgCURRY3|cynthia|1351
|player|p2|Team BBIO 38|dragontamer|1375
|gen|9
|tier|[Gen 9] OU
|rated|
|rule|HP Percentage Mod: HP is shown in percentages
|rule|Endless Battle Clause: Forcing endless battles is banned
|rule|Species Clause: Limit one of each Pokémon
|rule|OHKO Clause: OHKO moves are banned
|rule|Evasion Items Clause: Evasion items are banned
|rule|Evasion Moves Clause: Evasion moves are banned
|rule|Evasion Abilities Clause: Evasion abilities are banned
|rule|Sleep Moves Clause: Sleep-inducing moves are banned
|clearpoke
|poke|p1|Greninja-*, M|
|poke|p1|Dragapult, M|
|poke|p1|Glimmora, M|
|poke|p1|Corviknight, M|
|poke|p1|Great Tusk|
|poke|p1|Kingambit, M|
|poke|p2|Dusclops, M|
|poke|p2|Blissey, F|
|poke|p2|Flamigo, M|
|poke|p2|Latias, F|
|poke|p2|Darkrai|
|poke|p2|Ambipom, M|
|teampreview
|inactive|Battle timer is ON: inactive players will automatically lose when time's up. (requested by Team BBIO 38)
|inactive|sgCURRY3 has 120 seconds left.
|inactive|sgCURRY3 has 90 seconds left.
|
|t:|1760368939
|teamsize|p1|6
|teamsize|p2|6
|start
|switch|p1a: Glimmora|Glimmora, M|100/100
|switch|p2a: Darkrai|Darkrai|100/100
|turn|1
|
|t:|1760368947
|move|p2a: Darkrai|Psychic|p1a: Glimmora
|-supereffective|p1a: Glimmora
|-enditem|p1a: Glimmora|Focus Sash
|-damage|p1a: Glimmora|1/100
|move|p1a: Glimmora|Stealth Rock|p2a: Darkrai
|-sidestart|p2: Team BBIO 38|move: Stealth Rock
|
|upkeep
|turn|2
|
|t:|1760368956
|move|p2a: Darkrai|Psychic|p1a: Glimmora
|-supereffective|p1a: Glimmora
|-damage|p1a: Glimmora|0 fnt
|faint|p1a: Glimmora
|
|upkeep
|
|t:|1760368963
|switch|p1a: Dragapult|Dragapult, M|100/100
|turn|3
|
|t:|1760368968
|switch|p2a: Blissey|Blissey, F|100/100
|-damage|p2a: Blissey|88/100|[from] Stealth Rock
|move|p1a: Dragapult|Draco Meteor|p2a: Blissey
|-damage|p2a: Blissey|60/100
|-unboost|p1a: Dragapult|spa|2
|
|-heal|p2a: Blissey|66/100|[from] item: Leftovers
|upkeep
|turn|4
|
|t:|1760368985
|switch|p1a: Great Tusk|Great Tusk, shiny|100/100
|move|p2a: Blissey|Thunder Wave|p1a: Great Tusk
|-immune|p1a: Great Tusk
|
|-heal|p2a: Blissey|72/100|[from] item: Leftovers
|upkeep
|turn|5
|
|t:|1760368992
|switch|p2a: Dusclops|Dusclops, M|100/100
|-damage|p2a: Dusclops|88/100|[from] Stealth Rock
|-item|p1a: Great Tusk|Assault Vest|[from] ability: Frisk|[of] p2a: Dusclops
|move|p1a: Great Tusk|Rapid Spin|p2a: Dusclops
|-immune|p2a: Dusclops
|
|upkeep
|turn|6
|
|t:|1760369001
|move|p1a: Great Tusk|Headlong Rush|p2a: Dusclops
|-damage|p2a: Dusclops|56/100
|-unboost|p1a: Great Tusk|def|1
|-unboost|p1a: Great Tusk|spd|1
|move|p2a: Dusclops|Will-O-Wisp|p1a: Great Tusk
|-status|p1a: Great Tusk|brn
|
|-damage|p1a: Great Tusk|94/100 brn|[from] brn
|upkeep
|turn|7
|
|t:|1760369025
|-end|p1a: Great Tusk|Protosynthesis|[silent]
|switch|p1a: Kingambit|Kingambit, M|100/100
|-activate|p1a: Kingambit|ability: Supreme Overlord
|-start|p1a: Kingambit|fallen1|[silent]
|move|p2a: Dusclops|Pain Split|p1a: Kingambit
|-sethp|p1a: Kingambit|70/100|[from] move: Pain Split|[silent]
|-sethp|p2a: Dusclops|99/100|[from] move: Pain Split
|
|-heal|p1a: Kingambit|77/100|[from] item: Leftovers
|upkeep
|turn|8
|
|t:|1760369037
|move|p1a: Kingambit|Kowtow Cleave|p2a: Dusclops
|-supereffective|p2a: Dusclops
|-damage|p2a: Dusclops|42/100
|move|p2a: Dusclops|Will-O-Wisp|p1a: Kingambit
|-status|p1a: Kingambit|brn
|
|-heal|p1a: Kingambit|83/100 brn|[from] item: Leftovers
|-damage|p1a: Kingambit|77/100 brn|[from] brn
|upkeep
|turn|9
|
|t:|1760369045
|move|p1a: Kingambit|Swords Dance|p1a: Kingambit
|-boost|p1a: Kingambit|atk|2
|move|p2a: Dusclops|Pain Split|p1a: Kingambit
|-sethp|p1a: Kingambit|53/100 brn|[from] move: Pain Split|[silent]
|-sethp|p2a: Dusclops|75/100|[from] move: Pain Split
|
|-heal|p1a: Kingambit|59/100 brn|[from] item: Leftovers
|-damage|p1a: Kingambit|53/100 brn|[from] brn
|upkeep
|turn|10
|
|t:|1760369064
|move|p1a: Kingambit|Kowtow Cleave|p2a: Dusclops
|-supereffective|p2a: Dusclops
|-damage|p2a: Dusclops|19/100
|move|p2a: Dusclops|Haze|p2a: Dusclops
|-clearallboost
|
|-heal|p1a: Kingambit|59/100 brn|[from] item: Leftovers
|-damage|p1a: Kingambit|53/100 brn|[from] brn
|upkeep
|turn|11
|
|t:|1760369073
|move|p1a: Kingambit|Kowtow Cleave|p2a: Dusclops
|-supereffective|p2a: Dusclops
|-damage|p2a: Dusclops|0 fnt
|faint|p2a: Dusclops
|
|-heal|p1a: Kingambit|59/100 brn|[from] item: Leftovers
|-damage|p1a: Kingambit|53/100 brn|[from] brn
|upkeep
|
|t:|1760369079
|switch|p2a: Flamigo|Flamigo, M|100/100
|-damage|p2a: Flamigo|88/100|[from] Stealth Rock
|turn|12
|inactive|sgCURRY3 has 120 seconds left.
|
|t:|1760369114
|move|p1a: Kingambit|Sucker Punch|p2a: Flamigo
|-resisted|p2a: Flamigo
|-damage|p2a: Flamigo|73/100
|move|p2a: Flamigo|Close Combat|p1a: Kingambit
|-supereffective|p1a: Kingambit
|-damage|p1a: Kingambit|0 fnt
|-unboost|p2a: Flamigo|def|1
|-unboost|p2a: Flamigo|spd|1
|faint|p1a: Kingambit
|-end|p1a: Kingambit|fallen1|[silent]
|
|upkeep
|inactive|sgCURRY3 has 120 seconds left.
|
|t:|1760369128
|switch|p1a: Dragapult|Dragapult, M|100/100
|turn|13
|
|t:|1760369132
|move|p2a: Flamigo|Close Combat|p1a: Dragapult
|-damage|p1a: Dragapult|26/100
|-unboost|p2a: Flamigo|def|1
|-unboost|p2a: Flamigo|spd|1
|move|p1a: Dragapult|U-turn|p2a: Flamigo
|-resisted|p2a: Flamigo
|-damage|p2a: Flamigo|61/100
|inactive|sgCURRY3 has 120 seconds left.
|
|t:|1760369158
|switch|p1a: Greninja|Greninja, M|100/100|[from] U-turn
|
|upkeep
|turn|14
|
|t:|1760369163
|switch|p2a: Blissey|Blissey, F|72/100
|-damage|p2a: Blissey|60/100|[from] Stealth Rock
|move|p1a: Greninja|Ice Beam|p2a: Blissey
|-damage|p2a: Blissey|48/100
|-damage|p1a: Greninja|91/100|[from] item: Life Orb
|
|-heal|p2a: Blissey|55/100|[from] item: Leftovers
|upkeep
|turn|15
|inactive|sgCURRY3 has 120 seconds left.
|
|t:|1760369183
|-terastallize|p1a: Greninja|Water
|move|p1a: Greninja|Hydro Pump|p2a: Blissey
|-damage|p2a: Blissey|22/100
|-damage|p1a: Greninja|81/100|[from] item: Life Orb
|move|p2a: Blissey|Soft-Boiled|p2a: Blissey
|-heal|p2a: Blissey|72/100
|
|-heal|p2a: Blissey|78/100|[from] item: Leftovers
|upkeep
|turn|16
|
|t:|1760369192
|switch|p1a: Corviknight|Corviknight, M|100/100
|-ability|p1a: Corviknight|Pressure
|move|p2a: Blissey|Seismic Toss|p1a: Corviknight
|-damage|p1a: Corviknight|75/100
|-damage|p2a: Blissey|61/100|[from] item: Rocky Helmet|[of] p1a: Corviknight
|
|-heal|p2a: Blissey|68/100|[from] item: Leftovers
|upkeep
|turn|17
|
|t:|1760369201
|move|p1a: Corviknight|Iron Defense|p1a: Corviknight
|-boost|p1a: Corviknight|def|2
|move|p2a: Blissey|Thunder Wave|p1a: Corviknight
|-status|p1a: Corviknight|par
|
|-heal|p2a: Blissey|74/100|[from] item: Leftovers
|upkeep
|turn|18
|
|t:|1760369208
|move|p2a: Blissey|Seismic Toss|p1a: Corviknight
|-damage|p1a: Corviknight|50/100 par
|-damage|p2a: Blissey|57/100|[from] item: Rocky Helmet|[of] p1a: Corviknight
|move|p1a: Corviknight|Body Press|p2a: Blissey
|-supereffective|p2a: Blissey
|-damage|p2a: Blissey|0 fnt
|faint|p2a: Blissey
|
|upkeep
|
|t:|1760369220
|switch|p2a: Darkrai|Darkrai|100/100
|-damage|p2a: Darkrai|88/100|[from] Stealth Rock
|turn|19
|
|t:|1760369227
|-terastallize|p2a: Darkrai|Ghost
|move|p2a: Darkrai|Thunder|p1a: Corviknight
|-supereffective|p1a: Corviknight
|-damage|p1a: Corviknight|0 fnt
|faint|p1a: Corviknight
|
|upkeep
|
|t:|1760369234
|switch|p1a: Dragapult|Dragapult, M|26/100
|turn|20
|
|t:|1760369237
|move|p1a: Dragapult|Shadow Ball|p2a: Darkrai
|-supereffective|p2a: Darkrai
|-damage|p2a: Darkrai|0 fnt
|faint|p2a: Darkrai
|
|upkeep
|
|t:|1760369244
|switch|p2a: Ambipom|Ambipom, M|100/100
|-damage|p2a: Ambipom|88/100|[from] Stealth Rock
|turn|21
|
|t:|1760369255
|move|p1a: Dragapult|Shadow Ball|p2a: Ambipom
|-immune|p2a: Ambipom
|move|p2a: Ambipom|Knock Off|p1a: Dragapult
|-supereffective|p1a: Dragapult
|-damage|p1a: Dragapult|0 fnt
|-enditem|p1a: Dragapult|Choice Specs|[from] move: Knock Off|[of] p2a: Ambipom
|faint|p1a: Dragapult
|
|upkeep
|
|t:|1760369258
|switch|p1a: Greninja|Greninja, M, tera:Water|81/100
|turn|22
|
|t:|1760369264
|move|p1a: Greninja|Hydro Pump|p2a: Ambipom
|-damage|p2a: Ambipom|0 fnt
|faint|p2a: Ambipom
|-ability|p1a: Greninja|Battle Bond|boost
|-boost|p1a: Greninja|atk|1
|-boost|p1a: Greninja|spa|1
|-boost|p1a: Greninja|spe|1
|-activate|p1a: Greninja|ability: Battle Bond
|-damage|p1a: Greninja|71/100|[from] item: Life Orb
|
|upkeep
|
|t:|1760369276
|switch|p2a: Flamigo|Flamigo, M|61/100
|-damage|p2a: Flamigo|49/100|[from] Stealth Rock
|turn|23
|
|t:|1760369295
|move|p1a: Greninja|Ice Beam|p2a: Flamigo
|-supereffective|p2a: Flamigo
|-damage|p2a: Flamigo|0 fnt
|faint|p2a: Flamigo
|-damage|p1a: Greninja|61/100|[from] item: Life Orb
|
|upkeep
|
|t:|1760369300
|switch|p2a: Alaric|Latias, F|100/100
|-damage|p2a: Alaric|88/100|[from] Stealth Rock
|turn|24
|
|t:|1760369304
|move|p1a: Greninja|Ice Beam|p2a: Alaric
|-supereffective|p2a: Alaric
|-damage|p2a: Alaric|0 fnt
|faint|p2a: Alaric
|-damage|p1a: Greninja|52/100|[from] item: Life Orb
|
|win|sgCURRY3
|raw|sgCURRY3's rating: 1331 &rarr; <strong>1354</strong><br />(+23 for winning)
|raw|Team BBIO 38's rating: 1375 &rarr; <strong>1352</strong><br />(-23 for losing)
|l|☆Team BBIO 38
|player|p2|
|l|☆sgCURRY3
|player|p1|
