|j|☆jayjaymclovinit
|j|☆nuk31srael
|t:|1760330270
|gametype|singles
|player|p1|jayjaymclovinit|266|1365
|player|p2|nuk31srael|ghetsis-gen5bw|1342
|gen|9
|tier|[Gen 9] OU
|rated|
|rule|HP Percentage Mod: HP is shown in percentages
|rule|Endless Battle Clause: Forcing endless battles is banned
|rule|Species Clause: Limit one of each Pokémon
|rule|OHKO Clause: OHKO moves are banned
|rule|Evasion Items Clause: Evasion items are banned
|rule|Evasion Moves Clause: Evasion moves are banned
|rule|Evasion Abilities Clause: Evasion abilities are banned
|rule|Sleep Moves Clause: Sleep-inducing moves are banned
|clearpoke
|poke|p1|Dragapult, M|
|poke|p1|Glimmora, M|
|poke|p1|Comfey, M|
|poke|p1|Kingambit, M|
|poke|p1|Ogerpon-Wellspring, F|
|poke|p1|Blaziken, M|
|poke|p2|Hoopa-Unbound|
|poke|p2|Slowking-Galar, F|
|poke|p2|Kyurem|
|poke|p2|Landorus-Therian, M|
|poke|p2|Dragonite, M|
|poke|p2|Pecharunt|
|teampreview
|inactive|Battle timer is ON: inactive players will automatically lose when time's up. (requested by jayjaymclovinit)
|
|t:|1760330296
|teamsize|p1|6
|teamsize|p2|6
|start
|switch|p1a: Ogerpon|Ogerpon-Wellspring, F|100/100
|switch|p2a: Landorus|Landorus-Therian, M|100/100
|-ability|p2a: Landorus|Intimidate|boost
|-unboost|p1a: Ogerpon|atk|1
|turn|1
|
|t:|1760330316
|switch|p2a: Pecharunt|Pecharunt|100/100
|move|p1a: Ogerpon|Spikes|p2a: Pecharunt
|-sidestart|p2: nuk31srael|Spikes
|
|upkeep
|turn|2
|
|t:|1760330331
|switch|p1a: Kingambit|Kingambit, M, shiny|100/100
|move|p2a: Pecharunt|Parting Shot|p1a: Kingambit
|-unboost|p1a: Kingambit|atk|1
|-unboost|p1a: Kingambit|spa|1
|
|t:|1760330347
|switch|p2a: Landorus|Landorus-Therian, M|100/100|[from] Parting Shot
|-ability|p2a: Landorus|Intimidate|boost
|-unboost|p1a: Kingambit|atk|1
|
|upkeep
|turn|3
|
|t:|1760330367
|-end|p1a: Kingambit|fallenundefined|[silent]
|switch|p1a: Dragapult|Dragapult, M, shiny|100/100
|move|p2a: Landorus|Stealth Rock|p1a: Dragapult
|-sidestart|p1: jayjaymclovinit|move: Stealth Rock
|
|upkeep
|turn|4
|
|t:|1760330381
|move|p1a: Dragapult|Shadow Ball|p2a: Landorus
|-crit|p2a: Landorus
|-damage|p2a: Landorus|25/100
|-unboost|p2a: Landorus|spd|1
|-damage|p1a: Dragapult|91/100|[from] item: Life Orb
|move|p2a: Landorus|U-turn|p1a: Dragapult
|-resisted|p1a: Dragapult
|-damage|p1a: Dragapult|76/100
|
|t:|1760330399
|switch|p2a: Hoopa|Hoopa-Unbound|100/100|[from] U-turn
|-damage|p2a: Hoopa|88/100|[from] Spikes
|
|upkeep
|turn|5
|
|t:|1760330411
|switch|p1a: Ogerpon|Ogerpon-Wellspring, F|100/100
|-damage|p1a: Ogerpon|88/100|[from] Stealth Rock
|move|p2a: Hoopa|Hyperspace Fury|p1a: Ogerpon
|-damage|p1a: Ogerpon|4/100
|-unboost|p2a: Hoopa|def|1
|
|upkeep
|turn|6
|
|t:|1760330418
|move|p2a: Hoopa|Hyperspace Fury|p1a: Ogerpon
|-damage|p1a: Ogerpon|0 fnt
|-unboost|p2a: Hoopa|def|1
|faint|p1a: Ogerpon
|
|upkeep
|
|t:|1760330435
|switch|p1a: Comfey|Comfey, M, shiny|100/100
|-damage|p1a: Comfey|88/100|[from] Stealth Rock
|turn|7
|
|t:|1760330440
|switch|p2a: Slowking|Slowking-Galar, F|100/100
|move|p1a: Comfey|Calm Mind|p1a: Comfey
|-boost|p1a: Comfey|spa|1
|-boost|p1a: Comfey|spd|1
|
|upkeep
|turn|8
|
|t:|1760330445
|move|p1a: Comfey|Substitute|p1a: Comfey
|-start|p1a: Comfey|Substitute
|-damage|p1a: Comfey|63/100
|move|p2a: Slowking|Sludge Bomb|p1a: Comfey
|-supereffective|p1a: Comfey
|-end|p1a: Comfey|Substitute
|
|upkeep
|turn|9
|
|t:|1760330460
|-terastallize|p1a: Comfey|Ground
|move|p1a: Comfey|Substitute|p1a: Comfey
|-start|p1a: Comfey|Substitute
|-damage|p1a: Comfey|38/100
|move|p2a: Slowking|Sludge Bomb|p1a: Comfey
|-resisted|p1a: Comfey
|-activate|p1a: Comfey|move: Substitute|[damage]
|
|upkeep
|turn|10
|
|t:|1760330475
|move|p1a: Comfey|Calm Mind|p1a: Comfey
|-boost|p1a: Comfey|spa|1
|-boost|p1a: Comfey|spd|1
|move|p2a: Slowking|Ice Beam|p1a: Comfey
|-supereffective|p1a: Comfey
|-end|p1a: Comfey|Substitute
|
|upkeep
|turn|11
|inactive|jayjaymclovinit has 120 seconds left.
|
|t:|1760330525
|move|p1a: Comfey|Substitute|p1a: Comfey
|-start|p1a: Comfey|Substitute
|-damage|p1a: Comfey|13/100
|move|p2a: Slowking|Ice Beam|p1a: Comfey
|-supereffective|p1a: Comfey
|-end|p1a: Comfey|Substitute
|
|upkeep
|turn|12
|
|t:|1760330531
|move|p1a: Comfey|Tera Blast|p2a: Slowking|[anim] Tera Blast Ground
|-supereffective|p2a: Slowking
|-damage|p2a: Slowking|3/100
|-damage|p1a: Comfey|3/100|[from] item: Life Orb
|move|p2a: Slowking|Ice Beam|p1a: Comfey
|-supereffective|p1a: Comfey
|-damage|p1a: Comfey|0 fnt
|faint|p1a: Comfey
|
|upkeep
|
|t:|1760330537
|switch|p1a: Dragapult|Dragapult, M, shiny|76/100
|-damage|p1a: Dragapult|64/100|[from] Stealth Rock
|turn|13
|
|t:|1760330545
|move|p1a: Dragapult|Shadow Ball|p2a: Slowking
|-supereffective|p2a: Slowking
|-damage|p2a: Slowking|0 fnt
|faint|p2a: Slowking
|-damage|p1a: Dragapult|54/100|[from] item: Life Orb
|
|upkeep
|
|t:|1760330551
|switch|p2a: Hoopa|Hoopa-Unbound|88/100
|-damage|p2a: Hoopa|76/100|[from] Spikes
|turn|14
|
|t:|1760330565
|switch|p1a: Kingambit|Kingambit, M, shiny|100/100
|-damage|p1a: Kingambit|94/100|[from] Stealth Rock
|-activate|p1a: Kingambit|ability: Supreme Overlord
|-start|p1a: Kingambit|fallen2|[silent]
|move|p2a: Hoopa|Trick|p1a: Kingambit
|-activate|p2a: Hoopa|move: Trick|[of] p1a: Kingambit
|-item|p1a: Kingambit|Choice Scarf|[from] move: Trick
|-item|p2a: Hoopa|Leftovers|[from] move: Trick
|
|-heal|p2a: Hoopa|82/100|[from] item: Leftovers
|upkeep
|turn|15
|
|t:|1760330578
|switch|p2a: Landorus|Landorus-Therian, M|25/100
|-ability|p2a: Landorus|Intimidate|boost
|-unboost|p1a: Kingambit|atk|1
|move|p1a: Kingambit|Iron Head|p2a: Landorus
|-damage|p2a: Landorus|0 fnt
|-damage|p1a: Kingambit|78/100|[from] item: Rocky Helmet|[of] p2a: Landorus
|faint|p2a: Landorus
|
|upkeep
|
|t:|1760330593
|switch|p2a: Dragonite|Dragonite, M|100/100
|turn|16
|
|t:|1760330605
|-end|p1a: Kingambit|fallen2|[silent]
|switch|p1a: Glimmora|Glimmora, M, shiny|100/100
|-damage|p1a: Glimmora|88/100|[from] Stealth Rock
|move|p2a: Dragonite|Dragon Dance|p2a: Dragonite
|-boost|p2a: Dragonite|atk|1
|-boost|p2a: Dragonite|spe|1
|
|upkeep
|turn|17
|
|t:|1760330611
|move|p2a: Dragonite|Dragon Dance|p2a: Dragonite
|-boost|p2a: Dragonite|atk|1
|-boost|p2a: Dragonite|spe|1
|move|p1a: Glimmora|Mortal Spin|p2a: Dragonite
|-damage|p2a: Dragonite|97/100
|-status|p2a: Dragonite|psn
|-sideend|p1: jayjaymclovinit|Stealth Rock|[from] move: Mortal Spin|[of] p1a: Glimmora
|
|-damage|p2a: Dragonite|84/100 psn|[from] psn
|upkeep
|turn|18
|
|t:|1760330616
|move|p2a: Dragonite|Earthquake|p1a: Glimmora
|-supereffective|p1a: Glimmora
|-damage|p1a: Glimmora|0 fnt
|-activate|p1a: Glimmora|ability: Toxic Debris
|-sidestart|p2: nuk31srael|move: Toxic Spikes
|faint|p1a: Glimmora
|
|-damage|p2a: Dragonite|72/100 psn|[from] psn
|upkeep
|
|t:|1760330625
|switch|p1a: Kingambit|Kingambit, M, shiny|78/100
|-activate|p1a: Kingambit|ability: Supreme Overlord
|-start|p1a: Kingambit|fallen3|[silent]
|turn|19
|
|t:|1760330629
|move|p1a: Kingambit|Sucker Punch||[still]
|-fail|p1a: Kingambit
|move|p2a: Dragonite|Roost|p2a: Dragonite
|-heal|p2a: Dragonite|100/100 psn
|-singleturn|p2a: Dragonite|move: Roost
|
|-damage|p2a: Dragonite|88/100 psn|[from] psn
|upkeep
|turn|20
|
|t:|1760330633
|move|p1a: Kingambit|Sucker Punch||[still]
|-fail|p1a: Kingambit
|move|p2a: Dragonite|Dragon Dance|p2a: Dragonite
|-boost|p2a: Dragonite|atk|1
|-boost|p2a: Dragonite|spe|1
|
|-damage|p2a: Dragonite|76/100 psn|[from] psn
|upkeep
|turn|21
|
|t:|1760330640
|move|p1a: Kingambit|Sucker Punch||[still]
|-fail|p1a: Kingambit
|move|p2a: Dragonite|Roost|p2a: Dragonite
|-heal|p2a: Dragonite|100/100 psn
|-singleturn|p2a: Dragonite|move: Roost
|
|-damage|p2a: Dragonite|88/100 psn|[from] psn
|upkeep
|turn|22
|
|t:|1760330649
|move|p1a: Kingambit|Sucker Punch||[still]
|-fail|p1a: Kingambit
|move|p2a: Dragonite|Dragon Dance|p2a: Dragonite
|-boost|p2a: Dragonite|atk|1
|-boost|p2a: Dragonite|spe|1
|
|-damage|p2a: Dragonite|76/100 psn|[from] psn
|upkeep
|turn|23
|
|t:|1760330656
|move|p1a: Kingambit|Sucker Punch||[still]
|-fail|p1a: Kingambit
|move|p2a: Dragonite|Dragon Dance|p2a: Dragonite
|-boost|p2a: Dragonite|atk|1
|-boost|p2a: Dragonite|spe|1
|
|-damage|p2a: Dragonite|63/100 psn|[from] psn
|upkeep
|turn|24
|
|t:|1760330667
|move|p1a: Kingambit|Sucker Punch||[still]
|-fail|p1a: Kingambit
|move|p2a: Dragonite|Dragon Dance|p2a: Dragonite
|-boost|p2a: Dragonite|atk|1
|-boost|p2a: Dragonite|spe|1
|
|-damage|p2a: Dragonite|51/100 psn|[from] psn
|upkeep
|turn|25
|inactive|jayjaymclovinit has 120 seconds left.
|-message|jayjaymclovinit forfeited.
|
|win|nuk31srael
|raw|jayjaymclovinit's rating: 1365 &rarr; <strong>1344</strong><br />(-21 for losing)
|raw|nuk31srael's rating: 1342 &rarr; <strong>1363</strong><br />(+21 for winning)
