|j|☆Dr_Aura777
|j|☆kkonka
|t:|1760337965
|gametype|singles
|player|p1|Dr_Aura777|riley|1327
|player|p2|kkonka|parasollady|1358
|gen|9
|tier|[Gen 9] OU
|rated|
|rule|HP Percentage Mod: HP is shown in percentages
|rule|Endless Battle Clause: Forcing endless battles is banned
|rule|Species Clause: Limit one of each Pokémon
|rule|OHKO Clause: OHKO moves are banned
|rule|Evasion Items Clause: Evasion items are banned
|rule|Evasion Moves Clause: Evasion moves are banned
|rule|Evasion Abilities Clause: Evasion abilities are banned
|rule|Sleep Moves Clause: Sleep-inducing moves are banned
|clearpoke
|poke|p1|Indeedee, M|
|poke|p1|Armarouge, F|
|poke|p1|Hatterene, F|
|poke|p1|Polteageist|
|poke|p1|Hawlucha, F|
|poke|p1|Maushold|
|poke|p2|Pelipper, M|
|poke|p2|Barraskewda, F|
|poke|p2|Hatterene, F|
|poke|p2|Raging Bolt|
|poke|p2|Hoopa-Unbound|
|poke|p2|Landorus-Therian, M|
|teampreview
|inactive|Battle timer is ON: inactive players will automatically lose when time's up. (requested by kkonka)
|
|t:|1760337989
|teamsize|p1|6
|teamsize|p2|6
|start
|switch|p1a: Indeedee|Indeedee, M|100/100
|switch|p2a: Landorus|Landorus-Therian, M|100/100
|-ability|p2a: Landorus|Intimidate|boost
|-unboost|p1a: Indeedee|atk|1
|-fieldstart|move: Psychic Terrain|[from] ability: Psychic Surge|[of] p1a: Indeedee
|turn|1
|
|t:|1760338003
|switch|p1a: Hatterene|Hatterene, F|100/100
|move|p2a: Landorus|Sandsear Storm|p1a: Hatterene
|-damage|p1a: Hatterene|49/100
|-status|p1a: Hatterene|brn
|-enditem|p1a: Hatterene|Eject Button
|
|t:|1760338013
|switch|p1a: Polteageist|Polteageist|100/100
|
|upkeep
|turn|2
|
|t:|1760338017
|move|p2a: Landorus|Sandsear Storm|p1a: Polteageist|[miss]
|-miss|p2a: Landorus|p1a: Polteageist
|move|p1a: Polteageist|Shell Smash|p1a: Polteageist
|-unboost|p1a: Polteageist|def|1
|-unboost|p1a: Polteageist|spd|1
|-boost|p1a: Polteageist|atk|2
|-boost|p1a: Polteageist|spa|2
|-boost|p1a: Polteageist|spe|2
|
|upkeep
|turn|3
|
|t:|1760338026
|move|p1a: Polteageist|Stored Power|p2a: Landorus
|-crit|p2a: Landorus
|-damage|p2a: Landorus|0 fnt
|faint|p2a: Landorus
|
|upkeep
|
|t:|1760338043
|switch|p2a: Hoopa|Hoopa-Unbound|100/100
|turn|4
|
|t:|1760338055
|-terastallize|p2a: Hoopa|Dark
|move|p1a: Polteageist|Shadow Ball|p2a: Hoopa
|-resisted|p2a: Hoopa
|-damage|p2a: Hoopa|60/100
|-unboost|p2a: Hoopa|spd|1
|move|p2a: Hoopa|Ice Punch|p1a: Polteageist
|-enditem|p1a: Polteageist|Focus Sash
|-damage|p1a: Polteageist|1/100
|-ability|p1a: Polteageist|Weak Armor|boost
|-unboost|p1a: Polteageist|def|1
|-boost|p1a: Polteageist|spe|2
|
|upkeep
|turn|5
|
|t:|1760338068
|switch|p2a: Hatterene|Hatterene, F|100/100
|-terastallize|p1a: Polteageist|Fighting
|move|p1a: Polteageist|Tera Blast|p2a: Hatterene|[anim] Tera Blast Fighting
|-resisted|p2a: Hatterene
|-damage|p2a: Hatterene|76/100
|-enditem|p2a: Hatterene|Eject Button
|
|t:|1760338088
|switch|p2a: Raging Bolt|Raging Bolt|100/100
|-enditem|p2a: Raging Bolt|Booster Energy
|-activate|p2a: Raging Bolt|ability: Protosynthesis|[fromitem]
|-start|p2a: Raging Bolt|protosynthesisspa
|
|upkeep
|turn|6
|
|t:|1760338095
|move|p1a: Polteageist|Stored Power|p2a: Raging Bolt
|-damage|p2a: Raging Bolt|0 fnt
|faint|p2a: Raging Bolt
|-end|p2a: Raging Bolt|Protosynthesis|[silent]
|
|upkeep
|
|t:|1760338102
|switch|p2a: Pelipper|Pelipper, M|100/100
|-weather|RainDance|[from] ability: Drizzle|[of] p2a: Pelipper
|turn|7
|
|t:|1760338107
|move|p1a: Polteageist|Tera Blast|p2a: Pelipper|[anim] Tera Blast Fighting
|-resisted|p2a: Pelipper
|-damage|p2a: Pelipper|35/100
|move|p2a: Pelipper|U-turn|p1a: Polteageist
|-resisted|p1a: Polteageist
|-damage|p1a: Polteageist|0 fnt
|faint|p1a: Polteageist
|
|t:|1760338111
|switch|p2a: Barraskewda|Barraskewda, F|100/100|[from] U-turn
|
|-weather|RainDance|[upkeep]
|upkeep
|
|t:|1760338130
|switch|p1a: Hawlucha|Hawlucha, F|100/100
|-enditem|p1a: Hawlucha|Psychic Seed
|-boost|p1a: Hawlucha|spd|1|[from] item: Psychic Seed
|turn|8
|
|t:|1760338140
|move|p2a: Barraskewda|Liquidation|p1a: Hawlucha
|-damage|p1a: Hawlucha|0 fnt
|faint|p1a: Hawlucha
|-damage|p2a: Barraskewda|91/100|[from] item: Life Orb
|
|-weather|RainDance|[upkeep]
|-fieldend|move: Psychic Terrain
|upkeep
|
|t:|1760338157
|switch|p1a: Hatterene|Hatterene, F|49/100 brn
|turn|9
|
|t:|1760338162
|move|p2a: Barraskewda|Flip Turn|p1a: Hatterene
|-damage|p1a: Hatterene|0 fnt
|faint|p1a: Hatterene
|-damage|p2a: Barraskewda|81/100|[from] item: Life Orb
|
|t:|1760338167
|switch|p2a: Hoopa|Hoopa-Unbound, tera:Dark|60/100|[from] Flip Turn
|
|-weather|RainDance|[upkeep]
|upkeep
|
|t:|1760338174
|switch|p1a: Indeedee|Indeedee, M|100/100
|-fieldstart|move: Psychic Terrain|[from] ability: Psychic Surge|[of] p1a: Indeedee
|turn|10
|
|t:|1760338180
|move|p1a: Indeedee|Dazzling Gleam|p2a: Hoopa
|-supereffective|p2a: Hoopa
|-damage|p2a: Hoopa|32/100
|move|p2a: Hoopa|Hyperspace Fury|p1a: Indeedee
|-supereffective|p1a: Indeedee
|-damage|p1a: Indeedee|0 fnt
|-unboost|p2a: Hoopa|def|1
|faint|p1a: Indeedee
|
|-weather|RainDance|[upkeep]
|upkeep
|
|t:|1760338207
|switch|p1a: Armarouge|Armarouge, F|100/100
|turn|11
|
|t:|1760338218
|move|p1a: Armarouge|Aura Sphere|p2a: Hoopa
|-supereffective|p2a: Hoopa
|-damage|p2a: Hoopa|0 fnt
|faint|p2a: Hoopa
|
|-weather|RainDance|[upkeep]
|upkeep
|
|t:|1760338222
|switch|p2a: Barraskewda|Barraskewda, F|81/100
|turn|12
|
|t:|1760338228
|move|p1a: Armarouge|Endure|p1a: Armarouge
|-singleturn|p1a: Armarouge|move: Endure
|move|p2a: Barraskewda|Flip Turn|p1a: Armarouge
|-supereffective|p1a: Armarouge
|-activate|p1a: Armarouge|move: Endure
|-damage|p1a: Armarouge|1/100
|-ability|p1a: Armarouge|Weak Armor|boost
|-unboost|p1a: Armarouge|def|1
|-boost|p1a: Armarouge|spe|2
|-enditem|p1a: Armarouge|Weakness Policy
|-boost|p1a: Armarouge|atk|2|[from] item: Weakness Policy
|-boost|p1a: Armarouge|spa|2|[from] item: Weakness Policy
|-damage|p2a: Barraskewda|71/100|[from] item: Life Orb
|
|t:|1760338231
|switch|p2a: Hatterene|Hatterene, F|76/100|[from] Flip Turn
|
|-weather|RainDance|[upkeep]
|upkeep
|turn|13
|
|t:|1760338245
|move|p1a: Armarouge|Expanding Force|p2a: Hatterene
|-resisted|p2a: Hatterene
|-damage|p2a: Hatterene|0 fnt
|faint|p2a: Hatterene
|
|-weather|RainDance|[upkeep]
|upkeep
|
|t:|1760338253
|switch|p2a: Barraskewda|Barraskewda, F|71/100
|turn|14
|
|t:|1760338261
|move|p2a: Barraskewda|Flip Turn|p1a: Armarouge
|-supereffective|p1a: Armarouge
|-damage|p1a: Armarouge|0 fnt
|faint|p1a: Armarouge
|-damage|p2a: Barraskewda|61/100|[from] item: Life Orb
|
|t:|1760338263
|switch|p2a: Pelipper|Pelipper, M|35/100|[from] Flip Turn
|
|-weather|none
|upkeep
|
|t:|1760338269
|switch|p1a: Maushold|Maushold|100/100
|turn|15
|
|t:|1760338275
|move|p1a: Maushold|Population Bomb|p2a: Pelipper
|-damage|p2a: Pelipper|27/100
|-damage|p2a: Pelipper|18/100
|-damage|p2a: Pelipper|8/100
|-damage|p2a: Pelipper|0 fnt
|faint|p2a: Pelipper
|-hitcount|p2: Pelipper|4
|
|upkeep
|
|t:|1760338280
|switch|p2a: Barraskewda|Barraskewda, F|61/100
|turn|16
|
|t:|1760338286
|move|p2a: Barraskewda|Close Combat|p1a: Maushold
|-supereffective|p1a: Maushold
|-damage|p1a: Maushold|0 fnt
|-unboost|p2a: Barraskewda|def|1
|-unboost|p2a: Barraskewda|spd|1
|faint|p1a: Maushold
|-damage|p2a: Barraskewda|51/100|[from] item: Life Orb
|
|win|kkonka
|raw|Dr_Aura777's rating: 1327 &rarr; <strong>1309</strong><br />(-18 for losing)
|raw|kkonka's rating: 1358 &rarr; <strong>1376</strong><br />(+18 for winning)
|l|☆Dr_Aura777
|player|p1|
|l|☆kkonka
|player|p2|
|j|☆kkonka
|player|p2|kkonka|parasollady|
|l|☆kkonka
|player|p2|
