|j|☆PriceP0tato
|j|☆ddnsyde
|t:|1760329513
|gametype|singles
|player|p1|PriceP0tato|shauntal|1116
|player|p2|ddnsyde|rocketgrunt|1209
|gen|9
|tier|[Gen 9] OU
|rated|
|rule|HP Percentage Mod: HP is shown in percentages
|rule|Endless Battle Clause: Forcing endless battles is banned
|rule|Species Clause: Limit one of each Pokémon
|rule|OHKO Clause: OHKO moves are banned
|rule|Evasion Items Clause: Evasion items are banned
|rule|Evasion Moves Clause: Evasion moves are banned
|rule|Evasion Abilities Clause: Evasion abilities are banned
|rule|Sleep Moves Clause: Sleep-inducing moves are banned
|clearpoke
|poke|p1|Lycanroc-Dusk, F|
|poke|p1|Reuniclus, M|
|poke|p1|Corviknight, M|
|poke|p1|Tentacruel, M|
|poke|p1|Rotom-Heat|
|poke|p1|Flygon, M|
|poke|p2|Indeedee, M|
|poke|p2|Forretress, F|
|poke|p2|Polteageist|
|poke|p2|Metagross|
|poke|p2|Porygon-Z|
|poke|p2|Dragapult, F|
|teampreview
|
|t:|1760329521
|teamsize|p1|6
|teamsize|p2|6
|start
|switch|p1a: Rotom|Rotom-Heat|100/100
|switch|p2a: Metagross|Metagross|100/100
|turn|1
|
|t:|1760329528
|move|p1a: Rotom|Overheat|p2a: Metagross
|-supereffective|p2a: Metagross
|-damage|p2a: Metagross|0 fnt
|-unboost|p1a: Rotom|spa|2
|faint|p2a: Metagross
|
|upkeep
|
|t:|1760329536
|switch|p2a: Forretress|Forretress, F|100/100
|turn|2
|
|t:|1760329539
|move|p1a: Rotom|Overheat|p2a: Forretress
|-supereffective|p2a: Forretress
|-ability|p2a: Forretress|Sturdy
|-damage|p2a: Forretress|1/100
|-unboost|p1a: Rotom|spa|2
|move|p2a: Forretress|Stealth Rock|p1a: Rotom
|-sidestart|p1: PriceP0tato|move: Stealth Rock
|
|upkeep
|turn|3
|
|t:|1760329549
|switch|p1a: Tentacruel|Tentacruel, M|100/100
|-damage|p1a: Tentacruel|88/100|[from] Stealth Rock
|switch|p2a: Indeedee|Indeedee, M|100/100
|-fieldstart|move: Psychic Terrain|[from] ability: Psychic Surge|[of] p2a: Indeedee
|
|-heal|p1a: Tentacruel|94/100|[from] item: Black Sludge
|upkeep
|turn|4
|
|t:|1760329559
|-terastallize|p1a: Tentacruel|Flying
|move|p2a: Indeedee|Expanding Force|p1a: Tentacruel
|-damage|p1a: Tentacruel|50/100
|move|p1a: Tentacruel|Rapid Spin|p2a: Indeedee
|-damage|p2a: Indeedee|83/100
|-boost|p1a: Tentacruel|spe|1
|-sideend|p1: PriceP0tato|Stealth Rock|[from] move: Rapid Spin|[of] p1a: Tentacruel
|
|-damage|p1a: Tentacruel|37/100|[from] item: Black Sludge
|upkeep
|turn|5
|
|t:|1760329568
|move|p1a: Tentacruel|Sludge Wave|p2a: Indeedee
|-damage|p2a: Indeedee|41/100
|move|p2a: Indeedee|Expanding Force|p1a: Tentacruel
|-damage|p1a: Tentacruel|0 fnt
|faint|p1a: Tentacruel
|
|upkeep
|
|t:|1760329575
|switch|p1a: Flygon|Flygon, M|100/100
|turn|6
|
|t:|1760329584
|switch|p2a: Porygon-Z|Porygon-Z|100/100
|move|p1a: Flygon|Earthquake|p2a: Porygon-Z
|-damage|p2a: Porygon-Z|28/100
|
|upkeep
|turn|7
|
|t:|1760329592
|move|p2a: Porygon-Z|Hyper Beam|p1a: Flygon
|-enditem|p1a: Flygon|Focus Sash
|-damage|p1a: Flygon|1/100
|-mustrecharge|p2a: Porygon-Z
|move|p1a: Flygon|Earthquake|p2a: Porygon-Z
|-damage|p2a: Porygon-Z|0 fnt
|faint|p2a: Porygon-Z
|
|upkeep
|
|t:|1760329606
|switch|p2a: Dragapult|Dragapult, F|100/100
|turn|8
|
|t:|1760329608
|move|p2a: Dragapult|Dragon Dance|p2a: Dragapult
|-boost|p2a: Dragapult|atk|1
|-boost|p2a: Dragapult|spe|1
|move|p1a: Flygon|Earthquake|p2a: Dragapult
|-damage|p2a: Dragapult|35/100
|
|upkeep
|turn|9
|
|t:|1760329615
|move|p2a: Dragapult|Dragon Darts|p1a: Flygon
|-supereffective|p1a: Flygon
|-damage|p1a: Flygon|0 fnt
|faint|p1a: Flygon
|
|upkeep
|
|t:|1760329619
|switch|p1a: Lycanroc|Lycanroc-Dusk, F|100/100
|turn|10
|
|t:|1760329624
|move|p1a: Lycanroc|Accelerock|p2a: Dragapult
|-activate|p2a: Dragapult|move: Psychic Terrain
|move|p2a: Dragapult|Dragon Darts|p1a: Lycanroc
|-damage|p1a: Lycanroc|28/100
|-anim|p2a: Dragapult|Dragon Darts|p1a: Lycanroc
|-damage|p1a: Lycanroc|0 fnt
|faint|p1a: Lycanroc
|
|-fieldend|move: Psychic Terrain
|upkeep
|
|t:|1760329634
|switch|p1a: Corviknight|Corviknight, M|100/100
|turn|11
|
|t:|1760329637
|move|p2a: Dragapult|Fire Blast|p1a: Corviknight
|-supereffective|p1a: Corviknight
|-damage|p1a: Corviknight|32/100
|move|p1a: Corviknight|Iron Head|p2a: Dragapult
|-damage|p2a: Dragapult|0 fnt
|faint|p2a: Dragapult
|
|upkeep
|
|t:|1760329649
|switch|p2a: Polteageist|Polteageist|100/100
|turn|12
|
|t:|1760329653
|move|p2a: Polteageist|Shell Smash|p2a: Polteageist
|-unboost|p2a: Polteageist|def|1
|-unboost|p2a: Polteageist|spd|1
|-boost|p2a: Polteageist|atk|2
|-boost|p2a: Polteageist|spa|2
|-boost|p2a: Polteageist|spe|2
|move|p1a: Corviknight|Iron Head|p2a: Polteageist
|-enditem|p2a: Polteageist|Focus Sash
|-damage|p2a: Polteageist|1/100
|-ability|p2a: Polteageist|Weak Armor|boost
|-unboost|p2a: Polteageist|def|1
|-boost|p2a: Polteageist|spe|2
|
|upkeep
|turn|13
|
|t:|1760329663
|move|p2a: Polteageist|Shadow Ball|p1a: Corviknight
|-damage|p1a: Corviknight|0 fnt
|faint|p1a: Corviknight
|
|upkeep
|
|t:|1760329668
|switch|p1a: Rotom|Rotom-Heat|100/100
|turn|14
|
|t:|1760329671
|move|p2a: Polteageist|Stored Power|p1a: Rotom
|-damage|p1a: Rotom|0 fnt
|faint|p1a: Rotom
|
|upkeep
|-message|PriceP0tato forfeited.
|
|win|ddnsyde
|raw|PriceP0tato's rating: 1116 &rarr; <strong>1098</strong><br />(-18 for losing)
|raw|ddnsyde's rating: 1209 &rarr; <strong>1227</strong><br />(+18 for winning)
|l|☆PriceP0tato
|player|p1|
|l|☆ddnsyde
|player|p2|
