|j|☆Elphix
|j|☆gigapoophater
|t:|1760339744
|gametype|singles
|player|p1|Elphix|madame-gen4|1035
|player|p2|gigapoophater|swimmer|1049
|gen|9
|tier|[Gen 9] OU
|rated|
|rule|HP Percentage Mod: HP is shown in percentages
|rule|Endless Battle Clause: Forcing endless battles is banned
|rule|Species Clause: Limit one of each Pokémon
|rule|OHKO Clause: OHKO moves are banned
|rule|Evasion Items Clause: Evasion items are banned
|rule|Evasion Moves Clause: Evasion moves are banned
|rule|Evasion Abilities Clause: Evasion abilities are banned
|rule|Sleep Moves Clause: Sleep-inducing moves are banned
|clearpoke
|poke|p1|Latias, F|
|poke|p1|Ursaluna, F|
|poke|p1|Skarmory, F|
|poke|p1|Cinderace, F|
|poke|p1|Rotom-Wash|
|poke|p1|Darkrai|
|poke|p2|Brambleghast, F|
|poke|p2|Iron Treads|
|poke|p2|Hatterene, F|
|poke|p2|Yanmega, M|
|poke|p2|Weavile, M|
|poke|p2|Chandelure, F|
|teampreview
|
|t:|1760339766
|teamsize|p1|6
|teamsize|p2|6
|start
|switch|p1a: Darkrai|Darkrai|100/100
|switch|p2a: Iron Treads|Iron Treads|100/100
|-enditem|p2a: Iron Treads|Booster Energy
|-activate|p2a: Iron Treads|ability: Quark Drive|[fromitem]
|-start|p2a: Iron Treads|quarkdrivespe
|turn|1
|inactive|Battle timer is ON: inactive players will automatically lose when time's up. (requested by gigapoophater)
|
|t:|1760339781
|move|p2a: Iron Treads|Defense Curl|p2a: Iron Treads
|-boost|p2a: Iron Treads|def|1
|move|p1a: Darkrai|Nasty Plot|p1a: Darkrai
|-boost|p1a: Darkrai|spa|2
|
|upkeep
|turn|2
|
|t:|1760339806
|move|p2a: Iron Treads|Earthquake|p1a: Darkrai
|-damage|p1a: Darkrai|36/100
|move|p1a: Darkrai|Ice Beam|p2a: Iron Treads
|-damage|p2a: Iron Treads|15/100
|
|-heal|p1a: Darkrai|42/100|[from] item: Leftovers
|upkeep
|turn|3
|
|t:|1760339829
|switch|p1a: Skarmory|Skarmory, F, shiny|100/100
|-terastallize|p2a: Iron Treads|Rock
|move|p2a: Iron Treads|Rollout|p1a: Skarmory
|-damage|p1a: Skarmory|83/100
|-damage|p2a: Iron Treads|0 fnt|[from] item: Rocky Helmet|[of] p1a: Skarmory
|faint|p2a: Iron Treads
|-end|p2a: Iron Treads|Quark Drive|[silent]
|
|upkeep
|
|t:|1760339837
|switch|p2a: Chandelure|Chandelure, F|100/100
|turn|4
|
|t:|1760339855
|switch|p1a: Rotom|Rotom-Wash, shiny|100/100
|move|p2a: Chandelure|Inferno|p1a: Rotom|[miss]
|-miss|p2a: Chandelure|p1a: Rotom
|-enditem|p2a: Chandelure|Blunder Policy
|-boost|p2a: Chandelure|spe|2
|
|upkeep
|turn|5
|inactive|Elphix has 120 seconds left.
|
|t:|1760339871
|move|p2a: Chandelure|Energy Ball|p1a: Rotom
|-supereffective|p1a: Rotom
|-damage|p1a: Rotom|33/100
|move|p1a: Rotom|Hydro Pump|p2a: Chandelure|[miss]
|-miss|p1a: Rotom|p2a: Chandelure
|
|-heal|p1a: Rotom|39/100|[from] item: Leftovers
|upkeep
|turn|6
|inactive|Elphix has 120 seconds left.
|
|t:|1760339897
|switch|p1a: Cinderace|Cinderace, F|100/100
|move|p2a: Chandelure|Energy Ball|p1a: Cinderace
|-resisted|p1a: Cinderace
|-damage|p1a: Cinderace|76/100
|
|upkeep
|turn|7
|
|t:|1760339912
|move|p2a: Chandelure|Shadow Ball|p1a: Cinderace
|-damage|p1a: Cinderace|14/100
|-unboost|p1a: Cinderace|spd|1
|move|p1a: Cinderace|Pyro Ball|p2a: Chandelure
|-start|p2a: Chandelure|ability: Flash Fire
|
|upkeep
|turn|8
|
|t:|1760339923
|move|p2a: Chandelure|Calm Mind|p2a: Chandelure
|-boost|p2a: Chandelure|spa|1
|-boost|p2a: Chandelure|spd|1
|move|p1a: Cinderace|U-turn|p2a: Chandelure
|-start|p1a: Cinderace|typechange|Bug|[from] ability: Libero
|-resisted|p2a: Chandelure
|-damage|p2a: Chandelure|87/100
|
|t:|1760339934
|switch|p1a: Latias|Latias, F|100/100|[from] U-turn
|
|upkeep
|turn|9
|
|t:|1760339944
|move|p2a: Chandelure|Shadow Ball|p1a: Latias
|-supereffective|p1a: Latias
|-damage|p1a: Latias|0 fnt
|faint|p1a: Latias
|
|upkeep
|
|t:|1760339951
|switch|p1a: Ursaluna|Ursaluna, F, shiny|100/100
|turn|10
|
|t:|1760339956
|move|p2a: Chandelure|Energy Ball|p1a: Ursaluna
|-supereffective|p1a: Ursaluna
|-damage|p1a: Ursaluna|5/100
|move|p1a: Ursaluna|Earthquake|p2a: Chandelure
|-supereffective|p2a: Chandelure
|-damage|p2a: Chandelure|0 fnt
|faint|p2a: Chandelure
|
|-status|p1a: Ursaluna|brn|[from] item: Flame Orb
|upkeep
|
|t:|1760339962
|switch|p2a: Yanmega|Yanmega, M|100/100
|turn|11
|inactive|Elphix has 120 seconds left.
|
|t:|1760339973
|move|p2a: Yanmega|Bug Buzz|p1a: Ursaluna
|-damage|p1a: Ursaluna|0 fnt
|faint|p1a: Ursaluna
|-enditem|p2a: Yanmega|Throat Spray
|-boost|p2a: Yanmega|spa|1|[from] item: Throat Spray
|
|-ability|p2a: Yanmega|Speed Boost|boost
|-boost|p2a: Yanmega|spe|1
|upkeep
|
|t:|1760339983
|switch|p1a: Skarmory|Skarmory, F, shiny|83/100
|turn|12
|inactive|Elphix has 120 seconds left.
|
|t:|1760339993
|move|p2a: Yanmega|Ancient Power|p1a: Skarmory
|-damage|p1a: Skarmory|41/100
|move|p1a: Skarmory|Body Press|p2a: Yanmega
|-resisted|p2a: Yanmega
|-damage|p2a: Yanmega|90/100
|
|-ability|p2a: Yanmega|Speed Boost|boost
|-boost|p2a: Yanmega|spe|1
|upkeep
|turn|13
|inactive|Elphix has 120 seconds left.
|
|t:|1760340008
|move|p2a: Yanmega|Ancient Power|p1a: Skarmory
|-damage|p1a: Skarmory|0 fnt
|faint|p1a: Skarmory
|
|-ability|p2a: Yanmega|Speed Boost|boost
|-boost|p2a: Yanmega|spe|1
|upkeep
|-message|Elphix forfeited.
|
|win|gigapoophater
|raw|Elphix's rating: 1035 &rarr; <strong>1020</strong><br />(-15 for losing)
|raw|gigapoophater's rating: 1049 &rarr; <strong>1080</strong><br />(+31 for winning)
|l|☆Elphix
|player|p1|
