|j|☆Natdexubers44
|j|☆chedeqing
|t:|1760368545
|gametype|singles
|player|p1|Natdexubers44|265|1504
|player|p2|chedeqing|firebreather|1479
|gen|9
|tier|[Gen 9] OU
|rated|
|rule|HP Percentage Mod: HP is shown in percentages
|rule|Endless Battle Clause: Forcing endless battles is banned
|rule|Species Clause: Limit one of each Pokémon
|rule|OHKO Clause: OHKO moves are banned
|rule|Evasion Items Clause: Evasion items are banned
|rule|Evasion Moves Clause: Evasion moves are banned
|rule|Evasion Abilities Clause: Evasion abilities are banned
|rule|Sleep Moves Clause: Sleep-inducing moves are banned
|clearpoke
|poke|p1|Gliscor, M|
|poke|p1|Mandibuzz, F|
|poke|p1|Ogerpon-Wellspring, F|
|poke|p1|Meowscarada, F|
|poke|p1|Slowking-Galar, F|
|poke|p1|Kingambit, M|
|poke|p2|Grimmsnarl, M|
|poke|p2|Feraligatr, M|
|poke|p2|Hatterene, F|
|poke|p2|Gliscor, F|
|poke|p2|Dragonite, F|
|poke|p2|Raging Bolt|
|teampreview
|inactive|Battle timer is ON: inactive players will automatically lose when time's up. (requested by chedeqing)
|
|t:|1760368553
|teamsize|p1|6
|teamsize|p2|6
|start
|switch|p1a: Gliscor|Gliscor, M|100/100
|switch|p2a: Grimmsnarl|Grimmsnarl, M|100/100
|turn|1
|inactive|Natdexubers44 has 120 seconds left.
|l|☆Natdexubers44
|inactive|Natdexubers44 disconnected and has a minute to reconnect!
|player|p1|
|inactive|Natdexubers44 has 30 seconds to reconnect!
|inactive|Natdexubers44 has 20 seconds to reconnect!
|inactive|Natdexubers44 has 15 seconds to reconnect!
|j|☆Natdexubers44
|inactive|Natdexubers44 reconnected and has 75 seconds left.
|player|p1|Natdexubers44|265|
|
|t:|1760368631
|move|p1a: Gliscor|Protect|p1a: Gliscor
|-singleturn|p1a: Gliscor|Protect
|move|p2a: Grimmsnarl|Reflect|p2a: Grimmsnarl
|-sidestart|p2: chedeqing|Reflect
|
|-status|p1a: Gliscor|tox|[from] item: Toxic Orb
|upkeep
|turn|2
|
|t:|1760368638
|move|p2a: Grimmsnarl|Parting Shot|p1a: Gliscor
|-unboost|p1a: Gliscor|atk|1
|-unboost|p1a: Gliscor|spa|1
|
|t:|1760368641
|switch|p2a: Gliscor|Gliscor, F, shiny|100/100|[from] Parting Shot
|move|p1a: Gliscor|Toxic|p2a: Gliscor
|-status|p2a: Gliscor|tox
|
|upkeep
|turn|3
|inactive|Natdexubers44 has 90 seconds left.
|
|t:|1760368650
|move|p1a: Gliscor|Spikes|p2a: Gliscor
|-sidestart|p2: chedeqing|Spikes
|move|p2a: Gliscor|Swords Dance|p2a: Gliscor
|-boost|p2a: Gliscor|atk|2
|
|upkeep
|turn|4
|
|t:|1760368656
|switch|p1a: Mandibuzz|Mandibuzz, F|100/100
|move|p2a: Gliscor|Agility|p2a: Gliscor
|-boost|p2a: Gliscor|spe|2
|
|upkeep
|turn|5
|
|t:|1760368667
|move|p2a: Gliscor|Facade|p1a: Mandibuzz
|-damage|p1a: Mandibuzz|69/100
|move|p1a: Mandibuzz|Roost|p1a: Mandibuzz
|-heal|p1a: Mandibuzz|100/100
|-singleturn|p1a: Mandibuzz|move: Roost
|
|upkeep
|turn|6
|
|t:|1760368674
|move|p2a: Gliscor|Swords Dance|p2a: Gliscor
|-boost|p2a: Gliscor|atk|2
|move|p1a: Mandibuzz|Foul Play|p2a: Gliscor
|-damage|p2a: Gliscor|64/100 tox
|
|-heal|p2a: Gliscor|77/100 tox|[from] ability: Poison Heal
|upkeep
|turn|7
|
|t:|1760368682
|move|p2a: Gliscor|Facade|p1a: Mandibuzz
|-damage|p1a: Mandibuzz|51/100
|move|p1a: Mandibuzz|Foul Play|p2a: Gliscor
|-damage|p2a: Gliscor|40/100 tox
|
|-heal|p2a: Gliscor|52/100 tox|[from] ability: Poison Heal
|upkeep
|turn|8
|
|t:|1760368690
|move|p2a: Gliscor|Facade|p1a: Mandibuzz
|-damage|p1a: Mandibuzz|0 fnt
|faint|p1a: Mandibuzz
|
|-heal|p2a: Gliscor|65/100 tox|[from] ability: Poison Heal
|-sideend|p2: chedeqing|Reflect
|upkeep
|
|t:|1760368695
|switch|p1a: Meowscarada|Meowscarada, F|100/100
|turn|9
|
|t:|1760368699
|move|p1a: Meowscarada|Triple Axel|p2a: Gliscor|[miss]
|-start|p1a: Meowscarada|typechange|Ice|[from] ability: Protean
|-miss|p1a: Meowscarada|p2a: Gliscor
|move|p2a: Gliscor|Facade|p1a: Meowscarada
|-damage|p1a: Meowscarada|0 fnt
|faint|p1a: Meowscarada
|
|-heal|p2a: Gliscor|77/100 tox|[from] ability: Poison Heal
|upkeep
|-message|Natdexubers44 forfeited.
|
|win|chedeqing
|raw|Natdexubers44's rating: 1504 &rarr; <strong>1483</strong><br />(-21 for losing)
|raw|chedeqing's rating: 1479 &rarr; <strong>1500</strong><br />(+21 for winning)
|l|☆Natdexubers44
|player|p1|
|l|☆chedeqing
|player|p2|
