|j|☆Avl2121
|j|☆RK Earth 9000
|t:|1760462585
|gametype|singles
|player|p1|Avl2121|dragontamer|1228
|player|p2|RK Earth 9000|volkner|1242
|gen|9
|tier|[Gen 9] OU
|rated|
|rule|HP Percentage Mod: HP is shown in percentages
|rule|Endless Battle Clause: Forcing endless battles is banned
|rule|Species Clause: Limit one of each Pokémon
|rule|OHKO Clause: OHKO moves are banned
|rule|Evasion Items Clause: Evasion items are banned
|rule|Evasion Moves Clause: Evasion moves are banned
|rule|Evasion Abilities Clause: Evasion abilities are banned
|rule|Sleep Moves Clause: Sleep-inducing moves are banned
|clearpoke
|poke|p1|Garganacl, F|
|poke|p1|Blaziken, F|
|poke|p1|Slowking-Galar, M|
|poke|p1|Landorus-Therian, M|
|poke|p1|Kyurem|
|poke|p1|Gengar, M|
|poke|p2|Regidrago|
|poke|p2|Lapras, M|
|poke|p2|Eelektross, M|
|poke|p2|Orthworm, M|
|poke|p2|Landorus-Therian, M|
|poke|p2|Cresselia, F|
|teampreview
|inactive|Battle timer is ON: inactive players will automatically lose when time's up. (requested by Avl2121)
|
|t:|1760462595
|teamsize|p1|6
|teamsize|p2|6
|start
|switch|p1a: Landorus|Landorus-Therian, M|100/100
|switch|p2a: Landorus|Landorus-Therian, M, shiny|100/100
|-ability|p2a: Landorus|Intimidate|boost
|-unboost|p1a: Landorus|atk|1
|-ability|p1a: Landorus|Intimidate|boost
|-unboost|p2a: Landorus|atk|1
|turn|1
|
|t:|1760462607
|move|p2a: Landorus|Stealth Rock|p1a: Landorus
|-sidestart|p1: Avl2121|move: Stealth Rock
|move|p1a: Landorus|Stealth Rock|p2a: Landorus
|-sidestart|p2: RK Earth 9000|move: Stealth Rock
|
|upkeep
|turn|2
|
|t:|1760462613
|switch|p2a: Orthworm|Orthworm, M, shiny|100/100
|-damage|p2a: Orthworm|94/100|[from] Stealth Rock
|move|p1a: Landorus|U-turn|p2a: Orthworm
|-resisted|p2a: Orthworm
|-damage|p2a: Orthworm|89/100
|
|t:|1760462622
|switch|p1a: Garganacl|Garganacl, F|100/100|[from] U-turn
|-damage|p1a: Garganacl|88/100|[from] Stealth Rock
|
|-heal|p2a: Orthworm|96/100|[from] item: Leftovers
|-heal|p1a: Garganacl|94/100|[from] item: Leftovers
|upkeep
|turn|3
|
|t:|1760462634
|move|p2a: Orthworm|Substitute|p2a: Orthworm
|-start|p2a: Orthworm|Substitute
|-damage|p2a: Orthworm|71/100
|move|p1a: Garganacl|Salt Cure|p2a: Orthworm
|-resisted|p2a: Orthworm
|-activate|p2a: Orthworm|move: Substitute|[damage]
|
|-heal|p2a: Orthworm|77/100|[from] item: Leftovers
|-heal|p1a: Garganacl|100/100|[from] item: Leftovers
|upkeep
|turn|4
|
|t:|1760462643
|move|p2a: Orthworm|Coil|p2a: Orthworm
|-boost|p2a: Orthworm|atk|1
|-boost|p2a: Orthworm|def|1
|-boost|p2a: Orthworm|accuracy|1
|move|p1a: Garganacl|Curse|p1a: Garganacl
|-unboost|p1a: Garganacl|spe|1
|-boost|p1a: Garganacl|atk|1
|-boost|p1a: Garganacl|def|1
|
|-heal|p2a: Orthworm|83/100|[from] item: Leftovers
|upkeep
|turn|5
|
|t:|1760462659
|move|p2a: Orthworm|Coil|p2a: Orthworm
|-boost|p2a: Orthworm|atk|1
|-boost|p2a: Orthworm|def|1
|-boost|p2a: Orthworm|accuracy|1
|move|p1a: Garganacl|Curse|p1a: Garganacl
|-unboost|p1a: Garganacl|spe|1
|-boost|p1a: Garganacl|atk|1
|-boost|p1a: Garganacl|def|1
|
|-heal|p2a: Orthworm|89/100|[from] item: Leftovers
|upkeep
|turn|6
|
|t:|1760462670
|move|p2a: Orthworm|Coil|p2a: Orthworm
|-boost|p2a: Orthworm|atk|1
|-boost|p2a: Orthworm|def|1
|-boost|p2a: Orthworm|accuracy|1
|move|p1a: Garganacl|Curse|p1a: Garganacl
|-unboost|p1a: Garganacl|spe|1
|-boost|p1a: Garganacl|atk|1
|-boost|p1a: Garganacl|def|1
|
|-heal|p2a: Orthworm|95/100|[from] item: Leftovers
|upkeep
|turn|7
|
|t:|1760462682
|-terastallize|p2a: Orthworm|Electric
|-terastallize|p1a: Garganacl|Ghost
|move|p2a: Orthworm|Coil|p2a: Orthworm
|-boost|p2a: Orthworm|atk|1
|-boost|p2a: Orthworm|def|1
|-boost|p2a: Orthworm|accuracy|1
|move|p1a: Garganacl|Curse|p2a: Orthworm
|-start|p2a: Orthworm|Curse|[of] p1a: Garganacl
|-damage|p1a: Garganacl|50/100
|
|-heal|p2a: Orthworm|100/100|[from] item: Leftovers
|-heal|p1a: Garganacl|57/100|[from] item: Leftovers
|-damage|p2a: Orthworm|75/100|[from] Curse
|upkeep
|turn|8
|
|t:|1760462698
|move|p2a: Orthworm|Iron Tail|p1a: Garganacl
|-damage|p1a: Garganacl|33/100
|move|p1a: Garganacl|Recover|p1a: Garganacl
|-heal|p1a: Garganacl|83/100
|
|-heal|p2a: Orthworm|82/100|[from] item: Leftovers
|-heal|p1a: Garganacl|89/100|[from] item: Leftovers
|-damage|p2a: Orthworm|57/100|[from] Curse
|upkeep
|turn|9
|
|t:|1760462715
|switch|p2a: Landorus|Landorus-Therian, M, shiny|100/100
|-damage|p2a: Landorus|88/100|[from] Stealth Rock
|-ability|p2a: Landorus|Intimidate|boost
|-unboost|p1a: Garganacl|atk|1
|move|p1a: Garganacl|Salt Cure|p2a: Landorus
|-damage|p2a: Landorus|57/100
|-start|p2a: Landorus|Salt Cure
|
|-heal|p1a: Garganacl|95/100|[from] item: Leftovers
|-damage|p2a: Landorus|45/100|[from] Salt Cure
|upkeep
|turn|10
|
|t:|1760462728
|move|p1a: Garganacl|Protect|p1a: Garganacl
|-singleturn|p1a: Garganacl|Protect
|move|p2a: Landorus|Earth Power|p1a: Garganacl
|-activate|p1a: Garganacl|move: Protect
|
|-heal|p1a: Garganacl|100/100|[from] item: Leftovers
|-damage|p2a: Landorus|33/100|[from] Salt Cure
|upkeep
|turn|11
|
|t:|1760462737
|move|p2a: Landorus|Earth Power|p1a: Garganacl
|-damage|p1a: Garganacl|41/100
|move|p1a: Garganacl|Recover|p1a: Garganacl
|-heal|p1a: Garganacl|91/100
|
|-heal|p1a: Garganacl|97/100|[from] item: Leftovers
|-damage|p2a: Landorus|21/100|[from] Salt Cure
|upkeep
|turn|12
|inactive|RK Earth 9000 has 120 seconds left.
|c|☆RK Earth 9000|The ultimate troll garg
|
|t:|1760462769
|move|p2a: Landorus|Earth Power|p1a: Garganacl
|-crit|p1a: Garganacl
|-damage|p1a: Garganacl|8/100
|move|p1a: Garganacl|Salt Cure|p2a: Landorus
|-damage|p2a: Landorus|0 fnt
|faint|p2a: Landorus
|
|-heal|p1a: Garganacl|14/100|[from] item: Leftovers
|upkeep
|
|t:|1760462782
|switch|p2a: Cresselia|Cresselia, F, shiny|100/100
|-damage|p2a: Cresselia|88/100|[from] Stealth Rock
|turn|13
|
|t:|1760462789
|move|p1a: Garganacl|Protect|p1a: Garganacl
|-singleturn|p1a: Garganacl|Protect
|move|p2a: Cresselia|Thunderbolt|p1a: Garganacl
|-activate|p1a: Garganacl|move: Protect
|
|-heal|p2a: Cresselia|94/100|[from] item: Leftovers
|-heal|p1a: Garganacl|20/100|[from] item: Leftovers
|upkeep
|turn|14
|
|t:|1760462797
|move|p2a: Cresselia|Thunderbolt|p1a: Garganacl
|-damage|p1a: Garganacl|0 fnt
|faint|p1a: Garganacl
|
|-heal|p2a: Cresselia|99/100|[from] item: Leftovers
|upkeep
|
|t:|1760462804
|switch|p1a: Landorus|Landorus-Therian, M|100/100
|-damage|p1a: Landorus|88/100|[from] Stealth Rock
|-ability|p1a: Landorus|Intimidate|boost
|-unboost|p2a: Cresselia|atk|1
|turn|15
|
|t:|1760462809
|move|p1a: Landorus|Earthquake|p2a: Cresselia
|-immune|p2a: Cresselia|[from] ability: Levitate
|move|p2a: Cresselia|Ice Beam|p1a: Landorus
|-supereffective|p1a: Landorus
|-damage|p1a: Landorus|0 fnt
|faint|p1a: Landorus
|
|-heal|p2a: Cresselia|100/100|[from] item: Leftovers
|upkeep
|
|t:|1760462826
|switch|p1a: Slowking|Slowking-Galar, M|100/100
|turn|16
|
|t:|1760462834
|move|p2a: Cresselia|Calm Mind|p2a: Cresselia
|-boost|p2a: Cresselia|spa|1
|-boost|p2a: Cresselia|spd|1
|move|p1a: Slowking|Thunder Wave|p2a: Cresselia
|-status|p2a: Cresselia|par
|
|upkeep
|turn|17
|
|t:|1760462842
|move|p1a: Slowking|Eerie Spell|p2a: Cresselia
|-resisted|p2a: Cresselia
|-damage|p2a: Cresselia|94/100 par
|-activate|p2a: Cresselia|move: Eerie Spell|Calm Mind|3
|move|p2a: Cresselia|Calm Mind|p2a: Cresselia
|-boost|p2a: Cresselia|spa|1
|-boost|p2a: Cresselia|spd|1
|
|-heal|p2a: Cresselia|99/100 par|[from] item: Leftovers
|upkeep
|turn|18
|
|t:|1760462864
|move|p1a: Slowking|Eerie Spell|p2a: Cresselia
|-resisted|p2a: Cresselia
|-damage|p2a: Cresselia|94/100 par
|-activate|p2a: Cresselia|move: Eerie Spell|Calm Mind|3
|move|p2a: Cresselia|Thunderbolt|p1a: Slowking
|-damage|p1a: Slowking|68/100
|
|-heal|p2a: Cresselia|99/100 par|[from] item: Leftovers
|upkeep
|turn|19
|
|t:|1760462874
|switch|p1a: Kyurem|Kyurem|100/100
|-damage|p1a: Kyurem|76/100|[from] Stealth Rock
|-ability|p1a: Kyurem|Pressure
|move|p2a: Cresselia|Calm Mind|p2a: Cresselia
|-boost|p2a: Cresselia|spa|1
|-boost|p2a: Cresselia|spd|1
|
|-heal|p1a: Kyurem|82/100|[from] item: Leftovers
|-heal|p2a: Cresselia|100/100 par|[from] item: Leftovers
|upkeep
|turn|20
|
|t:|1760462885
|move|p1a: Kyurem|Protect|p1a: Kyurem
|-singleturn|p1a: Kyurem|Protect
|move|p2a: Cresselia|Ice Beam|p1a: Kyurem
|-activate|p1a: Kyurem|move: Protect
|
|-heal|p1a: Kyurem|88/100|[from] item: Leftovers
|upkeep
|turn|21
|
|t:|1760462893
|move|p1a: Kyurem|Substitute|p1a: Kyurem
|-start|p1a: Kyurem|Substitute
|-damage|p1a: Kyurem|63/100
|move|p2a: Cresselia|Ice Beam|p1a: Kyurem
|-end|p1a: Kyurem|Substitute
|
|-heal|p1a: Kyurem|69/100|[from] item: Leftovers
|upkeep
|turn|22
|
|t:|1760462901
|move|p1a: Kyurem|Freeze-Dry|p2a: Cresselia
|-damage|p2a: Cresselia|90/100 par
|cant|p2a: Cresselia|par
|
|-heal|p1a: Kyurem|75/100|[from] item: Leftovers
|-heal|p2a: Cresselia|96/100 par|[from] item: Leftovers
|upkeep
|turn|23
|
|t:|1760462909
|move|p1a: Kyurem|Protect|p1a: Kyurem
|-singleturn|p1a: Kyurem|Protect
|cant|p2a: Cresselia|par
|
|-heal|p1a: Kyurem|82/100|[from] item: Leftovers
|-heal|p2a: Cresselia|100/100 par|[from] item: Leftovers
|upkeep
|turn|24
|
|t:|1760462917
|switch|p1a: Gengar|Gengar, M|100/100
|-damage|p1a: Gengar|88/100|[from] Stealth Rock
|move|p2a: Cresselia|Ice Beam|p1a: Gengar
|-damage|p1a: Gengar|0 fnt
|-start|p2a: Cresselia|Disable|Ice Beam|[from] ability: Cursed Body|[of] p1a: Gengar
|faint|p1a: Gengar
|
|upkeep
|
|t:|1760462920
|switch|p1a: Slowking|Slowking-Galar, M|100/100
|turn|25
|l|☆Avl2121
|inactive|Avl2121 disconnected and has a minute to reconnect!
|player|p1|
|inactive|Avl2121 has 30 seconds to reconnect!
|inactive|Avl2121 has 20 seconds to reconnect!
|inactive|Avl2121 has 15 seconds to reconnect!
|inactive|Avl2121 has 10 seconds to reconnect!
|inactive|Avl2121 has 5 seconds to reconnect!
|-message|Avl2121 lost due to inactivity.
|
|win|RK Earth 9000
|raw|Avl2121's rating: 1228 &rarr; <strong>1204</strong><br />(-24 for losing)
|raw|RK Earth 9000's rating: 1242 &rarr; <strong>1266</strong><br />(+24 for winning)
