|j|☆kuraiyagare
|j|☆Magenta Maylene
|t:|1760362116
|gametype|singles
|player|p1|kuraiyagare|mars|1405
|player|p2|Magenta Maylene|maylene|1439
|gen|9
|tier|[Gen 9] OU
|rated|
|rule|HP Percentage Mod: HP is shown in percentages
|rule|Endless Battle Clause: Forcing endless battles is banned
|rule|Species Clause: Limit one of each Pokémon
|rule|OHKO Clause: OHKO moves are banned
|rule|Evasion Items Clause: Evasion items are banned
|rule|Evasion Moves Clause: Evasion moves are banned
|rule|Evasion Abilities Clause: Evasion abilities are banned
|rule|Sleep Moves Clause: Sleep-inducing moves are banned
|clearpoke
|poke|p1|Bastiodon, M|
|poke|p1|Gardevoir, F|
|poke|p1|Talonflame, M|
|poke|p1|Lokix, M|
|poke|p1|Drifblim, F|
|poke|p1|Feraligatr, F|
|poke|p2|Clodsire, M|
|poke|p2|Maushold-Four|
|poke|p2|Abomasnow, M|
|poke|p2|Gholdengo|
|poke|p2|Moltres|
|poke|p2|Scizor, F|
|teampreview
|inactive|Battle timer is ON: inactive players will automatically lose when time's up. (requested by Magenta Maylene)
|inactive|kuraiyagare has 120 seconds left.
|
|t:|1760362152
|teamsize|p1|6
|teamsize|p2|6
|start
|switch|p1a: Gardenia|Gardevoir, F|100/100
|switch|p2a: Lava Chicken|Moltres|100/100
|-ability|p1a: Gardenia|Flame Body|Trace|[from] ability: Trace|[of] p2a: Lava Chicken
|turn|1
|
|t:|1760362157
|switch|p1a: Bastiodon|Bastiodon, M|100/100
|move|p2a: Lava Chicken|U-turn|p1a: Bastiodon
|-resisted|p1a: Bastiodon
|-damage|p1a: Bastiodon|97/100
|
|t:|1760362164
|switch|p2a: Red Comet|Scizor, F|100/100|[from] U-turn
|
|upkeep
|turn|2
|
|t:|1760362183
|switch|p2a: Maus x Family|Maushold-Four|100/100
|move|p1a: Bastiodon|Stealth Rock|p2a: Maus x Family
|-sidestart|p2: Magenta Maylene|move: Stealth Rock
|
|upkeep
|turn|3
|
|t:|1760362189
|move|p2a: Maus x Family|Encore|p1a: Bastiodon
|-start|p1a: Bastiodon|Encore
|move|p1a: Bastiodon|Stealth Rock||[still]
|-fail|p1a: Bastiodon
|
|upkeep
|turn|4
|
|t:|1760362192
|switch|p1a: avg linux user|Lokix, M|100/100
|move|p2a: Maus x Family|Tidy Up|p2a: Maus x Family
|-sideend|p2: Magenta Maylene|Stealth Rock
|-activate|p2a: Maus x Family|move: Tidy Up
|-boost|p2a: Maus x Family|atk|1
|-boost|p2a: Maus x Family|spe|1
|
|upkeep
|turn|5
|
|t:|1760362201
|move|p1a: avg linux user|First Impression|p2a: Maus x Family
|-damage|p2a: Maus x Family|31/100
|move|p2a: Maus x Family|Population Bomb|p1a: avg linux user
|-damage|p1a: avg linux user|75/100
|-damage|p1a: avg linux user|49/100
|-damage|p1a: avg linux user|25/100
|-damage|p1a: avg linux user|0 fnt
|faint|p1a: avg linux user
|-hitcount|p1: avg linux user|4
|
|upkeep
|
|t:|1760362211
|switch|p1a: Feraligatr|Feraligatr, F|100/100
|turn|6
|
|t:|1760362213
|move|p1a: Feraligatr|Aqua Jet|p2a: Maus x Family
|-damage|p2a: Maus x Family|0 fnt
|faint|p2a: Maus x Family
|-damage|p1a: Feraligatr|91/100|[from] item: Life Orb
|
|upkeep
|
|t:|1760362217
|switch|p2a: Big Sushi Enjoyer|Abomasnow, M|100/100
|-weather|Snowscape|[from] ability: Snow Warning|[of] p2a: Big Sushi Enjoyer
|turn|7
|
|t:|1760362221
|switch|p1a: Bastiodon|Bastiodon, M|97/100
|move|p2a: Big Sushi Enjoyer|Aurora Veil|p2a: Big Sushi Enjoyer
|-sidestart|p2: Magenta Maylene|move: Aurora Veil
|
|-weather|Snowscape|[upkeep]
|upkeep
|turn|8
|
|t:|1760362227
|move|p2a: Big Sushi Enjoyer|Earth Power|p1a: Bastiodon
|-supereffective|p1a: Bastiodon
|-damage|p1a: Bastiodon|12/100
|move|p1a: Bastiodon|Stealth Rock|p2a: Big Sushi Enjoyer
|-sidestart|p2: Magenta Maylene|move: Stealth Rock
|
|-weather|Snowscape|[upkeep]
|upkeep
|turn|9
|
|t:|1760362238
|move|p2a: Big Sushi Enjoyer|Blizzard|p1a: Bastiodon
|-resisted|p1a: Bastiodon
|-damage|p1a: Bastiodon|0 fnt
|faint|p1a: Bastiodon
|
|-weather|Snowscape|[upkeep]
|upkeep
|
|t:|1760362252
|switch|p1a: Vatra|Talonflame, M|100/100
|turn|10
|
|t:|1760362261
|switch|p2a: The Boy|Clodsire, M|100/100
|-damage|p2a: The Boy|94/100|[from] Stealth Rock
|move|p1a: Vatra|Flare Blitz|p2a: The Boy
|-damage|p2a: The Boy|70/100
|-damage|p1a: Vatra|88/100|[from] Recoil
|
|-weather|Snowscape|[upkeep]
|-heal|p2a: The Boy|76/100|[from] item: Black Sludge
|upkeep
|turn|11
|
|t:|1760362265
|switch|p1a: Gardenia|Gardevoir, F|100/100
|-ability|p1a: Gardenia|Unaware|Trace|[from] ability: Trace|[of] p2a: The Boy
|move|p2a: The Boy|Stealth Rock|p1a: Gardenia
|-sidestart|p1: kuraiyagare|move: Stealth Rock
|
|-weather|none
|-heal|p2a: The Boy|82/100|[from] item: Black Sludge
|-sideend|p2: Magenta Maylene|move: Aurora Veil
|upkeep
|turn|12
|
|t:|1760362272
|switch|p2a: Mister 1000|Gholdengo|100/100
|-damage|p2a: Mister 1000|94/100|[from] Stealth Rock
|move|p1a: Gardenia|Psyshock|p2a: Mister 1000
|-resisted|p2a: Mister 1000
|-damage|p2a: Mister 1000|69/100
|
|upkeep
|turn|13
|
|t:|1760362279
|switch|p1a: Vatra|Talonflame, M|88/100
|move|p2a: Mister 1000|Shadow Ball|p1a: Vatra
|-damage|p1a: Vatra|16/100
|
|upkeep
|turn|14
|
|t:|1760362283
|move|p2a: Mister 1000|Shadow Ball|p1a: Vatra
|-damage|p1a: Vatra|0 fnt
|faint|p1a: Vatra
|
|upkeep
|
|t:|1760362286
|switch|p1a: Feraligatr|Feraligatr, F|91/100
|-damage|p1a: Feraligatr|78/100|[from] Stealth Rock
|turn|15
|
|t:|1760362293
|move|p2a: Mister 1000|Shadow Ball|p1a: Feraligatr
|-damage|p1a: Feraligatr|20/100
|move|p1a: Feraligatr|Dragon Dance|p1a: Feraligatr
|-boost|p1a: Feraligatr|atk|1
|-boost|p1a: Feraligatr|spe|1
|
|upkeep
|turn|16
|
|t:|1760362296
|move|p2a: Mister 1000|Shadow Ball|p1a: Feraligatr
|-damage|p1a: Feraligatr|0 fnt
|faint|p1a: Feraligatr
|
|upkeep
|
|t:|1760362300
|switch|p1a: Gardenia|Gardevoir, F|100/100
|-damage|p1a: Gardenia|88/100|[from] Stealth Rock
|-ability|p1a: Gardenia|Good as Gold|Trace|[from] ability: Trace|[of] p2a: Mister 1000
|turn|17
|
|t:|1760362304
|move|p2a: Mister 1000|Shadow Ball|p1a: Gardenia
|-supereffective|p1a: Gardenia
|-damage|p1a: Gardenia|0 fnt
|faint|p1a: Gardenia
|
|upkeep
|
|t:|1760362305
|switch|p1a: Drifflim|Drifblim, F|100/100
|-damage|p1a: Drifflim|76/100|[from] Stealth Rock
|turn|18
|
|t:|1760362309
|-terastallize|p1a: Drifflim|Fighting
|move|p2a: Mister 1000|Shadow Ball|p1a: Drifflim
|-damage|p1a: Drifflim|18/100
|move|p1a: Drifflim|Calm Mind|p1a: Drifflim
|-boost|p1a: Drifflim|spa|1
|-boost|p1a: Drifflim|spd|1
|
|upkeep
|turn|19
|
|t:|1760362317
|move|p2a: Mister 1000|Shadow Ball|p1a: Drifflim
|-damage|p1a: Drifflim|0 fnt
|faint|p1a: Drifflim
|
|win|Magenta Maylene
|raw|kuraiyagare's rating: 1405 &rarr; <strong>1387</strong><br />(-18 for losing)
|raw|Magenta Maylene's rating: 1439 &rarr; <strong>1457</strong><br />(+18 for winning)
|l|☆kuraiyagare
|player|p1|
|l|☆Magenta Maylene
|player|p2|
