|j|‽lilyleite
|j|☆Overgame00
|t:|1760356947
|gametype|singles
|player|p1|lilyleite|1|1338
|player|p2|Overgame00|baker|1386
|gen|9
|tier|[Gen 9] OU
|rated|
|rule|HP Percentage Mod: HP is shown in percentages
|rule|Endless Battle Clause: Forcing endless battles is banned
|rule|Species Clause: Limit one of each Pokémon
|rule|OHKO Clause: OHKO moves are banned
|rule|Evasion Items Clause: Evasion items are banned
|rule|Evasion Moves Clause: Evasion moves are banned
|rule|Evasion Abilities Clause: Evasion abilities are banned
|rule|Sleep Moves Clause: Sleep-inducing moves are banned
|clearpoke
|poke|p1|Scizor, M|
|poke|p1|Great Tusk|
|poke|p1|Hydreigon, M|
|poke|p1|Primarina, F|
|poke|p1|Blaziken, F|
|poke|p1|Flygon, M|
|poke|p2|Revavroom, M|
|poke|p2|Enamorus, F|
|poke|p2|Cinderace, M|
|poke|p2|Ting-Lu|
|poke|p2|Iron Valiant|
|poke|p2|Iron Moth|
|teampreview
|
|t:|1760356961
|teamsize|p1|6
|teamsize|p2|6
|start
|switch|p1a: Primarina|Primarina, F|100/100
|switch|p2a: Enamorus|Enamorus, F|100/100
|turn|1
|
|t:|1760356967
|move|p2a: Enamorus|Sludge Bomb|p1a: Primarina
|-supereffective|p1a: Primarina
|-damage|p1a: Primarina|62/100
|move|p1a: Primarina|Flip Turn|p2a: Enamorus
|-damage|p2a: Enamorus|78/100
|
|t:|1760356974
|switch|p1a: Scizor|Scizor, M|100/100|[from] Flip Turn
|
|upkeep
|turn|2
|
|t:|1760356983
|switch|p2a: Iron Moth|Iron Moth|100/100
|move|p1a: Scizor|Knock Off|p2a: Iron Moth
|-damage|p2a: Iron Moth|26/100
|-enditem|p2a: Iron Moth|Choice Specs|[from] move: Knock Off|[of] p1a: Scizor
|-damage|p1a: Scizor|91/100|[from] item: Life Orb
|
|upkeep
|turn|3
|
|t:|1760357001
|switch|p1a: Primarina|Primarina, F|62/100
|move|p2a: Iron Moth|Fiery Dance|p1a: Primarina
|-resisted|p1a: Primarina
|-damage|p1a: Primarina|50/100
|
|upkeep
|turn|4
|
|t:|1760357005
|move|p2a: Iron Moth|Sludge Wave|p1a: Primarina
|-supereffective|p1a: Primarina
|-damage|p1a: Primarina|0 fnt
|faint|p1a: Primarina
|
|upkeep
|
|t:|1760357013
|switch|p1a: Scizor|Scizor, M|91/100
|turn|5
|
|t:|1760357016
|move|p1a: Scizor|Bullet Punch|p2a: Iron Moth
|-resisted|p2a: Iron Moth
|-crit|p2a: Iron Moth
|-damage|p2a: Iron Moth|0 fnt
|faint|p2a: Iron Moth
|-end|p2a: Iron Moth|Quark Drive|[silent]
|-damage|p1a: Scizor|81/100|[from] item: Life Orb
|
|upkeep
|
|t:|1760357025
|switch|p2a: Ting-Lu|Ting-Lu|100/100
|-ability|p2a: Ting-Lu|Vessel of Ruin
|turn|6
|
|t:|1760357032
|move|p1a: Scizor|Swords Dance|p1a: Scizor
|-boost|p1a: Scizor|atk|2
|move|p2a: Ting-Lu|Stealth Rock|p1a: Scizor
|-sidestart|p1: lilyleite|move: Stealth Rock
|
|upkeep
|turn|7
|
|t:|1760357037
|move|p1a: Scizor|Swords Dance|p1a: Scizor
|-boost|p1a: Scizor|atk|2
|move|p2a: Ting-Lu|Whirlwind|p1a: Scizor
|drag|p1a: Great Tusk|Great Tusk|100/100
|-damage|p1a: Great Tusk|98/100|[from] Stealth Rock
|-enditem|p1a: Great Tusk|Booster Energy
|-activate|p1a: Great Tusk|ability: Protosynthesis|[fromitem]
|-start|p1a: Great Tusk|protosynthesisatk
|
|upkeep
|turn|8
|
|t:|1760357044
|switch|p2a: Enamorus|Enamorus, F|78/100
|move|p1a: Great Tusk|Ice Spinner|p2a: Enamorus
|-supereffective|p2a: Enamorus
|-damage|p2a: Enamorus|0 fnt
|faint|p2a: Enamorus
|
|upkeep
|
|t:|1760357052
|switch|p2a: Iron Valiant|Iron Valiant|100/100
|-enditem|p2a: Iron Valiant|Booster Energy
|-activate|p2a: Iron Valiant|ability: Quark Drive|[fromitem]
|-start|p2a: Iron Valiant|quarkdrivespe
|turn|9
|
|t:|1760357064
|-terastallize|p1a: Great Tusk|Flying
|move|p2a: Iron Valiant|Aura Sphere|p1a: Great Tusk
|-resisted|p1a: Great Tusk
|-damage|p1a: Great Tusk|67/100
|move|p1a: Great Tusk|Headlong Rush|p2a: Iron Valiant
|-damage|p2a: Iron Valiant|0 fnt
|-unboost|p1a: Great Tusk|def|1
|-unboost|p1a: Great Tusk|spd|1
|faint|p2a: Iron Valiant
|-end|p2a: Iron Valiant|Quark Drive|[silent]
|
|upkeep
|
|t:|1760357076
|switch|p2a: Revavroom|Revavroom, M|100/100
|turn|10
|
|t:|1760357089
|-terastallize|p2a: Revavroom|Ice
|move|p2a: Revavroom|Tera Blast|p1a: Great Tusk|[anim] Tera Blast Ice
|-supereffective|p1a: Great Tusk
|-damage|p1a: Great Tusk|0 fnt
|faint|p1a: Great Tusk
|-end|p1a: Great Tusk|Protosynthesis|[silent]
|
|upkeep
|
|t:|1760357100
|switch|p1a: Scizor|Scizor, M|81/100
|-damage|p1a: Scizor|68/100|[from] Stealth Rock
|turn|11
|
|t:|1760357107
|switch|p2a: Ting-Lu|Ting-Lu|100/100
|-ability|p2a: Ting-Lu|Vessel of Ruin
|move|p1a: Scizor|Bullet Punch|p2a: Ting-Lu
|-damage|p2a: Ting-Lu|78/100
|-damage|p1a: Scizor|58/100|[from] item: Life Orb
|
|-heal|p2a: Ting-Lu|85/100|[from] item: Leftovers
|upkeep
|turn|12
|
|t:|1760357116
|switch|p1a: Flygon|Flygon, M|100/100
|-damage|p1a: Flygon|95/100|[from] Stealth Rock
|move|p2a: Ting-Lu|Earthquake|p1a: Flygon
|-immune|p1a: Flygon|[from] ability: Levitate
|
|-heal|p2a: Ting-Lu|91/100|[from] item: Leftovers
|upkeep
|turn|13
|
|t:|1760357118
|move|p1a: Flygon|Dragon Dance|p1a: Flygon
|-boost|p1a: Flygon|atk|1
|-boost|p1a: Flygon|spe|1
|move|p2a: Ting-Lu|Whirlwind|p1a: Flygon
|drag|p1a: Hydreigon|Hydreigon, M|100/100
|-damage|p1a: Hydreigon|88/100|[from] Stealth Rock
|
|-heal|p2a: Ting-Lu|97/100|[from] item: Leftovers
|upkeep
|turn|14
|
|t:|1760357126
|move|p1a: Hydreigon|Draco Meteor|p2a: Ting-Lu|[miss]
|-miss|p1a: Hydreigon|p2a: Ting-Lu
|move|p2a: Ting-Lu|Whirlwind|p1a: Hydreigon
|drag|p1a: Flygon|Flygon, M|95/100
|-damage|p1a: Flygon|89/100|[from] Stealth Rock
|
|-heal|p2a: Ting-Lu|100/100|[from] item: Leftovers
|upkeep
|turn|15
|
|t:|1760357132
|move|p1a: Flygon|Dragon Dance|p1a: Flygon
|-boost|p1a: Flygon|atk|1
|-boost|p1a: Flygon|spe|1
|move|p2a: Ting-Lu|Whirlwind|p1a: Flygon
|drag|p1a: Scizor|Scizor, M|58/100
|-damage|p1a: Scizor|46/100|[from] Stealth Rock
|
|upkeep
|turn|16
|
|t:|1760357140
|move|p1a: Scizor|Close Combat|p2a: Ting-Lu
|-supereffective|p2a: Ting-Lu
|-damage|p2a: Ting-Lu|43/100
|-unboost|p1a: Scizor|def|1
|-unboost|p1a: Scizor|spd|1
|-damage|p1a: Scizor|36/100|[from] item: Life Orb
|move|p2a: Ting-Lu|Earthquake|p1a: Scizor
|-damage|p1a: Scizor|0 fnt
|faint|p1a: Scizor
|
|-heal|p2a: Ting-Lu|50/100|[from] item: Leftovers
|upkeep
|
|t:|1760357150
|switch|p1a: Hydreigon|Hydreigon, M|88/100
|-damage|p1a: Hydreigon|76/100|[from] Stealth Rock
|turn|17
|
|t:|1760357156
|move|p1a: Hydreigon|Draco Meteor|p2a: Ting-Lu
|-damage|p2a: Ting-Lu|1/100
|-unboost|p1a: Hydreigon|spa|2
|move|p2a: Ting-Lu|Ruination|p1a: Hydreigon
|-damage|p1a: Hydreigon|38/100
|
|-heal|p2a: Ting-Lu|7/100|[from] item: Leftovers
|upkeep
|turn|18
|
|t:|1760357162
|move|p1a: Hydreigon|Draco Meteor|p2a: Ting-Lu
|-damage|p2a: Ting-Lu|0 fnt
|-unboost|p1a: Hydreigon|spa|2
|faint|p2a: Ting-Lu
|
|upkeep
|
|t:|1760357165
|switch|p2a: Revavroom|Revavroom, M, tera:Ice|100/100
|turn|19
|
|t:|1760357169
|move|p1a: Hydreigon|Draco Meteor|p2a: Revavroom
|-damage|p2a: Revavroom|50/100
|-unboost|p1a: Hydreigon|spa|2
|move|p2a: Revavroom|Shift Gear|p2a: Revavroom
|-boost|p2a: Revavroom|spe|2
|-boost|p2a: Revavroom|atk|1
|
|-heal|p2a: Revavroom|56/100|[from] item: Leftovers
|upkeep
|turn|20
|
|t:|1760357173
|move|p2a: Revavroom|Tera Blast|p1a: Hydreigon|[anim] Tera Blast Ice
|-supereffective|p1a: Hydreigon
|-crit|p1a: Hydreigon
|-damage|p1a: Hydreigon|0 fnt
|faint|p1a: Hydreigon
|
|-heal|p2a: Revavroom|62/100|[from] item: Leftovers
|upkeep
|
|t:|1760357177
|switch|p1a: Blaziken|Blaziken, F|100/100
|-damage|p1a: Blaziken|88/100|[from] Stealth Rock
|turn|21
|
|t:|1760357187
|move|p2a: Revavroom|High Horsepower|p1a: Blaziken
|-supereffective|p1a: Blaziken
|-damage|p1a: Blaziken|0 fnt
|faint|p1a: Blaziken
|
|-heal|p2a: Revavroom|68/100|[from] item: Leftovers
|upkeep
|
|t:|1760357190
|switch|p1a: Flygon|Flygon, M|89/100
|-damage|p1a: Flygon|83/100|[from] Stealth Rock
|turn|22
|
|t:|1760357192
|move|p2a: Revavroom|Tera Blast|p1a: Flygon|[anim] Tera Blast Ice
|-supereffective|p1a: Flygon
|-damage|p1a: Flygon|0 fnt
|faint|p1a: Flygon
|
|win|Overgame00
|raw|lilyleite's rating: 1338 &rarr; <strong>1321</strong><br />(-17 for losing)
|raw|Overgame00's rating: 1386 &rarr; <strong>1403</strong><br />(+17 for winning)
|l|☆Overgame00
|player|p2|
