|j|☆zeeeth
|j|☆SirSleepy
|t:|1760335869
|gametype|singles
|player|p1|zeeeth|veteran|1321
|player|p2|SirSleepy|ltsurge|1280
|gen|9
|tier|[Gen 9] OU
|rated|
|rule|HP Percentage Mod: HP is shown in percentages
|rule|Endless Battle Clause: Forcing endless battles is banned
|rule|Species Clause: Limit one of each Pokémon
|rule|OHKO Clause: OHKO moves are banned
|rule|Evasion Items Clause: Evasion items are banned
|rule|Evasion Moves Clause: Evasion moves are banned
|rule|Evasion Abilities Clause: Evasion abilities are banned
|rule|Sleep Moves Clause: Sleep-inducing moves are banned
|clearpoke
|poke|p1|Glimmora, F|
|poke|p1|Gengar, F|
|poke|p1|Kingambit, M|
|poke|p1|Cloyster, F|
|poke|p1|Grimmsnarl, M|
|poke|p1|Ribombee, M|
|poke|p2|Scizor, M|
|poke|p2|Tornadus-Therian, M|
|poke|p2|Zamazenta-*|
|poke|p2|Garganacl, F|
|poke|p2|Alomomola, F|
|poke|p2|Darkrai|
|teampreview
|inactive|Battle timer is ON: inactive players will automatically lose when time's up. (requested by SirSleepy)
|
|t:|1760335879
|teamsize|p1|6
|teamsize|p2|6
|start
|switch|p1a: Ribombee|Ribombee, M|100/100
|switch|p2a: Mihawk|Tornadus-Therian, M|100/100
|turn|1
|
|t:|1760335888
|move|p2a: Mihawk|Bleakwind Storm|p1a: Ribombee
|-supereffective|p1a: Ribombee
|-enditem|p1a: Ribombee|Focus Sash
|-damage|p1a: Ribombee|1/100
|move|p1a: Ribombee|Sticky Web|p2a: Mihawk
|-sidestart|p2: SirSleepy|move: Sticky Web
|
|upkeep
|turn|2
|
|t:|1760335895
|move|p2a: Mihawk|Knock Off|p1a: Ribombee
|-resisted|p1a: Ribombee
|-damage|p1a: Ribombee|0 fnt
|faint|p1a: Ribombee
|
|upkeep
|
|t:|1760335900
|switch|p1a: Glimmora|Glimmora, F|100/100
|turn|3
|
|t:|1760335910
|move|p2a: Mihawk|Knock Off|p1a: Glimmora
|-damage|p1a: Glimmora|80/100
|-activate|p1a: Glimmora|ability: Toxic Debris
|-sidestart|p2: SirSleepy|move: Toxic Spikes
|-enditem|p1a: Glimmora|Power Herb|[from] move: Knock Off|[of] p2a: Mihawk
|move|p1a: Glimmora|Meteor Beam||[still]
|-prepare|p1a: Glimmora|Meteor Beam
|-boost|p1a: Glimmora|spa|1
|
|upkeep
|turn|4
|
|t:|1760335925
|-terastallize|p2a: Mihawk|Steel
|move|p2a: Mihawk|Bleakwind Storm|p1a: Glimmora
|-resisted|p1a: Glimmora
|-damage|p1a: Glimmora|57/100
|-unboost|p1a: Glimmora|spe|1
|move|p1a: Glimmora|Meteor Beam|p2a: Mihawk|[from] lockedmove
|-resisted|p2a: Mihawk
|-damage|p2a: Mihawk|72/100
|
|upkeep
|turn|5
|
|t:|1760335939
|move|p2a: Mihawk|Bleakwind Storm|p1a: Glimmora
|-resisted|p1a: Glimmora
|-damage|p1a: Glimmora|33/100
|move|p1a: Glimmora|Stealth Rock|p2a: Mihawk
|-sidestart|p2: SirSleepy|move: Stealth Rock
|
|upkeep
|turn|6
|
|t:|1760335947
|move|p1a: Glimmora|Spiky Shield|p1a: Glimmora
|-singleturn|p1a: Glimmora|move: Protect
|move|p2a: Mihawk|Bleakwind Storm|p1a: Glimmora
|-activate|p1a: Glimmora|move: Protect
|
|upkeep
|turn|7
|
|t:|1760335969
|switch|p1a: Grimmsnarl|Grimmsnarl, M|100/100
|move|p2a: Mihawk|Bleakwind Storm|p1a: Grimmsnarl|[miss]
|-miss|p2a: Mihawk|p1a: Grimmsnarl
|
|upkeep
|turn|8
|
|t:|1760335976
|move|p1a: Grimmsnarl|Fake Out|p2a: Mihawk
|-resisted|p2a: Mihawk
|-damage|p2a: Mihawk|65/100
|cant|p2a: Mihawk|flinch
|
|upkeep
|turn|9
|
|t:|1760335985
|move|p1a: Grimmsnarl|Light Screen|p1a: Grimmsnarl
|-sidestart|p1: zeeeth|move: Light Screen
|move|p2a: Mihawk|Knock Off|p1a: Grimmsnarl
|-resisted|p1a: Grimmsnarl
|-damage|p1a: Grimmsnarl|94/100
|-enditem|p1a: Grimmsnarl|Light Clay|[from] move: Knock Off|[of] p2a: Mihawk
|
|upkeep
|turn|10
|
|t:|1760335991
|move|p1a: Grimmsnarl|Reflect|p1a: Grimmsnarl
|-sidestart|p1: zeeeth|Reflect
|move|p2a: Mihawk|Bleakwind Storm|p1a: Grimmsnarl
|-damage|p1a: Grimmsnarl|79/100
|
|upkeep
|turn|11
|
|t:|1760335996
|move|p1a: Grimmsnarl|Parting Shot|p2a: Mihawk
|-unboost|p2a: Mihawk|atk|1
|-unboost|p2a: Mihawk|spa|1
|
|t:|1760336005
|switch|p1a: Cloyster|Cloyster, F|100/100|[from] Parting Shot
|move|p2a: Mihawk|Bleakwind Storm|p1a: Cloyster
|-crit|p1a: Cloyster
|-damage|p1a: Cloyster|0 fnt
|faint|p1a: Cloyster
|
|upkeep
|
|t:|1760336015
|switch|p1a: Gengar|Gengar, F|100/100
|turn|12
|
|t:|1760336019
|move|p1a: Gengar|Focus Blast|p2a: Mihawk
|-supereffective|p2a: Mihawk
|-damage|p2a: Mihawk|6/100
|move|p2a: Mihawk|Knock Off|p1a: Gengar
|-supereffective|p1a: Gengar
|-damage|p1a: Gengar|69/100
|-enditem|p1a: Gengar|Choice Scarf|[from] move: Knock Off|[of] p2a: Mihawk
|
|upkeep
|turn|13
|
|t:|1760336030
|move|p2a: Mihawk|U-turn|p1a: Gengar
|-resisted|p1a: Gengar
|-damage|p1a: Gengar|67/100
|
|t:|1760336045
|switch|p2a: Dwayne|Garganacl, F|100/100|[from] U-turn
|-activate|p2a: Dwayne|move: Sticky Web
|-unboost|p2a: Dwayne|spe|1
|-damage|p2a: Dwayne|88/100|[from] Stealth Rock
|move|p1a: Gengar|Shadow Ball|p2a: Dwayne
|-damage|p2a: Dwayne|73/100
|
|-heal|p2a: Dwayne|79/100|[from] item: Leftovers
|upkeep
|turn|14
|
|t:|1760336063
|move|p1a: Gengar|Focus Blast|p2a: Dwayne
|-supereffective|p2a: Dwayne
|-damage|p2a: Dwayne|20/100
|-unboost|p2a: Dwayne|spd|1
|move|p2a: Dwayne|Salt Cure|p1a: Gengar
|-damage|p1a: Gengar|53/100
|-start|p1a: Gengar|Salt Cure
|
|-heal|p2a: Dwayne|26/100|[from] item: Leftovers
|-damage|p1a: Gengar|41/100|[from] Salt Cure
|-sideend|p1: zeeeth|Reflect
|upkeep
|turn|15
|
|t:|1760336073
|move|p2a: Dwayne|Protect|p2a: Dwayne
|-singleturn|p2a: Dwayne|Protect
|move|p1a: Gengar|Shadow Ball|p2a: Dwayne
|-activate|p2a: Dwayne|move: Protect
|
|-heal|p2a: Dwayne|32/100|[from] item: Leftovers
|-damage|p1a: Gengar|28/100|[from] Salt Cure
|upkeep
|turn|16
|
|t:|1760336081
|move|p1a: Gengar|Focus Blast|p2a: Dwayne
|-supereffective|p2a: Dwayne
|-damage|p2a: Dwayne|0 fnt
|faint|p2a: Dwayne
|
|-damage|p1a: Gengar|16/100|[from] Salt Cure
|-sideend|p1: zeeeth|move: Light Screen
|upkeep
|
|t:|1760336092
|switch|p2a: Inuyasha|Zamazenta|100/100
|-ability|p2a: Inuyasha|Dauntless Shield|boost
|-boost|p2a: Inuyasha|def|1
|turn|17
|
|t:|1760336099
|move|p2a: Inuyasha|Crunch|p1a: Gengar
|-supereffective|p1a: Gengar
|-damage|p1a: Gengar|0 fnt
|-start|p2a: Inuyasha|Disable|Crunch|[from] ability: Cursed Body|[of] p1a: Gengar
|faint|p1a: Gengar
|
|upkeep
|
|t:|1760336106
|switch|p1a: Glimmora|Glimmora, F|33/100
|turn|18
|
|t:|1760336113
|move|p2a: Inuyasha|Stone Edge|p1a: Glimmora
|-damage|p1a: Glimmora|1/100
|-activate|p1a: Glimmora|ability: Toxic Debris
|-sidestart|p2: SirSleepy|move: Toxic Spikes
|move|p1a: Glimmora|Mortal Spin|p2a: Inuyasha
|-damage|p2a: Inuyasha|96/100
|-status|p2a: Inuyasha|psn
|
|-damage|p2a: Inuyasha|84/100 psn|[from] psn
|upkeep
|turn|19
|
|t:|1760336127
|switch|p2a: Mihawk|Tornadus-Therian, M, tera:Steel|39/100
|-activate|p2a: Mihawk|move: Sticky Web
|-unboost|p2a: Mihawk|spe|1
|-damage|p2a: Mihawk|33/100|[from] Stealth Rock
|move|p1a: Glimmora|Spiky Shield||[still]
|-fail|p1a: Glimmora
|
|upkeep
|turn|20
|
|t:|1760336135
|switch|p2a: Halibut|Alomomola, F|100/100
|move|p1a: Glimmora|Spiky Shield||[still]
|-fail|p1a: Glimmora
|
|upkeep
|turn|21
|
|t:|1760336141
|switch|p2a: Mihawk|Tornadus-Therian, M, tera:Steel|67/100
|-activate|p2a: Mihawk|move: Sticky Web
|-unboost|p2a: Mihawk|spe|1
|-damage|p2a: Mihawk|60/100|[from] Stealth Rock
|move|p1a: Glimmora|Mortal Spin|p2a: Mihawk
|-immune|p2a: Mihawk
|
|upkeep
|turn|22
|
|t:|1760336151
|move|p1a: Glimmora|Mortal Spin|p2a: Mihawk
|-immune|p2a: Mihawk
|move|p2a: Mihawk|Heat Wave|p1a: Glimmora
|-resisted|p1a: Glimmora
|-damage|p1a: Glimmora|0 fnt
|faint|p1a: Glimmora
|
|upkeep
|
|t:|1760336158
|switch|p1a: Grimmsnarl|Grimmsnarl, M|79/100
|turn|23
|
|t:|1760336162
|move|p1a: Grimmsnarl|Fake Out|p2a: Mihawk
|-resisted|p2a: Mihawk
|-damage|p2a: Mihawk|54/100
|cant|p2a: Mihawk|flinch
|
|upkeep
|turn|24
|
|t:|1760336169
|move|p1a: Grimmsnarl|Light Screen|p1a: Grimmsnarl
|-sidestart|p1: zeeeth|move: Light Screen
|move|p2a: Mihawk|Bleakwind Storm|p1a: Grimmsnarl
|-damage|p1a: Grimmsnarl|66/100
|-unboost|p1a: Grimmsnarl|spe|1
|
|upkeep
|turn|25
|
|t:|1760336181
|switch|p2a: Firefly|Scizor, M|100/100
|-activate|p2a: Firefly|move: Sticky Web
|-unboost|p2a: Firefly|spe|1
|-damage|p2a: Firefly|88/100|[from] Stealth Rock
|move|p1a: Grimmsnarl|Reflect|p1a: Grimmsnarl
|-sidestart|p1: zeeeth|Reflect
|
|-heal|p2a: Firefly|94/100|[from] item: Leftovers
|upkeep
|turn|26
|
|t:|1760336199
|move|p1a: Grimmsnarl|Parting Shot|p2a: Firefly
|-unboost|p2a: Firefly|atk|1
|-unboost|p2a: Firefly|spa|1
|
|t:|1760336202
|switch|p1a: Kingambit|Kingambit, M|100/100|[from] Parting Shot
|-activate|p1a: Kingambit|ability: Supreme Overlord
|-start|p1a: Kingambit|fallen4|[silent]
|-item|p1a: Kingambit|Air Balloon
|move|p2a: Firefly|Close Combat|p1a: Kingambit
|-supereffective|p1a: Kingambit
|-damage|p1a: Kingambit|53/100
|-unboost|p2a: Firefly|def|1
|-unboost|p2a: Firefly|spd|1
|-enditem|p1a: Kingambit|Air Balloon
|
|-heal|p2a: Firefly|99/100|[from] item: Leftovers
|upkeep
|turn|27
|
|t:|1760336222
|move|p1a: Kingambit|Low Kick|p2a: Firefly
|-damage|p2a: Firefly|13/100
|move|p2a: Firefly|Close Combat|p1a: Kingambit
|-supereffective|p1a: Kingambit
|-damage|p1a: Kingambit|5/100
|-unboost|p2a: Firefly|def|1
|-unboost|p2a: Firefly|spd|1
|
|-heal|p2a: Firefly|19/100|[from] item: Leftovers
|upkeep
|turn|28
|
|t:|1760336234
|switch|p2a: Halibut|Alomomola, F|100/100
|move|p1a: Kingambit|Iron Head|p2a: Halibut
|-resisted|p2a: Halibut
|-damage|p2a: Halibut|82/100
|
|-sideend|p1: zeeeth|move: Light Screen
|upkeep
|turn|29
|
|t:|1760336245
|move|p1a: Kingambit|Sucker Punch|p2a: Halibut
|-damage|p2a: Halibut|50/100
|move|p2a: Halibut|Flip Turn|p1a: Kingambit
|-damage|p1a: Kingambit|0 fnt
|faint|p1a: Kingambit
|-end|p1a: Kingambit|fallen4|[silent]
|-message|zeeeth forfeited.
|
|win|SirSleepy
|raw|zeeeth's rating: 1321 &rarr; <strong>1299</strong><br />(-22 for losing)
|raw|SirSleepy's rating: 1280 &rarr; <strong>1308</strong><br />(+28 for winning)
|l|☆zeeeth
|player|p1|
|l|☆SirSleepy
|player|p2|
