|j|☆Yz99999
|j|☆Christendom
|t:|1760372657
|gametype|singles
|player|p1|Yz99999|169|1560
|player|p2|Christendom|yellow|1637
|gen|9
|tier|[Gen 9] OU
|rated|
|rule|HP Percentage Mod: HP is shown in percentages
|rule|Endless Battle Clause: Forcing endless battles is banned
|rule|Species Clause: Limit one of each Pokémon
|rule|OHKO Clause: OHKO moves are banned
|rule|Evasion Items Clause: Evasion items are banned
|rule|Evasion Moves Clause: Evasion moves are banned
|rule|Evasion Abilities Clause: Evasion abilities are banned
|rule|Sleep Moves Clause: Sleep-inducing moves are banned
|clearpoke
|poke|p1|Garganacl, F|
|poke|p1|Corviknight, F|
|poke|p1|Great Tusk|
|poke|p1|Scizor, F|
|poke|p1|Raging Bolt|
|poke|p1|Maushold|
|poke|p2|Kyurem|
|poke|p2|Dragapult, F|
|poke|p2|Goodra-Hisui, F|
|poke|p2|Cinderace, F|
|poke|p2|Alomomola, F|
|poke|p2|Landorus-Therian, M|
|teampreview
|inactive|Battle timer is ON: inactive players will automatically lose when time's up. (requested by Yz99999)
|
|t:|1760372666
|teamsize|p1|6
|teamsize|p2|6
|start
|switch|p1a: Great Tusk|Great Tusk|100/100
|switch|p2a: Dragapult|Dragapult, F|100/100
|turn|1
|
|t:|1760372671
|-end|p1a: Great Tusk|Protosynthesis|[silent]
|switch|p1a: Garganacl|Garganacl, F|100/100
|move|p2a: Dragapult|U-turn|p1a: Garganacl
|-damage|p1a: Garganacl|87/100
|
|t:|1760372683
|switch|p2a: Goodra|Goodra-Hisui, F|100/100|[from] U-turn
|
|-heal|p1a: Garganacl|93/100|[from] item: Leftovers
|upkeep
|turn|2
|
|t:|1760372687
|move|p1a: Garganacl|Protect|p1a: Garganacl
|-singleturn|p1a: Garganacl|Protect
|move|p2a: Goodra|Knock Off|p1a: Garganacl
|-activate|p1a: Garganacl|move: Protect
|
|-heal|p1a: Garganacl|99/100|[from] item: Leftovers
|upkeep
|turn|3
|
|t:|1760372692
|switch|p1a: Corviknight|Corviknight, F|100/100
|-ability|p1a: Corviknight|Pressure
|move|p2a: Goodra|Flash Cannon|p1a: Corviknight
|-resisted|p1a: Corviknight
|-damage|p1a: Corviknight|88/100
|-unboost|p1a: Corviknight|spd|1
|
|upkeep
|turn|4
|
|t:|1760372696
|switch|p2a: Landorus|Landorus-Therian, M|100/100
|-ability|p2a: Landorus|Intimidate|boost
|-unboost|p1a: Corviknight|atk|1
|move|p1a: Corviknight|U-turn|p2a: Landorus
|-resisted|p2a: Landorus
|-damage|p2a: Landorus|96/100
|-damage|p1a: Corviknight|71/100|[from] item: Rocky Helmet|[of] p2a: Landorus
|
|t:|1760372698
|switch|p1a: Great Tusk|Great Tusk|100/100|[from] U-turn
|
|upkeep
|turn|5
|
|t:|1760372701
|move|p2a: Landorus|U-turn|p1a: Great Tusk
|-resisted|p1a: Great Tusk
|-damage|p1a: Great Tusk|92/100
|
|t:|1760372704
|switch|p2a: Alomomola|Alomomola, F|100/100|[from] U-turn
|move|p1a: Great Tusk|Knock Off|p2a: Alomomola
|-damage|p2a: Alomomola|79/100
|-enditem|p2a: Alomomola|Heavy-Duty Boots|[from] move: Knock Off|[of] p1a: Great Tusk
|
|upkeep
|turn|6
|
|t:|1760372707
|-end|p1a: Great Tusk|Protosynthesis|[silent]
|switch|p1a: Raging Bolt|Raging Bolt|100/100
|move|p2a: Alomomola|Flip Turn|p1a: Raging Bolt
|-resisted|p1a: Raging Bolt
|-crit|p1a: Raging Bolt
|-damage|p1a: Raging Bolt|89/100
|
|t:|1760372710
|switch|p2a: Landorus|Landorus-Therian, M|96/100|[from] Flip Turn
|-ability|p2a: Landorus|Intimidate|boost
|-unboost|p1a: Raging Bolt|atk|1
|
|upkeep
|turn|7
|
|t:|1760372715
|-end|p1a: Raging Bolt|Protosynthesis|[silent]
|switch|p1a: Corviknight|Corviknight, F|71/100
|-ability|p1a: Corviknight|Pressure
|move|p2a: Landorus|Stealth Rock|p1a: Corviknight
|-sidestart|p1: Yz99999|move: Stealth Rock
|
|upkeep
|turn|8
|
|t:|1760372719
|move|p2a: Landorus|Taunt|p1a: Corviknight
|-start|p1a: Corviknight|move: Taunt
|move|p1a: Corviknight|U-turn|p2a: Landorus
|-resisted|p2a: Landorus
|-damage|p2a: Landorus|89/100
|-damage|p1a: Corviknight|55/100|[from] item: Rocky Helmet|[of] p2a: Landorus
|
|t:|1760372722
|switch|p1a: Great Tusk|Great Tusk|92/100|[from] U-turn
|
|upkeep
|turn|9
|
|t:|1760372728
|move|p2a: Landorus|U-turn|p1a: Great Tusk
|-resisted|p1a: Great Tusk
|-damage|p1a: Great Tusk|84/100
|
|t:|1760372729
|switch|p2a: Alomomola|Alomomola, F|100/100|[from] U-turn
|move|p1a: Great Tusk|Rapid Spin|p2a: Alomomola
|-damage|p2a: Alomomola|89/100
|-boost|p1a: Great Tusk|spe|1
|-sideend|p1: Yz99999|Stealth Rock|[from] move: Rapid Spin|[of] p1a: Great Tusk
|
|upkeep
|turn|10
|
|t:|1760372734
|-end|p1a: Great Tusk|Protosynthesis|[silent]
|switch|p1a: Corviknight|Corviknight, F|55/100
|-ability|p1a: Corviknight|Pressure
|move|p2a: Alomomola|Flip Turn|p1a: Corviknight
|-damage|p1a: Corviknight|42/100
|-damage|p2a: Alomomola|72/100|[from] item: Rocky Helmet|[of] p1a: Corviknight
|
|t:|1760372743
|switch|p2a: Goodra|Goodra-Hisui, F|100/100|[from] Flip Turn
|
|upkeep
|turn|11
|
|t:|1760372745
|move|p2a: Goodra|Knock Off|p1a: Corviknight
|-damage|p1a: Corviknight|25/100
|-damage|p2a: Goodra|84/100|[from] item: Rocky Helmet|[of] p1a: Corviknight
|-enditem|p1a: Corviknight|Rocky Helmet|[from] move: Knock Off|[of] p2a: Goodra
|move|p1a: Corviknight|Roost|p1a: Corviknight
|-heal|p1a: Corviknight|75/100
|-singleturn|p1a: Corviknight|move: Roost
|
|upkeep
|turn|12
|
|t:|1760372748
|move|p2a: Goodra|Flamethrower|p1a: Corviknight
|-supereffective|p1a: Corviknight
|-damage|p1a: Corviknight|31/100
|move|p1a: Corviknight|U-turn|p2a: Goodra
|-resisted|p2a: Goodra
|-damage|p2a: Goodra|77/100
|-ability|p2a: Goodra|Gooey
|-unboost|p1a: Corviknight|spe|1
|
|t:|1760372753
|switch|p1a: Great Tusk|Great Tusk|84/100|[from] U-turn
|
|upkeep
|turn|13
|
|t:|1760372756
|-end|p1a: Great Tusk|Protosynthesis|[silent]
|switch|p1a: Raging Bolt|Raging Bolt|89/100
|switch|p2a: Alomomola|Alomomola, F|100/100
|
|upkeep
|turn|14
|
|t:|1760372761
|switch|p2a: Goodra|Goodra-Hisui, F|77/100
|move|p1a: Raging Bolt|Volt Switch|p2a: Goodra
|-resisted|p2a: Goodra
|-damage|p2a: Goodra|65/100
|
|t:|1760372763
|-end|p1a: Raging Bolt|Protosynthesis|[silent]
|switch|p1a: Scizor|Scizor, F|100/100|[from] Volt Switch
|
|upkeep
|turn|15
|
|t:|1760372767
|switch|p2a: Alomomola|Alomomola, F|100/100
|move|p1a: Scizor|U-turn|p2a: Alomomola
|-damage|p2a: Alomomola|64/100
|
|t:|1760372769
|switch|p1a: Raging Bolt|Raging Bolt|89/100|[from] U-turn
|
|upkeep
|turn|16
|
|t:|1760372773
|switch|p2a: Goodra|Goodra-Hisui, F|65/100
|move|p1a: Raging Bolt|Volt Switch|p2a: Goodra
|-resisted|p2a: Goodra
|-crit|p2a: Goodra
|-damage|p2a: Goodra|43/100
|
|t:|1760372775
|-end|p1a: Raging Bolt|Protosynthesis|[silent]
|switch|p1a: Scizor|Scizor, F|100/100|[from] Volt Switch
|
|upkeep
|turn|17
|
|t:|1760372778
|switch|p2a: Alomomola|Alomomola, F|97/100
|move|p1a: Scizor|U-turn|p2a: Alomomola
|-damage|p2a: Alomomola|64/100
|
|t:|1760372780
|switch|p1a: Raging Bolt|Raging Bolt|89/100|[from] U-turn
|
|upkeep
|turn|18
|
|t:|1760372782
|move|p2a: Alomomola|Protect|p2a: Alomomola
|-singleturn|p2a: Alomomola|Protect
|move|p1a: Raging Bolt|Draco Meteor|p2a: Alomomola
|-activate|p2a: Alomomola|move: Protect
|
|upkeep
|turn|19
|
|t:|1760372791
|switch|p2a: Goodra|Goodra-Hisui, F|43/100
|move|p1a: Raging Bolt|Draco Meteor|p2a: Goodra
|-damage|p2a: Goodra|0 fnt
|-unboost|p1a: Raging Bolt|spa|2
|faint|p2a: Goodra
|
|upkeep
|
|t:|1760372797
|switch|p2a: Dragapult|Dragapult, F|100/100
|turn|20
|
|t:|1760372799
|-end|p1a: Raging Bolt|Protosynthesis|[silent]
|switch|p1a: Garganacl|Garganacl, F|99/100
|move|p2a: Dragapult|U-turn|p1a: Garganacl
|-damage|p1a: Garganacl|85/100
|
|t:|1760372806
|switch|p2a: Landorus|Landorus-Therian, M|89/100|[from] U-turn
|-ability|p2a: Landorus|Intimidate|boost
|-unboost|p1a: Garganacl|atk|1
|
|-heal|p1a: Garganacl|92/100|[from] item: Leftovers
|upkeep
|turn|21
|
|t:|1760372810
|move|p2a: Landorus|Stealth Rock|p1a: Garganacl
|-sidestart|p1: Yz99999|move: Stealth Rock
|move|p1a: Garganacl|Salt Cure|p2a: Landorus
|-damage|p2a: Landorus|81/100
|-start|p2a: Landorus|Salt Cure
|
|-heal|p1a: Garganacl|98/100|[from] item: Leftovers
|-damage|p2a: Landorus|68/100|[from] Salt Cure
|upkeep
|turn|22
|
|t:|1760372814
|move|p1a: Garganacl|Protect|p1a: Garganacl
|-singleturn|p1a: Garganacl|Protect
|move|p2a: Landorus|Earthquake|p1a: Garganacl
|-activate|p1a: Garganacl|move: Protect
|
|-heal|p1a: Garganacl|100/100|[from] item: Leftovers
|-damage|p2a: Landorus|56/100|[from] Salt Cure
|upkeep
|turn|23
|
|t:|1760372817
|switch|p1a: Great Tusk|Great Tusk|84/100
|move|p2a: Landorus|U-turn|p1a: Great Tusk
|-resisted|p1a: Great Tusk
|-crit|p1a: Great Tusk
|-damage|p1a: Great Tusk|72/100
|
|t:|1760372820
|switch|p2a: Kyurem|Kyurem|100/100|[from] U-turn
|-ability|p2a: Kyurem|Pressure
|
|upkeep
|turn|24
|
|t:|1760372825
|-end|p1a: Great Tusk|Protosynthesis|[silent]
|switch|p1a: Scizor|Scizor, F|100/100
|-damage|p1a: Scizor|88/100|[from] Stealth Rock
|move|p2a: Kyurem|Substitute|p2a: Kyurem
|-start|p2a: Kyurem|Substitute
|-damage|p2a: Kyurem|75/100
|
|-heal|p2a: Kyurem|82/100|[from] item: Leftovers
|upkeep
|turn|25
|
|t:|1760372832
|move|p2a: Kyurem|Protect|p2a: Kyurem
|-singleturn|p2a: Kyurem|Protect
|move|p1a: Scizor|Bullet Punch|p2a: Kyurem
|-activate|p2a: Kyurem|move: Protect
|
|-heal|p2a: Kyurem|88/100|[from] item: Leftovers
|upkeep
|turn|26
|
|t:|1760372836
|switch|p2a: Alomomola|Alomomola, F|97/100
|move|p1a: Scizor|Bullet Punch|p2a: Alomomola
|-resisted|p2a: Alomomola
|-damage|p2a: Alomomola|81/100
|
|upkeep
|turn|27
|
|t:|1760372838
|switch|p1a: Raging Bolt|Raging Bolt|89/100
|-damage|p1a: Raging Bolt|77/100|[from] Stealth Rock
|move|p2a: Alomomola|Flip Turn|p1a: Raging Bolt
|-resisted|p1a: Raging Bolt
|-damage|p1a: Raging Bolt|69/100
|
|t:|1760372843
|switch|p2a: Kyurem|Kyurem|88/100|[from] Flip Turn
|-ability|p2a: Kyurem|Pressure
|
|-heal|p2a: Kyurem|94/100|[from] item: Leftovers
|upkeep
|turn|28
|
|t:|1760372847
|-end|p1a: Raging Bolt|Protosynthesis|[silent]
|switch|p1a: Scizor|Scizor, F|88/100
|-damage|p1a: Scizor|76/100|[from] Stealth Rock
|move|p2a: Kyurem|Substitute|p2a: Kyurem
|-start|p2a: Kyurem|Substitute
|-damage|p2a: Kyurem|69/100
|
|-heal|p2a: Kyurem|75/100|[from] item: Leftovers
|upkeep
|turn|29
|
|t:|1760372849
|move|p2a: Kyurem|Protect|p2a: Kyurem
|-singleturn|p2a: Kyurem|Protect
|move|p1a: Scizor|Bullet Punch|p2a: Kyurem
|-activate|p2a: Kyurem|move: Protect
|
|-heal|p2a: Kyurem|81/100|[from] item: Leftovers
|upkeep
|turn|30
|
|t:|1760372858
|move|p1a: Scizor|Bullet Punch|p2a: Kyurem
|-supereffective|p2a: Kyurem
|-end|p2a: Kyurem|Substitute
|move|p2a: Kyurem|Icicle Spear|p1a: Scizor
|-resisted|p1a: Scizor
|-damage|p1a: Scizor|69/100
|-resisted|p1a: Scizor
|-damage|p1a: Scizor|63/100
|-hitcount|p1a: Scizor|2
|
|-heal|p2a: Kyurem|88/100|[from] item: Leftovers
|upkeep
|turn|31
|
|t:|1760372861
|move|p2a: Kyurem|Protect|p2a: Kyurem
|-singleturn|p2a: Kyurem|Protect
|move|p1a: Scizor|Bullet Punch|p2a: Kyurem
|-activate|p2a: Kyurem|move: Protect
|
|-heal|p2a: Kyurem|94/100|[from] item: Leftovers
|upkeep
|turn|32
|
|t:|1760372862
|switch|p2a: Landorus|Landorus-Therian, M|56/100
|-ability|p2a: Landorus|Intimidate|boost
|-unboost|p1a: Scizor|atk|1
|move|p1a: Scizor|Bullet Punch|p2a: Landorus
|-damage|p2a: Landorus|24/100
|-damage|p1a: Scizor|46/100|[from] item: Rocky Helmet|[of] p2a: Landorus
|
|upkeep
|turn|33
|
|t:|1760372869
|switch|p2a: Alomomola|Alomomola, F|100/100
|switch|p1a: Raging Bolt|Raging Bolt|69/100
|-damage|p1a: Raging Bolt|57/100|[from] Stealth Rock
|
|upkeep
|turn|34
|
|t:|1760372871
|move|p2a: Alomomola|Protect|p2a: Alomomola
|-singleturn|p2a: Alomomola|Protect
|move|p1a: Raging Bolt|Draco Meteor|p2a: Alomomola
|-activate|p2a: Alomomola|move: Protect
|
|upkeep
|turn|35
|
|t:|1760372875
|move|p1a: Raging Bolt|Draco Meteor|p2a: Alomomola
|-damage|p2a: Alomomola|0 fnt
|-unboost|p1a: Raging Bolt|spa|2
|faint|p2a: Alomomola
|
|upkeep
|
|t:|1760372883
|switch|p2a: Dragapult|Dragapult, F|100/100
|turn|36
|
|t:|1760372886
|move|p2a: Dragapult|U-turn|p1a: Raging Bolt
|-damage|p1a: Raging Bolt|38/100
|
|t:|1760372889
|switch|p2a: Cinderace|Cinderace, F|100/100|[from] U-turn
|move|p1a: Raging Bolt|Draco Meteor|p2a: Cinderace
|-damage|p2a: Cinderace|16/100
|-unboost|p1a: Raging Bolt|spa|2
|
|upkeep
|turn|37
|
|t:|1760372893
|-end|p1a: Raging Bolt|Protosynthesis|[silent]
|switch|p1a: Garganacl|Garganacl, F|100/100
|-damage|p1a: Garganacl|88/100|[from] Stealth Rock
|move|p2a: Cinderace|U-turn|p1a: Garganacl
|-start|p2a: Cinderace|typechange|Bug|[from] ability: Libero
|-damage|p1a: Garganacl|67/100
|
|t:|1760372897
|switch|p2a: Kyurem|Kyurem|94/100|[from] U-turn
|-ability|p2a: Kyurem|Pressure
|
|-heal|p2a: Kyurem|99/100|[from] item: Leftovers
|-heal|p1a: Garganacl|74/100|[from] item: Leftovers
|upkeep
|turn|38
|
|t:|1760372901
|switch|p1a: Scizor|Scizor, F|46/100
|-damage|p1a: Scizor|34/100|[from] Stealth Rock
|move|p2a: Kyurem|Icicle Spear|p1a: Scizor
|-resisted|p1a: Scizor
|-damage|p1a: Scizor|28/100
|-resisted|p1a: Scizor
|-damage|p1a: Scizor|21/100
|-hitcount|p1a: Scizor|2
|
|-heal|p2a: Kyurem|100/100|[from] item: Leftovers
|upkeep
|turn|39
|
|t:|1760372904
|move|p2a: Kyurem|Protect|p2a: Kyurem
|-singleturn|p2a: Kyurem|Protect
|move|p1a: Scizor|Bullet Punch|p2a: Kyurem
|-activate|p2a: Kyurem|move: Protect
|
|upkeep
|turn|40
|
|t:|1760372907
|switch|p2a: Landorus|Landorus-Therian, M|24/100
|-ability|p2a: Landorus|Intimidate|boost
|-unboost|p1a: Scizor|atk|1
|move|p1a: Scizor|Bullet Punch|p2a: Landorus
|-damage|p2a: Landorus|0 fnt
|-damage|p1a: Scizor|4/100|[from] item: Rocky Helmet|[of] p2a: Landorus
|faint|p2a: Landorus
|
|upkeep
|
|t:|1760372911
|switch|p2a: Dragapult|Dragapult, F|100/100
|turn|41
|
|t:|1760372914
|move|p1a: Scizor|Bullet Punch|p2a: Dragapult
|-damage|p2a: Dragapult|49/100
|move|p2a: Dragapult|Dragon Darts|p1a: Scizor
|-resisted|p1a: Scizor
|-damage|p1a: Scizor|0 fnt
|faint|p1a: Scizor
|
|upkeep
|
|t:|1760372919
|switch|p1a: Garganacl|Garganacl, F|74/100
|-damage|p1a: Garganacl|61/100|[from] Stealth Rock
|turn|42
|
|t:|1760372927
|move|p2a: Dragapult|Dragon Darts|p1a: Garganacl
|-damage|p1a: Garganacl|46/100
|-anim|p2a: Dragapult|Dragon Darts|p1a: Garganacl
|-damage|p1a: Garganacl|31/100
|move|p1a: Garganacl|Recover|p1a: Garganacl
|-heal|p1a: Garganacl|81/100
|
|-heal|p1a: Garganacl|87/100|[from] item: Leftovers
|upkeep
|turn|43
|
|t:|1760372931
|move|p2a: Dragapult|Dragon Darts|p1a: Garganacl
|-damage|p1a: Garganacl|73/100
|-anim|p2a: Dragapult|Dragon Darts|p1a: Garganacl
|-damage|p1a: Garganacl|59/100
|move|p1a: Garganacl|Salt Cure|p2a: Dragapult
|-damage|p2a: Dragapult|30/100
|-start|p2a: Dragapult|Salt Cure
|
|-heal|p1a: Garganacl|65/100|[from] item: Leftovers
|-damage|p2a: Dragapult|17/100|[from] Salt Cure
|upkeep
|turn|44
|
|t:|1760372937
|switch|p1a: Corviknight|Corviknight, F|31/100
|-damage|p1a: Corviknight|18/100|[from] Stealth Rock
|-ability|p1a: Corviknight|Pressure
|move|p2a: Dragapult|Hex|p1a: Corviknight
|-damage|p1a: Corviknight|0 fnt
|faint|p1a: Corviknight
|
|-damage|p2a: Dragapult|5/100|[from] Salt Cure
|upkeep
|
|t:|1760372948
|switch|p1a: Garganacl|Garganacl, F|65/100
|-damage|p1a: Garganacl|53/100|[from] Stealth Rock
|turn|45
|
|t:|1760372951
|move|p2a: Dragapult|Dragon Darts|p1a: Garganacl
|-damage|p1a: Garganacl|39/100
|-anim|p2a: Dragapult|Dragon Darts|p1a: Garganacl
|-damage|p1a: Garganacl|25/100
|move|p1a: Garganacl|Recover|p1a: Garganacl
|-heal|p1a: Garganacl|75/100
|
|-heal|p1a: Garganacl|81/100|[from] item: Leftovers
|-damage|p2a: Dragapult|0 fnt|[from] Salt Cure
|faint|p2a: Dragapult
|upkeep
|
|t:|1760372953
|switch|p2a: Kyurem|Kyurem|100/100
|-ability|p2a: Kyurem|Pressure
|turn|46
|
|t:|1760372955
|switch|p1a: Maushold|Maushold|100/100
|-damage|p1a: Maushold|88/100|[from] Stealth Rock
|move|p2a: Kyurem|Substitute|p2a: Kyurem
|-start|p2a: Kyurem|Substitute
|-damage|p2a: Kyurem|75/100
|
|-heal|p2a: Kyurem|82/100|[from] item: Leftovers
|upkeep
|turn|47
|
|t:|1760372964
|-terastallize|p1a: Maushold|Normal
|-terastallize|p2a: Kyurem|Ghost
|move|p1a: Maushold|Population Bomb|p2a: Kyurem
|-immune|p2a: Kyurem
|move|p2a: Kyurem|Dragon Dance|p2a: Kyurem
|-boost|p2a: Kyurem|atk|1
|-boost|p2a: Kyurem|spe|1
|
|-heal|p2a: Kyurem|88/100|[from] item: Leftovers
|upkeep
|turn|48
|
|t:|1760372971
|move|p2a: Kyurem|Dragon Dance|p2a: Kyurem
|-boost|p2a: Kyurem|atk|1
|-boost|p2a: Kyurem|spe|1
|move|p1a: Maushold|Bite|p2a: Kyurem
|-supereffective|p2a: Kyurem
|-end|p2a: Kyurem|Substitute
|
|-heal|p2a: Kyurem|94/100|[from] item: Leftovers
|upkeep
|turn|49
|
|t:|1760372974
|move|p2a: Kyurem|Protect|p2a: Kyurem
|-singleturn|p2a: Kyurem|Protect
|move|p1a: Maushold|Bite|p2a: Kyurem
|-activate|p2a: Kyurem|move: Protect
|
|-heal|p2a: Kyurem|99/100|[from] item: Leftovers
|upkeep
|turn|50
|
|t:|1760372984
|move|p2a: Kyurem|Icicle Spear|p1a: Maushold
|-damage|p1a: Maushold|44/100
|-damage|p1a: Maushold|7/100
|-hitcount|p1a: Maushold|2
|move|p1a: Maushold|Bite|p2a: Kyurem
|-supereffective|p2a: Kyurem
|-damage|p2a: Kyurem|58/100
|
|-heal|p2a: Kyurem|64/100|[from] item: Leftovers
|upkeep
|turn|51
|
|t:|1760372992
|move|p2a: Kyurem|Protect|p2a: Kyurem
|-singleturn|p2a: Kyurem|Protect
|move|p1a: Maushold|Tidy Up|p1a: Maushold
|-sideend|p1: Yz99999|Stealth Rock
|-activate|p1a: Maushold|move: Tidy Up
|-boost|p1a: Maushold|atk|1
|-boost|p1a: Maushold|spe|1
|
|-heal|p2a: Kyurem|70/100|[from] item: Leftovers
|upkeep
|turn|52
|
|t:|1760372995
|move|p2a: Kyurem|Icicle Spear|p1a: Maushold
|-damage|p1a: Maushold|0 fnt
|faint|p1a: Maushold
|-hitcount|p1: Maushold|1
|
|-heal|p2a: Kyurem|76/100|[from] item: Leftovers
|upkeep
|
|t:|1760373000
|switch|p1a: Garganacl|Garganacl, F|81/100
|turn|53
|
|t:|1760373003
|move|p2a: Kyurem|Substitute|p2a: Kyurem
|-start|p2a: Kyurem|Substitute
|-damage|p2a: Kyurem|51/100
|move|p1a: Garganacl|Earthquake|p2a: Kyurem
|-activate|p2a: Kyurem|move: Substitute|[damage]
|
|-heal|p2a: Kyurem|57/100|[from] item: Leftovers
|-heal|p1a: Garganacl|87/100|[from] item: Leftovers
|upkeep
|turn|54
|
|t:|1760373006
|move|p2a: Kyurem|Protect|p2a: Kyurem
|-singleturn|p2a: Kyurem|Protect
|move|p1a: Garganacl|Earthquake|p2a: Kyurem
|-activate|p2a: Kyurem|move: Protect
|
|-heal|p2a: Kyurem|64/100|[from] item: Leftovers
|-heal|p1a: Garganacl|94/100|[from] item: Leftovers
|upkeep
|turn|55
|
|t:|1760373008
|move|p2a: Kyurem|Dragon Dance|p2a: Kyurem
|-boost|p2a: Kyurem|atk|1
|-boost|p2a: Kyurem|spe|1
|move|p1a: Garganacl|Earthquake|p2a: Kyurem
|-end|p2a: Kyurem|Substitute
|
|-heal|p2a: Kyurem|70/100|[from] item: Leftovers
|-heal|p1a: Garganacl|99/100|[from] item: Leftovers
|upkeep
|turn|56
|-message|Yz99999 forfeited.
|
|win|Christendom
|raw|Yz99999's rating: 1560 &rarr; <strong>1544</strong><br />(-16 for losing)
|raw|Christendom's rating: 1637 &rarr; <strong>1653</strong><br />(+16 for winning)
|l|☆Yz99999
|player|p1|
|l|☆Christendom
|player|p2|
