|j|☆igorcda
|j|☆drop a baby
|t:|1760458019
|gametype|singles
|player|p1|igorcda|richboy-gen4|1674
|player|p2|drop a baby|chase|1846
|gen|9
|tier|[Gen 9] OU
|rated|
|rule|HP Percentage Mod: HP is shown in percentages
|rule|Endless Battle Clause: Forcing endless battles is banned
|rule|Species Clause: Limit one of each Pokémon
|rule|OHKO Clause: OHKO moves are banned
|rule|Evasion Items Clause: Evasion items are banned
|rule|Evasion Moves Clause: Evasion moves are banned
|rule|Evasion Abilities Clause: Evasion abilities are banned
|rule|Sleep Moves Clause: Sleep-inducing moves are banned
|clearpoke
|poke|p1|Dragapult, M|
|poke|p1|Pawmot, M|
|poke|p1|Empoleon, M|
|poke|p1|Ursaluna, M|
|poke|p1|Lokix, M|
|poke|p1|Slowbro, M|
|poke|p2|Darkrai|
|poke|p2|Deoxys-Speed|
|poke|p2|Raging Bolt|
|poke|p2|Kingambit, F|
|poke|p2|Iron Valiant|
|poke|p2|Great Tusk|
|teampreview
|inactive|Battle timer is ON: inactive players will automatically lose when time's up. (requested by igorcda)
|j| CorvusSumten
|c|☆drop a baby|Hf big bro
|
|t:|1760458038
|teamsize|p1|6
|teamsize|p2|6
|start
|switch|p1a: Kingpoleon|Empoleon, M, shiny|100/100
|switch|p2a: Deoxys|Deoxys-Speed|100/100
|-ability|p2a: Deoxys|Pressure
|turn|1
|
|t:|1760458043
|move|p2a: Deoxys|Superpower|p1a: Kingpoleon
|-supereffective|p1a: Kingpoleon
|-damage|p1a: Kingpoleon|22/100
|-unboost|p2a: Deoxys|atk|1
|-unboost|p2a: Deoxys|def|1
|-damage|p2a: Deoxys|91/100|[from] item: Life Orb
|move|p1a: Kingpoleon|Hydro Pump|p2a: Deoxys
|-damage|p2a: Deoxys|0 fnt
|faint|p2a: Deoxys
|
|upkeep
|
|t:|1760458054
|switch|p2a: Darkrai|Darkrai|100/100
|turn|2
|
|t:|1760458058
|move|p1a: Kingpoleon|Vacuum Wave|p2a: Darkrai
|-supereffective|p2a: Darkrai
|-damage|p2a: Darkrai|62/100
|move|p2a: Darkrai|Dark Pulse|p1a: Kingpoleon
|-damage|p1a: Kingpoleon|0 fnt
|faint|p1a: Kingpoleon
|
|upkeep
|
|t:|1760458061
|switch|p1a: PaulMot|Pawmot, M|100/100
|turn|3
|
|t:|1760458072
|move|p1a: PaulMot|Mach Punch|p2a: Darkrai
|-supereffective|p2a: Darkrai
|-damage|p2a: Darkrai|0 fnt
|faint|p2a: Darkrai
|
|upkeep
|
|t:|1760458074
|switch|p2a: Great Tusk|Great Tusk|100/100
|-enditem|p2a: Great Tusk|Booster Energy
|-activate|p2a: Great Tusk|ability: Protosynthesis|[fromitem]
|-start|p2a: Great Tusk|protosynthesisspe
|turn|4
|
|t:|1760458077
|switch|p1a: Slowbro|Slowbro, M, shiny|100/100
|move|p2a: Great Tusk|Bulk Up|p2a: Great Tusk
|-boost|p2a: Great Tusk|atk|1
|-boost|p2a: Great Tusk|def|1
|
|upkeep
|turn|5
|
|t:|1760458080
|move|p2a: Great Tusk|Taunt|p1a: Slowbro
|-start|p1a: Slowbro|move: Taunt
|cant|p1a: Slowbro|move: Taunt|Trick Room
|
|upkeep
|turn|6
|
|t:|1760458084
|move|p2a: Great Tusk|Headlong Rush|p1a: Slowbro
|-damage|p1a: Slowbro|37/100
|-unboost|p2a: Great Tusk|def|1
|-unboost|p2a: Great Tusk|spd|1
|move|p1a: Slowbro|Psyshock|p2a: Great Tusk
|-supereffective|p2a: Great Tusk
|-damage|p2a: Great Tusk|49/100
|
|upkeep
|turn|7
|
|t:|1760458094
|switch|p1a: Lokix|Lokix, M, shiny|100/100
|move|p2a: Great Tusk|Bulk Up|p2a: Great Tusk
|-boost|p2a: Great Tusk|atk|1
|-boost|p2a: Great Tusk|def|1
|
|upkeep
|turn|8
|
|t:|1760458101
|move|p2a: Great Tusk|Head Smash|p1a: Lokix
|-supereffective|p1a: Lokix
|-damage|p1a: Lokix|0 fnt
|faint|p1a: Lokix
|-damage|p2a: Great Tusk|16/100|[from] Recoil
|
|upkeep
|
|t:|1760458110
|switch|p1a: PaulMot|Pawmot, M|100/100
|turn|9
|
|t:|1760458113
|move|p1a: PaulMot|Fake Out|p2a: Great Tusk
|-damage|p2a: Great Tusk|11/100
|cant|p2a: Great Tusk|flinch
|
|upkeep
|turn|10
|
|t:|1760458124
|-terastallize|p1a: PaulMot|Stellar
|move|p1a: PaulMot|Mach Punch|p2a: Great Tusk
|-damage|p2a: Great Tusk|0 fnt
|faint|p2a: Great Tusk
|-end|p2a: Great Tusk|Protosynthesis|[silent]
|
|upkeep
|
|t:|1760458128
|switch|p2a: Iron Valiant|Iron Valiant|100/100
|-enditem|p2a: Iron Valiant|Booster Energy
|-activate|p2a: Iron Valiant|ability: Quark Drive|[fromitem]
|-start|p2a: Iron Valiant|quarkdrivespe
|turn|11
|
|t:|1760458132
|switch|p1a: Slowbro|Slowbro, M, shiny|70/100
|move|p2a: Iron Valiant|Calm Mind|p2a: Iron Valiant
|-boost|p2a: Iron Valiant|spa|1
|-boost|p2a: Iron Valiant|spd|1
|
|upkeep
|turn|12
|
|t:|1760458137
|-terastallize|p2a: Iron Valiant|Ghost
|move|p2a: Iron Valiant|Shadow Ball|p1a: Slowbro
|-supereffective|p1a: Slowbro
|-damage|p1a: Slowbro|0 fnt
|faint|p1a: Slowbro
|
|upkeep
|
|t:|1760458149
|switch|p1a: Ursaluno|Ursaluna, M, shiny|100/100
|turn|13
|
|t:|1760458152
|move|p2a: Iron Valiant|Moonblast|p1a: Ursaluno
|-damage|p1a: Ursaluno|34/100
|-unboost|p1a: Ursaluno|spa|1
|move|p1a: Ursaluno|Earthquake|p2a: Iron Valiant
|-damage|p2a: Iron Valiant|18/100
|
|-status|p1a: Ursaluno|brn|[from] item: Flame Orb
|upkeep
|turn|14
|
|t:|1760458158
|move|p2a: Iron Valiant|Vacuum Wave|p1a: Ursaluno
|-supereffective|p1a: Ursaluno
|-damage|p1a: Ursaluno|0 fnt
|faint|p1a: Ursaluno
|
|upkeep
|
|t:|1760458163
|switch|p1a: Cataputa|Dragapult, M|100/100
|turn|15
|
|t:|1760458164
|move|p1a: Cataputa|Sucker Punch|p2a: Iron Valiant
|-supereffective|p2a: Iron Valiant
|-damage|p2a: Iron Valiant|0 fnt
|faint|p2a: Iron Valiant
|-end|p2a: Iron Valiant|Quark Drive|[silent]
|-damage|p1a: Cataputa|91/100|[from] item: Life Orb
|
|upkeep
|
|t:|1760458169
|switch|p2a: Kingambit|Kingambit, F|100/100
|-activate|p2a: Kingambit|ability: Supreme Overlord
|-start|p2a: Kingambit|fallen4|[silent]
|turn|16
|
|t:|1760458171
|switch|p1a: PaulMot|Pawmot, M, tera:Stellar|100/100
|move|p2a: Kingambit|Kowtow Cleave|p1a: PaulMot
|-resisted|p1a: PaulMot
|-damage|p1a: PaulMot|26/100
|
|upkeep
|turn|17
|
|t:|1760458175
|move|p1a: PaulMot|Mach Punch|p2a: Kingambit
|-supereffective|p2a: Kingambit
|-damage|p2a: Kingambit|9/100
|move|p2a: Kingambit|Kowtow Cleave|p1a: PaulMot
|-resisted|p1a: PaulMot
|-damage|p1a: PaulMot|0 fnt
|faint|p1a: PaulMot
|
|upkeep
|
|t:|1760458177
|switch|p1a: Cataputa|Dragapult, M|91/100
|turn|18
|
|t:|1760458186
|move|p1a: Cataputa|Sucker Punch||[still]
|-fail|p1a: Cataputa
|move|p2a: Kingambit|Swords Dance|p2a: Kingambit
|-boost|p2a: Kingambit|atk|2
|
|upkeep
|turn|19
|
|t:|1760458189
|move|p1a: Cataputa|Sucker Punch||[still]
|-fail|p1a: Cataputa
|move|p2a: Kingambit|Swords Dance|p2a: Kingambit
|-boost|p2a: Kingambit|atk|2
|
|upkeep
|turn|20
|
|t:|1760458191
|move|p1a: Cataputa|Dragon Darts|p2a: Kingambit
|-resisted|p2a: Kingambit
|-damage|p2a: Kingambit|0 fnt
|faint|p2a: Kingambit
|-end|p2a: Kingambit|fallen4|[silent]
|-damage|p1a: Cataputa|81/100|[from] item: Life Orb
|
|upkeep
|
|t:|1760458193
|switch|p2a: Raging Bolt|Raging Bolt|100/100
|-enditem|p2a: Raging Bolt|Booster Energy
|-activate|p2a: Raging Bolt|ability: Protosynthesis|[fromitem]
|-start|p2a: Raging Bolt|protosynthesisspa
|turn|21
|
|t:|1760458196
|move|p1a: Cataputa|Dragon Darts|p2a: Raging Bolt
|-supereffective|p2a: Raging Bolt
|-damage|p2a: Raging Bolt|37/100
|-anim|p1a: Cataputa|Dragon Darts|p2a: Raging Bolt
|-supereffective|p2a: Raging Bolt
|-damage|p2a: Raging Bolt|0 fnt
|faint|p2a: Raging Bolt
|-end|p2a: Raging Bolt|Protosynthesis|[silent]
|-damage|p1a: Cataputa|71/100|[from] item: Life Orb
|
|win|igorcda
|raw|igorcda's rating: 1674 &rarr; <strong>1703</strong><br />(+29 for winning)
|raw|drop a baby's rating: 1846 &rarr; <strong>1817</strong><br />(-29 for losing)
|l|☆drop a baby
|player|p2|
|l|☆igorcda
|player|p1|
|l| CorvusSumten
