|j|☆rowlet13tb
|j|☆sgCURRY3
|t:|1760336867
|gametype|singles
|player|p1|rowlet13tb|alder|1151
|player|p2|sgCURRY3|cynthia|1201
|gen|9
|tier|[Gen 9] OU
|rated|
|rule|HP Percentage Mod: HP is shown in percentages
|rule|Endless Battle Clause: Forcing endless battles is banned
|rule|Species Clause: Limit one of each Pokémon
|rule|OHKO Clause: OHKO moves are banned
|rule|Evasion Items Clause: Evasion items are banned
|rule|Evasion Moves Clause: Evasion moves are banned
|rule|Evasion Abilities Clause: Evasion abilities are banned
|rule|Sleep Moves Clause: Sleep-inducing moves are banned
|clearpoke
|poke|p1|Alcremie, F|
|poke|p1|Great Tusk|
|poke|p1|Sinistcha-Masterpiece|
|poke|p1|Greninja-*, M|
|poke|p1|Talonflame, F|
|poke|p1|Scizor, M|
|poke|p2|Greninja-*, M|
|poke|p2|Glimmora, F|
|poke|p2|Gholdengo|
|poke|p2|Great Tusk|
|poke|p2|Dragonite, M|
|poke|p2|Dragapult, M|
|teampreview
|inactive|Battle timer is ON: inactive players will automatically lose when time's up. (requested by sgCURRY3)
|
|t:|1760336879
|teamsize|p1|6
|teamsize|p2|6
|start
|switch|p1a: Sinistcha|Sinistcha-Masterpiece|100/100
|switch|p2a: Dragapult|Dragapult, M, shiny|100/100
|turn|1
|
|t:|1760336888
|move|p2a: Dragapult|Shadow Ball|p1a: Sinistcha
|-supereffective|p1a: Sinistcha
|-damage|p1a: Sinistcha|0 fnt
|faint|p1a: Sinistcha
|
|upkeep
|
|t:|1760336895
|switch|p1a: Alcremie|Alcremie, F|100/100
|turn|2
|
|t:|1760336904
|switch|p2a: Glimmora|Glimmora, F|100/100
|move|p1a: Alcremie|Calm Mind|p1a: Alcremie
|-boost|p1a: Alcremie|spa|1
|-boost|p1a: Alcremie|spd|1
|
|upkeep
|turn|3
|
|t:|1760336917
|-terastallize|p1a: Alcremie|Psychic
|move|p2a: Glimmora|Mortal Spin|p1a: Alcremie
|-damage|p1a: Alcremie|94/100
|-status|p1a: Alcremie|psn
|move|p1a: Alcremie|Acid Armor|p1a: Alcremie
|-boost|p1a: Alcremie|def|2
|
|-heal|p1a: Alcremie|99/100 psn|[from] item: Leftovers
|-damage|p1a: Alcremie|88/100 psn|[from] psn
|upkeep
|turn|4
|
|t:|1760336929
|move|p2a: Glimmora|Stealth Rock|p1a: Alcremie
|-sidestart|p1: rowlet13tb|move: Stealth Rock
|move|p1a: Alcremie|Calm Mind|p1a: Alcremie
|-boost|p1a: Alcremie|spa|1
|-boost|p1a: Alcremie|spd|1
|
|-heal|p1a: Alcremie|94/100 psn|[from] item: Leftovers
|-damage|p1a: Alcremie|82/100 psn|[from] psn
|upkeep
|turn|5
|
|t:|1760336938
|move|p2a: Glimmora|Power Gem|p1a: Alcremie
|-damage|p1a: Alcremie|63/100 psn
|move|p1a: Alcremie|Calm Mind|p1a: Alcremie
|-boost|p1a: Alcremie|spa|1
|-boost|p1a: Alcremie|spd|1
|
|-heal|p1a: Alcremie|69/100 psn|[from] item: Leftovers
|-damage|p1a: Alcremie|56/100 psn|[from] psn
|upkeep
|turn|6
|
|t:|1760336948
|move|p2a: Glimmora|Power Gem|p1a: Alcremie
|-damage|p1a: Alcremie|41/100 psn
|move|p1a: Alcremie|Draining Kiss|p2a: Glimmora
|-resisted|p2a: Glimmora
|-damage|p2a: Glimmora|65/100
|-heal|p1a: Alcremie|66/100 psn|[from] drain|[of] p2a: Glimmora
|
|-heal|p1a: Alcremie|72/100 psn|[from] item: Leftovers
|-damage|p1a: Alcremie|59/100 psn|[from] psn
|upkeep
|turn|7
|
|t:|1760336965
|move|p2a: Glimmora|Power Gem|p1a: Alcremie
|-damage|p1a: Alcremie|44/100 psn
|move|p1a: Alcremie|Stored Power|p2a: Glimmora
|-supereffective|p2a: Glimmora
|-damage|p2a: Glimmora|0 fnt
|faint|p2a: Glimmora
|
|-heal|p1a: Alcremie|50/100 psn|[from] item: Leftovers
|-damage|p1a: Alcremie|38/100 psn|[from] psn
|upkeep
|
|t:|1760336986
|switch|p2a: Dragapult|Dragapult, M, shiny|100/100
|turn|8
|
|t:|1760336995
|-terastallize|p2a: Dragapult|Fairy
|move|p2a: Dragapult|Shadow Ball|p1a: Alcremie
|-supereffective|p1a: Alcremie
|-damage|p1a: Alcremie|2/100 psn
|move|p1a: Alcremie|Draining Kiss|p2a: Dragapult
|-crit|p2a: Dragapult
|-damage|p2a: Dragapult|0 fnt
|-heal|p1a: Alcremie|73/100 psn|[from] drain|[of] p2a: Dragapult
|faint|p2a: Dragapult
|
|-heal|p1a: Alcremie|79/100 psn|[from] item: Leftovers
|-damage|p1a: Alcremie|67/100 psn|[from] psn
|upkeep
|
|t:|1760337004
|switch|p2a: Gholdengo|Gholdengo|100/100
|-item|p2a: Gholdengo|Air Balloon
|turn|9
|
|t:|1760337013
|move|p2a: Gholdengo|Hex|p1a: Alcremie
|-supereffective|p1a: Alcremie
|-damage|p1a: Alcremie|18/100 psn
|move|p1a: Alcremie|Stored Power|p2a: Gholdengo
|-resisted|p2a: Gholdengo
|-crit|p2a: Gholdengo
|-damage|p2a: Gholdengo|0 fnt
|-enditem|p2a: Gholdengo|Air Balloon
|faint|p2a: Gholdengo
|
|-heal|p1a: Alcremie|24/100 psn|[from] item: Leftovers
|-damage|p1a: Alcremie|12/100 psn|[from] psn
|upkeep
|
|t:|1760337019
|switch|p2a: Dragonite|Dragonite, M|100/100
|turn|10
|
|t:|1760337030
|move|p2a: Dragonite|Earthquake|p1a: Alcremie
|-damage|p1a: Alcremie|0 fnt
|faint|p1a: Alcremie
|
|upkeep
|
|t:|1760337036
|switch|p1a: Scizor|Scizor, M|100/100
|-damage|p1a: Scizor|88/100|[from] Stealth Rock
|turn|11
|
|t:|1760337042
|move|p2a: Dragonite|Dragon Dance|p2a: Dragonite
|-boost|p2a: Dragonite|atk|1
|-boost|p2a: Dragonite|spe|1
|move|p1a: Scizor|Defog|p2a: Dragonite
|-unboost|p2a: Dragonite|evasion|1
|-sideend|p1: rowlet13tb|Stealth Rock|[from] move: Defog|[of] p1a: Scizor
|
|upkeep
|turn|12
|
|t:|1760337049
|move|p2a: Dragonite|Dragon Dance|p2a: Dragonite
|-boost|p2a: Dragonite|atk|1
|-boost|p2a: Dragonite|spe|1
|move|p1a: Scizor|Curse|p1a: Scizor
|-unboost|p1a: Scizor|spe|1
|-boost|p1a: Scizor|atk|1
|-boost|p1a: Scizor|def|1
|
|upkeep
|turn|13
|
|t:|1760337057
|switch|p2a: Greninja|Greninja, M|100/100
|move|p1a: Scizor|Curse|p1a: Scizor
|-unboost|p1a: Scizor|spe|1
|-boost|p1a: Scizor|atk|1
|-boost|p1a: Scizor|def|1
|
|upkeep
|turn|14
|
|t:|1760337065
|move|p1a: Scizor|Bullet Punch|p2a: Greninja
|-resisted|p2a: Greninja
|-damage|p2a: Greninja|47/100
|move|p2a: Greninja|Dark Pulse|p1a: Scizor
|-damage|p1a: Scizor|37/100
|-damage|p2a: Greninja|37/100|[from] item: Life Orb
|
|upkeep
|turn|15
|
|t:|1760337073
|move|p2a: Greninja|Water Shuriken|p1a: Scizor
|-damage|p1a: Scizor|26/100
|-damage|p1a: Scizor|15/100
|-hitcount|p1a: Scizor|2
|-damage|p2a: Greninja|27/100|[from] item: Life Orb
|move|p1a: Scizor|Bullet Punch|p2a: Greninja
|-resisted|p2a: Greninja
|-damage|p2a: Greninja|0 fnt
|faint|p2a: Greninja
|
|upkeep
|
|t:|1760337079
|switch|p2a: Great Tusk|Great Tusk|100/100
|turn|16
|
|t:|1760337085
|move|p1a: Scizor|Bullet Punch|p2a: Great Tusk
|-damage|p2a: Great Tusk|48/100
|move|p2a: Great Tusk|Rapid Spin|p1a: Scizor
|-resisted|p1a: Scizor
|-damage|p1a: Scizor|10/100
|-boost|p2a: Great Tusk|spe|1
|
|upkeep
|turn|17
|-message|sgCURRY3 forfeited.
|
|win|rowlet13tb
|raw|rowlet13tb's rating: 1151 &rarr; <strong>1180</strong><br />(+29 for winning)
|raw|sgCURRY3's rating: 1201 &rarr; <strong>1172</strong><br />(-29 for losing)
|l|☆sgCURRY3
|player|p2|
|l|☆rowlet13tb
|player|p1|
