|j|☆Crocodile E
|j|☆kinsword
|t:|1760362758
|gametype|singles
|player|p1|Crocodile E|boarder|1404
|player|p2|kinsword|101|1495
|gen|9
|tier|[Gen 9] OU
|rated|
|rule|HP Percentage Mod: HP is shown in percentages
|rule|Endless Battle Clause: Forcing endless battles is banned
|rule|Species Clause: Limit one of each Pokémon
|rule|OHKO Clause: OHKO moves are banned
|rule|Evasion Items Clause: Evasion items are banned
|rule|Evasion Moves Clause: Evasion moves are banned
|rule|Evasion Abilities Clause: Evasion abilities are banned
|rule|Sleep Moves Clause: Sleep-inducing moves are banned
|clearpoke
|poke|p1|Pelipper, F|
|poke|p1|Barraskewda, M|
|poke|p1|Hatterene, F|
|poke|p1|Raging Bolt|
|poke|p1|Hoopa-Unbound|
|poke|p1|Landorus-Therian, M|
|poke|p2|Dudunsparce-*, M|
|poke|p2|Greninja-*, F|
|poke|p2|Skarmory, M|
|poke|p2|Iron Treads|
|poke|p2|Fezandipiti, M|
|poke|p2|Haxorus, F|
|teampreview
|inactive|Battle timer is ON: inactive players will automatically lose when time's up. (requested by Crocodile E)
|
|t:|1760362767
|teamsize|p1|6
|teamsize|p2|6
|start
|switch|p1a: Hoopa|Hoopa-Unbound|100/100
|switch|p2a: Dudunsparce|Dudunsparce-Three-Segment, M|100/100
|turn|1
|
|t:|1760362774
|move|p1a: Hoopa|Hyperspace Fury|p2a: Dudunsparce
|-damage|p2a: Dudunsparce|14/100
|-unboost|p1a: Hoopa|def|1
|move|p2a: Dudunsparce|Body Slam|p1a: Hoopa
|-damage|p1a: Hoopa|25/100
|
|upkeep
|turn|2
|
|t:|1760362785
|switch|p2a: Fezandipiti|Fezandipiti, M|100/100
|move|p1a: Hoopa|Hyperspace Fury|p2a: Fezandipiti
|-resisted|p2a: Fezandipiti
|-damage|p2a: Fezandipiti|51/100
|-unboost|p1a: Hoopa|def|1
|
|-heal|p2a: Fezandipiti|57/100|[from] item: Leftovers
|upkeep
|turn|3
|
|t:|1760362798
|switch|p1a: Hatterene|Hatterene, F|100/100
|move|p2a: Fezandipiti|Poison Jab|p1a: Hatterene
|-supereffective|p1a: Hatterene
|-damage|p1a: Hatterene|55/100
|-enditem|p1a: Hatterene|Eject Button
|
|t:|1760362804
|switch|p1a: Barraskewda|Barraskewda, M|100/100
|
|-heal|p2a: Fezandipiti|63/100|[from] item: Leftovers
|upkeep
|turn|4
|
|t:|1760362811
|switch|p2a: Skarmory|Skarmory, M|100/100
|move|p1a: Barraskewda|Flip Turn|p2a: Skarmory
|-damage|p2a: Skarmory|77/100
|-damage|p1a: Barraskewda|84/100|[from] item: Rocky Helmet|[of] p2a: Skarmory
|-damage|p1a: Barraskewda|74/100|[from] item: Life Orb
|
|t:|1760362815
|switch|p1a: Pelipper|Pelipper, F|100/100|[from] Flip Turn
|-weather|RainDance|[from] ability: Drizzle|[of] p1a: Pelipper
|
|-weather|RainDance|[upkeep]
|upkeep
|turn|5
|
|t:|1760362824
|move|p2a: Skarmory|Stealth Rock|p1a: Pelipper
|-sidestart|p1: Crocodile E|move: Stealth Rock
|move|p1a: Pelipper|U-turn|p2a: Skarmory
|-resisted|p2a: Skarmory
|-crit|p2a: Skarmory
|-damage|p2a: Skarmory|75/100
|-damage|p1a: Pelipper|84/100|[from] item: Rocky Helmet|[of] p2a: Skarmory
|
|t:|1760362830
|switch|p1a: Raging Bolt|Raging Bolt|100/100|[from] U-turn
|-damage|p1a: Raging Bolt|88/100|[from] Stealth Rock
|-enditem|p1a: Raging Bolt|Booster Energy
|-activate|p1a: Raging Bolt|ability: Protosynthesis|[fromitem]
|-start|p1a: Raging Bolt|protosynthesisspa
|
|-weather|RainDance|[upkeep]
|upkeep
|turn|6
|
|t:|1760362839
|switch|p2a: Dudunsparce|Dudunsparce-Three-Segment, M|14/100
|move|p1a: Raging Bolt|Weather Ball|p2a: Dudunsparce
|-damage|p2a: Dudunsparce|0 fnt
|faint|p2a: Dudunsparce
|
|-weather|RainDance|[upkeep]
|upkeep
|
|t:|1760362851
|switch|p2a: Fezandipiti|Fezandipiti, M|63/100
|turn|7
|
|t:|1760362856
|move|p2a: Fezandipiti|Play Rough|p1a: Raging Bolt
|-supereffective|p1a: Raging Bolt
|-damage|p1a: Raging Bolt|31/100
|move|p1a: Raging Bolt|Thunder|p2a: Fezandipiti
|-damage|p2a: Fezandipiti|15/100
|
|-weather|RainDance|[upkeep]
|-heal|p2a: Fezandipiti|21/100|[from] item: Leftovers
|upkeep
|turn|8
|
|t:|1760362866
|move|p1a: Raging Bolt|Thunderclap||[still]
|-fail|p1a: Raging Bolt
|move|p2a: Fezandipiti|Swords Dance|p2a: Fezandipiti
|-boost|p2a: Fezandipiti|atk|2
|
|-weather|RainDance|[upkeep]
|-heal|p2a: Fezandipiti|27/100|[from] item: Leftovers
|upkeep
|turn|9
|
|t:|1760362875
|move|p1a: Raging Bolt|Thunderclap||[still]
|-fail|p1a: Raging Bolt
|move|p2a: Fezandipiti|Swords Dance|p2a: Fezandipiti
|-boost|p2a: Fezandipiti|atk|2
|
|-weather|RainDance|[upkeep]
|-heal|p2a: Fezandipiti|33/100|[from] item: Leftovers
|upkeep
|turn|10
|
|t:|1760362884
|move|p2a: Fezandipiti|Poison Jab|p1a: Raging Bolt
|-damage|p1a: Raging Bolt|0 fnt
|faint|p1a: Raging Bolt
|-end|p1a: Raging Bolt|Protosynthesis|[silent]
|
|-weather|RainDance|[upkeep]
|-heal|p2a: Fezandipiti|39/100|[from] item: Leftovers
|upkeep
|
|t:|1760362888
|switch|p1a: Landorus|Landorus-Therian, M|100/100
|-damage|p1a: Landorus|88/100|[from] Stealth Rock
|-ability|p1a: Landorus|Intimidate|boost
|-unboost|p2a: Fezandipiti|atk|1
|turn|11
|
|t:|1760362898
|move|p1a: Landorus|Sandsear Storm|p2a: Fezandipiti
|-supereffective|p2a: Fezandipiti
|-damage|p2a: Fezandipiti|0 fnt
|faint|p2a: Fezandipiti
|
|-weather|none
|upkeep
|
|t:|1760362906
|switch|p2a: Greninja|Greninja, F|100/100
|turn|12
|
|t:|1760362910
|switch|p1a: Pelipper|Pelipper, F|84/100
|-damage|p1a: Pelipper|59/100|[from] Stealth Rock
|-weather|RainDance|[from] ability: Drizzle|[of] p1a: Pelipper
|move|p2a: Greninja|Ice Beam|p1a: Pelipper
|-start|p2a: Greninja|typechange|Ice|[from] ability: Protean
|-damage|p1a: Pelipper|10/100
|
|-weather|RainDance|[upkeep]
|upkeep
|turn|13
|
|t:|1760362922
|move|p2a: Greninja|Ice Beam|p1a: Pelipper
|-damage|p1a: Pelipper|0 fnt
|faint|p1a: Pelipper
|
|-weather|RainDance|[upkeep]
|upkeep
|
|t:|1760362926
|switch|p1a: Barraskewda|Barraskewda, M|74/100
|-damage|p1a: Barraskewda|62/100|[from] Stealth Rock
|turn|14
|
|t:|1760362932
|switch|p2a: Skarmory|Skarmory, M|75/100
|-terastallize|p1a: Barraskewda|Water
|move|p1a: Barraskewda|Liquidation|p2a: Skarmory
|-damage|p2a: Skarmory|1/100
|-damage|p1a: Barraskewda|46/100|[from] item: Rocky Helmet|[of] p2a: Skarmory
|-damage|p1a: Barraskewda|36/100|[from] item: Life Orb
|
|-weather|RainDance|[upkeep]
|upkeep
|turn|15
|
|t:|1760362944
|move|p1a: Barraskewda|Flip Turn|p2a: Skarmory
|-damage|p2a: Skarmory|0 fnt
|-damage|p1a: Barraskewda|20/100|[from] item: Rocky Helmet|[of] p2a: Skarmory
|faint|p2a: Skarmory
|-damage|p1a: Barraskewda|10/100|[from] item: Life Orb
|
|t:|1760362950
|switch|p1a: Hoopa|Hoopa-Unbound|25/100|[from] Flip Turn
|-damage|p1a: Hoopa|13/100|[from] Stealth Rock
|
|-weather|RainDance|[upkeep]
|upkeep
|
|t:|1760362958
|switch|p2a: Haxorus|Haxorus, F|100/100
|-ability|p2a: Haxorus|Mold Breaker
|turn|16
|
|t:|1760362964
|move|p2a: Haxorus|Scale Shot|p1a: Hoopa
|-damage|p1a: Hoopa|0 fnt
|faint|p1a: Hoopa
|-hitcount|p1: Hoopa|1
|-unboost|p2a: Haxorus|def|1
|-boost|p2a: Haxorus|spe|1
|
|-weather|RainDance|[upkeep]
|upkeep
|
|t:|1760362968
|switch|p1a: Landorus|Landorus-Therian, M|88/100
|-damage|p1a: Landorus|76/100|[from] Stealth Rock
|-ability|p1a: Landorus|Intimidate|boost
|-unboost|p2a: Haxorus|atk|1
|turn|17
|
|t:|1760362979
|move|p2a: Haxorus|Swords Dance|p2a: Haxorus
|-boost|p2a: Haxorus|atk|2
|move|p1a: Landorus|U-turn|p2a: Haxorus
|-damage|p2a: Haxorus|62/100
|
|t:|1760362982
|switch|p1a: Hatterene|Hatterene, F|55/100|[from] U-turn
|-damage|p1a: Hatterene|42/100|[from] Stealth Rock
|
|-weather|RainDance|[upkeep]
|upkeep
|turn|18
|
|t:|1760362991
|move|p2a: Haxorus|Earthquake|p1a: Hatterene
|-damage|p1a: Hatterene|0 fnt
|faint|p1a: Hatterene
|
|-weather|RainDance|[upkeep]
|upkeep
|
|t:|1760362997
|switch|p1a: Landorus|Landorus-Therian, M|76/100
|-damage|p1a: Landorus|64/100|[from] Stealth Rock
|-ability|p1a: Landorus|Intimidate|boost
|-unboost|p2a: Haxorus|atk|1
|turn|19
|
|t:|1760363002
|move|p2a: Haxorus|Scale Shot|p1a: Landorus
|-damage|p1a: Landorus|46/100
|-damage|p1a: Landorus|27/100
|-damage|p1a: Landorus|11/100
|-damage|p1a: Landorus|0 fnt
|faint|p1a: Landorus
|-hitcount|p1: Landorus|4
|-unboost|p2a: Haxorus|def|1
|-boost|p2a: Haxorus|spe|1
|
|-weather|none
|upkeep
|-message|Crocodile E forfeited.
|
|win|kinsword
|raw|Crocodile E's rating: 1404 &rarr; <strong>1389</strong><br />(-15 for losing)
|raw|kinsword's rating: 1495 &rarr; <strong>1510</strong><br />(+15 for winning)
|l|☆Crocodile E
|player|p1|
|l|☆kinsword
|player|p2|
