|j|☆michaelgoalise
|j|☆Nomanmake
|t:|1760425778
|gametype|singles
|player|p1|michaelgoalise|169|1745
|player|p2|Nomanmake|blue-gen1rb|1709
|gen|9
|tier|[Gen 9] OU
|rated|
|rule|HP Percentage Mod: HP is shown in percentages
|rule|Endless Battle Clause: Forcing endless battles is banned
|rule|Species Clause: Limit one of each Pokémon
|rule|OHKO Clause: OHKO moves are banned
|rule|Evasion Items Clause: Evasion items are banned
|rule|Evasion Moves Clause: Evasion moves are banned
|rule|Evasion Abilities Clause: Evasion abilities are banned
|rule|Sleep Moves Clause: Sleep-inducing moves are banned
|clearpoke
|poke|p1|Tyranitar, F|
|poke|p1|Excadrill, M|
|poke|p1|Hydrapple, M|
|poke|p1|Cinderace, M|
|poke|p1|Iron Valiant|
|poke|p1|Palossand, M|
|poke|p2|Landorus-Therian, M|
|poke|p2|Samurott-Hisui, M|
|poke|p2|Pecharunt|
|poke|p2|Scizor, F|
|poke|p2|Latios, M|
|poke|p2|Zamazenta-*|
|teampreview
|inactive|Battle timer is ON: inactive players will automatically lose when time's up. (requested by michaelgoalise)
|j| galarslowkinglover
|l| galarslowkinglover
|inactive|michaelgoalise has 120 seconds left.
|inactive|michaelgoalise has 90 seconds left.
|inactive|michaelgoalise has 60 seconds left.
|
|t:|1760425869
|teamsize|p1|6
|teamsize|p2|6
|start
|switch|p1a: Palossand|Palossand, M|100/100
|switch|p2a: Samurott|Samurott-Hisui, M|100/100
|turn|1
|
|t:|1760425875
|switch|p1a: Hydrapple|Hydrapple, M|100/100
|move|p2a: Samurott|Ceaseless Edge|p1a: Hydrapple
|-damage|p1a: Hydrapple|73/100
|-sidestart|p1: michaelgoalise|Spikes
|
|upkeep
|turn|2
|inactive|michaelgoalise has 120 seconds left.
|inactive|michaelgoalise has 90 seconds left.
|
|t:|1760425923
|switch|p2a: Scizor|Scizor, F|100/100
|switch|p1a: Palossand|Palossand, M|100/100
|-damage|p1a: Palossand|88/100|[from] Spikes
|
|upkeep
|turn|3
|
|t:|1760425930
|move|p2a: Scizor|Swords Dance|p2a: Scizor
|-boost|p2a: Scizor|atk|2
|move|p1a: Palossand|Shore Up|p1a: Palossand
|-heal|p1a: Palossand|100/100
|
|upkeep
|turn|4
|inactive|michaelgoalise has 90 seconds left.
|inactive|michaelgoalise has 60 seconds left.
|
|t:|1760425982
|switch|p1a: Excadrill|Excadrill, M|100/100
|-damage|p1a: Excadrill|88/100|[from] Spikes
|move|p2a: Scizor|Knock Off|p1a: Excadrill
|-damage|p1a: Excadrill|0 fnt
|-enditem|p1a: Excadrill|Choice Band|[from] move: Knock Off|[of] p2a: Scizor
|faint|p1a: Excadrill
|
|upkeep
|
|t:|1760425987
|switch|p1a: Cinderace|Cinderace, M|100/100
|turn|5
|
|t:|1760425995
|switch|p2a: Pecharunt|Pecharunt|100/100
|move|p1a: Cinderace|Pyro Ball|p2a: Pecharunt
|-damage|p2a: Pecharunt|64/100
|
|upkeep
|turn|6
|inactive|michaelgoalise has 60 seconds left.
|
|t:|1760426016
|switch|p1a: Tyranitar|Tyranitar, F|100/100
|-damage|p1a: Tyranitar|88/100|[from] Spikes
|-weather|Sandstorm|[from] ability: Sand Stream|[of] p1a: Tyranitar
|move|p2a: Pecharunt|Recover|p2a: Pecharunt
|-heal|p2a: Pecharunt|100/100
|
|-weather|Sandstorm|[upkeep]
|-damage|p2a: Pecharunt|94/100|[from] Sandstorm
|-heal|p1a: Tyranitar|94/100|[from] item: Leftovers
|upkeep
|turn|7
|
|t:|1760426021
|move|p2a: Pecharunt|Parting Shot|p1a: Tyranitar
|-unboost|p1a: Tyranitar|atk|1
|-unboost|p1a: Tyranitar|spa|1
|
|t:|1760426024
|switch|p2a: Samurott|Samurott-Hisui, M|100/100|[from] Parting Shot
|move|p1a: Tyranitar|Knock Off|p2a: Samurott
|-resisted|p2a: Samurott
|-damage|p2a: Samurott|85/100
|-enditem|p2a: Samurott|Assault Vest|[from] move: Knock Off|[of] p1a: Tyranitar
|
|-weather|Sandstorm|[upkeep]
|-damage|p2a: Samurott|78/100|[from] Sandstorm
|-heal|p1a: Tyranitar|100/100|[from] item: Leftovers
|upkeep
|turn|8
|
|t:|1760426035
|switch|p1a: Hydrapple|Hydrapple, M|100/100
|move|p2a: Samurott|Knock Off|p1a: Hydrapple
|-damage|p1a: Hydrapple|74/100
|-enditem|p1a: Hydrapple|Heavy-Duty Boots|[from] move: Knock Off|[of] p2a: Samurott
|
|-weather|Sandstorm|[upkeep]
|-damage|p2a: Samurott|72/100|[from] Sandstorm
|-damage|p1a: Hydrapple|68/100|[from] Sandstorm
|upkeep
|turn|9
|inactive|michaelgoalise has 60 seconds left.
|
|t:|1760426056
|move|p2a: Samurott|Ceaseless Edge|p1a: Hydrapple
|-damage|p1a: Hydrapple|42/100
|-sidestart|p1: michaelgoalise|Spikes
|move|p1a: Hydrapple|Nasty Plot|p1a: Hydrapple
|-boost|p1a: Hydrapple|spa|2
|
|-weather|Sandstorm|[upkeep]
|-damage|p2a: Samurott|66/100|[from] Sandstorm
|-damage|p1a: Hydrapple|36/100|[from] Sandstorm
|upkeep
|turn|10
|
|t:|1760426071
|switch|p2a: Scizor|Scizor, F|100/100
|move|p1a: Hydrapple|Giga Drain|p2a: Scizor
|-resisted|p2a: Scizor
|-damage|p2a: Scizor|81/100
|-heal|p1a: Hydrapple|43/100|[from] drain|[of] p2a: Scizor
|
|-weather|none
|upkeep
|turn|11
|inactive|michaelgoalise has 60 seconds left.
|
|t:|1760426102
|-terastallize|p1a: Hydrapple|Water
|move|p2a: Scizor|Swords Dance|p2a: Scizor
|-boost|p2a: Scizor|atk|2
|move|p1a: Hydrapple|Giga Drain|p2a: Scizor
|-resisted|p2a: Scizor
|-damage|p2a: Scizor|61/100
|-heal|p1a: Hydrapple|49/100|[from] drain|[of] p2a: Scizor
|
|upkeep
|turn|12
|
|t:|1760426115
|switch|p1a: Palossand|Palossand, M|100/100
|-damage|p1a: Palossand|84/100|[from] Spikes
|move|p2a: Scizor|Knock Off|p1a: Palossand
|-supereffective|p1a: Palossand
|-damage|p1a: Palossand|0 fnt
|-damage|p2a: Scizor|44/100|[from] item: Rocky Helmet|[of] p1a: Palossand
|-enditem|p1a: Palossand|Rocky Helmet|[from] move: Knock Off|[of] p2a: Scizor
|faint|p1a: Palossand
|
|upkeep
|
|t:|1760426120
|switch|p1a: Cinderace|Cinderace, M|100/100
|turn|13
|inactive|michaelgoalise has 60 seconds left.
|
|t:|1760426130
|switch|p2a: Pecharunt|Pecharunt|94/100
|move|p1a: Cinderace|Pyro Ball|p2a: Pecharunt
|-damage|p2a: Pecharunt|60/100
|
|upkeep
|turn|14
|
|t:|1760426136
|move|p1a: Cinderace|U-turn|p2a: Pecharunt
|-start|p1a: Cinderace|typechange|Bug|[from] ability: Libero
|-resisted|p2a: Pecharunt
|-damage|p2a: Pecharunt|55/100
|
|t:|1760426139
|switch|p1a: Tyranitar|Tyranitar, F|100/100|[from] U-turn
|-damage|p1a: Tyranitar|84/100|[from] Spikes
|-weather|Sandstorm|[from] ability: Sand Stream|[of] p1a: Tyranitar
|move|p2a: Pecharunt|Recover|p2a: Pecharunt
|-heal|p2a: Pecharunt|100/100
|
|-weather|Sandstorm|[upkeep]
|-damage|p2a: Pecharunt|94/100|[from] Sandstorm
|-heal|p1a: Tyranitar|90/100|[from] item: Leftovers
|upkeep
|turn|15
|inactive|michaelgoalise has 60 seconds left.
|
|t:|1760426161
|move|p2a: Pecharunt|Parting Shot|p1a: Tyranitar
|-unboost|p1a: Tyranitar|atk|1
|-unboost|p1a: Tyranitar|spa|1
|
|t:|1760426164
|switch|p2a: Samurott|Samurott-Hisui, M|66/100|[from] Parting Shot
|move|p1a: Tyranitar|Stone Edge|p2a: Samurott|[miss]
|-miss|p1a: Tyranitar|p2a: Samurott
|
|-weather|Sandstorm|[upkeep]
|-damage|p2a: Samurott|60/100|[from] Sandstorm
|-heal|p1a: Tyranitar|96/100|[from] item: Leftovers
|upkeep
|turn|16
|
|t:|1760426170
|switch|p1a: Hydrapple|Hydrapple, M, tera:Water|82/100
|-damage|p1a: Hydrapple|66/100|[from] Spikes
|move|p2a: Samurott|Ceaseless Edge|p1a: Hydrapple
|-damage|p1a: Hydrapple|38/100
|-sidestart|p1: michaelgoalise|Spikes
|
|-weather|Sandstorm|[upkeep]
|-damage|p2a: Samurott|54/100|[from] Sandstorm
|-damage|p1a: Hydrapple|32/100|[from] Sandstorm
|upkeep
|turn|17
|
|t:|1760426182
|move|p2a: Samurott|Ceaseless Edge|p1a: Hydrapple
|-damage|p1a: Hydrapple|5/100
|move|p1a: Hydrapple|Hydro Pump|p2a: Samurott
|-resisted|p2a: Samurott
|-damage|p2a: Samurott|24/100
|
|-weather|Sandstorm|[upkeep]
|-damage|p2a: Samurott|18/100|[from] Sandstorm
|-damage|p1a: Hydrapple|0 fnt|[from] Sandstorm
|faint|p1a: Hydrapple
|upkeep
|
|t:|1760426187
|switch|p1a: Cinderace|Cinderace, M|100/100
|turn|18
|
|t:|1760426196
|move|p2a: Samurott|Aqua Jet|p1a: Cinderace
|-supereffective|p1a: Cinderace
|-damage|p1a: Cinderace|42/100
|move|p1a: Cinderace|Pyro Ball|p2a: Samurott
|-resisted|p2a: Samurott
|-damage|p2a: Samurott|0 fnt
|faint|p2a: Samurott
|
|-weather|none
|upkeep
|
|t:|1760426206
|switch|p2a: Landorus|Landorus-Therian, M|100/100
|-ability|p2a: Landorus|Intimidate|boost
|-unboost|p1a: Cinderace|atk|1
|turn|19
|
|t:|1760426209
|move|p1a: Cinderace|Court Change|p1a: Cinderace
|-start|p1a: Cinderace|typechange|Normal|[from] ability: Libero
|-swapsideconditions
|-activate|p1a: Cinderace|move: Court Change
|move|p2a: Landorus|Earthquake|p1a: Cinderace
|-damage|p1a: Cinderace|0 fnt
|faint|p1a: Cinderace
|
|upkeep
|inactive|michaelgoalise has 90 seconds left.
|
|t:|1760426234
|switch|p1a: Tyranitar|Tyranitar, F|96/100
|-weather|Sandstorm|[from] ability: Sand Stream|[of] p1a: Tyranitar
|turn|20
|
|t:|1760426238
|move|p2a: Landorus|U-turn|p1a: Tyranitar
|-supereffective|p1a: Tyranitar
|-damage|p1a: Tyranitar|63/100
|
|t:|1760426249
|switch|p2a: Pecharunt|Pecharunt|94/100|[from] U-turn
|move|p1a: Tyranitar|Ice Beam|p2a: Pecharunt
|-damage|p2a: Pecharunt|73/100
|
|-weather|Sandstorm|[upkeep]
|-damage|p2a: Pecharunt|67/100|[from] Sandstorm
|-heal|p1a: Tyranitar|69/100|[from] item: Leftovers
|upkeep
|turn|21
|inactive|michaelgoalise has 90 seconds left.
|
|t:|1760426260
|move|p2a: Pecharunt|Malignant Chain|p1a: Tyranitar
|-resisted|p1a: Tyranitar
|-damage|p1a: Tyranitar|62/100
|-status|p1a: Tyranitar|tox
|-start|p1a: Tyranitar|confusion|[from] ability: Poison Puppeteer|[of] p2a: Pecharunt
|-activate|p1a: Tyranitar|confusion
|move|p1a: Tyranitar|Knock Off|p2a: Pecharunt
|-supereffective|p2a: Pecharunt
|-crit|p2a: Pecharunt
|-damage|p2a: Pecharunt|0 fnt
|-enditem|p2a: Pecharunt|Heavy-Duty Boots|[from] move: Knock Off|[of] p1a: Tyranitar
|faint|p2a: Pecharunt
|
|-weather|Sandstorm|[upkeep]
|-heal|p1a: Tyranitar|68/100 tox|[from] item: Leftovers
|-damage|p1a: Tyranitar|62/100 tox|[from] psn
|upkeep
|
|t:|1760426270
|switch|p2a: Landorus|Landorus-Therian, M|100/100
|-ability|p2a: Landorus|Intimidate|boost
|-unboost|p1a: Tyranitar|atk|1
|turn|22
|
|t:|1760426275
|move|p2a: Landorus|Earthquake|p1a: Tyranitar
|-supereffective|p1a: Tyranitar
|-damage|p1a: Tyranitar|0 fnt
|faint|p1a: Tyranitar
|
|-weather|Sandstorm|[upkeep]
|upkeep
|
|t:|1760426278
|switch|p1a: Iron Valiant|Iron Valiant|100/100
|-enditem|p1a: Iron Valiant|Booster Energy
|-activate|p1a: Iron Valiant|ability: Quark Drive|[fromitem]
|-start|p1a: Iron Valiant|quarkdrivespe
|turn|23
|
|t:|1760426283
|move|p1a: Iron Valiant|Moonblast|p2a: Landorus
|-damage|p2a: Landorus|53/100
|move|p2a: Landorus|Stealth Rock|p1a: Iron Valiant
|-sidestart|p1: michaelgoalise|move: Stealth Rock
|
|-weather|Sandstorm|[upkeep]
|-damage|p1a: Iron Valiant|94/100|[from] Sandstorm
|upkeep
|turn|24
|
|t:|1760426288
|move|p1a: Iron Valiant|Encore|p2a: Landorus
|-start|p2a: Landorus|Encore
|move|p2a: Landorus|Stealth Rock||[still]
|-fail|p2a: Landorus
|
|-weather|none
|upkeep
|turn|25
|inactive|michaelgoalise has 120 seconds left.
|
|t:|1760426308
|switch|p2a: Latios|Latios, M|100/100
|move|p1a: Iron Valiant|Calm Mind|p1a: Iron Valiant
|-boost|p1a: Iron Valiant|spa|1
|-boost|p1a: Iron Valiant|spd|1
|
|upkeep
|turn|26
|
|t:|1760426328
|-terastallize|p2a: Latios|Steel
|move|p1a: Iron Valiant|Calm Mind|p1a: Iron Valiant
|-boost|p1a: Iron Valiant|spa|1
|-boost|p1a: Iron Valiant|spd|1
|move|p2a: Latios|Psychic Noise|p1a: Iron Valiant
|-supereffective|p1a: Iron Valiant
|-damage|p1a: Iron Valiant|11/100
|-start|p1a: Iron Valiant|move: Heal Block
|
|upkeep
|turn|27
|
|t:|1760426336
|move|p1a: Iron Valiant|Thunderbolt|p2a: Latios
|-damage|p2a: Latios|40/100
|move|p2a: Latios|Psychic Noise|p1a: Iron Valiant
|-supereffective|p1a: Iron Valiant
|-damage|p1a: Iron Valiant|0 fnt
|faint|p1a: Iron Valiant
|-end|p1a: Iron Valiant|Quark Drive|[silent]
|
|win|Nomanmake
|raw|michaelgoalise's rating: 1745 &rarr; <strong>1723</strong><br />(-22 for losing)
|raw|Nomanmake's rating: 1709 &rarr; <strong>1731</strong><br />(+22 for winning)
|l|☆michaelgoalise
|player|p1|
|c|☆Nomanmake|!showteam
|c| Nomanmake|/raw <div class="infobox"><details><summary>View team</summary>Landorus (Landorus-Therian) (M) @ Rocky Helmet  <br />Ability: Intimidate  <br />Tera Type: Ghost  <br />EVs: 248 HP &#x2f; 8 Atk &#x2f; 252 Spe  <br />Jolly Nature  <br />- Earthquake  <br />- U-turn  <br />- Stealth Rock  <br />- Smack Down  <br /><br />Samurott (Samurott-Hisui) @ Assault Vest  <br />Ability: Sharpness  <br />Tera Type: Ground  <br />EVs: 72 HP &#x2f; 252 Atk &#x2f; 184 Spe  <br />Adamant Nature  <br />- Aqua Jet  <br />- Ceaseless Edge  <br />- Knock Off  <br />- Razor Shell  <br /><br />Pecharunt @ Heavy-Duty Boots  <br />Ability: Poison Puppeteer  <br />Tera Type: Ghost  <br />EVs: 248 HP &#x2f; 8 Def &#x2f; 252 Spe  <br />Timid Nature  <br />IVs: 0 Atk  <br />- Malignant Chain  <br />- Shadow Ball  <br />- Parting Shot  <br />- Recover  <br /><br />Scizor @ Heavy-Duty Boots  <br />Ability: Technician  <br />Tera Type: Electric  <br />EVs: 252 Atk &#x2f; 4 SpD &#x2f; 252 Spe  <br />Adamant Nature  <br />- Swords Dance  <br />- Bullet Punch  <br />- Knock Off  <br />- Tera Blast  <br /><br />Latios (M) @ Soul Dew  <br />Ability: Levitate  <br />Tera Type: Steel  <br />EVs: 4 Def &#x2f; 252 SpA &#x2f; 252 Spe  <br />IVs: 0 Atk  <br />- Draco Meteor  <br />- Psychic Noise  <br />- Recover  <br />- Calm Mind  <br /><br />Zamazenta @ Leftovers  <br />Ability: Dauntless Shield  <br />Tera Type: Fire  <br />EVs: 76 HP &#x2f; 252 Def &#x2f; 180 Spe  <br />Jolly Nature  <br />- Iron Defense  <br />- Crunch  <br />- Body Press  <br />- Roar  <br /><br /></details></div>
