|j|☆MasterGus2
|j|☆Treadmill2000
|t:|1760396448
|gametype|singles
|player|p1|MasterGus2|169|1176
|player|p2|Treadmill2000|102|1222
|gen|9
|tier|[Gen 9] OU
|rated|
|rule|HP Percentage Mod: HP is shown in percentages
|rule|Endless Battle Clause: Forcing endless battles is banned
|rule|Species Clause: Limit one of each Pokémon
|rule|OHKO Clause: OHKO moves are banned
|rule|Evasion Items Clause: Evasion items are banned
|rule|Evasion Moves Clause: Evasion moves are banned
|rule|Evasion Abilities Clause: Evasion abilities are banned
|rule|Sleep Moves Clause: Sleep-inducing moves are banned
|clearpoke
|poke|p1|Politoed, F|
|poke|p1|Toxicroak, M|
|poke|p1|Poliwrath, F|
|poke|p1|Greninja-*, M|
|poke|p1|Bellibolt, M|
|poke|p1|Poliwhirl, F|
|poke|p2|Garganacl, M|
|poke|p2|Corviknight, M|
|poke|p2|Raging Bolt|
|poke|p2|Ditto|
|poke|p2|Kommo-o, M|
|poke|p2|Blaziken, M|
|teampreview
|inactive|Battle timer is ON: inactive players will automatically lose when time's up. (requested by MasterGus2)
|
|t:|1760396465
|teamsize|p1|6
|teamsize|p2|6
|start
|switch|p1a: Poliwhirl|Poliwhirl, F|100/100
|switch|p2a: Raging Bolt|Raging Bolt|100/100
|turn|1
|
|t:|1760396472
|switch|p1a: Bellibolt|Bellibolt, M|100/100
|move|p2a: Raging Bolt|Volt Switch|p1a: Bellibolt
|-resisted|p1a: Bellibolt
|-damage|p1a: Bellibolt|71/100
|-start|p1a: Bellibolt|Charge|Volt Switch|[from] ability: Electromorphosis
|
|t:|1760396491
|-end|p2a: Raging Bolt|Protosynthesis|[silent]
|switch|p2a: Garganacl|Garganacl, M|100/100|[from] Volt Switch
|
|-heal|p1a: Bellibolt|77/100|[from] item: Leftovers
|upkeep
|turn|2
|
|t:|1760396499
|move|p1a: Bellibolt|Volt Switch|p2a: Garganacl
|-damage|p2a: Garganacl|61/100
|-end|p1a: Bellibolt|Charge|[silent]
|
|t:|1760396503
|switch|p1a: Poliwhirl|Poliwhirl, F|100/100|[from] Volt Switch
|move|p2a: Garganacl|Salt Cure|p1a: Poliwhirl
|-damage|p1a: Poliwhirl|92/100
|-start|p1a: Poliwhirl|Salt Cure
|
|-heal|p2a: Garganacl|67/100|[from] item: Leftovers
|-damage|p1a: Poliwhirl|67/100|[from] Salt Cure
|upkeep
|turn|3
|
|t:|1760396515
|move|p1a: Poliwhirl|Whirlpool|p2a: Garganacl
|-supereffective|p2a: Garganacl
|-damage|p2a: Garganacl|55/100
|-activate|p2a: Garganacl|move: Whirlpool|[of] p1a: Poliwhirl
|move|p2a: Garganacl|Stealth Rock|p1a: Poliwhirl
|-sidestart|p1: MasterGus2|move: Stealth Rock
|
|-heal|p2a: Garganacl|61/100|[from] item: Leftovers
|-damage|p1a: Poliwhirl|42/100|[from] Salt Cure
|-damage|p2a: Garganacl|49/100|[from] move: Whirlpool|[partiallytrapped]
|upkeep
|turn|4
|
|t:|1760396525
|move|p2a: Garganacl|Protect|p2a: Garganacl
|-singleturn|p2a: Garganacl|Protect
|move|p1a: Poliwhirl|Amnesia|p1a: Poliwhirl
|-boost|p1a: Poliwhirl|spd|2
|
|-heal|p2a: Garganacl|55/100|[from] item: Leftovers
|-damage|p1a: Poliwhirl|17/100|[from] Salt Cure
|-damage|p2a: Garganacl|42/100|[from] move: Whirlpool|[partiallytrapped]
|upkeep
|turn|5
|
|t:|1760396536
|move|p1a: Poliwhirl|Rest|p1a: Poliwhirl
|-status|p1a: Poliwhirl|slp|[from] move: Rest
|-heal|p1a: Poliwhirl|100/100 slp|[silent]
|move|p2a: Garganacl|Recover|p2a: Garganacl
|-heal|p2a: Garganacl|92/100
|
|-heal|p2a: Garganacl|99/100|[from] item: Leftovers
|-damage|p1a: Poliwhirl|76/100 slp|[from] Salt Cure
|-damage|p2a: Garganacl|86/100|[from] move: Whirlpool|[partiallytrapped]
|upkeep
|turn|6
|
|t:|1760396548
|cant|p1a: Poliwhirl|slp
|move|p1a: Poliwhirl|Sleep Talk|p1a: Poliwhirl
|move|p1a: Poliwhirl|Amnesia|p1a: Poliwhirl|[from] move: Sleep Talk
|-boost|p1a: Poliwhirl|spd|2
|move|p2a: Garganacl|Salt Cure|p1a: Poliwhirl
|-damage|p1a: Poliwhirl|66/100 slp
|
|-heal|p2a: Garganacl|92/100|[from] item: Leftovers
|-damage|p1a: Poliwhirl|42/100 slp|[from] Salt Cure
|-damage|p2a: Garganacl|80/100|[from] move: Whirlpool|[partiallytrapped]
|upkeep
|turn|7
|
|t:|1760396569
|cant|p1a: Poliwhirl|slp
|move|p1a: Poliwhirl|Sleep Talk|p1a: Poliwhirl
|move|p1a: Poliwhirl|Rest||[from] move: Sleep Talk|[still]
|-fail|p1a: Poliwhirl
|move|p2a: Garganacl|Salt Cure|p1a: Poliwhirl
|-damage|p1a: Poliwhirl|32/100 slp
|
|-heal|p2a: Garganacl|86/100|[from] item: Leftovers
|-damage|p1a: Poliwhirl|7/100 slp|[from] Salt Cure
|-end|p2a: Garganacl|Whirlpool|[partiallytrapped]
|upkeep
|turn|8
|
|t:|1760396585
|switch|p2a: Raging Bolt|Raging Bolt|100/100
|-curestatus|p1a: Poliwhirl|slp|[msg]
|move|p1a: Poliwhirl|Rest|p1a: Poliwhirl
|-status|p1a: Poliwhirl|slp|[from] move: Rest
|-heal|p1a: Poliwhirl|100/100 slp|[silent]
|
|-damage|p1a: Poliwhirl|76/100 slp|[from] Salt Cure
|upkeep
|turn|9
|
|t:|1760396596
|move|p2a: Raging Bolt|Volt Switch|p1a: Poliwhirl
|-supereffective|p1a: Poliwhirl
|-damage|p1a: Poliwhirl|22/100 slp
|
|t:|1760396603
|-end|p2a: Raging Bolt|Protosynthesis|[silent]
|switch|p2a: Ditto|Ditto|100/100|[from] Volt Switch
|-transform|p2a: Ditto|p1a: Poliwhirl|[from] ability: Imposter
|cant|p1a: Poliwhirl|slp
|move|p1a: Poliwhirl|Sleep Talk|p1a: Poliwhirl
|move|p1a: Poliwhirl|Amnesia|p1a: Poliwhirl|[from] move: Sleep Talk
|-boost|p1a: Poliwhirl|spd|2
|
|-damage|p1a: Poliwhirl|0 fnt|[from] Salt Cure
|faint|p1a: Poliwhirl
|upkeep
|
|t:|1760396619
|switch|p1a: Poliwrath|Poliwrath, F|100/100
|-damage|p1a: Poliwrath|94/100|[from] Stealth Rock
|turn|10
|
|t:|1760396639
|switch|p2a: Corviknight|Corviknight, M|100/100
|-ability|p2a: Corviknight|Pressure
|move|p1a: Poliwrath|Knock Off|p2a: Corviknight
|-damage|p2a: Corviknight|75/100
|-enditem|p2a: Corviknight|Leftovers|[from] move: Knock Off|[of] p1a: Poliwrath
|
|upkeep
|turn|11
|
|t:|1760396655
|switch|p1a: Bellibolt|Bellibolt, M|77/100
|-damage|p1a: Bellibolt|65/100|[from] Stealth Rock
|move|p2a: Corviknight|Brave Bird|p1a: Bellibolt
|-resisted|p1a: Bellibolt
|-damage|p1a: Bellibolt|55/100
|-start|p1a: Bellibolt|Charge|Brave Bird|[from] ability: Electromorphosis
|-damage|p2a: Corviknight|72/100|[from] Recoil
|
|-heal|p1a: Bellibolt|61/100|[from] item: Leftovers
|upkeep
|turn|12
|
|t:|1760396668
|move|p2a: Corviknight|U-turn|p1a: Bellibolt
|-damage|p1a: Bellibolt|52/100
|-start|p1a: Bellibolt|Charge|U-turn|[from] ability: Electromorphosis
|
|t:|1760396673
|switch|p2a: Kommo-o|Kommo-o, M|100/100|[from] U-turn
|move|p1a: Bellibolt|Volt Switch|p2a: Kommo-o
|-resisted|p2a: Kommo-o
|-damage|p2a: Kommo-o|71/100
|-end|p1a: Bellibolt|Charge|[silent]
|
|t:|1760396681
|switch|p1a: Politoed|Politoed, F|100/100|[from] Volt Switch
|-damage|p1a: Politoed|88/100|[from] Stealth Rock
|-weather|RainDance|[from] ability: Drizzle|[of] p1a: Politoed
|
|-weather|RainDance|[upkeep]
|upkeep
|turn|13
|
|t:|1760396692
|switch|p2a: Garganacl|Garganacl, M|86/100
|move|p1a: Politoed|Ice Beam|p2a: Garganacl
|-damage|p2a: Garganacl|64/100
|
|-weather|RainDance|[upkeep]
|-heal|p2a: Garganacl|70/100|[from] item: Leftovers
|upkeep
|turn|14
|
|t:|1760396701
|move|p2a: Garganacl|Protect|p2a: Garganacl
|-singleturn|p2a: Garganacl|Protect
|move|p1a: Politoed|Weather Ball|p2a: Garganacl
|-activate|p2a: Garganacl|move: Protect
|
|-weather|RainDance|[upkeep]
|-heal|p2a: Garganacl|76/100|[from] item: Leftovers
|upkeep
|turn|15
|
|t:|1760396713
|switch|p2a: Kommo-o|Kommo-o, M|71/100
|move|p1a: Politoed|Weather Ball|p2a: Kommo-o
|-immune|p2a: Kommo-o|[from] ability: Bulletproof
|
|-weather|RainDance|[upkeep]
|upkeep
|turn|16
|
|t:|1760396721
|-terastallize|p2a: Kommo-o|Normal
|move|p2a: Kommo-o|Clangorous Soul|p2a: Kommo-o
|-boost|p2a: Kommo-o|atk|1
|-boost|p2a: Kommo-o|def|1
|-boost|p2a: Kommo-o|spa|1
|-boost|p2a: Kommo-o|spd|1
|-boost|p2a: Kommo-o|spe|1
|-damage|p2a: Kommo-o|38/100
|-enditem|p2a: Kommo-o|Throat Spray
|-boost|p2a: Kommo-o|spa|1|[from] item: Throat Spray
|move|p1a: Politoed|Ice Beam|p2a: Kommo-o
|-damage|p2a: Kommo-o|19/100
|
|-weather|RainDance|[upkeep]
|upkeep
|turn|17
|
|t:|1760396737
|move|p2a: Kommo-o|Boomburst|p1a: Politoed
|-damage|p1a: Politoed|0 fnt
|faint|p1a: Politoed
|
|-weather|RainDance|[upkeep]
|upkeep
|
|t:|1760396743
|switch|p1a: Toxicroak|Toxicroak, M|100/100
|-damage|p1a: Toxicroak|94/100|[from] Stealth Rock
|turn|18
|
|t:|1760396753
|move|p1a: Toxicroak|Sucker Punch|p2a: Kommo-o
|-damage|p2a: Kommo-o|0 fnt
|faint|p2a: Kommo-o
|-damage|p1a: Toxicroak|85/100|[from] item: Life Orb
|
|-weather|RainDance|[upkeep]
|-heal|p1a: Toxicroak|97/100|[from] ability: Dry Skin
|upkeep
|
|t:|1760396764
|switch|p2a: Raging Bolt|Raging Bolt|100/100
|turn|19
|
|t:|1760396772
|move|p1a: Toxicroak|Poison Jab|p2a: Raging Bolt
|-damage|p2a: Raging Bolt|55/100
|-damage|p1a: Toxicroak|87/100|[from] item: Life Orb
|move|p2a: Raging Bolt|Draco Meteor|p1a: Toxicroak
|-damage|p1a: Toxicroak|0 fnt
|-unboost|p2a: Raging Bolt|spa|2
|faint|p1a: Toxicroak
|
|-weather|none
|upkeep
|
|t:|1760396797
|switch|p1a: Greninja|Greninja, M|100/100
|turn|20
|
|t:|1760396809
|-end|p2a: Raging Bolt|Protosynthesis|[silent]
|switch|p2a: Corviknight|Corviknight, M|72/100
|-ability|p2a: Corviknight|Pressure
|move|p1a: Greninja|Ice Beam|p2a: Corviknight
|-damage|p2a: Corviknight|53/100
|
|upkeep
|turn|21
|
|t:|1760396818
|switch|p1a: Bellibolt|Bellibolt, M|52/100
|-damage|p1a: Bellibolt|39/100|[from] Stealth Rock
|move|p2a: Corviknight|Roost|p2a: Corviknight
|-heal|p2a: Corviknight|100/100
|-singleturn|p2a: Corviknight|move: Roost
|
|-heal|p1a: Bellibolt|46/100|[from] item: Leftovers
|upkeep
|turn|22
|
|t:|1760396833
|switch|p2a: Raging Bolt|Raging Bolt|55/100
|move|p1a: Bellibolt|Slack Off|p1a: Bellibolt
|-heal|p1a: Bellibolt|96/100
|
|-heal|p1a: Bellibolt|100/100|[from] item: Leftovers
|upkeep
|turn|23
|
|t:|1760396842
|move|p2a: Raging Bolt|Draco Meteor|p1a: Bellibolt
|-damage|p1a: Bellibolt|0 fnt
|-unboost|p2a: Raging Bolt|spa|2
|faint|p1a: Bellibolt
|
|upkeep
|
|t:|1760396848
|switch|p1a: Greninja|Greninja, M|100/100
|turn|24
|
|t:|1760396861
|-end|p2a: Raging Bolt|Protosynthesis|[silent]
|switch|p2a: Corviknight|Corviknight, M|100/100
|-ability|p2a: Corviknight|Pressure
|move|p1a: Greninja|Dark Pulse|p2a: Corviknight
|-damage|p2a: Corviknight|74/100
|
|upkeep
|turn|25
|
|t:|1760396878
|move|p1a: Greninja|Dark Pulse|p2a: Corviknight
|-damage|p2a: Corviknight|50/100
|move|p2a: Corviknight|U-turn|p1a: Greninja
|-supereffective|p1a: Greninja
|-damage|p1a: Greninja|48/100
|
|t:|1760396884
|switch|p2a: Blaziken|Blaziken, M|100/100|[from] U-turn
|
|upkeep
|turn|26
|
|t:|1760396891
|switch|p1a: Poliwrath|Poliwrath, F|94/100
|-damage|p1a: Poliwrath|88/100|[from] Stealth Rock
|move|p2a: Blaziken|Protect||[still]
|-fail|p2a: Blaziken
|
|-ability|p2a: Blaziken|Speed Boost|boost
|-boost|p2a: Blaziken|spe|1
|upkeep
|turn|27
|
|t:|1760396900
|move|p2a: Blaziken|Earthquake|p1a: Poliwrath
|-damage|p1a: Poliwrath|37/100
|-damage|p2a: Blaziken|91/100|[from] item: Life Orb
|move|p1a: Poliwrath|Liquidation|p2a: Blaziken
|-supereffective|p2a: Blaziken
|-damage|p2a: Blaziken|0 fnt
|faint|p2a: Blaziken
|
|upkeep
|
|t:|1760396912
|switch|p2a: Raging Bolt|Raging Bolt|55/100
|turn|28
|
|t:|1760396916
|-terastallize|p1a: Poliwrath|Grass
|move|p2a: Raging Bolt|Volt Switch|p1a: Poliwrath
|-resisted|p1a: Poliwrath
|-damage|p1a: Poliwrath|13/100
|
|t:|1760396921
|-end|p2a: Raging Bolt|Protosynthesis|[silent]
|switch|p2a: Corviknight|Corviknight, M|50/100|[from] Volt Switch
|-ability|p2a: Corviknight|Pressure
|move|p1a: Poliwrath|Ice Punch|p2a: Corviknight
|-damage|p2a: Corviknight|30/100
|
|upkeep
|turn|29
|
|t:|1760396929
|move|p1a: Poliwrath|Drain Punch|p2a: Corviknight
|-damage|p2a: Corviknight|0 fnt
|-heal|p1a: Poliwrath|32/100|[from] drain|[of] p2a: Corviknight
|faint|p2a: Corviknight
|
|upkeep
|
|t:|1760396936
|switch|p2a: Raging Bolt|Raging Bolt|55/100
|turn|30
|
|t:|1760396942
|move|p2a: Raging Bolt|Thunderclap|p1a: Poliwrath
|-resisted|p1a: Poliwrath
|-damage|p1a: Poliwrath|6/100
|move|p1a: Poliwrath|Ice Punch|p2a: Raging Bolt
|-supereffective|p2a: Raging Bolt
|-damage|p2a: Raging Bolt|7/100
|
|upkeep
|turn|31
|
|t:|1760396951
|switch|p1a: Greninja|Greninja, M|48/100
|move|p2a: Raging Bolt|Thunderclap||[still]
|-fail|p2a: Raging Bolt
|
|upkeep
|turn|32
|
|t:|1760396958
|move|p2a: Raging Bolt|Thunderclap|p1a: Greninja
|-supereffective|p1a: Greninja
|-damage|p1a: Greninja|0 fnt
|faint|p1a: Greninja
|
|upkeep
|-message|MasterGus2 forfeited.
|
|win|Treadmill2000
|raw|MasterGus2's rating: 1176 &rarr; <strong>1154</strong><br />(-22 for losing)
|raw|Treadmill2000's rating: 1222 &rarr; <strong>1244</strong><br />(+22 for winning)
|l|☆MasterGus2
|player|p1|
|l|☆Treadmill2000
|player|p2|
