|j|☆flyingtypemaster3
|j|☆holo-lyte
|t:|1760443380
|gametype|singles
|player|p1|flyingtypemaster3|winona-gen3|1209
|player|p2|holo-lyte|ingo|1229
|gen|9
|tier|[Gen 9] OU
|rated|
|rule|HP Percentage Mod: HP is shown in percentages
|rule|Endless Battle Clause: Forcing endless battles is banned
|rule|Species Clause: Limit one of each Pokémon
|rule|OHKO Clause: OHKO moves are banned
|rule|Evasion Items Clause: Evasion items are banned
|rule|Evasion Moves Clause: Evasion moves are banned
|rule|Evasion Abilities Clause: Evasion abilities are banned
|rule|Sleep Moves Clause: Sleep-inducing moves are banned
|clearpoke
|poke|p1|Great Tusk|
|poke|p1|Kingambit, M|
|poke|p1|Raging Bolt|
|poke|p1|Walking Wake|
|poke|p1|Ninetales, M|
|poke|p1|Ceruledge, M|
|poke|p2|Eelektross, M|
|poke|p2|Iron Boulder|
|poke|p2|Ceruledge, F|
|poke|p2|Zapdos-Galar|
|poke|p2|Glastrier|
|poke|p2|Duraludon, M|
|teampreview
|inactive|Battle timer is ON: inactive players will automatically lose when time's up. (requested by holo-lyte)
|
|t:|1760443395
|teamsize|p1|6
|teamsize|p2|6
|start
|switch|p1a: Ninetales|Ninetales, M, shiny|100/100
|switch|p2a: my win rate is 45%|Iron Boulder|100/100
|-weather|SunnyDay|[from] ability: Drought|[of] p1a: Ninetales
|-enditem|p2a: my win rate is 45%|Booster Energy
|-activate|p2a: my win rate is 45%|ability: Quark Drive|[fromitem]
|-start|p2a: my win rate is 45%|quarkdrivespe
|turn|1
|c|☆holo-lyte|ew sun team
|c|☆flyingtypemaster3|wut
|
|t:|1760443411
|move|p2a: my win rate is 45%|Mighty Cleave|p1a: Ninetales
|-supereffective|p1a: Ninetales
|-damage|p1a: Ninetales|0 fnt
|faint|p1a: Ninetales
|
|-weather|SunnyDay|[upkeep]
|upkeep
|c|☆holo-lyte|I hate sun teams
|c|☆flyingtypemaster3|ohhh
|
|t:|1760443422
|switch|p1a: Young blub|Walking Wake|100/100
|-activate|p1a: Young blub|ability: Protosynthesis
|-start|p1a: Young blub|protosynthesisspe
|turn|2
|
|t:|1760443427
|move|p1a: Young blub|Hydro Steam|p2a: my win rate is 45%
|-supereffective|p2a: my win rate is 45%
|-damage|p2a: my win rate is 45%|0 fnt
|faint|p2a: my win rate is 45%
|-end|p2a: my win rate is 45%|Quark Drive|[silent]
|
|-weather|SunnyDay|[upkeep]
|upkeep
|
|t:|1760443431
|switch|p2a: scalivur|Ceruledge, F|100/100
|turn|3
|
|t:|1760443436
|move|p1a: Young blub|Hydro Steam|p2a: scalivur
|-supereffective|p2a: scalivur
|-enditem|p2a: scalivur|Focus Sash
|-damage|p2a: scalivur|1/100
|move|p2a: scalivur|Destiny Bond|p2a: scalivur
|-singlemove|p2a: scalivur|Destiny Bond
|
|-weather|SunnyDay|[upkeep]
|upkeep
|turn|4
|c|☆holo-lyte|take a wild guess why
|c|☆flyingtypemaster3|why
|
|t:|1760443448
|-end|p1a: Young blub|Protosynthesis|[silent]
|switch|p1a: Ceruledge|Ceruledge, M, shiny|100/100
|move|p2a: scalivur|Shadow Claw|p1a: Ceruledge
|-supereffective|p1a: Ceruledge
|-damage|p1a: Ceruledge|11/100
|-ability|p1a: Ceruledge|Weak Armor|boost
|-unboost|p1a: Ceruledge|def|1
|-boost|p1a: Ceruledge|spe|2
|
|-weather|SunnyDay|[upkeep]
|upkeep
|turn|5
|
|t:|1760443455
|move|p1a: Ceruledge|Shadow Sneak|p2a: scalivur
|-supereffective|p2a: scalivur
|-damage|p2a: scalivur|0 fnt
|faint|p2a: scalivur
|
|-weather|SunnyDay|[upkeep]
|upkeep
|c|☆holo-lyte|I have no walkign wake counters
|
|t:|1760443470
|switch|p2a: wrong IVs|Eelektross, M|100/100
|turn|6
|
|t:|1760443482
|move|p1a: Ceruledge|Bitter Blade|p2a: wrong IVs
|-damage|p2a: wrong IVs|14/100
|-heal|p1a: Ceruledge|57/100|[from] drain|[of] p2a: wrong IVs
|move|p2a: wrong IVs|Discharge|p1a: Ceruledge
|-damage|p1a: Ceruledge|20/100
|
|-weather|SunnyDay|[upkeep]
|upkeep
|turn|7
|
|t:|1760443487
|move|p1a: Ceruledge|Bitter Blade|p2a: wrong IVs
|-damage|p2a: wrong IVs|0 fnt
|-heal|p1a: Ceruledge|27/100|[from] drain|[of] p2a: wrong IVs
|faint|p2a: wrong IVs
|
|-weather|SunnyDay|[upkeep]
|upkeep
|
|t:|1760443513
|switch|p2a: testing :(|Duraludon, M|100/100
|turn|8
|
|t:|1760443522
|move|p1a: Ceruledge|Bitter Blade|p2a: testing :(
|-damage|p2a: testing :(|53/100
|-heal|p1a: Ceruledge|49/100|[from] drain|[of] p2a: testing :(
|move|p2a: testing :(|Dragon Pulse|p1a: Ceruledge
|-damage|p1a: Ceruledge|7/100
|
|-weather|none
|upkeep
|turn|9
|
|t:|1760443529
|move|p1a: Ceruledge|Bitter Blade|p2a: testing :(
|-damage|p2a: testing :(|25/100
|-heal|p1a: Ceruledge|19/100|[from] drain|[of] p2a: testing :(
|move|p2a: testing :(|Dragon Pulse|p1a: Ceruledge
|-damage|p1a: Ceruledge|0 fnt
|faint|p1a: Ceruledge
|
|upkeep
|
|t:|1760443538
|switch|p1a: Great Tusk|Great Tusk|100/100
|turn|10
|
|t:|1760443550
|switch|p2a: ground hornbill|Zapdos-Galar|100/100
|move|p1a: Great Tusk|Rapid Spin|p2a: ground hornbill
|-damage|p2a: ground hornbill|80/100
|-boost|p1a: Great Tusk|spe|1
|
|upkeep
|turn|11
|
|t:|1760443575
|move|p1a: Great Tusk|Ice Spinner|p2a: ground hornbill
|-supereffective|p2a: ground hornbill
|-damage|p2a: ground hornbill|22/100
|move|p2a: ground hornbill|Bulk Up|p2a: ground hornbill
|-boost|p2a: ground hornbill|atk|1
|-boost|p2a: ground hornbill|def|1
|
|upkeep
|turn|12
|
|t:|1760443581
|move|p1a: Great Tusk|Ice Spinner|p2a: ground hornbill
|-supereffective|p2a: ground hornbill
|-damage|p2a: ground hornbill|0 fnt
|faint|p2a: ground hornbill
|
|upkeep
|
|t:|1760443584
|switch|p2a: glass|Glastrier|100/100
|turn|13
|
|t:|1760443587
|-terastallize|p2a: glass|Ground
|move|p1a: Great Tusk|Temper Flare|p2a: glass
|-damage|p2a: glass|83/100
|move|p2a: glass|Avalanche|p1a: Great Tusk
|-supereffective|p1a: Great Tusk
|-damage|p1a: Great Tusk|2/100
|
|upkeep
|turn|14
|
|t:|1760443593
|move|p1a: Great Tusk|Ice Spinner|p2a: glass
|-supereffective|p2a: glass
|-damage|p2a: glass|48/100
|move|p2a: glass|Avalanche|p1a: Great Tusk
|-supereffective|p1a: Great Tusk
|-damage|p1a: Great Tusk|0 fnt
|faint|p1a: Great Tusk
|-end|p1a: Great Tusk|Protosynthesis|[silent]
|-ability|p2a: glass|Chilling Neigh|boost
|-boost|p2a: glass|atk|1
|
|upkeep
|
|t:|1760443601
|switch|p1a: Young blub|Walking Wake|100/100
|turn|15
|
|t:|1760443604
|move|p1a: Young blub|Hydro Steam|p2a: glass
|-supereffective|p2a: glass
|-damage|p2a: glass|0 fnt
|faint|p2a: glass
|
|upkeep
|
|t:|1760443607
|switch|p2a: testing :(|Duraludon, M|25/100
|turn|16
|
|t:|1760443611
|move|p1a: Young blub|Draco Meteor|p2a: testing :(
|-damage|p2a: testing :(|0 fnt
|-unboost|p1a: Young blub|spa|2
|faint|p2a: testing :(
|
|win|flyingtypemaster3
|raw|flyingtypemaster3's rating: 1209 &rarr; <strong>1235</strong><br />(+26 for winning)
|raw|holo-lyte's rating: 1229 &rarr; <strong>1203</strong><br />(-26 for losing)
|c|☆flyingtypemaster3|ggs
|l|☆holo-lyte
|player|p2|
|c|☆flyingtypemaster3|sorryyyy
|l|☆flyingtypemaster3
|player|p1|
