|j|☆Sun Yp
|j|☆yuan5
|t:|1760340723
|gametype|singles
|player|p1|Sun Yp|170|1082
|player|p2|yuan5|cynthia-gen4|1089
|gen|9
|tier|[Gen 9] OU
|rated|
|rule|HP Percentage Mod: HP is shown in percentages
|rule|Endless Battle Clause: Forcing endless battles is banned
|rule|Species Clause: Limit one of each Pokémon
|rule|OHKO Clause: OHKO moves are banned
|rule|Evasion Items Clause: Evasion items are banned
|rule|Evasion Moves Clause: Evasion moves are banned
|rule|Evasion Abilities Clause: Evasion abilities are banned
|rule|Sleep Moves Clause: Sleep-inducing moves are banned
|clearpoke
|poke|p1|Indeedee, M|
|poke|p1|Primarina, F|
|poke|p1|Lokix, M|
|poke|p1|Rillaboom, M|
|poke|p1|Gliscor, M|
|poke|p1|Corviknight, F|
|poke|p2|Iron Valiant|
|poke|p2|Gliscor, F|
|poke|p2|Corviknight, M|
|poke|p2|Garchomp, M|
|poke|p2|Heatran, M|
|poke|p2|Zapdos|
|teampreview
|l|☆yuan5
|player|p2|
|j|☆yuan5
|player|p2|yuan5|cynthia-gen4|
|
|t:|1760340765
|teamsize|p1|6
|teamsize|p2|6
|start
|switch|p1a: Indeedee|Indeedee, M|100/100
|switch|p2a: Garchomp|Garchomp, M|100/100
|-fieldstart|move: Psychic Terrain|[from] ability: Psychic Surge|[of] p1a: Indeedee
|turn|1
|
|t:|1760340779
|move|p1a: Indeedee|Trick|p2a: Garchomp
|-activate|p1a: Indeedee|move: Trick|[of] p2a: Garchomp
|-item|p2a: Garchomp|Choice Scarf|[from] move: Trick
|-item|p1a: Indeedee|Choice Scarf|[from] move: Trick
|move|p2a: Garchomp|Earthquake|p1a: Indeedee
|-damage|p1a: Indeedee|0 fnt
|faint|p1a: Indeedee
|
|upkeep
|
|t:|1760340788
|switch|p1a: Rillaboom|Rillaboom, M|100/100
|-fieldstart|move: Grassy Terrain|[from] ability: Grassy Surge|[of] p1a: Rillaboom
|turn|2
|
|t:|1760340796
|switch|p2a: Corviknight|Corviknight, M|100/100
|move|p1a: Rillaboom|Wood Hammer|p2a: Corviknight
|-resisted|p2a: Corviknight
|-damage|p2a: Corviknight|78/100
|-damage|p1a: Rillaboom|84/100|[from] item: Rocky Helmet|[of] p2a: Corviknight
|-damage|p1a: Rillaboom|77/100|[from] Recoil
|-damage|p1a: Rillaboom|67/100|[from] item: Life Orb
|
|-heal|p1a: Rillaboom|73/100|[from] Grassy Terrain
|upkeep
|turn|3
|
|t:|1760340824
|switch|p1a: Corviknight|Corviknight, F|100/100
|move|p2a: Corviknight|Brave Bird|p1a: Corviknight
|-resisted|p1a: Corviknight
|-crit|p1a: Corviknight
|-damage|p1a: Corviknight|84/100
|-damage|p2a: Corviknight|72/100|[from] Recoil
|-enditem|p1a: Corviknight|Red Card|[of] p2a: Corviknight
|drag|p2a: Garchomp|Garchomp, M|100/100
|
|upkeep
|turn|4
|
|t:|1760340853
|switch|p2a: Zapdos|Zapdos|100/100
|move|p1a: Corviknight|Iron Defense|p1a: Corviknight
|-boost|p1a: Corviknight|def|2
|
|upkeep
|turn|5
|
|t:|1760340875
|switch|p1a: Gliscor|Gliscor, M|100/100
|move|p2a: Zapdos|Thunderbolt|p1a: Gliscor
|-immune|p1a: Gliscor
|
|-status|p1a: Gliscor|tox|[from] item: Toxic Orb
|upkeep
|turn|6
|
|t:|1760340890
|move|p2a: Zapdos|Hurricane|p1a: Gliscor
|-damage|p1a: Gliscor|52/100 tox
|move|p1a: Gliscor|Stealth Rock|p2a: Zapdos
|-sidestart|p2: yuan5|move: Stealth Rock
|
|-heal|p1a: Gliscor|64/100 tox|[from] ability: Poison Heal
|-fieldend|move: Grassy Terrain
|upkeep
|turn|7
|
|t:|1760340903
|move|p2a: Zapdos|Hurricane|p1a: Gliscor
|-damage|p1a: Gliscor|18/100 tox
|-start|p1a: Gliscor|confusion
|-activate|p1a: Gliscor|confusion
|-damage|p1a: Gliscor|12/100 tox|[from] confusion
|
|-heal|p1a: Gliscor|24/100 tox|[from] ability: Poison Heal
|upkeep
|turn|8
|
|t:|1760340913
|move|p2a: Zapdos|Hurricane|p1a: Gliscor|[miss]
|-miss|p2a: Zapdos|p1a: Gliscor
|-activate|p1a: Gliscor|confusion
|move|p1a: Gliscor|Knock Off|p2a: Zapdos
|-damage|p2a: Zapdos|80/100
|-enditem|p2a: Zapdos|Expert Belt|[from] move: Knock Off|[of] p1a: Gliscor
|
|-heal|p1a: Gliscor|36/100 tox|[from] ability: Poison Heal
|upkeep
|turn|9
|
|t:|1760340928
|switch|p1a: Corviknight|Corviknight, F|84/100
|move|p2a: Zapdos|Hurricane|p1a: Corviknight
|-resisted|p1a: Corviknight
|-damage|p1a: Corviknight|63/100
|
|upkeep
|turn|10
|
|t:|1760340936
|switch|p1a: Gliscor|Gliscor, M|36/100 tox
|move|p2a: Zapdos|Thunderbolt|p1a: Gliscor
|-immune|p1a: Gliscor
|
|-heal|p1a: Gliscor|49/100 tox|[from] ability: Poison Heal
|upkeep
|turn|11
|
|t:|1760340947
|move|p2a: Zapdos|Hurricane|p1a: Gliscor
|-damage|p1a: Gliscor|0 fnt
|faint|p1a: Gliscor
|
|upkeep
|
|t:|1760340955
|switch|p1a: Rillaboom|Rillaboom, M|73/100
|-fieldstart|move: Grassy Terrain|[from] ability: Grassy Surge|[of] p1a: Rillaboom
|turn|12
|
|t:|1760340976
|move|p2a: Zapdos|Hurricane|p1a: Rillaboom
|-supereffective|p1a: Rillaboom
|-damage|p1a: Rillaboom|0 fnt
|faint|p1a: Rillaboom
|
|upkeep
|
|t:|1760340987
|switch|p1a: Lokix|Lokix, M|100/100
|turn|13
|
|t:|1760340994
|move|p1a: Lokix|First Impression|p2a: Zapdos
|-resisted|p2a: Zapdos
|-damage|p2a: Zapdos|30/100
|-damage|p1a: Lokix|91/100|[from] item: Life Orb
|move|p2a: Zapdos|Thunderbolt|p1a: Lokix
|-damage|p1a: Lokix|15/100
|
|-heal|p1a: Lokix|21/100|[from] Grassy Terrain
|upkeep
|turn|14
|
|t:|1760341007
|move|p1a: Lokix|Sucker Punch|p2a: Zapdos
|-damage|p2a: Zapdos|0 fnt
|-status|p1a: Lokix|par|[from] ability: Static|[of] p2a: Zapdos
|faint|p2a: Zapdos
|-damage|p1a: Lokix|11/100 par|[from] item: Life Orb
|
|-heal|p1a: Lokix|17/100 par|[from] Grassy Terrain
|upkeep
|
|t:|1760341018
|switch|p2a: Garchomp|Garchomp, M|100/100
|-damage|p2a: Garchomp|94/100|[from] Stealth Rock
|turn|15
|
|t:|1760341025
|switch|p1a: Corviknight|Corviknight, F|63/100
|move|p2a: Garchomp|Dragon Claw|p1a: Corviknight
|-resisted|p1a: Corviknight
|-damage|p1a: Corviknight|49/100
|
|-heal|p2a: Garchomp|100/100|[from] Grassy Terrain
|upkeep
|turn|16
|
|t:|1760341035
|switch|p2a: Gliscor|Gliscor, F|100/100
|-damage|p2a: Gliscor|88/100|[from] Stealth Rock
|move|p1a: Corviknight|Roost|p1a: Corviknight
|-heal|p1a: Corviknight|99/100
|-singleturn|p1a: Corviknight|move: Roost
|
|-heal|p1a: Corviknight|100/100|[from] Grassy Terrain
|-fieldend|move: Grassy Terrain
|-status|p2a: Gliscor|tox|[from] item: Toxic Orb
|upkeep
|turn|17
|
|t:|1760341047
|move|p2a: Gliscor|Stealth Rock|p1a: Corviknight
|-sidestart|p1: Sun Yp|move: Stealth Rock
|move|p1a: Corviknight|Iron Defense|p1a: Corviknight
|-boost|p1a: Corviknight|def|2
|
|-heal|p2a: Gliscor|100/100 tox|[from] ability: Poison Heal
|upkeep
|turn|18
|
|t:|1760341055
|switch|p2a: Heatran|Heatran, M|100/100
|-damage|p2a: Heatran|88/100|[from] Stealth Rock
|-item|p2a: Heatran|Air Balloon
|move|p1a: Corviknight|Iron Defense|p1a: Corviknight
|-boost|p1a: Corviknight|def|2
|
|upkeep
|turn|19
|
|t:|1760341066
|move|p2a: Heatran|Magma Storm|p1a: Corviknight
|-supereffective|p1a: Corviknight
|-crit|p1a: Corviknight
|-damage|p1a: Corviknight|0 fnt
|faint|p1a: Corviknight
|
|upkeep
|
|t:|1760341074
|switch|p1a: Primarina|Primarina, F, shiny|100/100
|-damage|p1a: Primarina|88/100|[from] Stealth Rock
|turn|20
|
|t:|1760341104
|-terastallize|p2a: Heatran|Grass
|-terastallize|p1a: Primarina|Water
|move|p2a: Heatran|Tera Blast|p1a: Primarina|[anim] Tera Blast Grass
|-supereffective|p1a: Primarina
|-damage|p1a: Primarina|20/100
|move|p1a: Primarina|Hyper Voice|p2a: Heatran
|-resisted|p2a: Heatran
|-damage|p2a: Heatran|53/100
|-enditem|p2a: Heatran|Air Balloon
|-enditem|p1a: Primarina|Throat Spray
|-boost|p1a: Primarina|spa|1|[from] item: Throat Spray
|
|upkeep
|turn|21
|
|t:|1760341117
|move|p2a: Heatran|Tera Blast|p1a: Primarina|[anim] Tera Blast Grass
|-supereffective|p1a: Primarina
|-damage|p1a: Primarina|0 fnt
|faint|p1a: Primarina
|
|upkeep
|-message|Sun Yp forfeited.
|
|win|yuan5
|raw|Sun Yp's rating: 1082 &rarr; <strong>1060</strong><br />(-22 for losing)
|raw|yuan5's rating: 1089 &rarr; <strong>1115</strong><br />(+26 for winning)
|l|☆Sun Yp
|player|p1|
