|j|☆acathasnorival
|j|☆Gcsdc
|t:|1760340242
|gametype|singles
|player|p1|acathasnorival|101|1320
|player|p2|Gcsdc|102|1305
|gen|9
|tier|[Gen 9] OU
|rated|
|rule|HP Percentage Mod: HP is shown in percentages
|rule|Endless Battle Clause: Forcing endless battles is banned
|rule|Species Clause: Limit one of each Pokémon
|rule|OHKO Clause: OHKO moves are banned
|rule|Evasion Items Clause: Evasion items are banned
|rule|Evasion Moves Clause: Evasion moves are banned
|rule|Evasion Abilities Clause: Evasion abilities are banned
|rule|Sleep Moves Clause: Sleep-inducing moves are banned
|clearpoke
|poke|p1|Ogerpon-Wellspring, F|
|poke|p1|Gholdengo|
|poke|p1|Incineroar, M|
|poke|p1|Great Tusk|
|poke|p1|Zamazenta-*|
|poke|p1|Dragonite, F|
|poke|p2|Cinderace, M|
|poke|p2|Alomomola, M|
|poke|p2|Gholdengo|
|poke|p2|Enamorus, F|
|poke|p2|Okidogi, M|
|poke|p2|Dragonite, F|
|teampreview
|inactive|Battle timer is ON: inactive players will automatically lose when time's up. (requested by Gcsdc)
|
|t:|1760340250
|teamsize|p1|6
|teamsize|p2|6
|start
|switch|p1a: Incineroar|Incineroar, M|100/100
|switch|p2a: Okidogi|Okidogi, M|100/100
|-ability|p1a: Incineroar|Intimidate|boost
|-unboost|p2a: Okidogi|atk|1
|turn|1
|
|t:|1760340260
|switch|p1a: Great Tusk|Great Tusk|100/100
|move|p2a: Okidogi|Gunk Shot|p1a: Great Tusk
|-resisted|p1a: Great Tusk
|-damage|p1a: Great Tusk|84/100
|
|upkeep
|turn|2
|l|☆Gcsdc
|inactive|Gcsdc disconnected and has a minute to reconnect!
|player|p2|
|j|☆Gcsdc
|inactive|Gcsdc reconnected and has 125 seconds left.
|player|p2|Gcsdc|102|
|inactive|Gcsdc has 120 seconds left.
|
|t:|1760340291
|switch|p2a: Alomomola|Alomomola, M|100/100
|move|p1a: Great Tusk|Stealth Rock|p2a: Alomomola
|-sidestart|p2: Gcsdc|move: Stealth Rock
|
|upkeep
|turn|3
|
|t:|1760340298
|-end|p1a: Great Tusk|Protosynthesis|[silent]
|switch|p1a: Ogerpon|Ogerpon-Wellspring, F|100/100
|move|p2a: Alomomola|Scald|p1a: Ogerpon
|-immune|p1a: Ogerpon|[from] ability: Water Absorb
|
|upkeep
|turn|4
|
|t:|1760340302
|switch|p2a: Okidogi|Okidogi, M|100/100
|-damage|p2a: Okidogi|94/100|[from] Stealth Rock
|move|p1a: Ogerpon|Swords Dance|p1a: Ogerpon
|-boost|p1a: Ogerpon|atk|2
|
|upkeep
|turn|5
|
|t:|1760340313
|-terastallize|p1a: Ogerpon|Water
|detailschange|p1a: Ogerpon|Ogerpon-Wellspring-Tera, F, tera:Water
|-ability|p1a: Ogerpon|Embody Aspect (Wellspring)|boost
|-boost|p1a: Ogerpon|spd|1
|move|p1a: Ogerpon|Ivy Cudgel|p2a: Okidogi|[anim] Ivy Cudgel Water
|-damage|p2a: Okidogi|0 fnt
|faint|p2a: Okidogi
|
|upkeep
|
|t:|1760340323
|switch|p2a: Cinderace|Cinderace, M|100/100
|turn|6
|
|t:|1760340327
|move|p2a: Cinderace|Will-O-Wisp|p1a: Ogerpon
|-status|p1a: Ogerpon|brn
|move|p1a: Ogerpon|Ivy Cudgel|p2a: Cinderace|[anim] Ivy Cudgel Water
|-supereffective|p2a: Cinderace
|-damage|p2a: Cinderace|0 fnt
|faint|p2a: Cinderace
|
|-damage|p1a: Ogerpon|95/100 brn|[from] brn
|upkeep
|
|t:|1760340330
|switch|p2a: Gholdengo|Gholdengo|100/100
|-damage|p2a: Gholdengo|94/100|[from] Stealth Rock
|turn|7
|
|t:|1760340336
|move|p1a: Ogerpon|Swords Dance|p1a: Ogerpon
|-boost|p1a: Ogerpon|atk|2
|move|p2a: Gholdengo|Hex|p1a: Ogerpon
|-damage|p1a: Ogerpon|48/100 brn
|
|-heal|p2a: Gholdengo|100/100|[from] item: Leftovers
|-damage|p1a: Ogerpon|42/100 brn|[from] brn
|upkeep
|turn|8
|
|t:|1760340343
|move|p1a: Ogerpon|Ivy Cudgel|p2a: Gholdengo|[anim] Ivy Cudgel Water
|-damage|p2a: Gholdengo|15/100
|move|p2a: Gholdengo|Hex|p1a: Ogerpon
|-damage|p1a: Ogerpon|0 fnt
|faint|p1a: Ogerpon
|detailschange|p1: Ogerpon|Ogerpon-Wellspring, F|[silent]
|
|-heal|p2a: Gholdengo|21/100|[from] item: Leftovers
|upkeep
|
|t:|1760340350
|switch|p1a: Incineroar|Incineroar, M|100/100
|-ability|p1a: Incineroar|Intimidate|boost
|-unboost|p2a: Gholdengo|atk|1
|turn|9
|
|t:|1760340353
|switch|p2a: Alomomola|Alomomola, M|100/100
|move|p1a: Incineroar|Parting Shot|p2a: Alomomola
|-unboost|p2a: Alomomola|atk|1
|-unboost|p2a: Alomomola|spa|1
|
|t:|1760340363
|switch|p1a: Dragonite|Dragonite, F|100/100|[from] Parting Shot
|
|upkeep
|turn|10
|
|t:|1760340369
|move|p1a: Dragonite|Dragon Dance|p1a: Dragonite
|-boost|p1a: Dragonite|atk|1
|-boost|p1a: Dragonite|spe|1
|move|p2a: Alomomola|Flip Turn|p1a: Dragonite
|-resisted|p1a: Dragonite
|-damage|p1a: Dragonite|98/100
|
|t:|1760340371
|switch|p2a: Dragonite|Dragonite, F|100/100|[from] Flip Turn
|
|upkeep
|turn|11
|
|t:|1760340378
|move|p1a: Dragonite|Ice Spinner|p2a: Dragonite
|-supereffective|p2a: Dragonite
|-damage|p2a: Dragonite|3/100
|move|p2a: Dragonite|Ice Spinner|p1a: Dragonite
|-supereffective|p1a: Dragonite
|-damage|p1a: Dragonite|0 fnt
|faint|p1a: Dragonite
|
|upkeep
|
|t:|1760340400
|switch|p1a: Gholdengo|Gholdengo|100/100
|turn|12
|
|t:|1760340404
|move|p1a: Gholdengo|Make It Rain|p2a: Dragonite
|-damage|p2a: Dragonite|0 fnt
|-unboost|p1a: Gholdengo|spa|1
|faint|p2a: Dragonite
|
|upkeep
|
|t:|1760340408
|switch|p2a: Enamorus|Enamorus, F|100/100
|-damage|p2a: Enamorus|76/100|[from] Stealth Rock
|turn|13
|
|t:|1760340412
|move|p2a: Enamorus|Earth Power|p1a: Gholdengo
|-supereffective|p1a: Gholdengo
|-damage|p1a: Gholdengo|23/100
|move|p1a: Gholdengo|Make It Rain|p2a: Enamorus
|-supereffective|p2a: Enamorus
|-damage|p2a: Enamorus|0 fnt
|-unboost|p1a: Gholdengo|spa|1
|faint|p2a: Enamorus
|
|upkeep
|-message|Gcsdc forfeited.
|
|win|acathasnorival
|raw|acathasnorival's rating: 1320 &rarr; <strong>1339</strong><br />(+19 for winning)
|raw|Gcsdc's rating: 1305 &rarr; <strong>1286</strong><br />(-19 for losing)
|l|☆Gcsdc
|player|p2|
|l|☆acathasnorival
|player|p1|
