|j|☆vghhjg
|j|‽Cte plays
|t:|1760305218
|gametype|singles
|player|p1|vghhjg|2|1547
|player|p2|Cte plays|brendan|1609
|gen|9
|tier|[Gen 9] OU
|rated|
|rule|HP Percentage Mod: HP is shown in percentages
|rule|Endless Battle Clause: Forcing endless battles is banned
|rule|Species Clause: Limit one of each Pokémon
|rule|OHKO Clause: OHKO moves are banned
|rule|Evasion Items Clause: Evasion items are banned
|rule|Evasion Moves Clause: Evasion moves are banned
|rule|Evasion Abilities Clause: Evasion abilities are banned
|rule|Sleep Moves Clause: Sleep-inducing moves are banned
|clearpoke
|poke|p1|Ribombee, F|
|poke|p1|Gholdengo|
|poke|p1|Dragonite, F|
|poke|p1|Oricorio-Sensu, M|
|poke|p1|Primarina, M|
|poke|p1|Iron Treads|
|poke|p2|Samurott-Hisui, M|
|poke|p2|Dragapult, M|
|poke|p2|Glimmora, M|
|poke|p2|Iron Treads|
|poke|p2|Primarina, M|
|poke|p2|Zapdos|
|teampreview
|inactive|Battle timer is ON: inactive players will automatically lose when time's up. (requested by Cte plays)
|
|t:|1760305239
|teamsize|p1|6
|teamsize|p2|6
|start
|switch|p1a: Ribombee|Ribombee, F|100/100
|switch|p2a: Glimmora|Glimmora, M|100/100
|turn|1
|
|t:|1760305245
|move|p1a: Ribombee|Stun Spore|p2a: Glimmora
|-status|p2a: Glimmora|par
|move|p2a: Glimmora|Mortal Spin|p1a: Ribombee
|-supereffective|p1a: Ribombee
|-damage|p1a: Ribombee|74/100
|
|upkeep
|turn|2
|
|t:|1760305253
|move|p1a: Ribombee|Psychic Noise|p2a: Glimmora
|-supereffective|p2a: Glimmora
|-damage|p2a: Glimmora|35/100 par
|-start|p2a: Glimmora|move: Heal Block
|move|p2a: Glimmora|Mortal Spin|p1a: Ribombee
|-supereffective|p1a: Ribombee
|-damage|p1a: Ribombee|48/100
|
|upkeep
|turn|3
|
|t:|1760305262
|move|p1a: Ribombee|Sticky Web|p2a: Glimmora
|-sidestart|p2: Cte plays|move: Sticky Web
|move|p2a: Glimmora|Mortal Spin|p1a: Ribombee
|-supereffective|p1a: Ribombee
|-damage|p1a: Ribombee|25/100
|-sideend|p2: Cte plays|Sticky Web|[from] move: Mortal Spin|[of] p2a: Glimmora
|
|-end|p2a: Glimmora|move: Heal Block
|upkeep
|turn|4
|
|t:|1760305270
|move|p1a: Ribombee|Sticky Web|p2a: Glimmora
|-sidestart|p2: Cte plays|move: Sticky Web
|move|p2a: Glimmora|Mortal Spin|p1a: Ribombee
|-supereffective|p1a: Ribombee
|-damage|p1a: Ribombee|0 fnt
|-sideend|p2: Cte plays|Sticky Web|[from] move: Mortal Spin|[of] p2a: Glimmora
|faint|p1a: Ribombee
|
|upkeep
|
|t:|1760305277
|switch|p1a: Primarina|Primarina, M|100/100
|turn|5
|
|t:|1760305284
|switch|p2a: Primarina|Primarina, M|100/100
|move|p1a: Primarina|Substitute|p1a: Primarina
|-start|p1a: Primarina|Substitute
|-damage|p1a: Primarina|76/100
|
|-heal|p1a: Primarina|82/100|[from] item: Leftovers
|upkeep
|turn|6
|
|t:|1760305294
|move|p1a: Primarina|Calm Mind|p1a: Primarina
|-boost|p1a: Primarina|spa|1
|-boost|p1a: Primarina|spd|1
|move|p2a: Primarina|Energy Ball|p1a: Primarina
|-supereffective|p1a: Primarina
|-end|p1a: Primarina|Substitute
|
|-heal|p1a: Primarina|88/100|[from] item: Leftovers
|upkeep
|turn|7
|
|t:|1760305305
|move|p1a: Primarina|Calm Mind|p1a: Primarina
|-boost|p1a: Primarina|spa|1
|-boost|p1a: Primarina|spd|1
|move|p2a: Primarina|Energy Ball|p1a: Primarina
|-supereffective|p1a: Primarina
|-damage|p1a: Primarina|58/100
|-unboost|p1a: Primarina|spd|1
|
|-heal|p1a: Primarina|64/100|[from] item: Leftovers
|upkeep
|turn|8
|
|t:|1760305315
|move|p1a: Primarina|Calm Mind|p1a: Primarina
|-boost|p1a: Primarina|spa|1
|-boost|p1a: Primarina|spd|1
|move|p2a: Primarina|Psychic Noise|p1a: Primarina
|-resisted|p1a: Primarina
|-damage|p1a: Primarina|54/100
|-start|p1a: Primarina|move: Heal Block
|
|upkeep
|turn|9
|
|t:|1760305324
|move|p1a: Primarina|Substitute|p1a: Primarina
|-start|p1a: Primarina|Substitute
|-damage|p1a: Primarina|29/100
|move|p2a: Primarina|Energy Ball|p1a: Primarina
|-supereffective|p1a: Primarina
|-end|p1a: Primarina|Substitute
|
|-end|p1a: Primarina|move: Heal Block
|upkeep
|turn|10
|
|t:|1760305333
|move|p1a: Primarina|Moonblast|p2a: Primarina
|-damage|p2a: Primarina|34/100
|-unboost|p2a: Primarina|spa|1
|move|p2a: Primarina|Psychic Noise|p1a: Primarina
|-resisted|p1a: Primarina
|-damage|p1a: Primarina|23/100
|-start|p1a: Primarina|move: Heal Block
|
|upkeep
|turn|11
|
|t:|1760305343
|move|p1a: Primarina|Moonblast|p2a: Primarina
|-damage|p2a: Primarina|0 fnt
|faint|p2a: Primarina
|
|-end|p1a: Primarina|move: Heal Block
|upkeep
|
|t:|1760305358
|switch|p2a: Iron Treads|Iron Treads, shiny|100/100
|turn|12
|
|t:|1760305367
|move|p2a: Iron Treads|Earthquake|p1a: Primarina
|-damage|p1a: Primarina|0 fnt
|faint|p1a: Primarina
|
|upkeep
|
|t:|1760305374
|switch|p1a: Oricorio|Oricorio-Sensu, M|100/100
|turn|13
|
|t:|1760305380
|move|p2a: Iron Treads|Ice Spinner|p1a: Oricorio
|-supereffective|p1a: Oricorio
|-damage|p1a: Oricorio|49/100
|move|p1a: Oricorio|Quiver Dance|p1a: Oricorio
|-boost|p1a: Oricorio|spa|1
|-boost|p1a: Oricorio|spd|1
|-boost|p1a: Oricorio|spe|1
|
|upkeep
|turn|14
|
|t:|1760305388
|move|p1a: Oricorio|Roost|p1a: Oricorio
|-heal|p1a: Oricorio|99/100
|-singleturn|p1a: Oricorio|move: Roost
|move|p2a: Iron Treads|Ice Spinner|p1a: Oricorio
|-damage|p1a: Oricorio|71/100
|
|upkeep
|turn|15
|
|t:|1760305413
|move|p1a: Oricorio|Revelation Dance|p2a: Iron Treads
|-damage|p2a: Iron Treads|61/100
|move|p2a: Iron Treads|Ice Spinner|p1a: Oricorio
|-supereffective|p1a: Oricorio
|-damage|p1a: Oricorio|16/100
|
|upkeep
|turn|16
|
|t:|1760305421
|move|p1a: Oricorio|Roost|p1a: Oricorio
|-heal|p1a: Oricorio|66/100
|-singleturn|p1a: Oricorio|move: Roost
|move|p2a: Iron Treads|Iron Head|p1a: Oricorio
|-damage|p1a: Oricorio|29/100
|
|upkeep
|turn|17
|
|t:|1760305429
|move|p1a: Oricorio|Roost|p1a: Oricorio
|-heal|p1a: Oricorio|80/100
|-singleturn|p1a: Oricorio|move: Roost
|move|p2a: Iron Treads|Iron Head|p1a: Oricorio
|-damage|p1a: Oricorio|37/100
|
|upkeep
|turn|18
|
|t:|1760305436
|move|p1a: Oricorio|Roost|p1a: Oricorio
|-heal|p1a: Oricorio|87/100
|-singleturn|p1a: Oricorio|move: Roost
|move|p2a: Iron Treads|Iron Head|p1a: Oricorio
|-damage|p1a: Oricorio|51/100
|
|upkeep
|turn|19
|
|t:|1760305444
|move|p1a: Oricorio|Roost|p1a: Oricorio
|-heal|p1a: Oricorio|100/100
|-singleturn|p1a: Oricorio|move: Roost
|move|p2a: Iron Treads|Ice Spinner|p1a: Oricorio
|-damage|p1a: Oricorio|72/100
|
|upkeep
|turn|20
|
|t:|1760305453
|move|p1a: Oricorio|Quiver Dance|p1a: Oricorio
|-boost|p1a: Oricorio|spa|1
|-boost|p1a: Oricorio|spd|1
|-boost|p1a: Oricorio|spe|1
|move|p2a: Iron Treads|Ice Spinner|p1a: Oricorio
|-supereffective|p1a: Oricorio
|-damage|p1a: Oricorio|15/100
|
|upkeep
|turn|21
|
|t:|1760305470
|-terastallize|p1a: Oricorio|Water
|move|p1a: Oricorio|Roost|p1a: Oricorio
|-heal|p1a: Oricorio|65/100
|move|p2a: Iron Treads|Iron Head|p1a: Oricorio
|-resisted|p1a: Oricorio
|-damage|p1a: Oricorio|43/100
|
|upkeep
|turn|22
|
|t:|1760305479
|move|p1a: Oricorio|Revelation Dance|p2a: Iron Treads
|-supereffective|p2a: Iron Treads
|-damage|p2a: Iron Treads|0 fnt
|faint|p2a: Iron Treads
|-end|p2a: Iron Treads|Quark Drive|[silent]
|
|upkeep
|
|t:|1760305503
|switch|p2a: Zapdos|Zapdos, shiny|100/100
|turn|23
|
|t:|1760305507
|move|p1a: Oricorio|Quiver Dance|p1a: Oricorio
|-boost|p1a: Oricorio|spa|1
|-boost|p1a: Oricorio|spd|1
|-boost|p1a: Oricorio|spe|1
|move|p2a: Zapdos|Volt Switch|p1a: Oricorio
|-supereffective|p1a: Oricorio
|-crit|p1a: Oricorio
|-damage|p1a: Oricorio|0 fnt
|faint|p1a: Oricorio
|
|t:|1760305520
|switch|p2a: Dragapult|Dragapult, M|100/100|[from] Volt Switch
|
|upkeep
|
|t:|1760305524
|switch|p1a: Iron Treads|Iron Treads|100/100
|turn|24
|
|t:|1760305528
|move|p2a: Dragapult|U-turn|p1a: Iron Treads
|-resisted|p1a: Iron Treads
|-damage|p1a: Iron Treads|83/100
|
|t:|1760305533
|switch|p2a: Glimmora|Glimmora, M|35/100 par|[from] U-turn
|move|p1a: Iron Treads|Knock Off|p2a: Glimmora
|-damage|p2a: Glimmora|0 fnt
|-activate|p2a: Glimmora|ability: Toxic Debris
|-sidestart|p1: vghhjg|move: Toxic Spikes
|-enditem|p2a: Glimmora|Focus Sash|[from] move: Knock Off|[of] p1a: Iron Treads
|faint|p2a: Glimmora
|
|upkeep
|
|t:|1760305545
|switch|p2a: Zapdos|Zapdos, shiny|100/100
|turn|25
|
|t:|1760305568
|move|p1a: Iron Treads|Stealth Rock|p2a: Zapdos
|-sidestart|p2: Cte plays|move: Stealth Rock
|move|p2a: Zapdos|Heat Wave|p1a: Iron Treads
|-supereffective|p1a: Iron Treads
|-damage|p1a: Iron Treads|0 fnt
|faint|p1a: Iron Treads
|-end|p1a: Iron Treads|Quark Drive|[silent]
|
|upkeep
|inactive|vghhjg has 120 seconds left.
|
|t:|1760305588
|switch|p1a: Dragonite|Dragonite, F, shiny|100/100
|turn|26
|
|t:|1760305593
|move|p1a: Dragonite|Dragon Dance|p1a: Dragonite
|-boost|p1a: Dragonite|atk|1
|-boost|p1a: Dragonite|spe|1
|move|p2a: Zapdos|Volt Switch|p1a: Dragonite
|-crit|p1a: Dragonite
|-damage|p1a: Dragonite|74/100
|
|t:|1760305599
|switch|p2a: Dragapult|Dragapult, M|100/100|[from] Volt Switch
|-damage|p2a: Dragapult|88/100|[from] Stealth Rock
|
|-heal|p1a: Dragonite|80/100|[from] item: Leftovers
|upkeep
|turn|27
|
|t:|1760305611
|move|p1a: Dragonite|Earthquake|p2a: Dragapult
|-damage|p2a: Dragapult|3/100
|move|p2a: Dragapult|Dragon Darts|p1a: Dragonite
|-supereffective|p1a: Dragonite
|-damage|p1a: Dragonite|0 fnt
|faint|p1a: Dragonite
|
|upkeep
|
|t:|1760305617
|switch|p1a: Gholdengo|Gholdengo|100/100
|-item|p1a: Gholdengo|Air Balloon
|turn|28
|
|t:|1760305625
|move|p2a: Dragapult|Dragon Darts|p1a: Gholdengo
|-resisted|p1a: Gholdengo
|-damage|p1a: Gholdengo|80/100
|-enditem|p1a: Gholdengo|Air Balloon
|-anim|p2a: Dragapult|Dragon Darts|p1a: Gholdengo
|-resisted|p1a: Gholdengo
|-damage|p1a: Gholdengo|60/100
|move|p1a: Gholdengo|Nasty Plot|p1a: Gholdengo
|-boost|p1a: Gholdengo|spa|2
|
|upkeep
|turn|29
|
|t:|1760305635
|move|p2a: Dragapult|Dragon Darts|p1a: Gholdengo
|-resisted|p1a: Gholdengo
|-damage|p1a: Gholdengo|40/100
|-anim|p2a: Dragapult|Dragon Darts|p1a: Gholdengo
|-resisted|p1a: Gholdengo
|-damage|p1a: Gholdengo|18/100
|move|p1a: Gholdengo|Shadow Ball|p2a: Dragapult
|-supereffective|p2a: Dragapult
|-damage|p2a: Dragapult|0 fnt
|faint|p2a: Dragapult
|
|upkeep
|
|t:|1760305646
|switch|p2a: Samurott|Samurott-Hisui, M|100/100
|-damage|p2a: Samurott|88/100|[from] Stealth Rock
|turn|30
|
|t:|1760305652
|move|p2a: Samurott|Ceaseless Edge|p1a: Gholdengo
|-supereffective|p1a: Gholdengo
|-damage|p1a: Gholdengo|0 fnt
|-sidestart|p1: vghhjg|Spikes
|faint|p1a: Gholdengo
|
|win|Cte plays
|raw|vghhjg's rating: 1547 &rarr; <strong>1531</strong><br />(-16 for losing)
|raw|Cte plays's rating: 1609 &rarr; <strong>1625</strong><br />(+16 for winning)
|l|☆vghhjg
|player|p1|
|l|‽Cte plays
|player|p2|
