|j|☆destroyer1379
|j|☆OJB989
|t:|1760317284
|gametype|singles
|player|p1|destroyer1379|2|1224
|player|p2|OJB989|firebreather|1227
|gen|9
|tier|[Gen 9] OU
|rated|
|rule|HP Percentage Mod: HP is shown in percentages
|rule|Endless Battle Clause: Forcing endless battles is banned
|rule|Species Clause: Limit one of each Pokémon
|rule|OHKO Clause: OHKO moves are banned
|rule|Evasion Items Clause: Evasion items are banned
|rule|Evasion Moves Clause: Evasion moves are banned
|rule|Evasion Abilities Clause: Evasion abilities are banned
|rule|Sleep Moves Clause: Sleep-inducing moves are banned
|clearpoke
|poke|p1|Moltres|
|poke|p1|Iron Hands|
|poke|p1|Iron Treads|
|poke|p1|Hydreigon, M|
|poke|p1|Gastrodon-East, M|
|poke|p1|Pecharunt|
|poke|p2|Inteleon, F|
|poke|p2|Talonflame, M|
|poke|p2|Pelipper, F|
|poke|p2|Iron Jugulis|
|poke|p2|Empoleon, M|
|poke|p2|Landorus-Therian, M|
|teampreview
|
|t:|1760317303
|teamsize|p1|6
|teamsize|p2|6
|start
|switch|p1a: Gastrodon|Gastrodon-East, M|100/100
|switch|p2a: Landorus|Landorus-Therian, M|100/100
|-ability|p2a: Landorus|Intimidate|boost
|-unboost|p1a: Gastrodon|atk|1
|turn|1
|
|t:|1760317308
|-terastallize|p2a: Landorus|Flying
|move|p2a: Landorus|Earthquake|p1a: Gastrodon
|-crit|p1a: Gastrodon
|-damage|p1a: Gastrodon|0 fnt
|faint|p1a: Gastrodon
|
|upkeep
|c|☆OJB989|well uhhhhh
|
|t:|1760317323
|switch|p1a: Hydreigon|Hydreigon, M|100/100
|turn|2
|
|t:|1760317333
|switch|p2a: Empoleon|Empoleon, M|100/100
|move|p1a: Hydreigon|U-turn|p2a: Empoleon
|-resisted|p2a: Empoleon
|-crit|p2a: Empoleon
|-damage|p2a: Empoleon|86/100
|
|t:|1760317338
|switch|p1a: Pecharunt|Pecharunt|100/100|[from] U-turn
|
|upkeep
|turn|3
|
|t:|1760317353
|move|p2a: Empoleon|Surf|p1a: Pecharunt
|-damage|p1a: Pecharunt|33/100
|move|p1a: Pecharunt|Nasty Plot|p1a: Pecharunt
|-boost|p1a: Pecharunt|spa|2
|
|-heal|p1a: Pecharunt|39/100|[from] item: Leftovers
|upkeep
|turn|4
|inactive|Battle timer is ON: inactive players will automatically lose when time's up. (requested by OJB989)
|
|t:|1760317405
|move|p2a: Empoleon|Surf|p1a: Pecharunt
|-damage|p1a: Pecharunt|0 fnt
|faint|p1a: Pecharunt
|
|upkeep
|
|t:|1760317409
|switch|p1a: Iron Hands|Iron Hands|100/100
|turn|5
|
|t:|1760317417
|switch|p2a: Landorus|Landorus-Therian, M, tera:Flying|100/100
|-ability|p2a: Landorus|Intimidate|boost
|-unboost|p1a: Iron Hands|atk|1
|move|p1a: Iron Hands|Swords Dance|p1a: Iron Hands
|-boost|p1a: Iron Hands|atk|2
|
|upkeep
|turn|6
|
|t:|1760317442
|move|p2a: Landorus|Tera Blast|p1a: Iron Hands|[anim] Tera Blast Flying
|-damage|p1a: Iron Hands|40/100
|move|p1a: Iron Hands|Ice Punch|p2a: Landorus
|-supereffective|p2a: Landorus
|-damage|p2a: Landorus|0 fnt
|faint|p2a: Landorus
|
|upkeep
|
|t:|1760317459
|switch|p2a: Pelipper|Pelipper, F|100/100
|-weather|RainDance|[from] ability: Drizzle|[of] p2a: Pelipper
|turn|7
|
|t:|1760317466
|move|p2a: Pelipper|Hurricane|p1a: Iron Hands
|-damage|p1a: Iron Hands|0 fnt
|faint|p1a: Iron Hands
|-end|p1a: Iron Hands|Quark Drive|[silent]
|
|-weather|RainDance|[upkeep]
|upkeep
|
|t:|1760317470
|switch|p1a: Iron Treads|Iron Treads|100/100
|-enditem|p1a: Iron Treads|Booster Energy
|-activate|p1a: Iron Treads|ability: Quark Drive|[fromitem]
|-start|p1a: Iron Treads|quarkdrivespe
|turn|8
|
|t:|1760317478
|move|p1a: Iron Treads|Rapid Spin|p2a: Pelipper
|-damage|p2a: Pelipper|85/100
|-boost|p1a: Iron Treads|spe|1
|move|p2a: Pelipper|Hydro Pump|p1a: Iron Treads
|-supereffective|p1a: Iron Treads
|-damage|p1a: Iron Treads|0 fnt
|faint|p1a: Iron Treads
|-end|p1a: Iron Treads|Quark Drive|[silent]
|
|-weather|RainDance|[upkeep]
|upkeep
|
|t:|1760317486
|switch|p1a: Hydreigon|Hydreigon, M|100/100
|turn|9
|
|t:|1760317492
|switch|p2a: Empoleon|Empoleon, M|86/100
|move|p1a: Hydreigon|Dark Pulse|p2a: Empoleon
|-damage|p2a: Empoleon|44/100
|
|-weather|RainDance|[upkeep]
|upkeep
|turn|10
|
|t:|1760317498
|move|p1a: Hydreigon|Dark Pulse|p2a: Empoleon
|-damage|p2a: Empoleon|0 fnt
|faint|p2a: Empoleon
|
|-weather|RainDance|[upkeep]
|upkeep
|
|t:|1760317510
|switch|p2a: Iron Jugulis|Iron Jugulis|100/100
|turn|11
|
|t:|1760317536
|move|p2a: Iron Jugulis|Air Slash|p1a: Hydreigon
|-damage|p1a: Hydreigon|59/100
|cant|p1a: Hydreigon|flinch
|
|-weather|RainDance|[upkeep]
|upkeep
|turn|12
|
|t:|1760317546
|switch|p1a: Moltres|Moltres|100/100
|move|p2a: Iron Jugulis|Air Slash|p1a: Moltres
|-damage|p1a: Moltres|61/100
|
|-weather|RainDance|[upkeep]
|upkeep
|turn|13
|c|☆OJB989|togekiss simulator
|
|t:|1760317561
|move|p2a: Iron Jugulis|Air Slash|p1a: Moltres
|-damage|p1a: Moltres|21/100
|cant|p1a: Moltres|flinch
|
|-weather|RainDance|[upkeep]
|upkeep
|turn|14
|
|t:|1760317568
|move|p2a: Iron Jugulis|Air Slash|p1a: Moltres
|-damage|p1a: Moltres|0 fnt
|faint|p1a: Moltres
|
|-weather|none
|upkeep
|
|t:|1760317571
|switch|p1a: Hydreigon|Hydreigon, M|59/100
|turn|15
|
|t:|1760317576
|move|p2a: Iron Jugulis|Air Slash|p1a: Hydreigon
|-damage|p1a: Hydreigon|18/100
|cant|p1a: Hydreigon|flinch
|
|upkeep
|turn|16
|
|t:|1760317581
|move|p2a: Iron Jugulis|Air Slash|p1a: Hydreigon
|-damage|p1a: Hydreigon|0 fnt
|faint|p1a: Hydreigon
|
|win|OJB989
|raw|destroyer1379's rating: 1224 &rarr; <strong>1199</strong><br />(-25 for losing)
|raw|OJB989's rating: 1227 &rarr; <strong>1252</strong><br />(+25 for winning)
|l|☆destroyer1379
|player|p1|
|c|☆OJB989|30%=100% confirmed
