|j|☆cascasc
|j|☆RegalKnight
|t:|1760367843
|gametype|singles
|player|p1|cascasc|ninjaboy|1367
|player|p2|RegalKnight|ghetsis|1375
|gen|9
|tier|[Gen 9] OU
|rated|
|rule|HP Percentage Mod: HP is shown in percentages
|rule|Endless Battle Clause: Forcing endless battles is banned
|rule|Species Clause: Limit one of each Pokémon
|rule|OHKO Clause: OHKO moves are banned
|rule|Evasion Items Clause: Evasion items are banned
|rule|Evasion Moves Clause: Evasion moves are banned
|rule|Evasion Abilities Clause: Evasion abilities are banned
|rule|Sleep Moves Clause: Sleep-inducing moves are banned
|clearpoke
|poke|p1|Dondozo, F|
|poke|p1|Great Tusk|
|poke|p1|Kyurem|
|poke|p1|Gholdengo|
|poke|p1|Slowking-Galar, M|
|poke|p1|Zapdos|
|poke|p2|Great Tusk|
|poke|p2|Kingambit, M|
|poke|p2|Raging Bolt|
|poke|p2|Iron Valiant|
|poke|p2|Ceruledge, M|
|poke|p2|Moltres|
|teampreview
|inactive|Battle timer is ON: inactive players will automatically lose when time's up. (requested by RegalKnight)
|
|t:|1760367863
|teamsize|p1|6
|teamsize|p2|6
|start
|switch|p1a: Zapdos|Zapdos|100/100
|switch|p2a: Moltres|Moltres|100/100
|turn|1
|
|t:|1760367872
|switch|p2a: Raging Bolt|Raging Bolt|100/100
|-enditem|p2a: Raging Bolt|Booster Energy
|-activate|p2a: Raging Bolt|ability: Protosynthesis|[fromitem]
|-start|p2a: Raging Bolt|protosynthesisspa
|move|p1a: Zapdos|Hurricane|p2a: Raging Bolt|[miss]
|-miss|p1a: Zapdos|p2a: Raging Bolt
|
|upkeep
|turn|2
|
|t:|1760367884
|move|p1a: Zapdos|U-turn|p2a: Raging Bolt
|-damage|p2a: Raging Bolt|88/100
|
|t:|1760367887
|switch|p1a: Slowking|Slowking-Galar, M|100/100|[from] U-turn
|move|p2a: Raging Bolt|Dragon Pulse|p1a: Slowking
|-damage|p1a: Slowking|55/100
|
|upkeep
|turn|3
|
|t:|1760367895
|move|p2a: Raging Bolt|Thunderbolt|p1a: Slowking
|-damage|p1a: Slowking|8/100
|move|p1a: Slowking|Slack Off|p1a: Slowking
|-heal|p1a: Slowking|58/100
|
|upkeep
|turn|4
|
|t:|1760367903
|move|p2a: Raging Bolt|Thunderbolt|p1a: Slowking
|-damage|p1a: Slowking|14/100
|move|p1a: Slowking|Sludge Bomb|p2a: Raging Bolt
|-damage|p2a: Raging Bolt|60/100
|-status|p2a: Raging Bolt|psn
|
|-damage|p2a: Raging Bolt|47/100 psn|[from] psn
|upkeep
|turn|5
|
|t:|1760367910
|switch|p1a: Great Tusk|Great Tusk|100/100
|move|p2a: Raging Bolt|Dragon Pulse|p1a: Great Tusk
|-damage|p1a: Great Tusk|19/100
|
|-damage|p2a: Raging Bolt|35/100 psn|[from] psn
|upkeep
|turn|6
|
|t:|1760367918
|-terastallize|p2a: Raging Bolt|Fairy
|move|p1a: Great Tusk|Ice Spinner|p2a: Raging Bolt
|-damage|p2a: Raging Bolt|15/100 psn
|move|p2a: Raging Bolt|Tera Blast|p1a: Great Tusk|[anim] Tera Blast Fairy
|-supereffective|p1a: Great Tusk
|-damage|p1a: Great Tusk|0 fnt
|faint|p1a: Great Tusk
|-end|p1a: Great Tusk|Protosynthesis|[silent]
|
|-damage|p2a: Raging Bolt|3/100 psn|[from] psn
|upkeep
|
|t:|1760367925
|switch|p1a: Zapdos|Zapdos|100/100
|turn|7
|
|t:|1760367930
|move|p2a: Raging Bolt|Thunderclap|p1a: Zapdos
|-damage|p1a: Zapdos|51/100
|move|p1a: Zapdos|Thunderbolt|p2a: Raging Bolt
|-damage|p2a: Raging Bolt|0 fnt
|faint|p2a: Raging Bolt
|-end|p2a: Raging Bolt|Protosynthesis|[silent]
|
|upkeep
|
|t:|1760367944
|switch|p2a: Great Tusk|Great Tusk|100/100
|turn|8
|
|t:|1760367953
|switch|p1a: Gholdengo|Gholdengo|100/100
|-item|p1a: Gholdengo|Air Balloon
|move|p2a: Great Tusk|Stealth Rock|p1a: Gholdengo
|-sidestart|p1: cascasc|move: Stealth Rock
|
|upkeep
|turn|9
|
|t:|1760367965
|-end|p2a: Great Tusk|Protosynthesis|[silent]
|switch|p2a: Ceruledge|Ceruledge, M|100/100
|move|p1a: Gholdengo|Shadow Ball|p2a: Ceruledge
|-supereffective|p2a: Ceruledge
|-damage|p2a: Ceruledge|6/100
|
|upkeep
|turn|10
|
|t:|1760367977
|switch|p1a: Donbozo|Dondozo, F, shiny|100/100
|-damage|p1a: Donbozo|88/100|[from] Stealth Rock
|move|p2a: Ceruledge|Bitter Blade|p1a: Donbozo
|-resisted|p1a: Donbozo
|-damage|p1a: Donbozo|74/100
|-heal|p2a: Ceruledge|18/100|[from] drain|[of] p1a: Donbozo
|
|upkeep
|turn|11
|
|t:|1760367985
|move|p2a: Ceruledge|Poltergeist|p1a: Donbozo
|-activate|p1a: Donbozo|move: Poltergeist|Chesto Berry
|-damage|p1a: Donbozo|37/100
|move|p1a: Donbozo|Liquidation|p2a: Ceruledge
|-supereffective|p2a: Ceruledge
|-damage|p2a: Ceruledge|0 fnt
|faint|p2a: Ceruledge
|
|upkeep
|
|t:|1760367994
|switch|p2a: Iron Valiant|Iron Valiant|100/100
|-enditem|p2a: Iron Valiant|Booster Energy
|-activate|p2a: Iron Valiant|ability: Quark Drive|[fromitem]
|-start|p2a: Iron Valiant|quarkdrivespe
|turn|12
|
|t:|1760368002
|switch|p1a: Gholdengo|Gholdengo|100/100
|-damage|p1a: Gholdengo|94/100|[from] Stealth Rock
|-item|p1a: Gholdengo|Air Balloon
|move|p2a: Iron Valiant|Swords Dance|p2a: Iron Valiant
|-boost|p2a: Iron Valiant|atk|2
|
|upkeep
|turn|13
|
|t:|1760368010
|move|p2a: Iron Valiant|Spirit Break|p1a: Gholdengo
|-resisted|p1a: Gholdengo
|-damage|p1a: Gholdengo|63/100
|-unboost|p1a: Gholdengo|spa|1
|-enditem|p1a: Gholdengo|Air Balloon
|move|p1a: Gholdengo|Make It Rain|p2a: Iron Valiant
|-supereffective|p2a: Iron Valiant
|-damage|p2a: Iron Valiant|0 fnt
|-unboost|p1a: Gholdengo|spa|1
|faint|p2a: Iron Valiant
|-end|p2a: Iron Valiant|Quark Drive|[silent]
|
|upkeep
|
|t:|1760368019
|switch|p2a: Great Tusk|Great Tusk|100/100
|turn|14
|
|t:|1760368023
|move|p2a: Great Tusk|Headlong Rush|p1a: Gholdengo
|-supereffective|p1a: Gholdengo
|-damage|p1a: Gholdengo|0 fnt
|-unboost|p2a: Great Tusk|def|1
|-unboost|p2a: Great Tusk|spd|1
|faint|p1a: Gholdengo
|
|upkeep
|
|t:|1760368030
|switch|p1a: Zapdos|Zapdos|51/100
|turn|15
|
|t:|1760368038
|move|p2a: Great Tusk|Ice Spinner|p1a: Zapdos
|-supereffective|p1a: Zapdos
|-damage|p1a: Zapdos|0 fnt
|-status|p2a: Great Tusk|par|[from] ability: Static|[of] p1a: Zapdos
|faint|p1a: Zapdos
|
|upkeep
|
|t:|1760368056
|switch|p1a: Donbozo|Dondozo, F, shiny|37/100
|-damage|p1a: Donbozo|24/100|[from] Stealth Rock
|turn|16
|
|t:|1760368062
|cant|p2a: Great Tusk|par
|move|p1a: Donbozo|Rest|p1a: Donbozo
|-status|p1a: Donbozo|slp|[from] move: Rest
|-heal|p1a: Donbozo|100/100 slp|[silent]
|-enditem|p1a: Donbozo|Chesto Berry|[eat]
|-curestatus|p1a: Donbozo|slp|[msg]
|
|upkeep
|turn|17
|
|t:|1760368067
|move|p2a: Great Tusk|Headlong Rush|p1a: Donbozo
|-damage|p1a: Donbozo|60/100
|-unboost|p2a: Great Tusk|def|1
|-unboost|p2a: Great Tusk|spd|1
|move|p1a: Donbozo|Curse|p1a: Donbozo
|-unboost|p1a: Donbozo|spe|1
|-boost|p1a: Donbozo|atk|1
|-boost|p1a: Donbozo|def|1
|
|upkeep
|turn|18
|
|t:|1760368079
|-end|p2a: Great Tusk|Protosynthesis|[silent]
|switch|p2a: Moltres|Moltres|100/100
|move|p1a: Donbozo|Rest|p1a: Donbozo
|-status|p1a: Donbozo|slp|[from] move: Rest
|-heal|p1a: Donbozo|100/100 slp|[silent]
|
|upkeep
|turn|19
|
|t:|1760368087
|move|p2a: Moltres|Air Slash|p1a: Donbozo
|-damage|p1a: Donbozo|74/100 slp
|cant|p1a: Donbozo|slp
|
|upkeep
|turn|20
|
|t:|1760368093
|move|p2a: Moltres|Air Slash|p1a: Donbozo
|-damage|p1a: Donbozo|46/100 slp
|cant|p1a: Donbozo|slp
|
|upkeep
|turn|21
|
|t:|1760368098
|move|p2a: Moltres|Air Slash|p1a: Donbozo
|-damage|p1a: Donbozo|20/100 slp
|-curestatus|p1a: Donbozo|slp|[msg]
|move|p1a: Donbozo|Liquidation|p2a: Moltres
|-supereffective|p2a: Moltres
|-damage|p2a: Moltres|12/100
|-status|p1a: Donbozo|brn|[from] ability: Flame Body|[of] p2a: Moltres
|
|-heal|p2a: Moltres|19/100|[from] item: Leftovers
|-damage|p1a: Donbozo|14/100 brn|[from] brn
|upkeep
|turn|22
|
|t:|1760368106
|move|p2a: Moltres|Air Slash|p1a: Donbozo
|-damage|p1a: Donbozo|0 fnt
|faint|p1a: Donbozo
|
|-heal|p2a: Moltres|25/100|[from] item: Leftovers
|upkeep
|
|t:|1760368112
|switch|p1a: Kyurem|Kyurem|100/100
|-damage|p1a: Kyurem|76/100|[from] Stealth Rock
|-ability|p1a: Kyurem|Pressure
|turn|23
|
|t:|1760368121
|-terastallize|p1a: Kyurem|Fire
|move|p1a: Kyurem|Dragon Dance|p1a: Kyurem
|-boost|p1a: Kyurem|atk|1
|-boost|p1a: Kyurem|spe|1
|move|p2a: Moltres|Will-O-Wisp|p1a: Kyurem|[miss]
|-miss|p2a: Moltres|p1a: Kyurem
|
|-heal|p2a: Moltres|31/100|[from] item: Leftovers
|upkeep
|turn|24
|
|t:|1760368127
|move|p1a: Kyurem|Icicle Spear|p2a: Moltres
|-damage|p2a: Moltres|11/100
|-damage|p2a: Moltres|0 fnt
|faint|p2a: Moltres
|-hitcount|p2: Moltres|2
|
|upkeep
|
|t:|1760368130
|switch|p2a: Kingambit|Kingambit, M|100/100
|-activate|p2a: Kingambit|ability: Supreme Overlord
|-start|p2a: Kingambit|fallen4|[silent]
|turn|25
|
|t:|1760368133
|move|p2a: Kingambit|Sucker Punch|p1a: Kyurem
|-damage|p1a: Kyurem|16/100
|move|p1a: Kyurem|Tera Blast|p2a: Kingambit|[anim] Tera Blast Fire
|-supereffective|p2a: Kingambit
|-damage|p2a: Kingambit|0 fnt
|faint|p2a: Kingambit
|-end|p2a: Kingambit|fallen4|[silent]
|
|upkeep
|
|t:|1760368138
|switch|p2a: Great Tusk|Great Tusk|100/100 par
|turn|26
|
|t:|1760368148
|move|p1a: Kyurem|Icicle Spear|p2a: Great Tusk
|-supereffective|p2a: Great Tusk
|-damage|p2a: Great Tusk|67/100 par
|-supereffective|p2a: Great Tusk
|-damage|p2a: Great Tusk|33/100 par
|-supereffective|p2a: Great Tusk
|-damage|p2a: Great Tusk|1/100 par
|-supereffective|p2a: Great Tusk
|-damage|p2a: Great Tusk|0 fnt
|faint|p2a: Great Tusk
|-end|p2a: Great Tusk|Protosynthesis|[silent]
|-hitcount|p2: Great Tusk|4
|
|win|cascasc
|raw|cascasc's rating: 1367 &rarr; <strong>1387</strong><br />(+20 for winning)
|raw|RegalKnight's rating: 1375 &rarr; <strong>1355</strong><br />(-20 for losing)
|l|☆RegalKnight
|player|p2|
