|badge|p2|bronze|gen9randombattle|100-7
|uhtml|medal-msg|<div class="broadcast-blue">Curious what those medals under the avatar are? PS now has Ladder Seasons! For more information, check out the <a href="https://www.smogon.com/forums/threads/3740067/">thread on Smogon.</a></div>
|j|☆Glinteighty
|j|☆SpongeGar & Patar
|t:|1760331579
|gametype|singles
|player|p1|Glinteighty|lady|1703
|player|p2|SpongeGar & Patar|266|1821
|gen|9
|tier|[Gen 9] OU
|rated|
|rule|HP Percentage Mod: HP is shown in percentages
|rule|Endless Battle Clause: Forcing endless battles is banned
|rule|Species Clause: Limit one of each Pokémon
|rule|OHKO Clause: OHKO moves are banned
|rule|Evasion Items Clause: Evasion items are banned
|rule|Evasion Moves Clause: Evasion moves are banned
|rule|Evasion Abilities Clause: Evasion abilities are banned
|rule|Sleep Moves Clause: Sleep-inducing moves are banned
|clearpoke
|poke|p1|Alomomola, F|
|poke|p1|Slowking-Galar, M|
|poke|p1|Great Tusk|
|poke|p1|Kyurem|
|poke|p1|Ogerpon-Wellspring, F|
|poke|p1|Gholdengo|
|poke|p2|Kyurem|
|poke|p2|Corviknight, F|
|poke|p2|Ting-Lu|
|poke|p2|Dondozo, M|
|poke|p2|Slowking-Galar, L99, M|
|poke|p2|Cinderace, F|
|teampreview
|
|t:|1760331630
|teamsize|p1|6
|teamsize|p2|6
|start
|switch|p1a: Alomomola|Alomomola, F|100/100
|switch|p2a: Cinderace|Cinderace, F|100/100
|turn|1
|inactive|Battle timer is ON: inactive players will automatically lose when time's up. (requested by SpongeGar & Patar)
|inactive|SpongeGar & Patar has 120 seconds left.
|
|t:|1760331678
|move|p2a: Cinderace|Will-O-Wisp|p1a: Alomomola
|-status|p1a: Alomomola|brn
|move|p1a: Alomomola|Flip Turn|p2a: Cinderace
|-supereffective|p2a: Cinderace
|-damage|p2a: Cinderace|79/100
|
|t:|1760331690
|switch|p1a: Ogerpon|Ogerpon-Wellspring, F|100/100|[from] Flip Turn
|
|upkeep
|turn|2
|inactive|SpongeGar & Patar has 120 seconds left.
|
|t:|1760331738
|switch|p1a: Alomomola|Alomomola, F|100/100 brn
|move|p2a: Cinderace|U-turn|p1a: Alomomola
|-damage|p1a: Alomomola|90/100 brn
|inactive|SpongeGar & Patar has 90 seconds left.
|inactive|SpongeGar & Patar has 60 seconds left.
|
|t:|1760331788
|switch|p2a: Kyurem|Kyurem|100/100|[from] U-turn
|-ability|p2a: Kyurem|Pressure
|
|-damage|p1a: Alomomola|84/100 brn|[from] brn
|upkeep
|turn|3
|inactive|SpongeGar & Patar has 60 seconds left.
|inactive|SpongeGar & Patar has 30 seconds left.
|
|t:|1760331836
|move|p2a: Kyurem|Freeze-Dry|p1a: Alomomola
|-supereffective|p1a: Alomomola
|-damage|p1a: Alomomola|0 fnt
|faint|p1a: Alomomola
|
|upkeep
|
|t:|1760331845
|switch|p1a: Gholdengo|Gholdengo|100/100
|turn|4
|
|t:|1760331854
|-terastallize|p2a: Kyurem|Ground
|move|p1a: Gholdengo|Make It Rain|p2a: Kyurem
|-damage|p2a: Kyurem|42/100
|-unboost|p1a: Gholdengo|spa|1
|move|p2a: Kyurem|Earth Power|p1a: Gholdengo
|-supereffective|p1a: Gholdengo
|-damage|p1a: Gholdengo|0 fnt
|faint|p1a: Gholdengo
|
|-heal|p2a: Kyurem|48/100|[from] item: Leftovers
|upkeep
|
|t:|1760331862
|switch|p1a: Ogerpon|Ogerpon-Wellspring, F|100/100
|turn|5
|
|t:|1760331871
|switch|p2a: Dondozo|Dondozo, M|100/100
|move|p1a: Ogerpon|Ivy Cudgel|p2a: Dondozo|[anim] Ivy Cudgel Water
|-resisted|p2a: Dondozo
|-crit|p2a: Dondozo
|-damage|p2a: Dondozo|80/100
|
|-heal|p2a: Dondozo|87/100|[from] item: Leftovers
|upkeep
|turn|6
|
|t:|1760331881
|move|p1a: Ogerpon|Spikes|p2a: Dondozo
|-sidestart|p2: SpongeGar & Patar|Spikes
|move|p2a: Dondozo|Curse|p2a: Dondozo
|-unboost|p2a: Dondozo|spe|1
|-boost|p2a: Dondozo|atk|1
|-boost|p2a: Dondozo|def|1
|
|-heal|p2a: Dondozo|93/100|[from] item: Leftovers
|upkeep
|turn|7
|
|t:|1760331890
|move|p1a: Ogerpon|Horn Leech|p2a: Dondozo
|-supereffective|p2a: Dondozo
|-damage|p2a: Dondozo|66/100
|move|p2a: Dondozo|Curse|p2a: Dondozo
|-unboost|p2a: Dondozo|spe|1
|-boost|p2a: Dondozo|atk|1
|-boost|p2a: Dondozo|def|1
|
|-heal|p2a: Dondozo|72/100|[from] item: Leftovers
|upkeep
|turn|8
|inactive|SpongeGar & Patar has 60 seconds left.
|
|t:|1760331900
|switch|p1a: Slowking|Slowking-Galar, M|100/100
|move|p2a: Dondozo|Body Press|p1a: Slowking
|-resisted|p1a: Slowking
|-damage|p1a: Slowking|87/100
|
|-heal|p2a: Dondozo|78/100|[from] item: Leftovers
|upkeep
|turn|9
|inactive|SpongeGar & Patar has 60 seconds left.
|
|t:|1760331911
|move|p1a: Slowking|Sludge Bomb|p2a: Dondozo
|-damage|p2a: Dondozo|44/100
|move|p2a: Dondozo|Waterfall|p1a: Slowking
|-damage|p1a: Slowking|25/100
|
|-heal|p2a: Dondozo|51/100|[from] item: Leftovers
|upkeep
|turn|10
|inactive|SpongeGar & Patar has 60 seconds left.
|
|t:|1760331924
|switch|p1a: Ogerpon|Ogerpon-Wellspring, F|100/100
|move|p2a: Dondozo|Waterfall|p1a: Ogerpon
|-immune|p1a: Ogerpon|[from] ability: Water Absorb
|
|-heal|p2a: Dondozo|57/100|[from] item: Leftovers
|upkeep
|turn|11
|
|t:|1760331933
|move|p1a: Ogerpon|Horn Leech|p2a: Dondozo
|-supereffective|p2a: Dondozo
|-damage|p2a: Dondozo|37/100
|move|p2a: Dondozo|Body Press|p1a: Ogerpon
|-damage|p1a: Ogerpon|22/100
|
|-heal|p2a: Dondozo|43/100|[from] item: Leftovers
|upkeep
|turn|12
|
|t:|1760331942
|move|p1a: Ogerpon|Horn Leech|p2a: Dondozo
|-supereffective|p2a: Dondozo
|-damage|p2a: Dondozo|22/100
|-heal|p1a: Ogerpon|40/100|[from] drain|[of] p2a: Dondozo
|move|p2a: Dondozo|Body Press|p1a: Ogerpon
|-damage|p1a: Ogerpon|0 fnt
|faint|p1a: Ogerpon
|
|-heal|p2a: Dondozo|28/100|[from] item: Leftovers
|upkeep
|
|t:|1760331952
|switch|p1a: Slowking|Slowking-Galar, M|58/100
|turn|13
|
|t:|1760331961
|switch|p2a: Slowking|Slowking-Galar, L99, M|100/100
|move|p1a: Slowking|Sludge Bomb|p2a: Slowking
|-resisted|p2a: Slowking
|-damage|p2a: Slowking|89/100
|
|upkeep
|turn|14
|
|t:|1760331971
|move|p1a: Slowking|Slack Off|p1a: Slowking
|-heal|p1a: Slowking|100/100
|move|p2a: Slowking|Future Sight|p1a: Slowking
|-start|p2a: Slowking|move: Future Sight
|
|upkeep
|turn|15
|inactive|SpongeGar & Patar has 90 seconds left.
|inactive|SpongeGar & Patar has 60 seconds left.
|
|t:|1760332020
|switch|p2a: Ting-Lu|Ting-Lu|100/100
|-damage|p2a: Ting-Lu|88/100|[from] Spikes
|-ability|p2a: Ting-Lu|Vessel of Ruin
|move|p1a: Slowking|Psychic Noise|p2a: Ting-Lu
|-immune|p2a: Ting-Lu
|
|-heal|p2a: Ting-Lu|94/100|[from] item: Leftovers
|upkeep
|turn|16
|
|t:|1760332029
|-terastallize|p1a: Slowking|Dark
|move|p2a: Ting-Lu|Earthquake|p1a: Slowking
|-damage|p1a: Slowking|64/100
|move|p1a: Slowking|Sludge Bomb|p2a: Ting-Lu
|-resisted|p2a: Ting-Lu
|-crit|p2a: Ting-Lu
|-damage|p2a: Ting-Lu|84/100
|
|-end|p1a: Slowking|move: Future Sight
|-immune|p1a: Slowking
|-heal|p2a: Ting-Lu|90/100|[from] item: Leftovers
|upkeep
|turn|17
|inactive|SpongeGar & Patar has 60 seconds left.
|
|t:|1760332040
|move|p2a: Ting-Lu|Earthquake|p1a: Slowking
|-damage|p1a: Slowking|27/100
|-prepare|p1a: Slowking|Chilly Reception|[premajor]
|move|p1a: Slowking|Chilly Reception|p1a: Slowking
|-weather|Snowscape
|
|t:|1760332043
|switch|p1a: Kyurem|Kyurem|100/100|[from] Chilly Reception
|-ability|p1a: Kyurem|Pressure
|
|-weather|Snowscape|[upkeep]
|-heal|p2a: Ting-Lu|96/100|[from] item: Leftovers
|upkeep
|turn|18
|
|t:|1760332053
|switch|p2a: Slowking|Slowking-Galar, L99, M|100/100
|move|p1a: Kyurem|Freeze-Dry|p2a: Slowking
|-damage|p2a: Slowking|78/100
|
|-weather|Snowscape|[upkeep]
|upkeep
|turn|19
|
|t:|1760332063
|move|p1a: Kyurem|Substitute|p1a: Kyurem
|-start|p1a: Kyurem|Substitute
|-damage|p1a: Kyurem|76/100
|move|p2a: Slowking|Toxic||[still]
|-fail|p2a: Slowking
|
|-weather|Snowscape|[upkeep]
|-heal|p1a: Kyurem|82/100|[from] item: Leftovers
|upkeep
|turn|20
|
|t:|1760332072
|switch|p2a: Corviknight|Corviknight, F|100/100
|-ability|p2a: Corviknight|Pressure
|move|p1a: Kyurem|Earth Power|p2a: Corviknight
|-immune|p2a: Corviknight
|
|-weather|Snowscape|[upkeep]
|-heal|p1a: Kyurem|88/100|[from] item: Leftovers
|upkeep
|turn|21
|
|t:|1760332082
|move|p1a: Kyurem|Freeze-Dry|p2a: Corviknight
|-damage|p2a: Corviknight|59/100
|move|p2a: Corviknight|Defog|p1a: Kyurem
|-sideend|p2: SpongeGar & Patar|Spikes|[from] move: Defog|[of] p2a: Corviknight
|
|-weather|none
|-heal|p1a: Kyurem|94/100|[from] item: Leftovers
|upkeep
|turn|22
|
|t:|1760332091
|move|p1a: Kyurem|Freeze-Dry|p2a: Corviknight
|-crit|p2a: Corviknight
|-damage|p2a: Corviknight|0 fnt
|faint|p2a: Corviknight
|
|-heal|p1a: Kyurem|99/100|[from] item: Leftovers
|upkeep
|
|t:|1760332101
|switch|p2a: Slowking|Slowking-Galar, L99, M|100/100
|turn|23
|
|t:|1760332110
|move|p1a: Kyurem|Earth Power|p2a: Slowking
|-supereffective|p2a: Slowking
|-damage|p2a: Slowking|60/100
|move|p2a: Slowking|Sludge Bomb|p1a: Kyurem
|-end|p1a: Kyurem|Substitute
|
|-heal|p1a: Kyurem|100/100|[from] item: Leftovers
|upkeep
|turn|24
|inactive|SpongeGar & Patar has 90 seconds left.
|
|t:|1760332121
|move|p1a: Kyurem|Protect|p1a: Kyurem
|-singleturn|p1a: Kyurem|Protect
|move|p2a: Slowking|Toxic|p1a: Kyurem
|-activate|p1a: Kyurem|move: Protect
|
|upkeep
|turn|25
|
|t:|1760332131
|move|p1a: Kyurem|Substitute|p1a: Kyurem
|-start|p1a: Kyurem|Substitute
|-damage|p1a: Kyurem|76/100
|move|p2a: Slowking|Toxic||[still]
|-fail|p2a: Slowking
|
|-heal|p1a: Kyurem|82/100|[from] item: Leftovers
|upkeep
|turn|26
|j| Large_Rodent
|
|t:|1760332140
|switch|p2a: Ting-Lu|Ting-Lu|96/100
|-ability|p2a: Ting-Lu|Vessel of Ruin
|move|p1a: Kyurem|Protect||[still]
|-fail|p1a: Kyurem
|
|-heal|p1a: Kyurem|88/100|[from] item: Leftovers
|-heal|p2a: Ting-Lu|100/100|[from] item: Leftovers
|upkeep
|turn|27
|
|t:|1760332149
|move|p1a: Kyurem|Protect|p1a: Kyurem
|-singleturn|p1a: Kyurem|Protect
|move|p2a: Ting-Lu|Earthquake|p1a: Kyurem
|-activate|p1a: Kyurem|move: Protect
|
|-heal|p1a: Kyurem|94/100|[from] item: Leftovers
|upkeep
|turn|28
|
|t:|1760332159
|move|p1a: Kyurem|Freeze-Dry|p2a: Ting-Lu
|-supereffective|p2a: Ting-Lu
|-damage|p2a: Ting-Lu|70/100
|move|p2a: Ting-Lu|Earthquake|p1a: Kyurem
|-end|p1a: Kyurem|Substitute
|
|-heal|p1a: Kyurem|99/100|[from] item: Leftovers
|-heal|p2a: Ting-Lu|76/100|[from] item: Leftovers
|upkeep
|turn|29
|
|t:|1760332168
|move|p1a: Kyurem|Freeze-Dry|p2a: Ting-Lu
|-supereffective|p2a: Ting-Lu
|-damage|p2a: Ting-Lu|45/100
|move|p2a: Ting-Lu|Earthquake|p1a: Kyurem
|-damage|p1a: Kyurem|71/100
|
|-heal|p1a: Kyurem|77/100|[from] item: Leftovers
|-heal|p2a: Ting-Lu|51/100|[from] item: Leftovers
|upkeep
|turn|30
|inactive|SpongeGar & Patar has 120 seconds left.
|j| ZeroIQ McGoo
|
|t:|1760332178
|move|p1a: Kyurem|Protect|p1a: Kyurem
|-singleturn|p1a: Kyurem|Protect
|move|p2a: Ting-Lu|Rest|p2a: Ting-Lu
|-status|p2a: Ting-Lu|slp|[from] move: Rest
|-heal|p2a: Ting-Lu|100/100 slp|[silent]
|
|-heal|p1a: Kyurem|83/100|[from] item: Leftovers
|upkeep
|turn|31
|
|t:|1760332187
|move|p1a: Kyurem|Substitute|p1a: Kyurem
|-start|p1a: Kyurem|Substitute
|-damage|p1a: Kyurem|58/100
|cant|p2a: Ting-Lu|slp
|move|p2a: Ting-Lu|Sleep Talk|p2a: Ting-Lu
|move|p2a: Ting-Lu|Rest||[from] move: Sleep Talk|[still]
|-fail|p2a: Ting-Lu
|
|-heal|p1a: Kyurem|65/100|[from] item: Leftovers
|upkeep
|turn|32
|
|t:|1760332196
|move|p1a: Kyurem|Freeze-Dry|p2a: Ting-Lu
|-supereffective|p2a: Ting-Lu
|-damage|p2a: Ting-Lu|69/100 slp
|cant|p2a: Ting-Lu|slp
|move|p2a: Ting-Lu|Sleep Talk|p2a: Ting-Lu
|move|p2a: Ting-Lu|Payback|p1a: Kyurem|[from] move: Sleep Talk
|-end|p1a: Kyurem|Substitute
|
|-heal|p1a: Kyurem|71/100|[from] item: Leftovers
|-heal|p2a: Ting-Lu|75/100 slp|[from] item: Leftovers
|upkeep
|turn|33
|
|t:|1760332207
|move|p1a: Kyurem|Freeze-Dry|p2a: Ting-Lu
|-supereffective|p2a: Ting-Lu
|-crit|p2a: Ting-Lu
|-damage|p2a: Ting-Lu|22/100 slp
|-curestatus|p2a: Ting-Lu|slp|[msg]
|move|p2a: Ting-Lu|Earthquake|p1a: Kyurem
|-damage|p1a: Kyurem|41/100
|
|-heal|p1a: Kyurem|47/100|[from] item: Leftovers
|-heal|p2a: Ting-Lu|28/100|[from] item: Leftovers
|upkeep
|turn|34
|
|t:|1760332216
|switch|p2a: Slowking|Slowking-Galar, L99, M|93/100
|move|p1a: Kyurem|Freeze-Dry|p2a: Slowking
|-damage|p2a: Slowking|69/100
|-status|p2a: Slowking|frz
|
|-heal|p1a: Kyurem|53/100|[from] item: Leftovers
|upkeep
|turn|35
|
|t:|1760332226
|switch|p2a: Kyurem|Kyurem, tera:Ground|48/100
|-ability|p2a: Kyurem|Pressure
|move|p1a: Kyurem|Substitute|p1a: Kyurem
|-start|p1a: Kyurem|Substitute
|-damage|p1a: Kyurem|28/100
|
|-heal|p2a: Kyurem|54/100|[from] item: Leftovers
|-heal|p1a: Kyurem|35/100|[from] item: Leftovers
|upkeep
|turn|36
|
|t:|1760332235
|switch|p2a: Slowking|Slowking-Galar, L99, M|100/100 frz
|move|p1a: Kyurem|Freeze-Dry|p2a: Slowking
|-damage|p2a: Slowking|76/100 frz
|
|-heal|p1a: Kyurem|41/100|[from] item: Leftovers
|upkeep
|turn|37
|
|t:|1760332245
|move|p1a: Kyurem|Earth Power|p2a: Slowking
|-supereffective|p2a: Slowking
|-damage|p2a: Slowking|33/100 frz
|cant|p2a: Slowking|frz
|
|-heal|p1a: Kyurem|47/100|[from] item: Leftovers
|upkeep
|turn|38
|
|t:|1760332254
|switch|p2a: Ting-Lu|Ting-Lu|28/100
|-ability|p2a: Ting-Lu|Vessel of Ruin
|move|p1a: Kyurem|Freeze-Dry|p2a: Ting-Lu
|-supereffective|p2a: Ting-Lu
|-damage|p2a: Ting-Lu|0 fnt
|faint|p2a: Ting-Lu
|
|-heal|p1a: Kyurem|53/100|[from] item: Leftovers
|upkeep
|
|t:|1760332263
|switch|p2a: Slowking|Slowking-Galar, L99, M|66/100 frz
|turn|39
|
|t:|1760332273
|switch|p2a: Kyurem|Kyurem, tera:Ground|54/100
|-ability|p2a: Kyurem|Pressure
|move|p1a: Kyurem|Earth Power|p2a: Kyurem
|-damage|p2a: Kyurem|23/100
|-unboost|p2a: Kyurem|spd|1
|
|-heal|p2a: Kyurem|29/100|[from] item: Leftovers
|-heal|p1a: Kyurem|59/100|[from] item: Leftovers
|upkeep
|turn|40
|
|t:|1760332282
|move|p1a: Kyurem|Protect|p1a: Kyurem
|-singleturn|p1a: Kyurem|Protect
|move|p2a: Kyurem|Freeze-Dry|p1a: Kyurem
|-activate|p1a: Kyurem|move: Protect
|
|-heal|p2a: Kyurem|35/100|[from] item: Leftovers
|-heal|p1a: Kyurem|65/100|[from] item: Leftovers
|upkeep
|turn|41
|
|t:|1760332291
|move|p2a: Kyurem|Protect|p2a: Kyurem
|-singleturn|p2a: Kyurem|Protect
|move|p1a: Kyurem|Earth Power|p2a: Kyurem
|-activate|p2a: Kyurem|move: Protect
|
|-heal|p2a: Kyurem|42/100|[from] item: Leftovers
|-heal|p1a: Kyurem|72/100|[from] item: Leftovers
|upkeep
|turn|42
|
|t:|1760332301
|move|p2a: Kyurem|Substitute|p2a: Kyurem
|-start|p2a: Kyurem|Substitute
|-damage|p2a: Kyurem|17/100
|move|p1a: Kyurem|Earth Power|p2a: Kyurem
|-end|p2a: Kyurem|Substitute
|
|-heal|p2a: Kyurem|23/100|[from] item: Leftovers
|-heal|p1a: Kyurem|78/100|[from] item: Leftovers
|upkeep
|turn|43
|
|t:|1760332310
|move|p2a: Kyurem|Protect|p2a: Kyurem
|-singleturn|p2a: Kyurem|Protect
|move|p1a: Kyurem|Freeze-Dry|p2a: Kyurem
|-activate|p2a: Kyurem|move: Protect
|
|-heal|p2a: Kyurem|29/100|[from] item: Leftovers
|-heal|p1a: Kyurem|84/100|[from] item: Leftovers
|upkeep
|turn|44
|
|t:|1760332319
|move|p2a: Kyurem|Substitute|p2a: Kyurem
|-start|p2a: Kyurem|Substitute
|-damage|p2a: Kyurem|4/100
|move|p1a: Kyurem|Freeze-Dry|p2a: Kyurem
|-supereffective|p2a: Kyurem
|-end|p2a: Kyurem|Substitute
|
|-heal|p2a: Kyurem|10/100|[from] item: Leftovers
|-heal|p1a: Kyurem|90/100|[from] item: Leftovers
|upkeep
|turn|45
|
|t:|1760332328
|move|p2a: Kyurem|Protect|p2a: Kyurem
|-singleturn|p2a: Kyurem|Protect
|move|p1a: Kyurem|Freeze-Dry|p2a: Kyurem
|-activate|p2a: Kyurem|move: Protect
|
|-heal|p2a: Kyurem|16/100|[from] item: Leftovers
|-heal|p1a: Kyurem|96/100|[from] item: Leftovers
|upkeep
|turn|46
|
|t:|1760332338
|move|p2a: Kyurem|Freeze-Dry|p1a: Kyurem
|-crit|p1a: Kyurem
|-end|p1a: Kyurem|Substitute
|move|p1a: Kyurem|Freeze-Dry|p2a: Kyurem
|-supereffective|p2a: Kyurem
|-damage|p2a: Kyurem|0 fnt
|faint|p2a: Kyurem
|
|-heal|p1a: Kyurem|100/100|[from] item: Leftovers
|upkeep
|
|t:|1760332347
|switch|p2a: Slowking|Slowking-Galar, L99, M|99/100 frz
|turn|47
|
|t:|1760332356
|move|p1a: Kyurem|Substitute|p1a: Kyurem
|-start|p1a: Kyurem|Substitute
|-damage|p1a: Kyurem|76/100
|cant|p2a: Slowking|frz
|
|-heal|p1a: Kyurem|82/100|[from] item: Leftovers
|upkeep
|turn|48
|
|t:|1760332366
|move|p1a: Kyurem|Earth Power|p2a: Slowking
|-supereffective|p2a: Slowking
|-damage|p2a: Slowking|58/100 frz
|-unboost|p2a: Slowking|spd|1
|cant|p2a: Slowking|frz
|
|-heal|p1a: Kyurem|88/100|[from] item: Leftovers
|upkeep
|turn|49
|
|t:|1760332375
|switch|p2a: Dondozo|Dondozo, M|28/100
|move|p1a: Kyurem|Freeze-Dry|p2a: Dondozo
|-supereffective|p2a: Dondozo
|-damage|p2a: Dondozo|0 fnt
|faint|p2a: Dondozo
|
|-heal|p1a: Kyurem|94/100|[from] item: Leftovers
|upkeep
|c| Large_Rodent|imagine if unfreezing was real
|
|t:|1760332384
|switch|p2a: Slowking|Slowking-Galar, L99, M|91/100 frz
|turn|50
|
|t:|1760332394
|move|p1a: Kyurem|Earth Power|p2a: Slowking
|-supereffective|p2a: Slowking
|-crit|p2a: Slowking
|-damage|p2a: Slowking|33/100 frz
|-prepare|p2a: Slowking|Chilly Reception|[premajor]
|-curestatus|p2a: Slowking|frz|[msg]
|move|p2a: Slowking|Chilly Reception|p2a: Slowking
|-weather|Snowscape
|
|t:|1760332403
|switch|p2a: Cinderace|Cinderace, F|79/100|[from] Chilly Reception
|
|-weather|Snowscape|[upkeep]
|-heal|p1a: Kyurem|99/100|[from] item: Leftovers
|upkeep
|turn|51
|
|t:|1760332411
|move|p2a: Cinderace|U-turn|p1a: Kyurem
|-activate|p1a: Kyurem|move: Substitute|[damage]
|
|t:|1760332420
|switch|p2a: Slowking|Slowking-Galar, L99, M|67/100|[from] U-turn
|move|p1a: Kyurem|Earth Power|p2a: Slowking
|-supereffective|p2a: Slowking
|-damage|p2a: Slowking|23/100
|
|-weather|Snowscape|[upkeep]
|-heal|p1a: Kyurem|100/100|[from] item: Leftovers
|upkeep
|turn|52
|
|t:|1760332428
|switch|p2a: Cinderace|Cinderace, F|79/100
|move|p1a: Kyurem|Earth Power|p2a: Cinderace
|-supereffective|p2a: Cinderace
|-damage|p2a: Cinderace|0 fnt
|faint|p2a: Cinderace
|
|-weather|Snowscape|[upkeep]
|upkeep
|
|t:|1760332435
|switch|p2a: Slowking|Slowking-Galar, L99, M|56/100
|turn|53
|l| Large_Rodent
|
|t:|1760332442
|move|p1a: Kyurem|Earth Power|p2a: Slowking
|-supereffective|p2a: Slowking
|-damage|p2a: Slowking|14/100
|move|p2a: Slowking|Sludge Bomb|p1a: Kyurem
|-end|p1a: Kyurem|Substitute
|
|-weather|Snowscape|[upkeep]
|upkeep
|turn|54
|
|t:|1760332446
|move|p1a: Kyurem|Earth Power|p2a: Slowking
|-supereffective|p2a: Slowking
|-damage|p2a: Slowking|0 fnt
|faint|p2a: Slowking
|
|win|Glinteighty
|raw|Glinteighty's rating: 1703 &rarr; <strong>1730</strong><br />(+27 for winning)
|raw|SpongeGar &amp; Patar's rating: 1821 &rarr; <strong>1794</strong><br />(-27 for losing)
|l|☆SpongeGar & Patar
|player|p2|
|l|☆Glinteighty
|player|p1|
|l| ZeroIQ McGoo
