|j|☆big monkey stall
|j|☆vghhjg
|t:|1760388338
|gametype|singles
|player|p1|big monkey stall|morty-masters|1565
|player|p2|vghhjg|101|1571
|gen|9
|tier|[Gen 9] OU
|rated|
|rule|HP Percentage Mod: HP is shown in percentages
|rule|Endless Battle Clause: Forcing endless battles is banned
|rule|Species Clause: Limit one of each Pokémon
|rule|OHKO Clause: OHKO moves are banned
|rule|Evasion Items Clause: Evasion items are banned
|rule|Evasion Moves Clause: Evasion moves are banned
|rule|Evasion Abilities Clause: Evasion abilities are banned
|rule|Sleep Moves Clause: Sleep-inducing moves are banned
|clearpoke
|poke|p1|Garganacl, F|
|poke|p1|Great Tusk|
|poke|p1|Chesnaught, M|
|poke|p1|Dragapult, F|
|poke|p1|Moltres|
|poke|p1|Kingambit, M|
|poke|p2|Ribombee, M|
|poke|p2|Gholdengo|
|poke|p2|Dragonite, M|
|poke|p2|Primarina, F|
|poke|p2|Great Tusk|
|poke|p2|Kingambit, M|
|teampreview
|inactive|Battle timer is ON: inactive players will automatically lose when time's up. (requested by big monkey stall)
|
|t:|1760388341
|teamsize|p1|6
|teamsize|p2|6
|start
|switch|p1a: Garganacl|Garganacl, F|100/100
|switch|p2a: Ribombee|Ribombee, M|100/100
|turn|1
|
|t:|1760388344
|move|p2a: Ribombee|Sticky Web|p1a: Garganacl
|-sidestart|p1: big monkey stall|move: Sticky Web
|move|p1a: Garganacl|Stealth Rock|p2a: Ribombee
|-sidestart|p2: vghhjg|move: Stealth Rock
|
|upkeep
|turn|2
|
|t:|1760388350
|move|p2a: Ribombee|Psychic Noise|p1a: Garganacl
|-damage|p1a: Garganacl|86/100
|-start|p1a: Garganacl|move: Heal Block
|move|p1a: Garganacl|Salt Cure|p2a: Ribombee
|-supereffective|p2a: Ribombee
|-damage|p2a: Ribombee|49/100
|
|upkeep
|turn|3
|
|t:|1760388354
|move|p1a: Garganacl|Protect|p1a: Garganacl
|-singleturn|p1a: Garganacl|Protect
|move|p2a: Ribombee|Psychic Noise|p1a: Garganacl
|-activate|p1a: Garganacl|move: Protect
|
|-end|p1a: Garganacl|move: Heal Block
|upkeep
|turn|4
|
|t:|1760388357
|move|p2a: Ribombee|Psychic Noise|p1a: Garganacl
|-damage|p1a: Garganacl|72/100
|-start|p1a: Garganacl|move: Heal Block
|move|p1a: Garganacl|Salt Cure|p2a: Ribombee
|-supereffective|p2a: Ribombee
|-damage|p2a: Ribombee|0 fnt
|faint|p2a: Ribombee
|
|upkeep
|
|t:|1760388364
|switch|p2a: Great Tusk|Great Tusk|100/100
|-damage|p2a: Great Tusk|98/100|[from] Stealth Rock
|turn|5
|
|t:|1760388375
|switch|p1a: Chesnaught|Chesnaught, M|100/100
|-activate|p1a: Chesnaught|move: Sticky Web
|-unboost|p1a: Chesnaught|spe|1
|move|p2a: Great Tusk|Stealth Rock|p1a: Chesnaught
|-sidestart|p1: big monkey stall|move: Stealth Rock
|
|upkeep
|turn|6
|
|t:|1760388380
|switch|p1a: Dragapult|Dragapult, F|100/100
|move|p2a: Great Tusk|Knock Off|p1a: Dragapult
|-supereffective|p1a: Dragapult
|-damage|p1a: Dragapult|27/100
|-enditem|p1a: Dragapult|Heavy-Duty Boots|[from] move: Knock Off|[of] p2a: Great Tusk
|
|upkeep
|turn|7
|
|t:|1760388390
|move|p1a: Dragapult|Will-O-Wisp|p2a: Great Tusk
|-status|p2a: Great Tusk|brn
|move|p2a: Great Tusk|Knock Off|p1a: Dragapult
|-supereffective|p1a: Dragapult
|-damage|p1a: Dragapult|2/100
|
|-damage|p2a: Great Tusk|91/100 brn|[from] brn
|upkeep
|turn|8
|
|t:|1760388395
|move|p1a: Dragapult|Hex|p2a: Great Tusk
|-damage|p2a: Great Tusk|15/100 brn
|move|p2a: Great Tusk|Earthquake|p1a: Dragapult
|-damage|p1a: Dragapult|0 fnt
|faint|p1a: Dragapult
|
|-damage|p2a: Great Tusk|9/100 brn|[from] brn
|upkeep
|
|t:|1760388401
|switch|p1a: Great Tusk|Great Tusk|100/100
|turn|9
|
|t:|1760388409
|-end|p2a: Great Tusk|Protosynthesis|[silent]
|switch|p2a: Gholdengo|Gholdengo|100/100
|-damage|p2a: Gholdengo|94/100|[from] Stealth Rock
|-item|p2a: Gholdengo|Air Balloon
|move|p1a: Great Tusk|Knock Off|p2a: Gholdengo
|-supereffective|p2a: Gholdengo
|-damage|p2a: Gholdengo|21/100
|-enditem|p2a: Gholdengo|Air Balloon
|
|upkeep
|turn|10
|
|t:|1760388414
|move|p1a: Great Tusk|Knock Off|p2a: Gholdengo
|-supereffective|p2a: Gholdengo
|-damage|p2a: Gholdengo|0 fnt
|faint|p2a: Gholdengo
|
|upkeep
|
|t:|1760388418
|switch|p2a: Primarina|Primarina, F|100/100
|-damage|p2a: Primarina|88/100|[from] Stealth Rock
|turn|11
|inactive|big monkey stall has 120 seconds left.
|
|t:|1760388462
|-terastallize|p1a: Great Tusk|Ice
|move|p1a: Great Tusk|Rapid Spin|p2a: Primarina
|-damage|p2a: Primarina|64/100
|-boost|p1a: Great Tusk|spe|1
|-sideend|p1: big monkey stall|Stealth Rock|[from] move: Rapid Spin|[of] p1a: Great Tusk
|-sideend|p1: big monkey stall|Sticky Web|[from] move: Rapid Spin|[of] p1a: Great Tusk
|move|p2a: Primarina|Surf|p1a: Great Tusk
|-damage|p1a: Great Tusk|33/100
|
|-heal|p2a: Primarina|70/100|[from] item: Leftovers
|upkeep
|turn|12
|inactive|big monkey stall has 90 seconds left.
|
|t:|1760388517
|switch|p2a: Great Tusk|Great Tusk|9/100 brn
|-damage|p2a: Great Tusk|6/100 brn|[from] Stealth Rock
|move|p1a: Great Tusk|Headlong Rush|p2a: Great Tusk
|-damage|p2a: Great Tusk|0 fnt
|-unboost|p1a: Great Tusk|def|1
|-unboost|p1a: Great Tusk|spd|1
|faint|p2a: Great Tusk
|-end|p2a: Great Tusk|Protosynthesis|[silent]
|
|upkeep
|inactive|vghhjg has 120 seconds left.
|
|t:|1760388556
|switch|p2a: Kingambit|Kingambit, M|100/100
|-damage|p2a: Kingambit|94/100|[from] Stealth Rock
|-activate|p2a: Kingambit|ability: Supreme Overlord
|-start|p2a: Kingambit|fallen3|[silent]
|turn|13
|
|t:|1760388564
|-end|p1a: Great Tusk|Protosynthesis|[silent]
|switch|p1a: Chesnaught|Chesnaught, M|100/100
|move|p2a: Kingambit|Sucker Punch||[still]
|-fail|p2a: Kingambit
|
|-heal|p2a: Kingambit|100/100|[from] item: Leftovers
|upkeep
|turn|14
|inactive|big monkey stall has 90 seconds left.
|
|t:|1760388583
|-terastallize|p2a: Kingambit|Fire
|move|p2a: Kingambit|Swords Dance|p2a: Kingambit
|-boost|p2a: Kingambit|atk|2
|move|p1a: Chesnaught|Body Press|p2a: Kingambit
|-damage|p2a: Kingambit|64/100
|
|-heal|p2a: Kingambit|71/100|[from] item: Leftovers
|upkeep
|turn|15
|inactive|big monkey stall has 90 seconds left.
|
|t:|1760388602
|move|p2a: Kingambit|Swords Dance|p2a: Kingambit
|-boost|p2a: Kingambit|atk|2
|move|p1a: Chesnaught|Iron Defense|p1a: Chesnaught
|-boost|p1a: Chesnaught|def|2
|
|-heal|p2a: Kingambit|77/100|[from] item: Leftovers
|upkeep
|turn|16
|
|t:|1760388609
|-end|p2a: Kingambit|fallen3|[silent]
|switch|p2a: Dragonite|Dragonite, M, shiny|100/100
|-damage|p2a: Dragonite|76/100|[from] Stealth Rock
|move|p1a: Chesnaught|Iron Defense|p1a: Chesnaught
|-boost|p1a: Chesnaught|def|2
|
|-heal|p2a: Dragonite|82/100|[from] item: Leftovers
|upkeep
|turn|17
|inactive|big monkey stall has 90 seconds left.
|
|t:|1760388624
|switch|p1a: Moltres|Moltres|100/100
|move|p2a: Dragonite|Encore||[still]
|-fail|p2a: Dragonite
|
|-heal|p2a: Dragonite|88/100|[from] item: Leftovers
|upkeep
|turn|18
|
|t:|1760388631
|switch|p2a: Kingambit|Kingambit, M, tera:Fire|77/100
|-damage|p2a: Kingambit|52/100|[from] Stealth Rock
|-activate|p2a: Kingambit|ability: Supreme Overlord
|-start|p2a: Kingambit|fallen3|[silent]
|move|p1a: Moltres|Roar|p2a: Kingambit
|-end|p2a: Kingambit|fallen3|[silent]
|drag|p2a: Dragonite|Dragonite, M, shiny|88/100
|-damage|p2a: Dragonite|63/100|[from] Stealth Rock
|
|-heal|p2a: Dragonite|70/100|[from] item: Leftovers
|upkeep
|turn|19
|
|t:|1760388642
|move|p2a: Dragonite|Encore|p1a: Moltres
|-start|p1a: Moltres|Encore
|move|p1a: Moltres|Roar|p2a: Dragonite
|drag|p2a: Primarina|Primarina, F|70/100
|-damage|p2a: Primarina|57/100|[from] Stealth Rock
|
|-heal|p2a: Primarina|63/100|[from] item: Leftovers
|upkeep
|turn|20
|
|t:|1760388665
|switch|p1a: Great Tusk|Great Tusk, tera:Ice|33/100
|move|p2a: Primarina|Surf|p1a: Great Tusk
|-damage|p1a: Great Tusk|0 fnt
|faint|p1a: Great Tusk
|-end|p1a: Great Tusk|Protosynthesis|[silent]
|
|-heal|p2a: Primarina|69/100|[from] item: Leftovers
|upkeep
|
|t:|1760388667
|switch|p1a: Garganacl|Garganacl, F|72/100
|turn|21
|inactive|vghhjg has 120 seconds left.
|inactive|vghhjg has 90 seconds left.
|
|t:|1760388733
|move|p1a: Garganacl|Protect|p1a: Garganacl
|-singleturn|p1a: Garganacl|Protect
|move|p2a: Primarina|Substitute|p2a: Primarina
|-start|p2a: Primarina|Substitute
|-damage|p2a: Primarina|44/100
|
|-heal|p2a: Primarina|50/100|[from] item: Leftovers
|-heal|p1a: Garganacl|79/100|[from] item: Leftovers
|upkeep
|turn|22
|inactive|vghhjg has 90 seconds left.
|
|t:|1760388743
|switch|p1a: Kingambit|Kingambit, M|100/100
|-activate|p1a: Kingambit|ability: Supreme Overlord
|-start|p1a: Kingambit|fallen2|[silent]
|move|p2a: Primarina|Calm Mind|p2a: Primarina
|-boost|p2a: Primarina|spa|1
|-boost|p2a: Primarina|spd|1
|
|-heal|p2a: Primarina|56/100|[from] item: Leftovers
|upkeep
|turn|23
|
|t:|1760388747
|move|p2a: Primarina|Moonblast|p1a: Kingambit
|-damage|p1a: Kingambit|26/100
|-unboost|p1a: Kingambit|spa|1
|move|p1a: Kingambit|Iron Head|p2a: Primarina
|-end|p2a: Primarina|Substitute
|
|-heal|p2a: Primarina|62/100|[from] item: Leftovers
|-heal|p1a: Kingambit|32/100|[from] item: Leftovers
|upkeep
|turn|24
|inactive|big monkey stall has 120 seconds left.
|
|t:|1760388771
|move|p1a: Kingambit|Sucker Punch|p2a: Primarina
|-resisted|p2a: Primarina
|-damage|p2a: Primarina|27/100
|move|p2a: Primarina|Moonblast|p1a: Kingambit
|-damage|p1a: Kingambit|0 fnt
|faint|p1a: Kingambit
|-end|p1a: Kingambit|fallen2|[silent]
|
|-heal|p2a: Primarina|33/100|[from] item: Leftovers
|upkeep
|
|t:|1760388777
|switch|p1a: Moltres|Moltres|100/100
|turn|25
|
|t:|1760388781
|move|p2a: Primarina|Surf|p1a: Moltres
|-supereffective|p1a: Moltres
|-damage|p1a: Moltres|0 fnt
|faint|p1a: Moltres
|
|-heal|p2a: Primarina|39/100|[from] item: Leftovers
|upkeep
|-message|big monkey stall forfeited.
|
|win|vghhjg
|raw|big monkey stall's rating: 1565 &rarr; <strong>1545</strong><br />(-20 for losing)
|raw|vghhjg's rating: 1571 &rarr; <strong>1591</strong><br />(+20 for winning)
|l|☆big monkey stall
|player|p1|
|l|☆vghhjg
|player|p2|
