|j|☆rhienwelzel
|j|☆pokefanfdj
|t:|1760429581
|gametype|singles
|player|p1|rhienwelzel|fisherman|1291
|player|p2|pokefanfdj|170|1299
|gen|9
|tier|[Gen 9] OU
|rated|
|rule|HP Percentage Mod: HP is shown in percentages
|rule|Endless Battle Clause: Forcing endless battles is banned
|rule|Species Clause: Limit one of each Pokémon
|rule|OHKO Clause: OHKO moves are banned
|rule|Evasion Items Clause: Evasion items are banned
|rule|Evasion Moves Clause: Evasion moves are banned
|rule|Evasion Abilities Clause: Evasion abilities are banned
|rule|Sleep Moves Clause: Sleep-inducing moves are banned
|clearpoke
|poke|p1|Ogerpon-Wellspring, F|
|poke|p1|Dragonite, M|
|poke|p1|Gholdengo|
|poke|p1|Great Tusk|
|poke|p1|Darkrai|
|poke|p1|Iron Valiant|
|poke|p2|Moltres|
|poke|p2|Kleavor, F|
|poke|p2|Dondozo, M|
|poke|p2|Blissey, F|
|poke|p2|Kingambit, F|
|poke|p2|Brambleghast, F|
|teampreview
|
|t:|1760429586
|teamsize|p1|6
|teamsize|p2|6
|start
|switch|p1a: Gholdengo|Gholdengo|100/100
|switch|p2a: Kleavor|Kleavor, F|100/100
|turn|1
|
|t:|1760429596
|move|p1a: Gholdengo|Make It Rain|p2a: Kleavor
|-supereffective|p2a: Kleavor
|-enditem|p2a: Kleavor|Focus Sash
|-damage|p2a: Kleavor|1/100
|-unboost|p1a: Gholdengo|spa|1
|move|p2a: Kleavor|Tailwind|p2a: Kleavor
|-sidestart|p2: pokefanfdj|move: Tailwind
|
|upkeep
|turn|2
|
|t:|1760429601
|move|p2a: Kleavor|Stone Axe|p1a: Gholdengo
|-resisted|p1a: Gholdengo
|-damage|p1a: Gholdengo|70/100
|-sidestart|p1: rhienwelzel|move: Stealth Rock
|move|p1a: Gholdengo|Make It Rain|p2a: Kleavor
|-supereffective|p2a: Kleavor
|-damage|p2a: Kleavor|0 fnt
|-unboost|p1a: Gholdengo|spa|1
|faint|p2a: Kleavor
|
|upkeep
|
|t:|1760429608
|switch|p2a: Brambleghast|Brambleghast, F|100/100
|-ability|p2a: Brambleghast|Wind Rider|boost
|-boost|p2a: Brambleghast|atk|1
|turn|3
|
|t:|1760429613
|switch|p1a: Ogerpon|Ogerpon-Wellspring, F|100/100
|-damage|p1a: Ogerpon|88/100|[from] Stealth Rock
|move|p2a: Brambleghast|Poltergeist|p1a: Ogerpon
|-activate|p1a: Ogerpon|move: Poltergeist|Wellspring Mask
|-damage|p1a: Ogerpon|0 fnt
|faint|p1a: Ogerpon
|
|upkeep
|
|t:|1760429617
|switch|p1a: Darkrai|Darkrai|100/100
|-damage|p1a: Darkrai|88/100|[from] Stealth Rock
|turn|4
|
|t:|1760429626
|move|p2a: Brambleghast|Poltergeist|p1a: Darkrai
|-activate|p1a: Darkrai|move: Poltergeist|Choice Scarf
|-resisted|p1a: Darkrai
|-damage|p1a: Darkrai|40/100
|move|p1a: Darkrai|Dark Pulse|p2a: Brambleghast
|-supereffective|p2a: Brambleghast
|-damage|p2a: Brambleghast|0 fnt
|faint|p2a: Brambleghast
|
|-sideend|p2: pokefanfdj|move: Tailwind
|upkeep
|
|t:|1760429632
|switch|p2a: Blissey|Blissey, F|100/100
|turn|5
|
|t:|1760429636
|switch|p1a: Great Tusk|Great Tusk|100/100
|move|p2a: Blissey|Thunder Wave|p1a: Great Tusk
|-immune|p1a: Great Tusk
|
|upkeep
|turn|6
|
|t:|1760429640
|switch|p2a: Moltres|Moltres|100/100
|move|p1a: Great Tusk|Rapid Spin|p2a: Moltres
|-crit|p2a: Moltres
|-damage|p2a: Moltres|81/100
|-boost|p1a: Great Tusk|spe|1
|-status|p1a: Great Tusk|brn|[from] ability: Flame Body|[of] p2a: Moltres
|-sideend|p1: rhienwelzel|Stealth Rock|[from] move: Rapid Spin|[of] p1a: Great Tusk
|
|-damage|p1a: Great Tusk|94/100 brn|[from] brn
|upkeep
|turn|7
|
|t:|1760429646
|move|p1a: Great Tusk|Stealth Rock|p2a: Moltres
|-sidestart|p2: pokefanfdj|move: Stealth Rock
|move|p2a: Moltres|Tailwind|p2a: Moltres
|-sidestart|p2: pokefanfdj|move: Tailwind
|
|-damage|p1a: Great Tusk|88/100 brn|[from] brn
|upkeep
|turn|8
|
|t:|1760429653
|-end|p1a: Great Tusk|Protosynthesis|[silent]
|switch|p1a: Gholdengo|Gholdengo|70/100
|move|p2a: Moltres|Air Slash|p1a: Gholdengo
|-resisted|p1a: Gholdengo
|-damage|p1a: Gholdengo|52/100
|
|upkeep
|turn|9
|
|t:|1760429657
|move|p1a: Gholdengo|Trick|p2a: Moltres
|-activate|p1a: Gholdengo|move: Trick|[of] p2a: Moltres
|-item|p2a: Moltres|Choice Scarf|[from] move: Trick
|-item|p1a: Gholdengo|Heavy-Duty Boots|[from] move: Trick
|move|p2a: Moltres|Fire Blast|p1a: Gholdengo
|-supereffective|p1a: Gholdengo
|-damage|p1a: Gholdengo|0 fnt
|faint|p1a: Gholdengo
|
|upkeep
|
|t:|1760429662
|switch|p1a: Iron Valiant|Iron Valiant|100/100
|-enditem|p1a: Iron Valiant|Booster Energy
|-activate|p1a: Iron Valiant|ability: Quark Drive|[fromitem]
|-start|p1a: Iron Valiant|quarkdrivespe
|turn|10
|
|t:|1760429667
|move|p2a: Moltres|Fire Blast|p1a: Iron Valiant
|-damage|p1a: Iron Valiant|21/100
|move|p1a: Iron Valiant|Swords Dance|p1a: Iron Valiant
|-boost|p1a: Iron Valiant|atk|2
|
|-sideend|p2: pokefanfdj|move: Tailwind
|upkeep
|turn|11
|
|t:|1760429671
|move|p1a: Iron Valiant|Knock Off|p2a: Moltres
|-damage|p2a: Moltres|43/100
|-status|p1a: Iron Valiant|brn|[from] ability: Flame Body|[of] p2a: Moltres
|-enditem|p2a: Moltres|Choice Scarf|[from] move: Knock Off|[of] p1a: Iron Valiant
|move|p2a: Moltres|Fire Blast|p1a: Iron Valiant
|-damage|p1a: Iron Valiant|0 fnt
|faint|p1a: Iron Valiant
|-end|p1a: Iron Valiant|Quark Drive|[silent]
|
|upkeep
|
|t:|1760429675
|switch|p1a: Dragonite|Dragonite, M|100/100
|turn|12
|
|t:|1760429686
|move|p1a: Dragonite|Dragon Dance|p1a: Dragonite
|-boost|p1a: Dragonite|atk|1
|-boost|p1a: Dragonite|spe|1
|move|p2a: Moltres|Fire Blast|p1a: Dragonite
|-resisted|p1a: Dragonite
|-damage|p1a: Dragonite|89/100
|
|upkeep
|turn|13
|
|t:|1760429689
|move|p1a: Dragonite|Extreme Speed|p2a: Moltres
|-damage|p2a: Moltres|11/100
|-status|p1a: Dragonite|brn|[from] ability: Flame Body|[of] p2a: Moltres
|move|p2a: Moltres|Fire Blast|p1a: Dragonite
|-resisted|p1a: Dragonite
|-damage|p1a: Dragonite|68/100 brn
|
|-damage|p1a: Dragonite|62/100 brn|[from] brn
|upkeep
|turn|14
|-message|rhienwelzel forfeited.
|
|win|pokefanfdj
|raw|rhienwelzel's rating: 1291 &rarr; <strong>1267</strong><br />(-24 for losing)
|raw|pokefanfdj's rating: 1299 &rarr; <strong>1323</strong><br />(+24 for winning)
|l|☆rhienwelzel
|player|p1|
|l|☆pokefanfdj
|player|p2|
