|j|☆China sanxie
|j|☆chinchilla1010x
|t:|1760336196
|gametype|singles
|player|p1|China sanxie|1|1214
|player|p2|chinchilla1010x|266|1247
|gen|9
|tier|[Gen 9] OU
|rated|
|rule|HP Percentage Mod: HP is shown in percentages
|rule|Endless Battle Clause: Forcing endless battles is banned
|rule|Species Clause: Limit one of each Pokémon
|rule|OHKO Clause: OHKO moves are banned
|rule|Evasion Items Clause: Evasion items are banned
|rule|Evasion Moves Clause: Evasion moves are banned
|rule|Evasion Abilities Clause: Evasion abilities are banned
|rule|Sleep Moves Clause: Sleep-inducing moves are banned
|clearpoke
|poke|p1|Iron Hands|
|poke|p1|Pawmot, M|
|poke|p1|Kingambit, M|
|poke|p1|Iron Valiant|
|poke|p1|Hoopa-Unbound|
|poke|p1|Cresselia, F|
|poke|p2|Frosmoth, F|
|poke|p2|Comfey, M|
|poke|p2|Charizard, M|
|poke|p2|Glimmora, M|
|poke|p2|Araquanid, M|
|poke|p2|Dragapult, F|
|teampreview
|
|t:|1760336202
|teamsize|p1|6
|teamsize|p2|6
|start
|switch|p1a: Cresselia|Cresselia, F|100/100
|switch|p2a: Araquanid|Araquanid, M|100/100
|turn|1
|
|t:|1760336207
|move|p1a: Cresselia|Reflect|p1a: Cresselia
|-sidestart|p1: China sanxie|Reflect
|move|p2a: Araquanid|Sticky Web|p1a: Cresselia
|-sidestart|p1: China sanxie|move: Sticky Web
|
|upkeep
|turn|2
|
|t:|1760336214
|switch|p1a: Iron Hands|Iron Hands|100/100
|-activate|p1a: Iron Hands|move: Sticky Web
|-unboost|p1a: Iron Hands|spe|1
|-enditem|p1a: Iron Hands|Booster Energy
|-activate|p1a: Iron Hands|ability: Quark Drive|[fromitem]
|-start|p1a: Iron Hands|quarkdriveatk
|move|p2a: Araquanid|Liquidation|p1a: Iron Hands
|-damage|p1a: Iron Hands|81/100
|
|upkeep
|turn|3
|
|t:|1760336226
|switch|p2a: Comfey|Comfey, M|100/100
|move|p1a: Iron Hands|Swords Dance|p1a: Iron Hands
|-boost|p1a: Iron Hands|atk|2
|
|upkeep
|turn|4
|
|t:|1760336231
|move|p2a: Comfey|Leech Seed|p1a: Iron Hands|[miss]
|-miss|p2a: Comfey|p1a: Iron Hands
|move|p1a: Iron Hands|Supercell Slam|p2a: Comfey
|-damage|p2a: Comfey|0 fnt
|faint|p2a: Comfey
|
|upkeep
|
|t:|1760336239
|switch|p2a: Glimmora|Glimmora, M|100/100
|turn|5
|
|t:|1760336244
|move|p2a: Glimmora|Meteor Beam||[still]
|-prepare|p2a: Glimmora|Meteor Beam
|-boost|p2a: Glimmora|spa|1
|move|p1a: Iron Hands|Drain Punch|p2a: Glimmora
|-enditem|p2a: Glimmora|Focus Sash
|-damage|p2a: Glimmora|1/100
|-heal|p1a: Iron Hands|100/100|[from] drain|[of] p2a: Glimmora
|-activate|p2a: Glimmora|ability: Toxic Debris
|-sidestart|p1: China sanxie|move: Toxic Spikes
|
|upkeep
|turn|6
|inactive|Battle timer is ON: inactive players will automatically lose when time's up. (requested by chinchilla1010x)
|
|t:|1760336256
|move|p2a: Glimmora|Meteor Beam|p1a: Iron Hands|[from] lockedmove
|-resisted|p1a: Iron Hands
|-damage|p1a: Iron Hands|71/100
|move|p1a: Iron Hands|Drain Punch|p2a: Glimmora
|-damage|p2a: Glimmora|0 fnt
|-heal|p1a: Iron Hands|71/100|[from] drain|[of] p2a: Glimmora
|-activate|p2a: Glimmora|ability: Toxic Debris
|-sidestart|p1: China sanxie|move: Toxic Spikes
|faint|p2a: Glimmora
|
|upkeep
|
|t:|1760336268
|switch|p2a: Dragapult|Dragapult, F|100/100
|turn|7
|
|t:|1760336273
|move|p2a: Dragapult|Dragon Darts|p1a: Iron Hands
|-damage|p1a: Iron Hands|55/100
|-anim|p2a: Dragapult|Dragon Darts|p1a: Iron Hands
|-damage|p1a: Iron Hands|40/100
|move|p1a: Iron Hands|Ice Punch|p2a: Dragapult
|-supereffective|p2a: Dragapult
|-enditem|p2a: Dragapult|Focus Sash
|-damage|p2a: Dragapult|1/100
|
|upkeep
|turn|8
|
|t:|1760336283
|move|p2a: Dragapult|Dragon Darts|p1a: Iron Hands
|-damage|p1a: Iron Hands|26/100
|-anim|p2a: Dragapult|Dragon Darts|p1a: Iron Hands
|-damage|p1a: Iron Hands|10/100
|move|p1a: Iron Hands|Ice Punch|p2a: Dragapult
|-supereffective|p2a: Dragapult
|-damage|p2a: Dragapult|0 fnt
|faint|p2a: Dragapult
|
|-sideend|p1: China sanxie|Reflect
|upkeep
|
|t:|1760336291
|switch|p2a: Charizard|Charizard, M|100/100
|turn|9
|
|t:|1760336295
|move|p2a: Charizard|Flame Charge|p1a: Iron Hands
|-damage|p1a: Iron Hands|0 fnt
|-boost|p2a: Charizard|spe|1
|faint|p1a: Iron Hands
|-end|p1a: Iron Hands|Quark Drive|[silent]
|
|upkeep
|
|t:|1760336324
|switch|p1a: Hoopa|Hoopa-Unbound|100/100
|-activate|p1a: Hoopa|move: Sticky Web
|-unboost|p1a: Hoopa|spe|1
|-status|p1a: Hoopa|tox
|turn|10
|
|t:|1760336339
|move|p2a: Charizard|Belly Drum|p2a: Charizard
|-damage|p2a: Charizard|50/100
|-setboost|p2a: Charizard|atk|6|[from] move: Belly Drum
|-enditem|p2a: Charizard|Sitrus Berry|[eat]
|-heal|p2a: Charizard|75/100|[from] item: Sitrus Berry
|move|p1a: Hoopa|Dark Pulse|p2a: Charizard
|-damage|p2a: Charizard|17/100
|
|-damage|p1a: Hoopa|94/100 tox|[from] psn
|upkeep
|turn|11
|
|t:|1760336350
|move|p2a: Charizard|Acrobatics|p1a: Hoopa
|-damage|p1a: Hoopa|0 fnt
|faint|p1a: Hoopa
|
|upkeep
|
|t:|1760336354
|switch|p1a: Kingambit|Kingambit, M|100/100
|-activate|p1a: Kingambit|move: Sticky Web
|-unboost|p1a: Kingambit|spe|1
|-activate|p1a: Kingambit|ability: Supreme Overlord
|-start|p1a: Kingambit|fallen2|[silent]
|turn|12
|
|t:|1760336359
|move|p1a: Kingambit|Sucker Punch||[still]
|-fail|p1a: Kingambit
|move|p2a: Charizard|Belly Drum||[still]
|-fail|p2a: Charizard
|
|upkeep
|turn|13
|
|t:|1760336364
|move|p1a: Kingambit|Sucker Punch|p2a: Charizard
|-damage|p2a: Charizard|0 fnt
|faint|p2a: Charizard
|-damage|p1a: Kingambit|91/100|[from] item: Life Orb
|
|upkeep
|
|t:|1760336369
|switch|p2a: Frosmoth|Frosmoth, F|100/100
|turn|14
|
|t:|1760336374
|-terastallize|p2a: Frosmoth|Ground
|move|p2a: Frosmoth|Quiver Dance|p2a: Frosmoth
|-boost|p2a: Frosmoth|spa|1
|-boost|p2a: Frosmoth|spd|1
|-boost|p2a: Frosmoth|spe|1
|move|p1a: Kingambit|Iron Head|p2a: Frosmoth
|-damage|p2a: Frosmoth|0 fnt
|faint|p2a: Frosmoth
|-damage|p1a: Kingambit|81/100|[from] item: Life Orb
|
|upkeep
|
|t:|1760336381
|switch|p2a: Araquanid|Araquanid, M|100/100
|turn|15
|
|t:|1760336387
|move|p2a: Araquanid|Liquidation|p1a: Kingambit
|-damage|p1a: Kingambit|33/100
|move|p1a: Kingambit|Iron Head|p2a: Araquanid
|-resisted|p2a: Araquanid
|-damage|p2a: Araquanid|68/100
|-damage|p1a: Kingambit|23/100|[from] item: Life Orb
|
|-heal|p2a: Araquanid|75/100|[from] item: Leftovers
|upkeep
|turn|16
|
|t:|1760336396
|move|p1a: Kingambit|Sucker Punch|p2a: Araquanid
|-damage|p2a: Araquanid|15/100
|-damage|p1a: Kingambit|13/100|[from] item: Life Orb
|move|p2a: Araquanid|Leech Life|p1a: Kingambit
|-damage|p1a: Kingambit|0 fnt
|-heal|p2a: Araquanid|21/100|[from] drain|[of] p1a: Kingambit
|faint|p1a: Kingambit
|-end|p1a: Kingambit|fallen2|[silent]
|
|-heal|p2a: Araquanid|27/100|[from] item: Leftovers
|upkeep
|
|t:|1760336417
|switch|p1a: Iron Valiant|Iron Valiant|100/100
|-activate|p1a: Iron Valiant|move: Sticky Web
|-unboost|p1a: Iron Valiant|spe|1
|-status|p1a: Iron Valiant|tox
|-enditem|p1a: Iron Valiant|Booster Energy
|-activate|p1a: Iron Valiant|ability: Quark Drive|[fromitem]
|-start|p1a: Iron Valiant|quarkdriveatk
|turn|17
|
|t:|1760336422
|move|p1a: Iron Valiant|Spirit Break|p2a: Araquanid
|-damage|p2a: Araquanid|0 fnt
|faint|p2a: Araquanid
|
|win|China sanxie
|raw|China sanxie's rating: 1214 &rarr; <strong>1241</strong><br />(+27 for winning)
|raw|chinchilla1010x's rating: 1247 &rarr; <strong>1220</strong><br />(-27 for losing)
|l|☆chinchilla1010x
|player|p2|
|l|☆China sanxie
|player|p1|
