|j|☆MalachiteOW
|j|☆Us sad
|t:|1760323249
|gametype|singles
|player|p1|MalachiteOW|miku-ghost|1381
|player|p2|Us sad|170|1395
|gen|9
|tier|[Gen 9] OU
|rated|
|rule|HP Percentage Mod: HP is shown in percentages
|rule|Endless Battle Clause: Forcing endless battles is banned
|rule|Species Clause: Limit one of each Pokémon
|rule|OHKO Clause: OHKO moves are banned
|rule|Evasion Items Clause: Evasion items are banned
|rule|Evasion Moves Clause: Evasion moves are banned
|rule|Evasion Abilities Clause: Evasion abilities are banned
|rule|Sleep Moves Clause: Sleep-inducing moves are banned
|clearpoke
|poke|p1|Frosmoth, M|
|poke|p1|Okidogi, M|
|poke|p1|Zapdos|
|poke|p1|Alomomola, M|
|poke|p1|Dragapult, M|
|poke|p1|Iron Treads|
|poke|p2|Kyurem|
|poke|p2|Heatran, F|
|poke|p2|Hatterene, F|
|poke|p2|Alomomola, F|
|poke|p2|Gliscor, F|
|poke|p2|Zamazenta-*|
|teampreview
|inactive|Battle timer is ON: inactive players will automatically lose when time's up. (requested by MalachiteOW)
|inactive|MalachiteOW has 120 seconds left.
|
|t:|1760323288
|teamsize|p1|6
|teamsize|p2|6
|start
|switch|p1a: Dragapult|Dragapult, M|100/100
|switch|p2a: Gliscor|Gliscor, F|100/100
|turn|1
|
|t:|1760323299
|move|p2a: Gliscor|Protect|p2a: Gliscor
|-singleturn|p2a: Gliscor|Protect
|move|p1a: Dragapult|Shadow Ball|p2a: Gliscor
|-activate|p2a: Gliscor|move: Protect
|
|-status|p2a: Gliscor|tox|[from] item: Toxic Orb
|upkeep
|turn|2
|inactive|Us sad has 120 seconds left.
|inactive|Us sad has 90 seconds left.
|
|t:|1760323361
|move|p1a: Dragapult|Shadow Ball|p2a: Gliscor
|-damage|p2a: Gliscor|57/100 tox
|-unboost|p2a: Gliscor|spd|1
|move|p2a: Gliscor|Toxic|p1a: Dragapult
|-status|p1a: Dragapult|tox
|
|-damage|p1a: Dragapult|95/100 tox|[from] psn
|-heal|p2a: Gliscor|69/100 tox|[from] ability: Poison Heal
|upkeep
|turn|3
|
|t:|1760323372
|switch|p1a: Okidogi|Okidogi, M|100/100
|move|p2a: Gliscor|Protect||[still]
|-fail|p2a: Gliscor
|
|-heal|p2a: Gliscor|82/100 tox|[from] ability: Poison Heal
|upkeep
|turn|4
|
|t:|1760323381
|move|p2a: Gliscor|Knock Off|p1a: Okidogi
|-resisted|p1a: Okidogi
|-damage|p1a: Okidogi|91/100
|-enditem|p1a: Okidogi|Assault Vest|[from] move: Knock Off|[of] p2a: Gliscor
|move|p1a: Okidogi|Ice Punch|p2a: Gliscor
|-supereffective|p2a: Gliscor
|-damage|p2a: Gliscor|0 fnt
|faint|p2a: Gliscor
|
|upkeep
|
|t:|1760323387
|switch|p2a: Kyurem|Kyurem|100/100
|-ability|p2a: Kyurem|Pressure
|turn|5
|
|t:|1760323393
|switch|p1a: Frosmoth|Frosmoth, M|100/100
|move|p2a: Kyurem|Earth Power|p1a: Frosmoth
|-resisted|p1a: Frosmoth
|-crit|p1a: Frosmoth
|-damage|p1a: Frosmoth|92/100
|
|-heal|p1a: Frosmoth|98/100|[from] item: Leftovers
|upkeep
|turn|6
|inactive|Us sad has 120 seconds left.
|
|t:|1760323408
|switch|p1a: Alomomola|Alomomola, M|100/100
|move|p2a: Kyurem|Draco Meteor|p1a: Alomomola
|-damage|p1a: Alomomola|38/100
|-unboost|p2a: Kyurem|spa|2
|
|upkeep
|turn|7
|
|t:|1760323413
|switch|p1a: Frosmoth|Frosmoth, M|98/100
|move|p2a: Kyurem|Freeze-Dry|p1a: Frosmoth
|-resisted|p1a: Frosmoth
|-damage|p1a: Frosmoth|94/100
|
|-heal|p1a: Frosmoth|99/100|[from] item: Leftovers
|upkeep
|turn|8
|
|t:|1760323420
|switch|p2a: Heatran|Heatran, F|100/100
|move|p1a: Frosmoth|Substitute|p1a: Frosmoth
|-start|p1a: Frosmoth|Substitute
|-damage|p1a: Frosmoth|75/100
|
|-heal|p1a: Frosmoth|81/100|[from] item: Leftovers
|upkeep
|turn|9
|
|t:|1760323432
|-terastallize|p1a: Frosmoth|Electric
|move|p2a: Heatran|Magma Storm|p1a: Frosmoth|[miss]
|-miss|p2a: Heatran|p1a: Frosmoth
|move|p1a: Frosmoth|Quiver Dance|p1a: Frosmoth
|-boost|p1a: Frosmoth|spa|1
|-boost|p1a: Frosmoth|spd|1
|-boost|p1a: Frosmoth|spe|1
|
|-heal|p1a: Frosmoth|88/100|[from] item: Leftovers
|upkeep
|turn|10
|
|t:|1760323437
|move|p2a: Heatran|Earth Power|p1a: Frosmoth
|-supereffective|p1a: Frosmoth
|-activate|p1a: Frosmoth|move: Substitute|[damage]
|move|p1a: Frosmoth|Quiver Dance|p1a: Frosmoth
|-boost|p1a: Frosmoth|spa|1
|-boost|p1a: Frosmoth|spd|1
|-boost|p1a: Frosmoth|spe|1
|
|-heal|p1a: Frosmoth|94/100|[from] item: Leftovers
|upkeep
|turn|11
|
|t:|1760323441
|move|p1a: Frosmoth|Quiver Dance|p1a: Frosmoth
|-boost|p1a: Frosmoth|spa|1
|-boost|p1a: Frosmoth|spd|1
|-boost|p1a: Frosmoth|spe|1
|move|p2a: Heatran|Earth Power|p1a: Frosmoth
|-supereffective|p1a: Frosmoth
|-activate|p1a: Frosmoth|move: Substitute|[damage]
|
|-heal|p1a: Frosmoth|99/100|[from] item: Leftovers
|upkeep
|turn|12
|-message|Us sad forfeited.
|
|win|MalachiteOW
|raw|MalachiteOW's rating: 1381 &rarr; <strong>1403</strong><br />(+22 for winning)
|raw|Us sad's rating: 1416 &rarr; <strong>1394</strong><br />(-22 for losing)
|l|☆Us sad
|player|p2|
|l|☆MalachiteOW
|player|p1|
