|j|☆ZyroXDragon
|j|☆Hybbridd
|t:|1760305346
|gametype|singles
|player|p1|ZyroXDragon|blue|1545
|player|p2|Hybbridd|lucas-gen4pt|1621
|gen|9
|tier|[Gen 9] OU
|rated|
|rule|HP Percentage Mod: HP is shown in percentages
|rule|Endless Battle Clause: Forcing endless battles is banned
|rule|Species Clause: Limit one of each Pokémon
|rule|OHKO Clause: OHKO moves are banned
|rule|Evasion Items Clause: Evasion items are banned
|rule|Evasion Moves Clause: Evasion moves are banned
|rule|Evasion Abilities Clause: Evasion abilities are banned
|rule|Sleep Moves Clause: Sleep-inducing moves are banned
|clearpoke
|poke|p1|Dondozo, M|
|poke|p1|Gliscor, M|
|poke|p1|Toxapex, M|
|poke|p1|Clefable, F|
|poke|p1|Blissey, F|
|poke|p1|Slowking-Galar, F|
|poke|p2|Landorus-Therian, M|
|poke|p2|Samurott-Hisui, F|
|poke|p2|Pecharunt|
|poke|p2|Scizor, M|
|poke|p2|Latios, M|
|poke|p2|Zamazenta-*|
|teampreview
|
|t:|1760305355
|teamsize|p1|6
|teamsize|p2|6
|start
|switch|p1a: Clefable|Clefable, F|100/100
|switch|p2a: Scizor|Scizor, M|100/100
|turn|1
|
|t:|1760305360
|-terastallize|p2a: Scizor|Electric
|move|p2a: Scizor|Knock Off|p1a: Clefable
|-resisted|p1a: Clefable
|-damage|p1a: Clefable|78/100
|-enditem|p1a: Clefable|Leftovers|[from] move: Knock Off|[of] p2a: Scizor
|move|p1a: Clefable|Thunder Wave|p2a: Scizor
|-immune|p2a: Scizor
|
|upkeep
|turn|2
|inactive|Battle timer is ON: inactive players will automatically lose when time's up. (requested by ZyroXDragon)
|
|t:|1760305371
|move|p2a: Scizor|Knock Off|p1a: Clefable
|-resisted|p1a: Clefable
|-damage|p1a: Clefable|63/100
|move|p1a: Clefable|Knock Off|p2a: Scizor
|-damage|p2a: Scizor|81/100
|-enditem|p2a: Scizor|Heavy-Duty Boots|[from] move: Knock Off|[of] p1a: Clefable
|
|upkeep
|turn|3
|
|t:|1760305376
|move|p2a: Scizor|Bullet Punch|p1a: Clefable
|-supereffective|p1a: Clefable
|-damage|p1a: Clefable|0 fnt
|faint|p1a: Clefable
|
|upkeep
|
|t:|1760305380
|switch|p1a: Toxapex|Toxapex, M|100/100
|turn|4
|
|t:|1760305383
|move|p2a: Scizor|Tera Blast|p1a: Toxapex|[anim] Tera Blast Electric
|-supereffective|p1a: Toxapex
|-damage|p1a: Toxapex|49/100
|move|p1a: Toxapex|Infestation|p2a: Scizor
|-damage|p2a: Scizor|77/100
|-activate|p2a: Scizor|move: Infestation|[of] p1a: Toxapex
|
|-heal|p1a: Toxapex|55/100|[from] item: Black Sludge
|-damage|p2a: Scizor|65/100|[from] move: Infestation|[partiallytrapped]
|upkeep
|turn|5
|
|t:|1760305389
|move|p1a: Toxapex|Baneful Bunker|p1a: Toxapex
|-singleturn|p1a: Toxapex|move: Protect
|move|p2a: Scizor|Swords Dance|p2a: Scizor
|-boost|p2a: Scizor|atk|2
|
|-heal|p1a: Toxapex|62/100|[from] item: Black Sludge
|-damage|p2a: Scizor|52/100|[from] move: Infestation|[partiallytrapped]
|upkeep
|turn|6
|c|☆ZyroXDragon|cringe ass set
|-message|ZyroXDragon forfeited.
|
|win|Hybbridd
|raw|ZyroXDragon's rating: 1545 &rarr; <strong>1529</strong><br />(-16 for losing)
|raw|Hybbridd's rating: 1621 &rarr; <strong>1637</strong><br />(+16 for winning)
|l|☆ZyroXDragon
|player|p1|
