|j|☆nevellen l
|j|☆Team BBIO 38
|t:|1760367924
|gametype|singles
|player|p1|nevellen l|hilbert|1380
|player|p2|Team BBIO 38|dragontamer|1354
|gen|9
|tier|[Gen 9] OU
|rated|
|rule|HP Percentage Mod: HP is shown in percentages
|rule|Endless Battle Clause: Forcing endless battles is banned
|rule|Species Clause: Limit one of each Pokémon
|rule|OHKO Clause: OHKO moves are banned
|rule|Evasion Items Clause: Evasion items are banned
|rule|Evasion Moves Clause: Evasion moves are banned
|rule|Evasion Abilities Clause: Evasion abilities are banned
|rule|Sleep Moves Clause: Sleep-inducing moves are banned
|clearpoke
|poke|p1|Samurott-Hisui, M|
|poke|p1|Great Tusk|
|poke|p1|Volcanion|
|poke|p1|Hydrapple, F|
|poke|p1|Gholdengo|
|poke|p1|Landorus-Therian, M|
|poke|p2|Dusclops, M|
|poke|p2|Blissey, F|
|poke|p2|Flamigo, M|
|poke|p2|Latias, F|
|poke|p2|Darkrai|
|poke|p2|Ambipom, M|
|teampreview
|inactive|Battle timer is ON: inactive players will automatically lose when time's up. (requested by Team BBIO 38)
|
|t:|1760367942
|teamsize|p1|6
|teamsize|p2|6
|start
|switch|p1a: Landorus|Landorus-Therian, M|100/100
|switch|p2a: Flamigo|Flamigo, M|100/100
|-ability|p1a: Landorus|Intimidate|boost
|-fail|p2a: Flamigo|unboost|Attack|[from] ability: Scrappy|[of] p2a: Flamigo
|turn|1
|
|t:|1760367954
|switch|p2a: Dusclops|Dusclops, M|100/100
|-item|p1a: Landorus|Choice Scarf|[from] ability: Frisk|[of] p2a: Dusclops
|move|p1a: Landorus|Stone Edge|p2a: Dusclops
|-damage|p2a: Dusclops|81/100
|
|upkeep
|turn|2
|inactive|Team BBIO 38 has 120 seconds left.
|inactive|Team BBIO 38 has 90 seconds left.
|
|t:|1760368017
|switch|p1a: Samurott|Samurott-Hisui, M|100/100
|move|p2a: Dusclops|Night Shade|p1a: Samurott
|-damage|p1a: Samurott|74/100
|
|upkeep
|turn|3
|
|t:|1760368033
|switch|p2a: Flamigo|Flamigo, M|100/100
|move|p1a: Samurott|Ceaseless Edge|p2a: Flamigo
|-resisted|p2a: Flamigo
|-damage|p2a: Flamigo|71/100
|-sidestart|p2: Team BBIO 38|Spikes
|
|upkeep
|turn|4
|
|t:|1760368048
|switch|p1a: Hydrapple|Hydrapple, F|100/100
|move|p2a: Flamigo|Close Combat|p1a: Hydrapple
|-damage|p1a: Hydrapple|67/100
|-unboost|p2a: Flamigo|def|1
|-unboost|p2a: Flamigo|spd|1
|-damage|p2a: Flamigo|55/100|[from] item: Rocky Helmet|[of] p1a: Hydrapple
|
|upkeep
|turn|5
|
|t:|1760368063
|switch|p2a: Blissey|Blissey, F|100/100
|-damage|p2a: Blissey|88/100|[from] Spikes
|move|p1a: Hydrapple|Fickle Beam|p2a: Blissey
|-damage|p2a: Blissey|76/100
|
|-heal|p2a: Blissey|83/100|[from] item: Leftovers
|upkeep
|turn|6
|
|t:|1760368085
|switch|p1a: Samurott|Samurott-Hisui, M|74/100
|move|p2a: Blissey|Thunder Wave|p1a: Samurott
|-status|p1a: Samurott|par
|
|-heal|p2a: Blissey|89/100|[from] item: Leftovers
|upkeep
|turn|7
|
|t:|1760368093
|move|p2a: Blissey|Seismic Toss|p1a: Samurott
|-damage|p1a: Samurott|48/100 par
|move|p1a: Samurott|Knock Off|p2a: Blissey
|-damage|p2a: Blissey|54/100
|-enditem|p2a: Blissey|Leftovers|[from] move: Knock Off|[of] p1a: Samurott
|
|upkeep
|turn|8
|
|t:|1760368100
|move|p2a: Blissey|Seismic Toss|p1a: Samurott
|-damage|p1a: Samurott|22/100 par
|cant|p1a: Samurott|par
|
|upkeep
|turn|9
|
|t:|1760368110
|switch|p1a: Hydrapple|Hydrapple, F|99/100
|move|p2a: Blissey|Seismic Toss|p1a: Hydrapple
|-damage|p1a: Hydrapple|76/100
|-damage|p2a: Blissey|38/100|[from] item: Rocky Helmet|[of] p1a: Hydrapple
|
|upkeep
|turn|10
|
|t:|1760368116
|move|p2a: Blissey|Thunder Wave|p1a: Hydrapple
|-status|p1a: Hydrapple|par
|move|p1a: Hydrapple|Giga Drain|p2a: Blissey
|-damage|p2a: Blissey|27/100
|-heal|p1a: Hydrapple|86/100 par|[from] drain|[of] p2a: Blissey
|
|upkeep
|turn|11
|inactive|Team BBIO 38 has 120 seconds left.
|
|t:|1760368122
|move|p2a: Blissey|Soft-Boiled|p2a: Blissey
|-heal|p2a: Blissey|77/100
|cant|p1a: Hydrapple|par
|
|upkeep
|turn|12
|
|t:|1760368127
|switch|p2a: Darkrai|Darkrai|100/100
|-damage|p2a: Darkrai|88/100|[from] Spikes
|move|p1a: Hydrapple|Nasty Plot|p1a: Hydrapple
|-boost|p1a: Hydrapple|spa|2
|
|upkeep
|turn|13
|
|t:|1760368137
|switch|p1a: Samurott|Samurott-Hisui, M|22/100 par
|move|p2a: Darkrai|Dark Pulse|p1a: Samurott
|-resisted|p1a: Samurott
|-damage|p1a: Samurott|0 fnt
|faint|p1a: Samurott
|
|upkeep
|
|t:|1760368142
|switch|p1a: Landorus|Landorus-Therian, M|100/100
|-ability|p1a: Landorus|Intimidate|boost
|-unboost|p2a: Darkrai|atk|1
|turn|14
|
|t:|1760368147
|switch|p2a: Dusclops|Dusclops, M|81/100
|-damage|p2a: Dusclops|69/100|[from] Spikes
|-item|p1a: Landorus|Choice Scarf|[from] ability: Frisk|[of] p2a: Dusclops
|move|p1a: Landorus|U-turn|p2a: Dusclops
|-resisted|p2a: Dusclops
|-damage|p2a: Dusclops|63/100
|
|t:|1760368154
|switch|p1a: Gholdengo|Gholdengo|100/100|[from] U-turn
|-item|p1a: Gholdengo|Air Balloon
|
|upkeep
|turn|15
|
|t:|1760368162
|switch|p2a: Flamigo|Flamigo, M|55/100
|move|p1a: Gholdengo|Shadow Ball|p2a: Flamigo
|-damage|p2a: Flamigo|0 fnt
|faint|p2a: Flamigo
|
|upkeep
|
|t:|1760368168
|switch|p2a: Darkrai|Darkrai|88/100
|-damage|p2a: Darkrai|76/100|[from] Spikes
|turn|16
|
|t:|1760368191
|switch|p1a: Volcanion|Volcanion|100/100
|move|p2a: Darkrai|Dark Pulse|p1a: Volcanion
|-damage|p1a: Volcanion|30/100
|
|upkeep
|turn|17
|
|t:|1760368200
|move|p2a: Darkrai|Dark Pulse|p1a: Volcanion
|-damage|p1a: Volcanion|0 fnt
|faint|p1a: Volcanion
|
|upkeep
|
|t:|1760368203
|switch|p1a: Landorus|Landorus-Therian, M|100/100
|-ability|p1a: Landorus|Intimidate|boost
|-unboost|p2a: Darkrai|atk|1
|turn|18
|
|t:|1760368209
|switch|p2a: Dusclops|Dusclops, M|63/100
|-damage|p2a: Dusclops|50/100|[from] Spikes
|-item|p1a: Landorus|Choice Scarf|[from] ability: Frisk|[of] p2a: Dusclops
|move|p1a: Landorus|Earthquake|p2a: Dusclops
|-damage|p2a: Dusclops|23/100
|
|upkeep
|turn|19
|
|t:|1760368219
|move|p1a: Landorus|Earthquake|p2a: Dusclops
|-damage|p2a: Dusclops|0 fnt
|faint|p2a: Dusclops
|
|upkeep
|
|t:|1760368229
|switch|p2a: Ambipom|Ambipom, M|100/100
|-damage|p2a: Ambipom|88/100|[from] Spikes
|turn|20
|
|t:|1760368233
|switch|p1a: Hydrapple|Hydrapple, F|100/100 par
|move|p2a: Ambipom|Triple Axel|p1a: Hydrapple|[miss]
|-miss|p2a: Ambipom|p1a: Hydrapple
|
|upkeep
|turn|21
|
|t:|1760368243
|-terastallize|p1a: Hydrapple|Steel
|move|p2a: Ambipom|Triple Axel|p1a: Hydrapple|[miss]
|-miss|p2a: Ambipom|p1a: Hydrapple
|move|p1a: Hydrapple|Nasty Plot|p1a: Hydrapple
|-boost|p1a: Hydrapple|spa|2
|
|upkeep
|turn|22
|
|t:|1760368250
|switch|p2a: Blissey|Blissey, F|77/100
|-damage|p2a: Blissey|64/100|[from] Spikes
|move|p1a: Hydrapple|Nasty Plot|p1a: Hydrapple
|-boost|p1a: Hydrapple|spa|2
|
|upkeep
|turn|23
|
|t:|1760368261
|move|p2a: Blissey|Seismic Toss|p1a: Hydrapple
|-damage|p1a: Hydrapple|76/100 par
|-damage|p2a: Blissey|48/100|[from] item: Rocky Helmet|[of] p1a: Hydrapple
|move|p1a: Hydrapple|Nasty Plot|p1a: Hydrapple
|-boost|p1a: Hydrapple|spa|2
|
|upkeep
|turn|24
|
|t:|1760368267
|move|p2a: Blissey|Seismic Toss|p1a: Hydrapple
|-damage|p1a: Hydrapple|52/100 par
|-damage|p2a: Blissey|31/100|[from] item: Rocky Helmet|[of] p1a: Hydrapple
|move|p1a: Hydrapple|Giga Drain|p2a: Blissey
|-damage|p2a: Blissey|0 fnt
|-heal|p1a: Hydrapple|78/100 par|[from] drain|[of] p2a: Blissey
|faint|p2a: Blissey
|
|upkeep
|
|t:|1760368279
|switch|p2a: Alaric|Latias, F|100/100
|turn|25
|
|t:|1760368283
|-terastallize|p2a: Alaric|Steel
|move|p2a: Alaric|Calm Mind|p2a: Alaric
|-boost|p2a: Alaric|spa|1
|-boost|p2a: Alaric|spd|1
|cant|p1a: Hydrapple|par
|
|upkeep
|turn|26
|
|t:|1760368297
|move|p2a: Alaric|Calm Mind|p2a: Alaric
|-boost|p2a: Alaric|spa|1
|-boost|p2a: Alaric|spd|1
|move|p1a: Hydrapple|Earth Power|p2a: Alaric
|-immune|p2a: Alaric|[from] ability: Levitate
|
|upkeep
|turn|27
|
|t:|1760368307
|switch|p1a: Landorus|Landorus-Therian, M|100/100
|-ability|p1a: Landorus|Intimidate|boost
|-unboost|p2a: Alaric|atk|1
|move|p2a: Alaric|Calm Mind|p2a: Alaric
|-boost|p2a: Alaric|spa|1
|-boost|p2a: Alaric|spd|1
|
|upkeep
|turn|28
|
|t:|1760368314
|move|p1a: Landorus|U-turn|p2a: Alaric
|-resisted|p2a: Alaric
|-damage|p2a: Alaric|88/100
|
|t:|1760368333
|switch|p1a: Gholdengo|Gholdengo|100/100|[from] U-turn
|-item|p1a: Gholdengo|Air Balloon
|move|p2a: Alaric|Calm Mind|p2a: Alaric
|-boost|p2a: Alaric|spa|1
|-boost|p2a: Alaric|spd|1
|
|upkeep
|turn|29
|
|t:|1760368340
|move|p2a: Alaric|Stored Power|p1a: Gholdengo
|-resisted|p1a: Gholdengo
|-damage|p1a: Gholdengo|0 fnt
|-enditem|p1a: Gholdengo|Air Balloon
|faint|p1a: Gholdengo
|
|upkeep
|inactive|nevellen l has 120 seconds left.
|
|t:|1760368371
|switch|p1a: Hydrapple|Hydrapple, F, tera:Steel|100/100 par
|turn|30
|
|t:|1760368377
|move|p2a: Alaric|Stored Power|p1a: Hydrapple
|-resisted|p1a: Hydrapple
|-damage|p1a: Hydrapple|0 fnt
|faint|p1a: Hydrapple
|
|upkeep
|
|t:|1760368381
|switch|p1a: Landorus|Landorus-Therian, M|100/100
|-ability|p1a: Landorus|Intimidate|boost
|-unboost|p2a: Alaric|atk|1
|turn|31
|
|t:|1760368384
|move|p1a: Landorus|Stone Edge|p2a: Alaric
|-resisted|p2a: Alaric
|-damage|p2a: Alaric|68/100
|move|p2a: Alaric|Stored Power|p1a: Landorus
|-damage|p1a: Landorus|0 fnt
|faint|p1a: Landorus
|
|upkeep
|
|t:|1760368387
|switch|p1a: Great Tusk|Great Tusk|100/100
|turn|32
|
|t:|1760368392
|move|p2a: Alaric|Stored Power|p1a: Great Tusk
|-supereffective|p1a: Great Tusk
|-damage|p1a: Great Tusk|0 fnt
|faint|p1a: Great Tusk
|-end|p1a: Great Tusk|Protosynthesis|[silent]
|
|win|Team BBIO 38
|raw|nevellen l's rating: 1380 &rarr; <strong>1359</strong><br />(-21 for losing)
|raw|Team BBIO 38's rating: 1354 &rarr; <strong>1375</strong><br />(+21 for winning)
|l|☆Team BBIO 38
|player|p2|
|l|☆nevellen l
|player|p1|
