|j|☆scottrock888
|j|☆Ruske
|t:|1760460685
|gametype|singles
|player|p1|scottrock888|2|1178
|player|p2|Ruske|hilbert|1183
|gen|9
|tier|[Gen 9] OU
|rated|
|rule|HP Percentage Mod: HP is shown in percentages
|rule|Endless Battle Clause: Forcing endless battles is banned
|rule|Species Clause: Limit one of each Pokémon
|rule|OHKO Clause: OHKO moves are banned
|rule|Evasion Items Clause: Evasion items are banned
|rule|Evasion Moves Clause: Evasion moves are banned
|rule|Evasion Abilities Clause: Evasion abilities are banned
|rule|Sleep Moves Clause: Sleep-inducing moves are banned
|clearpoke
|poke|p1|Cinderace, M|
|poke|p1|Blaziken, M|
|poke|p1|Scizor, M|
|poke|p1|Ogerpon-Wellspring, F|
|poke|p1|Gholdengo|
|poke|p1|Garganacl, M|
|poke|p2|Greninja-*, M|
|poke|p2|Skarmory, F|
|poke|p2|Gholdengo|
|poke|p2|Slowking-Galar, M|
|poke|p2|Ceruledge, M|
|poke|p2|Pikachu, F|
|teampreview
|inactive|Battle timer is ON: inactive players will automatically lose when time's up. (requested by scottrock888)
|
|t:|1760460714
|teamsize|p1|6
|teamsize|p2|6
|start
|switch|p1a: Ogerpon|Ogerpon-Wellspring, F|100/100
|switch|p2a: Skarmory|Skarmory, F|100/100
|turn|1
|
|t:|1760460720
|move|p1a: Ogerpon|Swords Dance|p1a: Ogerpon
|-boost|p1a: Ogerpon|atk|2
|move|p2a: Skarmory|Stealth Rock|p1a: Ogerpon
|-sidestart|p1: scottrock888|move: Stealth Rock
|
|upkeep
|turn|2
|
|t:|1760460727
|move|p1a: Ogerpon|Encore|p2a: Skarmory
|-start|p2a: Skarmory|Encore
|move|p2a: Skarmory|Stealth Rock||[still]
|-fail|p2a: Skarmory
|
|upkeep
|turn|3
|
|t:|1760460733
|switch|p2a: Gholdengo|Gholdengo|100/100
|-item|p2a: Gholdengo|Air Balloon
|move|p1a: Ogerpon|Swords Dance|p1a: Ogerpon
|-boost|p1a: Ogerpon|atk|2
|
|upkeep
|turn|4
|
|t:|1760460751
|-terastallize|p1a: Ogerpon|Water
|detailschange|p1a: Ogerpon|Ogerpon-Wellspring-Tera, F, tera:Water
|-ability|p1a: Ogerpon|Embody Aspect (Wellspring)|boost
|-boost|p1a: Ogerpon|spd|1
|move|p1a: Ogerpon|Ivy Cudgel|p2a: Gholdengo|[anim] Ivy Cudgel Water
|-damage|p2a: Gholdengo|0 fnt
|-enditem|p2a: Gholdengo|Air Balloon
|faint|p2a: Gholdengo
|
|upkeep
|
|t:|1760460757
|switch|p2a: Bruno Fernandes|Pikachu, F|100/100
|turn|5
|
|t:|1760460763
|move|p1a: Ogerpon|Ivy Cudgel|p2a: Bruno Fernandes|[anim] Ivy Cudgel Water
|-enditem|p2a: Bruno Fernandes|Focus Sash
|-damage|p2a: Bruno Fernandes|1/100
|move|p2a: Bruno Fernandes|Endeavor|p1a: Ogerpon
|-damage|p1a: Ogerpon|1/100
|
|upkeep
|turn|6
|
|t:|1760460772
|move|p2a: Bruno Fernandes|Quick Attack|p1a: Ogerpon
|-damage|p1a: Ogerpon|0 fnt
|faint|p1a: Ogerpon
|detailschange|p1: Ogerpon|Ogerpon-Wellspring, F|[silent]
|
|upkeep
|
|t:|1760460777
|switch|p1a: Scizor|Scizor, M|100/100
|-damage|p1a: Scizor|88/100|[from] Stealth Rock
|turn|7
|
|t:|1760460783
|switch|p2a: Ceruledge|Ceruledge, M|100/100
|move|p1a: Scizor|Bullet Punch|p2a: Ceruledge
|-resisted|p2a: Ceruledge
|-damage|p2a: Ceruledge|63/100
|
|upkeep
|turn|8
|
|t:|1760460791
|move|p1a: Scizor|Bullet Punch|p2a: Ceruledge
|-resisted|p2a: Ceruledge
|-damage|p2a: Ceruledge|27/100
|move|p2a: Ceruledge|Poltergeist|p1a: Scizor
|-activate|p1a: Scizor|move: Poltergeist|Choice Band
|-damage|p1a: Scizor|27/100
|
|upkeep
|turn|9
|
|t:|1760460798
|move|p1a: Scizor|Bullet Punch|p2a: Ceruledge
|-resisted|p2a: Ceruledge
|-damage|p2a: Ceruledge|0 fnt
|faint|p2a: Ceruledge
|
|upkeep
|
|t:|1760460801
|switch|p2a: Greninja|Greninja, M|100/100
|turn|10
|
|t:|1760460804
|move|p1a: Scizor|Bullet Punch|p2a: Greninja
|-resisted|p2a: Greninja
|-damage|p2a: Greninja|56/100
|move|p2a: Greninja|Dark Pulse|p1a: Scizor
|-damage|p1a: Scizor|0 fnt
|faint|p1a: Scizor
|-ability|p2a: Greninja|Battle Bond|boost
|-boost|p2a: Greninja|atk|1
|-boost|p2a: Greninja|spa|1
|-boost|p2a: Greninja|spe|1
|-activate|p2a: Greninja|ability: Battle Bond
|
|upkeep
|
|t:|1760460817
|switch|p1a: Blaziken|Blaziken, M|100/100
|-damage|p1a: Blaziken|88/100|[from] Stealth Rock
|turn|11
|
|t:|1760460824
|move|p1a: Blaziken|Protect|p1a: Blaziken
|-singleturn|p1a: Blaziken|Protect
|move|p2a: Greninja|Hydro Pump|p1a: Blaziken
|-activate|p1a: Blaziken|move: Protect
|
|-ability|p1a: Blaziken|Speed Boost|boost
|-boost|p1a: Blaziken|spe|1
|upkeep
|turn|12
|
|t:|1760460831
|move|p1a: Blaziken|Protect||[still]
|-fail|p1a: Blaziken
|move|p2a: Greninja|Hydro Pump|p1a: Blaziken
|-supereffective|p1a: Blaziken
|-damage|p1a: Blaziken|0 fnt
|faint|p1a: Blaziken
|
|upkeep
|-message|scottrock888 forfeited.
|
|win|Ruske
|raw|scottrock888's rating: 1178 &rarr; <strong>1153</strong><br />(-25 for losing)
|raw|Ruske's rating: 1183 &rarr; <strong>1208</strong><br />(+25 for winning)
|l|☆scottrock888
|player|p1|
|l|☆Ruske
|player|p2|
