|j|☆xaviercooks
|j|☆pinko_dinko
|t:|1760367471
|gametype|singles
|player|p1|xaviercooks|hilbert|1288
|player|p2|pinko_dinko|medium|1306
|gen|9
|tier|[Gen 9] OU
|rated|
|rule|HP Percentage Mod: HP is shown in percentages
|rule|Endless Battle Clause: Forcing endless battles is banned
|rule|Species Clause: Limit one of each Pokémon
|rule|OHKO Clause: OHKO moves are banned
|rule|Evasion Items Clause: Evasion items are banned
|rule|Evasion Moves Clause: Evasion moves are banned
|rule|Evasion Abilities Clause: Evasion abilities are banned
|rule|Sleep Moves Clause: Sleep-inducing moves are banned
|clearpoke
|poke|p1|Quaquaval, M|
|poke|p1|Rillaboom, F|
|poke|p1|Hawlucha, M|
|poke|p1|Iron Treads|
|poke|p1|Dragapult, M|
|poke|p1|Raging Bolt|
|poke|p2|Samurott-Hisui, F|
|poke|p2|Heatran, M|
|poke|p2|Latios, M|
|poke|p2|Iron Valiant|
|poke|p2|Iron Treads|
|poke|p2|Dragapult, F|
|teampreview
|
|t:|1760367508
|teamsize|p1|6
|teamsize|p2|6
|start
|switch|p1a: Iron Treads|Iron Treads|100/100
|switch|p2a: Latios|Latios, M|100/100
|-enditem|p1a: Iron Treads|Booster Energy
|-activate|p1a: Iron Treads|ability: Quark Drive|[fromitem]
|-start|p1a: Iron Treads|quarkdrivespe
|turn|1
|
|t:|1760367518
|move|p1a: Iron Treads|Stealth Rock|p2a: Latios
|-sidestart|p2: pinko_dinko|move: Stealth Rock
|move|p2a: Latios|Aura Sphere|p1a: Iron Treads
|-supereffective|p1a: Iron Treads
|-damage|p1a: Iron Treads|8/100
|
|upkeep
|turn|2
|
|t:|1760367521
|move|p1a: Iron Treads|Steel Beam|p2a: Latios
|-damage|p2a: Latios|47/100
|-damage|p1a: Iron Treads|0 fnt|[from] steelbeam
|faint|p1a: Iron Treads
|-end|p1a: Iron Treads|Quark Drive|[silent]
|move|p2a: Latios|Aura Sphere|p1: Iron Treads|[notarget]
|-fail|p2a: Latios
|
|upkeep
|
|t:|1760367530
|switch|p1a: Rillaboom|Rillaboom, F|100/100
|-fieldstart|move: Grassy Terrain|[from] ability: Grassy Surge|[of] p1a: Rillaboom
|turn|3
|
|t:|1760367560
|switch|p2a: Heatran|Heatran, M|100/100
|-damage|p2a: Heatran|88/100|[from] Stealth Rock
|move|p1a: Rillaboom|U-turn|p2a: Heatran
|-resisted|p2a: Heatran
|-damage|p2a: Heatran|82/100
|-damage|p1a: Rillaboom|84/100|[from] item: Rocky Helmet|[of] p2a: Heatran
|
|t:|1760367564
|switch|p1a: Ugly duckling|Quaquaval, M|100/100|[from] U-turn
|
|-heal|p2a: Heatran|88/100|[from] Grassy Terrain
|upkeep
|turn|4
|
|t:|1760367576
|-terastallize|p2a: Heatran|Grass
|move|p1a: Ugly duckling|Aqua Step|p2a: Heatran
|-resisted|p2a: Heatran
|-damage|p2a: Heatran|76/100
|-boost|p1a: Ugly duckling|spe|1
|-damage|p1a: Ugly duckling|84/100|[from] item: Rocky Helmet|[of] p2a: Heatran
|move|p2a: Heatran|Will-O-Wisp|p1a: Ugly duckling
|-status|p1a: Ugly duckling|brn
|
|-heal|p1a: Ugly duckling|90/100 brn|[from] Grassy Terrain
|-heal|p2a: Heatran|82/100|[from] Grassy Terrain
|-damage|p1a: Ugly duckling|84/100 brn|[from] brn
|upkeep
|turn|5
|
|t:|1760367584
|move|p1a: Ugly duckling|Triple Axel|p2a: Heatran
|-supereffective|p2a: Heatran
|-damage|p2a: Heatran|77/100
|-damage|p1a: Ugly duckling|67/100 brn|[from] item: Rocky Helmet|[of] p2a: Heatran
|-supereffective|p2a: Heatran
|-damage|p2a: Heatran|69/100
|-damage|p1a: Ugly duckling|51/100 brn|[from] item: Rocky Helmet|[of] p2a: Heatran
|-supereffective|p2a: Heatran
|-damage|p2a: Heatran|55/100
|-damage|p1a: Ugly duckling|34/100 brn|[from] item: Rocky Helmet|[of] p2a: Heatran
|-hitcount|p2a: Heatran|3
|move|p2a: Heatran|Stealth Rock|p1a: Ugly duckling
|-sidestart|p1: xaviercooks|move: Stealth Rock
|
|-heal|p1a: Ugly duckling|40/100 brn|[from] Grassy Terrain
|-heal|p2a: Heatran|62/100|[from] Grassy Terrain
|-damage|p1a: Ugly duckling|34/100 brn|[from] brn
|upkeep
|turn|6
|
|t:|1760367595
|move|p1a: Ugly duckling|Triple Axel|p2a: Heatran
|-supereffective|p2a: Heatran
|-damage|p2a: Heatran|57/100
|-damage|p1a: Ugly duckling|17/100 brn|[from] item: Rocky Helmet|[of] p2a: Heatran
|-supereffective|p2a: Heatran
|-damage|p2a: Heatran|49/100
|-damage|p1a: Ugly duckling|1/100 brn|[from] item: Rocky Helmet|[of] p2a: Heatran
|-supereffective|p2a: Heatran
|-damage|p2a: Heatran|36/100
|-damage|p1a: Ugly duckling|0 fnt|[from] item: Rocky Helmet|[of] p2a: Heatran
|faint|p1a: Ugly duckling
|-hitcount|p2a: Heatran|3
|move|p2a: Heatran|Lava Plume|p1: Ugly duckling|[notarget]
|-fail|p2a: Heatran
|
|-heal|p2a: Heatran|42/100|[from] Grassy Terrain
|upkeep
|
|t:|1760367607
|switch|p1a: Hawlucha|Hawlucha, M, shiny|100/100
|-damage|p1a: Hawlucha|88/100|[from] Stealth Rock
|-enditem|p1a: Hawlucha|Grassy Seed
|-boost|p1a: Hawlucha|def|1|[from] item: Grassy Seed
|turn|7
|
|t:|1760367646
|move|p1a: Hawlucha|Acrobatics|p2a: Heatran
|-supereffective|p2a: Heatran
|-damage|p2a: Heatran|0 fnt
|-damage|p1a: Hawlucha|71/100|[from] item: Rocky Helmet|[of] p2a: Heatran
|faint|p2a: Heatran
|
|-fieldend|move: Grassy Terrain
|upkeep
|
|t:|1760367659
|switch|p2a: Iron Treads|Iron Treads|100/100
|-damage|p2a: Iron Treads|98/100|[from] Stealth Rock
|turn|8
|
|t:|1760367669
|-end|p2a: Iron Treads|Quark Drive|[silent]
|switch|p2a: Dragapult|Dragapult, F|100/100
|-damage|p2a: Dragapult|88/100|[from] Stealth Rock
|-terastallize|p1a: Hawlucha|Ground
|move|p1a: Hawlucha|Swords Dance|p1a: Hawlucha
|-boost|p1a: Hawlucha|atk|2
|
|upkeep
|turn|9
|
|t:|1760367677
|move|p1a: Hawlucha|Acrobatics|p2a: Dragapult
|-damage|p2a: Dragapult|0 fnt
|faint|p2a: Dragapult
|
|upkeep
|inactive|Battle timer is ON: inactive players will automatically lose when time's up. (requested by xaviercooks)
|
|t:|1760367704
|switch|p2a: Samurott|Samurott-Hisui, F|100/100
|-damage|p2a: Samurott|88/100|[from] Stealth Rock
|turn|10
|
|t:|1760367708
|move|p2a: Samurott|Sucker Punch|p1a: Hawlucha
|-damage|p1a: Hawlucha|44/100
|move|p1a: Hawlucha|Acrobatics|p2a: Samurott
|-damage|p2a: Samurott|0 fnt
|faint|p2a: Samurott
|
|upkeep
|
|t:|1760367712
|switch|p2a: Iron Valiant|Iron Valiant|100/100
|-damage|p2a: Iron Valiant|94/100|[from] Stealth Rock
|turn|11
|
|t:|1760367717
|move|p2a: Iron Valiant|Vacuum Wave|p1a: Hawlucha
|-damage|p1a: Hawlucha|4/100
|move|p1a: Hawlucha|Acrobatics|p2a: Iron Valiant
|-supereffective|p2a: Iron Valiant
|-damage|p2a: Iron Valiant|0 fnt
|faint|p2a: Iron Valiant
|-end|p2a: Iron Valiant|Quark Drive|[silent]
|
|upkeep
|
|t:|1760367723
|switch|p2a: Iron Treads|Iron Treads|98/100
|-damage|p2a: Iron Treads|95/100|[from] Stealth Rock
|turn|12
|
|t:|1760367725
|move|p1a: Hawlucha|Close Combat|p2a: Iron Treads
|-supereffective|p2a: Iron Treads
|-damage|p2a: Iron Treads|0 fnt
|-unboost|p1a: Hawlucha|def|1
|-unboost|p1a: Hawlucha|spd|1
|faint|p2a: Iron Treads
|-end|p2a: Iron Treads|Quark Drive|[silent]
|
|upkeep
|
|t:|1760367729
|switch|p2a: Latios|Latios, M|47/100
|-damage|p2a: Latios|34/100|[from] Stealth Rock
|turn|13
|
|t:|1760367733
|move|p1a: Hawlucha|Acrobatics|p2a: Latios
|-damage|p2a: Latios|0 fnt
|faint|p2a: Latios
|
|win|xaviercooks
|raw|xaviercooks's rating: 1288 &rarr; <strong>1315</strong><br />(+27 for winning)
|raw|pinko_dinko's rating: 1321 &rarr; <strong>1299</strong><br />(-22 for losing)
|l|☆pinko_dinko
|player|p2|
