|j|☆eefernes
|j|☆Most haxed
|t:|1760375407
|gametype|singles
|player|p1|eefernes|miku-ground|1137
|player|p2|Most haxed|102|1161
|gen|9
|tier|[Gen 9] OU
|rated|
|rule|HP Percentage Mod: HP is shown in percentages
|rule|Endless Battle Clause: Forcing endless battles is banned
|rule|Species Clause: Limit one of each Pokémon
|rule|OHKO Clause: OHKO moves are banned
|rule|Evasion Items Clause: Evasion items are banned
|rule|Evasion Moves Clause: Evasion moves are banned
|rule|Evasion Abilities Clause: Evasion abilities are banned
|rule|Sleep Moves Clause: Sleep-inducing moves are banned
|clearpoke
|poke|p1|Scizor, F|
|poke|p1|Samurott-Hisui, F|
|poke|p1|Great Tusk|
|poke|p1|Gholdengo|
|poke|p1|Ogerpon-Wellspring, F|
|poke|p1|Iron Valiant|
|poke|p2|Spiritomb, F|
|poke|p2|Rillaboom, F|
|poke|p2|Alomomola, M|
|poke|p2|Hatterene, F|
|poke|p2|Goodra-Hisui, M|
|poke|p2|Incineroar, M|
|teampreview
|
|t:|1760375432
|teamsize|p1|6
|teamsize|p2|6
|start
|switch|p1a: Gholdengo|Gholdengo|100/100
|switch|p2a: Hatterene|Hatterene, F|100/100
|-item|p1a: Gholdengo|Air Balloon
|turn|1
|
|t:|1760375441
|switch|p2a: Alomomola|Alomomola, M|100/100
|move|p1a: Gholdengo|Nasty Plot|p1a: Gholdengo
|-boost|p1a: Gholdengo|spa|2
|
|upkeep
|turn|2
|
|t:|1760375443
|move|p1a: Gholdengo|Shadow Ball|p2a: Alomomola
|-damage|p2a: Alomomola|37/100
|-unboost|p2a: Alomomola|spd|1
|move|p2a: Alomomola|Flip Turn|p1a: Gholdengo
|-damage|p1a: Gholdengo|88/100
|-enditem|p1a: Gholdengo|Air Balloon
|
|t:|1760375446
|switch|p2a: Incineroar|Incineroar, M|100/100|[from] Flip Turn
|-ability|p2a: Incineroar|Intimidate|boost
|-unboost|p1a: Gholdengo|atk|1
|
|upkeep
|turn|3
|
|t:|1760375459
|switch|p1a: Great Tusk|Great Tusk|100/100
|move|p2a: Incineroar|Flare Blitz|p1a: Great Tusk
|-damage|p1a: Great Tusk|31/100
|-damage|p2a: Incineroar|84/100|[from] item: Rocky Helmet|[of] p1a: Great Tusk
|-damage|p2a: Incineroar|61/100|[from] Recoil
|
|upkeep
|turn|4
|
|t:|1760375469
|switch|p2a: Rillaboom|Rillaboom, F, shiny|100/100
|-fieldstart|move: Grassy Terrain|[from] ability: Grassy Surge|[of] p2a: Rillaboom
|move|p1a: Great Tusk|Stealth Rock|p2a: Rillaboom
|-sidestart|p2: Most haxed|move: Stealth Rock
|
|-heal|p1a: Great Tusk|38/100|[from] Grassy Terrain
|upkeep
|turn|5
|
|t:|1760375478
|-end|p1a: Great Tusk|Protosynthesis|[silent]
|switch|p1a: Scizor|Scizor, F|100/100
|move|p2a: Rillaboom|Substitute|p2a: Rillaboom
|-start|p2a: Rillaboom|Substitute
|-damage|p2a: Rillaboom|76/100
|
|-heal|p2a: Rillaboom|82/100|[from] Grassy Terrain
|-heal|p2a: Rillaboom|88/100|[from] item: Leftovers
|upkeep
|turn|6
|
|t:|1760375485
|move|p2a: Rillaboom|Leech Seed|p1a: Scizor
|-start|p1a: Scizor|move: Leech Seed
|move|p1a: Scizor|Dual Wingbeat|p2a: Rillaboom|[miss]
|-miss|p1a: Scizor|p2a: Rillaboom
|
|-heal|p2a: Rillaboom|94/100|[from] Grassy Terrain
|-heal|p2a: Rillaboom|99/100|[from] item: Leftovers
|-damage|p1a: Scizor|88/100|[from] Leech Seed|[of] p2a: Rillaboom
|-heal|p2a: Rillaboom|100/100|[silent]
|upkeep
|turn|7
|
|t:|1760375491
|move|p2a: Rillaboom|Grassy Glide|p1a: Scizor
|-resisted|p1a: Scizor
|-damage|p1a: Scizor|81/100
|move|p1a: Scizor|Dual Wingbeat|p2a: Rillaboom
|-supereffective|p2a: Rillaboom
|-end|p2a: Rillaboom|Substitute
|-supereffective|p2a: Rillaboom
|-damage|p2a: Rillaboom|44/100
|-hitcount|p2a: Rillaboom|2
|
|-heal|p2a: Rillaboom|50/100|[from] Grassy Terrain
|-heal|p2a: Rillaboom|56/100|[from] item: Leftovers
|-heal|p1a: Scizor|87/100|[from] Grassy Terrain
|-damage|p1a: Scizor|75/100|[from] Leech Seed|[of] p2a: Rillaboom
|-heal|p2a: Rillaboom|66/100|[silent]
|upkeep
|turn|8
|
|t:|1760375508
|switch|p2a: Goodra|Goodra-Hisui, M|100/100
|-damage|p2a: Goodra|94/100|[from] Stealth Rock
|move|p1a: Scizor|Dual Wingbeat|p2a: Goodra|[miss]
|-miss|p1a: Scizor|p2a: Goodra
|
|-heal|p1a: Scizor|81/100|[from] Grassy Terrain
|-heal|p2a: Goodra|100/100|[from] Grassy Terrain
|-damage|p1a: Scizor|69/100|[from] Leech Seed|[of] p2a: Goodra
|-fieldend|move: Grassy Terrain
|upkeep
|turn|9
|
|t:|1760375515
|switch|p1a: Samurott|Samurott-Hisui, F|100/100
|move|p2a: Goodra|Flash Cannon|p1a: Samurott
|-resisted|p1a: Samurott
|-damage|p1a: Samurott|79/100
|
|upkeep
|turn|10
|
|t:|1760375521
|switch|p2a: Rillaboom|Rillaboom, F, shiny|66/100
|-damage|p2a: Rillaboom|54/100|[from] Stealth Rock
|-fieldstart|move: Grassy Terrain|[from] ability: Grassy Surge|[of] p2a: Rillaboom
|move|p1a: Samurott|Knock Off|p2a: Rillaboom
|-damage|p2a: Rillaboom|22/100
|-enditem|p2a: Rillaboom|Leftovers|[from] move: Knock Off|[of] p1a: Samurott
|
|-heal|p2a: Rillaboom|28/100|[from] Grassy Terrain
|-heal|p1a: Samurott|85/100|[from] Grassy Terrain
|upkeep
|turn|11
|
|t:|1760375530
|move|p2a: Rillaboom|Grassy Glide|p1a: Samurott
|-supereffective|p1a: Samurott
|-damage|p1a: Samurott|25/100
|move|p1a: Samurott|Ceaseless Edge|p2a: Rillaboom
|-damage|p2a: Rillaboom|0 fnt
|-sidestart|p2: Most haxed|Spikes
|faint|p2a: Rillaboom
|
|-heal|p1a: Samurott|31/100|[from] Grassy Terrain
|upkeep
|
|t:|1760375539
|switch|p2a: Hatterene|Hatterene, F|100/100
|-damage|p2a: Hatterene|88/100|[from] Stealth Rock
|-damage|p2a: Hatterene|76/100|[from] Spikes
|turn|12
|
|t:|1760375543
|move|p1a: Samurott|Razor Shell|p2a: Hatterene|[miss]
|-miss|p1a: Samurott|p2a: Hatterene
|move|p2a: Hatterene|Calm Mind|p2a: Hatterene
|-boost|p2a: Hatterene|spa|1
|-boost|p2a: Hatterene|spd|1
|
|-heal|p1a: Samurott|37/100|[from] Grassy Terrain
|-heal|p2a: Hatterene|82/100|[from] Grassy Terrain
|upkeep
|turn|13
|
|t:|1760375547
|move|p1a: Samurott|Razor Shell|p2a: Hatterene
|-damage|p2a: Hatterene|40/100
|move|p2a: Hatterene|Trick Room|p2a: Hatterene
|-fieldstart|move: Trick Room|[of] p2a: Hatterene
|
|-heal|p2a: Hatterene|46/100|[from] Grassy Terrain
|-heal|p1a: Samurott|43/100|[from] Grassy Terrain
|upkeep
|turn|14
|
|t:|1760375553
|move|p2a: Hatterene|Draining Kiss|p1a: Samurott
|-supereffective|p1a: Samurott
|-damage|p1a: Samurott|0 fnt
|-heal|p2a: Hatterene|84/100|[from] drain|[of] p1a: Samurott
|faint|p1a: Samurott
|
|-heal|p2a: Hatterene|90/100|[from] Grassy Terrain
|-fieldend|move: Grassy Terrain
|upkeep
|
|t:|1760375557
|switch|p1a: Gholdengo|Gholdengo|88/100
|turn|15
|
|t:|1760375575
|-terastallize|p2a: Hatterene|Water
|move|p2a: Hatterene|Calm Mind|p2a: Hatterene
|-boost|p2a: Hatterene|spa|1
|-boost|p2a: Hatterene|spd|1
|move|p1a: Gholdengo|Make It Rain|p2a: Hatterene
|-resisted|p2a: Hatterene
|-damage|p2a: Hatterene|77/100
|-unboost|p1a: Gholdengo|spa|1
|
|upkeep
|turn|16
|
|t:|1760375580
|switch|p1a: Ogerpon|Ogerpon-Wellspring, F|100/100
|move|p2a: Hatterene|Psychic Noise|p1a: Ogerpon
|-damage|p1a: Ogerpon|24/100
|-start|p1a: Ogerpon|move: Heal Block
|
|upkeep
|turn|17
|
|t:|1760375588
|move|p2a: Hatterene|Draining Kiss|p1a: Ogerpon
|-damage|p1a: Ogerpon|0 fnt
|-heal|p2a: Hatterene|94/100|[from] drain|[of] p1a: Ogerpon
|faint|p1a: Ogerpon
|
|-fieldend|move: Trick Room
|upkeep
|
|t:|1760375600
|switch|p1a: Scizor|Scizor, F|69/100
|turn|18
|
|t:|1760375606
|move|p1a: Scizor|U-turn|p2a: Hatterene
|-damage|p2a: Hatterene|40/100
|
|t:|1760375608
|switch|p1a: Iron Valiant|Iron Valiant|100/100|[from] U-turn
|move|p2a: Hatterene|Psychic Noise|p1a: Iron Valiant
|-supereffective|p1a: Iron Valiant
|-damage|p1a: Iron Valiant|0 fnt
|faint|p1a: Iron Valiant
|-end|p1a: Iron Valiant|Quark Drive|[silent]
|
|upkeep
|
|t:|1760375611
|switch|p1a: Scizor|Scizor, F|69/100
|turn|19
|
|t:|1760375614
|move|p1a: Scizor|U-turn|p2a: Hatterene
|-damage|p2a: Hatterene|0 fnt
|faint|p2a: Hatterene
|
|t:|1760375618
|switch|p1a: Gholdengo|Gholdengo|88/100|[from] U-turn
|
|upkeep
|
|t:|1760375621
|switch|p2a: Incineroar|Incineroar, M|61/100
|-damage|p2a: Incineroar|36/100|[from] Stealth Rock
|-damage|p2a: Incineroar|23/100|[from] Spikes
|-ability|p2a: Incineroar|Intimidate|boost
|-unboost|p1a: Gholdengo|atk|1
|turn|20
|
|t:|1760375627
|move|p1a: Gholdengo|Make It Rain|p2a: Incineroar
|-resisted|p2a: Incineroar
|-damage|p2a: Incineroar|0 fnt
|-unboost|p1a: Gholdengo|spa|1
|faint|p2a: Incineroar
|
|upkeep
|
|t:|1760375632
|switch|p2a: Spiritomb|Spiritomb, F|100/100
|-damage|p2a: Spiritomb|88/100|[from] Stealth Rock
|-damage|p2a: Spiritomb|75/100|[from] Spikes
|turn|21
|
|t:|1760375639
|switch|p1a: Scizor|Scizor, F|69/100
|move|p2a: Spiritomb|Phantom Force||[still]
|-prepare|p2a: Spiritomb|Phantom Force
|
|-heal|p2a: Spiritomb|82/100|[from] item: Leftovers
|upkeep
|turn|22
|
|t:|1760375642
|move|p1a: Scizor|Knock Off|p2a: Spiritomb|[miss]
|-miss|p1a: Scizor|p2a: Spiritomb
|move|p2a: Spiritomb|Phantom Force|p1a: Scizor|[from] lockedmove
|-damage|p1a: Scizor|37/100
|
|-heal|p2a: Spiritomb|88/100|[from] item: Leftovers
|upkeep
|turn|23
|
|t:|1760375658
|switch|p1a: Great Tusk|Great Tusk|38/100
|move|p2a: Spiritomb|Phantom Force||[still]
|-prepare|p2a: Spiritomb|Phantom Force
|
|-heal|p2a: Spiritomb|94/100|[from] item: Leftovers
|upkeep
|turn|24
|
|t:|1760375663
|move|p1a: Great Tusk|Headlong Rush|p2a: Spiritomb|[miss]
|-miss|p1a: Great Tusk|p2a: Spiritomb
|move|p2a: Spiritomb|Phantom Force|p1a: Great Tusk|[from] lockedmove
|-damage|p1a: Great Tusk|13/100
|-damage|p2a: Spiritomb|78/100|[from] item: Rocky Helmet|[of] p1a: Great Tusk
|
|-heal|p2a: Spiritomb|84/100|[from] item: Leftovers
|upkeep
|turn|25
|
|t:|1760375670
|move|p2a: Spiritomb|Sucker Punch|p1a: Great Tusk
|-resisted|p1a: Great Tusk
|-damage|p1a: Great Tusk|4/100
|-damage|p2a: Spiritomb|68/100|[from] item: Rocky Helmet|[of] p1a: Great Tusk
|move|p1a: Great Tusk|Headlong Rush|p2a: Spiritomb
|-damage|p2a: Spiritomb|16/100
|-unboost|p1a: Great Tusk|def|1
|-unboost|p1a: Great Tusk|spd|1
|
|-heal|p2a: Spiritomb|22/100|[from] item: Leftovers
|upkeep
|turn|26
|
|t:|1760375674
|move|p2a: Spiritomb|Sucker Punch|p1a: Great Tusk
|-resisted|p1a: Great Tusk
|-damage|p1a: Great Tusk|0 fnt
|-damage|p2a: Spiritomb|6/100|[from] item: Rocky Helmet|[of] p1a: Great Tusk
|faint|p1a: Great Tusk
|-end|p1a: Great Tusk|Protosynthesis|[silent]
|
|-heal|p2a: Spiritomb|12/100|[from] item: Leftovers
|upkeep
|
|t:|1760375676
|switch|p1a: Scizor|Scizor, F|37/100
|turn|27
|
|t:|1760375678
|move|p1a: Scizor|Bullet Punch|p2a: Spiritomb
|-damage|p2a: Spiritomb|0 fnt
|faint|p2a: Spiritomb
|
|upkeep
|
|t:|1760375680
|switch|p2a: Goodra|Goodra-Hisui, M|100/100
|-damage|p2a: Goodra|94/100|[from] Stealth Rock
|-damage|p2a: Goodra|82/100|[from] Spikes
|turn|28
|
|t:|1760375684
|switch|p1a: Gholdengo|Gholdengo|88/100
|move|p2a: Goodra|Flamethrower|p1a: Gholdengo
|-supereffective|p1a: Gholdengo
|-damage|p1a: Gholdengo|3/100
|
|upkeep
|turn|29
|
|t:|1760375692
|move|p1a: Gholdengo|Make It Rain|p2a: Goodra
|-resisted|p2a: Goodra
|-damage|p2a: Goodra|62/100
|-unboost|p1a: Gholdengo|spa|1
|move|p2a: Goodra|Flamethrower|p1a: Gholdengo
|-supereffective|p1a: Gholdengo
|-crit|p1a: Gholdengo
|-damage|p1a: Gholdengo|0 fnt
|faint|p1a: Gholdengo
|
|upkeep
|
|t:|1760375695
|switch|p1a: Scizor|Scizor, F|37/100
|turn|30
|
|t:|1760375697
|-terastallize|p1a: Scizor|Steel
|move|p1a: Scizor|Bullet Punch|p2a: Goodra
|-resisted|p2a: Goodra
|-damage|p2a: Goodra|32/100
|move|p2a: Goodra|Flamethrower|p1a: Scizor
|-supereffective|p1a: Scizor
|-damage|p1a: Scizor|0 fnt
|faint|p1a: Scizor
|
|win|Most haxed
|raw|eefernes's rating: 1137 &rarr; <strong>1114</strong><br />(-23 for losing)
|raw|Most haxed's rating: 1161 &rarr; <strong>1184</strong><br />(+23 for winning)
