|j|☆dsajhbcjds
|j|☆eevee1995
|t:|1760457030
|gametype|singles
|player|p1|dsajhbcjds|cynthia-masters|1077
|player|p2|eevee1995|cynthia-masters|1049
|gen|9
|tier|[Gen 9] OU
|rated|
|rule|HP Percentage Mod: HP is shown in percentages
|rule|Endless Battle Clause: Forcing endless battles is banned
|rule|Species Clause: Limit one of each Pokémon
|rule|OHKO Clause: OHKO moves are banned
|rule|Evasion Items Clause: Evasion items are banned
|rule|Evasion Moves Clause: Evasion moves are banned
|rule|Evasion Abilities Clause: Evasion abilities are banned
|rule|Sleep Moves Clause: Sleep-inducing moves are banned
|clearpoke
|poke|p1|Pecharunt|
|poke|p1|Raging Bolt|
|poke|p1|Araquanid, M|
|poke|p1|Rillaboom, F|
|poke|p1|Greninja-*, M|
|poke|p1|Scizor, M|
|poke|p2|Lokix, M|
|poke|p2|Araquanid, M|
|poke|p2|Galvantula, M|
|poke|p2|Scizor, M|
|poke|p2|Yanmega, M|
|poke|p2|Forretress, F|
|teampreview
|inactive|Battle timer is ON: inactive players will automatically lose when time's up. (requested by dsajhbcjds)
|
|t:|1760457045
|teamsize|p1|6
|teamsize|p2|6
|start
|switch|p1a: Greninja|Greninja, M|100/100
|switch|p2a: Peter A. Parker|Galvantula, M|100/100
|turn|1
|
|t:|1760457063
|switch|p1a: Rillaboom|Rillaboom, F|100/100
|-fieldstart|move: Grassy Terrain|[from] ability: Grassy Surge|[of] p1a: Rillaboom
|move|p2a: Peter A. Parker|Volt Switch|p1a: Rillaboom
|-resisted|p1a: Rillaboom
|-damage|p1a: Rillaboom|79/100
|
|t:|1760457074
|switch|p2a: Peter B. Parker|Araquanid, M, shiny|100/100|[from] Volt Switch
|
|-heal|p1a: Rillaboom|86/100|[from] Grassy Terrain
|upkeep
|turn|2
|
|t:|1760457081
|move|p1a: Rillaboom|U-turn|p2a: Peter B. Parker
|-damage|p2a: Peter B. Parker|74/100
|-damage|p1a: Rillaboom|69/100|[from] item: Rocky Helmet|[of] p2a: Peter B. Parker
|
|t:|1760457084
|switch|p1a: Raging Bolt|Raging Bolt|100/100|[from] U-turn
|move|p2a: Peter B. Parker|Sticky Web|p1a: Raging Bolt
|-sidestart|p1: dsajhbcjds|move: Sticky Web
|
|-heal|p2a: Peter B. Parker|80/100|[from] Grassy Terrain
|upkeep
|turn|3
|
|t:|1760457089
|switch|p2a: Tickle bomb|Forretress, F, shiny|100/100
|move|p1a: Raging Bolt|Volt Switch|p2a: Tickle bomb
|-damage|p2a: Tickle bomb|26/100
|-damage|p1a: Raging Bolt|91/100|[from] item: Life Orb
|
|t:|1760457098
|-end|p1a: Raging Bolt|Protosynthesis|[silent]
|switch|p1a: Greninja|Greninja, M|100/100|[from] Volt Switch
|-activate|p1a: Greninja|move: Sticky Web
|-unboost|p1a: Greninja|spe|1
|-enditem|p1a: Greninja|Grassy Seed
|-boost|p1a: Greninja|def|1|[from] item: Grassy Seed
|
|-heal|p2a: Tickle bomb|32/100|[from] Grassy Terrain
|-heal|p2a: Tickle bomb|38/100|[from] item: Leftovers
|upkeep
|turn|4
|
|t:|1760457103
|move|p1a: Greninja|Swords Dance|p1a: Greninja
|-boost|p1a: Greninja|atk|2
|move|p2a: Tickle bomb|Stealth Rock|p1a: Greninja
|-sidestart|p1: dsajhbcjds|move: Stealth Rock
|
|-heal|p2a: Tickle bomb|44/100|[from] Grassy Terrain
|-heal|p2a: Tickle bomb|50/100|[from] item: Leftovers
|upkeep
|turn|5
|
|t:|1760457110
|-terastallize|p1a: Greninja|Flying
|move|p1a: Greninja|Acrobatics|p2a: Tickle bomb
|-damage|p2a: Tickle bomb|0 fnt
|faint|p2a: Tickle bomb
|-ability|p1a: Greninja|Battle Bond|boost
|-boost|p1a: Greninja|atk|1
|-boost|p1a: Greninja|spa|1
|-boost|p1a: Greninja|spe|1
|-activate|p1a: Greninja|ability: Battle Bond
|
|-fieldend|move: Grassy Terrain
|upkeep
|
|t:|1760457130
|switch|p2a: Peter A. Parker|Galvantula, M|100/100
|turn|6
|
|t:|1760457135
|move|p1a: Greninja|Acrobatics|p2a: Peter A. Parker
|-damage|p2a: Peter A. Parker|0 fnt
|faint|p2a: Peter A. Parker
|
|upkeep
|c|☆eevee1995|fair
|
|t:|1760457142
|switch|p2a: Sing legato|Yanmega, M, shiny|100/100
|turn|7
|
|t:|1760457147
|-terastallize|p2a: Sing legato|Ground
|move|p1a: Greninja|Liquidation|p2a: Sing legato
|-supereffective|p2a: Sing legato
|-damage|p2a: Sing legato|0 fnt
|faint|p2a: Sing legato
|
|upkeep
|c|☆eevee1995|:(
|
|t:|1760457155
|switch|p2a: BIG MEATY CLAWS|Scizor, M, shiny|100/100
|turn|8
|
|t:|1760457164
|move|p2a: BIG MEATY CLAWS|Bullet Punch|p1a: Greninja
|-damage|p1a: Greninja|55/100
|-damage|p2a: BIG MEATY CLAWS|91/100|[from] item: Life Orb
|move|p1a: Greninja|Liquidation|p2a: BIG MEATY CLAWS
|-damage|p2a: BIG MEATY CLAWS|7/100
|
|upkeep
|turn|9
|
|t:|1760457167
|move|p2a: BIG MEATY CLAWS|Bullet Punch|p1a: Greninja
|-crit|p1a: Greninja
|-damage|p1a: Greninja|0 fnt
|faint|p1a: Greninja
|-damage|p2a: BIG MEATY CLAWS|0 fnt|[from] item: Life Orb
|faint|p2a: BIG MEATY CLAWS
|
|upkeep
|
|t:|1760457175
|switch|p1a: Raging Bolt|Raging Bolt|91/100
|switch|p2a: Bugsly|Lokix, M, shiny|100/100
|-activate|p1a: Raging Bolt|move: Sticky Web
|-unboost|p1a: Raging Bolt|spe|1
|-damage|p1a: Raging Bolt|78/100|[from] Stealth Rock
|turn|10
|
|t:|1760457178
|move|p2a: Bugsly|First Impression|p1a: Raging Bolt
|-damage|p1a: Raging Bolt|41/100
|move|p1a: Raging Bolt|Draco Meteor|p2a: Bugsly
|-damage|p2a: Bugsly|0 fnt
|-unboost|p1a: Raging Bolt|spa|2
|faint|p2a: Bugsly
|-damage|p1a: Raging Bolt|31/100|[from] item: Life Orb
|
|upkeep
|
|t:|1760457183
|switch|p2a: Peter B. Parker|Araquanid, M, shiny|80/100
|turn|11
|c|☆eevee1995|gg
|
|t:|1760457186
|move|p1a: Raging Bolt|Volt Switch|p2a: Peter B. Parker
|-supereffective|p2a: Peter B. Parker
|-damage|p2a: Peter B. Parker|32/100
|-damage|p1a: Raging Bolt|21/100|[from] item: Life Orb
|
|t:|1760457190
|-end|p1a: Raging Bolt|Protosynthesis|[silent]
|switch|p1a: Scizor|Scizor, M|100/100|[from] Volt Switch
|-activate|p1a: Scizor|move: Sticky Web
|-unboost|p1a: Scizor|spe|1
|-damage|p1a: Scizor|88/100|[from] Stealth Rock
|move|p2a: Peter B. Parker|Liquidation|p1a: Scizor
|-damage|p1a: Scizor|21/100
|
|upkeep
|turn|12
|
|t:|1760457194
|move|p1a: Scizor|Bullet Punch|p2a: Peter B. Parker
|-resisted|p2a: Peter B. Parker
|-damage|p2a: Peter B. Parker|6/100
|-damage|p1a: Scizor|4/100|[from] item: Rocky Helmet|[of] p2a: Peter B. Parker
|move|p2a: Peter B. Parker|Liquidation|p1a: Scizor
|-damage|p1a: Scizor|0 fnt
|faint|p1a: Scizor
|
|upkeep
|
|t:|1760457197
|switch|p1a: Rillaboom|Rillaboom, F|69/100
|-activate|p1a: Rillaboom|move: Sticky Web
|-unboost|p1a: Rillaboom|spe|1
|-damage|p1a: Rillaboom|57/100|[from] Stealth Rock
|-fieldstart|move: Grassy Terrain|[from] ability: Grassy Surge|[of] p1a: Rillaboom
|turn|13
|
|t:|1760457200
|move|p1a: Rillaboom|Grassy Glide|p2a: Peter B. Parker
|-damage|p2a: Peter B. Parker|0 fnt
|-damage|p1a: Rillaboom|40/100|[from] item: Rocky Helmet|[of] p2a: Peter B. Parker
|faint|p2a: Peter B. Parker
|
|win|dsajhbcjds
|raw|dsajhbcjds's rating: 1077 &rarr; <strong>1103</strong><br />(+26 for winning)
|raw|eevee1995's rating: 1049 &rarr; <strong>1033</strong><br />(-16 for losing)
