|j|☆Shiyere
|j|☆Rbtnk
|t:|1760447357
|gametype|singles
|player|p1|Shiyere|102|1105
|player|p2|Rbtnk|scientistf|1083
|gen|9
|tier|[Gen 9] OU
|rated|
|rule|HP Percentage Mod: HP is shown in percentages
|rule|Endless Battle Clause: Forcing endless battles is banned
|rule|Species Clause: Limit one of each Pokémon
|rule|OHKO Clause: OHKO moves are banned
|rule|Evasion Items Clause: Evasion items are banned
|rule|Evasion Moves Clause: Evasion moves are banned
|rule|Evasion Abilities Clause: Evasion abilities are banned
|rule|Sleep Moves Clause: Sleep-inducing moves are banned
|clearpoke
|poke|p1|Hoopa-Unbound|
|poke|p1|Chandelure, M|
|poke|p1|Iron Crown|
|poke|p1|Enamorus, F|
|poke|p1|Volcanion|
|poke|p1|Cinderace, M|
|poke|p2|Darkrai|
|poke|p2|Cinderace, F|
|poke|p2|Tornadus-Therian, M|
|poke|p2|Garchomp, M|
|poke|p2|Slowbro, M|
|poke|p2|Flaaffy, F|
|teampreview
|inactive|Battle timer is ON: inactive players will automatically lose when time's up. (requested by Shiyere)
|inactive|Shiyere has 120 seconds left.
|inactive|Shiyere has 90 seconds left.
|
|t:|1760447422
|teamsize|p1|6
|teamsize|p2|6
|start
|switch|p1a: Volcanion|Volcanion|100/100
|switch|p2a: Flaaffy|Flaaffy, F|100/100
|turn|1
|
|t:|1760447431
|move|p1a: Volcanion|Earth Power|p2a: Flaaffy
|-supereffective|p2a: Flaaffy
|-damage|p2a: Flaaffy|4/100
|move|p2a: Flaaffy|Thunder Wave|p1a: Volcanion
|-status|p1a: Volcanion|par
|
|upkeep
|turn|2
|
|t:|1760447440
|move|p2a: Flaaffy|Power Gem|p1a: Volcanion
|-supereffective|p1a: Volcanion
|-damage|p1a: Volcanion|56/100 par
|move|p1a: Volcanion|Earth Power|p2a: Flaaffy
|-supereffective|p2a: Flaaffy
|-damage|p2a: Flaaffy|0 fnt
|faint|p2a: Flaaffy
|
|upkeep
|
|t:|1760447446
|switch|p2a: Darkrai|Darkrai|100/100
|turn|3
|inactive|Shiyere has 120 seconds left.
|
|t:|1760447498
|move|p2a: Darkrai|Nasty Plot|p2a: Darkrai
|-boost|p2a: Darkrai|spa|2
|cant|p1a: Volcanion|par
|
|upkeep
|turn|4
|
|t:|1760447511
|move|p2a: Darkrai|Dark Pulse|p1a: Volcanion
|-damage|p1a: Volcanion|0 fnt
|faint|p1a: Volcanion
|
|upkeep
|
|t:|1760447535
|switch|p1a: Iron Crown|Iron Crown|100/100
|turn|5
|
|t:|1760447543
|-terastallize|p1a: Iron Crown|Steel
|move|p1a: Iron Crown|Tachyon Cutter|p2a: Darkrai
|-damage|p2a: Darkrai|49/100
|-damage|p2a: Darkrai|2/100
|-hitcount|p2a: Darkrai|2
|move|p2a: Darkrai|Dark Pulse|p1a: Iron Crown
|-damage|p1a: Iron Crown|11/100
|
|-heal|p2a: Darkrai|8/100|[from] item: Leftovers
|upkeep
|turn|6
|inactive|Shiyere has 90 seconds left.
|
|t:|1760447572
|switch|p2a: Slowbro|Slowbro, M, shiny|100/100
|move|p1a: Iron Crown|Tachyon Cutter|p2a: Slowbro
|-resisted|p2a: Slowbro
|-damage|p2a: Slowbro|81/100
|-resisted|p2a: Slowbro
|-damage|p2a: Slowbro|61/100
|-hitcount|p2a: Slowbro|2
|
|-heal|p2a: Slowbro|67/100|[from] item: Leftovers
|upkeep
|turn|7
|
|t:|1760447585
|-end|p1a: Iron Crown|Quark Drive|[silent]
|switch|p1a: Enamorus|Enamorus, F|100/100
|move|p2a: Slowbro|Muddy Water|p1a: Enamorus|[miss]
|-miss|p2a: Slowbro|p1a: Enamorus
|
|-heal|p2a: Slowbro|73/100|[from] item: Leftovers
|upkeep
|turn|8
|
|t:|1760447601
|move|p1a: Enamorus|Moonblast|p2a: Slowbro
|-damage|p2a: Slowbro|0 fnt
|faint|p2a: Slowbro
|
|upkeep
|
|t:|1760447604
|switch|p2a: Darkrai|Darkrai|8/100
|turn|9
|
|t:|1760447608
|move|p2a: Darkrai|Sludge Bomb|p1a: Enamorus
|-supereffective|p1a: Enamorus
|-damage|p1a: Enamorus|16/100
|-status|p1a: Enamorus|psn
|move|p1a: Enamorus|Moonblast|p2a: Darkrai
|-supereffective|p2a: Darkrai
|-damage|p2a: Darkrai|0 fnt
|faint|p2a: Darkrai
|
|-damage|p1a: Enamorus|4/100 psn|[from] psn
|upkeep
|-message|Rbtnk forfeited.
|
|win|Shiyere
|raw|Shiyere's rating: 1132 &rarr; <strong>1153</strong><br />(+21 for winning)
|raw|Rbtnk's rating: 1083 &rarr; <strong>1064</strong><br />(-19 for losing)
|l|☆Rbtnk
|player|p2|
|l|☆Shiyere
|player|p1|
