|j|☆noahthebadplayer
|j|☆bbmint4L
|t:|1760415723
|gametype|singles
|player|p1|noahthebadplayer|102|1165
|player|p2|bbmint4L|n|1120
|gen|9
|tier|[Gen 9] OU
|rated|
|rule|HP Percentage Mod: HP is shown in percentages
|rule|Endless Battle Clause: Forcing endless battles is banned
|rule|Species Clause: Limit one of each Pokémon
|rule|OHKO Clause: OHKO moves are banned
|rule|Evasion Items Clause: Evasion items are banned
|rule|Evasion Moves Clause: Evasion moves are banned
|rule|Evasion Abilities Clause: Evasion abilities are banned
|rule|Sleep Moves Clause: Sleep-inducing moves are banned
|clearpoke
|poke|p1|Darkrai|
|poke|p1|Weezing, M|
|poke|p1|Drifblim, F|
|poke|p1|Conkeldurr, F|
|poke|p1|Keldeo-Resolute|
|poke|p1|Ogerpon-Cornerstone, F|
|poke|p2|Eelektross, F|
|poke|p2|Scrafty, F|
|poke|p2|Excadrill, M|
|poke|p2|Chandelure, M|
|poke|p2|Iron Crown|
|poke|p2|Serperior, F|
|teampreview
|
|t:|1760415737
|teamsize|p1|6
|teamsize|p2|6
|start
|switch|p1a: Weezing|Weezing, M|100/100
|switch|p2a: Scrafty|Scrafty, F|100/100
|turn|1
|inactive|Battle timer is ON: inactive players will automatically lose when time's up. (requested by noahthebadplayer)
|inactive|bbmint4L has 120 seconds left.
|l|☆bbmint4L
|inactive|bbmint4L disconnected and has a minute to reconnect!
|player|p2|
|j|☆bbmint4L
|inactive|bbmint4L reconnected and has 95 seconds left.
|player|p2|bbmint4L|n|
|
|t:|1760415798
|move|p2a: Scrafty|Fake Out|p1a: Weezing
|-damage|p1a: Weezing|90/100
|cant|p1a: Weezing|flinch
|
|-heal|p1a: Weezing|96/100|[from] item: Leftovers
|upkeep
|turn|2
|
|t:|1760415806
|move|p1a: Weezing|Will-O-Wisp|p2a: Scrafty
|-status|p2a: Scrafty|brn
|move|p2a: Scrafty|Knock Off|p1a: Weezing
|-damage|p1a: Weezing|76/100
|-enditem|p1a: Weezing|Leftovers|[from] move: Knock Off|[of] p2a: Scrafty
|
|-damage|p2a: Scrafty|95/100 brn|[from] brn
|upkeep
|turn|3
|
|t:|1760415817
|move|p1a: Weezing|Sludge Bomb|p2a: Scrafty
|-damage|p2a: Scrafty|79/100 brn
|move|p2a: Scrafty|Drain Punch|p1a: Weezing
|-resisted|p1a: Weezing
|-damage|p1a: Weezing|69/100
|-heal|p2a: Scrafty|83/100 brn|[from] drain|[of] p1a: Weezing
|
|-damage|p2a: Scrafty|77/100 brn|[from] brn
|upkeep
|turn|4
|
|t:|1760415827
|move|p1a: Weezing|Sludge Bomb|p2a: Scrafty
|-damage|p2a: Scrafty|58/100 brn
|move|p2a: Scrafty|Ice Punch|p1a: Weezing
|-damage|p1a: Weezing|59/100
|
|-damage|p2a: Scrafty|52/100 brn|[from] brn
|upkeep
|turn|5
|
|t:|1760415840
|switch|p1a: Conkeldurr|Conkeldurr, F|100/100
|switch|p2a: Iron Crown|Iron Crown|100/100
|-enditem|p2a: Iron Crown|Booster Energy
|-activate|p2a: Iron Crown|ability: Quark Drive|[fromitem]
|-start|p2a: Iron Crown|quarkdrivespe
|
|-status|p1a: Conkeldurr|brn|[from] item: Flame Orb
|upkeep
|turn|6
|
|t:|1760415852
|switch|p1a: Weezing|Weezing, M|59/100
|move|p2a: Iron Crown|Calm Mind|p2a: Iron Crown
|-boost|p2a: Iron Crown|spa|1
|-boost|p2a: Iron Crown|spd|1
|
|upkeep
|turn|7
|
|t:|1760415859
|move|p2a: Iron Crown|Calm Mind|p2a: Iron Crown
|-boost|p2a: Iron Crown|spa|1
|-boost|p2a: Iron Crown|spd|1
|move|p1a: Weezing|Will-O-Wisp|p2a: Iron Crown|[miss]
|-miss|p1a: Weezing|p2a: Iron Crown
|
|upkeep
|turn|8
|
|t:|1760415866
|move|p2a: Iron Crown|Stored Power|p1a: Weezing
|-supereffective|p1a: Weezing
|-damage|p1a: Weezing|0 fnt
|faint|p1a: Weezing
|
|upkeep
|
|t:|1760415875
|switch|p1a: Darkrai|Darkrai|100/100
|turn|9
|
|t:|1760415891
|-terastallize|p2a: Iron Crown|Fairy
|move|p1a: Darkrai|Dark Pulse|p2a: Iron Crown
|-resisted|p2a: Iron Crown
|-damage|p2a: Iron Crown|91/100
|move|p2a: Iron Crown|Tera Blast|p1a: Darkrai|[anim] Tera Blast Fairy
|-supereffective|p1a: Darkrai
|-damage|p1a: Darkrai|0 fnt
|faint|p1a: Darkrai
|
|upkeep
|-message|noahthebadplayer forfeited.
|
|win|bbmint4L
|raw|noahthebadplayer's rating: 1165 &rarr; <strong>1137</strong><br />(-28 for losing)
|raw|bbmint4L's rating: 1120 &rarr; <strong>1148</strong><br />(+28 for winning)
|l|☆noahthebadplayer
|player|p1|
|l|☆bbmint4L
|player|p2|
