|j|☆Dolost
|j|☆kingkaicobra
|t:|1760331893
|gametype|singles
|player|p1|Dolost|gentleman-gen4dp|1158
|player|p2|kingkaicobra|cynthia|1192
|gen|9
|tier|[Gen 9] OU
|rated|
|rule|HP Percentage Mod: HP is shown in percentages
|rule|Endless Battle Clause: Forcing endless battles is banned
|rule|Species Clause: Limit one of each Pokémon
|rule|OHKO Clause: OHKO moves are banned
|rule|Evasion Items Clause: Evasion items are banned
|rule|Evasion Moves Clause: Evasion moves are banned
|rule|Evasion Abilities Clause: Evasion abilities are banned
|rule|Sleep Moves Clause: Sleep-inducing moves are banned
|clearpoke
|poke|p1|Porygon-Z|
|poke|p1|Wo-Chien|
|poke|p1|Ceruledge, F|
|poke|p1|Ursaluna, F|
|poke|p1|Amoonguss, M|
|poke|p1|Empoleon, F|
|poke|p2|Tinkaton, F|
|poke|p2|Cinderace, M|
|poke|p2|Dragapult, M|
|poke|p2|Primarina, F|
|poke|p2|Landorus-Therian, M|
|poke|p2|Iron Hands|
|teampreview
|inactive|Battle timer is ON: inactive players will automatically lose when time's up. (requested by kingkaicobra)
|
|t:|1760331909
|teamsize|p1|6
|teamsize|p2|6
|start
|switch|p1a: Porygon-Z|Porygon-Z|100/100
|switch|p2a: Tinkaton|Tinkaton, F|100/100
|-item|p2a: Tinkaton|Air Balloon
|turn|1
|
|t:|1760331921
|move|p1a: Porygon-Z|Ice Beam|p2a: Tinkaton
|-resisted|p2a: Tinkaton
|-damage|p2a: Tinkaton|84/100
|-enditem|p2a: Tinkaton|Air Balloon
|move|p2a: Tinkaton|Thunder Wave|p1a: Porygon-Z
|-status|p1a: Porygon-Z|par
|
|upkeep
|turn|2
|
|t:|1760331936
|-terastallize|p1a: Porygon-Z|Ground
|move|p2a: Tinkaton|Gigaton Hammer|p1a: Porygon-Z
|-damage|p1a: Porygon-Z|33/100 par
|move|p1a: Porygon-Z|Tera Blast|p2a: Tinkaton|[anim] Tera Blast Ground
|-supereffective|p2a: Tinkaton
|-damage|p2a: Tinkaton|0 fnt
|faint|p2a: Tinkaton
|
|upkeep
|
|t:|1760331946
|switch|p2a: Landorus|Landorus-Therian, M|100/100
|-ability|p2a: Landorus|Intimidate|boost
|-unboost|p1a: Porygon-Z|atk|1
|turn|3
|
|t:|1760331955
|move|p2a: Landorus|Swords Dance|p2a: Landorus
|-boost|p2a: Landorus|atk|2
|move|p1a: Porygon-Z|Ice Beam|p2a: Landorus
|-supereffective|p2a: Landorus
|-damage|p2a: Landorus|0 fnt
|faint|p2a: Landorus
|
|upkeep
|
|t:|1760331961
|switch|p2a: Primarina|Primarina, F|100/100
|turn|4
|
|t:|1760331965
|move|p2a: Primarina|Moonblast|p1a: Porygon-Z
|-damage|p1a: Porygon-Z|0 fnt
|faint|p1a: Porygon-Z
|
|upkeep
|
|t:|1760331978
|switch|p1a: Amoonguss|Amoonguss, M|100/100
|turn|5
|
|t:|1760331986
|switch|p2a: Cinderace|Cinderace, M|100/100
|move|p1a: Amoonguss|Toxic|p2a: Cinderace
|-status|p2a: Cinderace|tox
|
|-damage|p2a: Cinderace|95/100 tox|[from] psn
|upkeep
|turn|6
|
|t:|1760331998
|switch|p1a: Ceruledge|Ceruledge, F|100/100
|move|p2a: Cinderace|Pyro Ball|p1a: Ceruledge
|-resisted|p1a: Ceruledge
|-damage|p1a: Ceruledge|63/100
|-ability|p1a: Ceruledge|Weak Armor|boost
|-unboost|p1a: Ceruledge|def|1
|-boost|p1a: Ceruledge|spe|2
|
|-damage|p2a: Cinderace|83/100 tox|[from] psn
|upkeep
|turn|7
|
|t:|1760332018
|move|p1a: Ceruledge|Shadow Claw|p2a: Cinderace
|-damage|p2a: Cinderace|28/100 tox
|move|p2a: Cinderace|U-turn|p1a: Ceruledge
|-start|p2a: Cinderace|typechange|Bug|[from] ability: Libero
|-resisted|p1a: Ceruledge
|-damage|p1a: Ceruledge|45/100
|-ability|p1a: Ceruledge|Weak Armor|boost
|-unboost|p1a: Ceruledge|def|1
|-boost|p1a: Ceruledge|spe|2
|
|t:|1760332021
|switch|p2a: Primarina|Primarina, F|100/100|[from] U-turn
|
|upkeep
|turn|8
|
|t:|1760332038
|move|p1a: Ceruledge|Shadow Claw|p2a: Primarina
|-damage|p2a: Primarina|63/100
|move|p2a: Primarina|Hyper Voice|p1a: Ceruledge
|-supereffective|p1a: Ceruledge
|-damage|p1a: Ceruledge|0 fnt
|faint|p1a: Ceruledge
|
|upkeep
|
|t:|1760332052
|switch|p1a: Amoonguss|Amoonguss, M|100/100
|turn|9
|
|t:|1760332055
|switch|p2a: Cinderace|Cinderace, M|28/100 tox
|move|p1a: Amoonguss|Toxic|p2a: Cinderace
|-fail|p2a: Cinderace|tox
|
|-damage|p2a: Cinderace|22/100 tox|[from] psn
|upkeep
|turn|10
|
|t:|1760332065
|switch|p1a: Empoleon|Empoleon, F|100/100
|move|p2a: Cinderace|Pyro Ball|p1a: Empoleon
|-damage|p1a: Empoleon|41/100
|
|-heal|p1a: Empoleon|47/100|[from] item: Leftovers
|-damage|p2a: Cinderace|10/100 tox|[from] psn
|upkeep
|turn|11
|
|t:|1760332083
|switch|p1a: Ursaluna|Ursaluna, F|100/100
|move|p2a: Cinderace|High Jump Kick|p1a: Ursaluna
|-start|p2a: Cinderace|typechange|Fighting|[from] ability: Libero
|-supereffective|p1a: Ursaluna
|-damage|p1a: Ursaluna|0 fnt
|faint|p1a: Ursaluna
|
|-damage|p2a: Cinderace|0 fnt|[from] psn
|faint|p2a: Cinderace
|upkeep
|inactive|Dolost has 120 seconds left.
|
|t:|1760332104
|switch|p2a: Primarina|Primarina, F|63/100
|switch|p1a: Empoleon|Empoleon, F|47/100
|turn|12
|inactive|Dolost has 120 seconds left.
|
|t:|1760332131
|switch|p2a: Iron Hands|Iron Hands|100/100
|move|p1a: Empoleon|Roost|p1a: Empoleon
|-heal|p1a: Empoleon|98/100
|-singleturn|p1a: Empoleon|move: Roost
|
|-heal|p1a: Empoleon|100/100|[from] item: Leftovers
|upkeep
|turn|13
|inactive|Dolost has 120 seconds left.
|
|t:|1760332147
|switch|p1a: Wo-Chien|Wo-Chien|100/100
|-ability|p1a: Wo-Chien|Tablets of Ruin
|move|p2a: Iron Hands|Supercell Slam|p1a: Wo-Chien
|-resisted|p1a: Wo-Chien
|-damage|p1a: Wo-Chien|88/100
|
|-heal|p1a: Wo-Chien|95/100|[from] item: Leftovers
|upkeep
|turn|14
|inactive|Dolost has 120 seconds left.
|
|t:|1760332157
|-terastallize|p2a: Iron Hands|Fighting
|move|p1a: Wo-Chien|Leech Seed|p2a: Iron Hands
|-start|p2a: Iron Hands|move: Leech Seed
|move|p2a: Iron Hands|Drain Punch|p1a: Wo-Chien
|-supereffective|p1a: Wo-Chien
|-damage|p1a: Wo-Chien|45/100
|
|-heal|p1a: Wo-Chien|52/100|[from] item: Leftovers
|-damage|p2a: Iron Hands|88/100|[from] Leech Seed|[of] p1a: Wo-Chien
|-heal|p1a: Wo-Chien|68/100|[silent]
|upkeep
|turn|15
|inactive|Dolost has 120 seconds left.
|
|t:|1760332169
|move|p1a: Wo-Chien|Protect|p1a: Wo-Chien
|-singleturn|p1a: Wo-Chien|Protect
|move|p2a: Iron Hands|Ice Punch|p1a: Wo-Chien
|-activate|p1a: Wo-Chien|move: Protect
|
|-heal|p1a: Wo-Chien|74/100|[from] item: Leftovers
|-damage|p2a: Iron Hands|76/100|[from] Leech Seed|[of] p1a: Wo-Chien
|-heal|p1a: Wo-Chien|91/100|[silent]
|upkeep
|turn|16
|inactive|Dolost has 120 seconds left.
|
|t:|1760332184
|switch|p1a: Amoonguss|Amoonguss, M|100/100
|move|p2a: Iron Hands|Drain Punch|p1a: Amoonguss
|-resisted|p1a: Amoonguss
|-damage|p1a: Amoonguss|81/100
|-heal|p2a: Iron Hands|84/100|[from] drain|[of] p1a: Amoonguss
|-damage|p2a: Iron Hands|68/100|[from] item: Rocky Helmet|[of] p1a: Amoonguss
|
|-damage|p2a: Iron Hands|55/100|[from] Leech Seed|[of] p1a: Amoonguss
|-heal|p1a: Amoonguss|95/100|[silent]
|upkeep
|turn|17
|inactive|Dolost has 120 seconds left.
|
|t:|1760332197
|move|p2a: Iron Hands|Ice Punch|p1a: Amoonguss
|-supereffective|p1a: Amoonguss
|-damage|p1a: Amoonguss|57/100
|-damage|p2a: Iron Hands|39/100|[from] item: Rocky Helmet|[of] p1a: Amoonguss
|move|p1a: Amoonguss|Toxic|p2a: Iron Hands
|-status|p2a: Iron Hands|tox
|
|-damage|p2a: Iron Hands|26/100 tox|[from] Leech Seed|[of] p1a: Amoonguss
|-heal|p1a: Amoonguss|72/100|[silent]
|-damage|p2a: Iron Hands|20/100 tox|[from] psn
|upkeep
|turn|18
|inactive|Dolost has 120 seconds left.
|
|t:|1760332208
|move|p2a: Iron Hands|Ice Punch|p1a: Amoonguss
|-supereffective|p1a: Amoonguss
|-damage|p1a: Amoonguss|34/100
|-damage|p2a: Iron Hands|3/100 tox|[from] item: Rocky Helmet|[of] p1a: Amoonguss
|move|p1a: Amoonguss|Synthesis|p1a: Amoonguss
|-heal|p1a: Amoonguss|84/100
|
|-damage|p2a: Iron Hands|0 fnt|[from] Leech Seed|[of] p1a: Amoonguss
|-heal|p1a: Amoonguss|87/100|[silent]
|faint|p2a: Iron Hands
|-end|p2a: Iron Hands|Quark Drive|[silent]
|upkeep
|
|t:|1760332212
|switch|p2a: Dragapult|Dragapult, M|100/100
|turn|19
|inactive|Dolost has 120 seconds left.
|
|t:|1760332228
|move|p2a: Dragapult|Substitute|p2a: Dragapult
|-start|p2a: Dragapult|Substitute
|-damage|p2a: Dragapult|76/100
|move|p1a: Amoonguss|Foul Play|p2a: Dragapult
|-supereffective|p2a: Dragapult
|-end|p2a: Dragapult|Substitute
|
|upkeep
|turn|20
|inactive|Dolost has 120 seconds left.
|
|t:|1760332237
|switch|p2a: Primarina|Primarina, F|63/100
|move|p1a: Amoonguss|Foul Play|p2a: Primarina
|-resisted|p2a: Primarina
|-damage|p2a: Primarina|56/100
|
|upkeep
|turn|21
|
|t:|1760332244
|move|p2a: Primarina|Ice Beam|p1a: Amoonguss
|-supereffective|p1a: Amoonguss
|-crit|p1a: Amoonguss
|-damage|p1a: Amoonguss|0 fnt
|faint|p1a: Amoonguss
|
|upkeep
|inactive|Dolost has 120 seconds left.
|
|t:|1760332254
|switch|p1a: Wo-Chien|Wo-Chien|91/100
|-ability|p1a: Wo-Chien|Tablets of Ruin
|turn|22
|
|t:|1760332258
|move|p1a: Wo-Chien|Leech Seed|p2a: Primarina
|-start|p2a: Primarina|move: Leech Seed
|move|p2a: Primarina|Draining Kiss|p1a: Wo-Chien
|-supereffective|p1a: Wo-Chien
|-damage|p1a: Wo-Chien|52/100
|-heal|p2a: Primarina|92/100|[from] drain|[of] p1a: Wo-Chien
|
|-heal|p1a: Wo-Chien|59/100|[from] item: Leftovers
|-damage|p2a: Primarina|80/100|[from] Leech Seed|[of] p1a: Wo-Chien
|-heal|p1a: Wo-Chien|68/100|[silent]
|upkeep
|turn|23
|
|t:|1760332274
|move|p1a: Wo-Chien|Knock Off|p2a: Primarina
|-resisted|p2a: Primarina
|-damage|p2a: Primarina|64/100
|-enditem|p2a: Primarina|Assault Vest|[from] move: Knock Off|[of] p1a: Wo-Chien
|move|p2a: Primarina|Draining Kiss|p1a: Wo-Chien
|-supereffective|p1a: Wo-Chien
|-damage|p1a: Wo-Chien|33/100
|-heal|p2a: Primarina|98/100|[from] drain|[of] p1a: Wo-Chien
|
|-heal|p1a: Wo-Chien|39/100|[from] item: Leftovers
|-damage|p2a: Primarina|85/100|[from] Leech Seed|[of] p1a: Wo-Chien
|-heal|p1a: Wo-Chien|49/100|[silent]
|upkeep
|turn|24
|
|t:|1760332287
|move|p1a: Wo-Chien|Protect|p1a: Wo-Chien
|-singleturn|p1a: Wo-Chien|Protect
|move|p2a: Primarina|Moonblast|p1a: Wo-Chien
|-activate|p1a: Wo-Chien|move: Protect
|
|-heal|p1a: Wo-Chien|55/100|[from] item: Leftovers
|-damage|p2a: Primarina|73/100|[from] Leech Seed|[of] p1a: Wo-Chien
|-heal|p1a: Wo-Chien|65/100|[silent]
|upkeep
|turn|25
|inactive|Dolost has 120 seconds left.
|
|t:|1760332304
|switch|p1a: Empoleon|Empoleon, F|100/100
|move|p2a: Primarina|Draining Kiss|p1a: Empoleon
|-resisted|p1a: Empoleon
|-damage|p1a: Empoleon|87/100
|-heal|p2a: Primarina|85/100|[from] drain|[of] p1a: Empoleon
|
|-heal|p1a: Empoleon|93/100|[from] item: Leftovers
|-damage|p2a: Primarina|73/100|[from] Leech Seed|[of] p1a: Empoleon
|-heal|p1a: Empoleon|100/100|[silent]
|upkeep
|turn|26
|inactive|Dolost has 120 seconds left.
|
|t:|1760332319
|move|p1a: Empoleon|Grass Knot|p2a: Primarina
|-supereffective|p2a: Primarina
|-crit|p2a: Primarina
|-damage|p2a: Primarina|18/100
|move|p2a: Primarina|Moonblast|p1a: Empoleon
|-resisted|p1a: Empoleon
|-damage|p1a: Empoleon|74/100
|
|-heal|p1a: Empoleon|80/100|[from] item: Leftovers
|-damage|p2a: Primarina|5/100|[from] Leech Seed|[of] p1a: Empoleon
|-heal|p1a: Empoleon|91/100|[silent]
|upkeep
|turn|27
|inactive|Dolost has 120 seconds left.
|
|t:|1760332335
|move|p1a: Empoleon|Ice Beam|p2a: Primarina
|-resisted|p2a: Primarina
|-damage|p2a: Primarina|0 fnt
|faint|p2a: Primarina
|
|-heal|p1a: Empoleon|97/100|[from] item: Leftovers
|upkeep
|
|t:|1760332336
|switch|p2a: Dragapult|Dragapult, M|76/100
|turn|28
|
|t:|1760332347
|switch|p1a: Wo-Chien|Wo-Chien|65/100
|-ability|p1a: Wo-Chien|Tablets of Ruin
|move|p2a: Dragapult|Substitute|p2a: Dragapult
|-start|p2a: Dragapult|Substitute
|-damage|p2a: Dragapult|51/100
|
|-heal|p1a: Wo-Chien|71/100|[from] item: Leftovers
|upkeep
|turn|29
|
|t:|1760332357
|move|p2a: Dragapult|Dragon Dance|p2a: Dragapult
|-boost|p2a: Dragapult|atk|1
|-boost|p2a: Dragapult|spe|1
|move|p1a: Wo-Chien|Ruination|p2a: Dragapult
|-end|p2a: Dragapult|Substitute
|
|-heal|p1a: Wo-Chien|77/100|[from] item: Leftovers
|upkeep
|turn|30
|
|t:|1760332369
|move|p2a: Dragapult|Dragon Darts|p1a: Wo-Chien
|-damage|p1a: Wo-Chien|52/100
|-anim|p2a: Dragapult|Dragon Darts|p1a: Wo-Chien
|-damage|p1a: Wo-Chien|28/100
|-damage|p2a: Dragapult|41/100|[from] item: Life Orb
|move|p1a: Wo-Chien|Leech Seed|p2a: Dragapult
|-start|p2a: Dragapult|move: Leech Seed
|
|-heal|p1a: Wo-Chien|34/100|[from] item: Leftovers
|-damage|p2a: Dragapult|29/100|[from] Leech Seed|[of] p1a: Wo-Chien
|-heal|p1a: Wo-Chien|44/100|[silent]
|upkeep
|turn|31
|
|t:|1760332381
|move|p1a: Wo-Chien|Protect|p1a: Wo-Chien
|-singleturn|p1a: Wo-Chien|Protect
|move|p2a: Dragapult|Dragon Darts|p1a: Wo-Chien
|-activate|p1a: Wo-Chien|move: Protect
|
|-heal|p1a: Wo-Chien|50/100|[from] item: Leftovers
|-damage|p2a: Dragapult|16/100|[from] Leech Seed|[of] p1a: Wo-Chien
|-heal|p1a: Wo-Chien|61/100|[silent]
|upkeep
|turn|32
|
|t:|1760332391
|move|p2a: Dragapult|Dragon Darts|p1a: Wo-Chien
|-damage|p1a: Wo-Chien|35/100
|-anim|p2a: Dragapult|Dragon Darts|p1a: Wo-Chien
|-damage|p1a: Wo-Chien|12/100
|-damage|p2a: Dragapult|6/100|[from] item: Life Orb
|move|p1a: Wo-Chien|Ruination|p2a: Dragapult
|-damage|p2a: Dragapult|4/100
|
|-heal|p1a: Wo-Chien|18/100|[from] item: Leftovers
|-damage|p2a: Dragapult|0 fnt|[from] Leech Seed|[of] p1a: Wo-Chien
|-heal|p1a: Wo-Chien|21/100|[silent]
|faint|p2a: Dragapult
|
|win|Dolost
|raw|Dolost's rating: 1158 &rarr; <strong>1185</strong><br />(+27 for winning)
|raw|kingkaicobra's rating: 1192 &rarr; <strong>1165</strong><br />(-27 for losing)
|l|☆kingkaicobra
|player|p2|
|l|☆Dolost
|player|p1|
