|j|☆Imperator Akashi
|j|☆ocdaki
|t:|1760437329
|gametype|singles
|player|p1|Imperator Akashi|170|1149
|player|p2|ocdaki|265|1199
|gen|9
|tier|[Gen 9] OU
|rated|
|rule|HP Percentage Mod: HP is shown in percentages
|rule|Endless Battle Clause: Forcing endless battles is banned
|rule|Species Clause: Limit one of each Pokémon
|rule|OHKO Clause: OHKO moves are banned
|rule|Evasion Items Clause: Evasion items are banned
|rule|Evasion Moves Clause: Evasion moves are banned
|rule|Evasion Abilities Clause: Evasion abilities are banned
|rule|Sleep Moves Clause: Sleep-inducing moves are banned
|clearpoke
|poke|p1|Ceruledge, M|
|poke|p1|Tyranitar, M|
|poke|p1|Gholdengo|
|poke|p1|Amoonguss, M|
|poke|p1|Great Tusk|
|poke|p1|Rotom-Wash|
|poke|p2|Deoxys-Speed|
|poke|p2|Furret, M|
|poke|p2|Braviary-Hisui, M|
|poke|p2|Politoed, F|
|poke|p2|Lokix, M|
|poke|p2|Avalugg, M|
|teampreview
|
|t:|1760437353
|teamsize|p1|6
|teamsize|p2|6
|start
|switch|p1a: Amoonguss|Amoonguss, M|100/100
|switch|p2a: Furret|Furret, M|100/100
|-item|p1a: Amoonguss|Heavy-Duty Boots|[from] ability: Frisk|[of] p2a: Furret
|turn|1
|inactive|Battle timer is ON: inactive players will automatically lose when time's up. (requested by ocdaki)
|
|t:|1760437361
|move|p2a: Furret|Tidy Up|p2a: Furret
|-boost|p2a: Furret|atk|1
|-boost|p2a: Furret|spe|1
|move|p1a: Amoonguss|Toxic|p2a: Furret
|-status|p2a: Furret|tox
|
|-damage|p2a: Furret|94/100 tox|[from] psn
|upkeep
|turn|2
|
|t:|1760437369
|move|p2a: Furret|Tidy Up|p2a: Furret
|-boost|p2a: Furret|atk|1
|-boost|p2a: Furret|spe|1
|move|p1a: Amoonguss|Synthesis|p1a: Amoonguss
|-fail|p1a: Amoonguss|heal
|
|-damage|p2a: Furret|82/100 tox|[from] psn
|upkeep
|turn|3
|
|t:|1760437377
|move|p2a: Furret|Last Resort|p1a: Amoonguss
|-damage|p1a: Amoonguss|17/100
|move|p1a: Amoonguss|Clear Smog|p2a: Furret
|-damage|p2a: Furret|58/100 tox
|-clearboost|p2a: Furret
|
|-damage|p2a: Furret|39/100 tox|[from] psn
|upkeep
|turn|4
|
|t:|1760437384
|switch|p2a: Lokix|Lokix, M|100/100
|move|p1a: Amoonguss|Synthesis|p1a: Amoonguss
|-heal|p1a: Amoonguss|67/100
|
|upkeep
|turn|5
|
|t:|1760437391
|move|p2a: Lokix|Leech Life|p1a: Amoonguss
|-crit|p1a: Amoonguss
|-damage|p1a: Amoonguss|20/100
|-damage|p2a: Lokix|91/100|[from] item: Life Orb
|move|p1a: Amoonguss|Synthesis|p1a: Amoonguss
|-heal|p1a: Amoonguss|69/100
|
|upkeep
|turn|6
|
|t:|1760437401
|switch|p2a: Deoxys|Deoxys-Speed|100/100
|-ability|p2a: Deoxys|Pressure
|move|p1a: Amoonguss|Synthesis|p1a: Amoonguss
|-heal|p1a: Amoonguss|100/100
|
|upkeep
|turn|7
|
|t:|1760437406
|move|p2a: Deoxys|Psycho Boost|p1a: Amoonguss
|-supereffective|p1a: Amoonguss
|-damage|p1a: Amoonguss|0 fnt
|-unboost|p2a: Deoxys|spa|2
|faint|p1a: Amoonguss
|-damage|p2a: Deoxys|91/100|[from] item: Life Orb
|
|upkeep
|
|t:|1760437418
|switch|p1a: Gholdengo|Gholdengo|100/100
|-item|p1a: Gholdengo|Air Balloon
|turn|8
|
|t:|1760437427
|switch|p2a: Furret|Furret, M|39/100 tox
|-item|p1a: Gholdengo|Air Balloon|[from] ability: Frisk|[of] p2a: Furret
|move|p1a: Gholdengo|Hex|p2a: Furret
|-immune|p2a: Furret
|
|-damage|p2a: Furret|33/100 tox|[from] psn
|upkeep
|turn|9
|
|t:|1760437447
|switch|p2a: Politoed|Politoed, F|100/100
|-weather|RainDance|[from] ability: Drizzle|[of] p2a: Politoed
|switch|p1a: Tyranitar|Tyranitar, M|100/100
|-weather|Sandstorm|[from] ability: Sand Stream|[of] p1a: Tyranitar
|
|-weather|Sandstorm|[upkeep]
|-damage|p2a: Politoed|94/100|[from] Sandstorm
|-heal|p2a: Politoed|100/100|[from] item: Leftovers
|upkeep
|turn|10
|
|t:|1760437451
|move|p2a: Politoed|Whirlpool|p1a: Tyranitar
|-supereffective|p1a: Tyranitar
|-damage|p1a: Tyranitar|91/100
|-activate|p1a: Tyranitar|move: Whirlpool|[of] p2a: Politoed
|move|p1a: Tyranitar|Stealth Rock|p2a: Politoed
|-sidestart|p2: ocdaki|move: Stealth Rock
|
|-weather|Sandstorm|[upkeep]
|-damage|p2a: Politoed|94/100|[from] Sandstorm
|-heal|p2a: Politoed|100/100|[from] item: Leftovers
|-heal|p1a: Tyranitar|97/100|[from] item: Leftovers
|-damage|p1a: Tyranitar|85/100|[from] move: Whirlpool|[partiallytrapped]
|upkeep
|turn|11
|
|t:|1760437457
|move|p2a: Politoed|Encore|p1a: Tyranitar
|-start|p1a: Tyranitar|Encore
|move|p1a: Tyranitar|Stealth Rock||[still]
|-fail|p1a: Tyranitar
|
|-weather|Sandstorm|[upkeep]
|-damage|p2a: Politoed|94/100|[from] Sandstorm
|-heal|p2a: Politoed|100/100|[from] item: Leftovers
|-heal|p1a: Tyranitar|91/100|[from] item: Leftovers
|-damage|p1a: Tyranitar|79/100|[from] move: Whirlpool|[partiallytrapped]
|upkeep
|turn|12
|
|t:|1760437471
|move|p2a: Politoed|Perish Song|p2a: Politoed
|-start|p1a: Tyranitar|perish3|[silent]
|-start|p2a: Politoed|perish3|[silent]
|-fieldactivate|move: Perish Song
|move|p1a: Tyranitar|Stealth Rock||[still]
|-fail|p1a: Tyranitar
|
|-weather|Sandstorm|[upkeep]
|-damage|p2a: Politoed|94/100|[from] Sandstorm
|-heal|p2a: Politoed|100/100|[from] item: Leftovers
|-heal|p1a: Tyranitar|85/100|[from] item: Leftovers
|-damage|p1a: Tyranitar|73/100|[from] move: Whirlpool|[partiallytrapped]
|-start|p2a: Politoed|perish3
|-start|p1a: Tyranitar|perish3
|upkeep
|turn|13
|
|t:|1760437478
|move|p2a: Politoed|Whirlpool|p1a: Tyranitar|[miss]
|-miss|p2a: Politoed|p1a: Tyranitar
|move|p1a: Tyranitar|Stealth Rock||[still]
|-fail|p1a: Tyranitar
|
|-weather|none
|-heal|p1a: Tyranitar|79/100|[from] item: Leftovers
|-damage|p1a: Tyranitar|66/100|[from] move: Whirlpool|[partiallytrapped]
|-end|p1a: Tyranitar|Encore
|-start|p2a: Politoed|perish2
|-start|p1a: Tyranitar|perish2
|upkeep
|turn|14
|
|t:|1760437483
|move|p2a: Politoed|Encore|p1a: Tyranitar
|-start|p1a: Tyranitar|Encore
|move|p1a: Tyranitar|Stealth Rock||[still]
|-fail|p1a: Tyranitar
|
|-heal|p1a: Tyranitar|73/100|[from] item: Leftovers
|-end|p1a: Tyranitar|Whirlpool|[partiallytrapped]
|-start|p2a: Politoed|perish1
|-start|p1a: Tyranitar|perish1
|upkeep
|turn|15
|
|t:|1760437508
|switch|p2a: Furret|Furret, M|33/100 tox
|-damage|p2a: Furret|21/100 tox|[from] Stealth Rock
|-item|p1a: Tyranitar|Leftovers|[from] ability: Frisk|[of] p2a: Furret
|move|p1a: Tyranitar|Stealth Rock||[still]
|-fail|p1a: Tyranitar
|
|-heal|p1a: Tyranitar|79/100|[from] item: Leftovers
|-damage|p2a: Furret|15/100 tox|[from] psn
|-start|p1a: Tyranitar|perish0
|upkeep
|faint|p1a: Tyranitar
|
|t:|1760437530
|switch|p1a: Rotom|Rotom-Wash|100/100
|turn|16
|
|t:|1760437539
|move|p2a: Furret|Tidy Up|p2a: Furret
|-sideend|p2: ocdaki|Stealth Rock
|-activate|p2a: Furret|move: Tidy Up
|-boost|p2a: Furret|atk|1
|-boost|p2a: Furret|spe|1
|move|p1a: Rotom|Will-O-Wisp||[still]
|-fail|p1a: Rotom
|
|-damage|p2a: Furret|3/100 tox|[from] psn
|upkeep
|turn|17
|
|t:|1760437545
|move|p2a: Furret|Last Resort|p1a: Rotom
|-damage|p1a: Rotom|29/100
|move|p1a: Rotom|Will-O-Wisp||[still]
|-fail|p1a: Rotom
|
|-heal|p1a: Rotom|36/100|[from] item: Leftovers
|-damage|p2a: Furret|0 fnt|[from] psn
|faint|p2a: Furret
|upkeep
|
|t:|1760437552
|switch|p2a: Braviary|Braviary-Hisui, M|100/100
|turn|18
|
|t:|1760437559
|move|p2a: Braviary|Agility|p2a: Braviary
|-boost|p2a: Braviary|spe|2
|move|p1a: Rotom|Pain Split|p2a: Braviary
|-sethp|p2a: Braviary|65/100|[from] move: Pain Split|[silent]
|-sethp|p1a: Rotom|77/100|[from] move: Pain Split
|
|-heal|p1a: Rotom|84/100|[from] item: Leftovers
|upkeep
|turn|19
|
|t:|1760437565
|move|p2a: Braviary|Hurricane|p1a: Rotom|[miss]
|-miss|p2a: Braviary|p1a: Rotom
|move|p1a: Rotom|Will-O-Wisp|p2a: Braviary
|-status|p2a: Braviary|brn
|
|-heal|p1a: Rotom|90/100|[from] item: Leftovers
|-damage|p2a: Braviary|59/100 brn|[from] brn
|upkeep
|turn|20
|
|t:|1760437578
|move|p2a: Braviary|Psychic|p1a: Rotom
|-damage|p1a: Rotom|3/100
|move|p1a: Rotom|Pain Split|p2a: Braviary
|-sethp|p2a: Braviary|31/100 brn|[from] move: Pain Split|[silent]
|-sethp|p1a: Rotom|37/100|[from] move: Pain Split
|
|-heal|p1a: Rotom|43/100|[from] item: Leftovers
|-damage|p2a: Braviary|25/100 brn|[from] brn
|upkeep
|turn|21
|
|t:|1760437585
|move|p2a: Braviary|Psychic|p1a: Rotom
|-damage|p1a: Rotom|0 fnt
|faint|p1a: Rotom
|
|-damage|p2a: Braviary|19/100 brn|[from] brn
|upkeep
|
|t:|1760437594
|switch|p1a: Gholdengo|Gholdengo|100/100
|-item|p1a: Gholdengo|Air Balloon
|turn|22
|
|t:|1760437601
|move|p2a: Braviary|Hurricane|p1a: Gholdengo|[miss]
|-miss|p2a: Braviary|p1a: Gholdengo
|move|p1a: Gholdengo|Hex|p2a: Braviary
|-supereffective|p2a: Braviary
|-damage|p2a: Braviary|0 fnt
|faint|p2a: Braviary
|
|upkeep
|
|t:|1760437615
|switch|p2a: Politoed|Politoed, F|100/100
|-weather|RainDance|[from] ability: Drizzle|[of] p2a: Politoed
|turn|23
|
|t:|1760437619
|move|p1a: Gholdengo|Thunder Wave|p2a: Politoed
|-status|p2a: Politoed|par
|move|p2a: Politoed|Whirlpool|p1a: Gholdengo|[miss]
|-miss|p2a: Politoed|p1a: Gholdengo
|
|-weather|RainDance|[upkeep]
|upkeep
|turn|24
|
|t:|1760437630
|move|p1a: Gholdengo|Make It Rain|p2a: Politoed
|-resisted|p2a: Politoed
|-damage|p2a: Politoed|83/100 par
|-unboost|p1a: Gholdengo|spa|1
|cant|p2a: Politoed|par
|
|-weather|RainDance|[upkeep]
|-heal|p2a: Politoed|89/100 par|[from] item: Leftovers
|upkeep
|turn|25
|
|t:|1760437638
|move|p1a: Gholdengo|Hex|p2a: Politoed
|-damage|p2a: Politoed|66/100 par
|move|p2a: Politoed|Whirlpool|p1a: Gholdengo
|-damage|p1a: Gholdengo|85/100
|-activate|p1a: Gholdengo|move: Whirlpool|[of] p2a: Politoed
|-enditem|p1a: Gholdengo|Air Balloon
|
|-weather|RainDance|[upkeep]
|-heal|p2a: Politoed|73/100 par|[from] item: Leftovers
|-damage|p1a: Gholdengo|72/100|[from] move: Whirlpool|[partiallytrapped]
|upkeep
|turn|26
|
|t:|1760437648
|move|p1a: Gholdengo|Hex|p2a: Politoed
|-damage|p2a: Politoed|50/100 par
|cant|p2a: Politoed|par
|
|-weather|RainDance|[upkeep]
|-heal|p2a: Politoed|57/100 par|[from] item: Leftovers
|-damage|p1a: Gholdengo|60/100|[from] move: Whirlpool|[partiallytrapped]
|upkeep
|turn|27
|
|t:|1760437659
|switch|p1a: Great Tusk|Great Tusk|100/100
|-enditem|p1a: Great Tusk|Booster Energy
|-activate|p1a: Great Tusk|ability: Protosynthesis|[fromitem]
|-start|p1a: Great Tusk|protosynthesisspe
|move|p2a: Politoed|Perish Song|p2a: Politoed
|-start|p1a: Great Tusk|perish3|[silent]
|-start|p2a: Politoed|perish3|[silent]
|-fieldactivate|move: Perish Song
|
|-weather|none
|-heal|p2a: Politoed|63/100 par|[from] item: Leftovers
|-start|p1a: Great Tusk|perish3
|-start|p2a: Politoed|perish3
|upkeep
|turn|28
|
|t:|1760437668
|move|p1a: Great Tusk|Bulk Up|p1a: Great Tusk
|-boost|p1a: Great Tusk|atk|1
|-boost|p1a: Great Tusk|def|1
|move|p2a: Politoed|Whirlpool|p1a: Great Tusk
|-supereffective|p1a: Great Tusk
|-damage|p1a: Great Tusk|74/100
|-activate|p1a: Great Tusk|move: Whirlpool|[of] p2a: Politoed
|
|-heal|p2a: Politoed|69/100 par|[from] item: Leftovers
|-damage|p1a: Great Tusk|61/100|[from] move: Whirlpool|[partiallytrapped]
|-start|p1a: Great Tusk|perish2
|-start|p2a: Politoed|perish2
|upkeep
|turn|29
|
|t:|1760437674
|move|p2a: Politoed|Protect|p2a: Politoed
|-singleturn|p2a: Politoed|Protect
|move|p1a: Great Tusk|Headlong Rush|p2a: Politoed
|-activate|p2a: Politoed|move: Protect
|
|-heal|p2a: Politoed|75/100 par|[from] item: Leftovers
|-damage|p1a: Great Tusk|49/100|[from] move: Whirlpool|[partiallytrapped]
|-start|p1a: Great Tusk|perish1
|-start|p2a: Politoed|perish1
|upkeep
|turn|30
|
|t:|1760437681
|cant|p2a: Politoed|par
|move|p1a: Great Tusk|Headlong Rush|p2a: Politoed
|-damage|p2a: Politoed|0 fnt
|-unboost|p1a: Great Tusk|def|1
|-unboost|p1a: Great Tusk|spd|1
|faint|p2a: Politoed
|
|-end|p1a: Great Tusk|Whirlpool|[partiallytrapped]|[silent]
|-start|p1a: Great Tusk|perish0
|upkeep
|faint|p1a: Great Tusk
|-end|p1a: Great Tusk|Protosynthesis|[silent]
|
|t:|1760437707
|switch|p1a: Gholdengo|Gholdengo|60/100
|switch|p2a: Deoxys|Deoxys-Speed|91/100
|-ability|p2a: Deoxys|Pressure
|turn|31
|
|t:|1760437722
|move|p2a: Deoxys|Psycho Boost|p1a: Gholdengo
|-resisted|p1a: Gholdengo
|-damage|p1a: Gholdengo|31/100
|-unboost|p2a: Deoxys|spa|2
|-damage|p2a: Deoxys|81/100|[from] item: Life Orb
|move|p1a: Gholdengo|Make It Rain|p2a: Deoxys
|-damage|p2a: Deoxys|0 fnt
|-unboost|p1a: Gholdengo|spa|1
|faint|p2a: Deoxys
|
|upkeep
|
|t:|1760437728
|switch|p2a: Lokix|Lokix, M|91/100
|turn|32
|
|t:|1760437743
|move|p2a: Lokix|Swords Dance|p2a: Lokix
|-boost|p2a: Lokix|atk|2
|move|p1a: Gholdengo|Thunder Wave|p2a: Lokix
|-status|p2a: Lokix|par
|
|upkeep
|turn|33
|
|t:|1760437752
|move|p2a: Lokix|Sucker Punch||[still]
|-fail|p2a: Lokix
|move|p1a: Gholdengo|Recover|p1a: Gholdengo
|-heal|p1a: Gholdengo|81/100
|
|upkeep
|turn|34
|
|t:|1760437763
|move|p1a: Gholdengo|Make It Rain|p2a: Lokix
|-damage|p2a: Lokix|20/100 par
|-unboost|p1a: Gholdengo|spa|1
|move|p2a: Lokix|Swords Dance|p2a: Lokix
|-boost|p2a: Lokix|atk|2
|
|upkeep
|turn|35
|
|t:|1760437771
|cant|p2a: Lokix|par
|move|p1a: Gholdengo|Make It Rain|p2a: Lokix
|-damage|p2a: Lokix|0 fnt
|-unboost|p1a: Gholdengo|spa|1
|faint|p2a: Lokix
|
|upkeep
|
|t:|1760437774
|switch|p2a: Avalugg|Avalugg, M|100/100
|turn|36
|
|t:|1760437779
|move|p1a: Gholdengo|Thunder Wave|p2a: Avalugg
|-status|p2a: Avalugg|par
|move|p2a: Avalugg|Iron Defense|p2a: Avalugg
|-boost|p2a: Avalugg|def|2
|
|upkeep
|turn|37
|
|t:|1760437796
|-terastallize|p2a: Avalugg|Fighting
|move|p1a: Gholdengo|Hex|p2a: Avalugg
|-damage|p2a: Avalugg|65/100 par
|move|p2a: Avalugg|Recover|p2a: Avalugg
|-heal|p2a: Avalugg|100/100 par
|
|upkeep
|turn|38
|
|t:|1760437808
|move|p1a: Gholdengo|Hex|p2a: Avalugg
|-damage|p2a: Avalugg|66/100 par
|cant|p2a: Avalugg|par
|
|-heal|p2a: Avalugg|72/100 par|[from] item: Leftovers
|upkeep
|turn|39
|
|t:|1760437817
|move|p1a: Gholdengo|Hex|p2a: Avalugg
|-damage|p2a: Avalugg|35/100 par
|cant|p2a: Avalugg|par
|
|-heal|p2a: Avalugg|41/100 par|[from] item: Leftovers
|upkeep
|turn|40
|
|t:|1760437826
|move|p1a: Gholdengo|Hex|p2a: Avalugg
|-damage|p2a: Avalugg|6/100 par
|move|p2a: Avalugg|Recover|p2a: Avalugg
|-heal|p2a: Avalugg|56/100 par
|
|-heal|p2a: Avalugg|63/100 par|[from] item: Leftovers
|upkeep
|turn|41
|
|t:|1760437835
|move|p1a: Gholdengo|Hex|p2a: Avalugg
|-damage|p2a: Avalugg|24/100 par
|move|p2a: Avalugg|Recover|p2a: Avalugg
|-heal|p2a: Avalugg|74/100 par
|
|-heal|p2a: Avalugg|80/100 par|[from] item: Leftovers
|upkeep
|turn|42
|
|t:|1760437839
|move|p1a: Gholdengo|Hex|p2a: Avalugg
|-damage|p2a: Avalugg|46/100 par
|move|p2a: Avalugg|Recover|p2a: Avalugg
|-heal|p2a: Avalugg|96/100 par
|
|-heal|p2a: Avalugg|100/100 par|[from] item: Leftovers
|upkeep
|turn|43
|
|t:|1760437851
|move|p1a: Gholdengo|Hex|p2a: Avalugg
|-damage|p2a: Avalugg|65/100 par
|move|p2a: Avalugg|Iron Defense|p2a: Avalugg
|-boost|p2a: Avalugg|def|2
|
|-heal|p2a: Avalugg|71/100 par|[from] item: Leftovers
|upkeep
|turn|44
|
|t:|1760437860
|move|p1a: Gholdengo|Make It Rain|p2a: Avalugg
|-damage|p2a: Avalugg|36/100 par
|-unboost|p1a: Gholdengo|spa|1
|move|p2a: Avalugg|Iron Defense|p2a: Avalugg
|-boost|p2a: Avalugg|def|2
|
|-heal|p2a: Avalugg|42/100 par|[from] item: Leftovers
|upkeep
|turn|45
|
|t:|1760437869
|move|p1a: Gholdengo|Make It Rain|p2a: Avalugg
|-crit|p2a: Avalugg
|-damage|p2a: Avalugg|0 fnt
|-unboost|p1a: Gholdengo|spa|1
|faint|p2a: Avalugg
|
|win|Imperator Akashi
|raw|Imperator Akashi's rating: 1149 &rarr; <strong>1178</strong><br />(+29 for winning)
|raw|ocdaki's rating: 1199 &rarr; <strong>1170</strong><br />(-29 for losing)
|l|☆ocdaki
|player|p2|
|l|☆Imperator Akashi
|player|p1|
