|j|☆TrentMercer
|j|☆hauntersnightmare
|t:|1760460082
|gametype|singles
|player|p1|TrentMercer|n|1718
|player|p2|hauntersnightmare|101|1702
|gen|9
|tier|[Gen 9] OU
|rated|
|rule|HP Percentage Mod: HP is shown in percentages
|rule|Endless Battle Clause: Forcing endless battles is banned
|rule|Species Clause: Limit one of each Pokémon
|rule|OHKO Clause: OHKO moves are banned
|rule|Evasion Items Clause: Evasion items are banned
|rule|Evasion Moves Clause: Evasion moves are banned
|rule|Evasion Abilities Clause: Evasion abilities are banned
|rule|Sleep Moves Clause: Sleep-inducing moves are banned
|clearpoke
|poke|p1|Great Tusk|
|poke|p1|Slowking-Galar, F|
|poke|p1|Zapdos|
|poke|p1|Crawdaunt, M|
|poke|p1|Chandelure, F|
|poke|p1|Scizor, F|
|poke|p2|Iron Moth|
|poke|p2|Weezing-Galar, F|
|poke|p2|Gliscor, F|
|poke|p2|Corviknight, M|
|poke|p2|Ogerpon-Wellspring, F|
|poke|p2|Dragapult, M|
|teampreview
|inactive|Battle timer is ON: inactive players will automatically lose when time's up. (requested by TrentMercer)
|
|t:|1760460090
|teamsize|p1|6
|teamsize|p2|6
|start
|switch|p1a: Chandelure|Chandelure, F, shiny|100/100
|switch|p2a: Gliscor|Gliscor, F|100/100
|turn|1
|
|t:|1760460093
|switch|p1a: Great Tusk|Great Tusk|100/100
|-enditem|p1a: Great Tusk|Booster Energy
|-activate|p1a: Great Tusk|ability: Protosynthesis|[fromitem]
|-start|p1a: Great Tusk|protosynthesisatk
|move|p2a: Gliscor|Protect||[still]
|-fail|p2a: Gliscor
|
|-status|p2a: Gliscor|tox|[from] item: Toxic Orb
|upkeep
|turn|2
|
|t:|1760460100
|-terastallize|p2a: Gliscor|Water
|move|p1a: Great Tusk|Ice Spinner|p2a: Gliscor
|-resisted|p2a: Gliscor
|-damage|p2a: Gliscor|88/100 tox
|move|p2a: Gliscor|Toxic|p1a: Great Tusk
|-status|p1a: Great Tusk|tox
|
|-damage|p1a: Great Tusk|94/100 tox|[from] psn
|-heal|p2a: Gliscor|99/100 tox|[from] ability: Poison Heal
|upkeep
|turn|3
|
|t:|1760460106
|move|p2a: Gliscor|Protect|p2a: Gliscor
|-singleturn|p2a: Gliscor|Protect
|move|p1a: Great Tusk|Stealth Rock|p2a: Gliscor
|-sidestart|p2: hauntersnightmare|move: Stealth Rock
|
|-damage|p1a: Great Tusk|82/100 tox|[from] psn
|-heal|p2a: Gliscor|100/100 tox|[from] ability: Poison Heal
|upkeep
|turn|4
|
|t:|1760460109
|move|p1a: Great Tusk|Headlong Rush|p2a: Gliscor
|-damage|p2a: Gliscor|41/100 tox
|-unboost|p1a: Great Tusk|def|1
|-unboost|p1a: Great Tusk|spd|1
|move|p2a: Gliscor|Spikes|p1a: Great Tusk
|-sidestart|p1: TrentMercer|Spikes
|
|-damage|p1a: Great Tusk|63/100 tox|[from] psn
|-heal|p2a: Gliscor|53/100 tox|[from] ability: Poison Heal
|upkeep
|turn|5
|
|t:|1760460115
|move|p2a: Gliscor|Protect|p2a: Gliscor
|-singleturn|p2a: Gliscor|Protect
|move|p1a: Great Tusk|Headlong Rush|p2a: Gliscor
|-activate|p2a: Gliscor|move: Protect
|
|-damage|p1a: Great Tusk|39/100 tox|[from] psn
|-heal|p2a: Gliscor|66/100 tox|[from] ability: Poison Heal
|upkeep
|turn|6
|
|t:|1760460118
|switch|p2a: Corviknight|Corviknight, M|100/100
|-damage|p2a: Corviknight|88/100|[from] Stealth Rock
|-ability|p2a: Corviknight|Pressure
|move|p1a: Great Tusk|Headlong Rush|p2a: Corviknight
|-immune|p2a: Corviknight
|
|-damage|p1a: Great Tusk|8/100 tox|[from] psn
|upkeep
|turn|7
|
|t:|1760460127
|move|p1a: Great Tusk|Rapid Spin|p2a: Corviknight
|-resisted|p2a: Corviknight
|-damage|p2a: Corviknight|81/100
|-boost|p1a: Great Tusk|spe|1
|-damage|p1a: Great Tusk|0 fnt|[from] item: Rocky Helmet|[of] p2a: Corviknight
|faint|p1a: Great Tusk
|-end|p1a: Great Tusk|Protosynthesis|[silent]
|move|p2a: Corviknight|Defog|p1: Great Tusk|[notarget]
|-fail|p2a: Corviknight
|
|upkeep
|
|t:|1760460134
|switch|p1a: Chandelure|Chandelure, F, shiny|100/100
|-damage|p1a: Chandelure|88/100|[from] Spikes
|turn|8
|
|t:|1760460140
|move|p1a: Chandelure|Shadow Ball|p2a: Corviknight
|-damage|p2a: Corviknight|42/100
|move|p2a: Corviknight|Brave Bird|p1a: Chandelure
|-damage|p1a: Chandelure|33/100
|-damage|p2a: Corviknight|30/100|[from] Recoil
|
|upkeep
|turn|9
|
|t:|1760460146
|move|p1a: Chandelure|Shadow Ball|p2a: Corviknight
|-damage|p2a: Corviknight|0 fnt
|faint|p2a: Corviknight
|
|upkeep
|
|t:|1760460149
|switch|p2a: Ogerpon|Ogerpon-Wellspring, F|100/100
|-damage|p2a: Ogerpon|88/100|[from] Stealth Rock
|turn|10
|
|t:|1760460153
|move|p1a: Chandelure|Shadow Ball|p2a: Ogerpon
|-damage|p2a: Ogerpon|32/100
|move|p2a: Ogerpon|Ivy Cudgel|p1a: Chandelure|[anim] Ivy Cudgel Water
|-supereffective|p1a: Chandelure
|-damage|p1a: Chandelure|0 fnt
|faint|p1a: Chandelure
|
|upkeep
|
|t:|1760460159
|switch|p1a: Zapdos|Zapdos|100/100
|turn|11
|
|t:|1760460163
|move|p2a: Ogerpon|Synthesis|p2a: Ogerpon
|-heal|p2a: Ogerpon|82/100
|move|p1a: Zapdos|Volt Switch|p2a: Ogerpon
|-damage|p2a: Ogerpon|46/100
|
|t:|1760460168
|switch|p1a: Slowking|Slowking-Galar, F|100/100|[from] Volt Switch
|-damage|p1a: Slowking|88/100|[from] Spikes
|
|upkeep
|turn|12
|
|t:|1760460174
|switch|p2a: Weezing|Weezing-Galar, F|100/100
|-ability|p2a: Weezing|Neutralizing Gas
|switch|p1a: Zapdos|Zapdos|100/100
|
|upkeep
|turn|13
|
|t:|1760460179
|move|p1a: Zapdos|Thunder Wave|p2a: Weezing
|-status|p2a: Weezing|par
|move|p2a: Weezing|Defog|p1a: Zapdos
|-unboost|p1a: Zapdos|evasion|1
|-sideend|p1: TrentMercer|Spikes|[from] move: Defog|[of] p2a: Weezing
|-sideend|p2: hauntersnightmare|Stealth Rock|[from] move: Defog|[of] p2a: Weezing
|
|upkeep
|turn|14
|
|t:|1760460184
|move|p1a: Zapdos|Hurricane|p2a: Weezing
|-damage|p2a: Weezing|37/100 par
|-start|p2a: Weezing|confusion
|-activate|p2a: Weezing|confusion
|move|p2a: Weezing|Will-O-Wisp|p1a: Zapdos
|-status|p1a: Zapdos|brn
|
|-damage|p1a: Zapdos|94/100 brn|[from] brn
|upkeep
|turn|15
|
|t:|1760460191
|-end|p2a: Weezing|ability: Neutralizing Gas
|switch|p2a: Iron Moth|Iron Moth|100/100
|move|p1a: Zapdos|Hurricane|p2a: Iron Moth
|-damage|p2a: Iron Moth|52/100
|
|-damage|p1a: Zapdos|88/100 brn|[from] brn
|upkeep
|turn|16
|
|t:|1760460199
|switch|p1a: Slowking|Slowking-Galar, F|88/100
|move|p2a: Iron Moth|Overheat|p1a: Slowking
|-damage|p1a: Slowking|35/100
|-unboost|p2a: Iron Moth|spa|2
|
|upkeep
|turn|17
|
|t:|1760460204
|switch|p1a: Crawdaunt|Crawdaunt, M|100/100
|move|p2a: Iron Moth|Overheat|p1a: Crawdaunt
|-resisted|p1a: Crawdaunt
|-damage|p1a: Crawdaunt|42/100
|-unboost|p2a: Iron Moth|spa|2
|
|upkeep
|turn|18
|
|t:|1760460217
|-end|p2a: Iron Moth|Quark Drive|[silent]
|switch|p2a: Weezing|Weezing-Galar, F|37/100 par
|-ability|p2a: Weezing|Neutralizing Gas
|move|p1a: Crawdaunt|Knock Off|p2a: Weezing
|-resisted|p2a: Weezing
|-damage|p2a: Weezing|13/100 par
|-enditem|p2a: Weezing|Heavy-Duty Boots|[from] move: Knock Off|[of] p1a: Crawdaunt
|
|upkeep
|turn|19
|
|t:|1760460223
|move|p1a: Crawdaunt|Knock Off|p2a: Weezing
|-resisted|p2a: Weezing
|-damage|p2a: Weezing|0 fnt
|faint|p2a: Weezing
|-end|p2a: Weezing|ability: Neutralizing Gas
|
|upkeep
|
|t:|1760460225
|switch|p2a: Dragapult|Dragapult, M|100/100
|turn|20
|
|t:|1760460232
|move|p2a: Dragapult|U-turn|p1a: Crawdaunt
|-supereffective|p1a: Crawdaunt
|-damage|p1a: Crawdaunt|0 fnt
|faint|p1a: Crawdaunt
|j| dilf huntr
|
|t:|1760460235
|switch|p2a: Gliscor|Gliscor, F, tera:Water|66/100 tox|[from] U-turn
|
|-heal|p2a: Gliscor|78/100 tox|[from] ability: Poison Heal
|upkeep
|
|t:|1760460239
|switch|p1a: Zapdos|Zapdos|88/100 brn
|turn|21
|
|t:|1760460243
|move|p2a: Gliscor|Protect|p2a: Gliscor
|-singleturn|p2a: Gliscor|Protect
|move|p1a: Zapdos|Hurricane|p2a: Gliscor
|-activate|p2a: Gliscor|move: Protect
|
|-heal|p2a: Gliscor|91/100 tox|[from] ability: Poison Heal
|-damage|p1a: Zapdos|82/100 brn|[from] brn
|upkeep
|turn|22
|
|t:|1760460245
|move|p1a: Zapdos|Hurricane|p2a: Gliscor
|-damage|p2a: Gliscor|54/100 tox
|move|p2a: Gliscor|Spikes|p1a: Zapdos
|-sidestart|p1: TrentMercer|Spikes
|
|-heal|p2a: Gliscor|67/100 tox|[from] ability: Poison Heal
|-damage|p1a: Zapdos|76/100 brn|[from] brn
|upkeep
|turn|23
|
|t:|1760460252
|move|p2a: Gliscor|Protect|p2a: Gliscor
|-singleturn|p2a: Gliscor|Protect
|move|p1a: Zapdos|Roost|p1a: Zapdos
|-heal|p1a: Zapdos|100/100 brn
|-singleturn|p1a: Zapdos|move: Roost
|
|-heal|p2a: Gliscor|79/100 tox|[from] ability: Poison Heal
|-damage|p1a: Zapdos|94/100 brn|[from] brn
|upkeep
|turn|24
|
|t:|1760460255
|switch|p2a: Dragapult|Dragapult, M|100/100
|move|p1a: Zapdos|Hurricane|p2a: Dragapult
|-damage|p2a: Dragapult|40/100
|-start|p2a: Dragapult|confusion
|
|-damage|p1a: Zapdos|88/100 brn|[from] brn
|upkeep
|turn|25
|j| nsdede
|
|t:|1760460262
|switch|p2a: Iron Moth|Iron Moth|52/100
|move|p1a: Zapdos|Volt Switch|p2a: Iron Moth
|-damage|p2a: Iron Moth|23/100
|l| nsdede
|
|t:|1760460272
|switch|p1a: Slowking|Slowking-Galar, F|68/100|[from] Volt Switch
|-damage|p1a: Slowking|55/100|[from] Spikes
|
|upkeep
|turn|26
|j| wgw2333
|inactive|hauntersnightmare has 120 seconds left.
|
|t:|1760460318
|-terastallize|p1a: Slowking|Water
|move|p2a: Iron Moth|Overheat|p1a: Slowking
|-resisted|p1a: Slowking
|-damage|p1a: Slowking|30/100
|-unboost|p2a: Iron Moth|spa|2
|move|p1a: Slowking|Psyshock|p2a: Iron Moth
|-supereffective|p2a: Iron Moth
|-damage|p2a: Iron Moth|0 fnt
|faint|p2a: Iron Moth
|-end|p2a: Iron Moth|Quark Drive|[silent]
|
|upkeep
|
|t:|1760460330
|switch|p2a: Gliscor|Gliscor, F, tera:Water|79/100 tox
|turn|27
|
|t:|1760460336
|switch|p1a: Zapdos|Zapdos|88/100 brn
|move|p2a: Gliscor|Earthquake|p1a: Zapdos
|-immune|p1a: Zapdos
|
|-heal|p2a: Gliscor|92/100 tox|[from] ability: Poison Heal
|-damage|p1a: Zapdos|82/100 brn|[from] brn
|upkeep
|turn|28
|
|t:|1760460342
|switch|p2a: Dragapult|Dragapult, M|40/100
|move|p1a: Zapdos|Hurricane|p2a: Dragapult|[miss]
|-miss|p1a: Zapdos|p2a: Dragapult
|
|-damage|p1a: Zapdos|76/100 brn|[from] brn
|upkeep
|turn|29
|
|t:|1760460350
|move|p2a: Dragapult|Dragon Darts|p1a: Zapdos
|-damage|p1a: Zapdos|52/100 brn
|-anim|p2a: Dragapult|Dragon Darts|p1a: Zapdos
|-damage|p1a: Zapdos|25/100 brn
|move|p1a: Zapdos|Volt Switch|p2a: Dragapult
|-resisted|p2a: Dragapult
|-damage|p2a: Dragapult|18/100
|
|t:|1760460356
|switch|p1a: Scizor|Scizor, F|100/100|[from] Volt Switch
|-damage|p1a: Scizor|88/100|[from] Spikes
|
|upkeep
|turn|30
|
|t:|1760460359
|move|p2a: Dragapult|Dragon Darts|p1a: Scizor
|-resisted|p1a: Scizor
|-crit|p1a: Scizor
|-damage|p1a: Scizor|59/100
|-anim|p2a: Dragapult|Dragon Darts|p1a: Scizor
|-resisted|p1a: Scizor
|-damage|p1a: Scizor|40/100
|move|p1a: Scizor|Swords Dance|p1a: Scizor
|-boost|p1a: Scizor|atk|2
|
|upkeep
|turn|31
|
|t:|1760460364
|switch|p2a: Gliscor|Gliscor, F, tera:Water|92/100 tox
|move|p1a: Scizor|Bullet Punch|p2a: Gliscor
|-resisted|p2a: Gliscor
|-damage|p2a: Gliscor|58/100 tox
|-damage|p1a: Scizor|30/100|[from] item: Life Orb
|
|-heal|p2a: Gliscor|70/100 tox|[from] ability: Poison Heal
|upkeep
|turn|32
|
|t:|1760460374
|switch|p2a: Ogerpon|Ogerpon-Wellspring, F|46/100
|move|p1a: Scizor|Knock Off|p2a: Ogerpon
|-damage|p2a: Ogerpon|0 fnt
|faint|p2a: Ogerpon
|-damage|p1a: Scizor|20/100|[from] item: Life Orb
|
|upkeep
|
|t:|1760460377
|switch|p2a: Gliscor|Gliscor, F, tera:Water|70/100 tox
|turn|33
|
|t:|1760460383
|switch|p1a: Zapdos|Zapdos|25/100 brn
|move|p2a: Gliscor|Earthquake|p1a: Zapdos
|-immune|p1a: Zapdos
|
|-heal|p2a: Gliscor|83/100 tox|[from] ability: Poison Heal
|-damage|p1a: Zapdos|19/100 brn|[from] brn
|upkeep
|turn|34
|
|t:|1760460390
|move|p1a: Zapdos|Hurricane|p2a: Gliscor
|-damage|p2a: Gliscor|44/100 tox
|move|p2a: Gliscor|Earthquake|p1a: Zapdos
|-immune|p1a: Zapdos
|
|-heal|p2a: Gliscor|56/100 tox|[from] ability: Poison Heal
|-damage|p1a: Zapdos|13/100 brn|[from] brn
|upkeep
|turn|35
|
|t:|1760460394
|move|p2a: Gliscor|Protect|p2a: Gliscor
|-singleturn|p2a: Gliscor|Protect
|move|p1a: Zapdos|Roost|p1a: Zapdos
|-heal|p1a: Zapdos|63/100 brn
|-singleturn|p1a: Zapdos|move: Roost
|
|-heal|p2a: Gliscor|69/100 tox|[from] ability: Poison Heal
|-damage|p1a: Zapdos|57/100 brn|[from] brn
|upkeep
|turn|36
|
|t:|1760460399
|move|p2a: Gliscor|Protect||[still]
|-fail|p2a: Gliscor
|move|p1a: Zapdos|Hurricane|p2a: Gliscor
|-damage|p2a: Gliscor|28/100 tox
|-start|p2a: Gliscor|confusion
|
|-heal|p2a: Gliscor|40/100 tox|[from] ability: Poison Heal
|-damage|p1a: Zapdos|51/100 brn|[from] brn
|upkeep
|turn|37
|
|t:|1760460405
|-activate|p2a: Gliscor|confusion
|move|p2a: Gliscor|Protect|p2a: Gliscor
|-singleturn|p2a: Gliscor|Protect
|move|p1a: Zapdos|Roost|p1a: Zapdos
|-heal|p1a: Zapdos|100/100 brn
|-singleturn|p1a: Zapdos|move: Roost
|
|-heal|p2a: Gliscor|53/100 tox|[from] ability: Poison Heal
|-damage|p1a: Zapdos|94/100 brn|[from] brn
|upkeep
|turn|38
|
|t:|1760460410
|switch|p2a: Dragapult|Dragapult, M|18/100
|move|p1a: Zapdos|Hurricane|p2a: Dragapult|[miss]
|-miss|p1a: Zapdos|p2a: Dragapult
|
|-damage|p1a: Zapdos|88/100 brn|[from] brn
|upkeep
|turn|39
|
|t:|1760460418
|move|p2a: Dragapult|Dragon Darts|p1a: Zapdos
|-damage|p1a: Zapdos|60/100 brn
|-anim|p2a: Dragapult|Dragon Darts|p1a: Zapdos
|-damage|p1a: Zapdos|31/100 brn
|move|p1a: Zapdos|Volt Switch|p2a: Dragapult
|-resisted|p2a: Dragapult
|-damage|p2a: Dragapult|0 fnt
|faint|p2a: Dragapult
|
|t:|1760460425
|switch|p1a: Scizor|Scizor, F|20/100|[from] Volt Switch
|-damage|p1a: Scizor|8/100|[from] Spikes
|
|upkeep
|
|t:|1760460427
|switch|p2a: Gliscor|Gliscor, F, tera:Water|53/100 tox
|turn|40
|
|t:|1760460429
|move|p2a: Gliscor|Protect|p2a: Gliscor
|-singleturn|p2a: Gliscor|Protect
|move|p1a: Scizor|Bullet Punch|p2a: Gliscor
|-activate|p2a: Gliscor|move: Protect
|
|-heal|p2a: Gliscor|65/100 tox|[from] ability: Poison Heal
|upkeep
|turn|41
|j| Le Bouquetin
|
|t:|1760460431
|move|p1a: Scizor|Bullet Punch|p2a: Gliscor
|-resisted|p2a: Gliscor
|-damage|p2a: Gliscor|47/100 tox
|-damage|p1a: Scizor|0 fnt|[from] item: Life Orb
|faint|p1a: Scizor
|move|p2a: Gliscor|Earthquake|p1: Scizor|[notarget]
|-fail|p2a: Gliscor
|
|-heal|p2a: Gliscor|60/100 tox|[from] ability: Poison Heal
|upkeep
|
|t:|1760460434
|switch|p1a: Zapdos|Zapdos|31/100 brn
|turn|42
|
|t:|1760460437
|move|p2a: Gliscor|Protect|p2a: Gliscor
|-singleturn|p2a: Gliscor|Protect
|move|p1a: Zapdos|Hurricane|p2a: Gliscor
|-activate|p2a: Gliscor|move: Protect
|
|-heal|p2a: Gliscor|72/100 tox|[from] ability: Poison Heal
|-damage|p1a: Zapdos|25/100 brn|[from] brn
|upkeep
|turn|43
|
|t:|1760460441
|move|p2a: Gliscor|Protect||[still]
|-fail|p2a: Gliscor
|move|p1a: Zapdos|Hurricane|p2a: Gliscor
|-damage|p2a: Gliscor|32/100 tox
|
|-heal|p2a: Gliscor|45/100 tox|[from] ability: Poison Heal
|-damage|p1a: Zapdos|19/100 brn|[from] brn
|upkeep
|turn|44
|
|t:|1760460445
|move|p1a: Zapdos|Hurricane|p2a: Gliscor
|-damage|p2a: Gliscor|8/100 tox
|move|p2a: Gliscor|Earthquake|p1a: Zapdos
|-immune|p1a: Zapdos
|
|-heal|p2a: Gliscor|21/100 tox|[from] ability: Poison Heal
|-damage|p1a: Zapdos|13/100 brn|[from] brn
|upkeep
|turn|45
|
|t:|1760460449
|move|p2a: Gliscor|Protect|p2a: Gliscor
|-singleturn|p2a: Gliscor|Protect
|move|p1a: Zapdos|Roost|p1a: Zapdos
|-heal|p1a: Zapdos|63/100 brn
|-singleturn|p1a: Zapdos|move: Roost
|
|-heal|p2a: Gliscor|33/100 tox|[from] ability: Poison Heal
|-damage|p1a: Zapdos|57/100 brn|[from] brn
|upkeep
|turn|46
|
|t:|1760460451
|move|p1a: Zapdos|Volt Switch|p2a: Gliscor
|-supereffective|p2a: Gliscor
|-crit|p2a: Gliscor
|-damage|p2a: Gliscor|0 fnt
|faint|p2a: Gliscor
|
|win|TrentMercer
|raw|TrentMercer's rating: 1718 &rarr; <strong>1737</strong><br />(+19 for winning)
|raw|hauntersnightmare's rating: 1702 &rarr; <strong>1683</strong><br />(-19 for losing)
|l|☆hauntersnightmare
|player|p2|
|l|☆TrentMercer
|player|p1|
|l| dilf huntr
|l| Le Bouquetin
|l| wgw2333
