|j|☆MarxN64
|j|☆fa123
|t:|1760364486
|gametype|singles
|player|p1|MarxN64|gentleman-gen4|1180
|player|p2|fa123|red|1136
|gen|9
|tier|[Gen 9] OU
|rated|
|rule|HP Percentage Mod: HP is shown in percentages
|rule|Endless Battle Clause: Forcing endless battles is banned
|rule|Species Clause: Limit one of each Pokémon
|rule|OHKO Clause: OHKO moves are banned
|rule|Evasion Items Clause: Evasion items are banned
|rule|Evasion Moves Clause: Evasion moves are banned
|rule|Evasion Abilities Clause: Evasion abilities are banned
|rule|Sleep Moves Clause: Sleep-inducing moves are banned
|clearpoke
|poke|p1|Houndstone, F|
|poke|p1|Zamazenta-*|
|poke|p1|Suicune|
|poke|p1|Coalossal, F|
|poke|p1|Arcanine-Hisui, F|
|poke|p1|Okidogi, M|
|poke|p2|Ogerpon-Wellspring, F|
|poke|p2|Deoxys-Speed|
|poke|p2|Corviknight, F|
|poke|p2|Ceruledge, F|
|poke|p2|Heatran, M|
|poke|p2|Hydreigon, F|
|teampreview
|inactive|Battle timer is ON: inactive players will automatically lose when time's up. (requested by fa123)
|
|t:|1760364489
|teamsize|p1|6
|teamsize|p2|6
|start
|switch|p1a: Rudy|Houndstone, F, shiny|100/100
|switch|p2a: Deoxys|Deoxys-Speed|100/100
|-ability|p2a: Deoxys|Pressure
|turn|1
|
|t:|1760364495
|move|p2a: Deoxys|Taunt|p1a: Rudy
|-start|p1a: Rudy|move: Taunt
|move|p1a: Rudy|Night Shade|p2a: Deoxys
|-damage|p2a: Deoxys|68/100
|
|upkeep
|turn|2
|
|t:|1760364501
|move|p2a: Deoxys|Stealth Rock|p1a: Rudy
|-sidestart|p1: MarxN64|move: Stealth Rock
|move|p1a: Rudy|Night Shade|p2a: Deoxys
|-damage|p2a: Deoxys|35/100
|
|upkeep
|turn|3
|
|t:|1760364506
|move|p2a: Deoxys|Knock Off|p1a: Rudy
|-supereffective|p1a: Rudy
|-damage|p1a: Rudy|83/100
|-enditem|p1a: Rudy|Leftovers|[from] move: Knock Off|[of] p2a: Deoxys
|move|p1a: Rudy|Night Shade|p2a: Deoxys
|-damage|p2a: Deoxys|2/100
|
|-end|p1a: Rudy|move: Taunt
|upkeep
|turn|4
|
|t:|1760364516
|move|p2a: Deoxys|Taunt|p1a: Rudy
|-start|p1a: Rudy|move: Taunt
|move|p1a: Rudy|Night Shade|p2a: Deoxys
|-damage|p2a: Deoxys|0 fnt
|faint|p2a: Deoxys
|
|upkeep
|
|t:|1760364525
|switch|p2a: Ceruledge|Ceruledge, F|100/100
|turn|5
|
|t:|1760364529
|move|p2a: Ceruledge|Swords Dance|p2a: Ceruledge
|-boost|p2a: Ceruledge|atk|2
|move|p1a: Rudy|Night Shade|p2a: Ceruledge
|-damage|p2a: Ceruledge|66/100
|
|upkeep
|turn|6
|
|t:|1760364535
|move|p2a: Ceruledge|Swords Dance|p2a: Ceruledge
|-boost|p2a: Ceruledge|atk|2
|move|p1a: Rudy|Night Shade|p2a: Ceruledge
|-damage|p2a: Ceruledge|32/100
|
|-end|p1a: Rudy|move: Taunt
|upkeep
|turn|7
|
|t:|1760364541
|move|p2a: Ceruledge|Bitter Blade|p1a: Rudy
|-damage|p1a: Rudy|0 fnt
|-heal|p2a: Ceruledge|75/100|[from] drain|[of] p1a: Rudy
|faint|p1a: Rudy
|
|upkeep
|
|t:|1760364545
|switch|p1a: Coalossal|Coalossal, F|100/100
|-damage|p1a: Coalossal|76/100|[from] Stealth Rock
|turn|8
|
|t:|1760364550
|-terastallize|p1a: Coalossal|Water
|move|p2a: Ceruledge|Bitter Blade|p1a: Coalossal
|-resisted|p1a: Coalossal
|-damage|p1a: Coalossal|22/100
|-heal|p2a: Ceruledge|100/100|[from] drain|[of] p1a: Coalossal
|-ability|p1a: Coalossal|Steam Engine|boost
|-boost|p1a: Coalossal|spe|6
|move|p1a: Coalossal|Meteor Beam||[still]
|-prepare|p1a: Coalossal|Meteor Beam
|-boost|p1a: Coalossal|spa|1
|-enditem|p1a: Coalossal|Power Herb
|-anim|p1a: Coalossal|Meteor Beam|p2a: Ceruledge
|-supereffective|p2a: Ceruledge
|-enditem|p2a: Ceruledge|Focus Sash
|-damage|p2a: Ceruledge|1/100
|
|upkeep
|turn|9
|
|t:|1760364565
|move|p2a: Ceruledge|Shadow Sneak|p1a: Coalossal
|-damage|p1a: Coalossal|0 fnt
|faint|p1a: Coalossal
|
|upkeep
|
|t:|1760364569
|switch|p1a: Lassy|Suicune|100/100
|-damage|p1a: Lassy|88/100|[from] Stealth Rock
|-ability|p1a: Lassy|Pressure
|turn|10
|
|t:|1760364576
|move|p2a: Ceruledge|Flare Blitz|p1a: Lassy
|-resisted|p1a: Lassy
|-damage|p1a: Lassy|26/100
|-damage|p2a: Ceruledge|0 fnt|[from] Recoil
|faint|p2a: Ceruledge
|move|p1a: Lassy|Ice Beam|p2: Ceruledge|[notarget]
|-fail|p1a: Lassy
|
|upkeep
|
|t:|1760364584
|switch|p2a: Ogerpon|Ogerpon-Wellspring, F|100/100
|turn|11
|
|t:|1760364587
|move|p2a: Ogerpon|Horn Leech|p1a: Lassy
|-supereffective|p1a: Lassy
|-damage|p1a: Lassy|0 fnt
|faint|p1a: Lassy
|
|upkeep
|
|t:|1760364594
|switch|p1a: Rusty|Zamazenta|100/100
|-damage|p1a: Rusty|94/100|[from] Stealth Rock
|-ability|p1a: Rusty|Dauntless Shield|boost
|-boost|p1a: Rusty|def|1
|turn|12
|
|t:|1760364600
|move|p1a: Rusty|Focus Blast|p2a: Ogerpon
|-damage|p2a: Ogerpon|40/100
|move|p2a: Ogerpon|U-turn|p1a: Rusty
|-resisted|p1a: Rusty
|-damage|p1a: Rusty|85/100
|
|t:|1760364606
|switch|p2a: Hydreigon|Hydreigon, F|100/100|[from] U-turn
|
|upkeep
|turn|13
|
|t:|1760364613
|move|p1a: Rusty|Moonblast|p2a: Hydreigon
|-supereffective|p2a: Hydreigon
|-damage|p2a: Hydreigon|0 fnt
|faint|p2a: Hydreigon
|
|upkeep
|
|t:|1760364617
|switch|p2a: Heatran|Heatran, M|100/100
|turn|14
|
|t:|1760364620
|move|p2a: Heatran|Protect|p2a: Heatran
|-singleturn|p2a: Heatran|Protect
|move|p1a: Rusty|Focus Blast|p2a: Heatran
|-activate|p2a: Heatran|move: Protect
|
|upkeep
|turn|15
|
|t:|1760364626
|move|p1a: Rusty|Focus Blast|p2a: Heatran
|-supereffective|p2a: Heatran
|-damage|p2a: Heatran|21/100
|-unboost|p2a: Heatran|spd|1
|move|p2a: Heatran|Will-O-Wisp|p1a: Rusty
|-status|p1a: Rusty|brn
|
|-heal|p2a: Heatran|27/100|[from] item: Leftovers
|-damage|p1a: Rusty|79/100 brn|[from] brn
|upkeep
|turn|16
|
|t:|1760364641
|move|p2a: Heatran|Protect|p2a: Heatran
|-singleturn|p2a: Heatran|Protect
|move|p1a: Rusty|Focus Blast|p2a: Heatran
|-activate|p2a: Heatran|move: Protect
|
|-heal|p2a: Heatran|33/100|[from] item: Leftovers
|-damage|p1a: Rusty|73/100 brn|[from] brn
|upkeep
|turn|17
|
|t:|1760364651
|switch|p2a: Corviknight|Corviknight, F|100/100
|move|p1a: Rusty|Focus Blast|p2a: Corviknight
|-damage|p2a: Corviknight|55/100
|
|-heal|p2a: Corviknight|62/100|[from] item: Leftovers
|-damage|p1a: Rusty|67/100 brn|[from] brn
|upkeep
|turn|18
|
|t:|1760364660
|switch|p1a: Grommit|Okidogi, M|100/100
|-damage|p1a: Grommit|94/100|[from] Stealth Rock
|move|p2a: Corviknight|Brave Bird|p1a: Grommit
|-supereffective|p1a: Grommit
|-damage|p1a: Grommit|42/100
|-damage|p2a: Corviknight|47/100|[from] Recoil
|
|-heal|p1a: Grommit|48/100|[from] item: Black Sludge
|-heal|p2a: Corviknight|53/100|[from] item: Leftovers
|upkeep
|turn|19
|
|t:|1760364670
|move|p1a: Grommit|Drain Punch|p2a: Corviknight
|-damage|p2a: Corviknight|29/100
|-heal|p1a: Grommit|62/100|[from] drain|[of] p2a: Corviknight
|move|p2a: Corviknight|Brave Bird|p1a: Grommit
|-supereffective|p1a: Grommit
|-damage|p1a: Grommit|1/100
|-damage|p2a: Corviknight|11/100|[from] Recoil
|
|-heal|p1a: Grommit|7/100|[from] item: Black Sludge
|-heal|p2a: Corviknight|18/100|[from] item: Leftovers
|upkeep
|turn|20
|
|t:|1760364683
|move|p1a: Grommit|Drain Punch|p2a: Corviknight
|-damage|p2a: Corviknight|0 fnt
|-heal|p1a: Grommit|18/100|[from] drain|[of] p2a: Corviknight
|faint|p2a: Corviknight
|
|-heal|p1a: Grommit|24/100|[from] item: Black Sludge
|upkeep
|
|t:|1760364690
|switch|p2a: Ogerpon|Ogerpon-Wellspring, F|40/100
|turn|21
|
|t:|1760364693
|move|p2a: Ogerpon|Ivy Cudgel|p1a: Grommit|[anim] Ivy Cudgel Water
|-damage|p1a: Grommit|0 fnt
|faint|p1a: Grommit
|
|upkeep
|
|t:|1760364698
|switch|p1a: Butch|Arcanine-Hisui, F|100/100
|-damage|p1a: Butch|75/100|[from] Stealth Rock
|turn|22
|
|t:|1760364703
|move|p1a: Butch|Extreme Speed|p2a: Ogerpon
|-damage|p2a: Ogerpon|9/100
|move|p2a: Ogerpon|Ivy Cudgel|p1a: Butch|[anim] Ivy Cudgel Water
|-supereffective|p1a: Butch
|-damage|p1a: Butch|0 fnt
|faint|p1a: Butch
|
|upkeep
|
|t:|1760364709
|switch|p1a: Rusty|Zamazenta|67/100 brn
|-damage|p1a: Rusty|61/100 brn|[from] Stealth Rock
|turn|23
|
|t:|1760364713
|move|p2a: Ogerpon|Quick Attack|p1a: Rusty
|-damage|p1a: Rusty|46/100 brn
|move|p1a: Rusty|Moonblast|p2a: Ogerpon
|-damage|p2a: Ogerpon|0 fnt
|faint|p2a: Ogerpon
|
|-damage|p1a: Rusty|40/100 brn|[from] brn
|upkeep
|
|t:|1760364721
|switch|p2a: Heatran|Heatran, M|33/100
|turn|24
|
|t:|1760364726
|move|p2a: Heatran|Protect|p2a: Heatran
|-singleturn|p2a: Heatran|Protect
|move|p1a: Rusty|Focus Blast|p2a: Heatran
|-activate|p2a: Heatran|move: Protect
|
|-heal|p2a: Heatran|39/100|[from] item: Leftovers
|-damage|p1a: Rusty|34/100 brn|[from] brn
|upkeep
|turn|25
|
|t:|1760364737
|-terastallize|p2a: Heatran|Fire
|move|p1a: Rusty|Focus Blast|p2a: Heatran
|-damage|p2a: Heatran|2/100
|move|p2a: Heatran|Lava Plume|p1a: Rusty
|-damage|p1a: Rusty|0 fnt
|faint|p1a: Rusty
|
|win|fa123
|raw|MarxN64's rating: 1180 &rarr; <strong>1152</strong><br />(-28 for losing)
|raw|fa123's rating: 1136 &rarr; <strong>1164</strong><br />(+28 for winning)
|l|☆MarxN64
|player|p1|
|l|☆fa123
|player|p2|
