|badge|p2|bronze|gen9ou|100-7
|badge|p2|bronze|gen9randombattle|100-7
|uhtml|medal-msg|<div class="broadcast-blue">Curious what those medals under the avatar are? PS now has Ladder Seasons! For more information, check out the <a href="https://www.smogon.com/forums/threads/3740067/">thread on Smogon.</a></div>
|j|☆maackia=w=
|j|☆SpongeGar & Patar
|t:|1760322942
|gametype|singles
|player|p1|maackia=w=|miku-ghost|1737
|player|p2|SpongeGar & Patar|266|1860
|gen|9
|tier|[Gen 9] OU
|rated|
|rule|HP Percentage Mod: HP is shown in percentages
|rule|Endless Battle Clause: Forcing endless battles is banned
|rule|Species Clause: Limit one of each Pokémon
|rule|OHKO Clause: OHKO moves are banned
|rule|Evasion Items Clause: Evasion items are banned
|rule|Evasion Moves Clause: Evasion moves are banned
|rule|Evasion Abilities Clause: Evasion abilities are banned
|rule|Sleep Moves Clause: Sleep-inducing moves are banned
|clearpoke
|poke|p1|Samurott-Hisui, M|
|poke|p1|Ursaluna, F|
|poke|p1|Tinkaton, F|
|poke|p1|Dragonite, F|
|poke|p1|Sinistcha|
|poke|p1|Iron Valiant|
|poke|p2|Kyurem|
|poke|p2|Corviknight, F|
|poke|p2|Ting-Lu|
|poke|p2|Dondozo, M|
|poke|p2|Slowking-Galar, L99, F|
|poke|p2|Cinderace, M|
|teampreview
|inactive|Battle timer is ON: inactive players will automatically lose when time's up. (requested by maackia=w=)
|j| Rizzofreko
|inactive|SpongeGar & Patar has 120 seconds left.
|
|t:|1760322992
|teamsize|p1|6
|teamsize|p2|6
|start
|switch|p1a: Ursaluna|Ursaluna, F|100/100
|switch|p2a: Corviknight|Corviknight, F|100/100
|-ability|p2a: Corviknight|Pressure
|turn|1
|inactive|SpongeGar & Patar also wants the timer to be on.
|j| Ironboundmayhem
|inactive|SpongeGar & Patar has 120 seconds left.
|
|t:|1760323039
|move|p2a: Corviknight|Brave Bird|p1a: Ursaluna
|-damage|p1a: Ursaluna|75/100
|-damage|p2a: Corviknight|91/100|[from] Recoil
|move|p1a: Ursaluna|Body Slam|p2a: Corviknight
|-resisted|p2a: Corviknight
|-damage|p2a: Corviknight|79/100
|-status|p2a: Corviknight|par
|-damage|p1a: Ursaluna|58/100|[from] item: Rocky Helmet|[of] p2a: Corviknight
|
|-heal|p1a: Ursaluna|65/100|[from] item: Leftovers
|upkeep
|turn|2
|c| Rizzofreko|Start slaves
|c| Rizzofreko|Now
|inactive|SpongeGar & Patar has 90 seconds left.
|c| Rizzofreko|Now
|l| Ironboundmayhem
|
|t:|1760323091
|switch|p1a: Tinkaton|Tinkaton, F|100/100
|-ability|p1a: Tinkaton|Mold Breaker
|move|p2a: Corviknight|U-turn|p1a: Tinkaton
|-resisted|p1a: Tinkaton
|-damage|p1a: Tinkaton|96/100
|inactive|SpongeGar & Patar has 60 seconds left.
|c| Rizzofreko|Dont you here me slaves
|inactive|SpongeGar & Patar has 30 seconds left.
|inactive|SpongeGar & Patar has 20 seconds left.
|
|t:|1760323142
|switch|p2a: Cinderace|Cinderace, M|100/100|[from] U-turn
|
|upkeep
|turn|3
|inactive|SpongeGar & Patar has 30 seconds left this turn.
|
|t:|1760323153
|switch|p1a: Dragonite|Dragonite, F|100/100
|move|p2a: Cinderace|Pyro Ball|p1a: Dragonite
|-resisted|p1a: Dragonite
|-damage|p1a: Dragonite|89/100
|
|upkeep
|turn|4
|inactive|SpongeGar & Patar has 30 seconds left.
|l| Rizzofreko
|
|t:|1760323164
|switch|p1a: Ursaluna|Ursaluna, F|65/100
|move|p2a: Cinderace|U-turn|p1a: Ursaluna
|-damage|p1a: Ursaluna|52/100
|inactive|SpongeGar & Patar has 30 seconds left this turn.
|j| mmqqqqqq
|l| mmqqqqqq
|
|t:|1760323174
|switch|p2a: Kyurem|Kyurem|100/100|[from] U-turn
|-ability|p2a: Kyurem|Pressure
|
|-heal|p1a: Ursaluna|58/100|[from] item: Leftovers
|upkeep
|turn|5
|inactive|SpongeGar & Patar has 30 seconds left.
|
|t:|1760323184
|switch|p1a: Tinkaton|Tinkaton, F|96/100
|-ability|p1a: Tinkaton|Mold Breaker
|move|p2a: Kyurem|Freeze-Dry|p1a: Tinkaton
|-resisted|p1a: Tinkaton
|-damage|p1a: Tinkaton|81/100
|
|upkeep
|turn|6
|inactive|SpongeGar & Patar has 30 seconds left.
|inactive|maackia=w= has 120 seconds left.
|
|t:|1760323215
|-terastallize|p2a: Kyurem|Ground
|move|p2a: Kyurem|Earth Power|p1a: Tinkaton
|-supereffective|p1a: Tinkaton
|-damage|p1a: Tinkaton|0 fnt
|faint|p1a: Tinkaton
|
|upkeep
|inactive|maackia=w= has 120 seconds left.
|
|t:|1760323237
|switch|p1a: Samurott|Samurott-Hisui, M|100/100
|turn|7
|
|t:|1760323258
|switch|p1a: Sinistcha|Sinistcha|100/100
|move|p2a: Kyurem|Freeze-Dry|p1a: Sinistcha
|-supereffective|p1a: Sinistcha
|-damage|p1a: Sinistcha|21/100
|-status|p1a: Sinistcha|frz
|
|upkeep
|turn|8
|
|t:|1760323268
|move|p2a: Kyurem|Freeze-Dry|p1a: Sinistcha
|-supereffective|p1a: Sinistcha
|-damage|p1a: Sinistcha|0 fnt
|faint|p1a: Sinistcha
|
|upkeep
|
|t:|1760323271
|switch|p1a: Samurott|Samurott-Hisui, M|100/100
|turn|9
|
|t:|1760323281
|move|p2a: Kyurem|Freeze-Dry|p1a: Samurott
|-supereffective|p1a: Samurott
|-damage|p1a: Samurott|3/100
|move|p1a: Samurott|Ceaseless Edge|p2a: Kyurem
|-damage|p2a: Kyurem|58/100
|-sidestart|p2: SpongeGar & Patar|Spikes
|
|-heal|p2a: Kyurem|64/100|[from] item: Leftovers
|upkeep
|turn|10
|
|t:|1760323292
|move|p2a: Kyurem|Protect|p2a: Kyurem
|-singleturn|p2a: Kyurem|Protect
|move|p1a: Samurott|Aqua Jet|p2a: Kyurem
|-activate|p2a: Kyurem|move: Protect
|
|-heal|p2a: Kyurem|70/100|[from] item: Leftovers
|upkeep
|turn|11
|inactive|maackia=w= has 120 seconds left.
|
|t:|1760323302
|move|p1a: Samurott|Aqua Jet|p2a: Kyurem
|-supereffective|p2a: Kyurem
|-damage|p2a: Kyurem|39/100
|move|p2a: Kyurem|Freeze-Dry|p1a: Samurott
|-supereffective|p1a: Samurott
|-damage|p1a: Samurott|0 fnt
|faint|p1a: Samurott
|
|-heal|p2a: Kyurem|45/100|[from] item: Leftovers
|upkeep
|
|t:|1760323305
|switch|p1a: Iron Valiant|Iron Valiant|100/100
|-enditem|p1a: Iron Valiant|Booster Energy
|-activate|p1a: Iron Valiant|ability: Quark Drive|[fromitem]
|-start|p1a: Iron Valiant|quarkdrivespe
|turn|12
|-message|maackia=w= forfeited.
|
|win|SpongeGar & Patar
|raw|maackia=w='s rating: 1737 &rarr; <strong>1724</strong><br />(-13 for losing)
|raw|SpongeGar &amp; Patar's rating: 1860 &rarr; <strong>1873</strong><br />(+13 for winning)
|l|☆maackia=w=
|player|p1|
|l|☆SpongeGar & Patar
|player|p2|
