|j|☆xdye
|j|☆clorox man
|t:|1760381024
|gametype|singles
|player|p1|xdye|iris-gen5bw2|1747
|player|p2|clorox man|clown|1837
|gen|9
|tier|[Gen 9] OU
|rated|
|rule|HP Percentage Mod: HP is shown in percentages
|rule|Endless Battle Clause: Forcing endless battles is banned
|rule|Species Clause: Limit one of each Pokémon
|rule|OHKO Clause: OHKO moves are banned
|rule|Evasion Items Clause: Evasion items are banned
|rule|Evasion Moves Clause: Evasion moves are banned
|rule|Evasion Abilities Clause: Evasion abilities are banned
|rule|Sleep Moves Clause: Sleep-inducing moves are banned
|clearpoke
|poke|p1|Blissey, F|
|poke|p1|Gliscor, F|
|poke|p1|Mandibuzz, F|
|poke|p1|Pecharunt|
|poke|p1|Talonflame, M|
|poke|p1|Toxapex, M|
|poke|p2|Slowking-Galar, M|
|poke|p2|Ting-Lu|
|poke|p2|Dragapult, M|
|poke|p2|Weezing-Galar, M|
|poke|p2|Kingambit, F|
|poke|p2|Moltres|
|teampreview
|c|☆xdye|hf
|
|t:|1760381035
|teamsize|p1|6
|teamsize|p2|6
|start
|switch|p1a: Gliscor|Gliscor, F|100/100
|switch|p2a: Ting-Lu|Ting-Lu|100/100
|-ability|p2a: Ting-Lu|Vessel of Ruin
|turn|1
|
|t:|1760381040
|move|p1a: Gliscor|Knock Off|p2a: Ting-Lu
|-resisted|p2a: Ting-Lu
|-damage|p2a: Ting-Lu|95/100
|-enditem|p2a: Ting-Lu|Leftovers|[from] move: Knock Off|[of] p1a: Gliscor
|move|p2a: Ting-Lu|Ruination|p1a: Gliscor
|-damage|p1a: Gliscor|50/100
|
|-status|p1a: Gliscor|tox|[from] item: Toxic Orb
|upkeep
|turn|2
|
|t:|1760381049
|switch|p2a: Weezing|Weezing-Galar, M|100/100
|-ability|p2a: Weezing|Neutralizing Gas
|move|p1a: Gliscor|Spikes|p2a: Weezing
|-sidestart|p2: clorox man|Spikes
|
|-damage|p1a: Gliscor|44/100 tox|[from] psn
|upkeep
|turn|3
|
|t:|1760381062
|switch|p1a: Talonflame|Talonflame, M|100/100
|move|p2a: Weezing|Defog|p1a: Talonflame
|-unboost|p1a: Talonflame|evasion|1
|-sideend|p2: clorox man|Spikes|[from] move: Defog|[of] p2a: Weezing
|
|upkeep
|turn|4
|
|t:|1760381070
|-end|p2a: Weezing|ability: Neutralizing Gas
|switch|p2a: Slowking|Slowking-Galar, M|100/100
|move|p1a: Talonflame|Will-O-Wisp|p2a: Slowking
|-status|p2a: Slowking|brn
|
|-damage|p2a: Slowking|94/100 brn|[from] brn
|upkeep
|turn|5
|
|t:|1760381077
|switch|p1a: Toxapex|Toxapex, M|100/100
|move|p2a: Slowking|Toxic|p1a: Toxapex
|-immune|p1a: Toxapex
|
|-damage|p2a: Slowking|88/100 brn|[from] brn
|upkeep
|turn|6
|
|t:|1760381086
|move|p1a: Toxapex|Infestation|p2a: Slowking
|-damage|p2a: Slowking|87/100 brn
|-activate|p2a: Slowking|move: Infestation|[of] p1a: Toxapex
|move|p2a: Slowking|Psychic Noise|p1a: Toxapex
|-supereffective|p1a: Toxapex
|-damage|p1a: Toxapex|63/100
|-start|p1a: Toxapex|move: Heal Block
|
|-damage|p2a: Slowking|80/100 brn|[from] brn
|-damage|p2a: Slowking|68/100 brn|[from] move: Infestation|[partiallytrapped]
|upkeep
|turn|7
|
|t:|1760381108
|switch|p1a: Blissey|Blissey, F|100/100
|move|p2a: Slowking|Sludge Bomb|p1a: Blissey
|-damage|p1a: Blissey|91/100
|
|-damage|p2a: Slowking|62/100 brn|[from] brn
|-end|p2a: Slowking|Infestation|[partiallytrapped]|[silent]
|upkeep
|turn|8
|
|t:|1760381115
|move|p1a: Blissey|Stealth Rock|p2a: Slowking
|-sidestart|p2: clorox man|move: Stealth Rock
|move|p2a: Slowking|Toxic|p1a: Blissey
|-status|p1a: Blissey|tox
|
|-damage|p1a: Blissey|85/100 tox|[from] psn
|-damage|p2a: Slowking|56/100 brn|[from] brn
|upkeep
|turn|9
|
|t:|1760381121
|-curestatus|p1a: Blissey|tox|[from] ability: Natural Cure
|switch|p1a: Toxapex|Toxapex, M|96/100
|switch|p2a: Weezing|Weezing-Galar, M|100/100
|-ability|p2a: Weezing|Neutralizing Gas
|
|upkeep
|turn|10
|
|t:|1760381129
|-end|p2a: Weezing|ability: Neutralizing Gas
|switch|p2a: Slowking|Slowking-Galar, M|89/100 brn
|move|p1a: Toxapex|Infestation|p2a: Slowking
|-damage|p2a: Slowking|87/100 brn
|-activate|p2a: Slowking|move: Infestation|[of] p1a: Toxapex
|
|-damage|p2a: Slowking|81/100 brn|[from] brn
|-damage|p2a: Slowking|69/100 brn|[from] move: Infestation|[partiallytrapped]
|upkeep
|turn|11
|
|t:|1760381137
|switch|p1a: Blissey|Blissey, F|85/100
|move|p2a: Slowking|Psychic Noise|p1a: Blissey
|-damage|p1a: Blissey|75/100
|-start|p1a: Blissey|move: Heal Block
|
|-damage|p2a: Slowking|63/100 brn|[from] brn
|-end|p2a: Slowking|Infestation|[partiallytrapped]|[silent]
|upkeep
|turn|12
|
|t:|1760381144
|switch|p1a: Talonflame|Talonflame, M|100/100
|-prepare|p2a: Slowking|Chilly Reception|[premajor]
|move|p2a: Slowking|Chilly Reception|p2a: Slowking
|-weather|Snowscape
|
|t:|1760381157
|switch|p2a: Dragapult|Dragapult, M|100/100|[from] Chilly Reception
|-damage|p2a: Dragapult|88/100|[from] Stealth Rock
|
|-weather|Snowscape|[upkeep]
|upkeep
|turn|13
|
|t:|1760381165
|switch|p1a: Toxapex|Toxapex, M|100/100
|move|p2a: Dragapult|Draco Meteor|p1a: Toxapex
|-damage|p1a: Toxapex|49/100
|-unboost|p2a: Dragapult|spa|2
|
|-weather|Snowscape|[upkeep]
|upkeep
|turn|14
|
|t:|1760381180
|switch|p2a: Weezing|Weezing-Galar, M|100/100
|-ability|p2a: Weezing|Neutralizing Gas
|move|p1a: Toxapex|Recover|p1a: Toxapex
|-heal|p1a: Toxapex|99/100
|
|-weather|Snowscape|[upkeep]
|upkeep
|turn|15
|
|t:|1760381188
|move|p2a: Weezing|Defog|p1a: Toxapex
|-unboost|p1a: Toxapex|evasion|1
|-sideend|p2: clorox man|Stealth Rock|[from] move: Defog|[of] p2a: Weezing
|move|p1a: Toxapex|Infestation|p2a: Weezing
|-resisted|p2a: Weezing
|-damage|p2a: Weezing|99/100
|-activate|p2a: Weezing|move: Infestation|[of] p1a: Toxapex
|
|-weather|Snowscape|[upkeep]
|-damage|p2a: Weezing|87/100|[from] move: Infestation|[partiallytrapped]
|upkeep
|turn|16
|
|t:|1760381191
|move|p2a: Weezing|Will-O-Wisp|p1a: Toxapex
|-status|p1a: Toxapex|brn
|move|p1a: Toxapex|Infestation|p2a: Weezing
|-resisted|p2a: Weezing
|-damage|p2a: Weezing|86/100
|
|-weather|none
|-damage|p1a: Toxapex|93/100 brn|[from] brn
|-damage|p2a: Weezing|74/100|[from] move: Infestation|[partiallytrapped]
|upkeep
|turn|17
|
|t:|1760381198
|move|p2a: Weezing|Defog|p1a: Toxapex
|-unboost|p1a: Toxapex|evasion|1
|move|p1a: Toxapex|Haze|p1a: Toxapex
|-clearallboost
|
|-damage|p1a: Toxapex|87/100 brn|[from] brn
|-damage|p2a: Weezing|62/100|[from] move: Infestation|[partiallytrapped]
|upkeep
|turn|18
|
|t:|1760381205
|move|p2a: Weezing|Defog|p1a: Toxapex
|-unboost|p1a: Toxapex|evasion|1
|move|p1a: Toxapex|Haze|p1a: Toxapex
|-clearallboost
|
|-damage|p1a: Toxapex|81/100 brn|[from] brn
|-damage|p2a: Weezing|49/100|[from] move: Infestation|[partiallytrapped]
|upkeep
|turn|19
|
|t:|1760381209
|move|p2a: Weezing|Pain Split|p1a: Toxapex
|-sethp|p1a: Toxapex|67/100 brn|[from] move: Pain Split|[silent]
|-sethp|p2a: Weezing|61/100|[from] move: Pain Split
|move|p1a: Toxapex|Haze|p1a: Toxapex
|-clearallboost
|
|-damage|p1a: Toxapex|62/100 brn|[from] brn
|-damage|p2a: Weezing|49/100|[from] move: Infestation|[partiallytrapped]
|upkeep
|turn|20
|
|t:|1760381218
|move|p2a: Weezing|Sludge Bomb|p1a: Toxapex
|-resisted|p1a: Toxapex
|-damage|p1a: Toxapex|54/100 brn
|move|p1a: Toxapex|Infestation|p2a: Weezing
|-resisted|p2a: Weezing
|-damage|p2a: Weezing|48/100
|
|-damage|p1a: Toxapex|48/100 brn|[from] brn
|-end|p2a: Weezing|Infestation|[partiallytrapped]
|upkeep
|turn|21
|
|t:|1760381233
|-end|p2a: Weezing|ability: Neutralizing Gas
|switch|p2a: Kingambit|Kingambit, F|100/100
|move|p1a: Toxapex|Infestation|p2a: Kingambit
|-damage|p2a: Kingambit|98/100
|-activate|p2a: Kingambit|move: Infestation|[of] p1a: Toxapex
|
|-heal|p2a: Kingambit|100/100|[from] item: Leftovers
|-damage|p1a: Toxapex|42/100 brn|[from] brn
|-damage|p2a: Kingambit|88/100|[from] move: Infestation|[partiallytrapped]
|upkeep
|turn|22
|
|t:|1760381240
|switch|p1a: Mandibuzz|Mandibuzz, F|100/100
|move|p2a: Kingambit|Swords Dance|p2a: Kingambit
|-boost|p2a: Kingambit|atk|2
|
|-heal|p2a: Kingambit|94/100|[from] item: Leftovers
|-end|p2a: Kingambit|Infestation|[partiallytrapped]|[silent]
|upkeep
|turn|23
|
|t:|1760381247
|-end|p2a: Kingambit|fallenundefined|[silent]
|switch|p2a: Weezing|Weezing-Galar, M|48/100
|-ability|p2a: Weezing|Neutralizing Gas
|move|p1a: Mandibuzz|Foul Play|p2a: Weezing
|-resisted|p2a: Weezing
|-crit|p2a: Weezing
|-damage|p2a: Weezing|38/100
|
|upkeep
|turn|24
|
|t:|1760381253
|switch|p1a: Toxapex|Toxapex, M|75/100 brn
|move|p2a: Weezing|Pain Split|p1a: Toxapex
|-sethp|p1a: Toxapex|58/100 brn|[from] move: Pain Split|[silent]
|-sethp|p2a: Weezing|53/100|[from] move: Pain Split
|
|-damage|p1a: Toxapex|52/100 brn|[from] brn
|upkeep
|turn|25
|
|t:|1760381265
|-end|p2a: Weezing|ability: Neutralizing Gas
|switch|p2a: Slowking|Slowking-Galar, M|96/100 brn
|move|p1a: Toxapex|Infestation|p2a: Slowking
|-damage|p2a: Slowking|94/100 brn
|-activate|p2a: Slowking|move: Infestation|[of] p1a: Toxapex
|
|-damage|p1a: Toxapex|46/100 brn|[from] brn
|-damage|p2a: Slowking|88/100 brn|[from] brn
|-damage|p2a: Slowking|76/100 brn|[from] move: Infestation|[partiallytrapped]
|upkeep
|turn|26
|
|t:|1760381275
|switch|p1a: Blissey|Blissey, F|75/100
|move|p2a: Slowking|Psychic Noise|p1a: Blissey
|-damage|p1a: Blissey|66/100
|-start|p1a: Blissey|move: Heal Block
|
|-damage|p2a: Slowking|70/100 brn|[from] brn
|-end|p2a: Slowking|Infestation|[partiallytrapped]|[silent]
|upkeep
|turn|27
|
|t:|1760381286
|move|p1a: Blissey|Stealth Rock|p2a: Slowking
|-sidestart|p2: clorox man|move: Stealth Rock
|move|p2a: Slowking|Toxic|p1a: Blissey
|-status|p1a: Blissey|tox
|
|-damage|p1a: Blissey|60/100 tox|[from] psn
|-damage|p2a: Slowking|63/100 brn|[from] brn
|-end|p1a: Blissey|move: Heal Block
|upkeep
|turn|28
|
|t:|1760381292
|-curestatus|p1a: Blissey|tox|[from] ability: Natural Cure
|switch|p1a: Gliscor|Gliscor, F|44/100 tox
|switch|p2a: Weezing|Weezing-Galar, M|53/100
|-ability|p2a: Weezing|Neutralizing Gas
|
|-damage|p1a: Gliscor|38/100 tox|[from] psn
|upkeep
|turn|29
|
|t:|1760381303
|move|p1a: Gliscor|Earthquake|p2a: Weezing
|-supereffective|p2a: Weezing
|-damage|p2a: Weezing|8/100
|move|p2a: Weezing|Defog|p1a: Gliscor
|-unboost|p1a: Gliscor|evasion|1
|-sideend|p2: clorox man|Stealth Rock|[from] move: Defog|[of] p2a: Weezing
|
|-damage|p1a: Gliscor|25/100 tox|[from] psn
|upkeep
|turn|30
|
|t:|1760381321
|-end|p2a: Weezing|ability: Neutralizing Gas
|switch|p2a: Ting-Lu|Ting-Lu|95/100
|-ability|p2a: Ting-Lu|Vessel of Ruin
|move|p1a: Gliscor|Earthquake|p2a: Ting-Lu
|-damage|p2a: Ting-Lu|76/100
|
|-heal|p1a: Gliscor|38/100 tox|[from] ability: Poison Heal
|upkeep
|turn|31
|
|t:|1760381332
|move|p1a: Gliscor|Earthquake|p2a: Ting-Lu
|-damage|p2a: Ting-Lu|58/100
|move|p2a: Ting-Lu|Stealth Rock|p1a: Gliscor
|-sidestart|p1: xdye|move: Stealth Rock
|
|-heal|p1a: Gliscor|50/100 tox|[from] ability: Poison Heal
|upkeep
|turn|32
|
|t:|1760381339
|move|p1a: Gliscor|Earthquake|p2a: Ting-Lu
|-damage|p2a: Ting-Lu|39/100
|move|p2a: Ting-Lu|Whirlwind|p1a: Gliscor
|drag|p1a: Blissey|Blissey, F|60/100
|
|upkeep
|turn|33
|
|t:|1760381350
|switch|p1a: Gliscor|Gliscor, F|50/100 tox
|-damage|p1a: Gliscor|38/100 tox|[from] Stealth Rock
|switch|p2a: Slowking|Slowking-Galar, M|97/100 brn
|
|-heal|p1a: Gliscor|50/100 tox|[from] ability: Poison Heal
|-damage|p2a: Slowking|91/100 brn|[from] brn
|upkeep
|turn|34
|
|t:|1760381364
|move|p1a: Gliscor|Knock Off|p2a: Slowking
|-supereffective|p2a: Slowking
|-damage|p2a: Slowking|43/100 brn
|-enditem|p2a: Slowking|Heavy-Duty Boots|[from] move: Knock Off|[of] p1a: Gliscor
|move|p2a: Slowking|Psychic Noise|p1a: Gliscor
|-damage|p1a: Gliscor|24/100 tox
|-start|p1a: Gliscor|move: Heal Block
|
|-damage|p2a: Slowking|37/100 brn|[from] brn
|upkeep
|turn|35
|
|t:|1760381371
|switch|p2a: Ting-Lu|Ting-Lu|39/100
|-ability|p2a: Ting-Lu|Vessel of Ruin
|move|p1a: Gliscor|Earthquake|p2a: Ting-Lu
|-damage|p2a: Ting-Lu|23/100
|
|-end|p1a: Gliscor|move: Heal Block
|upkeep
|turn|36
|
|t:|1760381375
|move|p1a: Gliscor|Earthquake|p2a: Ting-Lu
|-damage|p2a: Ting-Lu|4/100
|move|p2a: Ting-Lu|Whirlwind|p1a: Gliscor
|drag|p1a: Toxapex|Toxapex, M|80/100 brn
|
|-damage|p1a: Toxapex|74/100 brn|[from] brn
|upkeep
|turn|37
|
|t:|1760381386
|move|p1a: Toxapex|Infestation|p2a: Ting-Lu
|-supereffective|p2a: Ting-Lu
|-damage|p2a: Ting-Lu|2/100
|-activate|p2a: Ting-Lu|move: Infestation|[of] p1a: Toxapex
|move|p2a: Ting-Lu|Whirlwind|p1a: Toxapex
|drag|p1a: Pecharunt|Pecharunt|100/100
|
|-end|p2a: Ting-Lu|Infestation|[partiallytrapped]|[silent]
|upkeep
|turn|38
|
|t:|1760381396
|move|p1a: Pecharunt|Foul Play|p2a: Ting-Lu
|-resisted|p2a: Ting-Lu
|-damage|p2a: Ting-Lu|0 fnt
|faint|p2a: Ting-Lu
|
|upkeep
|
|t:|1760381401
|switch|p2a: Dragapult|Dragapult, M|88/100
|turn|39
|
|t:|1760381408
|switch|p1a: Toxapex|Toxapex, M|100/100 brn
|move|p2a: Dragapult|U-turn|p1a: Toxapex
|-resisted|p1a: Toxapex
|-damage|p1a: Toxapex|94/100 brn
|
|t:|1760381423
|switch|p2a: Weezing|Weezing-Galar, M|8/100|[from] U-turn
|-ability|p2a: Weezing|Neutralizing Gas
|
|-damage|p1a: Toxapex|88/100 brn|[from] brn
|upkeep
|turn|40
|
|t:|1760381427
|move|p2a: Weezing|Pain Split|p1a: Toxapex
|-sethp|p1a: Toxapex|48/100 brn|[from] move: Pain Split|[silent]
|-sethp|p2a: Weezing|44/100|[from] move: Pain Split
|move|p1a: Toxapex|Infestation|p2a: Weezing
|-resisted|p2a: Weezing
|-damage|p2a: Weezing|43/100
|-activate|p2a: Weezing|move: Infestation|[of] p1a: Toxapex
|
|-damage|p1a: Toxapex|42/100 brn|[from] brn
|-damage|p2a: Weezing|31/100|[from] move: Infestation|[partiallytrapped]
|upkeep
|turn|41
|
|t:|1760381433
|move|p2a: Weezing|Sludge Bomb|p1a: Toxapex
|-resisted|p1a: Toxapex
|-damage|p1a: Toxapex|33/100 brn
|move|p1a: Toxapex|Infestation|p2a: Weezing
|-resisted|p2a: Weezing
|-damage|p2a: Weezing|30/100
|
|-damage|p1a: Toxapex|27/100 brn|[from] brn
|-damage|p2a: Weezing|18/100|[from] move: Infestation|[partiallytrapped]
|upkeep
|turn|42
|
|t:|1760381451
|move|p2a: Weezing|Sludge Bomb|p1a: Toxapex
|-resisted|p1a: Toxapex
|-damage|p1a: Toxapex|19/100 brn
|move|p1a: Toxapex|Infestation|p2a: Weezing
|-resisted|p2a: Weezing
|-damage|p2a: Weezing|17/100
|
|-damage|p1a: Toxapex|13/100 brn|[from] brn
|-damage|p2a: Weezing|5/100|[from] move: Infestation|[partiallytrapped]
|upkeep
|turn|43
|
|t:|1760381463
|move|p2a: Weezing|Pain Split|p1a: Toxapex
|-sethp|p1a: Toxapex|9/100 brn|[from] move: Pain Split|[silent]
|-sethp|p2a: Weezing|8/100|[from] move: Pain Split
|move|p1a: Toxapex|Recover|p1a: Toxapex
|-heal|p1a: Toxapex|59/100 brn
|
|-damage|p1a: Toxapex|53/100 brn|[from] brn
|-damage|p2a: Weezing|0 fnt|[from] move: Infestation|[partiallytrapped]
|faint|p2a: Weezing
|-end|p2a: Weezing|ability: Neutralizing Gas
|upkeep
|
|t:|1760381473
|switch|p2a: Kingambit|Kingambit, F|94/100
|-activate|p2a: Kingambit|ability: Supreme Overlord
|-start|p2a: Kingambit|fallen2|[silent]
|turn|44
|
|t:|1760381476
|switch|p1a: Mandibuzz|Mandibuzz, F|100/100
|move|p2a: Kingambit|Swords Dance|p2a: Kingambit
|-boost|p2a: Kingambit|atk|2
|
|-heal|p2a: Kingambit|99/100|[from] item: Leftovers
|upkeep
|turn|45
|
|t:|1760381479
|move|p1a: Mandibuzz|Iron Defense|p1a: Mandibuzz
|-boost|p1a: Mandibuzz|def|2
|move|p2a: Kingambit|Iron Head|p1a: Mandibuzz
|-damage|p1a: Mandibuzz|69/100
|
|-heal|p2a: Kingambit|100/100|[from] item: Leftovers
|upkeep
|turn|46
|
|t:|1760381491
|-end|p2a: Kingambit|fallen2|[silent]
|switch|p2a: Slowking|Slowking-Galar, M|70/100 brn
|move|p1a: Mandibuzz|Iron Defense|p1a: Mandibuzz
|-boost|p1a: Mandibuzz|def|2
|
|-damage|p2a: Slowking|64/100 brn|[from] brn
|upkeep
|turn|47
|
|t:|1760381499
|switch|p1a: Toxapex|Toxapex, M|87/100 brn
|move|p2a: Slowking|Toxic||[still]
|-fail|p2a: Slowking
|
|-damage|p1a: Toxapex|81/100 brn|[from] brn
|-damage|p2a: Slowking|58/100 brn|[from] brn
|upkeep
|turn|48
|
|t:|1760381502
|move|p1a: Toxapex|Infestation|p2a: Slowking
|-damage|p2a: Slowking|56/100 brn
|-activate|p2a: Slowking|move: Infestation|[of] p1a: Toxapex
|move|p2a: Slowking|Psychic Noise|p1a: Toxapex
|-supereffective|p1a: Toxapex
|-damage|p1a: Toxapex|44/100 brn
|-start|p1a: Toxapex|move: Heal Block
|
|-damage|p1a: Toxapex|38/100 brn|[from] brn
|-damage|p2a: Slowking|50/100 brn|[from] brn
|-damage|p2a: Slowking|38/100 brn|[from] move: Infestation|[partiallytrapped]
|upkeep
|turn|49
|
|t:|1760381509
|switch|p1a: Blissey|Blissey, F|60/100
|-prepare|p2a: Slowking|Chilly Reception|[premajor]
|move|p2a: Slowking|Chilly Reception|p2a: Slowking
|-weather|Snowscape
|
|t:|1760381513
|switch|p2a: Kingambit|Kingambit, F|100/100|[from] Chilly Reception
|-activate|p2a: Kingambit|ability: Supreme Overlord
|-start|p2a: Kingambit|fallen2|[silent]
|
|-weather|Snowscape|[upkeep]
|upkeep
|turn|50
|
|t:|1760381517
|switch|p1a: Mandibuzz|Mandibuzz, F|69/100
|move|p2a: Kingambit|Swords Dance|p2a: Kingambit
|-boost|p2a: Kingambit|atk|2
|
|-weather|Snowscape|[upkeep]
|upkeep
|turn|51
|
|t:|1760381523
|move|p1a: Mandibuzz|Iron Defense|p1a: Mandibuzz
|-boost|p1a: Mandibuzz|def|2
|move|p2a: Kingambit|Iron Head|p1a: Mandibuzz
|-damage|p1a: Mandibuzz|37/100
|
|-weather|Snowscape|[upkeep]
|upkeep
|turn|52
|
|t:|1760381527
|-end|p2a: Kingambit|fallen2|[silent]
|switch|p2a: Dragapult|Dragapult, M|88/100
|move|p1a: Mandibuzz|Roost|p1a: Mandibuzz
|-heal|p1a: Mandibuzz|87/100
|-singleturn|p1a: Mandibuzz|move: Roost
|
|-weather|Snowscape|[upkeep]
|upkeep
|turn|53
|
|t:|1760381532
|switch|p1a: Toxapex|Toxapex, M|72/100 brn
|move|p2a: Dragapult|U-turn|p1a: Toxapex
|-resisted|p1a: Toxapex
|-damage|p1a: Toxapex|66/100 brn
|
|t:|1760381536
|switch|p2a: Kingambit|Kingambit, F|100/100|[from] U-turn
|-activate|p2a: Kingambit|ability: Supreme Overlord
|-start|p2a: Kingambit|fallen2|[silent]
|
|-weather|none
|-damage|p1a: Toxapex|60/100 brn|[from] brn
|upkeep
|turn|54
|
|t:|1760381540
|switch|p1a: Mandibuzz|Mandibuzz, F|87/100
|move|p2a: Kingambit|Swords Dance|p2a: Kingambit
|-boost|p2a: Kingambit|atk|2
|
|upkeep
|turn|55
|
|t:|1760381543
|move|p1a: Mandibuzz|Iron Defense|p1a: Mandibuzz
|-boost|p1a: Mandibuzz|def|2
|move|p2a: Kingambit|Iron Head|p1a: Mandibuzz
|-damage|p1a: Mandibuzz|54/100
|
|upkeep
|turn|56
|
|t:|1760381548
|-end|p2a: Kingambit|fallen2|[silent]
|switch|p2a: Moltres|Moltres|100/100
|move|p1a: Mandibuzz|Toxic|p2a: Moltres
|-status|p2a: Moltres|tox
|
|-damage|p2a: Moltres|94/100 tox|[from] psn
|upkeep
|turn|57
|
|t:|1760381553
|switch|p1a: Talonflame|Talonflame, M|100/100
|move|p2a: Moltres|Will-O-Wisp|p1a: Talonflame
|-immune|p1a: Talonflame
|
|-damage|p2a: Moltres|82/100 tox|[from] psn
|upkeep
|turn|58
|
|t:|1760381559
|switch|p2a: Slowking|Slowking-Galar, M|71/100 brn
|move|p1a: Talonflame|Defog|p2a: Slowking
|-unboost|p2a: Slowking|evasion|1
|-sideend|p1: xdye|Stealth Rock|[from] move: Defog|[of] p1a: Talonflame
|
|-damage|p2a: Slowking|65/100 brn|[from] brn
|upkeep
|turn|59
|
|t:|1760381568
|switch|p1a: Toxapex|Toxapex, M|93/100 brn
|move|p2a: Slowking|Psychic Noise|p1a: Toxapex
|-supereffective|p1a: Toxapex
|-damage|p1a: Toxapex|57/100 brn
|-start|p1a: Toxapex|move: Heal Block
|
|-damage|p1a: Toxapex|51/100 brn|[from] brn
|-damage|p2a: Slowking|59/100 brn|[from] brn
|upkeep
|turn|60
|
|t:|1760381576
|switch|p1a: Blissey|Blissey, F|60/100
|move|p2a: Slowking|Psychic Noise|p1a: Blissey
|-damage|p1a: Blissey|52/100
|-start|p1a: Blissey|move: Heal Block
|
|-damage|p2a: Slowking|53/100 brn|[from] brn
|upkeep
|turn|61
|
|t:|1760381581
|switch|p2a: Kingambit|Kingambit, F|100/100
|-activate|p2a: Kingambit|ability: Supreme Overlord
|-start|p2a: Kingambit|fallen2|[silent]
|move|p1a: Blissey|Stealth Rock|p2a: Kingambit
|-sidestart|p2: clorox man|move: Stealth Rock
|
|-end|p1a: Blissey|move: Heal Block
|upkeep
|turn|62
|
|t:|1760381586
|switch|p1a: Mandibuzz|Mandibuzz, F|54/100
|move|p2a: Kingambit|Swords Dance|p2a: Kingambit
|-boost|p2a: Kingambit|atk|2
|
|upkeep
|turn|63
|
|t:|1760381592
|move|p1a: Mandibuzz|Iron Defense|p1a: Mandibuzz
|-boost|p1a: Mandibuzz|def|2
|move|p2a: Kingambit|Iron Head|p1a: Mandibuzz
|-damage|p1a: Mandibuzz|20/100
|
|upkeep
|turn|64
|
|t:|1760381596
|move|p1a: Mandibuzz|Roost|p1a: Mandibuzz
|-heal|p1a: Mandibuzz|70/100
|-singleturn|p1a: Mandibuzz|move: Roost
|move|p2a: Kingambit|Iron Head|p1a: Mandibuzz
|-damage|p1a: Mandibuzz|38/100
|
|upkeep
|turn|65
|
|t:|1760381603
|-end|p2a: Kingambit|fallen2|[silent]
|switch|p2a: Moltres|Moltres|82/100 tox
|move|p1a: Mandibuzz|Roost|p1a: Mandibuzz
|-heal|p1a: Mandibuzz|88/100
|-singleturn|p1a: Mandibuzz|move: Roost
|
|-damage|p2a: Moltres|76/100 tox|[from] psn
|upkeep
|turn|66
|
|t:|1760381610
|switch|p2a: Slowking|Slowking-Galar, M|86/100 brn
|-damage|p2a: Slowking|74/100 brn|[from] Stealth Rock
|switch|p1a: Toxapex|Toxapex, M|85/100 brn
|
|-damage|p1a: Toxapex|79/100 brn|[from] brn
|-damage|p2a: Slowking|68/100 brn|[from] brn
|upkeep
|turn|67
|
|t:|1760381619
|move|p1a: Toxapex|Infestation|p2a: Slowking
|-damage|p2a: Slowking|66/100 brn
|-activate|p2a: Slowking|move: Infestation|[of] p1a: Toxapex
|-prepare|p2a: Slowking|Chilly Reception|[premajor]
|move|p2a: Slowking|Chilly Reception|p2a: Slowking
|-weather|Snowscape
|
|t:|1760381623
|switch|p2a: Kingambit|Kingambit, F|100/100|[from] Chilly Reception
|-damage|p2a: Kingambit|94/100|[from] Stealth Rock
|-activate|p2a: Kingambit|ability: Supreme Overlord
|-start|p2a: Kingambit|fallen2|[silent]
|
|-weather|Snowscape|[upkeep]
|-heal|p2a: Kingambit|100/100|[from] item: Leftovers
|-damage|p1a: Toxapex|73/100 brn|[from] brn
|upkeep
|turn|68
|
|t:|1760381626
|switch|p1a: Mandibuzz|Mandibuzz, F|88/100
|move|p2a: Kingambit|Swords Dance|p2a: Kingambit
|-boost|p2a: Kingambit|atk|2
|
|-weather|Snowscape|[upkeep]
|upkeep
|turn|69
|
|t:|1760381630
|move|p1a: Mandibuzz|Foul Play|p2a: Kingambit
|-resisted|p2a: Kingambit
|-damage|p2a: Kingambit|58/100
|move|p2a: Kingambit|Iron Head|p1a: Mandibuzz
|-damage|p1a: Mandibuzz|27/100
|
|-weather|Snowscape|[upkeep]
|-heal|p2a: Kingambit|65/100|[from] item: Leftovers
|upkeep
|turn|70
|
|t:|1760381636
|switch|p1a: Talonflame|Talonflame, M|100/100
|move|p2a: Kingambit|Iron Head|p1a: Talonflame
|-resisted|p1a: Talonflame
|-damage|p1a: Talonflame|51/100
|
|-weather|Snowscape|[upkeep]
|-heal|p2a: Kingambit|71/100|[from] item: Leftovers
|upkeep
|turn|71
|
|t:|1760381654
|-terastallize|p2a: Kingambit|Fire
|move|p1a: Talonflame|Will-O-Wisp|p2a: Kingambit
|-immune|p2a: Kingambit
|move|p2a: Kingambit|Kowtow Cleave|p1a: Talonflame
|-damage|p1a: Talonflame|0 fnt
|faint|p1a: Talonflame
|
|-weather|none
|-heal|p2a: Kingambit|77/100|[from] item: Leftovers
|upkeep
|
|t:|1760381667
|switch|p1a: Pecharunt|Pecharunt|100/100
|turn|72
|
|t:|1760381672
|-end|p2a: Kingambit|fallen2|[silent]
|switch|p2a: Slowking|Slowking-Galar, M|99/100 brn
|-damage|p2a: Slowking|87/100 brn|[from] Stealth Rock
|-terastallize|p1a: Pecharunt|Dark
|move|p1a: Pecharunt|Foul Play|p2a: Slowking
|-supereffective|p2a: Slowking
|-damage|p2a: Slowking|51/100 brn
|
|-damage|p2a: Slowking|45/100 brn|[from] brn
|upkeep
|turn|73
|j| Jimmy Powka
|
|t:|1760381685
|switch|p1a: Gliscor|Gliscor, F|24/100 tox
|move|p2a: Slowking|Toxic|p1a: Gliscor
|-fail|p1a: Gliscor|tox
|
|-heal|p1a: Gliscor|36/100 tox|[from] ability: Poison Heal
|-damage|p2a: Slowking|39/100 brn|[from] brn
|upkeep
|turn|74
|
|t:|1760381692
|switch|p2a: Moltres|Moltres|76/100 tox
|move|p1a: Gliscor|Earthquake|p2a: Moltres
|-immune|p2a: Moltres
|
|-heal|p1a: Gliscor|49/100 tox|[from] ability: Poison Heal
|-damage|p2a: Moltres|70/100 tox|[from] psn
|upkeep
|turn|75
|
|t:|1760381699
|move|p1a: Gliscor|Spikes|p2a: Moltres
|-sidestart|p2: clorox man|Spikes
|move|p2a: Moltres|Flamethrower|p1a: Gliscor
|-damage|p1a: Gliscor|14/100 tox
|
|-heal|p1a: Gliscor|27/100 tox|[from] ability: Poison Heal
|-damage|p2a: Moltres|58/100 tox|[from] psn
|upkeep
|turn|76
|
|t:|1760381702
|move|p1a: Gliscor|Protect|p1a: Gliscor
|-singleturn|p1a: Gliscor|Protect
|move|p2a: Moltres|Roar|p1a: Gliscor
|drag|p1a: Mandibuzz|Mandibuzz, F|27/100
|
|-damage|p2a: Moltres|40/100 tox|[from] psn
|upkeep
|turn|77
|
|t:|1760381708
|switch|p1a: Toxapex|Toxapex, M|100/100 brn
|move|p2a: Moltres|Flamethrower|p1a: Toxapex
|-resisted|p1a: Toxapex
|-damage|p1a: Toxapex|88/100 brn
|
|-damage|p2a: Moltres|16/100 tox|[from] psn
|-damage|p1a: Toxapex|82/100 brn|[from] brn
|upkeep
|turn|78
|
|t:|1760381716
|switch|p2a: Slowking|Slowking-Galar, M|72/100 brn
|-damage|p2a: Slowking|60/100 brn|[from] Stealth Rock
|-damage|p2a: Slowking|47/100 brn|[from] Spikes
|move|p1a: Toxapex|Infestation|p2a: Slowking
|-damage|p2a: Slowking|45/100 brn
|-activate|p2a: Slowking|move: Infestation|[of] p1a: Toxapex
|
|-damage|p1a: Toxapex|76/100 brn|[from] brn
|-damage|p2a: Slowking|39/100 brn|[from] brn
|-damage|p2a: Slowking|27/100 brn|[from] move: Infestation|[partiallytrapped]
|upkeep
|turn|79
|
|t:|1760381726
|switch|p1a: Mandibuzz|Mandibuzz, F|27/100
|-prepare|p2a: Slowking|Chilly Reception|[premajor]
|move|p2a: Slowking|Chilly Reception|p2a: Slowking
|-weather|Snowscape
|
|t:|1760381731
|switch|p2a: Dragapult|Dragapult, M|88/100|[from] Chilly Reception
|-damage|p2a: Dragapult|76/100|[from] Stealth Rock
|-damage|p2a: Dragapult|64/100|[from] Spikes
|
|-weather|Snowscape|[upkeep]
|upkeep
|turn|80
|
|t:|1760381734
|switch|p1a: Toxapex|Toxapex, M|100/100 brn
|move|p2a: Dragapult|Draco Meteor|p1a: Toxapex
|-damage|p1a: Toxapex|44/100 brn
|-unboost|p2a: Dragapult|spa|2
|
|-weather|Snowscape|[upkeep]
|-damage|p1a: Toxapex|38/100 brn|[from] brn
|upkeep
|turn|81
|
|t:|1760381741
|switch|p2a: Moltres|Moltres|16/100 tox
|move|p1a: Toxapex|Recover|p1a: Toxapex
|-heal|p1a: Toxapex|88/100 brn
|
|-weather|Snowscape|[upkeep]
|-damage|p2a: Moltres|10/100 tox|[from] psn
|-damage|p1a: Toxapex|82/100 brn|[from] brn
|upkeep
|turn|82
|
|t:|1760381748
|switch|p1a: Blissey|Blissey, F|52/100
|move|p2a: Moltres|Roost|p2a: Moltres
|-heal|p2a: Moltres|61/100 tox
|-singleturn|p2a: Moltres|move: Roost
|
|-weather|Snowscape|[upkeep]
|-damage|p2a: Moltres|49/100 tox|[from] psn
|upkeep
|turn|83
|
|t:|1760381753
|switch|p2a: Slowking|Slowking-Galar, M|60/100 brn
|-damage|p2a: Slowking|48/100 brn|[from] Stealth Rock
|-damage|p2a: Slowking|35/100 brn|[from] Spikes
|switch|p1a: Toxapex|Toxapex, M|100/100 brn
|
|-weather|none
|-damage|p1a: Toxapex|95/100 brn|[from] brn
|-damage|p2a: Slowking|29/100 brn|[from] brn
|upkeep
|turn|84
|
|t:|1760381757
|move|p1a: Toxapex|Infestation|p2a: Slowking
|-damage|p2a: Slowking|27/100 brn
|-activate|p2a: Slowking|move: Infestation|[of] p1a: Toxapex
|move|p2a: Slowking|Psychic Noise|p1a: Toxapex
|-supereffective|p1a: Toxapex
|-damage|p1a: Toxapex|56/100 brn
|-start|p1a: Toxapex|move: Heal Block
|
|-damage|p1a: Toxapex|50/100 brn|[from] brn
|-damage|p2a: Slowking|21/100 brn|[from] brn
|-damage|p2a: Slowking|9/100 brn|[from] move: Infestation|[partiallytrapped]
|upkeep
|turn|85
|
|t:|1760381764
|move|p1a: Toxapex|Infestation|p2a: Slowking
|-damage|p2a: Slowking|7/100 brn
|-prepare|p2a: Slowking|Chilly Reception|[premajor]
|move|p2a: Slowking|Chilly Reception|p2a: Slowking
|-weather|Snowscape
|
|t:|1760381767
|switch|p2a: Kingambit|Kingambit, F, tera:Fire|77/100|[from] Chilly Reception
|-damage|p2a: Kingambit|52/100|[from] Stealth Rock
|-damage|p2a: Kingambit|39/100|[from] Spikes
|-activate|p2a: Kingambit|ability: Supreme Overlord
|-start|p2a: Kingambit|fallen2|[silent]
|
|-weather|Snowscape|[upkeep]
|-heal|p2a: Kingambit|45/100|[from] item: Leftovers
|-damage|p1a: Toxapex|44/100 brn|[from] brn
|-end|p1a: Toxapex|move: Heal Block
|upkeep
|turn|86
|
|t:|1760381774
|switch|p1a: Pecharunt|Pecharunt, tera:Dark|100/100
|move|p2a: Kingambit|Swords Dance|p2a: Kingambit
|-boost|p2a: Kingambit|atk|2
|
|-weather|Snowscape|[upkeep]
|-heal|p2a: Kingambit|52/100|[from] item: Leftovers
|upkeep
|turn|87
|
|t:|1760381781
|move|p1a: Pecharunt|Foul Play|p2a: Kingambit
|-damage|p2a: Kingambit|0 fnt
|faint|p2a: Kingambit
|-end|p2a: Kingambit|fallen2|[silent]
|
|-weather|Snowscape|[upkeep]
|upkeep
|-message|clorox man forfeited.
|
|win|xdye
|raw|xdye's rating: 1747 &rarr; <strong>1772</strong><br />(+25 for winning)
|raw|clorox man's rating: 1837 &rarr; <strong>1812</strong><br />(-25 for losing)
|l|☆clorox man
|player|p2|
|l|☆xdye
|player|p1|
