|j|☆dr. drake6782
|j|☆ivon_neeeeeee
|t:|1760332494
|gametype|singles
|player|p1|dr. drake6782|hilbert-masters|1564
|player|p2|ivon_neeeeeee|acetrainerf|1563
|gen|9
|tier|[Gen 9] OU
|rated|
|rule|HP Percentage Mod: HP is shown in percentages
|rule|Endless Battle Clause: Forcing endless battles is banned
|rule|Species Clause: Limit one of each Pokémon
|rule|OHKO Clause: OHKO moves are banned
|rule|Evasion Items Clause: Evasion items are banned
|rule|Evasion Moves Clause: Evasion moves are banned
|rule|Evasion Abilities Clause: Evasion abilities are banned
|rule|Sleep Moves Clause: Sleep-inducing moves are banned
|clearpoke
|poke|p1|Gholdengo|
|poke|p1|Ceruledge, F|
|poke|p1|Enamorus, F|
|poke|p1|Ribombee, F|
|poke|p1|Quaquaval, F|
|poke|p1|Iron Treads|
|poke|p2|Iron Valiant|
|poke|p2|Klefki, F|
|poke|p2|Alomomola, F|
|poke|p2|Great Tusk|
|poke|p2|Kingambit, F|
|poke|p2|Gliscor, M|
|teampreview
|inactive|Battle timer is ON: inactive players will automatically lose when time's up. (requested by dr. drake6782)
|
|t:|1760332513
|teamsize|p1|6
|teamsize|p2|6
|start
|switch|p1a: Ribombee|Ribombee, F, shiny|100/100
|switch|p2a: Klefki|Klefki, F|100/100
|turn|1
|
|t:|1760332520
|move|p2a: Klefki|Thunder Wave|p1a: Ribombee
|-status|p1a: Ribombee|par
|move|p1a: Ribombee|Skill Swap|p2a: Klefki
|-activate|p1a: Ribombee|move: Skill Swap|Prankster|Shield Dust|[of] p2a: Klefki
|
|upkeep
|turn|2
|
|t:|1760332527
|move|p1a: Ribombee|Stun Spore|p2a: Klefki
|-status|p2a: Klefki|par
|cant|p2a: Klefki|par
|
|upkeep
|turn|3
|
|t:|1760332534
|move|p1a: Ribombee|Sticky Web|p2a: Klefki
|-sidestart|p2: ivon_neeeeeee|move: Sticky Web
|move|p2a: Klefki|Spikes|p1a: Ribombee
|-sidestart|p1: dr. drake6782|Spikes
|
|upkeep
|turn|4
|
|t:|1760332541
|switch|p1a: Iron Treads|Iron Treads|100/100
|-damage|p1a: Iron Treads|88/100|[from] Spikes
|-enditem|p1a: Iron Treads|Booster Energy
|-activate|p1a: Iron Treads|ability: Quark Drive|[fromitem]
|-start|p1a: Iron Treads|quarkdriveatk
|switch|p2a: Gliscor|Gliscor, M|100/100
|
|-status|p2a: Gliscor|tox|[from] item: Toxic Orb
|upkeep
|turn|5
|
|t:|1760332553
|switch|p2a: Klefki|Klefki, F|100/100 par
|-activate|p2a: Klefki|move: Sticky Web
|-unboost|p2a: Klefki|spe|1
|move|p1a: Iron Treads|Rapid Spin|p2a: Klefki
|-resisted|p2a: Klefki
|-damage|p2a: Klefki|91/100 par
|-boost|p1a: Iron Treads|spe|1
|-damage|p1a: Iron Treads|72/100|[from] item: Rocky Helmet|[of] p2a: Klefki
|-sideend|p1: dr. drake6782|Spikes|[from] move: Rapid Spin|[of] p1a: Iron Treads
|
|upkeep
|turn|6
|
|t:|1760332563
|move|p2a: Klefki|Magnet Rise|p2a: Klefki
|-start|p2a: Klefki|Magnet Rise
|move|p1a: Iron Treads|Earthquake|p2a: Klefki
|-immune|p2a: Klefki
|
|upkeep
|turn|7
|
|t:|1760332572
|move|p1a: Iron Treads|Earthquake|p2a: Klefki
|-immune|p2a: Klefki
|move|p2a: Klefki|Foul Play|p1a: Iron Treads
|-damage|p1a: Iron Treads|44/100
|
|upkeep
|turn|8
|
|t:|1760332579
|-end|p1a: Iron Treads|Quark Drive|[silent]
|switch|p1a: Ceruledge|Ceruledge, F|100/100
|move|p2a: Klefki|Foul Play|p1a: Ceruledge
|-supereffective|p1a: Ceruledge
|-crit|p1a: Ceruledge
|-enditem|p1a: Ceruledge|Focus Sash
|-damage|p1a: Ceruledge|1/100
|-ability|p1a: Ceruledge|Weak Armor|boost
|-unboost|p1a: Ceruledge|def|1
|-boost|p1a: Ceruledge|spe|2
|
|upkeep
|turn|9
|
|t:|1760332592
|move|p2a: Klefki|Thunder Wave|p1a: Ceruledge
|-status|p1a: Ceruledge|par
|move|p1a: Ceruledge|Bitter Blade|p2a: Klefki
|-supereffective|p2a: Klefki
|-damage|p2a: Klefki|10/100 par
|-heal|p1a: Ceruledge|46/100 par|[from] drain|[of] p2a: Klefki
|-damage|p1a: Ceruledge|29/100 par|[from] item: Rocky Helmet|[of] p2a: Klefki
|
|upkeep
|turn|10
|
|t:|1760332602
|switch|p2a: Alomomola|Alomomola, F|100/100
|cant|p1a: Ceruledge|par
|
|upkeep
|turn|11
|
|t:|1760332608
|move|p1a: Ceruledge|Poltergeist|p2a: Alomomola
|-activate|p2a: Alomomola|move: Poltergeist|Heavy-Duty Boots
|-damage|p2a: Alomomola|71/100
|move|p2a: Alomomola|Wish|p2a: Alomomola
|
|upkeep
|turn|12
|
|t:|1760332615
|move|p1a: Ceruledge|Poltergeist|p2a: Alomomola
|-activate|p2a: Alomomola|move: Poltergeist|Heavy-Duty Boots
|-damage|p2a: Alomomola|35/100
|move|p2a: Alomomola|Flip Turn|p1a: Ceruledge
|-supereffective|p1a: Ceruledge
|-damage|p1a: Ceruledge|0 fnt
|faint|p1a: Ceruledge
|
|t:|1760332624
|switch|p2a: Klefki|Klefki, F|10/100 par|[from] Flip Turn
|-activate|p2a: Klefki|move: Sticky Web
|-unboost|p2a: Klefki|spe|1
|
|-heal|p2a: Klefki|94/100 par|[from] move: Wish|[wisher] Alomomola
|upkeep
|inactive|dr. drake6782 has 120 seconds left.
|
|t:|1760332658
|switch|p1a: Gholdengo|Gholdengo|100/100
|-item|p1a: Gholdengo|Air Balloon
|turn|13
|
|t:|1760332669
|switch|p2a: Gliscor|Gliscor, M|100/100 tox
|move|p1a: Gholdengo|Nasty Plot|p1a: Gholdengo
|-boost|p1a: Gholdengo|spa|2
|
|upkeep
|turn|14
|
|t:|1760332680
|move|p1a: Gholdengo|Make It Rain|p2a: Gliscor
|-damage|p2a: Gliscor|0 fnt
|-unboost|p1a: Gholdengo|spa|1
|faint|p2a: Gliscor
|
|upkeep
|
|t:|1760332687
|switch|p2a: Kingambit|Kingambit, F|100/100
|-activate|p2a: Kingambit|move: Sticky Web
|-unboost|p2a: Kingambit|spe|1
|-activate|p2a: Kingambit|ability: Supreme Overlord
|-start|p2a: Kingambit|fallen1|[silent]
|turn|15
|
|t:|1760332704
|switch|p1a: Quaquaval|Quaquaval, F|100/100
|move|p2a: Kingambit|Swords Dance|p2a: Kingambit
|-boost|p2a: Kingambit|atk|2
|
|upkeep
|turn|16
|
|t:|1760332716
|-end|p2a: Kingambit|fallen1|[silent]
|switch|p2a: Alomomola|Alomomola, F|68/100
|move|p1a: Quaquaval|Close Combat|p2a: Alomomola
|-damage|p2a: Alomomola|34/100
|-unboost|p1a: Quaquaval|def|1
|-unboost|p1a: Quaquaval|spd|1
|
|upkeep
|turn|17
|
|t:|1760332725
|switch|p2a: Iron Valiant|Iron Valiant|100/100
|-activate|p2a: Iron Valiant|move: Sticky Web
|-unboost|p2a: Iron Valiant|spe|1
|move|p1a: Quaquaval|Close Combat|p2a: Iron Valiant
|-resisted|p2a: Iron Valiant
|-damage|p2a: Iron Valiant|63/100
|-unboost|p1a: Quaquaval|def|1
|-unboost|p1a: Quaquaval|spd|1
|
|upkeep
|turn|18
|
|t:|1760332735
|switch|p1a: Iron Treads|Iron Treads|44/100
|move|p2a: Iron Valiant|Shadow Ball|p1a: Iron Treads
|-damage|p1a: Iron Treads|0 fnt
|faint|p1a: Iron Treads
|-end|p1a: Iron Treads|Quark Drive|[silent]
|
|upkeep
|inactive|dr. drake6782 has 120 seconds left.
|
|t:|1760332776
|switch|p1a: Enamorus|Enamorus, F|100/100
|turn|19
|
|t:|1760332783
|-end|p2a: Iron Valiant|Quark Drive|[silent]
|switch|p2a: Klefki|Klefki, F|94/100 par
|-activate|p2a: Klefki|move: Sticky Web
|-unboost|p2a: Klefki|spe|1
|move|p1a: Enamorus|Moonblast|p2a: Klefki
|-resisted|p2a: Klefki
|-damage|p2a: Klefki|53/100 par
|
|upkeep
|turn|20
|
|t:|1760332795
|switch|p1a: Gholdengo|Gholdengo|100/100
|-item|p1a: Gholdengo|Air Balloon
|move|p2a: Klefki|Foul Play|p1a: Gholdengo
|-supereffective|p1a: Gholdengo
|-damage|p1a: Gholdengo|76/100
|-enditem|p1a: Gholdengo|Air Balloon
|
|upkeep
|turn|21
|
|t:|1760332806
|switch|p2a: Kingambit|Kingambit, F|100/100
|-activate|p2a: Kingambit|move: Sticky Web
|-unboost|p2a: Kingambit|spe|1
|-activate|p2a: Kingambit|ability: Supreme Overlord
|-start|p2a: Kingambit|fallen1|[silent]
|move|p1a: Gholdengo|Make It Rain|p2a: Kingambit
|-resisted|p2a: Kingambit
|-damage|p2a: Kingambit|62/100
|-unboost|p1a: Gholdengo|spa|1
|
|-heal|p2a: Kingambit|68/100|[from] item: Leftovers
|upkeep
|turn|22
|
|t:|1760332820
|switch|p1a: Quaquaval|Quaquaval, F|100/100
|-end|p2a: Kingambit|fallen1|[silent]
|switch|p2a: Great Tusk|Great Tusk|100/100
|
|upkeep
|turn|23
|
|t:|1760332831
|-terastallize|p2a: Great Tusk|Steel
|move|p2a: Great Tusk|Rapid Spin|p1a: Quaquaval
|-damage|p1a: Quaquaval|78/100
|-boost|p2a: Great Tusk|spe|1
|-sideend|p2: ivon_neeeeeee|Sticky Web|[from] move: Rapid Spin|[of] p2a: Great Tusk
|move|p1a: Quaquaval|Aqua Step|p2a: Great Tusk
|-damage|p2a: Great Tusk|73/100
|-boost|p1a: Quaquaval|spe|1
|
|upkeep
|turn|24
|
|t:|1760332842
|move|p2a: Great Tusk|Rapid Spin|p1a: Quaquaval
|-damage|p1a: Quaquaval|53/100
|-boost|p2a: Great Tusk|spe|1
|move|p1a: Quaquaval|Close Combat|p2a: Great Tusk
|-supereffective|p2a: Great Tusk
|-damage|p2a: Great Tusk|0 fnt
|-unboost|p1a: Quaquaval|def|1
|-unboost|p1a: Quaquaval|spd|1
|faint|p2a: Great Tusk
|-end|p2a: Great Tusk|Protosynthesis|[silent]
|-ability|p1a: Quaquaval|Moxie|boost
|-boost|p1a: Quaquaval|atk|1
|
|upkeep
|
|t:|1760332853
|switch|p2a: Iron Valiant|Iron Valiant|63/100
|turn|25
|
|t:|1760332875
|move|p2a: Iron Valiant|Vacuum Wave|p1a: Quaquaval
|-damage|p1a: Quaquaval|6/100
|move|p1a: Quaquaval|Aqua Step|p2a: Iron Valiant
|-damage|p2a: Iron Valiant|0 fnt
|-boost|p1a: Quaquaval|spe|1
|faint|p2a: Iron Valiant
|-end|p2a: Iron Valiant|Quark Drive|[silent]
|-ability|p1a: Quaquaval|Moxie|boost
|-boost|p1a: Quaquaval|atk|1
|
|upkeep
|
|t:|1760332893
|switch|p2a: Kingambit|Kingambit, F|68/100
|-activate|p2a: Kingambit|ability: Supreme Overlord
|-start|p2a: Kingambit|fallen3|[silent]
|turn|26
|
|t:|1760332908
|move|p2a: Kingambit|Sucker Punch|p1a: Quaquaval
|-resisted|p1a: Quaquaval
|-damage|p1a: Quaquaval|0 fnt
|faint|p1a: Quaquaval
|
|-heal|p2a: Kingambit|74/100|[from] item: Leftovers
|upkeep
|
|t:|1760332911
|switch|p1a: Enamorus|Enamorus, F|100/100
|turn|27
|
|t:|1760332917
|-terastallize|p1a: Enamorus|Stellar
|move|p1a: Enamorus|Moonblast|p2a: Kingambit
|-damage|p2a: Kingambit|0 fnt
|faint|p2a: Kingambit
|-end|p2a: Kingambit|fallen3|[silent]
|
|upkeep
|
|t:|1760332924
|switch|p2a: Klefki|Klefki, F|53/100 par
|turn|28
|c|☆dr. drake6782|gg\
|
|t:|1760332930
|switch|p1a: Gholdengo|Gholdengo|76/100
|move|p2a: Klefki|Thunder Wave|p1a: Gholdengo
|-immune|p1a: Gholdengo|[from] ability: Good as Gold
|
|upkeep
|turn|29
|-message|ivon_neeeeeee forfeited.
|
|win|dr. drake6782
|raw|dr. drake6782's rating: 1564 &rarr; <strong>1584</strong><br />(+20 for winning)
|raw|ivon_neeeeeee's rating: 1563 &rarr; <strong>1543</strong><br />(-20 for losing)
|l|☆ivon_neeeeeee
|player|p2|
|l|☆dr. drake6782
|player|p1|
