|j|☆Lolproplayer
|j|☆nmx123
|t:|1760348501
|gametype|singles
|player|p1|Lolproplayer|101|1670
|player|p2|nmx123|102|1690
|gen|9
|tier|[Gen 9] OU
|rated|
|rule|HP Percentage Mod: HP is shown in percentages
|rule|Endless Battle Clause: Forcing endless battles is banned
|rule|Species Clause: Limit one of each Pokémon
|rule|OHKO Clause: OHKO moves are banned
|rule|Evasion Items Clause: Evasion items are banned
|rule|Evasion Moves Clause: Evasion moves are banned
|rule|Evasion Abilities Clause: Evasion abilities are banned
|rule|Sleep Moves Clause: Sleep-inducing moves are banned
|clearpoke
|poke|p1|Ursaluna, F|
|poke|p1|Cresselia, F|
|poke|p1|Iron Hands|
|poke|p1|Volcanion|
|poke|p1|Hatterene, F|
|poke|p1|Porygon2|
|poke|p2|Dragonite, M|
|poke|p2|Zamazenta-*|
|poke|p2|Gholdengo|
|poke|p2|Raging Bolt|
|poke|p2|Ninetales-Alola, F|
|poke|p2|Great Tusk|
|teampreview
|inactive|Battle timer is ON: inactive players will automatically lose when time's up. (requested by nmx123)
|
|t:|1760348513
|teamsize|p1|6
|teamsize|p2|6
|start
|switch|p1a: Volcanion|Volcanion|100/100
|switch|p2a: Ninetales|Ninetales-Alola, F|100/100
|-weather|Snowscape|[from] ability: Snow Warning|[of] p2a: Ninetales
|turn|1
|j| Rizzofreko
|
|t:|1760348521
|move|p2a: Ninetales|Aurora Veil|p2a: Ninetales
|-sidestart|p2: nmx123|move: Aurora Veil
|move|p1a: Volcanion|Flamethrower|p2a: Ninetales
|-supereffective|p2a: Ninetales
|-damage|p2a: Ninetales|21/100
|
|-weather|Snowscape|[upkeep]
|upkeep
|turn|2
|
|t:|1760348536
|switch|p2a: Raging Bolt|Raging Bolt|100/100
|switch|p1a: Ursaluna|Ursaluna, F|100/100
|
|-weather|Snowscape|[upkeep]
|-status|p1a: Ursaluna|brn|[from] item: Flame Orb
|upkeep
|turn|3
|
|t:|1760348546
|move|p2a: Raging Bolt|Weather Ball|p1a: Ursaluna
|-supereffective|p1a: Ursaluna
|-damage|p1a: Ursaluna|6/100 brn
|-damage|p2a: Raging Bolt|91/100|[from] item: Life Orb
|move|p1a: Ursaluna|Facade|p2a: Raging Bolt
|-damage|p2a: Raging Bolt|37/100
|
|-weather|Snowscape|[upkeep]
|-damage|p1a: Ursaluna|0 fnt|[from] brn
|faint|p1a: Ursaluna
|upkeep
|
|t:|1760348557
|switch|p1a: Porygon2|Porygon2|100/100
|-ability|p1a: Porygon2|Download|boost
|-boost|p1a: Porygon2|spa|1
|turn|4
|
|t:|1760348564
|move|p2a: Raging Bolt|Draco Meteor|p1a: Porygon2
|-damage|p1a: Porygon2|33/100
|-unboost|p2a: Raging Bolt|spa|2
|-damage|p2a: Raging Bolt|27/100|[from] item: Life Orb
|move|p1a: Porygon2|Trick Room|p1a: Porygon2
|-fieldstart|move: Trick Room|[of] p1a: Porygon2
|
|-weather|Snowscape|[upkeep]
|upkeep
|turn|5
|
|t:|1760348573
|-end|p2a: Raging Bolt|Protosynthesis|[silent]
|switch|p2a: Dragonite|Dragonite, M|100/100
|move|p1a: Porygon2|Ice Beam|p2a: Dragonite
|-supereffective|p2a: Dragonite
|-damage|p2a: Dragonite|63/100
|
|-weather|none
|upkeep
|turn|6
|
|t:|1760348581
|move|p2a: Dragonite|Extreme Speed|p1a: Porygon2
|-damage|p1a: Porygon2|1/100
|move|p1a: Porygon2|Ice Beam|p2a: Dragonite
|-supereffective|p2a: Dragonite
|-damage|p2a: Dragonite|0 fnt
|faint|p2a: Dragonite
|
|upkeep
|
|t:|1760348589
|switch|p2a: Great Tusk|Great Tusk|100/100
|turn|7
|
|t:|1760348593
|move|p1a: Porygon2|Ice Beam|p2a: Great Tusk
|-supereffective|p2a: Great Tusk
|-damage|p2a: Great Tusk|64/100
|move|p2a: Great Tusk|Rapid Spin|p1a: Porygon2
|-damage|p1a: Porygon2|0 fnt
|-boost|p2a: Great Tusk|spe|1
|faint|p1a: Porygon2
|
|upkeep
|
|t:|1760348603
|switch|p1a: Volcanion|Volcanion|100/100
|turn|8
|
|t:|1760348616
|move|p1a: Volcanion|Steam Eruption|p2a: Great Tusk
|-supereffective|p2a: Great Tusk
|-damage|p2a: Great Tusk|0 fnt
|faint|p2a: Great Tusk
|-end|p2a: Great Tusk|Protosynthesis|[silent]
|
|-sideend|p2: nmx123|move: Aurora Veil
|-fieldend|move: Trick Room
|upkeep
|
|t:|1760348619
|switch|p2a: Raging Bolt|Raging Bolt|27/100
|turn|9
|
|t:|1760348628
|switch|p1a: Cresselia|Cresselia, F|100/100
|move|p2a: Raging Bolt|Thunderbolt|p1a: Cresselia
|-damage|p1a: Cresselia|63/100
|-damage|p2a: Raging Bolt|17/100|[from] item: Life Orb
|
|upkeep
|turn|10
|
|t:|1760348637
|-end|p2a: Raging Bolt|Protosynthesis|[silent]
|switch|p2a: Gholdengo|Gholdengo|100/100
|move|p1a: Cresselia|Trick Room|p1a: Cresselia
|-fieldstart|move: Trick Room|[of] p1a: Cresselia
|
|upkeep
|turn|11
|
|t:|1760348643
|switch|p1a: Volcanion|Volcanion|100/100
|move|p2a: Gholdengo|Shadow Ball|p1a: Volcanion
|-damage|p1a: Volcanion|57/100
|
|upkeep
|turn|12
|
|t:|1760348650
|switch|p2a: Ninetales|Ninetales-Alola, F|21/100
|-weather|Snowscape|[from] ability: Snow Warning|[of] p2a: Ninetales
|move|p1a: Volcanion|Steam Eruption|p2a: Ninetales
|-damage|p2a: Ninetales|0 fnt
|faint|p2a: Ninetales
|
|-weather|Snowscape|[upkeep]
|upkeep
|
|t:|1760348652
|switch|p2a: Raging Bolt|Raging Bolt|17/100
|turn|13
|
|t:|1760348680
|switch|p1a: Iron Hands|Iron Hands|100/100
|-enditem|p1a: Iron Hands|Booster Energy
|-activate|p1a: Iron Hands|ability: Quark Drive|[fromitem]
|-start|p1a: Iron Hands|quarkdriveatk
|move|p2a: Raging Bolt|Thunderclap||[still]
|-fail|p2a: Raging Bolt
|
|-weather|Snowscape|[upkeep]
|upkeep
|turn|14
|
|t:|1760348693
|-end|p2a: Raging Bolt|Protosynthesis|[silent]
|switch|p2a: Zamazenta|Zamazenta|100/100
|-ability|p2a: Zamazenta|Dauntless Shield|boost
|-boost|p2a: Zamazenta|def|1
|move|p1a: Iron Hands|Ice Punch|p2a: Zamazenta
|-damage|p2a: Zamazenta|84/100
|
|-weather|Snowscape|[upkeep]
|-heal|p2a: Zamazenta|90/100|[from] item: Leftovers
|-fieldend|move: Trick Room
|upkeep
|turn|15
|
|t:|1760348704
|-end|p1a: Iron Hands|Quark Drive|[silent]
|switch|p1a: Cresselia|Cresselia, F|63/100
|move|p2a: Zamazenta|Iron Defense|p2a: Zamazenta
|-boost|p2a: Zamazenta|def|2
|
|-weather|Snowscape|[upkeep]
|-heal|p2a: Zamazenta|96/100|[from] item: Leftovers
|upkeep
|turn|16
|
|t:|1760348713
|move|p2a: Zamazenta|Crunch|p1a: Cresselia
|-supereffective|p1a: Cresselia
|-damage|p1a: Cresselia|39/100
|-unboost|p1a: Cresselia|def|1
|move|p1a: Cresselia|Trick Room|p1a: Cresselia
|-fieldstart|move: Trick Room|[of] p1a: Cresselia
|
|-weather|none
|-heal|p2a: Zamazenta|100/100|[from] item: Leftovers
|upkeep
|turn|17
|
|t:|1760348723
|move|p1a: Cresselia|Psychic|p2a: Zamazenta
|-supereffective|p2a: Zamazenta
|-damage|p2a: Zamazenta|54/100
|move|p2a: Zamazenta|Body Press|p1a: Cresselia
|-resisted|p1a: Cresselia
|-damage|p1a: Cresselia|0 fnt
|faint|p1a: Cresselia
|
|-heal|p2a: Zamazenta|61/100|[from] item: Leftovers
|upkeep
|
|t:|1760348734
|switch|p1a: Volcanion|Volcanion|57/100
|turn|18
|
|t:|1760348741
|move|p1a: Volcanion|Steam Eruption|p2a: Zamazenta
|-crit|p2a: Zamazenta
|-damage|p2a: Zamazenta|0 fnt
|faint|p2a: Zamazenta
|
|upkeep
|
|t:|1760348744
|switch|p2a: Raging Bolt|Raging Bolt|17/100
|turn|19
|
|t:|1760348755
|move|p2a: Raging Bolt|Thunderclap|p1a: Volcanion
|-supereffective|p1a: Volcanion
|-damage|p1a: Volcanion|0 fnt
|faint|p1a: Volcanion
|-damage|p2a: Raging Bolt|7/100|[from] item: Life Orb
|
|upkeep
|j| Forever1507
|
|t:|1760348763
|switch|p1a: Hatterene|Hatterene, F|100/100
|turn|20
|
|t:|1760348769
|move|p2a: Raging Bolt|Thunderclap|p1a: Hatterene
|-damage|p1a: Hatterene|50/100
|-damage|p2a: Raging Bolt|0 fnt|[from] item: Life Orb
|faint|p2a: Raging Bolt
|-end|p2a: Raging Bolt|Protosynthesis|[silent]
|move|p1a: Hatterene|Dazzling Gleam|p2: Raging Bolt|[notarget]
|-fail|p1a: Hatterene
|
|-fieldend|move: Trick Room
|upkeep
|
|t:|1760348772
|switch|p2a: Gholdengo|Gholdengo|100/100
|turn|21
|
|t:|1760348782
|-terastallize|p1a: Hatterene|Steel
|move|p2a: Gholdengo|Shadow Ball|p1a: Hatterene
|-damage|p1a: Hatterene|13/100
|-unboost|p1a: Hatterene|spd|1
|move|p1a: Hatterene|Trick Room|p1a: Hatterene
|-fieldstart|move: Trick Room|[of] p1a: Hatterene
|
|upkeep
|turn|22
|
|t:|1760348794
|move|p1a: Hatterene|Psychic Noise|p2a: Gholdengo
|-resisted|p2a: Gholdengo
|-damage|p2a: Gholdengo|82/100
|-start|p2a: Gholdengo|move: Heal Block
|move|p2a: Gholdengo|Shadow Ball|p1a: Hatterene
|-damage|p1a: Hatterene|0 fnt
|faint|p1a: Hatterene
|
|upkeep
|
|t:|1760348804
|switch|p1a: Iron Hands|Iron Hands|100/100
|turn|23
|
|t:|1760348809
|move|p1a: Iron Hands|Wild Charge|p2a: Gholdengo
|-damage|p2a: Gholdengo|23/100
|-damage|p1a: Iron Hands|91/100|[from] Recoil
|move|p2a: Gholdengo|Shadow Ball|p1a: Iron Hands
|-damage|p1a: Iron Hands|51/100
|
|-end|p2a: Gholdengo|move: Heal Block
|upkeep
|turn|24
|
|t:|1760348819
|move|p1a: Iron Hands|Wild Charge|p2a: Gholdengo
|-damage|p2a: Gholdengo|0 fnt
|faint|p2a: Gholdengo
|-damage|p1a: Iron Hands|48/100|[from] Recoil
|
|win|Lolproplayer
|raw|Lolproplayer's rating: 1670 &rarr; <strong>1691</strong><br />(+21 for winning)
|raw|nmx123's rating: 1690 &rarr; <strong>1669</strong><br />(-21 for losing)
|l|☆nmx123
|player|p2|
|l|☆Lolproplayer
|player|p1|
