|j|☆ohlookarock3
|j|☆Playersmistakes
|t:|1760446391
|gametype|singles
|player|p1|ohlookarock3|geeta|1543
|player|p2|Playersmistakes|lyra|1529
|gen|9
|tier|[Gen 9] OU
|rated|
|rule|HP Percentage Mod: HP is shown in percentages
|rule|Endless Battle Clause: Forcing endless battles is banned
|rule|Species Clause: Limit one of each Pokémon
|rule|OHKO Clause: OHKO moves are banned
|rule|Evasion Items Clause: Evasion items are banned
|rule|Evasion Moves Clause: Evasion moves are banned
|rule|Evasion Abilities Clause: Evasion abilities are banned
|rule|Sleep Moves Clause: Sleep-inducing moves are banned
|clearpoke
|poke|p1|Latias, F|
|poke|p1|Ninetales-Alola, F|
|poke|p1|Ceruledge, F|
|poke|p1|Weavile, F|
|poke|p1|Great Tusk|
|poke|p1|Gholdengo|
|poke|p2|Gholdengo|
|poke|p2|Samurott-Hisui, F|
|poke|p2|Hydrapple, F|
|poke|p2|Landorus-Therian, M|
|poke|p2|Volcanion|
|poke|p2|Kyurem|
|teampreview
|inactive|Battle timer is ON: inactive players will automatically lose when time's up. (requested by ohlookarock3)
|
|t:|1760446412
|teamsize|p1|6
|teamsize|p2|6
|start
|switch|p1a: Great Tusk|Great Tusk|100/100
|switch|p2a: Volcanion|Volcanion|100/100
|turn|1
|
|t:|1760446420
|move|p1a: Great Tusk|Stealth Rock|p2a: Volcanion
|-sidestart|p2: Playersmistakes|move: Stealth Rock
|move|p2a: Volcanion|Steam Eruption|p1a: Great Tusk|[miss]
|-miss|p2a: Volcanion|p1a: Great Tusk
|
|upkeep
|turn|2
|
|t:|1760446428
|switch|p2a: Landorus|Landorus-Therian, M|100/100
|-damage|p2a: Landorus|88/100|[from] Stealth Rock
|-ability|p2a: Landorus|Intimidate|boost
|-unboost|p1a: Great Tusk|atk|1
|move|p1a: Great Tusk|Headlong Rush|p2a: Landorus
|-immune|p2a: Landorus
|
|upkeep
|turn|3
|
|t:|1760446432
|move|p2a: Landorus|Earthquake|p1a: Great Tusk
|-damage|p1a: Great Tusk|68/100
|move|p1a: Great Tusk|Knock Off|p2a: Landorus
|-damage|p2a: Landorus|66/100
|-enditem|p2a: Landorus|Choice Scarf|[from] move: Knock Off|[of] p1a: Great Tusk
|
|upkeep
|turn|4
|
|t:|1760446440
|move|p2a: Landorus|U-turn|p1a: Great Tusk
|-resisted|p1a: Great Tusk
|-damage|p1a: Great Tusk|60/100
|-damage|p2a: Landorus|49/100|[from] item: Rocky Helmet|[of] p1a: Great Tusk
|
|t:|1760446449
|switch|p2a: Kyurem|Kyurem, shiny|100/100|[from] U-turn
|-damage|p2a: Kyurem|76/100|[from] Stealth Rock
|-ability|p2a: Kyurem|Pressure
|move|p1a: Great Tusk|Knock Off|p2a: Kyurem
|-damage|p2a: Kyurem|60/100
|-enditem|p2a: Kyurem|Leftovers|[from] move: Knock Off|[of] p1a: Great Tusk
|
|upkeep
|turn|5
|
|t:|1760446460
|-end|p1a: Great Tusk|Protosynthesis|[silent]
|switch|p1a: Ninetales|Ninetales-Alola, F|100/100
|-weather|Snowscape|[from] ability: Snow Warning|[of] p1a: Ninetales
|move|p2a: Kyurem|Earth Power|p1a: Ninetales
|-damage|p1a: Ninetales|70/100
|
|-weather|Snowscape|[upkeep]
|upkeep
|turn|6
|
|t:|1760446463
|move|p1a: Ninetales|Aurora Veil|p1a: Ninetales
|-sidestart|p1: ohlookarock3|move: Aurora Veil
|move|p2a: Kyurem|Earth Power|p1a: Ninetales
|-damage|p1a: Ninetales|56/100
|
|-weather|Snowscape|[upkeep]
|upkeep
|turn|7
|
|t:|1760446469
|switch|p1a: Weavile|Weavile, F|100/100
|-ability|p1a: Weavile|Pressure
|move|p2a: Kyurem|Substitute|p2a: Kyurem
|-start|p2a: Kyurem|Substitute
|-damage|p2a: Kyurem|35/100
|
|-weather|Snowscape|[upkeep]
|upkeep
|turn|8
|
|t:|1760446472
|move|p1a: Weavile|Triple Axel|p2a: Kyurem|[miss]
|-miss|p1a: Weavile|p2a: Kyurem
|move|p2a: Kyurem|Earth Power|p1a: Weavile
|-damage|p1a: Weavile|78/100
|
|-weather|Snowscape|[upkeep]
|upkeep
|turn|9
|
|t:|1760446475
|move|p2a: Kyurem|Protect|p2a: Kyurem
|-singleturn|p2a: Kyurem|Protect
|move|p1a: Weavile|Triple Axel|p2a: Kyurem
|-activate|p2a: Kyurem|move: Protect
|
|-weather|none
|upkeep
|turn|10
|
|t:|1760446481
|move|p1a: Weavile|Triple Axel|p2a: Kyurem
|-activate|p2a: Kyurem|move: Substitute|[damage]
|-end|p2a: Kyurem|Substitute
|-damage|p2a: Kyurem|0 fnt
|faint|p2a: Kyurem
|-hitcount|p2: Kyurem|3
|
|upkeep
|
|t:|1760446489
|switch|p2a: Volcanion|Volcanion|100/100
|turn|11
|
|t:|1760446495
|switch|p1a: Latias|Latias, F|100/100
|move|p2a: Volcanion|Will-O-Wisp|p1a: Latias
|-status|p1a: Latias|brn
|
|-damage|p1a: Latias|94/100 brn|[from] brn
|upkeep
|turn|12
|
|t:|1760446507
|switch|p2a: Landorus|Landorus-Therian, M|49/100
|-damage|p2a: Landorus|37/100|[from] Stealth Rock
|-ability|p2a: Landorus|Intimidate|boost
|-unboost|p1a: Latias|atk|1
|move|p1a: Latias|Calm Mind|p1a: Latias
|-boost|p1a: Latias|spa|1
|-boost|p1a: Latias|spd|1
|
|-damage|p1a: Latias|88/100 brn|[from] brn
|upkeep
|turn|13
|
|t:|1760446535
|switch|p2a: Samurott|Samurott-Hisui, F|100/100
|-damage|p2a: Samurott|88/100|[from] Stealth Rock
|move|p1a: Latias|Agility|p1a: Latias
|-boost|p1a: Latias|spe|2
|
|-damage|p1a: Latias|82/100 brn|[from] brn
|-sideend|p1: ohlookarock3|move: Aurora Veil
|upkeep
|turn|14
|
|t:|1760446544
|move|p1a: Latias|Aura Sphere|p2a: Samurott
|-supereffective|p2a: Samurott
|-damage|p2a: Samurott|50/100
|move|p2a: Samurott|Ceaseless Edge|p1a: Latias
|-supereffective|p1a: Latias
|-damage|p1a: Latias|15/100 brn
|-enditem|p1a: Latias|Weakness Policy
|-boost|p1a: Latias|atk|2|[from] item: Weakness Policy
|-boost|p1a: Latias|spa|2|[from] item: Weakness Policy
|-sidestart|p1: ohlookarock3|Spikes
|
|-damage|p1a: Latias|9/100 brn|[from] brn
|upkeep
|turn|15
|
|t:|1760446549
|move|p2a: Samurott|Sucker Punch|p1a: Latias
|-supereffective|p1a: Latias
|-damage|p1a: Latias|0 fnt
|faint|p1a: Latias
|
|upkeep
|
|t:|1760446553
|switch|p1a: Great Tusk|Great Tusk|60/100
|-damage|p1a: Great Tusk|48/100|[from] Spikes
|turn|16
|
|t:|1760446556
|move|p1a: Great Tusk|Rapid Spin|p2a: Samurott
|-damage|p2a: Samurott|34/100
|-boost|p1a: Great Tusk|spe|1
|-sideend|p1: ohlookarock3|Spikes|[from] move: Rapid Spin|[of] p1a: Great Tusk
|move|p2a: Samurott|Razor Shell|p1a: Great Tusk
|-supereffective|p1a: Great Tusk
|-damage|p1a: Great Tusk|0 fnt
|-damage|p2a: Samurott|18/100|[from] item: Rocky Helmet|[of] p1a: Great Tusk
|faint|p1a: Great Tusk
|-end|p1a: Great Tusk|Protosynthesis|[silent]
|
|upkeep
|
|t:|1760446561
|switch|p1a: Ninetales|Ninetales-Alola, F|56/100
|-weather|Snowscape|[from] ability: Snow Warning|[of] p1a: Ninetales
|turn|17
|
|t:|1760446565
|move|p1a: Ninetales|Freeze-Dry|p2a: Samurott
|-supereffective|p2a: Samurott
|-damage|p2a: Samurott|0 fnt
|faint|p2a: Samurott
|
|-weather|Snowscape|[upkeep]
|upkeep
|
|t:|1760446576
|switch|p2a: Volcanion|Volcanion|100/100
|turn|18
|
|t:|1760446586
|move|p1a: Ninetales|Aurora Veil|p1a: Ninetales
|-sidestart|p1: ohlookarock3|move: Aurora Veil
|move|p2a: Volcanion|Flamethrower|p1a: Ninetales
|-supereffective|p1a: Ninetales
|-damage|p1a: Ninetales|8/100
|
|-weather|Snowscape|[upkeep]
|upkeep
|turn|19
|
|t:|1760446592
|switch|p1a: Ceruledge|Ceruledge, F|100/100
|move|p2a: Volcanion|Will-O-Wisp|p1a: Ceruledge
|-start|p1a: Ceruledge|ability: Flash Fire
|
|-weather|Snowscape|[upkeep]
|upkeep
|turn|20
|
|t:|1760446600
|-terastallize|p1a: Ceruledge|Bug
|move|p1a: Ceruledge|Bulk Up|p1a: Ceruledge
|-boost|p1a: Ceruledge|atk|1
|-boost|p1a: Ceruledge|def|1
|move|p2a: Volcanion|Steam Eruption|p1a: Ceruledge
|-damage|p1a: Ceruledge|81/100
|-status|p1a: Ceruledge|brn
|
|-weather|Snowscape|[upkeep]
|-damage|p1a: Ceruledge|75/100 brn|[from] brn
|upkeep
|turn|21
|
|t:|1760446609
|move|p1a: Ceruledge|Bulk Up|p1a: Ceruledge
|-boost|p1a: Ceruledge|atk|1
|-boost|p1a: Ceruledge|def|1
|move|p2a: Volcanion|Steam Eruption|p1a: Ceruledge
|-damage|p1a: Ceruledge|55/100 brn
|
|-weather|none
|-damage|p1a: Ceruledge|49/100 brn|[from] brn
|upkeep
|turn|22
|
|t:|1760446612
|move|p1a: Ceruledge|Shadow Sneak|p2a: Volcanion
|-damage|p2a: Volcanion|88/100
|move|p2a: Volcanion|Steam Eruption|p1a: Ceruledge
|-damage|p1a: Ceruledge|28/100 brn
|
|-damage|p1a: Ceruledge|21/100 brn|[from] brn
|upkeep
|turn|23
|
|t:|1760446616
|move|p1a: Ceruledge|Bitter Blade|p2a: Volcanion
|-resisted|p2a: Volcanion
|-damage|p2a: Volcanion|77/100
|-heal|p1a: Ceruledge|27/100 brn|[from] drain|[of] p2a: Volcanion
|move|p2a: Volcanion|Steam Eruption|p1a: Ceruledge
|-damage|p1a: Ceruledge|8/100 brn
|
|-damage|p1a: Ceruledge|1/100 brn|[from] brn
|upkeep
|turn|24
|
|t:|1760446621
|move|p1a: Ceruledge|Bitter Blade|p2a: Volcanion
|-resisted|p2a: Volcanion
|-damage|p2a: Volcanion|65/100
|-heal|p1a: Ceruledge|8/100 brn|[from] drain|[of] p2a: Volcanion
|move|p2a: Volcanion|Sludge Bomb|p1a: Ceruledge
|-damage|p1a: Ceruledge|0 fnt
|faint|p1a: Ceruledge
|
|upkeep
|
|t:|1760446630
|switch|p1a: Weavile|Weavile, F|78/100
|-ability|p1a: Weavile|Pressure
|turn|25
|
|t:|1760446633
|move|p1a: Weavile|Knock Off|p2a: Volcanion
|-damage|p2a: Volcanion|9/100
|-enditem|p2a: Volcanion|Heavy-Duty Boots|[from] move: Knock Off|[of] p1a: Weavile
|move|p2a: Volcanion|Will-O-Wisp|p1a: Weavile
|-status|p1a: Weavile|brn
|
|-damage|p1a: Weavile|72/100 brn|[from] brn
|-sideend|p1: ohlookarock3|move: Aurora Veil
|upkeep
|turn|26
|
|t:|1760446639
|move|p1a: Weavile|Knock Off|p2a: Volcanion
|-damage|p2a: Volcanion|0 fnt
|faint|p2a: Volcanion
|
|-damage|p1a: Weavile|66/100 brn|[from] brn
|upkeep
|
|t:|1760446648
|switch|p2a: Hydrapple|Hydrapple, F|100/100
|-damage|p2a: Hydrapple|88/100|[from] Stealth Rock
|turn|27
|
|t:|1760446654
|move|p1a: Weavile|Knock Off|p2a: Hydrapple
|-damage|p2a: Hydrapple|68/100
|-damage|p1a: Weavile|50/100 brn|[from] item: Rocky Helmet|[of] p2a: Hydrapple
|-enditem|p2a: Hydrapple|Rocky Helmet|[from] move: Knock Off|[of] p1a: Weavile
|move|p2a: Hydrapple|Fickle Beam|p1a: Weavile
|-damage|p1a: Weavile|6/100 brn
|
|-damage|p1a: Weavile|0 fnt|[from] brn
|faint|p1a: Weavile
|upkeep
|
|t:|1760446661
|switch|p1a: Ninetales|Ninetales-Alola, F|8/100
|-weather|Snowscape|[from] ability: Snow Warning|[of] p1a: Ninetales
|turn|28
|
|t:|1760446663
|move|p1a: Ninetales|Freeze-Dry|p2a: Hydrapple
|-supereffective|p2a: Hydrapple
|-damage|p2a: Hydrapple|0 fnt
|faint|p2a: Hydrapple
|
|-weather|Snowscape|[upkeep]
|upkeep
|
|t:|1760446671
|switch|p2a: Gholdengo|Gholdengo|100/100
|-damage|p2a: Gholdengo|94/100|[from] Stealth Rock
|-item|p2a: Gholdengo|Air Balloon
|turn|29
|
|t:|1760446673
|move|p1a: Ninetales|Aurora Veil|p1a: Ninetales
|-sidestart|p1: ohlookarock3|move: Aurora Veil
|move|p2a: Gholdengo|Shadow Ball|p1a: Ninetales
|-damage|p1a: Ninetales|0 fnt
|faint|p1a: Ninetales
|
|-weather|Snowscape|[upkeep]
|upkeep
|
|t:|1760446677
|switch|p1a: Gholdengo|Gholdengo|100/100
|turn|30
|
|t:|1760446680
|-terastallize|p2a: Gholdengo|Water
|move|p1a: Gholdengo|Shadow Ball|p2a: Gholdengo
|-damage|p2a: Gholdengo|51/100
|-enditem|p2a: Gholdengo|Air Balloon
|move|p2a: Gholdengo|Shadow Ball|p1a: Gholdengo
|-supereffective|p1a: Gholdengo
|-damage|p1a: Gholdengo|54/100
|
|-weather|Snowscape|[upkeep]
|upkeep
|turn|31
|
|t:|1760446685
|move|p1a: Gholdengo|Shadow Ball|p2a: Gholdengo
|-damage|p2a: Gholdengo|11/100
|-unboost|p2a: Gholdengo|spd|1
|move|p2a: Gholdengo|Shadow Ball|p1a: Gholdengo
|-supereffective|p1a: Gholdengo
|-damage|p1a: Gholdengo|4/100
|
|-weather|Snowscape|[upkeep]
|upkeep
|turn|32
|
|t:|1760446688
|move|p1a: Gholdengo|Shadow Ball|p2a: Gholdengo
|-damage|p2a: Gholdengo|0 fnt
|faint|p2a: Gholdengo
|
|-weather|none
|upkeep
|
|t:|1760446690
|switch|p2a: Landorus|Landorus-Therian, M|37/100
|-damage|p2a: Landorus|25/100|[from] Stealth Rock
|-ability|p2a: Landorus|Intimidate|boost
|-unboost|p1a: Gholdengo|atk|1
|turn|33
|
|t:|1760446692
|move|p1a: Gholdengo|Shadow Ball|p2a: Landorus
|-damage|p2a: Landorus|0 fnt
|faint|p2a: Landorus
|
|win|ohlookarock3
|raw|ohlookarock3's rating: 1543 &rarr; <strong>1562</strong><br />(+19 for winning)
|raw|Playersmistakes's rating: 1529 &rarr; <strong>1510</strong><br />(-19 for losing)
|l|☆ohlookarock3
|player|p1|
|l|☆Playersmistakes
|player|p2|
