|j|☆AlphaDreams
|j|☆YouWillLoseSORRY!
|t:|1760338983
|gametype|singles
|player|p1|AlphaDreams|caitlin|1233
|player|p2|YouWillLoseSORRY!|265|1257
|gen|9
|tier|[Gen 9] OU
|rated|
|rule|HP Percentage Mod: HP is shown in percentages
|rule|Endless Battle Clause: Forcing endless battles is banned
|rule|Species Clause: Limit one of each Pokémon
|rule|OHKO Clause: OHKO moves are banned
|rule|Evasion Items Clause: Evasion items are banned
|rule|Evasion Moves Clause: Evasion moves are banned
|rule|Evasion Abilities Clause: Evasion abilities are banned
|rule|Sleep Moves Clause: Sleep-inducing moves are banned
|clearpoke
|poke|p1|Hoopa-Unbound|
|poke|p1|Hatterene, F|
|poke|p1|Corviknight, M|
|poke|p1|Landorus-Therian, M|
|poke|p1|Ceruledge, M|
|poke|p1|Iron Treads|
|poke|p2|Alomomola, F|
|poke|p2|Hydrapple, M|
|poke|p2|Corviknight, F|
|poke|p2|Clefable, F|
|poke|p2|Slowking-Galar, M|
|poke|p2|Magnezone|
|teampreview
|
|t:|1760338999
|teamsize|p1|6
|teamsize|p2|6
|start
|switch|p1a: Landorus|Landorus-Therian, M|100/100
|switch|p2a: Magnezone|Magnezone|100/100
|-ability|p1a: Landorus|Intimidate|boost
|-unboost|p2a: Magnezone|atk|1
|turn|1
|
|t:|1760339013
|switch|p2a: Corviknight|Corviknight, F|100/100
|-ability|p2a: Corviknight|Pressure
|move|p1a: Landorus|Earth Power|p2a: Corviknight
|-immune|p2a: Corviknight
|
|upkeep
|turn|2
|
|t:|1760339026
|move|p1a: Landorus|Taunt|p2a: Corviknight
|-start|p2a: Corviknight|move: Taunt
|cant|p2a: Corviknight|move: Taunt|Iron Defense
|
|upkeep
|turn|3
|
|t:|1760339037
|switch|p2a: Slowking|Slowking-Galar, M|100/100
|move|p1a: Landorus|Stealth Rock|p2a: Slowking
|-sidestart|p2: YouWillLoseSORRY!|move: Stealth Rock
|
|upkeep
|turn|4
|
|t:|1760339046
|move|p1a: Landorus|U-turn|p2a: Slowking
|-damage|p2a: Slowking|81/100
|
|t:|1760339050
|switch|p1a: Hoopa|Hoopa-Unbound|100/100|[from] U-turn
|move|p2a: Slowking|Whirlpool|p1a: Hoopa
|-damage|p1a: Hoopa|96/100
|-activate|p1a: Hoopa|move: Whirlpool|[of] p2a: Slowking
|
|-damage|p1a: Hoopa|83/100|[from] move: Whirlpool|[partiallytrapped]
|upkeep
|turn|5
|
|t:|1760339064
|-terastallize|p2a: Slowking|Water
|move|p1a: Hoopa|Knock Off|p2a: Slowking
|-damage|p2a: Slowking|26/100
|-enditem|p2a: Slowking|Heavy-Duty Boots|[from] move: Knock Off|[of] p1a: Hoopa
|move|p2a: Slowking|Whirlpool|p1a: Hoopa
|-crit|p1a: Hoopa
|-damage|p1a: Hoopa|65/100
|
|-damage|p1a: Hoopa|52/100|[from] move: Whirlpool|[partiallytrapped]
|upkeep
|turn|6
|
|t:|1760339074
|move|p2a: Slowking|Protect|p2a: Slowking
|-singleturn|p2a: Slowking|Protect
|move|p1a: Hoopa|Thunderbolt|p2a: Slowking
|-activate|p2a: Slowking|move: Protect
|
|-damage|p1a: Hoopa|40/100|[from] move: Whirlpool|[partiallytrapped]
|upkeep
|turn|7
|
|t:|1760339084
|move|p2a: Slowking|Protect|p2a: Slowking
|-singleturn|p2a: Slowking|Protect
|move|p1a: Hoopa|Drain Punch|p2a: Slowking
|-activate|p2a: Slowking|move: Protect
|
|-damage|p1a: Hoopa|27/100|[from] move: Whirlpool|[partiallytrapped]
|upkeep
|turn|8
|
|t:|1760339116
|switch|p2a: Hydrapple|Hydrapple, M|100/100
|move|p1a: Hoopa|Drain Punch|p2a: Hydrapple
|-damage|p2a: Hydrapple|82/100
|-heal|p1a: Hoopa|38/100|[from] drain|[of] p2a: Hydrapple
|
|-end|p1a: Hoopa|Whirlpool|[partiallytrapped]
|upkeep
|turn|9
|
|t:|1760339134
|switch|p1a: Corviknight|Corviknight, M|100/100
|-ability|p1a: Corviknight|Pressure
|move|p2a: Hydrapple|Dragon Tail|p1a: Corviknight
|-resisted|p1a: Corviknight
|-damage|p1a: Corviknight|95/100
|-damage|p2a: Hydrapple|66/100|[from] item: Rocky Helmet|[of] p1a: Corviknight
|drag|p1a: Landorus|Landorus-Therian, M|100/100
|-ability|p1a: Landorus|Intimidate|boost
|-unboost|p2a: Hydrapple|atk|1
|
|upkeep
|turn|10
|
|t:|1760339147
|switch|p2a: Alomomola|Alomomola, F|100/100
|move|p1a: Landorus|U-turn|p2a: Alomomola
|-damage|p2a: Alomomola|90/100
|
|t:|1760339154
|switch|p1a: Hoopa|Hoopa-Unbound|38/100|[from] U-turn
|
|upkeep
|turn|11
|
|t:|1760339159
|move|p2a: Alomomola|Protect|p2a: Alomomola
|-singleturn|p2a: Alomomola|Protect
|move|p1a: Hoopa|Thunderbolt|p2a: Alomomola
|-activate|p2a: Alomomola|move: Protect
|
|upkeep
|turn|12
|
|t:|1760339167
|move|p2a: Alomomola|Flip Turn|p1a: Hoopa
|-damage|p1a: Hoopa|23/100
|
|t:|1760339183
|switch|p2a: Corviknight|Corviknight, F|100/100|[from] Flip Turn
|-damage|p2a: Corviknight|88/100|[from] Stealth Rock
|-ability|p2a: Corviknight|Pressure
|move|p1a: Hoopa|Thunderbolt|p2a: Corviknight
|-supereffective|p2a: Corviknight
|-damage|p2a: Corviknight|16/100
|
|upkeep
|turn|13
|
|t:|1760339194
|move|p2a: Corviknight|Body Press|p1a: Hoopa
|-damage|p1a: Hoopa|0 fnt
|faint|p1a: Hoopa
|
|upkeep
|
|t:|1760339206
|switch|p1a: Ceruledge|Ceruledge, M|100/100
|turn|14
|
|t:|1760339230
|switch|p2a: Alomomola|Alomomola, F|100/100
|move|p1a: Ceruledge|Poltergeist|p2a: Alomomola
|-activate|p2a: Alomomola|move: Poltergeist|Heavy-Duty Boots
|-damage|p2a: Alomomola|73/100
|
|upkeep
|turn|15
|
|t:|1760339237
|move|p1a: Ceruledge|Swords Dance|p1a: Ceruledge
|-boost|p1a: Ceruledge|atk|2
|move|p2a: Alomomola|Wish|p2a: Alomomola
|
|upkeep
|turn|16
|
|t:|1760339243
|-terastallize|p1a: Ceruledge|Ghost
|move|p1a: Ceruledge|Poltergeist|p2a: Alomomola
|-activate|p2a: Alomomola|move: Poltergeist|Heavy-Duty Boots
|-damage|p2a: Alomomola|0 fnt
|faint|p2a: Alomomola
|
|upkeep
|
|t:|1760339250
|switch|p2a: Clefable|Clefable, F|100/100
|-damage|p2a: Clefable|88/100|[from] Stealth Rock
|turn|17
|
|t:|1760339258
|move|p1a: Ceruledge|Poltergeist|p2a: Clefable
|-activate|p2a: Clefable|move: Poltergeist|Leftovers
|-damage|p2a: Clefable|28/100
|move|p2a: Clefable|Calm Mind|p2a: Clefable
|-boost|p2a: Clefable|spa|1
|-boost|p2a: Clefable|spd|1
|
|-heal|p2a: Clefable|34/100|[from] item: Leftovers
|upkeep
|turn|18
|
|t:|1760339265
|move|p1a: Ceruledge|Poltergeist|p2a: Clefable
|-activate|p2a: Clefable|move: Poltergeist|Leftovers
|-damage|p2a: Clefable|0 fnt
|faint|p2a: Clefable
|
|upkeep
|l|☆YouWillLoseSORRY!
|player|p2|
|inactive|Battle timer is ON: inactive players will automatically lose when time's up. (requested by AlphaDreams)
|inactive|YouWillLoseSORRY! has 30 seconds to reconnect!
|inactive|YouWillLoseSORRY! has 20 seconds to reconnect!
|inactive|YouWillLoseSORRY! has 15 seconds to reconnect!
|inactive|YouWillLoseSORRY! has 10 seconds to reconnect!
|inactive|YouWillLoseSORRY! has 5 seconds to reconnect!
|c|☆AlphaDreams|Gg
|-message|YouWillLoseSORRY! lost due to inactivity.
|
|win|AlphaDreams
|raw|AlphaDreams's rating: 1233 &rarr; <strong>1260</strong><br />(+27 for winning)
|raw|YouWillLoseSORRY!'s rating: 1257 &rarr; <strong>1230</strong><br />(-27 for losing)
