|j|☆Phantasmus
|j|☆redaceboom
|t:|1760449734
|gametype|singles
|player|p1|Phantasmus|dragontamer|1312
|player|p2|redaceboom|266|1275
|gen|9
|tier|[Gen 9] OU
|rated|
|rule|HP Percentage Mod: HP is shown in percentages
|rule|Endless Battle Clause: Forcing endless battles is banned
|rule|Species Clause: Limit one of each Pokémon
|rule|OHKO Clause: OHKO moves are banned
|rule|Evasion Items Clause: Evasion items are banned
|rule|Evasion Moves Clause: Evasion moves are banned
|rule|Evasion Abilities Clause: Evasion abilities are banned
|rule|Sleep Moves Clause: Sleep-inducing moves are banned
|clearpoke
|poke|p1|Corviknight, F|
|poke|p1|Smeargle, M|
|poke|p1|Darkrai|
|poke|p1|Slowbro, M|
|poke|p1|Dragapult, F|
|poke|p1|Iron Crown|
|poke|p2|Pecharunt|
|poke|p2|Walking Wake|
|poke|p2|Torkoal, F|
|poke|p2|Raging Bolt|
|poke|p2|Lilligant-Hisui, F|
|poke|p2|Brute Bonnet|
|teampreview
|inactive|Battle timer is ON: inactive players will automatically lose when time's up. (requested by Phantasmus)
|
|t:|1760449739
|teamsize|p1|6
|teamsize|p2|6
|start
|switch|p1a: Smeargle|Smeargle, M|100/100
|switch|p2a: Torkoal|Torkoal, F|100/100
|-weather|SunnyDay|[from] ability: Drought|[of] p2a: Torkoal
|turn|1
|
|t:|1760449746
|move|p1a: Smeargle|Ceaseless Edge|p2a: Torkoal
|-damage|p2a: Torkoal|94/100
|-sidestart|p2: redaceboom|Spikes
|move|p2a: Torkoal|Stealth Rock|p1a: Smeargle
|-sidestart|p1: Phantasmus|move: Stealth Rock
|
|-weather|SunnyDay|[upkeep]
|upkeep
|turn|2
|
|t:|1760449752
|move|p1a: Smeargle|Ceaseless Edge|p2a: Torkoal
|-damage|p2a: Torkoal|87/100
|-sidestart|p2: redaceboom|Spikes
|move|p2a: Torkoal|Rapid Spin|p1a: Smeargle
|-damage|p1a: Smeargle|73/100
|-boost|p2a: Torkoal|spe|1
|-sideend|p2: redaceboom|Spikes|[from] move: Rapid Spin|[of] p2a: Torkoal
|
|-weather|SunnyDay|[upkeep]
|upkeep
|turn|3
|
|t:|1760449768
|switch|p2a: Lilligant|Lilligant-Hisui, F|100/100
|move|p1a: Smeargle|Ceaseless Edge|p2a: Lilligant|[miss]
|-miss|p1a: Smeargle|p2a: Lilligant
|
|-weather|SunnyDay|[upkeep]
|upkeep
|turn|4
|
|t:|1760449774
|move|p2a: Lilligant|Triple Axel|p1a: Smeargle
|-damage|p1a: Smeargle|44/100
|-damage|p1a: Smeargle|0 fnt
|faint|p1a: Smeargle
|-hitcount|p1: Smeargle|2
|
|-weather|SunnyDay|[upkeep]
|upkeep
|
|t:|1760449780
|switch|p1a: Slowbro|Slowbro, M|100/100
|-damage|p1a: Slowbro|88/100|[from] Stealth Rock
|turn|5
|
|t:|1760449786
|switch|p2a: Brute Bonnet|Brute Bonnet|100/100
|-activate|p2a: Brute Bonnet|ability: Protosynthesis
|-start|p2a: Brute Bonnet|protosynthesisatk
|move|p1a: Slowbro|Psychic Noise|p2a: Brute Bonnet
|-immune|p2a: Brute Bonnet
|
|-weather|SunnyDay|[upkeep]
|upkeep
|turn|6
|
|t:|1760449792
|move|p2a: Brute Bonnet|Bullet Seed|p1a: Slowbro
|-supereffective|p1a: Slowbro
|-damage|p1a: Slowbro|68/100
|-supereffective|p1a: Slowbro
|-damage|p1a: Slowbro|46/100
|-supereffective|p1a: Slowbro
|-damage|p1a: Slowbro|23/100
|-supereffective|p1a: Slowbro
|-damage|p1a: Slowbro|0 fnt
|faint|p1a: Slowbro
|-hitcount|p1: Slowbro|4
|
|-weather|SunnyDay|[upkeep]
|upkeep
|
|t:|1760449798
|switch|p1a: Corviknight|Corviknight, F|100/100
|-damage|p1a: Corviknight|88/100|[from] Stealth Rock
|-ability|p1a: Corviknight|Pressure
|turn|7
|
|t:|1760449806
|move|p1a: Corviknight|Defog|p2a: Brute Bonnet
|-unboost|p2a: Brute Bonnet|evasion|1
|-sideend|p1: Phantasmus|Stealth Rock|[from] move: Defog|[of] p1a: Corviknight
|move|p2a: Brute Bonnet|Close Combat|p1a: Corviknight
|-damage|p1a: Corviknight|41/100
|-unboost|p2a: Brute Bonnet|def|1
|-unboost|p2a: Brute Bonnet|spd|1
|
|-weather|SunnyDay|[upkeep]
|-heal|p1a: Corviknight|47/100|[from] item: Leftovers
|upkeep
|turn|8
|
|t:|1760449813
|-end|p2a: Brute Bonnet|Protosynthesis|[silent]
|switch|p2a: Pecharunt|Pecharunt|100/100
|move|p1a: Corviknight|Roost|p1a: Corviknight
|-heal|p1a: Corviknight|97/100
|-singleturn|p1a: Corviknight|move: Roost
|
|-weather|none
|-heal|p1a: Corviknight|100/100|[from] item: Leftovers
|upkeep
|turn|9
|
|t:|1760449817
|switch|p1a: Dragapult|Dragapult, F|100/100
|move|p2a: Pecharunt|Parting Shot|p1a: Dragapult
|-unboost|p1a: Dragapult|atk|1
|-unboost|p1a: Dragapult|spa|1
|
|t:|1760449834
|switch|p2a: Brute Bonnet|Brute Bonnet|100/100|[from] Parting Shot
|
|upkeep
|turn|10
|
|t:|1760449840
|switch|p1a: Corviknight|Corviknight, F|100/100
|-ability|p1a: Corviknight|Pressure
|move|p2a: Brute Bonnet|Crunch|p1a: Corviknight
|-damage|p1a: Corviknight|60/100
|
|-heal|p1a: Corviknight|66/100|[from] item: Leftovers
|upkeep
|turn|11
|
|t:|1760449847
|-end|p2a: Brute Bonnet|Protosynthesis|[silent]
|switch|p2a: Torkoal|Torkoal, F|87/100
|-weather|SunnyDay|[from] ability: Drought|[of] p2a: Torkoal
|move|p1a: Corviknight|Body Press|p2a: Torkoal
|-damage|p2a: Torkoal|72/100
|
|-weather|SunnyDay|[upkeep]
|-heal|p1a: Corviknight|72/100|[from] item: Leftovers
|upkeep
|turn|12
|
|t:|1760449853
|switch|p1a: Dragapult|Dragapult, F|100/100
|move|p2a: Torkoal|Overheat|p1a: Dragapult|[miss]
|-miss|p2a: Torkoal|p1a: Dragapult
|
|-weather|SunnyDay|[upkeep]
|upkeep
|turn|13
|
|t:|1760449869
|switch|p2a: Pecharunt|Pecharunt|100/100
|move|p1a: Dragapult|Draco Meteor|p2a: Pecharunt
|-damage|p2a: Pecharunt|43/100
|-unboost|p1a: Dragapult|spa|2
|
|-weather|SunnyDay|[upkeep]
|-heal|p2a: Pecharunt|49/100|[from] item: Black Sludge
|upkeep
|turn|14
|
|t:|1760449880
|switch|p1a: Darkrai|Darkrai|100/100
|switch|p2a: Brute Bonnet|Brute Bonnet|100/100
|-activate|p2a: Brute Bonnet|ability: Protosynthesis
|-start|p2a: Brute Bonnet|protosynthesisatk
|
|-weather|SunnyDay|[upkeep]
|upkeep
|turn|15
|
|t:|1760449890
|switch|p1a: Corviknight|Corviknight, F|72/100
|-ability|p1a: Corviknight|Pressure
|move|p2a: Brute Bonnet|Close Combat|p1a: Corviknight
|-damage|p1a: Corviknight|22/100
|-unboost|p2a: Brute Bonnet|def|1
|-unboost|p2a: Brute Bonnet|spd|1
|
|-weather|SunnyDay|[upkeep]
|-heal|p1a: Corviknight|28/100|[from] item: Leftovers
|upkeep
|turn|16
|
|t:|1760449901
|-end|p2a: Brute Bonnet|Protosynthesis|[silent]
|switch|p2a: Pecharunt|Pecharunt|49/100
|move|p1a: Corviknight|Roost|p1a: Corviknight
|-heal|p1a: Corviknight|78/100
|-singleturn|p1a: Corviknight|move: Roost
|
|-weather|SunnyDay|[upkeep]
|-heal|p2a: Pecharunt|55/100|[from] item: Black Sludge
|-heal|p1a: Corviknight|84/100|[from] item: Leftovers
|upkeep
|turn|17
|
|t:|1760449905
|switch|p1a: Dragapult|Dragapult, F|100/100
|move|p2a: Pecharunt|Recover|p2a: Pecharunt
|-heal|p2a: Pecharunt|100/100
|
|-weather|SunnyDay|[upkeep]
|upkeep
|turn|18
|
|t:|1760449909
|move|p1a: Dragapult|Draco Meteor|p2a: Pecharunt
|-crit|p2a: Pecharunt
|-damage|p2a: Pecharunt|13/100
|-unboost|p1a: Dragapult|spa|2
|move|p2a: Pecharunt|Recover|p2a: Pecharunt
|-heal|p2a: Pecharunt|63/100
|
|-weather|none
|-heal|p2a: Pecharunt|69/100|[from] item: Black Sludge
|upkeep
|turn|19
|
|t:|1760449915
|switch|p1a: Corviknight|Corviknight, F|84/100
|-ability|p1a: Corviknight|Pressure
|move|p2a: Pecharunt|Recover|p2a: Pecharunt
|-heal|p2a: Pecharunt|100/100
|
|-heal|p1a: Corviknight|90/100|[from] item: Leftovers
|upkeep
|turn|20
|
|t:|1760449922
|switch|p1a: Dragapult|Dragapult, F|100/100
|move|p2a: Pecharunt|Parting Shot|p1a: Dragapult
|-unboost|p1a: Dragapult|atk|1
|-unboost|p1a: Dragapult|spa|1
|
|t:|1760449934
|switch|p2a: Brute Bonnet|Brute Bonnet|100/100|[from] Parting Shot
|
|upkeep
|turn|21
|
|t:|1760449940
|switch|p1a: Corviknight|Corviknight, F|90/100
|-ability|p1a: Corviknight|Pressure
|-end|p2a: Brute Bonnet|Protosynthesis|[silent]
|switch|p2a: Pecharunt|Pecharunt|100/100
|
|-heal|p1a: Corviknight|96/100|[from] item: Leftovers
|upkeep
|turn|22
|
|t:|1760449948
|switch|p1a: Darkrai|Darkrai|100/100
|move|p2a: Pecharunt|Hex|p1a: Darkrai
|-resisted|p1a: Darkrai
|-damage|p1a: Darkrai|89/100
|
|upkeep
|turn|23
|
|t:|1760449954
|switch|p2a: Brute Bonnet|Brute Bonnet|100/100
|move|p1a: Darkrai|Nasty Plot|p1a: Darkrai
|-boost|p1a: Darkrai|spa|2
|
|upkeep
|turn|24
|
|t:|1760449957
|move|p1a: Darkrai|Sludge Bomb|p2a: Brute Bonnet
|-supereffective|p2a: Brute Bonnet
|-damage|p2a: Brute Bonnet|0 fnt
|faint|p2a: Brute Bonnet
|-end|p2a: Brute Bonnet|Protosynthesis|[silent]
|-damage|p1a: Darkrai|79/100|[from] item: Life Orb
|
|upkeep
|
|t:|1760449962
|switch|p2a: Torkoal|Torkoal, F|72/100
|-weather|SunnyDay|[from] ability: Drought|[of] p2a: Torkoal
|turn|25
|
|t:|1760449965
|move|p1a: Darkrai|Dark Pulse|p2a: Torkoal
|-damage|p2a: Torkoal|0 fnt
|faint|p2a: Torkoal
|-damage|p1a: Darkrai|69/100|[from] item: Life Orb
|
|-weather|SunnyDay|[upkeep]
|upkeep
|
|t:|1760449979
|switch|p2a: Raging Bolt|Raging Bolt|100/100
|-activate|p2a: Raging Bolt|ability: Protosynthesis
|-start|p2a: Raging Bolt|protosynthesisspa
|turn|26
|
|t:|1760449986
|switch|p1a: Dragapult|Dragapult, F|100/100
|move|p2a: Raging Bolt|Thunderclap||[still]
|-fail|p2a: Raging Bolt
|
|-weather|SunnyDay|[upkeep]
|upkeep
|turn|27
|
|t:|1760449992
|-terastallize|p2a: Raging Bolt|Electric
|move|p1a: Dragapult|Draco Meteor|p2a: Raging Bolt
|-damage|p2a: Raging Bolt|58/100
|-unboost|p1a: Dragapult|spa|2
|move|p2a: Raging Bolt|Weather Ball|p1a: Dragapult
|-resisted|p1a: Dragapult
|-damage|p1a: Dragapult|52/100
|
|-weather|SunnyDay|[upkeep]
|upkeep
|turn|28
|
|t:|1760449998
|switch|p1a: Corviknight|Corviknight, F|96/100
|-ability|p1a: Corviknight|Pressure
|move|p2a: Raging Bolt|Draco Meteor|p1a: Corviknight
|-resisted|p1a: Corviknight
|-damage|p1a: Corviknight|63/100
|-unboost|p2a: Raging Bolt|spa|2
|
|-weather|SunnyDay|[upkeep]
|-heal|p1a: Corviknight|69/100|[from] item: Leftovers
|upkeep
|turn|29
|
|t:|1760450002
|switch|p1a: Dragapult|Dragapult, F|52/100
|move|p2a: Raging Bolt|Weather Ball|p1a: Dragapult
|-resisted|p1a: Dragapult
|-damage|p1a: Dragapult|28/100
|
|-weather|SunnyDay|[upkeep]
|upkeep
|turn|30
|
|t:|1760450014
|move|p1a: Dragapult|Draco Meteor|p2a: Raging Bolt
|-damage|p2a: Raging Bolt|15/100
|-unboost|p1a: Dragapult|spa|2
|move|p2a: Raging Bolt|Weather Ball|p1a: Dragapult
|-resisted|p1a: Dragapult
|-damage|p1a: Dragapult|3/100
|
|-weather|SunnyDay|[upkeep]
|upkeep
|turn|31
|
|t:|1760450020
|switch|p1a: Darkrai|Darkrai|69/100
|move|p2a: Raging Bolt|Thunderclap||[still]
|-fail|p2a: Raging Bolt
|
|-weather|SunnyDay|[upkeep]
|upkeep
|turn|32
|
|t:|1760450024
|move|p1a: Darkrai|Dark Pulse|p2a: Raging Bolt
|-crit|p2a: Raging Bolt
|-damage|p2a: Raging Bolt|0 fnt
|faint|p2a: Raging Bolt
|-end|p2a: Raging Bolt|Protosynthesis|[silent]
|-damage|p1a: Darkrai|59/100|[from] item: Life Orb
|
|-weather|none
|upkeep
|
|t:|1760450029
|switch|p2a: Lilligant|Lilligant-Hisui, F|100/100
|turn|33
|-message|redaceboom forfeited.
|
|win|Phantasmus
|raw|Phantasmus's rating: 1312 &rarr; <strong>1330</strong><br />(+18 for winning)
|raw|redaceboom's rating: 1275 &rarr; <strong>1253</strong><br />(-22 for losing)
|l|☆redaceboom
|player|p2|
|l|☆Phantasmus
|player|p1|
