|j|☆clodsirebiggestfan
|j|☆Swagataka
|t:|1760448861
|gametype|singles
|player|p1|clodsirebiggestfan|miku-ghost|1688
|player|p2|Swagataka|byron|1722
|gen|9
|tier|[Gen 9] OU
|rated|
|rule|HP Percentage Mod: HP is shown in percentages
|rule|Endless Battle Clause: Forcing endless battles is banned
|rule|Species Clause: Limit one of each Pokémon
|rule|OHKO Clause: OHKO moves are banned
|rule|Evasion Items Clause: Evasion items are banned
|rule|Evasion Moves Clause: Evasion moves are banned
|rule|Evasion Abilities Clause: Evasion abilities are banned
|rule|Sleep Moves Clause: Sleep-inducing moves are banned
|clearpoke
|poke|p1|Kingambit, M|
|poke|p1|Clodsire, F|
|poke|p1|Zamazenta-*|
|poke|p1|Weezing-Galar, M|
|poke|p1|Ogerpon, F|
|poke|p1|Raging Bolt|
|poke|p2|Pecharunt|
|poke|p2|Crabominable, F|
|poke|p2|Great Tusk|
|poke|p2|Kingambit, F|
|poke|p2|Regigigas|
|poke|p2|Bombirdier, F|
|teampreview
|j| Forever1507
|
|t:|1760448868
|teamsize|p1|6
|teamsize|p2|6
|start
|switch|p1a: Raging Bolt|Raging Bolt|100/100
|switch|p2a: Crabominable|Crabominable, F|100/100
|turn|1
|
|t:|1760448874
|-end|p1a: Raging Bolt|Protosynthesis|[silent]
|switch|p1a: Weezing|Weezing-Galar, M|100/100
|move|p2a: Crabominable|Ice Hammer|p1a: Weezing
|-damage|p1a: Weezing|53/100
|-unboost|p2a: Crabominable|spe|1
|
|upkeep
|turn|2
|c|☆clodsirebiggestfan|did u always have crabdominabke
|
|t:|1760448884
|switch|p2a: dont even joke lad|Regigigas|100/100
|-start|p2a: dont even joke lad|ability: Slow Start
|move|p1a: Weezing|Will-O-Wisp|p2a: dont even joke lad
|-status|p2a: dont even joke lad|brn
|
|-damage|p2a: dont even joke lad|94/100 brn|[from] brn
|upkeep
|turn|3
|c|☆Swagataka|ya
|
|t:|1760448893
|move|p1a: Weezing|Pain Split|p2a: dont even joke lad
|-sethp|p2a: dont even joke lad|68/100 brn|[from] move: Pain Split|[silent]
|-sethp|p1a: Weezing|87/100|[from] move: Pain Split
|move|p2a: dont even joke lad|Earth Power|p1a: Weezing
|-immune|p1a: Weezing|[from] ability: Levitate
|
|-damage|p2a: dont even joke lad|62/100 brn|[from] brn
|upkeep
|turn|4
|c|☆clodsirebiggestfan|i dont remember it
|c|☆Swagataka|cuz i lied
|c|☆Swagataka|i just added this bullshit
|
|t:|1760448904
|switch|p1a: Clodsire|Clodsire, F|100/100
|move|p2a: dont even joke lad|Earth Power|p1a: Clodsire
|-supereffective|p1a: Clodsire
|-damage|p1a: Clodsire|62/100
|
|-damage|p2a: dont even joke lad|56/100 brn|[from] brn
|upkeep
|turn|5
|c|☆clodsirebiggestfan|xD
|
|t:|1760448909
|switch|p2a: Kingambit|Kingambit, F|100/100
|move|p1a: Clodsire|Stealth Rock|p2a: Kingambit
|-sidestart|p2: Swagataka|move: Stealth Rock
|
|upkeep
|turn|6
|
|t:|1760448912
|switch|p1a: Zamazenta|Zamazenta|100/100
|-ability|p1a: Zamazenta|Dauntless Shield|boost
|-boost|p1a: Zamazenta|def|1
|move|p2a: Kingambit|Iron Head|p1a: Zamazenta
|-damage|p1a: Zamazenta|78/100
|
|-heal|p1a: Zamazenta|84/100|[from] item: Leftovers
|upkeep
|turn|7
|
|t:|1760448916
|move|p1a: Zamazenta|Crunch|p2a: Kingambit
|-resisted|p2a: Kingambit
|-damage|p2a: Kingambit|92/100
|move|p2a: Kingambit|Metal Burst|p1a: Zamazenta
|-damage|p1a: Zamazenta|71/100
|
|-heal|p1a: Zamazenta|78/100|[from] item: Leftovers
|upkeep
|turn|8
|
|t:|1760448922
|switch|p2a: Pecharunt|Pecharunt|100/100
|move|p1a: Zamazenta|Crunch|p2a: Pecharunt
|-supereffective|p2a: Pecharunt
|-damage|p2a: Pecharunt|80/100
|
|-heal|p1a: Zamazenta|84/100|[from] item: Leftovers
|upkeep
|turn|9
|
|t:|1760448925
|switch|p1a: Clodsire|Clodsire, F|62/100
|move|p2a: Pecharunt|Shadow Ball|p1a: Clodsire
|-damage|p1a: Clodsire|49/100
|
|upkeep
|turn|10
|
|t:|1760448927
|move|p2a: Pecharunt|Parting Shot|p1a: Clodsire
|-unboost|p1a: Clodsire|atk|1
|-unboost|p1a: Clodsire|spa|1
|
|t:|1760448928
|switch|p2a: Crabominable|Crabominable, F|100/100|[from] Parting Shot
|-damage|p2a: Crabominable|88/100|[from] Stealth Rock
|move|p1a: Clodsire|Recover|p1a: Clodsire
|-heal|p1a: Clodsire|99/100
|
|upkeep
|turn|11
|
|t:|1760448932
|switch|p1a: Weezing|Weezing-Galar, M|87/100
|move|p2a: Crabominable|Ice Hammer|p1a: Weezing|[miss]
|-miss|p2a: Crabominable|p1a: Weezing
|
|upkeep
|turn|12
|
|t:|1760448940
|switch|p2a: dont even joke lad|Regigigas|56/100 brn
|-damage|p2a: dont even joke lad|43/100 brn|[from] Stealth Rock
|-start|p2a: dont even joke lad|ability: Slow Start
|move|p1a: Weezing|Flamethrower|p2a: dont even joke lad
|-damage|p2a: dont even joke lad|30/100 brn
|
|-damage|p2a: dont even joke lad|24/100 brn|[from] brn
|upkeep
|turn|13
|c|☆clodsirebiggestfan|ngl getting this far with that team is pretty impressive
|
|t:|1760448950
|move|p1a: Weezing|Flamethrower|p2a: dont even joke lad
|-damage|p2a: dont even joke lad|11/100 brn
|move|p2a: dont even joke lad|Hyper Beam|p1a: Weezing
|-damage|p1a: Weezing|0 fnt
|-mustrecharge|p2a: dont even joke lad
|faint|p1a: Weezing
|
|-damage|p2a: dont even joke lad|5/100 brn|[from] brn
|upkeep
|c|☆Swagataka|its good ngl
|
|t:|1760448955
|switch|p1a: Raging Bolt|Raging Bolt|100/100
|turn|14
|
|t:|1760448959
|move|p1a: Raging Bolt|Calm Mind|p1a: Raging Bolt
|-boost|p1a: Raging Bolt|spa|1
|-boost|p1a: Raging Bolt|spd|1
|cant|p2a: dont even joke lad|recharge
|
|-damage|p2a: dont even joke lad|0 fnt|[from] brn
|faint|p2a: dont even joke lad
|upkeep
|
|t:|1760448961
|switch|p2a: Great Tusk|Great Tusk|100/100
|turn|15
|c|☆clodsirebiggestfan|i bet regi is like the main star
|
|t:|1760448970
|-terastallize|p1a: Raging Bolt|Bug
|move|p2a: Great Tusk|Headlong Rush|p1a: Raging Bolt
|-resisted|p1a: Raging Bolt
|-damage|p1a: Raging Bolt|81/100
|-unboost|p2a: Great Tusk|def|1
|-unboost|p2a: Great Tusk|spd|1
|move|p1a: Raging Bolt|Calm Mind|p1a: Raging Bolt
|-boost|p1a: Raging Bolt|spa|1
|-boost|p1a: Raging Bolt|spd|1
|
|-heal|p1a: Raging Bolt|87/100|[from] item: Leftovers
|upkeep
|turn|16
|
|t:|1760448978
|-end|p2a: Great Tusk|Protosynthesis|[silent]
|switch|p2a: Kingambit|Kingambit, F|92/100
|-damage|p2a: Kingambit|86/100|[from] Stealth Rock
|move|p1a: Raging Bolt|Dragon Pulse|p2a: Kingambit
|-resisted|p2a: Kingambit
|-damage|p2a: Kingambit|49/100
|
|-heal|p1a: Raging Bolt|94/100|[from] item: Leftovers
|upkeep
|turn|17
|
|t:|1760448981
|move|p2a: Kingambit|Sucker Punch|p1a: Raging Bolt
|-damage|p1a: Raging Bolt|69/100
|move|p1a: Raging Bolt|Thunderbolt|p2a: Kingambit
|-damage|p2a: Kingambit|0 fnt
|faint|p2a: Kingambit
|
|-heal|p1a: Raging Bolt|75/100|[from] item: Leftovers
|upkeep
|
|t:|1760448984
|switch|p2a: Pecharunt|Pecharunt|80/100
|turn|18
|c|☆clodsirebiggestfan|cuz ik that guy is putting in work
|
|t:|1760448992
|move|p2a: Pecharunt|Toxic|p1a: Raging Bolt
|-status|p1a: Raging Bolt|tox
|-start|p1a: Raging Bolt|confusion|[from] ability: Poison Puppeteer|[of] p2a: Pecharunt
|-activate|p1a: Raging Bolt|confusion
|move|p1a: Raging Bolt|Thunderbolt|p2a: Pecharunt
|-damage|p2a: Pecharunt|0 fnt
|faint|p2a: Pecharunt
|
|-heal|p1a: Raging Bolt|81/100 tox|[from] item: Leftovers
|-damage|p1a: Raging Bolt|75/100 tox|[from] psn
|upkeep
|
|t:|1760448997
|switch|p2a: Bombirdier|Bombirdier, F|100/100
|-damage|p2a: Bombirdier|76/100|[from] Stealth Rock
|turn|19
|
|t:|1760449000
|move|p2a: Bombirdier|Hone Claws|p2a: Bombirdier
|-boost|p2a: Bombirdier|atk|1
|-boost|p2a: Bombirdier|accuracy|1
|-activate|p1a: Raging Bolt|confusion
|-damage|p1a: Raging Bolt|71/100 tox|[from] confusion
|
|-heal|p1a: Raging Bolt|78/100 tox|[from] item: Leftovers
|-damage|p1a: Raging Bolt|65/100 tox|[from] psn
|upkeep
|turn|20
|
|t:|1760449004
|move|p2a: Bombirdier|Stone Edge|p1a: Raging Bolt
|-supereffective|p1a: Raging Bolt
|-damage|p1a: Raging Bolt|0 fnt
|faint|p1a: Raging Bolt
|-end|p1a: Raging Bolt|Protosynthesis|[silent]
|-damage|p2a: Bombirdier|66/100|[from] item: Life Orb
|
|upkeep
|
|t:|1760449010
|switch|p1a: Ogerpon|Ogerpon, F|100/100
|turn|21
|
|t:|1760449013
|move|p2a: Bombirdier|Sucker Punch|p1a: Ogerpon
|-damage|p1a: Ogerpon|20/100
|-damage|p2a: Bombirdier|56/100|[from] item: Life Orb
|move|p1a: Ogerpon|U-turn|p2a: Bombirdier
|-damage|p2a: Bombirdier|5/100
|
|t:|1760449016
|switch|p1a: Zamazenta|Zamazenta|84/100|[from] U-turn
|
|-heal|p1a: Zamazenta|90/100|[from] item: Leftovers
|upkeep
|turn|22
|
|t:|1760449020
|move|p1a: Zamazenta|Body Press|p2a: Bombirdier
|-damage|p2a: Bombirdier|0 fnt
|faint|p2a: Bombirdier
|
|-heal|p1a: Zamazenta|96/100|[from] item: Leftovers
|upkeep
|
|t:|1760449023
|switch|p2a: Crabominable|Crabominable, F|88/100
|-damage|p2a: Crabominable|76/100|[from] Stealth Rock
|turn|23
|
|t:|1760449025
|-terastallize|p2a: Crabominable|Fighting
|-singleturn|p2a: Crabominable|move: Focus Punch
|move|p1a: Zamazenta|Iron Defense|p1a: Zamazenta
|-boost|p1a: Zamazenta|def|2
|move|p2a: Crabominable|Focus Punch|p1a: Zamazenta
|-damage|p1a: Zamazenta|40/100
|
|-heal|p1a: Zamazenta|46/100|[from] item: Leftovers
|upkeep
|turn|24
|c|☆clodsirebiggestfan|damn
|
|t:|1760449034
|move|p1a: Zamazenta|Body Press|p2a: Crabominable
|-damage|p2a: Crabominable|0 fnt
|faint|p2a: Crabominable
|
|-heal|p1a: Zamazenta|53/100|[from] item: Leftovers
|upkeep
|
|t:|1760449036
|switch|p2a: Great Tusk|Great Tusk|100/100
|turn|25
|c|☆clodsirebiggestfan|wait whats your item
|c|☆clodsirebiggestfan|on the crab
|
|t:|1760449044
|move|p1a: Zamazenta|Body Press|p2a: Great Tusk
|-damage|p2a: Great Tusk|48/100
|move|p2a: Great Tusk|Rapid Spin|p1a: Zamazenta
|-damage|p1a: Zamazenta|46/100
|-boost|p2a: Great Tusk|spe|1
|-sideend|p2: Swagataka|Stealth Rock|[from] move: Rapid Spin|[of] p2a: Great Tusk
|
|-heal|p1a: Zamazenta|52/100|[from] item: Leftovers
|upkeep
|turn|26
|c|☆Swagataka|cant spoil in case i see u again
|
|t:|1760449052
|move|p2a: Great Tusk|Headlong Rush|p1a: Zamazenta
|-damage|p1a: Zamazenta|30/100
|-unboost|p2a: Great Tusk|def|1
|-unboost|p2a: Great Tusk|spd|1
|move|p1a: Zamazenta|Body Press|p2a: Great Tusk
|-damage|p2a: Great Tusk|0 fnt
|faint|p2a: Great Tusk
|-end|p2a: Great Tusk|Protosynthesis|[silent]
|
|win|clodsirebiggestfan
|raw|clodsirebiggestfan's rating: 1688 &rarr; <strong>1710</strong><br />(+22 for winning)
|raw|Swagataka's rating: 1722 &rarr; <strong>1700</strong><br />(-22 for losing)
|c|☆clodsirebiggestfan|damn
|c|☆clodsirebiggestfan|gg
|l|☆Swagataka
|player|p2|
|l| Forever1507
|l|☆clodsirebiggestfan
|player|p1|
