|j|‽necrohearts
|j|☆joooooojjj
|t:|1760452338
|gametype|singles
|player|p1|necrohearts|jupiter|1061
|player|p2|joooooojjj|169|1040
|gen|9
|tier|[Gen 9] OU
|rated|
|rule|HP Percentage Mod: HP is shown in percentages
|rule|Endless Battle Clause: Forcing endless battles is banned
|rule|Species Clause: Limit one of each Pokémon
|rule|OHKO Clause: OHKO moves are banned
|rule|Evasion Items Clause: Evasion items are banned
|rule|Evasion Moves Clause: Evasion moves are banned
|rule|Evasion Abilities Clause: Evasion abilities are banned
|rule|Sleep Moves Clause: Sleep-inducing moves are banned
|clearpoke
|poke|p1|Darkrai|
|poke|p1|Hatterene, F|
|poke|p1|Dragonite, M|
|poke|p1|Cinderace, M|
|poke|p1|Corviknight, M|
|poke|p1|Primarina, F|
|poke|p2|Charizard, M|
|poke|p2|Jumpluff, M|
|poke|p2|Thundurus, M|
|poke|p2|Talonflame, F|
|poke|p2|Gliscor, M|
|poke|p2|Corviknight, F|
|teampreview
|
|t:|1760452366
|teamsize|p1|6
|teamsize|p2|6
|start
|switch|p1a: Cinderace|Cinderace, M|100/100
|switch|p2a: Thundurus|Thundurus, M|100/100
|turn|1
|
|t:|1760452372
|move|p2a: Thundurus|Thunder Wave|p1a: Cinderace
|-status|p1a: Cinderace|par
|cant|p1a: Cinderace|par
|
|upkeep
|turn|2
|
|t:|1760452389
|move|p2a: Thundurus|Volt Switch|p1a: Cinderace
|-damage|p1a: Cinderace|49/100 par
|
|t:|1760452391
|switch|p2a: Gliscor|Gliscor, M|100/100|[from] Volt Switch
|move|p1a: Cinderace|Pyro Ball|p2a: Gliscor
|-crit|p2a: Gliscor
|-damage|p2a: Gliscor|36/100
|
|-status|p2a: Gliscor|tox|[from] item: Toxic Orb
|upkeep
|turn|3
|
|t:|1760452403
|switch|p1a: Corviknight|Corviknight, M|100/100
|-ability|p1a: Corviknight|Pressure
|move|p2a: Gliscor|Protect||[still]
|-fail|p2a: Gliscor
|
|-heal|p2a: Gliscor|49/100 tox|[from] ability: Poison Heal
|upkeep
|turn|4
|
|t:|1760452407
|move|p2a: Gliscor|Swords Dance|p2a: Gliscor
|-boost|p2a: Gliscor|atk|2
|move|p1a: Corviknight|Brave Bird|p2a: Gliscor
|-damage|p2a: Gliscor|22/100 tox
|-damage|p1a: Corviknight|93/100|[from] Recoil
|
|-heal|p2a: Gliscor|35/100 tox|[from] ability: Poison Heal
|upkeep
|turn|5
|
|t:|1760452419
|move|p2a: Gliscor|Swords Dance|p2a: Gliscor
|-boost|p2a: Gliscor|atk|2
|move|p1a: Corviknight|Defog|p2a: Gliscor
|-unboost|p2a: Gliscor|evasion|1
|
|-heal|p2a: Gliscor|47/100 tox|[from] ability: Poison Heal
|upkeep
|turn|6
|
|t:|1760452428
|move|p2a: Gliscor|Knock Off|p1a: Corviknight
|-damage|p1a: Corviknight|57/100
|-damage|p2a: Gliscor|31/100 tox|[from] item: Rocky Helmet|[of] p1a: Corviknight
|-enditem|p1a: Corviknight|Rocky Helmet|[from] move: Knock Off|[of] p2a: Gliscor
|move|p1a: Corviknight|Defog|p2a: Gliscor
|-unboost|p2a: Gliscor|evasion|1
|
|-heal|p2a: Gliscor|43/100 tox|[from] ability: Poison Heal
|upkeep
|turn|7
|
|t:|1760452436
|move|p2a: Gliscor|Facade|p1a: Corviknight
|-resisted|p1a: Corviknight
|-damage|p1a: Corviknight|28/100
|move|p1a: Corviknight|Roost|p1a: Corviknight
|-heal|p1a: Corviknight|78/100
|-singleturn|p1a: Corviknight|move: Roost
|
|-heal|p2a: Gliscor|56/100 tox|[from] ability: Poison Heal
|upkeep
|turn|8
|
|t:|1760452441
|move|p2a: Gliscor|Swords Dance|p2a: Gliscor
|-boost|p2a: Gliscor|atk|2
|move|p1a: Corviknight|U-turn|p2a: Gliscor
|-resisted|p2a: Gliscor
|-damage|p2a: Gliscor|50/100 tox
|
|t:|1760452453
|switch|p1a: Darkrai|Darkrai|100/100|[from] U-turn
|
|-heal|p2a: Gliscor|63/100 tox|[from] ability: Poison Heal
|upkeep
|turn|9
|
|t:|1760452457
|move|p2a: Gliscor|Protect|p2a: Gliscor
|-singleturn|p2a: Gliscor|Protect
|move|p1a: Darkrai|Ice Beam|p2a: Gliscor
|-activate|p2a: Gliscor|move: Protect
|
|-heal|p2a: Gliscor|75/100 tox|[from] ability: Poison Heal
|upkeep
|turn|10
|
|t:|1760452487
|move|p1a: Darkrai|Ice Beam|p2a: Gliscor
|-supereffective|p2a: Gliscor
|-damage|p2a: Gliscor|0 fnt
|faint|p2a: Gliscor
|
|upkeep
|
|t:|1760452504
|switch|p2a: Talonflame|Talonflame, F|100/100
|turn|11
|
|t:|1760452515
|switch|p1a: Hatterene|Hatterene, F|100/100
|move|p2a: Talonflame|U-turn|p1a: Hatterene
|-damage|p1a: Hatterene|85/100
|-enditem|p1a: Hatterene|Eject Button
|
|t:|1760452535
|switch|p1a: Dragonite|Dragonite, M|100/100
|
|upkeep
|turn|12
|
|t:|1760452548
|move|p2a: Talonflame|Will-O-Wisp|p1a: Dragonite|[miss]
|-miss|p2a: Talonflame|p1a: Dragonite
|move|p1a: Dragonite|Dragon Dance|p1a: Dragonite
|-boost|p1a: Dragonite|atk|1
|-boost|p1a: Dragonite|spe|1
|
|upkeep
|turn|13
|
|t:|1760452568
|switch|p1a: Hatterene|Hatterene, F|85/100
|move|p2a: Talonflame|Will-O-Wisp|p1a: Hatterene
|move|p1a: Hatterene|Will-O-Wisp|p2a: Talonflame|[from] ability: Magic Bounce
|-immune|p2a: Talonflame
|
|upkeep
|turn|14
|
|t:|1760452575
|move|p2a: Talonflame|U-turn|p1a: Hatterene
|-damage|p1a: Hatterene|70/100
|
|t:|1760452586
|switch|p2a: Thundurus|Thundurus, M|100/100|[from] U-turn
|move|p1a: Hatterene|Nuzzle|p2a: Thundurus
|-damage|p2a: Thundurus|95/100
|
|upkeep
|turn|15
|
|t:|1760452599
|move|p2a: Thundurus|Sunny Day|p2a: Thundurus
|-weather|SunnyDay
|move|p1a: Hatterene|Psychic Noise|p2a: Thundurus
|-damage|p2a: Thundurus|52/100
|-start|p2a: Thundurus|move: Heal Block
|
|-weather|SunnyDay|[upkeep]
|upkeep
|turn|16
|
|t:|1760452607
|move|p2a: Thundurus|Volt Switch|p1a: Hatterene
|-damage|p1a: Hatterene|31/100
|
|t:|1760452611
|switch|p2a: Charizard|Charizard, M|100/100|[from] Volt Switch
|move|p1a: Hatterene|Psychic Noise|p2a: Charizard
|-crit|p2a: Charizard
|-damage|p2a: Charizard|34/100
|-start|p2a: Charizard|move: Heal Block
|
|-weather|SunnyDay|[upkeep]
|-damage|p2a: Charizard|21/100|[from] ability: Solar Power|[of] p2a: Charizard
|upkeep
|turn|17
|
|t:|1760452630
|switch|p1a: Cinderace|Cinderace, M|49/100 par
|move|p2a: Charizard|Flamethrower|p1a: Cinderace
|-resisted|p1a: Cinderace
|-damage|p1a: Cinderace|0 fnt
|faint|p1a: Cinderace
|
|-weather|SunnyDay|[upkeep]
|-damage|p2a: Charizard|9/100|[from] ability: Solar Power|[of] p2a: Charizard
|-end|p2a: Charizard|move: Heal Block
|upkeep
|
|t:|1760452665
|switch|p1a: Darkrai|Darkrai|100/100
|turn|18
|
|t:|1760452675
|move|p1a: Darkrai|Ice Beam|p2a: Charizard
|-damage|p2a: Charizard|0 fnt
|faint|p2a: Charizard
|
|-weather|SunnyDay|[upkeep]
|upkeep
|
|t:|1760452677
|switch|p2a: Jumpluff|Jumpluff, M|100/100
|turn|19
|
|t:|1760452697
|switch|p1a: Corviknight|Corviknight, M|78/100
|-ability|p1a: Corviknight|Pressure
|-terastallize|p2a: Jumpluff|Fire
|move|p2a: Jumpluff|Substitute|p2a: Jumpluff
|-start|p2a: Jumpluff|Substitute
|-damage|p2a: Jumpluff|76/100
|
|-weather|SunnyDay|[upkeep]
|upkeep
|turn|20
|inactive|Battle timer is ON: inactive players will automatically lose when time's up. (requested by joooooojjj)
|
|t:|1760452720
|move|p2a: Jumpluff|Swords Dance|p2a: Jumpluff
|-boost|p2a: Jumpluff|atk|2
|move|p1a: Corviknight|Brave Bird|p2a: Jumpluff
|-end|p2a: Jumpluff|Substitute
|-damage|p1a: Corviknight|72/100|[from] Recoil|[of] p2a: Jumpluff
|
|-weather|SunnyDay|[upkeep]
|upkeep
|turn|21
|
|t:|1760452742
|move|p2a: Jumpluff|Acrobatics|p1a: Corviknight
|-resisted|p1a: Corviknight
|-damage|p1a: Corviknight|53/100
|move|p1a: Corviknight|Brave Bird|p2a: Jumpluff
|-damage|p2a: Jumpluff|15/100
|-damage|p1a: Corviknight|38/100|[from] Recoil
|
|-weather|SunnyDay|[upkeep]
|upkeep
|turn|22
|
|t:|1760452749
|move|p2a: Jumpluff|Acrobatics|p1a: Corviknight
|-resisted|p1a: Corviknight
|-crit|p1a: Corviknight
|-damage|p1a: Corviknight|6/100
|move|p1a: Corviknight|Roost|p1a: Corviknight
|-heal|p1a: Corviknight|56/100
|-singleturn|p1a: Corviknight|move: Roost
|
|-weather|none
|upkeep
|turn|23
|
|t:|1760452766
|move|p2a: Jumpluff|Acrobatics|p1a: Corviknight
|-resisted|p1a: Corviknight
|-damage|p1a: Corviknight|37/100
|move|p1a: Corviknight|Brave Bird|p2a: Jumpluff
|-damage|p2a: Jumpluff|0 fnt
|faint|p2a: Jumpluff
|-damage|p1a: Corviknight|34/100|[from] Recoil
|
|upkeep
|
|t:|1760452774
|switch|p2a: Talonflame|Talonflame, F|100/100
|turn|24
|
|t:|1760452781
|switch|p1a: Hatterene|Hatterene, F|31/100
|move|p2a: Talonflame|Flare Blitz|p1a: Hatterene
|-damage|p1a: Hatterene|0 fnt
|faint|p1a: Hatterene
|-damage|p2a: Talonflame|90/100|[from] Recoil
|
|upkeep
|
|t:|1760452796
|switch|p1a: Primarina|Primarina, F|100/100
|turn|25
|
|t:|1760452804
|move|p2a: Talonflame|U-turn|p1a: Primarina
|-resisted|p1a: Primarina
|-damage|p1a: Primarina|94/100
|
|t:|1760452808
|switch|p2a: Thundurus|Thundurus, M|52/100|[from] U-turn
|move|p1a: Primarina|Substitute|p1a: Primarina
|-start|p1a: Primarina|Substitute
|-damage|p1a: Primarina|69/100
|
|-heal|p1a: Primarina|75/100|[from] item: Leftovers
|upkeep
|turn|26
|
|t:|1760452821
|move|p2a: Thundurus|Volt Switch|p1a: Primarina
|-supereffective|p1a: Primarina
|-end|p1a: Primarina|Substitute
|
|t:|1760452824
|switch|p2a: Corviknight|Corviknight, F|100/100|[from] Volt Switch
|-ability|p2a: Corviknight|Pressure
|move|p1a: Primarina|Calm Mind|p1a: Primarina
|-boost|p1a: Primarina|spa|1
|-boost|p1a: Primarina|spd|1
|
|-heal|p1a: Primarina|81/100|[from] item: Leftovers
|upkeep
|turn|27
|
|t:|1760452846
|move|p2a: Corviknight|U-turn|p1a: Primarina
|-resisted|p1a: Primarina
|-damage|p1a: Primarina|75/100
|
|t:|1760452849
|switch|p2a: Thundurus|Thundurus, M|52/100|[from] U-turn
|move|p1a: Primarina|Substitute|p1a: Primarina
|-start|p1a: Primarina|Substitute
|-damage|p1a: Primarina|50/100
|
|-heal|p1a: Primarina|56/100|[from] item: Leftovers
|upkeep
|turn|28
|
|t:|1760452853
|move|p2a: Thundurus|Grass Knot|p1a: Primarina
|-supereffective|p1a: Primarina
|-activate|p1a: Primarina|move: Substitute|[damage]
|move|p1a: Primarina|Calm Mind|p1a: Primarina
|-boost|p1a: Primarina|spa|1
|-boost|p1a: Primarina|spd|1
|
|-heal|p1a: Primarina|62/100|[from] item: Leftovers
|upkeep
|turn|29
|
|t:|1760452860
|move|p2a: Thundurus|Grass Knot|p1a: Primarina
|-supereffective|p1a: Primarina
|-end|p1a: Primarina|Substitute
|move|p1a: Primarina|Draining Kiss|p2a: Thundurus
|-damage|p2a: Thundurus|0 fnt
|-heal|p1a: Primarina|98/100|[from] drain|[of] p2a: Thundurus
|faint|p2a: Thundurus
|
|-heal|p1a: Primarina|100/100|[from] item: Leftovers
|upkeep
|
|t:|1760452865
|switch|p2a: Corviknight|Corviknight, F|100/100
|-ability|p2a: Corviknight|Pressure
|turn|30
|
|t:|1760452867
|move|p2a: Corviknight|Brave Bird|p1a: Primarina
|-damage|p1a: Primarina|72/100
|-damage|p2a: Corviknight|92/100|[from] Recoil
|move|p1a: Primarina|Psychic Noise|p2a: Corviknight
|-damage|p2a: Corviknight|25/100
|-start|p2a: Corviknight|move: Heal Block
|
|-heal|p1a: Primarina|79/100|[from] item: Leftovers
|upkeep
|turn|31
|-message|joooooojjj forfeited.
|
|win|necrohearts
|raw|necrohearts's rating: 1061 &rarr; <strong>1090</strong><br />(+29 for winning)
|raw|joooooojjj's rating: 1040 &rarr; <strong>1025</strong><br />(-15 for losing)
|l|☆joooooojjj
|player|p2|
