|j|☆yfoyflxitgcxklghj
|j|☆3r34t45
|t:|1760448164
|gametype|singles
|player|p1|yfoyflxitgcxklghj|elesa|1376
|player|p2|3r34t45|169|1322
|gen|9
|tier|[Gen 9] OU
|rated|
|rule|HP Percentage Mod: HP is shown in percentages
|rule|Endless Battle Clause: Forcing endless battles is banned
|rule|Species Clause: Limit one of each Pokémon
|rule|OHKO Clause: OHKO moves are banned
|rule|Evasion Items Clause: Evasion items are banned
|rule|Evasion Moves Clause: Evasion moves are banned
|rule|Evasion Abilities Clause: Evasion abilities are banned
|rule|Sleep Moves Clause: Sleep-inducing moves are banned
|clearpoke
|poke|p1|Grimmsnarl, M|
|poke|p1|Heatran, M|
|poke|p1|Gholdengo|
|poke|p1|Ogerpon-Wellspring, F|
|poke|p1|Excadrill, M|
|poke|p1|Zamazenta-*|
|poke|p2|Greninja-*, M|
|poke|p2|Great Tusk|
|poke|p2|Mew|
|poke|p2|Rotom-Frost|
|poke|p2|Hydrapple, F|
|poke|p2|Slowking-Galar, M|
|teampreview
|inactive|Battle timer is ON: inactive players will automatically lose when time's up. (requested by 3r34t45)
|inactive|yfoyflxitgcxklghj also wants the timer to be on.
|
|t:|1760448172
|teamsize|p1|6
|teamsize|p2|6
|start
|switch|p1a: Ogerpon|Ogerpon-Wellspring, F|100/100
|switch|p2a: Mew|Mew|100/100
|turn|1
|
|t:|1760448177
|move|p1a: Ogerpon|Swords Dance|p1a: Ogerpon
|-boost|p1a: Ogerpon|atk|2
|move|p2a: Mew|Volt Switch|p1a: Ogerpon
|-damage|p1a: Ogerpon|75/100
|
|t:|1760448179
|switch|p2a: Hydrapple|Hydrapple, F|100/100|[from] Volt Switch
|
|upkeep
|turn|2
|
|t:|1760448186
|move|p1a: Ogerpon|Knock Off|p2a: Hydrapple
|-damage|p2a: Hydrapple|46/100
|-enditem|p2a: Hydrapple|Leftovers|[from] move: Knock Off|[of] p1a: Ogerpon
|move|p2a: Hydrapple|Giga Drain|p1a: Ogerpon
|-damage|p1a: Ogerpon|29/100
|-heal|p2a: Hydrapple|63/100|[from] drain|[of] p1a: Ogerpon
|
|upkeep
|turn|3
|
|t:|1760448194
|switch|p1a: Heatran|Heatran, M|100/100
|-item|p1a: Heatran|Air Balloon
|move|p2a: Hydrapple|Giga Drain|p1a: Heatran
|-resisted|p1a: Heatran
|-damage|p1a: Heatran|92/100
|-heal|p2a: Hydrapple|67/100|[from] drain|[of] p1a: Heatran
|-enditem|p1a: Heatran|Air Balloon
|
|upkeep
|turn|4
|
|t:|1760448202
|switch|p2a: Slowking|Slowking-Galar, M|100/100
|move|p1a: Heatran|Flash Cannon|p2a: Slowking
|-damage|p2a: Slowking|76/100
|
|-heal|p2a: Slowking|82/100|[from] item: Leftovers
|upkeep
|turn|5
|
|t:|1760448205
|move|p1a: Heatran|Earth Power|p2a: Slowking
|-supereffective|p2a: Slowking
|-crit|p2a: Slowking
|-damage|p2a: Slowking|19/100
|-prepare|p2a: Slowking|Chilly Reception|[premajor]
|move|p2a: Slowking|Chilly Reception|p2a: Slowking
|-weather|Snowscape
|
|t:|1760448209
|switch|p2a: Greninja|Greninja, M|100/100|[from] Chilly Reception
|
|-weather|Snowscape|[upkeep]
|upkeep
|turn|6
|
|t:|1760448215
|switch|p1a: Ogerpon|Ogerpon-Wellspring, F|29/100
|move|p2a: Greninja|U-turn|p1a: Ogerpon
|-start|p2a: Greninja|typechange|Bug|[from] ability: Protean
|-supereffective|p1a: Ogerpon
|-damage|p1a: Ogerpon|0 fnt
|faint|p1a: Ogerpon
|
|t:|1760448218
|switch|p2a: Mew|Mew|100/100|[from] U-turn
|
|-weather|Snowscape|[upkeep]
|upkeep
|
|t:|1760448225
|switch|p1a: Heatran|Heatran, M|92/100
|turn|7
|
|t:|1760448228
|move|p2a: Mew|Stealth Rock|p1a: Heatran
|-sidestart|p1: yfoyflxitgcxklghj|move: Stealth Rock
|move|p1a: Heatran|Earth Power|p2a: Mew
|-damage|p2a: Mew|64/100
|
|-weather|Snowscape|[upkeep]
|-heal|p2a: Mew|70/100|[from] item: Leftovers
|upkeep
|turn|8
|
|t:|1760448232
|move|p2a: Mew|Volt Switch|p1a: Heatran
|-damage|p1a: Heatran|74/100
|
|t:|1760448234
|switch|p2a: Slowking|Slowking-Galar, M|52/100|[from] Volt Switch
|move|p1a: Heatran|Flamethrower|p2a: Slowking
|-damage|p2a: Slowking|20/100
|
|-weather|Snowscape|[upkeep]
|-heal|p2a: Slowking|26/100|[from] item: Leftovers
|upkeep
|turn|9
|
|t:|1760448240
|switch|p2a: Greninja|Greninja, M|100/100
|move|p1a: Heatran|Flamethrower|p2a: Greninja
|-resisted|p2a: Greninja
|-damage|p2a: Greninja|59/100
|-status|p2a: Greninja|brn
|
|-weather|none
|-damage|p2a: Greninja|53/100 brn|[from] brn
|upkeep
|turn|10
|
|t:|1760448249
|switch|p1a: Zamazenta|Zamazenta|100/100
|-damage|p1a: Zamazenta|94/100|[from] Stealth Rock
|-ability|p1a: Zamazenta|Dauntless Shield|boost
|-boost|p1a: Zamazenta|def|1
|move|p2a: Greninja|Surf|p1a: Zamazenta
|-start|p2a: Greninja|typechange|Water|[from] ability: Protean
|-damage|p1a: Zamazenta|46/100
|
|-heal|p1a: Zamazenta|52/100|[from] item: Leftovers
|-damage|p2a: Greninja|47/100 brn|[from] brn
|upkeep
|turn|11
|
|t:|1760448258
|move|p2a: Greninja|Surf|p1a: Zamazenta
|-damage|p1a: Zamazenta|2/100
|move|p1a: Zamazenta|Iron Defense|p1a: Zamazenta
|-boost|p1a: Zamazenta|def|2
|
|-heal|p1a: Zamazenta|8/100|[from] item: Leftovers
|-damage|p2a: Greninja|41/100 brn|[from] brn
|upkeep
|turn|12
|
|t:|1760448262
|move|p2a: Greninja|Surf|p1a: Zamazenta
|-damage|p1a: Zamazenta|0 fnt
|faint|p1a: Zamazenta
|
|-damage|p2a: Greninja|35/100 brn|[from] brn
|upkeep
|
|t:|1760448266
|switch|p1a: Grimmsnarl|Grimmsnarl, M|100/100
|-damage|p1a: Grimmsnarl|88/100|[from] Stealth Rock
|turn|13
|
|t:|1760448269
|switch|p2a: Slowking|Slowking-Galar, M|59/100
|move|p1a: Grimmsnarl|Parting Shot|p2a: Slowking
|-unboost|p2a: Slowking|atk|1
|-unboost|p2a: Slowking|spa|1
|
|t:|1760448273
|switch|p1a: Heatran|Heatran, M|74/100|[from] Parting Shot
|-damage|p1a: Heatran|61/100|[from] Stealth Rock
|
|-heal|p2a: Slowking|65/100|[from] item: Leftovers
|upkeep
|turn|14
|
|t:|1760448276
|move|p1a: Heatran|Flash Cannon|p2a: Slowking
|-damage|p2a: Slowking|38/100
|-prepare|p2a: Slowking|Chilly Reception|[premajor]
|move|p2a: Slowking|Chilly Reception|p2a: Slowking
|-weather|Snowscape
|
|t:|1760448280
|switch|p2a: Greninja|Greninja, M|35/100 brn|[from] Chilly Reception
|
|-weather|Snowscape|[upkeep]
|-damage|p2a: Greninja|29/100 brn|[from] brn
|upkeep
|turn|15
|-message|yfoyflxitgcxklghj forfeited.
|
|win|3r34t45
|raw|yfoyflxitgcxklghj's rating: 1376 &rarr; <strong>1353</strong><br />(-23 for losing)
|raw|3r34t45's rating: 1322 &rarr; <strong>1345</strong><br />(+23 for winning)
|l|☆yfoyflxitgcxklghj
|player|p1|
|l|☆3r34t45
|player|p2|
