|j|☆Walking Waste
|j|☆haldernspacemarie
|t:|1760364062
|gametype|singles
|player|p1|Walking Waste|burglar-gen2|1404
|player|p2|haldernspacemarie|roxie|1406
|gen|9
|tier|[Gen 9] OU
|rated|
|rule|HP Percentage Mod: HP is shown in percentages
|rule|Endless Battle Clause: Forcing endless battles is banned
|rule|Species Clause: Limit one of each Pokémon
|rule|OHKO Clause: OHKO moves are banned
|rule|Evasion Items Clause: Evasion items are banned
|rule|Evasion Moves Clause: Evasion moves are banned
|rule|Evasion Abilities Clause: Evasion abilities are banned
|rule|Sleep Moves Clause: Sleep-inducing moves are banned
|clearpoke
|poke|p1|Dragonite, F|
|poke|p1|Deoxys-Defense|
|poke|p1|Darkrai|
|poke|p1|Great Tusk|
|poke|p1|Iron Valiant|
|poke|p1|Magnezone|
|poke|p2|Great Tusk|
|poke|p2|Heatran, M|
|poke|p2|Weavile, M|
|poke|p2|Primarina, M|
|poke|p2|Ogerpon, F|
|poke|p2|Pecharunt|
|teampreview
|inactive|Battle timer is ON: inactive players will automatically lose when time's up. (requested by Walking Waste)
|
|t:|1760364083
|teamsize|p1|6
|teamsize|p2|6
|start
|switch|p1a: Darkrai|Darkrai|100/100
|switch|p2a: Celestine|Primarina, M, shiny|100/100
|turn|1
|
|t:|1760364092
|move|p1a: Darkrai|Sludge Bomb|p2a: Celestine
|-supereffective|p2a: Celestine
|-damage|p2a: Celestine|65/100
|move|p2a: Celestine|Moonblast|p1a: Darkrai
|-supereffective|p1a: Darkrai
|-enditem|p1a: Darkrai|Focus Sash
|-damage|p1a: Darkrai|1/100
|
|upkeep
|turn|2
|
|t:|1760364103
|switch|p1a: PC_Music|Magnezone|100/100
|move|p2a: Celestine|Moonblast|p1a: PC_Music
|-resisted|p1a: PC_Music
|-damage|p1a: PC_Music|68/100
|
|-heal|p1a: PC_Music|74/100|[from] item: Leftovers
|upkeep
|turn|3
|
|t:|1760364113
|move|p1a: PC_Music|Flash Cannon|p2a: Celestine
|-damage|p2a: Celestine|45/100
|move|p2a: Celestine|Psychic Noise|p1a: PC_Music
|-damage|p1a: PC_Music|23/100
|-start|p1a: PC_Music|move: Heal Block
|
|upkeep
|turn|4
|
|t:|1760364116
|move|p1a: PC_Music|Thunderbolt|p2a: Celestine
|-supereffective|p2a: Celestine
|-damage|p2a: Celestine|4/100
|move|p2a: Celestine|Psychic Noise|p1a: PC_Music
|-damage|p1a: PC_Music|0 fnt
|faint|p1a: PC_Music
|
|upkeep
|
|t:|1760364119
|switch|p1a: Darkrai|Darkrai|1/100
|turn|5
|
|t:|1760364125
|move|p1a: Darkrai|Dark Pulse|p2a: Celestine
|-resisted|p2a: Celestine
|-damage|p2a: Celestine|0 fnt
|faint|p2a: Celestine
|
|upkeep
|
|t:|1760364127
|switch|p2a: Bandit|Weavile, M, shiny|100/100
|-ability|p2a: Bandit|Pressure
|turn|6
|
|t:|1760364134
|switch|p1a: GFOTY|Deoxys-Defense|100/100
|-ability|p1a: GFOTY|Pressure
|move|p2a: Bandit|Ice Shard|p1a: GFOTY
|-damage|p1a: GFOTY|78/100
|
|-heal|p1a: GFOTY|84/100|[from] item: Leftovers
|upkeep
|turn|7
|
|t:|1760364154
|switch|p2a: Anonymous|Ogerpon, F|100/100
|switch|p1a: Iron Valiant|Iron Valiant|100/100
|-enditem|p1a: Iron Valiant|Booster Energy
|-activate|p1a: Iron Valiant|ability: Quark Drive|[fromitem]
|-start|p1a: Iron Valiant|quarkdrivespe
|
|upkeep
|turn|8
|
|t:|1760364165
|move|p1a: Iron Valiant|Ice Punch|p2a: Anonymous
|-supereffective|p2a: Anonymous
|-damage|p2a: Anonymous|31/100
|move|p2a: Anonymous|Ivy Cudgel|p1a: Iron Valiant
|-damage|p1a: Iron Valiant|9/100
|
|upkeep
|turn|9
|
|t:|1760364171
|switch|p2a: Overseer|Pecharunt|100/100
|move|p1a: Iron Valiant|Ice Punch|p2a: Overseer
|-damage|p2a: Overseer|88/100
|-damage|p1a: Iron Valiant|0 fnt|[from] item: Rocky Helmet|[of] p2a: Overseer
|faint|p1a: Iron Valiant
|-end|p1a: Iron Valiant|Quark Drive|[silent]
|
|upkeep
|
|t:|1760364176
|switch|p1a: Darkrai|Darkrai|1/100
|turn|10
|
|t:|1760364181
|switch|p2a: Bandit|Weavile, M, shiny|100/100
|-ability|p2a: Bandit|Pressure
|move|p1a: Darkrai|Dark Pulse|p2a: Bandit
|-resisted|p2a: Bandit
|-damage|p2a: Bandit|72/100
|
|upkeep
|turn|11
|
|t:|1760364190
|switch|p1a: Great Tusk|Great Tusk|100/100
|-enditem|p1a: Great Tusk|Booster Energy
|-activate|p1a: Great Tusk|ability: Protosynthesis|[fromitem]
|-start|p1a: Great Tusk|protosynthesisspe
|move|p2a: Bandit|Triple Axel|p1a: Great Tusk
|-supereffective|p1a: Great Tusk
|-damage|p1a: Great Tusk|80/100
|-supereffective|p1a: Great Tusk
|-damage|p1a: Great Tusk|45/100
|-supereffective|p1a: Great Tusk
|-damage|p1a: Great Tusk|0 fnt
|faint|p1a: Great Tusk
|-end|p1a: Great Tusk|Protosynthesis|[silent]
|-hitcount|p1: Great Tusk|3
|
|upkeep
|
|t:|1760364199
|switch|p1a: GFOTY|Deoxys-Defense|84/100
|-ability|p1a: GFOTY|Pressure
|turn|12
|
|t:|1760364215
|switch|p2a: Anonymous|Ogerpon, F|31/100
|move|p1a: GFOTY|Cosmic Power|p1a: GFOTY
|-boost|p1a: GFOTY|def|1
|-boost|p1a: GFOTY|spd|1
|
|-heal|p1a: GFOTY|90/100|[from] item: Leftovers
|upkeep
|turn|13
|
|t:|1760364220
|move|p2a: Anonymous|U-turn|p1a: GFOTY
|-supereffective|p1a: GFOTY
|-damage|p1a: GFOTY|57/100
|
|t:|1760364223
|switch|p2a: Bandit|Weavile, M, shiny|72/100|[from] U-turn
|-ability|p2a: Bandit|Pressure
|move|p1a: GFOTY|Cosmic Power|p1a: GFOTY
|-boost|p1a: GFOTY|def|1
|-boost|p1a: GFOTY|spd|1
|
|-heal|p1a: GFOTY|64/100|[from] item: Leftovers
|upkeep
|turn|14
|
|t:|1760364227
|move|p2a: Bandit|Knock Off|p1a: GFOTY
|-supereffective|p1a: GFOTY
|-damage|p1a: GFOTY|12/100
|-enditem|p1a: GFOTY|Leftovers|[from] move: Knock Off|[of] p2a: Bandit
|move|p1a: GFOTY|Recover|p1a: GFOTY
|-heal|p1a: GFOTY|62/100
|
|upkeep
|turn|15
|
|t:|1760364242
|switch|p2a: Chaos|Heatran, M, shiny|100/100
|-item|p2a: Chaos|Air Balloon
|move|p1a: GFOTY|Recover|p1a: GFOTY
|-heal|p1a: GFOTY|100/100
|
|upkeep
|turn|16
|
|t:|1760364248
|move|p1a: GFOTY|Stored Power|p2a: Chaos
|-resisted|p2a: Chaos
|-damage|p2a: Chaos|87/100
|-enditem|p2a: Chaos|Air Balloon
|move|p2a: Chaos|Taunt|p1a: GFOTY
|-start|p1a: GFOTY|move: Taunt
|
|upkeep
|turn|17
|
|t:|1760364252
|move|p1a: GFOTY|Stored Power|p2a: Chaos
|-resisted|p2a: Chaos
|-damage|p2a: Chaos|74/100
|move|p2a: Chaos|Magma Storm|p1a: GFOTY
|-damage|p1a: GFOTY|81/100
|-activate|p1a: GFOTY|move: Magma Storm|[of] p2a: Chaos
|
|-damage|p1a: GFOTY|69/100|[from] move: Magma Storm|[partiallytrapped]
|upkeep
|turn|18
|
|t:|1760364271
|move|p1a: GFOTY|Stored Power|p2a: Chaos
|-resisted|p2a: Chaos
|-damage|p2a: Chaos|61/100
|move|p2a: Chaos|Earth Power|p1a: GFOTY
|-damage|p1a: GFOTY|57/100
|
|-damage|p1a: GFOTY|45/100|[from] move: Magma Storm|[partiallytrapped]
|upkeep
|turn|19
|
|t:|1760364281
|move|p1a: GFOTY|Stored Power|p2a: Chaos
|-resisted|p2a: Chaos
|-damage|p2a: Chaos|48/100
|move|p2a: Chaos|Earth Power|p1a: GFOTY
|-damage|p1a: GFOTY|34/100
|
|-damage|p1a: GFOTY|21/100|[from] move: Magma Storm|[partiallytrapped]
|-end|p1a: GFOTY|move: Taunt
|upkeep
|turn|20
|
|t:|1760364286
|move|p1a: GFOTY|Recover|p1a: GFOTY
|-heal|p1a: GFOTY|71/100
|move|p2a: Chaos|Taunt|p1a: GFOTY
|-start|p1a: GFOTY|move: Taunt
|
|-damage|p1a: GFOTY|59/100|[from] move: Magma Storm|[partiallytrapped]
|upkeep
|turn|21
|
|t:|1760364289
|move|p1a: GFOTY|Stored Power|p2a: Chaos
|-resisted|p2a: Chaos
|-damage|p2a: Chaos|34/100
|move|p2a: Chaos|Earth Power|p1a: GFOTY
|-damage|p1a: GFOTY|47/100
|
|-damage|p1a: GFOTY|35/100|[from] move: Magma Storm|[partiallytrapped]
|upkeep
|turn|22
|
|t:|1760364292
|move|p1a: GFOTY|Stored Power|p2a: Chaos
|-resisted|p2a: Chaos
|-damage|p2a: Chaos|21/100
|move|p2a: Chaos|Earth Power|p1a: GFOTY
|-damage|p1a: GFOTY|24/100
|
|-end|p1a: GFOTY|Magma Storm|[partiallytrapped]
|upkeep
|turn|23
|inactive|haldernspacemarie has 120 seconds left.
|
|t:|1760364335
|move|p1a: GFOTY|Stored Power|p2a: Chaos
|-resisted|p2a: Chaos
|-damage|p2a: Chaos|7/100
|move|p2a: Chaos|Magma Storm|p1a: GFOTY
|-damage|p1a: GFOTY|5/100
|-activate|p1a: GFOTY|move: Magma Storm|[of] p2a: Chaos
|
|-damage|p1a: GFOTY|0 fnt|[from] move: Magma Storm|[partiallytrapped]
|faint|p1a: GFOTY
|upkeep
|
|t:|1760364342
|switch|p1a: Darkrai|Darkrai|1/100
|turn|24
|inactive|haldernspacemarie has 120 seconds left.
|inactive|haldernspacemarie has 90 seconds left.
|inactive|haldernspacemarie has 60 seconds left.
|
|t:|1760364419
|move|p1a: Darkrai|Dark Pulse|p2a: Chaos
|-damage|p2a: Chaos|0 fnt
|faint|p2a: Chaos
|
|upkeep
|
|t:|1760364436
|switch|p2a: Bandit|Weavile, M, shiny|72/100
|-ability|p2a: Bandit|Pressure
|turn|25
|inactive|haldernspacemarie has 30 seconds left.
|
|t:|1760364459
|switch|p1a: Dragonite|Dragonite, F, shiny|100/100
|move|p2a: Bandit|Ice Shard|p1a: Dragonite
|-supereffective|p1a: Dragonite
|-damage|p1a: Dragonite|30/100
|
|upkeep
|turn|26
|
|t:|1760364474
|-terastallize|p1a: Dragonite|Normal
|move|p1a: Dragonite|Extreme Speed|p2a: Bandit
|-damage|p2a: Bandit|0 fnt
|faint|p2a: Bandit
|
|upkeep
|
|t:|1760364479
|switch|p2a: Overseer|Pecharunt|88/100
|turn|27
|
|t:|1760364485
|-terastallize|p2a: Overseer|Ghost
|move|p1a: Dragonite|Earthquake|p2a: Overseer
|-damage|p2a: Overseer|70/100
|move|p2a: Overseer|Malignant Chain|p1a: Dragonite
|-damage|p1a: Dragonite|0 fnt
|faint|p1a: Dragonite
|
|upkeep
|
|t:|1760364488
|switch|p1a: Darkrai|Darkrai|1/100
|turn|28
|inactive|haldernspacemarie has 60 seconds left.
|
|t:|1760364501
|move|p1a: Darkrai|Dark Pulse|p2a: Overseer
|-supereffective|p2a: Overseer
|-damage|p2a: Overseer|0 fnt
|faint|p2a: Overseer
|
|upkeep
|
|t:|1760364503
|switch|p2a: Behemoth|Great Tusk, shiny|100/100
|turn|29
|
|t:|1760364507
|move|p1a: Darkrai|Ice Beam|p2a: Behemoth
|-supereffective|p2a: Behemoth
|-damage|p2a: Behemoth|3/100
|move|p2a: Behemoth|Rapid Spin|p1a: Darkrai
|-damage|p1a: Darkrai|0 fnt
|-boost|p2a: Behemoth|spe|1
|faint|p1a: Darkrai
|
|win|haldernspacemarie
|raw|Walking Waste's rating: 1404 &rarr; <strong>1384</strong><br />(-20 for losing)
|raw|haldernspacemarie's rating: 1406 &rarr; <strong>1426</strong><br />(+20 for winning)
|l|☆haldernspacemarie
|player|p2|
|l|☆Walking Waste
|player|p1|
