|j|☆Aaron's lime
|j|☆popozao
|t:|1760342500
|gametype|singles
|player|p1|Aaron's lime|265|1086
|player|p2|popozao|lenora|1146
|gen|9
|tier|[Gen 9] OU
|rated|
|rule|HP Percentage Mod: HP is shown in percentages
|rule|Endless Battle Clause: Forcing endless battles is banned
|rule|Species Clause: Limit one of each Pokémon
|rule|OHKO Clause: OHKO moves are banned
|rule|Evasion Items Clause: Evasion items are banned
|rule|Evasion Moves Clause: Evasion moves are banned
|rule|Evasion Abilities Clause: Evasion abilities are banned
|rule|Sleep Moves Clause: Sleep-inducing moves are banned
|clearpoke
|poke|p1|Minior|
|poke|p1|Morpeko, M|
|poke|p1|Meloetta|
|poke|p1|Delibird, F|
|poke|p1|Lurantis, M|
|poke|p1|Lokix, M|
|poke|p2|Weezing-Galar, M|
|poke|p2|Gholdengo|
|poke|p2|Clefable, M|
|poke|p2|Rotom-Wash|
|poke|p2|Dragonite, F|
|poke|p2|Weavile, M|
|teampreview
|
|t:|1760342504
|teamsize|p1|6
|teamsize|p2|6
|start
|switch|p1a: Minior|Minior|100/100
|switch|p2a: Rotom|Rotom-Wash|100/100
|-formechange|p1a: Minior|Minior-Meteor||[from] ability: Shields Down
|turn|1
|
|t:|1760342516
|-terastallize|p1a: Minior|Flying
|move|p1a: Minior|Shell Smash|p1a: Minior
|-unboost|p1a: Minior|def|1
|-unboost|p1a: Minior|spd|1
|-boost|p1a: Minior|atk|2
|-boost|p1a: Minior|spa|2
|-boost|p1a: Minior|spe|2
|-enditem|p1a: Minior|White Herb
|-clearnegativeboost|p1a: Minior|[silent]
|move|p2a: Rotom|Hydro Pump|p1a: Minior
|-damage|p1a: Minior|52/100
|
|upkeep
|turn|2
|
|t:|1760342532
|move|p1a: Minior|Acrobatics|p2a: Rotom
|-resisted|p2a: Rotom
|-damage|p2a: Rotom|61/100
|move|p2a: Rotom|Volt Switch|p1a: Minior
|-supereffective|p1a: Minior
|-damage|p1a: Minior|0 fnt
|faint|p1a: Minior
|
|t:|1760342538
|switch|p2a: Weavile|Weavile, M|100/100|[from] Volt Switch
|-ability|p2a: Weavile|Pressure
|
|upkeep
|
|t:|1760342545
|switch|p1a: Lokix|Lokix, M|100/100
|turn|3
|
|t:|1760342547
|switch|p2a: Weezing|Weezing-Galar, M|100/100
|-ability|p2a: Weezing|Neutralizing Gas
|move|p1a: Lokix|First Impression|p2a: Weezing
|-resisted|p2a: Weezing
|-damage|p2a: Weezing|90/100
|
|upkeep
|turn|4
|
|t:|1760342556
|switch|p1a: Meloetta|Meloetta|100/100
|move|p2a: Weezing|Strange Steam|p1a: Meloetta
|-damage|p1a: Meloetta|82/100
|
|-heal|p1a: Meloetta|89/100|[from] item: Leftovers
|upkeep
|turn|5
|
|t:|1760342565
|-end|p2a: Weezing|ability: Neutralizing Gas
|switch|p2a: Rotom|Rotom-Wash|61/100
|move|p1a: Meloetta|Relic Song|p2a: Rotom
|-damage|p2a: Rotom|24/100
|-formechange|p1a: Meloetta|Meloetta-Pirouette|[msg]
|
|-heal|p1a: Meloetta|95/100|[from] item: Leftovers
|-heal|p2a: Rotom|30/100|[from] item: Leftovers
|upkeep
|turn|6
|
|t:|1760342586
|move|p2a: Rotom|Protect|p2a: Rotom
|-singleturn|p2a: Rotom|Protect
|move|p1a: Meloetta|Psyshock|p2a: Rotom
|-activate|p2a: Rotom|move: Protect
|
|-heal|p1a: Meloetta|100/100|[from] item: Leftovers
|-heal|p2a: Rotom|37/100|[from] item: Leftovers
|upkeep
|turn|7
|inactive|Battle timer is ON: inactive players will automatically lose when time's up. (requested by popozao)
|
|t:|1760342594
|switch|p2a: Gholdengo|Gholdengo|100/100
|-item|p2a: Gholdengo|Air Balloon
|move|p1a: Meloetta|Psyshock|p2a: Gholdengo
|-resisted|p2a: Gholdengo
|-damage|p2a: Gholdengo|92/100
|-enditem|p2a: Gholdengo|Air Balloon
|
|upkeep
|turn|8
|
|t:|1760342605
|move|p1a: Meloetta|Shadow Ball|p2a: Gholdengo
|-supereffective|p2a: Gholdengo
|-damage|p2a: Gholdengo|50/100
|move|p2a: Gholdengo|Make It Rain|p1a: Meloetta
|-damage|p1a: Meloetta|49/100
|-unboost|p2a: Gholdengo|spa|1
|
|-heal|p1a: Meloetta|55/100|[from] item: Leftovers
|upkeep
|turn|9
|
|t:|1760342614
|move|p1a: Meloetta|Shadow Ball|p2a: Gholdengo
|-supereffective|p2a: Gholdengo
|-damage|p2a: Gholdengo|8/100
|move|p2a: Gholdengo|Recover|p2a: Gholdengo
|-heal|p2a: Gholdengo|58/100
|
|-heal|p1a: Meloetta|61/100|[from] item: Leftovers
|upkeep
|turn|10
|
|t:|1760342622
|switch|p2a: Weavile|Weavile, M|100/100
|-ability|p2a: Weavile|Pressure
|move|p1a: Meloetta|Shadow Ball|p2a: Weavile
|-resisted|p2a: Weavile
|-damage|p2a: Weavile|84/100
|
|-heal|p1a: Meloetta|68/100|[from] item: Leftovers
|upkeep
|turn|11
|
|t:|1760342636
|switch|p2a: Clefable|Clefable, M|100/100
|move|p1a: Meloetta|Relic Song|p2a: Clefable
|-crit|p2a: Clefable
|-damage|p2a: Clefable|57/100
|-formechange|p1a: Meloetta|Meloetta|[msg]
|
|-heal|p1a: Meloetta|74/100|[from] item: Leftovers
|-heal|p2a: Clefable|63/100|[from] item: Leftovers
|upkeep
|turn|12
|
|t:|1760342647
|move|p1a: Meloetta|Knock Off|p2a: Clefable
|-resisted|p2a: Clefable
|-damage|p2a: Clefable|57/100
|-enditem|p2a: Clefable|Leftovers|[from] move: Knock Off|[of] p1a: Meloetta
|move|p2a: Clefable|Calm Mind|p2a: Clefable
|-boost|p2a: Clefable|spa|1
|-boost|p2a: Clefable|spd|1
|
|-heal|p1a: Meloetta|80/100|[from] item: Leftovers
|upkeep
|turn|13
|
|t:|1760342667
|switch|p1a: Morpeko|Morpeko, M|100/100
|-item|p1a: Morpeko|Air Balloon
|move|p2a: Clefable|Moonblast|p1a: Morpeko
|-supereffective|p1a: Morpeko
|-damage|p1a: Morpeko|0 fnt
|-enditem|p1a: Morpeko|Air Balloon
|faint|p1a: Morpeko
|
|upkeep
|
|t:|1760342673
|switch|p1a: Lurantis|Lurantis, M|100/100
|turn|14
|
|t:|1760342677
|move|p2a: Clefable|Fire Blast|p1a: Lurantis
|-supereffective|p1a: Lurantis
|-damage|p1a: Lurantis|46/100
|move|p1a: Lurantis|Superpower|p2a: Clefable
|-resisted|p2a: Clefable
|-damage|p2a: Clefable|45/100
|-boost|p1a: Lurantis|atk|1
|-boost|p1a: Lurantis|def|1
|
|-heal|p1a: Lurantis|52/100|[from] item: Leftovers
|upkeep
|turn|15
|-message|Aaron's lime forfeited.
|
|win|popozao
|raw|Aaron&apos;s lime's rating: 1086 &rarr; <strong>1067</strong><br />(-19 for losing)
|raw|popozao's rating: 1146 &rarr; <strong>1167</strong><br />(+21 for winning)
|l|☆Aaron's lime
|player|p1|
|l|☆popozao
|player|p2|
