|j|☆Majeu
|j|☆Ao_Blue_Poison
|t:|1760389116
|gametype|singles
|player|p1|Majeu|swimmer-gen4dp|1338
|player|p2|Ao_Blue_Poison|iono|1397
|gen|9
|tier|[Gen 9] OU
|rated|
|rule|HP Percentage Mod: HP is shown in percentages
|rule|Endless Battle Clause: Forcing endless battles is banned
|rule|Species Clause: Limit one of each Pokémon
|rule|OHKO Clause: OHKO moves are banned
|rule|Evasion Items Clause: Evasion items are banned
|rule|Evasion Moves Clause: Evasion moves are banned
|rule|Evasion Abilities Clause: Evasion abilities are banned
|rule|Sleep Moves Clause: Sleep-inducing moves are banned
|clearpoke
|poke|p1|Pelipper, F|
|poke|p1|Arcanine-Hisui, M|
|poke|p1|Barraskewda, M|
|poke|p1|Gliscor, M|
|poke|p1|Galvantula, F|
|poke|p1|Forretress, M|
|poke|p2|Quaquaval, F|
|poke|p2|Blaziken, M|
|poke|p2|Corviknight, F|
|poke|p2|Iron Crown|
|poke|p2|Rillaboom, M|
|poke|p2|Garganacl, M|
|teampreview
|inactive|Battle timer is ON: inactive players will automatically lose when time's up. (requested by Ao_Blue_Poison)
|
|t:|1760389127
|teamsize|p1|6
|teamsize|p2|6
|start
|switch|p1a: Gliscor|Gliscor, M, shiny|100/100
|switch|p2a: Temple|Garganacl, M, shiny|100/100
|turn|1
|
|t:|1760389138
|move|p1a: Gliscor|Earthquake|p2a: Temple
|-supereffective|p2a: Temple
|-damage|p2a: Temple|2/100
|move|p2a: Temple|Curse|p2a: Temple
|-unboost|p2a: Temple|spe|1
|-boost|p2a: Temple|atk|1
|-boost|p2a: Temple|def|1
|
|-heal|p2a: Temple|8/100|[from] item: Leftovers
|upkeep
|turn|2
|
|t:|1760389147
|switch|p2a: Percussion|Rillaboom, M, shiny|100/100
|-fieldstart|move: Grassy Terrain|[from] ability: Grassy Surge|[of] p2a: Percussion
|move|p1a: Gliscor|Earthquake|p2a: Percussion
|-resisted|p2a: Percussion
|-damage|p2a: Percussion|81/100
|
|-heal|p2a: Percussion|87/100|[from] Grassy Terrain
|upkeep
|turn|3
|
|t:|1760389155
|switch|p1a: Arcanine|Arcanine-Hisui, M, shiny|100/100
|move|p2a: Percussion|Drum Beating|p1a: Arcanine
|-damage|p1a: Arcanine|40/100
|-unboost|p1a: Arcanine|spe|1
|
|-heal|p2a: Percussion|93/100|[from] Grassy Terrain
|-heal|p1a: Arcanine|46/100|[from] Grassy Terrain
|upkeep
|turn|4
|
|t:|1760389160
|move|p2a: Percussion|Drum Beating|p1a: Arcanine
|-damage|p1a: Arcanine|0 fnt
|faint|p1a: Arcanine
|
|-heal|p2a: Percussion|99/100|[from] Grassy Terrain
|upkeep
|
|t:|1760389168
|switch|p1a: Forretress|Forretress, M, shiny|100/100
|turn|5
|
|t:|1760389170
|move|p2a: Percussion|Knock Off|p1a: Forretress
|-damage|p1a: Forretress|78/100
|-enditem|p1a: Forretress|Heavy-Duty Boots|[from] move: Knock Off|[of] p2a: Percussion
|move|p1a: Forretress|Stealth Rock|p2a: Percussion
|-sidestart|p2: Ao_Blue_Poison|move: Stealth Rock
|
|-heal|p2a: Percussion|100/100|[from] Grassy Terrain
|-heal|p1a: Forretress|84/100|[from] Grassy Terrain
|upkeep
|turn|6
|
|t:|1760389175
|move|p2a: Percussion|U-turn|p1a: Forretress
|-resisted|p1a: Forretress
|-crit|p1a: Forretress
|-damage|p1a: Forretress|71/100
|
|t:|1760389177
|switch|p2a: Sir Aaron|Corviknight, F, shiny|100/100|[from] U-turn
|-damage|p2a: Sir Aaron|88/100|[from] Stealth Rock
|-ability|p2a: Sir Aaron|Pressure
|move|p1a: Forretress|Thunder Wave|p2a: Sir Aaron
|-status|p2a: Sir Aaron|par
|
|-heal|p1a: Forretress|78/100|[from] Grassy Terrain
|-heal|p2a: Sir Aaron|94/100 par|[from] item: Leftovers
|-fieldend|move: Grassy Terrain
|upkeep
|turn|7
|
|t:|1760389189
|move|p1a: Forretress|Pain Split|p2a: Sir Aaron
|-sethp|p2a: Sir Aaron|75/100 par|[from] move: Pain Split|[silent]
|-sethp|p1a: Forretress|100/100|[from] move: Pain Split
|move|p2a: Sir Aaron|Defog|p1a: Forretress
|-unboost|p1a: Forretress|evasion|1
|-sideend|p2: Ao_Blue_Poison|Stealth Rock|[from] move: Defog|[of] p2a: Sir Aaron
|
|-heal|p2a: Sir Aaron|82/100 par|[from] item: Leftovers
|upkeep
|turn|8
|
|t:|1760389196
|switch|p2a: Temple|Garganacl, M, shiny|8/100
|move|p1a: Forretress|Stealth Rock|p2a: Temple
|-sidestart|p2: Ao_Blue_Poison|move: Stealth Rock
|
|-heal|p2a: Temple|14/100|[from] item: Leftovers
|upkeep
|turn|9
|
|t:|1760389203
|switch|p1a: Pelipper|Pelipper, F, shiny|100/100
|-weather|RainDance|[from] ability: Drizzle|[of] p1a: Pelipper
|move|p2a: Temple|Recover|p2a: Temple
|-heal|p2a: Temple|64/100
|
|-weather|RainDance|[upkeep]
|-heal|p2a: Temple|71/100|[from] item: Leftovers
|upkeep
|turn|10
|
|t:|1760389213
|switch|p2a: Percussion|Rillaboom, M, shiny|100/100
|-damage|p2a: Percussion|88/100|[from] Stealth Rock
|-fieldstart|move: Grassy Terrain|[from] ability: Grassy Surge|[of] p2a: Percussion
|move|p1a: Pelipper|Surf|p2a: Percussion
|-resisted|p2a: Percussion
|-damage|p2a: Percussion|46/100
|
|-weather|RainDance|[upkeep]
|-heal|p2a: Percussion|52/100|[from] Grassy Terrain
|upkeep
|turn|11
|
|t:|1760389224
|switch|p1a: Forretress|Forretress, M, shiny|100/100
|move|p2a: Percussion|Drum Beating|p1a: Forretress
|-resisted|p1a: Forretress
|-damage|p1a: Forretress|93/100
|-unboost|p1a: Forretress|spe|1
|
|-weather|RainDance|[upkeep]
|-heal|p2a: Percussion|58/100|[from] Grassy Terrain
|-heal|p1a: Forretress|99/100|[from] Grassy Terrain
|upkeep
|turn|12
|
|t:|1760389232
|move|p2a: Percussion|U-turn|p1a: Forretress
|-resisted|p1a: Forretress
|-damage|p1a: Forretress|91/100
|
|t:|1760389234
|switch|p2a: Temple|Garganacl, M, shiny|71/100|[from] U-turn
|-damage|p2a: Temple|58/100|[from] Stealth Rock
|move|p1a: Forretress|Thunder Wave|p2a: Temple
|-immune|p2a: Temple|[from] ability: Purifying Salt
|
|-weather|RainDance|[upkeep]
|-heal|p2a: Temple|64/100|[from] Grassy Terrain
|-heal|p2a: Temple|71/100|[from] item: Leftovers
|-heal|p1a: Forretress|97/100|[from] Grassy Terrain
|upkeep
|turn|13
|
|t:|1760389245
|switch|p1a: Pelipper|Pelipper, F, shiny|100/100
|move|p2a: Temple|Salt Cure|p1a: Pelipper
|-supereffective|p1a: Pelipper
|-damage|p1a: Pelipper|69/100
|-start|p1a: Pelipper|Salt Cure
|
|-weather|none
|-heal|p2a: Temple|77/100|[from] Grassy Terrain
|-heal|p2a: Temple|83/100|[from] item: Leftovers
|-damage|p1a: Pelipper|44/100|[from] Salt Cure
|upkeep
|turn|14
|
|t:|1760389256
|move|p1a: Pelipper|Hurricane|p2a: Temple
|-resisted|p2a: Temple
|-damage|p2a: Temple|59/100
|move|p2a: Temple|Salt Cure|p1a: Pelipper
|-supereffective|p1a: Pelipper
|-damage|p1a: Pelipper|16/100
|
|-heal|p2a: Temple|65/100|[from] Grassy Terrain
|-heal|p2a: Temple|71/100|[from] item: Leftovers
|-damage|p1a: Pelipper|0 fnt|[from] Salt Cure
|faint|p1a: Pelipper
|-fieldend|move: Grassy Terrain
|upkeep
|
|t:|1760389263
|switch|p1a: Galvantula|Galvantula, F|100/100
|turn|15
|
|t:|1760389271
|-terastallize|p1a: Galvantula|Grass
|move|p1a: Galvantula|Energy Ball|p2a: Temple
|-supereffective|p2a: Temple
|-damage|p2a: Temple|0 fnt
|faint|p2a: Temple
|
|upkeep
|
|t:|1760389289
|switch|p2a: Axel|Blaziken, M, shiny|100/100
|-damage|p2a: Axel|88/100|[from] Stealth Rock
|turn|16
|
|t:|1760389296
|switch|p1a: Barraskewda|Barraskewda, M|100/100
|move|p2a: Axel|Protect||[still]
|-fail|p2a: Axel
|
|-heal|p2a: Axel|94/100|[from] item: Leftovers
|-ability|p2a: Axel|Speed Boost|boost
|-boost|p2a: Axel|spe|1
|upkeep
|turn|17
|
|t:|1760389301
|switch|p2a: Tachyon|Iron Crown|100/100
|-damage|p2a: Tachyon|94/100|[from] Stealth Rock
|-enditem|p2a: Tachyon|Booster Energy
|-activate|p2a: Tachyon|ability: Quark Drive|[fromitem]
|-start|p2a: Tachyon|quarkdrivespa
|move|p1a: Barraskewda|Aqua Jet|p2a: Tachyon
|-damage|p2a: Tachyon|58/100
|
|upkeep
|turn|18
|
|t:|1760389308
|switch|p1a: Forretress|Forretress, M, shiny|97/100
|move|p2a: Tachyon|Volt Switch|p1a: Forretress
|-damage|p1a: Forretress|59/100
|
|t:|1760389311
|-end|p2a: Tachyon|Quark Drive|[silent]
|switch|p2a: Axel|Blaziken, M, shiny|94/100|[from] Volt Switch
|-damage|p2a: Axel|82/100|[from] Stealth Rock
|
|-heal|p2a: Axel|88/100|[from] item: Leftovers
|upkeep
|turn|19
|
|t:|1760389317
|move|p2a: Axel|Flamethrower|p1a: Forretress
|-supereffective|p1a: Forretress
|-crit|p1a: Forretress
|-damage|p1a: Forretress|0 fnt
|faint|p1a: Forretress
|
|-heal|p2a: Axel|94/100|[from] item: Leftovers
|-ability|p2a: Axel|Speed Boost|boost
|-boost|p2a: Axel|spe|1
|upkeep
|
|t:|1760389321
|switch|p1a: Barraskewda|Barraskewda, M|100/100
|turn|20
|
|t:|1760389327
|switch|p2a: Sir Aaron|Corviknight, F, shiny|82/100 par
|-damage|p2a: Sir Aaron|69/100 par|[from] Stealth Rock
|-ability|p2a: Sir Aaron|Pressure
|move|p1a: Barraskewda|Liquidation|p2a: Sir Aaron
|-damage|p2a: Sir Aaron|19/100 par
|-unboost|p2a: Sir Aaron|def|1
|
|-heal|p2a: Sir Aaron|26/100 par|[from] item: Leftovers
|upkeep
|turn|21
|
|t:|1760389331
|move|p1a: Barraskewda|Liquidation|p2a: Sir Aaron
|-damage|p2a: Sir Aaron|0 fnt
|faint|p2a: Sir Aaron
|
|upkeep
|
|t:|1760389334
|switch|p2a: Percussion|Rillaboom, M, shiny|58/100
|-damage|p2a: Percussion|46/100|[from] Stealth Rock
|-fieldstart|move: Grassy Terrain|[from] ability: Grassy Surge|[of] p2a: Percussion
|turn|22
|
|t:|1760389338
|switch|p1a: Gliscor|Gliscor, M, shiny|100/100
|move|p2a: Percussion|Drum Beating|p1a: Gliscor
|-damage|p1a: Gliscor|52/100
|-unboost|p1a: Gliscor|spe|1
|
|-heal|p2a: Percussion|52/100|[from] Grassy Terrain
|upkeep
|turn|23
|
|t:|1760389346
|move|p2a: Percussion|Drum Beating|p1a: Gliscor
|-damage|p1a: Gliscor|5/100
|-unboost|p1a: Gliscor|spe|1
|move|p1a: Gliscor|Fire Fang|p2a: Percussion
|-supereffective|p2a: Percussion
|-damage|p2a: Percussion|0 fnt
|faint|p2a: Percussion
|
|upkeep
|
|t:|1760389349
|switch|p2a: Harlequin|Quaquaval, F, shiny|100/100
|-damage|p2a: Harlequin|94/100|[from] Stealth Rock
|turn|24
|
|t:|1760389353
|switch|p1a: Galvantula|Galvantula, F, tera:Grass|100/100
|move|p2a: Harlequin|Aqua Step|p1a: Galvantula
|-resisted|p1a: Galvantula
|-damage|p1a: Galvantula|63/100
|-boost|p2a: Harlequin|spe|1
|
|-heal|p2a: Harlequin|100/100|[from] Grassy Terrain
|-heal|p1a: Galvantula|69/100|[from] Grassy Terrain
|upkeep
|turn|25
|
|t:|1760389362
|-terastallize|p2a: Harlequin|Steel
|move|p2a: Harlequin|Brave Bird|p1a: Galvantula
|-supereffective|p1a: Galvantula
|-damage|p1a: Galvantula|0 fnt
|faint|p1a: Galvantula
|-ability|p2a: Harlequin|Moxie|boost
|-boost|p2a: Harlequin|atk|1
|-damage|p2a: Harlequin|80/100|[from] Recoil
|
|-heal|p2a: Harlequin|86/100|[from] Grassy Terrain
|-heal|p2a: Harlequin|92/100|[from] item: Leftovers
|upkeep
|
|t:|1760389370
|switch|p1a: Gliscor|Gliscor, M, shiny|5/100
|turn|26
|
|t:|1760389373
|move|p2a: Harlequin|Aqua Step|p1a: Gliscor
|-supereffective|p1a: Gliscor
|-damage|p1a: Gliscor|0 fnt
|-boost|p2a: Harlequin|spe|1
|faint|p1a: Gliscor
|-ability|p2a: Harlequin|Moxie|boost
|-boost|p2a: Harlequin|atk|1
|
|-heal|p2a: Harlequin|99/100|[from] Grassy Terrain
|-heal|p2a: Harlequin|100/100|[from] item: Leftovers
|-fieldend|move: Grassy Terrain
|upkeep
|
|t:|1760389376
|switch|p1a: Barraskewda|Barraskewda, M|100/100
|turn|27
|
|t:|1760389378
|move|p2a: Harlequin|Close Combat|p1a: Barraskewda
|-damage|p1a: Barraskewda|0 fnt
|-unboost|p2a: Harlequin|def|1
|-unboost|p2a: Harlequin|spd|1
|faint|p1a: Barraskewda
|
|win|Ao_Blue_Poison
|raw|Majeu's rating: 1338 &rarr; <strong>1321</strong><br />(-17 for losing)
|raw|Ao_Blue_Poison's rating: 1397 &rarr; <strong>1414</strong><br />(+17 for winning)
|l|☆Majeu
|player|p1|
|l|☆Ao_Blue_Poison
|player|p2|
