|j|☆frostywingz
|j|☆hi im squid
|t:|1760455110
|gametype|singles
|player|p1|frostywingz|dahlia|1228
|player|p2|hi im squid|unknown|1178
|gen|9
|tier|[Gen 9] OU
|rated|
|rule|HP Percentage Mod: HP is shown in percentages
|rule|Endless Battle Clause: Forcing endless battles is banned
|rule|Species Clause: Limit one of each Pokémon
|rule|OHKO Clause: OHKO moves are banned
|rule|Evasion Items Clause: Evasion items are banned
|rule|Evasion Moves Clause: Evasion moves are banned
|rule|Evasion Abilities Clause: Evasion abilities are banned
|rule|Sleep Moves Clause: Sleep-inducing moves are banned
|clearpoke
|poke|p1|Scizor, M|
|poke|p1|Oricorio-Sensu, M|
|poke|p1|Salazzle, F|
|poke|p1|Meowscarada, F|
|poke|p1|Slowbro, F|
|poke|p1|Skarmory, M|
|poke|p2|Metagross|
|poke|p2|Forretress, F|
|poke|p2|Slither Wing|
|poke|p2|Basculegion-F, F|
|poke|p2|Glimmora, M|
|poke|p2|Magneton|
|teampreview
|inactive|Battle timer is ON: inactive players will automatically lose when time's up. (requested by hi im squid)
|
|t:|1760455128
|teamsize|p1|6
|teamsize|p2|6
|start
|switch|p1a: Salazzle|Salazzle, F|100/100
|switch|p2a: Slither Wing|Slither Wing|100/100
|-enditem|p2a: Slither Wing|Booster Energy
|-activate|p2a: Slither Wing|ability: Protosynthesis|[fromitem]
|-start|p2a: Slither Wing|protosynthesisatk
|turn|1
|
|t:|1760455137
|move|p1a: Salazzle|Nasty Plot|p1a: Salazzle
|-boost|p1a: Salazzle|spa|2
|move|p2a: Slither Wing|Trailblaze|p1a: Salazzle
|-resisted|p1a: Salazzle
|-damage|p1a: Salazzle|90/100
|-boost|p2a: Slither Wing|spe|1
|
|upkeep
|turn|2
|
|t:|1760455141
|move|p2a: Slither Wing|Earthquake|p1a: Salazzle
|-supereffective|p1a: Salazzle
|-damage|p1a: Salazzle|0 fnt
|faint|p1a: Salazzle
|
|upkeep
|
|t:|1760455144
|switch|p1a: Oricorio|Oricorio-Sensu, M|100/100
|turn|3
|
|t:|1760455148
|move|p2a: Slither Wing|Acrobatics|p1a: Oricorio
|-damage|p1a: Oricorio|26/100
|move|p1a: Oricorio|Hurricane|p2a: Slither Wing
|-supereffective|p2a: Slither Wing
|-damage|p2a: Slither Wing|0 fnt
|faint|p2a: Slither Wing
|-end|p2a: Slither Wing|Protosynthesis|[silent]
|
|upkeep
|
|t:|1760455154
|switch|p2a: Glimmora|Glimmora, M, shiny|100/100
|turn|4
|
|t:|1760455157
|move|p2a: Glimmora|Power Gem|p1a: Oricorio
|-supereffective|p1a: Oricorio
|-damage|p1a: Oricorio|0 fnt
|faint|p1a: Oricorio
|
|upkeep
|
|t:|1760455164
|switch|p1a: Scizor|Scizor, M|100/100
|turn|5
|
|t:|1760455169
|switch|p2a: Basculegion|Basculegion-F, F, shiny|100/100
|move|p1a: Scizor|Swords Dance|p1a: Scizor
|-boost|p1a: Scizor|atk|2
|
|upkeep
|turn|6
|
|t:|1760455172
|move|p1a: Scizor|Bullet Punch|p2a: Basculegion
|-resisted|p2a: Basculegion
|-damage|p2a: Basculegion|54/100
|-damage|p1a: Scizor|91/100|[from] item: Life Orb
|move|p2a: Basculegion|Surf|p1a: Scizor
|-damage|p1a: Scizor|43/100
|
|upkeep
|turn|7
|
|t:|1760455179
|switch|p2a: Magneton|Magneton|100/100
|move|p1a: Scizor|Bullet Punch|p2a: Magneton
|-resisted|p2a: Magneton
|-damage|p2a: Magneton|87/100
|-damage|p1a: Scizor|33/100|[from] item: Life Orb
|
|upkeep
|turn|8
|
|t:|1760455185
|move|p2a: Magneton|Discharge|p1a: Scizor
|-damage|p1a: Scizor|0 fnt
|faint|p1a: Scizor
|
|upkeep
|
|t:|1760455189
|switch|p1a: Skarmory|Skarmory, M|100/100
|turn|9
|
|t:|1760455197
|-terastallize|p1a: Skarmory|Fire
|move|p1a: Skarmory|Swords Dance|p1a: Skarmory
|-boost|p1a: Skarmory|atk|2
|move|p2a: Magneton|Discharge|p1a: Skarmory
|-damage|p1a: Skarmory|30/100
|
|upkeep
|turn|10
|
|t:|1760455203
|move|p1a: Skarmory|Tera Blast|p2a: Magneton|[anim] Tera Blast Fire
|-supereffective|p2a: Magneton
|-damage|p2a: Magneton|5/100
|move|p2a: Magneton|Discharge|p1a: Skarmory
|-damage|p1a: Skarmory|0 fnt
|faint|p1a: Skarmory
|
|upkeep
|
|t:|1760455209
|switch|p1a: Meowscarada|Meowscarada, F|100/100
|turn|11
|
|t:|1760455212
|move|p1a: Meowscarada|Knock Off|p2a: Magneton
|-damage|p2a: Magneton|0 fnt
|-enditem|p2a: Magneton|Eviolite|[from] move: Knock Off|[of] p1a: Meowscarada
|faint|p2a: Magneton
|
|upkeep
|
|t:|1760455217
|switch|p2a: Glimmora|Glimmora, M, shiny|100/100
|turn|12
|
|t:|1760455220
|move|p2a: Glimmora|Sludge Wave|p1a: Meowscarada
|-supereffective|p1a: Meowscarada
|-enditem|p1a: Meowscarada|Focus Sash
|-damage|p1a: Meowscarada|1/100
|move|p1a: Meowscarada|Knock Off|p2a: Glimmora
|-damage|p2a: Glimmora|48/100
|-activate|p2a: Glimmora|ability: Toxic Debris
|-sidestart|p1: frostywingz|move: Toxic Spikes
|-enditem|p2a: Glimmora|Choice Scarf|[from] move: Knock Off|[of] p1a: Meowscarada
|
|upkeep
|turn|13
|
|t:|1760455230
|switch|p2a: Forretress|Forretress, F|100/100
|move|p1a: Meowscarada|Flower Trick|p2a: Forretress
|-resisted|p2a: Forretress
|-crit|p2a: Forretress
|-damage|p2a: Forretress|91/100
|-enditem|p2a: Forretress|Red Card|[of] p1a: Meowscarada
|drag|p1a: Slowbro|Slowbro, F, shiny|100/100
|-status|p1a: Slowbro|psn
|
|-damage|p1a: Slowbro|88/100 psn|[from] psn
|upkeep
|turn|14
|
|t:|1760455233
|move|p2a: Forretress|Volt Switch|p1a: Slowbro
|-supereffective|p1a: Slowbro
|-damage|p1a: Slowbro|70/100 psn
|-message|frostywingz forfeited.
|
|win|hi im squid
|raw|frostywingz's rating: 1228 &rarr; <strong>1199</strong><br />(-29 for losing)
|raw|hi im squid's rating: 1178 &rarr; <strong>1207</strong><br />(+29 for winning)
|l|☆frostywingz
|player|p1|
|l|☆hi im squid
|player|p2|
