|j|☆HEEEEEEEEELP
|j|☆Limelight_01
|t:|1760434378
|gametype|singles
|player|p1|HEEEEEEEEELP|170|1105
|player|p2|Limelight_01|2|1108
|gen|9
|tier|[Gen 9] OU
|rated|
|rule|HP Percentage Mod: HP is shown in percentages
|rule|Endless Battle Clause: Forcing endless battles is banned
|rule|Species Clause: Limit one of each Pokémon
|rule|OHKO Clause: OHKO moves are banned
|rule|Evasion Items Clause: Evasion items are banned
|rule|Evasion Moves Clause: Evasion moves are banned
|rule|Evasion Abilities Clause: Evasion abilities are banned
|rule|Sleep Moves Clause: Sleep-inducing moves are banned
|clearpoke
|poke|p1|Ribombee, F|
|poke|p1|Glimmora, F|
|poke|p1|Gholdengo|
|poke|p1|Samurott-Hisui, M|
|poke|p1|Rillaboom, M|
|poke|p1|Conkeldurr, F|
|poke|p2|Darkrai|
|poke|p2|Slowking-Galar, F|
|poke|p2|Iron Valiant|
|poke|p2|Cinderace, F|
|poke|p2|Alomomola, M|
|poke|p2|Latias, F|
|teampreview
|inactive|Battle timer is ON: inactive players will automatically lose when time's up. (requested by Limelight_01)
|
|t:|1760434387
|teamsize|p1|6
|teamsize|p2|6
|start
|switch|p1a: Ribombee|Ribombee, F|100/100
|switch|p2a: Latias|Latias, F, shiny|100/100
|turn|1
|
|t:|1760434396
|move|p1a: Ribombee|Sticky Web|p2a: Latias
|-sidestart|p2: Limelight_01|move: Sticky Web
|move|p2a: Latias|Agility|p2a: Latias
|-boost|p2a: Latias|spe|2
|
|upkeep
|turn|2
|inactive|Limelight_01 has 120 seconds left.
|
|t:|1760434428
|-terastallize|p2a: Latias|Poison
|move|p2a: Latias|Calm Mind|p2a: Latias
|-boost|p2a: Latias|spa|1
|-boost|p2a: Latias|spd|1
|move|p1a: Ribombee|Quiver Dance|p1a: Ribombee
|-boost|p1a: Ribombee|spa|1
|-boost|p1a: Ribombee|spd|1
|-boost|p1a: Ribombee|spe|1
|
|upkeep
|turn|3
|
|t:|1760434437
|move|p1a: Ribombee|Moonblast|p2a: Latias
|-resisted|p2a: Latias
|-damage|p2a: Latias|85/100
|move|p2a: Latias|Stored Power|p1a: Ribombee
|-damage|p1a: Ribombee|10/100
|
|upkeep
|turn|4
|
|t:|1760434445
|move|p1a: Ribombee|Bug Buzz|p2a: Latias
|-resisted|p2a: Latias
|-damage|p2a: Latias|70/100
|move|p2a: Latias|Calm Mind|p2a: Latias
|-boost|p2a: Latias|spa|1
|-boost|p2a: Latias|spd|1
|
|upkeep
|turn|5
|
|t:|1760434472
|switch|p1a: Rillaboom|Rillaboom, M|100/100
|-fieldstart|move: Grassy Terrain|[from] ability: Grassy Surge|[of] p1a: Rillaboom
|move|p2a: Latias|Calm Mind|p2a: Latias
|-boost|p2a: Latias|spa|1
|-boost|p2a: Latias|spd|1
|
|upkeep
|turn|6
|
|t:|1760434482
|-terastallize|p1a: Rillaboom|Grass
|move|p1a: Rillaboom|Grassy Glide|p2a: Latias
|-resisted|p2a: Latias
|-damage|p2a: Latias|43/100
|move|p2a: Latias|Stored Power|p1a: Rillaboom
|-damage|p1a: Rillaboom|0 fnt
|faint|p1a: Rillaboom
|
|upkeep
|
|t:|1760434491
|switch|p1a: Conkeldurr|Conkeldurr, F|100/100
|turn|7
|
|t:|1760434504
|move|p1a: Conkeldurr|Mach Punch|p2a: Latias
|-resisted|p2a: Latias
|-damage|p2a: Latias|30/100
|move|p2a: Latias|Stored Power|p1a: Conkeldurr
|-supereffective|p1a: Conkeldurr
|-damage|p1a: Conkeldurr|0 fnt
|faint|p1a: Conkeldurr
|
|upkeep
|
|t:|1760434508
|switch|p1a: Ribombee|Ribombee, F|10/100
|turn|8
|
|t:|1760434520
|move|p2a: Latias|Ice Beam|p1a: Ribombee
|-damage|p1a: Ribombee|0 fnt
|faint|p1a: Ribombee
|
|upkeep
|
|t:|1760434527
|switch|p1a: Samurott|Samurott-Hisui, M|100/100
|turn|9
|
|t:|1760434531
|move|p2a: Latias|Ice Beam|p1a: Samurott
|-resisted|p1a: Samurott
|-damage|p1a: Samurott|53/100
|move|p1a: Samurott|Ceaseless Edge|p2a: Latias
|-damage|p2a: Latias|0 fnt
|-sidestart|p2: Limelight_01|Spikes
|faint|p2a: Latias
|
|-heal|p1a: Samurott|59/100|[from] Grassy Terrain
|upkeep
|
|t:|1760434544
|switch|p2a: Cinderace|Cinderace, F|100/100
|turn|10
|
|t:|1760434550
|move|p2a: Cinderace|Court Change|p2a: Cinderace
|-start|p2a: Cinderace|typechange|Normal|[from] ability: Libero
|-swapsideconditions
|-activate|p2a: Cinderace|move: Court Change
|move|p1a: Samurott|Ceaseless Edge|p2a: Cinderace|[miss]
|-miss|p1a: Samurott|p2a: Cinderace
|
|-heal|p1a: Samurott|66/100|[from] Grassy Terrain
|upkeep
|turn|11
|
|t:|1760434561
|move|p2a: Cinderace|U-turn|p1a: Samurott
|-supereffective|p1a: Samurott
|-damage|p1a: Samurott|12/100
|
|t:|1760434564
|switch|p2a: Slowking|Slowking-Galar, F|100/100|[from] U-turn
|move|p1a: Samurott|Ceaseless Edge|p2a: Slowking
|-supereffective|p2a: Slowking
|-damage|p2a: Slowking|0 fnt
|-damage|p1a: Samurott|0 fnt|[from] item: Rocky Helmet|[of] p2a: Slowking
|faint|p2a: Slowking
|faint|p1a: Samurott
|
|upkeep
|inactive|Limelight_01 has 120 seconds left.
|
|t:|1760434613
|switch|p1a: Glimmora|Glimmora, F|100/100
|switch|p2a: Darkrai|Darkrai, shiny|100/100
|turn|12
|
|t:|1760434625
|move|p2a: Darkrai|Focus Blast|p1a: Glimmora
|-damage|p1a: Glimmora|22/100
|-damage|p2a: Darkrai|91/100|[from] item: Life Orb
|move|p1a: Glimmora|Mortal Spin|p2a: Darkrai
|-crit|p2a: Darkrai
|-damage|p2a: Darkrai|76/100
|-status|p2a: Darkrai|psn
|-sideend|p1: HEEEEEEEEELP|Spikes|[from] move: Mortal Spin|[of] p1a: Glimmora
|-sideend|p1: HEEEEEEEEELP|Sticky Web|[from] move: Mortal Spin|[of] p1a: Glimmora
|
|-heal|p2a: Darkrai|82/100 psn|[from] Grassy Terrain
|-heal|p1a: Glimmora|28/100|[from] Grassy Terrain
|-damage|p2a: Darkrai|69/100 psn|[from] psn
|-fieldend|move: Grassy Terrain
|upkeep
|turn|13
|inactive|Limelight_01 has 90 seconds left.
|
|t:|1760434654
|move|p2a: Darkrai|Ice Beam|p1a: Glimmora
|-damage|p1a: Glimmora|0 fnt
|faint|p1a: Glimmora
|-damage|p2a: Darkrai|59/100 psn|[from] item: Life Orb
|
|-damage|p2a: Darkrai|47/100 psn|[from] psn
|upkeep
|
|t:|1760434663
|switch|p1a: Gholdengo|Gholdengo|100/100
|turn|14
|
|t:|1760434671
|move|p2a: Darkrai|Sucker Punch|p1a: Gholdengo
|-supereffective|p1a: Gholdengo
|-damage|p1a: Gholdengo|34/100
|-damage|p2a: Darkrai|37/100 psn|[from] item: Life Orb
|move|p1a: Gholdengo|Dazzling Gleam|p2a: Darkrai
|-supereffective|p2a: Darkrai
|-damage|p2a: Darkrai|0 fnt
|faint|p2a: Darkrai
|
|upkeep
|
|t:|1760434681
|switch|p2a: Cinderace|Cinderace, F|100/100
|turn|15
|
|t:|1760434685
|move|p2a: Cinderace|Pyro Ball|p1a: Gholdengo
|-supereffective|p1a: Gholdengo
|-damage|p1a: Gholdengo|0 fnt
|faint|p1a: Gholdengo
|
|win|Limelight_01
|raw|HEEEEEEEEELP's rating: 1105 &rarr; <strong>1080</strong><br />(-25 for losing)
|raw|Limelight_01's rating: 1108 &rarr; <strong>1133</strong><br />(+25 for winning)
|l|☆HEEEEEEEEELP
|player|p1|
|l|☆Limelight_01
|player|p2|
