|j|☆eevee1995
|j|☆iajeip
|t:|1760372140
|gametype|singles
|player|p1|eevee1995|cynthia-masters|1012
|player|p2|iajeip|266|1000
|gen|9
|tier|[Gen 9] OU
|rated|
|rule|HP Percentage Mod: HP is shown in percentages
|rule|Endless Battle Clause: Forcing endless battles is banned
|rule|Species Clause: Limit one of each Pokémon
|rule|OHKO Clause: OHKO moves are banned
|rule|Evasion Items Clause: Evasion items are banned
|rule|Evasion Moves Clause: Evasion moves are banned
|rule|Evasion Abilities Clause: Evasion abilities are banned
|rule|Sleep Moves Clause: Sleep-inducing moves are banned
|clearpoke
|poke|p1|Lokix, M|
|poke|p1|Araquanid, M|
|poke|p1|Galvantula, M|
|poke|p1|Scizor, M|
|poke|p1|Yanmega, M|
|poke|p1|Forretress, F|
|poke|p2|Garchomp, F|
|poke|p2|Ceruledge, F|
|poke|p2|Crawdaunt, F|
|poke|p2|Staraptor, M|
|poke|p2|Shiftry, M|
|poke|p2|Gliscor, M|
|teampreview
|inactive|Battle timer is ON: inactive players will automatically lose when time's up. (requested by eevee1995)
|
|t:|1760372154
|teamsize|p1|6
|teamsize|p2|6
|start
|switch|p1a: Peter B. Parker|Araquanid, M, shiny|100/100
|switch|p2a: Ceruledge|Ceruledge, F|100/100
|turn|1
|
|t:|1760372164
|switch|p2a: Shiftry|Shiftry, M|100/100
|move|p1a: Peter B. Parker|Liquidation|p2a: Shiftry
|-resisted|p2a: Shiftry
|-damage|p2a: Shiftry|56/100
|
|upkeep
|turn|2
|
|t:|1760372172
|move|p2a: Shiftry|Sucker Punch||[still]
|-fail|p2a: Shiftry
|move|p1a: Peter B. Parker|Sticky Web|p2a: Shiftry
|-sidestart|p2: iajeip|move: Sticky Web
|
|upkeep
|turn|3
|
|t:|1760372181
|switch|p2a: Staraptor|Staraptor, M|100/100
|move|p1a: Peter B. Parker|Bug Bite|p2a: Staraptor
|-resisted|p2a: Staraptor
|-damage|p2a: Staraptor|86/100
|
|-heal|p2a: Staraptor|92/100|[from] item: Leftovers
|upkeep
|turn|4
|
|t:|1760372191
|switch|p1a: Tickle bomb|Forretress, F, shiny|100/100
|move|p2a: Staraptor|Brave Bird|p1a: Tickle bomb
|-crit|p1a: Tickle bomb
|-damage|p1a: Tickle bomb|48/100
|-damage|p2a: Staraptor|73/100|[from] Recoil
|
|-heal|p2a: Staraptor|79/100|[from] item: Leftovers
|-heal|p1a: Tickle bomb|54/100|[from] item: Leftovers
|upkeep
|turn|5
|
|t:|1760372204
|switch|p2a: Shiftry|Shiftry, M|56/100
|-activate|p2a: Shiftry|move: Sticky Web
|-unboost|p2a: Shiftry|spe|1
|move|p1a: Tickle bomb|Toxic Spikes|p2a: Shiftry
|-sidestart|p2: iajeip|move: Toxic Spikes
|
|-heal|p1a: Tickle bomb|60/100|[from] item: Leftovers
|upkeep
|turn|6
|
|t:|1760372218
|move|p2a: Shiftry|Knock Off|p1a: Tickle bomb
|-crit|p1a: Tickle bomb
|-damage|p1a: Tickle bomb|32/100
|-enditem|p1a: Tickle bomb|Leftovers|[from] move: Knock Off|[of] p2a: Shiftry
|move|p1a: Tickle bomb|Toxic Spikes|p2a: Shiftry
|-sidestart|p2: iajeip|move: Toxic Spikes
|
|upkeep
|turn|7
|
|t:|1760372226
|move|p2a: Shiftry|Knock Off|p1a: Tickle bomb
|-damage|p1a: Tickle bomb|17/100
|move|p1a: Tickle bomb|Stealth Rock|p2a: Shiftry
|-sidestart|p2: iajeip|move: Stealth Rock
|
|upkeep
|turn|8
|
|t:|1760372232
|move|p2a: Shiftry|Knock Off|p1a: Tickle bomb
|-damage|p1a: Tickle bomb|4/100
|move|p1a: Tickle bomb|Spikes|p2a: Shiftry
|-sidestart|p2: iajeip|Spikes
|
|upkeep
|turn|9
|
|t:|1760372239
|move|p2a: Shiftry|Knock Off|p1a: Tickle bomb
|-damage|p1a: Tickle bomb|0 fnt
|faint|p1a: Tickle bomb
|
|upkeep
|
|t:|1760372243
|switch|p1a: Bugsly|Lokix, M, shiny|100/100
|turn|10
|
|t:|1760372248
|switch|p2a: Gliscor|Gliscor, M|100/100
|-damage|p2a: Gliscor|88/100|[from] Stealth Rock
|move|p1a: Bugsly|U-turn|p2a: Gliscor
|-resisted|p2a: Gliscor
|-damage|p2a: Gliscor|59/100
|
|t:|1760372256
|switch|p1a: Peter B. Parker|Araquanid, M, shiny|100/100|[from] U-turn
|
|-status|p2a: Gliscor|tox|[from] item: Toxic Orb
|upkeep
|turn|11
|
|t:|1760372263
|move|p2a: Gliscor|Protect|p2a: Gliscor
|-singleturn|p2a: Gliscor|Protect
|move|p1a: Peter B. Parker|Liquidation|p2a: Gliscor
|-activate|p2a: Gliscor|move: Protect
|
|-heal|p2a: Gliscor|71/100 tox|[from] ability: Poison Heal
|upkeep
|turn|12
|
|t:|1760372278
|switch|p2a: Ceruledge|Ceruledge, F|100/100
|-activate|p2a: Ceruledge|move: Sticky Web
|-unboost|p2a: Ceruledge|spe|1
|-status|p2a: Ceruledge|tox
|-damage|p2a: Ceruledge|76/100 tox|[from] Stealth Rock
|-damage|p2a: Ceruledge|64/100 tox|[from] Spikes
|move|p1a: Peter B. Parker|Liquidation|p2a: Ceruledge
|-supereffective|p2a: Ceruledge
|-damage|p2a: Ceruledge|0 fnt
|-damage|p1a: Peter B. Parker|84/100|[from] item: Rocky Helmet|[of] p2a: Ceruledge
|faint|p2a: Ceruledge
|
|upkeep
|
|t:|1760372296
|switch|p2a: Staraptor|Staraptor, M|79/100
|-damage|p2a: Staraptor|54/100|[from] Stealth Rock
|turn|13
|
|t:|1760372301
|move|p2a: Staraptor|Brave Bird|p1a: Peter B. Parker
|-supereffective|p1a: Peter B. Parker
|-damage|p1a: Peter B. Parker|0 fnt
|-damage|p2a: Staraptor|38/100|[from] item: Rocky Helmet|[of] p1a: Peter B. Parker
|faint|p1a: Peter B. Parker
|-damage|p2a: Staraptor|10/100|[from] Recoil
|
|-heal|p2a: Staraptor|16/100|[from] item: Leftovers
|upkeep
|
|t:|1760372314
|switch|p1a: Peter A. Parker|Galvantula, M|100/100
|turn|14
|
|t:|1760372319
|move|p1a: Peter A. Parker|Volt Switch|p2a: Staraptor
|-supereffective|p2a: Staraptor
|-damage|p2a: Staraptor|0 fnt
|faint|p2a: Staraptor
|
|t:|1760372325
|switch|p1a: Bugsly|Lokix, M, shiny|100/100|[from] Volt Switch
|
|upkeep
|
|t:|1760372339
|switch|p2a: Gliscor|Gliscor, M|71/100 tox
|-damage|p2a: Gliscor|59/100 tox|[from] Stealth Rock
|turn|15
|
|t:|1760372347
|move|p1a: Bugsly|First Impression|p2a: Gliscor
|-resisted|p2a: Gliscor
|-damage|p2a: Gliscor|15/100 tox
|move|p2a: Gliscor|Earthquake|p1a: Bugsly
|-resisted|p1a: Bugsly
|-crit|p1a: Bugsly
|-damage|p1a: Bugsly|61/100
|
|-heal|p2a: Gliscor|27/100 tox|[from] ability: Poison Heal
|upkeep
|turn|16
|
|t:|1760372358
|move|p2a: Gliscor|Protect|p2a: Gliscor
|-singleturn|p2a: Gliscor|Protect
|move|p1a: Bugsly|Sucker Punch||[still]
|-fail|p1a: Bugsly
|
|-heal|p2a: Gliscor|39/100 tox|[from] ability: Poison Heal
|upkeep
|turn|17
|
|t:|1760372367
|move|p1a: Bugsly|Sucker Punch||[still]
|-fail|p1a: Bugsly
|move|p2a: Gliscor|Toxic Spikes|p1a: Bugsly
|-sidestart|p1: eevee1995|move: Toxic Spikes
|
|-heal|p2a: Gliscor|52/100 tox|[from] ability: Poison Heal
|upkeep
|turn|18
|
|t:|1760372377
|move|p2a: Gliscor|Protect|p2a: Gliscor
|-singleturn|p2a: Gliscor|Protect
|move|p1a: Bugsly|U-turn|p2a: Gliscor
|-activate|p2a: Gliscor|move: Protect
|
|-heal|p2a: Gliscor|64/100 tox|[from] ability: Poison Heal
|upkeep
|turn|19
|c|☆eevee1995|ha most of my team is immune
|
|t:|1760372393
|move|p1a: Bugsly|Knock Off|p2a: Gliscor
|-damage|p2a: Gliscor|26/100 tox
|-enditem|p2a: Gliscor|Toxic Orb|[from] move: Knock Off|[of] p1a: Bugsly
|move|p2a: Gliscor|Crabhammer|p1a: Bugsly
|-damage|p1a: Bugsly|23/100
|
|-heal|p2a: Gliscor|38/100 tox|[from] ability: Poison Heal
|upkeep
|turn|20
|
|t:|1760372405
|move|p2a: Gliscor|Protect|p2a: Gliscor
|-singleturn|p2a: Gliscor|Protect
|move|p1a: Bugsly|U-turn|p2a: Gliscor
|-activate|p2a: Gliscor|move: Protect
|
|-heal|p2a: Gliscor|51/100 tox|[from] ability: Poison Heal
|upkeep
|turn|21
|
|t:|1760372414
|move|p1a: Bugsly|U-turn|p2a: Gliscor
|-resisted|p2a: Gliscor
|-damage|p2a: Gliscor|15/100 tox
|
|t:|1760372418
|switch|p1a: BIG MEATY CLAWS|Scizor, M, shiny|100/100|[from] U-turn
|move|p2a: Gliscor|Toxic Spikes|p1a: BIG MEATY CLAWS
|-sidestart|p1: eevee1995|move: Toxic Spikes
|
|-heal|p2a: Gliscor|27/100 tox|[from] ability: Poison Heal
|upkeep
|turn|22
|
|t:|1760372428
|move|p2a: Gliscor|Protect|p2a: Gliscor
|-singleturn|p2a: Gliscor|Protect
|move|p1a: BIG MEATY CLAWS|Bullet Punch|p2a: Gliscor
|-activate|p2a: Gliscor|move: Protect
|
|-heal|p2a: Gliscor|39/100 tox|[from] ability: Poison Heal
|upkeep
|turn|23
|
|t:|1760372443
|switch|p2a: Crawdaunt|Crawdaunt, F|100/100
|-activate|p2a: Crawdaunt|move: Sticky Web
|-unboost|p2a: Crawdaunt|spe|1
|-status|p2a: Crawdaunt|tox
|-damage|p2a: Crawdaunt|88/100 tox|[from] Stealth Rock
|-damage|p2a: Crawdaunt|76/100 tox|[from] Spikes
|move|p1a: BIG MEATY CLAWS|Bullet Punch|p2a: Crawdaunt
|-resisted|p2a: Crawdaunt
|-damage|p2a: Crawdaunt|43/100 tox
|-damage|p1a: BIG MEATY CLAWS|91/100|[from] item: Life Orb
|
|-damage|p2a: Crawdaunt|37/100 tox|[from] psn
|upkeep
|turn|24
|
|t:|1760372461
|move|p1a: BIG MEATY CLAWS|Swords Dance|p1a: BIG MEATY CLAWS
|-boost|p1a: BIG MEATY CLAWS|atk|2
|move|p2a: Crawdaunt|Dark Pulse|p1a: BIG MEATY CLAWS
|-damage|p1a: BIG MEATY CLAWS|47/100
|
|-damage|p2a: Crawdaunt|25/100 tox|[from] psn
|upkeep
|turn|25
|
|t:|1760372473
|move|p1a: BIG MEATY CLAWS|Bullet Punch|p2a: Crawdaunt
|-resisted|p2a: Crawdaunt
|-damage|p2a: Crawdaunt|0 fnt
|faint|p2a: Crawdaunt
|-damage|p1a: BIG MEATY CLAWS|38/100|[from] item: Life Orb
|
|upkeep
|
|t:|1760372480
|switch|p2a: Garchomp|Garchomp, F|100/100
|-activate|p2a: Garchomp|move: Sticky Web
|-unboost|p2a: Garchomp|spe|1
|-status|p2a: Garchomp|tox
|-damage|p2a: Garchomp|94/100 tox|[from] Stealth Rock
|-damage|p2a: Garchomp|82/100 tox|[from] Spikes
|turn|26
|
|t:|1760372491
|move|p1a: BIG MEATY CLAWS|Bullet Punch|p2a: Garchomp
|-damage|p2a: Garchomp|13/100 tox
|-damage|p1a: BIG MEATY CLAWS|25/100|[from] ability: Rough Skin|[of] p2a: Garchomp
|-damage|p1a: BIG MEATY CLAWS|15/100|[from] item: Life Orb
|move|p2a: Garchomp|Scale Shot|p1a: BIG MEATY CLAWS
|-resisted|p1a: BIG MEATY CLAWS
|-damage|p1a: BIG MEATY CLAWS|10/100
|-resisted|p1a: BIG MEATY CLAWS
|-damage|p1a: BIG MEATY CLAWS|4/100
|-resisted|p1a: BIG MEATY CLAWS
|-damage|p1a: BIG MEATY CLAWS|0 fnt
|faint|p1a: BIG MEATY CLAWS
|-hitcount|p1: BIG MEATY CLAWS|3
|-unboost|p2a: Garchomp|def|1
|-boost|p2a: Garchomp|spe|1
|
|-damage|p2a: Garchomp|7/100 tox|[from] psn
|upkeep
|
|t:|1760372498
|switch|p1a: Sing legato|Yanmega, M, shiny|100/100
|turn|27
|
|t:|1760372515
|move|p1a: Sing legato|Bug Buzz|p2a: Garchomp
|-damage|p2a: Garchomp|0 fnt
|faint|p2a: Garchomp
|-enditem|p1a: Sing legato|Throat Spray
|-boost|p1a: Sing legato|spa|1|[from] item: Throat Spray
|
|upkeep
|
|t:|1760372519
|switch|p2a: Gliscor|Gliscor, M|39/100 tox
|-damage|p2a: Gliscor|27/100 tox|[from] Stealth Rock
|turn|28
|
|t:|1760372528
|move|p2a: Gliscor|Protect|p2a: Gliscor
|-singleturn|p2a: Gliscor|Protect
|move|p1a: Sing legato|Air Slash|p2a: Gliscor
|-activate|p2a: Gliscor|move: Protect
|
|-heal|p2a: Gliscor|39/100 tox|[from] ability: Poison Heal
|upkeep
|turn|29
|
|t:|1760372538
|switch|p2a: Shiftry|Shiftry, M|56/100
|-activate|p2a: Shiftry|move: Sticky Web
|-unboost|p2a: Shiftry|spe|1
|-status|p2a: Shiftry|tox
|-damage|p2a: Shiftry|44/100 tox|[from] Stealth Rock
|-damage|p2a: Shiftry|31/100 tox|[from] Spikes
|move|p1a: Sing legato|Air Slash|p2a: Shiftry
|-supereffective|p2a: Shiftry
|-damage|p2a: Shiftry|0 fnt
|faint|p2a: Shiftry
|
|upkeep
|-message|iajeip forfeited.
|
|win|eevee1995
|raw|eevee1995's rating: 1012 &rarr; <strong>1049</strong><br />(+37 for winning)
|raw|iajeip's rating: 1000 &rarr; <strong>1000</strong><br />(+0 for losing)
|l|☆iajeip
|player|p2|
