|badge|p2|bronze|gen9ou|100-7
|uhtml|medal-msg|<div class="broadcast-blue">Curious what those medals under the avatar are? PS now has Ladder Seasons! For more information, check out the <a href="https://www.smogon.com/forums/threads/3740067/">thread on Smogon.</a></div>
|j|☆onlin3
|j|☆SpaceMedaFighterX
|t:|1760429526
|gametype|singles
|player|p1|onlin3|shadowtriad|1737
|player|p2|SpaceMedaFighterX|tabitha-gen3|1839
|gen|9
|tier|[Gen 9] OU
|rated|
|rule|HP Percentage Mod: HP is shown in percentages
|rule|Endless Battle Clause: Forcing endless battles is banned
|rule|Species Clause: Limit one of each Pokémon
|rule|OHKO Clause: OHKO moves are banned
|rule|Evasion Items Clause: Evasion items are banned
|rule|Evasion Moves Clause: Evasion moves are banned
|rule|Evasion Abilities Clause: Evasion abilities are banned
|rule|Sleep Moves Clause: Sleep-inducing moves are banned
|clearpoke
|poke|p1|Landorus-Therian, M|
|poke|p1|Scizor, F|
|poke|p1|Hatterene, F|
|poke|p1|Raging Bolt|
|poke|p1|Zamazenta-*|
|poke|p1|Meowscarada, F|
|poke|p2|Iron Moth|
|poke|p2|Dudunsparce-*, F|
|poke|p2|Lokix, M|
|poke|p2|Thundurus-Therian, M|
|poke|p2|Alomomola, F|
|poke|p2|Great Tusk|
|teampreview
|j| muffet diver
|inactive|Battle timer is ON: inactive players will automatically lose when time's up. (requested by SpaceMedaFighterX)
|
|t:|1760429635
|teamsize|p1|6
|teamsize|p2|6
|start
|switch|p1a: Meowscarada|Meowscarada, F|100/100
|switch|p2a: Dudunsparce|Dudunsparce, F, shiny|100/100
|turn|1
|
|t:|1760429644
|move|p1a: Meowscarada|U-turn|p2a: Dudunsparce
|-start|p1a: Meowscarada|typechange|Bug|[from] ability: Protean
|-damage|p2a: Dudunsparce|49/100
|-ability|p2a: Dudunsparce|Rattled|boost
|-boost|p2a: Dudunsparce|spe|1
|
|t:|1760429657
|switch|p1a: Raging Bolt|Raging Bolt|100/100|[from] U-turn
|move|p2a: Dudunsparce|Boomburst|p1a: Raging Bolt
|-damage|p1a: Raging Bolt|47/100
|
|upkeep
|turn|2
|
|t:|1760429678
|-end|p1a: Raging Bolt|Protosynthesis|[silent]
|switch|p1a: Scizor|Scizor, F|100/100
|move|p2a: Dudunsparce|Stealth Rock|p1a: Scizor
|-sidestart|p1: onlin3|move: Stealth Rock
|
|upkeep
|turn|3
|
|t:|1760429684
|switch|p2a: Alomomola|Alomomola, F|100/100
|move|p1a: Scizor|Defog|p2a: Alomomola
|-unboost|p2a: Alomomola|evasion|1
|-sideend|p1: onlin3|Stealth Rock|[from] move: Defog|[of] p1a: Scizor
|
|upkeep
|turn|4
|
|t:|1760429688
|move|p1a: Scizor|U-turn|p2a: Alomomola
|-damage|p2a: Alomomola|72/100
|
|t:|1760429691
|switch|p1a: Hatterene|Hatterene, F|100/100|[from] U-turn
|move|p2a: Alomomola|Flip Turn|p1a: Hatterene
|-damage|p1a: Hatterene|87/100
|
|t:|1760429695
|switch|p2a: Iron Moth|Iron Moth, shiny|100/100|[from] Flip Turn
|
|upkeep
|turn|5
|
|t:|1760429707
|move|p2a: Iron Moth|U-turn|p1a: Hatterene
|-damage|p1a: Hatterene|78/100
|
|t:|1760429711
|-end|p2a: Iron Moth|Quark Drive|[silent]
|switch|p2a: Lokix|Lokix, M|100/100|[from] U-turn
|move|p1a: Hatterene|Psychic Noise|p2a: Lokix
|-immune|p2a: Lokix
|
|upkeep
|turn|6
|
|t:|1760429719
|switch|p1a: Landorus|Landorus-Therian, M|100/100
|-ability|p1a: Landorus|Intimidate|boost
|-unboost|p2a: Lokix|atk|1
|move|p2a: Lokix|U-turn|p1a: Landorus
|-resisted|p1a: Landorus
|-damage|p1a: Landorus|68/100
|-damage|p2a: Lokix|84/100|[from] item: Rocky Helmet|[of] p1a: Landorus
|
|t:|1760429731
|switch|p2a: Dudunsparce|Dudunsparce, F, shiny|49/100|[from] U-turn
|
|upkeep
|turn|7
|
|t:|1760429750
|move|p1a: Landorus|Earthquake|p2a: Dudunsparce
|-crit|p2a: Dudunsparce
|-damage|p2a: Dudunsparce|0 fnt
|faint|p2a: Dudunsparce
|
|upkeep
|c|☆SpaceMedaFighterX|dude
|
|t:|1760429766
|switch|p2a: Lokix|Lokix, M|84/100
|turn|8
|c| muffet diver|rough
|
|t:|1760429780
|switch|p1a: Scizor|Scizor, F|100/100
|move|p2a: Lokix|Knock Off|p1a: Scizor
|-damage|p1a: Scizor|26/100
|-enditem|p1a: Scizor|Sitrus Berry|[from] move: Knock Off|[of] p2a: Lokix
|
|upkeep
|turn|9
|
|t:|1760429792
|move|p1a: Scizor|Bullet Punch|p2a: Lokix
|-damage|p2a: Lokix|32/100
|move|p2a: Lokix|Knock Off|p1a: Scizor
|-damage|p1a: Scizor|0 fnt
|faint|p1a: Scizor
|
|upkeep
|
|t:|1760429796
|switch|p1a: Landorus|Landorus-Therian, M|68/100
|-ability|p1a: Landorus|Intimidate|boost
|-unboost|p2a: Lokix|atk|1
|turn|10
|
|t:|1760429814
|switch|p2a: Great Tusk|Great Tusk|100/100
|move|p1a: Landorus|U-turn|p2a: Great Tusk
|-resisted|p2a: Great Tusk
|-damage|p2a: Great Tusk|93/100
|
|t:|1760429821
|switch|p1a: Meowscarada|Meowscarada, F|100/100|[from] U-turn
|
|upkeep
|turn|11
|
|t:|1760429830
|-end|p2a: Great Tusk|Protosynthesis|[silent]
|switch|p2a: Iron Moth|Iron Moth, shiny|100/100
|move|p1a: Meowscarada|Flower Trick|p2a: Iron Moth
|-start|p1a: Meowscarada|typechange|Grass|[from] ability: Protean
|-resisted|p2a: Iron Moth
|-crit|p2a: Iron Moth
|-damage|p2a: Iron Moth|67/100
|
|upkeep
|turn|12
|j| ibibi
|
|t:|1760429852
|switch|p1a: Raging Bolt|Raging Bolt|47/100
|move|p2a: Iron Moth|Sludge Wave|p1a: Raging Bolt
|-damage|p1a: Raging Bolt|0 fnt
|faint|p1a: Raging Bolt
|-end|p1a: Raging Bolt|Protosynthesis|[silent]
|
|upkeep
|inactive|onlin3 has 120 seconds left.
|
|t:|1760429877
|switch|p1a: Zamazenta|Zamazenta|100/100
|-ability|p1a: Zamazenta|Dauntless Shield|boost
|-boost|p1a: Zamazenta|def|1
|turn|13
|inactive|onlin3 has 120 seconds left.
|
|t:|1760429888
|-end|p2a: Iron Moth|Quark Drive|[silent]
|switch|p2a: Alomomola|Alomomola, F|100/100
|move|p1a: Zamazenta|Stone Edge|p2a: Alomomola
|-damage|p2a: Alomomola|70/100
|-damage|p1a: Zamazenta|91/100|[from] item: Life Orb
|
|upkeep
|turn|14
|inactive|onlin3 has 120 seconds left.
|
|t:|1760429919
|move|p1a: Zamazenta|Close Combat|p2a: Alomomola
|-damage|p2a: Alomomola|16/100
|-unboost|p1a: Zamazenta|def|1
|-unboost|p1a: Zamazenta|spd|1
|-damage|p1a: Zamazenta|81/100|[from] item: Life Orb
|move|p2a: Alomomola|Flip Turn|p1a: Zamazenta
|-damage|p1a: Zamazenta|66/100
|l| ibibi
|
|t:|1760429925
|switch|p2a: Lokix|Lokix, M|32/100|[from] Flip Turn
|
|upkeep
|turn|15
|
|t:|1760429945
|switch|p1a: Landorus|Landorus-Therian, M|68/100
|-ability|p1a: Landorus|Intimidate|boost
|-unboost|p2a: Lokix|atk|1
|-terastallize|p2a: Lokix|Bug
|move|p2a: Lokix|Leech Life|p1a: Landorus
|-resisted|p1a: Landorus
|-damage|p1a: Landorus|15/100
|-heal|p2a: Lokix|68/100|[from] drain|[of] p1a: Landorus
|-damage|p2a: Lokix|51/100|[from] item: Rocky Helmet|[of] p1a: Landorus
|
|upkeep
|turn|16
|j| wgw2333
|
|t:|1760429957
|switch|p2a: Great Tusk|Great Tusk|93/100
|move|p1a: Landorus|Stone Edge|p2a: Great Tusk
|-resisted|p2a: Great Tusk
|-damage|p2a: Great Tusk|88/100
|
|upkeep
|turn|17
|
|t:|1760429964
|move|p1a: Landorus|Earthquake|p2a: Great Tusk
|-damage|p2a: Great Tusk|54/100
|move|p2a: Great Tusk|Rapid Spin|p1a: Landorus
|-damage|p1a: Landorus|0 fnt
|-boost|p2a: Great Tusk|spe|1
|-damage|p2a: Great Tusk|37/100|[from] item: Rocky Helmet|[of] p1a: Landorus
|faint|p1a: Landorus
|
|upkeep
|
|t:|1760429971
|switch|p1a: Hatterene|Hatterene, F|78/100
|turn|18
|
|t:|1760429993
|-end|p2a: Great Tusk|Protosynthesis|[silent]
|switch|p2a: Alomomola|Alomomola, F|49/100
|move|p1a: Hatterene|Draining Kiss|p2a: Alomomola
|-damage|p2a: Alomomola|37/100
|-heal|p1a: Hatterene|91/100|[from] drain|[of] p2a: Alomomola
|
|upkeep
|turn|19
|inactive|onlin3 has 120 seconds left.
|
|t:|1760430004
|move|p1a: Hatterene|Nuzzle|p2a: Alomomola
|-supereffective|p2a: Alomomola
|-damage|p2a: Alomomola|31/100
|-status|p2a: Alomomola|par
|move|p2a: Alomomola|Mirror Coat||[still]
|-fail|p2a: Alomomola
|
|upkeep
|turn|20
|inactive|onlin3 has 120 seconds left.
|
|t:|1760430015
|move|p1a: Hatterene|Draining Kiss|p2a: Alomomola
|-damage|p2a: Alomomola|20/100 par
|-heal|p1a: Hatterene|100/100|[from] drain|[of] p2a: Alomomola
|cant|p2a: Alomomola|par
|
|upkeep
|turn|21
|j| rerissohot
|inactive|onlin3 has 120 seconds left.
|
|t:|1760430021
|move|p1a: Hatterene|Psychic Noise|p2a: Alomomola
|-damage|p2a: Alomomola|0 fnt
|faint|p2a: Alomomola
|
|upkeep
|c|☆SpaceMedaFighterX|getting bailed af
|c|☆onlin3|why u keep talking
|
|t:|1760430041
|switch|p2a: Thundurus|Thundurus-Therian, M|100/100
|turn|22
|inactive|onlin3 has 120 seconds left.
|c| muffet diver|god forbid someone wanna yap
|inactive|onlin3 has 90 seconds left.
|
|t:|1760430111
|switch|p1a: Meowscarada|Meowscarada, F|100/100
|move|p2a: Thundurus|Sludge Bomb|p1a: Meowscarada
|-supereffective|p1a: Meowscarada
|-crit|p1a: Meowscarada
|-damage|p1a: Meowscarada|0 fnt
|faint|p1a: Meowscarada
|
|upkeep
|c|☆SpaceMedaFighterX|owned
|
|t:|1760430120
|switch|p1a: Zamazenta|Zamazenta|66/100
|turn|23
|j| Puyu Paz
|c|☆onlin3|"owned" lmao
|inactive|onlin3 has 60 seconds left.
|
|t:|1760430145
|switch|p2a: Great Tusk|Great Tusk|37/100
|move|p1a: Zamazenta|Stone Edge|p2a: Great Tusk
|-resisted|p2a: Great Tusk
|-damage|p2a: Great Tusk|30/100
|-damage|p1a: Zamazenta|56/100|[from] item: Life Orb
|
|upkeep
|turn|24
|
|t:|1760430165
|move|p1a: Zamazenta|Ice Fang|p2a: Great Tusk
|-supereffective|p2a: Great Tusk
|-damage|p2a: Great Tusk|0 fnt
|faint|p2a: Great Tusk
|-end|p2a: Great Tusk|Protosynthesis|[silent]
|-damage|p1a: Zamazenta|46/100|[from] item: Life Orb
|
|upkeep
|
|t:|1760430167
|switch|p2a: Lokix|Lokix, M, tera:Bug|51/100
|turn|25
|
|t:|1760430177
|switch|p1a: Hatterene|Hatterene, F|100/100
|move|p2a: Lokix|First Impression|p1a: Hatterene
|-damage|p1a: Hatterene|31/100
|
|upkeep
|turn|26
|
|t:|1760430192
|switch|p2a: Iron Moth|Iron Moth, shiny|67/100
|switch|p1a: Zamazenta|Zamazenta|46/100
|
|upkeep
|turn|27
|
|t:|1760430200
|move|p1a: Zamazenta|Stone Edge|p2a: Iron Moth
|-supereffective|p2a: Iron Moth
|-damage|p2a: Iron Moth|0 fnt
|faint|p2a: Iron Moth
|-end|p2a: Iron Moth|Quark Drive|[silent]
|-damage|p1a: Zamazenta|36/100|[from] item: Life Orb
|
|upkeep
|
|t:|1760430202
|switch|p2a: Lokix|Lokix, M, tera:Bug|51/100
|turn|28
|
|t:|1760430213
|move|p2a: Lokix|First Impression|p1a: Zamazenta
|-resisted|p1a: Zamazenta
|-damage|p1a: Zamazenta|0 fnt
|faint|p1a: Zamazenta
|
|upkeep
|
|t:|1760430215
|switch|p1a: Hatterene|Hatterene, F|31/100
|turn|29
|
|t:|1760430219
|switch|p2a: Thundurus|Thundurus-Therian, M|100/100
|move|p1a: Hatterene|Draining Kiss|p2a: Thundurus
|-damage|p2a: Thundurus|67/100
|-heal|p1a: Hatterene|55/100|[from] drain|[of] p2a: Thundurus
|
|upkeep
|turn|30
|
|t:|1760430233
|-terastallize|p1a: Hatterene|Flying
|move|p2a: Thundurus|Sludge Bomb|p1a: Hatterene
|-damage|p1a: Hatterene|32/100
|move|p1a: Hatterene|Draining Kiss|p2a: Thundurus
|-damage|p2a: Thundurus|38/100
|-heal|p1a: Hatterene|52/100|[from] drain|[of] p2a: Thundurus
|
|upkeep
|turn|31
|
|t:|1760430241
|move|p2a: Thundurus|Volt Switch|p1a: Hatterene
|-supereffective|p1a: Hatterene
|-damage|p1a: Hatterene|0 fnt
|faint|p1a: Hatterene
|
|win|SpaceMedaFighterX
|raw|onlin3's rating: 1737 &rarr; <strong>1723</strong><br />(-14 for losing)
|raw|SpaceMedaFighterX's rating: 1839 &rarr; <strong>1853</strong><br />(+14 for winning)
|c|☆onlin3|gg
|l|☆SpaceMedaFighterX
|player|p2|
|l| muffet diver
|l|☆onlin3
|player|p1|
|l| Puyu Paz
|l| wgw2333
