|j|☆xyphose
|j|☆owaosk31theGOAT
|t:|1760373637
|gametype|singles
|player|p1|xyphose|sabrina|1122
|player|p2|owaosk31theGOAT|nate|1168
|gen|9
|tier|[Gen 9] OU
|rated|
|rule|HP Percentage Mod: HP is shown in percentages
|rule|Endless Battle Clause: Forcing endless battles is banned
|rule|Species Clause: Limit one of each Pokémon
|rule|OHKO Clause: OHKO moves are banned
|rule|Evasion Items Clause: Evasion items are banned
|rule|Evasion Moves Clause: Evasion moves are banned
|rule|Evasion Abilities Clause: Evasion abilities are banned
|rule|Sleep Moves Clause: Sleep-inducing moves are banned
|clearpoke
|poke|p1|Jumpluff, M|
|poke|p1|Ditto|
|poke|p1|Scizor, M|
|poke|p1|Quagsire, M|
|poke|p1|Dragonite, M|
|poke|p1|Arbok, M|
|poke|p2|Zamazenta-*|
|poke|p2|Ninetales-Alola, F|
|poke|p2|Darkrai|
|poke|p2|Ceruledge, M|
|poke|p2|Gliscor, F|
|poke|p2|Hatterene, F|
|teampreview
|inactive|Battle timer is ON: inactive players will automatically lose when time's up. (requested by xyphose)
|inactive|owaosk31theGOAT also wants the timer to be on.
|
|t:|1760373652
|teamsize|p1|6
|teamsize|p2|6
|start
|switch|p1a: Arbok|Arbok, M|100/100
|switch|p2a: smash|Darkrai, shiny|100/100
|-ability|p1a: Arbok|Intimidate|boost
|-unboost|p2a: smash|atk|1
|turn|1
|
|t:|1760373659
|move|p2a: smash|Nasty Plot|p2a: smash
|-boost|p2a: smash|spa|2
|move|p1a: Arbok|Coil|p1a: Arbok
|-boost|p1a: Arbok|atk|1
|-boost|p1a: Arbok|def|1
|-boost|p1a: Arbok|accuracy|1
|
|upkeep
|turn|2
|
|t:|1760373666
|-terastallize|p1a: Arbok|Dragon
|move|p2a: smash|Psyshock|p1a: Arbok
|-damage|p1a: Arbok|41/100
|move|p1a: Arbok|Scale Shot|p2a: smash
|-damage|p2a: smash|82/100
|-damage|p2a: smash|65/100
|-damage|p2a: smash|48/100
|-damage|p2a: smash|30/100
|-damage|p2a: smash|12/100
|-hitcount|p2a: smash|5
|-unboost|p1a: Arbok|def|1
|-boost|p1a: Arbok|spe|1
|
|-heal|p2a: smash|18/100|[from] item: Leftovers
|upkeep
|turn|3
|
|t:|1760373682
|move|p1a: Arbok|Gunk Shot|p2a: smash
|-damage|p2a: smash|0 fnt
|faint|p2a: smash
|
|upkeep
|
|t:|1760373691
|switch|p2a: purry forn|Ninetales-Alola, F, shiny|100/100
|-weather|Snowscape|[from] ability: Snow Warning|[of] p2a: purry forn
|turn|4
|
|t:|1760373697
|move|p1a: Arbok|Gunk Shot|p2a: purry forn
|-supereffective|p2a: purry forn
|-crit|p2a: purry forn
|-damage|p2a: purry forn|0 fnt
|faint|p2a: purry forn
|
|-weather|Snowscape|[upkeep]
|upkeep
|
|t:|1760373704
|switch|p2a: 34 bait|Hatterene, F, shiny|100/100
|turn|5
|
|t:|1760373712
|-terastallize|p2a: 34 bait|Water
|move|p1a: Arbok|Gunk Shot|p2a: 34 bait
|-damage|p2a: 34 bait|47/100
|move|p2a: 34 bait|Draining Kiss|p1a: Arbok
|-supereffective|p1a: Arbok
|-damage|p1a: Arbok|0 fnt
|-heal|p2a: 34 bait|78/100|[from] drain|[of] p1a: Arbok
|faint|p1a: Arbok
|
|-weather|Snowscape|[upkeep]
|-heal|p2a: 34 bait|84/100|[from] item: Leftovers
|upkeep
|
|t:|1760373724
|switch|p1a: Jumpluff|Jumpluff, M|100/100
|turn|6
|
|t:|1760373728
|switch|p2a: save me obi wan|Ceruledge, M, shiny|100/100
|move|p1a: Jumpluff|Leech Seed|p2a: save me obi wan
|-start|p2a: save me obi wan|move: Leech Seed
|
|-weather|Snowscape|[upkeep]
|-damage|p2a: save me obi wan|88/100|[from] Leech Seed|[of] p1a: Jumpluff
|upkeep
|turn|7
|
|t:|1760373745
|move|p1a: Jumpluff|Strength Sap|p2a: save me obi wan
|-unboost|p2a: save me obi wan|atk|1
|move|p2a: save me obi wan|Bitter Blade|p1a: Jumpluff
|-supereffective|p1a: Jumpluff
|-damage|p1a: Jumpluff|26/100
|-heal|p2a: save me obi wan|100/100|[from] drain|[of] p1a: Jumpluff
|-enditem|p1a: Jumpluff|Sitrus Berry|[eat]
|-heal|p1a: Jumpluff|51/100|[from] item: Sitrus Berry
|
|-weather|Snowscape|[upkeep]
|-damage|p2a: save me obi wan|88/100|[from] Leech Seed|[of] p1a: Jumpluff
|-heal|p1a: Jumpluff|66/100|[silent]
|upkeep
|turn|8
|
|t:|1760373751
|move|p1a: Jumpluff|Strength Sap|p2a: save me obi wan
|-unboost|p2a: save me obi wan|atk|1
|-heal|p1a: Jumpluff|100/100
|move|p2a: save me obi wan|Bulk Up|p2a: save me obi wan
|-boost|p2a: save me obi wan|atk|1
|-boost|p2a: save me obi wan|def|1
|
|-weather|none
|-damage|p2a: save me obi wan|76/100|[from] Leech Seed|[of] p1a: Jumpluff
|upkeep
|turn|9
|
|t:|1760373760
|switch|p2a: 34 bait|Hatterene, F, shiny, tera:Water|84/100
|move|p1a: Jumpluff|Swords Dance|p1a: Jumpluff
|-boost|p1a: Jumpluff|atk|2
|
|-heal|p2a: 34 bait|90/100|[from] item: Leftovers
|upkeep
|turn|10
|
|t:|1760373767
|move|p1a: Jumpluff|Swords Dance|p1a: Jumpluff
|-boost|p1a: Jumpluff|atk|2
|move|p2a: 34 bait|Mystical Fire|p1a: Jumpluff
|-supereffective|p1a: Jumpluff
|-damage|p1a: Jumpluff|46/100
|-unboost|p1a: Jumpluff|spa|1
|
|-heal|p2a: 34 bait|96/100|[from] item: Leftovers
|upkeep
|turn|11
|
|t:|1760373782
|move|p1a: Jumpluff|Acrobatics|p2a: 34 bait
|-damage|p2a: 34 bait|16/100
|move|p2a: 34 bait|Mystical Fire|p1a: Jumpluff
|-supereffective|p1a: Jumpluff
|-damage|p1a: Jumpluff|0 fnt
|faint|p1a: Jumpluff
|
|-heal|p2a: 34 bait|22/100|[from] item: Leftovers
|upkeep
|
|t:|1760373789
|switch|p1a: Scizor|Scizor, M|100/100
|turn|12
|
|t:|1760373795
|move|p1a: Scizor|Bullet Punch|p2a: 34 bait
|-resisted|p2a: 34 bait
|-damage|p2a: 34 bait|7/100
|move|p2a: 34 bait|Mystical Fire|p1a: Scizor
|-supereffective|p1a: Scizor
|-damage|p1a: Scizor|0 fnt
|faint|p1a: Scizor
|
|-heal|p2a: 34 bait|13/100|[from] item: Leftovers
|upkeep
|
|t:|1760373801
|switch|p1a: Dragonite|Dragonite, M|100/100
|turn|13
|
|t:|1760373804
|move|p1a: Dragonite|Extreme Speed|p2a: 34 bait
|-damage|p2a: 34 bait|0 fnt
|faint|p2a: 34 bait
|-damage|p1a: Dragonite|91/100|[from] item: Life Orb
|
|upkeep
|
|t:|1760373809
|switch|p2a: what dat tail do?|Gliscor, F, shiny|100/100
|turn|14
|
|t:|1760373812
|move|p1a: Dragonite|Dragon Dance|p1a: Dragonite
|-boost|p1a: Dragonite|atk|1
|-boost|p1a: Dragonite|spe|1
|move|p2a: what dat tail do?|Swords Dance|p2a: what dat tail do?
|-boost|p2a: what dat tail do?|atk|2
|
|-status|p2a: what dat tail do?|tox|[from] item: Toxic Orb
|upkeep
|turn|15
|
|t:|1760373820
|move|p1a: Dragonite|Outrage|p2a: what dat tail do?
|-damage|p2a: what dat tail do?|3/100 tox
|-damage|p1a: Dragonite|81/100|[from] item: Life Orb
|move|p2a: what dat tail do?|Facade|p1a: Dragonite
|-damage|p1a: Dragonite|10/100
|
|-heal|p2a: what dat tail do?|15/100 tox|[from] ability: Poison Heal
|upkeep
|turn|16
|
|t:|1760373827
|move|p1a: Dragonite|Outrage|p2a: what dat tail do?|[from] lockedmove
|-damage|p2a: what dat tail do?|0 fnt
|faint|p2a: what dat tail do?
|-damage|p1a: Dragonite|0 fnt|[from] item: Life Orb
|faint|p1a: Dragonite
|
|upkeep
|
|t:|1760373834
|switch|p1a: Ditto|Ditto|100/100
|switch|p2a: orphankilla|Zamazenta, shiny|100/100
|-ability|p2a: orphankilla|Dauntless Shield|boost
|-boost|p2a: orphankilla|def|1
|-transform|p1a: Ditto|p2a: orphankilla|[from] ability: Imposter
|-ability|p1a: Ditto|Dauntless Shield|boost
|-boost|p1a: Ditto|def|1
|turn|17
|
|t:|1760373847
|move|p1a: Ditto|Body Press|p2a: orphankilla
|-damage|p2a: orphankilla|64/100
|move|p2a: orphankilla|Iron Defense|p2a: orphankilla
|-boost|p2a: orphankilla|def|2
|
|upkeep
|turn|18
|
|t:|1760373860
|switch|p1a: Quagsire|Quagsire, M|100/100
|move|p2a: orphankilla|Body Press|p1a: Quagsire
|-damage|p1a: Quagsire|68/100
|
|upkeep
|turn|19
|
|t:|1760373874
|move|p2a: orphankilla|Iron Defense|p2a: orphankilla
|-boost|p2a: orphankilla|def|2
|move|p1a: Quagsire|Haze|p1a: Quagsire
|-clearallboost
|
|upkeep
|turn|20
|
|t:|1760373881
|move|p2a: orphankilla|Body Press|p1a: Quagsire
|-damage|p1a: Quagsire|34/100
|move|p1a: Quagsire|Toxic|p2a: orphankilla
|-status|p2a: orphankilla|tox
|
|-damage|p2a: orphankilla|58/100 tox|[from] psn
|upkeep
|turn|21
|
|t:|1760373888
|move|p2a: orphankilla|Body Press|p1a: Quagsire
|-damage|p1a: Quagsire|0 fnt
|faint|p1a: Quagsire
|
|-damage|p2a: orphankilla|46/100 tox|[from] psn
|upkeep
|
|t:|1760373894
|switch|p1a: Ditto|Ditto|100/100
|-transform|p1a: Ditto|p2a: orphankilla|[from] ability: Imposter
|turn|22
|
|t:|1760373899
|move|p1a: Ditto|Crunch|p2a: orphankilla
|-resisted|p2a: orphankilla
|-damage|p2a: orphankilla|36/100 tox
|move|p2a: orphankilla|Rest|p2a: orphankilla
|-status|p2a: orphankilla|slp|[from] move: Rest
|-heal|p2a: orphankilla|100/100 slp|[silent]
|-enditem|p2a: orphankilla|Chesto Berry|[eat]
|-curestatus|p2a: orphankilla|slp|[msg]
|
|upkeep
|turn|23
|-message|xyphose forfeited.
|
|win|owaosk31theGOAT
|raw|xyphose's rating: 1122 &rarr; <strong>1100</strong><br />(-22 for losing)
|raw|owaosk31theGOAT's rating: 1168 &rarr; <strong>1190</strong><br />(+22 for winning)
|l|☆xyphose
|player|p1|
|l|☆owaosk31theGOAT
|player|p2|
