|j|☆niccommoc
|j|☆Curbs
|t:|1760380113
|gametype|singles
|player|p1|niccommoc|cyclist|1485
|player|p2|Curbs|n|1505
|gen|9
|tier|[Gen 9] OU
|rated|
|rule|HP Percentage Mod: HP is shown in percentages
|rule|Endless Battle Clause: Forcing endless battles is banned
|rule|Species Clause: Limit one of each Pokémon
|rule|OHKO Clause: OHKO moves are banned
|rule|Evasion Items Clause: Evasion items are banned
|rule|Evasion Moves Clause: Evasion moves are banned
|rule|Evasion Abilities Clause: Evasion abilities are banned
|rule|Sleep Moves Clause: Sleep-inducing moves are banned
|clearpoke
|poke|p1|Kingambit, F|
|poke|p1|Ribombee, M|
|poke|p1|Arcanine-Hisui, M|
|poke|p1|Gholdengo|
|poke|p1|Serperior, F|
|poke|p1|Glimmora, M|
|poke|p2|Clefable, F|
|poke|p2|Skarmory, M|
|poke|p2|Ting-Lu|
|poke|p2|Gliscor, M|
|poke|p2|Amoonguss, F|
|poke|p2|Zamazenta-*|
|teampreview
|inactive|Battle timer is ON: inactive players will automatically lose when time's up. (requested by Curbs)
|
|t:|1760380125
|teamsize|p1|6
|teamsize|p2|6
|start
|switch|p1a: Ribombee|Ribombee, M|100/100
|switch|p2a: Ting-Lu|Ting-Lu|100/100
|-ability|p2a: Ting-Lu|Vessel of Ruin
|turn|1
|
|t:|1760380139
|move|p1a: Ribombee|Sticky Web|p2a: Ting-Lu
|-sidestart|p2: Curbs|move: Sticky Web
|move|p2a: Ting-Lu|Stealth Rock|p1a: Ribombee
|-sidestart|p1: niccommoc|move: Stealth Rock
|
|upkeep
|turn|2
|
|t:|1760380144
|switch|p2a: Amoonguss|Amoonguss, F, shiny|100/100
|move|p1a: Ribombee|Stun Spore|p2a: Amoonguss
|-immune|p2a: Amoonguss
|
|upkeep
|turn|3
|
|t:|1760380157
|switch|p1a: Arcanine|Arcanine-Hisui, M|100/100
|-damage|p1a: Arcanine|76/100|[from] Stealth Rock
|move|p2a: Amoonguss|Sludge Bomb|p1a: Arcanine
|-resisted|p1a: Arcanine
|-damage|p1a: Arcanine|58/100
|
|upkeep
|turn|4
|
|t:|1760380172
|switch|p2a: Gliscor|Gliscor, M|100/100
|move|p1a: Arcanine|Flare Blitz|p2a: Gliscor
|-damage|p2a: Gliscor|21/100
|
|-status|p2a: Gliscor|tox|[from] item: Toxic Orb
|upkeep
|turn|5
|
|t:|1760380178
|move|p1a: Arcanine|Flare Blitz|p2a: Gliscor
|-damage|p2a: Gliscor|0 fnt
|faint|p2a: Gliscor
|
|upkeep
|
|t:|1760380181
|switch|p2a: Zamazenta|Zamazenta|100/100
|-ability|p2a: Zamazenta|Dauntless Shield|boost
|-boost|p2a: Zamazenta|def|1
|turn|6
|
|t:|1760380194
|move|p2a: Zamazenta|Close Combat|p1a: Arcanine
|-supereffective|p1a: Arcanine
|-damage|p1a: Arcanine|0 fnt
|-unboost|p2a: Zamazenta|def|1
|-unboost|p2a: Zamazenta|spd|1
|faint|p1a: Arcanine
|
|upkeep
|
|t:|1760380205
|switch|p1a: Ribombee|Ribombee, M|100/100
|-damage|p1a: Ribombee|76/100|[from] Stealth Rock
|turn|7
|
|t:|1760380211
|switch|p2a: Amoonguss|Amoonguss, F, shiny|100/100
|move|p1a: Ribombee|Skill Swap|p2a: Amoonguss
|-activate|p1a: Ribombee|move: Skill Swap|Regenerator|Shield Dust|[of] p2a: Amoonguss
|
|upkeep
|turn|8
|
|t:|1760380219
|switch|p1a: Glimmora|Glimmora, M|100/100
|-damage|p1a: Glimmora|88/100|[from] Stealth Rock
|move|p2a: Amoonguss|Sludge Bomb|p1a: Glimmora
|-resisted|p1a: Glimmora
|-damage|p1a: Glimmora|79/100
|
|upkeep
|turn|9
|
|t:|1760380235
|switch|p2a: Ting-Lu|Ting-Lu|100/100
|-ability|p2a: Ting-Lu|Vessel of Ruin
|move|p1a: Glimmora|Mortal Spin|p2a: Ting-Lu
|-resisted|p2a: Ting-Lu
|-damage|p2a: Ting-Lu|99/100
|-status|p2a: Ting-Lu|psn
|-sideend|p1: niccommoc|Stealth Rock|[from] move: Mortal Spin|[of] p1a: Glimmora
|
|-damage|p2a: Ting-Lu|86/100 psn|[from] psn
|upkeep
|turn|10
|
|t:|1760380250
|switch|p1a: Serperior|Serperior, F|100/100
|move|p2a: Ting-Lu|Earthquake|p1a: Serperior
|-resisted|p1a: Serperior
|-damage|p1a: Serperior|78/100
|
|-heal|p1a: Serperior|84/100|[from] item: Leftovers
|-damage|p2a: Ting-Lu|74/100 psn|[from] psn
|upkeep
|turn|11
|
|t:|1760380255
|switch|p2a: Amoonguss|Amoonguss, F, shiny|100/100
|move|p1a: Serperior|Leaf Storm|p2a: Amoonguss
|-resisted|p2a: Amoonguss
|-damage|p2a: Amoonguss|90/100
|-boost|p1a: Serperior|spa|2
|
|-heal|p1a: Serperior|90/100|[from] item: Leftovers
|upkeep
|turn|12
|
|t:|1760380270
|switch|p1a: Kingambit|Kingambit, F|100/100
|-activate|p1a: Kingambit|ability: Supreme Overlord
|-start|p1a: Kingambit|fallen1|[silent]
|move|p2a: Amoonguss|Sludge Bomb|p1a: Kingambit
|-immune|p1a: Kingambit
|
|upkeep
|turn|13
|
|t:|1760380286
|switch|p2a: Skarmory|Skarmory, M|100/100
|move|p1a: Kingambit|Kowtow Cleave|p2a: Skarmory
|-damage|p2a: Skarmory|56/100
|-damage|p1a: Kingambit|84/100|[from] item: Rocky Helmet|[of] p2a: Skarmory
|
|upkeep
|turn|14
|
|t:|1760380294
|-end|p1a: Kingambit|fallen1|[silent]
|switch|p1a: Ribombee|Ribombee, M|100/100
|move|p2a: Skarmory|Spikes|p1a: Ribombee
|-sidestart|p1: niccommoc|Spikes
|
|upkeep
|turn|15
|
|t:|1760380302
|switch|p2a: Amoonguss|Amoonguss, F, shiny|100/100
|move|p1a: Ribombee|Stun Spore|p2a: Amoonguss
|-immune|p2a: Amoonguss
|
|upkeep
|turn|16
|
|t:|1760380312
|move|p1a: Ribombee|Skill Swap|p2a: Amoonguss
|-activate|p1a: Ribombee|move: Skill Swap|Regenerator|Shield Dust|[of] p2a: Amoonguss
|move|p2a: Amoonguss|Sludge Bomb|p1a: Ribombee
|-supereffective|p1a: Ribombee
|-damage|p1a: Ribombee|2/100
|
|upkeep
|turn|17
|
|t:|1760380321
|switch|p1a: Glimmora|Glimmora, M|79/100
|-damage|p1a: Glimmora|67/100|[from] Spikes
|move|p2a: Amoonguss|Sludge Bomb|p1a: Glimmora
|-resisted|p1a: Glimmora
|-damage|p1a: Glimmora|58/100
|
|upkeep
|turn|18
|
|t:|1760380330
|move|p1a: Glimmora|Meteor Beam||[still]
|-prepare|p1a: Glimmora|Meteor Beam
|-boost|p1a: Glimmora|spa|1
|-enditem|p1a: Glimmora|Power Herb
|-anim|p1a: Glimmora|Meteor Beam|p2a: Amoonguss|[miss]
|-miss|p1a: Glimmora|p2a: Amoonguss
|move|p2a: Amoonguss|Giga Drain|p1a: Glimmora
|-damage|p1a: Glimmora|29/100
|
|upkeep
|turn|19
|
|t:|1760380343
|switch|p2a: Ting-Lu|Ting-Lu|74/100 psn
|-ability|p2a: Ting-Lu|Vessel of Ruin
|move|p1a: Glimmora|Stealth Rock|p2a: Ting-Lu
|-sidestart|p2: Curbs|move: Stealth Rock
|
|-damage|p2a: Ting-Lu|62/100 psn|[from] psn
|upkeep
|turn|20
|
|t:|1760380352
|move|p1a: Glimmora|Earth Power|p2a: Ting-Lu
|-damage|p2a: Ting-Lu|41/100 psn
|move|p2a: Ting-Lu|Earthquake|p1a: Glimmora
|-supereffective|p1a: Glimmora
|-damage|p1a: Glimmora|0 fnt
|-activate|p1a: Glimmora|ability: Toxic Debris
|-sidestart|p2: Curbs|move: Toxic Spikes
|faint|p1a: Glimmora
|
|-damage|p2a: Ting-Lu|29/100 psn|[from] psn
|upkeep
|
|t:|1760380367
|switch|p1a: Kingambit|Kingambit, F|84/100
|-damage|p1a: Kingambit|72/100|[from] Spikes
|-activate|p1a: Kingambit|ability: Supreme Overlord
|-start|p1a: Kingambit|fallen2|[silent]
|turn|21
|
|t:|1760380373
|move|p1a: Kingambit|Kowtow Cleave|p2a: Ting-Lu
|-resisted|p2a: Ting-Lu
|-damage|p2a: Ting-Lu|8/100 psn
|move|p2a: Ting-Lu|Rest|p2a: Ting-Lu
|-status|p2a: Ting-Lu|slp|[from] move: Rest
|-heal|p2a: Ting-Lu|100/100 slp|[silent]
|
|upkeep
|turn|22
|
|t:|1760380380
|-end|p1a: Kingambit|fallen2|[silent]
|switch|p1a: Serperior|Serperior, F|90/100
|-damage|p1a: Serperior|78/100|[from] Spikes
|switch|p2a: Skarmory|Skarmory, M|56/100
|-damage|p2a: Skarmory|44/100|[from] Stealth Rock
|
|-heal|p1a: Serperior|84/100|[from] item: Leftovers
|upkeep
|turn|23
|
|t:|1760380394
|switch|p2a: Amoonguss|Amoonguss, F, shiny|100/100
|-sideend|p2: Curbs|move: Toxic Spikes|[of] p2a: Amoonguss
|move|p1a: Serperior|Leaf Storm|p2a: Amoonguss
|-resisted|p2a: Amoonguss
|-damage|p2a: Amoonguss|90/100
|-boost|p1a: Serperior|spa|2
|
|-heal|p1a: Serperior|90/100|[from] item: Leftovers
|upkeep
|turn|24
|
|t:|1760380404
|-terastallize|p1a: Serperior|Ground
|move|p1a: Serperior|Leaf Storm|p2a: Amoonguss
|-resisted|p2a: Amoonguss
|-damage|p2a: Amoonguss|70/100
|-boost|p1a: Serperior|spa|2
|move|p2a: Amoonguss|Sludge Bomb|p1a: Serperior
|-resisted|p1a: Serperior
|-damage|p1a: Serperior|75/100
|
|-heal|p1a: Serperior|81/100|[from] item: Leftovers
|upkeep
|turn|25
|
|t:|1760380414
|move|p1a: Serperior|Leaf Storm|p2a: Amoonguss
|-resisted|p2a: Amoonguss
|-damage|p2a: Amoonguss|40/100
|-boost|p1a: Serperior|spa|2
|move|p2a: Amoonguss|Giga Drain|p1a: Serperior
|-supereffective|p1a: Serperior
|-damage|p1a: Serperior|27/100
|-heal|p2a: Amoonguss|58/100|[from] drain|[of] p1a: Serperior
|
|-heal|p1a: Serperior|33/100|[from] item: Leftovers
|upkeep
|turn|26
|
|t:|1760380418
|move|p1a: Serperior|Tera Blast|p2a: Amoonguss|[anim] Tera Blast Ground
|-damage|p2a: Amoonguss|0 fnt
|faint|p2a: Amoonguss
|
|-heal|p1a: Serperior|40/100|[from] item: Leftovers
|upkeep
|
|t:|1760380421
|switch|p2a: Zamazenta|Zamazenta|100/100
|turn|27
|
|t:|1760380430
|switch|p1a: Ribombee|Ribombee, M|35/100
|-damage|p1a: Ribombee|23/100|[from] Spikes
|move|p2a: Zamazenta|Close Combat|p1a: Ribombee
|-resisted|p1a: Ribombee
|-damage|p1a: Ribombee|0 fnt
|-unboost|p2a: Zamazenta|def|1
|-unboost|p2a: Zamazenta|spd|1
|faint|p1a: Ribombee
|
|upkeep
|
|t:|1760380437
|switch|p1a: Gholdengo|Gholdengo, shiny|100/100
|-item|p1a: Gholdengo|Air Balloon
|turn|28
|
|t:|1760380449
|move|p2a: Zamazenta|Crunch|p1a: Gholdengo
|-supereffective|p1a: Gholdengo
|-damage|p1a: Gholdengo|38/100
|-enditem|p1a: Gholdengo|Air Balloon
|move|p1a: Gholdengo|Make It Rain|p2a: Zamazenta
|-damage|p2a: Zamazenta|10/100
|-unboost|p1a: Gholdengo|spa|1
|
|upkeep
|turn|29
|
|t:|1760380467
|switch|p1a: Serperior|Serperior, F, tera:Ground|40/100
|-damage|p1a: Serperior|27/100|[from] Spikes
|move|p2a: Zamazenta|Crunch|p1a: Serperior
|-damage|p1a: Serperior|0 fnt
|faint|p1a: Serperior
|
|upkeep
|
|t:|1760380469
|switch|p1a: Kingambit|Kingambit, F|72/100
|-damage|p1a: Kingambit|59/100|[from] Spikes
|-activate|p1a: Kingambit|ability: Supreme Overlord
|-start|p1a: Kingambit|fallen4|[silent]
|turn|30
|
|t:|1760380480
|move|p1a: Kingambit|Sucker Punch||[still]
|-fail|p1a: Kingambit
|move|p2a: Zamazenta|Roar|p1a: Kingambit
|-end|p1a: Kingambit|fallen4|[silent]
|drag|p1a: Gholdengo|Gholdengo, shiny|38/100
|-damage|p1a: Gholdengo|25/100|[from] Spikes
|
|upkeep
|turn|31
|
|t:|1760380489
|move|p2a: Zamazenta|Crunch|p1a: Gholdengo
|-supereffective|p1a: Gholdengo
|-damage|p1a: Gholdengo|0 fnt
|faint|p1a: Gholdengo
|
|upkeep
|
|t:|1760380491
|switch|p1a: Kingambit|Kingambit, F|59/100
|-damage|p1a: Kingambit|47/100|[from] Spikes
|-activate|p1a: Kingambit|ability: Supreme Overlord
|-start|p1a: Kingambit|fallen5|[silent]
|turn|32
|
|t:|1760380499
|move|p1a: Kingambit|Sucker Punch|p2a: Zamazenta
|-resisted|p2a: Zamazenta
|-damage|p2a: Zamazenta|0 fnt
|faint|p2a: Zamazenta
|
|upkeep
|
|t:|1760380501
|switch|p2a: Skarmory|Skarmory, M|44/100
|-damage|p2a: Skarmory|32/100|[from] Stealth Rock
|turn|33
|
|t:|1760380520
|move|p1a: Kingambit|Sucker Punch||[still]
|-fail|p1a: Kingambit
|move|p2a: Skarmory|Roost|p2a: Skarmory
|-heal|p2a: Skarmory|82/100
|-singleturn|p2a: Skarmory|move: Roost
|
|upkeep
|turn|34
|
|t:|1760380528
|move|p1a: Kingambit|Sucker Punch|p2a: Skarmory
|-crit|p2a: Skarmory
|-damage|p2a: Skarmory|15/100
|-damage|p1a: Kingambit|30/100|[from] item: Rocky Helmet|[of] p2a: Skarmory
|move|p2a: Skarmory|Body Press|p1a: Kingambit
|-supereffective|p1a: Kingambit
|-damage|p1a: Kingambit|0 fnt
|faint|p1a: Kingambit
|-end|p1a: Kingambit|fallen5|[silent]
|
|win|Curbs
|raw|niccommoc's rating: 1485 &rarr; <strong>1466</strong><br />(-19 for losing)
|raw|Curbs's rating: 1505 &rarr; <strong>1524</strong><br />(+19 for winning)
|l|☆Curbs
|player|p2|
|l|☆niccommoc
|player|p1|
