|j|☆deus3xmachina
|j|☆capitolg
|t:|1760388810
|gametype|singles
|player|p1|deus3xmachina|rika|1286
|player|p2|capitolg|bellelba|1229
|gen|9
|tier|[Gen 9] OU
|rated|
|rule|HP Percentage Mod: HP is shown in percentages
|rule|Endless Battle Clause: Forcing endless battles is banned
|rule|Species Clause: Limit one of each Pokémon
|rule|OHKO Clause: OHKO moves are banned
|rule|Evasion Items Clause: Evasion items are banned
|rule|Evasion Moves Clause: Evasion moves are banned
|rule|Evasion Abilities Clause: Evasion abilities are banned
|rule|Sleep Moves Clause: Sleep-inducing moves are banned
|clearpoke
|poke|p1|Hoopa-Unbound|
|poke|p1|Alomomola, M|
|poke|p1|Torterra, M|
|poke|p1|Gliscor, M|
|poke|p1|Slowking-Galar, M|
|poke|p1|Great Tusk|
|poke|p2|Vikavolt, M|
|poke|p2|Gothitelle, F|
|poke|p2|Smeargle, M|
|poke|p2|Empoleon, F|
|poke|p2|Passimian, F|
|poke|p2|Trevenant, F|
|teampreview
|c|☆deus3xmachina|glhf
|
|t:|1760388816
|teamsize|p1|6
|teamsize|p2|6
|start
|switch|p1a: Torterra|Torterra, M|100/100
|switch|p2a: Vikavolt|Vikavolt, M|100/100
|turn|1
|
|t:|1760388820
|move|p1a: Torterra|Rock Blast|p2a: Vikavolt
|-supereffective|p2a: Vikavolt
|-damage|p2a: Vikavolt|81/100
|-supereffective|p2a: Vikavolt
|-damage|p2a: Vikavolt|63/100
|-supereffective|p2a: Vikavolt
|-damage|p2a: Vikavolt|46/100
|-supereffective|p2a: Vikavolt
|-damage|p2a: Vikavolt|28/100
|-hitcount|p2a: Vikavolt|4
|move|p2a: Vikavolt|Sticky Web|p1a: Torterra
|-sidestart|p1: deus3xmachina|move: Sticky Web
|
|upkeep
|turn|2
|
|t:|1760388839
|move|p1a: Torterra|Rock Blast|p2a: Vikavolt
|-supereffective|p2a: Vikavolt
|-damage|p2a: Vikavolt|9/100
|-supereffective|p2a: Vikavolt
|-damage|p2a: Vikavolt|0 fnt
|faint|p2a: Vikavolt
|-hitcount|p2: Vikavolt|2
|
|upkeep
|
|t:|1760388843
|switch|p2a: Trevenant|Trevenant, F|100/100
|turn|3
|
|t:|1760388852
|switch|p1a: Slowking|Slowking-Galar, M|100/100
|move|p2a: Trevenant|Trick Room|p2a: Trevenant
|-fieldstart|move: Trick Room|[of] p2a: Trevenant
|
|upkeep
|turn|4
|
|t:|1760388855
|switch|p2a: Smeargle|Smeargle, M|100/100
|move|p1a: Slowking|Future Sight|p2a: Smeargle
|-start|p1a: Slowking|move: Future Sight
|
|upkeep
|turn|5
|
|t:|1760388858
|-prepare|p1a: Slowking|Chilly Reception|[premajor]
|move|p1a: Slowking|Chilly Reception|p1a: Slowking
|-weather|Snowscape
|
|t:|1760388862
|switch|p1a: Gliscor|Gliscor, M|100/100|[from] Chilly Reception
|move|p2a: Smeargle|Court Change|p2a: Smeargle
|-swapsideconditions
|-activate|p2a: Smeargle|move: Court Change
|
|-weather|Snowscape|[upkeep]
|-status|p1a: Gliscor|tox|[from] item: Toxic Orb
|upkeep
|turn|6
|
|t:|1760388868
|move|p2a: Smeargle|Taunt|p1a: Gliscor
|-start|p1a: Gliscor|move: Taunt
|move|p1a: Gliscor|U-turn|p2a: Smeargle
|-damage|p2a: Smeargle|62/100
|
|t:|1760388873
|switch|p1a: Alomomola|Alomomola, M|100/100|[from] U-turn
|
|-weather|Snowscape|[upkeep]
|-end|p2a: Smeargle|move: Future Sight
|-damage|p2a: Smeargle|6/100
|upkeep
|turn|7
|
|t:|1760388876
|move|p2a: Smeargle|Burning Bulwark|p2a: Smeargle
|-singleturn|p2a: Smeargle|move: Protect
|move|p1a: Alomomola|Flip Turn|p2a: Smeargle
|-activate|p2a: Smeargle|move: Protect
|-status|p1a: Alomomola|brn
|
|-weather|Snowscape|[upkeep]
|-damage|p1a: Alomomola|94/100 brn|[from] brn
|-fieldend|move: Trick Room
|upkeep
|turn|8
|
|t:|1760388879
|move|p1a: Alomomola|Flip Turn|p2a: Smeargle
|-damage|p2a: Smeargle|0 fnt
|faint|p2a: Smeargle
|
|t:|1760388882
|switch|p1a: Torterra|Torterra, M|100/100|[from] Flip Turn
|
|-weather|Snowscape|[upkeep]
|upkeep
|
|t:|1760388889
|switch|p2a: Trevenant|Trevenant, F|100/100
|-activate|p2a: Trevenant|move: Sticky Web
|-unboost|p2a: Trevenant|spe|1
|turn|9
|
|t:|1760388899
|switch|p1a: Gliscor|Gliscor, M|100/100 tox
|move|p2a: Trevenant|Trick Room|p2a: Trevenant
|-fieldstart|move: Trick Room|[of] p2a: Trevenant
|
|-weather|none
|upkeep
|turn|10
|
|t:|1760388902
|move|p2a: Trevenant|Poltergeist|p1a: Gliscor
|-activate|p1a: Gliscor|move: Poltergeist|Toxic Orb
|-damage|p1a: Gliscor|67/100 tox
|move|p1a: Gliscor|Knock Off|p2a: Trevenant
|-supereffective|p2a: Trevenant
|-damage|p2a: Trevenant|61/100
|-enditem|p2a: Trevenant|Weakness Policy
|-boost|p2a: Trevenant|atk|2|[from] item: Weakness Policy
|-boost|p2a: Trevenant|spa|2|[from] item: Weakness Policy
|
|-heal|p1a: Gliscor|79/100 tox|[from] ability: Poison Heal
|upkeep
|turn|11
|
|t:|1760388905
|move|p2a: Trevenant|Poltergeist|p1a: Gliscor
|-activate|p1a: Gliscor|move: Poltergeist|Toxic Orb
|-damage|p1a: Gliscor|9/100 tox
|move|p1a: Gliscor|U-turn|p2a: Trevenant
|-damage|p2a: Trevenant|47/100
|
|t:|1760388910
|switch|p1a: Slowking|Slowking-Galar, M|100/100|[from] U-turn
|
|upkeep
|turn|12
|
|t:|1760388917
|switch|p1a: Gliscor|Gliscor, M|9/100 tox
|move|p2a: Trevenant|Poltergeist|p1a: Gliscor
|-activate|p1a: Gliscor|move: Poltergeist|Toxic Orb
|-damage|p1a: Gliscor|0 fnt
|faint|p1a: Gliscor
|
|upkeep
|
|t:|1760388931
|switch|p1a: Torterra|Torterra, M|100/100
|turn|13
|
|t:|1760388933
|move|p2a: Trevenant|Poltergeist|p1a: Torterra
|-activate|p1a: Torterra|move: Poltergeist|Loaded Dice
|-damage|p1a: Torterra|0 fnt
|faint|p1a: Torterra
|
|-fieldend|move: Trick Room
|upkeep
|
|t:|1760388938
|switch|p1a: Hoopa|Hoopa-Unbound|100/100
|turn|14
|
|t:|1760388942
|move|p1a: Hoopa|Ice Punch|p2a: Trevenant
|-supereffective|p2a: Trevenant
|-damage|p2a: Trevenant|0 fnt
|faint|p2a: Trevenant
|
|upkeep
|
|t:|1760388944
|switch|p2a: Passimian|Passimian, F|100/100
|-activate|p2a: Passimian|move: Sticky Web
|-unboost|p2a: Passimian|spe|1
|-ability|p2a: Passimian|Defiant|boost
|-boost|p2a: Passimian|atk|2
|turn|15
|
|t:|1760388949
|move|p1a: Hoopa|Psychic|p2a: Passimian
|-supereffective|p2a: Passimian
|-damage|p2a: Passimian|0 fnt
|faint|p2a: Passimian
|
|upkeep
|
|t:|1760388952
|switch|p2a: Gothitelle|Gothitelle, F|100/100
|-activate|p2a: Gothitelle|move: Sticky Web
|-unboost|p2a: Gothitelle|spe|1
|-ability|p2a: Gothitelle|Competitive|boost
|-boost|p2a: Gothitelle|spa|2
|turn|16
|
|t:|1760388955
|-terastallize|p2a: Gothitelle|Fighting
|move|p1a: Hoopa|Hyperspace Fury|p2a: Gothitelle
|-resisted|p2a: Gothitelle
|-damage|p2a: Gothitelle|75/100
|-unboost|p1a: Hoopa|def|1
|move|p2a: Gothitelle|Trick Room|p2a: Gothitelle
|-fieldstart|move: Trick Room|[of] p2a: Gothitelle
|
|-heal|p2a: Gothitelle|81/100|[from] item: Leftovers
|upkeep
|turn|17
|l|☆capitolg
|player|p2|
|j|☆capitolg
|player|p2|capitolg|bellelba|
|
|t:|1760388970
|move|p2a: Gothitelle|Tera Blast|p1a: Hoopa|[anim] Tera Blast Fighting
|-crit|p1a: Hoopa
|-damage|p1a: Hoopa|47/100
|move|p1a: Hoopa|Psychic|p2a: Gothitelle
|-supereffective|p2a: Gothitelle
|-damage|p2a: Gothitelle|0 fnt
|faint|p2a: Gothitelle
|
|upkeep
|
|t:|1760388972
|switch|p2a: Empoleon|Empoleon, F|100/100
|-activate|p2a: Empoleon|move: Sticky Web
|-unboost|p2a: Empoleon|spe|1
|-ability|p2a: Empoleon|Competitive|boost
|-boost|p2a: Empoleon|spa|2
|turn|18
|inactive|Battle timer is ON: inactive players will automatically lose when time's up. (requested by capitolg)
|
|t:|1760389027
|move|p2a: Empoleon|Surf|p1a: Hoopa
|-damage|p1a: Hoopa|0 fnt
|faint|p1a: Hoopa
|
|upkeep
|
|t:|1760389030
|switch|p1a: Slowking|Slowking-Galar, M|100/100
|turn|19
|
|t:|1760389034
|move|p1a: Slowking|Future Sight|p2a: Empoleon
|-start|p1a: Slowking|move: Future Sight
|move|p2a: Empoleon|Surf|p1a: Slowking
|-damage|p1a: Slowking|48/100
|
|upkeep
|turn|20
|
|t:|1760389039
|-terastallize|p1a: Slowking|Water
|move|p1a: Slowking|Psychic Noise|p2a: Empoleon
|-resisted|p2a: Empoleon
|-damage|p2a: Empoleon|93/100
|-start|p2a: Empoleon|move: Heal Block
|move|p2a: Empoleon|Surf|p1a: Slowking
|-resisted|p1a: Slowking
|-damage|p1a: Slowking|21/100
|
|-fieldend|move: Trick Room
|upkeep
|turn|21
|
|t:|1760389052
|move|p2a: Empoleon|Grass Knot|p1a: Slowking
|-supereffective|p1a: Slowking
|-damage|p1a: Slowking|0 fnt
|faint|p1a: Slowking
|
|-end|p2a: Empoleon|move: Future Sight
|-resisted|p2a: Empoleon
|-damage|p2a: Empoleon|80/100
|-end|p2a: Empoleon|move: Heal Block
|upkeep
|
|t:|1760389055
|switch|p1a: Great Tusk|Great Tusk|100/100
|turn|22
|
|t:|1760389063
|move|p1a: Great Tusk|Headlong Rush|p2a: Empoleon
|-supereffective|p2a: Empoleon
|-crit|p2a: Empoleon
|-damage|p2a: Empoleon|0 fnt
|-unboost|p1a: Great Tusk|def|1
|-unboost|p1a: Great Tusk|spd|1
|faint|p2a: Empoleon
|
|win|deus3xmachina
|raw|deus3xmachina's rating: 1286 &rarr; <strong>1307</strong><br />(+21 for winning)
|raw|capitolg's rating: 1229 &rarr; <strong>1208</strong><br />(-21 for losing)
|l|☆capitolg
|player|p2|
|l|☆deus3xmachina
|player|p1|
