|j|☆icebrrg
|j|‽YeatLover267
|t:|1760382730
|gametype|singles
|player|p1|icebrrg|1|1302
|player|p2|YeatLover267|169|1342
|gen|9
|tier|[Gen 9] OU
|rated|
|rule|HP Percentage Mod: HP is shown in percentages
|rule|Endless Battle Clause: Forcing endless battles is banned
|rule|Species Clause: Limit one of each Pokémon
|rule|OHKO Clause: OHKO moves are banned
|rule|Evasion Items Clause: Evasion items are banned
|rule|Evasion Moves Clause: Evasion moves are banned
|rule|Evasion Abilities Clause: Evasion abilities are banned
|rule|Sleep Moves Clause: Sleep-inducing moves are banned
|clearpoke
|poke|p1|Rillaboom, M|
|poke|p1|Hydreigon, M|
|poke|p1|Jirachi|
|poke|p1|Alomomola, F|
|poke|p1|Cinderace, F|
|poke|p1|Great Tusk|
|poke|p2|Eiscue, M|
|poke|p2|Slowking, M|
|poke|p2|Ninetales-Alola, F|
|poke|p2|Kyurem|
|poke|p2|Beartic, M|
|poke|p2|Forretress, F|
|teampreview
|inactive|Battle timer is ON: inactive players will automatically lose when time's up. (requested by icebrrg)
|inactive|icebrrg has 120 seconds left.
|
|t:|1760382775
|teamsize|p1|6
|teamsize|p2|6
|start
|switch|p1a: Jirachi|Jirachi|100/100
|switch|p2a: Slowking|Slowking, M|100/100
|turn|1
|
|t:|1760382779
|move|p1a: Jirachi|Thunder Wave|p2a: Slowking|[miss]
|-miss|p1a: Jirachi|p2a: Slowking
|-prepare|p2a: Slowking|Chilly Reception|[premajor]
|move|p2a: Slowking|Chilly Reception|p2a: Slowking
|-weather|Snowscape
|
|t:|1760382793
|switch|p2a: Forretress|Forretress, F|100/100|[from] Chilly Reception
|
|-weather|Snowscape|[upkeep]
|upkeep
|turn|2
|
|t:|1760382799
|move|p1a: Jirachi|Psychic Noise|p2a: Forretress
|-resisted|p2a: Forretress
|-damage|p2a: Forretress|84/100
|-start|p2a: Forretress|move: Heal Block
|move|p2a: Forretress|Volt Switch|p1a: Jirachi
|-damage|p1a: Jirachi|90/100
|
|t:|1760382802
|switch|p2a: Beartic|Beartic, M|100/100|[from] Volt Switch
|
|-weather|Snowscape|[upkeep]
|upkeep
|turn|3
|
|t:|1760382807
|switch|p1a: Rillaboom|Rillaboom, M|100/100
|-fieldstart|move: Grassy Terrain|[from] ability: Grassy Surge|[of] p1a: Rillaboom
|move|p2a: Beartic|Earthquake|p1a: Rillaboom
|-resisted|p1a: Rillaboom
|-damage|p1a: Rillaboom|88/100
|-damage|p2a: Beartic|91/100|[from] item: Life Orb
|
|-weather|Snowscape|[upkeep]
|-heal|p2a: Beartic|97/100|[from] Grassy Terrain
|-heal|p1a: Rillaboom|94/100|[from] Grassy Terrain
|upkeep
|turn|4
|
|t:|1760382812
|switch|p1a: Alomomola|Alomomola, F|100/100
|move|p2a: Beartic|Icicle Crash|p1a: Alomomola
|-resisted|p1a: Alomomola
|-damage|p1a: Alomomola|82/100
|-damage|p2a: Beartic|87/100|[from] item: Life Orb
|
|-weather|Snowscape|[upkeep]
|-heal|p2a: Beartic|93/100|[from] Grassy Terrain
|-heal|p1a: Alomomola|88/100|[from] Grassy Terrain
|upkeep
|turn|5
|
|t:|1760382816
|switch|p2a: Forretress|Forretress, F|84/100
|move|p1a: Alomomola|Scald|p2a: Forretress
|-damage|p2a: Forretress|71/100
|
|-weather|Snowscape|[upkeep]
|-heal|p1a: Alomomola|95/100|[from] Grassy Terrain
|-heal|p2a: Forretress|77/100|[from] Grassy Terrain
|upkeep
|turn|6
|
|t:|1760382821
|move|p1a: Alomomola|Flip Turn|p2a: Forretress
|-damage|p2a: Forretress|64/100
|
|t:|1760382827
|switch|p1a: Cinderace|Cinderace, F|100/100|[from] Flip Turn
|move|p2a: Forretress|Volt Switch|p1a: Cinderace
|-damage|p1a: Cinderace|87/100
|
|t:|1760382830
|switch|p2a: Beartic|Beartic, M|93/100|[from] Volt Switch
|
|-weather|Snowscape|[upkeep]
|-heal|p2a: Beartic|99/100|[from] Grassy Terrain
|-heal|p1a: Cinderace|94/100|[from] Grassy Terrain
|upkeep
|turn|7
|
|t:|1760382847
|move|p2a: Beartic|Close Combat|p1a: Cinderace
|-damage|p1a: Cinderace|25/100
|-unboost|p2a: Beartic|def|1
|-unboost|p2a: Beartic|spd|1
|-damage|p2a: Beartic|89/100|[from] item: Life Orb
|move|p1a: Cinderace|Will-O-Wisp|p2a: Beartic
|-status|p2a: Beartic|brn
|
|-weather|Snowscape|[upkeep]
|-heal|p2a: Beartic|95/100 brn|[from] Grassy Terrain
|-heal|p1a: Cinderace|32/100|[from] Grassy Terrain
|-damage|p2a: Beartic|89/100 brn|[from] brn
|-fieldend|move: Grassy Terrain
|upkeep
|turn|8
|
|t:|1760382853
|switch|p1a: Great Tusk|Great Tusk|100/100
|move|p2a: Beartic|Earthquake|p1a: Great Tusk
|-damage|p1a: Great Tusk|87/100
|-damage|p2a: Beartic|79/100 brn|[from] item: Life Orb
|
|-weather|none
|-heal|p1a: Great Tusk|93/100|[from] item: Leftovers
|-damage|p2a: Beartic|73/100 brn|[from] brn
|upkeep
|turn|9
|
|t:|1760382858
|switch|p2a: Eiscue|Eiscue, M|100/100
|move|p1a: Great Tusk|Rapid Spin|p2a: Eiscue
|-activate|p2a: Eiscue|ability: Ice Face
|-damage|p2a: Eiscue|100/100
|-boost|p1a: Great Tusk|spe|1
|detailschange|p2a: Eiscue|Eiscue-Noice, M
|
|-heal|p1a: Great Tusk|99/100|[from] item: Leftovers
|upkeep
|turn|10
|
|t:|1760382866
|switch|p2a: Slowking|Slowking, M|100/100
|move|p1a: Great Tusk|Bulk Up|p1a: Great Tusk
|-boost|p1a: Great Tusk|atk|1
|-boost|p1a: Great Tusk|def|1
|
|-heal|p1a: Great Tusk|100/100|[from] item: Leftovers
|upkeep
|turn|11
|
|t:|1760382869
|move|p1a: Great Tusk|Bulk Up|p1a: Great Tusk
|-boost|p1a: Great Tusk|atk|1
|-boost|p1a: Great Tusk|def|1
|move|p2a: Slowking|Surf|p1a: Great Tusk
|-supereffective|p1a: Great Tusk
|-damage|p1a: Great Tusk|24/100
|
|-heal|p1a: Great Tusk|30/100|[from] item: Leftovers
|upkeep
|turn|12
|
|t:|1760382873
|move|p1a: Great Tusk|Headlong Rush|p2a: Slowking
|-damage|p2a: Slowking|0 fnt
|-unboost|p1a: Great Tusk|def|1
|-unboost|p1a: Great Tusk|spd|1
|faint|p2a: Slowking
|
|-heal|p1a: Great Tusk|36/100|[from] item: Leftovers
|upkeep
|
|t:|1760382879
|switch|p2a: Ninetales|Ninetales-Alola, F, shiny|100/100
|-weather|Snowscape|[from] ability: Snow Warning|[of] p2a: Ninetales
|turn|13
|
|t:|1760382882
|switch|p2a: Beartic|Beartic, M|73/100 brn
|move|p1a: Great Tusk|Headlong Rush|p2a: Beartic
|-damage|p2a: Beartic|0 fnt
|-unboost|p1a: Great Tusk|def|1
|-unboost|p1a: Great Tusk|spd|1
|faint|p2a: Beartic
|
|-weather|Snowscape|[upkeep]
|-heal|p1a: Great Tusk|43/100|[from] item: Leftovers
|upkeep
|
|t:|1760382884
|switch|p2a: Eiscue|Eiscue-Noice, M|100/100
|-activate|p2a: Eiscue|ability: Ice Face
|detailschange|p2a: Eiscue|Eiscue, M
|turn|14
|
|t:|1760382887
|move|p1a: Great Tusk|Headlong Rush|p2a: Eiscue
|-activate|p2a: Eiscue|ability: Ice Face
|-damage|p2a: Eiscue|100/100
|-unboost|p1a: Great Tusk|def|1
|-unboost|p1a: Great Tusk|spd|1
|detailschange|p2a: Eiscue|Eiscue-Noice, M
|move|p2a: Eiscue|Freeze-Dry|p1a: Great Tusk
|-supereffective|p1a: Great Tusk
|-damage|p1a: Great Tusk|0 fnt
|faint|p1a: Great Tusk
|-end|p1a: Great Tusk|Protosynthesis|[silent]
|
|-weather|Snowscape|[upkeep]
|upkeep
|
|t:|1760382895
|switch|p1a: Jirachi|Jirachi|90/100
|turn|15
|
|t:|1760382898
|move|p2a: Eiscue|Aurora Veil|p2a: Eiscue
|-sidestart|p2: YeatLover267|move: Aurora Veil
|move|p1a: Jirachi|Doom Desire|p2a: Eiscue
|-start|p1a: Jirachi|Doom Desire
|
|-weather|Snowscape|[upkeep]
|upkeep
|turn|16
|
|t:|1760382905
|move|p2a: Eiscue|Flip Turn|p1a: Jirachi
|-damage|p1a: Jirachi|80/100
|
|t:|1760382906
|switch|p2a: Forretress|Forretress, F|64/100|[from] Flip Turn
|move|p1a: Jirachi|Thunder Wave|p2a: Forretress
|-status|p2a: Forretress|par
|
|-weather|Snowscape|[upkeep]
|upkeep
|turn|17
|
|t:|1760382912
|move|p1a: Jirachi|Doom Desire||[still]
|-fail|p1a: Jirachi
|cant|p2a: Forretress|par
|
|-weather|none
|-end|p2a: Forretress|move: Doom Desire
|-resisted|p2a: Forretress
|-damage|p2a: Forretress|50/100 par
|upkeep
|turn|18
|
|t:|1760382915
|move|p1a: Jirachi|Doom Desire|p2a: Forretress
|-start|p1a: Jirachi|Doom Desire
|move|p2a: Forretress|Gyro Ball|p1a: Jirachi
|-resisted|p1a: Jirachi
|-damage|p1a: Jirachi|56/100
|
|upkeep
|turn|19
|
|t:|1760382920
|move|p1a: Jirachi|Psychic Noise|p2a: Forretress
|-resisted|p2a: Forretress
|-damage|p2a: Forretress|43/100 par
|-start|p2a: Forretress|move: Heal Block
|cant|p2a: Forretress|par
|
|upkeep
|turn|20
|
|t:|1760382925
|switch|p1a: Rillaboom|Rillaboom, M|94/100
|-fieldstart|move: Grassy Terrain|[from] ability: Grassy Surge|[of] p1a: Rillaboom
|move|p2a: Forretress|Gyro Ball|p1a: Rillaboom
|-damage|p1a: Rillaboom|42/100
|
|-end|p2a: Forretress|move: Doom Desire
|-resisted|p2a: Forretress
|-damage|p2a: Forretress|29/100 par
|-heal|p1a: Rillaboom|49/100|[from] Grassy Terrain
|-end|p2a: Forretress|move: Heal Block
|upkeep
|turn|21
|
|t:|1760382930
|move|p1a: Rillaboom|U-turn|p2a: Forretress
|-resisted|p2a: Forretress
|-damage|p2a: Forretress|22/100 par
|
|t:|1760382933
|switch|p1a: Alomomola|Alomomola, F|100/100|[from] U-turn
|move|p2a: Forretress|Stealth Rock|p1a: Alomomola
|-sidestart|p1: icebrrg|move: Stealth Rock
|
|-heal|p2a: Forretress|28/100 par|[from] Grassy Terrain
|upkeep
|turn|22
|
|t:|1760382938
|move|p1a: Alomomola|Flip Turn|p2a: Forretress
|-damage|p2a: Forretress|23/100 par
|
|t:|1760382942
|switch|p1a: Hydreigon|Hydreigon, M|100/100|[from] Flip Turn
|-damage|p1a: Hydreigon|88/100|[from] Stealth Rock
|move|p2a: Forretress|Volt Switch|p1a: Hydreigon
|-resisted|p1a: Hydreigon
|-damage|p1a: Hydreigon|82/100
|
|t:|1760382946
|switch|p2a: Ninetales|Ninetales-Alola, F, shiny|100/100|[from] Volt Switch
|-weather|Snowscape|[from] ability: Snow Warning|[of] p2a: Ninetales
|
|-weather|Snowscape|[upkeep]
|-sideend|p2: YeatLover267|move: Aurora Veil
|upkeep
|turn|23
|l|‽YeatLover267
|inactive|YeatLover267 disconnected and has a minute to reconnect!
|player|p2|
|inactive|YeatLover267 has 30 seconds to reconnect!
|inactive|YeatLover267 has 20 seconds to reconnect!
|inactive|YeatLover267 has 15 seconds to reconnect!
|inactive|YeatLover267 has 10 seconds to reconnect!
|inactive|YeatLover267 has 5 seconds to reconnect!
|-message|YeatLover267 lost due to inactivity.
|
|win|icebrrg
|raw|icebrrg's rating: 1302 &rarr; <strong>1324</strong><br />(+22 for winning)
|raw|YeatLover267's rating: 1342 &rarr; <strong>1320</strong><br />(-22 for losing)
|l|☆icebrrg
|player|p1|
