|badge|p1|bronze|gen9ou|100-7
|badge|p1|bronze|gen9randombattle|100-7
|uhtml|medal-msg|<div class="broadcast-blue">Curious what those medals under the avatar are? PS now has Ladder Seasons! For more information, check out the <a href="https://www.smogon.com/forums/threads/3740067/">thread on Smogon.</a></div>
|j|☆SpongeGar & Patar
|j|☆Auburn Hills
|t:|1760382347
|gametype|singles
|player|p1|SpongeGar & Patar|266|1861
|player|p2|Auburn Hills|alder|1832
|gen|9
|tier|[Gen 9] OU
|rated|
|rule|HP Percentage Mod: HP is shown in percentages
|rule|Endless Battle Clause: Forcing endless battles is banned
|rule|Species Clause: Limit one of each Pokémon
|rule|OHKO Clause: OHKO moves are banned
|rule|Evasion Items Clause: Evasion items are banned
|rule|Evasion Moves Clause: Evasion moves are banned
|rule|Evasion Abilities Clause: Evasion abilities are banned
|rule|Sleep Moves Clause: Sleep-inducing moves are banned
|clearpoke
|poke|p1|Kyurem|
|poke|p1|Corviknight, M|
|poke|p1|Ting-Lu|
|poke|p1|Dondozo, F|
|poke|p1|Slowking-Galar, L99, M|
|poke|p1|Cinderace, F|
|poke|p2|Iron Moth|
|poke|p2|Umbreon, F|
|poke|p2|Garchomp, M|
|poke|p2|Glimmora, M|
|poke|p2|Gholdengo|
|poke|p2|Dragonite, M|
|teampreview
|j| deadbyflinch
|j| silico
|inactive|Battle timer is ON: inactive players will automatically lose when time's up. (requested by Auburn Hills)
|
|t:|1760382398
|teamsize|p1|6
|teamsize|p2|6
|start
|switch|p1a: Kyurem|Kyurem|100/100
|switch|p2a: Julia Jacklin|Glimmora, M|100/100
|-ability|p1a: Kyurem|Pressure
|turn|1
|inactive|SpongeGar & Patar also wants the timer to be on.
|inactive|SpongeGar & Patar has 120 seconds left.
|
|t:|1760382448
|switch|p2a: Alvvays|Umbreon, F|100/100
|move|p1a: Kyurem|Freeze-Dry|p2a: Alvvays
|-damage|p2a: Alvvays|83/100
|-status|p2a: Alvvays|frz
|
|-heal|p2a: Alvvays|89/100 frz|[from] item: Leftovers
|upkeep
|turn|2
|inactive|Auburn Hills has 120 seconds left.
|inactive|SpongeGar & Patar has 90 seconds left.
|inactive|Auburn Hills has 90 seconds left.
|inactive|Auburn Hills has 60 seconds left.
|
|t:|1760382538
|move|p1a: Kyurem|Freeze-Dry|p2a: Alvvays
|-damage|p2a: Alvvays|69/100 frz
|cant|p2a: Alvvays|frz
|
|-heal|p2a: Alvvays|75/100 frz|[from] item: Leftovers
|upkeep
|turn|3
|inactive|SpongeGar & Patar has 60 seconds left.
|inactive|SpongeGar & Patar has 30 seconds left.
|
|t:|1760382589
|move|p1a: Kyurem|Freeze-Dry|p2a: Alvvays
|-damage|p2a: Alvvays|55/100 frz
|cant|p2a: Alvvays|frz
|
|-heal|p2a: Alvvays|61/100 frz|[from] item: Leftovers
|upkeep
|turn|4
|inactive|SpongeGar & Patar has 30 seconds left.
|
|t:|1760382599
|move|p1a: Kyurem|Substitute|p1a: Kyurem
|-start|p1a: Kyurem|Substitute
|-damage|p1a: Kyurem|75/100
|-curestatus|p2a: Alvvays|frz|[msg]
|move|p2a: Alvvays|Thunder Wave||[still]
|-fail|p2a: Alvvays
|
|-heal|p1a: Kyurem|82/100|[from] item: Leftovers
|-heal|p2a: Alvvays|67/100|[from] item: Leftovers
|upkeep
|turn|5
|
|t:|1760382608
|move|p1a: Kyurem|Freeze-Dry|p2a: Alvvays
|-damage|p2a: Alvvays|48/100
|-status|p2a: Alvvays|frz
|cant|p2a: Alvvays|frz
|
|-heal|p1a: Kyurem|88/100|[from] item: Leftovers
|-heal|p2a: Alvvays|54/100 frz|[from] item: Leftovers
|upkeep
|turn|6
|
|t:|1760382618
|move|p1a: Kyurem|Freeze-Dry|p2a: Alvvays
|-damage|p2a: Alvvays|36/100 frz
|cant|p2a: Alvvays|frz
|
|-heal|p1a: Kyurem|94/100|[from] item: Leftovers
|-heal|p2a: Alvvays|42/100 frz|[from] item: Leftovers
|upkeep
|turn|7
|
|t:|1760382628
|cant|p2a: Alvvays|frz
|move|p1a: Kyurem|Freeze-Dry|p2a: Alvvays
|-damage|p2a: Alvvays|25/100 frz
|
|-heal|p1a: Kyurem|99/100|[from] item: Leftovers
|-heal|p2a: Alvvays|31/100 frz|[from] item: Leftovers
|upkeep
|turn|8
|
|t:|1760382638
|cant|p2a: Alvvays|frz
|move|p1a: Kyurem|Freeze-Dry|p2a: Alvvays
|-damage|p2a: Alvvays|12/100 frz
|
|-heal|p1a: Kyurem|100/100|[from] item: Leftovers
|-heal|p2a: Alvvays|19/100 frz|[from] item: Leftovers
|upkeep
|turn|9
|
|t:|1760382647
|cant|p2a: Alvvays|frz
|move|p1a: Kyurem|Freeze-Dry|p2a: Alvvays
|-damage|p2a: Alvvays|2/100 frz
|
|-heal|p2a: Alvvays|8/100 frz|[from] item: Leftovers
|upkeep
|turn|10
|inactive|SpongeGar & Patar has 60 seconds left.
|
|t:|1760382657
|cant|p2a: Alvvays|frz
|move|p1a: Kyurem|Freeze-Dry|p2a: Alvvays
|-damage|p2a: Alvvays|0 fnt
|faint|p2a: Alvvays
|
|upkeep
|
|t:|1760382659
|switch|p2a: Rat Tally|Garchomp, M|100/100
|turn|11
|
|t:|1760382669
|-terastallize|p2a: Rat Tally|Electric
|move|p2a: Rat Tally|Swords Dance|p2a: Rat Tally
|-boost|p2a: Rat Tally|atk|2
|move|p1a: Kyurem|Freeze-Dry|p2a: Rat Tally
|-damage|p2a: Rat Tally|59/100
|
|upkeep
|turn|12
|
|t:|1760382679
|move|p2a: Rat Tally|Scale Shot|p1a: Kyurem|[miss]
|-miss|p2a: Rat Tally|p1a: Kyurem
|move|p1a: Kyurem|Earth Power|p2a: Rat Tally
|-supereffective|p2a: Rat Tally
|-damage|p2a: Rat Tally|0 fnt
|faint|p2a: Rat Tally
|
|upkeep
|-message|Auburn Hills forfeited.
|
|win|SpongeGar & Patar
|raw|SpongeGar &amp; Patar's rating: 1861 &rarr; <strong>1879</strong><br />(+18 for winning)
|raw|Auburn Hills's rating: 1832 &rarr; <strong>1814</strong><br />(-18 for losing)
|l|☆Auburn Hills
|player|p2|
|l|☆SpongeGar & Patar
|player|p1|
