|j|☆Normie_god
|j|☆leastwildOUplayer
|t:|1760427304
|gametype|singles
|player|p1|Normie_god|1|1052
|player|p2|leastwildOUplayer|caitlin|1092
|gen|9
|tier|[Gen 9] OU
|rated|
|rule|HP Percentage Mod: HP is shown in percentages
|rule|Endless Battle Clause: Forcing endless battles is banned
|rule|Species Clause: Limit one of each Pokémon
|rule|OHKO Clause: OHKO moves are banned
|rule|Evasion Items Clause: Evasion items are banned
|rule|Evasion Moves Clause: Evasion moves are banned
|rule|Evasion Abilities Clause: Evasion abilities are banned
|rule|Sleep Moves Clause: Sleep-inducing moves are banned
|clearpoke
|poke|p1|Ogerpon-Wellspring, F|
|poke|p1|Amoonguss, M|
|poke|p1|Tornadus-Therian, M|
|poke|p1|Garchomp, F|
|poke|p1|Heatran, M|
|poke|p1|Clefable, M|
|poke|p2|Heracross, F|
|poke|p2|Metagross|
|poke|p2|Infernape, F|
|poke|p2|Latias, F|
|poke|p2|Tentacruel, M|
|poke|p2|Jolteon, F|
|teampreview
|
|t:|1760427310
|teamsize|p1|6
|teamsize|p2|6
|start
|switch|p1a: Garchomp|Garchomp, F|100/100
|switch|p2a: Jolteon|Jolteon, F|100/100
|turn|1
|
|t:|1760427315
|move|p2a: Jolteon|Substitute|p2a: Jolteon
|-start|p2a: Jolteon|Substitute
|-damage|p2a: Jolteon|76/100
|move|p1a: Garchomp|Stealth Rock|p2a: Jolteon
|-sidestart|p2: leastwildOUplayer|move: Stealth Rock
|
|upkeep
|turn|2
|
|t:|1760427323
|move|p2a: Jolteon|Calm Mind|p2a: Jolteon
|-boost|p2a: Jolteon|spa|1
|-boost|p2a: Jolteon|spd|1
|move|p1a: Garchomp|Earthquake|p2a: Jolteon
|-supereffective|p2a: Jolteon
|-end|p2a: Jolteon|Substitute
|
|upkeep
|turn|3
|
|t:|1760427326
|-terastallize|p2a: Jolteon|Fairy
|move|p2a: Jolteon|Alluring Voice|p1a: Garchomp
|-supereffective|p1a: Garchomp
|-damage|p1a: Garchomp|0 fnt
|faint|p1a: Garchomp
|
|upkeep
|
|t:|1760427337
|switch|p1a: Clefable|Clefable, M|100/100
|turn|4
|
|t:|1760427342
|switch|p2a: Tentacruel|Tentacruel, M|100/100
|-damage|p2a: Tentacruel|88/100|[from] Stealth Rock
|move|p1a: Clefable|Fire Blast|p2a: Tentacruel
|-resisted|p2a: Tentacruel
|-damage|p2a: Tentacruel|81/100
|
|upkeep
|turn|5
|
|t:|1760427353
|switch|p1a: Heatran|Heatran, M|100/100
|move|p2a: Tentacruel|Rapid Spin|p1a: Heatran
|-resisted|p1a: Heatran
|-damage|p1a: Heatran|97/100
|-boost|p2a: Tentacruel|spe|1
|-sideend|p2: leastwildOUplayer|Stealth Rock|[from] move: Rapid Spin|[of] p2a: Tentacruel
|
|-heal|p1a: Heatran|100/100|[from] item: Leftovers
|upkeep
|turn|6
|
|t:|1760427360
|move|p2a: Tentacruel|Surf|p1a: Heatran
|-supereffective|p1a: Heatran
|-damage|p1a: Heatran|59/100
|move|p1a: Heatran|Earth Power|p2a: Tentacruel
|-supereffective|p2a: Tentacruel
|-damage|p2a: Tentacruel|51/100
|
|-heal|p1a: Heatran|65/100|[from] item: Leftovers
|upkeep
|turn|7
|
|t:|1760427369
|switch|p1a: Ogerpon|Ogerpon-Wellspring, F|100/100
|move|p2a: Tentacruel|Surf|p1a: Ogerpon
|-immune|p1a: Ogerpon|[from] ability: Water Absorb
|
|upkeep
|turn|8
|
|t:|1760427386
|switch|p1a: Heatran|Heatran, M|65/100
|move|p2a: Tentacruel|Sludge Wave|p1a: Heatran
|-immune|p1a: Heatran
|
|-heal|p1a: Heatran|71/100|[from] item: Leftovers
|upkeep
|turn|9
|
|t:|1760427396
|move|p1a: Heatran|Protect|p1a: Heatran
|-singleturn|p1a: Heatran|Protect
|move|p2a: Tentacruel|Surf|p1a: Heatran
|-activate|p1a: Heatran|move: Protect
|
|-heal|p1a: Heatran|77/100|[from] item: Leftovers
|upkeep
|turn|10
|
|t:|1760427417
|switch|p2a: Infernape|Infernape, F|100/100
|move|p1a: Heatran|Earth Power|p2a: Infernape
|-supereffective|p2a: Infernape
|-damage|p2a: Infernape|19/100
|
|-heal|p1a: Heatran|83/100|[from] item: Leftovers
|upkeep
|turn|11
|inactive|Battle timer is ON: inactive players will automatically lose when time's up. (requested by leastwildOUplayer)
|
|t:|1760427445
|move|p1a: Heatran|Protect|p1a: Heatran
|-singleturn|p1a: Heatran|Protect
|move|p2a: Infernape|Aura Sphere|p1a: Heatran
|-activate|p1a: Heatran|move: Protect
|
|-heal|p1a: Heatran|90/100|[from] item: Leftovers
|upkeep
|turn|12
|
|t:|1760427450
|move|p2a: Infernape|Aura Sphere|p1a: Heatran
|-supereffective|p1a: Heatran
|-damage|p1a: Heatran|23/100
|move|p1a: Heatran|Earth Power|p2a: Infernape
|-supereffective|p2a: Infernape
|-damage|p2a: Infernape|0 fnt
|faint|p2a: Infernape
|
|-heal|p1a: Heatran|29/100|[from] item: Leftovers
|upkeep
|
|t:|1760427457
|switch|p2a: Latias|Latias, F|100/100
|turn|13
|
|t:|1760427461
|switch|p1a: Clefable|Clefable, M|100/100
|move|p2a: Latias|Calm Mind|p2a: Latias
|-boost|p2a: Latias|spa|1
|-boost|p2a: Latias|spd|1
|
|upkeep
|turn|14
|
|t:|1760427468
|move|p2a: Latias|Mist Ball|p1a: Clefable
|-damage|p1a: Clefable|48/100
|-unboost|p1a: Clefable|spa|1
|-damage|p2a: Latias|91/100|[from] item: Life Orb
|move|p1a: Clefable|Moonblast|p2a: Latias
|-supereffective|p2a: Latias
|-damage|p2a: Latias|55/100
|
|upkeep
|turn|15
|
|t:|1760427485
|move|p1a: Clefable|Protect|p1a: Clefable
|-singleturn|p1a: Clefable|Protect
|move|p2a: Latias|Mist Ball|p1a: Clefable
|-activate|p1a: Clefable|move: Protect
|
|upkeep
|turn|16
|inactive|Normie_god has 120 seconds left.
|
|t:|1760427532
|switch|p1a: Tornadus|Tornadus-Therian, M|100/100
|move|p2a: Latias|Mist Ball|p1a: Tornadus
|-damage|p1a: Tornadus|15/100
|-unboost|p1a: Tornadus|spa|1
|-damage|p2a: Latias|45/100|[from] item: Life Orb
|
|upkeep
|turn|17
|
|t:|1760427539
|move|p1a: Tornadus|Knock Off|p2a: Latias
|-supereffective|p2a: Latias
|-damage|p2a: Latias|0 fnt
|-enditem|p2a: Latias|Life Orb|[from] move: Knock Off|[of] p1a: Tornadus
|faint|p2a: Latias
|
|upkeep
|
|t:|1760427543
|switch|p2a: Heracross|Heracross, F|100/100
|turn|18
|
|t:|1760427551
|move|p2a: Heracross|Close Combat|p1a: Tornadus
|-resisted|p1a: Tornadus
|-damage|p1a: Tornadus|0 fnt
|-unboost|p2a: Heracross|def|1
|-unboost|p2a: Heracross|spd|1
|faint|p1a: Tornadus
|-ability|p2a: Heracross|Moxie|boost
|-boost|p2a: Heracross|atk|1
|
|upkeep
|
|t:|1760427560
|switch|p1a: Clefable|Clefable, M|48/100
|turn|19
|inactive|Normie_god has 120 seconds left.
|
|t:|1760427566
|move|p2a: Heracross|Close Combat|p1a: Clefable
|-resisted|p1a: Clefable
|-damage|p1a: Clefable|23/100
|-unboost|p2a: Heracross|def|1
|-unboost|p2a: Heracross|spd|1
|move|p1a: Clefable|Wish|p1a: Clefable
|
|upkeep
|turn|20
|inactive|Normie_god has 120 seconds left.
|
|t:|1760427580
|switch|p2a: Metagross|Metagross|100/100
|move|p1a: Clefable|Protect||[still]
|-fail|p1a: Clefable
|
|-heal|p1a: Clefable|73/100|[from] move: Wish|[wisher] Clefable
|upkeep
|turn|21
|
|t:|1760427585
|move|p2a: Metagross|Knock Off|p1a: Clefable
|-resisted|p1a: Clefable
|-damage|p1a: Clefable|50/100
|-enditem|p1a: Clefable|Heavy-Duty Boots|[from] move: Knock Off|[of] p2a: Metagross
|move|p1a: Clefable|Wish|p1a: Clefable
|
|upkeep
|turn|22
|
|t:|1760427591
|switch|p2a: Tentacruel|Tentacruel, M|51/100
|move|p1a: Clefable|Fire Blast|p2a: Tentacruel
|-resisted|p2a: Tentacruel
|-damage|p2a: Tentacruel|44/100
|
|-heal|p1a: Clefable|100/100|[from] move: Wish|[wisher] Clefable
|upkeep
|turn|23
|
|t:|1760427613
|move|p1a: Clefable|Protect|p1a: Clefable
|-singleturn|p1a: Clefable|Protect
|move|p2a: Tentacruel|Sludge Wave|p1a: Clefable
|-activate|p1a: Clefable|move: Protect
|
|upkeep
|turn|24
|inactive|Normie_god has 120 seconds left.
|
|t:|1760427646
|switch|p1a: Heatran|Heatran, M|29/100
|move|p2a: Tentacruel|Sludge Wave|p1a: Heatran
|-immune|p1a: Heatran
|
|-heal|p1a: Heatran|35/100|[from] item: Leftovers
|upkeep
|turn|25
|
|t:|1760427657
|move|p1a: Heatran|Protect|p1a: Heatran
|-singleturn|p1a: Heatran|Protect
|move|p2a: Tentacruel|Surf|p1a: Heatran
|-activate|p1a: Heatran|move: Protect
|
|-heal|p1a: Heatran|41/100|[from] item: Leftovers
|upkeep
|turn|26
|
|t:|1760427679
|-terastallize|p1a: Heatran|Grass
|move|p2a: Tentacruel|Sludge Wave|p1a: Heatran
|-supereffective|p1a: Heatran
|-damage|p1a: Heatran|0 fnt
|faint|p1a: Heatran
|
|upkeep
|inactive|Normie_god has 90 seconds left.
|
|t:|1760427692
|switch|p1a: Ogerpon|Ogerpon-Wellspring, F|100/100
|turn|27
|
|t:|1760427695
|move|p1a: Ogerpon|Ivy Cudgel|p2a: Tentacruel|[anim] Ivy Cudgel Water
|-resisted|p2a: Tentacruel
|-damage|p2a: Tentacruel|8/100
|move|p2a: Tentacruel|Sludge Wave|p1a: Ogerpon
|-supereffective|p1a: Ogerpon
|-damage|p1a: Ogerpon|8/100
|
|upkeep
|turn|28
|
|t:|1760427705
|move|p1a: Ogerpon|Knock Off|p2a: Tentacruel
|-damage|p2a: Tentacruel|0 fnt
|-enditem|p2a: Tentacruel|Assault Vest|[from] move: Knock Off|[of] p1a: Ogerpon
|faint|p2a: Tentacruel
|
|upkeep
|
|t:|1760427711
|switch|p2a: Metagross|Metagross|100/100
|turn|29
|
|t:|1760427729
|switch|p1a: Clefable|Clefable, M|100/100
|move|p2a: Metagross|Bullet Punch|p1a: Clefable
|-supereffective|p1a: Clefable
|-damage|p1a: Clefable|51/100
|
|upkeep
|turn|30
|inactive|Normie_god has 90 seconds left.
|
|t:|1760427759
|move|p2a: Metagross|Bullet Punch|p1a: Clefable
|-supereffective|p1a: Clefable
|-damage|p1a: Clefable|0 fnt
|faint|p1a: Clefable
|
|upkeep
|
|t:|1760427762
|switch|p1a: Amoonguss|Amoonguss, M|100/100
|turn|31
|
|t:|1760427766
|switch|p2a: Jolteon|Jolteon, F, tera:Fairy|76/100
|move|p1a: Amoonguss|Foul Play|p2a: Jolteon
|-resisted|p2a: Jolteon
|-damage|p2a: Jolteon|66/100
|
|upkeep
|turn|32
|
|t:|1760427770
|move|p2a: Jolteon|Thunderbolt|p1a: Amoonguss
|-resisted|p1a: Amoonguss
|-damage|p1a: Amoonguss|82/100
|move|p1a: Amoonguss|Sludge Bomb|p2a: Jolteon
|-supereffective|p2a: Jolteon
|-damage|p2a: Jolteon|0 fnt
|faint|p2a: Jolteon
|
|upkeep
|
|t:|1760427772
|switch|p2a: Heracross|Heracross, F|100/100
|turn|33
|inactive|Normie_god has 120 seconds left.
|
|t:|1760427779
|move|p2a: Heracross|Megahorn|p1a: Amoonguss
|-damage|p1a: Amoonguss|32/100
|-damage|p2a: Heracross|84/100|[from] item: Rocky Helmet|[of] p1a: Amoonguss
|move|p1a: Amoonguss|Sludge Bomb|p2a: Heracross
|-damage|p2a: Heracross|52/100
|
|upkeep
|turn|34
|inactive|Normie_god has 120 seconds left.
|
|t:|1760427792
|move|p2a: Heracross|Megahorn|p1a: Amoonguss
|-damage|p1a: Amoonguss|0 fnt
|-damage|p2a: Heracross|35/100|[from] item: Rocky Helmet|[of] p1a: Amoonguss
|faint|p1a: Amoonguss
|-ability|p2a: Heracross|Moxie|boost
|-boost|p2a: Heracross|atk|1
|
|upkeep
|
|t:|1760427795
|switch|p1a: Ogerpon|Ogerpon-Wellspring, F|8/100
|turn|35
|c|☆Normie_god|gg
|
|t:|1760427803
|move|p2a: Heracross|Megahorn|p1a: Ogerpon
|-supereffective|p1a: Ogerpon
|-damage|p1a: Ogerpon|0 fnt
|faint|p1a: Ogerpon
|
|win|leastwildOUplayer
|raw|Normie_god's rating: 1052 &rarr; <strong>1036</strong><br />(-16 for losing)
|raw|leastwildOUplayer's rating: 1092 &rarr; <strong>1115</strong><br />(+23 for winning)
