|j|☆quail9087
|j|☆ILESFM
|t:|1760323325
|gametype|singles
|player|p1|quail9087|backpackerf|1000
|player|p2|ILESFM|scientist-gen4dp|1000
|gen|9
|tier|[Gen 9] OU
|rated|
|rule|HP Percentage Mod: HP is shown in percentages
|rule|Endless Battle Clause: Forcing endless battles is banned
|rule|Species Clause: Limit one of each Pokémon
|rule|OHKO Clause: OHKO moves are banned
|rule|Evasion Items Clause: Evasion items are banned
|rule|Evasion Moves Clause: Evasion moves are banned
|rule|Evasion Abilities Clause: Evasion abilities are banned
|rule|Sleep Moves Clause: Sleep-inducing moves are banned
|clearpoke
|poke|p1|Lokix, F|
|poke|p1|Hitmontop, M|
|poke|p1|Tornadus-Therian, M|
|poke|p1|Comfey, F|
|poke|p1|Espeon, F|
|poke|p1|Ceruledge, M|
|poke|p2|Electivire, M|
|poke|p2|Alomomola, M|
|poke|p2|Dragapult, F|
|poke|p2|Hydrapple, M|
|poke|p2|Great Tusk|
|poke|p2|Goodra-Hisui, M|
|teampreview
|
|t:|1760323342
|teamsize|p1|6
|teamsize|p2|6
|start
|switch|p1a: Lokix|Lokix, F|100/100
|switch|p2a: Great Tusk|Great Tusk|100/100
|turn|1
|
|t:|1760323352
|move|p1a: Lokix|First Impression|p2a: Great Tusk
|-resisted|p2a: Great Tusk
|-damage|p2a: Great Tusk|69/100
|move|p2a: Great Tusk|Headlong Rush|p1a: Lokix
|-resisted|p1a: Lokix
|-damage|p1a: Lokix|55/100
|-unboost|p2a: Great Tusk|def|1
|-unboost|p2a: Great Tusk|spd|1
|
|upkeep
|turn|2
|
|t:|1760323367
|move|p2a: Great Tusk|Headlong Rush|p1a: Lokix
|-resisted|p1a: Lokix
|-damage|p1a: Lokix|12/100
|-unboost|p2a: Great Tusk|def|1
|-unboost|p2a: Great Tusk|spd|1
|move|p1a: Lokix|Fling|p2a: Great Tusk
|-resisted|p2a: Great Tusk
|-damage|p2a: Great Tusk|0 fnt
|-enditem|p1a: Lokix|Iron Ball|[from] move: Fling
|faint|p2a: Great Tusk
|-end|p2a: Great Tusk|Protosynthesis|[silent]
|
|upkeep
|
|t:|1760323385
|switch|p2a: Electivire|Electivire, M|100/100
|turn|3
|inactive|Battle timer is ON: inactive players will automatically lose when time's up. (requested by quail9087)
|
|t:|1760323394
|move|p2a: Electivire|Thunderbolt|p1a: Lokix
|-damage|p1a: Lokix|0 fnt
|faint|p1a: Lokix
|-damage|p2a: Electivire|91/100|[from] item: Life Orb
|
|upkeep
|
|t:|1760323404
|switch|p1a: Espeon|Espeon, F|100/100
|turn|4
|
|t:|1760323409
|-terastallize|p2a: Electivire|Ground
|move|p1a: Espeon|Light Screen|p1a: Espeon
|-sidestart|p1: quail9087|move: Light Screen
|move|p2a: Electivire|Earthquake|p1a: Espeon
|-damage|p1a: Espeon|9/100
|-damage|p2a: Electivire|81/100|[from] item: Life Orb
|
|upkeep
|turn|5
|
|t:|1760323424
|switch|p2a: Alomomola|Alomomola, M|100/100
|move|p1a: Espeon|Future Sight|p2a: Alomomola
|-start|p1a: Espeon|move: Future Sight
|
|upkeep
|turn|6
|
|t:|1760323430
|move|p1a: Espeon|Thunder Wave|p2a: Alomomola
|-status|p2a: Alomomola|par
|move|p2a: Alomomola|Flip Turn|p1a: Espeon
|-damage|p1a: Espeon|0 fnt
|faint|p1a: Espeon
|
|t:|1760323438
|switch|p2a: Goodra|Goodra-Hisui, M|100/100|[from] Flip Turn
|
|upkeep
|
|t:|1760323442
|switch|p1a: Comfey|Comfey, F|100/100
|turn|7
|
|t:|1760323449
|move|p1a: Comfey|Taunt|p2a: Goodra
|-start|p2a: Goodra|move: Taunt
|move|p2a: Goodra|Flash Cannon|p1a: Comfey
|-supereffective|p1a: Comfey
|-damage|p1a: Comfey|79/100
|-enditem|p1a: Comfey|Red Card|[of] p2a: Goodra
|drag|p2a: Dragapult|Dragapult, F|100/100
|
|-end|p2a: Dragapult|move: Future Sight
|-damage|p2a: Dragapult|30/100
|upkeep
|turn|8
|
|t:|1760323461
|switch|p2a: Goodra|Goodra-Hisui, M|100/100
|move|p1a: Comfey|Leech Seed|p2a: Goodra
|-start|p2a: Goodra|move: Leech Seed
|
|-damage|p2a: Goodra|88/100|[from] Leech Seed|[of] p1a: Comfey
|-heal|p1a: Comfey|94/100|[silent]
|upkeep
|turn|9
|
|t:|1760323475
|switch|p2a: Alomomola|Alomomola, M|100/100 par
|move|p1a: Comfey|Protect||[still]
|-fail|p1a: Comfey
|
|upkeep
|turn|10
|
|t:|1760323485
|move|p1a: Comfey|Leech Seed|p2a: Alomomola
|-start|p2a: Alomomola|move: Leech Seed
|move|p2a: Alomomola|Scald|p1a: Comfey
|-damage|p1a: Comfey|89/100
|-status|p1a: Comfey|brn
|
|-damage|p2a: Alomomola|88/100 par|[from] Leech Seed|[of] p1a: Comfey
|-heal|p1a: Comfey|100/100 brn|[silent]
|-damage|p1a: Comfey|94/100 brn|[from] brn
|upkeep
|turn|11
|
|t:|1760323498
|switch|p2a: Hydrapple|Hydrapple, M|100/100
|move|p1a: Comfey|Worry Seed|p2a: Hydrapple
|-ability|p2a: Hydrapple|Insomnia|Regenerator|[from] move: Worry Seed
|
|-damage|p1a: Comfey|88/100 brn|[from] brn
|-sideend|p1: quail9087|move: Light Screen
|upkeep
|turn|12
|
|t:|1760323508
|switch|p2a: Alomomola|Alomomola, M|100/100 par
|move|p1a: Comfey|Taunt|p2a: Alomomola
|-start|p2a: Alomomola|move: Taunt
|
|-damage|p1a: Comfey|82/100 brn|[from] brn
|upkeep
|turn|13
|
|t:|1760323517
|move|p1a: Comfey|Leech Seed|p2a: Alomomola
|-start|p2a: Alomomola|move: Leech Seed
|move|p2a: Alomomola|Flip Turn|p1a: Comfey
|-damage|p1a: Comfey|61/100 brn
|
|t:|1760323526
|switch|p2a: Hydrapple|Hydrapple, M|100/100|[from] Flip Turn
|
|-damage|p1a: Comfey|55/100 brn|[from] brn
|upkeep
|turn|14
|
|t:|1760323540
|move|p1a: Comfey|Taunt|p2a: Hydrapple
|-start|p2a: Hydrapple|move: Taunt
|move|p2a: Hydrapple|Giga Drain|p1a: Comfey
|-damage|p1a: Comfey|34/100 brn
|
|-damage|p1a: Comfey|28/100 brn|[from] brn
|upkeep
|turn|15
|
|t:|1760323550
|move|p1a: Comfey|Leech Seed|p2a: Hydrapple
|-immune|p2a: Hydrapple
|move|p2a: Hydrapple|Giga Drain|p1a: Comfey
|-damage|p1a: Comfey|3/100 brn
|
|-damage|p1a: Comfey|0 fnt|[from] brn
|faint|p1a: Comfey
|upkeep
|
|t:|1760323558
|switch|p1a: Tornadus|Tornadus-Therian, M|100/100
|turn|16
|
|t:|1760323564
|switch|p2a: Goodra|Goodra-Hisui, M|88/100
|move|p1a: Tornadus|Tailwind|p1a: Tornadus
|-sidestart|p1: quail9087|move: Tailwind
|
|upkeep
|turn|17
|
|t:|1760323572
|move|p1a: Tornadus|U-turn|p2a: Goodra
|-resisted|p2a: Goodra
|-damage|p2a: Goodra|78/100
|
|t:|1760323575
|switch|p1a: Hitmontop|Hitmontop, M|100/100|[from] U-turn
|move|p2a: Goodra|Knock Off|p1a: Hitmontop
|-resisted|p1a: Hitmontop
|-damage|p1a: Hitmontop|85/100
|-enditem|p1a: Hitmontop|Kee Berry|[from] move: Knock Off|[of] p2a: Goodra
|
|upkeep
|turn|18
|
|t:|1760323584
|switch|p2a: Alomomola|Alomomola, M|100/100 par
|move|p1a: Hitmontop|Triple Axel|p2a: Alomomola
|-resisted|p2a: Alomomola
|-damage|p2a: Alomomola|98/100 par
|-resisted|p2a: Alomomola
|-damage|p2a: Alomomola|93/100 par
|-resisted|p2a: Alomomola
|-damage|p2a: Alomomola|86/100 par
|-hitcount|p2a: Alomomola|3
|
|upkeep
|turn|19
|
|t:|1760323595
|move|p1a: Hitmontop|Vacuum Wave|p2a: Alomomola
|-damage|p2a: Alomomola|74/100 par
|move|p2a: Alomomola|Scald|p1a: Hitmontop
|-damage|p1a: Hitmontop|71/100
|
|-sideend|p1: quail9087|move: Tailwind
|upkeep
|turn|20
|
|t:|1760323603
|move|p1a: Hitmontop|Rapid Spin|p2a: Alomomola
|-damage|p2a: Alomomola|62/100 par
|-boost|p1a: Hitmontop|spe|1
|move|p2a: Alomomola|Scald|p1a: Hitmontop
|-damage|p1a: Hitmontop|59/100
|
|upkeep
|turn|21
|
|t:|1760323613
|move|p1a: Hitmontop|Rapid Spin|p2a: Alomomola
|-damage|p2a: Alomomola|50/100 par
|-boost|p1a: Hitmontop|spe|1
|cant|p2a: Alomomola|par
|
|upkeep
|turn|22
|
|t:|1760323620
|move|p1a: Hitmontop|Rapid Spin|p2a: Alomomola
|-damage|p2a: Alomomola|39/100 par
|-boost|p1a: Hitmontop|spe|1
|move|p2a: Alomomola|Flip Turn|p1a: Hitmontop
|-damage|p1a: Hitmontop|40/100
|
|t:|1760323628
|switch|p2a: Hydrapple|Hydrapple, M|100/100|[from] Flip Turn
|
|upkeep
|turn|23
|
|t:|1760323637
|switch|p2a: Alomomola|Alomomola, M|72/100 par
|move|p1a: Hitmontop|Triple Axel|p2a: Alomomola
|-resisted|p2a: Alomomola
|-damage|p2a: Alomomola|70/100 par
|-resisted|p2a: Alomomola
|-crit|p2a: Alomomola
|-damage|p2a: Alomomola|62/100 par
|-hitcount|p2a: Alomomola|2
|
|upkeep
|turn|24
|-message|quail9087 forfeited.
|
|win|ILESFM
|raw|quail9087's rating: 1000 &rarr; <strong>1000</strong><br />(+0 for losing)
|raw|ILESFM's rating: 1000 &rarr; <strong>1040</strong><br />(+40 for winning)
|l|☆quail9087
|player|p1|
