|j|☆Miele233
|j|☆vbfewbufi
|t:|1760386068
|gametype|singles
|player|p1|Miele233|bugsy|1073
|player|p2|vbfewbufi|102|1066
|gen|9
|tier|[Gen 9] OU
|rated|
|rule|HP Percentage Mod: HP is shown in percentages
|rule|Endless Battle Clause: Forcing endless battles is banned
|rule|Species Clause: Limit one of each Pokémon
|rule|OHKO Clause: OHKO moves are banned
|rule|Evasion Items Clause: Evasion items are banned
|rule|Evasion Moves Clause: Evasion moves are banned
|rule|Evasion Abilities Clause: Evasion abilities are banned
|rule|Sleep Moves Clause: Sleep-inducing moves are banned
|clearpoke
|poke|p1|Lilligant, F|
|poke|p1|Sinistcha|
|poke|p1|Whimsicott, M|
|poke|p1|Sawsbuck, F|
|poke|p1|Leavanny, M|
|poke|p1|Rillaboom, F|
|poke|p2|Krookodile, M|
|poke|p2|Smeargle, M|
|poke|p2|Poliwag, M|
|poke|p2|Raging Bolt|
|poke|p2|Noivern, F|
|poke|p2|Flamigo, F|
|teampreview
|inactive|Battle timer is ON: inactive players will automatically lose when time's up. (requested by vbfewbufi)
|inactive|Miele233 also wants the timer to be on.
|
|t:|1760386075
|teamsize|p1|6
|teamsize|p2|6
|start
|switch|p1a: Leavanny|Leavanny, M|100/100
|switch|p2a: Smeargle|Smeargle, M|100/100
|turn|1
|
|t:|1760386079
|move|p1a: Leavanny|Sticky Web|p2a: Smeargle
|-sidestart|p2: vbfewbufi|move: Sticky Web
|move|p2a: Smeargle|Sticky Web|p1a: Leavanny
|-sidestart|p1: Miele233|move: Sticky Web
|
|upkeep
|turn|2
|
|t:|1760386084
|move|p1a: Leavanny|Knock Off|p2a: Smeargle
|-damage|p2a: Smeargle|9/100
|-enditem|p2a: Smeargle|Focus Sash|[from] move: Knock Off|[of] p1a: Leavanny
|move|p2a: Smeargle|Conversion 2|p1a: Leavanny
|-start|p2a: Smeargle|typechange|Dark
|
|upkeep
|turn|3
|
|t:|1760386090
|move|p2a: Smeargle|Baneful Bunker|p2a: Smeargle
|-singleturn|p2a: Smeargle|move: Protect
|move|p1a: Leavanny|Lunge|p2a: Smeargle
|-activate|p2a: Smeargle|move: Protect
|-status|p1a: Leavanny|psn
|
|-damage|p1a: Leavanny|88/100 psn|[from] psn
|upkeep
|turn|4
|
|t:|1760386094
|move|p1a: Leavanny|Lunge|p2a: Smeargle
|-supereffective|p2a: Smeargle
|-damage|p2a: Smeargle|0 fnt
|faint|p2a: Smeargle
|
|-damage|p1a: Leavanny|76/100 psn|[from] psn
|upkeep
|
|t:|1760386102
|switch|p2a: Flamigo|Flamigo, F|100/100
|turn|5
|
|t:|1760386105
|move|p1a: Leavanny|Triple Axel|p2a: Flamigo
|-supereffective|p2a: Flamigo
|-damage|p2a: Flamigo|82/100
|-supereffective|p2a: Flamigo
|-damage|p2a: Flamigo|48/100
|-supereffective|p2a: Flamigo
|-damage|p2a: Flamigo|0 fnt
|faint|p2a: Flamigo
|-hitcount|p2: Flamigo|3
|
|-damage|p1a: Leavanny|63/100 psn|[from] psn
|upkeep
|
|t:|1760386111
|switch|p2a: Raging Bolt|Raging Bolt|100/100
|-activate|p2a: Raging Bolt|move: Sticky Web
|-unboost|p2a: Raging Bolt|spe|1
|turn|6
|
|t:|1760386117
|move|p1a: Leavanny|Triple Axel|p2a: Raging Bolt
|-supereffective|p2a: Raging Bolt
|-damage|p2a: Raging Bolt|90/100
|-supereffective|p2a: Raging Bolt
|-damage|p2a: Raging Bolt|69/100
|-hitcount|p2a: Raging Bolt|2
|move|p2a: Raging Bolt|Sunny Day|p2a: Raging Bolt
|-weather|SunnyDay
|-activate|p2a: Raging Bolt|ability: Protosynthesis
|-start|p2a: Raging Bolt|protosynthesisspa
|
|-weather|SunnyDay|[upkeep]
|-damage|p1a: Leavanny|51/100 psn|[from] psn
|upkeep
|turn|7
|
|t:|1760386127
|move|p1a: Leavanny|Knock Off|p2a: Raging Bolt
|-damage|p2a: Raging Bolt|47/100
|-enditem|p2a: Raging Bolt|Heat Rock|[from] move: Knock Off|[of] p1a: Leavanny
|move|p2a: Raging Bolt|Weather Ball|p1a: Leavanny
|-supereffective|p1a: Leavanny
|-damage|p1a: Leavanny|0 fnt
|faint|p1a: Leavanny
|
|-weather|SunnyDay|[upkeep]
|upkeep
|
|t:|1760386140
|switch|p1a: Sawsbuck|Sawsbuck, F|100/100
|-activate|p1a: Sawsbuck|move: Sticky Web
|-unboost|p1a: Sawsbuck|spe|1
|turn|8
|
|t:|1760386143
|move|p1a: Sawsbuck|Body Slam|p2a: Raging Bolt
|-damage|p2a: Raging Bolt|3/100
|move|p2a: Raging Bolt|Weather Ball|p1a: Sawsbuck
|-supereffective|p1a: Sawsbuck
|-damage|p1a: Sawsbuck|0 fnt
|faint|p1a: Sawsbuck
|
|-weather|SunnyDay|[upkeep]
|upkeep
|
|t:|1760386149
|switch|p1a: Whimsicott|Whimsicott, M|100/100
|-activate|p1a: Whimsicott|move: Sticky Web
|-unboost|p1a: Whimsicott|spe|1
|turn|9
|
|t:|1760386152
|move|p2a: Raging Bolt|Weather Ball|p1a: Whimsicott
|-supereffective|p1a: Whimsicott
|-damage|p1a: Whimsicott|0 fnt
|faint|p1a: Whimsicott
|
|-weather|SunnyDay|[upkeep]
|upkeep
|
|t:|1760386158
|switch|p1a: Rillaboom|Rillaboom, F|100/100
|-activate|p1a: Rillaboom|move: Sticky Web
|-unboost|p1a: Rillaboom|spe|1
|-fieldstart|move: Grassy Terrain|[from] ability: Grassy Surge|[of] p1a: Rillaboom
|-enditem|p1a: Rillaboom|Grassy Seed
|-boost|p1a: Rillaboom|def|1|[from] item: Grassy Seed
|turn|10
|
|t:|1760386163
|-end|p2a: Raging Bolt|Protosynthesis|[silent]
|switch|p2a: Noivern|Noivern, F|100/100
|move|p1a: Rillaboom|Grassy Glide|p2a: Noivern
|-resisted|p2a: Noivern
|-damage|p2a: Noivern|91/100
|
|-weather|SunnyDay|[upkeep]
|upkeep
|turn|11
|
|t:|1760386168
|move|p2a: Noivern|Flamethrower|p1a: Rillaboom
|-supereffective|p1a: Rillaboom
|-damage|p1a: Rillaboom|26/100
|move|p1a: Rillaboom|Acrobatics|p2a: Noivern
|-damage|p2a: Noivern|54/100
|
|-weather|SunnyDay|[upkeep]
|-heal|p1a: Rillaboom|32/100|[from] Grassy Terrain
|upkeep
|turn|12
|
|t:|1760386175
|move|p1a: Rillaboom|Grassy Glide|p2a: Noivern
|-resisted|p2a: Noivern
|-damage|p2a: Noivern|45/100
|move|p2a: Noivern|Flamethrower|p1a: Rillaboom
|-supereffective|p1a: Rillaboom
|-damage|p1a: Rillaboom|0 fnt
|faint|p1a: Rillaboom
|
|-weather|SunnyDay|[upkeep]
|upkeep
|
|t:|1760386182
|switch|p1a: Lilligant|Lilligant, F|100/100
|-activate|p1a: Lilligant|move: Sticky Web
|-unboost|p1a: Lilligant|spe|1
|turn|13
|
|t:|1760386186
|-terastallize|p1a: Lilligant|Water
|move|p2a: Noivern|Flamethrower|p1a: Lilligant
|-resisted|p1a: Lilligant
|-damage|p1a: Lilligant|76/100
|move|p1a: Lilligant|Quiver Dance|p1a: Lilligant
|-boost|p1a: Lilligant|spa|1
|-boost|p1a: Lilligant|spd|1
|-boost|p1a: Lilligant|spe|1
|
|-weather|none
|-heal|p1a: Lilligant|82/100|[from] Grassy Terrain
|-heal|p1a: Lilligant|88/100|[from] item: Leftovers
|upkeep
|turn|14
|
|t:|1760386193
|move|p2a: Noivern|Switcheroo|p1a: Lilligant
|-activate|p2a: Noivern|move: Trick|[of] p1a: Lilligant
|-item|p1a: Lilligant|Ring Target|[from] move: Switcheroo
|-item|p2a: Noivern|Leftovers|[from] move: Switcheroo
|move|p1a: Lilligant|Quiver Dance|p1a: Lilligant
|-boost|p1a: Lilligant|spa|1
|-boost|p1a: Lilligant|spd|1
|-boost|p1a: Lilligant|spe|1
|
|-heal|p1a: Lilligant|94/100|[from] Grassy Terrain
|-heal|p2a: Noivern|51/100|[from] item: Leftovers
|-fieldend|move: Grassy Terrain
|upkeep
|turn|15
|
|t:|1760386203
|move|p1a: Lilligant|Alluring Voice|p2a: Noivern
|-supereffective|p2a: Noivern
|-damage|p2a: Noivern|0 fnt
|faint|p2a: Noivern
|
|upkeep
|
|t:|1760386208
|switch|p2a: Raging Bolt|Raging Bolt|3/100
|-activate|p2a: Raging Bolt|move: Sticky Web
|-unboost|p2a: Raging Bolt|spe|1
|turn|16
|
|t:|1760386212
|move|p2a: Raging Bolt|Thunderclap|p1a: Lilligant
|-supereffective|p1a: Lilligant
|-damage|p1a: Lilligant|50/100
|move|p1a: Lilligant|Alluring Voice|p2a: Raging Bolt
|-supereffective|p2a: Raging Bolt
|-damage|p2a: Raging Bolt|0 fnt
|faint|p2a: Raging Bolt
|-end|p2a: Raging Bolt|Protosynthesis|[silent]
|
|upkeep
|
|t:|1760386214
|switch|p2a: Krookodile|Krookodile, M|100/100
|-activate|p2a: Krookodile|move: Sticky Web
|-unboost|p2a: Krookodile|spe|1
|turn|17
|
|t:|1760386220
|-terastallize|p2a: Krookodile|Steel
|move|p1a: Lilligant|Petal Dance|p2a: Krookodile
|-resisted|p2a: Krookodile
|-damage|p2a: Krookodile|28/100
|move|p2a: Krookodile|Knock Off|p1a: Lilligant
|-damage|p1a: Lilligant|0 fnt
|-enditem|p1a: Lilligant|Ring Target|[from] move: Knock Off|[of] p2a: Krookodile
|faint|p1a: Lilligant
|
|upkeep
|
|t:|1760386227
|switch|p1a: Sinistcha|Sinistcha|100/100
|-activate|p1a: Sinistcha|move: Sticky Web
|-unboost|p1a: Sinistcha|spe|1
|turn|18
|
|t:|1760386232
|move|p2a: Krookodile|Knock Off|p1a: Sinistcha
|-supereffective|p1a: Sinistcha
|-damage|p1a: Sinistcha|18/100
|-enditem|p1a: Sinistcha|Leftovers|[from] move: Knock Off|[of] p2a: Krookodile
|move|p1a: Sinistcha|Strength Sap|p2a: Krookodile
|-unboost|p2a: Krookodile|atk|1
|-heal|p1a: Sinistcha|100/100
|
|upkeep
|turn|19
|
|t:|1760386240
|switch|p2a: Poliwag|Poliwag, M|100/100
|-activate|p2a: Poliwag|move: Sticky Web
|-unboost|p2a: Poliwag|spe|1
|move|p1a: Sinistcha|Matcha Gotcha|p2a: Poliwag
|-supereffective|p2a: Poliwag
|-damage|p2a: Poliwag|0 fnt
|faint|p2a: Poliwag
|
|upkeep
|
|t:|1760386241
|switch|p2a: Krookodile|Krookodile, M, tera:Steel|28/100
|-activate|p2a: Krookodile|move: Sticky Web
|-unboost|p2a: Krookodile|spe|1
|turn|20
|
|t:|1760386251
|move|p2a: Krookodile|Knock Off|p1a: Sinistcha
|-supereffective|p1a: Sinistcha
|-damage|p1a: Sinistcha|36/100
|move|p1a: Sinistcha|Shadow Ball|p2a: Krookodile
|-damage|p2a: Krookodile|0 fnt
|faint|p2a: Krookodile
|
|win|Miele233
|raw|Miele233's rating: 1073 &rarr; <strong>1101</strong><br />(+28 for winning)
|raw|vbfewbufi's rating: 1066 &rarr; <strong>1047</strong><br />(-19 for losing)
|l|☆vbfewbufi
|player|p2|
|l|☆Miele233
|player|p1|
