|j|☆LX1987
|j|☆hamoodiscute
|t:|1760445453
|gametype|singles
|player|p1|LX1987|266|1407
|player|p2|hamoodiscute|169|1485
|gen|9
|tier|[Gen 9] OU
|rated|
|rule|HP Percentage Mod: HP is shown in percentages
|rule|Endless Battle Clause: Forcing endless battles is banned
|rule|Species Clause: Limit one of each Pokémon
|rule|OHKO Clause: OHKO moves are banned
|rule|Evasion Items Clause: Evasion items are banned
|rule|Evasion Moves Clause: Evasion moves are banned
|rule|Evasion Abilities Clause: Evasion abilities are banned
|rule|Sleep Moves Clause: Sleep-inducing moves are banned
|clearpoke
|poke|p1|Chesnaught, F|
|poke|p1|Entei|
|poke|p1|Weezing-Galar, F|
|poke|p1|Dragapult, M|
|poke|p1|Swampert, M|
|poke|p1|Glimmora, F|
|poke|p2|Ting-Lu|
|poke|p2|Slowking-Galar, M|
|poke|p2|Corviknight, M|
|poke|p2|Cinderace, M|
|poke|p2|Ogerpon-Wellspring, F|
|poke|p2|Raging Bolt|
|teampreview
|inactive|Battle timer is ON: inactive players will automatically lose when time's up. (requested by LX1987)
|
|t:|1760445489
|teamsize|p1|6
|teamsize|p2|6
|start
|switch|p1a: Glimmora|Glimmora, F|100/100
|switch|p2a: Slowking|Slowking-Galar, M, shiny|100/100
|turn|1
|
|t:|1760445496
|move|p1a: Glimmora|Stealth Rock|p2a: Slowking
|-sidestart|p2: hamoodiscute|move: Stealth Rock
|move|p2a: Slowking|Psychic Noise|p1a: Glimmora
|-supereffective|p1a: Glimmora
|-damage|p1a: Glimmora|26/100
|-start|p1a: Glimmora|move: Heal Block
|
|upkeep
|turn|2
|
|t:|1760445504
|switch|p1a: Swampert|Swampert, M|100/100
|move|p2a: Slowking|Psychic Noise|p1a: Swampert
|-damage|p1a: Swampert|87/100
|-start|p1a: Swampert|move: Heal Block
|
|upkeep
|turn|3
|
|t:|1760445515
|move|p1a: Swampert|Knock Off|p2a: Slowking
|-supereffective|p2a: Slowking
|-damage|p2a: Slowking|55/100
|-enditem|p2a: Slowking|Heavy-Duty Boots|[from] move: Knock Off|[of] p1a: Swampert
|-prepare|p2a: Slowking|Chilly Reception|[premajor]
|move|p2a: Slowking|Chilly Reception|p2a: Slowking
|-weather|Snowscape
|
|t:|1760445526
|switch|p2a: Ogerpon|Ogerpon-Wellspring, F|100/100|[from] Chilly Reception
|-damage|p2a: Ogerpon|88/100|[from] Stealth Rock
|
|-weather|Snowscape|[upkeep]
|-end|p1a: Swampert|move: Heal Block
|upkeep
|turn|4
|
|t:|1760445535
|switch|p1a: Chesnaught|Chesnaught, F|100/100
|move|p2a: Ogerpon|Taunt|p1a: Chesnaught
|-start|p1a: Chesnaught|move: Taunt
|
|-weather|Snowscape|[upkeep]
|upkeep
|turn|5
|
|t:|1760445549
|move|p2a: Ogerpon|U-turn|p1a: Chesnaught
|-damage|p1a: Chesnaught|83/100
|-damage|p2a: Ogerpon|72/100|[from] item: Rocky Helmet|[of] p1a: Chesnaught
|
|t:|1760445552
|switch|p2a: Corviknight|Corviknight, M, shiny|100/100|[from] U-turn
|-damage|p2a: Corviknight|88/100|[from] Stealth Rock
|-ability|p2a: Corviknight|Pressure
|move|p1a: Chesnaught|Body Press|p2a: Corviknight
|-damage|p2a: Corviknight|61/100
|-damage|p1a: Chesnaught|66/100|[from] item: Rocky Helmet|[of] p2a: Corviknight
|
|-weather|Snowscape|[upkeep]
|upkeep
|turn|6
|
|t:|1760445567
|move|p1a: Chesnaught|Knock Off|p2a: Corviknight
|-damage|p2a: Corviknight|46/100
|-damage|p1a: Chesnaught|50/100|[from] item: Rocky Helmet|[of] p2a: Corviknight
|-enditem|p2a: Corviknight|Rocky Helmet|[from] move: Knock Off|[of] p1a: Chesnaught
|move|p2a: Corviknight|Roost|p2a: Corviknight
|-heal|p2a: Corviknight|96/100
|-singleturn|p2a: Corviknight|move: Roost
|
|-weather|Snowscape|[upkeep]
|-end|p1a: Chesnaught|move: Taunt
|upkeep
|turn|7
|
|t:|1760445579
|move|p1a: Chesnaught|Taunt|p2a: Corviknight
|-start|p2a: Corviknight|move: Taunt
|move|p2a: Corviknight|Brave Bird|p1a: Chesnaught
|-supereffective|p1a: Chesnaught
|-damage|p1a: Chesnaught|0 fnt
|-damage|p2a: Corviknight|80/100|[from] item: Rocky Helmet|[of] p1a: Chesnaught
|faint|p1a: Chesnaught
|-damage|p2a: Corviknight|66/100|[from] Recoil
|
|-weather|none
|upkeep
|
|t:|1760445591
|switch|p1a: Entei|Entei|100/100
|-ability|p1a: Entei|Pressure
|turn|8
|
|t:|1760445597
|switch|p2a: Slowking|Slowking-Galar, M, shiny|89/100
|-damage|p2a: Slowking|76/100|[from] Stealth Rock
|move|p1a: Entei|Swagger|p2a: Slowking
|-boost|p2a: Slowking|atk|2
|-start|p2a: Slowking|confusion
|-enditem|p1a: Entei|Mirror Herb
|-boost|p1a: Entei|atk|2|[from] item: Mirror Herb
|
|upkeep
|turn|9
|
|t:|1760445607
|move|p1a: Entei|Sacred Fire|p2a: Slowking
|-damage|p2a: Slowking|3/100
|-prepare|p2a: Slowking|Chilly Reception|[premajor]
|-activate|p2a: Slowking|confusion
|move|p2a: Slowking|Chilly Reception|p2a: Slowking
|-weather|Snowscape
|
|t:|1760445631
|switch|p2a: Ting-Lu|Ting-Lu|100/100|[from] Chilly Reception
|-damage|p2a: Ting-Lu|94/100|[from] Stealth Rock
|-ability|p2a: Ting-Lu|Vessel of Ruin
|
|-weather|Snowscape|[upkeep]
|-heal|p2a: Ting-Lu|100/100|[from] item: Leftovers
|upkeep
|turn|10
|
|t:|1760445640
|move|p1a: Entei|Sacred Fire|p2a: Ting-Lu
|-damage|p2a: Ting-Lu|48/100
|move|p2a: Ting-Lu|Earthquake|p1a: Entei
|-supereffective|p1a: Entei
|-damage|p1a: Entei|24/100
|
|-weather|Snowscape|[upkeep]
|-heal|p2a: Ting-Lu|54/100|[from] item: Leftovers
|upkeep
|turn|11
|
|t:|1760445650
|move|p2a: Ting-Lu|Protect|p2a: Ting-Lu
|-singleturn|p2a: Ting-Lu|Protect
|move|p1a: Entei|Sacred Fire|p2a: Ting-Lu
|-activate|p2a: Ting-Lu|move: Protect
|
|-weather|Snowscape|[upkeep]
|-heal|p2a: Ting-Lu|60/100|[from] item: Leftovers
|upkeep
|turn|12
|
|t:|1760445660
|move|p1a: Entei|Sacred Fire|p2a: Ting-Lu
|-crit|p2a: Ting-Lu
|-damage|p2a: Ting-Lu|0 fnt
|faint|p2a: Ting-Lu
|
|-weather|Snowscape|[upkeep]
|upkeep
|
|t:|1760445670
|switch|p2a: Raging Bolt|Raging Bolt|100/100
|-damage|p2a: Raging Bolt|88/100|[from] Stealth Rock
|turn|13
|
|t:|1760445675
|-terastallize|p1a: Entei|Normal
|move|p1a: Entei|Extreme Speed|p2a: Raging Bolt
|-damage|p2a: Raging Bolt|23/100
|move|p2a: Raging Bolt|Volt Switch|p1a: Entei
|-damage|p1a: Entei|0 fnt
|faint|p1a: Entei
|
|t:|1760445679
|-end|p2a: Raging Bolt|Protosynthesis|[silent]
|switch|p2a: Slowking|Slowking-Galar, M, shiny|37/100|[from] Volt Switch
|-damage|p2a: Slowking|24/100|[from] Stealth Rock
|
|-weather|none
|upkeep
|
|t:|1760445694
|switch|p1a: Swampert|Swampert, M|87/100
|turn|14
|
|t:|1760445699
|switch|p2a: Corviknight|Corviknight, M, shiny|66/100
|-damage|p2a: Corviknight|53/100|[from] Stealth Rock
|-ability|p2a: Corviknight|Pressure
|move|p1a: Swampert|Earthquake|p2a: Corviknight
|-immune|p2a: Corviknight
|
|upkeep
|turn|15
|
|t:|1760445711
|switch|p1a: Dragapult|Dragapult, M|100/100
|move|p2a: Corviknight|Roost|p2a: Corviknight
|-heal|p2a: Corviknight|100/100
|-singleturn|p2a: Corviknight|move: Roost
|
|upkeep
|turn|16
|
|t:|1760445733
|move|p1a: Dragapult|Will-O-Wisp|p2a: Corviknight
|-status|p2a: Corviknight|brn
|move|p2a: Corviknight|U-turn|p1a: Dragapult
|-resisted|p1a: Dragapult
|-damage|p1a: Dragapult|95/100
|
|t:|1760445744
|switch|p2a: Cinderace|Cinderace, M, shiny|100/100|[from] U-turn
|
|upkeep
|turn|17
|
|t:|1760445750
|move|p1a: Dragapult|Draco Meteor|p2a: Cinderace
|-damage|p2a: Cinderace|0 fnt
|-unboost|p1a: Dragapult|spa|2
|faint|p2a: Cinderace
|-damage|p1a: Dragapult|85/100|[from] item: Life Orb
|
|upkeep
|
|t:|1760445760
|switch|p2a: Slowking|Slowking-Galar, M, shiny|57/100
|-damage|p2a: Slowking|45/100|[from] Stealth Rock
|turn|18
|
|t:|1760445769
|switch|p1a: Swampert|Swampert, M|87/100
|-prepare|p2a: Slowking|Chilly Reception|[premajor]
|move|p2a: Slowking|Chilly Reception|p2a: Slowking
|-weather|Snowscape
|
|t:|1760445773
|switch|p2a: Ogerpon|Ogerpon-Wellspring, F|72/100|[from] Chilly Reception
|-damage|p2a: Ogerpon|59/100|[from] Stealth Rock
|
|-weather|Snowscape|[upkeep]
|upkeep
|turn|19
|
|t:|1760445781
|switch|p1a: Glimmora|Glimmora, F|26/100
|-terastallize|p2a: Ogerpon|Water
|detailschange|p2a: Ogerpon|Ogerpon-Wellspring-Tera, F, tera:Water
|-ability|p2a: Ogerpon|Embody Aspect (Wellspring)|boost
|-boost|p2a: Ogerpon|spd|1
|move|p2a: Ogerpon|Ivy Cudgel|p1a: Glimmora|[anim] Ivy Cudgel Water
|-supereffective|p1a: Glimmora
|-crit|p1a: Glimmora
|-damage|p1a: Glimmora|0 fnt
|-activate|p1a: Glimmora|ability: Toxic Debris
|-sidestart|p2: hamoodiscute|move: Toxic Spikes
|faint|p1a: Glimmora
|
|-weather|Snowscape|[upkeep]
|upkeep
|
|t:|1760445796
|switch|p1a: Dragapult|Dragapult, M|85/100
|turn|20
|
|t:|1760445805
|switch|p2a: Slowking|Slowking-Galar, M, shiny|78/100
|-damage|p2a: Slowking|66/100|[from] Stealth Rock
|-sideend|p2: hamoodiscute|move: Toxic Spikes|[of] p2a: Slowking
|move|p1a: Dragapult|Will-O-Wisp|p2a: Slowking
|-status|p2a: Slowking|brn
|
|-weather|Snowscape|[upkeep]
|-damage|p2a: Slowking|60/100 brn|[from] brn
|upkeep
|turn|21
|
|t:|1760445816
|move|p1a: Dragapult|Hex|p2a: Slowking
|-supereffective|p2a: Slowking
|-damage|p2a: Slowking|0 fnt
|faint|p2a: Slowking
|-damage|p1a: Dragapult|76/100|[from] item: Life Orb
|
|-weather|Snowscape|[upkeep]
|upkeep
|
|t:|1760445820
|switch|p2a: Raging Bolt|Raging Bolt|23/100
|-damage|p2a: Raging Bolt|10/100|[from] Stealth Rock
|turn|22
|
|t:|1760445827
|switch|p1a: Swampert|Swampert, M|87/100
|move|p2a: Raging Bolt|Draco Meteor|p1a: Swampert
|-damage|p1a: Swampert|34/100
|-unboost|p2a: Raging Bolt|spa|2
|
|-weather|none
|upkeep
|turn|23
|
|t:|1760445837
|switch|p1a: Weezing|Weezing-Galar, F|100/100
|-ability|p1a: Weezing|Neutralizing Gas
|move|p2a: Raging Bolt|Draco Meteor|p1a: Weezing
|-immune|p1a: Weezing
|
|upkeep
|turn|24
|
|t:|1760445846
|-end|p2a: Raging Bolt|Protosynthesis|[silent]
|switch|p2a: Corviknight|Corviknight, M, shiny|100/100 brn
|-damage|p2a: Corviknight|88/100 brn|[from] Stealth Rock
|move|p1a: Weezing|Fire Blast|p2a: Corviknight
|-supereffective|p2a: Corviknight
|-damage|p2a: Corviknight|44/100 brn
|
|-damage|p2a: Corviknight|38/100 brn|[from] brn
|upkeep
|turn|25
|
|t:|1760445856
|move|p1a: Weezing|Fire Blast|p2a: Corviknight
|-supereffective|p2a: Corviknight
|-damage|p2a: Corviknight|0 fnt
|faint|p2a: Corviknight
|
|upkeep
|
|t:|1760445860
|switch|p2a: Raging Bolt|Raging Bolt|10/100
|-damage|p2a: Raging Bolt|0 fnt|[from] Stealth Rock
|faint|p2a: Raging Bolt
|-end|p2a: Raging Bolt|Protosynthesis|[silent]
|
|t:|1760445863
|switch|p2a: Ogerpon|Ogerpon-Wellspring-Tera, F, tera:Water|59/100
|-damage|p2a: Ogerpon|47/100|[from] Stealth Rock
|turn|26
|
|t:|1760445872
|move|p2a: Ogerpon|Taunt|p1a: Weezing
|-start|p1a: Weezing|move: Taunt
|cant|p1a: Weezing|move: Taunt|Toxic
|
|upkeep
|turn|27
|
|t:|1760445878
|move|p2a: Ogerpon|Ivy Cudgel|p1a: Weezing|[anim] Ivy Cudgel Water
|-damage|p1a: Weezing|49/100
|move|p1a: Weezing|Strange Steam|p2a: Ogerpon
|-damage|p2a: Ogerpon|14/100
|
|-heal|p1a: Weezing|55/100|[from] item: Black Sludge
|upkeep
|turn|28
|
|t:|1760445887
|move|p2a: Ogerpon|Ivy Cudgel|p1a: Weezing|[anim] Ivy Cudgel Water
|-damage|p1a: Weezing|2/100
|move|p1a: Weezing|Strange Steam|p2a: Ogerpon
|-damage|p2a: Ogerpon|0 fnt
|faint|p2a: Ogerpon
|detailschange|p2: Ogerpon|Ogerpon-Wellspring, F|[silent]
|
|win|LX1987
|raw|LX1987's rating: 1407 &rarr; <strong>1431</strong><br />(+24 for winning)
|raw|hamoodiscute's rating: 1485 &rarr; <strong>1461</strong><br />(-24 for losing)
|l|☆hamoodiscute
|player|p2|
