|j|☆Kis Vegallomas
|j|☆gdhaorskt
|t:|1760425651
|gametype|singles
|player|p1|Kis Vegallomas|102|1436
|player|p2|gdhaorskt|blackbelt|1450
|gen|9
|tier|[Gen 9] OU
|rated|
|rule|HP Percentage Mod: HP is shown in percentages
|rule|Endless Battle Clause: Forcing endless battles is banned
|rule|Species Clause: Limit one of each Pokémon
|rule|OHKO Clause: OHKO moves are banned
|rule|Evasion Items Clause: Evasion items are banned
|rule|Evasion Moves Clause: Evasion moves are banned
|rule|Evasion Abilities Clause: Evasion abilities are banned
|rule|Sleep Moves Clause: Sleep-inducing moves are banned
|clearpoke
|poke|p1|Garchomp, M|
|poke|p1|Slowking-Galar, F|
|poke|p1|Keldeo-Resolute|
|poke|p1|Grimmsnarl, M|
|poke|p1|Iron Crown|
|poke|p1|Primeape, F|
|poke|p2|Frosmoth, M|
|poke|p2|Tyranitar, M|
|poke|p2|Indeedee-F, F|
|poke|p2|Cinderace, F|
|poke|p2|Excadrill, M|
|poke|p2|Houndstone, F|
|teampreview
|inactive|Battle timer is ON: inactive players will automatically lose when time's up. (requested by Kis Vegallomas)
|
|t:|1760425676
|teamsize|p1|6
|teamsize|p2|6
|start
|switch|p1a: Grimmsnarl|Grimmsnarl, M|100/100
|switch|p2a: Excadrill|Excadrill, M|100/100
|-ability|p2a: Excadrill|Mold Breaker
|turn|1
|
|t:|1760425684
|switch|p1a: Keldeo|Keldeo-Resolute|100/100
|move|p2a: Excadrill|Iron Head|p1a: Keldeo
|-resisted|p1a: Keldeo
|-damage|p1a: Keldeo|71/100
|
|-heal|p1a: Keldeo|77/100|[from] item: Leftovers
|upkeep
|turn|2
|
|t:|1760425690
|switch|p2a: Indeedee|Indeedee-F, F|100/100
|-fieldstart|move: Psychic Terrain|[from] ability: Psychic Surge|[of] p2a: Indeedee
|move|p1a: Keldeo|Surf|p2a: Indeedee
|-damage|p2a: Indeedee|49/100
|
|-heal|p1a: Keldeo|83/100|[from] item: Leftovers
|upkeep
|turn|3
|inactive|gdhaorskt has 120 seconds left.
|
|t:|1760425724
|switch|p1a: Grimmsnarl|Grimmsnarl, M|100/100
|move|p2a: Indeedee|Reflect|p2a: Indeedee
|-sidestart|p2: gdhaorskt|Reflect
|
|upkeep
|turn|4
|
|t:|1760425733
|move|p1a: Grimmsnarl|Light Screen|p1a: Grimmsnarl
|-sidestart|p1: Kis Vegallomas|move: Light Screen
|move|p2a: Indeedee|Alluring Voice|p1a: Grimmsnarl
|-supereffective|p1a: Grimmsnarl
|-damage|p1a: Grimmsnarl|82/100
|
|upkeep
|turn|5
|
|t:|1760425741
|move|p1a: Grimmsnarl|Reflect|p1a: Grimmsnarl
|-sidestart|p1: Kis Vegallomas|Reflect
|move|p2a: Indeedee|Healing Wish|p2a: Indeedee
|faint|p2a: Indeedee
|
|upkeep
|
|t:|1760425754
|switch|p2a: Frosmoth|Frosmoth, M|100/100
|-enditem|p2a: Frosmoth|Psychic Seed
|-boost|p2a: Frosmoth|spd|1|[from] item: Psychic Seed
|turn|6
|
|t:|1760425770
|switch|p1a: Slowking|Slowking-Galar, F|100/100
|move|p2a: Frosmoth|Quiver Dance|p2a: Frosmoth
|-boost|p2a: Frosmoth|spa|1
|-boost|p2a: Frosmoth|spd|1
|-boost|p2a: Frosmoth|spe|1
|
|upkeep
|turn|7
|
|t:|1760425780
|move|p2a: Frosmoth|Quiver Dance|p2a: Frosmoth
|-boost|p2a: Frosmoth|spa|1
|-boost|p2a: Frosmoth|spd|1
|-boost|p2a: Frosmoth|spe|1
|move|p1a: Slowking|Trick|p2a: Frosmoth
|-activate|p1a: Slowking|move: Trick|[of] p2a: Frosmoth
|-item|p2a: Frosmoth|Choice Specs|[from] move: Trick
|-enditem|p1a: Slowking|Choice Specs|[silent]|[from] move: Trick
|
|-sideend|p2: gdhaorskt|Reflect
|upkeep
|turn|8
|inactive|gdhaorskt has 120 seconds left.
|
|t:|1760425805
|move|p2a: Frosmoth|Bug Buzz|p1a: Slowking
|-damage|p1a: Slowking|37/100
|move|p1a: Slowking|Sludge Bomb|p2a: Frosmoth
|-damage|p2a: Frosmoth|88/100
|
|upkeep
|turn|9
|
|t:|1760425819
|move|p2a: Frosmoth|Bug Buzz|p1a: Slowking
|-damage|p1a: Slowking|0 fnt
|faint|p1a: Slowking
|
|-fieldend|move: Psychic Terrain
|upkeep
|
|t:|1760425824
|switch|p1a: Keldeo|Keldeo-Resolute|83/100
|turn|10
|
|t:|1760425827
|move|p2a: Frosmoth|Bug Buzz|p1a: Keldeo
|-resisted|p1a: Keldeo
|-damage|p1a: Keldeo|39/100
|-unboost|p1a: Keldeo|spd|1
|move|p1a: Keldeo|Secret Sword|p2a: Frosmoth
|-damage|p2a: Frosmoth|47/100
|
|-heal|p1a: Keldeo|45/100|[from] item: Leftovers
|upkeep
|turn|11
|
|t:|1760425837
|move|p2a: Frosmoth|Bug Buzz|p1a: Keldeo
|-resisted|p1a: Keldeo
|-damage|p1a: Keldeo|0 fnt
|faint|p1a: Keldeo
|
|-sideend|p1: Kis Vegallomas|move: Light Screen
|upkeep
|
|t:|1760425839
|switch|p1a: Grimmsnarl|Grimmsnarl, M|82/100
|turn|12
|
|t:|1760425842
|move|p1a: Grimmsnarl|Light Screen|p1a: Grimmsnarl
|-sidestart|p1: Kis Vegallomas|move: Light Screen
|move|p2a: Frosmoth|Bug Buzz|p1a: Grimmsnarl
|-damage|p1a: Grimmsnarl|23/100
|
|-sideend|p1: Kis Vegallomas|Reflect
|upkeep
|turn|13
|
|t:|1760425845
|move|p1a: Grimmsnarl|Reflect|p1a: Grimmsnarl
|-sidestart|p1: Kis Vegallomas|Reflect
|move|p2a: Frosmoth|Bug Buzz|p1a: Grimmsnarl
|-damage|p1a: Grimmsnarl|0 fnt
|faint|p1a: Grimmsnarl
|
|upkeep
|
|t:|1760425847
|switch|p1a: Iron Crown|Iron Crown|100/100
|turn|14
|
|t:|1760425851
|move|p2a: Frosmoth|Bug Buzz|p1a: Iron Crown
|-damage|p1a: Iron Crown|33/100
|move|p1a: Iron Crown|Tachyon Cutter|p2a: Frosmoth
|-supereffective|p2a: Frosmoth
|-damage|p2a: Frosmoth|33/100
|-supereffective|p2a: Frosmoth
|-damage|p2a: Frosmoth|17/100
|-hitcount|p2a: Frosmoth|2
|
|upkeep
|turn|15
|
|t:|1760425861
|-terastallize|p1a: Iron Crown|Fighting
|move|p2a: Frosmoth|Bug Buzz|p1a: Iron Crown
|-resisted|p1a: Iron Crown
|-damage|p1a: Iron Crown|1/100
|-unboost|p1a: Iron Crown|spd|1
|move|p1a: Iron Crown|Tera Blast|p2a: Frosmoth|[anim] Tera Blast Fighting
|-damage|p2a: Frosmoth|5/100
|
|upkeep
|turn|16
|-message|Kis Vegallomas forfeited.
|
|win|gdhaorskt
|raw|Kis Vegallomas's rating: 1436 &rarr; <strong>1417</strong><br />(-19 for losing)
|raw|gdhaorskt's rating: 1450 &rarr; <strong>1469</strong><br />(+19 for winning)
|l|☆Kis Vegallomas
|player|p1|
