|j|☆birdra
|j|☆HappyMaushold
|t:|1760450527
|gametype|singles
|player|p1|birdra|dawn|1243
|player|p2|HappyMaushold|cynthia|1258
|gen|9
|tier|[Gen 9] OU
|rated|
|rule|HP Percentage Mod: HP is shown in percentages
|rule|Endless Battle Clause: Forcing endless battles is banned
|rule|Species Clause: Limit one of each Pokémon
|rule|OHKO Clause: OHKO moves are banned
|rule|Evasion Items Clause: Evasion items are banned
|rule|Evasion Moves Clause: Evasion moves are banned
|rule|Evasion Abilities Clause: Evasion abilities are banned
|rule|Sleep Moves Clause: Sleep-inducing moves are banned
|clearpoke
|poke|p1|Meloetta|
|poke|p1|Weezing-Galar, F|
|poke|p1|Magnezone|
|poke|p1|Rillaboom, F|
|poke|p1|Cobalion|
|poke|p1|Kyurem|
|poke|p2|Leafeon, F|
|poke|p2|Latias, F|
|poke|p2|Torkoal, F|
|poke|p2|Great Tusk|
|poke|p2|Delphox, F|
|poke|p2|Walking Wake|
|teampreview
|
|t:|1760450537
|teamsize|p1|6
|teamsize|p2|6
|start
|switch|p1a: Kyurem|Kyurem|100/100
|switch|p2a: Torkoal|Torkoal, F|100/100
|-ability|p1a: Kyurem|Pressure
|-weather|SunnyDay|[from] ability: Drought|[of] p2a: Torkoal
|turn|1
|
|t:|1760450540
|switch|p2a: Latias|Latias, F|100/100
|move|p1a: Kyurem|Substitute|p1a: Kyurem
|-start|p1a: Kyurem|Substitute
|-damage|p1a: Kyurem|75/100
|
|-weather|SunnyDay|[upkeep]
|-heal|p1a: Kyurem|82/100|[from] item: Leftovers
|upkeep
|turn|2
|
|t:|1760450547
|-terastallize|p2a: Latias|Poison
|move|p1a: Kyurem|Protect|p1a: Kyurem
|-singleturn|p1a: Kyurem|Protect
|move|p2a: Latias|Weather Ball|p1a: Kyurem
|-activate|p1a: Kyurem|move: Protect
|
|-weather|SunnyDay|[upkeep]
|-heal|p1a: Kyurem|88/100|[from] item: Leftovers
|upkeep
|turn|3
|
|t:|1760450554
|move|p2a: Latias|Weather Ball|p1a: Kyurem
|-end|p1a: Kyurem|Substitute
|move|p1a: Kyurem|Substitute|p1a: Kyurem
|-start|p1a: Kyurem|Substitute
|-damage|p1a: Kyurem|63/100
|
|-weather|SunnyDay|[upkeep]
|-heal|p1a: Kyurem|69/100|[from] item: Leftovers
|upkeep
|turn|4
|
|t:|1760450558
|move|p1a: Kyurem|Protect|p1a: Kyurem
|-singleturn|p1a: Kyurem|Protect
|move|p2a: Latias|Weather Ball|p1a: Kyurem
|-activate|p1a: Kyurem|move: Protect
|
|-weather|SunnyDay|[upkeep]
|-heal|p1a: Kyurem|75/100|[from] item: Leftovers
|upkeep
|turn|5
|c|☆HappyMaushold|whar
|
|t:|1760450568
|move|p2a: Latias|Weather Ball|p1a: Kyurem
|-end|p1a: Kyurem|Substitute
|move|p1a: Kyurem|Substitute|p1a: Kyurem
|-start|p1a: Kyurem|Substitute
|-damage|p1a: Kyurem|50/100
|
|-weather|SunnyDay|[upkeep]
|-heal|p1a: Kyurem|56/100|[from] item: Leftovers
|upkeep
|turn|6
|
|t:|1760450574
|move|p1a: Kyurem|Protect|p1a: Kyurem
|-singleturn|p1a: Kyurem|Protect
|move|p2a: Latias|Weather Ball|p1a: Kyurem
|-activate|p1a: Kyurem|move: Protect
|
|-weather|SunnyDay|[upkeep]
|-heal|p1a: Kyurem|62/100|[from] item: Leftovers
|upkeep
|turn|7
|
|t:|1760450585
|move|p2a: Latias|Weather Ball|p1a: Kyurem
|-end|p1a: Kyurem|Substitute
|move|p1a: Kyurem|Substitute|p1a: Kyurem
|-start|p1a: Kyurem|Substitute
|-damage|p1a: Kyurem|37/100
|
|-weather|SunnyDay|[upkeep]
|-heal|p1a: Kyurem|43/100|[from] item: Leftovers
|upkeep
|turn|8
|
|t:|1760450588
|move|p1a: Kyurem|Protect|p1a: Kyurem
|-singleturn|p1a: Kyurem|Protect
|move|p2a: Latias|Mist Ball|p1a: Kyurem
|-activate|p1a: Kyurem|move: Protect
|
|-weather|none
|-heal|p1a: Kyurem|49/100|[from] item: Leftovers
|upkeep
|turn|9
|
|t:|1760450594
|move|p2a: Latias|Mist Ball|p1a: Kyurem
|-end|p1a: Kyurem|Substitute
|move|p1a: Kyurem|Freeze-Dry|p2a: Latias
|-damage|p2a: Latias|66/100
|
|-heal|p1a: Kyurem|56/100|[from] item: Leftovers
|upkeep
|turn|10
|
|t:|1760450601
|move|p1a: Kyurem|Protect|p1a: Kyurem
|-singleturn|p1a: Kyurem|Protect
|move|p2a: Latias|Mist Ball|p1a: Kyurem
|-activate|p1a: Kyurem|move: Protect
|
|-heal|p1a: Kyurem|62/100|[from] item: Leftovers
|upkeep
|turn|11
|
|t:|1760450616
|switch|p1a: Meloetta|Meloetta|100/100
|move|p2a: Latias|Mist Ball|p1a: Meloetta
|-resisted|p1a: Meloetta
|-damage|p1a: Meloetta|84/100
|-unboost|p1a: Meloetta|spa|1
|
|upkeep
|turn|12
|
|t:|1760450621
|switch|p2a: Torkoal|Torkoal, F|100/100
|-weather|SunnyDay|[from] ability: Drought|[of] p2a: Torkoal
|move|p1a: Meloetta|Relic Song|p2a: Torkoal
|-damage|p2a: Torkoal|74/100
|-formechange|p1a: Meloetta|Meloetta-Pirouette|[msg]
|-damage|p1a: Meloetta|74/100|[from] item: Life Orb
|
|-weather|SunnyDay|[upkeep]
|upkeep
|turn|13
|
|t:|1760450627
|move|p1a: Meloetta|Knock Off|p2a: Torkoal
|-damage|p2a: Torkoal|46/100
|-enditem|p2a: Torkoal|Heat Rock|[from] move: Knock Off|[of] p1a: Meloetta
|-damage|p1a: Meloetta|64/100|[from] item: Life Orb
|move|p2a: Torkoal|Will-O-Wisp|p1a: Meloetta
|-status|p1a: Meloetta|brn
|
|-weather|SunnyDay|[upkeep]
|-damage|p1a: Meloetta|58/100 brn|[from] brn
|upkeep
|turn|14
|
|t:|1760450637
|switch|p2a: Leafeon|Leafeon, F|100/100
|move|p1a: Meloetta|Relic Song|p2a: Leafeon
|-damage|p2a: Leafeon|71/100
|-formechange|p1a: Meloetta|Meloetta|[msg]
|-damage|p1a: Meloetta|48/100 brn|[from] item: Life Orb
|
|-weather|SunnyDay|[upkeep]
|-damage|p1a: Meloetta|42/100 brn|[from] brn
|upkeep
|turn|15
|
|t:|1760450641
|move|p2a: Leafeon|Knock Off|p1a: Meloetta
|-supereffective|p1a: Meloetta
|-damage|p1a: Meloetta|0 fnt
|-enditem|p1a: Meloetta|Life Orb|[from] move: Knock Off|[of] p2a: Leafeon
|faint|p1a: Meloetta
|
|-weather|SunnyDay|[upkeep]
|upkeep
|
|t:|1760450646
|switch|p1a: Cobalion|Cobalion|100/100
|turn|16
|
|t:|1760450648
|move|p2a: Leafeon|Knock Off|p1a: Cobalion
|-resisted|p1a: Cobalion
|-damage|p1a: Cobalion|82/100
|-damage|p2a: Leafeon|55/100|[from] item: Rocky Helmet|[of] p1a: Cobalion
|-ability|p1a: Cobalion|Justified|boost
|-boost|p1a: Cobalion|atk|1
|-enditem|p1a: Cobalion|Rocky Helmet|[from] move: Knock Off|[of] p2a: Leafeon
|move|p1a: Cobalion|Iron Defense|p1a: Cobalion
|-boost|p1a: Cobalion|def|2
|
|-weather|SunnyDay|[upkeep]
|upkeep
|turn|17
|
|t:|1760450655
|switch|p2a: Great Tusk|Great Tusk|100/100
|-activate|p2a: Great Tusk|ability: Protosynthesis
|-start|p2a: Great Tusk|protosynthesisatk
|move|p1a: Cobalion|Stealth Rock|p2a: Great Tusk
|-sidestart|p2: HappyMaushold|move: Stealth Rock
|
|-weather|SunnyDay|[upkeep]
|upkeep
|turn|18
|
|t:|1760450662
|move|p1a: Cobalion|Body Press|p2a: Great Tusk
|-damage|p2a: Great Tusk|54/100
|move|p2a: Great Tusk|Stealth Rock|p1a: Cobalion
|-sidestart|p1: birdra|move: Stealth Rock
|
|-weather|SunnyDay|[upkeep]
|-heal|p2a: Great Tusk|60/100|[from] item: Leftovers
|upkeep
|turn|19
|
|t:|1760450669
|move|p1a: Cobalion|Body Press|p2a: Great Tusk
|-damage|p2a: Great Tusk|9/100
|move|p2a: Great Tusk|Rapid Spin|p1a: Cobalion
|-resisted|p1a: Cobalion
|-damage|p1a: Cobalion|79/100
|-boost|p2a: Great Tusk|spe|1
|-sideend|p2: HappyMaushold|Stealth Rock|[from] move: Rapid Spin|[of] p2a: Great Tusk
|
|-weather|none
|-end|p2a: Great Tusk|Protosynthesis
|-heal|p2a: Great Tusk|15/100|[from] item: Leftovers
|upkeep
|turn|20
|
|t:|1760450672
|move|p2a: Great Tusk|Headlong Rush|p1a: Cobalion
|-supereffective|p1a: Cobalion
|-damage|p1a: Cobalion|35/100
|-unboost|p2a: Great Tusk|def|1
|-unboost|p2a: Great Tusk|spd|1
|move|p1a: Cobalion|Stealth Rock|p2a: Great Tusk
|-sidestart|p2: HappyMaushold|move: Stealth Rock
|
|-heal|p2a: Great Tusk|22/100|[from] item: Leftovers
|upkeep
|turn|21
|
|t:|1760450679
|move|p2a: Great Tusk|Headlong Rush|p1a: Cobalion
|-supereffective|p1a: Cobalion
|-damage|p1a: Cobalion|0 fnt
|-unboost|p2a: Great Tusk|def|1
|-unboost|p2a: Great Tusk|spd|1
|faint|p1a: Cobalion
|
|-heal|p2a: Great Tusk|28/100|[from] item: Leftovers
|upkeep
|
|t:|1760450683
|switch|p1a: Kyurem|Kyurem|62/100
|-damage|p1a: Kyurem|37/100|[from] Stealth Rock
|-ability|p1a: Kyurem|Pressure
|turn|22
|
|t:|1760450688
|move|p1a: Kyurem|Protect|p1a: Kyurem
|-singleturn|p1a: Kyurem|Protect
|move|p2a: Great Tusk|Headlong Rush|p1a: Kyurem
|-activate|p1a: Kyurem|move: Protect
|
|-heal|p2a: Great Tusk|34/100|[from] item: Leftovers
|-heal|p1a: Kyurem|43/100|[from] item: Leftovers
|upkeep
|turn|23
|
|t:|1760450695
|move|p2a: Great Tusk|Headlong Rush|p1a: Kyurem
|-damage|p1a: Kyurem|0 fnt
|-unboost|p2a: Great Tusk|def|1
|-unboost|p2a: Great Tusk|spd|1
|faint|p1a: Kyurem
|
|-heal|p2a: Great Tusk|40/100|[from] item: Leftovers
|upkeep
|
|t:|1760450699
|switch|p1a: Rillaboom|Rillaboom, F|100/100
|-damage|p1a: Rillaboom|88/100|[from] Stealth Rock
|-fieldstart|move: Grassy Terrain|[from] ability: Grassy Surge|[of] p1a: Rillaboom
|turn|24
|
|t:|1760450703
|-end|p2a: Great Tusk|Protosynthesis|[silent]
|switch|p2a: Torkoal|Torkoal, F|46/100
|-damage|p2a: Torkoal|21/100|[from] Stealth Rock
|-weather|SunnyDay|[from] ability: Drought|[of] p2a: Torkoal
|move|p1a: Rillaboom|Drum Beating|p2a: Torkoal
|-resisted|p2a: Torkoal
|-damage|p2a: Torkoal|7/100
|-unboost|p2a: Torkoal|spe|1
|
|-weather|SunnyDay|[upkeep]
|-heal|p1a: Rillaboom|94/100|[from] Grassy Terrain
|-heal|p2a: Torkoal|13/100|[from] Grassy Terrain
|upkeep
|turn|25
|
|t:|1760450709
|switch|p2a: Great Tusk|Great Tusk|40/100
|-damage|p2a: Great Tusk|37/100|[from] Stealth Rock
|-activate|p2a: Great Tusk|ability: Protosynthesis
|-start|p2a: Great Tusk|protosynthesisatk
|move|p1a: Rillaboom|Drum Beating|p2a: Great Tusk
|-supereffective|p2a: Great Tusk
|-damage|p2a: Great Tusk|0 fnt
|faint|p2a: Great Tusk
|-end|p2a: Great Tusk|Protosynthesis|[silent]
|
|-weather|SunnyDay|[upkeep]
|-heal|p1a: Rillaboom|100/100|[from] Grassy Terrain
|upkeep
|
|t:|1760450713
|switch|p2a: Latias|Latias, F, tera:Poison|66/100
|-damage|p2a: Latias|54/100|[from] Stealth Rock
|turn|26
|
|t:|1760450720
|-terastallize|p1a: Rillaboom|Dragon
|move|p2a: Latias|Weather Ball|p1a: Rillaboom
|-resisted|p1a: Rillaboom
|-damage|p1a: Rillaboom|76/100
|move|p1a: Rillaboom|U-turn|p2a: Latias
|-resisted|p2a: Latias
|-damage|p2a: Latias|42/100
|
|t:|1760450725
|switch|p1a: Magnezone|Magnezone|100/100|[from] U-turn
|-damage|p1a: Magnezone|94/100|[from] Stealth Rock
|
|-weather|SunnyDay|[upkeep]
|-heal|p1a: Magnezone|100/100|[from] Grassy Terrain
|upkeep
|turn|27
|
|t:|1760450729
|move|p1a: Magnezone|Discharge|p2a: Latias
|-damage|p2a: Latias|3/100
|move|p2a: Latias|Weather Ball|p1a: Magnezone
|-supereffective|p1a: Magnezone
|-damage|p1a: Magnezone|0 fnt
|faint|p1a: Magnezone
|
|-weather|SunnyDay|[upkeep]
|upkeep
|
|t:|1760450736
|switch|p1a: Rillaboom|Rillaboom, F, tera:Dragon|76/100
|-damage|p1a: Rillaboom|63/100|[from] Stealth Rock
|turn|28
|
|t:|1760450738
|move|p1a: Rillaboom|Grassy Glide|p2a: Latias
|-resisted|p2a: Latias
|-damage|p2a: Latias|0 fnt
|faint|p2a: Latias
|
|-weather|none
|-heal|p1a: Rillaboom|70/100|[from] Grassy Terrain
|upkeep
|
|t:|1760450746
|switch|p2a: Delphox|Delphox, F|100/100
|-damage|p2a: Delphox|76/100|[from] Stealth Rock
|turn|29
|
|t:|1760450750
|move|p1a: Rillaboom|Drum Beating|p2a: Delphox
|-resisted|p2a: Delphox
|-crit|p2a: Delphox
|-damage|p2a: Delphox|37/100
|-unboost|p2a: Delphox|spe|1
|-enditem|p2a: Delphox|Eject Button
|
|t:|1760450754
|switch|p2a: Leafeon|Leafeon, F|55/100
|-damage|p2a: Leafeon|43/100|[from] Stealth Rock
|
|-heal|p1a: Rillaboom|76/100|[from] Grassy Terrain
|-heal|p2a: Leafeon|49/100|[from] Grassy Terrain
|upkeep
|turn|30
|
|t:|1760450759
|move|p1a: Rillaboom|U-turn|p2a: Leafeon
|-supereffective|p2a: Leafeon
|-damage|p2a: Leafeon|12/100
|
|t:|1760450761
|switch|p1a: Weezing|Weezing-Galar, F|100/100|[from] U-turn
|-ability|p1a: Weezing|Neutralizing Gas
|move|p2a: Leafeon|Knock Off|p1a: Weezing
|-resisted|p1a: Weezing
|-damage|p1a: Weezing|77/100
|-enditem|p1a: Weezing|Heavy-Duty Boots|[from] move: Knock Off|[of] p2a: Leafeon
|
|-heal|p2a: Leafeon|18/100|[from] Grassy Terrain
|-heal|p1a: Weezing|83/100|[from] Grassy Terrain
|upkeep
|turn|31
|
|t:|1760450767
|move|p2a: Leafeon|Knock Off|p1a: Weezing
|-resisted|p1a: Weezing
|-damage|p1a: Weezing|68/100
|move|p1a: Weezing|Toxic Spikes|p2a: Leafeon
|-sidestart|p2: HappyMaushold|move: Toxic Spikes
|
|-heal|p2a: Leafeon|24/100|[from] Grassy Terrain
|-heal|p1a: Weezing|74/100|[from] Grassy Terrain
|-fieldend|move: Grassy Terrain
|upkeep
|turn|32
|
|t:|1760450771
|switch|p2a: Torkoal|Torkoal, F|13/100
|-damage|p2a: Torkoal|0 fnt|[from] Stealth Rock
|faint|p2a: Torkoal
|move|p1a: Weezing|Toxic Spikes|p2: Torkoal
|-sidestart|p2: HappyMaushold|move: Toxic Spikes
|
|upkeep
|
|t:|1760450774
|switch|p2a: Delphox|Delphox, F|37/100
|-damage|p2a: Delphox|12/100|[from] Stealth Rock
|-status|p2a: Delphox|tox
|turn|33
|
|t:|1760450778
|move|p2a: Delphox|Will-O-Wisp|p1a: Weezing
|-status|p1a: Weezing|brn
|move|p1a: Weezing|Gunk Shot|p2a: Delphox
|-crit|p2a: Delphox
|-damage|p2a: Delphox|0 fnt
|faint|p2a: Delphox
|
|-damage|p1a: Weezing|68/100 brn|[from] brn
|upkeep
|
|t:|1760450781
|switch|p2a: Leafeon|Leafeon, F|24/100
|-damage|p2a: Leafeon|11/100|[from] Stealth Rock
|-status|p2a: Leafeon|tox
|turn|34
|
|t:|1760450784
|move|p2a: Leafeon|Double-Edge|p1a: Weezing
|-damage|p1a: Weezing|15/100 brn
|-damage|p2a: Leafeon|0 fnt|[from] Recoil
|faint|p2a: Leafeon
|move|p1a: Weezing|Gunk Shot|p2: Leafeon|[notarget]
|-fail|p1a: Weezing
|
|-damage|p1a: Weezing|9/100 brn|[from] brn
|upkeep
|
|t:|1760450790
|switch|p2a: Walking Wake|Walking Wake|100/100
|-damage|p2a: Walking Wake|88/100|[from] Stealth Rock
|-status|p2a: Walking Wake|tox
|turn|35
|
|t:|1760450795
|move|p2a: Walking Wake|Draco Meteor|p1a: Weezing
|-immune|p1a: Weezing
|move|p1a: Weezing|Play Rough|p2a: Walking Wake
|-supereffective|p2a: Walking Wake
|-damage|p2a: Walking Wake|57/100 tox
|
|-damage|p2a: Walking Wake|51/100 tox|[from] psn
|-damage|p1a: Weezing|3/100 brn|[from] brn
|upkeep
|turn|36
|
|t:|1760450802
|move|p2a: Walking Wake|Draco Meteor|p1a: Weezing
|-immune|p1a: Weezing
|move|p1a: Weezing|Play Rough|p2a: Walking Wake
|-supereffective|p2a: Walking Wake
|-damage|p2a: Walking Wake|18/100 tox
|
|-damage|p2a: Walking Wake|6/100 tox|[from] psn
|-damage|p1a: Weezing|0 fnt|[from] brn
|faint|p1a: Weezing
|-end|p1a: Weezing|ability: Neutralizing Gas
|upkeep
|
|t:|1760450808
|switch|p1a: Rillaboom|Rillaboom, F, tera:Dragon|76/100
|-damage|p1a: Rillaboom|63/100|[from] Stealth Rock
|-fieldstart|move: Grassy Terrain|[from] ability: Grassy Surge|[of] p1a: Rillaboom
|turn|37
|
|t:|1760450810
|move|p1a: Rillaboom|Grassy Glide|p2a: Walking Wake
|-damage|p2a: Walking Wake|0 fnt
|faint|p2a: Walking Wake
|-end|p2a: Walking Wake|Protosynthesis|[silent]
|
|win|birdra
|raw|birdra's rating: 1243 &rarr; <strong>1269</strong><br />(+26 for winning)
|raw|HappyMaushold's rating: 1258 &rarr; <strong>1232</strong><br />(-26 for losing)
|l|☆HappyMaushold
|player|p2|
|l|☆birdra
|player|p1|
