|j|☆epichackergirl
|j|☆deafenu
|t:|1760329739
|gametype|singles
|player|p1|epichackergirl|iris-gen5bw2|1066
|player|p2|deafenu|caitlin|1080
|gen|9
|tier|[Gen 9] OU
|rated|
|rule|HP Percentage Mod: HP is shown in percentages
|rule|Endless Battle Clause: Forcing endless battles is banned
|rule|Species Clause: Limit one of each Pokémon
|rule|OHKO Clause: OHKO moves are banned
|rule|Evasion Items Clause: Evasion items are banned
|rule|Evasion Moves Clause: Evasion moves are banned
|rule|Evasion Abilities Clause: Evasion abilities are banned
|rule|Sleep Moves Clause: Sleep-inducing moves are banned
|clearpoke
|poke|p1|Gliscor, F|
|poke|p1|Blissey, F|
|poke|p1|Dragonite, M|
|poke|p1|Ogerpon-Wellspring, F|
|poke|p1|Alomomola, F|
|poke|p1|Great Tusk|
|poke|p2|Basculegion, M|
|poke|p2|Pelipper, M|
|poke|p2|Iron Treads|
|poke|p2|Dragapult, M|
|poke|p2|Overqwil, M|
|poke|p2|Iron Valiant|
|teampreview
|
|t:|1760329757
|teamsize|p1|6
|teamsize|p2|6
|start
|switch|p1a: Blissey|Blissey, F|100/100
|switch|p2a: Calamity|Iron Valiant, shiny|100/100
|turn|1
|
|t:|1760329766
|-end|p2a: Calamity|Quark Drive|[silent]
|switch|p2a: Predator|Overqwil, M, shiny|100/100
|move|p1a: Blissey|Stealth Rock|p2a: Predator
|-sidestart|p2: deafenu|move: Stealth Rock
|
|upkeep
|turn|2
|
|t:|1760329775
|switch|p1a: Gliscor|Gliscor, F|100/100
|move|p2a: Predator|Taunt|p1a: Gliscor
|-start|p1a: Gliscor|move: Taunt
|
|-status|p1a: Gliscor|tox|[from] item: Toxic Orb
|upkeep
|turn|3
|
|t:|1760329784
|move|p2a: Predator|Liquidation|p1a: Gliscor
|-supereffective|p1a: Gliscor
|-damage|p1a: Gliscor|50/100 tox
|-damage|p2a: Predator|91/100|[from] item: Life Orb
|move|p1a: Gliscor|Earthquake|p2a: Predator
|-supereffective|p2a: Predator
|-crit|p2a: Predator
|-damage|p2a: Predator|0 fnt
|faint|p2a: Predator
|
|-heal|p1a: Gliscor|63/100 tox|[from] ability: Poison Heal
|upkeep
|
|t:|1760329793
|switch|p2a: Jaws|Basculegion, M, shiny|100/100
|-damage|p2a: Jaws|88/100|[from] Stealth Rock
|turn|4
|
|t:|1760329800
|switch|p1a: Alomomola|Alomomola, F|100/100
|move|p2a: Jaws|Flip Turn|p1a: Alomomola
|-resisted|p1a: Alomomola
|-damage|p1a: Alomomola|83/100
|
|t:|1760329807
|switch|p2a: Leviathan|Dragapult, M, shiny|100/100|[from] Flip Turn
|-damage|p2a: Leviathan|88/100|[from] Stealth Rock
|
|upkeep
|turn|5
|
|t:|1760329815
|move|p2a: Leviathan|Draco Meteor|p1a: Alomomola
|-damage|p1a: Alomomola|1/100
|-unboost|p2a: Leviathan|spa|2
|-damage|p2a: Leviathan|78/100|[from] item: Life Orb
|move|p1a: Alomomola|Wish|p1a: Alomomola
|
|upkeep
|turn|6
|
|t:|1760329823
|move|p1a: Alomomola|Protect|p1a: Alomomola
|-singleturn|p1a: Alomomola|Protect
|move|p2a: Leviathan|Dragon Darts|p1a: Alomomola
|-activate|p1a: Alomomola|move: Protect
|
|-heal|p1a: Alomomola|51/100|[from] move: Wish|[wisher] Alomomola
|upkeep
|turn|7
|
|t:|1760329834
|switch|p1a: Blissey|Blissey, F|100/100
|-terastallize|p2a: Leviathan|Dragon
|move|p2a: Leviathan|Draco Meteor|p1a: Blissey
|-damage|p1a: Blissey|87/100
|-unboost|p2a: Leviathan|spa|2
|-damage|p2a: Leviathan|69/100|[from] item: Life Orb
|
|-heal|p1a: Blissey|93/100|[from] item: Leftovers
|upkeep
|turn|8
|-message|deafenu forfeited.
|
|win|epichackergirl
|raw|epichackergirl's rating: 1066 &rarr; <strong>1097</strong><br />(+31 for winning)
|raw|deafenu's rating: 1080 &rarr; <strong>1057</strong><br />(-23 for losing)
|l|☆deafenu
|player|p2|
|l|☆epichackergirl
|player|p1|
|j| Moms Credit Card
|l| Moms Credit Card
