|j|‽firepowah
|j|☆scorpion257
|t:|1760329353
|gametype|singles
|player|p1|firepowah|266|1622
|player|p2|scorpion257|giovanni|1654
|gen|9
|tier|[Gen 9] OU
|rated|
|rule|HP Percentage Mod: HP is shown in percentages
|rule|Endless Battle Clause: Forcing endless battles is banned
|rule|Species Clause: Limit one of each Pokémon
|rule|OHKO Clause: OHKO moves are banned
|rule|Evasion Items Clause: Evasion items are banned
|rule|Evasion Moves Clause: Evasion moves are banned
|rule|Evasion Abilities Clause: Evasion abilities are banned
|rule|Sleep Moves Clause: Sleep-inducing moves are banned
|clearpoke
|poke|p1|Ninetales, M|
|poke|p1|Walking Wake|
|poke|p1|Lilligant-Hisui, F|
|poke|p1|Great Tusk|
|poke|p1|Kingambit, F|
|poke|p1|Dragonite, M|
|poke|p2|Dondozo, M|
|poke|p2|Blissey, F|
|poke|p2|Corviknight, F|
|poke|p2|Weezing-Galar, F|
|poke|p2|Gliscor, F|
|poke|p2|Toxapex, M|
|teampreview
|inactive|Battle timer is ON: inactive players will automatically lose when time's up. (requested by scorpion257)
|
|t:|1760329362
|teamsize|p1|6
|teamsize|p2|6
|start
|switch|p1a: Ninetales|Ninetales, M, shiny|100/100
|switch|p2a: Toxapex|Toxapex, M|100/100
|-weather|SunnyDay|[from] ability: Drought|[of] p1a: Ninetales
|turn|1
|
|t:|1760329367
|switch|p1a: Great Tusk|Great Tusk|100/100
|-activate|p1a: Great Tusk|ability: Protosynthesis
|-start|p1a: Great Tusk|protosynthesisatk
|move|p2a: Toxapex|Toxic|p1a: Great Tusk
|-status|p1a: Great Tusk|tox
|
|-weather|SunnyDay|[upkeep]
|-damage|p1a: Great Tusk|94/100 tox|[from] psn
|upkeep
|turn|2
|
|t:|1760329376
|switch|p2a: Corviknight|Corviknight, F|100/100
|-ability|p2a: Corviknight|Pressure
|move|p1a: Great Tusk|Stealth Rock|p2a: Corviknight
|-sidestart|p2: scorpion257|move: Stealth Rock
|
|-weather|SunnyDay|[upkeep]
|-damage|p1a: Great Tusk|82/100 tox|[from] psn
|upkeep
|turn|3
|
|t:|1760329383
|-end|p1a: Great Tusk|Protosynthesis|[silent]
|switch|p1a: Walking Wake|Walking Wake|100/100
|-activate|p1a: Walking Wake|ability: Protosynthesis
|-start|p1a: Walking Wake|protosynthesisspa
|move|p2a: Corviknight|Defog|p1a: Walking Wake
|-unboost|p1a: Walking Wake|evasion|1
|-sideend|p2: scorpion257|Stealth Rock|[from] move: Defog|[of] p2a: Corviknight
|
|-weather|SunnyDay|[upkeep]
|upkeep
|turn|4
|
|t:|1760329387
|switch|p2a: Toxapex|Toxapex, M|100/100
|-terastallize|p1a: Walking Wake|Water
|move|p1a: Walking Wake|Hydro Steam|p2a: Toxapex
|-resisted|p2a: Toxapex
|-damage|p2a: Toxapex|43/100
|
|-weather|SunnyDay|[upkeep]
|-heal|p2a: Toxapex|49/100|[from] item: Leftovers
|upkeep
|turn|5
|
|t:|1760329398
|switch|p2a: Blissey|Blissey, F|100/100
|move|p1a: Walking Wake|Hydro Steam|p2a: Blissey
|-damage|p2a: Blissey|49/100
|
|-weather|SunnyDay|[upkeep]
|-heal|p2a: Blissey|55/100|[from] item: Leftovers
|upkeep
|turn|6
|
|t:|1760329404
|move|p1a: Walking Wake|Hydro Steam|p2a: Blissey
|-damage|p2a: Blissey|0 fnt
|faint|p2a: Blissey
|
|-weather|SunnyDay|[upkeep]
|upkeep
|
|t:|1760329408
|switch|p2a: Toxapex|Toxapex, M|82/100
|turn|7
|
|t:|1760329412
|-end|p1a: Walking Wake|Protosynthesis|[silent]
|switch|p1a: Great Tusk|Great Tusk|82/100 tox
|-activate|p1a: Great Tusk|ability: Protosynthesis
|-start|p1a: Great Tusk|protosynthesisatk
|move|p2a: Toxapex|Recover|p2a: Toxapex
|-heal|p2a: Toxapex|100/100
|
|-weather|SunnyDay|[upkeep]
|-damage|p1a: Great Tusk|76/100 tox|[from] psn
|upkeep
|turn|8
|
|t:|1760329416
|switch|p2a: Gliscor|Gliscor, F|100/100
|move|p1a: Great Tusk|Stealth Rock|p2a: Gliscor
|-sidestart|p2: scorpion257|move: Stealth Rock
|
|-weather|none
|-end|p1a: Great Tusk|Protosynthesis
|-damage|p1a: Great Tusk|63/100 tox|[from] psn
|-status|p2a: Gliscor|tox|[from] item: Toxic Orb
|upkeep
|turn|9
|
|t:|1760329425
|-end|p1a: Great Tusk|Protosynthesis|[silent]
|switch|p1a: Lilligant|Lilligant-Hisui, F, shiny|100/100
|switch|p2a: Corviknight|Corviknight, F|100/100
|-damage|p2a: Corviknight|88/100|[from] Stealth Rock
|-ability|p2a: Corviknight|Pressure
|
|-heal|p2a: Corviknight|94/100|[from] item: Leftovers
|upkeep
|turn|10
|
|t:|1760329428
|switch|p1a: Ninetales|Ninetales, M, shiny|100/100
|-weather|SunnyDay|[from] ability: Drought|[of] p1a: Ninetales
|move|p2a: Corviknight|Defog|p1a: Ninetales
|-unboost|p1a: Ninetales|evasion|1
|-sideend|p2: scorpion257|Stealth Rock|[from] move: Defog|[of] p2a: Corviknight
|
|-weather|SunnyDay|[upkeep]
|-heal|p2a: Corviknight|100/100|[from] item: Leftovers
|upkeep
|turn|11
|
|t:|1760329430
|switch|p1a: Walking Wake|Walking Wake, tera:Water|100/100
|-activate|p1a: Walking Wake|ability: Protosynthesis
|-start|p1a: Walking Wake|protosynthesisspa
|switch|p2a: Gliscor|Gliscor, F|100/100 tox
|
|-weather|SunnyDay|[upkeep]
|upkeep
|turn|12
|
|t:|1760329435
|-terastallize|p2a: Gliscor|Water
|move|p1a: Walking Wake|Hydro Steam|p2a: Gliscor
|-resisted|p2a: Gliscor
|-damage|p2a: Gliscor|31/100 tox
|move|p2a: Gliscor|Knock Off|p1a: Walking Wake
|-damage|p1a: Walking Wake|77/100
|-enditem|p1a: Walking Wake|Choice Specs|[from] move: Knock Off|[of] p2a: Gliscor
|
|-weather|SunnyDay|[upkeep]
|-heal|p2a: Gliscor|44/100 tox|[from] ability: Poison Heal
|upkeep
|turn|13
|
|t:|1760329441
|move|p2a: Gliscor|Protect|p2a: Gliscor
|-singleturn|p2a: Gliscor|Protect
|move|p1a: Walking Wake|Hydro Steam|p2a: Gliscor
|-activate|p2a: Gliscor|move: Protect
|
|-weather|SunnyDay|[upkeep]
|-heal|p2a: Gliscor|56/100 tox|[from] ability: Poison Heal
|upkeep
|turn|14
|
|t:|1760329445
|switch|p2a: Toxapex|Toxapex, M|100/100
|move|p1a: Walking Wake|Draco Meteor|p2a: Toxapex|[miss]
|-miss|p1a: Walking Wake|p2a: Toxapex
|
|-weather|SunnyDay|[upkeep]
|upkeep
|turn|15
|
|t:|1760329450
|move|p1a: Walking Wake|Draco Meteor|p2a: Toxapex
|-damage|p2a: Toxapex|37/100
|-unboost|p1a: Walking Wake|spa|2
|move|p2a: Toxapex|Recover|p2a: Toxapex
|-heal|p2a: Toxapex|87/100
|
|-weather|SunnyDay|[upkeep]
|-heal|p2a: Toxapex|93/100|[from] item: Leftovers
|upkeep
|turn|16
|
|t:|1760329454
|-end|p1a: Walking Wake|Protosynthesis|[silent]
|switch|p1a: Kingambit|Kingambit, F, shiny|100/100
|move|p2a: Toxapex|Toxic Spikes|p1a: Kingambit
|-sidestart|p1: firepowah|move: Toxic Spikes
|
|-weather|SunnyDay|[upkeep]
|-heal|p2a: Toxapex|99/100|[from] item: Leftovers
|upkeep
|turn|17
|
|t:|1760329458
|switch|p2a: Corviknight|Corviknight, F|100/100
|-ability|p2a: Corviknight|Pressure
|move|p1a: Kingambit|Swords Dance|p1a: Kingambit
|-boost|p1a: Kingambit|atk|2
|
|-weather|none
|upkeep
|turn|18
|
|t:|1760329463
|move|p2a: Corviknight|Iron Defense|p2a: Corviknight
|-boost|p2a: Corviknight|def|2
|move|p1a: Kingambit|Kowtow Cleave|p2a: Corviknight
|-damage|p2a: Corviknight|65/100
|
|-heal|p2a: Corviknight|72/100|[from] item: Leftovers
|upkeep
|turn|19
|
|t:|1760329469
|-end|p1a: Kingambit|fallenundefined|[silent]
|switch|p1a: Ninetales|Ninetales, M, shiny|100/100
|-status|p1a: Ninetales|psn
|-weather|SunnyDay|[from] ability: Drought|[of] p1a: Ninetales
|move|p2a: Corviknight|Body Press|p1a: Ninetales
|-damage|p1a: Ninetales|23/100 psn
|
|-weather|SunnyDay|[upkeep]
|-heal|p2a: Corviknight|78/100|[from] item: Leftovers
|-damage|p1a: Ninetales|11/100 psn|[from] psn
|upkeep
|turn|20
|
|t:|1760329478
|switch|p1a: Great Tusk|Great Tusk|63/100 tox
|-activate|p1a: Great Tusk|ability: Protosynthesis
|-start|p1a: Great Tusk|protosynthesisatk
|switch|p2a: Gliscor|Gliscor, F, tera:Water|56/100 tox
|
|-weather|SunnyDay|[upkeep]
|-damage|p1a: Great Tusk|57/100 tox|[from] psn
|-heal|p2a: Gliscor|69/100 tox|[from] ability: Poison Heal
|upkeep
|turn|21
|
|t:|1760329482
|move|p2a: Gliscor|Protect|p2a: Gliscor
|-singleturn|p2a: Gliscor|Protect
|move|p1a: Great Tusk|Stealth Rock|p2a: Gliscor
|-sidestart|p2: scorpion257|move: Stealth Rock
|
|-weather|SunnyDay|[upkeep]
|-damage|p1a: Great Tusk|45/100 tox|[from] psn
|-heal|p2a: Gliscor|81/100 tox|[from] ability: Poison Heal
|upkeep
|turn|22
|
|t:|1760329489
|switch|p2a: Corviknight|Corviknight, F|78/100
|-damage|p2a: Corviknight|65/100|[from] Stealth Rock
|-ability|p2a: Corviknight|Pressure
|move|p1a: Great Tusk|Rapid Spin|p2a: Corviknight
|-resisted|p2a: Corviknight
|-damage|p2a: Corviknight|59/100
|-boost|p1a: Great Tusk|spe|1
|-sideend|p1: firepowah|Toxic Spikes|[from] move: Rapid Spin|[of] p1a: Great Tusk
|
|-weather|SunnyDay|[upkeep]
|-heal|p2a: Corviknight|65/100|[from] item: Leftovers
|-damage|p1a: Great Tusk|26/100 tox|[from] psn
|upkeep
|turn|23
|
|t:|1760329496
|-end|p1a: Great Tusk|Protosynthesis|[silent]
|switch|p1a: Walking Wake|Walking Wake, tera:Water|77/100
|-activate|p1a: Walking Wake|ability: Protosynthesis
|-start|p1a: Walking Wake|protosynthesisspa
|move|p2a: Corviknight|Defog|p1a: Walking Wake
|-unboost|p1a: Walking Wake|evasion|1
|-sideend|p2: scorpion257|Stealth Rock|[from] move: Defog|[of] p2a: Corviknight
|
|-weather|SunnyDay|[upkeep]
|-heal|p2a: Corviknight|71/100|[from] item: Leftovers
|upkeep
|turn|24
|
|t:|1760329503
|switch|p2a: Toxapex|Toxapex, M|100/100
|move|p1a: Walking Wake|Draco Meteor|p2a: Toxapex
|-damage|p2a: Toxapex|37/100
|-unboost|p1a: Walking Wake|spa|2
|
|-weather|SunnyDay|[upkeep]
|-heal|p2a: Toxapex|43/100|[from] item: Leftovers
|upkeep
|turn|25
|
|t:|1760329511
|switch|p2a: Gliscor|Gliscor, F, tera:Water|81/100 tox
|move|p1a: Walking Wake|Draco Meteor|p2a: Gliscor
|-damage|p2a: Gliscor|44/100 tox
|-unboost|p1a: Walking Wake|spa|2
|
|-weather|SunnyDay|[upkeep]
|-heal|p2a: Gliscor|56/100 tox|[from] ability: Poison Heal
|upkeep
|turn|26
|
|t:|1760329519
|-end|p1a: Walking Wake|Protosynthesis|[silent]
|switch|p1a: Lilligant|Lilligant-Hisui, F, shiny|100/100
|move|p2a: Gliscor|Spikes|p1a: Lilligant
|-sidestart|p1: firepowah|Spikes
|
|-weather|none
|-heal|p2a: Gliscor|69/100 tox|[from] ability: Poison Heal
|upkeep
|turn|27
|
|t:|1760329528
|switch|p1a: Kingambit|Kingambit, F, shiny|100/100
|-damage|p1a: Kingambit|88/100|[from] Spikes
|switch|p2a: Weezing|Weezing-Galar, F|100/100
|-ability|p2a: Weezing|Neutralizing Gas
|
|-heal|p1a: Kingambit|94/100|[from] item: Leftovers
|upkeep
|turn|28
|
|t:|1760329530
|-end|p2a: Weezing|ability: Neutralizing Gas
|switch|p2a: Corviknight|Corviknight, F|71/100
|-ability|p2a: Corviknight|Pressure
|move|p1a: Kingambit|Iron Head|p2a: Corviknight
|-resisted|p2a: Corviknight
|-crit|p2a: Corviknight
|-damage|p2a: Corviknight|49/100
|
|-heal|p2a: Corviknight|55/100|[from] item: Leftovers
|-heal|p1a: Kingambit|100/100|[from] item: Leftovers
|upkeep
|turn|29
|
|t:|1760329540
|-end|p1a: Kingambit|fallenundefined|[silent]
|switch|p1a: Great Tusk|Great Tusk|26/100 tox
|-damage|p1a: Great Tusk|14/100 tox|[from] Spikes
|move|p2a: Corviknight|Iron Defense|p2a: Corviknight
|-boost|p2a: Corviknight|def|2
|
|-heal|p2a: Corviknight|62/100|[from] item: Leftovers
|-damage|p1a: Great Tusk|8/100 tox|[from] psn
|upkeep
|turn|30
|j| Rizzofreko
|
|t:|1760329547
|move|p1a: Great Tusk|Rapid Spin|p2a: Corviknight
|-resisted|p2a: Corviknight
|-damage|p2a: Corviknight|59/100
|-boost|p1a: Great Tusk|spe|1
|-sideend|p1: firepowah|Spikes|[from] move: Rapid Spin|[of] p1a: Great Tusk
|move|p2a: Corviknight|Defog|p1a: Great Tusk
|-unboost|p1a: Great Tusk|evasion|1
|
|-heal|p2a: Corviknight|65/100|[from] item: Leftovers
|-damage|p1a: Great Tusk|0 fnt|[from] psn
|faint|p1a: Great Tusk
|-end|p1a: Great Tusk|Protosynthesis|[silent]
|upkeep
|
|t:|1760329550
|switch|p1a: Ninetales|Ninetales, M, shiny|11/100 psn
|-weather|SunnyDay|[from] ability: Drought|[of] p1a: Ninetales
|turn|31
|
|t:|1760329555
|switch|p2a: Gliscor|Gliscor, F, tera:Water|69/100 tox
|move|p1a: Ninetales|Overheat|p2a: Gliscor
|-resisted|p2a: Gliscor
|-damage|p2a: Gliscor|35/100 tox
|-unboost|p1a: Ninetales|spa|2
|
|-weather|SunnyDay|[upkeep]
|-damage|p1a: Ninetales|0 fnt|[from] psn
|faint|p1a: Ninetales
|-heal|p2a: Gliscor|47/100 tox|[from] ability: Poison Heal
|upkeep
|
|t:|1760329558
|switch|p1a: Lilligant|Lilligant-Hisui, F, shiny|100/100
|turn|32
|l| Rizzofreko
|
|t:|1760329565
|move|p2a: Gliscor|Protect|p2a: Gliscor
|-singleturn|p2a: Gliscor|Protect
|move|p1a: Lilligant|Victory Dance|p1a: Lilligant
|-boost|p1a: Lilligant|atk|1
|-boost|p1a: Lilligant|def|1
|-boost|p1a: Lilligant|spe|1
|
|-weather|SunnyDay|[upkeep]
|-heal|p2a: Gliscor|60/100 tox|[from] ability: Poison Heal
|upkeep
|turn|33
|j| ZeroIQ McGoo
|
|t:|1760329573
|switch|p2a: Weezing|Weezing-Galar, F|100/100
|-ability|p2a: Weezing|Neutralizing Gas
|move|p1a: Lilligant|Triple Axel|p2a: Weezing
|-damage|p2a: Weezing|92/100
|-damage|p2a: Weezing|73/100
|-hitcount|p2a: Weezing|2
|-damage|p1a: Lilligant|91/100|[from] item: Life Orb
|
|-weather|SunnyDay|[upkeep]
|upkeep
|turn|34
|
|t:|1760329583
|move|p1a: Lilligant|Triple Axel|p2a: Weezing
|-damage|p2a: Weezing|64/100
|-damage|p2a: Weezing|47/100
|-damage|p2a: Weezing|24/100
|-hitcount|p2a: Weezing|3
|-damage|p1a: Lilligant|81/100|[from] item: Life Orb
|move|p2a: Weezing|Pain Split|p1a: Lilligant
|-sethp|p1a: Lilligant|54/100|[from] move: Pain Split|[silent]
|-sethp|p2a: Weezing|46/100|[from] move: Pain Split
|
|-weather|SunnyDay|[upkeep]
|upkeep
|turn|35
|
|t:|1760329593
|move|p1a: Lilligant|Triple Axel|p2a: Weezing
|-damage|p2a: Weezing|37/100
|-damage|p2a: Weezing|20/100
|-hitcount|p2a: Weezing|2
|-damage|p1a: Lilligant|44/100|[from] item: Life Orb
|move|p2a: Weezing|Will-O-Wisp|p1a: Lilligant
|-status|p1a: Lilligant|brn
|
|-weather|SunnyDay|[upkeep]
|-damage|p1a: Lilligant|38/100 brn|[from] brn
|upkeep
|turn|36
|
|t:|1760329603
|move|p1a: Lilligant|Solar Blade||[still]
|-prepare|p1a: Lilligant|Solar Blade
|-anim|p1a: Lilligant|Solar Blade|p2a: Weezing
|-resisted|p2a: Weezing
|-damage|p2a: Weezing|0 fnt
|faint|p2a: Weezing
|-end|p2a: Weezing|ability: Neutralizing Gas
|-damage|p1a: Lilligant|28/100 brn|[from] item: Life Orb
|
|-weather|SunnyDay|[upkeep]
|-damage|p1a: Lilligant|22/100 brn|[from] brn
|upkeep
|
|t:|1760329611
|switch|p2a: Toxapex|Toxapex, M|76/100
|turn|37
|
|t:|1760329620
|switch|p1a: Kingambit|Kingambit, F, shiny|100/100
|-activate|p1a: Kingambit|ability: Supreme Overlord
|-start|p1a: Kingambit|fallen2|[silent]
|move|p2a: Toxapex|Toxic Spikes|p1a: Kingambit
|-sidestart|p1: firepowah|move: Toxic Spikes
|
|-weather|SunnyDay|[upkeep]
|-heal|p2a: Toxapex|83/100|[from] item: Leftovers
|upkeep
|turn|38
|
|t:|1760329624
|switch|p2a: Corviknight|Corviknight, F|65/100
|-ability|p2a: Corviknight|Pressure
|move|p1a: Kingambit|Swords Dance|p1a: Kingambit
|-boost|p1a: Kingambit|atk|2
|
|-weather|none
|-heal|p2a: Corviknight|71/100|[from] item: Leftovers
|upkeep
|turn|39
|
|t:|1760329630
|move|p2a: Corviknight|Iron Defense|p2a: Corviknight
|-boost|p2a: Corviknight|def|2
|move|p1a: Kingambit|Kowtow Cleave|p2a: Corviknight
|-damage|p2a: Corviknight|35/100
|
|-heal|p2a: Corviknight|41/100|[from] item: Leftovers
|upkeep
|turn|40
|
|t:|1760329636
|move|p2a: Corviknight|Roost|p2a: Corviknight
|-heal|p2a: Corviknight|91/100
|-singleturn|p2a: Corviknight|move: Roost
|move|p1a: Kingambit|Kowtow Cleave|p2a: Corviknight
|-damage|p2a: Corviknight|50/100
|
|-heal|p2a: Corviknight|56/100|[from] item: Leftovers
|upkeep
|turn|41
|
|t:|1760329643
|move|p2a: Corviknight|Body Press|p1a: Kingambit
|-supereffective|p1a: Kingambit
|-damage|p1a: Kingambit|0 fnt
|faint|p1a: Kingambit
|-end|p1a: Kingambit|fallen2|[silent]
|
|-heal|p2a: Corviknight|62/100|[from] item: Leftovers
|upkeep
|
|t:|1760329645
|switch|p1a: Walking Wake|Walking Wake, tera:Water|77/100
|-status|p1a: Walking Wake|psn
|turn|42
|
|t:|1760329654
|switch|p2a: Toxapex|Toxapex, M|100/100
|move|p1a: Walking Wake|Draco Meteor|p2a: Toxapex
|-damage|p2a: Toxapex|52/100
|-unboost|p1a: Walking Wake|spa|2
|
|-heal|p2a: Toxapex|58/100|[from] item: Leftovers
|-damage|p1a: Walking Wake|65/100 psn|[from] psn
|upkeep
|turn|43
|-message|firepowah forfeited.
|
|win|scorpion257
|raw|firepowah's rating: 1622 &rarr; <strong>1604</strong><br />(-18 for losing)
|raw|scorpion257's rating: 1654 &rarr; <strong>1672</strong><br />(+18 for winning)
|l|‽firepowah
|player|p1|
|l|☆scorpion257
|player|p2|
|l| ZeroIQ McGoo
