|j|☆m3t30rch4mpi0n1in
|j|☆lemonlimewater
|t:|1760333869
|gametype|singles
|player|p1|m3t30rch4mpi0n1in|zinzolin|1303
|player|p2|lemonlimewater|mira|1304
|gen|9
|tier|[Gen 9] OU
|rated|
|rule|HP Percentage Mod: HP is shown in percentages
|rule|Endless Battle Clause: Forcing endless battles is banned
|rule|Species Clause: Limit one of each Pokémon
|rule|OHKO Clause: OHKO moves are banned
|rule|Evasion Items Clause: Evasion items are banned
|rule|Evasion Moves Clause: Evasion moves are banned
|rule|Evasion Abilities Clause: Evasion abilities are banned
|rule|Sleep Moves Clause: Sleep-inducing moves are banned
|clearpoke
|poke|p1|Dondozo, M|
|poke|p1|Blissey, F|
|poke|p1|Corviknight, M|
|poke|p1|Weezing-Galar, F|
|poke|p1|Gliscor, M|
|poke|p1|Toxapex, M|
|poke|p2|Clodsire, M|
|poke|p2|Magnezone|
|poke|p2|Scrafty, F|
|poke|p2|Cyclizar, F|
|poke|p2|Skeledirge, F|
|poke|p2|Alomomola, M|
|teampreview
|inactive|Battle timer is ON: inactive players will automatically lose when time's up. (requested by m3t30rch4mpi0n1in)
|
|t:|1760333885
|teamsize|p1|6
|teamsize|p2|6
|start
|switch|p1a: Gliscor|Gliscor, M|100/100
|switch|p2a: Cyclizar|Cyclizar, F|100/100
|turn|1
|
|t:|1760333893
|move|p1a: Gliscor|Protect|p1a: Gliscor
|-singleturn|p1a: Gliscor|Protect
|move|p2a: Cyclizar|Knock Off|p1a: Gliscor
|-activate|p1a: Gliscor|move: Protect
|
|-status|p1a: Gliscor|tox|[from] item: Toxic Orb
|upkeep
|turn|2
|
|t:|1760333901
|move|p2a: Cyclizar|U-turn|p1a: Gliscor
|-resisted|p1a: Gliscor
|-damage|p1a: Gliscor|94/100 tox
|
|t:|1760333909
|switch|p2a: Alomomola|Alomomola, M|100/100|[from] U-turn
|move|p1a: Gliscor|Knock Off|p2a: Alomomola
|-damage|p2a: Alomomola|88/100
|-enditem|p2a: Alomomola|Leftovers|[from] move: Knock Off|[of] p1a: Gliscor
|
|-heal|p1a: Gliscor|100/100 tox|[from] ability: Poison Heal
|upkeep
|turn|3
|
|t:|1760333924
|move|p1a: Gliscor|Stealth Rock|p2a: Alomomola
|-sidestart|p2: lemonlimewater|move: Stealth Rock
|move|p2a: Alomomola|Scald|p1a: Gliscor
|-supereffective|p1a: Gliscor
|-damage|p1a: Gliscor|77/100 tox
|
|-heal|p1a: Gliscor|89/100 tox|[from] ability: Poison Heal
|upkeep
|turn|4
|
|t:|1760333932
|move|p1a: Gliscor|Spikes|p2a: Alomomola
|-sidestart|p2: lemonlimewater|Spikes
|move|p2a: Alomomola|Scald|p1a: Gliscor
|-supereffective|p1a: Gliscor
|-damage|p1a: Gliscor|65/100 tox
|
|-heal|p1a: Gliscor|78/100 tox|[from] ability: Poison Heal
|upkeep
|turn|5
|
|t:|1760333941
|move|p1a: Gliscor|Protect|p1a: Gliscor
|-singleturn|p1a: Gliscor|Protect
|move|p2a: Alomomola|Scald|p1a: Gliscor
|-activate|p1a: Gliscor|move: Protect
|
|-heal|p1a: Gliscor|90/100 tox|[from] ability: Poison Heal
|upkeep
|turn|6
|
|t:|1760333950
|move|p1a: Gliscor|Spikes|p2a: Alomomola
|-sidestart|p2: lemonlimewater|Spikes
|move|p2a: Alomomola|Wish|p2a: Alomomola
|
|-heal|p1a: Gliscor|100/100 tox|[from] ability: Poison Heal
|upkeep
|turn|7
|
|t:|1760333957
|move|p1a: Gliscor|Spikes|p2a: Alomomola
|-sidestart|p2: lemonlimewater|Spikes
|move|p2a: Alomomola|Flip Turn|p1a: Gliscor
|-supereffective|p1a: Gliscor
|-crit|p1a: Gliscor
|-damage|p1a: Gliscor|62/100 tox
|
|t:|1760333962
|switch|p2a: Magnezone|Magnezone|100/100|[from] Flip Turn
|-damage|p2a: Magnezone|94/100|[from] Stealth Rock
|-damage|p2a: Magnezone|69/100|[from] Spikes
|
|-heal|p2a: Magnezone|100/100|[from] move: Wish|[wisher] Alomomola
|-heal|p1a: Gliscor|75/100 tox|[from] ability: Poison Heal
|upkeep
|turn|8
|
|t:|1760333973
|-terastallize|p2a: Magnezone|Ice
|move|p1a: Gliscor|Protect|p1a: Gliscor
|-singleturn|p1a: Gliscor|Protect
|move|p2a: Magnezone|Tera Blast|p1a: Gliscor|[anim] Tera Blast Ice
|-activate|p1a: Gliscor|move: Protect
|
|-heal|p1a: Gliscor|87/100 tox|[from] ability: Poison Heal
|upkeep
|turn|9
|
|t:|1760333984
|switch|p1a: Blissey|Blissey, F|100/100
|move|p2a: Magnezone|Tera Blast|p1a: Blissey|[anim] Tera Blast Ice
|-damage|p1a: Blissey|72/100
|
|-heal|p1a: Blissey|78/100|[from] item: Leftovers
|upkeep
|turn|10
|
|t:|1760333995
|switch|p2a: Cyclizar|Cyclizar, F|100/100
|-damage|p2a: Cyclizar|88/100|[from] Stealth Rock
|-damage|p2a: Cyclizar|63/100|[from] Spikes
|move|p1a: Blissey|Calm Mind|p1a: Blissey
|-boost|p1a: Blissey|spa|1
|-boost|p1a: Blissey|spd|1
|
|-heal|p1a: Blissey|84/100|[from] item: Leftovers
|upkeep
|turn|11
|
|t:|1760334006
|switch|p1a: Gliscor|Gliscor, M|87/100 tox
|move|p2a: Cyclizar|Rapid Spin|p1a: Gliscor
|-damage|p1a: Gliscor|74/100 tox
|-boost|p2a: Cyclizar|spe|1
|-sideend|p2: lemonlimewater|Spikes|[from] move: Rapid Spin|[of] p2a: Cyclizar
|-sideend|p2: lemonlimewater|Stealth Rock|[from] move: Rapid Spin|[of] p2a: Cyclizar
|
|-heal|p1a: Gliscor|86/100 tox|[from] ability: Poison Heal
|upkeep
|turn|12
|
|t:|1760334016
|move|p2a: Cyclizar|U-turn|p1a: Gliscor
|-resisted|p1a: Gliscor
|-damage|p1a: Gliscor|80/100 tox
|
|t:|1760334021
|switch|p2a: Magnezone|Magnezone, tera:Ice|100/100|[from] U-turn
|move|p1a: Gliscor|Knock Off|p2a: Magnezone
|-damage|p2a: Magnezone|82/100
|-enditem|p2a: Magnezone|Choice Specs|[from] move: Knock Off|[of] p1a: Gliscor
|
|-heal|p1a: Gliscor|93/100 tox|[from] ability: Poison Heal
|upkeep
|turn|13
|
|t:|1760334032
|move|p1a: Gliscor|Protect|p1a: Gliscor
|-singleturn|p1a: Gliscor|Protect
|move|p2a: Magnezone|Tera Blast|p1a: Gliscor|[anim] Tera Blast Ice
|-activate|p1a: Gliscor|move: Protect
|
|-heal|p1a: Gliscor|100/100 tox|[from] ability: Poison Heal
|upkeep
|turn|14
|
|t:|1760334043
|switch|p1a: Blissey|Blissey, F|84/100
|move|p2a: Magnezone|Volt Switch|p1a: Blissey
|-damage|p1a: Blissey|69/100
|
|t:|1760334045
|switch|p2a: Scrafty|Scrafty, F|100/100|[from] Volt Switch
|-ability|p2a: Scrafty|Intimidate|boost
|-unboost|p1a: Blissey|atk|1
|
|-heal|p1a: Blissey|75/100|[from] item: Leftovers
|upkeep
|turn|15
|
|t:|1760334061
|switch|p1a: Toxapex|Toxapex, M|100/100
|move|p2a: Scrafty|Bulk Up|p2a: Scrafty
|-boost|p2a: Scrafty|atk|1
|-boost|p2a: Scrafty|def|1
|
|upkeep
|turn|16
|
|t:|1760334068
|switch|p2a: Clodsire|Clodsire, M|100/100
|move|p1a: Toxapex|Toxic|p2a: Clodsire
|-immune|p2a: Clodsire
|
|upkeep
|turn|17
|
|t:|1760334078
|switch|p1a: Gliscor|Gliscor, M|100/100 tox
|move|p2a: Clodsire|Stealth Rock|p1a: Gliscor
|-sidestart|p1: m3t30rch4mpi0n1in|move: Stealth Rock
|
|upkeep
|turn|18
|
|t:|1760334087
|switch|p2a: Magnezone|Magnezone, tera:Ice|82/100
|move|p1a: Gliscor|Stealth Rock|p2a: Magnezone
|-sidestart|p2: lemonlimewater|move: Stealth Rock
|
|upkeep
|turn|19
|
|t:|1760334093
|switch|p1a: Blissey|Blissey, F|75/100
|-damage|p1a: Blissey|63/100|[from] Stealth Rock
|move|p2a: Magnezone|Tera Blast|p1a: Blissey|[anim] Tera Blast Ice
|-damage|p1a: Blissey|45/100
|
|-heal|p1a: Blissey|51/100|[from] item: Leftovers
|upkeep
|turn|20
|
|t:|1760334103
|move|p1a: Blissey|Soft-Boiled|p1a: Blissey
|-heal|p1a: Blissey|100/100
|move|p2a: Magnezone|Volt Switch|p1a: Blissey
|-damage|p1a: Blissey|84/100
|
|t:|1760334112
|switch|p2a: Scrafty|Scrafty, F|100/100|[from] Volt Switch
|-damage|p2a: Scrafty|94/100|[from] Stealth Rock
|-ability|p2a: Scrafty|Intimidate|boost
|-unboost|p1a: Blissey|atk|1
|
|-heal|p1a: Blissey|91/100|[from] item: Leftovers
|upkeep
|turn|21
|
|t:|1760334126
|switch|p1a: Dondozo|Dondozo, M|100/100
|-damage|p1a: Dondozo|88/100|[from] Stealth Rock
|move|p2a: Scrafty|Knock Off|p1a: Dondozo
|-damage|p1a: Dondozo|73/100
|-enditem|p1a: Dondozo|Leftovers|[from] move: Knock Off|[of] p2a: Scrafty
|
|upkeep
|turn|22
|
|t:|1760334135
|move|p2a: Scrafty|Bulk Up|p2a: Scrafty
|-boost|p2a: Scrafty|atk|1
|-boost|p2a: Scrafty|def|1
|move|p1a: Dondozo|Waterfall|p2a: Scrafty
|-damage|p2a: Scrafty|73/100
|-damage|p1a: Dondozo|57/100|[from] item: Rocky Helmet|[of] p2a: Scrafty
|
|upkeep
|turn|23
|
|t:|1760334144
|move|p2a: Scrafty|Drain Punch|p1a: Dondozo
|-damage|p1a: Dondozo|44/100
|-heal|p2a: Scrafty|83/100|[from] drain|[of] p1a: Dondozo
|move|p1a: Dondozo|Curse|p1a: Dondozo
|-unboost|p1a: Dondozo|spe|1
|-boost|p1a: Dondozo|atk|1
|-boost|p1a: Dondozo|def|1
|
|upkeep
|turn|24
|
|t:|1760334153
|move|p1a: Dondozo|Curse|p1a: Dondozo
|-unboost|p1a: Dondozo|spe|1
|-boost|p1a: Dondozo|atk|1
|-boost|p1a: Dondozo|def|1
|move|p2a: Scrafty|Roar|p1a: Dondozo
|drag|p1a: Weezing|Weezing-Galar, F|100/100
|-ability|p1a: Weezing|Neutralizing Gas
|-damage|p1a: Weezing|88/100|[from] Stealth Rock
|
|-heal|p1a: Weezing|94/100|[from] item: Leftovers
|upkeep
|turn|25
|
|t:|1760334166
|switch|p2a: Clodsire|Clodsire, M|100/100
|-damage|p2a: Clodsire|94/100|[from] Stealth Rock
|move|p1a: Weezing|Will-O-Wisp|p2a: Clodsire
|-status|p2a: Clodsire|brn
|
|-heal|p1a: Weezing|99/100|[from] item: Leftovers
|-heal|p2a: Clodsire|100/100 brn|[from] item: Leftovers
|-damage|p2a: Clodsire|94/100 brn|[from] brn
|upkeep
|turn|26
|
|t:|1760334178
|switch|p2a: Skeledirge|Skeledirge, F|100/100
|move|p1a: Weezing|Defog|p2a: Skeledirge
|-unboost|p2a: Skeledirge|evasion|1
|-sideend|p2: lemonlimewater|Stealth Rock|[from] move: Defog|[of] p1a: Weezing
|-sideend|p1: m3t30rch4mpi0n1in|Stealth Rock|[from] move: Defog|[of] p1a: Weezing
|
|-heal|p1a: Weezing|100/100|[from] item: Leftovers
|upkeep
|turn|27
|
|t:|1760334192
|-end|p1a: Weezing|ability: Neutralizing Gas
|switch|p1a: Toxapex|Toxapex, M|100/100
|move|p2a: Skeledirge|Torch Song|p1a: Toxapex
|-resisted|p1a: Toxapex
|-damage|p1a: Toxapex|90/100
|-boost|p2a: Skeledirge|spa|1
|
|-heal|p1a: Toxapex|97/100|[from] item: Leftovers
|upkeep
|turn|28
|
|t:|1760334203
|switch|p2a: Clodsire|Clodsire, M|94/100 brn
|move|p1a: Toxapex|Toxic||[still]
|-fail|p1a: Toxapex
|
|-heal|p1a: Toxapex|100/100|[from] item: Leftovers
|-heal|p2a: Clodsire|100/100 brn|[from] item: Leftovers
|-damage|p2a: Clodsire|94/100 brn|[from] brn
|upkeep
|turn|29
|
|t:|1760334214
|switch|p2a: Skeledirge|Skeledirge, F|100/100
|move|p1a: Toxapex|Chilling Water|p2a: Skeledirge
|-supereffective|p2a: Skeledirge
|-crit|p2a: Skeledirge
|-damage|p2a: Skeledirge|68/100
|-unboost|p2a: Skeledirge|atk|1
|
|upkeep
|turn|30
|
|t:|1760334223
|switch|p2a: Clodsire|Clodsire, M|94/100 brn
|move|p1a: Toxapex|Toxic||[still]
|-fail|p1a: Toxapex
|
|-heal|p2a: Clodsire|100/100 brn|[from] item: Leftovers
|-damage|p2a: Clodsire|94/100 brn|[from] brn
|upkeep
|turn|31
|
|t:|1760334231
|move|p1a: Toxapex|Chilling Water|p2a: Clodsire
|-heal|p2a: Clodsire|100/100 brn|[from] ability: Water Absorb|[of] p1a: Toxapex
|move|p2a: Clodsire|Stealth Rock|p1a: Toxapex
|-sidestart|p1: m3t30rch4mpi0n1in|move: Stealth Rock
|
|-damage|p2a: Clodsire|94/100 brn|[from] brn
|upkeep
|turn|32
|
|t:|1760334246
|switch|p1a: Corviknight|Corviknight, M|100/100
|-damage|p1a: Corviknight|88/100|[from] Stealth Rock
|-ability|p1a: Corviknight|Pressure
|switch|p2a: Skeledirge|Skeledirge, F|68/100
|
|-heal|p1a: Corviknight|94/100|[from] item: Leftovers
|upkeep
|turn|33
|
|t:|1760334257
|switch|p1a: Toxapex|Toxapex, M|100/100
|-damage|p1a: Toxapex|88/100|[from] Stealth Rock
|move|p2a: Skeledirge|Torch Song|p1a: Toxapex
|-resisted|p1a: Toxapex
|-damage|p1a: Toxapex|78/100
|-boost|p2a: Skeledirge|spa|1
|
|-heal|p1a: Toxapex|84/100|[from] item: Leftovers
|upkeep
|turn|34
|
|t:|1760334277
|switch|p2a: Clodsire|Clodsire, M|94/100 brn
|switch|p1a: Gliscor|Gliscor, M|100/100 tox
|-damage|p1a: Gliscor|88/100 tox|[from] Stealth Rock
|
|-heal|p2a: Clodsire|100/100 brn|[from] item: Leftovers
|-heal|p1a: Gliscor|100/100 tox|[from] ability: Poison Heal
|-damage|p2a: Clodsire|94/100 brn|[from] brn
|upkeep
|turn|35
|
|t:|1760334295
|switch|p2a: Magnezone|Magnezone, tera:Ice|82/100
|move|p1a: Gliscor|Stealth Rock|p2a: Magnezone
|-sidestart|p2: lemonlimewater|move: Stealth Rock
|
|upkeep
|turn|36
|
|t:|1760334303
|switch|p1a: Blissey|Blissey, F|91/100
|-damage|p1a: Blissey|78/100|[from] Stealth Rock
|move|p2a: Magnezone|Tera Blast|p1a: Blissey|[anim] Tera Blast Ice
|-damage|p1a: Blissey|61/100
|
|-heal|p1a: Blissey|68/100|[from] item: Leftovers
|upkeep
|turn|37
|
|t:|1760334313
|move|p1a: Blissey|Seismic Toss|p2a: Magnezone
|-damage|p2a: Magnezone|53/100
|move|p2a: Magnezone|Volt Switch|p1a: Blissey
|-damage|p1a: Blissey|53/100
|
|t:|1760334320
|switch|p2a: Cyclizar|Cyclizar, F|97/100|[from] Volt Switch
|-damage|p2a: Cyclizar|84/100|[from] Stealth Rock
|
|-heal|p1a: Blissey|59/100|[from] item: Leftovers
|upkeep
|turn|38
|
|t:|1760334329
|switch|p1a: Corviknight|Corviknight, M|94/100
|-damage|p1a: Corviknight|82/100|[from] Stealth Rock
|-ability|p1a: Corviknight|Pressure
|move|p2a: Cyclizar|Rapid Spin|p1a: Corviknight
|-resisted|p1a: Corviknight
|-damage|p1a: Corviknight|77/100
|-boost|p2a: Cyclizar|spe|1
|-sideend|p2: lemonlimewater|Stealth Rock|[from] move: Rapid Spin|[of] p2a: Cyclizar
|
|-heal|p1a: Corviknight|83/100|[from] item: Leftovers
|upkeep
|turn|39
|
|t:|1760334341
|move|p2a: Cyclizar|Knock Off|p1a: Corviknight
|-damage|p1a: Corviknight|70/100
|-enditem|p1a: Corviknight|Leftovers|[from] move: Knock Off|[of] p2a: Cyclizar
|move|p1a: Corviknight|Defog|p2a: Cyclizar
|-unboost|p2a: Cyclizar|evasion|1
|-sideend|p1: m3t30rch4mpi0n1in|Stealth Rock|[from] move: Defog|[of] p1a: Corviknight
|
|upkeep
|turn|40
|
|t:|1760334350
|move|p2a: Cyclizar|U-turn|p1a: Corviknight
|-resisted|p1a: Corviknight
|-damage|p1a: Corviknight|68/100
|
|t:|1760334361
|switch|p2a: Skeledirge|Skeledirge, F|68/100|[from] U-turn
|move|p1a: Corviknight|Body Press|p2a: Skeledirge
|-immune|p2a: Skeledirge
|
|upkeep
|turn|41
|
|t:|1760334370
|switch|p1a: Toxapex|Toxapex, M|100/100
|move|p2a: Skeledirge|Will-O-Wisp|p1a: Toxapex
|-status|p1a: Toxapex|brn
|
|-damage|p1a: Toxapex|94/100 brn|[from] brn
|upkeep
|turn|42
|
|t:|1760334379
|switch|p2a: Clodsire|Clodsire, M|94/100 brn
|move|p1a: Toxapex|Toxic||[still]
|-fail|p1a: Toxapex
|
|-heal|p1a: Toxapex|100/100 brn|[from] item: Leftovers
|-heal|p2a: Clodsire|100/100 brn|[from] item: Leftovers
|-damage|p1a: Toxapex|94/100 brn|[from] brn
|-damage|p2a: Clodsire|94/100 brn|[from] brn
|upkeep
|turn|43
|
|t:|1760334394
|switch|p1a: Gliscor|Gliscor, M|100/100 tox
|switch|p2a: Magnezone|Magnezone, tera:Ice|53/100
|
|upkeep
|turn|44
|
|t:|1760334403
|switch|p1a: Blissey|Blissey, F|59/100
|move|p2a: Magnezone|Tera Blast|p1a: Blissey|[anim] Tera Blast Ice
|-damage|p1a: Blissey|39/100
|
|-heal|p1a: Blissey|45/100|[from] item: Leftovers
|upkeep
|turn|45
|
|t:|1760334412
|move|p1a: Blissey|Soft-Boiled|p1a: Blissey
|-heal|p1a: Blissey|95/100
|move|p2a: Magnezone|Volt Switch|p1a: Blissey
|-damage|p1a: Blissey|79/100
|
|t:|1760334416
|switch|p2a: Scrafty|Scrafty, F|83/100|[from] Volt Switch
|-ability|p2a: Scrafty|Intimidate|boost
|-unboost|p1a: Blissey|atk|1
|
|-heal|p1a: Blissey|85/100|[from] item: Leftovers
|upkeep
|turn|46
|
|t:|1760334432
|switch|p1a: Toxapex|Toxapex, M|100/100 brn
|move|p2a: Scrafty|Knock Off|p1a: Toxapex
|-damage|p1a: Toxapex|75/100 brn
|-enditem|p1a: Toxapex|Leftovers|[from] move: Knock Off|[of] p2a: Scrafty
|
|-damage|p1a: Toxapex|68/100 brn|[from] brn
|upkeep
|turn|47
|
|t:|1760334442
|switch|p2a: Clodsire|Clodsire, M|94/100 brn
|move|p1a: Toxapex|Toxic||[still]
|-fail|p1a: Toxapex
|
|-heal|p2a: Clodsire|100/100 brn|[from] item: Leftovers
|-damage|p1a: Toxapex|62/100 brn|[from] brn
|-damage|p2a: Clodsire|94/100 brn|[from] brn
|upkeep
|turn|48
|
|t:|1760334463
|switch|p1a: Gliscor|Gliscor, M|100/100 tox
|move|p2a: Clodsire|Stealth Rock|p1a: Gliscor
|-sidestart|p1: m3t30rch4mpi0n1in|move: Stealth Rock
|
|-heal|p2a: Clodsire|100/100 brn|[from] item: Leftovers
|-damage|p2a: Clodsire|94/100 brn|[from] brn
|upkeep
|turn|49
|
|t:|1760334473
|switch|p2a: Alomomola|Alomomola, M|100/100
|move|p1a: Gliscor|Stealth Rock|p2a: Alomomola
|-sidestart|p2: lemonlimewater|move: Stealth Rock
|
|upkeep
|turn|50
|
|t:|1760334480
|move|p1a: Gliscor|Spikes|p2a: Alomomola
|-sidestart|p2: lemonlimewater|Spikes
|move|p2a: Alomomola|Wish|p2a: Alomomola
|
|upkeep
|turn|51
|
|t:|1760334485
|move|p1a: Gliscor|Spikes|p2a: Alomomola
|-sidestart|p2: lemonlimewater|Spikes
|move|p2a: Alomomola|Flip Turn|p1a: Gliscor
|-supereffective|p1a: Gliscor
|-damage|p1a: Gliscor|73/100 tox
|
|t:|1760334487
|switch|p2a: Magnezone|Magnezone, tera:Ice|53/100|[from] Flip Turn
|-damage|p2a: Magnezone|28/100|[from] Stealth Rock
|-damage|p2a: Magnezone|11/100|[from] Spikes
|
|-heal|p2a: Magnezone|89/100|[from] move: Wish|[wisher] Alomomola
|-heal|p1a: Gliscor|86/100 tox|[from] ability: Poison Heal
|upkeep
|turn|52
|
|t:|1760334508
|switch|p1a: Blissey|Blissey, F|85/100
|-damage|p1a: Blissey|72/100|[from] Stealth Rock
|switch|p2a: Cyclizar|Cyclizar, F|100/100
|-damage|p2a: Cyclizar|88/100|[from] Stealth Rock
|-damage|p2a: Cyclizar|72/100|[from] Spikes
|
|-heal|p1a: Blissey|79/100|[from] item: Leftovers
|upkeep
|turn|53
|
|t:|1760334521
|switch|p1a: Corviknight|Corviknight, M|68/100
|-damage|p1a: Corviknight|55/100|[from] Stealth Rock
|-ability|p1a: Corviknight|Pressure
|move|p2a: Cyclizar|Rapid Spin|p1a: Corviknight
|-resisted|p1a: Corviknight
|-damage|p1a: Corviknight|50/100
|-boost|p2a: Cyclizar|spe|1
|-sideend|p2: lemonlimewater|Spikes|[from] move: Rapid Spin|[of] p2a: Cyclizar
|-sideend|p2: lemonlimewater|Stealth Rock|[from] move: Rapid Spin|[of] p2a: Cyclizar
|
|upkeep
|turn|54
|
|t:|1760334533
|move|p2a: Cyclizar|U-turn|p1a: Corviknight
|-resisted|p1a: Corviknight
|-damage|p1a: Corviknight|48/100
|
|t:|1760334537
|switch|p2a: Skeledirge|Skeledirge, F|68/100|[from] U-turn
|move|p1a: Corviknight|Defog|p2a: Skeledirge
|-unboost|p2a: Skeledirge|evasion|1
|-sideend|p1: m3t30rch4mpi0n1in|Stealth Rock|[from] move: Defog|[of] p1a: Corviknight
|
|upkeep
|turn|55
|
|t:|1760334552
|switch|p1a: Blissey|Blissey, F|79/100
|move|p2a: Skeledirge|Slack Off|p2a: Skeledirge
|-heal|p2a: Skeledirge|100/100
|
|-heal|p1a: Blissey|85/100|[from] item: Leftovers
|upkeep
|turn|56
|
|t:|1760334563
|move|p1a: Blissey|Shadow Ball|p2a: Skeledirge
|-supereffective|p2a: Skeledirge
|-damage|p2a: Skeledirge|72/100
|-unboost|p2a: Skeledirge|spd|1
|move|p2a: Skeledirge|Roar|p1a: Blissey
|drag|p1a: Corviknight|Corviknight, M|48/100
|-ability|p1a: Corviknight|Pressure
|
|upkeep
|turn|57
|
|t:|1760334575
|switch|p1a: Blissey|Blissey, F|85/100
|move|p2a: Skeledirge|Torch Song|p1a: Blissey
|-damage|p1a: Blissey|75/100
|-boost|p2a: Skeledirge|spa|1
|
|-heal|p1a: Blissey|81/100|[from] item: Leftovers
|upkeep
|turn|58
|
|t:|1760334584
|switch|p2a: Scrafty|Scrafty, F|83/100
|-ability|p2a: Scrafty|Intimidate|boost
|-unboost|p1a: Blissey|atk|1
|move|p1a: Blissey|Shadow Ball|p2a: Scrafty
|-resisted|p2a: Scrafty
|-damage|p2a: Scrafty|77/100
|
|-heal|p1a: Blissey|87/100|[from] item: Leftovers
|upkeep
|turn|59
|
|t:|1760334611
|switch|p1a: Corviknight|Corviknight, M|48/100
|-ability|p1a: Corviknight|Pressure
|move|p2a: Scrafty|Bulk Up|p2a: Scrafty
|-boost|p2a: Scrafty|atk|1
|-boost|p2a: Scrafty|def|1
|
|upkeep
|turn|60
|
|t:|1760334625
|move|p1a: Corviknight|Roost|p1a: Corviknight
|-heal|p1a: Corviknight|98/100
|-singleturn|p1a: Corviknight|move: Roost
|move|p2a: Scrafty|Bulk Up|p2a: Scrafty
|-boost|p2a: Scrafty|atk|1
|-boost|p2a: Scrafty|def|1
|
|upkeep
|turn|61
|
|t:|1760334633
|move|p1a: Corviknight|Iron Defense|p1a: Corviknight
|-boost|p1a: Corviknight|def|2
|move|p2a: Scrafty|Drain Punch|p1a: Corviknight
|-damage|p1a: Corviknight|80/100
|-heal|p2a: Scrafty|88/100|[from] drain|[of] p1a: Corviknight
|
|upkeep
|turn|62
|
|t:|1760334642
|switch|p2a: Skeledirge|Skeledirge, F|72/100
|move|p1a: Corviknight|Iron Defense|p1a: Corviknight
|-boost|p1a: Corviknight|def|2
|
|upkeep
|turn|63
|
|t:|1760334652
|switch|p1a: Toxapex|Toxapex, M|95/100 brn
|move|p2a: Skeledirge|Torch Song|p1a: Toxapex
|-resisted|p1a: Toxapex
|-damage|p1a: Toxapex|86/100 brn
|-boost|p2a: Skeledirge|spa|1
|
|-damage|p1a: Toxapex|80/100 brn|[from] brn
|upkeep
|turn|64
|
|t:|1760334664
|switch|p2a: Clodsire|Clodsire, M|94/100 brn
|move|p1a: Toxapex|Haze|p1a: Toxapex
|-clearallboost
|
|-heal|p2a: Clodsire|100/100 brn|[from] item: Leftovers
|-damage|p1a: Toxapex|74/100 brn|[from] brn
|-damage|p2a: Clodsire|94/100 brn|[from] brn
|upkeep
|turn|65
|
|t:|1760334677
|switch|p1a: Gliscor|Gliscor, M|86/100 tox
|move|p2a: Clodsire|Stealth Rock|p1a: Gliscor
|-sidestart|p1: m3t30rch4mpi0n1in|move: Stealth Rock
|
|-heal|p2a: Clodsire|100/100 brn|[from] item: Leftovers
|-heal|p1a: Gliscor|98/100 tox|[from] ability: Poison Heal
|-damage|p2a: Clodsire|94/100 brn|[from] brn
|upkeep
|turn|66
|
|t:|1760334687
|switch|p2a: Magnezone|Magnezone, tera:Ice|89/100
|move|p1a: Gliscor|Stealth Rock|p2a: Magnezone
|-sidestart|p2: lemonlimewater|move: Stealth Rock
|
|-heal|p1a: Gliscor|100/100 tox|[from] ability: Poison Heal
|upkeep
|turn|67
|
|t:|1760334699
|switch|p1a: Blissey|Blissey, F|87/100
|-damage|p1a: Blissey|75/100|[from] Stealth Rock
|move|p2a: Magnezone|Flash Cannon|p1a: Blissey
|-damage|p1a: Blissey|55/100
|
|-heal|p1a: Blissey|61/100|[from] item: Leftovers
|upkeep
|turn|68
|
|t:|1760334712
|move|p1a: Blissey|Seismic Toss|p2a: Magnezone
|-damage|p2a: Magnezone|60/100
|move|p2a: Magnezone|Flash Cannon|p1a: Blissey
|-damage|p1a: Blissey|44/100
|
|-heal|p1a: Blissey|50/100|[from] item: Leftovers
|upkeep
|turn|69
|
|t:|1760334721
|switch|p2a: Cyclizar|Cyclizar, F|100/100
|-damage|p2a: Cyclizar|88/100|[from] Stealth Rock
|move|p1a: Blissey|Soft-Boiled|p1a: Blissey
|-heal|p1a: Blissey|100/100
|
|upkeep
|turn|70
|
|t:|1760334735
|switch|p1a: Corviknight|Corviknight, M|80/100
|-damage|p1a: Corviknight|68/100|[from] Stealth Rock
|-ability|p1a: Corviknight|Pressure
|move|p2a: Cyclizar|Rapid Spin|p1a: Corviknight
|-resisted|p1a: Corviknight
|-damage|p1a: Corviknight|63/100
|-boost|p2a: Cyclizar|spe|1
|-sideend|p2: lemonlimewater|Stealth Rock|[from] move: Rapid Spin|[of] p2a: Cyclizar
|
|upkeep
|turn|71
|
|t:|1760334747
|switch|p2a: Skeledirge|Skeledirge, F|72/100
|move|p1a: Corviknight|Defog|p2a: Skeledirge
|-unboost|p2a: Skeledirge|evasion|1
|-sideend|p1: m3t30rch4mpi0n1in|Stealth Rock|[from] move: Defog|[of] p1a: Corviknight
|
|upkeep
|turn|72
|
|t:|1760334758
|switch|p1a: Blissey|Blissey, F|100/100
|switch|p2a: Magnezone|Magnezone, tera:Ice|60/100
|
|upkeep
|turn|73
|
|t:|1760334766
|switch|p2a: Alomomola|Alomomola, M|100/100
|move|p1a: Blissey|Seismic Toss|p2a: Alomomola
|-damage|p2a: Alomomola|82/100
|
|upkeep
|turn|74
|
|t:|1760334775
|move|p1a: Blissey|Seismic Toss|p2a: Alomomola
|-damage|p2a: Alomomola|63/100
|move|p2a: Alomomola|Wish|p2a: Alomomola
|
|upkeep
|turn|75
|
|t:|1760334780
|move|p1a: Blissey|Seismic Toss|p2a: Alomomola
|-damage|p2a: Alomomola|44/100
|move|p2a: Alomomola|Flip Turn|p1a: Blissey
|-damage|p1a: Blissey|84/100
|
|t:|1760334783
|switch|p2a: Magnezone|Magnezone, tera:Ice|60/100|[from] Flip Turn
|
|-heal|p2a: Magnezone|100/100|[from] move: Wish|[wisher] Alomomola
|-heal|p1a: Blissey|91/100|[from] item: Leftovers
|upkeep
|turn|76
|
|t:|1760334794
|switch|p2a: Skeledirge|Skeledirge, F|72/100
|move|p1a: Blissey|Seismic Toss|p2a: Skeledirge
|-immune|p2a: Skeledirge
|
|-heal|p1a: Blissey|97/100|[from] item: Leftovers
|upkeep
|turn|77
|
|t:|1760334803
|switch|p2a: Cyclizar|Cyclizar, F|100/100
|move|p1a: Blissey|Shadow Ball|p2a: Cyclizar
|-immune|p2a: Cyclizar
|
|-heal|p1a: Blissey|100/100|[from] item: Leftovers
|upkeep
|turn|78
|
|t:|1760334813
|switch|p1a: Gliscor|Gliscor, M|100/100 tox
|move|p2a: Cyclizar|U-turn|p1a: Gliscor
|-resisted|p1a: Gliscor
|-damage|p1a: Gliscor|94/100 tox
|
|t:|1760334815
|switch|p2a: Magnezone|Magnezone, tera:Ice|100/100|[from] U-turn
|
|-heal|p1a: Gliscor|100/100 tox|[from] ability: Poison Heal
|upkeep
|turn|79
|
|t:|1760334824
|switch|p1a: Blissey|Blissey, F|100/100
|switch|p2a: Scrafty|Scrafty, F|88/100
|-ability|p2a: Scrafty|Intimidate|boost
|-unboost|p1a: Blissey|atk|1
|
|upkeep
|turn|80
|
|t:|1760334837
|switch|p2a: Magnezone|Magnezone, tera:Ice|100/100
|switch|p1a: Gliscor|Gliscor, M|100/100 tox
|
|upkeep
|turn|81
|
|t:|1760334845
|switch|p1a: Blissey|Blissey, F|100/100
|switch|p2a: Scrafty|Scrafty, F|88/100
|-ability|p2a: Scrafty|Intimidate|boost
|-unboost|p1a: Blissey|atk|1
|
|upkeep
|turn|82
|
|t:|1760334855
|switch|p1a: Gliscor|Gliscor, M|100/100 tox
|move|p2a: Scrafty|Roar|p1a: Gliscor
|drag|p1a: Weezing|Weezing-Galar, F|100/100
|-ability|p1a: Weezing|Neutralizing Gas
|
|upkeep
|turn|83
|
|t:|1760334861
|switch|p2a: Clodsire|Clodsire, M|94/100 brn
|move|p1a: Weezing|Will-O-Wisp|p2a: Clodsire
|-fail|p2a: Clodsire|brn
|
|-heal|p2a: Clodsire|100/100 brn|[from] item: Leftovers
|-damage|p2a: Clodsire|94/100 brn|[from] brn
|upkeep
|turn|84
|
|t:|1760334888
|-end|p1a: Weezing|ability: Neutralizing Gas
|switch|p1a: Corviknight|Corviknight, M|63/100
|-ability|p1a: Corviknight|Pressure
|switch|p2a: Magnezone|Magnezone, tera:Ice|100/100
|
|upkeep
|turn|85
|inactive|m3t30rch4mpi0n1in has 120 seconds left.
|
|t:|1760334904
|switch|p1a: Blissey|Blissey, F|100/100
|move|p2a: Magnezone|Volt Switch|p1a: Blissey
|-damage|p1a: Blissey|84/100
|
|t:|1760334908
|switch|p2a: Scrafty|Scrafty, F|88/100|[from] Volt Switch
|-ability|p2a: Scrafty|Intimidate|boost
|-unboost|p1a: Blissey|atk|1
|
|-heal|p1a: Blissey|90/100|[from] item: Leftovers
|upkeep
|turn|86
|inactive|m3t30rch4mpi0n1in has 120 seconds left.
|
|t:|1760334934
|switch|p1a: Gliscor|Gliscor, M|100/100 tox
|move|p2a: Scrafty|Knock Off|p1a: Gliscor
|-damage|p1a: Gliscor|71/100 tox
|-enditem|p1a: Gliscor|Toxic Orb|[from] move: Knock Off|[of] p2a: Scrafty
|
|-heal|p1a: Gliscor|84/100 tox|[from] ability: Poison Heal
|upkeep
|turn|87
|
|t:|1760334947
|move|p1a: Gliscor|Knock Off|p2a: Scrafty
|-resisted|p2a: Scrafty
|-damage|p2a: Scrafty|84/100
|-damage|p1a: Gliscor|67/100 tox|[from] item: Rocky Helmet|[of] p2a: Scrafty
|-enditem|p2a: Scrafty|Rocky Helmet|[from] move: Knock Off|[of] p1a: Gliscor
|move|p2a: Scrafty|Roar|p1a: Gliscor
|drag|p1a: Corviknight|Corviknight, M|63/100
|-ability|p1a: Corviknight|Pressure
|
|upkeep
|turn|88
|
|t:|1760334965
|switch|p2a: Skeledirge|Skeledirge, F|72/100
|move|p1a: Corviknight|Body Press|p2a: Skeledirge
|-immune|p2a: Skeledirge
|
|upkeep
|turn|89
|
|t:|1760334984
|switch|p1a: Toxapex|Toxapex, M|100/100 brn
|switch|p2a: Clodsire|Clodsire, M|94/100 brn
|
|-heal|p2a: Clodsire|100/100 brn|[from] item: Leftovers
|-damage|p1a: Toxapex|94/100 brn|[from] brn
|-damage|p2a: Clodsire|94/100 brn|[from] brn
|upkeep
|turn|90
|
|t:|1760335000
|switch|p1a: Gliscor|Gliscor, M|67/100 tox
|move|p2a: Clodsire|Stealth Rock|p1a: Gliscor
|-sidestart|p1: m3t30rch4mpi0n1in|move: Stealth Rock
|
|-heal|p2a: Clodsire|100/100 brn|[from] item: Leftovers
|-heal|p1a: Gliscor|80/100 tox|[from] ability: Poison Heal
|-damage|p2a: Clodsire|94/100 brn|[from] brn
|upkeep
|turn|91
|
|t:|1760335010
|switch|p2a: Cyclizar|Cyclizar, F|100/100
|move|p1a: Gliscor|Stealth Rock|p2a: Cyclizar
|-sidestart|p2: lemonlimewater|move: Stealth Rock
|
|-heal|p1a: Gliscor|92/100 tox|[from] ability: Poison Heal
|upkeep
|turn|92
|
|t:|1760335025
|switch|p1a: Corviknight|Corviknight, M|63/100
|-damage|p1a: Corviknight|50/100|[from] Stealth Rock
|-ability|p1a: Corviknight|Pressure
|move|p2a: Cyclizar|Rapid Spin|p1a: Corviknight
|-resisted|p1a: Corviknight
|-damage|p1a: Corviknight|45/100
|-boost|p2a: Cyclizar|spe|1
|-sideend|p2: lemonlimewater|Stealth Rock|[from] move: Rapid Spin|[of] p2a: Cyclizar
|
|upkeep
|turn|93
|
|t:|1760335035
|move|p2a: Cyclizar|U-turn|p1a: Corviknight
|-resisted|p1a: Corviknight
|-damage|p1a: Corviknight|42/100
|
|t:|1760335038
|switch|p2a: Skeledirge|Skeledirge, F|72/100|[from] U-turn
|move|p1a: Corviknight|Roost|p1a: Corviknight
|-heal|p1a: Corviknight|92/100
|-singleturn|p1a: Corviknight|move: Roost
|
|upkeep
|turn|94
|inactive|m3t30rch4mpi0n1in has 90 seconds left.
|
|t:|1760335064
|switch|p1a: Toxapex|Toxapex, M|100/100 brn
|-damage|p1a: Toxapex|88/100 brn|[from] Stealth Rock
|move|p2a: Skeledirge|Roar|p1a: Toxapex
|drag|p1a: Corviknight|Corviknight, M|92/100
|-damage|p1a: Corviknight|80/100|[from] Stealth Rock
|-ability|p1a: Corviknight|Pressure
|
|upkeep
|turn|95
|inactive|m3t30rch4mpi0n1in has 90 seconds left.
|
|t:|1760335076
|switch|p1a: Toxapex|Toxapex, M|100/100 brn
|-damage|p1a: Toxapex|88/100 brn|[from] Stealth Rock
|move|p2a: Skeledirge|Torch Song|p1a: Toxapex
|-resisted|p1a: Toxapex
|-damage|p1a: Toxapex|79/100 brn
|-boost|p2a: Skeledirge|spa|1
|
|-damage|p1a: Toxapex|73/100 brn|[from] brn
|upkeep
|turn|96
|inactive|m3t30rch4mpi0n1in has 90 seconds left.
|
|t:|1760335089
|switch|p2a: Clodsire|Clodsire, M|94/100 brn
|move|p1a: Toxapex|Toxic||[still]
|-fail|p1a: Toxapex
|
|-heal|p2a: Clodsire|100/100 brn|[from] item: Leftovers
|-damage|p1a: Toxapex|66/100 brn|[from] brn
|-damage|p2a: Clodsire|94/100 brn|[from] brn
|upkeep
|turn|97
|inactive|m3t30rch4mpi0n1in has 90 seconds left.
|
|t:|1760335101
|switch|p1a: Gliscor|Gliscor, M|92/100 tox
|-damage|p1a: Gliscor|80/100 tox|[from] Stealth Rock
|switch|p2a: Magnezone|Magnezone, tera:Ice|100/100
|
|-heal|p1a: Gliscor|92/100 tox|[from] ability: Poison Heal
|upkeep
|turn|98
|inactive|m3t30rch4mpi0n1in has 90 seconds left.
|
|t:|1760335117
|switch|p1a: Blissey|Blissey, F|90/100
|-damage|p1a: Blissey|77/100|[from] Stealth Rock
|switch|p2a: Cyclizar|Cyclizar, F|100/100
|
|-heal|p1a: Blissey|84/100|[from] item: Leftovers
|upkeep
|turn|99
|inactive|m3t30rch4mpi0n1in has 90 seconds left.
|
|t:|1760335131
|switch|p1a: Gliscor|Gliscor, M|92/100 tox
|-damage|p1a: Gliscor|80/100 tox|[from] Stealth Rock
|move|p2a: Cyclizar|Knock Off|p1a: Gliscor
|-damage|p1a: Gliscor|69/100 tox
|
|-heal|p1a: Gliscor|81/100 tox|[from] ability: Poison Heal
|upkeep
|turn|100
|inactive|m3t30rch4mpi0n1in has 90 seconds left.
|
|t:|1760335141
|move|p2a: Cyclizar|Rapid Spin|p1a: Gliscor
|-damage|p1a: Gliscor|67/100 tox
|-boost|p2a: Cyclizar|spe|1
|move|p1a: Gliscor|Stealth Rock|p2a: Cyclizar
|-sidestart|p2: lemonlimewater|move: Stealth Rock
|
|-heal|p1a: Gliscor|79/100 tox|[from] ability: Poison Heal
|upkeep
|turn|101
lemonlimewater is offering a tie.
|
|t:|1760335154
|switch|p1a: Corviknight|Corviknight, M|80/100
|-damage|p1a: Corviknight|67/100|[from] Stealth Rock
|-ability|p1a: Corviknight|Pressure
|move|p2a: Cyclizar|Rapid Spin|p1a: Corviknight
|-resisted|p1a: Corviknight
|-crit|p1a: Corviknight
|-damage|p1a: Corviknight|60/100
|-boost|p2a: Cyclizar|spe|1
|-sideend|p2: lemonlimewater|Stealth Rock|[from] move: Rapid Spin|[of] p2a: Cyclizar
|
|upkeep
|turn|102
lemonlimewater is offering a tie.
|
|t:|1760335168
|switch|p2a: Clodsire|Clodsire, M|94/100 brn
|move|p1a: Corviknight|Defog|p2a: Clodsire
|-unboost|p2a: Clodsire|evasion|1
|-sideend|p1: m3t30rch4mpi0n1in|Stealth Rock|[from] move: Defog|[of] p1a: Corviknight
|
|-heal|p2a: Clodsire|100/100 brn|[from] item: Leftovers
|-damage|p2a: Clodsire|94/100 brn|[from] brn
|upkeep
|turn|103
|
|t:|1760335178
|move|p1a: Corviknight|Roost|p1a: Corviknight
|-heal|p1a: Corviknight|100/100
|-singleturn|p1a: Corviknight|move: Roost
|move|p2a: Clodsire|Stealth Rock|p1a: Corviknight
|-sidestart|p1: m3t30rch4mpi0n1in|move: Stealth Rock
|
|-heal|p2a: Clodsire|100/100 brn|[from] item: Leftovers
|-damage|p2a: Clodsire|94/100 brn|[from] brn
|upkeep
|turn|104
lemonlimewater is offering a tie.
|
|t:|1760335188
|switch|p2a: Skeledirge|Skeledirge, F|72/100
|move|p1a: Corviknight|Defog|p2a: Skeledirge
|-unboost|p2a: Skeledirge|evasion|1
|-sideend|p1: m3t30rch4mpi0n1in|Stealth Rock|[from] move: Defog|[of] p1a: Corviknight
|
|upkeep
|turn|105
lemonlimewater is offering a tie.
|
|t:|1760335203
|switch|p1a: Blissey|Blissey, F|84/100
|move|p2a: Skeledirge|Will-O-Wisp|p1a: Blissey
|-status|p1a: Blissey|brn
|
|-heal|p1a: Blissey|90/100 brn|[from] item: Leftovers
|-damage|p1a: Blissey|84/100 brn|[from] brn
|upkeep
|turn|106
|
|t:|1760335213
|switch|p2a: Alomomola|Alomomola, M|78/100
|move|p1a: Blissey|Shadow Ball|p2a: Alomomola
|-damage|p2a: Alomomola|60/100
|
|-heal|p1a: Blissey|90/100 brn|[from] item: Leftovers
|-damage|p1a: Blissey|84/100 brn|[from] brn
|upkeep
|turn|107
|c|☆lemonlimewater|can we just call this a tie
|
|t:|1760335223
|-curestatus|p1a: Blissey|brn|[from] ability: Natural Cure
|switch|p1a: Toxapex|Toxapex, M|99/100 brn
|move|p2a: Alomomola|Wish|p2a: Alomomola
|
|-damage|p1a: Toxapex|93/100 brn|[from] brn
|upkeep
|turn|108
|
|t:|1760335232
|switch|p2a: Clodsire|Clodsire, M|94/100 brn
|move|p1a: Toxapex|Toxic||[still]
|-fail|p1a: Toxapex
|
|-heal|p2a: Clodsire|100/100 brn|[from] move: Wish|[wisher] Alomomola
|-damage|p1a: Toxapex|87/100 brn|[from] brn
|-damage|p2a: Clodsire|94/100 brn|[from] brn
|upkeep
|turn|109
|inactive|m3t30rch4mpi0n1in has 60 seconds left.
|
|t:|1760335246
|switch|p1a: Gliscor|Gliscor, M|79/100 tox
|move|p2a: Clodsire|Stealth Rock|p1a: Gliscor
|-sidestart|p1: m3t30rch4mpi0n1in|move: Stealth Rock
|
|-heal|p2a: Clodsire|100/100 brn|[from] item: Leftovers
|-heal|p1a: Gliscor|92/100 tox|[from] ability: Poison Heal
|-damage|p2a: Clodsire|94/100 brn|[from] brn
|upkeep
|turn|110
|inactive|m3t30rch4mpi0n1in has 60 seconds left.
|
|t:|1760335256
|switch|p2a: Magnezone|Magnezone, tera:Ice|100/100
|move|p1a: Gliscor|Stealth Rock|p2a: Magnezone
|-sidestart|p2: lemonlimewater|move: Stealth Rock
|
|-heal|p1a: Gliscor|100/100 tox|[from] ability: Poison Heal
|upkeep
|turn|111
|c|☆lemonlimewater|can we tie
|c|☆lemonlimewater|cuz we aint getting nowhere
|
|t:|1760335270
|switch|p1a: Blissey|Blissey, F|84/100
|-damage|p1a: Blissey|71/100|[from] Stealth Rock
|move|p2a: Magnezone|Flash Cannon|p1a: Blissey
|-damage|p1a: Blissey|52/100
|
|-heal|p1a: Blissey|58/100|[from] item: Leftovers
|upkeep
|turn|112
|
|t:|1760335284
|switch|p2a: Cyclizar|Cyclizar, F|100/100
|-damage|p2a: Cyclizar|88/100|[from] Stealth Rock
|move|p1a: Blissey|Seismic Toss|p2a: Cyclizar
|-damage|p2a: Cyclizar|54/100
|
|-heal|p1a: Blissey|65/100|[from] item: Leftovers
|upkeep
|turn|113
|
|t:|1760335297
|switch|p1a: Gliscor|Gliscor, M|100/100 tox
|-damage|p1a: Gliscor|88/100 tox|[from] Stealth Rock
|move|p2a: Cyclizar|Knock Off|p1a: Gliscor
|-damage|p1a: Gliscor|76/100 tox
|
|-heal|p1a: Gliscor|89/100 tox|[from] ability: Poison Heal
|upkeep
|turn|114
|
|t:|1760335307
|move|p2a: Cyclizar|U-turn|p1a: Gliscor
|-resisted|p1a: Gliscor
|-damage|p1a: Gliscor|83/100 tox
|inactive|lemonlimewater has 120 seconds left.
|
|t:|1760335332
|switch|p2a: Magnezone|Magnezone, tera:Ice|100/100|[from] U-turn
|-damage|p2a: Magnezone|75/100|[from] Stealth Rock
|move|p1a: Gliscor|Spikes|p2a: Magnezone
|-sidestart|p2: lemonlimewater|Spikes
|
|-heal|p1a: Gliscor|95/100 tox|[from] ability: Poison Heal
|upkeep
|turn|115
|c|☆lemonlimewater|dude just tie
|
|t:|1760335343
|switch|p1a: Blissey|Blissey, F|65/100
|-damage|p1a: Blissey|52/100|[from] Stealth Rock
|move|p2a: Magnezone|Tera Blast|p1a: Blissey|[anim] Tera Blast Ice
|-damage|p1a: Blissey|34/100
|
|-heal|p1a: Blissey|40/100|[from] item: Leftovers
|upkeep
|turn|116
|
|t:|1760335353
|move|p1a: Blissey|Soft-Boiled|p1a: Blissey
|-heal|p1a: Blissey|90/100
|move|p2a: Magnezone|Thunderbolt|p1a: Blissey
|-damage|p1a: Blissey|70/100
|
|-heal|p1a: Blissey|76/100|[from] item: Leftovers
|upkeep
|turn|117
|
|t:|1760335361
|switch|p2a: Cyclizar|Cyclizar, F|87/100
|-damage|p2a: Cyclizar|75/100|[from] Stealth Rock
|-damage|p2a: Cyclizar|62/100|[from] Spikes
|move|p1a: Blissey|Seismic Toss|p2a: Cyclizar
|-damage|p2a: Cyclizar|28/100
|
|-heal|p1a: Blissey|82/100|[from] item: Leftovers
|upkeep
|turn|118
|
|t:|1760335373
|move|p2a: Cyclizar|Rapid Spin|p1a: Blissey
|-damage|p1a: Blissey|64/100
|-boost|p2a: Cyclizar|spe|1
|-sideend|p2: lemonlimewater|Spikes|[from] move: Rapid Spin|[of] p2a: Cyclizar
|-sideend|p2: lemonlimewater|Stealth Rock|[from] move: Rapid Spin|[of] p2a: Cyclizar
|move|p1a: Blissey|Seismic Toss|p2a: Cyclizar
|-damage|p2a: Cyclizar|0 fnt
|faint|p2a: Cyclizar
|
|-heal|p1a: Blissey|70/100|[from] item: Leftovers
|upkeep
|
|t:|1760335382
|switch|p2a: Scrafty|Scrafty, F|84/100
|-ability|p2a: Scrafty|Intimidate|boost
|-unboost|p1a: Blissey|atk|1
|turn|119
|
|t:|1760335393
|switch|p1a: Gliscor|Gliscor, M|95/100 tox
|-damage|p1a: Gliscor|83/100 tox|[from] Stealth Rock
|move|p2a: Scrafty|Bulk Up|p2a: Scrafty
|-boost|p2a: Scrafty|atk|1
|-boost|p2a: Scrafty|def|1
|
|-heal|p1a: Gliscor|95/100 tox|[from] ability: Poison Heal
|upkeep
|turn|120
|
|t:|1760335403
|move|p1a: Gliscor|Stealth Rock|p2a: Scrafty
|-sidestart|p2: lemonlimewater|move: Stealth Rock
|move|p2a: Scrafty|Bulk Up|p2a: Scrafty
|-boost|p2a: Scrafty|atk|1
|-boost|p2a: Scrafty|def|1
|
|-heal|p1a: Gliscor|100/100 tox|[from] ability: Poison Heal
|upkeep
|turn|121
|inactiveoff|Battle timer is now OFF.
|inactive|Battle timer is ON: inactive players will automatically lose when time's up. (requested by lemonlimewater)
|
|t:|1760335414
|switch|p1a: Corviknight|Corviknight, M|100/100
|-damage|p1a: Corviknight|88/100|[from] Stealth Rock
|-ability|p1a: Corviknight|Pressure
|move|p2a: Scrafty|Bulk Up|p2a: Scrafty
|-boost|p2a: Scrafty|atk|1
|-boost|p2a: Scrafty|def|1
|
|upkeep
|turn|122
|
|t:|1760335424
|move|p1a: Corviknight|Iron Defense|p1a: Corviknight
|-boost|p1a: Corviknight|def|2
|move|p2a: Scrafty|Roar|p1a: Corviknight
|drag|p1a: Toxapex|Toxapex, M|100/100 brn
|-damage|p1a: Toxapex|88/100 brn|[from] Stealth Rock
|
|-damage|p1a: Toxapex|82/100 brn|[from] brn
|upkeep
|turn|123
|-message|lemonlimewater forfeited.
|
|win|m3t30rch4mpi0n1in
|raw|m3t30rch4mpi0n1in's rating: 1303 &rarr; <strong>1323</strong><br />(+20 for winning)
|raw|lemonlimewater's rating: 1304 &rarr; <strong>1284</strong><br />(-20 for losing)
|l|☆lemonlimewater
|player|p2|
|l|☆m3t30rch4mpi0n1in
|player|p1|
|j|☆lemonlimewater
|player|p2|lemonlimewater|mira|
|l|☆lemonlimewater
|player|p2|
