|j|☆lyonsyonii
|j|☆ja hoi
|t:|1760448778
|gametype|singles
|player|p1|lyonsyonii|swimmer-gen4dp|1483
|player|p2|ja hoi|169|1436
|gen|9
|tier|[Gen 9] OU
|rated|
|rule|HP Percentage Mod: HP is shown in percentages
|rule|Endless Battle Clause: Forcing endless battles is banned
|rule|Species Clause: Limit one of each Pokémon
|rule|OHKO Clause: OHKO moves are banned
|rule|Evasion Items Clause: Evasion items are banned
|rule|Evasion Moves Clause: Evasion moves are banned
|rule|Evasion Abilities Clause: Evasion abilities are banned
|rule|Sleep Moves Clause: Sleep-inducing moves are banned
|clearpoke
|poke|p1|Comfey, F|
|poke|p1|Deoxys-Speed|
|poke|p1|Salamence, F|
|poke|p1|Volcanion|
|poke|p1|Hitmonlee, M|
|poke|p1|Lokix, M|
|poke|p2|Quaquaval, F|
|poke|p2|Iron Moth|
|poke|p2|Dragapult, F|
|poke|p2|Corviknight, M|
|poke|p2|Grimmsnarl, M|
|poke|p2|Garganacl, M|
|teampreview
|inactive|Battle timer is ON: inactive players will automatically lose when time's up. (requested by lyonsyonii)
|
|t:|1760448794
|teamsize|p1|6
|teamsize|p2|6
|start
|switch|p1a: Hitmonlee - PU|Hitmonlee, M|100/100
|switch|p2a: Grimmsnarl|Grimmsnarl, M|100/100
|turn|1
|inactive|ja hoi has 120 seconds left.
|
|t:|1760448854
|move|p2a: Grimmsnarl|Reflect|p2a: Grimmsnarl
|-sidestart|p2: ja hoi|Reflect
|move|p1a: Hitmonlee - PU|Knock Off|p2a: Grimmsnarl
|-resisted|p2a: Grimmsnarl
|-damage|p2a: Grimmsnarl|96/100
|-enditem|p2a: Grimmsnarl|Light Clay|[from] move: Knock Off|[of] p1a: Hitmonlee - PU
|
|upkeep
|turn|2
|
|t:|1760448866
|switch|p1a: Volcanion - RUBL|Volcanion|100/100
|move|p2a: Grimmsnarl|Light Screen|p2a: Grimmsnarl
|-sidestart|p2: ja hoi|move: Light Screen
|
|upkeep
|turn|3
|
|t:|1760448876
|move|p2a: Grimmsnarl|Parting Shot|p1a: Volcanion - RUBL
|-unboost|p1a: Volcanion - RUBL|atk|1
|-unboost|p1a: Volcanion - RUBL|spa|1
|
|t:|1760448880
|switch|p2a: Corviknight|Corviknight, M|100/100|[from] Parting Shot
|-ability|p2a: Corviknight|Pressure
|move|p1a: Volcanion - RUBL|Sludge Wave|p2a: Corviknight
|-immune|p2a: Corviknight
|
|upkeep
|turn|4
|
|t:|1760448901
|switch|p1a: Salamence - RUBL|Salamence, F|100/100
|-ability|p1a: Salamence - RUBL|Intimidate|boost
|-unboost|p2a: Corviknight|atk|1
|move|p2a: Corviknight|Brave Bird|p1a: Salamence - RUBL
|-damage|p1a: Salamence - RUBL|67/100
|-damage|p2a: Corviknight|89/100|[from] Recoil
|
|-heal|p1a: Salamence - RUBL|73/100|[from] item: Leftovers
|upkeep
|turn|5
|inactive|ja hoi has 90 seconds left.
|
|t:|1760448928
|move|p1a: Salamence - RUBL|Dragon Dance|p1a: Salamence - RUBL
|-boost|p1a: Salamence - RUBL|atk|1
|-boost|p1a: Salamence - RUBL|spe|1
|move|p2a: Corviknight|Brave Bird|p1a: Salamence - RUBL
|-damage|p1a: Salamence - RUBL|41/100
|-damage|p2a: Corviknight|79/100|[from] Recoil
|
|-heal|p1a: Salamence - RUBL|47/100|[from] item: Leftovers
|upkeep
|turn|6
|
|t:|1760448936
|move|p1a: Salamence - RUBL|Roost|p1a: Salamence - RUBL
|-heal|p1a: Salamence - RUBL|97/100
|-singleturn|p1a: Salamence - RUBL|move: Roost
|move|p2a: Corviknight|Brave Bird|p1a: Salamence - RUBL
|-damage|p1a: Salamence - RUBL|64/100
|-damage|p2a: Corviknight|68/100|[from] Recoil
|
|-heal|p1a: Salamence - RUBL|70/100|[from] item: Leftovers
|-sideend|p2: ja hoi|move: Light Screen
|upkeep
|turn|7
|inactive|ja hoi has 90 seconds left.
|
|t:|1760448946
|move|p1a: Salamence - RUBL|Dragon Dance|p1a: Salamence - RUBL
|-boost|p1a: Salamence - RUBL|atk|1
|-boost|p1a: Salamence - RUBL|spe|1
|move|p2a: Corviknight|Iron Defense|p2a: Corviknight
|-boost|p2a: Corviknight|def|2
|
|-heal|p1a: Salamence - RUBL|76/100|[from] item: Leftovers
|upkeep
|turn|8
|
|t:|1760448954
|switch|p1a: Volcanion - RUBL|Volcanion|100/100
|move|p2a: Corviknight|Iron Defense|p2a: Corviknight
|-boost|p2a: Corviknight|def|2
|
|-sideend|p2: ja hoi|Reflect
|upkeep
|turn|9
|
|t:|1760448963
|switch|p2a: Grimmsnarl|Grimmsnarl, M|96/100
|move|p1a: Volcanion - RUBL|Flamethrower|p2a: Grimmsnarl
|-damage|p2a: Grimmsnarl|62/100
|
|upkeep
|turn|10
|
|t:|1760448970
|move|p2a: Grimmsnarl|Light Screen|p2a: Grimmsnarl
|-sidestart|p2: ja hoi|move: Light Screen
|move|p1a: Volcanion - RUBL|Steam Eruption|p2a: Grimmsnarl
|-damage|p2a: Grimmsnarl|42/100
|
|upkeep
|turn|11
|inactive|ja hoi has 90 seconds left.
|
|t:|1760449009
|move|p2a: Grimmsnarl|Reflect|p2a: Grimmsnarl
|-sidestart|p2: ja hoi|Reflect
|move|p1a: Volcanion - RUBL|Sludge Wave|p2a: Grimmsnarl
|-supereffective|p2a: Grimmsnarl
|-damage|p2a: Grimmsnarl|20/100
|
|upkeep
|turn|12
|
|t:|1760449026
|move|p2a: Grimmsnarl|Parting Shot|p1a: Volcanion - RUBL
|-unboost|p1a: Volcanion - RUBL|atk|1
|-unboost|p1a: Volcanion - RUBL|spa|1
|inactive|ja hoi has 90 seconds left.
|inactive|ja hoi has 60 seconds left.
|
|t:|1760449077
|switch|p2a: Garganacl|Garganacl, M|100/100|[from] Parting Shot
|move|p1a: Volcanion - RUBL|Flamethrower|p2a: Garganacl
|-resisted|p2a: Garganacl
|-damage|p2a: Garganacl|96/100
|
|-heal|p2a: Garganacl|100/100|[from] item: Leftovers
|upkeep
|turn|13
|
|t:|1760449090
|switch|p1a: Hitmonlee - PU|Hitmonlee, M|100/100
|move|p2a: Garganacl|Salt Cure|p1a: Hitmonlee - PU
|-resisted|p1a: Hitmonlee - PU
|-damage|p1a: Hitmonlee - PU|87/100
|-start|p1a: Hitmonlee - PU|Salt Cure
|
|-damage|p1a: Hitmonlee - PU|75/100|[from] Salt Cure
|upkeep
|turn|14
|
|t:|1760449106
|move|p1a: Hitmonlee - PU|Knock Off|p2a: Garganacl
|-damage|p2a: Garganacl|89/100
|-enditem|p2a: Garganacl|Leftovers|[from] move: Knock Off|[of] p1a: Hitmonlee - PU
|move|p2a: Garganacl|Iron Defense|p2a: Garganacl
|-boost|p2a: Garganacl|def|2
|
|-damage|p1a: Hitmonlee - PU|62/100|[from] Salt Cure
|-sideend|p2: ja hoi|move: Light Screen
|upkeep
|turn|15
|
|t:|1760449117
|switch|p1a: Comfey - RUBL|Comfey, F|100/100
|move|p2a: Garganacl|Body Press|p1a: Comfey - RUBL
|-resisted|p1a: Comfey - RUBL
|-damage|p1a: Comfey - RUBL|73/100
|
|-sideend|p2: ja hoi|Reflect
|upkeep
|turn|16
|
|t:|1760449137
|move|p1a: Comfey - RUBL|Substitute|p1a: Comfey - RUBL
|-start|p1a: Comfey - RUBL|Substitute
|-damage|p1a: Comfey - RUBL|48/100
|move|p2a: Garganacl|Body Press|p1a: Comfey - RUBL
|-resisted|p1a: Comfey - RUBL
|-end|p1a: Comfey - RUBL|Substitute
|
|upkeep
|turn|17
|
|t:|1760449152
|-terastallize|p1a: Comfey - RUBL|Fairy
|move|p1a: Comfey - RUBL|Draining Kiss|p2a: Garganacl
|-damage|p2a: Garganacl|61/100
|-heal|p1a: Comfey - RUBL|75/100|[from] drain|[of] p2a: Garganacl
|-damage|p1a: Comfey - RUBL|65/100|[from] item: Life Orb
|move|p2a: Garganacl|Body Press|p1a: Comfey - RUBL
|-resisted|p1a: Comfey - RUBL
|-damage|p1a: Comfey - RUBL|39/100
|
|upkeep
|turn|18
|
|t:|1760449169
|move|p1a: Comfey - RUBL|Calm Mind|p1a: Comfey - RUBL
|-boost|p1a: Comfey - RUBL|spa|1
|-boost|p1a: Comfey - RUBL|spd|1
|move|p2a: Garganacl|Body Press|p1a: Comfey - RUBL
|-resisted|p1a: Comfey - RUBL
|-damage|p1a: Comfey - RUBL|14/100
|
|upkeep
|turn|19
|
|t:|1760449176
|move|p1a: Comfey - RUBL|Draining Kiss|p2a: Garganacl
|-damage|p2a: Garganacl|21/100
|-heal|p1a: Comfey - RUBL|53/100|[from] drain|[of] p2a: Garganacl
|-damage|p1a: Comfey - RUBL|43/100|[from] item: Life Orb
|move|p2a: Garganacl|Body Press|p1a: Comfey - RUBL
|-resisted|p1a: Comfey - RUBL
|-damage|p1a: Comfey - RUBL|14/100
|
|upkeep
|turn|20
|inactive|ja hoi has 60 seconds left.
|
|t:|1760449191
|switch|p2a: Corviknight|Corviknight, M|68/100
|-ability|p2a: Corviknight|Pressure
|move|p1a: Comfey - RUBL|Draining Kiss|p2a: Corviknight
|-resisted|p2a: Corviknight
|-damage|p2a: Corviknight|39/100
|-heal|p1a: Comfey - RUBL|43/100|[from] drain|[of] p2a: Corviknight
|-damage|p1a: Comfey - RUBL|27/100|[from] item: Rocky Helmet|[of] p2a: Corviknight
|-damage|p1a: Comfey - RUBL|17/100|[from] item: Life Orb
|
|upkeep
|turn|21
|
|t:|1760449203
|switch|p1a: Salamence - RUBL|Salamence, F|76/100
|-ability|p1a: Salamence - RUBL|Intimidate|boost
|-unboost|p2a: Corviknight|atk|1
|move|p2a: Corviknight|Brave Bird|p1a: Salamence - RUBL
|-damage|p1a: Salamence - RUBL|46/100
|-damage|p2a: Corviknight|29/100|[from] Recoil
|
|-heal|p1a: Salamence - RUBL|52/100|[from] item: Leftovers
|upkeep
|turn|22
|
|t:|1760449231
|move|p1a: Salamence - RUBL|Roost|p1a: Salamence - RUBL
|-heal|p1a: Salamence - RUBL|100/100
|-singleturn|p1a: Salamence - RUBL|move: Roost
|move|p2a: Corviknight|Brave Bird|p1a: Salamence - RUBL
|-damage|p1a: Salamence - RUBL|68/100
|-damage|p2a: Corviknight|18/100|[from] Recoil
|
|-heal|p1a: Salamence - RUBL|75/100|[from] item: Leftovers
|upkeep
|turn|23
|
|t:|1760449243
|switch|p1a: Volcanion - RUBL|Volcanion|100/100
|move|p2a: Corviknight|Iron Defense|p2a: Corviknight
|-boost|p2a: Corviknight|def|2
|
|upkeep
|turn|24
|
|t:|1760449255
|move|p1a: Volcanion - RUBL|Flamethrower|p2a: Corviknight
|-supereffective|p2a: Corviknight
|-damage|p2a: Corviknight|0 fnt
|faint|p2a: Corviknight
|
|upkeep
|
|t:|1760449263
|switch|p2a: Grimmsnarl|Grimmsnarl, M|20/100
|turn|25
|
|t:|1760449269
|move|p2a: Grimmsnarl|Light Screen|p2a: Grimmsnarl
|-sidestart|p2: ja hoi|move: Light Screen
|move|p1a: Volcanion - RUBL|Sludge Wave|p2a: Grimmsnarl
|-supereffective|p2a: Grimmsnarl
|-damage|p2a: Grimmsnarl|0 fnt
|faint|p2a: Grimmsnarl
|
|upkeep
|
|t:|1760449286
|switch|p2a: Garganacl|Garganacl, M|21/100
|turn|26
|
|t:|1760449296
|move|p1a: Volcanion - RUBL|Steam Eruption|p2a: Garganacl
|-supereffective|p2a: Garganacl
|-damage|p2a: Garganacl|0 fnt
|faint|p2a: Garganacl
|
|upkeep
|
|t:|1760449305
|switch|p2a: Dragapult|Dragapult, F|100/100
|turn|27
|
|t:|1760449310
|switch|p1a: Hitmonlee - PU|Hitmonlee, M|62/100
|move|p2a: Dragapult|Dragon Darts|p1a: Hitmonlee - PU
|-damage|p1a: Hitmonlee - PU|3/100
|-anim|p2a: Dragapult|Dragon Darts|p1a: Hitmonlee - PU
|-damage|p1a: Hitmonlee - PU|0 fnt
|faint|p1a: Hitmonlee - PU
|
|upkeep
|
|t:|1760449314
|switch|p1a: Comfey - RUBL|Comfey, F, tera:Fairy|17/100
|turn|28
|inactive|ja hoi has 60 seconds left.
|
|t:|1760449334
|-terastallize|p2a: Dragapult|Ghost
|move|p1a: Comfey - RUBL|Draining Kiss|p2a: Dragapult
|-damage|p2a: Dragapult|69/100
|-heal|p1a: Comfey - RUBL|41/100|[from] drain|[of] p2a: Dragapult
|-damage|p1a: Comfey - RUBL|31/100|[from] item: Life Orb
|move|p2a: Dragapult|Tera Blast|p1a: Comfey - RUBL|[anim] Tera Blast Ghost
|-damage|p1a: Comfey - RUBL|0 fnt
|faint|p1a: Comfey - RUBL
|
|-heal|p2a: Dragapult|75/100|[from] item: Leftovers
|upkeep
|
|t:|1760449351
|switch|p1a: Salamence - RUBL|Salamence, F|75/100
|-ability|p1a: Salamence - RUBL|Intimidate|boost
|-unboost|p2a: Dragapult|atk|1
|turn|29
|inactive|ja hoi has 60 seconds left.
|inactive|ja hoi has 30 seconds left.
|
|t:|1760449387
|move|p2a: Dragapult|Dragon Darts|p1a: Salamence - RUBL
|-supereffective|p1a: Salamence - RUBL
|-damage|p1a: Salamence - RUBL|41/100
|-anim|p2a: Dragapult|Dragon Darts|p1a: Salamence - RUBL
|-supereffective|p1a: Salamence - RUBL
|-damage|p1a: Salamence - RUBL|7/100
|move|p1a: Salamence - RUBL|Dragon Dance|p1a: Salamence - RUBL
|-boost|p1a: Salamence - RUBL|atk|1
|-boost|p1a: Salamence - RUBL|spe|1
|
|-heal|p2a: Dragapult|81/100|[from] item: Leftovers
|-heal|p1a: Salamence - RUBL|13/100|[from] item: Leftovers
|-sideend|p2: ja hoi|move: Light Screen
|upkeep
|turn|30
|inactive|ja hoi has 30 seconds left.
|
|t:|1760449411
|switch|p1a: Volcanion - RUBL|Volcanion|100/100
|move|p2a: Dragapult|Sucker Punch||[still]
|-fail|p2a: Dragapult
|
|-heal|p2a: Dragapult|87/100|[from] item: Leftovers
|upkeep
|turn|31
|inactive|ja hoi has 30 seconds left.
|inactive|ja hoi has 20 seconds left.
|inactive|ja hoi has 15 seconds left.
|
|t:|1760449437
|move|p2a: Dragapult|Dragon Darts|p1a: Volcanion - RUBL
|-damage|p1a: Volcanion - RUBL|86/100
|-anim|p2a: Dragapult|Dragon Darts|p1a: Volcanion - RUBL
|-damage|p1a: Volcanion - RUBL|70/100
|move|p1a: Volcanion - RUBL|Steam Eruption|p2a: Dragapult
|-damage|p2a: Dragapult|11/100
|
|-heal|p2a: Dragapult|17/100|[from] item: Leftovers
|-heal|p1a: Volcanion - RUBL|77/100|[from] item: Leftovers
|upkeep
|turn|32
|inactive|ja hoi has 25 seconds left this turn.
|inactive|ja hoi has 20 seconds left.
|
|t:|1760449447
|move|p2a: Dragapult|Dragon Darts|p1a: Volcanion - RUBL
|-damage|p1a: Volcanion - RUBL|63/100
|-anim|p2a: Dragapult|Dragon Darts|p1a: Volcanion - RUBL
|-damage|p1a: Volcanion - RUBL|47/100
|move|p1a: Volcanion - RUBL|Earth Power|p2a: Dragapult
|-damage|p2a: Dragapult|0 fnt
|faint|p2a: Dragapult
|
|-heal|p1a: Volcanion - RUBL|53/100|[from] item: Leftovers
|upkeep
|inactive|ja hoi has 25 seconds left this turn.
|inactive|ja hoi has 20 seconds left.
|inactive|ja hoi has 15 seconds left.
|
|t:|1760449460
|switch|p2a: Iron Moth|Iron Moth|100/100
|-enditem|p2a: Iron Moth|Booster Energy
|-activate|p2a: Iron Moth|ability: Quark Drive|[fromitem]
|-start|p2a: Iron Moth|quarkdrivespa
|turn|33
|inactive|ja hoi has 25 seconds left this turn.
|inactive|ja hoi has 20 seconds left.
|
|t:|1760449465
|move|p2a: Iron Moth|Sludge Wave|p1a: Volcanion - RUBL
|-damage|p1a: Volcanion - RUBL|0 fnt
|faint|p1a: Volcanion - RUBL
|
|upkeep
|
|t:|1760449469
|switch|p1a: Deoxys-Speed - OU|Deoxys-Speed|100/100
|-ability|p1a: Deoxys-Speed - OU|Pressure
|turn|34
|inactive|ja hoi has 30 seconds left.
|
|t:|1760449477
|move|p1a: Deoxys-Speed - OU|Psycho Boost|p2a: Iron Moth
|-supereffective|p2a: Iron Moth
|-damage|p2a: Iron Moth|0 fnt
|-unboost|p1a: Deoxys-Speed - OU|spa|2
|faint|p2a: Iron Moth
|-end|p2a: Iron Moth|Quark Drive|[silent]
|-damage|p1a: Deoxys-Speed - OU|91/100|[from] item: Life Orb
|
|upkeep
|inactive|ja hoi has 30 seconds left.
|
|t:|1760449485
|switch|p2a: Quaquaval|Quaquaval, F|100/100
|turn|35
|c|☆ja hoi|gg
|
|t:|1760449494
|move|p1a: Deoxys-Speed - OU|Psycho Boost|p2a: Quaquaval
|-supereffective|p2a: Quaquaval
|-damage|p2a: Quaquaval|0 fnt
|-unboost|p1a: Deoxys-Speed - OU|spa|2
|faint|p2a: Quaquaval
|-damage|p1a: Deoxys-Speed - OU|81/100|[from] item: Life Orb
|
|win|lyonsyonii
|raw|lyonsyonii's rating: 1483 &rarr; <strong>1500</strong><br />(+17 for winning)
|raw|ja hoi's rating: 1436 &rarr; <strong>1419</strong><br />(-17 for losing)
|l|☆ja hoi
|player|p2|
|c|☆lyonsyonii|gg!
|l|☆lyonsyonii
|player|p1|
