|j|☆skibidisksk
|j|☆yuhy
|t:|1760304998
|gametype|singles
|player|p1|skibidisksk|101|1452
|player|p2|yuhy|benga|1426
|gen|9
|tier|[Gen 9] OU
|rated|
|rule|HP Percentage Mod: HP is shown in percentages
|rule|Endless Battle Clause: Forcing endless battles is banned
|rule|Species Clause: Limit one of each Pokémon
|rule|OHKO Clause: OHKO moves are banned
|rule|Evasion Items Clause: Evasion items are banned
|rule|Evasion Moves Clause: Evasion moves are banned
|rule|Evasion Abilities Clause: Evasion abilities are banned
|rule|Sleep Moves Clause: Sleep-inducing moves are banned
|clearpoke
|poke|p1|Raging Bolt|
|poke|p1|Dragonite, F|
|poke|p1|Iron Valiant|
|poke|p1|Iron Moth|
|poke|p1|Landorus-Therian, M|
|poke|p1|Darkrai|
|poke|p2|Dragapult, F|
|poke|p2|Ogerpon-Wellspring, F|
|poke|p2|Zamazenta-*|
|poke|p2|Clefable, F|
|poke|p2|Corviknight, F|
|poke|p2|Ting-Lu|
|teampreview
|
|t:|1760305009
|teamsize|p1|6
|teamsize|p2|6
|start
|switch|p1a: Iron Valiant|Iron Valiant|100/100
|switch|p2a: Ting-Lu|Ting-Lu|100/100
|-ability|p2a: Ting-Lu|Vessel of Ruin
|-enditem|p1a: Iron Valiant|Booster Energy
|-activate|p1a: Iron Valiant|ability: Quark Drive|[fromitem]
|-start|p1a: Iron Valiant|quarkdrivespe
|turn|1
|inactive|Battle timer is ON: inactive players will automatically lose when time's up. (requested by skibidisksk)
|inactive|yuhy also wants the timer to be on.
|
|t:|1760305021
|move|p1a: Iron Valiant|Moonblast|p2a: Ting-Lu
|-supereffective|p2a: Ting-Lu
|-damage|p2a: Ting-Lu|73/100
|-unboost|p2a: Ting-Lu|spa|1
|move|p2a: Ting-Lu|Heavy Slam|p1a: Iron Valiant
|-supereffective|p1a: Iron Valiant
|-crit|p1a: Iron Valiant
|-damage|p1a: Iron Valiant|0 fnt
|faint|p1a: Iron Valiant
|-end|p1a: Iron Valiant|Quark Drive|[silent]
|
|upkeep
|
|t:|1760305031
|switch|p1a: Landorus|Landorus-Therian, M|100/100
|-ability|p1a: Landorus|Intimidate|boost
|-unboost|p2a: Ting-Lu|atk|1
|turn|2
|
|t:|1760305039
|switch|p2a: Corviknight|Corviknight, F|100/100
|-ability|p2a: Corviknight|Pressure
|move|p1a: Landorus|Stealth Rock|p2a: Corviknight
|-sidestart|p2: yuhy|move: Stealth Rock
|
|upkeep
|turn|3
|
|t:|1760305047
|move|p1a: Landorus|Taunt|p2a: Corviknight
|-start|p2a: Corviknight|move: Taunt
|move|p2a: Corviknight|U-turn|p1a: Landorus
|-resisted|p1a: Landorus
|-damage|p1a: Landorus|92/100
|
|t:|1760305050
|switch|p2a: Ogerpon|Ogerpon-Wellspring, F|100/100|[from] U-turn
|-damage|p2a: Ogerpon|88/100|[from] Stealth Rock
|
|upkeep
|turn|4
|
|t:|1760305063
|switch|p1a: Dragonite|Dragonite, F|100/100
|move|p2a: Ogerpon|Ivy Cudgel|p1a: Dragonite|[anim] Ivy Cudgel Water
|-resisted|p1a: Dragonite
|-damage|p1a: Dragonite|85/100
|
|upkeep
|turn|5
|
|t:|1760305071
|switch|p2a: Clefable|Clefable, F|100/100
|move|p1a: Dragonite|Extreme Speed|p2a: Clefable
|-damage|p2a: Clefable|68/100
|-damage|p1a: Dragonite|69/100|[from] item: Rocky Helmet|[of] p2a: Clefable
|
|upkeep
|turn|6
|
|t:|1760305083
|move|p1a: Dragonite|Earthquake|p2a: Clefable
|-damage|p2a: Clefable|31/100
|move|p2a: Clefable|Stealth Rock|p1a: Dragonite
|-sidestart|p1: skibidisksk|move: Stealth Rock
|
|upkeep
|turn|7
|
|t:|1760305092
|switch|p1a: Raging Bolt|Raging Bolt|100/100
|-damage|p1a: Raging Bolt|88/100|[from] Stealth Rock
|-enditem|p1a: Raging Bolt|Booster Energy
|-activate|p1a: Raging Bolt|ability: Protosynthesis|[fromitem]
|-start|p1a: Raging Bolt|protosynthesisspa
|switch|p2a: Corviknight|Corviknight, F|100/100
|-damage|p2a: Corviknight|88/100|[from] Stealth Rock
|-ability|p2a: Corviknight|Pressure
|
|upkeep
|turn|8
|
|t:|1760305103
|switch|p2a: Clefable|Clefable, F|31/100
|-terastallize|p1a: Raging Bolt|Fairy
|move|p1a: Raging Bolt|Calm Mind|p1a: Raging Bolt
|-boost|p1a: Raging Bolt|spa|1
|-boost|p1a: Raging Bolt|spd|1
|
|upkeep
|turn|9
|
|t:|1760305112
|move|p1a: Raging Bolt|Thunderbolt|p2a: Clefable
|-damage|p2a: Clefable|0 fnt
|faint|p2a: Clefable
|
|upkeep
|
|t:|1760305116
|switch|p2a: Ting-Lu|Ting-Lu|73/100
|-damage|p2a: Ting-Lu|67/100|[from] Stealth Rock
|-ability|p2a: Ting-Lu|Vessel of Ruin
|turn|10
|
|t:|1760305127
|move|p1a: Raging Bolt|Dragon Pulse|p2a: Ting-Lu
|-damage|p2a: Ting-Lu|44/100
|move|p2a: Ting-Lu|Ruination|p1a: Raging Bolt
|-damage|p1a: Raging Bolt|44/100
|
|upkeep
|turn|11
|
|t:|1760305136
|switch|p2a: Ogerpon|Ogerpon-Wellspring, F|88/100
|-damage|p2a: Ogerpon|76/100|[from] Stealth Rock
|move|p1a: Raging Bolt|Dragon Pulse|p2a: Ogerpon
|-damage|p2a: Ogerpon|0 fnt
|faint|p2a: Ogerpon
|
|upkeep
|
|t:|1760305159
|switch|p2a: Zamazenta|Zamazenta|100/100
|-damage|p2a: Zamazenta|94/100|[from] Stealth Rock
|-ability|p2a: Zamazenta|Dauntless Shield|boost
|-boost|p2a: Zamazenta|def|1
|turn|12
|inactive|yuhy has 120 seconds left.
|
|t:|1760305196
|move|p2a: Zamazenta|Heavy Slam|p1a: Raging Bolt
|-supereffective|p1a: Raging Bolt
|-damage|p1a: Raging Bolt|9/100
|move|p1a: Raging Bolt|Thunderbolt|p2a: Zamazenta
|-damage|p2a: Zamazenta|11/100
|
|upkeep
|turn|13
|
|t:|1760305208
|switch|p2a: Ting-Lu|Ting-Lu|44/100
|-damage|p2a: Ting-Lu|37/100|[from] Stealth Rock
|-ability|p2a: Ting-Lu|Vessel of Ruin
|move|p1a: Raging Bolt|Thunderclap||[still]
|-fail|p1a: Raging Bolt
|
|upkeep
|turn|14
|
|t:|1760305218
|move|p1a: Raging Bolt|Dragon Pulse|p2a: Ting-Lu
|-damage|p2a: Ting-Lu|10/100
|move|p2a: Ting-Lu|Heavy Slam|p1a: Raging Bolt
|-supereffective|p1a: Raging Bolt
|-damage|p1a: Raging Bolt|0 fnt
|faint|p1a: Raging Bolt
|-end|p1a: Raging Bolt|Protosynthesis|[silent]
|
|upkeep
|
|t:|1760305227
|switch|p1a: Dragonite|Dragonite, F|69/100
|turn|15
|
|t:|1760305235
|move|p1a: Dragonite|Dragon Dance|p1a: Dragonite
|-boost|p1a: Dragonite|atk|1
|-boost|p1a: Dragonite|spe|1
|move|p2a: Ting-Lu|Rock Tomb|p1a: Dragonite
|-supereffective|p1a: Dragonite
|-damage|p1a: Dragonite|33/100
|-unboost|p1a: Dragonite|spe|1
|
|upkeep
|turn|16
|
|t:|1760305243
|move|p1a: Dragonite|Ice Spinner|p2a: Ting-Lu
|-supereffective|p2a: Ting-Lu
|-damage|p2a: Ting-Lu|0 fnt
|faint|p2a: Ting-Lu
|
|upkeep
|
|t:|1760305252
|switch|p2a: Dragapult|Dragapult, F|100/100
|-damage|p2a: Dragapult|88/100|[from] Stealth Rock
|turn|17
|
|t:|1760305260
|move|p2a: Dragapult|Shadow Ball|p1a: Dragonite
|-damage|p1a: Dragonite|0 fnt
|faint|p1a: Dragonite
|
|upkeep
|
|t:|1760305272
|switch|p1a: Darkrai|Darkrai|100/100
|-damage|p1a: Darkrai|88/100|[from] Stealth Rock
|turn|18
|
|t:|1760305280
|switch|p2a: Corviknight|Corviknight, F|88/100
|-damage|p2a: Corviknight|75/100|[from] Stealth Rock
|-ability|p2a: Corviknight|Pressure
|move|p1a: Darkrai|Dark Pulse|p2a: Corviknight
|-damage|p2a: Corviknight|24/100
|-damage|p1a: Darkrai|78/100|[from] item: Life Orb
|
|upkeep
|turn|19
|
|t:|1760305292
|move|p1a: Darkrai|Dark Pulse|p2a: Corviknight
|-damage|p2a: Corviknight|0 fnt
|faint|p2a: Corviknight
|-damage|p1a: Darkrai|68/100|[from] item: Life Orb
|
|upkeep
|
|t:|1760305307
|switch|p2a: Zamazenta|Zamazenta|11/100
|-damage|p2a: Zamazenta|5/100|[from] Stealth Rock
|turn|20
|
|t:|1760305321
|move|p2a: Zamazenta|Heavy Slam|p1a: Darkrai
|-damage|p1a: Darkrai|1/100
|move|p1a: Darkrai|Dark Pulse|p2a: Zamazenta
|-resisted|p2a: Zamazenta
|-damage|p2a: Zamazenta|0 fnt
|faint|p2a: Zamazenta
|-damage|p1a: Darkrai|0 fnt|[from] item: Life Orb
|faint|p1a: Darkrai
|
|upkeep
|
|t:|1760305329
|switch|p2a: Dragapult|Dragapult, F|88/100
|switch|p1a: Iron Moth|Iron Moth|100/100
|-damage|p2a: Dragapult|76/100|[from] Stealth Rock
|-damage|p1a: Iron Moth|76/100|[from] Stealth Rock
|-enditem|p1a: Iron Moth|Booster Energy
|-activate|p1a: Iron Moth|ability: Quark Drive|[fromitem]
|-start|p1a: Iron Moth|quarkdrivespe
|turn|21
|
|t:|1760305340
|move|p1a: Iron Moth|Psychic|p2a: Dragapult
|-damage|p2a: Dragapult|35/100
|move|p2a: Dragapult|Shadow Ball|p1a: Iron Moth
|-damage|p1a: Iron Moth|28/100
|
|upkeep
|turn|22
|-message|yuhy forfeited.
|
|win|skibidisksk
|raw|skibidisksk's rating: 1452 &rarr; <strong>1471</strong><br />(+19 for winning)
|raw|yuhy's rating: 1426 &rarr; <strong>1407</strong><br />(-19 for losing)
|l|☆yuhy
|player|p2|
