|j|☆Piando.GXE
|j|☆Moonlit TCG
|t:|1760369420
|gametype|singles
|player|p1|Piando.GXE|hugh|1185
|player|p2|Moonlit TCG|hilbert-wonderlauncher|1134
|gen|9
|tier|[Gen 9] OU
|rated|
|rule|HP Percentage Mod: HP is shown in percentages
|rule|Endless Battle Clause: Forcing endless battles is banned
|rule|Species Clause: Limit one of each Pokémon
|rule|OHKO Clause: OHKO moves are banned
|rule|Evasion Items Clause: Evasion items are banned
|rule|Evasion Moves Clause: Evasion moves are banned
|rule|Evasion Abilities Clause: Evasion abilities are banned
|rule|Sleep Moves Clause: Sleep-inducing moves are banned
|clearpoke
|poke|p1|Iron Crown|
|poke|p1|Great Tusk|
|poke|p1|Dragapult, F|
|poke|p1|Samurott-Hisui, M|
|poke|p1|Zapdos|
|poke|p1|Garganacl, M|
|poke|p2|Serperior, F|
|poke|p2|Iron Treads|
|poke|p2|Alomomola, M|
|poke|p2|Heatran, F|
|poke|p2|Umbreon, F|
|poke|p2|Ariados, F|
|teampreview
|inactive|Battle timer is ON: inactive players will automatically lose when time's up. (requested by Moonlit TCG)
|
|t:|1760369439
|teamsize|p1|6
|teamsize|p2|6
|start
|switch|p1a: Garganacl|Garganacl, M|100/100
|switch|p2a: Deception|Ariados, F, shiny|100/100
|turn|1
|
|t:|1760369447
|switch|p2a: Heatran|Heatran, F, shiny|100/100
|-item|p2a: Heatran|Air Balloon
|move|p1a: Garganacl|Salt Cure|p2a: Heatran
|-crit|p2a: Heatran
|-damage|p2a: Heatran|82/100
|-start|p2a: Heatran|Salt Cure
|-enditem|p2a: Heatran|Air Balloon
|
|-damage|p2a: Heatran|57/100|[from] Salt Cure
|upkeep
|turn|2
|
|t:|1760369467
|move|p2a: Heatran|Flash Cannon|p1a: Garganacl
|-supereffective|p1a: Garganacl
|-crit|p1a: Garganacl
|-damage|p1a: Garganacl|0 fnt
|faint|p1a: Garganacl
|
|-damage|p2a: Heatran|32/100|[from] Salt Cure
|upkeep
|
|t:|1760369477
|switch|p1a: Great Tusk|Great Tusk|100/100
|turn|3
|
|t:|1760369481
|switch|p2a: Alomomola|Alomomola, M|100/100
|move|p1a: Great Tusk|Headlong Rush|p2a: Alomomola
|-damage|p2a: Alomomola|65/100
|-unboost|p1a: Great Tusk|def|1
|-unboost|p1a: Great Tusk|spd|1
|
|-heal|p2a: Alomomola|71/100|[from] item: Leftovers
|upkeep
|turn|4
|
|t:|1760369495
|-end|p1a: Great Tusk|Protosynthesis|[silent]
|switch|p1a: Dragapult|Dragapult, F|100/100
|move|p2a: Alomomola|Scald|p1a: Dragapult
|-resisted|p1a: Dragapult
|-damage|p1a: Dragapult|92/100
|
|-heal|p2a: Alomomola|77/100|[from] item: Leftovers
|upkeep
|turn|5
|
|t:|1760369502
|move|p1a: Dragapult|Shadow Ball|p2a: Alomomola
|-damage|p2a: Alomomola|8/100
|-unboost|p2a: Alomomola|spd|1
|move|p2a: Alomomola|Ice Beam|p1a: Dragapult
|-supereffective|p1a: Dragapult
|-damage|p1a: Dragapult|64/100
|
|-heal|p2a: Alomomola|15/100|[from] item: Leftovers
|upkeep
|turn|6
|
|t:|1760369513
|switch|p2a: OOOH THE BLUE|Umbreon, F, shiny|100/100
|move|p1a: Dragapult|Shadow Ball|p2a: OOOH THE BLUE
|-resisted|p2a: OOOH THE BLUE
|-damage|p2a: OOOH THE BLUE|87/100
|
|-heal|p2a: OOOH THE BLUE|93/100|[from] item: Leftovers
|upkeep
|turn|7
|
|t:|1760369521
|switch|p1a: Zapdos|Zapdos|100/100
|move|p2a: OOOH THE BLUE|Toxic|p1a: Zapdos
|-status|p1a: Zapdos|tox
|
|-heal|p2a: OOOH THE BLUE|99/100|[from] item: Leftovers
|-damage|p1a: Zapdos|94/100 tox|[from] psn
|upkeep
|turn|8
|
|t:|1760369529
|switch|p1a: Samurott|Samurott-Hisui, M|100/100
|move|p2a: OOOH THE BLUE|Wish|p2a: OOOH THE BLUE
|
|-heal|p2a: OOOH THE BLUE|100/100|[from] item: Leftovers
|upkeep
|turn|9
|
|t:|1760369534
|switch|p1a: Zapdos|Zapdos|94/100 tox
|move|p2a: OOOH THE BLUE|Toxic|p1a: Zapdos
|-fail|p1a: Zapdos|tox
|
|-damage|p1a: Zapdos|88/100 tox|[from] psn
|upkeep
|turn|10
|
|t:|1760369543
|move|p1a: Zapdos|Thunder Wave||[still]
|-status|p2a: OOOH THE BLUE|par
|-activate|p2a: OOOH THE BLUE|ability: Synchronize
|-fail|p2a: OOOH THE BLUE
|move|p2a: OOOH THE BLUE|Foul Play|p1a: Zapdos
|-damage|p1a: Zapdos|72/100 tox
|
|-damage|p1a: Zapdos|60/100 tox|[from] psn
|upkeep
|turn|11
|
|t:|1760369556
|move|p1a: Zapdos|Volt Switch|p2a: OOOH THE BLUE
|-damage|p2a: OOOH THE BLUE|86/100 par
|
|t:|1760369564
|switch|p1a: Samurott|Samurott-Hisui, M|100/100|[from] Volt Switch
|move|p2a: OOOH THE BLUE|Wish|p2a: OOOH THE BLUE
|
|-heal|p2a: OOOH THE BLUE|92/100 par|[from] item: Leftovers
|upkeep
|turn|12
|
|t:|1760369572
|move|p2a: OOOH THE BLUE|Protect|p2a: OOOH THE BLUE
|-singleturn|p2a: OOOH THE BLUE|Protect
|move|p1a: Samurott|Encore|p2a: OOOH THE BLUE
|-activate|p2a: OOOH THE BLUE|move: Protect
|
|-heal|p2a: OOOH THE BLUE|100/100 par|[from] move: Wish|[wisher] OOOH THE BLUE
|upkeep
|turn|13
|
|t:|1760369581
|switch|p2a: Deception|Ariados, F, shiny|100/100
|move|p1a: Samurott|Encore||[still]
|-fail|p1a: Samurott
|
|upkeep
|turn|14
|
|t:|1760369589
|switch|p1a: Iron Crown|Iron Crown|100/100
|move|p2a: Deception|Megahorn|p1a: Iron Crown
|-damage|p1a: Iron Crown|40/100
|
|upkeep
|turn|15
|
|t:|1760369595
|move|p2a: Deception|Sucker Punch|p1a: Iron Crown
|-supereffective|p1a: Iron Crown
|-damage|p1a: Iron Crown|0 fnt
|faint|p1a: Iron Crown
|-end|p1a: Iron Crown|Quark Drive|[silent]
|
|upkeep
|
|t:|1760369600
|switch|p1a: Dragapult|Dragapult, F|64/100
|turn|16
|
|t:|1760369605
|move|p2a: Deception|Sucker Punch|p1a: Dragapult
|-supereffective|p1a: Dragapult
|-damage|p1a: Dragapult|8/100
|move|p1a: Dragapult|U-turn|p2a: Deception
|-resisted|p2a: Deception
|-damage|p2a: Deception|89/100
|
|t:|1760369610
|switch|p1a: Samurott|Samurott-Hisui, M|100/100|[from] U-turn
|
|upkeep
|turn|17
|
|t:|1760369614
|move|p1a: Samurott|Razor Shell|p2a: Deception
|-damage|p2a: Deception|18/100
|move|p2a: Deception|Megahorn|p1a: Samurott
|-supereffective|p1a: Samurott
|-enditem|p1a: Samurott|Focus Sash
|-damage|p1a: Samurott|1/100
|
|upkeep
|turn|18
|
|t:|1760369621
|move|p1a: Samurott|Sucker Punch|p2a: Deception
|-damage|p2a: Deception|0 fnt
|faint|p2a: Deception
|
|upkeep
|
|t:|1760369626
|switch|p2a: Alomomola|Alomomola, M|48/100
|turn|19
|
|t:|1760369630
|move|p1a: Samurott|Ceaseless Edge|p2a: Alomomola
|-damage|p2a: Alomomola|25/100
|-sidestart|p2: Moonlit TCG|Spikes
|move|p2a: Alomomola|Ice Beam|p1a: Samurott
|-resisted|p1a: Samurott
|-damage|p1a: Samurott|0 fnt
|faint|p1a: Samurott
|
|-heal|p2a: Alomomola|31/100|[from] item: Leftovers
|upkeep
|
|t:|1760369637
|switch|p1a: Great Tusk|Great Tusk|100/100
|turn|20
|
|t:|1760369642
|switch|p2a: Iron Treads|Iron Treads|100/100
|-damage|p2a: Iron Treads|88/100|[from] Spikes
|move|p1a: Great Tusk|Headlong Rush|p2a: Iron Treads
|-supereffective|p2a: Iron Treads
|-damage|p2a: Iron Treads|0 fnt
|-unboost|p1a: Great Tusk|def|1
|-unboost|p1a: Great Tusk|spd|1
|-damage|p1a: Great Tusk|84/100|[from] item: Rocky Helmet|[of] p2a: Iron Treads
|faint|p2a: Iron Treads
|-end|p2a: Iron Treads|Quark Drive|[silent]
|
|upkeep
|
|t:|1760369654
|switch|p2a: Lizard...Lizard|Serperior, F, shiny|100/100
|turn|21
|
|t:|1760369658
|-end|p1a: Great Tusk|Protosynthesis|[silent]
|switch|p1a: Zapdos|Zapdos|60/100 tox
|-terastallize|p2a: Lizard...Lizard|Grass
|move|p2a: Lizard...Lizard|Leaf Storm|p1a: Zapdos
|-resisted|p1a: Zapdos
|-damage|p1a: Zapdos|28/100 tox
|-boost|p2a: Lizard...Lizard|spa|2
|
|-damage|p1a: Zapdos|22/100 tox|[from] psn
|upkeep
|turn|22
|
|t:|1760369668
|move|p2a: Lizard...Lizard|Dragon Pulse|p1a: Zapdos
|-damage|p1a: Zapdos|0 fnt
|faint|p1a: Zapdos
|
|upkeep
|
|t:|1760369671
|switch|p1a: Dragapult|Dragapult, F|8/100
|turn|23
|
|t:|1760369675
|-terastallize|p1a: Dragapult|Ghost
|move|p1a: Dragapult|Shadow Ball|p2a: Lizard...Lizard
|-damage|p2a: Lizard...Lizard|17/100
|move|p2a: Lizard...Lizard|Dragon Pulse|p1a: Dragapult
|-damage|p1a: Dragapult|0 fnt
|faint|p1a: Dragapult
|
|upkeep
|-message|Piando.GXE forfeited.
|
|win|Moonlit TCG
|raw|Piando.GXE's rating: 1185 &rarr; <strong>1156</strong><br />(-29 for losing)
|raw|Moonlit TCG's rating: 1134 &rarr; <strong>1163</strong><br />(+29 for winning)
|l|☆Piando.GXE
|player|p1|
|l|☆Moonlit TCG
|player|p2|
