|j|‽burp111
|j|☆mindmeltingfungi
|t:|1760354485
|gametype|singles
|player|p1|burp111|acetrainersnowf|1063
|player|p2|mindmeltingfungi|266|1107
|gen|9
|tier|[Gen 9] OU
|rated|
|rule|HP Percentage Mod: HP is shown in percentages
|rule|Endless Battle Clause: Forcing endless battles is banned
|rule|Species Clause: Limit one of each Pokémon
|rule|OHKO Clause: OHKO moves are banned
|rule|Evasion Items Clause: Evasion items are banned
|rule|Evasion Moves Clause: Evasion moves are banned
|rule|Evasion Abilities Clause: Evasion abilities are banned
|rule|Sleep Moves Clause: Sleep-inducing moves are banned
|clearpoke
|poke|p1|Tornadus-Therian, M|
|poke|p1|Alomomola, M|
|poke|p1|Clefable, M|
|poke|p1|Cinderace, F|
|poke|p1|Pecharunt|
|poke|p1|Ogerpon-Wellspring, F|
|poke|p2|Moltres|
|poke|p2|Iron Crown|
|poke|p2|Indeedee-F, F|
|poke|p2|Iron Valiant|
|poke|p2|Ogerpon-Wellspring, F|
|poke|p2|Iron Treads|
|teampreview
|
|t:|1760354522
|teamsize|p1|6
|teamsize|p2|6
|start
|switch|p1a: Ogerpon|Ogerpon-Wellspring, F|100/100
|switch|p2a: Iron Treads|Iron Treads|100/100
|-enditem|p2a: Iron Treads|Booster Energy
|-activate|p2a: Iron Treads|ability: Quark Drive|[fromitem]
|-start|p2a: Iron Treads|quarkdrivespe
|turn|1
|
|t:|1760354529
|move|p2a: Iron Treads|Stealth Rock|p1a: Ogerpon
|-sidestart|p1: burp111|move: Stealth Rock
|move|p1a: Ogerpon|Ivy Cudgel|p2a: Iron Treads|[anim] Ivy Cudgel Water
|-supereffective|p2a: Iron Treads
|-damage|p2a: Iron Treads|17/100
|
|upkeep
|turn|2
|
|t:|1760354535
|move|p2a: Iron Treads|Ice Spinner|p1a: Ogerpon
|-damage|p1a: Ogerpon|72/100
|move|p1a: Ogerpon|Ivy Cudgel|p2a: Iron Treads|[anim] Ivy Cudgel Water
|-supereffective|p2a: Iron Treads
|-damage|p2a: Iron Treads|0 fnt
|faint|p2a: Iron Treads
|-end|p2a: Iron Treads|Quark Drive|[silent]
|
|upkeep
|
|t:|1760354552
|switch|p2a: Indeedee|Indeedee-F, F|100/100
|-fieldstart|move: Psychic Terrain|[from] ability: Psychic Surge|[of] p2a: Indeedee
|turn|3
|
|t:|1760354557
|move|p1a: Ogerpon|U-turn|p2a: Indeedee
|-supereffective|p2a: Indeedee
|-damage|p2a: Indeedee|26/100
|
|t:|1760354562
|switch|p1a: Clefable|Clefable, M|100/100|[from] U-turn
|move|p2a: Indeedee|Reflect|p2a: Indeedee
|-sidestart|p2: mindmeltingfungi|Reflect
|
|upkeep
|turn|4
|
|t:|1760354569
|switch|p2a: Iron Crown|Iron Crown|100/100
|move|p1a: Clefable|Stealth Rock|p2a: Iron Crown
|-sidestart|p2: mindmeltingfungi|move: Stealth Rock
|
|upkeep
|turn|5
|
|t:|1760354577
|move|p2a: Iron Crown|Expanding Force|p1a: Clefable
|-damage|p1a: Clefable|51/100
|move|p1a: Clefable|Knock Off|p2a: Iron Crown
|-supereffective|p2a: Iron Crown
|-damage|p2a: Iron Crown|84/100
|-enditem|p2a: Iron Crown|Choice Scarf|[from] move: Knock Off|[of] p1a: Clefable
|
|upkeep
|turn|6
|
|t:|1760354591
|switch|p1a: Tornadus|Tornadus-Therian, M|100/100
|move|p2a: Iron Crown|Expanding Force|p1a: Tornadus
|-damage|p1a: Tornadus|15/100
|
|upkeep
|turn|7
|
|t:|1760354602
|move|p1a: Tornadus|U-turn|p2a: Iron Crown
|-damage|p2a: Iron Crown|77/100
|
|t:|1760354605
|switch|p1a: Clefable|Clefable, M|51/100|[from] U-turn
|move|p2a: Iron Crown|Volt Switch|p1a: Clefable
|-crit|p1a: Clefable
|-damage|p1a: Clefable|28/100
|
|t:|1760354608
|-end|p2a: Iron Crown|Quark Drive|[silent]
|switch|p2a: Iron Valiant|Iron Valiant|100/100|[from] Volt Switch
|-damage|p2a: Iron Valiant|94/100|[from] Stealth Rock
|-enditem|p2a: Iron Valiant|Booster Energy
|-activate|p2a: Iron Valiant|ability: Quark Drive|[fromitem]
|-start|p2a: Iron Valiant|quarkdrivespe
|
|-sideend|p2: mindmeltingfungi|Reflect
|upkeep
|turn|8
|
|t:|1760354617
|move|p2a: Iron Valiant|Expanding Force|p1a: Clefable
|-damage|p1a: Clefable|0 fnt
|faint|p1a: Clefable
|
|upkeep
|
|t:|1760354626
|switch|p1a: Pecharunt|Pecharunt|100/100
|turn|9
|
|t:|1760354640
|-end|p2a: Iron Valiant|Quark Drive|[silent]
|switch|p2a: Iron Crown|Iron Crown|77/100
|-damage|p2a: Iron Crown|70/100|[from] Stealth Rock
|-terastallize|p1a: Pecharunt|Dark
|move|p1a: Pecharunt|Malignant Chain|p2a: Iron Crown
|-immune|p2a: Iron Crown
|
|upkeep
|turn|10
|
|t:|1760354646
|move|p2a: Iron Crown|Expanding Force|p1a: Pecharunt
|-immune|p1a: Pecharunt
|move|p1a: Pecharunt|Parting Shot|p2a: Iron Crown
|-unboost|p2a: Iron Crown|atk|1
|-unboost|p2a: Iron Crown|spa|1
|
|t:|1760354653
|switch|p1a: Cinderace|Cinderace, F|100/100|[from] Parting Shot
|
|-fieldend|move: Psychic Terrain
|upkeep
|turn|11
|
|t:|1760354664
|-end|p2a: Iron Crown|Quark Drive|[silent]
|switch|p2a: Moltres|Moltres|100/100
|move|p1a: Cinderace|Pyro Ball|p2a: Moltres|[miss]
|-miss|p1a: Cinderace|p2a: Moltres
|
|upkeep
|turn|12
|
|t:|1760354673
|move|p1a: Cinderace|U-turn|p2a: Moltres
|-start|p1a: Cinderace|typechange|Bug|[from] ability: Libero
|-resisted|p2a: Moltres
|-damage|p2a: Moltres|92/100
|
|t:|1760354676
|switch|p1a: Alomomola|Alomomola, M|100/100|[from] U-turn
|move|p2a: Moltres|Flamethrower|p1a: Alomomola
|-resisted|p1a: Alomomola
|-damage|p1a: Alomomola|80/100
|
|upkeep
|turn|13
|
|t:|1760354681
|move|p2a: Moltres|U-turn|p1a: Alomomola
|-damage|p1a: Alomomola|72/100
|
|t:|1760354683
|switch|p2a: Ogerpon|Ogerpon-Wellspring, F|100/100|[from] U-turn
|-damage|p2a: Ogerpon|88/100|[from] Stealth Rock
|move|p1a: Alomomola|Wish|p1a: Alomomola
|
|upkeep
|turn|14
|
|t:|1760354703
|switch|p1a: Ogerpon|Ogerpon-Wellspring, F|72/100
|-damage|p1a: Ogerpon|60/100|[from] Stealth Rock
|move|p2a: Ogerpon|Ivy Cudgel|p1a: Ogerpon|[anim] Ivy Cudgel Water
|-heal|p1a: Ogerpon|85/100|[from] ability: Water Absorb|[of] p2a: Ogerpon
|
|-heal|p1a: Ogerpon|100/100|[from] move: Wish|[wisher] Alomomola
|upkeep
|turn|15
|
|t:|1760354713
|move|p2a: Ogerpon|U-turn|p1a: Ogerpon
|-supereffective|p1a: Ogerpon
|-damage|p1a: Ogerpon|23/100
|
|t:|1760354722
|switch|p2a: Moltres|Moltres|92/100|[from] U-turn
|move|p1a: Ogerpon|U-turn|p2a: Moltres
|-resisted|p2a: Moltres
|-damage|p2a: Moltres|86/100
|-status|p1a: Ogerpon|brn|[from] ability: Flame Body|[of] p2a: Moltres
|
|t:|1760354730
|switch|p1a: Pecharunt|Pecharunt, tera:Dark|100/100|[from] U-turn
|
|upkeep
|turn|16
|
|t:|1760354736
|move|p1a: Pecharunt|Parting Shot|p2a: Moltres
|-unboost|p2a: Moltres|atk|1
|-unboost|p2a: Moltres|spa|1
|
|t:|1760354742
|switch|p1a: Alomomola|Alomomola, M|100/100|[from] Parting Shot
|move|p2a: Moltres|Will-O-Wisp|p1a: Alomomola
|-status|p1a: Alomomola|brn
|
|-damage|p1a: Alomomola|94/100 brn|[from] brn
|upkeep
|turn|17
|
|t:|1760354748
|switch|p2a: Ogerpon|Ogerpon-Wellspring, F|88/100
|-damage|p2a: Ogerpon|76/100|[from] Stealth Rock
|move|p1a: Alomomola|Scald|p2a: Ogerpon
|-heal|p2a: Ogerpon|100/100|[from] ability: Water Absorb|[of] p1a: Alomomola
|
|-damage|p1a: Alomomola|88/100 brn|[from] brn
|upkeep
|turn|18
|-message|burp111 forfeited.
|
|win|mindmeltingfungi
|raw|burp111's rating: 1063 &rarr; <strong>1046</strong><br />(-17 for losing)
|raw|mindmeltingfungi's rating: 1107 &rarr; <strong>1129</strong><br />(+22 for winning)
|l|‽burp111
|player|p1|
|l|☆mindmeltingfungi
|player|p2|
