|j|☆Shabooya1
|j|☆stallincorporated
|t:|1760363743
|gametype|singles
|player|p1|Shabooya1|ghetsis-gen5bw|1433
|player|p2|stallincorporated|allister|1466
|gen|9
|tier|[Gen 9] OU
|rated|
|rule|HP Percentage Mod: HP is shown in percentages
|rule|Endless Battle Clause: Forcing endless battles is banned
|rule|Species Clause: Limit one of each Pokémon
|rule|OHKO Clause: OHKO moves are banned
|rule|Evasion Items Clause: Evasion items are banned
|rule|Evasion Moves Clause: Evasion moves are banned
|rule|Evasion Abilities Clause: Evasion abilities are banned
|rule|Sleep Moves Clause: Sleep-inducing moves are banned
|clearpoke
|poke|p1|Cresselia, F|
|poke|p1|Torkoal, F|
|poke|p1|Mimikyu, M|
|poke|p1|Hatterene, F|
|poke|p1|Snorlax, M|
|poke|p1|Donphan, L1, M|
|poke|p2|Clefable, F|
|poke|p2|Dondozo, M|
|poke|p2|Blissey, F|
|poke|p2|Clodsire, M|
|poke|p2|Corviknight, M|
|poke|p2|Gliscor, F|
|teampreview
|
|t:|1760363755
|teamsize|p1|6
|teamsize|p2|6
|start
|switch|p1a: Donphan|Donphan, L1, M, shiny|100/100
|switch|p2a: Clefable|Clefable, F|100/100
|turn|1
|
|t:|1760363762
|move|p2a: Clefable|Stealth Rock|p1a: Donphan
|-sidestart|p1: Shabooya1|move: Stealth Rock
|move|p1a: Donphan|Endeavor|p2a: Clefable
|-damage|p2a: Clefable|4/100
|
|-heal|p2a: Clefable|10/100|[from] item: Leftovers
|upkeep
|turn|2
|
|t:|1760363769
|move|p2a: Clefable|Knock Off|p1a: Donphan
|-ability|p1a: Donphan|Sturdy
|-damage|p1a: Donphan|8/100
|-enditem|p1a: Donphan|Shell Bell|[from] move: Knock Off|[of] p2a: Clefable
|move|p1a: Donphan|Endeavor|p2a: Clefable
|-damage|p2a: Clefable|1/100
|
|-heal|p2a: Clefable|7/100|[from] item: Leftovers
|upkeep
|turn|3
|
|t:|1760363779
|move|p1a: Donphan|Ice Shard|p2a: Clefable
|-damage|p2a: Clefable|7/100
|move|p2a: Clefable|Knock Off|p1a: Donphan
|-damage|p1a: Donphan|0 fnt
|faint|p1a: Donphan
|
|-heal|p2a: Clefable|13/100|[from] item: Leftovers
|upkeep
|
|t:|1760363781
|switch|p1a: Hatterene|Hatterene, F, shiny|100/100
|-damage|p1a: Hatterene|88/100|[from] Stealth Rock
|turn|4
|
|t:|1760363787
|move|p2a: Clefable|Moonlight|p2a: Clefable
|-heal|p2a: Clefable|63/100
|move|p1a: Hatterene|Trick Room|p1a: Hatterene
|-fieldstart|move: Trick Room|[of] p1a: Hatterene
|
|-heal|p2a: Clefable|69/100|[from] item: Leftovers
|upkeep
|turn|5
|
|t:|1760363791
|move|p1a: Hatterene|Misty Explosion|p2a: Clefable
|-damage|p2a: Clefable|17/100
|faint|p1a: Hatterene
|move|p2a: Clefable|Knock Off|p1: Hatterene|[notarget]
|-fail|p2a: Clefable
|
|-heal|p2a: Clefable|23/100|[from] item: Leftovers
|upkeep
|
|t:|1760363794
|switch|p1a: EZAF|Torkoal, F, shiny|100/100
|-damage|p1a: EZAF|76/100|[from] Stealth Rock
|-weather|SunnyDay|[from] ability: Drought|[of] p1a: EZAF
|turn|6
|
|t:|1760363799
|switch|p2a: Blissey|Blissey, F|100/100
|-terastallize|p1a: EZAF|Fire
|move|p1a: EZAF|Eruption|p2a: Blissey
|-damage|p2a: Blissey|59/100
|
|-weather|SunnyDay|[upkeep]
|upkeep
|turn|7
|
|t:|1760363804
|switch|p1a: Hit me|Mimikyu, M, shiny|100/100
|-damage|p1a: Hit me|88/100|[from] Stealth Rock
|move|p2a: Blissey|Soft-Boiled|p2a: Blissey
|-heal|p2a: Blissey|100/100
|
|-weather|SunnyDay|[upkeep]
|upkeep
|turn|8
|
|t:|1760363810
|switch|p2a: Dondozo|Dondozo, M|100/100
|move|p1a: Hit me|Play Rough|p2a: Dondozo|[miss]
|-miss|p1a: Hit me|p2a: Dondozo
|
|-weather|SunnyDay|[upkeep]
|-fieldend|move: Trick Room
|upkeep
|turn|9
|l|☆Shabooya1
|player|p1|
|inactive|Battle timer is ON: inactive players will automatically lose when time's up. (requested by stallincorporated)
|inactive|Shabooya1 has 30 seconds to reconnect!
|inactive|Shabooya1 has 20 seconds to reconnect!
|inactive|Shabooya1 has 15 seconds to reconnect!
|inactive|Shabooya1 has 10 seconds to reconnect!
|inactive|Shabooya1 has 5 seconds to reconnect!
|-message|Shabooya1 lost due to inactivity.
|
|win|stallincorporated
|raw|Shabooya1's rating: 1433 &rarr; <strong>1415</strong><br />(-18 for losing)
|raw|stallincorporated's rating: 1466 &rarr; <strong>1484</strong><br />(+18 for winning)
|l|☆stallincorporated
|player|p2|
