|j|☆Home is Wild
|j|☆leezee-yy
|t:|1760407378
|gametype|singles
|player|p1|Home is Wild|102|1703
|player|p2|leezee-yy|steven|1734
|gen|9
|tier|[Gen 9] OU
|rated|
|rule|HP Percentage Mod: HP is shown in percentages
|rule|Endless Battle Clause: Forcing endless battles is banned
|rule|Species Clause: Limit one of each Pokémon
|rule|OHKO Clause: OHKO moves are banned
|rule|Evasion Items Clause: Evasion items are banned
|rule|Evasion Moves Clause: Evasion moves are banned
|rule|Evasion Abilities Clause: Evasion abilities are banned
|rule|Sleep Moves Clause: Sleep-inducing moves are banned
|clearpoke
|poke|p1|Gliscor, M|
|poke|p1|Ogerpon, F|
|poke|p1|Dragonite, F|
|poke|p1|Gholdengo|
|poke|p1|Clefable, M|
|poke|p1|Slither Wing|
|poke|p2|Iron Treads|
|poke|p2|Samurott-Hisui, F|
|poke|p2|Meowscarada, F|
|poke|p2|Zapdos|
|poke|p2|Metagross|
|poke|p2|Tyranitar, F|
|teampreview
|inactive|Battle timer is ON: inactive players will automatically lose when time's up. (requested by leezee-yy)
|
|t:|1760407392
|teamsize|p1|6
|teamsize|p2|6
|start
|switch|p1a: Clefable|Clefable, M|100/100
|switch|p2a: Iron Treads|Iron Treads|100/100
|-item|p2a: Iron Treads|Air Balloon
|turn|1
|
|t:|1760407400
|move|p2a: Iron Treads|Stealth Rock|p1a: Clefable
|-sidestart|p1: Home is Wild|move: Stealth Rock
|move|p1a: Clefable|Moonblast|p2a: Iron Treads
|-resisted|p2a: Iron Treads
|-damage|p2a: Iron Treads|79/100
|-enditem|p2a: Iron Treads|Air Balloon
|
|upkeep
|turn|2
|
|t:|1760407408
|-end|p2a: Iron Treads|Quark Drive|[silent]
|switch|p2a: Metagross|Metagross, shiny|100/100
|move|p1a: Clefable|Stealth Rock|p2a: Metagross
|-sidestart|p2: leezee-yy|move: Stealth Rock
|
|upkeep
|turn|3
|
|t:|1760407413
|switch|p1a: Slither Wing|Slither Wing|100/100
|move|p2a: Metagross|Knock Off|p1a: Slither Wing
|-resisted|p1a: Slither Wing
|-damage|p1a: Slither Wing|86/100
|-enditem|p1a: Slither Wing|Heavy-Duty Boots|[from] move: Knock Off|[of] p2a: Metagross
|
|upkeep
|turn|4
|j| blabab
|
|t:|1760407420
|switch|p2a: Zapdos|Zapdos|100/100
|-damage|p2a: Zapdos|75/100|[from] Stealth Rock
|move|p1a: Slither Wing|Will-O-Wisp|p2a: Zapdos|[miss]
|-miss|p1a: Slither Wing|p2a: Zapdos
|
|upkeep
|turn|5
|
|t:|1760407425
|-end|p1a: Slither Wing|Protosynthesis|[silent]
|switch|p1a: Gholdengo|Gholdengo|100/100
|-damage|p1a: Gholdengo|94/100|[from] Stealth Rock
|-item|p1a: Gholdengo|Air Balloon
|move|p2a: Zapdos|U-turn|p1a: Gholdengo
|-resisted|p1a: Gholdengo
|-damage|p1a: Gholdengo|92/100
|-enditem|p1a: Gholdengo|Air Balloon
|l| blabab
|
|t:|1760407439
|switch|p2a: Tyranitar|Tyranitar, F|100/100|[from] U-turn
|-damage|p2a: Tyranitar|88/100|[from] Stealth Rock
|-weather|Sandstorm|[from] ability: Sand Stream|[of] p2a: Tyranitar
|
|-weather|Sandstorm|[upkeep]
|upkeep
|turn|6
|
|t:|1760407449
|switch|p1a: Clefable|Clefable, M|100/100
|move|p2a: Tyranitar|Fire Blast|p1a: Clefable
|-damage|p1a: Clefable|72/100
|-status|p1a: Clefable|brn
|
|-weather|Sandstorm|[upkeep]
|upkeep
|turn|7
|
|t:|1760407457
|switch|p2a: Metagross|Metagross, shiny|100/100
|-damage|p2a: Metagross|94/100|[from] Stealth Rock
|move|p1a: Clefable|Moonblast|p2a: Metagross
|-resisted|p2a: Metagross
|-crit|p2a: Metagross
|-damage|p2a: Metagross|71/100
|
|-weather|Sandstorm|[upkeep]
|-heal|p2a: Metagross|77/100|[from] item: Leftovers
|upkeep
|turn|8
|
|t:|1760407463
|switch|p1a: Slither Wing|Slither Wing|86/100
|-damage|p1a: Slither Wing|73/100|[from] Stealth Rock
|move|p2a: Metagross|Knock Off|p1a: Slither Wing
|-resisted|p1a: Slither Wing
|-damage|p1a: Slither Wing|64/100
|
|-weather|Sandstorm|[upkeep]
|-damage|p1a: Slither Wing|58/100|[from] Sandstorm
|-heal|p2a: Metagross|83/100|[from] item: Leftovers
|upkeep
|turn|9
|
|t:|1760407471
|switch|p2a: Zapdos|Zapdos|75/100
|-damage|p2a: Zapdos|50/100|[from] Stealth Rock
|move|p1a: Slither Wing|Will-O-Wisp|p2a: Zapdos
|-status|p2a: Zapdos|brn
|
|-weather|none
|-damage|p2a: Zapdos|44/100 brn|[from] brn
|upkeep
|turn|10
|
|t:|1760407474
|-end|p1a: Slither Wing|Protosynthesis|[silent]
|switch|p1a: Gliscor|Gliscor, M|100/100
|-damage|p1a: Gliscor|88/100|[from] Stealth Rock
|move|p2a: Zapdos|Roost|p2a: Zapdos
|-heal|p2a: Zapdos|94/100 brn
|-singleturn|p2a: Zapdos|move: Roost
|
|-damage|p2a: Zapdos|88/100 brn|[from] brn
|-status|p1a: Gliscor|tox|[from] item: Toxic Orb
|upkeep
|turn|11
|
|t:|1760407477
|move|p1a: Gliscor|Swords Dance|p1a: Gliscor
|-boost|p1a: Gliscor|atk|2
|move|p2a: Zapdos|U-turn|p1a: Gliscor
|-resisted|p1a: Gliscor
|-damage|p1a: Gliscor|85/100 tox
|
|t:|1760407479
|switch|p2a: Iron Treads|Iron Treads|79/100|[from] U-turn
|-damage|p2a: Iron Treads|75/100|[from] Stealth Rock
|
|-heal|p1a: Gliscor|97/100 tox|[from] ability: Poison Heal
|upkeep
|turn|12
|
|t:|1760407483
|move|p1a: Gliscor|Protect|p1a: Gliscor
|-singleturn|p1a: Gliscor|Protect
|move|p2a: Iron Treads|Ice Spinner|p1a: Gliscor
|-activate|p1a: Gliscor|move: Protect
|
|-heal|p1a: Gliscor|100/100 tox|[from] ability: Poison Heal
|upkeep
|turn|13
|
|t:|1760407486
|move|p2a: Iron Treads|Rapid Spin|p1a: Gliscor
|-crit|p1a: Gliscor
|-damage|p1a: Gliscor|81/100 tox
|-boost|p2a: Iron Treads|spe|1
|-sideend|p2: leezee-yy|Stealth Rock|[from] move: Rapid Spin|[of] p2a: Iron Treads
|move|p1a: Gliscor|Earthquake|p2a: Iron Treads
|-supereffective|p2a: Iron Treads
|-damage|p2a: Iron Treads|0 fnt
|faint|p2a: Iron Treads
|-end|p2a: Iron Treads|Quark Drive|[silent]
|
|-heal|p1a: Gliscor|93/100 tox|[from] ability: Poison Heal
|upkeep
|
|t:|1760407503
|switch|p2a: Samurott|Samurott-Hisui, F|100/100
|turn|14
|
|t:|1760407506
|move|p1a: Gliscor|Protect|p1a: Gliscor
|-singleturn|p1a: Gliscor|Protect
|move|p2a: Samurott|Aqua Cutter|p1a: Gliscor
|-activate|p1a: Gliscor|move: Protect
|
|-heal|p1a: Gliscor|100/100 tox|[from] ability: Poison Heal
|upkeep
|turn|15
|
|t:|1760407526
|switch|p1a: Clefable|Clefable, M|72/100 brn
|move|p2a: Samurott|Ceaseless Edge|p1a: Clefable
|-resisted|p1a: Clefable
|-damage|p1a: Clefable|49/100 brn
|-sidestart|p1: Home is Wild|Spikes
|
|upkeep
|turn|16
|
|t:|1760407536
|move|p2a: Samurott|Aqua Cutter|p1a: Clefable
|-damage|p1a: Clefable|11/100 brn
|move|p1a: Clefable|Moonlight|p1a: Clefable
|-heal|p1a: Clefable|61/100 brn
|
|upkeep
|turn|17
|
|t:|1760407541
|switch|p2a: Metagross|Metagross, shiny|83/100
|move|p1a: Clefable|Stealth Rock|p2a: Metagross
|-sidestart|p2: leezee-yy|move: Stealth Rock
|
|-heal|p2a: Metagross|89/100|[from] item: Leftovers
|upkeep
|turn|18
|
|t:|1760407549
|switch|p1a: Gliscor|Gliscor, M|100/100 tox
|-damage|p1a: Gliscor|88/100 tox|[from] Stealth Rock
|move|p2a: Metagross|Psychic Fangs|p1a: Gliscor
|-damage|p1a: Gliscor|45/100 tox
|
|-heal|p2a: Metagross|95/100|[from] item: Leftovers
|-heal|p1a: Gliscor|58/100 tox|[from] ability: Poison Heal
|upkeep
|turn|19
|
|t:|1760407553
|move|p1a: Gliscor|Earthquake|p2a: Metagross
|-supereffective|p2a: Metagross
|-damage|p2a: Metagross|46/100
|move|p2a: Metagross|Ice Punch|p1a: Gliscor
|-supereffective|p1a: Gliscor
|-damage|p1a: Gliscor|0 fnt
|faint|p1a: Gliscor
|
|-heal|p2a: Metagross|52/100|[from] item: Leftovers
|upkeep
|
|t:|1760407557
|switch|p1a: Ogerpon|Ogerpon, F|100/100
|turn|20
|
|t:|1760407561
|move|p1a: Ogerpon|Knock Off|p2a: Metagross
|-supereffective|p2a: Metagross
|-damage|p2a: Metagross|4/100
|-enditem|p2a: Metagross|Leftovers|[from] move: Knock Off|[of] p1a: Ogerpon
|move|p2a: Metagross|Knock Off|p1a: Ogerpon
|-crit|p1a: Ogerpon
|-damage|p1a: Ogerpon|31/100
|-enditem|p1a: Ogerpon|Heavy-Duty Boots|[from] move: Knock Off|[of] p2a: Metagross
|
|upkeep
|turn|21
|
|t:|1760407569
|move|p2a: Metagross|Bullet Punch|p1a: Ogerpon
|-damage|p1a: Ogerpon|0 fnt
|faint|p1a: Ogerpon
|
|upkeep
|
|t:|1760407572
|switch|p1a: Dragonite|Dragonite, F|100/100
|turn|22
|j| fffggghhhh
|
|t:|1760407575
|move|p2a: Metagross|Bullet Punch|p1a: Dragonite
|-damage|p1a: Dragonite|87/100
|move|p1a: Dragonite|Earthquake|p2a: Metagross
|-supereffective|p2a: Metagross
|-damage|p2a: Metagross|0 fnt
|faint|p2a: Metagross
|
|upkeep
|
|t:|1760407584
|switch|p2a: Samurott|Samurott-Hisui, F|100/100
|-damage|p2a: Samurott|88/100|[from] Stealth Rock
|turn|23
|
|t:|1760407589
|move|p1a: Dragonite|Earthquake|p2a: Samurott
|-damage|p2a: Samurott|50/100
|move|p2a: Samurott|Ceaseless Edge|p1a: Dragonite
|-damage|p1a: Dragonite|21/100
|-sidestart|p1: Home is Wild|Spikes
|
|upkeep
|turn|24
|
|t:|1760407595
|move|p1a: Dragonite|Earthquake|p2a: Samurott
|-damage|p2a: Samurott|11/100
|move|p2a: Samurott|Ceaseless Edge|p1a: Dragonite
|-damage|p1a: Dragonite|0 fnt
|-sidestart|p1: Home is Wild|Spikes
|faint|p1a: Dragonite
|
|upkeep
|
|t:|1760407598
|switch|p1a: Clefable|Clefable, M|61/100 brn
|turn|25
|
|t:|1760407602
|move|p2a: Samurott|Aqua Cutter|p1a: Clefable
|-damage|p1a: Clefable|22/100 brn
|move|p1a: Clefable|Moonlight|p1a: Clefable
|-heal|p1a: Clefable|72/100 brn
|
|upkeep
|turn|26
|
|t:|1760407606
|move|p2a: Samurott|Aqua Cutter|p1a: Clefable
|-damage|p1a: Clefable|34/100 brn
|move|p1a: Clefable|Moonlight|p1a: Clefable
|-heal|p1a: Clefable|84/100 brn
|
|upkeep
|turn|27
|
|t:|1760407611
|move|p2a: Samurott|Aqua Cutter|p1a: Clefable
|-damage|p1a: Clefable|43/100 brn
|move|p1a: Clefable|Moonlight|p1a: Clefable
|-heal|p1a: Clefable|93/100 brn
|
|upkeep
|turn|28
|
|t:|1760407616
|move|p2a: Samurott|Aqua Cutter|p1a: Clefable
|-damage|p1a: Clefable|52/100 brn
|move|p1a: Clefable|Moonblast|p2a: Samurott
|-supereffective|p2a: Samurott
|-damage|p2a: Samurott|0 fnt
|faint|p2a: Samurott
|
|upkeep
|
|t:|1760407621
|switch|p2a: Meowscarada|Meowscarada, F|100/100
|-damage|p2a: Meowscarada|88/100|[from] Stealth Rock
|turn|29
|
|t:|1760407624
|move|p2a: Meowscarada|Flower Trick|p1a: Clefable
|-start|p2a: Meowscarada|typechange|Grass|[from] ability: Protean
|-crit|p1a: Clefable
|-damage|p1a: Clefable|0 fnt
|faint|p1a: Clefable
|
|upkeep
|
|t:|1760407628
|switch|p1a: Slither Wing|Slither Wing|58/100
|-damage|p1a: Slither Wing|45/100|[from] Stealth Rock
|-damage|p1a: Slither Wing|20/100|[from] Spikes
|turn|30
|
|t:|1760407631
|switch|p2a: Zapdos|Zapdos|88/100 brn
|-damage|p2a: Zapdos|63/100 brn|[from] Stealth Rock
|move|p1a: Slither Wing|Morning Sun|p1a: Slither Wing
|-heal|p1a: Slither Wing|70/100
|
|-damage|p2a: Zapdos|57/100 brn|[from] brn
|upkeep
|turn|31
|j| theviolator3000
|
|t:|1760407636
|-end|p1a: Slither Wing|Protosynthesis|[silent]
|switch|p1a: Gholdengo|Gholdengo|92/100
|-damage|p1a: Gholdengo|86/100|[from] Stealth Rock
|-damage|p1a: Gholdengo|61/100|[from] Spikes
|move|p2a: Zapdos|Roost|p2a: Zapdos
|-heal|p2a: Zapdos|100/100 brn
|-singleturn|p2a: Zapdos|move: Roost
|
|-damage|p2a: Zapdos|94/100 brn|[from] brn
|upkeep
|turn|32
|
|t:|1760407638
|move|p1a: Gholdengo|Recover|p1a: Gholdengo
|-heal|p1a: Gholdengo|100/100
|move|p2a: Zapdos|Heat Wave|p1a: Gholdengo
|-supereffective|p1a: Gholdengo
|-damage|p1a: Gholdengo|49/100
|
|-damage|p2a: Zapdos|88/100 brn|[from] brn
|upkeep
|turn|33
|
|t:|1760407644
|move|p1a: Gholdengo|Recover|p1a: Gholdengo
|-heal|p1a: Gholdengo|99/100
|move|p2a: Zapdos|Heat Wave|p1a: Gholdengo
|-supereffective|p1a: Gholdengo
|-damage|p1a: Gholdengo|46/100
|
|-damage|p2a: Zapdos|82/100 brn|[from] brn
|upkeep
|turn|34
|
|t:|1760407647
|move|p1a: Gholdengo|Recover|p1a: Gholdengo
|-heal|p1a: Gholdengo|96/100
|move|p2a: Zapdos|Heat Wave|p1a: Gholdengo
|-supereffective|p1a: Gholdengo
|-damage|p1a: Gholdengo|43/100
|
|-damage|p2a: Zapdos|75/100 brn|[from] brn
|upkeep
|turn|35
|
|t:|1760407649
|move|p1a: Gholdengo|Recover|p1a: Gholdengo
|-heal|p1a: Gholdengo|93/100
|move|p2a: Zapdos|Heat Wave|p1a: Gholdengo
|-supereffective|p1a: Gholdengo
|-damage|p1a: Gholdengo|40/100
|
|-damage|p2a: Zapdos|69/100 brn|[from] brn
|upkeep
|turn|36
|
|t:|1760407652
|move|p1a: Gholdengo|Recover|p1a: Gholdengo
|-heal|p1a: Gholdengo|90/100
|move|p2a: Zapdos|Heat Wave|p1a: Gholdengo
|-supereffective|p1a: Gholdengo
|-damage|p1a: Gholdengo|36/100
|
|-damage|p2a: Zapdos|63/100 brn|[from] brn
|upkeep
|turn|37
|
|t:|1760407654
|move|p1a: Gholdengo|Recover|p1a: Gholdengo
|-heal|p1a: Gholdengo|86/100
|move|p2a: Zapdos|Heat Wave|p1a: Gholdengo
|-supereffective|p1a: Gholdengo
|-damage|p1a: Gholdengo|32/100
|-status|p1a: Gholdengo|brn
|
|-damage|p1a: Gholdengo|26/100 brn|[from] brn
|-damage|p2a: Zapdos|57/100 brn|[from] brn
|upkeep
|turn|38
|
|t:|1760407657
|move|p1a: Gholdengo|Hex|p2a: Zapdos
|-damage|p2a: Zapdos|4/100 brn
|move|p2a: Zapdos|Discharge|p1a: Gholdengo
|-damage|p1a: Gholdengo|0 fnt
|faint|p1a: Gholdengo
|
|-damage|p2a: Zapdos|0 fnt|[from] brn
|faint|p2a: Zapdos
|upkeep
|
|t:|1760407661
|switch|p1a: Slither Wing|Slither Wing|70/100
|switch|p2a: Tyranitar|Tyranitar, F|88/100
|-damage|p2a: Tyranitar|76/100|[from] Stealth Rock
|-weather|Sandstorm|[from] ability: Sand Stream|[of] p2a: Tyranitar
|-damage|p1a: Slither Wing|58/100|[from] Stealth Rock
|-damage|p1a: Slither Wing|33/100|[from] Spikes
|turn|39
|
|t:|1760407664
|-terastallize|p2a: Tyranitar|Flying
|move|p1a: Slither Wing|First Impression|p2a: Tyranitar
|-resisted|p2a: Tyranitar
|-damage|p2a: Tyranitar|59/100
|move|p2a: Tyranitar|Power Gem|p1a: Slither Wing
|-damage|p1a: Slither Wing|1/100
|
|-weather|Sandstorm|[upkeep]
|-damage|p2a: Tyranitar|53/100|[from] Sandstorm
|-damage|p1a: Slither Wing|0 fnt|[from] Sandstorm
|faint|p1a: Slither Wing
|-end|p1a: Slither Wing|Protosynthesis|[silent]
|
|win|leezee-yy
|raw|Home is Wild's rating: 1703 &rarr; <strong>1685</strong><br />(-18 for losing)
|raw|leezee-yy's rating: 1734 &rarr; <strong>1752</strong><br />(+18 for winning)
|l|☆Home is Wild
|player|p1|
|l|☆leezee-yy
|player|p2|
|l| theviolator3000
