|j|☆agargut2
|j|☆nelin
|t:|1760436463
|gametype|singles
|player|p1|agargut2|169|1135
|player|p2|nelin|marlon|1094
|gen|9
|tier|[Gen 9] OU
|rated|
|rule|HP Percentage Mod: HP is shown in percentages
|rule|Endless Battle Clause: Forcing endless battles is banned
|rule|Species Clause: Limit one of each Pokémon
|rule|OHKO Clause: OHKO moves are banned
|rule|Evasion Items Clause: Evasion items are banned
|rule|Evasion Moves Clause: Evasion moves are banned
|rule|Evasion Abilities Clause: Evasion abilities are banned
|rule|Sleep Moves Clause: Sleep-inducing moves are banned
|clearpoke
|poke|p1|Pelipper, M|
|poke|p1|Barraskewda, M|
|poke|p1|Kingdra, M|
|poke|p1|Jolteon, M|
|poke|p1|Clodsire, F|
|poke|p1|Zamazenta-*|
|poke|p2|Toxapex, F|
|poke|p2|Politoed, F|
|poke|p2|Venusaur, M|
|poke|p2|Greninja-*, M|
|poke|p2|Quagsire, F|
|poke|p2|Toxicroak, F|
|teampreview
|inactive|Battle timer is ON: inactive players will automatically lose when time's up. (requested by nelin)
|
|t:|1760436477
|teamsize|p1|6
|teamsize|p2|6
|start
|switch|p1a: Jolteon|Jolteon, M|100/100
|switch|p2a: Golf Sapão|Venusaur, M|100/100
|turn|1
|
|t:|1760436484
|switch|p1a: Pelipper|Pelipper, M|100/100
|-weather|RainDance|[from] ability: Drizzle|[of] p1a: Pelipper
|move|p2a: Golf Sapão|Leech Seed|p1a: Pelipper
|-start|p1a: Pelipper|move: Leech Seed
|
|-weather|RainDance|[upkeep]
|-damage|p1a: Pelipper|88/100|[from] Leech Seed|[of] p2a: Golf Sapão
|upkeep
|turn|2
|
|t:|1760436511
|switch|p2a: Toxapex|Toxapex, F|100/100
|switch|p1a: Kingdra|Kingdra, M|100/100
|
|-weather|RainDance|[upkeep]
|upkeep
|turn|3
|
|t:|1760436521
|move|p1a: Kingdra|Hydro Pump|p2a: Toxapex
|-resisted|p2a: Toxapex
|-damage|p2a: Toxapex|58/100
|-damage|p1a: Kingdra|91/100|[from] item: Life Orb
|move|p2a: Toxapex|Toxic|p1a: Kingdra
|-status|p1a: Kingdra|tox
|
|-weather|RainDance|[upkeep]
|-heal|p2a: Toxapex|64/100|[from] item: Black Sludge
|-damage|p1a: Kingdra|84/100 tox|[from] psn
|upkeep
|turn|4
|
|t:|1760436533
|switch|p1a: Zamazenta|Zamazenta|100/100
|-ability|p1a: Zamazenta|Dauntless Shield|boost
|-boost|p1a: Zamazenta|def|1
|move|p2a: Toxapex|Recover|p2a: Toxapex
|-heal|p2a: Toxapex|100/100
|
|-weather|RainDance|[upkeep]
|upkeep
|turn|5
|
|t:|1760436544
|move|p1a: Zamazenta|Iron Defense|p1a: Zamazenta
|-boost|p1a: Zamazenta|def|2
|move|p2a: Toxapex|Toxic|p1a: Zamazenta
|-status|p1a: Zamazenta|tox
|
|-weather|RainDance|[upkeep]
|-damage|p1a: Zamazenta|94/100 tox|[from] psn
|upkeep
|turn|6
|-message|agargut2 forfeited.
|
|win|nelin
|raw|agargut2's rating: 1135 &rarr; <strong>1107</strong><br />(-28 for losing)
|raw|nelin's rating: 1094 &rarr; <strong>1123</strong><br />(+29 for winning)
|l|☆agargut2
|player|p1|
|l|☆nelin
|player|p2|
