|j|☆DIGIWAYNE123
|j|☆No stall for you
|t:|1760360849
|gametype|singles
|player|p1|DIGIWAYNE123|swimmerf-gen4|1514
|player|p2|No stall for you|266|1539
|gen|9
|tier|[Gen 9] OU
|rated|
|rule|HP Percentage Mod: HP is shown in percentages
|rule|Endless Battle Clause: Forcing endless battles is banned
|rule|Species Clause: Limit one of each Pokémon
|rule|OHKO Clause: OHKO moves are banned
|rule|Evasion Items Clause: Evasion items are banned
|rule|Evasion Moves Clause: Evasion moves are banned
|rule|Evasion Abilities Clause: Evasion abilities are banned
|rule|Sleep Moves Clause: Sleep-inducing moves are banned
|clearpoke
|poke|p1|Armarouge, M|
|poke|p1|Indeedee, M|
|poke|p1|Great Tusk|
|poke|p1|Hoopa-Unbound|
|poke|p1|Scream Tail|
|poke|p1|Drednaw, M|
|poke|p2|Corviknight, M|
|poke|p2|Ogerpon-Wellspring, F|
|poke|p2|Enamorus, F|
|poke|p2|Great Tusk|
|poke|p2|Slowking-Galar, M|
|poke|p2|Zamazenta-*|
|teampreview
|c|☆No stall for you|Gl hf
|inactive|Battle timer is ON: inactive players will automatically lose when time's up. (requested by DIGIWAYNE123)
|c|☆DIGIWAYNE123|hi
|
|t:|1760360876
|teamsize|p1|6
|teamsize|p2|6
|start
|switch|p1a: Scream Tail|Scream Tail|100/100
|switch|p2a: Ogerpon|Ogerpon-Wellspring, F|100/100
|-enditem|p1a: Scream Tail|Booster Energy
|-activate|p1a: Scream Tail|ability: Protosynthesis|[fromitem]
|-start|p1a: Scream Tail|protosynthesisspe
|turn|1
|inactive|No stall for you has 120 seconds left.
|
|t:|1760360913
|switch|p2a: Slowking|Slowking-Galar, M|100/100
|move|p1a: Scream Tail|Stealth Rock|p2a: Slowking
|-sidestart|p2: No stall for you|move: Stealth Rock
|
|upkeep
|turn|2
|j| petertheatre
|inactive|No stall for you has 120 seconds left.
|
|t:|1760360922
|move|p1a: Scream Tail|Thunder Wave|p2a: Slowking
|-status|p2a: Slowking|par
|move|p2a: Slowking|Future Sight|p1a: Scream Tail
|-start|p2a: Slowking|move: Future Sight
|
|upkeep
|turn|3
|inactive|No stall for you has 120 seconds left.
|
|t:|1760360944
|move|p1a: Scream Tail|Wish|p1a: Scream Tail
|move|p2a: Slowking|Sludge Bomb|p1a: Scream Tail
|-supereffective|p1a: Scream Tail
|-damage|p1a: Scream Tail|50/100
|
|upkeep
|turn|4
|inactive|No stall for you has 90 seconds left.
|
|t:|1760360983
|-end|p1a: Scream Tail|Protosynthesis|[silent]
|switch|p1a: Hoopa|Hoopa-Unbound|100/100
|cant|p2a: Slowking|par
|
|-end|p1a: Hoopa|move: Future Sight
|-immune|p1a: Hoopa
|upkeep
|turn|5
|inactive|No stall for you has 90 seconds left.
|
|t:|1760360994
|switch|p2a: Corviknight|Corviknight, M|100/100
|-damage|p2a: Corviknight|88/100|[from] Stealth Rock
|-ability|p2a: Corviknight|Pressure
|move|p1a: Hoopa|Psyshock|p2a: Corviknight
|-resisted|p2a: Corviknight
|-damage|p2a: Corviknight|72/100
|
|upkeep
|turn|6
|inactive|No stall for you has 90 seconds left.
|
|t:|1760361002
|move|p1a: Hoopa|Thunderbolt|p2a: Corviknight
|-supereffective|p2a: Corviknight
|-damage|p2a: Corviknight|0 fnt
|faint|p2a: Corviknight
|
|upkeep
|inactive|No stall for you has 90 seconds left.
|
|t:|1760361008
|switch|p2a: Ogerpon|Ogerpon-Wellspring, F|100/100
|-damage|p2a: Ogerpon|88/100|[from] Stealth Rock
|turn|7
|
|t:|1760361012
|switch|p1a: Scream Tail|Scream Tail|50/100
|move|p2a: Ogerpon|U-turn|p1a: Scream Tail
|-damage|p1a: Scream Tail|29/100
|
|t:|1760361020
|switch|p2a: Zamazenta|Zamazenta|100/100|[from] U-turn
|-damage|p2a: Zamazenta|94/100|[from] Stealth Rock
|-ability|p2a: Zamazenta|Dauntless Shield|boost
|-boost|p2a: Zamazenta|def|1
|
|upkeep
|turn|8
|
|t:|1760361025
|move|p2a: Zamazenta|Heavy Slam|p1a: Scream Tail
|-supereffective|p1a: Scream Tail
|-damage|p1a: Scream Tail|0 fnt
|faint|p1a: Scream Tail
|-end|p1a: Scream Tail|Protosynthesis|[silent]
|-damage|p2a: Zamazenta|84/100|[from] item: Life Orb
|
|upkeep
|
|t:|1760361029
|switch|p1a: Indeedee|Indeedee, M|100/100
|-fieldstart|move: Psychic Terrain|[from] ability: Psychic Surge|[of] p1a: Indeedee
|turn|9
|
|t:|1760361038
|switch|p2a: Slowking|Slowking-Galar, M|100/100 par
|-damage|p2a: Slowking|88/100 par|[from] Stealth Rock
|switch|p1a: Great Tusk|Great Tusk|100/100
|-enditem|p1a: Great Tusk|Booster Energy
|-activate|p1a: Great Tusk|ability: Protosynthesis|[fromitem]
|-start|p1a: Great Tusk|protosynthesisspe
|
|upkeep
|turn|10
|inactive|No stall for you has 120 seconds left.
|
|t:|1760361056
|-end|p1a: Great Tusk|Protosynthesis|[silent]
|switch|p1a: Hoopa|Hoopa-Unbound|100/100
|switch|p2a: Great Tusk|Great Tusk|100/100
|-damage|p2a: Great Tusk|98/100|[from] Stealth Rock
|
|-heal|p2a: Great Tusk|100/100|[from] item: Leftovers
|upkeep
|turn|11
|
|t:|1760361071
|move|p2a: Great Tusk|Rapid Spin|p1a: Hoopa
|-damage|p1a: Hoopa|80/100
|-boost|p2a: Great Tusk|spe|1
|-sideend|p2: No stall for you|Stealth Rock|[from] move: Rapid Spin|[of] p2a: Great Tusk
|move|p1a: Hoopa|Psyshock|p2a: Great Tusk
|-supereffective|p2a: Great Tusk
|-damage|p2a: Great Tusk|2/100
|
|-heal|p2a: Great Tusk|8/100|[from] item: Leftovers
|upkeep
|turn|12
|
|t:|1760361084
|switch|p1a: Great Tusk|Great Tusk|100/100
|move|p2a: Great Tusk|Headlong Rush|p1a: Great Tusk
|-damage|p1a: Great Tusk|65/100
|-unboost|p2a: Great Tusk|def|1
|-unboost|p2a: Great Tusk|spd|1
|
|-heal|p2a: Great Tusk|14/100|[from] item: Leftovers
|upkeep
|turn|13
|
|t:|1760361106
|move|p2a: Great Tusk|Stealth Rock|p1a: Great Tusk
|-sidestart|p1: DIGIWAYNE123|move: Stealth Rock
|move|p1a: Great Tusk|Knock Off|p2a: Great Tusk
|-resisted|p2a: Great Tusk
|-damage|p2a: Great Tusk|1/100
|-enditem|p2a: Great Tusk|Leftovers|[from] move: Knock Off|[of] p1a: Great Tusk
|
|upkeep
|turn|14
|j| Elphix
|inactive|No stall for you has 90 seconds left.
|
|t:|1760361137
|-terastallize|p2a: Great Tusk|Ghost
|move|p2a: Great Tusk|Headlong Rush|p1a: Great Tusk
|-damage|p1a: Great Tusk|33/100
|-unboost|p2a: Great Tusk|def|1
|-unboost|p2a: Great Tusk|spd|1
|move|p1a: Great Tusk|Rapid Spin|p2a: Great Tusk
|-immune|p2a: Great Tusk
|
|upkeep
|turn|15
|
|t:|1760361155
|-end|p1a: Great Tusk|Protosynthesis|[silent]
|switch|p1a: Hoopa|Hoopa-Unbound|80/100
|-damage|p1a: Hoopa|68/100|[from] Stealth Rock
|move|p2a: Great Tusk|Headlong Rush|p1a: Hoopa
|-damage|p1a: Hoopa|0 fnt
|-unboost|p2a: Great Tusk|def|1
|-unboost|p2a: Great Tusk|spd|1
|faint|p1a: Hoopa
|
|upkeep
|
|t:|1760361165
|switch|p1a: Armarouge|Armarouge, M|100/100
|-damage|p1a: Armarouge|75/100|[from] Stealth Rock
|turn|16
|inactive|No stall for you has 90 seconds left.
|
|t:|1760361173
|move|p1a: Armarouge|Endure|p1a: Armarouge
|-singleturn|p1a: Armarouge|move: Endure
|move|p2a: Great Tusk|Headlong Rush|p1a: Armarouge
|-supereffective|p1a: Armarouge
|-activate|p1a: Armarouge|move: Endure
|-damage|p1a: Armarouge|1/100
|-unboost|p2a: Great Tusk|def|1
|-unboost|p2a: Great Tusk|spd|1
|-ability|p1a: Armarouge|Weak Armor|boost
|-unboost|p1a: Armarouge|def|1
|-boost|p1a: Armarouge|spe|2
|
|-fieldend|move: Psychic Terrain
|upkeep
|turn|17
|inactive|No stall for you has 90 seconds left.
|
|t:|1760361191
|move|p1a: Armarouge|Armor Cannon|p2a: Great Tusk
|-damage|p2a: Great Tusk|0 fnt
|-unboost|p1a: Armarouge|def|1
|-unboost|p1a: Armarouge|spd|1
|faint|p2a: Great Tusk
|-end|p2a: Great Tusk|Protosynthesis|[silent]
|
|upkeep
|
|t:|1760361193
|switch|p2a: Slowking|Slowking-Galar, M|100/100 par
|turn|18
|inactive|No stall for you has 90 seconds left.
|
|t:|1760361207
|switch|p1a: Indeedee|Indeedee, M|100/100
|-damage|p1a: Indeedee|88/100|[from] Stealth Rock
|-fieldstart|move: Psychic Terrain|[from] ability: Psychic Surge|[of] p1a: Indeedee
|move|p2a: Slowking|Psychic Noise|p1a: Indeedee
|-resisted|p1a: Indeedee
|-damage|p1a: Indeedee|54/100
|-start|p1a: Indeedee|move: Heal Block
|
|upkeep
|turn|19
|inactive|No stall for you has 90 seconds left.
|
|t:|1760361246
|switch|p2a: Ogerpon|Ogerpon-Wellspring, F|88/100
|move|p1a: Indeedee|Expanding Force|p2a: Ogerpon
|-damage|p2a: Ogerpon|10/100
|
|-end|p1a: Indeedee|move: Heal Block
|upkeep
|turn|20
|
|t:|1760361255
|move|p2a: Ogerpon|Horn Leech|p1a: Indeedee
|-crit|p1a: Indeedee
|-damage|p1a: Indeedee|0 fnt
|-heal|p2a: Ogerpon|34/100|[from] drain|[of] p1a: Indeedee
|faint|p1a: Indeedee
|
|upkeep
|
|t:|1760361258
|switch|p1a: Great Tusk|Great Tusk|33/100
|-damage|p1a: Great Tusk|30/100|[from] Stealth Rock
|turn|21
|
|t:|1760361260
|-terastallize|p1a: Great Tusk|Grass
|move|p2a: Ogerpon|Ivy Cudgel|p1a: Great Tusk|[anim] Ivy Cudgel Water
|-resisted|p1a: Great Tusk
|-damage|p1a: Great Tusk|11/100
|move|p1a: Great Tusk|Rapid Spin|p2a: Ogerpon
|-damage|p2a: Ogerpon|15/100
|-boost|p1a: Great Tusk|spe|1
|-sideend|p1: DIGIWAYNE123|Stealth Rock|[from] move: Rapid Spin|[of] p1a: Great Tusk
|
|upkeep
|turn|22
|
|t:|1760361268
|move|p1a: Great Tusk|Knock Off|p2a: Ogerpon
|-damage|p2a: Ogerpon|0 fnt
|faint|p2a: Ogerpon
|
|upkeep
|
|t:|1760361273
|switch|p2a: Enamorus|Enamorus, F|100/100
|turn|23
|
|t:|1760361278
|move|p2a: Enamorus|Moonblast|p1a: Great Tusk
|-damage|p1a: Great Tusk|0 fnt
|faint|p1a: Great Tusk
|-end|p1a: Great Tusk|Protosynthesis|[silent]
|
|upkeep
|
|t:|1760361281
|switch|p1a: Drednaw|Drednaw, M|100/100
|turn|24
|
|t:|1760361285
|switch|p2a: Slowking|Slowking-Galar, M|100/100 par
|move|p1a: Drednaw|Shell Smash|p1a: Drednaw
|-unboost|p1a: Drednaw|def|1
|-unboost|p1a: Drednaw|spd|1
|-boost|p1a: Drednaw|atk|2
|-boost|p1a: Drednaw|spa|2
|-boost|p1a: Drednaw|spe|2
|
|upkeep
|turn|25
|
|t:|1760361298
|move|p1a: Drednaw|Shell Smash|p1a: Drednaw
|-unboost|p1a: Drednaw|def|1
|-unboost|p1a: Drednaw|spd|1
|-boost|p1a: Drednaw|atk|2
|-boost|p1a: Drednaw|spa|2
|-boost|p1a: Drednaw|spe|2
|move|p2a: Slowking|Psychic Noise|p1a: Drednaw
|-enditem|p1a: Drednaw|Focus Sash
|-damage|p1a: Drednaw|1/100
|-start|p1a: Drednaw|move: Heal Block
|
|-fieldend|move: Psychic Terrain
|upkeep
|turn|26
|c|☆No stall for you|Forgot it had shell smash
|inactive|No stall for you has 120 seconds left.
|
|t:|1760361314
|move|p1a: Drednaw|Earthquake|p2a: Slowking
|-supereffective|p2a: Slowking
|-damage|p2a: Slowking|0 fnt
|faint|p2a: Slowking
|
|-end|p1a: Drednaw|move: Heal Block
|upkeep
|
|t:|1760361316
|switch|p2a: Zamazenta|Zamazenta|84/100
|turn|27
|
|t:|1760361323
|move|p1a: Drednaw|Liquidation|p2a: Zamazenta
|-damage|p2a: Zamazenta|0 fnt
|faint|p2a: Zamazenta
|
|upkeep
|
|t:|1760361325
|switch|p2a: Enamorus|Enamorus, F|100/100
|turn|28
|
|t:|1760361327
|move|p1a: Drednaw|Liquidation|p2a: Enamorus
|-damage|p2a: Enamorus|0 fnt
|faint|p2a: Enamorus
|
|win|DIGIWAYNE123
|raw|DIGIWAYNE123's rating: 1514 &rarr; <strong>1535</strong><br />(+21 for winning)
|raw|No stall for you's rating: 1539 &rarr; <strong>1518</strong><br />(-21 for losing)
|c|☆No stall for you|Gg
|l|☆No stall for you
|player|p2|
|l|☆DIGIWAYNE123
|player|p1|
