|j|☆mudkipfannumber1
|j|☆arcdeberlin
|t:|1760373008
|gametype|singles
|player|p1|mudkipfannumber1|striker|1129
|player|p2|arcdeberlin|1|1126
|gen|9
|tier|[Gen 9] OU
|rated|
|rule|HP Percentage Mod: HP is shown in percentages
|rule|Endless Battle Clause: Forcing endless battles is banned
|rule|Species Clause: Limit one of each Pokémon
|rule|OHKO Clause: OHKO moves are banned
|rule|Evasion Items Clause: Evasion items are banned
|rule|Evasion Moves Clause: Evasion moves are banned
|rule|Evasion Abilities Clause: Evasion abilities are banned
|rule|Sleep Moves Clause: Sleep-inducing moves are banned
|clearpoke
|poke|p1|Drifblim, F|
|poke|p1|Scizor, F|
|poke|p1|Garganacl, M|
|poke|p1|Reuniclus, M|
|poke|p1|Florges-Blue, F|
|poke|p1|Weavile, F|
|poke|p2|Raging Bolt|
|poke|p2|Dragonite, F|
|poke|p2|Iron Valiant|
|poke|p2|Iron Moth|
|poke|p2|Landorus-Therian, M|
|poke|p2|Darkrai|
|teampreview
|inactive|Battle timer is ON: inactive players will automatically lose when time's up. (requested by mudkipfannumber1)
|
|t:|1760373019
|teamsize|p1|6
|teamsize|p2|6
|start
|switch|p1a: Drifblim|Drifblim, F|100/100
|switch|p2a: Dragonite|Dragonite, F|100/100
|turn|1
|inactive|arcdeberlin also wants the timer to be on.
|
|t:|1760373028
|switch|p2a: Iron Moth|Iron Moth|100/100
|-enditem|p2a: Iron Moth|Booster Energy
|-activate|p2a: Iron Moth|ability: Quark Drive|[fromitem]
|-start|p2a: Iron Moth|quarkdrivespe
|move|p1a: Drifblim|Will-O-Wisp|p2a: Iron Moth
|-immune|p2a: Iron Moth
|
|upkeep
|turn|2
|
|t:|1760373036
|-end|p2a: Iron Moth|Quark Drive|[silent]
|switch|p2a: Landorus|Landorus-Therian, M|100/100
|-ability|p2a: Landorus|Intimidate|boost
|-unboost|p1a: Drifblim|atk|1
|switch|p1a: Florges|Florges-Blue, F|100/100
|
|upkeep
|turn|3
|
|t:|1760373045
|move|p2a: Landorus|Earthquake|p1a: Florges
|-damage|p1a: Florges|16/100
|-enditem|p1a: Florges|Red Card|[of] p2a: Landorus
|drag|p2a: Iron Valiant|Iron Valiant|100/100
|-enditem|p2a: Iron Valiant|Booster Energy
|-activate|p2a: Iron Valiant|ability: Quark Drive|[fromitem]
|-start|p2a: Iron Valiant|quarkdrivespe
|move|p1a: Florges|Chilling Water|p2a: Iron Valiant
|-damage|p2a: Iron Valiant|72/100
|-unboost|p2a: Iron Valiant|atk|1
|
|upkeep
|turn|4
|
|t:|1760373057
|move|p2a: Iron Valiant|Calm Mind|p2a: Iron Valiant
|-boost|p2a: Iron Valiant|spa|1
|-boost|p2a: Iron Valiant|spd|1
|move|p1a: Florges|Psychic|p2a: Iron Valiant
|-supereffective|p2a: Iron Valiant
|-damage|p2a: Iron Valiant|8/100
|
|upkeep
|turn|5
|
|t:|1760373066
|move|p2a: Iron Valiant|Moonblast|p1a: Florges
|-damage|p1a: Florges|0 fnt
|faint|p1a: Florges
|
|upkeep
|
|t:|1760373069
|switch|p1a: Reuniclus|Reuniclus, M, shiny|100/100
|turn|6
|
|t:|1760373077
|move|p2a: Iron Valiant|Moonblast|p1a: Reuniclus
|-damage|p1a: Reuniclus|33/100
|move|p1a: Reuniclus|Psychic Noise|p2a: Iron Valiant
|-supereffective|p2a: Iron Valiant
|-damage|p2a: Iron Valiant|0 fnt
|faint|p2a: Iron Valiant
|-end|p2a: Iron Valiant|Quark Drive|[silent]
|
|upkeep
|
|t:|1760373091
|switch|p2a: Raging Bolt|Raging Bolt|100/100
|-enditem|p2a: Raging Bolt|Booster Energy
|-activate|p2a: Raging Bolt|ability: Protosynthesis|[fromitem]
|-start|p2a: Raging Bolt|protosynthesisspa
|turn|7
|
|t:|1760373099
|move|p2a: Raging Bolt|Calm Mind|p2a: Raging Bolt
|-boost|p2a: Raging Bolt|spa|1
|-boost|p2a: Raging Bolt|spd|1
|move|p1a: Reuniclus|Light Screen|p1a: Reuniclus
|-sidestart|p1: mudkipfannumber1|move: Light Screen
|
|upkeep
|turn|8
|
|t:|1760373108
|move|p2a: Raging Bolt|Thunderbolt|p1a: Reuniclus
|-damage|p1a: Reuniclus|0 fnt
|faint|p1a: Reuniclus
|
|upkeep
|
|t:|1760373111
|switch|p1a: Weavile|Weavile, F|100/100
|-ability|p1a: Weavile|Pressure
|turn|9
|
|t:|1760373119
|-terastallize|p2a: Raging Bolt|Fairy
|move|p1a: Weavile|Ice Spinner|p2a: Raging Bolt
|-damage|p2a: Raging Bolt|60/100
|move|p2a: Raging Bolt|Thunderbolt|p1a: Weavile
|-damage|p1a: Weavile|55/100
|
|upkeep
|turn|10
|
|t:|1760373133
|move|p2a: Raging Bolt|Thunderclap|p1a: Weavile
|-damage|p1a: Weavile|24/100
|move|p1a: Weavile|Poison Jab|p2a: Raging Bolt
|-supereffective|p2a: Raging Bolt
|-damage|p2a: Raging Bolt|13/100
|
|upkeep
|turn|11
|
|t:|1760373141
|move|p2a: Raging Bolt|Thunderclap|p1a: Weavile
|-damage|p1a: Weavile|0 fnt
|faint|p1a: Weavile
|
|upkeep
|
|t:|1760373144
|switch|p1a: Scizor|Scizor, F|100/100
|turn|12
|
|t:|1760373153
|move|p2a: Raging Bolt|Thunderclap|p1a: Scizor
|-damage|p1a: Scizor|52/100
|move|p1a: Scizor|Bullet Punch|p2a: Raging Bolt
|-supereffective|p2a: Raging Bolt
|-damage|p2a: Raging Bolt|0 fnt
|faint|p2a: Raging Bolt
|-end|p2a: Raging Bolt|Protosynthesis|[silent]
|-damage|p1a: Scizor|42/100|[from] item: Life Orb
|
|upkeep
|
|t:|1760373168
|switch|p2a: Landorus|Landorus-Therian, M|100/100
|-ability|p2a: Landorus|Intimidate|boost
|-unboost|p1a: Scizor|atk|1
|turn|13
|
|t:|1760373177
|move|p2a: Landorus|Earthquake|p1a: Scizor
|-damage|p1a: Scizor|0 fnt
|faint|p1a: Scizor
|
|upkeep
|
|t:|1760373179
|switch|p1a: Drifblim|Drifblim, F|100/100
|turn|14
|
|t:|1760373188
|switch|p2a: Darkrai|Darkrai|100/100
|move|p1a: Drifblim|Air Slash|p2a: Darkrai
|-damage|p2a: Darkrai|64/100
|
|-sideend|p1: mudkipfannumber1|move: Light Screen
|upkeep
|turn|15
|
|t:|1760373201
|move|p2a: Darkrai|Nasty Plot|p2a: Darkrai
|-boost|p2a: Darkrai|spa|2
|move|p1a: Drifblim|Air Slash|p2a: Darkrai
|-damage|p2a: Darkrai|29/100
|
|upkeep
|turn|16
|
|t:|1760373212
|move|p2a: Darkrai|Dark Pulse|p1a: Drifblim
|-supereffective|p1a: Drifblim
|-damage|p1a: Drifblim|0 fnt
|faint|p1a: Drifblim
|-damage|p2a: Darkrai|19/100|[from] item: Life Orb
|
|upkeep
|
|t:|1760373215
|switch|p1a: Garganacl|Garganacl, M|100/100
|turn|17
|
|t:|1760373223
|move|p2a: Darkrai|Dark Pulse|p1a: Garganacl
|-damage|p1a: Garganacl|0 fnt
|faint|p1a: Garganacl
|-damage|p2a: Darkrai|9/100|[from] item: Life Orb
|
|win|arcdeberlin
|raw|mudkipfannumber1's rating: 1129 &rarr; <strong>1104</strong><br />(-25 for losing)
|raw|arcdeberlin's rating: 1126 &rarr; <strong>1151</strong><br />(+25 for winning)
|l|☆arcdeberlin
|player|p2|
|l|☆mudkipfannumber1
|player|p1|
