|j|‽Guest 79961
|j|☆nami-schib
|t:|1760429793
|gametype|singles
|player|p1|Guest 79961|170|1096
|player|p2|nami-schib|169|1121
|gen|9
|tier|[Gen 9] OU
|rated|
|rule|HP Percentage Mod: HP is shown in percentages
|rule|Endless Battle Clause: Forcing endless battles is banned
|rule|Species Clause: Limit one of each Pokémon
|rule|OHKO Clause: OHKO moves are banned
|rule|Evasion Items Clause: Evasion items are banned
|rule|Evasion Moves Clause: Evasion moves are banned
|rule|Evasion Abilities Clause: Evasion abilities are banned
|rule|Sleep Moves Clause: Sleep-inducing moves are banned
|clearpoke
|poke|p1|Comfey, M|
|poke|p1|Tinkaton, F|
|poke|p1|Enamorus, F|
|poke|p1|Mimikyu, M|
|poke|p1|Grimmsnarl, M|
|poke|p1|Gardevoir, M|
|poke|p2|Galvantula, M|
|poke|p2|Iron Valiant|
|poke|p2|Haxorus, F|
|poke|p2|Tentacruel, M|
|poke|p2|Rotom-Wash|
|poke|p2|Golurk|
|teampreview
|inactive|Battle timer is ON: inactive players will automatically lose when time's up. (requested by nami-schib)
|
|t:|1760429811
|teamsize|p1|6
|teamsize|p2|6
|start
|switch|p1a: Grimmsnarl|Grimmsnarl, M, shiny|100/100
|switch|p2a: Rotom|Rotom-Wash, shiny|100/100
|turn|1
|
|t:|1760429828
|switch|p2a: Golurk|Golurk, shiny|100/100
|move|p1a: Grimmsnarl|Trick|p2a: Golurk
|-activate|p1a: Grimmsnarl|move: Trick|[of] p2a: Golurk
|-item|p2a: Golurk|Choice Band|[from] move: Trick
|-item|p1a: Grimmsnarl|Focus Sash|[from] move: Trick
|
|upkeep
|turn|2
|
|t:|1760429842
|move|p1a: Grimmsnarl|Sucker Punch||[still]
|-fail|p1a: Grimmsnarl
|move|p2a: Golurk|Stealth Rock|p1a: Grimmsnarl
|-sidestart|p1: Guest 79961|move: Stealth Rock
|
|upkeep
|turn|3
|
|t:|1760429849
|switch|p2a: Rotom|Rotom-Wash, shiny|100/100
|move|p1a: Grimmsnarl|Spirit Break|p2a: Rotom
|-damage|p2a: Rotom|49/100
|-unboost|p2a: Rotom|spa|1
|
|upkeep
|turn|4
|
|t:|1760429865
|move|p2a: Rotom|Will-O-Wisp|p1a: Grimmsnarl
|-status|p1a: Grimmsnarl|brn
|move|p1a: Grimmsnarl|Spirit Break|p2a: Rotom
|-damage|p2a: Rotom|22/100
|-unboost|p2a: Rotom|spa|1
|
|-damage|p1a: Grimmsnarl|94/100 brn|[from] brn
|upkeep
|turn|5
|
|t:|1760429875
|switch|p2a: Tentacruel|Tentacruel, M|100/100
|move|p1a: Grimmsnarl|Trick|p2a: Tentacruel
|-activate|p1a: Grimmsnarl|move: Trick|[of] p2a: Tentacruel
|-item|p2a: Tentacruel|Focus Sash|[from] move: Trick
|-item|p1a: Grimmsnarl|Focus Sash|[from] move: Trick
|
|-damage|p1a: Grimmsnarl|88/100 brn|[from] brn
|upkeep
|turn|6
|
|t:|1760429882
|move|p1a: Grimmsnarl|Thunder Wave|p2a: Tentacruel
|-status|p2a: Tentacruel|par
|move|p2a: Tentacruel|Sludge Bomb|p1a: Grimmsnarl
|-supereffective|p1a: Grimmsnarl
|-damage|p1a: Grimmsnarl|12/100 brn
|
|-damage|p1a: Grimmsnarl|6/100 brn|[from] brn
|upkeep
|turn|7
|
|t:|1760429892
|move|p2a: Tentacruel|Surf|p1a: Grimmsnarl
|-damage|p1a: Grimmsnarl|0 fnt
|faint|p1a: Grimmsnarl
|
|upkeep
|
|t:|1760429902
|switch|p1a: Gardevoir|Gardevoir, M|100/100
|-damage|p1a: Gardevoir|88/100|[from] Stealth Rock
|-ability|p1a: Gardevoir|Clear Body|Trace|[from] ability: Trace|[of] p2a: Tentacruel
|turn|8
|
|t:|1760429908
|switch|p2a: Rotom|Rotom-Wash, shiny|22/100
|move|p1a: Gardevoir|Future Sight|p2a: Rotom
|-start|p1a: Gardevoir|move: Future Sight
|
|upkeep
|turn|9
|
|t:|1760429914
|switch|p1a: Tinkaton|Tinkaton, F, shiny|100/100
|-damage|p1a: Tinkaton|94/100|[from] Stealth Rock
|-item|p1a: Tinkaton|Air Balloon
|move|p2a: Rotom|Dark Pulse|p1a: Tinkaton
|-resisted|p1a: Tinkaton
|-damage|p1a: Tinkaton|84/100
|-enditem|p1a: Tinkaton|Air Balloon
|
|upkeep
|turn|10
|
|t:|1760429924
|move|p1a: Tinkaton|Stealth Rock|p2a: Rotom
|-sidestart|p2: nami-schib|move: Stealth Rock
|move|p2a: Rotom|Will-O-Wisp|p1a: Tinkaton
|-status|p1a: Tinkaton|brn
|
|-end|p2a: Rotom|move: Future Sight
|-damage|p2a: Rotom|0 fnt
|faint|p2a: Rotom
|-damage|p1a: Tinkaton|78/100 brn|[from] brn
|upkeep
|
|t:|1760429939
|switch|p2a: Tentacruel|Tentacruel, M|100/100 par
|-damage|p2a: Tentacruel|88/100 par|[from] Stealth Rock
|turn|11
|
|t:|1760429949
|switch|p1a: Mimikyu|Mimikyu, M, shiny|100/100
|-damage|p1a: Mimikyu|88/100|[from] Stealth Rock
|move|p2a: Tentacruel|Rapid Spin|p1a: Mimikyu
|-immune|p1a: Mimikyu
|
|upkeep
|turn|12
|
|t:|1760429955
|move|p1a: Mimikyu|Swords Dance|p1a: Mimikyu
|-boost|p1a: Mimikyu|atk|2
|move|p2a: Tentacruel|Sludge Bomb|p1a: Mimikyu
|-activate|p1a: Mimikyu|ability: Disguise
|-damage|p1a: Mimikyu|88/100
|detailschange|p1a: Mimikyu|Mimikyu-Busted, M, shiny
|-damage|p1a: Mimikyu|76/100|[from] pokemon: Mimikyu-Busted
|
|upkeep
|turn|13
|
|t:|1760429961
|move|p1a: Mimikyu|Shadow Claw|p2a: Tentacruel
|-damage|p2a: Tentacruel|0 fnt
|faint|p2a: Tentacruel
|-damage|p1a: Mimikyu|66/100|[from] item: Life Orb
|
|upkeep
|
|t:|1760429969
|switch|p2a: Golurk|Golurk, shiny|100/100
|-damage|p2a: Golurk|94/100|[from] Stealth Rock
|turn|14
|
|t:|1760429974
|-terastallize|p2a: Golurk|Normal
|move|p1a: Mimikyu|Shadow Claw|p2a: Golurk
|-immune|p2a: Golurk
|move|p2a: Golurk|Poltergeist|p1a: Mimikyu
|-activate|p1a: Mimikyu|move: Poltergeist|Life Orb
|-supereffective|p1a: Mimikyu
|-damage|p1a: Mimikyu|0 fnt
|faint|p1a: Mimikyu
|
|upkeep
|
|t:|1760429986
|switch|p1a: Tinkaton|Tinkaton, F, shiny|78/100 brn
|-damage|p1a: Tinkaton|72/100 brn|[from] Stealth Rock
|turn|15
|
|t:|1760429992
|move|p1a: Tinkaton|Thunder Wave|p2a: Golurk
|-status|p2a: Golurk|par
|move|p2a: Golurk|Poltergeist||[still]
|-fail|p2a: Golurk
|
|-damage|p1a: Tinkaton|66/100 brn|[from] brn
|upkeep
|turn|16
|
|t:|1760430002
|switch|p1a: Gardevoir|Gardevoir, M|88/100
|-damage|p1a: Gardevoir|76/100|[from] Stealth Rock
|-ability|p1a: Gardevoir|No Guard|Trace|[from] ability: Trace|[of] p2a: Golurk
|switch|p2a: Galvantula|Galvantula, M, shiny|100/100
|-damage|p2a: Galvantula|76/100|[from] Stealth Rock
|
|upkeep
|turn|17
|
|t:|1760430015
|move|p1a: Gardevoir|Moonblast|p2a: Galvantula
|-damage|p2a: Galvantula|0 fnt
|faint|p2a: Galvantula
|
|upkeep
|-message|nami-schib forfeited.
|
|win|Guest 79961
|raw|Guest 79961's rating: 1096 &rarr; <strong>1123</strong><br />(+27 for winning)
|raw|nami-schib's rating: 1121 &rarr; <strong>1094</strong><br />(-27 for losing)
|l|☆nami-schib
|player|p2|
