|j|☆AnOriginalName3
|j|☆SamuB Ladder
|t:|1760361694
|gametype|singles
|player|p1|AnOriginalName3|169|1435
|player|p2|SamuB Ladder|juggler|1460
|gen|9
|tier|[Gen 9] OU
|rated|
|rule|HP Percentage Mod: HP is shown in percentages
|rule|Endless Battle Clause: Forcing endless battles is banned
|rule|Species Clause: Limit one of each Pokémon
|rule|OHKO Clause: OHKO moves are banned
|rule|Evasion Items Clause: Evasion items are banned
|rule|Evasion Moves Clause: Evasion moves are banned
|rule|Evasion Abilities Clause: Evasion abilities are banned
|rule|Sleep Moves Clause: Sleep-inducing moves are banned
|clearpoke
|poke|p1|Samurott-Hisui, M|
|poke|p1|Iron Crown|
|poke|p1|Sinistcha|
|poke|p1|Landorus-Therian, M|
|poke|p1|Ceruledge, F|
|poke|p1|Iron Treads|
|poke|p2|Maushold-Four|
|poke|p2|Hatterene, F|
|poke|p2|Ceruledge, M|
|poke|p2|Umbreon, M|
|poke|p2|Landorus-Therian, M|
|poke|p2|Cinderace, M|
|teampreview
|inactive|Battle timer is ON: inactive players will automatically lose when time's up. (requested by SamuB Ladder)
|inactive|SamuB Ladder has 120 seconds left.
|
|t:|1760361724
|teamsize|p1|6
|teamsize|p2|6
|start
|switch|p1a: Samurott|Samurott-Hisui, M|100/100
|switch|p2a: Landorus|Landorus-Therian, M|100/100
|-ability|p2a: Landorus|Intimidate|boost
|-unboost|p1a: Samurott|atk|1
|turn|1
|
|t:|1760361727
|move|p1a: Samurott|Flip Turn|p2a: Landorus
|-supereffective|p2a: Landorus
|-crit|p2a: Landorus
|-damage|p2a: Landorus|13/100
|
|t:|1760361732
|switch|p1a: Landorus|Landorus-Therian, M|100/100|[from] Flip Turn
|-ability|p1a: Landorus|Intimidate|boost
|-unboost|p2a: Landorus|atk|1
|move|p2a: Landorus|U-turn|p1a: Landorus
|-resisted|p1a: Landorus
|-damage|p1a: Landorus|92/100
|-damage|p2a: Landorus|0 fnt|[from] item: Rocky Helmet|[of] p1a: Landorus
|faint|p2a: Landorus
|
|upkeep
|
|t:|1760361751
|switch|p2a: Umbreon|Umbreon, M, shiny|100/100
|turn|2
|
|t:|1760361753
|move|p1a: Landorus|Taunt|p2a: Umbreon
|-start|p2a: Umbreon|move: Taunt
|cant|p2a: Umbreon|move: Taunt|Toxic
|
|upkeep
|turn|3
|
|t:|1760361756
|switch|p2a: Hatterene|Hatterene, F|100/100
|move|p1a: Landorus|U-turn|p2a: Hatterene
|-damage|p2a: Hatterene|80/100
|-damage|p1a: Landorus|75/100|[from] item: Rocky Helmet|[of] p2a: Hatterene
|
|t:|1760361759
|switch|p1a: Iron Crown|Iron Crown|100/100|[from] U-turn
|
|upkeep
|turn|4
|
|t:|1760361765
|switch|p2a: Umbreon|Umbreon, M, shiny|100/100
|move|p1a: Iron Crown|Volt Switch|p2a: Umbreon
|-damage|p2a: Umbreon|88/100
|
|t:|1760361771
|-end|p1a: Iron Crown|Quark Drive|[silent]
|switch|p1a: Landorus|Landorus-Therian, M|75/100|[from] Volt Switch
|-ability|p1a: Landorus|Intimidate|boost
|-unboost|p2a: Umbreon|atk|1
|
|-heal|p2a: Umbreon|94/100|[from] item: Leftovers
|upkeep
|turn|5
|
|t:|1760361774
|move|p2a: Umbreon|Protect|p2a: Umbreon
|-singleturn|p2a: Umbreon|Protect
|move|p1a: Landorus|Earthquake|p2a: Umbreon
|-activate|p2a: Umbreon|move: Protect
|
|-heal|p2a: Umbreon|99/100|[from] item: Leftovers
|upkeep
|turn|6
|
|t:|1760361780
|switch|p2a: Hatterene|Hatterene, F|80/100
|move|p1a: Landorus|Earthquake|p2a: Hatterene
|-damage|p2a: Hatterene|42/100
|
|upkeep
|turn|7
|
|t:|1760361786
|move|p1a: Landorus|Earthquake|p2a: Hatterene
|-damage|p2a: Hatterene|5/100
|move|p2a: Hatterene|Psychic|p1a: Landorus
|-damage|p1a: Landorus|29/100
|
|upkeep
|turn|8
|
|t:|1760361790
|move|p1a: Landorus|Earthquake|p2a: Hatterene
|-damage|p2a: Hatterene|0 fnt
|faint|p2a: Hatterene
|
|upkeep
|
|t:|1760361791
|switch|p2a: Cinderace|Cinderace, M, shiny|100/100
|turn|9
|
|t:|1760361794
|switch|p1a: Ceruledge|Ceruledge, F|100/100
|move|p2a: Cinderace|Pyro Ball|p1a: Ceruledge
|-start|p1a: Ceruledge|ability: Flash Fire
|
|upkeep
|turn|10
|
|t:|1760361798
|switch|p2a: Umbreon|Umbreon, M, shiny|99/100
|move|p1a: Ceruledge|Bulk Up|p1a: Ceruledge
|-boost|p1a: Ceruledge|atk|1
|-boost|p1a: Ceruledge|def|1
|
|-heal|p2a: Umbreon|100/100|[from] item: Leftovers
|upkeep
|turn|11
|
|t:|1760361802
|-terastallize|p1a: Ceruledge|Bug
|move|p1a: Ceruledge|Taunt|p2a: Umbreon
|-start|p2a: Umbreon|move: Taunt
|cant|p2a: Umbreon|move: Taunt|Toxic
|
|upkeep
|turn|12
|
|t:|1760361809
|switch|p2a: Maushold|Maushold-Four|100/100
|move|p1a: Ceruledge|Bitter Blade|p2a: Maushold
|-damage|p2a: Maushold|0 fnt
|faint|p2a: Maushold
|
|upkeep
|
|t:|1760361820
|switch|p2a: Cinderace|Cinderace, M, shiny|100/100
|turn|13
|
|t:|1760361822
|move|p2a: Cinderace|U-turn|p1a: Ceruledge
|-start|p2a: Cinderace|typechange|Bug|[from] ability: Libero
|-damage|p1a: Ceruledge|65/100
|
|t:|1760361830
|switch|p2a: Umbreon|Umbreon, M, shiny|100/100|[from] U-turn
|move|p1a: Ceruledge|Bitter Blade|p2a: Umbreon
|-damage|p2a: Umbreon|32/100
|-heal|p1a: Ceruledge|100/100|[from] drain|[of] p2a: Umbreon
|
|-heal|p2a: Umbreon|38/100|[from] item: Leftovers
|upkeep
|turn|14
|
|t:|1760361833
|move|p1a: Ceruledge|Bitter Blade|p2a: Umbreon
|-damage|p2a: Umbreon|0 fnt
|faint|p2a: Umbreon
|
|upkeep
|
|t:|1760361835
|switch|p2a: Ceruledge|Ceruledge, M, shiny|100/100
|turn|15
|
|t:|1760361840
|move|p1a: Ceruledge|Shadow Sneak|p2a: Ceruledge
|-supereffective|p2a: Ceruledge
|-damage|p2a: Ceruledge|24/100
|-ability|p2a: Ceruledge|Weak Armor|boost
|-unboost|p2a: Ceruledge|def|1
|-boost|p2a: Ceruledge|spe|2
|move|p2a: Ceruledge|Swords Dance|p2a: Ceruledge
|-boost|p2a: Ceruledge|atk|2
|
|upkeep
|turn|16
|
|t:|1760361843
|move|p2a: Ceruledge|Shadow Sneak|p1a: Ceruledge
|-damage|p1a: Ceruledge|67/100
|move|p1a: Ceruledge|Shadow Sneak|p2a: Ceruledge
|-supereffective|p2a: Ceruledge
|-crit|p2a: Ceruledge
|-damage|p2a: Ceruledge|0 fnt
|faint|p2a: Ceruledge
|
|upkeep
|
|t:|1760361848
|switch|p2a: Cinderace|Cinderace, M, shiny|100/100
|turn|17
|
|t:|1760361853
|move|p2a: Cinderace|High Jump Kick|p1a: Ceruledge
|-start|p2a: Cinderace|typechange|Fighting|[from] ability: Libero
|-resisted|p1a: Ceruledge
|-damage|p1a: Ceruledge|34/100
|move|p1a: Ceruledge|Bitter Blade|p2a: Cinderace
|-damage|p2a: Cinderace|0 fnt
|-heal|p1a: Ceruledge|76/100|[from] drain|[of] p2a: Cinderace
|faint|p2a: Cinderace
|
|win|AnOriginalName3
|raw|AnOriginalName3's rating: 1435 &rarr; <strong>1456</strong><br />(+21 for winning)
|raw|SamuB Ladder's rating: 1460 &rarr; <strong>1439</strong><br />(-21 for losing)
|l|☆AnOriginalName3
|player|p1|
|l|☆SamuB Ladder
|player|p2|
