|j|☆casear618
|j|☆jxrx
|t:|1760437870
|gametype|singles
|player|p1|casear618|265|1268
|player|p2|jxrx|norman|1319
|gen|9
|tier|[Gen 9] OU
|rated|
|rule|HP Percentage Mod: HP is shown in percentages
|rule|Endless Battle Clause: Forcing endless battles is banned
|rule|Species Clause: Limit one of each Pokémon
|rule|OHKO Clause: OHKO moves are banned
|rule|Evasion Items Clause: Evasion items are banned
|rule|Evasion Moves Clause: Evasion moves are banned
|rule|Evasion Abilities Clause: Evasion abilities are banned
|rule|Sleep Moves Clause: Sleep-inducing moves are banned
|clearpoke
|poke|p1|Dragonite, M|
|poke|p1|Alomomola, M|
|poke|p1|Gliscor, F|
|poke|p1|Raging Bolt|
|poke|p1|Moltres|
|poke|p1|Heatran, F|
|poke|p2|Empoleon, M|
|poke|p2|Dragapult, M|
|poke|p2|Vileplume, M|
|poke|p2|Malamar, M|
|poke|p2|Bastiodon, F|
|poke|p2|Toedscruel, F|
|teampreview
|inactive|Battle timer is ON: inactive players will automatically lose when time's up. (requested by casear618)
|inactive|jxrx has 120 seconds left.
|
|t:|1760437921
|teamsize|p1|6
|teamsize|p2|6
|start
|switch|p1a: Gliscor|Gliscor, F|100/100
|switch|p2a: Empoleon|Empoleon, M|100/100
|turn|1
|
|t:|1760437935
|move|p1a: Gliscor|Protect|p1a: Gliscor
|-singleturn|p1a: Gliscor|Protect
|move|p2a: Empoleon|Agility|p2a: Empoleon
|-boost|p2a: Empoleon|spe|2
|
|-status|p1a: Gliscor|tox|[from] item: Toxic Orb
|upkeep
|turn|2
|
|t:|1760437952
|move|p2a: Empoleon|Ice Beam|p1a: Gliscor
|-supereffective|p1a: Gliscor
|-damage|p1a: Gliscor|0 fnt
|faint|p1a: Gliscor
|
|upkeep
|
|t:|1760437962
|switch|p1a: Moltres|Moltres|100/100
|turn|3
|
|t:|1760437971
|switch|p1a: Dragonite|Dragonite, M|100/100
|move|p2a: Empoleon|Surf|p1a: Dragonite
|-resisted|p1a: Dragonite
|-damage|p1a: Dragonite|90/100
|
|upkeep
|turn|4
|
|t:|1760437984
|-terastallize|p1a: Dragonite|Normal
|move|p2a: Empoleon|Ice Beam|p1a: Dragonite
|-damage|p1a: Dragonite|64/100
|move|p1a: Dragonite|Dragon Dance|p1a: Dragonite
|-boost|p1a: Dragonite|atk|1
|-boost|p1a: Dragonite|spe|1
|
|upkeep
|turn|5
|
|t:|1760437994
|switch|p2a: Vileplume|Vileplume, M|100/100
|move|p1a: Dragonite|Dragon Dance|p1a: Dragonite
|-boost|p1a: Dragonite|atk|1
|-boost|p1a: Dragonite|spe|1
|
|upkeep
|turn|6
|
|t:|1760438005
|move|p1a: Dragonite|Fire Punch|p2a: Vileplume
|-supereffective|p2a: Vileplume
|-damage|p2a: Vileplume|10/100
|-damage|p1a: Dragonite|47/100|[from] item: Rocky Helmet|[of] p2a: Vileplume
|move|p2a: Vileplume|Strength Sap|p1a: Dragonite
|-unboost|p1a: Dragonite|atk|1
|-heal|p2a: Vileplume|100/100
|
|upkeep
|turn|7
|
|t:|1760438017
|switch|p1a: Heatran|Heatran, F|100/100
|move|p2a: Vileplume|Strength Sap|p1a: Heatran
|-unboost|p1a: Heatran|atk|1
|
|upkeep
|turn|8
|
|t:|1760438026
|switch|p2a: Toedscruel|Toedscruel, F|100/100
|move|p1a: Heatran|Overheat|p2a: Toedscruel
|-supereffective|p2a: Toedscruel
|-damage|p2a: Toedscruel|0 fnt
|-unboost|p1a: Heatran|spa|2
|faint|p2a: Toedscruel
|
|upkeep
|
|t:|1760438036
|switch|p2a: Malamar|Malamar, M|100/100
|turn|9
|
|t:|1760438042
|switch|p1a: Moltres|Moltres|100/100
|move|p2a: Malamar|Substitute|p2a: Malamar
|-start|p2a: Malamar|Substitute
|-damage|p2a: Malamar|76/100
|
|-heal|p2a: Malamar|82/100|[from] item: Leftovers
|upkeep
|turn|10
|
|t:|1760438053
|move|p2a: Malamar|Knock Off|p1a: Moltres
|-damage|p1a: Moltres|65/100
|-enditem|p1a: Moltres|Heavy-Duty Boots|[from] move: Knock Off|[of] p2a: Malamar
|move|p1a: Moltres|Flamethrower|p2a: Malamar
|-end|p2a: Malamar|Substitute
|
|-heal|p2a: Malamar|88/100|[from] item: Leftovers
|upkeep
|turn|11
|
|t:|1760438062
|switch|p2a: Bastiodon|Bastiodon, F|100/100
|move|p1a: Moltres|Will-O-Wisp|p2a: Bastiodon
|-status|p2a: Bastiodon|brn
|
|-damage|p2a: Bastiodon|94/100 brn|[from] brn
|upkeep
|turn|12
|
|t:|1760438081
|switch|p1a: Alomomola|Alomomola, M|100/100
|move|p2a: Bastiodon|Stealth Rock|p1a: Alomomola
|-sidestart|p1: casear618|move: Stealth Rock
|
|-damage|p2a: Bastiodon|88/100 brn|[from] brn
|upkeep
|turn|13
|
|t:|1760438088
|move|p1a: Alomomola|Wish|p1a: Alomomola
|move|p2a: Bastiodon|Roar|p1a: Alomomola
|drag|p1a: Moltres|Moltres|65/100
|-damage|p1a: Moltres|15/100|[from] Stealth Rock
|
|-damage|p2a: Bastiodon|82/100 brn|[from] brn
|upkeep
|turn|14
|
|t:|1760438101
|move|p1a: Moltres|Flamethrower|p2a: Bastiodon
|-damage|p2a: Bastiodon|59/100 brn
|move|p2a: Bastiodon|Roar|p1a: Moltres
|drag|p1a: Raging Bolt|Raging Bolt|100/100
|-damage|p1a: Raging Bolt|88/100|[from] Stealth Rock
|
|-heal|p1a: Raging Bolt|100/100|[from] move: Wish|[wisher] Alomomola
|-damage|p2a: Bastiodon|53/100 brn|[from] brn
|upkeep
|turn|15
|
|t:|1760438123
|move|p1a: Raging Bolt|Volt Switch|p2a: Bastiodon
|-damage|p2a: Bastiodon|25/100 brn
|
|t:|1760438127
|-end|p1a: Raging Bolt|Protosynthesis|[silent]
|switch|p1a: Moltres|Moltres|15/100|[from] Volt Switch
|-damage|p1a: Moltres|0 fnt|[from] Stealth Rock
|faint|p1a: Moltres
|move|p2a: Bastiodon|Metal Burst|p1: Moltres|[notarget]
|-fail|p2a: Bastiodon
|
|-damage|p2a: Bastiodon|19/100 brn|[from] brn
|upkeep
|
|t:|1760438136
|switch|p1a: Alomomola|Alomomola, M|100/100
|-damage|p1a: Alomomola|88/100|[from] Stealth Rock
|turn|16
|
|t:|1760438142
|move|p1a: Alomomola|Wish|p1a: Alomomola
|move|p2a: Bastiodon|Roar|p1a: Alomomola
|drag|p1a: Dragonite|Dragonite, M, tera:Normal|47/100
|
|-damage|p2a: Bastiodon|13/100 brn|[from] brn
|upkeep
|turn|17
|
|t:|1760438161
|move|p1a: Dragonite|Earthquake|p2a: Bastiodon
|-supereffective|p2a: Bastiodon
|-damage|p2a: Bastiodon|0 fnt
|faint|p2a: Bastiodon
|
|-heal|p1a: Dragonite|100/100|[from] move: Wish|[wisher] Alomomola
|upkeep
|
|t:|1760438170
|switch|p2a: Malamar|Malamar, M|88/100
|turn|18
|
|t:|1760438177
|move|p1a: Dragonite|Extreme Speed|p2a: Malamar
|-damage|p2a: Malamar|32/100
|move|p2a: Malamar|Superpower|p1a: Dragonite
|-supereffective|p1a: Dragonite
|-damage|p1a: Dragonite|73/100
|-boost|p2a: Malamar|atk|1
|-boost|p2a: Malamar|def|1
|
|-heal|p2a: Malamar|38/100|[from] item: Leftovers
|upkeep
|turn|19
|
|t:|1760438188
|move|p1a: Dragonite|Extreme Speed|p2a: Malamar
|-crit|p2a: Malamar
|-damage|p2a: Malamar|0 fnt
|faint|p2a: Malamar
|
|upkeep
|
|t:|1760438195
|switch|p2a: Vileplume|Vileplume, M|100/100
|turn|20
|
|t:|1760438202
|switch|p1a: Heatran|Heatran, F|100/100
|-damage|p1a: Heatran|88/100|[from] Stealth Rock
|move|p2a: Vileplume|Leech Seed|p1a: Heatran|[miss]
|-miss|p2a: Vileplume|p1a: Heatran
|
|-heal|p1a: Heatran|94/100|[from] item: Leftovers
|upkeep
|turn|21
|
|t:|1760438216
|switch|p2a: Empoleon|Empoleon, M|100/100
|move|p1a: Heatran|Dark Pulse|p2a: Empoleon
|-damage|p2a: Empoleon|68/100
|
|-heal|p2a: Empoleon|74/100|[from] item: Leftovers
|-heal|p1a: Heatran|100/100|[from] item: Leftovers
|upkeep
|turn|22
|
|t:|1760438224
|switch|p1a: Alomomola|Alomomola, M|100/100
|-damage|p1a: Alomomola|88/100|[from] Stealth Rock
|move|p2a: Empoleon|Surf|p1a: Alomomola
|-resisted|p1a: Alomomola
|-damage|p1a: Alomomola|64/100
|
|-heal|p2a: Empoleon|80/100|[from] item: Leftovers
|-heal|p1a: Alomomola|70/100|[from] item: Leftovers
|upkeep
|turn|23
|
|t:|1760438236
|move|p2a: Empoleon|Flash Cannon|p1a: Alomomola
|-resisted|p1a: Alomomola
|-damage|p1a: Alomomola|50/100
|move|p1a: Alomomola|Wish|p1a: Alomomola
|
|-heal|p2a: Empoleon|86/100|[from] item: Leftovers
|-heal|p1a: Alomomola|56/100|[from] item: Leftovers
|upkeep
|turn|24
|
|t:|1760438248
|switch|p2a: Vileplume|Vileplume, M|100/100
|move|p1a: Alomomola|Flip Turn|p2a: Vileplume
|-resisted|p2a: Vileplume
|-damage|p2a: Vileplume|95/100
|-damage|p1a: Alomomola|40/100|[from] item: Rocky Helmet|[of] p2a: Vileplume
|-status|p1a: Alomomola|slp|[from] ability: Effect Spore|[of] p2a: Vileplume
|
|t:|1760438258
|switch|p1a: Dragonite|Dragonite, M, tera:Normal|73/100|[from] Flip Turn
|
|-heal|p1a: Dragonite|100/100|[from] move: Wish|[wisher] Alomomola
|upkeep
|turn|25
|
|t:|1760438267
|move|p1a: Dragonite|Earthquake|p2a: Vileplume
|-damage|p2a: Vileplume|66/100
|move|p2a: Vileplume|Leech Seed|p1a: Dragonite
|-start|p1a: Dragonite|move: Leech Seed
|
|-damage|p1a: Dragonite|88/100|[from] Leech Seed|[of] p2a: Vileplume
|-heal|p2a: Vileplume|79/100|[silent]
|upkeep
|turn|26
|
|t:|1760438297
|switch|p1a: Heatran|Heatran, F|100/100
|-damage|p1a: Heatran|88/100|[from] Stealth Rock
|move|p2a: Vileplume|Giga Drain|p1a: Heatran
|-resisted|p1a: Heatran
|-damage|p1a: Heatran|82/100
|-heal|p2a: Vileplume|83/100|[from] drain|[of] p1a: Heatran
|
|-heal|p1a: Heatran|88/100|[from] item: Leftovers
|upkeep
|turn|27
|
|t:|1760438316
|move|p1a: Heatran|Earth Power|p2a: Vileplume
|-damage|p2a: Vileplume|45/100
|move|p2a: Vileplume|Leech Seed|p1a: Heatran|[miss]
|-miss|p2a: Vileplume|p1a: Heatran
|
|-heal|p1a: Heatran|94/100|[from] item: Leftovers
|upkeep
|turn|28
|
|t:|1760438332
|move|p1a: Heatran|Overheat|p2a: Vileplume
|-supereffective|p2a: Vileplume
|-crit|p2a: Vileplume
|-damage|p2a: Vileplume|0 fnt
|-unboost|p1a: Heatran|spa|2
|faint|p2a: Vileplume
|
|-heal|p1a: Heatran|100/100|[from] item: Leftovers
|upkeep
|
|t:|1760438335
|switch|p2a: Empoleon|Empoleon, M|86/100
|turn|29
|
|t:|1760438351
|switch|p2a: Dragapult|Dragapult, M|100/100
|switch|p1a: Raging Bolt|Raging Bolt|100/100
|-damage|p1a: Raging Bolt|88/100|[from] Stealth Rock
|
|upkeep
|turn|30
|
|t:|1760438361
|move|p2a: Dragapult|Substitute|p2a: Dragapult
|-start|p2a: Dragapult|Substitute
|-damage|p2a: Dragapult|76/100
|move|p1a: Raging Bolt|Draco Meteor|p2a: Dragapult
|-supereffective|p2a: Dragapult
|-end|p2a: Dragapult|Substitute
|-unboost|p1a: Raging Bolt|spa|2
|
|-heal|p2a: Dragapult|82/100|[from] item: Leftovers
|upkeep
|turn|31
|
|t:|1760438379
|move|p2a: Dragapult|Dragon Darts|p1a: Raging Bolt
|-supereffective|p1a: Raging Bolt
|-damage|p1a: Raging Bolt|39/100
|-anim|p2a: Dragapult|Dragon Darts|p1a: Raging Bolt
|-supereffective|p1a: Raging Bolt
|-damage|p1a: Raging Bolt|0 fnt
|faint|p1a: Raging Bolt
|-end|p1a: Raging Bolt|Protosynthesis|[silent]
|
|-heal|p2a: Dragapult|88/100|[from] item: Leftovers
|upkeep
|
|t:|1760438389
|switch|p1a: Dragonite|Dragonite, M, tera:Normal|88/100
|turn|32
|
|t:|1760438398
|move|p2a: Dragapult|Dragon Dance|p2a: Dragapult
|-boost|p2a: Dragapult|atk|1
|-boost|p2a: Dragapult|spe|1
|move|p1a: Dragonite|Earthquake|p2a: Dragapult
|-damage|p2a: Dragapult|36/100
|
|-heal|p2a: Dragapult|42/100|[from] item: Leftovers
|upkeep
|turn|33
|
|t:|1760438405
|-terastallize|p2a: Dragapult|Dragon
|move|p2a: Dragapult|Dragon Darts|p1a: Dragonite
|-damage|p1a: Dragonite|45/100
|-anim|p2a: Dragapult|Dragon Darts|p1a: Dragonite
|-damage|p1a: Dragonite|0 fnt
|faint|p1a: Dragonite
|
|-heal|p2a: Dragapult|48/100|[from] item: Leftovers
|upkeep
|
|t:|1760438413
|switch|p1a: Heatran|Heatran, F|100/100
|-damage|p1a: Heatran|88/100|[from] Stealth Rock
|turn|34
|l|☆jxrx
|inactive|jxrx disconnected and has a minute to reconnect!
|player|p2|
|inactive|jxrx has 30 seconds to reconnect!
|j|☆jxrx
|inactive|jxrx reconnected and has 90 seconds left.
|player|p2|jxrx|norman|
|
|t:|1760438479
|move|p2a: Dragapult|Phantom Force||[still]
|-prepare|p2a: Dragapult|Phantom Force
|move|p1a: Heatran|Earth Power|p2a: Dragapult|[miss]
|-miss|p1a: Heatran|p2a: Dragapult
|
|-heal|p2a: Dragapult|54/100|[from] item: Leftovers
|-heal|p1a: Heatran|94/100|[from] item: Leftovers
|upkeep
|turn|35
|
|t:|1760438490
|move|p2a: Dragapult|Phantom Force|p1a: Heatran|[from] lockedmove
|-damage|p1a: Heatran|43/100
|move|p1a: Heatran|Earth Power|p2a: Dragapult
|-damage|p2a: Dragapult|3/100
|
|-heal|p2a: Dragapult|9/100|[from] item: Leftovers
|-heal|p1a: Heatran|49/100|[from] item: Leftovers
|upkeep
|turn|36
|
|t:|1760438501
|move|p2a: Dragapult|Phantom Force||[still]
|-prepare|p2a: Dragapult|Phantom Force
|move|p1a: Heatran|Earth Power|p2a: Dragapult|[miss]
|-miss|p1a: Heatran|p2a: Dragapult
|
|-heal|p2a: Dragapult|15/100|[from] item: Leftovers
|-heal|p1a: Heatran|55/100|[from] item: Leftovers
|upkeep
|turn|37
|
|t:|1760438507
|move|p2a: Dragapult|Phantom Force|p1a: Heatran|[from] lockedmove
|-damage|p1a: Heatran|3/100
|move|p1a: Heatran|Earth Power|p2a: Dragapult
|-damage|p2a: Dragapult|0 fnt
|faint|p2a: Dragapult
|
|-heal|p1a: Heatran|9/100|[from] item: Leftovers
|upkeep
|
|t:|1760438513
|switch|p2a: Empoleon|Empoleon, M|86/100
|turn|38
|
|t:|1760438517
|switch|p1a: Alomomola|Alomomola, M|73/100 slp
|-damage|p1a: Alomomola|61/100 slp|[from] Stealth Rock
|move|p2a: Empoleon|Surf|p1a: Alomomola
|-resisted|p1a: Alomomola
|-damage|p1a: Alomomola|38/100 slp
|
|-heal|p2a: Empoleon|92/100|[from] item: Leftovers
|-heal|p1a: Alomomola|45/100 slp|[from] item: Leftovers
|upkeep
|turn|39
|
|t:|1760438526
|switch|p1a: Heatran|Heatran, F|9/100
|-damage|p1a: Heatran|0 fnt|[from] Stealth Rock
|faint|p1a: Heatran
|move|p2a: Empoleon|Surf|p1: Heatran|[notarget]
|-fail|p2a: Empoleon
|
|-heal|p2a: Empoleon|98/100|[from] item: Leftovers
|upkeep
|
|t:|1760438534
|switch|p1a: Alomomola|Alomomola, M|78/100 slp
|-damage|p1a: Alomomola|65/100 slp|[from] Stealth Rock
|turn|40
|
|t:|1760438539
|move|p2a: Empoleon|Flash Cannon|p1a: Alomomola
|-resisted|p1a: Alomomola
|-damage|p1a: Alomomola|46/100 slp
|-unboost|p1a: Alomomola|spd|1
|cant|p1a: Alomomola|slp
|
|-heal|p2a: Empoleon|100/100|[from] item: Leftovers
|-heal|p1a: Alomomola|53/100 slp|[from] item: Leftovers
|upkeep
|turn|41
|
|t:|1760438547
|move|p2a: Empoleon|Flash Cannon|p1a: Alomomola
|-resisted|p1a: Alomomola
|-damage|p1a: Alomomola|23/100 slp
|cant|p1a: Alomomola|slp
|
|-heal|p1a: Alomomola|29/100 slp|[from] item: Leftovers
|upkeep
|turn|42
|
|t:|1760438556
|-curestatus|p1a: Alomomola|slp|[msg]
|move|p1a: Alomomola|Protect|p1a: Alomomola
|-singleturn|p1a: Alomomola|Protect
|move|p2a: Empoleon|Flash Cannon|p1a: Alomomola
|-activate|p1a: Alomomola|move: Protect
|
|-heal|p1a: Alomomola|35/100|[from] item: Leftovers
|upkeep
|turn|43
|
|t:|1760438568
|move|p2a: Empoleon|Surf|p1a: Alomomola
|-resisted|p1a: Alomomola
|-damage|p1a: Alomomola|2/100
|move|p1a: Alomomola|Wish|p1a: Alomomola
|
|-heal|p1a: Alomomola|9/100|[from] item: Leftovers
|upkeep
|turn|44
|
|t:|1760438577
|move|p1a: Alomomola|Protect|p1a: Alomomola
|-singleturn|p1a: Alomomola|Protect
|move|p2a: Empoleon|Flash Cannon|p1a: Alomomola
|-activate|p1a: Alomomola|move: Protect
|
|-heal|p1a: Alomomola|59/100|[from] move: Wish|[wisher] Alomomola
|-heal|p1a: Alomomola|65/100|[from] item: Leftovers
|upkeep
|turn|45
|
|t:|1760438585
|move|p2a: Empoleon|Flash Cannon|p1a: Alomomola
|-resisted|p1a: Alomomola
|-damage|p1a: Alomomola|32/100
|move|p1a: Alomomola|Mirror Coat|p2a: Empoleon
|-damage|p2a: Empoleon|0 fnt
|faint|p2a: Empoleon
|
|win|casear618
|raw|casear618's rating: 1268 &rarr; <strong>1297</strong><br />(+29 for winning)
|raw|jxrx's rating: 1319 &rarr; <strong>1296</strong><br />(-23 for losing)
|l|☆jxrx
|player|p2|
|l|☆casear618
|player|p1|
