|inactive|Battle timer is ON: inactive players will automatically lose when time's up.
|t:|1760375286
|gametype|singles
|player|p1|Zerotwo Big|liza|
|player|p2|Lava Poseidon|#wcop2025netherlands|
|gen|9
|tier|[Gen 9] OU
|rule|HP Percentage Mod: HP is shown in percentages
|rule|Endless Battle Clause: Forcing endless battles is banned
|rule|Species Clause: Limit one of each Pokémon
|rule|OHKO Clause: OHKO moves are banned
|rule|Evasion Items Clause: Evasion items are banned
|rule|Evasion Moves Clause: Evasion moves are banned
|rule|Evasion Abilities Clause: Evasion abilities are banned
|rule|Sleep Moves Clause: Sleep-inducing moves are banned
|clearpoke
|poke|p1|Ting-Lu|
|poke|p1|Slowking-Galar, M|
|poke|p1|Corviknight, M|
|poke|p1|Cinderace, M|
|poke|p1|Ogerpon-Wellspring, F|
|poke|p1|Raging Bolt|
|poke|p2|Gholdengo|
|poke|p2|Zamazenta-*|
|poke|p2|Ting-Lu|
|poke|p2|Clefable, F|
|poke|p2|Dragonite, M|
|poke|p2|Deoxys-Speed|
|teampreview
|c|☆Lava Poseidon|hf
|c|☆Zerotwo Big|u2
|
|t:|1760375299
|teamsize|p1|6
|teamsize|p2|6
|start
|switch|p1a: Raging Bolt|Raging Bolt|100/100
|switch|p2a: Ting|Ting-Lu|100/100
|-ability|p2a: Ting|Vessel of Ruin
|turn|1
|
|t:|1760375305
|-end|p1a: Raging Bolt|Protosynthesis|[silent]
|switch|p1a: Corviknight|Corviknight, M|100/100
|-ability|p1a: Corviknight|Pressure
|move|p2a: Ting|Stealth Rock|p1a: Corviknight
|-sidestart|p1: Zerotwo Big|move: Stealth Rock
|
|upkeep
|turn|2
|
|t:|1760375318
|move|p2a: Ting|Ruination|p1a: Corviknight
|-damage|p1a: Corviknight|51/100
|move|p1a: Corviknight|U-turn|p2a: Ting
|-supereffective|p2a: Ting
|-damage|p2a: Ting|85/100
|
|t:|1760375325
|switch|p1a: Ogerpon|Ogerpon-Wellspring, F|100/100|[from] U-turn
|-damage|p1a: Ogerpon|88/100|[from] Stealth Rock
|
|-heal|p2a: Ting|92/100|[from] item: Leftovers
|upkeep
|turn|3
|inactive|Lava Poseidon has 270 seconds left.
|
|t:|1760375356
|switch|p2a: Zama|Zamazenta|100/100
|-ability|p2a: Zama|Dauntless Shield|boost
|-boost|p2a: Zama|def|1
|move|p1a: Ogerpon|Knock Off|p2a: Zama
|-resisted|p2a: Zama
|-damage|p2a: Zama|90/100
|-enditem|p2a: Zama|Heavy-Duty Boots|[from] move: Knock Off|[of] p1a: Ogerpon
|
|upkeep
|turn|4
|
|t:|1760375367
|switch|p1a: Slowking|Slowking-Galar, M|100/100
|move|p2a: Zama|Close Combat|p1a: Slowking
|-resisted|p1a: Slowking
|-damage|p1a: Slowking|89/100
|-unboost|p2a: Zama|def|1
|-unboost|p2a: Zama|spd|1
|
|upkeep
|turn|5
|
|t:|1760375375
|switch|p2a: Ghold|Gholdengo|100/100
|-item|p2a: Ghold|Air Balloon
|-prepare|p1a: Slowking|Chilly Reception|[premajor]
|move|p1a: Slowking|Chilly Reception|p1a: Slowking
|-weather|Snowscape
|
|t:|1760375380
|switch|p1a: Cinderace|Cinderace, M|100/100|[from] Chilly Reception
|
|-weather|Snowscape|[upkeep]
|upkeep
|turn|6
|
|t:|1760375391
|move|p1a: Cinderace|Court Change|p1a: Cinderace
|-start|p1a: Cinderace|typechange|Normal|[from] ability: Libero
|-swapsideconditions
|-activate|p1a: Cinderace|move: Court Change
|move|p2a: Ghold|Shadow Ball|p1a: Cinderace
|-immune|p1a: Cinderace
|
|-weather|Snowscape|[upkeep]
|upkeep
|turn|7
|
|t:|1760375398
|switch|p2a: Ting|Ting-Lu|92/100
|-damage|p2a: Ting|85/100|[from] Stealth Rock
|-ability|p2a: Ting|Vessel of Ruin
|move|p1a: Cinderace|Pyro Ball|p2a: Ting
|-damage|p2a: Ting|62/100
|
|-weather|Snowscape|[upkeep]
|-heal|p2a: Ting|69/100|[from] item: Leftovers
|upkeep
|turn|8
|
|t:|1760375405
|move|p1a: Cinderace|U-turn|p2a: Ting
|-supereffective|p2a: Ting
|-damage|p2a: Ting|45/100
|
|t:|1760375410
|switch|p1a: Ogerpon|Ogerpon-Wellspring, F|88/100|[from] U-turn
|move|p2a: Ting|Stealth Rock|p1a: Ogerpon
|-sidestart|p1: Zerotwo Big|move: Stealth Rock
|
|-weather|Snowscape|[upkeep]
|-heal|p2a: Ting|51/100|[from] item: Leftovers
|upkeep
|turn|9
|
|t:|1760375418
|switch|p2a: Zama|Zamazenta|90/100
|-damage|p2a: Zama|84/100|[from] Stealth Rock
|move|p1a: Ogerpon|Ivy Cudgel|p2a: Zama|[anim] Ivy Cudgel Water
|-crit|p2a: Zama
|-damage|p2a: Zama|9/100
|
|-weather|none
|upkeep
|turn|10
|
|t:|1760375429
|move|p2a: Zama|Crunch|p1a: Ogerpon
|-damage|p1a: Ogerpon|52/100
|move|p1a: Ogerpon|Ivy Cudgel|p2a: Zama|[anim] Ivy Cudgel Water
|-damage|p2a: Zama|0 fnt
|faint|p2a: Zama
|
|upkeep
|inactive|Lava Poseidon has 270 seconds left.
|inactive|Lava Poseidon has 240 seconds left.
|
|t:|1760375511
|switch|p2a: Deoxys|Deoxys-Speed|100/100
|-ability|p2a: Deoxys|Pressure
|turn|11
|
|t:|1760375526
|switch|p1a: Ting-Lu|Ting-Lu|100/100
|-damage|p1a: Ting-Lu|94/100|[from] Stealth Rock
|-ability|p1a: Ting-Lu|Vessel of Ruin
|move|p2a: Deoxys|Psycho Boost|p1a: Ting-Lu
|-immune|p1a: Ting-Lu
|
|-heal|p1a: Ting-Lu|100/100|[from] item: Leftovers
|upkeep
|turn|12
|inactive|Lava Poseidon has 240 seconds left.
|
|t:|1760375542
|switch|p1a: Slowking|Slowking-Galar, M|100/100
|move|p2a: Deoxys|Nasty Plot|p2a: Deoxys
|-boost|p2a: Deoxys|spa|2
|
|upkeep
|turn|13
|c|+wesleyfv|poseidon peepee
|
|t:|1760375576
|switch|p1a: Ting-Lu|Ting-Lu|100/100
|-damage|p1a: Ting-Lu|94/100|[from] Stealth Rock
|-ability|p1a: Ting-Lu|Vessel of Ruin
|move|p2a: Deoxys|Psycho Boost|p1a: Ting-Lu
|-immune|p1a: Ting-Lu
|
|-heal|p1a: Ting-Lu|100/100|[from] item: Leftovers
|upkeep
|turn|14
|
|t:|1760375585
|move|p2a: Deoxys|Ice Beam|p1a: Ting-Lu
|-supereffective|p1a: Ting-Lu
|-damage|p1a: Ting-Lu|55/100
|move|p1a: Ting-Lu|Payback|p2a: Deoxys
|-supereffective|p2a: Deoxys
|-damage|p2a: Deoxys|3/100
|
|-heal|p1a: Ting-Lu|61/100|[from] item: Leftovers
|upkeep
|turn|15
|
|t:|1760375593
|move|p2a: Deoxys|Ice Beam|p1a: Ting-Lu
|-supereffective|p1a: Ting-Lu
|-damage|p1a: Ting-Lu|11/100
|move|p1a: Ting-Lu|Earthquake|p2a: Deoxys
|-damage|p2a: Deoxys|0 fnt
|faint|p2a: Deoxys
|
|-heal|p1a: Ting-Lu|17/100|[from] item: Leftovers
|upkeep
|inactive|Lava Poseidon has 210 seconds left.
|inactive|Lava Poseidon has 180 seconds left.
|
|t:|1760375654
|switch|p2a: Ghold|Gholdengo|100/100
|-damage|p2a: Ghold|94/100|[from] Stealth Rock
|-item|p2a: Ghold|Air Balloon
|turn|16
|
|t:|1760375662
|move|p2a: Ghold|Make It Rain|p1a: Ting-Lu
|-damage|p1a: Ting-Lu|0 fnt
|-unboost|p2a: Ghold|spa|1
|faint|p1a: Ting-Lu
|
|upkeep
|
|t:|1760375669
|switch|p1a: Cinderace|Cinderace, M|100/100
|turn|17
|
|t:|1760375679
|switch|p2a: Clefable|Clefable, F|100/100
|move|p1a: Cinderace|Pyro Ball|p2a: Clefable
|-damage|p2a: Clefable|59/100
|
|upkeep
|turn|18
|
|t:|1760375686
|move|p1a: Cinderace|U-turn|p2a: Clefable
|-start|p1a: Cinderace|typechange|Bug|[from] ability: Libero
|-resisted|p2a: Clefable
|-damage|p2a: Clefable|45/100
|-damage|p1a: Cinderace|84/100|[from] item: Rocky Helmet|[of] p2a: Clefable
|
|t:|1760375693
|switch|p1a: Raging Bolt|Raging Bolt|100/100|[from] U-turn
|-damage|p1a: Raging Bolt|88/100|[from] Stealth Rock
|move|p2a: Clefable|Moonlight|p2a: Clefable
|-heal|p2a: Clefable|95/100
|
|upkeep
|turn|19
|inactive|Lava Poseidon has 210 seconds left.
|
|t:|1760375711
|move|p1a: Raging Bolt|Volt Switch|p2a: Clefable
|-damage|p2a: Clefable|33/100
|
|t:|1760375716
|-end|p1a: Raging Bolt|Protosynthesis|[silent]
|switch|p1a: Slowking|Slowking-Galar, M|100/100|[from] Volt Switch
|move|p2a: Clefable|Moonblast|p1a: Slowking
|-resisted|p1a: Slowking
|-damage|p1a: Slowking|88/100
|-unboost|p1a: Slowking|spa|1
|
|upkeep
|turn|20
|
|t:|1760375722
|move|p2a: Clefable|Moonlight|p2a: Clefable
|-heal|p2a: Clefable|83/100
|-prepare|p1a: Slowking|Chilly Reception|[premajor]
|move|p1a: Slowking|Chilly Reception|p1a: Slowking
|-weather|Snowscape
|
|t:|1760375728
|switch|p1a: Ogerpon|Ogerpon-Wellspring, F|52/100|[from] Chilly Reception
|-damage|p1a: Ogerpon|39/100|[from] Stealth Rock
|
|-weather|Snowscape|[upkeep]
|upkeep
|turn|21
|
|t:|1760375753
|move|p1a: Ogerpon|Ivy Cudgel|p2a: Clefable|[anim] Ivy Cudgel Water
|-crit|p2a: Clefable
|-damage|p2a: Clefable|13/100
|move|p2a: Clefable|Moonlight|p2a: Clefable
|-heal|p2a: Clefable|38/100
|
|-weather|Snowscape|[upkeep]
|upkeep
|turn|22
|c|☆Lava Poseidon|crazy
|
|t:|1760375763
|move|p1a: Ogerpon|Ivy Cudgel|p2a: Clefable|[anim] Ivy Cudgel Water
|-damage|p2a: Clefable|0 fnt
|faint|p2a: Clefable
|
|-weather|Snowscape|[upkeep]
|upkeep
|
|t:|1760375773
|switch|p2a: Ghold|Gholdengo|94/100
|-damage|p2a: Ghold|88/100|[from] Stealth Rock
|-item|p2a: Ghold|Air Balloon
|turn|23
|
|t:|1760375778
|move|p1a: Ogerpon|Knock Off|p2a: Ghold
|-supereffective|p2a: Ghold
|-damage|p2a: Ghold|35/100
|-enditem|p2a: Ghold|Air Balloon
|move|p2a: Ghold|Make It Rain|p1a: Ogerpon
|-resisted|p1a: Ogerpon
|-damage|p1a: Ogerpon|11/100
|-unboost|p2a: Ghold|spa|1
|
|-weather|Snowscape|[upkeep]
|upkeep
|turn|24
|-message|Lava Poseidon forfeited.
|
|win|Zerotwo Big
|player|p2|
|c|☆Zerotwo Big|gg
