|j|☆ballyhoogreen
|j|☆Type zero nirvash
|t:|1760461394
|gametype|singles
|player|p1|ballyhoogreen|maid|1157
|player|p2|Type zero nirvash|rocketgruntf|1182
|gen|9
|tier|[Gen 9] OU
|rated|
|rule|HP Percentage Mod: HP is shown in percentages
|rule|Endless Battle Clause: Forcing endless battles is banned
|rule|Species Clause: Limit one of each Pokémon
|rule|OHKO Clause: OHKO moves are banned
|rule|Evasion Items Clause: Evasion items are banned
|rule|Evasion Moves Clause: Evasion moves are banned
|rule|Evasion Abilities Clause: Evasion abilities are banned
|rule|Sleep Moves Clause: Sleep-inducing moves are banned
|clearpoke
|poke|p1|Alomomola, M|
|poke|p1|Mimikyu, F|
|poke|p1|Slowking-Galar, M|
|poke|p1|Jirachi|
|poke|p1|Haxorus, M|
|poke|p1|Gastrodon, M|
|poke|p2|Skarmory, F|
|poke|p2|Lucario, F|
|poke|p2|Suicune|
|poke|p2|Goodra, F|
|poke|p2|Blaziken, M|
|poke|p2|Sylveon, F|
|teampreview
|inactive|Battle timer is ON: inactive players will automatically lose when time's up. (requested by ballyhoogreen)
|
|t:|1760461414
|teamsize|p1|6
|teamsize|p2|6
|start
|switch|p1a: Jirachi|Jirachi|100/100
|switch|p2a: Sylveon|Sylveon, F, shiny|100/100
|turn|1
|
|t:|1760461423
|move|p1a: Jirachi|Doom Desire|p2a: Sylveon
|-start|p1a: Jirachi|Doom Desire
|move|p2a: Sylveon|Shadow Ball|p1a: Jirachi
|-supereffective|p1a: Jirachi
|-damage|p1a: Jirachi|36/100
|
|upkeep
|turn|2
|
|t:|1760461443
|switch|p2a: Skarmory|Skarmory, F, shiny|100/100
|move|p1a: Jirachi|U-turn|p2a: Skarmory
|-resisted|p2a: Skarmory
|-damage|p2a: Skarmory|99/100
|-damage|p1a: Jirachi|19/100|[from] item: Rocky Helmet|[of] p2a: Skarmory
|
|t:|1760461447
|switch|p1a: Haxorus|Haxorus, M|100/100|[from] U-turn
|-ability|p1a: Haxorus|Mold Breaker
|
|upkeep
|turn|3
|
|t:|1760461453
|move|p1a: Haxorus|Swords Dance|p1a: Haxorus
|-boost|p1a: Haxorus|atk|2
|move|p2a: Skarmory|Roar|p1a: Haxorus
|drag|p1a: Slowking|Slowking-Galar, M|100/100
|
|-end|p2a: Skarmory|move: Doom Desire
|-resisted|p2a: Skarmory
|-damage|p2a: Skarmory|53/100
|upkeep
|turn|4
|
|t:|1760461465
|move|p2a: Skarmory|Iron Defense|p2a: Skarmory
|-boost|p2a: Skarmory|def|2
|move|p1a: Slowking|Flamethrower|p2a: Skarmory
|-supereffective|p2a: Skarmory
|-damage|p2a: Skarmory|0 fnt
|faint|p2a: Skarmory
|
|upkeep
|
|t:|1760461481
|switch|p2a: Goodra|Goodra, F|100/100
|turn|5
|
|t:|1760461484
|move|p2a: Goodra|Earthquake|p1a: Slowking
|-supereffective|p1a: Slowking
|-damage|p1a: Slowking|54/100
|-prepare|p1a: Slowking|Chilly Reception|[premajor]
|move|p1a: Slowking|Chilly Reception|p1a: Slowking
|-weather|Snowscape
|
|t:|1760461489
|switch|p1a: Haxorus|Haxorus, M|100/100|[from] Chilly Reception
|-ability|p1a: Haxorus|Mold Breaker
|
|-weather|Snowscape|[upkeep]
|upkeep
|turn|6
|
|t:|1760461495
|switch|p2a: Sylveon|Sylveon, F, shiny|100/100
|move|p1a: Haxorus|Swords Dance|p1a: Haxorus
|-boost|p1a: Haxorus|atk|2
|
|-weather|Snowscape|[upkeep]
|upkeep
|turn|7
|
|t:|1760461502
|-terastallize|p1a: Haxorus|Fire
|move|p1a: Haxorus|Tera Blast|p2a: Sylveon|[anim] Tera Blast Fire
|-damage|p2a: Sylveon|0 fnt
|faint|p2a: Sylveon
|
|-weather|Snowscape|[upkeep]
|upkeep
|
|t:|1760461509
|switch|p2a: Suicune|Suicune, shiny|100/100
|-ability|p2a: Suicune|Pressure
|turn|8
|
|t:|1760461515
|move|p1a: Haxorus|Scale Shot|p2a: Suicune
|-damage|p2a: Suicune|84/100
|-damage|p2a: Suicune|66/100
|-damage|p2a: Suicune|49/100
|-damage|p2a: Suicune|31/100
|-hitcount|p2a: Suicune|4
|-unboost|p1a: Haxorus|def|1
|-boost|p1a: Haxorus|spe|1
|move|p2a: Suicune|Calm Mind|p2a: Suicune
|-boost|p2a: Suicune|spa|1
|-boost|p2a: Suicune|spd|1
|
|-weather|Snowscape|[upkeep]
|-heal|p2a: Suicune|37/100|[from] item: Leftovers
|upkeep
|turn|9
|
|t:|1760461519
|move|p1a: Haxorus|Scale Shot|p2a: Suicune
|-damage|p2a: Suicune|21/100
|-damage|p2a: Suicune|5/100
|-damage|p2a: Suicune|0 fnt
|faint|p2a: Suicune
|-hitcount|p2: Suicune|3
|-unboost|p1a: Haxorus|def|1
|-boost|p1a: Haxorus|spe|1
|
|-weather|none
|upkeep
|
|t:|1760461524
|switch|p2a: Goodra|Goodra, F|100/100
|turn|10
|
|t:|1760461528
|-terastallize|p2a: Goodra|Fire
|move|p1a: Haxorus|Scale Shot|p2a: Goodra
|-damage|p2a: Goodra|69/100
|-damage|p2a: Goodra|38/100
|-damage|p2a: Goodra|5/100
|-damage|p2a: Goodra|0 fnt
|faint|p2a: Goodra
|-hitcount|p2: Goodra|4
|-unboost|p1a: Haxorus|def|1
|-boost|p1a: Haxorus|spe|1
|
|upkeep
|
|t:|1760461533
|switch|p2a: Blaziken|Blaziken, M, shiny|100/100
|turn|11
|
|t:|1760461537
|move|p1a: Haxorus|Earthquake|p2a: Blaziken
|-supereffective|p2a: Blaziken
|-damage|p2a: Blaziken|0 fnt
|faint|p2a: Blaziken
|
|upkeep
|-message|Type zero nirvash forfeited.
|
|win|ballyhoogreen
|raw|ballyhoogreen's rating: 1157 &rarr; <strong>1184</strong><br />(+27 for winning)
|raw|Type zero nirvash's rating: 1182 &rarr; <strong>1155</strong><br />(-27 for losing)
|l|☆Type zero nirvash
|player|p2|
|l|☆ballyhoogreen
|player|p1|
