|j|☆thegreatestnone
|j|☆venjazanzhes123
|t:|1760393980
|gametype|singles
|player|p1|thegreatestnone|2|1404
|player|p2|venjazanzhes123|clair|1450
|gen|9
|tier|[Gen 9] OU
|rated|
|rule|HP Percentage Mod: HP is shown in percentages
|rule|Endless Battle Clause: Forcing endless battles is banned
|rule|Species Clause: Limit one of each Pokémon
|rule|OHKO Clause: OHKO moves are banned
|rule|Evasion Items Clause: Evasion items are banned
|rule|Evasion Moves Clause: Evasion moves are banned
|rule|Evasion Abilities Clause: Evasion abilities are banned
|rule|Sleep Moves Clause: Sleep-inducing moves are banned
|clearpoke
|poke|p1|Magnezone|
|poke|p1|Ting-Lu|
|poke|p1|Skeledirge, M|
|poke|p1|Gholdengo|
|poke|p1|Weezing-Galar, M|
|poke|p1|Slowking, F|
|poke|p2|Gyarados, M|
|poke|p2|Arcanine, M|
|poke|p2|Scizor, M|
|poke|p2|Tyranitar, M|
|poke|p2|Venusaur, M|
|poke|p2|Vaporeon, M|
|teampreview
|
|t:|1760393996
|teamsize|p1|6
|teamsize|p2|6
|start
|switch|p1a: Weezing|Weezing-Galar, M|100/100
|switch|p2a: Scizor|Scizor, M|100/100
|turn|1
|
|t:|1760394002
|switch|p2a: Vaporeon|Vaporeon, M|100/100
|move|p1a: Weezing|Will-O-Wisp|p2a: Vaporeon
|-status|p2a: Vaporeon|brn
|
|-damage|p2a: Vaporeon|94/100 brn|[from] brn
|upkeep
|turn|2
|
|t:|1760394007
|switch|p1a: Magnezone|Magnezone|100/100
|move|p2a: Vaporeon|Calm Mind|p2a: Vaporeon
|-boost|p2a: Vaporeon|spa|1
|-boost|p2a: Vaporeon|spd|1
|
|-heal|p2a: Vaporeon|100/100 brn|[from] item: Leftovers
|-damage|p2a: Vaporeon|94/100 brn|[from] brn
|upkeep
|turn|3
|
|t:|1760394012
|move|p2a: Vaporeon|Scald|p1a: Magnezone
|-damage|p1a: Magnezone|64/100
|move|p1a: Magnezone|Thunderbolt|p2a: Vaporeon
|-supereffective|p2a: Vaporeon
|-damage|p2a: Vaporeon|56/100 brn
|
|-heal|p2a: Vaporeon|62/100 brn|[from] item: Leftovers
|-heal|p1a: Magnezone|70/100|[from] item: Leftovers
|-damage|p2a: Vaporeon|56/100 brn|[from] brn
|upkeep
|turn|4
|
|t:|1760394024
|switch|p1a: Slowking|Slowking, F|100/100
|move|p2a: Vaporeon|Scald|p1a: Slowking
|-resisted|p1a: Slowking
|-damage|p1a: Slowking|88/100
|
|-heal|p2a: Vaporeon|62/100 brn|[from] item: Leftovers
|-damage|p2a: Vaporeon|56/100 brn|[from] brn
|upkeep
|turn|5
|
|t:|1760394028
|move|p2a: Vaporeon|Substitute|p2a: Vaporeon
|-start|p2a: Vaporeon|Substitute
|-damage|p2a: Vaporeon|32/100 brn
|-prepare|p1a: Slowking|Chilly Reception|[premajor]
|move|p1a: Slowking|Chilly Reception|p1a: Slowking
|-weather|Snowscape
|
|t:|1760394033
|switch|p1a: Magnezone|Magnezone|70/100|[from] Chilly Reception
|
|-weather|Snowscape|[upkeep]
|-heal|p2a: Vaporeon|38/100 brn|[from] item: Leftovers
|-heal|p1a: Magnezone|76/100|[from] item: Leftovers
|-damage|p2a: Vaporeon|32/100 brn|[from] brn
|upkeep
|turn|6
|
|t:|1760394055
|move|p2a: Vaporeon|Scald|p1a: Magnezone
|-damage|p1a: Magnezone|37/100
|move|p1a: Magnezone|Thunderbolt|p2a: Vaporeon
|-supereffective|p2a: Vaporeon
|-end|p2a: Vaporeon|Substitute
|
|-weather|Snowscape|[upkeep]
|-heal|p2a: Vaporeon|38/100 brn|[from] item: Leftovers
|-heal|p1a: Magnezone|43/100|[from] item: Leftovers
|-damage|p2a: Vaporeon|32/100 brn|[from] brn
|upkeep
|turn|7
|
|t:|1760394060
|move|p2a: Vaporeon|Scald|p1a: Magnezone
|-damage|p1a: Magnezone|7/100
|move|p1a: Magnezone|Thunderbolt|p2a: Vaporeon
|-supereffective|p2a: Vaporeon
|-damage|p2a: Vaporeon|0 fnt
|faint|p2a: Vaporeon
|
|-weather|Snowscape|[upkeep]
|-heal|p1a: Magnezone|13/100|[from] item: Leftovers
|upkeep
|
|t:|1760394066
|switch|p2a: Tyranitar|Tyranitar, M|100/100
|-weather|Sandstorm|[from] ability: Sand Stream|[of] p2a: Tyranitar
|turn|8
|
|t:|1760394070
|move|p2a: Tyranitar|Knock Off|p1a: Magnezone
|-damage|p1a: Magnezone|0 fnt
|-enditem|p1a: Magnezone|Leftovers|[from] move: Knock Off|[of] p2a: Tyranitar
|faint|p1a: Magnezone
|
|-weather|Sandstorm|[upkeep]
|upkeep
|
|t:|1760394074
|switch|p1a: Weezing|Weezing-Galar, M|100/100
|turn|9
|
|t:|1760394079
|switch|p2a: Venusaur|Venusaur, M|100/100
|move|p1a: Weezing|Will-O-Wisp|p2a: Venusaur
|-status|p2a: Venusaur|brn
|
|-weather|Sandstorm|[upkeep]
|-damage|p2a: Venusaur|95/100 brn|[from] Sandstorm
|-damage|p1a: Weezing|95/100|[from] Sandstorm
|-heal|p1a: Weezing|100/100|[from] item: Leftovers
|-damage|p2a: Venusaur|89/100 brn|[from] brn
|upkeep
|turn|10
|
|t:|1760394086
|move|p2a: Venusaur|Earth Power|p1a: Weezing
|-immune|p1a: Weezing|[from] ability: Levitate
|move|p1a: Weezing|Gunk Shot|p2a: Venusaur
|-damage|p2a: Venusaur|37/100 brn
|
|-weather|Sandstorm|[upkeep]
|-damage|p2a: Venusaur|31/100 brn|[from] Sandstorm
|-damage|p1a: Weezing|95/100|[from] Sandstorm
|-heal|p1a: Weezing|100/100|[from] item: Leftovers
|-damage|p2a: Venusaur|25/100 brn|[from] brn
|upkeep
|turn|11
|
|t:|1760394101
|move|p2a: Venusaur|Sludge Bomb|p1a: Weezing
|-damage|p1a: Weezing|28/100
|-damage|p2a: Venusaur|15/100 brn|[from] item: Life Orb
|move|p1a: Weezing|Will-O-Wisp|p2a: Venusaur
|-fail|p2a: Venusaur|brn
|
|-weather|Sandstorm|[upkeep]
|-damage|p2a: Venusaur|9/100 brn|[from] Sandstorm
|-damage|p1a: Weezing|22/100|[from] Sandstorm
|-heal|p1a: Weezing|28/100|[from] item: Leftovers
|-damage|p2a: Venusaur|3/100 brn|[from] brn
|upkeep
|turn|12
|
|t:|1760394109
|switch|p1a: Gholdengo|Gholdengo|100/100
|move|p2a: Venusaur|Energy Ball|p1a: Gholdengo
|-resisted|p1a: Gholdengo
|-damage|p1a: Gholdengo|70/100
|-damage|p2a: Venusaur|0 fnt|[from] item: Life Orb
|faint|p2a: Venusaur
|
|-weather|none
|upkeep
|
|t:|1760394113
|switch|p2a: Tyranitar|Tyranitar, M|100/100
|-weather|Sandstorm|[from] ability: Sand Stream|[of] p2a: Tyranitar
|turn|13
|
|t:|1760394117
|switch|p1a: Weezing|Weezing-Galar, M|28/100
|move|p2a: Tyranitar|Knock Off|p1a: Weezing
|-resisted|p1a: Weezing
|-damage|p1a: Weezing|11/100
|-enditem|p1a: Weezing|Leftovers|[from] move: Knock Off|[of] p2a: Tyranitar
|
|-weather|Sandstorm|[upkeep]
|-damage|p1a: Weezing|5/100|[from] Sandstorm
|upkeep
|turn|14
|
|t:|1760394122
|move|p2a: Tyranitar|Knock Off|p1a: Weezing
|-resisted|p1a: Weezing
|-damage|p1a: Weezing|0 fnt
|faint|p1a: Weezing
|
|-weather|Sandstorm|[upkeep]
|upkeep
|
|t:|1760394131
|switch|p1a: Skeledirge|Skeledirge, M|100/100
|turn|15
|
|t:|1760394137
|-terastallize|p1a: Skeledirge|Water
|move|p2a: Tyranitar|Knock Off|p1a: Skeledirge
|-damage|p1a: Skeledirge|71/100
|-enditem|p1a: Skeledirge|Heavy-Duty Boots|[from] move: Knock Off|[of] p2a: Tyranitar
|move|p1a: Skeledirge|Will-O-Wisp|p2a: Tyranitar
|-status|p2a: Tyranitar|brn
|
|-weather|Sandstorm|[upkeep]
|-damage|p1a: Skeledirge|65/100|[from] Sandstorm
|-damage|p2a: Tyranitar|94/100 brn|[from] brn
|upkeep
|turn|16
|
|t:|1760394144
|switch|p2a: Arcanine|Arcanine, M|100/100
|-ability|p2a: Arcanine|Intimidate|boost
|-unboost|p1a: Skeledirge|atk|1
|move|p1a: Skeledirge|Slack Off|p1a: Skeledirge
|-heal|p1a: Skeledirge|100/100
|
|-weather|Sandstorm|[upkeep]
|-damage|p2a: Arcanine|94/100|[from] Sandstorm
|-damage|p1a: Skeledirge|94/100|[from] Sandstorm
|upkeep
|turn|17
|
|t:|1760394155
|move|p2a: Arcanine|Will-O-Wisp|p1a: Skeledirge
|-status|p1a: Skeledirge|brn
|move|p1a: Skeledirge|Torch Song|p2a: Arcanine
|-resisted|p2a: Arcanine
|-crit|p2a: Arcanine
|-damage|p2a: Arcanine|71/100
|-boost|p1a: Skeledirge|spa|1
|
|-weather|none
|-damage|p1a: Skeledirge|88/100 brn|[from] brn
|upkeep
|turn|18
|
|t:|1760394161
|move|p2a: Arcanine|Wild Charge|p1a: Skeledirge
|-supereffective|p1a: Skeledirge
|-damage|p1a: Skeledirge|51/100 brn
|-damage|p2a: Arcanine|61/100|[from] Recoil
|move|p1a: Skeledirge|Torch Song|p2a: Arcanine
|-resisted|p2a: Arcanine
|-damage|p2a: Arcanine|36/100
|-boost|p1a: Skeledirge|spa|1
|
|-damage|p1a: Skeledirge|45/100 brn|[from] brn
|upkeep
|turn|19
|
|t:|1760394176
|move|p2a: Arcanine|Morning Sun|p2a: Arcanine
|-heal|p2a: Arcanine|86/100
|move|p1a: Skeledirge|Slack Off|p1a: Skeledirge
|-heal|p1a: Skeledirge|95/100 brn
|
|-damage|p1a: Skeledirge|89/100 brn|[from] brn
|upkeep
|turn|20
|
|t:|1760394182
|move|p2a: Arcanine|Wild Charge|p1a: Skeledirge
|-supereffective|p1a: Skeledirge
|-damage|p1a: Skeledirge|53/100 brn
|-damage|p2a: Arcanine|76/100|[from] Recoil
|move|p1a: Skeledirge|Torch Song|p2a: Arcanine
|-resisted|p2a: Arcanine
|-damage|p2a: Arcanine|46/100
|-boost|p1a: Skeledirge|spa|1
|
|-damage|p1a: Skeledirge|47/100 brn|[from] brn
|upkeep
|turn|21
|
|t:|1760394197
|-terastallize|p2a: Arcanine|Electric
|move|p2a: Arcanine|Wild Charge|p1a: Skeledirge
|-supereffective|p1a: Skeledirge
|-damage|p1a: Skeledirge|0 fnt
|faint|p1a: Skeledirge
|-damage|p2a: Arcanine|33/100|[from] Recoil
|
|upkeep
|
|t:|1760394206
|switch|p1a: Gholdengo|Gholdengo|70/100
|turn|22
|
|t:|1760394210
|move|p1a: Gholdengo|Shadow Ball|p2a: Arcanine
|-damage|p2a: Arcanine|0 fnt
|faint|p2a: Arcanine
|
|upkeep
|
|t:|1760394219
|switch|p2a: Gyarados|Gyarados, M|100/100
|turn|23
|
|t:|1760394228
|move|p1a: Gholdengo|Shadow Ball|p2a: Gyarados
|-damage|p2a: Gyarados|59/100
|move|p2a: Gyarados|Dragon Dance|p2a: Gyarados
|-boost|p2a: Gyarados|atk|1
|-boost|p2a: Gyarados|spe|1
|
|upkeep
|turn|24
|
|t:|1760394233
|move|p1a: Gholdengo|Shadow Ball|p2a: Gyarados
|-damage|p2a: Gyarados|15/100
|-unboost|p2a: Gyarados|spd|1
|move|p2a: Gyarados|Earthquake|p1a: Gholdengo
|-supereffective|p1a: Gholdengo
|-damage|p1a: Gholdengo|0 fnt
|faint|p1a: Gholdengo
|-ability|p2a: Gyarados|Moxie|boost
|-boost|p2a: Gyarados|atk|1
|
|upkeep
|
|t:|1760394242
|switch|p1a: Slowking|Slowking, F|100/100
|turn|25
|
|t:|1760394245
|move|p2a: Gyarados|Earthquake|p1a: Slowking
|-damage|p1a: Slowking|24/100
|move|p1a: Slowking|Scald|p2a: Gyarados
|-resisted|p2a: Gyarados
|-damage|p2a: Gyarados|0 fnt
|faint|p2a: Gyarados
|
|upkeep
|
|t:|1760394250
|switch|p2a: Scizor|Scizor, M|100/100
|turn|26
|
|t:|1760394252
|move|p2a: Scizor|Swords Dance|p2a: Scizor
|-boost|p2a: Scizor|atk|2
|move|p1a: Slowking|Scald|p2a: Scizor
|-damage|p2a: Scizor|69/100
|
|-heal|p2a: Scizor|75/100|[from] item: Leftovers
|upkeep
|turn|27
|
|t:|1760394258
|move|p2a: Scizor|Bug Bite|p1a: Slowking
|-supereffective|p1a: Slowking
|-damage|p1a: Slowking|0 fnt
|faint|p1a: Slowking
|
|-heal|p2a: Scizor|81/100|[from] item: Leftovers
|upkeep
|-message|thegreatestnone forfeited.
|
|win|venjazanzhes123
|raw|thegreatestnone's rating: 1404 &rarr; <strong>1388</strong><br />(-16 for losing)
|raw|venjazanzhes123's rating: 1469 &rarr; <strong>1485</strong><br />(+16 for winning)
|l|☆thegreatestnone
|player|p1|
|l|☆venjazanzhes123
|player|p2|
