|j|☆cloudedvision
|j|☆80crawlinglegs
|t:|1760378567
|gametype|singles
|player|p1|cloudedvision|169|1155
|player|p2|80crawlinglegs|clay|1207
|gen|9
|tier|[Gen 9] OU
|rated|
|rule|HP Percentage Mod: HP is shown in percentages
|rule|Endless Battle Clause: Forcing endless battles is banned
|rule|Species Clause: Limit one of each Pokémon
|rule|OHKO Clause: OHKO moves are banned
|rule|Evasion Items Clause: Evasion items are banned
|rule|Evasion Moves Clause: Evasion moves are banned
|rule|Evasion Abilities Clause: Evasion abilities are banned
|rule|Sleep Moves Clause: Sleep-inducing moves are banned
|clearpoke
|poke|p1|Dragonite, M|
|poke|p1|Gholdengo|
|poke|p1|Regidrago|
|poke|p1|Scizor, M|
|poke|p1|Ting-Lu|
|poke|p1|Weezing-Galar, F|
|poke|p2|Clefable, M|
|poke|p2|Weezing, M|
|poke|p2|Tauros, M|
|poke|p2|Blastoise, F|
|poke|p2|Dragonite, F|
|poke|p2|Gengar, M|
|teampreview
|inactive|Battle timer is ON: inactive players will automatically lose when time's up. (requested by cloudedvision)
|
|t:|1760378588
|teamsize|p1|6
|teamsize|p2|6
|start
|switch|p1a: Scizor|Scizor, M|100/100
|switch|p2a: Splimpo|Blastoise, F|100/100
|turn|1
|
|t:|1760378606
|move|p2a: Splimpo|Shell Smash|p2a: Splimpo
|-unboost|p2a: Splimpo|def|1
|-unboost|p2a: Splimpo|spd|1
|-boost|p2a: Splimpo|atk|2
|-boost|p2a: Splimpo|spa|2
|-boost|p2a: Splimpo|spe|2
|-enditem|p2a: Splimpo|White Herb
|-clearnegativeboost|p2a: Splimpo|[silent]
|move|p1a: Scizor|U-turn|p2a: Splimpo
|-damage|p2a: Splimpo|27/100
|
|t:|1760378624
|switch|p1a: Gholdengo|Gholdengo|100/100|[from] U-turn
|
|upkeep
|turn|2
|inactive|cloudedvision has 120 seconds left.
|
|t:|1760378640
|move|p2a: Splimpo|Surf|p1a: Gholdengo
|-damage|p1a: Gholdengo|0 fnt
|faint|p1a: Gholdengo
|
|upkeep
|
|t:|1760378643
|switch|p1a: Dragonite|Dragonite, M|100/100
|turn|3
|
|t:|1760378650
|move|p1a: Dragonite|Extreme Speed|p2a: Splimpo
|-damage|p2a: Splimpo|0 fnt
|faint|p2a: Splimpo
|
|upkeep
|
|t:|1760378656
|switch|p2a: Heurgh|Weezing, M|100/100
|turn|4
|
|t:|1760378672
|switch|p1a: Scizor|Scizor, M|100/100
|move|p2a: Heurgh|Clear Smog|p1a: Scizor
|-immune|p1a: Scizor
|
|upkeep
|turn|5
|
|t:|1760378688
|move|p1a: Scizor|U-turn|p2a: Heurgh
|-resisted|p2a: Heurgh
|-damage|p2a: Heurgh|77/100
|
|t:|1760378694
|switch|p1a: Regidrago|Regidrago|100/100|[from] U-turn
|move|p2a: Heurgh|Flamethrower|p1a: Regidrago
|-resisted|p1a: Regidrago
|-damage|p1a: Regidrago|90/100
|
|-heal|p2a: Heurgh|83/100|[from] item: Black Sludge
|upkeep
|turn|6
|
|t:|1760378705
|move|p1a: Regidrago|Tera Blast|p2a: Heurgh
|-damage|p2a: Heurgh|57/100
|move|p2a: Heurgh|Toxic|p1a: Regidrago
|-status|p1a: Regidrago|tox
|
|-heal|p2a: Heurgh|63/100|[from] item: Black Sludge
|-damage|p1a: Regidrago|84/100 tox|[from] psn
|upkeep
|turn|7
|
|t:|1760378714
|switch|p1a: Weezing|Weezing-Galar, F|100/100
|-ability|p1a: Weezing|Neutralizing Gas
|move|p2a: Heurgh|Sludge Bomb|p1a: Weezing
|-damage|p1a: Weezing|58/100
|
|-heal|p2a: Heurgh|69/100|[from] item: Black Sludge
|upkeep
|turn|8
|
|t:|1760378727
|-end|p1a: Weezing|ability: Neutralizing Gas
|switch|p1a: Regidrago|Regidrago|84/100 tox
|move|p2a: Heurgh|Sludge Bomb|p1a: Regidrago
|-damage|p1a: Regidrago|52/100 tox
|
|-heal|p2a: Heurgh|75/100|[from] item: Black Sludge
|-damage|p1a: Regidrago|46/100 tox|[from] psn
|upkeep
|turn|9
|
|t:|1760378741
|move|p1a: Regidrago|Draco Meteor|p2a: Heurgh
|-damage|p2a: Heurgh|0 fnt
|-unboost|p1a: Regidrago|spa|2
|faint|p2a: Heurgh
|
|-damage|p1a: Regidrago|34/100 tox|[from] psn
|upkeep
|
|t:|1760378761
|switch|p2a: Angery|Tauros, M|100/100
|turn|10
|
|t:|1760378776
|move|p1a: Regidrago|Draco Meteor|p2a: Angery
|-damage|p2a: Angery|30/100
|-unboost|p1a: Regidrago|spa|2
|move|p2a: Angery|Work Up|p2a: Angery
|-boost|p2a: Angery|atk|1
|-boost|p2a: Angery|spa|1
|
|-damage|p1a: Regidrago|16/100 tox|[from] psn
|upkeep
|turn|11
|
|t:|1760378789
|move|p1a: Regidrago|Draco Meteor|p2a: Angery
|-damage|p2a: Angery|0 fnt
|-unboost|p1a: Regidrago|spa|2
|faint|p2a: Angery
|
|-damage|p1a: Regidrago|0 fnt|[from] psn
|faint|p1a: Regidrago
|upkeep
|
|t:|1760378802
|switch|p2a: Horm|Dragonite, F|100/100
|switch|p1a: Weezing|Weezing-Galar, F|58/100
|-ability|p1a: Weezing|Neutralizing Gas
|turn|12
|
|t:|1760378809
|move|p2a: Horm|Earthquake|p1a: Weezing
|-supereffective|p1a: Weezing
|-damage|p1a: Weezing|10/100
|move|p1a: Weezing|Will-O-Wisp|p2a: Horm
|-status|p2a: Horm|brn
|
|-damage|p2a: Horm|94/100 brn|[from] brn
|upkeep
|turn|13
|
|t:|1760378819
|move|p2a: Horm|Dragon Dance|p2a: Horm
|-boost|p2a: Horm|atk|1
|-boost|p2a: Horm|spe|1
|move|p1a: Weezing|Pain Split|p2a: Horm
|-sethp|p2a: Horm|52/100 brn|[from] move: Pain Split|[silent]
|-sethp|p1a: Weezing|51/100|[from] move: Pain Split
|
|-damage|p2a: Horm|46/100 brn|[from] brn
|upkeep
|turn|14
|
|t:|1760378838
|move|p2a: Horm|Earthquake|p1a: Weezing
|-supereffective|p1a: Weezing
|-damage|p1a: Weezing|13/100
|move|p1a: Weezing|Sludge Bomb|p2a: Horm
|-crit|p2a: Horm
|-damage|p2a: Horm|3/100 brn
|
|-damage|p2a: Horm|0 fnt|[from] brn
|faint|p2a: Horm
|upkeep
|
|t:|1760378846
|switch|p2a: buddy boy|Gengar, M|100/100
|turn|15
|
|t:|1760378859
|move|p2a: buddy boy|Nasty Plot|p2a: buddy boy
|-boost|p2a: buddy boy|spa|2
|move|p1a: Weezing|Will-O-Wisp|p2a: buddy boy
|-status|p2a: buddy boy|brn
|
|-damage|p2a: buddy boy|94/100 brn|[from] brn
|upkeep
|turn|16
|
|t:|1760378868
|move|p2a: buddy boy|Shadow Ball|p1a: Weezing
|-damage|p1a: Weezing|0 fnt
|faint|p1a: Weezing
|-end|p1a: Weezing|ability: Neutralizing Gas
|
|-damage|p2a: buddy boy|88/100 brn|[from] brn
|upkeep
|
|t:|1760378872
|switch|p1a: Dragonite|Dragonite, M|100/100
|turn|17
|
|t:|1760378881
|-terastallize|p1a: Dragonite|Normal
|move|p2a: buddy boy|Shadow Ball|p1a: Dragonite
|-immune|p1a: Dragonite
|move|p1a: Dragonite|Dragon Dance|p1a: Dragonite
|-boost|p1a: Dragonite|atk|1
|-boost|p1a: Dragonite|spe|1
|
|-damage|p2a: buddy boy|82/100 brn|[from] brn
|upkeep
|turn|18
|
|t:|1760378889
|move|p1a: Dragonite|Earthquake|p2a: buddy boy
|-supereffective|p2a: buddy boy
|-damage|p2a: buddy boy|0 fnt
|faint|p2a: buddy boy
|
|upkeep
|
|t:|1760378893
|switch|p2a: Friend Shaped|Clefable, M|100/100
|turn|19
|
|t:|1760378899
|move|p1a: Dragonite|Extreme Speed|p2a: Friend Shaped
|-damage|p2a: Friend Shaped|17/100
|move|p2a: Friend Shaped|Moonblast|p1a: Dragonite
|-damage|p1a: Dragonite|78/100
|
|-heal|p2a: Friend Shaped|23/100|[from] item: Leftovers
|upkeep
|turn|20
|
|t:|1760378907
|move|p1a: Dragonite|Extreme Speed|p2a: Friend Shaped
|-damage|p2a: Friend Shaped|0 fnt
|faint|p2a: Friend Shaped
|
|win|cloudedvision
|raw|cloudedvision's rating: 1155 &rarr; <strong>1184</strong><br />(+29 for winning)
|raw|80crawlinglegs's rating: 1207 &rarr; <strong>1178</strong><br />(-29 for losing)
|l|☆cloudedvision
|player|p1|
|c|☆80crawlinglegs|gg
|l|☆80crawlinglegs
|player|p2|
