|j|☆ineverhaxed
|j|☆joker_239
|t:|1760456017
|gametype|singles
|player|p1|ineverhaxed|102|1312
|player|p2|joker_239|265|1322
|gen|9
|tier|[Gen 9] OU
|rated|
|rule|HP Percentage Mod: HP is shown in percentages
|rule|Endless Battle Clause: Forcing endless battles is banned
|rule|Species Clause: Limit one of each Pokémon
|rule|OHKO Clause: OHKO moves are banned
|rule|Evasion Items Clause: Evasion items are banned
|rule|Evasion Moves Clause: Evasion moves are banned
|rule|Evasion Abilities Clause: Evasion abilities are banned
|rule|Sleep Moves Clause: Sleep-inducing moves are banned
|clearpoke
|poke|p1|Electrode-Hisui|
|poke|p1|Drifblim, F|
|poke|p1|Blissey, F|
|poke|p1|Darkrai|
|poke|p1|Cinderace, F|
|poke|p1|Lokix, F|
|poke|p2|Torkoal, F|
|poke|p2|Walking Wake|
|poke|p2|Alomomola, F|
|poke|p2|Iron Hands|
|poke|p2|Primarina, M|
|poke|p2|Ceruledge, M|
|teampreview
|
|t:|1760456029
|teamsize|p1|6
|teamsize|p2|6
|start
|switch|p1a: Darkrai|Darkrai|100/100
|switch|p2a: Torkoal|Torkoal, F|100/100
|-weather|SunnyDay|[from] ability: Drought|[of] p2a: Torkoal
|turn|1
|inactive|Battle timer is ON: inactive players will automatically lose when time's up. (requested by joker_239)
|
|t:|1760456041
|move|p1a: Darkrai|Dark Pulse|p2a: Torkoal
|-damage|p2a: Torkoal|42/100
|move|p2a: Torkoal|Stealth Rock|p1a: Darkrai
|-sidestart|p1: ineverhaxed|move: Stealth Rock
|
|-weather|SunnyDay|[upkeep]
|upkeep
|turn|2
|
|t:|1760456050
|switch|p1a: Cinderace|Cinderace, F|100/100
|-damage|p1a: Cinderace|76/100|[from] Stealth Rock
|switch|p2a: Primarina|Primarina, M|100/100
|
|-weather|SunnyDay|[upkeep]
|upkeep
|turn|3
|
|t:|1760456056
|move|p1a: Cinderace|Court Change|p1a: Cinderace
|-start|p1a: Cinderace|typechange|Normal|[from] ability: Libero
|-swapsideconditions
|-activate|p1a: Cinderace|move: Court Change
|move|p2a: Primarina|Moonblast|p1a: Cinderace
|-damage|p1a: Cinderace|1/100
|-enditem|p1a: Cinderace|Red Card|[of] p2a: Primarina
|drag|p2a: Torkoal|Torkoal, F|42/100
|-damage|p2a: Torkoal|18/100|[from] Stealth Rock
|
|-weather|SunnyDay|[upkeep]
|upkeep
|turn|4
|
|t:|1760456065
|move|p1a: Cinderace|Acrobatics|p2a: Torkoal
|-damage|p2a: Torkoal|0 fnt
|faint|p2a: Torkoal
|
|-weather|SunnyDay|[upkeep]
|upkeep
|
|t:|1760456068
|switch|p2a: Walking Wake|Walking Wake|100/100
|-damage|p2a: Walking Wake|88/100|[from] Stealth Rock
|-activate|p2a: Walking Wake|ability: Protosynthesis
|-start|p2a: Walking Wake|protosynthesisspe
|turn|5
|
|t:|1760456075
|switch|p1a: Blissey|Blissey, F|100/100
|move|p2a: Walking Wake|Hydro Steam|p1a: Blissey
|-damage|p1a: Blissey|63/100
|
|-weather|SunnyDay|[upkeep]
|-heal|p1a: Blissey|69/100|[from] item: Leftovers
|upkeep
|turn|6
|
|t:|1760456084
|-terastallize|p2a: Walking Wake|Water
|move|p2a: Walking Wake|Hydro Steam|p1a: Blissey
|-damage|p1a: Blissey|22/100
|move|p1a: Blissey|Shadow Ball|p2a: Walking Wake
|-damage|p2a: Walking Wake|67/100
|
|-weather|SunnyDay|[upkeep]
|-heal|p1a: Blissey|28/100|[from] item: Leftovers
|upkeep
|turn|7
|
|t:|1760456093
|move|p2a: Walking Wake|Hydro Steam|p1a: Blissey
|-damage|p1a: Blissey|0 fnt
|faint|p1a: Blissey
|
|-weather|SunnyDay|[upkeep]
|upkeep
|
|t:|1760456098
|switch|p1a: Lokix|Lokix, F|100/100
|turn|8
|
|t:|1760456110
|move|p2a: Walking Wake|Hydro Steam|p1a: Lokix
|-enditem|p1a: Lokix|Focus Sash
|-damage|p1a: Lokix|1/100
|move|p1a: Lokix|U-turn|p2a: Walking Wake
|-damage|p2a: Walking Wake|31/100
|
|t:|1760456118
|switch|p1a: Electrode|Electrode-Hisui|100/100|[from] U-turn
|
|-weather|none
|-end|p2a: Walking Wake|Protosynthesis
|upkeep
|turn|9
|
|t:|1760456123
|move|p1a: Electrode|Volt Switch|p2a: Walking Wake
|-supereffective|p2a: Walking Wake
|-damage|p2a: Walking Wake|0 fnt
|faint|p2a: Walking Wake
|-end|p2a: Walking Wake|Protosynthesis|[silent]
|-message|joker_239 forfeited.
|
|win|ineverhaxed
|raw|ineverhaxed's rating: 1312 &rarr; <strong>1333</strong><br />(+21 for winning)
|raw|joker_239's rating: 1322 &rarr; <strong>1301</strong><br />(-21 for losing)
|l|☆joker_239
|player|p2|
|l|☆ineverhaxed
|player|p1|
