|j|☆etsafebimbambom
|j|☆DogShed
|t:|1760445002
|gametype|singles
|player|p1|etsafebimbambom|266|1356
|player|p2|DogShed|102|1345
|gen|9
|tier|[Gen 9] OU
|rated|
|rule|HP Percentage Mod: HP is shown in percentages
|rule|Endless Battle Clause: Forcing endless battles is banned
|rule|Species Clause: Limit one of each Pokémon
|rule|OHKO Clause: OHKO moves are banned
|rule|Evasion Items Clause: Evasion items are banned
|rule|Evasion Moves Clause: Evasion moves are banned
|rule|Evasion Abilities Clause: Evasion abilities are banned
|rule|Sleep Moves Clause: Sleep-inducing moves are banned
|clearpoke
|poke|p1|Deoxys-Speed|
|poke|p1|Raging Bolt|
|poke|p1|Dragapult, M|
|poke|p1|Feraligatr, M|
|poke|p1|Serperior, M|
|poke|p1|Blaziken, M|
|poke|p2|Kingambit, F|
|poke|p2|Cinderace, F|
|poke|p2|Landorus-Therian, M|
|poke|p2|Iron Valiant|
|poke|p2|Kyurem|
|poke|p2|Slowking-Galar, M|
|teampreview
|inactive|Battle timer is ON: inactive players will automatically lose when time's up. (requested by DogShed)
|
|t:|1760445029
|teamsize|p1|6
|teamsize|p2|6
|start
|switch|p1a: ISHOWSPEED|Deoxys-Speed, shiny|100/100
|switch|p2a: Landorus|Landorus-Therian, M, shiny|100/100
|-ability|p1a: ISHOWSPEED|Pressure
|-ability|p2a: Landorus|Intimidate|boost
|-unboost|p1a: ISHOWSPEED|atk|1
|turn|1
|
|t:|1760445045
|move|p1a: ISHOWSPEED|Stealth Rock|p2a: Landorus
|-sidestart|p2: DogShed|move: Stealth Rock
|move|p2a: Landorus|Taunt|p1a: ISHOWSPEED
|-start|p1a: ISHOWSPEED|move: Taunt
|
|upkeep
|turn|2
|
|t:|1760445054
|move|p1a: ISHOWSPEED|Psycho Boost|p2a: Landorus
|-damage|p2a: Landorus|26/100
|-unboost|p1a: ISHOWSPEED|spa|2
|move|p2a: Landorus|Earthquake|p1a: ISHOWSPEED
|-damage|p1a: ISHOWSPEED|27/100
|
|upkeep
|turn|3
|
|t:|1760445066
|move|p1a: ISHOWSPEED|Psycho Boost|p2a: Landorus
|-damage|p2a: Landorus|0 fnt
|-unboost|p1a: ISHOWSPEED|spa|2
|faint|p2a: Landorus
|
|upkeep
|inactive|DogShed has 120 seconds left.
|inactive|DogShed has 90 seconds left.
|
|t:|1760445129
|switch|p2a: Slowking|Slowking-Galar, M, shiny|100/100
|turn|4
|inactive|DogShed has 90 seconds left.
|
|t:|1760445137
|switch|p1a: Chépa|Dragapult, M, shiny|100/100
|move|p2a: Slowking|Sludge Bomb|p1a: Chépa
|-resisted|p1a: Chépa
|-damage|p1a: Chépa|80/100
|
|upkeep
|turn|5
|inactive|DogShed has 90 seconds left.
|
|t:|1760445149
|move|p1a: Chépa|Light Screen|p1a: Chépa
|-sidestart|p1: etsafebimbambom|move: Light Screen
|move|p2a: Slowking|Psychic Noise|p1a: Chépa
|-damage|p1a: Chépa|65/100
|-start|p1a: Chépa|move: Heal Block
|
|upkeep
|turn|6
|
|t:|1760445158
|move|p1a: Chépa|Reflect|p1a: Chépa
|-sidestart|p1: etsafebimbambom|Reflect
|move|p2a: Slowking|Thunder Wave|p1a: Chépa
|-status|p1a: Chépa|par
|
|-end|p1a: Chépa|move: Heal Block
|upkeep
|turn|7
|
|t:|1760445165
|switch|p1a: Venom|Serperior, M, shiny|100/100
|move|p2a: Slowking|Sludge Bomb|p1a: Venom
|-supereffective|p1a: Venom
|-damage|p1a: Venom|58/100
|
|-heal|p1a: Venom|64/100|[from] item: Leftovers
|upkeep
|turn|8
|
|t:|1760445179
|move|p1a: Venom|Substitute|p1a: Venom
|-start|p1a: Venom|Substitute
|-damage|p1a: Venom|40/100
|move|p2a: Slowking|Sludge Bomb|p1a: Venom
|-supereffective|p1a: Venom
|-end|p1a: Venom|Substitute
|
|-heal|p1a: Venom|46/100|[from] item: Leftovers
|upkeep
|turn|9
|
|t:|1760445187
|move|p1a: Venom|Glare|p2a: Slowking
|-status|p2a: Slowking|par
|move|p2a: Slowking|Sludge Bomb|p1a: Venom
|-supereffective|p1a: Venom
|-damage|p1a: Venom|4/100
|-status|p1a: Venom|psn
|
|-heal|p1a: Venom|10/100 psn|[from] item: Leftovers
|-damage|p1a: Venom|0 fnt|[from] psn
|faint|p1a: Venom
|upkeep
|
|t:|1760445196
|switch|p1a: Lacoste|Feraligatr, M, shiny|100/100
|turn|10
|
|t:|1760445199
|move|p1a: Lacoste|Dragon Dance|p1a: Lacoste
|-boost|p1a: Lacoste|atk|1
|-boost|p1a: Lacoste|spe|1
|move|p2a: Slowking|Thunder Wave|p1a: Lacoste
|-status|p1a: Lacoste|par
|
|upkeep
|turn|11
|
|t:|1760445206
|move|p1a: Lacoste|Dragon Dance|p1a: Lacoste
|-boost|p1a: Lacoste|atk|1
|-boost|p1a: Lacoste|spe|1
|-prepare|p2a: Slowking|Chilly Reception|[premajor]
|cant|p2a: Slowking|par
|
|upkeep
|turn|12
|
|t:|1760445216
|move|p1a: Lacoste|Dragon Dance|p1a: Lacoste
|-boost|p1a: Lacoste|atk|1
|-boost|p1a: Lacoste|spe|1
|-prepare|p2a: Slowking|Chilly Reception|[premajor]
|cant|p2a: Slowking|par
|
|-sideend|p1: etsafebimbambom|move: Light Screen
|upkeep
|turn|13
|
|t:|1760445222
|cant|p1a: Lacoste|par
|-prepare|p2a: Slowking|Chilly Reception|[premajor]
|move|p2a: Slowking|Chilly Reception|p2a: Slowking
|-weather|Snowscape
|
|t:|1760445227
|switch|p2a: Kyurem|Kyurem, shiny|100/100|[from] Chilly Reception
|-damage|p2a: Kyurem|76/100|[from] Stealth Rock
|-ability|p2a: Kyurem|Pressure
|
|-weather|Snowscape|[upkeep]
|-heal|p2a: Kyurem|82/100|[from] item: Leftovers
|-sideend|p1: etsafebimbambom|Reflect
|upkeep
|turn|14
|
|t:|1760445238
|move|p1a: Lacoste|Crunch|p2a: Kyurem
|-damage|p2a: Kyurem|18/100
|move|p2a: Kyurem|Freeze-Dry|p1a: Lacoste
|-supereffective|p1a: Lacoste
|-damage|p1a: Lacoste|13/100 par
|
|-weather|Snowscape|[upkeep]
|-heal|p2a: Kyurem|24/100|[from] item: Leftovers
|upkeep
|turn|15
|
|t:|1760445247
|move|p1a: Lacoste|Crunch|p2a: Kyurem
|-damage|p2a: Kyurem|0 fnt
|faint|p2a: Kyurem
|
|-weather|Snowscape|[upkeep]
|upkeep
|
|t:|1760445258
|switch|p2a: Iron Valiant|Iron Valiant|100/100
|-damage|p2a: Iron Valiant|94/100|[from] Stealth Rock
|-enditem|p2a: Iron Valiant|Booster Energy
|-activate|p2a: Iron Valiant|ability: Quark Drive|[fromitem]
|-start|p2a: Iron Valiant|quarkdrivespe
|turn|16
|
|t:|1760445271
|move|p2a: Iron Valiant|Moonblast|p1a: Lacoste
|-damage|p1a: Lacoste|0 fnt
|faint|p1a: Lacoste
|
|-weather|Snowscape|[upkeep]
|upkeep
|
|t:|1760445276
|switch|p1a: KFC|Blaziken, M, shiny|100/100
|turn|17
|inactive|DogShed has 120 seconds left.
|
|t:|1760445321
|move|p1a: KFC|Protect|p1a: KFC
|-singleturn|p1a: KFC|Protect
|move|p2a: Iron Valiant|Calm Mind|p2a: Iron Valiant
|-boost|p2a: Iron Valiant|spa|1
|-boost|p2a: Iron Valiant|spd|1
|
|-weather|none
|-ability|p1a: KFC|Speed Boost|boost
|-boost|p1a: KFC|spe|1
|upkeep
|turn|18
|
|t:|1760445333
|move|p2a: Iron Valiant|Moonblast|p1a: KFC
|-enditem|p1a: KFC|Focus Sash
|-damage|p1a: KFC|1/100
|move|p1a: KFC|Swords Dance|p1a: KFC
|-boost|p1a: KFC|atk|2
|
|-ability|p1a: KFC|Speed Boost|boost
|-boost|p1a: KFC|spe|1
|upkeep
|turn|19
|
|t:|1760445346
|-end|p2a: Iron Valiant|Quark Drive|[silent]
|switch|p2a: Slowking|Slowking-Galar, M, shiny|100/100 par
|move|p1a: KFC|Temper Flare|p2a: Slowking
|-damage|p2a: Slowking|14/100 par
|
|-ability|p1a: KFC|Speed Boost|boost
|-boost|p1a: KFC|spe|1
|upkeep
|turn|20
|
|t:|1760445357
|move|p1a: KFC|Temper Flare|p2a: Slowking
|-damage|p2a: Slowking|0 fnt
|faint|p2a: Slowking
|
|-ability|p1a: KFC|Speed Boost|boost
|-boost|p1a: KFC|spe|1
|upkeep
|
|t:|1760445363
|switch|p2a: Cinderace|Cinderace, F, shiny|100/100
|turn|21
|
|t:|1760445370
|move|p1a: KFC|Close Combat|p2a: Cinderace
|-crit|p2a: Cinderace
|-damage|p2a: Cinderace|0 fnt
|-unboost|p1a: KFC|def|1
|-unboost|p1a: KFC|spd|1
|faint|p2a: Cinderace
|
|-ability|p1a: KFC|Speed Boost|boost
|-boost|p1a: KFC|spe|1
|upkeep
|-message|DogShed forfeited.
|
|win|etsafebimbambom
|raw|etsafebimbambom's rating: 1356 &rarr; <strong>1375</strong><br />(+19 for winning)
|raw|DogShed's rating: 1345 &rarr; <strong>1326</strong><br />(-19 for losing)
|l|☆DogShed
|player|p2|
|l|☆etsafebimbambom
|player|p1|
