|j|☆kuraiyagare
|j|☆ultracentrifuge
|t:|1760451960
|gametype|singles
|player|p1|kuraiyagare|mars|1383
|player|p2|ultracentrifuge|hilda-masters3|1412
|gen|9
|tier|[Gen 9] OU
|rated|
|rule|HP Percentage Mod: HP is shown in percentages
|rule|Endless Battle Clause: Forcing endless battles is banned
|rule|Species Clause: Limit one of each Pokémon
|rule|OHKO Clause: OHKO moves are banned
|rule|Evasion Items Clause: Evasion items are banned
|rule|Evasion Moves Clause: Evasion moves are banned
|rule|Evasion Abilities Clause: Evasion abilities are banned
|rule|Sleep Moves Clause: Sleep-inducing moves are banned
|clearpoke
|poke|p1|Bastiodon, F|
|poke|p1|Gardevoir, M|
|poke|p1|Talonflame, F|
|poke|p1|Lokix, M|
|poke|p1|Drifblim, M|
|poke|p1|Feraligatr, F|
|poke|p2|Landorus-Therian, M|
|poke|p2|Cinderace, M|
|poke|p2|Zamazenta-*|
|poke|p2|Slowking-Galar, M|
|poke|p2|Ogerpon-Wellspring, F|
|poke|p2|Hydreigon, M|
|teampreview
|
|t:|1760451993
|teamsize|p1|6
|teamsize|p2|6
|start
|switch|p1a: Bastiodon|Bastiodon, F|100/100
|switch|p2a: Cinderace|Cinderace, M|100/100
|turn|1
|
|t:|1760452004
|move|p2a: Cinderace|Will-O-Wisp|p1a: Bastiodon
|-status|p1a: Bastiodon|brn
|move|p1a: Bastiodon|Stealth Rock|p2a: Cinderace
|-sidestart|p2: ultracentrifuge|move: Stealth Rock
|
|-damage|p1a: Bastiodon|94/100 brn|[from] brn
|upkeep
|turn|2
|
|t:|1760452012
|switch|p1a: Feraligatr|Feraligatr, F|100/100
|move|p2a: Cinderace|Court Change|p2a: Cinderace
|-swapsideconditions
|-activate|p2a: Cinderace|move: Court Change
|
|upkeep
|turn|3
|
|t:|1760452015
|move|p2a: Cinderace|Will-O-Wisp|p1a: Feraligatr
|-status|p1a: Feraligatr|brn
|move|p1a: Feraligatr|Dragon Dance|p1a: Feraligatr
|-boost|p1a: Feraligatr|atk|1
|-boost|p1a: Feraligatr|spe|1
|
|-damage|p1a: Feraligatr|94/100 brn|[from] brn
|upkeep
|turn|4
|
|t:|1760452021
|switch|p2a: Ogerpon|Ogerpon-Wellspring, F|100/100
|move|p1a: Feraligatr|Dragon Dance|p1a: Feraligatr
|-boost|p1a: Feraligatr|atk|1
|-boost|p1a: Feraligatr|spe|1
|
|-damage|p1a: Feraligatr|88/100 brn|[from] brn
|upkeep
|turn|5
|
|t:|1760452024
|move|p1a: Feraligatr|Ice Punch|p2a: Ogerpon
|-damage|p2a: Ogerpon|47/100
|move|p2a: Ogerpon|Horn Leech|p1a: Feraligatr
|-supereffective|p1a: Feraligatr
|-damage|p1a: Feraligatr|0 fnt
|-heal|p2a: Ogerpon|92/100|[from] drain|[of] p1a: Feraligatr
|faint|p1a: Feraligatr
|
|upkeep
|
|t:|1760452027
|switch|p1a: Vatra|Talonflame, F|100/100
|turn|6
|
|t:|1760452032
|switch|p2a: Landorus|Landorus-Therian, M|100/100
|-ability|p2a: Landorus|Intimidate|boost
|-unboost|p1a: Vatra|atk|1
|move|p1a: Vatra|Brave Bird|p2a: Landorus
|-damage|p2a: Landorus|69/100
|-damage|p1a: Vatra|84/100|[from] item: Rocky Helmet|[of] p2a: Landorus
|-damage|p1a: Vatra|71/100|[from] Recoil
|
|upkeep
|turn|7
|
|t:|1760452052
|move|p1a: Vatra|Defog|p2a: Landorus
|-unboost|p2a: Landorus|evasion|1
|-sideend|p1: kuraiyagare|Stealth Rock|[from] move: Defog|[of] p1a: Vatra
|move|p2a: Landorus|U-turn|p1a: Vatra
|-resisted|p1a: Vatra
|-damage|p1a: Vatra|62/100
|
|t:|1760452074
|switch|p2a: Hydreigon|Hydreigon, M|100/100|[from] U-turn
|
|upkeep
|turn|8
|
|t:|1760452085
|switch|p1a: Bastiodon|Bastiodon, F|94/100 brn
|move|p2a: Hydreigon|Dark Pulse|p1a: Bastiodon
|-damage|p1a: Bastiodon|46/100 brn
|
|-damage|p1a: Bastiodon|40/100 brn|[from] brn
|upkeep
|turn|9
|
|t:|1760452092
|switch|p1a: Vatra|Talonflame, F|62/100
|move|p2a: Hydreigon|Dark Pulse|p1a: Vatra
|-damage|p1a: Vatra|0 fnt
|faint|p1a: Vatra
|
|upkeep
|
|t:|1760452095
|switch|p1a: Gardenia|Gardevoir, M|100/100
|-ability|p1a: Gardenia|Levitate|Trace|[from] ability: Trace|[of] p2a: Hydreigon
|turn|10
|
|t:|1760452106
|-terastallize|p2a: Hydreigon|Steel
|move|p2a: Hydreigon|Dark Pulse|p1a: Gardenia
|-damage|p1a: Gardenia|30/100
|move|p1a: Gardenia|Moonblast|p2a: Hydreigon
|-resisted|p2a: Hydreigon
|-damage|p2a: Hydreigon|72/100
|-unboost|p2a: Hydreigon|spa|1
|
|upkeep
|turn|11
|
|t:|1760452123
|move|p2a: Hydreigon|Dark Pulse|p1a: Gardenia
|-damage|p1a: Gardenia|0 fnt
|faint|p1a: Gardenia
|
|upkeep
|
|t:|1760452125
|switch|p1a: Drifflim|Drifblim, M|100/100
|turn|12
|
|t:|1760452134
|switch|p2a: Landorus|Landorus-Therian, M|69/100
|-ability|p2a: Landorus|Intimidate|boost
|-unboost|p1a: Drifflim|atk|1
|move|p1a: Drifflim|Calm Mind|p1a: Drifflim
|-boost|p1a: Drifflim|spa|1
|-boost|p1a: Drifflim|spd|1
|
|upkeep
|turn|13
|
|t:|1760452137
|move|p2a: Landorus|Stone Edge|p1a: Drifflim
|-supereffective|p1a: Drifflim
|-damage|p1a: Drifflim|22/100
|-enditem|p1a: Drifflim|Weakness Policy
|-boost|p1a: Drifflim|atk|2|[from] item: Weakness Policy
|-boost|p1a: Drifflim|spa|2|[from] item: Weakness Policy
|move|p1a: Drifflim|Strength Sap|p2a: Landorus
|-unboost|p2a: Landorus|atk|1
|-heal|p1a: Drifflim|97/100
|
|upkeep
|turn|14
|
|t:|1760452144
|move|p1a: Drifflim|Calm Mind|p1a: Drifflim
|-boost|p1a: Drifflim|spa|1
|-boost|p1a: Drifflim|spd|1
|move|p2a: Landorus|U-turn|p1a: Drifflim
|-resisted|p1a: Drifflim
|-damage|p1a: Drifflim|93/100
|
|t:|1760452151
|switch|p2a: Zamazenta|Zamazenta|100/100|[from] U-turn
|-ability|p2a: Zamazenta|Dauntless Shield|boost
|-boost|p2a: Zamazenta|def|1
|
|upkeep
|turn|15
|
|t:|1760452156
|move|p1a: Drifflim|Shadow Ball|p2a: Zamazenta
|-damage|p2a: Zamazenta|12/100
|move|p2a: Zamazenta|Roar|p1a: Drifflim
|drag|p1a: avg linux user|Lokix, M|100/100
|
|-heal|p2a: Zamazenta|18/100|[from] item: Leftovers
|upkeep
|turn|16
|
|t:|1760452161
|move|p1a: avg linux user|First Impression|p2a: Zamazenta
|-resisted|p2a: Zamazenta
|-crit|p2a: Zamazenta
|-damage|p2a: Zamazenta|0 fnt
|faint|p2a: Zamazenta
|
|upkeep
|
|t:|1760452178
|switch|p2a: Ogerpon|Ogerpon-Wellspring, F|92/100
|turn|17
|
|t:|1760452182
|switch|p1a: Bastiodon|Bastiodon, F|40/100 brn
|move|p2a: Ogerpon|Ivy Cudgel|p1a: Bastiodon|[anim] Ivy Cudgel Water
|-supereffective|p1a: Bastiodon
|-damage|p1a: Bastiodon|0 fnt
|faint|p1a: Bastiodon
|
|upkeep
|
|t:|1760452187
|switch|p1a: avg linux user|Lokix, M|100/100
|turn|18
|
|t:|1760452194
|switch|p2a: Landorus|Landorus-Therian, M|69/100
|-ability|p2a: Landorus|Intimidate|boost
|-unboost|p1a: avg linux user|atk|1
|switch|p1a: Drifflim|Drifblim, M|93/100
|
|upkeep
|turn|19
|
|t:|1760452198
|move|p2a: Landorus|U-turn|p1a: Drifflim
|-resisted|p1a: Drifflim
|-damage|p1a: Drifflim|86/100
|
|t:|1760452201
|switch|p2a: Slowking|Slowking-Galar, M|100/100|[from] U-turn
|move|p1a: Drifflim|Strength Sap|p2a: Slowking
|-unboost|p2a: Slowking|atk|1
|-heal|p1a: Drifflim|100/100
|
|upkeep
|turn|20
|
|t:|1760452206
|move|p1a: Drifflim|Calm Mind|p1a: Drifflim
|-boost|p1a: Drifflim|spa|1
|-boost|p1a: Drifflim|spd|1
|move|p2a: Slowking|Sludge Bomb|p1a: Drifflim
|-resisted|p1a: Drifflim
|-damage|p1a: Drifflim|85/100
|
|upkeep
|turn|21
|
|t:|1760452209
|move|p1a: Drifflim|Calm Mind|p1a: Drifflim
|-boost|p1a: Drifflim|spa|1
|-boost|p1a: Drifflim|spd|1
|move|p2a: Slowking|Sludge Bomb|p1a: Drifflim
|-resisted|p1a: Drifflim
|-damage|p1a: Drifflim|72/100
|
|upkeep
|turn|22
|
|t:|1760452213
|move|p1a: Drifflim|Calm Mind|p1a: Drifflim
|-boost|p1a: Drifflim|spa|1
|-boost|p1a: Drifflim|spd|1
|move|p2a: Slowking|Sludge Bomb|p1a: Drifflim
|-resisted|p1a: Drifflim
|-damage|p1a: Drifflim|63/100
|-status|p1a: Drifflim|psn
|
|-damage|p1a: Drifflim|50/100 psn|[from] psn
|upkeep
|turn|23
|
|t:|1760452216
|move|p1a: Drifflim|Shadow Ball|p2a: Slowking
|-supereffective|p2a: Slowking
|-crit|p2a: Slowking
|-damage|p2a: Slowking|0 fnt
|faint|p2a: Slowking
|
|-damage|p1a: Drifflim|38/100 psn|[from] psn
|upkeep
|
|t:|1760452222
|switch|p2a: Ogerpon|Ogerpon-Wellspring, F|92/100
|turn|24
|
|t:|1760452227
|move|p2a: Ogerpon|Ivy Cudgel|p1a: Drifflim|[anim] Ivy Cudgel Water
|-damage|p1a: Drifflim|0 fnt
|faint|p1a: Drifflim
|
|upkeep
|
|t:|1760452229
|switch|p1a: avg linux user|Lokix, M|100/100
|turn|25
|
|t:|1760452232
|switch|p2a: Landorus|Landorus-Therian, M|69/100
|-ability|p2a: Landorus|Intimidate|boost
|-unboost|p1a: avg linux user|atk|1
|move|p1a: avg linux user|First Impression|p2a: Landorus
|-resisted|p2a: Landorus
|-damage|p2a: Landorus|39/100
|-damage|p1a: avg linux user|84/100|[from] item: Rocky Helmet|[of] p2a: Landorus
|
|upkeep
|turn|26
|c|☆ultracentrifuge|gg
|-message|kuraiyagare forfeited.
|
|win|ultracentrifuge
|raw|kuraiyagare's rating: 1383 &rarr; <strong>1365</strong><br />(-18 for losing)
|raw|ultracentrifuge's rating: 1412 &rarr; <strong>1430</strong><br />(+18 for winning)
|l|☆kuraiyagare
|player|p1|
|l|☆ultracentrifuge
|player|p2|
