|j|☆sir_miestro
|j|☆animeGametestteam
|t:|1760393397
|gametype|singles
|player|p1|sir_miestro|blackbelt-gen4dp|1239
|player|p2|animeGametestteam|acetrainer-gen4dp|1255
|gen|9
|tier|[Gen 9] OU
|rated|
|rule|HP Percentage Mod: HP is shown in percentages
|rule|Endless Battle Clause: Forcing endless battles is banned
|rule|Species Clause: Limit one of each Pokémon
|rule|OHKO Clause: OHKO moves are banned
|rule|Evasion Items Clause: Evasion items are banned
|rule|Evasion Moves Clause: Evasion moves are banned
|rule|Evasion Abilities Clause: Evasion abilities are banned
|rule|Sleep Moves Clause: Sleep-inducing moves are banned
|clearpoke
|poke|p1|Blaziken, M|
|poke|p1|Kommo-o, M|
|poke|p1|Manaphy|
|poke|p1|Diancie|
|poke|p1|Bisharp, M|
|poke|p1|Bronzong|
|poke|p2|Hydreigon, M|
|poke|p2|Excadrill, M|
|poke|p2|Conkeldurr, M|
|poke|p2|Galvantula, M|
|poke|p2|Krookodile, M|
|poke|p2|Serperior, M|
|teampreview
|inactive|Battle timer is ON: inactive players will automatically lose when time's up. (requested by sir_miestro)
|
|t:|1760393402
|teamsize|p1|6
|teamsize|p2|6
|start
|switch|p1a: Bronzong|Bronzong|100/100
|switch|p2a: Galvantula|Galvantula, M|100/100
|turn|1
|
|t:|1760393410
|move|p2a: Galvantula|Sticky Web|p1a: Bronzong
|-sidestart|p1: sir_miestro|move: Sticky Web
|move|p1a: Bronzong|Calm Mind|p1a: Bronzong
|-boost|p1a: Bronzong|spa|1
|-boost|p1a: Bronzong|spd|1
|
|upkeep
|turn|2
|
|t:|1760393420
|move|p2a: Galvantula|Thunder Wave|p1a: Bronzong
|-status|p1a: Bronzong|par
|move|p1a: Bronzong|Iron Defense|p1a: Bronzong
|-boost|p1a: Bronzong|def|2
|
|upkeep
|turn|3
|
|t:|1760393428
|move|p2a: Galvantula|Bug Buzz|p1a: Bronzong
|-damage|p1a: Bronzong|76/100 par
|cant|p1a: Bronzong|par
|
|-heal|p1a: Bronzong|82/100 par|[from] item: Leftovers
|upkeep
|turn|4
|
|t:|1760393436
|switch|p2a: Conkeldurr|Conkeldurr, M|100/100
|cant|p1a: Bronzong|par
|
|-heal|p1a: Bronzong|88/100 par|[from] item: Leftovers
|-status|p2a: Conkeldurr|brn|[from] item: Flame Orb
|upkeep
|turn|5
|
|t:|1760393445
|move|p2a: Conkeldurr|Knock Off|p1a: Bronzong
|-supereffective|p1a: Bronzong
|-damage|p1a: Bronzong|40/100 par
|-enditem|p1a: Bronzong|Leftovers|[from] move: Knock Off|[of] p2a: Conkeldurr
|move|p1a: Bronzong|Psychic Noise|p2a: Conkeldurr
|-supereffective|p2a: Conkeldurr
|-damage|p2a: Conkeldurr|0 fnt
|faint|p2a: Conkeldurr
|
|upkeep
|
|t:|1760393459
|switch|p2a: Excadrill|Excadrill, M|100/100
|-ability|p2a: Excadrill|Mold Breaker
|turn|6
|
|t:|1760393464
|move|p2a: Excadrill|Earthquake|p1a: Bronzong
|-supereffective|p1a: Bronzong
|-damage|p1a: Bronzong|0 fnt
|faint|p1a: Bronzong
|
|upkeep
|
|t:|1760393480
|switch|p1a: Kommo-o|Kommo-o, M|100/100
|-activate|p1a: Kommo-o|move: Sticky Web
|-unboost|p1a: Kommo-o|spe|1
|turn|7
|
|t:|1760393490
|-terastallize|p2a: Excadrill|Ghost
|move|p2a: Excadrill|Swords Dance|p2a: Excadrill
|-boost|p2a: Excadrill|atk|2
|move|p1a: Kommo-o|Clangorous Soul|p1a: Kommo-o
|-boost|p1a: Kommo-o|atk|1
|-boost|p1a: Kommo-o|def|1
|-boost|p1a: Kommo-o|spa|1
|-boost|p1a: Kommo-o|spd|1
|-boost|p1a: Kommo-o|spe|1
|-damage|p1a: Kommo-o|68/100
|
|upkeep
|turn|8
|
|t:|1760393503
|move|p2a: Excadrill|Rapid Spin|p1a: Kommo-o
|-damage|p1a: Kommo-o|46/100
|-boost|p2a: Excadrill|spe|1
|move|p1a: Kommo-o|Dragon Claw|p2a: Excadrill
|-damage|p2a: Excadrill|27/100
|
|upkeep
|turn|9
|
|t:|1760393511
|move|p2a: Excadrill|Earthquake|p1a: Kommo-o
|-damage|p1a: Kommo-o|0 fnt
|faint|p1a: Kommo-o
|
|upkeep
|
|t:|1760393513
|switch|p1a: Bisharp|Bisharp, M|100/100
|-activate|p1a: Bisharp|move: Sticky Web
|-unboost|p1a: Bisharp|spe|1
|-ability|p1a: Bisharp|Defiant|boost
|-boost|p1a: Bisharp|atk|2
|turn|10
|
|t:|1760393526
|move|p1a: Bisharp|Sucker Punch|p2a: Excadrill
|-supereffective|p2a: Excadrill
|-damage|p2a: Excadrill|0 fnt
|faint|p2a: Excadrill
|
|upkeep
|
|t:|1760393532
|switch|p2a: Krookodile|Krookodile, M|100/100
|turn|11
|
|t:|1760393538
|move|p2a: Krookodile|Earthquake|p1a: Bisharp
|-supereffective|p1a: Bisharp
|-damage|p1a: Bisharp|30/100
|move|p1a: Bisharp|Iron Head|p2a: Krookodile
|-damage|p2a: Krookodile|0 fnt
|faint|p2a: Krookodile
|
|upkeep
|
|t:|1760393547
|switch|p2a: Serperior|Serperior, M|100/100
|turn|12
|
|t:|1760393552
|move|p2a: Serperior|Substitute|p2a: Serperior
|-start|p2a: Serperior|Substitute
|-damage|p2a: Serperior|76/100
|move|p1a: Bisharp|Rest|p1a: Bisharp
|-status|p1a: Bisharp|slp|[from] move: Rest
|-heal|p1a: Bisharp|100/100 slp|[silent]
|
|-heal|p2a: Serperior|82/100|[from] item: Leftovers
|upkeep
|turn|13
|
|t:|1760393562
|move|p2a: Serperior|Leech Seed|p1a: Bisharp
|-start|p1a: Bisharp|move: Leech Seed
|cant|p1a: Bisharp|slp
|move|p1a: Bisharp|Sleep Talk|p1a: Bisharp
|move|p1a: Bisharp|Rest||[from] move: Sleep Talk|[still]
|-fail|p1a: Bisharp
|
|-heal|p2a: Serperior|88/100|[from] item: Leftovers
|-damage|p1a: Bisharp|88/100 slp|[from] Leech Seed|[of] p2a: Serperior
|-heal|p2a: Serperior|99/100|[silent]
|upkeep
|turn|14
|
|t:|1760393574
|move|p2a: Serperior|Leaf Storm|p1a: Bisharp|[miss]
|-miss|p2a: Serperior|p1a: Bisharp
|cant|p1a: Bisharp|slp
|move|p1a: Bisharp|Sleep Talk|p1a: Bisharp
|move|p1a: Bisharp|Rest||[from] move: Sleep Talk|[still]
|-fail|p1a: Bisharp
|
|-heal|p2a: Serperior|100/100|[from] item: Leftovers
|-damage|p1a: Bisharp|76/100 slp|[from] Leech Seed|[of] p2a: Serperior
|upkeep
|turn|15
|
|t:|1760393587
|move|p2a: Serperior|Leaf Storm|p1a: Bisharp
|-resisted|p1a: Bisharp
|-damage|p1a: Bisharp|59/100 slp
|-boost|p2a: Serperior|spa|2
|-curestatus|p1a: Bisharp|slp|[msg]
|move|p1a: Bisharp|Iron Head|p2a: Serperior
|-end|p2a: Serperior|Substitute
|
|-damage|p1a: Bisharp|47/100|[from] Leech Seed|[of] p2a: Serperior
|upkeep
|turn|16
|
|t:|1760393599
|switch|p1a: Blaziken|Blaziken, M|100/100
|-activate|p1a: Blaziken|move: Sticky Web
|-unboost|p1a: Blaziken|spe|1
|move|p2a: Serperior|Substitute|p2a: Serperior
|-start|p2a: Serperior|Substitute
|-damage|p2a: Serperior|76/100
|
|-heal|p2a: Serperior|82/100|[from] item: Leftovers
|upkeep
|turn|17
|
|t:|1760393609
|move|p2a: Serperior|Glare|p1a: Blaziken
|-status|p1a: Blaziken|par
|move|p1a: Blaziken|Flare Blitz|p2a: Serperior
|-supereffective|p2a: Serperior
|-end|p2a: Serperior|Substitute
|-damage|p1a: Blaziken|91/100 par|[from] Recoil|[of] p2a: Serperior
|
|-heal|p2a: Serperior|88/100|[from] item: Leftovers
|-heal|p1a: Blaziken|97/100 par|[from] item: Leftovers
|-ability|p1a: Blaziken|Speed Boost|boost
|-boost|p1a: Blaziken|spe|1
|upkeep
|turn|18
|
|t:|1760393622
|move|p2a: Serperior|Substitute|p2a: Serperior
|-start|p2a: Serperior|Substitute
|-damage|p2a: Serperior|63/100
|move|p1a: Blaziken|Flare Blitz|p2a: Serperior
|-supereffective|p2a: Serperior
|-end|p2a: Serperior|Substitute
|-damage|p1a: Blaziken|87/100 par|[from] Recoil|[of] p2a: Serperior
|
|-heal|p2a: Serperior|69/100|[from] item: Leftovers
|-heal|p1a: Blaziken|93/100 par|[from] item: Leftovers
|-ability|p1a: Blaziken|Speed Boost|boost
|-boost|p1a: Blaziken|spe|1
|upkeep
|turn|19
|
|t:|1760393634
|move|p2a: Serperior|Substitute|p2a: Serperior
|-start|p2a: Serperior|Substitute
|-damage|p2a: Serperior|44/100
|cant|p1a: Blaziken|par
|
|-heal|p2a: Serperior|51/100|[from] item: Leftovers
|-heal|p1a: Blaziken|99/100 par|[from] item: Leftovers
|-ability|p1a: Blaziken|Speed Boost|boost
|-boost|p1a: Blaziken|spe|1
|upkeep
|turn|20
|
|t:|1760393644
|move|p2a: Serperior|Leech Seed|p1a: Blaziken
|-start|p1a: Blaziken|move: Leech Seed
|move|p1a: Blaziken|Flare Blitz|p2a: Serperior
|-supereffective|p2a: Serperior
|-end|p2a: Serperior|Substitute
|-damage|p1a: Blaziken|90/100 par|[from] Recoil|[of] p2a: Serperior
|
|-heal|p2a: Serperior|57/100|[from] item: Leftovers
|-heal|p1a: Blaziken|96/100 par|[from] item: Leftovers
|-damage|p1a: Blaziken|83/100 par|[from] Leech Seed|[of] p2a: Serperior
|-heal|p2a: Serperior|67/100|[silent]
|-ability|p1a: Blaziken|Speed Boost|boost
|-boost|p1a: Blaziken|spe|1
|upkeep
|turn|21
|
|t:|1760393656
|switch|p1a: Bisharp|Bisharp, M|47/100
|-activate|p1a: Bisharp|move: Sticky Web
|-unboost|p1a: Bisharp|spe|1
|-ability|p1a: Bisharp|Defiant|boost
|-boost|p1a: Bisharp|atk|2
|move|p2a: Serperior|Substitute|p2a: Serperior
|-start|p2a: Serperior|Substitute
|-damage|p2a: Serperior|42/100
|
|-heal|p2a: Serperior|49/100|[from] item: Leftovers
|upkeep
|turn|22
|
|t:|1760393667
|move|p2a: Serperior|Leech Seed|p1a: Bisharp
|-start|p1a: Bisharp|move: Leech Seed
|move|p1a: Bisharp|Rest|p1a: Bisharp
|-status|p1a: Bisharp|slp|[from] move: Rest
|-heal|p1a: Bisharp|100/100 slp|[silent]
|
|-heal|p2a: Serperior|55/100|[from] item: Leftovers
|-damage|p1a: Bisharp|88/100 slp|[from] Leech Seed|[of] p2a: Serperior
|-heal|p2a: Serperior|67/100|[silent]
|upkeep
|turn|23
|
|t:|1760393678
|move|p2a: Serperior|Leaf Storm|p1a: Bisharp|[miss]
|-miss|p2a: Serperior|p1a: Bisharp
|cant|p1a: Bisharp|slp
|move|p1a: Bisharp|Sleep Talk|p1a: Bisharp
|move|p1a: Bisharp|Iron Head|p2a: Serperior|[from] move: Sleep Talk
|-end|p2a: Serperior|Substitute
|
|-heal|p2a: Serperior|73/100|[from] item: Leftovers
|-damage|p1a: Bisharp|76/100 slp|[from] Leech Seed|[of] p2a: Serperior
|-heal|p2a: Serperior|84/100|[silent]
|upkeep
|turn|24
|
|t:|1760393691
|move|p2a: Serperior|Substitute|p2a: Serperior
|-start|p2a: Serperior|Substitute
|-damage|p2a: Serperior|59/100
|cant|p1a: Bisharp|slp
|move|p1a: Bisharp|Sleep Talk|p1a: Bisharp
|move|p1a: Bisharp|Rest||[from] move: Sleep Talk|[still]
|-fail|p1a: Bisharp
|
|-heal|p2a: Serperior|66/100|[from] item: Leftovers
|-damage|p1a: Bisharp|64/100 slp|[from] Leech Seed|[of] p2a: Serperior
|-heal|p2a: Serperior|77/100|[silent]
|upkeep
|turn|25
|
|t:|1760393704
|move|p2a: Serperior|Leaf Storm|p1a: Bisharp
|-resisted|p1a: Bisharp
|-damage|p1a: Bisharp|29/100 slp
|-boost|p2a: Serperior|spa|2
|-curestatus|p1a: Bisharp|slp|[msg]
|move|p1a: Bisharp|Rest|p1a: Bisharp
|-status|p1a: Bisharp|slp|[from] move: Rest
|-heal|p1a: Bisharp|100/100 slp|[silent]
|
|-heal|p2a: Serperior|84/100|[from] item: Leftovers
|-damage|p1a: Bisharp|88/100 slp|[from] Leech Seed|[of] p2a: Serperior
|-heal|p2a: Serperior|95/100|[silent]
|upkeep
|turn|26
|
|t:|1760393719
|move|p2a: Serperior|Leaf Storm|p1a: Bisharp
|-resisted|p1a: Bisharp
|-damage|p1a: Bisharp|40/100 slp
|-boost|p2a: Serperior|spa|2
|cant|p1a: Bisharp|slp
|move|p1a: Bisharp|Sleep Talk|p1a: Bisharp
|move|p1a: Bisharp|Sucker Punch||[from] move: Sleep Talk|[still]
|-fail|p1a: Bisharp
|
|-heal|p2a: Serperior|100/100|[from] item: Leftovers
|-damage|p1a: Bisharp|28/100 slp|[from] Leech Seed|[of] p2a: Serperior
|upkeep
|turn|27
|
|t:|1760393733
|move|p2a: Serperior|Leaf Storm|p1a: Bisharp
|-resisted|p1a: Bisharp
|-damage|p1a: Bisharp|0 fnt
|faint|p1a: Bisharp
|
|upkeep
|
|t:|1760393742
|switch|p1a: Blaziken|Blaziken, M|83/100 par
|-activate|p1a: Blaziken|move: Sticky Web
|-unboost|p1a: Blaziken|spe|1
|turn|28
|
|t:|1760393747
|move|p2a: Serperior|Leaf Storm|p1a: Blaziken
|-resisted|p1a: Blaziken
|-damage|p1a: Blaziken|0 fnt
|faint|p1a: Blaziken
|
|upkeep
|
|t:|1760393760
|switch|p1a: Manaphy|Manaphy|100/100
|-activate|p1a: Manaphy|move: Sticky Web
|-unboost|p1a: Manaphy|spe|1
|turn|29
|
|t:|1760393765
|-terastallize|p1a: Manaphy|Poison
|move|p2a: Serperior|Leech Seed|p1a: Manaphy
|-start|p1a: Manaphy|move: Leech Seed
|move|p1a: Manaphy|Ice Beam|p2a: Serperior
|-supereffective|p2a: Serperior
|-end|p2a: Serperior|Substitute
|
|-damage|p1a: Manaphy|88/100|[from] Leech Seed|[of] p2a: Serperior
|upkeep
|turn|30
|
|t:|1760393776
|move|p2a: Serperior|Substitute|p2a: Serperior
|-start|p2a: Serperior|Substitute
|-damage|p2a: Serperior|76/100
|move|p1a: Manaphy|Ice Beam|p2a: Serperior
|-supereffective|p2a: Serperior
|-end|p2a: Serperior|Substitute
|
|-heal|p2a: Serperior|82/100|[from] item: Leftovers
|-heal|p1a: Manaphy|94/100|[from] item: Leftovers
|-damage|p1a: Manaphy|82/100|[from] Leech Seed|[of] p2a: Serperior
|-heal|p2a: Serperior|94/100|[silent]
|upkeep
|turn|31
|
|t:|1760393787
|switch|p1a: Diancie|Diancie|100/100
|-activate|p1a: Diancie|move: Sticky Web
|-fail|p1a: Diancie|unboost|[from] ability: Clear Body|[of] p1a: Diancie
|move|p2a: Serperior|Substitute|p2a: Serperior
|-start|p2a: Serperior|Substitute
|-damage|p2a: Serperior|69/100
|
|-heal|p2a: Serperior|75/100|[from] item: Leftovers
|upkeep
|turn|32
|
|t:|1760393797
|switch|p1a: Manaphy|Manaphy, tera:Poison|82/100
|-activate|p1a: Manaphy|move: Sticky Web
|-unboost|p1a: Manaphy|spe|1
|move|p2a: Serperior|Leech Seed|p1a: Manaphy
|-start|p1a: Manaphy|move: Leech Seed
|
|-heal|p2a: Serperior|81/100|[from] item: Leftovers
|-heal|p1a: Manaphy|88/100|[from] item: Leftovers
|-damage|p1a: Manaphy|76/100|[from] Leech Seed|[of] p2a: Serperior
|-heal|p2a: Serperior|93/100|[silent]
|upkeep
|turn|33
|
|t:|1760393808
|move|p2a: Serperior|Glare|p1a: Manaphy
|-status|p1a: Manaphy|par
|move|p1a: Manaphy|Ice Beam|p2a: Serperior
|-supereffective|p2a: Serperior
|-end|p2a: Serperior|Substitute
|
|-heal|p2a: Serperior|99/100|[from] item: Leftovers
|-heal|p1a: Manaphy|82/100 par|[from] item: Leftovers
|-damage|p1a: Manaphy|70/100 par|[from] Leech Seed|[of] p2a: Serperior
|-heal|p2a: Serperior|100/100|[silent]
|upkeep
|turn|34
|
|t:|1760393820
|switch|p1a: Diancie|Diancie|100/100
|-activate|p1a: Diancie|move: Sticky Web
|-fail|p1a: Diancie|unboost|[from] ability: Clear Body|[of] p1a: Diancie
|move|p2a: Serperior|Substitute|p2a: Serperior
|-start|p2a: Serperior|Substitute
|-damage|p2a: Serperior|76/100
|
|-heal|p2a: Serperior|82/100|[from] item: Leftovers
|upkeep
|turn|35
|
|t:|1760393830
|switch|p1a: Manaphy|Manaphy, tera:Poison|70/100 par
|-activate|p1a: Manaphy|move: Sticky Web
|-unboost|p1a: Manaphy|spe|1
|move|p2a: Serperior|Leech Seed|p1a: Manaphy
|-start|p1a: Manaphy|move: Leech Seed
|
|-heal|p2a: Serperior|88/100|[from] item: Leftovers
|-heal|p1a: Manaphy|76/100 par|[from] item: Leftovers
|-damage|p1a: Manaphy|64/100 par|[from] Leech Seed|[of] p2a: Serperior
|-heal|p2a: Serperior|99/100|[silent]
|upkeep
|turn|36
|
|t:|1760393845
|move|p2a: Serperior|Leech Seed||[still]
|-fail|p2a: Serperior
|cant|p1a: Manaphy|par
|
|-heal|p2a: Serperior|100/100|[from] item: Leftovers
|-heal|p1a: Manaphy|70/100 par|[from] item: Leftovers
|-damage|p1a: Manaphy|57/100 par|[from] Leech Seed|[of] p2a: Serperior
|upkeep
|turn|37
|
|t:|1760393854
|switch|p1a: Diancie|Diancie|100/100
|-activate|p1a: Diancie|move: Sticky Web
|-fail|p1a: Diancie|unboost|[from] ability: Clear Body|[of] p1a: Diancie
|move|p2a: Serperior|Leech Seed|p1a: Diancie
|-start|p1a: Diancie|move: Leech Seed
|
|-damage|p1a: Diancie|88/100|[from] Leech Seed|[of] p2a: Serperior
|upkeep
|turn|38
|
|t:|1760393865
|switch|p1a: Manaphy|Manaphy, tera:Poison|57/100 par
|-activate|p1a: Manaphy|move: Sticky Web
|-unboost|p1a: Manaphy|spe|1
|move|p2a: Serperior|Leaf Storm|p1a: Manaphy
|-resisted|p1a: Manaphy
|-damage|p1a: Manaphy|0 fnt
|faint|p1a: Manaphy
|
|upkeep
|
|t:|1760393869
|switch|p1a: Diancie|Diancie|88/100
|-activate|p1a: Diancie|move: Sticky Web
|-fail|p1a: Diancie|unboost|[from] ability: Clear Body|[of] p1a: Diancie
|turn|39
|
|t:|1760393879
|move|p2a: Serperior|Leech Seed|p1a: Diancie
|-start|p1a: Diancie|move: Leech Seed
|move|p1a: Diancie|Calm Mind|p1a: Diancie
|-boost|p1a: Diancie|spa|1
|-boost|p1a: Diancie|spd|1
|
|-heal|p1a: Diancie|94/100|[from] item: Leftovers
|-damage|p1a: Diancie|82/100|[from] Leech Seed|[of] p2a: Serperior
|upkeep
|turn|40
|
|t:|1760393888
|move|p2a: Serperior|Glare|p1a: Diancie
|-status|p1a: Diancie|par
|move|p1a: Diancie|Draining Kiss|p2a: Serperior
|-end|p2a: Serperior|Substitute
|-heal|p1a: Diancie|100/100 par|[from] drain|[of] p2a: Serperior
|
|-damage|p1a: Diancie|88/100 par|[from] Leech Seed|[of] p2a: Serperior
|upkeep
|turn|41
|
|t:|1760393899
|switch|p2a: Galvantula|Galvantula, M|100/100
|move|p1a: Diancie|Calm Mind|p1a: Diancie
|-boost|p1a: Diancie|spa|1
|-boost|p1a: Diancie|spd|1
|
|-heal|p1a: Diancie|94/100 par|[from] item: Leftovers
|-damage|p1a: Diancie|82/100 par|[from] Leech Seed|[of] p2a: Galvantula
|upkeep
|turn|42
|
|t:|1760393910
|move|p2a: Galvantula|Thunder|p1a: Diancie
|-damage|p1a: Diancie|64/100 par
|move|p1a: Diancie|Diamond Storm|p2a: Galvantula
|-supereffective|p2a: Galvantula
|-enditem|p2a: Galvantula|Focus Sash
|-damage|p2a: Galvantula|1/100
|-boost|p1a: Diancie|def|2
|
|-heal|p1a: Diancie|70/100 par|[from] item: Leftovers
|-damage|p1a: Diancie|58/100 par|[from] Leech Seed|[of] p2a: Galvantula
|-heal|p2a: Galvantula|14/100|[silent]
|upkeep
|turn|43
|
|t:|1760393923
|move|p2a: Galvantula|Thunder|p1a: Diancie
|-damage|p1a: Diancie|40/100 par
|cant|p1a: Diancie|par
|
|-heal|p1a: Diancie|46/100 par|[from] item: Leftovers
|-damage|p1a: Diancie|33/100 par|[from] Leech Seed|[of] p2a: Galvantula
|-heal|p2a: Galvantula|28/100|[silent]
|upkeep
|turn|44
|
|t:|1760393932
|move|p2a: Galvantula|Thunder|p1a: Diancie
|-damage|p1a: Diancie|15/100 par
|move|p1a: Diancie|Draining Kiss|p2a: Galvantula
|-damage|p2a: Galvantula|0 fnt
|-heal|p1a: Diancie|34/100 par|[from] drain|[of] p2a: Galvantula
|faint|p2a: Galvantula
|
|-heal|p1a: Diancie|41/100 par|[from] item: Leftovers
|upkeep
|
|t:|1760393943
|switch|p2a: Hydreigon|Hydreigon, M|100/100
|turn|45
|
|t:|1760393947
|move|p2a: Hydreigon|Flash Cannon|p1a: Diancie
|-supereffective|p1a: Diancie
|-damage|p1a: Diancie|0 fnt
|faint|p1a: Diancie
|
|win|animeGametestteam
|raw|sir_miestro's rating: 1239 &rarr; <strong>1215</strong><br />(-24 for losing)
|raw|animeGametestteam's rating: 1255 &rarr; <strong>1279</strong><br />(+24 for winning)
|l|☆sir_miestro
|player|p1|
