|j|☆Eradorr
|j|☆CourtTre
|t:|1760441576
|gametype|singles
|player|p1|Eradorr|1|1285
|player|p2|CourtTre|clair|1310
|gen|9
|tier|[Gen 9] OU
|rated|
|rule|HP Percentage Mod: HP is shown in percentages
|rule|Endless Battle Clause: Forcing endless battles is banned
|rule|Species Clause: Limit one of each Pokémon
|rule|OHKO Clause: OHKO moves are banned
|rule|Evasion Items Clause: Evasion items are banned
|rule|Evasion Moves Clause: Evasion moves are banned
|rule|Evasion Abilities Clause: Evasion abilities are banned
|rule|Sleep Moves Clause: Sleep-inducing moves are banned
|clearpoke
|poke|p1|Dragapult, M|
|poke|p1|Hoopa-Unbound|
|poke|p1|Great Tusk|
|poke|p1|Slowking-Galar, M|
|poke|p1|Zapdos|
|poke|p1|Ogerpon-Wellspring, F|
|poke|p2|Pelipper, F|
|poke|p2|Thundurus-Therian, M|
|poke|p2|Ogerpon-Wellspring, F|
|poke|p2|Barraskewda, M|
|poke|p2|Floatzel, M|
|poke|p2|Politoed, M|
|teampreview
|
|t:|1760441582
|teamsize|p1|6
|teamsize|p2|6
|start
|switch|p1a: Hoopa|Hoopa-Unbound|100/100
|switch|p2a: Pelipper|Pelipper, F|100/100
|-weather|RainDance|[from] ability: Drizzle|[of] p2a: Pelipper
|turn|1
|
|t:|1760441605
|switch|p2a: Thundurus|Thundurus-Therian, M|100/100
|move|p1a: Hoopa|Dark Pulse|p2a: Thundurus
|-damage|p2a: Thundurus|0 fnt
|faint|p2a: Thundurus
|
|-weather|RainDance|[upkeep]
|upkeep
|inactive|Battle timer is ON: inactive players will automatically lose when time's up. (requested by CourtTre)
|
|t:|1760441613
|switch|p2a: Barraskewda|Barraskewda, M, shiny|100/100
|turn|2
|
|t:|1760441616
|switch|p1a: Ogerpon|Ogerpon-Wellspring, F|100/100
|move|p2a: Barraskewda|Liquidation|p1a: Ogerpon
|-immune|p1a: Ogerpon|[from] ability: Water Absorb
|
|-weather|RainDance|[upkeep]
|upkeep
|turn|3
|
|t:|1760441628
|switch|p2a: Politoed|Politoed, M|100/100
|move|p1a: Ogerpon|Horn Leech|p2a: Politoed
|-supereffective|p2a: Politoed
|-damage|p2a: Politoed|5/100
|
|-weather|RainDance|[upkeep]
|upkeep
|turn|4
|
|t:|1760441634
|move|p1a: Ogerpon|Spikes|p2a: Politoed
|-sidestart|p2: CourtTre|Spikes
|move|p2a: Politoed|Earth Power|p1a: Ogerpon
|-resisted|p1a: Ogerpon
|-damage|p1a: Ogerpon|86/100
|
|-weather|RainDance|[upkeep]
|upkeep
|turn|5
|
|t:|1760441637
|move|p1a: Ogerpon|Spikes|p2a: Politoed
|-sidestart|p2: CourtTre|Spikes
|move|p2a: Politoed|Psychic|p1a: Ogerpon
|-damage|p1a: Ogerpon|57/100
|
|-weather|RainDance|[upkeep]
|upkeep
|turn|6
|
|t:|1760441642
|move|p1a: Ogerpon|Horn Leech|p2a: Politoed
|-supereffective|p2a: Politoed
|-damage|p2a: Politoed|0 fnt
|-heal|p1a: Ogerpon|60/100|[from] drain|[of] p2a: Politoed
|faint|p2a: Politoed
|
|-weather|RainDance|[upkeep]
|upkeep
|
|t:|1760441646
|switch|p2a: Ogerpon|Ogerpon-Wellspring, F|100/100
|-damage|p2a: Ogerpon|84/100|[from] Spikes
|turn|7
|
|t:|1760441649
|switch|p1a: Zapdos|Zapdos|100/100
|move|p2a: Ogerpon|Wood Hammer|p1a: Zapdos
|-resisted|p1a: Zapdos
|-damage|p1a: Zapdos|56/100
|-status|p2a: Ogerpon|par|[from] ability: Static|[of] p1a: Zapdos
|-damage|p2a: Ogerpon|68/100 par|[from] Recoil
|
|-weather|RainDance|[upkeep]
|upkeep
|turn|8
|
|t:|1760441656
|move|p1a: Zapdos|Volt Switch|p2a: Ogerpon
|-damage|p2a: Ogerpon|25/100 par
|
|t:|1760441659
|switch|p1a: Ogerpon|Ogerpon-Wellspring, F|60/100|[from] Volt Switch
|cant|p2a: Ogerpon|par
|
|-weather|none
|upkeep
|turn|9
|
|t:|1760441666
|move|p1a: Ogerpon|Horn Leech|p2a: Ogerpon
|-damage|p2a: Ogerpon|0 fnt
|-heal|p1a: Ogerpon|72/100|[from] drain|[of] p2a: Ogerpon
|faint|p2a: Ogerpon
|
|upkeep
|
|t:|1760441668
|switch|p2a: Pelipper|Pelipper, F|100/100
|-weather|RainDance|[from] ability: Drizzle|[of] p2a: Pelipper
|turn|10
|
|t:|1760441672
|move|p1a: Ogerpon|U-turn|p2a: Pelipper
|-resisted|p2a: Pelipper
|-damage|p2a: Pelipper|87/100
|
|t:|1760441675
|switch|p1a: Zapdos|Zapdos|56/100|[from] U-turn
|move|p2a: Pelipper|Hurricane|p1a: Zapdos
|-resisted|p1a: Zapdos
|-damage|p1a: Zapdos|26/100
|
|-weather|RainDance|[upkeep]
|upkeep
|turn|11
|
|t:|1760441685
|-terastallize|p2a: Pelipper|Ground
|move|p1a: Zapdos|Discharge|p2a: Pelipper
|-immune|p2a: Pelipper
|move|p2a: Pelipper|Weather Ball|p1a: Zapdos
|-damage|p1a: Zapdos|0 fnt
|faint|p1a: Zapdos
|
|-weather|RainDance|[upkeep]
|upkeep
|
|t:|1760441689
|switch|p1a: Ogerpon|Ogerpon-Wellspring, F|72/100
|turn|12
|
|t:|1760441698
|-terastallize|p1a: Ogerpon|Water
|detailschange|p1a: Ogerpon|Ogerpon-Wellspring-Tera, F, tera:Water
|-ability|p1a: Ogerpon|Embody Aspect (Wellspring)|boost
|-boost|p1a: Ogerpon|spd|1
|move|p1a: Ogerpon|Ivy Cudgel|p2a: Pelipper|[anim] Ivy Cudgel Water
|-supereffective|p2a: Pelipper
|-damage|p2a: Pelipper|0 fnt
|faint|p2a: Pelipper
|
|-weather|RainDance|[upkeep]
|upkeep
|
|t:|1760441705
|switch|p2a: Barraskewda|Barraskewda, M, shiny|100/100
|-damage|p2a: Barraskewda|84/100|[from] Spikes
|turn|13
|
|t:|1760441712
|switch|p1a: Dragapult|Dragapult, M|100/100
|move|p2a: Barraskewda|Psychic Fangs|p1a: Dragapult
|-damage|p1a: Dragapult|39/100
|
|-weather|RainDance|[upkeep]
|upkeep
|turn|14
|
|t:|1760441718
|switch|p1a: Hoopa|Hoopa-Unbound|100/100
|move|p2a: Barraskewda|Psychic Fangs|p1a: Hoopa
|-immune|p1a: Hoopa
|
|-weather|RainDance|[upkeep]
|upkeep
|turn|15
|
|t:|1760441724
|switch|p2a: Floatzel|Floatzel, M|100/100
|-damage|p2a: Floatzel|84/100|[from] Spikes
|move|p1a: Hoopa|Dark Pulse|p2a: Floatzel
|-damage|p2a: Floatzel|0 fnt
|faint|p2a: Floatzel
|
|-weather|RainDance|[upkeep]
|upkeep
|-message|CourtTre forfeited.
|
|win|Eradorr
|raw|Eradorr's rating: 1285 &rarr; <strong>1312</strong><br />(+27 for winning)
|raw|CourtTre's rating: 1310 &rarr; <strong>1289</strong><br />(-21 for losing)
|l|☆CourtTre
|player|p2|
|l|☆Eradorr
|player|p1|
