|j|☆modegobelin
|j|☆ch1ck3n nu99ets
|t:|1760331910
|gametype|singles
|player|p1|modegobelin|169|1667
|player|p2|ch1ck3n nu99ets|170|1631
|gen|9
|tier|[Gen 9] OU
|rated|
|rule|HP Percentage Mod: HP is shown in percentages
|rule|Endless Battle Clause: Forcing endless battles is banned
|rule|Species Clause: Limit one of each Pokémon
|rule|OHKO Clause: OHKO moves are banned
|rule|Evasion Items Clause: Evasion items are banned
|rule|Evasion Moves Clause: Evasion moves are banned
|rule|Evasion Abilities Clause: Evasion abilities are banned
|rule|Sleep Moves Clause: Sleep-inducing moves are banned
|clearpoke
|poke|p1|Ninetales, M|
|poke|p1|Great Tusk|
|poke|p1|Raging Bolt|
|poke|p1|Ting-Lu|
|poke|p1|Pecharunt|
|poke|p1|Zamazenta-*|
|poke|p2|Pelipper, M|
|poke|p2|Basculegion, M|
|poke|p2|Manaphy|
|poke|p2|Scizor, F|
|poke|p2|Iron Valiant|
|poke|p2|Sandy Shocks|
|teampreview
|inactive|Battle timer is ON: inactive players will automatically lose when time's up. (requested by ch1ck3n nu99ets)
|
|t:|1760331945
|teamsize|p1|6
|teamsize|p2|6
|start
|switch|p1a: Raging Bolt|Raging Bolt|100/100
|switch|p2a: Scizor|Scizor, F|100/100
|turn|1
|
|t:|1760331951
|move|p1a: Raging Bolt|Thunderbolt|p2a: Scizor
|-damage|p2a: Scizor|37/100
|-enditem|p2a: Scizor|Sitrus Berry|[eat]
|-heal|p2a: Scizor|62/100|[from] item: Sitrus Berry
|move|p2a: Scizor|U-turn|p1a: Raging Bolt
|-damage|p1a: Raging Bolt|63/100
|
|t:|1760331960
|switch|p2a: Sandy Shocks|Sandy Shocks|100/100|[from] U-turn
|-enditem|p2a: Sandy Shocks|Booster Energy
|-activate|p2a: Sandy Shocks|ability: Protosynthesis|[fromitem]
|-start|p2a: Sandy Shocks|protosynthesisspa
|
|upkeep
|turn|2
|
|t:|1760331968
|-end|p2a: Sandy Shocks|Protosynthesis|[silent]
|switch|p2a: Basculegion|Basculegion, M|100/100
|-end|p1a: Raging Bolt|Protosynthesis|[silent]
|switch|p1a: Ting-Lu|Ting-Lu|100/100
|-ability|p1a: Ting-Lu|Vessel of Ruin
|
|upkeep
|turn|3
|
|t:|1760331972
|switch|p1a: Ninetales|Ninetales, M|100/100
|-weather|SunnyDay|[from] ability: Drought|[of] p1a: Ninetales
|move|p2a: Basculegion|Flip Turn|p1a: Ninetales
|-supereffective|p1a: Ninetales
|-damage|p1a: Ninetales|32/100
|
|t:|1760331974
|switch|p2a: Pelipper|Pelipper, M|100/100|[from] Flip Turn
|-weather|RainDance|[from] ability: Drizzle|[of] p2a: Pelipper
|
|-weather|RainDance|[upkeep]
|upkeep
|turn|4
|
|t:|1760331981
|switch|p1a: Raging Bolt|Raging Bolt|63/100
|move|p2a: Pelipper|U-turn|p1a: Raging Bolt
|-damage|p1a: Raging Bolt|54/100
|
|t:|1760331996
|switch|p2a: Sandy Shocks|Sandy Shocks|100/100|[from] U-turn
|
|-weather|RainDance|[upkeep]
|upkeep
|turn|5
|
|t:|1760332005
|move|p2a: Sandy Shocks|Stealth Rock|p1a: Raging Bolt
|-sidestart|p1: modegobelin|move: Stealth Rock
|move|p1a: Raging Bolt|Weather Ball|p2a: Sandy Shocks
|-supereffective|p2a: Sandy Shocks
|-damage|p2a: Sandy Shocks|0 fnt
|faint|p2a: Sandy Shocks
|-end|p2a: Sandy Shocks|Protosynthesis|[silent]
|
|-weather|RainDance|[upkeep]
|upkeep
|
|t:|1760332010
|switch|p2a: Basculegion|Basculegion, M|100/100
|turn|6
|
|t:|1760332015
|-terastallize|p2a: Basculegion|Ghost
|move|p1a: Raging Bolt|Thunderclap|p2a: Basculegion
|-damage|p2a: Basculegion|50/100
|move|p2a: Basculegion|Tera Blast|p1a: Raging Bolt|[anim] Tera Blast Ghost
|-damage|p1a: Raging Bolt|0 fnt
|faint|p1a: Raging Bolt
|-end|p1a: Raging Bolt|Protosynthesis|[silent]
|
|-weather|RainDance|[upkeep]
|upkeep
|
|t:|1760332021
|switch|p1a: Ninetales|Ninetales, M|32/100
|-damage|p1a: Ninetales|7/100|[from] Stealth Rock
|-weather|SunnyDay|[from] ability: Drought|[of] p1a: Ninetales
|turn|7
|
|t:|1760332031
|switch|p2a: Pelipper|Pelipper, M|100/100
|-weather|RainDance|[from] ability: Drizzle|[of] p2a: Pelipper
|move|p1a: Ninetales|Weather Ball|p2a: Pelipper
|-resisted|p2a: Pelipper
|-damage|p2a: Pelipper|59/100
|
|-weather|RainDance|[upkeep]
|upkeep
|turn|8
|
|t:|1760332036
|move|p1a: Ninetales|Weather Ball|p2a: Pelipper
|-resisted|p2a: Pelipper
|-damage|p2a: Pelipper|20/100
|move|p2a: Pelipper|U-turn|p1a: Ninetales
|-resisted|p1a: Ninetales
|-damage|p1a: Ninetales|0 fnt
|faint|p1a: Ninetales
|
|t:|1760332040
|switch|p2a: Basculegion|Basculegion, M, tera:Ghost|50/100|[from] U-turn
|
|-weather|RainDance|[upkeep]
|upkeep
|
|t:|1760332056
|switch|p1a: Zamazenta|Zamazenta|100/100
|-damage|p1a: Zamazenta|94/100|[from] Stealth Rock
|-ability|p1a: Zamazenta|Dauntless Shield|boost
|-boost|p1a: Zamazenta|def|1
|turn|9
|
|t:|1760332062
|move|p2a: Basculegion|Flip Turn|p1a: Zamazenta
|-damage|p1a: Zamazenta|65/100
|
|t:|1760332065
|switch|p2a: Iron Valiant|Iron Valiant|100/100|[from] Flip Turn
|-enditem|p2a: Iron Valiant|Booster Energy
|-activate|p2a: Iron Valiant|ability: Quark Drive|[fromitem]
|-start|p2a: Iron Valiant|quarkdrivespe
|move|p1a: Zamazenta|Crunch|p2a: Iron Valiant
|-resisted|p2a: Iron Valiant
|-damage|p2a: Iron Valiant|93/100
|
|-weather|RainDance|[upkeep]
|-heal|p1a: Zamazenta|72/100|[from] item: Leftovers
|upkeep
|turn|10
|
|t:|1760332074
|switch|p1a: Pecharunt|Pecharunt|100/100
|move|p2a: Iron Valiant|Encore||[still]
|-fail|p2a: Iron Valiant
|
|-weather|RainDance|[upkeep]
|upkeep
|turn|11
|
|t:|1760332081
|-end|p2a: Iron Valiant|Quark Drive|[silent]
|switch|p2a: Scizor|Scizor, F|62/100
|move|p1a: Pecharunt|Malignant Chain|p2a: Scizor
|-immune|p2a: Scizor
|
|-weather|RainDance|[upkeep]
|upkeep
|turn|12
|
|t:|1760332087
|move|p1a: Pecharunt|Hex|p2a: Scizor
|-damage|p2a: Scizor|39/100
|move|p2a: Scizor|Knock Off|p1a: Pecharunt
|-supereffective|p1a: Pecharunt
|-damage|p1a: Pecharunt|54/100
|-enditem|p1a: Pecharunt|Heavy-Duty Boots|[from] move: Knock Off|[of] p2a: Scizor
|
|-weather|RainDance|[upkeep]
|upkeep
|turn|13
|
|t:|1760332090
|move|p1a: Pecharunt|Recover|p1a: Pecharunt
|-heal|p1a: Pecharunt|100/100
|move|p2a: Scizor|U-turn|p1a: Pecharunt
|-resisted|p1a: Pecharunt
|-damage|p1a: Pecharunt|95/100
|
|t:|1760332098
|switch|p2a: Manaphy|Manaphy|100/100|[from] U-turn
|
|-weather|RainDance|[upkeep]
|upkeep
|turn|14
|
|t:|1760332104
|move|p2a: Manaphy|Surf|p1a: Pecharunt
|-damage|p1a: Pecharunt|38/100
|move|p1a: Pecharunt|Malignant Chain|p2a: Manaphy
|-damage|p2a: Manaphy|72/100
|
|-weather|none
|upkeep
|turn|15
|
|t:|1760332110
|move|p2a: Manaphy|Tail Glow|p2a: Manaphy
|-boost|p2a: Manaphy|spa|3
|move|p1a: Pecharunt|Malignant Chain|p2a: Manaphy
|-damage|p2a: Manaphy|42/100
|
|upkeep
|turn|16
|
|t:|1760332118
|move|p2a: Manaphy|Surf|p1a: Pecharunt
|-damage|p1a: Pecharunt|0 fnt
|faint|p1a: Pecharunt
|
|upkeep
|
|t:|1760332141
|switch|p1a: Ting-Lu|Ting-Lu|100/100
|-damage|p1a: Ting-Lu|94/100|[from] Stealth Rock
|-ability|p1a: Ting-Lu|Vessel of Ruin
|turn|17
|
|t:|1760332146
|-terastallize|p1a: Ting-Lu|Poison
|move|p2a: Manaphy|Surf|p1a: Ting-Lu
|-damage|p1a: Ting-Lu|53/100
|move|p1a: Ting-Lu|Whirlwind|p2a: Manaphy
|drag|p2a: Pelipper|Pelipper, M|20/100
|-weather|RainDance|[from] ability: Drizzle|[of] p2a: Pelipper
|
|-weather|RainDance|[upkeep]
|-heal|p1a: Ting-Lu|59/100|[from] item: Leftovers
|upkeep
|turn|18
|
|t:|1760332153
|switch|p1a: Great Tusk|Great Tusk|100/100
|-damage|p1a: Great Tusk|98/100|[from] Stealth Rock
|move|p2a: Pelipper|Knock Off|p1a: Great Tusk
|-resisted|p1a: Great Tusk
|-damage|p1a: Great Tusk|93/100
|-enditem|p1a: Great Tusk|Leftovers|[from] move: Knock Off|[of] p2a: Pelipper
|
|-weather|RainDance|[upkeep]
|upkeep
|turn|19
|
|t:|1760332172
|move|p1a: Great Tusk|Ice Spinner|p2a: Pelipper
|-damage|p2a: Pelipper|2/100
|move|p2a: Pelipper|U-turn|p1a: Great Tusk
|-resisted|p1a: Great Tusk
|-damage|p1a: Great Tusk|90/100
|
|t:|1760332174
|switch|p2a: Basculegion|Basculegion, M, tera:Ghost|50/100|[from] U-turn
|
|-weather|RainDance|[upkeep]
|upkeep
|turn|20
|
|t:|1760332183
|move|p2a: Basculegion|Flip Turn|p1a: Great Tusk
|-supereffective|p1a: Great Tusk
|-damage|p1a: Great Tusk|11/100
|
|t:|1760332185
|switch|p2a: Scizor|Scizor, F|39/100|[from] Flip Turn
|move|p1a: Great Tusk|Headlong Rush|p2a: Scizor
|-damage|p2a: Scizor|0 fnt
|-unboost|p1a: Great Tusk|def|1
|-unboost|p1a: Great Tusk|spd|1
|faint|p2a: Scizor
|
|-weather|RainDance|[upkeep]
|upkeep
|
|t:|1760332187
|switch|p2a: Basculegion|Basculegion, M, tera:Ghost|50/100
|turn|21
|
|t:|1760332189
|move|p2a: Basculegion|Wave Crash|p1a: Great Tusk
|-supereffective|p1a: Great Tusk
|-damage|p1a: Great Tusk|0 fnt
|faint|p1a: Great Tusk
|-end|p1a: Great Tusk|Protosynthesis|[silent]
|-damage|p2a: Basculegion|46/100|[from] Recoil
|
|-weather|RainDance|[upkeep]
|upkeep
|
|t:|1760332192
|switch|p1a: Ting-Lu|Ting-Lu, tera:Poison|59/100
|-damage|p1a: Ting-Lu|47/100|[from] Stealth Rock
|-ability|p1a: Ting-Lu|Vessel of Ruin
|turn|22
|
|t:|1760332195
|move|p2a: Basculegion|Wave Crash|p1a: Ting-Lu
|-damage|p1a: Ting-Lu|0 fnt
|faint|p1a: Ting-Lu
|-damage|p2a: Basculegion|25/100|[from] Recoil
|
|-weather|RainDance|[upkeep]
|upkeep
|
|t:|1760332197
|switch|p1a: Zamazenta|Zamazenta|72/100
|-damage|p1a: Zamazenta|65/100|[from] Stealth Rock
|turn|23
|
|t:|1760332200
|move|p2a: Basculegion|Wave Crash|p1a: Zamazenta
|-damage|p1a: Zamazenta|0 fnt
|faint|p1a: Zamazenta
|-damage|p2a: Basculegion|3/100|[from] Recoil
|
|win|ch1ck3n nu99ets
|raw|modegobelin's rating: 1667 &rarr; <strong>1645</strong><br />(-22 for losing)
|raw|ch1ck3n nu99ets's rating: 1631 &rarr; <strong>1653</strong><br />(+22 for winning)
|c|☆ch1ck3n nu99ets|gg
|l|☆modegobelin
|player|p1|
|l|☆ch1ck3n nu99ets
|player|p2|
