|j|☆alpha wan
|j|☆tytjejejeo
|t:|1760396437
|gametype|singles
|player|p1|alpha wan|dragontamer|1476
|player|p2|tytjejejeo|102|1450
|gen|9
|tier|[Gen 9] OU
|rated|
|rule|HP Percentage Mod: HP is shown in percentages
|rule|Endless Battle Clause: Forcing endless battles is banned
|rule|Species Clause: Limit one of each Pokémon
|rule|OHKO Clause: OHKO moves are banned
|rule|Evasion Items Clause: Evasion items are banned
|rule|Evasion Moves Clause: Evasion moves are banned
|rule|Evasion Abilities Clause: Evasion abilities are banned
|rule|Sleep Moves Clause: Sleep-inducing moves are banned
|clearpoke
|poke|p1|Ogerpon-Wellspring, F|
|poke|p1|Kingambit, M|
|poke|p1|Landorus-Therian, M|
|poke|p1|Glimmora, F|
|poke|p1|Dragapult, M|
|poke|p1|Iron Valiant|
|poke|p2|Gyarados, M|
|poke|p2|Moltres|
|poke|p2|Corviknight, F|
|poke|p2|Latias, F|
|poke|p2|Gliscor, F|
|poke|p2|Arbok, F|
|teampreview
|
|t:|1760396455
|teamsize|p1|6
|teamsize|p2|6
|start
|switch|p1a: Ogerpon|Ogerpon-Wellspring, F|100/100
|switch|p2a: Gliscor|Gliscor, F|100/100
|turn|1
|
|t:|1760396471
|move|p1a: Ogerpon|Ivy Cudgel|p2a: Gliscor|[anim] Ivy Cudgel Water
|-supereffective|p2a: Gliscor
|-damage|p2a: Gliscor|26/100
|move|p2a: Gliscor|Toxic|p1a: Ogerpon
|-status|p1a: Ogerpon|tox
|
|-damage|p1a: Ogerpon|95/100 tox|[from] psn
|-status|p2a: Gliscor|tox|[from] item: Toxic Orb
|upkeep
|turn|2
|
|t:|1760396484
|switch|p1a: Glimmora|Glimmora, F|100/100
|switch|p2a: Latias|Latias, F|100/100
|
|upkeep
|turn|3
|
|t:|1760396491
|switch|p1a: Kingambit|Kingambit, M|100/100
|move|p2a: Latias|Calm Mind|p2a: Latias
|-boost|p2a: Latias|spa|1
|-boost|p2a: Latias|spd|1
|
|upkeep
|turn|4
|inactive|Battle timer is ON: inactive players will automatically lose when time's up. (requested by alpha wan)
|
|t:|1760396503
|-terastallize|p2a: Latias|Poison
|move|p2a: Latias|Calm Mind|p2a: Latias
|-boost|p2a: Latias|spa|1
|-boost|p2a: Latias|spd|1
|move|p1a: Kingambit|Kowtow Cleave|p2a: Latias
|-damage|p2a: Latias|62/100
|-enditem|p2a: Latias|Kee Berry|[eat]
|-boost|p2a: Latias|def|1|[from] item: Kee Berry
|
|upkeep
|turn|5
|
|t:|1760396517
|move|p2a: Latias|Aura Sphere|p1a: Kingambit
|-supereffective|p1a: Kingambit
|-damage|p1a: Kingambit|0 fnt
|faint|p1a: Kingambit
|-end|p1a: Kingambit|fallenundefined|[silent]
|
|upkeep
|
|t:|1760396530
|switch|p1a: Iron Valiant|Iron Valiant|100/100
|-enditem|p1a: Iron Valiant|Booster Energy
|-activate|p1a: Iron Valiant|ability: Quark Drive|[fromitem]
|-start|p1a: Iron Valiant|quarkdrivespe
|turn|6
|
|t:|1760396535
|move|p1a: Iron Valiant|Encore|p2a: Latias
|-start|p2a: Latias|Encore
|move|p2a: Latias|Aura Sphere|p1a: Iron Valiant
|-resisted|p1a: Iron Valiant
|-damage|p1a: Iron Valiant|67/100
|
|upkeep
|turn|7
|
|t:|1760396545
|switch|p2a: Corviknight|Corviknight, F|100/100
|-ability|p2a: Corviknight|Pressure
|move|p1a: Iron Valiant|Swords Dance|p1a: Iron Valiant
|-boost|p1a: Iron Valiant|atk|2
|
|upkeep
|turn|8
|
|t:|1760396553
|move|p1a: Iron Valiant|Knock Off|p2a: Corviknight
|-damage|p2a: Corviknight|49/100
|-enditem|p2a: Corviknight|Leftovers|[from] move: Knock Off|[of] p1a: Iron Valiant
|move|p2a: Corviknight|Brave Bird|p1a: Iron Valiant
|-supereffective|p1a: Iron Valiant
|-damage|p1a: Iron Valiant|0 fnt
|faint|p1a: Iron Valiant
|-end|p1a: Iron Valiant|Quark Drive|[silent]
|-damage|p2a: Corviknight|33/100|[from] Recoil
|
|upkeep
|
|t:|1760396563
|switch|p1a: Glimmora|Glimmora, F|100/100
|turn|9
|
|t:|1760396566
|move|p1a: Glimmora|Meteor Beam||[still]
|-prepare|p1a: Glimmora|Meteor Beam
|-boost|p1a: Glimmora|spa|1
|-enditem|p1a: Glimmora|Power Herb
|-anim|p1a: Glimmora|Meteor Beam|p2a: Corviknight|[miss]
|-miss|p1a: Glimmora|p2a: Corviknight
|move|p2a: Corviknight|Roost|p2a: Corviknight
|-heal|p2a: Corviknight|83/100
|-singleturn|p2a: Corviknight|move: Roost
|
|upkeep
|turn|10
|
|t:|1760396575
|move|p1a: Glimmora|Spikes|p2a: Corviknight
|-sidestart|p2: tytjejejeo|Spikes
|move|p2a: Corviknight|U-turn|p1a: Glimmora
|-resisted|p1a: Glimmora
|-damage|p1a: Glimmora|91/100
|-activate|p1a: Glimmora|ability: Toxic Debris
|-sidestart|p2: tytjejejeo|move: Toxic Spikes
|
|t:|1760396584
|switch|p2a: Gliscor|Gliscor, F|26/100 tox|[from] U-turn
|
|-heal|p2a: Gliscor|38/100 tox|[from] ability: Poison Heal
|upkeep
|turn|11
|
|t:|1760396591
|switch|p1a: Ogerpon|Ogerpon-Wellspring, F|95/100 tox
|move|p2a: Gliscor|Earthquake|p1a: Ogerpon
|-resisted|p1a: Ogerpon
|-damage|p1a: Ogerpon|72/100 tox
|
|-damage|p1a: Ogerpon|66/100 tox|[from] psn
|-heal|p2a: Gliscor|51/100 tox|[from] ability: Poison Heal
|upkeep
|turn|12
|
|t:|1760396600
|move|p2a: Gliscor|Protect|p2a: Gliscor
|-singleturn|p2a: Gliscor|Protect
|move|p1a: Ogerpon|Ivy Cudgel|p2a: Gliscor|[anim] Ivy Cudgel Water
|-activate|p2a: Gliscor|move: Protect
|
|-damage|p1a: Ogerpon|54/100 tox|[from] psn
|-heal|p2a: Gliscor|63/100 tox|[from] ability: Poison Heal
|upkeep
|turn|13
|
|t:|1760396608
|switch|p2a: Arbok|Arbok, F|100/100
|-damage|p2a: Arbok|88/100|[from] Spikes
|-sideend|p2: tytjejejeo|move: Toxic Spikes|[of] p2a: Arbok
|-ability|p2a: Arbok|Intimidate|boost
|-unboost|p1a: Ogerpon|atk|1
|move|p1a: Ogerpon|Horn Leech|p2a: Arbok
|-resisted|p2a: Arbok
|-damage|p2a: Arbok|73/100
|-heal|p1a: Ogerpon|62/100 tox|[from] drain|[of] p2a: Arbok
|
|-heal|p2a: Arbok|80/100|[from] item: Black Sludge
|-damage|p1a: Ogerpon|44/100 tox|[from] psn
|upkeep
|turn|14
|
|t:|1760396621
|switch|p1a: Landorus|Landorus-Therian, M|100/100
|-ability|p1a: Landorus|Intimidate|boost
|-unboost|p2a: Arbok|atk|1
|move|p2a: Arbok|Toxic|p1a: Landorus
|-status|p1a: Landorus|tox
|
|-heal|p2a: Arbok|86/100|[from] item: Black Sludge
|-damage|p1a: Landorus|94/100 tox|[from] psn
|upkeep
|turn|15
|-message|alpha wan forfeited.
|
|win|tytjejejeo
|raw|alpha wan's rating: 1476 &rarr; <strong>1455</strong><br />(-21 for losing)
|raw|tytjejejeo's rating: 1450 &rarr; <strong>1471</strong><br />(+21 for winning)
|l|☆alpha wan
|player|p1|
