|j|☆diegoluquechaves
|j|☆nobodylab
|t:|1760354711
|gametype|singles
|player|p1|diegoluquechaves|102|1334
|player|p2|nobodylab|101|1350
|gen|9
|tier|[Gen 9] OU
|rated|
|rule|HP Percentage Mod: HP is shown in percentages
|rule|Endless Battle Clause: Forcing endless battles is banned
|rule|Species Clause: Limit one of each Pokémon
|rule|OHKO Clause: OHKO moves are banned
|rule|Evasion Items Clause: Evasion items are banned
|rule|Evasion Moves Clause: Evasion moves are banned
|rule|Evasion Abilities Clause: Evasion abilities are banned
|rule|Sleep Moves Clause: Sleep-inducing moves are banned
|clearpoke
|poke|p1|Hatterene, F|
|poke|p1|Spiritomb, M|
|poke|p1|Ursaluna, F|
|poke|p1|Exeggutor-Alola, M|
|poke|p1|Torkoal, F|
|poke|p1|Slither Wing|
|poke|p2|Dragonite, F|
|poke|p2|Zamazenta-*|
|poke|p2|Landorus-Therian, M|
|poke|p2|Gholdengo|
|poke|p2|Darkrai|
|poke|p2|Hatterene, F|
|teampreview
|
|t:|1760354746
|teamsize|p1|6
|teamsize|p2|6
|start
|switch|p1a: Hatterene|Hatterene, F|100/100
|switch|p2a: Landorus|Landorus-Therian, M|100/100
|-ability|p2a: Landorus|Intimidate|boost
|-unboost|p1a: Hatterene|atk|1
|turn|1
|
|t:|1760354757
|move|p2a: Landorus|U-turn|p1a: Hatterene
|-damage|p1a: Hatterene|78/100
|
|t:|1760354771
|switch|p2a: Gholdengo|Gholdengo|100/100|[from] U-turn
|move|p1a: Hatterene|Trick Room|p1a: Hatterene
|-fieldstart|move: Trick Room|[of] p1a: Hatterene
|
|-heal|p1a: Hatterene|84/100|[from] item: Leftovers
|upkeep
|turn|2
|
|t:|1760354784
|switch|p1a: Ursaluna|Ursaluna, F|100/100
|move|p2a: Gholdengo|Make It Rain|p1a: Ursaluna
|-damage|p1a: Ursaluna|28/100
|-unboost|p2a: Gholdengo|spa|1
|
|-status|p1a: Ursaluna|brn|[from] item: Flame Orb
|upkeep
|turn|3
|
|t:|1760354795
|switch|p2a: Landorus|Landorus-Therian, M|100/100
|-ability|p2a: Landorus|Intimidate|boost
|-unboost|p1a: Ursaluna|atk|1
|move|p1a: Ursaluna|Ice Punch|p2a: Landorus
|-supereffective|p2a: Landorus
|-damage|p2a: Landorus|0 fnt
|-damage|p1a: Ursaluna|11/100 brn|[from] item: Rocky Helmet|[of] p2a: Landorus
|faint|p2a: Landorus
|
|-damage|p1a: Ursaluna|5/100 brn|[from] brn
|upkeep
|
|t:|1760354818
|switch|p2a: Zamazenta|Zamazenta|100/100
|-ability|p2a: Zamazenta|Dauntless Shield|boost
|-boost|p2a: Zamazenta|def|1
|turn|4
|
|t:|1760354835
|switch|p1a: Spiritomb|Spiritomb, M|100/100
|-ability|p1a: Spiritomb|Pressure
|move|p2a: Zamazenta|Roar|p1a: Spiritomb
|drag|p1a: Exeggutor|Exeggutor-Alola, M|100/100
|
|upkeep
|turn|5
|
|t:|1760354853
|switch|p2a: Gholdengo|Gholdengo|100/100
|move|p1a: Exeggutor|Calm Mind|p1a: Exeggutor
|-boost|p1a: Exeggutor|spa|1
|-boost|p1a: Exeggutor|spd|1
|
|-fieldend|move: Trick Room
|upkeep
|turn|6
|
|t:|1760354863
|switch|p2a: Hatterene|Hatterene, F|100/100
|move|p1a: Exeggutor|Trick Room|p1a: Exeggutor
|-fieldstart|move: Trick Room|[of] p1a: Exeggutor
|
|upkeep
|turn|7
|
|t:|1760354881
|move|p1a: Exeggutor|Calm Mind|p1a: Exeggutor
|-boost|p1a: Exeggutor|spa|1
|-boost|p1a: Exeggutor|spd|1
|move|p2a: Hatterene|Draining Kiss|p1a: Exeggutor
|-supereffective|p1a: Exeggutor
|-damage|p1a: Exeggutor|68/100
|
|upkeep
|turn|8
|
|t:|1760354892
|move|p1a: Exeggutor|Giga Drain|p2a: Hatterene
|-damage|p2a: Hatterene|48/100
|-heal|p1a: Exeggutor|93/100|[from] drain|[of] p2a: Hatterene
|move|p2a: Hatterene|Draining Kiss|p1a: Exeggutor
|-supereffective|p1a: Exeggutor
|-damage|p1a: Exeggutor|56/100
|-heal|p2a: Hatterene|77/100|[from] drain|[of] p1a: Exeggutor
|
|upkeep
|turn|9
|
|t:|1760354902
|move|p1a: Exeggutor|Calm Mind|p1a: Exeggutor
|-boost|p1a: Exeggutor|spa|1
|-boost|p1a: Exeggutor|spd|1
|move|p2a: Hatterene|Draining Kiss|p1a: Exeggutor
|-supereffective|p1a: Exeggutor
|-damage|p1a: Exeggutor|29/100
|-heal|p2a: Hatterene|98/100|[from] drain|[of] p1a: Exeggutor
|-enditem|p1a: Exeggutor|Sitrus Berry|[eat]
|-heal|p1a: Exeggutor|53/100|[from] item: Sitrus Berry
|
|upkeep
|turn|10
|
|t:|1760354940
|move|p1a: Exeggutor|Giga Drain|p2a: Hatterene
|-damage|p2a: Hatterene|29/100
|-heal|p1a: Exeggutor|87/100|[from] drain|[of] p2a: Hatterene
|move|p2a: Hatterene|Draining Kiss|p1a: Exeggutor
|-supereffective|p1a: Exeggutor
|-damage|p1a: Exeggutor|58/100
|-heal|p2a: Hatterene|52/100|[from] drain|[of] p1a: Exeggutor
|
|-fieldend|move: Trick Room
|upkeep
|turn|11
|
|t:|1760354959
|move|p2a: Hatterene|Draining Kiss|p1a: Exeggutor
|-supereffective|p1a: Exeggutor
|-damage|p1a: Exeggutor|29/100
|-heal|p2a: Hatterene|74/100|[from] drain|[of] p1a: Exeggutor
|move|p1a: Exeggutor|Trick Room|p1a: Exeggutor
|-fieldstart|move: Trick Room|[of] p1a: Exeggutor
|
|-item|p1a: Exeggutor|Sitrus Berry|[from] ability: Harvest
|upkeep
|-enditem|p1a: Exeggutor|Sitrus Berry|[eat]
|-heal|p1a: Exeggutor|53/100|[from] item: Sitrus Berry
|turn|12
|
|t:|1760354974
|move|p1a: Exeggutor|Giga Drain|p2a: Hatterene
|-damage|p2a: Hatterene|10/100
|-heal|p1a: Exeggutor|84/100|[from] drain|[of] p2a: Hatterene
|move|p2a: Hatterene|Mystical Fire|p1a: Exeggutor
|-damage|p1a: Exeggutor|71/100
|-unboost|p1a: Exeggutor|spa|1
|
|-item|p1a: Exeggutor|Sitrus Berry|[from] ability: Harvest
|upkeep
|turn|13
|
|t:|1760354985
|move|p1a: Exeggutor|Giga Drain|p2a: Hatterene
|-damage|p2a: Hatterene|0 fnt
|-heal|p1a: Exeggutor|76/100|[from] drain|[of] p2a: Hatterene
|faint|p2a: Hatterene
|
|upkeep
|
|t:|1760354987
|switch|p2a: Gholdengo|Gholdengo|100/100
|turn|14
|
|t:|1760354993
|move|p1a: Exeggutor|Flamethrower|p2a: Gholdengo
|-supereffective|p2a: Gholdengo
|-damage|p2a: Gholdengo|0 fnt
|faint|p2a: Gholdengo
|
|upkeep
|-message|nobodylab forfeited.
|
|win|diegoluquechaves
|raw|diegoluquechaves's rating: 1334 &rarr; <strong>1355</strong><br />(+21 for winning)
|raw|nobodylab's rating: 1350 &rarr; <strong>1329</strong><br />(-21 for losing)
|l|☆nobodylab
|player|p2|
|l|☆diegoluquechaves
|player|p1|
