|j|☆Lord Sodium
|j|☆GerudoKingOfEvil
|t:|1760407475
|gametype|singles
|player|p1|Lord Sodium|alec-anime|1653
|player|p2|GerudoKingOfEvil|giovanni|1818
|gen|9
|tier|[Gen 9] OU
|rated|
|rule|HP Percentage Mod: HP is shown in percentages
|rule|Endless Battle Clause: Forcing endless battles is banned
|rule|Species Clause: Limit one of each Pokémon
|rule|OHKO Clause: OHKO moves are banned
|rule|Evasion Items Clause: Evasion items are banned
|rule|Evasion Moves Clause: Evasion moves are banned
|rule|Evasion Abilities Clause: Evasion abilities are banned
|rule|Sleep Moves Clause: Sleep-inducing moves are banned
|clearpoke
|poke|p1|Mamoswine, M|
|poke|p1|Slowking-Galar, F|
|poke|p1|Rillaboom, F|
|poke|p1|Corviknight, M|
|poke|p1|Samurott-Hisui, M|
|poke|p1|Raging Bolt|
|poke|p2|Torkoal, F|
|poke|p2|Hatterene, F|
|poke|p2|Raging Bolt|
|poke|p2|Great Tusk|
|poke|p2|Venusaur, F|
|poke|p2|Charizard, M|
|teampreview
|inactive|Battle timer is ON: inactive players will automatically lose when time's up. (requested by GerudoKingOfEvil)
|inactive|GerudoKingOfEvil has 120 seconds left.
|inactive|GerudoKingOfEvil has 90 seconds left.
|inactive|GerudoKingOfEvil has 60 seconds left.
|
|t:|1760407578
|teamsize|p1|6
|teamsize|p2|6
|start
|switch|p1a: Samurott|Samurott-Hisui, M|100/100
|switch|p2a: Torkoal|Torkoal, F|100/100
|-weather|SunnyDay|[from] ability: Drought|[of] p2a: Torkoal
|turn|1
|
|t:|1760407587
|move|p1a: Samurott|Knock Off|p2a: Torkoal
|-damage|p2a: Torkoal|62/100
|-enditem|p2a: Torkoal|Heat Rock|[from] move: Knock Off|[of] p1a: Samurott
|move|p2a: Torkoal|Stealth Rock|p1a: Samurott
|-sidestart|p1: Lord Sodium|move: Stealth Rock
|
|-weather|SunnyDay|[upkeep]
|upkeep
|turn|2
|
|t:|1760407595
|switch|p1a: Slowking|Slowking-Galar, F|100/100
|switch|p2a: Great Tusk|Great Tusk|100/100
|-activate|p2a: Great Tusk|ability: Protosynthesis
|-start|p2a: Great Tusk|protosynthesisatk
|
|-weather|SunnyDay|[upkeep]
|upkeep
|turn|3
|
|t:|1760407599
|switch|p1a: Corviknight|Corviknight, M|100/100
|-damage|p1a: Corviknight|88/100|[from] Stealth Rock
|-ability|p1a: Corviknight|Pressure
|move|p2a: Great Tusk|Headlong Rush|p1a: Corviknight
|-immune|p1a: Corviknight
|
|-weather|SunnyDay|[upkeep]
|upkeep
|turn|4
|
|t:|1760407605
|move|p2a: Great Tusk|Temper Flare|p1a: Corviknight
|-supereffective|p1a: Corviknight
|-damage|p1a: Corviknight|0 fnt
|-damage|p2a: Great Tusk|84/100|[from] item: Rocky Helmet|[of] p1a: Corviknight
|faint|p1a: Corviknight
|
|-weather|SunnyDay|[upkeep]
|upkeep
|
|t:|1760407610
|switch|p1a: Rillaboom|Rillaboom, F|100/100
|-damage|p1a: Rillaboom|88/100|[from] Stealth Rock
|-fieldstart|move: Grassy Terrain|[from] ability: Grassy Surge|[of] p1a: Rillaboom
|turn|5
|
|t:|1760407618
|-end|p2a: Great Tusk|Protosynthesis|[silent]
|switch|p2a: Venusaur|Venusaur, F|100/100
|move|p1a: Rillaboom|Knock Off|p2a: Venusaur
|-damage|p2a: Venusaur|35/100
|-enditem|p2a: Venusaur|Life Orb|[from] move: Knock Off|[of] p1a: Rillaboom
|-damage|p1a: Rillaboom|78/100|[from] item: Life Orb
|
|-weather|SunnyDay|[upkeep]
|-heal|p2a: Venusaur|41/100|[from] Grassy Terrain
|-heal|p1a: Rillaboom|84/100|[from] Grassy Terrain
|upkeep
|turn|6
|
|t:|1760407624
|switch|p1a: Slowking|Slowking-Galar, F|100/100
|move|p2a: Venusaur|Weather Ball|p1a: Slowking
|-damage|p1a: Slowking|74/100
|
|-weather|SunnyDay|[upkeep]
|-heal|p2a: Venusaur|47/100|[from] Grassy Terrain
|-heal|p1a: Slowking|80/100|[from] Grassy Terrain
|upkeep
|turn|7
|
|t:|1760407631
|switch|p2a: Great Tusk|Great Tusk|84/100
|-activate|p2a: Great Tusk|ability: Protosynthesis
|-start|p2a: Great Tusk|protosynthesisatk
|move|p1a: Slowking|Future Sight|p2a: Great Tusk
|-start|p1a: Slowking|move: Future Sight
|
|-weather|SunnyDay|[upkeep]
|-heal|p2a: Great Tusk|90/100|[from] Grassy Terrain
|-heal|p1a: Slowking|86/100|[from] Grassy Terrain
|upkeep
|turn|8
|
|t:|1760407648
|switch|p1a: Samurott|Samurott-Hisui, M|100/100
|-damage|p1a: Samurott|88/100|[from] Stealth Rock
|move|p2a: Great Tusk|Ice Spinner|p1a: Samurott
|-resisted|p1a: Samurott
|-damage|p1a: Samurott|60/100
|-fieldend|move: Grassy Terrain
|
|-weather|none
|-end|p2a: Great Tusk|Protosynthesis
|upkeep
|turn|9
|
|t:|1760407669
|move|p1a: Samurott|Razor Shell|p2a: Great Tusk
|-supereffective|p2a: Great Tusk
|-crit|p2a: Great Tusk
|-damage|p2a: Great Tusk|0 fnt
|faint|p2a: Great Tusk
|-end|p2a: Great Tusk|Protosynthesis|[silent]
|
|-hint|Future Sight did not hit because the target is fainted.
|upkeep
|
|t:|1760407677
|switch|p2a: Raging Bolt|Raging Bolt|100/100
|turn|10
|
|t:|1760407682
|switch|p1a: Slowking|Slowking-Galar, F|100/100
|move|p2a: Raging Bolt|Dragon Pulse|p1a: Slowking
|-damage|p1a: Slowking|62/100
|-damage|p2a: Raging Bolt|91/100|[from] item: Life Orb
|
|upkeep
|turn|11
|
|t:|1760407686
|move|p2a: Raging Bolt|Dragon Pulse|p1a: Slowking
|-damage|p1a: Slowking|20/100
|-damage|p2a: Raging Bolt|81/100|[from] item: Life Orb
|-prepare|p1a: Slowking|Chilly Reception|[premajor]
|move|p1a: Slowking|Chilly Reception|p1a: Slowking
|-weather|Snowscape
|
|t:|1760407691
|switch|p1a: Mamoswine|Mamoswine, M|100/100|[from] Chilly Reception
|-damage|p1a: Mamoswine|88/100|[from] Stealth Rock
|
|-weather|Snowscape|[upkeep]
|upkeep
|turn|12
|
|t:|1760407697
|-end|p2a: Raging Bolt|Protosynthesis|[silent]
|switch|p2a: Charizard|Charizard, M|100/100
|move|p1a: Mamoswine|Icicle Spear|p2a: Charizard
|-damage|p2a: Charizard|81/100
|-damage|p2a: Charizard|60/100
|-damage|p2a: Charizard|38/100
|-damage|p2a: Charizard|16/100
|-hitcount|p2a: Charizard|4
|
|-weather|Snowscape|[upkeep]
|upkeep
|turn|13
|
|t:|1760407713
|switch|p2a: Torkoal|Torkoal, F|62/100
|-weather|SunnyDay|[from] ability: Drought|[of] p2a: Torkoal
|move|p1a: Mamoswine|Ice Shard|p2a: Torkoal
|-resisted|p2a: Torkoal
|-damage|p2a: Torkoal|52/100
|
|-weather|SunnyDay|[upkeep]
|upkeep
|turn|14
|
|t:|1760407732
|switch|p2a: Hatterene|Hatterene, F|100/100
|-item|p2a: Hatterene|Air Balloon
|move|p1a: Mamoswine|Earthquake|p2a: Hatterene
|-immune|p2a: Hatterene
|
|-weather|SunnyDay|[upkeep]
|upkeep
|turn|15
|
|t:|1760407742
|switch|p2a: Charizard|Charizard, M|16/100
|move|p1a: Mamoswine|Icicle Spear|p2a: Charizard
|-damage|p2a: Charizard|0 fnt
|faint|p2a: Charizard
|-hitcount|p2: Charizard|1
|
|-weather|SunnyDay|[upkeep]
|upkeep
|inactive|GerudoKingOfEvil has 120 seconds left.
|
|t:|1760407773
|switch|p2a: Hatterene|Hatterene, F|100/100
|-item|p2a: Hatterene|Air Balloon
|turn|16
|
|t:|1760407784
|move|p1a: Mamoswine|Icicle Spear|p2a: Hatterene
|-damage|p2a: Hatterene|89/100
|-enditem|p2a: Hatterene|Air Balloon
|-damage|p2a: Hatterene|77/100
|-damage|p2a: Hatterene|65/100
|-damage|p2a: Hatterene|52/100
|-hitcount|p2a: Hatterene|4
|move|p2a: Hatterene|Trick Room|p2a: Hatterene
|-fieldstart|move: Trick Room|[of] p2a: Hatterene
|
|-weather|SunnyDay|[upkeep]
|upkeep
|turn|17
|
|t:|1760407791
|move|p2a: Hatterene|Healing Wish|p2a: Hatterene
|faint|p2a: Hatterene
|move|p1a: Mamoswine|Icicle Spear|p2: Hatterene|[notarget]
|-fail|p1a: Mamoswine
|
|-weather|none
|upkeep
|
|t:|1760407794
|switch|p2a: Torkoal|Torkoal, F|52/100
|-heal|p2a: Torkoal|100/100|[from] move: Healing Wish
|-weather|SunnyDay|[from] ability: Drought|[of] p2a: Torkoal
|turn|18
|
|t:|1760407799
|switch|p1a: Slowking|Slowking-Galar, F|53/100
|move|p2a: Torkoal|Eruption|p1a: Slowking
|-damage|p1a: Slowking|0 fnt
|faint|p1a: Slowking
|
|-weather|SunnyDay|[upkeep]
|upkeep
|
|t:|1760407806
|switch|p1a: Raging Bolt|Raging Bolt|100/100
|-damage|p1a: Raging Bolt|88/100|[from] Stealth Rock
|-activate|p1a: Raging Bolt|ability: Protosynthesis
|-start|p1a: Raging Bolt|protosynthesisspa
|turn|19
|
|t:|1760407811
|move|p1a: Raging Bolt|Thunderclap|p2a: Torkoal
|-damage|p2a: Torkoal|36/100
|move|p2a: Torkoal|Earthquake|p1a: Raging Bolt
|-supereffective|p1a: Raging Bolt
|-damage|p1a: Raging Bolt|51/100
|
|-weather|SunnyDay|[upkeep]
|upkeep
|turn|20
|
|t:|1760407816
|switch|p2a: Venusaur|Venusaur, F|47/100
|move|p1a: Raging Bolt|Thunderclap||[still]
|-fail|p1a: Raging Bolt
|
|-weather|SunnyDay|[upkeep]
|-fieldend|move: Trick Room
|upkeep
|turn|21
|
|t:|1760407836
|move|p1a: Raging Bolt|Thunderclap|p2a: Venusaur
|-resisted|p2a: Venusaur
|-damage|p2a: Venusaur|14/100
|move|p2a: Venusaur|Earthquake|p1a: Raging Bolt
|-supereffective|p1a: Raging Bolt
|-damage|p1a: Raging Bolt|15/100
|
|-weather|SunnyDay|[upkeep]
|upkeep
|turn|22
|
|t:|1760407843
|move|p2a: Venusaur|Growth|p2a: Venusaur
|-boost|p2a: Venusaur|atk|2
|-boost|p2a: Venusaur|spa|2
|move|p1a: Raging Bolt|Dragon Pulse|p2a: Venusaur
|-damage|p2a: Venusaur|0 fnt
|faint|p2a: Venusaur
|
|-weather|none
|-end|p1a: Raging Bolt|Protosynthesis
|upkeep
|-enditem|p1a: Raging Bolt|Booster Energy
|-activate|p1a: Raging Bolt|ability: Protosynthesis|[fromitem]
|-start|p1a: Raging Bolt|protosynthesisspa
|
|t:|1760407845
|switch|p2a: Raging Bolt|Raging Bolt|81/100
|turn|23
|
|t:|1760407849
|move|p1a: Raging Bolt|Dragon Pulse|p2a: Raging Bolt
|-supereffective|p2a: Raging Bolt
|-damage|p2a: Raging Bolt|0 fnt
|faint|p2a: Raging Bolt
|-end|p2a: Raging Bolt|Protosynthesis|[silent]
|
|upkeep
|
|t:|1760407852
|switch|p2a: Torkoal|Torkoal, F|36/100
|-weather|SunnyDay|[from] ability: Drought|[of] p2a: Torkoal
|turn|24
|
|t:|1760407854
|move|p1a: Raging Bolt|Thunderbolt|p2a: Torkoal
|-damage|p2a: Torkoal|0 fnt
|faint|p2a: Torkoal
|
|win|Lord Sodium
|raw|Lord Sodium's rating: 1653 &rarr; <strong>1682</strong><br />(+29 for winning)
|raw|GerudoKingOfEvil's rating: 1818 &rarr; <strong>1789</strong><br />(-29 for losing)
|l|☆GerudoKingOfEvil
|player|p2|
|l|☆Lord Sodium
|player|p1|
