|badge|p2|bronze|gen9ou|100-7
|uhtml|medal-msg|<div class="broadcast-blue">Curious what those medals under the avatar are? PS now has Ladder Seasons! For more information, check out the <a href="https://www.smogon.com/forums/threads/3740067/">thread on Smogon.</a></div>
|j|☆clorox man
|j|☆Swiscool
|t:|1760378598
|gametype|singles
|player|p1|clorox man|clown|1816
|player|p2|Swiscool|2|1903
|gen|9
|tier|[Gen 9] OU
|rated|
|rule|HP Percentage Mod: HP is shown in percentages
|rule|Endless Battle Clause: Forcing endless battles is banned
|rule|Species Clause: Limit one of each Pokémon
|rule|OHKO Clause: OHKO moves are banned
|rule|Evasion Items Clause: Evasion items are banned
|rule|Evasion Moves Clause: Evasion moves are banned
|rule|Evasion Abilities Clause: Evasion abilities are banned
|rule|Sleep Moves Clause: Sleep-inducing moves are banned
|clearpoke
|poke|p1|Garganacl, F|
|poke|p1|Ogerpon-Wellspring, F|
|poke|p1|Landorus-Therian, M|
|poke|p1|Weezing-Galar, F|
|poke|p1|Dragapult, M|
|poke|p1|Moltres|
|poke|p2|Samurott-Hisui, F|
|poke|p2|Darkrai|
|poke|p2|Kingambit, M|
|poke|p2|Landorus-Therian, M|
|poke|p2|Pecharunt|
|poke|p2|Enamorus, F|
|teampreview
|j| Rocksane
|inactive|Battle timer is ON: inactive players will automatically lose when time's up. (requested by clorox man)
|
|t:|1760378634
|teamsize|p1|6
|teamsize|p2|6
|start
|switch|p1a: Dragapult|Dragapult, M|100/100
|switch|p2a: Enamorus|Enamorus, F|100/100
|turn|1
|
|t:|1760378640
|switch|p1a: Moltres|Moltres|100/100
|move|p2a: Enamorus|Moonblast|p1a: Moltres
|-resisted|p1a: Moltres
|-damage|p1a: Moltres|64/100
|
|upkeep
|turn|2
|
|t:|1760378644
|move|p2a: Enamorus|Moonblast|p1a: Moltres
|-resisted|p1a: Moltres
|-damage|p1a: Moltres|29/100
|move|p1a: Moltres|Roost|p1a: Moltres
|-heal|p1a: Moltres|79/100
|-singleturn|p1a: Moltres|move: Roost
|
|upkeep
|turn|3
|
|t:|1760378649
|move|p2a: Enamorus|Moonblast|p1a: Moltres
|-resisted|p1a: Moltres
|-damage|p1a: Moltres|43/100
|move|p1a: Moltres|Flamethrower|p2a: Enamorus
|-damage|p2a: Enamorus|45/100
|
|upkeep
|turn|4
|
|t:|1760378656
|switch|p2a: Samurott|Samurott-Hisui, F|100/100
|move|p1a: Moltres|Roost|p1a: Moltres
|-heal|p1a: Moltres|93/100
|-singleturn|p1a: Moltres|move: Roost
|
|upkeep
|turn|5
|
|t:|1760378662
|move|p2a: Samurott|Knock Off|p1a: Moltres
|-damage|p1a: Moltres|58/100
|-enditem|p1a: Moltres|Heavy-Duty Boots|[from] move: Knock Off|[of] p2a: Samurott
|move|p1a: Moltres|Will-O-Wisp|p2a: Samurott
|-status|p2a: Samurott|brn
|
|-damage|p2a: Samurott|94/100 brn|[from] brn
|upkeep
|turn|6
|
|t:|1760378667
|move|p2a: Samurott|Ceaseless Edge|p1a: Moltres
|-damage|p1a: Moltres|40/100
|-sidestart|p1: clorox man|Spikes
|move|p1a: Moltres|Roost|p1a: Moltres
|-heal|p1a: Moltres|91/100
|-singleturn|p1a: Moltres|move: Roost
|
|-damage|p2a: Samurott|88/100 brn|[from] brn
|upkeep
|turn|7
|j| Partynparadise
|
|t:|1760378673
|switch|p1a: Weezing|Weezing-Galar, F|100/100
|-ability|p1a: Weezing|Neutralizing Gas
|move|p2a: Samurott|Razor Shell|p1a: Weezing
|-damage|p1a: Weezing|89/100
|-unboost|p1a: Weezing|def|1
|
|-damage|p2a: Samurott|82/100 brn|[from] brn
|upkeep
|turn|8
|
|t:|1760378677
|move|p2a: Samurott|Knock Off|p1a: Weezing
|-resisted|p1a: Weezing
|-damage|p1a: Weezing|75/100
|-enditem|p1a: Weezing|Heavy-Duty Boots|[from] move: Knock Off|[of] p2a: Samurott
|move|p1a: Weezing|Defog|p2a: Samurott
|-unboost|p2a: Samurott|evasion|1
|-sideend|p1: clorox man|Spikes|[from] move: Defog|[of] p1a: Weezing
|
|-damage|p2a: Samurott|76/100 brn|[from] brn
|upkeep
|turn|9
|
|t:|1760378682
|move|p2a: Samurott|Ceaseless Edge|p1a: Weezing|[miss]
|-miss|p2a: Samurott|p1a: Weezing
|move|p1a: Weezing|Sludge Bomb|p2a: Samurott
|-damage|p2a: Samurott|36/100 brn
|
|-damage|p2a: Samurott|30/100 brn|[from] brn
|upkeep
|turn|10
|
|t:|1760378688
|move|p2a: Samurott|Ceaseless Edge|p1a: Weezing
|-resisted|p1a: Weezing
|-damage|p1a: Weezing|67/100
|-sidestart|p1: clorox man|Spikes
|move|p1a: Weezing|Defog|p2a: Samurott
|-unboost|p2a: Samurott|evasion|1
|-sideend|p1: clorox man|Spikes|[from] move: Defog|[of] p1a: Weezing
|
|-damage|p2a: Samurott|24/100 brn|[from] brn
|upkeep
|turn|11
|
|t:|1760378691
|move|p2a: Samurott|Ceaseless Edge|p1a: Weezing
|-resisted|p1a: Weezing
|-damage|p1a: Weezing|58/100
|-sidestart|p1: clorox man|Spikes
|move|p1a: Weezing|Defog|p2a: Samurott
|-unboost|p2a: Samurott|evasion|1
|-sideend|p1: clorox man|Spikes|[from] move: Defog|[of] p1a: Weezing
|
|-damage|p2a: Samurott|17/100 brn|[from] brn
|upkeep
|turn|12
|
|t:|1760378694
|move|p2a: Samurott|Ceaseless Edge|p1a: Weezing
|-resisted|p1a: Weezing
|-damage|p1a: Weezing|49/100
|-sidestart|p1: clorox man|Spikes
|move|p1a: Weezing|Defog|p2a: Samurott
|-unboost|p2a: Samurott|evasion|1
|-sideend|p1: clorox man|Spikes|[from] move: Defog|[of] p1a: Weezing
|
|-damage|p2a: Samurott|11/100 brn|[from] brn
|upkeep
|turn|13
|
|t:|1760378697
|move|p2a: Samurott|Razor Shell|p1a: Weezing
|-damage|p1a: Weezing|33/100
|-unboost|p1a: Weezing|def|1
|move|p1a: Weezing|Defog|p2a: Samurott
|-unboost|p2a: Samurott|evasion|1
|
|-damage|p2a: Samurott|5/100 brn|[from] brn
|upkeep
|turn|14
|
|t:|1760378705
|move|p2a: Samurott|Ceaseless Edge|p1a: Weezing
|-resisted|p1a: Weezing
|-damage|p1a: Weezing|22/100
|-sidestart|p1: clorox man|Spikes
|move|p1a: Weezing|Defog|p2a: Samurott
|-unboost|p2a: Samurott|evasion|1
|-sideend|p1: clorox man|Spikes|[from] move: Defog|[of] p1a: Weezing
|
|-damage|p2a: Samurott|0 fnt|[from] brn
|faint|p2a: Samurott
|upkeep
|
|t:|1760378707
|switch|p2a: Landorus|Landorus-Therian, M|100/100
|turn|15
|
|t:|1760378717
|-end|p1a: Weezing|ability: Neutralizing Gas
|-ability|p2a: Landorus|Intimidate|boost
|-unboost|p1a: Weezing|atk|1
|switch|p1a: Landorus|Landorus-Therian, M|100/100
|-ability|p1a: Landorus|Intimidate|boost
|-unboost|p2a: Landorus|atk|1
|move|p2a: Landorus|Stealth Rock|p1a: Landorus
|-sidestart|p1: clorox man|move: Stealth Rock
|
|upkeep
|turn|16
|
|t:|1760378724
|switch|p2a: Enamorus|Enamorus, F|45/100
|move|p1a: Landorus|Stealth Rock|p2a: Enamorus
|-sidestart|p2: Swiscool|move: Stealth Rock
|
|upkeep
|turn|17
|
|t:|1760378729
|move|p2a: Enamorus|Moonblast|p1a: Landorus
|-damage|p1a: Landorus|3/100
|move|p1a: Landorus|Smack Down|p2a: Enamorus
|-supereffective|p2a: Enamorus
|-damage|p2a: Enamorus|0 fnt
|faint|p2a: Enamorus
|
|upkeep
|
|t:|1760378737
|switch|p2a: Darkrai|Darkrai|100/100
|-damage|p2a: Darkrai|88/100|[from] Stealth Rock
|turn|18
|
|t:|1760378741
|move|p2a: Darkrai|Dark Pulse|p1a: Landorus
|-damage|p1a: Landorus|0 fnt
|faint|p1a: Landorus
|
|upkeep
|
|t:|1760378754
|switch|p1a: Garganacl|Garganacl, F|100/100
|-damage|p1a: Garganacl|88/100|[from] Stealth Rock
|turn|19
|
|t:|1760378761
|move|p2a: Darkrai|Dark Pulse|p1a: Garganacl
|-damage|p1a: Garganacl|58/100
|move|p1a: Garganacl|Salt Cure|p2a: Darkrai
|-damage|p2a: Darkrai|70/100
|-start|p2a: Darkrai|Salt Cure
|
|-heal|p1a: Garganacl|64/100|[from] item: Leftovers
|-damage|p2a: Darkrai|58/100|[from] Salt Cure
|upkeep
|turn|20
|
|t:|1760378767
|switch|p2a: Landorus|Landorus-Therian, M|100/100
|-damage|p2a: Landorus|88/100|[from] Stealth Rock
|-ability|p2a: Landorus|Intimidate|boost
|-unboost|p1a: Garganacl|atk|1
|move|p1a: Garganacl|Recover|p1a: Garganacl
|-heal|p1a: Garganacl|100/100
|
|upkeep
|turn|21
|
|t:|1760378773
|switch|p1a: Weezing|Weezing-Galar, F|22/100
|-ability|p1a: Weezing|Neutralizing Gas
|-damage|p1a: Weezing|10/100|[from] Stealth Rock
|move|p2a: Landorus|Earthquake|p1a: Weezing
|-supereffective|p1a: Weezing
|-damage|p1a: Weezing|0 fnt
|faint|p1a: Weezing
|-end|p1a: Weezing|ability: Neutralizing Gas
|
|upkeep
|
|t:|1760378777
|switch|p1a: Ogerpon|Ogerpon-Wellspring, F|100/100
|-damage|p1a: Ogerpon|88/100|[from] Stealth Rock
|turn|22
|
|t:|1760378781
|switch|p2a: Pecharunt|Pecharunt|100/100
|move|p1a: Ogerpon|Ivy Cudgel|p2a: Pecharunt|[anim] Ivy Cudgel Water
|-damage|p2a: Pecharunt|73/100
|
|upkeep
|turn|23
|l| Rocksane
|
|t:|1760378788
|move|p1a: Ogerpon|Knock Off|p2a: Pecharunt
|-supereffective|p2a: Pecharunt
|-damage|p2a: Pecharunt|37/100
|-enditem|p2a: Pecharunt|Heavy-Duty Boots|[from] move: Knock Off|[of] p1a: Ogerpon
|move|p2a: Pecharunt|Parting Shot|p1a: Ogerpon
|-unboost|p1a: Ogerpon|atk|1
|-unboost|p1a: Ogerpon|spa|1
|
|t:|1760378794
|switch|p2a: Kingambit|Kingambit, M|100/100|[from] Parting Shot
|-damage|p2a: Kingambit|94/100|[from] Stealth Rock
|-activate|p2a: Kingambit|ability: Supreme Overlord
|-start|p2a: Kingambit|fallen2|[silent]
|-item|p2a: Kingambit|Air Balloon
|
|upkeep
|turn|24
|
|t:|1760378800
|move|p1a: Ogerpon|Ivy Cudgel|p2a: Kingambit|[anim] Ivy Cudgel Water
|-damage|p2a: Kingambit|66/100
|-enditem|p2a: Kingambit|Air Balloon
|move|p2a: Kingambit|Kowtow Cleave|p1a: Ogerpon
|-damage|p1a: Ogerpon|15/100
|
|upkeep
|turn|25
|
|t:|1760378809
|switch|p1a: Moltres|Moltres|91/100
|-damage|p1a: Moltres|41/100|[from] Stealth Rock
|move|p2a: Kingambit|Sucker Punch||[still]
|-fail|p2a: Kingambit
|
|upkeep
|turn|26
|
|t:|1760378814
|-end|p2a: Kingambit|fallen2|[silent]
|switch|p2a: Landorus|Landorus-Therian, M|88/100
|-damage|p2a: Landorus|76/100|[from] Stealth Rock
|-ability|p2a: Landorus|Intimidate|boost
|-unboost|p1a: Moltres|atk|1
|move|p1a: Moltres|Roost|p1a: Moltres
|-heal|p1a: Moltres|91/100
|-singleturn|p1a: Moltres|move: Roost
|
|upkeep
|turn|27
|
|t:|1760378820
|move|p2a: Landorus|Stone Edge|p1a: Moltres|[miss]
|-miss|p2a: Landorus|p1a: Moltres
|move|p1a: Moltres|Flamethrower|p2a: Landorus
|-damage|p2a: Landorus|38/100
|
|upkeep
|turn|28
|inactive|clorox man has 120 seconds left.
|
|t:|1760378857
|switch|p1a: Dragapult|Dragapult, M|100/100
|-damage|p1a: Dragapult|88/100|[from] Stealth Rock
|move|p2a: Landorus|Stone Edge|p1a: Dragapult
|-crit|p1a: Dragapult
|-damage|p1a: Dragapult|22/100
|
|upkeep
|turn|29
|
|t:|1760378862
|switch|p2a: Pecharunt|Pecharunt|37/100
|-damage|p2a: Pecharunt|25/100|[from] Stealth Rock
|move|p1a: Dragapult|Flamethrower|p2a: Pecharunt
|-damage|p2a: Pecharunt|0 fnt
|faint|p2a: Pecharunt
|
|upkeep
|
|t:|1760378872
|switch|p2a: Kingambit|Kingambit, M|66/100
|-damage|p2a: Kingambit|60/100|[from] Stealth Rock
|-activate|p2a: Kingambit|ability: Supreme Overlord
|-start|p2a: Kingambit|fallen3|[silent]
|turn|30
|
|t:|1760378878
|move|p2a: Kingambit|Sucker Punch|p1a: Dragapult
|-supereffective|p1a: Dragapult
|-damage|p1a: Dragapult|0 fnt
|faint|p1a: Dragapult
|
|upkeep
|
|t:|1760378886
|switch|p1a: Moltres|Moltres|91/100
|-damage|p1a: Moltres|41/100|[from] Stealth Rock
|turn|31
|
|t:|1760378892
|-end|p2a: Kingambit|fallen3|[silent]
|switch|p2a: Landorus|Landorus-Therian, M|38/100
|-damage|p2a: Landorus|26/100|[from] Stealth Rock
|-ability|p2a: Landorus|Intimidate|boost
|-unboost|p1a: Moltres|atk|1
|move|p1a: Moltres|Roost|p1a: Moltres
|-heal|p1a: Moltres|91/100
|-singleturn|p1a: Moltres|move: Roost
|
|upkeep
|turn|32
|
|t:|1760378907
|-terastallize|p1a: Moltres|Fairy
|move|p2a: Landorus|Stone Edge|p1a: Moltres
|-damage|p1a: Moltres|67/100
|move|p1a: Moltres|Flamethrower|p2a: Landorus
|-damage|p2a: Landorus|0 fnt
|faint|p2a: Landorus
|
|upkeep
|
|t:|1760378916
|switch|p2a: Kingambit|Kingambit, M|60/100
|-damage|p2a: Kingambit|54/100|[from] Stealth Rock
|-activate|p2a: Kingambit|ability: Supreme Overlord
|-start|p2a: Kingambit|fallen4|[silent]
|turn|33
|
|t:|1760378924
|-terastallize|p2a: Kingambit|Ghost
|move|p1a: Moltres|Will-O-Wisp|p2a: Kingambit
|-status|p2a: Kingambit|brn
|move|p2a: Kingambit|Iron Head|p1a: Moltres
|-supereffective|p1a: Moltres
|-damage|p1a: Moltres|20/100
|
|-damage|p2a: Kingambit|47/100 brn|[from] brn
|upkeep
|turn|34
|
|t:|1760378939
|move|p1a: Moltres|Roost|p1a: Moltres
|-heal|p1a: Moltres|70/100
|move|p2a: Kingambit|Swords Dance|p2a: Kingambit
|-boost|p2a: Kingambit|atk|2
|
|-damage|p2a: Kingambit|41/100 brn|[from] brn
|upkeep
|turn|35
|
|t:|1760378946
|move|p1a: Moltres|Flamethrower|p2a: Kingambit
|-damage|p2a: Kingambit|6/100 brn
|move|p2a: Kingambit|Iron Head|p1a: Moltres
|-supereffective|p1a: Moltres
|-damage|p1a: Moltres|0 fnt
|faint|p1a: Moltres
|
|-damage|p2a: Kingambit|0 fnt|[from] brn
|faint|p2a: Kingambit
|-end|p2a: Kingambit|fallen4|[silent]
|upkeep
|
|t:|1760378951
|switch|p1a: Garganacl|Garganacl, F|100/100
|switch|p2a: Darkrai|Darkrai|58/100
|-damage|p2a: Darkrai|45/100|[from] Stealth Rock
|-damage|p1a: Garganacl|88/100|[from] Stealth Rock
|turn|36
|
|t:|1760378956
|move|p2a: Darkrai|Dark Pulse|p1a: Garganacl
|-damage|p1a: Garganacl|61/100
|move|p1a: Garganacl|Salt Cure|p2a: Darkrai
|-damage|p2a: Darkrai|28/100
|-start|p2a: Darkrai|Salt Cure
|
|-heal|p1a: Garganacl|67/100|[from] item: Leftovers
|-damage|p2a: Darkrai|15/100|[from] Salt Cure
|upkeep
|turn|37
|
|t:|1760378961
|move|p2a: Darkrai|Dark Pulse|p1a: Garganacl
|-damage|p1a: Garganacl|40/100
|move|p1a: Garganacl|Recover|p1a: Garganacl
|-heal|p1a: Garganacl|90/100
|
|-heal|p1a: Garganacl|96/100|[from] item: Leftovers
|-damage|p2a: Darkrai|3/100|[from] Salt Cure
|upkeep
|turn|38
|
|t:|1760378966
|move|p2a: Darkrai|Dark Pulse|p1a: Garganacl
|-damage|p1a: Garganacl|69/100
|move|p1a: Garganacl|Recover|p1a: Garganacl
|-heal|p1a: Garganacl|100/100
|
|-damage|p2a: Darkrai|0 fnt|[from] Salt Cure
|faint|p2a: Darkrai
|
|win|clorox man
|raw|clorox man's rating: 1816 &rarr; <strong>1841</strong><br />(+25 for winning)
|raw|Swiscool's rating: 1903 &rarr; <strong>1878</strong><br />(-25 for losing)
|c|☆Swiscool|Nice hax
|l|☆clorox man
|player|p1|
|l|☆Swiscool
|player|p2|
