|j|☆Snakemillzy
|j|☆Aaron's lime
|t:|1760348463
|gametype|singles
|player|p1|Snakemillzy|ninjaboy|1074
|player|p2|Aaron's lime|265|1091
|gen|9
|tier|[Gen 9] OU
|rated|
|rule|HP Percentage Mod: HP is shown in percentages
|rule|Endless Battle Clause: Forcing endless battles is banned
|rule|Species Clause: Limit one of each Pokémon
|rule|OHKO Clause: OHKO moves are banned
|rule|Evasion Items Clause: Evasion items are banned
|rule|Evasion Moves Clause: Evasion moves are banned
|rule|Evasion Abilities Clause: Evasion abilities are banned
|rule|Sleep Moves Clause: Sleep-inducing moves are banned
|clearpoke
|poke|p1|Cinderace, F|
|poke|p1|Manaphy|
|poke|p1|Pecharunt|
|poke|p1|Excadrill, F|
|poke|p1|Tyranitar, F|
|poke|p1|Hatterene, F|
|poke|p2|Minior|
|poke|p2|Lokix, F|
|poke|p2|Donphan, L1, M|
|poke|p2|Deoxys-Defense|
|poke|p2|Charizard, F|
|poke|p2|Polteageist|
|teampreview
|inactive|Battle timer is ON: inactive players will automatically lose when time's up. (requested by Snakemillzy)
|
|t:|1760348469
|teamsize|p1|6
|teamsize|p2|6
|start
|switch|p1a: Tyranitar|Tyranitar, F|100/100
|switch|p2a: Minior|Minior|100/100
|-weather|Sandstorm|[from] ability: Sand Stream|[of] p1a: Tyranitar
|-formechange|p2a: Minior|Minior-Meteor||[from] ability: Shields Down
|turn|1
|
|t:|1760348489
|move|p2a: Minior|Shell Smash|p2a: Minior
|-unboost|p2a: Minior|def|1
|-unboost|p2a: Minior|spd|1
|-boost|p2a: Minior|atk|2
|-boost|p2a: Minior|spa|2
|-boost|p2a: Minior|spe|2
|-enditem|p2a: Minior|White Herb
|-clearnegativeboost|p2a: Minior|[silent]
|move|p1a: Tyranitar|Knock Off|p2a: Minior
|-damage|p2a: Minior|56/100
|
|-weather|Sandstorm|[upkeep]
|upkeep
|turn|2
|
|t:|1760348510
|move|p2a: Minior|Stone Edge|p1a: Tyranitar
|-damage|p1a: Tyranitar|54/100
|move|p1a: Tyranitar|Stone Edge|p2a: Minior|[miss]
|-miss|p1a: Tyranitar|p2a: Minior
|
|-weather|Sandstorm|[upkeep]
|upkeep
|turn|3
|
|t:|1760348519
|move|p2a: Minior|Stone Edge|p1a: Tyranitar
|-damage|p1a: Tyranitar|14/100
|move|p1a: Tyranitar|Stone Edge|p2a: Minior
|-supereffective|p2a: Minior
|-damage|p2a: Minior|0 fnt
|faint|p2a: Minior
|
|-weather|Sandstorm|[upkeep]
|upkeep
|
|t:|1760348526
|switch|p2a: Lokix|Lokix, F|100/100
|turn|4
|
|t:|1760348531
|move|p2a: Lokix|First Impression|p1a: Tyranitar
|-supereffective|p1a: Tyranitar
|-damage|p1a: Tyranitar|0 fnt
|faint|p1a: Tyranitar
|
|-weather|Sandstorm|[upkeep]
|-damage|p2a: Lokix|94/100|[from] Sandstorm
|upkeep
|
|t:|1760348535
|switch|p1a: Excadrill|Excadrill, F|100/100
|-item|p1a: Excadrill|Air Balloon
|turn|5
|
|t:|1760348542
|switch|p2a: Donphan|Donphan, L1, M|100/100
|move|p1a: Excadrill|Swords Dance|p1a: Excadrill
|-boost|p1a: Excadrill|atk|2
|
|-weather|Sandstorm|[upkeep]
|upkeep
|turn|6
|
|t:|1760348550
|move|p1a: Excadrill|Iron Head|p2a: Donphan
|-ability|p2a: Donphan|Sturdy
|-damage|p2a: Donphan|8/100
|move|p2a: Donphan|Endeavor|p1a: Excadrill
|-damage|p1a: Excadrill|1/100
|-enditem|p1a: Excadrill|Air Balloon
|-heal|p2a: Donphan|100/100|[from] item: Shell Bell|[of] p1a: Excadrill
|
|-weather|Sandstorm|[upkeep]
|upkeep
|turn|7
|
|t:|1760348568
|move|p2a: Donphan|Ice Shard|p1a: Excadrill
|-damage|p1a: Excadrill|0 fnt
|faint|p1a: Excadrill
|
|-weather|Sandstorm|[upkeep]
|upkeep
|
|t:|1760348577
|switch|p1a: Hatterene|Hatterene, F|100/100
|turn|8
|
|t:|1760348584
|move|p1a: Hatterene|Nuzzle|p2a: Donphan
|-immune|p2a: Donphan
|move|p2a: Donphan|Endeavor|p1a: Hatterene
|-damage|p1a: Hatterene|6/100
|
|-weather|none
|-heal|p1a: Hatterene|11/100|[from] item: Leftovers
|upkeep
|turn|9
|-message|Snakemillzy forfeited.
|
|win|Aaron's lime
|raw|Snakemillzy's rating: 1074 &rarr; <strong>1054</strong><br />(-20 for losing)
|raw|Aaron&apos;s lime's rating: 1091 &rarr; <strong>1116</strong><br />(+25 for winning)
|l|☆Snakemillzy
|player|p1|
|l|☆Aaron's lime
|player|p2|
