|j|☆Silent1ine
|j|☆werearewe
|t:|1760388282
|gametype|singles
|player|p1|Silent1ine|palmer|1468
|player|p2|werearewe|169|1557
|gen|9
|tier|[Gen 9] OU
|rated|
|rule|HP Percentage Mod: HP is shown in percentages
|rule|Endless Battle Clause: Forcing endless battles is banned
|rule|Species Clause: Limit one of each Pokémon
|rule|OHKO Clause: OHKO moves are banned
|rule|Evasion Items Clause: Evasion items are banned
|rule|Evasion Moves Clause: Evasion moves are banned
|rule|Evasion Abilities Clause: Evasion abilities are banned
|rule|Sleep Moves Clause: Sleep-inducing moves are banned
|clearpoke
|poke|p1|Great Tusk|
|poke|p1|Kyurem|
|poke|p1|Alomomola, M|
|poke|p1|Cinderace, M|
|poke|p1|Dragapult, F|
|poke|p1|Kingambit, M|
|poke|p2|Ribombee, M|
|poke|p2|Cinderace, M|
|poke|p2|Ogerpon, F|
|poke|p2|Milotic, F|
|poke|p2|Kingambit, F|
|poke|p2|Empoleon, M|
|teampreview
|
|t:|1760388291
|teamsize|p1|6
|teamsize|p2|6
|start
|switch|p1a: Pinkacross Girl|Alomomola, M|100/100
|switch|p2a: Ribombee|Ribombee, M|100/100
|turn|1
|
|t:|1760388314
|move|p2a: Ribombee|Stun Spore|p1a: Pinkacross Girl
|-status|p1a: Pinkacross Girl|par
|move|p1a: Pinkacross Girl|Flip Turn|p2a: Ribombee
|-damage|p2a: Ribombee|68/100
|
|t:|1760388321
|switch|p1a: CUBE|Dragapult, F|100/100|[from] Flip Turn
|
|upkeep
|turn|2
|
|t:|1760388327
|switch|p2a: Kingambit|Kingambit, F|100/100
|move|p1a: CUBE|Flamethrower|p2a: Kingambit
|-supereffective|p2a: Kingambit
|-damage|p2a: Kingambit|59/100
|-damage|p1a: CUBE|91/100|[from] item: Life Orb
|
|upkeep
|turn|3
|
|t:|1760388333
|switch|p1a: Tuskothy Cool|Great Tusk|100/100
|switch|p2a: Ribombee|Ribombee, M|68/100
|
|upkeep
|turn|4
|
|t:|1760388339
|-terastallize|p2a: Ribombee|Ghost
|move|p2a: Ribombee|Sticky Web|p1a: Tuskothy Cool
|-sidestart|p1: Silent1ine|move: Sticky Web
|move|p1a: Tuskothy Cool|Temper Flare|p2a: Ribombee
|-damage|p2a: Ribombee|0 fnt
|faint|p2a: Ribombee
|
|upkeep
|
|t:|1760388347
|switch|p2a: Cinderace|Cinderace, M|100/100
|turn|5
|
|t:|1760388350
|-end|p1a: Tuskothy Cool|Protosynthesis|[silent]
|switch|p1a: Tsunderace|Cinderace, M|100/100
|move|p2a: Cinderace|Court Change|p2a: Cinderace
|-swapsideconditions
|-activate|p2a: Cinderace|move: Court Change
|
|upkeep
|turn|6
|
|t:|1760388378
|move|p1a: Tsunderace|Court Change|p1a: Tsunderace
|-start|p1a: Tsunderace|typechange|Normal|[from] ability: Libero
|-swapsideconditions
|-activate|p1a: Tsunderace|move: Court Change
|move|p2a: Cinderace|U-turn|p1a: Tsunderace
|-damage|p1a: Tsunderace|77/100
|
|t:|1760388389
|switch|p2a: Empoleon|Empoleon, M|100/100|[from] U-turn
|
|upkeep
|turn|7
|
|t:|1760388394
|move|p1a: Tsunderace|U-turn|p2a: Empoleon
|-resisted|p2a: Empoleon
|-damage|p2a: Empoleon|91/100
|
|t:|1760388396
|switch|p1a: Pinkacross Girl|Alomomola, M|100/100 par|[from] U-turn
|-activate|p1a: Pinkacross Girl|move: Sticky Web
|-unboost|p1a: Pinkacross Girl|spe|1
|move|p2a: Empoleon|Flip Turn|p1a: Pinkacross Girl
|-resisted|p1a: Pinkacross Girl
|-damage|p1a: Pinkacross Girl|95/100 par
|
|t:|1760388400
|switch|p2a: Cinderace|Cinderace, M|100/100|[from] Flip Turn
|
|upkeep
|turn|8
|
|t:|1760388402
|move|p2a: Cinderace|Court Change|p2a: Cinderace
|-swapsideconditions
|-activate|p2a: Cinderace|move: Court Change
|cant|p1a: Pinkacross Girl|par
|
|upkeep
|turn|9
|
|t:|1760388411
|move|p2a: Cinderace|U-turn|p1a: Pinkacross Girl
|-damage|p1a: Pinkacross Girl|80/100 par
|
|t:|1760388420
|switch|p2a: Milotic|Milotic, F|100/100|[from] U-turn
|-activate|p2a: Milotic|move: Sticky Web
|-unboost|p2a: Milotic|spe|1
|-ability|p2a: Milotic|Competitive|boost
|-boost|p2a: Milotic|spa|2
|move|p1a: Pinkacross Girl|Flip Turn|p2a: Milotic
|-resisted|p2a: Milotic
|-damage|p2a: Milotic|91/100
|
|t:|1760388425
|switch|p1a: Velkhana|Kyurem|100/100|[from] Flip Turn
|-ability|p1a: Velkhana|Pressure
|
|upkeep
|turn|10
|
|t:|1760388434
|move|p1a: Velkhana|Freeze-Dry|p2a: Milotic
|-supereffective|p2a: Milotic
|-damage|p2a: Milotic|42/100
|-status|p2a: Milotic|frz
|cant|p2a: Milotic|frz
|
|upkeep
|turn|11
|c|☆werearewe|yikes
|c|☆Silent1ine|Sorry
|
|t:|1760388446
|move|p1a: Velkhana|Freeze-Dry|p2a: Milotic
|-supereffective|p2a: Milotic
|-damage|p2a: Milotic|0 fnt
|faint|p2a: Milotic
|
|upkeep
|
|t:|1760388449
|switch|p2a: Empoleon|Empoleon, M|91/100
|-activate|p2a: Empoleon|move: Sticky Web
|-unboost|p2a: Empoleon|spe|1
|-ability|p2a: Empoleon|Competitive|boost
|-boost|p2a: Empoleon|spa|2
|turn|12
|
|t:|1760388455
|switch|p1a: Pinkacross Girl|Alomomola, M|100/100 par
|move|p2a: Empoleon|Surf|p1a: Pinkacross Girl
|-resisted|p1a: Pinkacross Girl
|-damage|p1a: Pinkacross Girl|77/100 par
|
|upkeep
|turn|13
|
|t:|1760388462
|move|p2a: Empoleon|Surf|p1a: Pinkacross Girl
|-resisted|p1a: Pinkacross Girl
|-damage|p1a: Pinkacross Girl|53/100 par
|move|p1a: Pinkacross Girl|Flip Turn|p2a: Empoleon
|-resisted|p2a: Empoleon
|-damage|p2a: Empoleon|82/100
|
|t:|1760388470
|switch|p1a: Tuskothy Cool|Great Tusk|100/100|[from] Flip Turn
|
|upkeep
|turn|14
|
|t:|1760388529
|switch|p2a: Ogerpon|Ogerpon, F|100/100
|-activate|p2a: Ogerpon|move: Sticky Web
|-unboost|p2a: Ogerpon|spe|1
|-ability|p2a: Ogerpon|Defiant|boost
|-boost|p2a: Ogerpon|atk|2
|-enditem|p2a: Ogerpon|White Herb
|-clearnegativeboost|p2a: Ogerpon|[silent]
|move|p1a: Tuskothy Cool|Close Combat|p2a: Ogerpon
|-damage|p2a: Ogerpon|0 fnt
|-unboost|p1a: Tuskothy Cool|def|1
|-unboost|p1a: Tuskothy Cool|spd|1
|faint|p2a: Ogerpon
|
|upkeep
|
|t:|1760388532
|switch|p2a: Cinderace|Cinderace, M|100/100
|turn|15
|
|t:|1760388536
|-end|p1a: Tuskothy Cool|Protosynthesis|[silent]
|switch|p1a: Pinkacross Girl|Alomomola, M|87/100 par
|move|p2a: Cinderace|Will-O-Wisp||[still]
|-fail|p2a: Cinderace
|
|upkeep
|turn|16
|-message|werearewe forfeited.
|
|win|Silent1ine
|raw|Silent1ine's rating: 1468 &rarr; <strong>1493</strong><br />(+25 for winning)
|raw|werearewe's rating: 1557 &rarr; <strong>1532</strong><br />(-25 for losing)
|l|☆werearewe
|player|p2|
