|j|☆cassidychristian
|j|☆BIGFISHFISHH
|t:|1760334626
|gametype|singles
|player|p1|cassidychristian|acetrainer|1129
|player|p2|BIGFISHFISHH|swimmer|1077
|gen|9
|tier|[Gen 9] OU
|rated|
|rule|HP Percentage Mod: HP is shown in percentages
|rule|Endless Battle Clause: Forcing endless battles is banned
|rule|Species Clause: Limit one of each Pokémon
|rule|OHKO Clause: OHKO moves are banned
|rule|Evasion Items Clause: Evasion items are banned
|rule|Evasion Moves Clause: Evasion moves are banned
|rule|Evasion Abilities Clause: Evasion abilities are banned
|rule|Sleep Moves Clause: Sleep-inducing moves are banned
|clearpoke
|poke|p1|Excadrill, F|
|poke|p1|Tyranitar, M|
|poke|p1|Great Tusk|
|poke|p1|Ogerpon-Wellspring, F|
|poke|p1|Blaziken, M|
|poke|p1|Zapdos|
|poke|p2|Ribombee, F|
|poke|p2|Okidogi, M|
|poke|p2|Volcanion|
|poke|p2|Thundurus, M|
|poke|p2|Abomasnow, M|
|poke|p2|Dragapult, F|
|teampreview
|inactive|Battle timer is ON: inactive players will automatically lose when time's up. (requested by cassidychristian)
|c|☆BIGFISHFISHH|good luck
|
|t:|1760334648
|teamsize|p1|6
|teamsize|p2|6
|start
|switch|p1a: Great Tusk|Great Tusk|100/100
|switch|p2a: Ribombee|Ribombee, F|100/100
|-enditem|p1a: Great Tusk|Booster Energy
|-activate|p1a: Great Tusk|ability: Protosynthesis|[fromitem]
|-start|p1a: Great Tusk|protosynthesisatk
|turn|1
|
|t:|1760334657
|move|p2a: Ribombee|Sticky Web|p1a: Great Tusk
|-sidestart|p1: cassidychristian|move: Sticky Web
|move|p1a: Great Tusk|Rapid Spin|p2a: Ribombee
|-damage|p2a: Ribombee|60/100
|-boost|p1a: Great Tusk|spe|1
|-sideend|p1: cassidychristian|Sticky Web|[from] move: Rapid Spin|[of] p1a: Great Tusk
|
|upkeep
|turn|2
|
|t:|1760334666
|move|p1a: Great Tusk|Ice Spinner|p2a: Ribombee
|-damage|p2a: Ribombee|5/100
|move|p2a: Ribombee|Moonblast|p1a: Great Tusk
|-supereffective|p1a: Great Tusk
|-damage|p1a: Great Tusk|0 fnt
|faint|p1a: Great Tusk
|-end|p1a: Great Tusk|Protosynthesis|[silent]
|
|upkeep
|
|t:|1760334682
|switch|p1a: Tyranitar|Tyranitar, M|100/100
|-weather|Sandstorm|[from] ability: Sand Stream|[of] p1a: Tyranitar
|turn|3
|
|t:|1760334688
|switch|p1a: Excadrill|Excadrill, F|100/100
|move|p2a: Ribombee|Sticky Web|p1a: Excadrill
|-sidestart|p1: cassidychristian|move: Sticky Web
|
|-weather|Sandstorm|[upkeep]
|-damage|p2a: Ribombee|0 fnt|[from] Sandstorm
|faint|p2a: Ribombee
|upkeep
|
|t:|1760334700
|switch|p2a: Okidogi|Okidogi, M|100/100
|turn|4
|
|t:|1760334715
|-terastallize|p1a: Excadrill|Ground
|move|p1a: Excadrill|Swords Dance|p1a: Excadrill
|-boost|p1a: Excadrill|atk|2
|move|p2a: Okidogi|Drain Punch|p1a: Excadrill
|-damage|p1a: Excadrill|42/100
|-status|p1a: Excadrill|tox|[from] ability: Toxic Chain|[of] p2a: Okidogi
|
|-weather|Sandstorm|[upkeep]
|-damage|p2a: Okidogi|95/100|[from] Sandstorm
|-damage|p1a: Excadrill|36/100 tox|[from] psn
|upkeep
|turn|5
|
|t:|1760334734
|move|p1a: Excadrill|Rock Slide|p2a: Okidogi|[miss]
|-miss|p1a: Excadrill|p2a: Okidogi
|move|p2a: Okidogi|Drain Punch|p1a: Excadrill
|-damage|p1a: Excadrill|0 fnt
|-heal|p2a: Okidogi|100/100|[from] drain|[of] p1a: Excadrill
|faint|p1a: Excadrill
|
|-weather|Sandstorm|[upkeep]
|-damage|p2a: Okidogi|95/100|[from] Sandstorm
|upkeep
|
|t:|1760334745
|switch|p1a: Zapdos|Zapdos|100/100
|turn|6
|
|t:|1760334768
|switch|p2a: Abomasnow|Abomasnow, M|100/100
|-weather|Snowscape|[from] ability: Snow Warning|[of] p2a: Abomasnow
|move|p1a: Zapdos|Discharge|p2a: Abomasnow
|-resisted|p2a: Abomasnow
|-damage|p2a: Abomasnow|86/100
|-status|p2a: Abomasnow|par
|
|-weather|Snowscape|[upkeep]
|upkeep
|turn|7
|
|t:|1760334781
|move|p1a: Zapdos|Hurricane|p2a: Abomasnow
|-supereffective|p2a: Abomasnow
|-damage|p2a: Abomasnow|3/100 par
|move|p2a: Abomasnow|Aurora Veil|p2a: Abomasnow
|-sidestart|p2: BIGFISHFISHH|move: Aurora Veil
|
|-weather|Snowscape|[upkeep]
|upkeep
|turn|8
|
|t:|1760334797
|move|p1a: Zapdos|Discharge|p2a: Abomasnow
|-resisted|p2a: Abomasnow
|-damage|p2a: Abomasnow|0 fnt
|faint|p2a: Abomasnow
|
|-weather|Snowscape|[upkeep]
|upkeep
|inactive|BIGFISHFISHH has 120 seconds left.
|
|t:|1760334812
|switch|p2a: Thundurus|Thundurus, M, shiny|100/100
|turn|9
|inactive|BIGFISHFISHH has 120 seconds left.
|
|t:|1760334829
|switch|p1a: Tyranitar|Tyranitar, M|100/100
|-activate|p1a: Tyranitar|move: Sticky Web
|-unboost|p1a: Tyranitar|spe|1
|-weather|Sandstorm|[from] ability: Sand Stream|[of] p1a: Tyranitar
|move|p2a: Thundurus|Supercell Slam|p1a: Tyranitar
|-damage|p1a: Tyranitar|65/100
|
|-weather|Sandstorm|[upkeep]
|-damage|p2a: Thundurus|94/100|[from] Sandstorm
|upkeep
|turn|10
|inactive|BIGFISHFISHH has 120 seconds left.
|
|t:|1760334840
|move|p2a: Thundurus|Acrobatics|p1a: Tyranitar
|-resisted|p1a: Tyranitar
|-damage|p1a: Tyranitar|44/100
|move|p1a: Tyranitar|Stealth Rock|p2a: Thundurus
|-sidestart|p2: BIGFISHFISHH|move: Stealth Rock
|
|-weather|Sandstorm|[upkeep]
|-damage|p2a: Thundurus|88/100|[from] Sandstorm
|upkeep
|turn|11
|
|t:|1760334852
|move|p2a: Thundurus|Smart Strike|p1a: Tyranitar
|-supereffective|p1a: Tyranitar
|-damage|p1a: Tyranitar|6/100
|move|p1a: Tyranitar|Knock Off|p2a: Thundurus
|-damage|p2a: Thundurus|65/100
|
|-weather|Sandstorm|[upkeep]
|-damage|p2a: Thundurus|59/100|[from] Sandstorm
|-sideend|p2: BIGFISHFISHH|move: Aurora Veil
|upkeep
|turn|12
|inactive|BIGFISHFISHH has 120 seconds left.
|
|t:|1760334878
|switch|p1a: Zapdos|Zapdos|100/100
|move|p2a: Thundurus|Volt Switch|p1a: Zapdos
|-damage|p1a: Zapdos|75/100
|inactive|BIGFISHFISHH has 120 seconds left.
|-message|cassidychristian forfeited.
|
|win|BIGFISHFISHH
|raw|cassidychristian's rating: 1129 &rarr; <strong>1100</strong><br />(-29 for losing)
|raw|BIGFISHFISHH's rating: 1077 &rarr; <strong>1110</strong><br />(+33 for winning)
|l|☆cassidychristian
|player|p1|
|l|☆BIGFISHFISHH
|player|p2|
