|j|☆apotato135
|j|☆RoddyJ
|t:|1760461635
|gametype|singles
|player|p1|apotato135|swimmer-gen4dp|1748
|player|p2|RoddyJ|ethan|1712
|gen|9
|tier|[Gen 9] OU
|rated|
|rule|HP Percentage Mod: HP is shown in percentages
|rule|Endless Battle Clause: Forcing endless battles is banned
|rule|Species Clause: Limit one of each Pokémon
|rule|OHKO Clause: OHKO moves are banned
|rule|Evasion Items Clause: Evasion items are banned
|rule|Evasion Moves Clause: Evasion moves are banned
|rule|Evasion Abilities Clause: Evasion abilities are banned
|rule|Sleep Moves Clause: Sleep-inducing moves are banned
|clearpoke
|poke|p1|Pelipper, F|
|poke|p1|Raging Bolt|
|poke|p1|Tauros-Paldea-Aqua, M|
|poke|p1|Primarina, F|
|poke|p1|Overqwil, F|
|poke|p1|Iron Treads|
|poke|p2|Kyurem|
|poke|p2|Mew|
|poke|p2|Dragapult, F|
|poke|p2|Weezing-Galar, M|
|poke|p2|Muk-Alola, F|
|poke|p2|Iron Moth|
|teampreview
|inactive|Battle timer is ON: inactive players will automatically lose when time's up. (requested by RoddyJ)
|inactive|RoddyJ has 120 seconds left.
|
|t:|1760461679
|teamsize|p1|6
|teamsize|p2|6
|start
|switch|p1a: Raging Bolt|Raging Bolt|100/100
|switch|p2a: Kyurem|Kyurem, shiny|100/100
|-ability|p2a: Kyurem|Pressure
|turn|1
|
|t:|1760461686
|move|p1a: Raging Bolt|Draco Meteor|p2a: Kyurem
|-supereffective|p2a: Kyurem
|-damage|p2a: Kyurem|0 fnt
|-unboost|p1a: Raging Bolt|spa|2
|faint|p2a: Kyurem
|
|upkeep
|
|t:|1760461698
|switch|p2a: Iron Moth|Iron Moth, shiny|100/100
|-enditem|p2a: Iron Moth|Booster Energy
|-activate|p2a: Iron Moth|ability: Quark Drive|[fromitem]
|-start|p2a: Iron Moth|quarkdrivespa
|turn|2
|
|t:|1760461710
|-end|p1a: Raging Bolt|Protosynthesis|[silent]
|switch|p1a: Primarina|Primarina, F|100/100
|move|p2a: Iron Moth|Fiery Dance|p1a: Primarina
|-resisted|p1a: Primarina
|-damage|p1a: Primarina|82/100
|
|upkeep
|turn|3
|l|☆apotato135
|inactive|apotato135 disconnected and has a minute to reconnect!
|player|p1|
|j| wgw2333
|j|☆apotato135
|inactive|apotato135 reconnected and has 145 seconds left.
|player|p1|apotato135|swimmer-gen4dp|
|
|t:|1760461721
|move|p2a: Iron Moth|Sludge Wave|p1a: Primarina
|-supereffective|p1a: Primarina
|-damage|p1a: Primarina|0 fnt
|faint|p1a: Primarina
|
|upkeep
|
|t:|1760461725
|switch|p1a: Iron Treads|Iron Treads|100/100
|-enditem|p1a: Iron Treads|Booster Energy
|-activate|p1a: Iron Treads|ability: Quark Drive|[fromitem]
|-start|p1a: Iron Treads|quarkdrivespe
|turn|4
|
|t:|1760461736
|-terastallize|p2a: Iron Moth|Ground
|move|p1a: Iron Treads|Earth Power|p2a: Iron Moth
|-damage|p2a: Iron Moth|65/100
|move|p2a: Iron Moth|Fiery Dance|p1a: Iron Treads
|-supereffective|p1a: Iron Treads
|-damage|p1a: Iron Treads|0 fnt
|-boost|p2a: Iron Moth|spa|1
|faint|p1a: Iron Treads
|-end|p1a: Iron Treads|Quark Drive|[silent]
|
|upkeep
|
|t:|1760461744
|switch|p1a: Tauros|Tauros-Paldea-Aqua, M|100/100
|-ability|p1a: Tauros|Intimidate|boost
|-unboost|p2a: Iron Moth|atk|1
|turn|5
|
|t:|1760461752
|move|p1a: Tauros|Aqua Jet|p2a: Iron Moth
|-supereffective|p2a: Iron Moth
|-damage|p2a: Iron Moth|0 fnt
|faint|p2a: Iron Moth
|-end|p2a: Iron Moth|Quark Drive|[silent]
|
|upkeep
|
|t:|1760461757
|switch|p2a: Dragapult|Dragapult, F, shiny|100/100
|turn|6
|
|t:|1760461761
|switch|p1a: Pelipper|Pelipper, F|100/100
|-weather|RainDance|[from] ability: Drizzle|[of] p1a: Pelipper
|move|p2a: Dragapult|Dragon Darts|p1a: Pelipper
|-damage|p1a: Pelipper|67/100
|-anim|p2a: Dragapult|Dragon Darts|p1a: Pelipper
|-damage|p1a: Pelipper|34/100
|
|-weather|RainDance|[upkeep]
|upkeep
|turn|7
|
|t:|1760461766
|move|p2a: Dragapult|Dragon Darts|p1a: Pelipper
|-damage|p1a: Pelipper|5/100
|-anim|p2a: Dragapult|Dragon Darts|p1a: Pelipper
|-damage|p1a: Pelipper|0 fnt
|faint|p1a: Pelipper
|
|-weather|RainDance|[upkeep]
|upkeep
|
|t:|1760461768
|switch|p1a: Overqwil|Overqwil, F|100/100
|turn|8
|
|t:|1760461775
|switch|p2a: Muk|Muk-Alola, F, shiny|100/100
|move|p1a: Overqwil|Swords Dance|p1a: Overqwil
|-boost|p1a: Overqwil|atk|2
|
|-weather|RainDance|[upkeep]
|upkeep
|turn|9
|
|t:|1760461781
|-terastallize|p1a: Overqwil|Water
|move|p1a: Overqwil|Liquidation|p2a: Muk
|-damage|p2a: Muk|0 fnt
|faint|p2a: Muk
|-damage|p1a: Overqwil|91/100|[from] item: Life Orb
|
|-weather|RainDance|[upkeep]
|upkeep
|
|t:|1760461796
|switch|p2a: Weezing|Weezing-Galar, M, shiny|100/100
|turn|10
|
|t:|1760461802
|move|p1a: Overqwil|Liquidation|p2a: Weezing
|-damage|p2a: Weezing|0 fnt
|faint|p2a: Weezing
|-damage|p1a: Overqwil|81/100|[from] item: Life Orb
|
|-weather|RainDance|[upkeep]
|upkeep
|
|t:|1760461812
|switch|p2a: Dragapult|Dragapult, F, shiny|100/100
|turn|11
|
|t:|1760461816
|move|p2a: Dragapult|Sucker Punch|p1a: Overqwil
|-damage|p1a: Overqwil|41/100
|move|p1a: Overqwil|Crunch|p2a: Dragapult
|-supereffective|p2a: Dragapult
|-damage|p2a: Dragapult|0 fnt
|faint|p2a: Dragapult
|-damage|p1a: Overqwil|32/100|[from] item: Life Orb
|
|-weather|RainDance|[upkeep]
|upkeep
|-message|RoddyJ forfeited.
|
|win|apotato135
|raw|apotato135's rating: 1748 &rarr; <strong>1766</strong><br />(+18 for winning)
|raw|RoddyJ's rating: 1712 &rarr; <strong>1694</strong><br />(-18 for losing)
|l|☆RoddyJ
|player|p2|
|l|☆apotato135
|player|p1|
