|j|☆Obito 2001
|j|☆sly_skip
|t:|1760305456
|gametype|singles
|player|p1|Obito 2001|blue-gen3two|1647
|player|p2|sly_skip|1|1738
|gen|9
|tier|[Gen 9] OU
|rated|
|rule|HP Percentage Mod: HP is shown in percentages
|rule|Endless Battle Clause: Forcing endless battles is banned
|rule|Species Clause: Limit one of each Pokémon
|rule|OHKO Clause: OHKO moves are banned
|rule|Evasion Items Clause: Evasion items are banned
|rule|Evasion Moves Clause: Evasion moves are banned
|rule|Evasion Abilities Clause: Evasion abilities are banned
|rule|Sleep Moves Clause: Sleep-inducing moves are banned
|clearpoke
|poke|p1|Manaphy|
|poke|p1|Darkrai|
|poke|p1|Great Tusk|
|poke|p1|Dragapult, F|
|poke|p1|Maushold-Four|
|poke|p1|Braviary-Hisui, M|
|poke|p2|Great Tusk|
|poke|p2|Darkrai|
|poke|p2|Garganacl, M|
|poke|p2|Kyurem|
|poke|p2|Zamazenta-*|
|poke|p2|Slowking-Galar, M|
|teampreview
|inactive|Battle timer is ON: inactive players will automatically lose when time's up. (requested by sly_skip)
|inactive|Obito 2001 also wants the timer to be on.
|
|t:|1760305481
|teamsize|p1|6
|teamsize|p2|6
|start
|switch|p1a: DraGhost|Dragapult, F|100/100
|switch|p2a: Slowking|Slowking-Galar, M|100/100
|turn|1
|
|t:|1760305485
|move|p1a: DraGhost|Light Screen|p1a: DraGhost
|-sidestart|p1: Obito 2001|move: Light Screen
|move|p2a: Slowking|Toxic|p1a: DraGhost
|-status|p1a: DraGhost|tox
|
|-damage|p1a: DraGhost|94/100 tox|[from] psn
|upkeep
|turn|2
|
|t:|1760305495
|move|p1a: DraGhost|Reflect|p1a: DraGhost
|-sidestart|p1: Obito 2001|Reflect
|move|p2a: Slowking|Psychic|p1a: DraGhost
|-damage|p1a: DraGhost|75/100 tox
|
|-damage|p1a: DraGhost|63/100 tox|[from] psn
|upkeep
|turn|3
|
|t:|1760305502
|switch|p1a: Braviary|Braviary-Hisui, M|100/100
|-prepare|p2a: Slowking|Chilly Reception|[premajor]
|move|p2a: Slowking|Chilly Reception|p2a: Slowking
|-weather|Snowscape
|inactive|sly_skip has 120 seconds left.
|
|t:|1760305546
|switch|p2a: Garganacl|Garganacl, M|100/100|[from] Chilly Reception
|
|-weather|Snowscape|[upkeep]
|upkeep
|turn|4
|
|t:|1760305552
|move|p1a: Braviary|Psychic|p2a: Garganacl
|-damage|p2a: Garganacl|45/100
|move|p2a: Garganacl|Salt Cure|p1a: Braviary
|-supereffective|p1a: Braviary
|-damage|p1a: Braviary|82/100
|-start|p1a: Braviary|Salt Cure
|
|-weather|Snowscape|[upkeep]
|-heal|p2a: Garganacl|52/100|[from] item: Leftovers
|-damage|p1a: Braviary|69/100|[from] Salt Cure
|upkeep
|turn|5
|
|t:|1760305563
|switch|p2a: Darkrai|Darkrai|100/100
|move|p1a: Braviary|Hurricane|p2a: Darkrai|[miss]
|-miss|p1a: Braviary|p2a: Darkrai
|
|-weather|Snowscape|[upkeep]
|-damage|p1a: Braviary|57/100|[from] Salt Cure
|upkeep
|turn|6
|
|t:|1760305575
|move|p2a: Darkrai|Dark Pulse|p1a: Braviary
|-supereffective|p1a: Braviary
|-damage|p1a: Braviary|3/100
|move|p1a: Braviary|Hurricane|p2a: Darkrai
|-damage|p2a: Darkrai|0 fnt
|faint|p2a: Darkrai
|
|-weather|Snowscape|[upkeep]
|-damage|p1a: Braviary|0 fnt|[from] Salt Cure
|faint|p1a: Braviary
|upkeep
|inactive|sly_skip has 120 seconds left.
|
|t:|1760305586
|switch|p2a: Great Tusk|Great Tusk|100/100
|switch|p1a: La Lisa|Manaphy|100/100
|turn|7
|
|t:|1760305591
|move|p1a: La Lisa|Substitute|p1a: La Lisa
|-start|p1a: La Lisa|Substitute
|-damage|p1a: La Lisa|76/100
|move|p2a: Great Tusk|Knock Off|p1a: La Lisa
|-activate|p1a: La Lisa|move: Substitute|[damage]
|
|-weather|none
|-heal|p1a: La Lisa|82/100|[from] item: Leftovers
|upkeep
|turn|8
|
|t:|1760305606
|-end|p2a: Great Tusk|Protosynthesis|[silent]
|switch|p2a: Kyurem|Kyurem|100/100
|-ability|p2a: Kyurem|Pressure
|move|p1a: La Lisa|Tail Glow|p1a: La Lisa
|-boost|p1a: La Lisa|spa|3
|
|-heal|p1a: La Lisa|88/100|[from] item: Leftovers
|-sideend|p1: Obito 2001|move: Light Screen
|upkeep
|turn|9
|
|t:|1760305615
|move|p1a: La Lisa|Alluring Voice|p2a: Kyurem
|-supereffective|p2a: Kyurem
|-damage|p2a: Kyurem|0 fnt
|faint|p2a: Kyurem
|
|-heal|p1a: La Lisa|94/100|[from] item: Leftovers
|-sideend|p1: Obito 2001|Reflect
|upkeep
|
|t:|1760305625
|switch|p2a: Zamazenta|Zamazenta|100/100
|-ability|p2a: Zamazenta|Dauntless Shield|boost
|-boost|p2a: Zamazenta|def|1
|turn|10
|
|t:|1760305631
|-terastallize|p2a: Zamazenta|Steel
|move|p2a: Zamazenta|Body Press|p1a: La Lisa
|-end|p1a: La Lisa|Substitute
|move|p1a: La Lisa|Surf|p2a: Zamazenta
|-damage|p2a: Zamazenta|15/100
|
|-heal|p2a: Zamazenta|21/100|[from] item: Leftovers
|-heal|p1a: La Lisa|99/100|[from] item: Leftovers
|upkeep
|turn|11
|
|t:|1760305635
|move|p2a: Zamazenta|Body Press|p1a: La Lisa
|-damage|p1a: La Lisa|47/100
|move|p1a: La Lisa|Surf|p2a: Zamazenta
|-damage|p2a: Zamazenta|0 fnt
|faint|p2a: Zamazenta
|
|-heal|p1a: La Lisa|53/100|[from] item: Leftovers
|upkeep
|
|t:|1760305641
|switch|p2a: Slowking|Slowking-Galar, M|100/100
|turn|12
|
|t:|1760305648
|move|p1a: La Lisa|Surf|p2a: Slowking
|-damage|p2a: Slowking|47/100
|move|p2a: Slowking|Psychic|p1a: La Lisa
|-crit|p1a: La Lisa
|-damage|p1a: La Lisa|0 fnt
|faint|p1a: La Lisa
|
|upkeep
|
|t:|1760305659
|switch|p1a: Gang Bang|Maushold-Four|100/100
|turn|13
|
|t:|1760305665
|move|p1a: Gang Bang|Population Bomb|p2a: Slowking
|-damage|p2a: Slowking|35/100
|-damage|p2a: Slowking|22/100
|-hitcount|p2a: Slowking|2
|move|p2a: Slowking|Thunder Wave|p1a: Gang Bang
|-status|p1a: Gang Bang|par
|
|upkeep
|turn|14
|
|t:|1760305673
|move|p1a: Gang Bang|Population Bomb|p2a: Slowking
|-damage|p2a: Slowking|11/100
|-damage|p2a: Slowking|0 fnt
|faint|p2a: Slowking
|-hitcount|p2: Slowking|2
|
|upkeep
|
|t:|1760305675
|switch|p2a: Great Tusk|Great Tusk|100/100
|turn|15
|
|t:|1760305685
|move|p2a: Great Tusk|Rapid Spin|p1a: Gang Bang
|-damage|p1a: Gang Bang|73/100 par
|-boost|p2a: Great Tusk|spe|1
|move|p1a: Gang Bang|Population Bomb|p2a: Great Tusk
|-crit|p2a: Great Tusk
|-damage|p2a: Great Tusk|88/100
|-damage|p2a: Great Tusk|80/100
|-damage|p2a: Great Tusk|72/100
|-damage|p2a: Great Tusk|64/100
|-damage|p2a: Great Tusk|57/100
|-damage|p2a: Great Tusk|48/100
|-damage|p2a: Great Tusk|40/100
|-damage|p2a: Great Tusk|31/100
|-damage|p2a: Great Tusk|24/100
|-damage|p2a: Great Tusk|16/100
|-hitcount|p2a: Great Tusk|10
|
|upkeep
|turn|16
|
|t:|1760305689
|move|p2a: Great Tusk|Earthquake|p1a: Gang Bang
|-damage|p1a: Gang Bang|0 fnt
|faint|p1a: Gang Bang
|
|upkeep
|
|t:|1760305691
|switch|p1a: Mega Donphan|Great Tusk|100/100
|turn|17
|
|t:|1760305700
|move|p2a: Great Tusk|Earthquake|p1a: Mega Donphan
|-damage|p1a: Mega Donphan|65/100
|move|p1a: Mega Donphan|Ice Spinner|p2a: Great Tusk
|-supereffective|p2a: Great Tusk
|-damage|p2a: Great Tusk|0 fnt
|faint|p2a: Great Tusk
|-end|p2a: Great Tusk|Protosynthesis|[silent]
|
|upkeep
|-message|sly_skip forfeited.
|
|win|Obito 2001
|raw|Obito 2001's rating: 1634 &rarr; <strong>1660</strong><br />(+26 for winning)
|raw|sly_skip's rating: 1738 &rarr; <strong>1712</strong><br />(-26 for losing)
|l|☆sly_skip
|player|p2|
|l|☆Obito 2001
|player|p1|
