|j|☆Sanesa8724
|j|☆stariaki
|t:|1760452542
|gametype|singles
|player|p1|Sanesa8724|buck|1807
|player|p2|stariaki|266|1795
|gen|9
|tier|[Gen 9] OU
|rated|
|rule|HP Percentage Mod: HP is shown in percentages
|rule|Endless Battle Clause: Forcing endless battles is banned
|rule|Species Clause: Limit one of each Pokémon
|rule|OHKO Clause: OHKO moves are banned
|rule|Evasion Items Clause: Evasion items are banned
|rule|Evasion Moves Clause: Evasion moves are banned
|rule|Evasion Abilities Clause: Evasion abilities are banned
|rule|Sleep Moves Clause: Sleep-inducing moves are banned
|clearpoke
|poke|p1|Ting-Lu|
|poke|p1|Gholdengo|
|poke|p1|Slowking-Galar, F|
|poke|p1|Great Tusk|
|poke|p1|Dragonite, M|
|poke|p1|Weavile, F|
|poke|p2|Polteageist|
|poke|p2|Scizor, M|
|poke|p2|Dragonite, M|
|poke|p2|Great Tusk|
|poke|p2|Cinderace, F|
|poke|p2|Alomomola, M|
|teampreview
|c|☆Sanesa8724|glhf
|j| 54 Insane Rats
|inactive|Battle timer is ON: inactive players will automatically lose when time's up. (requested by stariaki)
|
|t:|1760452562
|teamsize|p1|6
|teamsize|p2|6
|start
|switch|p1a: Slowking|Slowking-Galar, F|100/100
|switch|p2a: Scizor|Scizor, M|100/100
|turn|1
|
|t:|1760452579
|move|p2a: Scizor|Knock Off|p1a: Slowking
|-supereffective|p1a: Slowking
|-enditem|p1a: Slowking|Colbur Berry|[eat]
|-enditem|p1a: Slowking|Colbur Berry|[weaken]
|-damage|p1a: Slowking|41/100
|move|p1a: Slowking|Future Sight|p2a: Scizor
|-start|p1a: Slowking|move: Future Sight
|
|upkeep
|turn|2
|
|t:|1760452590
|switch|p1a: Great Tusk|Great Tusk|100/100
|move|p2a: Scizor|Knock Off|p1a: Great Tusk
|-resisted|p1a: Great Tusk
|-damage|p1a: Great Tusk|82/100
|-enditem|p1a: Great Tusk|Heavy-Duty Boots|[from] move: Knock Off|[of] p2a: Scizor
|
|upkeep
|turn|3
|
|t:|1760452597
|switch|p2a: Alomomola|Alomomola, M|100/100
|move|p1a: Great Tusk|Headlong Rush|p2a: Alomomola
|-damage|p2a: Alomomola|66/100
|-unboost|p1a: Great Tusk|def|1
|-unboost|p1a: Great Tusk|spd|1
|-damage|p1a: Great Tusk|65/100|[from] item: Rocky Helmet|[of] p2a: Alomomola
|
|-end|p2a: Alomomola|move: Future Sight
|-damage|p2a: Alomomola|13/100
|upkeep
|turn|4
|j| quero chorizo
|
|t:|1760452614
|switch|p2a: Great Tusk|Great Tusk|100/100
|move|p1a: Great Tusk|Headlong Rush|p2a: Great Tusk
|-damage|p2a: Great Tusk|60/100
|-unboost|p1a: Great Tusk|def|1
|-unboost|p1a: Great Tusk|spd|1
|
|upkeep
|turn|5
|
|t:|1760452625
|-end|p1a: Great Tusk|Protosynthesis|[silent]
|switch|p1a: Weavile|Weavile, F|100/100
|move|p2a: Great Tusk|Ice Spinner|p1a: Weavile
|-resisted|p1a: Weavile
|-damage|p1a: Weavile|72/100
|
|upkeep
|turn|6
|c|☆stariaki|U2
|
|t:|1760452633
|-end|p2a: Great Tusk|Protosynthesis|[silent]
|switch|p2a: Scizor|Scizor, M|100/100
|move|p1a: Weavile|Swords Dance|p1a: Weavile
|-boost|p1a: Weavile|atk|2
|
|upkeep
|turn|7
|j| Samurajen
|
|t:|1760452645
|switch|p1a: Gholdengo|Gholdengo|100/100
|-item|p1a: Gholdengo|Air Balloon
|move|p2a: Scizor|Bullet Punch|p1a: Gholdengo
|-resisted|p1a: Gholdengo
|-damage|p1a: Gholdengo|73/100
|-enditem|p1a: Gholdengo|Air Balloon
|
|upkeep
|turn|8
|
|t:|1760452663
|switch|p2a: Great Tusk|Great Tusk|60/100
|move|p1a: Gholdengo|Shadow Ball|p2a: Great Tusk
|-damage|p2a: Great Tusk|21/100
|
|upkeep
|turn|9
|
|t:|1760452681
|switch|p1a: Ting-Lu|Ting-Lu|100/100
|-ability|p1a: Ting-Lu|Vessel of Ruin
|move|p2a: Great Tusk|Earthquake|p1a: Ting-Lu
|-damage|p1a: Ting-Lu|70/100
|
|-heal|p1a: Ting-Lu|76/100|[from] item: Leftovers
|upkeep
|turn|10
|
|t:|1760452689
|move|p2a: Great Tusk|Close Combat|p1a: Ting-Lu
|-supereffective|p1a: Ting-Lu
|-damage|p1a: Ting-Lu|1/100
|-unboost|p2a: Great Tusk|def|1
|-unboost|p2a: Great Tusk|spd|1
|move|p1a: Ting-Lu|Earthquake|p2a: Great Tusk
|-damage|p2a: Great Tusk|0 fnt
|faint|p2a: Great Tusk
|-end|p2a: Great Tusk|Protosynthesis|[silent]
|
|-heal|p1a: Ting-Lu|7/100|[from] item: Leftovers
|upkeep
|
|t:|1760452692
|switch|p2a: Scizor|Scizor, M|100/100
|turn|11
|
|t:|1760452702
|move|p2a: Scizor|U-turn|p1a: Ting-Lu
|-supereffective|p1a: Ting-Lu
|-damage|p1a: Ting-Lu|0 fnt
|faint|p1a: Ting-Lu
|
|t:|1760452710
|switch|p2a: Cinderace|Cinderace, F|100/100|[from] U-turn
|
|upkeep
|
|t:|1760452719
|switch|p1a: Great Tusk|Great Tusk|65/100
|turn|12
|
|t:|1760452726
|move|p2a: Cinderace|Will-O-Wisp|p1a: Great Tusk
|-status|p1a: Great Tusk|brn
|move|p1a: Great Tusk|Rapid Spin|p2a: Cinderace
|-damage|p2a: Cinderace|89/100
|-boost|p1a: Great Tusk|spe|1
|
|-damage|p1a: Great Tusk|59/100 brn|[from] brn
|upkeep
|turn|13
|
|t:|1760452729
|switch|p2a: Alomomola|Alomomola, M|46/100
|move|p1a: Great Tusk|Stealth Rock|p2a: Alomomola
|-sidestart|p2: stariaki|move: Stealth Rock
|
|-damage|p1a: Great Tusk|53/100 brn|[from] brn
|upkeep
|turn|14
|l| 54 Insane Rats
|
|t:|1760452742
|-end|p1a: Great Tusk|Protosynthesis|[silent]
|switch|p1a: Dragonite|Dragonite, M|100/100
|move|p2a: Alomomola|Flip Turn|p1a: Dragonite
|-resisted|p1a: Dragonite
|-damage|p1a: Dragonite|97/100
|
|t:|1760452746
|switch|p2a: Cinderace|Cinderace, F|89/100|[from] Flip Turn
|
|upkeep
|turn|15
|
|t:|1760452750
|move|p2a: Cinderace|Court Change|p2a: Cinderace
|-swapsideconditions
|-activate|p2a: Cinderace|move: Court Change
|move|p1a: Dragonite|Earthquake|p2a: Cinderace
|-supereffective|p2a: Cinderace
|-damage|p2a: Cinderace|0 fnt
|faint|p2a: Cinderace
|
|upkeep
|
|t:|1760452759
|switch|p2a: Polteageist|Polteageist|100/100
|turn|16
|
|t:|1760452762
|move|p2a: Polteageist|Shell Smash|p2a: Polteageist
|-unboost|p2a: Polteageist|def|1
|-unboost|p2a: Polteageist|spd|1
|-boost|p2a: Polteageist|atk|2
|-boost|p2a: Polteageist|spa|2
|-boost|p2a: Polteageist|spe|2
|move|p1a: Dragonite|Dragon Tail|p2a: Polteageist
|-enditem|p2a: Polteageist|Focus Sash
|-damage|p2a: Polteageist|1/100
|-ability|p2a: Polteageist|Weak Armor|boost
|-unboost|p2a: Polteageist|def|1
|-boost|p2a: Polteageist|spe|2
|drag|p2a: Alomomola|Alomomola, M|80/100
|
|upkeep
|turn|17
|
|t:|1760452770
|switch|p1a: Great Tusk|Great Tusk|53/100 brn
|-damage|p1a: Great Tusk|50/100 brn|[from] Stealth Rock
|move|p2a: Alomomola|Play Rough|p1a: Great Tusk
|-supereffective|p1a: Great Tusk
|-damage|p1a: Great Tusk|26/100 brn
|
|-damage|p1a: Great Tusk|20/100 brn|[from] brn
|upkeep
|turn|18
|
|t:|1760452777
|switch|p2a: Dragonite|Dragonite, M|100/100
|move|p1a: Great Tusk|Stealth Rock|p2a: Dragonite
|-sidestart|p2: stariaki|move: Stealth Rock
|
|-damage|p1a: Great Tusk|13/100 brn|[from] brn
|upkeep
|turn|19
|
|t:|1760452792
|-terastallize|p2a: Dragonite|Steel
|move|p1a: Great Tusk|Rapid Spin|p2a: Dragonite
|-resisted|p2a: Dragonite
|-damage|p2a: Dragonite|99/100
|-boost|p1a: Great Tusk|spe|1
|-sideend|p1: Sanesa8724|Stealth Rock|[from] move: Rapid Spin|[of] p1a: Great Tusk
|move|p2a: Dragonite|Dragon Dance|p2a: Dragonite
|-boost|p2a: Dragonite|atk|1
|-boost|p2a: Dragonite|spe|1
|
|-heal|p2a: Dragonite|100/100|[from] item: Leftovers
|-damage|p1a: Great Tusk|7/100 brn|[from] brn
|upkeep
|turn|20
|
|t:|1760452804
|move|p1a: Great Tusk|Headlong Rush|p2a: Dragonite
|-supereffective|p2a: Dragonite
|-damage|p2a: Dragonite|72/100
|-unboost|p1a: Great Tusk|def|1
|-unboost|p1a: Great Tusk|spd|1
|move|p2a: Dragonite|Ice Spinner|p1a: Great Tusk
|-supereffective|p1a: Great Tusk
|-damage|p1a: Great Tusk|0 fnt
|faint|p1a: Great Tusk
|-end|p1a: Great Tusk|Protosynthesis|[silent]
|
|-heal|p2a: Dragonite|78/100|[from] item: Leftovers
|upkeep
|
|t:|1760452817
|switch|p1a: Dragonite|Dragonite, M|97/100
|turn|21
|
|t:|1760452821
|-terastallize|p1a: Dragonite|Normal
|move|p2a: Dragonite|Roost|p2a: Dragonite
|-heal|p2a: Dragonite|100/100
|move|p1a: Dragonite|Earthquake|p2a: Dragonite
|-supereffective|p2a: Dragonite
|-damage|p2a: Dragonite|67/100
|
|-heal|p2a: Dragonite|73/100|[from] item: Leftovers
|upkeep
|turn|22
|
|t:|1760452831
|switch|p2a: Alomomola|Alomomola, M|100/100
|-damage|p2a: Alomomola|88/100|[from] Stealth Rock
|move|p1a: Dragonite|Earthquake|p2a: Alomomola
|-damage|p2a: Alomomola|68/100
|
|upkeep
|turn|23
|
|t:|1760452838
|switch|p1a: Gholdengo|Gholdengo|73/100
|move|p2a: Alomomola|Wish|p2a: Alomomola
|
|upkeep
|turn|24
|
|t:|1760452845
|move|p1a: Gholdengo|Nasty Plot|p1a: Gholdengo
|-boost|p1a: Gholdengo|spa|2
|move|p2a: Alomomola|Flip Turn|p1a: Gholdengo
|-damage|p1a: Gholdengo|55/100
|
|t:|1760452852
|switch|p2a: Dragonite|Dragonite, M, tera:Steel|73/100|[from] Flip Turn
|-damage|p2a: Dragonite|67/100|[from] Stealth Rock
|
|-heal|p2a: Dragonite|100/100|[from] move: Wish|[wisher] Alomomola
|upkeep
|turn|25
|
|t:|1760452857
|move|p2a: Dragonite|Dragon Dance|p2a: Dragonite
|-boost|p2a: Dragonite|atk|1
|-boost|p2a: Dragonite|spe|1
|move|p1a: Gholdengo|Shadow Ball|p2a: Dragonite
|-damage|p2a: Dragonite|60/100
|
|-heal|p2a: Dragonite|67/100|[from] item: Leftovers
|upkeep
|turn|26
|
|t:|1760452863
|move|p2a: Dragonite|Earthquake|p1a: Gholdengo
|-supereffective|p1a: Gholdengo
|-damage|p1a: Gholdengo|0 fnt
|faint|p1a: Gholdengo
|
|-heal|p2a: Dragonite|73/100|[from] item: Leftovers
|upkeep
|
|t:|1760452869
|switch|p1a: Dragonite|Dragonite, M, tera:Normal|97/100
|turn|27
|
|t:|1760452871
|switch|p2a: Alomomola|Alomomola, M|100/100
|-damage|p2a: Alomomola|88/100|[from] Stealth Rock
|move|p1a: Dragonite|Earthquake|p2a: Alomomola
|-damage|p2a: Alomomola|67/100
|
|upkeep
|turn|28
|
|t:|1760452876
|move|p2a: Alomomola|Wish|p2a: Alomomola
|move|p1a: Dragonite|Dragon Tail|p2a: Alomomola
|-damage|p2a: Alomomola|49/100
|-damage|p1a: Dragonite|80/100|[from] item: Rocky Helmet|[of] p2a: Alomomola
|drag|p2a: Polteageist|Polteageist|1/100
|-damage|p2a: Polteageist|0 fnt|[from] Stealth Rock
|faint|p2a: Polteageist
|
|upkeep
|
|t:|1760452892
|switch|p2a: Scizor|Scizor, M|100/100
|-damage|p2a: Scizor|88/100|[from] Stealth Rock
|turn|29
|
|t:|1760452899
|switch|p1a: Slowking|Slowking-Galar, F|74/100
|move|p2a: Scizor|Bullet Punch|p1a: Slowking
|-damage|p1a: Slowking|25/100
|
|-heal|p2a: Scizor|100/100|[from] move: Wish|[wisher] Alomomola
|upkeep
|turn|30
|j| 1vCLC19b Specnier
|
|t:|1760452911
|switch|p1a: Weavile|Weavile, F|72/100
|move|p2a: Scizor|Bullet Punch|p1a: Weavile
|-supereffective|p1a: Weavile
|-damage|p1a: Weavile|0 fnt
|faint|p1a: Weavile
|
|upkeep
|
|t:|1760452913
|switch|p1a: Slowking|Slowking-Galar, F|58/100
|turn|31
|
|t:|1760452915
|move|p2a: Scizor|Bullet Punch|p1a: Slowking
|-damage|p1a: Slowking|9/100
|move|p1a: Slowking|Thunder Wave|p2a: Scizor
|-status|p2a: Scizor|par
|
|upkeep
|turn|32
|
|t:|1760452917
|move|p2a: Scizor|Bullet Punch|p1a: Slowking
|-damage|p1a: Slowking|0 fnt
|faint|p1a: Slowking
|
|upkeep
|
|t:|1760452919
|switch|p1a: Dragonite|Dragonite, M, tera:Normal|80/100
|turn|33
|c|☆stariaki|Band bp goes fucking crazy
|
|t:|1760452928
|move|p2a: Scizor|Bullet Punch|p1a: Dragonite
|-damage|p1a: Dragonite|36/100
|move|p1a: Dragonite|Roost|p1a: Dragonite
|-heal|p1a: Dragonite|86/100
|
|upkeep
|turn|34
|c|☆Sanesa8724|yeah
|
|t:|1760452933
|move|p2a: Scizor|Bullet Punch|p1a: Dragonite
|-damage|p1a: Dragonite|42/100
|move|p1a: Dragonite|Roost|p1a: Dragonite
|-heal|p1a: Dragonite|92/100
|
|upkeep
|turn|35
|
|t:|1760452935
|cant|p2a: Scizor|par
|move|p1a: Dragonite|Roost|p1a: Dragonite
|-heal|p1a: Dragonite|100/100
|
|upkeep
|turn|36
|
|t:|1760452941
|cant|p2a: Scizor|par
|move|p1a: Dragonite|Earthquake|p2a: Scizor
|-damage|p2a: Scizor|61/100 par
|
|upkeep
|turn|37
|
|t:|1760452944
|move|p2a: Scizor|Bullet Punch|p1a: Dragonite
|-damage|p1a: Dragonite|75/100
|move|p1a: Dragonite|Earthquake|p2a: Scizor
|-damage|p2a: Scizor|23/100 par
|
|upkeep
|turn|38
|
|t:|1760452948
|move|p1a: Dragonite|Extreme Speed|p2a: Scizor
|-resisted|p2a: Scizor
|-damage|p2a: Scizor|0 fnt
|faint|p2a: Scizor
|
|upkeep
|
|t:|1760452957
|switch|p2a: Alomomola|Alomomola, M|82/100
|-damage|p2a: Alomomola|70/100|[from] Stealth Rock
|turn|39
|
|t:|1760452961
|move|p2a: Alomomola|Wish|p2a: Alomomola
|move|p1a: Dragonite|Dragon Tail|p2a: Alomomola|[miss]
|-miss|p1a: Dragonite|p2a: Alomomola
|
|upkeep
|turn|40
|
|t:|1760452972
|move|p2a: Alomomola|Protect|p2a: Alomomola
|-singleturn|p2a: Alomomola|Protect
|move|p1a: Dragonite|Dragon Tail|p2a: Alomomola
|-activate|p2a: Alomomola|move: Protect
|
|-heal|p2a: Alomomola|100/100|[from] move: Wish|[wisher] Alomomola
|upkeep
|turn|41
|
|t:|1760452976
|move|p2a: Alomomola|Wish|p2a: Alomomola
|move|p1a: Dragonite|Dragon Tail|p2a: Alomomola
|-damage|p2a: Alomomola|81/100
|-damage|p1a: Dragonite|58/100|[from] item: Rocky Helmet|[of] p2a: Alomomola
|drag|p2a: Dragonite|Dragonite, M, tera:Steel|73/100
|-damage|p2a: Dragonite|67/100|[from] Stealth Rock
|
|-heal|p2a: Dragonite|73/100|[from] item: Leftovers
|upkeep
|turn|42
|
|t:|1760452987
|switch|p2a: Alomomola|Alomomola, M|100/100
|-damage|p2a: Alomomola|88/100|[from] Stealth Rock
|move|p1a: Dragonite|Roost|p1a: Dragonite
|-heal|p1a: Dragonite|100/100
|
|-heal|p2a: Alomomola|100/100|[from] move: Wish|[wisher] Alomomola
|upkeep
|turn|43
|
|t:|1760452993
|move|p2a: Alomomola|Wish|p2a: Alomomola
|move|p1a: Dragonite|Dragon Tail|p2a: Alomomola
|-damage|p2a: Alomomola|80/100
|-damage|p1a: Dragonite|84/100|[from] item: Rocky Helmet|[of] p2a: Alomomola
|drag|p2a: Dragonite|Dragonite, M, tera:Steel|73/100
|-damage|p2a: Dragonite|67/100|[from] Stealth Rock
|
|-heal|p2a: Dragonite|73/100|[from] item: Leftovers
|upkeep
|turn|44
|
|t:|1760453002
|move|p2a: Dragonite|Roost|p2a: Dragonite
|-heal|p2a: Dragonite|100/100
|move|p1a: Dragonite|Earthquake|p2a: Dragonite
|-supereffective|p2a: Dragonite
|-damage|p2a: Dragonite|63/100
|
|-heal|p2a: Dragonite|100/100|[from] move: Wish|[wisher] Alomomola
|upkeep
|turn|45
|
|t:|1760453013
|move|p2a: Dragonite|Earthquake|p1a: Dragonite
|-damage|p1a: Dragonite|51/100
|move|p1a: Dragonite|Dragon Tail|p2a: Dragonite
|-resisted|p2a: Dragonite
|-damage|p2a: Dragonite|92/100
|drag|p2a: Alomomola|Alomomola, M|100/100
|-damage|p2a: Alomomola|88/100|[from] Stealth Rock
|
|upkeep
|turn|46
|-message|Sanesa8724 forfeited.
|
|win|stariaki
|raw|Sanesa8724's rating: 1807 &rarr; <strong>1786</strong><br />(-21 for losing)
|raw|stariaki's rating: 1795 &rarr; <strong>1816</strong><br />(+21 for winning)
|l|☆Sanesa8724
|player|p1|
|l|☆stariaki
|player|p2|
|l| 1vCLC19b Specnier
