|j|☆ryu_esencial
|j|☆the.ramen.gang
|t:|1760452562
|gametype|singles
|player|p1|ryu_esencial|blue|1149
|player|p2|the.ramen.gang|266|1104
|gen|9
|tier|[Gen 9] OU
|rated|
|rule|HP Percentage Mod: HP is shown in percentages
|rule|Endless Battle Clause: Forcing endless battles is banned
|rule|Species Clause: Limit one of each Pokémon
|rule|OHKO Clause: OHKO moves are banned
|rule|Evasion Items Clause: Evasion items are banned
|rule|Evasion Moves Clause: Evasion moves are banned
|rule|Evasion Abilities Clause: Evasion abilities are banned
|rule|Sleep Moves Clause: Sleep-inducing moves are banned
|clearpoke
|poke|p1|Cinderace, F|
|poke|p1|Ogerpon-Wellspring, F|
|poke|p1|Dragapult, M|
|poke|p1|Iron Valiant|
|poke|p1|Ninetales-Alola, F|
|poke|p1|Scizor, F|
|poke|p2|Cacturne, F|
|poke|p2|Magcargo, M|
|poke|p2|Mimikyu, M|
|poke|p2|Bronzong|
|poke|p2|Rotom-Heat|
|poke|p2|Braviary-Hisui, M|
|teampreview
|inactive|Battle timer is ON: inactive players will automatically lose when time's up. (requested by ryu_esencial)
|
|t:|1760452575
|teamsize|p1|6
|teamsize|p2|6
|start
|switch|p1a: Inverna|Ninetales-Alola, F|100/100
|switch|p2a: Bronzong|Bronzong|100/100
|-weather|Snowscape|[from] ability: Snow Warning|[of] p1a: Inverna
|turn|1
|
|t:|1760452583
|move|p1a: Inverna|Aurora Veil|p1a: Inverna
|-sidestart|p1: ryu_esencial|move: Aurora Veil
|move|p2a: Bronzong|Calm Mind|p2a: Bronzong
|-boost|p2a: Bronzong|spa|1
|-boost|p2a: Bronzong|spd|1
|
|-weather|Snowscape|[upkeep]
|upkeep
|turn|2
|
|t:|1760452590
|move|p1a: Inverna|Moonblast|p2a: Bronzong
|-resisted|p2a: Bronzong
|-damage|p2a: Bronzong|93/100
|move|p2a: Bronzong|Iron Defense|p2a: Bronzong
|-boost|p2a: Bronzong|def|2
|
|-weather|Snowscape|[upkeep]
|-heal|p2a: Bronzong|99/100|[from] item: Leftovers
|upkeep
|turn|3
|
|t:|1760452596
|move|p1a: Inverna|Moonblast|p2a: Bronzong
|-resisted|p2a: Bronzong
|-damage|p2a: Bronzong|91/100
|move|p2a: Bronzong|Calm Mind|p2a: Bronzong
|-boost|p2a: Bronzong|spa|1
|-boost|p2a: Bronzong|spd|1
|
|-weather|Snowscape|[upkeep]
|-heal|p2a: Bronzong|98/100|[from] item: Leftovers
|upkeep
|turn|4
|
|t:|1760452601
|move|p1a: Inverna|Moonblast|p2a: Bronzong
|-resisted|p2a: Bronzong
|-damage|p2a: Bronzong|92/100
|-unboost|p2a: Bronzong|spa|1
|move|p2a: Bronzong|Calm Mind|p2a: Bronzong
|-boost|p2a: Bronzong|spa|1
|-boost|p2a: Bronzong|spd|1
|
|-weather|Snowscape|[upkeep]
|-heal|p2a: Bronzong|98/100|[from] item: Leftovers
|upkeep
|turn|5
|
|t:|1760452607
|move|p1a: Inverna|Freeze-Dry|p2a: Bronzong
|-resisted|p2a: Bronzong
|-damage|p2a: Bronzong|95/100
|move|p2a: Bronzong|Calm Mind|p2a: Bronzong
|-boost|p2a: Bronzong|spa|1
|-boost|p2a: Bronzong|spd|1
|
|-weather|none
|-heal|p2a: Bronzong|100/100|[from] item: Leftovers
|upkeep
|turn|6
|
|t:|1760452612
|move|p1a: Inverna|Freeze-Dry|p2a: Bronzong
|-resisted|p2a: Bronzong
|-damage|p2a: Bronzong|97/100
|move|p2a: Bronzong|Iron Defense|p2a: Bronzong
|-boost|p2a: Bronzong|def|2
|
|-heal|p2a: Bronzong|100/100|[from] item: Leftovers
|upkeep
|turn|7
|
|t:|1760452617
|move|p1a: Inverna|Freeze-Dry|p2a: Bronzong
|-resisted|p2a: Bronzong
|-damage|p2a: Bronzong|98/100
|move|p2a: Bronzong|Iron Defense|p2a: Bronzong
|-boost|p2a: Bronzong|def|2
|
|-heal|p2a: Bronzong|100/100|[from] item: Leftovers
|upkeep
|turn|8
|
|t:|1760452624
|move|p1a: Inverna|Freeze-Dry|p2a: Bronzong
|-resisted|p2a: Bronzong
|-damage|p2a: Bronzong|98/100
|move|p2a: Bronzong|Calm Mind|p2a: Bronzong
|-boost|p2a: Bronzong|spa|1
|-boost|p2a: Bronzong|spd|1
|
|-heal|p2a: Bronzong|100/100|[from] item: Leftovers
|-sideend|p1: ryu_esencial|move: Aurora Veil
|upkeep
|turn|9
|
|t:|1760452630
|move|p1a: Inverna|Aurora Veil||[still]
|-fail|p1a: Inverna
|move|p2a: Bronzong|Calm Mind|p2a: Bronzong
|-boost|p2a: Bronzong|spa|1
|-boost|p2a: Bronzong|spd|1
|
|upkeep
|turn|10
|
|t:|1760452639
|switch|p1a: Darkside|Dragapult, M|100/100
|move|p2a: Bronzong|Calm Mind|p2a: Bronzong
|-boost|p2a: Bronzong|spa|1
|-boost|p2a: Bronzong|spd|0
|
|upkeep
|turn|11
|
|t:|1760452645
|-terastallize|p2a: Bronzong|Fighting
|move|p1a: Darkside|Dragon Dance|p1a: Darkside
|-boost|p1a: Darkside|atk|1
|-boost|p1a: Darkside|spe|1
|move|p2a: Bronzong|Stored Power|p1a: Darkside
|-damage|p1a: Darkside|0 fnt
|faint|p1a: Darkside
|
|upkeep
|
|t:|1760452661
|switch|p1a: Ferropapeador|Iron Valiant|100/100
|turn|12
|
|t:|1760452664
|move|p1a: Ferropapeador|Moonblast|p2a: Bronzong
|-supereffective|p2a: Bronzong
|-damage|p2a: Bronzong|72/100
|-damage|p1a: Ferropapeador|90/100|[from] item: Life Orb
|move|p2a: Bronzong|Stored Power|p1a: Ferropapeador
|-supereffective|p1a: Ferropapeador
|-damage|p1a: Ferropapeador|0 fnt
|faint|p1a: Ferropapeador
|-end|p1a: Ferropapeador|Quark Drive|[silent]
|
|-heal|p2a: Bronzong|78/100|[from] item: Leftovers
|upkeep
|
|t:|1760452671
|switch|p1a: Inverna|Ninetales-Alola, F|100/100
|-weather|Snowscape|[from] ability: Snow Warning|[of] p1a: Inverna
|turn|13
|
|t:|1760452675
|move|p1a: Inverna|Moonblast|p2a: Bronzong
|-supereffective|p2a: Bronzong
|-damage|p2a: Bronzong|65/100
|move|p2a: Bronzong|Stored Power|p1a: Inverna
|-damage|p1a: Inverna|0 fnt
|faint|p1a: Inverna
|
|-weather|Snowscape|[upkeep]
|-heal|p2a: Bronzong|72/100|[from] item: Leftovers
|upkeep
|
|t:|1760452682
|switch|p1a: OgerGOAT|Ogerpon-Wellspring, F|100/100
|turn|14
|
|t:|1760452685
|move|p1a: OgerGOAT|Ivy Cudgel|p2a: Bronzong|[anim] Ivy Cudgel Water
|-crit|p2a: Bronzong
|-damage|p2a: Bronzong|0 fnt
|faint|p2a: Bronzong
|
|-weather|Snowscape|[upkeep]
|upkeep
|
|t:|1760452692
|switch|p2a: Mimikyu|Mimikyu, M|100/100
|turn|15
|
|t:|1760452694
|move|p1a: OgerGOAT|Knock Off|p2a: Mimikyu
|-activate|p2a: Mimikyu|ability: Disguise
|-damage|p2a: Mimikyu|100/100
|-damage|p1a: OgerGOAT|84/100|[from] item: Rocky Helmet|[of] p2a: Mimikyu
|-enditem|p2a: Mimikyu|Rocky Helmet|[from] move: Knock Off|[of] p1a: OgerGOAT
|detailschange|p2a: Mimikyu|Mimikyu-Busted, M
|-damage|p2a: Mimikyu|88/100|[from] pokemon: Mimikyu-Busted
|move|p2a: Mimikyu|Bulk Up|p2a: Mimikyu
|-boost|p2a: Mimikyu|atk|1
|-boost|p2a: Mimikyu|def|1
|
|-weather|Snowscape|[upkeep]
|upkeep
|turn|16
|
|t:|1760452708
|-terastallize|p1a: OgerGOAT|Water
|detailschange|p1a: OgerGOAT|Ogerpon-Wellspring-Tera, F, tera:Water
|-ability|p1a: OgerGOAT|Embody Aspect (Wellspring)|boost
|-boost|p1a: OgerGOAT|spd|1
|move|p1a: OgerGOAT|Ivy Cudgel|p2a: Mimikyu|[anim] Ivy Cudgel Water
|-damage|p2a: Mimikyu|42/100
|move|p2a: Mimikyu|Play Rough|p1a: OgerGOAT
|-damage|p1a: OgerGOAT|27/100
|
|-weather|Snowscape|[upkeep]
|upkeep
|turn|17
|
|t:|1760452718
|move|p1a: OgerGOAT|Ivy Cudgel|p2a: Mimikyu|[anim] Ivy Cudgel Water
|-crit|p2a: Mimikyu
|-damage|p2a: Mimikyu|0 fnt
|faint|p2a: Mimikyu
|
|-weather|none
|upkeep
|
|t:|1760452723
|switch|p2a: Cacturne|Cacturne, F|100/100
|turn|18
|
|t:|1760452729
|move|p2a: Cacturne|Sucker Punch||[still]
|-fail|p2a: Cacturne
|move|p1a: OgerGOAT|Swords Dance|p1a: OgerGOAT
|-boost|p1a: OgerGOAT|atk|2
|
|upkeep
|turn|19
|
|t:|1760452737
|move|p2a: Cacturne|Sucker Punch||[still]
|-fail|p2a: Cacturne
|move|p1a: OgerGOAT|Swords Dance|p1a: OgerGOAT
|-boost|p1a: OgerGOAT|atk|2
|
|upkeep
|turn|20
|
|t:|1760452746
|move|p1a: OgerGOAT|Knock Off|p2a: Cacturne
|-resisted|p2a: Cacturne
|-damage|p2a: Cacturne|3/100
|-enditem|p2a: Cacturne|Assault Vest|[from] move: Knock Off|[of] p1a: OgerGOAT
|move|p2a: Cacturne|Seed Bomb|p1a: OgerGOAT
|-supereffective|p1a: OgerGOAT
|-damage|p1a: OgerGOAT|0 fnt
|faint|p1a: OgerGOAT
|detailschange|p1: OgerGOAT|Ogerpon-Wellspring, F|[silent]
|
|upkeep
|
|t:|1760452754
|switch|p1a: Bichota|Scizor, F|100/100
|turn|21
|
|t:|1760452758
|move|p2a: Cacturne|Sucker Punch||[still]
|-fail|p2a: Cacturne
|move|p1a: Bichota|Swords Dance|p1a: Bichota
|-boost|p1a: Bichota|atk|2
|
|upkeep
|turn|22
|
|t:|1760452769
|move|p1a: Bichota|Bullet Punch|p2a: Cacturne
|-damage|p2a: Cacturne|0 fnt
|faint|p2a: Cacturne
|
|upkeep
|
|t:|1760452773
|switch|p2a: Magcargo|Magcargo, M|100/100
|turn|23
|
|t:|1760452779
|move|p1a: Bichota|Bullet Punch|p2a: Magcargo
|-damage|p2a: Magcargo|35/100
|-ability|p2a: Magcargo|Weak Armor|boost
|-unboost|p2a: Magcargo|def|1
|-boost|p2a: Magcargo|spe|2
|move|p2a: Magcargo|Fire Blast|p1a: Bichota
|-supereffective|p1a: Bichota
|-damage|p1a: Bichota|0 fnt
|faint|p1a: Bichota
|
|upkeep
|
|t:|1760452788
|switch|p1a: Messi|Cinderace, F|100/100
|turn|24
|
|t:|1760452792
|move|p1a: Messi|High Jump Kick|p2a: Magcargo
|-start|p1a: Messi|typechange|Fighting|[from] ability: Libero
|-supereffective|p2a: Magcargo
|-damage|p2a: Magcargo|0 fnt
|faint|p2a: Magcargo
|
|upkeep
|
|t:|1760452795
|switch|p2a: Braviary|Braviary-Hisui, M|100/100
|turn|25
|
|t:|1760452798
|move|p1a: Messi|High Jump Kick|p2a: Braviary
|-resisted|p2a: Braviary
|-crit|p2a: Braviary
|-damage|p2a: Braviary|59/100
|move|p2a: Braviary|Esper Wing|p1a: Messi
|-supereffective|p1a: Messi
|-damage|p1a: Messi|0 fnt
|-boost|p2a: Braviary|spe|1
|faint|p1a: Messi
|
|win|the.ramen.gang
|raw|ryu_esencial's rating: 1149 &rarr; <strong>1121</strong><br />(-28 for losing)
|raw|the.ramen.gang's rating: 1104 &rarr; <strong>1132</strong><br />(+28 for winning)
|l|☆the.ramen.gang
|player|p2|
|c|☆ryu_esencial|GG
|l|☆ryu_esencial
|player|p1|
