|j|☆LunarRoge
|j|☆Bleppus
|t:|1760334469
|gametype|singles
|player|p1|LunarRoge|lorelei-gen1rb|1203
|player|p2|Bleppus|265|1240
|gen|9
|tier|[Gen 9] OU
|rated|
|rule|HP Percentage Mod: HP is shown in percentages
|rule|Endless Battle Clause: Forcing endless battles is banned
|rule|Species Clause: Limit one of each Pokémon
|rule|OHKO Clause: OHKO moves are banned
|rule|Evasion Items Clause: Evasion items are banned
|rule|Evasion Moves Clause: Evasion moves are banned
|rule|Evasion Abilities Clause: Evasion abilities are banned
|rule|Sleep Moves Clause: Sleep-inducing moves are banned
|clearpoke
|poke|p1|Charizard, M|
|poke|p1|Walking Wake|
|poke|p1|Lilligant-Hisui, F|
|poke|p1|Hatterene, F|
|poke|p1|Ninetales, F|
|poke|p1|Great Tusk|
|poke|p2|Iron Crown|
|poke|p2|Primarina, F|
|poke|p2|Ceruledge, M|
|poke|p2|Kingambit, M|
|poke|p2|Glimmora, M|
|poke|p2|Gholdengo|
|teampreview
|inactive|Battle timer is ON: inactive players will automatically lose when time's up. (requested by LunarRoge)
|c|☆LunarRoge|glhf
|
|t:|1760334479
|teamsize|p1|6
|teamsize|p2|6
|start
|switch|p1a: Ninetales|Ninetales, F|100/100
|switch|p2a: Primarina|Primarina, F|100/100
|-weather|SunnyDay|[from] ability: Drought|[of] p1a: Ninetales
|turn|1
|c|☆Bleppus|Glhf
|
|t:|1760334508
|switch|p1a: Hatterene|Hatterene, F|100/100
|move|p2a: Primarina|Substitute|p2a: Primarina
|-start|p2a: Primarina|Substitute
|-damage|p2a: Primarina|75/100
|
|-weather|SunnyDay|[upkeep]
|-heal|p2a: Primarina|82/100|[from] item: Leftovers
|upkeep
|turn|2
|
|t:|1760334518
|move|p2a: Primarina|Draining Kiss|p1a: Hatterene
|-damage|p1a: Hatterene|79/100
|-heal|p2a: Primarina|95/100|[from] drain|[of] p1a: Hatterene
|-enditem|p1a: Hatterene|Eject Button
|inactive|LunarRoge has 120 seconds left.
|
|t:|1760334553
|switch|p1a: Lilligant|Lilligant-Hisui, F|100/100
|
|-weather|SunnyDay|[upkeep]
|-heal|p2a: Primarina|100/100|[from] item: Leftovers
|upkeep
|turn|3
|
|t:|1760334562
|move|p1a: Lilligant|Solar Blade||[still]
|-prepare|p1a: Lilligant|Solar Blade
|-anim|p1a: Lilligant|Solar Blade|p2a: Primarina
|-supereffective|p2a: Primarina
|-crit|p2a: Primarina
|-end|p2a: Primarina|Substitute
|move|p2a: Primarina|Draining Kiss|p1a: Lilligant
|-supereffective|p1a: Lilligant
|-damage|p1a: Lilligant|39/100
|
|-weather|SunnyDay|[upkeep]
|-heal|p1a: Lilligant|45/100|[from] item: Leftovers
|upkeep
|turn|4
|inactive|LunarRoge has 120 seconds left.
|inactive|Bleppus has 120 seconds left.
|
|t:|1760334592
|switch|p2a: Ceruledge|Ceruledge, M|100/100
|move|p1a: Lilligant|Solar Blade||[still]
|-prepare|p1a: Lilligant|Solar Blade
|-anim|p1a: Lilligant|Solar Blade|p2a: Ceruledge
|-resisted|p2a: Ceruledge
|-damage|p2a: Ceruledge|59/100
|-ability|p2a: Ceruledge|Weak Armor|boost
|-unboost|p2a: Ceruledge|def|1
|-boost|p2a: Ceruledge|spe|2
|
|-weather|SunnyDay|[upkeep]
|-heal|p1a: Lilligant|51/100|[from] item: Leftovers
|upkeep
|turn|5
|inactive|LunarRoge has 120 seconds left.
|inactive|Bleppus has 120 seconds left.
|
|t:|1760334614
|-terastallize|p1a: Lilligant|Ghost
|move|p1a: Lilligant|Tera Blast|p2a: Ceruledge|[anim] Tera Blast Ghost
|-supereffective|p2a: Ceruledge
|-damage|p2a: Ceruledge|0 fnt
|faint|p2a: Ceruledge
|
|-weather|SunnyDay|[upkeep]
|-heal|p1a: Lilligant|57/100|[from] item: Leftovers
|upkeep
|
|t:|1760334624
|switch|p2a: Glimmora|Glimmora, M|100/100
|turn|6
|inactive|Bleppus has 120 seconds left.
|
|t:|1760334648
|switch|p1a: Hatterene|Hatterene, F|79/100
|move|p2a: Glimmora|Power Gem|p1a: Hatterene
|-damage|p1a: Hatterene|34/100
|
|-weather|SunnyDay|[upkeep]
|upkeep
|turn|7
|inactive|Bleppus has 120 seconds left.
|
|t:|1760334657
|move|p2a: Glimmora|Power Gem|p1a: Hatterene
|-damage|p1a: Hatterene|0 fnt
|faint|p1a: Hatterene
|
|-weather|SunnyDay|[upkeep]
|upkeep
|
|t:|1760334663
|switch|p1a: Walking Wake|Walking Wake|100/100
|-activate|p1a: Walking Wake|ability: Protosynthesis
|-start|p1a: Walking Wake|protosynthesisspe
|turn|8
|inactive|Bleppus has 120 seconds left.
|
|t:|1760334679
|switch|p2a: Primarina|Primarina, F|100/100
|move|p1a: Walking Wake|Hydro Steam|p2a: Primarina
|-resisted|p2a: Primarina
|-damage|p2a: Primarina|72/100
|
|-weather|none
|-end|p1a: Walking Wake|Protosynthesis
|-heal|p2a: Primarina|78/100|[from] item: Leftovers
|upkeep
|turn|9
|inactive|LunarRoge has 120 seconds left.
|inactive|Bleppus has 120 seconds left.
|inactive|LunarRoge has 90 seconds left.
|
|t:|1760334728
|move|p1a: Walking Wake|Flip Turn|p2a: Primarina
|-resisted|p2a: Primarina
|-damage|p2a: Primarina|71/100
|
|t:|1760334730
|-end|p1a: Walking Wake|Protosynthesis|[silent]
|switch|p1a: Ninetales|Ninetales, F|100/100|[from] Flip Turn
|-weather|SunnyDay|[from] ability: Drought|[of] p1a: Ninetales
|move|p2a: Primarina|Substitute|p2a: Primarina
|-start|p2a: Primarina|Substitute
|-damage|p2a: Primarina|46/100
|
|-weather|SunnyDay|[upkeep]
|-heal|p2a: Primarina|52/100|[from] item: Leftovers
|upkeep
|turn|10
|
|t:|1760334741
|move|p1a: Ninetales|Overheat|p2a: Primarina
|-resisted|p2a: Primarina
|-activate|p2a: Primarina|move: Substitute|[damage]
|-unboost|p1a: Ninetales|spa|2
|move|p2a: Primarina|Calm Mind|p2a: Primarina
|-boost|p2a: Primarina|spa|1
|-boost|p2a: Primarina|spd|1
|
|-weather|SunnyDay|[upkeep]
|-heal|p2a: Primarina|58/100|[from] item: Leftovers
|upkeep
|turn|11
|
|t:|1760334751
|move|p1a: Ninetales|Encore|p2a: Primarina
|-start|p2a: Primarina|Encore
|move|p2a: Primarina|Calm Mind|p2a: Primarina
|-boost|p2a: Primarina|spa|1
|-boost|p2a: Primarina|spd|1
|
|-weather|SunnyDay|[upkeep]
|-heal|p2a: Primarina|64/100|[from] item: Leftovers
|upkeep
|turn|12
|
|t:|1760334754
|switch|p1a: Lilligant|Lilligant-Hisui, F, tera:Ghost|57/100
|move|p2a: Primarina|Calm Mind|p2a: Primarina
|-boost|p2a: Primarina|spa|1
|-boost|p2a: Primarina|spd|1
|
|-weather|SunnyDay|[upkeep]
|-heal|p1a: Lilligant|63/100|[from] item: Leftovers
|-heal|p2a: Primarina|70/100|[from] item: Leftovers
|upkeep
|turn|13
|
|t:|1760334762
|move|p1a: Lilligant|Solar Blade||[still]
|-prepare|p1a: Lilligant|Solar Blade
|-anim|p1a: Lilligant|Solar Blade|p2a: Primarina
|-supereffective|p2a: Primarina
|-end|p2a: Primarina|Substitute
|move|p2a: Primarina|Calm Mind|p2a: Primarina
|-boost|p2a: Primarina|spa|1
|-boost|p2a: Primarina|spd|1
|
|-weather|SunnyDay|[upkeep]
|-heal|p1a: Lilligant|69/100|[from] item: Leftovers
|-heal|p2a: Primarina|76/100|[from] item: Leftovers
|-end|p2a: Primarina|Encore
|upkeep
|turn|14
|
|t:|1760334775
|-terastallize|p2a: Primarina|Steel
|move|p1a: Lilligant|Solar Blade||[still]
|-prepare|p1a: Lilligant|Solar Blade
|-anim|p1a: Lilligant|Solar Blade|p2a: Primarina
|-resisted|p2a: Primarina
|-damage|p2a: Primarina|49/100
|move|p2a: Primarina|Draining Kiss|p1a: Lilligant
|-damage|p1a: Lilligant|0 fnt
|-heal|p2a: Primarina|88/100|[from] drain|[of] p1a: Lilligant
|faint|p1a: Lilligant
|
|-weather|SunnyDay|[upkeep]
|-heal|p2a: Primarina|94/100|[from] item: Leftovers
|upkeep
|inactive|LunarRoge has 120 seconds left.
|
|t:|1760334795
|switch|p1a: Great Tusk|Great Tusk|100/100
|-activate|p1a: Great Tusk|ability: Protosynthesis
|-start|p1a: Great Tusk|protosynthesisatk
|turn|15
|
|t:|1760334815
|move|p1a: Great Tusk|Headlong Rush|p2a: Primarina
|-supereffective|p2a: Primarina
|-damage|p2a: Primarina|0 fnt
|-unboost|p1a: Great Tusk|def|1
|-unboost|p1a: Great Tusk|spd|1
|faint|p2a: Primarina
|-enditem|p1a: Great Tusk|Eject Pack
|inactive|LunarRoge has 120 seconds left.
|
|t:|1760334821
|-end|p1a: Great Tusk|Protosynthesis|[silent]
|switch|p1a: Charizard|Charizard, M|100/100
|
|-weather|SunnyDay|[upkeep]
|-damage|p1a: Charizard|88/100|[from] ability: Solar Power|[of] p1a: Charizard
|upkeep
|
|t:|1760334831
|switch|p2a: Glimmora|Glimmora, M|100/100
|turn|16
|inactive|LunarRoge has 120 seconds left.
|
|t:|1760334859
|move|p1a: Charizard|Weather Ball|p2a: Glimmora
|-resisted|p2a: Glimmora
|-enditem|p2a: Glimmora|Focus Sash
|-damage|p2a: Glimmora|1/100
|move|p2a: Glimmora|Power Gem|p1a: Charizard
|-supereffective|p1a: Charizard
|-damage|p1a: Charizard|0 fnt
|faint|p1a: Charizard
|
|-weather|none
|upkeep
|
|t:|1760334864
|switch|p1a: Walking Wake|Walking Wake|100/100
|turn|17
|
|t:|1760334873
|move|p1a: Walking Wake|Hydro Steam|p2a: Glimmora
|-supereffective|p2a: Glimmora
|-damage|p2a: Glimmora|0 fnt
|faint|p2a: Glimmora
|
|upkeep
|
|t:|1760334885
|switch|p2a: Iron Crown|Iron Crown|100/100
|turn|18
|
|t:|1760334895
|move|p1a: Walking Wake|Flamethrower|p2a: Iron Crown
|-supereffective|p2a: Iron Crown
|-damage|p2a: Iron Crown|38/100
|move|p2a: Iron Crown|Psyshock|p1a: Walking Wake
|-damage|p1a: Walking Wake|35/100
|
|upkeep
|turn|19
|
|t:|1760334906
|move|p1a: Walking Wake|Flamethrower|p2a: Iron Crown
|-supereffective|p2a: Iron Crown
|-damage|p2a: Iron Crown|0 fnt
|faint|p2a: Iron Crown
|-end|p2a: Iron Crown|Quark Drive|[silent]
|
|upkeep
|
|t:|1760334909
|switch|p2a: Gholdengo|Gholdengo|100/100
|turn|20
|
|t:|1760334914
|-end|p1a: Walking Wake|Protosynthesis|[silent]
|switch|p1a: Ninetales|Ninetales, F|100/100
|-weather|SunnyDay|[from] ability: Drought|[of] p1a: Ninetales
|move|p2a: Gholdengo|Shadow Ball|p1a: Ninetales
|-damage|p1a: Ninetales|63/100
|
|-weather|SunnyDay|[upkeep]
|upkeep
|turn|21
|
|t:|1760334924
|move|p2a: Gholdengo|Shadow Ball|p1a: Ninetales
|-damage|p1a: Ninetales|22/100
|move|p1a: Ninetales|Overheat|p2a: Gholdengo
|-supereffective|p2a: Gholdengo
|-damage|p2a: Gholdengo|0 fnt
|-unboost|p1a: Ninetales|spa|2
|faint|p2a: Gholdengo
|
|-weather|SunnyDay|[upkeep]
|upkeep
|
|t:|1760334930
|switch|p2a: Kingambit|Kingambit, M|100/100
|-activate|p2a: Kingambit|ability: Supreme Overlord
|-start|p2a: Kingambit|fallen5|[silent]
|turn|22
|
|t:|1760334935
|move|p1a: Ninetales|Will-O-Wisp|p2a: Kingambit
|-status|p2a: Kingambit|brn
|move|p2a: Kingambit|Swords Dance|p2a: Kingambit
|-boost|p2a: Kingambit|atk|2
|
|-weather|SunnyDay|[upkeep]
|-damage|p2a: Kingambit|94/100 brn|[from] brn
|upkeep
|turn|23
|
|t:|1760334945
|move|p2a: Kingambit|Sucker Punch||[still]
|-fail|p2a: Kingambit
|move|p1a: Ninetales|Encore|p2a: Kingambit
|-start|p2a: Kingambit|Encore
|
|-weather|SunnyDay|[upkeep]
|-heal|p2a: Kingambit|100/100 brn|[from] item: Leftovers
|-damage|p2a: Kingambit|94/100 brn|[from] brn
|upkeep
|turn|24
|
|t:|1760334950
|move|p2a: Kingambit|Sucker Punch|p1a: Ninetales
|-damage|p1a: Ninetales|0 fnt
|faint|p1a: Ninetales
|
|-weather|SunnyDay|[upkeep]
|-heal|p2a: Kingambit|100/100 brn|[from] item: Leftovers
|-damage|p2a: Kingambit|94/100 brn|[from] brn
|upkeep
|
|t:|1760334953
|switch|p1a: Great Tusk|Great Tusk|100/100
|-activate|p1a: Great Tusk|ability: Protosynthesis
|-start|p1a: Great Tusk|protosynthesisatk
|turn|25
|
|t:|1760334958
|move|p2a: Kingambit|Sucker Punch||[still]
|-fail|p2a: Kingambit
|move|p1a: Great Tusk|Stealth Rock|p2a: Kingambit
|-sidestart|p2: Bleppus|move: Stealth Rock
|
|-weather|SunnyDay|[upkeep]
|-heal|p2a: Kingambit|100/100 brn|[from] item: Leftovers
|-damage|p2a: Kingambit|94/100 brn|[from] brn
|upkeep
|turn|26
|
|t:|1760334961
|move|p2a: Kingambit|Sucker Punch||[still]
|-fail|p2a: Kingambit
|move|p1a: Great Tusk|Stealth Rock||[still]
|-fail|p1a: Great Tusk
|
|-weather|SunnyDay|[upkeep]
|-heal|p2a: Kingambit|100/100 brn|[from] item: Leftovers
|-damage|p2a: Kingambit|94/100 brn|[from] brn
|-end|p2a: Kingambit|Encore
|upkeep
|turn|27
|
|t:|1760334975
|move|p1a: Great Tusk|Headlong Rush|p2a: Kingambit
|-supereffective|p2a: Kingambit
|-damage|p2a: Kingambit|0 fnt
|-unboost|p1a: Great Tusk|def|1
|-unboost|p1a: Great Tusk|spd|1
|faint|p2a: Kingambit
|-end|p2a: Kingambit|fallen5|[silent]
|
|win|LunarRoge
|raw|LunarRoge's rating: 1203 &rarr; <strong>1231</strong><br />(+28 for winning)
|raw|Bleppus's rating: 1240 &rarr; <strong>1212</strong><br />(-28 for losing)
|l|☆Bleppus
|player|p2|
|c|☆LunarRoge|gg
|l|☆LunarRoge
|player|p1|
