|j|☆bigunc101
|j|☆isabel44a
|t:|1760375720
|gametype|singles
|player|p1|bigunc101|lucas-gen4pt|1118
|player|p2|isabel44a|roxie|1131
|gen|9
|tier|[Gen 9] OU
|rated|
|rule|HP Percentage Mod: HP is shown in percentages
|rule|Endless Battle Clause: Forcing endless battles is banned
|rule|Species Clause: Limit one of each Pokémon
|rule|OHKO Clause: OHKO moves are banned
|rule|Evasion Items Clause: Evasion items are banned
|rule|Evasion Moves Clause: Evasion moves are banned
|rule|Evasion Abilities Clause: Evasion abilities are banned
|rule|Sleep Moves Clause: Sleep-inducing moves are banned
|clearpoke
|poke|p1|Blastoise, M|
|poke|p1|Milotic, F|
|poke|p1|Gliscor, M|
|poke|p1|Latias, F|
|poke|p1|Cinderace, M|
|poke|p1|Misdreavus, M|
|poke|p2|Deoxys-Defense|
|poke|p2|Gliscor, F|
|poke|p2|Umbreon, F|
|poke|p2|Jolteon, M|
|poke|p2|Volcanion|
|poke|p2|Dragapult, F|
|teampreview
|inactive|Battle timer is ON: inactive players will automatically lose when time's up. (requested by bigunc101)
|
|t:|1760375754
|teamsize|p1|6
|teamsize|p2|6
|start
|switch|p1a: dreavy|Misdreavus, M|100/100
|switch|p2a: Volcanion|Volcanion|100/100
|-item|p2a: Volcanion|Air Balloon
|turn|1
|
|t:|1760375770
|move|p1a: dreavy|Will-O-Wisp|p2a: Volcanion
|-immune|p2a: Volcanion
|move|p2a: Volcanion|Steam Eruption|p1a: dreavy
|-damage|p1a: dreavy|66/100
|
|upkeep
|turn|2
|
|t:|1760375776
|move|p1a: dreavy|Pain Split|p2a: Volcanion
|-sethp|p2a: Volcanion|86/100|[from] move: Pain Split|[silent]
|-sethp|p1a: dreavy|80/100|[from] move: Pain Split
|move|p2a: Volcanion|Flamethrower|p1a: dreavy
|-damage|p1a: dreavy|52/100
|
|upkeep
|turn|3
|
|t:|1760375787
|switch|p2a: Umbreon|Umbreon, F|100/100
|move|p1a: dreavy|Pain Split|p2a: Umbreon
|-sethp|p2a: Umbreon|76/100|[from] move: Pain Split|[silent]
|-sethp|p1a: dreavy|77/100|[from] move: Pain Split
|
|-heal|p2a: Umbreon|82/100|[from] item: Leftovers
|upkeep
|turn|4
|
|t:|1760375794
|move|p2a: Umbreon|Protect|p2a: Umbreon
|-singleturn|p2a: Umbreon|Protect
|move|p1a: dreavy|Will-O-Wisp|p2a: Umbreon
|-activate|p2a: Umbreon|move: Protect
|
|-heal|p2a: Umbreon|88/100|[from] item: Leftovers
|upkeep
|turn|5
|
|t:|1760375804
|move|p1a: dreavy|Will-O-Wisp|p2a: Umbreon
|-status|p2a: Umbreon|brn
|-activate|p2a: Umbreon|ability: Synchronize
|-status|p1a: dreavy|brn
|move|p2a: Umbreon|Foul Play|p1a: dreavy
|-supereffective|p1a: dreavy
|-damage|p1a: dreavy|58/100 brn
|
|-heal|p2a: Umbreon|94/100 brn|[from] item: Leftovers
|-damage|p1a: dreavy|51/100 brn|[from] brn
|-damage|p2a: Umbreon|88/100 brn|[from] brn
|upkeep
|turn|6
|
|t:|1760375810
|move|p1a: dreavy|Hex|p2a: Umbreon
|-resisted|p2a: Umbreon
|-damage|p2a: Umbreon|76/100 brn
|move|p2a: Umbreon|Wish|p2a: Umbreon
|
|-heal|p2a: Umbreon|82/100 brn|[from] item: Leftovers
|-damage|p1a: dreavy|45/100 brn|[from] brn
|-damage|p2a: Umbreon|76/100 brn|[from] brn
|upkeep
|turn|7
|
|t:|1760375816
|move|p1a: dreavy|Pain Split|p2a: Umbreon
|-sethp|p2a: Umbreon|60/100 brn|[from] move: Pain Split|[silent]
|-sethp|p1a: dreavy|61/100 brn|[from] move: Pain Split
|move|p2a: Umbreon|Foul Play|p1a: dreavy
|-supereffective|p1a: dreavy
|-damage|p1a: dreavy|42/100 brn
|
|-heal|p2a: Umbreon|100/100 brn|[from] move: Wish|[wisher] Umbreon
|-damage|p1a: dreavy|36/100 brn|[from] brn
|-damage|p2a: Umbreon|94/100 brn|[from] brn
|upkeep
|turn|8
|
|t:|1760375825
|move|p1a: dreavy|Pain Split|p2a: Umbreon
|-sethp|p2a: Umbreon|65/100 brn|[from] move: Pain Split|[silent]
|-sethp|p1a: dreavy|66/100 brn|[from] move: Pain Split
|move|p2a: Umbreon|Wish|p2a: Umbreon
|
|-heal|p2a: Umbreon|71/100 brn|[from] item: Leftovers
|-damage|p1a: dreavy|60/100 brn|[from] brn
|-damage|p2a: Umbreon|65/100 brn|[from] brn
|upkeep
|turn|9
|
|t:|1760375833
|switch|p2a: Dragapult|Dragapult, F|100/100
|move|p1a: dreavy|Hex|p2a: Dragapult
|-supereffective|p2a: Dragapult
|-damage|p2a: Dragapult|38/100
|
|-heal|p2a: Dragapult|90/100|[from] move: Wish|[wisher] Umbreon
|-damage|p1a: dreavy|54/100 brn|[from] brn
|upkeep
|turn|10
|
|t:|1760375840
|move|p2a: Dragapult|Hex|p1a: dreavy
|-supereffective|p1a: dreavy
|-damage|p1a: dreavy|6/100 brn
|move|p1a: dreavy|Hex|p2a: Dragapult
|-supereffective|p2a: Dragapult
|-damage|p2a: Dragapult|28/100
|
|-damage|p1a: dreavy|0 fnt|[from] brn
|faint|p1a: dreavy
|upkeep
|
|t:|1760375851
|switch|p1a: scorsy|Cinderace, M|100/100
|turn|11
|
|t:|1760375854
|move|p1a: scorsy|Sucker Punch|p2a: Dragapult
|-start|p1a: scorsy|typechange|Dark|[from] ability: Libero
|-supereffective|p2a: Dragapult
|-damage|p2a: Dragapult|0 fnt
|faint|p2a: Dragapult
|
|upkeep
|
|t:|1760375858
|switch|p2a: Umbreon|Umbreon, F|65/100 brn
|turn|12
|-message|bigunc101 forfeited.
|
|win|isabel44a
|raw|bigunc101's rating: 1118 &rarr; <strong>1094</strong><br />(-24 for losing)
|raw|isabel44a's rating: 1131 &rarr; <strong>1155</strong><br />(+24 for winning)
|l|☆bigunc101
|player|p1|
|l|☆isabel44a
|player|p2|
