|j|☆Jinghan Yu
|j|☆chilloud1
|t:|1760435115
|gametype|singles
|player|p1|Jinghan Yu|nate|1133
|player|p2|chilloud1|dawn|1101
|gen|9
|tier|[Gen 9] OU
|rated|
|rule|HP Percentage Mod: HP is shown in percentages
|rule|Endless Battle Clause: Forcing endless battles is banned
|rule|Species Clause: Limit one of each Pokémon
|rule|OHKO Clause: OHKO moves are banned
|rule|Evasion Items Clause: Evasion items are banned
|rule|Evasion Moves Clause: Evasion moves are banned
|rule|Evasion Abilities Clause: Evasion abilities are banned
|rule|Sleep Moves Clause: Sleep-inducing moves are banned
|clearpoke
|poke|p1|Scizor, M|
|poke|p1|Tyranitar, M|
|poke|p1|Dragonite, M|
|poke|p1|Gyarados, M|
|poke|p1|Gengar, M|
|poke|p1|Excadrill, M|
|poke|p2|Brute Bonnet|
|poke|p2|Ninetales, F|
|poke|p2|Kleavor, F|
|poke|p2|Vileplume, M|
|poke|p2|Walking Wake|
|poke|p2|Great Tusk|
|teampreview
|
|t:|1760435126
|teamsize|p1|6
|teamsize|p2|6
|start
|switch|p1a: Osten|Gyarados, M, shiny|100/100
|switch|p2a: Kleavor|Kleavor, F|100/100
|-ability|p1a: Osten|Intimidate|boost
|-unboost|p2a: Kleavor|atk|1
|turn|1
|
|t:|1760435131
|switch|p1a: Timothy|Tyranitar, M|100/100
|-weather|Sandstorm|[from] ability: Sand Stream|[of] p1a: Timothy
|move|p2a: Kleavor|Swords Dance|p2a: Kleavor
|-boost|p2a: Kleavor|atk|2
|
|-weather|Sandstorm|[upkeep]
|upkeep
|turn|2
|
|t:|1760435139
|move|p2a: Kleavor|Stone Axe|p1a: Timothy
|-damage|p1a: Timothy|34/100
|-sidestart|p1: Jinghan Yu|move: Stealth Rock
|move|p1a: Timothy|Earthquake|p2a: Kleavor
|-damage|p2a: Kleavor|51/100
|
|-weather|Sandstorm|[upkeep]
|upkeep
|turn|3
|
|t:|1760435150
|switch|p1a: Boden|Scizor, M, shiny|100/100
|-damage|p1a: Boden|88/100|[from] Stealth Rock
|move|p2a: Kleavor|Stone Axe|p1a: Boden
|-damage|p1a: Boden|5/100
|
|-weather|Sandstorm|[upkeep]
|upkeep
|turn|4
|
|t:|1760435157
|switch|p2a: Ninetales|Ninetales, F|100/100
|-weather|SunnyDay|[from] ability: Drought|[of] p2a: Ninetales
|move|p1a: Boden|Bullet Punch|p2a: Ninetales
|-resisted|p2a: Ninetales
|-damage|p2a: Ninetales|74/100
|
|-weather|SunnyDay|[upkeep]
|-heal|p2a: Ninetales|80/100|[from] item: Leftovers
|upkeep
|turn|5
|
|t:|1760435162
|switch|p1a: Timothy|Tyranitar, M|34/100
|-damage|p1a: Timothy|22/100|[from] Stealth Rock
|-weather|Sandstorm|[from] ability: Sand Stream|[of] p1a: Timothy
|move|p2a: Ninetales|Will-O-Wisp|p1a: Timothy
|-status|p1a: Timothy|brn
|
|-weather|Sandstorm|[upkeep]
|-damage|p2a: Ninetales|74/100|[from] Sandstorm
|-heal|p2a: Ninetales|80/100|[from] item: Leftovers
|-damage|p1a: Timothy|16/100 brn|[from] brn
|upkeep
|turn|6
|
|t:|1760435173
|switch|p2a: Great Tusk|Great Tusk|100/100
|switch|p1a: Donavan|Dragonite, M, shiny|100/100
|
|-weather|Sandstorm|[upkeep]
|-damage|p1a: Donavan|94/100|[from] Sandstorm
|upkeep
|turn|7
|
|t:|1760435180
|-terastallize|p1a: Donavan|Normal
|move|p2a: Great Tusk|Head Smash|p1a: Donavan
|-damage|p1a: Donavan|44/100
|-damage|p2a: Great Tusk|82/100|[from] Recoil
|move|p1a: Donavan|Dragon Dance|p1a: Donavan
|-boost|p1a: Donavan|atk|1
|-boost|p1a: Donavan|spe|1
|
|-weather|Sandstorm|[upkeep]
|-damage|p1a: Donavan|38/100|[from] Sandstorm
|-heal|p2a: Great Tusk|88/100|[from] item: Leftovers
|upkeep
|turn|8
|
|t:|1760435188
|move|p1a: Donavan|Waterfall|p2a: Great Tusk
|-supereffective|p2a: Great Tusk
|-damage|p2a: Great Tusk|38/100
|move|p2a: Great Tusk|Close Combat|p1a: Donavan
|-supereffective|p1a: Donavan
|-damage|p1a: Donavan|0 fnt
|-unboost|p2a: Great Tusk|def|1
|-unboost|p2a: Great Tusk|spd|1
|faint|p1a: Donavan
|
|-weather|Sandstorm|[upkeep]
|-heal|p2a: Great Tusk|44/100|[from] item: Leftovers
|upkeep
|
|t:|1760435197
|switch|p1a: Osten|Gyarados, M, shiny|100/100
|-damage|p1a: Osten|76/100|[from] Stealth Rock
|-ability|p1a: Osten|Intimidate|boost
|-unboost|p2a: Great Tusk|atk|1
|turn|9
|
|t:|1760435201
|-end|p2a: Great Tusk|Protosynthesis|[silent]
|switch|p2a: Ninetales|Ninetales, F|80/100
|-weather|SunnyDay|[from] ability: Drought|[of] p2a: Ninetales
|move|p1a: Osten|Dragon Dance|p1a: Osten
|-boost|p1a: Osten|atk|1
|-boost|p1a: Osten|spe|1
|
|-weather|SunnyDay|[upkeep]
|-heal|p1a: Osten|82/100|[from] item: Leftovers
|-heal|p2a: Ninetales|86/100|[from] item: Leftovers
|upkeep
|turn|10
|
|t:|1760435232
|switch|p1a: Timothy|Tyranitar, M|16/100 brn
|-damage|p1a: Timothy|3/100 brn|[from] Stealth Rock
|-weather|Sandstorm|[from] ability: Sand Stream|[of] p1a: Timothy
|switch|p2a: Brute Bonnet|Brute Bonnet|100/100
|-enditem|p2a: Brute Bonnet|Booster Energy
|-activate|p2a: Brute Bonnet|ability: Protosynthesis|[fromitem]
|-start|p2a: Brute Bonnet|protosynthesisatk
|
|-weather|Sandstorm|[upkeep]
|-damage|p2a: Brute Bonnet|94/100|[from] Sandstorm
|-damage|p1a: Timothy|0 fnt|[from] brn
|faint|p1a: Timothy
|upkeep
|
|t:|1760435243
|switch|p1a: Emmett|Excadrill, M|100/100
|-damage|p1a: Emmett|97/100|[from] Stealth Rock
|-item|p1a: Emmett|Air Balloon
|turn|11
|
|t:|1760435249
|move|p1a: Emmett|Swords Dance|p1a: Emmett
|-boost|p1a: Emmett|atk|2
|move|p2a: Brute Bonnet|Sunny Day|p2a: Brute Bonnet
|-weather|SunnyDay
|
|-weather|SunnyDay|[upkeep]
|upkeep
|turn|12
|
|t:|1760435256
|move|p1a: Emmett|Rapid Spin|p2a: Brute Bonnet
|-damage|p2a: Brute Bonnet|63/100
|-boost|p1a: Emmett|spe|1
|-sideend|p1: Jinghan Yu|Stealth Rock|[from] move: Rapid Spin|[of] p1a: Emmett
|move|p2a: Brute Bonnet|Trailblaze|p1a: Emmett
|-damage|p1a: Emmett|56/100
|-boost|p2a: Brute Bonnet|spe|1
|-enditem|p1a: Emmett|Air Balloon
|
|-weather|SunnyDay|[upkeep]
|upkeep
|turn|13
|
|t:|1760435265
|-end|p2a: Brute Bonnet|Protosynthesis|[silent]
|switch|p2a: Walking Wake|Walking Wake|100/100
|-activate|p2a: Walking Wake|ability: Protosynthesis
|-start|p2a: Walking Wake|protosynthesisspe
|move|p1a: Emmett|Rock Slide|p2a: Walking Wake|[miss]
|-miss|p1a: Emmett|p2a: Walking Wake
|
|-weather|SunnyDay|[upkeep]
|upkeep
|turn|14
|
|t:|1760435277
|move|p2a: Walking Wake|Hydro Steam|p1a: Emmett
|-supereffective|p1a: Emmett
|-damage|p1a: Emmett|0 fnt
|faint|p1a: Emmett
|
|-weather|SunnyDay|[upkeep]
|upkeep
|
|t:|1760435280
|switch|p1a: Osten|Gyarados, M, shiny|82/100
|-ability|p1a: Osten|Intimidate|boost
|-unboost|p2a: Walking Wake|atk|1
|turn|15
|
|t:|1760435283
|move|p2a: Walking Wake|Dragon Pulse|p1a: Osten
|-damage|p1a: Osten|40/100
|move|p1a: Osten|Dragon Dance|p1a: Osten
|-boost|p1a: Osten|atk|1
|-boost|p1a: Osten|spe|1
|
|-weather|none
|-end|p2a: Walking Wake|Protosynthesis
|-heal|p1a: Osten|46/100|[from] item: Leftovers
|upkeep
|turn|16
|
|t:|1760435287
|move|p1a: Osten|Dragon Dance|p1a: Osten
|-boost|p1a: Osten|atk|1
|-boost|p1a: Osten|spe|1
|move|p2a: Walking Wake|Dragon Pulse|p1a: Osten
|-damage|p1a: Osten|0 fnt
|faint|p1a: Osten
|
|upkeep
|
|t:|1760435293
|switch|p1a: Nasim|Gengar, M|100/100
|turn|17
|
|t:|1760435295
|-end|p2a: Walking Wake|Protosynthesis|[silent]
|switch|p2a: Ninetales|Ninetales, F|86/100
|-weather|SunnyDay|[from] ability: Drought|[of] p2a: Ninetales
|move|p1a: Nasim|Nasty Plot|p1a: Nasim
|-boost|p1a: Nasim|spa|2
|
|-weather|SunnyDay|[upkeep]
|-heal|p2a: Ninetales|92/100|[from] item: Leftovers
|upkeep
|turn|18
|
|t:|1760435300
|move|p1a: Nasim|Nasty Plot|p1a: Nasim
|-boost|p1a: Nasim|spa|2
|move|p2a: Ninetales|Healing Wish|p2a: Ninetales
|faint|p2a: Ninetales
|
|-weather|SunnyDay|[upkeep]
|upkeep
|
|t:|1760435304
|switch|p2a: Kleavor|Kleavor, F|51/100
|-heal|p2a: Kleavor|100/100|[from] move: Healing Wish
|turn|19
|
|t:|1760435312
|move|p1a: Nasim|Hex|p2a: Kleavor
|-enditem|p2a: Kleavor|Focus Sash
|-damage|p2a: Kleavor|1/100
|move|p2a: Kleavor|Stone Axe|p1a: Nasim
|-damage|p1a: Nasim|4/100
|-start|p2a: Kleavor|Disable|Stone Axe|[from] ability: Cursed Body|[of] p1a: Nasim
|-sidestart|p1: Jinghan Yu|move: Stealth Rock
|-enditem|p1a: Nasim|Salac Berry|[eat]
|-boost|p1a: Nasim|spe|1|[from] item: Salac Berry
|
|-weather|SunnyDay|[upkeep]
|upkeep
|turn|20
|
|t:|1760435324
|-terastallize|p2a: Kleavor|Normal
|move|p1a: Nasim|Hex|p2a: Kleavor
|-immune|p2a: Kleavor
|move|p2a: Kleavor|Night Slash|p1a: Nasim
|-supereffective|p1a: Nasim
|-damage|p1a: Nasim|0 fnt
|faint|p1a: Nasim
|
|-weather|SunnyDay|[upkeep]
|upkeep
|
|t:|1760435327
|switch|p1a: Boden|Scizor, M, shiny|5/100
|-damage|p1a: Boden|0 fnt|[from] Stealth Rock
|faint|p1a: Boden
|
|win|chilloud1
|raw|Jinghan Yu's rating: 1133 &rarr; <strong>1106</strong><br />(-27 for losing)
|raw|chilloud1's rating: 1101 &rarr; <strong>1128</strong><br />(+27 for winning)
|l|☆Jinghan Yu
|player|p1|
|l|☆chilloud1
|player|p2|
