|j|☆lolproplayer
|j|☆eros maniac
|t:|1760450251
|gametype|singles
|player|p1|lolproplayer|1|1720
|player|p2|eros maniac|hilbert-wonderlauncher|1745
|gen|9
|tier|[Gen 9] OU
|rated|
|rule|HP Percentage Mod: HP is shown in percentages
|rule|Endless Battle Clause: Forcing endless battles is banned
|rule|Species Clause: Limit one of each Pokémon
|rule|OHKO Clause: OHKO moves are banned
|rule|Evasion Items Clause: Evasion items are banned
|rule|Evasion Moves Clause: Evasion moves are banned
|rule|Evasion Abilities Clause: Evasion abilities are banned
|rule|Sleep Moves Clause: Sleep-inducing moves are banned
|clearpoke
|poke|p1|Ursaluna, M|
|poke|p1|Cresselia, F|
|poke|p1|Iron Hands|
|poke|p1|Volcanion|
|poke|p1|Hatterene, F|
|poke|p1|Porygon2|
|poke|p2|Frosmoth, F|
|poke|p2|Maushold-Four|
|poke|p2|Krookodile, F|
|poke|p2|Sinistcha|
|poke|p2|Alomomola, F|
|poke|p2|Weezing-Galar, F|
|teampreview
|inactive|Battle timer is ON: inactive players will automatically lose when time's up. (requested by eros maniac)
|j| bloodhound q50
|
|t:|1760450265
|teamsize|p1|6
|teamsize|p2|6
|start
|switch|p1a: Ursaluna|Ursaluna, M|100/100
|switch|p2a: Krookodile|Krookodile, F|100/100
|-ability|p2a: Krookodile|Intimidate|boost
|-unboost|p1a: Ursaluna|atk|1
|turn|1
|
|t:|1760450273
|move|p1a: Ursaluna|Protect|p1a: Ursaluna
|-singleturn|p1a: Ursaluna|Protect
|move|p2a: Krookodile|Close Combat|p1a: Ursaluna
|-activate|p1a: Ursaluna|move: Protect
|
|-status|p1a: Ursaluna|brn|[from] item: Flame Orb
|upkeep
|turn|2
|
|t:|1760450287
|switch|p2a: Maushold|Maushold-Four|100/100
|-terastallize|p1a: Ursaluna|Normal
|move|p1a: Ursaluna|Facade|p2a: Maushold
|-damage|p2a: Maushold|0 fnt
|faint|p2a: Maushold
|
|-damage|p1a: Ursaluna|94/100 brn|[from] brn
|upkeep
|
|t:|1760450292
|switch|p2a: Krookodile|Krookodile, F|100/100
|-ability|p2a: Krookodile|Intimidate|boost
|-unboost|p1a: Ursaluna|atk|1
|turn|3
|
|t:|1760450303
|switch|p1a: Hatterene|Hatterene, F|100/100
|move|p2a: Krookodile|Close Combat|p1a: Hatterene
|-resisted|p1a: Hatterene
|-damage|p1a: Hatterene|86/100
|-unboost|p2a: Krookodile|def|1
|-unboost|p2a: Krookodile|spd|1
|
|upkeep
|turn|4
|j| 54 Insane Rats
|
|t:|1760450313
|switch|p2a: Sinistcha|Sinistcha, shiny|100/100
|move|p1a: Hatterene|Trick Room|p1a: Hatterene
|-fieldstart|move: Trick Room|[of] p1a: Hatterene
|
|upkeep
|turn|5
|
|t:|1760450319
|switch|p1a: Iron Hands|Iron Hands|100/100
|-enditem|p1a: Iron Hands|Booster Energy
|-activate|p1a: Iron Hands|ability: Quark Drive|[fromitem]
|-start|p1a: Iron Hands|quarkdriveatk
|move|p2a: Sinistcha|Calm Mind|p2a: Sinistcha
|-boost|p2a: Sinistcha|spa|1
|-boost|p2a: Sinistcha|spd|1
|
|upkeep
|turn|6
|
|t:|1760450328
|move|p1a: Iron Hands|Swords Dance|p1a: Iron Hands
|-boost|p1a: Iron Hands|atk|2
|move|p2a: Sinistcha|Strength Sap|p1a: Iron Hands
|-unboost|p1a: Iron Hands|atk|1
|
|upkeep
|turn|7
|
|t:|1760450335
|switch|p2a: Weezing|Weezing-Galar, F|100/100
|-ability|p2a: Weezing|Neutralizing Gas
|move|p1a: Iron Hands|Swords Dance|p1a: Iron Hands
|-boost|p1a: Iron Hands|atk|2
|
|upkeep
|turn|8
|
|t:|1760450344
|move|p1a: Iron Hands|Wild Charge|p2a: Weezing
|-damage|p2a: Weezing|4/100
|-damage|p1a: Iron Hands|85/100|[from] Recoil
|move|p2a: Weezing|Toxic|p1a: Iron Hands
|-status|p1a: Iron Hands|tox
|
|-damage|p1a: Iron Hands|78/100 tox|[from] psn
|-fieldend|move: Trick Room
|upkeep
|turn|9
|j| 3idk
|j| wgw2333
|j| Trucker Hat Mew
|
|t:|1760450358
|move|p2a: Weezing|Pain Split|p1a: Iron Hands
|-sethp|p1a: Iron Hands|41/100 tox|[from] move: Pain Split|[silent]
|-sethp|p2a: Weezing|62/100|[from] move: Pain Split
|move|p1a: Iron Hands|Wild Charge|p2a: Weezing
|-damage|p2a: Weezing|0 fnt
|faint|p2a: Weezing
|-end|p2a: Weezing|ability: Neutralizing Gas
|-damage|p1a: Iron Hands|31/100 tox|[from] Recoil
|
|-damage|p1a: Iron Hands|18/100 tox|[from] psn
|upkeep
|l| 54 Insane Rats
|
|t:|1760450367
|switch|p2a: Frosmoth|Frosmoth, F, shiny|100/100
|turn|10
|
|t:|1760450372
|move|p2a: Frosmoth|Substitute|p2a: Frosmoth
|-start|p2a: Frosmoth|Substitute
|-damage|p2a: Frosmoth|75/100
|move|p1a: Iron Hands|Close Combat|p2a: Frosmoth
|-end|p2a: Frosmoth|Substitute
|-unboost|p1a: Iron Hands|def|1
|-unboost|p1a: Iron Hands|spd|1
|
|-heal|p2a: Frosmoth|82/100|[from] item: Leftovers
|-damage|p1a: Iron Hands|0 fnt|[from] psn
|faint|p1a: Iron Hands
|-end|p1a: Iron Hands|Quark Drive|[silent]
|upkeep
|
|t:|1760450386
|switch|p1a: Ursaluna|Ursaluna, M, tera:Normal|94/100 brn
|turn|11
|
|t:|1760450391
|switch|p2a: Sinistcha|Sinistcha, shiny|100/100
|move|p1a: Ursaluna|Facade|p2a: Sinistcha
|-immune|p2a: Sinistcha
|
|-damage|p1a: Ursaluna|88/100 brn|[from] brn
|upkeep
|turn|12
|
|t:|1760450402
|switch|p1a: Porygon2|Porygon2|100/100
|-ability|p1a: Porygon2|Download|boost
|-boost|p1a: Porygon2|spa|1
|move|p2a: Sinistcha|Calm Mind|p2a: Sinistcha
|-boost|p2a: Sinistcha|spa|1
|-boost|p2a: Sinistcha|spd|1
|
|upkeep
|turn|13
|
|t:|1760450410
|switch|p2a: Frosmoth|Frosmoth, F, shiny|82/100
|move|p1a: Porygon2|Ice Beam|p2a: Frosmoth
|-resisted|p2a: Frosmoth
|-damage|p2a: Frosmoth|73/100
|
|-heal|p2a: Frosmoth|79/100|[from] item: Leftovers
|upkeep
|turn|14
|
|t:|1760450422
|switch|p1a: Ursaluna|Ursaluna, M, tera:Normal|88/100 brn
|move|p2a: Frosmoth|Substitute|p2a: Frosmoth
|-start|p2a: Frosmoth|Substitute
|-damage|p2a: Frosmoth|54/100
|
|-heal|p2a: Frosmoth|60/100|[from] item: Leftovers
|-damage|p1a: Ursaluna|82/100 brn|[from] brn
|upkeep
|turn|15
|
|t:|1760450432
|move|p2a: Frosmoth|Ice Beam|p1a: Ursaluna
|-crit|p1a: Ursaluna
|-damage|p1a: Ursaluna|29/100 brn
|move|p1a: Ursaluna|Facade|p2a: Frosmoth
|-end|p2a: Frosmoth|Substitute
|
|-heal|p2a: Frosmoth|66/100|[from] item: Leftovers
|-damage|p1a: Ursaluna|23/100 brn|[from] brn
|upkeep
|turn|16
|l| Trucker Hat Mew
|
|t:|1760450445
|switch|p1a: Volcanion|Volcanion|100/100
|move|p2a: Frosmoth|Substitute|p2a: Frosmoth
|-start|p2a: Frosmoth|Substitute
|-damage|p2a: Frosmoth|41/100
|
|-heal|p2a: Frosmoth|47/100|[from] item: Leftovers
|upkeep
|turn|17
|
|t:|1760450453
|move|p2a: Frosmoth|Quiver Dance|p2a: Frosmoth
|-boost|p2a: Frosmoth|spa|1
|-boost|p2a: Frosmoth|spd|1
|-boost|p2a: Frosmoth|spe|1
|move|p1a: Volcanion|Flamethrower|p2a: Frosmoth
|-supereffective|p2a: Frosmoth
|-end|p2a: Frosmoth|Substitute
|
|-heal|p2a: Frosmoth|53/100|[from] item: Leftovers
|upkeep
|turn|18
|j| 54 Insane Rats
|
|t:|1760450465
|-terastallize|p2a: Frosmoth|Electric
|move|p2a: Frosmoth|Quiver Dance|p2a: Frosmoth
|-boost|p2a: Frosmoth|spa|1
|-boost|p2a: Frosmoth|spd|1
|-boost|p2a: Frosmoth|spe|1
|move|p1a: Volcanion|Flamethrower|p2a: Frosmoth
|-damage|p2a: Frosmoth|37/100
|
|-heal|p2a: Frosmoth|44/100|[from] item: Leftovers
|upkeep
|turn|19
|j| alastour
|l| alastour
|
|t:|1760450480
|switch|p1a: Cresselia|Cresselia, F|100/100
|move|p2a: Frosmoth|Substitute|p2a: Frosmoth
|-start|p2a: Frosmoth|Substitute
|-damage|p2a: Frosmoth|19/100
|
|-heal|p2a: Frosmoth|25/100|[from] item: Leftovers
|upkeep
|turn|20
|
|t:|1760450488
|move|p2a: Frosmoth|Quiver Dance|p2a: Frosmoth
|-boost|p2a: Frosmoth|spa|1
|-boost|p2a: Frosmoth|spd|1
|-boost|p2a: Frosmoth|spe|1
|move|p1a: Cresselia|Trick Room|p1a: Cresselia
|-fieldstart|move: Trick Room|[of] p1a: Cresselia
|
|-heal|p2a: Frosmoth|31/100|[from] item: Leftovers
|upkeep
|turn|21
|
|t:|1760450497
|move|p1a: Cresselia|Lunar Dance|p1a: Cresselia
|faint|p1a: Cresselia
|move|p2a: Frosmoth|Quiver Dance|p2a: Frosmoth
|-boost|p2a: Frosmoth|spa|1
|-boost|p2a: Frosmoth|spd|1
|-boost|p2a: Frosmoth|spe|1
|
|-heal|p2a: Frosmoth|37/100|[from] item: Leftovers
|upkeep
|
|t:|1760450507
|switch|p1a: Ursaluna|Ursaluna, M, tera:Normal|23/100 brn
|-heal|p1a: Ursaluna|100/100|[from] move: Lunar Dance
|turn|22
|c| bloodhound q50|sheesh
|
|t:|1760450511
|move|p1a: Ursaluna|Facade|p2a: Frosmoth
|-end|p2a: Frosmoth|Substitute
|move|p2a: Frosmoth|Substitute|p2a: Frosmoth
|-start|p2a: Frosmoth|Substitute
|-damage|p2a: Frosmoth|12/100
|
|-heal|p2a: Frosmoth|18/100|[from] item: Leftovers
|-status|p1a: Ursaluna|brn|[from] item: Flame Orb
|upkeep
|turn|23
|
|t:|1760450521
|move|p1a: Ursaluna|Facade|p2a: Frosmoth
|-end|p2a: Frosmoth|Substitute
|move|p2a: Frosmoth|Ice Beam|p1a: Ursaluna
|-damage|p1a: Ursaluna|3/100 brn
|
|-heal|p2a: Frosmoth|24/100|[from] item: Leftovers
|-damage|p1a: Ursaluna|0 fnt|[from] brn
|faint|p1a: Ursaluna
|upkeep
|
|t:|1760450532
|switch|p1a: Volcanion|Volcanion|100/100
|turn|24
|l| 54 Insane Rats
|
|t:|1760450536
|move|p1a: Volcanion|Earth Power|p2a: Frosmoth
|-supereffective|p2a: Frosmoth
|-damage|p2a: Frosmoth|10/100
|move|p2a: Frosmoth|Quiver Dance|p2a: Frosmoth
|-boost|p2a: Frosmoth|spa|1
|-boost|p2a: Frosmoth|spd|1
|-boost|p2a: Frosmoth|spe|1
|
|-heal|p2a: Frosmoth|16/100|[from] item: Leftovers
|-fieldend|move: Trick Room
|upkeep
|turn|25
|
|t:|1760450546
|move|p2a: Frosmoth|Tera Blast|p1a: Volcanion|[anim] Tera Blast Electric
|-supereffective|p1a: Volcanion
|-damage|p1a: Volcanion|0 fnt
|faint|p1a: Volcanion
|
|-heal|p2a: Frosmoth|22/100|[from] item: Leftovers
|upkeep
|-message|lolproplayer forfeited.
|
|win|eros maniac
|raw|lolproplayer's rating: 1720 &rarr; <strong>1701</strong><br />(-19 for losing)
|raw|eros maniac's rating: 1745 &rarr; <strong>1764</strong><br />(+19 for winning)
|l|☆lolproplayer
|player|p1|
|l|☆eros maniac
|player|p2|
|l| 3idk
|l| bloodhound q50
|l| wgw2333
