|j|☆Aliashood75
|j|☆Underage Boy
|t:|1760367495
|gametype|singles
|player|p1|Aliashood75|265|1332
|player|p2|Underage Boy|schoolkid-gen4dp|1320
|gen|9
|tier|[Gen 9] OU
|rated|
|rule|HP Percentage Mod: HP is shown in percentages
|rule|Endless Battle Clause: Forcing endless battles is banned
|rule|Species Clause: Limit one of each Pokémon
|rule|OHKO Clause: OHKO moves are banned
|rule|Evasion Items Clause: Evasion items are banned
|rule|Evasion Moves Clause: Evasion moves are banned
|rule|Evasion Abilities Clause: Evasion abilities are banned
|rule|Sleep Moves Clause: Sleep-inducing moves are banned
|clearpoke
|poke|p1|Tornadus-Therian, M|
|poke|p1|Hatterene, F|
|poke|p1|Heatran, F|
|poke|p1|Great Tusk|
|poke|p1|Raging Bolt|
|poke|p1|Ogerpon-Wellspring, F|
|poke|p2|Zapdos-Galar|
|poke|p2|Tsareena, F|
|poke|p2|Empoleon, M|
|poke|p2|Chandelure, M|
|poke|p2|Krookodile, F|
|poke|p2|Galvantula, F|
|teampreview
|inactive|Battle timer is ON: inactive players will automatically lose when time's up. (requested by Underage Boy)
|
|t:|1760367506
|teamsize|p1|6
|teamsize|p2|6
|start
|switch|p1a: Heatran|Heatran, F|100/100
|switch|p2a: Krookodile|Krookodile, F|100/100
|-ability|p2a: Krookodile|Intimidate|boost
|-unboost|p1a: Heatran|atk|1
|turn|1
|
|t:|1760367520
|switch|p1a: Tornadus|Tornadus-Therian, M|100/100
|move|p2a: Krookodile|Knock Off|p1a: Tornadus
|-damage|p1a: Tornadus|27/100
|-enditem|p1a: Tornadus|Assault Vest|[from] move: Knock Off|[of] p2a: Krookodile
|
|upkeep
|turn|2
|
|t:|1760367528
|move|p1a: Tornadus|U-turn|p2a: Krookodile
|-supereffective|p2a: Krookodile
|-damage|p2a: Krookodile|67/100
|
|t:|1760367534
|switch|p1a: Great Tusk|Great Tusk|100/100|[from] U-turn
|move|p2a: Krookodile|Knock Off|p1a: Great Tusk
|-resisted|p1a: Great Tusk
|-damage|p1a: Great Tusk|85/100
|-enditem|p1a: Great Tusk|Heavy-Duty Boots|[from] move: Knock Off|[of] p2a: Krookodile
|
|upkeep
|turn|3
|
|t:|1760367555
|switch|p2a: Chandelure|Chandelure, M|100/100
|move|p1a: Great Tusk|Knock Off|p2a: Chandelure
|-supereffective|p2a: Chandelure
|-damage|p2a: Chandelure|23/100
|-enditem|p2a: Chandelure|Choice Scarf|[from] move: Knock Off|[of] p1a: Great Tusk
|
|upkeep
|turn|4
|
|t:|1760367565
|move|p2a: Chandelure|Energy Ball|p1a: Great Tusk
|-supereffective|p1a: Great Tusk
|-damage|p1a: Great Tusk|3/100
|move|p1a: Great Tusk|Earthquake|p2a: Chandelure
|-supereffective|p2a: Chandelure
|-damage|p2a: Chandelure|0 fnt
|faint|p2a: Chandelure
|
|upkeep
|
|t:|1760367572
|switch|p2a: Galvantula|Galvantula, F|100/100
|turn|5
|
|t:|1760367579
|move|p2a: Galvantula|Bug Buzz|p1a: Great Tusk
|-resisted|p1a: Great Tusk
|-damage|p1a: Great Tusk|0 fnt
|faint|p1a: Great Tusk
|-end|p1a: Great Tusk|Protosynthesis|[silent]
|
|upkeep
|
|t:|1760367587
|switch|p1a: Heatran|Heatran, F|100/100
|turn|6
|
|t:|1760367594
|move|p2a: Galvantula|Sticky Web|p1a: Heatran
|-sidestart|p1: Aliashood75|move: Sticky Web
|move|p1a: Heatran|Stealth Rock|p2a: Galvantula
|-sidestart|p2: Underage Boy|move: Stealth Rock
|
|upkeep
|turn|7
|
|t:|1760367601
|move|p2a: Galvantula|Thunder|p1a: Heatran
|-damage|p1a: Heatran|50/100
|-status|p1a: Heatran|par
|move|p1a: Heatran|Magma Storm|p2a: Galvantula
|-supereffective|p2a: Galvantula
|-enditem|p2a: Galvantula|Focus Sash
|-damage|p2a: Galvantula|1/100
|-activate|p2a: Galvantula|move: Magma Storm|[of] p1a: Heatran
|
|-heal|p1a: Heatran|56/100 par|[from] item: Leftovers
|-damage|p2a: Galvantula|0 fnt|[from] move: Magma Storm|[partiallytrapped]
|faint|p2a: Galvantula
|upkeep
|
|t:|1760367610
|switch|p2a: Tsareena|Tsareena, F|100/100
|turn|8
|
|t:|1760367616
|-terastallize|p1a: Heatran|Grass
|move|p2a: Tsareena|High Jump Kick|p1a: Heatran
|-damage|p1a: Heatran|18/100 par
|move|p1a: Heatran|Magma Storm|p2a: Tsareena|[miss]
|-miss|p1a: Heatran|p2a: Tsareena
|
|-heal|p1a: Heatran|24/100 par|[from] item: Leftovers
|upkeep
|turn|9
|
|t:|1760367630
|move|p2a: Tsareena|Triple Axel|p1a: Heatran
|-supereffective|p1a: Heatran
|-damage|p1a: Heatran|11/100 par
|-supereffective|p1a: Heatran
|-damage|p1a: Heatran|0 fnt
|faint|p1a: Heatran
|-hitcount|p1: Heatran|2
|
|upkeep
|
|t:|1760367638
|switch|p1a: Tornadus|Tornadus-Therian, M|60/100
|turn|10
|
|t:|1760367645
|-terastallize|p2a: Tsareena|Dragon
|move|p1a: Tornadus|Knock Off|p2a: Tsareena
|-damage|p2a: Tsareena|80/100
|-enditem|p2a: Tsareena|Heavy-Duty Boots|[from] move: Knock Off|[of] p1a: Tornadus
|move|p2a: Tsareena|Rapid Spin|p1a: Tornadus
|-damage|p1a: Tornadus|44/100
|-boost|p2a: Tsareena|spe|1
|-sideend|p2: Underage Boy|Stealth Rock|[from] move: Rapid Spin|[of] p2a: Tsareena
|
|upkeep
|turn|11
|
|t:|1760367654
|move|p1a: Tornadus|Hurricane|p2a: Tsareena
|-damage|p2a: Tsareena|37/100
|move|p2a: Tsareena|Rapid Spin|p1a: Tornadus
|-damage|p1a: Tornadus|27/100
|-boost|p2a: Tsareena|spe|1
|
|upkeep
|turn|12
|
|t:|1760367661
|switch|p1a: Hatterene|Hatterene, F|100/100
|-activate|p1a: Hatterene|move: Sticky Web
|-unboost|p1a: Hatterene|spe|1
|move|p2a: Tsareena|Triple Axel|p1a: Hatterene
|-damage|p1a: Hatterene|96/100
|-damage|p1a: Hatterene|87/100
|-damage|p1a: Hatterene|71/100
|-hitcount|p1a: Hatterene|3
|
|-heal|p1a: Hatterene|77/100|[from] item: Leftovers
|upkeep
|turn|13
|
|t:|1760367675
|move|p2a: Tsareena|Power Whip|p1a: Hatterene
|-damage|p1a: Hatterene|31/100
|move|p1a: Hatterene|Mystical Fire|p2a: Tsareena
|-resisted|p2a: Tsareena
|-damage|p2a: Tsareena|26/100
|-unboost|p2a: Tsareena|spa|1
|
|-heal|p1a: Hatterene|37/100|[from] item: Leftovers
|upkeep
|turn|14
|
|t:|1760367684
|move|p2a: Tsareena|Power Whip|p1a: Hatterene
|-damage|p1a: Hatterene|0 fnt
|faint|p1a: Hatterene
|
|upkeep
|
|t:|1760367691
|switch|p1a: Ogerpon|Ogerpon-Wellspring, F|100/100
|-activate|p1a: Ogerpon|move: Sticky Web
|-unboost|p1a: Ogerpon|spe|1
|turn|15
|
|t:|1760367713
|move|p2a: Tsareena|Power Whip|p1a: Ogerpon
|-damage|p1a: Ogerpon|33/100
|move|p1a: Ogerpon|Trailblaze|p2a: Tsareena
|-resisted|p2a: Tsareena
|-damage|p2a: Tsareena|9/100
|-boost|p1a: Ogerpon|spe|1
|
|upkeep
|turn|16
|
|t:|1760367721
|move|p2a: Tsareena|Power Whip|p1a: Ogerpon
|-damage|p1a: Ogerpon|0 fnt
|faint|p1a: Ogerpon
|
|upkeep
|
|t:|1760367726
|switch|p1a: Tornadus|Tornadus-Therian, M|61/100
|turn|17
|
|t:|1760367738
|move|p2a: Tsareena|Triple Axel|p1a: Tornadus
|-supereffective|p1a: Tornadus
|-damage|p1a: Tornadus|47/100
|-supereffective|p1a: Tornadus
|-damage|p1a: Tornadus|21/100
|-supereffective|p1a: Tornadus
|-damage|p1a: Tornadus|0 fnt
|faint|p1a: Tornadus
|-hitcount|p1: Tornadus|3
|
|upkeep
|-message|Aliashood75 forfeited.
|
|win|Underage Boy
|raw|Aliashood75's rating: 1332 &rarr; <strong>1311</strong><br />(-21 for losing)
|raw|Underage Boy's rating: 1320 &rarr; <strong>1341</strong><br />(+21 for winning)
|l|☆Aliashood75
|player|p1|
|l|☆Underage Boy
|player|p2|
