|j|☆Laughrjx
|j|☆great team haver
|t:|1760416419
|gametype|singles
|player|p1|Laughrjx|2|1386
|player|p2|great team haver|skierf|1404
|gen|9
|tier|[Gen 9] OU
|rated|
|rule|HP Percentage Mod: HP is shown in percentages
|rule|Endless Battle Clause: Forcing endless battles is banned
|rule|Species Clause: Limit one of each Pokémon
|rule|OHKO Clause: OHKO moves are banned
|rule|Evasion Items Clause: Evasion items are banned
|rule|Evasion Moves Clause: Evasion moves are banned
|rule|Evasion Abilities Clause: Evasion abilities are banned
|rule|Sleep Moves Clause: Sleep-inducing moves are banned
|clearpoke
|poke|p1|Ceruledge, F|
|poke|p1|Kingambit, M|
|poke|p1|Great Tusk|
|poke|p1|Iron Moth|
|poke|p1|Iron Hands|
|poke|p2|Pecharunt|
|poke|p2|Alomomola, M|
|poke|p2|Florges-Blue, F|
|poke|p2|Avalugg, M|
|poke|p2|Corviknight, M|
|poke|p2|Zamazenta-*|
|teampreview
|inactive|Battle timer is ON: inactive players will automatically lose when time's up. (requested by great team haver)
|
|t:|1760416432
|teamsize|p1|5
|teamsize|p2|6
|start
|switch|p1a: Starforce|Ceruledge, F|100/100
|switch|p2a: Wish Fish|Alomomola, M|100/100
|turn|1
|
|t:|1760416434
|move|p1a: Starforce|Swords Dance|p1a: Starforce
|-boost|p1a: Starforce|atk|2
|move|p2a: Wish Fish|Scald|p1a: Starforce
|-supereffective|p1a: Starforce
|-damage|p1a: Starforce|51/100
|
|upkeep
|turn|2
|
|t:|1760416449
|move|p1a: Starforce|Bitter Blade|p2a: Wish Fish
|-resisted|p2a: Wish Fish
|-damage|p2a: Wish Fish|68/100
|-heal|p1a: Starforce|77/100|[from] drain|[of] p2a: Wish Fish
|move|p2a: Wish Fish|Scald|p1a: Starforce
|-supereffective|p1a: Starforce
|-damage|p1a: Starforce|22/100
|
|-heal|p2a: Wish Fish|74/100|[from] item: Leftovers
|upkeep
|turn|3
|
|t:|1760416455
|move|p1a: Starforce|Bitter Blade|p2a: Wish Fish
|-resisted|p2a: Wish Fish
|-damage|p2a: Wish Fish|43/100
|-heal|p1a: Starforce|47/100|[from] drain|[of] p2a: Wish Fish
|move|p2a: Wish Fish|Scald|p1a: Starforce
|-supereffective|p1a: Starforce
|-crit|p1a: Starforce
|-damage|p1a: Starforce|0 fnt
|faint|p1a: Starforce
|
|-heal|p2a: Wish Fish|49/100|[from] item: Leftovers
|upkeep
|
|t:|1760416461
|switch|p1a: Ultimate big chill|Iron Moth|100/100
|turn|4
|
|t:|1760416466
|switch|p2a: evil thing|Pecharunt|100/100
|move|p1a: Ultimate big chill|Discharge|p2a: evil thing
|-damage|p2a: evil thing|86/100
|
|upkeep
|turn|5
|
|t:|1760416476
|-end|p1a: Ultimate big chill|Quark Drive|[silent]
|switch|p1a: Hanayama|Iron Hands|100/100
|move|p2a: evil thing|Shadow Ball|p1a: Hanayama
|-damage|p1a: Hanayama|77/100
|
|-heal|p1a: Hanayama|83/100|[from] item: Leftovers
|upkeep
|turn|6
|
|t:|1760416479
|move|p2a: evil thing|Malignant Chain|p1a: Hanayama
|-damage|p1a: Hanayama|57/100
|move|p1a: Hanayama|Supercell Slam|p2a: evil thing
|-damage|p2a: evil thing|49/100
|
|-heal|p1a: Hanayama|63/100|[from] item: Leftovers
|upkeep
|turn|7
|
|t:|1760416505
|move|p2a: evil thing|Foul Play|p1a: Hanayama
|-resisted|p1a: Hanayama
|-damage|p1a: Hanayama|51/100
|move|p1a: Hanayama|Supercell Slam|p2a: evil thing
|-damage|p2a: evil thing|11/100
|
|-heal|p1a: Hanayama|58/100|[from] item: Leftovers
|upkeep
|turn|8
|
|t:|1760416512
|move|p2a: evil thing|Malignant Chain|p1a: Hanayama
|-damage|p1a: Hanayama|30/100
|move|p1a: Hanayama|Supercell Slam|p2a: evil thing
|-damage|p2a: evil thing|0 fnt
|faint|p2a: evil thing
|
|-heal|p1a: Hanayama|36/100|[from] item: Leftovers
|upkeep
|
|t:|1760416518
|switch|p2a: that dawg|Zamazenta|100/100
|-ability|p2a: that dawg|Dauntless Shield|boost
|-boost|p2a: that dawg|def|1
|turn|9
|
|t:|1760416524
|move|p2a: that dawg|Iron Defense|p2a: that dawg
|-boost|p2a: that dawg|def|2
|move|p1a: Hanayama|Play Rough|p2a: that dawg
|-supereffective|p2a: that dawg
|-damage|p2a: that dawg|85/100
|
|-heal|p2a: that dawg|91/100|[from] item: Leftovers
|-heal|p1a: Hanayama|42/100|[from] item: Leftovers
|upkeep
|turn|10
|
|t:|1760416528
|move|p2a: that dawg|Body Press|p1a: Hanayama
|-damage|p1a: Hanayama|0 fnt
|faint|p1a: Hanayama
|-end|p1a: Hanayama|Quark Drive|[silent]
|
|-heal|p2a: that dawg|97/100|[from] item: Leftovers
|upkeep
|
|t:|1760416534
|switch|p1a: Red X|Kingambit, M|100/100
|-activate|p1a: Red X|ability: Supreme Overlord
|-start|p1a: Red X|fallen2|[silent]
|turn|11
|
|t:|1760416537
|switch|p2a: Edgar|Corviknight, M|100/100
|-ability|p2a: Edgar|Pressure
|-terastallize|p1a: Red X|Flying
|move|p1a: Red X|Tera Blast|p2a: Edgar|[anim] Tera Blast Flying
|-resisted|p2a: Edgar
|-damage|p2a: Edgar|77/100
|
|-heal|p2a: Edgar|83/100|[from] item: Leftovers
|upkeep
|turn|12
|
|t:|1760416540
|-end|p1a: Red X|fallen2|[silent]
|switch|p1a: Ultimate big chill|Iron Moth|100/100
|move|p2a: Edgar|Brave Bird|p1a: Ultimate big chill
|-damage|p1a: Ultimate big chill|43/100
|-damage|p2a: Edgar|69/100|[from] Recoil
|
|-heal|p2a: Edgar|75/100|[from] item: Leftovers
|upkeep
|turn|13
|
|t:|1760416544
|-terastallize|p2a: Edgar|Ghost
|move|p1a: Ultimate big chill|Fiery Dance|p2a: Edgar
|-damage|p2a: Edgar|43/100
|move|p2a: Edgar|Brave Bird|p1a: Ultimate big chill
|-damage|p1a: Ultimate big chill|0 fnt
|faint|p1a: Ultimate big chill
|-end|p1a: Ultimate big chill|Quark Drive|[silent]
|-damage|p2a: Edgar|33/100|[from] Recoil
|
|-heal|p2a: Edgar|39/100|[from] item: Leftovers
|upkeep
|l|☆Laughrjx
|inactive|Laughrjx disconnected and has a minute to reconnect!
|player|p1|
|inactive|Laughrjx has 30 seconds to reconnect!
|inactive|Laughrjx has 20 seconds to reconnect!
|inactive|Laughrjx has 15 seconds to reconnect!
|inactive|Laughrjx has 10 seconds to reconnect!
|inactive|Laughrjx has 5 seconds to reconnect!
|-message|Laughrjx lost due to inactivity.
|
|win|great team haver
|raw|Laughrjx's rating: 1386 &rarr; <strong>1367</strong><br />(-19 for losing)
|raw|great team haver's rating: 1404 &rarr; <strong>1423</strong><br />(+19 for winning)
