|j|☆Tt2041
|j|☆CAZSYZ
|t:|1760329977
|gametype|singles
|player|p1|Tt2041|dawn|1380
|player|p2|CAZSYZ|lady|1465
|gen|9
|tier|[Gen 9] OU
|rated|
|rule|HP Percentage Mod: HP is shown in percentages
|rule|Endless Battle Clause: Forcing endless battles is banned
|rule|Species Clause: Limit one of each Pokémon
|rule|OHKO Clause: OHKO moves are banned
|rule|Evasion Items Clause: Evasion items are banned
|rule|Evasion Moves Clause: Evasion moves are banned
|rule|Evasion Abilities Clause: Evasion abilities are banned
|rule|Sleep Moves Clause: Sleep-inducing moves are banned
|clearpoke
|poke|p1|Iron Valiant|
|poke|p1|Iron Hands|
|poke|p1|Iron Boulder|
|poke|p1|Iron Treads|
|poke|p1|Iron Jugulis|
|poke|p1|Pincurchin, M|
|poke|p2|Great Tusk|
|poke|p2|Blissey, F|
|poke|p2|Alomomola, F|
|poke|p2|Dragapult, F|
|poke|p2|Corviknight, F|
|poke|p2|Dondozo, F|
|teampreview
|inactive|Battle timer is ON: inactive players will automatically lose when time's up. (requested by CAZSYZ)
|
|t:|1760329981
|teamsize|p1|6
|teamsize|p2|6
|start
|switch|p1a: Pincurchin|Pincurchin, M|100/100
|switch|p2a: Great Tusk|Great Tusk|100/100
|-fieldstart|move: Electric Terrain|[from] ability: Electric Surge|[of] p1a: Pincurchin
|turn|1
|
|t:|1760329989
|switch|p1a: Iron Jugulis|Iron Jugulis|100/100
|-activate|p1a: Iron Jugulis|ability: Quark Drive
|-start|p1a: Iron Jugulis|quarkdrivespa
|move|p2a: Great Tusk|Knock Off|p1a: Iron Jugulis
|-resisted|p1a: Iron Jugulis
|-damage|p1a: Iron Jugulis|85/100
|-enditem|p1a: Iron Jugulis|Power Herb|[from] move: Knock Off|[of] p2a: Great Tusk
|
|upkeep
|turn|2
|
|t:|1760330012
|-end|p2a: Great Tusk|Protosynthesis|[silent]
|switch|p2a: Corviknight|Corviknight, F|100/100
|-ability|p2a: Corviknight|Pressure
|move|p1a: Iron Jugulis|Hurricane|p2a: Corviknight
|-resisted|p2a: Corviknight
|-damage|p2a: Corviknight|72/100
|
|upkeep
|turn|3
|
|t:|1760330020
|switch|p2a: Blissey|Blissey, F|100/100
|move|p1a: Iron Jugulis|Meteor Beam||[still]
|-prepare|p1a: Iron Jugulis|Meteor Beam
|-boost|p1a: Iron Jugulis|spa|1
|
|upkeep
|turn|4
|
|t:|1760330027
|move|p1a: Iron Jugulis|Meteor Beam|p2a: Blissey|[from] lockedmove
|-damage|p2a: Blissey|78/100
|move|p2a: Blissey|Light Screen|p2a: Blissey
|-sidestart|p2: CAZSYZ|move: Light Screen
|
|-heal|p2a: Blissey|84/100|[from] item: Leftovers
|upkeep
|turn|5
|
|t:|1760330035
|-end|p1a: Iron Jugulis|Quark Drive|[silent]
|switch|p1a: Iron Hands|Iron Hands|100/100
|-activate|p1a: Iron Hands|ability: Quark Drive
|-start|p1a: Iron Hands|quarkdriveatk
|move|p2a: Blissey|Seismic Toss|p1a: Iron Hands
|-damage|p1a: Iron Hands|78/100
|
|-heal|p2a: Blissey|91/100|[from] item: Leftovers
|-heal|p1a: Iron Hands|84/100|[from] item: Leftovers
|upkeep
|turn|6
|
|t:|1760330045
|switch|p2a: Great Tusk|Great Tusk|100/100
|move|p1a: Iron Hands|Swords Dance|p1a: Iron Hands
|-boost|p1a: Iron Hands|atk|2
|
|-heal|p1a: Iron Hands|91/100|[from] item: Leftovers
|upkeep
|turn|7
|
|t:|1760330053
|move|p2a: Great Tusk|Knock Off|p1a: Iron Hands
|-resisted|p1a: Iron Hands
|-damage|p1a: Iron Hands|82/100
|-enditem|p1a: Iron Hands|Leftovers|[from] move: Knock Off|[of] p2a: Great Tusk
|move|p1a: Iron Hands|Ice Punch|p2a: Great Tusk
|-supereffective|p2a: Great Tusk
|-damage|p2a: Great Tusk|32/100
|
|-heal|p2a: Great Tusk|39/100|[from] item: Leftovers
|upkeep
|turn|8
|
|t:|1760330072
|-end|p2a: Great Tusk|Protosynthesis|[silent]
|switch|p2a: Alomomola|Alomomola, F|100/100
|move|p1a: Iron Hands|Drain Punch|p2a: Alomomola
|-damage|p2a: Alomomola|29/100
|-heal|p1a: Iron Hands|100/100|[from] drain|[of] p2a: Alomomola
|
|-sideend|p2: CAZSYZ|move: Light Screen
|-fieldend|move: Electric Terrain
|-end|p1a: Iron Hands|Quark Drive
|upkeep
|turn|9
|
|t:|1760330081
|move|p2a: Alomomola|Protect|p2a: Alomomola
|-singleturn|p2a: Alomomola|Protect
|move|p1a: Iron Hands|Drain Punch|p2a: Alomomola
|-activate|p2a: Alomomola|move: Protect
|
|upkeep
|turn|10
|
|t:|1760330089
|switch|p2a: Dondozo|Dondozo, F|100/100
|move|p1a: Iron Hands|Drain Punch|p2a: Dondozo
|-damage|p2a: Dondozo|79/100
|
|-heal|p2a: Dondozo|86/100|[from] item: Leftovers
|upkeep
|turn|11
|
|t:|1760330102
|-end|p1a: Iron Hands|Quark Drive|[silent]
|switch|p1a: Pincurchin|Pincurchin, M|100/100
|-fieldstart|move: Electric Terrain|[from] ability: Electric Surge|[of] p1a: Pincurchin
|move|p2a: Dondozo|Body Press|p1a: Pincurchin
|-damage|p1a: Pincurchin|71/100
|
|-heal|p2a: Dondozo|92/100|[from] item: Leftovers
|upkeep
|turn|12
|
|t:|1760330112
|switch|p2a: Corviknight|Corviknight, F|72/100
|-ability|p2a: Corviknight|Pressure
|switch|p1a: Iron Valiant|Iron Valiant|100/100
|-activate|p1a: Iron Valiant|ability: Quark Drive
|-start|p1a: Iron Valiant|quarkdrivespe
|
|upkeep
|turn|13
|inactive|Tt2041 has 120 seconds left.
|
|t:|1760330149
|-end|p1a: Iron Valiant|Quark Drive|[silent]
|switch|p1a: Iron Hands|Iron Hands|100/100
|-activate|p1a: Iron Hands|ability: Quark Drive
|-start|p1a: Iron Hands|quarkdriveatk
|move|p2a: Corviknight|Roost|p2a: Corviknight
|-heal|p2a: Corviknight|100/100
|-singleturn|p2a: Corviknight|move: Roost
|
|upkeep
|turn|14
|inactive|Tt2041 has 120 seconds left.
|
|t:|1760330159
|switch|p2a: Dondozo|Dondozo, F|92/100
|move|p1a: Iron Hands|Wild Charge|p2a: Dondozo
|-supereffective|p2a: Dondozo
|-damage|p2a: Dondozo|5/100
|-damage|p1a: Iron Hands|76/100|[from] Recoil
|
|-heal|p2a: Dondozo|11/100|[from] item: Leftovers
|upkeep
|turn|15
|
|t:|1760330169
|switch|p2a: Great Tusk|Great Tusk|39/100
|move|p1a: Iron Hands|Drain Punch|p2a: Great Tusk
|-damage|p2a: Great Tusk|9/100
|-heal|p1a: Iron Hands|90/100|[from] drain|[of] p2a: Great Tusk
|
|-heal|p2a: Great Tusk|16/100|[from] item: Leftovers
|upkeep
|turn|16
|
|t:|1760330182
|-end|p2a: Great Tusk|Protosynthesis|[silent]
|switch|p2a: Alomomola|Alomomola, F|62/100
|-end|p1a: Iron Hands|Quark Drive|[silent]
|switch|p1a: Iron Jugulis|Iron Jugulis|85/100
|-activate|p1a: Iron Jugulis|ability: Quark Drive
|-start|p1a: Iron Jugulis|quarkdrivespa
|
|upkeep
|turn|17
|
|t:|1760330193
|switch|p2a: Blissey|Blissey, F|91/100
|move|p1a: Iron Jugulis|Meteor Beam||[still]
|-prepare|p1a: Iron Jugulis|Meteor Beam
|-boost|p1a: Iron Jugulis|spa|1
|
|-heal|p2a: Blissey|97/100|[from] item: Leftovers
|upkeep
|turn|18
|
|t:|1760330201
|move|p1a: Iron Jugulis|Meteor Beam|p2a: Blissey|[from] lockedmove
|-damage|p2a: Blissey|75/100
|move|p2a: Blissey|Seismic Toss|p1a: Iron Jugulis
|-damage|p1a: Iron Jugulis|54/100
|
|-heal|p2a: Blissey|81/100|[from] item: Leftovers
|-fieldend|move: Electric Terrain
|-end|p1a: Iron Jugulis|Quark Drive
|upkeep
|turn|19
|
|t:|1760330212
|-end|p1a: Iron Jugulis|Quark Drive|[silent]
|switch|p1a: Pincurchin|Pincurchin, M|71/100
|-fieldstart|move: Electric Terrain|[from] ability: Electric Surge|[of] p1a: Pincurchin
|move|p2a: Blissey|Seismic Toss|p1a: Pincurchin
|-damage|p1a: Pincurchin|38/100
|
|-heal|p2a: Blissey|87/100|[from] item: Leftovers
|upkeep
|turn|20
|
|t:|1760330222
|switch|p2a: Dragapult|Dragapult, F|100/100
|switch|p1a: Iron Hands|Iron Hands|90/100
|-activate|p1a: Iron Hands|ability: Quark Drive
|-start|p1a: Iron Hands|quarkdriveatk
|
|upkeep
|turn|21
|
|t:|1760330230
|move|p2a: Dragapult|U-turn|p1a: Iron Hands
|-resisted|p1a: Iron Hands
|-damage|p1a: Iron Hands|83/100
|
|t:|1760330237
|switch|p2a: Alomomola|Alomomola, F|96/100|[from] U-turn
|move|p1a: Iron Hands|Drain Punch|p2a: Alomomola
|-damage|p2a: Alomomola|59/100
|-heal|p1a: Iron Hands|100/100|[from] drain|[of] p2a: Alomomola
|
|upkeep
|turn|22
|
|t:|1760330245
|move|p2a: Alomomola|Protect|p2a: Alomomola
|-singleturn|p2a: Alomomola|Protect
|move|p1a: Iron Hands|Swords Dance|p1a: Iron Hands
|-boost|p1a: Iron Hands|atk|2
|
|upkeep
|turn|23
|
|t:|1760330254
|move|p1a: Iron Hands|Drain Punch|p2a: Alomomola
|-damage|p2a: Alomomola|0 fnt
|faint|p2a: Alomomola
|
|upkeep
|
|t:|1760330258
|switch|p2a: Dragapult|Dragapult, F|100/100
|turn|24
|l|☆Tt2041
|inactive|Tt2041 disconnected and has a minute to reconnect!
|player|p1|
|j|☆Tt2041
|inactive|Tt2041 reconnected and has 120 seconds left.
|player|p1|Tt2041|dawn|
|
|t:|1760330291
|move|p2a: Dragapult|U-turn|p1a: Iron Hands
|-resisted|p1a: Iron Hands
|-damage|p1a: Iron Hands|93/100
|
|t:|1760330293
|switch|p2a: Great Tusk|Great Tusk|16/100|[from] U-turn
|move|p1a: Iron Hands|Ice Punch|p2a: Great Tusk
|-supereffective|p2a: Great Tusk
|-crit|p2a: Great Tusk
|-damage|p2a: Great Tusk|0 fnt
|faint|p2a: Great Tusk
|-end|p2a: Great Tusk|Protosynthesis|[silent]
|
|upkeep
|
|t:|1760330302
|switch|p2a: Corviknight|Corviknight, F|100/100
|-ability|p2a: Corviknight|Pressure
|turn|25
|
|t:|1760330310
|-terastallize|p2a: Corviknight|Ghost
|move|p2a: Corviknight|Body Press|p1a: Iron Hands
|-damage|p1a: Iron Hands|81/100
|move|p1a: Iron Hands|Drain Punch|p2a: Corviknight
|-immune|p2a: Corviknight
|
|upkeep
|turn|26
|
|t:|1760330320
|move|p2a: Corviknight|Body Press|p1a: Iron Hands
|-damage|p1a: Iron Hands|68/100
|move|p1a: Iron Hands|Wild Charge|p2a: Corviknight
|-damage|p2a: Corviknight|0 fnt
|-damage|p1a: Iron Hands|52/100|[from] item: Rocky Helmet|[of] p2a: Corviknight
|faint|p2a: Corviknight
|-damage|p1a: Iron Hands|30/100|[from] Recoil
|
|-fieldend|move: Electric Terrain
|-end|p1a: Iron Hands|Quark Drive
|upkeep
|
|t:|1760330325
|switch|p2a: Dragapult|Dragapult, F|100/100
|turn|27
|
|t:|1760330333
|move|p2a: Dragapult|Dragon Darts|p1a: Iron Hands
|-damage|p1a: Iron Hands|14/100
|-anim|p2a: Dragapult|Dragon Darts|p1a: Iron Hands
|-damage|p1a: Iron Hands|0 fnt
|faint|p1a: Iron Hands
|-end|p1a: Iron Hands|Quark Drive|[silent]
|
|upkeep
|
|t:|1760330340
|switch|p1a: Iron Valiant|Iron Valiant|100/100
|turn|28
|
|t:|1760330349
|switch|p2a: Blissey|Blissey, F|87/100
|move|p1a: Iron Valiant|Focus Blast|p2a: Blissey
|-supereffective|p2a: Blissey
|-damage|p2a: Blissey|34/100
|
|-heal|p2a: Blissey|40/100|[from] item: Leftovers
|upkeep
|turn|29
|
|t:|1760330358
|-end|p1a: Iron Valiant|Quark Drive|[silent]
|switch|p1a: Pincurchin|Pincurchin, M|38/100
|-fieldstart|move: Electric Terrain|[from] ability: Electric Surge|[of] p1a: Pincurchin
|move|p2a: Blissey|Soft-Boiled|p2a: Blissey
|-heal|p2a: Blissey|90/100
|
|-heal|p2a: Blissey|96/100|[from] item: Leftovers
|upkeep
|turn|30
|
|t:|1760330368
|switch|p2a: Dragapult|Dragapult, F|100/100
|switch|p1a: Iron Boulder|Iron Boulder|100/100
|-activate|p1a: Iron Boulder|ability: Quark Drive
|-start|p1a: Iron Boulder|quarkdriveatk
|
|upkeep
|turn|31
|
|t:|1760330378
|move|p2a: Dragapult|U-turn|p1a: Iron Boulder
|-supereffective|p1a: Iron Boulder
|-damage|p1a: Iron Boulder|35/100
|
|t:|1760330381
|switch|p2a: Dondozo|Dondozo, F|11/100|[from] U-turn
|move|p1a: Iron Boulder|Mighty Cleave|p2a: Dondozo
|-damage|p2a: Dondozo|0 fnt
|faint|p2a: Dondozo
|
|upkeep
|
|t:|1760330386
|switch|p2a: Dragapult|Dragapult, F|100/100
|turn|32
|
|t:|1760330392
|-end|p1a: Iron Boulder|Quark Drive|[silent]
|switch|p1a: Iron Treads|Iron Treads|100/100
|-item|p1a: Iron Treads|Air Balloon
|-activate|p1a: Iron Treads|ability: Quark Drive
|-start|p1a: Iron Treads|quarkdriveatk
|move|p2a: Dragapult|U-turn|p1a: Iron Treads
|-resisted|p1a: Iron Treads
|-damage|p1a: Iron Treads|90/100
|-enditem|p1a: Iron Treads|Air Balloon
|
|t:|1760330396
|switch|p2a: Blissey|Blissey, F|96/100|[from] U-turn
|
|-heal|p2a: Blissey|100/100|[from] item: Leftovers
|upkeep
|turn|33
|-message|CAZSYZ forfeited.
|
|win|Tt2041
|raw|Tt2041's rating: 1380 &rarr; <strong>1405</strong><br />(+25 for winning)
|raw|CAZSYZ's rating: 1465 &rarr; <strong>1440</strong><br />(-25 for losing)
|l|☆CAZSYZ
|player|p2|
