|j|☆NormalDude1989
|j|☆queenelan
|t:|1760334889
|gametype|singles
|player|p1|NormalDude1989|emmet|1696
|player|p2|queenelan|2|1641
|gen|9
|tier|[Gen 9] OU
|rated|
|rule|HP Percentage Mod: HP is shown in percentages
|rule|Endless Battle Clause: Forcing endless battles is banned
|rule|Species Clause: Limit one of each Pokémon
|rule|OHKO Clause: OHKO moves are banned
|rule|Evasion Items Clause: Evasion items are banned
|rule|Evasion Moves Clause: Evasion moves are banned
|rule|Evasion Abilities Clause: Evasion abilities are banned
|rule|Sleep Moves Clause: Sleep-inducing moves are banned
|clearpoke
|poke|p1|Kingambit, M|
|poke|p1|Iron Crown|
|poke|p1|Cinderace, F|
|poke|p1|Great Tusk|
|poke|p1|Latios, M|
|poke|p1|Zapdos|
|poke|p2|Great Tusk|
|poke|p2|Kingambit, F|
|poke|p2|Raging Bolt|
|poke|p2|Walking Wake|
|poke|p2|Ninetales, F|
|poke|p2|Ceruledge, F|
|teampreview
|
|t:|1760334905
|teamsize|p1|6
|teamsize|p2|6
|start
|switch|p1a: Bionic Bunny|Cinderace, F|100/100
|switch|p2a: Ninetales|Ninetales, F|100/100
|-weather|SunnyDay|[from] ability: Drought|[of] p2a: Ninetales
|turn|1
|
|t:|1760334908
|switch|p2a: Great Tusk|Great Tusk|100/100
|-activate|p2a: Great Tusk|ability: Protosynthesis
|-start|p2a: Great Tusk|protosynthesisatk
|move|p1a: Bionic Bunny|Pyro Ball|p2a: Great Tusk
|-damage|p2a: Great Tusk|40/100
|
|-weather|SunnyDay|[upkeep]
|upkeep
|turn|2
|
|t:|1760334916
|-end|p2a: Great Tusk|Protosynthesis|[silent]
|switch|p2a: Walking Wake|Walking Wake|100/100
|-activate|p2a: Walking Wake|ability: Protosynthesis
|-start|p2a: Walking Wake|protosynthesisspe
|move|p1a: Bionic Bunny|Pyro Ball|p2a: Walking Wake
|-resisted|p2a: Walking Wake
|-damage|p2a: Walking Wake|77/100
|
|-weather|SunnyDay|[upkeep]
|upkeep
|turn|3
|j| worthless lucker
|inactive|Battle timer is ON: inactive players will automatically lose when time's up. (requested by queenelan)
|
|t:|1760334967
|switch|p1a: Ptolemy|Iron Crown|100/100
|move|p2a: Walking Wake|Hydro Steam|p1a: Ptolemy
|-damage|p1a: Ptolemy|56/100
|
|-weather|SunnyDay|[upkeep]
|upkeep
|turn|4
|
|t:|1760334980
|move|p2a: Walking Wake|Weather Ball|p1a: Ptolemy
|-supereffective|p1a: Ptolemy
|-crit|p1a: Ptolemy
|-damage|p1a: Ptolemy|0 fnt
|faint|p1a: Ptolemy
|-end|p1a: Ptolemy|Quark Drive|[silent]
|
|-weather|SunnyDay|[upkeep]
|upkeep
|
|t:|1760334998
|switch|p1a: Azure|Latios, M|100/100
|turn|5
|
|t:|1760335013
|-end|p2a: Walking Wake|Protosynthesis|[silent]
|switch|p2a: Great Tusk|Great Tusk|40/100
|-activate|p2a: Great Tusk|ability: Protosynthesis
|-start|p2a: Great Tusk|protosynthesisatk
|move|p1a: Azure|Draco Meteor|p2a: Great Tusk|[miss]
|-miss|p1a: Azure|p2a: Great Tusk
|
|-weather|SunnyDay|[upkeep]
|upkeep
|turn|6
|
|t:|1760335021
|move|p1a: Azure|Draco Meteor|p2a: Great Tusk
|-damage|p2a: Great Tusk|0 fnt
|-unboost|p1a: Azure|spa|2
|faint|p2a: Great Tusk
|-end|p2a: Great Tusk|Protosynthesis|[silent]
|
|-weather|SunnyDay|[upkeep]
|upkeep
|
|t:|1760335038
|switch|p2a: Raging Bolt|Raging Bolt|100/100
|-activate|p2a: Raging Bolt|ability: Protosynthesis
|-start|p2a: Raging Bolt|protosynthesisspa
|turn|7
|
|t:|1760335047
|move|p1a: Azure|Draco Meteor|p2a: Raging Bolt|[miss]
|-miss|p1a: Azure|p2a: Raging Bolt
|move|p2a: Raging Bolt|Dragon Pulse|p1a: Azure
|-supereffective|p1a: Azure
|-crit|p1a: Azure
|-damage|p1a: Azure|0 fnt
|faint|p1a: Azure
|-damage|p2a: Raging Bolt|91/100|[from] item: Life Orb
|
|-weather|SunnyDay|[upkeep]
|upkeep
|
|t:|1760335054
|switch|p1a: Muramasa|Kingambit, M|100/100
|-activate|p1a: Muramasa|ability: Supreme Overlord
|-start|p1a: Muramasa|fallen2|[silent]
|turn|8
|
|t:|1760335062
|move|p2a: Raging Bolt|Weather Ball|p1a: Muramasa
|-supereffective|p1a: Muramasa
|-damage|p1a: Muramasa|0 fnt
|faint|p1a: Muramasa
|-end|p1a: Muramasa|fallen2|[silent]
|-damage|p2a: Raging Bolt|81/100|[from] item: Life Orb
|
|-weather|none
|-end|p2a: Raging Bolt|Protosynthesis
|upkeep
|
|t:|1760335070
|switch|p1a: Ivan|Great Tusk|100/100
|turn|9
|
|t:|1760335082
|-end|p2a: Raging Bolt|Protosynthesis|[silent]
|switch|p2a: Kingambit|Kingambit, F|100/100
|-activate|p2a: Kingambit|ability: Supreme Overlord
|-start|p2a: Kingambit|fallen1|[silent]
|-item|p2a: Kingambit|Air Balloon
|move|p1a: Ivan|Rapid Spin|p2a: Kingambit
|-resisted|p2a: Kingambit
|-damage|p2a: Kingambit|94/100
|-boost|p1a: Ivan|spe|1
|-enditem|p2a: Kingambit|Air Balloon
|
|upkeep
|turn|10
|
|t:|1760335086
|-end|p2a: Kingambit|fallen1|[silent]
|switch|p2a: Ninetales|Ninetales, F|100/100
|-weather|SunnyDay|[from] ability: Drought|[of] p2a: Ninetales
|-activate|p1a: Ivan|ability: Protosynthesis
|-start|p1a: Ivan|protosynthesisspe
|move|p1a: Ivan|Rapid Spin|p2a: Ninetales
|-damage|p2a: Ninetales|77/100
|-boost|p1a: Ivan|spe|1
|
|-weather|SunnyDay|[upkeep]
|upkeep
|turn|11
|
|t:|1760335096
|move|p1a: Ivan|Headlong Rush|p2a: Ninetales
|-supereffective|p2a: Ninetales
|-damage|p2a: Ninetales|0 fnt
|-unboost|p1a: Ivan|def|1
|-unboost|p1a: Ivan|spd|1
|faint|p2a: Ninetales
|
|-weather|SunnyDay|[upkeep]
|upkeep
|
|t:|1760335099
|switch|p2a: Ceruledge|Ceruledge, F|100/100
|turn|12
|
|t:|1760335107
|-terastallize|p2a: Ceruledge|Fairy
|move|p1a: Ivan|Bulk Up|p1a: Ivan
|-boost|p1a: Ivan|atk|1
|-boost|p1a: Ivan|def|1
|move|p2a: Ceruledge|Bitter Blade|p1a: Ivan
|-damage|p1a: Ivan|48/100
|
|-weather|SunnyDay|[upkeep]
|-heal|p1a: Ivan|54/100|[from] item: Leftovers
|upkeep
|turn|13
|
|t:|1760335119
|move|p1a: Ivan|Rapid Spin|p2a: Ceruledge
|-damage|p2a: Ceruledge|70/100
|-boost|p1a: Ivan|spe|1
|-ability|p2a: Ceruledge|Weak Armor|boost
|-unboost|p2a: Ceruledge|def|1
|-boost|p2a: Ceruledge|spe|2
|move|p2a: Ceruledge|Swords Dance|p2a: Ceruledge
|-boost|p2a: Ceruledge|atk|2
|
|-weather|SunnyDay|[upkeep]
|-heal|p1a: Ivan|60/100|[from] item: Leftovers
|upkeep
|turn|14
|
|t:|1760335128
|move|p2a: Ceruledge|Shadow Sneak|p1a: Ivan
|-damage|p1a: Ivan|28/100
|move|p1a: Ivan|Headlong Rush|p2a: Ceruledge
|-damage|p2a: Ceruledge|0 fnt
|-unboost|p1a: Ivan|def|1
|-unboost|p1a: Ivan|spd|1
|faint|p2a: Ceruledge
|
|-weather|SunnyDay|[upkeep]
|-heal|p1a: Ivan|34/100|[from] item: Leftovers
|upkeep
|
|t:|1760335139
|switch|p2a: Walking Wake|Walking Wake|77/100
|-activate|p2a: Walking Wake|ability: Protosynthesis
|-start|p2a: Walking Wake|protosynthesisspe
|turn|15
|
|t:|1760335143
|move|p1a: Ivan|Headlong Rush|p2a: Walking Wake
|-damage|p2a: Walking Wake|0 fnt
|-unboost|p1a: Ivan|def|1
|-unboost|p1a: Ivan|spd|1
|faint|p2a: Walking Wake
|-end|p2a: Walking Wake|Protosynthesis|[silent]
|
|-weather|SunnyDay|[upkeep]
|-heal|p1a: Ivan|40/100|[from] item: Leftovers
|upkeep
|
|t:|1760335151
|switch|p2a: Kingambit|Kingambit, F|94/100
|-activate|p2a: Kingambit|ability: Supreme Overlord
|-start|p2a: Kingambit|fallen4|[silent]
|turn|16
|
|t:|1760335155
|-end|p1a: Ivan|Protosynthesis|[silent]
|switch|p1a: Morpho|Zapdos|100/100
|move|p2a: Kingambit|Sucker Punch||[still]
|-fail|p2a: Kingambit
|
|-weather|SunnyDay|[upkeep]
|upkeep
|turn|17
|
|t:|1760335168
|-end|p2a: Kingambit|fallen4|[silent]
|switch|p2a: Raging Bolt|Raging Bolt|81/100
|-activate|p2a: Raging Bolt|ability: Protosynthesis
|-start|p2a: Raging Bolt|protosynthesisspa
|move|p1a: Morpho|Discharge|p2a: Raging Bolt
|-resisted|p2a: Raging Bolt
|-damage|p2a: Raging Bolt|73/100
|
|-weather|none
|-end|p2a: Raging Bolt|Protosynthesis
|upkeep
|turn|18
|
|t:|1760335173
|move|p2a: Raging Bolt|Dragon Pulse|p1a: Morpho
|-damage|p1a: Morpho|37/100
|-damage|p2a: Raging Bolt|63/100|[from] item: Life Orb
|move|p1a: Morpho|Volt Switch|p2a: Raging Bolt
|-resisted|p2a: Raging Bolt
|-damage|p2a: Raging Bolt|56/100
|
|t:|1760335177
|switch|p1a: Ivan|Great Tusk|40/100|[from] Volt Switch
|
|-heal|p1a: Ivan|46/100|[from] item: Leftovers
|upkeep
|turn|19
|
|t:|1760335183
|move|p1a: Ivan|Headlong Rush|p2a: Raging Bolt
|-supereffective|p2a: Raging Bolt
|-damage|p2a: Raging Bolt|0 fnt
|-unboost|p1a: Ivan|def|1
|-unboost|p1a: Ivan|spd|1
|faint|p2a: Raging Bolt
|-end|p2a: Raging Bolt|Protosynthesis|[silent]
|
|-heal|p1a: Ivan|52/100|[from] item: Leftovers
|upkeep
|
|t:|1760335185
|switch|p2a: Kingambit|Kingambit, F|94/100
|-activate|p2a: Kingambit|ability: Supreme Overlord
|-start|p2a: Kingambit|fallen5|[silent]
|turn|20
|
|t:|1760335192
|move|p1a: Ivan|Headlong Rush|p2a: Kingambit
|-supereffective|p2a: Kingambit
|-damage|p2a: Kingambit|0 fnt
|-unboost|p1a: Ivan|def|1
|-unboost|p1a: Ivan|spd|1
|faint|p2a: Kingambit
|-end|p2a: Kingambit|fallen5|[silent]
|
|win|NormalDude1989
|raw|NormalDude1989's rating: 1696 &rarr; <strong>1713</strong><br />(+17 for winning)
|raw|queenelan's rating: 1641 &rarr; <strong>1624</strong><br />(-17 for losing)
|l|☆queenelan
|player|p2|
|c|☆NormalDude1989|bg
|l|☆NormalDude1989
|player|p1|
