|j|☆Noker504
|j|☆Princessjosie1001!
|t:|1760448814
|gametype|singles
|player|p1|Noker504|170|1482
|player|p2|Princessjosie1001!|nurse|1481
|gen|9
|tier|[Gen 9] OU
|rated|
|rule|HP Percentage Mod: HP is shown in percentages
|rule|Endless Battle Clause: Forcing endless battles is banned
|rule|Species Clause: Limit one of each Pokémon
|rule|OHKO Clause: OHKO moves are banned
|rule|Evasion Items Clause: Evasion items are banned
|rule|Evasion Moves Clause: Evasion moves are banned
|rule|Evasion Abilities Clause: Evasion abilities are banned
|rule|Sleep Moves Clause: Sleep-inducing moves are banned
|clearpoke
|poke|p1|Tornadus-Therian, M|
|poke|p1|Slowking-Galar, M|
|poke|p1|Landorus-Therian, M|
|poke|p1|Scizor, F|
|poke|p1|Zamazenta-*|
|poke|p1|Alomomola, F|
|poke|p2|Yanmega, F|
|poke|p2|Cloyster, M|
|poke|p2|Salazzle, F|
|poke|p2|Espeon, F|
|poke|p2|Jirachi|
|poke|p2|Maushold-Four|
|teampreview
|
|t:|1760448820
|teamsize|p1|6
|teamsize|p2|6
|start
|switch|p1a: Landorus|Landorus-Therian, M|100/100
|switch|p2a: Jirachi|Jirachi|100/100
|-ability|p1a: Landorus|Intimidate|boost
|-unboost|p2a: Jirachi|atk|1
|turn|1
|
|t:|1760448826
|move|p2a: Jirachi|U-turn|p1a: Landorus
|-resisted|p1a: Landorus
|-damage|p1a: Landorus|93/100
|-damage|p2a: Jirachi|84/100|[from] item: Rocky Helmet|[of] p1a: Landorus
|
|t:|1760448830
|switch|p2a: No hazard allowed|Espeon, F|100/100|[from] U-turn
|move|p1a: Landorus|Taunt|p2a: No hazard allowed
|move|p2a: No hazard allowed|Taunt|p1a: Landorus|[from] ability: Magic Bounce
|-start|p1a: Landorus|move: Taunt
|
|upkeep
|turn|2
|
|t:|1760448837
|move|p2a: No hazard allowed|Psychic|p1a: Landorus
|-damage|p1a: Landorus|42/100
|move|p1a: Landorus|U-turn|p2a: No hazard allowed
|-supereffective|p2a: No hazard allowed
|-damage|p2a: No hazard allowed|21/100
|
|t:|1760448841
|switch|p1a: Scizor|Scizor, F|100/100|[from] U-turn
|
|upkeep
|turn|3
|
|t:|1760448846
|switch|p2a: Jirachi|Jirachi|84/100
|move|p1a: Scizor|Bullet Punch|p2a: Jirachi
|-resisted|p2a: Jirachi
|-damage|p2a: Jirachi|65/100
|
|upkeep
|turn|4
|
|t:|1760448852
|move|p2a: Jirachi|Iron Head|p1a: Scizor
|-resisted|p1a: Scizor
|-damage|p1a: Scizor|80/100
|move|p1a: Scizor|Knock Off|p2a: Jirachi
|-supereffective|p2a: Jirachi
|-damage|p2a: Jirachi|0 fnt
|-enditem|p2a: Jirachi|Choice Scarf|[from] move: Knock Off|[of] p1a: Scizor
|faint|p2a: Jirachi
|
|upkeep
|
|t:|1760448860
|switch|p2a: Yanmega|Yanmega, F|100/100
|turn|5
|
|t:|1760448864
|move|p1a: Scizor|Bullet Punch|p2a: Yanmega
|-damage|p2a: Yanmega|60/100
|move|p2a: Yanmega|Air Slash|p1a: Scizor
|-damage|p1a: Scizor|14/100
|-enditem|p1a: Scizor|Sitrus Berry|[eat]
|-heal|p1a: Scizor|39/100|[from] item: Sitrus Berry
|-damage|p2a: Yanmega|50/100|[from] item: Life Orb
|
|-ability|p2a: Yanmega|Speed Boost|boost
|-boost|p2a: Yanmega|spe|1
|upkeep
|turn|6
|
|t:|1760448874
|switch|p1a: Slowking|Slowking-Galar, M|100/100
|move|p2a: Yanmega|Air Slash|p1a: Slowking
|-damage|p1a: Slowking|73/100
|-damage|p2a: Yanmega|40/100|[from] item: Life Orb
|
|-ability|p2a: Yanmega|Speed Boost|boost
|-boost|p2a: Yanmega|spe|1
|upkeep
|turn|7
|
|t:|1760448881
|move|p2a: Yanmega|Air Slash|p1a: Slowking
|-damage|p1a: Slowking|44/100
|-damage|p2a: Yanmega|30/100|[from] item: Life Orb
|move|p1a: Slowking|Sludge Bomb|p2a: Yanmega
|-damage|p2a: Yanmega|0 fnt
|faint|p2a: Yanmega
|
|upkeep
|
|t:|1760448890
|switch|p2a: Maushold|Maushold-Four|100/100
|turn|8
|
|t:|1760448895
|switch|p1a: Landorus|Landorus-Therian, M|42/100
|-ability|p1a: Landorus|Intimidate|boost
|-unboost|p2a: Maushold|atk|1
|move|p2a: Maushold|Population Bomb|p1a: Landorus
|-damage|p1a: Landorus|33/100
|-damage|p2a: Maushold|84/100|[from] item: Rocky Helmet|[of] p1a: Landorus
|-damage|p1a: Landorus|24/100
|-damage|p2a: Maushold|67/100|[from] item: Rocky Helmet|[of] p1a: Landorus
|-damage|p1a: Landorus|16/100
|-damage|p2a: Maushold|51/100|[from] item: Rocky Helmet|[of] p1a: Landorus
|-damage|p1a: Landorus|8/100
|-damage|p2a: Maushold|34/100|[from] item: Rocky Helmet|[of] p1a: Landorus
|-damage|p1a: Landorus|0 fnt
|-damage|p2a: Maushold|17/100|[from] item: Rocky Helmet|[of] p1a: Landorus
|faint|p1a: Landorus
|-hitcount|p1: Landorus|5
|
|upkeep
|
|t:|1760448899
|switch|p1a: Tornadus|Tornadus-Therian, M|100/100
|turn|9
|
|t:|1760448914
|move|p1a: Tornadus|U-turn|p2a: Maushold
|-damage|p2a: Maushold|0 fnt
|faint|p2a: Maushold
|
|t:|1760448924
|switch|p1a: Slowking|Slowking-Galar, M|77/100|[from] U-turn
|
|upkeep
|
|t:|1760448932
|switch|p2a: No hazard allowed|Espeon, F|21/100
|turn|10
|
|t:|1760448937
|switch|p1a: Scizor|Scizor, F|39/100
|move|p2a: No hazard allowed|Thunder Wave|p1a: Scizor
|-status|p1a: Scizor|par
|
|upkeep
|turn|11
|
|t:|1760448942
|move|p1a: Scizor|Bullet Punch|p2a: No hazard allowed
|-damage|p2a: No hazard allowed|0 fnt
|faint|p2a: No hazard allowed
|
|upkeep
|
|t:|1760448946
|switch|p2a: Salazzle|Salazzle, F|100/100
|turn|12
|
|t:|1760448950
|switch|p1a: Slowking|Slowking-Galar, M|100/100
|move|p2a: Salazzle|Flamethrower|p1a: Slowking
|-damage|p1a: Slowking|71/100
|
|upkeep
|turn|13
|
|t:|1760448955
|move|p2a: Salazzle|Toxic|p1a: Slowking
|-status|p1a: Slowking|tox
|move|p1a: Slowking|Psyshock|p2a: Salazzle
|-supereffective|p2a: Salazzle
|-enditem|p2a: Salazzle|Focus Sash
|-damage|p2a: Salazzle|1/100
|
|-damage|p1a: Slowking|65/100 tox|[from] psn
|upkeep
|turn|14
|
|t:|1760448964
|move|p2a: Salazzle|Flamethrower|p1a: Slowking
|-damage|p1a: Slowking|37/100 tox
|move|p1a: Slowking|Sludge Bomb|p2a: Salazzle
|-resisted|p2a: Salazzle
|-damage|p2a: Salazzle|0 fnt
|faint|p2a: Salazzle
|
|-damage|p1a: Slowking|24/100 tox|[from] psn
|upkeep
|
|t:|1760448972
|switch|p2a: Cloyster|Cloyster, M|100/100
|turn|15
|
|t:|1760448977
|move|p2a: Cloyster|Icicle Spear|p1a: Slowking
|-damage|p1a: Slowking|11/100 tox
|-damage|p1a: Slowking|0 fnt
|faint|p1a: Slowking
|-hitcount|p1: Slowking|2
|
|upkeep
|
|t:|1760448982
|switch|p1a: Zamazenta|Zamazenta|100/100
|-ability|p1a: Zamazenta|Dauntless Shield|boost
|-boost|p1a: Zamazenta|def|1
|turn|16
|
|t:|1760448986
|move|p1a: Zamazenta|Close Combat|p2a: Cloyster
|-supereffective|p2a: Cloyster
|-damage|p2a: Cloyster|8/100
|-unboost|p1a: Zamazenta|def|1
|-unboost|p1a: Zamazenta|spd|1
|move|p2a: Cloyster|Shell Smash|p2a: Cloyster
|-unboost|p2a: Cloyster|def|1
|-unboost|p2a: Cloyster|spd|1
|-boost|p2a: Cloyster|atk|2
|-boost|p2a: Cloyster|spa|2
|-boost|p2a: Cloyster|spe|2
|
|upkeep
|turn|17
|
|t:|1760448996
|-terastallize|p2a: Cloyster|Ice
|move|p2a: Cloyster|Icicle Spear|p1a: Zamazenta
|-damage|p1a: Zamazenta|70/100
|-damage|p1a: Zamazenta|39/100
|-damage|p1a: Zamazenta|11/100
|-damage|p1a: Zamazenta|0 fnt
|faint|p1a: Zamazenta
|-hitcount|p1: Zamazenta|4
|
|upkeep
|
|t:|1760448999
|switch|p1a: Alomomola|Alomomola, F|100/100
|turn|18
|
|t:|1760449006
|move|p2a: Cloyster|Rock Blast|p1a: Alomomola
|-damage|p1a: Alomomola|93/100
|-damage|p1a: Alomomola|84/100
|-damage|p1a: Alomomola|76/100
|-damage|p1a: Alomomola|68/100
|-damage|p1a: Alomomola|59/100
|-hitcount|p1a: Alomomola|5
|move|p1a: Alomomola|Scald|p2a: Cloyster
|-damage|p2a: Cloyster|0 fnt
|faint|p2a: Cloyster
|
|win|Noker504
|raw|Noker504's rating: 1482 &rarr; <strong>1502</strong><br />(+20 for winning)
|raw|Princessjosie1001!'s rating: 1481 &rarr; <strong>1461</strong><br />(-20 for losing)
|l|☆Princessjosie1001!
|player|p2|
|l|☆Noker504
|player|p1|
