|j|☆Twia2
|j|☆Kaleor
|t:|1760446334
|gametype|singles
|player|p1|Twia2|iris|1567
|player|p2|Kaleor|swimmer-gen4dp|1668
|gen|9
|tier|[Gen 9] OU
|rated|
|rule|HP Percentage Mod: HP is shown in percentages
|rule|Endless Battle Clause: Forcing endless battles is banned
|rule|Species Clause: Limit one of each Pokémon
|rule|OHKO Clause: OHKO moves are banned
|rule|Evasion Items Clause: Evasion items are banned
|rule|Evasion Moves Clause: Evasion moves are banned
|rule|Evasion Abilities Clause: Evasion abilities are banned
|rule|Sleep Moves Clause: Sleep-inducing moves are banned
|clearpoke
|poke|p1|Ninetales, F|
|poke|p1|Dragonite, M|
|poke|p1|Walking Wake|
|poke|p1|Cinderace, M|
|poke|p1|Great Tusk|
|poke|p1|Clefable, M|
|poke|p2|Garchomp, F|
|poke|p2|Zapdos|
|poke|p2|Darkrai|
|poke|p2|Ceruledge, M|
|poke|p2|Enamorus, F|
|poke|p2|Great Tusk|
|teampreview
|inactive|Battle timer is ON: inactive players will automatically lose when time's up. (requested by Kaleor)
|inactive|Twia2 also wants the timer to be on.
|j| Disscratch
|
|t:|1760446348
|teamsize|p1|6
|teamsize|p2|6
|start
|switch|p1a: Ninetales|Ninetales, F|100/100
|switch|p2a: Darkrai|Darkrai|100/100
|-weather|SunnyDay|[from] ability: Drought|[of] p1a: Ninetales
|turn|1
|
|t:|1760446354
|move|p2a: Darkrai|Trick|p1a: Ninetales
|-activate|p2a: Darkrai|move: Trick|[of] p1a: Ninetales
|-item|p1a: Ninetales|Choice Scarf|[from] move: Trick
|-item|p2a: Darkrai|Heat Rock|[from] move: Trick
|move|p1a: Ninetales|Overheat|p2a: Darkrai
|-damage|p2a: Darkrai|9/100
|-unboost|p1a: Ninetales|spa|2
|
|-weather|SunnyDay|[upkeep]
|upkeep
|turn|2
|
|t:|1760446365
|switch|p1a: Great Tusk|Great Tusk|100/100
|-activate|p1a: Great Tusk|ability: Protosynthesis
|-start|p1a: Great Tusk|protosynthesisspe
|switch|p2a: Garchomp|Garchomp, F|100/100
|
|-weather|SunnyDay|[upkeep]
|upkeep
|turn|3
|
|t:|1760446371
|move|p1a: Great Tusk|Ice Spinner|p2a: Garchomp
|-supereffective|p2a: Garchomp
|-damage|p2a: Garchomp|44/100
|-damage|p1a: Great Tusk|88/100|[from] ability: Rough Skin|[of] p2a: Garchomp
|-damage|p1a: Great Tusk|71/100|[from] item: Rocky Helmet|[of] p2a: Garchomp
|move|p2a: Garchomp|Dragon Tail|p1a: Great Tusk
|-damage|p1a: Great Tusk|55/100
|-end|p1a: Great Tusk|Protosynthesis|[silent]
|drag|p1a: Ninetales|Ninetales, F|100/100
|
|-weather|SunnyDay|[upkeep]
|upkeep
|turn|4
|
|t:|1760446377
|move|p1a: Ninetales|Encore|p2a: Garchomp
|-start|p2a: Garchomp|Encore
|move|p2a: Garchomp|Dragon Tail|p1a: Ninetales
|-damage|p1a: Ninetales|65/100
|drag|p1a: Great Tusk|Great Tusk|55/100
|-activate|p1a: Great Tusk|ability: Protosynthesis
|-start|p1a: Great Tusk|protosynthesisspe
|
|-weather|SunnyDay|[upkeep]
|upkeep
|turn|5
|
|t:|1760446389
|move|p1a: Great Tusk|Ice Spinner|p2a: Garchomp
|-supereffective|p2a: Garchomp
|-damage|p2a: Garchomp|0 fnt
|-damage|p1a: Great Tusk|43/100|[from] ability: Rough Skin|[of] p2a: Garchomp
|-damage|p1a: Great Tusk|26/100|[from] item: Rocky Helmet|[of] p2a: Garchomp
|faint|p2a: Garchomp
|
|-weather|SunnyDay|[upkeep]
|upkeep
|
|t:|1760446395
|switch|p2a: Great Tusk|Great Tusk|100/100
|-activate|p2a: Great Tusk|ability: Protosynthesis
|-start|p2a: Great Tusk|protosynthesisspe
|turn|6
|l|☆Twia2
|inactive|Twia2 disconnected and has a minute to reconnect!
|player|p1|
|inactive|Twia2 has 30 seconds to reconnect!
|inactive|Twia2 has 20 seconds to reconnect!
|inactive|Twia2 has 15 seconds to reconnect!
|inactive|Twia2 has 10 seconds to reconnect!
|j|☆Twia2
|inactive|Twia2 reconnected and has 80 seconds left.
|player|p1|Twia2|iris|
|
|t:|1760446476
|move|p2a: Great Tusk|Headlong Rush|p1a: Great Tusk
|-damage|p1a: Great Tusk|0 fnt
|-unboost|p2a: Great Tusk|def|1
|-unboost|p2a: Great Tusk|spd|1
|faint|p1a: Great Tusk
|-end|p1a: Great Tusk|Protosynthesis|[silent]
|
|-weather|SunnyDay|[upkeep]
|upkeep
|
|t:|1760446485
|switch|p1a: Walking Wake|Walking Wake|100/100
|-activate|p1a: Walking Wake|ability: Protosynthesis
|-start|p1a: Walking Wake|protosynthesisspa
|turn|7
|
|t:|1760446496
|move|p2a: Great Tusk|Headlong Rush|p1a: Walking Wake
|-damage|p1a: Walking Wake|41/100
|-unboost|p2a: Great Tusk|def|1
|-unboost|p2a: Great Tusk|spd|1
|move|p1a: Walking Wake|Hydro Steam|p2a: Great Tusk
|-supereffective|p2a: Great Tusk
|-damage|p2a: Great Tusk|0 fnt
|faint|p2a: Great Tusk
|-end|p2a: Great Tusk|Protosynthesis|[silent]
|
|-weather|SunnyDay|[upkeep]
|upkeep
|
|t:|1760446501
|switch|p2a: Darkrai|Darkrai|9/100
|turn|8
|inactive|Twia2 has 90 seconds left.
|
|t:|1760446507
|-end|p1a: Walking Wake|Protosynthesis|[silent]
|switch|p1a: Ninetales|Ninetales, F|65/100
|move|p2a: Darkrai|Dark Pulse|p1a: Ninetales
|-damage|p1a: Ninetales|15/100
|
|-weather|none
|upkeep
|turn|9
|
|t:|1760446513
|move|p1a: Ninetales|Scorching Sands|p2a: Darkrai
|-damage|p2a: Darkrai|0 fnt
|faint|p2a: Darkrai
|
|upkeep
|
|t:|1760446516
|switch|p2a: Enamorus|Enamorus, F|100/100
|turn|10
|
|t:|1760446523
|switch|p1a: Clefable|Clefable, M|100/100
|move|p2a: Enamorus|Moonblast|p1a: Clefable
|-damage|p1a: Clefable|43/100
|-enditem|p1a: Clefable|Eject Button
|
|t:|1760446527
|switch|p1a: Ninetales|Ninetales, F|15/100
|-weather|SunnyDay|[from] ability: Drought|[of] p1a: Ninetales
|
|-weather|SunnyDay|[upkeep]
|upkeep
|turn|11
|
|t:|1760446534
|move|p1a: Ninetales|Overheat|p2a: Enamorus
|-damage|p2a: Enamorus|3/100
|-unboost|p1a: Ninetales|spa|2
|move|p2a: Enamorus|Moonblast|p1a: Ninetales
|-resisted|p1a: Ninetales
|-damage|p1a: Ninetales|0 fnt
|faint|p1a: Ninetales
|
|-weather|SunnyDay|[upkeep]
|upkeep
|
|t:|1760446538
|switch|p1a: Cinderace|Cinderace, M|100/100
|turn|12
|
|t:|1760446540
|move|p1a: Cinderace|U-turn|p2a: Enamorus
|-start|p1a: Cinderace|typechange|Bug|[from] ability: Libero
|-resisted|p2a: Enamorus
|-damage|p2a: Enamorus|0 fnt
|faint|p2a: Enamorus
|
|t:|1760446546
|switch|p1a: Clefable|Clefable, M|43/100|[from] U-turn
|
|-weather|SunnyDay|[upkeep]
|upkeep
|
|t:|1760446549
|switch|p2a: Zapdos|Zapdos|100/100
|turn|13
|
|t:|1760446554
|move|p2a: Zapdos|Heat Wave|p1a: Clefable|[miss]
|-miss|p2a: Zapdos|p1a: Clefable
|move|p1a: Clefable|Healing Wish|p1a: Clefable
|faint|p1a: Clefable
|
|-weather|SunnyDay|[upkeep]
|upkeep
|
|t:|1760446557
|switch|p1a: Walking Wake|Walking Wake|41/100
|-heal|p1a: Walking Wake|100/100|[from] move: Healing Wish
|-activate|p1a: Walking Wake|ability: Protosynthesis
|-start|p1a: Walking Wake|protosynthesisspa
|turn|14
|
|t:|1760446562
|move|p2a: Zapdos|Hurricane|p1a: Walking Wake
|-damage|p1a: Walking Wake|38/100
|-start|p1a: Walking Wake|confusion
|-activate|p1a: Walking Wake|confusion
|move|p1a: Walking Wake|Hydro Steam|p2a: Zapdos
|-damage|p2a: Zapdos|0 fnt
|faint|p2a: Zapdos
|
|-weather|none
|-end|p1a: Walking Wake|Protosynthesis
|upkeep
|
|t:|1760446565
|switch|p2a: Ceruledge|Ceruledge, M|100/100
|turn|15
|
|t:|1760446571
|-terastallize|p2a: Ceruledge|Ghost
|-activate|p1a: Walking Wake|confusion
|move|p1a: Walking Wake|Hydro Steam|p2a: Ceruledge
|-damage|p2a: Ceruledge|19/100
|move|p2a: Ceruledge|Swords Dance|p2a: Ceruledge
|-boost|p2a: Ceruledge|atk|2
|
|upkeep
|turn|16
|
|t:|1760446578
|move|p2a: Ceruledge|Shadow Sneak|p1a: Walking Wake
|-damage|p1a: Walking Wake|0 fnt
|faint|p1a: Walking Wake
|-end|p1a: Walking Wake|Protosynthesis|[silent]
|
|upkeep
|
|t:|1760446582
|switch|p1a: Dragonite|Dragonite, M|100/100
|turn|17
|
|t:|1760446585
|move|p2a: Ceruledge|Poltergeist|p1a: Dragonite
|-activate|p1a: Dragonite|move: Poltergeist|Heavy-Duty Boots
|-damage|p1a: Dragonite|17/100
|move|p1a: Dragonite|Earthquake|p2a: Ceruledge
|-damage|p2a: Ceruledge|0 fnt
|faint|p2a: Ceruledge
|
|win|Twia2
|raw|Twia2's rating: 1567 &rarr; <strong>1593</strong><br />(+26 for winning)
|raw|Kaleor's rating: 1668 &rarr; <strong>1642</strong><br />(-26 for losing)
|l|☆Twia2
|player|p1|
|l|☆Kaleor
|player|p2|
|l| Disscratch
|j|☆Kaleor
|player|p2|Kaleor|swimmer-gen4dp|
|l|☆Kaleor
|player|p2|
