|j|☆niccommoc
|j|☆Swagataka
|t:|1760454059
|gametype|singles
|player|p1|niccommoc|cyclist|1517
|player|p2|Swagataka|byron|1567
|gen|9
|tier|[Gen 9] OU
|rated|
|rule|HP Percentage Mod: HP is shown in percentages
|rule|Endless Battle Clause: Forcing endless battles is banned
|rule|Species Clause: Limit one of each Pokémon
|rule|OHKO Clause: OHKO moves are banned
|rule|Evasion Items Clause: Evasion items are banned
|rule|Evasion Moves Clause: Evasion moves are banned
|rule|Evasion Abilities Clause: Evasion abilities are banned
|rule|Sleep Moves Clause: Sleep-inducing moves are banned
|clearpoke
|poke|p1|Kingambit, F|
|poke|p1|Ribombee, M|
|poke|p1|Arcanine-Hisui, F|
|poke|p1|Gholdengo|
|poke|p1|Serperior, M|
|poke|p1|Glimmora, F|
|poke|p2|Kingambit, F|
|poke|p2|Regigigas|
|poke|p2|Zoroark-Hisui, F|
|poke|p2|Great Tusk|
|poke|p2|Pecharunt|
|poke|p2|Quaquaval, F|
|teampreview
|
|t:|1760454068
|teamsize|p1|6
|teamsize|p2|6
|start
|switch|p1a: Glimmora|Glimmora, F|100/100
|switch|p2a: Irönhead|Kingambit, F|100/100
|-item|p2a: Irönhead|Air Balloon
|turn|1
|
|t:|1760454083
|move|p1a: Glimmora|Meteor Beam||[still]
|-prepare|p1a: Glimmora|Meteor Beam
|-boost|p1a: Glimmora|spa|1
|-enditem|p1a: Glimmora|Power Herb
|-anim|p1a: Glimmora|Meteor Beam|p2a: Irönhead
|-resisted|p2a: Irönhead
|-damage|p2a: Irönhead|56/100
|-enditem|p2a: Irönhead|Air Balloon
|move|p2a: Irönhead|Iron Head|p1a: Glimmora
|-supereffective|p1a: Glimmora
|-damage|p1a: Glimmora|0 fnt
|-activate|p1a: Glimmora|ability: Toxic Debris
|-sidestart|p2: Swagataka|move: Toxic Spikes
|faint|p1a: Glimmora
|
|upkeep
|
|t:|1760454102
|switch|p1a: Ribombee|Ribombee, M|100/100
|turn|2
|
|t:|1760454113
|move|p1a: Ribombee|Moonblast|p2a: Irönhead
|-damage|p2a: Irönhead|16/100
|-unboost|p2a: Irönhead|spa|1
|-ability|p2a: Irönhead|Defiant|boost
|-boost|p2a: Irönhead|atk|2
|move|p2a: Irönhead|Iron Head|p1a: Ribombee
|-supereffective|p1a: Ribombee
|-enditem|p1a: Ribombee|Focus Sash
|-damage|p1a: Ribombee|1/100
|
|upkeep
|turn|3
|
|t:|1760454116
|move|p1a: Ribombee|Stun Spore|p2a: Irönhead
|-status|p2a: Irönhead|par
|cant|p2a: Irönhead|par
|
|upkeep
|turn|4
|
|t:|1760454124
|switch|p1a: Kingambit|Kingambit, F|100/100
|-activate|p1a: Kingambit|ability: Supreme Overlord
|-start|p1a: Kingambit|fallen1|[silent]
|move|p2a: Irönhead|Stealth Rock|p1a: Kingambit
|-sidestart|p1: niccommoc|move: Stealth Rock
|
|upkeep
|turn|5
|
|t:|1760454142
|move|p1a: Kingambit|Sucker Punch|p2a: Irönhead
|-resisted|p2a: Irönhead
|-damage|p2a: Irönhead|0 fnt
|faint|p2a: Irönhead
|
|upkeep
|
|t:|1760454146
|switch|p2a: Apacherunt|Pecharunt|100/100
|-sideend|p2: Swagataka|move: Toxic Spikes|[of] p2a: Apacherunt
|turn|6
|
|t:|1760454151
|move|p2a: Apacherunt|Parting Shot|p1a: Kingambit
|-unboost|p1a: Kingambit|atk|1
|-unboost|p1a: Kingambit|spa|1
|
|t:|1760454154
|switch|p2a: Quack Sabbath|Quaquaval, F|100/100|[from] Parting Shot
|move|p1a: Kingambit|Swords Dance|p1a: Kingambit
|-boost|p1a: Kingambit|atk|2
|
|upkeep
|turn|7
|
|t:|1760454161
|-terastallize|p1a: Kingambit|Ghost
|move|p2a: Quack Sabbath|Encore|p1a: Kingambit
|-start|p1a: Kingambit|Encore
|move|p1a: Kingambit|Swords Dance|p1a: Kingambit
|-boost|p1a: Kingambit|atk|2
|
|upkeep
|turn|8
|
|t:|1760454169
|switch|p2a: Apacherunt|Pecharunt|100/100
|-item|p2a: Apacherunt|Air Balloon
|-end|p1a: Kingambit|fallen1|[silent]
|switch|p1a: Ribombee|Ribombee, M|1/100
|-damage|p1a: Ribombee|0 fnt|[from] Stealth Rock
|faint|p1a: Ribombee
|
|upkeep
|j| quero chorizo
|
|t:|1760454182
|switch|p1a: Gholdengo|Gholdengo, shiny|100/100
|-damage|p1a: Gholdengo|94/100|[from] Stealth Rock
|-item|p1a: Gholdengo|Air Balloon
|turn|9
|
|t:|1760454186
|move|p2a: Apacherunt|Shadow Ball|p1a: Gholdengo
|-supereffective|p1a: Gholdengo
|-damage|p1a: Gholdengo|0 fnt
|-enditem|p1a: Gholdengo|Air Balloon
|faint|p1a: Gholdengo
|
|upkeep
|
|t:|1760454194
|switch|p1a: Kingambit|Kingambit, F, tera:Ghost|100/100
|-damage|p1a: Kingambit|88/100|[from] Stealth Rock
|-activate|p1a: Kingambit|ability: Supreme Overlord
|-start|p1a: Kingambit|fallen3|[silent]
|turn|10
|
|t:|1760454199
|switch|p2a: Quack Sabbath|Quaquaval, F|100/100
|move|p1a: Kingambit|Kowtow Cleave|p2a: Quack Sabbath
|-resisted|p2a: Quack Sabbath
|-damage|p2a: Quack Sabbath|56/100
|
|-heal|p2a: Quack Sabbath|62/100|[from] item: Leftovers
|upkeep
|turn|11
|
|t:|1760454207
|-end|p1a: Kingambit|fallen3|[silent]
|switch|p1a: Serperior|Serperior, M|100/100
|-damage|p1a: Serperior|88/100|[from] Stealth Rock
|move|p2a: Quack Sabbath|Aqua Step|p1a: Serperior
|-resisted|p1a: Serperior
|-damage|p1a: Serperior|63/100
|-boost|p2a: Quack Sabbath|spe|1
|
|-heal|p2a: Quack Sabbath|68/100|[from] item: Leftovers
|-heal|p1a: Serperior|70/100|[from] item: Leftovers
|upkeep
|turn|12
|
|t:|1760454212
|move|p2a: Quack Sabbath|Close Combat|p1a: Serperior
|-damage|p1a: Serperior|3/100
|-unboost|p2a: Quack Sabbath|def|1
|-unboost|p2a: Quack Sabbath|spd|1
|move|p1a: Serperior|Leaf Storm|p2a: Quack Sabbath
|-supereffective|p2a: Quack Sabbath
|-damage|p2a: Quack Sabbath|0 fnt
|-boost|p1a: Serperior|spa|2
|faint|p2a: Quack Sabbath
|
|-heal|p1a: Serperior|9/100|[from] item: Leftovers
|upkeep
|
|t:|1760454218
|switch|p2a: R.E.G.R.E.M.I.X|Regigigas, shiny|100/100
|-start|p2a: R.E.G.R.E.M.I.X|ability: Slow Start
|turn|13
|
|t:|1760454223
|move|p1a: Serperior|Leaf Storm|p2a: R.E.G.R.E.M.I.X
|-damage|p2a: R.E.G.R.E.M.I.X|27/100
|-boost|p1a: Serperior|spa|2
|move|p2a: R.E.G.R.E.M.I.X|Earth Power|p1a: Serperior
|-resisted|p1a: Serperior
|-damage|p1a: Serperior|0 fnt
|faint|p1a: Serperior
|
|upkeep
|
|t:|1760454229
|switch|p1a: Arcanine|Arcanine-Hisui, F|100/100
|-damage|p1a: Arcanine|76/100|[from] Stealth Rock
|turn|14
|
|t:|1760454239
|move|p1a: Arcanine|Close Combat|p2a: R.E.G.R.E.M.I.X
|-supereffective|p2a: R.E.G.R.E.M.I.X
|-damage|p2a: R.E.G.R.E.M.I.X|0 fnt
|-unboost|p1a: Arcanine|def|1
|-unboost|p1a: Arcanine|spd|1
|faint|p2a: R.E.G.R.E.M.I.X
|
|upkeep
|
|t:|1760454241
|switch|p2a: Apacherunt|Pecharunt|100/100
|-item|p2a: Apacherunt|Air Balloon
|turn|15
|
|t:|1760454247
|switch|p1a: Kingambit|Kingambit, F, tera:Ghost|88/100
|-damage|p1a: Kingambit|76/100|[from] Stealth Rock
|-activate|p1a: Kingambit|ability: Supreme Overlord
|-start|p1a: Kingambit|fallen4|[silent]
|move|p2a: Apacherunt|Shadow Ball|p1a: Kingambit
|-supereffective|p1a: Kingambit
|-damage|p1a: Kingambit|0 fnt
|faint|p1a: Kingambit
|-end|p1a: Kingambit|fallen4|[silent]
|
|upkeep
|-message|niccommoc forfeited.
|
|win|Swagataka
|raw|niccommoc's rating: 1517 &rarr; <strong>1500</strong><br />(-17 for losing)
|raw|Swagataka's rating: 1567 &rarr; <strong>1584</strong><br />(+17 for winning)
|l|☆niccommoc
|player|p1|
|l|☆Swagataka
|player|p2|
|l| quero chorizo
