|j|☆baronforneus
|j|☆ShrimpFood
|t:|1760379716
|gametype|singles
|player|p1|baronforneus|juggler|1087
|player|p2|ShrimpFood|266|1075
|gen|9
|tier|[Gen 9] OU
|rated|
|rule|HP Percentage Mod: HP is shown in percentages
|rule|Endless Battle Clause: Forcing endless battles is banned
|rule|Species Clause: Limit one of each Pokémon
|rule|OHKO Clause: OHKO moves are banned
|rule|Evasion Items Clause: Evasion items are banned
|rule|Evasion Moves Clause: Evasion moves are banned
|rule|Evasion Abilities Clause: Evasion abilities are banned
|rule|Sleep Moves Clause: Sleep-inducing moves are banned
|clearpoke
|poke|p1|Ursaluna, M|
|poke|p1|Azumarill, F|
|poke|p1|Weezing-Galar, M|
|poke|p1|Raging Bolt|
|poke|p1|Alomomola, M|
|poke|p1|Iron Treads|
|poke|p2|Samurott-Hisui, F|
|poke|p2|Mandibuzz, F|
|poke|p2|Meowscarada, F|
|poke|p2|Sableye, F|
|poke|p2|Hydreigon, M|
|poke|p2|Kingambit, F|
|teampreview
|
|t:|1760379742
|teamsize|p1|6
|teamsize|p2|6
|start
|switch|p1a: Poo in Woods?|Ursaluna, M|100/100
|switch|p2a: Samurott|Samurott-Hisui, F, shiny|100/100
|turn|1
|c|☆ShrimpFood|mb for taking so long
|
|t:|1760379760
|move|p2a: Samurott|Ceaseless Edge|p1a: Poo in Woods?
|-damage|p1a: Poo in Woods?|66/100
|-sidestart|p1: baronforneus|Spikes
|move|p1a: Poo in Woods?|Swords Dance|p1a: Poo in Woods?
|-boost|p1a: Poo in Woods?|atk|2
|
|-status|p1a: Poo in Woods?|brn|[from] item: Flame Orb
|upkeep
|turn|2
|
|t:|1760379771
|move|p2a: Samurott|Encore|p1a: Poo in Woods?
|-start|p1a: Poo in Woods?|Encore
|move|p1a: Poo in Woods?|Swords Dance|p1a: Poo in Woods?
|-boost|p1a: Poo in Woods?|atk|2
|
|-damage|p1a: Poo in Woods?|60/100 brn|[from] brn
|upkeep
|turn|3
|
|t:|1760379789
|switch|p1a: Raijuu|Raging Bolt|100/100
|-damage|p1a: Raijuu|88/100|[from] Spikes
|-enditem|p1a: Raijuu|Booster Energy
|-activate|p1a: Raijuu|ability: Protosynthesis|[fromitem]
|-start|p1a: Raijuu|protosynthesisspa
|move|p2a: Samurott|Ceaseless Edge|p1a: Raijuu
|-damage|p1a: Raijuu|50/100
|-sidestart|p1: baronforneus|Spikes
|
|upkeep
|turn|4
|
|t:|1760379806
|move|p2a: Samurott|Ceaseless Edge|p1a: Raijuu
|-damage|p1a: Raijuu|11/100
|-sidestart|p1: baronforneus|Spikes
|move|p1a: Raijuu|Volt Switch|p2a: Samurott
|-supereffective|p2a: Samurott
|-enditem|p2a: Samurott|Focus Sash
|-damage|p2a: Samurott|1/100
|
|t:|1760379818
|-end|p1a: Raijuu|Protosynthesis|[silent]
|switch|p1a: Sir Toppenhat|Weezing-Galar, M|100/100|[from] Volt Switch
|-ability|p1a: Sir Toppenhat|Neutralizing Gas
|
|upkeep
|turn|5
|
|t:|1760379828
|move|p2a: Samurott|Aqua Cutter|p1a: Sir Toppenhat
|-damage|p1a: Sir Toppenhat|74/100
|move|p1a: Sir Toppenhat|Defog|p2a: Samurott
|-unboost|p2a: Samurott|evasion|1
|-sideend|p1: baronforneus|Spikes|[from] move: Defog|[of] p1a: Sir Toppenhat
|
|upkeep
|turn|6
|
|t:|1760379836
|move|p2a: Samurott|Encore|p1a: Sir Toppenhat
|-start|p1a: Sir Toppenhat|Encore
|move|p1a: Sir Toppenhat|Defog|p2a: Samurott
|-unboost|p2a: Samurott|evasion|1
|
|upkeep
|turn|7
|
|t:|1760379843
|-end|p1a: Sir Toppenhat|ability: Neutralizing Gas
|switch|p1a: Iron Treads|Iron Treads|100/100
|-enditem|p1a: Iron Treads|Booster Energy
|-activate|p1a: Iron Treads|ability: Quark Drive|[fromitem]
|-start|p1a: Iron Treads|quarkdrivedef
|move|p2a: Samurott|Aqua Cutter|p1a: Iron Treads
|-supereffective|p1a: Iron Treads
|-damage|p1a: Iron Treads|48/100
|
|upkeep
|turn|8
|
|t:|1760379854
|-terastallize|p1a: Iron Treads|Fighting
|move|p2a: Samurott|Aqua Jet|p1a: Iron Treads
|-damage|p1a: Iron Treads|38/100
|move|p1a: Iron Treads|Body Press|p2a: Samurott
|-supereffective|p2a: Samurott
|-damage|p2a: Samurott|0 fnt
|faint|p2a: Samurott
|
|upkeep
|
|t:|1760379864
|switch|p2a: Mandibuzz|Mandibuzz, F|100/100
|turn|9
|
|t:|1760379874
|move|p1a: Iron Treads|Body Press|p2a: Mandibuzz
|-damage|p2a: Mandibuzz|67/100
|move|p2a: Mandibuzz|Brave Bird|p1a: Iron Treads
|-supereffective|p1a: Iron Treads
|-damage|p1a: Iron Treads|8/100
|-damage|p2a: Mandibuzz|59/100|[from] Recoil
|
|-heal|p2a: Mandibuzz|65/100|[from] item: Leftovers
|upkeep
|turn|10
|
|t:|1760379889
|-end|p1a: Iron Treads|Quark Drive|[silent]
|switch|p1a: Alomomololo|Alomomola, M|100/100
|move|p2a: Mandibuzz|Brave Bird|p1a: Alomomololo
|-damage|p1a: Alomomololo|77/100
|-damage|p2a: Mandibuzz|55/100|[from] Recoil
|
|-heal|p1a: Alomomololo|83/100|[from] item: Leftovers
|-heal|p2a: Mandibuzz|62/100|[from] item: Leftovers
|upkeep
|turn|11
|
|t:|1760379899
|move|p1a: Alomomololo|Wish|p1a: Alomomololo
|move|p2a: Mandibuzz|Toxic|p1a: Alomomololo
|-status|p1a: Alomomololo|tox
|
|-heal|p1a: Alomomololo|89/100 tox|[from] item: Leftovers
|-heal|p2a: Mandibuzz|68/100|[from] item: Leftovers
|-damage|p1a: Alomomololo|83/100 tox|[from] psn
|upkeep
|turn|12
|
|t:|1760379910
|move|p1a: Alomomololo|Flip Turn|p2a: Mandibuzz
|-damage|p2a: Mandibuzz|55/100
|
|t:|1760379917
|switch|p1a: Poo in Woods?|Ursaluna, M|60/100 brn|[from] Flip Turn
|move|p2a: Mandibuzz|Brave Bird|p1a: Poo in Woods?
|-damage|p1a: Poo in Woods?|36/100 brn
|-damage|p2a: Mandibuzz|47/100|[from] Recoil
|
|-heal|p1a: Poo in Woods?|100/100 brn|[from] move: Wish|[wisher] Alomomololo
|-heal|p2a: Mandibuzz|54/100|[from] item: Leftovers
|-damage|p1a: Poo in Woods?|94/100 brn|[from] brn
|upkeep
|turn|13
|
|t:|1760379929
|move|p2a: Mandibuzz|Toxic||[still]
|-fail|p2a: Mandibuzz
|move|p1a: Poo in Woods?|Seed Bomb|p2a: Mandibuzz
|-resisted|p2a: Mandibuzz
|-damage|p2a: Mandibuzz|36/100
|
|-heal|p2a: Mandibuzz|42/100|[from] item: Leftovers
|-damage|p1a: Poo in Woods?|88/100 brn|[from] brn
|upkeep
|turn|14
|
|t:|1760379938
|move|p2a: Mandibuzz|Roost|p2a: Mandibuzz
|-heal|p2a: Mandibuzz|92/100
|-singleturn|p2a: Mandibuzz|move: Roost
|move|p1a: Poo in Woods?|Facade|p2a: Mandibuzz
|-damage|p2a: Mandibuzz|0 fnt
|faint|p2a: Mandibuzz
|
|-damage|p1a: Poo in Woods?|82/100 brn|[from] brn
|upkeep
|
|t:|1760379955
|switch|p2a: Meowscarada|Meowscarada, F|100/100
|turn|15
|
|t:|1760379968
|move|p2a: Meowscarada|Flower Trick|p1a: Poo in Woods?
|-start|p2a: Meowscarada|typechange|Grass|[from] ability: Protean
|-supereffective|p1a: Poo in Woods?
|-crit|p1a: Poo in Woods?
|-damage|p1a: Poo in Woods?|9/100 brn
|move|p1a: Poo in Woods?|Swords Dance|p1a: Poo in Woods?
|-boost|p1a: Poo in Woods?|atk|2
|
|-damage|p1a: Poo in Woods?|3/100 brn|[from] brn
|upkeep
|turn|16
|
|t:|1760379980
|switch|p1a: Sir Toppenhat|Weezing-Galar, M|74/100
|-ability|p1a: Sir Toppenhat|Neutralizing Gas
|move|p2a: Meowscarada|Flower Trick|p1a: Sir Toppenhat
|-resisted|p1a: Sir Toppenhat
|-crit|p1a: Sir Toppenhat
|-damage|p1a: Sir Toppenhat|53/100
|
|upkeep
|turn|17
|
|t:|1760379991
|switch|p2a: Sableye|Sableye, F|100/100
|move|p1a: Sir Toppenhat|Strange Steam|p2a: Sableye
|-supereffective|p2a: Sableye
|-damage|p2a: Sableye|44/100
|-start|p2a: Sableye|confusion
|
|-heal|p2a: Sableye|50/100|[from] item: Leftovers
|upkeep
|turn|18
|
|t:|1760380001
|move|p1a: Sir Toppenhat|Strange Steam|p2a: Sableye
|-supereffective|p2a: Sableye
|-damage|p2a: Sableye|0 fnt
|faint|p2a: Sableye
|
|upkeep
|
|t:|1760380013
|switch|p2a: Kingambit|Kingambit, F|100/100
|turn|19
|c|☆ShrimpFood|please dont use willow wisp
|
|t:|1760380035
|-end|p1a: Sir Toppenhat|ability: Neutralizing Gas
|-activate|p2a: Kingambit|ability: Supreme Overlord
|-start|p2a: Kingambit|fallen3|[silent]
|switch|p1a: Iron Treads|Iron Treads, tera:Fighting|8/100
|move|p2a: Kingambit|Iron Head|p1a: Iron Treads
|-damage|p1a: Iron Treads|0 fnt
|faint|p1a: Iron Treads
|-end|p1a: Iron Treads|Quark Drive|[silent]
|
|upkeep
|
|t:|1760380052
|switch|p1a: Alomomololo|Alomomola, M|100/100 tox
|turn|20
|
|t:|1760380059
|move|p1a: Alomomololo|Wish|p1a: Alomomololo
|move|p2a: Kingambit|Swords Dance|p2a: Kingambit
|-boost|p2a: Kingambit|atk|2
|
|-damage|p1a: Alomomololo|94/100 tox|[from] psn
|upkeep
|turn|21
|
|t:|1760380073
|move|p2a: Kingambit|Sucker Punch|p1a: Alomomololo
|-damage|p1a: Alomomololo|0 fnt
|faint|p1a: Alomomololo
|
|upkeep
|
|t:|1760380077
|switch|p1a: Sir Toppenhat|Weezing-Galar, M|53/100
|-ability|p1a: Sir Toppenhat|Neutralizing Gas
|turn|22
|
|t:|1760380087
|move|p1a: Sir Toppenhat|Clear Smog|p2a: Kingambit
|-immune|p2a: Kingambit
|move|p2a: Kingambit|Iron Head|p1a: Sir Toppenhat
|-supereffective|p1a: Sir Toppenhat
|-damage|p1a: Sir Toppenhat|0 fnt
|faint|p1a: Sir Toppenhat
|-end|p1a: Sir Toppenhat|ability: Neutralizing Gas
|-activate|p2a: Kingambit|ability: Supreme Overlord
|-start|p2a: Kingambit|fallen3|[silent]
|
|upkeep
|
|t:|1760380094
|switch|p1a: Pikablu|Azumarill, F, shiny|100/100
|turn|23
|
|t:|1760380102
|move|p2a: Kingambit|Iron Head|p1a: Pikablu
|-damage|p1a: Pikablu|0 fnt
|-damage|p2a: Kingambit|84/100|[from] item: Rocky Helmet|[of] p1a: Pikablu
|faint|p1a: Pikablu
|
|upkeep
|
|t:|1760380105
|switch|p1a: Raijuu|Raging Bolt|11/100
|turn|24
|
|t:|1760380114
|move|p1a: Raijuu|Thunderclap|p2a: Kingambit
|-damage|p2a: Kingambit|46/100
|move|p2a: Kingambit|Kowtow Cleave|p1a: Raijuu
|-damage|p1a: Raijuu|0 fnt
|faint|p1a: Raijuu
|-end|p1a: Raijuu|Protosynthesis|[silent]
|
|upkeep
|
|t:|1760380119
|switch|p1a: Poo in Woods?|Ursaluna, M|3/100 brn
|turn|25
|
|t:|1760380123
|move|p2a: Kingambit|Sucker Punch|p1a: Poo in Woods?
|-damage|p1a: Poo in Woods?|0 fnt
|faint|p1a: Poo in Woods?
|
|win|ShrimpFood
|raw|baronforneus's rating: 1087 &rarr; <strong>1063</strong><br />(-24 for losing)
|raw|ShrimpFood's rating: 1075 &rarr; <strong>1105</strong><br />(+30 for winning)
|l|☆baronforneus
|player|p1|
|c|☆ShrimpFood|GGS
