|j|☆China sanxie
|j|☆Rescuer97
|t:|1760340490
|gametype|singles
|player|p1|China sanxie|1|1212
|player|p2|Rescuer97|giovanni|1161
|gen|9
|tier|[Gen 9] OU
|rated|
|rule|HP Percentage Mod: HP is shown in percentages
|rule|Endless Battle Clause: Forcing endless battles is banned
|rule|Species Clause: Limit one of each Pokémon
|rule|OHKO Clause: OHKO moves are banned
|rule|Evasion Items Clause: Evasion items are banned
|rule|Evasion Moves Clause: Evasion moves are banned
|rule|Evasion Abilities Clause: Evasion abilities are banned
|rule|Sleep Moves Clause: Sleep-inducing moves are banned
|clearpoke
|poke|p1|Iron Hands|
|poke|p1|Pawmot, M|
|poke|p1|Kingambit, F|
|poke|p1|Jirachi|
|poke|p1|Hoopa-Unbound|
|poke|p1|Cresselia, F|
|poke|p2|Toxapex, M|
|poke|p2|Clodsire, F|
|poke|p2|Corviknight, M|
|poke|p2|Dondozo, F|
|poke|p2|Blissey, F|
|poke|p2|Ting-Lu|
|teampreview
|
|t:|1760340500
|teamsize|p1|6
|teamsize|p2|6
|start
|switch|p1a: Iron Hands|Iron Hands|100/100
|switch|p2a: Toxapex|Toxapex, M|100/100
|-enditem|p1a: Iron Hands|Booster Energy
|-activate|p1a: Iron Hands|ability: Quark Drive|[fromitem]
|-start|p1a: Iron Hands|quarkdriveatk
|turn|1
|
|t:|1760340512
|move|p1a: Iron Hands|Swords Dance|p1a: Iron Hands
|-boost|p1a: Iron Hands|atk|2
|move|p2a: Toxapex|Toxic|p1a: Iron Hands
|-status|p1a: Iron Hands|tox
|
|-damage|p1a: Iron Hands|94/100 tox|[from] psn
|upkeep
|turn|2
|
|t:|1760340522
|move|p1a: Iron Hands|Ice Punch|p2a: Toxapex
|-resisted|p2a: Toxapex
|-damage|p2a: Toxapex|79/100
|move|p2a: Toxapex|Haze|p2a: Toxapex
|-clearallboost
|
|-heal|p2a: Toxapex|85/100|[from] item: Black Sludge
|-damage|p1a: Iron Hands|82/100 tox|[from] psn
|upkeep
|turn|3
|
|t:|1760340533
|move|p1a: Iron Hands|Swords Dance|p1a: Iron Hands
|-boost|p1a: Iron Hands|atk|2
|move|p2a: Toxapex|Surf|p1a: Iron Hands
|-damage|p1a: Iron Hands|67/100 tox
|
|-heal|p2a: Toxapex|91/100|[from] item: Black Sludge
|-damage|p1a: Iron Hands|48/100 tox|[from] psn
|upkeep
|turn|4
|
|t:|1760340544
|move|p1a: Iron Hands|Supercell Slam|p2a: Toxapex
|-supereffective|p2a: Toxapex
|-damage|p2a: Toxapex|0 fnt
|faint|p2a: Toxapex
|
|-damage|p1a: Iron Hands|23/100 tox|[from] psn
|upkeep
|
|t:|1760340553
|switch|p2a: Clodsire|Clodsire, F|100/100
|turn|5
|
|t:|1760340562
|move|p1a: Iron Hands|Ice Punch|p2a: Clodsire
|-supereffective|p2a: Clodsire
|-damage|p2a: Clodsire|27/100
|move|p2a: Clodsire|Spikes|p1a: Iron Hands
|-sidestart|p1: China sanxie|Spikes
|
|-heal|p2a: Clodsire|33/100|[from] item: Leftovers
|-damage|p1a: Iron Hands|0 fnt|[from] psn
|faint|p1a: Iron Hands
|-end|p1a: Iron Hands|Quark Drive|[silent]
|upkeep
|
|t:|1760340576
|switch|p1a: Hoopa|Hoopa-Unbound|100/100
|-damage|p1a: Hoopa|88/100|[from] Spikes
|turn|6
|
|t:|1760340587
|move|p1a: Hoopa|Psychic Noise|p2a: Clodsire
|-supereffective|p2a: Clodsire
|-damage|p2a: Clodsire|0 fnt
|faint|p2a: Clodsire
|
|upkeep
|
|t:|1760340598
|switch|p2a: Blissey|Blissey, F|100/100
|turn|7
|
|t:|1760340606
|move|p1a: Hoopa|Drain Punch|p2a: Blissey
|-supereffective|p2a: Blissey
|-damage|p2a: Blissey|57/100
|-heal|p1a: Hoopa|100/100|[from] drain|[of] p2a: Blissey
|move|p2a: Blissey|Thunder Wave|p1a: Hoopa
|-status|p1a: Hoopa|par
|
|upkeep
|turn|8
|
|t:|1760340617
|move|p2a: Blissey|Seismic Toss|p1a: Hoopa
|-damage|p1a: Hoopa|73/100 par
|move|p1a: Hoopa|Drain Punch|p2a: Blissey
|-supereffective|p2a: Blissey
|-damage|p2a: Blissey|8/100
|-heal|p1a: Hoopa|100/100 par|[from] drain|[of] p2a: Blissey
|
|upkeep
|turn|9
|
|t:|1760340625
|move|p2a: Blissey|Soft-Boiled|p2a: Blissey
|-heal|p2a: Blissey|58/100
|move|p1a: Hoopa|Dark Pulse|p2a: Blissey
|-damage|p2a: Blissey|42/100
|
|upkeep
|turn|10
|
|t:|1760340631
|move|p2a: Blissey|Soft-Boiled|p2a: Blissey
|-heal|p2a: Blissey|92/100
|move|p1a: Hoopa|Drain Punch|p2a: Blissey
|-supereffective|p2a: Blissey
|-damage|p2a: Blissey|51/100
|
|upkeep
|turn|11
|
|t:|1760340637
|move|p2a: Blissey|Soft-Boiled|p2a: Blissey
|-heal|p2a: Blissey|100/100
|move|p1a: Hoopa|Drain Punch|p2a: Blissey
|-supereffective|p2a: Blissey
|-damage|p2a: Blissey|53/100
|
|upkeep
|turn|12
|
|t:|1760340645
|move|p2a: Blissey|Soft-Boiled|p2a: Blissey
|-heal|p2a: Blissey|100/100
|move|p1a: Hoopa|Drain Punch|p2a: Blissey
|-supereffective|p2a: Blissey
|-damage|p2a: Blissey|56/100
|
|upkeep
|turn|13
|
|t:|1760340652
|move|p2a: Blissey|Seismic Toss|p1a: Hoopa
|-damage|p1a: Hoopa|73/100 par
|move|p1a: Hoopa|Drain Punch|p2a: Blissey
|-supereffective|p2a: Blissey
|-damage|p2a: Blissey|14/100
|-heal|p1a: Hoopa|100/100 par|[from] drain|[of] p2a: Blissey
|
|upkeep
|turn|14
|
|t:|1760340662
|move|p2a: Blissey|Soft-Boiled|p2a: Blissey
|-heal|p2a: Blissey|64/100
|move|p1a: Hoopa|Drain Punch|p2a: Blissey
|-supereffective|p2a: Blissey
|-damage|p2a: Blissey|20/100
|
|upkeep
|turn|15
|
|t:|1760340668
|move|p2a: Blissey|Soft-Boiled|p2a: Blissey
|-heal|p2a: Blissey|70/100
|move|p1a: Hoopa|Drain Punch|p2a: Blissey
|-supereffective|p2a: Blissey
|-damage|p2a: Blissey|23/100
|
|upkeep
|turn|16
|
|t:|1760340677
|switch|p2a: Ting-Lu|Ting-Lu|100/100
|-ability|p2a: Ting-Lu|Vessel of Ruin
|move|p1a: Hoopa|Drain Punch|p2a: Ting-Lu
|-supereffective|p2a: Ting-Lu
|-damage|p2a: Ting-Lu|74/100
|
|-heal|p2a: Ting-Lu|80/100|[from] item: Leftovers
|upkeep
|turn|17
|
|t:|1760340687
|move|p2a: Ting-Lu|Stealth Rock|p1a: Hoopa
|-sidestart|p1: China sanxie|move: Stealth Rock
|cant|p1a: Hoopa|par
|
|-heal|p2a: Ting-Lu|86/100|[from] item: Leftovers
|upkeep
|turn|18
|
|t:|1760340695
|move|p2a: Ting-Lu|Ruination|p1a: Hoopa
|-damage|p1a: Hoopa|50/100 par
|-enditem|p1a: Hoopa|Sitrus Berry|[eat]
|-heal|p1a: Hoopa|75/100 par|[from] item: Sitrus Berry
|cant|p1a: Hoopa|par
|
|-heal|p2a: Ting-Lu|93/100|[from] item: Leftovers
|upkeep
|turn|19
|
|t:|1760340703
|move|p2a: Ting-Lu|Ruination|p1a: Hoopa
|-damage|p1a: Hoopa|38/100 par
|move|p1a: Hoopa|Drain Punch|p2a: Ting-Lu
|-supereffective|p2a: Ting-Lu
|-damage|p2a: Ting-Lu|62/100
|-heal|p1a: Hoopa|60/100 par|[from] drain|[of] p2a: Ting-Lu
|-item|p1a: Hoopa|Leftovers|[from] ability: Magician|[of] p2a: Ting-Lu
|
|-heal|p1a: Hoopa|66/100 par|[from] item: Leftovers
|upkeep
|turn|20
|
|t:|1760340715
|move|p1a: Hoopa|Drain Punch|p2a: Ting-Lu
|-supereffective|p2a: Ting-Lu
|-damage|p2a: Ting-Lu|31/100
|-heal|p1a: Hoopa|88/100 par|[from] drain|[of] p2a: Ting-Lu
|move|p2a: Ting-Lu|Whirlwind|p1a: Hoopa
|drag|p1a: Cresselia|Cresselia, F|100/100
|-damage|p1a: Cresselia|88/100|[from] Stealth Rock
|
|upkeep
|turn|21
|inactive|Battle timer is ON: inactive players will automatically lose when time's up. (requested by Rescuer97)
|
|t:|1760340753
|switch|p1a: Kingambit|Kingambit, F|100/100
|-damage|p1a: Kingambit|88/100|[from] Spikes
|-damage|p1a: Kingambit|82/100|[from] Stealth Rock
|-activate|p1a: Kingambit|ability: Supreme Overlord
|-start|p1a: Kingambit|fallen1|[silent]
|move|p2a: Ting-Lu|Ruination|p1a: Kingambit
|-damage|p1a: Kingambit|41/100
|
|upkeep
|turn|22
|
|t:|1760340765
|move|p1a: Kingambit|Brick Break|p2a: Ting-Lu
|-supereffective|p2a: Ting-Lu
|-damage|p2a: Ting-Lu|0 fnt
|faint|p2a: Ting-Lu
|-damage|p1a: Kingambit|31/100|[from] item: Life Orb
|
|upkeep
|
|t:|1760340774
|switch|p2a: Dondozo|Dondozo, F|100/100
|turn|23
|
|t:|1760340781
|move|p1a: Kingambit|Brick Break|p2a: Dondozo
|-damage|p2a: Dondozo|86/100
|-damage|p1a: Kingambit|21/100|[from] item: Life Orb
|move|p2a: Dondozo|Curse|p2a: Dondozo
|-unboost|p2a: Dondozo|spe|1
|-boost|p2a: Dondozo|atk|1
|-boost|p2a: Dondozo|def|1
|
|-heal|p2a: Dondozo|92/100|[from] item: Leftovers
|upkeep
|turn|24
|
|t:|1760340799
|-end|p1a: Kingambit|fallen1|[silent]
|switch|p1a: Jirachi|Jirachi|100/100
|-damage|p1a: Jirachi|88/100|[from] Spikes
|-damage|p1a: Jirachi|82/100|[from] Stealth Rock
|move|p2a: Dondozo|Wave Crash|p1a: Jirachi
|-damage|p1a: Jirachi|25/100
|-damage|p2a: Dondozo|75/100|[from] item: Rocky Helmet|[of] p1a: Jirachi
|-damage|p2a: Dondozo|63/100|[from] Recoil
|
|-heal|p2a: Dondozo|69/100|[from] item: Leftovers
|upkeep
|turn|25
|
|t:|1760340810
|move|p1a: Jirachi|Charge Beam|p2a: Dondozo
|-supereffective|p2a: Dondozo
|-damage|p2a: Dondozo|50/100
|-boost|p1a: Jirachi|spa|1
|move|p2a: Dondozo|Wave Crash|p1a: Jirachi
|-damage|p1a: Jirachi|0 fnt
|-damage|p2a: Dondozo|33/100|[from] item: Rocky Helmet|[of] p1a: Jirachi
|faint|p1a: Jirachi
|-damage|p2a: Dondozo|28/100|[from] Recoil
|
|-heal|p2a: Dondozo|34/100|[from] item: Leftovers
|upkeep
|
|t:|1760340832
|switch|p1a: Hoopa|Hoopa-Unbound|88/100 par
|-damage|p1a: Hoopa|75/100 par|[from] Spikes
|-damage|p1a: Hoopa|63/100 par|[from] Stealth Rock
|turn|26
|
|t:|1760340844
|cant|p1a: Hoopa|par
|move|p2a: Dondozo|Wave Crash|p1a: Hoopa
|-damage|p1a: Hoopa|0 fnt
|faint|p1a: Hoopa
|-damage|p2a: Dondozo|19/100|[from] Recoil
|
|-heal|p2a: Dondozo|25/100|[from] item: Leftovers
|upkeep
|inactive|China sanxie has 120 seconds left.
|
|t:|1760340875
|switch|p1a: Pawmot|Pawmot, M|100/100
|-damage|p1a: Pawmot|88/100|[from] Spikes
|-damage|p1a: Pawmot|82/100|[from] Stealth Rock
|turn|27
|
|t:|1760340886
|move|p1a: Pawmot|Nuzzle|p2a: Dondozo
|-supereffective|p2a: Dondozo
|-damage|p2a: Dondozo|20/100
|-status|p2a: Dondozo|par
|cant|p2a: Dondozo|par
|
|-heal|p2a: Dondozo|26/100 par|[from] item: Leftovers
|upkeep
|turn|28
|
|t:|1760340894
|move|p1a: Pawmot|Revival Blessing|p1a: Pawmot
|-enditem|p1a: Pawmot|Leppa Berry|[eat]
|-activate|p1a: Pawmot|item: Leppa Berry|Revival Blessing|[consumed]
|
|t:|1760340905
|-heal|p1: Hoopa|50/100|[from] move: Revival Blessing
|move|p2a: Dondozo|Rest|p2a: Dondozo
|-status|p2a: Dondozo|slp|[from] move: Rest
|-heal|p2a: Dondozo|100/100 slp|[silent]
|
|upkeep
|turn|29
|
|t:|1760340921
|move|p1a: Pawmot|Encore|p2a: Dondozo
|-start|p2a: Dondozo|Encore
|cant|p2a: Dondozo|slp
|
|upkeep
|turn|30
|
|t:|1760340937
|switch|p2a: Blissey|Blissey, F|23/100
|move|p1a: Pawmot|Revival Blessing|p1a: Pawmot
|
|t:|1760340941
|-heal|p1: Iron Hands|50/100|[from] move: Revival Blessing
|
|upkeep
|turn|31
|
|t:|1760340954
|move|p1a: Pawmot|Brick Break|p2a: Blissey
|-supereffective|p2a: Blissey
|-damage|p2a: Blissey|0 fnt
|faint|p2a: Blissey
|
|upkeep
|
|t:|1760340960
|switch|p2a: Corviknight|Corviknight, M|100/100
|-ability|p2a: Corviknight|Pressure
|turn|32
|inactive|China sanxie has 120 seconds left.
|
|t:|1760340984
|move|p1a: Pawmot|Nuzzle|p2a: Corviknight
|-supereffective|p2a: Corviknight
|-damage|p2a: Corviknight|91/100
|-status|p2a: Corviknight|par
|move|p2a: Corviknight|Iron Defense|p2a: Corviknight
|-boost|p2a: Corviknight|def|2
|
|-heal|p2a: Corviknight|97/100 par|[from] item: Leftovers
|upkeep
|turn|33
|
|t:|1760340994
|move|p1a: Pawmot|Encore|p2a: Corviknight
|-start|p2a: Corviknight|Encore
|move|p2a: Corviknight|Iron Defense|p2a: Corviknight
|-boost|p2a: Corviknight|def|2
|
|-heal|p2a: Corviknight|100/100 par|[from] item: Leftovers
|upkeep
|turn|34
|
|t:|1760341004
|switch|p1a: Hoopa|Hoopa-Unbound|50/100
|-damage|p1a: Hoopa|38/100|[from] Spikes
|-damage|p1a: Hoopa|26/100|[from] Stealth Rock
|move|p2a: Corviknight|Iron Defense|p2a: Corviknight
|-boost|p2a: Corviknight|def|2
|
|-heal|p1a: Hoopa|32/100|[from] item: Leftovers
|upkeep
|turn|35
|
|t:|1760341016
|switch|p2a: Dondozo|Dondozo, F|100/100 slp
|move|p1a: Hoopa|Dark Pulse|p2a: Dondozo
|-damage|p2a: Dondozo|57/100 slp
|
|-heal|p1a: Hoopa|38/100|[from] item: Leftovers
|-heal|p2a: Dondozo|63/100 slp|[from] item: Leftovers
|upkeep
|turn|36
|
|t:|1760341025
|move|p1a: Hoopa|Dark Pulse|p2a: Dondozo
|-damage|p2a: Dondozo|20/100 slp
|cant|p2a: Dondozo|slp
|move|p2a: Dondozo|Sleep Talk|p2a: Dondozo
|move|p2a: Dondozo|Rest||[from] move: Sleep Talk|[still]
|-fail|p2a: Dondozo
|
|-heal|p1a: Hoopa|44/100|[from] item: Leftovers
|-heal|p2a: Dondozo|26/100 slp|[from] item: Leftovers
|upkeep
|turn|37
|
|t:|1760341035
|move|p1a: Hoopa|Dark Pulse|p2a: Dondozo
|-damage|p2a: Dondozo|0 fnt
|faint|p2a: Dondozo
|
|-heal|p1a: Hoopa|50/100|[from] item: Leftovers
|upkeep
|-message|Rescuer97 forfeited.
|
|win|China sanxie
|raw|China sanxie's rating: 1212 &rarr; <strong>1233</strong><br />(+21 for winning)
|raw|Rescuer97's rating: 1161 &rarr; <strong>1140</strong><br />(-21 for losing)
|l|☆Rescuer97
|player|p2|
|l|☆China sanxie
|player|p1|
