|j|☆Buttsnow
|j|☆avettski
|t:|1760415737
|gametype|singles
|player|p1|Buttsnow|acetrainer-gen4dp|1139
|player|p2|avettski|2|1198
|gen|9
|tier|[Gen 9] OU
|rated|
|rule|HP Percentage Mod: HP is shown in percentages
|rule|Endless Battle Clause: Forcing endless battles is banned
|rule|Species Clause: Limit one of each Pokémon
|rule|OHKO Clause: OHKO moves are banned
|rule|Evasion Items Clause: Evasion items are banned
|rule|Evasion Moves Clause: Evasion moves are banned
|rule|Evasion Abilities Clause: Evasion abilities are banned
|rule|Sleep Moves Clause: Sleep-inducing moves are banned
|clearpoke
|poke|p1|Iron Valiant|
|poke|p1|Cloyster, M|
|poke|p1|Dragonite, M|
|poke|p1|Blaziken, M|
|poke|p1|Latios, M|
|poke|p1|Metagross|
|poke|p2|Garganacl, M|
|poke|p2|Gholdengo|
|poke|p2|Weavile, M|
|poke|p2|Glimmora, F|
|poke|p2|Salamence, M|
|poke|p2|Greninja-*, M|
|teampreview
|inactive|Battle timer is ON: inactive players will automatically lose when time's up. (requested by avettski)
|
|t:|1760415767
|teamsize|p1|6
|teamsize|p2|6
|start
|switch|p1a: Cloyster|Cloyster, M, shiny|100/100
|switch|p2a: Glimmora|Glimmora, F, shiny|100/100
|turn|1
|
|t:|1760415781
|move|p2a: Glimmora|Stealth Rock|p1a: Cloyster
|-sidestart|p1: Buttsnow|move: Stealth Rock
|move|p1a: Cloyster|Shell Smash|p1a: Cloyster
|-unboost|p1a: Cloyster|def|1
|-unboost|p1a: Cloyster|spd|1
|-boost|p1a: Cloyster|atk|2
|-boost|p1a: Cloyster|spa|2
|-boost|p1a: Cloyster|spe|2
|
|upkeep
|turn|2
|
|t:|1760415793
|move|p1a: Cloyster|Liquidation|p2a: Glimmora
|-supereffective|p2a: Glimmora
|-enditem|p2a: Glimmora|Focus Sash
|-damage|p2a: Glimmora|1/100
|-activate|p2a: Glimmora|ability: Toxic Debris
|-sidestart|p1: Buttsnow|move: Toxic Spikes
|move|p2a: Glimmora|Sludge Bomb|p1a: Cloyster
|-enditem|p1a: Cloyster|Focus Sash
|-damage|p1a: Cloyster|1/100
|
|upkeep
|turn|3
|
|t:|1760415804
|move|p1a: Cloyster|Liquidation|p2a: Glimmora
|-supereffective|p2a: Glimmora
|-damage|p2a: Glimmora|0 fnt
|-activate|p2a: Glimmora|ability: Toxic Debris
|-sidestart|p1: Buttsnow|move: Toxic Spikes
|faint|p2a: Glimmora
|
|upkeep
|
|t:|1760415811
|switch|p2a: Weavile|Weavile, M, shiny|100/100
|turn|4
|
|t:|1760415821
|move|p2a: Weavile|Fake Out|p1a: Cloyster
|-damage|p1a: Cloyster|0 fnt
|faint|p1a: Cloyster
|
|upkeep
|
|t:|1760415836
|switch|p1a: Blaziken|Blaziken, M, shiny|100/100
|turn|5
|
|t:|1760415844
|move|p2a: Weavile|Knock Off|p1a: Blaziken
|-resisted|p1a: Blaziken
|-damage|p1a: Blaziken|63/100
|-enditem|p1a: Blaziken|Heavy-Duty Boots|[from] move: Knock Off|[of] p2a: Weavile
|move|p1a: Blaziken|Swords Dance|p1a: Blaziken
|-boost|p1a: Blaziken|atk|2
|
|-ability|p1a: Blaziken|Speed Boost|boost
|-boost|p1a: Blaziken|spe|1
|upkeep
|turn|6
|
|t:|1760415863
|switch|p2a: Salamence|Salamence, M, shiny|100/100
|move|p1a: Blaziken|Swords Dance|p1a: Blaziken
|-boost|p1a: Blaziken|atk|2
|
|-ability|p1a: Blaziken|Speed Boost|boost
|-boost|p1a: Blaziken|spe|1
|upkeep
|turn|7
|
|t:|1760415876
|move|p1a: Blaziken|Fire Punch|p2a: Salamence
|-resisted|p2a: Salamence
|-damage|p2a: Salamence|27/100
|move|p2a: Salamence|Dual Wingbeat|p1a: Blaziken
|-supereffective|p1a: Blaziken
|-damage|p1a: Blaziken|1/100
|-supereffective|p1a: Blaziken
|-damage|p1a: Blaziken|0 fnt
|faint|p1a: Blaziken
|-ability|p2a: Salamence|Moxie|boost
|-boost|p2a: Salamence|atk|1
|-hitcount|p1: Blaziken|2
|
|upkeep
|
|t:|1760415881
|switch|p1a: Latios|Latios, M, shiny|100/100
|-damage|p1a: Latios|88/100|[from] Stealth Rock
|turn|8
|
|t:|1760415891
|move|p1a: Latios|Luster Purge|p2a: Salamence
|-damage|p2a: Salamence|0 fnt
|faint|p2a: Salamence
|
|upkeep
|
|t:|1760415896
|switch|p2a: Greninja|Greninja, M, shiny|100/100
|turn|9
|
|t:|1760415905
|switch|p1a: Metagross|Metagross, shiny|100/100
|-damage|p1a: Metagross|94/100|[from] Stealth Rock
|move|p2a: Greninja|Swords Dance|p2a: Greninja
|-boost|p2a: Greninja|atk|2
|
|upkeep
|turn|10
|
|t:|1760415913
|move|p2a: Greninja|Night Slash|p1a: Metagross
|-supereffective|p1a: Metagross
|-crit|p1a: Metagross
|-damage|p1a: Metagross|0 fnt
|-damage|p2a: Greninja|84/100|[from] item: Rocky Helmet|[of] p1a: Metagross
|faint|p1a: Metagross
|-damage|p2a: Greninja|74/100|[from] item: Life Orb
|
|upkeep
|
|t:|1760415925
|switch|p1a: Iron Valiant|Iron Valiant, shiny|100/100
|-damage|p1a: Iron Valiant|94/100|[from] Stealth Rock
|-status|p1a: Iron Valiant|tox
|-enditem|p1a: Iron Valiant|Booster Energy
|-activate|p1a: Iron Valiant|ability: Quark Drive|[fromitem]
|-start|p1a: Iron Valiant|quarkdrivespe
|turn|11
|
|t:|1760415939
|-terastallize|p2a: Greninja|Ghost
|move|p1a: Iron Valiant|Drain Punch|p2a: Greninja
|-immune|p2a: Greninja
|move|p2a: Greninja|Liquidation|p1a: Iron Valiant
|-damage|p1a: Iron Valiant|0 fnt
|faint|p1a: Iron Valiant
|-end|p1a: Iron Valiant|Quark Drive|[silent]
|-damage|p2a: Greninja|64/100|[from] item: Life Orb
|
|upkeep
|
|t:|1760415952
|switch|p1a: Dragonite|Dragonite, M, shiny|100/100
|-damage|p1a: Dragonite|76/100|[from] Stealth Rock
|turn|12
|
|t:|1760415962
|move|p2a: Greninja|Liquidation|p1a: Dragonite
|-resisted|p1a: Dragonite
|-damage|p1a: Dragonite|30/100
|-damage|p2a: Greninja|54/100|[from] item: Life Orb
|move|p1a: Dragonite|Earthquake|p2a: Greninja
|-damage|p2a: Greninja|0 fnt
|faint|p2a: Greninja
|-heal|p1a: Dragonite|36/100|[from] item: Shell Bell|[of] p2: Greninja
|
|upkeep
|
|t:|1760415971
|switch|p2a: Weavile|Weavile, M, shiny|100/100
|turn|13
|
|t:|1760415975
|move|p2a: Weavile|Ice Spinner|p1a: Dragonite
|-supereffective|p1a: Dragonite
|-damage|p1a: Dragonite|0 fnt
|faint|p1a: Dragonite
|
|upkeep
|
|t:|1760415978
|switch|p1a: Latios|Latios, M, shiny|88/100
|-damage|p1a: Latios|76/100|[from] Stealth Rock
|turn|14
|
|t:|1760415983
|move|p2a: Weavile|Ice Spinner|p1a: Latios
|-supereffective|p1a: Latios
|-damage|p1a: Latios|0 fnt
|faint|p1a: Latios
|
|win|avettski
|raw|Buttsnow's rating: 1139 &rarr; <strong>1118</strong><br />(-21 for losing)
|raw|avettski's rating: 1198 &rarr; <strong>1219</strong><br />(+21 for winning)
|l|☆Buttsnow
|player|p1|
|l|☆avettski
|player|p2|
