|j|☆Mecool80
|j|☆Kurumer
|t:|1760397062
|gametype|singles
|player|p1|Mecool80|benga|1000
|player|p2|Kurumer|emmet|1000
|gen|9
|tier|[Gen 9] OU
|rated|
|rule|HP Percentage Mod: HP is shown in percentages
|rule|Endless Battle Clause: Forcing endless battles is banned
|rule|Species Clause: Limit one of each Pokémon
|rule|OHKO Clause: OHKO moves are banned
|rule|Evasion Items Clause: Evasion items are banned
|rule|Evasion Moves Clause: Evasion moves are banned
|rule|Evasion Abilities Clause: Evasion abilities are banned
|rule|Sleep Moves Clause: Sleep-inducing moves are banned
|clearpoke
|poke|p1|Sandslash-Alola, F|
|poke|p1|Landorus-Therian, M|
|poke|p1|Exeggutor, M|
|poke|p1|Cetitan, M|
|poke|p1|Zapdos|
|poke|p1|Deoxys-Defense|
|poke|p2|Dondozo, M|
|poke|p2|Blissey, F|
|poke|p2|Corviknight, F|
|poke|p2|Weezing-Galar, M|
|poke|p2|Gliscor, M|
|poke|p2|Toxapex, F|
|teampreview
|inactive|Battle timer is ON: inactive players will automatically lose when time's up. (requested by Kurumer)
|
|t:|1760397084
|teamsize|p1|6
|teamsize|p2|6
|start
|switch|p1a: Landorus|Landorus-Therian, M|100/100
|switch|p2a: Toxapex|Toxapex, F|100/100
|-ability|p1a: Landorus|Intimidate|boost
|-unboost|p2a: Toxapex|atk|1
|turn|1
|
|t:|1760397094
|switch|p2a: Corviknight|Corviknight, F|100/100
|-ability|p2a: Corviknight|Pressure
|move|p1a: Landorus|U-turn|p2a: Corviknight
|-resisted|p2a: Corviknight
|-damage|p2a: Corviknight|96/100
|
|t:|1760397104
|switch|p1a: Zapdos|Zapdos|100/100|[from] U-turn
|-item|p1a: Zapdos|Air Balloon
|
|-heal|p2a: Corviknight|100/100|[from] item: Leftovers
|upkeep
|turn|2
|
|t:|1760397114
|switch|p2a: Gliscor|Gliscor, M|100/100
|move|p1a: Zapdos|Heat Wave|p2a: Gliscor
|-damage|p2a: Gliscor|54/100
|
|-status|p2a: Gliscor|tox|[from] item: Toxic Orb
|upkeep
|turn|3
|
|t:|1760397123
|move|p2a: Gliscor|Protect|p2a: Gliscor
|-singleturn|p2a: Gliscor|Protect
|move|p1a: Zapdos|Hurricane|p2a: Gliscor
|-activate|p2a: Gliscor|move: Protect
|
|-heal|p2a: Gliscor|66/100 tox|[from] ability: Poison Heal
|upkeep
|turn|4
|
|t:|1760397132
|switch|p2a: Blissey|Blissey, F|100/100
|move|p1a: Zapdos|Hurricane|p2a: Blissey
|-damage|p2a: Blissey|83/100
|
|upkeep
|turn|5
|
|t:|1760397139
|move|p1a: Zapdos|Volt Switch|p2a: Blissey
|-damage|p2a: Blissey|69/100
|
|t:|1760397143
|switch|p1a: Deoxys|Deoxys-Defense|100/100|[from] Volt Switch
|-ability|p1a: Deoxys|Pressure
|move|p2a: Blissey|Ice Beam|p1a: Deoxys
|-damage|p1a: Deoxys|83/100
|
|upkeep
|turn|6
|
|t:|1760397154
|switch|p2a: Corviknight|Corviknight, F|100/100
|-ability|p2a: Corviknight|Pressure
|move|p1a: Deoxys|Fire Punch|p2a: Corviknight
|-supereffective|p2a: Corviknight
|-damage|p2a: Corviknight|72/100
|
|-heal|p2a: Corviknight|78/100|[from] item: Leftovers
|upkeep
|turn|7
|
|t:|1760397164
|move|p1a: Deoxys|Fire Punch|p2a: Corviknight
|-supereffective|p2a: Corviknight
|-damage|p2a: Corviknight|49/100
|move|p2a: Corviknight|Substitute|p2a: Corviknight
|-start|p2a: Corviknight|Substitute
|-damage|p2a: Corviknight|24/100
|
|-heal|p2a: Corviknight|30/100|[from] item: Leftovers
|upkeep
|turn|8
|
|t:|1760397174
|-terastallize|p2a: Corviknight|Fighting
|move|p1a: Deoxys|Fire Punch|p2a: Corviknight
|-activate|p2a: Corviknight|move: Substitute|[damage]
|move|p2a: Corviknight|Bulk Up|p2a: Corviknight
|-boost|p2a: Corviknight|atk|1
|-boost|p2a: Corviknight|def|1
|
|-heal|p2a: Corviknight|36/100|[from] item: Leftovers
|upkeep
|turn|9
|
|t:|1760397185
|move|p2a: Corviknight|Roost|p2a: Corviknight
|-heal|p2a: Corviknight|86/100
|move|p1a: Deoxys|Teleport|p1a: Deoxys
|
|t:|1760397196
|switch|p1a: Zapdos|Zapdos|100/100|[from] Teleport
|-item|p1a: Zapdos|Air Balloon
|
|-heal|p2a: Corviknight|92/100|[from] item: Leftovers
|upkeep
|turn|10
|
|t:|1760397204
|move|p1a: Zapdos|Hurricane|p2a: Corviknight
|-supereffective|p2a: Corviknight
|-end|p2a: Corviknight|Substitute
|move|p2a: Corviknight|Power Trip|p1a: Zapdos
|-damage|p1a: Zapdos|73/100
|-enditem|p1a: Zapdos|Air Balloon
|
|-heal|p2a: Corviknight|99/100|[from] item: Leftovers
|upkeep
|turn|11
|
|t:|1760397215
|switch|p2a: Blissey|Blissey, F|69/100
|move|p1a: Zapdos|Hurricane|p2a: Blissey
|-damage|p2a: Blissey|51/100
|-start|p2a: Blissey|confusion
|
|upkeep
|turn|12
|
|t:|1760397224
|move|p1a: Zapdos|Volt Switch|p2a: Blissey
|-damage|p2a: Blissey|40/100
|
|t:|1760397228
|switch|p1a: Sandslash|Sandslash-Alola, F|100/100|[from] Volt Switch
|-activate|p2a: Blissey|confusion
|-damage|p2a: Blissey|39/100|[from] confusion
|
|upkeep
|turn|13
|
|t:|1760397239
|switch|p2a: Dondozo|Dondozo, M|100/100
|move|p1a: Sandslash|Spikes|p2a: Dondozo
|-sidestart|p2: Kurumer|Spikes
|
|upkeep
|turn|14
|
|t:|1760397245
|switch|p2a: Blissey|Blissey, F|39/100
|move|p1a: Sandslash|Spikes|p2a: Blissey
|-sidestart|p2: Kurumer|Spikes
|
|upkeep
|turn|15
|
|t:|1760397251
|switch|p2a: Dondozo|Dondozo, M|100/100
|-damage|p2a: Dondozo|84/100|[from] Spikes
|move|p1a: Sandslash|Spikes|p2a: Dondozo
|-sidestart|p2: Kurumer|Spikes
|
|-heal|p2a: Dondozo|90/100|[from] item: Leftovers
|upkeep
|turn|16
|
|t:|1760397261
|move|p1a: Sandslash|Mist|p1a: Sandslash
|-sidestart|p1: Mecool80|Mist
|move|p2a: Dondozo|Curse|p2a: Dondozo
|-unboost|p2a: Dondozo|spe|1
|-boost|p2a: Dondozo|atk|1
|-boost|p2a: Dondozo|def|1
|
|-heal|p2a: Dondozo|96/100|[from] item: Leftovers
|upkeep
|turn|17
|
|t:|1760397277
|switch|p1a: Exeggutor|Exeggutor, M|100/100
|move|p2a: Dondozo|Wave Crash|p1a: Exeggutor
|-resisted|p1a: Exeggutor
|-damage|p1a: Exeggutor|61/100
|-damage|p2a: Dondozo|87/100|[from] Recoil
|
|-heal|p2a: Dondozo|93/100|[from] item: Leftovers
|upkeep
|turn|18
|
|t:|1760397287
|switch|p2a: Weezing|Weezing-Galar, M|100/100
|-ability|p2a: Weezing|Neutralizing Gas
|move|p1a: Exeggutor|Substitute|p1a: Exeggutor
|-start|p1a: Exeggutor|Substitute
|-damage|p1a: Exeggutor|36/100
|-enditem|p1a: Exeggutor|Sitrus Berry|[eat]
|-heal|p1a: Exeggutor|61/100|[from] item: Sitrus Berry
|
|upkeep
|turn|19
|
|t:|1760397297
|move|p1a: Exeggutor|Leech Seed|p2a: Weezing
|-start|p2a: Weezing|move: Leech Seed
|move|p2a: Weezing|Fire Blast|p1a: Exeggutor
|-supereffective|p1a: Exeggutor
|-end|p1a: Exeggutor|Substitute
|
|-damage|p2a: Weezing|88/100|[from] Leech Seed|[of] p1a: Exeggutor
|-heal|p1a: Exeggutor|72/100|[silent]
|upkeep
|turn|20
|
|t:|1760397309
|-end|p2a: Weezing|ability: Neutralizing Gas
|switch|p2a: Corviknight|Corviknight, F, tera:Fighting|99/100
|-damage|p2a: Corviknight|74/100|[from] Spikes
|-ability|p2a: Corviknight|Pressure
|move|p1a: Exeggutor|Protect||[still]
|-fail|p1a: Exeggutor
|
|-heal|p2a: Corviknight|80/100|[from] item: Leftovers
|-sideend|p1: Mecool80|Mist
|-item|p1a: Exeggutor|Sitrus Berry|[from] ability: Harvest
|upkeep
|turn|21
|
|t:|1760397325
|move|p1a: Exeggutor|Substitute|p1a: Exeggutor
|-start|p1a: Exeggutor|Substitute
|-damage|p1a: Exeggutor|47/100
|-enditem|p1a: Exeggutor|Sitrus Berry|[eat]
|-heal|p1a: Exeggutor|72/100|[from] item: Sitrus Berry
|move|p2a: Corviknight|Substitute|p2a: Corviknight
|-start|p2a: Corviknight|Substitute
|-damage|p2a: Corviknight|55/100
|
|-heal|p2a: Corviknight|61/100|[from] item: Leftovers
|-item|p1a: Exeggutor|Sitrus Berry|[from] ability: Harvest
|upkeep
|turn|22
|
|t:|1760397337
|move|p1a: Exeggutor|Future Sight|p2a: Corviknight
|-start|p1a: Exeggutor|move: Future Sight
|move|p2a: Corviknight|Roost|p2a: Corviknight
|-heal|p2a: Corviknight|100/100
|
|upkeep
|turn|23
|
|t:|1760397345
|move|p1a: Exeggutor|Leech Seed|p2a: Corviknight|[miss]
|-miss|p1a: Exeggutor|p2a: Corviknight
|move|p2a: Corviknight|Bulk Up|p2a: Corviknight
|-boost|p2a: Corviknight|atk|1
|-boost|p2a: Corviknight|def|1
|
|upkeep
|turn|24
|
|t:|1760397352
|move|p1a: Exeggutor|Leech Seed||[still]
|-fail|p1a: Exeggutor
|move|p2a: Corviknight|Power Trip|p1a: Exeggutor
|-supereffective|p1a: Exeggutor
|-end|p1a: Exeggutor|Substitute
|
|-end|p2a: Corviknight|move: Future Sight
|-supereffective|p2a: Corviknight
|-end|p2a: Corviknight|Substitute
|upkeep
|turn|25
|
|t:|1760397364
|move|p1a: Exeggutor|Protect|p1a: Exeggutor
|-singleturn|p1a: Exeggutor|Protect
|move|p2a: Corviknight|Power Trip|p1a: Exeggutor
|-activate|p1a: Exeggutor|move: Protect
|
|upkeep
|turn|26
|
|t:|1760397371
|move|p1a: Exeggutor|Substitute|p1a: Exeggutor
|-start|p1a: Exeggutor|Substitute
|-damage|p1a: Exeggutor|47/100
|-enditem|p1a: Exeggutor|Sitrus Berry|[eat]
|-heal|p1a: Exeggutor|72/100|[from] item: Sitrus Berry
|move|p2a: Corviknight|Substitute|p2a: Corviknight
|-start|p2a: Corviknight|Substitute
|-damage|p2a: Corviknight|75/100
|
|-heal|p2a: Corviknight|82/100|[from] item: Leftovers
|-item|p1a: Exeggutor|Sitrus Berry|[from] ability: Harvest
|upkeep
|turn|27
|
|t:|1760397383
|move|p1a: Exeggutor|Future Sight|p2a: Corviknight
|-start|p1a: Exeggutor|move: Future Sight
|move|p2a: Corviknight|Bulk Up|p2a: Corviknight
|-boost|p2a: Corviknight|atk|1
|-boost|p2a: Corviknight|def|1
|
|-heal|p2a: Corviknight|88/100|[from] item: Leftovers
|upkeep
|turn|28
|
|t:|1760397391
|move|p1a: Exeggutor|Leech Seed||[still]
|-fail|p1a: Exeggutor
|move|p2a: Corviknight|Power Trip|p1a: Exeggutor
|-supereffective|p1a: Exeggutor
|-end|p1a: Exeggutor|Substitute
|
|-heal|p2a: Corviknight|94/100|[from] item: Leftovers
|upkeep
|turn|29
|
|t:|1760397401
|move|p1a: Exeggutor|Protect|p1a: Exeggutor
|-singleturn|p1a: Exeggutor|Protect
|move|p2a: Corviknight|Power Trip|p1a: Exeggutor
|-activate|p1a: Exeggutor|move: Protect
|
|-end|p2a: Corviknight|move: Future Sight
|-supereffective|p2a: Corviknight
|-end|p2a: Corviknight|Substitute
|-heal|p2a: Corviknight|100/100|[from] item: Leftovers
|upkeep
|turn|30
|
|t:|1760397413
|move|p1a: Exeggutor|Leech Seed|p2a: Corviknight
|-start|p2a: Corviknight|move: Leech Seed
|move|p2a: Corviknight|Power Trip|p1a: Exeggutor
|-supereffective|p1a: Exeggutor
|-damage|p1a: Exeggutor|0 fnt
|faint|p1a: Exeggutor
|
|upkeep
|
|t:|1760397421
|switch|p1a: Zapdos|Zapdos|73/100
|turn|31
|
|t:|1760397425
|move|p1a: Zapdos|Hurricane|p2a: Corviknight|[miss]
|-miss|p1a: Zapdos|p2a: Corviknight
|move|p2a: Corviknight|Power Trip|p1a: Zapdos
|-damage|p1a: Zapdos|10/100
|
|-damage|p2a: Corviknight|88/100|[from] Leech Seed|[of] p1a: Zapdos
|-heal|p1a: Zapdos|25/100|[silent]
|upkeep
|turn|32
|
|t:|1760397436
|move|p1a: Zapdos|Hurricane|p2a: Corviknight
|-supereffective|p2a: Corviknight
|-damage|p2a: Corviknight|0 fnt
|faint|p2a: Corviknight
|
|upkeep
|
|t:|1760397441
|switch|p2a: Weezing|Weezing-Galar, M|88/100
|-ability|p2a: Weezing|Neutralizing Gas
|turn|33
|
|t:|1760397448
|move|p1a: Zapdos|Volt Switch|p2a: Weezing
|-damage|p2a: Weezing|42/100
|
|t:|1760397452
|switch|p1a: Landorus|Landorus-Therian, M|100/100|[from] Volt Switch
|move|p2a: Weezing|Fire Blast|p1a: Landorus
|-damage|p1a: Landorus|65/100
|
|upkeep
|turn|34
|
|t:|1760397462
|-end|p2a: Weezing|ability: Neutralizing Gas
|-ability|p1a: Landorus|Intimidate|boost
|-unboost|p2a: Weezing|atk|1
|switch|p2a: Gliscor|Gliscor, M|66/100 tox
|move|p1a: Landorus|Earthquake|p2a: Gliscor
|-immune|p2a: Gliscor
|
|-heal|p2a: Gliscor|79/100 tox|[from] ability: Poison Heal
|upkeep
|turn|35
|
|t:|1760397480
|move|p1a: Landorus|Stealth Rock|p2a: Gliscor
|-sidestart|p2: Kurumer|move: Stealth Rock
|move|p2a: Gliscor|Facade|p1a: Landorus
|-damage|p1a: Landorus|20/100
|
|-heal|p2a: Gliscor|91/100 tox|[from] ability: Poison Heal
|upkeep
|turn|36
|
|t:|1760397489
|move|p1a: Landorus|U-turn|p2a: Gliscor
|-resisted|p2a: Gliscor
|-damage|p2a: Gliscor|81/100 tox
|
|t:|1760397493
|switch|p1a: Cetitan|Cetitan, M|100/100|[from] U-turn
|move|p2a: Gliscor|Knock Off|p1a: Cetitan
|-damage|p1a: Cetitan|71/100
|-enditem|p1a: Cetitan|Babiri Berry|[from] move: Knock Off|[of] p2a: Gliscor
|
|-heal|p2a: Gliscor|93/100 tox|[from] ability: Poison Heal
|upkeep
|turn|37
|
|t:|1760397504
|switch|p2a: Dondozo|Dondozo, M|93/100
|-damage|p2a: Dondozo|68/100|[from] Spikes
|-damage|p2a: Dondozo|56/100|[from] Stealth Rock
|move|p1a: Cetitan|Blizzard|p2a: Dondozo
|-resisted|p2a: Dondozo
|-damage|p2a: Dondozo|42/100
|
|-heal|p2a: Dondozo|48/100|[from] item: Leftovers
|upkeep
|turn|38
|
|t:|1760397517
|move|p1a: Cetitan|Protect|p1a: Cetitan
|-singleturn|p1a: Cetitan|Protect
|move|p2a: Dondozo|Curse|p2a: Dondozo
|-unboost|p2a: Dondozo|spe|1
|-boost|p2a: Dondozo|atk|1
|-boost|p2a: Dondozo|def|1
|
|-heal|p2a: Dondozo|54/100|[from] item: Leftovers
|upkeep
|turn|39
|
|t:|1760397537
|move|p1a: Cetitan|Body Press|p2a: Dondozo
|-damage|p2a: Dondozo|49/100
|move|p2a: Dondozo|Wave Crash|p1a: Cetitan
|-damage|p1a: Cetitan|0 fnt
|faint|p1a: Cetitan
|-damage|p2a: Dondozo|27/100|[from] Recoil
|
|-heal|p2a: Dondozo|33/100|[from] item: Leftovers
|upkeep
|
|t:|1760397548
|switch|p1a: Zapdos|Zapdos|25/100
|turn|40
|
|t:|1760397552
|move|p1a: Zapdos|Volt Switch|p2a: Dondozo
|-supereffective|p2a: Dondozo
|-damage|p2a: Dondozo|0 fnt
|faint|p2a: Dondozo
|
|t:|1760397558
|switch|p1a: Deoxys|Deoxys-Defense|83/100|[from] Volt Switch
|-ability|p1a: Deoxys|Pressure
|
|upkeep
|
|t:|1760397566
|switch|p2a: Gliscor|Gliscor, M|93/100 tox
|-damage|p2a: Gliscor|81/100 tox|[from] Stealth Rock
|turn|41
|
|t:|1760397570
|move|p2a: Gliscor|Knock Off|p1a: Deoxys
|-supereffective|p1a: Deoxys
|-enditem|p1a: Deoxys|Colbur Berry|[eat]
|-enditem|p1a: Deoxys|Colbur Berry|[weaken]
|-damage|p1a: Deoxys|57/100
|move|p1a: Deoxys|Ice Punch|p2a: Gliscor
|-supereffective|p2a: Gliscor
|-damage|p2a: Gliscor|14/100 tox
|
|-heal|p2a: Gliscor|26/100 tox|[from] ability: Poison Heal
|upkeep
|turn|42
|
|t:|1760397581
|move|p2a: Gliscor|Protect|p2a: Gliscor
|-singleturn|p2a: Gliscor|Protect
|move|p1a: Deoxys|Ice Punch|p2a: Gliscor
|-activate|p2a: Gliscor|move: Protect
|
|-heal|p2a: Gliscor|39/100 tox|[from] ability: Poison Heal
|upkeep
|turn|43
|
|t:|1760397589
|switch|p2a: Toxapex|Toxapex, F|100/100
|-damage|p2a: Toxapex|75/100|[from] Spikes
|-damage|p2a: Toxapex|63/100|[from] Stealth Rock
|move|p1a: Deoxys|Ice Punch|p2a: Toxapex
|-resisted|p2a: Toxapex
|-damage|p2a: Toxapex|56/100
|
|upkeep
|turn|44
|
|t:|1760397599
|move|p2a: Toxapex|Hydro Pump|p1a: Deoxys|[miss]
|-miss|p2a: Toxapex|p1a: Deoxys
|move|p1a: Deoxys|Teleport|p1a: Deoxys
|
|t:|1760397604
|switch|p1a: Landorus|Landorus-Therian, M|20/100|[from] Teleport
|-ability|p1a: Landorus|Intimidate|boost
|-unboost|p2a: Toxapex|atk|1
|
|upkeep
|turn|45
|
|t:|1760397612
|switch|p2a: Gliscor|Gliscor, M|39/100 tox
|-damage|p2a: Gliscor|26/100 tox|[from] Stealth Rock
|move|p1a: Landorus|Earthquake|p2a: Gliscor
|-immune|p2a: Gliscor
|
|-heal|p2a: Gliscor|39/100 tox|[from] ability: Poison Heal
|upkeep
|turn|46
|
|t:|1760397621
|move|p1a: Landorus|Fly||[still]
|-prepare|p1a: Landorus|Fly
|move|p2a: Gliscor|Facade|p1a: Landorus|[miss]
|-miss|p2a: Gliscor|p1a: Landorus
|
|-heal|p2a: Gliscor|51/100 tox|[from] ability: Poison Heal
|upkeep
|turn|47
|
|t:|1760397629
|move|p2a: Gliscor|Protect|p2a: Gliscor
|-singleturn|p2a: Gliscor|Protect
|move|p1a: Landorus|Fly|p2a: Gliscor|[from] lockedmove
|-activate|p2a: Gliscor|move: Protect
|
|-heal|p2a: Gliscor|63/100 tox|[from] ability: Poison Heal
|upkeep
|turn|48
|
|t:|1760397638
|move|p1a: Landorus|U-turn|p2a: Gliscor
|-resisted|p2a: Gliscor
|-damage|p2a: Gliscor|54/100 tox
|
|t:|1760397641
|switch|p1a: Sandslash|Sandslash-Alola, F|100/100|[from] U-turn
|move|p2a: Gliscor|Facade|p1a: Sandslash
|-resisted|p1a: Sandslash
|-damage|p1a: Sandslash|77/100
|
|-heal|p2a: Gliscor|66/100 tox|[from] ability: Poison Heal
|upkeep
|turn|49
|
|t:|1760397651
|move|p2a: Gliscor|Protect|p2a: Gliscor
|-singleturn|p2a: Gliscor|Protect
|move|p1a: Sandslash|Ice Shard|p2a: Gliscor
|-activate|p2a: Gliscor|move: Protect
|
|-heal|p2a: Gliscor|78/100 tox|[from] ability: Poison Heal
|upkeep
|turn|50
|
|t:|1760397660
|move|p1a: Sandslash|Ice Shard|p2a: Gliscor
|-supereffective|p2a: Gliscor
|-damage|p2a: Gliscor|24/100 tox
|move|p2a: Gliscor|Earthquake|p1a: Sandslash
|-supereffective|p1a: Sandslash
|-damage|p1a: Sandslash|0 fnt
|faint|p1a: Sandslash
|
|-heal|p2a: Gliscor|36/100 tox|[from] ability: Poison Heal
|upkeep
|
|t:|1760397670
|switch|p1a: Deoxys|Deoxys-Defense|57/100
|-ability|p1a: Deoxys|Pressure
|turn|51
|
|t:|1760397676
|move|p2a: Gliscor|Protect|p2a: Gliscor
|-singleturn|p2a: Gliscor|Protect
|move|p1a: Deoxys|Recover|p1a: Deoxys
|-heal|p1a: Deoxys|100/100
|
|-heal|p2a: Gliscor|48/100 tox|[from] ability: Poison Heal
|upkeep
|turn|52
|
|t:|1760397685
|switch|p2a: Weezing|Weezing-Galar, M|42/100
|-ability|p2a: Weezing|Neutralizing Gas
|move|p1a: Deoxys|Ice Punch|p2a: Weezing
|-damage|p2a: Weezing|27/100
|
|upkeep
|turn|53
|
|t:|1760397696
|move|p2a: Weezing|Strange Steam|p1a: Deoxys
|-damage|p1a: Deoxys|68/100
|move|p1a: Deoxys|Teleport|p1a: Deoxys
|
|t:|1760397702
|switch|p1a: Zapdos|Zapdos|25/100|[from] Teleport
|
|upkeep
|turn|54
|
|t:|1760397711
|move|p1a: Zapdos|Roost|p1a: Zapdos
|-heal|p1a: Zapdos|75/100
|-singleturn|p1a: Zapdos|move: Roost
|move|p2a: Weezing|Fire Blast|p1a: Zapdos
|-damage|p1a: Zapdos|40/100
|-status|p1a: Zapdos|brn
|
|-damage|p1a: Zapdos|34/100 brn|[from] brn
|upkeep
|turn|55
|
|t:|1760397722
|move|p1a: Zapdos|Roost|p1a: Zapdos
|-heal|p1a: Zapdos|84/100 brn
|-singleturn|p1a: Zapdos|move: Roost
|move|p2a: Weezing|Strange Steam|p1a: Zapdos
|-damage|p1a: Zapdos|41/100 brn
|
|-damage|p1a: Zapdos|35/100 brn|[from] brn
|upkeep
|turn|56
|
|t:|1760397732
|move|p1a: Zapdos|Volt Switch|p2a: Weezing
|-damage|p2a: Weezing|0 fnt
|faint|p2a: Weezing
|-end|p2a: Weezing|ability: Neutralizing Gas
|
|t:|1760397737
|switch|p1a: Deoxys|Deoxys-Defense|68/100|[from] Volt Switch
|-ability|p1a: Deoxys|Pressure
|
|upkeep
|
|t:|1760397741
|switch|p2a: Toxapex|Toxapex, F|90/100
|-damage|p2a: Toxapex|65/100|[from] Spikes
|-damage|p2a: Toxapex|52/100|[from] Stealth Rock
|turn|57
|
|t:|1760397757
|move|p2a: Toxapex|Hydro Pump|p1a: Deoxys
|-damage|p1a: Deoxys|19/100
|move|p1a: Deoxys|Teleport|p1a: Deoxys
|
|t:|1760397761
|switch|p1a: Zapdos|Zapdos|35/100 brn|[from] Teleport
|
|-damage|p1a: Zapdos|29/100 brn|[from] brn
|upkeep
|turn|58
|
|t:|1760397767
|switch|p2a: Blissey|Blissey, F|39/100
|move|p1a: Zapdos|Volt Switch|p2a: Blissey
|-damage|p2a: Blissey|26/100
|
|t:|1760397773
|switch|p1a: Landorus|Landorus-Therian, M|20/100|[from] Volt Switch
|-ability|p1a: Landorus|Intimidate|boost
|-unboost|p2a: Blissey|atk|1
|
|upkeep
|turn|59
|
|t:|1760397781
|switch|p2a: Gliscor|Gliscor, M|48/100 tox
|-damage|p2a: Gliscor|36/100 tox|[from] Stealth Rock
|move|p1a: Landorus|Fly||[still]
|-prepare|p1a: Landorus|Fly
|
|-heal|p2a: Gliscor|48/100 tox|[from] ability: Poison Heal
|upkeep
|turn|60
|
|t:|1760397789
|move|p2a: Gliscor|Protect|p2a: Gliscor
|-singleturn|p2a: Gliscor|Protect
|move|p1a: Landorus|Fly|p2a: Gliscor|[from] lockedmove
|-activate|p2a: Gliscor|move: Protect
|
|-heal|p2a: Gliscor|60/100 tox|[from] ability: Poison Heal
|upkeep
|turn|61
|
|t:|1760397798
|move|p1a: Landorus|U-turn|p2a: Gliscor
|-resisted|p2a: Gliscor
|-damage|p2a: Gliscor|50/100 tox
|
|t:|1760397801
|switch|p1a: Zapdos|Zapdos|29/100 brn|[from] U-turn
|move|p2a: Gliscor|Facade|p1a: Zapdos
|-damage|p1a: Zapdos|0 fnt
|faint|p1a: Zapdos
|
|-heal|p2a: Gliscor|63/100 tox|[from] ability: Poison Heal
|upkeep
|
|t:|1760397811
|switch|p1a: Deoxys|Deoxys-Defense|19/100
|-ability|p1a: Deoxys|Pressure
|turn|62
|
|t:|1760397816
|move|p2a: Gliscor|Protect|p2a: Gliscor
|-singleturn|p2a: Gliscor|Protect
|move|p1a: Deoxys|Ice Punch|p2a: Gliscor
|-activate|p2a: Gliscor|move: Protect
|
|-heal|p2a: Gliscor|75/100 tox|[from] ability: Poison Heal
|upkeep
|turn|63
|
|t:|1760397826
|switch|p2a: Toxapex|Toxapex, F|85/100
|-damage|p2a: Toxapex|60/100|[from] Spikes
|-damage|p2a: Toxapex|48/100|[from] Stealth Rock
|move|p1a: Deoxys|Ice Punch|p2a: Toxapex
|-resisted|p2a: Toxapex
|-damage|p2a: Toxapex|41/100
|
|upkeep
|turn|64
|
|t:|1760397836
|move|p2a: Toxapex|Ice Beam|p1a: Deoxys
|-damage|p1a: Deoxys|0 fnt
|faint|p1a: Deoxys
|
|upkeep
|
|t:|1760397840
|switch|p1a: Landorus|Landorus-Therian, M|20/100
|-ability|p1a: Landorus|Intimidate|boost
|-unboost|p2a: Toxapex|atk|1
|turn|65
|
|t:|1760397847
|switch|p2a: Gliscor|Gliscor, M|75/100 tox
|-damage|p2a: Gliscor|63/100 tox|[from] Stealth Rock
|move|p1a: Landorus|Fly||[still]
|-prepare|p1a: Landorus|Fly
|
|-heal|p2a: Gliscor|75/100 tox|[from] ability: Poison Heal
|upkeep
|turn|66
|
|t:|1760397857
|move|p2a: Gliscor|Protect|p2a: Gliscor
|-singleturn|p2a: Gliscor|Protect
|move|p1a: Landorus|Fly|p2a: Gliscor|[from] lockedmove
|-activate|p2a: Gliscor|move: Protect
|
|-heal|p2a: Gliscor|87/100 tox|[from] ability: Poison Heal
|upkeep
|turn|67
|
|t:|1760397868
|-terastallize|p1a: Landorus|Dark
|move|p1a: Landorus|U-turn|p2a: Gliscor
|-resisted|p2a: Gliscor
|-damage|p2a: Gliscor|77/100 tox
|move|p2a: Gliscor|Facade|p1a: Landorus
|-damage|p1a: Landorus|0 fnt
|faint|p1a: Landorus
|
|win|Kurumer
|raw|Mecool80's rating: 1000 &rarr; <strong>1000</strong><br />(+0 for losing)
|raw|Kurumer's rating: 1000 &rarr; <strong>1040</strong><br />(+40 for winning)
|l|☆Mecool80
|player|p1|
