|j|☆mandude476
|j|☆ryan cowtinho
|t:|1760329511
|gametype|singles
|player|p1|mandude476|ghetsis|1529
|player|p2|ryan cowtinho|102|1667
|gen|9
|tier|[Gen 9] OU
|rated|
|rule|HP Percentage Mod: HP is shown in percentages
|rule|Endless Battle Clause: Forcing endless battles is banned
|rule|Species Clause: Limit one of each Pokémon
|rule|OHKO Clause: OHKO moves are banned
|rule|Evasion Items Clause: Evasion items are banned
|rule|Evasion Moves Clause: Evasion moves are banned
|rule|Evasion Abilities Clause: Evasion abilities are banned
|rule|Sleep Moves Clause: Sleep-inducing moves are banned
|clearpoke
|poke|p1|Corviknight, F|
|poke|p1|Landorus-Therian, M|
|poke|p1|Gholdengo|
|poke|p1|Arcanine-Hisui, F|
|poke|p1|Samurott-Hisui, M|
|poke|p1|Slowking-Galar, F|
|poke|p2|Landorus-Therian, M|
|poke|p2|Iron Valiant|
|poke|p2|Samurott-Hisui, F|
|poke|p2|Pecharunt|
|poke|p2|Iron Crown|
|poke|p2|Hydrapple, F|
|teampreview
|
|t:|1760329521
|teamsize|p1|6
|teamsize|p2|6
|start
|switch|p1a: Samurott|Samurott-Hisui, M|100/100
|switch|p2a: Iron Crown|Iron Crown|100/100
|turn|1
|
|t:|1760329525
|-terastallize|p1a: Samurott|Dark
|move|p1a: Samurott|Ceaseless Edge|p2a: Iron Crown
|-supereffective|p2a: Iron Crown
|-damage|p2a: Iron Crown|0 fnt
|-sidestart|p2: ryan cowtinho|Spikes
|faint|p2a: Iron Crown
|-end|p2a: Iron Crown|Quark Drive|[silent]
|
|upkeep
|
|t:|1760329531
|switch|p2a: Iron Valiant|Iron Valiant|100/100
|-damage|p2a: Iron Valiant|88/100|[from] Spikes
|-enditem|p2a: Iron Valiant|Booster Energy
|-activate|p2a: Iron Valiant|ability: Quark Drive|[fromitem]
|-start|p2a: Iron Valiant|quarkdrivespe
|turn|2
|
|t:|1760329536
|switch|p1a: Slowking|Slowking-Galar, F|100/100
|move|p2a: Iron Valiant|Moonblast|p1a: Slowking
|-resisted|p1a: Slowking
|-damage|p1a: Slowking|86/100
|
|upkeep
|turn|3
|
|t:|1760329539
|move|p2a: Iron Valiant|Knock Off|p1a: Slowking
|-supereffective|p1a: Slowking
|-damage|p1a: Slowking|26/100
|-enditem|p1a: Slowking|Heavy-Duty Boots|[from] move: Knock Off|[of] p2a: Iron Valiant
|move|p1a: Slowking|Thunder Wave|p2a: Iron Valiant
|-status|p2a: Iron Valiant|par
|
|upkeep
|turn|4
|
|t:|1760329541
|switch|p1a: Corviknight|Corviknight, F|100/100
|-ability|p1a: Corviknight|Pressure
|cant|p2a: Iron Valiant|par
|
|upkeep
|turn|5
|
|t:|1760329544
|move|p2a: Iron Valiant|Knock Off|p1a: Corviknight
|-damage|p1a: Corviknight|82/100
|-damage|p2a: Iron Valiant|71/100 par|[from] item: Rocky Helmet|[of] p1a: Corviknight
|-enditem|p1a: Corviknight|Rocky Helmet|[from] move: Knock Off|[of] p2a: Iron Valiant
|move|p1a: Corviknight|U-turn|p2a: Iron Valiant
|-resisted|p2a: Iron Valiant
|-damage|p2a: Iron Valiant|67/100 par
|
|t:|1760329548
|switch|p1a: Arcanine|Arcanine-Hisui, F|100/100|[from] U-turn
|
|upkeep
|turn|6
|j| ulisesdiogenes
|
|t:|1760329551
|move|p1a: Arcanine|Head Smash|p2a: Iron Valiant
|-resisted|p2a: Iron Valiant
|-damage|p2a: Iron Valiant|0 fnt
|faint|p2a: Iron Valiant
|-end|p2a: Iron Valiant|Quark Drive|[silent]
|
|upkeep
|
|t:|1760329555
|switch|p2a: Landorus|Landorus-Therian, M|100/100
|-ability|p2a: Landorus|Intimidate|boost
|-unboost|p1a: Arcanine|atk|1
|turn|7
|
|t:|1760329565
|switch|p1a: Corviknight|Corviknight, F|82/100
|-ability|p1a: Corviknight|Pressure
|move|p2a: Landorus|Stealth Rock|p1a: Corviknight
|-sidestart|p1: mandude476|move: Stealth Rock
|
|upkeep
|turn|8
|
|t:|1760329567
|move|p2a: Landorus|Taunt|p1a: Corviknight
|-start|p1a: Corviknight|move: Taunt
|cant|p1a: Corviknight|move: Taunt|Defog
|
|upkeep
|turn|9
|
|t:|1760329569
|move|p2a: Landorus|Earth Power|p1a: Corviknight
|-immune|p1a: Corviknight
|move|p1a: Corviknight|U-turn|p2a: Landorus
|-resisted|p2a: Landorus
|-damage|p2a: Landorus|93/100
|-damage|p1a: Corviknight|65/100|[from] item: Rocky Helmet|[of] p2a: Landorus
|
|t:|1760329572
|switch|p1a: Samurott|Samurott-Hisui, M, tera:Dark|100/100|[from] U-turn
|-damage|p1a: Samurott|88/100|[from] Stealth Rock
|
|upkeep
|turn|10
|
|t:|1760329578
|move|p1a: Samurott|Aqua Cutter|p2a: Landorus
|-supereffective|p2a: Landorus
|-damage|p2a: Landorus|0 fnt
|faint|p2a: Landorus
|
|upkeep
|
|t:|1760329583
|switch|p2a: Hydrapple|Hydrapple, F|100/100
|turn|11
|
|t:|1760329588
|switch|p1a: Landorus|Landorus-Therian, M|100/100
|-damage|p1a: Landorus|88/100|[from] Stealth Rock
|-ability|p1a: Landorus|Intimidate|boost
|-unboost|p2a: Hydrapple|atk|1
|move|p2a: Hydrapple|Nasty Plot|p2a: Hydrapple
|-boost|p2a: Hydrapple|spa|2
|
|-heal|p1a: Landorus|94/100|[from] item: Leftovers
|upkeep
|turn|12
|
|t:|1760329593
|move|p1a: Landorus|Stealth Rock|p2a: Hydrapple
|-sidestart|p2: ryan cowtinho|move: Stealth Rock
|move|p2a: Hydrapple|Fickle Beam|p1a: Landorus|[anim] Fickle Beam All Out
|-activate|p2a: Hydrapple|move: Fickle Beam
|-damage|p1a: Landorus|0 fnt
|faint|p1a: Landorus
|
|upkeep
|
|t:|1760329600
|switch|p1a: Gholdengo|Gholdengo|100/100
|-damage|p1a: Gholdengo|94/100|[from] Stealth Rock
|turn|13
|
|t:|1760329603
|move|p1a: Gholdengo|Trick|p2a: Hydrapple
|-activate|p1a: Gholdengo|move: Trick|[of] p2a: Hydrapple
|-item|p2a: Hydrapple|Choice Scarf|[from] move: Trick
|-item|p1a: Gholdengo|Heavy-Duty Boots|[from] move: Trick
|move|p2a: Hydrapple|Earth Power|p1a: Gholdengo
|-supereffective|p1a: Gholdengo
|-crit|p1a: Gholdengo
|-damage|p1a: Gholdengo|0 fnt
|faint|p1a: Gholdengo
|
|upkeep
|
|t:|1760329607
|switch|p1a: Corviknight|Corviknight, F|65/100
|-damage|p1a: Corviknight|53/100|[from] Stealth Rock
|-ability|p1a: Corviknight|Pressure
|turn|14
|
|t:|1760329611
|switch|p2a: Samurott|Samurott-Hisui, F|100/100
|-damage|p2a: Samurott|88/100|[from] Spikes
|-damage|p2a: Samurott|76/100|[from] Stealth Rock
|move|p1a: Corviknight|Roost|p1a: Corviknight
|-heal|p1a: Corviknight|100/100
|-singleturn|p1a: Corviknight|move: Roost
|
|upkeep
|turn|15
|
|t:|1760329613
|move|p2a: Samurott|Razor Shell|p1a: Corviknight
|-damage|p1a: Corviknight|71/100
|-unboost|p1a: Corviknight|def|1
|move|p1a: Corviknight|Body Press|p2a: Samurott
|-supereffective|p2a: Samurott
|-damage|p2a: Samurott|39/100
|
|upkeep
|turn|16
|
|t:|1760329616
|move|p2a: Samurott|Ceaseless Edge|p1a: Corviknight
|-damage|p1a: Corviknight|26/100
|-sidestart|p1: mandude476|Spikes
|move|p1a: Corviknight|U-turn|p2a: Samurott
|-supereffective|p2a: Samurott
|-damage|p2a: Samurott|8/100
|
|t:|1760329622
|switch|p1a: Samurott|Samurott-Hisui, M, tera:Dark|88/100|[from] U-turn
|-damage|p1a: Samurott|76/100|[from] Stealth Rock
|-damage|p1a: Samurott|63/100|[from] Spikes
|
|upkeep
|turn|17
|
|t:|1760329624
|move|p2a: Samurott|Aqua Jet|p1a: Samurott
|-damage|p1a: Samurott|39/100
|move|p1a: Samurott|Ceaseless Edge|p2a: Samurott
|-resisted|p2a: Samurott
|-damage|p2a: Samurott|0 fnt
|-sidestart|p2: ryan cowtinho|Spikes
|faint|p2a: Samurott
|
|upkeep
|
|t:|1760329627
|switch|p2a: Hydrapple|Hydrapple, F|100/100
|-damage|p2a: Hydrapple|84/100|[from] Spikes
|-damage|p2a: Hydrapple|72/100|[from] Stealth Rock
|turn|18
|
|t:|1760329635
|move|p1a: Samurott|Ceaseless Edge|p2a: Hydrapple
|-damage|p2a: Hydrapple|38/100
|-sidestart|p2: ryan cowtinho|Spikes
|move|p2a: Hydrapple|Fickle Beam|p1a: Samurott
|-crit|p1a: Samurott
|-damage|p1a: Samurott|0 fnt
|faint|p1a: Samurott
|
|upkeep
|
|t:|1760329646
|switch|p1a: Arcanine|Arcanine-Hisui, F|100/100
|-damage|p1a: Arcanine|76/100|[from] Stealth Rock
|-damage|p1a: Arcanine|63/100|[from] Spikes
|turn|19
|
|t:|1760329650
|move|p1a: Arcanine|Head Smash|p2a: Hydrapple
|-damage|p2a: Hydrapple|0 fnt
|faint|p2a: Hydrapple
|
|upkeep
|
|t:|1760329652
|switch|p2a: Pecharunt|Pecharunt|100/100
|turn|20
|
|t:|1760329654
|move|p1a: Arcanine|Head Smash|p2a: Pecharunt
|-damage|p2a: Pecharunt|35/100
|move|p2a: Pecharunt|Malignant Chain|p1a: Arcanine
|-resisted|p1a: Arcanine
|-damage|p1a: Arcanine|45/100
|
|upkeep
|turn|21
|-message|ryan cowtinho forfeited.
|
|win|mandude476
|raw|mandude476's rating: 1529 &rarr; <strong>1557</strong><br />(+28 for winning)
|raw|ryan cowtinho's rating: 1667 &rarr; <strong>1639</strong><br />(-28 for losing)
|l|☆ryan cowtinho
|player|p2|
|l| ulisesdiogenes
