|j|☆tas6
|j|☆tuad1
|t:|1760380014
|gametype|singles
|player|p1|tas6|colress|1244
|player|p2|tuad1|n|1278
|gen|9
|tier|[Gen 9] OU
|rated|
|rule|HP Percentage Mod: HP is shown in percentages
|rule|Endless Battle Clause: Forcing endless battles is banned
|rule|Species Clause: Limit one of each Pokémon
|rule|OHKO Clause: OHKO moves are banned
|rule|Evasion Items Clause: Evasion items are banned
|rule|Evasion Moves Clause: Evasion moves are banned
|rule|Evasion Abilities Clause: Evasion abilities are banned
|rule|Sleep Moves Clause: Sleep-inducing moves are banned
|clearpoke
|poke|p1|Araquanid, M|
|poke|p1|Ninetales-Alola, F|
|poke|p1|Ceruledge, F|
|poke|p1|Moltres-Galar|
|poke|p1|Serperior, F|
|poke|p1|Iron Treads|
|poke|p2|Sylveon, M|
|poke|p2|Iron Treads|
|poke|p2|Moltres|
|poke|p2|Raging Bolt|
|poke|p2|Darkrai|
|poke|p2|Pecharunt|
|teampreview
|c|☆tas6|is this the pinkacross team?
|inactive|Battle timer is ON: inactive players will automatically lose when time's up. (requested by tas6)
|
|t:|1760380075
|teamsize|p1|6
|teamsize|p2|6
|start
|switch|p1a: Araquanid|Araquanid, M|100/100
|switch|p2a: Sylveon|Sylveon, M, shiny|100/100
|turn|1
|
|t:|1760380098
|move|p2a: Sylveon|Hyper Beam|p1a: Araquanid
|-damage|p1a: Araquanid|0 fnt
|-mustrecharge|p2a: Sylveon
|faint|p1a: Araquanid
|
|upkeep
|c|☆tuad1|no
|c|☆tas6|what the
|
|t:|1760380110
|switch|p1a: Ninetales|Ninetales-Alola, F|100/100
|-weather|Snowscape|[from] ability: Snow Warning|[of] p1a: Ninetales
|turn|2
|c|☆tuad1|that's why
|
|t:|1760380113
|move|p1a: Ninetales|Aurora Veil|p1a: Ninetales
|-sidestart|p1: tas6|move: Aurora Veil
|cant|p2a: Sylveon|recharge
|
|-weather|Snowscape|[upkeep]
|upkeep
|turn|3
|
|t:|1760380119
|switch|p1a: Iron Treads|Iron Treads|100/100
|-enditem|p1a: Iron Treads|Booster Energy
|-activate|p1a: Iron Treads|ability: Quark Drive|[fromitem]
|-start|p1a: Iron Treads|quarkdrivespe
|switch|p2a: Moltres|Moltres|100/100
|
|-weather|Snowscape|[upkeep]
|upkeep
|turn|4
|inactive|tas6 has 120 seconds left.
|
|t:|1760380166
|-end|p1a: Iron Treads|Quark Drive|[silent]
|switch|p1a: Moltres|Moltres-Galar|100/100
|move|p2a: Moltres|Flamethrower|p1a: Moltres
|-damage|p1a: Moltres|84/100
|
|-weather|Snowscape|[upkeep]
|-heal|p1a: Moltres|90/100|[from] item: Leftovers
|upkeep
|turn|5
|c|☆tuad1|pinks team has meos slowking and garchomp
|
|t:|1760380181
|move|p1a: Moltres|Nasty Plot|p1a: Moltres
|-boost|p1a: Moltres|spa|2
|move|p2a: Moltres|Roar|p1a: Moltres
|drag|p1a: Ninetales|Ninetales-Alola, F|100/100
|
|-weather|Snowscape|[upkeep]
|upkeep
|turn|6
|inactive|tas6 has 120 seconds left.
|
|t:|1760380190
|move|p1a: Ninetales|Freeze-Dry|p2a: Moltres
|-damage|p2a: Moltres|86/100
|move|p2a: Moltres|U-turn|p1a: Ninetales
|-resisted|p1a: Ninetales
|-damage|p1a: Ninetales|98/100
|
|t:|1760380194
|switch|p2a: Iron Treads|Iron Treads|100/100|[from] U-turn
|
|-weather|none
|upkeep
|turn|7
|inactive|tas6 has 120 seconds left.
|
|t:|1760380222
|switch|p1a: Ceruledge|Ceruledge, F|100/100
|move|p2a: Iron Treads|Stealth Rock|p1a: Ceruledge
|-sidestart|p1: tas6|move: Stealth Rock
|
|upkeep
|turn|8
|
|t:|1760380228
|move|p2a: Iron Treads|Knock Off|p1a: Ceruledge
|-supereffective|p1a: Ceruledge
|-crit|p1a: Ceruledge
|-damage|p1a: Ceruledge|20/100
|-ability|p1a: Ceruledge|Weak Armor|boost
|-unboost|p1a: Ceruledge|def|1
|-boost|p1a: Ceruledge|spe|2
|-enditem|p1a: Ceruledge|Focus Sash|[from] move: Knock Off|[of] p2a: Iron Treads
|move|p1a: Ceruledge|Swords Dance|p1a: Ceruledge
|-boost|p1a: Ceruledge|atk|2
|
|upkeep
|turn|9
|
|t:|1760380243
|-terastallize|p2a: Iron Treads|Ghost
|move|p1a: Ceruledge|Bitter Blade|p2a: Iron Treads
|-crit|p2a: Iron Treads
|-damage|p2a: Iron Treads|0 fnt
|-heal|p1a: Ceruledge|75/100|[from] drain|[of] p2a: Iron Treads
|faint|p2a: Iron Treads
|-end|p2a: Iron Treads|Quark Drive|[silent]
|
|-sideend|p1: tas6|move: Aurora Veil
|upkeep
|
|t:|1760380249
|switch|p2a: Moltres|Moltres|86/100
|turn|10
|c|☆tuad1|ahh fuck
|
|t:|1760380262
|move|p1a: Ceruledge|Bitter Blade|p2a: Moltres
|-resisted|p2a: Moltres
|-damage|p2a: Moltres|39/100
|-heal|p1a: Ceruledge|100/100|[from] drain|[of] p2a: Moltres
|move|p2a: Moltres|Flamethrower|p1a: Ceruledge
|-resisted|p1a: Ceruledge
|-damage|p1a: Ceruledge|81/100
|
|upkeep
|turn|11
|
|t:|1760380273
|move|p1a: Ceruledge|Bitter Blade|p2a: Moltres
|-resisted|p2a: Moltres
|-damage|p2a: Moltres|0 fnt
|-heal|p1a: Ceruledge|100/100|[from] drain|[of] p2a: Moltres
|faint|p2a: Moltres
|
|upkeep
|
|t:|1760380277
|switch|p2a: Raging Bolt|Raging Bolt|100/100
|turn|12
|
|t:|1760380287
|-terastallize|p1a: Ceruledge|Fighting
|move|p1a: Ceruledge|Close Combat|p2a: Raging Bolt
|-damage|p2a: Raging Bolt|0 fnt
|-unboost|p1a: Ceruledge|def|1
|-unboost|p1a: Ceruledge|spd|1
|faint|p2a: Raging Bolt
|-end|p2a: Raging Bolt|Protosynthesis|[silent]
|
|upkeep
|
|t:|1760380292
|switch|p2a: Pecharunt|Pecharunt|100/100
|turn|13
|
|t:|1760380295
|move|p1a: Ceruledge|Shadow Sneak|p2a: Pecharunt
|-supereffective|p2a: Pecharunt
|-damage|p2a: Pecharunt|56/100
|move|p2a: Pecharunt|Foul Play|p1a: Ceruledge
|-resisted|p1a: Ceruledge
|-damage|p1a: Ceruledge|12/100
|-ability|p1a: Ceruledge|Weak Armor|boost
|-unboost|p1a: Ceruledge|def|1
|-boost|p1a: Ceruledge|spe|2
|
|upkeep
|turn|14
|
|t:|1760380301
|move|p1a: Ceruledge|Bitter Blade|p2a: Pecharunt
|-damage|p2a: Pecharunt|10/100
|-heal|p1a: Ceruledge|37/100|[from] drain|[of] p2a: Pecharunt
|move|p2a: Pecharunt|Foul Play|p1a: Ceruledge
|-resisted|p1a: Ceruledge
|-damage|p1a: Ceruledge|0 fnt
|faint|p1a: Ceruledge
|
|upkeep
|
|t:|1760380306
|switch|p1a: Moltres|Moltres-Galar|90/100
|-damage|p1a: Moltres|65/100|[from] Stealth Rock
|turn|15
|
|t:|1760380309
|move|p1a: Moltres|Fiery Wrath|p2a: Pecharunt
|-supereffective|p2a: Pecharunt
|-damage|p2a: Pecharunt|0 fnt
|faint|p2a: Pecharunt
|
|-heal|p1a: Moltres|71/100|[from] item: Leftovers
|upkeep
|
|t:|1760380312
|switch|p2a: Darkrai|Darkrai|100/100
|turn|16
|
|t:|1760380320
|switch|p1a: Ninetales|Ninetales-Alola, F|98/100
|-damage|p1a: Ninetales|73/100|[from] Stealth Rock
|-weather|Snowscape|[from] ability: Snow Warning|[of] p1a: Ninetales
|move|p2a: Darkrai|Trick|p1a: Ninetales
|-activate|p2a: Darkrai|move: Trick|[of] p1a: Ninetales
|-item|p1a: Ninetales|Choice Scarf|[from] move: Trick
|-item|p2a: Darkrai|Light Clay|[from] move: Trick
|
|-weather|Snowscape|[upkeep]
|upkeep
|turn|17
|
|t:|1760380323
|move|p1a: Ninetales|Aurora Veil|p1a: Ninetales
|-sidestart|p1: tas6|move: Aurora Veil
|move|p2a: Darkrai|Sludge Bomb|p1a: Ninetales
|-supereffective|p1a: Ninetales
|-damage|p1a: Ninetales|43/100
|
|-weather|Snowscape|[upkeep]
|upkeep
|turn|18
|
|t:|1760380331
|switch|p1a: Serperior|Serperior, F|100/100
|-damage|p1a: Serperior|88/100|[from] Stealth Rock
|move|p2a: Darkrai|Sludge Bomb|p1a: Serperior
|-supereffective|p1a: Serperior
|-damage|p1a: Serperior|50/100
|
|-weather|Snowscape|[upkeep]
|upkeep
|turn|19
|
|t:|1760380338
|move|p2a: Darkrai|Sludge Bomb|p1a: Serperior
|-supereffective|p1a: Serperior
|-crit|p1a: Serperior
|-damage|p1a: Serperior|0 fnt
|faint|p1a: Serperior
|
|-weather|Snowscape|[upkeep]
|upkeep
|
|t:|1760380345
|switch|p1a: Iron Treads|Iron Treads|100/100
|-damage|p1a: Iron Treads|97/100|[from] Stealth Rock
|turn|20
|
|t:|1760380349
|move|p2a: Darkrai|Dark Pulse|p1a: Iron Treads
|-damage|p1a: Iron Treads|66/100
|move|p1a: Iron Treads|Earthquake|p2a: Darkrai
|-damage|p2a: Darkrai|39/100
|
|-weather|none
|upkeep
|turn|21
|
|t:|1760380355
|move|p2a: Darkrai|Dark Pulse|p1a: Iron Treads
|-damage|p1a: Iron Treads|35/100
|cant|p1a: Iron Treads|flinch
|
|-sideend|p1: tas6|move: Aurora Veil
|upkeep
|turn|22
|
|t:|1760380361
|move|p2a: Darkrai|Dark Pulse|p1a: Iron Treads
|-damage|p1a: Iron Treads|0 fnt
|faint|p1a: Iron Treads
|-end|p1a: Iron Treads|Quark Drive|[silent]
|
|upkeep
|c|☆tas6|what
|c|☆tas6|i can flinch from that
|
|t:|1760380372
|switch|p1a: Moltres|Moltres-Galar|71/100
|-damage|p1a: Moltres|46/100|[from] Stealth Rock
|turn|23
|c|☆tuad1|veil dissapeared
|c|☆tuad1|oh yeah you can
|
|t:|1760380381
|move|p2a: Darkrai|Ice Beam|p1a: Moltres
|-supereffective|p1a: Moltres
|-damage|p1a: Moltres|0 fnt
|faint|p1a: Moltres
|
|upkeep
|
|t:|1760380383
|switch|p1a: Ninetales|Ninetales-Alola, F|43/100
|-damage|p1a: Ninetales|18/100|[from] Stealth Rock
|-weather|Snowscape|[from] ability: Snow Warning|[of] p1a: Ninetales
|turn|24
|c|☆tas6|i wo0uldve won too bro 😭
|c|☆tas6|thats like 20% chance
|
|t:|1760380399
|move|p1a: Ninetales|Moonblast|p2a: Darkrai
|-supereffective|p2a: Darkrai
|-damage|p2a: Darkrai|0 fnt
|faint|p2a: Darkrai
|
|-weather|Snowscape|[upkeep]
|upkeep
|c|☆tuad1|it could be worse
|
|t:|1760380402
|switch|p2a: Sylveon|Sylveon, M, shiny|100/100
|turn|25
|
|t:|1760380407
|move|p1a: Ninetales|Moonblast|p2a: Sylveon
|-damage|p2a: Sylveon|78/100
|move|p2a: Sylveon|Hyper Voice|p1a: Ninetales
|-damage|p1a: Ninetales|0 fnt
|faint|p1a: Ninetales
|
|win|tuad1
|raw|tas6's rating: 1244 &rarr; <strong>1221</strong><br />(-23 for losing)
|raw|tuad1's rating: 1278 &rarr; <strong>1301</strong><br />(+23 for winning)
|l|☆tas6
|player|p1|
|c|☆tuad1|I missed 3 pyro balls b4
|c|☆tuad1|ggwp
