|j|☆senpako
|j|☆hohai
|t:|1760439380
|gametype|singles
|player|p1|senpako|koga|1158
|player|p2|hohai|101|1119
|gen|9
|tier|[Gen 9] OU
|rated|
|rule|HP Percentage Mod: HP is shown in percentages
|rule|Endless Battle Clause: Forcing endless battles is banned
|rule|Species Clause: Limit one of each Pokémon
|rule|OHKO Clause: OHKO moves are banned
|rule|Evasion Items Clause: Evasion items are banned
|rule|Evasion Moves Clause: Evasion moves are banned
|rule|Evasion Abilities Clause: Evasion abilities are banned
|rule|Sleep Moves Clause: Sleep-inducing moves are banned
|clearpoke
|poke|p1|Great Tusk|
|poke|p1|Greninja-*, M|
|poke|p1|Revavroom, M|
|poke|p1|Blaziken, M|
|poke|p1|Raging Bolt|
|poke|p1|Tsareena, F|
|poke|p2|Galvantula, M|
|poke|p2|Ceruledge, F|
|poke|p2|Gyarados, F|
|poke|p2|Klefki, M|
|poke|p2|Gardevoir, F|
|poke|p2|Forretress, F|
|teampreview
|inactive|Battle timer is ON: inactive players will automatically lose when time's up. (requested by senpako)
|
|t:|1760439390
|teamsize|p1|6
|teamsize|p2|6
|start
|switch|p1a: Chickenfast|Blaziken, M|100/100
|switch|p2a: Galvantula|Galvantula, M|100/100
|turn|1
|
|t:|1760439397
|move|p2a: Galvantula|Thunder Wave|p1a: Chickenfast
|-status|p1a: Chickenfast|par
|move|p1a: Chickenfast|Earthquake|p2a: Galvantula
|-damage|p2a: Galvantula|51/100
|
|-ability|p1a: Chickenfast|Speed Boost|boost
|-boost|p1a: Chickenfast|spe|1
|upkeep
|turn|2
|
|t:|1760439404
|move|p2a: Galvantula|Sticky Web|p1a: Chickenfast
|-sidestart|p1: senpako|move: Sticky Web
|move|p1a: Chickenfast|Flare Blitz|p2a: Galvantula
|-supereffective|p2a: Galvantula
|-damage|p2a: Galvantula|0 fnt
|faint|p2a: Galvantula
|-damage|p1a: Chickenfast|82/100 par|[from] Recoil
|
|-ability|p1a: Chickenfast|Speed Boost|boost
|-boost|p1a: Chickenfast|spe|1
|upkeep
|
|t:|1760439413
|switch|p2a: Gyarados|Gyarados, F|100/100
|-ability|p2a: Gyarados|Intimidate|boost
|-unboost|p1a: Chickenfast|atk|1
|turn|3
|
|t:|1760439417
|move|p1a: Chickenfast|Protect|p1a: Chickenfast
|-singleturn|p1a: Chickenfast|Protect
|move|p2a: Gyarados|Dragon Dance|p2a: Gyarados
|-boost|p2a: Gyarados|atk|1
|-boost|p2a: Gyarados|spe|1
|
|-ability|p1a: Chickenfast|Speed Boost|boost
|-boost|p1a: Chickenfast|spe|1
|upkeep
|turn|4
|
|t:|1760439428
|cant|p1a: Chickenfast|par
|move|p2a: Gyarados|Earthquake|p1a: Chickenfast
|-supereffective|p1a: Chickenfast
|-damage|p1a: Chickenfast|0 fnt
|faint|p1a: Chickenfast
|
|upkeep
|
|t:|1760439447
|switch|p1a: Tsareena|Tsareena, F|100/100
|-activate|p1a: Tsareena|move: Sticky Web
|-unboost|p1a: Tsareena|spe|1
|turn|5
|
|t:|1760439453
|move|p1a: Tsareena|Rapid Spin|p2a: Gyarados
|-damage|p2a: Gyarados|86/100
|-boost|p1a: Tsareena|spe|1
|-sideend|p1: senpako|Sticky Web|[from] move: Rapid Spin|[of] p1a: Tsareena
|move|p2a: Gyarados|Avalanche|p1a: Tsareena
|-supereffective|p1a: Tsareena
|-damage|p1a: Tsareena|0 fnt
|faint|p1a: Tsareena
|
|-heal|p2a: Gyarados|92/100|[from] item: Leftovers
|upkeep
|
|t:|1760439473
|switch|p1a: Itachi|Greninja, M|100/100
|turn|6
|
|t:|1760439478
|move|p1a: Itachi|Sludge Wave|p2a: Gyarados
|-damage|p2a: Gyarados|64/100
|move|p2a: Gyarados|Dragon Dance|p2a: Gyarados
|-boost|p2a: Gyarados|atk|1
|-boost|p2a: Gyarados|spe|1
|
|-heal|p2a: Gyarados|70/100|[from] item: Leftovers
|upkeep
|turn|7
|inactive|senpako has 120 seconds left.
|
|t:|1760439522
|move|p2a: Gyarados|Earthquake|p1a: Itachi
|-enditem|p1a: Itachi|Focus Sash
|-damage|p1a: Itachi|1/100
|move|p1a: Itachi|Sludge Wave|p2a: Gyarados
|-damage|p2a: Gyarados|45/100
|
|-heal|p2a: Gyarados|51/100|[from] item: Leftovers
|upkeep
|turn|8
|
|t:|1760439537
|move|p1a: Itachi|Water Shuriken|p2a: Gyarados
|-resisted|p2a: Gyarados
|-damage|p2a: Gyarados|48/100
|-resisted|p2a: Gyarados
|-damage|p2a: Gyarados|44/100
|-resisted|p2a: Gyarados
|-crit|p2a: Gyarados
|-damage|p2a: Gyarados|39/100
|-resisted|p2a: Gyarados
|-damage|p2a: Gyarados|36/100
|-hitcount|p2a: Gyarados|4
|move|p2a: Gyarados|Avalanche|p1a: Itachi
|-resisted|p1a: Itachi
|-damage|p1a: Itachi|0 fnt
|faint|p1a: Itachi
|
|-heal|p2a: Gyarados|42/100|[from] item: Leftovers
|upkeep
|
|t:|1760439541
|switch|p1a: Revavroom|Revavroom, M, shiny|100/100
|-item|p1a: Revavroom|Air Balloon
|turn|9
|
|t:|1760439553
|move|p2a: Gyarados|Earthquake|p1a: Revavroom
|-immune|p1a: Revavroom
|move|p1a: Revavroom|Poison Jab|p2a: Gyarados
|-damage|p2a: Gyarados|0 fnt
|faint|p2a: Gyarados
|
|upkeep
|
|t:|1760439564
|switch|p2a: Klefki|Klefki, M|100/100
|turn|10
|
|t:|1760439574
|move|p2a: Klefki|Reflect|p2a: Klefki
|-sidestart|p2: hohai|Reflect
|move|p1a: Revavroom|Shift Gear|p1a: Revavroom
|-boost|p1a: Revavroom|spe|2
|-boost|p1a: Revavroom|atk|1
|
|upkeep
|turn|11
|
|t:|1760439585
|move|p2a: Klefki|Spikes|p1a: Revavroom
|-sidestart|p1: senpako|Spikes
|move|p1a: Revavroom|Temper Flare|p2a: Klefki
|-supereffective|p2a: Klefki
|-damage|p2a: Klefki|61/100
|
|upkeep
|turn|12
|
|t:|1760439593
|move|p2a: Klefki|Spikes|p1a: Revavroom
|-sidestart|p1: senpako|Spikes
|move|p1a: Revavroom|Shift Gear|p1a: Revavroom
|-boost|p1a: Revavroom|spe|2
|-boost|p1a: Revavroom|atk|1
|
|upkeep
|turn|13
|
|t:|1760439599
|move|p1a: Revavroom|Temper Flare|p2a: Klefki
|-supereffective|p2a: Klefki
|-damage|p2a: Klefki|11/100
|move|p2a: Klefki|Foul Play|p1a: Revavroom
|-damage|p1a: Revavroom|22/100
|-enditem|p1a: Revavroom|Air Balloon
|
|upkeep
|turn|14
|
|t:|1760439614
|switch|p2a: Forretress|Forretress, F|100/100
|move|p1a: Revavroom|Temper Flare|p2a: Forretress
|-supereffective|p2a: Forretress
|-damage|p2a: Forretress|26/100
|-enditem|p2a: Forretress|Red Card|[of] p1a: Revavroom
|drag|p1a: Great Tusk|Great Tusk|100/100
|-damage|p1a: Great Tusk|84/100|[from] Spikes
|-enditem|p1a: Great Tusk|Booster Energy
|-activate|p1a: Great Tusk|ability: Protosynthesis|[fromitem]
|-start|p1a: Great Tusk|protosynthesisatk
|
|upkeep
|turn|15
|
|t:|1760439639
|move|p1a: Great Tusk|Rapid Spin|p2a: Forretress
|-resisted|p2a: Forretress
|-damage|p2a: Forretress|21/100
|-boost|p1a: Great Tusk|spe|1
|-sideend|p1: senpako|Spikes|[from] move: Rapid Spin|[of] p1a: Great Tusk
|move|p2a: Forretress|Stealth Rock|p1a: Great Tusk
|-sidestart|p1: senpako|move: Stealth Rock
|
|upkeep
|turn|16
|
|t:|1760439648
|move|p1a: Great Tusk|Headlong Rush|p2a: Forretress
|-damage|p2a: Forretress|0 fnt
|-unboost|p1a: Great Tusk|def|1
|-unboost|p1a: Great Tusk|spd|1
|faint|p2a: Forretress
|
|upkeep
|
|t:|1760439655
|switch|p2a: Klefki|Klefki, M|11/100
|turn|17
|
|t:|1760439660
|move|p2a: Klefki|Light Screen|p2a: Klefki
|-sidestart|p2: hohai|move: Light Screen
|move|p1a: Great Tusk|Headlong Rush|p2a: Klefki
|-supereffective|p2a: Klefki
|-damage|p2a: Klefki|0 fnt
|-unboost|p1a: Great Tusk|def|1
|-unboost|p1a: Great Tusk|spd|1
|faint|p2a: Klefki
|
|-sideend|p2: hohai|Reflect
|upkeep
|
|t:|1760439676
|switch|p2a: Gardevoir|Gardevoir, F, shiny|100/100
|turn|18
|
|t:|1760439681
|move|p1a: Great Tusk|Rapid Spin|p2a: Gardevoir
|-damage|p2a: Gardevoir|59/100
|-boost|p1a: Great Tusk|spe|1
|-sideend|p1: senpako|Stealth Rock|[from] move: Rapid Spin|[of] p1a: Great Tusk
|move|p2a: Gardevoir|Psychic|p1a: Great Tusk
|-supereffective|p1a: Great Tusk
|-damage|p1a: Great Tusk|0 fnt
|faint|p1a: Great Tusk
|-end|p1a: Great Tusk|Protosynthesis|[silent]
|-heal|p2a: Gardevoir|73/100|[from] item: Shell Bell|[of] p1: Great Tusk
|
|upkeep
|
|t:|1760439686
|switch|p1a: Revavroom|Revavroom, M, shiny|22/100
|-ability|p2a: Gardevoir|Filter|Trace|[from] ability: Trace|[of] p1a: Revavroom
|turn|19
|
|t:|1760439694
|move|p2a: Gardevoir|Mystical Fire|p1a: Revavroom
|-supereffective|p1a: Revavroom
|-damage|p1a: Revavroom|0 fnt
|faint|p1a: Revavroom
|-heal|p2a: Gardevoir|76/100|[from] item: Shell Bell|[of] p1: Revavroom
|
|upkeep
|
|t:|1760439697
|switch|p1a: Raging Bolt|Raging Bolt|100/100
|-enditem|p1a: Raging Bolt|Booster Energy
|-activate|p1a: Raging Bolt|ability: Protosynthesis|[fromitem]
|-start|p1a: Raging Bolt|protosynthesisspa
|turn|20
|
|t:|1760439707
|-terastallize|p2a: Gardevoir|Psychic
|-terastallize|p1a: Raging Bolt|Ice
|move|p2a: Gardevoir|Moonblast|p1a: Raging Bolt
|-damage|p1a: Raging Bolt|62/100
|-heal|p2a: Gardevoir|84/100|[from] item: Shell Bell|[of] p1a: Raging Bolt
|move|p1a: Raging Bolt|Thunderbolt|p2a: Gardevoir
|-damage|p2a: Gardevoir|45/100
|
|upkeep
|turn|21
|
|t:|1760439721
|move|p2a: Gardevoir|Mystical Fire|p1a: Raging Bolt
|-supereffective|p1a: Raging Bolt
|-damage|p1a: Raging Bolt|17/100
|-unboost|p1a: Raging Bolt|spa|1
|-heal|p2a: Gardevoir|54/100|[from] item: Shell Bell|[of] p1a: Raging Bolt
|move|p1a: Raging Bolt|Thunderbolt|p2a: Gardevoir
|-damage|p2a: Gardevoir|30/100
|
|upkeep
|turn|22
|
|t:|1760439730
|move|p1a: Raging Bolt|Thunderclap|p2a: Gardevoir
|-damage|p2a: Gardevoir|9/100
|move|p2a: Gardevoir|Mystical Fire|p1a: Raging Bolt
|-supereffective|p1a: Raging Bolt
|-damage|p1a: Raging Bolt|0 fnt
|faint|p1a: Raging Bolt
|-end|p1a: Raging Bolt|Protosynthesis|[silent]
|-heal|p2a: Gardevoir|12/100|[from] item: Shell Bell|[of] p1: Raging Bolt
|
|win|hohai
|raw|senpako's rating: 1158 &rarr; <strong>1130</strong><br />(-28 for losing)
|raw|hohai's rating: 1119 &rarr; <strong>1147</strong><br />(+28 for winning)
|l|☆senpako
|player|p1|
|l|☆hohai
|player|p2|
