|j|☆Tako Chang
|j|☆Chuck2025
|t:|1760435648
|gametype|singles
|player|p1|Tako Chang|acetrainer-gen4|1395
|player|p2|Chuck2025|2|1376
|gen|9
|tier|[Gen 9] OU
|rated|
|rule|HP Percentage Mod: HP is shown in percentages
|rule|Endless Battle Clause: Forcing endless battles is banned
|rule|Species Clause: Limit one of each Pokémon
|rule|OHKO Clause: OHKO moves are banned
|rule|Evasion Items Clause: Evasion items are banned
|rule|Evasion Moves Clause: Evasion moves are banned
|rule|Evasion Abilities Clause: Evasion abilities are banned
|rule|Sleep Moves Clause: Sleep-inducing moves are banned
|clearpoke
|poke|p1|Dragonite, M|
|poke|p1|Iron Valiant|
|poke|p1|Ninetales-Alola, F|
|poke|p1|Gholdengo|
|poke|p1|Greninja-*, M|
|poke|p1|Serperior, F|
|poke|p2|Enamorus, F|
|poke|p2|Dragonite, F|
|poke|p2|Volcanion|
|poke|p2|Zamazenta-*|
|poke|p2|Meloetta|
|poke|p2|Iron Hands|
|teampreview
|inactive|Battle timer is ON: inactive players will automatically lose when time's up. (requested by Tako Chang)
|
|t:|1760435663
|teamsize|p1|6
|teamsize|p2|6
|start
|switch|p1a: Ninetales|Ninetales-Alola, F|100/100
|switch|p2a: Iron Hands|Iron Hands, shiny|100/100
|-weather|Snowscape|[from] ability: Snow Warning|[of] p1a: Ninetales
|turn|1
|
|t:|1760435672
|move|p1a: Ninetales|Aurora Veil|p1a: Ninetales
|-sidestart|p1: Tako Chang|move: Aurora Veil
|move|p2a: Iron Hands|Heavy Slam|p1a: Ninetales
|-supereffective|p1a: Ninetales
|-damage|p1a: Ninetales|16/100
|
|-weather|Snowscape|[upkeep]
|upkeep
|turn|2
|
|t:|1760435682
|move|p1a: Ninetales|Extrasensory|p2a: Iron Hands
|-supereffective|p2a: Iron Hands
|-damage|p2a: Iron Hands|71/100
|move|p2a: Iron Hands|Heavy Slam|p1a: Ninetales
|-supereffective|p1a: Ninetales
|-damage|p1a: Ninetales|0 fnt
|faint|p1a: Ninetales
|
|-weather|Snowscape|[upkeep]
|upkeep
|
|t:|1760435694
|switch|p1a: Serperior|Serperior, F, shiny|100/100
|turn|3
|
|t:|1760435698
|move|p1a: Serperior|Leaf Storm|p2a: Iron Hands
|-damage|p2a: Iron Hands|30/100
|-boost|p1a: Serperior|spa|2
|move|p2a: Iron Hands|Ice Punch|p1a: Serperior
|-supereffective|p1a: Serperior
|-damage|p1a: Serperior|66/100
|
|-weather|Snowscape|[upkeep]
|-heal|p1a: Serperior|73/100|[from] item: Leftovers
|upkeep
|turn|4
|
|t:|1760435709
|move|p1a: Serperior|Leaf Storm|p2a: Iron Hands
|-damage|p2a: Iron Hands|0 fnt
|-boost|p1a: Serperior|spa|2
|faint|p2a: Iron Hands
|-end|p2a: Iron Hands|Quark Drive|[silent]
|
|-weather|Snowscape|[upkeep]
|-heal|p1a: Serperior|79/100|[from] item: Leftovers
|upkeep
|
|t:|1760435718
|switch|p2a: Volcanion|Volcanion|100/100
|turn|5
|
|t:|1760435724
|-terastallize|p1a: Serperior|Fire
|move|p1a: Serperior|Leaf Storm|p2a: Volcanion
|-damage|p2a: Volcanion|0 fnt
|-boost|p1a: Serperior|spa|2
|faint|p2a: Volcanion
|
|-weather|none
|-heal|p1a: Serperior|85/100|[from] item: Leftovers
|upkeep
|-message|Chuck2025 forfeited.
|
|win|Tako Chang
|raw|Tako Chang's rating: 1395 &rarr; <strong>1414</strong><br />(+19 for winning)
|raw|Chuck2025's rating: 1376 &rarr; <strong>1357</strong><br />(-19 for losing)
|l|☆Chuck2025
|player|p2|
