|j|☆supajay3
|j|☆All Glove No Hands
|t:|1760311707
|gametype|singles
|player|p1|supajay3|kieran|1125
|player|p2|All Glove No Hands|kieran-festival|1181
|gen|9
|tier|[Gen 9] OU
|rated|
|rule|HP Percentage Mod: HP is shown in percentages
|rule|Endless Battle Clause: Forcing endless battles is banned
|rule|Species Clause: Limit one of each Pokémon
|rule|OHKO Clause: OHKO moves are banned
|rule|Evasion Items Clause: Evasion items are banned
|rule|Evasion Moves Clause: Evasion moves are banned
|rule|Evasion Abilities Clause: Evasion abilities are banned
|rule|Sleep Moves Clause: Sleep-inducing moves are banned
|clearpoke
|poke|p1|Clodsire, F|
|poke|p1|Dondozo, F|
|poke|p1|Gliscor, F|
|poke|p1|Corviknight, M|
|poke|p1|Toxapex, F|
|poke|p1|Blissey, F|
|poke|p2|Landorus-Therian, M|
|poke|p2|Samurott-Hisui, M|
|poke|p2|Pecharunt|
|poke|p2|Scizor, F|
|poke|p2|Latios, M|
|poke|p2|Zamazenta-*|
|teampreview
|inactive|Battle timer is ON: inactive players will automatically lose when time's up. (requested by supajay3)
|inactive|All Glove No Hands also wants the timer to be on.
|inactive|All Glove No Hands has 120 seconds left.
|
|t:|1760311739
|teamsize|p1|6
|teamsize|p2|6
|start
|switch|p1a: Gliscor|Gliscor, F|100/100
|switch|p2a: Landorus|Landorus-Therian, M|100/100
|-ability|p2a: Landorus|Intimidate|boost
|-unboost|p1a: Gliscor|atk|1
|turn|1
|
|t:|1760311745
|move|p2a: Landorus|Stealth Rock|p1a: Gliscor
|-sidestart|p1: supajay3|move: Stealth Rock
|move|p1a: Gliscor|Toxic|p2a: Landorus
|-status|p2a: Landorus|tox
|
|-damage|p2a: Landorus|94/100 tox|[from] psn
|-status|p1a: Gliscor|tox|[from] item: Toxic Orb
|upkeep
|turn|2
|
|t:|1760311764
|move|p2a: Landorus|Smack Down|p1a: Gliscor
|-damage|p1a: Gliscor|91/100 tox
|-start|p1a: Gliscor|Smack Down
|move|p1a: Gliscor|Spikes|p2a: Landorus
|-sidestart|p2: All Glove No Hands|Spikes
|
|-damage|p2a: Landorus|82/100 tox|[from] psn
|-heal|p1a: Gliscor|100/100 tox|[from] ability: Poison Heal
|upkeep
|turn|3
|
|t:|1760311770
|move|p2a: Landorus|U-turn|p1a: Gliscor
|-resisted|p1a: Gliscor
|-crit|p1a: Gliscor
|-damage|p1a: Gliscor|90/100 tox
|
|t:|1760311778
|switch|p2a: Samurott|Samurott-Hisui, M|100/100|[from] U-turn
|-damage|p2a: Samurott|88/100|[from] Spikes
|move|p1a: Gliscor|Spikes|p2a: Samurott
|-sidestart|p2: All Glove No Hands|Spikes
|
|-heal|p1a: Gliscor|100/100 tox|[from] ability: Poison Heal
|upkeep
|turn|4
|
|t:|1760311793
|move|p2a: Samurott|Ceaseless Edge|p1a: Gliscor
|-damage|p1a: Gliscor|71/100 tox
|-sidestart|p1: supajay3|Spikes
|move|p1a: Gliscor|Toxic|p2a: Samurott|[miss]
|-miss|p1a: Gliscor|p2a: Samurott
|
|-heal|p1a: Gliscor|84/100 tox|[from] ability: Poison Heal
|upkeep
|turn|5
|c|☆supajay3|what the fuck
|
|t:|1760311805
|move|p2a: Samurott|Ceaseless Edge|p1a: Gliscor
|-damage|p1a: Gliscor|52/100 tox
|-sidestart|p1: supajay3|Spikes
|move|p1a: Gliscor|Toxic|p2a: Samurott
|-status|p2a: Samurott|tox
|
|-damage|p2a: Samurott|82/100 tox|[from] psn
|-heal|p1a: Gliscor|64/100 tox|[from] ability: Poison Heal
|upkeep
|turn|6
|inactive|supajay3 has 120 seconds left.
|
|t:|1760311848
|move|p2a: Samurott|Ceaseless Edge|p1a: Gliscor
|-damage|p1a: Gliscor|33/100 tox
|-sidestart|p1: supajay3|Spikes
|move|p1a: Gliscor|Spikes|p2a: Samurott
|-sidestart|p2: All Glove No Hands|Spikes
|
|-damage|p2a: Samurott|70/100 tox|[from] psn
|-heal|p1a: Gliscor|46/100 tox|[from] ability: Poison Heal
|upkeep
|turn|7
|
|t:|1760311857
|move|p1a: Gliscor|Protect|p1a: Gliscor
|-singleturn|p1a: Gliscor|Protect
|move|p2a: Samurott|Razor Shell|p1a: Gliscor
|-activate|p1a: Gliscor|move: Protect
|
|-damage|p2a: Samurott|51/100 tox|[from] psn
|-heal|p1a: Gliscor|58/100 tox|[from] ability: Poison Heal
|upkeep
|turn|8
|inactive|supajay3 has 120 seconds left.
|
|t:|1760311871
|switch|p1a: Clodsire|Clodsire, F|100/100
|move|p2a: Samurott|Razor Shell|p1a: Clodsire
|-immune|p1a: Clodsire|[from] ability: Water Absorb
|
|-damage|p2a: Samurott|26/100 tox|[from] psn
|upkeep
|turn|9
|
|t:|1760311881
|move|p2a: Samurott|Ceaseless Edge|p1a: Clodsire|[miss]
|-miss|p2a: Samurott|p1a: Clodsire
|move|p1a: Clodsire|Stealth Rock|p2a: Samurott
|-sidestart|p2: All Glove No Hands|move: Stealth Rock
|
|-damage|p2a: Samurott|0 fnt|[from] psn
|faint|p2a: Samurott
|upkeep
|
|t:|1760311885
|switch|p2a: Latios|Latios, M, shiny|100/100
|-damage|p2a: Latios|88/100|[from] Stealth Rock
|turn|10
|
|t:|1760311895
|switch|p1a: Blissey|Blissey, F|100/100
|-damage|p1a: Blissey|88/100|[from] Stealth Rock
|-damage|p1a: Blissey|63/100|[from] Spikes
|-terastallize|p2a: Latios|Steel
|move|p2a: Latios|Calm Mind|p2a: Latios
|-boost|p2a: Latios|spa|1
|-boost|p2a: Latios|spd|1
|
|upkeep
|turn|11
|
|t:|1760311905
|move|p2a: Latios|Calm Mind|p2a: Latios
|-boost|p2a: Latios|spa|1
|-boost|p2a: Latios|spd|1
|move|p1a: Blissey|Skill Swap|p2a: Latios
|-activate|p1a: Blissey|move: Skill Swap|Levitate|Natural Cure|[of] p2a: Latios
|
|upkeep
|turn|12
|
|t:|1760311913
|switch|p1a: Gliscor|Gliscor, F|58/100 tox
|-damage|p1a: Gliscor|46/100 tox|[from] Stealth Rock
|move|p2a: Latios|Psychic Noise|p1a: Gliscor
|-damage|p1a: Gliscor|0 fnt
|faint|p1a: Gliscor
|
|upkeep
|
|t:|1760311915
|switch|p1a: Clodsire|Clodsire, F|100/100
|turn|13
|
|t:|1760311921
|move|p2a: Latios|Psychic Noise|p1a: Clodsire
|-supereffective|p1a: Clodsire
|-damage|p1a: Clodsire|7/100
|-start|p1a: Clodsire|move: Heal Block
|move|p1a: Clodsire|Earthquake|p2a: Latios
|-supereffective|p2a: Latios
|-damage|p2a: Latios|8/100
|
|upkeep
|turn|14
|-message|supajay3 forfeited.
|
|win|All Glove No Hands
|raw|supajay3's rating: 1125 &rarr; <strong>1104</strong><br />(-21 for losing)
|raw|All Glove No Hands's rating: 1181 &rarr; <strong>1202</strong><br />(+21 for winning)
|l|☆supajay3
|player|p1|
