|j|☆KingWhacka
|j|☆godliestwalrus
|t:|1760401066
|gametype|singles
|player|p1|KingWhacka|266|1426
|player|p2|godliestwalrus|acerola|1400
|gen|9
|tier|[Gen 9] OU
|rated|
|rule|HP Percentage Mod: HP is shown in percentages
|rule|Endless Battle Clause: Forcing endless battles is banned
|rule|Species Clause: Limit one of each Pokémon
|rule|OHKO Clause: OHKO moves are banned
|rule|Evasion Items Clause: Evasion items are banned
|rule|Evasion Moves Clause: Evasion moves are banned
|rule|Evasion Abilities Clause: Evasion abilities are banned
|rule|Sleep Moves Clause: Sleep-inducing moves are banned
|clearpoke
|poke|p1|Hatterene, F|
|poke|p1|Pecharunt|
|poke|p1|Ting-Lu|
|poke|p1|Dragapult, M|
|poke|p1|Garganacl, F|
|poke|p1|Scizor, F|
|poke|p2|Primarina, F|
|poke|p2|Ceruledge, M|
|poke|p2|Corviknight, M|
|poke|p2|Gliscor, M|
|poke|p2|Latios, M|
|poke|p2|Meowscarada, M|
|teampreview
|inactive|Battle timer is ON: inactive players will automatically lose when time's up. (requested by godliestwalrus)
|
|t:|1760401076
|teamsize|p1|6
|teamsize|p2|6
|start
|switch|p1a: Scizor|Scizor, F|100/100
|switch|p2a: Primarina|Primarina, F|100/100
|turn|1
|
|t:|1760401084
|switch|p2a: Corviknight|Corviknight, M|100/100
|-ability|p2a: Corviknight|Pressure
|move|p1a: Scizor|U-turn|p2a: Corviknight
|-resisted|p2a: Corviknight
|-damage|p2a: Corviknight|92/100
|-damage|p1a: Scizor|84/100|[from] item: Rocky Helmet|[of] p2a: Corviknight
|
|t:|1760401088
|switch|p1a: Garganacl|Garganacl, F|100/100|[from] U-turn
|
|upkeep
|turn|2
|
|t:|1760401098
|move|p2a: Corviknight|Body Press|p1a: Garganacl
|-supereffective|p1a: Garganacl
|-damage|p1a: Garganacl|72/100
|move|p1a: Garganacl|Salt Cure|p2a: Corviknight
|-damage|p2a: Corviknight|83/100
|-start|p2a: Corviknight|Salt Cure
|
|-heal|p1a: Garganacl|78/100|[from] item: Leftovers
|-damage|p2a: Corviknight|59/100|[from] Salt Cure
|upkeep
|turn|3
|
|t:|1760401103
|switch|p2a: Gliscor|Gliscor, M|100/100
|move|p1a: Garganacl|Salt Cure|p2a: Gliscor
|-damage|p2a: Gliscor|89/100
|-start|p2a: Gliscor|Salt Cure
|
|-heal|p1a: Garganacl|84/100|[from] item: Leftovers
|-damage|p2a: Gliscor|77/100|[from] Salt Cure
|-status|p2a: Gliscor|tox|[from] item: Toxic Orb
|upkeep
|turn|4
|
|t:|1760401111
|switch|p1a: Hatterene|Hatterene, F, shiny|100/100
|move|p2a: Gliscor|Earthquake|p1a: Hatterene
|-damage|p1a: Hatterene|75/100
|
|-heal|p1a: Hatterene|81/100|[from] item: Leftovers
|-heal|p2a: Gliscor|89/100 tox|[from] ability: Poison Heal
|-damage|p2a: Gliscor|77/100 tox|[from] Salt Cure
|upkeep
|turn|5
|
|t:|1760401118
|switch|p2a: Ceruledge|Ceruledge, M|100/100
|move|p1a: Hatterene|Calm Mind|p1a: Hatterene
|-boost|p1a: Hatterene|spa|1
|-boost|p1a: Hatterene|spd|1
|
|-heal|p1a: Hatterene|87/100|[from] item: Leftovers
|upkeep
|turn|6
|
|t:|1760401122
|move|p2a: Ceruledge|Poltergeist|p1a: Hatterene
|-activate|p1a: Hatterene|move: Poltergeist|Leftovers
|-supereffective|p1a: Hatterene
|-damage|p1a: Hatterene|1/100
|move|p1a: Hatterene|Psychic Noise|p2a: Ceruledge
|-damage|p2a: Ceruledge|54/100
|-start|p2a: Ceruledge|move: Heal Block
|
|-heal|p1a: Hatterene|7/100|[from] item: Leftovers
|upkeep
|turn|7
|
|t:|1760401132
|switch|p2a: Meowscarada|Meowscarada, M|100/100
|move|p1a: Hatterene|Draining Kiss|p2a: Meowscarada
|-supereffective|p2a: Meowscarada
|-damage|p2a: Meowscarada|0 fnt
|-heal|p1a: Hatterene|77/100|[from] drain|[of] p2a: Meowscarada
|faint|p2a: Meowscarada
|
|-heal|p1a: Hatterene|83/100|[from] item: Leftovers
|upkeep
|c|☆godliestwalrus|ok
|c|☆godliestwalrus|0 reason to not go garg there btw
|-message|godliestwalrus forfeited.
|
|win|KingWhacka
|raw|KingWhacka's rating: 1426 &rarr; <strong>1445</strong><br />(+19 for winning)
|raw|godliestwalrus's rating: 1400 &rarr; <strong>1381</strong><br />(-19 for losing)
|l|☆godliestwalrus
|player|p2|
|c|☆KingWhacka|OkY
