|j|☆sabunoko
|j|☆Charle_phate
|t:|1760415173
|gametype|singles
|player|p1|sabunoko|ethan|1258
|player|p2|Charle_phate|blue|1268
|gen|9
|tier|[Gen 9] OU
|rated|
|rule|HP Percentage Mod: HP is shown in percentages
|rule|Endless Battle Clause: Forcing endless battles is banned
|rule|Species Clause: Limit one of each Pokémon
|rule|OHKO Clause: OHKO moves are banned
|rule|Evasion Items Clause: Evasion items are banned
|rule|Evasion Moves Clause: Evasion moves are banned
|rule|Evasion Abilities Clause: Evasion abilities are banned
|rule|Sleep Moves Clause: Sleep-inducing moves are banned
|clearpoke
|poke|p1|Torkoal, F|
|poke|p1|Venusaur, F|
|poke|p1|Walking Wake|
|poke|p1|Landorus-Therian, M|
|poke|p1|Hatterene, F|
|poke|p1|Kingambit, M|
|poke|p2|Serperior, M|
|poke|p2|Rotom-Wash|
|poke|p2|Zapdos|
|poke|p2|Heatran, M|
|poke|p2|Clefable, M|
|poke|p2|Landorus-Therian, M|
|teampreview
|
|t:|1760415184
|teamsize|p1|6
|teamsize|p2|6
|start
|switch|p1a: Torkoal|Torkoal, F|100/100
|switch|p2a: Rotom|Rotom-Wash|100/100
|-weather|SunnyDay|[from] ability: Drought|[of] p1a: Torkoal
|turn|1
|inactive|Battle timer is ON: inactive players will automatically lose when time's up. (requested by Charle_phate)
|
|t:|1760415193
|move|p2a: Rotom|Thunder Wave|p1a: Torkoal
|-status|p1a: Torkoal|par
|move|p1a: Torkoal|Stealth Rock|p2a: Rotom
|-sidestart|p2: Charle_phate|move: Stealth Rock
|
|-weather|SunnyDay|[upkeep]
|upkeep
|turn|2
|
|t:|1760415205
|switch|p1a: Hatterene|Hatterene, F|100/100
|move|p2a: Rotom|Charge Beam|p1a: Hatterene
|-damage|p1a: Hatterene|83/100
|-boost|p2a: Rotom|spa|1
|
|-weather|SunnyDay|[upkeep]
|upkeep
|turn|3
|
|t:|1760415215
|move|p2a: Rotom|Charge Beam|p1a: Hatterene
|-damage|p1a: Hatterene|58/100
|move|p1a: Hatterene|Mystical Fire|p2a: Rotom
|-resisted|p2a: Rotom
|-damage|p2a: Rotom|84/100
|-unboost|p2a: Rotom|spa|1
|
|-weather|SunnyDay|[upkeep]
|-heal|p2a: Rotom|90/100|[from] item: Leftovers
|upkeep
|turn|4
|
|t:|1760415231
|switch|p1a: Venusaur|Venusaur, F|100/100
|move|p2a: Rotom|Charge Beam|p1a: Venusaur
|-resisted|p1a: Venusaur
|-damage|p1a: Venusaur|90/100
|-boost|p2a: Rotom|spa|1
|
|-weather|SunnyDay|[upkeep]
|-heal|p2a: Rotom|96/100|[from] item: Leftovers
|upkeep
|turn|5
|
|t:|1760415238
|move|p1a: Venusaur|Energy Ball|p2a: Rotom
|-supereffective|p2a: Rotom
|-damage|p2a: Rotom|0 fnt
|faint|p2a: Rotom
|-damage|p1a: Venusaur|80/100|[from] item: Life Orb
|
|-weather|SunnyDay|[upkeep]
|upkeep
|inactive|Charle_phate has 120 seconds left.
|
|t:|1760415277
|switch|p2a: Clefable|Clefable, M|100/100
|turn|6
|
|t:|1760415282
|-terastallize|p2a: Clefable|Fire
|move|p1a: Venusaur|Growth|p1a: Venusaur
|-boost|p1a: Venusaur|atk|2
|-boost|p1a: Venusaur|spa|2
|move|p2a: Clefable|Calm Mind|p2a: Clefable
|-boost|p2a: Clefable|spa|1
|-boost|p2a: Clefable|spd|1
|
|-weather|SunnyDay|[upkeep]
|upkeep
|turn|7
|
|t:|1760415296
|move|p1a: Venusaur|Sludge Bomb|p2a: Clefable
|-damage|p2a: Clefable|38/100
|-damage|p1a: Venusaur|71/100|[from] item: Life Orb
|move|p2a: Clefable|Calm Mind|p2a: Clefable
|-boost|p2a: Clefable|spa|1
|-boost|p2a: Clefable|spd|1
|
|-weather|SunnyDay|[upkeep]
|-heal|p2a: Clefable|44/100|[from] item: Leftovers
|upkeep
|turn|8
|
|t:|1760415308
|move|p1a: Venusaur|Sludge Bomb|p2a: Clefable
|-damage|p2a: Clefable|0 fnt
|faint|p2a: Clefable
|-damage|p1a: Venusaur|61/100|[from] item: Life Orb
|
|-weather|none
|upkeep
|
|t:|1760415325
|switch|p2a: Zapdos|Zapdos|100/100
|-damage|p2a: Zapdos|76/100|[from] Stealth Rock
|turn|9
|
|t:|1760415342
|switch|p1a: Torkoal|Torkoal, F|100/100 par
|-weather|SunnyDay|[from] ability: Drought|[of] p1a: Torkoal
|move|p2a: Zapdos|Ancient Power|p1a: Torkoal
|-supereffective|p1a: Torkoal
|-damage|p1a: Torkoal|45/100 par
|
|-weather|SunnyDay|[upkeep]
|upkeep
|turn|10
|
|t:|1760415358
|switch|p1a: Walking Wake|Walking Wake|100/100
|-activate|p1a: Walking Wake|ability: Protosynthesis
|-start|p1a: Walking Wake|protosynthesisspe
|move|p2a: Zapdos|Ancient Power|p1a: Walking Wake
|-damage|p1a: Walking Wake|73/100
|
|-weather|SunnyDay|[upkeep]
|upkeep
|turn|11
|
|t:|1760415384
|move|p1a: Walking Wake|Hydro Steam|p2a: Zapdos
|-damage|p2a: Zapdos|4/100
|-damage|p1a: Walking Wake|63/100|[from] item: Life Orb
|move|p2a: Zapdos|Discharge|p1a: Walking Wake
|-damage|p1a: Walking Wake|8/100
|
|-weather|SunnyDay|[upkeep]
|upkeep
|turn|12
|inactive|sabunoko has 120 seconds left.
|
|t:|1760415410
|-end|p1a: Walking Wake|Protosynthesis|[silent]
|switch|p1a: Hatterene|Hatterene, F|58/100
|move|p2a: Zapdos|Ancient Power|p1a: Hatterene
|-damage|p1a: Hatterene|36/100
|
|-weather|SunnyDay|[upkeep]
|upkeep
|turn|13
|
|t:|1760415418
|move|p2a: Zapdos|Roost|p2a: Zapdos
|-heal|p2a: Zapdos|54/100
|-singleturn|p2a: Zapdos|move: Roost
|move|p1a: Hatterene|Healing Wish|p1a: Hatterene
|faint|p1a: Hatterene
|
|-weather|SunnyDay|[upkeep]
|upkeep
|
|t:|1760415427
|switch|p1a: Walking Wake|Walking Wake|8/100
|-heal|p1a: Walking Wake|100/100|[from] move: Healing Wish
|-activate|p1a: Walking Wake|ability: Protosynthesis
|-start|p1a: Walking Wake|protosynthesisspe
|turn|14
|
|t:|1760415445
|move|p1a: Walking Wake|Hydro Steam|p2a: Zapdos
|-damage|p2a: Zapdos|0 fnt
|faint|p2a: Zapdos
|-damage|p1a: Walking Wake|91/100|[from] item: Life Orb
|
|-weather|SunnyDay|[upkeep]
|upkeep
|
|t:|1760415450
|switch|p2a: Serperior|Serperior, M|100/100
|-damage|p2a: Serperior|88/100|[from] Stealth Rock
|turn|15
|
|t:|1760415456
|move|p1a: Walking Wake|Flamethrower|p2a: Serperior
|-supereffective|p2a: Serperior
|-damage|p2a: Serperior|0 fnt
|faint|p2a: Serperior
|-damage|p1a: Walking Wake|81/100|[from] item: Life Orb
|
|-weather|SunnyDay|[upkeep]
|upkeep
|
|t:|1760415464
|switch|p2a: Landorus|Landorus-Therian, M|100/100
|-damage|p2a: Landorus|88/100|[from] Stealth Rock
|-ability|p2a: Landorus|Intimidate|boost
|-unboost|p1a: Walking Wake|atk|1
|turn|16
|
|t:|1760415470
|move|p1a: Walking Wake|Hydro Steam|p2a: Landorus
|-supereffective|p2a: Landorus
|-damage|p2a: Landorus|0 fnt
|faint|p2a: Landorus
|-damage|p1a: Walking Wake|71/100|[from] item: Life Orb
|
|-weather|none
|-end|p1a: Walking Wake|Protosynthesis
|upkeep
|
|t:|1760415472
|switch|p2a: Heatran|Heatran, M|100/100
|-damage|p2a: Heatran|88/100|[from] Stealth Rock
|turn|17
|
|t:|1760415483
|move|p1a: Walking Wake|Hydro Steam|p2a: Heatran
|-supereffective|p2a: Heatran
|-damage|p2a: Heatran|25/100
|-damage|p1a: Walking Wake|61/100|[from] item: Life Orb
|move|p2a: Heatran|Ancient Power|p1a: Walking Wake
|-damage|p1a: Walking Wake|40/100
|
|-heal|p2a: Heatran|31/100|[from] item: Leftovers
|upkeep
|turn|18
|
|t:|1760415488
|move|p1a: Walking Wake|Hydro Steam|p2a: Heatran
|-supereffective|p2a: Heatran
|-damage|p2a: Heatran|0 fnt
|faint|p2a: Heatran
|-damage|p1a: Walking Wake|30/100|[from] item: Life Orb
|
|win|sabunoko
|raw|sabunoko's rating: 1258 &rarr; <strong>1285</strong><br />(+27 for winning)
|raw|Charle_phate's rating: 1288 &rarr; <strong>1261</strong><br />(-27 for losing)
|l|☆sabunoko
|player|p1|
|l|☆Charle_phate
|player|p2|
