|j|☆Samjack_2001
|j|☆Navoros
|t:|1760372469
|gametype|singles
|player|p1|Samjack_2001|n|1268
|player|p2|Navoros|2|1326
|gen|9
|tier|[Gen 9] OU
|rated|
|rule|HP Percentage Mod: HP is shown in percentages
|rule|Endless Battle Clause: Forcing endless battles is banned
|rule|Species Clause: Limit one of each Pokémon
|rule|OHKO Clause: OHKO moves are banned
|rule|Evasion Items Clause: Evasion items are banned
|rule|Evasion Moves Clause: Evasion moves are banned
|rule|Evasion Abilities Clause: Evasion abilities are banned
|rule|Sleep Moves Clause: Sleep-inducing moves are banned
|clearpoke
|poke|p1|Clefable, F|
|poke|p1|Slowking-Galar, M|
|poke|p1|Great Tusk|
|poke|p1|Oricorio-Pom-Pom, F|
|poke|p1|Corviknight, M|
|poke|p1|Dragonite, F|
|poke|p2|Sableye, M|
|poke|p2|Samurott-Hisui, M|
|poke|p2|Lokix, F|
|poke|p2|Toxicroak, M|
|poke|p2|Slowking-Galar, F|
|poke|p2|Alomomola, F|
|teampreview
|
|t:|1760372475
|teamsize|p1|6
|teamsize|p2|6
|start
|switch|p1a: Boldi|Clefable, F|100/100
|switch|p2a: Alomomola|Alomomola, F|100/100
|turn|1
|inactive|Battle timer is ON: inactive players will automatically lose when time's up. (requested by Navoros)
|
|t:|1760372481
|move|p1a: Boldi|Stealth Rock|p2a: Alomomola
|-sidestart|p2: Navoros|move: Stealth Rock
|move|p2a: Alomomola|Flip Turn|p1a: Boldi
|-damage|p1a: Boldi|88/100
|
|t:|1760372488
|switch|p2a: Sableye|Sableye, M, shiny|100/100|[from] Flip Turn
|
|-heal|p1a: Boldi|94/100|[from] item: Leftovers
|upkeep
|turn|2
|
|t:|1760372495
|move|p2a: Sableye|Encore|p1a: Boldi
|-start|p1a: Boldi|Encore
|move|p1a: Boldi|Stealth Rock||[still]
|-fail|p1a: Boldi
|
|-heal|p1a: Boldi|99/100|[from] item: Leftovers
|upkeep
|turn|3
|
|t:|1760372500
|switch|p1a: Il pappone|Slowking-Galar, M|100/100
|move|p2a: Sableye|Knock Off|p1a: Il pappone
|-supereffective|p1a: Il pappone
|-damage|p1a: Il pappone|43/100
|-enditem|p1a: Il pappone|Heavy-Duty Boots|[from] move: Knock Off|[of] p2a: Sableye
|
|upkeep
|turn|4
|
|t:|1760372509
|switch|p2a: Slowking|Slowking-Galar, F|100/100
|-prepare|p1a: Il pappone|Chilly Reception|[premajor]
|move|p1a: Il pappone|Chilly Reception|p1a: Il pappone
|-weather|Snowscape
|
|t:|1760372522
|switch|p1a: Il trattore|Great Tusk|100/100|[from] Chilly Reception
|-enditem|p1a: Il trattore|Booster Energy
|-activate|p1a: Il trattore|ability: Protosynthesis|[fromitem]
|-start|p1a: Il trattore|protosynthesisspe
|
|-weather|Snowscape|[upkeep]
|upkeep
|turn|5
|
|t:|1760372547
|-terastallize|p2a: Slowking|Ice
|move|p1a: Il trattore|Headlong Rush|p2a: Slowking
|-damage|p2a: Slowking|64/100
|-unboost|p1a: Il trattore|def|1
|-unboost|p1a: Il trattore|spd|1
|move|p2a: Slowking|Ice Beam|p1a: Il trattore
|-supereffective|p1a: Il trattore
|-crit|p1a: Il trattore
|-damage|p1a: Il trattore|0 fnt
|faint|p1a: Il trattore
|-end|p1a: Il trattore|Protosynthesis|[silent]
|
|-weather|Snowscape|[upkeep]
|upkeep
|
|t:|1760372561
|switch|p1a: Oricorio|Oricorio-Pom-Pom, F|100/100
|turn|6
|
|t:|1760372567
|move|p1a: Oricorio|Quiver Dance|p1a: Oricorio
|-boost|p1a: Oricorio|spa|1
|-boost|p1a: Oricorio|spd|1
|-boost|p1a: Oricorio|spe|1
|-prepare|p2a: Slowking|Chilly Reception|[premajor]
|move|p2a: Slowking|Chilly Reception|p2a: Slowking
|
|t:|1760372571
|switch|p2a: Sableye|Sableye, M, shiny|100/100|[from] Chilly Reception
|
|-weather|Snowscape|[upkeep]
|upkeep
|turn|7
|
|t:|1760372577
|switch|p1a: Il pappone|Slowking-Galar, M|76/100
|move|p2a: Sableye|Encore||[still]
|-fail|p2a: Sableye
|
|-weather|Snowscape|[upkeep]
|upkeep
|turn|8
|
|t:|1760372583
|move|p2a: Sableye|Will-O-Wisp|p1a: Il pappone
|-status|p1a: Il pappone|brn
|-prepare|p1a: Il pappone|Chilly Reception|[premajor]
|move|p1a: Il pappone|Chilly Reception|p1a: Il pappone
|
|t:|1760372588
|switch|p1a: De Sica|Corviknight, M|100/100|[from] Chilly Reception
|-ability|p1a: De Sica|Pressure
|
|-weather|none
|upkeep
|turn|9
|
|t:|1760372593
|move|p2a: Sableye|Will-O-Wisp|p1a: De Sica
|-status|p1a: De Sica|brn
|move|p1a: De Sica|U-turn|p2a: Sableye
|-damage|p2a: Sableye|93/100
|-message|Samjack_2001 forfeited.
|
|win|Navoros
|raw|Samjack_2001's rating: 1268 &rarr; <strong>1247</strong><br />(-21 for losing)
|raw|Navoros's rating: 1326 &rarr; <strong>1343</strong><br />(+17 for winning)
|l|☆Samjack_2001
|player|p1|
|l|☆Navoros
|player|p2|
