|j|☆Bigbassfisherman
|j|☆Doomingo
|t:|1760387232
|gametype|singles
|player|p1|Bigbassfisherman|fisherman-gen4|1299
|player|p2|Doomingo|1|1328
|gen|9
|tier|[Gen 9] OU
|rated|
|rule|HP Percentage Mod: HP is shown in percentages
|rule|Endless Battle Clause: Forcing endless battles is banned
|rule|Species Clause: Limit one of each Pokémon
|rule|OHKO Clause: OHKO moves are banned
|rule|Evasion Items Clause: Evasion items are banned
|rule|Evasion Moves Clause: Evasion moves are banned
|rule|Evasion Abilities Clause: Evasion abilities are banned
|rule|Sleep Moves Clause: Sleep-inducing moves are banned
|clearpoke
|poke|p1|Rillaboom, M|
|poke|p1|Gholdengo|
|poke|p1|Corviknight, M|
|poke|p1|Great Tusk|
|poke|p1|Primarina, F|
|poke|p1|Raging Bolt|
|poke|p2|Tyranitar, M|
|poke|p2|Sinistcha|
|poke|p2|Comfey, M|
|poke|p2|Bellibolt, M|
|poke|p2|Mamoswine, M|
|poke|p2|Scizor, M|
|teampreview
|inactive|Battle timer is ON: inactive players will automatically lose when time's up. (requested by Doomingo)
|
|t:|1760387254
|teamsize|p1|6
|teamsize|p2|6
|start
|switch|p1a: Rillaboom|Rillaboom, M|100/100
|switch|p2a: Glut|Bellibolt, M|100/100
|-fieldstart|move: Grassy Terrain|[from] ability: Grassy Surge|[of] p1a: Rillaboom
|turn|1
|
|t:|1760387267
|move|p1a: Rillaboom|Knock Off|p2a: Glut
|-damage|p2a: Glut|52/100
|-start|p2a: Glut|Charge|Knock Off|[from] ability: Electromorphosis
|-enditem|p2a: Glut|Shuca Berry|[from] move: Knock Off|[of] p1a: Rillaboom
|move|p2a: Glut|Soak|p1a: Rillaboom
|-start|p1a: Rillaboom|typechange|Water
|
|-heal|p2a: Glut|59/100|[from] Grassy Terrain
|upkeep
|turn|2
|
|t:|1760387277
|switch|p1a: Great Tusk|Great Tusk|100/100
|move|p2a: Glut|Toxic|p1a: Great Tusk
|-status|p1a: Great Tusk|tox
|
|-heal|p2a: Glut|65/100|[from] Grassy Terrain
|-damage|p1a: Great Tusk|94/100 tox|[from] psn
|upkeep
|turn|3
|
|t:|1760387286
|switch|p2a: Charla|Sinistcha|100/100
|move|p1a: Great Tusk|Headlong Rush|p2a: Charla
|-resisted|p2a: Charla
|-damage|p2a: Charla|73/100
|-unboost|p1a: Great Tusk|def|1
|-unboost|p1a: Great Tusk|spd|1
|
|-heal|p1a: Great Tusk|100/100 tox|[from] Grassy Terrain
|-heal|p2a: Charla|79/100|[from] Grassy Terrain
|-damage|p1a: Great Tusk|88/100 tox|[from] psn
|upkeep
|turn|4
|
|t:|1760387292
|move|p1a: Great Tusk|Ice Spinner|p2a: Charla
|-supereffective|p2a: Charla
|-damage|p2a: Charla|29/100
|-fieldend|move: Grassy Terrain
|move|p2a: Charla|Shadow Ball|p1a: Great Tusk
|-damage|p1a: Great Tusk|0 fnt
|faint|p1a: Great Tusk
|-end|p1a: Great Tusk|Protosynthesis|[silent]
|
|upkeep
|
|t:|1760387298
|switch|p1a: Rillaboom|Rillaboom, M|100/100
|-fieldstart|move: Grassy Terrain|[from] ability: Grassy Surge|[of] p1a: Rillaboom
|turn|5
|
|t:|1760387306
|switch|p2a: Glut|Bellibolt, M|65/100
|move|p1a: Rillaboom|U-turn|p2a: Glut
|-damage|p2a: Glut|27/100
|-start|p2a: Glut|Charge|U-turn|[from] ability: Electromorphosis
|
|t:|1760387315
|switch|p1a: Gholdengo|Gholdengo|100/100|[from] U-turn
|-item|p1a: Gholdengo|Air Balloon
|
|-heal|p2a: Glut|33/100|[from] Grassy Terrain
|upkeep
|turn|6
|
|t:|1760387330
|move|p1a: Gholdengo|Shadow Ball|p2a: Glut
|-damage|p2a: Glut|3/100
|-start|p2a: Glut|Charge|Shadow Ball|[from] ability: Electromorphosis
|move|p2a: Glut|Parabolic Charge|p1a: Gholdengo
|-damage|p1a: Gholdengo|34/100
|-heal|p2a: Glut|34/100|[from] drain|[of] p1a: Gholdengo
|-enditem|p1a: Gholdengo|Air Balloon
|-end|p2a: Glut|Charge|[silent]
|
|-heal|p1a: Gholdengo|40/100|[from] Grassy Terrain
|-heal|p2a: Glut|40/100|[from] Grassy Terrain
|upkeep
|turn|7
|
|t:|1760387347
|switch|p2a: Mr. Big|Tyranitar, M|100/100
|-weather|Sandstorm|[from] ability: Sand Stream|[of] p2a: Mr. Big
|move|p1a: Gholdengo|Recover|p1a: Gholdengo
|-heal|p1a: Gholdengo|90/100
|
|-weather|Sandstorm|[upkeep]
|-heal|p1a: Gholdengo|97/100|[from] Grassy Terrain
|upkeep
|turn|8
|
|t:|1760387356
|switch|p1a: Primarina|Primarina, F|100/100
|move|p2a: Mr. Big|Knock Off|p1a: Primarina
|-resisted|p1a: Primarina
|-damage|p1a: Primarina|73/100
|-enditem|p1a: Primarina|Assault Vest|[from] move: Knock Off|[of] p2a: Mr. Big
|
|-weather|Sandstorm|[upkeep]
|-damage|p1a: Primarina|67/100|[from] Sandstorm
|-heal|p1a: Primarina|73/100|[from] Grassy Terrain
|upkeep
|turn|9
|
|t:|1760387367
|move|p1a: Primarina|Psychic Noise|p2a: Mr. Big
|-immune|p2a: Mr. Big
|move|p2a: Mr. Big|Ancient Power|p1a: Primarina
|-damage|p1a: Primarina|47/100
|
|-weather|Sandstorm|[upkeep]
|-damage|p1a: Primarina|41/100|[from] Sandstorm
|-heal|p1a: Primarina|47/100|[from] Grassy Terrain
|-fieldend|move: Grassy Terrain
|upkeep
|turn|10
|
|t:|1760387371
|move|p1a: Primarina|Surf|p2a: Mr. Big
|-supereffective|p2a: Mr. Big
|-damage|p2a: Mr. Big|63/100
|move|p2a: Mr. Big|Ancient Power|p1a: Primarina
|-damage|p1a: Primarina|21/100
|
|-weather|Sandstorm|[upkeep]
|-damage|p1a: Primarina|15/100|[from] Sandstorm
|upkeep
|turn|11
|
|t:|1760387374
|move|p1a: Primarina|Flip Turn|p2a: Mr. Big
|-supereffective|p2a: Mr. Big
|-damage|p2a: Mr. Big|28/100
|
|t:|1760387378
|switch|p1a: Corviknight|Corviknight, M|100/100|[from] Flip Turn
|-ability|p1a: Corviknight|Pressure
|move|p2a: Mr. Big|Ancient Power|p1a: Corviknight
|-damage|p1a: Corviknight|75/100
|-boost|p2a: Mr. Big|atk|1
|-boost|p2a: Mr. Big|def|1
|-boost|p2a: Mr. Big|spa|1
|-boost|p2a: Mr. Big|spd|1
|-boost|p2a: Mr. Big|spe|1
|
|-weather|none
|upkeep
|turn|12
|
|t:|1760387390
|move|p2a: Mr. Big|Ancient Power|p1a: Corviknight
|-damage|p1a: Corviknight|37/100
|-boost|p2a: Mr. Big|atk|1
|-boost|p2a: Mr. Big|def|1
|-boost|p2a: Mr. Big|spa|1
|-boost|p2a: Mr. Big|spd|1
|-boost|p2a: Mr. Big|spe|1
|move|p1a: Corviknight|Brave Bird|p2a: Mr. Big
|-resisted|p2a: Mr. Big
|-damage|p2a: Mr. Big|21/100
|-damage|p1a: Corviknight|35/100|[from] Recoil
|
|upkeep
|turn|13
|
|t:|1760387401
|move|p2a: Mr. Big|Ancient Power|p1a: Corviknight
|-damage|p1a: Corviknight|0 fnt
|faint|p1a: Corviknight
|
|upkeep
|
|t:|1760387403
|switch|p1a: Rillaboom|Rillaboom, M|100/100
|-fieldstart|move: Grassy Terrain|[from] ability: Grassy Surge|[of] p1a: Rillaboom
|turn|14
|
|t:|1760387411
|move|p1a: Rillaboom|Grassy Glide|p2a: Mr. Big
|-supereffective|p2a: Mr. Big
|-damage|p2a: Mr. Big|0 fnt
|faint|p2a: Mr. Big
|
|upkeep
|
|t:|1760387426
|switch|p2a: Buzz|Scizor, M|100/100
|turn|15
|
|t:|1760387436
|switch|p1a: Gholdengo|Gholdengo|97/100
|move|p2a: Buzz|U-turn|p1a: Gholdengo
|-resisted|p1a: Gholdengo
|-damage|p1a: Gholdengo|91/100
|
|t:|1760387444
|switch|p2a: Charla|Sinistcha|29/100|[from] U-turn
|
|-heal|p1a: Gholdengo|97/100|[from] Grassy Terrain
|-heal|p2a: Charla|35/100|[from] Grassy Terrain
|upkeep
|turn|16
|
|t:|1760387453
|switch|p2a: Buzz|Scizor, M|100/100
|move|p1a: Gholdengo|Shadow Ball|p2a: Buzz
|-damage|p2a: Buzz|70/100
|-unboost|p2a: Buzz|spd|1
|
|-heal|p1a: Gholdengo|100/100|[from] Grassy Terrain
|-heal|p2a: Buzz|76/100|[from] Grassy Terrain
|-heal|p2a: Buzz|82/100|[from] item: Leftovers
|upkeep
|turn|17
|
|t:|1760387461
|move|p1a: Gholdengo|Shadow Ball|p2a: Buzz
|-damage|p2a: Buzz|37/100
|-unboost|p2a: Buzz|spd|1
|move|p2a: Buzz|Tailwind|p2a: Buzz
|-sidestart|p2: Doomingo|move: Tailwind
|
|-heal|p2a: Buzz|43/100|[from] Grassy Terrain
|-heal|p2a: Buzz|49/100|[from] item: Leftovers
|upkeep
|turn|18
|
|t:|1760387467
|move|p2a: Buzz|Bullet Punch|p1a: Gholdengo
|-resisted|p1a: Gholdengo
|-damage|p1a: Gholdengo|92/100
|move|p1a: Gholdengo|Shadow Ball|p2a: Buzz
|-damage|p2a: Buzz|0 fnt
|faint|p2a: Buzz
|
|-heal|p1a: Gholdengo|98/100|[from] Grassy Terrain
|-fieldend|move: Grassy Terrain
|upkeep
|
|t:|1760387478
|switch|p2a: Charla|Sinistcha|35/100
|turn|19
|
|t:|1760387486
|move|p2a: Charla|Shadow Ball|p1a: Gholdengo
|-supereffective|p1a: Gholdengo
|-damage|p1a: Gholdengo|12/100
|move|p1a: Gholdengo|Shadow Ball|p2a: Charla
|-supereffective|p2a: Charla
|-damage|p2a: Charla|0 fnt
|faint|p2a: Charla
|
|upkeep
|
|t:|1760387494
|switch|p2a: Mastodown!|Mamoswine, M, shiny|100/100
|turn|20
|
|t:|1760387504
|move|p2a: Mastodown!|Earthquake|p1a: Gholdengo
|-supereffective|p1a: Gholdengo
|-damage|p1a: Gholdengo|0 fnt
|faint|p1a: Gholdengo
|
|-sideend|p2: Doomingo|move: Tailwind
|upkeep
|
|t:|1760387507
|switch|p1a: Rillaboom|Rillaboom, M|100/100
|-fieldstart|move: Grassy Terrain|[from] ability: Grassy Surge|[of] p1a: Rillaboom
|turn|21
|
|t:|1760387522
|-terastallize|p2a: Mastodown!|Grass
|move|p1a: Rillaboom|Wood Hammer|p2a: Mastodown!
|-resisted|p2a: Mastodown!
|-damage|p2a: Mastodown!|31/100
|-damage|p1a: Rillaboom|76/100|[from] Recoil
|move|p2a: Mastodown!|Icicle Crash|p1a: Rillaboom
|-supereffective|p1a: Rillaboom
|-damage|p1a: Rillaboom|0 fnt
|faint|p1a: Rillaboom
|
|-heal|p2a: Mastodown!|37/100|[from] Grassy Terrain
|upkeep
|
|t:|1760387535
|switch|p1a: Primarina|Primarina, F|15/100
|turn|22
|
|t:|1760387537
|move|p2a: Mastodown!|Trailblaze|p1a: Primarina
|-supereffective|p1a: Primarina
|-damage|p1a: Primarina|0 fnt
|-boost|p2a: Mastodown!|spe|1
|faint|p1a: Primarina
|
|-heal|p2a: Mastodown!|43/100|[from] Grassy Terrain
|upkeep
|
|t:|1760387540
|switch|p1a: Raging Bolt|Raging Bolt|100/100
|-enditem|p1a: Raging Bolt|Booster Energy
|-activate|p1a: Raging Bolt|ability: Protosynthesis|[fromitem]
|-start|p1a: Raging Bolt|protosynthesisspa
|turn|23
|
|t:|1760387546
|move|p1a: Raging Bolt|Thunderclap|p2a: Mastodown!
|-resisted|p2a: Mastodown!
|-damage|p2a: Mastodown!|5/100
|move|p2a: Mastodown!|Earthquake|p1a: Raging Bolt
|-supereffective|p1a: Raging Bolt
|-damage|p1a: Raging Bolt|46/100
|
|-heal|p2a: Mastodown!|11/100|[from] Grassy Terrain
|-heal|p1a: Raging Bolt|52/100|[from] Grassy Terrain
|upkeep
|turn|24
|
|t:|1760387551
|move|p2a: Mastodown!|Ice Shard|p1a: Raging Bolt
|-supereffective|p1a: Raging Bolt
|-damage|p1a: Raging Bolt|12/100
|move|p1a: Raging Bolt|Thunderclap||[still]
|-fail|p1a: Raging Bolt
|
|-heal|p2a: Mastodown!|17/100|[from] Grassy Terrain
|-heal|p1a: Raging Bolt|18/100|[from] Grassy Terrain
|upkeep
|turn|25
|
|t:|1760387555
|move|p2a: Mastodown!|Ice Shard|p1a: Raging Bolt
|-supereffective|p1a: Raging Bolt
|-damage|p1a: Raging Bolt|0 fnt
|faint|p1a: Raging Bolt
|-end|p1a: Raging Bolt|Protosynthesis|[silent]
|
|win|Doomingo
|raw|Bigbassfisherman's rating: 1299 &rarr; <strong>1276</strong><br />(-23 for losing)
|raw|Doomingo's rating: 1328 &rarr; <strong>1346</strong><br />(+18 for winning)
|c|☆Doomingo|gg
|l|☆Bigbassfisherman
|player|p1|
|l|☆Doomingo
|player|p2|
