|j|☆Kanehusky13
|j|☆ivon_neeeeeee
|t:|1760363843
|gametype|singles
|player|p1|Kanehusky13|169|1666
|player|p2|ivon_neeeeeee|acetrainerf|1632
|gen|9
|tier|[Gen 9] OU
|rated|
|rule|HP Percentage Mod: HP is shown in percentages
|rule|Endless Battle Clause: Forcing endless battles is banned
|rule|Species Clause: Limit one of each Pokémon
|rule|OHKO Clause: OHKO moves are banned
|rule|Evasion Items Clause: Evasion items are banned
|rule|Evasion Moves Clause: Evasion moves are banned
|rule|Evasion Abilities Clause: Evasion abilities are banned
|rule|Sleep Moves Clause: Sleep-inducing moves are banned
|clearpoke
|poke|p1|Dragapult, M|
|poke|p1|Glimmora, M|
|poke|p1|Comfey, M|
|poke|p1|Kingambit, M|
|poke|p1|Ogerpon-Wellspring, F|
|poke|p1|Blaziken, M|
|poke|p2|Iron Valiant|
|poke|p2|Klefki, F|
|poke|p2|Alomomola, F|
|poke|p2|Kingambit, F|
|poke|p2|Gliscor, M|
|poke|p2|Slowking-Galar, M|
|teampreview
|inactive|Battle timer is ON: inactive players will automatically lose when time's up. (requested by ivon_neeeeeee)
|
|t:|1760363894
|teamsize|p1|6
|teamsize|p2|6
|start
|switch|p1a: Blaziken|Blaziken, M, shiny|100/100
|switch|p2a: Slowking|Slowking-Galar, M|100/100
|turn|1
|
|t:|1760363901
|move|p1a: Blaziken|Knock Off|p2a: Slowking
|-supereffective|p2a: Slowking
|-damage|p2a: Slowking|7/100
|-enditem|p2a: Slowking|Heavy-Duty Boots|[from] move: Knock Off|[of] p1a: Blaziken
|-damage|p1a: Blaziken|91/100|[from] item: Life Orb
|move|p2a: Slowking|Future Sight|p1a: Blaziken
|-start|p2a: Slowking|move: Future Sight
|
|-ability|p1a: Blaziken|Speed Boost|boost
|-boost|p1a: Blaziken|spe|1
|upkeep
|turn|2
|
|t:|1760363910
|switch|p2a: Alomomola|Alomomola, F|100/100
|move|p1a: Blaziken|Flare Blitz|p2a: Alomomola
|-resisted|p2a: Alomomola
|-damage|p2a: Alomomola|78/100
|-damage|p1a: Blaziken|77/100|[from] Recoil
|-damage|p1a: Blaziken|67/100|[from] item: Life Orb
|
|-ability|p1a: Blaziken|Speed Boost|boost
|-boost|p1a: Blaziken|spe|1
|upkeep
|turn|3
|
|t:|1760363921
|switch|p1a: Kingambit|Kingambit, M, shiny|100/100
|move|p2a: Alomomola|Flip Turn|p1a: Kingambit
|-damage|p1a: Kingambit|89/100
|
|t:|1760363925
|switch|p2a: Slowking|Slowking-Galar, M|40/100|[from] Flip Turn
|
|-end|p1a: Kingambit|move: Future Sight
|-immune|p1a: Kingambit
|-heal|p1a: Kingambit|96/100|[from] item: Leftovers
|upkeep
|turn|4
|
|t:|1760363932
|switch|p2a: Klefki|Klefki, F|100/100
|move|p1a: Kingambit|Kowtow Cleave|p2a: Klefki
|-resisted|p2a: Klefki
|-damage|p2a: Klefki|81/100
|-damage|p1a: Kingambit|79/100|[from] item: Rocky Helmet|[of] p2a: Klefki
|
|-heal|p1a: Kingambit|85/100|[from] item: Leftovers
|upkeep
|turn|5
|
|t:|1760363940
|-end|p1a: Kingambit|fallenundefined|[silent]
|switch|p1a: Blaziken|Blaziken, M, shiny|67/100
|move|p2a: Klefki|Spikes|p1a: Blaziken
|-sidestart|p1: Kanehusky13|Spikes
|
|upkeep
|turn|6
|
|t:|1760363945
|switch|p2a: Alomomola|Alomomola, F|100/100
|move|p1a: Blaziken|Flare Blitz|p2a: Alomomola
|-resisted|p2a: Alomomola
|-damage|p2a: Alomomola|79/100
|-status|p2a: Alomomola|brn
|-damage|p1a: Blaziken|54/100|[from] Recoil
|-damage|p1a: Blaziken|44/100|[from] item: Life Orb
|
|-damage|p2a: Alomomola|72/100 brn|[from] brn
|-ability|p1a: Blaziken|Speed Boost|boost
|-boost|p1a: Blaziken|spe|1
|upkeep
|turn|7
|
|t:|1760363959
|switch|p1a: Glimmora|Glimmora, M, shiny|100/100
|-damage|p1a: Glimmora|88/100|[from] Spikes
|move|p2a: Alomomola|Tickle|p1a: Glimmora
|-unboost|p1a: Glimmora|atk|1
|-unboost|p1a: Glimmora|def|1
|
|-damage|p2a: Alomomola|66/100 brn|[from] brn
|upkeep
|turn|8
|
|t:|1760363971
|switch|p2a: Slowking|Slowking-Galar, M|73/100
|move|p1a: Glimmora|Stealth Rock|p2a: Slowking
|-sidestart|p2: ivon_neeeeeee|move: Stealth Rock
|
|upkeep
|turn|9
|
|t:|1760363975
|move|p1a: Glimmora|Mortal Spin|p2a: Slowking
|-resisted|p2a: Slowking
|-damage|p2a: Slowking|71/100
|-sideend|p1: Kanehusky13|Spikes|[from] move: Mortal Spin|[of] p1a: Glimmora
|move|p2a: Slowking|Psyshock|p1a: Glimmora
|-supereffective|p1a: Glimmora
|-damage|p1a: Glimmora|21/100
|-enditem|p1a: Glimmora|Red Card|[of] p2a: Slowking
|drag|p2a: Klefki|Klefki, F|81/100
|-damage|p2a: Klefki|75/100|[from] Stealth Rock
|
|upkeep
|turn|10
|
|t:|1760363986
|move|p2a: Klefki|Magnet Rise|p2a: Klefki
|-start|p2a: Klefki|Magnet Rise
|move|p1a: Glimmora|Earth Power|p2a: Klefki
|-immune|p2a: Klefki
|
|upkeep
|turn|11
|
|t:|1760363992
|switch|p1a: Ogerpon|Ogerpon-Wellspring, F|100/100
|move|p2a: Klefki|Spikes|p1a: Ogerpon
|-sidestart|p1: Kanehusky13|Spikes
|
|upkeep
|turn|12
|
|t:|1760363997
|move|p2a: Klefki|Thunder Wave|p1a: Ogerpon
|-status|p1a: Ogerpon|par
|move|p1a: Ogerpon|Spikes|p2a: Klefki
|-sidestart|p2: ivon_neeeeeee|Spikes
|
|upkeep
|turn|13
|
|t:|1760364003
|move|p2a: Klefki|Spikes|p1a: Ogerpon
|-sidestart|p1: Kanehusky13|Spikes
|move|p1a: Ogerpon|Spikes|p2a: Klefki
|-sidestart|p2: ivon_neeeeeee|Spikes
|
|upkeep
|turn|14
|
|t:|1760364007
|move|p2a: Klefki|Spikes|p1a: Ogerpon
|-sidestart|p1: Kanehusky13|Spikes
|move|p1a: Ogerpon|Spikes|p2a: Klefki
|-sidestart|p2: ivon_neeeeeee|Spikes
|
|-end|p2a: Klefki|Magnet Rise
|upkeep
|turn|15
|
|t:|1760364012
|move|p2a: Klefki|Foul Play|p1a: Ogerpon
|-damage|p1a: Ogerpon|58/100 par
|move|p1a: Ogerpon|Ivy Cudgel|p2a: Klefki|[anim] Ivy Cudgel Water
|-damage|p2a: Klefki|23/100
|
|upkeep
|turn|16
|
|t:|1760364021
|move|p2a: Klefki|Foul Play|p1a: Ogerpon
|-damage|p1a: Ogerpon|17/100 par
|move|p1a: Ogerpon|Ivy Cudgel|p2a: Klefki|[anim] Ivy Cudgel Water
|-damage|p2a: Klefki|0 fnt
|faint|p2a: Klefki
|
|upkeep
|
|t:|1760364029
|switch|p2a: Iron Valiant|Iron Valiant|100/100
|turn|17
|
|t:|1760364033
|move|p2a: Iron Valiant|Knock Off|p1a: Ogerpon
|-damage|p1a: Ogerpon|0 fnt
|faint|p1a: Ogerpon
|
|upkeep
|
|t:|1760364041
|switch|p1a: Blaziken|Blaziken, M, shiny|44/100
|-damage|p1a: Blaziken|19/100|[from] Spikes
|turn|18
|
|t:|1760364046
|-end|p2a: Iron Valiant|Quark Drive|[silent]
|switch|p2a: Alomomola|Alomomola, F|99/100 brn
|move|p1a: Blaziken|Flare Blitz|p2a: Alomomola
|-resisted|p2a: Alomomola
|-damage|p2a: Alomomola|77/100 brn
|-damage|p1a: Blaziken|6/100|[from] Recoil
|-damage|p1a: Blaziken|0 fnt|[from] item: Life Orb
|faint|p1a: Blaziken
|
|-damage|p2a: Alomomola|70/100 brn|[from] brn
|upkeep
|
|t:|1760364048
|switch|p1a: Comfey|Comfey, M, shiny|100/100
|-damage|p1a: Comfey|76/100|[from] Spikes
|turn|19
|
|t:|1760364060
|move|p1a: Comfey|Calm Mind|p1a: Comfey
|-boost|p1a: Comfey|spa|1
|-boost|p1a: Comfey|spd|1
|move|p2a: Alomomola|Flip Turn|p1a: Comfey
|-crit|p1a: Comfey
|-damage|p1a: Comfey|60/100
|
|t:|1760364066
|switch|p2a: Slowking|Slowking-Galar, M|100/100|[from] Flip Turn
|-damage|p2a: Slowking|88/100|[from] Stealth Rock
|-damage|p2a: Slowking|63/100|[from] Spikes
|
|upkeep
|turn|20
|
|t:|1760364073
|-terastallize|p1a: Comfey|Ground
|move|p1a: Comfey|Tera Blast|p2a: Slowking|[anim] Tera Blast Ground
|-supereffective|p2a: Slowking
|-damage|p2a: Slowking|0 fnt
|faint|p2a: Slowking
|-damage|p1a: Comfey|50/100|[from] item: Life Orb
|
|upkeep
|
|t:|1760364102
|switch|p2a: Kingambit|Kingambit, F|100/100
|-damage|p2a: Kingambit|94/100|[from] Stealth Rock
|-damage|p2a: Kingambit|69/100|[from] Spikes
|-activate|p2a: Kingambit|ability: Supreme Overlord
|-start|p2a: Kingambit|fallen2|[silent]
|turn|21
|
|t:|1760364108
|move|p2a: Kingambit|Sucker Punch||[still]
|-fail|p2a: Kingambit
|move|p1a: Comfey|Substitute|p1a: Comfey
|-start|p1a: Comfey|Substitute
|-damage|p1a: Comfey|25/100
|
|upkeep
|turn|22
|
|t:|1760364114
|move|p1a: Comfey|Draining Kiss|p2a: Kingambit
|-crit|p2a: Kingambit
|-damage|p2a: Kingambit|1/100
|-heal|p1a: Comfey|87/100|[from] drain|[of] p2a: Kingambit
|-damage|p1a: Comfey|77/100|[from] item: Life Orb
|move|p2a: Kingambit|Sucker Punch||[still]
|-fail|p2a: Kingambit
|
|upkeep
|turn|23
|-message|ivon_neeeeeee forfeited.
|
|win|Kanehusky13
|raw|Kanehusky13's rating: 1666 &rarr; <strong>1684</strong><br />(+18 for winning)
|raw|ivon_neeeeeee's rating: 1632 &rarr; <strong>1614</strong><br />(-18 for losing)
|l|☆ivon_neeeeeee
|player|p2|
|l|☆Kanehusky13
|player|p1|
