|j|☆1shy9
|j|☆ultra kay
|t:|1760381710
|gametype|singles
|player|p1|1shy9|acetrainerf-gen4|1633
|player|p2|ultra kay|102|1593
|gen|9
|tier|[Gen 9] OU
|rated|
|rule|HP Percentage Mod: HP is shown in percentages
|rule|Endless Battle Clause: Forcing endless battles is banned
|rule|Species Clause: Limit one of each Pokémon
|rule|OHKO Clause: OHKO moves are banned
|rule|Evasion Items Clause: Evasion items are banned
|rule|Evasion Moves Clause: Evasion moves are banned
|rule|Evasion Abilities Clause: Evasion abilities are banned
|rule|Sleep Moves Clause: Sleep-inducing moves are banned
|clearpoke
|poke|p1|Iron Moth|
|poke|p1|Gholdengo|
|poke|p1|Great Tusk|
|poke|p1|Zamazenta-*|
|poke|p1|Dragonite, F|
|poke|p1|Kyurem|
|poke|p2|Espeon, M|
|poke|p2|Great Tusk|
|poke|p2|Dragonite, F|
|poke|p2|Primarina, F|
|poke|p2|Kingambit, F|
|poke|p2|Dragapult, M|
|teampreview
|inactive|Battle timer is ON: inactive players will automatically lose when time's up. (requested by 1shy9)
|
|t:|1760381725
|teamsize|p1|6
|teamsize|p2|6
|start
|switch|p1a: Gholdengo|Gholdengo|100/100
|switch|p2a: Espeon|Espeon, M|100/100
|turn|1
|
|t:|1760381732
|switch|p2a: Primarina|Primarina, F|100/100
|move|p1a: Gholdengo|Shadow Ball|p2a: Primarina
|-crit|p2a: Primarina
|-damage|p2a: Primarina|63/100
|
|upkeep
|turn|2
|
|t:|1760381742
|move|p1a: Gholdengo|Shadow Ball|p2a: Primarina
|-damage|p2a: Primarina|40/100
|move|p2a: Primarina|Sparkling Aria|p1a: Gholdengo
|-damage|p1a: Gholdengo|41/100
|
|upkeep
|turn|3
|
|t:|1760381749
|switch|p1a: Dragonite|Dragonite, F|100/100
|switch|p2a: Kingambit|Kingambit, F|100/100
|
|upkeep
|turn|4
|
|t:|1760381756
|move|p1a: Dragonite|Dragon Dance|p1a: Dragonite
|-boost|p1a: Dragonite|atk|1
|-boost|p1a: Dragonite|spe|1
|move|p2a: Kingambit|Substitute|p2a: Kingambit
|-start|p2a: Kingambit|Substitute
|-damage|p2a: Kingambit|75/100
|
|-heal|p2a: Kingambit|82/100|[from] item: Leftovers
|upkeep
|turn|5
|
|t:|1760381761
|move|p1a: Dragonite|Earthquake|p2a: Kingambit
|-supereffective|p2a: Kingambit
|-end|p2a: Kingambit|Substitute
|move|p2a: Kingambit|Iron Head|p1a: Dragonite
|-damage|p1a: Dragonite|76/100
|
|-heal|p2a: Kingambit|88/100|[from] item: Leftovers
|upkeep
|turn|6
|
|t:|1760381771
|move|p1a: Dragonite|Dragon Dance|p1a: Dragonite
|-boost|p1a: Dragonite|atk|1
|-boost|p1a: Dragonite|spe|1
|move|p2a: Kingambit|Iron Head|p1a: Dragonite
|-damage|p1a: Dragonite|22/100
|
|-heal|p2a: Kingambit|94/100|[from] item: Leftovers
|upkeep
|turn|7
|
|t:|1760381791
|move|p2a: Kingambit|Sucker Punch||[still]
|-fail|p2a: Kingambit
|move|p1a: Dragonite|Roost|p1a: Dragonite
|-heal|p1a: Dragonite|72/100
|-singleturn|p1a: Dragonite|move: Roost
|
|-heal|p2a: Kingambit|99/100|[from] item: Leftovers
|upkeep
|turn|8
|
|t:|1760381802
|-end|p2a: Kingambit|fallenundefined|[silent]
|switch|p2a: Dragonite|Dragonite, F|100/100
|move|p1a: Dragonite|Roost|p1a: Dragonite
|-heal|p1a: Dragonite|100/100
|-singleturn|p1a: Dragonite|move: Roost
|
|upkeep
|turn|9
|
|t:|1760381808
|-terastallize|p1a: Dragonite|Flying
|move|p1a: Dragonite|Tera Blast|p2a: Dragonite|[anim] Tera Blast Flying
|-damage|p2a: Dragonite|32/100
|move|p2a: Dragonite|Dragon Dance|p2a: Dragonite
|-boost|p2a: Dragonite|atk|1
|-boost|p2a: Dragonite|spe|1
|
|upkeep
|turn|10
|
|t:|1760381819
|move|p2a: Dragonite|Extreme Speed|p1a: Dragonite
|-damage|p1a: Dragonite|77/100
|move|p1a: Dragonite|Tera Blast|p2a: Dragonite|[anim] Tera Blast Flying
|-damage|p2a: Dragonite|0 fnt
|faint|p2a: Dragonite
|
|upkeep
|
|t:|1760381832
|switch|p2a: Kingambit|Kingambit, F|99/100
|-activate|p2a: Kingambit|ability: Supreme Overlord
|-start|p2a: Kingambit|fallen1|[silent]
|turn|11
|
|t:|1760381838
|-terastallize|p2a: Kingambit|Ghost
|move|p1a: Dragonite|Earthquake|p2a: Kingambit
|-damage|p2a: Kingambit|41/100
|move|p2a: Kingambit|Iron Head|p1a: Dragonite
|-damage|p1a: Dragonite|25/100
|
|-heal|p2a: Kingambit|47/100|[from] item: Leftovers
|upkeep
|turn|12
|
|t:|1760381850
|move|p1a: Dragonite|Tera Blast|p2a: Kingambit|[anim] Tera Blast Flying
|-damage|p2a: Kingambit|0 fnt
|faint|p2a: Kingambit
|-end|p2a: Kingambit|fallen1|[silent]
|
|upkeep
|inactive|ultra kay has 120 seconds left.
|
|t:|1760381871
|switch|p2a: Espeon|Espeon, M|100/100
|turn|13
|
|t:|1760381874
|move|p2a: Espeon|Psychic|p1a: Dragonite
|-damage|p1a: Dragonite|0 fnt
|faint|p1a: Dragonite
|
|upkeep
|inactive|1shy9 has 120 seconds left.
|
|t:|1760381904
|switch|p1a: Gholdengo|Gholdengo|41/100
|turn|14
|
|t:|1760381922
|switch|p2a: Primarina|Primarina, F|40/100
|move|p1a: Gholdengo|Shadow Ball|p2a: Primarina
|-damage|p2a: Primarina|16/100
|
|upkeep
|turn|15
|
|t:|1760381931
|move|p2a: Primarina|Aqua Jet|p1a: Gholdengo
|-damage|p1a: Gholdengo|22/100
|move|p1a: Gholdengo|Shadow Ball|p2a: Primarina
|-damage|p2a: Primarina|0 fnt
|faint|p2a: Primarina
|
|upkeep
|
|t:|1760381938
|switch|p2a: Espeon|Espeon, M|100/100
|turn|16
|
|t:|1760381953
|move|p2a: Espeon|Trick|p1a: Gholdengo
|-immune|p1a: Gholdengo|[from] ability: Good as Gold
|move|p1a: Gholdengo|Shadow Ball|p2a: Espeon
|-supereffective|p2a: Espeon
|-damage|p2a: Espeon|0 fnt
|faint|p2a: Espeon
|
|upkeep
|
|t:|1760381959
|switch|p2a: Dragapult|Dragapult, M|100/100
|turn|17
|
|t:|1760381962
|move|p1a: Gholdengo|Shadow Ball|p2a: Dragapult
|-supereffective|p2a: Dragapult
|-damage|p2a: Dragapult|0 fnt
|faint|p2a: Dragapult
|
|upkeep
|-message|ultra kay forfeited.
|
|win|1shy9
|raw|1shy9's rating: 1633 &rarr; <strong>1651</strong><br />(+18 for winning)
|raw|ultra kay's rating: 1593 &rarr; <strong>1575</strong><br />(-18 for losing)
|l|☆ultra kay
|player|p2|
|l|☆1shy9
|player|p1|
