|j|☆deepak johnson
|j|☆Barronmaster
|t:|1760353779
|gametype|singles
|player|p1|deepak johnson|swimmerf|1521
|player|p2|Barronmaster|palmer|1613
|gen|9
|tier|[Gen 9] OU
|rated|
|rule|HP Percentage Mod: HP is shown in percentages
|rule|Endless Battle Clause: Forcing endless battles is banned
|rule|Species Clause: Limit one of each Pokémon
|rule|OHKO Clause: OHKO moves are banned
|rule|Evasion Items Clause: Evasion items are banned
|rule|Evasion Moves Clause: Evasion moves are banned
|rule|Evasion Abilities Clause: Evasion abilities are banned
|rule|Sleep Moves Clause: Sleep-inducing moves are banned
|clearpoke
|poke|p1|Gholdengo|
|poke|p1|Ceruledge, F|
|poke|p1|Enamorus, F|
|poke|p1|Ribombee, M|
|poke|p1|Quaquaval, F|
|poke|p1|Iron Treads|
|poke|p2|Hoopa-Unbound|
|poke|p2|Ninetales-Alola, F|
|poke|p2|Slowking-Galar, M|
|poke|p2|Cloyster, M|
|poke|p2|Zoroark, F|
|poke|p2|Indeedee, M|
|teampreview
|inactive|Battle timer is ON: inactive players will automatically lose when time's up. (requested by Barronmaster)
|
|t:|1760353810
|teamsize|p1|6
|teamsize|p2|6
|start
|switch|p1a: Quaquaval|Quaquaval, F|100/100
|switch|p2a: Ninetales|Ninetales-Alola, F|100/100
|-weather|Snowscape|[from] ability: Snow Warning|[of] p2a: Ninetales
|turn|1
|c|☆Barronmaster|Do hurry up
|
|t:|1760353815
|move|p2a: Ninetales|Aurora Veil|p2a: Ninetales
|-sidestart|p2: Barronmaster|move: Aurora Veil
|move|p1a: Quaquaval|Aqua Step|p2a: Ninetales
|-damage|p2a: Ninetales|80/100
|-boost|p1a: Quaquaval|spe|1
|
|-weather|Snowscape|[upkeep]
|upkeep
|turn|2
|
|t:|1760353824
|switch|p1a: Gholdengo|Gholdengo|100/100
|-item|p1a: Gholdengo|Air Balloon
|move|p2a: Ninetales|Nasty Plot|p2a: Ninetales
|-boost|p2a: Ninetales|spa|2
|
|-weather|Snowscape|[upkeep]
|upkeep
|turn|3
|
|t:|1760353833
|-terastallize|p2a: Ninetales|Steel
|move|p2a: Ninetales|Blizzard|p1a: Gholdengo
|-resisted|p1a: Gholdengo
|-damage|p1a: Gholdengo|49/100
|-enditem|p1a: Gholdengo|Air Balloon
|move|p1a: Gholdengo|Make It Rain|p2a: Ninetales
|-resisted|p2a: Ninetales
|-damage|p2a: Ninetales|57/100
|-unboost|p1a: Gholdengo|spa|1
|
|-weather|Snowscape|[upkeep]
|upkeep
|turn|4
|
|t:|1760353842
|switch|p1a: Quaquaval|Quaquaval, F|100/100
|move|p2a: Ninetales|Blizzard|p1a: Quaquaval
|-resisted|p1a: Quaquaval
|-damage|p1a: Quaquaval|61/100
|
|-weather|Snowscape|[upkeep]
|upkeep
|turn|5
|
|t:|1760353847
|switch|p2a: Slowking|Slowking-Galar, M|100/100
|move|p1a: Quaquaval|Aqua Step|p2a: Slowking
|-damage|p2a: Slowking|77/100
|-boost|p1a: Quaquaval|spe|1
|
|-weather|none
|-heal|p2a: Slowking|83/100|[from] item: Leftovers
|upkeep
|turn|6
|
|t:|1760353851
|move|p1a: Quaquaval|Knock Off|p2a: Slowking
|-supereffective|p2a: Slowking
|-damage|p2a: Slowking|44/100
|-enditem|p2a: Slowking|Leftovers|[from] move: Knock Off|[of] p1a: Quaquaval
|move|p2a: Slowking|Nasty Plot|p2a: Slowking
|-boost|p2a: Slowking|spa|2
|
|upkeep
|turn|7
|
|t:|1760353854
|move|p1a: Quaquaval|Knock Off|p2a: Slowking
|-supereffective|p2a: Slowking
|-damage|p2a: Slowking|21/100
|move|p2a: Slowking|Trick Room|p2a: Slowking
|-fieldstart|move: Trick Room|[of] p2a: Slowking
|
|upkeep
|turn|8
|
|t:|1760353861
|switch|p1a: Gholdengo|Gholdengo|49/100
|move|p2a: Slowking|Psychic Noise|p1a: Gholdengo
|-resisted|p1a: Gholdengo
|-damage|p1a: Gholdengo|7/100
|-start|p1a: Gholdengo|move: Heal Block
|
|-sideend|p2: Barronmaster|move: Aurora Veil
|upkeep
|turn|9
|
|t:|1760353865
|move|p2a: Slowking|Psychic Noise|p1a: Gholdengo
|-resisted|p1a: Gholdengo
|-damage|p1a: Gholdengo|0 fnt
|faint|p1a: Gholdengo
|
|upkeep
|
|t:|1760353868
|switch|p1a: Ribombee|Ribombee, M, shiny|100/100
|turn|10
|
|t:|1760353871
|move|p2a: Slowking|Psychic Noise|p1a: Ribombee
|-enditem|p1a: Ribombee|Focus Sash
|-damage|p1a: Ribombee|1/100
|move|p1a: Ribombee|Sticky Web|p2a: Slowking
|-sidestart|p2: Barronmaster|move: Sticky Web
|
|upkeep
|turn|11
|
|t:|1760353901
|switch|p2a: Indeedee|Indeedee, M|100/100
|-activate|p2a: Indeedee|move: Sticky Web
|-unboost|p2a: Indeedee|spe|1
|-fieldstart|move: Psychic Terrain|[from] ability: Psychic Surge|[of] p2a: Indeedee
|move|p1a: Ribombee|Stun Spore|p2a: Indeedee
|-status|p2a: Indeedee|par
|
|-fieldend|move: Trick Room
|upkeep
|turn|12
|
|t:|1760353912
|switch|p1a: Iron Treads|Iron Treads|100/100
|-enditem|p1a: Iron Treads|Booster Energy
|-activate|p1a: Iron Treads|ability: Quark Drive|[fromitem]
|-start|p1a: Iron Treads|quarkdriveatk
|cant|p2a: Indeedee|par
|
|upkeep
|turn|13
|
|t:|1760353919
|move|p1a: Iron Treads|Rapid Spin|p2a: Indeedee
|-damage|p2a: Indeedee|55/100 par
|-boost|p1a: Iron Treads|spe|1
|move|p2a: Indeedee|Trick Room|p2a: Indeedee
|-fieldstart|move: Trick Room|[of] p2a: Indeedee
|
|upkeep
|turn|14
|
|t:|1760353931
|move|p2a: Indeedee|Healing Wish|p2a: Indeedee
|faint|p2a: Indeedee
|move|p1a: Iron Treads|Earthquake|p2: Indeedee|[notarget]
|-fail|p1a: Iron Treads
|
|upkeep
|
|t:|1760353940
|switch|p2a: Ninetales|Ninetales-Alola, F, tera:Steel|57/100
|-heal|p2a: Ninetales|100/100|[from] move: Healing Wish
|-activate|p2a: Ninetales|move: Sticky Web
|-unboost|p2a: Ninetales|spe|1
|-weather|Snowscape|[from] ability: Snow Warning|[of] p2a: Ninetales
|turn|15
|
|t:|1760353943
|move|p2a: Ninetales|Aurora Veil|p2a: Ninetales
|-sidestart|p2: Barronmaster|move: Aurora Veil
|move|p1a: Iron Treads|Earthquake|p2a: Ninetales
|-supereffective|p2a: Ninetales
|-damage|p2a: Ninetales|0 fnt
|faint|p2a: Ninetales
|
|-weather|Snowscape|[upkeep]
|-fieldend|move: Psychic Terrain
|upkeep
|
|t:|1760353955
|switch|p2a: Cloyster|Cloyster, M|100/100
|turn|16
|
|t:|1760353958
|move|p2a: Cloyster|Shell Smash|p2a: Cloyster
|-unboost|p2a: Cloyster|def|1
|-unboost|p2a: Cloyster|spd|1
|-boost|p2a: Cloyster|atk|2
|-boost|p2a: Cloyster|spa|2
|-boost|p2a: Cloyster|spe|2
|move|p1a: Iron Treads|Supercell Slam|p2a: Cloyster
|-supereffective|p2a: Cloyster
|-damage|p2a: Cloyster|64/100
|
|-weather|Snowscape|[upkeep]
|upkeep
|turn|17
|
|t:|1760353974
|move|p1a: Iron Treads|Supercell Slam|p2a: Cloyster
|-supereffective|p2a: Cloyster
|-damage|p2a: Cloyster|30/100
|move|p2a: Cloyster|Icicle Spear|p1a: Iron Treads
|-damage|p1a: Iron Treads|83/100
|-damage|p1a: Iron Treads|63/100
|-damage|p1a: Iron Treads|45/100
|-damage|p1a: Iron Treads|26/100
|-damage|p1a: Iron Treads|8/100
|-hitcount|p1a: Iron Treads|5
|
|-weather|Snowscape|[upkeep]
|-fieldend|move: Trick Room
|upkeep
|turn|18
|
|t:|1760353980
|move|p2a: Cloyster|Icicle Spear|p1a: Iron Treads
|-damage|p1a: Iron Treads|0 fnt
|faint|p1a: Iron Treads
|-end|p1a: Iron Treads|Quark Drive|[silent]
|-hitcount|p1: Iron Treads|1
|
|-weather|Snowscape|[upkeep]
|upkeep
|
|t:|1760353988
|switch|p1a: Ribombee|Ribombee, M, shiny|1/100
|turn|19
|
|t:|1760353992
|move|p2a: Cloyster|Icicle Spear|p1a: Ribombee
|-crit|p1a: Ribombee
|-damage|p1a: Ribombee|0 fnt
|faint|p1a: Ribombee
|-hitcount|p1: Ribombee|1
|
|-weather|none
|upkeep
|
|t:|1760354002
|switch|p1a: Quaquaval|Quaquaval, F|61/100
|turn|20
|
|t:|1760354009
|move|p2a: Cloyster|Icicle Spear|p1a: Quaquaval
|-resisted|p1a: Quaquaval
|-damage|p1a: Quaquaval|46/100
|-resisted|p1a: Quaquaval
|-damage|p1a: Quaquaval|33/100
|-resisted|p1a: Quaquaval
|-damage|p1a: Quaquaval|18/100
|-resisted|p1a: Quaquaval
|-damage|p1a: Quaquaval|3/100
|-resisted|p1a: Quaquaval
|-damage|p1a: Quaquaval|0 fnt
|faint|p1a: Quaquaval
|-hitcount|p1: Quaquaval|5
|
|upkeep
|
|t:|1760354013
|switch|p1a: Ceruledge|Ceruledge, F|100/100
|turn|21
|
|t:|1760354023
|-terastallize|p1a: Ceruledge|Fighting
|move|p2a: Cloyster|Icicle Spear|p1a: Ceruledge
|-damage|p1a: Ceruledge|71/100
|-ability|p1a: Ceruledge|Weak Armor|boost
|-unboost|p1a: Ceruledge|def|1
|-boost|p1a: Ceruledge|spe|2
|-damage|p1a: Ceruledge|21/100
|-ability|p1a: Ceruledge|Weak Armor|boost
|-unboost|p1a: Ceruledge|def|1
|-boost|p1a: Ceruledge|spe|2
|-damage|p1a: Ceruledge|0 fnt
|faint|p1a: Ceruledge
|-hitcount|p1: Ceruledge|3
|
|upkeep
|c|☆Barronmaster|Gg
|-message|deepak johnson forfeited.
|
|win|Barronmaster
|raw|deepak johnson's rating: 1521 &rarr; <strong>1506</strong><br />(-15 for losing)
|raw|Barronmaster's rating: 1613 &rarr; <strong>1628</strong><br />(+15 for winning)
|l|☆deepak johnson
|player|p1|
|l|☆Barronmaster
|player|p2|
