|j|☆gotissues
|j|☆3lit
|t:|1760432047
|gametype|singles
|player|p1|gotissues|hiker-gen4|1099
|player|p2|3lit|265|1074
|gen|9
|tier|[Gen 9] OU
|rated|
|rule|HP Percentage Mod: HP is shown in percentages
|rule|Endless Battle Clause: Forcing endless battles is banned
|rule|Species Clause: Limit one of each Pokémon
|rule|OHKO Clause: OHKO moves are banned
|rule|Evasion Items Clause: Evasion items are banned
|rule|Evasion Moves Clause: Evasion moves are banned
|rule|Evasion Abilities Clause: Evasion abilities are banned
|rule|Sleep Moves Clause: Sleep-inducing moves are banned
|clearpoke
|poke|p1|Garganacl, M|
|poke|p1|Hippowdon, M|
|poke|p1|Hydrapple, M|
|poke|p1|Slowking-Galar, M|
|poke|p1|Samurott-Hisui, M|
|poke|p1|Excadrill, M|
|poke|p2|Tinkaton, F|
|poke|p2|Slowking-Galar, F|
|poke|p2|Ogerpon-Wellspring, F|
|poke|p2|Great Tusk|
|poke|p2|Landorus-Therian, M|
|poke|p2|Raging Bolt|
|teampreview
|inactive|Battle timer is ON: inactive players will automatically lose when time's up. (requested by gotissues)
|l|☆3lit
|inactive|3lit disconnected and has a minute to reconnect!
|player|p2|
|
|t:|1760432065
|teamsize|p1|6
|teamsize|p2|6
|start
|switch|p1a: Hydrapple|Hydrapple, M, shiny|100/100
|switch|p2a: Gloking|Slowking-Galar, F, shiny|100/100
|turn|1
|j|☆3lit
|inactive|3lit reconnected and has 145 seconds left.
|player|p2|3lit|265|
|
|t:|1760432075
|move|p1a: Hydrapple|Earth Power|p2a: Gloking
|-supereffective|p2a: Gloking
|-damage|p2a: Gloking|67/100
|move|p2a: Gloking|Future Sight|p1a: Hydrapple
|-start|p2a: Gloking|move: Future Sight
|
|upkeep
|turn|2
|
|t:|1760432084
|move|p1a: Hydrapple|Nasty Plot|p1a: Hydrapple
|-boost|p1a: Hydrapple|spa|2
|move|p2a: Gloking|Ice Beam|p1a: Hydrapple
|-supereffective|p1a: Hydrapple
|-damage|p1a: Hydrapple|0 fnt
|faint|p1a: Hydrapple
|
|upkeep
|
|t:|1760432094
|switch|p1a: Hippowdon|Hippowdon, M, shiny|100/100
|-weather|Sandstorm|[from] ability: Sand Stream|[of] p1a: Hippowdon
|turn|3
|
|t:|1760432106
|switch|p2a: Lando|Landorus-Therian, M|100/100
|-ability|p2a: Lando|Intimidate|boost
|-unboost|p1a: Hippowdon|atk|1
|move|p1a: Hippowdon|Stealth Rock|p2a: Lando
|-sidestart|p2: 3lit|move: Stealth Rock
|
|-weather|Sandstorm|[upkeep]
|-end|p1a: Hippowdon|move: Future Sight
|-damage|p1a: Hippowdon|47/100
|upkeep
|turn|4
|
|t:|1760432121
|switch|p1a: Garganacl|Garganacl, M, shiny|100/100
|move|p2a: Lando|Stealth Rock|p1a: Garganacl
|-sidestart|p1: gotissues|move: Stealth Rock
|
|-weather|Sandstorm|[upkeep]
|upkeep
|turn|5
|
|t:|1760432128
|move|p2a: Lando|Taunt|p1a: Garganacl
|-start|p1a: Garganacl|move: Taunt
|move|p1a: Garganacl|Salt Cure|p2a: Lando
|-damage|p2a: Lando|86/100
|-start|p2a: Lando|Salt Cure
|
|-weather|Sandstorm|[upkeep]
|-heal|p2a: Lando|92/100|[from] item: Leftovers
|-damage|p2a: Lando|80/100|[from] Salt Cure
|upkeep
|turn|6
|
|t:|1760432140
|move|p2a: Lando|U-turn|p1a: Garganacl
|-damage|p1a: Garganacl|87/100
|
|t:|1760432143
|switch|p2a: Tusker|Great Tusk|100/100|[from] U-turn
|move|p1a: Garganacl|Ice Punch|p2a: Tusker
|-supereffective|p2a: Tusker
|-damage|p2a: Tusker|77/100
|
|-weather|Sandstorm|[upkeep]
|-heal|p1a: Garganacl|93/100|[from] item: Leftovers
|upkeep
|turn|7
|
|t:|1760432155
|move|p2a: Tusker|Rapid Spin|p1a: Garganacl
|-resisted|p1a: Garganacl
|-damage|p1a: Garganacl|88/100
|-boost|p2a: Tusker|spe|1
|-sideend|p2: 3lit|Stealth Rock|[from] move: Rapid Spin|[of] p2a: Tusker
|move|p1a: Garganacl|Salt Cure|p2a: Tusker
|-resisted|p2a: Tusker
|-damage|p2a: Tusker|74/100
|-start|p2a: Tusker|Salt Cure
|
|-weather|none
|-heal|p1a: Garganacl|94/100|[from] item: Leftovers
|-damage|p2a: Tusker|62/100|[from] Salt Cure
|-end|p1a: Garganacl|move: Taunt
|upkeep
|turn|8
|
|t:|1760432172
|move|p2a: Tusker|Headlong Rush|p1a: Garganacl
|-supereffective|p1a: Garganacl
|-damage|p1a: Garganacl|23/100
|-unboost|p2a: Tusker|def|1
|-unboost|p2a: Tusker|spd|1
|move|p1a: Garganacl|Salt Cure|p2a: Tusker
|-resisted|p2a: Tusker
|-damage|p2a: Tusker|58/100
|
|-heal|p1a: Garganacl|29/100|[from] item: Leftovers
|-damage|p2a: Tusker|46/100|[from] Salt Cure
|upkeep
|turn|9
|
|t:|1760432184
|move|p1a: Garganacl|Protect|p1a: Garganacl
|-singleturn|p1a: Garganacl|Protect
|move|p2a: Tusker|Close Combat|p1a: Garganacl
|-activate|p1a: Garganacl|move: Protect
|
|-heal|p1a: Garganacl|35/100|[from] item: Leftovers
|-damage|p2a: Tusker|33/100|[from] Salt Cure
|upkeep
|turn|10
|
|t:|1760432196
|switch|p1a: Slowking|Slowking-Galar, M, shiny|100/100
|-damage|p1a: Slowking|88/100|[from] Stealth Rock
|move|p2a: Tusker|Headlong Rush|p1a: Slowking
|-supereffective|p1a: Slowking
|-damage|p1a: Slowking|0 fnt
|-unboost|p2a: Tusker|def|1
|-unboost|p2a: Tusker|spd|1
|faint|p1a: Slowking
|
|-damage|p2a: Tusker|21/100|[from] Salt Cure
|upkeep
|
|t:|1760432211
|switch|p1a: Samurott|Samurott-Hisui, M, shiny|100/100
|turn|11
|
|t:|1760432216
|-end|p2a: Tusker|Protosynthesis|[silent]
|switch|p2a: Pon Welly|Ogerpon-Wellspring, F|100/100
|move|p1a: Samurott|Sucker Punch||[still]
|-fail|p1a: Samurott
|
|upkeep
|turn|12
|-message|gotissues forfeited.
|
|win|3lit
|raw|gotissues's rating: 1099 &rarr; <strong>1072</strong><br />(-27 for losing)
|raw|3lit's rating: 1074 &rarr; <strong>1105</strong><br />(+31 for winning)
|l|☆gotissues
|player|p1|
|l|☆3lit
|player|p2|
