|j|‽mantikarp2.0
|j|☆aalhadk
|t:|1760337962
|gametype|singles
|player|p1|mantikarp2.0|265|1569
|player|p2|aalhadk|170|1522
|gen|9
|tier|[Gen 9] OU
|rated|
|rule|HP Percentage Mod: HP is shown in percentages
|rule|Endless Battle Clause: Forcing endless battles is banned
|rule|Species Clause: Limit one of each Pokémon
|rule|OHKO Clause: OHKO moves are banned
|rule|Evasion Items Clause: Evasion items are banned
|rule|Evasion Moves Clause: Evasion moves are banned
|rule|Evasion Abilities Clause: Evasion abilities are banned
|rule|Sleep Moves Clause: Sleep-inducing moves are banned
|clearpoke
|poke|p1|Ribombee, M|
|poke|p1|Gholdengo|
|poke|p1|Great Tusk|
|poke|p1|Raging Bolt|
|poke|p1|Ogerpon-Cornerstone, F|
|poke|p1|Ceruledge, F|
|poke|p2|Rillaboom, M|
|poke|p2|Zamazenta-*|
|poke|p2|Heatran, M|
|poke|p2|Great Tusk|
|poke|p2|Raging Bolt|
|poke|p2|Comfey, F|
|teampreview
|inactive|Battle timer is ON: inactive players will automatically lose when time's up. (requested by mantikarp2.0)
|inactive|aalhadk has 120 seconds left.
|inactive|aalhadk has 90 seconds left.
|
|t:|1760338035
|teamsize|p1|6
|teamsize|p2|6
|start
|switch|p1a: Ribombee|Ribombee, M, shiny|100/100
|switch|p2a: Hulk|Rillaboom, M|100/100
|-fieldstart|move: Grassy Terrain|[from] ability: Grassy Surge|[of] p2a: Hulk
|turn|1
|inactive|mantikarp2.0 has 120 seconds left.
|inactive|mantikarp2.0 has 90 seconds left.
|
|t:|1760338104
|move|p1a: Ribombee|Sticky Web|p2a: Hulk
|-sidestart|p2: aalhadk|move: Sticky Web
|move|p2a: Hulk|Knock Off|p1a: Ribombee
|-resisted|p1a: Ribombee
|-damage|p1a: Ribombee|46/100
|-enditem|p1a: Ribombee|Focus Sash|[from] move: Knock Off|[of] p2a: Hulk
|
|-heal|p1a: Ribombee|53/100|[from] Grassy Terrain
|upkeep
|turn|2
|inactive|mantikarp2.0 has 90 seconds left.
|
|t:|1760338113
|switch|p2a: Iron Man|Heatran, M|100/100
|-activate|p2a: Iron Man|move: Sticky Web
|-unboost|p2a: Iron Man|spe|1
|move|p1a: Ribombee|Moonblast|p2a: Iron Man
|-resisted|p2a: Iron Man
|-damage|p2a: Iron Man|94/100
|
|-heal|p1a: Ribombee|59/100|[from] Grassy Terrain
|-heal|p2a: Iron Man|100/100|[from] Grassy Terrain
|upkeep
|turn|3
|
|t:|1760338118
|move|p1a: Ribombee|Skill Swap|p2a: Iron Man
|-activate|p1a: Ribombee|move: Skill Swap|Flame Body|Shield Dust|[of] p2a: Iron Man
|move|p2a: Iron Man|Stealth Rock|p1a: Ribombee
|-sidestart|p1: mantikarp2.0|move: Stealth Rock
|
|-heal|p1a: Ribombee|65/100|[from] Grassy Terrain
|upkeep
|turn|4
|
|t:|1760338130
|move|p1a: Ribombee|Psychic Noise|p2a: Iron Man
|-resisted|p2a: Iron Man
|-damage|p2a: Iron Man|93/100
|move|p2a: Iron Man|Magma Storm|p1a: Ribombee
|-supereffective|p1a: Ribombee
|-damage|p1a: Ribombee|0 fnt
|faint|p1a: Ribombee
|
|-heal|p2a: Iron Man|99/100|[from] Grassy Terrain
|-heal|p2a: Iron Man|100/100|[from] item: Leftovers
|upkeep
|
|t:|1760338140
|switch|p1a: Raging Bolt|Raging Bolt|100/100
|-damage|p1a: Raging Bolt|88/100|[from] Stealth Rock
|-enditem|p1a: Raging Bolt|Booster Energy
|-activate|p1a: Raging Bolt|ability: Protosynthesis|[fromitem]
|-start|p1a: Raging Bolt|protosynthesisspa
|turn|5
|
|t:|1760338144
|move|p1a: Raging Bolt|Calm Mind|p1a: Raging Bolt
|-boost|p1a: Raging Bolt|spa|1
|-boost|p1a: Raging Bolt|spd|1
|move|p2a: Iron Man|Taunt|p1a: Raging Bolt
|-start|p1a: Raging Bolt|move: Taunt
|
|-heal|p1a: Raging Bolt|94/100|[from] Grassy Terrain
|-fieldend|move: Grassy Terrain
|upkeep
|turn|6
|
|t:|1760338150
|move|p1a: Raging Bolt|Thunderbolt|p2a: Iron Man
|-damage|p2a: Iron Man|32/100
|move|p2a: Iron Man|Earth Power|p1a: Raging Bolt
|-supereffective|p1a: Raging Bolt
|-damage|p1a: Raging Bolt|59/100
|
|-heal|p2a: Iron Man|38/100|[from] item: Leftovers
|upkeep
|turn|7
|inactive|mantikarp2.0 has 120 seconds left.
|
|t:|1760338156
|move|p1a: Raging Bolt|Thunderbolt|p2a: Iron Man
|-damage|p2a: Iron Man|0 fnt
|faint|p2a: Iron Man
|
|upkeep
|
|t:|1760338159
|switch|p2a: Rhino|Great Tusk|100/100
|-activate|p2a: Rhino|move: Sticky Web
|-unboost|p2a: Rhino|spe|1
|-enditem|p2a: Rhino|Booster Energy
|-activate|p2a: Rhino|ability: Protosynthesis|[fromitem]
|-start|p2a: Rhino|protosynthesisatk
|turn|8
|
|t:|1760338162
|move|p1a: Raging Bolt|Dragon Pulse|p2a: Rhino
|-damage|p2a: Rhino|0 fnt
|faint|p2a: Rhino
|-end|p2a: Rhino|Protosynthesis|[silent]
|
|-end|p1a: Raging Bolt|move: Taunt
|upkeep
|
|t:|1760338164
|switch|p2a: God of Thunder|Raging Bolt|100/100
|-activate|p2a: God of Thunder|move: Sticky Web
|-unboost|p2a: God of Thunder|spe|1
|-enditem|p2a: God of Thunder|Booster Energy
|-activate|p2a: God of Thunder|ability: Protosynthesis|[fromitem]
|-start|p2a: God of Thunder|protosynthesisspa
|turn|9
|
|t:|1760338168
|-terastallize|p2a: God of Thunder|Fairy
|move|p1a: Raging Bolt|Dragon Pulse|p2a: God of Thunder
|-immune|p2a: God of Thunder
|move|p2a: God of Thunder|Dragon Pulse|p1a: Raging Bolt
|-supereffective|p1a: Raging Bolt
|-damage|p1a: Raging Bolt|0 fnt
|faint|p1a: Raging Bolt
|-end|p1a: Raging Bolt|Protosynthesis|[silent]
|
|upkeep
|
|t:|1760338174
|switch|p1a: Great Tusk|Great Tusk, shiny|100/100
|-damage|p1a: Great Tusk|98/100|[from] Stealth Rock
|-enditem|p1a: Great Tusk|Booster Energy
|-activate|p1a: Great Tusk|ability: Protosynthesis|[fromitem]
|-start|p1a: Great Tusk|protosynthesisatk
|turn|10
|
|t:|1760338176
|move|p1a: Great Tusk|Rapid Spin|p2a: God of Thunder
|-damage|p2a: God of Thunder|79/100
|-boost|p1a: Great Tusk|spe|1
|-sideend|p1: mantikarp2.0|Stealth Rock|[from] move: Rapid Spin|[of] p1a: Great Tusk
|move|p2a: God of Thunder|Dragon Pulse|p1a: Great Tusk
|-damage|p1a: Great Tusk|1/100
|
|upkeep
|turn|11
|
|t:|1760338183
|move|p1a: Great Tusk|Headlong Rush|p2a: God of Thunder
|-damage|p2a: God of Thunder|4/100
|-unboost|p1a: Great Tusk|def|1
|-unboost|p1a: Great Tusk|spd|1
|move|p2a: God of Thunder|Dragon Pulse|p1a: Great Tusk
|-damage|p1a: Great Tusk|0 fnt
|faint|p1a: Great Tusk
|-end|p1a: Great Tusk|Protosynthesis|[silent]
|
|upkeep
|
|t:|1760338189
|switch|p1a: Ceruledge|Ceruledge, F, shiny|100/100
|turn|12
|
|t:|1760338192
|move|p1a: Ceruledge|Shadow Sneak|p2a: God of Thunder
|-damage|p2a: God of Thunder|0 fnt
|faint|p2a: God of Thunder
|-end|p2a: God of Thunder|Protosynthesis|[silent]
|
|upkeep
|
|t:|1760338195
|switch|p2a: Hulk|Rillaboom, M|100/100
|-activate|p2a: Hulk|move: Sticky Web
|-unboost|p2a: Hulk|spe|1
|-fieldstart|move: Grassy Terrain|[from] ability: Grassy Surge|[of] p2a: Hulk
|turn|13
|
|t:|1760338197
|move|p1a: Ceruledge|Swords Dance|p1a: Ceruledge
|-boost|p1a: Ceruledge|atk|2
|move|p2a: Hulk|Knock Off|p1a: Ceruledge
|-supereffective|p1a: Ceruledge
|-enditem|p1a: Ceruledge|Focus Sash
|-damage|p1a: Ceruledge|1/100
|-ability|p1a: Ceruledge|Weak Armor|boost
|-unboost|p1a: Ceruledge|def|1
|-boost|p1a: Ceruledge|spe|2
|
|-heal|p1a: Ceruledge|7/100|[from] Grassy Terrain
|upkeep
|turn|14
|
|t:|1760338205
|switch|p2a: Captain America|Zamazenta|100/100
|-activate|p2a: Captain America|move: Sticky Web
|-unboost|p2a: Captain America|spe|1
|-ability|p2a: Captain America|Dauntless Shield|boost
|-boost|p2a: Captain America|def|1
|move|p1a: Ceruledge|Bitter Blade|p2a: Captain America
|-damage|p2a: Captain America|49/100
|-heal|p1a: Ceruledge|42/100|[from] drain|[of] p2a: Captain America
|
|-heal|p1a: Ceruledge|48/100|[from] Grassy Terrain
|-heal|p2a: Captain America|55/100|[from] Grassy Terrain
|-heal|p2a: Captain America|61/100|[from] item: Leftovers
|upkeep
|turn|15
|
|t:|1760338214
|move|p1a: Ceruledge|Bitter Blade|p2a: Captain America
|-damage|p2a: Captain America|12/100
|-heal|p1a: Ceruledge|81/100|[from] drain|[of] p2a: Captain America
|move|p2a: Captain America|Crunch|p1a: Ceruledge
|-supereffective|p1a: Ceruledge
|-damage|p1a: Ceruledge|0 fnt
|faint|p1a: Ceruledge
|
|-heal|p2a: Captain America|19/100|[from] Grassy Terrain
|-heal|p2a: Captain America|25/100|[from] item: Leftovers
|upkeep
|
|t:|1760338222
|switch|p1a: Ogerpon|Ogerpon-Cornerstone, F|100/100
|turn|16
|
|t:|1760338226
|move|p1a: Ogerpon|Power Whip|p2a: Captain America
|-damage|p2a: Captain America|0 fnt
|faint|p2a: Captain America
|
|upkeep
|
|t:|1760338229
|switch|p2a: Scarlet Witch|Comfey, F|100/100
|-activate|p2a: Scarlet Witch|move: Sticky Web
|-unboost|p2a: Scarlet Witch|spe|1
|-enditem|p2a: Scarlet Witch|Grassy Seed
|-boost|p2a: Scarlet Witch|def|1|[from] item: Grassy Seed
|turn|17
|
|t:|1760338234
|move|p1a: Ogerpon|Ivy Cudgel|p2a: Scarlet Witch|[anim] Ivy Cudgel Rock
|-damage|p2a: Scarlet Witch|62/100
|move|p2a: Scarlet Witch|Calm Mind|p2a: Scarlet Witch
|-boost|p2a: Scarlet Witch|spa|1
|-boost|p2a: Scarlet Witch|spd|1
|
|-heal|p2a: Scarlet Witch|68/100|[from] Grassy Terrain
|-fieldend|move: Grassy Terrain
|upkeep
|turn|18
|
|t:|1760338239
|move|p1a: Ogerpon|Encore|p2a: Scarlet Witch
|-start|p2a: Scarlet Witch|Encore
|move|p2a: Scarlet Witch|Calm Mind|p2a: Scarlet Witch
|-boost|p2a: Scarlet Witch|spa|1
|-boost|p2a: Scarlet Witch|spd|1
|
|upkeep
|turn|19
|
|t:|1760338247
|switch|p1a: Gholdengo|Gholdengo, shiny|100/100
|-item|p1a: Gholdengo|Air Balloon
|move|p2a: Scarlet Witch|Calm Mind|p2a: Scarlet Witch
|-boost|p2a: Scarlet Witch|spa|1
|-boost|p2a: Scarlet Witch|spd|1
|
|upkeep
|turn|20
|
|t:|1760338251
|move|p1a: Gholdengo|Nasty Plot|p1a: Gholdengo
|-boost|p1a: Gholdengo|spa|2
|move|p2a: Scarlet Witch|Calm Mind|p2a: Scarlet Witch
|-boost|p2a: Scarlet Witch|spa|1
|-boost|p2a: Scarlet Witch|spd|1
|
|-end|p2a: Scarlet Witch|Encore
|upkeep
|turn|21
|
|t:|1760338255
|move|p2a: Scarlet Witch|Draining Kiss|p1a: Gholdengo
|-resisted|p1a: Gholdengo
|-damage|p1a: Gholdengo|78/100
|-heal|p2a: Scarlet Witch|87/100|[from] drain|[of] p1a: Gholdengo
|-enditem|p1a: Gholdengo|Air Balloon
|move|p1a: Gholdengo|Psyshock|p2a: Scarlet Witch
|-damage|p2a: Scarlet Witch|53/100
|
|upkeep
|turn|22
|
|t:|1760338272
|move|p1a: Gholdengo|Nasty Plot|p1a: Gholdengo
|-boost|p1a: Gholdengo|spa|2
|move|p2a: Scarlet Witch|Stored Power|p1a: Gholdengo
|-resisted|p1a: Gholdengo
|-damage|p1a: Gholdengo|14/100
|
|upkeep
|turn|23
|
|t:|1760338279
|move|p2a: Scarlet Witch|Draining Kiss|p1a: Gholdengo
|-resisted|p1a: Gholdengo
|-damage|p1a: Gholdengo|0 fnt
|-heal|p2a: Scarlet Witch|64/100|[from] drain|[of] p1a: Gholdengo
|faint|p1a: Gholdengo
|
|upkeep
|
|t:|1760338281
|switch|p1a: Ogerpon|Ogerpon-Cornerstone, F|100/100
|turn|24
|
|t:|1760338285
|-terastallize|p1a: Ogerpon|Rock
|detailschange|p1a: Ogerpon|Ogerpon-Cornerstone-Tera, F, tera:Rock
|-ability|p1a: Ogerpon|Embody Aspect (Cornerstone)|boost
|-boost|p1a: Ogerpon|def|1
|move|p2a: Scarlet Witch|Draining Kiss|p1a: Ogerpon
|-damage|p1a: Ogerpon|46/100
|-heal|p2a: Scarlet Witch|100/100|[from] drain|[of] p1a: Ogerpon
|move|p1a: Ogerpon|Ivy Cudgel|p2a: Scarlet Witch|[anim] Ivy Cudgel Rock
|-damage|p2a: Scarlet Witch|46/100
|
|upkeep
|turn|25
|-message|mantikarp2.0 forfeited.
|
|win|aalhadk
|raw|mantikarp2.0's rating: 1569 &rarr; <strong>1546</strong><br />(-23 for losing)
|raw|aalhadk's rating: 1522 &rarr; <strong>1545</strong><br />(+23 for winning)
|l|‽mantikarp2.0
|player|p1|
|l|☆aalhadk
|player|p2|
