|j|☆frog221
|j|☆Demonfromthemist
|t:|1760345339
|gametype|singles
|player|p1|frog221|psychicf-gen3rs|1538
|player|p2|Demonfromthemist|102|1512
|gen|9
|tier|[Gen 9] OU
|rated|
|rule|HP Percentage Mod: HP is shown in percentages
|rule|Endless Battle Clause: Forcing endless battles is banned
|rule|Species Clause: Limit one of each Pokémon
|rule|OHKO Clause: OHKO moves are banned
|rule|Evasion Items Clause: Evasion items are banned
|rule|Evasion Moves Clause: Evasion moves are banned
|rule|Evasion Abilities Clause: Evasion abilities are banned
|rule|Sleep Moves Clause: Sleep-inducing moves are banned
|clearpoke
|poke|p1|Slowking-Galar, M|
|poke|p1|Great Tusk|
|poke|p1|Lokix, F|
|poke|p1|Primarina, M|
|poke|p1|Dragonite, F|
|poke|p1|Iron Valiant|
|poke|p2|Thundurus-Therian, M|
|poke|p2|Slowking-Galar, F|
|poke|p2|Dragapult, F|
|poke|p2|Kingambit, F|
|poke|p2|Gliscor, F|
|poke|p2|Skarmory, F|
|teampreview
|
|t:|1760345351
|teamsize|p1|6
|teamsize|p2|6
|start
|switch|p1a: Lokix|Lokix, F|100/100
|switch|p2a: Thundurus|Thundurus-Therian, M|100/100
|turn|1
|
|t:|1760345377
|switch|p1a: Slowking|Slowking-Galar, M|100/100
|move|p2a: Thundurus|Volt Switch|p1a: Slowking
|-damage|p1a: Slowking|73/100
|-enditem|p1a: Slowking|Eject Button
|
|t:|1760345387
|switch|p1a: Great Tusk|Great Tusk|100/100
|
|upkeep
|turn|2
|inactive|Battle timer is ON: inactive players will automatically lose when time's up. (requested by Demonfromthemist)
|
|t:|1760345395
|switch|p2a: Skarmory|Skarmory, F|100/100
|move|p1a: Great Tusk|Ice Spinner|p2a: Skarmory
|-damage|p2a: Skarmory|85/100
|-damage|p1a: Great Tusk|84/100|[from] item: Rocky Helmet|[of] p2a: Skarmory
|
|upkeep
|turn|3
|
|t:|1760345403
|-end|p1a: Great Tusk|Protosynthesis|[silent]
|switch|p1a: Primarina|Primarina, M, shiny|100/100
|move|p2a: Skarmory|Stealth Rock|p1a: Primarina
|-sidestart|p1: frog221|move: Stealth Rock
|
|upkeep
|turn|4
|
|t:|1760345422
|switch|p2a: Slowking|Slowking-Galar, F|100/100
|move|p1a: Primarina|Surf|p2a: Slowking
|-damage|p2a: Slowking|75/100
|
|upkeep
|turn|5
|
|t:|1760345427
|move|p1a: Primarina|Flip Turn|p2a: Slowking
|-damage|p2a: Slowking|58/100
|
|t:|1760345431
|switch|p1a: Slowking|Slowking-Galar, M|100/100|[from] Flip Turn
|-damage|p1a: Slowking|88/100|[from] Stealth Rock
|-prepare|p2a: Slowking|Chilly Reception|[premajor]
|move|p2a: Slowking|Chilly Reception|p2a: Slowking
|-weather|Snowscape
|
|t:|1760345440
|switch|p2a: Gliscor|Gliscor, F|100/100|[from] Chilly Reception
|
|-weather|Snowscape|[upkeep]
|-status|p2a: Gliscor|tox|[from] item: Toxic Orb
|upkeep
|turn|6
|
|t:|1760345446
|move|p2a: Gliscor|Spikes|p1a: Slowking
|-sidestart|p1: frog221|Spikes
|move|p1a: Slowking|Ice Beam|p2a: Gliscor
|-supereffective|p2a: Gliscor
|-crit|p2a: Gliscor
|-damage|p2a: Gliscor|0 fnt
|faint|p2a: Gliscor
|
|-weather|Snowscape|[upkeep]
|upkeep
|
|t:|1760345451
|switch|p2a: Thundurus|Thundurus-Therian, M|100/100
|turn|7
|inactive|frog221 has 120 seconds left.
|
|t:|1760345492
|move|p2a: Thundurus|Volt Switch|p1a: Slowking
|-damage|p1a: Slowking|58/100
|
|t:|1760345495
|switch|p2a: Kingambit|Kingambit, F|100/100|[from] Volt Switch
|-activate|p2a: Kingambit|ability: Supreme Overlord
|-start|p2a: Kingambit|fallen1|[silent]
|-prepare|p1a: Slowking|Chilly Reception|[premajor]
|move|p1a: Slowking|Chilly Reception|p1a: Slowking
|
|t:|1760345503
|switch|p1a: Great Tusk|Great Tusk|84/100|[from] Chilly Reception
|
|-weather|Snowscape|[upkeep]
|upkeep
|turn|8
|inactive|frog221 has 120 seconds left.
|
|t:|1760345509
|-end|p2a: Kingambit|fallen1|[silent]
|switch|p2a: Skarmory|Skarmory, F|85/100
|move|p1a: Great Tusk|Ice Spinner|p2a: Skarmory
|-damage|p2a: Skarmory|69/100
|-damage|p1a: Great Tusk|67/100|[from] item: Rocky Helmet|[of] p2a: Skarmory
|
|-weather|Snowscape|[upkeep]
|upkeep
|turn|9
|
|t:|1760345512
|switch|p2a: Dragapult|Dragapult, F|100/100
|move|p1a: Great Tusk|Rapid Spin|p2a: Dragapult
|-immune|p2a: Dragapult
|
|-weather|none
|upkeep
|turn|10
|
|t:|1760345517
|-end|p1a: Great Tusk|Protosynthesis|[silent]
|switch|p1a: Primarina|Primarina, M, shiny|100/100
|-damage|p1a: Primarina|88/100|[from] Stealth Rock
|-damage|p1a: Primarina|76/100|[from] Spikes
|move|p2a: Dragapult|Will-O-Wisp|p1a: Primarina
|-status|p1a: Primarina|brn
|
|-damage|p1a: Primarina|70/100 brn|[from] brn
|upkeep
|turn|11
|
|t:|1760345531
|move|p2a: Dragapult|U-turn|p1a: Primarina
|-resisted|p1a: Primarina
|-damage|p1a: Primarina|59/100 brn
|
|t:|1760345533
|switch|p2a: Slowking|Slowking-Galar, F|92/100|[from] U-turn
|move|p1a: Primarina|Flip Turn|p2a: Slowking
|-damage|p2a: Slowking|84/100
|
|t:|1760345544
|switch|p1a: Lokix|Lokix, F|100/100|[from] Flip Turn
|-damage|p1a: Lokix|76/100|[from] Stealth Rock
|-damage|p1a: Lokix|63/100|[from] Spikes
|
|upkeep
|turn|12
|
|t:|1760345549
|switch|p2a: Skarmory|Skarmory, F|69/100
|move|p1a: Lokix|Knock Off|p2a: Skarmory
|-damage|p2a: Skarmory|26/100
|-damage|p1a: Lokix|47/100|[from] item: Rocky Helmet|[of] p2a: Skarmory
|-enditem|p2a: Skarmory|Rocky Helmet|[from] move: Knock Off|[of] p1a: Lokix
|
|upkeep
|turn|13
|
|t:|1760345560
|move|p1a: Lokix|Knock Off|p2a: Skarmory
|-crit|p2a: Skarmory
|-damage|p2a: Skarmory|0 fnt
|faint|p2a: Skarmory
|
|upkeep
|
|t:|1760345562
|switch|p2a: Dragapult|Dragapult, F|100/100
|turn|14
|
|t:|1760345575
|switch|p1a: Slowking|Slowking-Galar, M|91/100
|-damage|p1a: Slowking|79/100|[from] Stealth Rock
|-damage|p1a: Slowking|66/100|[from] Spikes
|move|p2a: Dragapult|U-turn|p1a: Slowking
|-damage|p1a: Slowking|49/100
|
|t:|1760345582
|switch|p2a: Kingambit|Kingambit, F|100/100|[from] U-turn
|-activate|p2a: Kingambit|ability: Supreme Overlord
|-start|p2a: Kingambit|fallen2|[silent]
|
|upkeep
|turn|15
|
|t:|1760345607
|move|p2a: Kingambit|Iron Head|p1a: Slowking
|-damage|p1a: Slowking|0 fnt
|faint|p1a: Slowking
|
|upkeep
|
|t:|1760345610
|switch|p1a: Great Tusk|Great Tusk|67/100
|turn|16
|
|t:|1760345618
|-end|p2a: Kingambit|fallen2|[silent]
|switch|p2a: Thundurus|Thundurus-Therian, M|100/100
|move|p1a: Great Tusk|Earthquake|p2a: Thundurus
|-immune|p2a: Thundurus
|
|upkeep
|turn|17
|inactive|frog221 has 120 seconds left.
|
|t:|1760345660
|switch|p2a: Dragapult|Dragapult, F|100/100
|-end|p1a: Great Tusk|Protosynthesis|[silent]
|switch|p1a: Primarina|Primarina, M, shiny|59/100 brn
|-damage|p1a: Primarina|47/100 brn|[from] Stealth Rock
|-damage|p1a: Primarina|35/100 brn|[from] Spikes
|
|-damage|p1a: Primarina|29/100 brn|[from] brn
|upkeep
|turn|18
|
|t:|1760345665
|move|p2a: Dragapult|Hex|p1a: Primarina
|-damage|p1a: Primarina|0 fnt
|faint|p1a: Primarina
|
|upkeep
|
|t:|1760345681
|switch|p1a: Dragonite|Dragonite, F|100/100
|turn|19
|
|t:|1760345687
|move|p2a: Dragapult|Will-O-Wisp|p1a: Dragonite
|-status|p1a: Dragonite|brn
|move|p1a: Dragonite|Outrage|p2a: Dragapult
|-supereffective|p2a: Dragapult
|-damage|p2a: Dragapult|0 fnt
|faint|p2a: Dragapult
|
|-damage|p1a: Dragonite|94/100 brn|[from] brn
|upkeep
|
|t:|1760345699
|switch|p2a: Kingambit|Kingambit, F|100/100
|-activate|p2a: Kingambit|ability: Supreme Overlord
|-start|p2a: Kingambit|fallen3|[silent]
|turn|20
|
|t:|1760345703
|move|p1a: Dragonite|Outrage|p2a: Kingambit|[from] lockedmove
|-resisted|p2a: Kingambit
|-damage|p2a: Kingambit|88/100
|move|p2a: Kingambit|Swords Dance|p2a: Kingambit
|-boost|p2a: Kingambit|atk|2
|
|-damage|p1a: Dragonite|88/100 brn|[from] brn
|upkeep
|turn|21
|
|t:|1760345708
|move|p1a: Dragonite|Outrage|p2a: Kingambit|[from] lockedmove
|-resisted|p2a: Kingambit
|-damage|p2a: Kingambit|75/100
|-start|p1a: Dragonite|confusion|[fatigue]
|move|p2a: Kingambit|Swords Dance|p2a: Kingambit
|-boost|p2a: Kingambit|atk|2
|
|-damage|p1a: Dragonite|82/100 brn|[from] brn
|upkeep
|turn|22
|
|t:|1760345714
|move|p2a: Kingambit|Sucker Punch|p1a: Dragonite
|-damage|p1a: Dragonite|0 fnt
|faint|p1a: Dragonite
|
|upkeep
|
|t:|1760345717
|switch|p1a: Great Tusk|Great Tusk|67/100
|turn|23
|
|t:|1760345721
|move|p1a: Great Tusk|Rapid Spin|p2a: Kingambit
|-resisted|p2a: Kingambit
|-damage|p2a: Kingambit|69/100
|-boost|p1a: Great Tusk|spe|1
|-sideend|p1: frog221|Spikes|[from] move: Rapid Spin|[of] p1a: Great Tusk
|-sideend|p1: frog221|Stealth Rock|[from] move: Rapid Spin|[of] p1a: Great Tusk
|move|p2a: Kingambit|Iron Head|p1a: Great Tusk
|-damage|p1a: Great Tusk|0 fnt
|faint|p1a: Great Tusk
|-end|p1a: Great Tusk|Protosynthesis|[silent]
|
|upkeep
|
|t:|1760345724
|switch|p1a: Iron Valiant|Iron Valiant|100/100
|-enditem|p1a: Iron Valiant|Booster Energy
|-activate|p1a: Iron Valiant|ability: Quark Drive|[fromitem]
|-start|p1a: Iron Valiant|quarkdrivespe
|turn|24
|
|t:|1760345732
|-terastallize|p1a: Iron Valiant|Fairy
|-terastallize|p2a: Kingambit|Fire
|move|p1a: Iron Valiant|Moonblast|p2a: Kingambit
|-resisted|p2a: Kingambit
|-damage|p2a: Kingambit|36/100
|move|p2a: Kingambit|Iron Head|p1a: Iron Valiant
|-supereffective|p1a: Iron Valiant
|-damage|p1a: Iron Valiant|0 fnt
|faint|p1a: Iron Valiant
|-end|p1a: Iron Valiant|Quark Drive|[silent]
|
|upkeep
|
|t:|1760345735
|switch|p1a: Lokix|Lokix, F|47/100
|turn|25
|
|t:|1760345740
|move|p2a: Kingambit|Sucker Punch|p1a: Lokix
|-resisted|p1a: Lokix
|-damage|p1a: Lokix|0 fnt
|faint|p1a: Lokix
|
|win|Demonfromthemist
|raw|frog221's rating: 1538 &rarr; <strong>1517</strong><br />(-21 for losing)
|raw|Demonfromthemist's rating: 1512 &rarr; <strong>1533</strong><br />(+21 for winning)
|l|☆frog221
|player|p1|
|l|☆Demonfromthemist
|player|p2|
