|j|☆garysgf
|j|‽ReyLly
|t:|1760429671
|gametype|singles
|player|p1|garysgf|265|1113
|player|p2|ReyLly|flannery|1187
|gen|9
|tier|[Gen 9] OU
|rated|
|rule|HP Percentage Mod: HP is shown in percentages
|rule|Endless Battle Clause: Forcing endless battles is banned
|rule|Species Clause: Limit one of each Pokémon
|rule|OHKO Clause: OHKO moves are banned
|rule|Evasion Items Clause: Evasion items are banned
|rule|Evasion Moves Clause: Evasion moves are banned
|rule|Evasion Abilities Clause: Evasion abilities are banned
|rule|Sleep Moves Clause: Sleep-inducing moves are banned
|clearpoke
|poke|p1|Serperior, F|
|poke|p1|Garganacl, F|
|poke|p1|Enamorus, F|
|poke|p1|Pecharunt|
|poke|p1|Maushold-Four|
|poke|p1|Latias, F|
|poke|p2|Ceruledge, M|
|poke|p2|Dragonite, M|
|poke|p2|Primarina, F|
|poke|p2|Scizor, F|
|poke|p2|Ambipom, F|
|poke|p2|Gliscor, M|
|teampreview
|inactive|Battle timer is ON: inactive players will automatically lose when time's up. (requested by garysgf)
|
|t:|1760429685
|teamsize|p1|6
|teamsize|p2|6
|start
|switch|p1a: Enamorus|Enamorus, F|100/100
|switch|p2a: Ceruledge|Ceruledge, M|100/100
|turn|1
|
|t:|1760429700
|switch|p1a: Garganacl|Garganacl, F|100/100
|move|p2a: Ceruledge|Swords Dance|p2a: Ceruledge
|-boost|p2a: Ceruledge|atk|2
|
|upkeep
|turn|2
|
|t:|1760429710
|-terastallize|p2a: Ceruledge|Ghost
|move|p2a: Ceruledge|Swords Dance|p2a: Ceruledge
|-boost|p2a: Ceruledge|atk|2
|move|p1a: Garganacl|Salt Cure|p2a: Ceruledge
|-damage|p2a: Ceruledge|72/100
|-start|p2a: Ceruledge|Salt Cure
|-ability|p2a: Ceruledge|Weak Armor|boost
|-unboost|p2a: Ceruledge|def|1
|-boost|p2a: Ceruledge|spe|2
|
|-damage|p2a: Ceruledge|60/100|[from] Salt Cure
|upkeep
|turn|3
|
|t:|1760429727
|move|p2a: Ceruledge|Poltergeist|p1a: Garganacl
|-activate|p1a: Garganacl|move: Poltergeist|Leftovers
|-ability|p1a: Garganacl|Sturdy
|-damage|p1a: Garganacl|1/100
|move|p1a: Garganacl|Salt Cure|p2a: Ceruledge
|-damage|p2a: Ceruledge|21/100
|-ability|p2a: Ceruledge|Weak Armor|boost
|-unboost|p2a: Ceruledge|def|1
|-boost|p2a: Ceruledge|spe|2
|
|-heal|p1a: Garganacl|7/100|[from] item: Leftovers
|-damage|p2a: Ceruledge|9/100|[from] Salt Cure
|upkeep
|turn|4
|
|t:|1760429742
|move|p2a: Ceruledge|Shadow Sneak|p1a: Garganacl
|-damage|p1a: Garganacl|0 fnt
|faint|p1a: Garganacl
|
|-damage|p2a: Ceruledge|0 fnt|[from] Salt Cure
|faint|p2a: Ceruledge
|upkeep
|
|t:|1760429755
|switch|p2a: Dragonite|Dragonite, M|100/100
|switch|p1a: Serperior|Serperior, F|100/100
|turn|5
|
|t:|1760429768
|-terastallize|p1a: Serperior|Steel
|move|p1a: Serperior|Leaf Storm|p2a: Dragonite
|-resisted|p2a: Dragonite
|-damage|p2a: Dragonite|94/100
|-boost|p1a: Serperior|spa|2
|move|p2a: Dragonite|Fire Punch|p1a: Serperior
|-supereffective|p1a: Serperior
|-damage|p1a: Serperior|33/100
|
|-heal|p1a: Serperior|40/100|[from] item: Leftovers
|upkeep
|turn|6
|
|t:|1760429782
|move|p1a: Serperior|Glare|p2a: Dragonite
|-status|p2a: Dragonite|par
|move|p2a: Dragonite|Fire Punch|p1a: Serperior
|-supereffective|p1a: Serperior
|-crit|p1a: Serperior
|-damage|p1a: Serperior|0 fnt
|faint|p1a: Serperior
|
|upkeep
|
|t:|1760429792
|switch|p1a: Enamorus|Enamorus, F|100/100
|turn|7
|
|t:|1760429798
|move|p1a: Enamorus|Superpower|p2a: Dragonite
|-resisted|p2a: Dragonite
|-damage|p2a: Dragonite|74/100 par
|-boost|p1a: Enamorus|atk|1
|-boost|p1a: Enamorus|def|1
|move|p2a: Dragonite|Fire Punch|p1a: Enamorus
|-damage|p1a: Enamorus|72/100
|
|-heal|p1a: Enamorus|78/100|[from] item: Leftovers
|upkeep
|turn|8
|
|t:|1760429807
|move|p1a: Enamorus|Play Rough|p2a: Dragonite
|-supereffective|p2a: Dragonite
|-damage|p2a: Dragonite|0 fnt
|faint|p2a: Dragonite
|
|-heal|p1a: Enamorus|84/100|[from] item: Leftovers
|upkeep
|
|t:|1760429822
|switch|p2a: Ambipom|Ambipom, F|100/100
|turn|9
|
|t:|1760429830
|move|p2a: Ambipom|Fake Out|p1a: Enamorus
|-crit|p1a: Enamorus
|-damage|p1a: Enamorus|19/100
|cant|p1a: Enamorus|flinch
|
|-heal|p1a: Enamorus|25/100|[from] item: Leftovers
|upkeep
|turn|10
|
|t:|1760429839
|move|p2a: Ambipom|U-turn|p1a: Enamorus
|-resisted|p1a: Enamorus
|-damage|p1a: Enamorus|19/100
|
|t:|1760429842
|switch|p2a: Scizor|Scizor, F|100/100|[from] U-turn
|move|p1a: Enamorus|Superpower|p2a: Scizor
|-damage|p2a: Scizor|46/100
|-boost|p1a: Enamorus|atk|1
|-boost|p1a: Enamorus|def|1
|-enditem|p2a: Scizor|Sitrus Berry|[eat]
|-heal|p2a: Scizor|71/100|[from] item: Sitrus Berry
|
|-heal|p1a: Enamorus|26/100|[from] item: Leftovers
|upkeep
|turn|11
|
|t:|1760429854
|move|p2a: Scizor|Bullet Punch|p1a: Enamorus
|-supereffective|p1a: Enamorus
|-damage|p1a: Enamorus|0 fnt
|faint|p1a: Enamorus
|
|upkeep
|
|t:|1760429861
|switch|p1a: Latias|Latias, F, shiny|100/100
|turn|12
|
|t:|1760429871
|move|p1a: Latias|Draco Meteor|p2a: Scizor
|-resisted|p2a: Scizor
|-damage|p2a: Scizor|31/100
|-unboost|p1a: Latias|spa|2
|move|p2a: Scizor|Knock Off|p1a: Latias
|-supereffective|p1a: Latias
|-damage|p1a: Latias|7/100
|-enditem|p1a: Latias|Soul Dew|[from] move: Knock Off|[of] p2a: Scizor
|
|upkeep
|turn|13
|
|t:|1760429878
|move|p2a: Scizor|Bullet Punch|p1a: Latias
|-damage|p1a: Latias|0 fnt
|faint|p1a: Latias
|
|upkeep
|
|t:|1760429881
|switch|p1a: Maushold|Maushold-Four|100/100
|turn|14
|
|t:|1760429888
|move|p1a: Maushold|Population Bomb|p2a: Scizor
|-resisted|p2a: Scizor
|-damage|p2a: Scizor|26/100
|-resisted|p2a: Scizor
|-damage|p2a: Scizor|21/100
|-resisted|p2a: Scizor
|-damage|p2a: Scizor|15/100
|-resisted|p2a: Scizor
|-damage|p2a: Scizor|10/100
|-resisted|p2a: Scizor
|-damage|p2a: Scizor|4/100
|-resisted|p2a: Scizor
|-damage|p2a: Scizor|0 fnt
|faint|p2a: Scizor
|-hitcount|p2: Scizor|6
|
|upkeep
|
|t:|1760429893
|switch|p2a: Ambipom|Ambipom, F|100/100
|turn|15
|
|t:|1760429904
|move|p2a: Ambipom|Fake Out|p1a: Maushold
|-damage|p1a: Maushold|56/100
|cant|p1a: Maushold|flinch
|
|upkeep
|turn|16
|
|t:|1760429914
|move|p2a: Ambipom|Triple Axel|p1a: Maushold
|-damage|p1a: Maushold|41/100
|-damage|p1a: Maushold|12/100
|-damage|p1a: Maushold|0 fnt
|faint|p1a: Maushold
|-hitcount|p1: Maushold|3
|
|upkeep
|
|t:|1760429920
|switch|p1a: Pecharunt|Pecharunt|100/100
|turn|17
|
|t:|1760429926
|move|p2a: Ambipom|Knock Off|p1a: Pecharunt
|-supereffective|p1a: Pecharunt
|-damage|p1a: Pecharunt|68/100
|-enditem|p1a: Pecharunt|Leftovers|[from] move: Knock Off|[of] p2a: Ambipom
|move|p1a: Pecharunt|Malignant Chain|p2a: Ambipom
|-damage|p2a: Ambipom|50/100
|-status|p2a: Ambipom|tox
|-start|p2a: Ambipom|confusion|[from] ability: Poison Puppeteer|[of] p1a: Pecharunt
|
|-damage|p2a: Ambipom|43/100 tox|[from] psn
|upkeep
|turn|18
|
|t:|1760429948
|-activate|p2a: Ambipom|confusion
|move|p2a: Ambipom|Knock Off|p1a: Pecharunt
|-supereffective|p1a: Pecharunt
|-damage|p1a: Pecharunt|47/100
|move|p1a: Pecharunt|Malignant Chain|p2a: Ambipom
|-damage|p2a: Ambipom|0 fnt
|faint|p2a: Ambipom
|
|upkeep
|
|t:|1760429952
|switch|p2a: Gliscor|Gliscor, M|100/100
|turn|19
|
|t:|1760429962
|move|p1a: Pecharunt|Malignant Chain|p2a: Gliscor
|-resisted|p2a: Gliscor
|-damage|p2a: Gliscor|88/100
|-status|p2a: Gliscor|tox
|-start|p2a: Gliscor|confusion|[from] ability: Poison Puppeteer|[of] p1a: Pecharunt
|-activate|p2a: Gliscor|confusion
|move|p2a: Gliscor|Swords Dance|p2a: Gliscor
|-boost|p2a: Gliscor|atk|2
|
|-heal|p2a: Gliscor|99/100 tox|[from] ability: Poison Heal
|upkeep
|turn|20
|
|t:|1760429984
|move|p1a: Pecharunt|Destiny Bond|p1a: Pecharunt
|-singlemove|p1a: Pecharunt|Destiny Bond
|-activate|p2a: Gliscor|confusion
|move|p2a: Gliscor|Knock Off|p1a: Pecharunt
|-supereffective|p1a: Pecharunt
|-crit|p1a: Pecharunt
|-damage|p1a: Pecharunt|0 fnt
|faint|p1a: Pecharunt
|-activate|p1a: Pecharunt|move: Destiny Bond
|faint|p2a: Gliscor
|
|win|ReyLly
|raw|garysgf's rating: 1113 &rarr; <strong>1093</strong><br />(-20 for losing)
|raw|ReyLly's rating: 1187 &rarr; <strong>1207</strong><br />(+20 for winning)
|l|☆garysgf
|player|p1|
|l|‽ReyLly
|player|p2|
