|j|☆banjin
|j|☆jessies boyfriend
|t:|1760318378
|gametype|singles
|player|p1|banjin|beauty-gen6xy|1322
|player|p2|jessies boyfriend|brock|1342
|gen|9
|tier|[Gen 9] OU
|rated|
|rule|HP Percentage Mod: HP is shown in percentages
|rule|Endless Battle Clause: Forcing endless battles is banned
|rule|Species Clause: Limit one of each Pokémon
|rule|OHKO Clause: OHKO moves are banned
|rule|Evasion Items Clause: Evasion items are banned
|rule|Evasion Moves Clause: Evasion moves are banned
|rule|Evasion Abilities Clause: Evasion abilities are banned
|rule|Sleep Moves Clause: Sleep-inducing moves are banned
|clearpoke
|poke|p1|Minior-Blue|
|poke|p1|Lokix, F|
|poke|p1|Thundurus-Therian, M|
|poke|p1|Muk-Alola, F|
|poke|p1|Emboar, F|
|poke|p1|Ditto|
|poke|p2|Palossand, F|
|poke|p2|Glimmora, F|
|poke|p2|Tyranitar, F|
|poke|p2|Gliscor, M|
|poke|p2|Gholdengo|
|poke|p2|Diancie|
|teampreview
|inactive|Battle timer is ON: inactive players will automatically lose when time's up. (requested by banjin)
|
|t:|1760318386
|teamsize|p1|6
|teamsize|p2|6
|start
|switch|p1a: Paws|Thundurus-Therian, M|100/100
|switch|p2a: Tyranitar|Tyranitar, F|100/100
|-weather|Sandstorm|[from] ability: Sand Stream|[of] p2a: Tyranitar
|turn|1
|
|t:|1760318393
|move|p1a: Paws|Grass Knot|p2a: Tyranitar
|-supereffective|p2a: Tyranitar
|-damage|p2a: Tyranitar|44/100
|move|p2a: Tyranitar|Stealth Rock|p1a: Paws
|-sidestart|p1: banjin|move: Stealth Rock
|
|-weather|Sandstorm|[upkeep]
|-damage|p1a: Paws|94/100|[from] Sandstorm
|upkeep
|turn|2
|
|t:|1760318408
|switch|p2a: Gliscor|Gliscor, M|100/100
|move|p1a: Paws|Agility|p1a: Paws
|-boost|p1a: Paws|spe|2
|
|-weather|Sandstorm|[upkeep]
|-damage|p1a: Paws|88/100|[from] Sandstorm
|-status|p2a: Gliscor|tox|[from] item: Toxic Orb
|upkeep
|turn|3
|
|t:|1760318412
|move|p1a: Paws|Nasty Plot|p1a: Paws
|-boost|p1a: Paws|spa|2
|move|p2a: Gliscor|Ice Fang|p1a: Paws
|-supereffective|p1a: Paws
|-damage|p1a: Paws|37/100
|
|-weather|Sandstorm|[upkeep]
|-damage|p1a: Paws|31/100|[from] Sandstorm
|upkeep
|turn|4
|
|t:|1760318416
|move|p2a: Gliscor|Protect|p2a: Gliscor
|-singleturn|p2a: Gliscor|Protect
|move|p1a: Paws|Grass Knot|p2a: Gliscor
|-activate|p2a: Gliscor|move: Protect
|
|-weather|Sandstorm|[upkeep]
|-damage|p1a: Paws|25/100|[from] Sandstorm
|upkeep
|turn|5
|
|t:|1760318428
|move|p1a: Paws|Grass Knot|p2a: Gliscor
|-damage|p2a: Gliscor|39/100 tox
|move|p2a: Gliscor|Ice Fang|p1a: Paws
|-supereffective|p1a: Paws
|-damage|p1a: Paws|0 fnt
|faint|p1a: Paws
|
|-weather|Sandstorm|[upkeep]
|-heal|p2a: Gliscor|52/100 tox|[from] ability: Poison Heal
|upkeep
|
|t:|1760318443
|switch|p1a: Mr. Brightside|Minior-Blue|100/100
|-damage|p1a: Mr. Brightside|75/100|[from] Stealth Rock
|-formechange|p1a: Mr. Brightside|Minior-Meteor||[from] ability: Shields Down
|turn|6
|
|t:|1760318469
|switch|p2a: Palossand|Palossand, F, shiny|100/100
|move|p1a: Mr. Brightside|Shell Smash|p1a: Mr. Brightside
|-unboost|p1a: Mr. Brightside|def|1
|-unboost|p1a: Mr. Brightside|spd|1
|-boost|p1a: Mr. Brightside|atk|2
|-boost|p1a: Mr. Brightside|spa|2
|-boost|p1a: Mr. Brightside|spe|2
|-enditem|p1a: Mr. Brightside|White Herb
|-clearnegativeboost|p1a: Mr. Brightside|[silent]
|
|-weather|Sandstorm|[upkeep]
|upkeep
|turn|7
|
|t:|1760318474
|move|p1a: Mr. Brightside|Acrobatics|p2a: Palossand
|-damage|p2a: Palossand|47/100
|move|p2a: Palossand|Curse|p1a: Mr. Brightside
|-start|p1a: Mr. Brightside|Curse|[of] p2a: Palossand
|-damage|p2a: Palossand|0 fnt
|faint|p2a: Palossand
|
|-weather|Sandstorm|[upkeep]
|-damage|p1a: Mr. Brightside|50/100|[from] Curse
|-formechange|p1a: Mr. Brightside|Minior-Blue||[from] ability: Shields Down
|upkeep
|
|t:|1760318481
|switch|p2a: Gliscor|Gliscor, M|52/100 tox
|turn|8
|
|t:|1760318485
|move|p2a: Gliscor|Protect|p2a: Gliscor
|-singleturn|p2a: Gliscor|Protect
|move|p1a: Mr. Brightside|Shell Smash|p1a: Mr. Brightside
|-unboost|p1a: Mr. Brightside|def|1
|-unboost|p1a: Mr. Brightside|spd|1
|-boost|p1a: Mr. Brightside|atk|2
|-boost|p1a: Mr. Brightside|spa|2
|-boost|p1a: Mr. Brightside|spe|2
|
|-weather|none
|-heal|p2a: Gliscor|64/100 tox|[from] ability: Poison Heal
|-damage|p1a: Mr. Brightside|25/100|[from] Curse
|upkeep
|turn|9
|
|t:|1760318501
|switch|p2a: Tyranitar|Tyranitar, F|44/100
|-weather|Sandstorm|[from] ability: Sand Stream|[of] p2a: Tyranitar
|move|p1a: Mr. Brightside|Acrobatics|p2a: Tyranitar
|-resisted|p2a: Tyranitar
|-damage|p2a: Tyranitar|0 fnt
|faint|p2a: Tyranitar
|
|-weather|Sandstorm|[upkeep]
|-damage|p1a: Mr. Brightside|0 fnt|[from] Curse
|faint|p1a: Mr. Brightside
|upkeep
|
|t:|1760318508
|switch|p1a: Katy|Lokix, F|100/100
|switch|p2a: Glimmora|Glimmora, F, shiny|100/100
|-item|p2a: Glimmora|Air Balloon
|turn|10
|
|t:|1760318514
|switch|p1a: Beppo|Muk-Alola, F|100/100
|-damage|p1a: Beppo|88/100|[from] Stealth Rock
|move|p2a: Glimmora|Ancient Power|p1a: Beppo
|-damage|p1a: Beppo|60/100
|
|-weather|Sandstorm|[upkeep]
|-damage|p1a: Beppo|54/100|[from] Sandstorm
|upkeep
|turn|11
|
|t:|1760318519
|move|p1a: Beppo|Shadow Sneak|p2a: Glimmora
|-damage|p2a: Glimmora|85/100
|-activate|p2a: Glimmora|ability: Toxic Debris
|-sidestart|p1: banjin|move: Toxic Spikes
|-enditem|p2a: Glimmora|Air Balloon
|move|p2a: Glimmora|Earth Power|p1a: Beppo
|-supereffective|p1a: Beppo
|-damage|p1a: Beppo|0 fnt
|faint|p1a: Beppo
|
|-weather|Sandstorm|[upkeep]
|upkeep
|
|t:|1760318526
|switch|p1a: Dragmire|Emboar, F, shiny|100/100
|-damage|p1a: Dragmire|88/100|[from] Stealth Rock
|-status|p1a: Dragmire|psn
|turn|12
|
|t:|1760318529
|move|p2a: Glimmora|Earth Power|p1a: Dragmire
|-supereffective|p1a: Dragmire
|-damage|p1a: Dragmire|0 fnt
|faint|p1a: Dragmire
|
|-weather|Sandstorm|[upkeep]
|upkeep
|
|t:|1760318534
|switch|p1a: 𒉎|Ditto|100/100
|-damage|p1a: 𒉎|88/100|[from] Stealth Rock
|-status|p1a: 𒉎|psn
|-transform|p1a: 𒉎|p2a: Glimmora|[from] ability: Imposter
|turn|13
|
|t:|1760318540
|switch|p2a: Gholdengo|Gholdengo|100/100
|move|p1a: 𒉎|Ancient Power|p2a: Gholdengo
|-resisted|p2a: Gholdengo
|-damage|p2a: Gholdengo|85/100
|
|-weather|Sandstorm|[upkeep]
|-heal|p2a: Gholdengo|91/100|[from] item: Leftovers
|-damage|p1a: 𒉎|76/100 psn|[from] psn
|upkeep
|turn|14
|-message|banjin forfeited.
|
|win|jessies boyfriend
|raw|banjin's rating: 1322 &rarr; <strong>1303</strong><br />(-19 for losing)
|raw|jessies boyfriend's rating: 1342 &rarr; <strong>1361</strong><br />(+19 for winning)
|l|☆banjin
|player|p1|
|l|☆jessies boyfriend
|player|p2|
