|j|☆dia90
|j|☆getreyal
|t:|1760380455
|gametype|singles
|player|p1|dia90|1|1780
|player|p2|getreyal|pokemonbreeder-gen4|1764
|gen|9
|tier|[Gen 9] OU
|rated|
|rule|HP Percentage Mod: HP is shown in percentages
|rule|Endless Battle Clause: Forcing endless battles is banned
|rule|Species Clause: Limit one of each Pokémon
|rule|OHKO Clause: OHKO moves are banned
|rule|Evasion Items Clause: Evasion items are banned
|rule|Evasion Moves Clause: Evasion moves are banned
|rule|Evasion Abilities Clause: Evasion abilities are banned
|rule|Sleep Moves Clause: Sleep-inducing moves are banned
|clearpoke
|poke|p1|Ursaluna, F|
|poke|p1|Raging Bolt|
|poke|p1|Cinderace, F|
|poke|p1|Pecharunt|
|poke|p1|Ogerpon, F|
|poke|p1|Scizor, M|
|poke|p2|Corviknight, M|
|poke|p2|Garchomp, M|
|poke|p2|Glimmora, F|
|poke|p2|Darkrai|
|poke|p2|Ceruledge, M|
|poke|p2|Ogerpon-Wellspring, F|
|teampreview
|
|t:|1760380466
|teamsize|p1|6
|teamsize|p2|6
|start
|switch|p1a: Ogerpon|Ogerpon, F|100/100
|switch|p2a: Glimmora|Glimmora, F|100/100
|turn|1
|
|t:|1760380471
|move|p2a: Glimmora|Sludge Wave|p1a: Ogerpon
|-supereffective|p1a: Ogerpon
|-damage|p1a: Ogerpon|0 fnt
|faint|p1a: Ogerpon
|
|upkeep
|
|t:|1760380483
|switch|p1a: Raging Bolt|Raging Bolt|100/100
|turn|2
|
|t:|1760380491
|move|p2a: Glimmora|Sludge Wave|p1a: Raging Bolt
|-crit|p1a: Raging Bolt
|-damage|p1a: Raging Bolt|36/100
|move|p1a: Raging Bolt|Thunderbolt|p2a: Glimmora
|-damage|p2a: Glimmora|0 fnt
|faint|p2a: Glimmora
|
|upkeep
|
|t:|1760380497
|switch|p2a: Garchomp|Garchomp, M|100/100
|turn|3
|
|t:|1760380502
|-end|p1a: Raging Bolt|Protosynthesis|[silent]
|switch|p1a: Pecharunt|Pecharunt|100/100
|move|p2a: Garchomp|Stealth Rock|p1a: Pecharunt
|-sidestart|p1: dia90|move: Stealth Rock
|
|upkeep
|turn|4
|
|t:|1760380510
|switch|p2a: Corviknight|Corviknight, M|100/100
|-ability|p2a: Corviknight|Pressure
|move|p1a: Pecharunt|Malignant Chain|p2a: Corviknight
|-immune|p2a: Corviknight
|
|upkeep
|turn|5
|
|t:|1760380520
|move|p1a: Pecharunt|Hex|p2a: Corviknight
|-damage|p2a: Corviknight|79/100
|move|p2a: Corviknight|U-turn|p1a: Pecharunt
|-resisted|p1a: Pecharunt
|-damage|p1a: Pecharunt|99/100
|
|t:|1760380523
|switch|p2a: Darkrai|Darkrai|100/100|[from] U-turn
|
|-heal|p1a: Pecharunt|100/100|[from] item: Leftovers
|upkeep
|turn|6
|
|t:|1760380538
|-terastallize|p1a: Pecharunt|Grass
|move|p2a: Darkrai|Dark Pulse|p1a: Pecharunt
|-damage|p1a: Pecharunt|37/100
|move|p1a: Pecharunt|Malignant Chain|p2a: Darkrai
|-damage|p2a: Darkrai|56/100
|
|-heal|p1a: Pecharunt|43/100|[from] item: Leftovers
|upkeep
|turn|7
|
|t:|1760380552
|switch|p1a: Raging Bolt|Raging Bolt|36/100
|-damage|p1a: Raging Bolt|24/100|[from] Stealth Rock
|move|p2a: Darkrai|Dark Pulse|p1a: Raging Bolt
|-damage|p1a: Raging Bolt|0 fnt
|faint|p1a: Raging Bolt
|-end|p1a: Raging Bolt|Protosynthesis|[silent]
|
|upkeep
|
|t:|1760380559
|switch|p1a: Cinderace|Cinderace, F|100/100
|turn|8
|
|t:|1760380564
|move|p2a: Darkrai|Dark Pulse|p1a: Cinderace
|-damage|p1a: Cinderace|16/100
|move|p1a: Cinderace|Court Change|p1a: Cinderace
|-start|p1a: Cinderace|typechange|Normal|[from] ability: Libero
|-swapsideconditions
|-activate|p1a: Cinderace|move: Court Change
|
|upkeep
|turn|9
|
|t:|1760380578
|switch|p1a: Scizor|Scizor, M|100/100
|move|p2a: Darkrai|Dark Pulse|p1a: Scizor
|-damage|p1a: Scizor|27/100
|
|upkeep
|turn|10
|
|t:|1760380583
|switch|p2a: Corviknight|Corviknight, M|79/100
|-damage|p2a: Corviknight|67/100|[from] Stealth Rock
|-ability|p2a: Corviknight|Pressure
|move|p1a: Scizor|U-turn|p2a: Corviknight
|-resisted|p2a: Corviknight
|-damage|p2a: Corviknight|58/100
|
|t:|1760380591
|switch|p1a: Cinderace|Cinderace, F|16/100|[from] U-turn
|
|-heal|p2a: Corviknight|64/100|[from] item: Leftovers
|upkeep
|turn|11
|
|t:|1760380597
|-terastallize|p2a: Corviknight|Dragon
|move|p1a: Cinderace|Pyro Ball|p2a: Corviknight
|-resisted|p2a: Corviknight
|-damage|p2a: Corviknight|46/100
|-status|p2a: Corviknight|brn
|move|p2a: Corviknight|Defog|p1a: Cinderace
|-unboost|p1a: Cinderace|evasion|1
|-sideend|p2: getreyal|Stealth Rock|[from] move: Defog|[of] p2a: Corviknight
|
|-heal|p2a: Corviknight|52/100 brn|[from] item: Leftovers
|-damage|p2a: Corviknight|46/100 brn|[from] brn
|upkeep
|turn|12
|
|t:|1760380608
|move|p1a: Cinderace|High Jump Kick|p2a: Corviknight
|-start|p1a: Cinderace|typechange|Fighting|[from] ability: Libero
|-damage|p2a: Corviknight|10/100 brn
|move|p2a: Corviknight|Roost|p2a: Corviknight
|-heal|p2a: Corviknight|60/100 brn
|
|-heal|p2a: Corviknight|66/100 brn|[from] item: Leftovers
|-damage|p2a: Corviknight|60/100 brn|[from] brn
|upkeep
|turn|13
|
|t:|1760380618
|move|p1a: Cinderace|High Jump Kick|p2a: Corviknight
|-damage|p2a: Corviknight|25/100 brn
|move|p2a: Corviknight|U-turn|p1a: Cinderace
|-resisted|p1a: Cinderace
|-damage|p1a: Cinderace|11/100
|
|t:|1760380628
|switch|p2a: Darkrai|Darkrai|56/100|[from] U-turn
|
|upkeep
|turn|14
|
|t:|1760380635
|switch|p1a: Pecharunt|Pecharunt, tera:Grass|43/100
|move|p2a: Darkrai|Dark Pulse|p1a: Pecharunt
|-damage|p1a: Pecharunt|0 fnt
|faint|p1a: Pecharunt
|
|upkeep
|
|t:|1760380641
|switch|p1a: Scizor|Scizor, M|27/100
|turn|15
|
|t:|1760380645
|switch|p2a: Garchomp|Garchomp, M|100/100
|move|p1a: Scizor|Bullet Punch|p2a: Garchomp
|-damage|p2a: Garchomp|71/100
|-damage|p1a: Scizor|14/100|[from] ability: Rough Skin|[of] p2a: Garchomp
|-damage|p1a: Scizor|0 fnt|[from] item: Rocky Helmet|[of] p2a: Garchomp
|faint|p1a: Scizor
|
|upkeep
|
|t:|1760380653
|switch|p1a: Ursaluna|Ursaluna, F|100/100
|turn|16
|
|t:|1760380657
|move|p1a: Ursaluna|Headlong Rush|p2a: Garchomp
|-damage|p2a: Garchomp|5/100
|-unboost|p1a: Ursaluna|def|1
|-unboost|p1a: Ursaluna|spd|1
|-damage|p1a: Ursaluna|88/100|[from] ability: Rough Skin|[of] p2a: Garchomp
|-damage|p1a: Ursaluna|71/100|[from] item: Rocky Helmet|[of] p2a: Garchomp
|move|p2a: Garchomp|Dragon Tail|p1a: Ursaluna
|-damage|p1a: Ursaluna|44/100
|drag|p1a: Cinderace|Cinderace, F|11/100
|
|upkeep
|turn|17
|-message|dia90 forfeited.
|
|win|getreyal
|raw|dia90's rating: 1780 &rarr; <strong>1759</strong><br />(-21 for losing)
|raw|getreyal's rating: 1764 &rarr; <strong>1785</strong><br />(+21 for winning)
|l|☆dia90
|player|p1|
|l|☆getreyal
|player|p2|
