|j|☆eadgar einheri
|j|☆elite four jesus
|t:|1760450706
|gametype|singles
|player|p1|eadgar einheri|li|1081
|player|p2|elite four jesus|musician|1081
|gen|9
|tier|[Gen 9] OU
|rated|
|rule|HP Percentage Mod: HP is shown in percentages
|rule|Endless Battle Clause: Forcing endless battles is banned
|rule|Species Clause: Limit one of each Pokémon
|rule|OHKO Clause: OHKO moves are banned
|rule|Evasion Items Clause: Evasion items are banned
|rule|Evasion Moves Clause: Evasion moves are banned
|rule|Evasion Abilities Clause: Evasion abilities are banned
|rule|Sleep Moves Clause: Sleep-inducing moves are banned
|clearpoke
|poke|p1|Landorus-Therian, M|
|poke|p1|Heatran, F|
|poke|p1|Great Tusk|
|poke|p1|Slowking-Galar, M|
|poke|p1|Zapdos|
|poke|p1|Kyurem|
|poke|p2|Kyurem|
|poke|p2|Slowking-Galar, F|
|poke|p2|Ogerpon-Wellspring, F|
|poke|p2|Kingambit, M|
|poke|p2|Persian, M|
|poke|p2|Great Tusk|
|teampreview
|inactive|Battle timer is ON: inactive players will automatically lose when time's up. (requested by eadgar einheri)
|
|t:|1760450771
|teamsize|p1|6
|teamsize|p2|6
|start
|switch|p1a: Landorus|Landorus-Therian, M|100/100
|switch|p2a: pokemon isnt dead|Persian, M, shiny|100/100
|-ability|p1a: Landorus|Intimidate|boost
|-unboost|p2a: pokemon isnt dead|atk|1
|turn|1
|
|t:|1760450785
|move|p2a: pokemon isnt dead|Fake Out|p1a: Landorus
|-damage|p1a: Landorus|87/100
|-damage|p2a: pokemon isnt dead|84/100|[from] item: Rocky Helmet|[of] p1a: Landorus
|cant|p1a: Landorus|flinch
|
|upkeep
|turn|2
|
|t:|1760450797
|move|p2a: pokemon isnt dead|U-turn|p1a: Landorus
|-resisted|p1a: Landorus
|-damage|p1a: Landorus|82/100
|-damage|p2a: pokemon isnt dead|67/100|[from] item: Rocky Helmet|[of] p1a: Landorus
|
|t:|1760450819
|switch|p2a: pokemon is /bye|Great Tusk|100/100|[from] U-turn
|move|p1a: Landorus|Stealth Rock|p2a: pokemon is /bye
|-sidestart|p2: elite four jesus|move: Stealth Rock
|
|upkeep
|turn|3
|
|t:|1760450832
|move|p1a: Landorus|U-turn|p2a: pokemon is /bye
|-resisted|p2a: pokemon is /bye
|-damage|p2a: pokemon is /bye|96/100
|
|t:|1760450854
|switch|p1a: Kyurem|Kyurem, shiny|100/100|[from] U-turn
|-ability|p1a: Kyurem|Pressure
|move|p2a: pokemon is /bye|Rapid Spin|p1a: Kyurem
|-damage|p1a: Kyurem|86/100
|-boost|p2a: pokemon is /bye|spe|1
|-sideend|p2: elite four jesus|Stealth Rock|[from] move: Rapid Spin|[of] p2a: pokemon is /bye
|
|-heal|p2a: pokemon is /bye|100/100|[from] item: Leftovers
|upkeep
|turn|4
|inactive|elite four jesus has 120 seconds left.
|
|t:|1760450879
|-end|p2a: pokemon is /bye|Protosynthesis|[silent]
|switch|p2a: POKEMON IS D3AD|Slowking-Galar, F|100/100
|move|p1a: Kyurem|Ice Beam|p2a: POKEMON IS D3AD
|-damage|p2a: POKEMON IS D3AD|42/100
|
|upkeep
|turn|5
|inactive|elite four jesus has 120 seconds left.
|
|t:|1760450895
|switch|p2a: POKEMON IS DEAD|Ogerpon-Wellspring, F|100/100
|move|p1a: Kyurem|Ice Beam|p2a: POKEMON IS DEAD
|-damage|p2a: POKEMON IS DEAD|21/100
|
|upkeep
|turn|6
|inactive|elite four jesus has 120 seconds left.
|
|t:|1760450923
|-terastallize|p2a: POKEMON IS DEAD|Water
|detailschange|p2a: POKEMON IS DEAD|Ogerpon-Wellspring-Tera, F, tera:Water
|-ability|p2a: POKEMON IS DEAD|Embody Aspect (Wellspring)|boost
|-boost|p2a: POKEMON IS DEAD|spd|1
|move|p2a: POKEMON IS DEAD|Ivy Cudgel|p1a: Kyurem|[anim] Ivy Cudgel Water
|-resisted|p1a: Kyurem
|-damage|p1a: Kyurem|51/100
|move|p1a: Kyurem|Ice Beam|p2a: POKEMON IS DEAD
|-resisted|p2a: POKEMON IS DEAD
|-damage|p2a: POKEMON IS DEAD|0 fnt
|faint|p2a: POKEMON IS DEAD
|detailschange|p2: POKEMON IS DEAD|Ogerpon-Wellspring, F|[silent]
|
|upkeep
|
|t:|1760450933
|switch|p2a: pokemon isnt dead|Persian, M, shiny|67/100
|turn|7
|
|t:|1760450937
|move|p2a: pokemon isnt dead|Fake Out|p1a: Kyurem
|-damage|p1a: Kyurem|31/100
|cant|p1a: Kyurem|flinch
|
|upkeep
|turn|8
|
|t:|1760450943
|move|p2a: pokemon isnt dead|Knock Off|p1a: Kyurem
|-damage|p1a: Kyurem|8/100
|-enditem|p1a: Kyurem|Choice Specs|[from] move: Knock Off|[of] p2a: pokemon isnt dead
|move|p1a: Kyurem|Ice Beam|p2a: pokemon isnt dead
|-damage|p2a: pokemon isnt dead|0 fnt
|faint|p2a: pokemon isnt dead
|
|upkeep
|
|t:|1760450952
|switch|p2a: POKEMON IS D3AD|Slowking-Galar, F|76/100
|turn|9
|
|t:|1760450959
|move|p1a: Kyurem|Earth Power|p2a: POKEMON IS D3AD
|-supereffective|p2a: POKEMON IS D3AD
|-damage|p2a: POKEMON IS D3AD|28/100
|-prepare|p2a: POKEMON IS D3AD|Chilly Reception|[premajor]
|move|p2a: POKEMON IS D3AD|Chilly Reception|p2a: POKEMON IS D3AD
|-weather|Snowscape
|inactive|elite four jesus has 120 seconds left.
|inactive|elite four jesus has 90 seconds left.
|inactive|elite four jesus has 60 seconds left.
|
|t:|1760451050
|switch|p2a: PHO-KEMON IS DEAD|Kyurem, shiny|100/100|[from] Chilly Reception
|-ability|p2a: PHO-KEMON IS DEAD|Pressure
|
|-weather|Snowscape|[upkeep]
|upkeep
|turn|10
|inactive|elite four jesus has 30 seconds left.
|
|t:|1760451065
|move|p2a: PHO-KEMON IS DEAD|Substitute|p2a: PHO-KEMON IS DEAD
|-start|p2a: PHO-KEMON IS DEAD|Substitute
|-damage|p2a: PHO-KEMON IS DEAD|76/100
|move|p1a: Kyurem|Draco Meteor|p2a: PHO-KEMON IS DEAD
|-supereffective|p2a: PHO-KEMON IS DEAD
|-end|p2a: PHO-KEMON IS DEAD|Substitute
|-unboost|p1a: Kyurem|spa|2
|
|-weather|Snowscape|[upkeep]
|upkeep
|turn|11
|
|t:|1760451075
|move|p2a: PHO-KEMON IS DEAD|Ice Beam|p1a: Kyurem
|-crit|p1a: Kyurem
|-damage|p1a: Kyurem|0 fnt
|faint|p1a: Kyurem
|
|-weather|Snowscape|[upkeep]
|upkeep
|
|t:|1760451086
|switch|p1a: Heatran|Heatran, F|100/100
|turn|12
|
|t:|1760451090
|move|p2a: PHO-KEMON IS DEAD|Earth Power|p1a: Heatran
|-supereffective|p1a: Heatran
|-damage|p1a: Heatran|0 fnt
|faint|p1a: Heatran
|
|-weather|Snowscape|[upkeep]
|upkeep
|
|t:|1760451105
|switch|p1a: Slowking|Slowking-Galar, M, shiny|100/100
|turn|13
|
|t:|1760451110
|move|p2a: PHO-KEMON IS DEAD|Substitute|p2a: PHO-KEMON IS DEAD
|-start|p2a: PHO-KEMON IS DEAD|Substitute
|-damage|p2a: PHO-KEMON IS DEAD|51/100
|move|p1a: Slowking|Sludge Bomb|p2a: PHO-KEMON IS DEAD
|-end|p2a: PHO-KEMON IS DEAD|Substitute
|
|-weather|none
|upkeep
|turn|14
|
|t:|1760451117
|move|p2a: PHO-KEMON IS DEAD|Earth Power|p1a: Slowking
|-supereffective|p1a: Slowking
|-damage|p1a: Slowking|66/100
|-unboost|p1a: Slowking|spd|1
|move|p1a: Slowking|Sludge Bomb|p2a: PHO-KEMON IS DEAD
|-damage|p2a: PHO-KEMON IS DEAD|18/100
|-status|p2a: PHO-KEMON IS DEAD|psn
|
|-damage|p2a: PHO-KEMON IS DEAD|5/100 psn|[from] psn
|upkeep
|turn|15
|
|t:|1760451135
|move|p2a: PHO-KEMON IS DEAD|Ice Beam|p1a: Slowking
|-damage|p1a: Slowking|27/100
|-prepare|p1a: Slowking|Chilly Reception|[premajor]
|move|p1a: Slowking|Chilly Reception|p1a: Slowking
|-weather|Snowscape
|
|t:|1760451148
|switch|p1a: Landorus|Landorus-Therian, M|82/100|[from] Chilly Reception
|-ability|p1a: Landorus|Intimidate|boost
|-unboost|p2a: PHO-KEMON IS DEAD|atk|1
|
|-weather|Snowscape|[upkeep]
|-damage|p2a: PHO-KEMON IS DEAD|0 fnt|[from] psn
|faint|p2a: PHO-KEMON IS DEAD
|upkeep
|
|t:|1760451158
|switch|p2a: pokemon is /bye|Great Tusk|100/100
|turn|16
|inactive|eadgar einheri has 120 seconds left.
|
|t:|1760451193
|move|p1a: Landorus|U-turn|p2a: pokemon is /bye
|-resisted|p2a: pokemon is /bye
|-damage|p2a: pokemon is /bye|96/100
|
|t:|1760451198
|switch|p1a: Great Tusk|Great Tusk|100/100|[from] U-turn
|move|p2a: pokemon is /bye|Stealth Rock|p1a: Great Tusk
|-sidestart|p1: eadgar einheri|move: Stealth Rock
|
|-weather|Snowscape|[upkeep]
|-heal|p2a: pokemon is /bye|100/100|[from] item: Leftovers
|upkeep
|turn|17
|inactive|eadgar einheri has 120 seconds left.
|inactive|elite four jesus has 90 seconds left.
|
|t:|1760451208
|move|p1a: Great Tusk|Ice Spinner|p2a: pokemon is /bye
|-supereffective|p2a: pokemon is /bye
|-crit|p2a: pokemon is /bye
|-damage|p2a: pokemon is /bye|64/100
|move|p2a: pokemon is /bye|Rapid Spin|p1a: Great Tusk
|-damage|p1a: Great Tusk|89/100
|-boost|p2a: pokemon is /bye|spe|1
|
|-weather|Snowscape|[upkeep]
|-heal|p2a: pokemon is /bye|70/100|[from] item: Leftovers
|upkeep
|turn|18
|inactive|eadgar einheri has 120 seconds left.
|
|t:|1760451219
|move|p2a: pokemon is /bye|Earthquake|p1a: Great Tusk
|-damage|p1a: Great Tusk|58/100
|move|p1a: Great Tusk|Knock Off|p2a: pokemon is /bye
|-resisted|p2a: pokemon is /bye
|-damage|p2a: pokemon is /bye|63/100
|-enditem|p2a: pokemon is /bye|Leftovers|[from] move: Knock Off|[of] p1a: Great Tusk
|
|-weather|Snowscape|[upkeep]
|upkeep
|turn|19
|
|t:|1760451227
|move|p2a: pokemon is /bye|Earthquake|p1a: Great Tusk
|-damage|p1a: Great Tusk|24/100
|move|p1a: Great Tusk|Rapid Spin|p2a: pokemon is /bye
|-damage|p2a: pokemon is /bye|54/100
|-boost|p1a: Great Tusk|spe|1
|-sideend|p1: eadgar einheri|Stealth Rock|[from] move: Rapid Spin|[of] p1a: Great Tusk
|
|-weather|none
|upkeep
|turn|20
|
|t:|1760451236
|move|p1a: Great Tusk|Headlong Rush|p2a: pokemon is /bye
|-damage|p2a: pokemon is /bye|25/100
|-unboost|p1a: Great Tusk|def|1
|-unboost|p1a: Great Tusk|spd|1
|move|p2a: pokemon is /bye|Earthquake|p1a: Great Tusk
|-damage|p1a: Great Tusk|0 fnt
|faint|p1a: Great Tusk
|-end|p1a: Great Tusk|Protosynthesis|[silent]
|
|upkeep
|
|t:|1760451248
|switch|p1a: Zapdos|Zapdos, shiny|100/100
|turn|21
|
|t:|1760451251
|move|p2a: pokemon is /bye|Stealth Rock|p1a: Zapdos
|-sidestart|p1: eadgar einheri|move: Stealth Rock
|move|p1a: Zapdos|Hurricane|p2a: pokemon is /bye
|-supereffective|p2a: pokemon is /bye
|-damage|p2a: pokemon is /bye|0 fnt
|faint|p2a: pokemon is /bye
|-end|p2a: pokemon is /bye|Protosynthesis|[silent]
|
|upkeep
|inactive|elite four jesus has 120 seconds left.
|
|t:|1760451257
|switch|p2a: POKEMON IS D3AD|Slowking-Galar, F|62/100
|turn|22
|
|t:|1760451264
|move|p1a: Zapdos|Thunder Wave|p2a: POKEMON IS D3AD|[miss]
|-miss|p1a: Zapdos|p2a: POKEMON IS D3AD
|move|p2a: POKEMON IS D3AD|Future Sight|p1a: Zapdos
|-start|p2a: POKEMON IS D3AD|move: Future Sight
|
|upkeep
|turn|23
|
|t:|1760451270
|move|p1a: Zapdos|Thunder Wave|p2a: POKEMON IS D3AD
|-status|p2a: POKEMON IS D3AD|par
|move|p2a: POKEMON IS D3AD|Sludge Bomb|p1a: Zapdos
|-damage|p1a: Zapdos|55/100
|
|upkeep
|turn|24
|
|t:|1760451282
|move|p1a: Zapdos|Volt Switch|p2a: POKEMON IS D3AD
|-damage|p2a: POKEMON IS D3AD|40/100 par
|
|t:|1760451285
|switch|p1a: Landorus|Landorus-Therian, M|82/100|[from] Volt Switch
|-damage|p1a: Landorus|70/100|[from] Stealth Rock
|-ability|p1a: Landorus|Intimidate|boost
|-unboost|p2a: POKEMON IS D3AD|atk|1
|move|p2a: POKEMON IS D3AD|Sludge Bomb|p1a: Landorus
|-resisted|p1a: Landorus
|-damage|p1a: Landorus|46/100
|
|-end|p1a: Landorus|move: Future Sight
|-damage|p1a: Landorus|0 fnt
|faint|p1a: Landorus
|upkeep
|
|t:|1760451301
|switch|p1a: Zapdos|Zapdos, shiny|55/100
|turn|25
|
|t:|1760451305
|move|p1a: Zapdos|Hurricane|p2a: POKEMON IS D3AD|[miss]
|-miss|p1a: Zapdos|p2a: POKEMON IS D3AD
|move|p2a: POKEMON IS D3AD|Future Sight|p1a: Zapdos
|-start|p2a: POKEMON IS D3AD|move: Future Sight
|
|upkeep
|turn|26
|
|t:|1760451311
|move|p1a: Zapdos|Roost|p1a: Zapdos
|-heal|p1a: Zapdos|100/100
|-singleturn|p1a: Zapdos|move: Roost
|move|p2a: POKEMON IS D3AD|Sludge Bomb|p1a: Zapdos
|-damage|p1a: Zapdos|56/100
|
|upkeep
|turn|27
|
|t:|1760451320
|-terastallize|p1a: Zapdos|Steel
|move|p1a: Zapdos|Hurricane|p2a: POKEMON IS D3AD
|-damage|p2a: POKEMON IS D3AD|4/100 par
|move|p2a: POKEMON IS D3AD|Sludge Bomb|p1a: Zapdos
|-immune|p1a: Zapdos
|
|-end|p1a: Zapdos|move: Future Sight
|-resisted|p1a: Zapdos
|-damage|p1a: Zapdos|27/100
|upkeep
|turn|28
|
|t:|1760451330
|move|p1a: Zapdos|Roost|p1a: Zapdos
|-heal|p1a: Zapdos|77/100
|move|p2a: POKEMON IS D3AD|Future Sight|p1a: Zapdos
|-start|p2a: POKEMON IS D3AD|move: Future Sight
|
|upkeep
|turn|29
|
|t:|1760451337
|move|p1a: Zapdos|Volt Switch|p2a: POKEMON IS D3AD
|-damage|p2a: POKEMON IS D3AD|0 fnt
|faint|p2a: POKEMON IS D3AD
|
|t:|1760451342
|switch|p1a: Slowking|Slowking-Galar, M, shiny|60/100|[from] Volt Switch
|
|upkeep
|
|t:|1760451346
|switch|p2a: okemon is dead|Kingambit, M|100/100
|-activate|p2a: okemon is dead|ability: Supreme Overlord
|-start|p2a: okemon is dead|fallen5|[silent]
|turn|30
|
|t:|1760451355
|switch|p1a: Zapdos|Zapdos, shiny, tera:Steel|77/100
|move|p2a: okemon is dead|Swords Dance|p2a: okemon is dead
|-boost|p2a: okemon is dead|atk|2
|
|-end|p1a: Zapdos|move: Future Sight
|-resisted|p1a: Zapdos
|-damage|p1a: Zapdos|46/100
|upkeep
|turn|31
|
|t:|1760451368
|move|p1a: Zapdos|Roost|p1a: Zapdos
|-heal|p1a: Zapdos|96/100
|move|p2a: okemon is dead|Kowtow Cleave|p1a: Zapdos
|-damage|p1a: Zapdos|0 fnt
|faint|p1a: Zapdos
|
|upkeep
|
|t:|1760451373
|switch|p1a: Slowking|Slowking-Galar, M, shiny|94/100
|turn|32
|
|t:|1760451383
|move|p2a: okemon is dead|Kowtow Cleave|p1a: Slowking
|-supereffective|p1a: Slowking
|-damage|p1a: Slowking|0 fnt
|faint|p1a: Slowking
|
|win|elite four jesus
|raw|eadgar einheri's rating: 1081 &rarr; <strong>1059</strong><br />(-22 for losing)
|raw|elite four jesus's rating: 1081 &rarr; <strong>1109</strong><br />(+28 for winning)
|l|☆eadgar einheri
|player|p1|
