|j|‽agency playa
|j|☆QingKe
|t:|1760328198
|gametype|singles
|player|p1|agency playa|brendan|1223
|player|p2|QingKe|firebreather|1208
|gen|9
|tier|[Gen 9] OU
|rated|
|rule|HP Percentage Mod: HP is shown in percentages
|rule|Endless Battle Clause: Forcing endless battles is banned
|rule|Species Clause: Limit one of each Pokémon
|rule|OHKO Clause: OHKO moves are banned
|rule|Evasion Items Clause: Evasion items are banned
|rule|Evasion Moves Clause: Evasion moves are banned
|rule|Evasion Abilities Clause: Evasion abilities are banned
|rule|Sleep Moves Clause: Sleep-inducing moves are banned
|clearpoke
|poke|p1|Dragapult, F|
|poke|p1|Iron Treads|
|poke|p1|Zapdos|
|poke|p1|Primarina, M|
|poke|p1|Garchomp, M|
|poke|p1|Glimmora, F|
|poke|p2|Goodra-Hisui, F|
|poke|p2|Chandelure, F|
|poke|p2|Landorus-Therian, M|
|poke|p2|Ogerpon-Wellspring, F|
|poke|p2|Hatterene, F|
|poke|p2|Darkrai|
|teampreview
|inactive|Battle timer is ON: inactive players will automatically lose when time's up. (requested by agency playa)
|inactive|QingKe has 120 seconds left.
|
|t:|1760328239
|teamsize|p1|6
|teamsize|p2|6
|start
|switch|p1a: Glimmora|Glimmora, F|100/100
|switch|p2a: Darkrai|Darkrai|100/100
|turn|1
|
|t:|1760328249
|move|p2a: Darkrai|Ice Beam|p1a: Glimmora
|-damage|p1a: Glimmora|50/100
|move|p1a: Glimmora|Power Gem|p2a: Darkrai
|-damage|p2a: Darkrai|43/100
|
|upkeep
|turn|2
|
|t:|1760328258
|switch|p1a: Primarina|Primarina, M|100/100
|move|p2a: Darkrai|Ice Beam|p1a: Primarina
|-resisted|p1a: Primarina
|-damage|p1a: Primarina|91/100
|-status|p1a: Primarina|frz
|
|upkeep
|turn|3
|
|t:|1760328272
|switch|p2a: Ogerpon|Ogerpon-Wellspring, F|100/100
|cant|p1a: Primarina|frz
|
|upkeep
|turn|4
|
|t:|1760328283
|switch|p1a: Garchomp|Garchomp, M|100/100
|move|p2a: Ogerpon|Knock Off|p1a: Garchomp
|-damage|p1a: Garchomp|76/100
|-damage|p2a: Ogerpon|88/100|[from] ability: Rough Skin|[of] p1a: Garchomp
|-damage|p2a: Ogerpon|72/100|[from] item: Rocky Helmet|[of] p1a: Garchomp
|-enditem|p1a: Garchomp|Rocky Helmet|[from] move: Knock Off|[of] p2a: Ogerpon
|
|upkeep
|turn|5
|
|t:|1760328296
|move|p2a: Ogerpon|U-turn|p1a: Garchomp
|-damage|p1a: Garchomp|60/100
|-damage|p2a: Ogerpon|59/100|[from] ability: Rough Skin|[of] p1a: Garchomp
|
|t:|1760328299
|switch|p2a: Landorus|Landorus-Therian, M|100/100|[from] U-turn
|-ability|p2a: Landorus|Intimidate|boost
|-unboost|p1a: Garchomp|atk|1
|move|p1a: Garchomp|Spikes|p2a: Landorus
|-sidestart|p2: QingKe|Spikes
|
|upkeep
|turn|6
|
|t:|1760328309
|switch|p1a: Glimmora|Glimmora, F|50/100
|move|p2a: Landorus|Taunt|p1a: Glimmora
|-start|p1a: Glimmora|move: Taunt
|
|upkeep
|turn|7
|
|t:|1760328321
|move|p2a: Landorus|Earthquake|p1a: Glimmora
|-supereffective|p1a: Glimmora
|-damage|p1a: Glimmora|0 fnt
|-activate|p1a: Glimmora|ability: Toxic Debris
|-sidestart|p2: QingKe|move: Toxic Spikes
|faint|p1a: Glimmora
|
|upkeep
|
|t:|1760328332
|switch|p1a: Zapdos|Zapdos, shiny|100/100
|turn|8
|
|t:|1760328348
|switch|p2a: Goodra|Goodra-Hisui, F|100/100
|-damage|p2a: Goodra|88/100|[from] Spikes
|move|p1a: Zapdos|Hurricane|p2a: Goodra
|-resisted|p2a: Goodra
|-damage|p2a: Goodra|77/100
|-start|p2a: Goodra|confusion
|
|upkeep
|turn|9
|
|t:|1760328358
|move|p1a: Zapdos|Volt Switch|p2a: Goodra
|-resisted|p2a: Goodra
|-damage|p2a: Goodra|68/100
|
|t:|1760328361
|switch|p1a: Primarina|Primarina, M|91/100 frz|[from] Volt Switch
|-activate|p2a: Goodra|confusion
|move|p2a: Goodra|Ice Beam|p1a: Primarina
|-resisted|p1a: Primarina
|-damage|p1a: Primarina|82/100 frz
|
|upkeep
|turn|10
|
|t:|1760328369
|cant|p1a: Primarina|frz
|-activate|p2a: Goodra|confusion
|move|p2a: Goodra|Flash Cannon|p1a: Primarina
|-damage|p1a: Primarina|58/100 frz
|
|upkeep
|turn|11
|
|t:|1760328382
|switch|p2a: Ogerpon|Ogerpon-Wellspring, F|59/100
|-damage|p2a: Ogerpon|47/100|[from] Spikes
|-status|p2a: Ogerpon|psn
|-curestatus|p1a: Primarina|frz|[msg]
|move|p1a: Primarina|Moonblast|p2a: Ogerpon
|-damage|p2a: Ogerpon|0 fnt
|faint|p2a: Ogerpon
|
|upkeep
|
|t:|1760328393
|switch|p2a: Darkrai|Darkrai|43/100
|-damage|p2a: Darkrai|30/100|[from] Spikes
|-status|p2a: Darkrai|psn
|turn|12
|
|t:|1760328400
|switch|p1a: Iron Treads|Iron Treads, shiny|100/100
|move|p2a: Darkrai|Dark Pulse|p1a: Iron Treads
|-damage|p1a: Iron Treads|62/100
|
|-damage|p2a: Darkrai|18/100 psn|[from] psn
|upkeep
|turn|13
|-message|QingKe forfeited.
|
|win|agency playa
|raw|agency playa's rating: 1223 &rarr; <strong>1247</strong><br />(+24 for winning)
|raw|QingKe's rating: 1208 &rarr; <strong>1184</strong><br />(-24 for losing)
|l|☆QingKe
|player|p2|
