|j|☆JacezZ
|j|☆niloswan
|t:|1760308748
|gametype|singles
|player|p1|JacezZ|blue|1487
|player|p2|niloswan|zinzolin|1508
|gen|9
|tier|[Gen 9] OU
|rated|
|rule|HP Percentage Mod: HP is shown in percentages
|rule|Endless Battle Clause: Forcing endless battles is banned
|rule|Species Clause: Limit one of each Pokémon
|rule|OHKO Clause: OHKO moves are banned
|rule|Evasion Items Clause: Evasion items are banned
|rule|Evasion Moves Clause: Evasion moves are banned
|rule|Evasion Abilities Clause: Evasion abilities are banned
|rule|Sleep Moves Clause: Sleep-inducing moves are banned
|clearpoke
|poke|p1|Gallade, M|
|poke|p1|Gastrodon-East, F|
|poke|p1|Chesnaught, F|
|poke|p1|Indeedee, M|
|poke|p1|Gholdengo|
|poke|p1|Excadrill, F|
|poke|p2|Scizor, M|
|poke|p2|Great Tusk|
|poke|p2|Tyranitar, M|
|poke|p2|Slowbro, M|
|poke|p2|Kommo-o, F|
|poke|p2|Gholdengo|
|teampreview
|inactive|Battle timer is ON: inactive players will automatically lose when time's up. (requested by niloswan)
|
|t:|1760308756
|teamsize|p1|6
|teamsize|p2|6
|start
|switch|p1a: Chesnaught|Chesnaught, F|100/100
|switch|p2a: Scizor|Scizor, M|100/100
|turn|1
|
|t:|1760308762
|move|p1a: Chesnaught|Spikes|p2a: Scizor
|-sidestart|p2: niloswan|Spikes
|move|p2a: Scizor|Dual Wingbeat|p1a: Chesnaught
|-supereffective|p1a: Chesnaught
|-damage|p1a: Chesnaught|18/100
|-damage|p2a: Scizor|84/100|[from] item: Rocky Helmet|[of] p1a: Chesnaught
|-supereffective|p1a: Chesnaught
|-damage|p1a: Chesnaught|0 fnt
|-damage|p2a: Scizor|67/100|[from] item: Rocky Helmet|[of] p1a: Chesnaught
|faint|p1a: Chesnaught
|-hitcount|p1: Chesnaught|2
|
|upkeep
|
|t:|1760308771
|switch|p1a: Excadrill|Excadrill, F|100/100
|-ability|p1a: Excadrill|Mold Breaker
|-item|p1a: Excadrill|Air Balloon
|turn|2
|
|t:|1760308777
|switch|p1a: Indeedee|Indeedee, M|100/100
|-fieldstart|move: Psychic Terrain|[from] ability: Psychic Surge|[of] p1a: Indeedee
|switch|p2a: Slowbro|Slowbro, M|100/100
|-damage|p2a: Slowbro|88/100|[from] Spikes
|
|-heal|p2a: Slowbro|94/100|[from] item: Leftovers
|upkeep
|turn|3
|inactive|JacezZ has 120 seconds left.
|
|t:|1760308814
|switch|p2a: Tyranitar|Tyranitar, M|100/100
|-damage|p2a: Tyranitar|88/100|[from] Spikes
|-weather|Sandstorm|[from] ability: Sand Stream|[of] p2a: Tyranitar
|move|p1a: Indeedee|Trick|p2a: Tyranitar
|-activate|p1a: Indeedee|move: Trick|[of] p2a: Tyranitar
|-item|p2a: Tyranitar|Choice Specs|[from] move: Trick
|-item|p1a: Indeedee|Leftovers|[from] move: Trick
|
|-weather|Sandstorm|[upkeep]
|-damage|p1a: Indeedee|94/100|[from] Sandstorm
|-heal|p1a: Indeedee|100/100|[from] item: Leftovers
|upkeep
|turn|4
|inactive|JacezZ has 120 seconds left.
|
|t:|1760308848
|switch|p1a: Gastrodon|Gastrodon-East, F|100/100
|move|p2a: Tyranitar|Knock Off|p1a: Gastrodon
|-damage|p1a: Gastrodon|56/100
|-enditem|p1a: Gastrodon|Heavy-Duty Boots|[from] move: Knock Off|[of] p2a: Tyranitar
|
|-weather|Sandstorm|[upkeep]
|upkeep
|turn|5
|
|t:|1760308873
|switch|p2a: Scizor|Scizor, M|67/100
|-damage|p2a: Scizor|55/100|[from] Spikes
|move|p1a: Gastrodon|Stealth Rock|p2a: Scizor
|-sidestart|p2: niloswan|move: Stealth Rock
|
|-weather|Sandstorm|[upkeep]
|upkeep
|turn|6
|
|t:|1760308881
|move|p2a: Scizor|U-turn|p1a: Gastrodon
|-damage|p1a: Gastrodon|0 fnt
|faint|p1a: Gastrodon
|
|t:|1760308892
|switch|p2a: Great Tusk|Great Tusk|100/100|[from] U-turn
|-damage|p2a: Great Tusk|88/100|[from] Spikes
|-damage|p2a: Great Tusk|85/100|[from] Stealth Rock
|-enditem|p2a: Great Tusk|Booster Energy
|-activate|p2a: Great Tusk|ability: Protosynthesis|[fromitem]
|-start|p2a: Great Tusk|protosynthesisatk
|
|-weather|Sandstorm|[upkeep]
|-fieldend|move: Psychic Terrain
|upkeep
|
|t:|1760308895
|switch|p1a: Indeedee|Indeedee, M|100/100
|-fieldstart|move: Psychic Terrain|[from] ability: Psychic Surge|[of] p1a: Indeedee
|turn|7
|
|t:|1760308905
|-terastallize|p2a: Great Tusk|Steel
|move|p1a: Indeedee|Expanding Force|p2a: Great Tusk
|-resisted|p2a: Great Tusk
|-damage|p2a: Great Tusk|37/100
|move|p2a: Great Tusk|Rapid Spin|p1a: Indeedee
|-damage|p1a: Indeedee|61/100
|-boost|p2a: Great Tusk|spe|1
|-sideend|p2: niloswan|Spikes|[from] move: Rapid Spin|[of] p2a: Great Tusk
|-sideend|p2: niloswan|Stealth Rock|[from] move: Rapid Spin|[of] p2a: Great Tusk
|
|-weather|none
|-heal|p1a: Indeedee|68/100|[from] item: Leftovers
|upkeep
|turn|8
|inactive|JacezZ has 120 seconds left.
|
|t:|1760308933
|switch|p1a: Excadrill|Excadrill, F|100/100
|-ability|p1a: Excadrill|Mold Breaker
|-item|p1a: Excadrill|Air Balloon
|move|p2a: Great Tusk|Headlong Rush|p1a: Excadrill
|-immune|p1a: Excadrill
|
|upkeep
|turn|9
|c|☆niloswan|nice
|c|☆niloswan|good risk
|
|t:|1760308950
|-end|p2a: Great Tusk|Protosynthesis|[silent]
|switch|p2a: Slowbro|Slowbro, M|100/100
|move|p1a: Excadrill|Earthquake|p2a: Slowbro
|-damage|p2a: Slowbro|64/100
|
|-heal|p2a: Slowbro|71/100|[from] item: Leftovers
|upkeep
|turn|10
|
|t:|1760308958
|switch|p1a: Gholdengo|Gholdengo|100/100
|move|p2a: Slowbro|Scald|p1a: Gholdengo
|-damage|p1a: Gholdengo|72/100
|
|-heal|p2a: Slowbro|77/100|[from] item: Leftovers
|upkeep
|turn|11
|
|t:|1760308966
|switch|p1a: Excadrill|Excadrill, F|100/100
|-ability|p1a: Excadrill|Mold Breaker
|-item|p1a: Excadrill|Air Balloon
|switch|p2a: Tyranitar|Tyranitar, M|88/100
|-weather|Sandstorm|[from] ability: Sand Stream|[of] p2a: Tyranitar
|
|-weather|Sandstorm|[upkeep]
|-fieldend|move: Psychic Terrain
|upkeep
|turn|12
|
|t:|1760308988
|move|p1a: Excadrill|Swords Dance|p1a: Excadrill
|-boost|p1a: Excadrill|atk|2
|move|p2a: Tyranitar|Dragon Tail|p1a: Excadrill
|-resisted|p1a: Excadrill
|-damage|p1a: Excadrill|87/100
|-enditem|p1a: Excadrill|Air Balloon
|drag|p1a: Gholdengo|Gholdengo|72/100
|
|-weather|Sandstorm|[upkeep]
|upkeep
|turn|13
|
|t:|1760309010
|switch|p2a: Gholdengo|Gholdengo|100/100
|-terastallize|p1a: Gholdengo|Fairy
|move|p1a: Gholdengo|Nasty Plot|p1a: Gholdengo
|-boost|p1a: Gholdengo|spa|2
|
|-weather|Sandstorm|[upkeep]
|-damage|p1a: Gholdengo|66/100|[from] Sandstorm
|upkeep
|turn|14
|
|t:|1760309019
|switch|p1a: Excadrill|Excadrill, F|87/100
|-ability|p1a: Excadrill|Mold Breaker
|move|p2a: Gholdengo|Make It Rain|p1a: Excadrill
|-resisted|p1a: Excadrill
|-damage|p1a: Excadrill|43/100
|-unboost|p2a: Gholdengo|spa|1
|
|-weather|Sandstorm|[upkeep]
|upkeep
|turn|15
|
|t:|1760309033
|switch|p2a: Slowbro|Slowbro, M|100/100
|move|p1a: Excadrill|Swords Dance|p1a: Excadrill
|-boost|p1a: Excadrill|atk|2
|
|-weather|none
|upkeep
|turn|16
|
|t:|1760309040
|move|p1a: Excadrill|Earthquake|p2a: Slowbro
|-damage|p2a: Slowbro|37/100
|move|p2a: Slowbro|Scald|p1a: Excadrill
|-supereffective|p1a: Excadrill
|-damage|p1a: Excadrill|0 fnt
|faint|p1a: Excadrill
|
|-heal|p2a: Slowbro|43/100|[from] item: Leftovers
|upkeep
|
|t:|1760309043
|switch|p1a: Gholdengo|Gholdengo, tera:Fairy|66/100
|turn|17
|
|t:|1760309056
|switch|p2a: Gholdengo|Gholdengo|100/100
|move|p1a: Gholdengo|Shadow Ball|p2a: Gholdengo
|-supereffective|p2a: Gholdengo
|-damage|p2a: Gholdengo|24/100
|
|upkeep
|turn|18
|
|t:|1760309065
|move|p2a: Gholdengo|Make It Rain|p1a: Gholdengo
|-supereffective|p1a: Gholdengo
|-damage|p1a: Gholdengo|0 fnt
|-unboost|p2a: Gholdengo|spa|1
|faint|p1a: Gholdengo
|
|upkeep
|
|t:|1760309068
|switch|p1a: Indeedee|Indeedee, M|68/100
|-fieldstart|move: Psychic Terrain|[from] ability: Psychic Surge|[of] p1a: Indeedee
|turn|19
|
|t:|1760309080
|switch|p2a: Tyranitar|Tyranitar, M|88/100
|-weather|Sandstorm|[from] ability: Sand Stream|[of] p2a: Tyranitar
|move|p1a: Indeedee|Expanding Force|p2a: Tyranitar
|-immune|p2a: Tyranitar
|
|-weather|Sandstorm|[upkeep]
|-damage|p1a: Indeedee|61/100|[from] Sandstorm
|-heal|p1a: Indeedee|68/100|[from] item: Leftovers
|upkeep
|turn|20
|
|t:|1760309090
|move|p1a: Indeedee|Tera Blast|p2a: Tyranitar
|-resisted|p2a: Tyranitar
|-damage|p2a: Tyranitar|81/100
|move|p2a: Tyranitar|Knock Off|p1a: Indeedee
|-supereffective|p1a: Indeedee
|-damage|p1a: Indeedee|0 fnt
|-enditem|p1a: Indeedee|Leftovers|[from] move: Knock Off|[of] p2a: Tyranitar
|faint|p1a: Indeedee
|
|-weather|Sandstorm|[upkeep]
|upkeep
|
|t:|1760309092
|switch|p1a: Gallade|Gallade, M|100/100
|turn|21
|
|t:|1760309104
|move|p1a: Gallade|Sacred Sword|p2a: Tyranitar
|-supereffective|p2a: Tyranitar
|-damage|p2a: Tyranitar|0 fnt
|faint|p2a: Tyranitar
|-damage|p1a: Gallade|91/100|[from] item: Life Orb
|
|-weather|Sandstorm|[upkeep]
|-damage|p1a: Gallade|85/100|[from] Sandstorm
|upkeep
|-message|JacezZ forfeited.
|
|win|niloswan
|raw|JacezZ's rating: 1487 &rarr; <strong>1468</strong><br />(-19 for losing)
|raw|niloswan's rating: 1508 &rarr; <strong>1527</strong><br />(+19 for winning)
|l|☆JacezZ
|player|p1|
|c|☆niloswan|gg
|l|☆niloswan
|player|p2|
