|j|☆pantalonescondidos
|j|‽tasty sardine 408
|t:|1760390734
|gametype|singles
|player|p1|pantalonescondidos|266|1575
|player|p2|tasty sardine 408|harlequin|1562
|gen|9
|tier|[Gen 9] OU
|rated|
|rule|HP Percentage Mod: HP is shown in percentages
|rule|Endless Battle Clause: Forcing endless battles is banned
|rule|Species Clause: Limit one of each Pokémon
|rule|OHKO Clause: OHKO moves are banned
|rule|Evasion Items Clause: Evasion items are banned
|rule|Evasion Moves Clause: Evasion moves are banned
|rule|Evasion Abilities Clause: Evasion abilities are banned
|rule|Sleep Moves Clause: Sleep-inducing moves are banned
|clearpoke
|poke|p1|Sylveon, F|
|poke|p1|Slowking-Galar, F|
|poke|p1|Toxapex, M|
|poke|p1|Great Tusk|
|poke|p1|Kingambit, M|
|poke|p1|Rotom-Heat|
|poke|p2|Umbreon, M|
|poke|p2|Serperior, M|
|poke|p2|Cresselia, F|
|poke|p2|Revavroom, M|
|poke|p2|Skeledirge, F|
|poke|p2|Manaphy|
|teampreview
|inactive|Battle timer is ON: inactive players will automatically lose when time's up. (requested by pantalonescondidos)
|inactive|tasty sardine 408 has 120 seconds left.
|inactive|tasty sardine 408 has 90 seconds left.
|inactive|tasty sardine 408 has 60 seconds left.
|c|☆pantalonescondidos|Free win? :D
|inactive|tasty sardine 408 has 30 seconds left.
|
|t:|1760390864
|teamsize|p1|6
|teamsize|p2|6
|start
|switch|p1a: Rotom|Rotom-Heat, shiny|100/100
|switch|p2a: Serperior|Serperior, M, shiny|100/100
|turn|1
|inactive|tasty sardine 408 has 90 seconds left.
|
|t:|1760390871
|switch|p2a: Umbreon|Umbreon, M, shiny|100/100
|move|p1a: Rotom|Overheat|p2a: Umbreon
|-damage|p2a: Umbreon|68/100
|-unboost|p1a: Rotom|spa|2
|
|-heal|p2a: Umbreon|74/100|[from] item: Leftovers
|upkeep
|turn|2
|
|t:|1760390877
|switch|p1a: Sylveon|Sylveon, F, shiny|100/100
|move|p2a: Umbreon|Wish|p2a: Umbreon
|
|-heal|p2a: Umbreon|80/100|[from] item: Leftovers
|upkeep
|turn|3
|
|t:|1760390882
|switch|p1a: Rotom|Rotom-Heat, shiny|100/100
|move|p2a: Umbreon|Toxic|p1a: Rotom
|-status|p1a: Rotom|tox
|
|-heal|p2a: Umbreon|100/100|[from] move: Wish|[wisher] Umbreon
|-damage|p1a: Rotom|94/100 tox|[from] psn
|upkeep
|turn|4
|
|t:|1760390886
|move|p1a: Rotom|Trick|p2a: Umbreon
|-activate|p1a: Rotom|move: Trick|[of] p2a: Umbreon
|-item|p2a: Umbreon|Choice Scarf|[from] move: Trick
|-item|p1a: Rotom|Leftovers|[from] move: Trick
|move|p2a: Umbreon|Foul Play|p1a: Rotom
|-damage|p1a: Rotom|71/100 tox
|
|-heal|p1a: Rotom|77/100 tox|[from] item: Leftovers
|-damage|p1a: Rotom|64/100 tox|[from] psn
|upkeep
|turn|5
|
|t:|1760390891
|move|p1a: Rotom|Volt Switch|p2a: Umbreon
|-damage|p2a: Umbreon|85/100
|
|t:|1760390894
|switch|p1a: Sylveon|Sylveon, F, shiny|100/100|[from] Volt Switch
|move|p2a: Umbreon|Foul Play|p1a: Sylveon
|-resisted|p1a: Sylveon
|-damage|p1a: Sylveon|91/100
|
|-heal|p1a: Sylveon|97/100|[from] item: Leftovers
|upkeep
|turn|6
|
|t:|1760390900
|switch|p2a: Skeledirge|Skeledirge, F, shiny|100/100
|move|p1a: Sylveon|Wish|p1a: Sylveon
|
|-heal|p1a: Sylveon|100/100|[from] item: Leftovers
|upkeep
|turn|7
|inactive|tasty sardine 408 has 120 seconds left.
|
|t:|1760390936
|switch|p1a: Toxapex|Toxapex, M|100/100
|move|p2a: Skeledirge|Torch Song|p1a: Toxapex
|-resisted|p1a: Toxapex
|-damage|p1a: Toxapex|88/100
|-boost|p2a: Skeledirge|spa|1
|
|-heal|p1a: Toxapex|100/100|[from] move: Wish|[wisher] Sylveon
|upkeep
|turn|8
|inactive|tasty sardine 408 has 120 seconds left.
|
|t:|1760390942
|switch|p2a: Manaphy|Manaphy, shiny|100/100
|move|p1a: Toxapex|Toxic|p2a: Manaphy
|-status|p2a: Manaphy|tox
|
|-damage|p2a: Manaphy|94/100 tox|[from] psn
|upkeep
|turn|9
|
|t:|1760390945
|switch|p1a: Sylveon|Sylveon, F, shiny|100/100
|move|p2a: Manaphy|Take Heart|p2a: Manaphy
|-boost|p2a: Manaphy|spa|1
|-boost|p2a: Manaphy|spd|1
|-curestatus|p2a: Manaphy|tox|[msg]
|
|-heal|p2a: Manaphy|100/100|[from] item: Leftovers
|upkeep
|turn|10
|
|t:|1760390948
|move|p2a: Manaphy|Take Heart|p2a: Manaphy
|-boost|p2a: Manaphy|spa|1
|-boost|p2a: Manaphy|spd|1
|move|p1a: Sylveon|Roar|p2a: Manaphy
|drag|p2a: Umbreon|Umbreon, M, shiny|85/100
|
|upkeep
|turn|11
|
|t:|1760390953
|switch|p1a: Toxapex|Toxapex, M|100/100
|move|p2a: Umbreon|Toxic|p1a: Toxapex
|-immune|p1a: Toxapex
|
|upkeep
|turn|12
|
|t:|1760390958
|switch|p2a: Manaphy|Manaphy, shiny|100/100
|move|p1a: Toxapex|Toxic|p2a: Manaphy
|-status|p2a: Manaphy|tox
|
|-damage|p2a: Manaphy|94/100 tox|[from] psn
|upkeep
|turn|13
|
|t:|1760390962
|switch|p1a: Sylveon|Sylveon, F, shiny|100/100
|move|p2a: Manaphy|Take Heart|p2a: Manaphy
|-boost|p2a: Manaphy|spa|1
|-boost|p2a: Manaphy|spd|1
|-curestatus|p2a: Manaphy|tox|[msg]
|
|-heal|p2a: Manaphy|100/100|[from] item: Leftovers
|upkeep
|turn|14
|
|t:|1760390972
|move|p2a: Manaphy|Scald|p1a: Sylveon
|-damage|p1a: Sylveon|80/100
|move|p1a: Sylveon|Roar|p2a: Manaphy
|drag|p2a: Umbreon|Umbreon, M, shiny|85/100
|
|-heal|p1a: Sylveon|87/100|[from] item: Leftovers
|upkeep
|turn|15
|
|t:|1760390978
|switch|p2a: Manaphy|Manaphy, shiny|100/100
|switch|p1a: Slowking|Slowking-Galar, F, shiny|100/100
|
|upkeep
|turn|16
|
|t:|1760390983
|switch|p1a: Sylveon|Sylveon, F, shiny|87/100
|move|p2a: Manaphy|Take Heart|p2a: Manaphy
|-boost|p2a: Manaphy|spa|1
|-boost|p2a: Manaphy|spd|1
|
|-heal|p1a: Sylveon|93/100|[from] item: Leftovers
|upkeep
|turn|17
|
|t:|1760390990
|move|p2a: Manaphy|Scald|p1a: Sylveon
|-damage|p1a: Sylveon|73/100
|-status|p1a: Sylveon|brn
|move|p1a: Sylveon|Roar|p2a: Manaphy
|drag|p2a: Skeledirge|Skeledirge, F, shiny|100/100
|
|-heal|p1a: Sylveon|79/100 brn|[from] item: Leftovers
|-damage|p1a: Sylveon|73/100 brn|[from] brn
|upkeep
|turn|18
|
|t:|1760390996
|switch|p1a: Toxapex|Toxapex, M|100/100
|move|p2a: Skeledirge|Will-O-Wisp|p1a: Toxapex
|-status|p1a: Toxapex|brn
|
|-damage|p1a: Toxapex|94/100 brn|[from] brn
|upkeep
|turn|19
|
|t:|1760391001
|switch|p1a: Sylveon|Sylveon, F, shiny|73/100 brn
|move|p2a: Skeledirge|Hex|p1a: Sylveon
|-damage|p1a: Sylveon|46/100 brn
|
|-heal|p1a: Sylveon|52/100 brn|[from] item: Leftovers
|-damage|p1a: Sylveon|46/100 brn|[from] brn
|upkeep
|turn|20
|
|t:|1760391004
|move|p2a: Skeledirge|Torch Song|p1a: Sylveon
|-damage|p1a: Sylveon|31/100 brn
|-boost|p2a: Skeledirge|spa|1
|move|p1a: Sylveon|Wish|p1a: Sylveon
|
|-heal|p1a: Sylveon|38/100 brn|[from] item: Leftovers
|-damage|p1a: Sylveon|31/100 brn|[from] brn
|upkeep
|turn|21
|
|t:|1760391007
|move|p1a: Sylveon|Protect|p1a: Sylveon
|-singleturn|p1a: Sylveon|Protect
|move|p2a: Skeledirge|Hex|p1a: Sylveon
|-activate|p1a: Sylveon|move: Protect
|
|-heal|p1a: Sylveon|81/100 brn|[from] move: Wish|[wisher] Sylveon
|-heal|p1a: Sylveon|88/100 brn|[from] item: Leftovers
|-damage|p1a: Sylveon|81/100 brn|[from] brn
|upkeep
|turn|22
|
|t:|1760391008
|move|p2a: Skeledirge|Torch Song|p1a: Sylveon
|-damage|p1a: Sylveon|57/100 brn
|-boost|p2a: Skeledirge|spa|1
|move|p1a: Sylveon|Wish|p1a: Sylveon
|
|-heal|p1a: Sylveon|63/100 brn|[from] item: Leftovers
|-damage|p1a: Sylveon|57/100 brn|[from] brn
|upkeep
|turn|23
|
|t:|1760391012
|move|p2a: Skeledirge|Torch Song|p1a: Sylveon
|-damage|p1a: Sylveon|23/100 brn
|-boost|p2a: Skeledirge|spa|1
|move|p1a: Sylveon|Roar|p2a: Skeledirge
|drag|p2a: Cresselia|Cresselia, F, shiny|100/100
|
|-heal|p1a: Sylveon|73/100 brn|[from] move: Wish|[wisher] Sylveon
|-heal|p1a: Sylveon|79/100 brn|[from] item: Leftovers
|-damage|p1a: Sylveon|73/100 brn|[from] brn
|upkeep
|turn|24
|
|t:|1760391018
|switch|p1a: Slowking|Slowking-Galar, F, shiny|100/100
|move|p2a: Cresselia|Moonblast|p1a: Slowking
|-resisted|p1a: Slowking
|-damage|p1a: Slowking|97/100
|-unboost|p1a: Slowking|spa|1
|
|upkeep
|turn|25
|
|t:|1760391024
|switch|p2a: Manaphy|Manaphy, shiny|100/100
|switch|p1a: Rotom|Rotom-Heat, shiny|64/100 tox
|
|-heal|p1a: Rotom|71/100 tox|[from] item: Leftovers
|-damage|p1a: Rotom|64/100 tox|[from] psn
|upkeep
|turn|26
|
|t:|1760391032
|switch|p2a: Skeledirge|Skeledirge, F, shiny|100/100
|move|p1a: Rotom|Volt Switch|p2a: Skeledirge
|-damage|p2a: Skeledirge|80/100
|
|t:|1760391035
|switch|p1a: Toxapex|Toxapex, M|100/100 brn|[from] Volt Switch
|
|-damage|p1a: Toxapex|94/100 brn|[from] brn
|upkeep
|turn|27
|
|t:|1760391038
|move|p2a: Skeledirge|Hex|p1a: Toxapex
|-damage|p1a: Toxapex|53/100 brn
|move|p1a: Toxapex|Toxic|p2a: Skeledirge
|-status|p2a: Skeledirge|tox
|
|-damage|p2a: Skeledirge|74/100 tox|[from] psn
|-damage|p1a: Toxapex|47/100 brn|[from] brn
|upkeep
|turn|28
|
|t:|1760391045
|switch|p1a: Sylveon|Sylveon, F, shiny|73/100 brn
|move|p2a: Skeledirge|Hex|p1a: Sylveon
|-damage|p1a: Sylveon|49/100 brn
|
|-heal|p1a: Sylveon|56/100 brn|[from] item: Leftovers
|-damage|p2a: Skeledirge|62/100 tox|[from] psn
|-damage|p1a: Sylveon|49/100 brn|[from] brn
|upkeep
|turn|29
|
|t:|1760391053
|switch|p2a: Serperior|Serperior, M, shiny|100/100
|move|p1a: Sylveon|Wish|p1a: Sylveon
|
|-heal|p1a: Sylveon|56/100 brn|[from] item: Leftovers
|-damage|p1a: Sylveon|49/100 brn|[from] brn
|upkeep
|turn|30
|
|t:|1760391054
|move|p1a: Sylveon|Protect|p1a: Sylveon
|-singleturn|p1a: Sylveon|Protect
|move|p2a: Serperior|Leaf Storm|p1a: Sylveon
|-activate|p1a: Sylveon|move: Protect
|
|-heal|p1a: Sylveon|99/100 brn|[from] move: Wish|[wisher] Sylveon
|-heal|p1a: Sylveon|100/100 brn|[from] item: Leftovers
|-damage|p1a: Sylveon|94/100 brn|[from] brn
|upkeep
|turn|31
|
|t:|1760391059
|switch|p1a: Slowking|Slowking-Galar, F, shiny|100/100
|move|p2a: Serperior|Leaf Storm|p1a: Slowking
|-resisted|p1a: Slowking
|-damage|p1a: Slowking|93/100
|-boost|p2a: Serperior|spa|2
|
|upkeep
|turn|32
|
|t:|1760391062
|move|p2a: Serperior|Glare|p1a: Slowking
|-status|p1a: Slowking|par
|move|p1a: Slowking|Sludge Bomb|p2a: Serperior
|-supereffective|p2a: Serperior
|-damage|p2a: Serperior|26/100
|
|-heal|p2a: Serperior|32/100|[from] item: Leftovers
|upkeep
|turn|33
|
|t:|1760391066
|switch|p2a: Manaphy|Manaphy, shiny|100/100
|move|p1a: Slowking|Sludge Bomb|p2a: Manaphy
|-damage|p2a: Manaphy|71/100
|
|-heal|p2a: Manaphy|77/100|[from] item: Leftovers
|upkeep
|turn|34
|
|t:|1760391069
|switch|p1a: Sylveon|Sylveon, F, shiny|94/100 brn
|move|p2a: Manaphy|Take Heart|p2a: Manaphy
|-boost|p2a: Manaphy|spa|1
|-boost|p2a: Manaphy|spd|1
|
|-heal|p2a: Manaphy|83/100|[from] item: Leftovers
|-heal|p1a: Sylveon|100/100 brn|[from] item: Leftovers
|-damage|p1a: Sylveon|94/100 brn|[from] brn
|upkeep
|turn|35
|
|t:|1760391071
|move|p2a: Manaphy|Scald|p1a: Sylveon
|-damage|p1a: Sylveon|74/100 brn
|move|p1a: Sylveon|Roar|p2a: Manaphy
|drag|p2a: Serperior|Serperior, M, shiny|32/100
|
|-heal|p2a: Serperior|38/100|[from] item: Leftovers
|-heal|p1a: Sylveon|80/100 brn|[from] item: Leftovers
|-damage|p1a: Sylveon|74/100 brn|[from] brn
|upkeep
|turn|36
|
|t:|1760391074
|switch|p1a: Slowking|Slowking-Galar, F, shiny|100/100 par
|move|p2a: Serperior|Synthesis|p2a: Serperior
|-heal|p2a: Serperior|88/100
|
|-heal|p2a: Serperior|95/100|[from] item: Leftovers
|upkeep
|turn|37
|
|t:|1760391079
|switch|p2a: Umbreon|Umbreon, M, shiny|85/100
|move|p1a: Slowking|Future Sight|p2a: Umbreon
|-start|p1a: Slowking|move: Future Sight
|
|upkeep
|turn|38
|
|t:|1760391083
|switch|p1a: Sylveon|Sylveon, F, shiny|74/100 brn
|move|p2a: Umbreon|Wish|p2a: Umbreon
|
|-heal|p1a: Sylveon|80/100 brn|[from] item: Leftovers
|-damage|p1a: Sylveon|74/100 brn|[from] brn
|upkeep
|turn|39
|
|t:|1760391087
|switch|p2a: Manaphy|Manaphy, shiny|83/100
|move|p1a: Sylveon|Roar|p2a: Manaphy
|drag|p2a: Serperior|Serperior, M, shiny|95/100
|
|-end|p2a: Serperior|move: Future Sight
|-damage|p2a: Serperior|48/100
|-heal|p2a: Serperior|100/100|[from] move: Wish|[wisher] Umbreon
|-heal|p1a: Sylveon|80/100 brn|[from] item: Leftovers
|-damage|p1a: Sylveon|74/100 brn|[from] brn
|upkeep
|turn|40
|
|t:|1760391099
|switch|p1a: Slowking|Slowking-Galar, F, shiny|100/100 par
|move|p2a: Serperior|Leaf Storm|p1a: Slowking
|-resisted|p1a: Slowking
|-damage|p1a: Slowking|93/100 par
|-boost|p2a: Serperior|spa|2
|
|upkeep
|turn|41
|inactive|tasty sardine 408 has 120 seconds left.
|inactive|tasty sardine 408 has 90 seconds left.
|
|t:|1760391168
|switch|p2a: Umbreon|Umbreon, M, shiny|85/100
|move|p1a: Slowking|Future Sight|p2a: Umbreon
|-start|p1a: Slowking|move: Future Sight
|
|upkeep
|turn|42
|
|t:|1760391178
|switch|p1a: Sylveon|Sylveon, F, shiny|74/100 brn
|move|p2a: Umbreon|Wish|p2a: Umbreon
|
|-heal|p1a: Sylveon|80/100 brn|[from] item: Leftovers
|-damage|p1a: Sylveon|74/100 brn|[from] brn
|upkeep
|turn|43
|
|t:|1760391187
|switch|p2a: Revavroom|Revavroom, M, shiny|100/100
|-item|p2a: Revavroom|Air Balloon
|move|p1a: Sylveon|Roar|p2a: Revavroom
|drag|p2a: Serperior|Serperior, M, shiny|100/100
|
|-end|p2a: Serperior|move: Future Sight
|-damage|p2a: Serperior|55/100
|-heal|p2a: Serperior|100/100|[from] move: Wish|[wisher] Umbreon
|-heal|p1a: Sylveon|80/100 brn|[from] item: Leftovers
|-damage|p1a: Sylveon|74/100 brn|[from] brn
|upkeep
|turn|44
|
|t:|1760391200
|switch|p1a: Slowking|Slowking-Galar, F, shiny|100/100 par
|move|p2a: Serperior|Tera Blast|p1a: Slowking
|-crit|p1a: Slowking
|-damage|p1a: Slowking|92/100 par
|
|upkeep
|turn|45
|
|t:|1760391207
|switch|p2a: Umbreon|Umbreon, M, shiny|85/100
|move|p1a: Slowking|Sludge Bomb|p2a: Umbreon
|-damage|p2a: Umbreon|66/100
|
|upkeep
|turn|46
|
|t:|1760391214
|move|p2a: Umbreon|Wish|p2a: Umbreon
|move|p1a: Slowking|Future Sight|p2a: Umbreon
|-start|p1a: Slowking|move: Future Sight
|
|upkeep
|turn|47
|inactive|tasty sardine 408 has 120 seconds left.
|inactive|tasty sardine 408 has 90 seconds left.
|inactive|tasty sardine 408 has 60 seconds left.
|
|t:|1760391300
|switch|p2a: Manaphy|Manaphy, shiny|83/100
|move|p1a: Slowking|Sludge Bomb|p2a: Manaphy
|-damage|p2a: Manaphy|51/100
|-status|p2a: Manaphy|psn
|
|-heal|p2a: Manaphy|99/100 psn|[from] move: Wish|[wisher] Umbreon
|-heal|p2a: Manaphy|100/100 psn|[from] item: Leftovers
|-damage|p2a: Manaphy|88/100 psn|[from] psn
|upkeep
|turn|48
|
|t:|1760391311
|switch|p1a: Sylveon|Sylveon, F, shiny|74/100 brn
|move|p2a: Manaphy|Take Heart|p2a: Manaphy
|-boost|p2a: Manaphy|spa|1
|-boost|p2a: Manaphy|spd|1
|-curestatus|p2a: Manaphy|psn|[msg]
|
|-end|p2a: Manaphy|move: Future Sight
|-damage|p2a: Manaphy|63/100
|-heal|p2a: Manaphy|69/100|[from] item: Leftovers
|-heal|p1a: Sylveon|80/100 brn|[from] item: Leftovers
|-damage|p1a: Sylveon|74/100 brn|[from] brn
|upkeep
|turn|49
|inactive|tasty sardine 408 has 60 seconds left.
|inactive|tasty sardine 408 has 30 seconds left.
|inactive|tasty sardine 408 has 20 seconds left.
|
|t:|1760391370
|move|p2a: Manaphy|Scald|p1a: Sylveon
|-damage|p1a: Sylveon|52/100 brn
|move|p1a: Sylveon|Roar|p2a: Manaphy
|drag|p2a: Revavroom|Revavroom, M, shiny|100/100
|-item|p2a: Revavroom|Air Balloon
|
|-heal|p1a: Sylveon|58/100 brn|[from] item: Leftovers
|-damage|p1a: Sylveon|52/100 brn|[from] brn
|upkeep
|turn|50
|inactive|tasty sardine 408 has 30 seconds left this turn.
|
|t:|1760391381
|switch|p1a: Great Tusk|Great Tusk|100/100
|move|p2a: Revavroom|Shift Gear|p2a: Revavroom
|-boost|p2a: Revavroom|spe|2
|-boost|p2a: Revavroom|atk|1
|
|upkeep
|turn|51
|inactive|tasty sardine 408 has 30 seconds left.
|inactive|tasty sardine 408 has 20 seconds left.
|
|t:|1760391403
|move|p2a: Revavroom|Iron Head|p1a: Great Tusk
|-damage|p1a: Great Tusk|54/100
|move|p1a: Great Tusk|Close Combat|p2a: Revavroom
|-damage|p2a: Revavroom|35/100
|-unboost|p1a: Great Tusk|def|1
|-unboost|p1a: Great Tusk|spd|1
|-enditem|p2a: Revavroom|Air Balloon
|
|upkeep
|turn|52
|inactive|tasty sardine 408 has 30 seconds left this turn.
|
|t:|1760391414
|-end|p1a: Great Tusk|Protosynthesis|[silent]
|switch|p1a: Toxapex|Toxapex, M|80/100 brn
|move|p2a: Revavroom|Iron Head|p1a: Toxapex
|-resisted|p1a: Toxapex
|-crit|p1a: Toxapex
|-damage|p1a: Toxapex|51/100 brn
|-damage|p2a: Revavroom|19/100|[from] item: Rocky Helmet|[of] p1a: Toxapex
|
|-damage|p1a: Toxapex|45/100 brn|[from] brn
|upkeep
|turn|53
|
|t:|1760391424
|move|p2a: Revavroom|High Horsepower|p1a: Toxapex
|-supereffective|p1a: Toxapex
|-damage|p1a: Toxapex|0 fnt
|-damage|p2a: Revavroom|2/100|[from] item: Rocky Helmet|[of] p1a: Toxapex
|faint|p1a: Toxapex
|
|upkeep
|
|t:|1760391428
|switch|p1a: Great Tusk|Great Tusk|54/100
|turn|54
|
|t:|1760391430
|move|p2a: Revavroom|Iron Head|p1a: Great Tusk
|-damage|p1a: Great Tusk|7/100
|move|p1a: Great Tusk|Rapid Spin|p2a: Revavroom
|-resisted|p2a: Revavroom
|-crit|p2a: Revavroom
|-damage|p2a: Revavroom|0 fnt
|-boost|p1a: Great Tusk|spe|1
|faint|p2a: Revavroom
|
|upkeep
|
|t:|1760391434
|switch|p2a: Serperior|Serperior, M, shiny|100/100
|turn|55
|
|t:|1760391444
|-end|p1a: Great Tusk|Protosynthesis|[silent]
|switch|p1a: Slowking|Slowking-Galar, F, shiny|100/100 par
|switch|p2a: Manaphy|Manaphy, shiny|69/100
|
|-heal|p2a: Manaphy|75/100|[from] item: Leftovers
|upkeep
|turn|56
|
|t:|1760391450
|move|p2a: Manaphy|Take Heart|p2a: Manaphy
|-boost|p2a: Manaphy|spa|1
|-boost|p2a: Manaphy|spd|1
|cant|p1a: Slowking|par
|
|-heal|p2a: Manaphy|81/100|[from] item: Leftovers
|upkeep
|turn|57
|-message|pantalonescondidos forfeited.
|
|win|tasty sardine 408
|raw|pantalonescondidos's rating: 1575 &rarr; <strong>1554</strong><br />(-21 for losing)
|raw|tasty sardine 408's rating: 1562 &rarr; <strong>1583</strong><br />(+21 for winning)
|l|☆pantalonescondidos
|player|p1|
|l|‽tasty sardine 408
|player|p2|
