|j|☆beeboobaa
|j|☆ChopsFCC
|t:|1760437337
|gametype|singles
|player|p1|beeboobaa|266|1443
|player|p2|ChopsFCC|266|1425
|gen|9
|tier|[Gen 9] OU
|rated|
|rule|HP Percentage Mod: HP is shown in percentages
|rule|Endless Battle Clause: Forcing endless battles is banned
|rule|Species Clause: Limit one of each Pokémon
|rule|OHKO Clause: OHKO moves are banned
|rule|Evasion Items Clause: Evasion items are banned
|rule|Evasion Moves Clause: Evasion moves are banned
|rule|Evasion Abilities Clause: Evasion abilities are banned
|rule|Sleep Moves Clause: Sleep-inducing moves are banned
|clearpoke
|poke|p1|Blastoise, M|
|poke|p1|Clefable, F|
|poke|p1|Slowbro, M|
|poke|p1|Chansey, F|
|poke|p1|Zapdos|
|poke|p1|Dragonite, F|
|poke|p2|Rillaboom, F|
|poke|p2|Zamazenta-*|
|poke|p2|Raging Bolt|
|poke|p2|Alomomola, F|
|poke|p2|Iron Crown|
|poke|p2|Heatran, F|
|teampreview
|inactive|Battle timer is ON: inactive players will automatically lose when time's up. (requested by ChopsFCC)
|
|t:|1760437365
|teamsize|p1|6
|teamsize|p2|6
|start
|switch|p1a: Blastoise|Blastoise, M|100/100
|switch|p2a: Raging Bolt|Raging Bolt|100/100
|turn|1
|
|t:|1760437371
|switch|p1a: Chansey|Chansey, F|100/100
|move|p2a: Raging Bolt|Volt Switch|p1a: Chansey
|-crit|p1a: Chansey
|-damage|p1a: Chansey|76/100
|-damage|p2a: Raging Bolt|91/100|[from] item: Life Orb
|
|t:|1760437380
|-end|p2a: Raging Bolt|Protosynthesis|[silent]
|switch|p2a: Rillaboom|Rillaboom, F|100/100|[from] Volt Switch
|-fieldstart|move: Grassy Terrain|[from] ability: Grassy Surge|[of] p2a: Rillaboom
|
|-heal|p1a: Chansey|83/100|[from] Grassy Terrain
|upkeep
|turn|2
|inactive|beeboobaa has 120 seconds left.
|
|t:|1760437410
|switch|p1a: Dragonite|Dragonite, F|100/100
|move|p2a: Rillaboom|Knock Off|p1a: Dragonite
|-damage|p1a: Dragonite|80/100
|-damage|p2a: Rillaboom|84/100|[from] item: Rocky Helmet|[of] p1a: Dragonite
|-enditem|p1a: Dragonite|Rocky Helmet|[from] move: Knock Off|[of] p2a: Rillaboom
|-damage|p2a: Rillaboom|74/100|[from] item: Life Orb
|
|-heal|p2a: Rillaboom|80/100|[from] Grassy Terrain
|upkeep
|turn|3
|inactive|beeboobaa has 120 seconds left.
|
|t:|1760437425
|switch|p2a: Alomomola|Alomomola, F|100/100
|move|p1a: Dragonite|Dragon Dance|p1a: Dragonite
|-boost|p1a: Dragonite|atk|1
|-boost|p1a: Dragonite|spe|1
|
|upkeep
|turn|4
|
|t:|1760437433
|move|p1a: Dragonite|Dragon Dance|p1a: Dragonite
|-boost|p1a: Dragonite|atk|1
|-boost|p1a: Dragonite|spe|1
|move|p2a: Alomomola|Body Slam|p1a: Dragonite
|-damage|p1a: Dragonite|64/100
|
|upkeep
|turn|5
|
|t:|1760437444
|move|p1a: Dragonite|Earthquake|p2a: Alomomola
|-damage|p2a: Alomomola|77/100
|move|p2a: Alomomola|Body Slam|p1a: Dragonite
|-damage|p1a: Dragonite|50/100
|
|-heal|p2a: Alomomola|83/100|[from] Grassy Terrain
|-fieldend|move: Grassy Terrain
|upkeep
|turn|6
|inactive|ChopsFCC has 120 seconds left.
|
|t:|1760437476
|move|p1a: Dragonite|Dragon Dance|p1a: Dragonite
|-boost|p1a: Dragonite|atk|1
|-boost|p1a: Dragonite|spe|1
|move|p2a: Alomomola|Flip Turn|p1a: Dragonite
|-resisted|p1a: Dragonite
|-damage|p1a: Dragonite|42/100
|inactive|ChopsFCC has 120 seconds left.
|
|t:|1760437485
|switch|p2a: Raging Bolt|Raging Bolt|91/100|[from] Flip Turn
|
|upkeep
|turn|7
|inactive|ChopsFCC has 120 seconds left.
|
|t:|1760437496
|move|p1a: Dragonite|Roost|p1a: Dragonite
|-heal|p1a: Dragonite|92/100
|-singleturn|p1a: Dragonite|move: Roost
|move|p2a: Raging Bolt|Thunderbolt|p1a: Dragonite
|-resisted|p1a: Dragonite
|-damage|p1a: Dragonite|62/100
|-damage|p2a: Raging Bolt|81/100|[from] item: Life Orb
|
|upkeep
|turn|8
|inactive|ChopsFCC has 120 seconds left.
|
|t:|1760437509
|move|p2a: Raging Bolt|Thunderclap||[still]
|-fail|p2a: Raging Bolt
|move|p1a: Dragonite|Roost|p1a: Dragonite
|-heal|p1a: Dragonite|100/100
|-singleturn|p1a: Dragonite|move: Roost
|
|upkeep
|turn|9
|inactive|ChopsFCC has 120 seconds left.
|
|t:|1760437522
|-end|p2a: Raging Bolt|Protosynthesis|[silent]
|switch|p2a: Zamazenta|Zamazenta|100/100
|-ability|p2a: Zamazenta|Dauntless Shield|boost
|-boost|p2a: Zamazenta|def|1
|move|p1a: Dragonite|Earthquake|p2a: Zamazenta
|-damage|p2a: Zamazenta|39/100
|
|upkeep
|turn|10
|
|t:|1760437532
|move|p1a: Dragonite|Earthquake|p2a: Zamazenta
|-damage|p2a: Zamazenta|0 fnt
|faint|p2a: Zamazenta
|
|upkeep
|
|t:|1760437541
|switch|p2a: Rillaboom|Rillaboom, F|80/100
|-fieldstart|move: Grassy Terrain|[from] ability: Grassy Surge|[of] p2a: Rillaboom
|turn|11
|
|t:|1760437550
|move|p1a: Dragonite|Ice Spinner|p2a: Rillaboom
|-supereffective|p2a: Rillaboom
|-damage|p2a: Rillaboom|0 fnt
|-fieldend|move: Grassy Terrain
|faint|p2a: Rillaboom
|
|upkeep
|
|t:|1760437553
|switch|p2a: Heatran|Heatran, F|100/100
|turn|12
|
|t:|1760437561
|-terastallize|p2a: Heatran|Ghost
|move|p1a: Dragonite|Earthquake|p2a: Heatran
|-damage|p2a: Heatran|14/100
|move|p2a: Heatran|Will-O-Wisp|p1a: Dragonite
|-status|p1a: Dragonite|brn
|
|-heal|p2a: Heatran|20/100|[from] item: Leftovers
|-damage|p1a: Dragonite|94/100 brn|[from] brn
|upkeep
|turn|13
|
|t:|1760437571
|switch|p2a: Alomomola|Alomomola, F|100/100
|move|p1a: Dragonite|Dragon Dance|p1a: Dragonite
|-boost|p1a: Dragonite|atk|1
|-boost|p1a: Dragonite|spe|1
|
|-damage|p1a: Dragonite|88/100 brn|[from] brn
|upkeep
|turn|14
|
|t:|1760437578
|move|p1a: Dragonite|Dragon Dance|p1a: Dragonite
|-boost|p1a: Dragonite|atk|1
|-boost|p1a: Dragonite|spe|1
|move|p2a: Alomomola|Wish|p2a: Alomomola
|
|-damage|p1a: Dragonite|82/100 brn|[from] brn
|upkeep
|turn|15
|
|t:|1760437583
|move|p1a: Dragonite|Dragon Dance|p1a: Dragonite
|-boost|p1a: Dragonite|atk|1
|-boost|p1a: Dragonite|spe|1
|move|p2a: Alomomola|Flip Turn|p1a: Dragonite
|-resisted|p1a: Dragonite
|-damage|p1a: Dragonite|74/100 brn
|
|t:|1760437586
|switch|p2a: Heatran|Heatran, F, tera:Ghost|20/100|[from] Flip Turn
|
|-heal|p2a: Heatran|81/100|[from] move: Wish|[wisher] Alomomola
|-heal|p2a: Heatran|87/100|[from] item: Leftovers
|-damage|p1a: Dragonite|68/100 brn|[from] brn
|upkeep
|turn|16
|
|t:|1760437595
|move|p1a: Dragonite|Earthquake|p2a: Heatran
|-damage|p2a: Heatran|24/100
|move|p2a: Heatran|Stealth Rock|p1a: Dragonite
|-sidestart|p1: beeboobaa|move: Stealth Rock
|
|-heal|p2a: Heatran|30/100|[from] item: Leftovers
|-damage|p1a: Dragonite|62/100 brn|[from] brn
|upkeep
|turn|17
|
|t:|1760437601
|switch|p2a: Alomomola|Alomomola, F|100/100
|move|p1a: Dragonite|Roost|p1a: Dragonite
|-heal|p1a: Dragonite|100/100 brn
|-singleturn|p1a: Dragonite|move: Roost
|
|-damage|p1a: Dragonite|94/100 brn|[from] brn
|upkeep
|turn|18
|
|t:|1760437607
|move|p1a: Dragonite|Earthquake|p2a: Alomomola
|-damage|p2a: Alomomola|50/100
|move|p2a: Alomomola|Wish|p2a: Alomomola
|
|-damage|p1a: Dragonite|88/100 brn|[from] brn
|upkeep
|turn|19
|
|t:|1760437614
|move|p2a: Alomomola|Protect|p2a: Alomomola
|-singleturn|p2a: Alomomola|Protect
|move|p1a: Dragonite|Earthquake|p2a: Alomomola
|-activate|p2a: Alomomola|move: Protect
|
|-heal|p2a: Alomomola|99/100|[from] move: Wish|[wisher] Alomomola
|-damage|p1a: Dragonite|82/100 brn|[from] brn
|upkeep
|turn|20
|-message|ChopsFCC forfeited.
|
|win|beeboobaa
|raw|beeboobaa's rating: 1443 &rarr; <strong>1462</strong><br />(+19 for winning)
|raw|ChopsFCC's rating: 1425 &rarr; <strong>1406</strong><br />(-19 for losing)
|l|☆ChopsFCC
|player|p2|
