|j|☆KingofGoob
|j|☆obezer
|t:|1760452767
|gametype|singles
|player|p1|KingofGoob|2|1285
|player|p2|obezer|101|1231
|gen|9
|tier|[Gen 9] OU
|rated|
|rule|HP Percentage Mod: HP is shown in percentages
|rule|Endless Battle Clause: Forcing endless battles is banned
|rule|Species Clause: Limit one of each Pokémon
|rule|OHKO Clause: OHKO moves are banned
|rule|Evasion Items Clause: Evasion items are banned
|rule|Evasion Moves Clause: Evasion moves are banned
|rule|Evasion Abilities Clause: Evasion abilities are banned
|rule|Sleep Moves Clause: Sleep-inducing moves are banned
|clearpoke
|poke|p1|Arboliva, M|
|poke|p1|Hydreigon, M|
|poke|p1|Hatterene, F|
|poke|p1|Slowbro, F|
|poke|p1|Zoroark-Hisui, M|
|poke|p1|Gliscor, M|
|poke|p2|Kleavor, F|
|poke|p2|Rillaboom, F|
|poke|p2|Slowking-Galar, M|
|poke|p2|Sinistcha|
|poke|p2|Talonflame, F|
|poke|p2|Bellibolt, M|
|teampreview
|inactive|Battle timer is ON: inactive players will automatically lose when time's up. (requested by KingofGoob)
|
|t:|1760452791
|teamsize|p1|6
|teamsize|p2|6
|start
|switch|p1a: Gliscor|Gliscor, M|100/100
|switch|p2a: Kleavor|Kleavor, F|100/100
|turn|1
|
|t:|1760452805
|switch|p2a: Rillaboom|Rillaboom, F|100/100
|-fieldstart|move: Grassy Terrain|[from] ability: Grassy Surge|[of] p2a: Rillaboom
|move|p1a: Gliscor|Protect||[still]
|-fail|p1a: Gliscor
|
|-status|p1a: Gliscor|tox|[from] item: Toxic Orb
|upkeep
|turn|2
|inactive|KingofGoob has 120 seconds left.
|
|t:|1760452836
|switch|p2a: Slowking|Slowking-Galar, M|100/100
|-terastallize|p1a: Gliscor|Steel
|move|p1a: Gliscor|Toxic|p2a: Slowking
|-immune|p2a: Slowking
|
|upkeep
|turn|3
|
|t:|1760452845
|move|p1a: Gliscor|Taunt|p2a: Slowking
|-start|p2a: Slowking|move: Taunt
|move|p2a: Slowking|Flamethrower|p1a: Gliscor
|-supereffective|p1a: Gliscor
|-damage|p1a: Gliscor|48/100 tox
|
|-heal|p1a: Gliscor|54/100 tox|[from] Grassy Terrain
|-heal|p1a: Gliscor|67/100 tox|[from] ability: Poison Heal
|upkeep
|turn|4
|
|t:|1760452869
|move|p1a: Gliscor|Protect|p1a: Gliscor
|-singleturn|p1a: Gliscor|Protect
|move|p2a: Slowking|Future Sight|p1a: Gliscor
|-start|p2a: Slowking|move: Future Sight
|
|-heal|p1a: Gliscor|73/100 tox|[from] Grassy Terrain
|-heal|p1a: Gliscor|85/100 tox|[from] ability: Poison Heal
|upkeep
|turn|5
|
|t:|1760452877
|move|p1a: Gliscor|Earthquake|p2a: Slowking
|-supereffective|p2a: Slowking
|-damage|p2a: Slowking|64/100
|move|p2a: Slowking|Flamethrower|p1a: Gliscor
|-supereffective|p1a: Gliscor
|-damage|p1a: Gliscor|30/100 tox
|
|-heal|p1a: Gliscor|37/100 tox|[from] Grassy Terrain
|-heal|p2a: Slowking|70/100|[from] Grassy Terrain
|-heal|p1a: Gliscor|49/100 tox|[from] ability: Poison Heal
|-end|p2a: Slowking|move: Taunt
|-fieldend|move: Grassy Terrain
|upkeep
|turn|6
|
|t:|1760452893
|switch|p1a: Hydreigon|Hydreigon, M|100/100
|switch|p2a: Rillaboom|Rillaboom, F|100/100
|-fieldstart|move: Grassy Terrain|[from] ability: Grassy Surge|[of] p2a: Rillaboom
|
|-end|p1a: Hydreigon|move: Future Sight
|-immune|p1a: Hydreigon
|upkeep
|turn|7
|
|t:|1760452899
|move|p1a: Hydreigon|Draco Meteor|p2a: Rillaboom
|-damage|p2a: Rillaboom|2/100
|-unboost|p1a: Hydreigon|spa|2
|move|p2a: Rillaboom|Drum Beating|p1a: Hydreigon
|-resisted|p1a: Hydreigon
|-damage|p1a: Hydreigon|60/100
|-unboost|p1a: Hydreigon|spe|1
|-damage|p2a: Rillaboom|0 fnt|[from] item: Life Orb
|faint|p2a: Rillaboom
|
|upkeep
|
|t:|1760452920
|switch|p2a: Sinistcha|Sinistcha|100/100
|turn|8
|
|t:|1760452929
|switch|p1a: Hydreigon|Hydreigon, M|100/100
|move|p2a: Sinistcha|Calm Mind|p2a: Sinistcha
|-boost|p2a: Sinistcha|spa|1
|-boost|p2a: Sinistcha|spd|1
|
|upkeep
|turn|9
|
|t:|1760452937
|-terastallize|p2a: Sinistcha|Poison
|move|p1a: Hydreigon|Poltergeist|p2a: Sinistcha
|-activate|p2a: Sinistcha|move: Poltergeist|Covert Cloak
|-damage|p2a: Sinistcha|52/100
|move|p2a: Sinistcha|Calm Mind|p2a: Sinistcha
|-boost|p2a: Sinistcha|spa|1
|-boost|p2a: Sinistcha|spd|1
|
|-heal|p2a: Sinistcha|58/100|[from] Grassy Terrain
|upkeep
|turn|10
|
|t:|1760452947
|move|p1a: Hydreigon|Poltergeist|p2a: Sinistcha
|-activate|p2a: Sinistcha|move: Poltergeist|Covert Cloak
|-damage|p2a: Sinistcha|8/100
|move|p2a: Sinistcha|Matcha Gotcha|p1a: Hydreigon
|-damage|p1a: Hydreigon|0 fnt
|-heal|p2a: Sinistcha|45/100|[from] drain|[of] p1a: Hydreigon
|replace|p1a: Zoroark|Zoroark-Hisui, M, shiny
|-end|p1a: Zoroark|Illusion
|faint|p1a: Zoroark
|
|-heal|p2a: Sinistcha|51/100|[from] Grassy Terrain
|-fieldend|move: Grassy Terrain
|upkeep
|
|t:|1760452962
|switch|p1a: Gliscor|Gliscor, M, tera:Steel|49/100 tox
|turn|11
|inactive|obezer has 120 seconds left.
|
|t:|1760453021
|move|p1a: Gliscor|Protect|p1a: Gliscor
|-singleturn|p1a: Gliscor|Protect
|move|p2a: Sinistcha|Strength Sap|p1a: Gliscor
|-activate|p1a: Gliscor|move: Protect
|
|-heal|p1a: Gliscor|62/100 tox|[from] ability: Poison Heal
|upkeep
|turn|12
|
|t:|1760453026
|move|p1a: Gliscor|Taunt|p2a: Sinistcha
|-start|p2a: Sinistcha|move: Taunt
|cant|p2a: Sinistcha|move: Taunt|Strength Sap
|
|-heal|p1a: Gliscor|74/100 tox|[from] ability: Poison Heal
|upkeep
|turn|13
|
|t:|1760453034
|move|p1a: Gliscor|Earthquake|p2a: Sinistcha
|-supereffective|p2a: Sinistcha
|-damage|p2a: Sinistcha|2/100
|move|p2a: Sinistcha|Shadow Ball|p1a: Gliscor
|-damage|p1a: Gliscor|18/100 tox
|
|-heal|p1a: Gliscor|30/100 tox|[from] ability: Poison Heal
|upkeep
|turn|14
|
|t:|1760453043
|move|p1a: Gliscor|Earthquake|p2a: Sinistcha
|-supereffective|p2a: Sinistcha
|-damage|p2a: Sinistcha|0 fnt
|faint|p2a: Sinistcha
|
|-heal|p1a: Gliscor|43/100 tox|[from] ability: Poison Heal
|upkeep
|
|t:|1760453054
|switch|p2a: Kleavor|Kleavor, F|100/100
|turn|15
|
|t:|1760453062
|move|p1a: Gliscor|Protect|p1a: Gliscor
|-singleturn|p1a: Gliscor|Protect
|move|p2a: Kleavor|Close Combat|p1a: Gliscor
|-activate|p1a: Gliscor|move: Protect
|
|-heal|p1a: Gliscor|55/100 tox|[from] ability: Poison Heal
|upkeep
|turn|16
|
|t:|1760453070
|switch|p1a: Hatterene|Hatterene, F|100/100
|move|p2a: Kleavor|Close Combat|p1a: Hatterene
|-resisted|p1a: Hatterene
|-damage|p1a: Hatterene|90/100
|-unboost|p2a: Kleavor|def|1
|-unboost|p2a: Kleavor|spd|1
|
|upkeep
|turn|17
|
|t:|1760453079
|switch|p2a: Bellibolt|Bellibolt, M|100/100
|move|p1a: Hatterene|Mystical Fire|p2a: Bellibolt
|-damage|p2a: Bellibolt|85/100
|-unboost|p2a: Bellibolt|spa|1
|-start|p2a: Bellibolt|Charge|Mystical Fire|[from] ability: Electromorphosis
|
|upkeep
|turn|18
|
|t:|1760453086
|move|p2a: Bellibolt|Charge Beam|p1a: Hatterene
|-damage|p1a: Hatterene|65/100
|-end|p2a: Bellibolt|Charge|[silent]
|move|p1a: Hatterene|Future Sight|p2a: Bellibolt
|-start|p1a: Hatterene|move: Future Sight
|
|upkeep
|turn|19
|
|t:|1760453092
|move|p2a: Bellibolt|Charge Beam|p1a: Hatterene
|-damage|p1a: Hatterene|53/100
|-boost|p2a: Bellibolt|spa|1
|move|p1a: Hatterene|Calm Mind|p1a: Hatterene
|-boost|p1a: Hatterene|spa|1
|-boost|p1a: Hatterene|spd|1
|
|upkeep
|turn|20
|
|t:|1760453101
|move|p2a: Bellibolt|Charge Beam|p1a: Hatterene
|-damage|p1a: Hatterene|42/100
|-boost|p2a: Bellibolt|spa|1
|move|p1a: Hatterene|Calm Mind|p1a: Hatterene
|-boost|p1a: Hatterene|spa|1
|-boost|p1a: Hatterene|spd|1
|
|-end|p2a: Bellibolt|move: Future Sight
|-damage|p2a: Bellibolt|21/100
|-start|p2a: Bellibolt|Charge|Future Sight|[from] ability: Electromorphosis
|upkeep
|turn|21
|
|t:|1760453108
|move|p2a: Bellibolt|Parabolic Charge|p1a: Hatterene
|-damage|p1a: Hatterene|7/100
|-heal|p2a: Bellibolt|35/100|[from] drain|[of] p1a: Hatterene
|-end|p2a: Bellibolt|Charge|[silent]
|move|p1a: Hatterene|Draining Kiss|p2a: Bellibolt
|-damage|p2a: Bellibolt|1/100
|-heal|p1a: Hatterene|39/100|[from] drain|[of] p2a: Bellibolt
|-start|p2a: Bellibolt|Charge|Draining Kiss|[from] ability: Electromorphosis
|
|upkeep
|turn|22
|
|t:|1760453115
|move|p2a: Bellibolt|Parabolic Charge|p1a: Hatterene
|-damage|p1a: Hatterene|4/100
|-heal|p2a: Bellibolt|15/100|[from] drain|[of] p1a: Hatterene
|-end|p2a: Bellibolt|Charge|[silent]
|move|p1a: Hatterene|Draining Kiss|p2a: Bellibolt
|-damage|p2a: Bellibolt|0 fnt
|-heal|p1a: Hatterene|18/100|[from] drain|[of] p2a: Bellibolt
|faint|p2a: Bellibolt
|
|upkeep
|
|t:|1760453121
|switch|p2a: Kleavor|Kleavor, F|100/100
|turn|23
|
|t:|1760453125
|switch|p1a: Slowbro|Slowbro, F|100/100
|move|p2a: Kleavor|Stone Axe|p1a: Slowbro|[miss]
|-miss|p2a: Kleavor|p1a: Slowbro
|
|upkeep
|turn|24
|
|t:|1760453135
|switch|p2a: Slowking|Slowking-Galar, M|100/100
|move|p1a: Slowbro|Scald|p2a: Slowking
|-damage|p2a: Slowking|85/100
|
|upkeep
|turn|25
|
|t:|1760453145
|move|p2a: Slowking|Sludge Bomb|p1a: Slowbro
|-damage|p1a: Slowbro|56/100
|move|p1a: Slowbro|Scald|p2a: Slowking
|-damage|p2a: Slowking|71/100
|
|upkeep
|turn|26
|
|t:|1760453153
|move|p1a: Slowbro|Disable|p2a: Slowking
|-start|p2a: Slowking|Disable|Sludge Bomb
|cant|p2a: Slowking|Disable|Sludge Bomb
|
|upkeep
|turn|27
|
|t:|1760453165
|move|p2a: Slowking|Future Sight|p1a: Slowbro
|-start|p2a: Slowking|move: Future Sight
|move|p1a: Slowbro|Scald|p2a: Slowking
|-damage|p2a: Slowking|55/100
|
|upkeep
|turn|28
|
|t:|1760453170
|switch|p2a: Talonflame|Talonflame, F|100/100
|move|p1a: Slowbro|Slack Off|p1a: Slowbro
|-heal|p1a: Slowbro|100/100
|
|upkeep
|turn|29
|
|t:|1760453173
|switch|p2a: Slowking|Slowking-Galar, M|88/100
|move|p1a: Slowbro|Scald|p2a: Slowking
|-damage|p2a: Slowking|74/100
|
|-end|p1a: Slowbro|move: Future Sight
|-resisted|p1a: Slowbro
|-damage|p1a: Slowbro|69/100
|upkeep
|turn|30
|
|t:|1760453188
|move|p1a: Slowbro|Scald|p2a: Slowking
|-damage|p2a: Slowking|59/100
|-status|p2a: Slowking|brn
|move|p2a: Slowking|Future Sight|p1a: Slowbro
|-start|p2a: Slowking|move: Future Sight
|
|-damage|p2a: Slowking|53/100 brn|[from] brn
|upkeep
|turn|31
|
|t:|1760453196
|move|p1a: Slowbro|Scald|p2a: Slowking
|-damage|p2a: Slowking|39/100 brn
|move|p2a: Slowking|Sludge Bomb|p1a: Slowbro
|-crit|p1a: Slowbro
|-damage|p1a: Slowbro|0 fnt
|faint|p1a: Slowbro
|
|-damage|p2a: Slowking|33/100 brn|[from] brn
|upkeep
|
|t:|1760453204
|switch|p1a: Hydreigon|Hydreigon, M|60/100
|turn|32
|
|t:|1760453210
|switch|p2a: Talonflame|Talonflame, F|100/100
|move|p1a: Hydreigon|Dark Pulse|p2a: Talonflame
|-damage|p2a: Talonflame|46/100
|
|-end|p1a: Hydreigon|move: Future Sight
|-immune|p1a: Hydreigon
|upkeep
|turn|33
|
|t:|1760453217
|move|p1a: Hydreigon|Dark Pulse|p2a: Talonflame
|-damage|p2a: Talonflame|0 fnt
|faint|p2a: Talonflame
|
|upkeep
|
|t:|1760453219
|switch|p2a: Kleavor|Kleavor, F|100/100
|turn|34
|
|t:|1760453228
|move|p1a: Hydreigon|Dark Pulse|p2a: Kleavor
|-damage|p2a: Kleavor|22/100
|move|p2a: Kleavor|Close Combat|p1a: Hydreigon
|-supereffective|p1a: Hydreigon
|-damage|p1a: Hydreigon|0 fnt
|-unboost|p2a: Kleavor|def|1
|-unboost|p2a: Kleavor|spd|1
|faint|p1a: Hydreigon
|
|upkeep
|
|t:|1760453236
|switch|p1a: Hatterene|Hatterene, F|18/100
|turn|35
|
|t:|1760453239
|switch|p2a: Slowking|Slowking-Galar, M|66/100 brn
|move|p1a: Hatterene|Draining Kiss|p2a: Slowking
|-resisted|p2a: Slowking
|-damage|p2a: Slowking|58/100 brn
|-heal|p1a: Hatterene|25/100|[from] drain|[of] p2a: Slowking
|
|-damage|p2a: Slowking|52/100 brn|[from] brn
|upkeep
|turn|36
|
|t:|1760453252
|switch|p1a: Arboliva|Arboliva, M|100/100
|move|p2a: Slowking|Surf|p1a: Arboliva
|-resisted|p1a: Arboliva
|-damage|p1a: Arboliva|91/100
|-fieldstart|move: Grassy Terrain|[from] ability: Seed Sower|[of] p1a: Arboliva
|
|-heal|p1a: Arboliva|97/100|[from] Grassy Terrain
|-heal|p2a: Slowking|58/100 brn|[from] Grassy Terrain
|-damage|p2a: Slowking|52/100 brn|[from] brn
|upkeep
|turn|37
|
|t:|1760453260
|move|p1a: Arboliva|Earth Power|p2a: Slowking
|-supereffective|p2a: Slowking
|-crit|p2a: Slowking
|-damage|p2a: Slowking|0 fnt
|faint|p2a: Slowking
|
|-heal|p1a: Arboliva|100/100|[from] Grassy Terrain
|upkeep
|
|t:|1760453268
|switch|p2a: Kleavor|Kleavor, F|22/100
|turn|38
|
|t:|1760453274
|move|p2a: Kleavor|Close Combat|p1a: Arboliva
|-supereffective|p1a: Arboliva
|-damage|p1a: Arboliva|10/100
|-unboost|p2a: Kleavor|def|1
|-unboost|p2a: Kleavor|spd|1
|move|p1a: Arboliva|Giga Drain|p2a: Kleavor
|-damage|p2a: Kleavor|0 fnt
|-heal|p1a: Arboliva|20/100|[from] drain|[of] p2a: Kleavor
|faint|p2a: Kleavor
|
|win|KingofGoob
|raw|KingofGoob's rating: 1285 &rarr; <strong>1306</strong><br />(+21 for winning)
|raw|obezer's rating: 1231 &rarr; <strong>1210</strong><br />(-21 for losing)
|l|☆KingofGoob
|player|p1|
|l|☆obezer
|player|p2|
