|j|☆Christendom
|j|☆Obito 2001
|t:|1760307417
|gametype|singles
|player|p1|Christendom|ninjaboy|1593
|player|p2|Obito 2001|blue-gen3two|1588
|gen|9
|tier|[Gen 9] OU
|rated|
|rule|HP Percentage Mod: HP is shown in percentages
|rule|Endless Battle Clause: Forcing endless battles is banned
|rule|Species Clause: Limit one of each Pokémon
|rule|OHKO Clause: OHKO moves are banned
|rule|Evasion Items Clause: Evasion items are banned
|rule|Evasion Moves Clause: Evasion moves are banned
|rule|Evasion Abilities Clause: Evasion abilities are banned
|rule|Sleep Moves Clause: Sleep-inducing moves are banned
|clearpoke
|poke|p1|Raging Bolt|
|poke|p1|Iron Treads|
|poke|p1|Ting-Lu|
|poke|p1|Gholdengo|
|poke|p1|Zamazenta-*|
|poke|p1|Tornadus-Therian, M|
|poke|p2|Ogerpon-Wellspring, F|
|poke|p2|Toxapex, M|
|poke|p2|Gliscor, F|
|poke|p2|Blissey, F|
|poke|p2|Corviknight, F|
|poke|p2|Hoopa-Unbound|
|teampreview
|inactive|Battle timer is ON: inactive players will automatically lose when time's up. (requested by Obito 2001)
|
|t:|1760307429
|teamsize|p1|6
|teamsize|p2|6
|start
|switch|p1a: Iron Treads|Iron Treads|100/100
|switch|p2a: Stall Machine|Toxapex, M|100/100
|-enditem|p1a: Iron Treads|Booster Energy
|-activate|p1a: Iron Treads|ability: Quark Drive|[fromitem]
|-start|p1a: Iron Treads|quarkdrivespe
|turn|1
|
|t:|1760307437
|switch|p2a: 🎭|Ogerpon-Wellspring, F|100/100
|move|p1a: Iron Treads|Earthquake|p2a: 🎭
|-resisted|p2a: 🎭
|-damage|p2a: 🎭|72/100
|
|upkeep
|turn|2
|
|t:|1760307444
|-end|p1a: Iron Treads|Quark Drive|[silent]
|switch|p1a: Raging Bolt|Raging Bolt|100/100
|-enditem|p1a: Raging Bolt|Booster Energy
|-activate|p1a: Raging Bolt|ability: Protosynthesis|[fromitem]
|-start|p1a: Raging Bolt|protosynthesisspa
|move|p2a: 🎭|Ivy Cudgel|p1a: Raging Bolt|[anim] Ivy Cudgel Water
|-resisted|p1a: Raging Bolt
|-damage|p1a: Raging Bolt|75/100
|
|upkeep
|turn|3
|
|t:|1760307450
|move|p2a: 🎭|Play Rough|p1a: Raging Bolt
|-supereffective|p1a: Raging Bolt
|-damage|p1a: Raging Bolt|11/100
|-unboost|p1a: Raging Bolt|atk|1
|move|p1a: Raging Bolt|Thunderbolt|p2a: 🎭
|-damage|p2a: 🎭|0 fnt
|faint|p2a: 🎭
|
|upkeep
|
|t:|1760307456
|switch|p2a: Uber level|Gliscor, F|100/100
|turn|4
|
|t:|1760307473
|move|p2a: Uber level|Earthquake|p1a: Raging Bolt
|-supereffective|p1a: Raging Bolt
|-damage|p1a: Raging Bolt|0 fnt
|faint|p1a: Raging Bolt
|-end|p1a: Raging Bolt|Protosynthesis|[silent]
|
|-status|p2a: Uber level|tox|[from] item: Toxic Orb
|upkeep
|
|t:|1760307476
|switch|p1a: Iron Treads|Iron Treads|100/100
|turn|5
|
|t:|1760307479
|move|p1a: Iron Treads|Ice Spinner|p2a: Uber level
|-supereffective|p2a: Uber level
|-damage|p2a: Uber level|35/100 tox
|move|p2a: Uber level|Earthquake|p1a: Iron Treads
|-supereffective|p1a: Iron Treads
|-damage|p1a: Iron Treads|41/100
|
|-heal|p2a: Uber level|47/100 tox|[from] ability: Poison Heal
|upkeep
|turn|6
|
|t:|1760307488
|move|p2a: Uber level|Protect|p2a: Uber level
|-singleturn|p2a: Uber level|Protect
|move|p1a: Iron Treads|Ice Spinner|p2a: Uber level
|-activate|p2a: Uber level|move: Protect
|
|-heal|p2a: Uber level|60/100 tox|[from] ability: Poison Heal
|upkeep
|turn|7
|
|t:|1760307496
|-end|p1a: Iron Treads|Quark Drive|[silent]
|switch|p1a: Ting-Lu|Ting-Lu|100/100
|-ability|p1a: Ting-Lu|Vessel of Ruin
|switch|p2a: Sting|Corviknight, F, shiny|100/100
|-ability|p2a: Sting|Pressure
|
|upkeep
|turn|8
|
|t:|1760307500
|move|p2a: Sting|U-turn|p1a: Ting-Lu
|-supereffective|p1a: Ting-Lu
|-damage|p1a: Ting-Lu|84/100
|-enditem|p1a: Ting-Lu|Weakness Policy
|-boost|p1a: Ting-Lu|atk|2|[from] item: Weakness Policy
|-boost|p1a: Ting-Lu|spa|2|[from] item: Weakness Policy
|
|t:|1760307506
|switch|p2a: Uber level|Gliscor, F|60/100 tox|[from] U-turn
|move|p1a: Ting-Lu|Stealth Rock|p2a: Uber level
|-sidestart|p2: Obito 2001|move: Stealth Rock
|
|-heal|p2a: Uber level|72/100 tox|[from] ability: Poison Heal
|upkeep
|turn|9
|
|t:|1760307510
|move|p2a: Uber level|Protect|p2a: Uber level
|-singleturn|p2a: Uber level|Protect
|move|p1a: Ting-Lu|Payback|p2a: Uber level
|-activate|p2a: Uber level|move: Protect
|
|-heal|p2a: Uber level|85/100 tox|[from] ability: Poison Heal
|upkeep
|turn|10
|
|t:|1760307512
|switch|p2a: Sting|Corviknight, F, shiny|100/100
|-damage|p2a: Sting|88/100|[from] Stealth Rock
|-ability|p2a: Sting|Pressure
|move|p1a: Ting-Lu|Payback|p2a: Sting
|-damage|p2a: Sting|59/100
|-damage|p1a: Ting-Lu|68/100|[from] item: Rocky Helmet|[of] p2a: Sting
|
|upkeep
|turn|11
|
|t:|1760307516
|switch|p1a: Gholdengo|Gholdengo|100/100
|-item|p1a: Gholdengo|Air Balloon
|move|p2a: Sting|Defog|p1a: Gholdengo
|-immune|p1a: Gholdengo|[from] ability: Good as Gold
|
|upkeep
|turn|12
|
|t:|1760307521
|switch|p2a: Djin of demise|Hoopa-Unbound|100/100
|-damage|p2a: Djin of demise|88/100|[from] Stealth Rock
|move|p1a: Gholdengo|Nasty Plot|p1a: Gholdengo
|-boost|p1a: Gholdengo|spa|2
|
|-heal|p2a: Djin of demise|94/100|[from] item: Leftovers
|upkeep
|turn|13
|
|t:|1760307531
|-terastallize|p1a: Gholdengo|Fairy
|move|p2a: Djin of demise|Knock Off|p1a: Gholdengo
|-resisted|p1a: Gholdengo
|-crit|p1a: Gholdengo
|-damage|p1a: Gholdengo|58/100
|-enditem|p1a: Gholdengo|Air Balloon
|move|p1a: Gholdengo|Make It Rain|p2a: Djin of demise
|-damage|p2a: Djin of demise|0 fnt
|-unboost|p1a: Gholdengo|spa|1
|faint|p2a: Djin of demise
|
|upkeep
|
|t:|1760307545
|switch|p2a: Ruby Chan|Blissey, F|100/100
|-damage|p2a: Ruby Chan|88/100|[from] Stealth Rock
|turn|14
|
|t:|1760307549
|move|p1a: Gholdengo|Recover|p1a: Gholdengo
|-heal|p1a: Gholdengo|100/100
|move|p2a: Ruby Chan|Stealth Rock|p1a: Gholdengo
|-sidestart|p1: Christendom|move: Stealth Rock
|
|-heal|p2a: Ruby Chan|94/100|[from] item: Leftovers
|upkeep
|turn|15
|
|t:|1760307552
|switch|p1a: Ting-Lu|Ting-Lu|68/100
|-damage|p1a: Ting-Lu|61/100|[from] Stealth Rock
|-ability|p1a: Ting-Lu|Vessel of Ruin
|move|p2a: Ruby Chan|Calm Mind|p2a: Ruby Chan
|-boost|p2a: Ruby Chan|spa|1
|-boost|p2a: Ruby Chan|spd|1
|
|-heal|p2a: Ruby Chan|99/100|[from] item: Leftovers
|upkeep
|turn|16
|
|t:|1760307560
|move|p2a: Ruby Chan|Seismic Toss|p1a: Ting-Lu
|-damage|p1a: Ting-Lu|42/100
|move|p1a: Ting-Lu|Ruination|p2a: Ruby Chan
|-damage|p2a: Ruby Chan|50/100
|
|-heal|p2a: Ruby Chan|57/100|[from] item: Leftovers
|upkeep
|turn|17
|
|t:|1760307566
|switch|p2a: Uber level|Gliscor, F|85/100 tox
|-damage|p2a: Uber level|72/100 tox|[from] Stealth Rock
|move|p1a: Ting-Lu|Payback|p2a: Uber level
|-damage|p2a: Uber level|56/100 tox
|
|-heal|p2a: Uber level|68/100 tox|[from] ability: Poison Heal
|upkeep
|turn|18
|
|t:|1760307569
|move|p2a: Uber level|Swords Dance|p2a: Uber level
|-boost|p2a: Uber level|atk|2
|move|p1a: Ting-Lu|Payback|p2a: Uber level
|-damage|p2a: Uber level|38/100 tox
|
|-heal|p2a: Uber level|51/100 tox|[from] ability: Poison Heal
|upkeep
|turn|19
|
|t:|1760307575
|move|p2a: Uber level|Protect|p2a: Uber level
|-singleturn|p2a: Uber level|Protect
|move|p1a: Ting-Lu|Payback|p2a: Uber level
|-activate|p2a: Uber level|move: Protect
|
|-heal|p2a: Uber level|63/100 tox|[from] ability: Poison Heal
|upkeep
|turn|20
|
|t:|1760307578
|move|p2a: Uber level|Earthquake|p1a: Ting-Lu
|-damage|p1a: Ting-Lu|7/100
|move|p1a: Ting-Lu|Payback|p2a: Uber level
|-damage|p2a: Uber level|31/100 tox
|
|-heal|p2a: Uber level|43/100 tox|[from] ability: Poison Heal
|upkeep
|turn|21
|
|t:|1760307582
|move|p2a: Uber level|Protect|p2a: Uber level
|-singleturn|p2a: Uber level|Protect
|move|p1a: Ting-Lu|Payback|p2a: Uber level
|-activate|p2a: Uber level|move: Protect
|
|-heal|p2a: Uber level|56/100 tox|[from] ability: Poison Heal
|upkeep
|turn|22
|
|t:|1760307584
|move|p2a: Uber level|Facade|p1a: Ting-Lu
|-damage|p1a: Ting-Lu|0 fnt
|faint|p1a: Ting-Lu
|
|-heal|p2a: Uber level|68/100 tox|[from] ability: Poison Heal
|upkeep
|
|t:|1760307586
|switch|p1a: Iron Treads|Iron Treads|41/100
|-damage|p1a: Iron Treads|38/100|[from] Stealth Rock
|turn|23
|
|t:|1760307589
|move|p2a: Uber level|Protect|p2a: Uber level
|-singleturn|p2a: Uber level|Protect
|move|p1a: Iron Treads|Ice Spinner|p2a: Uber level
|-activate|p2a: Uber level|move: Protect
|
|-heal|p2a: Uber level|81/100 tox|[from] ability: Poison Heal
|upkeep
|turn|24
|
|t:|1760307592
|switch|p2a: Sting|Corviknight, F, shiny|59/100
|-damage|p2a: Sting|47/100|[from] Stealth Rock
|-ability|p2a: Sting|Pressure
|move|p1a: Iron Treads|Rapid Spin|p2a: Sting
|-resisted|p2a: Sting
|-damage|p2a: Sting|43/100
|-boost|p1a: Iron Treads|spe|1
|-damage|p1a: Iron Treads|22/100|[from] item: Rocky Helmet|[of] p2a: Sting
|-sideend|p1: Christendom|Stealth Rock|[from] move: Rapid Spin|[of] p1a: Iron Treads
|
|upkeep
|turn|25
|
|t:|1760307594
|-end|p1a: Iron Treads|Quark Drive|[silent]
|switch|p1a: Gholdengo|Gholdengo, tera:Fairy|100/100
|move|p2a: Sting|Roost|p2a: Sting
|-heal|p2a: Sting|93/100
|-singleturn|p2a: Sting|move: Roost
|
|upkeep
|turn|26
|
|t:|1760307598
|switch|p2a: Stall Machine|Toxapex, M|100/100
|-damage|p2a: Stall Machine|88/100|[from] Stealth Rock
|move|p1a: Gholdengo|Nasty Plot|p1a: Gholdengo
|-boost|p1a: Gholdengo|spa|2
|
|-heal|p2a: Stall Machine|94/100|[from] item: Leftovers
|upkeep
|turn|27
|
|t:|1760307605
|move|p1a: Gholdengo|Shadow Ball|p2a: Stall Machine
|-damage|p2a: Stall Machine|33/100
|move|p2a: Stall Machine|Toxic Spikes|p1a: Gholdengo
|-sidestart|p1: Christendom|move: Toxic Spikes
|
|-heal|p2a: Stall Machine|39/100|[from] item: Leftovers
|upkeep
|turn|28
|
|t:|1760307609
|switch|p2a: Ruby Chan|Blissey, F|57/100
|-damage|p2a: Ruby Chan|44/100|[from] Stealth Rock
|move|p1a: Gholdengo|Shadow Ball|p2a: Ruby Chan
|-immune|p2a: Ruby Chan
|
|-heal|p2a: Ruby Chan|50/100|[from] item: Leftovers
|upkeep
|turn|29
|
|t:|1760307611
|move|p1a: Gholdengo|Make It Rain|p2a: Ruby Chan
|-damage|p2a: Ruby Chan|17/100
|-unboost|p1a: Gholdengo|spa|1
|move|p2a: Ruby Chan|Soft-Boiled|p2a: Ruby Chan
|-heal|p2a: Ruby Chan|67/100
|
|-heal|p2a: Ruby Chan|73/100|[from] item: Leftovers
|upkeep
|turn|30
|
|t:|1760307615
|switch|p1a: Iron Treads|Iron Treads|22/100
|move|p2a: Ruby Chan|Seismic Toss|p1a: Iron Treads
|-damage|p1a: Iron Treads|0 fnt
|faint|p1a: Iron Treads
|-end|p1a: Iron Treads|Quark Drive|[silent]
|
|-heal|p2a: Ruby Chan|79/100|[from] item: Leftovers
|upkeep
|
|t:|1760307618
|switch|p1a: Tornadus|Tornadus-Therian, M|100/100
|turn|31
|
|t:|1760307620
|move|p1a: Tornadus|Nasty Plot|p1a: Tornadus
|-boost|p1a: Tornadus|spa|2
|move|p2a: Ruby Chan|Calm Mind|p2a: Ruby Chan
|-boost|p2a: Ruby Chan|spa|1
|-boost|p2a: Ruby Chan|spd|1
|
|-heal|p2a: Ruby Chan|86/100|[from] item: Leftovers
|upkeep
|turn|32
|
|t:|1760307622
|move|p1a: Tornadus|Nasty Plot|p1a: Tornadus
|-boost|p1a: Tornadus|spa|2
|move|p2a: Ruby Chan|Calm Mind|p2a: Ruby Chan
|-boost|p2a: Ruby Chan|spa|1
|-boost|p2a: Ruby Chan|spd|1
|
|-heal|p2a: Ruby Chan|92/100|[from] item: Leftovers
|upkeep
|turn|33
|
|t:|1760307624
|move|p1a: Tornadus|Nasty Plot|p1a: Tornadus
|-boost|p1a: Tornadus|spa|2
|move|p2a: Ruby Chan|Calm Mind|p2a: Ruby Chan
|-boost|p2a: Ruby Chan|spa|1
|-boost|p2a: Ruby Chan|spd|1
|
|-heal|p2a: Ruby Chan|98/100|[from] item: Leftovers
|upkeep
|turn|34
|
|t:|1760307626
|move|p1a: Tornadus|Focus Blast|p2a: Ruby Chan
|-supereffective|p2a: Ruby Chan
|-damage|p2a: Ruby Chan|58/100
|-damage|p1a: Tornadus|91/100|[from] item: Life Orb
|move|p2a: Ruby Chan|Calm Mind|p2a: Ruby Chan
|-boost|p2a: Ruby Chan|spa|1
|-boost|p2a: Ruby Chan|spd|1
|
|-heal|p2a: Ruby Chan|64/100|[from] item: Leftovers
|upkeep
|turn|35
|
|t:|1760307630
|move|p1a: Tornadus|Dark Pulse|p2a: Ruby Chan
|-damage|p2a: Ruby Chan|52/100
|-damage|p1a: Tornadus|81/100|[from] item: Life Orb
|move|p2a: Ruby Chan|Soft-Boiled|p2a: Ruby Chan
|-heal|p2a: Ruby Chan|100/100
|
|upkeep
|turn|36
|
|t:|1760307632
|move|p1a: Tornadus|Focus Blast|p2a: Ruby Chan
|-supereffective|p2a: Ruby Chan
|-damage|p2a: Ruby Chan|64/100
|-unboost|p2a: Ruby Chan|spd|1
|-damage|p1a: Tornadus|71/100|[from] item: Life Orb
|move|p2a: Ruby Chan|Calm Mind|p2a: Ruby Chan
|-boost|p2a: Ruby Chan|spa|1
|-boost|p2a: Ruby Chan|spd|1
|
|-heal|p2a: Ruby Chan|70/100|[from] item: Leftovers
|upkeep
|turn|37
|-message|Christendom forfeited.
|
|win|Obito 2001
|raw|Christendom's rating: 1593 &rarr; <strong>1574</strong><br />(-19 for losing)
|raw|Obito 2001's rating: 1609 &rarr; <strong>1628</strong><br />(+19 for winning)
|l|☆Christendom
|player|p1|
