|j|☆jdksosjdoos
|j|☆Des4
|t:|1760387915
|gametype|singles
|player|p1|jdksosjdoos|170|1342
|player|p2|Des4|caitlin|1383
|gen|9
|tier|[Gen 9] OU
|rated|
|rule|HP Percentage Mod: HP is shown in percentages
|rule|Endless Battle Clause: Forcing endless battles is banned
|rule|Species Clause: Limit one of each Pokémon
|rule|OHKO Clause: OHKO moves are banned
|rule|Evasion Items Clause: Evasion items are banned
|rule|Evasion Moves Clause: Evasion moves are banned
|rule|Evasion Abilities Clause: Evasion abilities are banned
|rule|Sleep Moves Clause: Sleep-inducing moves are banned
|clearpoke
|poke|p1|Weezing-Galar, F|
|poke|p1|Salazzle, F|
|poke|p1|Blissey, F|
|poke|p1|Wo-Chien|
|poke|p1|Corviknight, M|
|poke|p1|Gliscor, M|
|poke|p2|Articuno|
|poke|p2|Slowking-Galar, F|
|poke|p2|Iron Treads|
|poke|p2|Primarina, M|
|poke|p2|Mandibuzz, F|
|poke|p2|Dragapult, M|
|teampreview
|inactive|Battle timer is ON: inactive players will automatically lose when time's up. (requested by Des4)
|inactive|Des4 has 120 seconds left.
|
|t:|1760387956
|teamsize|p1|6
|teamsize|p2|6
|start
|switch|p1a: Weezing|Weezing-Galar, F|100/100
|switch|p2a: Articuno|Articuno|100/100
|-ability|p1a: Weezing|Neutralizing Gas
|turn|1
|
|t:|1760387963
|move|p2a: Articuno|Substitute|p2a: Articuno
|-start|p2a: Articuno|Substitute
|-damage|p2a: Articuno|76/100
|move|p1a: Weezing|Toxic||[still]
|-fail|p1a: Weezing
|
|-heal|p2a: Articuno|82/100|[from] item: Leftovers
|upkeep
|turn|2
|
|t:|1760387969
|move|p2a: Articuno|Freeze-Dry|p1a: Weezing
|-damage|p1a: Weezing|61/100
|move|p1a: Weezing|Fire Blast|p2a: Articuno
|-supereffective|p2a: Articuno
|-end|p2a: Articuno|Substitute
|
|-heal|p2a: Articuno|88/100|[from] item: Leftovers
|upkeep
|turn|3
|
|t:|1760387974
|-end|p1a: Weezing|ability: Neutralizing Gas
|-ability|p2a: Articuno|Pressure
|switch|p1a: Blissey|Blissey, F|100/100
|move|p2a: Articuno|Substitute|p2a: Articuno
|-start|p2a: Articuno|Substitute
|-damage|p2a: Articuno|63/100
|
|-heal|p2a: Articuno|69/100|[from] item: Leftovers
|upkeep
|turn|4
|
|t:|1760387980
|move|p2a: Articuno|Freeze-Dry|p1a: Blissey
|-damage|p1a: Blissey|93/100
|move|p1a: Blissey|Stealth Rock|p2a: Articuno
|-sidestart|p2: Des4|move: Stealth Rock
|
|-heal|p2a: Articuno|76/100|[from] item: Leftovers
|-heal|p1a: Blissey|99/100|[from] item: Leftovers
|upkeep
|turn|5
|
|t:|1760387984
|move|p2a: Articuno|Freeze-Dry|p1a: Blissey
|-damage|p1a: Blissey|91/100
|move|p1a: Blissey|Seismic Toss|p2a: Articuno
|-end|p2a: Articuno|Substitute
|
|-heal|p2a: Articuno|82/100|[from] item: Leftovers
|-heal|p1a: Blissey|97/100|[from] item: Leftovers
|upkeep
|turn|6
|
|t:|1760387991
|move|p2a: Articuno|Substitute|p2a: Articuno
|-start|p2a: Articuno|Substitute
|-damage|p2a: Articuno|57/100
|move|p1a: Blissey|Seismic Toss|p2a: Articuno
|-end|p2a: Articuno|Substitute
|
|-heal|p2a: Articuno|63/100|[from] item: Leftovers
|-heal|p1a: Blissey|100/100|[from] item: Leftovers
|upkeep
|turn|7
|
|t:|1760387994
|move|p2a: Articuno|Roost|p2a: Articuno
|-heal|p2a: Articuno|100/100
|-singleturn|p2a: Articuno|move: Roost
|move|p1a: Blissey|Seismic Toss|p2a: Articuno
|-damage|p2a: Articuno|69/100
|
|-heal|p2a: Articuno|76/100|[from] item: Leftovers
|upkeep
|turn|8
|
|t:|1760387999
|switch|p2a: Iron Treads|Iron Treads|100/100
|-damage|p2a: Iron Treads|97/100|[from] Stealth Rock
|move|p1a: Blissey|Seismic Toss|p2a: Iron Treads
|-damage|p2a: Iron Treads|66/100
|
|-heal|p2a: Iron Treads|72/100|[from] item: Leftovers
|upkeep
|turn|9
|
|t:|1760388011
|switch|p1a: Gliscor|Gliscor, M|100/100
|move|p2a: Iron Treads|Knock Off|p1a: Gliscor
|-damage|p1a: Gliscor|83/100
|-enditem|p1a: Gliscor|Toxic Orb|[from] move: Knock Off|[of] p2a: Iron Treads
|
|-heal|p2a: Iron Treads|79/100|[from] item: Leftovers
|upkeep
|turn|10
|
|t:|1760388023
|move|p2a: Iron Treads|Rapid Spin|p1a: Gliscor
|-damage|p1a: Gliscor|73/100
|-boost|p2a: Iron Treads|spe|1
|-sideend|p2: Des4|Stealth Rock|[from] move: Rapid Spin|[of] p2a: Iron Treads
|move|p1a: Gliscor|Toxic Spikes|p2a: Iron Treads
|-sidestart|p2: Des4|move: Toxic Spikes
|
|-heal|p2a: Iron Treads|85/100|[from] item: Leftovers
|upkeep
|turn|11
|
|t:|1760388027
|move|p2a: Iron Treads|Stealth Rock|p1a: Gliscor
|-sidestart|p1: jdksosjdoos|move: Stealth Rock
|move|p1a: Gliscor|Earthquake|p2a: Iron Treads
|-supereffective|p2a: Iron Treads
|-damage|p2a: Iron Treads|23/100
|
|-heal|p2a: Iron Treads|29/100|[from] item: Leftovers
|upkeep
|turn|12
|
|t:|1760388031
|-end|p2a: Iron Treads|Quark Drive|[silent]
|switch|p2a: Slowking|Slowking-Galar, F|100/100
|-sideend|p2: Des4|move: Toxic Spikes|[of] p2a: Slowking
|move|p1a: Gliscor|Earthquake|p2a: Slowking
|-supereffective|p2a: Slowking
|-damage|p2a: Slowking|32/100
|
|upkeep
|turn|13
|
|t:|1760388034
|switch|p2a: Dragapult|Dragapult, M|100/100
|move|p1a: Gliscor|Earthquake|p2a: Dragapult
|-damage|p2a: Dragapult|48/100
|
|upkeep
|turn|14
|
|t:|1760388037
|move|p2a: Dragapult|Will-O-Wisp|p1a: Gliscor
|-status|p1a: Gliscor|brn
|move|p1a: Gliscor|Earthquake|p2a: Dragapult
|-damage|p2a: Dragapult|22/100
|
|-damage|p1a: Gliscor|67/100 brn|[from] brn
|upkeep
|turn|15
|
|t:|1760388043
|move|p2a: Dragapult|Hex|p1a: Gliscor
|-damage|p1a: Gliscor|7/100 brn
|move|p1a: Gliscor|Knock Off|p2a: Dragapult
|-supereffective|p2a: Dragapult
|-damage|p2a: Dragapult|0 fnt
|-enditem|p2a: Dragapult|Spell Tag|[from] move: Knock Off|[of] p1a: Gliscor
|faint|p2a: Dragapult
|
|-damage|p1a: Gliscor|0 fnt|[from] brn
|faint|p1a: Gliscor
|upkeep
|
|t:|1760388051
|switch|p2a: Slowking|Slowking-Galar, F|65/100
|switch|p1a: Corviknight|Corviknight, M|100/100
|-damage|p1a: Corviknight|88/100|[from] Stealth Rock
|-ability|p1a: Corviknight|Pressure
|turn|16
|
|t:|1760388055
|move|p1a: Corviknight|Defog|p2a: Slowking
|-unboost|p2a: Slowking|evasion|1
|-sideend|p1: jdksosjdoos|Stealth Rock|[from] move: Defog|[of] p1a: Corviknight
|move|p2a: Slowking|Thunder Wave|p1a: Corviknight
|-status|p1a: Corviknight|par
|
|upkeep
|turn|17
|
|t:|1760388063
|switch|p1a: Blissey|Blissey, F|100/100
|move|p2a: Slowking|Future Sight|p1a: Blissey
|-start|p2a: Slowking|move: Future Sight
|
|upkeep
|turn|18
|
|t:|1760388070
|move|p1a: Blissey|Seismic Toss|p2a: Slowking
|-damage|p2a: Slowking|40/100
|-prepare|p2a: Slowking|Chilly Reception|[premajor]
|move|p2a: Slowking|Chilly Reception|p2a: Slowking
|-weather|Snowscape
|
|t:|1760388074
|switch|p2a: Iron Treads|Iron Treads|29/100|[from] Chilly Reception
|
|-weather|Snowscape|[upkeep]
|-heal|p2a: Iron Treads|35/100|[from] item: Leftovers
|upkeep
|turn|19
|
|t:|1760388078
|switch|p1a: Wo-Chien|Wo-Chien|100/100
|-ability|p1a: Wo-Chien|Tablets of Ruin
|move|p2a: Iron Treads|Knock Off|p1a: Wo-Chien
|-resisted|p1a: Wo-Chien
|-damage|p1a: Wo-Chien|93/100
|-enditem|p1a: Wo-Chien|Leftovers|[from] move: Knock Off|[of] p2a: Iron Treads
|
|-weather|Snowscape|[upkeep]
|-end|p1a: Wo-Chien|move: Future Sight
|-immune|p1a: Wo-Chien
|-heal|p2a: Iron Treads|41/100|[from] item: Leftovers
|upkeep
|turn|20
|
|t:|1760388088
|-end|p2a: Iron Treads|Quark Drive|[silent]
|switch|p2a: Slowking|Slowking-Galar, F|73/100
|move|p1a: Wo-Chien|Foul Play|p2a: Slowking
|-supereffective|p2a: Slowking
|-damage|p2a: Slowking|35/100
|
|-weather|Snowscape|[upkeep]
|upkeep
|turn|21
|
|t:|1760388098
|switch|p2a: Articuno|Articuno|76/100
|-ability|p2a: Articuno|Pressure
|move|p1a: Wo-Chien|Foul Play|p2a: Articuno
|-damage|p2a: Articuno|59/100
|
|-weather|Snowscape|[upkeep]
|-heal|p2a: Articuno|65/100|[from] item: Leftovers
|upkeep
|turn|22
|
|t:|1760388105
|switch|p1a: Blissey|Blissey, F|100/100
|move|p2a: Articuno|Substitute|p2a: Articuno
|-start|p2a: Articuno|Substitute
|-damage|p2a: Articuno|40/100
|
|-weather|none
|-heal|p2a: Articuno|46/100|[from] item: Leftovers
|upkeep
|turn|23
|
|t:|1760388108
|move|p2a: Articuno|Freeze-Dry|p1a: Blissey
|-damage|p1a: Blissey|93/100
|-status|p1a: Blissey|frz
|-curestatus|p1a: Blissey|frz|[msg]
|move|p1a: Blissey|Stealth Rock|p2a: Articuno
|-sidestart|p2: Des4|move: Stealth Rock
|
|-heal|p2a: Articuno|53/100|[from] item: Leftovers
|-heal|p1a: Blissey|99/100|[from] item: Leftovers
|upkeep
|turn|24
|
|t:|1760388116
|move|p2a: Articuno|Freeze-Dry|p1a: Blissey
|-damage|p1a: Blissey|90/100
|move|p1a: Blissey|Seismic Toss|p2a: Articuno
|-end|p2a: Articuno|Substitute
|
|-heal|p2a: Articuno|59/100|[from] item: Leftovers
|-heal|p1a: Blissey|96/100|[from] item: Leftovers
|upkeep
|turn|25
|
|t:|1760388119
|move|p2a: Articuno|Roost|p2a: Articuno
|-heal|p2a: Articuno|100/100
|-singleturn|p2a: Articuno|move: Roost
|move|p1a: Blissey|Seismic Toss|p2a: Articuno
|-damage|p2a: Articuno|69/100
|
|-heal|p2a: Articuno|76/100|[from] item: Leftovers
|-heal|p1a: Blissey|100/100|[from] item: Leftovers
|upkeep
|turn|26
|
|t:|1760388122
|move|p2a: Articuno|Substitute|p2a: Articuno
|-start|p2a: Articuno|Substitute
|-damage|p2a: Articuno|51/100
|move|p1a: Blissey|Heal Bell|p1a: Blissey
|-activate|p1a: Blissey|move: Heal Bell
|-curestatus|p1: Corviknight|par|[msg]
|
|-heal|p2a: Articuno|57/100|[from] item: Leftovers
|upkeep
|turn|27
|
|t:|1760388128
|move|p2a: Articuno|Freeze-Dry|p1a: Blissey
|-damage|p1a: Blissey|92/100
|move|p1a: Blissey|Seismic Toss|p2a: Articuno
|-end|p2a: Articuno|Substitute
|
|-heal|p2a: Articuno|63/100|[from] item: Leftovers
|-heal|p1a: Blissey|99/100|[from] item: Leftovers
|upkeep
|turn|28
|
|t:|1760388132
|move|p2a: Articuno|Substitute|p2a: Articuno
|-start|p2a: Articuno|Substitute
|-damage|p2a: Articuno|38/100
|move|p1a: Blissey|Seismic Toss|p2a: Articuno
|-end|p2a: Articuno|Substitute
|
|-heal|p2a: Articuno|45/100|[from] item: Leftovers
|-heal|p1a: Blissey|100/100|[from] item: Leftovers
|upkeep
|turn|29
|
|t:|1760388134
|move|p2a: Articuno|Roost|p2a: Articuno
|-heal|p2a: Articuno|95/100
|-singleturn|p2a: Articuno|move: Roost
|move|p1a: Blissey|Seismic Toss|p2a: Articuno
|-damage|p2a: Articuno|64/100
|
|-heal|p2a: Articuno|70/100|[from] item: Leftovers
|upkeep
|turn|30
|
|t:|1760388140
|switch|p2a: Mandibuzz|Mandibuzz, F|100/100
|move|p1a: Blissey|Seismic Toss|p2a: Mandibuzz
|-damage|p2a: Mandibuzz|77/100
|
|upkeep
|turn|31
|
|t:|1760388153
|switch|p1a: Weezing|Weezing-Galar, F|61/100
|-ability|p1a: Weezing|Neutralizing Gas
|move|p2a: Mandibuzz|Defog|p1a: Weezing
|-unboost|p1a: Weezing|evasion|1
|-sideend|p2: Des4|Stealth Rock|[from] move: Defog|[of] p2a: Mandibuzz
|
|upkeep
|turn|32
|
|t:|1760388158
|switch|p2a: Primarina|Primarina, M|100/100
|move|p1a: Weezing|Fire Blast|p2a: Primarina
|-resisted|p2a: Primarina
|-crit|p2a: Primarina
|-damage|p2a: Primarina|85/100
|
|upkeep
|turn|33
|
|t:|1760388168
|-end|p1a: Weezing|ability: Neutralizing Gas
|switch|p1a: Blissey|Blissey, F|100/100
|move|p2a: Primarina|Flip Turn|p1a: Blissey
|-damage|p1a: Blissey|70/100
|
|t:|1760388174
|switch|p2a: Iron Treads|Iron Treads|41/100|[from] Flip Turn
|
|-heal|p2a: Iron Treads|48/100|[from] item: Leftovers
|-heal|p1a: Blissey|76/100|[from] item: Leftovers
|upkeep
|turn|34
|
|t:|1760388200
|switch|p1a: Wo-Chien|Wo-Chien|93/100
|-ability|p1a: Wo-Chien|Tablets of Ruin
|move|p2a: Iron Treads|Knock Off|p1a: Wo-Chien
|-resisted|p1a: Wo-Chien
|-damage|p1a: Wo-Chien|87/100
|
|-heal|p2a: Iron Treads|54/100|[from] item: Leftovers
|upkeep
|turn|35
|
|t:|1760388205
|-end|p2a: Iron Treads|Quark Drive|[silent]
|switch|p2a: Primarina|Primarina, M|85/100
|move|p1a: Wo-Chien|Foul Play|p2a: Primarina
|-resisted|p2a: Primarina
|-damage|p2a: Primarina|70/100
|
|upkeep
|turn|36
|
|t:|1760388210
|move|p2a: Primarina|Flip Turn|p1a: Wo-Chien
|-resisted|p1a: Wo-Chien
|-damage|p1a: Wo-Chien|83/100
|
|t:|1760388213
|switch|p2a: Articuno|Articuno|70/100|[from] Flip Turn
|-ability|p2a: Articuno|Pressure
|move|p1a: Wo-Chien|Leech Seed|p2a: Articuno
|-start|p2a: Articuno|move: Leech Seed
|
|-heal|p2a: Articuno|76/100|[from] item: Leftovers
|-damage|p2a: Articuno|64/100|[from] Leech Seed|[of] p1a: Wo-Chien
|-heal|p1a: Wo-Chien|94/100|[silent]
|upkeep
|turn|37
|
|t:|1760388217
|switch|p2a: Slowking|Slowking-Galar, F|68/100
|switch|p1a: Blissey|Blissey, F|76/100
|
|-heal|p1a: Blissey|82/100|[from] item: Leftovers
|upkeep
|turn|38
|
|t:|1760388221
|move|p1a: Blissey|Stealth Rock|p2a: Slowking
|-sidestart|p2: Des4|move: Stealth Rock
|-prepare|p2a: Slowking|Chilly Reception|[premajor]
|move|p2a: Slowking|Chilly Reception|p2a: Slowking
|-weather|Snowscape
|
|t:|1760388223
|switch|p2a: Iron Treads|Iron Treads|54/100|[from] Chilly Reception
|-damage|p2a: Iron Treads|51/100|[from] Stealth Rock
|
|-weather|Snowscape|[upkeep]
|-heal|p2a: Iron Treads|57/100|[from] item: Leftovers
|-heal|p1a: Blissey|89/100|[from] item: Leftovers
|upkeep
|turn|39
|
|t:|1760388227
|switch|p1a: Wo-Chien|Wo-Chien|94/100
|-ability|p1a: Wo-Chien|Tablets of Ruin
|move|p2a: Iron Treads|Rapid Spin|p1a: Wo-Chien
|-damage|p1a: Wo-Chien|86/100
|-boost|p2a: Iron Treads|spe|1
|-sideend|p2: Des4|Stealth Rock|[from] move: Rapid Spin|[of] p2a: Iron Treads
|
|-weather|Snowscape|[upkeep]
|-heal|p2a: Iron Treads|63/100|[from] item: Leftovers
|upkeep
|turn|40
|
|t:|1760388233
|move|p2a: Iron Treads|Stealth Rock|p1a: Wo-Chien
|-sidestart|p1: jdksosjdoos|move: Stealth Rock
|move|p1a: Wo-Chien|Foul Play|p2a: Iron Treads
|-damage|p2a: Iron Treads|24/100
|
|-weather|Snowscape|[upkeep]
|-heal|p2a: Iron Treads|30/100|[from] item: Leftovers
|upkeep
|turn|41
|
|t:|1760388237
|-end|p2a: Iron Treads|Quark Drive|[silent]
|switch|p2a: Articuno|Articuno|64/100
|-ability|p2a: Articuno|Pressure
|move|p1a: Wo-Chien|Foul Play|p2a: Articuno
|-damage|p2a: Articuno|46/100
|
|-weather|Snowscape|[upkeep]
|-heal|p2a: Articuno|52/100|[from] item: Leftovers
|upkeep
|turn|42
|
|t:|1760388239
|switch|p1a: Blissey|Blissey, F|89/100
|-damage|p1a: Blissey|76/100|[from] Stealth Rock
|move|p2a: Articuno|Substitute|p2a: Articuno
|-start|p2a: Articuno|Substitute
|-damage|p2a: Articuno|27/100
|
|-weather|none
|-heal|p2a: Articuno|33/100|[from] item: Leftovers
|-heal|p1a: Blissey|82/100|[from] item: Leftovers
|upkeep
|turn|43
|
|t:|1760388243
|move|p2a: Articuno|Roost|p2a: Articuno
|-heal|p2a: Articuno|83/100
|-singleturn|p2a: Articuno|move: Roost
|move|p1a: Blissey|Seismic Toss|p2a: Articuno
|-end|p2a: Articuno|Substitute
|
|-heal|p2a: Articuno|89/100|[from] item: Leftovers
|-heal|p1a: Blissey|88/100|[from] item: Leftovers
|upkeep
|turn|44
|
|t:|1760388248
|switch|p2a: Slowking|Slowking-Galar, F|100/100
|move|p1a: Blissey|Stealth Rock|p2a: Slowking
|-sidestart|p2: Des4|move: Stealth Rock
|
|-heal|p1a: Blissey|95/100|[from] item: Leftovers
|upkeep
|turn|45
|
|t:|1760388256
|switch|p1a: Salazzle|Salazzle, F|100/100
|-damage|p1a: Salazzle|76/100|[from] Stealth Rock
|move|p2a: Slowking|Future Sight|p1a: Salazzle
|-start|p2a: Slowking|move: Future Sight
|
|-heal|p1a: Salazzle|82/100|[from] item: Leftovers
|upkeep
|turn|46
|
|t:|1760388261
|move|p1a: Salazzle|Toxic|p2a: Slowking
|-status|p2a: Slowking|tox
|move|p2a: Slowking|Thunder Wave|p1a: Salazzle|[miss]
|-miss|p2a: Slowking|p1a: Salazzle
|
|-heal|p1a: Salazzle|88/100|[from] item: Leftovers
|-damage|p2a: Slowking|94/100 tox|[from] psn
|upkeep
|turn|47
|
|t:|1760388266
|switch|p1a: Blissey|Blissey, F|95/100
|-damage|p1a: Blissey|82/100|[from] Stealth Rock
|-prepare|p2a: Slowking|Chilly Reception|[premajor]
|move|p2a: Slowking|Chilly Reception|p2a: Slowking
|-weather|Snowscape
|
|t:|1760388270
|switch|p2a: Iron Treads|Iron Treads|30/100|[from] Chilly Reception
|-damage|p2a: Iron Treads|27/100|[from] Stealth Rock
|
|-weather|Snowscape|[upkeep]
|-end|p1a: Blissey|move: Future Sight
|-damage|p1a: Blissey|69/100
|-heal|p2a: Iron Treads|33/100|[from] item: Leftovers
|-heal|p1a: Blissey|75/100|[from] item: Leftovers
|upkeep
|turn|48
|
|t:|1760388277
|switch|p1a: Wo-Chien|Wo-Chien|86/100
|-damage|p1a: Wo-Chien|73/100|[from] Stealth Rock
|-ability|p1a: Wo-Chien|Tablets of Ruin
|-terastallize|p2a: Iron Treads|Ghost
|move|p2a: Iron Treads|Knock Off|p1a: Wo-Chien
|-resisted|p1a: Wo-Chien
|-damage|p1a: Wo-Chien|68/100
|
|-weather|Snowscape|[upkeep]
|-heal|p2a: Iron Treads|39/100|[from] item: Leftovers
|upkeep
|turn|49
|
|t:|1760388285
|-end|p2a: Iron Treads|Quark Drive|[silent]
|switch|p2a: Articuno|Articuno|89/100
|-damage|p2a: Articuno|39/100|[from] Stealth Rock
|-ability|p2a: Articuno|Pressure
|move|p1a: Wo-Chien|Foul Play|p2a: Articuno
|-damage|p2a: Articuno|23/100
|
|-weather|Snowscape|[upkeep]
|-heal|p2a: Articuno|29/100|[from] item: Leftovers
|upkeep
|turn|50
|
|t:|1760388293
|switch|p1a: Blissey|Blissey, F|75/100
|-damage|p1a: Blissey|63/100|[from] Stealth Rock
|move|p2a: Articuno|Substitute|p2a: Articuno
|-start|p2a: Articuno|Substitute
|-damage|p2a: Articuno|4/100
|
|-weather|Snowscape|[upkeep]
|-heal|p2a: Articuno|10/100|[from] item: Leftovers
|-heal|p1a: Blissey|69/100|[from] item: Leftovers
|upkeep
|turn|51
|
|t:|1760388299
|move|p2a: Articuno|Roost|p2a: Articuno
|-heal|p2a: Articuno|60/100
|-singleturn|p2a: Articuno|move: Roost
|move|p1a: Blissey|Seismic Toss|p2a: Articuno
|-end|p2a: Articuno|Substitute
|
|-weather|none
|-heal|p2a: Articuno|66/100|[from] item: Leftovers
|-heal|p1a: Blissey|75/100|[from] item: Leftovers
|upkeep
|turn|52
|
|t:|1760388313
|move|p2a: Articuno|Tera Blast|p1a: Blissey
|-damage|p1a: Blissey|69/100
|move|p1a: Blissey|Seismic Toss|p2a: Articuno
|-damage|p2a: Articuno|35/100
|
|-heal|p2a: Articuno|41/100|[from] item: Leftovers
|-heal|p1a: Blissey|75/100|[from] item: Leftovers
|upkeep
|turn|53
|
|t:|1760388316
|move|p2a: Articuno|Roost|p2a: Articuno
|-heal|p2a: Articuno|91/100
|-singleturn|p2a: Articuno|move: Roost
|move|p1a: Blissey|Seismic Toss|p2a: Articuno
|-damage|p2a: Articuno|60/100
|
|-heal|p2a: Articuno|67/100|[from] item: Leftovers
|-heal|p1a: Blissey|81/100|[from] item: Leftovers
|upkeep
|turn|54
|
|t:|1760388319
|switch|p2a: Iron Treads|Iron Treads, tera:Ghost|39/100
|-damage|p2a: Iron Treads|27/100|[from] Stealth Rock
|move|p1a: Blissey|Seismic Toss|p2a: Iron Treads
|-immune|p2a: Iron Treads
|
|-heal|p2a: Iron Treads|33/100|[from] item: Leftovers
|-heal|p1a: Blissey|88/100|[from] item: Leftovers
|upkeep
|turn|55
|
|t:|1760388329
|switch|p1a: Corviknight|Corviknight, M|88/100
|-damage|p1a: Corviknight|76/100|[from] Stealth Rock
|-ability|p1a: Corviknight|Pressure
|move|p2a: Iron Treads|Rapid Spin|p1a: Corviknight
|-resisted|p1a: Corviknight
|-damage|p1a: Corviknight|71/100
|-boost|p2a: Iron Treads|spe|1
|-damage|p2a: Iron Treads|16/100|[from] item: Rocky Helmet|[of] p1a: Corviknight
|-sideend|p2: Des4|Stealth Rock|[from] move: Rapid Spin|[of] p2a: Iron Treads
|
|-heal|p2a: Iron Treads|23/100|[from] item: Leftovers
|upkeep
|turn|56
|
|t:|1760388340
|move|p2a: Iron Treads|Knock Off|p1a: Corviknight
|-damage|p1a: Corviknight|52/100
|-damage|p2a: Iron Treads|6/100|[from] item: Rocky Helmet|[of] p1a: Corviknight
|-enditem|p1a: Corviknight|Rocky Helmet|[from] move: Knock Off|[of] p2a: Iron Treads
|move|p1a: Corviknight|U-turn|p2a: Iron Treads
|-resisted|p2a: Iron Treads
|-damage|p2a: Iron Treads|0 fnt
|faint|p2a: Iron Treads
|-end|p2a: Iron Treads|Quark Drive|[silent]
|
|t:|1760388349
|switch|p1a: Blissey|Blissey, F|88/100|[from] U-turn
|-damage|p1a: Blissey|75/100|[from] Stealth Rock
|
|-heal|p1a: Blissey|81/100|[from] item: Leftovers
|upkeep
|
|t:|1760388361
|switch|p2a: Articuno|Articuno|67/100
|-ability|p2a: Articuno|Pressure
|turn|57
|
|t:|1760388365
|move|p2a: Articuno|Substitute|p2a: Articuno
|-start|p2a: Articuno|Substitute
|-damage|p2a: Articuno|42/100
|move|p1a: Blissey|Stealth Rock|p2a: Articuno
|-sidestart|p2: Des4|move: Stealth Rock
|
|-heal|p2a: Articuno|48/100|[from] item: Leftovers
|-heal|p1a: Blissey|87/100|[from] item: Leftovers
|upkeep
|turn|58
|
|t:|1760388367
|move|p2a: Articuno|Tera Blast|p1a: Blissey
|-damage|p1a: Blissey|81/100
|move|p1a: Blissey|Seismic Toss|p2a: Articuno
|-end|p2a: Articuno|Substitute
|
|-heal|p2a: Articuno|54/100|[from] item: Leftovers
|-heal|p1a: Blissey|87/100|[from] item: Leftovers
|upkeep
|turn|59
|
|t:|1760388372
|move|p2a: Articuno|Roost|p2a: Articuno
|-heal|p2a: Articuno|100/100
|-singleturn|p2a: Articuno|move: Roost
|move|p1a: Blissey|Seismic Toss|p2a: Articuno
|-damage|p2a: Articuno|69/100
|
|-heal|p2a: Articuno|76/100|[from] item: Leftovers
|-heal|p1a: Blissey|93/100|[from] item: Leftovers
|upkeep
|turn|60
|
|t:|1760388385
|move|p2a: Articuno|Substitute|p2a: Articuno
|-start|p2a: Articuno|Substitute
|-damage|p2a: Articuno|51/100
|move|p1a: Blissey|Soft-Boiled|p1a: Blissey
|-heal|p1a: Blissey|100/100
|
|-heal|p2a: Articuno|57/100|[from] item: Leftovers
|upkeep
|turn|61
|
|t:|1760388393
|move|p2a: Articuno|Freeze-Dry|p1a: Blissey
|-damage|p1a: Blissey|92/100
|move|p1a: Blissey|Stealth Rock||[still]
|-fail|p1a: Blissey
|
|-heal|p2a: Articuno|63/100|[from] item: Leftovers
|-heal|p1a: Blissey|99/100|[from] item: Leftovers
|upkeep
|turn|62
|
|t:|1760388400
|move|p2a: Articuno|Tera Blast|p1a: Blissey
|-damage|p1a: Blissey|92/100
|move|p1a: Blissey|Stealth Rock||[still]
|-fail|p1a: Blissey
|
|-heal|p2a: Articuno|69/100|[from] item: Leftovers
|-heal|p1a: Blissey|98/100|[from] item: Leftovers
|upkeep
|turn|63
|
|t:|1760388408
|move|p2a: Articuno|Tera Blast|p1a: Blissey
|-damage|p1a: Blissey|92/100
|move|p1a: Blissey|Stealth Rock||[still]
|-fail|p1a: Blissey
|
|-heal|p2a: Articuno|76/100|[from] item: Leftovers
|-heal|p1a: Blissey|98/100|[from] item: Leftovers
|upkeep
|turn|64
|
|t:|1760388421
|switch|p1a: Corviknight|Corviknight, M|52/100
|-damage|p1a: Corviknight|40/100|[from] Stealth Rock
|-ability|p1a: Corviknight|Pressure
|move|p2a: Articuno|Tera Blast|p1a: Corviknight
|-resisted|p1a: Corviknight
|-damage|p1a: Corviknight|29/100
|
|-heal|p2a: Articuno|82/100|[from] item: Leftovers
|upkeep
|turn|65
|
|t:|1760388428
|move|p2a: Articuno|Freeze-Dry|p1a: Corviknight
|-damage|p1a: Corviknight|1/100
|-status|p1a: Corviknight|frz
|cant|p1a: Corviknight|frz
|
|-heal|p2a: Articuno|88/100|[from] item: Leftovers
|upkeep
|turn|66
|
|t:|1760388432
|move|p2a: Articuno|Tera Blast|p1a: Corviknight
|-resisted|p1a: Corviknight
|-damage|p1a: Corviknight|0 fnt
|faint|p1a: Corviknight
|
|-heal|p2a: Articuno|94/100|[from] item: Leftovers
|upkeep
|
|t:|1760388440
|switch|p1a: Salazzle|Salazzle, F|88/100
|-damage|p1a: Salazzle|63/100|[from] Stealth Rock
|turn|67
|
|t:|1760388446
|move|p1a: Salazzle|Overheat|p2a: Articuno
|-supereffective|p2a: Articuno
|-end|p2a: Articuno|Substitute
|-unboost|p1a: Salazzle|spa|2
|move|p2a: Articuno|Tera Blast|p1a: Salazzle
|-damage|p1a: Salazzle|29/100
|
|-heal|p1a: Salazzle|35/100|[from] item: Leftovers
|-heal|p2a: Articuno|100/100|[from] item: Leftovers
|upkeep
|turn|68
|
|t:|1760388456
|switch|p2a: Primarina|Primarina, M|70/100
|-damage|p2a: Primarina|57/100|[from] Stealth Rock
|move|p1a: Salazzle|Toxic|p2a: Primarina
|-status|p2a: Primarina|tox
|
|-heal|p1a: Salazzle|41/100|[from] item: Leftovers
|-damage|p2a: Primarina|51/100 tox|[from] psn
|upkeep
|turn|69
|
|t:|1760388459
|move|p1a: Salazzle|Substitute|p1a: Salazzle
|-start|p1a: Salazzle|Substitute
|-damage|p1a: Salazzle|16/100
|move|p2a: Primarina|Flip Turn|p1a: Salazzle
|-supereffective|p1a: Salazzle
|-end|p1a: Salazzle|Substitute
|
|t:|1760388462
|switch|p2a: Slowking|Slowking-Galar, F|100/100 tox|[from] Flip Turn
|
|-heal|p1a: Salazzle|22/100|[from] item: Leftovers
|-damage|p2a: Slowking|94/100 tox|[from] psn
|upkeep
|turn|70
|
|t:|1760388467
|move|p1a: Salazzle|Taunt|p2a: Slowking
|-start|p2a: Slowking|move: Taunt
|move|p2a: Slowking|Future Sight|p1a: Salazzle
|-start|p2a: Slowking|move: Future Sight
|
|-heal|p1a: Salazzle|29/100|[from] item: Leftovers
|-damage|p2a: Slowking|82/100 tox|[from] psn
|upkeep
|turn|71
|
|t:|1760388477
|move|p1a: Salazzle|Toxic|p2a: Slowking
|-fail|p2a: Slowking|tox
|move|p2a: Slowking|Sludge Bomb|p1a: Salazzle
|-resisted|p1a: Salazzle
|-damage|p1a: Salazzle|1/100
|
|-heal|p1a: Salazzle|8/100|[from] item: Leftovers
|-damage|p2a: Slowking|64/100 tox|[from] psn
|upkeep
|turn|72
|
|t:|1760388484
|switch|p1a: Blissey|Blissey, F|98/100
|-damage|p1a: Blissey|86/100|[from] Stealth Rock
|move|p2a: Slowking|Sludge Bomb|p1a: Blissey
|-damage|p1a: Blissey|76/100
|
|-end|p1a: Blissey|move: Future Sight
|-damage|p1a: Blissey|63/100
|-heal|p1a: Blissey|69/100|[from] item: Leftovers
|-damage|p2a: Slowking|40/100 tox|[from] psn
|-end|p2a: Slowking|move: Taunt
|upkeep
|turn|73
|
|t:|1760388489
|move|p1a: Blissey|Soft-Boiled|p1a: Blissey
|-heal|p1a: Blissey|100/100
|-prepare|p2a: Slowking|Chilly Reception|[premajor]
|move|p2a: Slowking|Chilly Reception|p2a: Slowking
|-weather|Snowscape
|
|t:|1760388497
|switch|p2a: Mandibuzz|Mandibuzz, F|77/100|[from] Chilly Reception
|
|-weather|Snowscape|[upkeep]
|upkeep
|turn|74
|
|t:|1760388504
|move|p2a: Mandibuzz|Foul Play|p1a: Blissey
|-crit|p1a: Blissey
|-damage|p1a: Blissey|91/100
|move|p1a: Blissey|Stealth Rock||[still]
|-fail|p1a: Blissey
|
|-weather|Snowscape|[upkeep]
|-heal|p1a: Blissey|97/100|[from] item: Leftovers
|upkeep
|turn|75
|
|t:|1760388510
|switch|p2a: Articuno|Articuno|100/100
|-damage|p2a: Articuno|50/100|[from] Stealth Rock
|-ability|p2a: Articuno|Pressure
|switch|p1a: Wo-Chien|Wo-Chien|68/100
|-damage|p1a: Wo-Chien|56/100|[from] Stealth Rock
|-ability|p1a: Wo-Chien|Tablets of Ruin
|
|-weather|Snowscape|[upkeep]
|-heal|p2a: Articuno|57/100|[from] item: Leftovers
|upkeep
|turn|76
|
|t:|1760388517
|move|p2a: Articuno|Substitute|p2a: Articuno
|-start|p2a: Articuno|Substitute
|-damage|p2a: Articuno|32/100
|move|p1a: Wo-Chien|Leech Seed|p2a: Articuno|[miss]
|-miss|p1a: Wo-Chien|p2a: Articuno
|
|-weather|Snowscape|[upkeep]
|-heal|p2a: Articuno|38/100|[from] item: Leftovers
|upkeep
|turn|77
|
|t:|1760388521
|switch|p1a: Blissey|Blissey, F|97/100
|-damage|p1a: Blissey|85/100|[from] Stealth Rock
|move|p2a: Articuno|Freeze-Dry|p1a: Blissey
|-damage|p1a: Blissey|76/100
|
|-weather|none
|-heal|p2a: Articuno|44/100|[from] item: Leftovers
|-heal|p1a: Blissey|82/100|[from] item: Leftovers
|upkeep
|turn|78
|
|t:|1760388540
|switch|p1a: Weezing|Weezing-Galar, F|61/100
|-ability|p1a: Weezing|Neutralizing Gas
|move|p2a: Articuno|Tera Blast|p1a: Weezing
|-damage|p1a: Weezing|30/100
|
|-heal|p2a: Articuno|50/100|[from] item: Leftovers
|upkeep
|turn|79
|
|t:|1760388549
|-end|p1a: Weezing|ability: Neutralizing Gas
|-ability|p2a: Articuno|Pressure
|switch|p1a: Blissey|Blissey, F|82/100
|-damage|p1a: Blissey|70/100|[from] Stealth Rock
|move|p2a: Articuno|Tera Blast|p1a: Blissey
|-damage|p1a: Blissey|64/100
|
|-heal|p2a: Articuno|57/100|[from] item: Leftovers
|-heal|p1a: Blissey|70/100|[from] item: Leftovers
|upkeep
|turn|80
|
|t:|1760388557
|move|p2a: Articuno|Tera Blast|p1a: Blissey
|-damage|p1a: Blissey|64/100
|move|p1a: Blissey|Stealth Rock||[still]
|-fail|p1a: Blissey
|
|-heal|p2a: Articuno|63/100|[from] item: Leftovers
|-heal|p1a: Blissey|70/100|[from] item: Leftovers
|upkeep
|turn|81
|
|t:|1760388563
|move|p2a: Articuno|Freeze-Dry|p1a: Blissey
|-damage|p1a: Blissey|62/100
|move|p1a: Blissey|Stealth Rock||[still]
|-fail|p1a: Blissey
|
|-heal|p2a: Articuno|69/100|[from] item: Leftovers
|-heal|p1a: Blissey|68/100|[from] item: Leftovers
|upkeep
|turn|82
|
|t:|1760388572
|move|p2a: Articuno|Freeze-Dry|p1a: Blissey
|-damage|p1a: Blissey|60/100
|move|p1a: Blissey|Stealth Rock||[still]
|-fail|p1a: Blissey
|
|-heal|p2a: Articuno|75/100|[from] item: Leftovers
|-heal|p1a: Blissey|66/100|[from] item: Leftovers
|upkeep
|turn|83
|
|t:|1760388579
|move|p2a: Articuno|Freeze-Dry|p1a: Blissey
|-damage|p1a: Blissey|58/100
|move|p1a: Blissey|Stealth Rock||[still]
|-fail|p1a: Blissey
|
|-heal|p2a: Articuno|82/100|[from] item: Leftovers
|-heal|p1a: Blissey|64/100|[from] item: Leftovers
|upkeep
|turn|84
|
|t:|1760388584
|move|p2a: Articuno|Freeze-Dry|p1a: Blissey
|-damage|p1a: Blissey|55/100
|move|p1a: Blissey|Stealth Rock||[still]
|-fail|p1a: Blissey
|
|-heal|p2a: Articuno|88/100|[from] item: Leftovers
|-heal|p1a: Blissey|61/100|[from] item: Leftovers
|upkeep
|turn|85
|
|t:|1760388588
|move|p2a: Articuno|Freeze-Dry|p1a: Blissey
|-damage|p1a: Blissey|53/100
|move|p1a: Blissey|Heal Bell||[still]
|-activate|p1a: Blissey|move: Heal Bell
|-fail|p1a: Blissey
|
|-heal|p2a: Articuno|94/100|[from] item: Leftovers
|-heal|p1a: Blissey|59/100|[from] item: Leftovers
|upkeep
|turn|86
|
|t:|1760388595
|move|p2a: Articuno|Freeze-Dry|p1a: Blissey
|-damage|p1a: Blissey|51/100
|move|p1a: Blissey|Stealth Rock||[still]
|-fail|p1a: Blissey
|
|-heal|p2a: Articuno|99/100|[from] item: Leftovers
|-heal|p1a: Blissey|57/100|[from] item: Leftovers
|upkeep
|turn|87
|l|☆jdksosjdoos
|inactive|jdksosjdoos disconnected and has a minute to reconnect!
|player|p1|
|j|☆jdksosjdoos
|inactive|jdksosjdoos reconnected and has 145 seconds left.
|player|p1|jdksosjdoos|170|
|
|t:|1760388607
|switch|p1a: Wo-Chien|Wo-Chien|56/100
|-damage|p1a: Wo-Chien|44/100|[from] Stealth Rock
|-ability|p1a: Wo-Chien|Tablets of Ruin
|move|p2a: Articuno|Tera Blast|p1a: Wo-Chien
|-damage|p1a: Wo-Chien|28/100
|
|-heal|p2a: Articuno|100/100|[from] item: Leftovers
|upkeep
|turn|88
|
|t:|1760388615
|move|p2a: Articuno|Freeze-Dry|p1a: Wo-Chien
|-supereffective|p1a: Wo-Chien
|-damage|p1a: Wo-Chien|0 fnt
|faint|p1a: Wo-Chien
|
|upkeep
|
|t:|1760388622
|switch|p1a: Weezing|Weezing-Galar, F|30/100
|-ability|p1a: Weezing|Neutralizing Gas
|turn|89
|
|t:|1760388626
|move|p2a: Articuno|Freeze-Dry|p1a: Weezing
|-damage|p1a: Weezing|0 fnt
|faint|p1a: Weezing
|-end|p1a: Weezing|ability: Neutralizing Gas
|-ability|p2a: Articuno|Pressure
|
|upkeep
|-message|jdksosjdoos forfeited.
|
|win|Des4
|raw|jdksosjdoos's rating: 1342 &rarr; <strong>1324</strong><br />(-18 for losing)
|raw|Des4's rating: 1383 &rarr; <strong>1401</strong><br />(+18 for winning)
|l|☆jdksosjdoos
|player|p1|
|l|☆Des4
|player|p2|
