|j|☆therealforo
|j|☆AS1339431
|t:|1760358031
|gametype|singles
|player|p1|therealforo|hilbert|1203
|player|p2|AS1339431|2|1241
|gen|9
|tier|[Gen 9] OU
|rated|
|rule|HP Percentage Mod: HP is shown in percentages
|rule|Endless Battle Clause: Forcing endless battles is banned
|rule|Species Clause: Limit one of each Pokémon
|rule|OHKO Clause: OHKO moves are banned
|rule|Evasion Items Clause: Evasion items are banned
|rule|Evasion Moves Clause: Evasion moves are banned
|rule|Evasion Abilities Clause: Evasion abilities are banned
|rule|Sleep Moves Clause: Sleep-inducing moves are banned
|clearpoke
|poke|p1|Infernape, M|
|poke|p1|Samurott-Hisui, M|
|poke|p1|Dragonite, F|
|poke|p1|Lilligant-Hisui, F|
|poke|p1|Galvantula, M|
|poke|p1|Swalot, F|
|poke|p2|Emboar, M|
|poke|p2|Kingambit, F|
|poke|p2|Meowscarada, M|
|poke|p2|Enamorus, F|
|poke|p2|Serperior, M|
|poke|p2|Hoopa-Unbound|
|teampreview
|inactive|Battle timer is ON: inactive players will automatically lose when time's up. (requested by therealforo)
|
|t:|1760358038
|teamsize|p1|6
|teamsize|p2|6
|start
|switch|p1a: Asakora|Infernape, M|100/100
|switch|p2a: Jester|Hoopa-Unbound|100/100
|turn|1
|
|t:|1760358045
|move|p1a: Asakora|Taunt|p2a: Jester
|-start|p2a: Jester|move: Taunt
|move|p2a: Jester|Psychic Noise|p1a: Asakora
|-supereffective|p1a: Asakora
|-enditem|p1a: Asakora|Focus Sash
|-damage|p1a: Asakora|1/100
|-start|p1a: Asakora|move: Heal Block
|
|upkeep
|turn|2
|
|t:|1760358055
|move|p1a: Asakora|Endeavor|p2a: Jester
|-damage|p2a: Jester|1/100
|move|p2a: Jester|Psychic Noise|p1a: Asakora
|-supereffective|p1a: Asakora
|-damage|p1a: Asakora|0 fnt
|faint|p1a: Asakora
|
|upkeep
|c|☆AS1339431|a decent trade
|
|t:|1760358065
|switch|p1a: IlGOAT|Galvantula, M|100/100
|turn|3
|
|t:|1760358070
|move|p1a: IlGOAT|Bug Buzz|p2a: Jester
|-supereffective|p2a: Jester
|-damage|p2a: Jester|0 fnt
|faint|p2a: Jester
|
|upkeep
|c|☆therealforo|yeah
|
|t:|1760358076
|switch|p2a: Richard|Emboar, M|100/100
|turn|4
|
|t:|1760358082
|move|p1a: IlGOAT|Thunder Wave|p2a: Richard
|-status|p2a: Richard|par
|move|p2a: Richard|Head Smash|p1a: IlGOAT
|-supereffective|p1a: IlGOAT
|-enditem|p1a: IlGOAT|Focus Sash
|-damage|p1a: IlGOAT|1/100
|-damage|p2a: Richard|66/100 par|[from] Recoil
|-damage|p2a: Richard|56/100 par|[from] item: Life Orb
|
|upkeep
|turn|5
|c|☆AS1339431|dude
|c|☆AS1339431|enough with the sashes
|
|t:|1760358097
|move|p1a: IlGOAT|Sticky Web|p2a: Richard
|-sidestart|p2: AS1339431|move: Sticky Web
|move|p2a: Richard|Flare Blitz|p1a: IlGOAT
|-supereffective|p1a: IlGOAT
|-damage|p1a: IlGOAT|0 fnt
|faint|p1a: IlGOAT
|-damage|p2a: Richard|55/100 par|[from] Recoil
|-damage|p2a: Richard|45/100 par|[from] item: Life Orb
|
|upkeep
|c|☆therealforo|ahah i'm sorry
|c|☆therealforo|they are support mons
|
|t:|1760358118
|switch|p1a: Angela|Swalot, F|100/100
|turn|6
|
|t:|1760358122
|move|p1a: Angela|Toxic Spikes|p2a: Richard
|-sidestart|p2: AS1339431|move: Toxic Spikes
|cant|p2a: Richard|par
|
|upkeep
|turn|7
|
|t:|1760358126
|move|p1a: Angela|Toxic Spikes|p2a: Richard
|-sidestart|p2: AS1339431|move: Toxic Spikes
|move|p2a: Richard|Flare Blitz|p1a: Angela
|-damage|p1a: Angela|19/100
|-damage|p2a: Richard|29/100 par|[from] item: Rocky Helmet|[of] p1a: Angela
|-damage|p2a: Richard|2/100 par|[from] Recoil
|-damage|p2a: Richard|0 fnt|[from] item: Life Orb
|faint|p2a: Richard
|
|upkeep
|
|t:|1760358137
|switch|p2a: Ouroboros|Serperior, M|100/100
|-activate|p2a: Ouroboros|move: Sticky Web
|-boost|p2a: Ouroboros|spe|1
|-status|p2a: Ouroboros|tox
|turn|8
|
|t:|1760358146
|move|p2a: Ouroboros|Leaf Storm|p1a: Angela
|-resisted|p1a: Angela
|-damage|p1a: Angela|0 fnt
|-boost|p2a: Ouroboros|spa|2
|faint|p1a: Angela
|
|-damage|p2a: Ouroboros|94/100 tox|[from] psn
|upkeep
|c|☆AS1339431|I'm on a timer now
|
|t:|1760358154
|switch|p1a: FloH|Lilligant-Hisui, F|100/100
|turn|9
|
|t:|1760358157
|move|p2a: Ouroboros|Leaf Storm|p1a: FloH
|-resisted|p1a: FloH
|-crit|p1a: FloH
|-damage|p1a: FloH|0 fnt
|-boost|p2a: Ouroboros|spa|2
|faint|p1a: FloH
|
|-damage|p2a: Ouroboros|82/100 tox|[from] psn
|upkeep
|c|☆therealforo|fuck that crit was wild
|
|t:|1760358169
|switch|p1a: Mugabe|Samurott-Hisui, M|100/100
|turn|10
|
|t:|1760358173
|move|p2a: Ouroboros|Leaf Storm|p1a: Mugabe
|-supereffective|p1a: Mugabe
|-enditem|p1a: Mugabe|Focus Sash
|-damage|p1a: Mugabe|1/100
|-boost|p2a: Ouroboros|spa|2
|move|p1a: Mugabe|Ceaseless Edge|p2a: Ouroboros
|-damage|p2a: Ouroboros|18/100 tox
|-sidestart|p2: AS1339431|Spikes
|
|-damage|p2a: Ouroboros|0 fnt|[from] psn
|faint|p2a: Ouroboros
|upkeep
|c|☆AS1339431|AHHHHH
|c|☆AS1339431|EVIL AHH SASH
|
|t:|1760358185
|switch|p2a: Big Chair|Enamorus, F|100/100
|turn|11
|c|☆therealforo|ahahahah
|
|t:|1760358194
|move|p1a: Mugabe|Aqua Jet|p2a: Big Chair
|-damage|p2a: Big Chair|67/100
|move|p2a: Big Chair|Outrage|p1a: Mugabe
|-damage|p1a: Mugabe|0 fnt
|faint|p1a: Mugabe
|
|upkeep
|c|☆therealforo|outrage enamorus is new
|
|t:|1760358207
|switch|p1a: Gambler|Dragonite, F|100/100
|turn|12
|c|☆therealforo|interesting
|
|t:|1760358214
|-terastallize|p1a: Gambler|Flying
|move|p2a: Big Chair|Outrage|p1a: Gambler|[from] lockedmove
|-crit|p1a: Gambler
|-damage|p1a: Gambler|49/100
|-start|p2a: Big Chair|confusion|[fatigue]
|move|p1a: Gambler|Dragon Dance|p1a: Gambler
|-boost|p1a: Gambler|atk|1
|-boost|p1a: Gambler|spe|1
|
|upkeep
|turn|13
|c|☆AS1339431|just for dragonite
|
|t:|1760358223
|move|p1a: Gambler|Tera Blast|p2a: Big Chair|[anim] Tera Blast Flying
|-damage|p2a: Big Chair|0 fnt
|faint|p2a: Big Chair
|
|upkeep
|c|☆therealforo|understandable
|
|t:|1760358227
|switch|p2a: Jester 2|Meowscarada, M|100/100
|turn|14
|
|t:|1760358232
|move|p1a: Gambler|Tera Blast|p2a: Jester 2|[anim] Tera Blast Flying
|-supereffective|p2a: Jester 2
|-damage|p2a: Jester 2|0 fnt
|faint|p2a: Jester 2
|
|upkeep
|c|☆therealforo|ok let's see
|c|☆AS1339431|surely I win
|
|t:|1760358240
|switch|p2a: Snot|Kingambit, F|100/100
|-activate|p2a: Snot|ability: Supreme Overlord
|-start|p2a: Snot|fallen5|[silent]
|turn|15
|c|☆therealforo|i'm not good with 50/50s
|
|t:|1760358249
|-terastallize|p2a: Snot|Dark
|move|p1a: Gambler|Earthquake|p2a: Snot
|-damage|p2a: Snot|52/100
|move|p2a: Snot|Kowtow Cleave|p1a: Gambler
|-damage|p1a: Gambler|0 fnt
|faint|p1a: Gambler
|
|win|AS1339431
|raw|therealforo's rating: 1203 &rarr; <strong>1181</strong><br />(-22 for losing)
|raw|AS1339431's rating: 1241 &rarr; <strong>1263</strong><br />(+22 for winning)
|c|☆therealforo|gg
|c|☆AS1339431|I assumed you were gonna bait the sucker punch
|c|☆AS1339431|ggs
|l|☆therealforo
|player|p1|
|l|☆AS1339431
|player|p2|
