|j|☆vghhjg
|j|☆MoisesGuedes
|t:|1760436941
|gametype|singles
|player|p1|vghhjg|170|1468
|player|p2|MoisesGuedes|265|1406
|gen|9
|tier|[Gen 9] OU
|rated|
|rule|HP Percentage Mod: HP is shown in percentages
|rule|Endless Battle Clause: Forcing endless battles is banned
|rule|Species Clause: Limit one of each Pokémon
|rule|OHKO Clause: OHKO moves are banned
|rule|Evasion Items Clause: Evasion items are banned
|rule|Evasion Moves Clause: Evasion moves are banned
|rule|Evasion Abilities Clause: Evasion abilities are banned
|rule|Sleep Moves Clause: Sleep-inducing moves are banned
|clearpoke
|poke|p1|Ribombee, M|
|poke|p1|Gholdengo|
|poke|p1|Dragonite, F|
|poke|p1|Enamorus, F|
|poke|p1|Iron Moth|
|poke|p1|Iron Treads|
|poke|p2|Kyurem|
|poke|p2|Iron Moth|
|poke|p2|Kingambit, M|
|poke|p2|Great Tusk|
|poke|p2|Hatterene, F|
|poke|p2|Zamazenta-*|
|teampreview
|inactive|Battle timer is ON: inactive players will automatically lose when time's up. (requested by MoisesGuedes)
|
|t:|1760436957
|teamsize|p1|6
|teamsize|p2|6
|start
|switch|p1a: Ribombee|Ribombee, M|100/100
|switch|p2a: Kingambit|Kingambit, M|100/100
|turn|1
|
|t:|1760436964
|-end|p2a: Kingambit|fallenundefined|[silent]
|switch|p2a: Hatterene|Hatterene, F|100/100
|move|p1a: Ribombee|Sticky Web|p2a: Hatterene
|move|p2a: Hatterene|Sticky Web|p1a: Ribombee|[from] ability: Magic Bounce
|-sidestart|p1: vghhjg|move: Sticky Web
|
|upkeep
|turn|2
|
|t:|1760436972
|move|p1a: Ribombee|Skill Swap|p2a: Hatterene
|-activate|p1a: Ribombee|move: Skill Swap|Magic Bounce|Shield Dust|[of] p2a: Hatterene
|move|p2a: Hatterene|Nuzzle|p1a: Ribombee
|-damage|p1a: Ribombee|93/100
|-status|p1a: Ribombee|par
|
|upkeep
|turn|3
|
|t:|1760436984
|switch|p2a: Kingambit|Kingambit, M|100/100
|move|p1a: Ribombee|Sticky Web|p2a: Kingambit
|-sidestart|p2: MoisesGuedes|move: Sticky Web
|
|upkeep
|turn|4
|
|t:|1760436990
|move|p1a: Ribombee|Stun Spore|p2a: Kingambit|[miss]
|-miss|p1a: Ribombee|p2a: Kingambit
|move|p2a: Kingambit|Swords Dance|p2a: Kingambit
|-boost|p2a: Kingambit|atk|2
|
|upkeep
|turn|5
|
|t:|1760436998
|move|p1a: Ribombee|Stun Spore|p2a: Kingambit|[miss]
|-miss|p1a: Ribombee|p2a: Kingambit
|move|p2a: Kingambit|Iron Head|p1a: Ribombee
|-supereffective|p1a: Ribombee
|-damage|p1a: Ribombee|0 fnt
|faint|p1a: Ribombee
|
|upkeep
|
|t:|1760437008
|switch|p1a: Iron Treads|Iron Treads|100/100
|-activate|p1a: Iron Treads|move: Sticky Web
|-unboost|p1a: Iron Treads|spe|1
|-enditem|p1a: Iron Treads|Booster Energy
|-activate|p1a: Iron Treads|ability: Quark Drive|[fromitem]
|-start|p1a: Iron Treads|quarkdriveatk
|turn|6
|
|t:|1760437015
|-terastallize|p2a: Kingambit|Ghost
|move|p1a: Iron Treads|Earthquake|p2a: Kingambit
|-damage|p2a: Kingambit|56/100
|move|p2a: Kingambit|Low Kick|p1a: Iron Treads
|-supereffective|p1a: Iron Treads
|-damage|p1a: Iron Treads|0 fnt
|faint|p1a: Iron Treads
|-end|p1a: Iron Treads|Quark Drive|[silent]
|
|-heal|p2a: Kingambit|62/100|[from] item: Leftovers
|upkeep
|
|t:|1760437042
|switch|p1a: Enamorus|Enamorus, F|100/100
|turn|7
|
|t:|1760437050
|-terastallize|p1a: Enamorus|Stellar
|move|p1a: Enamorus|Tera Blast|p2a: Kingambit|[anim] Tera Blast Stellar
|-supereffective|p2a: Kingambit
|-damage|p2a: Kingambit|0 fnt
|-boost|p1a: Enamorus|atk|1
|-boost|p1a: Enamorus|spa|1
|faint|p2a: Kingambit
|-end|p2a: Kingambit|fallenundefined|[silent]
|
|upkeep
|
|t:|1760437068
|switch|p2a: Great Tusk|Great Tusk|100/100
|-activate|p2a: Great Tusk|move: Sticky Web
|-unboost|p2a: Great Tusk|spe|1
|turn|8
|inactive|vghhjg has 120 seconds left.
|
|t:|1760437096
|switch|p1a: Gholdengo|Gholdengo|100/100
|-item|p1a: Gholdengo|Air Balloon
|move|p2a: Great Tusk|Rapid Spin|p1a: Gholdengo
|-immune|p1a: Gholdengo
|
|upkeep
|turn|9
|
|t:|1760437105
|move|p1a: Gholdengo|Dazzling Gleam|p2a: Great Tusk
|-supereffective|p2a: Great Tusk
|-damage|p2a: Great Tusk|12/100
|move|p2a: Great Tusk|Knock Off|p1a: Gholdengo
|-supereffective|p1a: Gholdengo
|-crit|p1a: Gholdengo
|-damage|p1a: Gholdengo|0 fnt
|-enditem|p1a: Gholdengo|Air Balloon
|faint|p1a: Gholdengo
|
|upkeep
|
|t:|1760437110
|switch|p1a: Enamorus|Enamorus, F, tera:Stellar|100/100
|turn|10
|
|t:|1760437126
|-end|p2a: Great Tusk|Protosynthesis|[silent]
|switch|p2a: Hatterene|Hatterene, F|100/100
|-activate|p2a: Hatterene|move: Sticky Web
|-unboost|p2a: Hatterene|spe|1
|move|p1a: Enamorus|Tera Blast|p2a: Hatterene|[anim] Tera Blast Stellar
|-damage|p2a: Hatterene|47/100
|-boost|p1a: Enamorus|atk|1
|-boost|p1a: Enamorus|spa|1
|
|upkeep
|turn|11
|inactive|MoisesGuedes has 120 seconds left.
|
|t:|1760437172
|switch|p2a: Kyurem|Kyurem|100/100
|-activate|p2a: Kyurem|move: Sticky Web
|-unboost|p2a: Kyurem|spe|1
|-ability|p2a: Kyurem|Pressure
|move|p1a: Enamorus|Tera Blast|p2a: Kyurem|[anim] Tera Blast Stellar
|-damage|p2a: Kyurem|29/100
|-boost|p1a: Enamorus|atk|1
|-boost|p1a: Enamorus|spa|1
|
|upkeep
|turn|12
|
|t:|1760437186
|move|p1a: Enamorus|Tera Blast|p2a: Kyurem|[anim] Tera Blast Stellar
|-damage|p2a: Kyurem|0 fnt
|-boost|p1a: Enamorus|atk|1
|-boost|p1a: Enamorus|spa|1
|faint|p2a: Kyurem
|
|upkeep
|
|t:|1760437193
|switch|p2a: Iron Moth|Iron Moth|100/100
|-activate|p2a: Iron Moth|move: Sticky Web
|-unboost|p2a: Iron Moth|spe|1
|-enditem|p2a: Iron Moth|Booster Energy
|-activate|p2a: Iron Moth|ability: Quark Drive|[fromitem]
|-start|p2a: Iron Moth|quarkdrivespa
|turn|13
|
|t:|1760437204
|move|p1a: Enamorus|Tera Blast|p2a: Iron Moth|[anim] Tera Blast Stellar
|-damage|p2a: Iron Moth|0 fnt
|-boost|p1a: Enamorus|atk|1
|-boost|p1a: Enamorus|spa|1
|faint|p2a: Iron Moth
|-end|p2a: Iron Moth|Quark Drive|[silent]
|
|upkeep
|-message|MoisesGuedes forfeited.
|
|win|vghhjg
|raw|vghhjg's rating: 1468 &rarr; <strong>1484</strong><br />(+16 for winning)
|raw|MoisesGuedes's rating: 1406 &rarr; <strong>1390</strong><br />(-16 for losing)
|l|☆MoisesGuedes
|player|p2|
|l|☆vghhjg
|player|p1|
