|j|☆acavemana
|j|‽Uehdhedh
|t:|1760336874
|gametype|singles
|player|p1|acavemana|1|1103
|player|p2|Uehdhedh|266|1087
|gen|9
|tier|[Gen 9] OU
|rated|
|rule|HP Percentage Mod: HP is shown in percentages
|rule|Endless Battle Clause: Forcing endless battles is banned
|rule|Species Clause: Limit one of each Pokémon
|rule|OHKO Clause: OHKO moves are banned
|rule|Evasion Items Clause: Evasion items are banned
|rule|Evasion Moves Clause: Evasion moves are banned
|rule|Evasion Abilities Clause: Evasion abilities are banned
|rule|Sleep Moves Clause: Sleep-inducing moves are banned
|clearpoke
|poke|p1|Dusknoir, M|
|poke|p1|Poliwrath, M|
|poke|p1|Salazzle, F|
|poke|p1|Mimikyu, M|
|poke|p1|Landorus-Therian, M|
|poke|p1|Jirachi|
|poke|p2|Clefable, F|
|poke|p2|Landorus-Therian, M|
|poke|p2|Samurott-Hisui, M|
|poke|p2|Ogerpon-Wellspring, F|
|poke|p2|Gholdengo|
|poke|p2|Tyranitar, F|
|teampreview
|
|t:|1760336890
|teamsize|p1|6
|teamsize|p2|6
|start
|switch|p1a: Landorus|Landorus-Therian, M|100/100
|switch|p2a: Samurott|Samurott-Hisui, M|100/100
|-ability|p1a: Landorus|Intimidate|boost
|-unboost|p2a: Samurott|atk|1
|turn|1
|
|t:|1760336900
|switch|p2a: Landorus|Landorus-Therian, M|100/100
|-ability|p2a: Landorus|Intimidate|boost
|-unboost|p1a: Landorus|atk|1
|move|p1a: Landorus|U-turn|p2a: Landorus
|-resisted|p2a: Landorus
|-damage|p2a: Landorus|91/100
|
|t:|1760336920
|switch|p1a: Jirachi|Jirachi|100/100|[from] U-turn
|
|upkeep
|turn|2
|
|t:|1760336924
|switch|p2a: Tyranitar|Tyranitar, F|100/100
|-weather|Sandstorm|[from] ability: Sand Stream|[of] p2a: Tyranitar
|move|p1a: Jirachi|Ice Punch|p2a: Tyranitar
|-damage|p2a: Tyranitar|81/100
|
|-weather|Sandstorm|[upkeep]
|upkeep
|turn|3
|
|t:|1760336937
|switch|p1a: Landorus|Landorus-Therian, M|100/100
|-ability|p1a: Landorus|Intimidate|boost
|-unboost|p2a: Tyranitar|atk|1
|move|p2a: Tyranitar|Dragon Dance|p2a: Tyranitar
|-boost|p2a: Tyranitar|atk|1
|-boost|p2a: Tyranitar|spe|1
|
|-weather|Sandstorm|[upkeep]
|upkeep
|turn|4
|inactive|Battle timer is ON: inactive players will automatically lose when time's up. (requested by Uehdhedh)
|
|t:|1760336948
|move|p2a: Tyranitar|Ice Punch|p1a: Landorus
|-supereffective|p1a: Landorus
|-damage|p1a: Landorus|0 fnt
|faint|p1a: Landorus
|
|-weather|Sandstorm|[upkeep]
|upkeep
|
|t:|1760336959
|switch|p1a: Poliwrath|Poliwrath, M|100/100
|turn|5
|
|t:|1760336965
|-terastallize|p2a: Tyranitar|Flying
|move|p2a: Tyranitar|Dragon Dance|p2a: Tyranitar
|-boost|p2a: Tyranitar|atk|1
|-boost|p2a: Tyranitar|spe|1
|move|p1a: Poliwrath|Liquidation|p2a: Tyranitar
|-damage|p2a: Tyranitar|44/100
|
|-weather|Sandstorm|[upkeep]
|-damage|p2a: Tyranitar|37/100|[from] Sandstorm
|-damage|p1a: Poliwrath|94/100|[from] Sandstorm
|upkeep
|turn|6
|
|t:|1760336977
|move|p2a: Tyranitar|Thunder Punch|p1a: Poliwrath
|-supereffective|p1a: Poliwrath
|-damage|p1a: Poliwrath|9/100
|move|p1a: Poliwrath|Drain Punch|p2a: Tyranitar
|-resisted|p2a: Tyranitar
|-damage|p2a: Tyranitar|21/100
|-heal|p1a: Poliwrath|16/100|[from] drain|[of] p2a: Tyranitar
|
|-weather|none
|upkeep
|turn|7
|
|t:|1760336987
|move|p2a: Tyranitar|Thunder Punch|p1a: Poliwrath
|-supereffective|p1a: Poliwrath
|-damage|p1a: Poliwrath|0 fnt
|faint|p1a: Poliwrath
|
|upkeep
|
|t:|1760336994
|switch|p1a: Mimikyu|Mimikyu, M|100/100
|turn|8
|
|t:|1760337003
|move|p1a: Mimikyu|Shadow Sneak|p2a: Tyranitar
|-damage|p2a: Tyranitar|5/100
|move|p2a: Tyranitar|Knock Off|p1a: Mimikyu
|-activate|p1a: Mimikyu|ability: Disguise
|-damage|p1a: Mimikyu|100/100
|-enditem|p1a: Mimikyu|Leftovers|[from] move: Knock Off|[of] p2a: Tyranitar
|detailschange|p1a: Mimikyu|Mimikyu-Busted, M
|-damage|p1a: Mimikyu|88/100|[from] pokemon: Mimikyu-Busted
|
|upkeep
|turn|9
|
|t:|1760337013
|move|p1a: Mimikyu|Shadow Sneak|p2a: Tyranitar
|-damage|p2a: Tyranitar|0 fnt
|faint|p2a: Tyranitar
|
|upkeep
|
|t:|1760337015
|switch|p2a: Landorus|Landorus-Therian, M|91/100
|-ability|p2a: Landorus|Intimidate|boost
|-unboost|p1a: Mimikyu|atk|1
|turn|10
|
|t:|1760337022
|switch|p1a: Dusknoir|Dusknoir, M|100/100
|-item|p2a: Landorus|Choice Scarf|[from] ability: Frisk|[of] p1a: Dusknoir
|move|p2a: Landorus|Earthquake|p1a: Dusknoir
|-damage|p1a: Dusknoir|43/100
|
|-heal|p1a: Dusknoir|49/100|[from] item: Leftovers
|upkeep
|turn|11
|
|t:|1760337034
|move|p2a: Landorus|Earthquake|p1a: Dusknoir
|-damage|p1a: Dusknoir|0 fnt
|faint|p1a: Dusknoir
|
|upkeep
|
|t:|1760337040
|switch|p1a: Salazzle|Salazzle, F|100/100
|turn|12
|
|t:|1760337047
|move|p2a: Landorus|Earthquake|p1a: Salazzle
|-supereffective|p1a: Salazzle
|-enditem|p1a: Salazzle|Focus Sash
|-damage|p1a: Salazzle|1/100
|move|p1a: Salazzle|Sludge Bomb|p2a: Landorus
|-resisted|p2a: Landorus
|-damage|p2a: Landorus|61/100
|
|upkeep
|turn|13
|
|t:|1760337057
|move|p2a: Landorus|Earthquake|p1a: Salazzle
|-supereffective|p1a: Salazzle
|-damage|p1a: Salazzle|0 fnt
|faint|p1a: Salazzle
|
|upkeep
|
|t:|1760337062
|switch|p1a: Jirachi|Jirachi|100/100
|turn|14
|
|t:|1760337073
|switch|p2a: Samurott|Samurott-Hisui, M|100/100
|move|p1a: Jirachi|Iron Head|p2a: Samurott
|-resisted|p2a: Samurott
|-damage|p2a: Samurott|77/100
|
|upkeep
|turn|15
|
|t:|1760337082
|move|p1a: Jirachi|Iron Head|p2a: Samurott
|-resisted|p2a: Samurott
|-damage|p2a: Samurott|56/100
|cant|p2a: Samurott|flinch
|
|upkeep
|turn|16
|
|t:|1760337088
|move|p1a: Jirachi|Iron Head|p2a: Samurott
|-resisted|p2a: Samurott
|-damage|p2a: Samurott|34/100
|cant|p2a: Samurott|flinch
|
|upkeep
|turn|17
|
|t:|1760337094
|move|p1a: Jirachi|Iron Head|p2a: Samurott
|-resisted|p2a: Samurott
|-damage|p2a: Samurott|10/100
|move|p2a: Samurott|Ceaseless Edge|p1a: Jirachi
|-supereffective|p1a: Jirachi
|-damage|p1a: Jirachi|12/100
|-sidestart|p1: acavemana|Spikes
|
|upkeep
|turn|18
|
|t:|1760337101
|move|p2a: Samurott|Aqua Jet|p1a: Jirachi
|-damage|p1a: Jirachi|0 fnt
|faint|p1a: Jirachi
|
|upkeep
|
|t:|1760337114
|switch|p1a: Mimikyu|Mimikyu-Busted, M|88/100
|-damage|p1a: Mimikyu|76/100|[from] Spikes
|turn|19
|
|t:|1760337126
|switch|p2a: Landorus|Landorus-Therian, M|61/100
|-ability|p2a: Landorus|Intimidate|boost
|-unboost|p1a: Mimikyu|atk|1
|move|p1a: Mimikyu|Shadow Sneak|p2a: Landorus
|-damage|p2a: Landorus|47/100
|
|upkeep
|turn|20
|-message|acavemana forfeited.
|
|win|Uehdhedh
|raw|acavemana's rating: 1103 &rarr; <strong>1077</strong><br />(-26 for losing)
|raw|Uehdhedh's rating: 1087 &rarr; <strong>1115</strong><br />(+28 for winning)
|l|☆acavemana
|player|p1|
|l|‽Uehdhedh
|player|p2|
