|j|☆Kanehusky13
|j|☆dr. drake6782
|t:|1760315542
|gametype|singles
|player|p1|Kanehusky13|2|1631
|player|p2|dr. drake6782|hilbert-masters|1595
|gen|9
|tier|[Gen 9] OU
|rated|
|rule|HP Percentage Mod: HP is shown in percentages
|rule|Endless Battle Clause: Forcing endless battles is banned
|rule|Species Clause: Limit one of each Pokémon
|rule|OHKO Clause: OHKO moves are banned
|rule|Evasion Items Clause: Evasion items are banned
|rule|Evasion Moves Clause: Evasion moves are banned
|rule|Evasion Abilities Clause: Evasion abilities are banned
|rule|Sleep Moves Clause: Sleep-inducing moves are banned
|clearpoke
|poke|p1|Dragapult, M|
|poke|p1|Glimmora, M|
|poke|p1|Comfey, M|
|poke|p1|Kingambit, M|
|poke|p1|Ogerpon-Wellspring, F|
|poke|p1|Blaziken, M|
|poke|p2|Gholdengo|
|poke|p2|Ceruledge, F|
|poke|p2|Enamorus, F|
|poke|p2|Ribombee, M|
|poke|p2|Quaquaval, F|
|poke|p2|Iron Treads|
|teampreview
|inactive|Battle timer is ON: inactive players will automatically lose when time's up. (requested by dr. drake6782)
|
|t:|1760315556
|teamsize|p1|6
|teamsize|p2|6
|start
|switch|p1a: Comfey|Comfey, M, shiny|100/100
|switch|p2a: Enamorus|Enamorus, F|100/100
|turn|1
|
|t:|1760315559
|move|p2a: Enamorus|Moonblast|p1a: Comfey
|-damage|p1a: Comfey|34/100
|move|p1a: Comfey|Substitute|p1a: Comfey
|-start|p1a: Comfey|Substitute
|-damage|p1a: Comfey|9/100
|
|upkeep
|turn|2
|
|t:|1760315564
|move|p2a: Enamorus|Moonblast|p1a: Comfey
|-end|p1a: Comfey|Substitute
|move|p1a: Comfey|Calm Mind|p1a: Comfey
|-boost|p1a: Comfey|spa|1
|-boost|p1a: Comfey|spd|1
|
|upkeep
|turn|3
|
|t:|1760315570
|switch|p2a: Iron Treads|Iron Treads|100/100
|-enditem|p2a: Iron Treads|Booster Energy
|-activate|p2a: Iron Treads|ability: Quark Drive|[fromitem]
|-start|p2a: Iron Treads|quarkdriveatk
|move|p1a: Comfey|Draining Kiss|p2a: Iron Treads
|-resisted|p2a: Iron Treads
|-damage|p2a: Iron Treads|75/100
|-heal|p1a: Comfey|33/100|[from] drain|[of] p2a: Iron Treads
|-damage|p1a: Comfey|23/100|[from] item: Life Orb
|
|upkeep
|turn|4
|
|t:|1760315573
|switch|p1a: Glimmora|Glimmora, M, shiny|100/100
|move|p2a: Iron Treads|Rapid Spin|p1a: Glimmora
|-resisted|p1a: Glimmora
|-damage|p1a: Glimmora|92/100
|-boost|p2a: Iron Treads|spe|1
|-activate|p1a: Glimmora|ability: Toxic Debris
|-sidestart|p2: dr. drake6782|move: Toxic Spikes
|-sideend|p2: dr. drake6782|Toxic Spikes|[from] move: Rapid Spin|[of] p2a: Iron Treads
|-enditem|p1a: Glimmora|Red Card|[of] p2a: Iron Treads
|-end|p2a: Iron Treads|Quark Drive|[silent]
|drag|p2a: Enamorus|Enamorus, F|100/100
|
|upkeep
|turn|5
|
|t:|1760315579
|move|p2a: Enamorus|Earth Power|p1a: Glimmora
|-supereffective|p1a: Glimmora
|-damage|p1a: Glimmora|0 fnt
|faint|p1a: Glimmora
|
|upkeep
|
|t:|1760315586
|switch|p1a: Blaziken|Blaziken, M, shiny|100/100
|turn|6
|
|t:|1760315590
|switch|p2a: Quaquaval|Quaquaval, F|100/100
|move|p1a: Blaziken|Protect||[still]
|-fail|p1a: Blaziken
|
|-ability|p1a: Blaziken|Speed Boost|boost
|-boost|p1a: Blaziken|spe|1
|upkeep
|turn|7
|
|t:|1760315595
|switch|p1a: Ogerpon|Ogerpon-Wellspring, F|100/100
|move|p2a: Quaquaval|Aqua Step|p1a: Ogerpon
|-immune|p1a: Ogerpon|[from] ability: Water Absorb
|
|upkeep
|turn|8
|
|t:|1760315602
|switch|p2a: Ribombee|Ribombee, M, shiny|100/100
|move|p1a: Ogerpon|Ivy Cudgel|p2a: Ribombee|[anim] Ivy Cudgel Water
|-enditem|p2a: Ribombee|Focus Sash
|-damage|p2a: Ribombee|1/100
|
|upkeep
|turn|9
|
|t:|1760315605
|switch|p1a: Comfey|Comfey, M, shiny|23/100
|move|p2a: Ribombee|Sticky Web|p1a: Comfey
|-sidestart|p1: Kanehusky13|move: Sticky Web
|
|upkeep
|turn|10
|
|t:|1760315607
|move|p1a: Comfey|Draining Kiss|p2a: Ribombee
|-damage|p2a: Ribombee|0 fnt
|-heal|p1a: Comfey|23/100|[from] drain|[of] p2a: Ribombee
|faint|p2a: Ribombee
|-damage|p1a: Comfey|13/100|[from] item: Life Orb
|
|upkeep
|
|t:|1760315616
|switch|p2a: Iron Treads|Iron Treads|75/100
|turn|11
|
|t:|1760315619
|move|p1a: Comfey|Draining Kiss|p2a: Iron Treads
|-resisted|p2a: Iron Treads
|-damage|p2a: Iron Treads|58/100
|-heal|p1a: Comfey|29/100|[from] drain|[of] p2a: Iron Treads
|-damage|p1a: Comfey|19/100|[from] item: Life Orb
|move|p2a: Iron Treads|Earthquake|p1a: Comfey
|-damage|p1a: Comfey|0 fnt
|faint|p1a: Comfey
|
|upkeep
|
|t:|1760315629
|switch|p1a: Ogerpon|Ogerpon-Wellspring, F|100/100
|-activate|p1a: Ogerpon|move: Sticky Web
|-unboost|p1a: Ogerpon|spe|1
|turn|12
|
|t:|1760315634
|move|p2a: Iron Treads|Supercell Slam|p1a: Ogerpon
|-damage|p1a: Ogerpon|56/100
|move|p1a: Ogerpon|Ivy Cudgel|p2a: Iron Treads|[anim] Ivy Cudgel Water
|-supereffective|p2a: Iron Treads
|-crit|p2a: Iron Treads
|-damage|p2a: Iron Treads|0 fnt
|faint|p2a: Iron Treads
|-end|p2a: Iron Treads|Quark Drive|[silent]
|
|upkeep
|
|t:|1760315663
|switch|p2a: Quaquaval|Quaquaval, F|100/100
|turn|13
|
|t:|1760315666
|move|p2a: Quaquaval|Close Combat|p1a: Ogerpon
|-damage|p1a: Ogerpon|0 fnt
|-unboost|p2a: Quaquaval|def|1
|-unboost|p2a: Quaquaval|spd|1
|faint|p1a: Ogerpon
|-ability|p2a: Quaquaval|Moxie|boost
|-boost|p2a: Quaquaval|atk|1
|
|upkeep
|
|t:|1760315669
|switch|p1a: Dragapult|Dragapult, M, shiny|100/100
|-activate|p1a: Dragapult|move: Sticky Web
|-fail|p1a: Dragapult|unboost|[from] ability: Clear Body|[of] p1a: Dragapult
|turn|14
|
|t:|1760315672
|move|p1a: Dragapult|Shadow Ball|p2a: Quaquaval
|-damage|p2a: Quaquaval|36/100
|-unboost|p2a: Quaquaval|spd|1
|-damage|p1a: Dragapult|91/100|[from] item: Life Orb
|move|p2a: Quaquaval|Knock Off|p1a: Dragapult
|-supereffective|p1a: Dragapult
|-damage|p1a: Dragapult|0 fnt
|-enditem|p1a: Dragapult|Life Orb|[from] move: Knock Off|[of] p2a: Quaquaval
|faint|p1a: Dragapult
|-ability|p2a: Quaquaval|Moxie|boost
|-boost|p2a: Quaquaval|atk|1
|
|upkeep
|
|t:|1760315678
|switch|p1a: Kingambit|Kingambit, M, shiny|100/100
|-activate|p1a: Kingambit|move: Sticky Web
|-unboost|p1a: Kingambit|spe|1
|-activate|p1a: Kingambit|ability: Supreme Overlord
|-start|p1a: Kingambit|fallen4|[silent]
|turn|15
|
|t:|1760315684
|-terastallize|p1a: Kingambit|Ghost
|move|p2a: Quaquaval|Close Combat|p1a: Kingambit
|-immune|p1a: Kingambit
|move|p1a: Kingambit|Swords Dance|p1a: Kingambit
|-boost|p1a: Kingambit|atk|2
|
|upkeep
|turn|16
|
|t:|1760315688
|move|p1a: Kingambit|Sucker Punch|p2a: Quaquaval
|-resisted|p2a: Quaquaval
|-damage|p2a: Quaquaval|0 fnt
|faint|p2a: Quaquaval
|
|upkeep
|
|t:|1760315692
|switch|p2a: Ceruledge|Ceruledge, F|100/100
|turn|17
|
|t:|1760315696
|move|p2a: Ceruledge|Poltergeist|p1a: Kingambit
|-activate|p1a: Kingambit|move: Poltergeist|Leftovers
|-supereffective|p1a: Kingambit
|-damage|p1a: Kingambit|14/100
|move|p1a: Kingambit|Kowtow Cleave|p2a: Ceruledge
|-supereffective|p2a: Ceruledge
|-enditem|p2a: Ceruledge|Focus Sash
|-damage|p2a: Ceruledge|1/100
|-ability|p2a: Ceruledge|Weak Armor|boost
|-unboost|p2a: Ceruledge|def|1
|-boost|p2a: Ceruledge|spe|2
|
|-heal|p1a: Kingambit|20/100|[from] item: Leftovers
|upkeep
|turn|18
|
|t:|1760315701
|move|p2a: Ceruledge|Shadow Sneak|p1a: Kingambit
|-supereffective|p1a: Kingambit
|-damage|p1a: Kingambit|0 fnt
|faint|p1a: Kingambit
|-end|p1a: Kingambit|fallen4|[silent]
|
|upkeep
|
|t:|1760315703
|switch|p1a: Blaziken|Blaziken, M, shiny|100/100
|-activate|p1a: Blaziken|move: Sticky Web
|-unboost|p1a: Blaziken|spe|1
|turn|19
|
|t:|1760315707
|move|p1a: Blaziken|Protect|p1a: Blaziken
|-singleturn|p1a: Blaziken|Protect
|move|p2a: Ceruledge|Poltergeist|p1a: Blaziken
|-activate|p1a: Blaziken|move: Protect
|
|-ability|p1a: Blaziken|Speed Boost|boost
|-boost|p1a: Blaziken|spe|1
|upkeep
|turn|20
|
|t:|1760315712
|move|p1a: Blaziken|Protect|p1a: Blaziken
|-singleturn|p1a: Blaziken|Protect
|move|p2a: Ceruledge|Poltergeist|p1a: Blaziken
|-activate|p1a: Blaziken|move: Protect
|
|-ability|p1a: Blaziken|Speed Boost|boost
|-boost|p1a: Blaziken|spe|1
|upkeep
|turn|21
|
|t:|1760315713
|move|p2a: Ceruledge|Poltergeist|p1a: Blaziken
|-activate|p1a: Blaziken|move: Poltergeist|Life Orb
|-damage|p1a: Blaziken|9/100
|move|p1a: Blaziken|Knock Off|p2a: Ceruledge
|-supereffective|p2a: Ceruledge
|-damage|p2a: Ceruledge|0 fnt
|faint|p2a: Ceruledge
|-damage|p1a: Blaziken|0 fnt|[from] item: Life Orb
|faint|p1a: Blaziken
|
|win|dr. drake6782
|raw|Kanehusky13's rating: 1631 &rarr; <strong>1609</strong><br />(-22 for losing)
|raw|dr. drake6782's rating: 1595 &rarr; <strong>1617</strong><br />(+22 for winning)
|l|☆Kanehusky13
|player|p1|
