|j|☆potayo
|j|☆UltraGodGreninja
|t:|1760415291
|gametype|singles
|player|p1|potayo|169|1498
|player|p2|UltraGodGreninja|skyla|1511
|gen|9
|tier|[Gen 9] OU
|rated|
|rule|HP Percentage Mod: HP is shown in percentages
|rule|Endless Battle Clause: Forcing endless battles is banned
|rule|Species Clause: Limit one of each Pokémon
|rule|OHKO Clause: OHKO moves are banned
|rule|Evasion Items Clause: Evasion items are banned
|rule|Evasion Moves Clause: Evasion moves are banned
|rule|Evasion Abilities Clause: Evasion abilities are banned
|rule|Sleep Moves Clause: Sleep-inducing moves are banned
|clearpoke
|poke|p1|Indeedee, M|
|poke|p1|Hoopa-Unbound|
|poke|p1|Deoxys-Speed|
|poke|p1|Great Tusk|
|poke|p1|Hitmonlee, M|
|poke|p1|Thundurus, M|
|poke|p2|Greninja-*, M|
|poke|p2|Great Tusk|
|poke|p2|Lokix, M|
|poke|p2|Slowking-Galar, M|
|poke|p2|Heatran, F|
|poke|p2|Zapdos|
|teampreview
|
|t:|1760415300
|teamsize|p1|6
|teamsize|p2|6
|start
|switch|p1a: Indeedee|Indeedee, M|100/100
|switch|p2a: Slowking|Slowking-Galar, M|100/100
|-fieldstart|move: Psychic Terrain|[from] ability: Psychic Surge|[of] p1a: Indeedee
|turn|1
|
|t:|1760415307
|switch|p1a: Hoopa|Hoopa-Unbound|100/100
|-prepare|p2a: Slowking|Chilly Reception|[premajor]
|move|p2a: Slowking|Chilly Reception|p2a: Slowking
|-weather|Snowscape
|
|t:|1760415315
|switch|p2a: Zapdos|Zapdos|100/100|[from] Chilly Reception
|
|-weather|Snowscape|[upkeep]
|upkeep
|turn|2
|
|t:|1760415320
|move|p1a: Hoopa|Expanding Force|p2a: Zapdos
|-damage|p2a: Zapdos|15/100
|move|p2a: Zapdos|U-turn|p1a: Hoopa
|-supereffective|p1a: Hoopa
|-damage|p1a: Hoopa|13/100
|
|t:|1760415324
|switch|p2a: Greninja|Greninja, M|100/100|[from] U-turn
|
|-weather|Snowscape|[upkeep]
|-heal|p1a: Hoopa|19/100|[from] item: Leftovers
|upkeep
|turn|3
|
|t:|1760415331
|switch|p1a: Hitmonlee|Hitmonlee, M|100/100
|-enditem|p1a: Hitmonlee|Psychic Seed
|-boost|p1a: Hitmonlee|spd|1|[from] item: Psychic Seed
|move|p2a: Greninja|Sludge Wave|p1a: Hitmonlee
|-start|p2a: Greninja|typechange|Poison|[from] ability: Protean
|-damage|p1a: Hitmonlee|55/100
|
|-weather|Snowscape|[upkeep]
|upkeep
|turn|4
|
|t:|1760415338
|move|p1a: Hitmonlee|Swords Dance|p1a: Hitmonlee
|-boost|p1a: Hitmonlee|atk|2
|move|p2a: Greninja|Sludge Wave|p1a: Hitmonlee
|-damage|p1a: Hitmonlee|12/100
|
|-weather|Snowscape|[upkeep]
|upkeep
|turn|5
|
|t:|1760415346
|switch|p2a: Slowking|Slowking-Galar, M|100/100
|move|p1a: Hitmonlee|Knock Off|p2a: Slowking
|-supereffective|p2a: Slowking
|-damage|p2a: Slowking|0 fnt
|-enditem|p2a: Slowking|Heavy-Duty Boots|[from] move: Knock Off|[of] p1a: Hitmonlee
|faint|p2a: Slowking
|
|-weather|none
|upkeep
|-message|UltraGodGreninja forfeited.
|
|win|potayo
|raw|potayo's rating: 1498 &rarr; <strong>1519</strong><br />(+21 for winning)
|raw|UltraGodGreninja's rating: 1511 &rarr; <strong>1490</strong><br />(-21 for losing)
|l|☆UltraGodGreninja
|player|p2|
|l|☆potayo
|player|p1|
