|j|☆Fluffias
|j|☆grunt ted
|t:|1760352874
|gametype|singles
|player|p1|Fluffias|102|1073
|player|p2|grunt ted|rocketgrunt|1069
|gen|9
|tier|[Gen 9] OU
|rated|
|rule|HP Percentage Mod: HP is shown in percentages
|rule|Endless Battle Clause: Forcing endless battles is banned
|rule|Species Clause: Limit one of each Pokémon
|rule|OHKO Clause: OHKO moves are banned
|rule|Evasion Items Clause: Evasion items are banned
|rule|Evasion Moves Clause: Evasion moves are banned
|rule|Evasion Abilities Clause: Evasion abilities are banned
|rule|Sleep Moves Clause: Sleep-inducing moves are banned
|clearpoke
|poke|p1|Landorus-Therian, M|
|poke|p1|Cobalion|
|poke|p1|Dragonite, M|
|poke|p1|Lycanroc-Dusk, M|
|poke|p1|Weezing-Galar, F|
|poke|p1|Primarina, M|
|poke|p2|Vaporeon, M|
|poke|p2|Meowscarada, F|
|poke|p2|Incineroar, M|
|poke|p2|Perrserker, M|
|poke|p2|Mew|
|poke|p2|Luxray, M|
|teampreview
|
|t:|1760352881
|teamsize|p1|6
|teamsize|p2|6
|start
|switch|p1a: PAULution|Weezing-Galar, F|100/100
|switch|p2a: Vaporeon|Vaporeon, M|100/100
|turn|1
|
|t:|1760352889
|move|p2a: Vaporeon|Protect|p2a: Vaporeon
|-singleturn|p2a: Vaporeon|Protect
|move|p1a: PAULution|Toxic|p2a: Vaporeon
|-activate|p2a: Vaporeon|move: Protect
|
|upkeep
|turn|2
|
|t:|1760352899
|switch|p2a: Perrserker|Perrserker, M|100/100
|move|p1a: PAULution|Toxic|p2a: Perrserker
|-immune|p2a: Perrserker
|
|upkeep
|turn|3
|
|t:|1760352911
|move|p1a: PAULution|Will-O-Wisp|p2a: Perrserker
|-status|p2a: Perrserker|brn
|move|p2a: Perrserker|Iron Head|p1a: PAULution
|-supereffective|p1a: PAULution
|-crit|p1a: PAULution
|-damage|p1a: PAULution|37/100
|
|-heal|p1a: PAULution|43/100|[from] item: Black Sludge
|-damage|p2a: Perrserker|94/100 brn|[from] brn
|upkeep
|turn|4
|
|t:|1760352920
|move|p1a: PAULution|Flamethrower|p2a: Perrserker
|-supereffective|p2a: Perrserker
|-damage|p2a: Perrserker|40/100 brn
|move|p2a: Perrserker|Iron Head|p1a: PAULution
|-supereffective|p1a: PAULution
|-damage|p1a: PAULution|0 fnt
|faint|p1a: PAULution
|
|-heal|p2a: Perrserker|46/100 brn|[from] item: Leftovers
|-damage|p2a: Perrserker|40/100 brn|[from] brn
|upkeep
|
|t:|1760352933
|switch|p1a: Flying Simba|Landorus-Therian, M|100/100
|-ability|p1a: Flying Simba|Intimidate|boost
|-unboost|p2a: Perrserker|atk|1
|turn|5
|
|t:|1760352940
|switch|p2a: Meowscarada|Meowscarada, F|100/100
|move|p1a: Flying Simba|Earthquake|p2a: Meowscarada
|-resisted|p2a: Meowscarada
|-damage|p2a: Meowscarada|62/100
|
|upkeep
|turn|6
|
|t:|1760352946
|move|p2a: Meowscarada|Triple Axel|p1a: Flying Simba
|-start|p2a: Meowscarada|typechange|Ice|[from] ability: Protean
|-supereffective|p1a: Flying Simba
|-crit|p1a: Flying Simba
|-damage|p1a: Flying Simba|46/100
|-supereffective|p1a: Flying Simba
|-damage|p1a: Flying Simba|0 fnt
|faint|p1a: Flying Simba
|-hitcount|p1: Flying Simba|2
|
|upkeep
|
|t:|1760352957
|switch|p1a: Lassie|Lycanroc-Dusk, M|100/100
|turn|7
|
|t:|1760352963
|switch|p2a: Luxray|Luxray, M|100/100
|-ability|p2a: Luxray|Intimidate|boost
|-unboost|p1a: Lassie|atk|1
|move|p1a: Lassie|Accelerock|p2a: Luxray
|-damage|p2a: Luxray|71/100
|
|upkeep
|turn|8
|
|t:|1760352970
|switch|p1a: Knuffmuff|Dragonite, M|100/100
|move|p2a: Luxray|Spark|p1a: Knuffmuff
|-damage|p1a: Knuffmuff|63/100
|
|upkeep
|turn|9
|
|t:|1760352976
|move|p1a: Knuffmuff|Outrage|p2a: Luxray
|-damage|p2a: Luxray|0 fnt
|faint|p2a: Luxray
|
|upkeep
|
|t:|1760352981
|switch|p2a: Incineroar|Incineroar, M|100/100
|-ability|p2a: Incineroar|Intimidate|boost
|-fail|p1a: Knuffmuff|unboost|Attack|[from] ability: Inner Focus|[of] p1a: Knuffmuff
|turn|10
|
|t:|1760352986
|move|p1a: Knuffmuff|Outrage|p2a: Incineroar|[from] lockedmove
|-damage|p2a: Incineroar|34/100
|move|p2a: Incineroar|Will-O-Wisp|p1a: Knuffmuff|[miss]
|-miss|p2a: Incineroar|p1a: Knuffmuff
|
|upkeep
|turn|11
|
|t:|1760352998
|move|p1a: Knuffmuff|Outrage|p2a: Incineroar|[from] lockedmove
|-damage|p2a: Incineroar|0 fnt
|faint|p2a: Incineroar
|-start|p1a: Knuffmuff|confusion|[fatigue]
|
|upkeep
|
|t:|1760353002
|switch|p2a: Mew|Mew|100/100
|turn|12
|
|t:|1760353007
|move|p2a: Mew|Thunder Wave|p1a: Knuffmuff
|-status|p1a: Knuffmuff|par
|-activate|p1a: Knuffmuff|confusion
|move|p1a: Knuffmuff|Outrage|p2a: Mew
|-damage|p2a: Mew|45/100
|-enditem|p2a: Mew|Red Card|[of] p1a: Knuffmuff
|drag|p1a: Lassie|Lycanroc-Dusk, M|100/100
|
|upkeep
|turn|13
|
|t:|1760353016
|move|p1a: Lassie|Crunch|p2a: Mew
|-supereffective|p2a: Mew
|-damage|p2a: Mew|0 fnt
|faint|p2a: Mew
|
|upkeep
|
|t:|1760353020
|switch|p2a: Perrserker|Perrserker, M|40/100 brn
|turn|14
|
|t:|1760353023
|switch|p1a: Knuffmuff|Dragonite, M|63/100 par
|move|p2a: Perrserker|Fake Out|p1a: Knuffmuff
|-damage|p1a: Knuffmuff|54/100 par
|
|-heal|p2a: Perrserker|46/100 brn|[from] item: Leftovers
|-damage|p2a: Perrserker|40/100 brn|[from] brn
|upkeep
|turn|15
|
|t:|1760353034
|move|p2a: Perrserker|Iron Head|p1a: Knuffmuff
|-damage|p1a: Knuffmuff|25/100 par
|move|p1a: Knuffmuff|Thunder Punch|p2a: Perrserker
|-damage|p2a: Perrserker|8/100 brn
|
|-heal|p2a: Perrserker|14/100 brn|[from] item: Leftovers
|-damage|p2a: Perrserker|8/100 brn|[from] brn
|upkeep
|turn|16
|
|t:|1760353041
|move|p2a: Perrserker|Iron Head|p1a: Knuffmuff
|-damage|p1a: Knuffmuff|0 fnt
|faint|p1a: Knuffmuff
|
|-heal|p2a: Perrserker|14/100 brn|[from] item: Leftovers
|-damage|p2a: Perrserker|8/100 brn|[from] brn
|upkeep
|
|t:|1760353048
|switch|p1a: Bambi|Cobalion|100/100
|turn|17
|
|t:|1760353052
|move|p1a: Bambi|Aura Sphere|p2a: Perrserker
|-supereffective|p2a: Perrserker
|-damage|p2a: Perrserker|0 fnt
|faint|p2a: Perrserker
|
|upkeep
|
|t:|1760353056
|switch|p2a: Vaporeon|Vaporeon, M|100/100
|turn|18
|
|t:|1760353059
|move|p1a: Bambi|Calm Mind|p1a: Bambi
|-boost|p1a: Bambi|spa|1
|-boost|p1a: Bambi|spd|1
|move|p2a: Vaporeon|Scald|p1a: Bambi
|-damage|p1a: Bambi|73/100
|
|upkeep
|turn|19
|
|t:|1760353066
|move|p1a: Bambi|Calm Mind|p1a: Bambi
|-boost|p1a: Bambi|spa|1
|-boost|p1a: Bambi|spd|1
|move|p2a: Vaporeon|Scald|p1a: Bambi
|-damage|p1a: Bambi|53/100
|
|upkeep
|turn|20
|
|t:|1760353073
|move|p1a: Bambi|Aura Sphere|p2a: Vaporeon
|-damage|p2a: Vaporeon|54/100
|move|p2a: Vaporeon|Haze|p2a: Vaporeon
|-clearallboost
|
|-heal|p2a: Vaporeon|60/100|[from] item: Leftovers
|upkeep
|turn|21
|
|t:|1760353080
|move|p1a: Bambi|Volt Switch|p2a: Vaporeon
|-supereffective|p2a: Vaporeon
|-damage|p2a: Vaporeon|25/100
|
|t:|1760353083
|switch|p1a: JJ|Primarina, M|100/100|[from] Volt Switch
|move|p2a: Vaporeon|Wish|p2a: Vaporeon
|
|-heal|p2a: Vaporeon|31/100|[from] item: Leftovers
|upkeep
|turn|22
|inactive|Battle timer is ON: inactive players will automatically lose when time's up. (requested by grunt ted)
|
|t:|1760353096
|move|p2a: Vaporeon|Protect|p2a: Vaporeon
|-singleturn|p2a: Vaporeon|Protect
|move|p1a: JJ|Alluring Voice|p2a: Vaporeon
|-activate|p2a: Vaporeon|move: Protect
|
|-heal|p2a: Vaporeon|81/100|[from] move: Wish|[wisher] Vaporeon
|-heal|p2a: Vaporeon|87/100|[from] item: Leftovers
|upkeep
|turn|23
|
|t:|1760353107
|move|p1a: JJ|Alluring Voice|p2a: Vaporeon
|-damage|p2a: Vaporeon|36/100
|move|p2a: Vaporeon|Scald|p1a: JJ
|-resisted|p1a: JJ
|-damage|p1a: JJ|86/100
|-status|p1a: JJ|brn
|
|-heal|p2a: Vaporeon|42/100|[from] item: Leftovers
|-damage|p1a: JJ|80/100 brn|[from] brn
|upkeep
|turn|24
|
|t:|1760353116
|move|p2a: Vaporeon|Protect|p2a: Vaporeon
|-singleturn|p2a: Vaporeon|Protect
|move|p1a: JJ|Alluring Voice|p2a: Vaporeon
|-activate|p2a: Vaporeon|move: Protect
|
|-heal|p2a: Vaporeon|48/100|[from] item: Leftovers
|-damage|p1a: JJ|74/100 brn|[from] brn
|upkeep
|turn|25
|
|t:|1760353123
|move|p1a: JJ|Alluring Voice|p2a: Vaporeon
|-damage|p2a: Vaporeon|0 fnt
|faint|p2a: Vaporeon
|
|-damage|p1a: JJ|68/100 brn|[from] brn
|upkeep
|
|t:|1760353126
|switch|p2a: Meowscarada|Meowscarada, F|62/100
|turn|26
|
|t:|1760353136
|-terastallize|p1a: JJ|Grass
|move|p2a: Meowscarada|Flower Trick|p1a: JJ
|-start|p2a: Meowscarada|typechange|Grass|[from] ability: Protean
|-resisted|p1a: JJ
|-crit|p1a: JJ
|-damage|p1a: JJ|26/100 brn
|move|p1a: JJ|Alluring Voice|p2a: Meowscarada
|-damage|p2a: Meowscarada|0 fnt
|faint|p2a: Meowscarada
|
|win|Fluffias
|raw|Fluffias's rating: 1073 &rarr; <strong>1102</strong><br />(+29 for winning)
|raw|grunt ted's rating: 1069 &rarr; <strong>1049</strong><br />(-20 for losing)
|l|☆grunt ted
|player|p2|
|l|☆Fluffias
|player|p1|
