|j|☆lousiv
|j|☆chikunu
|t:|1760353960
|gametype|singles
|player|p1|lousiv|volkner|1310
|player|p2|chikunu|roughneck|1343
|gen|9
|tier|[Gen 9] OU
|rated|
|rule|HP Percentage Mod: HP is shown in percentages
|rule|Endless Battle Clause: Forcing endless battles is banned
|rule|Species Clause: Limit one of each Pokémon
|rule|OHKO Clause: OHKO moves are banned
|rule|Evasion Items Clause: Evasion items are banned
|rule|Evasion Moves Clause: Evasion moves are banned
|rule|Evasion Abilities Clause: Evasion abilities are banned
|rule|Sleep Moves Clause: Sleep-inducing moves are banned
|clearpoke
|poke|p1|Blissey, F|
|poke|p1|Sableye, M|
|poke|p1|Venusaur, F|
|poke|p1|Quagsire, M|
|poke|p1|Weavile, M|
|poke|p1|Mandibuzz, F|
|poke|p2|Iron Valiant|
|poke|p2|Gholdengo|
|poke|p2|Ogerpon-Wellspring, F|
|poke|p2|Moltres|
|poke|p2|Great Tusk|
|poke|p2|Darkrai|
|teampreview
|inactive|Battle timer is ON: inactive players will automatically lose when time's up. (requested by lousiv)
|
|t:|1760353977
|teamsize|p1|6
|teamsize|p2|6
|start
|switch|p1a: Sableye|Sableye, M|100/100
|switch|p2a: Darkrai|Darkrai|100/100
|turn|1
|
|t:|1760353986
|move|p2a: Darkrai|Focus Blast|p1a: Sableye
|-immune|p1a: Sableye
|move|p1a: Sableye|Knock Off|p2a: Darkrai
|-resisted|p2a: Darkrai
|-crit|p2a: Darkrai
|-damage|p2a: Darkrai|75/100
|-enditem|p2a: Darkrai|Life Orb|[from] move: Knock Off|[of] p1a: Sableye
|
|upkeep
|turn|2
|
|t:|1760353994
|switch|p1a: Blissey|Blissey, F|100/100
|move|p2a: Darkrai|Dark Pulse|p1a: Blissey
|-damage|p1a: Blissey|84/100
|
|upkeep
|turn|3
|
|t:|1760354000
|switch|p2a: Gholdengo|Gholdengo|100/100
|move|p1a: Blissey|Stealth Rock|p2a: Gholdengo
|-sidestart|p2: chikunu|move: Stealth Rock
|
|upkeep
|turn|4
|
|t:|1760354009
|move|p2a: Gholdengo|Focus Blast|p1a: Blissey|[miss]
|-miss|p2a: Gholdengo|p1a: Blissey
|move|p1a: Blissey|Soft-Boiled|p1a: Blissey
|-heal|p1a: Blissey|100/100
|
|upkeep
|turn|5
|
|t:|1760354018
|switch|p2a: Great Tusk|Great Tusk|100/100
|-damage|p2a: Great Tusk|98/100|[from] Stealth Rock
|switch|p1a: Sableye|Sableye, M|100/100
|
|upkeep
|turn|6
|
|t:|1760354023
|move|p1a: Sableye|Will-O-Wisp|p2a: Great Tusk
|-status|p2a: Great Tusk|brn
|move|p2a: Great Tusk|Stealth Rock|p1a: Sableye
|-sidestart|p1: lousiv|move: Stealth Rock
|
|-damage|p2a: Great Tusk|91/100 brn|[from] brn
|upkeep
|turn|7
|
|t:|1760354028
|move|p2a: Great Tusk|Earthquake|p1a: Sableye
|-damage|p1a: Sableye|77/100
|move|p1a: Sableye|Knock Off|p2a: Great Tusk
|-resisted|p2a: Great Tusk
|-damage|p2a: Great Tusk|84/100 brn
|-damage|p1a: Sableye|61/100|[from] item: Rocky Helmet|[of] p2a: Great Tusk
|-enditem|p2a: Great Tusk|Rocky Helmet|[from] move: Knock Off|[of] p1a: Sableye
|
|-heal|p1a: Sableye|67/100|[from] item: Leftovers
|-damage|p2a: Great Tusk|77/100 brn|[from] brn
|upkeep
|turn|8
|
|t:|1760354039
|-end|p2a: Great Tusk|Protosynthesis|[silent]
|switch|p2a: Darkrai|Darkrai|75/100
|-damage|p2a: Darkrai|62/100|[from] Stealth Rock
|move|p1a: Sableye|Knock Off|p2a: Darkrai
|-resisted|p2a: Darkrai
|-damage|p2a: Darkrai|51/100
|
|-heal|p1a: Sableye|74/100|[from] item: Leftovers
|upkeep
|turn|9
|
|t:|1760354053
|switch|p1a: Blissey|Blissey, F|100/100
|move|p2a: Darkrai|Sludge Bomb|p1a: Blissey
|-crit|p1a: Blissey
|-damage|p1a: Blissey|83/100
|
|upkeep
|turn|10
|
|t:|1760354071
|switch|p2a: Gholdengo|Gholdengo|100/100
|-damage|p2a: Gholdengo|94/100|[from] Stealth Rock
|move|p1a: Blissey|Thunder Wave|p2a: Gholdengo
|-immune|p2a: Gholdengo|[from] ability: Good as Gold
|
|upkeep
|turn|11
|
|t:|1760354077
|move|p2a: Gholdengo|Trick|p1a: Blissey
|-activate|p2a: Gholdengo|move: Trick|[of] p1a: Blissey
|-item|p1a: Blissey|Choice Scarf|[from] move: Trick
|-item|p2a: Gholdengo|Heavy-Duty Boots|[from] move: Trick
|move|p1a: Blissey|Soft-Boiled|p1a: Blissey
|-heal|p1a: Blissey|100/100
|
|upkeep
|turn|12
|
|t:|1760354085
|move|p2a: Gholdengo|Shadow Ball|p1a: Blissey
|-immune|p1a: Blissey
|move|p1a: Blissey|Soft-Boiled||[still]
|-fail|p1a: Blissey|heal
|
|upkeep
|turn|13
|
|t:|1760354088
|move|p2a: Gholdengo|Shadow Ball|p1a: Blissey
|-immune|p1a: Blissey
|move|p1a: Blissey|Soft-Boiled||[still]
|-fail|p1a: Blissey|heal
|
|upkeep
|turn|14
|
|t:|1760354092
|switch|p1a: Weavile|Weavile, M|100/100
|-damage|p1a: Weavile|76/100|[from] Stealth Rock
|-ability|p1a: Weavile|Pressure
|move|p2a: Gholdengo|Shadow Ball|p1a: Weavile
|-resisted|p1a: Weavile
|-damage|p1a: Weavile|46/100
|-unboost|p1a: Weavile|spd|1
|
|upkeep
|turn|15
|
|t:|1760354100
|switch|p2a: Moltres|Moltres|100/100
|move|p1a: Weavile|Night Slash|p2a: Moltres
|-damage|p2a: Moltres|68/100
|
|upkeep
|turn|16
|
|t:|1760354107
|switch|p1a: Mandibuzz|Mandibuzz, F|100/100
|-damage|p1a: Mandibuzz|75/100|[from] Stealth Rock
|move|p2a: Moltres|Roost|p2a: Moltres
|-heal|p2a: Moltres|100/100
|-singleturn|p2a: Moltres|move: Roost
|
|-heal|p1a: Mandibuzz|82/100|[from] item: Leftovers
|upkeep
|turn|17
|
|t:|1760354113
|move|p2a: Moltres|Will-O-Wisp|p1a: Mandibuzz
|-status|p1a: Mandibuzz|brn
|move|p1a: Mandibuzz|Toxic|p2a: Moltres
|-status|p2a: Moltres|tox
|
|-heal|p1a: Mandibuzz|88/100 brn|[from] item: Leftovers
|-damage|p2a: Moltres|94/100 tox|[from] psn
|-damage|p1a: Mandibuzz|82/100 brn|[from] brn
|upkeep
|turn|18
|
|t:|1760354118
|move|p2a: Moltres|U-turn|p1a: Mandibuzz
|-damage|p1a: Mandibuzz|74/100 brn
|
|t:|1760354120
|switch|p2a: Gholdengo|Gholdengo|94/100|[from] U-turn
|move|p1a: Mandibuzz|Defog|p2a: Gholdengo
|-immune|p2a: Gholdengo|[from] ability: Good as Gold
|
|-heal|p1a: Mandibuzz|80/100 brn|[from] item: Leftovers
|-damage|p1a: Mandibuzz|74/100 brn|[from] brn
|upkeep
|turn|19
|
|t:|1760354128
|switch|p2a: Great Tusk|Great Tusk|77/100 brn
|-damage|p2a: Great Tusk|74/100 brn|[from] Stealth Rock
|move|p1a: Mandibuzz|Foul Play|p2a: Great Tusk
|-resisted|p2a: Great Tusk
|-damage|p2a: Great Tusk|69/100 brn
|
|-heal|p1a: Mandibuzz|80/100 brn|[from] item: Leftovers
|-damage|p2a: Great Tusk|62/100 brn|[from] brn
|-damage|p1a: Mandibuzz|74/100 brn|[from] brn
|upkeep
|turn|20
|
|t:|1760354131
|move|p2a: Great Tusk|Earthquake|p1a: Mandibuzz
|-immune|p1a: Mandibuzz
|move|p1a: Mandibuzz|Defog|p2a: Great Tusk
|-unboost|p2a: Great Tusk|evasion|1
|-sideend|p2: chikunu|Stealth Rock|[from] move: Defog|[of] p1a: Mandibuzz
|-sideend|p1: lousiv|Stealth Rock|[from] move: Defog|[of] p1a: Mandibuzz
|
|-heal|p1a: Mandibuzz|80/100 brn|[from] item: Leftovers
|-damage|p2a: Great Tusk|56/100 brn|[from] brn
|-damage|p1a: Mandibuzz|74/100 brn|[from] brn
|upkeep
|turn|21
|
|t:|1760354136
|switch|p1a: Weavile|Weavile, M|46/100
|-ability|p1a: Weavile|Pressure
|move|p2a: Great Tusk|Ice Spinner|p1a: Weavile
|-resisted|p1a: Weavile
|-damage|p1a: Weavile|36/100
|
|-damage|p2a: Great Tusk|50/100 brn|[from] brn
|upkeep
|turn|22
|
|t:|1760354144
|-end|p2a: Great Tusk|Protosynthesis|[silent]
|switch|p2a: Moltres|Moltres|94/100 tox
|move|p1a: Weavile|Night Slash|p2a: Moltres
|-damage|p2a: Moltres|58/100 tox
|
|-damage|p2a: Moltres|52/100 tox|[from] psn
|upkeep
|turn|23
|
|t:|1760354151
|switch|p1a: Blissey|Blissey, F|100/100
|move|p2a: Moltres|Roost|p2a: Moltres
|-heal|p2a: Moltres|100/100 tox
|-singleturn|p2a: Moltres|move: Roost
|
|-damage|p2a: Moltres|88/100 tox|[from] psn
|upkeep
|turn|24
|
|t:|1760354161
|switch|p2a: Great Tusk|Great Tusk|50/100 brn
|move|p1a: Blissey|Stealth Rock|p2a: Great Tusk
|-sidestart|p2: chikunu|move: Stealth Rock
|
|-damage|p2a: Great Tusk|44/100 brn|[from] brn
|upkeep
|turn|25
|
|t:|1760354165
|switch|p1a: Sableye|Sableye, M|74/100
|move|p2a: Great Tusk|Stealth Rock|p1a: Sableye
|-sidestart|p1: lousiv|move: Stealth Rock
|
|-heal|p1a: Sableye|80/100|[from] item: Leftovers
|-damage|p2a: Great Tusk|38/100 brn|[from] brn
|upkeep
|turn|26
|inactive|chikunu has 120 seconds left.
|
|t:|1760354205
|-end|p2a: Great Tusk|Protosynthesis|[silent]
|switch|p2a: Gholdengo|Gholdengo|94/100
|switch|p1a: Mandibuzz|Mandibuzz, F|74/100 brn
|-damage|p1a: Mandibuzz|49/100 brn|[from] Stealth Rock
|
|-heal|p1a: Mandibuzz|55/100 brn|[from] item: Leftovers
|-damage|p1a: Mandibuzz|49/100 brn|[from] brn
|upkeep
|turn|27
|inactive|chikunu has 120 seconds left.
|
|t:|1760354213
|move|p2a: Gholdengo|Focus Blast|p1a: Mandibuzz
|-damage|p1a: Mandibuzz|12/100 brn
|move|p1a: Mandibuzz|Roost|p1a: Mandibuzz
|-heal|p1a: Mandibuzz|62/100 brn
|-singleturn|p1a: Mandibuzz|move: Roost
|
|-heal|p1a: Mandibuzz|68/100 brn|[from] item: Leftovers
|-damage|p1a: Mandibuzz|62/100 brn|[from] brn
|upkeep
|turn|28
|
|t:|1760354221
|move|p2a: Gholdengo|Make It Rain|p1a: Mandibuzz
|-damage|p1a: Mandibuzz|12/100 brn
|-unboost|p2a: Gholdengo|spa|1
|move|p1a: Mandibuzz|Roost|p1a: Mandibuzz
|-heal|p1a: Mandibuzz|62/100 brn
|-singleturn|p1a: Mandibuzz|move: Roost
|
|-heal|p1a: Mandibuzz|68/100 brn|[from] item: Leftovers
|-damage|p1a: Mandibuzz|62/100 brn|[from] brn
|upkeep
|turn|29
|
|t:|1760354233
|switch|p2a: Moltres|Moltres|88/100 tox
|move|p1a: Mandibuzz|Defog|p2a: Moltres
|-unboost|p2a: Moltres|evasion|1
|-sideend|p2: chikunu|Stealth Rock|[from] move: Defog|[of] p1a: Mandibuzz
|-sideend|p1: lousiv|Stealth Rock|[from] move: Defog|[of] p1a: Mandibuzz
|
|-heal|p1a: Mandibuzz|68/100 brn|[from] item: Leftovers
|-damage|p2a: Moltres|82/100 tox|[from] psn
|-damage|p1a: Mandibuzz|62/100 brn|[from] brn
|upkeep
|turn|30
|
|t:|1760354241
|move|p2a: Moltres|Roost|p2a: Moltres
|-heal|p2a: Moltres|100/100 tox
|-singleturn|p2a: Moltres|move: Roost
|move|p1a: Mandibuzz|Roost|p1a: Mandibuzz
|-heal|p1a: Mandibuzz|100/100 brn
|-singleturn|p1a: Mandibuzz|move: Roost
|
|-damage|p2a: Moltres|88/100 tox|[from] psn
|-damage|p1a: Mandibuzz|94/100 brn|[from] brn
|upkeep
|turn|31
|
|t:|1760354250
|switch|p2a: Darkrai|Darkrai|51/100
|switch|p1a: Blissey|Blissey, F|100/100
|
|upkeep
|turn|32
|
|t:|1760354264
|move|p2a: Darkrai|Focus Blast|p1a: Blissey|[miss]
|-miss|p2a: Darkrai|p1a: Blissey
|move|p1a: Blissey|Stealth Rock|p2a: Darkrai
|-sidestart|p2: chikunu|move: Stealth Rock
|
|upkeep
|turn|33
|
|t:|1760354283
|switch|p1a: Weavile|Weavile, M|36/100
|-ability|p1a: Weavile|Pressure
|move|p2a: Darkrai|Dark Pulse|p1a: Weavile
|-resisted|p1a: Weavile
|-damage|p1a: Weavile|7/100
|
|upkeep
|turn|34
|inactive|chikunu has 120 seconds left.
|inactive|chikunu has 90 seconds left.
|
|t:|1760354359
|switch|p2a: Moltres|Moltres|88/100 tox
|move|p1a: Weavile|Triple Axel|p2a: Moltres
|-damage|p2a: Moltres|79/100 tox
|-damage|p2a: Moltres|59/100 tox
|-hitcount|p2a: Moltres|2
|
|-damage|p2a: Moltres|53/100 tox|[from] psn
|upkeep
|turn|35
|inactive|chikunu has 60 seconds left.
|
|t:|1760354390
|move|p1a: Weavile|Triple Axel|p2a: Moltres
|-damage|p2a: Moltres|44/100 tox
|-status|p1a: Weavile|brn|[from] ability: Flame Body|[of] p2a: Moltres
|-damage|p2a: Moltres|33/100 tox
|-hitcount|p2a: Moltres|2
|move|p2a: Moltres|Roost|p2a: Moltres
|-heal|p2a: Moltres|83/100 tox
|-singleturn|p2a: Moltres|move: Roost
|
|-damage|p2a: Moltres|71/100 tox|[from] psn
|-damage|p1a: Weavile|1/100 brn|[from] brn
|upkeep
|turn|36
|inactive|chikunu has 60 seconds left.
|
|t:|1760354403
|switch|p2a: Gholdengo|Gholdengo|94/100
|move|p1a: Weavile|Triple Axel|p2a: Gholdengo
|-resisted|p2a: Gholdengo
|-crit|p2a: Gholdengo
|-damage|p2a: Gholdengo|88/100
|-resisted|p2a: Gholdengo
|-damage|p2a: Gholdengo|80/100
|-resisted|p2a: Gholdengo
|-damage|p2a: Gholdengo|67/100
|-hitcount|p2a: Gholdengo|3
|
|-damage|p1a: Weavile|0 fnt|[from] brn
|faint|p1a: Weavile
|upkeep
|
|t:|1760354410
|switch|p1a: Venusaur|Venusaur, F|100/100
|turn|37
|inactive|chikunu has 60 seconds left.
|
|t:|1760354439
|move|p2a: Gholdengo|Shadow Ball|p1a: Venusaur
|-damage|p1a: Venusaur|62/100
|-unboost|p1a: Venusaur|spd|1
|move|p1a: Venusaur|Knock Off|p2a: Gholdengo
|-supereffective|p2a: Gholdengo
|-damage|p2a: Gholdengo|29/100
|-enditem|p2a: Gholdengo|Heavy-Duty Boots|[from] move: Knock Off|[of] p1a: Venusaur
|
|-heal|p1a: Venusaur|68/100|[from] item: Black Sludge
|upkeep
|turn|38
|inactive|chikunu has 30 seconds left.
|inactive|chikunu has 20 seconds left.
|inactive|chikunu has 15 seconds left.
|inactive|chikunu has 10 seconds left.
|inactive|chikunu has 5 seconds left.
|-message|chikunu lost due to inactivity.
|
|win|lousiv
|raw|lousiv's rating: 1310 &rarr; <strong>1332</strong><br />(+22 for winning)
|raw|chikunu's rating: 1343 &rarr; <strong>1321</strong><br />(-22 for losing)
|l|☆lousiv
|player|p1|
|l|☆chikunu
|player|p2|
