|j|☆wintermoon0
|j|☆MBMOCLS
|t:|1760461022
|gametype|singles
|player|p1|wintermoon0|170|1402
|player|p2|MBMOCLS|169|1406
|gen|9
|tier|[Gen 9] OU
|rated|
|rule|HP Percentage Mod: HP is shown in percentages
|rule|Endless Battle Clause: Forcing endless battles is banned
|rule|Species Clause: Limit one of each Pokémon
|rule|OHKO Clause: OHKO moves are banned
|rule|Evasion Items Clause: Evasion items are banned
|rule|Evasion Moves Clause: Evasion moves are banned
|rule|Evasion Abilities Clause: Evasion abilities are banned
|rule|Sleep Moves Clause: Sleep-inducing moves are banned
|clearpoke
|poke|p1|Pelipper, M|
|poke|p1|Barraskewda, M|
|poke|p1|Sandy Shocks|
|poke|p1|Deoxys-Speed|
|poke|p1|Cramorant, F|
|poke|p1|Haxorus, F|
|poke|p2|Weavile, F|
|poke|p2|Pecharunt|
|poke|p2|Ting-Lu|
|poke|p2|Tinkaton, F|
|poke|p2|Keldeo|
|poke|p2|Dragonite, F|
|teampreview
|inactive|Battle timer is ON: inactive players will automatically lose when time's up. (requested by wintermoon0)
|inactive|MBMOCLS also wants the timer to be on.
|
|t:|1760461037
|teamsize|p1|6
|teamsize|p2|6
|start
|switch|p1a: Pelipper|Pelipper, M|100/100
|switch|p2a: Tinkaton|Tinkaton, F|100/100
|-item|p2a: Tinkaton|Air Balloon
|-weather|RainDance|[from] ability: Drizzle|[of] p1a: Pelipper
|turn|1
|
|t:|1760461042
|move|p2a: Tinkaton|Stealth Rock|p1a: Pelipper
|-sidestart|p1: wintermoon0|move: Stealth Rock
|move|p1a: Pelipper|Weather Ball|p2a: Tinkaton
|-damage|p2a: Tinkaton|43/100
|-enditem|p2a: Tinkaton|Air Balloon
|
|-weather|RainDance|[upkeep]
|upkeep
|turn|2
|
|t:|1760461050
|move|p2a: Tinkaton|Knock Off|p1a: Pelipper
|-damage|p1a: Pelipper|81/100
|-enditem|p1a: Pelipper|Damp Rock|[from] move: Knock Off|[of] p2a: Tinkaton
|move|p1a: Pelipper|U-turn|p2a: Tinkaton
|-resisted|p2a: Tinkaton
|-damage|p2a: Tinkaton|40/100
|
|t:|1760461060
|switch|p1a: Barraskewda|Barraskewda, M|100/100|[from] U-turn
|-damage|p1a: Barraskewda|88/100|[from] Stealth Rock
|
|-weather|RainDance|[upkeep]
|upkeep
|turn|3
|
|t:|1760461067
|switch|p2a: Pecharunt|Pecharunt|100/100
|move|p1a: Barraskewda|Liquidation|p2a: Pecharunt
|-damage|p2a: Pecharunt|53/100
|
|-weather|RainDance|[upkeep]
|upkeep
|turn|4
|
|t:|1760461073
|move|p1a: Barraskewda|Liquidation|p2a: Pecharunt
|-damage|p2a: Pecharunt|1/100
|move|p2a: Pecharunt|Parting Shot|p1a: Barraskewda
|-unboost|p1a: Barraskewda|atk|1
|-unboost|p1a: Barraskewda|spa|1
|
|t:|1760461080
|switch|p2a: Dragonite|Dragonite, F|100/100|[from] Parting Shot
|
|-weather|RainDance|[upkeep]
|upkeep
|turn|5
|
|t:|1760461085
|switch|p1a: Sandy Shocks|Sandy Shocks|100/100
|-damage|p1a: Sandy Shocks|94/100|[from] Stealth Rock
|-enditem|p1a: Sandy Shocks|Booster Energy
|-activate|p1a: Sandy Shocks|ability: Protosynthesis|[fromitem]
|-start|p1a: Sandy Shocks|protosynthesisspa
|move|p2a: Dragonite|Hurricane|p1a: Sandy Shocks
|-resisted|p1a: Sandy Shocks
|-damage|p1a: Sandy Shocks|71/100
|
|-weather|RainDance|[upkeep]
|upkeep
|turn|6
|
|t:|1760461087
|move|p1a: Sandy Shocks|Thunder Wave|p2a: Dragonite
|-status|p2a: Dragonite|par
|cant|p2a: Dragonite|par
|
|-weather|RainDance|[upkeep]
|upkeep
|turn|7
|
|t:|1760461092
|move|p1a: Sandy Shocks|Thunder|p2a: Dragonite
|-damage|p2a: Dragonite|69/100 par
|move|p2a: Dragonite|Earthquake|p1a: Sandy Shocks
|-supereffective|p1a: Sandy Shocks
|-damage|p1a: Sandy Shocks|0 fnt
|faint|p1a: Sandy Shocks
|-end|p1a: Sandy Shocks|Protosynthesis|[silent]
|
|-weather|RainDance|[upkeep]
|upkeep
|
|t:|1760461103
|switch|p1a: Haxorus|Haxorus, F|100/100
|-damage|p1a: Haxorus|88/100|[from] Stealth Rock
|-ability|p1a: Haxorus|Mold Breaker
|turn|8
|
|t:|1760461110
|switch|p2a: Tinkaton|Tinkaton, F|40/100
|move|p1a: Haxorus|Dragon Dance|p1a: Haxorus
|-boost|p1a: Haxorus|atk|1
|-boost|p1a: Haxorus|spe|1
|
|-weather|none
|upkeep
|turn|9
|
|t:|1760461118
|switch|p1a: Pelipper|Pelipper, M|81/100
|-damage|p1a: Pelipper|56/100|[from] Stealth Rock
|-weather|RainDance|[from] ability: Drizzle|[of] p1a: Pelipper
|move|p2a: Tinkaton|Encore||[still]
|-fail|p2a: Tinkaton
|
|-weather|RainDance|[upkeep]
|upkeep
|turn|10
|
|t:|1760461122
|switch|p2a: Dragonite|Dragonite, F|69/100 par
|move|p1a: Pelipper|Weather Ball|p2a: Dragonite
|-resisted|p2a: Dragonite
|-damage|p2a: Dragonite|39/100 par
|
|-weather|RainDance|[upkeep]
|upkeep
|turn|11
|
|t:|1760461128
|move|p1a: Pelipper|Hurricane|p2a: Dragonite
|-damage|p2a: Dragonite|0 fnt
|faint|p2a: Dragonite
|
|-weather|RainDance|[upkeep]
|upkeep
|
|t:|1760461135
|switch|p2a: Pecharunt|Pecharunt|1/100
|turn|12
|
|t:|1760461138
|move|p2a: Pecharunt|Malignant Chain|p1a: Pelipper
|-damage|p1a: Pelipper|13/100
|move|p1a: Pelipper|U-turn|p2a: Pecharunt
|-resisted|p2a: Pecharunt
|-damage|p2a: Pecharunt|0 fnt
|faint|p2a: Pecharunt
|
|t:|1760461147
|switch|p1a: Cramorant|Cramorant, F|100/100|[from] U-turn
|-damage|p1a: Cramorant|75/100|[from] Stealth Rock
|
|-weather|RainDance|[upkeep]
|-heal|p1a: Cramorant|82/100|[from] item: Leftovers
|upkeep
|
|t:|1760461158
|switch|p2a: Ting-Lu|Ting-Lu|100/100
|-ability|p2a: Ting-Lu|Vessel of Ruin
|turn|13
|
|t:|1760461183
|-terastallize|p2a: Ting-Lu|Water
|move|p1a: Cramorant|Surf|p2a: Ting-Lu
|-formechange|p1a: Cramorant|Cramorant-Gulping|
|-resisted|p2a: Ting-Lu
|-damage|p2a: Ting-Lu|92/100
|move|p2a: Ting-Lu|Ruination|p1a: Cramorant
|-damage|p1a: Cramorant|41/100
|-damage|p2a: Ting-Lu|67/100|[from] ability: Gulp Missile|[of] p1a: Cramorant
|-unboost|p2a: Ting-Lu|def|1
|-formechange|p1a: Cramorant|Cramorant|
|
|-weather|none
|-heal|p1a: Cramorant|47/100|[from] item: Leftovers
|upkeep
|turn|14
|
|t:|1760461193
|move|p1a: Cramorant|Agility|p1a: Cramorant
|-boost|p1a: Cramorant|spe|2
|move|p2a: Ting-Lu|Spikes|p1a: Cramorant
|-sidestart|p1: wintermoon0|Spikes
|
|-heal|p1a: Cramorant|53/100|[from] item: Leftovers
|upkeep
|turn|15
|
|t:|1760461196
|move|p1a: Cramorant|Surf|p2a: Ting-Lu
|-formechange|p1a: Cramorant|Cramorant-Gulping|
|-resisted|p2a: Ting-Lu
|-damage|p2a: Ting-Lu|61/100
|move|p2a: Ting-Lu|Whirlwind|p1a: Cramorant
|drag|p1a: Pelipper|Pelipper, M|13/100
|-damage|p1a: Pelipper|0 fnt|[from] Stealth Rock
|faint|p1a: Pelipper
|
|upkeep
|
|t:|1760461209
|switch|p1a: Deoxys|Deoxys-Speed|100/100
|-damage|p1a: Deoxys|88/100|[from] Stealth Rock
|-damage|p1a: Deoxys|76/100|[from] Spikes
|-ability|p1a: Deoxys|Pressure
|turn|16
|
|t:|1760461213
|switch|p2a: Tinkaton|Tinkaton, F|40/100
|move|p1a: Deoxys|Stealth Rock|p2a: Tinkaton
|-sidestart|p2: MBMOCLS|move: Stealth Rock
|
|upkeep
|turn|17
|
|t:|1760461216
|move|p1a: Deoxys|Thunderbolt|p2a: Tinkaton
|-damage|p2a: Tinkaton|18/100
|move|p2a: Tinkaton|Knock Off|p1a: Deoxys
|-supereffective|p1a: Deoxys
|-damage|p1a: Deoxys|20/100
|-enditem|p1a: Deoxys|Focus Sash|[from] move: Knock Off|[of] p2a: Tinkaton
|
|upkeep
|turn|18
|
|t:|1760461220
|move|p1a: Deoxys|Thunderbolt|p2a: Tinkaton
|-damage|p2a: Tinkaton|0 fnt
|faint|p2a: Tinkaton
|
|upkeep
|
|t:|1760461224
|switch|p2a: Weavile|Weavile, F|100/100
|-ability|p2a: Weavile|Pressure
|turn|19
|
|t:|1760461228
|move|p2a: Weavile|Ice Shard|p1a: Deoxys
|-damage|p1a: Deoxys|0 fnt
|faint|p1a: Deoxys
|
|upkeep
|
|t:|1760461232
|switch|p1a: Barraskewda|Barraskewda, M|88/100
|-damage|p1a: Barraskewda|76/100|[from] Stealth Rock
|-damage|p1a: Barraskewda|64/100|[from] Spikes
|turn|20
|
|t:|1760461238
|switch|p2a: Ting-Lu|Ting-Lu, tera:Water|61/100
|-damage|p2a: Ting-Lu|48/100|[from] Stealth Rock
|-ability|p2a: Ting-Lu|Vessel of Ruin
|move|p1a: Barraskewda|Flip Turn|p2a: Ting-Lu
|-resisted|p2a: Ting-Lu
|-damage|p2a: Ting-Lu|37/100
|-damage|p1a: Barraskewda|48/100|[from] item: Rocky Helmet|[of] p2a: Ting-Lu
|
|t:|1760461245
|switch|p1a: Haxorus|Haxorus, F|88/100|[from] Flip Turn
|-damage|p1a: Haxorus|76/100|[from] Stealth Rock
|-damage|p1a: Haxorus|64/100|[from] Spikes
|-ability|p1a: Haxorus|Mold Breaker
|
|upkeep
|turn|21
|
|t:|1760461252
|move|p1a: Haxorus|Dragon Dance|p1a: Haxorus
|-boost|p1a: Haxorus|atk|1
|-boost|p1a: Haxorus|spe|1
|move|p2a: Ting-Lu|Ruination|p1a: Haxorus
|-damage|p1a: Haxorus|32/100
|
|upkeep
|turn|22
|
|t:|1760461258
|move|p1a: Haxorus|Poison Jab|p2a: Ting-Lu
|-damage|p2a: Ting-Lu|2/100
|-status|p2a: Ting-Lu|psn
|-damage|p1a: Haxorus|16/100|[from] item: Rocky Helmet|[of] p2a: Ting-Lu
|-damage|p1a: Haxorus|6/100|[from] item: Life Orb
|move|p2a: Ting-Lu|Whirlwind|p1a: Haxorus
|drag|p1a: Barraskewda|Barraskewda, M|48/100
|-damage|p1a: Barraskewda|35/100|[from] Stealth Rock
|-damage|p1a: Barraskewda|23/100|[from] Spikes
|
|-damage|p2a: Ting-Lu|0 fnt|[from] psn
|faint|p2a: Ting-Lu
|upkeep
|
|t:|1760461263
|switch|p2a: Keldeo|Keldeo|100/100
|turn|23
|
|t:|1760461266
|move|p2a: Keldeo|Vacuum Wave|p1a: Barraskewda
|-damage|p1a: Barraskewda|0 fnt
|faint|p1a: Barraskewda
|
|upkeep
|
|t:|1760461270
|switch|p1a: Haxorus|Haxorus, F|6/100
|-damage|p1a: Haxorus|0 fnt|[from] Stealth Rock
|faint|p1a: Haxorus
|
|t:|1760461271
|switch|p1a: Cramorant|Cramorant, F|53/100
|-damage|p1a: Cramorant|28/100|[from] Stealth Rock
|turn|24
|
|t:|1760461274
|move|p2a: Keldeo|Hydro Pump|p1a: Cramorant
|-resisted|p1a: Cramorant
|-damage|p1a: Cramorant|8/100
|move|p1a: Cramorant|Agility|p1a: Cramorant
|-boost|p1a: Cramorant|spe|2
|
|-heal|p1a: Cramorant|14/100|[from] item: Leftovers
|upkeep
|turn|25
|
|t:|1760461279
|move|p2a: Keldeo|Vacuum Wave|p1a: Cramorant
|-resisted|p1a: Cramorant
|-damage|p1a: Cramorant|7/100
|move|p1a: Cramorant|Roost|p1a: Cramorant
|-heal|p1a: Cramorant|57/100
|-singleturn|p1a: Cramorant|move: Roost
|
|-heal|p1a: Cramorant|63/100|[from] item: Leftovers
|upkeep
|turn|26
|
|t:|1760461285
|move|p1a: Cramorant|Roost|p1a: Cramorant
|-heal|p1a: Cramorant|100/100
|-singleturn|p1a: Cramorant|move: Roost
|move|p2a: Keldeo|Aura Sphere|p1a: Cramorant
|-damage|p1a: Cramorant|72/100
|
|-heal|p1a: Cramorant|78/100|[from] item: Leftovers
|upkeep
|turn|27
|
|t:|1760461289
|move|p1a: Cramorant|Surf|p2a: Keldeo
|-formechange|p1a: Cramorant|Cramorant-Gulping|
|-resisted|p2a: Keldeo
|-damage|p2a: Keldeo|86/100
|move|p2a: Keldeo|Hydro Pump|p1a: Cramorant
|-resisted|p1a: Cramorant
|-damage|p1a: Cramorant|57/100
|-damage|p2a: Keldeo|61/100|[from] ability: Gulp Missile|[of] p1a: Cramorant
|-unboost|p2a: Keldeo|def|1
|-formechange|p1a: Cramorant|Cramorant|
|
|-heal|p1a: Cramorant|63/100|[from] item: Leftovers
|upkeep
|turn|28
|
|t:|1760461297
|move|p1a: Cramorant|Air Slash|p2a: Keldeo
|-supereffective|p2a: Keldeo
|-damage|p2a: Keldeo|10/100
|cant|p2a: Keldeo|flinch
|
|-heal|p1a: Cramorant|69/100|[from] item: Leftovers
|upkeep
|turn|29
|
|t:|1760461303
|switch|p2a: Weavile|Weavile, F|100/100
|-ability|p2a: Weavile|Pressure
|move|p1a: Cramorant|Surf|p2a: Weavile
|-formechange|p1a: Cramorant|Cramorant-Gulping|
|-damage|p2a: Weavile|63/100
|
|-heal|p1a: Cramorant|75/100|[from] item: Leftovers
|upkeep
|turn|30
|
|t:|1760461311
|move|p1a: Cramorant|Surf|p2a: Weavile
|-damage|p2a: Weavile|22/100
|move|p2a: Weavile|Triple Axel|p1a: Cramorant
|-damage|p1a: Cramorant|57/100
|-damage|p2a: Weavile|0 fnt|[from] ability: Gulp Missile|[of] p1a: Cramorant
|-formechange|p1a: Cramorant|Cramorant|
|faint|p2a: Weavile
|-hitcount|p1a: Cramorant|1
|
|-heal|p1a: Cramorant|63/100|[from] item: Leftovers
|upkeep
|-message|MBMOCLS forfeited.
|
|win|wintermoon0
|raw|wintermoon0's rating: 1402 &rarr; <strong>1422</strong><br />(+20 for winning)
|raw|MBMOCLS's rating: 1406 &rarr; <strong>1386</strong><br />(-20 for losing)
|l|☆MBMOCLS
|player|p2|
|l|☆wintermoon0
|player|p1|
