|j|☆gamerman2007
|j|☆Delta4K
|t:|1760359744
|gametype|singles
|player|p1|gamerman2007|brycenman|1283
|player|p2|Delta4K|cynthia-gen4|1357
|gen|9
|tier|[Gen 9] OU
|rated|
|rule|HP Percentage Mod: HP is shown in percentages
|rule|Endless Battle Clause: Forcing endless battles is banned
|rule|Species Clause: Limit one of each Pokémon
|rule|OHKO Clause: OHKO moves are banned
|rule|Evasion Items Clause: Evasion items are banned
|rule|Evasion Moves Clause: Evasion moves are banned
|rule|Evasion Abilities Clause: Evasion abilities are banned
|rule|Sleep Moves Clause: Sleep-inducing moves are banned
|clearpoke
|poke|p1|Moltres|
|poke|p1|Gliscor, M|
|poke|p1|Zamazenta-*|
|poke|p1|Great Tusk|
|poke|p1|Slowking-Galar, F|
|poke|p1|Kyurem|
|poke|p2|Iron Valiant|
|poke|p2|Great Tusk|
|poke|p2|Dragonite, F|
|poke|p2|Araquanid, M|
|poke|p2|Ting-Lu|
|poke|p2|Gholdengo|
|teampreview
|inactive|Battle timer is ON: inactive players will automatically lose when time's up. (requested by gamerman2007)
|inactive|Delta4K has 120 seconds left.
|
|t:|1760359816
|teamsize|p1|6
|teamsize|p2|6
|start
|switch|p1a: Kyurem|Kyurem|100/100
|switch|p2a: Water spider|Araquanid, M|100/100
|-ability|p1a: Kyurem|Pressure
|turn|1
|
|t:|1760359821
|move|p1a: Kyurem|Substitute|p1a: Kyurem
|-start|p1a: Kyurem|Substitute
|-damage|p1a: Kyurem|76/100
|move|p2a: Water spider|Sticky Web|p1a: Kyurem
|-sidestart|p1: gamerman2007|move: Sticky Web
|
|-heal|p1a: Kyurem|82/100|[from] item: Leftovers
|upkeep
|turn|2
|
|t:|1760359826
|move|p1a: Kyurem|Freeze-Dry|p2a: Water spider
|-supereffective|p2a: Water spider
|-damage|p2a: Water spider|57/100
|move|p2a: Water spider|Surf|p1a: Kyurem
|-resisted|p1a: Kyurem
|-activate|p1a: Kyurem|move: Substitute|[damage]
|
|-heal|p1a: Kyurem|88/100|[from] item: Leftovers
|upkeep
|turn|3
|
|t:|1760359832
|move|p1a: Kyurem|Freeze-Dry|p2a: Water spider
|-supereffective|p2a: Water spider
|-damage|p2a: Water spider|17/100
|move|p2a: Water spider|Mirror Coat|p1a: Kyurem
|-end|p1a: Kyurem|Substitute
|
|-heal|p1a: Kyurem|94/100|[from] item: Leftovers
|upkeep
|turn|4
|-enditem|p2a: Water spider|Custap Berry|[eat]
|-activate|p2a: Water spider|item: Custap Berry|[consumed]
|
|t:|1760359837
|move|p2a: Water spider|Endeavor|p1a: Kyurem
|-damage|p1a: Kyurem|14/100
|move|p1a: Kyurem|Substitute|p1a: Kyurem
|-fail|p1a: Kyurem|move: Substitute|[weak]
|
|-heal|p1a: Kyurem|20/100|[from] item: Leftovers
|upkeep
|turn|5
|
|t:|1760359842
|move|p1a: Kyurem|Freeze-Dry|p2a: Water spider
|-supereffective|p2a: Water spider
|-damage|p2a: Water spider|0 fnt
|faint|p2a: Water spider
|
|-heal|p1a: Kyurem|26/100|[from] item: Leftovers
|upkeep
|
|t:|1760359858
|switch|p2a: Cheese string|Gholdengo|100/100
|turn|6
|
|t:|1760359866
|move|p1a: Kyurem|Protect|p1a: Kyurem
|-singleturn|p1a: Kyurem|Protect
|move|p2a: Cheese string|Shadow Ball|p1a: Kyurem
|-activate|p1a: Kyurem|move: Protect
|
|-heal|p1a: Kyurem|33/100|[from] item: Leftovers
|upkeep
|turn|7
|
|t:|1760359871
|move|p1a: Kyurem|Earth Power|p2a: Cheese string
|-supereffective|p2a: Cheese string
|-damage|p2a: Cheese string|24/100
|move|p2a: Cheese string|Shadow Ball|p1a: Kyurem
|-damage|p1a: Kyurem|0 fnt
|faint|p1a: Kyurem
|
|-heal|p2a: Cheese string|30/100|[from] item: Leftovers
|upkeep
|
|t:|1760359877
|switch|p1a: Gliscor|Gliscor, M|100/100
|turn|8
|
|t:|1760359885
|switch|p2a: Big dih dragon|Dragonite, F|100/100
|move|p1a: Gliscor|Stealth Rock|p2a: Big dih dragon
|-sidestart|p2: Delta4K|move: Stealth Rock
|
|-status|p1a: Gliscor|tox|[from] item: Toxic Orb
|upkeep
|turn|9
|
|t:|1760359891
|move|p2a: Big dih dragon|Outrage|p1a: Gliscor
|-damage|p1a: Gliscor|16/100 tox
|move|p1a: Gliscor|U-turn|p2a: Big dih dragon
|-resisted|p2a: Big dih dragon
|-damage|p2a: Big dih dragon|96/100
|
|t:|1760359895
|switch|p1a: Moltres|Moltres|100/100|[from] U-turn
|
|upkeep
|turn|10
|
|t:|1760359901
|move|p2a: Big dih dragon|Outrage|p1a: Moltres|[from] lockedmove
|-damage|p1a: Moltres|32/100
|move|p1a: Moltres|Flamethrower|p2a: Big dih dragon
|-resisted|p2a: Big dih dragon
|-damage|p2a: Big dih dragon|78/100
|
|upkeep
|turn|11
|
|t:|1760359909
|move|p2a: Big dih dragon|Outrage|p1a: Moltres|[from] lockedmove
|-damage|p1a: Moltres|0 fnt
|faint|p1a: Moltres
|-start|p2a: Big dih dragon|confusion|[fatigue]
|
|upkeep
|
|t:|1760359915
|switch|p1a: Great Tusk|Great Tusk|100/100
|-activate|p1a: Great Tusk|move: Sticky Web
|-unboost|p1a: Great Tusk|spe|1
|turn|12
|
|t:|1760359923
|switch|p2a: Cheese string|Gholdengo|30/100
|-damage|p2a: Cheese string|24/100|[from] Stealth Rock
|move|p1a: Great Tusk|Knock Off|p2a: Cheese string
|-supereffective|p2a: Cheese string
|-damage|p2a: Cheese string|0 fnt
|-enditem|p2a: Cheese string|Leftovers|[from] move: Knock Off|[of] p1a: Great Tusk
|faint|p2a: Cheese string
|
|upkeep
|
|t:|1760359934
|switch|p2a: RoboKnight|Iron Valiant|100/100
|-damage|p2a: RoboKnight|94/100|[from] Stealth Rock
|turn|13
|
|t:|1760359938
|-end|p1a: Great Tusk|Protosynthesis|[silent]
|switch|p1a: Gliscor|Gliscor, M|16/100 tox
|move|p2a: RoboKnight|Psychic|p1a: Gliscor
|-crit|p1a: Gliscor
|-damage|p1a: Gliscor|0 fnt
|faint|p1a: Gliscor
|
|upkeep
|
|t:|1760359940
|switch|p1a: Slowking|Slowking-Galar, F|100/100
|turn|14
|
|t:|1760359944
|move|p2a: RoboKnight|Psychic|p1a: Slowking
|-damage|p1a: Slowking|73/100
|move|p1a: Slowking|Sludge Bomb|p2a: RoboKnight
|-supereffective|p2a: RoboKnight
|-damage|p2a: RoboKnight|0 fnt
|faint|p2a: RoboKnight
|-end|p2a: RoboKnight|Quark Drive|[silent]
|
|upkeep
|
|t:|1760359949
|switch|p2a: Elmo|Great Tusk|100/100
|turn|15
|
|t:|1760359953
|move|p2a: Elmo|Knock Off|p1a: Slowking
|-supereffective|p1a: Slowking
|-damage|p1a: Slowking|6/100
|-enditem|p1a: Slowking|Heavy-Duty Boots|[from] move: Knock Off|[of] p2a: Elmo
|move|p1a: Slowking|Future Sight|p2a: Elmo
|-start|p1a: Slowking|move: Future Sight
|
|upkeep
|turn|16
|
|t:|1760359959
|move|p2a: Elmo|Rapid Spin|p1a: Slowking
|-damage|p1a: Slowking|0 fnt
|-boost|p2a: Elmo|spe|1
|-sideend|p2: Delta4K|Stealth Rock|[from] move: Rapid Spin|[of] p2a: Elmo
|faint|p1a: Slowking
|
|upkeep
|
|t:|1760359963
|switch|p1a: Great Tusk|Great Tusk|100/100
|-activate|p1a: Great Tusk|move: Sticky Web
|-unboost|p1a: Great Tusk|spe|1
|turn|17
|
|t:|1760359968
|-terastallize|p2a: Elmo|Ghost
|move|p2a: Elmo|Ice Spinner|p1a: Great Tusk
|-supereffective|p1a: Great Tusk
|-damage|p1a: Great Tusk|60/100
|move|p1a: Great Tusk|Rapid Spin|p2a: Elmo
|-immune|p2a: Elmo
|
|-end|p2a: Elmo|move: Future Sight
|-damage|p2a: Elmo|28/100
|-heal|p1a: Great Tusk|66/100|[from] item: Leftovers
|upkeep
|turn|18
|
|t:|1760359972
|move|p2a: Elmo|Ice Spinner|p1a: Great Tusk
|-supereffective|p1a: Great Tusk
|-damage|p1a: Great Tusk|24/100
|move|p1a: Great Tusk|Knock Off|p2a: Elmo
|-supereffective|p2a: Elmo
|-damage|p2a: Elmo|0 fnt
|-enditem|p2a: Elmo|Heavy-Duty Boots|[from] move: Knock Off|[of] p1a: Great Tusk
|faint|p2a: Elmo
|-end|p2a: Elmo|Protosynthesis|[silent]
|
|-heal|p1a: Great Tusk|30/100|[from] item: Leftovers
|upkeep
|
|t:|1760359978
|switch|p2a: Big dih dragon|Dragonite, F|78/100
|turn|19
|
|t:|1760359983
|move|p2a: Big dih dragon|Outrage|p1a: Great Tusk
|-damage|p1a: Great Tusk|0 fnt
|faint|p1a: Great Tusk
|-end|p1a: Great Tusk|Protosynthesis|[silent]
|
|upkeep
|
|t:|1760359986
|switch|p1a: Zamazenta|Zamazenta|100/100
|-ability|p1a: Zamazenta|Dauntless Shield|boost
|-boost|p1a: Zamazenta|def|1
|turn|20
|
|t:|1760359988
|move|p1a: Zamazenta|Stone Edge|p2a: Big dih dragon
|-supereffective|p2a: Big dih dragon
|-damage|p2a: Big dih dragon|2/100
|move|p2a: Big dih dragon|Outrage|p1a: Zamazenta|[from] lockedmove
|-damage|p1a: Zamazenta|37/100
|-start|p2a: Big dih dragon|confusion|[fatigue]
|
|upkeep
|turn|21
|
|t:|1760359992
|move|p1a: Zamazenta|Crunch|p2a: Big dih dragon
|-damage|p2a: Big dih dragon|0 fnt
|faint|p2a: Big dih dragon
|
|upkeep
|
|t:|1760359994
|switch|p2a: Bigs|Ting-Lu|100/100
|-ability|p2a: Bigs|Vessel of Ruin
|turn|22
|
|t:|1760359998
|move|p1a: Zamazenta|Close Combat|p2a: Bigs
|-supereffective|p2a: Bigs
|-damage|p2a: Bigs|51/100
|-unboost|p1a: Zamazenta|def|1
|-unboost|p1a: Zamazenta|spd|1
|move|p2a: Bigs|Earthquake|p1a: Zamazenta
|-damage|p1a: Zamazenta|0 fnt
|faint|p1a: Zamazenta
|
|win|Delta4K
|raw|gamerman2007's rating: 1283 &rarr; <strong>1263</strong><br />(-20 for losing)
|raw|Delta4K's rating: 1357 &rarr; <strong>1373</strong><br />(+16 for winning)
|l|☆gamerman2007
|player|p1|
|l|☆Delta4K
|player|p2|
