|j|☆dia90
|j|☆Trivago77
|t:|1760449184
|gametype|singles
|player|p1|dia90|2|1662
|player|p2|Trivago77|169|1573
|gen|9
|tier|[Gen 9] OU
|rated|
|rule|HP Percentage Mod: HP is shown in percentages
|rule|Endless Battle Clause: Forcing endless battles is banned
|rule|Species Clause: Limit one of each Pokémon
|rule|OHKO Clause: OHKO moves are banned
|rule|Evasion Items Clause: Evasion items are banned
|rule|Evasion Moves Clause: Evasion moves are banned
|rule|Evasion Abilities Clause: Evasion abilities are banned
|rule|Sleep Moves Clause: Sleep-inducing moves are banned
|clearpoke
|poke|p1|Ursaluna, M|
|poke|p1|Raging Bolt|
|poke|p1|Cinderace, M|
|poke|p1|Pecharunt|
|poke|p1|Ogerpon, F|
|poke|p1|Scizor, M|
|poke|p2|Darkrai|
|poke|p2|Scizor, F|
|poke|p2|Iron Moth|
|poke|p2|Gliscor, M|
|poke|p2|Empoleon, M|
|poke|p2|Ninetales-Alola, F|
|teampreview
|inactive|Battle timer is ON: inactive players will automatically lose when time's up. (requested by Trivago77)
|
|t:|1760449190
|teamsize|p1|6
|teamsize|p2|6
|start
|switch|p1a: Raging Bolt|Raging Bolt|100/100
|switch|p2a: Darkrai|Darkrai, shiny|100/100
|turn|1
|
|t:|1760449196
|move|p2a: Darkrai|Ice Beam|p1a: Raging Bolt
|-supereffective|p1a: Raging Bolt
|-damage|p1a: Raging Bolt|36/100
|move|p1a: Raging Bolt|Volt Switch|p2a: Darkrai
|-damage|p2a: Darkrai|28/100
|
|t:|1760449201
|-end|p1a: Raging Bolt|Protosynthesis|[silent]
|switch|p1a: Scizor|Scizor, M|100/100|[from] Volt Switch
|
|upkeep
|turn|2
|
|t:|1760449206
|move|p2a: Darkrai|Dark Pulse|p1a: Scizor
|-damage|p1a: Scizor|46/100
|move|p1a: Scizor|Knock Off|p2a: Darkrai
|-resisted|p2a: Darkrai
|-damage|p2a: Darkrai|0 fnt
|-enditem|p2a: Darkrai|Expert Belt|[from] move: Knock Off|[of] p1a: Scizor
|faint|p2a: Darkrai
|
|upkeep
|
|t:|1760449208
|switch|p2a: Iron Moth|Iron Moth, shiny|100/100
|-enditem|p2a: Iron Moth|Booster Energy
|-activate|p2a: Iron Moth|ability: Quark Drive|[fromitem]
|-start|p2a: Iron Moth|quarkdrivespa
|turn|3
|
|t:|1760449218
|switch|p1a: Cinderace|Cinderace, M|100/100
|move|p2a: Iron Moth|Fiery Dance|p1a: Cinderace
|-resisted|p1a: Cinderace
|-damage|p1a: Cinderace|62/100
|
|upkeep
|turn|4
|
|t:|1760449229
|move|p1a: Cinderace|High Jump Kick|p2a: Iron Moth|[miss]
|-start|p1a: Cinderace|typechange|Fighting|[from] ability: Libero
|-miss|p1a: Cinderace|p2a: Iron Moth
|-damage|p1a: Cinderace|12/100|[from] highjumpkick
|move|p2a: Iron Moth|Sludge Wave|p1a: Cinderace
|-damage|p1a: Cinderace|0 fnt
|faint|p1a: Cinderace
|
|upkeep
|
|t:|1760449238
|switch|p1a: Raging Bolt|Raging Bolt|36/100
|turn|5
|
|t:|1760449243
|move|p1a: Raging Bolt|Thunderclap|p2a: Iron Moth
|-damage|p2a: Iron Moth|44/100
|move|p2a: Iron Moth|Dazzling Gleam|p1a: Raging Bolt
|-supereffective|p1a: Raging Bolt
|-damage|p1a: Raging Bolt|0 fnt
|faint|p1a: Raging Bolt
|-end|p1a: Raging Bolt|Protosynthesis|[silent]
|
|upkeep
|
|t:|1760449250
|switch|p1a: Scizor|Scizor, M|46/100
|turn|6
|
|t:|1760449255
|move|p1a: Scizor|Bullet Punch|p2a: Iron Moth
|-resisted|p2a: Iron Moth
|-damage|p2a: Iron Moth|0 fnt
|faint|p2a: Iron Moth
|-end|p2a: Iron Moth|Quark Drive|[silent]
|
|upkeep
|
|t:|1760449258
|switch|p2a: Empoleon|Empoleon, M, shiny|100/100
|turn|7
|
|t:|1760449267
|switch|p1a: Ogerpon|Ogerpon, F|100/100
|move|p2a: Empoleon|Hydro Pump|p1a: Ogerpon
|-resisted|p1a: Ogerpon
|-damage|p1a: Ogerpon|67/100
|
|upkeep
|turn|8
|
|t:|1760449274
|move|p1a: Ogerpon|Knock Off|p2a: Empoleon
|-damage|p2a: Empoleon|42/100
|-enditem|p2a: Empoleon|Shuca Berry|[from] move: Knock Off|[of] p1a: Ogerpon
|move|p2a: Empoleon|Ice Beam|p1a: Ogerpon
|-supereffective|p1a: Ogerpon
|-damage|p1a: Ogerpon|0 fnt
|faint|p1a: Ogerpon
|
|upkeep
|
|t:|1760449282
|switch|p1a: Ursaluna|Ursaluna, M|100/100
|turn|9
|
|t:|1760449286
|move|p2a: Empoleon|Hydro Pump|p1a: Ursaluna
|-supereffective|p1a: Ursaluna
|-damage|p1a: Ursaluna|0 fnt
|faint|p1a: Ursaluna
|
|upkeep
|
|t:|1760449290
|switch|p1a: Scizor|Scizor, M|46/100
|turn|10
|
|t:|1760449296
|move|p1a: Scizor|Close Combat|p2a: Empoleon
|-supereffective|p2a: Empoleon
|-damage|p2a: Empoleon|0 fnt
|-unboost|p1a: Scizor|def|1
|-unboost|p1a: Scizor|spd|1
|faint|p2a: Empoleon
|
|upkeep
|
|t:|1760449299
|switch|p2a: Gliscor|Gliscor, M, shiny|100/100
|turn|11
|
|t:|1760449304
|switch|p1a: Pecharunt|Pecharunt|100/100
|move|p2a: Gliscor|Earthquake|p1a: Pecharunt
|-supereffective|p1a: Pecharunt
|-damage|p1a: Pecharunt|58/100
|
|-heal|p1a: Pecharunt|64/100|[from] item: Leftovers
|-status|p2a: Gliscor|tox|[from] item: Toxic Orb
|upkeep
|turn|12
|
|t:|1760449315
|move|p2a: Gliscor|Swords Dance|p2a: Gliscor
|-boost|p2a: Gliscor|atk|2
|move|p1a: Pecharunt|Hex|p2a: Gliscor
|-damage|p2a: Gliscor|53/100 tox
|
|-heal|p1a: Pecharunt|70/100|[from] item: Leftovers
|-heal|p2a: Gliscor|65/100 tox|[from] ability: Poison Heal
|upkeep
|turn|13
|
|t:|1760449328
|-terastallize|p1a: Pecharunt|Grass
|move|p2a: Gliscor|Earthquake|p1a: Pecharunt
|-resisted|p1a: Pecharunt
|-damage|p1a: Pecharunt|48/100
|move|p1a: Pecharunt|Hex|p2a: Gliscor
|-crit|p2a: Gliscor
|-damage|p2a: Gliscor|0 fnt
|faint|p2a: Gliscor
|
|-heal|p1a: Pecharunt|54/100|[from] item: Leftovers
|upkeep
|
|t:|1760449334
|switch|p2a: Ninetales|Ninetales-Alola, F, shiny|100/100
|-weather|Snowscape|[from] ability: Snow Warning|[of] p2a: Ninetales
|turn|14
|
|t:|1760449341
|switch|p1a: Scizor|Scizor, M|46/100
|move|p2a: Ninetales|Freeze-Dry|p1a: Scizor
|-resisted|p1a: Scizor
|-damage|p1a: Scizor|28/100
|
|-weather|Snowscape|[upkeep]
|upkeep
|turn|15
|
|t:|1760449350
|-terastallize|p2a: Ninetales|Water
|move|p2a: Ninetales|Aurora Veil|p2a: Ninetales
|-sidestart|p2: Trivago77|move: Aurora Veil
|move|p1a: Scizor|Close Combat|p2a: Ninetales
|-damage|p2a: Ninetales|50/100
|-unboost|p1a: Scizor|def|1
|-unboost|p1a: Scizor|spd|1
|
|-weather|Snowscape|[upkeep]
|upkeep
|turn|16
|
|t:|1760449364
|move|p2a: Ninetales|Moonblast|p1a: Scizor
|-resisted|p1a: Scizor
|-damage|p1a: Scizor|0 fnt
|faint|p1a: Scizor
|
|-weather|Snowscape|[upkeep]
|upkeep
|
|t:|1760449369
|switch|p1a: Pecharunt|Pecharunt, tera:Grass|54/100
|turn|17
|
|t:|1760449374
|move|p2a: Ninetales|Freeze-Dry|p1a: Pecharunt
|-supereffective|p1a: Pecharunt
|-damage|p1a: Pecharunt|0 fnt
|faint|p1a: Pecharunt
|
|win|Trivago77
|raw|dia90's rating: 1662 &rarr; <strong>1637</strong><br />(-25 for losing)
|raw|Trivago77's rating: 1573 &rarr; <strong>1598</strong><br />(+25 for winning)
|l|☆Trivago77
|player|p2|
|l|☆dia90
|player|p1|
