|j|‽Lucid Coffee
|j|☆yuitr
|t:|1760414555
|gametype|singles
|player|p1|Lucid Coffee|blue|1352
|player|p2|yuitr|2|1267
|gen|9
|tier|[Gen 9] OU
|rated|
|rule|HP Percentage Mod: HP is shown in percentages
|rule|Endless Battle Clause: Forcing endless battles is banned
|rule|Species Clause: Limit one of each Pokémon
|rule|OHKO Clause: OHKO moves are banned
|rule|Evasion Items Clause: Evasion items are banned
|rule|Evasion Moves Clause: Evasion moves are banned
|rule|Evasion Abilities Clause: Evasion abilities are banned
|rule|Sleep Moves Clause: Sleep-inducing moves are banned
|clearpoke
|poke|p1|Garganacl, M|
|poke|p1|Ogerpon-Wellspring, F|
|poke|p1|Weezing-Galar, M|
|poke|p1|Iron Treads|
|poke|p1|Kyurem|
|poke|p1|Slither Wing|
|poke|p2|Araquanid, F|
|poke|p2|Gliscor, M|
|poke|p2|Sinistcha|
|poke|p2|Zapdos|
|poke|p2|Blissey, F|
|poke|p2|Ogerpon-Wellspring, F|
|teampreview
|
|t:|1760414571
|teamsize|p1|6
|teamsize|p2|6
|start
|switch|p1a: Kyurem|Kyurem|100/100
|switch|p2a: Araquanid|Araquanid, F|100/100
|-ability|p1a: Kyurem|Pressure
|turn|1
|
|t:|1760414581
|move|p1a: Kyurem|Substitute|p1a: Kyurem
|-start|p1a: Kyurem|Substitute
|-damage|p1a: Kyurem|75/100
|move|p2a: Araquanid|Sticky Web|p1a: Kyurem
|-sidestart|p1: Lucid Coffee|move: Sticky Web
|
|-heal|p1a: Kyurem|82/100|[from] item: Leftovers
|upkeep
|turn|2
|
|t:|1760414589
|move|p1a: Kyurem|Freeze-Dry|p2a: Araquanid
|-supereffective|p2a: Araquanid
|-damage|p2a: Araquanid|48/100
|move|p2a: Araquanid|Leech Life|p1a: Kyurem
|-end|p1a: Kyurem|Substitute
|-heal|p2a: Araquanid|63/100|[from] drain|[of] p1a: Kyurem
|
|-heal|p1a: Kyurem|88/100|[from] item: Leftovers
|upkeep
|turn|3
|
|t:|1760414610
|switch|p2a: Blissey|Blissey, F|100/100
|move|p1a: Kyurem|Freeze-Dry|p2a: Blissey
|-damage|p2a: Blissey|89/100
|
|-heal|p1a: Kyurem|94/100|[from] item: Leftovers
|upkeep
|turn|4
|l|☆yuitr
|player|p2|
|
|t:|1760414623
|move|p1a: Kyurem|Substitute|p1a: Kyurem
|-start|p1a: Kyurem|Substitute
|-damage|p1a: Kyurem|69/100
|move|p2a: Blissey|Stealth Rock|p1a: Kyurem
|-sidestart|p1: Lucid Coffee|move: Stealth Rock
|
|-heal|p1a: Kyurem|75/100|[from] item: Leftovers
|upkeep
|turn|5
|inactive|Battle timer is ON: inactive players will automatically lose when time's up. (requested by Lucid Coffee)
|j|☆yuitr
|inactive|yuitr reconnected and has 140 seconds left.
|player|p2|yuitr|2|
|
|t:|1760414673
|move|p1a: Kyurem|Freeze-Dry|p2a: Blissey
|-damage|p2a: Blissey|79/100
|move|p2a: Blissey|Calm Mind|p2a: Blissey
|-boost|p2a: Blissey|spa|1
|-boost|p2a: Blissey|spd|1
|
|-heal|p1a: Kyurem|81/100|[from] item: Leftovers
|upkeep
|turn|6
|
|t:|1760414682
|move|p1a: Kyurem|Freeze-Dry|p2a: Blissey
|-crit|p2a: Blissey
|-damage|p2a: Blissey|61/100
|-status|p2a: Blissey|frz
|cant|p2a: Blissey|frz
|
|-heal|p1a: Kyurem|88/100|[from] item: Leftovers
|upkeep
|turn|7
|
|t:|1760414695
|switch|p1a: Weezing|Weezing-Galar, M|100/100
|-ability|p1a: Weezing|Neutralizing Gas
|cant|p2a: Blissey|frz
|
|upkeep
|turn|8
|
|t:|1760414707
|switch|p2a: Gliscor|Gliscor, M|100/100
|move|p1a: Weezing|Defog|p2a: Gliscor
|-unboost|p2a: Gliscor|evasion|1
|-sideend|p1: Lucid Coffee|Stealth Rock|[from] move: Defog|[of] p1a: Weezing
|-sideend|p1: Lucid Coffee|Sticky Web|[from] move: Defog|[of] p1a: Weezing
|
|-status|p2a: Gliscor|tox|[from] item: Toxic Orb
|upkeep
|turn|9
|
|t:|1760414724
|-end|p1a: Weezing|ability: Neutralizing Gas
|switch|p1a: Ogerpon|Ogerpon-Wellspring, F|100/100
|move|p2a: Gliscor|Knock Off|p1a: Ogerpon
|-damage|p1a: Ogerpon|78/100
|
|upkeep
|turn|10
|
|t:|1760414740
|switch|p2a: Sinistcha|Sinistcha|100/100
|move|p1a: Ogerpon|U-turn|p2a: Sinistcha
|-damage|p2a: Sinistcha|79/100
|
|t:|1760414748
|switch|p1a: Kyurem|Kyurem|88/100|[from] U-turn
|-ability|p1a: Kyurem|Pressure
|
|-heal|p1a: Kyurem|94/100|[from] item: Leftovers
|upkeep
|turn|11
|
|t:|1760414756
|switch|p2a: Blissey|Blissey, F|61/100 frz
|move|p1a: Kyurem|Freeze-Dry|p2a: Blissey
|-damage|p2a: Blissey|50/100 frz
|
|-heal|p1a: Kyurem|99/100|[from] item: Leftovers
|upkeep
|turn|12
|
|t:|1760414768
|switch|p1a: Weezing|Weezing-Galar, M|100/100
|-ability|p1a: Weezing|Neutralizing Gas
|switch|p2a: Araquanid|Araquanid, F|63/100
|
|upkeep
|turn|13
|
|t:|1760414783
|-end|p1a: Weezing|ability: Neutralizing Gas
|switch|p1a: Slither Wing|Slither Wing|100/100
|move|p2a: Araquanid|Infestation|p1a: Slither Wing
|-resisted|p1a: Slither Wing
|-damage|p1a: Slither Wing|99/100
|-activate|p1a: Slither Wing|move: Infestation|[of] p2a: Araquanid
|
|-damage|p1a: Slither Wing|87/100|[from] move: Infestation|[partiallytrapped]
|upkeep
|turn|14
|
|t:|1760414793
|move|p1a: Slither Wing|U-turn|p2a: Araquanid
|-damage|p2a: Araquanid|29/100
|
|t:|1760414797
|-end|p1a: Slither Wing|Protosynthesis|[silent]
|switch|p1a: Ogerpon|Ogerpon-Wellspring, F|78/100|[from] U-turn
|move|p2a: Araquanid|Liquidation|p1a: Ogerpon
|-heal|p1a: Ogerpon|100/100|[from] ability: Water Absorb|[of] p2a: Araquanid
|
|upkeep
|turn|15
|
|t:|1760414810
|move|p1a: Ogerpon|Knock Off|p2a: Araquanid
|-damage|p2a: Araquanid|0 fnt
|-enditem|p2a: Araquanid|Heavy-Duty Boots|[from] move: Knock Off|[of] p1a: Ogerpon
|faint|p2a: Araquanid
|
|upkeep
|
|t:|1760414814
|switch|p2a: Sinistcha|Sinistcha|79/100
|turn|16
|
|t:|1760414820
|move|p1a: Ogerpon|U-turn|p2a: Sinistcha
|-damage|p2a: Sinistcha|59/100
|
|t:|1760414826
|switch|p1a: Slither Wing|Slither Wing|87/100|[from] U-turn
|move|p2a: Sinistcha|Strength Sap|p1a: Slither Wing
|-unboost|p1a: Slither Wing|atk|1
|-heal|p2a: Sinistcha|100/100
|
|upkeep
|turn|17
|
|t:|1760414853
|switch|p2a: Gliscor|Gliscor, M|100/100 tox
|move|p1a: Slither Wing|U-turn|p2a: Gliscor
|-resisted|p2a: Gliscor
|-damage|p2a: Gliscor|91/100 tox
|
|t:|1760414861
|-end|p1a: Slither Wing|Protosynthesis|[silent]
|switch|p1a: Kyurem|Kyurem|99/100|[from] U-turn
|-ability|p1a: Kyurem|Pressure
|
|-heal|p1a: Kyurem|100/100|[from] item: Leftovers
|-heal|p2a: Gliscor|100/100 tox|[from] ability: Poison Heal
|upkeep
|turn|18
|
|t:|1760414866
|switch|p2a: Blissey|Blissey, F|50/100 frz
|move|p1a: Kyurem|Freeze-Dry|p2a: Blissey
|-damage|p2a: Blissey|39/100 frz
|
|upkeep
|turn|19
|
|t:|1760414877
|switch|p1a: Weezing|Weezing-Galar, M|100/100
|-ability|p1a: Weezing|Neutralizing Gas
|switch|p2a: Sinistcha|Sinistcha|100/100
|
|upkeep
|turn|20
|
|t:|1760414885
|-end|p1a: Weezing|ability: Neutralizing Gas
|switch|p1a: Iron Treads|Iron Treads|100/100
|move|p2a: Sinistcha|Shadow Ball|p1a: Iron Treads
|-damage|p1a: Iron Treads|79/100
|
|upkeep
|turn|21
|
|t:|1760414894
|move|p1a: Iron Treads|Knock Off|p2a: Sinistcha
|-supereffective|p2a: Sinistcha
|-damage|p2a: Sinistcha|65/100
|-enditem|p2a: Sinistcha|Heavy-Duty Boots|[from] move: Knock Off|[of] p1a: Iron Treads
|move|p2a: Sinistcha|Matcha Gotcha|p1a: Iron Treads
|-damage|p1a: Iron Treads|57/100
|-heal|p2a: Sinistcha|78/100|[from] drain|[of] p1a: Iron Treads
|
|upkeep
|turn|22
|
|t:|1760414903
|move|p1a: Iron Treads|Iron Head|p2a: Sinistcha
|-damage|p2a: Sinistcha|56/100
|cant|p2a: Sinistcha|flinch
|
|upkeep
|turn|23
|
|t:|1760414913
|-end|p1a: Iron Treads|Quark Drive|[silent]
|switch|p1a: Kyurem|Kyurem|100/100
|-ability|p1a: Kyurem|Pressure
|move|p2a: Sinistcha|Calm Mind|p2a: Sinistcha
|-boost|p2a: Sinistcha|spa|1
|-boost|p2a: Sinistcha|spd|1
|
|upkeep
|turn|24
|
|t:|1760414920
|-terastallize|p2a: Sinistcha|Poison
|move|p1a: Kyurem|Freeze-Dry|p2a: Sinistcha
|-damage|p2a: Sinistcha|28/100
|move|p2a: Sinistcha|Strength Sap|p1a: Kyurem
|-unboost|p1a: Kyurem|atk|1
|-heal|p2a: Sinistcha|97/100
|
|upkeep
|turn|25
|
|t:|1760414941
|move|p1a: Kyurem|Earth Power|p2a: Sinistcha
|-supereffective|p2a: Sinistcha
|-damage|p2a: Sinistcha|51/100
|-unboost|p2a: Sinistcha|spd|1
|move|p2a: Sinistcha|Shadow Ball|p1a: Kyurem
|-damage|p1a: Kyurem|59/100
|
|-heal|p1a: Kyurem|66/100|[from] item: Leftovers
|upkeep
|turn|26
|
|t:|1760414952
|move|p1a: Kyurem|Earth Power|p2a: Sinistcha
|-supereffective|p2a: Sinistcha
|-damage|p2a: Sinistcha|0 fnt
|faint|p2a: Sinistcha
|
|-heal|p1a: Kyurem|72/100|[from] item: Leftovers
|upkeep
|-message|yuitr forfeited.
|
|win|Lucid Coffee
|raw|Lucid Coffee's rating: 1352 &rarr; <strong>1367</strong><br />(+15 for winning)
|raw|yuitr's rating: 1267 &rarr; <strong>1248</strong><br />(-19 for losing)
|l|☆yuitr
|player|p2|
|l|‽Lucid Coffee
|player|p1|
