|j|☆homerac
|j|☆Eclair_Dios__Mio
|t:|1760394281
|gametype|singles
|player|p1|homerac|266|1295
|player|p2|Eclair_Dios__Mio|steven|1272
|gen|9
|tier|[Gen 9] OU
|rated|
|rule|HP Percentage Mod: HP is shown in percentages
|rule|Endless Battle Clause: Forcing endless battles is banned
|rule|Species Clause: Limit one of each Pokémon
|rule|OHKO Clause: OHKO moves are banned
|rule|Evasion Items Clause: Evasion items are banned
|rule|Evasion Moves Clause: Evasion moves are banned
|rule|Evasion Abilities Clause: Evasion abilities are banned
|rule|Sleep Moves Clause: Sleep-inducing moves are banned
|clearpoke
|poke|p1|Araquanid, F|
|poke|p1|Darkrai|
|poke|p1|Garchomp, F|
|poke|p1|Primarina, F|
|poke|p1|Breloom, M|
|poke|p1|Oricorio-Pom-Pom, M|
|poke|p2|Salamence, M|
|poke|p2|Raging Bolt|
|poke|p2|Iron Treads|
|poke|p2|Ting-Lu|
|poke|p2|Gholdengo|
|poke|p2|Zamazenta-*|
|teampreview
|
|t:|1760394305
|teamsize|p1|6
|teamsize|p2|6
|start
|switch|p1a: Darkrai|Darkrai|100/100
|switch|p2a: Ting-Lu|Ting-Lu|100/100
|-ability|p2a: Ting-Lu|Vessel of Ruin
|turn|1
|
|t:|1760394347
|switch|p1a: Araquanid|Araquanid, F|100/100
|move|p2a: Ting-Lu|Earthquake|p1a: Araquanid
|-resisted|p1a: Araquanid
|-damage|p1a: Araquanid|68/100
|
|-heal|p1a: Araquanid|74/100|[from] item: Leftovers
|upkeep
|turn|2
|
|t:|1760394370
|move|p2a: Ting-Lu|Stealth Rock|p1a: Araquanid
|-sidestart|p1: homerac|move: Stealth Rock
|move|p1a: Araquanid|Sticky Web|p2a: Ting-Lu
|-sidestart|p2: Eclair_Dios__Mio|move: Sticky Web
|
|-heal|p1a: Araquanid|80/100|[from] item: Leftovers
|upkeep
|turn|3
|
|t:|1760394397
|move|p2a: Ting-Lu|Payback|p1a: Araquanid
|-damage|p1a: Araquanid|49/100
|move|p1a: Araquanid|Liquidation|p2a: Ting-Lu
|-supereffective|p2a: Ting-Lu
|-damage|p2a: Ting-Lu|36/100
|-enditem|p2a: Ting-Lu|Weakness Policy
|-boost|p2a: Ting-Lu|atk|2|[from] item: Weakness Policy
|-boost|p2a: Ting-Lu|spa|2|[from] item: Weakness Policy
|
|-heal|p1a: Araquanid|55/100|[from] item: Leftovers
|upkeep
|turn|4
|
|t:|1760394433
|move|p2a: Ting-Lu|Earthquake|p1a: Araquanid
|-resisted|p1a: Araquanid
|-damage|p1a: Araquanid|0 fnt
|faint|p1a: Araquanid
|
|upkeep
|
|t:|1760394437
|switch|p1a: Breloom|Breloom, M|100/100
|-damage|p1a: Breloom|94/100|[from] Stealth Rock
|turn|5
|
|t:|1760394465
|move|p1a: Breloom|Bullet Seed|p2a: Ting-Lu
|-supereffective|p2a: Ting-Lu
|-damage|p2a: Ting-Lu|15/100
|-supereffective|p2a: Ting-Lu
|-damage|p2a: Ting-Lu|0 fnt
|faint|p2a: Ting-Lu
|-hitcount|p2: Ting-Lu|2
|
|upkeep
|
|t:|1760394472
|switch|p2a: Riri|Salamence, M|100/100
|-ability|p2a: Riri|Intimidate|boost
|-unboost|p1a: Breloom|atk|1
|turn|6
|inactive|Battle timer is ON: inactive players will automatically lose when time's up. (requested by Eclair_Dios__Mio)
|
|t:|1760394510
|move|p2a: Riri|Hurricane|p1a: Breloom|[miss]
|-miss|p2a: Riri|p1a: Breloom
|move|p1a: Breloom|Rock Tomb|p2a: Riri
|-supereffective|p2a: Riri
|-damage|p2a: Riri|44/100
|-unboost|p2a: Riri|spe|1
|
|upkeep
|turn|7
|
|t:|1760394528
|switch|p2a: Iron Treads|Iron Treads|100/100
|-activate|p2a: Iron Treads|move: Sticky Web
|-unboost|p2a: Iron Treads|spe|1
|-enditem|p2a: Iron Treads|Booster Energy
|-activate|p2a: Iron Treads|ability: Quark Drive|[fromitem]
|-start|p2a: Iron Treads|quarkdriveatk
|move|p1a: Breloom|Rock Tomb|p2a: Iron Treads
|-resisted|p2a: Iron Treads
|-damage|p2a: Iron Treads|96/100
|-unboost|p2a: Iron Treads|spe|1
|
|upkeep
|turn|8
|
|t:|1760394539
|switch|p1a: Garchomp|Garchomp, F|100/100
|-damage|p1a: Garchomp|94/100|[from] Stealth Rock
|move|p2a: Iron Treads|Rapid Spin|p1a: Garchomp
|-damage|p1a: Garchomp|73/100
|-boost|p2a: Iron Treads|spe|1
|-damage|p2a: Iron Treads|84/100|[from] ability: Rough Skin|[of] p1a: Garchomp
|-damage|p2a: Iron Treads|67/100|[from] item: Rocky Helmet|[of] p1a: Garchomp
|-sideend|p2: Eclair_Dios__Mio|Sticky Web|[from] move: Rapid Spin|[of] p2a: Iron Treads
|
|upkeep
|turn|9
|
|t:|1760394564
|move|p1a: Garchomp|Stealth Rock|p2a: Iron Treads
|-sidestart|p2: Eclair_Dios__Mio|move: Stealth Rock
|move|p2a: Iron Treads|Ice Spinner|p1a: Garchomp
|-supereffective|p1a: Garchomp
|-damage|p1a: Garchomp|0 fnt
|-damage|p2a: Iron Treads|55/100|[from] ability: Rough Skin|[of] p1a: Garchomp
|-damage|p2a: Iron Treads|38/100|[from] item: Rocky Helmet|[of] p1a: Garchomp
|faint|p1a: Garchomp
|
|upkeep
|
|t:|1760394573
|switch|p1a: Darkrai|Darkrai|100/100
|-damage|p1a: Darkrai|88/100|[from] Stealth Rock
|turn|10
|
|t:|1760394586
|move|p1a: Darkrai|Dark Pulse|p2a: Iron Treads
|-damage|p2a: Iron Treads|0 fnt
|faint|p2a: Iron Treads
|-end|p2a: Iron Treads|Quark Drive|[silent]
|
|upkeep
|
|t:|1760394593
|switch|p2a: Zamazenta|Zamazenta|100/100
|-damage|p2a: Zamazenta|94/100|[from] Stealth Rock
|-ability|p2a: Zamazenta|Dauntless Shield|boost
|-boost|p2a: Zamazenta|def|1
|turn|11
|
|t:|1760394603
|switch|p1a: Oricorio|Oricorio-Pom-Pom, M|100/100
|move|p2a: Zamazenta|Body Press|p1a: Oricorio
|-resisted|p1a: Oricorio
|-damage|p1a: Oricorio|54/100
|
|-heal|p2a: Zamazenta|100/100|[from] item: Leftovers
|upkeep
|turn|12
|
|t:|1760394613
|-terastallize|p2a: Zamazenta|Fire
|move|p1a: Oricorio|Air Slash|p2a: Zamazenta
|-crit|p2a: Zamazenta
|-damage|p2a: Zamazenta|49/100
|move|p2a: Zamazenta|Roar|p1a: Oricorio
|drag|p1a: Breloom|Breloom, M|94/100
|-damage|p1a: Breloom|88/100|[from] Stealth Rock
|
|-heal|p2a: Zamazenta|55/100|[from] item: Leftovers
|upkeep
|turn|13
|
|t:|1760394635
|move|p2a: Zamazenta|Body Press|p1a: Breloom
|-damage|p1a: Breloom|3/100
|move|p1a: Breloom|Bulldoze|p2a: Zamazenta
|-supereffective|p2a: Zamazenta
|-damage|p2a: Zamazenta|22/100
|-unboost|p2a: Zamazenta|spe|1
|
|-heal|p2a: Zamazenta|28/100|[from] item: Leftovers
|upkeep
|turn|14
|
|t:|1760394653
|switch|p2a: Riri|Salamence, M|44/100
|-ability|p2a: Riri|Intimidate|boost
|-unboost|p1a: Breloom|atk|1
|move|p1a: Breloom|Rock Tomb|p2a: Riri
|-supereffective|p2a: Riri
|-damage|p2a: Riri|0 fnt
|faint|p2a: Riri
|
|upkeep
|
|t:|1760394670
|switch|p2a: Raging Bolt|Raging Bolt|100/100
|-damage|p2a: Raging Bolt|88/100|[from] Stealth Rock
|-enditem|p2a: Raging Bolt|Booster Energy
|-activate|p2a: Raging Bolt|ability: Protosynthesis|[fromitem]
|-start|p2a: Raging Bolt|protosynthesisspa
|turn|15
|
|t:|1760394676
|move|p1a: Breloom|Mach Punch|p2a: Raging Bolt
|-damage|p2a: Raging Bolt|69/100
|move|p2a: Raging Bolt|Calm Mind|p2a: Raging Bolt
|-boost|p2a: Raging Bolt|spa|1
|-boost|p2a: Raging Bolt|spd|1
|
|upkeep
|turn|16
|
|t:|1760394682
|move|p1a: Breloom|Bulldoze|p2a: Raging Bolt
|-supereffective|p2a: Raging Bolt
|-damage|p2a: Raging Bolt|34/100
|-unboost|p2a: Raging Bolt|spe|1
|move|p2a: Raging Bolt|Thunderbolt|p1a: Breloom
|-resisted|p1a: Breloom
|-damage|p1a: Breloom|0 fnt
|faint|p1a: Breloom
|
|upkeep
|
|t:|1760394694
|switch|p1a: Primarina|Primarina, F|100/100
|-damage|p1a: Primarina|88/100|[from] Stealth Rock
|turn|17
|
|t:|1760394701
|-terastallize|p1a: Primarina|Steel
|move|p2a: Raging Bolt|Thunderclap|p1a: Primarina
|-damage|p1a: Primarina|43/100
|move|p1a: Primarina|Moonblast|p2a: Raging Bolt
|-supereffective|p2a: Raging Bolt
|-damage|p2a: Raging Bolt|0 fnt
|faint|p2a: Raging Bolt
|-end|p2a: Raging Bolt|Protosynthesis|[silent]
|
|upkeep
|
|t:|1760394710
|switch|p2a: Zamazenta|Zamazenta, tera:Fire|28/100
|-damage|p2a: Zamazenta|4/100|[from] Stealth Rock
|turn|18
|
|t:|1760394724
|move|p2a: Zamazenta|Body Press|p1a: Primarina
|-supereffective|p1a: Primarina
|-damage|p1a: Primarina|0 fnt
|faint|p1a: Primarina
|
|-heal|p2a: Zamazenta|10/100|[from] item: Leftovers
|upkeep
|
|t:|1760394729
|switch|p1a: Oricorio|Oricorio-Pom-Pom, M|54/100
|turn|19
|
|t:|1760394747
|move|p2a: Zamazenta|Body Press|p1a: Oricorio
|-resisted|p1a: Oricorio
|-damage|p1a: Oricorio|26/100
|move|p1a: Oricorio|Revelation Dance|p2a: Zamazenta
|-damage|p2a: Zamazenta|0 fnt
|faint|p2a: Zamazenta
|
|upkeep
|
|t:|1760394755
|switch|p2a: Gholdengo|Gholdengo|100/100
|-damage|p2a: Gholdengo|94/100|[from] Stealth Rock
|-item|p2a: Gholdengo|Air Balloon
|turn|20
|
|t:|1760394773
|move|p1a: Oricorio|Revelation Dance|p2a: Gholdengo
|-damage|p2a: Gholdengo|51/100
|-enditem|p2a: Gholdengo|Air Balloon
|move|p2a: Gholdengo|Shadow Ball|p1a: Oricorio
|-damage|p1a: Oricorio|0 fnt
|faint|p1a: Oricorio
|
|upkeep
|
|t:|1760394782
|switch|p1a: Darkrai|Darkrai|88/100
|-damage|p1a: Darkrai|76/100|[from] Stealth Rock
|turn|21
|
|t:|1760394787
|move|p1a: Darkrai|Dark Pulse|p2a: Gholdengo
|-supereffective|p2a: Gholdengo
|-damage|p2a: Gholdengo|0 fnt
|faint|p2a: Gholdengo
|
|win|homerac
|raw|homerac's rating: 1295 &rarr; <strong>1318</strong><br />(+23 for winning)
|raw|Eclair_Dios__Mio's rating: 1272 &rarr; <strong>1249</strong><br />(-23 for losing)
|l|☆homerac
|player|p1|
|l|☆Eclair_Dios__Mio
|player|p2|
