|j|☆UchihaSusgay
|j|☆BradenWoA
|t:|1760334909
|gametype|singles
|player|p1|UchihaSusgay|101|1458
|player|p2|BradenWoA|266|1402
|gen|9
|tier|[Gen 9] OU
|rated|
|rule|HP Percentage Mod: HP is shown in percentages
|rule|Endless Battle Clause: Forcing endless battles is banned
|rule|Species Clause: Limit one of each Pokémon
|rule|OHKO Clause: OHKO moves are banned
|rule|Evasion Items Clause: Evasion items are banned
|rule|Evasion Moves Clause: Evasion moves are banned
|rule|Evasion Abilities Clause: Evasion abilities are banned
|rule|Sleep Moves Clause: Sleep-inducing moves are banned
|clearpoke
|poke|p1|Enamorus, F|
|poke|p1|Kingambit, F|
|poke|p1|Alomomola, M|
|poke|p1|Weezing-Galar, M|
|poke|p1|Zapdos|
|poke|p1|Flygon, F|
|poke|p2|Dusclops, M|
|poke|p2|Enamorus, F|
|poke|p2|Hoopa-Unbound|
|poke|p2|Iron Hands|
|poke|p2|Iron Valiant|
|poke|p2|Ursaluna, M|
|teampreview
|
|t:|1760334931
|teamsize|p1|6
|teamsize|p2|6
|start
|switch|p1a: Flygon|Flygon, F|100/100
|switch|p2a: Dusclops|Dusclops, M|100/100
|-item|p1a: Flygon|Choice Band|[from] ability: Frisk|[of] p2a: Dusclops
|turn|1
|
|t:|1760334937
|move|p1a: Flygon|U-turn|p2a: Dusclops
|-resisted|p2a: Dusclops
|-damage|p2a: Dusclops|91/100
|
|t:|1760334943
|switch|p1a: Weezing|Weezing-Galar, M|100/100|[from] U-turn
|-ability|p1a: Weezing|Neutralizing Gas
|move|p2a: Dusclops|Trick Room|p2a: Dusclops
|-fieldstart|move: Trick Room|[of] p2a: Dusclops
|
|upkeep
|turn|2
|
|t:|1760334950
|switch|p2a: Hoopa|Hoopa-Unbound|100/100
|move|p1a: Weezing|Will-O-Wisp|p2a: Hoopa
|-status|p2a: Hoopa|brn
|
|-damage|p2a: Hoopa|94/100 brn|[from] brn
|upkeep
|turn|3
|
|t:|1760334957
|move|p2a: Hoopa|Psychic Noise|p1a: Weezing
|-supereffective|p1a: Weezing
|-damage|p1a: Weezing|0 fnt
|faint|p1a: Weezing
|-end|p1a: Weezing|ability: Neutralizing Gas
|-enditem|p2a: Hoopa|Throat Spray
|-boost|p2a: Hoopa|spa|1|[from] item: Throat Spray
|
|-damage|p2a: Hoopa|88/100 brn|[from] brn
|upkeep
|
|t:|1760334964
|switch|p1a: Flygon|Flygon, F|100/100
|turn|4
|
|t:|1760334969
|move|p1a: Flygon|First Impression|p2a: Hoopa
|-supereffective|p2a: Hoopa
|-crit|p2a: Hoopa
|-damage|p2a: Hoopa|0 fnt
|faint|p2a: Hoopa
|
|upkeep
|
|t:|1760334977
|switch|p2a: Ursaluna|Ursaluna, M|100/100
|turn|5
|
|t:|1760334985
|switch|p1a: Zapdos|Zapdos|100/100
|move|p2a: Ursaluna|Ice Punch|p1a: Zapdos
|-supereffective|p1a: Zapdos
|-damage|p1a: Zapdos|29/100
|-status|p1a: Zapdos|frz
|-status|p2a: Ursaluna|par|[from] ability: Static|[of] p1a: Zapdos
|
|-fieldend|move: Trick Room
|upkeep
|turn|6
|
|t:|1760334997
|switch|p2a: Enamorus|Enamorus, F|100/100
|cant|p1a: Zapdos|frz
|
|upkeep
|turn|7
|
|t:|1760335002
|-terastallize|p2a: Enamorus|Stellar
|move|p2a: Enamorus|Tera Blast|p1a: Zapdos|[anim] Tera Blast Stellar
|-damage|p1a: Zapdos|0 fnt
|-boost|p2a: Enamorus|atk|1
|-boost|p2a: Enamorus|spa|1
|faint|p1a: Zapdos
|
|upkeep
|
|t:|1760335010
|switch|p1a: Kingambit|Kingambit, F|100/100
|-activate|p1a: Kingambit|ability: Supreme Overlord
|-start|p1a: Kingambit|fallen2|[silent]
|turn|8
|
|t:|1760335013
|move|p2a: Enamorus|Tera Blast|p1a: Kingambit|[anim] Tera Blast Stellar
|-damage|p1a: Kingambit|40/100
|-boost|p2a: Enamorus|atk|1
|-boost|p2a: Enamorus|spa|1
|move|p1a: Kingambit|Iron Head|p2a: Enamorus
|-supereffective|p2a: Enamorus
|-damage|p2a: Enamorus|0 fnt
|faint|p2a: Enamorus
|
|upkeep
|
|t:|1760335032
|switch|p2a: Iron Valiant|Iron Valiant|100/100
|-enditem|p2a: Iron Valiant|Booster Energy
|-activate|p2a: Iron Valiant|ability: Quark Drive|[fromitem]
|-start|p2a: Iron Valiant|quarkdrivespe
|turn|9
|
|t:|1760335037
|-end|p1a: Kingambit|fallen2|[silent]
|switch|p1a: Flygon|Flygon, F|100/100
|move|p2a: Iron Valiant|Trick Room|p2a: Iron Valiant
|-fieldstart|move: Trick Room|[of] p2a: Iron Valiant
|
|upkeep
|turn|10
|
|t:|1760335042
|-end|p2a: Iron Valiant|Quark Drive|[silent]
|switch|p2a: Iron Hands|Iron Hands|100/100
|-enditem|p2a: Iron Hands|Booster Energy
|-activate|p2a: Iron Hands|ability: Quark Drive|[fromitem]
|-start|p2a: Iron Hands|quarkdriveatk
|move|p1a: Flygon|Earthquake|p2a: Iron Hands
|-supereffective|p2a: Iron Hands
|-damage|p2a: Iron Hands|8/100
|
|upkeep
|turn|11
|
|t:|1760335051
|switch|p1a: Enamorus|Enamorus, F|100/100
|move|p2a: Iron Hands|Ice Punch|p1a: Enamorus
|-supereffective|p1a: Enamorus
|-damage|p1a: Enamorus|0 fnt
|faint|p1a: Enamorus
|
|upkeep
|
|t:|1760335061
|switch|p1a: Flygon|Flygon, F|100/100
|turn|12
|
|t:|1760335066
|-end|p2a: Iron Hands|Quark Drive|[silent]
|switch|p2a: Ursaluna|Ursaluna, M|100/100 par
|move|p1a: Flygon|First Impression|p2a: Ursaluna
|-damage|p2a: Ursaluna|71/100 par
|
|upkeep
|turn|13
|
|t:|1760335070
|switch|p1a: Alomomola|Alomomola, M|100/100
|move|p2a: Ursaluna|Facade|p1a: Alomomola
|-damage|p1a: Alomomola|27/100
|
|-fieldend|move: Trick Room
|upkeep
|turn|14
|
|t:|1760335082
|move|p1a: Alomomola|Flip Turn|p2a: Ursaluna
|-supereffective|p2a: Ursaluna
|-damage|p2a: Ursaluna|47/100 par
|
|t:|1760335085
|switch|p1a: Flygon|Flygon, F|100/100|[from] Flip Turn
|move|p2a: Ursaluna|Facade|p1a: Flygon
|-damage|p1a: Flygon|0 fnt
|faint|p1a: Flygon
|
|upkeep
|
|t:|1760335088
|switch|p1a: Kingambit|Kingambit, F|40/100
|-activate|p1a: Kingambit|ability: Supreme Overlord
|-start|p1a: Kingambit|fallen4|[silent]
|turn|15
|
|t:|1760335091
|move|p1a: Kingambit|Kowtow Cleave|p2a: Ursaluna
|-damage|p2a: Ursaluna|0 fnt
|faint|p2a: Ursaluna
|
|upkeep
|
|t:|1760335096
|switch|p2a: Iron Valiant|Iron Valiant|100/100
|turn|16
|
|t:|1760335098
|-end|p1a: Kingambit|fallen4|[silent]
|switch|p1a: Alomomola|Alomomola, M|60/100
|move|p2a: Iron Valiant|Close Combat|p1a: Alomomola
|-damage|p1a: Alomomola|29/100
|-unboost|p2a: Iron Valiant|def|1
|-unboost|p2a: Iron Valiant|spd|1
|
|upkeep
|turn|17
|
|t:|1760335105
|-terastallize|p1a: Alomomola|Poison
|move|p2a: Iron Valiant|Close Combat|p1a: Alomomola
|-resisted|p1a: Alomomola
|-damage|p1a: Alomomola|14/100
|-unboost|p2a: Iron Valiant|def|1
|-unboost|p2a: Iron Valiant|spd|1
|move|p1a: Alomomola|Wish|p1a: Alomomola
|
|upkeep
|turn|18
|
|t:|1760335116
|move|p1a: Alomomola|Protect|p1a: Alomomola
|-singleturn|p1a: Alomomola|Protect
|move|p2a: Iron Valiant|Close Combat|p1a: Alomomola
|-activate|p1a: Alomomola|move: Protect
|
|-heal|p1a: Alomomola|64/100|[from] move: Wish|[wisher] Alomomola
|upkeep
|turn|19
|
|t:|1760335120
|-end|p2a: Iron Valiant|Quark Drive|[silent]
|switch|p2a: Dusclops|Dusclops, M|91/100
|-item|p1a: Alomomola|Heavy-Duty Boots|[from] ability: Frisk|[of] p2a: Dusclops
|move|p1a: Alomomola|Scald|p2a: Dusclops
|-damage|p2a: Dusclops|84/100
|
|upkeep
|turn|20
|
|t:|1760335129
|move|p1a: Alomomola|Wish|p1a: Alomomola
|move|p2a: Dusclops|Will-O-Wisp|p1a: Alomomola
|-status|p1a: Alomomola|brn
|
|-damage|p1a: Alomomola|58/100 brn|[from] brn
|upkeep
|turn|21
|
|t:|1760335138
|move|p1a: Alomomola|Scald|p2a: Dusclops
|-damage|p2a: Dusclops|77/100
|move|p2a: Dusclops|Trick Room|p2a: Dusclops
|-fieldstart|move: Trick Room|[of] p2a: Dusclops
|
|-heal|p1a: Alomomola|100/100 brn|[from] move: Wish|[wisher] Alomomola
|-damage|p1a: Alomomola|94/100 brn|[from] brn
|upkeep
|turn|22
|
|t:|1760335141
|move|p2a: Dusclops|Night Shade|p1a: Alomomola
|-damage|p1a: Alomomola|73/100 brn
|move|p1a: Alomomola|Wish|p1a: Alomomola
|
|-damage|p1a: Alomomola|67/100 brn|[from] brn
|upkeep
|turn|23
|
|t:|1760335145
|move|p2a: Dusclops|Night Shade|p1a: Alomomola
|-damage|p1a: Alomomola|46/100 brn
|move|p1a: Alomomola|Flip Turn|p2a: Dusclops
|-damage|p2a: Dusclops|72/100
|
|t:|1760335147
|switch|p1a: Kingambit|Kingambit, F|40/100|[from] Flip Turn
|-activate|p1a: Kingambit|ability: Supreme Overlord
|-start|p1a: Kingambit|fallen4|[silent]
|
|-heal|p1a: Kingambit|100/100|[from] move: Wish|[wisher] Alomomola
|upkeep
|turn|24
|
|t:|1760335151
|-end|p1a: Kingambit|fallen4|[silent]
|switch|p1a: Alomomola|Alomomola, M, tera:Poison|79/100 brn
|move|p2a: Dusclops|Will-O-Wisp|p1a: Alomomola
|-fail|p1a: Alomomola|brn
|
|-damage|p1a: Alomomola|73/100 brn|[from] brn
|upkeep
|turn|25
|
|t:|1760335157
|move|p2a: Dusclops|Pain Split|p1a: Alomomola
|-sethp|p1a: Alomomola|58/100 brn|[from] move: Pain Split|[silent]
|-sethp|p2a: Dusclops|96/100|[from] move: Pain Split
|move|p1a: Alomomola|Flip Turn|p2a: Dusclops
|-damage|p2a: Dusclops|91/100
|
|t:|1760335159
|switch|p1a: Kingambit|Kingambit, F|100/100|[from] Flip Turn
|-activate|p1a: Kingambit|ability: Supreme Overlord
|-start|p1a: Kingambit|fallen4|[silent]
|
|-fieldend|move: Trick Room
|upkeep
|turn|26
|
|t:|1760335165
|switch|p2a: Iron Hands|Iron Hands|8/100
|move|p1a: Kingambit|Kowtow Cleave|p2a: Iron Hands
|-resisted|p2a: Iron Hands
|-damage|p2a: Iron Hands|0 fnt
|faint|p2a: Iron Hands
|-end|p2a: Iron Hands|Quark Drive|[silent]
|
|upkeep
|
|t:|1760335167
|switch|p2a: Iron Valiant|Iron Valiant|100/100
|turn|27
|
|t:|1760335173
|-end|p1a: Kingambit|fallen4|[silent]
|switch|p1a: Alomomola|Alomomola, M, tera:Poison|91/100 brn
|move|p2a: Iron Valiant|Moonblast|p1a: Alomomola
|-resisted|p1a: Alomomola
|-damage|p1a: Alomomola|72/100 brn
|
|-damage|p1a: Alomomola|66/100 brn|[from] brn
|upkeep
|turn|28
|
|t:|1760335192
|move|p1a: Alomomola|Scald|p2a: Iron Valiant
|-damage|p2a: Iron Valiant|72/100
|move|p2a: Iron Valiant|Trick Room|p2a: Iron Valiant
|-fieldstart|move: Trick Room|[of] p2a: Iron Valiant
|
|-damage|p1a: Alomomola|59/100 brn|[from] brn
|upkeep
|turn|29
|
|t:|1760335199
|-end|p2a: Iron Valiant|Quark Drive|[silent]
|switch|p2a: Dusclops|Dusclops, M|91/100
|-item|p1a: Alomomola|Heavy-Duty Boots|[from] ability: Frisk|[of] p2a: Dusclops
|move|p1a: Alomomola|Flip Turn|p2a: Dusclops
|-damage|p2a: Dusclops|85/100
|
|t:|1760335202
|switch|p1a: Kingambit|Kingambit, F|100/100|[from] Flip Turn
|-activate|p1a: Kingambit|ability: Supreme Overlord
|-start|p1a: Kingambit|fallen4|[silent]
|
|upkeep
|turn|30
|
|t:|1760335207
|-end|p1a: Kingambit|fallen4|[silent]
|switch|p1a: Alomomola|Alomomola, M, tera:Poison|93/100 brn
|move|p2a: Dusclops|Will-O-Wisp|p1a: Alomomola
|-fail|p1a: Alomomola|brn
|
|-damage|p1a: Alomomola|87/100 brn|[from] brn
|upkeep
|turn|31
|
|t:|1760335213
|move|p2a: Dusclops|Night Shade|p1a: Alomomola
|-damage|p1a: Alomomola|65/100 brn
|move|p1a: Alomomola|Scald|p2a: Dusclops
|-damage|p2a: Dusclops|78/100
|-status|p2a: Dusclops|brn
|
|-damage|p2a: Dusclops|72/100 brn|[from] brn
|-damage|p1a: Alomomola|59/100 brn|[from] brn
|upkeep
|turn|32
|
|t:|1760335220
|move|p1a: Alomomola|Wish|p1a: Alomomola
|move|p2a: Dusclops|Trick Room|p2a: Dusclops
|-fieldend|move: Trick Room
|
|-damage|p1a: Alomomola|53/100 brn|[from] brn
|-damage|p2a: Dusclops|66/100 brn|[from] brn
|upkeep
|turn|33
|
|t:|1760335227
|move|p1a: Alomomola|Scald|p2a: Dusclops
|-damage|p2a: Dusclops|59/100 brn
|move|p2a: Dusclops|Trick Room|p2a: Dusclops
|-fieldstart|move: Trick Room|[of] p2a: Dusclops
|
|-heal|p1a: Alomomola|100/100 brn|[from] move: Wish|[wisher] Alomomola
|-damage|p2a: Dusclops|53/100 brn|[from] brn
|-damage|p1a: Alomomola|94/100 brn|[from] brn
|upkeep
|turn|34
|
|t:|1760335233
|move|p2a: Dusclops|Pain Split|p1a: Alomomola
|-sethp|p1a: Alomomola|63/100 brn|[from] move: Pain Split|[silent]
|-sethp|p2a: Dusclops|100/100 brn|[from] move: Pain Split
|move|p1a: Alomomola|Flip Turn|p2a: Dusclops
|-damage|p2a: Dusclops|95/100 brn
|
|t:|1760335237
|switch|p1a: Kingambit|Kingambit, F|100/100|[from] Flip Turn
|-activate|p1a: Kingambit|ability: Supreme Overlord
|-start|p1a: Kingambit|fallen4|[silent]
|
|-damage|p2a: Dusclops|89/100 brn|[from] brn
|upkeep
|turn|35
|
|t:|1760335239
|-end|p1a: Kingambit|fallen4|[silent]
|switch|p1a: Alomomola|Alomomola, M, tera:Poison|96/100 brn
|move|p2a: Dusclops|Night Shade|p1a: Alomomola
|-damage|p1a: Alomomola|75/100 brn
|
|-damage|p2a: Dusclops|83/100 brn|[from] brn
|-damage|p1a: Alomomola|69/100 brn|[from] brn
|upkeep
|turn|36
|
|t:|1760335247
|move|p2a: Dusclops|Pain Split|p1a: Alomomola
|-sethp|p1a: Alomomola|60/100 brn|[from] move: Pain Split|[silent]
|-sethp|p2a: Dusclops|99/100 brn|[from] move: Pain Split
|move|p1a: Alomomola|Wish|p1a: Alomomola
|
|-damage|p2a: Dusclops|93/100 brn|[from] brn
|-damage|p1a: Alomomola|53/100 brn|[from] brn
|upkeep
|turn|37
|
|t:|1760335252
|move|p2a: Dusclops|Night Shade|p1a: Alomomola
|-damage|p1a: Alomomola|32/100 brn
|move|p1a: Alomomola|Flip Turn|p2a: Dusclops
|-damage|p2a: Dusclops|87/100 brn
|
|t:|1760335254
|switch|p1a: Kingambit|Kingambit, F|100/100|[from] Flip Turn
|-activate|p1a: Kingambit|ability: Supreme Overlord
|-start|p1a: Kingambit|fallen4|[silent]
|
|-damage|p2a: Dusclops|81/100 brn|[from] brn
|-fieldend|move: Trick Room
|upkeep
|turn|38
|
|t:|1760335262
|move|p1a: Kingambit|Kowtow Cleave|p2a: Dusclops
|-supereffective|p2a: Dusclops
|-damage|p2a: Dusclops|0 fnt
|faint|p2a: Dusclops
|
|upkeep
|
|t:|1760335263
|switch|p2a: Iron Valiant|Iron Valiant|72/100
|turn|39
|
|t:|1760335268
|-end|p1a: Kingambit|fallen4|[silent]
|switch|p1a: Alomomola|Alomomola, M, tera:Poison|66/100 brn
|move|p2a: Iron Valiant|Close Combat|p1a: Alomomola
|-resisted|p1a: Alomomola
|-damage|p1a: Alomomola|51/100 brn
|-unboost|p2a: Iron Valiant|def|1
|-unboost|p2a: Iron Valiant|spd|1
|
|-damage|p1a: Alomomola|45/100 brn|[from] brn
|upkeep
|turn|40
|
|t:|1760335276
|move|p2a: Iron Valiant|Moonblast|p1a: Alomomola
|-resisted|p1a: Alomomola
|-damage|p1a: Alomomola|22/100 brn
|move|p1a: Alomomola|Wish|p1a: Alomomola
|
|-damage|p1a: Alomomola|16/100 brn|[from] brn
|upkeep
|turn|41
|
|t:|1760335280
|move|p1a: Alomomola|Protect|p1a: Alomomola
|-singleturn|p1a: Alomomola|Protect
|move|p2a: Iron Valiant|Moonblast|p1a: Alomomola
|-activate|p1a: Alomomola|move: Protect
|
|-heal|p1a: Alomomola|66/100 brn|[from] move: Wish|[wisher] Alomomola
|-damage|p1a: Alomomola|60/100 brn|[from] brn
|upkeep
|turn|42
|
|t:|1760335283
|move|p2a: Iron Valiant|Moonblast|p1a: Alomomola
|-resisted|p1a: Alomomola
|-damage|p1a: Alomomola|41/100 brn
|move|p1a: Alomomola|Scald|p2a: Iron Valiant
|-damage|p2a: Iron Valiant|34/100
|
|-damage|p1a: Alomomola|34/100 brn|[from] brn
|upkeep
|turn|43
|
|t:|1760335288
|move|p2a: Iron Valiant|Moonblast|p1a: Alomomola
|-resisted|p1a: Alomomola
|-crit|p1a: Alomomola
|-damage|p1a: Alomomola|0 fnt
|faint|p1a: Alomomola
|
|upkeep
|
|t:|1760335291
|switch|p1a: Kingambit|Kingambit, F|100/100
|-activate|p1a: Kingambit|ability: Supreme Overlord
|-start|p1a: Kingambit|fallen5|[silent]
|turn|44
|
|t:|1760335296
|move|p1a: Kingambit|Sucker Punch||[still]
|-fail|p1a: Kingambit
|move|p2a: Iron Valiant|Destiny Bond|p2a: Iron Valiant
|-singlemove|p2a: Iron Valiant|Destiny Bond
|
|upkeep
|turn|45
|
|t:|1760335302
|move|p2a: Iron Valiant|Close Combat|p1a: Kingambit
|-supereffective|p1a: Kingambit
|-damage|p1a: Kingambit|0 fnt
|-unboost|p2a: Iron Valiant|def|1
|-unboost|p2a: Iron Valiant|spd|1
|faint|p1a: Kingambit
|-end|p1a: Kingambit|fallen5|[silent]
|
|win|BradenWoA
|raw|UchihaSusgay's rating: 1458 &rarr; <strong>1435</strong><br />(-23 for losing)
|raw|BradenWoA's rating: 1402 &rarr; <strong>1425</strong><br />(+23 for winning)
|l|☆UchihaSusgay
|player|p1|
|c|☆BradenWoA|gg mate
|l|☆BradenWoA
|player|p2|
