|badge|p1|bronze|gen9ou|100-7
|uhtml|medal-msg|<div class="broadcast-blue">Curious what those medals under the avatar are? PS now has Ladder Seasons! For more information, check out the <a href="https://www.smogon.com/forums/threads/3740067/">thread on Smogon.</a></div>
|badge|p2|bronze|gen9ou|100-7
|uhtml|medal-msg|<div class="broadcast-blue">Curious what those medals under the avatar are? PS now has Ladder Seasons! For more information, check out the <a href="https://www.smogon.com/forums/threads/3740067/">thread on Smogon.</a></div>
|j|☆Trainer #39
|j|☆SpaceMedaFighterX
|t:|1760436531
|gametype|singles
|player|p1|Trainer #39|bugsy|1838
|player|p2|SpaceMedaFighterX|tabitha-gen3|1845
|gen|9
|tier|[Gen 9] OU
|rated|
|rule|HP Percentage Mod: HP is shown in percentages
|rule|Endless Battle Clause: Forcing endless battles is banned
|rule|Species Clause: Limit one of each Pokémon
|rule|OHKO Clause: OHKO moves are banned
|rule|Evasion Items Clause: Evasion items are banned
|rule|Evasion Moves Clause: Evasion moves are banned
|rule|Evasion Abilities Clause: Evasion abilities are banned
|rule|Sleep Moves Clause: Sleep-inducing moves are banned
|clearpoke
|poke|p1|Blissey, F|
|poke|p1|Corviknight, M|
|poke|p1|Dondozo, M|
|poke|p1|Gliscor, M|
|poke|p1|Clefable, M|
|poke|p1|Slowking-Galar, M|
|poke|p2|Infernape, F|
|poke|p2|Samurott-Hisui, M|
|poke|p2|Gholdengo|
|poke|p2|Iron Valiant|
|poke|p2|Great Tusk|
|poke|p2|Zamazenta-*|
|teampreview
|inactive|Battle timer is ON: inactive players will automatically lose when time's up. (requested by Trainer #39)
|
|t:|1760436572
|teamsize|p1|6
|teamsize|p2|6
|start
|switch|p1a: 🇮🇱=stop genocide|Gliscor, M|100/100
|switch|p2a: Samurott|Samurott-Hisui, M|100/100
|turn|1
|
|t:|1760436579
|move|p1a: 🇮🇱=stop genocide|Protect|p1a: 🇮🇱=stop genocide
|-singleturn|p1a: 🇮🇱=stop genocide|Protect
|move|p2a: Samurott|Razor Shell|p1a: 🇮🇱=stop genocide
|-activate|p1a: 🇮🇱=stop genocide|move: Protect
|
|-status|p1a: 🇮🇱=stop genocide|tox|[from] item: Toxic Orb
|upkeep
|turn|2
|
|t:|1760436582
|switch|p1a: 808 and curses|Dondozo, M|100/100
|move|p2a: Samurott|Knock Off|p1a: 808 and curses
|-damage|p1a: 808 and curses|81/100
|-enditem|p1a: 808 and curses|Leftovers|[from] move: Knock Off|[of] p2a: Samurott
|
|upkeep
|turn|3
|
|t:|1760436593
|switch|p2a: Gholdengo|Gholdengo|100/100
|-item|p2a: Gholdengo|Air Balloon
|move|p1a: 808 and curses|Curse|p1a: 808 and curses
|-unboost|p1a: 808 and curses|spe|1
|-boost|p1a: 808 and curses|atk|1
|-boost|p1a: 808 and curses|def|1
|
|upkeep
|turn|4
|j| heatraniac
|
|t:|1760436606
|move|p2a: Gholdengo|Shadow Ball|p1a: 808 and curses
|-damage|p1a: 808 and curses|50/100
|-unboost|p1a: 808 and curses|spd|1
|move|p1a: 808 and curses|Waterfall|p2a: Gholdengo
|-damage|p2a: Gholdengo|75/100
|-enditem|p2a: Gholdengo|Air Balloon
|
|upkeep
|turn|5
|
|t:|1760436614
|switch|p1a: brat|Blissey, F|100/100
|move|p2a: Gholdengo|Shadow Ball|p1a: brat
|-immune|p1a: brat
|
|upkeep
|turn|6
|l| heatraniac
|
|t:|1760436634
|switch|p2a: Samurott|Samurott-Hisui, M|100/100
|move|p1a: brat|Stealth Rock|p2a: Samurott
|-sidestart|p2: SpaceMedaFighterX|move: Stealth Rock
|
|upkeep
|turn|7
|
|t:|1760436637
|switch|p1a: 🇮🇱=stop genocide|Gliscor, M|100/100 tox
|move|p2a: Samurott|Ceaseless Edge|p1a: 🇮🇱=stop genocide|[miss]
|-miss|p2a: Samurott|p1a: 🇮🇱=stop genocide
|
|upkeep
|turn|8
|
|t:|1760436647
|move|p1a: 🇮🇱=stop genocide|Toxic|p2a: Samurott
|-status|p2a: Samurott|tox
|move|p2a: Samurott|Ceaseless Edge|p1a: 🇮🇱=stop genocide
|-damage|p1a: 🇮🇱=stop genocide|72/100 tox
|-sidestart|p1: Trainer #39|Spikes
|
|-heal|p1a: 🇮🇱=stop genocide|85/100 tox|[from] ability: Poison Heal
|-damage|p2a: Samurott|94/100 tox|[from] psn
|upkeep
|turn|9
|
|t:|1760436655
|move|p1a: 🇮🇱=stop genocide|Earthquake|p2a: Samurott
|-damage|p2a: Samurott|64/100 tox
|move|p2a: Samurott|Ceaseless Edge|p1a: 🇮🇱=stop genocide
|-damage|p1a: 🇮🇱=stop genocide|57/100 tox
|-sidestart|p1: Trainer #39|Spikes
|
|-heal|p1a: 🇮🇱=stop genocide|70/100 tox|[from] ability: Poison Heal
|-damage|p2a: Samurott|52/100 tox|[from] psn
|upkeep
|turn|10
|
|t:|1760436671
|move|p1a: 🇮🇱=stop genocide|Protect|p1a: 🇮🇱=stop genocide
|-singleturn|p1a: 🇮🇱=stop genocide|Protect
|move|p2a: Samurott|Razor Shell|p1a: 🇮🇱=stop genocide
|-activate|p1a: 🇮🇱=stop genocide|move: Protect
|
|-heal|p1a: 🇮🇱=stop genocide|82/100 tox|[from] ability: Poison Heal
|-damage|p2a: Samurott|33/100 tox|[from] psn
|upkeep
|turn|11
|
|t:|1760436675
|switch|p2a: Great Tusk|Great Tusk|100/100
|-damage|p2a: Great Tusk|98/100|[from] Stealth Rock
|-enditem|p2a: Great Tusk|Booster Energy
|-activate|p2a: Great Tusk|ability: Protosynthesis|[fromitem]
|-start|p2a: Great Tusk|protosynthesisspe
|move|p1a: 🇮🇱=stop genocide|Earthquake|p2a: Great Tusk
|-damage|p2a: Great Tusk|79/100
|
|-heal|p1a: 🇮🇱=stop genocide|95/100 tox|[from] ability: Poison Heal
|upkeep
|turn|12
|
|t:|1760436678
|-end|p2a: Great Tusk|Protosynthesis|[silent]
|switch|p2a: Infernape|Infernape, F|100/100
|-damage|p2a: Infernape|88/100|[from] Stealth Rock
|move|p1a: 🇮🇱=stop genocide|Toxic|p2a: Infernape
|-status|p2a: Infernape|tox
|
|-damage|p2a: Infernape|82/100 tox|[from] psn
|-heal|p1a: 🇮🇱=stop genocide|100/100 tox|[from] ability: Poison Heal
|upkeep
|turn|13
|
|t:|1760436688
|switch|p2a: Great Tusk|Great Tusk|79/100
|-damage|p2a: Great Tusk|76/100|[from] Stealth Rock
|move|p1a: 🇮🇱=stop genocide|Substitute|p1a: 🇮🇱=stop genocide
|-start|p1a: 🇮🇱=stop genocide|Substitute
|-damage|p1a: 🇮🇱=stop genocide|76/100 tox
|
|-heal|p1a: 🇮🇱=stop genocide|88/100 tox|[from] ability: Poison Heal
|upkeep
|turn|14
|
|t:|1760436696
|move|p2a: Great Tusk|Ice Spinner|p1a: 🇮🇱=stop genocide
|-supereffective|p1a: 🇮🇱=stop genocide
|-end|p1a: 🇮🇱=stop genocide|Substitute
|move|p1a: 🇮🇱=stop genocide|Toxic|p2a: Great Tusk
|-status|p2a: Great Tusk|tox
|
|-damage|p2a: Great Tusk|70/100 tox|[from] psn
|-heal|p1a: 🇮🇱=stop genocide|100/100 tox|[from] ability: Poison Heal
|upkeep
|turn|15
|
|t:|1760436699
|move|p2a: Great Tusk|Rapid Spin|p1a: 🇮🇱=stop genocide
|-damage|p1a: 🇮🇱=stop genocide|91/100 tox
|-boost|p2a: Great Tusk|spe|1
|-sideend|p2: SpaceMedaFighterX|Stealth Rock|[from] move: Rapid Spin|[of] p2a: Great Tusk
|move|p1a: 🇮🇱=stop genocide|Substitute|p1a: 🇮🇱=stop genocide
|-start|p1a: 🇮🇱=stop genocide|Substitute
|-damage|p1a: 🇮🇱=stop genocide|66/100 tox
|
|-damage|p2a: Great Tusk|57/100 tox|[from] psn
|-heal|p1a: 🇮🇱=stop genocide|79/100 tox|[from] ability: Poison Heal
|upkeep
|turn|16
|
|t:|1760436708
|-end|p2a: Great Tusk|Protosynthesis|[silent]
|switch|p2a: Zamazenta|Zamazenta|100/100
|-ability|p2a: Zamazenta|Dauntless Shield|boost
|-boost|p2a: Zamazenta|def|1
|move|p1a: 🇮🇱=stop genocide|Protect||[still]
|-fail|p1a: 🇮🇱=stop genocide
|
|-heal|p1a: 🇮🇱=stop genocide|91/100 tox|[from] ability: Poison Heal
|upkeep
|turn|17
|
|t:|1760436711
|move|p1a: 🇮🇱=stop genocide|Toxic|p2a: Zamazenta
|-status|p2a: Zamazenta|tox
|move|p2a: Zamazenta|Roar|p1a: 🇮🇱=stop genocide
|drag|p1a: Charlie Kirk: idc|Corviknight, M|100/100
|-ability|p1a: Charlie Kirk: idc|Pressure
|
|-damage|p2a: Zamazenta|94/100 tox|[from] psn
|upkeep
|turn|18
|
|t:|1760436714
|switch|p2a: Gholdengo|Gholdengo|75/100
|move|p1a: Charlie Kirk: idc|Defog|p2a: Gholdengo
|-immune|p2a: Gholdengo|[from] ability: Good as Gold
|
|upkeep
|turn|19
|
|t:|1760436720
|switch|p2a: Samurott|Samurott-Hisui, M|33/100 tox
|switch|p1a: brat|Blissey, F|100/100
|
|-damage|p2a: Samurott|27/100 tox|[from] psn
|upkeep
|turn|20
|
|t:|1760436727
|switch|p1a: Charlie Kirk: idc|Corviknight, M|100/100
|-ability|p1a: Charlie Kirk: idc|Pressure
|move|p2a: Samurott|Ceaseless Edge|p1a: Charlie Kirk: idc
|-damage|p1a: Charlie Kirk: idc|73/100
|-damage|p2a: Samurott|11/100 tox|[from] item: Rocky Helmet|[of] p1a: Charlie Kirk: idc
|-sidestart|p1: Trainer #39|Spikes
|
|-damage|p2a: Samurott|0 fnt|[from] psn
|faint|p2a: Samurott
|upkeep
|
|t:|1760436732
|switch|p2a: Infernape|Infernape, F|82/100 tox
|turn|21
|
|t:|1760436737
|switch|p2a: Gholdengo|Gholdengo|75/100
|switch|p1a: 🇮🇱=stop genocide|Gliscor, M|91/100 tox
|
|-heal|p1a: 🇮🇱=stop genocide|100/100 tox|[from] ability: Poison Heal
|upkeep
|turn|22
|
|t:|1760436749
|-terastallize|p2a: Gholdengo|Ghost
|move|p1a: 🇮🇱=stop genocide|Earthquake|p2a: Gholdengo
|-damage|p2a: Gholdengo|56/100
|move|p2a: Gholdengo|Nasty Plot|p2a: Gholdengo
|-boost|p2a: Gholdengo|spa|2
|
|upkeep
|turn|23
|
|t:|1760436754
|switch|p1a: brat|Blissey, F|100/100
|move|p2a: Gholdengo|Make It Rain|p1a: brat
|-damage|p1a: brat|65/100
|-unboost|p2a: Gholdengo|spa|1
|
|upkeep
|turn|24
|
|t:|1760436762
|switch|p2a: Infernape|Infernape, F|82/100 tox
|move|p1a: brat|Calm Mind|p1a: brat
|-boost|p1a: brat|spa|1
|-boost|p1a: brat|spd|1
|
|-damage|p2a: Infernape|76/100 tox|[from] psn
|upkeep
|turn|25
|
|t:|1760436764
|switch|p1a: 🇮🇱=stop genocide|Gliscor, M|100/100 tox
|move|p2a: Infernape|Stealth Rock|p1a: 🇮🇱=stop genocide
|-sidestart|p1: Trainer #39|move: Stealth Rock
|
|-damage|p2a: Infernape|64/100 tox|[from] psn
|upkeep
|turn|26
|
|t:|1760436771
|switch|p2a: Gholdengo|Gholdengo, tera:Ghost|56/100
|move|p1a: 🇮🇱=stop genocide|Substitute|p1a: 🇮🇱=stop genocide
|-start|p1a: 🇮🇱=stop genocide|Substitute
|-damage|p1a: 🇮🇱=stop genocide|76/100 tox
|
|-heal|p1a: 🇮🇱=stop genocide|88/100 tox|[from] ability: Poison Heal
|upkeep
|turn|27
|
|t:|1760436779
|move|p1a: 🇮🇱=stop genocide|Earthquake|p2a: Gholdengo
|-damage|p2a: Gholdengo|37/100
|move|p2a: Gholdengo|Nasty Plot|p2a: Gholdengo
|-boost|p2a: Gholdengo|spa|2
|
|-heal|p1a: 🇮🇱=stop genocide|100/100 tox|[from] ability: Poison Heal
|upkeep
|turn|28
|
|t:|1760436783
|switch|p1a: brat|Blissey, F|65/100
|move|p2a: Gholdengo|Recover|p2a: Gholdengo
|-heal|p2a: Gholdengo|87/100
|
|upkeep
|turn|29
|
|t:|1760436792
|move|p2a: Gholdengo|Make It Rain|p1a: brat
|-damage|p1a: brat|29/100
|-unboost|p2a: Gholdengo|spa|1
|move|p1a: brat|Soft-Boiled|p1a: brat
|-heal|p1a: brat|79/100
|
|upkeep
|turn|30
|
|t:|1760436805
|switch|p2a: Zamazenta|Zamazenta|94/100 tox
|move|p1a: brat|Calm Mind|p1a: brat
|-boost|p1a: brat|spa|1
|-boost|p1a: brat|spd|1
|
|-heal|p2a: Zamazenta|100/100 tox|[from] item: Leftovers
|-damage|p2a: Zamazenta|94/100 tox|[from] psn
|upkeep
|turn|31
|
|t:|1760436819
|switch|p2a: Gholdengo|Gholdengo, tera:Ghost|87/100
|switch|p1a: 🇮🇱=stop genocide|Gliscor, M|100/100 tox
|-damage|p1a: 🇮🇱=stop genocide|88/100 tox|[from] Stealth Rock
|
|-heal|p1a: 🇮🇱=stop genocide|100/100 tox|[from] ability: Poison Heal
|upkeep
|turn|32
|
|t:|1760436822
|switch|p1a: brat|Blissey, F|79/100
|move|p2a: Gholdengo|Nasty Plot|p2a: Gholdengo
|-boost|p2a: Gholdengo|spa|2
|
|upkeep
|turn|33
|
|t:|1760436831
|switch|p2a: Zamazenta|Zamazenta|94/100 tox
|move|p1a: brat|Calm Mind|p1a: brat
|-boost|p1a: brat|spa|1
|-boost|p1a: brat|spd|1
|
|-heal|p2a: Zamazenta|100/100 tox|[from] item: Leftovers
|-damage|p2a: Zamazenta|94/100 tox|[from] psn
|upkeep
|turn|34
|
|t:|1760436836
|switch|p1a: 🇮🇱=stop genocide|Gliscor, M|100/100 tox
|-damage|p1a: 🇮🇱=stop genocide|88/100 tox|[from] Stealth Rock
|move|p2a: Zamazenta|Roar|p1a: 🇮🇱=stop genocide
|drag|p1a: LeJ/ovni/la lettre|Slowking-Galar, M|100/100
|-damage|p1a: LeJ/ovni/la lettre|76/100|[from] Spikes
|-damage|p1a: LeJ/ovni/la lettre|63/100|[from] Stealth Rock
|
|-heal|p2a: Zamazenta|100/100 tox|[from] item: Leftovers
|-damage|p2a: Zamazenta|88/100 tox|[from] psn
|upkeep
|turn|35
|
|t:|1760436844
|switch|p1a: 🇮🇱=stop genocide|Gliscor, M|88/100 tox
|-damage|p1a: 🇮🇱=stop genocide|76/100 tox|[from] Stealth Rock
|move|p2a: Zamazenta|Crunch|p1a: 🇮🇱=stop genocide
|-damage|p1a: 🇮🇱=stop genocide|62/100 tox
|
|-heal|p2a: Zamazenta|94/100 tox|[from] item: Leftovers
|-damage|p2a: Zamazenta|76/100 tox|[from] psn
|-heal|p1a: 🇮🇱=stop genocide|75/100 tox|[from] ability: Poison Heal
|upkeep
|turn|36
|
|t:|1760436851
|switch|p2a: Gholdengo|Gholdengo, tera:Ghost|87/100
|move|p1a: 🇮🇱=stop genocide|Earthquake|p2a: Gholdengo
|-damage|p2a: Gholdengo|66/100
|
|-heal|p1a: 🇮🇱=stop genocide|87/100 tox|[from] ability: Poison Heal
|upkeep
|turn|37
|
|t:|1760436856
|switch|p1a: brat|Blissey, F|79/100
|switch|p2a: Zamazenta|Zamazenta|76/100 tox
|
|-heal|p2a: Zamazenta|82/100 tox|[from] item: Leftovers
|-damage|p2a: Zamazenta|76/100 tox|[from] psn
|upkeep
|turn|38
|
|t:|1760436861
|switch|p1a: 🇮🇱=stop genocide|Gliscor, M|87/100 tox
|-damage|p1a: 🇮🇱=stop genocide|75/100 tox|[from] Stealth Rock
|move|p2a: Zamazenta|Roar|p1a: 🇮🇱=stop genocide
|drag|p1a: Charlie Kirk: idc|Corviknight, M|73/100
|-damage|p1a: Charlie Kirk: idc|60/100|[from] Stealth Rock
|-ability|p1a: Charlie Kirk: idc|Pressure
|
|-heal|p2a: Zamazenta|82/100 tox|[from] item: Leftovers
|-damage|p2a: Zamazenta|70/100 tox|[from] psn
|upkeep
|turn|39
|
|t:|1760436865
|switch|p2a: Gholdengo|Gholdengo, tera:Ghost|66/100
|move|p1a: Charlie Kirk: idc|Roost|p1a: Charlie Kirk: idc
|-heal|p1a: Charlie Kirk: idc|100/100
|-singleturn|p1a: Charlie Kirk: idc|move: Roost
|
|upkeep
|turn|40
|
|t:|1760436893
|move|p2a: Gholdengo|Nasty Plot|p2a: Gholdengo
|-boost|p2a: Gholdengo|spa|2
|move|p1a: Charlie Kirk: idc|U-turn|p2a: Gholdengo
|-resisted|p2a: Gholdengo
|-damage|p2a: Gholdengo|61/100
|
|t:|1760436900
|switch|p1a: brat|Blissey, F|79/100|[from] U-turn
|
|upkeep
|turn|41
|
|t:|1760436910
|move|p2a: Gholdengo|Make It Rain|p1a: brat
|-damage|p1a: brat|41/100
|-unboost|p2a: Gholdengo|spa|1
|move|p1a: brat|Calm Mind|p1a: brat
|-boost|p1a: brat|spa|1
|-boost|p1a: brat|spd|1
|
|upkeep
|turn|42
|inactive|SpaceMedaFighterX has 120 seconds left.
|inactive|Trainer #39 has 120 seconds left.
|
|t:|1760436962
|switch|p2a: Iron Valiant|Iron Valiant|100/100
|-enditem|p2a: Iron Valiant|Booster Energy
|-activate|p2a: Iron Valiant|ability: Quark Drive|[fromitem]
|-start|p2a: Iron Valiant|quarkdrivespe
|move|p1a: brat|Soft-Boiled|p1a: brat
|-heal|p1a: brat|91/100
|
|upkeep
|turn|43
|
|t:|1760436969
|switch|p1a: Charli xcx|Clefable, M|100/100
|move|p2a: Iron Valiant|Calm Mind|p2a: Iron Valiant
|-boost|p2a: Iron Valiant|spa|1
|-boost|p2a: Iron Valiant|spd|1
|
|upkeep
|turn|44
|
|t:|1760436978
|move|p2a: Iron Valiant|Moonblast|p1a: Charli xcx
|-damage|p1a: Charli xcx|68/100
|move|p1a: Charli xcx|Moonblast|p2a: Iron Valiant
|-supereffective|p2a: Iron Valiant
|-damage|p2a: Iron Valiant|0 fnt
|faint|p2a: Iron Valiant
|-end|p2a: Iron Valiant|Quark Drive|[silent]
|
|upkeep
|-message|SpaceMedaFighterX forfeited.
|
|win|Trainer #39
|raw|Trainer #39's rating: 1838 &rarr; <strong>1858</strong><br />(+20 for winning)
|raw|SpaceMedaFighterX's rating: 1845 &rarr; <strong>1825</strong><br />(-20 for losing)
|l|☆Trainer #39
|player|p1|
