|j|☆srdrse
|j|‽tsurugi951
|t:|1760429328
|gametype|singles
|player|p1|srdrse|steven|1236
|player|p2|tsurugi951|2|1259
|gen|9
|tier|[Gen 9] OU
|rated|
|rule|HP Percentage Mod: HP is shown in percentages
|rule|Endless Battle Clause: Forcing endless battles is banned
|rule|Species Clause: Limit one of each Pokémon
|rule|OHKO Clause: OHKO moves are banned
|rule|Evasion Items Clause: Evasion items are banned
|rule|Evasion Moves Clause: Evasion moves are banned
|rule|Evasion Abilities Clause: Evasion abilities are banned
|rule|Sleep Moves Clause: Sleep-inducing moves are banned
|clearpoke
|poke|p1|Garganacl, F|
|poke|p1|Meowscarada, F|
|poke|p1|Grimmsnarl, M|
|poke|p1|Scizor, F|
|poke|p1|Polteageist-Antique|
|poke|p1|Zamazenta-*|
|poke|p2|Iron Moth|
|poke|p2|Weezing-Galar, M|
|poke|p2|Moltres-Galar|
|poke|p2|Iron Treads|
|poke|p2|Iron Hands|
|poke|p2|Alomomola, M|
|teampreview
|
|t:|1760429355
|teamsize|p1|6
|teamsize|p2|6
|start
|switch|p1a: Garganacl|Garganacl, F, shiny|100/100
|switch|p2a: Iron Hands|Iron Hands|100/100
|turn|1
|
|t:|1760429365
|move|p2a: Iron Hands|Close Combat|p1a: Garganacl
|-supereffective|p1a: Garganacl
|-damage|p1a: Garganacl|0 fnt
|-unboost|p2a: Iron Hands|def|1
|-unboost|p2a: Iron Hands|spd|1
|faint|p1a: Garganacl
|
|upkeep
|
|t:|1760429374
|switch|p1a: Polteageist|Polteageist-Antique|100/100
|turn|2
|
|t:|1760429390
|-end|p2a: Iron Hands|Quark Drive|[silent]
|switch|p2a: Moltres|Moltres-Galar|100/100
|move|p1a: Polteageist|Shell Smash|p1a: Polteageist
|-unboost|p1a: Polteageist|def|1
|-unboost|p1a: Polteageist|spd|1
|-boost|p1a: Polteageist|atk|2
|-boost|p1a: Polteageist|spa|2
|-boost|p1a: Polteageist|spe|2
|-enditem|p1a: Polteageist|White Herb
|-clearnegativeboost|p1a: Polteageist|[silent]
|
|upkeep
|turn|3
|
|t:|1760429422
|-terastallize|p1a: Polteageist|Grass
|move|p1a: Polteageist|Giga Drain|p2a: Moltres
|-resisted|p2a: Moltres
|-damage|p2a: Moltres|70/100
|move|p2a: Moltres|Tailwind|p2a: Moltres
|-sidestart|p2: tsurugi951|move: Tailwind
|
|upkeep
|turn|4
|
|t:|1760429431
|move|p1a: Polteageist|Shell Smash|p1a: Polteageist
|-unboost|p1a: Polteageist|def|1
|-unboost|p1a: Polteageist|spd|1
|-boost|p1a: Polteageist|atk|2
|-boost|p1a: Polteageist|spa|2
|-boost|p1a: Polteageist|spe|2
|move|p2a: Moltres|Air Slash|p1a: Polteageist
|-supereffective|p1a: Polteageist
|-damage|p1a: Polteageist|0 fnt
|faint|p1a: Polteageist
|
|upkeep
|
|t:|1760429443
|switch|p1a: Grimmsnarl|Grimmsnarl, M, shiny|100/100
|turn|5
|
|t:|1760429448
|move|p1a: Grimmsnarl|Fake Out|p2a: Moltres
|-damage|p2a: Moltres|60/100
|cant|p2a: Moltres|flinch
|
|upkeep
|turn|6
|
|t:|1760429454
|move|p1a: Grimmsnarl|Light Screen|p1a: Grimmsnarl
|-sidestart|p1: srdrse|move: Light Screen
|move|p2a: Moltres|Taunt|p1a: Grimmsnarl
|-start|p1a: Grimmsnarl|move: Taunt
|
|-sideend|p2: tsurugi951|move: Tailwind
|upkeep
|turn|7
|
|t:|1760429464
|switch|p1a: Scizor|Scizor, F, shiny|100/100
|move|p2a: Moltres|Tailwind|p2a: Moltres
|-sidestart|p2: tsurugi951|move: Tailwind
|
|upkeep
|turn|8
|
|t:|1760429486
|switch|p2a: Iron Hands|Iron Hands|100/100
|move|p1a: Scizor|Substitute|p1a: Scizor
|-start|p1a: Scizor|Substitute
|-damage|p1a: Scizor|75/100
|
|-heal|p1a: Scizor|82/100|[from] item: Leftovers
|upkeep
|turn|9
|
|t:|1760429494
|move|p2a: Iron Hands|Wild Charge|p1a: Scizor
|-end|p1a: Scizor|Substitute
|-damage|p2a: Iron Hands|96/100|[from] Recoil|[of] p1a: Scizor
|move|p1a: Scizor|Swords Dance|p1a: Scizor
|-boost|p1a: Scizor|atk|2
|
|-heal|p1a: Scizor|88/100|[from] item: Leftovers
|upkeep
|turn|10
|
|t:|1760429505
|move|p1a: Scizor|Bullet Punch|p2a: Iron Hands
|-resisted|p2a: Iron Hands
|-damage|p2a: Iron Hands|76/100
|move|p2a: Iron Hands|Close Combat|p1a: Scizor
|-damage|p1a: Scizor|17/100
|-unboost|p2a: Iron Hands|def|1
|-unboost|p2a: Iron Hands|spd|1
|
|-heal|p1a: Scizor|23/100|[from] item: Leftovers
|-sideend|p2: tsurugi951|move: Tailwind
|upkeep
|turn|11
|
|t:|1760429518
|move|p1a: Scizor|Bullet Punch|p2a: Iron Hands
|-resisted|p2a: Iron Hands
|-damage|p2a: Iron Hands|44/100
|move|p2a: Iron Hands|Close Combat|p1a: Scizor
|-damage|p1a: Scizor|0 fnt
|-unboost|p2a: Iron Hands|def|1
|-unboost|p2a: Iron Hands|spd|1
|faint|p1a: Scizor
|
|upkeep
|
|t:|1760429521
|switch|p1a: Meowscarada|Meowscarada, F, shiny|100/100
|turn|12
|
|t:|1760429534
|-end|p2a: Iron Hands|Quark Drive|[silent]
|switch|p2a: Weezing|Weezing-Galar, M|100/100
|move|p1a: Meowscarada|Flower Trick|p2a: Weezing
|-start|p1a: Meowscarada|typechange|Grass|[from] ability: Protean
|-resisted|p2a: Weezing
|-crit|p2a: Weezing
|-damage|p2a: Weezing|68/100
|
|upkeep
|turn|13
|
|t:|1760429550
|move|p1a: Meowscarada|Flower Trick|p2a: Weezing
|-resisted|p2a: Weezing
|-crit|p2a: Weezing
|-damage|p2a: Weezing|34/100
|move|p2a: Weezing|Clear Smog|p1a: Meowscarada
|-supereffective|p1a: Meowscarada
|-damage|p1a: Meowscarada|70/100
|-clearboost|p1a: Meowscarada
|
|-sideend|p1: srdrse|move: Light Screen
|upkeep
|turn|14
|
|t:|1760429578
|switch|p2a: Iron Moth|Iron Moth|100/100
|-enditem|p2a: Iron Moth|Booster Energy
|-activate|p2a: Iron Moth|ability: Quark Drive|[fromitem]
|-start|p2a: Iron Moth|quarkdrivespe
|move|p1a: Meowscarada|Flower Trick|p2a: Iron Moth
|-resisted|p2a: Iron Moth
|-crit|p2a: Iron Moth
|-damage|p2a: Iron Moth|68/100
|
|upkeep
|turn|15
|
|t:|1760429591
|switch|p1a: Grimmsnarl|Grimmsnarl, M, shiny|100/100
|move|p2a: Iron Moth|Fiery Dance|p1a: Grimmsnarl
|-damage|p1a: Grimmsnarl|66/100
|-boost|p2a: Iron Moth|spa|1
|
|upkeep
|turn|16
|
|t:|1760429598
|move|p1a: Grimmsnarl|Fake Out|p2a: Iron Moth
|-damage|p2a: Iron Moth|50/100
|cant|p2a: Iron Moth|flinch
|
|upkeep
|turn|17
|
|t:|1760429603
|move|p1a: Grimmsnarl|Light Screen|p1a: Grimmsnarl
|-sidestart|p1: srdrse|move: Light Screen
|move|p2a: Iron Moth|Sludge Wave|p1a: Grimmsnarl
|-supereffective|p1a: Grimmsnarl
|-damage|p1a: Grimmsnarl|0 fnt
|faint|p1a: Grimmsnarl
|
|upkeep
|
|t:|1760429610
|switch|p1a: Meowscarada|Meowscarada, F, shiny|70/100
|turn|18
|
|t:|1760429616
|move|p2a: Iron Moth|Fiery Dance|p1a: Meowscarada
|-supereffective|p1a: Meowscarada
|-damage|p1a: Meowscarada|0 fnt
|-boost|p2a: Iron Moth|spa|1
|faint|p1a: Meowscarada
|
|upkeep
|
|t:|1760429620
|switch|p1a: Zamazenta|Zamazenta|100/100
|-ability|p1a: Zamazenta|Dauntless Shield|boost
|-boost|p1a: Zamazenta|def|1
|turn|19
|
|t:|1760429626
|move|p2a: Iron Moth|Dazzling Gleam|p1a: Zamazenta
|-supereffective|p1a: Zamazenta
|-damage|p1a: Zamazenta|53/100
|move|p1a: Zamazenta|Iron Defense|p1a: Zamazenta
|-boost|p1a: Zamazenta|def|2
|
|-heal|p1a: Zamazenta|59/100|[from] item: Leftovers
|upkeep
|turn|20
|
|t:|1760429633
|move|p2a: Iron Moth|Dazzling Gleam|p1a: Zamazenta
|-supereffective|p1a: Zamazenta
|-damage|p1a: Zamazenta|13/100
|move|p1a: Zamazenta|Body Press|p2a: Iron Moth
|-resisted|p2a: Iron Moth
|-damage|p2a: Iron Moth|0 fnt
|faint|p2a: Iron Moth
|-end|p2a: Iron Moth|Quark Drive|[silent]
|
|-heal|p1a: Zamazenta|19/100|[from] item: Leftovers
|upkeep
|inactive|Battle timer is ON: inactive players will automatically lose when time's up. (requested by srdrse)
|
|t:|1760429660
|switch|p2a: Iron Hands|Iron Hands|44/100
|turn|21
|
|t:|1760429665
|move|p1a: Zamazenta|Body Press|p2a: Iron Hands
|-crit|p2a: Iron Hands
|-damage|p2a: Iron Hands|0 fnt
|faint|p2a: Iron Hands
|-end|p2a: Iron Hands|Quark Drive|[silent]
|
|-heal|p1a: Zamazenta|25/100|[from] item: Leftovers
|upkeep
|
|t:|1760429672
|switch|p2a: Alomomola|Alomomola, M|100/100
|turn|22
|
|t:|1760429677
|move|p1a: Zamazenta|Body Press|p2a: Alomomola
|-damage|p2a: Alomomola|59/100
|-damage|p1a: Zamazenta|9/100|[from] item: Rocky Helmet|[of] p2a: Alomomola
|move|p2a: Alomomola|Wish|p2a: Alomomola
|
|-heal|p1a: Zamazenta|15/100|[from] item: Leftovers
|upkeep
|turn|23
|
|t:|1760429685
|move|p1a: Zamazenta|Iron Defense|p1a: Zamazenta
|-boost|p1a: Zamazenta|def|2
|move|p2a: Alomomola|Flip Turn|p1a: Zamazenta
|-damage|p1a: Zamazenta|10/100
|
|t:|1760429691
|switch|p2a: Weezing|Weezing-Galar, M|34/100|[from] Flip Turn
|
|-heal|p2a: Weezing|100/100|[from] move: Wish|[wisher] Alomomola
|-heal|p1a: Zamazenta|16/100|[from] item: Leftovers
|upkeep
|turn|24
|
|t:|1760429699
|move|p1a: Zamazenta|Body Press|p2a: Weezing
|-resisted|p2a: Weezing
|-damage|p2a: Weezing|79/100
|move|p2a: Weezing|Dazzling Gleam|p1a: Zamazenta
|-supereffective|p1a: Zamazenta
|-damage|p1a: Zamazenta|0 fnt
|faint|p1a: Zamazenta
|
|win|tsurugi951
|raw|srdrse's rating: 1236 &rarr; <strong>1213</strong><br />(-23 for losing)
|raw|tsurugi951's rating: 1259 &rarr; <strong>1282</strong><br />(+23 for winning)
|l|☆srdrse
|player|p1|
