|j|☆mmerda
|j|☆Swankentora
|t:|1760372213
|gametype|singles
|player|p1|mmerda|pokekid|1443
|player|p2|Swankentora|n|1455
|gen|9
|tier|[Gen 9] OU
|rated|
|rule|HP Percentage Mod: HP is shown in percentages
|rule|Endless Battle Clause: Forcing endless battles is banned
|rule|Species Clause: Limit one of each Pokémon
|rule|OHKO Clause: OHKO moves are banned
|rule|Evasion Items Clause: Evasion items are banned
|rule|Evasion Moves Clause: Evasion moves are banned
|rule|Evasion Abilities Clause: Evasion abilities are banned
|rule|Sleep Moves Clause: Sleep-inducing moves are banned
|clearpoke
|poke|p1|Ursaluna, F|
|poke|p1|Kingambit, M|
|poke|p1|Dragapult, F|
|poke|p1|Gliscor, M|
|poke|p1|Hatterene, F|
|poke|p1|Ogerpon-Wellspring, F|
|poke|p2|Samurott-Hisui, M|
|poke|p2|Heatran, F|
|poke|p2|Latios, M|
|poke|p2|Iron Valiant|
|poke|p2|Iron Treads|
|poke|p2|Dragapult, M|
|teampreview
|inactive|Battle timer is ON: inactive players will automatically lose when time's up. (requested by mmerda)
|
|t:|1760372236
|teamsize|p1|6
|teamsize|p2|6
|start
|switch|p1a: NOT Dratini|Dragapult, F|100/100
|switch|p2a: Iron Valiant|Iron Valiant|100/100
|turn|1
|
|t:|1760372242
|switch|p1a: NOT Kubfu|Ursaluna, F|100/100
|move|p2a: Iron Valiant|Moonblast|p1a: NOT Kubfu
|-damage|p1a: NOT Kubfu|67/100
|
|upkeep
|turn|2
|
|t:|1760372248
|-end|p2a: Iron Valiant|Quark Drive|[silent]
|switch|p2a: Heatran|Heatran, F|100/100
|move|p1a: NOT Kubfu|Earthquake|p2a: Heatran
|-supereffective|p2a: Heatran
|-damage|p2a: Heatran|0 fnt
|faint|p2a: Heatran
|
|upkeep
|
|t:|1760372277
|switch|p2a: Latios|Latios, M|100/100
|turn|3
|
|t:|1760372281
|move|p2a: Latios|Draco Meteor|p1a: NOT Kubfu
|-damage|p1a: NOT Kubfu|28/100
|-unboost|p2a: Latios|spa|2
|move|p1a: NOT Kubfu|Body Slam|p2a: Latios
|-damage|p2a: Latios|48/100
|
|upkeep
|turn|4
|
|t:|1760372296
|switch|p2a: Iron Valiant|Iron Valiant|100/100
|move|p1a: NOT Kubfu|Body Slam|p2a: Iron Valiant
|-damage|p2a: Iron Valiant|44/100
|
|upkeep
|turn|5
|
|t:|1760372302
|move|p2a: Iron Valiant|Moonblast|p1a: NOT Kubfu
|-damage|p1a: NOT Kubfu|0 fnt
|faint|p1a: NOT Kubfu
|
|upkeep
|
|t:|1760372308
|switch|p1a: NOT Mime Jr|Hatterene, F|100/100
|turn|6
|
|t:|1760372331
|move|p2a: Iron Valiant|Moonblast|p1a: NOT Mime Jr
|-damage|p1a: NOT Mime Jr|28/100
|move|p1a: NOT Mime Jr|Mystical Fire|p2a: Iron Valiant
|-damage|p2a: Iron Valiant|5/100
|-unboost|p2a: Iron Valiant|spa|1
|
|upkeep
|turn|7
|
|t:|1760372337
|switch|p1a: NOT Honedge|Kingambit, M|100/100
|move|p2a: Iron Valiant|Moonblast|p1a: NOT Honedge
|-damage|p1a: NOT Honedge|52/100
|-unboost|p1a: NOT Honedge|spa|1
|-ability|p1a: NOT Honedge|Defiant|boost
|-boost|p1a: NOT Honedge|atk|2
|
|-heal|p1a: NOT Honedge|58/100|[from] item: Leftovers
|upkeep
|turn|8
|
|t:|1760372352
|-end|p2a: Iron Valiant|Quark Drive|[silent]
|switch|p2a: Samurott|Samurott-Hisui, M|100/100
|move|p1a: NOT Honedge|Sucker Punch||[still]
|-fail|p1a: NOT Honedge
|
|-heal|p1a: NOT Honedge|64/100|[from] item: Leftovers
|upkeep
|turn|9
|
|t:|1760372356
|-terastallize|p1a: NOT Honedge|Poison
|move|p2a: Samurott|Razor Shell|p1a: NOT Honedge
|-damage|p1a: NOT Honedge|26/100
|move|p1a: NOT Honedge|Kowtow Cleave|p2a: Samurott
|-resisted|p2a: Samurott
|-damage|p2a: Samurott|47/100
|
|-heal|p1a: NOT Honedge|32/100|[from] item: Leftovers
|upkeep
|turn|10
|
|t:|1760372371
|move|p1a: NOT Honedge|Sucker Punch|p2a: Samurott
|-resisted|p2a: Samurott
|-damage|p2a: Samurott|5/100
|move|p2a: Samurott|Ceaseless Edge|p1a: NOT Honedge
|-damage|p1a: NOT Honedge|0 fnt
|-sidestart|p1: mmerda|Spikes
|faint|p1a: NOT Honedge
|
|upkeep
|
|t:|1760372373
|switch|p1a: NOT Spiritomb|Ogerpon-Wellspring, F|100/100
|-damage|p1a: NOT Spiritomb|88/100|[from] Spikes
|turn|11
|
|t:|1760372380
|move|p2a: Samurott|Sucker Punch|p1a: NOT Spiritomb
|-damage|p1a: NOT Spiritomb|47/100
|move|p1a: NOT Spiritomb|Ivy Cudgel|p2a: Samurott|[anim] Ivy Cudgel Water
|-resisted|p2a: Samurott
|-damage|p2a: Samurott|0 fnt
|faint|p2a: Samurott
|
|upkeep
|
|t:|1760372383
|switch|p2a: Iron Valiant|Iron Valiant|5/100
|turn|12
|
|t:|1760372390
|switch|p1a: NOT Mime Jr|Hatterene, F|28/100
|-damage|p1a: NOT Mime Jr|16/100|[from] Spikes
|move|p2a: Iron Valiant|Moonblast|p1a: NOT Mime Jr
|-damage|p1a: NOT Mime Jr|0 fnt
|faint|p1a: NOT Mime Jr
|
|upkeep
|
|t:|1760372392
|switch|p1a: NOT Dratini|Dragapult, F|100/100
|turn|13
|
|t:|1760372411
|-end|p2a: Iron Valiant|Quark Drive|[silent]
|switch|p2a: Latios|Latios, M|48/100
|move|p1a: NOT Dratini|Hex|p2a: Latios
|-supereffective|p2a: Latios
|-damage|p2a: Latios|0 fnt
|faint|p2a: Latios
|
|upkeep
|
|t:|1760372418
|switch|p2a: Iron Treads|Iron Treads|100/100
|turn|14
|
|t:|1760372422
|-terastallize|p2a: Iron Treads|Ice
|move|p1a: NOT Dratini|Will-O-Wisp|p2a: Iron Treads
|-status|p2a: Iron Treads|brn
|move|p2a: Iron Treads|Ice Spinner|p1a: NOT Dratini
|-supereffective|p1a: NOT Dratini
|-damage|p1a: NOT Dratini|61/100
|
|-damage|p2a: Iron Treads|94/100 brn|[from] brn
|upkeep
|turn|15
|
|t:|1760372426
|move|p1a: NOT Dratini|U-turn|p2a: Iron Treads
|-damage|p2a: Iron Treads|80/100 brn
|
|t:|1760372429
|switch|p1a: NOT Noibat|Gliscor, M|100/100|[from] U-turn
|move|p2a: Iron Treads|Ice Spinner|p1a: NOT Noibat
|-supereffective|p1a: NOT Noibat
|-crit|p1a: NOT Noibat
|-damage|p1a: NOT Noibat|42/100
|
|-heal|p2a: Iron Treads|86/100 brn|[from] item: Leftovers
|-damage|p2a: Iron Treads|80/100 brn|[from] brn
|-status|p1a: NOT Noibat|tox|[from] item: Toxic Orb
|upkeep
|turn|16
|
|t:|1760372449
|move|p1a: NOT Noibat|Protect|p1a: NOT Noibat
|-singleturn|p1a: NOT Noibat|Protect
|move|p2a: Iron Treads|Ice Spinner|p1a: NOT Noibat
|-activate|p1a: NOT Noibat|move: Protect
|
|-heal|p2a: Iron Treads|86/100 brn|[from] item: Leftovers
|-heal|p1a: NOT Noibat|55/100 tox|[from] ability: Poison Heal
|-damage|p2a: Iron Treads|80/100 brn|[from] brn
|upkeep
|turn|17
|
|t:|1760372454
|move|p2a: Iron Treads|Ice Spinner|p1a: NOT Noibat
|-supereffective|p1a: NOT Noibat
|-damage|p1a: NOT Noibat|17/100 tox
|move|p1a: NOT Noibat|Knock Off|p2a: Iron Treads
|-damage|p2a: Iron Treads|63/100 brn
|-enditem|p2a: Iron Treads|Leftovers|[from] move: Knock Off|[of] p1a: NOT Noibat
|
|-heal|p1a: NOT Noibat|30/100 tox|[from] ability: Poison Heal
|-damage|p2a: Iron Treads|57/100 brn|[from] brn
|upkeep
|turn|18
|
|t:|1760372467
|move|p1a: NOT Noibat|Protect|p1a: NOT Noibat
|-singleturn|p1a: NOT Noibat|Protect
|move|p2a: Iron Treads|Ice Spinner|p1a: NOT Noibat
|-activate|p1a: NOT Noibat|move: Protect
|
|-heal|p1a: NOT Noibat|42/100 tox|[from] ability: Poison Heal
|-damage|p2a: Iron Treads|51/100 brn|[from] brn
|upkeep
|turn|19
|
|t:|1760372470
|switch|p1a: NOT Spiritomb|Ogerpon-Wellspring, F|47/100
|-damage|p1a: NOT Spiritomb|35/100|[from] Spikes
|move|p2a: Iron Treads|Ice Spinner|p1a: NOT Spiritomb
|-damage|p1a: NOT Spiritomb|14/100
|
|-damage|p2a: Iron Treads|45/100 brn|[from] brn
|upkeep
|turn|20
|
|t:|1760372473
|move|p1a: NOT Spiritomb|Ivy Cudgel|p2a: Iron Treads|[anim] Ivy Cudgel Water
|-damage|p2a: Iron Treads|0 fnt
|faint|p2a: Iron Treads
|-end|p2a: Iron Treads|Quark Drive|[silent]
|
|upkeep
|
|t:|1760372476
|switch|p2a: Dragapult|Dragapult, M|100/100
|turn|21
|
|t:|1760372479
|move|p2a: Dragapult|U-turn|p1a: NOT Spiritomb
|-supereffective|p1a: NOT Spiritomb
|-damage|p1a: NOT Spiritomb|0 fnt
|faint|p1a: NOT Spiritomb
|
|t:|1760372481
|switch|p2a: Iron Valiant|Iron Valiant|5/100|[from] U-turn
|
|upkeep
|
|t:|1760372483
|switch|p1a: NOT Noibat|Gliscor, M|42/100 tox
|turn|22
|
|t:|1760372500
|move|p1a: NOT Noibat|Protect|p1a: NOT Noibat
|-singleturn|p1a: NOT Noibat|Protect
|move|p2a: Iron Valiant|Moonblast|p1a: NOT Noibat
|-activate|p1a: NOT Noibat|move: Protect
|
|-heal|p1a: NOT Noibat|55/100 tox|[from] ability: Poison Heal
|upkeep
|turn|23
|
|t:|1760372502
|move|p2a: Iron Valiant|Moonblast|p1a: NOT Noibat
|-damage|p1a: NOT Noibat|0 fnt
|faint|p1a: NOT Noibat
|
|upkeep
|
|t:|1760372504
|switch|p1a: NOT Dratini|Dragapult, F|61/100
|turn|24
|
|t:|1760372509
|move|p1a: NOT Dratini|Hex|p2a: Iron Valiant
|-damage|p2a: Iron Valiant|0 fnt
|faint|p2a: Iron Valiant
|-end|p2a: Iron Valiant|Quark Drive|[silent]
|
|upkeep
|
|t:|1760372511
|switch|p2a: Dragapult|Dragapult, M|100/100
|turn|25
|
|t:|1760372513
|move|p2a: Dragapult|Dragon Darts|p1a: NOT Dratini
|-supereffective|p1a: NOT Dratini
|-damage|p1a: NOT Dratini|0 fnt
|faint|p1a: NOT Dratini
|
|win|Swankentora
|raw|mmerda's rating: 1443 &rarr; <strong>1425</strong><br />(-18 for losing)
|raw|Swankentora's rating: 1477 &rarr; <strong>1495</strong><br />(+18 for winning)
|l|☆mmerda
|player|p1|
|c|☆Swankentora|gg
