|j|☆alex12381723898
|j|☆Morthill
|t:|1760409449
|gametype|singles
|player|p1|alex12381723898|1|1377
|player|p2|Morthill|265|1358
|gen|9
|tier|[Gen 9] OU
|rated|
|rule|HP Percentage Mod: HP is shown in percentages
|rule|Endless Battle Clause: Forcing endless battles is banned
|rule|Species Clause: Limit one of each Pokémon
|rule|OHKO Clause: OHKO moves are banned
|rule|Evasion Items Clause: Evasion items are banned
|rule|Evasion Moves Clause: Evasion moves are banned
|rule|Evasion Abilities Clause: Evasion abilities are banned
|rule|Sleep Moves Clause: Sleep-inducing moves are banned
|clearpoke
|poke|p1|Raging Bolt|
|poke|p1|Araquanid, F|
|poke|p1|Garganacl, M|
|poke|p1|Okidogi, M|
|poke|p1|Iron Valiant|
|poke|p1|Hatterene, F|
|poke|p2|Slowking-Galar, M|
|poke|p2|Ninetales-Alola, M|
|poke|p2|Cetitan, M|
|poke|p2|Frosmoth, M|
|poke|p2|Avalugg, M|
|poke|p2|Kyurem|
|teampreview
|inactive|Battle timer is ON: inactive players will automatically lose when time's up. (requested by Morthill)
|
|t:|1760409458
|teamsize|p1|6
|teamsize|p2|6
|start
|switch|p1a: Garganacl|Garganacl, M|100/100
|switch|p2a: Ninetales|Ninetales-Alola, M|100/100
|-weather|Snowscape|[from] ability: Snow Warning|[of] p2a: Ninetales
|turn|1
|
|t:|1760409468
|-terastallize|p1a: Garganacl|Ghost
|move|p2a: Ninetales|Aurora Veil|p2a: Ninetales
|-sidestart|p2: Morthill|move: Aurora Veil
|move|p1a: Garganacl|Stealth Rock|p2a: Ninetales
|-sidestart|p2: Morthill|move: Stealth Rock
|
|-weather|Snowscape|[upkeep]
|upkeep
|turn|2
|
|t:|1760409473
|move|p2a: Ninetales|Dark Pulse|p1a: Garganacl
|-supereffective|p1a: Garganacl
|-damage|p1a: Garganacl|62/100
|cant|p1a: Garganacl|flinch
|
|-weather|Snowscape|[upkeep]
|-heal|p1a: Garganacl|68/100|[from] item: Leftovers
|upkeep
|turn|3
|
|t:|1760409477
|switch|p1a: Araquanid|Araquanid, F|100/100
|move|p2a: Ninetales|Dark Pulse|p1a: Araquanid
|-damage|p1a: Araquanid|85/100
|
|-weather|Snowscape|[upkeep]
|upkeep
|turn|4
|
|t:|1760409481
|move|p2a: Ninetales|Freeze-Dry|p1a: Araquanid
|-supereffective|p1a: Araquanid
|-damage|p1a: Araquanid|42/100
|move|p1a: Araquanid|Sticky Web|p2a: Ninetales
|-sidestart|p2: Morthill|move: Sticky Web
|
|-weather|Snowscape|[upkeep]
|upkeep
|turn|5
|
|t:|1760409487
|move|p2a: Ninetales|Freeze-Dry|p1a: Araquanid
|-supereffective|p1a: Araquanid
|-damage|p1a: Araquanid|0 fnt
|faint|p1a: Araquanid
|
|-weather|Snowscape|[upkeep]
|-sideend|p2: Morthill|move: Aurora Veil
|upkeep
|inactive|alex12381723898 has 120 seconds left.
|
|t:|1760409521
|switch|p1a: Iron Valiant|Iron Valiant|100/100
|-enditem|p1a: Iron Valiant|Booster Energy
|-activate|p1a: Iron Valiant|ability: Quark Drive|[fromitem]
|-start|p1a: Iron Valiant|quarkdriveatk
|turn|6
|
|t:|1760409530
|move|p2a: Ninetales|Aurora Veil|p2a: Ninetales
|-sidestart|p2: Morthill|move: Aurora Veil
|move|p1a: Iron Valiant|Knock Off|p2a: Ninetales
|-resisted|p2a: Ninetales
|-damage|p2a: Ninetales|89/100
|-enditem|p2a: Ninetales|Icy Rock|[from] move: Knock Off|[of] p1a: Iron Valiant
|
|-weather|Snowscape|[upkeep]
|upkeep
|turn|7
|
|t:|1760409540
|-end|p1a: Iron Valiant|Quark Drive|[silent]
|switch|p1a: Hatterene|Hatterene, F|100/100
|move|p2a: Ninetales|Moonblast|p1a: Hatterene
|-damage|p1a: Hatterene|72/100
|-unboost|p1a: Hatterene|spa|1
|-enditem|p1a: Hatterene|Red Card|[of] p2a: Ninetales
|drag|p2a: Kyurem|Kyurem, shiny|100/100
|-damage|p2a: Kyurem|75/100|[from] Stealth Rock
|-activate|p2a: Kyurem|move: Sticky Web
|-unboost|p2a: Kyurem|spe|1
|-ability|p2a: Kyurem|Pressure
|
|-weather|Snowscape|[upkeep]
|upkeep
|turn|8
|
|t:|1760409548
|move|p2a: Kyurem|Flash Cannon|p1a: Hatterene
|-supereffective|p1a: Hatterene
|-damage|p1a: Hatterene|20/100
|move|p1a: Hatterene|Nuzzle|p2a: Kyurem
|-resisted|p2a: Kyurem
|-damage|p2a: Kyurem|75/100
|-status|p2a: Kyurem|par
|
|-weather|none
|upkeep
|turn|9
|
|t:|1760409553
|switch|p1a: Raging Bolt|Raging Bolt|100/100
|move|p2a: Kyurem|Flash Cannon|p1a: Raging Bolt
|-resisted|p1a: Raging Bolt
|-damage|p1a: Raging Bolt|88/100
|
|upkeep
|turn|10
|
|t:|1760409562
|move|p1a: Raging Bolt|Volt Switch|p2a: Kyurem
|-resisted|p2a: Kyurem
|-damage|p2a: Kyurem|65/100 par
|
|t:|1760409567
|-end|p1a: Raging Bolt|Protosynthesis|[silent]
|switch|p1a: Hatterene|Hatterene, F|20/100|[from] Volt Switch
|move|p2a: Kyurem|Ice Beam|p1a: Hatterene
|-damage|p1a: Hatterene|0 fnt
|faint|p1a: Hatterene
|
|-sideend|p2: Morthill|move: Aurora Veil
|upkeep
|
|t:|1760409571
|switch|p1a: Iron Valiant|Iron Valiant|100/100
|turn|11
|
|t:|1760409575
|move|p1a: Iron Valiant|Close Combat|p2a: Kyurem
|-supereffective|p2a: Kyurem
|-damage|p2a: Kyurem|0 fnt
|-unboost|p1a: Iron Valiant|def|1
|-unboost|p1a: Iron Valiant|spd|1
|faint|p2a: Kyurem
|
|upkeep
|
|t:|1760409578
|switch|p2a: Ninetales|Ninetales-Alola, M|89/100
|-damage|p2a: Ninetales|64/100|[from] Stealth Rock
|-activate|p2a: Ninetales|move: Sticky Web
|-unboost|p2a: Ninetales|spe|1
|-weather|Snowscape|[from] ability: Snow Warning|[of] p2a: Ninetales
|turn|12
|
|t:|1760409584
|move|p1a: Iron Valiant|Close Combat|p2a: Ninetales
|-damage|p2a: Ninetales|0 fnt
|-unboost|p1a: Iron Valiant|def|1
|-unboost|p1a: Iron Valiant|spd|1
|faint|p2a: Ninetales
|
|-weather|Snowscape|[upkeep]
|upkeep
|
|t:|1760409588
|switch|p2a: Avalugg|Avalugg, M, shiny|100/100
|-damage|p2a: Avalugg|76/100|[from] Stealth Rock
|-activate|p2a: Avalugg|move: Sticky Web
|-unboost|p2a: Avalugg|spe|1
|turn|13
|
|t:|1760409590
|-end|p1a: Iron Valiant|Quark Drive|[silent]
|switch|p1a: Garganacl|Garganacl, M, tera:Ghost|68/100
|move|p2a: Avalugg|Rapid Spin|p1a: Garganacl
|-immune|p1a: Garganacl
|
|-weather|Snowscape|[upkeep]
|-heal|p2a: Avalugg|82/100|[from] ability: Ice Body
|-heal|p1a: Garganacl|74/100|[from] item: Leftovers
|upkeep
|turn|14
|
|t:|1760409593
|move|p1a: Garganacl|Recover|p1a: Garganacl
|-heal|p1a: Garganacl|100/100
|move|p2a: Avalugg|Aurora Veil|p2a: Avalugg
|-sidestart|p2: Morthill|move: Aurora Veil
|
|-weather|Snowscape|[upkeep]
|-heal|p2a: Avalugg|88/100|[from] ability: Ice Body
|upkeep
|turn|15
|
|t:|1760409601
|switch|p2a: Slowking|Slowking-Galar, M|100/100
|-damage|p2a: Slowking|88/100|[from] Stealth Rock
|-activate|p2a: Slowking|move: Sticky Web
|-unboost|p2a: Slowking|spe|1
|move|p1a: Garganacl|Salt Cure|p2a: Slowking
|-damage|p2a: Slowking|81/100
|-start|p2a: Slowking|Salt Cure
|
|-weather|Snowscape|[upkeep]
|-damage|p2a: Slowking|68/100|[from] Salt Cure
|upkeep
|turn|16
|
|t:|1760409609
|switch|p1a: Raging Bolt|Raging Bolt|88/100
|move|p2a: Slowking|Psychic|p1a: Raging Bolt
|-crit|p1a: Raging Bolt
|-damage|p1a: Raging Bolt|32/100
|
|-weather|none
|-damage|p2a: Slowking|56/100|[from] Salt Cure
|upkeep
|turn|17
|
|t:|1760409615
|switch|p2a: Frosmoth|Frosmoth, M, shiny|100/100
|move|p1a: Raging Bolt|Thunderbolt|p2a: Frosmoth
|-damage|p2a: Frosmoth|82/100
|
|upkeep
|turn|18
|
|t:|1760409620
|-end|p1a: Raging Bolt|Protosynthesis|[silent]
|switch|p1a: Garganacl|Garganacl, M, tera:Ghost|100/100
|move|p2a: Frosmoth|Quiver Dance|p2a: Frosmoth
|-boost|p2a: Frosmoth|spa|1
|-boost|p2a: Frosmoth|spd|1
|-boost|p2a: Frosmoth|spe|1
|
|-sideend|p2: Morthill|move: Aurora Veil
|upkeep
|turn|19
|
|t:|1760409623
|-terastallize|p2a: Frosmoth|Ground
|move|p2a: Frosmoth|Quiver Dance|p2a: Frosmoth
|-boost|p2a: Frosmoth|spa|1
|-boost|p2a: Frosmoth|spd|1
|-boost|p2a: Frosmoth|spe|1
|move|p1a: Garganacl|Salt Cure|p2a: Frosmoth
|-resisted|p2a: Frosmoth
|-damage|p2a: Frosmoth|71/100
|-start|p2a: Frosmoth|Salt Cure
|
|-damage|p2a: Frosmoth|59/100|[from] Salt Cure
|upkeep
|turn|20
|
|t:|1760409634
|switch|p1a: Raging Bolt|Raging Bolt|32/100
|move|p2a: Frosmoth|Giga Drain|p1a: Raging Bolt
|-resisted|p1a: Raging Bolt
|-damage|p1a: Raging Bolt|13/100
|-heal|p2a: Frosmoth|73/100|[from] drain|[of] p1a: Raging Bolt
|
|-damage|p2a: Frosmoth|61/100|[from] Salt Cure
|upkeep
|turn|21
|
|t:|1760409640
|move|p2a: Frosmoth|Giga Drain|p1a: Raging Bolt
|-resisted|p1a: Raging Bolt
|-damage|p1a: Raging Bolt|0 fnt
|-heal|p2a: Frosmoth|70/100|[from] drain|[of] p1a: Raging Bolt
|faint|p1a: Raging Bolt
|-end|p1a: Raging Bolt|Protosynthesis|[silent]
|
|-damage|p2a: Frosmoth|58/100|[from] Salt Cure
|upkeep
|
|t:|1760409650
|switch|p1a: Okidogi|Okidogi, M|100/100
|turn|22
|
|t:|1760409654
|move|p2a: Frosmoth|Tera Blast|p1a: Okidogi|[anim] Tera Blast Ground
|-supereffective|p1a: Okidogi
|-damage|p1a: Okidogi|0 fnt
|faint|p1a: Okidogi
|
|-damage|p2a: Frosmoth|46/100|[from] Salt Cure
|upkeep
|
|t:|1760409658
|switch|p1a: Iron Valiant|Iron Valiant|100/100
|turn|23
|
|t:|1760409669
|move|p1a: Iron Valiant|Shadow Sneak|p2a: Frosmoth
|-damage|p2a: Frosmoth|18/100
|move|p2a: Frosmoth|Giga Drain|p1a: Iron Valiant
|-damage|p1a: Iron Valiant|11/100
|-heal|p2a: Frosmoth|61/100|[from] drain|[of] p1a: Iron Valiant
|
|-damage|p2a: Frosmoth|48/100|[from] Salt Cure
|upkeep
|turn|24
|
|t:|1760409678
|move|p1a: Iron Valiant|Shadow Sneak|p2a: Frosmoth
|-damage|p2a: Frosmoth|22/100
|move|p2a: Frosmoth|Giga Drain|p1a: Iron Valiant
|-damage|p1a: Iron Valiant|0 fnt
|-heal|p2a: Frosmoth|27/100|[from] drain|[of] p1a: Iron Valiant
|faint|p1a: Iron Valiant
|-end|p1a: Iron Valiant|Quark Drive|[silent]
|
|-damage|p2a: Frosmoth|15/100|[from] Salt Cure
|upkeep
|
|t:|1760409681
|switch|p1a: Garganacl|Garganacl, M, tera:Ghost|100/100
|turn|25
|
|t:|1760409684
|move|p2a: Frosmoth|Giga Drain|p1a: Garganacl
|-damage|p1a: Garganacl|59/100
|-heal|p2a: Frosmoth|43/100|[from] drain|[of] p1a: Garganacl
|move|p1a: Garganacl|Salt Cure|p2a: Frosmoth
|-resisted|p2a: Frosmoth
|-damage|p2a: Frosmoth|30/100
|
|-heal|p1a: Garganacl|66/100|[from] item: Leftovers
|-damage|p2a: Frosmoth|18/100|[from] Salt Cure
|upkeep
|turn|26
|
|t:|1760409688
|move|p2a: Frosmoth|Giga Drain|p1a: Garganacl
|-damage|p1a: Garganacl|22/100
|-heal|p2a: Frosmoth|47/100|[from] drain|[of] p1a: Garganacl
|move|p1a: Garganacl|Salt Cure|p2a: Frosmoth
|-resisted|p2a: Frosmoth
|-damage|p2a: Frosmoth|36/100
|
|-heal|p1a: Garganacl|28/100|[from] item: Leftovers
|-damage|p2a: Frosmoth|23/100|[from] Salt Cure
|upkeep
|turn|27
|
|t:|1760409690
|move|p2a: Frosmoth|Giga Drain|p1a: Garganacl
|-damage|p1a: Garganacl|0 fnt
|-heal|p2a: Frosmoth|42/100|[from] drain|[of] p1a: Garganacl
|faint|p1a: Garganacl
|
|win|Morthill
|raw|alex12381723898's rating: 1377 &rarr; <strong>1356</strong><br />(-21 for losing)
|raw|Morthill's rating: 1358 &rarr; <strong>1379</strong><br />(+21 for winning)
|l|☆alex12381723898
|player|p1|
|l|☆Morthill
|player|p2|
