|j|☆luciuslemon
|j|☆v1rtuegam1ng
|t:|1760347773
|gametype|singles
|player|p1|luciuslemon|acetrainer-gen4dp|1286
|player|p2|v1rtuegam1ng|1|1295
|gen|9
|tier|[Gen 9] OU
|rated|
|rule|HP Percentage Mod: HP is shown in percentages
|rule|Endless Battle Clause: Forcing endless battles is banned
|rule|Species Clause: Limit one of each Pokémon
|rule|OHKO Clause: OHKO moves are banned
|rule|Evasion Items Clause: Evasion items are banned
|rule|Evasion Moves Clause: Evasion moves are banned
|rule|Evasion Abilities Clause: Evasion abilities are banned
|rule|Sleep Moves Clause: Sleep-inducing moves are banned
|clearpoke
|poke|p1|Dragapult, F|
|poke|p1|Scizor, F|
|poke|p1|Rillaboom, F|
|poke|p1|Alomomola, M|
|poke|p1|Gliscor, F|
|poke|p1|Slowking-Galar, M|
|poke|p2|Landorus-Therian, M|
|poke|p2|Salamence, F|
|poke|p2|Arcanine-Hisui, M|
|poke|p2|Krookodile, F|
|poke|p2|Masquerain, M|
|poke|p2|Hitmontop, M|
|teampreview
|
|t:|1760347809
|teamsize|p1|6
|teamsize|p2|6
|start
|switch|p1a: Dragapult|Dragapult, F|100/100
|switch|p2a: Arcanine|Arcanine-Hisui, M|100/100
|-ability|p2a: Arcanine|Intimidate|boost
|-unboost|p1a: Dragapult|atk|1
|turn|1
|
|t:|1760347822
|switch|p1a: Alomomola|Alomomola, M|100/100
|move|p2a: Arcanine|Stealth Rock|p1a: Alomomola
|-sidestart|p1: luciuslemon|move: Stealth Rock
|
|upkeep
|turn|2
|
|t:|1760347830
|switch|p2a: Hitmontop|Hitmontop, M|100/100
|-ability|p2a: Hitmontop|Intimidate|boost
|-unboost|p1a: Alomomola|atk|1
|move|p1a: Alomomola|Flip Turn|p2a: Hitmontop
|-damage|p2a: Hitmontop|90/100
|
|t:|1760347846
|switch|p1a: Gliscor|Gliscor, F|100/100|[from] Flip Turn
|-damage|p1a: Gliscor|88/100|[from] Stealth Rock
|
|-heal|p2a: Hitmontop|96/100|[from] item: Leftovers
|-status|p1a: Gliscor|tox|[from] item: Toxic Orb
|upkeep
|turn|3
|
|t:|1760347855
|switch|p2a: Masquerain|Masquerain, M|100/100
|-ability|p2a: Masquerain|Intimidate|boost
|-unboost|p1a: Gliscor|atk|1
|move|p1a: Gliscor|Protect||[still]
|-fail|p1a: Gliscor
|
|-heal|p1a: Gliscor|100/100 tox|[from] ability: Poison Heal
|upkeep
|turn|4
|
|t:|1760347860
|move|p2a: Masquerain|Quiver Dance|p2a: Masquerain
|-boost|p2a: Masquerain|spa|1
|-boost|p2a: Masquerain|spd|1
|-boost|p2a: Masquerain|spe|1
|move|p1a: Gliscor|Stealth Rock|p2a: Masquerain
|-sidestart|p2: v1rtuegam1ng|move: Stealth Rock
|
|upkeep
|turn|5
|
|t:|1760347876
|switch|p1a: Scizor|Scizor, F|100/100
|-damage|p1a: Scizor|88/100|[from] Stealth Rock
|move|p2a: Masquerain|Quiver Dance|p2a: Masquerain
|-boost|p2a: Masquerain|spa|1
|-boost|p2a: Masquerain|spd|1
|-boost|p2a: Masquerain|spe|1
|
|upkeep
|turn|6
|
|t:|1760347883
|-terastallize|p1a: Scizor|Steel
|move|p1a: Scizor|Bullet Punch|p2a: Masquerain
|-enditem|p2a: Masquerain|Focus Sash
|-damage|p2a: Masquerain|1/100
|move|p2a: Masquerain|Air Slash|p1a: Scizor
|-resisted|p1a: Scizor
|-damage|p1a: Scizor|44/100
|
|upkeep
|turn|7
|
|t:|1760347893
|move|p1a: Scizor|Bullet Punch|p2a: Masquerain
|-damage|p2a: Masquerain|0 fnt
|faint|p2a: Masquerain
|
|upkeep
|
|t:|1760347897
|switch|p2a: Hitmontop|Hitmontop, M|96/100
|-damage|p2a: Hitmontop|90/100|[from] Stealth Rock
|-ability|p2a: Hitmontop|Intimidate|boost
|-unboost|p1a: Scizor|atk|1
|turn|8
|
|t:|1760347903
|switch|p1a: Alomomola|Alomomola, M|100/100
|-damage|p1a: Alomomola|88/100|[from] Stealth Rock
|move|p2a: Hitmontop|Rapid Spin|p1a: Alomomola
|-damage|p1a: Alomomola|82/100
|-boost|p2a: Hitmontop|spe|1
|-sideend|p2: v1rtuegam1ng|Stealth Rock|[from] move: Rapid Spin|[of] p2a: Hitmontop
|-enditem|p1a: Alomomola|Eject Button
|
|t:|1760347920
|switch|p1a: Dragapult|Dragapult, F|100/100
|-damage|p1a: Dragapult|88/100|[from] Stealth Rock
|
|-heal|p2a: Hitmontop|96/100|[from] item: Leftovers
|upkeep
|turn|9
|
|t:|1760347930
|switch|p2a: Landorus|Landorus-Therian, M|100/100
|-ability|p2a: Landorus|Intimidate|boost
|-unboost|p1a: Dragapult|atk|1
|move|p1a: Dragapult|Draco Meteor|p2a: Landorus
|-damage|p2a: Landorus|32/100
|-unboost|p1a: Dragapult|spa|2
|
|upkeep
|turn|10
|
|t:|1760347939
|switch|p2a: Arcanine|Arcanine-Hisui, M|100/100
|-ability|p2a: Arcanine|Intimidate|boost
|-unboost|p1a: Dragapult|atk|1
|move|p1a: Dragapult|Draco Meteor|p2a: Arcanine
|-damage|p2a: Arcanine|51/100
|-unboost|p1a: Dragapult|spa|2
|
|upkeep
|turn|11
|
|t:|1760347951
|switch|p1a: Alomomola|Alomomola, M|100/100
|-damage|p1a: Alomomola|88/100|[from] Stealth Rock
|move|p2a: Arcanine|Rock Slide|p1a: Alomomola|[miss]
|-miss|p2a: Arcanine|p1a: Alomomola
|
|upkeep
|turn|12
|
|t:|1760347968
|move|p2a: Arcanine|Rock Slide|p1a: Alomomola
|-damage|p1a: Alomomola|65/100
|-damage|p2a: Arcanine|41/100|[from] item: Life Orb
|cant|p1a: Alomomola|flinch
|
|upkeep
|turn|13
|
|t:|1760347976
|move|p2a: Arcanine|Rock Slide|p1a: Alomomola
|-damage|p1a: Alomomola|39/100
|-damage|p2a: Arcanine|31/100|[from] item: Life Orb
|move|p1a: Alomomola|Flip Turn|p2a: Arcanine
|-supereffective|p2a: Arcanine
|-damage|p2a: Arcanine|0 fnt
|faint|p2a: Arcanine
|
|t:|1760347988
|switch|p1a: Slowking|Slowking-Galar, M|100/100|[from] Flip Turn
|-damage|p1a: Slowking|88/100|[from] Stealth Rock
|
|-heal|p1a: Slowking|94/100|[from] item: Leftovers
|upkeep
|
|t:|1760348007
|switch|p2a: Landorus|Landorus-Therian, M|32/100
|-ability|p2a: Landorus|Intimidate|boost
|-unboost|p1a: Slowking|atk|1
|turn|14
|
|t:|1760348017
|move|p2a: Landorus|Scorching Sands|p1a: Slowking
|-supereffective|p1a: Slowking
|-damage|p1a: Slowking|57/100
|-status|p1a: Slowking|brn
|move|p1a: Slowking|Future Sight|p2a: Landorus
|-start|p1a: Slowking|move: Future Sight
|
|-heal|p1a: Slowking|63/100 brn|[from] item: Leftovers
|-damage|p1a: Slowking|57/100 brn|[from] brn
|upkeep
|turn|15
|
|t:|1760348031
|move|p2a: Landorus|Scorching Sands|p1a: Slowking
|-supereffective|p1a: Slowking
|-crit|p1a: Slowking
|-damage|p1a: Slowking|0 fnt
|faint|p1a: Slowking
|
|upkeep
|
|t:|1760348039
|switch|p1a: Dragapult|Dragapult, F|88/100
|-damage|p1a: Dragapult|76/100|[from] Stealth Rock
|turn|16
|
|t:|1760348045
|move|p1a: Dragapult|Shadow Ball|p2a: Landorus
|-damage|p2a: Landorus|0 fnt
|faint|p2a: Landorus
|
|-hint|Future Sight did not hit because the target is fainted.
|upkeep
|
|t:|1760348053
|switch|p2a: Krookodile|Krookodile, F|100/100
|-ability|p2a: Krookodile|Intimidate|boost
|-unboost|p1a: Dragapult|atk|1
|turn|17
|
|t:|1760348065
|switch|p1a: Alomomola|Alomomola, M|72/100
|-damage|p1a: Alomomola|60/100|[from] Stealth Rock
|move|p2a: Krookodile|Crunch|p1a: Alomomola
|-damage|p1a: Alomomola|38/100
|
|upkeep
|turn|18
|
|t:|1760348081
|switch|p2a: Hitmontop|Hitmontop, M|96/100
|-ability|p2a: Hitmontop|Intimidate|boost
|-unboost|p1a: Alomomola|atk|1
|move|p1a: Alomomola|Flip Turn|p2a: Hitmontop
|-damage|p2a: Hitmontop|84/100
|
|t:|1760348090
|switch|p1a: Dragapult|Dragapult, F|76/100|[from] Flip Turn
|-damage|p1a: Dragapult|64/100|[from] Stealth Rock
|
|-heal|p2a: Hitmontop|90/100|[from] item: Leftovers
|upkeep
|turn|19
|
|t:|1760348095
|move|p1a: Dragapult|Draco Meteor|p2a: Hitmontop
|-crit|p2a: Hitmontop
|-damage|p2a: Hitmontop|0 fnt
|-unboost|p1a: Dragapult|spa|2
|faint|p2a: Hitmontop
|
|upkeep
|
|t:|1760348101
|switch|p2a: Salamence|Salamence, F|100/100
|-ability|p2a: Salamence|Intimidate|boost
|-unboost|p1a: Dragapult|atk|1
|turn|20
|
|t:|1760348112
|move|p1a: Dragapult|Draco Meteor|p2a: Salamence
|-supereffective|p2a: Salamence
|-damage|p2a: Salamence|0 fnt
|-unboost|p1a: Dragapult|spa|2
|faint|p2a: Salamence
|
|upkeep
|
|t:|1760348116
|switch|p2a: Krookodile|Krookodile, F|100/100
|-ability|p2a: Krookodile|Intimidate|boost
|-unboost|p1a: Dragapult|atk|1
|turn|21
|
|t:|1760348132
|switch|p1a: Alomomola|Alomomola, M|71/100
|-damage|p1a: Alomomola|59/100|[from] Stealth Rock
|move|p2a: Krookodile|Dragon Claw|p1a: Alomomola
|-damage|p1a: Alomomola|44/100
|
|upkeep
|turn|22
|
|t:|1760348143
|move|p2a: Krookodile|Dragon Claw|p1a: Alomomola
|-damage|p1a: Alomomola|29/100
|move|p1a: Alomomola|Scald|p2a: Krookodile
|-supereffective|p2a: Krookodile
|-damage|p2a: Krookodile|60/100
|-status|p2a: Krookodile|brn
|
|-damage|p2a: Krookodile|54/100 brn|[from] brn
|upkeep
|turn|23
|-message|v1rtuegam1ng forfeited.
|
|win|luciuslemon
|raw|luciuslemon's rating: 1286 &rarr; <strong>1312</strong><br />(+26 for winning)
|raw|v1rtuegam1ng's rating: 1295 &rarr; <strong>1269</strong><br />(-26 for losing)
|l|☆v1rtuegam1ng
|player|p2|
|l|☆luciuslemon
|player|p1|
