|j|☆DaBigBingus
|j|☆pitfox64
|t:|1760363294
|gametype|singles
|player|p1|DaBigBingus|lance|1404
|player|p2|pitfox64|265|1376
|gen|9
|tier|[Gen 9] OU
|rated|
|rule|HP Percentage Mod: HP is shown in percentages
|rule|Endless Battle Clause: Forcing endless battles is banned
|rule|Species Clause: Limit one of each Pokémon
|rule|OHKO Clause: OHKO moves are banned
|rule|Evasion Items Clause: Evasion items are banned
|rule|Evasion Moves Clause: Evasion moves are banned
|rule|Evasion Abilities Clause: Evasion abilities are banned
|rule|Sleep Moves Clause: Sleep-inducing moves are banned
|clearpoke
|poke|p1|Iron Crown|
|poke|p1|Iron Hands|
|poke|p1|Dragonite, F|
|poke|p1|Great Tusk|
|poke|p1|Grimmsnarl, M|
|poke|p1|Glimmora, F|
|poke|p2|Rillaboom, M|
|poke|p2|Snorlax, M|
|poke|p2|Walking Wake|
|poke|p2|Venusaur, M|
|poke|p2|Torkoal, M|
|poke|p2|Grimmsnarl, M|
|teampreview
|
|t:|1760363308
|teamsize|p1|6
|teamsize|p2|6
|start
|switch|p1a: Glimmora|Glimmora, F|100/100
|switch|p2a: Grimmsnarl|Grimmsnarl, M|100/100
|turn|1
|inactive|Battle timer is ON: inactive players will automatically lose when time's up. (requested by DaBigBingus)
|
|t:|1760363327
|move|p2a: Grimmsnarl|Taunt|p1a: Glimmora
|-start|p1a: Glimmora|move: Taunt
|move|p1a: Glimmora|Mortal Spin|p2a: Grimmsnarl
|-supereffective|p2a: Grimmsnarl
|-damage|p2a: Grimmsnarl|88/100
|-status|p2a: Grimmsnarl|psn
|
|-damage|p2a: Grimmsnarl|76/100 psn|[from] psn
|upkeep
|turn|2
|
|t:|1760363335
|switch|p1a: Grimmsnarl|Grimmsnarl, M|100/100
|move|p2a: Grimmsnarl|Parting Shot|p1a: Grimmsnarl
|-hint|Since gen 7, Dark is immune to Prankster moves.
|-immune|p1a: Grimmsnarl
|
|-damage|p2a: Grimmsnarl|63/100 psn|[from] psn
|upkeep
|turn|3
|
|t:|1760363346
|switch|p2a: Torkoal|Torkoal, M|100/100
|-weather|SunnyDay|[from] ability: Drought|[of] p2a: Torkoal
|move|p1a: Grimmsnarl|Spirit Break|p2a: Torkoal
|-resisted|p2a: Torkoal
|-damage|p2a: Torkoal|91/100
|-unboost|p2a: Torkoal|spa|1
|
|-weather|SunnyDay|[upkeep]
|upkeep
|turn|4
|
|t:|1760363356
|switch|p2a: Venusaur|Venusaur, M|100/100
|move|p1a: Grimmsnarl|Light Screen|p1a: Grimmsnarl
|-sidestart|p1: DaBigBingus|move: Light Screen
|
|-weather|SunnyDay|[upkeep]
|upkeep
|turn|5
|
|t:|1760363362
|move|p1a: Grimmsnarl|Parting Shot|p2a: Venusaur
|-unboost|p2a: Venusaur|atk|1
|-unboost|p2a: Venusaur|spa|1
|
|t:|1760363365
|switch|p1a: Glimmora|Glimmora, F|100/100|[from] Parting Shot
|move|p2a: Venusaur|Growth|p2a: Venusaur
|-boost|p2a: Venusaur|atk|2
|-boost|p2a: Venusaur|spa|2
|
|-weather|SunnyDay|[upkeep]
|upkeep
|turn|6
|
|t:|1760363372
|move|p2a: Venusaur|Earth Power|p1a: Glimmora
|-supereffective|p1a: Glimmora
|-crit|p1a: Glimmora
|-damage|p1a: Glimmora|0 fnt
|faint|p1a: Glimmora
|-damage|p2a: Venusaur|91/100|[from] item: Life Orb
|
|-weather|SunnyDay|[upkeep]
|upkeep
|
|t:|1760363384
|switch|p1a: Dragonite|Dragonite, F|100/100
|turn|7
|
|t:|1760363397
|switch|p2a: Grimmsnarl|Grimmsnarl, M|63/100 psn
|move|p1a: Dragonite|Dragon Dance|p1a: Dragonite
|-boost|p1a: Dragonite|atk|1
|-boost|p1a: Dragonite|spe|1
|
|-weather|SunnyDay|[upkeep]
|-damage|p2a: Grimmsnarl|51/100 psn|[from] psn
|upkeep
|turn|8
|
|t:|1760363406
|switch|p1a: Grimmsnarl|Grimmsnarl, M|100/100
|move|p2a: Grimmsnarl|Trick|p1a: Grimmsnarl
|-hint|Since gen 7, Dark is immune to Prankster moves.
|-immune|p1a: Grimmsnarl
|
|-weather|SunnyDay|[upkeep]
|-damage|p2a: Grimmsnarl|38/100 psn|[from] psn
|upkeep
|turn|9
|
|t:|1760363415
|switch|p2a: Walking Wake|Walking Wake|100/100
|-activate|p2a: Walking Wake|ability: Protosynthesis
|-start|p2a: Walking Wake|protosynthesisspe
|move|p1a: Grimmsnarl|Reflect|p1a: Grimmsnarl
|-sidestart|p1: DaBigBingus|Reflect
|
|-weather|SunnyDay|[upkeep]
|upkeep
|turn|10
|
|t:|1760363426
|move|p2a: Walking Wake|Hydro Steam|p1a: Grimmsnarl
|-damage|p1a: Grimmsnarl|47/100
|move|p1a: Grimmsnarl|Spirit Break|p2a: Walking Wake
|-supereffective|p2a: Walking Wake
|-damage|p2a: Walking Wake|37/100
|-unboost|p2a: Walking Wake|spa|1
|
|-weather|none
|-end|p2a: Walking Wake|Protosynthesis
|upkeep
|turn|11
|
|t:|1760363437
|-end|p2a: Walking Wake|Protosynthesis|[silent]
|switch|p2a: Snorlax|Snorlax, M, shiny|100/100
|move|p1a: Grimmsnarl|Spirit Break|p2a: Snorlax
|-damage|p2a: Snorlax|78/100
|-unboost|p2a: Snorlax|spa|1
|
|-sideend|p1: DaBigBingus|move: Light Screen
|upkeep
|turn|12
|
|t:|1760363447
|move|p1a: Grimmsnarl|Parting Shot|p2a: Snorlax
|-unboost|p2a: Snorlax|atk|1
|-unboost|p2a: Snorlax|spa|1
|
|t:|1760363449
|switch|p1a: Great Tusk|Great Tusk|100/100|[from] Parting Shot
|-enditem|p1a: Great Tusk|Booster Energy
|-activate|p1a: Great Tusk|ability: Protosynthesis|[fromitem]
|-start|p1a: Great Tusk|protosynthesisspe
|move|p2a: Snorlax|Curse|p2a: Snorlax
|-unboost|p2a: Snorlax|spe|1
|-boost|p2a: Snorlax|atk|1
|-boost|p2a: Snorlax|def|1
|
|upkeep
|turn|13
|
|t:|1760363459
|move|p1a: Great Tusk|Bulk Up|p1a: Great Tusk
|-boost|p1a: Great Tusk|atk|1
|-boost|p1a: Great Tusk|def|1
|move|p2a: Snorlax|Curse|p2a: Snorlax
|-unboost|p2a: Snorlax|spe|1
|-boost|p2a: Snorlax|atk|1
|-boost|p2a: Snorlax|def|1
|
|upkeep
|turn|14
|
|t:|1760363471
|move|p1a: Great Tusk|Headlong Rush|p2a: Snorlax
|-damage|p2a: Snorlax|50/100
|-unboost|p1a: Great Tusk|def|1
|-unboost|p1a: Great Tusk|spd|1
|move|p2a: Snorlax|Body Slam|p1a: Great Tusk
|-damage|p1a: Great Tusk|86/100
|
|upkeep
|turn|15
|
|t:|1760363480
|move|p1a: Great Tusk|Headlong Rush|p2a: Snorlax
|-damage|p2a: Snorlax|22/100
|-unboost|p1a: Great Tusk|def|1
|-unboost|p1a: Great Tusk|spd|1
|move|p2a: Snorlax|Body Slam|p1a: Great Tusk
|-damage|p1a: Great Tusk|63/100
|
|upkeep
|turn|16
|
|t:|1760363488
|move|p1a: Great Tusk|Headlong Rush|p2a: Snorlax
|-damage|p2a: Snorlax|0 fnt
|-unboost|p1a: Great Tusk|def|1
|-unboost|p1a: Great Tusk|spd|1
|faint|p2a: Snorlax
|
|-sideend|p1: DaBigBingus|Reflect
|upkeep
|
|t:|1760363494
|switch|p2a: Rillaboom|Rillaboom, M|100/100
|-fieldstart|move: Grassy Terrain|[from] ability: Grassy Surge|[of] p2a: Rillaboom
|turn|17
|
|t:|1760363499
|switch|p2a: Torkoal|Torkoal, M|91/100
|-weather|SunnyDay|[from] ability: Drought|[of] p2a: Torkoal
|move|p1a: Great Tusk|Ice Spinner|p2a: Torkoal
|-resisted|p2a: Torkoal
|-damage|p2a: Torkoal|81/100
|-fieldend|move: Grassy Terrain
|
|-weather|SunnyDay|[upkeep]
|upkeep
|turn|18
|
|t:|1760363509
|move|p1a: Great Tusk|Headlong Rush|p2a: Torkoal
|-supereffective|p2a: Torkoal
|-damage|p2a: Torkoal|0 fnt
|-unboost|p1a: Great Tusk|def|1
|-unboost|p1a: Great Tusk|spd|1
|faint|p2a: Torkoal
|
|-weather|SunnyDay|[upkeep]
|upkeep
|inactive|pitfox64 has 120 seconds left.
|
|t:|1760363560
|switch|p2a: Walking Wake|Walking Wake|37/100
|-activate|p2a: Walking Wake|ability: Protosynthesis
|-start|p2a: Walking Wake|protosynthesisspe
|turn|19
|
|t:|1760363565
|move|p2a: Walking Wake|Hydro Steam|p1a: Great Tusk
|-supereffective|p1a: Great Tusk
|-damage|p1a: Great Tusk|0 fnt
|faint|p1a: Great Tusk
|-end|p1a: Great Tusk|Protosynthesis|[silent]
|
|-weather|SunnyDay|[upkeep]
|upkeep
|
|t:|1760363570
|switch|p1a: Grimmsnarl|Grimmsnarl, M|47/100
|turn|20
|
|t:|1760363575
|move|p1a: Grimmsnarl|Light Screen|p1a: Grimmsnarl
|-sidestart|p1: DaBigBingus|move: Light Screen
|move|p2a: Walking Wake|Hydro Steam|p1a: Grimmsnarl
|-damage|p1a: Grimmsnarl|0 fnt
|faint|p1a: Grimmsnarl
|
|-weather|SunnyDay|[upkeep]
|upkeep
|
|t:|1760363590
|switch|p1a: Dragonite|Dragonite, F|100/100
|turn|21
|
|t:|1760363595
|move|p2a: Walking Wake|Hydro Steam|p1a: Dragonite
|-resisted|p1a: Dragonite
|-damage|p1a: Dragonite|88/100
|move|p1a: Dragonite|Scale Shot|p2a: Walking Wake
|-supereffective|p2a: Walking Wake
|-damage|p2a: Walking Wake|8/100
|-supereffective|p2a: Walking Wake
|-damage|p2a: Walking Wake|0 fnt
|faint|p2a: Walking Wake
|-end|p2a: Walking Wake|Protosynthesis|[silent]
|-hitcount|p2: Walking Wake|2
|-unboost|p1a: Dragonite|def|1
|-boost|p1a: Dragonite|spe|1
|
|-weather|SunnyDay|[upkeep]
|upkeep
|
|t:|1760363600
|switch|p2a: Grimmsnarl|Grimmsnarl, M|38/100 psn
|turn|22
|
|t:|1760363613
|move|p1a: Dragonite|Fire Punch|p2a: Grimmsnarl
|-damage|p2a: Grimmsnarl|0 fnt
|faint|p2a: Grimmsnarl
|
|-weather|SunnyDay|[upkeep]
|upkeep
|
|t:|1760363617
|switch|p2a: Rillaboom|Rillaboom, M|100/100
|-fieldstart|move: Grassy Terrain|[from] ability: Grassy Surge|[of] p2a: Rillaboom
|turn|23
|
|t:|1760363629
|-terastallize|p2a: Rillaboom|Fire
|move|p1a: Dragonite|Dragon Dance|p1a: Dragonite
|-boost|p1a: Dragonite|atk|1
|-boost|p1a: Dragonite|spe|1
|move|p2a: Rillaboom|Swords Dance|p2a: Rillaboom
|-boost|p2a: Rillaboom|atk|2
|
|-weather|SunnyDay|[upkeep]
|upkeep
|turn|24
|
|t:|1760363636
|move|p1a: Dragonite|Scale Shot|p2a: Rillaboom
|-damage|p2a: Rillaboom|81/100
|-damage|p2a: Rillaboom|62/100
|-damage|p2a: Rillaboom|42/100
|-damage|p2a: Rillaboom|24/100
|-damage|p2a: Rillaboom|4/100
|-hitcount|p2a: Rillaboom|5
|-unboost|p1a: Dragonite|def|1
|-boost|p1a: Dragonite|spe|1
|move|p2a: Rillaboom|Tera Blast|p1a: Dragonite|[anim] Tera Blast Fire
|-resisted|p1a: Dragonite
|-crit|p1a: Dragonite
|-damage|p1a: Dragonite|0 fnt
|faint|p1a: Dragonite
|
|-weather|none
|-heal|p2a: Rillaboom|10/100|[from] Grassy Terrain
|upkeep
|
|t:|1760363653
|switch|p1a: Iron Hands|Iron Hands|100/100
|turn|25
|
|t:|1760363659
|move|p2a: Rillaboom|Grassy Glide|p1a: Iron Hands
|-damage|p1a: Iron Hands|47/100
|move|p1a: Iron Hands|Ice Punch|p2a: Rillaboom
|-resisted|p2a: Rillaboom
|-damage|p2a: Rillaboom|0 fnt
|faint|p2a: Rillaboom
|
|-heal|p1a: Iron Hands|53/100|[from] Grassy Terrain
|-heal|p1a: Iron Hands|59/100|[from] item: Leftovers
|upkeep
|
|t:|1760363675
|switch|p2a: Venusaur|Venusaur, M|91/100
|turn|26
|
|t:|1760363686
|move|p2a: Venusaur|Earth Power|p1a: Iron Hands
|-supereffective|p1a: Iron Hands
|-damage|p1a: Iron Hands|34/100
|-damage|p2a: Venusaur|81/100|[from] item: Life Orb
|move|p1a: Iron Hands|Ice Punch|p2a: Venusaur
|-supereffective|p2a: Venusaur
|-damage|p2a: Venusaur|13/100
|
|-heal|p2a: Venusaur|19/100|[from] Grassy Terrain
|-heal|p1a: Iron Hands|41/100|[from] Grassy Terrain
|-heal|p1a: Iron Hands|47/100|[from] item: Leftovers
|upkeep
|turn|27
|
|t:|1760363696
|move|p2a: Venusaur|Giga Drain|p1a: Iron Hands
|-damage|p1a: Iron Hands|26/100
|-heal|p2a: Venusaur|32/100|[from] drain|[of] p1a: Iron Hands
|-damage|p2a: Venusaur|22/100|[from] item: Life Orb
|move|p1a: Iron Hands|Ice Punch|p2a: Venusaur
|-supereffective|p2a: Venusaur
|-damage|p2a: Venusaur|0 fnt
|faint|p2a: Venusaur
|
|win|DaBigBingus
|raw|DaBigBingus's rating: 1404 &rarr; <strong>1422</strong><br />(+18 for winning)
|raw|pitfox64's rating: 1376 &rarr; <strong>1358</strong><br />(-18 for losing)
|l|☆DaBigBingus
|player|p1|
|l|☆pitfox64
|player|p2|
