|j|☆alxx_aq
|j|☆YourFriendSanti
|t:|1760307032
|gametype|singles
|player|p1|alxx_aq|n|1081
|player|p2|YourFriendSanti|hilbert-wonderlauncher|1132
|gen|9
|tier|[Gen 9] OU
|rated|
|rule|HP Percentage Mod: HP is shown in percentages
|rule|Endless Battle Clause: Forcing endless battles is banned
|rule|Species Clause: Limit one of each Pokémon
|rule|OHKO Clause: OHKO moves are banned
|rule|Evasion Items Clause: Evasion items are banned
|rule|Evasion Moves Clause: Evasion moves are banned
|rule|Evasion Abilities Clause: Evasion abilities are banned
|rule|Sleep Moves Clause: Sleep-inducing moves are banned
|clearpoke
|poke|p1|Chansey, F|
|poke|p1|Dragapult, M|
|poke|p1|Garchomp, F|
|poke|p1|Breloom, F|
|poke|p1|Sylveon, F|
|poke|p1|Dondozo, M|
|poke|p2|Dedenne, M|
|poke|p2|Pincurchin, M|
|poke|p2|Excadrill, F|
|poke|p2|Pelipper, M|
|poke|p2|Overqwil, M|
|poke|p2|Goodra, F|
|teampreview
|
|t:|1760307038
|teamsize|p1|6
|teamsize|p2|6
|start
|switch|p1a: Chansey|Chansey, F|100/100
|switch|p2a: Pincurchin|Pincurchin, M|100/100
|-fieldstart|move: Electric Terrain|[from] ability: Electric Surge|[of] p2a: Pincurchin
|turn|1
|
|t:|1760307046
|move|p1a: Chansey|Stealth Rock|p2a: Pincurchin
|-sidestart|p2: YourFriendSanti|move: Stealth Rock
|move|p2a: Pincurchin|Spikes|p1a: Chansey
|-sidestart|p1: alxx_aq|Spikes
|
|upkeep
|turn|2
|inactive|Battle timer is ON: inactive players will automatically lose when time's up. (requested by alxx_aq)
|
|t:|1760307050
|move|p1a: Chansey|Seismic Toss|p2a: Pincurchin
|-damage|p2a: Pincurchin|67/100
|move|p2a: Pincurchin|Spikes|p1a: Chansey
|-sidestart|p1: alxx_aq|Spikes
|
|upkeep
|turn|3
|
|t:|1760307056
|move|p1a: Chansey|Seismic Toss|p2a: Pincurchin
|-damage|p2a: Pincurchin|34/100
|move|p2a: Pincurchin|Spikes|p1a: Chansey
|-sidestart|p1: alxx_aq|Spikes
|
|upkeep
|turn|4
|
|t:|1760307063
|move|p1a: Chansey|Seismic Toss|p2a: Pincurchin
|-damage|p2a: Pincurchin|0 fnt
|faint|p2a: Pincurchin
|
|upkeep
|
|t:|1760307066
|switch|p2a: Excadrill|Excadrill, F|100/100
|-damage|p2a: Excadrill|97/100|[from] Stealth Rock
|-ability|p2a: Excadrill|Mold Breaker
|turn|5
|
|t:|1760307074
|move|p2a: Excadrill|Earthquake|p1a: Chansey
|-damage|p1a: Chansey|54/100
|-damage|p2a: Excadrill|87/100|[from] item: Life Orb
|move|p1a: Chansey|Stealth Rock||[still]
|-fail|p1a: Chansey
|
|upkeep
|turn|6
|
|t:|1760307082
|move|p2a: Excadrill|Earthquake|p1a: Chansey
|-damage|p1a: Chansey|9/100
|-damage|p2a: Excadrill|78/100|[from] item: Life Orb
|move|p1a: Chansey|Soft-Boiled|p1a: Chansey
|-heal|p1a: Chansey|59/100
|
|upkeep
|turn|7
|
|t:|1760307089
|move|p2a: Excadrill|Swords Dance|p2a: Excadrill
|-boost|p2a: Excadrill|atk|2
|move|p1a: Chansey|Soft-Boiled|p1a: Chansey
|-heal|p1a: Chansey|100/100
|
|upkeep
|turn|8
|
|t:|1760307094
|move|p2a: Excadrill|Swords Dance|p2a: Excadrill
|-boost|p2a: Excadrill|atk|2
|move|p1a: Chansey|Seismic Toss|p2a: Excadrill
|-damage|p2a: Excadrill|50/100
|
|-fieldend|move: Electric Terrain
|upkeep
|turn|9
|
|t:|1760307101
|move|p2a: Excadrill|Rapid Spin|p1a: Chansey
|-damage|p1a: Chansey|47/100
|-boost|p2a: Excadrill|spe|1
|-sideend|p2: YourFriendSanti|Stealth Rock|[from] move: Rapid Spin|[of] p2a: Excadrill
|-damage|p2a: Excadrill|40/100|[from] item: Life Orb
|move|p1a: Chansey|Seismic Toss|p2a: Excadrill
|-damage|p2a: Excadrill|12/100
|
|upkeep
|turn|10
|
|t:|1760307108
|move|p2a: Excadrill|Earthquake|p1a: Chansey
|-damage|p1a: Chansey|0 fnt
|faint|p1a: Chansey
|-damage|p2a: Excadrill|2/100|[from] item: Life Orb
|
|upkeep
|
|t:|1760307115
|switch|p1a: Dragapult|Dragapult, M|100/100
|-damage|p1a: Dragapult|75/100|[from] Spikes
|turn|11
|
|t:|1760307120
|move|p2a: Excadrill|Earthquake|p1a: Dragapult
|-damage|p1a: Dragapult|0 fnt
|faint|p1a: Dragapult
|-damage|p2a: Excadrill|0 fnt|[from] item: Life Orb
|faint|p2a: Excadrill
|
|upkeep
|
|t:|1760307141
|switch|p1a: Sylveon|Sylveon, F|100/100
|switch|p2a: Dedene|Dedenne, M|100/100
|-damage|p1a: Sylveon|76/100|[from] Spikes
|turn|12
|
|t:|1760307146
|move|p2a: Dedene|Charge Beam|p1a: Sylveon
|-damage|p1a: Sylveon|61/100
|move|p1a: Sylveon|Calm Mind|p1a: Sylveon
|-boost|p1a: Sylveon|spa|1
|-boost|p1a: Sylveon|spd|1
|
|upkeep
|turn|13
|
|t:|1760307152
|move|p2a: Dedene|Charge Beam|p1a: Sylveon
|-damage|p1a: Sylveon|52/100
|-boost|p2a: Dedene|spa|1
|move|p1a: Sylveon|Wish|p1a: Sylveon
|
|upkeep
|turn|14
|
|t:|1760307163
|move|p2a: Dedene|Thunderbolt|p1a: Sylveon
|-damage|p1a: Sylveon|29/100
|move|p1a: Sylveon|Tera Blast|p2a: Dedene
|-damage|p2a: Dedene|0 fnt
|faint|p2a: Dedene
|
|-heal|p1a: Sylveon|79/100|[from] move: Wish|[wisher] Sylveon
|upkeep
|
|t:|1760307176
|switch|p2a: Pelipper|Pelipper, M|100/100
|-weather|RainDance|[from] ability: Drizzle|[of] p2a: Pelipper
|turn|15
|
|t:|1760307184
|switch|p2a: Goodra|Goodra, F|100/100
|move|p1a: Sylveon|Tera Blast|p2a: Goodra
|-supereffective|p2a: Goodra
|-damage|p2a: Goodra|25/100
|
|-weather|RainDance|[upkeep]
|-heal|p2a: Goodra|31/100|[from] item: Leftovers
|upkeep
|turn|16
|
|t:|1760307203
|-terastallize|p2a: Goodra|Steel
|move|p2a: Goodra|Acid Spray|p1a: Sylveon
|-supereffective|p1a: Sylveon
|-damage|p1a: Sylveon|70/100
|-unboost|p1a: Sylveon|spd|2
|move|p1a: Sylveon|Tera Blast|p2a: Goodra
|-resisted|p2a: Goodra
|-damage|p2a: Goodra|12/100
|
|-weather|RainDance|[upkeep]
|-heal|p2a: Goodra|19/100|[from] item: Leftovers
|upkeep
|turn|17
|
|t:|1760307220
|switch|p1a: Breloom|Breloom, F|100/100
|-damage|p1a: Breloom|76/100|[from] Spikes
|move|p2a: Goodra|Toxic|p1a: Breloom
|-status|p1a: Breloom|tox
|
|-weather|RainDance|[upkeep]
|-heal|p2a: Goodra|25/100|[from] item: Leftovers
|-damage|p1a: Breloom|70/100 tox|[from] psn
|upkeep
|turn|18
|
|t:|1760307231
|switch|p2a: Overqwil|Overqwil, M|100/100
|move|p1a: Breloom|Rock Tomb|p2a: Overqwil
|-damage|p2a: Overqwil|61/100
|-unboost|p2a: Overqwil|spe|1
|
|-weather|RainDance|[upkeep]
|-damage|p1a: Breloom|57/100 tox|[from] psn
|upkeep
|turn|19
|
|t:|1760307245
|move|p2a: Overqwil|Swords Dance|p2a: Overqwil
|-boost|p2a: Overqwil|atk|2
|move|p1a: Breloom|Bullet Seed|p2a: Overqwil
|-resisted|p2a: Overqwil
|-damage|p2a: Overqwil|49/100
|-resisted|p2a: Overqwil
|-damage|p2a: Overqwil|36/100
|-hitcount|p2a: Overqwil|2
|
|-weather|RainDance|[upkeep]
|-damage|p1a: Breloom|39/100 tox|[from] psn
|upkeep
|turn|20
|
|t:|1760307255
|move|p2a: Overqwil|Poison Jab|p1a: Breloom
|-supereffective|p1a: Breloom
|-damage|p1a: Breloom|0 fnt
|faint|p1a: Breloom
|
|-weather|RainDance|[upkeep]
|upkeep
|
|t:|1760307260
|switch|p1a: Garchomp|Garchomp, F|100/100
|-damage|p1a: Garchomp|76/100|[from] Spikes
|turn|21
|
|t:|1760307278
|move|p2a: Overqwil|Crunch|p1a: Garchomp
|-damage|p1a: Garchomp|0 fnt
|-damage|p2a: Overqwil|24/100|[from] ability: Rough Skin|[of] p1a: Garchomp
|faint|p1a: Garchomp
|
|-weather|RainDance|[upkeep]
|upkeep
|
|t:|1760307285
|switch|p1a: Sylveon|Sylveon, F|70/100
|-damage|p1a: Sylveon|45/100|[from] Spikes
|turn|22
|
|t:|1760307291
|move|p2a: Overqwil|Poison Jab|p1a: Sylveon
|-supereffective|p1a: Sylveon
|-damage|p1a: Sylveon|0 fnt
|faint|p1a: Sylveon
|
|-weather|none
|upkeep
|
|t:|1760307294
|switch|p1a: Dondozo|Dondozo, M|100/100
|-damage|p1a: Dondozo|75/100|[from] Spikes
|turn|23
|
|t:|1760307300
|move|p2a: Overqwil|Poison Jab|p1a: Dondozo
|-damage|p1a: Dondozo|58/100
|move|p1a: Dondozo|Liquidation|p2a: Overqwil
|-damage|p2a: Overqwil|0 fnt
|faint|p2a: Overqwil
|
|-heal|p1a: Dondozo|64/100|[from] item: Leftovers
|upkeep
|
|t:|1760307309
|switch|p2a: Goodra|Goodra, F, tera:Steel|25/100
|turn|24
|
|t:|1760307314
|move|p2a: Goodra|Toxic|p1a: Dondozo
|-status|p1a: Dondozo|tox
|move|p1a: Dondozo|Liquidation|p2a: Goodra
|-damage|p2a: Goodra|0 fnt
|faint|p2a: Goodra
|
|-heal|p1a: Dondozo|70/100 tox|[from] item: Leftovers
|-damage|p1a: Dondozo|64/100 tox|[from] psn
|upkeep
|
|t:|1760307322
|switch|p2a: Pelipper|Pelipper, M|100/100
|-weather|RainDance|[from] ability: Drizzle|[of] p2a: Pelipper
|turn|25
|
|t:|1760307327
|move|p2a: Pelipper|Hurricane|p1a: Dondozo
|-damage|p1a: Dondozo|31/100 tox
|move|p1a: Dondozo|Rest|p1a: Dondozo
|-status|p1a: Dondozo|slp|[from] move: Rest
|-heal|p1a: Dondozo|100/100 slp|[silent]
|
|-weather|RainDance|[upkeep]
|upkeep
|turn|26
|
|t:|1760307333
|move|p2a: Pelipper|Hurricane|p1a: Dondozo
|-damage|p1a: Dondozo|64/100 slp
|cant|p1a: Dondozo|slp
|move|p1a: Dondozo|Sleep Talk|p1a: Dondozo
|move|p1a: Dondozo|Liquidation|p2a: Pelipper|[from] move: Sleep Talk
|-resisted|p2a: Pelipper
|-damage|p2a: Pelipper|84/100
|
|-weather|RainDance|[upkeep]
|-heal|p1a: Dondozo|70/100 slp|[from] item: Leftovers
|upkeep
|turn|27
|
|t:|1760307336
|move|p2a: Pelipper|Hurricane|p1a: Dondozo
|-damage|p1a: Dondozo|33/100 slp
|cant|p1a: Dondozo|slp
|move|p1a: Dondozo|Sleep Talk|p1a: Dondozo
|move|p1a: Dondozo|Rest||[from] move: Sleep Talk|[still]
|-fail|p1a: Dondozo
|
|-weather|RainDance|[upkeep]
|-heal|p1a: Dondozo|39/100 slp|[from] item: Leftovers
|upkeep
|turn|28
|
|t:|1760307339
|move|p2a: Pelipper|Hurricane|p1a: Dondozo
|-damage|p1a: Dondozo|7/100 slp
|-curestatus|p1a: Dondozo|slp|[msg]
|move|p1a: Dondozo|Rest|p1a: Dondozo
|-status|p1a: Dondozo|slp|[from] move: Rest
|-heal|p1a: Dondozo|100/100 slp|[silent]
|
|-weather|RainDance|[upkeep]
|upkeep
|turn|29
|
|t:|1760307342
|move|p2a: Pelipper|Hurricane|p1a: Dondozo
|-crit|p1a: Dondozo
|-damage|p1a: Dondozo|50/100 slp
|cant|p1a: Dondozo|slp
|move|p1a: Dondozo|Sleep Talk|p1a: Dondozo
|move|p1a: Dondozo|Rest||[from] move: Sleep Talk|[still]
|-fail|p1a: Dondozo
|
|-weather|RainDance|[upkeep]
|-heal|p1a: Dondozo|56/100 slp|[from] item: Leftovers
|upkeep
|turn|30
|
|t:|1760307346
|move|p2a: Pelipper|Hurricane|p1a: Dondozo
|-damage|p1a: Dondozo|20/100 slp
|-start|p1a: Dondozo|confusion
|cant|p1a: Dondozo|slp
|-activate|p1a: Dondozo|confusion
|move|p1a: Dondozo|Sleep Talk|p1a: Dondozo
|move|p1a: Dondozo|Curse|p1a: Dondozo|[from] move: Sleep Talk
|-unboost|p1a: Dondozo|spe|1
|-boost|p1a: Dondozo|atk|1
|-boost|p1a: Dondozo|def|1
|
|-weather|RainDance|[upkeep]
|-heal|p1a: Dondozo|26/100 slp|[from] item: Leftovers
|upkeep
|turn|31
|
|t:|1760307348
|move|p2a: Pelipper|Hurricane|p1a: Dondozo
|-damage|p1a: Dondozo|0 fnt
|faint|p1a: Dondozo
|
|win|YourFriendSanti
|raw|alxx_aq's rating: 1081 &rarr; <strong>1062</strong><br />(-19 for losing)
|raw|YourFriendSanti's rating: 1132 &rarr; <strong>1153</strong><br />(+21 for winning)
|l|☆YourFriendSanti
|player|p2|
|l|☆alxx_aq
|player|p1|
