|j|☆ouicestmoi
|j|☆dr. drake6782
|t:|1760377006
|gametype|singles
|player|p1|ouicestmoi|169|1485
|player|p2|dr. drake6782|hilbert-masters|1635
|gen|9
|tier|[Gen 9] OU
|rated|
|rule|HP Percentage Mod: HP is shown in percentages
|rule|Endless Battle Clause: Forcing endless battles is banned
|rule|Species Clause: Limit one of each Pokémon
|rule|OHKO Clause: OHKO moves are banned
|rule|Evasion Items Clause: Evasion items are banned
|rule|Evasion Moves Clause: Evasion moves are banned
|rule|Evasion Abilities Clause: Evasion abilities are banned
|rule|Sleep Moves Clause: Sleep-inducing moves are banned
|clearpoke
|poke|p1|Comfey, F|
|poke|p1|Whimsicott, M|
|poke|p1|Iron Moth|
|poke|p1|Walking Wake|
|poke|p1|Great Tusk|
|poke|p1|Ninetales, M|
|poke|p2|Pelipper, F|
|poke|p2|Tornadus-Therian, M|
|poke|p2|Iron Treads|
|poke|p2|Decidueye-Hisui, M|
|poke|p2|Barraskewda, F|
|poke|p2|Raging Bolt|
|teampreview
|inactive|Battle timer is ON: inactive players will automatically lose when time's up. (requested by ouicestmoi)
|inactive|dr. drake6782 also wants the timer to be on.
|
|t:|1760377036
|teamsize|p1|6
|teamsize|p2|6
|start
|switch|p1a: Walking Wake|Walking Wake|100/100
|switch|p2a: Raging Bolt|Raging Bolt|100/100
|-enditem|p2a: Raging Bolt|Booster Energy
|-activate|p2a: Raging Bolt|ability: Protosynthesis|[fromitem]
|-start|p2a: Raging Bolt|protosynthesisspa
|turn|1
|
|t:|1760377041
|-terastallize|p2a: Raging Bolt|Bug
|move|p1a: Walking Wake|Draco Meteor|p2a: Raging Bolt
|-damage|p2a: Raging Bolt|44/100
|-unboost|p1a: Walking Wake|spa|2
|move|p2a: Raging Bolt|Dragon Pulse|p1a: Walking Wake
|-supereffective|p1a: Walking Wake
|-damage|p1a: Walking Wake|13/100
|
|upkeep
|turn|2
|
|t:|1760377054
|-end|p1a: Walking Wake|Protosynthesis|[silent]
|switch|p1a: Comfey|Comfey, F|100/100
|move|p2a: Raging Bolt|Thunder|p1a: Comfey
|-damage|p1a: Comfey|17/100
|-status|p1a: Comfey|par
|
|upkeep
|turn|3
|
|t:|1760377061
|move|p1a: Comfey|Draining Kiss|p2a: Raging Bolt
|-damage|p2a: Raging Bolt|16/100
|-heal|p1a: Comfey|44/100 par|[from] drain|[of] p2a: Raging Bolt
|-damage|p1a: Comfey|35/100 par|[from] item: Life Orb
|move|p2a: Raging Bolt|Thunder|p1a: Comfey|[miss]
|-miss|p2a: Raging Bolt|p1a: Comfey
|
|upkeep
|turn|4
|
|t:|1760377071
|-end|p2a: Raging Bolt|Protosynthesis|[silent]
|switch|p2a: Iron Treads|Iron Treads|100/100
|move|p1a: Comfey|Draining Kiss|p2a: Iron Treads
|-resisted|p2a: Iron Treads
|-damage|p2a: Iron Treads|90/100
|-heal|p1a: Comfey|44/100 par|[from] drain|[of] p2a: Iron Treads
|-damage|p1a: Comfey|35/100 par|[from] item: Life Orb
|
|-heal|p2a: Iron Treads|96/100|[from] item: Leftovers
|upkeep
|turn|5
|
|t:|1760377075
|switch|p1a: Great Tusk|Great Tusk|100/100
|move|p2a: Iron Treads|Stealth Rock|p1a: Great Tusk
|-sidestart|p1: ouicestmoi|move: Stealth Rock
|
|-heal|p2a: Iron Treads|100/100|[from] item: Leftovers
|upkeep
|turn|6
|
|t:|1760377081
|-end|p2a: Iron Treads|Quark Drive|[silent]
|switch|p2a: Pelipper|Pelipper, F|100/100
|-weather|RainDance|[from] ability: Drizzle|[of] p2a: Pelipper
|move|p1a: Great Tusk|Rapid Spin|p2a: Pelipper
|-damage|p2a: Pelipper|90/100
|-boost|p1a: Great Tusk|spe|1
|-sideend|p1: ouicestmoi|Stealth Rock|[from] move: Rapid Spin|[of] p1a: Great Tusk
|
|-weather|RainDance|[upkeep]
|upkeep
|turn|7
|
|t:|1760377092
|-end|p1a: Great Tusk|Protosynthesis|[silent]
|switch|p1a: Ninetales|Ninetales, M|100/100
|-weather|SunnyDay|[from] ability: Drought|[of] p1a: Ninetales
|move|p2a: Pelipper|U-turn|p1a: Ninetales
|-resisted|p1a: Ninetales
|-damage|p1a: Ninetales|95/100
|
|t:|1760377095
|switch|p2a: Barraskewda|Barraskewda, F, shiny|100/100|[from] U-turn
|
|-weather|SunnyDay|[upkeep]
|upkeep
|turn|8
|
|t:|1760377101
|switch|p1a: Whimsicott|Whimsicott, M|100/100
|move|p2a: Barraskewda|Flip Turn|p1a: Whimsicott
|-resisted|p1a: Whimsicott
|-damage|p1a: Whimsicott|86/100
|-damage|p2a: Barraskewda|91/100|[from] item: Life Orb
|
|t:|1760377104
|switch|p2a: Pelipper|Pelipper, F|90/100|[from] Flip Turn
|-weather|RainDance|[from] ability: Drizzle|[of] p2a: Pelipper
|
|-weather|RainDance|[upkeep]
|upkeep
|turn|9
|
|t:|1760377108
|switch|p1a: Ninetales|Ninetales, M|95/100
|-weather|SunnyDay|[from] ability: Drought|[of] p1a: Ninetales
|move|p2a: Pelipper|Hurricane|p1a: Ninetales
|-damage|p1a: Ninetales|57/100
|
|-weather|SunnyDay|[upkeep]
|upkeep
|turn|10
|
|t:|1760377114
|move|p1a: Ninetales|Will-O-Wisp|p2a: Pelipper
|-status|p2a: Pelipper|brn
|move|p2a: Pelipper|U-turn|p1a: Ninetales
|-resisted|p1a: Ninetales
|-damage|p1a: Ninetales|55/100
|
|t:|1760377116
|switch|p2a: Barraskewda|Barraskewda, F, shiny|91/100|[from] U-turn
|
|-weather|SunnyDay|[upkeep]
|upkeep
|turn|11
|
|t:|1760377123
|switch|p1a: Whimsicott|Whimsicott, M|86/100
|move|p2a: Barraskewda|Flip Turn|p1a: Whimsicott
|-resisted|p1a: Whimsicott
|-damage|p1a: Whimsicott|71/100
|-damage|p2a: Barraskewda|81/100|[from] item: Life Orb
|
|t:|1760377125
|switch|p2a: Pelipper|Pelipper, F|90/100 brn|[from] Flip Turn
|-weather|RainDance|[from] ability: Drizzle|[of] p2a: Pelipper
|
|-weather|RainDance|[upkeep]
|-damage|p2a: Pelipper|84/100 brn|[from] brn
|upkeep
|turn|12
|
|t:|1760377131
|switch|p1a: Comfey|Comfey, F|35/100 par
|move|p2a: Pelipper|U-turn|p1a: Comfey
|-resisted|p1a: Comfey
|-damage|p1a: Comfey|32/100 par
|
|t:|1760377140
|switch|p2a: Tornadus|Tornadus-Therian, M|100/100|[from] U-turn
|
|-weather|RainDance|[upkeep]
|upkeep
|turn|13
|
|t:|1760377142
|move|p1a: Comfey|Draining Kiss|p2a: Tornadus
|-crit|p2a: Tornadus
|-damage|p2a: Tornadus|54/100
|-heal|p1a: Comfey|66/100 par|[from] drain|[of] p2a: Tornadus
|-damage|p1a: Comfey|57/100 par|[from] item: Life Orb
|move|p2a: Tornadus|Hurricane|p1a: Comfey
|-damage|p1a: Comfey|0 fnt
|faint|p1a: Comfey
|
|-weather|RainDance|[upkeep]
|upkeep
|
|t:|1760377150
|switch|p1a: Ninetales|Ninetales, M|55/100
|-weather|SunnyDay|[from] ability: Drought|[of] p1a: Ninetales
|turn|14
|
|t:|1760377166
|switch|p1a: Walking Wake|Walking Wake|13/100
|-activate|p1a: Walking Wake|ability: Protosynthesis
|-start|p1a: Walking Wake|protosynthesisspe
|move|p2a: Tornadus|Hurricane|p1a: Walking Wake|[miss]
|-miss|p2a: Tornadus|p1a: Walking Wake
|
|-weather|SunnyDay|[upkeep]
|upkeep
|turn|15
|
|t:|1760377173
|switch|p2a: Pelipper|Pelipper, F|84/100 brn
|-weather|RainDance|[from] ability: Drizzle|[of] p2a: Pelipper
|-end|p1a: Walking Wake|Protosynthesis
|move|p1a: Walking Wake|Hydro Steam|p2a: Pelipper
|-resisted|p2a: Pelipper
|-damage|p2a: Pelipper|41/100 brn
|
|-weather|RainDance|[upkeep]
|-damage|p2a: Pelipper|35/100 brn|[from] brn
|upkeep
|turn|16
|
|t:|1760377181
|switch|p2a: Decidueye|Decidueye-Hisui, M, shiny|100/100
|move|p1a: Walking Wake|Draco Meteor|p2a: Decidueye
|-damage|p2a: Decidueye|48/100
|-unboost|p1a: Walking Wake|spa|2
|
|-weather|RainDance|[upkeep]
|upkeep
|turn|17
|
|t:|1760377187
|move|p1a: Walking Wake|Flip Turn|p2a: Decidueye
|-resisted|p2a: Decidueye
|-damage|p2a: Decidueye|39/100
|-damage|p1a: Walking Wake|0 fnt|[from] item: Rocky Helmet|[of] p2a: Decidueye
|faint|p1a: Walking Wake
|-end|p1a: Walking Wake|Protosynthesis|[silent]
|move|p2a: Decidueye|U-turn|p1: Walking Wake|[notarget]
|-fail|p2a: Decidueye
|
|-weather|RainDance|[upkeep]
|upkeep
|
|t:|1760377190
|switch|p1a: Great Tusk|Great Tusk|100/100
|turn|18
|
|t:|1760377202
|switch|p2a: Raging Bolt|Raging Bolt, tera:Bug|16/100
|move|p1a: Great Tusk|Stealth Rock|p2a: Raging Bolt
|-sidestart|p2: dr. drake6782|move: Stealth Rock
|
|-weather|RainDance|[upkeep]
|upkeep
|turn|19
|
|t:|1760377210
|move|p1a: Great Tusk|Ice Spinner|p2a: Raging Bolt
|-damage|p2a: Raging Bolt|0 fnt
|faint|p2a: Raging Bolt
|-end|p2a: Raging Bolt|Protosynthesis|[silent]
|
|-weather|RainDance|[upkeep]
|upkeep
|
|t:|1760377213
|switch|p2a: Barraskewda|Barraskewda, F, shiny|81/100
|-damage|p2a: Barraskewda|69/100|[from] Stealth Rock
|turn|20
|
|t:|1760377221
|-end|p1a: Great Tusk|Protosynthesis|[silent]
|switch|p1a: Ninetales|Ninetales, M|55/100
|-weather|SunnyDay|[from] ability: Drought|[of] p1a: Ninetales
|move|p2a: Barraskewda|Flip Turn|p1a: Ninetales
|-supereffective|p1a: Ninetales
|-damage|p1a: Ninetales|5/100
|-damage|p2a: Barraskewda|59/100|[from] item: Life Orb
|
|t:|1760377231
|switch|p2a: Iron Treads|Iron Treads|100/100|[from] Flip Turn
|-damage|p2a: Iron Treads|98/100|[from] Stealth Rock
|
|-weather|SunnyDay|[upkeep]
|-heal|p2a: Iron Treads|100/100|[from] item: Leftovers
|upkeep
|turn|21
|
|t:|1760377234
|switch|p1a: Great Tusk|Great Tusk|100/100
|-activate|p1a: Great Tusk|ability: Protosynthesis
|-start|p1a: Great Tusk|protosynthesisatk
|move|p2a: Iron Treads|Rapid Spin|p1a: Great Tusk
|-damage|p1a: Great Tusk|93/100
|-boost|p2a: Iron Treads|spe|1
|-damage|p2a: Iron Treads|84/100|[from] item: Rocky Helmet|[of] p1a: Great Tusk
|-sideend|p2: dr. drake6782|Stealth Rock|[from] move: Rapid Spin|[of] p2a: Iron Treads
|
|-weather|SunnyDay|[upkeep]
|-heal|p2a: Iron Treads|90/100|[from] item: Leftovers
|upkeep
|turn|22
|
|t:|1760377239
|move|p2a: Iron Treads|Stealth Rock|p1a: Great Tusk
|-sidestart|p1: ouicestmoi|move: Stealth Rock
|move|p1a: Great Tusk|Stealth Rock|p2a: Iron Treads
|-sidestart|p2: dr. drake6782|move: Stealth Rock
|
|-weather|SunnyDay|[upkeep]
|-heal|p2a: Iron Treads|96/100|[from] item: Leftovers
|upkeep
|turn|23
|
|t:|1760377241
|move|p2a: Iron Treads|Rapid Spin|p1a: Great Tusk
|-damage|p1a: Great Tusk|85/100
|-boost|p2a: Iron Treads|spe|1
|-damage|p2a: Iron Treads|80/100|[from] item: Rocky Helmet|[of] p1a: Great Tusk
|-sideend|p2: dr. drake6782|Stealth Rock|[from] move: Rapid Spin|[of] p2a: Iron Treads
|move|p1a: Great Tusk|Rapid Spin|p2a: Iron Treads
|-resisted|p2a: Iron Treads
|-damage|p2a: Iron Treads|72/100
|-boost|p1a: Great Tusk|spe|1
|-sideend|p1: ouicestmoi|Stealth Rock|[from] move: Rapid Spin|[of] p1a: Great Tusk
|
|-weather|SunnyDay|[upkeep]
|-heal|p2a: Iron Treads|78/100|[from] item: Leftovers
|upkeep
|turn|24
|
|t:|1760377244
|move|p2a: Iron Treads|Earthquake|p1a: Great Tusk
|-damage|p1a: Great Tusk|63/100
|move|p1a: Great Tusk|Headlong Rush|p2a: Iron Treads
|-supereffective|p2a: Iron Treads
|-damage|p2a: Iron Treads|0 fnt
|-unboost|p1a: Great Tusk|def|1
|-unboost|p1a: Great Tusk|spd|1
|faint|p2a: Iron Treads
|-end|p2a: Iron Treads|Quark Drive|[silent]
|
|-weather|SunnyDay|[upkeep]
|upkeep
|
|t:|1760377258
|switch|p2a: Pelipper|Pelipper, F|35/100 brn
|-weather|RainDance|[from] ability: Drizzle|[of] p2a: Pelipper
|-end|p1a: Great Tusk|Protosynthesis
|turn|25
|
|t:|1760377260
|switch|p2a: Decidueye|Decidueye-Hisui, M, shiny|39/100
|move|p1a: Great Tusk|Stealth Rock|p2a: Decidueye
|-sidestart|p2: dr. drake6782|move: Stealth Rock
|
|-weather|RainDance|[upkeep]
|upkeep
|turn|26
|
|t:|1760377263
|move|p1a: Great Tusk|Ice Spinner|p2a: Decidueye
|-supereffective|p2a: Decidueye
|-damage|p2a: Decidueye|4/100
|-damage|p1a: Great Tusk|47/100|[from] item: Rocky Helmet|[of] p2a: Decidueye
|move|p2a: Decidueye|Triple Arrows|p1a: Great Tusk
|-damage|p1a: Great Tusk|17/100
|
|-weather|RainDance|[upkeep]
|upkeep
|turn|27
|
|t:|1760377266
|move|p1a: Great Tusk|Rapid Spin|p2a: Decidueye
|-damage|p2a: Decidueye|0 fnt
|-boost|p1a: Great Tusk|spe|1
|-damage|p1a: Great Tusk|0 fnt|[from] item: Rocky Helmet|[of] p2a: Decidueye
|faint|p2a: Decidueye
|faint|p1a: Great Tusk
|-end|p1a: Great Tusk|Protosynthesis|[silent]
|
|-weather|RainDance|[upkeep]
|upkeep
|
|t:|1760377271
|switch|p1a: Whimsicott|Whimsicott, M|71/100
|switch|p2a: Barraskewda|Barraskewda, F, shiny|59/100
|-damage|p2a: Barraskewda|47/100|[from] Stealth Rock
|turn|28
|
|t:|1760377282
|move|p2a: Barraskewda|Flip Turn|p1a: Whimsicott
|-resisted|p1a: Whimsicott
|-damage|p1a: Whimsicott|31/100
|-damage|p2a: Barraskewda|37/100|[from] item: Life Orb
|
|t:|1760377285
|switch|p2a: Tornadus|Tornadus-Therian, M|87/100|[from] Flip Turn
|-damage|p2a: Tornadus|62/100|[from] Stealth Rock
|move|p1a: Whimsicott|Giga Drain|p2a: Tornadus
|-resisted|p2a: Tornadus
|-damage|p2a: Tornadus|39/100
|-heal|p1a: Whimsicott|43/100|[from] drain|[of] p2a: Tornadus
|-damage|p1a: Whimsicott|33/100|[from] item: Life Orb
|
|-weather|RainDance|[upkeep]
|upkeep
|turn|29
|
|t:|1760377292
|switch|p1a: Iron Moth|Iron Moth|100/100
|-enditem|p1a: Iron Moth|Booster Energy
|-activate|p1a: Iron Moth|ability: Quark Drive|[fromitem]
|-start|p1a: Iron Moth|quarkdrivespe
|move|p2a: Tornadus|Hurricane|p1a: Iron Moth
|-damage|p1a: Iron Moth|26/100
|-start|p1a: Iron Moth|confusion
|
|-weather|RainDance|[upkeep]
|upkeep
|turn|30
|
|t:|1760377302
|-activate|p1a: Iron Moth|confusion
|-damage|p1a: Iron Moth|16/100|[from] confusion
|move|p2a: Tornadus|Hurricane|p1a: Iron Moth
|-damage|p1a: Iron Moth|0 fnt
|faint|p1a: Iron Moth
|-end|p1a: Iron Moth|Quark Drive|[silent]
|
|-weather|RainDance|[upkeep]
|upkeep
|c|☆dr. drake6782|gg
|c|☆ouicestmoi|:(
|
|t:|1760377321
|switch|p1a: Ninetales|Ninetales, M|5/100
|-weather|SunnyDay|[from] ability: Drought|[of] p1a: Ninetales
|turn|31
|
|t:|1760377326
|move|p2a: Tornadus|Hurricane|p1a: Ninetales|[miss]
|-miss|p2a: Tornadus|p1a: Ninetales
|move|p1a: Ninetales|Healing Wish|p1a: Ninetales
|faint|p1a: Ninetales
|
|-weather|SunnyDay|[upkeep]
|upkeep
|
|t:|1760377329
|switch|p1a: Whimsicott|Whimsicott, M|33/100
|-heal|p1a: Whimsicott|100/100|[from] move: Healing Wish
|turn|32
|
|t:|1760377342
|switch|p2a: Pelipper|Pelipper, F|35/100 brn
|-damage|p2a: Pelipper|10/100 brn|[from] Stealth Rock
|-weather|RainDance|[from] ability: Drizzle|[of] p2a: Pelipper
|move|p1a: Whimsicott|Growth|p1a: Whimsicott
|-boost|p1a: Whimsicott|atk|1
|-boost|p1a: Whimsicott|spa|1
|
|-weather|RainDance|[upkeep]
|-damage|p2a: Pelipper|4/100 brn|[from] brn
|upkeep
|turn|33
|
|t:|1760377349
|-terastallize|p1a: Whimsicott|Ghost
|move|p1a: Whimsicott|Giga Drain|p2a: Pelipper
|-damage|p2a: Pelipper|0 fnt
|faint|p2a: Pelipper
|-damage|p1a: Whimsicott|91/100|[from] item: Life Orb
|
|-weather|RainDance|[upkeep]
|upkeep
|
|t:|1760377355
|switch|p2a: Barraskewda|Barraskewda, F, shiny|37/100
|-damage|p2a: Barraskewda|24/100|[from] Stealth Rock
|turn|34
|
|t:|1760377357
|move|p2a: Barraskewda|Liquidation|p1a: Whimsicott
|-damage|p1a: Whimsicott|0 fnt
|faint|p1a: Whimsicott
|-damage|p2a: Barraskewda|15/100|[from] item: Life Orb
|
|win|dr. drake6782
|raw|ouicestmoi's rating: 1485 &rarr; <strong>1473</strong><br />(-12 for losing)
|raw|dr. drake6782's rating: 1635 &rarr; <strong>1647</strong><br />(+12 for winning)
|l|☆ouicestmoi
|player|p1|
