|j|☆Cte plays
|j|☆Obito 2001
|t:|1760315370
|gametype|singles
|player|p1|Cte plays|brendan|1677
|player|p2|Obito 2001|blue-gen3two|1616
|gen|9
|tier|[Gen 9] OU
|rated|
|rule|HP Percentage Mod: HP is shown in percentages
|rule|Endless Battle Clause: Forcing endless battles is banned
|rule|Species Clause: Limit one of each Pokémon
|rule|OHKO Clause: OHKO moves are banned
|rule|Evasion Items Clause: Evasion items are banned
|rule|Evasion Moves Clause: Evasion moves are banned
|rule|Evasion Abilities Clause: Evasion abilities are banned
|rule|Sleep Moves Clause: Sleep-inducing moves are banned
|clearpoke
|poke|p1|Dragapult, F|
|poke|p1|Samurott-Hisui, F|
|poke|p1|Zapdos|
|poke|p1|Iron Treads|
|poke|p1|Primarina, M|
|poke|p1|Glimmora, M|
|poke|p2|Ogerpon-Wellspring, F|
|poke|p2|Toxapex, F|
|poke|p2|Sinistcha-Masterpiece|
|poke|p2|Blissey, F|
|poke|p2|Corviknight, M|
|poke|p2|Hoopa-Unbound|
|teampreview
|inactive|Battle timer is ON: inactive players will automatically lose when time's up. (requested by Obito 2001)
|inactive|Cte plays also wants the timer to be on.
|inactive|Cte plays has 120 seconds left.
|
|t:|1760315402
|teamsize|p1|6
|teamsize|p2|6
|start
|switch|p1a: Dragapult|Dragapult, F|100/100
|switch|p2a: 🎭|Ogerpon-Wellspring, F|100/100
|turn|1
|
|t:|1760315409
|switch|p2a: Sting|Corviknight, M, shiny|100/100
|-ability|p2a: Sting|Pressure
|move|p1a: Dragapult|U-turn|p2a: Sting
|-resisted|p2a: Sting
|-damage|p2a: Sting|96/100
|-damage|p1a: Dragapult|84/100|[from] item: Rocky Helmet|[of] p2a: Sting
|
|t:|1760315417
|switch|p1a: Zapdos|Zapdos, shiny|100/100|[from] U-turn
|
|upkeep
|turn|2
|
|t:|1760315425
|switch|p2a: Ruby Chan|Blissey, F|100/100
|move|p1a: Zapdos|Volt Switch|p2a: Ruby Chan
|-damage|p2a: Ruby Chan|91/100
|
|t:|1760315436
|switch|p1a: Samurott|Samurott-Hisui, F|100/100|[from] Volt Switch
|
|-heal|p2a: Ruby Chan|97/100|[from] item: Leftovers
|upkeep
|turn|3
|
|t:|1760315443
|switch|p2a: Sting|Corviknight, M, shiny|96/100
|-ability|p2a: Sting|Pressure
|move|p1a: Samurott|Ceaseless Edge|p2a: Sting|[miss]
|-miss|p1a: Samurott|p2a: Sting
|
|upkeep
|turn|4
|
|t:|1760315449
|move|p1a: Samurott|Ceaseless Edge|p2a: Sting
|-damage|p2a: Sting|66/100
|-damage|p1a: Samurott|84/100|[from] item: Rocky Helmet|[of] p2a: Sting
|-sidestart|p2: Obito 2001|Spikes
|move|p2a: Sting|U-turn|p1a: Samurott
|-supereffective|p1a: Samurott
|-damage|p1a: Samurott|47/100
|
|t:|1760315454
|switch|p2a: 🎭|Ogerpon-Wellspring, F|100/100|[from] U-turn
|-damage|p2a: 🎭|88/100|[from] Spikes
|
|upkeep
|turn|5
|
|t:|1760315467
|switch|p1a: Dragapult|Dragapult, F|84/100
|move|p2a: 🎭|Swords Dance|p2a: 🎭
|-boost|p2a: 🎭|atk|2
|
|upkeep
|turn|6
|
|t:|1760315474
|switch|p2a: Sting|Corviknight, M, shiny|66/100
|-ability|p2a: Sting|Pressure
|move|p1a: Dragapult|Dragon Darts|p2a: Sting
|-resisted|p2a: Sting
|-damage|p2a: Sting|56/100
|-anim|p1a: Dragapult|Dragon Darts|p2a: Sting
|-resisted|p2a: Sting
|-damage|p2a: Sting|45/100
|
|upkeep
|turn|7
|
|t:|1760315486
|switch|p1a: Zapdos|Zapdos, shiny|100/100
|move|p2a: Sting|Roost|p2a: Sting
|-heal|p2a: Sting|95/100
|-singleturn|p2a: Sting|move: Roost
|
|upkeep
|turn|8
|
|t:|1760315493
|switch|p2a: Ruby Chan|Blissey, F|97/100
|-damage|p2a: Ruby Chan|84/100|[from] Spikes
|move|p1a: Zapdos|Volt Switch|p2a: Ruby Chan
|-damage|p2a: Ruby Chan|75/100
|
|t:|1760315511
|switch|p1a: Dragapult|Dragapult, F|84/100|[from] Volt Switch
|
|-heal|p2a: Ruby Chan|81/100|[from] item: Leftovers
|upkeep
|turn|9
|
|t:|1760315518
|switch|p2a: Sting|Corviknight, M, shiny|95/100
|-ability|p2a: Sting|Pressure
|-terastallize|p1a: Dragapult|Ghost
|move|p1a: Dragapult|Tera Blast|p2a: Sting|[anim] Tera Blast Ghost
|-damage|p2a: Sting|44/100
|
|upkeep
|turn|10
|
|t:|1760315533
|switch|p1a: Samurott|Samurott-Hisui, F|47/100
|switch|p2a: Ruby Chan|Blissey, F|81/100
|-damage|p2a: Ruby Chan|68/100|[from] Spikes
|
|-heal|p2a: Ruby Chan|75/100|[from] item: Leftovers
|upkeep
|turn|11
|
|t:|1760315548
|switch|p2a: Stall Machine|Toxapex, F|100/100
|-damage|p2a: Stall Machine|88/100|[from] Spikes
|move|p1a: Samurott|Aqua Cutter|p2a: Stall Machine
|-resisted|p2a: Stall Machine
|-damage|p2a: Stall Machine|72/100
|
|-heal|p2a: Stall Machine|78/100|[from] item: Leftovers
|upkeep
|turn|12
|
|t:|1760315560
|move|p1a: Samurott|Ceaseless Edge|p2a: Stall Machine
|-damage|p2a: Stall Machine|43/100
|-sidestart|p2: Obito 2001|Spikes
|move|p2a: Stall Machine|Toxic|p1a: Samurott
|-status|p1a: Samurott|tox
|
|-heal|p2a: Stall Machine|50/100|[from] item: Leftovers
|-damage|p1a: Samurott|40/100 tox|[from] psn
|upkeep
|turn|13
|
|t:|1760315571
|move|p1a: Samurott|Ceaseless Edge|p2a: Stall Machine
|-damage|p2a: Stall Machine|11/100
|-sidestart|p2: Obito 2001|Spikes
|move|p2a: Stall Machine|Recover|p2a: Stall Machine
|-heal|p2a: Stall Machine|61/100
|
|-heal|p2a: Stall Machine|67/100|[from] item: Leftovers
|-damage|p1a: Samurott|28/100 tox|[from] psn
|upkeep
|turn|14
|
|t:|1760315580
|move|p1a: Samurott|Encore|p2a: Stall Machine
|-start|p2a: Stall Machine|Encore
|move|p2a: Stall Machine|Recover|p2a: Stall Machine
|-heal|p2a: Stall Machine|100/100
|
|-damage|p1a: Samurott|9/100 tox|[from] psn
|upkeep
|turn|15
|
|t:|1760315600
|switch|p1a: Zapdos|Zapdos, shiny|100/100
|move|p2a: Stall Machine|Recover||[still]
|-fail|p2a: Stall Machine|heal
|
|upkeep
|turn|16
|
|t:|1760315605
|switch|p2a: Sinistcha|Sinistcha-Masterpiece|100/100
|move|p1a: Zapdos|Volt Switch|p2a: Sinistcha
|-resisted|p2a: Sinistcha
|-damage|p2a: Sinistcha|81/100
|
|t:|1760315611
|switch|p1a: Dragapult|Dragapult, F, tera:Ghost|84/100|[from] Volt Switch
|
|upkeep
|turn|17
|
|t:|1760315628
|switch|p2a: Ruby Chan|Blissey, F|75/100
|-damage|p2a: Ruby Chan|50/100|[from] Spikes
|move|p1a: Dragapult|Dragon Darts|p2a: Ruby Chan
|-damage|p2a: Ruby Chan|0 fnt
|faint|p2a: Ruby Chan
|
|upkeep
|
|t:|1760315632
|switch|p2a: Sting|Corviknight, M, shiny|44/100
|-ability|p2a: Sting|Pressure
|turn|18
|
|t:|1760315638
|switch|p1a: Zapdos|Zapdos, shiny|100/100
|move|p2a: Sting|Defog|p1a: Zapdos
|-unboost|p1a: Zapdos|evasion|1
|-sideend|p2: Obito 2001|Spikes|[from] move: Defog|[of] p2a: Sting
|
|upkeep
|turn|19
|
|t:|1760315651
|move|p1a: Zapdos|Volt Switch|p2a: Sting
|-supereffective|p2a: Sting
|-damage|p2a: Sting|0 fnt
|faint|p2a: Sting
|
|t:|1760315655
|switch|p1a: Dragapult|Dragapult, F, tera:Ghost|84/100|[from] Volt Switch
|
|upkeep
|
|t:|1760315663
|switch|p2a: Stall Machine|Toxapex, F|100/100
|turn|20
|
|t:|1760315666
|move|p1a: Dragapult|U-turn|p2a: Stall Machine
|-resisted|p2a: Stall Machine
|-crit|p2a: Stall Machine
|-damage|p2a: Stall Machine|81/100
|
|t:|1760315669
|switch|p1a: Glimmora|Glimmora, M|100/100|[from] U-turn
|move|p2a: Stall Machine|Toxic|p1a: Glimmora
|-immune|p1a: Glimmora
|
|-heal|p2a: Stall Machine|88/100|[from] item: Leftovers
|upkeep
|turn|21
|
|t:|1760315676
|move|p1a: Glimmora|Stealth Rock|p2a: Stall Machine
|-sidestart|p2: Obito 2001|move: Stealth Rock
|move|p2a: Stall Machine|Surf|p1a: Glimmora
|-supereffective|p1a: Glimmora
|-damage|p1a: Glimmora|47/100
|
|-heal|p2a: Stall Machine|94/100|[from] item: Leftovers
|upkeep
|turn|22
|
|t:|1760315684
|move|p1a: Glimmora|Earth Power|p2a: Stall Machine
|-supereffective|p2a: Stall Machine
|-damage|p2a: Stall Machine|49/100
|move|p2a: Stall Machine|Toxic Spikes|p1a: Glimmora
|-sidestart|p1: Cte plays|move: Toxic Spikes
|
|-heal|p2a: Stall Machine|55/100|[from] item: Leftovers
|upkeep
|turn|23
|
|t:|1760315692
|move|p1a: Glimmora|Earth Power|p2a: Stall Machine
|-supereffective|p2a: Stall Machine
|-damage|p2a: Stall Machine|7/100
|move|p2a: Stall Machine|Surf|p1a: Glimmora
|-supereffective|p1a: Glimmora
|-crit|p1a: Glimmora
|-damage|p1a: Glimmora|0 fnt
|faint|p1a: Glimmora
|
|-heal|p2a: Stall Machine|13/100|[from] item: Leftovers
|upkeep
|
|t:|1760315701
|switch|p1a: Zapdos|Zapdos, shiny|100/100
|turn|24
|
|t:|1760315706
|move|p1a: Zapdos|Volt Switch|p2a: Stall Machine
|-supereffective|p2a: Stall Machine
|-damage|p2a: Stall Machine|0 fnt
|faint|p2a: Stall Machine
|
|t:|1760315715
|switch|p1a: Iron Treads|Iron Treads, shiny|100/100|[from] Volt Switch
|
|upkeep
|
|t:|1760315722
|switch|p2a: 🎭|Ogerpon-Wellspring, F|88/100
|-damage|p2a: 🎭|76/100|[from] Stealth Rock
|turn|25
|
|t:|1760315727
|move|p1a: Iron Treads|Rapid Spin|p2a: 🎭
|-damage|p2a: 🎭|55/100
|-boost|p1a: Iron Treads|spe|1
|-sideend|p1: Cte plays|Toxic Spikes|[from] move: Rapid Spin|[of] p1a: Iron Treads
|move|p2a: 🎭|Trailblaze|p1a: Iron Treads
|-damage|p1a: Iron Treads|70/100
|-boost|p2a: 🎭|spe|1
|
|upkeep
|turn|26
|
|t:|1760315735
|move|p1a: Iron Treads|Ice Spinner|p2a: 🎭
|-damage|p2a: 🎭|25/100
|move|p2a: 🎭|Trailblaze|p1a: Iron Treads
|-damage|p1a: Iron Treads|42/100
|-boost|p2a: 🎭|spe|1
|
|upkeep
|turn|27
|
|t:|1760315742
|move|p2a: 🎭|Ivy Cudgel|p1a: Iron Treads|[anim] Ivy Cudgel Water
|-supereffective|p1a: Iron Treads
|-damage|p1a: Iron Treads|0 fnt
|faint|p1a: Iron Treads
|-end|p1a: Iron Treads|Quark Drive|[silent]
|
|upkeep
|j| sasukejawls
|
|t:|1760315754
|switch|p1a: Samurott|Samurott-Hisui, F|9/100 tox
|turn|28
|
|t:|1760315757
|move|p1a: Samurott|Sucker Punch||[still]
|-fail|p1a: Samurott
|move|p2a: 🎭|Swords Dance|p2a: 🎭
|-boost|p2a: 🎭|atk|2
|
|-damage|p1a: Samurott|3/100 tox|[from] psn
|upkeep
|turn|29
|
|t:|1760315765
|move|p2a: 🎭|Trailblaze|p1a: Samurott
|-supereffective|p1a: Samurott
|-damage|p1a: Samurott|0 fnt
|-boost|p2a: 🎭|spe|1
|faint|p1a: Samurott
|
|upkeep
|
|t:|1760315772
|switch|p1a: Zapdos|Zapdos, shiny|100/100
|turn|30
|
|t:|1760315775
|-terastallize|p2a: 🎭|Water
|detailschange|p2a: 🎭|Ogerpon-Wellspring-Tera, F, tera:Water
|-ability|p2a: 🎭|Embody Aspect (Wellspring)|boost
|-boost|p2a: 🎭|spd|1
|move|p2a: 🎭|Ivy Cudgel|p1a: Zapdos|[anim] Ivy Cudgel Water
|-damage|p1a: Zapdos|0 fnt
|faint|p1a: Zapdos
|
|upkeep
|-message|Cte plays forfeited.
|
|win|Obito 2001
|raw|Cte plays's rating: 1677 &rarr; <strong>1654</strong><br />(-23 for losing)
|raw|Obito 2001's rating: 1616 &rarr; <strong>1639</strong><br />(+23 for winning)
|l|☆Cte plays
|player|p1|
|l|☆Obito 2001
|player|p2|
