|j|☆Majeu
|j|☆hgtgntyntyn
|t:|1760390173
|gametype|singles
|player|p1|Majeu|swimmer-gen4dp|1385
|player|p2|hgtgntyntyn|n|1425
|gen|9
|tier|[Gen 9] OU
|rated|
|rule|HP Percentage Mod: HP is shown in percentages
|rule|Endless Battle Clause: Forcing endless battles is banned
|rule|Species Clause: Limit one of each Pokémon
|rule|OHKO Clause: OHKO moves are banned
|rule|Evasion Items Clause: Evasion items are banned
|rule|Evasion Moves Clause: Evasion moves are banned
|rule|Evasion Abilities Clause: Evasion abilities are banned
|rule|Sleep Moves Clause: Sleep-inducing moves are banned
|clearpoke
|poke|p1|Pelipper, F|
|poke|p1|Arcanine-Hisui, M|
|poke|p1|Barraskewda, M|
|poke|p1|Gliscor, F|
|poke|p1|Galvantula, F|
|poke|p1|Forretress, F|
|poke|p2|Iron Moth|
|poke|p2|Samurott-Hisui, M|
|poke|p2|Corviknight, F|
|poke|p2|Gliscor, F|
|poke|p2|Iron Valiant|
|poke|p2|Garganacl, M|
|teampreview
|inactive|Battle timer is ON: inactive players will automatically lose when time's up. (requested by Majeu)
|inactiveoff|Battle timer is now OFF.
|
|t:|1760390185
|teamsize|p1|6
|teamsize|p2|6
|start
|switch|p1a: Forretress|Forretress, F, shiny|100/100
|switch|p2a: Samurott|Samurott-Hisui, M, shiny|100/100
|turn|1
|
|t:|1760390191
|move|p2a: Samurott|Flip Turn|p1a: Forretress
|-damage|p1a: Forretress|80/100
|
|t:|1760390195
|switch|p2a: Iron Moth|Iron Moth|100/100|[from] Flip Turn
|move|p1a: Forretress|Stealth Rock|p2a: Iron Moth
|-sidestart|p2: hgtgntyntyn|move: Stealth Rock
|
|upkeep
|turn|2
|
|t:|1760390201
|switch|p1a: Arcanine|Arcanine-Hisui, M, shiny|100/100
|move|p2a: Iron Moth|Sludge Wave|p1a: Arcanine
|-resisted|p1a: Arcanine
|-damage|p1a: Arcanine|71/100
|
|upkeep
|turn|3
|
|t:|1760390208
|move|p1a: Arcanine|Extreme Speed|p2a: Iron Moth
|-damage|p2a: Iron Moth|33/100
|move|p2a: Iron Moth|Energy Ball|p1a: Arcanine
|-damage|p1a: Arcanine|29/100
|
|upkeep
|turn|4
|
|t:|1760390216
|move|p1a: Arcanine|Extreme Speed|p2a: Iron Moth
|-damage|p2a: Iron Moth|0 fnt
|faint|p2a: Iron Moth
|-end|p2a: Iron Moth|Quark Drive|[silent]
|
|upkeep
|
|t:|1760390222
|switch|p2a: Corviknight|Corviknight, F|100/100
|-damage|p2a: Corviknight|88/100|[from] Stealth Rock
|turn|5
|
|t:|1760390228
|switch|p1a: Pelipper|Pelipper, F, shiny|100/100
|-weather|RainDance|[from] ability: Drizzle|[of] p1a: Pelipper
|move|p2a: Corviknight|Defog|p1a: Pelipper
|-unboost|p1a: Pelipper|evasion|1
|-sideend|p2: hgtgntyntyn|Stealth Rock|[from] move: Defog|[of] p2a: Corviknight
|
|-weather|RainDance|[upkeep]
|upkeep
|turn|6
|
|t:|1760390231
|move|p2a: Corviknight|U-turn|p1a: Pelipper
|-resisted|p1a: Pelipper
|-damage|p1a: Pelipper|92/100
|
|t:|1760390235
|switch|p2a: Samurott|Samurott-Hisui, M, shiny|100/100|[from] U-turn
|move|p1a: Pelipper|Surf|p2a: Samurott
|-resisted|p2a: Samurott
|-damage|p2a: Samurott|25/100
|
|-weather|RainDance|[upkeep]
|upkeep
|turn|7
|
|t:|1760390242
|move|p2a: Samurott|Flip Turn|p1a: Pelipper
|-resisted|p1a: Pelipper
|-damage|p1a: Pelipper|72/100
|
|t:|1760390247
|switch|p2a: Corviknight|Corviknight, F|88/100|[from] Flip Turn
|move|p1a: Pelipper|Surf|p2a: Corviknight
|-damage|p2a: Corviknight|0 fnt
|faint|p2a: Corviknight
|
|-weather|RainDance|[upkeep]
|upkeep
|
|t:|1760390251
|switch|p2a: Iron Valiant|Iron Valiant|100/100
|-enditem|p2a: Iron Valiant|Booster Energy
|-activate|p2a: Iron Valiant|ability: Quark Drive|[fromitem]
|-start|p2a: Iron Valiant|quarkdrivespe
|turn|8
|
|t:|1760390257
|switch|p1a: Forretress|Forretress, F, shiny|80/100
|move|p2a: Iron Valiant|Spirit Break|p1a: Forretress
|-resisted|p1a: Forretress
|-damage|p1a: Forretress|68/100
|-unboost|p1a: Forretress|spa|1
|
|-weather|RainDance|[upkeep]
|upkeep
|turn|9
|
|t:|1760390262
|move|p2a: Iron Valiant|Close Combat|p1a: Forretress
|-damage|p1a: Forretress|28/100
|-unboost|p2a: Iron Valiant|def|1
|-unboost|p2a: Iron Valiant|spd|1
|move|p1a: Forretress|Stealth Rock|p2a: Iron Valiant
|-sidestart|p2: hgtgntyntyn|move: Stealth Rock
|
|-weather|none
|upkeep
|turn|10
|
|t:|1760390269
|move|p2a: Iron Valiant|Close Combat|p1a: Forretress
|-damage|p1a: Forretress|0 fnt
|-unboost|p2a: Iron Valiant|def|1
|-unboost|p2a: Iron Valiant|spd|1
|faint|p1a: Forretress
|
|upkeep
|
|t:|1760390276
|switch|p1a: Barraskewda|Barraskewda, M|100/100
|turn|11
|
|t:|1760390288
|move|p1a: Barraskewda|Aqua Jet|p2a: Iron Valiant
|-damage|p2a: Iron Valiant|14/100
|move|p2a: Iron Valiant|Close Combat|p1a: Barraskewda
|-damage|p1a: Barraskewda|0 fnt
|-unboost|p2a: Iron Valiant|def|1
|-unboost|p2a: Iron Valiant|spd|1
|faint|p1a: Barraskewda
|
|upkeep
|
|t:|1760390295
|switch|p1a: Arcanine|Arcanine-Hisui, M, shiny|29/100
|turn|12
|
|t:|1760390301
|move|p1a: Arcanine|Extreme Speed|p2a: Iron Valiant
|-damage|p2a: Iron Valiant|0 fnt
|faint|p2a: Iron Valiant
|-end|p2a: Iron Valiant|Quark Drive|[silent]
|
|upkeep
|
|t:|1760390308
|switch|p2a: Garganacl|Garganacl, M|100/100
|-damage|p2a: Garganacl|88/100|[from] Stealth Rock
|turn|13
|
|t:|1760390314
|switch|p1a: Gliscor|Gliscor, F, shiny|100/100
|-terastallize|p2a: Garganacl|Ghost
|move|p2a: Garganacl|Earthquake|p1a: Gliscor
|-immune|p1a: Gliscor
|
|-heal|p2a: Garganacl|94/100|[from] item: Leftovers
|upkeep
|turn|14
|inactive|Battle timer is ON: inactive players will automatically lose when time's up. (requested by hgtgntyntyn)
|
|t:|1760390331
|move|p1a: Gliscor|Earthquake|p2a: Garganacl
|-damage|p2a: Garganacl|59/100
|move|p2a: Garganacl|Salt Cure|p1a: Gliscor
|-damage|p1a: Gliscor|86/100
|-start|p1a: Gliscor|Salt Cure
|
|-heal|p2a: Garganacl|65/100|[from] item: Leftovers
|-damage|p1a: Gliscor|74/100|[from] Salt Cure
|upkeep
|turn|15
|
|t:|1760390336
|move|p1a: Gliscor|Earthquake|p2a: Garganacl
|-crit|p2a: Garganacl
|-damage|p2a: Garganacl|10/100
|move|p2a: Garganacl|Recover|p2a: Garganacl
|-heal|p2a: Garganacl|60/100
|
|-heal|p2a: Garganacl|66/100|[from] item: Leftovers
|-damage|p1a: Gliscor|61/100|[from] Salt Cure
|upkeep
|turn|16
|l|☆Majeu
|inactive|Majeu disconnected and has a minute to reconnect!
|player|p1|
|inactive|Majeu has 30 seconds to reconnect!
|j|☆Majeu
|inactive|Majeu reconnected and has 105 seconds left.
|player|p1|Majeu|swimmer-gen4dp|
|
|t:|1760390391
|move|p1a: Gliscor|Earthquake|p2a: Garganacl
|-damage|p2a: Garganacl|33/100
|move|p2a: Garganacl|Recover|p2a: Garganacl
|-heal|p2a: Garganacl|83/100
|
|-heal|p2a: Garganacl|89/100|[from] item: Leftovers
|-damage|p1a: Gliscor|49/100|[from] Salt Cure
|upkeep
|turn|17
|inactive|hgtgntyntyn has 120 seconds left.
|
|t:|1760390422
|switch|p1a: Pelipper|Pelipper, F, shiny|72/100
|-weather|RainDance|[from] ability: Drizzle|[of] p1a: Pelipper
|move|p2a: Garganacl|Salt Cure|p1a: Pelipper
|-supereffective|p1a: Pelipper
|-damage|p1a: Pelipper|45/100
|-start|p1a: Pelipper|Salt Cure
|
|-weather|RainDance|[upkeep]
|-heal|p2a: Garganacl|96/100|[from] item: Leftovers
|-damage|p1a: Pelipper|20/100|[from] Salt Cure
|upkeep
|turn|18
|
|t:|1760390425
|move|p2a: Garganacl|Protect|p2a: Garganacl
|-singleturn|p2a: Garganacl|Protect
|move|p1a: Pelipper|Surf|p2a: Garganacl
|-activate|p2a: Garganacl|move: Protect
|
|-weather|RainDance|[upkeep]
|-heal|p2a: Garganacl|100/100|[from] item: Leftovers
|-damage|p1a: Pelipper|0 fnt|[from] Salt Cure
|faint|p1a: Pelipper
|upkeep
|inactive|Majeu has 120 seconds left.
|
|t:|1760390440
|switch|p1a: Arcanine|Arcanine-Hisui, M, shiny|29/100
|turn|19
|
|t:|1760390450
|move|p2a: Garganacl|Protect||[still]
|-fail|p2a: Garganacl
|move|p1a: Arcanine|Head Smash|p2a: Garganacl|[miss]
|-miss|p1a: Arcanine|p2a: Garganacl
|
|-weather|RainDance|[upkeep]
|upkeep
|turn|20
|
|t:|1760390457
|move|p1a: Arcanine|Head Smash|p2a: Garganacl
|-damage|p2a: Garganacl|38/100
|-damage|p1a: Arcanine|0 fnt|[from] Recoil
|faint|p1a: Arcanine
|move|p2a: Garganacl|Earthquake|p1: Arcanine|[notarget]
|-fail|p2a: Garganacl
|
|-weather|RainDance|[upkeep]
|-heal|p2a: Garganacl|44/100|[from] item: Leftovers
|upkeep
|
|t:|1760390463
|switch|p1a: Gliscor|Gliscor, F, shiny|49/100
|turn|21
|
|t:|1760390469
|move|p2a: Garganacl|Protect|p2a: Garganacl
|-singleturn|p2a: Garganacl|Protect
|move|p1a: Gliscor|Dual Wingbeat|p2a: Garganacl
|-activate|p2a: Garganacl|move: Protect
|
|-weather|none
|-heal|p2a: Garganacl|50/100|[from] item: Leftovers
|upkeep
|turn|22
|
|t:|1760390475
|move|p1a: Gliscor|Dual Wingbeat|p2a: Garganacl
|-damage|p2a: Garganacl|37/100
|-damage|p2a: Garganacl|24/100
|-hitcount|p2a: Garganacl|2
|move|p2a: Garganacl|Salt Cure|p1a: Gliscor
|-damage|p1a: Gliscor|37/100
|-start|p1a: Gliscor|Salt Cure
|
|-heal|p2a: Garganacl|30/100|[from] item: Leftovers
|-damage|p1a: Gliscor|24/100|[from] Salt Cure
|upkeep
|turn|23
|
|t:|1760390480
|move|p1a: Gliscor|Dual Wingbeat|p2a: Garganacl
|-damage|p2a: Garganacl|16/100
|-damage|p2a: Garganacl|1/100
|-hitcount|p2a: Garganacl|2
|move|p2a: Garganacl|Recover|p2a: Garganacl
|-heal|p2a: Garganacl|51/100
|
|-heal|p2a: Garganacl|57/100|[from] item: Leftovers
|-damage|p1a: Gliscor|12/100|[from] Salt Cure
|upkeep
|turn|24
|
|t:|1760390484
|move|p1a: Gliscor|Dual Wingbeat|p2a: Garganacl
|-damage|p2a: Garganacl|42/100
|-damage|p2a: Garganacl|29/100
|-hitcount|p2a: Garganacl|2
|move|p2a: Garganacl|Recover|p2a: Garganacl
|-heal|p2a: Garganacl|79/100
|
|-heal|p2a: Garganacl|85/100|[from] item: Leftovers
|-damage|p1a: Gliscor|0 fnt|[from] Salt Cure
|faint|p1a: Gliscor
|upkeep
|
|t:|1760390487
|switch|p1a: Galvantula|Galvantula, F|100/100
|turn|25
|
|t:|1760390509
|-terastallize|p1a: Galvantula|Grass
|move|p1a: Galvantula|Giga Drain|p2a: Garganacl
|-damage|p2a: Garganacl|41/100
|move|p2a: Garganacl|Salt Cure|p1a: Galvantula
|-damage|p1a: Galvantula|75/100
|-start|p1a: Galvantula|Salt Cure
|
|-heal|p2a: Garganacl|47/100|[from] item: Leftovers
|-damage|p1a: Galvantula|62/100|[from] Salt Cure
|upkeep
|turn|26
|
|t:|1760390516
|move|p2a: Garganacl|Protect|p2a: Garganacl
|-singleturn|p2a: Garganacl|Protect
|move|p1a: Galvantula|Giga Drain|p2a: Garganacl
|-activate|p2a: Garganacl|move: Protect
|
|-heal|p2a: Garganacl|53/100|[from] item: Leftovers
|-damage|p1a: Galvantula|50/100|[from] Salt Cure
|upkeep
|turn|27
|
|t:|1760390523
|switch|p2a: Gliscor|Gliscor, F|100/100
|-damage|p2a: Gliscor|88/100|[from] Stealth Rock
|move|p1a: Galvantula|Giga Drain|p2a: Gliscor
|-damage|p2a: Gliscor|32/100
|-heal|p1a: Galvantula|85/100|[from] drain|[of] p2a: Gliscor
|
|-damage|p1a: Galvantula|73/100|[from] Salt Cure
|-status|p2a: Gliscor|tox|[from] item: Toxic Orb
|upkeep
|turn|28
|
|t:|1760390528
|move|p2a: Gliscor|Protect|p2a: Gliscor
|-singleturn|p2a: Gliscor|Protect
|move|p1a: Galvantula|Giga Drain|p2a: Gliscor
|-activate|p2a: Gliscor|move: Protect
|
|-heal|p2a: Gliscor|44/100 tox|[from] ability: Poison Heal
|-damage|p1a: Galvantula|60/100|[from] Salt Cure
|upkeep
|turn|29
|
|t:|1760390535
|move|p2a: Gliscor|Protect|p2a: Gliscor
|-singleturn|p2a: Gliscor|Protect
|move|p1a: Galvantula|Giga Drain|p2a: Gliscor
|-activate|p2a: Gliscor|move: Protect
|
|-heal|p2a: Gliscor|57/100 tox|[from] ability: Poison Heal
|-damage|p1a: Galvantula|48/100|[from] Salt Cure
|upkeep
|turn|30
|
|t:|1760390539
|move|p1a: Galvantula|Giga Drain|p2a: Gliscor
|-damage|p2a: Gliscor|8/100 tox
|-heal|p1a: Galvantula|79/100|[from] drain|[of] p2a: Gliscor
|move|p2a: Gliscor|Toxic|p1a: Galvantula
|-status|p1a: Galvantula|tox
|
|-damage|p1a: Galvantula|72/100 tox|[from] psn
|-heal|p2a: Gliscor|21/100 tox|[from] ability: Poison Heal
|-damage|p1a: Galvantula|60/100 tox|[from] Salt Cure
|upkeep
|turn|31
|
|t:|1760390544
|move|p2a: Gliscor|Protect|p2a: Gliscor
|-singleturn|p2a: Gliscor|Protect
|move|p1a: Galvantula|Giga Drain|p2a: Gliscor
|-activate|p2a: Gliscor|move: Protect
|
|-damage|p1a: Galvantula|48/100 tox|[from] psn
|-heal|p2a: Gliscor|33/100 tox|[from] ability: Poison Heal
|-damage|p1a: Galvantula|36/100 tox|[from] Salt Cure
|upkeep
|turn|32
|
|t:|1760390553
|move|p2a: Gliscor|Protect||[still]
|-fail|p2a: Gliscor
|move|p1a: Galvantula|Giga Drain|p2a: Gliscor
|-damage|p2a: Gliscor|0 fnt
|-heal|p1a: Galvantula|56/100 tox|[from] drain|[of] p2a: Gliscor
|faint|p2a: Gliscor
|
|-damage|p1a: Galvantula|38/100 tox|[from] psn
|-damage|p1a: Galvantula|26/100 tox|[from] Salt Cure
|upkeep
|
|t:|1760390559
|switch|p2a: Samurott|Samurott-Hisui, M, shiny|25/100
|-damage|p2a: Samurott|12/100|[from] Stealth Rock
|turn|33
|
|t:|1760390562
|move|p2a: Samurott|Ceaseless Edge|p1a: Galvantula
|-damage|p1a: Galvantula|0 fnt
|-sidestart|p1: Majeu|Spikes
|faint|p1a: Galvantula
|
|win|hgtgntyntyn
|raw|Majeu's rating: 1385 &rarr; <strong>1367</strong><br />(-18 for losing)
|raw|hgtgntyntyn's rating: 1425 &rarr; <strong>1443</strong><br />(+18 for winning)
|l|☆Majeu
|player|p1|
|l|☆hgtgntyntyn
|player|p2|
