|j|‽Morthill
|j|☆thekingthegoat
|t:|1760446756
|gametype|singles
|player|p1|Morthill|101|1348
|player|p2|thekingthegoat|170|1363
|gen|9
|tier|[Gen 9] OU
|rated|
|rule|HP Percentage Mod: HP is shown in percentages
|rule|Endless Battle Clause: Forcing endless battles is banned
|rule|Species Clause: Limit one of each Pokémon
|rule|OHKO Clause: OHKO moves are banned
|rule|Evasion Items Clause: Evasion items are banned
|rule|Evasion Moves Clause: Evasion moves are banned
|rule|Evasion Abilities Clause: Evasion abilities are banned
|rule|Sleep Moves Clause: Sleep-inducing moves are banned
|clearpoke
|poke|p1|Slowking-Galar, M|
|poke|p1|Ninetales-Alola, M|
|poke|p1|Cetitan, M|
|poke|p1|Frosmoth, M|
|poke|p1|Avalugg, M|
|poke|p1|Kyurem|
|poke|p2|Arcanine-Hisui, M|
|poke|p2|Darkrai|
|poke|p2|Great Tusk|
|poke|p2|Hatterene, F|
|poke|p2|Ogerpon-Wellspring, F|
|poke|p2|Zapdos|
|teampreview
|inactive|Battle timer is ON: inactive players will automatically lose when time's up. (requested by thekingthegoat)
|inactive|Morthill also wants the timer to be on.
|
|t:|1760446766
|teamsize|p1|6
|teamsize|p2|6
|start
|switch|p1a: Ninetales|Ninetales-Alola, M|100/100
|switch|p2a: Arcanine|Arcanine-Hisui, M|100/100
|-weather|Snowscape|[from] ability: Snow Warning|[of] p1a: Ninetales
|turn|1
|
|t:|1760446771
|move|p1a: Ninetales|Aurora Veil|p1a: Ninetales
|-sidestart|p1: Morthill|move: Aurora Veil
|move|p2a: Arcanine|Flare Blitz|p1a: Ninetales
|-supereffective|p1a: Ninetales
|-damage|p1a: Ninetales|12/100
|
|-weather|Snowscape|[upkeep]
|upkeep
|turn|2
|
|t:|1760446781
|switch|p2a: Darkrai|Darkrai|100/100
|move|p1a: Ninetales|Dark Pulse|p2a: Darkrai
|-resisted|p2a: Darkrai
|-damage|p2a: Darkrai|87/100
|
|-weather|Snowscape|[upkeep]
|upkeep
|turn|3
|
|t:|1760446789
|switch|p1a: Frosmoth|Frosmoth, M, shiny|100/100
|move|p2a: Darkrai|Sludge Bomb|p1a: Frosmoth
|-damage|p1a: Frosmoth|93/100
|
|-weather|Snowscape|[upkeep]
|upkeep
|turn|4
|
|t:|1760446795
|switch|p2a: Hatterene|Hatterene, F|100/100
|move|p1a: Frosmoth|Quiver Dance|p1a: Frosmoth
|-boost|p1a: Frosmoth|spa|1
|-boost|p1a: Frosmoth|spd|1
|-boost|p1a: Frosmoth|spe|1
|
|-weather|Snowscape|[upkeep]
|upkeep
|turn|5
|
|t:|1760446801
|-terastallize|p1a: Frosmoth|Ground
|move|p1a: Frosmoth|Quiver Dance|p1a: Frosmoth
|-boost|p1a: Frosmoth|spa|1
|-boost|p1a: Frosmoth|spd|1
|-boost|p1a: Frosmoth|spe|1
|move|p2a: Hatterene|Mystical Fire|p1a: Frosmoth
|-damage|p1a: Frosmoth|90/100
|-unboost|p1a: Frosmoth|spa|1
|
|-weather|Snowscape|[upkeep]
|-sideend|p1: Morthill|move: Aurora Veil
|upkeep
|turn|6
|
|t:|1760446807
|move|p1a: Frosmoth|Quiver Dance|p1a: Frosmoth
|-boost|p1a: Frosmoth|spa|1
|-boost|p1a: Frosmoth|spd|1
|-boost|p1a: Frosmoth|spe|1
|move|p2a: Hatterene|Nuzzle|p1a: Frosmoth
|-immune|p1a: Frosmoth
|
|-weather|Snowscape|[upkeep]
|upkeep
|turn|7
|
|t:|1760446811
|move|p1a: Frosmoth|Quiver Dance|p1a: Frosmoth
|-boost|p1a: Frosmoth|spa|1
|-boost|p1a: Frosmoth|spd|1
|-boost|p1a: Frosmoth|spe|1
|move|p2a: Hatterene|Psyshock|p1a: Frosmoth
|-damage|p1a: Frosmoth|51/100
|
|-weather|Snowscape|[upkeep]
|upkeep
|turn|8
|
|t:|1760446814
|move|p1a: Frosmoth|Giga Drain|p2a: Hatterene
|-damage|p2a: Hatterene|64/100
|-heal|p1a: Frosmoth|70/100|[from] drain|[of] p2a: Hatterene
|move|p2a: Hatterene|Psyshock|p1a: Frosmoth
|-damage|p1a: Frosmoth|35/100
|
|-weather|none
|upkeep
|turn|9
|
|t:|1760446820
|move|p1a: Frosmoth|Giga Drain|p2a: Hatterene
|-damage|p2a: Hatterene|24/100
|-heal|p1a: Frosmoth|57/100|[from] drain|[of] p2a: Hatterene
|move|p2a: Hatterene|Psyshock|p1a: Frosmoth
|-damage|p1a: Frosmoth|19/100
|
|upkeep
|turn|10
|
|t:|1760446823
|move|p1a: Frosmoth|Giga Drain|p2a: Hatterene
|-damage|p2a: Hatterene|0 fnt
|-heal|p1a: Frosmoth|31/100|[from] drain|[of] p2a: Hatterene
|faint|p2a: Hatterene
|
|upkeep
|
|t:|1760446825
|switch|p2a: Arcanine|Arcanine-Hisui, M|100/100
|turn|11
|
|t:|1760446831
|switch|p1a: Ninetales|Ninetales-Alola, M|12/100
|-weather|Snowscape|[from] ability: Snow Warning|[of] p1a: Ninetales
|move|p2a: Arcanine|Extreme Speed|p1a: Ninetales
|-damage|p1a: Ninetales|0 fnt
|faint|p1a: Ninetales
|
|-weather|Snowscape|[upkeep]
|upkeep
|
|t:|1760446836
|switch|p1a: Cetitan|Cetitan, M, shiny|100/100
|turn|12
|
|t:|1760446842
|switch|p2a: Great Tusk|Great Tusk|100/100
|move|p1a: Cetitan|Earthquake|p2a: Great Tusk
|-damage|p2a: Great Tusk|77/100
|
|-weather|Snowscape|[upkeep]
|upkeep
|turn|13
|
|t:|1760446852
|switch|p1a: Avalugg|Avalugg, M, shiny|100/100
|-terastallize|p2a: Great Tusk|Steel
|move|p2a: Great Tusk|Stealth Rock|p1a: Avalugg
|-sidestart|p1: Morthill|move: Stealth Rock
|
|-weather|Snowscape|[upkeep]
|upkeep
|turn|14
|
|t:|1760446860
|-end|p2a: Great Tusk|Protosynthesis|[silent]
|switch|p2a: Ogerpon|Ogerpon-Wellspring, F|100/100
|move|p1a: Avalugg|Rapid Spin|p2a: Ogerpon
|-damage|p2a: Ogerpon|82/100
|-boost|p1a: Avalugg|spe|1
|-sideend|p1: Morthill|Stealth Rock|[from] move: Rapid Spin|[of] p1a: Avalugg
|
|-weather|Snowscape|[upkeep]
|upkeep
|turn|15
|
|t:|1760446865
|move|p2a: Ogerpon|Spikes|p1a: Avalugg
|-sidestart|p1: Morthill|Spikes
|move|p1a: Avalugg|Aurora Veil|p1a: Avalugg
|-sidestart|p1: Morthill|move: Aurora Veil
|
|-weather|Snowscape|[upkeep]
|upkeep
|turn|16
|
|t:|1760446870
|move|p2a: Ogerpon|Knock Off|p1a: Avalugg
|-damage|p1a: Avalugg|95/100
|-damage|p2a: Ogerpon|66/100|[from] item: Rocky Helmet|[of] p1a: Avalugg
|-enditem|p1a: Avalugg|Rocky Helmet|[from] move: Knock Off|[of] p2a: Ogerpon
|move|p1a: Avalugg|Rapid Spin|p2a: Ogerpon
|-damage|p2a: Ogerpon|47/100
|-boost|p1a: Avalugg|spe|1
|-sideend|p1: Morthill|Spikes|[from] move: Rapid Spin|[of] p1a: Avalugg
|
|-weather|Snowscape|[upkeep]
|-heal|p1a: Avalugg|100/100|[from] ability: Ice Body
|upkeep
|turn|17
|
|t:|1760446876
|move|p2a: Ogerpon|Spikes|p1a: Avalugg
|-sidestart|p1: Morthill|Spikes
|move|p1a: Avalugg|Rapid Spin|p2a: Ogerpon
|-damage|p2a: Ogerpon|30/100
|-boost|p1a: Avalugg|spe|1
|-sideend|p1: Morthill|Spikes|[from] move: Rapid Spin|[of] p1a: Avalugg
|
|-weather|Snowscape|[upkeep]
|upkeep
|turn|18
|
|t:|1760446882
|move|p2a: Ogerpon|U-turn|p1a: Avalugg
|-damage|p1a: Avalugg|97/100
|
|t:|1760446883
|switch|p2a: Arcanine|Arcanine-Hisui, M|100/100|[from] U-turn
|move|p1a: Avalugg|Body Press|p2a: Arcanine
|-supereffective|p2a: Arcanine
|-damage|p2a: Arcanine|7/100
|
|-weather|none
|upkeep
|turn|19
|
|t:|1760446888
|move|p2a: Arcanine|Flare Blitz|p1a: Avalugg
|-supereffective|p1a: Avalugg
|-damage|p1a: Avalugg|62/100
|-status|p1a: Avalugg|brn
|move|p1a: Avalugg|Body Press|p2a: Arcanine
|-supereffective|p2a: Arcanine
|-damage|p2a: Arcanine|0 fnt
|faint|p2a: Arcanine
|
|-damage|p1a: Avalugg|56/100 brn|[from] brn
|-sideend|p1: Morthill|move: Aurora Veil
|upkeep
|
|t:|1760446892
|switch|p2a: Darkrai|Darkrai|87/100
|turn|20
|
|t:|1760446902
|move|p2a: Darkrai|Dark Pulse|p1a: Avalugg
|-damage|p1a: Avalugg|0 fnt
|faint|p1a: Avalugg
|
|upkeep
|
|t:|1760446908
|switch|p1a: Cetitan|Cetitan, M, shiny|100/100
|turn|21
|
|t:|1760446918
|switch|p2a: Great Tusk|Great Tusk, tera:Steel|77/100
|move|p1a: Cetitan|Superpower|p2a: Great Tusk
|-supereffective|p2a: Great Tusk
|-damage|p2a: Great Tusk|17/100
|-unboost|p1a: Cetitan|atk|1
|-unboost|p1a: Cetitan|def|1
|-damage|p1a: Cetitan|84/100|[from] item: Rocky Helmet|[of] p2a: Great Tusk
|
|upkeep
|turn|22
|
|t:|1760446933
|switch|p1a: Kyurem|Kyurem, shiny|100/100
|-ability|p1a: Kyurem|Pressure
|move|p2a: Great Tusk|Stealth Rock|p1a: Kyurem
|-sidestart|p1: Morthill|move: Stealth Rock
|
|upkeep
|turn|23
|
|t:|1760446938
|move|p2a: Great Tusk|Headlong Rush|p1a: Kyurem
|-damage|p1a: Kyurem|38/100
|-unboost|p2a: Great Tusk|def|1
|-unboost|p2a: Great Tusk|spd|1
|move|p1a: Kyurem|Earth Power|p2a: Great Tusk
|-supereffective|p2a: Great Tusk
|-damage|p2a: Great Tusk|0 fnt
|faint|p2a: Great Tusk
|-end|p2a: Great Tusk|Protosynthesis|[silent]
|
|upkeep
|
|t:|1760446942
|switch|p2a: Darkrai|Darkrai|87/100
|turn|24
|
|t:|1760446949
|move|p2a: Darkrai|Dark Pulse|p1a: Kyurem
|-crit|p1a: Kyurem
|-damage|p1a: Kyurem|0 fnt
|faint|p1a: Kyurem
|
|upkeep
|
|t:|1760446951
|switch|p1a: Frosmoth|Frosmoth, M, shiny, tera:Ground|31/100
|turn|25
|
|t:|1760446958
|move|p2a: Darkrai|Dark Pulse|p1a: Frosmoth
|-damage|p1a: Frosmoth|11/100
|move|p1a: Frosmoth|Giga Drain|p2a: Darkrai
|-damage|p2a: Darkrai|52/100
|-heal|p1a: Frosmoth|28/100|[from] drain|[of] p2a: Darkrai
|
|upkeep
|turn|26
|
|t:|1760446965
|switch|p2a: Zapdos|Zapdos|100/100
|move|p1a: Frosmoth|Giga Drain|p2a: Zapdos
|-resisted|p2a: Zapdos
|-damage|p2a: Zapdos|88/100
|-heal|p1a: Frosmoth|36/100|[from] drain|[of] p2a: Zapdos
|
|upkeep
|turn|27
|
|t:|1760446971
|move|p2a: Zapdos|Hurricane|p1a: Frosmoth|[miss]
|-miss|p2a: Zapdos|p1a: Frosmoth
|move|p1a: Frosmoth|Quiver Dance|p1a: Frosmoth
|-boost|p1a: Frosmoth|spa|1
|-boost|p1a: Frosmoth|spd|1
|-boost|p1a: Frosmoth|spe|1
|
|upkeep
|turn|28
|
|t:|1760446975
|move|p1a: Frosmoth|Quiver Dance|p1a: Frosmoth
|-boost|p1a: Frosmoth|spa|1
|-boost|p1a: Frosmoth|spd|1
|-boost|p1a: Frosmoth|spe|1
|move|p2a: Zapdos|Hurricane|p1a: Frosmoth
|-damage|p1a: Frosmoth|26/100
|
|upkeep
|turn|29
|
|t:|1760446981
|switch|p2a: Darkrai|Darkrai|52/100
|move|p1a: Frosmoth|Quiver Dance|p1a: Frosmoth
|-boost|p1a: Frosmoth|spa|1
|-boost|p1a: Frosmoth|spd|1
|-boost|p1a: Frosmoth|spe|1
|
|upkeep
|turn|30
|
|t:|1760446983
|move|p2a: Darkrai|Trick|p1a: Frosmoth
|-activate|p2a: Darkrai|move: Trick|[of] p1a: Frosmoth
|-item|p1a: Frosmoth|Choice Scarf|[from] move: Trick
|-item|p2a: Darkrai|Heavy-Duty Boots|[from] move: Trick
|move|p1a: Frosmoth|Giga Drain|p2a: Darkrai
|-damage|p2a: Darkrai|0 fnt
|-heal|p1a: Frosmoth|50/100|[from] drain|[of] p2a: Darkrai
|faint|p2a: Darkrai
|
|upkeep
|
|t:|1760446986
|switch|p2a: Zapdos|Zapdos|88/100
|turn|31
|
|t:|1760446991
|move|p1a: Frosmoth|Giga Drain|p2a: Zapdos
|-resisted|p2a: Zapdos
|-damage|p2a: Zapdos|61/100
|-heal|p1a: Frosmoth|68/100|[from] drain|[of] p2a: Zapdos
|move|p2a: Zapdos|Hurricane|p1a: Frosmoth
|-damage|p1a: Frosmoth|60/100
|
|upkeep
|turn|32
|
|t:|1760446993
|move|p1a: Frosmoth|Giga Drain|p2a: Zapdos
|-resisted|p2a: Zapdos
|-damage|p2a: Zapdos|31/100
|-heal|p1a: Frosmoth|79/100|[from] drain|[of] p2a: Zapdos
|move|p2a: Zapdos|Roost|p2a: Zapdos
|-heal|p2a: Zapdos|81/100
|-singleturn|p2a: Zapdos|move: Roost
|
|upkeep
|turn|33
|
|t:|1760446995
|move|p1a: Frosmoth|Giga Drain|p2a: Zapdos
|-resisted|p2a: Zapdos
|-damage|p2a: Zapdos|50/100
|-heal|p1a: Frosmoth|99/100|[from] drain|[of] p2a: Zapdos
|move|p2a: Zapdos|Hurricane|p1a: Frosmoth
|-damage|p1a: Frosmoth|91/100
|
|upkeep
|turn|34
|
|t:|1760446997
|move|p1a: Frosmoth|Giga Drain|p2a: Zapdos
|-resisted|p2a: Zapdos
|-damage|p2a: Zapdos|21/100
|-heal|p1a: Frosmoth|100/100|[from] drain|[of] p2a: Zapdos
|move|p2a: Zapdos|Roost|p2a: Zapdos
|-heal|p2a: Zapdos|71/100
|-singleturn|p2a: Zapdos|move: Roost
|
|upkeep
|turn|35
|
|t:|1760446999
|move|p1a: Frosmoth|Giga Drain|p2a: Zapdos
|-resisted|p2a: Zapdos
|-damage|p2a: Zapdos|41/100
|move|p2a: Zapdos|Roost|p2a: Zapdos
|-heal|p2a: Zapdos|92/100
|-singleturn|p2a: Zapdos|move: Roost
|
|upkeep
|turn|36
|
|t:|1760447003
|move|p1a: Frosmoth|Giga Drain|p2a: Zapdos
|-resisted|p2a: Zapdos
|-damage|p2a: Zapdos|64/100
|move|p2a: Zapdos|Hurricane|p1a: Frosmoth|[miss]
|-miss|p2a: Zapdos|p1a: Frosmoth
|
|upkeep
|turn|37
|
|t:|1760447006
|move|p1a: Frosmoth|Giga Drain|p2a: Zapdos
|-resisted|p2a: Zapdos
|-damage|p2a: Zapdos|33/100
|move|p2a: Zapdos|Hurricane|p1a: Frosmoth|[miss]
|-miss|p2a: Zapdos|p1a: Frosmoth
|
|upkeep
|turn|38
|
|t:|1760447008
|move|p1a: Frosmoth|Giga Drain|p2a: Zapdos
|-resisted|p2a: Zapdos
|-damage|p2a: Zapdos|4/100
|move|p2a: Zapdos|Roost|p2a: Zapdos
|-heal|p2a: Zapdos|54/100
|-singleturn|p2a: Zapdos|move: Roost
|
|upkeep
|turn|39
|
|t:|1760447010
|move|p1a: Frosmoth|Giga Drain|p2a: Zapdos
|-resisted|p2a: Zapdos
|-damage|p2a: Zapdos|24/100
|move|p2a: Zapdos|Roost|p2a: Zapdos
|-heal|p2a: Zapdos|74/100
|-singleturn|p2a: Zapdos|move: Roost
|
|upkeep
|turn|40
|
|t:|1760447012
|move|p1a: Frosmoth|Giga Drain|p2a: Zapdos
|-resisted|p2a: Zapdos
|-damage|p2a: Zapdos|46/100
|move|p2a: Zapdos|Roost|p2a: Zapdos
|-heal|p2a: Zapdos|96/100
|-singleturn|p2a: Zapdos|move: Roost
|
|upkeep
|turn|41
|
|t:|1760447017
|switch|p1a: Slowking|Slowking-Galar, M|100/100
|-damage|p1a: Slowking|88/100|[from] Stealth Rock
|move|p2a: Zapdos|Hurricane|p1a: Slowking
|-damage|p1a: Slowking|65/100
|
|upkeep
|turn|42
|
|t:|1760447020
|move|p2a: Zapdos|Hurricane|p1a: Slowking
|-damage|p1a: Slowking|38/100
|move|p1a: Slowking|Sludge Bomb|p2a: Zapdos
|-crit|p2a: Zapdos
|-damage|p2a: Zapdos|31/100
|
|upkeep
|turn|43
|
|t:|1760447026
|move|p2a: Zapdos|Roost|p2a: Zapdos
|-heal|p2a: Zapdos|81/100
|-singleturn|p2a: Zapdos|move: Roost
|move|p1a: Slowking|Sludge Bomb|p2a: Zapdos
|-damage|p2a: Zapdos|38/100
|
|upkeep
|turn|44
|
|t:|1760447032
|move|p2a: Zapdos|Volt Switch|p1a: Slowking
|-crit|p1a: Slowking
|-damage|p1a: Slowking|13/100
|
|t:|1760447035
|switch|p2a: Ogerpon|Ogerpon-Wellspring, F|30/100|[from] Volt Switch
|move|p1a: Slowking|Sludge Bomb|p2a: Ogerpon
|-supereffective|p2a: Ogerpon
|-damage|p2a: Ogerpon|0 fnt
|faint|p2a: Ogerpon
|
|upkeep
|-message|thekingthegoat forfeited.
|
|win|Morthill
|raw|Morthill's rating: 1348 &rarr; <strong>1369</strong><br />(+21 for winning)
|raw|thekingthegoat's rating: 1363 &rarr; <strong>1342</strong><br />(-21 for losing)
|l|☆thekingthegoat
|player|p2|
|l|‽Morthill
|player|p1|
