|j|☆yilang
|j|☆FortyHehees
|t:|1760328377
|gametype|singles
|player|p1|yilang|169|1456
|player|p2|FortyHehees|265|1482
|gen|9
|tier|[Gen 9] OU
|rated|
|rule|HP Percentage Mod: HP is shown in percentages
|rule|Endless Battle Clause: Forcing endless battles is banned
|rule|Species Clause: Limit one of each Pokémon
|rule|OHKO Clause: OHKO moves are banned
|rule|Evasion Items Clause: Evasion items are banned
|rule|Evasion Moves Clause: Evasion moves are banned
|rule|Evasion Abilities Clause: Evasion abilities are banned
|rule|Sleep Moves Clause: Sleep-inducing moves are banned
|clearpoke
|poke|p1|Zamazenta-*|
|poke|p1|Samurott-Hisui, F|
|poke|p1|Darkrai|
|poke|p1|Zapdos|
|poke|p1|Great Tusk|
|poke|p1|Gholdengo|
|poke|p2|Ceruledge, F|
|poke|p2|Hatterene, F|
|poke|p2|Meowscarada, F|
|poke|p2|Skarmory, M|
|poke|p2|Kyurem|
|poke|p2|Garganacl, M|
|teampreview
|inactive|Battle timer is ON: inactive players will automatically lose when time's up. (requested by FortyHehees)
|
|t:|1760328392
|teamsize|p1|6
|teamsize|p2|6
|start
|switch|p1a: 你说我是术士？|Darkrai|100/100
|switch|p2a: Meowscarada|Meowscarada, F|100/100
|turn|1
|
|t:|1760328407
|switch|p1a: 高台重装|Zapdos|100/100
|move|p2a: Meowscarada|U-turn|p1a: 高台重装
|-start|p2a: Meowscarada|typechange|Bug|[from] ability: Protean
|-resisted|p1a: 高台重装
|-damage|p1a: 高台重装|83/100
|
|t:|1760328414
|switch|p2a: Kyurem|Kyurem|100/100|[from] U-turn
|-ability|p2a: Kyurem|Pressure
|
|upkeep
|turn|2
|
|t:|1760328422
|-terastallize|p2a: Kyurem|Ice
|move|p2a: Kyurem|Ice Beam|p1a: 高台重装
|-supereffective|p1a: 高台重装
|-damage|p1a: 高台重装|0 fnt
|faint|p1a: 高台重装
|
|upkeep
|
|t:|1760328428
|switch|p1a: ou指定先锋|Samurott-Hisui, F|100/100
|turn|3
|
|t:|1760328434
|switch|p2a: Skarmory|Skarmory, M|100/100
|move|p1a: ou指定先锋|Ceaseless Edge|p2a: Skarmory
|-damage|p2a: Skarmory|65/100
|-damage|p1a: ou指定先锋|84/100|[from] item: Rocky Helmet|[of] p2a: Skarmory
|-sidestart|p2: FortyHehees|Spikes
|
|upkeep
|turn|4
|
|t:|1760328446
|move|p1a: ou指定先锋|Ceaseless Edge|p2a: Skarmory
|-damage|p2a: Skarmory|34/100
|-damage|p1a: ou指定先锋|67/100|[from] item: Rocky Helmet|[of] p2a: Skarmory
|-sidestart|p2: FortyHehees|Spikes
|move|p2a: Skarmory|Roost|p2a: Skarmory
|-heal|p2a: Skarmory|84/100
|-singleturn|p2a: Skarmory|move: Roost
|
|upkeep
|turn|5
|
|t:|1760328454
|move|p1a: ou指定先锋|Razor Shell|p2a: Skarmory
|-damage|p2a: Skarmory|46/100
|-damage|p1a: ou指定先锋|51/100|[from] item: Rocky Helmet|[of] p2a: Skarmory
|move|p2a: Skarmory|Spikes|p1a: ou指定先锋
|-sidestart|p1: yilang|Spikes
|
|upkeep
|turn|6
|
|t:|1760328463
|move|p1a: ou指定先锋|Ceaseless Edge|p2a: Skarmory
|-damage|p2a: Skarmory|12/100
|-damage|p1a: ou指定先锋|34/100|[from] item: Rocky Helmet|[of] p2a: Skarmory
|-sidestart|p2: FortyHehees|Spikes
|move|p2a: Skarmory|Roost|p2a: Skarmory
|-heal|p2a: Skarmory|62/100
|-singleturn|p2a: Skarmory|move: Roost
|
|upkeep
|turn|7
|
|t:|1760328469
|switch|p1a: 你说我是术士？|Darkrai|100/100
|move|p2a: Skarmory|Roost|p2a: Skarmory
|-heal|p2a: Skarmory|100/100
|-singleturn|p2a: Skarmory|move: Roost
|
|upkeep
|turn|8
|
|t:|1760328478
|move|p1a: 你说我是术士？|Dark Pulse|p2a: Skarmory
|-damage|p2a: Skarmory|56/100
|move|p2a: Skarmory|Body Press|p1a: 你说我是术士？
|-supereffective|p1a: 你说我是术士？
|-damage|p1a: 你说我是术士？|38/100
|
|upkeep
|turn|9
|
|t:|1760328493
|switch|p1a: 地面工具人但是有钱|Gholdengo|100/100
|-item|p1a: 地面工具人但是有钱|Air Balloon
|move|p2a: Skarmory|Roost|p2a: Skarmory
|-heal|p2a: Skarmory|100/100
|-singleturn|p2a: Skarmory|move: Roost
|
|upkeep
|turn|10
|
|t:|1760328508
|switch|p2a: Meowscarada|Meowscarada, F|100/100
|move|p1a: 地面工具人但是有钱|Thunder Wave|p2a: Meowscarada
|-status|p2a: Meowscarada|par
|
|upkeep
|turn|11
|
|t:|1760328517
|move|p1a: 地面工具人但是有钱|Recover||[still]
|-fail|p1a: 地面工具人但是有钱|heal
|cant|p2a: Meowscarada|par
|
|upkeep
|turn|12
|
|t:|1760328525
|switch|p1a: 地面工具人|Great Tusk|100/100
|move|p2a: Meowscarada|Knock Off|p1a: 地面工具人
|-start|p2a: Meowscarada|typechange|Dark|[from] ability: Protean
|-resisted|p1a: 地面工具人
|-damage|p1a: 地面工具人|85/100
|-enditem|p1a: 地面工具人|Heavy-Duty Boots|[from] move: Knock Off|[of] p2a: Meowscarada
|
|upkeep
|turn|13
|
|t:|1760328540
|switch|p2a: Skarmory|Skarmory, M|100/100
|move|p1a: 地面工具人|Close Combat|p2a: Skarmory
|-damage|p2a: Skarmory|58/100
|-unboost|p1a: 地面工具人|def|1
|-unboost|p1a: 地面工具人|spd|1
|-damage|p1a: 地面工具人|68/100|[from] item: Rocky Helmet|[of] p2a: Skarmory
|
|upkeep
|turn|14
|
|t:|1760328546
|move|p1a: 地面工具人|Close Combat|p2a: Skarmory
|-damage|p2a: Skarmory|13/100
|-unboost|p1a: 地面工具人|def|1
|-unboost|p1a: 地面工具人|spd|1
|-damage|p1a: 地面工具人|52/100|[from] item: Rocky Helmet|[of] p2a: Skarmory
|move|p2a: Skarmory|Roost|p2a: Skarmory
|-heal|p2a: Skarmory|63/100
|-singleturn|p2a: Skarmory|move: Roost
|
|upkeep
|turn|15
|
|t:|1760328555
|move|p1a: 地面工具人|Close Combat|p2a: Skarmory
|-damage|p2a: Skarmory|19/100
|-unboost|p1a: 地面工具人|def|1
|-unboost|p1a: 地面工具人|spd|1
|-damage|p1a: 地面工具人|35/100|[from] item: Rocky Helmet|[of] p2a: Skarmory
|move|p2a: Skarmory|Roost|p2a: Skarmory
|-heal|p2a: Skarmory|69/100
|-singleturn|p2a: Skarmory|move: Roost
|
|upkeep
|turn|16
|
|t:|1760328571
|-end|p1a: 地面工具人|Protosynthesis|[silent]
|switch|p1a: 地面工具人但是有钱|Gholdengo|100/100
|-item|p1a: 地面工具人但是有钱|Air Balloon
|switch|p2a: Ceruledge|Ceruledge, F|100/100
|
|upkeep
|turn|17
|
|t:|1760328584
|move|p2a: Ceruledge|Poltergeist|p1a: 地面工具人但是有钱
|-activate|p1a: 地面工具人但是有钱|move: Poltergeist|Air Balloon
|-supereffective|p1a: 地面工具人但是有钱
|-damage|p1a: 地面工具人但是有钱|24/100
|-enditem|p1a: 地面工具人但是有钱|Air Balloon
|move|p1a: 地面工具人但是有钱|Thunder Wave|p2a: Ceruledge
|-status|p2a: Ceruledge|par
|
|upkeep
|turn|18
|
|t:|1760328601
|switch|p1a: ou指定先锋|Samurott-Hisui, F|34/100
|move|p2a: Ceruledge|Shadow Sneak|p1a: ou指定先锋
|-resisted|p1a: ou指定先锋
|-damage|p1a: ou指定先锋|23/100
|
|upkeep
|turn|19
|
|t:|1760328613
|switch|p2a: Skarmory|Skarmory, M|69/100
|move|p1a: ou指定先锋|Razor Shell|p2a: Skarmory
|-damage|p2a: Skarmory|27/100
|-damage|p1a: ou指定先锋|6/100|[from] item: Rocky Helmet|[of] p2a: Skarmory
|
|upkeep
|turn|20
|
|t:|1760328623
|switch|p2a: Meowscarada|Meowscarada, F|100/100 par
|move|p1a: ou指定先锋|Razor Shell|p2a: Meowscarada
|-resisted|p2a: Meowscarada
|-damage|p2a: Meowscarada|56/100 par
|
|upkeep
|turn|21
|
|t:|1760328627
|move|p2a: Meowscarada|Sucker Punch|p1a: ou指定先锋
|-start|p2a: Meowscarada|typechange|Dark|[from] ability: Protean
|-resisted|p1a: ou指定先锋
|-damage|p1a: ou指定先锋|0 fnt
|faint|p1a: ou指定先锋
|
|upkeep
|
|t:|1760328633
|switch|p1a: 地面工具人但是有钱|Gholdengo|24/100
|-damage|p1a: 地面工具人但是有钱|12/100|[from] Spikes
|turn|22
|
|t:|1760328637
|move|p1a: 地面工具人但是有钱|Recover|p1a: 地面工具人但是有钱
|-heal|p1a: 地面工具人但是有钱|62/100
|move|p2a: Meowscarada|Knock Off|p1a: 地面工具人但是有钱
|-supereffective|p1a: 地面工具人但是有钱
|-damage|p1a: 地面工具人但是有钱|18/100
|
|upkeep
|turn|23
|
|t:|1760328648
|move|p1a: 地面工具人但是有钱|Recover|p1a: 地面工具人但是有钱
|-heal|p1a: 地面工具人但是有钱|68/100
|move|p2a: Meowscarada|U-turn|p1a: 地面工具人但是有钱
|-resisted|p1a: 地面工具人但是有钱
|-damage|p1a: 地面工具人但是有钱|64/100
|
|t:|1760328665
|switch|p2a: Kyurem|Kyurem, tera:Ice|100/100|[from] U-turn
|-damage|p2a: Kyurem|76/100|[from] Spikes
|-ability|p2a: Kyurem|Pressure
|
|upkeep
|turn|24
|
|t:|1760328672
|-terastallize|p1a: 地面工具人但是有钱|Flying
|move|p2a: Kyurem|Earth Power|p1a: 地面工具人但是有钱
|-immune|p1a: 地面工具人但是有钱
|move|p1a: 地面工具人但是有钱|Thunder Wave|p2a: Kyurem
|-status|p2a: Kyurem|par
|
|upkeep
|turn|25
|
|t:|1760328690
|switch|p2a: Skarmory|Skarmory, M|27/100
|move|p1a: 地面工具人但是有钱|Recover|p1a: 地面工具人但是有钱
|-heal|p1a: 地面工具人但是有钱|100/100
|
|upkeep
|turn|26
|
|t:|1760328698
|move|p1a: 地面工具人但是有钱|Hex|p2a: Skarmory
|-crit|p2a: Skarmory
|-damage|p2a: Skarmory|0 fnt
|faint|p2a: Skarmory
|
|upkeep
|
|t:|1760328702
|switch|p2a: Kyurem|Kyurem, tera:Ice|76/100 par
|-damage|p2a: Kyurem|51/100 par|[from] Spikes
|-ability|p2a: Kyurem|Pressure
|turn|27
|
|t:|1760328711
|move|p1a: 地面工具人但是有钱|Hex|p2a: Kyurem
|-damage|p2a: Kyurem|0 fnt
|faint|p2a: Kyurem
|
|upkeep
|
|t:|1760328717
|switch|p2a: Garganacl|Garganacl, M|100/100
|-damage|p2a: Garganacl|75/100|[from] Spikes
|turn|28
|
|t:|1760328721
|move|p1a: 地面工具人但是有钱|Make It Rain|p2a: Garganacl
|-supereffective|p2a: Garganacl
|-damage|p2a: Garganacl|5/100
|-unboost|p1a: 地面工具人但是有钱|spa|1
|move|p2a: Garganacl|Salt Cure|p1a: 地面工具人但是有钱
|-supereffective|p1a: 地面工具人但是有钱
|-damage|p1a: 地面工具人但是有钱|81/100
|-start|p1a: 地面工具人但是有钱|Salt Cure
|
|-heal|p2a: Garganacl|11/100|[from] item: Leftovers
|-damage|p1a: 地面工具人但是有钱|68/100|[from] Salt Cure
|upkeep
|turn|29
|
|t:|1760328732
|move|p1a: 地面工具人但是有钱|Make It Rain|p2a: Garganacl
|-supereffective|p2a: Garganacl
|-damage|p2a: Garganacl|0 fnt
|-unboost|p1a: 地面工具人但是有钱|spa|1
|faint|p2a: Garganacl
|
|-damage|p1a: 地面工具人但是有钱|56/100|[from] Salt Cure
|upkeep
|
|t:|1760328739
|switch|p2a: Hatterene|Hatterene, F|100/100
|-damage|p2a: Hatterene|76/100|[from] Spikes
|turn|30
|
|t:|1760328746
|switch|p1a: 你说我是术士？|Darkrai|38/100
|move|p2a: Hatterene|Calm Mind|p2a: Hatterene
|-boost|p2a: Hatterene|spa|1
|-boost|p2a: Hatterene|spd|1
|
|-heal|p2a: Hatterene|82/100|[from] item: Leftovers
|upkeep
|turn|31
|
|t:|1760328751
|move|p1a: 你说我是术士？|Sludge Bomb|p2a: Hatterene
|-supereffective|p2a: Hatterene
|-damage|p2a: Hatterene|38/100
|move|p2a: Hatterene|Draining Kiss|p1a: 你说我是术士？
|-supereffective|p1a: 你说我是术士？
|-damage|p1a: 你说我是术士？|0 fnt
|-heal|p2a: Hatterene|66/100|[from] drain|[of] p1a: 你说我是术士？
|faint|p1a: 你说我是术士？
|
|-heal|p2a: Hatterene|72/100|[from] item: Leftovers
|upkeep
|
|t:|1760328754
|switch|p1a: 地面工具人|Great Tusk|35/100
|-damage|p1a: 地面工具人|23/100|[from] Spikes
|turn|32
|
|t:|1760328759
|move|p1a: 地面工具人|Headlong Rush|p2a: Hatterene
|-damage|p2a: Hatterene|23/100
|-unboost|p1a: 地面工具人|def|1
|-unboost|p1a: 地面工具人|spd|1
|move|p2a: Hatterene|Draining Kiss|p1a: 地面工具人
|-supereffective|p1a: 地面工具人
|-damage|p1a: 地面工具人|0 fnt
|-heal|p2a: Hatterene|42/100|[from] drain|[of] p1a: 地面工具人
|faint|p1a: 地面工具人
|-end|p1a: 地面工具人|Protosynthesis|[silent]
|
|-heal|p2a: Hatterene|48/100|[from] item: Leftovers
|upkeep
|
|t:|1760328764
|switch|p1a: 地面工具人但是有钱|Gholdengo, tera:Flying|56/100
|turn|33
|
|t:|1760328781
|move|p1a: 地面工具人但是有钱|Make It Rain|p2a: Hatterene
|-supereffective|p2a: Hatterene
|-damage|p2a: Hatterene|0 fnt
|-unboost|p1a: 地面工具人但是有钱|spa|1
|faint|p2a: Hatterene
|
|upkeep
|
|t:|1760328787
|switch|p2a: Ceruledge|Ceruledge, F|100/100 par
|turn|34
|
|t:|1760328795
|move|p1a: 地面工具人但是有钱|Hex|p2a: Ceruledge
|-supereffective|p2a: Ceruledge
|-damage|p2a: Ceruledge|11/100 par
|move|p2a: Ceruledge|Swords Dance|p2a: Ceruledge
|-boost|p2a: Ceruledge|atk|2
|
|upkeep
|turn|35
|
|t:|1760328802
|move|p2a: Ceruledge|Shadow Sneak|p1a: 地面工具人但是有钱
|-damage|p1a: 地面工具人但是有钱|29/100
|move|p1a: 地面工具人但是有钱|Recover|p1a: 地面工具人但是有钱
|-heal|p1a: 地面工具人但是有钱|80/100
|
|upkeep
|turn|36
|
|t:|1760328808
|move|p2a: Ceruledge|Shadow Sneak|p1a: 地面工具人但是有钱
|-damage|p1a: 地面工具人但是有钱|49/100
|move|p1a: 地面工具人但是有钱|Hex|p2a: Ceruledge
|-supereffective|p2a: Ceruledge
|-damage|p2a: Ceruledge|0 fnt
|faint|p2a: Ceruledge
|
|upkeep
|
|t:|1760328813
|switch|p2a: Meowscarada|Meowscarada, F|56/100 par
|turn|37
|c|☆yilang|gg
|c|☆FortyHehees|damn bro i heard this thunderwave gold shit was broken but damn shoulve hat
|inactive|FortyHehees has 120 seconds left.
|
|t:|1760328849
|switch|p1a: 七星重装|Zamazenta|100/100
|-damage|p1a: 七星重装|88/100|[from] Spikes
|-ability|p1a: 七星重装|Dauntless Shield|boost
|-boost|p1a: 七星重装|def|1
|cant|p2a: Meowscarada|par
|
|-heal|p1a: 七星重装|94/100|[from] item: Leftovers
|upkeep
|turn|38
|inactive|FortyHehees has 120 seconds left.
|inactive|yilang has 120 seconds left.
|c|☆yilang|yeah gholdengo brokes  Ou
|
|t:|1760328886
|move|p1a: 七星重装|Body Press|p2a: Meowscarada
|-supereffective|p2a: Meowscarada
|-damage|p2a: Meowscarada|0 fnt
|faint|p2a: Meowscarada
|
|win|yilang
|raw|yilang's rating: 1456 &rarr; <strong>1477</strong><br />(+21 for winning)
|raw|FortyHehees's rating: 1482 &rarr; <strong>1461</strong><br />(-21 for losing)
|c|☆yilang|sorry
|c|☆FortyHehees|gg
|l|☆yilang
|player|p1|
|l|☆FortyHehees
|player|p2|
