|j|☆malpicatepica
|j|☆xZick
|t:|1760325839
|gametype|singles
|player|p1|malpicatepica|102|1402
|player|p2|xZick|whitney-masters|1445
|gen|9
|tier|[Gen 9] OU
|rated|
|rule|HP Percentage Mod: HP is shown in percentages
|rule|Endless Battle Clause: Forcing endless battles is banned
|rule|Species Clause: Limit one of each Pokémon
|rule|OHKO Clause: OHKO moves are banned
|rule|Evasion Items Clause: Evasion items are banned
|rule|Evasion Moves Clause: Evasion moves are banned
|rule|Evasion Abilities Clause: Evasion abilities are banned
|rule|Sleep Moves Clause: Sleep-inducing moves are banned
|clearpoke
|poke|p1|Great Tusk|
|poke|p1|Muk-Alola, M|
|poke|p1|Houndstone, M|
|poke|p1|Kyurem|
|poke|p1|Landorus-Therian, M|
|poke|p1|Slowking-Galar, F|
|poke|p2|Iron Valiant|
|poke|p2|Scizor, M|
|poke|p2|Darkrai|
|poke|p2|Samurott-Hisui, F|
|poke|p2|Ogerpon-Wellspring, F|
|poke|p2|Kingambit, M|
|teampreview
|inactive|Battle timer is ON: inactive players will automatically lose when time's up. (requested by xZick)
|
|t:|1760325853
|teamsize|p1|6
|teamsize|p2|6
|start
|switch|p1a: Kyurem|Kyurem|100/100
|switch|p2a: Darkrai|Darkrai|100/100
|-ability|p1a: Kyurem|Pressure
|turn|1
|
|t:|1760325870
|switch|p1a: Muk|Muk-Alola, M|100/100
|move|p2a: Darkrai|Focus Blast|p1a: Muk
|-damage|p1a: Muk|80/100
|
|upkeep
|turn|2
|
|t:|1760325897
|switch|p2a: Samurott|Samurott-Hisui, F, shiny|100/100
|move|p1a: Muk|Knock Off|p2a: Samurott
|-resisted|p2a: Samurott
|-damage|p2a: Samurott|76/100
|-enditem|p2a: Samurott|Focus Sash|[from] move: Knock Off|[of] p1a: Muk
|
|upkeep
|turn|3
|
|t:|1760325903
|move|p2a: Samurott|Razor Shell|p1a: Muk
|-damage|p1a: Muk|28/100
|-unboost|p1a: Muk|def|1
|move|p1a: Muk|Drain Punch|p2a: Samurott
|-supereffective|p2a: Samurott
|-damage|p2a: Samurott|21/100
|-heal|p1a: Muk|50/100|[from] drain|[of] p2a: Samurott
|
|upkeep
|turn|4
|
|t:|1760325911
|switch|p1a: Landorus|Landorus-Therian, M|100/100
|-ability|p1a: Landorus|Intimidate|boost
|-unboost|p2a: Samurott|atk|1
|move|p2a: Samurott|Razor Shell|p1a: Landorus
|-supereffective|p1a: Landorus
|-damage|p1a: Landorus|38/100
|-unboost|p1a: Landorus|def|1
|-damage|p2a: Samurott|5/100|[from] item: Rocky Helmet|[of] p1a: Landorus
|
|upkeep
|turn|5
|
|t:|1760325918
|move|p2a: Samurott|Aqua Jet|p1a: Landorus
|-supereffective|p1a: Landorus
|-damage|p1a: Landorus|2/100
|-damage|p2a: Samurott|0 fnt|[from] item: Rocky Helmet|[of] p1a: Landorus
|faint|p2a: Samurott
|move|p1a: Landorus|Stealth Rock|p2: Samurott
|-sidestart|p2: xZick|move: Stealth Rock
|
|upkeep
|
|t:|1760325926
|switch|p2a: Scizor|Scizor, M|100/100
|-damage|p2a: Scizor|88/100|[from] Stealth Rock
|turn|6
|
|t:|1760325931
|switch|p1a: Houndstone|Houndstone, M|100/100
|move|p2a: Scizor|Bullet Punch|p1a: Houndstone
|-damage|p1a: Houndstone|74/100
|
|upkeep
|turn|7
|
|t:|1760325936
|move|p2a: Scizor|Bullet Punch|p1a: Houndstone
|-crit|p1a: Houndstone
|-damage|p1a: Houndstone|34/100
|move|p1a: Houndstone|Will-O-Wisp|p2a: Scizor
|-status|p2a: Scizor|brn
|
|-damage|p2a: Scizor|82/100 brn|[from] brn
|upkeep
|turn|8
|
|t:|1760325942
|switch|p1a: Great Tusk|Great Tusk|100/100
|-terastallize|p2a: Scizor|Steel
|move|p2a: Scizor|Bullet Punch|p1a: Great Tusk
|-damage|p1a: Great Tusk|73/100
|
|-damage|p2a: Scizor|76/100 brn|[from] brn
|upkeep
|turn|9
|
|t:|1760325948
|switch|p2a: Ogerpon|Ogerpon-Wellspring, F|100/100
|-damage|p2a: Ogerpon|88/100|[from] Stealth Rock
|move|p1a: Great Tusk|Knock Off|p2a: Ogerpon
|-damage|p2a: Ogerpon|64/100
|
|upkeep
|turn|10
|
|t:|1760325955
|-end|p1a: Great Tusk|Protosynthesis|[silent]
|switch|p1a: Houndstone|Houndstone, M|34/100
|move|p2a: Ogerpon|Swords Dance|p2a: Ogerpon
|-boost|p2a: Ogerpon|atk|2
|
|upkeep
|turn|11
|
|t:|1760325960
|move|p1a: Houndstone|Destiny Bond|p1a: Houndstone
|-singlemove|p1a: Houndstone|Destiny Bond
|move|p2a: Ogerpon|Ivy Cudgel|p1a: Houndstone|[anim] Ivy Cudgel Water
|-damage|p1a: Houndstone|0 fnt
|faint|p1a: Houndstone
|-activate|p1a: Houndstone|move: Destiny Bond
|faint|p2a: Ogerpon
|
|upkeep
|
|t:|1760325970
|switch|p2a: Scizor|Scizor, M, tera:Steel|76/100 brn
|switch|p1a: Landorus|Landorus-Therian, M|2/100
|-ability|p1a: Landorus|Intimidate|boost
|-unboost|p2a: Scizor|atk|1
|-damage|p2a: Scizor|70/100 brn|[from] Stealth Rock
|turn|12
|
|t:|1760325973
|switch|p1a: Great Tusk|Great Tusk|73/100
|move|p2a: Scizor|Bullet Punch|p1a: Great Tusk
|-damage|p1a: Great Tusk|57/100
|
|-damage|p2a: Scizor|64/100 brn|[from] brn
|upkeep
|turn|13
|
|t:|1760325976
|move|p2a: Scizor|Bullet Punch|p1a: Great Tusk
|-damage|p1a: Great Tusk|40/100
|move|p1a: Great Tusk|Earthquake|p2a: Scizor
|-supereffective|p2a: Scizor
|-damage|p2a: Scizor|0 fnt
|faint|p2a: Scizor
|
|upkeep
|
|t:|1760325984
|switch|p2a: Darkrai|Darkrai|100/100
|-damage|p2a: Darkrai|88/100|[from] Stealth Rock
|turn|14
|
|t:|1760325986
|-end|p1a: Great Tusk|Protosynthesis|[silent]
|switch|p1a: Muk|Muk-Alola, M|50/100
|move|p2a: Darkrai|Ice Beam|p1a: Muk
|-damage|p1a: Muk|36/100
|
|upkeep
|turn|15
|
|t:|1760326000
|switch|p2a: Iron Valiant|Iron Valiant|100/100
|-damage|p2a: Iron Valiant|94/100|[from] Stealth Rock
|-enditem|p2a: Iron Valiant|Booster Energy
|-activate|p2a: Iron Valiant|ability: Quark Drive|[fromitem]
|-start|p2a: Iron Valiant|quarkdrivespe
|move|p1a: Muk|Drain Punch|p2a: Iron Valiant
|-resisted|p2a: Iron Valiant
|-damage|p2a: Iron Valiant|81/100
|-heal|p1a: Muk|40/100|[from] drain|[of] p2a: Iron Valiant
|
|upkeep
|turn|16
|c|☆xZick|!weak muk alola
|c| xZick|/raw <div class="infobox">Muk-Alola (ignoring abilities):<br /><span class="message-effect-weak">Weaknesses</span>: Ground<br /><span class="message-effect-resist">Resistances</span>: Dark, Ghost, Grass, Poison<br /><span class="message-effect-immune">Immunities</span>: Psychic, Prankster, Toxic</div>
|
|t:|1760326027
|switch|p1a: Landorus|Landorus-Therian, M|2/100
|-ability|p1a: Landorus|Intimidate|boost
|-unboost|p2a: Iron Valiant|atk|1
|move|p2a: Iron Valiant|Moonblast|p1a: Landorus
|-damage|p1a: Landorus|0 fnt
|faint|p1a: Landorus
|
|upkeep
|
|t:|1760326031
|switch|p1a: Slowking|Slowking-Galar, F|100/100
|turn|17
|
|t:|1760326039
|move|p2a: Iron Valiant|Shadow Ball|p1a: Slowking
|-supereffective|p1a: Slowking
|-damage|p1a: Slowking|70/100
|-unboost|p1a: Slowking|spd|1
|move|p1a: Slowking|Thunder Wave|p2a: Iron Valiant
|-status|p2a: Iron Valiant|par
|
|upkeep
|turn|18
|
|t:|1760326046
|move|p2a: Iron Valiant|Shadow Ball|p1a: Slowking
|-supereffective|p1a: Slowking
|-damage|p1a: Slowking|26/100
|-unboost|p1a: Slowking|spd|1
|move|p1a: Slowking|Sludge Bomb|p2a: Iron Valiant
|-supereffective|p2a: Iron Valiant
|-crit|p2a: Iron Valiant
|-damage|p2a: Iron Valiant|0 fnt
|faint|p2a: Iron Valiant
|-end|p2a: Iron Valiant|Quark Drive|[silent]
|
|upkeep
|
|t:|1760326054
|switch|p2a: Darkrai|Darkrai|88/100
|-damage|p2a: Darkrai|76/100|[from] Stealth Rock
|turn|19
|
|t:|1760326058
|switch|p1a: Muk|Muk-Alola, M|40/100
|move|p2a: Darkrai|Dark Pulse|p1a: Muk
|-resisted|p1a: Muk
|-crit|p1a: Muk
|-damage|p1a: Muk|27/100
|
|upkeep
|turn|20
|
|t:|1760326067
|move|p2a: Darkrai|Ice Beam|p1a: Muk
|-damage|p1a: Muk|11/100
|move|p1a: Muk|Drain Punch|p2a: Darkrai
|-supereffective|p2a: Darkrai
|-damage|p2a: Darkrai|25/100
|-heal|p1a: Muk|29/100|[from] drain|[of] p2a: Darkrai
|-status|p2a: Darkrai|psn|[from] ability: Poison Touch|[of] p1a: Muk
|
|-damage|p2a: Darkrai|13/100 psn|[from] psn
|upkeep
|turn|21
|
|t:|1760326080
|move|p2a: Darkrai|Ice Beam|p1a: Muk
|-damage|p1a: Muk|14/100
|move|p1a: Muk|Drain Punch|p2a: Darkrai
|-supereffective|p2a: Darkrai
|-damage|p2a: Darkrai|0 fnt
|-heal|p1a: Muk|18/100|[from] drain|[of] p2a: Darkrai
|faint|p2a: Darkrai
|
|upkeep
|
|t:|1760326082
|switch|p2a: Kingambit|Kingambit, M|100/100
|-damage|p2a: Kingambit|94/100|[from] Stealth Rock
|-activate|p2a: Kingambit|ability: Supreme Overlord
|-start|p2a: Kingambit|fallen5|[silent]
|turn|22
|
|t:|1760326090
|move|p2a: Kingambit|Sucker Punch|p1a: Muk
|-resisted|p1a: Muk
|-damage|p1a: Muk|0 fnt
|faint|p1a: Muk
|
|-heal|p2a: Kingambit|100/100|[from] item: Leftovers
|upkeep
|
|t:|1760326095
|switch|p1a: Great Tusk|Great Tusk|40/100
|turn|23
|
|t:|1760326099
|move|p2a: Kingambit|Sucker Punch|p1a: Great Tusk
|-resisted|p1a: Great Tusk
|-damage|p1a: Great Tusk|19/100
|move|p1a: Great Tusk|Earthquake|p2a: Kingambit
|-supereffective|p2a: Kingambit
|-damage|p2a: Kingambit|26/100
|
|-heal|p2a: Kingambit|32/100|[from] item: Leftovers
|upkeep
|turn|24
|
|t:|1760326107
|move|p2a: Kingambit|Sucker Punch|p1a: Great Tusk
|-resisted|p1a: Great Tusk
|-damage|p1a: Great Tusk|0 fnt
|faint|p1a: Great Tusk
|-end|p1a: Great Tusk|Protosynthesis|[silent]
|
|-heal|p2a: Kingambit|38/100|[from] item: Leftovers
|upkeep
|
|t:|1760326109
|switch|p1a: Kyurem|Kyurem|100/100
|-ability|p1a: Kyurem|Pressure
|turn|25
|
|t:|1760326116
|switch|p1a: Slowking|Slowking-Galar, F|60/100
|move|p2a: Kingambit|Sucker Punch||[still]
|-fail|p2a: Kingambit
|
|-heal|p2a: Kingambit|44/100|[from] item: Leftovers
|upkeep
|turn|26
|
|t:|1760326121
|move|p2a: Kingambit|Swords Dance|p2a: Kingambit
|-boost|p2a: Kingambit|atk|2
|move|p1a: Slowking|Thunder Wave|p2a: Kingambit|[miss]
|-miss|p1a: Slowking|p2a: Kingambit
|
|-heal|p2a: Kingambit|51/100|[from] item: Leftovers
|upkeep
|turn|27
|
|t:|1760326127
|move|p2a: Kingambit|Iron Head|p1a: Slowking
|-damage|p1a: Slowking|0 fnt
|faint|p1a: Slowking
|
|-heal|p2a: Kingambit|57/100|[from] item: Leftovers
|upkeep
|
|t:|1760326129
|switch|p1a: Kyurem|Kyurem|100/100
|-ability|p1a: Kyurem|Pressure
|turn|28
|
|t:|1760326131
|move|p2a: Kingambit|Sucker Punch|p1a: Kyurem
|-damage|p1a: Kyurem|0 fnt
|faint|p1a: Kyurem
|
|win|xZick
|raw|malpicatepica's rating: 1381 &rarr; <strong>1365</strong><br />(-16 for losing)
|raw|xZick's rating: 1445 &rarr; <strong>1461</strong><br />(+16 for winning)
|l|☆malpicatepica
|player|p1|
