|j|☆Loomie
|j|☆trig777
|t:|1760319970
|gametype|singles
|player|p1|Loomie|acetrainer|1121
|player|p2|trig777|ghetsis-gen5bw|1063
|gen|9
|tier|[Gen 9] OU
|rated|
|rule|HP Percentage Mod: HP is shown in percentages
|rule|Endless Battle Clause: Forcing endless battles is banned
|rule|Species Clause: Limit one of each Pokémon
|rule|OHKO Clause: OHKO moves are banned
|rule|Evasion Items Clause: Evasion items are banned
|rule|Evasion Moves Clause: Evasion moves are banned
|rule|Evasion Abilities Clause: Evasion abilities are banned
|rule|Sleep Moves Clause: Sleep-inducing moves are banned
|clearpoke
|poke|p1|Umbreon, M|
|poke|p1|Wo-Chien|
|poke|p1|Probopass, M|
|poke|p1|Seviper, M|
|poke|p1|Froslass, F|
|poke|p1|Swampert, M|
|poke|p2|Gengar, M|
|poke|p2|Gyarados, M|
|poke|p2|Landorus-Therian, M|
|poke|p2|Latios, M|
|poke|p2|Umbreon, M|
|poke|p2|Metagross|
|teampreview
|inactive|Battle timer is ON: inactive players will automatically lose when time's up. (requested by trig777)
|
|t:|1760320002
|teamsize|p1|6
|teamsize|p2|6
|start
|switch|p1a: Probopass|Probopass, M|100/100
|switch|p2a: Metagross|Metagross, shiny|100/100
|turn|1
|
|t:|1760320010
|move|p2a: Metagross|Earthquake|p1a: Probopass
|-supereffective|p1a: Probopass
|-damage|p1a: Probopass|0 fnt
|faint|p1a: Probopass
|
|upkeep
|c|☆Loomie|Wrong ability
|inactive|Loomie has 120 seconds left.
|
|t:|1760320045
|switch|p1a: Umbreon|Umbreon, M|100/100
|turn|2
|
|t:|1760320059
|switch|p2a: Umbreon|Umbreon, M, shiny|100/100
|move|p1a: Umbreon|Foul Play|p2a: Umbreon
|-resisted|p2a: Umbreon
|-damage|p2a: Umbreon|90/100
|
|-heal|p2a: Umbreon|96/100|[from] item: Leftovers
|upkeep
|turn|3
|
|t:|1760320068
|-terastallize|p1a: Umbreon|Poison
|move|p1a: Umbreon|Toxic|p2a: Umbreon
|-status|p2a: Umbreon|tox
|-activate|p2a: Umbreon|ability: Synchronize
|-immune|p1a: Umbreon
|move|p2a: Umbreon|Roar|p1a: Umbreon
|drag|p1a: Seviper|Seviper, M|100/100
|
|-heal|p2a: Umbreon|100/100 tox|[from] item: Leftovers
|-damage|p2a: Umbreon|94/100 tox|[from] psn
|upkeep
|turn|4
|
|t:|1760320079
|move|p1a: Seviper|Knock Off|p2a: Umbreon
|-resisted|p2a: Umbreon
|-damage|p2a: Umbreon|86/100 tox
|-enditem|p2a: Umbreon|Leftovers|[from] move: Knock Off|[of] p1a: Seviper
|move|p2a: Umbreon|Foul Play|p1a: Seviper
|-damage|p1a: Seviper|46/100
|
|-damage|p2a: Umbreon|74/100 tox|[from] psn
|upkeep
|turn|5
|
|t:|1760320087
|switch|p1a: Umbreon|Umbreon, M, tera:Poison|100/100
|move|p2a: Umbreon|Foul Play|p1a: Umbreon
|-crit|p1a: Umbreon
|-damage|p1a: Umbreon|77/100
|
|-heal|p1a: Umbreon|83/100|[from] item: Leftovers
|-damage|p2a: Umbreon|56/100 tox|[from] psn
|upkeep
|turn|6
|
|t:|1760320099
|switch|p2a: Metagross|Metagross, shiny|100/100
|move|p1a: Umbreon|Wish|p1a: Umbreon
|
|-heal|p1a: Umbreon|89/100|[from] item: Leftovers
|upkeep
|turn|7
|
|t:|1760320113
|switch|p2a: Gyarados|Gyarados, M, shiny|100/100
|switch|p1a: Wo-Chien|Wo-Chien, shiny|100/100
|-ability|p1a: Wo-Chien|Tablets of Ruin
|
|upkeep
|turn|8
|
|t:|1760320121
|move|p2a: Gyarados|Temper Flare|p1a: Wo-Chien
|-supereffective|p1a: Wo-Chien
|-damage|p1a: Wo-Chien|47/100
|move|p1a: Wo-Chien|Stun Spore|p2a: Gyarados
|-status|p2a: Gyarados|par
|
|-heal|p1a: Wo-Chien|53/100|[from] item: Leftovers
|upkeep
|turn|9
|
|t:|1760320146
|switch|p1a: Umbreon|Umbreon, M, tera:Poison|89/100
|cant|p2a: Gyarados|par
|
|-heal|p1a: Umbreon|95/100|[from] item: Leftovers
|upkeep
|turn|10
|
|t:|1760320155
|move|p1a: Umbreon|Wish|p1a: Umbreon
|move|p2a: Gyarados|Temper Flare|p1a: Umbreon
|-damage|p1a: Umbreon|40/100
|
|-heal|p1a: Umbreon|46/100|[from] item: Leftovers
|upkeep
|turn|11
|inactive|Loomie has 120 seconds left.
|
|t:|1760320177
|move|p1a: Umbreon|Foul Play|p2a: Gyarados
|-damage|p2a: Gyarados|43/100 par
|move|p2a: Gyarados|Temper Flare|p1a: Umbreon
|-damage|p1a: Umbreon|16/100
|
|-heal|p1a: Umbreon|66/100|[from] move: Wish|[wisher] Umbreon
|-heal|p1a: Umbreon|73/100|[from] item: Leftovers
|upkeep
|turn|12
|
|t:|1760320187
|move|p1a: Umbreon|Foul Play|p2a: Gyarados
|-damage|p2a: Gyarados|0 fnt
|faint|p2a: Gyarados
|
|-heal|p1a: Umbreon|79/100|[from] item: Leftovers
|upkeep
|
|t:|1760320195
|switch|p2a: Landorus|Landorus-Therian, M, shiny|100/100
|-ability|p2a: Landorus|Intimidate|boost
|-unboost|p1a: Umbreon|atk|1
|turn|13
|
|t:|1760320204
|switch|p1a: Wo-Chien|Wo-Chien, shiny|53/100
|-ability|p1a: Wo-Chien|Tablets of Ruin
|move|p2a: Landorus|Earthquake|p1a: Wo-Chien
|-resisted|p1a: Wo-Chien
|-damage|p1a: Wo-Chien|20/100
|
|-heal|p1a: Wo-Chien|26/100|[from] item: Leftovers
|upkeep
|turn|14
|
|t:|1760320217
|move|p2a: Landorus|Earthquake|p1a: Wo-Chien
|-resisted|p1a: Wo-Chien
|-damage|p1a: Wo-Chien|0 fnt
|faint|p1a: Wo-Chien
|
|upkeep
|
|t:|1760320225
|switch|p1a: Froslass|Froslass, F|100/100
|turn|15
|
|t:|1760320238
|switch|p2a: Umbreon|Umbreon, M, shiny|56/100 tox
|move|p1a: Froslass|Blizzard|p2a: Umbreon|[miss]
|-miss|p1a: Froslass|p2a: Umbreon
|
|-damage|p2a: Umbreon|50/100 tox|[from] psn
|upkeep
|turn|16
|
|t:|1760320248
|switch|p1a: Umbreon|Umbreon, M, tera:Poison|79/100
|move|p2a: Umbreon|Roar|p1a: Umbreon
|drag|p1a: Seviper|Seviper, M|46/100
|
|-damage|p2a: Umbreon|38/100 tox|[from] psn
|upkeep
|turn|17
|
|t:|1760320255
|switch|p1a: Umbreon|Umbreon, M, tera:Poison|79/100
|move|p2a: Umbreon|Foul Play|p1a: Umbreon
|-damage|p1a: Umbreon|64/100
|
|-heal|p1a: Umbreon|70/100|[from] item: Leftovers
|-damage|p2a: Umbreon|20/100 tox|[from] psn
|upkeep
|turn|18
|
|t:|1760320266
|move|p1a: Umbreon|Wish|p1a: Umbreon
|move|p2a: Umbreon|Roar|p1a: Umbreon
|drag|p1a: Seviper|Seviper, M|46/100
|
|-damage|p2a: Umbreon|0 fnt|[from] psn
|faint|p2a: Umbreon
|upkeep
|inactive|trig777 has 120 seconds left.
|
|t:|1760320297
|switch|p2a: Latios|Latios, M, shiny|100/100
|turn|19
|
|t:|1760320318
|move|p1a: Seviper|Knock Off|p2a: Latios
|-supereffective|p2a: Latios
|-damage|p2a: Latios|50/100
|-enditem|p2a: Latios|Choice Specs|[from] move: Knock Off|[of] p1a: Seviper
|move|p2a: Latios|Earthquake|p1a: Seviper
|-supereffective|p1a: Seviper
|-damage|p1a: Seviper|0 fnt
|faint|p1a: Seviper
|
|upkeep
|
|t:|1760320327
|switch|p1a: Froslass|Froslass, F|100/100
|turn|20
|
|t:|1760320342
|switch|p2a: Metagross|Metagross, shiny|100/100
|move|p1a: Froslass|Shadow Ball|p2a: Metagross
|-supereffective|p2a: Metagross
|-damage|p2a: Metagross|30/100
|
|upkeep
|turn|21
|
|t:|1760320367
|switch|p1a: Swampert|Swampert, M|100/100
|move|p2a: Metagross|Bullet Punch|p1a: Swampert
|-resisted|p1a: Swampert
|-damage|p1a: Swampert|89/100
|
|upkeep
|turn|22
|
|t:|1760320375
|move|p2a: Metagross|Knock Off|p1a: Swampert
|-damage|p1a: Swampert|52/100
|-enditem|p1a: Swampert|Chesto Berry|[from] move: Knock Off|[of] p2a: Metagross
|move|p1a: Swampert|Ice Punch|p2a: Metagross
|-resisted|p2a: Metagross
|-damage|p2a: Metagross|19/100
|
|upkeep
|turn|23
|
|t:|1760320383
|move|p2a: Metagross|Earthquake|p1a: Swampert
|-damage|p1a: Swampert|13/100
|move|p1a: Swampert|Flip Turn|p2a: Metagross
|-damage|p2a: Metagross|0 fnt
|faint|p2a: Metagross
|
|t:|1760320389
|switch|p1a: Froslass|Froslass, F|100/100|[from] Flip Turn
|
|upkeep
|inactive|trig777 has 120 seconds left.
|inactive|trig777 has 90 seconds left.
|inactive|trig777 has 60 seconds left.
|
|t:|1760320480
|switch|p2a: Gengar|Gengar, M, shiny|100/100
|turn|24
|
|t:|1760320495
|switch|p1a: Umbreon|Umbreon, M, tera:Poison|70/100
|move|p2a: Gengar|Shadow Ball|p1a: Umbreon
|-damage|p1a: Umbreon|46/100
|
|-heal|p1a: Umbreon|52/100|[from] item: Leftovers
|upkeep
|turn|25
|
|t:|1760320504
|switch|p2a: Latios|Latios, M, shiny|50/100
|move|p1a: Umbreon|Wish|p1a: Umbreon
|
|-heal|p1a: Umbreon|58/100|[from] item: Leftovers
|upkeep
|turn|26
|
|t:|1760320512
|move|p1a: Umbreon|Protect|p1a: Umbreon
|-singleturn|p1a: Umbreon|Protect
|move|p2a: Latios|Dragon Pulse|p1a: Umbreon
|-activate|p1a: Umbreon|move: Protect
|
|-heal|p1a: Umbreon|100/100|[from] move: Wish|[wisher] Umbreon
|upkeep
|turn|27
|
|t:|1760320523
|move|p2a: Latios|Dragon Pulse|p1a: Umbreon
|-damage|p1a: Umbreon|74/100
|move|p1a: Umbreon|Foul Play|p2a: Latios
|-supereffective|p2a: Latios
|-crit|p2a: Latios
|-damage|p2a: Latios|0 fnt
|faint|p2a: Latios
|
|-heal|p1a: Umbreon|80/100|[from] item: Leftovers
|upkeep
|
|t:|1760320534
|switch|p2a: Landorus|Landorus-Therian, M, shiny|100/100
|-ability|p2a: Landorus|Intimidate|boost
|-unboost|p1a: Umbreon|atk|1
|turn|28
|
|t:|1760320538
|switch|p1a: Swampert|Swampert, M|13/100
|move|p2a: Landorus|Earthquake|p1a: Swampert
|-damage|p1a: Swampert|0 fnt
|faint|p1a: Swampert
|
|upkeep
|
|t:|1760320542
|switch|p1a: Froslass|Froslass, F|100/100
|turn|29
|
|t:|1760320546
|move|p1a: Froslass|Blizzard|p2a: Landorus
|-supereffective|p2a: Landorus
|-damage|p2a: Landorus|0 fnt
|faint|p2a: Landorus
|
|upkeep
|
|t:|1760320550
|switch|p2a: Gengar|Gengar, M, shiny|100/100
|turn|30
|
|t:|1760320557
|move|p2a: Gengar|Shadow Ball|p1a: Froslass
|-supereffective|p1a: Froslass
|-damage|p1a: Froslass|0 fnt
|-start|p2a: Gengar|Disable|Shadow Ball|[from] ability: Cursed Body|[of] p1a: Froslass
|faint|p1a: Froslass
|
|upkeep
|
|t:|1760320562
|switch|p1a: Umbreon|Umbreon, M, tera:Poison|80/100
|turn|31
|
|t:|1760320565
|-activate|p2a: Gengar|move: Struggle
|move|p2a: Gengar|Struggle|p1a: Umbreon
|-damage|p1a: Umbreon|76/100
|-damage|p2a: Gengar|76/100|[from] recoil
|move|p1a: Umbreon|Foul Play|p2a: Gengar
|-supereffective|p2a: Gengar
|-damage|p2a: Gengar|14/100
|-start|p1a: Umbreon|Disable|Foul Play|[from] ability: Cursed Body|[of] p2a: Gengar
|
|-heal|p1a: Umbreon|82/100|[from] item: Leftovers
|upkeep
|turn|32
|
|t:|1760320575
|-activate|p2a: Gengar|move: Struggle
|move|p2a: Gengar|Struggle|p1a: Umbreon
|-damage|p1a: Umbreon|77/100
|-damage|p2a: Gengar|0 fnt|[from] recoil
|faint|p2a: Gengar
|
|win|Loomie
|raw|Loomie's rating: 1121 &rarr; <strong>1142</strong><br />(+21 for winning)
|raw|trig777's rating: 1063 &rarr; <strong>1047</strong><br />(-16 for losing)
|l|☆trig777
|player|p2|
|l|☆Loomie
|player|p1|
