|j|☆LimeLightPokemon
|j|☆sappaling
|t:|1760440159
|gametype|singles
|player|p1|LimeLightPokemon|medium|1262
|player|p2|sappaling|unknown|1233
|gen|9
|tier|[Gen 9] OU
|rated|
|rule|HP Percentage Mod: HP is shown in percentages
|rule|Endless Battle Clause: Forcing endless battles is banned
|rule|Species Clause: Limit one of each Pokémon
|rule|OHKO Clause: OHKO moves are banned
|rule|Evasion Items Clause: Evasion items are banned
|rule|Evasion Moves Clause: Evasion moves are banned
|rule|Evasion Abilities Clause: Evasion abilities are banned
|rule|Sleep Moves Clause: Sleep-inducing moves are banned
|clearpoke
|poke|p1|Ogerpon-Cornerstone, F|
|poke|p1|Kingambit, M|
|poke|p1|Great Tusk|
|poke|p1|Manaphy|
|poke|p1|Iron Moth|
|poke|p1|Zapdos|
|poke|p2|Samurott-Hisui, F|
|poke|p2|Ninetales-Alola, M|
|poke|p2|Zoroark-Hisui, M|
|poke|p2|Kommo-o, M|
|poke|p2|Clodsire, F|
|poke|p2|Skeledirge, F|
|teampreview
|inactive|Battle timer is ON: inactive players will automatically lose when time's up. (requested by sappaling)
|inactive|LimeLightPokemon has 120 seconds left.
|inactive|sappaling has 120 seconds left.
|
|t:|1760440195
|teamsize|p1|6
|teamsize|p2|6
|start
|switch|p1a: Zapdos|Zapdos|100/100
|switch|p2a: Samurott|Samurott-Hisui, F|100/100
|turn|1
|
|t:|1760440214
|move|p1a: Zapdos|Volt Switch|p2a: Samurott
|-supereffective|p2a: Samurott
|-damage|p2a: Samurott|33/100
|
|t:|1760440218
|switch|p1a: Manaphy|Manaphy, shiny|100/100|[from] Volt Switch
|move|p2a: Samurott|Ceaseless Edge|p1a: Manaphy|[miss]
|-miss|p2a: Samurott|p1a: Manaphy
|
|upkeep
|turn|2
|
|t:|1760440241
|move|p1a: Manaphy|Tail Glow|p1a: Manaphy
|-boost|p1a: Manaphy|spa|3
|move|p2a: Samurott|Ceaseless Edge|p1a: Manaphy
|-damage|p1a: Manaphy|52/100
|-sidestart|p1: LimeLightPokemon|Spikes
|
|upkeep
|turn|3
|
|t:|1760440254
|move|p1a: Manaphy|Alluring Voice|p2a: Samurott
|-supereffective|p2a: Samurott
|-damage|p2a: Samurott|0 fnt
|faint|p2a: Samurott
|
|upkeep
|
|t:|1760440258
|switch|p2a: Clodsire|Clodsire, F|100/100
|turn|4
|
|t:|1760440275
|move|p1a: Manaphy|Surf|p2a: Clodsire
|-supereffective|p2a: Clodsire
|-damage|p2a: Clodsire|44/100
|move|p2a: Clodsire|Stealth Rock|p1a: Manaphy
|-sidestart|p1: LimeLightPokemon|move: Stealth Rock
|
|-heal|p2a: Clodsire|50/100|[from] item: Black Sludge
|upkeep
|turn|5
|
|t:|1760440282
|-terastallize|p2a: Clodsire|Poison
|move|p1a: Manaphy|Surf|p2a: Clodsire
|-damage|p2a: Clodsire|23/100
|move|p2a: Clodsire|Recover|p2a: Clodsire
|-heal|p2a: Clodsire|73/100
|
|-heal|p2a: Clodsire|79/100|[from] item: Black Sludge
|upkeep
|turn|6
|
|t:|1760440307
|move|p1a: Manaphy|Skill Swap|p2a: Clodsire
|-activate|p1a: Manaphy|move: Skill Swap|Unaware|Hydration|[of] p2a: Clodsire
|move|p2a: Clodsire|Earthquake|p1a: Manaphy
|-damage|p1a: Manaphy|22/100
|
|-heal|p2a: Clodsire|85/100|[from] item: Black Sludge
|upkeep
|turn|7
|inactive|LimeLightPokemon has 120 seconds left.
|
|t:|1760440325
|move|p1a: Manaphy|Surf|p2a: Clodsire
|-damage|p2a: Clodsire|13/100
|move|p2a: Clodsire|Earthquake|p1a: Manaphy
|-damage|p1a: Manaphy|0 fnt
|faint|p1a: Manaphy
|
|-heal|p2a: Clodsire|19/100|[from] item: Black Sludge
|upkeep
|inactive|LimeLightPokemon has 120 seconds left.
|
|t:|1760440336
|switch|p1a: Great Tusk|Great Tusk|100/100
|-damage|p1a: Great Tusk|88/100|[from] Spikes
|-damage|p1a: Great Tusk|85/100|[from] Stealth Rock
|-enditem|p1a: Great Tusk|Booster Energy
|-activate|p1a: Great Tusk|ability: Protosynthesis|[fromitem]
|-start|p1a: Great Tusk|protosynthesisspe
|turn|8
|inactive|LimeLightPokemon has 120 seconds left.
|
|t:|1760440350
|switch|p2a: Skeledirge|Skeledirge, F|100/100
|move|p1a: Great Tusk|Headlong Rush|p2a: Skeledirge
|-supereffective|p2a: Skeledirge
|-damage|p2a: Skeledirge|37/100
|-unboost|p1a: Great Tusk|def|1
|-unboost|p1a: Great Tusk|spd|1
|
|upkeep
|turn|9
|inactive|LimeLightPokemon has 120 seconds left.
|
|t:|1760440359
|move|p1a: Great Tusk|Headlong Rush|p2a: Skeledirge
|-supereffective|p2a: Skeledirge
|-damage|p2a: Skeledirge|0 fnt
|-unboost|p1a: Great Tusk|def|1
|-unboost|p1a: Great Tusk|spd|1
|faint|p2a: Skeledirge
|
|upkeep
|
|t:|1760440362
|switch|p2a: Kommo-o|Kommo-o, M|100/100
|turn|10
|inactive|LimeLightPokemon has 120 seconds left.
|
|t:|1760440395
|move|p1a: Great Tusk|Rapid Spin|p2a: Kommo-o
|-immune|p2a: Kommo-o
|move|p2a: Kommo-o|Agility|p2a: Kommo-o
|-boost|p2a: Kommo-o|spe|2
|
|upkeep
|turn|11
|inactive|LimeLightPokemon has 90 seconds left.
|
|t:|1760440448
|-end|p1a: Great Tusk|Protosynthesis|[silent]
|switch|p1a: Zapdos|Zapdos|100/100
|move|p2a: Kommo-o|Hyper Voice|p1a: Zapdos
|-damage|p1a: Zapdos|29/100
|-damage|p2a: Kommo-o|91/100|[from] item: Life Orb
|
|upkeep
|turn|12
|
|t:|1760440465
|move|p2a: Kommo-o|Flamethrower|p1a: Zapdos
|-damage|p1a: Zapdos|0 fnt
|faint|p1a: Zapdos
|-damage|p2a: Kommo-o|81/100|[from] item: Life Orb
|
|upkeep
|inactive|LimeLightPokemon has 60 seconds left.
|
|t:|1760440480
|switch|p1a: Ogerpon|Ogerpon-Cornerstone, F|100/100
|-damage|p1a: Ogerpon|88/100|[from] Spikes
|-damage|p1a: Ogerpon|76/100|[from] Stealth Rock
|turn|13
|inactive|LimeLightPokemon has 60 seconds left.
|
|t:|1760440489
|move|p2a: Kommo-o|Shadow Ball|p1a: Ogerpon
|-damage|p1a: Ogerpon|14/100
|-damage|p2a: Kommo-o|71/100|[from] item: Life Orb
|move|p1a: Ogerpon|Ivy Cudgel|p2a: Kommo-o|[anim] Ivy Cudgel Rock
|-damage|p2a: Kommo-o|0 fnt
|replace|p2a: Zoroark|Zoroark-Hisui, M
|-end|p2a: Zoroark|Illusion
|faint|p2a: Zoroark
|
|upkeep
|
|t:|1760440499
|switch|p2a: Kommo-o|Kommo-o, M|100/100
|turn|14
|inactive|LimeLightPokemon has 60 seconds left.
|
|t:|1760440515
|switch|p2a: Clodsire|Clodsire, F, tera:Poison|19/100
|move|p1a: Ogerpon|Ivy Cudgel|p2a: Clodsire|[anim] Ivy Cudgel Rock
|-damage|p2a: Clodsire|0 fnt
|faint|p2a: Clodsire
|
|upkeep
|
|t:|1760440518
|switch|p2a: Kommo-o|Kommo-o, M|100/100
|turn|15
|
|t:|1760440523
|move|p1a: Ogerpon|Ivy Cudgel|p2a: Kommo-o|[anim] Ivy Cudgel Rock
|-resisted|p2a: Kommo-o
|-crit|p2a: Kommo-o
|-damage|p2a: Kommo-o|58/100
|move|p2a: Kommo-o|Clangorous Soul|p2a: Kommo-o
|-boost|p2a: Kommo-o|atk|1
|-boost|p2a: Kommo-o|def|1
|-boost|p2a: Kommo-o|spa|1
|-boost|p2a: Kommo-o|spd|1
|-boost|p2a: Kommo-o|spe|1
|-damage|p2a: Kommo-o|25/100
|
|-heal|p2a: Kommo-o|31/100|[from] item: Leftovers
|upkeep
|turn|16
|
|t:|1760440547
|move|p2a: Kommo-o|Aura Sphere|p1a: Ogerpon
|-supereffective|p1a: Ogerpon
|-damage|p1a: Ogerpon|0 fnt
|faint|p1a: Ogerpon
|
|-heal|p2a: Kommo-o|37/100|[from] item: Leftovers
|upkeep
|inactive|LimeLightPokemon has 60 seconds left.
|
|t:|1760440564
|switch|p1a: Great Tusk|Great Tusk|85/100
|-damage|p1a: Great Tusk|73/100|[from] Spikes
|-damage|p1a: Great Tusk|70/100|[from] Stealth Rock
|turn|17
|
|t:|1760440570
|-terastallize|p1a: Great Tusk|Ice
|move|p2a: Kommo-o|Clanging Scales|p1a: Great Tusk
|-damage|p1a: Great Tusk|0 fnt
|faint|p1a: Great Tusk
|-end|p1a: Great Tusk|Protosynthesis|[silent]
|-unboost|p2a: Kommo-o|def|1
|
|-heal|p2a: Kommo-o|43/100|[from] item: Leftovers
|upkeep
|inactive|LimeLightPokemon has 60 seconds left.
|
|t:|1760440581
|switch|p1a: Iron Moth|Iron Moth|100/100
|-damage|p1a: Iron Moth|88/100|[from] Spikes
|-damage|p1a: Iron Moth|63/100|[from] Stealth Rock
|-enditem|p1a: Iron Moth|Booster Energy
|-activate|p1a: Iron Moth|ability: Quark Drive|[fromitem]
|-start|p1a: Iron Moth|quarkdrivespe
|turn|18
|inactive|LimeLightPokemon has 60 seconds left.
|
|t:|1760440601
|move|p1a: Iron Moth|Overheat|p2a: Kommo-o
|-resisted|p2a: Kommo-o
|-damage|p2a: Kommo-o|20/100
|-unboost|p1a: Iron Moth|spa|2
|move|p2a: Kommo-o|Clanging Scales|p1a: Iron Moth
|-damage|p1a: Iron Moth|0 fnt
|faint|p1a: Iron Moth
|-end|p1a: Iron Moth|Quark Drive|[silent]
|-unboost|p2a: Kommo-o|def|1
|
|-heal|p2a: Kommo-o|26/100|[from] item: Leftovers
|upkeep
|
|t:|1760440611
|switch|p1a: Kingambit|Kingambit, M|100/100
|-damage|p1a: Kingambit|88/100|[from] Spikes
|-damage|p1a: Kingambit|82/100|[from] Stealth Rock
|turn|19
|inactive|LimeLightPokemon has 30 seconds left.
|
|t:|1760440644
|move|p2a: Kommo-o|Aura Sphere|p1a: Kingambit
|-supereffective|p1a: Kingambit
|-damage|p1a: Kingambit|0 fnt
|faint|p1a: Kingambit
|
|win|sappaling
|raw|LimeLightPokemon's rating: 1262 &rarr; <strong>1235</strong><br />(-27 for losing)
|raw|sappaling's rating: 1233 &rarr; <strong>1260</strong><br />(+27 for winning)
|l|☆LimeLightPokemon
|player|p1|
|l|☆sappaling
|player|p2|
