|j|☆peach boy test
|j|☆Aleohoho
|t:|1760433245
|gametype|singles
|player|p1|peach boy test|drayden|1212
|player|p2|Aleohoho|koga|1279
|gen|9
|tier|[Gen 9] OU
|rated|
|rule|HP Percentage Mod: HP is shown in percentages
|rule|Endless Battle Clause: Forcing endless battles is banned
|rule|Species Clause: Limit one of each Pokémon
|rule|OHKO Clause: OHKO moves are banned
|rule|Evasion Items Clause: Evasion items are banned
|rule|Evasion Moves Clause: Evasion moves are banned
|rule|Evasion Abilities Clause: Evasion abilities are banned
|rule|Sleep Moves Clause: Sleep-inducing moves are banned
|clearpoke
|poke|p1|Iron Hands|
|poke|p1|Moltres|
|poke|p1|Oricorio-Sensu, M|
|poke|p1|Weezing-Galar, F|
|poke|p1|Garchomp, M|
|poke|p1|Lokix, F|
|poke|p2|Great Tusk|
|poke|p2|Garganacl, M|
|poke|p2|Dragapult, M|
|poke|p2|Ceruledge, M|
|poke|p2|Ogerpon-Wellspring, F|
|poke|p2|Kingambit, M|
|teampreview
|inactive|Battle timer is ON: inactive players will automatically lose when time's up. (requested by peach boy test)
|c|☆peach boy test|glhf
|
|t:|1760433253
|teamsize|p1|6
|teamsize|p2|6
|start
|switch|p1a: Garth Champ|Garchomp, M|100/100
|switch|p2a: Papi|Garganacl, M|100/100
|turn|1
|
|t:|1760433260
|switch|p1a: walling Geezer|Weezing-Galar, F|100/100
|-ability|p1a: walling Geezer|Neutralizing Gas
|move|p2a: Papi|Salt Cure|p1a: walling Geezer
|-damage|p1a: walling Geezer|92/100
|-start|p1a: walling Geezer|Salt Cure
|
|-damage|p1a: walling Geezer|80/100|[from] Salt Cure
|upkeep
|turn|2
|
|t:|1760433272
|switch|p2a: St. Elmo|Ceruledge, M, shiny|100/100
|move|p1a: walling Geezer|Will-O-Wisp|p2a: St. Elmo
|-immune|p2a: St. Elmo
|
|-damage|p1a: walling Geezer|68/100|[from] Salt Cure
|upkeep
|turn|3
|
|t:|1760433281
|-end|p1a: walling Geezer|ability: Neutralizing Gas
|switch|p1a: Garth Champ|Garchomp, M|100/100
|move|p2a: St. Elmo|Swords Dance|p2a: St. Elmo
|-boost|p2a: St. Elmo|atk|2
|
|upkeep
|turn|4
|
|t:|1760433289
|-terastallize|p2a: St. Elmo|Fairy
|move|p2a: St. Elmo|Swords Dance|p2a: St. Elmo
|-boost|p2a: St. Elmo|atk|2
|move|p1a: Garth Champ|Stealth Rock|p2a: St. Elmo
|-sidestart|p2: Aleohoho|move: Stealth Rock
|
|upkeep
|turn|5
|
|t:|1760433298
|move|p2a: St. Elmo|Swords Dance|p2a: St. Elmo
|-boost|p2a: St. Elmo|atk|2
|move|p1a: Garth Champ|Earthquake|p2a: St. Elmo
|-damage|p2a: St. Elmo|43/100
|-ability|p2a: St. Elmo|Weak Armor|boost
|-unboost|p2a: St. Elmo|def|1
|-boost|p2a: St. Elmo|spe|2
|
|upkeep
|turn|6
|
|t:|1760433307
|move|p2a: St. Elmo|Swords Dance|p2a: St. Elmo
|-boost|p2a: St. Elmo|atk|0
|move|p1a: Garth Champ|Earthquake|p2a: St. Elmo
|-damage|p2a: St. Elmo|0 fnt
|faint|p2a: St. Elmo
|
|upkeep
|c|☆peach boy test|misclick?
|c|☆Aleohoho|One of the misclicks of all time
|c|☆peach boy test|rip
|
|t:|1760433324
|switch|p2a: Solo|Dragapult, M|100/100
|-damage|p2a: Solo|88/100|[from] Stealth Rock
|turn|7
|
|t:|1760433332
|switch|p1a: walling Geezer|Weezing-Galar, F|68/100
|-ability|p1a: walling Geezer|Neutralizing Gas
|move|p2a: Solo|Draco Meteor|p1a: walling Geezer
|-immune|p1a: walling Geezer
|
|upkeep
|turn|8
|c|☆Aleohoho|It happensss
|
|t:|1760433344
|switch|p2a: Wrecker|Great Tusk|100/100
|-damage|p2a: Wrecker|98/100|[from] Stealth Rock
|move|p1a: walling Geezer|Will-O-Wisp|p2a: Wrecker
|-status|p2a: Wrecker|brn
|
|-damage|p2a: Wrecker|91/100 brn|[from] brn
|upkeep
|turn|9
|
|t:|1760433354
|-end|p1a: walling Geezer|ability: Neutralizing Gas
|switch|p1a: Ollie Corio|Oricorio-Sensu, M|100/100
|-enditem|p2a: Wrecker|Booster Energy
|-activate|p2a: Wrecker|ability: Protosynthesis|[fromitem]
|-start|p2a: Wrecker|protosynthesisatk
|move|p2a: Wrecker|Rapid Spin|p1a: Ollie Corio
|-immune|p1a: Ollie Corio
|
|-damage|p2a: Wrecker|85/100 brn|[from] brn
|upkeep
|turn|10
|
|t:|1760433365
|move|p2a: Wrecker|Knock Off|p1a: Ollie Corio
|-supereffective|p1a: Ollie Corio
|-damage|p1a: Ollie Corio|61/100
|-damage|p2a: Wrecker|69/100 brn|[from] item: Rocky Helmet|[of] p1a: Ollie Corio
|-enditem|p1a: Ollie Corio|Rocky Helmet|[from] move: Knock Off|[of] p2a: Wrecker
|move|p1a: Ollie Corio|Hurricane|p2a: Wrecker|[miss]
|-miss|p1a: Ollie Corio|p2a: Wrecker
|
|-damage|p2a: Wrecker|62/100 brn|[from] brn
|upkeep
|turn|11
|
|t:|1760433376
|-end|p2a: Wrecker|Protosynthesis|[silent]
|switch|p2a: Papi|Garganacl, M|100/100
|-damage|p2a: Papi|88/100|[from] Stealth Rock
|move|p1a: Ollie Corio|Hurricane|p2a: Papi
|-resisted|p2a: Papi
|-damage|p2a: Papi|75/100
|-start|p2a: Papi|confusion
|
|-heal|p2a: Papi|81/100|[from] item: Leftovers
|upkeep
|turn|12
|
|t:|1760433387
|switch|p1a: walling Geezer|Weezing-Galar, F|68/100
|-ability|p1a: walling Geezer|Neutralizing Gas
|-activate|p2a: Papi|confusion
|move|p2a: Papi|Salt Cure|p1a: walling Geezer
|-damage|p1a: walling Geezer|58/100
|-start|p1a: walling Geezer|Salt Cure
|
|-heal|p2a: Papi|87/100|[from] item: Leftovers
|-damage|p1a: walling Geezer|46/100|[from] Salt Cure
|upkeep
|turn|13
|inactive|peach boy test has 120 seconds left.
|inactive|peach boy test has 90 seconds left.
|
|t:|1760433452
|move|p1a: walling Geezer|Will-O-Wisp|p2a: Papi
|-status|p2a: Papi|brn
|-activate|p2a: Papi|confusion
|move|p2a: Papi|Recover|p2a: Papi
|-heal|p2a: Papi|100/100 brn
|
|-damage|p2a: Papi|94/100 brn|[from] brn
|-damage|p1a: walling Geezer|34/100|[from] Salt Cure
|upkeep
|turn|14
|
|t:|1760433462
|move|p1a: walling Geezer|Pain Split|p2a: Papi
|-sethp|p2a: Papi|61/100 brn|[from] move: Pain Split|[silent]
|-sethp|p1a: walling Geezer|74/100|[from] move: Pain Split
|-end|p2a: Papi|confusion
|move|p2a: Papi|Stealth Rock|p1a: walling Geezer
|-sidestart|p1: peach boy test|move: Stealth Rock
|
|-heal|p2a: Papi|67/100 brn|[from] item: Leftovers
|-damage|p2a: Papi|61/100 brn|[from] brn
|-damage|p1a: walling Geezer|62/100|[from] Salt Cure
|upkeep
|turn|15
|
|t:|1760433477
|move|p1a: walling Geezer|Defog|p2a: Papi
|-unboost|p2a: Papi|evasion|1
|-sideend|p2: Aleohoho|Stealth Rock|[from] move: Defog|[of] p1a: walling Geezer
|-sideend|p1: peach boy test|Stealth Rock|[from] move: Defog|[of] p1a: walling Geezer
|move|p2a: Papi|Recover|p2a: Papi
|-heal|p2a: Papi|100/100 brn
|
|-damage|p2a: Papi|94/100 brn|[from] brn
|-damage|p1a: walling Geezer|49/100|[from] Salt Cure
|upkeep
|turn|16
|
|t:|1760433487
|move|p1a: walling Geezer|Pain Split|p2a: Papi
|-sethp|p2a: Papi|68/100 brn|[from] move: Pain Split|[silent]
|-sethp|p1a: walling Geezer|82/100|[from] move: Pain Split
|move|p2a: Papi|Stealth Rock|p1a: walling Geezer
|-sidestart|p1: peach boy test|move: Stealth Rock
|
|-heal|p2a: Papi|74/100 brn|[from] item: Leftovers
|-damage|p2a: Papi|68/100 brn|[from] brn
|-damage|p1a: walling Geezer|69/100|[from] Salt Cure
|upkeep
|turn|17
|
|t:|1760433506
|switch|p2a: Shogun|Kingambit, M|100/100
|move|p1a: walling Geezer|Strange Steam|p2a: Shogun
|-damage|p2a: Shogun|68/100
|-start|p2a: Shogun|confusion
|-enditem|p2a: Shogun|Lum Berry|[eat]
|-end|p2a: Shogun|confusion
|
|-damage|p1a: walling Geezer|57/100|[from] Salt Cure
|upkeep
|turn|18
|
|t:|1760433517
|move|p2a: Shogun|Iron Head|p1a: walling Geezer
|-supereffective|p1a: walling Geezer
|-damage|p1a: walling Geezer|0 fnt
|faint|p1a: walling Geezer
|-end|p1a: walling Geezer|ability: Neutralizing Gas
|-activate|p2a: Shogun|ability: Supreme Overlord
|-start|p2a: Shogun|fallen1|[silent]
|
|upkeep
|
|t:|1760433529
|switch|p1a: trawl mez|Moltres|100/100
|turn|19
|
|t:|1760433535
|-end|p2a: Shogun|fallen1|[silent]
|switch|p2a: Papi|Garganacl, M|68/100 brn
|move|p1a: trawl mez|Flamethrower|p2a: Papi
|-resisted|p2a: Papi
|-damage|p2a: Papi|55/100 brn
|
|-heal|p2a: Papi|61/100 brn|[from] item: Leftovers
|-damage|p2a: Papi|55/100 brn|[from] brn
|upkeep
|turn|20
|
|t:|1760433545
|move|p1a: trawl mez|U-turn|p2a: Papi
|-damage|p2a: Papi|46/100 brn
|inactive|peach boy test has 120 seconds left.
|
|t:|1760433565
|switch|p1a: Garth Champ|Garchomp, M|100/100|[from] U-turn
|-damage|p1a: Garth Champ|94/100|[from] Stealth Rock
|move|p2a: Papi|Recover|p2a: Papi
|-heal|p2a: Papi|96/100 brn
|
|-heal|p2a: Papi|100/100 brn|[from] item: Leftovers
|-damage|p2a: Papi|94/100 brn|[from] brn
|upkeep
|turn|21
|
|t:|1760433577
|move|p1a: Garth Champ|Stealth Rock|p2a: Papi
|-sidestart|p2: Aleohoho|move: Stealth Rock
|move|p2a: Papi|Salt Cure|p1a: Garth Champ
|-resisted|p1a: Garth Champ
|-damage|p1a: Garth Champ|92/100
|-start|p1a: Garth Champ|Salt Cure
|
|-heal|p2a: Papi|100/100 brn|[from] item: Leftovers
|-damage|p2a: Papi|94/100 brn|[from] brn
|-damage|p1a: Garth Champ|80/100|[from] Salt Cure
|upkeep
|turn|22
|inactive|peach boy test has 120 seconds left.
|l|☆peach boy test
|inactive|peach boy test disconnected and has a minute to reconnect!
|player|p1|
|j|☆peach boy test
|inactive|peach boy test reconnected and has 90 seconds left.
|player|p1|peach boy test|drayden|
|
|t:|1760433651
|move|p2a: Papi|Protect|p2a: Papi
|-singleturn|p2a: Papi|Protect
|move|p1a: Garth Champ|Spikes|p2a: Papi
|-sidestart|p2: Aleohoho|Spikes
|
|-heal|p2a: Papi|100/100 brn|[from] item: Leftovers
|-damage|p2a: Papi|94/100 brn|[from] brn
|-damage|p1a: Garth Champ|68/100|[from] Salt Cure
|upkeep
|turn|23
|
|t:|1760433661
|switch|p2a: Wrecker|Great Tusk|62/100 brn
|-damage|p2a: Wrecker|60/100 brn|[from] Stealth Rock
|-damage|p2a: Wrecker|47/100 brn|[from] Spikes
|move|p1a: Garth Champ|Spikes|p2a: Wrecker
|-sidestart|p2: Aleohoho|Spikes
|
|-damage|p2a: Wrecker|41/100 brn|[from] brn
|-damage|p1a: Garth Champ|55/100|[from] Salt Cure
|upkeep
|turn|24
|
|t:|1760433674
|switch|p1a: Ollie Corio|Oricorio-Sensu, M|61/100
|-damage|p1a: Ollie Corio|36/100|[from] Stealth Rock
|move|p2a: Wrecker|Rapid Spin|p1a: Ollie Corio
|-immune|p1a: Ollie Corio
|
|-damage|p2a: Wrecker|35/100 brn|[from] brn
|upkeep
|turn|25
|
|t:|1760433684
|move|p2a: Wrecker|Knock Off|p1a: Ollie Corio
|-supereffective|p1a: Ollie Corio
|-damage|p1a: Ollie Corio|17/100
|move|p1a: Ollie Corio|Hurricane|p2a: Wrecker
|-supereffective|p2a: Wrecker
|-damage|p2a: Wrecker|0 fnt
|faint|p2a: Wrecker
|-end|p2a: Wrecker|Protosynthesis|[silent]
|
|upkeep
|
|t:|1760433696
|switch|p2a: Papi|Garganacl, M|94/100 brn
|-damage|p2a: Papi|82/100 brn|[from] Stealth Rock
|-damage|p2a: Papi|65/100 brn|[from] Spikes
|turn|26
|inactive|peach boy test has 90 seconds left.
|
|t:|1760433708
|move|p1a: Ollie Corio|Taunt|p2a: Papi
|-start|p2a: Papi|move: Taunt
|cant|p2a: Papi|move: Taunt|Recover
|
|-heal|p2a: Papi|72/100 brn|[from] item: Leftovers
|-damage|p2a: Papi|65/100 brn|[from] brn
|upkeep
|turn|27
|
|t:|1760433716
|move|p1a: Ollie Corio|Roost|p1a: Ollie Corio
|-heal|p1a: Ollie Corio|67/100
|-singleturn|p1a: Ollie Corio|move: Roost
|move|p2a: Papi|Salt Cure|p1a: Ollie Corio
|-damage|p1a: Ollie Corio|61/100
|-start|p1a: Ollie Corio|Salt Cure
|
|-heal|p2a: Papi|72/100 brn|[from] item: Leftovers
|-damage|p2a: Papi|65/100 brn|[from] brn
|-damage|p1a: Ollie Corio|49/100|[from] Salt Cure
|upkeep
|turn|28
|
|t:|1760433731
|switch|p2a: Shogun|Kingambit, M|68/100
|-damage|p2a: Shogun|62/100|[from] Stealth Rock
|-damage|p2a: Shogun|45/100|[from] Spikes
|-activate|p2a: Shogun|ability: Supreme Overlord
|-start|p2a: Shogun|fallen2|[silent]
|move|p1a: Ollie Corio|Hurricane|p2a: Shogun
|-resisted|p2a: Shogun
|-damage|p2a: Shogun|22/100
|
|-damage|p1a: Ollie Corio|36/100|[from] Salt Cure
|upkeep
|turn|29
|
|t:|1760433744
|move|p1a: Ollie Corio|Taunt|p2a: Shogun
|-start|p2a: Shogun|move: Taunt
|cant|p2a: Shogun|move: Taunt|Swords Dance
|
|-damage|p1a: Ollie Corio|24/100|[from] Salt Cure
|upkeep
|turn|30
|
|t:|1760433752
|move|p1a: Ollie Corio|Hurricane|p2a: Shogun
|-resisted|p2a: Shogun
|-damage|p2a: Shogun|0 fnt
|faint|p2a: Shogun
|-end|p2a: Shogun|fallen2|[silent]
|
|-damage|p1a: Ollie Corio|12/100|[from] Salt Cure
|upkeep
|
|t:|1760433759
|switch|p2a: Papi|Garganacl, M|65/100 brn
|-damage|p2a: Papi|53/100 brn|[from] Stealth Rock
|-damage|p2a: Papi|36/100 brn|[from] Spikes
|turn|31
|
|t:|1760433765
|move|p2a: Papi|Protect|p2a: Papi
|-singleturn|p2a: Papi|Protect
|move|p1a: Ollie Corio|Taunt|p2a: Papi
|-activate|p2a: Papi|move: Protect
|
|-heal|p2a: Papi|43/100 brn|[from] item: Leftovers
|-damage|p2a: Papi|36/100 brn|[from] brn
|-damage|p1a: Ollie Corio|0 fnt|[from] Salt Cure
|faint|p1a: Ollie Corio
|upkeep
|
|t:|1760433771
|switch|p1a: Brian Hands|Iron Hands|100/100
|-damage|p1a: Brian Hands|94/100|[from] Stealth Rock
|-enditem|p1a: Brian Hands|Booster Energy
|-activate|p1a: Brian Hands|ability: Quark Drive|[fromitem]
|-start|p1a: Brian Hands|quarkdriveatk
|turn|32
|
|t:|1760433783
|move|p1a: Brian Hands|Ice Punch|p2a: Papi
|-damage|p2a: Papi|9/100 brn
|move|p2a: Papi|Recover|p2a: Papi
|-heal|p2a: Papi|59/100 brn
|
|-heal|p2a: Papi|66/100 brn|[from] item: Leftovers
|-damage|p2a: Papi|59/100 brn|[from] brn
|upkeep
|turn|33
|
|t:|1760433792
|move|p2a: Papi|Protect|p2a: Papi
|-singleturn|p2a: Papi|Protect
|move|p1a: Brian Hands|Drain Punch|p2a: Papi
|-activate|p2a: Papi|move: Protect
|
|-heal|p2a: Papi|66/100 brn|[from] item: Leftovers
|-damage|p2a: Papi|59/100 brn|[from] brn
|upkeep
|turn|34
|
|t:|1760433802
|move|p1a: Brian Hands|Ice Punch|p2a: Papi
|-damage|p2a: Papi|35/100 brn
|move|p2a: Papi|Recover|p2a: Papi
|-heal|p2a: Papi|85/100 brn
|
|-heal|p2a: Papi|91/100 brn|[from] item: Leftovers
|-damage|p2a: Papi|85/100 brn|[from] brn
|upkeep
|turn|35
|
|t:|1760433829
|switch|p2a: Joey|Ogerpon-Wellspring, F|100/100
|-damage|p2a: Joey|88/100|[from] Stealth Rock
|-damage|p2a: Joey|72/100|[from] Spikes
|move|p1a: Brian Hands|Swords Dance|p1a: Brian Hands
|-boost|p1a: Brian Hands|atk|2
|
|upkeep
|turn|36
|
|t:|1760433841
|move|p2a: Joey|Play Rough|p1a: Brian Hands
|-supereffective|p1a: Brian Hands
|-damage|p1a: Brian Hands|39/100
|move|p1a: Brian Hands|Drain Punch|p2a: Joey
|-damage|p2a: Joey|0 fnt
|-heal|p1a: Brian Hands|62/100|[from] drain|[of] p2a: Joey
|faint|p2a: Joey
|
|upkeep
|
|t:|1760433851
|switch|p2a: Solo|Dragapult, M|88/100
|-damage|p2a: Solo|76/100|[from] Stealth Rock
|-damage|p2a: Solo|59/100|[from] Spikes
|turn|37
|
|t:|1760433858
|move|p2a: Solo|Draco Meteor|p1a: Brian Hands
|-damage|p1a: Brian Hands|1/100
|-unboost|p2a: Solo|spa|2
|-damage|p2a: Solo|50/100|[from] item: Life Orb
|move|p1a: Brian Hands|Ice Punch|p2a: Solo
|-supereffective|p2a: Solo
|-damage|p2a: Solo|0 fnt
|faint|p2a: Solo
|
|upkeep
|
|t:|1760433868
|switch|p2a: Papi|Garganacl, M|85/100 brn
|-damage|p2a: Papi|72/100 brn|[from] Stealth Rock
|-damage|p2a: Papi|56/100 brn|[from] Spikes
|turn|38
|
|t:|1760433873
|move|p1a: Brian Hands|Drain Punch|p2a: Papi
|-supereffective|p2a: Papi
|-damage|p2a: Papi|0 fnt
|-heal|p1a: Brian Hands|26/100|[from] drain|[of] p2a: Papi
|faint|p2a: Papi
|
|win|peach boy test
|raw|peach boy test's rating: 1212 &rarr; <strong>1242</strong><br />(+30 for winning)
|raw|Aleohoho's rating: 1279 &rarr; <strong>1249</strong><br />(-30 for losing)
|c|☆peach boy test|gg
|c|☆Aleohoho|One of my battles of all time
|l|☆peach boy test
|player|p1|
|l|☆Aleohoho
|player|p2|
