|j|☆GhetsisUwU
|j|☆Jausave7
|t:|1760435465
|gametype|singles
|player|p1|GhetsisUwU|ghetsis|1540
|player|p2|Jausave7|2|1472
|gen|9
|tier|[Gen 9] OU
|rated|
|rule|HP Percentage Mod: HP is shown in percentages
|rule|Endless Battle Clause: Forcing endless battles is banned
|rule|Species Clause: Limit one of each Pokémon
|rule|OHKO Clause: OHKO moves are banned
|rule|Evasion Items Clause: Evasion items are banned
|rule|Evasion Moves Clause: Evasion moves are banned
|rule|Evasion Abilities Clause: Evasion abilities are banned
|rule|Sleep Moves Clause: Sleep-inducing moves are banned
|clearpoke
|poke|p1|Ninetales-Alola, F|
|poke|p1|Kyurem|
|poke|p1|Smeargle, M|
|poke|p1|Great Tusk|
|poke|p1|Gholdengo|
|poke|p1|Dragapult, F|
|poke|p2|Scizor, M|
|poke|p2|Alomomola, F|
|poke|p2|Ceruledge, M|
|poke|p2|Great Tusk|
|poke|p2|Zapdos|
|poke|p2|Hatterene, F|
|teampreview
|inactive|Battle timer is ON: inactive players will automatically lose when time's up. (requested by GhetsisUwU)
|
|t:|1760435485
|teamsize|p1|6
|teamsize|p2|6
|start
|switch|p1a: Smeargle|Smeargle, M, shiny|100/100
|switch|p2a: Zapdos|Zapdos|100/100
|turn|1
|
|t:|1760435494
|switch|p2a: Hatterene|Hatterene, F|100/100
|move|p1a: Smeargle|Ceaseless Edge|p2a: Hatterene|[miss]
|-miss|p1a: Smeargle|p2a: Hatterene
|
|upkeep
|turn|2
|
|t:|1760435509
|move|p1a: Smeargle|Nuzzle|p2a: Hatterene
|-damage|p2a: Hatterene|96/100
|-status|p2a: Hatterene|par
|move|p2a: Hatterene|Nuzzle|p1a: Smeargle
|-damage|p1a: Smeargle|88/100
|-status|p1a: Smeargle|par
|
|upkeep
|turn|3
|
|t:|1760435514
|move|p1a: Smeargle|Ceaseless Edge|p2a: Hatterene
|-damage|p2a: Hatterene|86/100 par
|-sidestart|p2: Jausave7|Spikes
|move|p2a: Hatterene|Draining Kiss|p1a: Smeargle
|-damage|p1a: Smeargle|10/100 par
|-heal|p2a: Hatterene|100/100 par|[from] drain|[of] p1a: Smeargle
|
|upkeep
|turn|4
|
|t:|1760435519
|move|p1a: Smeargle|Ceaseless Edge|p2a: Hatterene
|-damage|p2a: Hatterene|90/100 par
|-sidestart|p2: Jausave7|Spikes
|cant|p2a: Hatterene|par
|
|upkeep
|turn|5
|
|t:|1760435524
|move|p1a: Smeargle|Ceaseless Edge|p2a: Hatterene
|-damage|p2a: Hatterene|80/100 par
|-sidestart|p2: Jausave7|Spikes
|cant|p2a: Hatterene|par
|
|upkeep
|turn|6
|
|t:|1760435531
|move|p2a: Hatterene|Draining Kiss|p1a: Smeargle
|-damage|p1a: Smeargle|0 fnt
|-heal|p2a: Hatterene|86/100 par|[from] drain|[of] p1a: Smeargle
|faint|p1a: Smeargle
|
|upkeep
|
|t:|1760435535
|switch|p1a: Dragapult|Dragapult, F, shiny|100/100
|turn|7
|
|t:|1760435539
|move|p1a: Dragapult|Hex|p2a: Hatterene
|-supereffective|p2a: Hatterene
|-crit|p2a: Hatterene
|-damage|p2a: Hatterene|0 fnt
|faint|p2a: Hatterene
|
|upkeep
|
|t:|1760435549
|switch|p2a: Scizor|Scizor, M|100/100
|-damage|p2a: Scizor|76/100|[from] Spikes
|turn|8
|
|t:|1760435551
|move|p1a: Dragapult|Will-O-Wisp|p2a: Scizor
|-status|p2a: Scizor|brn
|move|p2a: Scizor|Knock Off|p1a: Dragapult
|-supereffective|p1a: Dragapult
|-damage|p1a: Dragapult|27/100
|-enditem|p1a: Dragapult|Leftovers|[from] move: Knock Off|[of] p2a: Scizor
|
|-damage|p2a: Scizor|69/100 brn|[from] brn
|upkeep
|turn|9
|
|t:|1760435557
|move|p1a: Dragapult|Hex|p2a: Scizor
|-damage|p2a: Scizor|19/100 brn
|move|p2a: Scizor|Knock Off|p1a: Dragapult
|-supereffective|p1a: Dragapult
|-damage|p1a: Dragapult|0 fnt
|faint|p1a: Dragapult
|
|-damage|p2a: Scizor|13/100 brn|[from] brn
|upkeep
|
|t:|1760435562
|switch|p1a: Great Tusk|Great Tusk, shiny|100/100
|turn|10
|
|t:|1760435568
|move|p1a: Great Tusk|Knock Off|p2a: Scizor
|-damage|p2a: Scizor|0 fnt
|-enditem|p2a: Scizor|Choice Band|[from] move: Knock Off|[of] p1a: Great Tusk
|faint|p2a: Scizor
|
|upkeep
|
|t:|1760435583
|switch|p2a: Great Tusk|Great Tusk|100/100
|turn|11
|
|t:|1760435587
|-end|p1a: Great Tusk|Protosynthesis|[silent]
|switch|p1a: Gholdengo|Gholdengo, shiny|100/100
|-item|p1a: Gholdengo|Air Balloon
|move|p2a: Great Tusk|Rapid Spin|p1a: Gholdengo
|-immune|p1a: Gholdengo
|
|upkeep
|turn|12
|
|t:|1760435592
|move|p2a: Great Tusk|Ice Spinner|p1a: Gholdengo
|-resisted|p1a: Gholdengo
|-crit|p1a: Gholdengo
|-damage|p1a: Gholdengo|78/100
|-enditem|p1a: Gholdengo|Air Balloon
|move|p1a: Gholdengo|Shadow Ball|p2a: Great Tusk
|-damage|p2a: Great Tusk|38/100
|
|upkeep
|turn|13
|
|t:|1760435595
|move|p2a: Great Tusk|Headlong Rush|p1a: Gholdengo
|-supereffective|p1a: Gholdengo
|-crit|p1a: Gholdengo
|-damage|p1a: Gholdengo|0 fnt
|-unboost|p2a: Great Tusk|def|1
|-unboost|p2a: Great Tusk|spd|1
|faint|p1a: Gholdengo
|
|upkeep
|
|t:|1760435597
|switch|p1a: Ninetales|Ninetales-Alola, F, shiny|100/100
|-weather|Snowscape|[from] ability: Snow Warning|[of] p1a: Ninetales
|turn|14
|
|t:|1760435610
|-terastallize|p2a: Great Tusk|Ice
|move|p1a: Ninetales|Freeze-Dry|p2a: Great Tusk
|-resisted|p2a: Great Tusk
|-damage|p2a: Great Tusk|8/100
|move|p2a: Great Tusk|Rapid Spin|p1a: Ninetales
|-damage|p1a: Ninetales|83/100
|-boost|p2a: Great Tusk|spe|1
|-sideend|p2: Jausave7|Spikes|[from] move: Rapid Spin|[of] p2a: Great Tusk
|
|-weather|Snowscape|[upkeep]
|upkeep
|turn|15
|
|t:|1760435620
|move|p2a: Great Tusk|Stealth Rock|p1a: Ninetales
|-sidestart|p1: GhetsisUwU|move: Stealth Rock
|move|p1a: Ninetales|Aurora Veil|p1a: Ninetales
|-sidestart|p1: GhetsisUwU|move: Aurora Veil
|
|-weather|Snowscape|[upkeep]
|upkeep
|turn|16
|
|t:|1760435637
|move|p2a: Great Tusk|Headlong Rush|p1a: Ninetales
|-damage|p1a: Ninetales|50/100
|-unboost|p2a: Great Tusk|def|1
|-unboost|p2a: Great Tusk|spd|1
|move|p1a: Ninetales|Moonblast|p2a: Great Tusk
|-damage|p2a: Great Tusk|0 fnt
|faint|p2a: Great Tusk
|-end|p2a: Great Tusk|Protosynthesis|[silent]
|
|-weather|Snowscape|[upkeep]
|upkeep
|inactive|Jausave7 has 120 seconds left.
|
|t:|1760435662
|switch|p2a: Zapdos|Zapdos|100/100
|turn|17
|
|t:|1760435666
|move|p1a: Ninetales|Freeze-Dry|p2a: Zapdos
|-supereffective|p2a: Zapdos
|-damage|p2a: Zapdos|47/100
|move|p2a: Zapdos|Heat Wave|p1a: Ninetales
|-supereffective|p1a: Ninetales
|-damage|p1a: Ninetales|19/100
|
|-weather|Snowscape|[upkeep]
|-heal|p2a: Zapdos|53/100|[from] item: Leftovers
|upkeep
|turn|18
|
|t:|1760435677
|move|p1a: Ninetales|Freeze-Dry|p2a: Zapdos
|-supereffective|p2a: Zapdos
|-damage|p2a: Zapdos|2/100
|move|p2a: Zapdos|Heat Wave|p1a: Ninetales
|-supereffective|p1a: Ninetales
|-damage|p1a: Ninetales|0 fnt
|faint|p1a: Ninetales
|
|-weather|none
|-heal|p2a: Zapdos|8/100|[from] item: Leftovers
|upkeep
|
|t:|1760435687
|switch|p1a: Great Tusk|Great Tusk, shiny|100/100
|turn|19
|
|t:|1760435696
|move|p1a: Great Tusk|Knock Off|p2a: Zapdos
|-damage|p2a: Zapdos|0 fnt
|-status|p1a: Great Tusk|par|[from] ability: Static|[of] p2a: Zapdos
|-enditem|p2a: Zapdos|Leftovers|[from] move: Knock Off|[of] p1a: Great Tusk
|faint|p2a: Zapdos
|
|upkeep
|
|t:|1760435703
|switch|p2a: Alomomola|Alomomola, F|100/100
|turn|20
|
|t:|1760435709
|move|p1a: Great Tusk|Rapid Spin|p2a: Alomomola
|-damage|p2a: Alomomola|92/100
|-boost|p1a: Great Tusk|spe|1
|-damage|p1a: Great Tusk|84/100 par|[from] item: Rocky Helmet|[of] p2a: Alomomola
|-sideend|p1: GhetsisUwU|Stealth Rock|[from] move: Rapid Spin|[of] p1a: Great Tusk
|move|p2a: Alomomola|Scald|p1a: Great Tusk
|-supereffective|p1a: Great Tusk
|-damage|p1a: Great Tusk|63/100 par
|
|upkeep
|turn|21
|
|t:|1760435718
|move|p1a: Great Tusk|Knock Off|p2a: Alomomola
|-damage|p2a: Alomomola|74/100
|-damage|p1a: Great Tusk|47/100 par|[from] item: Rocky Helmet|[of] p2a: Alomomola
|-enditem|p2a: Alomomola|Rocky Helmet|[from] move: Knock Off|[of] p1a: Great Tusk
|move|p2a: Alomomola|Flip Turn|p1a: Great Tusk
|-supereffective|p1a: Great Tusk
|-damage|p1a: Great Tusk|35/100 par
|
|t:|1760435726
|switch|p2a: Ceruledge|Ceruledge, M|100/100|[from] Flip Turn
|
|upkeep
|turn|22
|
|t:|1760435730
|switch|p2a: Alomomola|Alomomola, F|100/100
|move|p1a: Great Tusk|Knock Off|p2a: Alomomola
|-damage|p2a: Alomomola|88/100
|
|-sideend|p1: GhetsisUwU|move: Aurora Veil
|upkeep
|turn|23
|
|t:|1760435739
|move|p1a: Great Tusk|Headlong Rush|p2a: Alomomola
|-damage|p2a: Alomomola|57/100
|-unboost|p1a: Great Tusk|def|1
|-unboost|p1a: Great Tusk|spd|1
|move|p2a: Alomomola|Flip Turn|p1a: Great Tusk
|-supereffective|p1a: Great Tusk
|-damage|p1a: Great Tusk|0 fnt
|faint|p1a: Great Tusk
|-end|p1a: Great Tusk|Protosynthesis|[silent]
|
|t:|1760435765
|switch|p2a: Ceruledge|Ceruledge, M|100/100|[from] Flip Turn
|
|upkeep
|
|t:|1760435766
|switch|p1a: Kyurem|Kyurem, shiny|100/100
|-ability|p1a: Kyurem|Pressure
|turn|24
|
|t:|1760435783
|move|p1a: Kyurem|Dragon Dance|p1a: Kyurem
|-boost|p1a: Kyurem|atk|1
|-boost|p1a: Kyurem|spe|1
|move|p2a: Ceruledge|Swords Dance|p2a: Ceruledge
|-boost|p2a: Ceruledge|atk|2
|
|upkeep
|turn|25
|
|t:|1760435789
|move|p1a: Kyurem|Scale Shot|p2a: Ceruledge
|-damage|p2a: Ceruledge|71/100
|-ability|p2a: Ceruledge|Weak Armor|boost
|-unboost|p2a: Ceruledge|def|1
|-boost|p2a: Ceruledge|spe|2
|-damage|p2a: Ceruledge|28/100
|-ability|p2a: Ceruledge|Weak Armor|boost
|-unboost|p2a: Ceruledge|def|1
|-boost|p2a: Ceruledge|spe|2
|-damage|p2a: Ceruledge|0 fnt
|faint|p2a: Ceruledge
|-hitcount|p2: Ceruledge|3
|-unboost|p1a: Kyurem|def|1
|-boost|p1a: Kyurem|spe|1
|
|upkeep
|
|t:|1760435792
|switch|p2a: Alomomola|Alomomola, F|90/100
|turn|26
|
|t:|1760435799
|move|p1a: Kyurem|Scale Shot|p2a: Alomomola
|-damage|p2a: Alomomola|79/100
|-damage|p2a: Alomomola|67/100
|-damage|p2a: Alomomola|56/100
|-damage|p2a: Alomomola|44/100
|-damage|p2a: Alomomola|32/100
|-hitcount|p2a: Alomomola|5
|-unboost|p1a: Kyurem|def|1
|-boost|p1a: Kyurem|spe|1
|move|p2a: Alomomola|Scald|p1a: Kyurem
|-resisted|p1a: Kyurem
|-damage|p1a: Kyurem|94/100
|
|upkeep
|turn|27
|inactive|Jausave7 has 120 seconds left.
|inactive|Jausave7 has 90 seconds left.
|inactive|Jausave7 has 60 seconds left.
|inactive|Jausave7 has 30 seconds left.
|inactive|Jausave7 has 20 seconds left.
|inactive|Jausave7 has 15 seconds left.
|inactive|Jausave7 has 10 seconds left.
|inactive|Jausave7 has 5 seconds left.
|-message|Jausave7 lost due to inactivity.
|
|win|GhetsisUwU
|raw|GhetsisUwU's rating: 1540 &rarr; <strong>1556</strong><br />(+16 for winning)
|raw|Jausave7's rating: 1472 &rarr; <strong>1456</strong><br />(-16 for losing)
|l|☆GhetsisUwU
|player|p1|
|l|☆Jausave7
|player|p2|
