|j|☆ragingsquirtle420
|j|☆GauMongStyle
|t:|1760462164
|gametype|singles
|player|p1|ragingsquirtle420|170|1747
|player|p2|GauMongStyle|2|1723
|gen|9
|tier|[Gen 9] OU
|rated|
|rule|HP Percentage Mod: HP is shown in percentages
|rule|Endless Battle Clause: Forcing endless battles is banned
|rule|Species Clause: Limit one of each Pokémon
|rule|OHKO Clause: OHKO moves are banned
|rule|Evasion Items Clause: Evasion items are banned
|rule|Evasion Moves Clause: Evasion moves are banned
|rule|Evasion Abilities Clause: Evasion abilities are banned
|rule|Sleep Moves Clause: Sleep-inducing moves are banned
|clearpoke
|poke|p1|Samurott-Hisui, F|
|poke|p1|Tornadus-Therian, M|
|poke|p1|Pecharunt|
|poke|p1|Great Tusk|
|poke|p1|Clefable, M|
|poke|p1|Zamazenta-*|
|poke|p2|Iron Crown|
|poke|p2|Samurott-Hisui, M|
|poke|p2|Zapdos|
|poke|p2|Dragapult, M|
|poke|p2|Great Tusk|
|poke|p2|Iron Boulder|
|teampreview
|inactive|Battle timer is ON: inactive players will automatically lose when time's up. (requested by GauMongStyle)
|
|t:|1760462174
|teamsize|p1|6
|teamsize|p2|6
|start
|switch|p1a: Clefable|Clefable, M|100/100
|switch|p2a: Mindreader|Iron Crown|100/100
|turn|1
|
|t:|1760462185
|switch|p1a: Samurott|Samurott-Hisui, F|100/100
|move|p2a: Mindreader|Tachyon Cutter|p1a: Samurott
|-resisted|p1a: Samurott
|-damage|p1a: Samurott|88/100
|-resisted|p1a: Samurott
|-damage|p1a: Samurott|74/100
|-hitcount|p1a: Samurott|2
|
|upkeep
|turn|2
|
|t:|1760462190
|-end|p2a: Mindreader|Quark Drive|[silent]
|switch|p2a: Everytime We Touch|Samurott-Hisui, M|100/100
|move|p1a: Samurott|Ceaseless Edge|p2a: Everytime We Touch
|-resisted|p2a: Everytime We Touch
|-damage|p2a: Everytime We Touch|73/100
|-sidestart|p2: GauMongStyle|Spikes
|
|upkeep
|turn|3
|
|t:|1760462195
|switch|p1a: Great Tusk|Great Tusk|100/100
|move|p2a: Everytime We Touch|Flip Turn|p1a: Great Tusk
|-supereffective|p1a: Great Tusk
|-damage|p1a: Great Tusk|64/100
|
|t:|1760462198
|switch|p2a: Mindreader|Iron Crown|100/100|[from] Flip Turn
|-damage|p2a: Mindreader|88/100|[from] Spikes
|
|upkeep
|turn|4
|
|t:|1760462205
|-end|p1a: Great Tusk|Protosynthesis|[silent]
|switch|p1a: Tornadus|Tornadus-Therian, M|100/100
|move|p2a: Mindreader|Tachyon Cutter|p1a: Tornadus
|-damage|p1a: Tornadus|57/100
|-damage|p1a: Tornadus|7/100
|-hitcount|p1a: Tornadus|2
|
|upkeep
|turn|5
|
|t:|1760462227
|switch|p1a: Samurott|Samurott-Hisui, F|74/100
|-end|p2a: Mindreader|Quark Drive|[silent]
|switch|p2a: Hurikan|Zapdos|100/100
|
|upkeep
|turn|6
|
|t:|1760462233
|switch|p1a: Clefable|Clefable, M|100/100
|move|p2a: Hurikan|Discharge|p1a: Clefable
|-damage|p1a: Clefable|70/100
|
|-heal|p1a: Clefable|76/100|[from] item: Leftovers
|upkeep
|turn|7
|
|t:|1760462238
|move|p2a: Hurikan|Discharge|p1a: Clefable
|-crit|p1a: Clefable
|-damage|p1a: Clefable|29/100
|move|p1a: Clefable|Calm Mind|p1a: Clefable
|-boost|p1a: Clefable|spa|1
|-boost|p1a: Clefable|spd|1
|
|-heal|p1a: Clefable|35/100|[from] item: Leftovers
|upkeep
|turn|8
|
|t:|1760462243
|move|p2a: Hurikan|U-turn|p1a: Clefable
|-resisted|p1a: Clefable
|-damage|p1a: Clefable|29/100
|
|t:|1760462245
|switch|p2a: Mindreader|Iron Crown|88/100|[from] U-turn
|-damage|p2a: Mindreader|76/100|[from] Spikes
|move|p1a: Clefable|Moonlight|p1a: Clefable
|-heal|p1a: Clefable|79/100
|
|-heal|p1a: Clefable|86/100|[from] item: Leftovers
|upkeep
|turn|9
|
|t:|1760462251
|switch|p1a: Samurott|Samurott-Hisui, F|74/100
|move|p2a: Mindreader|Tachyon Cutter|p1a: Samurott
|-resisted|p1a: Samurott
|-damage|p1a: Samurott|62/100
|-resisted|p1a: Samurott
|-crit|p1a: Samurott
|-damage|p1a: Samurott|42/100
|-hitcount|p1a: Samurott|2
|
|upkeep
|turn|10
|
|t:|1760462255
|-end|p2a: Mindreader|Quark Drive|[silent]
|switch|p2a: Hurikan|Zapdos|100/100
|move|p1a: Samurott|Knock Off|p2a: Hurikan
|-damage|p2a: Hurikan|72/100
|-status|p1a: Samurott|par|[from] ability: Static|[of] p2a: Hurikan
|-enditem|p2a: Hurikan|Heavy-Duty Boots|[from] move: Knock Off|[of] p1a: Samurott
|
|upkeep
|turn|11
|
|t:|1760462262
|switch|p1a: Clefable|Clefable, M|86/100
|move|p2a: Hurikan|U-turn|p1a: Clefable
|-resisted|p1a: Clefable
|-damage|p1a: Clefable|80/100
|
|t:|1760462265
|switch|p2a: Mindreader|Iron Crown|76/100|[from] U-turn
|-damage|p2a: Mindreader|63/100|[from] Spikes
|
|-heal|p1a: Clefable|86/100|[from] item: Leftovers
|upkeep
|turn|12
|
|t:|1760462271
|-terastallize|p1a: Clefable|Water
|move|p2a: Mindreader|Tachyon Cutter|p1a: Clefable
|-resisted|p1a: Clefable
|-damage|p1a: Clefable|68/100
|-resisted|p1a: Clefable
|-damage|p1a: Clefable|49/100
|-hitcount|p1a: Clefable|2
|move|p1a: Clefable|Flamethrower|p2a: Mindreader
|-supereffective|p2a: Mindreader
|-damage|p2a: Mindreader|24/100
|
|-heal|p1a: Clefable|56/100|[from] item: Leftovers
|upkeep
|turn|13
|
|t:|1760462279
|-end|p2a: Mindreader|Quark Drive|[silent]
|switch|p2a: Hurikan|Zapdos|72/100
|move|p1a: Clefable|Moonlight|p1a: Clefable
|-heal|p1a: Clefable|100/100
|
|upkeep
|turn|14
|
|t:|1760462285
|switch|p1a: Samurott|Samurott-Hisui, F|42/100 par
|move|p2a: Hurikan|Discharge|p1a: Samurott
|-supereffective|p1a: Samurott
|-damage|p1a: Samurott|0 fnt
|faint|p1a: Samurott
|
|upkeep
|j| FaronAan
|
|t:|1760462290
|switch|p1a: Pecharunt|Pecharunt|100/100
|turn|15
|
|t:|1760462294
|switch|p2a: Everytime We Touch|Samurott-Hisui, M|73/100
|-damage|p2a: Everytime We Touch|61/100|[from] Spikes
|move|p1a: Pecharunt|Malignant Chain|p2a: Everytime We Touch
|-damage|p2a: Everytime We Touch|12/100
|
|upkeep
|turn|16
|
|t:|1760462304
|move|p2a: Everytime We Touch|Flip Turn|p1a: Pecharunt
|-damage|p1a: Pecharunt|88/100
|
|t:|1760462311
|switch|p2a: Hurikan|Zapdos|72/100|[from] Flip Turn
|move|p1a: Pecharunt|Malignant Chain|p2a: Hurikan
|-damage|p2a: Hurikan|44/100
|-status|p2a: Hurikan|tox
|-start|p2a: Hurikan|confusion|[from] ability: Poison Puppeteer|[of] p1a: Pecharunt
|
|-damage|p2a: Hurikan|38/100 tox|[from] psn
|upkeep
|turn|17
|
|t:|1760462317
|-activate|p2a: Hurikan|confusion
|move|p2a: Hurikan|Roost|p2a: Hurikan
|-heal|p2a: Hurikan|88/100 tox
|-singleturn|p2a: Hurikan|move: Roost
|move|p1a: Pecharunt|Parting Shot|p2a: Hurikan
|-unboost|p2a: Hurikan|atk|1
|-unboost|p2a: Hurikan|spa|1
|
|t:|1760462322
|switch|p1a: Tornadus|Tornadus-Therian, M|40/100|[from] Parting Shot
|
|-damage|p2a: Hurikan|76/100 tox|[from] psn
|upkeep
|turn|18
|
|t:|1760462324
|switch|p1a: Pecharunt|Pecharunt|88/100
|-activate|p2a: Hurikan|confusion
|move|p2a: Hurikan|U-turn|p1a: Pecharunt
|-resisted|p1a: Pecharunt
|-damage|p1a: Pecharunt|87/100
|
|t:|1760462328
|switch|p2a: Mindreader|Iron Crown|24/100|[from] U-turn
|-damage|p2a: Mindreader|12/100|[from] Spikes
|
|upkeep
|turn|19
|
|t:|1760462334
|switch|p1a: Clefable|Clefable, M, tera:Water|100/100
|move|p2a: Mindreader|Psyshock|p1a: Clefable
|-damage|p1a: Clefable|56/100
|
|-heal|p1a: Clefable|62/100|[from] item: Leftovers
|upkeep
|turn|20
|
|t:|1760462341
|-end|p2a: Mindreader|Quark Drive|[silent]
|switch|p2a: Pump It|Great Tusk|100/100
|move|p1a: Clefable|Moonlight|p1a: Clefable
|-heal|p1a: Clefable|100/100
|
|upkeep
|turn|21
|
|t:|1760462350
|move|p2a: Pump It|Stealth Rock|p1a: Clefable
|-sidestart|p1: ragingsquirtle420|move: Stealth Rock
|move|p1a: Clefable|Moonblast|p2a: Pump It
|-supereffective|p2a: Pump It
|-damage|p2a: Pump It|9/100
|-unboost|p2a: Pump It|spa|1
|
|upkeep
|turn|22
|
|t:|1760462354
|switch|p1a: Pecharunt|Pecharunt|87/100
|move|p2a: Pump It|Headlong Rush|p1a: Pecharunt
|-supereffective|p1a: Pecharunt
|-damage|p1a: Pecharunt|30/100
|-unboost|p2a: Pump It|def|1
|-unboost|p2a: Pump It|spd|1
|
|upkeep
|turn|23
|
|t:|1760462358
|switch|p1a: Tornadus|Tornadus-Therian, M|73/100
|-damage|p1a: Tornadus|48/100|[from] Stealth Rock
|move|p2a: Pump It|Headlong Rush|p1a: Tornadus
|-immune|p1a: Tornadus
|
|upkeep
|turn|24
|
|t:|1760462364
|-end|p2a: Pump It|Protosynthesis|[silent]
|switch|p2a: Hurikan|Zapdos|76/100 tox
|move|p1a: Tornadus|Grass Knot|p2a: Hurikan
|-resisted|p2a: Hurikan
|-damage|p2a: Hurikan|60/100 tox
|-damage|p1a: Tornadus|38/100|[from] item: Life Orb
|
|-damage|p2a: Hurikan|54/100 tox|[from] psn
|upkeep
|turn|25
|
|t:|1760462372
|move|p1a: Tornadus|Bleakwind Storm|p2a: Hurikan
|-resisted|p2a: Hurikan
|-damage|p2a: Hurikan|24/100 tox
|-unboost|p2a: Hurikan|spe|1
|-damage|p1a: Tornadus|29/100|[from] item: Life Orb
|move|p2a: Hurikan|Discharge|p1a: Tornadus
|-supereffective|p1a: Tornadus
|-crit|p1a: Tornadus
|-damage|p1a: Tornadus|0 fnt
|faint|p1a: Tornadus
|
|-damage|p2a: Hurikan|12/100 tox|[from] psn
|upkeep
|
|t:|1760462376
|switch|p1a: Great Tusk|Great Tusk|64/100
|turn|26
|
|t:|1760462381
|switch|p2a: Everytime We Touch|Samurott-Hisui, M|12/100
|-damage|p2a: Everytime We Touch|0 fnt|[from] Spikes
|faint|p2a: Everytime We Touch
|move|p1a: Great Tusk|Rapid Spin|p2: Everytime We Touch|[notarget]
|-fail|p1a: Great Tusk
|
|upkeep
|
|t:|1760462390
|switch|p2a: Revery|Iron Boulder|100/100
|-damage|p2a: Revery|88/100|[from] Spikes
|-enditem|p2a: Revery|Booster Energy
|-activate|p2a: Revery|ability: Quark Drive|[fromitem]
|-start|p2a: Revery|quarkdrivespe
|turn|27
|
|t:|1760462395
|move|p2a: Revery|Zen Headbutt|p1a: Great Tusk
|-supereffective|p1a: Great Tusk
|-damage|p1a: Great Tusk|10/100
|move|p1a: Great Tusk|Headlong Rush|p2a: Revery
|-supereffective|p2a: Revery
|-damage|p2a: Revery|0 fnt
|-unboost|p1a: Great Tusk|def|1
|-unboost|p1a: Great Tusk|spd|1
|faint|p2a: Revery
|-end|p2a: Revery|Quark Drive|[silent]
|
|upkeep
|
|t:|1760462402
|switch|p2a: Pump It|Great Tusk|9/100
|turn|28
|
|t:|1760462406
|move|p1a: Great Tusk|Rapid Spin|p2a: Pump It
|-damage|p2a: Pump It|0 fnt
|-boost|p1a: Great Tusk|spe|1
|-sideend|p1: ragingsquirtle420|Stealth Rock|[from] move: Rapid Spin|[of] p1a: Great Tusk
|faint|p2a: Pump It
|-end|p2a: Pump It|Protosynthesis|[silent]
|
|upkeep
|c|☆GauMongStyle|:/
|c|☆ragingsquirtle420|i mean i got crit like twice
|c|☆ragingsquirtle420|so...
|inactive|GauMongStyle has 120 seconds left.
|inactive|GauMongStyle has 90 seconds left.
|c|☆GauMongStyle|I mean it had almost no impact lmao
|c|☆GauMongStyle|but anyway it's pokemon we're not playing chess
|c|☆GauMongStyle|gg well played
|c|☆ragingsquirtle420|yeah
|c|☆ragingsquirtle420|gg
|-message|GauMongStyle forfeited.
|
|win|ragingsquirtle420
|raw|ragingsquirtle420's rating: 1747 &rarr; <strong>1766</strong><br />(+19 for winning)
|raw|GauMongStyle's rating: 1723 &rarr; <strong>1704</strong><br />(-19 for losing)
|l|☆GauMongStyle
|player|p2|
|l|☆ragingsquirtle420
|player|p1|
|l| FaronAan
|j| Alolan Spinda
