|j|☆saibayman
|j|☆Lamoo0oo
|t:|1760415283
|gametype|singles
|player|p1|saibayman|265|1513
|player|p2|Lamoo0oo|swimmerf|1516
|gen|9
|tier|[Gen 9] OU
|rated|
|rule|HP Percentage Mod: HP is shown in percentages
|rule|Endless Battle Clause: Forcing endless battles is banned
|rule|Species Clause: Limit one of each Pokémon
|rule|OHKO Clause: OHKO moves are banned
|rule|Evasion Items Clause: Evasion items are banned
|rule|Evasion Moves Clause: Evasion moves are banned
|rule|Evasion Abilities Clause: Evasion abilities are banned
|rule|Sleep Moves Clause: Sleep-inducing moves are banned
|clearpoke
|poke|p1|Metagross|
|poke|p1|Great Tusk|
|poke|p1|Slowking-Galar, F|
|poke|p1|Dragapult, M|
|poke|p1|Meowscarada, M|
|poke|p1|Zapdos|
|poke|p2|Ogerpon-Wellspring, F|
|poke|p2|Garganacl, F|
|poke|p2|Great Tusk|
|poke|p2|Dragonite, M|
|poke|p2|Moltres|
|poke|p2|Darkrai|
|teampreview
|inactive|Battle timer is ON: inactive players will automatically lose when time's up. (requested by saibayman)
|j| Rizzofreko
|inactive|Lamoo0oo has 120 seconds left.
|c|☆Lamoo0oo|cool team
|c|☆Lamoo0oo|glhf
|
|t:|1760415324
|teamsize|p1|6
|teamsize|p2|6
|start
|switch|p1a: Metagross|Metagross|100/100
|switch|p2a: Darkrai|Darkrai|100/100
|turn|1
|
|t:|1760415350
|switch|p1a: Slowking|Slowking-Galar, F|100/100
|move|p2a: Darkrai|Dark Pulse|p1a: Slowking
|-supereffective|p1a: Slowking
|-damage|p1a: Slowking|55/100
|
|upkeep
|turn|2
|inactive|saibayman has 120 seconds left.
|
|t:|1760415397
|move|p2a: Darkrai|Dark Pulse|p1a: Slowking
|-supereffective|p1a: Slowking
|-damage|p1a: Slowking|9/100
|move|p1a: Slowking|Sludge Bomb|p2a: Darkrai
|-damage|p2a: Darkrai|40/100
|
|upkeep
|turn|3
|
|t:|1760415412
|switch|p1a: Meowscarada|Meowscarada, M|100/100
|move|p2a: Darkrai|Dark Pulse|p1a: Meowscarada
|-resisted|p1a: Meowscarada
|-damage|p1a: Meowscarada|70/100
|
|upkeep
|turn|4
|
|t:|1760415419
|switch|p2a: Moltres|Moltres|100/100
|move|p1a: Meowscarada|Play Rough|p2a: Moltres
|-start|p1a: Meowscarada|typechange|Fairy|[from] ability: Protean
|-resisted|p2a: Moltres
|-damage|p2a: Moltres|86/100
|
|upkeep
|turn|5
|
|t:|1760415428
|move|p1a: Meowscarada|Knock Off|p2a: Moltres
|-damage|p2a: Moltres|61/100
|-enditem|p2a: Moltres|Heavy-Duty Boots|[from] move: Knock Off|[of] p1a: Meowscarada
|move|p2a: Moltres|Brave Bird|p1a: Meowscarada
|-damage|p1a: Meowscarada|0 fnt
|faint|p1a: Meowscarada
|-damage|p2a: Moltres|44/100|[from] Recoil
|
|upkeep
|inactive|saibayman has 90 seconds left.
|
|t:|1760415463
|switch|p1a: Dragapult|Dragapult, M|100/100
|turn|6
|
|t:|1760415477
|switch|p2a: Garganacl|Garganacl, F|100/100
|move|p1a: Dragapult|Dragon Darts|p2a: Garganacl
|-damage|p2a: Garganacl|85/100
|-anim|p1a: Dragapult|Dragon Darts|p2a: Garganacl
|-damage|p2a: Garganacl|70/100
|
|-heal|p2a: Garganacl|76/100|[from] item: Leftovers
|upkeep
|turn|7
|inactive|saibayman has 90 seconds left.
|
|t:|1760415495
|move|p1a: Dragapult|U-turn|p2a: Garganacl
|-damage|p2a: Garganacl|61/100
|
|t:|1760415501
|switch|p1a: Metagross|Metagross|100/100|[from] U-turn
|move|p2a: Garganacl|Salt Cure|p1a: Metagross
|-resisted|p1a: Metagross
|-damage|p1a: Metagross|96/100
|-start|p1a: Metagross|Salt Cure
|
|-heal|p2a: Garganacl|67/100|[from] item: Leftovers
|-damage|p1a: Metagross|71/100|[from] Salt Cure
|upkeep
|turn|8
|
|t:|1760415511
|move|p2a: Garganacl|Protect|p2a: Garganacl
|-singleturn|p2a: Garganacl|Protect
|move|p1a: Metagross|Stealth Rock|p2a: Garganacl
|-sidestart|p2: Lamoo0oo|move: Stealth Rock
|
|-heal|p2a: Garganacl|74/100|[from] item: Leftovers
|-damage|p1a: Metagross|46/100|[from] Salt Cure
|upkeep
|turn|9
|
|t:|1760415527
|move|p1a: Metagross|Bullet Punch|p2a: Garganacl
|-supereffective|p2a: Garganacl
|-damage|p2a: Garganacl|50/100
|move|p2a: Garganacl|Curse|p2a: Garganacl
|-unboost|p2a: Garganacl|spe|1
|-boost|p2a: Garganacl|atk|1
|-boost|p2a: Garganacl|def|1
|
|-heal|p2a: Garganacl|56/100|[from] item: Leftovers
|-damage|p1a: Metagross|21/100|[from] Salt Cure
|upkeep
|turn|10
|
|t:|1760415544
|switch|p1a: Zapdos|Zapdos|100/100
|move|p2a: Garganacl|Recover|p2a: Garganacl
|-heal|p2a: Garganacl|100/100
|
|upkeep
|turn|11
|
|t:|1760415554
|move|p1a: Zapdos|Volt Switch|p2a: Garganacl
|-damage|p2a: Garganacl|65/100
|
|t:|1760415562
|switch|p1a: Great Tusk|Great Tusk|100/100|[from] Volt Switch
|move|p2a: Garganacl|Salt Cure|p1a: Great Tusk
|-resisted|p1a: Great Tusk
|-damage|p1a: Great Tusk|98/100
|-start|p1a: Great Tusk|Salt Cure
|
|-heal|p1a: Great Tusk|100/100|[from] item: Leftovers
|-heal|p2a: Garganacl|72/100|[from] item: Leftovers
|-damage|p1a: Great Tusk|88/100|[from] Salt Cure
|upkeep
|turn|12
|
|t:|1760415573
|move|p2a: Garganacl|Protect|p2a: Garganacl
|-singleturn|p2a: Garganacl|Protect
|move|p1a: Great Tusk|Earthquake|p2a: Garganacl
|-activate|p2a: Garganacl|move: Protect
|
|-heal|p1a: Great Tusk|94/100|[from] item: Leftovers
|-heal|p2a: Garganacl|78/100|[from] item: Leftovers
|-damage|p1a: Great Tusk|82/100|[from] Salt Cure
|upkeep
|turn|13
|
|t:|1760415582
|switch|p2a: Moltres|Moltres|44/100
|-damage|p2a: Moltres|0 fnt|[from] Stealth Rock
|faint|p2a: Moltres
|move|p1a: Great Tusk|Earthquake|p2: Moltres|[notarget]
|-fail|p1a: Great Tusk
|
|-heal|p1a: Great Tusk|88/100|[from] item: Leftovers
|-damage|p1a: Great Tusk|76/100|[from] Salt Cure
|upkeep
|inactive|Lamoo0oo has 120 seconds left.
|j| KappaHalo
|
|t:|1760415627
|switch|p2a: Great Tusk|Great Tusk|100/100
|turn|14
|inactive|saibayman has 90 seconds left.
|inactive|saibayman has 60 seconds left.
|j| wgw2333
|inactive|saibayman has 30 seconds left.
|
|t:|1760415700
|-end|p1a: Great Tusk|Protosynthesis|[silent]
|switch|p1a: Dragapult|Dragapult, M|100/100
|move|p2a: Great Tusk|Rapid Spin|p1a: Dragapult
|-immune|p1a: Dragapult
|
|upkeep
|turn|15
|c|☆Lamoo0oo|hello everyone
|inactive|Lamoo0oo has 120 seconds left.
|inactive|saibayman has 30 seconds left.
|
|t:|1760415715
|-end|p2a: Great Tusk|Protosynthesis|[silent]
|switch|p2a: Garganacl|Garganacl, F|78/100
|-damage|p2a: Garganacl|65/100|[from] Stealth Rock
|move|p1a: Dragapult|Will-O-Wisp|p2a: Garganacl
|-immune|p2a: Garganacl|[from] ability: Purifying Salt
|
|-heal|p2a: Garganacl|72/100|[from] item: Leftovers
|upkeep
|turn|16
|inactive|saibayman has 30 seconds left.
|
|t:|1760415731
|move|p1a: Dragapult|U-turn|p2a: Garganacl
|-damage|p2a: Garganacl|58/100
|inactive|saibayman has 30 seconds left this turn.
|
|t:|1760415733
|switch|p1a: Slowking|Slowking-Galar, F|42/100|[from] U-turn
|move|p2a: Garganacl|Salt Cure|p1a: Slowking
|-damage|p1a: Slowking|27/100
|-start|p1a: Slowking|Salt Cure
|
|-heal|p2a: Garganacl|64/100|[from] item: Leftovers
|-damage|p1a: Slowking|15/100|[from] Salt Cure
|upkeep
|turn|17
|inactive|saibayman has 30 seconds left.
|
|t:|1760415750
|switch|p1a: Great Tusk|Great Tusk|76/100
|move|p2a: Garganacl|Recover|p2a: Garganacl
|-heal|p2a: Garganacl|100/100
|
|-heal|p1a: Great Tusk|82/100|[from] item: Leftovers
|upkeep
|turn|18
|j| wyjmjl
|inactive|saibayman has 30 seconds left.
|
|t:|1760415761
|switch|p2a: Great Tusk|Great Tusk|100/100
|move|p1a: Great Tusk|Earthquake|p2a: Great Tusk
|-damage|p2a: Great Tusk|71/100
|
|-heal|p1a: Great Tusk|88/100|[from] item: Leftovers
|upkeep
|turn|19
|
|t:|1760415770
|move|p2a: Great Tusk|Ice Spinner|p1a: Great Tusk
|-supereffective|p1a: Great Tusk
|-damage|p1a: Great Tusk|61/100
|move|p1a: Great Tusk|Bulk Up|p1a: Great Tusk
|-boost|p1a: Great Tusk|atk|1
|-boost|p1a: Great Tusk|def|1
|
|-heal|p1a: Great Tusk|67/100|[from] item: Leftovers
|upkeep
|turn|20
|
|t:|1760415779
|move|p2a: Great Tusk|Rapid Spin|p1a: Great Tusk
|-crit|p1a: Great Tusk
|-damage|p1a: Great Tusk|54/100
|-boost|p2a: Great Tusk|spe|1
|-sideend|p2: Lamoo0oo|Stealth Rock|[from] move: Rapid Spin|[of] p2a: Great Tusk
|move|p1a: Great Tusk|Rapid Spin|p2a: Great Tusk
|-damage|p2a: Great Tusk|56/100
|-boost|p1a: Great Tusk|spe|1
|
|-heal|p1a: Great Tusk|60/100|[from] item: Leftovers
|upkeep
|turn|21
|
|t:|1760415789
|move|p2a: Great Tusk|Ice Spinner|p1a: Great Tusk
|-supereffective|p1a: Great Tusk
|-damage|p1a: Great Tusk|44/100
|move|p1a: Great Tusk|Rapid Spin|p2a: Great Tusk
|-damage|p2a: Great Tusk|40/100
|-boost|p1a: Great Tusk|spe|1
|
|-heal|p1a: Great Tusk|50/100|[from] item: Leftovers
|upkeep
|turn|22
|
|t:|1760415812
|move|p2a: Great Tusk|Ice Spinner|p1a: Great Tusk
|-supereffective|p1a: Great Tusk
|-damage|p1a: Great Tusk|33/100
|move|p1a: Great Tusk|Bulk Up|p1a: Great Tusk
|-boost|p1a: Great Tusk|atk|1
|-boost|p1a: Great Tusk|def|1
|
|-heal|p1a: Great Tusk|39/100|[from] item: Leftovers
|upkeep
|turn|23
|
|t:|1760415822
|move|p2a: Great Tusk|Stealth Rock|p1a: Great Tusk
|-sidestart|p1: saibayman|move: Stealth Rock
|move|p1a: Great Tusk|Body Press|p2a: Great Tusk
|-damage|p2a: Great Tusk|0 fnt
|faint|p2a: Great Tusk
|-end|p2a: Great Tusk|Protosynthesis|[silent]
|
|-heal|p1a: Great Tusk|45/100|[from] item: Leftovers
|upkeep
|l| wyjmjl
|
|t:|1760415829
|switch|p2a: Darkrai|Darkrai|40/100
|turn|24
|inactive|saibayman has 60 seconds left.
|
|t:|1760415836
|move|p2a: Darkrai|Ice Beam|p1a: Great Tusk
|-supereffective|p1a: Great Tusk
|-damage|p1a: Great Tusk|0 fnt
|faint|p1a: Great Tusk
|-end|p1a: Great Tusk|Protosynthesis|[silent]
|
|upkeep
|inactive|saibayman has 60 seconds left.
|-message|saibayman forfeited.
|
|win|Lamoo0oo
|raw|saibayman's rating: 1513 &rarr; <strong>1493</strong><br />(-20 for losing)
|raw|Lamoo0oo's rating: 1516 &rarr; <strong>1536</strong><br />(+20 for winning)
|l|☆saibayman
|player|p1|
|c|☆Lamoo0oo|gg
|l|☆Lamoo0oo
|player|p2|
