|j|☆vsbjevb
|j|☆Sun Yp
|t:|1760454045
|gametype|singles
|player|p1|vsbjevb|102|1164
|player|p2|Sun Yp|2|1109
|gen|9
|tier|[Gen 9] OU
|rated|
|rule|HP Percentage Mod: HP is shown in percentages
|rule|Endless Battle Clause: Forcing endless battles is banned
|rule|Species Clause: Limit one of each Pokémon
|rule|OHKO Clause: OHKO moves are banned
|rule|Evasion Items Clause: Evasion items are banned
|rule|Evasion Moves Clause: Evasion moves are banned
|rule|Evasion Abilities Clause: Evasion abilities are banned
|rule|Sleep Moves Clause: Sleep-inducing moves are banned
|clearpoke
|poke|p1|Farigiraf, M|
|poke|p1|Alomomola, M|
|poke|p1|Clefable, M|
|poke|p1|Gholdengo|
|poke|p1|Kyurem|
|poke|p1|Great Tusk|
|poke|p2|Indeedee, M|
|poke|p2|Primarina, F|
|poke|p2|Rotom-Wash|
|poke|p2|Landorus-Therian, M|
|poke|p2|Deoxys-Defense|
|poke|p2|Corviknight, M|
|teampreview
|inactive|Battle timer is ON: inactive players will automatically lose when time's up. (requested by vsbjevb)
|
|t:|1760454067
|teamsize|p1|6
|teamsize|p2|6
|start
|switch|p1a: Gholdengo|Gholdengo|100/100
|switch|p2a: Deoxys|Deoxys-Defense|100/100
|-ability|p2a: Deoxys|Pressure
|turn|1
|
|t:|1760454080
|switch|p2a: Rotom|Rotom-Wash|100/100
|move|p1a: Gholdengo|Shadow Ball|p2a: Rotom
|-damage|p2a: Rotom|36/100
|-unboost|p2a: Rotom|spd|1
|
|upkeep
|turn|2
|
|t:|1760454099
|-terastallize|p2a: Rotom|Dark
|move|p2a: Rotom|Dark Pulse|p1a: Gholdengo
|-supereffective|p1a: Gholdengo
|-damage|p1a: Gholdengo|10/100
|move|p1a: Gholdengo|Shadow Ball|p2a: Rotom
|-resisted|p2a: Rotom
|-damage|p2a: Rotom|0 fnt
|faint|p2a: Rotom
|
|upkeep
|
|t:|1760454113
|switch|p2a: Indeedee|Indeedee, M|100/100
|-fieldstart|move: Psychic Terrain|[from] ability: Psychic Surge|[of] p2a: Indeedee
|turn|3
|
|t:|1760454128
|switch|p1a: Farigiraf|Farigiraf, M|100/100
|move|p2a: Indeedee|Expanding Force|p1a: Farigiraf
|-resisted|p1a: Farigiraf
|-damage|p1a: Farigiraf|65/100
|
|-heal|p1a: Farigiraf|71/100|[from] item: Leftovers
|upkeep
|turn|4
|
|t:|1760454150
|switch|p2a: Landorus|Landorus-Therian, M|100/100
|-ability|p2a: Landorus|Intimidate|boost
|-unboost|p1a: Farigiraf|atk|1
|move|p1a: Farigiraf|Calm Mind|p1a: Farigiraf
|-boost|p1a: Farigiraf|spa|1
|-boost|p1a: Farigiraf|spd|1
|
|-heal|p1a: Farigiraf|78/100|[from] item: Leftovers
|upkeep
|turn|5
|
|t:|1760454165
|move|p2a: Landorus|Earthquake|p1a: Farigiraf
|-damage|p1a: Farigiraf|20/100
|move|p1a: Farigiraf|Psychic|p2a: Landorus
|-damage|p2a: Landorus|0 fnt
|faint|p2a: Landorus
|
|-heal|p1a: Farigiraf|26/100|[from] item: Leftovers
|upkeep
|-message|Sun Yp forfeited.
|
|win|vsbjevb
|raw|vsbjevb's rating: 1164 &rarr; <strong>1185</strong><br />(+21 for winning)
|raw|Sun Yp's rating: 1109 &rarr; <strong>1088</strong><br />(-21 for losing)
|l|☆Sun Yp
|player|p2|
|l|☆vsbjevb
|player|p1|
