|badge|p2|silver|gen9ou|30-7
|uhtml|medal-msg|<div class="broadcast-blue">Curious what those medals under the avatar are? PS now has Ladder Seasons! For more information, check out the <a href="https://www.smogon.com/forums/threads/3740067/">thread on Smogon.</a></div>
|j|☆DNU_ambassadors
|j|☆Swiscool
|t:|1760429366
|gametype|singles
|player|p1|DNU_ambassadors|unknown|1617
|player|p2|Swiscool|170|1919
|gen|9
|tier|[Gen 9] OU
|rated|
|rule|HP Percentage Mod: HP is shown in percentages
|rule|Endless Battle Clause: Forcing endless battles is banned
|rule|Species Clause: Limit one of each Pokémon
|rule|OHKO Clause: OHKO moves are banned
|rule|Evasion Items Clause: Evasion items are banned
|rule|Evasion Moves Clause: Evasion moves are banned
|rule|Evasion Abilities Clause: Evasion abilities are banned
|rule|Sleep Moves Clause: Sleep-inducing moves are banned
|clearpoke
|poke|p1|Deoxys-Speed|
|poke|p1|Ceruledge, F|
|poke|p1|Iron Crown|
|poke|p1|Gliscor, F|
|poke|p1|Gholdengo|
|poke|p1|Ogerpon-Wellspring, F|
|poke|p2|Samurott-Hisui, F|
|poke|p2|Darkrai|
|poke|p2|Kingambit, F|
|poke|p2|Landorus-Therian, M|
|poke|p2|Pecharunt|
|poke|p2|Enamorus, F|
|teampreview
|inactive|Battle timer is ON: inactive players will automatically lose when time's up. (requested by DNU_ambassadors)
|
|t:|1760429375
|teamsize|p1|6
|teamsize|p2|6
|start
|switch|p1a: Ogerpon|Ogerpon-Wellspring, F|100/100
|switch|p2a: Darkrai|Darkrai|100/100
|turn|1
|
|t:|1760429388
|move|p2a: Darkrai|Dark Pulse|p1a: Ogerpon
|-damage|p1a: Ogerpon|50/100
|move|p1a: Ogerpon|Ivy Cudgel|p2a: Darkrai|[anim] Ivy Cudgel Water
|-crit|p2a: Darkrai
|-damage|p2a: Darkrai|0 fnt
|faint|p2a: Darkrai
|
|upkeep
|
|t:|1760429402
|switch|p2a: Samurott|Samurott-Hisui, F|100/100
|turn|2
|
|t:|1760429407
|move|p2a: Samurott|Sucker Punch|p1a: Ogerpon
|-damage|p1a: Ogerpon|1/100
|move|p1a: Ogerpon|Trailblaze|p2a: Samurott
|-supereffective|p2a: Samurott
|-damage|p2a: Samurott|26/100
|-boost|p1a: Ogerpon|spe|1
|
|upkeep
|turn|3
|j| wgw2333
|
|t:|1760429416
|move|p2a: Samurott|Sucker Punch|p1a: Ogerpon
|-damage|p1a: Ogerpon|0 fnt
|faint|p1a: Ogerpon
|
|upkeep
|inactive|DNU_ambassadors has 120 seconds left.
|inactive|DNU_ambassadors has 90 seconds left.
|
|t:|1760429484
|switch|p1a: Iron Crown|Iron Crown|100/100
|-enditem|p1a: Iron Crown|Booster Energy
|-activate|p1a: Iron Crown|ability: Quark Drive|[fromitem]
|-start|p1a: Iron Crown|quarkdrivespe
|turn|4
|inactive|DNU_ambassadors has 90 seconds left.
|
|t:|1760429495
|move|p2a: Samurott|Sucker Punch|p1a: Iron Crown
|-supereffective|p1a: Iron Crown
|-damage|p1a: Iron Crown|27/100
|move|p1a: Iron Crown|Tachyon Cutter|p2a: Samurott
|-resisted|p2a: Samurott
|-damage|p2a: Samurott|9/100
|-resisted|p2a: Samurott
|-damage|p2a: Samurott|0 fnt
|faint|p2a: Samurott
|-hitcount|p2: Samurott|2
|
|upkeep
|
|t:|1760429508
|switch|p2a: Kingambit|Kingambit, F|100/100
|-activate|p2a: Kingambit|ability: Supreme Overlord
|-start|p2a: Kingambit|fallen2|[silent]
|-item|p2a: Kingambit|Air Balloon
|turn|5
|
|t:|1760429518
|move|p2a: Kingambit|Sucker Punch|p1a: Iron Crown
|-supereffective|p1a: Iron Crown
|-crit|p1a: Iron Crown
|-damage|p1a: Iron Crown|0 fnt
|faint|p1a: Iron Crown
|-end|p1a: Iron Crown|Quark Drive|[silent]
|
|upkeep
|inactive|DNU_ambassadors has 90 seconds left.
|
|t:|1760429535
|switch|p1a: Gliscor|Gliscor, F|100/100
|turn|6
|inactive|DNU_ambassadors has 90 seconds left.
|
|t:|1760429543
|move|p1a: Gliscor|Facade|p2a: Kingambit
|-resisted|p2a: Kingambit
|-damage|p2a: Kingambit|95/100
|-enditem|p2a: Kingambit|Air Balloon
|move|p2a: Kingambit|Swords Dance|p2a: Kingambit
|-boost|p2a: Kingambit|atk|2
|
|-status|p1a: Gliscor|tox|[from] item: Toxic Orb
|upkeep
|turn|7
|
|t:|1760429550
|move|p1a: Gliscor|Earthquake|p2a: Kingambit
|-supereffective|p2a: Kingambit
|-damage|p2a: Kingambit|48/100
|move|p2a: Kingambit|Kowtow Cleave|p1a: Gliscor
|-damage|p1a: Gliscor|15/100 tox
|
|-heal|p1a: Gliscor|27/100 tox|[from] ability: Poison Heal
|upkeep
|turn|8
|
|t:|1760429565
|move|p1a: Gliscor|Protect|p1a: Gliscor
|-singleturn|p1a: Gliscor|Protect
|move|p2a: Kingambit|Kowtow Cleave|p1a: Gliscor
|-activate|p1a: Gliscor|move: Protect
|
|-heal|p1a: Gliscor|40/100 tox|[from] ability: Poison Heal
|upkeep
|turn|9
|
|t:|1760429569
|move|p2a: Kingambit|Sucker Punch||[still]
|-fail|p2a: Kingambit
|move|p1a: Gliscor|Swords Dance|p1a: Gliscor
|-boost|p1a: Gliscor|atk|2
|
|-heal|p1a: Gliscor|52/100 tox|[from] ability: Poison Heal
|upkeep
|turn|10
|
|t:|1760429577
|-end|p2a: Kingambit|fallen2|[silent]
|switch|p2a: Enamorus|Enamorus, F|100/100
|move|p1a: Gliscor|Protect||[still]
|-fail|p1a: Gliscor
|
|-heal|p1a: Gliscor|65/100 tox|[from] ability: Poison Heal
|upkeep
|turn|11
|
|t:|1760429582
|move|p2a: Enamorus|Moonblast|p1a: Gliscor
|-damage|p1a: Gliscor|4/100 tox
|-unboost|p1a: Gliscor|spa|1
|move|p1a: Gliscor|Facade|p2a: Enamorus
|-damage|p2a: Enamorus|11/100
|
|-heal|p1a: Gliscor|17/100 tox|[from] ability: Poison Heal
|upkeep
|turn|12
|
|t:|1760429590
|move|p2a: Enamorus|Moonblast|p1a: Gliscor
|-damage|p1a: Gliscor|0 fnt
|faint|p1a: Gliscor
|
|upkeep
|
|t:|1760429591
|switch|p1a: Deoxys|Deoxys-Speed|100/100
|-ability|p1a: Deoxys|Pressure
|turn|13
|
|t:|1760429595
|switch|p2a: Landorus|Landorus-Therian, M|100/100
|-ability|p2a: Landorus|Intimidate|boost
|-unboost|p1a: Deoxys|atk|1
|move|p1a: Deoxys|Light Screen|p1a: Deoxys
|-sidestart|p1: DNU_ambassadors|move: Light Screen
|
|upkeep
|turn|14
|
|t:|1760429599
|move|p1a: Deoxys|Reflect|p1a: Deoxys
|-sidestart|p1: DNU_ambassadors|Reflect
|move|p2a: Landorus|Stealth Rock|p1a: Deoxys
|-sidestart|p1: DNU_ambassadors|move: Stealth Rock
|
|upkeep
|turn|15
|
|t:|1760429613
|switch|p1a: Ceruledge|Ceruledge, F, shiny|100/100
|-damage|p1a: Ceruledge|76/100|[from] Stealth Rock
|move|p2a: Landorus|U-turn|p1a: Ceruledge
|-resisted|p1a: Ceruledge
|-damage|p1a: Ceruledge|72/100
|-ability|p1a: Ceruledge|Weak Armor|boost
|-unboost|p1a: Ceruledge|def|1
|-boost|p1a: Ceruledge|spe|2
|
|t:|1760429621
|switch|p2a: Kingambit|Kingambit, F|48/100|[from] U-turn
|-activate|p2a: Kingambit|ability: Supreme Overlord
|-start|p2a: Kingambit|fallen2|[silent]
|
|upkeep
|turn|16
|
|t:|1760429639
|-end|p2a: Kingambit|fallen2|[silent]
|switch|p2a: Landorus|Landorus-Therian, M|100/100
|-ability|p2a: Landorus|Intimidate|boost
|-unboost|p1a: Ceruledge|atk|1
|move|p1a: Ceruledge|Shadow Sneak|p2a: Landorus
|-damage|p2a: Landorus|89/100
|-damage|p1a: Ceruledge|55/100|[from] item: Rocky Helmet|[of] p2a: Landorus
|
|upkeep
|turn|17
|
|t:|1760429647
|move|p1a: Ceruledge|Poltergeist|p2a: Landorus
|-activate|p2a: Landorus|move: Poltergeist|Rocky Helmet
|-damage|p2a: Landorus|63/100
|move|p2a: Landorus|Earthquake|p1a: Ceruledge
|-supereffective|p1a: Ceruledge
|-damage|p1a: Ceruledge|0 fnt
|faint|p1a: Ceruledge
|
|upkeep
|
|t:|1760429655
|switch|p1a: Gholdengo|Gholdengo|100/100
|-damage|p1a: Gholdengo|94/100|[from] Stealth Rock
|turn|18
|
|t:|1760429661
|move|p1a: Gholdengo|Make It Rain|p2a: Landorus
|-damage|p2a: Landorus|0 fnt
|-unboost|p1a: Gholdengo|spa|1
|faint|p2a: Landorus
|
|upkeep
|
|t:|1760429667
|switch|p2a: Enamorus|Enamorus, F|11/100
|turn|19
|
|t:|1760429671
|move|p1a: Gholdengo|Make It Rain|p2a: Enamorus
|-supereffective|p2a: Enamorus
|-damage|p2a: Enamorus|0 fnt
|-unboost|p1a: Gholdengo|spa|1
|faint|p2a: Enamorus
|
|upkeep
|
|t:|1760429676
|switch|p2a: Kingambit|Kingambit, F|48/100
|-activate|p2a: Kingambit|ability: Supreme Overlord
|-start|p2a: Kingambit|fallen4|[silent]
|turn|20
|
|t:|1760429680
|switch|p1a: Deoxys|Deoxys-Speed|100/100
|-damage|p1a: Deoxys|88/100|[from] Stealth Rock
|-ability|p1a: Deoxys|Pressure
|move|p2a: Kingambit|Swords Dance|p2a: Kingambit
|-boost|p2a: Kingambit|atk|2
|
|-sideend|p1: DNU_ambassadors|move: Light Screen
|upkeep
|turn|21
|
|t:|1760429690
|move|p1a: Deoxys|Taunt|p2a: Kingambit
|-start|p2a: Kingambit|move: Taunt
|move|p2a: Kingambit|Kowtow Cleave|p1a: Deoxys
|-supereffective|p1a: Deoxys
|-damage|p1a: Deoxys|0 fnt
|faint|p1a: Deoxys
|
|-sideend|p1: DNU_ambassadors|Reflect
|upkeep
|
|t:|1760429692
|switch|p1a: Gholdengo|Gholdengo|94/100
|-damage|p1a: Gholdengo|88/100|[from] Stealth Rock
|turn|22
|
|t:|1760429696
|-terastallize|p1a: Gholdengo|Fighting
|move|p1a: Gholdengo|Trick|p2a: Kingambit
|-activate|p1a: Gholdengo|move: Trick|[of] p2a: Kingambit
|-item|p2a: Kingambit|Choice Scarf|[from] move: Trick
|-enditem|p1a: Gholdengo|Choice Scarf|[silent]|[from] move: Trick
|move|p2a: Kingambit|Kowtow Cleave|p1a: Gholdengo
|-resisted|p1a: Gholdengo
|-damage|p1a: Gholdengo|3/100
|
|upkeep
|turn|23
|
|t:|1760429706
|-terastallize|p2a: Kingambit|Ghost
|move|p1a: Gholdengo|Focus Blast|p2a: Kingambit
|-immune|p2a: Kingambit
|move|p2a: Kingambit|Kowtow Cleave|p1a: Gholdengo
|-resisted|p1a: Gholdengo
|-damage|p1a: Gholdengo|0 fnt
|faint|p1a: Gholdengo
|
|win|Swiscool
|raw|DNU_ambassadors's rating: 1631 &rarr; <strong>1625</strong><br />(-6 for losing)
|raw|Swiscool's rating: 1919 &rarr; <strong>1925</strong><br />(+6 for winning)
|l|☆DNU_ambassadors
|player|p1|
|l|☆Swiscool
|player|p2|
