|j|☆lebrondajoo
|j|☆Potential Man
|t:|1760355232
|gametype|singles
|player|p1|lebrondajoo|hoopster|1495
|player|p2|Potential Man|brock-gen2|1551
|gen|9
|tier|[Gen 9] OU
|rated|
|rule|HP Percentage Mod: HP is shown in percentages
|rule|Endless Battle Clause: Forcing endless battles is banned
|rule|Species Clause: Limit one of each Pokémon
|rule|OHKO Clause: OHKO moves are banned
|rule|Evasion Items Clause: Evasion items are banned
|rule|Evasion Moves Clause: Evasion moves are banned
|rule|Evasion Abilities Clause: Evasion abilities are banned
|rule|Sleep Moves Clause: Sleep-inducing moves are banned
|clearpoke
|poke|p1|Gliscor, M|
|poke|p1|Meowscarada, M|
|poke|p1|Ogerpon-Wellspring, F|
|poke|p1|Great Tusk|
|poke|p1|Pecharunt|
|poke|p1|Kingambit, M|
|poke|p2|Toxtricity, F|
|poke|p2|Landorus-Therian, M|
|poke|p2|Kingambit, M|
|poke|p2|Dragonite, F|
|poke|p2|Primarina, M|
|poke|p2|Iron Treads|
|teampreview
|
|t:|1760355243
|teamsize|p1|6
|teamsize|p2|6
|start
|switch|p1a: Great Tusk|Great Tusk|100/100
|switch|p2a: Bad Amp|Toxtricity, F, shiny|100/100
|turn|1
|
|t:|1760355250
|move|p1a: Great Tusk|Stealth Rock|p2a: Bad Amp
|-sidestart|p2: Potential Man|move: Stealth Rock
|move|p2a: Bad Amp|Boomburst|p1a: Great Tusk
|-damage|p1a: Great Tusk|0 fnt
|faint|p1a: Great Tusk
|-end|p1a: Great Tusk|Protosynthesis|[silent]
|
|upkeep
|
|t:|1760355260
|switch|p1a: Pecharunt|Pecharunt|100/100
|turn|2
|
|t:|1760355265
|switch|p2a: Iron Treads|Iron Treads|100/100
|-damage|p2a: Iron Treads|97/100|[from] Stealth Rock
|move|p1a: Pecharunt|Hex|p2a: Iron Treads
|-damage|p2a: Iron Treads|67/100
|
|-heal|p2a: Iron Treads|74/100|[from] item: Leftovers
|upkeep
|turn|3
|
|t:|1760355269
|move|p2a: Iron Treads|Rapid Spin|p1a: Pecharunt
|-immune|p1a: Pecharunt
|move|p1a: Pecharunt|Parting Shot|p2a: Iron Treads
|-unboost|p2a: Iron Treads|atk|1
|-unboost|p2a: Iron Treads|spa|1
|
|t:|1760355276
|switch|p1a: Ogerpon|Ogerpon-Wellspring, F|100/100|[from] Parting Shot
|
|-heal|p2a: Iron Treads|80/100|[from] item: Leftovers
|upkeep
|turn|4
|
|t:|1760355287
|-end|p2a: Iron Treads|Quark Drive|[silent]
|switch|p2a: Dragonite|Dragonite, F|100/100
|move|p1a: Ogerpon|Ivy Cudgel|p2a: Dragonite|[anim] Ivy Cudgel Water
|-resisted|p2a: Dragonite
|-damage|p2a: Dragonite|86/100
|
|upkeep
|turn|5
|
|t:|1760355294
|switch|p2a: Iron Treads|Iron Treads|80/100
|-damage|p2a: Iron Treads|77/100|[from] Stealth Rock
|move|p1a: Ogerpon|Play Rough|p2a: Iron Treads
|-resisted|p2a: Iron Treads
|-damage|p2a: Iron Treads|61/100
|
|-heal|p2a: Iron Treads|67/100|[from] item: Leftovers
|upkeep
|turn|6
|
|t:|1760355298
|move|p1a: Ogerpon|Ivy Cudgel|p2a: Iron Treads|[anim] Ivy Cudgel Water
|-supereffective|p2a: Iron Treads
|-damage|p2a: Iron Treads|0 fnt
|faint|p2a: Iron Treads
|-end|p2a: Iron Treads|Quark Drive|[silent]
|
|upkeep
|
|t:|1760355301
|switch|p2a: Kingambit|Kingambit, M|100/100
|-damage|p2a: Kingambit|94/100|[from] Stealth Rock
|-activate|p2a: Kingambit|ability: Supreme Overlord
|-start|p2a: Kingambit|fallen1|[silent]
|turn|7
|
|t:|1760355310
|switch|p1a: Gliscor|Gliscor, M|100/100
|move|p2a: Kingambit|Kowtow Cleave|p1a: Gliscor
|-damage|p1a: Gliscor|46/100
|
|-status|p1a: Gliscor|tox|[from] item: Toxic Orb
|upkeep
|turn|8
|
|t:|1760355317
|move|p1a: Gliscor|Protect|p1a: Gliscor
|-singleturn|p1a: Gliscor|Protect
|move|p2a: Kingambit|Swords Dance|p2a: Kingambit
|-boost|p2a: Kingambit|atk|2
|
|-heal|p1a: Gliscor|58/100 tox|[from] ability: Poison Heal
|upkeep
|turn|9
|
|t:|1760355326
|move|p2a: Kingambit|Sucker Punch||[still]
|-fail|p2a: Kingambit
|move|p1a: Gliscor|Spikes|p2a: Kingambit
|-sidestart|p2: Potential Man|Spikes
|
|-heal|p1a: Gliscor|71/100 tox|[from] ability: Poison Heal
|upkeep
|turn|10
|
|t:|1760355332
|move|p1a: Gliscor|Protect|p1a: Gliscor
|-singleturn|p1a: Gliscor|Protect
|move|p2a: Kingambit|Kowtow Cleave|p1a: Gliscor
|-activate|p1a: Gliscor|move: Protect
|
|-heal|p1a: Gliscor|83/100 tox|[from] ability: Poison Heal
|upkeep
|turn|11
|
|t:|1760355336
|move|p1a: Gliscor|Protect||[still]
|-fail|p1a: Gliscor
|move|p2a: Kingambit|Kowtow Cleave|p1a: Gliscor
|-damage|p1a: Gliscor|0 fnt
|faint|p1a: Gliscor
|
|upkeep
|
|t:|1760355348
|switch|p1a: Meowscarada|Meowscarada, M|100/100
|turn|12
|
|t:|1760355356
|move|p2a: Kingambit|Sucker Punch|p1a: Meowscarada
|-resisted|p1a: Meowscarada
|-damage|p1a: Meowscarada|20/100
|move|p1a: Meowscarada|U-turn|p2a: Kingambit
|-start|p1a: Meowscarada|typechange|Bug|[from] ability: Protean
|-damage|p2a: Kingambit|72/100
|
|t:|1760355372
|switch|p1a: Kingambit|Kingambit, M|100/100|[from] U-turn
|-activate|p1a: Kingambit|ability: Supreme Overlord
|-start|p1a: Kingambit|fallen2|[silent]
|
|upkeep
|turn|13
|
|t:|1760355379
|move|p1a: Kingambit|Swords Dance|p1a: Kingambit
|-boost|p1a: Kingambit|atk|2
|move|p2a: Kingambit|Kowtow Cleave|p1a: Kingambit
|-resisted|p1a: Kingambit
|-damage|p1a: Kingambit|49/100
|
|-heal|p1a: Kingambit|55/100|[from] item: Leftovers
|upkeep
|turn|14
|
|t:|1760355386
|move|p1a: Kingambit|Sucker Punch|p2a: Kingambit
|-resisted|p2a: Kingambit
|-damage|p2a: Kingambit|36/100
|move|p2a: Kingambit|Kowtow Cleave|p1a: Kingambit
|-resisted|p1a: Kingambit
|-damage|p1a: Kingambit|0 fnt
|faint|p1a: Kingambit
|-end|p1a: Kingambit|fallen2|[silent]
|
|upkeep
|
|t:|1760355392
|switch|p1a: Ogerpon|Ogerpon-Wellspring, F|100/100
|turn|15
|
|t:|1760355396
|-terastallize|p1a: Ogerpon|Water
|detailschange|p1a: Ogerpon|Ogerpon-Wellspring-Tera, F, tera:Water
|-ability|p1a: Ogerpon|Embody Aspect (Wellspring)|boost
|-boost|p1a: Ogerpon|spd|1
|move|p2a: Kingambit|Sucker Punch|p1a: Ogerpon
|-crit|p1a: Ogerpon
|-damage|p1a: Ogerpon|0 fnt
|faint|p1a: Ogerpon
|detailschange|p1: Ogerpon|Ogerpon-Wellspring, F|[silent]
|
|upkeep
|
|t:|1760355402
|switch|p1a: Meowscarada|Meowscarada, M|20/100
|turn|16
|
|t:|1760355406
|move|p2a: Kingambit|Sucker Punch|p1a: Meowscarada
|-resisted|p1a: Meowscarada
|-damage|p1a: Meowscarada|0 fnt
|faint|p1a: Meowscarada
|
|upkeep
|l|☆lebrondajoo
|player|p1|
|inactive|Battle timer is ON: inactive players will automatically lose when time's up. (requested by Potential Man)
|inactive|lebrondajoo has 30 seconds to reconnect!
|inactive|lebrondajoo has 20 seconds to reconnect!
|inactive|lebrondajoo has 15 seconds to reconnect!
|inactive|lebrondajoo has 10 seconds to reconnect!
|inactive|lebrondajoo has 5 seconds to reconnect!
|-message|lebrondajoo lost due to inactivity.
|
|win|Potential Man
|raw|lebrondajoo's rating: 1495 &rarr; <strong>1478</strong><br />(-17 for losing)
|raw|Potential Man's rating: 1551 &rarr; <strong>1568</strong><br />(+17 for winning)
