|j|☆2nueve
|j|☆axcen
|t:|1760432157
|gametype|singles
|player|p1|2nueve|iris-gen5bw2|1154
|player|p2|axcen|palmer|1155
|gen|9
|tier|[Gen 9] OU
|rated|
|rule|HP Percentage Mod: HP is shown in percentages
|rule|Endless Battle Clause: Forcing endless battles is banned
|rule|Species Clause: Limit one of each Pokémon
|rule|OHKO Clause: OHKO moves are banned
|rule|Evasion Items Clause: Evasion items are banned
|rule|Evasion Moves Clause: Evasion moves are banned
|rule|Evasion Abilities Clause: Evasion abilities are banned
|rule|Sleep Moves Clause: Sleep-inducing moves are banned
|clearpoke
|poke|p1|Pecharunt|
|poke|p1|Ogerpon-Wellspring, F|
|poke|p1|Enamorus, F|
|poke|p1|Hoopa-Unbound|
|poke|p1|Cinderace, M|
|poke|p1|Great Tusk|
|poke|p2|Lycanroc-Midnight, M|
|poke|p2|Primeape, F|
|poke|p2|Salazzle, F|
|poke|p2|Maushold|
|poke|p2|Grimmsnarl, M|
|poke|p2|Spidops, F|
|teampreview
|
|t:|1760432172
|teamsize|p1|6
|teamsize|p2|6
|start
|switch|p1a: Pecharunt|Pecharunt|100/100
|switch|p2a: Salazzle|Salazzle, F|100/100
|turn|1
|
|t:|1760432184
|move|p2a: Salazzle|Toxic|p1a: Pecharunt
|-status|p1a: Pecharunt|tox
|move|p1a: Pecharunt|Parting Shot|p2a: Salazzle
|-unboost|p2a: Salazzle|atk|1
|-unboost|p2a: Salazzle|spa|1
|
|t:|1760432201
|switch|p1a: Ogerpon|Ogerpon-Wellspring, F|100/100|[from] Parting Shot
|
|upkeep
|turn|2
|
|t:|1760432218
|switch|p2a: Spidops|Spidops, F|100/100
|move|p1a: Ogerpon|Ivy Cudgel|p2a: Spidops|[anim] Ivy Cudgel Water
|-damage|p2a: Spidops|22/100
|
|upkeep
|turn|3
|
|t:|1760432225
|move|p1a: Ogerpon|Knock Off|p2a: Spidops
|-damage|p2a: Spidops|0 fnt
|-enditem|p2a: Spidops|Focus Sash|[from] move: Knock Off|[of] p1a: Ogerpon
|faint|p2a: Spidops
|
|upkeep
|
|t:|1760432229
|switch|p2a: Primeape|Primeape, F|100/100
|turn|4
|
|t:|1760432239
|move|p1a: Ogerpon|Swords Dance|p1a: Ogerpon
|-boost|p1a: Ogerpon|atk|2
|move|p2a: Primeape|Bulk Up|p2a: Primeape
|-boost|p2a: Primeape|atk|1
|-boost|p2a: Primeape|def|1
|
|upkeep
|turn|5
|
|t:|1760432253
|move|p1a: Ogerpon|Ivy Cudgel|p2a: Primeape|[anim] Ivy Cudgel Water
|-damage|p2a: Primeape|13/100
|move|p2a: Primeape|Drain Punch|p1a: Ogerpon
|-damage|p1a: Ogerpon|32/100
|-heal|p2a: Primeape|50/100|[from] drain|[of] p1a: Ogerpon
|
|upkeep
|turn|6
|
|t:|1760432269
|move|p1a: Ogerpon|Ivy Cudgel|p2a: Primeape|[anim] Ivy Cudgel Water
|-damage|p2a: Primeape|0 fnt
|faint|p2a: Primeape
|
|upkeep
|
|t:|1760432274
|switch|p2a: Grimmsnarl|Grimmsnarl, M|100/100
|turn|7
|
|t:|1760432281
|move|p2a: Grimmsnarl|Reflect|p2a: Grimmsnarl
|-sidestart|p2: axcen|Reflect
|move|p1a: Ogerpon|Horn Leech|p2a: Grimmsnarl
|-damage|p2a: Grimmsnarl|41/100
|-heal|p1a: Ogerpon|71/100|[from] drain|[of] p2a: Grimmsnarl
|
|upkeep
|turn|8
|
|t:|1760432289
|move|p1a: Ogerpon|Swords Dance|p1a: Ogerpon
|-boost|p1a: Ogerpon|atk|2
|move|p2a: Grimmsnarl|Spirit Break|p1a: Ogerpon
|-damage|p1a: Ogerpon|14/100
|-unboost|p1a: Ogerpon|spa|1
|
|upkeep
|turn|9
|
|t:|1760432298
|move|p1a: Ogerpon|Horn Leech|p2a: Grimmsnarl
|-damage|p2a: Grimmsnarl|0 fnt
|-heal|p1a: Ogerpon|41/100|[from] drain|[of] p2a: Grimmsnarl
|faint|p2a: Grimmsnarl
|
|upkeep
|
|t:|1760432309
|switch|p2a: Maushold|Maushold|100/100
|turn|10
|
|t:|1760432317
|move|p2a: Maushold|Population Bomb|p1a: Ogerpon
|-damage|p1a: Ogerpon|26/100
|-damage|p1a: Ogerpon|12/100
|-damage|p1a: Ogerpon|0 fnt
|faint|p1a: Ogerpon
|-hitcount|p1: Ogerpon|3
|
|upkeep
|
|t:|1760432331
|switch|p1a: Hoopa|Hoopa-Unbound|100/100
|turn|11
|
|t:|1760432337
|move|p2a: Maushold|Tidy Up|p2a: Maushold
|-boost|p2a: Maushold|atk|1
|-boost|p2a: Maushold|spe|1
|move|p1a: Hoopa|Drain Punch|p2a: Maushold
|-supereffective|p2a: Maushold
|-damage|p2a: Maushold|49/100
|
|upkeep
|turn|12
|
|t:|1760432349
|switch|p1a: Pecharunt|Pecharunt|100/100 tox
|move|p2a: Maushold|Population Bomb|p1a: Pecharunt
|-immune|p1a: Pecharunt
|
|-damage|p1a: Pecharunt|94/100 tox|[from] psn
|upkeep
|turn|13
|
|t:|1760432356
|move|p2a: Maushold|U-turn|p1a: Pecharunt
|-resisted|p1a: Pecharunt
|-damage|p1a: Pecharunt|92/100 tox
|-damage|p2a: Maushold|33/100|[from] item: Rocky Helmet|[of] p1a: Pecharunt
|
|t:|1760432362
|switch|p2a: Lycanroc|Lycanroc-Midnight, M|100/100|[from] U-turn
|move|p1a: Pecharunt|Malignant Chain|p2a: Lycanroc
|-resisted|p2a: Lycanroc
|-damage|p2a: Lycanroc|81/100
|
|-damage|p1a: Pecharunt|79/100 tox|[from] psn
|upkeep
|turn|14
|
|t:|1760432373
|move|p2a: Lycanroc|Stomping Tantrum|p1a: Pecharunt
|-supereffective|p1a: Pecharunt
|-damage|p1a: Pecharunt|41/100 tox
|-damage|p2a: Lycanroc|64/100|[from] item: Rocky Helmet|[of] p1a: Pecharunt
|move|p1a: Pecharunt|Malignant Chain|p2a: Lycanroc
|-resisted|p2a: Lycanroc
|-damage|p2a: Lycanroc|44/100
|
|-damage|p1a: Pecharunt|23/100 tox|[from] psn
|-sideend|p2: axcen|Reflect
|upkeep
|turn|15
|
|t:|1760432387
|switch|p2a: Salazzle|Salazzle, F|100/100
|switch|p1a: Great Tusk|Great Tusk|100/100
|
|upkeep
|turn|16
|
|t:|1760432397
|-terastallize|p2a: Salazzle|Flying
|move|p2a: Salazzle|Substitute|p2a: Salazzle
|-start|p2a: Salazzle|Substitute
|-damage|p2a: Salazzle|76/100
|move|p1a: Great Tusk|Headlong Rush|p2a: Salazzle
|-immune|p2a: Salazzle
|
|-heal|p2a: Salazzle|82/100|[from] item: Leftovers
|upkeep
|turn|17
|
|t:|1760432406
|move|p2a: Salazzle|Toxic|p1a: Great Tusk
|-status|p1a: Great Tusk|tox
|move|p1a: Great Tusk|Ice Spinner|p2a: Salazzle
|-supereffective|p2a: Salazzle
|-end|p2a: Salazzle|Substitute
|
|-heal|p2a: Salazzle|88/100|[from] item: Leftovers
|-damage|p1a: Great Tusk|94/100 tox|[from] psn
|upkeep
|turn|18
|
|t:|1760432419
|move|p2a: Salazzle|Protect|p2a: Salazzle
|-singleturn|p2a: Salazzle|Protect
|move|p1a: Great Tusk|Ice Spinner|p2a: Salazzle
|-activate|p2a: Salazzle|move: Protect
|
|-heal|p2a: Salazzle|94/100|[from] item: Leftovers
|-damage|p1a: Great Tusk|82/100 tox|[from] psn
|upkeep
|turn|19
|
|t:|1760432430
|move|p2a: Salazzle|Substitute|p2a: Salazzle
|-start|p2a: Salazzle|Substitute
|-damage|p2a: Salazzle|69/100
|move|p1a: Great Tusk|Ice Spinner|p2a: Salazzle
|-supereffective|p2a: Salazzle
|-crit|p2a: Salazzle
|-end|p2a: Salazzle|Substitute
|
|-heal|p2a: Salazzle|75/100|[from] item: Leftovers
|-damage|p1a: Great Tusk|63/100 tox|[from] psn
|upkeep
|turn|20
|
|t:|1760432441
|-end|p1a: Great Tusk|Protosynthesis|[silent]
|switch|p1a: Hoopa|Hoopa-Unbound|100/100
|move|p2a: Salazzle|Substitute|p2a: Salazzle
|-start|p2a: Salazzle|Substitute
|-damage|p2a: Salazzle|50/100
|
|-heal|p2a: Salazzle|57/100|[from] item: Leftovers
|upkeep
|turn|21
|
|t:|1760432449
|move|p2a: Salazzle|Toxic|p1a: Hoopa
|-status|p1a: Hoopa|tox
|move|p1a: Hoopa|Thunderbolt|p2a: Salazzle
|-supereffective|p2a: Salazzle
|-end|p2a: Salazzle|Substitute
|
|-heal|p2a: Salazzle|63/100|[from] item: Leftovers
|-damage|p1a: Hoopa|94/100 tox|[from] psn
|upkeep
|turn|22
|
|t:|1760432461
|move|p2a: Salazzle|Protect|p2a: Salazzle
|-singleturn|p2a: Salazzle|Protect
|move|p1a: Hoopa|Knock Off|p2a: Salazzle
|-activate|p2a: Salazzle|move: Protect
|
|-heal|p2a: Salazzle|69/100|[from] item: Leftovers
|-damage|p1a: Hoopa|82/100 tox|[from] psn
|upkeep
|turn|23
|
|t:|1760432471
|move|p2a: Salazzle|Substitute|p2a: Salazzle
|-start|p2a: Salazzle|Substitute
|-damage|p2a: Salazzle|44/100
|move|p1a: Hoopa|Knock Off|p2a: Salazzle
|-end|p2a: Salazzle|Substitute
|
|-heal|p2a: Salazzle|50/100|[from] item: Leftovers
|-damage|p1a: Hoopa|64/100 tox|[from] psn
|upkeep
|turn|24
|
|t:|1760432493
|move|p2a: Salazzle|Substitute|p2a: Salazzle
|-start|p2a: Salazzle|Substitute
|-damage|p2a: Salazzle|25/100
|move|p1a: Hoopa|Thunderbolt|p2a: Salazzle
|-supereffective|p2a: Salazzle
|-end|p2a: Salazzle|Substitute
|
|-heal|p2a: Salazzle|31/100|[from] item: Leftovers
|-damage|p1a: Hoopa|40/100 tox|[from] psn
|upkeep
|turn|25
|
|t:|1760432505
|move|p2a: Salazzle|Protect|p2a: Salazzle
|-singleturn|p2a: Salazzle|Protect
|move|p1a: Hoopa|Thunderbolt|p2a: Salazzle
|-activate|p2a: Salazzle|move: Protect
|
|-heal|p2a: Salazzle|38/100|[from] item: Leftovers
|-damage|p1a: Hoopa|10/100 tox|[from] psn
|upkeep
|turn|26
|
|t:|1760432516
|move|p2a: Salazzle|Flamethrower|p1a: Hoopa
|-damage|p1a: Hoopa|0 fnt
|faint|p1a: Hoopa
|
|-heal|p2a: Salazzle|44/100|[from] item: Leftovers
|upkeep
|c|☆2nueve|gg this is hyper funny
|
|t:|1760432527
|switch|p1a: Enamorus|Enamorus, F|100/100
|turn|27
|
|t:|1760432532
|-terastallize|p1a: Enamorus|Stellar
|move|p2a: Salazzle|Protect|p2a: Salazzle
|-singleturn|p2a: Salazzle|Protect
|move|p1a: Enamorus|Tera Blast|p2a: Salazzle|[anim] Tera Blast Stellar
|-activate|p2a: Salazzle|move: Protect
|
|-heal|p2a: Salazzle|50/100|[from] item: Leftovers
|upkeep
|turn|28
|c|☆2nueve|we should play more by this way
|
|t:|1760432548
|move|p1a: Enamorus|Tera Blast|p2a: Salazzle|[anim] Tera Blast Stellar
|-supereffective|p2a: Salazzle
|-damage|p2a: Salazzle|0 fnt
|-boost|p1a: Enamorus|atk|1
|-boost|p1a: Enamorus|spa|1
|faint|p2a: Salazzle
|
|upkeep
|
|t:|1760432552
|switch|p2a: Lycanroc|Lycanroc-Midnight, M|44/100
|turn|29
|c|☆2nueve|so everyone can enjoy pokemon
|
|t:|1760432559
|move|p1a: Enamorus|Tera Blast|p2a: Lycanroc|[anim] Tera Blast Stellar
|-damage|p2a: Lycanroc|0 fnt
|-boost|p1a: Enamorus|atk|1
|-boost|p1a: Enamorus|spa|1
|faint|p2a: Lycanroc
|
|upkeep
|-message|axcen forfeited.
|
|win|2nueve
|raw|2nueve's rating: 1154 &rarr; <strong>1179</strong><br />(+25 for winning)
|raw|axcen's rating: 1155 &rarr; <strong>1130</strong><br />(-25 for losing)
|l|☆axcen
|player|p2|
|c|☆2nueve|15 fuckin turn for this
|l|☆2nueve
|player|p1|
