|j|☆ju2508
|j|☆Fitis3
|t:|1760433360
|gametype|singles
|player|p1|ju2508|102|1179
|player|p2|Fitis3|102|1144
|gen|9
|tier|[Gen 9] OU
|rated|
|rule|HP Percentage Mod: HP is shown in percentages
|rule|Endless Battle Clause: Forcing endless battles is banned
|rule|Species Clause: Limit one of each Pokémon
|rule|OHKO Clause: OHKO moves are banned
|rule|Evasion Items Clause: Evasion items are banned
|rule|Evasion Moves Clause: Evasion moves are banned
|rule|Evasion Abilities Clause: Evasion abilities are banned
|rule|Sleep Moves Clause: Sleep-inducing moves are banned
|clearpoke
|poke|p1|Trevenant, M|
|poke|p1|Rhyperior, F|
|poke|p1|Infernape, M|
|poke|p1|Honchkrow, F|
|poke|p1|Wigglytuff, F|
|poke|p1|Magnezone|
|poke|p2|Gliscor, M|
|poke|p2|Iron Valiant|
|poke|p2|Hatterene, F|
|poke|p2|Clodsire, F|
|poke|p2|Tyranitar, M|
|poke|p2|Typhlosion-Hisui, M|
|teampreview
|inactive|Battle timer is ON: inactive players will automatically lose when time's up. (requested by Fitis3)
|
|t:|1760433383
|teamsize|p1|6
|teamsize|p2|6
|start
|switch|p1a: Wigglytuff|Wigglytuff, F|100/100
|switch|p2a: Hatterene|Hatterene, F|100/100
|turn|1
|
|t:|1760433394
|switch|p1a: Magnezone|Magnezone|100/100
|move|p2a: Hatterene|Calm Mind|p2a: Hatterene
|-boost|p2a: Hatterene|spa|1
|-boost|p2a: Hatterene|spd|1
|
|upkeep
|turn|2
|
|t:|1760433400
|move|p1a: Magnezone|Flash Cannon|p2a: Hatterene
|-supereffective|p2a: Hatterene
|-crit|p2a: Hatterene
|-damage|p2a: Hatterene|0 fnt
|faint|p2a: Hatterene
|
|upkeep
|
|t:|1760433426
|switch|p2a: Gliscor|Gliscor, M|100/100
|turn|3
|
|t:|1760433431
|move|p2a: Gliscor|Earthquake|p1a: Magnezone
|-supereffective|p1a: Magnezone
|-damage|p1a: Magnezone|0 fnt
|faint|p1a: Magnezone
|
|-status|p2a: Gliscor|tox|[from] item: Toxic Orb
|upkeep
|
|t:|1760433441
|switch|p1a: Trevenant|Trevenant, M|100/100
|turn|4
|
|t:|1760433451
|switch|p2a: Tyranitar|Tyranitar, M|100/100
|-weather|Sandstorm|[from] ability: Sand Stream|[of] p2a: Tyranitar
|move|p1a: Trevenant|Substitute|p1a: Trevenant
|-start|p1a: Trevenant|Substitute
|-damage|p1a: Trevenant|75/100
|
|-weather|Sandstorm|[upkeep]
|-damage|p1a: Trevenant|69/100|[from] Sandstorm
|upkeep
|turn|5
|
|t:|1760433464
|switch|p2a: Typhlosion|Typhlosion-Hisui, M|100/100
|-item|p1a: Trevenant|Sitrus Berry|[from] ability: Frisk|[of] p2a: Typhlosion
|move|p1a: Trevenant|Will-O-Wisp|p2a: Typhlosion
|-immune|p2a: Typhlosion
|
|-weather|Sandstorm|[upkeep]
|-damage|p2a: Typhlosion|94/100|[from] Sandstorm
|-damage|p1a: Trevenant|63/100|[from] Sandstorm
|upkeep
|turn|6
|inactive|Fitis3 has 120 seconds left.
|inactive|Fitis3 has 90 seconds left.
|l|☆Fitis3
|inactive|Fitis3 disconnected and has a minute to reconnect!
|player|p2|
|j|☆Fitis3
|inactive|Fitis3 reconnected and has 60 seconds left.
|player|p2|Fitis3|102|
|
|t:|1760433569
|switch|p2a: Tyranitar|Tyranitar, M|100/100
|move|p1a: Trevenant|Leech Seed|p2a: Tyranitar
|-start|p2a: Tyranitar|move: Leech Seed
|
|-weather|Sandstorm|[upkeep]
|-damage|p1a: Trevenant|57/100|[from] Sandstorm
|-damage|p2a: Tyranitar|88/100|[from] Leech Seed|[of] p1a: Trevenant
|-heal|p1a: Trevenant|70/100|[silent]
|upkeep
|turn|7
|inactive|ju2508 has 120 seconds left.
|
|t:|1760433611
|move|p2a: Tyranitar|Crunch|p1a: Trevenant
|-supereffective|p1a: Trevenant
|-end|p1a: Trevenant|Substitute
|move|p1a: Trevenant|Will-O-Wisp|p2a: Tyranitar|[miss]
|-miss|p1a: Trevenant|p2a: Tyranitar
|
|-weather|Sandstorm|[upkeep]
|-damage|p1a: Trevenant|64/100|[from] Sandstorm
|-damage|p2a: Tyranitar|76/100|[from] Leech Seed|[of] p1a: Trevenant
|-heal|p1a: Trevenant|78/100|[silent]
|upkeep
|turn|8
|
|t:|1760433634
|switch|p1a: Rhyperior|Rhyperior, F|100/100
|move|p2a: Tyranitar|Ice Beam|p1a: Rhyperior
|-supereffective|p1a: Rhyperior
|-damage|p1a: Rhyperior|78/100
|
|-weather|none
|-damage|p2a: Tyranitar|63/100|[from] Leech Seed|[of] p1a: Rhyperior
|-heal|p1a: Rhyperior|89/100|[silent]
|upkeep
|turn|9
|inactive|ju2508 has 90 seconds left.
|
|t:|1760433661
|switch|p2a: Clodsire|Clodsire, F|100/100
|move|p1a: Rhyperior|Stone Edge|p2a: Clodsire|[miss]
|-miss|p1a: Rhyperior|p2a: Clodsire
|
|upkeep
|turn|10
|inactive|ju2508 has 90 seconds left.
|
|t:|1760433677
|switch|p1a: Wigglytuff|Wigglytuff, F|100/100
|move|p2a: Clodsire|Toxic|p1a: Wigglytuff
|-status|p1a: Wigglytuff|tox
|
|-damage|p1a: Wigglytuff|94/100 tox|[from] psn
|upkeep
|turn|11
|inactive|ju2508 has 90 seconds left.
|
|t:|1760433690
|move|p1a: Wigglytuff|Stealth Rock|p2a: Clodsire
|-sidestart|p2: Fitis3|move: Stealth Rock
|move|p2a: Clodsire|Earthquake|p1a: Wigglytuff
|-damage|p1a: Wigglytuff|56/100 tox
|
|-heal|p1a: Wigglytuff|63/100 tox|[from] item: Leftovers
|-damage|p1a: Wigglytuff|50/100 tox|[from] psn
|upkeep
|turn|12
|inactive|ju2508 has 90 seconds left.
|
|t:|1760433707
|switch|p1a: Trevenant|Trevenant, M|78/100
|move|p2a: Clodsire|Earthquake|p1a: Trevenant
|-resisted|p1a: Trevenant
|-damage|p1a: Trevenant|67/100
|
|upkeep
|turn|13
|inactive|ju2508 has 90 seconds left.
|
|t:|1760433723
|move|p1a: Trevenant|Substitute|p1a: Trevenant
|-start|p1a: Trevenant|Substitute
|-damage|p1a: Trevenant|42/100
|-enditem|p1a: Trevenant|Sitrus Berry|[eat]
|-heal|p1a: Trevenant|67/100|[from] item: Sitrus Berry
|move|p2a: Clodsire|Toxic||[still]
|-fail|p2a: Clodsire
|
|upkeep
|turn|14
|inactive|Fitis3 has 60 seconds left.
|
|t:|1760433753
|switch|p2a: Tyranitar|Tyranitar, M|63/100
|-damage|p2a: Tyranitar|51/100|[from] Stealth Rock
|-weather|Sandstorm|[from] ability: Sand Stream|[of] p2a: Tyranitar
|move|p1a: Trevenant|Leech Seed|p2a: Tyranitar
|-start|p2a: Tyranitar|move: Leech Seed
|
|-weather|Sandstorm|[upkeep]
|-damage|p1a: Trevenant|61/100|[from] Sandstorm
|-damage|p2a: Tyranitar|39/100|[from] Leech Seed|[of] p1a: Trevenant
|-heal|p1a: Trevenant|74/100|[silent]
|upkeep
|turn|15
|inactive|Fitis3 has 60 seconds left.
|
|t:|1760433780
|move|p2a: Tyranitar|Crunch|p1a: Trevenant
|-supereffective|p1a: Trevenant
|-end|p1a: Trevenant|Substitute
|move|p1a: Trevenant|Will-O-Wisp|p2a: Tyranitar
|-status|p2a: Tyranitar|brn
|
|-weather|Sandstorm|[upkeep]
|-damage|p1a: Trevenant|68/100|[from] Sandstorm
|-damage|p2a: Tyranitar|26/100 brn|[from] Leech Seed|[of] p1a: Trevenant
|-heal|p1a: Trevenant|82/100|[silent]
|-damage|p2a: Tyranitar|20/100 brn|[from] brn
|upkeep
|turn|16
|inactive|ju2508 has 60 seconds left.
|
|t:|1760433796
|switch|p2a: Iron Valiant|Iron Valiant|100/100
|-damage|p2a: Iron Valiant|94/100|[from] Stealth Rock
|switch|p1a: Wigglytuff|Wigglytuff, F|50/100 tox
|
|-weather|Sandstorm|[upkeep]
|-damage|p2a: Iron Valiant|88/100|[from] Sandstorm
|-damage|p1a: Wigglytuff|44/100 tox|[from] Sandstorm
|-heal|p1a: Wigglytuff|50/100 tox|[from] item: Leftovers
|-damage|p1a: Wigglytuff|44/100 tox|[from] psn
|upkeep
|turn|17
|inactive|Fitis3 has 60 seconds left.
|inactive|ju2508 has 60 seconds left.
|
|t:|1760433820
|move|p2a: Iron Valiant|Trick|p1a: Wigglytuff
|-activate|p2a: Iron Valiant|move: Trick|[of] p1a: Wigglytuff
|-item|p1a: Wigglytuff|Choice Scarf|[from] move: Trick
|-item|p2a: Iron Valiant|Leftovers|[from] move: Trick
|move|p1a: Wigglytuff|Alluring Voice|p2a: Iron Valiant
|-supereffective|p2a: Iron Valiant
|-damage|p2a: Iron Valiant|0 fnt
|faint|p2a: Iron Valiant
|-end|p2a: Iron Valiant|Quark Drive|[silent]
|
|-weather|Sandstorm|[upkeep]
|-damage|p1a: Wigglytuff|38/100 tox|[from] Sandstorm
|-damage|p1a: Wigglytuff|25/100 tox|[from] psn
|upkeep
|
|t:|1760433836
|switch|p2a: Clodsire|Clodsire, F|100/100
|-damage|p2a: Clodsire|94/100|[from] Stealth Rock
|turn|18
|inactive|ju2508 has 60 seconds left.
|
|t:|1760433871
|move|p1a: Wigglytuff|Alluring Voice|p2a: Clodsire
|-resisted|p2a: Clodsire
|-damage|p2a: Clodsire|88/100
|move|p2a: Clodsire|Toxic|p1a: Wigglytuff
|-fail|p1a: Wigglytuff|tox
|
|-weather|none
|-heal|p2a: Clodsire|94/100|[from] item: Leftovers
|-damage|p1a: Wigglytuff|7/100 tox|[from] psn
|upkeep
|turn|19
|inactive|ju2508 has 30 seconds left.
|inactive|ju2508 has 20 seconds left.
|
|t:|1760433896
|switch|p2a: Typhlosion|Typhlosion-Hisui, M|94/100
|-damage|p2a: Typhlosion|69/100|[from] Stealth Rock
|-item|p1a: Wigglytuff|Choice Scarf|[from] ability: Frisk|[of] p2a: Typhlosion
|move|p1a: Wigglytuff|Alluring Voice|p2a: Typhlosion
|-resisted|p2a: Typhlosion
|-damage|p2a: Typhlosion|52/100
|
|-damage|p1a: Wigglytuff|0 fnt|[from] psn
|faint|p1a: Wigglytuff
|upkeep
|inactive|ju2508 has 25 seconds left this turn.
|inactive|ju2508 has 20 seconds left.
|inactive|ju2508 has 15 seconds left.
|inactive|ju2508 has 10 seconds left.
|inactive|ju2508 has 5 seconds left.
|
|t:|1760433917
|switch|p1a: Trevenant|Trevenant, M|82/100
|turn|20
|inactive|ju2508 has 15 seconds left this turn.
|inactive|ju2508 has 10 seconds left.
|
|t:|1760433937
|switch|p1a: Honchkrow|Honchkrow, F|100/100
|-terastallize|p2a: Typhlosion|Ghost
|move|p2a: Typhlosion|Shadow Ball|p1a: Honchkrow
|-resisted|p1a: Honchkrow
|-damage|p1a: Honchkrow|53/100
|
|upkeep
|turn|21
|inactive|ju2508 has 20 seconds left this turn.
|inactive|ju2508 has 15 seconds left.
|inactive|ju2508 has 10 seconds left.
|
|t:|1760433951
|switch|p2a: Gliscor|Gliscor, M|100/100 tox
|-damage|p2a: Gliscor|88/100 tox|[from] Stealth Rock
|move|p1a: Honchkrow|Thunder Wave|p2a: Gliscor
|-immune|p2a: Gliscor
|
|-heal|p2a: Gliscor|100/100 tox|[from] ability: Poison Heal
|upkeep
|turn|22
|inactive|ju2508 has 20 seconds left this turn.
|inactive|ju2508 has 15 seconds left.
|inactive|ju2508 has 10 seconds left.
|inactive|ju2508 has 5 seconds left.
|
|t:|1760433966
|move|p2a: Gliscor|Swords Dance|p2a: Gliscor
|-boost|p2a: Gliscor|atk|2
|move|p1a: Honchkrow|Brave Bird|p2a: Gliscor
|-damage|p2a: Gliscor|18/100 tox
|-damage|p1a: Honchkrow|30/100|[from] Recoil
|-damage|p1a: Honchkrow|20/100|[from] item: Life Orb
|
|-heal|p2a: Gliscor|31/100 tox|[from] ability: Poison Heal
|upkeep
|turn|23
|inactive|ju2508 has 15 seconds left this turn.
|inactive|ju2508 has 10 seconds left.
|inactive|ju2508 has 5 seconds left.
|-message|ju2508 lost due to inactivity.
|
|win|Fitis3
|raw|ju2508's rating: 1203 &rarr; <strong>1174</strong><br />(-29 for losing)
|raw|Fitis3's rating: 1144 &rarr; <strong>1173</strong><br />(+29 for winning)
|l|☆Fitis3
|player|p2|
|l|☆ju2508
|player|p1|
