|j|☆testacc2435
|j|☆Oreocookie123
|t:|1760410834
|gametype|singles
|player|p1|testacc2435|petrel|1119
|player|p2|Oreocookie123|170|1096
|gen|9
|tier|[Gen 9] OU
|rated|
|rule|HP Percentage Mod: HP is shown in percentages
|rule|Endless Battle Clause: Forcing endless battles is banned
|rule|Species Clause: Limit one of each Pokémon
|rule|OHKO Clause: OHKO moves are banned
|rule|Evasion Items Clause: Evasion items are banned
|rule|Evasion Moves Clause: Evasion moves are banned
|rule|Evasion Abilities Clause: Evasion abilities are banned
|rule|Sleep Moves Clause: Sleep-inducing moves are banned
|clearpoke
|poke|p1|Kingambit, F|
|poke|p1|Cinderace, M|
|poke|p1|Landorus-Therian, M|
|poke|p1|Iron Valiant|
|poke|p1|Kyurem|
|poke|p1|Slowking-Galar, L99, M|
|poke|p2|Mightyena, F|
|poke|p2|Scrafty, F|
|poke|p2|Golduck, F|
|poke|p2|Porygon2|
|poke|p2|Donphan, M|
|poke|p2|Tauros-Paldea-Blaze, M|
|teampreview
|inactive|Battle timer is ON: inactive players will automatically lose when time's up. (requested by testacc2435)
|
|t:|1760410840
|teamsize|p1|6
|teamsize|p2|6
|start
|switch|p1a: Homelander|Landorus-Therian, M, shiny|100/100
|switch|p2a: Donphan|Donphan, M|100/100
|-ability|p1a: Homelander|Intimidate|boost
|-unboost|p2a: Donphan|atk|1
|turn|1
|
|t:|1760410865
|move|p2a: Donphan|Ice Shard|p1a: Homelander
|-supereffective|p1a: Homelander
|-damage|p1a: Homelander|79/100
|move|p1a: Homelander|Taunt|p2a: Donphan
|-start|p2a: Donphan|move: Taunt
|
|upkeep
|turn|2
|
|t:|1760410876
|move|p1a: Homelander|Grass Knot|p2a: Donphan
|-supereffective|p2a: Donphan
|-damage|p2a: Donphan|39/100
|-damage|p1a: Homelander|62/100|[from] item: Rocky Helmet|[of] p2a: Donphan
|move|p2a: Donphan|Ice Spinner|p1a: Homelander
|-supereffective|p1a: Homelander
|-damage|p1a: Homelander|21/100
|-damage|p2a: Donphan|22/100|[from] item: Rocky Helmet|[of] p1a: Homelander
|
|upkeep
|turn|3
|
|t:|1760410890
|switch|p2a: Golduck|Golduck, F|100/100
|-ability|p2a: Golduck|Cloud Nine
|move|p1a: Homelander|Grass Knot|p2a: Golduck
|-supereffective|p2a: Golduck
|-damage|p2a: Golduck|64/100
|
|upkeep
|turn|4
|
|t:|1760410899
|switch|p1a: billionaire guy|Slowking-Galar, L99, M, shiny|100/100
|move|p2a: Golduck|Aqua Jet|p1a: billionaire guy
|-damage|p1a: billionaire guy|87/100
|
|upkeep
|turn|5
|
|t:|1760410916
|move|p2a: Golduck|Light Screen|p2a: Golduck
|-sidestart|p2: Oreocookie123|move: Light Screen
|-prepare|p1a: billionaire guy|Chilly Reception|[premajor]
|move|p1a: billionaire guy|Chilly Reception|p1a: billionaire guy
|-weather|Snowscape
|
|t:|1760410921
|switch|p1a: Mr. Freeze|Kyurem, shiny|100/100|[from] Chilly Reception
|-ability|p1a: Mr. Freeze|Pressure
|
|-weather|Snowscape|[upkeep]
|upkeep
|turn|6
|
|t:|1760410930
|move|p1a: Mr. Freeze|Freeze-Dry|p2a: Golduck
|-supereffective|p2a: Golduck
|-damage|p2a: Golduck|6/100
|move|p2a: Golduck|Simple Beam|p1a: Mr. Freeze
|-ability|p1a: Mr. Freeze|Simple|Pressure|[from] move: Simple Beam
|
|-weather|Snowscape|[upkeep]
|upkeep
|turn|7
|
|t:|1760410949
|switch|p2a: Mightyena|Mightyena, F|100/100
|-ability|p2a: Mightyena|Intimidate|boost
|-unboost|p1a: Mr. Freeze|atk|2
|move|p1a: Mr. Freeze|Freeze-Dry|p2a: Mightyena
|-damage|p2a: Mightyena|47/100
|
|-weather|Snowscape|[upkeep]
|upkeep
|turn|8
|
|t:|1760410971
|move|p1a: Mr. Freeze|Freeze-Dry|p2a: Mightyena
|-damage|p2a: Mightyena|2/100
|move|p2a: Mightyena|Swagger|p1a: Mr. Freeze
|-boost|p1a: Mr. Freeze|atk|4
|-start|p1a: Mr. Freeze|confusion
|-enditem|p2a: Mightyena|Mirror Herb
|-boost|p2a: Mightyena|atk|4|[from] item: Mirror Herb
|
|-weather|Snowscape|[upkeep]
|upkeep
|turn|9
|l|☆testacc2435
|inactive|testacc2435 disconnected and has a minute to reconnect!
|player|p1|
|inactive|testacc2435 has 30 seconds to reconnect!
|inactive|testacc2435 has 20 seconds to reconnect!
|inactive|testacc2435 has 15 seconds to reconnect!
|inactive|testacc2435 has 10 seconds to reconnect!
|inactive|testacc2435 has 5 seconds to reconnect!
|-message|testacc2435 lost due to inactivity.
|
|win|Oreocookie123
|raw|testacc2435's rating: 1119 &rarr; <strong>1092</strong><br />(-27 for losing)
|raw|Oreocookie123's rating: 1096 &rarr; <strong>1123</strong><br />(+27 for winning)
|j|☆testacc2435
|player|p1|testacc2435|petrel|
