|j|☆gajamer
|j|☆LionX_Pro
|t:|1760435877
|gametype|singles
|player|p1|gajamer|102|1400
|player|p2|LionX_Pro|steven|1418
|gen|9
|tier|[Gen 9] OU
|rated|
|rule|HP Percentage Mod: HP is shown in percentages
|rule|Endless Battle Clause: Forcing endless battles is banned
|rule|Species Clause: Limit one of each Pokémon
|rule|OHKO Clause: OHKO moves are banned
|rule|Evasion Items Clause: Evasion items are banned
|rule|Evasion Moves Clause: Evasion moves are banned
|rule|Evasion Abilities Clause: Evasion abilities are banned
|rule|Sleep Moves Clause: Sleep-inducing moves are banned
|clearpoke
|poke|p1|Kingambit, M|
|poke|p1|Iron Valiant|
|poke|p1|Dragonite, F|
|poke|p1|Iron Treads|
|poke|p1|Ogerpon-Wellspring, F|
|poke|p1|Okidogi, M|
|poke|p2|Shiftry, M|
|poke|p2|Glimmora, F|
|poke|p2|Incineroar, M|
|poke|p2|Gliscor, M|
|poke|p2|Garganacl, F|
|poke|p2|Quaquaval, M|
|teampreview
|inactive|Battle timer is ON: inactive players will automatically lose when time's up. (requested by LionX_Pro)
|
|t:|1760435929
|teamsize|p1|6
|teamsize|p2|6
|start
|switch|p1a: Iron Treads|Iron Treads|100/100
|switch|p2a: Shiftry|Shiftry, M|100/100
|-enditem|p1a: Iron Treads|Booster Energy
|-activate|p1a: Iron Treads|ability: Quark Drive|[fromitem]
|-start|p1a: Iron Treads|quarkdrivespe
|turn|1
|
|t:|1760435938
|move|p1a: Iron Treads|Stealth Rock|p2a: Shiftry
|-sidestart|p2: LionX_Pro|move: Stealth Rock
|move|p2a: Shiftry|Tailwind|p2a: Shiftry
|-sidestart|p2: LionX_Pro|move: Tailwind
|-ability|p2a: Shiftry|Wind Rider|boost
|-boost|p2a: Shiftry|atk|1
|
|upkeep
|turn|2
|inactive|gajamer has 120 seconds left.
|l|☆gajamer
|inactive|gajamer disconnected and has a minute to reconnect!
|player|p1|
|j|☆gajamer
|inactive|gajamer reconnected and has 95 seconds left.
|player|p1|gajamer|102|
|inactive|gajamer has 90 seconds left.
|
|t:|1760436024
|move|p2a: Shiftry|Knock Off|p1a: Iron Treads
|-damage|p1a: Iron Treads|55/100
|move|p1a: Iron Treads|Stone Edge|p2a: Shiftry
|-damage|p2a: Shiftry|50/100
|
|upkeep
|turn|3
|
|t:|1760436035
|-end|p1a: Iron Treads|Quark Drive|[silent]
|switch|p1a: Okidogi|Okidogi, M|100/100
|move|p2a: Shiftry|Knock Off|p1a: Okidogi
|-resisted|p1a: Okidogi
|-damage|p1a: Okidogi|72/100
|-enditem|p1a: Okidogi|Leftovers|[from] move: Knock Off|[of] p2a: Shiftry
|
|upkeep
|turn|4
|
|t:|1760436041
|move|p2a: Shiftry|Endeavor|p1a: Okidogi
|-damage|p1a: Okidogi|42/100
|move|p1a: Okidogi|Drain Punch|p2a: Shiftry
|-supereffective|p2a: Shiftry
|-damage|p2a: Shiftry|0 fnt
|-heal|p1a: Okidogi|63/100|[from] drain|[of] p2a: Shiftry
|faint|p2a: Shiftry
|
|-sideend|p2: LionX_Pro|move: Tailwind
|upkeep
|
|t:|1760436044
|switch|p2a: Quaquaval|Quaquaval, M|100/100
|-damage|p2a: Quaquaval|94/100|[from] Stealth Rock
|turn|5
|
|t:|1760436049
|switch|p1a: Ogerpon|Ogerpon-Wellspring, F|100/100
|move|p2a: Quaquaval|Aqua Step|p1a: Ogerpon
|-immune|p1a: Ogerpon|[from] ability: Water Absorb
|
|upkeep
|turn|6
|
|t:|1760436057
|move|p1a: Ogerpon|Power Whip|p2a: Quaquaval
|-supereffective|p2a: Quaquaval
|-damage|p2a: Quaquaval|0 fnt
|faint|p2a: Quaquaval
|
|upkeep
|
|t:|1760436062
|switch|p2a: Garganacl|Garganacl, F|100/100
|-damage|p2a: Garganacl|88/100|[from] Stealth Rock
|turn|7
|
|t:|1760436065
|-terastallize|p2a: Garganacl|Water
|move|p1a: Ogerpon|Power Whip|p2a: Garganacl
|-supereffective|p2a: Garganacl
|-damage|p2a: Garganacl|0 fnt
|faint|p2a: Garganacl
|
|upkeep
|-message|LionX_Pro forfeited.
|
|win|gajamer
|raw|gajamer's rating: 1400 &rarr; <strong>1421</strong><br />(+21 for winning)
|raw|LionX_Pro's rating: 1418 &rarr; <strong>1397</strong><br />(-21 for losing)
|l|☆LionX_Pro
|player|p2|
|l|☆gajamer
|player|p1|
