|j|☆sminey
|j|☆vuopuer
|t:|1760328513
|gametype|singles
|player|p1|sminey|2|1562
|player|p2|vuopuer|may-masters2|1526
|gen|9
|tier|[Gen 9] OU
|rated|
|rule|HP Percentage Mod: HP is shown in percentages
|rule|Endless Battle Clause: Forcing endless battles is banned
|rule|Species Clause: Limit one of each Pokémon
|rule|OHKO Clause: OHKO moves are banned
|rule|Evasion Items Clause: Evasion items are banned
|rule|Evasion Moves Clause: Evasion moves are banned
|rule|Evasion Abilities Clause: Evasion abilities are banned
|rule|Sleep Moves Clause: Sleep-inducing moves are banned
|clearpoke
|poke|p1|Latios, M|
|poke|p1|Cinderace, M|
|poke|p1|Weavile, M|
|poke|p1|Zapdos|
|poke|p1|Clefable, M|
|poke|p1|Slowking-Galar, M|
|poke|p2|Blaziken, M|
|poke|p2|Kingambit, M|
|poke|p2|Ting-Lu|
|poke|p2|Pecharunt|
|poke|p2|Ogerpon-Wellspring, F|
|poke|p2|Hatterene, F|
|teampreview
|inactive|Battle timer is ON: inactive players will automatically lose when time's up. (requested by sminey)
|
|t:|1760328528
|teamsize|p1|6
|teamsize|p2|6
|start
|switch|p1a: Cinderace|Cinderace, M|100/100
|switch|p2a: Ting-Lu|Ting-Lu|100/100
|-ability|p2a: Ting-Lu|Vessel of Ruin
|turn|1
|
|t:|1760328534
|move|p1a: Cinderace|U-turn|p2a: Ting-Lu
|-start|p1a: Cinderace|typechange|Bug|[from] ability: Libero
|-supereffective|p2a: Ting-Lu
|-damage|p2a: Ting-Lu|67/100
|
|t:|1760328538
|switch|p1a: Clefable|Clefable, M|100/100|[from] U-turn
|move|p2a: Ting-Lu|Stealth Rock|p1a: Clefable
|-sidestart|p1: sminey|move: Stealth Rock
|
|-heal|p2a: Ting-Lu|73/100|[from] item: Leftovers
|upkeep
|turn|2
|
|t:|1760328558
|switch|p2a: Hatterene|Hatterene, F|100/100
|move|p1a: Clefable|Knock Off|p2a: Hatterene
|-damage|p2a: Hatterene|82/100
|-enditem|p2a: Hatterene|Eject Button|[from] move: Knock Off|[of] p1a: Clefable
|
|upkeep
|turn|3
|
|t:|1760328566
|switch|p1a: Zapdos|Zapdos|100/100
|move|p2a: Hatterene|Nuzzle|p1a: Zapdos
|-damage|p1a: Zapdos|97/100
|
|upkeep
|turn|4
|
|t:|1760328575
|move|p1a: Zapdos|Hurricane|p2a: Hatterene
|-damage|p2a: Hatterene|44/100
|-start|p2a: Hatterene|confusion
|-activate|p2a: Hatterene|confusion
|move|p2a: Hatterene|Psychic Noise|p1a: Zapdos
|-damage|p1a: Zapdos|64/100
|-start|p1a: Zapdos|move: Heal Block
|
|upkeep
|turn|5
|
|t:|1760328580
|switch|p2a: Ting-Lu|Ting-Lu|73/100
|-ability|p2a: Ting-Lu|Vessel of Ruin
|move|p1a: Zapdos|Hurricane|p2a: Ting-Lu
|-damage|p2a: Ting-Lu|54/100
|
|-heal|p2a: Ting-Lu|60/100|[from] item: Leftovers
|-end|p1a: Zapdos|move: Heal Block
|upkeep
|turn|6
|
|t:|1760328592
|switch|p1a: Clefable|Clefable, M|100/100
|move|p2a: Ting-Lu|Whirlwind|p1a: Clefable
|drag|p1a: Zapdos|Zapdos|64/100
|
|-heal|p2a: Ting-Lu|66/100|[from] item: Leftovers
|upkeep
|turn|7
|
|t:|1760328602
|move|p1a: Zapdos|Hurricane|p2a: Ting-Lu|[miss]
|-miss|p1a: Zapdos|p2a: Ting-Lu
|move|p2a: Ting-Lu|Stone Edge|p1a: Zapdos|[miss]
|-miss|p2a: Ting-Lu|p1a: Zapdos
|
|-heal|p2a: Ting-Lu|72/100|[from] item: Leftovers
|upkeep
|turn|8
|
|t:|1760328608
|switch|p1a: Clefable|Clefable, M|100/100
|move|p2a: Ting-Lu|Whirlwind|p1a: Clefable
|drag|p1a: Cinderace|Cinderace, M|100/100
|
|-heal|p2a: Ting-Lu|79/100|[from] item: Leftovers
|upkeep
|turn|9
|
|t:|1760328616
|move|p1a: Cinderace|U-turn|p2a: Ting-Lu
|-start|p1a: Cinderace|typechange|Bug|[from] ability: Libero
|-supereffective|p2a: Ting-Lu
|-damage|p2a: Ting-Lu|46/100
|
|t:|1760328620
|switch|p1a: Clefable|Clefable, M|100/100|[from] U-turn
|move|p2a: Ting-Lu|Stealth Rock||[still]
|-fail|p2a: Ting-Lu
|
|-heal|p2a: Ting-Lu|52/100|[from] item: Leftovers
|upkeep
|turn|10
|l|☆vuopuer
|inactive|vuopuer disconnected and has a minute to reconnect!
|player|p2|
|j|☆vuopuer
|inactive|vuopuer reconnected and has 145 seconds left.
|player|p2|vuopuer|may-masters2|
|
|t:|1760328638
|move|p1a: Clefable|Moonblast|p2a: Ting-Lu
|-supereffective|p2a: Ting-Lu
|-damage|p2a: Ting-Lu|26/100
|-unboost|p2a: Ting-Lu|spa|1
|move|p2a: Ting-Lu|Earthquake|p1a: Clefable
|-damage|p1a: Clefable|72/100
|
|-heal|p2a: Ting-Lu|32/100|[from] item: Leftovers
|upkeep
|turn|11
|
|t:|1760328649
|switch|p2a: Hatterene|Hatterene, F|44/100
|move|p1a: Clefable|Knock Off|p2a: Hatterene
|-damage|p2a: Hatterene|33/100
|
|upkeep
|turn|12
|
|t:|1760328656
|move|p1a: Clefable|Moonblast|p2a: Hatterene
|-damage|p2a: Hatterene|7/100
|move|p2a: Hatterene|Psychic Noise|p1a: Clefable
|-damage|p1a: Clefable|41/100
|-start|p1a: Clefable|move: Heal Block
|
|upkeep
|turn|13
|
|t:|1760328668
|move|p1a: Clefable|Knock Off|p2a: Hatterene
|-damage|p2a: Hatterene|0 fnt
|faint|p2a: Hatterene
|
|-end|p1a: Clefable|move: Heal Block
|upkeep
|
|t:|1760328670
|switch|p2a: Pecharunt|Pecharunt|100/100
|-item|p2a: Pecharunt|Air Balloon
|turn|14
|
|t:|1760328674
|switch|p1a: Slowking|Slowking-Galar, M|100/100
|-damage|p1a: Slowking|88/100|[from] Stealth Rock
|move|p2a: Pecharunt|Malignant Chain|p1a: Slowking
|-resisted|p1a: Slowking
|-damage|p1a: Slowking|81/100
|
|upkeep
|turn|15
|
|t:|1760328686
|move|p2a: Pecharunt|Parting Shot|p1a: Slowking
|-unboost|p1a: Slowking|atk|1
|-unboost|p1a: Slowking|spa|1
|
|t:|1760328689
|switch|p2a: Kingambit|Kingambit, M|100/100|[from] Parting Shot
|-activate|p2a: Kingambit|ability: Supreme Overlord
|-start|p2a: Kingambit|fallen1|[silent]
|move|p1a: Slowking|Flamethrower|p2a: Kingambit
|-supereffective|p2a: Kingambit
|-damage|p2a: Kingambit|64/100
|
|upkeep
|turn|16
|
|t:|1760328704
|move|p2a: Kingambit|Kowtow Cleave|p1a: Slowking
|-supereffective|p1a: Slowking
|-damage|p1a: Slowking|0 fnt
|faint|p1a: Slowking
|
|upkeep
|
|t:|1760328709
|switch|p1a: Cinderace|Cinderace, M|100/100
|turn|17
|
|t:|1760328723
|-terastallize|p2a: Kingambit|Flying
|move|p1a: Cinderace|Pyro Ball|p2a: Kingambit
|-damage|p2a: Kingambit|19/100
|move|p2a: Kingambit|Swords Dance|p2a: Kingambit
|-boost|p2a: Kingambit|atk|2
|
|upkeep
|turn|18
|
|t:|1760328729
|move|p1a: Cinderace|Sucker Punch|p2a: Kingambit
|-start|p1a: Cinderace|typechange|Dark|[from] ability: Libero
|-damage|p2a: Kingambit|0 fnt
|faint|p2a: Kingambit
|-end|p2a: Kingambit|fallen1|[silent]
|
|upkeep
|
|t:|1760328732
|switch|p2a: Blaziken|Blaziken, M, shiny|100/100
|turn|19
|
|t:|1760328737
|move|p1a: Cinderace|U-turn|p2a: Blaziken
|-resisted|p2a: Blaziken
|-damage|p2a: Blaziken|92/100
|
|t:|1760328740
|switch|p1a: Latios|Latios, M|100/100|[from] U-turn
|-damage|p1a: Latios|88/100|[from] Stealth Rock
|move|p2a: Blaziken|Focus Energy|p2a: Blaziken
|-start|p2a: Blaziken|move: Focus Energy
|
|-ability|p2a: Blaziken|Speed Boost|boost
|-boost|p2a: Blaziken|spe|1
|upkeep
|turn|20
|
|t:|1760328752
|move|p1a: Latios|Luster Purge|p2a: Blaziken
|-supereffective|p2a: Blaziken
|-damage|p2a: Blaziken|0 fnt
|faint|p2a: Blaziken
|
|upkeep
|
|t:|1760328756
|switch|p2a: Ting-Lu|Ting-Lu|32/100
|-ability|p2a: Ting-Lu|Vessel of Ruin
|turn|21
|
|t:|1760328767
|switch|p1a: Cinderace|Cinderace, M|100/100
|move|p2a: Ting-Lu|Earthquake|p1a: Cinderace
|-supereffective|p1a: Cinderace
|-damage|p1a: Cinderace|0 fnt
|faint|p1a: Cinderace
|
|-heal|p2a: Ting-Lu|38/100|[from] item: Leftovers
|upkeep
|
|t:|1760328777
|switch|p1a: Clefable|Clefable, M|41/100
|turn|22
|
|t:|1760328780
|switch|p2a: Pecharunt|Pecharunt|100/100
|-item|p2a: Pecharunt|Air Balloon
|move|p1a: Clefable|Knock Off|p2a: Pecharunt
|-supereffective|p2a: Pecharunt
|-damage|p2a: Pecharunt|87/100
|-enditem|p2a: Pecharunt|Air Balloon
|
|upkeep
|turn|23
|
|t:|1760328800
|-terastallize|p1a: Clefable|Poison
|move|p2a: Pecharunt|Malignant Chain|p1a: Clefable
|-resisted|p1a: Clefable
|-damage|p1a: Clefable|27/100
|move|p1a: Clefable|Moonlight|p1a: Clefable
|-heal|p1a: Clefable|77/100
|
|upkeep
|turn|24
|
|t:|1760328812
|move|p2a: Pecharunt|Hex|p1a: Clefable
|-damage|p1a: Clefable|58/100
|move|p1a: Clefable|Calm Mind|p1a: Clefable
|-boost|p1a: Clefable|spa|1
|-boost|p1a: Clefable|spd|1
|
|upkeep
|turn|25
|
|t:|1760328818
|move|p2a: Pecharunt|Parting Shot|p1a: Clefable
|-unboost|p1a: Clefable|atk|1
|-unboost|p1a: Clefable|spa|1
|
|t:|1760328819
|switch|p2a: Ting-Lu|Ting-Lu|38/100|[from] Parting Shot
|-ability|p2a: Ting-Lu|Vessel of Ruin
|move|p1a: Clefable|Moonlight|p1a: Clefable
|-heal|p1a: Clefable|100/100
|
|-heal|p2a: Ting-Lu|45/100|[from] item: Leftovers
|upkeep
|turn|26
|
|t:|1760328822
|move|p1a: Clefable|Moonblast|p2a: Ting-Lu
|-supereffective|p2a: Ting-Lu
|-damage|p2a: Ting-Lu|18/100
|-unboost|p2a: Ting-Lu|spa|1
|move|p2a: Ting-Lu|Whirlwind|p1a: Clefable
|drag|p1a: Latios|Latios, M|88/100
|-damage|p1a: Latios|76/100|[from] Stealth Rock
|
|-heal|p2a: Ting-Lu|24/100|[from] item: Leftovers
|upkeep
|turn|27
|
|t:|1760328829
|switch|p2a: Pecharunt|Pecharunt|87/100
|move|p1a: Latios|Flip Turn|p2a: Pecharunt
|-damage|p2a: Pecharunt|81/100
|
|t:|1760328833
|switch|p1a: Clefable|Clefable, M, tera:Poison|100/100|[from] Flip Turn
|
|upkeep
|turn|28
|
|t:|1760328840
|move|p2a: Pecharunt|Parting Shot|p1a: Clefable
|-unboost|p1a: Clefable|atk|1
|-unboost|p1a: Clefable|spa|1
|
|t:|1760328842
|switch|p2a: Ogerpon|Ogerpon-Wellspring, F|100/100|[from] Parting Shot
|move|p1a: Clefable|Calm Mind|p1a: Clefable
|-boost|p1a: Clefable|spa|1
|-boost|p1a: Clefable|spd|1
|
|upkeep
|turn|29
|
|t:|1760328850
|move|p2a: Ogerpon|Ivy Cudgel|p1a: Clefable|[anim] Ivy Cudgel Water
|-damage|p1a: Clefable|59/100
|move|p1a: Clefable|Moonblast|p2a: Ogerpon
|-damage|p2a: Ogerpon|64/100
|
|upkeep
|turn|30
|
|t:|1760328854
|switch|p1a: Latios|Latios, M|76/100
|-damage|p1a: Latios|64/100|[from] Stealth Rock
|move|p2a: Ogerpon|Swords Dance|p2a: Ogerpon
|-boost|p2a: Ogerpon|atk|2
|
|upkeep
|turn|31
|
|t:|1760328863
|switch|p2a: Ting-Lu|Ting-Lu|24/100
|-ability|p2a: Ting-Lu|Vessel of Ruin
|move|p1a: Latios|Draco Meteor|p2a: Ting-Lu
|-damage|p2a: Ting-Lu|0 fnt
|-unboost|p1a: Latios|spa|2
|faint|p2a: Ting-Lu
|
|upkeep
|
|t:|1760328873
|switch|p2a: Ogerpon|Ogerpon-Wellspring, F|64/100
|turn|32
|
|t:|1760328882
|switch|p1a: Zapdos|Zapdos|64/100
|move|p2a: Ogerpon|Play Rough|p1a: Zapdos
|-damage|p1a: Zapdos|36/100
|
|upkeep
|turn|33
|
|t:|1760328887
|move|p2a: Ogerpon|Ivy Cudgel|p1a: Zapdos|[anim] Ivy Cudgel Water
|-damage|p1a: Zapdos|0 fnt
|faint|p1a: Zapdos
|
|upkeep
|
|t:|1760328917
|switch|p1a: Weavile|Weavile, M|100/100
|-ability|p1a: Weavile|Pressure
|turn|34
|
|t:|1760328923
|move|p1a: Weavile|Ice Shard|p2a: Ogerpon
|-damage|p2a: Ogerpon|39/100
|move|p2a: Ogerpon|Ivy Cudgel|p1a: Weavile|[anim] Ivy Cudgel Water
|-damage|p1a: Weavile|4/100
|
|upkeep
|turn|35
|
|t:|1760328929
|move|p1a: Weavile|Triple Axel|p2a: Ogerpon
|-damage|p2a: Ogerpon|26/100
|-damage|p2a: Ogerpon|1/100
|-damage|p2a: Ogerpon|0 fnt
|faint|p2a: Ogerpon
|-hitcount|p2: Ogerpon|3
|
|upkeep
|
|t:|1760328931
|switch|p2a: Pecharunt|Pecharunt|81/100
|turn|36
|-message|vuopuer forfeited.
|
|win|sminey
|raw|sminey's rating: 1562 &rarr; <strong>1580</strong><br />(+18 for winning)
|raw|vuopuer's rating: 1526 &rarr; <strong>1508</strong><br />(-18 for losing)
|l|☆vuopuer
|player|p2|
|l|☆sminey
|player|p1|
