|j|☆ji4st9r
|j|‽Guest 79961
|t:|1760429354
|gametype|singles
|player|p1|ji4st9r|preschooler|1112
|player|p2|Guest 79961|170|1053
|gen|9
|tier|[Gen 9] OU
|rated|
|rule|HP Percentage Mod: HP is shown in percentages
|rule|Endless Battle Clause: Forcing endless battles is banned
|rule|Species Clause: Limit one of each Pokémon
|rule|OHKO Clause: OHKO moves are banned
|rule|Evasion Items Clause: Evasion items are banned
|rule|Evasion Moves Clause: Evasion moves are banned
|rule|Evasion Abilities Clause: Evasion abilities are banned
|rule|Sleep Moves Clause: Sleep-inducing moves are banned
|clearpoke
|poke|p1|Polteageist|
|poke|p1|Mimikyu, M|
|poke|p1|Venonat, M|
|poke|p1|Jirachi|
|poke|p1|Manaphy|
|poke|p1|Pachirisu, F|
|poke|p2|Comfey, M|
|poke|p2|Tinkaton, F|
|poke|p2|Enamorus, F|
|poke|p2|Mimikyu, M|
|poke|p2|Grimmsnarl, M|
|poke|p2|Gardevoir, M|
|teampreview
|
|t:|1760429359
|teamsize|p1|6
|teamsize|p2|6
|start
|switch|p1a: Mimikyu|Mimikyu, M|100/100
|switch|p2a: Gardevoir|Gardevoir, M|100/100
|turn|1
|
|t:|1760429365
|move|p2a: Gardevoir|Trick|p1a: Mimikyu
|-activate|p2a: Gardevoir|move: Trick|[of] p1a: Mimikyu
|-item|p1a: Mimikyu|Choice Scarf|[from] move: Trick
|-item|p2a: Gardevoir|Red Card|[from] move: Trick
|move|p1a: Mimikyu|Swords Dance|p1a: Mimikyu
|-boost|p1a: Mimikyu|atk|2
|
|upkeep
|turn|2
|
|t:|1760429375
|switch|p1a: Pachirisu|Pachirisu, F, shiny|100/100
|-ability|p2a: Gardevoir|Volt Absorb|Trace|[from] ability: Trace|[of] p1a: Pachirisu
|move|p2a: Gardevoir|Future Sight|p1a: Pachirisu
|-start|p2a: Gardevoir|move: Future Sight
|
|upkeep
|turn|3
|
|t:|1760429383
|move|p1a: Pachirisu|Encore|p2a: Gardevoir
|-start|p2a: Gardevoir|Encore
|move|p2a: Gardevoir|Future Sight||[still]
|-fail|p2a: Gardevoir
|
|upkeep
|turn|4
|
|t:|1760429390
|switch|p1a: Venonat|Venonat, M|100/100
|switch|p2a: Tinkaton|Tinkaton, F, shiny|100/100
|-item|p2a: Tinkaton|Air Balloon
|
|-end|p1a: Venonat|move: Future Sight
|-supereffective|p1a: Venonat
|-damage|p1a: Venonat|7/100
|upkeep
|turn|5
|
|t:|1760429399
|move|p2a: Tinkaton|Gigaton Hammer|p1a: Venonat
|-crit|p1a: Venonat
|-damage|p1a: Venonat|0 fnt
|faint|p1a: Venonat
|
|upkeep
|
|t:|1760429406
|switch|p1a: Pachirisu|Pachirisu, F, shiny|100/100
|turn|6
|
|t:|1760429417
|move|p1a: Pachirisu|Alluring Voice|p2a: Tinkaton
|-resisted|p2a: Tinkaton
|-damage|p2a: Tinkaton|96/100
|-enditem|p2a: Tinkaton|Air Balloon
|move|p2a: Tinkaton|Stealth Rock|p1a: Pachirisu
|-sidestart|p1: ji4st9r|move: Stealth Rock
|
|upkeep
|turn|7
|
|t:|1760429429
|switch|p2a: Grimmsnarl|Grimmsnarl, M, shiny|100/100
|move|p1a: Pachirisu|Encore||[still]
|-fail|p1a: Pachirisu
|
|upkeep
|turn|8
|
|t:|1760429436
|move|p2a: Grimmsnarl|Trick|p1a: Pachirisu
|-activate|p2a: Grimmsnarl|move: Trick|[of] p1a: Pachirisu
|-item|p1a: Pachirisu|Choice Band|[from] move: Trick
|-item|p2a: Grimmsnarl|Focus Sash|[from] move: Trick
|move|p1a: Pachirisu|Alluring Voice|p2a: Grimmsnarl
|-supereffective|p2a: Grimmsnarl
|-damage|p2a: Grimmsnarl|78/100
|
|upkeep
|turn|9
|
|t:|1760429447
|move|p1a: Pachirisu|Alluring Voice|p2a: Grimmsnarl
|-supereffective|p2a: Grimmsnarl
|-damage|p2a: Grimmsnarl|58/100
|move|p2a: Grimmsnarl|Spirit Break|p1a: Pachirisu
|-damage|p1a: Pachirisu|14/100
|-unboost|p1a: Pachirisu|spa|1
|
|upkeep
|turn|10
|
|t:|1760429458
|switch|p1a: Mimikyu|Mimikyu, M|100/100
|-damage|p1a: Mimikyu|88/100|[from] Stealth Rock
|move|p2a: Grimmsnarl|Trick|p1a: Mimikyu
|-activate|p2a: Grimmsnarl|move: Trick|[of] p1a: Mimikyu
|-item|p1a: Mimikyu|Focus Sash|[from] move: Trick
|-item|p2a: Grimmsnarl|Choice Scarf|[from] move: Trick
|
|upkeep
|turn|11
|
|t:|1760429474
|move|p2a: Grimmsnarl|Thunder Wave|p1a: Mimikyu
|-status|p1a: Mimikyu|par
|move|p1a: Mimikyu|Swords Dance|p1a: Mimikyu
|-boost|p1a: Mimikyu|atk|2
|
|upkeep
|turn|12
|
|t:|1760429483
|switch|p2a: Tinkaton|Tinkaton, F, shiny|96/100
|move|p1a: Mimikyu|Play Rough|p2a: Tinkaton
|-resisted|p2a: Tinkaton
|-damage|p2a: Tinkaton|55/100
|-enditem|p1a: Mimikyu|Focus Sash|[silent]|[from] ability: Pickpocket|[of] p1a: Mimikyu
|-item|p2a: Tinkaton|Focus Sash|[from] ability: Pickpocket|[of] p1a: Mimikyu
|
|upkeep
|turn|13
|
|t:|1760429492
|cant|p1a: Mimikyu|par
|move|p2a: Tinkaton|Gigaton Hammer|p1a: Mimikyu
|-activate|p1a: Mimikyu|ability: Disguise
|-damage|p1a: Mimikyu|88/100 par
|detailschange|p1a: Mimikyu|Mimikyu-Busted, M
|-damage|p1a: Mimikyu|76/100 par|[from] pokemon: Mimikyu-Busted
|
|upkeep
|turn|14
|
|t:|1760429500
|move|p1a: Mimikyu|Shadow Sneak|p2a: Tinkaton
|-damage|p2a: Tinkaton|18/100
|move|p2a: Tinkaton|Encore|p1a: Mimikyu
|-start|p1a: Mimikyu|Encore
|
|upkeep
|turn|15
|
|t:|1760429507
|move|p1a: Mimikyu|Shadow Sneak|p2a: Tinkaton
|-damage|p2a: Tinkaton|0 fnt
|faint|p2a: Tinkaton
|
|upkeep
|
|t:|1760429515
|switch|p2a: Grimmsnarl|Grimmsnarl, M, shiny|58/100
|turn|16
|
|t:|1760429526
|switch|p1a: Manaphy|Manaphy|100/100
|-damage|p1a: Manaphy|88/100|[from] Stealth Rock
|move|p2a: Grimmsnarl|Trick|p1a: Manaphy
|-activate|p2a: Grimmsnarl|move: Trick|[of] p1a: Manaphy
|-item|p1a: Manaphy|Choice Scarf|[from] move: Trick
|-item|p2a: Grimmsnarl|Leftovers|[from] move: Trick
|
|-heal|p2a: Grimmsnarl|64/100|[from] item: Leftovers
|upkeep
|turn|17
|
|t:|1760429537
|move|p2a: Grimmsnarl|Thunder Wave|p1a: Manaphy
|-status|p1a: Manaphy|par
|move|p1a: Manaphy|Hydro Pump|p2a: Grimmsnarl|[miss]
|-miss|p1a: Manaphy|p2a: Grimmsnarl
|
|-heal|p2a: Grimmsnarl|70/100|[from] item: Leftovers
|upkeep
|turn|18
|
|t:|1760429546
|move|p1a: Manaphy|Hydro Pump|p2a: Grimmsnarl
|-crit|p2a: Grimmsnarl
|-damage|p2a: Grimmsnarl|0 fnt
|faint|p2a: Grimmsnarl
|
|upkeep
|
|t:|1760429554
|switch|p2a: Gardevoir|Gardevoir, M|100/100
|-ability|p2a: Gardevoir|Hydration|Trace|[from] ability: Trace|[of] p1a: Manaphy
|turn|19
|
|t:|1760429564
|switch|p1a: Mimikyu|Mimikyu-Busted, M|76/100 par
|-damage|p1a: Mimikyu|63/100 par|[from] Stealth Rock
|move|p2a: Gardevoir|Future Sight|p1a: Mimikyu
|-start|p2a: Gardevoir|move: Future Sight
|
|upkeep
|turn|20
|
|t:|1760429575
|switch|p2a: Comfey|Comfey, M, shiny|100/100
|move|p1a: Mimikyu|Shadow Sneak|p2a: Comfey
|-damage|p2a: Comfey|87/100
|
|-heal|p2a: Comfey|94/100|[from] item: Leftovers
|upkeep
|turn|21
|
|t:|1760429592
|move|p2a: Comfey|Calm Mind|p2a: Comfey
|-boost|p2a: Comfey|spa|1
|-boost|p2a: Comfey|spd|1
|move|p1a: Mimikyu|Phantom Force||[still]|[miss]
|-prepare|p1a: Mimikyu|Phantom Force
|
|-end|p1a: Mimikyu|move: Future Sight
|-miss|p2: Gardevoir|p1a: Mimikyu
|-heal|p2a: Comfey|99/100|[from] item: Leftovers
|upkeep
|turn|22
|
|t:|1760429602
|move|p2a: Comfey|Calm Mind|p2a: Comfey
|-boost|p2a: Comfey|spa|1
|-boost|p2a: Comfey|spd|1
|move|p1a: Mimikyu|Phantom Force|p2a: Comfey|[from] lockedmove
|-damage|p2a: Comfey|66/100
|
|-heal|p2a: Comfey|72/100|[from] item: Leftovers
|upkeep
|turn|23
|
|t:|1760429610
|switch|p1a: Jirachi|Jirachi|100/100
|-damage|p1a: Jirachi|94/100|[from] Stealth Rock
|move|p2a: Comfey|Calm Mind|p2a: Comfey
|-boost|p2a: Comfey|spa|1
|-boost|p2a: Comfey|spd|1
|
|-heal|p2a: Comfey|79/100|[from] item: Leftovers
|upkeep
|turn|24
|
|t:|1760429622
|-terastallize|p2a: Comfey|Steel
|move|p1a: Jirachi|Iron Head|p2a: Comfey
|-resisted|p2a: Comfey
|-damage|p2a: Comfey|64/100
|move|p2a: Comfey|Leech Seed|p1a: Jirachi|[miss]
|-miss|p2a: Comfey|p1a: Jirachi
|
|-heal|p2a: Comfey|70/100|[from] item: Leftovers
|upkeep
|turn|25
|-message|Guest 79961 forfeited.
|
|win|ji4st9r
|raw|ji4st9r's rating: 1112 &rarr; <strong>1135</strong><br />(+23 for winning)
|raw|Guest 79961's rating: 1083 &rarr; <strong>1062</strong><br />(-21 for losing)
|l|‽Guest 79961
|player|p2|
|l|☆ji4st9r
|player|p1|
