|j|☆prince_holdaspoon
|j|☆Kanehusky13
|t:|1760308712
|gametype|singles
|player|p1|prince_holdaspoon|schoolkid-gen4dp|1554
|player|p2|Kanehusky13|2|1574
|gen|9
|tier|[Gen 9] OU
|rated|
|rule|HP Percentage Mod: HP is shown in percentages
|rule|Endless Battle Clause: Forcing endless battles is banned
|rule|Species Clause: Limit one of each Pokémon
|rule|OHKO Clause: OHKO moves are banned
|rule|Evasion Items Clause: Evasion items are banned
|rule|Evasion Moves Clause: Evasion moves are banned
|rule|Evasion Abilities Clause: Evasion abilities are banned
|rule|Sleep Moves Clause: Sleep-inducing moves are banned
|clearpoke
|poke|p1|Pelipper, F|
|poke|p1|Kingdra, M|
|poke|p1|Ogerpon-Wellspring, F|
|poke|p1|Garchomp, M|
|poke|p1|Hatterene, F|
|poke|p1|Primarina, M|
|poke|p2|Dragapult, M|
|poke|p2|Glimmora, M|
|poke|p2|Comfey, M|
|poke|p2|Kingambit, M|
|poke|p2|Ogerpon-Wellspring, F|
|poke|p2|Blaziken, M|
|teampreview
|
|t:|1760308737
|teamsize|p1|6
|teamsize|p2|6
|start
|switch|p1a: Primarina|Primarina, M|100/100
|switch|p2a: Comfey|Comfey, M, shiny|100/100
|turn|1
|
|t:|1760308743
|move|p2a: Comfey|Calm Mind|p2a: Comfey
|-boost|p2a: Comfey|spa|1
|-boost|p2a: Comfey|spd|1
|move|p1a: Primarina|Calm Mind|p1a: Primarina
|-boost|p1a: Primarina|spa|1
|-boost|p1a: Primarina|spd|1
|
|upkeep
|turn|2
|
|t:|1760308752
|switch|p2a: Ogerpon|Ogerpon-Wellspring, F|100/100
|move|p1a: Primarina|Psychic Noise|p2a: Ogerpon
|-immune|p2a: Ogerpon|[from] ability: Water Absorb
|
|upkeep
|turn|3
|
|t:|1760308760
|move|p2a: Ogerpon|Spikes|p1a: Primarina
|-sidestart|p1: prince_holdaspoon|Spikes
|move|p1a: Primarina|Draining Kiss|p2a: Ogerpon
|-damage|p2a: Ogerpon|60/100
|
|upkeep
|turn|4
|
|t:|1760308765
|move|p2a: Ogerpon|Ivy Cudgel|p1a: Primarina|[anim] Ivy Cudgel Water
|-resisted|p1a: Primarina
|-damage|p1a: Primarina|71/100
|move|p1a: Primarina|Draining Kiss|p2a: Ogerpon
|-damage|p2a: Ogerpon|17/100
|-heal|p1a: Primarina|97/100|[from] drain|[of] p2a: Ogerpon
|
|-heal|p1a: Primarina|100/100|[from] item: Leftovers
|upkeep
|turn|5
|
|t:|1760308774
|switch|p2a: Glimmora|Glimmora, M, shiny|100/100
|move|p1a: Primarina|Draining Kiss|p2a: Glimmora
|-resisted|p2a: Glimmora
|-damage|p2a: Glimmora|81/100
|-enditem|p2a: Glimmora|Red Card|[of] p1a: Primarina
|drag|p1a: Pelipper|Pelipper, F|100/100
|-weather|RainDance|[from] ability: Drizzle|[of] p1a: Pelipper
|
|-weather|RainDance|[upkeep]
|upkeep
|turn|6
|
|t:|1760308785
|move|p2a: Glimmora|Stealth Rock|p1a: Pelipper
|-sidestart|p1: prince_holdaspoon|move: Stealth Rock
|move|p1a: Pelipper|Weather Ball|p2a: Glimmora
|-supereffective|p2a: Glimmora
|-damage|p2a: Glimmora|0 fnt
|faint|p2a: Glimmora
|
|-weather|RainDance|[upkeep]
|upkeep
|
|t:|1760308789
|switch|p2a: Blaziken|Blaziken, M, shiny|100/100
|turn|7
|
|t:|1760308795
|switch|p2a: Ogerpon|Ogerpon-Wellspring, F|17/100
|switch|p1a: Hatterene|Hatterene, F|100/100
|-damage|p1a: Hatterene|88/100|[from] Spikes
|-damage|p1a: Hatterene|76/100|[from] Stealth Rock
|
|-weather|RainDance|[upkeep]
|upkeep
|turn|8
|
|t:|1760308803
|switch|p1a: Ogerpon|Ogerpon-Wellspring, F|100/100
|-damage|p1a: Ogerpon|88/100|[from] Spikes
|-damage|p1a: Ogerpon|75/100|[from] Stealth Rock
|move|p2a: Ogerpon|U-turn|p1a: Ogerpon
|-supereffective|p1a: Ogerpon
|-damage|p1a: Ogerpon|12/100
|
|t:|1760308809
|switch|p2a: Comfey|Comfey, M, shiny|100/100|[from] U-turn
|
|-weather|RainDance|[upkeep]
|upkeep
|turn|9
|
|t:|1760308815
|switch|p1a: Hatterene|Hatterene, F|76/100
|-damage|p1a: Hatterene|64/100|[from] Spikes
|-damage|p1a: Hatterene|51/100|[from] Stealth Rock
|move|p2a: Comfey|Draining Kiss|p1a: Hatterene
|-damage|p1a: Hatterene|20/100
|-damage|p2a: Comfey|84/100|[from] item: Rocky Helmet|[of] p1a: Hatterene
|-damage|p2a: Comfey|74/100|[from] item: Life Orb
|
|-weather|RainDance|[upkeep]
|upkeep
|turn|10
|
|t:|1760308826
|move|p2a: Comfey|Draining Kiss|p1a: Hatterene
|-damage|p1a: Hatterene|0 fnt
|-heal|p2a: Comfey|89/100|[from] drain|[of] p1a: Hatterene
|-damage|p2a: Comfey|73/100|[from] item: Rocky Helmet|[of] p1a: Hatterene
|faint|p1a: Hatterene
|-damage|p2a: Comfey|63/100|[from] item: Life Orb
|
|-weather|RainDance|[upkeep]
|upkeep
|
|t:|1760308834
|switch|p1a: Primarina|Primarina, M|100/100
|-damage|p1a: Primarina|88/100|[from] Spikes
|-damage|p1a: Primarina|76/100|[from] Stealth Rock
|turn|11
|inactive|Battle timer is ON: inactive players will automatically lose when time's up. (requested by prince_holdaspoon)
|
|t:|1760308877
|switch|p2a: Ogerpon|Ogerpon-Wellspring, F|17/100
|move|p1a: Primarina|Calm Mind|p1a: Primarina
|-boost|p1a: Primarina|spa|1
|-boost|p1a: Primarina|spd|1
|
|-weather|RainDance|[upkeep]
|-heal|p1a: Primarina|82/100|[from] item: Leftovers
|upkeep
|turn|12
|
|t:|1760308884
|-terastallize|p2a: Ogerpon|Water
|detailschange|p2a: Ogerpon|Ogerpon-Wellspring-Tera, F, tera:Water
|-ability|p2a: Ogerpon|Embody Aspect (Wellspring)|boost
|-boost|p2a: Ogerpon|spd|1
|move|p2a: Ogerpon|Ivy Cudgel|p1a: Primarina|[anim] Ivy Cudgel Water
|-resisted|p1a: Primarina
|-damage|p1a: Primarina|21/100
|move|p1a: Primarina|Draining Kiss|p2a: Ogerpon
|-damage|p2a: Ogerpon|0 fnt
|-heal|p1a: Primarina|32/100|[from] drain|[of] p2a: Ogerpon
|faint|p2a: Ogerpon
|detailschange|p2: Ogerpon|Ogerpon-Wellspring, F|[silent]
|
|-weather|none
|-heal|p1a: Primarina|38/100|[from] item: Leftovers
|upkeep
|
|t:|1760308896
|switch|p2a: Kingambit|Kingambit, M, shiny|100/100
|-activate|p2a: Kingambit|ability: Supreme Overlord
|-start|p2a: Kingambit|fallen2|[silent]
|turn|13
|
|t:|1760308904
|-terastallize|p1a: Primarina|Steel
|move|p1a: Primarina|Draining Kiss|p2a: Kingambit
|-damage|p2a: Kingambit|66/100
|-heal|p1a: Primarina|67/100|[from] drain|[of] p2a: Kingambit
|move|p2a: Kingambit|Iron Head|p1a: Primarina
|-resisted|p1a: Primarina
|-damage|p1a: Primarina|40/100
|
|-heal|p1a: Primarina|47/100|[from] item: Leftovers
|-heal|p2a: Kingambit|72/100|[from] item: Leftovers
|upkeep
|turn|14
|
|t:|1760308914
|switch|p1a: Garchomp|Garchomp, M|100/100
|-damage|p1a: Garchomp|88/100|[from] Spikes
|-damage|p1a: Garchomp|82/100|[from] Stealth Rock
|move|p2a: Kingambit|Kowtow Cleave|p1a: Garchomp
|-damage|p1a: Garchomp|26/100
|-damage|p2a: Kingambit|60/100|[from] ability: Rough Skin|[of] p1a: Garchomp
|
|-heal|p2a: Kingambit|66/100|[from] item: Leftovers
|upkeep
|turn|15
|
|t:|1760308925
|move|p2a: Kingambit|Sucker Punch|p1a: Garchomp
|-damage|p1a: Garchomp|0 fnt
|-damage|p2a: Kingambit|54/100|[from] ability: Rough Skin|[of] p1a: Garchomp
|faint|p1a: Garchomp
|
|-heal|p2a: Kingambit|60/100|[from] item: Leftovers
|upkeep
|
|t:|1760308932
|switch|p1a: Pelipper|Pelipper, F|100/100
|-damage|p1a: Pelipper|76/100|[from] Stealth Rock
|-weather|RainDance|[from] ability: Drizzle|[of] p1a: Pelipper
|turn|16
|
|t:|1760308941
|move|p1a: Pelipper|Weather Ball|p2a: Kingambit
|-damage|p2a: Kingambit|0 fnt
|faint|p2a: Kingambit
|-end|p2a: Kingambit|fallen2|[silent]
|
|-weather|RainDance|[upkeep]
|upkeep
|
|t:|1760308948
|switch|p2a: Dragapult|Dragapult, M, shiny|100/100
|turn|17
|
|t:|1760308953
|move|p2a: Dragapult|Draco Meteor|p1a: Pelipper|[miss]
|-miss|p2a: Dragapult|p1a: Pelipper
|move|p1a: Pelipper|U-turn|p2a: Dragapult
|-resisted|p2a: Dragapult
|-damage|p2a: Dragapult|94/100
|
|t:|1760308960
|switch|p1a: Primarina|Primarina, M, tera:Steel|47/100|[from] U-turn
|-damage|p1a: Primarina|34/100|[from] Spikes
|-damage|p1a: Primarina|28/100|[from] Stealth Rock
|
|-weather|RainDance|[upkeep]
|-heal|p1a: Primarina|34/100|[from] item: Leftovers
|upkeep
|turn|18
|
|t:|1760308968
|move|p2a: Dragapult|Dragon Darts|p1a: Primarina
|-resisted|p1a: Primarina
|-damage|p1a: Primarina|21/100
|-anim|p2a: Dragapult|Dragon Darts|p1a: Primarina
|-resisted|p1a: Primarina
|-crit|p1a: Primarina
|-damage|p1a: Primarina|0 fnt
|faint|p1a: Primarina
|-damage|p2a: Dragapult|84/100|[from] item: Life Orb
|
|-weather|RainDance|[upkeep]
|upkeep
|c|☆prince_holdaspoon|woooow
|
|t:|1760308977
|switch|p1a: Kingdra|Kingdra, M|100/100
|-damage|p1a: Kingdra|88/100|[from] Spikes
|-damage|p1a: Kingdra|76/100|[from] Stealth Rock
|turn|19
|
|t:|1760308984
|switch|p2a: Blaziken|Blaziken, M, shiny|100/100
|move|p1a: Kingdra|Weather Ball|p2a: Blaziken
|-supereffective|p2a: Blaziken
|-damage|p2a: Blaziken|0 fnt
|faint|p2a: Blaziken
|-damage|p1a: Kingdra|66/100|[from] item: Life Orb
|
|-weather|RainDance|[upkeep]
|upkeep
|
|t:|1760308989
|switch|p2a: Comfey|Comfey, M, shiny|63/100
|turn|20
|
|t:|1760308994
|switch|p1a: Ogerpon|Ogerpon-Wellspring, F|12/100
|-damage|p1a: Ogerpon|0 fnt|[from] Spikes
|faint|p1a: Ogerpon
|move|p2a: Comfey|Draining Kiss|p1: Ogerpon|[notarget]
|-fail|p2a: Comfey
|
|-weather|RainDance|[upkeep]
|upkeep
|c|☆Kanehusky13|crit 1000% mattered
|c|☆prince_holdaspoon|lmao
|c|☆prince_holdaspoon|i think the math checks out
|
|t:|1760309007
|switch|p1a: Pelipper|Pelipper, F|76/100
|-damage|p1a: Pelipper|51/100|[from] Stealth Rock
|turn|21
|
|t:|1760309011
|move|p2a: Comfey|Draining Kiss|p1a: Pelipper
|-damage|p1a: Pelipper|14/100
|-heal|p2a: Comfey|93/100|[from] drain|[of] p1a: Pelipper
|-damage|p2a: Comfey|83/100|[from] item: Life Orb
|move|p1a: Pelipper|Hurricane|p2a: Comfey
|-damage|p2a: Comfey|32/100
|
|-weather|RainDance|[upkeep]
|upkeep
|turn|22
|
|t:|1760309019
|move|p2a: Comfey|Draining Kiss|p1a: Pelipper
|-damage|p1a: Pelipper|0 fnt
|-heal|p2a: Comfey|42/100|[from] drain|[of] p1a: Pelipper
|faint|p1a: Pelipper
|-damage|p2a: Comfey|32/100|[from] item: Life Orb
|
|-weather|RainDance|[upkeep]
|upkeep
|c|☆Kanehusky13|I had flamethrower and I don't think that would have done it in the rain
|
|t:|1760309026
|switch|p1a: Kingdra|Kingdra, M|66/100
|-damage|p1a: Kingdra|53/100|[from] Spikes
|-damage|p1a: Kingdra|41/100|[from] Stealth Rock
|turn|23
|
|t:|1760309031
|move|p2a: Comfey|Draining Kiss|p1a: Kingdra
|-supereffective|p1a: Kingdra
|-damage|p1a: Kingdra|0 fnt
|-heal|p2a: Comfey|61/100|[from] drain|[of] p1a: Kingdra
|faint|p1a: Kingdra
|-damage|p2a: Comfey|52/100|[from] item: Life Orb
|
|win|Kanehusky13
|raw|prince_holdaspoon's rating: 1554 &rarr; <strong>1535</strong><br />(-19 for losing)
|raw|Kanehusky13's rating: 1574 &rarr; <strong>1593</strong><br />(+19 for winning)
|c|☆prince_holdaspoon|gg
|l|☆prince_holdaspoon
|player|p1|
|c|☆Kanehusky13|gg
|l|☆Kanehusky13
|player|p2|
