|j|☆PixyPinks
|j|☆hugolpm
|t:|1760409606
|gametype|singles
|player|p1|PixyPinks|veteranf|1149
|player|p2|hugolpm|lenora|1168
|gen|9
|tier|[Gen 9] OU
|rated|
|rule|HP Percentage Mod: HP is shown in percentages
|rule|Endless Battle Clause: Forcing endless battles is banned
|rule|Species Clause: Limit one of each Pokémon
|rule|OHKO Clause: OHKO moves are banned
|rule|Evasion Items Clause: Evasion items are banned
|rule|Evasion Moves Clause: Evasion moves are banned
|rule|Evasion Abilities Clause: Evasion abilities are banned
|rule|Sleep Moves Clause: Sleep-inducing moves are banned
|clearpoke
|poke|p1|Enamorus, F|
|poke|p1|Kyurem|
|poke|p1|Landorus-Therian, M|
|poke|p1|Kingambit, F|
|poke|p1|Ogerpon-Wellspring, F|
|poke|p1|Glimmora, F|
|poke|p2|Clefable, F|
|poke|p2|Garchomp, M|
|poke|p2|Iron Moth|
|poke|p2|Weezing-Galar, M|
|poke|p2|Scyther, F|
|poke|p2|Ogerpon-Wellspring, F|
|teampreview
|
|t:|1760409619
|teamsize|p1|6
|teamsize|p2|6
|start
|switch|p1a: Glimmora|Glimmora, F|100/100
|switch|p2a: Pipi|Clefable, F|100/100
|turn|1
|
|t:|1760409641
|move|p1a: Glimmora|Spikes|p2a: Pipi
|-sidestart|p2: hugolpm|Spikes
|move|p2a: Pipi|Wish|p2a: Pipi
|
|-status|p2a: Pipi|brn|[from] item: Flame Orb
|upkeep
|turn|2
|
|t:|1760409649
|move|p1a: Glimmora|Spikes|p2a: Pipi
|-sidestart|p2: hugolpm|Spikes
|move|p2a: Pipi|Trick|p1a: Glimmora
|-activate|p2a: Pipi|move: Trick|[of] p1a: Glimmora
|-item|p1a: Glimmora|Flame Orb|[from] move: Trick
|-item|p2a: Pipi|Red Card|[from] move: Trick
|
|-status|p1a: Glimmora|brn|[from] item: Flame Orb
|upkeep
|turn|3
|
|t:|1760409667
|move|p1a: Glimmora|Spikes|p2a: Pipi
|-sidestart|p2: hugolpm|Spikes
|move|p2a: Pipi|Wish|p2a: Pipi
|
|-damage|p1a: Glimmora|94/100 brn|[from] brn
|upkeep
|turn|4
|
|t:|1760409687
|switch|p1a: Kingambit|Kingambit, F|100/100
|-item|p1a: Kingambit|Air Balloon
|switch|p2a: Weezing|Weezing-Galar, M|100/100
|
|upkeep
|turn|5
|
|t:|1760409709
|move|p1a: Kingambit|Swords Dance|p1a: Kingambit
|-boost|p1a: Kingambit|atk|2
|move|p2a: Weezing|Defog|p1a: Kingambit
|-unboost|p1a: Kingambit|evasion|1
|-sideend|p2: hugolpm|Spikes|[from] move: Defog|[of] p2a: Weezing
|
|upkeep
|turn|6
|
|t:|1760409723
|move|p1a: Kingambit|Swords Dance|p1a: Kingambit
|-boost|p1a: Kingambit|atk|2
|move|p2a: Weezing|Play Rough|p1a: Kingambit
|-damage|p1a: Kingambit|78/100
|-enditem|p1a: Kingambit|Air Balloon
|
|upkeep
|turn|7
|
|t:|1760409734
|move|p1a: Kingambit|Swords Dance|p1a: Kingambit
|-boost|p1a: Kingambit|atk|2
|move|p2a: Weezing|Play Rough|p1a: Kingambit
|-damage|p1a: Kingambit|52/100
|
|upkeep
|turn|8
|
|t:|1760409742
|move|p1a: Kingambit|Iron Head|p2a: Weezing
|-supereffective|p2a: Weezing
|-damage|p2a: Weezing|0 fnt
|faint|p2a: Weezing
|
|upkeep
|
|t:|1760409757
|switch|p2a: Garchomp|Garchomp, M|100/100
|turn|9
|
|t:|1760409766
|-terastallize|p1a: Kingambit|Ghost
|move|p2a: Garchomp|Earthquake|p1a: Kingambit
|-damage|p1a: Kingambit|0 fnt
|faint|p1a: Kingambit
|-end|p1a: Kingambit|fallenundefined|[silent]
|
|upkeep
|
|t:|1760409773
|switch|p1a: Kyurem|Kyurem|100/100
|-ability|p1a: Kyurem|Pressure
|turn|10
|
|t:|1760409790
|-terastallize|p2a: Garchomp|Fire
|move|p2a: Garchomp|Earthquake|p1a: Kyurem
|-damage|p1a: Kyurem|48/100
|move|p1a: Kyurem|Ice Beam|p2a: Garchomp
|-resisted|p2a: Garchomp
|-damage|p2a: Garchomp|72/100
|
|upkeep
|turn|11
|
|t:|1760409801
|switch|p1a: Landorus|Landorus-Therian, M|100/100
|-ability|p1a: Landorus|Intimidate|boost
|-unboost|p2a: Garchomp|atk|1
|move|p2a: Garchomp|Earthquake|p1a: Landorus
|-immune|p1a: Landorus
|
|upkeep
|turn|12
|
|t:|1760409815
|switch|p2a: Faca|Scyther, F|100/100
|move|p1a: Landorus|Stealth Rock|p2a: Faca
|-sidestart|p2: hugolpm|move: Stealth Rock
|
|upkeep
|turn|13
|
|t:|1760409829
|move|p1a: Landorus|U-turn|p2a: Faca
|-resisted|p2a: Faca
|-damage|p2a: Faca|91/100
|
|t:|1760409837
|switch|p1a: Kyurem|Kyurem|48/100|[from] U-turn
|-ability|p1a: Kyurem|Pressure
|move|p2a: Faca|Trailblaze|p1a: Kyurem
|-resisted|p1a: Kyurem
|-damage|p1a: Kyurem|37/100
|-boost|p2a: Faca|spe|1
|
|upkeep
|turn|14
|
|t:|1760409851
|move|p1a: Kyurem|Ice Beam|p2a: Faca
|-supereffective|p2a: Faca
|-damage|p2a: Faca|10/100
|move|p2a: Faca|Close Combat|p1a: Kyurem
|-supereffective|p1a: Kyurem
|-damage|p1a: Kyurem|0 fnt
|-unboost|p2a: Faca|def|1
|-unboost|p2a: Faca|spd|1
|faint|p1a: Kyurem
|
|upkeep
|
|t:|1760409864
|switch|p1a: Glimmora|Glimmora, F|94/100 brn
|turn|15
|
|t:|1760409871
|move|p2a: Faca|Close Combat|p1a: Glimmora
|-damage|p1a: Glimmora|62/100 brn
|-unboost|p2a: Faca|def|1
|-unboost|p2a: Faca|spd|1
|-activate|p1a: Glimmora|ability: Toxic Debris
|-sidestart|p2: hugolpm|move: Toxic Spikes
|move|p1a: Glimmora|Mortal Spin|p2a: Faca
|-damage|p2a: Faca|5/100
|-status|p2a: Faca|psn
|
|-damage|p2a: Faca|0 fnt|[from] psn
|faint|p2a: Faca
|-damage|p1a: Glimmora|56/100 brn|[from] brn
|upkeep
|
|t:|1760409899
|switch|p2a: Bleh|Ogerpon-Wellspring, F|100/100
|-damage|p2a: Bleh|88/100|[from] Stealth Rock
|-status|p2a: Bleh|psn
|turn|16
|
|t:|1760409910
|move|p2a: Bleh|Ivy Cudgel|p1a: Glimmora|[anim] Ivy Cudgel Water
|-supereffective|p1a: Glimmora
|-crit|p1a: Glimmora
|-damage|p1a: Glimmora|0 fnt
|-activate|p1a: Glimmora|ability: Toxic Debris
|-sidestart|p2: hugolpm|move: Toxic Spikes
|faint|p1a: Glimmora
|
|-damage|p2a: Bleh|76/100 psn|[from] psn
|upkeep
|
|t:|1760409922
|switch|p1a: Ogerpon|Ogerpon-Wellspring, F|100/100
|turn|17
|
|t:|1760409930
|move|p1a: Ogerpon|Knock Off|p2a: Bleh
|-damage|p2a: Bleh|44/100 psn
|move|p2a: Bleh|Horn Leech|p1a: Ogerpon
|-damage|p1a: Ogerpon|41/100
|-heal|p2a: Bleh|73/100 psn|[from] drain|[of] p1a: Ogerpon
|
|-damage|p2a: Bleh|61/100 psn|[from] psn
|upkeep
|turn|18
|
|t:|1760409940
|move|p1a: Ogerpon|U-turn|p2a: Bleh
|-supereffective|p2a: Bleh
|-damage|p2a: Bleh|0 fnt
|faint|p2a: Bleh
|inactive|Battle timer is ON: inactive players will automatically lose when time's up. (requested by hugolpm)
|
|t:|1760409953
|switch|p1a: Landorus|Landorus-Therian, M|100/100|[from] U-turn
|
|upkeep
|
|t:|1760409978
|switch|p2a: Garchomp|Garchomp, M, tera:Fire|72/100
|-damage|p2a: Garchomp|47/100|[from] Stealth Rock
|-status|p2a: Garchomp|tox
|turn|19
|
|t:|1760409990
|move|p2a: Garchomp|Stone Edge|p1a: Landorus
|-damage|p1a: Landorus|61/100
|move|p1a: Landorus|Earthquake|p2a: Garchomp
|-supereffective|p2a: Garchomp
|-damage|p2a: Garchomp|0 fnt
|faint|p2a: Garchomp
|
|upkeep
|
|t:|1760410001
|switch|p2a: Pipi|Clefable, F|100/100 brn
|turn|20
|
|t:|1760410009
|move|p1a: Landorus|Taunt|p2a: Pipi
|-start|p2a: Pipi|move: Taunt
|move|p2a: Pipi|Moonblast|p1a: Landorus
|-damage|p1a: Landorus|24/100
|
|upkeep
|turn|21
|
|t:|1760410022
|move|p1a: Landorus|U-turn|p2a: Pipi
|-resisted|p2a: Pipi
|-damage|p2a: Pipi|89/100 brn
|-enditem|p2a: Pipi|Red Card|[of] p1a: Landorus
|drag|p1a: Ogerpon|Ogerpon-Wellspring, F|41/100
|move|p2a: Pipi|Moonblast|p1a: Ogerpon
|-damage|p1a: Ogerpon|3/100
|
|upkeep
|turn|22
|
|t:|1760410035
|move|p1a: Ogerpon|Knock Off|p2a: Pipi
|-resisted|p2a: Pipi
|-damage|p2a: Pipi|75/100 brn
|move|p2a: Pipi|Moonblast|p1a: Ogerpon
|-damage|p1a: Ogerpon|0 fnt
|faint|p1a: Ogerpon
|
|-end|p2a: Pipi|move: Taunt
|upkeep
|
|t:|1760410040
|switch|p1a: Enamorus|Enamorus, F|100/100
|turn|23
|
|t:|1760410052
|move|p1a: Enamorus|Moonblast|p2a: Pipi
|-damage|p2a: Pipi|39/100 brn
|move|p2a: Pipi|Trick|p1a: Enamorus
|-activate|p2a: Pipi|move: Trick|[of] p1a: Enamorus
|-enditem|p1a: Enamorus|Heavy-Duty Boots|[silent]|[from] move: Trick
|-item|p2a: Pipi|Heavy-Duty Boots|[from] move: Trick
|
|upkeep
|turn|24
|
|t:|1760410063
|move|p1a: Enamorus|Moonblast|p2a: Pipi
|-damage|p2a: Pipi|7/100 brn
|-unboost|p2a: Pipi|spa|1
|move|p2a: Pipi|Wish|p2a: Pipi
|
|upkeep
|turn|25
|
|t:|1760410072
|move|p2a: Pipi|Protect|p2a: Pipi
|-singleturn|p2a: Pipi|Protect
|move|p1a: Enamorus|Moonblast|p2a: Pipi
|-activate|p2a: Pipi|move: Protect
|
|-heal|p2a: Pipi|57/100 brn|[from] move: Wish|[wisher] Pipi
|upkeep
|turn|26
|
|t:|1760410079
|move|p1a: Enamorus|Superpower|p2a: Pipi
|-resisted|p2a: Pipi
|-damage|p2a: Pipi|40/100 brn
|-boost|p1a: Enamorus|atk|1
|-boost|p1a: Enamorus|def|1
|move|p2a: Pipi|Wish|p2a: Pipi
|
|upkeep
|turn|27
|
|t:|1760410089
|switch|p2a: Fralda|Iron Moth|100/100
|-damage|p2a: Fralda|76/100|[from] Stealth Rock
|-sideend|p2: hugolpm|move: Toxic Spikes|[of] p2a: Fralda
|move|p1a: Enamorus|Superpower|p2a: Fralda
|-resisted|p2a: Fralda
|-damage|p2a: Fralda|36/100
|-boost|p1a: Enamorus|atk|1
|-boost|p1a: Enamorus|def|1
|
|-heal|p2a: Fralda|100/100|[from] move: Wish|[wisher] Pipi
|upkeep
|turn|28
|
|t:|1760410101
|move|p2a: Fralda|Sludge Wave|p1a: Enamorus
|-supereffective|p1a: Enamorus
|-damage|p1a: Enamorus|0 fnt
|faint|p1a: Enamorus
|
|upkeep
|
|t:|1760410104
|switch|p1a: Landorus|Landorus-Therian, M|24/100
|-ability|p1a: Landorus|Intimidate|boost
|-unboost|p2a: Fralda|atk|1
|turn|29
|
|t:|1760410115
|move|p2a: Fralda|Energy Ball|p1a: Landorus
|-damage|p1a: Landorus|0 fnt
|faint|p1a: Landorus
|
|win|hugolpm
|raw|PixyPinks's rating: 1149 &rarr; <strong>1125</strong><br />(-24 for losing)
|raw|hugolpm's rating: 1168 &rarr; <strong>1192</strong><br />(+24 for winning)
