|j|☆Shad0x YT
|j|☆Bighuff127
|t:|1760434812
|gametype|singles
|player|p1|Shad0x YT|elesa|1255
|player|p2|Bighuff127|2|1261
|gen|9
|tier|[Gen 9] OU
|rated|
|rule|HP Percentage Mod: HP is shown in percentages
|rule|Endless Battle Clause: Forcing endless battles is banned
|rule|Species Clause: Limit one of each Pokémon
|rule|OHKO Clause: OHKO moves are banned
|rule|Evasion Items Clause: Evasion items are banned
|rule|Evasion Moves Clause: Evasion moves are banned
|rule|Evasion Abilities Clause: Evasion abilities are banned
|rule|Sleep Moves Clause: Sleep-inducing moves are banned
|clearpoke
|poke|p1|Ribombee, F|
|poke|p1|Great Tusk|
|poke|p1|Landorus-Therian, M|
|poke|p1|Kingambit, M|
|poke|p1|Ogerpon-Wellspring, F|
|poke|p1|Dragapult, F|
|poke|p2|Gyarados, M|
|poke|p2|Garchomp, M|
|poke|p2|Ninetales-Alola, F|
|poke|p2|Great Tusk|
|poke|p2|Kingambit, M|
|poke|p2|Pecharunt|
|teampreview
|inactive|Battle timer is ON: inactive players will automatically lose when time's up. (requested by Bighuff127)
|
|t:|1760434828
|teamsize|p1|6
|teamsize|p2|6
|start
|switch|p1a: Landorus|Landorus-Therian, M, shiny|100/100
|switch|p2a: Ninetales|Ninetales-Alola, F, shiny|100/100
|-ability|p1a: Landorus|Intimidate|boost
|-unboost|p2a: Ninetales|atk|1
|-weather|Snowscape|[from] ability: Snow Warning|[of] p2a: Ninetales
|turn|1
|
|t:|1760434855
|move|p1a: Landorus|Stone Edge|p2a: Ninetales|[miss]
|-miss|p1a: Landorus|p2a: Ninetales
|move|p2a: Ninetales|Aurora Veil|p2a: Ninetales
|-sidestart|p2: Bighuff127|move: Aurora Veil
|
|-weather|Snowscape|[upkeep]
|upkeep
|turn|2
|c|☆Shad0x YT|fk
|
|t:|1760434871
|switch|p1a: Ribombee|Ribombee, F, shiny|100/100
|switch|p2a: Pecharunt|Pecharunt|100/100
|
|-weather|Snowscape|[upkeep]
|upkeep
|turn|3
|
|t:|1760434882
|move|p1a: Ribombee|Sticky Web|p2a: Pecharunt
|-sidestart|p2: Bighuff127|move: Sticky Web
|move|p2a: Pecharunt|Malignant Chain|p1a: Ribombee
|-supereffective|p1a: Ribombee
|-enditem|p1a: Ribombee|Focus Sash
|-damage|p1a: Ribombee|1/100
|
|-weather|Snowscape|[upkeep]
|upkeep
|turn|4
|
|t:|1760434888
|move|p1a: Ribombee|Psychic Noise|p2a: Pecharunt
|-supereffective|p2a: Pecharunt
|-damage|p2a: Pecharunt|79/100
|-start|p2a: Pecharunt|move: Heal Block
|move|p2a: Pecharunt|Malignant Chain|p1a: Ribombee
|-supereffective|p1a: Ribombee
|-damage|p1a: Ribombee|0 fnt
|faint|p1a: Ribombee
|
|-weather|Snowscape|[upkeep]
|upkeep
|
|t:|1760434896
|switch|p1a: Dragapult|Dragapult, F, shiny|100/100
|turn|5
|
|t:|1760434901
|switch|p2a: Kingambit|Kingambit, M, shiny|100/100
|-activate|p2a: Kingambit|move: Sticky Web
|-unboost|p2a: Kingambit|spe|1
|move|p1a: Dragapult|Shadow Ball|p2a: Kingambit
|-resisted|p2a: Kingambit
|-damage|p2a: Kingambit|77/100
|
|-weather|none
|upkeep
|turn|6
|
|t:|1760434909
|switch|p1a: Landorus|Landorus-Therian, M, shiny|100/100
|-ability|p1a: Landorus|Intimidate|boost
|-unboost|p2a: Kingambit|atk|1
|-end|p2a: Kingambit|fallenundefined|[silent]
|switch|p2a: Gyarados|Gyarados, M|100/100
|
|upkeep
|turn|7
|
|t:|1760434917
|switch|p2a: Great Tusk|Great Tusk|100/100
|-activate|p2a: Great Tusk|move: Sticky Web
|-unboost|p2a: Great Tusk|spe|1
|move|p1a: Landorus|U-turn|p2a: Great Tusk
|-resisted|p2a: Great Tusk
|-damage|p2a: Great Tusk|97/100
|-damage|p1a: Landorus|84/100|[from] item: Rocky Helmet|[of] p2a: Great Tusk
|
|t:|1760434933
|switch|p1a: Ogerpon|Ogerpon-Wellspring, F|100/100|[from] U-turn
|
|upkeep
|turn|8
|
|t:|1760434947
|switch|p1a: Dragapult|Dragapult, F, shiny|100/100
|move|p2a: Great Tusk|Rapid Spin|p1a: Dragapult
|-immune|p1a: Dragapult
|
|-sideend|p2: Bighuff127|move: Aurora Veil
|upkeep
|turn|9
|
|t:|1760434966
|move|p1a: Dragapult|Shadow Ball|p2a: Great Tusk
|-damage|p2a: Great Tusk|31/100
|move|p2a: Great Tusk|Knock Off|p1a: Dragapult
|-supereffective|p1a: Dragapult
|-damage|p1a: Dragapult|27/100
|-enditem|p1a: Dragapult|Choice Specs|[from] move: Knock Off|[of] p2a: Great Tusk
|
|upkeep
|turn|10
|
|t:|1760434977
|move|p1a: Dragapult|Shadow Ball|p2a: Great Tusk
|-damage|p2a: Great Tusk|0 fnt
|faint|p2a: Great Tusk
|-end|p2a: Great Tusk|Protosynthesis|[silent]
|
|upkeep
|
|t:|1760434982
|switch|p2a: Gyarados|Gyarados, M|100/100
|turn|11
|
|t:|1760434988
|switch|p1a: Ogerpon|Ogerpon-Wellspring, F|100/100
|move|p2a: Gyarados|Dragon Dance|p2a: Gyarados
|-boost|p2a: Gyarados|atk|1
|-boost|p2a: Gyarados|spe|1
|
|upkeep
|turn|12
|
|t:|1760434994
|-terastallize|p2a: Gyarados|Flying
|move|p2a: Gyarados|Tera Blast|p1a: Ogerpon|[anim] Tera Blast Flying
|-supereffective|p1a: Ogerpon
|-damage|p1a: Ogerpon|0 fnt
|faint|p1a: Ogerpon
|-ability|p2a: Gyarados|Moxie|boost
|-boost|p2a: Gyarados|atk|1
|
|upkeep
|
|t:|1760435006
|switch|p1a: Landorus|Landorus-Therian, M, shiny|84/100
|-ability|p1a: Landorus|Intimidate|boost
|-unboost|p2a: Gyarados|atk|1
|turn|13
|
|t:|1760435013
|switch|p2a: Garchomp|Garchomp, M|100/100
|-activate|p2a: Garchomp|move: Sticky Web
|-unboost|p2a: Garchomp|spe|1
|-terastallize|p1a: Landorus|Ice
|move|p1a: Landorus|Tera Blast|p2a: Garchomp|[anim] Tera Blast Ice
|-supereffective|p2a: Garchomp
|-crit|p2a: Garchomp
|-damage|p2a: Garchomp|0 fnt
|faint|p2a: Garchomp
|
|upkeep
|
|t:|1760435020
|switch|p2a: Ninetales|Ninetales-Alola, F, shiny|100/100
|-activate|p2a: Ninetales|move: Sticky Web
|-unboost|p2a: Ninetales|spe|1
|-weather|Snowscape|[from] ability: Snow Warning|[of] p2a: Ninetales
|turn|14
|
|t:|1760435035
|switch|p1a: Great Tusk|Great Tusk|100/100
|move|p2a: Ninetales|Aurora Veil|p2a: Ninetales
|-sidestart|p2: Bighuff127|move: Aurora Veil
|
|-weather|Snowscape|[upkeep]
|upkeep
|turn|15
|
|t:|1760435047
|move|p1a: Great Tusk|Stealth Rock|p2a: Ninetales
|-sidestart|p2: Bighuff127|move: Stealth Rock
|move|p2a: Ninetales|Moonblast|p1a: Great Tusk
|-supereffective|p1a: Great Tusk
|-damage|p1a: Great Tusk|23/100
|
|-weather|Snowscape|[upkeep]
|upkeep
|turn|16
|
|t:|1760435053
|move|p1a: Great Tusk|Headlong Rush|p2a: Ninetales
|-damage|p2a: Ninetales|79/100
|-unboost|p1a: Great Tusk|def|1
|-unboost|p1a: Great Tusk|spd|1
|move|p2a: Ninetales|Moonblast|p1a: Great Tusk
|-supereffective|p1a: Great Tusk
|-damage|p1a: Great Tusk|0 fnt
|faint|p1a: Great Tusk
|-end|p1a: Great Tusk|Protosynthesis|[silent]
|
|-weather|Snowscape|[upkeep]
|upkeep
|
|t:|1760435060
|switch|p1a: Dragapult|Dragapult, F, shiny|27/100
|turn|17
|
|t:|1760435065
|move|p1a: Dragapult|Flamethrower|p2a: Ninetales
|-supereffective|p2a: Ninetales
|-damage|p2a: Ninetales|24/100
|move|p2a: Ninetales|Moonblast|p1a: Dragapult
|-supereffective|p1a: Dragapult
|-damage|p1a: Dragapult|0 fnt
|faint|p1a: Dragapult
|
|-weather|Snowscape|[upkeep]
|upkeep
|
|t:|1760435072
|switch|p1a: Kingambit|Kingambit, M|100/100
|-activate|p1a: Kingambit|ability: Supreme Overlord
|-start|p1a: Kingambit|fallen4|[silent]
|turn|18
|
|t:|1760435090
|move|p2a: Ninetales|Encore||[still]
|-fail|p2a: Ninetales
|move|p1a: Kingambit|Iron Head|p2a: Ninetales
|-supereffective|p2a: Ninetales
|-damage|p2a: Ninetales|0 fnt
|faint|p2a: Ninetales
|
|-weather|none
|upkeep
|
|t:|1760435096
|switch|p2a: Gyarados|Gyarados, M, tera:Flying|100/100
|turn|19
|
|t:|1760435116
|-end|p1a: Kingambit|fallen4|[silent]
|switch|p1a: Landorus|Landorus-Therian, M, shiny, tera:Ice|84/100
|-ability|p1a: Landorus|Intimidate|boost
|-unboost|p2a: Gyarados|atk|1
|move|p2a: Gyarados|Earthquake|p1a: Landorus
|-damage|p1a: Landorus|59/100
|
|upkeep
|turn|20
|
|t:|1760435124
|switch|p2a: Pecharunt|Pecharunt|79/100
|move|p1a: Landorus|Tera Blast|p2a: Pecharunt|[anim] Tera Blast Ice
|-damage|p2a: Pecharunt|69/100
|
|upkeep
|turn|21
|
|t:|1760435129
|switch|p1a: Kingambit|Kingambit, M|100/100
|-activate|p1a: Kingambit|ability: Supreme Overlord
|-start|p1a: Kingambit|fallen4|[silent]
|move|p2a: Pecharunt|Parting Shot|p1a: Kingambit
|-unboost|p1a: Kingambit|atk|1
|-unboost|p1a: Kingambit|spa|1
|
|t:|1760435137
|switch|p2a: Gyarados|Gyarados, M, tera:Flying|100/100|[from] Parting Shot
|
|-sideend|p2: Bighuff127|move: Aurora Veil
|upkeep
|turn|22
|
|t:|1760435147
|-end|p1a: Kingambit|fallen4|[silent]
|switch|p1a: Landorus|Landorus-Therian, M, shiny, tera:Ice|59/100
|-ability|p1a: Landorus|Intimidate|boost
|-unboost|p2a: Gyarados|atk|1
|move|p2a: Gyarados|Dragon Dance|p2a: Gyarados
|-boost|p2a: Gyarados|atk|1
|-boost|p2a: Gyarados|spe|1
|
|upkeep
|turn|23
|
|t:|1760435153
|move|p1a: Landorus|Tera Blast|p2a: Gyarados|[anim] Tera Blast Ice
|-supereffective|p2a: Gyarados
|-damage|p2a: Gyarados|0 fnt
|faint|p2a: Gyarados
|
|upkeep
|
|t:|1760435156
|switch|p2a: Kingambit|Kingambit, M, shiny|77/100
|-activate|p2a: Kingambit|move: Sticky Web
|-unboost|p2a: Kingambit|spe|1
|-damage|p2a: Kingambit|71/100|[from] Stealth Rock
|-activate|p2a: Kingambit|ability: Supreme Overlord
|-start|p2a: Kingambit|fallen4|[silent]
|turn|24
|
|t:|1760435163
|switch|p1a: Kingambit|Kingambit, M|100/100
|-activate|p1a: Kingambit|ability: Supreme Overlord
|-start|p1a: Kingambit|fallen4|[silent]
|move|p2a: Kingambit|Kowtow Cleave|p1a: Kingambit
|-resisted|p1a: Kingambit
|-damage|p1a: Kingambit|62/100
|
|-heal|p1a: Kingambit|68/100|[from] item: Leftovers
|upkeep
|turn|25
|-message|Bighuff127 forfeited.
|
|win|Shad0x YT
|raw|Shad0x YT's rating: 1255 &rarr; <strong>1280</strong><br />(+25 for winning)
|raw|Bighuff127's rating: 1261 &rarr; <strong>1236</strong><br />(-25 for losing)
|l|☆Bighuff127
|player|p2|
|l|☆Shad0x YT
|player|p1|
