|j|☆henry151th
|j|☆AjonymousNon
|t:|1760317579
|gametype|singles
|player|p1|henry151th|wallace|1790
|player|p2|AjonymousNon|workerice|1766
|gen|9
|tier|[Gen 9] OU
|rated|
|rule|HP Percentage Mod: HP is shown in percentages
|rule|Endless Battle Clause: Forcing endless battles is banned
|rule|Species Clause: Limit one of each Pokémon
|rule|OHKO Clause: OHKO moves are banned
|rule|Evasion Items Clause: Evasion items are banned
|rule|Evasion Moves Clause: Evasion moves are banned
|rule|Evasion Abilities Clause: Evasion abilities are banned
|rule|Sleep Moves Clause: Sleep-inducing moves are banned
|clearpoke
|poke|p1|Tyranitar, M|
|poke|p1|Excadrill, M|
|poke|p1|Garganacl, F|
|poke|p1|Tornadus-Therian, M|
|poke|p1|Keldeo-Resolute|
|poke|p1|Pecharunt|
|poke|p2|Great Tusk|
|poke|p2|Ogerpon-Cornerstone, F|
|poke|p2|Rillaboom, M|
|poke|p2|Tyranitar, F|
|poke|p2|Corviknight, M|
|poke|p2|Dragapult, F|
|teampreview
|inactive|Battle timer is ON: inactive players will automatically lose when time's up. (requested by AjonymousNon)
|
|t:|1760317603
|teamsize|p1|6
|teamsize|p2|6
|start
|switch|p1a: Tornadus|Tornadus-Therian, M|100/100
|switch|p2a: Tyranitar|Tyranitar, F|100/100
|-weather|Sandstorm|[from] ability: Sand Stream|[of] p2a: Tyranitar
|turn|1
|
|t:|1760317628
|move|p1a: Tornadus|U-turn|p2a: Tyranitar
|-supereffective|p2a: Tyranitar
|-damage|p2a: Tyranitar|79/100
|
|t:|1760317633
|switch|p1a: Pecharunt|Pecharunt|100/100|[from] U-turn
|move|p2a: Tyranitar|Stealth Rock|p1a: Pecharunt
|-sidestart|p1: henry151th|move: Stealth Rock
|
|-weather|Sandstorm|[upkeep]
|-damage|p1a: Pecharunt|94/100|[from] Sandstorm
|-heal|p2a: Tyranitar|85/100|[from] item: Leftovers
|upkeep
|turn|2
|
|t:|1760317635
|switch|p2a: Dragapult|Dragapult, F|100/100
|move|p1a: Pecharunt|Malignant Chain|p2a: Dragapult
|-resisted|p2a: Dragapult
|-damage|p2a: Dragapult|78/100
|-status|p2a: Dragapult|tox
|-start|p2a: Dragapult|confusion|[from] ability: Poison Puppeteer|[of] p1a: Pecharunt
|
|-weather|Sandstorm|[upkeep]
|-damage|p2a: Dragapult|72/100 tox|[from] Sandstorm
|-damage|p1a: Pecharunt|88/100|[from] Sandstorm
|-heal|p2a: Dragapult|78/100 tox|[from] item: Leftovers
|-damage|p2a: Dragapult|72/100 tox|[from] psn
|upkeep
|turn|3
|j| OP Earthquakes
|
|t:|1760317645
|switch|p2a: Ogerpon|Ogerpon-Cornerstone, F|100/100
|switch|p1a: Excadrill|Excadrill, M|100/100
|-damage|p1a: Excadrill|97/100|[from] Stealth Rock
|
|-weather|Sandstorm|[upkeep]
|upkeep
|turn|4
|
|t:|1760317669
|switch|p2a: Corviknight|Corviknight, M|100/100
|-ability|p2a: Corviknight|Pressure
|move|p1a: Excadrill|Rapid Spin|p2a: Corviknight
|-resisted|p2a: Corviknight
|-damage|p2a: Corviknight|94/100
|-boost|p1a: Excadrill|spe|1
|-damage|p1a: Excadrill|81/100|[from] item: Rocky Helmet|[of] p2a: Corviknight
|-sideend|p1: henry151th|Stealth Rock|[from] move: Rapid Spin|[of] p1a: Excadrill
|-damage|p1a: Excadrill|71/100|[from] item: Life Orb
|
|-weather|Sandstorm|[upkeep]
|upkeep
|turn|5
|
|t:|1760317675
|switch|p1a: Keldeo|Keldeo-Resolute|100/100
|move|p2a: Corviknight|U-turn|p1a: Keldeo
|-resisted|p1a: Keldeo
|-damage|p1a: Keldeo|92/100
|
|t:|1760317684
|switch|p2a: Rillaboom|Rillaboom, M|100/100|[from] U-turn
|-fieldstart|move: Grassy Terrain|[from] ability: Grassy Surge|[of] p2a: Rillaboom
|
|-weather|none
|-heal|p1a: Keldeo|98/100|[from] Grassy Terrain
|upkeep
|turn|6
|
|t:|1760317694
|switch|p1a: Pecharunt|Pecharunt|88/100
|move|p2a: Rillaboom|Knock Off|p1a: Pecharunt
|-supereffective|p1a: Pecharunt
|-damage|p1a: Pecharunt|40/100
|-enditem|p1a: Pecharunt|Heavy-Duty Boots|[from] move: Knock Off|[of] p2a: Rillaboom
|
|-heal|p1a: Pecharunt|46/100|[from] Grassy Terrain
|upkeep
|turn|7
|
|t:|1760317699
|switch|p2a: Tyranitar|Tyranitar, F|85/100
|-weather|Sandstorm|[from] ability: Sand Stream|[of] p2a: Tyranitar
|move|p1a: Pecharunt|Recover|p1a: Pecharunt
|-heal|p1a: Pecharunt|96/100
|
|-weather|Sandstorm|[upkeep]
|-damage|p1a: Pecharunt|90/100|[from] Sandstorm
|-heal|p1a: Pecharunt|96/100|[from] Grassy Terrain
|-heal|p2a: Tyranitar|92/100|[from] Grassy Terrain
|-heal|p2a: Tyranitar|98/100|[from] item: Leftovers
|upkeep
|turn|8
|
|t:|1760317702
|move|p1a: Pecharunt|Parting Shot|p2a: Tyranitar
|-unboost|p2a: Tyranitar|atk|1
|-unboost|p2a: Tyranitar|spa|1
|
|t:|1760317707
|switch|p1a: Keldeo|Keldeo-Resolute|98/100|[from] Parting Shot
|move|p2a: Tyranitar|Stealth Rock|p1a: Keldeo
|-sidestart|p1: henry151th|move: Stealth Rock
|
|-weather|Sandstorm|[upkeep]
|-damage|p1a: Keldeo|92/100|[from] Sandstorm
|-heal|p1a: Keldeo|98/100|[from] Grassy Terrain
|-heal|p2a: Tyranitar|100/100|[from] Grassy Terrain
|upkeep
|turn|9
|
|t:|1760317713
|switch|p2a: Dragapult|Dragapult, F|72/100 tox
|move|p1a: Keldeo|Secret Sword|p2a: Dragapult
|-immune|p2a: Dragapult
|
|-weather|Sandstorm|[upkeep]
|-damage|p2a: Dragapult|66/100 tox|[from] Sandstorm
|-damage|p1a: Keldeo|92/100|[from] Sandstorm
|-heal|p2a: Dragapult|72/100 tox|[from] Grassy Terrain
|-heal|p2a: Dragapult|78/100 tox|[from] item: Leftovers
|-heal|p1a: Keldeo|98/100|[from] Grassy Terrain
|-damage|p2a: Dragapult|72/100 tox|[from] psn
|-fieldend|move: Grassy Terrain
|upkeep
|turn|10
|
|t:|1760317719
|move|p2a: Dragapult|Dragon Darts|p1a: Keldeo
|-damage|p1a: Keldeo|74/100
|-anim|p2a: Dragapult|Dragon Darts|p1a: Keldeo
|-damage|p1a: Keldeo|51/100
|move|p1a: Keldeo|Secret Sword|p2a: Dragapult
|-immune|p2a: Dragapult
|
|-weather|Sandstorm|[upkeep]
|-damage|p2a: Dragapult|66/100 tox|[from] Sandstorm
|-damage|p1a: Keldeo|45/100|[from] Sandstorm
|-heal|p2a: Dragapult|72/100 tox|[from] item: Leftovers
|-damage|p2a: Dragapult|59/100 tox|[from] psn
|upkeep
|turn|11
|
|t:|1760317724
|switch|p1a: Excadrill|Excadrill, M|71/100
|-damage|p1a: Excadrill|68/100|[from] Stealth Rock
|move|p2a: Dragapult|Dragon Darts|p1a: Excadrill
|-resisted|p1a: Excadrill
|-damage|p1a: Excadrill|54/100
|-anim|p2a: Dragapult|Dragon Darts|p1a: Excadrill
|-resisted|p1a: Excadrill
|-damage|p1a: Excadrill|40/100
|
|-weather|none
|-heal|p2a: Dragapult|66/100 tox|[from] item: Leftovers
|-damage|p2a: Dragapult|47/100 tox|[from] psn
|upkeep
|turn|12
|
|t:|1760317730
|move|p2a: Dragapult|Hex|p1a: Excadrill
|-damage|p1a: Excadrill|0 fnt
|faint|p1a: Excadrill
|
|-heal|p2a: Dragapult|53/100 tox|[from] item: Leftovers
|-damage|p2a: Dragapult|28/100 tox|[from] psn
|upkeep
|
|t:|1760317733
|switch|p1a: Tyranitar|Tyranitar, M|100/100
|-damage|p1a: Tyranitar|88/100|[from] Stealth Rock
|-weather|Sandstorm|[from] ability: Sand Stream|[of] p1a: Tyranitar
|turn|13
|
|t:|1760317737
|switch|p2a: Rillaboom|Rillaboom, M|100/100
|-fieldstart|move: Grassy Terrain|[from] ability: Grassy Surge|[of] p2a: Rillaboom
|move|p1a: Tyranitar|Stealth Rock|p2a: Rillaboom
|-sidestart|p2: AjonymousNon|move: Stealth Rock
|
|-weather|Sandstorm|[upkeep]
|-damage|p2a: Rillaboom|94/100|[from] Sandstorm
|-heal|p2a: Rillaboom|100/100|[from] Grassy Terrain
|-heal|p1a: Tyranitar|94/100|[from] Grassy Terrain
|upkeep
|turn|14
|
|t:|1760317745
|switch|p2a: Great Tusk|Great Tusk|100/100
|-damage|p2a: Great Tusk|98/100|[from] Stealth Rock
|move|p1a: Tyranitar|Ice Beam|p2a: Great Tusk
|-supereffective|p2a: Great Tusk
|-damage|p2a: Great Tusk|73/100
|
|-weather|Sandstorm|[upkeep]
|-heal|p2a: Great Tusk|79/100|[from] Grassy Terrain
|-heal|p1a: Tyranitar|100/100|[from] Grassy Terrain
|upkeep
|turn|15
|
|t:|1760317754
|switch|p1a: Pecharunt|Pecharunt|96/100
|-damage|p1a: Pecharunt|84/100|[from] Stealth Rock
|move|p2a: Great Tusk|Rapid Spin|p1a: Pecharunt
|-immune|p1a: Pecharunt
|
|-weather|Sandstorm|[upkeep]
|-damage|p1a: Pecharunt|78/100|[from] Sandstorm
|-heal|p2a: Great Tusk|85/100|[from] Grassy Terrain
|-heal|p1a: Pecharunt|84/100|[from] Grassy Terrain
|upkeep
|turn|16
|
|t:|1760317759
|move|p2a: Great Tusk|Headlong Rush|p1a: Pecharunt
|-supereffective|p1a: Pecharunt
|-damage|p1a: Pecharunt|25/100
|-unboost|p2a: Great Tusk|def|1
|-unboost|p2a: Great Tusk|spd|1
|move|p1a: Pecharunt|Malignant Chain|p2a: Great Tusk
|-resisted|p2a: Great Tusk
|-damage|p2a: Great Tusk|69/100
|
|-weather|Sandstorm|[upkeep]
|-damage|p1a: Pecharunt|19/100|[from] Sandstorm
|-heal|p2a: Great Tusk|76/100|[from] Grassy Terrain
|-heal|p1a: Pecharunt|25/100|[from] Grassy Terrain
|upkeep
|turn|17
|
|t:|1760317766
|move|p2a: Great Tusk|Headlong Rush|p1a: Pecharunt
|-supereffective|p1a: Pecharunt
|-crit|p1a: Pecharunt
|-damage|p1a: Pecharunt|0 fnt
|-unboost|p2a: Great Tusk|def|1
|-unboost|p2a: Great Tusk|spd|1
|faint|p1a: Pecharunt
|
|-weather|Sandstorm|[upkeep]
|-heal|p2a: Great Tusk|82/100|[from] Grassy Terrain
|-fieldend|move: Grassy Terrain
|upkeep
|
|t:|1760317768
|switch|p1a: Keldeo|Keldeo-Resolute|45/100
|-damage|p1a: Keldeo|39/100|[from] Stealth Rock
|turn|18
|
|t:|1760317776
|-end|p2a: Great Tusk|Protosynthesis|[silent]
|switch|p2a: Dragapult|Dragapult, F|28/100 tox
|-damage|p2a: Dragapult|16/100 tox|[from] Stealth Rock
|move|p1a: Keldeo|Surf|p2a: Dragapult
|-resisted|p2a: Dragapult
|-crit|p2a: Dragapult
|-damage|p2a: Dragapult|0 fnt
|faint|p2a: Dragapult
|
|-weather|Sandstorm|[upkeep]
|-damage|p1a: Keldeo|32/100|[from] Sandstorm
|upkeep
|
|t:|1760317779
|switch|p2a: Rillaboom|Rillaboom, M|100/100
|-damage|p2a: Rillaboom|88/100|[from] Stealth Rock
|-fieldstart|move: Grassy Terrain|[from] ability: Grassy Surge|[of] p2a: Rillaboom
|turn|19
|
|t:|1760317787
|move|p1a: Keldeo|Surf|p2a: Rillaboom
|-resisted|p2a: Rillaboom
|-damage|p2a: Rillaboom|42/100
|move|p2a: Rillaboom|Wood Hammer|p1a: Keldeo
|-supereffective|p1a: Keldeo
|-damage|p1a: Keldeo|0 fnt
|faint|p1a: Keldeo
|-damage|p2a: Rillaboom|32/100|[from] Recoil
|
|-weather|Sandstorm|[upkeep]
|-damage|p2a: Rillaboom|26/100|[from] Sandstorm
|-heal|p2a: Rillaboom|32/100|[from] Grassy Terrain
|upkeep
|
|t:|1760317789
|switch|p1a: Tornadus|Tornadus-Therian, M|100/100
|turn|20
|
|t:|1760317793
|switch|p2a: Corviknight|Corviknight, M|94/100
|-damage|p2a: Corviknight|81/100|[from] Stealth Rock
|-ability|p2a: Corviknight|Pressure
|move|p1a: Tornadus|Bleakwind Storm|p2a: Corviknight
|-resisted|p2a: Corviknight
|-damage|p2a: Corviknight|59/100
|
|-weather|none
|upkeep
|turn|21
|
|t:|1760317796
|move|p1a: Tornadus|Knock Off|p2a: Corviknight
|-damage|p2a: Corviknight|49/100
|-damage|p1a: Tornadus|84/100|[from] item: Rocky Helmet|[of] p2a: Corviknight
|-enditem|p2a: Corviknight|Rocky Helmet|[from] move: Knock Off|[of] p1a: Tornadus
|move|p2a: Corviknight|U-turn|p1a: Tornadus
|-resisted|p1a: Tornadus
|-damage|p1a: Tornadus|75/100
|
|t:|1760317800
|switch|p2a: Tyranitar|Tyranitar, F|100/100|[from] U-turn
|-damage|p2a: Tyranitar|88/100|[from] Stealth Rock
|-weather|Sandstorm|[from] ability: Sand Stream|[of] p2a: Tyranitar
|
|-weather|Sandstorm|[upkeep]
|-damage|p1a: Tornadus|69/100|[from] Sandstorm
|-heal|p2a: Tyranitar|94/100|[from] Grassy Terrain
|-heal|p2a: Tyranitar|100/100|[from] item: Leftovers
|upkeep
|turn|22
|
|t:|1760317804
|move|p1a: Tornadus|U-turn|p2a: Tyranitar
|-supereffective|p2a: Tyranitar
|-damage|p2a: Tyranitar|81/100
|j| AbrarS
|
|t:|1760317806
|switch|p1a: Tyranitar|Tyranitar, M|100/100|[from] U-turn
|-damage|p1a: Tyranitar|88/100|[from] Stealth Rock
|move|p2a: Tyranitar|Knock Off|p1a: Tyranitar
|-resisted|p1a: Tyranitar
|-damage|p1a: Tyranitar|72/100
|-enditem|p1a: Tyranitar|Smooth Rock|[from] move: Knock Off|[of] p2a: Tyranitar
|
|-weather|Sandstorm|[upkeep]
|-heal|p2a: Tyranitar|87/100|[from] Grassy Terrain
|-heal|p2a: Tyranitar|94/100|[from] item: Leftovers
|-heal|p1a: Tyranitar|78/100|[from] Grassy Terrain
|upkeep
|turn|23
|
|t:|1760317811
|switch|p2a: Great Tusk|Great Tusk|82/100
|-damage|p2a: Great Tusk|79/100|[from] Stealth Rock
|move|p1a: Tyranitar|Knock Off|p2a: Great Tusk
|-resisted|p2a: Great Tusk
|-damage|p2a: Great Tusk|64/100
|-enditem|p2a: Great Tusk|Assault Vest|[from] move: Knock Off|[of] p1a: Tyranitar
|
|-weather|Sandstorm|[upkeep]
|-heal|p2a: Great Tusk|70/100|[from] Grassy Terrain
|-heal|p1a: Tyranitar|85/100|[from] Grassy Terrain
|-fieldend|move: Grassy Terrain
|upkeep
|turn|24
|
|t:|1760317813
|move|p2a: Great Tusk|Rapid Spin|p1a: Tyranitar
|-resisted|p1a: Tyranitar
|-damage|p1a: Tyranitar|78/100
|-boost|p2a: Great Tusk|spe|1
|-sideend|p2: AjonymousNon|Stealth Rock|[from] move: Rapid Spin|[of] p2a: Great Tusk
|move|p1a: Tyranitar|Ice Beam|p2a: Great Tusk
|-supereffective|p2a: Great Tusk
|-damage|p2a: Great Tusk|34/100
|
|-weather|Sandstorm|[upkeep]
|upkeep
|turn|25
|
|t:|1760317818
|switch|p1a: Tornadus|Tornadus-Therian, M|100/100
|move|p2a: Great Tusk|Headlong Rush|p1a: Tornadus
|-immune|p1a: Tornadus
|
|-weather|none
|upkeep
|turn|26
|
|t:|1760317821
|-end|p2a: Great Tusk|Protosynthesis|[silent]
|switch|p2a: Tyranitar|Tyranitar, F|94/100
|-weather|Sandstorm|[from] ability: Sand Stream|[of] p2a: Tyranitar
|move|p1a: Tornadus|Bleakwind Storm|p2a: Tyranitar|[miss]
|-miss|p1a: Tornadus|p2a: Tyranitar
|
|-weather|Sandstorm|[upkeep]
|-damage|p1a: Tornadus|94/100|[from] Sandstorm
|-heal|p2a: Tyranitar|99/100|[from] item: Leftovers
|upkeep
|turn|27
|
|t:|1760317829
|move|p1a: Tornadus|U-turn|p2a: Tyranitar
|-supereffective|p2a: Tyranitar
|-damage|p2a: Tyranitar|79/100
|
|t:|1760317830
|switch|p1a: Tyranitar|Tyranitar, M|78/100|[from] U-turn
|-damage|p1a: Tyranitar|66/100|[from] Stealth Rock
|move|p2a: Tyranitar|Stone Edge|p1a: Tyranitar
|-damage|p1a: Tyranitar|30/100
|
|-weather|Sandstorm|[upkeep]
|-heal|p2a: Tyranitar|86/100|[from] item: Leftovers
|upkeep
|turn|28
|
|t:|1760317834
|switch|p2a: Ogerpon|Ogerpon-Cornerstone, F|100/100
|move|p1a: Tyranitar|Knock Off|p2a: Ogerpon
|-damage|p2a: Ogerpon|60/100
|
|-weather|Sandstorm|[upkeep]
|upkeep
|turn|29
|
|t:|1760317836
|move|p2a: Ogerpon|Horn Leech|p1a: Tyranitar
|-supereffective|p1a: Tyranitar
|-damage|p1a: Tyranitar|0 fnt
|-heal|p2a: Ogerpon|79/100|[from] drain|[of] p1a: Tyranitar
|faint|p1a: Tyranitar
|
|-weather|Sandstorm|[upkeep]
|upkeep
|
|t:|1760317838
|switch|p1a: Tornadus|Tornadus-Therian, M|100/100
|turn|30
|
|t:|1760317841
|move|p1a: Tornadus|Bleakwind Storm|p2a: Ogerpon
|-damage|p2a: Ogerpon|45/100
|move|p2a: Ogerpon|Ivy Cudgel|p1a: Tornadus|[anim] Ivy Cudgel Rock
|-supereffective|p1a: Tornadus
|-damage|p1a: Tornadus|0 fnt
|faint|p1a: Tornadus
|
|-weather|none
|upkeep
|
|t:|1760317846
|switch|p1a: Garganacl|Garganacl, F|100/100
|-damage|p1a: Garganacl|88/100|[from] Stealth Rock
|turn|31
|j| Justindrag
|
|t:|1760317850
|-terastallize|p1a: Garganacl|Electric
|move|p2a: Ogerpon|Swords Dance|p2a: Ogerpon
|-boost|p2a: Ogerpon|atk|2
|move|p1a: Garganacl|Iron Defense|p1a: Garganacl
|-boost|p1a: Garganacl|def|2
|
|-heal|p1a: Garganacl|94/100|[from] item: Leftovers
|upkeep
|turn|32
|
|t:|1760317854
|move|p2a: Ogerpon|Ivy Cudgel|p1a: Garganacl|[anim] Ivy Cudgel Rock
|-crit|p1a: Garganacl
|-damage|p1a: Garganacl|0 fnt
|faint|p1a: Garganacl
|
|win|AjonymousNon
|raw|henry151th's rating: 1790 &rarr; <strong>1769</strong><br />(-21 for losing)
|raw|AjonymousNon's rating: 1766 &rarr; <strong>1787</strong><br />(+21 for winning)
|c|☆AjonymousNon|gg
|l|☆AjonymousNon
|player|p2|
|l| AbrarS
|l| OP Earthquakes
