|j|☆pokemastersteven5
|j|☆jimbo baldwin
|t:|1760357813
|gametype|singles
|player|p1|pokemastersteven5|riley|1303
|player|p2|jimbo baldwin|cheryl|1290
|gen|9
|tier|[Gen 9] OU
|rated|
|rule|HP Percentage Mod: HP is shown in percentages
|rule|Endless Battle Clause: Forcing endless battles is banned
|rule|Species Clause: Limit one of each Pokémon
|rule|OHKO Clause: OHKO moves are banned
|rule|Evasion Items Clause: Evasion items are banned
|rule|Evasion Moves Clause: Evasion moves are banned
|rule|Evasion Abilities Clause: Evasion abilities are banned
|rule|Sleep Moves Clause: Sleep-inducing moves are banned
|clearpoke
|poke|p1|Iron Crown|
|poke|p1|Kyurem|
|poke|p1|Arcanine-Hisui, M|
|poke|p1|Raging Bolt|
|poke|p1|Landorus-Therian, M|
|poke|p1|Enamorus, F|
|poke|p2|Heatran, M|
|poke|p2|Rillaboom, M|
|poke|p2|Ogerpon-Wellspring, F|
|poke|p2|Dragapult, M|
|poke|p2|Great Tusk|
|poke|p2|Bronzong|
|teampreview
|inactive|Battle timer is ON: inactive players will automatically lose when time's up. (requested by pokemastersteven5)
|inactive|jimbo baldwin has 120 seconds left.
|inactive|jimbo baldwin has 90 seconds left.
|
|t:|1760357887
|teamsize|p1|6
|teamsize|p2|6
|start
|switch|p1a: Landorus|Landorus-Therian, M, shiny|100/100
|switch|p2a: Bronzong|Bronzong, shiny|100/100
|-ability|p1a: Landorus|Intimidate|boost
|-unboost|p2a: Bronzong|atk|1
|turn|1
|
|t:|1760357901
|move|p1a: Landorus|U-turn|p2a: Bronzong
|-damage|p2a: Bronzong|78/100
|
|t:|1760357903
|switch|p1a: Raging Bolt|Raging Bolt|100/100|[from] U-turn
|move|p2a: Bronzong|Stealth Rock|p1a: Raging Bolt
|-sidestart|p1: pokemastersteven5|move: Stealth Rock
|
|upkeep
|turn|2
|
|t:|1760357911
|switch|p2a: Heatran|Heatran, M|100/100
|move|p1a: Raging Bolt|Thunderbolt|p2a: Heatran
|-damage|p2a: Heatran|65/100
|
|-heal|p2a: Heatran|71/100|[from] item: Leftovers
|upkeep
|turn|3
|
|t:|1760357925
|move|p2a: Heatran|Magma Storm|p1a: Raging Bolt|[miss]
|-miss|p2a: Heatran|p1a: Raging Bolt
|move|p1a: Raging Bolt|Thunderbolt|p2a: Heatran
|-damage|p2a: Heatran|39/100
|
|-heal|p2a: Heatran|45/100|[from] item: Leftovers
|upkeep
|turn|4
|
|t:|1760357938
|switch|p2a: Rillaboom|Rillaboom, M|100/100
|-fieldstart|move: Grassy Terrain|[from] ability: Grassy Surge|[of] p2a: Rillaboom
|move|p1a: Raging Bolt|Thunderbolt|p2a: Rillaboom
|-resisted|p2a: Rillaboom
|-damage|p2a: Rillaboom|67/100
|
|-heal|p2a: Rillaboom|73/100|[from] Grassy Terrain
|upkeep
|turn|5
|
|t:|1760357946
|move|p2a: Rillaboom|U-turn|p1a: Raging Bolt
|-crit|p1a: Raging Bolt
|-damage|p1a: Raging Bolt|69/100
|
|t:|1760357951
|switch|p2a: Bronzong|Bronzong, shiny|78/100|[from] U-turn
|move|p1a: Raging Bolt|Dragon Pulse|p2a: Bronzong
|-resisted|p2a: Bronzong
|-damage|p2a: Bronzong|61/100
|
|-heal|p1a: Raging Bolt|76/100|[from] Grassy Terrain
|upkeep
|turn|6
|
|t:|1760357959
|switch|p2a: Great Tusk|Great Tusk|100/100
|move|p1a: Raging Bolt|Thunderbolt|p2a: Great Tusk
|-immune|p2a: Great Tusk
|
|-heal|p1a: Raging Bolt|82/100|[from] Grassy Terrain
|upkeep
|turn|7
|
|t:|1760357974
|-end|p2a: Great Tusk|Protosynthesis|[silent]
|switch|p2a: Heatran|Heatran, M|45/100
|move|p1a: Raging Bolt|Dragon Pulse|p2a: Heatran
|-resisted|p2a: Heatran
|-damage|p2a: Heatran|29/100
|
|-heal|p2a: Heatran|35/100|[from] Grassy Terrain
|-heal|p2a: Heatran|41/100|[from] item: Leftovers
|-heal|p1a: Raging Bolt|88/100|[from] Grassy Terrain
|upkeep
|turn|8
|
|t:|1760357989
|move|p2a: Heatran|Earth Power|p1a: Raging Bolt
|-supereffective|p1a: Raging Bolt
|-damage|p1a: Raging Bolt|60/100
|move|p1a: Raging Bolt|Thunderbolt|p2a: Heatran
|-damage|p2a: Heatran|9/100
|
|-heal|p2a: Heatran|15/100|[from] Grassy Terrain
|-heal|p2a: Heatran|21/100|[from] item: Leftovers
|-heal|p1a: Raging Bolt|66/100|[from] Grassy Terrain
|upkeep
|turn|9
|inactive|jimbo baldwin has 120 seconds left.
|
|t:|1760358027
|switch|p2a: Great Tusk|Great Tusk|100/100
|move|p1a: Raging Bolt|Thunderclap||[still]
|-fail|p1a: Raging Bolt
|
|-heal|p1a: Raging Bolt|73/100|[from] Grassy Terrain
|upkeep
|turn|10
|
|t:|1760358038
|move|p2a: Great Tusk|Headlong Rush|p1a: Raging Bolt
|-supereffective|p1a: Raging Bolt
|-damage|p1a: Raging Bolt|0 fnt
|-unboost|p2a: Great Tusk|def|1
|-unboost|p2a: Great Tusk|spd|1
|faint|p1a: Raging Bolt
|-end|p1a: Raging Bolt|Protosynthesis|[silent]
|
|upkeep
|
|t:|1760358043
|switch|p1a: Iron Crown|Iron Crown|100/100
|-damage|p1a: Iron Crown|94/100|[from] Stealth Rock
|-enditem|p1a: Iron Crown|Booster Energy
|-activate|p1a: Iron Crown|ability: Quark Drive|[fromitem]
|-start|p1a: Iron Crown|quarkdrivespe
|turn|11
|
|t:|1760358052
|-end|p2a: Great Tusk|Protosynthesis|[silent]
|switch|p2a: Bronzong|Bronzong, shiny|61/100
|move|p1a: Iron Crown|Psychic|p2a: Bronzong
|-resisted|p2a: Bronzong
|-damage|p2a: Bronzong|54/100
|
|-heal|p1a: Iron Crown|100/100|[from] Grassy Terrain
|-fieldend|move: Grassy Terrain
|upkeep
|turn|12
|
|t:|1760358063
|move|p1a: Iron Crown|Calm Mind|p1a: Iron Crown
|-boost|p1a: Iron Crown|spa|1
|-boost|p1a: Iron Crown|spd|1
|move|p2a: Bronzong|Future Sight|p1a: Iron Crown
|-start|p2a: Bronzong|move: Future Sight
|
|upkeep
|turn|13
|
|t:|1760358084
|switch|p2a: Heatran|Heatran, M|21/100
|move|p1a: Iron Crown|Calm Mind|p1a: Iron Crown
|-boost|p1a: Iron Crown|spa|1
|-boost|p1a: Iron Crown|spd|1
|
|-heal|p2a: Heatran|27/100|[from] item: Leftovers
|upkeep
|turn|14
|
|t:|1760358095
|move|p1a: Iron Crown|Tachyon Cutter|p2a: Heatran
|-resisted|p2a: Heatran
|-damage|p2a: Heatran|20/100
|-resisted|p2a: Heatran
|-damage|p2a: Heatran|13/100
|-hitcount|p2a: Heatran|2
|move|p2a: Heatran|Magma Storm|p1a: Iron Crown
|-supereffective|p1a: Iron Crown
|-damage|p1a: Iron Crown|57/100
|-activate|p1a: Iron Crown|move: Magma Storm|[of] p2a: Heatran
|
|-end|p1a: Iron Crown|move: Future Sight
|-resisted|p1a: Iron Crown
|-damage|p1a: Iron Crown|53/100
|-heal|p2a: Heatran|19/100|[from] item: Leftovers
|-damage|p1a: Iron Crown|40/100|[from] move: Magma Storm|[partiallytrapped]
|upkeep
|turn|15
|inactive|jimbo baldwin has 120 seconds left.
|
|t:|1760358120
|move|p1a: Iron Crown|Tachyon Cutter|p2a: Heatran
|-resisted|p2a: Heatran
|-damage|p2a: Heatran|12/100
|-resisted|p2a: Heatran
|-damage|p2a: Heatran|4/100
|-hitcount|p2a: Heatran|2
|move|p2a: Heatran|Earth Power|p1a: Iron Crown
|-supereffective|p1a: Iron Crown
|-damage|p1a: Iron Crown|15/100
|
|-heal|p2a: Heatran|10/100|[from] item: Leftovers
|-damage|p1a: Iron Crown|3/100|[from] move: Magma Storm|[partiallytrapped]
|upkeep
|turn|16
|inactive|jimbo baldwin has 120 seconds left.
|
|t:|1760358135
|move|p1a: Iron Crown|Tachyon Cutter|p2a: Heatran
|-resisted|p2a: Heatran
|-crit|p2a: Heatran
|-damage|p2a: Heatran|0 fnt
|faint|p2a: Heatran
|-hitcount|p2: Heatran|1
|
|-end|p1a: Iron Crown|Magma Storm|[partiallytrapped]|[silent]
|upkeep
|
|t:|1760358138
|switch|p2a: Rillaboom|Rillaboom, M|73/100
|-fieldstart|move: Grassy Terrain|[from] ability: Grassy Surge|[of] p2a: Rillaboom
|turn|17
|
|t:|1760358142
|move|p2a: Rillaboom|Grassy Glide|p1a: Iron Crown
|-resisted|p1a: Iron Crown
|-damage|p1a: Iron Crown|0 fnt
|faint|p1a: Iron Crown
|-end|p1a: Iron Crown|Quark Drive|[silent]
|
|-heal|p2a: Rillaboom|80/100|[from] Grassy Terrain
|upkeep
|
|t:|1760358146
|switch|p1a: Kyurem|Kyurem, shiny|100/100
|-damage|p1a: Kyurem|76/100|[from] Stealth Rock
|-ability|p1a: Kyurem|Pressure
|turn|18
|
|t:|1760358160
|move|p1a: Kyurem|Dragon Dance|p1a: Kyurem
|-boost|p1a: Kyurem|atk|1
|-boost|p1a: Kyurem|spe|1
|move|p2a: Rillaboom|Low Kick|p1a: Kyurem
|-supereffective|p1a: Kyurem
|-damage|p1a: Kyurem|0 fnt
|faint|p1a: Kyurem
|
|-heal|p2a: Rillaboom|86/100|[from] Grassy Terrain
|upkeep
|-message|pokemastersteven5 forfeited.
|
|win|jimbo baldwin
|raw|pokemastersteven5's rating: 1303 &rarr; <strong>1282</strong><br />(-21 for losing)
|raw|jimbo baldwin's rating: 1290 &rarr; <strong>1316</strong><br />(+26 for winning)
|l|☆pokemastersteven5
|player|p1|
|l|☆jimbo baldwin
|player|p2|
