|j|☆hamoodiscute
|j|☆kok puncher
|t:|1760435503
|gametype|singles
|player|p1|hamoodiscute|169|1482
|player|p2|kok puncher|blackbelt|1526
|gen|9
|tier|[Gen 9] OU
|rated|
|rule|HP Percentage Mod: HP is shown in percentages
|rule|Endless Battle Clause: Forcing endless battles is banned
|rule|Species Clause: Limit one of each Pokémon
|rule|OHKO Clause: OHKO moves are banned
|rule|Evasion Items Clause: Evasion items are banned
|rule|Evasion Moves Clause: Evasion moves are banned
|rule|Evasion Abilities Clause: Evasion abilities are banned
|rule|Sleep Moves Clause: Sleep-inducing moves are banned
|clearpoke
|poke|p1|Rillaboom, M|
|poke|p1|Garganacl, M|
|poke|p1|Cinderace, M|
|poke|p1|Raging Bolt|
|poke|p1|Slowking-Galar, M|
|poke|p1|Landorus-Therian, M|
|poke|p2|Deoxys-Speed|
|poke|p2|Hoopa-Unbound|
|poke|p2|Manaphy|
|poke|p2|Iron Valiant|
|poke|p2|Ursaluna, F|
|poke|p2|Cinderace, F|
|teampreview
|inactive|Battle timer is ON: inactive players will automatically lose when time's up. (requested by kok puncher)
|
|t:|1760435520
|teamsize|p1|6
|teamsize|p2|6
|start
|switch|p1a: Raging Bolt|Raging Bolt|100/100
|switch|p2a: Deoxys|Deoxys-Speed|100/100
|-ability|p2a: Deoxys|Pressure
|turn|1
|
|t:|1760435527
|move|p2a: Deoxys|Light Screen|p2a: Deoxys
|-sidestart|p2: kok puncher|move: Light Screen
|move|p1a: Raging Bolt|Draco Meteor|p2a: Deoxys
|-damage|p2a: Deoxys|28/100
|-unboost|p1a: Raging Bolt|spa|2
|
|upkeep
|turn|2
|
|t:|1760435533
|move|p2a: Deoxys|Reflect|p2a: Deoxys
|-sidestart|p2: kok puncher|Reflect
|move|p1a: Raging Bolt|Draco Meteor|p2a: Deoxys
|-damage|p2a: Deoxys|0 fnt
|-unboost|p1a: Raging Bolt|spa|2
|faint|p2a: Deoxys
|
|upkeep
|
|t:|1760435551
|switch|p2a: Ursaluna|Ursaluna, F|100/100
|turn|3
|
|t:|1760435556
|-end|p1a: Raging Bolt|Protosynthesis|[silent]
|switch|p1a: Landorus|Landorus-Therian, M|100/100
|-ability|p1a: Landorus|Intimidate|boost
|-unboost|p2a: Ursaluna|atk|1
|move|p2a: Ursaluna|Swords Dance|p2a: Ursaluna
|-boost|p2a: Ursaluna|atk|2
|
|-status|p2a: Ursaluna|brn|[from] item: Flame Orb
|upkeep
|turn|4
|
|t:|1760435564
|move|p1a: Landorus|Stealth Rock|p2a: Ursaluna
|-sidestart|p2: kok puncher|move: Stealth Rock
|move|p2a: Ursaluna|Facade|p1a: Landorus
|-damage|p1a: Landorus|0 fnt
|-damage|p2a: Ursaluna|84/100 brn|[from] item: Rocky Helmet|[of] p1a: Landorus
|faint|p1a: Landorus
|
|-damage|p2a: Ursaluna|78/100 brn|[from] brn
|upkeep
|
|t:|1760435592
|switch|p1a: Cinderace|Cinderace, M|100/100
|turn|5
|
|t:|1760435596
|move|p1a: Cinderace|Court Change|p1a: Cinderace
|-start|p1a: Cinderace|typechange|Normal|[from] ability: Libero
|-swapsideconditions
|-activate|p1a: Cinderace|move: Court Change
|move|p2a: Ursaluna|Facade|p1a: Cinderace
|-damage|p1a: Cinderace|0 fnt
|faint|p1a: Cinderace
|
|-damage|p2a: Ursaluna|72/100 brn|[from] brn
|upkeep
|
|t:|1760435605
|switch|p1a: Rillaboom|Rillaboom, M|100/100
|-damage|p1a: Rillaboom|88/100|[from] Stealth Rock
|-fieldstart|move: Grassy Terrain|[from] ability: Grassy Surge|[of] p1a: Rillaboom
|turn|6
|
|t:|1760435615
|-terastallize|p2a: Ursaluna|Ghost
|move|p1a: Rillaboom|Grassy Glide|p2a: Ursaluna
|-damage|p2a: Ursaluna|36/100 brn
|move|p2a: Ursaluna|Facade|p1a: Rillaboom
|-damage|p1a: Rillaboom|0 fnt
|faint|p1a: Rillaboom
|
|-heal|p2a: Ursaluna|42/100 brn|[from] Grassy Terrain
|-damage|p2a: Ursaluna|36/100 brn|[from] brn
|upkeep
|
|t:|1760435628
|switch|p1a: Raging Bolt|Raging Bolt|100/100
|-damage|p1a: Raging Bolt|88/100|[from] Stealth Rock
|turn|7
|
|t:|1760435632
|move|p1a: Raging Bolt|Volt Switch|p2a: Ursaluna
|-damage|p2a: Ursaluna|0 fnt
|faint|p2a: Ursaluna
|
|t:|1760435638
|-end|p1a: Raging Bolt|Protosynthesis|[silent]
|switch|p1a: Slowking|Slowking-Galar, M|100/100|[from] Volt Switch
|-damage|p1a: Slowking|88/100|[from] Stealth Rock
|
|-heal|p1a: Slowking|94/100|[from] Grassy Terrain
|upkeep
|
|t:|1760435648
|switch|p2a: Cinderace|Cinderace, F|100/100
|turn|8
|
|t:|1760435660
|move|p2a: Cinderace|Pyro Ball|p1a: Slowking
|-damage|p1a: Slowking|74/100
|move|p1a: Slowking|Future Sight|p2a: Cinderace
|-start|p1a: Slowking|move: Future Sight
|
|-heal|p1a: Slowking|80/100|[from] Grassy Terrain
|-sideend|p1: hamoodiscute|move: Light Screen
|upkeep
|turn|9
|
|t:|1760435668
|move|p2a: Cinderace|Pyro Ball|p1a: Slowking
|-damage|p1a: Slowking|61/100
|-status|p1a: Slowking|brn
|-prepare|p1a: Slowking|Chilly Reception|[premajor]
|move|p1a: Slowking|Chilly Reception|p1a: Slowking
|-weather|Snowscape
|
|t:|1760435676
|switch|p1a: Raging Bolt|Raging Bolt|88/100|[from] Chilly Reception
|-damage|p1a: Raging Bolt|76/100|[from] Stealth Rock
|
|-weather|Snowscape|[upkeep]
|-heal|p1a: Raging Bolt|82/100|[from] Grassy Terrain
|-sideend|p1: hamoodiscute|Reflect
|upkeep
|turn|10
|inactive|hamoodiscute has 120 seconds left.
|
|t:|1760435713
|move|p2a: Cinderace|Sucker Punch|p1a: Raging Bolt
|-start|p2a: Cinderace|typechange|Dark|[from] ability: Libero
|-damage|p1a: Raging Bolt|53/100
|move|p1a: Raging Bolt|Thunderbolt|p2a: Cinderace
|-damage|p2a: Cinderace|0 fnt
|faint|p2a: Cinderace
|
|-weather|Snowscape|[upkeep]
|-hint|Future Sight did not hit because the target is fainted.
|-heal|p1a: Raging Bolt|59/100|[from] Grassy Terrain
|-fieldend|move: Grassy Terrain
|upkeep
|
|t:|1760435741
|switch|p2a: Hoopa|Hoopa-Unbound|100/100
|turn|11
|inactive|hamoodiscute has 120 seconds left.
|
|t:|1760435760
|move|p1a: Raging Bolt|Thunderbolt|p2a: Hoopa
|-damage|p2a: Hoopa|59/100
|-status|p2a: Hoopa|par
|cant|p2a: Hoopa|par
|
|-weather|Snowscape|[upkeep]
|upkeep
|turn|12
|inactive|hamoodiscute has 120 seconds left.
|inactive|kok puncher has 120 seconds left.
|
|t:|1760435789
|-end|p1a: Raging Bolt|Protosynthesis|[silent]
|switch|p1a: Garganacl|Garganacl, M|100/100
|-damage|p1a: Garganacl|88/100|[from] Stealth Rock
|move|p2a: Hoopa|Psychic Noise|p1a: Garganacl
|-damage|p1a: Garganacl|52/100
|-start|p1a: Garganacl|move: Heal Block
|
|-weather|Snowscape|[upkeep]
|upkeep
|turn|13
|
|t:|1760435798
|move|p1a: Garganacl|Salt Cure|p2a: Hoopa
|-damage|p2a: Hoopa|38/100 par
|-start|p2a: Hoopa|Salt Cure
|move|p2a: Hoopa|Drain Punch|p1a: Garganacl
|-supereffective|p1a: Garganacl
|-damage|p1a: Garganacl|17/100
|-heal|p2a: Hoopa|57/100 par|[from] drain|[of] p1a: Garganacl
|
|-weather|none
|-damage|p2a: Hoopa|45/100 par|[from] Salt Cure
|-end|p1a: Garganacl|move: Heal Block
|upkeep
|turn|14
|inactive|kok puncher has 120 seconds left.
|
|t:|1760435814
|move|p1a: Garganacl|Recover|p1a: Garganacl
|-heal|p1a: Garganacl|67/100
|move|p2a: Hoopa|Psychic Noise|p1a: Garganacl
|-damage|p1a: Garganacl|30/100
|-start|p1a: Garganacl|move: Heal Block
|
|-damage|p2a: Hoopa|32/100 par|[from] Salt Cure
|upkeep
|turn|15
|
|t:|1760435826
|move|p1a: Garganacl|Protect|p1a: Garganacl
|-singleturn|p1a: Garganacl|Protect
|move|p2a: Hoopa|Drain Punch|p1a: Garganacl
|-activate|p1a: Garganacl|move: Protect
|
|-damage|p2a: Hoopa|20/100 par|[from] Salt Cure
|-end|p1a: Garganacl|move: Heal Block
|upkeep
|turn|16
|
|t:|1760435835
|move|p1a: Garganacl|Recover|p1a: Garganacl
|-heal|p1a: Garganacl|80/100
|cant|p2a: Hoopa|par
|
|-heal|p1a: Garganacl|86/100|[from] item: Leftovers
|-damage|p2a: Hoopa|8/100 par|[from] Salt Cure
|upkeep
|turn|17
|
|t:|1760435842
|move|p1a: Garganacl|Curse|p1a: Garganacl
|-unboost|p1a: Garganacl|spe|1
|-boost|p1a: Garganacl|atk|1
|-boost|p1a: Garganacl|def|1
|cant|p2a: Hoopa|par
|
|-heal|p1a: Garganacl|92/100|[from] item: Leftovers
|-damage|p2a: Hoopa|0 fnt|[from] Salt Cure
|faint|p2a: Hoopa
|upkeep
|
|t:|1760435851
|switch|p2a: Iron Valiant|Iron Valiant|100/100
|-enditem|p2a: Iron Valiant|Booster Energy
|-activate|p2a: Iron Valiant|ability: Quark Drive|[fromitem]
|-start|p2a: Iron Valiant|quarkdrivespe
|turn|18
|
|t:|1760435857
|-terastallize|p1a: Garganacl|Water
|move|p2a: Iron Valiant|Encore|p1a: Garganacl
|-start|p1a: Garganacl|Encore
|move|p1a: Garganacl|Curse|p1a: Garganacl
|-unboost|p1a: Garganacl|spe|1
|-boost|p1a: Garganacl|atk|1
|-boost|p1a: Garganacl|def|1
|
|-heal|p1a: Garganacl|99/100|[from] item: Leftovers
|upkeep
|turn|19
|
|t:|1760435865
|move|p2a: Iron Valiant|Knock Off|p1a: Garganacl
|-damage|p1a: Garganacl|90/100
|-enditem|p1a: Garganacl|Leftovers|[from] move: Knock Off|[of] p2a: Iron Valiant
|move|p1a: Garganacl|Curse|p1a: Garganacl
|-unboost|p1a: Garganacl|spe|1
|-boost|p1a: Garganacl|atk|1
|-boost|p1a: Garganacl|def|1
|
|upkeep
|turn|20
|
|t:|1760435873
|move|p2a: Iron Valiant|Moonblast|p1a: Garganacl
|-damage|p1a: Garganacl|61/100
|move|p1a: Garganacl|Curse|p1a: Garganacl
|-unboost|p1a: Garganacl|spe|1
|-boost|p1a: Garganacl|atk|1
|-boost|p1a: Garganacl|def|1
|
|-end|p1a: Garganacl|Encore
|upkeep
|turn|21
|
|t:|1760435884
|switch|p1a: Slowking|Slowking-Galar, M|94/100 brn
|-damage|p1a: Slowking|81/100 brn|[from] Stealth Rock
|move|p2a: Iron Valiant|Encore||[still]
|-fail|p2a: Iron Valiant
|
|-damage|p1a: Slowking|75/100 brn|[from] brn
|upkeep
|turn|22
|
|t:|1760435894
|move|p2a: Iron Valiant|Knock Off|p1a: Slowking
|-supereffective|p1a: Slowking
|-damage|p1a: Slowking|35/100 brn
|-damage|p2a: Iron Valiant|84/100|[from] item: Rocky Helmet|[of] p1a: Slowking
|-enditem|p1a: Slowking|Rocky Helmet|[from] move: Knock Off|[of] p2a: Iron Valiant
|move|p1a: Slowking|Future Sight|p2a: Iron Valiant
|-start|p1a: Slowking|move: Future Sight
|
|-damage|p1a: Slowking|29/100 brn|[from] brn
|upkeep
|turn|23
|
|t:|1760435902
|switch|p1a: Garganacl|Garganacl, M, tera:Water|61/100
|-damage|p1a: Garganacl|49/100|[from] Stealth Rock
|move|p2a: Iron Valiant|Knock Off|p1a: Garganacl
|-damage|p1a: Garganacl|35/100
|
|upkeep
|turn|24
|
|t:|1760435913
|move|p2a: Iron Valiant|Moonblast|p1a: Garganacl
|-damage|p1a: Garganacl|4/100
|move|p1a: Garganacl|Recover|p1a: Garganacl
|-heal|p1a: Garganacl|54/100
|
|-end|p2a: Iron Valiant|move: Future Sight
|-supereffective|p2a: Iron Valiant
|-damage|p2a: Iron Valiant|0 fnt
|faint|p2a: Iron Valiant
|-end|p2a: Iron Valiant|Quark Drive|[silent]
|upkeep
|-message|kok puncher forfeited.
|
|win|hamoodiscute
|raw|hamoodiscute's rating: 1482 &rarr; <strong>1505</strong><br />(+23 for winning)
|raw|kok puncher's rating: 1526 &rarr; <strong>1503</strong><br />(-23 for losing)
|l|☆kok puncher
|player|p2|
|l|☆hamoodiscute
|player|p1|
