|j|☆Muggsopp
|j|☆sofiaaa69
|t:|1760301875
|gametype|singles
|player|p1|Muggsopp|101|
|player|p2|sofiaaa69|102|
|gen|9
|tier|[Gen 9] OU
|rule|HP Percentage Mod: HP is shown in percentages
|rule|Endless Battle Clause: Forcing endless battles is banned
|rule|Species Clause: Limit one of each Pokémon
|rule|OHKO Clause: OHKO moves are banned
|rule|Evasion Items Clause: Evasion items are banned
|rule|Evasion Moves Clause: Evasion moves are banned
|rule|Evasion Abilities Clause: Evasion abilities are banned
|rule|Sleep Moves Clause: Sleep-inducing moves are banned
|clearpoke
|poke|p1|Great Tusk|
|poke|p1|Kingambit, F|
|poke|p1|Iron Moth|
|poke|p1|Dragapult, F|
|poke|p1|Clodsire, M|
|poke|p1|Weavile, M|
|poke|p2|Moltres|
|poke|p2|Zamazenta-*|
|poke|p2|Darkrai|
|poke|p2|Hydrapple, M|
|poke|p2|Ting-Lu|
|poke|p2|Tinkaton, F|
|teampreview
|
|t:|1760302138
|teamsize|p1|6
|teamsize|p2|6
|start
|switch|p1a: MuggPult|Dragapult, F|100/100
|switch|p2a: emo|Darkrai, shiny|100/100
|turn|1
|
|t:|1760302175
|move|p1a: MuggPult|U-turn|p2a: emo
|-supereffective|p2a: emo
|-damage|p2a: emo|2/100
|
|t:|1760302200
|switch|p1a: Muggambit|Kingambit, F|100/100|[from] U-turn
|move|p2a: emo|Dark Pulse|p1a: Muggambit
|-resisted|p1a: Muggambit
|-damage|p1a: Muggambit|79/100
|
|upkeep
|turn|2
|
|t:|1760302231
|switch|p2a: sofia|Tinkaton, F|100/100
|-ability|p2a: sofia|Mold Breaker
|-item|p2a: sofia|Air Balloon
|move|p1a: Muggambit|Kowtow Cleave|p2a: sofia
|-resisted|p2a: sofia
|-damage|p2a: sofia|66/100
|-enditem|p2a: sofia|Air Balloon
|
|upkeep
|turn|3
|
|t:|1760302274
|-end|p1a: Muggambit|fallenundefined|[silent]
|switch|p1a: MuggSire|Clodsire, M|100/100
|-terastallize|p2a: sofia|Ghost
|move|p2a: sofia|Gigaton Hammer|p1a: MuggSire
|-damage|p1a: MuggSire|48/100
|
|-heal|p1a: MuggSire|54/100|[from] item: Leftovers
|upkeep
|turn|4
|
|t:|1760302312
|move|p2a: sofia|Stealth Rock|p1a: MuggSire
|-sidestart|p1: Muggsopp|move: Stealth Rock
|move|p1a: MuggSire|Spikes|p2a: sofia
|-sidestart|p2: sofiaaa69|Spikes
|
|-heal|p1a: MuggSire|61/100|[from] item: Leftovers
|upkeep
|turn|5
|
|t:|1760302355
|move|p2a: sofia|Thunder Wave|p1a: MuggSire
|-immune|p1a: MuggSire
|move|p1a: MuggSire|Toxic|p2a: sofia
|-status|p2a: sofia|tox
|
|-heal|p1a: MuggSire|67/100|[from] item: Leftovers
|-damage|p2a: sofia|60/100 tox|[from] psn
|upkeep
|turn|6
|
|t:|1760302394
|move|p2a: sofia|Gigaton Hammer|p1a: MuggSire
|-damage|p1a: MuggSire|16/100
|move|p1a: MuggSire|Recover|p1a: MuggSire
|-heal|p1a: MuggSire|66/100
|
|-heal|p1a: MuggSire|73/100|[from] item: Leftovers
|-damage|p2a: sofia|47/100 tox|[from] psn
|upkeep
|turn|7
|
|t:|1760302431
|switch|p2a: doggystyle|Ting-Lu|100/100
|-damage|p2a: doggystyle|88/100|[from] Spikes
|-ability|p2a: doggystyle|Vessel of Ruin
|move|p1a: MuggSire|Earthquake|p2a: doggystyle
|-damage|p2a: doggystyle|73/100
|
|-heal|p2a: doggystyle|79/100|[from] item: Leftovers
|-heal|p1a: MuggSire|79/100|[from] item: Leftovers
|upkeep
|turn|8
|
|t:|1760302477
|move|p2a: doggystyle|Ruination|p1a: MuggSire
|-damage|p1a: MuggSire|40/100
|move|p1a: MuggSire|Toxic|p2a: doggystyle
|-status|p2a: doggystyle|tox
|
|-heal|p2a: doggystyle|86/100 tox|[from] item: Leftovers
|-heal|p1a: MuggSire|46/100|[from] item: Leftovers
|-damage|p2a: doggystyle|79/100 tox|[from] psn
|upkeep
|turn|9
|
|t:|1760302524
|move|p1a: MuggSire|Recover|p1a: MuggSire
|-heal|p1a: MuggSire|96/100
|move|p2a: doggystyle|Whirlwind|p1a: MuggSire
|drag|p1a: Muggvile|Weavile, M|100/100
|-ability|p1a: Muggvile|Pressure
|
|-heal|p2a: doggystyle|86/100 tox|[from] item: Leftovers
|-damage|p2a: doggystyle|73/100 tox|[from] psn
|upkeep
|turn|10
|
|t:|1760302560
|move|p1a: Muggvile|Swords Dance|p1a: Muggvile
|-boost|p1a: Muggvile|atk|2
|move|p2a: doggystyle|Earthquake|p1a: Muggvile
|-damage|p1a: Muggvile|32/100
|
|-heal|p2a: doggystyle|79/100 tox|[from] item: Leftovers
|-damage|p2a: doggystyle|61/100 tox|[from] psn
|upkeep
|turn|11
|
|t:|1760302604
|move|p1a: Muggvile|Ice Spinner|p2a: doggystyle
|-supereffective|p2a: doggystyle
|-damage|p2a: doggystyle|0 fnt
|faint|p2a: doggystyle
|
|upkeep
|
|t:|1760302625
|switch|p2a: emo|Darkrai, shiny|2/100
|turn|12
|
|t:|1760302658
|move|p1a: Muggvile|Ice Shard|p2a: emo
|-damage|p2a: emo|0 fnt
|faint|p2a: emo
|
|upkeep
|
|t:|1760302669
|switch|p2a: sofia|Tinkaton, F, tera:Ghost|47/100 tox
|-damage|p2a: sofia|35/100 tox|[from] Spikes
|-ability|p2a: sofia|Mold Breaker
|turn|13
|
|t:|1760302707
|move|p1a: Muggvile|Knock Off|p2a: sofia
|-supereffective|p2a: sofia
|-damage|p2a: sofia|0 fnt
|faint|p2a: sofia
|
|upkeep
|
|t:|1760302723
|switch|p2a: alpha|Zamazenta|100/100
|-ability|p2a: alpha|Dauntless Shield|boost
|-boost|p2a: alpha|def|1
|turn|14
|
|t:|1760302766
|move|p2a: alpha|Stone Edge|p1a: Muggvile
|-supereffective|p1a: Muggvile
|-damage|p1a: Muggvile|0 fnt
|faint|p1a: Muggvile
|
|upkeep
|
|t:|1760302810
|switch|p1a: MuggPult|Dragapult, F|100/100
|-damage|p1a: MuggPult|88/100|[from] Stealth Rock
|turn|15
|
|t:|1760302863
|move|p1a: MuggPult|U-turn|p2a: alpha
|-resisted|p2a: alpha
|-damage|p2a: alpha|90/100
|
|t:|1760302873
|switch|p1a: MuggMoth|Iron Moth|100/100|[from] U-turn
|-damage|p1a: MuggMoth|76/100|[from] Stealth Rock
|-enditem|p1a: MuggMoth|Booster Energy
|-activate|p1a: MuggMoth|ability: Quark Drive|[fromitem]
|-start|p1a: MuggMoth|quarkdrivespa
|move|p2a: alpha|Close Combat|p1a: MuggMoth
|-resisted|p1a: MuggMoth
|-damage|p1a: MuggMoth|25/100
|-unboost|p2a: alpha|def|1
|-unboost|p2a: alpha|spd|1
|
|upkeep
|turn|16
|
|t:|1760302916
|move|p2a: alpha|Ice Fang|p1a: MuggMoth
|-resisted|p1a: MuggMoth
|-damage|p1a: MuggMoth|8/100
|move|p1a: MuggMoth|Fiery Dance|p2a: alpha
|-damage|p2a: alpha|6/100
|
|upkeep
|turn|17
|
|t:|1760302948
|move|p2a: alpha|Stone Edge|p1a: MuggMoth|[miss]
|-miss|p2a: alpha|p1a: MuggMoth
|move|p1a: MuggMoth|Fiery Dance|p2a: alpha
|-damage|p2a: alpha|0 fnt
|-boost|p1a: MuggMoth|spa|1
|faint|p2a: alpha
|
|upkeep
|
|t:|1760302958
|switch|p2a: solo|Moltres|100/100
|turn|18
|
|t:|1760302996
|move|p1a: MuggMoth|Sludge Wave|p2a: solo
|-damage|p2a: solo|0 fnt
|faint|p2a: solo
|
|upkeep
|
|t:|1760303002
|switch|p2a: arrrggghh|Hydrapple, M|100/100
|turn|19
|
|t:|1760303035
|move|p1a: MuggMoth|Sludge Wave|p2a: arrrggghh
|-supereffective|p2a: arrrggghh
|-damage|p2a: arrrggghh|0 fnt
|faint|p2a: arrrggghh
|
|win|Muggsopp
|l|☆sofiaaa69
|player|p2|
