|j|☆niccommoc
|j|☆Minytank
|t:|1760371329
|gametype|singles
|player|p1|niccommoc|cyclist|1389
|player|p2|Minytank|2|1398
|gen|9
|tier|[Gen 9] OU
|rated|
|rule|HP Percentage Mod: HP is shown in percentages
|rule|Endless Battle Clause: Forcing endless battles is banned
|rule|Species Clause: Limit one of each Pokémon
|rule|OHKO Clause: OHKO moves are banned
|rule|Evasion Items Clause: Evasion items are banned
|rule|Evasion Moves Clause: Evasion moves are banned
|rule|Evasion Abilities Clause: Evasion abilities are banned
|rule|Sleep Moves Clause: Sleep-inducing moves are banned
|clearpoke
|poke|p1|Kingambit, F|
|poke|p1|Ribombee, F|
|poke|p1|Arcanine-Hisui, F|
|poke|p1|Gholdengo|
|poke|p1|Serperior, F|
|poke|p1|Glimmora, F|
|poke|p2|Alomomola, M|
|poke|p2|Garganacl, M|
|poke|p2|Goodra-Hisui, M|
|poke|p2|Landorus-Therian, M|
|poke|p2|Corviknight, M|
|poke|p2|Florges, F|
|teampreview
|inactive|Battle timer is ON: inactive players will automatically lose when time's up. (requested by Minytank)
|
|t:|1760371354
|teamsize|p1|6
|teamsize|p2|6
|start
|switch|p1a: Ribombee|Ribombee, F|100/100
|switch|p2a: Landorus|Landorus-Therian, M|100/100
|-ability|p2a: Landorus|Intimidate|boost
|-unboost|p1a: Ribombee|atk|1
|turn|1
|
|t:|1760371359
|switch|p2a: Goodra|Goodra-Hisui, M|100/100
|move|p1a: Ribombee|Sticky Web|p2a: Goodra
|-sidestart|p2: Minytank|move: Sticky Web
|
|upkeep
|turn|2
|
|t:|1760371371
|switch|p1a: Glimmora|Glimmora, F|100/100
|move|p2a: Goodra|Knock Off|p1a: Glimmora
|-damage|p1a: Glimmora|74/100
|-activate|p1a: Glimmora|ability: Toxic Debris
|-sidestart|p2: Minytank|move: Toxic Spikes
|-enditem|p1a: Glimmora|Power Herb|[from] move: Knock Off|[of] p2a: Goodra
|
|upkeep
|turn|3
|inactive|niccommoc has 120 seconds left.
|inactive|niccommoc has 90 seconds left.
|
|t:|1760371450
|switch|p1a: Arcanine|Arcanine-Hisui, F|100/100
|move|p2a: Goodra|Heavy Slam|p1a: Arcanine
|-damage|p1a: Arcanine|82/100
|
|upkeep
|turn|4
|
|t:|1760371458
|switch|p2a: Alomomola|Alomomola, M|100/100
|-activate|p2a: Alomomola|move: Sticky Web
|-unboost|p2a: Alomomola|spe|1
|-status|p2a: Alomomola|psn
|move|p1a: Arcanine|Close Combat|p2a: Alomomola
|-damage|p2a: Alomomola|68/100 psn
|-unboost|p1a: Arcanine|def|1
|-unboost|p1a: Arcanine|spd|1
|
|-heal|p2a: Alomomola|74/100 psn|[from] item: Leftovers
|-damage|p2a: Alomomola|61/100 psn|[from] psn
|upkeep
|turn|5
|
|t:|1760371472
|switch|p1a: Gholdengo|Gholdengo, shiny|100/100
|-item|p1a: Gholdengo|Air Balloon
|move|p2a: Alomomola|Flip Turn|p1a: Gholdengo
|-damage|p1a: Gholdengo|81/100
|-enditem|p1a: Gholdengo|Air Balloon
|
|t:|1760371482
|switch|p2a: Garganacl|Garganacl, M|100/100|[from] Flip Turn
|-activate|p2a: Garganacl|move: Sticky Web
|-unboost|p2a: Garganacl|spe|1
|
|upkeep
|turn|6
|
|t:|1760371485
|switch|p2a: Corviknight|Corviknight, M|100/100
|-ability|p2a: Corviknight|Pressure
|move|p1a: Gholdengo|Make It Rain|p2a: Corviknight
|-resisted|p2a: Corviknight
|-damage|p2a: Corviknight|67/100
|-unboost|p1a: Gholdengo|spa|1
|
|upkeep
|turn|7
|
|t:|1760371500
|move|p1a: Gholdengo|Nasty Plot|p1a: Gholdengo
|-boost|p1a: Gholdengo|spa|2
|move|p2a: Corviknight|U-turn|p1a: Gholdengo
|-resisted|p1a: Gholdengo
|-damage|p1a: Gholdengo|78/100
|
|t:|1760371502
|switch|p2a: Landorus|Landorus-Therian, M|100/100|[from] U-turn
|-ability|p2a: Landorus|Intimidate|boost
|-unboost|p1a: Gholdengo|atk|1
|
|upkeep
|turn|8
|
|t:|1760371509
|-terastallize|p1a: Gholdengo|Fighting
|move|p2a: Landorus|Earthquake|p1a: Gholdengo
|-damage|p1a: Gholdengo|0 fnt
|faint|p1a: Gholdengo
|
|upkeep
|
|t:|1760371521
|switch|p1a: Serperior|Serperior, F|100/100
|turn|9
|inactive|Minytank has 120 seconds left.
|
|t:|1760371551
|switch|p2a: Goodra|Goodra-Hisui, M|100/100
|-activate|p2a: Goodra|move: Sticky Web
|-unboost|p2a: Goodra|spe|1
|move|p1a: Serperior|Leaf Storm|p2a: Goodra
|-ability|p2a: Goodra|Sap Sipper|boost
|-boost|p2a: Goodra|atk|1
|
|upkeep
|turn|10
|inactive|niccommoc has 120 seconds left.
|
|t:|1760371564
|switch|p1a: Ribombee|Ribombee, F|100/100
|move|p2a: Goodra|Knock Off|p1a: Ribombee
|-resisted|p1a: Ribombee
|-damage|p1a: Ribombee|68/100
|-enditem|p1a: Ribombee|Focus Sash|[from] move: Knock Off|[of] p2a: Goodra
|
|upkeep
|turn|11
|
|t:|1760371579
|move|p1a: Ribombee|Skill Swap|p2a: Goodra
|-activate|p1a: Ribombee|move: Skill Swap|Sap Sipper|Shield Dust|[of] p2a: Goodra
|move|p2a: Goodra|Heavy Slam|p1a: Ribombee
|-supereffective|p1a: Ribombee
|-damage|p1a: Ribombee|0 fnt
|faint|p1a: Ribombee
|
|upkeep
|inactive|niccommoc has 120 seconds left.
|
|t:|1760371600
|switch|p1a: Arcanine|Arcanine-Hisui, F|82/100
|turn|12
|inactive|niccommoc has 120 seconds left.
|inactive|Minytank has 120 seconds left.
|
|t:|1760371633
|switch|p2a: Alomomola|Alomomola, M|95/100 psn
|-activate|p2a: Alomomola|move: Sticky Web
|-unboost|p2a: Alomomola|spe|1
|move|p1a: Arcanine|Flare Blitz|p2a: Alomomola
|-resisted|p2a: Alomomola
|-damage|p2a: Alomomola|70/100 psn
|
|-heal|p2a: Alomomola|76/100 psn|[from] item: Leftovers
|-damage|p2a: Alomomola|64/100 psn|[from] psn
|upkeep
|turn|13
|
|t:|1760371638
|switch|p1a: Serperior|Serperior, F|100/100
|move|p2a: Alomomola|Wish|p2a: Alomomola
|
|-heal|p2a: Alomomola|70/100 psn|[from] item: Leftovers
|-damage|p2a: Alomomola|57/100 psn|[from] psn
|upkeep
|turn|14
|inactive|Minytank has 120 seconds left.
|
|t:|1760371653
|switch|p2a: Corviknight|Corviknight, M|67/100
|-ability|p2a: Corviknight|Pressure
|move|p1a: Serperior|Glare|p2a: Corviknight
|-status|p2a: Corviknight|par
|
|-heal|p2a: Corviknight|100/100 par|[from] move: Wish|[wisher] Alomomola
|upkeep
|turn|15
|
|t:|1760371662
|switch|p1a: Arcanine|Arcanine-Hisui, F|82/100
|move|p2a: Corviknight|Defog|p1a: Arcanine
|-unboost|p1a: Arcanine|evasion|1
|-sideend|p2: Minytank|Toxic Spikes|[from] move: Defog|[of] p2a: Corviknight
|-sideend|p2: Minytank|Sticky Web|[from] move: Defog|[of] p2a: Corviknight
|
|upkeep
|turn|16
|
|t:|1760371667
|switch|p2a: Alomomola|Alomomola, M|91/100 psn
|move|p1a: Arcanine|Flare Blitz|p2a: Alomomola
|-resisted|p2a: Alomomola
|-damage|p2a: Alomomola|67/100 psn
|
|-heal|p2a: Alomomola|73/100 psn|[from] item: Leftovers
|-damage|p2a: Alomomola|61/100 psn|[from] psn
|upkeep
|turn|17
|
|t:|1760371670
|switch|p1a: Kingambit|Kingambit, F|100/100
|-activate|p1a: Kingambit|ability: Supreme Overlord
|-start|p1a: Kingambit|fallen2|[silent]
|move|p2a: Alomomola|Wish|p2a: Alomomola
|
|-heal|p2a: Alomomola|67/100 psn|[from] item: Leftovers
|-damage|p2a: Alomomola|55/100 psn|[from] psn
|upkeep
|turn|18
|
|t:|1760371680
|move|p2a: Alomomola|Scald|p1a: Kingambit
|-damage|p1a: Kingambit|87/100
|move|p1a: Kingambit|Iron Head|p2a: Alomomola
|-resisted|p2a: Alomomola
|-damage|p2a: Alomomola|39/100 psn
|
|-heal|p2a: Alomomola|89/100 psn|[from] move: Wish|[wisher] Alomomola
|-heal|p2a: Alomomola|95/100 psn|[from] item: Leftovers
|-damage|p2a: Alomomola|83/100 psn|[from] psn
|upkeep
|turn|19
|
|t:|1760371691
|-end|p1a: Kingambit|fallen2|[silent]
|switch|p1a: Serperior|Serperior, F|100/100
|move|p2a: Alomomola|Scald|p1a: Serperior
|-resisted|p1a: Serperior
|-damage|p1a: Serperior|93/100
|
|-heal|p1a: Serperior|99/100|[from] item: Leftovers
|-heal|p2a: Alomomola|89/100 psn|[from] item: Leftovers
|-damage|p2a: Alomomola|77/100 psn|[from] psn
|upkeep
|turn|20
|
|t:|1760371694
|switch|p2a: Goodra|Goodra-Hisui, M|100/100
|move|p1a: Serperior|Leaf Storm|p2a: Goodra
|-ability|p2a: Goodra|Sap Sipper|boost
|-boost|p2a: Goodra|atk|1
|
|-heal|p1a: Serperior|100/100|[from] item: Leftovers
|upkeep
|turn|21
|
|t:|1760371699
|switch|p1a: Glimmora|Glimmora, F|74/100
|move|p2a: Goodra|Heavy Slam|p1a: Glimmora
|-supereffective|p1a: Glimmora
|-damage|p1a: Glimmora|0 fnt
|-activate|p1a: Glimmora|ability: Toxic Debris
|-sidestart|p2: Minytank|move: Toxic Spikes
|faint|p1a: Glimmora
|
|upkeep
|
|t:|1760371702
|switch|p1a: Arcanine|Arcanine-Hisui, F|82/100
|turn|22
|
|t:|1760371705
|switch|p2a: Alomomola|Alomomola, M|100/100 psn
|move|p1a: Arcanine|Head Smash|p2a: Alomomola
|-damage|p2a: Alomomola|42/100 psn
|
|-heal|p2a: Alomomola|48/100 psn|[from] item: Leftovers
|-damage|p2a: Alomomola|36/100 psn|[from] psn
|upkeep
|turn|23
|
|t:|1760371714
|switch|p2a: Corviknight|Corviknight, M|100/100 par
|-ability|p2a: Corviknight|Pressure
|move|p1a: Arcanine|Head Smash|p2a: Corviknight|[miss]
|-miss|p1a: Arcanine|p2a: Corviknight
|
|upkeep
|turn|24
|
|t:|1760371716
|move|p1a: Arcanine|Head Smash|p2a: Corviknight
|-damage|p2a: Corviknight|34/100 par
|-damage|p1a: Arcanine|66/100|[from] item: Rocky Helmet|[of] p2a: Corviknight
|move|p2a: Corviknight|Defog|p1a: Arcanine
|-unboost|p1a: Arcanine|evasion|1
|-sideend|p2: Minytank|Toxic Spikes|[from] move: Defog|[of] p2a: Corviknight
|
|upkeep
|turn|25
|
|t:|1760371722
|switch|p2a: Goodra|Goodra-Hisui, M|100/100
|move|p1a: Arcanine|Head Smash|p2a: Goodra
|-resisted|p2a: Goodra
|-damage|p2a: Goodra|42/100
|
|upkeep
|turn|26
|
|t:|1760371726
|switch|p2a: Landorus|Landorus-Therian, M|100/100
|-ability|p2a: Landorus|Intimidate|boost
|-unboost|p1a: Arcanine|atk|1
|move|p1a: Arcanine|Head Smash|p2a: Landorus
|-damage|p2a: Landorus|9/100
|
|upkeep
|turn|27
|
|t:|1760371732
|switch|p1a: Serperior|Serperior, F|100/100
|move|p2a: Landorus|Earthquake|p1a: Serperior
|-resisted|p1a: Serperior
|-damage|p1a: Serperior|53/100
|
|-heal|p1a: Serperior|59/100|[from] item: Leftovers
|upkeep
|turn|28
|
|t:|1760371738
|switch|p2a: Florges|Florges, F|100/100
|move|p1a: Serperior|Dragon Pulse|p2a: Florges
|-immune|p2a: Florges
|
|-heal|p1a: Serperior|65/100|[from] item: Leftovers
|upkeep
|turn|29
|
|t:|1760371741
|move|p1a: Serperior|Glare|p2a: Florges
|-status|p2a: Florges|par
|move|p2a: Florges|Wish|p2a: Florges
|
|-heal|p1a: Serperior|72/100|[from] item: Leftovers
|upkeep
|turn|30
|
|t:|1760371771
|switch|p2a: Goodra|Goodra-Hisui, M|42/100
|move|p1a: Serperior|Leaf Storm|p2a: Goodra
|-ability|p2a: Goodra|Sap Sipper|boost
|-boost|p2a: Goodra|atk|1
|
|-heal|p2a: Goodra|92/100|[from] move: Wish|[wisher] Florges
|-heal|p1a: Serperior|78/100|[from] item: Leftovers
|upkeep
|turn|31
|
|t:|1760371775
|switch|p2a: Florges|Florges, F|100/100 par
|move|p1a: Serperior|Glare|p2a: Florges
|-fail|p2a: Florges|par
|
|-heal|p1a: Serperior|84/100|[from] item: Leftovers
|upkeep
|turn|32
|
|t:|1760371779
|move|p1a: Serperior|Leaf Storm|p2a: Florges
|-damage|p2a: Florges|79/100 par
|-boost|p1a: Serperior|spa|2
|move|p2a: Florges|Wish|p2a: Florges
|
|-heal|p1a: Serperior|90/100|[from] item: Leftovers
|-heal|p2a: Florges|85/100 par|[from] item: Leftovers
|upkeep
|turn|33
|
|t:|1760371794
|switch|p2a: Corviknight|Corviknight, M|34/100 par
|-ability|p2a: Corviknight|Pressure
|move|p1a: Serperior|Leaf Storm|p2a: Corviknight
|-resisted|p2a: Corviknight
|-damage|p2a: Corviknight|10/100 par
|-boost|p1a: Serperior|spa|2
|
|-heal|p2a: Corviknight|55/100 par|[from] move: Wish|[wisher] Florges
|-heal|p1a: Serperior|96/100|[from] item: Leftovers
|upkeep
|turn|34
|
|t:|1760371811
|move|p1a: Serperior|Dragon Pulse|p2a: Corviknight
|-resisted|p2a: Corviknight
|-damage|p2a: Corviknight|24/100 par
|move|p2a: Corviknight|U-turn|p1a: Serperior
|-supereffective|p1a: Serperior
|-damage|p1a: Serperior|63/100
|
|t:|1760371814
|switch|p2a: Goodra|Goodra-Hisui, M|92/100|[from] U-turn
|
|-heal|p1a: Serperior|70/100|[from] item: Leftovers
|upkeep
|turn|35
|
|t:|1760371818
|move|p1a: Serperior|Dragon Pulse|p2a: Goodra
|-damage|p2a: Goodra|69/100
|move|p2a: Goodra|Heavy Slam|p1a: Serperior
|-damage|p1a: Serperior|19/100
|
|-heal|p1a: Serperior|25/100|[from] item: Leftovers
|upkeep
|turn|36
|
|t:|1760371822
|move|p1a: Serperior|Glare|p2a: Goodra
|-status|p2a: Goodra|par
|cant|p2a: Goodra|par
|
|-heal|p1a: Serperior|31/100|[from] item: Leftovers
|upkeep
|turn|37
|
|t:|1760371826
|move|p1a: Serperior|Dragon Pulse|p2a: Goodra
|-damage|p2a: Goodra|49/100 par
|move|p2a: Goodra|Heavy Slam|p1a: Serperior
|-crit|p1a: Serperior
|-damage|p1a: Serperior|0 fnt
|faint|p1a: Serperior
|
|upkeep
|
|t:|1760371835
|switch|p1a: Kingambit|Kingambit, F|87/100
|-activate|p1a: Kingambit|ability: Supreme Overlord
|-start|p1a: Kingambit|fallen4|[silent]
|turn|38
|
|t:|1760371844
|switch|p2a: Corviknight|Corviknight, M|24/100 par
|-ability|p2a: Corviknight|Pressure
|move|p1a: Kingambit|Kowtow Cleave|p2a: Corviknight
|-damage|p2a: Corviknight|0 fnt
|-damage|p1a: Kingambit|70/100|[from] item: Rocky Helmet|[of] p2a: Corviknight
|faint|p2a: Corviknight
|
|upkeep
|
|t:|1760371847
|switch|p2a: Landorus|Landorus-Therian, M|9/100
|-ability|p2a: Landorus|Intimidate|boost
|-unboost|p1a: Kingambit|atk|1
|turn|39
|
|t:|1760371850
|switch|p2a: Alomomola|Alomomola, M|69/100 psn
|move|p1a: Kingambit|Sucker Punch||[still]
|-fail|p1a: Kingambit
|
|-heal|p2a: Alomomola|75/100 psn|[from] item: Leftovers
|-damage|p2a: Alomomola|63/100 psn|[from] psn
|upkeep
|turn|40
|
|t:|1760371852
|-end|p1a: Kingambit|fallen4|[silent]
|switch|p1a: Arcanine|Arcanine-Hisui, F|66/100
|move|p2a: Alomomola|Wish|p2a: Alomomola
|
|-heal|p2a: Alomomola|69/100 psn|[from] item: Leftovers
|-damage|p2a: Alomomola|57/100 psn|[from] psn
|upkeep
|turn|41
|
|t:|1760371856
|move|p1a: Arcanine|Head Smash|p2a: Alomomola
|-damage|p2a: Alomomola|0 fnt
|faint|p2a: Alomomola
|
|upkeep
|
|t:|1760371858
|switch|p2a: Landorus|Landorus-Therian, M|9/100
|-ability|p2a: Landorus|Intimidate|boost
|-unboost|p1a: Arcanine|atk|1
|turn|42
|
|t:|1760371863
|move|p2a: Landorus|Earthquake|p1a: Arcanine
|-supereffective|p1a: Arcanine
|-damage|p1a: Arcanine|0 fnt
|faint|p1a: Arcanine
|
|upkeep
|
|t:|1760371865
|switch|p1a: Kingambit|Kingambit, F|70/100
|-activate|p1a: Kingambit|ability: Supreme Overlord
|-start|p1a: Kingambit|fallen5|[silent]
|turn|43
|
|t:|1760371877
|switch|p2a: Goodra|Goodra-Hisui, M|49/100 par
|move|p1a: Kingambit|Sucker Punch||[still]
|-fail|p1a: Kingambit
|
|upkeep
|turn|44
|
|t:|1760371881
|move|p1a: Kingambit|Swords Dance|p1a: Kingambit
|-boost|p1a: Kingambit|atk|2
|move|p2a: Goodra|Knock Off|p1a: Kingambit
|-resisted|p1a: Kingambit
|-damage|p1a: Kingambit|62/100
|-enditem|p1a: Kingambit|Black Glasses|[from] move: Knock Off|[of] p2a: Goodra
|
|upkeep
|turn|45
|
|t:|1760371888
|move|p1a: Kingambit|Kowtow Cleave|p2a: Goodra
|-crit|p2a: Goodra
|-damage|p2a: Goodra|0 fnt
|faint|p2a: Goodra
|
|upkeep
|
|t:|1760371891
|switch|p2a: Landorus|Landorus-Therian, M|9/100
|-ability|p2a: Landorus|Intimidate|boost
|-unboost|p1a: Kingambit|atk|1
|turn|46
|
|t:|1760371896
|move|p1a: Kingambit|Sucker Punch|p2a: Landorus
|-damage|p2a: Landorus|0 fnt
|faint|p2a: Landorus
|
|upkeep
|
|t:|1760371900
|switch|p2a: Garganacl|Garganacl, M|100/100
|turn|47
|
|t:|1760371902
|-terastallize|p2a: Garganacl|Ghost
|move|p1a: Kingambit|Iron Head|p2a: Garganacl
|-damage|p2a: Garganacl|44/100
|move|p2a: Garganacl|Body Press|p1a: Kingambit
|-supereffective|p1a: Kingambit
|-damage|p1a: Kingambit|0 fnt
|faint|p1a: Kingambit
|-end|p1a: Kingambit|fallen5|[silent]
|
|win|Minytank
|raw|niccommoc's rating: 1389 &rarr; <strong>1368</strong><br />(-21 for losing)
|raw|Minytank's rating: 1379 &rarr; <strong>1400</strong><br />(+21 for winning)
|l|☆Minytank
|player|p2|
|l|☆niccommoc
|player|p1|
