|j|☆Gsa7
|j|☆groovythunder
|t:|1760416835
|gametype|singles
|player|p1|Gsa7|collector|1475
|player|p2|groovythunder|102|1627
|gen|9
|tier|[Gen 9] OU
|rated|
|rule|HP Percentage Mod: HP is shown in percentages
|rule|Endless Battle Clause: Forcing endless battles is banned
|rule|Species Clause: Limit one of each Pokémon
|rule|OHKO Clause: OHKO moves are banned
|rule|Evasion Items Clause: Evasion items are banned
|rule|Evasion Moves Clause: Evasion moves are banned
|rule|Evasion Abilities Clause: Evasion abilities are banned
|rule|Sleep Moves Clause: Sleep-inducing moves are banned
|clearpoke
|poke|p1|Hatterene, F|
|poke|p1|Rotom-Wash|
|poke|p1|Ceruledge, M|
|poke|p1|Hippowdon, F|
|poke|p1|Goodra-Hisui, M|
|poke|p1|Hawlucha, M|
|poke|p2|Ninetales, F|
|poke|p2|Great Tusk|
|poke|p2|Heatran, M|
|poke|p2|Walking Wake|
|poke|p2|Raging Bolt|
|poke|p2|Sinistcha|
|teampreview
|inactive|Battle timer is ON: inactive players will automatically lose when time's up. (requested by Gsa7)
|
|t:|1760416843
|teamsize|p1|6
|teamsize|p2|6
|start
|switch|p1a: Rotom|Rotom-Wash|100/100
|switch|p2a: Ninetales|Ninetales, F|100/100
|-weather|SunnyDay|[from] ability: Drought|[of] p2a: Ninetales
|turn|1
|
|t:|1760416854
|switch|p2a: Raging Bolt|Raging Bolt|100/100
|-activate|p2a: Raging Bolt|ability: Protosynthesis
|-start|p2a: Raging Bolt|protosynthesisspa
|move|p1a: Rotom|Trick|p2a: Raging Bolt
|-activate|p1a: Rotom|move: Trick|[of] p2a: Raging Bolt
|-item|p2a: Raging Bolt|Choice Scarf|[from] move: Trick
|-item|p1a: Rotom|Choice Scarf|[from] move: Trick
|
|-weather|SunnyDay|[upkeep]
|upkeep
|turn|2
|
|t:|1760416866
|move|p1a: Rotom|Volt Switch|p2a: Raging Bolt
|-resisted|p2a: Raging Bolt
|-damage|p2a: Raging Bolt|93/100
|
|t:|1760416869
|switch|p1a: Hippowdon|Hippowdon, F|100/100|[from] Volt Switch
|-weather|Sandstorm|[from] ability: Sand Stream|[of] p1a: Hippowdon
|-end|p2a: Raging Bolt|Protosynthesis
|move|p2a: Raging Bolt|Solar Beam||[still]
|-prepare|p2a: Raging Bolt|Solar Beam
|
|-weather|Sandstorm|[upkeep]
|-damage|p2a: Raging Bolt|87/100|[from] Sandstorm
|upkeep
|turn|3
|
|t:|1760416880
|move|p2a: Raging Bolt|Solar Beam|p1a: Hippowdon|[from] lockedmove
|-supereffective|p1a: Hippowdon
|-damage|p1a: Hippowdon|52/100
|move|p1a: Hippowdon|Earthquake|p2a: Raging Bolt
|-supereffective|p2a: Raging Bolt
|-crit|p2a: Raging Bolt
|-damage|p2a: Raging Bolt|0 fnt
|faint|p2a: Raging Bolt
|-end|p2a: Raging Bolt|Protosynthesis|[silent]
|
|-weather|Sandstorm|[upkeep]
|upkeep
|
|t:|1760416886
|switch|p2a: Ninetales|Ninetales, F|100/100
|-weather|SunnyDay|[from] ability: Drought|[of] p2a: Ninetales
|turn|4
|
|t:|1760416903
|switch|p2a: Walking Wake|Walking Wake|100/100
|-activate|p2a: Walking Wake|ability: Protosynthesis
|-start|p2a: Walking Wake|protosynthesisspe
|switch|p1a: Goodra|Goodra-Hisui, M|100/100
|
|-weather|SunnyDay|[upkeep]
|upkeep
|turn|5
|
|t:|1760416912
|move|p2a: Walking Wake|Flip Turn|p1a: Goodra
|-resisted|p1a: Goodra
|-damage|p1a: Goodra|97/100
|
|t:|1760416914
|-end|p2a: Walking Wake|Protosynthesis|[silent]
|switch|p2a: Heatran|Heatran, M|100/100|[from] Flip Turn
|move|p1a: Goodra|Dragon Pulse|p2a: Heatran
|-resisted|p2a: Heatran
|-damage|p2a: Heatran|87/100
|
|-weather|SunnyDay|[upkeep]
|-heal|p2a: Heatran|93/100|[from] item: Leftovers
|upkeep
|turn|6
|
|t:|1760416926
|switch|p1a: Rotom|Rotom-Wash|100/100
|move|p2a: Heatran|Magma Storm|p1a: Rotom
|-resisted|p1a: Rotom
|-damage|p1a: Rotom|52/100
|-activate|p1a: Rotom|move: Magma Storm|[of] p2a: Heatran
|
|-weather|SunnyDay|[upkeep]
|-heal|p2a: Heatran|99/100|[from] item: Leftovers
|-damage|p1a: Rotom|40/100|[from] move: Magma Storm|[partiallytrapped]
|upkeep
|turn|7
|inactive|groovythunder has 120 seconds left.
|
|t:|1760416957
|switch|p2a: Ninetales|Ninetales, F|100/100
|move|p1a: Rotom|Trick|p2a: Ninetales
|-activate|p1a: Rotom|move: Trick|[of] p2a: Ninetales
|-item|p2a: Ninetales|Choice Scarf|[from] move: Trick
|-item|p1a: Rotom|Heat Rock|[from] move: Trick
|
|-weather|SunnyDay|[upkeep]
|-end|p1a: Rotom|Magma Storm|[partiallytrapped]|[silent]
|upkeep
|turn|8
|
|t:|1760416966
|move|p2a: Ninetales|Encore|p1a: Rotom
|-start|p1a: Rotom|Encore
|move|p1a: Rotom|Trick|p2a: Ninetales
|-activate|p1a: Rotom|move: Trick|[of] p2a: Ninetales
|-item|p2a: Ninetales|Heat Rock|[from] move: Trick
|-item|p1a: Rotom|Choice Scarf|[from] move: Trick
|
|-weather|SunnyDay|[upkeep]
|upkeep
|turn|9
|
|t:|1760416974
|move|p1a: Rotom|Trick|p2a: Ninetales
|-activate|p1a: Rotom|move: Trick|[of] p2a: Ninetales
|-item|p2a: Ninetales|Choice Scarf|[from] move: Trick
|-item|p1a: Rotom|Heat Rock|[from] move: Trick
|move|p2a: Ninetales|Solar Beam||[still]
|-prepare|p2a: Ninetales|Solar Beam
|-anim|p2a: Ninetales|Solar Beam|p1a: Rotom
|-supereffective|p1a: Rotom
|-damage|p1a: Rotom|0 fnt
|faint|p1a: Rotom
|
|-weather|SunnyDay|[upkeep]
|upkeep
|
|t:|1760416986
|switch|p1a: Hawlucha|Hawlucha, M, shiny|100/100
|turn|10
|
|t:|1760416993
|switch|p2a: Walking Wake|Walking Wake|100/100
|-activate|p2a: Walking Wake|ability: Protosynthesis
|-start|p2a: Walking Wake|protosynthesisspe
|move|p1a: Hawlucha|Swords Dance|p1a: Hawlucha
|-boost|p1a: Hawlucha|atk|2
|
|-weather|SunnyDay|[upkeep]
|upkeep
|turn|11
|
|t:|1760417003
|switch|p1a: Goodra|Goodra-Hisui, M|97/100
|-terastallize|p2a: Walking Wake|Water
|move|p2a: Walking Wake|Hydro Steam|p1a: Goodra
|-resisted|p1a: Goodra
|-damage|p1a: Goodra|71/100
|
|-weather|none
|-end|p2a: Walking Wake|Protosynthesis
|upkeep
|turn|12
|
|t:|1760417016
|-end|p2a: Walking Wake|Protosynthesis|[silent]
|switch|p2a: Ninetales|Ninetales, F|100/100
|-weather|SunnyDay|[from] ability: Drought|[of] p2a: Ninetales
|switch|p1a: Hippowdon|Hippowdon, F|52/100
|-weather|Sandstorm|[from] ability: Sand Stream|[of] p1a: Hippowdon
|
|-weather|Sandstorm|[upkeep]
|-damage|p2a: Ninetales|95/100|[from] Sandstorm
|upkeep
|turn|13
|
|t:|1760417027
|switch|p2a: Great Tusk|Great Tusk|100/100
|move|p1a: Hippowdon|Stealth Rock|p2a: Great Tusk
|-sidestart|p2: groovythunder|move: Stealth Rock
|
|-weather|Sandstorm|[upkeep]
|upkeep
|turn|14
|
|t:|1760417035
|move|p2a: Great Tusk|Knock Off|p1a: Hippowdon
|-damage|p1a: Hippowdon|37/100
|-damage|p2a: Great Tusk|84/100|[from] item: Rocky Helmet|[of] p1a: Hippowdon
|-enditem|p1a: Hippowdon|Rocky Helmet|[from] move: Knock Off|[of] p2a: Great Tusk
|move|p1a: Hippowdon|Slack Off|p1a: Hippowdon
|-heal|p1a: Hippowdon|87/100
|
|-weather|Sandstorm|[upkeep]
|upkeep
|turn|15
|
|t:|1760417045
|move|p2a: Great Tusk|Knock Off|p1a: Hippowdon
|-damage|p1a: Hippowdon|76/100
|move|p1a: Hippowdon|Earthquake|p2a: Great Tusk
|-damage|p2a: Great Tusk|60/100
|
|-weather|Sandstorm|[upkeep]
|upkeep
|turn|16
|
|t:|1760417052
|move|p2a: Great Tusk|Rapid Spin|p1a: Hippowdon
|-damage|p1a: Hippowdon|69/100
|-boost|p2a: Great Tusk|spe|1
|-sideend|p2: groovythunder|Stealth Rock|[from] move: Rapid Spin|[of] p2a: Great Tusk
|move|p1a: Hippowdon|Earthquake|p2a: Great Tusk
|-damage|p2a: Great Tusk|34/100
|
|-weather|none
|upkeep
|turn|17
|
|t:|1760417061
|-end|p2a: Great Tusk|Protosynthesis|[silent]
|switch|p2a: Ninetales|Ninetales, F|95/100
|-weather|SunnyDay|[from] ability: Drought|[of] p2a: Ninetales
|move|p1a: Hippowdon|Slack Off|p1a: Hippowdon
|-heal|p1a: Hippowdon|100/100
|
|-weather|SunnyDay|[upkeep]
|upkeep
|turn|18
|
|t:|1760417072
|switch|p2a: Walking Wake|Walking Wake, tera:Water|100/100
|-activate|p2a: Walking Wake|ability: Protosynthesis
|-start|p2a: Walking Wake|protosynthesisspe
|switch|p1a: Goodra|Goodra-Hisui, M|71/100
|
|-weather|SunnyDay|[upkeep]
|upkeep
|turn|19
|
|t:|1760417085
|move|p2a: Walking Wake|Draco Meteor|p1a: Goodra
|-damage|p1a: Goodra|30/100
|-unboost|p2a: Walking Wake|spa|2
|move|p1a: Goodra|Thunderbolt|p2a: Walking Wake
|-supereffective|p2a: Walking Wake
|-damage|p2a: Walking Wake|29/100
|
|-weather|SunnyDay|[upkeep]
|upkeep
|turn|20
|
|t:|1760417095
|-end|p2a: Walking Wake|Protosynthesis|[silent]
|switch|p2a: Heatran|Heatran, M|99/100
|move|p1a: Goodra|Thunderbolt|p2a: Heatran
|-damage|p2a: Heatran|78/100
|
|-weather|SunnyDay|[upkeep]
|-heal|p2a: Heatran|85/100|[from] item: Leftovers
|upkeep
|turn|21
|
|t:|1760417105
|move|p2a: Heatran|Magma Storm|p1a: Goodra
|-damage|p1a: Goodra|0 fnt
|faint|p1a: Goodra
|
|-weather|none
|-heal|p2a: Heatran|91/100|[from] item: Leftovers
|upkeep
|
|t:|1760417115
|switch|p1a: Hippowdon|Hippowdon, F|100/100
|-weather|Sandstorm|[from] ability: Sand Stream|[of] p1a: Hippowdon
|turn|22
|
|t:|1760417122
|switch|p2a: Ninetales|Ninetales, F|95/100
|-weather|SunnyDay|[from] ability: Drought|[of] p2a: Ninetales
|move|p1a: Hippowdon|Stealth Rock|p2a: Ninetales
|-sidestart|p2: groovythunder|move: Stealth Rock
|
|-weather|SunnyDay|[upkeep]
|upkeep
|turn|23
|
|t:|1760417131
|switch|p2a: Great Tusk|Great Tusk|34/100
|-activate|p2a: Great Tusk|ability: Protosynthesis
|-start|p2a: Great Tusk|protosynthesisdef
|move|p1a: Hippowdon|Earthquake|p2a: Great Tusk
|-damage|p2a: Great Tusk|18/100
|
|-weather|SunnyDay|[upkeep]
|upkeep
|turn|24
|
|t:|1760417141
|switch|p1a: Ceruledge|Ceruledge, M|100/100
|move|p2a: Great Tusk|Rapid Spin|p1a: Ceruledge
|-immune|p1a: Ceruledge
|
|-weather|SunnyDay|[upkeep]
|upkeep
|turn|25
|
|t:|1760417148
|-end|p2a: Great Tusk|Protosynthesis|[silent]
|switch|p2a: Heatran|Heatran, M|91/100
|-damage|p2a: Heatran|78/100|[from] Stealth Rock
|move|p1a: Ceruledge|Bitter Blade|p2a: Heatran
|-start|p2a: Heatran|ability: Flash Fire
|
|-weather|SunnyDay|[upkeep]
|-heal|p2a: Heatran|84/100|[from] item: Leftovers
|upkeep
|turn|26
|
|t:|1760417158
|move|p1a: Ceruledge|Swords Dance|p1a: Ceruledge
|-boost|p1a: Ceruledge|atk|2
|move|p2a: Heatran|Magma Storm|p1a: Ceruledge|[miss]
|-miss|p2a: Heatran|p1a: Ceruledge
|
|-weather|none
|-heal|p2a: Heatran|90/100|[from] item: Leftovers
|upkeep
|turn|27
|
|t:|1760417167
|move|p1a: Ceruledge|Poltergeist|p2a: Heatran
|-activate|p2a: Heatran|move: Poltergeist|Leftovers
|-damage|p2a: Heatran|0 fnt
|faint|p2a: Heatran
|
|upkeep
|
|t:|1760417178
|switch|p2a: Great Tusk|Great Tusk|18/100
|turn|28
|
|t:|1760417181
|move|p2a: Great Tusk|Headlong Rush|p1a: Ceruledge
|-supereffective|p1a: Ceruledge
|-enditem|p1a: Ceruledge|Focus Sash
|-damage|p1a: Ceruledge|1/100
|-unboost|p2a: Great Tusk|def|1
|-unboost|p2a: Great Tusk|spd|1
|-ability|p1a: Ceruledge|Weak Armor|boost
|-unboost|p1a: Ceruledge|def|1
|-boost|p1a: Ceruledge|spe|2
|move|p1a: Ceruledge|Bitter Blade|p2a: Great Tusk
|-damage|p2a: Great Tusk|0 fnt
|-heal|p1a: Ceruledge|12/100|[from] drain|[of] p2a: Great Tusk
|faint|p2a: Great Tusk
|-end|p2a: Great Tusk|Protosynthesis|[silent]
|
|upkeep
|
|t:|1760417185
|switch|p2a: Ninetales|Ninetales, F|95/100
|-damage|p2a: Ninetales|70/100|[from] Stealth Rock
|-weather|SunnyDay|[from] ability: Drought|[of] p2a: Ninetales
|turn|29
|
|t:|1760417201
|move|p1a: Ceruledge|Poltergeist|p2a: Ninetales
|-activate|p2a: Ninetales|move: Poltergeist|Choice Scarf
|-damage|p2a: Ninetales|0 fnt
|faint|p2a: Ninetales
|
|-weather|SunnyDay|[upkeep]
|upkeep
|
|t:|1760417204
|switch|p2a: Walking Wake|Walking Wake, tera:Water|29/100
|-damage|p2a: Walking Wake|17/100|[from] Stealth Rock
|-activate|p2a: Walking Wake|ability: Protosynthesis
|-start|p2a: Walking Wake|protosynthesisspe
|turn|30
|
|t:|1760417213
|move|p1a: Ceruledge|Shadow Sneak|p2a: Walking Wake
|-crit|p2a: Walking Wake
|-damage|p2a: Walking Wake|0 fnt
|faint|p2a: Walking Wake
|-end|p2a: Walking Wake|Protosynthesis|[silent]
|
|-weather|SunnyDay|[upkeep]
|upkeep
|-message|groovythunder forfeited.
|
|win|Gsa7
|raw|Gsa7's rating: 1475 &rarr; <strong>1503</strong><br />(+28 for winning)
|raw|groovythunder's rating: 1627 &rarr; <strong>1599</strong><br />(-28 for losing)
|l|☆groovythunder
|player|p2|
|l|☆Gsa7
|player|p1|
