|j|☆chaomei_shen
|j|☆jop90
|t:|1760415322
|gametype|singles
|player|p1|chaomei_shen|266|1427
|player|p2|jop90|266|1397
|gen|9
|tier|[Gen 9] OU
|rated|
|rule|HP Percentage Mod: HP is shown in percentages
|rule|Endless Battle Clause: Forcing endless battles is banned
|rule|Species Clause: Limit one of each Pokémon
|rule|OHKO Clause: OHKO moves are banned
|rule|Evasion Items Clause: Evasion items are banned
|rule|Evasion Moves Clause: Evasion moves are banned
|rule|Evasion Abilities Clause: Evasion abilities are banned
|rule|Sleep Moves Clause: Sleep-inducing moves are banned
|clearpoke
|poke|p1|Dragonite, M|
|poke|p1|Hatterene, F|
|poke|p1|Great Tusk|
|poke|p1|Raging Bolt|
|poke|p1|Ting-Lu|
|poke|p1|Kyurem|
|poke|p2|Araquanid, F|
|poke|p2|Scizor, M|
|poke|p2|Lokix, F|
|poke|p2|Yanmega, M|
|poke|p2|Forretress, M|
|poke|p2|Ribombee, M|
|teampreview
|inactive|Battle timer is ON: inactive players will automatically lose when time's up. (requested by chaomei_shen)
|
|t:|1760415353
|teamsize|p1|6
|teamsize|p2|6
|start
|switch|p1a: Kyurem|Kyurem|100/100
|switch|p2a: Lokix|Lokix, F|100/100
|-ability|p1a: Kyurem|Pressure
|turn|1
|
|t:|1760415365
|-terastallize|p1a: Kyurem|Fire
|move|p1a: Kyurem|Dragon Dance|p1a: Kyurem
|-boost|p1a: Kyurem|atk|1
|-boost|p1a: Kyurem|spe|1
|move|p2a: Lokix|U-turn|p1a: Kyurem
|-resisted|p1a: Kyurem
|-damage|p1a: Kyurem|59/100
|
|t:|1760415372
|switch|p2a: Araquanid|Araquanid, F|100/100|[from] U-turn
|
|upkeep
|turn|2
|
|t:|1760415376
|move|p1a: Kyurem|Icicle Spear|p2a: Araquanid
|-resisted|p2a: Araquanid
|-damage|p2a: Araquanid|90/100
|-resisted|p2a: Araquanid
|-damage|p2a: Araquanid|79/100
|-resisted|p2a: Araquanid
|-damage|p2a: Araquanid|69/100
|-resisted|p2a: Araquanid
|-damage|p2a: Araquanid|57/100
|-hitcount|p2a: Araquanid|4
|move|p2a: Araquanid|Liquidation|p1a: Kyurem
|-supereffective|p1a: Kyurem
|-crit|p1a: Kyurem
|-damage|p1a: Kyurem|0 fnt
|faint|p1a: Kyurem
|
|upkeep
|
|t:|1760415383
|switch|p1a: Raging Bolt|Raging Bolt|100/100
|turn|3
|
|t:|1760415404
|move|p1a: Raging Bolt|Volt Switch|p2a: Araquanid
|-supereffective|p2a: Araquanid
|-damage|p2a: Araquanid|0 fnt
|faint|p2a: Araquanid
|
|t:|1760415412
|-end|p1a: Raging Bolt|Protosynthesis|[silent]
|switch|p1a: Dragonite|Dragonite, M|100/100|[from] Volt Switch
|
|upkeep
|inactive|jop90 has 120 seconds left.
|inactive|jop90 has 90 seconds left.
|
|t:|1760415468
|switch|p2a: Forretress|Forretress, M|100/100
|turn|4
|
|t:|1760415472
|move|p1a: Dragonite|Earthquake|p2a: Forretress
|-damage|p2a: Forretress|69/100
|move|p2a: Forretress|Volt Switch|p1a: Dragonite
|-damage|p1a: Dragonite|95/100
|inactive|jop90 has 90 seconds left.
|inactive|jop90 has 60 seconds left.
|
|t:|1760415515
|switch|p2a: Yanmega|Yanmega, M|100/100|[from] Volt Switch
|
|upkeep
|turn|5
|
|t:|1760415526
|switch|p1a: Hatterene|Hatterene, F|100/100
|move|p2a: Yanmega|Bug Buzz|p1a: Hatterene
|-damage|p1a: Hatterene|54/100
|
|upkeep
|turn|6
|inactive|jop90 has 60 seconds left.
|inactive|jop90 has 30 seconds left.
|inactive|jop90 has 20 seconds left.
|inactive|jop90 has 15 seconds left.
|
|t:|1760415590
|switch|p2a: Ribombee|Ribombee, M|100/100
|move|p1a: Hatterene|Nuzzle|p2a: Ribombee
|-damage|p2a: Ribombee|92/100
|
|upkeep
|turn|7
|inactive|jop90 has 25 seconds left this turn.
|
|t:|1760415598
|move|p2a: Ribombee|Moonblast|p1a: Hatterene
|-damage|p1a: Hatterene|27/100
|move|p1a: Hatterene|Mystical Fire|p2a: Ribombee
|-supereffective|p2a: Ribombee
|-damage|p2a: Ribombee|8/100
|
|upkeep
|turn|8
|inactive|jop90 has 30 seconds left.
|
|t:|1760415610
|move|p2a: Ribombee|Moonblast|p1a: Hatterene
|-damage|p1a: Hatterene|0 fnt
|faint|p1a: Hatterene
|
|upkeep
|
|t:|1760415613
|switch|p1a: Dragonite|Dragonite, M|95/100
|turn|9
|
|t:|1760415617
|move|p1a: Dragonite|Extreme Speed|p2a: Ribombee
|-damage|p2a: Ribombee|0 fnt
|faint|p2a: Ribombee
|
|upkeep
|
|t:|1760415619
|switch|p2a: Forretress|Forretress, M|69/100
|turn|10
|
|t:|1760415622
|switch|p1a: Great Tusk|Great Tusk|100/100
|move|p2a: Forretress|Volt Switch|p1a: Great Tusk
|-immune|p1a: Great Tusk
|
|-heal|p2a: Forretress|76/100|[from] item: Leftovers
|upkeep
|turn|11
|
|t:|1760415626
|switch|p2a: Yanmega|Yanmega, M|100/100
|move|p1a: Great Tusk|Headlong Rush|p2a: Yanmega
|-immune|p2a: Yanmega
|
|upkeep
|turn|12
|
|t:|1760415631
|-end|p1a: Great Tusk|Protosynthesis|[silent]
|switch|p1a: Ting-Lu|Ting-Lu|100/100
|-ability|p1a: Ting-Lu|Vessel of Ruin
|move|p2a: Yanmega|Air Slash|p1a: Ting-Lu
|-damage|p1a: Ting-Lu|77/100
|
|-heal|p1a: Ting-Lu|83/100|[from] item: Leftovers
|upkeep
|turn|13
|
|t:|1760415635
|switch|p2a: Lokix|Lokix, F|100/100
|move|p1a: Ting-Lu|Stealth Rock|p2a: Lokix
|-sidestart|p2: jop90|move: Stealth Rock
|
|-heal|p1a: Ting-Lu|90/100|[from] item: Leftovers
|upkeep
|turn|14
|
|t:|1760415639
|switch|p1a: Dragonite|Dragonite, M|95/100
|move|p2a: Lokix|Knock Off|p1a: Dragonite
|-damage|p1a: Dragonite|25/100
|-enditem|p1a: Dragonite|Choice Band|[from] move: Knock Off|[of] p2a: Lokix
|
|upkeep
|turn|15
|
|t:|1760415644
|move|p2a: Lokix|Knock Off|p1a: Dragonite
|-damage|p1a: Dragonite|0 fnt
|faint|p1a: Dragonite
|
|upkeep
|
|t:|1760415648
|switch|p1a: Raging Bolt|Raging Bolt|100/100
|turn|16
|
|t:|1760415662
|move|p2a: Lokix|Knock Off|p1a: Raging Bolt
|-damage|p1a: Raging Bolt|44/100
|-enditem|p1a: Raging Bolt|Choice Specs|[from] move: Knock Off|[of] p2a: Lokix
|move|p1a: Raging Bolt|Volt Switch|p2a: Lokix
|-damage|p2a: Lokix|21/100
|
|t:|1760415666
|-end|p1a: Raging Bolt|Protosynthesis|[silent]
|switch|p1a: Great Tusk|Great Tusk|100/100|[from] Volt Switch
|
|upkeep
|turn|17
|inactive|jop90 has 120 seconds left.
|inactive|jop90 has 90 seconds left.
|
|t:|1760415702
|move|p2a: Lokix|Knock Off|p1a: Great Tusk
|-resisted|p1a: Great Tusk
|-damage|p1a: Great Tusk|55/100
|-enditem|p1a: Great Tusk|Heavy-Duty Boots|[from] move: Knock Off|[of] p2a: Lokix
|move|p1a: Great Tusk|Rapid Spin|p2a: Lokix
|-damage|p2a: Lokix|0 fnt
|-boost|p1a: Great Tusk|spe|1
|faint|p2a: Lokix
|
|upkeep
|inactive|jop90 has 90 seconds left.
|
|t:|1760415711
|switch|p2a: Forretress|Forretress, M|76/100
|-damage|p2a: Forretress|63/100|[from] Stealth Rock
|turn|18
|
|t:|1760415714
|move|p1a: Great Tusk|Headlong Rush|p2a: Forretress
|-damage|p2a: Forretress|28/100
|-unboost|p1a: Great Tusk|def|1
|-unboost|p1a: Great Tusk|spd|1
|move|p2a: Forretress|Rapid Spin|p1a: Great Tusk
|-damage|p1a: Great Tusk|43/100
|-boost|p2a: Forretress|spe|1
|-sideend|p2: jop90|Stealth Rock|[from] move: Rapid Spin|[of] p2a: Forretress
|
|-heal|p2a: Forretress|35/100|[from] item: Leftovers
|upkeep
|turn|19
|
|t:|1760415730
|move|p1a: Great Tusk|Headlong Rush|p2a: Forretress
|-damage|p2a: Forretress|0 fnt
|-unboost|p1a: Great Tusk|def|1
|-unboost|p1a: Great Tusk|spd|1
|faint|p2a: Forretress
|
|upkeep
|
|t:|1760415733
|switch|p2a: Scizor|Scizor, M|100/100
|turn|20
|
|t:|1760415739
|-end|p1a: Great Tusk|Protosynthesis|[silent]
|switch|p1a: Ting-Lu|Ting-Lu|90/100
|-ability|p1a: Ting-Lu|Vessel of Ruin
|move|p2a: Scizor|Bullet Punch|p1a: Ting-Lu
|-damage|p1a: Ting-Lu|73/100
|
|-heal|p1a: Ting-Lu|79/100|[from] item: Leftovers
|upkeep
|turn|21
|
|t:|1760415746
|move|p2a: Scizor|Swords Dance|p2a: Scizor
|-boost|p2a: Scizor|atk|2
|move|p1a: Ting-Lu|Stealth Rock|p2a: Scizor
|-sidestart|p2: jop90|move: Stealth Rock
|
|-heal|p1a: Ting-Lu|85/100|[from] item: Leftovers
|upkeep
|turn|22
|
|t:|1760415749
|move|p2a: Scizor|Bullet Punch|p1a: Ting-Lu
|-damage|p1a: Ting-Lu|53/100
|move|p1a: Ting-Lu|Whirlwind|p2a: Scizor
|drag|p2a: Yanmega|Yanmega, M|100/100
|-damage|p2a: Yanmega|51/100|[from] Stealth Rock
|
|-heal|p1a: Ting-Lu|59/100|[from] item: Leftovers
|upkeep
|turn|23
|
|t:|1760415754
|move|p2a: Yanmega|Bug Buzz|p1a: Ting-Lu
|-supereffective|p1a: Ting-Lu
|-damage|p1a: Ting-Lu|0 fnt
|faint|p1a: Ting-Lu
|
|upkeep
|
|t:|1760415758
|switch|p1a: Raging Bolt|Raging Bolt|44/100
|turn|24
|
|t:|1760415762
|-terastallize|p2a: Yanmega|Ground
|move|p2a: Yanmega|Bug Buzz|p1a: Raging Bolt
|-damage|p1a: Raging Bolt|0 fnt
|faint|p1a: Raging Bolt
|-end|p1a: Raging Bolt|Protosynthesis|[silent]
|
|upkeep
|
|t:|1760415765
|switch|p1a: Great Tusk|Great Tusk|43/100
|turn|25
|
|t:|1760415767
|move|p2a: Yanmega|Bug Buzz|p1a: Great Tusk
|-resisted|p1a: Great Tusk
|-damage|p1a: Great Tusk|0 fnt
|faint|p1a: Great Tusk
|-end|p1a: Great Tusk|Protosynthesis|[silent]
|
|win|jop90
|raw|chaomei_shen's rating: 1427 &rarr; <strong>1405</strong><br />(-22 for losing)
|raw|jop90's rating: 1395 &rarr; <strong>1417</strong><br />(+22 for winning)
|l|☆chaomei_shen
|player|p1|
|l|☆jop90
|player|p2|
