|j|☆MicrowaveHeart
|j|‽acezsz
|t:|1760407511
|gametype|singles
|player|p1|MicrowaveHeart|workerice|1560
|player|p2|acezsz|iris-gen5bw2|1561
|gen|9
|tier|[Gen 9] OU
|rated|
|rule|HP Percentage Mod: HP is shown in percentages
|rule|Endless Battle Clause: Forcing endless battles is banned
|rule|Species Clause: Limit one of each Pokémon
|rule|OHKO Clause: OHKO moves are banned
|rule|Evasion Items Clause: Evasion items are banned
|rule|Evasion Moves Clause: Evasion moves are banned
|rule|Evasion Abilities Clause: Evasion abilities are banned
|rule|Sleep Moves Clause: Sleep-inducing moves are banned
|clearpoke
|poke|p1|Gholdengo|
|poke|p1|Incineroar, M|
|poke|p1|Ogerpon-Wellspring, F|
|poke|p1|Iron Treads|
|poke|p1|Tornadus-Therian, M|
|poke|p1|Mamoswine, F|
|poke|p2|Alomomola, M|
|poke|p2|Dragapult, M|
|poke|p2|Slowking-Galar, F|
|poke|p2|Great Tusk|
|poke|p2|Dragonite, M|
|poke|p2|Ting-Lu|
|teampreview
|inactive|Battle timer is ON: inactive players will automatically lose when time's up. (requested by acezsz)
|inactive|MicrowaveHeart has 120 seconds left.
|j| yuy
|
|t:|1760407550
|teamsize|p1|6
|teamsize|p2|6
|start
|switch|p1a: Tornadus|Tornadus-Therian, M|100/100
|switch|p2a: Dragapult|Dragapult, M|100/100
|turn|1
|
|t:|1760407561
|move|p2a: Dragapult|U-turn|p1a: Tornadus
|-resisted|p1a: Tornadus
|-damage|p1a: Tornadus|86/100
|
|t:|1760407573
|switch|p2a: Alomomola|Alomomola, M|100/100|[from] U-turn
|move|p1a: Tornadus|Knock Off|p2a: Alomomola
|-damage|p2a: Alomomola|87/100
|-enditem|p2a: Alomomola|Heavy-Duty Boots|[from] move: Knock Off|[of] p1a: Tornadus
|
|upkeep
|turn|2
|
|t:|1760407581
|move|p1a: Tornadus|U-turn|p2a: Alomomola
|-damage|p2a: Alomomola|77/100
|
|t:|1760407583
|switch|p1a: Ogerpon|Ogerpon-Wellspring, F|100/100|[from] U-turn
|move|p2a: Alomomola|Flip Turn|p1a: Ogerpon
|-immune|p1a: Ogerpon|[from] ability: Water Absorb
|
|upkeep
|turn|3
|j| blabab
|l| blabab
|
|t:|1760407596
|move|p1a: Ogerpon|Trailblaze|p2a: Alomomola
|-supereffective|p2a: Alomomola
|-damage|p2a: Alomomola|43/100
|-boost|p1a: Ogerpon|spe|1
|move|p2a: Alomomola|Wish|p2a: Alomomola
|
|upkeep
|turn|4
|
|t:|1760407612
|switch|p2a: Dragonite|Dragonite, M|100/100
|move|p1a: Ogerpon|Swords Dance|p1a: Ogerpon
|-boost|p1a: Ogerpon|atk|2
|
|upkeep
|turn|5
|
|t:|1760407621
|switch|p1a: Incineroar|Incineroar, M|100/100
|-ability|p1a: Incineroar|Intimidate|boost
|-unboost|p2a: Dragonite|atk|1
|move|p2a: Dragonite|Dragon Dance|p2a: Dragonite
|-boost|p2a: Dragonite|atk|1
|-boost|p2a: Dragonite|spe|1
|
|upkeep
|turn|6
|
|t:|1760407627
|switch|p2a: Great Tusk|Great Tusk|100/100
|move|p1a: Incineroar|Will-O-Wisp|p2a: Great Tusk|[miss]
|-miss|p1a: Incineroar|p2a: Great Tusk
|
|upkeep
|turn|7
|
|t:|1760407637
|-end|p2a: Great Tusk|Protosynthesis|[silent]
|switch|p2a: Alomomola|Alomomola, M|76/100
|move|p1a: Incineroar|Will-O-Wisp|p2a: Alomomola
|-status|p2a: Alomomola|brn
|
|-damage|p2a: Alomomola|70/100 brn|[from] brn
|upkeep
|turn|8
|inactive|MicrowaveHeart has 120 seconds left.
|
|t:|1760407684
|move|p1a: Incineroar|Parting Shot|p2a: Alomomola
|-unboost|p2a: Alomomola|atk|1
|-unboost|p2a: Alomomola|spa|1
|
|t:|1760407689
|switch|p1a: Ogerpon|Ogerpon-Wellspring, F|100/100|[from] Parting Shot
|move|p2a: Alomomola|Wish|p2a: Alomomola
|
|-damage|p2a: Alomomola|64/100 brn|[from] brn
|upkeep
|turn|9
|
|t:|1760407707
|switch|p2a: Dragapult|Dragapult, M|100/100
|move|p1a: Ogerpon|Horn Leech|p2a: Dragapult
|-resisted|p2a: Dragapult
|-damage|p2a: Dragapult|70/100
|
|-heal|p2a: Dragapult|100/100|[from] move: Wish|[wisher] Alomomola
|upkeep
|turn|10
|
|t:|1760407724
|switch|p1a: Tornadus|Tornadus-Therian, M|100/100
|move|p2a: Dragapult|Will-O-Wisp|p1a: Tornadus|[miss]
|-miss|p2a: Dragapult|p1a: Tornadus
|
|upkeep
|turn|11
|
|t:|1760407734
|move|p2a: Dragapult|U-turn|p1a: Tornadus
|-resisted|p1a: Tornadus
|-damage|p1a: Tornadus|88/100
|
|t:|1760407738
|switch|p2a: Alomomola|Alomomola, M|97/100 brn|[from] U-turn
|move|p1a: Tornadus|Knock Off|p2a: Alomomola
|-damage|p2a: Alomomola|89/100 brn
|
|-damage|p2a: Alomomola|83/100 brn|[from] brn
|upkeep
|turn|12
|inactive|MicrowaveHeart has 120 seconds left.
|
|t:|1760407749
|move|p1a: Tornadus|Bleakwind Storm|p2a: Alomomola|[miss]
|-miss|p1a: Tornadus|p2a: Alomomola
|move|p2a: Alomomola|Wish|p2a: Alomomola
|
|-damage|p2a: Alomomola|76/100 brn|[from] brn
|upkeep
|turn|13
|
|t:|1760407763
|switch|p2a: Dragonite|Dragonite, M|100/100
|move|p1a: Tornadus|Bleakwind Storm|p2a: Dragonite|[miss]
|-miss|p1a: Tornadus|p2a: Dragonite
|
|upkeep
|turn|14
|
|t:|1760407770
|move|p1a: Tornadus|U-turn|p2a: Dragonite
|-resisted|p2a: Dragonite
|-damage|p2a: Dragonite|96/100
|
|t:|1760407776
|switch|p1a: Incineroar|Incineroar, M|100/100|[from] U-turn
|-ability|p1a: Incineroar|Intimidate|boost
|-unboost|p2a: Dragonite|atk|1
|move|p2a: Dragonite|Dragon Dance|p2a: Dragonite
|-boost|p2a: Dragonite|atk|1
|-boost|p2a: Dragonite|spe|1
|
|upkeep
|turn|15
|
|t:|1760407787
|switch|p2a: Alomomola|Alomomola, M|100/100 brn
|move|p1a: Incineroar|Parting Shot|p2a: Alomomola
|-unboost|p2a: Alomomola|atk|1
|-unboost|p2a: Alomomola|spa|1
|
|t:|1760407796
|switch|p1a: Gholdengo|Gholdengo|100/100|[from] Parting Shot
|
|-damage|p2a: Alomomola|94/100 brn|[from] brn
|upkeep
|turn|16
|
|t:|1760407801
|move|p1a: Gholdengo|Hex|p2a: Alomomola
|-damage|p2a: Alomomola|43/100 brn
|move|p2a: Alomomola|Flip Turn|p1a: Gholdengo
|-damage|p1a: Gholdengo|97/100
|
|t:|1760407807
|switch|p2a: Ting-Lu|Ting-Lu|100/100|[from] Flip Turn
|-ability|p2a: Ting-Lu|Vessel of Ruin
|
|-heal|p1a: Gholdengo|100/100|[from] item: Leftovers
|upkeep
|turn|17
|
|t:|1760407827
|switch|p1a: Incineroar|Incineroar, M|100/100
|-ability|p1a: Incineroar|Intimidate|boost
|-unboost|p2a: Ting-Lu|atk|1
|move|p2a: Ting-Lu|Spikes|p1a: Incineroar
|-sidestart|p1: MicrowaveHeart|Spikes
|
|upkeep
|turn|18
|
|t:|1760407835
|switch|p2a: Alomomola|Alomomola, M|77/100 brn
|move|p1a: Incineroar|Will-O-Wisp|p2a: Alomomola
|-fail|p2a: Alomomola|brn
|
|-damage|p2a: Alomomola|70/100 brn|[from] brn
|upkeep
|turn|19
|
|t:|1760407845
|switch|p2a: Slowking|Slowking-Galar, F|100/100
|move|p1a: Incineroar|Parting Shot|p2a: Slowking
|-unboost|p2a: Slowking|atk|1
|-unboost|p2a: Slowking|spa|1
|
|t:|1760407854
|switch|p1a: Iron Treads|Iron Treads|100/100|[from] Parting Shot
|-damage|p1a: Iron Treads|88/100|[from] Spikes
|
|-heal|p1a: Iron Treads|94/100|[from] item: Leftovers
|upkeep
|turn|20
|
|t:|1760407864
|switch|p2a: Great Tusk|Great Tusk|100/100
|move|p1a: Iron Treads|Stealth Rock|p2a: Great Tusk
|-sidestart|p2: acezsz|move: Stealth Rock
|
|-heal|p1a: Iron Treads|100/100|[from] item: Leftovers
|upkeep
|turn|21
|
|t:|1760407881
|-end|p1a: Iron Treads|Quark Drive|[silent]
|switch|p1a: Gholdengo|Gholdengo|100/100
|-damage|p1a: Gholdengo|88/100|[from] Spikes
|move|p2a: Great Tusk|Stealth Rock|p1a: Gholdengo
|-sidestart|p1: MicrowaveHeart|move: Stealth Rock
|
|-heal|p1a: Gholdengo|94/100|[from] item: Leftovers
|upkeep
|turn|22
|
|t:|1760407900
|-end|p2a: Great Tusk|Protosynthesis|[silent]
|switch|p2a: Ting-Lu|Ting-Lu|100/100
|-damage|p2a: Ting-Lu|94/100|[from] Stealth Rock
|-ability|p2a: Ting-Lu|Vessel of Ruin
|move|p1a: Gholdengo|Make It Rain|p2a: Ting-Lu
|-damage|p2a: Ting-Lu|74/100
|-unboost|p1a: Gholdengo|spa|1
|
|-heal|p1a: Gholdengo|99/100|[from] item: Leftovers
|-heal|p2a: Ting-Lu|80/100|[from] item: Leftovers
|upkeep
|turn|23
|
|t:|1760407910
|switch|p1a: Incineroar|Incineroar, M|100/100
|-ability|p1a: Incineroar|Intimidate|boost
|-unboost|p2a: Ting-Lu|atk|1
|move|p2a: Ting-Lu|Spikes|p1a: Incineroar
|-sidestart|p1: MicrowaveHeart|Spikes
|
|-heal|p2a: Ting-Lu|87/100|[from] item: Leftovers
|upkeep
|turn|24
|
|t:|1760407924
|move|p1a: Incineroar|Parting Shot|p2a: Ting-Lu
|-unboost|p2a: Ting-Lu|atk|1
|-unboost|p2a: Ting-Lu|spa|1
|
|t:|1760407929
|switch|p1a: Iron Treads|Iron Treads|100/100|[from] Parting Shot
|-damage|p1a: Iron Treads|84/100|[from] Spikes
|-damage|p1a: Iron Treads|81/100|[from] Stealth Rock
|move|p2a: Ting-Lu|Earthquake|p1a: Iron Treads
|-supereffective|p1a: Iron Treads
|-damage|p1a: Iron Treads|51/100
|
|-heal|p1a: Iron Treads|57/100|[from] item: Leftovers
|-heal|p2a: Ting-Lu|93/100|[from] item: Leftovers
|upkeep
|turn|25
|
|t:|1760407940
|switch|p2a: Dragapult|Dragapult, M|100/100
|move|p1a: Iron Treads|Knock Off|p2a: Dragapult
|-supereffective|p2a: Dragapult
|-damage|p2a: Dragapult|39/100
|-enditem|p2a: Dragapult|Heavy-Duty Boots|[from] move: Knock Off|[of] p1a: Iron Treads
|
|-heal|p1a: Iron Treads|64/100|[from] item: Leftovers
|upkeep
|turn|26
|
|t:|1760407954
|move|p2a: Dragapult|U-turn|p1a: Iron Treads
|-resisted|p1a: Iron Treads
|-damage|p1a: Iron Treads|57/100
|j| theviolator3000
|
|t:|1760407957
|switch|p2a: Alomomola|Alomomola, M|100/100 brn|[from] U-turn
|-damage|p2a: Alomomola|88/100 brn|[from] Stealth Rock
|move|p1a: Iron Treads|Earthquake|p2a: Alomomola
|-damage|p2a: Alomomola|65/100 brn
|
|-heal|p1a: Iron Treads|63/100|[from] item: Leftovers
|-damage|p2a: Alomomola|59/100 brn|[from] brn
|upkeep
|turn|27
|
|t:|1760407966
|move|p1a: Iron Treads|Rapid Spin|p2a: Alomomola
|-damage|p2a: Alomomola|50/100 brn
|-boost|p1a: Iron Treads|spe|1
|-sideend|p1: MicrowaveHeart|Spikes|[from] move: Rapid Spin|[of] p1a: Iron Treads
|-sideend|p1: MicrowaveHeart|Stealth Rock|[from] move: Rapid Spin|[of] p1a: Iron Treads
|move|p2a: Alomomola|Wish|p2a: Alomomola
|
|-heal|p1a: Iron Treads|69/100|[from] item: Leftovers
|-damage|p2a: Alomomola|44/100 brn|[from] brn
|upkeep
|turn|28
|
|t:|1760407979
|-end|p1a: Iron Treads|Quark Drive|[silent]
|switch|p1a: Ogerpon|Ogerpon-Wellspring, F|100/100
|move|p2a: Alomomola|Flip Turn|p1a: Ogerpon
|-immune|p1a: Ogerpon|[from] ability: Water Absorb
|
|-heal|p2a: Alomomola|94/100 brn|[from] move: Wish|[wisher] Alomomola
|-damage|p2a: Alomomola|88/100 brn|[from] brn
|upkeep
|turn|29
|inactive|acezsz has 120 seconds left.
|
|t:|1760408014
|switch|p2a: Dragonite|Dragonite, M|96/100
|move|p1a: Ogerpon|Horn Leech|p2a: Dragonite
|-resisted|p2a: Dragonite
|-damage|p2a: Dragonite|85/100
|
|upkeep
|turn|30
|inactive|acezsz has 120 seconds left.
|
|t:|1760408024
|switch|p1a: Incineroar|Incineroar, M|100/100
|-ability|p1a: Incineroar|Intimidate|boost
|-unboost|p2a: Dragonite|atk|1
|move|p2a: Dragonite|Earthquake|p1a: Incineroar
|-supereffective|p1a: Incineroar
|-damage|p1a: Incineroar|66/100
|
|upkeep
|turn|31
|inactive|acezsz has 120 seconds left.
|
|t:|1760408036
|switch|p2a: Alomomola|Alomomola, M|100/100 brn
|-damage|p2a: Alomomola|88/100 brn|[from] Stealth Rock
|move|p1a: Incineroar|Parting Shot|p2a: Alomomola
|-unboost|p2a: Alomomola|atk|1
|-unboost|p2a: Alomomola|spa|1
|
|t:|1760408057
|switch|p1a: Ogerpon|Ogerpon-Wellspring, F|100/100|[from] Parting Shot
|
|-damage|p2a: Alomomola|82/100 brn|[from] brn
|upkeep
|turn|32
|
|t:|1760408064
|move|p1a: Ogerpon|Horn Leech|p2a: Alomomola
|-supereffective|p2a: Alomomola
|-damage|p2a: Alomomola|27/100 brn
|move|p2a: Alomomola|Wish|p2a: Alomomola
|
|-damage|p2a: Alomomola|21/100 brn|[from] brn
|upkeep
|turn|33
|
|t:|1760408072
|switch|p2a: Dragonite|Dragonite, M|85/100
|move|p1a: Ogerpon|Swords Dance|p1a: Ogerpon
|-boost|p1a: Ogerpon|atk|2
|
|-heal|p2a: Dragonite|100/100|[from] move: Wish|[wisher] Alomomola
|upkeep
|turn|34
|
|t:|1760408081
|move|p1a: Ogerpon|Ivy Cudgel|p2a: Dragonite|[anim] Ivy Cudgel Water
|-resisted|p2a: Dragonite
|-damage|p2a: Dragonite|70/100
|move|p2a: Dragonite|Dragon Dance|p2a: Dragonite
|-boost|p2a: Dragonite|atk|1
|-boost|p2a: Dragonite|spe|1
|
|upkeep
|turn|35
|
|t:|1760408089
|move|p2a: Dragonite|Extreme Speed|p1a: Ogerpon
|-damage|p1a: Ogerpon|43/100
|move|p1a: Ogerpon|Ivy Cudgel|p2a: Dragonite|[anim] Ivy Cudgel Water
|-resisted|p2a: Dragonite
|-damage|p2a: Dragonite|7/100
|
|upkeep
|turn|36
|
|t:|1760408097
|switch|p1a: Incineroar|Incineroar, M|66/100
|-ability|p1a: Incineroar|Intimidate|boost
|-unboost|p2a: Dragonite|atk|1
|move|p2a: Dragonite|Extreme Speed|p1a: Incineroar
|-damage|p1a: Incineroar|46/100
|
|upkeep
|turn|37
|
|t:|1760408106
|switch|p1a: Tornadus|Tornadus-Therian, M|100/100
|move|p2a: Dragonite|Earthquake|p1a: Tornadus
|-immune|p1a: Tornadus
|
|upkeep
|turn|38
|
|t:|1760408122
|switch|p2a: Ting-Lu|Ting-Lu|93/100
|-damage|p2a: Ting-Lu|87/100|[from] Stealth Rock
|-ability|p2a: Ting-Lu|Vessel of Ruin
|move|p1a: Tornadus|Knock Off|p2a: Ting-Lu
|-resisted|p2a: Ting-Lu
|-damage|p2a: Ting-Lu|81/100
|-enditem|p2a: Ting-Lu|Leftovers|[from] move: Knock Off|[of] p1a: Tornadus
|
|upkeep
|turn|39
|
|t:|1760408132
|move|p1a: Tornadus|U-turn|p2a: Ting-Lu
|-supereffective|p2a: Ting-Lu
|-damage|p2a: Ting-Lu|65/100
|
|t:|1760408137
|switch|p1a: Incineroar|Incineroar, M|46/100|[from] U-turn
|-ability|p1a: Incineroar|Intimidate|boost
|-unboost|p2a: Ting-Lu|atk|1
|move|p2a: Ting-Lu|Ruination|p1a: Incineroar
|-damage|p1a: Incineroar|23/100
|
|upkeep
|turn|40
|
|t:|1760408145
|move|p1a: Incineroar|Parting Shot|p2a: Ting-Lu
|-unboost|p2a: Ting-Lu|atk|1
|-unboost|p2a: Ting-Lu|spa|1
|
|t:|1760408152
|switch|p1a: Ogerpon|Ogerpon-Wellspring, F|43/100|[from] Parting Shot
|move|p2a: Ting-Lu|Earthquake|p1a: Ogerpon
|-resisted|p1a: Ogerpon
|-damage|p1a: Ogerpon|30/100
|
|upkeep
|turn|41
|
|t:|1760408163
|switch|p2a: Dragonite|Dragonite, M|7/100
|move|p1a: Ogerpon|Horn Leech|p2a: Dragonite
|-resisted|p2a: Dragonite
|-damage|p2a: Dragonite|0 fnt
|-heal|p1a: Ogerpon|34/100|[from] drain|[of] p2a: Dragonite
|faint|p2a: Dragonite
|
|upkeep
|
|t:|1760408172
|switch|p2a: Dragapult|Dragapult, M|39/100
|-damage|p2a: Dragapult|26/100|[from] Stealth Rock
|turn|42
|
|t:|1760408186
|switch|p1a: Incineroar|Incineroar, M|23/100
|-ability|p1a: Incineroar|Intimidate|boost
|-unboost|p2a: Dragapult|atk|1
|move|p2a: Dragapult|U-turn|p1a: Incineroar
|-damage|p1a: Incineroar|15/100
|
|t:|1760408191
|switch|p2a: Great Tusk|Great Tusk|100/100|[from] U-turn
|-damage|p2a: Great Tusk|98/100|[from] Stealth Rock
|
|upkeep
|turn|43
|
|t:|1760408198
|switch|p1a: Gholdengo|Gholdengo|99/100
|move|p2a: Great Tusk|Rapid Spin|p1a: Gholdengo
|-immune|p1a: Gholdengo
|
|-heal|p1a: Gholdengo|100/100|[from] item: Leftovers
|upkeep
|turn|44
|
|t:|1760408211
|-terastallize|p2a: Great Tusk|Steel
|move|p2a: Great Tusk|Knock Off|p1a: Gholdengo
|-supereffective|p1a: Gholdengo
|-damage|p1a: Gholdengo|63/100
|-enditem|p1a: Gholdengo|Leftovers|[from] move: Knock Off|[of] p2a: Great Tusk
|move|p1a: Gholdengo|Make It Rain|p2a: Great Tusk
|-resisted|p2a: Great Tusk
|-damage|p2a: Great Tusk|65/100
|-unboost|p1a: Gholdengo|spa|1
|
|upkeep
|turn|45
|
|t:|1760408225
|switch|p1a: Tornadus|Tornadus-Therian, M|100/100
|move|p2a: Great Tusk|Headlong Rush|p1a: Tornadus
|-immune|p1a: Tornadus
|
|upkeep
|turn|46
|
|t:|1760408234
|-end|p2a: Great Tusk|Protosynthesis|[silent]
|switch|p2a: Slowking|Slowking-Galar, F|100/100
|move|p1a: Tornadus|Focus Blast|p2a: Slowking
|-resisted|p2a: Slowking
|-damage|p2a: Slowking|97/100
|
|upkeep
|turn|47
|
|t:|1760408241
|switch|p2a: Ting-Lu|Ting-Lu|65/100
|-damage|p2a: Ting-Lu|59/100|[from] Stealth Rock
|-ability|p2a: Ting-Lu|Vessel of Ruin
|move|p1a: Tornadus|Knock Off|p2a: Ting-Lu
|-resisted|p2a: Ting-Lu
|-damage|p2a: Ting-Lu|55/100
|
|upkeep
|turn|48
|
|t:|1760408264
|move|p1a: Tornadus|U-turn|p2a: Ting-Lu
|-supereffective|p2a: Ting-Lu
|-damage|p2a: Ting-Lu|38/100
|
|t:|1760408269
|switch|p1a: Ogerpon|Ogerpon-Wellspring, F|34/100|[from] U-turn
|move|p2a: Ting-Lu|Spikes|p1a: Ogerpon
|-sidestart|p1: MicrowaveHeart|Spikes
|
|upkeep
|turn|49
|inactive|MicrowaveHeart has 120 seconds left.
|
|t:|1760408291
|move|p1a: Ogerpon|Trailblaze|p2a: Ting-Lu
|-supereffective|p2a: Ting-Lu
|-damage|p2a: Ting-Lu|6/100
|-boost|p1a: Ogerpon|spe|1
|move|p2a: Ting-Lu|Whirlwind|p1a: Ogerpon
|drag|p1a: Gholdengo|Gholdengo|63/100
|-damage|p1a: Gholdengo|51/100|[from] Spikes
|
|upkeep
|turn|50
|
|t:|1760408299
|move|p1a: Gholdengo|Hex|p2a: Ting-Lu
|-resisted|p2a: Ting-Lu
|-damage|p2a: Ting-Lu|0 fnt
|faint|p2a: Ting-Lu
|
|upkeep
|l| theviolator3000
|
|t:|1760408303
|switch|p2a: Dragapult|Dragapult, M|26/100
|-damage|p2a: Dragapult|14/100|[from] Stealth Rock
|turn|51
|
|t:|1760408308
|switch|p1a: Tornadus|Tornadus-Therian, M|100/100
|move|p2a: Dragapult|Hex|p1a: Tornadus
|-damage|p1a: Tornadus|82/100
|
|upkeep
|turn|52
|
|t:|1760408315
|move|p2a: Dragapult|Dragon Darts|p1a: Tornadus
|-damage|p1a: Tornadus|52/100
|-anim|p2a: Dragapult|Dragon Darts|p1a: Tornadus
|-damage|p1a: Tornadus|24/100
|move|p1a: Tornadus|Knock Off|p2a: Dragapult
|-supereffective|p2a: Dragapult
|-damage|p2a: Dragapult|0 fnt
|faint|p2a: Dragapult
|
|upkeep
|
|t:|1760408324
|switch|p2a: Great Tusk|Great Tusk, tera:Steel|65/100
|-damage|p2a: Great Tusk|59/100|[from] Stealth Rock
|turn|53
|j| hokposuigongneng
|
|t:|1760408330
|move|p1a: Tornadus|Focus Blast|p2a: Great Tusk
|-supereffective|p2a: Great Tusk
|-damage|p2a: Great Tusk|0 fnt
|faint|p2a: Great Tusk
|-end|p2a: Great Tusk|Protosynthesis|[silent]
|
|upkeep
|-message|acezsz forfeited.
|
|win|MicrowaveHeart
|raw|MicrowaveHeart's rating: 1560 &rarr; <strong>1580</strong><br />(+20 for winning)
|raw|acezsz's rating: 1561 &rarr; <strong>1541</strong><br />(-20 for losing)
|l|‽acezsz
|player|p2|
|l|☆MicrowaveHeart
|player|p1|
