|j|☆OG SAMA THE LV DON
|j|☆ReinerBraune
|t:|1760328310
|gametype|singles
|player|p1|OG SAMA THE LV DON|brawly|1472
|player|p2|ReinerBraune|erika|1522
|gen|9
|tier|[Gen 9] OU
|rated|
|rule|HP Percentage Mod: HP is shown in percentages
|rule|Endless Battle Clause: Forcing endless battles is banned
|rule|Species Clause: Limit one of each Pokémon
|rule|OHKO Clause: OHKO moves are banned
|rule|Evasion Items Clause: Evasion items are banned
|rule|Evasion Moves Clause: Evasion moves are banned
|rule|Evasion Abilities Clause: Evasion abilities are banned
|rule|Sleep Moves Clause: Sleep-inducing moves are banned
|clearpoke
|poke|p1|Landorus-Therian, M|
|poke|p1|Pecharunt|
|poke|p1|Ogerpon-Wellspring, F|
|poke|p1|Kingambit, M|
|poke|p1|Zamazenta-*|
|poke|p1|Blaziken, F|
|poke|p2|Ogerpon-Cornerstone, F|
|poke|p2|Enamorus, F|
|poke|p2|Mandibuzz, F|
|poke|p2|Slowking-Galar, M|
|poke|p2|Cinderace, M|
|poke|p2|Rillaboom, F|
|teampreview
|inactive|Battle timer is ON: inactive players will automatically lose when time's up. (requested by OG SAMA THE LV DON)
|
|t:|1760328325
|teamsize|p1|6
|teamsize|p2|6
|start
|switch|p1a: Rocky III|Landorus-Therian, M|100/100
|switch|p2a: Enamorus|Enamorus, F|100/100
|-ability|p1a: Rocky III|Intimidate|boost
|-unboost|p2a: Enamorus|atk|1
|turn|1
|
|t:|1760328332
|move|p2a: Enamorus|Moonblast|p1a: Rocky III
|-damage|p1a: Rocky III|41/100
|move|p1a: Rocky III|Stealth Rock|p2a: Enamorus
|-sidestart|p2: ReinerBraune|move: Stealth Rock
|
|upkeep
|turn|2
|
|t:|1760328338
|switch|p1a: Poison Paradise|Pecharunt|100/100
|move|p2a: Enamorus|Moonblast|p1a: Poison Paradise
|-resisted|p1a: Poison Paradise
|-damage|p1a: Poison Paradise|75/100
|
|upkeep
|turn|3
|
|t:|1760328347
|switch|p2a: Slowking|Slowking-Galar, M|100/100
|-damage|p2a: Slowking|88/100|[from] Stealth Rock
|switch|p1a: Cry for Me…|Ogerpon-Wellspring, F|100/100
|
|upkeep
|turn|4
|
|t:|1760328354
|move|p1a: Cry for Me…|Ivy Cudgel|p2a: Slowking|[anim] Ivy Cudgel Water
|-damage|p2a: Slowking|38/100
|move|p2a: Slowking|Sludge Bomb|p1a: Cry for Me…
|-supereffective|p1a: Cry for Me…
|-damage|p1a: Cry for Me…|8/100
|
|upkeep
|turn|5
|
|t:|1760328361
|switch|p2a: Mandibuzz|Mandibuzz, F|100/100
|-damage|p2a: Mandibuzz|76/100|[from] Stealth Rock
|move|p1a: Cry for Me…|Ivy Cudgel|p2a: Mandibuzz|[anim] Ivy Cudgel Water
|-damage|p2a: Mandibuzz|41/100
|
|upkeep
|turn|6
|
|t:|1760328363
|move|p1a: Cry for Me…|Ivy Cudgel|p2a: Mandibuzz|[anim] Ivy Cudgel Water
|-damage|p2a: Mandibuzz|4/100
|move|p2a: Mandibuzz|Roost|p2a: Mandibuzz
|-heal|p2a: Mandibuzz|54/100
|-singleturn|p2a: Mandibuzz|move: Roost
|
|upkeep
|turn|7
|
|t:|1760328368
|move|p1a: Cry for Me…|Play Rough|p2a: Mandibuzz
|-supereffective|p2a: Mandibuzz
|-damage|p2a: Mandibuzz|12/100
|-damage|p1a: Cry for Me…|0 fnt|[from] item: Rocky Helmet|[of] p2a: Mandibuzz
|faint|p1a: Cry for Me…
|move|p2a: Mandibuzz|Roost|p2a: Mandibuzz
|-heal|p2a: Mandibuzz|62/100
|-singleturn|p2a: Mandibuzz|move: Roost
|
|upkeep
|
|t:|1760328377
|switch|p1a: Perfect Plan|Blaziken, F, shiny|100/100
|turn|8
|
|t:|1760328385
|move|p1a: Perfect Plan|Focus Energy|p1a: Perfect Plan
|-start|p1a: Perfect Plan|move: Focus Energy
|move|p2a: Mandibuzz|Defog|p1a: Perfect Plan
|-unboost|p1a: Perfect Plan|evasion|1
|-sideend|p2: ReinerBraune|Stealth Rock|[from] move: Defog|[of] p2a: Mandibuzz
|
|-ability|p1a: Perfect Plan|Speed Boost|boost
|-boost|p1a: Perfect Plan|spe|1
|upkeep
|turn|9
|
|t:|1760328394
|move|p1a: Perfect Plan|Overheat|p2a: Mandibuzz
|-crit|p2a: Mandibuzz
|-damage|p2a: Mandibuzz|0 fnt
|-unboost|p1a: Perfect Plan|spa|2
|faint|p2a: Mandibuzz
|
|-ability|p1a: Perfect Plan|Speed Boost|boost
|-boost|p1a: Perfect Plan|spe|1
|upkeep
|
|t:|1760328401
|switch|p2a: Ogerpon|Ogerpon-Cornerstone, F|100/100
|turn|10
|
|t:|1760328404
|move|p1a: Perfect Plan|Overheat|p2a: Ogerpon
|-crit|p2a: Ogerpon
|-ability|p2a: Ogerpon|Sturdy
|-damage|p2a: Ogerpon|1/100
|-unboost|p1a: Perfect Plan|spa|2
|move|p2a: Ogerpon|Ivy Cudgel|p1a: Perfect Plan|[anim] Ivy Cudgel Rock
|-damage|p1a: Perfect Plan|4/100
|
|-ability|p1a: Perfect Plan|Speed Boost|boost
|-boost|p1a: Perfect Plan|spe|1
|upkeep
|turn|11
|
|t:|1760328415
|move|p1a: Perfect Plan|Overheat|p2a: Ogerpon
|-crit|p2a: Ogerpon
|-damage|p2a: Ogerpon|0 fnt
|-unboost|p1a: Perfect Plan|spa|2
|faint|p2a: Ogerpon
|
|-ability|p1a: Perfect Plan|Speed Boost|boost
|-boost|p1a: Perfect Plan|spe|1
|upkeep
|
|t:|1760328416
|switch|p2a: Rillaboom|Rillaboom, F|100/100
|-fieldstart|move: Grassy Terrain|[from] ability: Grassy Surge|[of] p2a: Rillaboom
|turn|12
|
|t:|1760328418
|move|p1a: Perfect Plan|Protect|p1a: Perfect Plan
|-singleturn|p1a: Perfect Plan|Protect
|move|p2a: Rillaboom|Grassy Glide|p1a: Perfect Plan
|-activate|p1a: Perfect Plan|move: Protect
|
|-heal|p1a: Perfect Plan|10/100|[from] Grassy Terrain
|-ability|p1a: Perfect Plan|Speed Boost|boost
|-boost|p1a: Perfect Plan|spe|1
|upkeep
|turn|13
|
|t:|1760328426
|switch|p1a: Poison Paradise|Pecharunt|75/100
|move|p2a: Rillaboom|Grassy Glide|p1a: Poison Paradise
|-resisted|p1a: Poison Paradise
|-damage|p1a: Poison Paradise|64/100
|
|-heal|p1a: Poison Paradise|70/100|[from] Grassy Terrain
|upkeep
|turn|14
|
|t:|1760328430
|move|p1a: Poison Paradise|Parting Shot|p2a: Rillaboom
|-unboost|p2a: Rillaboom|atk|1
|-unboost|p2a: Rillaboom|spa|1
|
|t:|1760328432
|switch|p1a: Rocky III|Landorus-Therian, M|41/100|[from] Parting Shot
|-ability|p1a: Rocky III|Intimidate|boost
|-unboost|p2a: Rillaboom|atk|1
|move|p2a: Rillaboom|Knock Off|p1a: Rocky III
|-damage|p1a: Rocky III|28/100
|-damage|p2a: Rillaboom|84/100|[from] item: Rocky Helmet|[of] p1a: Rocky III
|-enditem|p1a: Rocky III|Rocky Helmet|[from] move: Knock Off|[of] p2a: Rillaboom
|
|-heal|p2a: Rillaboom|90/100|[from] Grassy Terrain
|upkeep
|turn|15
|
|t:|1760328436
|move|p2a: Rillaboom|U-turn|p1a: Rocky III
|-resisted|p1a: Rocky III
|-damage|p1a: Rocky III|22/100
|
|t:|1760328438
|switch|p2a: Cinderace|Cinderace, M|100/100|[from] U-turn
|move|p1a: Rocky III|U-turn|p2a: Cinderace
|-resisted|p2a: Cinderace
|-damage|p2a: Cinderace|88/100
|
|t:|1760328443
|switch|p1a: Poison Paradise|Pecharunt|70/100|[from] U-turn
|
|-heal|p2a: Cinderace|94/100|[from] Grassy Terrain
|-heal|p1a: Poison Paradise|76/100|[from] Grassy Terrain
|upkeep
|turn|16
|
|t:|1760328447
|move|p2a: Cinderace|U-turn|p1a: Poison Paradise
|-resisted|p1a: Poison Paradise
|-crit|p1a: Poison Paradise
|-damage|p1a: Poison Paradise|72/100
|
|t:|1760328449
|switch|p2a: Slowking|Slowking-Galar, M|71/100|[from] U-turn
|move|p1a: Poison Paradise|Parting Shot|p2a: Slowking
|-unboost|p2a: Slowking|atk|1
|-unboost|p2a: Slowking|spa|1
|
|t:|1760328453
|switch|p1a: Rocky III|Landorus-Therian, M|22/100|[from] Parting Shot
|-ability|p1a: Rocky III|Intimidate|boost
|-unboost|p2a: Slowking|atk|1
|
|-heal|p2a: Slowking|78/100|[from] Grassy Terrain
|upkeep
|turn|17
|
|t:|1760328459
|move|p1a: Rocky III|U-turn|p2a: Slowking
|-damage|p2a: Slowking|60/100
|
|t:|1760328461
|switch|p1a: Nakamura|Kingambit, M, shiny|100/100|[from] U-turn
|-activate|p1a: Nakamura|ability: Supreme Overlord
|-start|p1a: Nakamura|fallen1|[silent]
|move|p2a: Slowking|Surf|p1a: Nakamura
|-damage|p1a: Nakamura|83/100
|
|-heal|p1a: Nakamura|89/100|[from] Grassy Terrain
|-heal|p1a: Nakamura|95/100|[from] item: Leftovers
|-heal|p2a: Slowking|66/100|[from] Grassy Terrain
|upkeep
|turn|18
|
|t:|1760328469
|switch|p2a: Cinderace|Cinderace, M|94/100
|move|p1a: Nakamura|Swords Dance|p1a: Nakamura
|-boost|p1a: Nakamura|atk|2
|
|-heal|p2a: Cinderace|100/100|[from] Grassy Terrain
|-heal|p1a: Nakamura|100/100|[from] Grassy Terrain
|upkeep
|turn|19
|
|t:|1760328472
|-terastallize|p1a: Nakamura|Fire
|move|p2a: Cinderace|Will-O-Wisp|p1a: Nakamura|[miss]
|-miss|p2a: Cinderace|p1a: Nakamura
|move|p1a: Nakamura|Kowtow Cleave|p2a: Cinderace
|-damage|p2a: Cinderace|0 fnt
|faint|p2a: Cinderace
|
|-fieldend|move: Grassy Terrain
|upkeep
|
|t:|1760328478
|switch|p2a: Enamorus|Enamorus, F|100/100
|turn|20
|
|t:|1760328485
|-end|p1a: Nakamura|fallen1|[silent]
|switch|p1a: Rocky III|Landorus-Therian, M|22/100
|-ability|p1a: Rocky III|Intimidate|boost
|-unboost|p2a: Enamorus|atk|1
|move|p2a: Enamorus|Earth Power|p1a: Rocky III
|-immune|p1a: Rocky III
|
|upkeep
|turn|21
|
|t:|1760328488
|move|p2a: Enamorus|Moonblast|p1a: Rocky III
|-damage|p1a: Rocky III|0 fnt
|faint|p1a: Rocky III
|
|upkeep
|
|t:|1760328492
|switch|p1a: Joe Alt|Zamazenta, shiny|100/100
|-ability|p1a: Joe Alt|Dauntless Shield|boost
|-boost|p1a: Joe Alt|def|1
|turn|22
|
|t:|1760328498
|move|p1a: Joe Alt|Heavy Slam|p2a: Enamorus
|-supereffective|p2a: Enamorus
|-damage|p2a: Enamorus|3/100
|-enditem|p2a: Enamorus|Salac Berry|[eat]
|-boost|p2a: Enamorus|spe|1|[from] item: Salac Berry
|move|p2a: Enamorus|Moonblast|p1a: Joe Alt
|-supereffective|p1a: Joe Alt
|-damage|p1a: Joe Alt|37/100
|
|upkeep
|turn|23
|
|t:|1760328508
|switch|p1a: Perfect Plan|Blaziken, F, shiny|10/100
|move|p2a: Enamorus|Moonblast|p1a: Perfect Plan
|-damage|p1a: Perfect Plan|0 fnt
|faint|p1a: Perfect Plan
|
|upkeep
|
|t:|1760328510
|switch|p1a: Nakamura|Kingambit, M, shiny, tera:Fire|100/100
|-activate|p1a: Nakamura|ability: Supreme Overlord
|-start|p1a: Nakamura|fallen3|[silent]
|turn|24
|
|t:|1760328513
|move|p1a: Nakamura|Sucker Punch|p2a: Enamorus
|-resisted|p2a: Enamorus
|-damage|p2a: Enamorus|0 fnt
|faint|p2a: Enamorus
|
|upkeep
|
|t:|1760328524
|switch|p2a: Rillaboom|Rillaboom, F|90/100
|-fieldstart|move: Grassy Terrain|[from] ability: Grassy Surge|[of] p2a: Rillaboom
|turn|25
|
|t:|1760328530
|-end|p1a: Nakamura|fallen3|[silent]
|switch|p1a: Poison Paradise|Pecharunt|72/100
|move|p2a: Rillaboom|Knock Off|p1a: Poison Paradise
|-supereffective|p1a: Poison Paradise
|-damage|p1a: Poison Paradise|31/100
|-enditem|p1a: Poison Paradise|Heavy-Duty Boots|[from] move: Knock Off|[of] p2a: Rillaboom
|
|-heal|p1a: Poison Paradise|37/100|[from] Grassy Terrain
|-heal|p2a: Rillaboom|96/100|[from] Grassy Terrain
|upkeep
|turn|26
|
|t:|1760328539
|move|p1a: Poison Paradise|Recover|p1a: Poison Paradise
|-heal|p1a: Poison Paradise|87/100
|move|p2a: Rillaboom|Knock Off|p1a: Poison Paradise
|-supereffective|p1a: Poison Paradise
|-damage|p1a: Poison Paradise|59/100
|
|-heal|p1a: Poison Paradise|65/100|[from] Grassy Terrain
|-heal|p2a: Rillaboom|100/100|[from] Grassy Terrain
|upkeep
|turn|27
|
|t:|1760328542
|move|p1a: Poison Paradise|Recover|p1a: Poison Paradise
|-heal|p1a: Poison Paradise|100/100
|move|p2a: Rillaboom|U-turn|p1a: Poison Paradise
|-resisted|p1a: Poison Paradise
|-damage|p1a: Poison Paradise|97/100
|
|t:|1760328544
|switch|p2a: Slowking|Slowking-Galar, M|99/100|[from] U-turn
|
|-heal|p1a: Poison Paradise|100/100|[from] Grassy Terrain
|-heal|p2a: Slowking|100/100|[from] Grassy Terrain
|upkeep
|turn|28
|
|t:|1760328546
|move|p1a: Poison Paradise|Parting Shot|p2a: Slowking
|-unboost|p2a: Slowking|atk|1
|-unboost|p2a: Slowking|spa|1
|
|t:|1760328547
|switch|p1a: Joe Alt|Zamazenta, shiny|37/100|[from] Parting Shot
|move|p2a: Slowking|Future Sight|p1a: Joe Alt
|-start|p2a: Slowking|move: Future Sight
|
|-heal|p1a: Joe Alt|43/100|[from] Grassy Terrain
|upkeep
|turn|29
|
|t:|1760328555
|move|p1a: Joe Alt|Crunch|p2a: Slowking
|-supereffective|p2a: Slowking
|-damage|p2a: Slowking|54/100
|move|p2a: Slowking|Sludge Bomb|p1a: Joe Alt
|-crit|p1a: Joe Alt
|-damage|p1a: Joe Alt|8/100
|
|-heal|p1a: Joe Alt|14/100|[from] Grassy Terrain
|-heal|p2a: Slowking|60/100|[from] Grassy Terrain
|upkeep
|turn|30
|
|t:|1760328557
|switch|p2a: Rillaboom|Rillaboom, F|100/100
|move|p1a: Joe Alt|Crunch|p2a: Rillaboom
|-damage|p2a: Rillaboom|71/100
|
|-end|p1a: Joe Alt|move: Future Sight
|-supereffective|p1a: Joe Alt
|-damage|p1a: Joe Alt|0 fnt
|faint|p1a: Joe Alt
|-heal|p2a: Rillaboom|77/100|[from] Grassy Terrain
|upkeep
|
|t:|1760328560
|switch|p1a: Nakamura|Kingambit, M, shiny, tera:Fire|100/100
|-activate|p1a: Nakamura|ability: Supreme Overlord
|-start|p1a: Nakamura|fallen4|[silent]
|turn|31
|
|t:|1760328564
|move|p2a: Rillaboom|U-turn|p1a: Nakamura
|-resisted|p1a: Nakamura
|-damage|p1a: Nakamura|91/100
|
|t:|1760328566
|switch|p2a: Slowking|Slowking-Galar, M|94/100|[from] U-turn
|move|p1a: Nakamura|Swords Dance|p1a: Nakamura
|-boost|p1a: Nakamura|atk|2
|
|-heal|p1a: Nakamura|97/100|[from] Grassy Terrain
|-heal|p1a: Nakamura|100/100|[from] item: Leftovers
|-heal|p2a: Slowking|99/100|[from] Grassy Terrain
|upkeep
|turn|32
|
|t:|1760328568
|-terastallize|p2a: Slowking|Water
|move|p1a: Nakamura|Sucker Punch|p2a: Slowking
|-damage|p2a: Slowking|0 fnt
|faint|p2a: Slowking
|
|-fieldend|move: Grassy Terrain
|upkeep
|-message|ReinerBraune forfeited.
|
|win|OG SAMA THE LV DON
|raw|OG SAMA THE LV DON's rating: 1472 &rarr; <strong>1495</strong><br />(+23 for winning)
|raw|ReinerBraune's rating: 1522 &rarr; <strong>1499</strong><br />(-23 for losing)
|l|☆ReinerBraune
|player|p2|
|l|☆OG SAMA THE LV DON
|player|p1|
