|j|☆Grem1234567
|j|☆bxjjne c
|t:|1760441724
|gametype|singles
|player|p1|Grem1234567|2|1253
|player|p2|bxjjne c|1|1197
|gen|9
|tier|[Gen 9] OU
|rated|
|rule|HP Percentage Mod: HP is shown in percentages
|rule|Endless Battle Clause: Forcing endless battles is banned
|rule|Species Clause: Limit one of each Pokémon
|rule|OHKO Clause: OHKO moves are banned
|rule|Evasion Items Clause: Evasion items are banned
|rule|Evasion Moves Clause: Evasion moves are banned
|rule|Evasion Abilities Clause: Evasion abilities are banned
|rule|Sleep Moves Clause: Sleep-inducing moves are banned
|clearpoke
|poke|p1|Pecharunt|
|poke|p1|Zapdos|
|poke|p1|Araquanid, F|
|poke|p1|Ogerpon-Wellspring, F|
|poke|p1|Iron Treads|
|poke|p1|Cinderace, M|
|poke|p2|Kyurem|
|poke|p2|Corviknight, F|
|poke|p2|Heatran, M|
|poke|p2|Blissey, F|
|poke|p2|Great Tusk|
|poke|p2|Gliscor, M|
|teampreview
|inactive|Battle timer is ON: inactive players will automatically lose when time's up. (requested by bxjjne c)
|
|t:|1760441734
|teamsize|p1|6
|teamsize|p2|6
|start
|switch|p1a: Iron Treads|Iron Treads|100/100
|switch|p2a: Kyurem|Kyurem|100/100
|-ability|p2a: Kyurem|Pressure
|turn|1
|
|t:|1760441739
|move|p1a: Iron Treads|Knock Off|p2a: Kyurem
|-damage|p2a: Kyurem|76/100
|-enditem|p2a: Kyurem|Leftovers|[from] move: Knock Off|[of] p1a: Iron Treads
|move|p2a: Kyurem|Earth Power|p1a: Iron Treads
|-supereffective|p1a: Iron Treads
|-damage|p1a: Iron Treads|0 fnt
|faint|p1a: Iron Treads
|-end|p1a: Iron Treads|Quark Drive|[silent]
|
|upkeep
|
|t:|1760441743
|switch|p1a: Cinderace|Cinderace, M|100/100
|turn|2
|
|t:|1760441751
|switch|p2a: Blissey|Blissey, F|100/100
|move|p1a: Cinderace|High Jump Kick|p2a: Blissey
|-start|p1a: Cinderace|typechange|Fighting|[from] ability: Libero
|-supereffective|p2a: Blissey
|-damage|p2a: Blissey|0 fnt
|faint|p2a: Blissey
|-damage|p1a: Cinderace|91/100|[from] item: Life Orb
|
|upkeep
|
|t:|1760441759
|switch|p2a: Corviknight|Corviknight, F|100/100
|turn|3
|
|t:|1760441763
|switch|p1a: Zapdos|Zapdos|100/100
|move|p2a: Corviknight|Bulk Up|p2a: Corviknight
|-boost|p2a: Corviknight|atk|1
|-boost|p2a: Corviknight|def|1
|
|upkeep
|turn|4
|
|t:|1760441768
|switch|p2a: Heatran|Heatran, M|100/100
|move|p1a: Zapdos|Discharge|p2a: Heatran
|-damage|p2a: Heatran|75/100
|-status|p2a: Heatran|par
|
|upkeep
|turn|5
|
|t:|1760441773
|move|p1a: Zapdos|Volt Switch|p2a: Heatran
|-damage|p2a: Heatran|53/100 par
|
|t:|1760441775
|switch|p1a: Araquanid|Araquanid, F|100/100|[from] Volt Switch
|move|p2a: Heatran|Ancient Power|p1a: Araquanid
|-supereffective|p1a: Araquanid
|-damage|p1a: Araquanid|66/100
|
|upkeep
|turn|6
|
|t:|1760441783
|move|p1a: Araquanid|Sticky Web|p2a: Heatran
|-sidestart|p2: bxjjne c|move: Sticky Web
|move|p2a: Heatran|Ancient Power|p1a: Araquanid
|-supereffective|p1a: Araquanid
|-damage|p1a: Araquanid|30/100
|
|upkeep
|turn|7
|
|t:|1760441789
|move|p1a: Araquanid|Liquidation|p2a: Heatran
|-supereffective|p2a: Heatran
|-damage|p2a: Heatran|0 fnt
|faint|p2a: Heatran
|
|upkeep
|
|t:|1760441792
|switch|p2a: Great Tusk|Great Tusk|100/100
|-activate|p2a: Great Tusk|move: Sticky Web
|-unboost|p2a: Great Tusk|spe|1
|turn|8
|
|t:|1760441799
|move|p2a: Great Tusk|Rapid Spin|p1a: Araquanid
|-damage|p1a: Araquanid|13/100
|-boost|p2a: Great Tusk|spe|1
|-sideend|p2: bxjjne c|Sticky Web|[from] move: Rapid Spin|[of] p2a: Great Tusk
|move|p1a: Araquanid|Liquidation|p2a: Great Tusk
|-supereffective|p2a: Great Tusk
|-damage|p2a: Great Tusk|0 fnt
|faint|p2a: Great Tusk
|-end|p2a: Great Tusk|Protosynthesis|[silent]
|
|upkeep
|
|t:|1760441808
|switch|p2a: Kyurem|Kyurem|76/100
|-ability|p2a: Kyurem|Pressure
|turn|9
|-enditem|p1a: Araquanid|Custap Berry|[eat]
|-activate|p1a: Araquanid|item: Custap Berry|[consumed]
|
|t:|1760441811
|move|p1a: Araquanid|Sticky Web|p2a: Kyurem
|-sidestart|p2: bxjjne c|move: Sticky Web
|move|p2a: Kyurem|Freeze-Dry|p1a: Araquanid
|-supereffective|p1a: Araquanid
|-damage|p1a: Araquanid|0 fnt
|faint|p1a: Araquanid
|
|upkeep
|
|t:|1760441817
|switch|p1a: Cinderace|Cinderace, M|91/100
|turn|10
|
|t:|1760441823
|-terastallize|p2a: Kyurem|Ghost
|move|p1a: Cinderace|Pyro Ball|p2a: Kyurem
|-damage|p2a: Kyurem|0 fnt
|faint|p2a: Kyurem
|-damage|p1a: Cinderace|81/100|[from] item: Life Orb
|
|upkeep
|
|t:|1760441831
|switch|p2a: Gliscor|Gliscor, M|100/100
|turn|11
|
|t:|1760441838
|move|p1a: Cinderace|Pyro Ball|p2a: Gliscor
|-damage|p2a: Gliscor|50/100
|-damage|p1a: Cinderace|71/100|[from] item: Life Orb
|move|p2a: Gliscor|Swords Dance|p2a: Gliscor
|-boost|p2a: Gliscor|atk|2
|
|-status|p2a: Gliscor|tox|[from] item: Toxic Orb
|upkeep
|turn|12
|
|t:|1760441846
|move|p1a: Cinderace|Pyro Ball|p2a: Gliscor
|-damage|p2a: Gliscor|0 fnt
|faint|p2a: Gliscor
|-damage|p1a: Cinderace|61/100|[from] item: Life Orb
|
|upkeep
|
|t:|1760441848
|switch|p2a: Corviknight|Corviknight, F|100/100
|turn|13
|
|t:|1760441850
|move|p1a: Cinderace|Pyro Ball|p2a: Corviknight|[miss]
|-miss|p1a: Cinderace|p2a: Corviknight
|move|p2a: Corviknight|Bulk Up|p2a: Corviknight
|-boost|p2a: Corviknight|atk|1
|-boost|p2a: Corviknight|def|1
|
|upkeep
|turn|14
|
|t:|1760441852
|move|p1a: Cinderace|Pyro Ball|p2a: Corviknight
|-supereffective|p2a: Corviknight
|-damage|p2a: Corviknight|20/100
|-damage|p1a: Cinderace|51/100|[from] item: Life Orb
|move|p2a: Corviknight|Bulk Up|p2a: Corviknight
|-boost|p2a: Corviknight|atk|1
|-boost|p2a: Corviknight|def|1
|
|upkeep
|turn|15
|
|t:|1760441856
|move|p1a: Cinderace|Pyro Ball|p2a: Corviknight
|-supereffective|p2a: Corviknight
|-damage|p2a: Corviknight|0 fnt
|faint|p2a: Corviknight
|-damage|p1a: Cinderace|41/100|[from] item: Life Orb
|
|win|Grem1234567
|raw|Grem1234567's rating: 1253 &rarr; <strong>1274</strong><br />(+21 for winning)
|raw|bxjjne c's rating: 1197 &rarr; <strong>1176</strong><br />(-21 for losing)
|l|☆bxjjne c
|player|p2|
