|j|☆teamskullenoxa
|j|☆sly_skip
|t:|1760300299
|gametype|singles
|player|p1|teamskullenoxa|170|1751
|player|p2|sly_skip|102|1714
|gen|9
|tier|[Gen 9] OU
|rated|
|rule|HP Percentage Mod: HP is shown in percentages
|rule|Endless Battle Clause: Forcing endless battles is banned
|rule|Species Clause: Limit one of each Pokémon
|rule|OHKO Clause: OHKO moves are banned
|rule|Evasion Items Clause: Evasion items are banned
|rule|Evasion Moves Clause: Evasion moves are banned
|rule|Evasion Abilities Clause: Evasion abilities are banned
|rule|Sleep Moves Clause: Sleep-inducing moves are banned
|clearpoke
|poke|p1|Lokix, M|
|poke|p1|Slowking-Galar, F|
|poke|p1|Weavile, M|
|poke|p1|Enamorus, F|
|poke|p1|Alomomola, F|
|poke|p1|Cinderace, M|
|poke|p2|Ninetales-Alola, F|
|poke|p2|Dragonite, M|
|poke|p2|Ogerpon-Wellspring, F|
|poke|p2|Iron Moth|
|poke|p2|Great Tusk|
|poke|p2|Darkrai|
|teampreview
|inactive|Battle timer is ON: inactive players will automatically lose when time's up. (requested by sly_skip)
|
|t:|1760300324
|teamsize|p1|6
|teamsize|p2|6
|start
|switch|p1a: Slowking|Slowking-Galar, F|100/100
|switch|p2a: Darkrai|Darkrai|100/100
|turn|1
|
|t:|1760300336
|switch|p1a: Alomomola|Alomomola, F|100/100
|move|p2a: Darkrai|Nasty Plot|p2a: Darkrai
|-boost|p2a: Darkrai|spa|2
|
|upkeep
|turn|2
|
|t:|1760300341
|move|p2a: Darkrai|Dark Pulse|p1a: Alomomola
|-damage|p1a: Alomomola|58/100
|move|p1a: Alomomola|Flip Turn|p2a: Darkrai
|-damage|p2a: Darkrai|77/100
|
|t:|1760300343
|switch|p1a: Lokix|Lokix, M|100/100|[from] Flip Turn
|
|upkeep
|turn|3
|
|t:|1760300355
|switch|p2a: Iron Moth|Iron Moth|100/100
|-enditem|p2a: Iron Moth|Booster Energy
|-activate|p2a: Iron Moth|ability: Quark Drive|[fromitem]
|-start|p2a: Iron Moth|quarkdrivespa
|move|p1a: Lokix|First Impression|p2a: Iron Moth
|-resisted|p2a: Iron Moth
|-damage|p2a: Iron Moth|59/100
|
|upkeep
|turn|4
|
|t:|1760300372
|-end|p2a: Iron Moth|Quark Drive|[silent]
|switch|p2a: Ogerpon|Ogerpon-Wellspring, F|100/100
|switch|p1a: Alomomola|Alomomola, F|91/100
|
|upkeep
|turn|5
|
|t:|1760300376
|switch|p1a: Slowking|Slowking-Galar, F|100/100
|move|p2a: Ogerpon|Swords Dance|p2a: Ogerpon
|-boost|p2a: Ogerpon|atk|2
|
|upkeep
|turn|6
|
|t:|1760300383
|-terastallize|p2a: Ogerpon|Water
|detailschange|p2a: Ogerpon|Ogerpon-Wellspring-Tera, F, tera:Water
|-ability|p2a: Ogerpon|Embody Aspect (Wellspring)|boost
|-boost|p2a: Ogerpon|spd|1
|move|p2a: Ogerpon|Ivy Cudgel|p1a: Slowking|[anim] Ivy Cudgel Water
|-damage|p1a: Slowking|0 fnt
|faint|p1a: Slowking
|
|upkeep
|
|t:|1760300392
|switch|p1a: Cinderace|Cinderace, M|100/100
|turn|7
|
|t:|1760300398
|move|p1a: Cinderace|High Jump Kick|p2a: Ogerpon|[miss]
|-miss|p1a: Cinderace|p2a: Ogerpon
|-damage|p1a: Cinderace|51/100|[from] highjumpkick
|move|p2a: Ogerpon|Ivy Cudgel|p1a: Cinderace|[anim] Ivy Cudgel Water
|-supereffective|p1a: Cinderace
|-damage|p1a: Cinderace|0 fnt
|faint|p1a: Cinderace
|
|upkeep
|inactive|teamskullenoxa has 120 seconds left.
|
|t:|1760300435
|switch|p1a: Weavile|Weavile, M|100/100
|-ability|p1a: Weavile|Pressure
|turn|8
|
|t:|1760300442
|move|p1a: Weavile|Knock Off|p2a: Ogerpon
|-damage|p2a: Ogerpon|41/100
|move|p2a: Ogerpon|Ivy Cudgel|p1a: Weavile|[anim] Ivy Cudgel Water
|-damage|p1a: Weavile|0 fnt
|faint|p1a: Weavile
|
|upkeep
|
|t:|1760300451
|switch|p1a: Enamorus|Enamorus, F|100/100
|turn|9
|
|t:|1760300457
|-terastallize|p1a: Enamorus|Stellar
|move|p1a: Enamorus|Tera Blast|p2a: Ogerpon|[anim] Tera Blast Stellar
|-supereffective|p2a: Ogerpon
|-damage|p2a: Ogerpon|0 fnt
|-boost|p1a: Enamorus|atk|1
|-boost|p1a: Enamorus|spa|1
|faint|p2a: Ogerpon
|detailschange|p2: Ogerpon|Ogerpon-Wellspring, F|[silent]
|
|upkeep
|
|t:|1760300474
|switch|p2a: Ninetales|Ninetales-Alola, F|100/100
|-weather|Snowscape|[from] ability: Snow Warning|[of] p2a: Ninetales
|turn|10
|j| RagingBoltLover
|
|t:|1760300493
|move|p1a: Enamorus|Tera Blast|p2a: Ninetales|[anim] Tera Blast Stellar
|-damage|p2a: Ninetales|42/100
|-boost|p1a: Enamorus|atk|1
|-boost|p1a: Enamorus|spa|1
|move|p2a: Ninetales|Freeze-Dry|p1a: Enamorus
|-supereffective|p1a: Enamorus
|-damage|p1a: Enamorus|38/100
|
|-weather|Snowscape|[upkeep]
|upkeep
|turn|11
|
|t:|1760300506
|switch|p2a: Darkrai|Darkrai|77/100
|move|p1a: Enamorus|Tera Blast|p2a: Darkrai|[anim] Tera Blast Stellar
|-damage|p2a: Darkrai|0 fnt
|-boost|p1a: Enamorus|atk|1
|-boost|p1a: Enamorus|spa|1
|faint|p2a: Darkrai
|
|-weather|Snowscape|[upkeep]
|upkeep
|
|t:|1760300508
|switch|p2a: Dragonite|Dragonite, M|100/100
|turn|12
|
|t:|1760300512
|switch|p1a: Alomomola|Alomomola, F|100/100
|move|p2a: Dragonite|Extreme Speed|p1a: Alomomola
|-damage|p1a: Alomomola|77/100
|
|-weather|Snowscape|[upkeep]
|upkeep
|turn|13
|
|t:|1760300527
|move|p2a: Dragonite|Dragon Dance|p2a: Dragonite
|-boost|p2a: Dragonite|atk|1
|-boost|p2a: Dragonite|spe|1
|move|p1a: Alomomola|Body Slam|p2a: Dragonite
|-damage|p2a: Dragonite|92/100
|
|-weather|Snowscape|[upkeep]
|upkeep
|turn|14
|
|t:|1760300547
|move|p2a: Dragonite|Dragon Dance|p2a: Dragonite
|-boost|p2a: Dragonite|atk|1
|-boost|p2a: Dragonite|spe|1
|move|p1a: Alomomola|Body Slam|p2a: Dragonite
|-damage|p2a: Dragonite|74/100
|-status|p2a: Dragonite|par
|
|-weather|none
|upkeep
|turn|15
|
|t:|1760300551
|move|p2a: Dragonite|Extreme Speed|p1a: Alomomola
|-damage|p1a: Alomomola|33/100
|move|p1a: Alomomola|Flip Turn|p2a: Dragonite
|-resisted|p2a: Dragonite
|-damage|p2a: Dragonite|66/100 par
|
|t:|1760300577
|switch|p1a: Lokix|Lokix, M|100/100|[from] Flip Turn
|
|upkeep
|turn|16
|
|t:|1760300581
|move|p2a: Dragonite|Extreme Speed|p1a: Lokix
|-damage|p1a: Lokix|22/100
|move|p1a: Lokix|First Impression|p2a: Dragonite
|-resisted|p2a: Dragonite
|-damage|p2a: Dragonite|10/100 par
|
|upkeep
|turn|17
|
|t:|1760300594
|switch|p1a: Alomomola|Alomomola, F|66/100
|move|p2a: Dragonite|Extreme Speed|p1a: Alomomola
|-damage|p1a: Alomomola|19/100
|
|upkeep
|turn|18
|
|t:|1760300601
|move|p2a: Dragonite|Extreme Speed|p1a: Alomomola
|-damage|p1a: Alomomola|0 fnt
|faint|p1a: Alomomola
|
|upkeep
|
|t:|1760300612
|switch|p1a: Enamorus|Enamorus, F, tera:Stellar|38/100
|turn|19
|
|t:|1760300615
|move|p2a: Dragonite|Extreme Speed|p1a: Enamorus
|-damage|p1a: Enamorus|0 fnt
|faint|p1a: Enamorus
|
|upkeep
|
|t:|1760300617
|switch|p1a: Lokix|Lokix, M|22/100
|turn|20
|
|t:|1760300619
|move|p2a: Dragonite|Extreme Speed|p1a: Lokix
|-damage|p1a: Lokix|0 fnt
|faint|p1a: Lokix
|
|win|sly_skip
|raw|teamskullenoxa's rating: 1751 &rarr; <strong>1729</strong><br />(-22 for losing)
|raw|sly_skip's rating: 1714 &rarr; <strong>1736</strong><br />(+22 for winning)
|l|☆teamskullenoxa
|player|p1|
|l|☆sly_skip
|player|p2|
