|j|☆Tusia88
|j|☆kok puncher
|t:|1760435181
|gametype|singles
|player|p1|Tusia88|1|1546
|player|p2|kok puncher|blackbelt|1504
|gen|9
|tier|[Gen 9] OU
|rated|
|rule|HP Percentage Mod: HP is shown in percentages
|rule|Endless Battle Clause: Forcing endless battles is banned
|rule|Species Clause: Limit one of each Pokémon
|rule|OHKO Clause: OHKO moves are banned
|rule|Evasion Items Clause: Evasion items are banned
|rule|Evasion Moves Clause: Evasion moves are banned
|rule|Evasion Abilities Clause: Evasion abilities are banned
|rule|Sleep Moves Clause: Sleep-inducing moves are banned
|clearpoke
|poke|p1|Ninetales, M|
|poke|p1|Dragonite, F|
|poke|p1|Cinderace, F|
|poke|p1|Walking Wake|
|poke|p1|Cresselia, F|
|poke|p1|Great Tusk|
|poke|p2|Deoxys-Speed|
|poke|p2|Hoopa-Unbound|
|poke|p2|Manaphy|
|poke|p2|Iron Valiant|
|poke|p2|Ursaluna, M|
|poke|p2|Cinderace, M|
|teampreview
|inactive|Battle timer is ON: inactive players will automatically lose when time's up. (requested by kok puncher)
|
|t:|1760435186
|teamsize|p1|6
|teamsize|p2|6
|start
|switch|p1a: Cinderace|Cinderace, F|100/100
|switch|p2a: Deoxys|Deoxys-Speed|100/100
|-ability|p2a: Deoxys|Pressure
|turn|1
|
|t:|1760435193
|move|p1a: Cinderace|U-turn|p2a: Deoxys
|-start|p1a: Cinderace|typechange|Bug|[from] ability: Libero
|-supereffective|p2a: Deoxys
|-damage|p2a: Deoxys|13/100
|
|t:|1760435197
|switch|p1a: Cresselia|Cresselia, F|100/100|[from] U-turn
|move|p2a: Deoxys|Reflect|p2a: Deoxys
|-sidestart|p2: kok puncher|Reflect
|
|upkeep
|turn|2
|
|t:|1760435205
|move|p2a: Deoxys|Light Screen|p2a: Deoxys
|-sidestart|p2: kok puncher|move: Light Screen
|move|p1a: Cresselia|Thunder Wave|p2a: Deoxys
|-status|p2a: Deoxys|par
|
|upkeep
|turn|3
|
|t:|1760435211
|switch|p2a: Ursaluna|Ursaluna, M|100/100
|move|p1a: Cresselia|Ice Beam|p2a: Ursaluna
|-supereffective|p2a: Ursaluna
|-damage|p2a: Ursaluna|86/100
|-status|p2a: Ursaluna|frz
|
|upkeep
|turn|4
|
|t:|1760435220
|move|p1a: Cresselia|Thunder Wave|p2a: Ursaluna
|-immune|p2a: Ursaluna
|cant|p2a: Ursaluna|frz
|
|upkeep
|turn|5
|
|t:|1760435225
|move|p1a: Cresselia|Ice Beam|p2a: Ursaluna
|-supereffective|p2a: Ursaluna
|-damage|p2a: Ursaluna|73/100 frz
|cant|p2a: Ursaluna|frz
|
|upkeep
|turn|6
|
|t:|1760435230
|move|p1a: Cresselia|Ice Beam|p2a: Ursaluna
|-supereffective|p2a: Ursaluna
|-damage|p2a: Ursaluna|59/100 frz
|-curestatus|p2a: Ursaluna|frz|[msg]
|move|p2a: Ursaluna|Swords Dance|p2a: Ursaluna
|-boost|p2a: Ursaluna|atk|2
|
|-status|p2a: Ursaluna|brn|[from] item: Flame Orb
|upkeep
|turn|7
|
|t:|1760435239
|move|p1a: Cresselia|Ice Beam|p2a: Ursaluna
|-supereffective|p2a: Ursaluna
|-damage|p2a: Ursaluna|46/100 brn
|move|p2a: Ursaluna|Facade|p1a: Cresselia
|-damage|p1a: Cresselia|0 fnt
|faint|p1a: Cresselia
|
|-damage|p2a: Ursaluna|40/100 brn|[from] brn
|upkeep
|
|t:|1760435251
|switch|p1a: Cinderace|Cinderace, F|100/100
|turn|8
|
|t:|1760435255
|move|p1a: Cinderace|Low Kick|p2a: Ursaluna
|-start|p1a: Cinderace|typechange|Fighting|[from] ability: Libero
|-supereffective|p2a: Ursaluna
|-damage|p2a: Ursaluna|0 fnt
|faint|p2a: Ursaluna
|
|-sideend|p2: kok puncher|Reflect
|upkeep
|
|t:|1760435272
|switch|p2a: Hoopa|Hoopa-Unbound|100/100
|turn|9
|
|t:|1760435276
|move|p1a: Cinderace|Low Kick|p2a: Hoopa
|-damage|p2a: Hoopa|10/100
|move|p2a: Hoopa|Psychic Noise|p1a: Cinderace
|-supereffective|p1a: Cinderace
|-damage|p1a: Cinderace|0 fnt
|faint|p1a: Cinderace
|
|-sideend|p2: kok puncher|move: Light Screen
|upkeep
|
|t:|1760435283
|switch|p1a: Ninetales|Ninetales, M|100/100
|-weather|SunnyDay|[from] ability: Drought|[of] p1a: Ninetales
|turn|10
|
|t:|1760435287
|move|p1a: Ninetales|Scorching Sands|p2a: Hoopa
|-crit|p2a: Hoopa
|-damage|p2a: Hoopa|0 fnt
|faint|p2a: Hoopa
|
|-weather|SunnyDay|[upkeep]
|upkeep
|
|t:|1760435293
|switch|p2a: Cinderace|Cinderace, M|100/100
|turn|11
|
|t:|1760435297
|move|p2a: Cinderace|Pyro Ball|p1a: Ninetales
|-resisted|p1a: Ninetales
|-damage|p1a: Ninetales|41/100
|move|p1a: Ninetales|Scorching Sands|p2a: Cinderace
|-supereffective|p2a: Cinderace
|-damage|p2a: Cinderace|47/100
|
|-weather|SunnyDay|[upkeep]
|upkeep
|turn|12
|
|t:|1760435304
|switch|p1a: Walking Wake|Walking Wake|100/100
|-activate|p1a: Walking Wake|ability: Protosynthesis
|-start|p1a: Walking Wake|protosynthesisspa
|move|p2a: Cinderace|Pyro Ball|p1a: Walking Wake
|-resisted|p1a: Walking Wake
|-damage|p1a: Walking Wake|76/100
|-status|p1a: Walking Wake|brn
|
|-weather|SunnyDay|[upkeep]
|-damage|p1a: Walking Wake|70/100 brn|[from] brn
|upkeep
|turn|13
|
|t:|1760435314
|move|p2a: Cinderace|Pyro Ball|p1a: Walking Wake
|-resisted|p1a: Walking Wake
|-damage|p1a: Walking Wake|47/100 brn
|move|p1a: Walking Wake|Hydro Steam|p2a: Cinderace
|-supereffective|p2a: Cinderace
|-damage|p2a: Cinderace|0 fnt
|faint|p2a: Cinderace
|
|-weather|SunnyDay|[upkeep]
|-damage|p1a: Walking Wake|41/100 brn|[from] brn
|upkeep
|
|t:|1760435325
|switch|p2a: Deoxys|Deoxys-Speed|13/100 par
|-ability|p2a: Deoxys|Pressure
|turn|14
|
|t:|1760435329
|move|p1a: Walking Wake|Hydro Steam|p2a: Deoxys
|-damage|p2a: Deoxys|0 fnt
|faint|p2a: Deoxys
|
|-weather|SunnyDay|[upkeep]
|-damage|p1a: Walking Wake|35/100 brn|[from] brn
|upkeep
|
|t:|1760435335
|switch|p2a: Iron Valiant|Iron Valiant|100/100
|-enditem|p2a: Iron Valiant|Booster Energy
|-activate|p2a: Iron Valiant|ability: Quark Drive|[fromitem]
|-start|p2a: Iron Valiant|quarkdrivespe
|turn|15
|
|t:|1760435340
|move|p2a: Iron Valiant|Moonblast|p1a: Walking Wake
|-supereffective|p1a: Walking Wake
|-damage|p1a: Walking Wake|0 fnt
|faint|p1a: Walking Wake
|-end|p1a: Walking Wake|Protosynthesis|[silent]
|
|-weather|SunnyDay|[upkeep]
|upkeep
|
|t:|1760435344
|switch|p1a: Dragonite|Dragonite, F|100/100
|turn|16
|
|t:|1760435355
|-terastallize|p1a: Dragonite|Fairy
|move|p2a: Iron Valiant|Knock Off|p1a: Dragonite
|-resisted|p1a: Dragonite
|-damage|p1a: Dragonite|92/100
|-enditem|p1a: Dragonite|Heavy-Duty Boots|[from] move: Knock Off|[of] p2a: Iron Valiant
|move|p1a: Dragonite|Dragon Dance|p1a: Dragonite
|-boost|p1a: Dragonite|atk|1
|-boost|p1a: Dragonite|spe|1
|
|-weather|SunnyDay|[upkeep]
|upkeep
|turn|17
|
|t:|1760435364
|move|p2a: Iron Valiant|Encore|p1a: Dragonite
|-start|p1a: Dragonite|Encore
|move|p1a: Dragonite|Dragon Dance|p1a: Dragonite
|-boost|p1a: Dragonite|atk|1
|-boost|p1a: Dragonite|spe|1
|
|-weather|none
|upkeep
|turn|18
|
|t:|1760435371
|move|p1a: Dragonite|Dragon Dance|p1a: Dragonite
|-boost|p1a: Dragonite|atk|1
|-boost|p1a: Dragonite|spe|1
|move|p2a: Iron Valiant|Moonblast|p1a: Dragonite
|-damage|p1a: Dragonite|47/100
|
|upkeep
|turn|19
|
|t:|1760435377
|switch|p1a: Ninetales|Ninetales, M|41/100
|-weather|SunnyDay|[from] ability: Drought|[of] p1a: Ninetales
|move|p2a: Iron Valiant|Moonblast|p1a: Ninetales
|-resisted|p1a: Ninetales
|-damage|p1a: Ninetales|15/100
|
|-weather|SunnyDay|[upkeep]
|upkeep
|turn|20
|
|t:|1760435385
|move|p2a: Iron Valiant|Moonblast|p1a: Ninetales
|-resisted|p1a: Ninetales
|-damage|p1a: Ninetales|0 fnt
|faint|p1a: Ninetales
|
|-weather|SunnyDay|[upkeep]
|upkeep
|
|t:|1760435387
|switch|p1a: Dragonite|Dragonite, F, tera:Fairy|47/100
|turn|21
|
|t:|1760435394
|-terastallize|p2a: Iron Valiant|Steel
|move|p2a: Iron Valiant|Moonblast|p1a: Dragonite
|-damage|p1a: Dragonite|0 fnt
|faint|p1a: Dragonite
|
|-weather|SunnyDay|[upkeep]
|upkeep
|-message|Tusia88 forfeited.
|
|win|kok puncher
|raw|Tusia88's rating: 1546 &rarr; <strong>1524</strong><br />(-22 for losing)
|raw|kok puncher's rating: 1504 &rarr; <strong>1526</strong><br />(+22 for winning)
|l|☆Tusia88
|player|p1|
|l|☆kok puncher
|player|p2|
