|j|☆youjustgotnoobed
|j|☆SamiFawad
|t:|1760382862
|gametype|singles
|player|p1|youjustgotnoobed|lady|1481
|player|p2|SamiFawad|170|1478
|gen|9
|tier|[Gen 9] OU
|rated|
|rule|HP Percentage Mod: HP is shown in percentages
|rule|Endless Battle Clause: Forcing endless battles is banned
|rule|Species Clause: Limit one of each Pokémon
|rule|OHKO Clause: OHKO moves are banned
|rule|Evasion Items Clause: Evasion items are banned
|rule|Evasion Moves Clause: Evasion moves are banned
|rule|Evasion Abilities Clause: Evasion abilities are banned
|rule|Sleep Moves Clause: Sleep-inducing moves are banned
|clearpoke
|poke|p1|Tyranitar, F|
|poke|p1|Gholdengo|
|poke|p1|Excadrill, F|
|poke|p1|Tornadus-Therian, M|
|poke|p1|Ogerpon-Wellspring, F|
|poke|p1|Arcanine, M|
|poke|p2|Conkeldurr, F|
|poke|p2|Samurott-Hisui, M|
|poke|p2|Thundurus-Therian, M|
|poke|p2|Ogerpon-Cornerstone, F|
|poke|p2|Clodsire, M|
|poke|p2|Great Tusk|
|teampreview
|inactive|Battle timer is ON: inactive players will automatically lose when time's up. (requested by youjustgotnoobed)
|
|t:|1760382869
|teamsize|p1|6
|teamsize|p2|6
|start
|switch|p1a: Arcanine|Arcanine, M|100/100
|switch|p2a: Thundurus|Thundurus-Therian, M|100/100
|-ability|p1a: Arcanine|Intimidate|boost
|-unboost|p2a: Thundurus|atk|1
|turn|1
|
|t:|1760382885
|move|p2a: Thundurus|Discharge|p1a: Arcanine
|-damage|p1a: Arcanine|48/100
|move|p1a: Arcanine|Will-O-Wisp|p2a: Thundurus
|-status|p2a: Thundurus|brn
|
|-damage|p2a: Thundurus|94/100 brn|[from] brn
|upkeep
|turn|2
|
|t:|1760382893
|switch|p1a: Excadrill|Excadrill, F|100/100
|-item|p1a: Excadrill|Air Balloon
|move|p2a: Thundurus|Discharge|p1a: Excadrill
|-immune|p1a: Excadrill
|
|-damage|p2a: Thundurus|88/100 brn|[from] brn
|upkeep
|turn|3
|
|t:|1760382897
|switch|p2a: Great Tusk|Great Tusk|100/100
|move|p1a: Excadrill|Iron Head|p2a: Great Tusk
|-damage|p2a: Great Tusk|79/100
|-damage|p1a: Excadrill|84/100|[from] item: Rocky Helmet|[of] p2a: Great Tusk
|
|upkeep
|turn|4
|
|t:|1760382904
|switch|p1a: Tornadus|Tornadus-Therian, M|100/100
|move|p2a: Great Tusk|Knock Off|p1a: Tornadus
|-damage|p1a: Tornadus|69/100
|-enditem|p1a: Tornadus|Assault Vest|[from] move: Knock Off|[of] p2a: Great Tusk
|
|upkeep
|turn|5
|
|t:|1760382907
|-end|p2a: Great Tusk|Protosynthesis|[silent]
|switch|p2a: Clodsire|Clodsire, M|100/100
|move|p1a: Tornadus|Bleakwind Storm|p2a: Clodsire|[miss]
|-miss|p1a: Tornadus|p2a: Clodsire
|
|upkeep
|turn|6
|
|t:|1760382911
|move|p1a: Tornadus|Knock Off|p2a: Clodsire
|-damage|p2a: Clodsire|80/100
|-enditem|p2a: Clodsire|Leftovers|[from] move: Knock Off|[of] p1a: Tornadus
|move|p2a: Clodsire|Toxic|p1a: Tornadus
|-status|p1a: Tornadus|tox
|
|-damage|p1a: Tornadus|63/100 tox|[from] psn
|upkeep
|turn|7
|
|t:|1760382914
|move|p1a: Tornadus|U-turn|p2a: Clodsire
|-resisted|p2a: Clodsire
|-damage|p2a: Clodsire|71/100
|
|t:|1760382936
|switch|p1a: Tyranitar|Tyranitar, F|100/100|[from] U-turn
|-weather|Sandstorm|[from] ability: Sand Stream|[of] p1a: Tyranitar
|move|p2a: Clodsire|Recover|p2a: Clodsire
|-heal|p2a: Clodsire|100/100
|
|-weather|Sandstorm|[upkeep]
|upkeep
|turn|8
|
|t:|1760382947
|switch|p1a: Excadrill|Excadrill, F|84/100
|-item|p1a: Excadrill|Air Balloon
|switch|p2a: Great Tusk|Great Tusk|79/100
|
|-weather|Sandstorm|[upkeep]
|upkeep
|turn|9
|
|t:|1760382963
|switch|p1a: Tornadus|Tornadus-Therian, M|96/100 tox
|move|p2a: Great Tusk|Stealth Rock|p1a: Tornadus
|-sidestart|p1: youjustgotnoobed|move: Stealth Rock
|
|-weather|Sandstorm|[upkeep]
|-damage|p1a: Tornadus|90/100 tox|[from] Sandstorm
|-damage|p1a: Tornadus|84/100 tox|[from] psn
|upkeep
|turn|10
|
|t:|1760382969
|-end|p2a: Great Tusk|Protosynthesis|[silent]
|switch|p2a: Clodsire|Clodsire, M|100/100
|move|p1a: Tornadus|Knock Off|p2a: Clodsire
|-damage|p2a: Clodsire|86/100
|
|-weather|Sandstorm|[upkeep]
|-damage|p1a: Tornadus|78/100 tox|[from] Sandstorm
|-damage|p1a: Tornadus|65/100 tox|[from] psn
|upkeep
|turn|11
|
|t:|1760382974
|move|p1a: Tornadus|U-turn|p2a: Clodsire
|-resisted|p2a: Clodsire
|-damage|p2a: Clodsire|78/100
|
|t:|1760382976
|switch|p1a: Ogerpon|Ogerpon-Wellspring, F|100/100|[from] U-turn
|-damage|p1a: Ogerpon|88/100|[from] Stealth Rock
|move|p2a: Clodsire|Counter|p1a: Ogerpon
|-damage|p1a: Ogerpon|63/100
|
|-weather|none
|upkeep
|turn|12
|
|t:|1760382989
|move|p1a: Ogerpon|Ivy Cudgel|p2a: Clodsire|[anim] Ivy Cudgel Water
|-heal|p2a: Clodsire|100/100|[from] ability: Water Absorb|[of] p1a: Ogerpon
|move|p2a: Clodsire|Toxic|p1a: Ogerpon
|-status|p1a: Ogerpon|tox
|
|-damage|p1a: Ogerpon|57/100 tox|[from] psn
|upkeep
|turn|13
|c|☆youjustgotnoobed|oops
|
|t:|1760382996
|move|p1a: Ogerpon|U-turn|p2a: Clodsire
|-resisted|p2a: Clodsire
|-damage|p2a: Clodsire|86/100
|
|t:|1760383000
|switch|p1a: Tyranitar|Tyranitar, F|100/100|[from] U-turn
|-damage|p1a: Tyranitar|88/100|[from] Stealth Rock
|-weather|Sandstorm|[from] ability: Sand Stream|[of] p1a: Tyranitar
|move|p2a: Clodsire|Counter|p1a: Tyranitar
|-damage|p1a: Tyranitar|56/100
|
|-weather|Sandstorm|[upkeep]
|upkeep
|turn|14
|
|t:|1760383013
|switch|p1a: Tornadus|Tornadus-Therian, M|99/100 tox
|-damage|p1a: Tornadus|74/100 tox|[from] Stealth Rock
|switch|p2a: Great Tusk|Great Tusk|79/100
|
|-weather|Sandstorm|[upkeep]
|-damage|p1a: Tornadus|68/100 tox|[from] Sandstorm
|-damage|p1a: Tornadus|62/100 tox|[from] psn
|upkeep
|turn|15
|
|t:|1760383016
|-end|p2a: Great Tusk|Protosynthesis|[silent]
|switch|p2a: Clodsire|Clodsire, M|86/100
|move|p1a: Tornadus|U-turn|p2a: Clodsire
|-resisted|p2a: Clodsire
|-damage|p2a: Clodsire|79/100
|
|t:|1760383022
|switch|p1a: Tyranitar|Tyranitar, F|56/100|[from] U-turn
|-damage|p1a: Tyranitar|44/100|[from] Stealth Rock
|
|-weather|Sandstorm|[upkeep]
|upkeep
|turn|16
|
|t:|1760383027
|switch|p2a: Great Tusk|Great Tusk|79/100
|move|p1a: Tyranitar|Ice Punch|p2a: Great Tusk
|-supereffective|p2a: Great Tusk
|-damage|p2a: Great Tusk|37/100
|-damage|p1a: Tyranitar|27/100|[from] item: Rocky Helmet|[of] p2a: Great Tusk
|
|-weather|Sandstorm|[upkeep]
|upkeep
|turn|17
|
|t:|1760383034
|switch|p1a: Tornadus|Tornadus-Therian, M|95/100 tox
|-damage|p1a: Tornadus|70/100 tox|[from] Stealth Rock
|move|p2a: Great Tusk|Knock Off|p1a: Tornadus
|-damage|p1a: Tornadus|47/100 tox
|
|-weather|none
|-damage|p1a: Tornadus|41/100 tox|[from] psn
|upkeep
|turn|18
|
|t:|1760383042
|-end|p2a: Great Tusk|Protosynthesis|[silent]
|switch|p2a: Clodsire|Clodsire, M|79/100
|move|p1a: Tornadus|U-turn|p2a: Clodsire
|-resisted|p2a: Clodsire
|-damage|p2a: Clodsire|71/100
|
|t:|1760383044
|switch|p1a: Tyranitar|Tyranitar, F|27/100|[from] U-turn
|-damage|p1a: Tyranitar|15/100|[from] Stealth Rock
|-weather|Sandstorm|[from] ability: Sand Stream|[of] p1a: Tyranitar
|
|-weather|Sandstorm|[upkeep]
|upkeep
|turn|19
|
|t:|1760383048
|switch|p2a: Great Tusk|Great Tusk|37/100
|move|p1a: Tyranitar|Ice Punch|p2a: Great Tusk
|-supereffective|p2a: Great Tusk
|-damage|p2a: Great Tusk|0 fnt
|-damage|p1a: Tyranitar|0 fnt|[from] item: Rocky Helmet|[of] p2a: Great Tusk
|faint|p2a: Great Tusk
|-end|p2a: Great Tusk|Protosynthesis|[silent]
|faint|p1a: Tyranitar
|
|-weather|Sandstorm|[upkeep]
|upkeep
|
|t:|1760383064
|switch|p2a: Conkeldurr|Conkeldurr, F|100/100
|switch|p1a: Gholdengo|Gholdengo|100/100
|-damage|p1a: Gholdengo|94/100|[from] Stealth Rock
|turn|20
|
|t:|1760383078
|switch|p2a: Clodsire|Clodsire, M|71/100
|move|p1a: Gholdengo|Make It Rain|p2a: Clodsire
|-damage|p2a: Clodsire|11/100
|-unboost|p1a: Gholdengo|spa|1
|
|-weather|Sandstorm|[upkeep]
|upkeep
|turn|21
|
|t:|1760383080
|move|p1a: Gholdengo|Make It Rain|p2a: Clodsire
|-damage|p2a: Clodsire|0 fnt
|-unboost|p1a: Gholdengo|spa|1
|faint|p2a: Clodsire
|
|-weather|Sandstorm|[upkeep]
|upkeep
|
|t:|1760383083
|switch|p2a: Conkeldurr|Conkeldurr, F|100/100
|turn|22
|
|t:|1760383087
|switch|p1a: Tornadus|Tornadus-Therian, M|74/100 tox
|-damage|p1a: Tornadus|49/100 tox|[from] Stealth Rock
|move|p2a: Conkeldurr|Knock Off|p1a: Tornadus
|-damage|p1a: Tornadus|20/100 tox
|
|-weather|none
|-damage|p1a: Tornadus|14/100 tox|[from] psn
|-status|p2a: Conkeldurr|brn|[from] item: Flame Orb
|upkeep
|turn|23
|
|t:|1760383092
|move|p2a: Conkeldurr|Mach Punch|p1a: Tornadus
|-resisted|p1a: Tornadus
|-damage|p1a: Tornadus|0 fnt
|faint|p1a: Tornadus
|
|-damage|p2a: Conkeldurr|94/100 brn|[from] brn
|upkeep
|
|t:|1760383094
|switch|p1a: Arcanine|Arcanine, M|48/100
|-ability|p1a: Arcanine|Intimidate|boost
|-unboost|p2a: Conkeldurr|atk|1
|turn|24
|
|t:|1760383100
|move|p1a: Arcanine|Morning Sun|p1a: Arcanine
|-heal|p1a: Arcanine|98/100
|move|p2a: Conkeldurr|Bulk Up|p2a: Conkeldurr
|-boost|p2a: Conkeldurr|atk|1
|-boost|p2a: Conkeldurr|def|1
|
|-damage|p2a: Conkeldurr|88/100 brn|[from] brn
|upkeep
|turn|25
|
|t:|1760383107
|move|p1a: Arcanine|Flare Blitz|p2a: Conkeldurr
|-damage|p2a: Conkeldurr|64/100 brn
|-damage|p1a: Arcanine|89/100|[from] Recoil
|move|p2a: Conkeldurr|Bulk Up|p2a: Conkeldurr
|-boost|p2a: Conkeldurr|atk|1
|-boost|p2a: Conkeldurr|def|1
|
|-damage|p2a: Conkeldurr|58/100 brn|[from] brn
|upkeep
|turn|26
|
|t:|1760383112
|move|p1a: Arcanine|Flare Blitz|p2a: Conkeldurr
|-damage|p2a: Conkeldurr|37/100 brn
|-damage|p1a: Arcanine|82/100|[from] Recoil
|move|p2a: Conkeldurr|Drain Punch|p1a: Arcanine
|-damage|p1a: Arcanine|0 fnt
|-heal|p2a: Conkeldurr|75/100 brn|[from] drain|[of] p1a: Arcanine
|faint|p1a: Arcanine
|
|-damage|p2a: Conkeldurr|69/100 brn|[from] brn
|upkeep
|
|t:|1760383114
|switch|p1a: Gholdengo|Gholdengo|94/100
|-damage|p1a: Gholdengo|88/100|[from] Stealth Rock
|turn|27
|
|t:|1760383120
|switch|p2a: Samurott|Samurott-Hisui, M|100/100
|move|p1a: Gholdengo|Shadow Ball|p2a: Samurott
|-resisted|p2a: Samurott
|-damage|p2a: Samurott|47/100
|
|upkeep
|turn|28
|
|t:|1760383123
|move|p2a: Samurott|Ceaseless Edge|p1a: Gholdengo|[miss]
|-miss|p2a: Samurott|p1a: Gholdengo
|move|p1a: Gholdengo|Shadow Ball|p2a: Samurott
|-resisted|p2a: Samurott
|-damage|p2a: Samurott|0 fnt
|faint|p2a: Samurott
|
|upkeep
|
|t:|1760383128
|switch|p2a: Thundurus|Thundurus-Therian, M|88/100 brn
|turn|29
|
|t:|1760383133
|switch|p1a: Excadrill|Excadrill, F|84/100
|-damage|p1a: Excadrill|81/100|[from] Stealth Rock
|-item|p1a: Excadrill|Air Balloon
|move|p2a: Thundurus|Dark Pulse|p1a: Excadrill
|-damage|p1a: Excadrill|35/100
|-enditem|p1a: Excadrill|Air Balloon
|
|-damage|p2a: Thundurus|82/100 brn|[from] brn
|upkeep
|turn|30
|
|t:|1760383147
|move|p2a: Thundurus|Dark Pulse|p1a: Excadrill
|-damage|p1a: Excadrill|0 fnt
|faint|p1a: Excadrill
|
|-damage|p2a: Thundurus|76/100 brn|[from] brn
|upkeep
|
|t:|1760383160
|switch|p1a: Gholdengo|Gholdengo|88/100
|-damage|p1a: Gholdengo|82/100|[from] Stealth Rock
|turn|31
|inactive|youjustgotnoobed has 120 seconds left.
|
|t:|1760383199
|switch|p2a: Conkeldurr|Conkeldurr, F|69/100 brn
|-terastallize|p1a: Gholdengo|Fighting
|move|p1a: Gholdengo|Shadow Ball|p2a: Conkeldurr
|-damage|p2a: Conkeldurr|0 fnt
|faint|p2a: Conkeldurr
|
|upkeep
|
|t:|1760383208
|switch|p2a: Thundurus|Thundurus-Therian, M|76/100 brn
|turn|32
|
|t:|1760383211
|-terastallize|p2a: Thundurus|Flying
|move|p2a: Thundurus|Tera Blast|p1a: Gholdengo|[anim] Tera Blast Flying
|-supereffective|p1a: Gholdengo
|-damage|p1a: Gholdengo|0 fnt
|faint|p1a: Gholdengo
|
|-damage|p2a: Thundurus|70/100 brn|[from] brn
|upkeep
|
|t:|1760383214
|switch|p1a: Ogerpon|Ogerpon-Wellspring, F|57/100 tox
|-damage|p1a: Ogerpon|45/100 tox|[from] Stealth Rock
|turn|33
|
|t:|1760383218
|move|p2a: Thundurus|Tera Blast|p1a: Ogerpon|[anim] Tera Blast Flying
|-supereffective|p1a: Ogerpon
|-damage|p1a: Ogerpon|0 fnt
|faint|p1a: Ogerpon
|
|win|SamiFawad
|raw|youjustgotnoobed's rating: 1481 &rarr; <strong>1461</strong><br />(-20 for losing)
|raw|SamiFawad's rating: 1478 &rarr; <strong>1498</strong><br />(+20 for winning)
|l|☆SamiFawad
|player|p2|
|l|☆youjustgotnoobed
|player|p1|
