|j|☆pengu_noob
|j|☆Toxtricity4Smadh
|t:|1760364678
|gametype|singles
|player|p1|pengu_noob|unknown|1126
|player|p2|Toxtricity4Smadh|102|1103
|gen|9
|tier|[Gen 9] OU
|rated|
|rule|HP Percentage Mod: HP is shown in percentages
|rule|Endless Battle Clause: Forcing endless battles is banned
|rule|Species Clause: Limit one of each Pokémon
|rule|OHKO Clause: OHKO moves are banned
|rule|Evasion Items Clause: Evasion items are banned
|rule|Evasion Moves Clause: Evasion moves are banned
|rule|Evasion Abilities Clause: Evasion abilities are banned
|rule|Sleep Moves Clause: Sleep-inducing moves are banned
|clearpoke
|poke|p1|Serperior, F|
|poke|p1|Weezing-Galar, F|
|poke|p1|Hitmonlee, M|
|poke|p1|Clodsire, M|
|poke|p1|Zoroark-Hisui, M|
|poke|p1|Minior-Orange|
|poke|p2|Smeargle, F|
|poke|p2|Zamazenta-*|
|poke|p2|Blaziken, M|
|poke|p2|Grafaiai, F|
|poke|p2|Greninja-*, M|
|poke|p2|Gliscor, M|
|teampreview
|inactive|Battle timer is ON: inactive players will automatically lose when time's up. (requested by pengu_noob)
|
|t:|1760364689
|teamsize|p1|6
|teamsize|p2|6
|start
|switch|p1a: Serperior|Serperior, F, shiny|100/100
|switch|p2a: Blaziken|Blaziken, M|100/100
|turn|1
|
|t:|1760364695
|move|p2a: Blaziken|Protect|p2a: Blaziken
|-singleturn|p2a: Blaziken|Protect
|move|p1a: Serperior|Leaf Storm|p2a: Blaziken
|-activate|p2a: Blaziken|move: Protect
|
|-ability|p2a: Blaziken|Speed Boost|boost
|-boost|p2a: Blaziken|spe|1
|upkeep
|turn|2
|
|t:|1760364703
|move|p2a: Blaziken|Flare Blitz|p1a: Serperior
|-supereffective|p1a: Serperior
|-enditem|p1a: Serperior|Focus Sash
|-damage|p1a: Serperior|1/100
|-damage|p2a: Blaziken|69/100|[from] Recoil
|move|p1a: Serperior|Leaf Storm|p2a: Blaziken|[miss]
|-miss|p1a: Serperior|p2a: Blaziken
|
|-ability|p2a: Blaziken|Speed Boost|boost
|-boost|p2a: Blaziken|spe|1
|upkeep
|turn|3
|
|t:|1760364713
|move|p2a: Blaziken|Flare Blitz|p1a: Serperior
|-supereffective|p1a: Serperior
|-damage|p1a: Serperior|0 fnt
|faint|p1a: Serperior
|-damage|p2a: Blaziken|68/100|[from] Recoil
|
|-ability|p2a: Blaziken|Speed Boost|boost
|-boost|p2a: Blaziken|spe|1
|upkeep
|
|t:|1760364731
|switch|p1a: Clodsire|Clodsire, M, shiny|100/100
|turn|4
|
|t:|1760364743
|move|p2a: Blaziken|Close Combat|p1a: Clodsire
|-resisted|p1a: Clodsire
|-damage|p1a: Clodsire|74/100
|-unboost|p2a: Blaziken|def|1
|-unboost|p2a: Blaziken|spd|1
|-enditem|p2a: Blaziken|Eject Pack
|
|t:|1760364748
|switch|p2a: Gliscor|Gliscor, M|100/100
|move|p1a: Clodsire|Toxic|p2a: Gliscor
|-status|p2a: Gliscor|tox
|
|-heal|p1a: Clodsire|81/100|[from] item: Leftovers
|upkeep
|turn|5
|
|t:|1760364764
|move|p2a: Gliscor|Earthquake|p1a: Clodsire
|-supereffective|p1a: Clodsire
|-damage|p1a: Clodsire|27/100
|move|p1a: Clodsire|Substitute|p1a: Clodsire
|-start|p1a: Clodsire|Substitute
|-damage|p1a: Clodsire|2/100
|
|-heal|p1a: Clodsire|8/100|[from] item: Leftovers
|upkeep
|turn|6
|
|t:|1760364771
|switch|p1a: Minior|Minior-Orange, shiny|100/100
|-formechange|p1a: Minior|Minior-Meteor||[from] ability: Shields Down
|move|p2a: Gliscor|Earthquake|p1a: Minior
|-immune|p1a: Minior
|
|upkeep
|turn|7
|
|t:|1760364779
|move|p2a: Gliscor|Toxic|p1a: Minior
|-immune|p1a: Minior|[from] ability: Shields Down
|move|p1a: Minior|Shell Smash|p1a: Minior
|-unboost|p1a: Minior|def|1
|-unboost|p1a: Minior|spd|1
|-boost|p1a: Minior|atk|2
|-boost|p1a: Minior|spa|2
|-boost|p1a: Minior|spe|2
|-enditem|p1a: Minior|White Herb
|-clearnegativeboost|p1a: Minior|[silent]
|
|upkeep
|turn|8
|
|t:|1760364792
|move|p1a: Minior|Shell Smash|p1a: Minior
|-unboost|p1a: Minior|def|1
|-unboost|p1a: Minior|spd|1
|-boost|p1a: Minior|atk|2
|-boost|p1a: Minior|spa|2
|-boost|p1a: Minior|spe|2
|move|p2a: Gliscor|Dual Wingbeat|p1a: Minior
|-resisted|p1a: Minior
|-damage|p1a: Minior|88/100
|-resisted|p1a: Minior
|-damage|p1a: Minior|76/100
|-hitcount|p1a: Minior|2
|
|upkeep
|turn|9
|
|t:|1760364802
|move|p1a: Minior|Acrobatics|p2a: Gliscor
|-damage|p2a: Gliscor|11/100 tox
|move|p2a: Gliscor|Dual Wingbeat|p1a: Minior
|-resisted|p1a: Minior
|-damage|p1a: Minior|63/100
|-resisted|p1a: Minior
|-damage|p1a: Minior|50/100
|-hitcount|p1a: Minior|2
|
|-heal|p2a: Gliscor|23/100 tox|[from] ability: Poison Heal
|-formechange|p1a: Minior|Minior-Orange||[from] ability: Shields Down
|upkeep
|turn|10
|
|t:|1760364812
|move|p2a: Gliscor|Protect|p2a: Gliscor
|-singleturn|p2a: Gliscor|Protect
|move|p1a: Minior|Acrobatics|p2a: Gliscor
|-activate|p2a: Gliscor|move: Protect
|
|-heal|p2a: Gliscor|36/100 tox|[from] ability: Poison Heal
|upkeep
|turn|11
|
|t:|1760364822
|move|p1a: Minior|Acrobatics|p2a: Gliscor
|-damage|p2a: Gliscor|0 fnt
|faint|p2a: Gliscor
|
|upkeep
|
|t:|1760364827
|switch|p2a: Smeargle|Smeargle, F, shiny|100/100
|turn|12
|
|t:|1760364832
|move|p1a: Minior|Acrobatics|p2a: Smeargle
|-enditem|p2a: Smeargle|Focus Sash
|-damage|p2a: Smeargle|1/100
|move|p2a: Smeargle|Haze|p2a: Smeargle
|-clearallboost
|
|upkeep
|turn|13
|
|t:|1760364842
|move|p1a: Minior|Acrobatics|p2a: Smeargle
|-damage|p2a: Smeargle|0 fnt
|faint|p2a: Smeargle
|
|upkeep
|
|t:|1760364856
|switch|p2a: Greninja|Greninja, M|100/100
|turn|14
|
|t:|1760364861
|move|p2a: Greninja|Surf|p1a: Minior
|-start|p2a: Greninja|typechange|Water|[from] ability: Protean
|-supereffective|p1a: Minior
|-damage|p1a: Minior|0 fnt
|faint|p1a: Minior
|
|upkeep
|
|t:|1760364872
|switch|p1a: Clodsire|Clodsire, M, shiny|8/100
|turn|15
|
|t:|1760364881
|switch|p2a: Grafaiai|Grafaiai, F|100/100
|move|p1a: Clodsire|Toxic|p2a: Grafaiai
|-immune|p2a: Grafaiai
|
|-heal|p1a: Clodsire|14/100|[from] item: Leftovers
|upkeep
|turn|16
|
|t:|1760364890
|move|p2a: Grafaiai|Encore|p1a: Clodsire
|-start|p1a: Clodsire|Encore
|move|p1a: Clodsire|Toxic|p2a: Grafaiai
|-immune|p2a: Grafaiai
|
|-heal|p1a: Clodsire|21/100|[from] item: Leftovers
|upkeep
|turn|17
|
|t:|1760364901
|switch|p1a: Weezing|Weezing-Galar, F, shiny|100/100
|-ability|p1a: Weezing|Neutralizing Gas
|move|p2a: Grafaiai|Knock Off|p1a: Weezing
|-resisted|p1a: Weezing
|-damage|p1a: Weezing|92/100
|-enditem|p1a: Weezing|Leftovers|[from] move: Knock Off|[of] p2a: Grafaiai
|
|upkeep
|turn|18
|
|t:|1760364921
|move|p2a: Grafaiai|Knock Off|p1a: Weezing
|-resisted|p1a: Weezing
|-damage|p1a: Weezing|85/100
|move|p1a: Weezing|Toxic Spikes|p2a: Grafaiai
|-sidestart|p2: Toxtricity4Smadh|move: Toxic Spikes
|
|upkeep
|turn|19
|
|t:|1760364940
|move|p2a: Grafaiai|Parting Shot|p1a: Weezing
|-unboost|p1a: Weezing|atk|1
|-unboost|p1a: Weezing|spa|1
|
|t:|1760364943
|switch|p2a: Blaziken|Blaziken, M|68/100|[from] Parting Shot
|-status|p2a: Blaziken|psn
|move|p1a: Weezing|Toxic Spikes|p2a: Blaziken
|-sidestart|p2: Toxtricity4Smadh|move: Toxic Spikes
|
|-damage|p2a: Blaziken|56/100 psn|[from] psn
|upkeep
|turn|20
|
|t:|1760364951
|move|p2a: Blaziken|Protect|p2a: Blaziken
|-singleturn|p2a: Blaziken|Protect
|move|p1a: Weezing|Gunk Shot|p2a: Blaziken
|-activate|p2a: Blaziken|move: Protect
|
|-damage|p2a: Blaziken|44/100 psn|[from] psn
|upkeep
|turn|21
|
|t:|1760364959
|move|p2a: Blaziken|Flare Blitz|p1a: Weezing
|-damage|p1a: Weezing|31/100
|-damage|p2a: Blaziken|28/100 psn|[from] Recoil
|move|p1a: Weezing|Gunk Shot|p2a: Blaziken
|-damage|p2a: Blaziken|0 fnt
|faint|p2a: Blaziken
|
|upkeep
|
|t:|1760364968
|switch|p2a: Greninja|Greninja, M|100/100
|-status|p2a: Greninja|tox
|turn|22
|
|t:|1760364983
|-end|p1a: Weezing|ability: Neutralizing Gas
|switch|p1a: Clodsire|Clodsire, M, shiny|21/100
|move|p2a: Greninja|Ice Beam|p1a: Clodsire
|-start|p2a: Greninja|typechange|Ice|[from] ability: Protean
|-supereffective|p1a: Clodsire
|-damage|p1a: Clodsire|0 fnt
|faint|p1a: Clodsire
|
|-damage|p2a: Greninja|95/100 tox|[from] psn
|upkeep
|
|t:|1760364989
|switch|p1a: Hitmonlee|Hitmonlee, M, shiny|100/100
|turn|23
|
|t:|1760364996
|switch|p2a: Grafaiai|Grafaiai, F|100/100
|-sideend|p2: Toxtricity4Smadh|move: Toxic Spikes|[of] p2a: Grafaiai
|move|p1a: Hitmonlee|Endure||[still]
|-fail|p1a: Hitmonlee
|
|upkeep
|turn|24
|
|t:|1760365007
|move|p2a: Grafaiai|Encore|p1a: Hitmonlee
|-start|p1a: Hitmonlee|Encore
|move|p1a: Hitmonlee|Endure||[still]
|-fail|p1a: Hitmonlee
|
|upkeep
|turn|25
|
|t:|1760365013
|switch|p1a: Weezing|Weezing-Galar, F, shiny|100/100
|move|p2a: Grafaiai|Knock Off|p1a: Weezing
|-supereffective|p1a: Weezing
|-damage|p1a: Weezing|16/100
|replace|p1a: Zoroark|Zoroark-Hisui, M, shiny
|-end|p1a: Zoroark|Illusion
|-enditem|p1a: Zoroark|Heavy-Duty Boots|[from] move: Knock Off|[of] p2a: Grafaiai
|
|upkeep
|turn|26
|
|t:|1760365028
|move|p1a: Zoroark|Knock Off|p2a: Grafaiai
|-damage|p2a: Grafaiai|57/100
|-damage|p1a: Zoroark|0 fnt|[from] item: Rocky Helmet|[of] p2a: Grafaiai
|faint|p1a: Zoroark
|move|p2a: Grafaiai|Knock Off|p1: Zoroark|[notarget]
|-fail|p2a: Grafaiai
|
|upkeep
|-message|pengu_noob forfeited.
|
|win|Toxtricity4Smadh
|raw|pengu_noob's rating: 1126 &rarr; <strong>1099</strong><br />(-27 for losing)
|raw|Toxtricity4Smadh's rating: 1103 &rarr; <strong>1130</strong><br />(+27 for winning)
|l|☆pengu_noob
|player|p1|
|l|☆Toxtricity4Smadh
|player|p2|
