|j|☆ionis2345678
|j|☆wooper247247
|t:|1760434627
|gametype|singles
|player|p1|ionis2345678|2|1062
|player|p2|wooper247247|lillie-masters|1090
|gen|9
|tier|[Gen 9] OU
|rated|
|rule|HP Percentage Mod: HP is shown in percentages
|rule|Endless Battle Clause: Forcing endless battles is banned
|rule|Species Clause: Limit one of each Pokémon
|rule|OHKO Clause: OHKO moves are banned
|rule|Evasion Items Clause: Evasion items are banned
|rule|Evasion Moves Clause: Evasion moves are banned
|rule|Evasion Abilities Clause: Evasion abilities are banned
|rule|Sleep Moves Clause: Sleep-inducing moves are banned
|clearpoke
|poke|p1|Illumise, F|
|poke|p1|Spiritomb, M|
|poke|p1|Gholdengo|
|poke|p1|Glimmora, M|
|poke|p1|Weavile, F|
|poke|p1|Noivern, M|
|poke|p2|Gholdengo|
|poke|p2|Corviknight, F|
|poke|p2|Alomomola, F|
|poke|p2|Iron Moth|
|poke|p2|Quagsire, F|
|poke|p2|Great Tusk|
|teampreview
|
|t:|1760434698
|teamsize|p1|6
|teamsize|p2|6
|start
|switch|p1a: Illumise|Illumise, F, shiny|100/100
|switch|p2a: Iron Moth|Iron Moth|100/100
|-enditem|p2a: Iron Moth|Booster Energy
|-activate|p2a: Iron Moth|ability: Quark Drive|[fromitem]
|-start|p2a: Iron Moth|quarkdrivespa
|turn|1
|inactive|Battle timer is ON: inactive players will automatically lose when time's up. (requested by wooper247247)
|
|t:|1760434709
|move|p1a: Illumise|Tailwind|p1a: Illumise
|-sidestart|p1: ionis2345678|move: Tailwind
|move|p2a: Iron Moth|Fiery Dance|p1a: Illumise
|-supereffective|p1a: Illumise
|-damage|p1a: Illumise|0 fnt
|faint|p1a: Illumise
|
|upkeep
|
|t:|1760434722
|switch|p1a: Glimmora|Glimmora, M, shiny|100/100
|turn|2
|
|t:|1760434731
|-terastallize|p2a: Iron Moth|Water
|move|p1a: Glimmora|Stone Edge|p2a: Iron Moth
|-damage|p2a: Iron Moth|69/100
|move|p2a: Iron Moth|Tera Blast|p1a: Glimmora|[anim] Tera Blast Water
|-supereffective|p1a: Glimmora
|-damage|p1a: Glimmora|0 fnt
|faint|p1a: Glimmora
|
|upkeep
|
|t:|1760434750
|switch|p1a: Noivern|Noivern, M, shiny|100/100
|turn|3
|
|t:|1760434757
|-terastallize|p1a: Noivern|Normal
|move|p1a: Noivern|Boomburst|p2a: Iron Moth
|-enditem|p1a: Noivern|Normal Gem|[from] gem
|-damage|p2a: Iron Moth|1/100
|move|p2a: Iron Moth|Fiery Dance|p1a: Noivern
|-damage|p1a: Noivern|19/100
|
|upkeep
|turn|4
|
|t:|1760434778
|-end|p2a: Iron Moth|Quark Drive|[silent]
|switch|p2a: Gholdengo|Gholdengo|100/100
|-item|p2a: Gholdengo|Air Balloon
|move|p1a: Noivern|Boomburst|p2a: Gholdengo
|-immune|p2a: Gholdengo
|
|-sideend|p1: ionis2345678|move: Tailwind
|upkeep
|turn|5
|
|t:|1760434795
|move|p1a: Noivern|Flamethrower|p2a: Gholdengo
|-supereffective|p2a: Gholdengo
|-damage|p2a: Gholdengo|59/100
|-status|p2a: Gholdengo|brn
|-enditem|p2a: Gholdengo|Air Balloon
|move|p2a: Gholdengo|Make It Rain|p1a: Noivern
|-damage|p1a: Noivern|0 fnt
|-unboost|p2a: Gholdengo|spa|1
|faint|p1a: Noivern
|
|-damage|p2a: Gholdengo|53/100 brn|[from] brn
|upkeep
|
|t:|1760434810
|switch|p1a: Weavile|Weavile, F, shiny|100/100
|turn|6
|
|t:|1760434823
|move|p1a: Weavile|Icicle Spear|p2a: Gholdengo
|-resisted|p2a: Gholdengo
|-damage|p2a: Gholdengo|44/100 brn
|-resisted|p2a: Gholdengo
|-damage|p2a: Gholdengo|37/100 brn
|-hitcount|p2a: Gholdengo|2
|move|p2a: Gholdengo|Trick|p1a: Weavile
|-activate|p2a: Gholdengo|move: Trick|[of] p1a: Weavile
|-enditem|p1a: Weavile|Icicle Plate|[silent]|[from] move: Trick
|-item|p2a: Gholdengo|Icicle Plate|[from] move: Trick
|
|-damage|p2a: Gholdengo|31/100 brn|[from] brn
|upkeep
|turn|7
|
|t:|1760434837
|move|p1a: Weavile|Icicle Spear|p2a: Gholdengo
|-resisted|p2a: Gholdengo
|-damage|p2a: Gholdengo|26/100 brn
|-resisted|p2a: Gholdengo
|-damage|p2a: Gholdengo|20/100 brn
|-hitcount|p2a: Gholdengo|2
|move|p2a: Gholdengo|Make It Rain|p1a: Weavile
|-supereffective|p1a: Weavile
|-damage|p1a: Weavile|0 fnt
|-unboost|p2a: Gholdengo|spa|1
|faint|p1a: Weavile
|
|-damage|p2a: Gholdengo|14/100 brn|[from] brn
|upkeep
|inactive|ionis2345678 has 120 seconds left.
|
|t:|1760434877
|switch|p1a: Gholdengo|Gholdengo|100/100
|turn|8
|
|t:|1760434885
|switch|p2a: Corviknight|Corviknight, F|100/100
|-ability|p2a: Corviknight|Pressure
|move|p1a: Gholdengo|Shadow Ball|p2a: Corviknight
|-damage|p2a: Corviknight|56/100
|
|-heal|p2a: Corviknight|62/100|[from] item: Leftovers
|upkeep
|turn|9
|
|t:|1760434897
|move|p1a: Gholdengo|Psychic|p2a: Corviknight
|-resisted|p2a: Corviknight
|-damage|p2a: Corviknight|45/100
|move|p2a: Corviknight|Brave Bird|p1a: Gholdengo
|-resisted|p1a: Gholdengo
|-damage|p1a: Gholdengo|81/100
|-damage|p2a: Corviknight|38/100|[from] Recoil
|
|-heal|p2a: Corviknight|45/100|[from] item: Leftovers
|upkeep
|turn|10
|inactive|ionis2345678 has 90 seconds left.
|inactive|ionis2345678 has 60 seconds left.
|
|t:|1760434952
|switch|p2a: Quagsire|Quagsire, F|100/100
|move|p1a: Gholdengo|Shadow Ball|p2a: Quagsire
|-damage|p2a: Quagsire|44/100
|
|upkeep
|turn|11
|inactive|ionis2345678 has 60 seconds left.
|inactive|ionis2345678 has 30 seconds left.
|inactive|ionis2345678 has 20 seconds left.
|inactive|ionis2345678 has 15 seconds left.
|
|t:|1760435007
|switch|p2a: Great Tusk|Great Tusk|100/100
|-enditem|p2a: Great Tusk|Booster Energy
|-activate|p2a: Great Tusk|ability: Protosynthesis|[fromitem]
|-start|p2a: Great Tusk|protosynthesisatk
|move|p1a: Gholdengo|Thunder Wave|p2a: Great Tusk
|-immune|p2a: Great Tusk
|
|upkeep
|turn|12
|inactive|ionis2345678 has 25 seconds left this turn.
|inactive|ionis2345678 has 20 seconds left.
|inactive|ionis2345678 has 15 seconds left.
|
|t:|1760435026
|move|p2a: Great Tusk|Headlong Rush|p1a: Gholdengo
|-supereffective|p1a: Gholdengo
|-damage|p1a: Gholdengo|0 fnt
|-unboost|p2a: Great Tusk|def|1
|-unboost|p2a: Great Tusk|spd|1
|faint|p1a: Gholdengo
|
|upkeep
|inactive|ionis2345678 has 20 seconds left this turn.
|inactive|ionis2345678 has 15 seconds left.
|
|t:|1760435035
|switch|p1a: Spiritomb|Spiritomb, M, shiny|100/100
|turn|13
|inactive|ionis2345678 has 25 seconds left this turn.
|inactive|ionis2345678 has 20 seconds left.
|
|t:|1760435047
|move|p2a: Great Tusk|Headlong Rush|p1a: Spiritomb
|-damage|p1a: Spiritomb|13/100
|-unboost|p2a: Great Tusk|def|1
|-unboost|p2a: Great Tusk|spd|1
|move|p1a: Spiritomb|Psychic|p2a: Great Tusk
|-supereffective|p2a: Great Tusk
|-damage|p2a: Great Tusk|0 fnt
|faint|p2a: Great Tusk
|-end|p2a: Great Tusk|Protosynthesis|[silent]
|
|-heal|p1a: Spiritomb|19/100|[from] item: Leftovers
|upkeep
|
|t:|1760435053
|switch|p2a: Quagsire|Quagsire, F|44/100
|turn|14
|inactive|ionis2345678 has 30 seconds left.
|inactive|ionis2345678 has 20 seconds left.
|inactive|ionis2345678 has 15 seconds left.
|inactive|ionis2345678 has 10 seconds left.
|inactive|ionis2345678 has 5 seconds left.
|-message|ionis2345678 lost due to inactivity.
|
|win|wooper247247
|raw|ionis2345678's rating: 1062 &rarr; <strong>1044</strong><br />(-18 for losing)
|raw|wooper247247's rating: 1090 &rarr; <strong>1114</strong><br />(+24 for winning)
|l|☆wooper247247
|player|p2|
|l|☆ionis2345678
|player|p1|
