|j|☆THEIMMORTALSTALL
|j|☆rinky21
|t:|1760312794
|gametype|singles
|player|p1|THEIMMORTALSTALL|2|1000
|player|p2|rinky21|hilbert|1025
|gen|9
|tier|[Gen 9] OU
|rated|
|rule|HP Percentage Mod: HP is shown in percentages
|rule|Endless Battle Clause: Forcing endless battles is banned
|rule|Species Clause: Limit one of each Pokémon
|rule|OHKO Clause: OHKO moves are banned
|rule|Evasion Items Clause: Evasion items are banned
|rule|Evasion Moves Clause: Evasion moves are banned
|rule|Evasion Abilities Clause: Evasion abilities are banned
|rule|Sleep Moves Clause: Sleep-inducing moves are banned
|clearpoke
|poke|p1|Dondozo, F|
|poke|p1|Blissey, F|
|poke|p1|Weezing-Galar, M|
|poke|p1|Gliscor, F|
|poke|p1|Toxapex, M|
|poke|p1|Kyurem|
|poke|p2|Clodsire, F|
|poke|p2|Toxapex, M|
|poke|p2|Corviknight, F|
|poke|p2|Raging Bolt|
|poke|p2|Iron Moth|
|poke|p2|Garganacl, F|
|teampreview
|inactive|Battle timer is ON: inactive players will automatically lose when time's up. (requested by rinky21)
|
|t:|1760312804
|teamsize|p1|6
|teamsize|p2|6
|start
|switch|p1a: Gliscor|Gliscor, F|100/100
|switch|p2a: Garganacl|Garganacl, F, shiny|100/100
|turn|1
|
|t:|1760312812
|-terastallize|p2a: Garganacl|Water
|move|p1a: Gliscor|Knock Off|p2a: Garganacl
|-damage|p2a: Garganacl|86/100
|-enditem|p2a: Garganacl|Leftovers|[from] move: Knock Off|[of] p1a: Gliscor
|move|p2a: Garganacl|Curse|p2a: Garganacl
|-unboost|p2a: Garganacl|spe|1
|-boost|p2a: Garganacl|atk|1
|-boost|p2a: Garganacl|def|1
|
|-status|p1a: Gliscor|tox|[from] item: Toxic Orb
|upkeep
|turn|2
|
|t:|1760312822
|switch|p1a: Weezing|Weezing-Galar, M|100/100
|-ability|p1a: Weezing|Neutralizing Gas
|move|p2a: Garganacl|Curse|p2a: Garganacl
|-unboost|p2a: Garganacl|spe|1
|-boost|p2a: Garganacl|atk|1
|-boost|p2a: Garganacl|def|1
|
|upkeep
|turn|3
|
|t:|1760312836
|move|p1a: Weezing|Will-O-Wisp|p2a: Garganacl|[miss]
|-miss|p1a: Weezing|p2a: Garganacl
|move|p2a: Garganacl|Earthquake|p1a: Weezing
|-supereffective|p1a: Weezing
|-damage|p1a: Weezing|42/100
|
|upkeep
|turn|4
|
|t:|1760312845
|move|p1a: Weezing|Pain Split|p2a: Garganacl
|-sethp|p2a: Garganacl|60/100|[from] move: Pain Split|[silent]
|-sethp|p1a: Weezing|73/100|[from] move: Pain Split
|move|p2a: Garganacl|Salt Cure|p1a: Weezing
|-damage|p1a: Weezing|55/100
|-start|p1a: Weezing|Salt Cure
|
|-damage|p1a: Weezing|43/100|[from] Salt Cure
|upkeep
|turn|5
|
|t:|1760312855
|move|p1a: Weezing|Will-O-Wisp|p2a: Garganacl
|-status|p2a: Garganacl|brn
|move|p2a: Garganacl|Recover|p2a: Garganacl
|-heal|p2a: Garganacl|100/100 brn
|
|-damage|p2a: Garganacl|94/100 brn|[from] brn
|-damage|p1a: Weezing|31/100|[from] Salt Cure
|upkeep
|turn|6
|
|t:|1760312868
|move|p1a: Weezing|Pain Split|p2a: Garganacl
|-sethp|p2a: Garganacl|60/100 brn|[from] move: Pain Split|[silent]
|-sethp|p1a: Weezing|72/100|[from] move: Pain Split
|move|p2a: Garganacl|Curse|p2a: Garganacl
|-unboost|p2a: Garganacl|spe|1
|-boost|p2a: Garganacl|atk|1
|-boost|p2a: Garganacl|def|1
|
|-damage|p2a: Garganacl|54/100 brn|[from] brn
|-damage|p1a: Weezing|60/100|[from] Salt Cure
|upkeep
|turn|7
|
|t:|1760312883
|-end|p1a: Weezing|ability: Neutralizing Gas
|switch|p1a: Dondozo|Dondozo, F|100/100
|move|p2a: Garganacl|Recover|p2a: Garganacl
|-heal|p2a: Garganacl|100/100 brn
|
|-damage|p2a: Garganacl|94/100 brn|[from] brn
|upkeep
|turn|8
|
|t:|1760312890
|switch|p1a: Gliscor|Gliscor, F|100/100 tox
|move|p2a: Garganacl|Salt Cure|p1a: Gliscor
|-damage|p1a: Gliscor|88/100 tox
|-start|p1a: Gliscor|Salt Cure
|
|-heal|p1a: Gliscor|99/100 tox|[from] ability: Poison Heal
|-damage|p2a: Garganacl|88/100 brn|[from] brn
|-damage|p1a: Gliscor|88/100 tox|[from] Salt Cure
|upkeep
|turn|9
|
|t:|1760312902
|move|p1a: Gliscor|Spikes|p2a: Garganacl
|-sidestart|p2: rinky21|Spikes
|move|p2a: Garganacl|Salt Cure|p1a: Gliscor
|-damage|p1a: Gliscor|74/100 tox
|
|-heal|p1a: Gliscor|87/100 tox|[from] ability: Poison Heal
|-damage|p2a: Garganacl|82/100 brn|[from] brn
|-damage|p1a: Gliscor|74/100 tox|[from] Salt Cure
|upkeep
|turn|10
|
|t:|1760312912
|move|p1a: Gliscor|Spikes|p2a: Garganacl
|-sidestart|p2: rinky21|Spikes
|move|p2a: Garganacl|Curse|p2a: Garganacl
|-unboost|p2a: Garganacl|spe|1
|-boost|p2a: Garganacl|atk|1
|-boost|p2a: Garganacl|def|1
|
|-heal|p1a: Gliscor|87/100 tox|[from] ability: Poison Heal
|-damage|p2a: Garganacl|76/100 brn|[from] brn
|-damage|p1a: Gliscor|74/100 tox|[from] Salt Cure
|upkeep
|turn|11
|
|t:|1760312924
|switch|p1a: Kyurem|Kyurem|100/100
|-ability|p1a: Kyurem|Pressure
|move|p2a: Garganacl|Salt Cure|p1a: Kyurem
|-supereffective|p1a: Kyurem
|-damage|p1a: Kyurem|65/100
|-start|p1a: Kyurem|Salt Cure
|
|-heal|p1a: Kyurem|71/100|[from] item: Leftovers
|-damage|p2a: Garganacl|70/100 brn|[from] brn
|-damage|p1a: Kyurem|59/100|[from] Salt Cure
|upkeep
|turn|12
|
|t:|1760312931
|switch|p1a: Toxapex|Toxapex, M|100/100
|move|p2a: Garganacl|Salt Cure|p1a: Toxapex
|-damage|p1a: Toxapex|84/100
|-start|p1a: Toxapex|Salt Cure
|
|-heal|p1a: Toxapex|91/100|[from] item: Leftovers
|-damage|p2a: Garganacl|63/100 brn|[from] brn
|-damage|p1a: Toxapex|66/100|[from] Salt Cure
|upkeep
|turn|13
|
|t:|1760312941
|move|p1a: Toxapex|Haze|p1a: Toxapex
|-clearallboost
|move|p2a: Garganacl|Earthquake|p1a: Toxapex
|-supereffective|p1a: Toxapex
|-damage|p1a: Toxapex|46/100
|
|-heal|p1a: Toxapex|52/100|[from] item: Leftovers
|-damage|p2a: Garganacl|57/100 brn|[from] brn
|-damage|p1a: Toxapex|27/100|[from] Salt Cure
|upkeep
|turn|14
|
|t:|1760312953
|switch|p1a: Kyurem|Kyurem|59/100
|-ability|p1a: Kyurem|Pressure
|move|p2a: Garganacl|Recover|p2a: Garganacl
|-heal|p2a: Garganacl|100/100 brn
|
|-heal|p1a: Kyurem|65/100|[from] item: Leftovers
|-damage|p2a: Garganacl|94/100 brn|[from] brn
|upkeep
|turn|15
|
|t:|1760312968
|move|p1a: Kyurem|Substitute|p1a: Kyurem
|-start|p1a: Kyurem|Substitute
|-damage|p1a: Kyurem|40/100
|move|p2a: Garganacl|Salt Cure|p1a: Kyurem
|-supereffective|p1a: Kyurem
|-activate|p1a: Kyurem|move: Substitute|[damage]
|
|-heal|p1a: Kyurem|46/100|[from] item: Leftovers
|-damage|p2a: Garganacl|88/100 brn|[from] brn
|upkeep
|turn|16
|
|t:|1760312971
|move|p1a: Kyurem|Freeze-Dry|p2a: Garganacl
|-supereffective|p2a: Garganacl
|-damage|p2a: Garganacl|45/100 brn
|move|p2a: Garganacl|Curse|p2a: Garganacl
|-unboost|p2a: Garganacl|spe|1
|-boost|p2a: Garganacl|atk|1
|-boost|p2a: Garganacl|def|1
|
|-heal|p1a: Kyurem|52/100|[from] item: Leftovers
|-damage|p2a: Garganacl|38/100 brn|[from] brn
|upkeep
|turn|17
|
|t:|1760312995
|move|p1a: Kyurem|Freeze-Dry|p2a: Garganacl
|-supereffective|p2a: Garganacl
|-damage|p2a: Garganacl|0 fnt
|faint|p2a: Garganacl
|
|-heal|p1a: Kyurem|58/100|[from] item: Leftovers
|upkeep
|
|t:|1760312998
|switch|p2a: Iron Moth|Iron Moth, shiny|100/100
|-damage|p2a: Iron Moth|84/100|[from] Spikes
|-enditem|p2a: Iron Moth|Booster Energy
|-activate|p2a: Iron Moth|ability: Quark Drive|[fromitem]
|-start|p2a: Iron Moth|quarkdrivespa
|turn|18
|
|t:|1760313011
|move|p1a: Kyurem|Protect|p1a: Kyurem
|-singleturn|p1a: Kyurem|Protect
|move|p2a: Iron Moth|U-turn|p1a: Kyurem
|-activate|p1a: Kyurem|move: Protect
|
|-heal|p1a: Kyurem|65/100|[from] item: Leftovers
|upkeep
|turn|19
|
|t:|1760313019
|move|p2a: Iron Moth|Flamethrower|p1a: Kyurem
|-end|p1a: Kyurem|Substitute
|move|p1a: Kyurem|Fly||[still]
|-prepare|p1a: Kyurem|Fly
|
|-heal|p1a: Kyurem|71/100|[from] item: Leftovers
|upkeep
|turn|20
|
|t:|1760313038
|-end|p2a: Iron Moth|Quark Drive|[silent]
|switch|p2a: Clodsire|Clodsire, F, shiny|100/100
|-damage|p2a: Clodsire|84/100|[from] Spikes
|move|p1a: Kyurem|Fly|p2a: Clodsire|[from] lockedmove
|-damage|p2a: Clodsire|58/100
|
|-heal|p1a: Kyurem|77/100|[from] item: Leftovers
|-heal|p2a: Clodsire|64/100|[from] item: Leftovers
|upkeep
|turn|21
|
|t:|1760313042
|move|p1a: Kyurem|Substitute|p1a: Kyurem
|-start|p1a: Kyurem|Substitute
|-damage|p1a: Kyurem|52/100
|move|p2a: Clodsire|Toxic||[still]
|-fail|p2a: Clodsire
|
|-heal|p1a: Kyurem|58/100|[from] item: Leftovers
|-heal|p2a: Clodsire|70/100|[from] item: Leftovers
|upkeep
|turn|22
|
|t:|1760313048
|move|p1a: Kyurem|Freeze-Dry|p2a: Clodsire
|-supereffective|p2a: Clodsire
|-damage|p2a: Clodsire|39/100
|move|p2a: Clodsire|Stealth Rock|p1a: Kyurem
|-sidestart|p1: THEIMMORTALSTALL|move: Stealth Rock
|
|-heal|p1a: Kyurem|64/100|[from] item: Leftovers
|-heal|p2a: Clodsire|45/100|[from] item: Leftovers
|upkeep
|turn|23
|
|t:|1760313057
|switch|p2a: Toxapex|Toxapex, M, shiny|100/100
|-damage|p2a: Toxapex|84/100|[from] Spikes
|move|p1a: Kyurem|Freeze-Dry|p2a: Toxapex
|-supereffective|p2a: Toxapex
|-damage|p2a: Toxapex|35/100
|
|-heal|p1a: Kyurem|71/100|[from] item: Leftovers
|-heal|p2a: Toxapex|41/100|[from] item: Black Sludge
|upkeep
|turn|24
|
|t:|1760313070
|move|p1a: Kyurem|Freeze-Dry|p2a: Toxapex
|-supereffective|p2a: Toxapex
|-damage|p2a: Toxapex|0 fnt
|faint|p2a: Toxapex
|
|-heal|p1a: Kyurem|77/100|[from] item: Leftovers
|upkeep
|
|t:|1760313074
|switch|p2a: Raging Bolt|Raging Bolt|100/100
|-damage|p2a: Raging Bolt|84/100|[from] Spikes
|-enditem|p2a: Raging Bolt|Booster Energy
|-activate|p2a: Raging Bolt|ability: Protosynthesis|[fromitem]
|-start|p2a: Raging Bolt|protosynthesisspa
|turn|25
|
|t:|1760313078
|move|p2a: Raging Bolt|Thunderclap|p1a: Kyurem
|-resisted|p1a: Kyurem
|-activate|p1a: Kyurem|move: Substitute|[damage]
|move|p1a: Kyurem|Freeze-Dry|p2a: Raging Bolt
|-supereffective|p2a: Raging Bolt
|-damage|p2a: Raging Bolt|26/100
|
|-heal|p1a: Kyurem|83/100|[from] item: Leftovers
|upkeep
|turn|26
|
|t:|1760313093
|move|p1a: Kyurem|Protect|p1a: Kyurem
|-singleturn|p1a: Kyurem|Protect
|move|p2a: Raging Bolt|Thunderclap||[still]
|-fail|p2a: Raging Bolt
|
|-heal|p1a: Kyurem|89/100|[from] item: Leftovers
|upkeep
|turn|27
|
|t:|1760313095
|move|p2a: Raging Bolt|Thunderclap|p1a: Kyurem
|-resisted|p1a: Kyurem
|-end|p1a: Kyurem|Substitute
|move|p1a: Kyurem|Freeze-Dry|p2a: Raging Bolt
|-supereffective|p2a: Raging Bolt
|-damage|p2a: Raging Bolt|0 fnt
|faint|p2a: Raging Bolt
|-end|p2a: Raging Bolt|Protosynthesis|[silent]
|
|-heal|p1a: Kyurem|95/100|[from] item: Leftovers
|upkeep
|
|t:|1760313099
|switch|p2a: Iron Moth|Iron Moth, shiny|84/100
|-damage|p2a: Iron Moth|67/100|[from] Spikes
|turn|28
|
|t:|1760313108
|move|p1a: Kyurem|Protect|p1a: Kyurem
|-singleturn|p1a: Kyurem|Protect
|move|p2a: Iron Moth|Flamethrower|p1a: Kyurem
|-activate|p1a: Kyurem|move: Protect
|
|-heal|p1a: Kyurem|100/100|[from] item: Leftovers
|upkeep
|turn|29
|
|t:|1760313113
|switch|p1a: Blissey|Blissey, F|100/100
|-damage|p1a: Blissey|88/100|[from] Stealth Rock
|move|p2a: Iron Moth|Flamethrower|p1a: Blissey
|-damage|p1a: Blissey|74/100
|
|-heal|p1a: Blissey|80/100|[from] item: Leftovers
|upkeep
|turn|30
|
|t:|1760313120
|move|p2a: Iron Moth|Sludge Wave|p1a: Blissey
|-damage|p1a: Blissey|63/100
|move|p1a: Blissey|Seismic Toss|p2a: Iron Moth
|-damage|p2a: Iron Moth|34/100
|
|-heal|p1a: Blissey|70/100|[from] item: Leftovers
|upkeep
|turn|31
|
|t:|1760313128
|-end|p2a: Iron Moth|Quark Drive|[silent]
|switch|p2a: Corviknight|Corviknight, F, shiny|100/100
|-ability|p2a: Corviknight|Pressure
|move|p1a: Blissey|Seismic Toss|p2a: Corviknight
|-damage|p2a: Corviknight|75/100
|
|-heal|p2a: Corviknight|82/100|[from] item: Leftovers
|-heal|p1a: Blissey|76/100|[from] item: Leftovers
|upkeep
|turn|32
|
|t:|1760313134
|move|p2a: Corviknight|Brave Bird|p1a: Blissey
|-damage|p1a: Blissey|37/100
|-damage|p2a: Corviknight|61/100|[from] Recoil
|move|p1a: Blissey|Stealth Rock|p2a: Corviknight
|-sidestart|p2: rinky21|move: Stealth Rock
|
|-heal|p2a: Corviknight|67/100|[from] item: Leftovers
|-heal|p1a: Blissey|43/100|[from] item: Leftovers
|upkeep
|turn|33
|
|t:|1760313141
|move|p2a: Corviknight|Roost|p2a: Corviknight
|-heal|p2a: Corviknight|100/100
|-singleturn|p2a: Corviknight|move: Roost
|move|p1a: Blissey|Soft-Boiled|p1a: Blissey
|-heal|p1a: Blissey|93/100
|
|-heal|p1a: Blissey|99/100|[from] item: Leftovers
|upkeep
|turn|34
|
|t:|1760313149
|switch|p1a: Gliscor|Gliscor, F|74/100 tox
|-damage|p1a: Gliscor|62/100 tox|[from] Stealth Rock
|move|p2a: Corviknight|Brave Bird|p1a: Gliscor
|-crit|p1a: Gliscor
|-damage|p1a: Gliscor|16/100 tox
|-damage|p2a: Corviknight|87/100|[from] Recoil
|
|-heal|p2a: Corviknight|93/100|[from] item: Leftovers
|-heal|p1a: Gliscor|29/100 tox|[from] ability: Poison Heal
|upkeep
|turn|35
|
|t:|1760313153
|move|p1a: Gliscor|Protect|p1a: Gliscor
|-singleturn|p1a: Gliscor|Protect
|move|p2a: Corviknight|Brave Bird|p1a: Gliscor
|-activate|p1a: Gliscor|move: Protect
|
|-heal|p2a: Corviknight|99/100|[from] item: Leftovers
|-heal|p1a: Gliscor|41/100 tox|[from] ability: Poison Heal
|upkeep
|turn|36
|
|t:|1760313159
|move|p1a: Gliscor|Knock Off|p2a: Corviknight
|-damage|p2a: Corviknight|85/100
|-enditem|p2a: Corviknight|Leftovers|[from] move: Knock Off|[of] p1a: Gliscor
|move|p2a: Corviknight|U-turn|p1a: Gliscor
|-resisted|p1a: Gliscor
|-damage|p1a: Gliscor|36/100 tox
|
|t:|1760313165
|switch|p2a: Clodsire|Clodsire, F, shiny|45/100|[from] U-turn
|-damage|p2a: Clodsire|28/100|[from] Spikes
|-damage|p2a: Clodsire|22/100|[from] Stealth Rock
|
|-heal|p2a: Clodsire|28/100|[from] item: Leftovers
|-heal|p1a: Gliscor|49/100 tox|[from] ability: Poison Heal
|upkeep
|turn|37
|
|t:|1760313171
|move|p1a: Gliscor|Earthquake|p2a: Clodsire
|-supereffective|p2a: Clodsire
|-damage|p2a: Clodsire|0 fnt
|faint|p2a: Clodsire
|
|-heal|p1a: Gliscor|61/100 tox|[from] ability: Poison Heal
|upkeep
|
|t:|1760313174
|switch|p2a: Corviknight|Corviknight, F, shiny|85/100
|-damage|p2a: Corviknight|72/100|[from] Stealth Rock
|-ability|p2a: Corviknight|Pressure
|turn|38
|-message|rinky21 forfeited.
|
|win|THEIMMORTALSTALL
|raw|THEIMMORTALSTALL's rating: 1000 &rarr; <strong>1043</strong><br />(+43 for winning)
|raw|rinky21's rating: 1025 &rarr; <strong>1010</strong><br />(-15 for losing)
|l|☆rinky21
|player|p2|
