|j|☆pokefanfdj
|j|☆MegaHitmonleeWhen
|t:|1760337643
|gametype|singles
|player|p1|pokefanfdj|169|1221
|player|p2|MegaHitmonleeWhen|blackbelt|1186
|gen|9
|tier|[Gen 9] OU
|rated|
|rule|HP Percentage Mod: HP is shown in percentages
|rule|Endless Battle Clause: Forcing endless battles is banned
|rule|Species Clause: Limit one of each Pokémon
|rule|OHKO Clause: OHKO moves are banned
|rule|Evasion Items Clause: Evasion items are banned
|rule|Evasion Moves Clause: Evasion moves are banned
|rule|Evasion Abilities Clause: Evasion abilities are banned
|rule|Sleep Moves Clause: Sleep-inducing moves are banned
|clearpoke
|poke|p1|Moltres|
|poke|p1|Kleavor, F|
|poke|p1|Dondozo, M|
|poke|p1|Blissey, F|
|poke|p1|Kingambit, M|
|poke|p1|Brambleghast, M|
|poke|p2|Magnezone|
|poke|p2|Dugtrio, M|
|poke|p2|Regidrago|
|poke|p2|Floatzel, F|
|poke|p2|Great Tusk|
|poke|p2|Clodsire, M|
|teampreview
|inactive|Battle timer is ON: inactive players will automatically lose when time's up. (requested by pokefanfdj)
|
|t:|1760337674
|teamsize|p1|6
|teamsize|p2|6
|start
|switch|p1a: Kleavor|Kleavor, F|100/100
|switch|p2a: Floatzel|Floatzel, F|100/100
|turn|1
|
|t:|1760337680
|move|p2a: Floatzel|Flip Turn|p1a: Kleavor
|-supereffective|p1a: Kleavor
|-enditem|p1a: Kleavor|Focus Sash
|-damage|p1a: Kleavor|1/100
|
|t:|1760337686
|switch|p2a: Great Tusk|Great Tusk|100/100|[from] Flip Turn
|move|p1a: Kleavor|Tailwind|p1a: Kleavor
|-sidestart|p1: pokefanfdj|move: Tailwind
|
|upkeep
|turn|2
|
|t:|1760337697
|move|p1a: Kleavor|Thief|p2a: Great Tusk
|-resisted|p2a: Great Tusk
|-damage|p2a: Great Tusk|94/100
|-damage|p1a: Kleavor|0 fnt|[from] item: Rocky Helmet|[of] p2a: Great Tusk
|faint|p1a: Kleavor
|move|p2a: Great Tusk|Rapid Spin|p1: Kleavor|[notarget]
|-fail|p2a: Great Tusk
|
|upkeep
|
|t:|1760337705
|switch|p1a: Brambleghast|Brambleghast, M|100/100
|-ability|p1a: Brambleghast|Wind Rider|boost
|-boost|p1a: Brambleghast|atk|1
|turn|3
|
|t:|1760337724
|move|p1a: Brambleghast|Power Whip|p2a: Great Tusk
|-supereffective|p2a: Great Tusk
|-damage|p2a: Great Tusk|0 fnt
|-damage|p1a: Brambleghast|84/100|[from] item: Rocky Helmet|[of] p2a: Great Tusk
|faint|p2a: Great Tusk
|-end|p2a: Great Tusk|Protosynthesis|[silent]
|
|upkeep
|
|t:|1760337743
|switch|p2a: Dugtrio|Dugtrio, M|100/100
|turn|4
|
|t:|1760337749
|move|p2a: Dugtrio|Sucker Punch|p1a: Brambleghast
|-supereffective|p1a: Brambleghast
|-damage|p1a: Brambleghast|0 fnt
|faint|p1a: Brambleghast
|
|-sideend|p1: pokefanfdj|move: Tailwind
|upkeep
|
|t:|1760337753
|switch|p1a: Dondozo|Dondozo, M|100/100
|turn|5
|
|t:|1760337758
|switch|p2a: Magnezone|Magnezone|100/100
|move|p1a: Dondozo|Curse|p1a: Dondozo
|-unboost|p1a: Dondozo|spe|1
|-boost|p1a: Dondozo|atk|1
|-boost|p1a: Dondozo|def|1
|
|upkeep
|turn|6
|
|t:|1760337764
|-terastallize|p1a: Dondozo|Electric
|move|p2a: Magnezone|Volt Switch|p1a: Dondozo
|-resisted|p1a: Dondozo
|-damage|p1a: Dondozo|89/100
|
|t:|1760337769
|switch|p2a: Regidrago|Regidrago|100/100|[from] Volt Switch
|move|p1a: Dondozo|Curse|p1a: Dondozo
|-unboost|p1a: Dondozo|spe|1
|-boost|p1a: Dondozo|atk|1
|-boost|p1a: Dondozo|def|1
|
|-heal|p1a: Dondozo|95/100|[from] item: Leftovers
|upkeep
|turn|7
|
|t:|1760337777
|-terastallize|p2a: Regidrago|Dragon
|move|p2a: Regidrago|Dragon Energy|p1a: Dondozo
|-crit|p1a: Dondozo
|-damage|p1a: Dondozo|0 fnt
|faint|p1a: Dondozo
|
|upkeep
|
|t:|1760337791
|switch|p1a: Moltres|Moltres|100/100
|turn|8
|
|t:|1760337794
|move|p2a: Regidrago|Dragon Energy|p1a: Moltres
|-damage|p1a: Moltres|0 fnt
|faint|p1a: Moltres
|
|upkeep
|
|t:|1760337798
|switch|p1a: Blissey|Blissey, F|100/100
|turn|9
|
|t:|1760337807
|switch|p2a: Floatzel|Floatzel, F|100/100
|move|p1a: Blissey|Thunder Wave|p2a: Floatzel
|-status|p2a: Floatzel|par
|
|upkeep
|turn|10
|
|t:|1760337812
|switch|p1a: Kingambit|Kingambit, M|100/100
|-activate|p1a: Kingambit|ability: Supreme Overlord
|-start|p1a: Kingambit|fallen4|[silent]
|move|p2a: Floatzel|Wave Crash|p1a: Kingambit
|-damage|p1a: Kingambit|32/100
|-damage|p2a: Floatzel|75/100 par|[from] Recoil
|
|-heal|p1a: Kingambit|38/100|[from] item: Leftovers
|upkeep
|turn|11
|
|t:|1760337819
|move|p1a: Kingambit|Swords Dance|p1a: Kingambit
|-boost|p1a: Kingambit|atk|2
|cant|p2a: Floatzel|par
|
|-heal|p1a: Kingambit|44/100|[from] item: Leftovers
|upkeep
|turn|12
|
|t:|1760337825
|switch|p2a: Magnezone|Magnezone|100/100
|move|p1a: Kingambit|Sucker Punch||[still]
|-fail|p1a: Kingambit
|
|-heal|p1a: Kingambit|50/100|[from] item: Leftovers
|upkeep
|turn|13
|
|t:|1760337830
|move|p2a: Magnezone|Volt Switch|p1a: Kingambit
|-damage|p1a: Kingambit|5/100
|
|t:|1760337838
|switch|p2a: Dugtrio|Dugtrio, M|100/100|[from] Volt Switch
|move|p1a: Kingambit|Low Kick|p2a: Dugtrio
|-damage|p2a: Dugtrio|0 fnt
|faint|p2a: Dugtrio
|
|-heal|p1a: Kingambit|11/100|[from] item: Leftovers
|upkeep
|
|t:|1760337841
|switch|p2a: Floatzel|Floatzel, F|75/100 par
|turn|14
|
|t:|1760337845
|move|p1a: Kingambit|Sucker Punch|p2a: Floatzel
|-damage|p2a: Floatzel|0 fnt
|faint|p2a: Floatzel
|
|-heal|p1a: Kingambit|17/100|[from] item: Leftovers
|upkeep
|
|t:|1760337850
|switch|p2a: Magnezone|Magnezone|100/100
|turn|15
|
|t:|1760337853
|move|p1a: Kingambit|Sucker Punch|p2a: Magnezone
|-crit|p2a: Magnezone
|-damage|p2a: Magnezone|0 fnt
|faint|p2a: Magnezone
|
|-heal|p1a: Kingambit|23/100|[from] item: Leftovers
|upkeep
|
|t:|1760337858
|switch|p2a: Clodsire|Clodsire, M|100/100
|turn|16
|
|t:|1760337861
|move|p1a: Kingambit|Kowtow Cleave|p2a: Clodsire
|-damage|p2a: Clodsire|0 fnt
|faint|p2a: Clodsire
|
|-heal|p1a: Kingambit|29/100|[from] item: Leftovers
|upkeep
|
|t:|1760337866
|switch|p2a: Regidrago|Regidrago, tera:Dragon|100/100
|turn|17
|
|t:|1760337869
|move|p1a: Kingambit|Sucker Punch|p2a: Regidrago
|-damage|p2a: Regidrago|0 fnt
|faint|p2a: Regidrago
|
|win|pokefanfdj
|raw|pokefanfdj's rating: 1221 &rarr; <strong>1243</strong><br />(+22 for winning)
|raw|MegaHitmonleeWhen's rating: 1186 &rarr; <strong>1164</strong><br />(-22 for losing)
|l|☆MegaHitmonleeWhen
|player|p2|
|l|☆pokefanfdj
|player|p1|
