|j|☆Ayayaphone
|j|☆hcyaiiu
|t:|1760444243
|gametype|singles
|player|p1|Ayayaphone|2|1261
|player|p2|hcyaiiu|cynthia|1269
|gen|9
|tier|[Gen 9] OU
|rated|
|rule|HP Percentage Mod: HP is shown in percentages
|rule|Endless Battle Clause: Forcing endless battles is banned
|rule|Species Clause: Limit one of each Pokémon
|rule|OHKO Clause: OHKO moves are banned
|rule|Evasion Items Clause: Evasion items are banned
|rule|Evasion Moves Clause: Evasion moves are banned
|rule|Evasion Abilities Clause: Evasion abilities are banned
|rule|Sleep Moves Clause: Sleep-inducing moves are banned
|clearpoke
|poke|p1|Raging Bolt|
|poke|p1|Pincurchin, M|
|poke|p1|Hawlucha, F|
|poke|p1|Iron Treads|
|poke|p1|Meloetta|
|poke|p1|Rotom-Wash|
|poke|p2|Walking Wake|
|poke|p2|Scizor, F|
|poke|p2|Meowscarada, F|
|poke|p2|Krookodile, M|
|poke|p2|Zapdos|
|poke|p2|Deoxys-Defense|
|teampreview
|inactive|Battle timer is ON: inactive players will automatically lose when time's up. (requested by Ayayaphone)
|inactive|hcyaiiu also wants the timer to be on.
|
|t:|1760444267
|teamsize|p1|6
|teamsize|p2|6
|start
|switch|p1a: Iron Treads|Iron Treads|100/100
|switch|p2a: Krookodile|Krookodile, M|100/100
|turn|1
|
|t:|1760444276
|-end|p1a: Iron Treads|Quark Drive|[silent]
|switch|p1a: Rotom|Rotom-Wash|100/100
|move|p2a: Krookodile|Earthquake|p1a: Rotom
|-immune|p1a: Rotom|[from] ability: Levitate
|
|upkeep
|turn|2
|
|t:|1760444299
|switch|p2a: Zapdos|Zapdos|100/100
|move|p1a: Rotom|Will-O-Wisp|p2a: Zapdos
|-status|p2a: Zapdos|brn
|
|-damage|p2a: Zapdos|94/100 brn|[from] brn
|upkeep
|turn|3
|
|t:|1760444313
|move|p2a: Zapdos|Hurricane|p1a: Rotom
|-resisted|p1a: Rotom
|-damage|p1a: Rotom|68/100
|move|p1a: Rotom|Volt Switch|p2a: Zapdos
|-damage|p2a: Zapdos|63/100 brn
|
|t:|1760444321
|switch|p1a: Raging Bolt|Raging Bolt|100/100|[from] Volt Switch
|
|-damage|p2a: Zapdos|57/100 brn|[from] brn
|upkeep
|turn|4
|
|t:|1760444328
|move|p1a: Raging Bolt|Draco Meteor|p2a: Zapdos|[miss]
|-miss|p1a: Raging Bolt|p2a: Zapdos
|move|p2a: Zapdos|Hurricane|p1a: Raging Bolt|[miss]
|-miss|p2a: Zapdos|p1a: Raging Bolt
|
|-damage|p2a: Zapdos|51/100 brn|[from] brn
|upkeep
|turn|5
|
|t:|1760444342
|move|p1a: Raging Bolt|Draco Meteor|p2a: Zapdos
|-damage|p2a: Zapdos|0 fnt
|-unboost|p1a: Raging Bolt|spa|2
|faint|p2a: Zapdos
|
|upkeep
|
|t:|1760444358
|switch|p2a: Scizor|Scizor, F, shiny|100/100
|turn|6
|
|t:|1760444365
|-end|p1a: Raging Bolt|Protosynthesis|[silent]
|switch|p1a: Pincurchin|Pincurchin, M|100/100
|-fieldstart|move: Electric Terrain|[from] ability: Electric Surge|[of] p1a: Pincurchin
|move|p2a: Scizor|Swords Dance|p2a: Scizor
|-boost|p2a: Scizor|atk|2
|
|upkeep
|turn|7
|
|t:|1760444381
|move|p2a: Scizor|Pounce|p1a: Pincurchin
|-damage|p1a: Pincurchin|26/100
|-unboost|p1a: Pincurchin|spe|1
|move|p1a: Pincurchin|Thunder Wave|p2a: Scizor
|-status|p2a: Scizor|par
|
|upkeep
|turn|8
|
|t:|1760444391
|switch|p1a: Raging Bolt|Raging Bolt|100/100
|move|p2a: Scizor|Bullet Punch|p1a: Raging Bolt
|-resisted|p1a: Raging Bolt
|-damage|p1a: Raging Bolt|65/100
|
|upkeep
|turn|9
|
|t:|1760444399
|move|p1a: Raging Bolt|Rising Voltage|p2a: Scizor
|-hint|Rising Voltage's BP doubled on grounded target.
|-damage|p2a: Scizor|0 fnt
|faint|p2a: Scizor
|
|upkeep
|
|t:|1760444406
|switch|p2a: Krookodile|Krookodile, M|100/100
|turn|10
|
|t:|1760444411
|-end|p1a: Raging Bolt|Protosynthesis|[silent]
|switch|p1a: Hawlucha|Hawlucha, F|100/100
|-enditem|p1a: Hawlucha|Electric Seed
|-boost|p1a: Hawlucha|def|1|[from] item: Electric Seed
|move|p2a: Krookodile|Earthquake|p1a: Hawlucha
|-immune|p1a: Hawlucha
|
|upkeep
|turn|11
|
|t:|1760444425
|switch|p2a: Deoxys|Deoxys-Defense|100/100
|-ability|p2a: Deoxys|Pressure
|move|p1a: Hawlucha|Swords Dance|p1a: Hawlucha
|-boost|p1a: Hawlucha|atk|2
|
|upkeep
|turn|12
|
|t:|1760444433
|move|p1a: Hawlucha|Taunt|p2a: Deoxys
|-start|p2a: Deoxys|move: Taunt
|cant|p2a: Deoxys|move: Taunt|Thunder Wave
|
|upkeep
|turn|13
|
|t:|1760444441
|move|p1a: Hawlucha|Swords Dance|p1a: Hawlucha
|-boost|p1a: Hawlucha|atk|2
|move|p2a: Deoxys|Knock Off|p1a: Hawlucha
|-resisted|p1a: Hawlucha
|-damage|p1a: Hawlucha|95/100
|
|-fieldend|move: Electric Terrain
|upkeep
|turn|14
|
|t:|1760444451
|switch|p2a: Meowscarada|Meowscarada, F, shiny|100/100
|move|p1a: Hawlucha|Acrobatics|p2a: Meowscarada
|-supereffective|p2a: Meowscarada
|-damage|p2a: Meowscarada|0 fnt
|faint|p2a: Meowscarada
|
|upkeep
|
|t:|1760444460
|switch|p2a: Walking Wake|Walking Wake|100/100
|turn|15
|
|t:|1760444465
|-terastallize|p1a: Hawlucha|Fighting
|move|p1a: Hawlucha|Close Combat|p2a: Walking Wake
|-crit|p2a: Walking Wake
|-damage|p2a: Walking Wake|0 fnt
|-unboost|p1a: Hawlucha|def|1
|-unboost|p1a: Hawlucha|spd|1
|faint|p2a: Walking Wake
|-end|p2a: Walking Wake|Protosynthesis|[silent]
|
|upkeep
|
|t:|1760444477
|switch|p2a: Deoxys|Deoxys-Defense|100/100
|-ability|p2a: Deoxys|Pressure
|turn|16
|
|t:|1760444483
|move|p1a: Hawlucha|Acrobatics|p2a: Deoxys
|-damage|p2a: Deoxys|0 fnt
|faint|p2a: Deoxys
|
|upkeep
|
|t:|1760444488
|switch|p2a: Krookodile|Krookodile, M|100/100
|turn|17
|
|t:|1760444494
|-terastallize|p2a: Krookodile|Poison
|move|p1a: Hawlucha|Acrobatics|p2a: Krookodile
|-damage|p2a: Krookodile|0 fnt
|faint|p2a: Krookodile
|
|win|Ayayaphone
|raw|Ayayaphone's rating: 1261 &rarr; <strong>1287</strong><br />(+26 for winning)
|raw|hcyaiiu's rating: 1269 &rarr; <strong>1243</strong><br />(-26 for losing)
|l|☆hcyaiiu
|player|p2|
|l|☆Ayayaphone
|player|p1|
