|j|☆RovaRed
|j|☆schLIM2
|t:|1760458611
|gametype|singles
|player|p1|RovaRed|102|1382
|player|p2|schLIM2|shadowtriad|1410
|gen|9
|tier|[Gen 9] OU
|rated|
|rule|HP Percentage Mod: HP is shown in percentages
|rule|Endless Battle Clause: Forcing endless battles is banned
|rule|Species Clause: Limit one of each Pokémon
|rule|OHKO Clause: OHKO moves are banned
|rule|Evasion Items Clause: Evasion items are banned
|rule|Evasion Moves Clause: Evasion moves are banned
|rule|Evasion Abilities Clause: Evasion abilities are banned
|rule|Sleep Moves Clause: Sleep-inducing moves are banned
|clearpoke
|poke|p1|Shiftry, F|
|poke|p1|Rillaboom, F|
|poke|p1|Brambleghast, F|
|poke|p1|Hawlucha, M|
|poke|p1|Great Tusk|
|poke|p1|Iron Moth|
|poke|p2|Torkoal, F|
|poke|p2|Lilligant-Hisui, F|
|poke|p2|Walking Wake|
|poke|p2|Typhlosion-Hisui, F|
|poke|p2|Hydrapple, F|
|poke|p2|Latias, F|
|teampreview
|
|t:|1760458654
|teamsize|p1|6
|teamsize|p2|6
|start
|switch|p1a: Shiftry|Shiftry, F|100/100
|switch|p2a: Torkoal|Torkoal, F|100/100
|-weather|SunnyDay|[from] ability: Drought|[of] p2a: Torkoal
|turn|1
|
|t:|1760458661
|move|p1a: Shiftry|Tailwind|p1a: Shiftry
|-sidestart|p1: RovaRed|move: Tailwind
|-ability|p1a: Shiftry|Wind Rider|boost
|-boost|p1a: Shiftry|atk|1
|move|p2a: Torkoal|Stealth Rock|p1a: Shiftry
|-sidestart|p1: RovaRed|move: Stealth Rock
|
|-weather|SunnyDay|[upkeep]
|upkeep
|turn|2
|
|t:|1760458669
|move|p1a: Shiftry|Knock Off|p2a: Torkoal
|-damage|p2a: Torkoal|56/100
|-enditem|p2a: Torkoal|Heat Rock|[from] move: Knock Off|[of] p1a: Shiftry
|move|p2a: Torkoal|Lava Plume|p1a: Shiftry
|-supereffective|p1a: Shiftry
|-enditem|p1a: Shiftry|Focus Sash
|-damage|p1a: Shiftry|1/100
|-status|p1a: Shiftry|brn
|
|-weather|SunnyDay|[upkeep]
|-damage|p1a: Shiftry|0 fnt|[from] brn
|faint|p1a: Shiftry
|upkeep
|
|t:|1760458695
|switch|p1a: Brambleghast|Brambleghast, F|100/100
|-damage|p1a: Brambleghast|88/100|[from] Stealth Rock
|-ability|p1a: Brambleghast|Wind Rider|boost
|-boost|p1a: Brambleghast|atk|1
|turn|3
|
|t:|1760458713
|switch|p2a: Hydrapple|Hydrapple, F|100/100
|move|p1a: Brambleghast|Bullet Seed|p2a: Hydrapple
|-resisted|p2a: Hydrapple
|-damage|p2a: Hydrapple|98/100
|-resisted|p2a: Hydrapple
|-damage|p2a: Hydrapple|96/100
|-resisted|p2a: Hydrapple
|-damage|p2a: Hydrapple|94/100
|-resisted|p2a: Hydrapple
|-damage|p2a: Hydrapple|91/100
|-hitcount|p2a: Hydrapple|4
|-enditem|p2a: Hydrapple|Eject Button
|
|t:|1760458733
|switch|p2a: Lilligant|Lilligant-Hisui, F|100/100
|
|-weather|SunnyDay|[upkeep]
|upkeep
|turn|4
|
|t:|1760458742
|move|p2a: Lilligant|Victory Dance|p2a: Lilligant
|-boost|p2a: Lilligant|atk|1
|-boost|p2a: Lilligant|def|1
|-boost|p2a: Lilligant|spe|1
|move|p1a: Brambleghast|Poltergeist|p2a: Lilligant
|-activate|p2a: Lilligant|move: Poltergeist|Power Herb
|-damage|p2a: Lilligant|25/100
|
|-weather|SunnyDay|[upkeep]
|-sideend|p1: RovaRed|move: Tailwind
|upkeep
|turn|5
|
|t:|1760458752
|move|p1a: Brambleghast|Shadow Sneak|p2a: Lilligant
|-damage|p2a: Lilligant|0 fnt
|faint|p2a: Lilligant
|
|-weather|SunnyDay|[upkeep]
|upkeep
|
|t:|1760458756
|switch|p2a: Walking Wake|Walking Wake|100/100
|-activate|p2a: Walking Wake|ability: Protosynthesis
|-start|p2a: Walking Wake|protosynthesisspa
|turn|6
|
|t:|1760458761
|move|p2a: Walking Wake|Flamethrower|p1a: Brambleghast
|-supereffective|p1a: Brambleghast
|-damage|p1a: Brambleghast|0 fnt
|faint|p1a: Brambleghast
|
|-weather|SunnyDay|[upkeep]
|upkeep
|
|t:|1760458773
|switch|p1a: Iron Moth|Iron Moth|100/100
|-damage|p1a: Iron Moth|76/100|[from] Stealth Rock
|-enditem|p1a: Iron Moth|Booster Energy
|-activate|p1a: Iron Moth|ability: Quark Drive|[fromitem]
|-start|p1a: Iron Moth|quarkdrivespe
|turn|7
|inactive|Battle timer is ON: inactive players will automatically lose when time's up. (requested by schLIM2)
|
|t:|1760458942
|move|p1a: Iron Moth|Fiery Dance|p2a: Walking Wake
|-resisted|p2a: Walking Wake
|-damage|p2a: Walking Wake|82/100
|-boost|p1a: Iron Moth|spa|1
|move|p2a: Walking Wake|Flamethrower|p1a: Iron Moth
|-resisted|p1a: Iron Moth
|-damage|p1a: Iron Moth|43/100
|
|-weather|SunnyDay|[upkeep]
|upkeep
|turn|8
|
|t:|1760458957
|-end|p2a: Walking Wake|Protosynthesis|[silent]
|switch|p2a: Typhlosion|Typhlosion-Hisui, F|100/100
|move|p1a: Iron Moth|Dazzling Gleam|p2a: Typhlosion
|-resisted|p2a: Typhlosion
|-damage|p2a: Typhlosion|72/100
|
|-weather|none
|upkeep
|turn|9
|
|t:|1760458967
|move|p1a: Iron Moth|Sludge Wave|p2a: Typhlosion
|-resisted|p2a: Typhlosion
|-crit|p2a: Typhlosion
|-damage|p2a: Typhlosion|4/100
|move|p2a: Typhlosion|Shadow Ball|p1a: Iron Moth
|-damage|p1a: Iron Moth|0 fnt
|faint|p1a: Iron Moth
|-end|p1a: Iron Moth|Quark Drive|[silent]
|
|upkeep
|
|t:|1760458973
|switch|p1a: Rillaboom|Rillaboom, F|100/100
|-damage|p1a: Rillaboom|88/100|[from] Stealth Rock
|-fieldstart|move: Grassy Terrain|[from] ability: Grassy Surge|[of] p1a: Rillaboom
|turn|10
|
|t:|1760458986
|switch|p2a: Torkoal|Torkoal, F|56/100
|-weather|SunnyDay|[from] ability: Drought|[of] p2a: Torkoal
|move|p1a: Rillaboom|Grassy Glide|p2a: Torkoal
|-resisted|p2a: Torkoal
|-damage|p2a: Torkoal|42/100
|
|-weather|SunnyDay|[upkeep]
|-heal|p1a: Rillaboom|94/100|[from] Grassy Terrain
|-heal|p2a: Torkoal|48/100|[from] Grassy Terrain
|upkeep
|turn|11
|
|t:|1760459006
|move|p1a: Rillaboom|U-turn|p2a: Torkoal
|-resisted|p2a: Torkoal
|-damage|p2a: Torkoal|38/100
|
|t:|1760459009
|switch|p1a: Great Tusk|Great Tusk|100/100|[from] U-turn
|-damage|p1a: Great Tusk|98/100|[from] Stealth Rock
|-activate|p1a: Great Tusk|ability: Protosynthesis
|-start|p1a: Great Tusk|protosynthesisspe
|move|p2a: Torkoal|Lava Plume|p1a: Great Tusk
|-damage|p1a: Great Tusk|50/100
|-status|p1a: Great Tusk|brn
|
|-weather|SunnyDay|[upkeep]
|-heal|p1a: Great Tusk|57/100 brn|[from] Grassy Terrain
|-heal|p2a: Torkoal|44/100|[from] Grassy Terrain
|-damage|p1a: Great Tusk|50/100 brn|[from] brn
|upkeep
|turn|12
|
|t:|1760459025
|switch|p2a: Typhlosion|Typhlosion-Hisui, F|4/100
|move|p1a: Great Tusk|Headlong Rush|p2a: Typhlosion
|-supereffective|p2a: Typhlosion
|-damage|p2a: Typhlosion|0 fnt
|-unboost|p1a: Great Tusk|def|1
|-unboost|p1a: Great Tusk|spd|1
|faint|p2a: Typhlosion
|
|-weather|SunnyDay|[upkeep]
|-heal|p1a: Great Tusk|57/100 brn|[from] Grassy Terrain
|-damage|p1a: Great Tusk|50/100 brn|[from] brn
|upkeep
|
|t:|1760459031
|switch|p2a: Walking Wake|Walking Wake|82/100
|-activate|p2a: Walking Wake|ability: Protosynthesis
|-start|p2a: Walking Wake|protosynthesisspa
|turn|13
|
|t:|1760459039
|move|p2a: Walking Wake|Flamethrower|p1a: Great Tusk
|-damage|p1a: Great Tusk|0 fnt
|faint|p1a: Great Tusk
|-end|p1a: Great Tusk|Protosynthesis|[silent]
|
|-weather|SunnyDay|[upkeep]
|-heal|p2a: Walking Wake|88/100|[from] Grassy Terrain
|upkeep
|
|t:|1760459059
|switch|p1a: Hawlucha|Hawlucha, M|100/100
|-damage|p1a: Hawlucha|88/100|[from] Stealth Rock
|-enditem|p1a: Hawlucha|Grassy Seed
|-boost|p1a: Hawlucha|def|1|[from] item: Grassy Seed
|turn|14
|inactive|RovaRed has 120 seconds left.
|inactive|RovaRed has 90 seconds left.
|inactive|RovaRed has 60 seconds left.
|inactive|RovaRed has 30 seconds left.
|inactive|RovaRed has 20 seconds left.
|inactive|RovaRed has 15 seconds left.
|inactive|RovaRed has 10 seconds left.
|inactive|RovaRed has 5 seconds left.
|-message|RovaRed lost due to inactivity.
|
|win|schLIM2
|raw|RovaRed's rating: 1382 &rarr; <strong>1364</strong><br />(-18 for losing)
|raw|schLIM2's rating: 1410 &rarr; <strong>1428</strong><br />(+18 for winning)
|l|☆RovaRed
|player|p1|
