|j|☆venjazanzhes123
|j|☆Aquamonali
|t:|1760393156
|gametype|singles
|player|p1|venjazanzhes123|clair|1484
|player|p2|Aquamonali|miriam|1513
|gen|9
|tier|[Gen 9] OU
|rated|
|rule|HP Percentage Mod: HP is shown in percentages
|rule|Endless Battle Clause: Forcing endless battles is banned
|rule|Species Clause: Limit one of each Pokémon
|rule|OHKO Clause: OHKO moves are banned
|rule|Evasion Items Clause: Evasion items are banned
|rule|Evasion Moves Clause: Evasion moves are banned
|rule|Evasion Abilities Clause: Evasion abilities are banned
|rule|Sleep Moves Clause: Sleep-inducing moves are banned
|clearpoke
|poke|p1|Gyarados, M|
|poke|p1|Arcanine, M|
|poke|p1|Scizor, M|
|poke|p1|Tyranitar, M|
|poke|p1|Venusaur, M|
|poke|p1|Vaporeon, M|
|poke|p2|Serperior, M|
|poke|p2|Tinkaton, F|
|poke|p2|Kyurem|
|poke|p2|Pecharunt|
|poke|p2|Gliscor, F|
|poke|p2|Zamazenta-*|
|teampreview
|inactive|Battle timer is ON: inactive players will automatically lose when time's up. (requested by Aquamonali)
|
|t:|1760393160
|teamsize|p1|6
|teamsize|p2|6
|start
|switch|p1a: Arcanine|Arcanine, M|100/100
|switch|p2a: Serperior|Serperior, M, shiny|100/100
|-ability|p1a: Arcanine|Intimidate|boost
|-boost|p2a: Serperior|atk|1
|turn|1
|
|t:|1760393168
|switch|p2a: Gliscor|Gliscor, F|100/100
|move|p1a: Arcanine|Flare Blitz|p2a: Gliscor
|-damage|p2a: Gliscor|54/100
|-damage|p1a: Arcanine|84/100|[from] Recoil
|
|-status|p2a: Gliscor|tox|[from] item: Toxic Orb
|upkeep
|turn|2
|
|t:|1760393173
|switch|p1a: Scizor|Scizor, M|100/100
|move|p2a: Gliscor|Knock Off|p1a: Scizor
|-damage|p1a: Scizor|79/100
|-enditem|p1a: Scizor|Leftovers|[from] move: Knock Off|[of] p2a: Gliscor
|
|-heal|p2a: Gliscor|67/100 tox|[from] ability: Poison Heal
|upkeep
|turn|3
|
|t:|1760393177
|move|p2a: Gliscor|Protect|p2a: Gliscor
|-singleturn|p2a: Gliscor|Protect
|move|p1a: Scizor|Swords Dance|p1a: Scizor
|-boost|p1a: Scizor|atk|2
|
|-heal|p2a: Gliscor|79/100 tox|[from] ability: Poison Heal
|upkeep
|turn|4
|
|t:|1760393189
|move|p2a: Gliscor|Swords Dance|p2a: Gliscor
|-boost|p2a: Gliscor|atk|2
|move|p1a: Scizor|Swords Dance|p1a: Scizor
|-boost|p1a: Scizor|atk|2
|
|-heal|p2a: Gliscor|92/100 tox|[from] ability: Poison Heal
|upkeep
|turn|5
|
|t:|1760393196
|move|p1a: Scizor|Bullet Punch|p2a: Gliscor
|-damage|p2a: Gliscor|12/100 tox
|move|p2a: Gliscor|Facade|p1a: Scizor
|-resisted|p1a: Scizor
|-damage|p1a: Scizor|47/100
|
|-heal|p2a: Gliscor|24/100 tox|[from] ability: Poison Heal
|upkeep
|turn|6
|
|t:|1760393202
|move|p1a: Scizor|Bullet Punch|p2a: Gliscor
|-damage|p2a: Gliscor|0 fnt
|faint|p2a: Gliscor
|
|upkeep
|
|t:|1760393204
|switch|p2a: Tinkaton|Tinkaton, F, shiny|100/100
|-ability|p2a: Tinkaton|Mold Breaker
|-item|p2a: Tinkaton|Air Balloon
|turn|7
|
|t:|1760393208
|-terastallize|p2a: Tinkaton|Ghost
|move|p1a: Scizor|Bullet Punch|p2a: Tinkaton
|-damage|p2a: Tinkaton|0 fnt
|-enditem|p2a: Tinkaton|Air Balloon
|faint|p2a: Tinkaton
|
|upkeep
|
|t:|1760393215
|switch|p2a: Zamazenta|Zamazenta|100/100
|-ability|p2a: Zamazenta|Dauntless Shield|boost
|-boost|p2a: Zamazenta|def|1
|turn|8
|c|☆venjazanzhes123|my team is team the blue
|c|☆venjazanzhes123|blue in pokemon yellow have a vaporeon and blue have in pokemon stadium scyther
|
|t:|1760393234
|move|p1a: Scizor|Bullet Punch|p2a: Zamazenta
|-damage|p2a: Zamazenta|37/100
|move|p2a: Zamazenta|Close Combat|p1a: Scizor
|-damage|p1a: Scizor|0 fnt
|-unboost|p2a: Zamazenta|def|1
|-unboost|p2a: Zamazenta|spd|1
|faint|p1a: Scizor
|
|upkeep
|
|t:|1760393240
|switch|p1a: Arcanine|Arcanine, M|84/100
|-ability|p1a: Arcanine|Intimidate|boost
|-unboost|p2a: Zamazenta|atk|1
|turn|9
|
|t:|1760393246
|switch|p2a: Pecharunt|Pecharunt|100/100
|move|p1a: Arcanine|Will-O-Wisp|p2a: Pecharunt
|-status|p2a: Pecharunt|brn
|
|-damage|p2a: Pecharunt|94/100 brn|[from] brn
|upkeep
|turn|10
|
|t:|1760393252
|switch|p1a: Venusaur|Venusaur, M|100/100
|move|p2a: Pecharunt|Malignant Chain|p1a: Venusaur
|-damage|p1a: Venusaur|66/100
|
|-damage|p2a: Pecharunt|88/100 brn|[from] brn
|upkeep
|turn|11
|
|t:|1760393259
|move|p1a: Venusaur|Earth Power|p2a: Pecharunt
|-supereffective|p2a: Pecharunt
|-damage|p2a: Pecharunt|10/100 brn
|-damage|p1a: Venusaur|56/100|[from] item: Life Orb
|move|p2a: Pecharunt|Parting Shot|p1a: Venusaur
|-unboost|p1a: Venusaur|atk|1
|-unboost|p1a: Venusaur|spa|1
|
|t:|1760393263
|switch|p2a: Serperior|Serperior, M, shiny|100/100|[from] Parting Shot
|
|upkeep
|turn|12
|
|t:|1760393265
|move|p2a: Serperior|Substitute|p2a: Serperior
|-start|p2a: Serperior|Substitute
|-damage|p2a: Serperior|76/100
|move|p1a: Venusaur|Sludge Bomb|p2a: Serperior
|-supereffective|p2a: Serperior
|-end|p2a: Serperior|Substitute
|-damage|p1a: Venusaur|46/100|[from] item: Life Orb
|
|upkeep
|turn|13
|
|t:|1760393268
|move|p2a: Serperior|Glare|p1a: Venusaur
|-status|p1a: Venusaur|par
|move|p1a: Venusaur|Sludge Bomb|p2a: Serperior
|-supereffective|p2a: Serperior
|-damage|p2a: Serperior|0 fnt
|faint|p2a: Serperior
|-damage|p1a: Venusaur|36/100 par|[from] item: Life Orb
|
|upkeep
|
|t:|1760393271
|switch|p2a: Kyurem|Kyurem, shiny|100/100
|-ability|p2a: Kyurem|Pressure
|turn|14
|
|t:|1760393274
|move|p2a: Kyurem|Dragon Dance|p2a: Kyurem
|-boost|p2a: Kyurem|atk|1
|-boost|p2a: Kyurem|spe|1
|move|p1a: Venusaur|Earth Power|p2a: Kyurem
|-damage|p2a: Kyurem|73/100
|-damage|p1a: Venusaur|26/100 par|[from] item: Life Orb
|
|upkeep
|turn|15
|
|t:|1760393277
|switch|p1a: Arcanine|Arcanine, M|84/100
|-ability|p1a: Arcanine|Intimidate|boost
|-unboost|p2a: Kyurem|atk|1
|move|p2a: Kyurem|Dragon Dance|p2a: Kyurem
|-boost|p2a: Kyurem|atk|1
|-boost|p2a: Kyurem|spe|1
|
|upkeep
|turn|16
|
|t:|1760393281
|move|p2a: Kyurem|Earth Power|p1a: Arcanine
|-supereffective|p1a: Arcanine
|-damage|p1a: Arcanine|15/100
|move|p1a: Arcanine|Will-O-Wisp|p2a: Kyurem
|-status|p2a: Kyurem|brn
|
|-damage|p2a: Kyurem|67/100 brn|[from] brn
|upkeep
|turn|17
|
|t:|1760393288
|move|p2a: Kyurem|Freeze-Dry|p1a: Arcanine
|-resisted|p1a: Arcanine
|-damage|p1a: Arcanine|0 fnt
|faint|p1a: Arcanine
|
|-damage|p2a: Kyurem|61/100 brn|[from] brn
|upkeep
|
|t:|1760393291
|switch|p1a: Tyranitar|Tyranitar, M|100/100
|-weather|Sandstorm|[from] ability: Sand Stream|[of] p1a: Tyranitar
|-item|p1a: Tyranitar|Air Balloon
|turn|18
|
|t:|1760393295
|switch|p2a: Pecharunt|Pecharunt|10/100 brn
|move|p1a: Tyranitar|Rock Slide|p2a: Pecharunt|[miss]
|-miss|p1a: Tyranitar|p2a: Pecharunt
|
|-weather|Sandstorm|[upkeep]
|-damage|p2a: Pecharunt|4/100 brn|[from] Sandstorm
|-damage|p2a: Pecharunt|0 fnt|[from] brn
|faint|p2a: Pecharunt
|upkeep
|
|t:|1760393297
|switch|p2a: Zamazenta|Zamazenta|37/100
|turn|19
|
|t:|1760393300
|switch|p1a: Venusaur|Venusaur, M|26/100 par
|move|p2a: Zamazenta|Close Combat|p1a: Venusaur
|-resisted|p1a: Venusaur
|-damage|p1a: Venusaur|0 fnt
|-unboost|p2a: Zamazenta|def|1
|-unboost|p2a: Zamazenta|spd|1
|faint|p1a: Venusaur
|
|-weather|Sandstorm|[upkeep]
|-damage|p2a: Zamazenta|31/100|[from] Sandstorm
|upkeep
|
|t:|1760393302
|switch|p1a: Gyarados|Gyarados, M|100/100
|turn|20
|
|t:|1760393306
|move|p2a: Zamazenta|Stone Edge|p1a: Gyarados|[miss]
|-miss|p2a: Zamazenta|p1a: Gyarados
|move|p1a: Gyarados|Dragon Dance|p1a: Gyarados
|-boost|p1a: Gyarados|atk|1
|-boost|p1a: Gyarados|spe|1
|
|-weather|Sandstorm|[upkeep]
|-damage|p1a: Gyarados|94/100|[from] Sandstorm
|-damage|p2a: Zamazenta|25/100|[from] Sandstorm
|upkeep
|turn|21
|
|t:|1760393308
|move|p1a: Gyarados|Waterfall|p2a: Zamazenta
|-damage|p2a: Zamazenta|0 fnt
|faint|p2a: Zamazenta
|-ability|p1a: Gyarados|Moxie|boost
|-boost|p1a: Gyarados|atk|1
|
|-weather|Sandstorm|[upkeep]
|-damage|p1a: Gyarados|88/100|[from] Sandstorm
|upkeep
|-message|Aquamonali forfeited.
|
|win|venjazanzhes123
|raw|venjazanzhes123's rating: 1484 &rarr; <strong>1506</strong><br />(+22 for winning)
|raw|Aquamonali's rating: 1513 &rarr; <strong>1491</strong><br />(-22 for losing)
|l|☆Aquamonali
|player|p2|
|l|☆venjazanzhes123
|player|p1|
