|j|☆littekid
|j|☆Contrary_Lurantis
|t:|1760328894
|gametype|singles
|player|p1|littekid|preschooler|1110
|player|p2|Contrary_Lurantis|266|1115
|gen|9
|tier|[Gen 9] OU
|rated|
|rule|HP Percentage Mod: HP is shown in percentages
|rule|Endless Battle Clause: Forcing endless battles is banned
|rule|Species Clause: Limit one of each Pokémon
|rule|OHKO Clause: OHKO moves are banned
|rule|Evasion Items Clause: Evasion items are banned
|rule|Evasion Moves Clause: Evasion moves are banned
|rule|Evasion Abilities Clause: Evasion abilities are banned
|rule|Sleep Moves Clause: Sleep-inducing moves are banned
|clearpoke
|poke|p1|Iron Hands|
|poke|p1|Milotic, F|
|poke|p1|Amoonguss, M|
|poke|p1|Landorus-Therian, M|
|poke|p1|Breloom, F|
|poke|p1|Galvantula, M|
|poke|p2|Great Tusk|
|poke|p2|Glimmora, F|
|poke|p2|Rillaboom, M|
|poke|p2|Cinderace, M|
|poke|p2|Gholdengo|
|poke|p2|Hatterene, F|
|teampreview
|inactive|Battle timer is ON: inactive players will automatically lose when time's up. (requested by Contrary_Lurantis)
|inactive|littekid has 120 seconds left.
|
|t:|1760328947
|teamsize|p1|6
|teamsize|p2|6
|start
|switch|p1a: shrimp|Amoonguss, M, shiny|100/100
|switch|p2a: Gravastar|Hatterene, F|100/100
|turn|1
|
|t:|1760328963
|-terastallize|p2a: Gravastar|Steel
|move|p1a: shrimp|Toxic|p2a: Gravastar
|move|p2a: Gravastar|Toxic|p1a: shrimp|[from] ability: Magic Bounce
|-immune|p1a: shrimp
|move|p2a: Gravastar|Psychic|p1a: shrimp
|-supereffective|p1a: shrimp
|-damage|p1a: shrimp|6/100
|
|-heal|p1a: shrimp|12/100|[from] item: Leftovers
|upkeep
|turn|2
|
|t:|1760328979
|switch|p1a: fish|Milotic, F, shiny|100/100
|move|p2a: Gravastar|Psychic|p1a: fish
|-damage|p1a: fish|63/100
|
|-status|p1a: fish|brn|[from] item: Flame Orb
|upkeep
|turn|3
|
|t:|1760328997
|move|p1a: fish|Scald|p2a: Gravastar
|-damage|p2a: Gravastar|67/100
|-enditem|p2a: Gravastar|Red Card|[of] p1a: fish
|drag|p1a: shrimp|Amoonguss, M, shiny|12/100
|move|p2a: Gravastar|Dark Pulse|p1a: shrimp
|-damage|p1a: shrimp|0 fnt
|faint|p1a: shrimp
|
|upkeep
|
|t:|1760329006
|switch|p1a: fish|Milotic, F, shiny|63/100 brn
|turn|4
|inactive|littekid has 120 seconds left.
|
|t:|1760329038
|move|p1a: fish|Scald|p2a: Gravastar
|-damage|p2a: Gravastar|36/100
|-status|p2a: Gravastar|brn
|move|p2a: Gravastar|Trick Room|p2a: Gravastar
|-fieldstart|move: Trick Room|[of] p2a: Gravastar
|
|-damage|p2a: Gravastar|30/100 brn|[from] brn
|-damage|p1a: fish|57/100 brn|[from] brn
|upkeep
|turn|5
|inactive|littekid has 120 seconds left.
|
|t:|1760329047
|move|p2a: Gravastar|Psychic|p1a: fish
|-damage|p1a: fish|17/100 brn
|-unboost|p1a: fish|spd|1
|move|p1a: fish|Recover|p1a: fish
|-heal|p1a: fish|67/100 brn
|
|-damage|p2a: Gravastar|24/100 brn|[from] brn
|-damage|p1a: fish|61/100 brn|[from] brn
|upkeep
|turn|6
|inactive|littekid has 120 seconds left.
|
|t:|1760329068
|move|p2a: Gravastar|Psychic|p1a: fish
|-damage|p1a: fish|8/100 brn
|move|p1a: fish|Scald|p2a: Gravastar
|-damage|p2a: Gravastar|0 fnt
|faint|p2a: Gravastar
|
|-damage|p1a: fish|2/100 brn|[from] brn
|upkeep
|
|t:|1760329076
|switch|p2a: Fat Albert|Rillaboom, M, shiny|100/100
|-fieldstart|move: Grassy Terrain|[from] ability: Grassy Surge|[of] p2a: Fat Albert
|-enditem|p2a: Fat Albert|Grassy Seed
|-boost|p2a: Fat Albert|def|1|[from] item: Grassy Seed
|turn|7
|inactive|littekid has 120 seconds left.
|
|t:|1760329085
|move|p2a: Fat Albert|Grassy Glide|p1a: fish
|-supereffective|p1a: fish
|-damage|p1a: fish|0 fnt
|faint|p1a: fish
|
|upkeep
|inactive|littekid has 120 seconds left.
|
|t:|1760329097
|switch|p1a: Galvantula|Galvantula, M, shiny|100/100
|turn|8
|inactive|littekid has 120 seconds left.
|
|t:|1760329102
|move|p1a: Galvantula|Bug Buzz|p2a: Fat Albert
|-supereffective|p2a: Fat Albert
|-damage|p2a: Fat Albert|0 fnt
|faint|p2a: Fat Albert
|
|-fieldend|move: Trick Room
|upkeep
|
|t:|1760329108
|switch|p2a: Messi|Cinderace, M|100/100
|turn|9
|
|t:|1760329118
|-terastallize|p1a: Galvantula|Electric
|move|p2a: Messi|Pyro Ball|p1a: Galvantula
|-damage|p1a: Galvantula|11/100
|move|p1a: Galvantula|Bug Buzz|p2a: Messi
|-resisted|p2a: Messi
|-damage|p2a: Messi|58/100
|
|-heal|p2a: Messi|64/100|[from] Grassy Terrain
|-heal|p1a: Galvantula|17/100|[from] Grassy Terrain
|upkeep
|turn|10
|inactive|littekid has 120 seconds left.
|
|t:|1760329134
|move|p2a: Messi|Sucker Punch|p1a: Galvantula
|-start|p2a: Messi|typechange|Dark|[from] ability: Libero
|-damage|p1a: Galvantula|0 fnt
|faint|p1a: Galvantula
|
|-heal|p2a: Messi|70/100|[from] Grassy Terrain
|upkeep
|
|t:|1760329139
|switch|p1a: arms|Iron Hands|100/100
|turn|11
|
|t:|1760329150
|move|p2a: Messi|U-turn|p1a: arms
|-resisted|p1a: arms
|-damage|p1a: arms|93/100
|
|t:|1760329153
|switch|p2a: Bank Account|Gholdengo|100/100|[from] U-turn
|move|p1a: arms|Belly Drum|p1a: arms
|-damage|p1a: arms|44/100
|-setboost|p1a: arms|atk|6|[from] move: Belly Drum
|
|-heal|p1a: arms|50/100|[from] Grassy Terrain
|-heal|p1a: arms|56/100|[from] item: Leftovers
|-fieldend|move: Grassy Terrain
|upkeep
|turn|12
|
|t:|1760329170
|move|p1a: arms|Protect|p1a: arms
|-singleturn|p1a: arms|Protect
|move|p2a: Bank Account|Psyshock|p1a: arms
|-activate|p1a: arms|move: Protect
|
|-heal|p1a: arms|62/100|[from] item: Leftovers
|upkeep
|turn|13
|
|t:|1760329177
|move|p2a: Bank Account|Psyshock|p1a: arms
|-supereffective|p1a: arms
|-damage|p1a: arms|29/100
|move|p1a: arms|Thunder Punch|p2a: Bank Account
|-damage|p2a: Bank Account|0 fnt
|faint|p2a: Bank Account
|
|-heal|p1a: arms|36/100|[from] item: Leftovers
|upkeep
|
|t:|1760329185
|switch|p2a: Cleanup Crew|Great Tusk, shiny|100/100
|turn|14
|
|t:|1760329195
|move|p1a: arms|Protect|p1a: arms
|-singleturn|p1a: arms|Protect
|move|p2a: Cleanup Crew|Headlong Rush|p1a: arms
|-activate|p1a: arms|move: Protect
|
|-heal|p1a: arms|42/100|[from] item: Leftovers
|upkeep
|turn|15
|
|t:|1760329202
|move|p2a: Cleanup Crew|Headlong Rush|p1a: arms
|-supereffective|p1a: arms
|-damage|p1a: arms|0 fnt
|-unboost|p2a: Cleanup Crew|def|1
|-unboost|p2a: Cleanup Crew|spd|1
|faint|p1a: arms
|-end|p1a: arms|Quark Drive|[silent]
|
|upkeep
|
|t:|1760329212
|switch|p1a: Lil guy|Breloom, F, shiny|100/100
|turn|16
|
|t:|1760329216
|move|p2a: Cleanup Crew|Play Rough|p1a: Lil guy
|-supereffective|p1a: Lil guy
|-damage|p1a: Lil guy|3/100
|move|p1a: Lil guy|Substitute|p1a: Lil guy
|-fail|p1a: Lil guy|move: Substitute|[weak]
|
|-status|p1a: Lil guy|tox|[from] item: Toxic Orb
|upkeep
|turn|17
|-message|littekid forfeited.
|
|win|Contrary_Lurantis
|raw|littekid's rating: 1110 &rarr; <strong>1085</strong><br />(-25 for losing)
|raw|Contrary_Lurantis's rating: 1115 &rarr; <strong>1140</strong><br />(+25 for winning)
|l|☆littekid
|player|p1|
|c|☆Contrary_Lurantis|gg
