|j|☆Team BBIO 38
|j|☆temperature125
|t:|1760410107
|gametype|singles
|player|p1|Team BBIO 38|dragontamer|1378
|player|p2|temperature125|n|1443
|gen|9
|tier|[Gen 9] OU
|rated|
|rule|HP Percentage Mod: HP is shown in percentages
|rule|Endless Battle Clause: Forcing endless battles is banned
|rule|Species Clause: Limit one of each Pokémon
|rule|OHKO Clause: OHKO moves are banned
|rule|Evasion Items Clause: Evasion items are banned
|rule|Evasion Moves Clause: Evasion moves are banned
|rule|Evasion Abilities Clause: Evasion abilities are banned
|rule|Sleep Moves Clause: Sleep-inducing moves are banned
|clearpoke
|poke|p1|Dusclops, M|
|poke|p1|Blissey, F|
|poke|p1|Flamigo, M|
|poke|p1|Darkrai|
|poke|p1|Ambipom, M|
|poke|p1|Latios, M|
|poke|p2|Comfey, F|
|poke|p2|Moltres|
|poke|p2|Kingambit, M|
|poke|p2|Keldeo|
|poke|p2|Blaziken, M|
|poke|p2|Great Tusk|
|teampreview
|inactive|Battle timer is ON: inactive players will automatically lose when time's up. (requested by Team BBIO 38)
|
|t:|1760410124
|teamsize|p1|6
|teamsize|p2|6
|start
|switch|p1a: Latios|Latios, M|100/100
|switch|p2a: Moltres|Moltres|100/100
|turn|1
|
|t:|1760410129
|move|p1a: Latios|Draco Meteor|p2a: Moltres
|-damage|p2a: Moltres|25/100
|-unboost|p1a: Latios|spa|2
|move|p2a: Moltres|Roar|p1a: Latios
|drag|p1a: Blissey|Blissey, F|100/100
|
|upkeep
|turn|2
|
|t:|1760410138
|move|p2a: Moltres|Roost|p2a: Moltres
|-heal|p2a: Moltres|75/100
|-singleturn|p2a: Moltres|move: Roost
|move|p1a: Blissey|Thunder Wave|p2a: Moltres
|-status|p2a: Moltres|par
|
|upkeep
|turn|3
|
|t:|1760410146
|move|p1a: Blissey|Seismic Toss|p2a: Moltres
|-damage|p2a: Moltres|49/100 par
|move|p2a: Moltres|Roost|p2a: Moltres
|-heal|p2a: Moltres|99/100 par
|-singleturn|p2a: Moltres|move: Roost
|
|upkeep
|turn|4
|
|t:|1760410157
|switch|p2a: Blaziken|Blaziken, M|100/100
|move|p1a: Blissey|Seismic Toss|p2a: Blaziken
|-damage|p2a: Blaziken|67/100
|
|upkeep
|turn|5
|
|t:|1760410165
|switch|p1a: Dusclops|Dusclops, M|100/100
|-item|p2a: Blaziken|Focus Sash|[from] ability: Frisk|[of] p1a: Dusclops
|move|p2a: Blaziken|Swords Dance|p2a: Blaziken
|-boost|p2a: Blaziken|atk|2
|
|-ability|p2a: Blaziken|Speed Boost|boost
|-boost|p2a: Blaziken|spe|1
|upkeep
|turn|6
|
|t:|1760410173
|move|p2a: Blaziken|Blaze Kick|p1a: Dusclops
|-crit|p1a: Dusclops
|-damage|p1a: Dusclops|37/100
|move|p1a: Dusclops|Haze|p1a: Dusclops
|-clearallboost
|
|-ability|p2a: Blaziken|Speed Boost|boost
|-boost|p2a: Blaziken|spe|1
|upkeep
|turn|7
|
|t:|1760410182
|move|p2a: Blaziken|Swords Dance|p2a: Blaziken
|-boost|p2a: Blaziken|atk|2
|move|p1a: Dusclops|Pain Split|p2a: Blaziken
|-sethp|p2a: Blaziken|51/100|[from] move: Pain Split|[silent]
|-sethp|p1a: Dusclops|54/100|[from] move: Pain Split
|
|-ability|p2a: Blaziken|Speed Boost|boost
|-boost|p2a: Blaziken|spe|1
|upkeep
|turn|8
|
|t:|1760410193
|-terastallize|p1a: Dusclops|Water
|move|p2a: Blaziken|Blaze Kick|p1a: Dusclops
|-resisted|p1a: Dusclops
|-crit|p1a: Dusclops
|-damage|p1a: Dusclops|23/100
|move|p1a: Dusclops|Haze|p1a: Dusclops
|-clearallboost
|
|-ability|p2a: Blaziken|Speed Boost|boost
|-boost|p2a: Blaziken|spe|1
|upkeep
|turn|9
|
|t:|1760410202
|move|p2a: Blaziken|Swords Dance|p2a: Blaziken
|-boost|p2a: Blaziken|atk|2
|move|p1a: Dusclops|Pain Split|p2a: Blaziken
|-sethp|p2a: Blaziken|36/100|[from] move: Pain Split|[silent]
|-sethp|p1a: Dusclops|39/100|[from] move: Pain Split
|
|-ability|p2a: Blaziken|Speed Boost|boost
|-boost|p2a: Blaziken|spe|1
|upkeep
|turn|10
|
|t:|1760410214
|move|p2a: Blaziken|Swords Dance|p2a: Blaziken
|-boost|p2a: Blaziken|atk|2
|move|p1a: Dusclops|Night Shade|p2a: Blaziken
|-damage|p2a: Blaziken|3/100
|
|-ability|p2a: Blaziken|Speed Boost|boost
|-boost|p2a: Blaziken|spe|1
|upkeep
|turn|11
|
|t:|1760410221
|move|p2a: Blaziken|Reversal|p1a: Dusclops
|-damage|p1a: Dusclops|0 fnt
|faint|p1a: Dusclops
|
|-ability|p2a: Blaziken|Speed Boost|boost
|-boost|p2a: Blaziken|spe|1
|upkeep
|
|t:|1760410234
|switch|p1a: Flamigo|Flamigo, M|100/100
|turn|12
|
|t:|1760410240
|move|p2a: Blaziken|Endure|p2a: Blaziken
|-singleturn|p2a: Blaziken|move: Endure
|move|p1a: Flamigo|Brave Bird|p2a: Blaziken
|-supereffective|p2a: Blaziken
|-activate|p2a: Blaziken|move: Endure
|-damage|p2a: Blaziken|1/100
|-damage|p1a: Flamigo|99/100|[from] Recoil
|
|-ability|p2a: Blaziken|Speed Boost|boost
|-boost|p2a: Blaziken|spe|1
|upkeep
|turn|13
|
|t:|1760410249
|move|p2a: Blaziken|Blaze Kick|p1a: Flamigo
|-damage|p1a: Flamigo|0 fnt
|faint|p1a: Flamigo
|
|-ability|p2a: Blaziken|Speed Boost|boost
|-boost|p2a: Blaziken|spe|1
|upkeep
|
|t:|1760410257
|switch|p1a: Blissey|Blissey, F|100/100
|turn|14
|
|t:|1760410260
|move|p2a: Blaziken|Blaze Kick|p1a: Blissey
|-damage|p1a: Blissey|0 fnt
|faint|p1a: Blissey
|
|upkeep
|
|t:|1760410265
|switch|p1a: Latios|Latios, M|100/100
|turn|15
|
|t:|1760410273
|move|p2a: Blaziken|Reversal|p1a: Latios
|-resisted|p1a: Latios
|-damage|p1a: Latios|0 fnt
|faint|p1a: Latios
|
|upkeep
|-message|Team BBIO 38 forfeited.
|
|win|temperature125
|raw|Team BBIO 38's rating: 1378 &rarr; <strong>1362</strong><br />(-16 for losing)
|raw|temperature125's rating: 1443 &rarr; <strong>1459</strong><br />(+16 for winning)
|l|☆Team BBIO 38
|player|p1|
