|j|☆ZeroIQ McGoo
|j|☆Auburn Hills
|t:|1760326477
|gametype|singles
|player|p1|ZeroIQ McGoo|volkner|1522
|player|p2|Auburn Hills|alder|1731
|gen|9
|tier|[Gen 9] OU
|rated|
|rule|HP Percentage Mod: HP is shown in percentages
|rule|Endless Battle Clause: Forcing endless battles is banned
|rule|Species Clause: Limit one of each Pokémon
|rule|OHKO Clause: OHKO moves are banned
|rule|Evasion Items Clause: Evasion items are banned
|rule|Evasion Moves Clause: Evasion moves are banned
|rule|Evasion Abilities Clause: Evasion abilities are banned
|rule|Sleep Moves Clause: Sleep-inducing moves are banned
|clearpoke
|poke|p1|Primarina, M|
|poke|p1|Great Tusk|
|poke|p1|Kingambit, M|
|poke|p1|Slowking-Galar, M|
|poke|p1|Ogerpon, F|
|poke|p1|Enamorus, F|
|poke|p2|Iron Moth|
|poke|p2|Umbreon, F|
|poke|p2|Garchomp, M|
|poke|p2|Glimmora, F|
|poke|p2|Gholdengo|
|poke|p2|Dragonite, F|
|teampreview
|inactive|Battle timer is ON: inactive players will automatically lose when time's up. (requested by ZeroIQ McGoo)
|
|t:|1760326505
|teamsize|p1|6
|teamsize|p2|6
|start
|switch|p1a: Primarina|Primarina, M, shiny|100/100
|switch|p2a: Julia Jacklin|Glimmora, F|100/100
|turn|1
|
|t:|1760326509
|move|p2a: Julia Jacklin|Sludge Wave|p1a: Primarina
|-supereffective|p1a: Primarina
|-damage|p1a: Primarina|39/100
|move|p1a: Primarina|Psychic Noise|p2a: Julia Jacklin
|-supereffective|p2a: Julia Jacklin
|-enditem|p2a: Julia Jacklin|Focus Sash
|-damage|p2a: Julia Jacklin|1/100
|-start|p2a: Julia Jacklin|move: Heal Block
|
|upkeep
|turn|2
|
|t:|1760326522
|switch|p1a: Slowking|Slowking-Galar, M|100/100
|move|p2a: Julia Jacklin|Stealth Rock|p1a: Slowking
|-sidestart|p1: ZeroIQ McGoo|move: Stealth Rock
|
|-end|p2a: Julia Jacklin|move: Heal Block
|upkeep
|turn|3
|
|t:|1760326530
|move|p2a: Julia Jacklin|Earth Power|p1a: Slowking
|-supereffective|p1a: Slowking
|-damage|p1a: Slowking|69/100
|move|p1a: Slowking|Flamethrower|p2a: Julia Jacklin
|-resisted|p2a: Julia Jacklin
|-damage|p2a: Julia Jacklin|0 fnt
|faint|p2a: Julia Jacklin
|
|upkeep
|
|t:|1760326534
|switch|p2a: Rat Tally|Garchomp, M|100/100
|turn|4
|
|t:|1760326541
|-terastallize|p2a: Rat Tally|Electric
|move|p2a: Rat Tally|Tera Blast|p1a: Slowking|[anim] Tera Blast Electric
|-damage|p1a: Slowking|40/100
|move|p1a: Slowking|Ice Beam|p2a: Rat Tally
|-damage|p2a: Rat Tally|75/100
|
|upkeep
|turn|5
|
|t:|1760326561
|switch|p1a: Great Tusk|Great Tusk|100/100
|-damage|p1a: Great Tusk|98/100|[from] Stealth Rock
|move|p2a: Rat Tally|Scale Shot|p1a: Great Tusk
|-damage|p1a: Great Tusk|87/100
|-damage|p1a: Great Tusk|77/100
|-damage|p1a: Great Tusk|67/100
|-damage|p1a: Great Tusk|57/100
|-damage|p1a: Great Tusk|47/100
|-hitcount|p1a: Great Tusk|5
|-unboost|p2a: Rat Tally|def|1
|-boost|p2a: Rat Tally|spe|1
|
|upkeep
|turn|6
|
|t:|1760326575
|move|p2a: Rat Tally|Scale Shot|p1a: Great Tusk
|-damage|p1a: Great Tusk|37/100
|-damage|p1a: Great Tusk|27/100
|-damage|p1a: Great Tusk|17/100
|-damage|p1a: Great Tusk|7/100
|-damage|p1a: Great Tusk|0 fnt
|faint|p1a: Great Tusk
|-end|p1a: Great Tusk|Protosynthesis|[silent]
|-hitcount|p1: Great Tusk|5
|-unboost|p2a: Rat Tally|def|1
|-boost|p2a: Rat Tally|spe|1
|
|upkeep
|
|t:|1760326586
|switch|p1a: Kingambit|Kingambit, M|100/100
|-damage|p1a: Kingambit|94/100|[from] Stealth Rock
|-activate|p1a: Kingambit|ability: Supreme Overlord
|-start|p1a: Kingambit|fallen1|[silent]
|turn|7
|
|t:|1760326593
|switch|p2a: Smino|Gholdengo|100/100
|move|p1a: Kingambit|Sucker Punch||[still]
|-fail|p1a: Kingambit
|
|-heal|p1a: Kingambit|100/100|[from] item: Leftovers
|upkeep
|turn|8
|
|t:|1760326602
|move|p2a: Smino|Trick|p1a: Kingambit
|-activate|p2a: Smino|move: Trick|[of] p1a: Kingambit
|-item|p1a: Kingambit|Choice Scarf|[from] move: Trick
|-item|p2a: Smino|Leftovers|[from] move: Trick
|move|p1a: Kingambit|Kowtow Cleave|p2a: Smino
|-supereffective|p2a: Smino
|-damage|p2a: Smino|0 fnt
|faint|p2a: Smino
|
|upkeep
|
|t:|1760326605
|switch|p2a: Alvvays|Umbreon, F|100/100
|turn|9
|
|t:|1760326625
|-end|p1a: Kingambit|fallen1|[silent]
|switch|p1a: Slowking|Slowking-Galar, M|74/100
|-damage|p1a: Slowking|61/100|[from] Stealth Rock
|move|p2a: Alvvays|Thunder Wave|p1a: Slowking
|-status|p1a: Slowking|par
|
|upkeep
|turn|10
|
|t:|1760326632
|switch|p1a: Kingambit|Kingambit, M|100/100
|-damage|p1a: Kingambit|94/100|[from] Stealth Rock
|-activate|p1a: Kingambit|ability: Supreme Overlord
|-start|p1a: Kingambit|fallen1|[silent]
|move|p2a: Alvvays|Foul Play|p1a: Kingambit
|-resisted|p1a: Kingambit
|-damage|p1a: Kingambit|74/100
|
|upkeep
|turn|11
|
|t:|1760326635
|move|p1a: Kingambit|Iron Head|p2a: Alvvays
|-damage|p2a: Alvvays|61/100
|move|p2a: Alvvays|Thunder Wave|p1a: Kingambit
|-status|p1a: Kingambit|par
|
|-heal|p2a: Alvvays|67/100|[from] item: Leftovers
|upkeep
|turn|12
|
|t:|1760326639
|move|p2a: Alvvays|Wish|p2a: Alvvays
|move|p1a: Kingambit|Iron Head|p2a: Alvvays
|-damage|p2a: Alvvays|24/100
|
|-heal|p2a: Alvvays|30/100|[from] item: Leftovers
|upkeep
|turn|13
|
|t:|1760326654
|-end|p1a: Kingambit|fallen1|[silent]
|switch|p1a: Primarina|Primarina, M, shiny|39/100
|-damage|p1a: Primarina|26/100|[from] Stealth Rock
|move|p2a: Alvvays|Protect||[still]
|-fail|p2a: Alvvays
|
|-heal|p2a: Alvvays|80/100|[from] move: Wish|[wisher] Alvvays
|-heal|p2a: Alvvays|86/100|[from] item: Leftovers
|upkeep
|turn|14
|
|t:|1760326662
|move|p1a: Primarina|Moonblast|p2a: Alvvays
|-supereffective|p2a: Alvvays
|-damage|p2a: Alvvays|26/100
|move|p2a: Alvvays|Thunder Wave|p1a: Primarina
|-status|p1a: Primarina|par
|
|-heal|p2a: Alvvays|32/100|[from] item: Leftovers
|upkeep
|turn|15
|
|t:|1760326667
|move|p2a: Alvvays|Protect|p2a: Alvvays
|-singleturn|p2a: Alvvays|Protect
|cant|p1a: Primarina|par
|
|-heal|p2a: Alvvays|38/100|[from] item: Leftovers
|upkeep
|turn|16
|
|t:|1760326669
|move|p2a: Alvvays|Wish|p2a: Alvvays
|move|p1a: Primarina|Psychic Noise|p2a: Alvvays
|-damage|p2a: Alvvays|17/100
|-start|p2a: Alvvays|move: Heal Block
|
|upkeep
|turn|17
|
|t:|1760326678
|move|p2a: Alvvays|Foul Play|p1a: Primarina
|-resisted|p1a: Primarina
|-damage|p1a: Primarina|10/100 par
|move|p1a: Primarina|Moonblast|p2a: Alvvays
|-supereffective|p2a: Alvvays
|-damage|p2a: Alvvays|0 fnt
|faint|p2a: Alvvays
|
|upkeep
|
|t:|1760326693
|switch|p2a: Elucid|Dragonite, F|100/100
|turn|18
|
|t:|1760326700
|move|p2a: Elucid|Extreme Speed|p1a: Primarina
|-damage|p1a: Primarina|0 fnt
|faint|p1a: Primarina
|
|upkeep
|
|t:|1760326705
|switch|p1a: Enamorus|Enamorus, F|100/100
|-damage|p1a: Enamorus|76/100|[from] Stealth Rock
|turn|19
|
|t:|1760326709
|move|p1a: Enamorus|Moonblast|p2a: Elucid
|-supereffective|p2a: Elucid
|-damage|p2a: Elucid|46/100
|move|p2a: Elucid|Ice Spinner|p1a: Enamorus
|-supereffective|p1a: Enamorus
|-damage|p1a: Enamorus|0 fnt
|faint|p1a: Enamorus
|
|upkeep
|
|t:|1760326718
|switch|p1a: Kingambit|Kingambit, M|74/100 par
|-damage|p1a: Kingambit|68/100 par|[from] Stealth Rock
|-activate|p1a: Kingambit|ability: Supreme Overlord
|-start|p1a: Kingambit|fallen3|[silent]
|turn|20
|
|t:|1760326724
|move|p1a: Kingambit|Sucker Punch|p2a: Elucid
|-damage|p2a: Elucid|0 fnt
|faint|p2a: Elucid
|
|upkeep
|
|t:|1760326726
|switch|p2a: Rat Tally|Garchomp, M, tera:Electric|75/100
|turn|21
|
|t:|1760326740
|-end|p1a: Kingambit|fallen3|[silent]
|switch|p1a: Ogerpon|Ogerpon, F|100/100
|-damage|p1a: Ogerpon|88/100|[from] Stealth Rock
|move|p2a: Rat Tally|Swords Dance|p2a: Rat Tally
|-boost|p2a: Rat Tally|atk|2
|
|upkeep
|turn|22
|
|t:|1760326744
|switch|p2a: Carly Rae|Iron Moth|100/100
|-enditem|p2a: Carly Rae|Booster Energy
|-activate|p2a: Carly Rae|ability: Quark Drive|[fromitem]
|-start|p2a: Carly Rae|quarkdrivespe
|-terastallize|p1a: Ogerpon|Grass
|detailschange|p1a: Ogerpon|Ogerpon-Teal-Tera, F, tera:Grass
|-ability|p1a: Ogerpon|Embody Aspect (Teal)|boost
|-boost|p1a: Ogerpon|spe|1
|move|p1a: Ogerpon|Ivy Cudgel|p2a: Carly Rae
|-resisted|p2a: Carly Rae
|-damage|p2a: Carly Rae|64/100
|
|upkeep
|turn|23
|
|t:|1760326755
|switch|p1a: Slowking|Slowking-Galar, M|94/100 par
|-damage|p1a: Slowking|82/100 par|[from] Stealth Rock
|move|p2a: Carly Rae|Fiery Dance|p1a: Slowking
|-damage|p1a: Slowking|62/100 par
|
|upkeep
|turn|24
|
|t:|1760326761
|move|p2a: Carly Rae|Fiery Dance|p1a: Slowking
|-damage|p1a: Slowking|41/100 par
|move|p1a: Slowking|Psychic Noise|p2a: Carly Rae
|-supereffective|p2a: Carly Rae
|-damage|p2a: Carly Rae|8/100
|-start|p2a: Carly Rae|move: Heal Block
|
|upkeep
|turn|25
|
|t:|1760326770
|move|p2a: Carly Rae|Fiery Dance|p1a: Slowking
|-damage|p1a: Slowking|21/100 par
|-boost|p2a: Carly Rae|spa|1
|move|p1a: Slowking|Psychic Noise|p2a: Carly Rae
|-supereffective|p2a: Carly Rae
|-crit|p2a: Carly Rae
|-damage|p2a: Carly Rae|0 fnt
|faint|p2a: Carly Rae
|-end|p2a: Carly Rae|Quark Drive|[silent]
|
|upkeep
|
|t:|1760326775
|switch|p2a: Rat Tally|Garchomp, M, tera:Electric|75/100
|turn|26
|
|t:|1760326779
|move|p2a: Rat Tally|Earthquake|p1a: Slowking
|-supereffective|p1a: Slowking
|-damage|p1a: Slowking|0 fnt
|faint|p1a: Slowking
|
|upkeep
|
|t:|1760326782
|switch|p1a: Ogerpon|Ogerpon-Teal-Tera, F, tera:Grass|88/100
|-damage|p1a: Ogerpon|76/100|[from] Stealth Rock
|-ability|p1a: Ogerpon|Embody Aspect (Teal)|boost
|-boost|p1a: Ogerpon|spe|1
|turn|27
|
|t:|1760326785
|move|p1a: Ogerpon|Ivy Cudgel|p2a: Rat Tally
|-damage|p2a: Rat Tally|0 fnt
|faint|p2a: Rat Tally
|
|win|ZeroIQ McGoo
|raw|ZeroIQ McGoo's rating: 1522 &rarr; <strong>1553</strong><br />(+31 for winning)
|raw|Auburn Hills's rating: 1731 &rarr; <strong>1700</strong><br />(-31 for losing)
|l|☆Auburn Hills
|player|p2|
