|j|☆Quenah
|j|☆PalWrld
|t:|1760460073
|gametype|singles
|player|p1|Quenah|2|1151
|player|p2|PalWrld|volkner|1105
|gen|9
|tier|[Gen 9] OU
|rated|
|rule|HP Percentage Mod: HP is shown in percentages
|rule|Endless Battle Clause: Forcing endless battles is banned
|rule|Species Clause: Limit one of each Pokémon
|rule|OHKO Clause: OHKO moves are banned
|rule|Evasion Items Clause: Evasion items are banned
|rule|Evasion Moves Clause: Evasion moves are banned
|rule|Evasion Abilities Clause: Evasion abilities are banned
|rule|Sleep Moves Clause: Sleep-inducing moves are banned
|clearpoke
|poke|p1|Serperior, M|
|poke|p1|Ceruledge, F|
|poke|p1|Mudsdale, M|
|poke|p1|Noivern, M|
|poke|p1|Dedenne, F|
|poke|p1|Gengar, F|
|poke|p2|Garchomp, M|
|poke|p2|Darkrai|
|poke|p2|Gholdengo|
|poke|p2|Ogerpon-Wellspring, F|
|poke|p2|Iron Valiant|
|poke|p2|Iron Treads|
|teampreview
|inactive|Battle timer is ON: inactive players will automatically lose when time's up. (requested by Quenah)
|
|t:|1760460092
|teamsize|p1|6
|teamsize|p2|6
|start
|switch|p1a: Gengar|Gengar, F|100/100
|switch|p2a: Darkrai|Darkrai|100/100
|turn|1
|
|t:|1760460102
|switch|p1a: Dedenne|Dedenne, F|100/100
|move|p2a: Darkrai|Dark Pulse|p1a: Dedenne
|-resisted|p1a: Dedenne
|-damage|p1a: Dedenne|63/100
|
|upkeep
|turn|2
|
|t:|1760460110
|move|p1a: Dedenne|Nuzzle|p2a: Darkrai
|-damage|p2a: Darkrai|93/100
|-status|p2a: Darkrai|par
|move|p2a: Darkrai|Sludge Bomb|p1a: Dedenne
|-supereffective|p1a: Dedenne
|-damage|p1a: Dedenne|0 fnt
|faint|p1a: Dedenne
|
|upkeep
|
|t:|1760460119
|switch|p1a: Serperior|Serperior, M|100/100
|turn|3
|
|t:|1760460125
|-terastallize|p1a: Serperior|Fire
|move|p1a: Serperior|Leaf Storm|p2a: Darkrai
|-damage|p2a: Darkrai|20/100 par
|-boost|p1a: Serperior|spa|2
|move|p2a: Darkrai|Sludge Bomb|p1a: Serperior
|-damage|p1a: Serperior|72/100
|
|upkeep
|turn|4
|
|t:|1760460138
|move|p1a: Serperior|Tera Blast|p2a: Darkrai|[anim] Tera Blast Fire
|-damage|p2a: Darkrai|0 fnt
|faint|p2a: Darkrai
|
|upkeep
|
|t:|1760460141
|switch|p2a: Garchomp|Garchomp, M|100/100
|turn|5
|
|t:|1760460146
|move|p1a: Serperior|Dragon Pulse|p2a: Garchomp
|-supereffective|p2a: Garchomp
|-damage|p2a: Garchomp|18/100
|move|p2a: Garchomp|Dragon Tail|p1a: Serperior
|-damage|p1a: Serperior|41/100
|drag|p1a: Mudsdale|Mudsdale, M|100/100
|
|upkeep
|turn|6
|
|t:|1760460155
|move|p2a: Garchomp|Stealth Rock|p1a: Mudsdale
|-sidestart|p1: Quenah|move: Stealth Rock
|move|p1a: Mudsdale|Earthquake|p2a: Garchomp
|-damage|p2a: Garchomp|0 fnt
|faint|p2a: Garchomp
|
|upkeep
|
|t:|1760460167
|switch|p2a: Ogerpon|Ogerpon-Wellspring, F|100/100
|turn|7
|
|t:|1760460173
|move|p2a: Ogerpon|Swords Dance|p2a: Ogerpon
|-boost|p2a: Ogerpon|atk|2
|move|p1a: Mudsdale|Body Press|p2a: Ogerpon
|-damage|p2a: Ogerpon|69/100
|
|upkeep
|turn|8
|
|t:|1760460179
|move|p2a: Ogerpon|Trailblaze|p1a: Mudsdale
|-supereffective|p1a: Mudsdale
|-damage|p1a: Mudsdale|34/100
|-boost|p2a: Ogerpon|spe|1
|-ability|p1a: Mudsdale|Stamina|boost
|-boost|p1a: Mudsdale|def|1
|move|p1a: Mudsdale|Body Press|p2a: Ogerpon
|-damage|p2a: Ogerpon|23/100
|
|-heal|p1a: Mudsdale|40/100|[from] item: Leftovers
|upkeep
|turn|9
|
|t:|1760460191
|move|p2a: Ogerpon|Ivy Cudgel|p1a: Mudsdale|[anim] Ivy Cudgel Water
|-supereffective|p1a: Mudsdale
|-damage|p1a: Mudsdale|0 fnt
|faint|p1a: Mudsdale
|
|upkeep
|
|t:|1760460197
|switch|p1a: Ceruledge|Ceruledge, F|100/100
|-damage|p1a: Ceruledge|76/100|[from] Stealth Rock
|turn|10
|
|t:|1760460203
|move|p1a: Ceruledge|Shadow Sneak|p2a: Ogerpon
|-damage|p2a: Ogerpon|0 fnt
|faint|p2a: Ogerpon
|
|upkeep
|
|t:|1760460215
|switch|p2a: Gholdengo|Gholdengo|100/100
|-item|p2a: Gholdengo|Air Balloon
|turn|11
|
|t:|1760460228
|move|p1a: Ceruledge|Shadow Sneak|p2a: Gholdengo
|-supereffective|p2a: Gholdengo
|-damage|p2a: Gholdengo|70/100
|-enditem|p2a: Gholdengo|Air Balloon
|move|p2a: Gholdengo|Hex|p1a: Ceruledge
|-supereffective|p1a: Ceruledge
|-damage|p1a: Ceruledge|13/100
|
|upkeep
|turn|12
|
|t:|1760460242
|-terastallize|p2a: Gholdengo|Fairy
|move|p1a: Ceruledge|Bitter Blade|p2a: Gholdengo
|-damage|p2a: Gholdengo|36/100
|-heal|p1a: Ceruledge|36/100|[from] drain|[of] p2a: Gholdengo
|move|p2a: Gholdengo|Recover|p2a: Gholdengo
|-heal|p2a: Gholdengo|86/100
|
|upkeep
|turn|13
|
|t:|1760460255
|move|p1a: Ceruledge|Bitter Blade|p2a: Gholdengo
|-damage|p2a: Gholdengo|55/100
|-heal|p1a: Ceruledge|56/100|[from] drain|[of] p2a: Gholdengo
|move|p2a: Gholdengo|Thunder Wave|p1a: Ceruledge
|-status|p1a: Ceruledge|par
|
|upkeep
|turn|14
|
|t:|1760460266
|move|p2a: Gholdengo|Recover|p2a: Gholdengo
|-heal|p2a: Gholdengo|100/100
|cant|p1a: Ceruledge|par
|
|upkeep
|turn|15
|
|t:|1760460272
|move|p2a: Gholdengo|Hex|p1a: Ceruledge
|-supereffective|p1a: Ceruledge
|-crit|p1a: Ceruledge
|-damage|p1a: Ceruledge|0 fnt
|faint|p1a: Ceruledge
|
|upkeep
|
|t:|1760460279
|switch|p1a: Gengar|Gengar, F|100/100
|-damage|p1a: Gengar|88/100|[from] Stealth Rock
|turn|16
|
|t:|1760460283
|switch|p2a: Iron Treads|Iron Treads|100/100
|move|p1a: Gengar|Sludge Wave|p2a: Iron Treads
|-immune|p2a: Iron Treads
|
|upkeep
|turn|17
|
|t:|1760460295
|move|p1a: Gengar|Will-O-Wisp|p2a: Iron Treads
|-status|p2a: Iron Treads|brn
|move|p2a: Iron Treads|Knock Off|p1a: Gengar
|-supereffective|p1a: Gengar
|-damage|p1a: Gengar|39/100
|-start|p2a: Iron Treads|Disable|Knock Off|[from] ability: Cursed Body|[of] p1a: Gengar
|-enditem|p1a: Gengar|Red Card|[from] move: Knock Off|[of] p2a: Iron Treads
|
|-damage|p2a: Iron Treads|95/100 brn|[from] brn
|upkeep
|turn|18
|
|t:|1760460308
|switch|p1a: Noivern|Noivern, M|100/100
|-damage|p1a: Noivern|76/100|[from] Stealth Rock
|move|p2a: Iron Treads|Earthquake|p1a: Noivern
|-immune|p1a: Noivern
|
|-heal|p2a: Iron Treads|100/100 brn|[from] item: Leftovers
|-damage|p2a: Iron Treads|95/100 brn|[from] brn
|upkeep
|turn|19
|
|t:|1760460315
|move|p1a: Noivern|Flamethrower|p2a: Iron Treads
|-supereffective|p2a: Iron Treads
|-crit|p2a: Iron Treads
|-damage|p2a: Iron Treads|0 fnt
|faint|p2a: Iron Treads
|-end|p2a: Iron Treads|Quark Drive|[silent]
|
|upkeep
|
|t:|1760460331
|switch|p2a: Iron Valiant|Iron Valiant|100/100
|-enditem|p2a: Iron Valiant|Booster Energy
|-activate|p2a: Iron Valiant|ability: Quark Drive|[fromitem]
|-start|p2a: Iron Valiant|quarkdrivespe
|turn|20
|
|t:|1760460339
|move|p2a: Iron Valiant|Calm Mind|p2a: Iron Valiant
|-boost|p2a: Iron Valiant|spa|1
|-boost|p2a: Iron Valiant|spd|1
|move|p1a: Noivern|Air Slash|p2a: Iron Valiant
|-supereffective|p2a: Iron Valiant
|-damage|p2a: Iron Valiant|5/100
|
|upkeep
|turn|21
|
|t:|1760460346
|move|p2a: Iron Valiant|Moonblast|p1a: Noivern
|-supereffective|p1a: Noivern
|-damage|p1a: Noivern|0 fnt
|faint|p1a: Noivern
|
|upkeep
|
|t:|1760460350
|switch|p1a: Serperior|Serperior, M, tera:Fire|41/100
|-damage|p1a: Serperior|16/100|[from] Stealth Rock
|turn|22
|
|t:|1760460356
|move|p2a: Iron Valiant|Moonblast|p1a: Serperior
|-resisted|p1a: Serperior
|-damage|p1a: Serperior|0 fnt
|faint|p1a: Serperior
|
|upkeep
|
|t:|1760460360
|switch|p1a: Gengar|Gengar, F|39/100
|-damage|p1a: Gengar|27/100|[from] Stealth Rock
|turn|23
|
|t:|1760460365
|move|p2a: Iron Valiant|Thunderbolt|p1a: Gengar
|-damage|p1a: Gengar|0 fnt
|faint|p1a: Gengar
|
|win|PalWrld
|raw|Quenah's rating: 1151 &rarr; <strong>1123</strong><br />(-28 for losing)
|raw|PalWrld's rating: 1105 &rarr; <strong>1133</strong><br />(+28 for winning)
|l|☆Quenah
|player|p1|
|l|☆PalWrld
|player|p2|
