|j|☆henry151th
|j|☆michaelgoalise
|t:|1760432436
|gametype|singles
|player|p1|henry151th|wallace|1779
|player|p2|michaelgoalise|169|1732
|gen|9
|tier|[Gen 9] OU
|rated|
|rule|HP Percentage Mod: HP is shown in percentages
|rule|Endless Battle Clause: Forcing endless battles is banned
|rule|Species Clause: Limit one of each Pokémon
|rule|OHKO Clause: OHKO moves are banned
|rule|Evasion Items Clause: Evasion items are banned
|rule|Evasion Moves Clause: Evasion moves are banned
|rule|Evasion Abilities Clause: Evasion abilities are banned
|rule|Sleep Moves Clause: Sleep-inducing moves are banned
|clearpoke
|poke|p1|Lokix, F|
|poke|p1|Cinderace, F|
|poke|p1|Great Tusk|
|poke|p1|Alomomola, F|
|poke|p1|Enamorus, F|
|poke|p1|Slowking-Galar, M|
|poke|p2|Iron Thorns|
|poke|p2|Pecharunt|
|poke|p2|Samurott-Hisui, M|
|poke|p2|Hatterene, F|
|poke|p2|Enamorus, F|
|poke|p2|Great Tusk|
|teampreview
|inactive|Battle timer is ON: inactive players will automatically lose when time's up. (requested by michaelgoalise)
|j| OUZQ Crocodile
|l| OUZQ Crocodile
|inactive|michaelgoalise has 120 seconds left.
|inactive|michaelgoalise has 90 seconds left.
|j| JasperrepsaJ
|inactive|michaelgoalise has 60 seconds left.
|l| JasperrepsaJ
|inactive|michaelgoalise has 30 seconds left.
|
|t:|1760432564
|teamsize|p1|6
|teamsize|p2|6
|start
|switch|p1a: Lokix|Lokix, F|100/100
|switch|p2a: Enamorus|Enamorus, F|100/100
|turn|1
|inactive|michaelgoalise has 90 seconds left.
|inactive|henry151th has 120 seconds left.
|inactive|michaelgoalise has 60 seconds left.
|
|t:|1760432611
|switch|p2a: Samurott|Samurott-Hisui, M|100/100
|switch|p1a: Alomomola|Alomomola, F|100/100
|
|upkeep
|turn|2
|inactive|michaelgoalise has 60 seconds left.
|
|t:|1760432629
|switch|p1a: Lokix|Lokix, F|100/100
|move|p2a: Samurott|Ceaseless Edge|p1a: Lokix|[miss]
|-miss|p2a: Samurott|p1a: Lokix
|
|upkeep
|turn|3
|inactive|michaelgoalise has 60 seconds left.
|l|☆henry151th
|inactive|henry151th disconnected and has a minute to reconnect!
|player|p1|
|j|☆henry151th
|inactive|henry151th reconnected.
|player|p1|henry151th|wallace|
|inactive|michaelgoalise has 30 seconds left.
|inactive|michaelgoalise has 20 seconds left.
|
|t:|1760432677
|switch|p2a: Enamorus|Enamorus, F|100/100
|move|p1a: Lokix|Knock Off|p2a: Enamorus
|-resisted|p2a: Enamorus
|-crit|p2a: Enamorus
|-damage|p2a: Enamorus|0 fnt
|-enditem|p2a: Enamorus|Choice Scarf|[from] move: Knock Off|[of] p1a: Lokix
|faint|p2a: Enamorus
|
|upkeep
|inactive|michaelgoalise has 25 seconds left this turn.
|inactive|michaelgoalise has 20 seconds left.
|inactive|michaelgoalise has 15 seconds left.
|inactive|michaelgoalise has 10 seconds left.
|
|t:|1760432693
|switch|p2a: Samurott|Samurott-Hisui, M|100/100
|turn|4
|inactive|michaelgoalise has 20 seconds left this turn.
|
|t:|1760432697
|move|p2a: Samurott|Knock Off|p1a: Lokix
|-resisted|p1a: Lokix
|-damage|p1a: Lokix|71/100
|-enditem|p1a: Lokix|Choice Band|[from] move: Knock Off|[of] p2a: Samurott
|move|p1a: Lokix|Knock Off|p2a: Samurott
|-resisted|p2a: Samurott
|-damage|p2a: Samurott|36/100
|-enditem|p2a: Samurott|Focus Sash|[from] move: Knock Off|[of] p1a: Lokix
|
|upkeep
|turn|5
|inactive|michaelgoalise has 30 seconds left this turn.
|
|t:|1760432707
|move|p2a: Samurott|Razor Shell|p1a: Lokix
|-damage|p1a: Lokix|0 fnt
|faint|p1a: Lokix
|
|upkeep
|
|t:|1760432710
|switch|p1a: Cinderace|Cinderace, F|100/100
|turn|6
|inactive|michaelgoalise has 30 seconds left.
|j| iamfrhaan007
|inactive|michaelgoalise has 20 seconds left.
|
|t:|1760432730
|move|p2a: Samurott|Aqua Jet|p1a: Cinderace
|-supereffective|p1a: Cinderace
|-damage|p1a: Cinderace|56/100
|move|p1a: Cinderace|U-turn|p2a: Samurott
|-supereffective|p2a: Samurott
|-damage|p2a: Samurott|0 fnt
|faint|p2a: Samurott
|
|t:|1760432740
|switch|p1a: Alomomola|Alomomola, F|100/100|[from] U-turn
|
|upkeep
|inactive|michaelgoalise has 30 seconds left this turn.
|
|t:|1760432747
|switch|p2a: Hatterene|Hatterene, F|100/100
|turn|7
|inactive|michaelgoalise has 30 seconds left.
|
|t:|1760432754
|move|p2a: Hatterene|Nuzzle|p1a: Alomomola
|-supereffective|p1a: Alomomola
|-damage|p1a: Alomomola|94/100
|-status|p1a: Alomomola|par
|cant|p1a: Alomomola|par
|
|upkeep
|turn|8
|inactive|michaelgoalise has 30 seconds left.
|
|t:|1760432772
|move|p2a: Hatterene|Psychic Noise|p1a: Alomomola
|-damage|p1a: Alomomola|78/100 par
|-start|p1a: Alomomola|move: Heal Block
|move|p1a: Alomomola|Mirror Coat|p2a: Hatterene
|-damage|p2a: Hatterene|47/100
|
|upkeep
|turn|9
|inactive|michaelgoalise has 30 seconds left.
|
|t:|1760432786
|switch|p2a: Pecharunt|Pecharunt|100/100
|move|p1a: Alomomola|Flip Turn|p2a: Pecharunt
|-damage|p2a: Pecharunt|88/100
|
|t:|1760432790
|switch|p1a: Slowking|Slowking-Galar, M|100/100|[from] Flip Turn
|
|upkeep
|turn|10
|inactive|michaelgoalise has 30 seconds left.
|
|t:|1760432809
|switch|p2a: Hatterene|Hatterene, F|47/100
|move|p1a: Slowking|Future Sight|p2a: Hatterene
|-start|p1a: Slowking|move: Future Sight
|
|upkeep
|turn|11
|
|t:|1760432814
|move|p2a: Hatterene|Nuzzle|p1a: Slowking
|-damage|p1a: Slowking|97/100
|-status|p1a: Slowking|par
|move|p1a: Slowking|Sludge Bomb|p2a: Hatterene
|-supereffective|p2a: Hatterene
|-damage|p2a: Hatterene|3/100
|
|upkeep
|turn|12
|inactive|michaelgoalise has 30 seconds left.
|
|t:|1760432830
|move|p2a: Hatterene|Psychic Noise|p1a: Slowking
|-damage|p1a: Slowking|69/100 par
|-start|p1a: Slowking|move: Heal Block
|-prepare|p1a: Slowking|Chilly Reception|[premajor]
|move|p1a: Slowking|Chilly Reception|p1a: Slowking
|-weather|Snowscape
|
|t:|1760432838
|switch|p1a: Enamorus|Enamorus, F|100/100|[from] Chilly Reception
|
|-weather|Snowscape|[upkeep]
|-end|p2a: Hatterene|move: Future Sight
|-resisted|p2a: Hatterene
|-crit|p2a: Hatterene
|-damage|p2a: Hatterene|0 fnt
|faint|p2a: Hatterene
|upkeep
|inactive|michaelgoalise has 30 seconds left.
|
|t:|1760432853
|switch|p2a: Iron Thorns|Iron Thorns|100/100
|-enditem|p2a: Iron Thorns|Booster Energy
|-activate|p2a: Iron Thorns|ability: Quark Drive|[fromitem]
|-start|p2a: Iron Thorns|quarkdriveatk
|turn|13
|
|t:|1760432858
|move|p1a: Enamorus|Moonblast|p2a: Iron Thorns
|-damage|p2a: Iron Thorns|41/100
|move|p2a: Iron Thorns|Ice Punch|p1a: Enamorus
|-supereffective|p1a: Enamorus
|-damage|p1a: Enamorus|0 fnt
|faint|p1a: Enamorus
|
|-weather|Snowscape|[upkeep]
|upkeep
|
|t:|1760432862
|switch|p1a: Great Tusk|Great Tusk|100/100
|turn|14
|
|t:|1760432864
|-end|p2a: Iron Thorns|Quark Drive|[silent]
|switch|p2a: Pecharunt|Pecharunt|88/100
|move|p1a: Great Tusk|Earthquake|p2a: Pecharunt
|-supereffective|p2a: Pecharunt
|-damage|p2a: Pecharunt|24/100
|
|-weather|Snowscape|[upkeep]
|upkeep
|turn|15
|
|t:|1760432870
|move|p2a: Pecharunt|Destiny Bond|p2a: Pecharunt
|-singlemove|p2a: Pecharunt|Destiny Bond
|move|p1a: Great Tusk|Earthquake|p2a: Pecharunt
|-supereffective|p2a: Pecharunt
|-damage|p2a: Pecharunt|0 fnt
|faint|p2a: Pecharunt
|-activate|p2a: Pecharunt|move: Destiny Bond
|faint|p1a: Great Tusk
|-end|p1a: Great Tusk|Protosynthesis|[silent]
|
|-weather|Snowscape|[upkeep]
|upkeep
|
|t:|1760432879
|switch|p2a: Iron Thorns|Iron Thorns|41/100
|switch|p1a: Cinderace|Cinderace, F|56/100
|turn|16
|
|t:|1760432883
|move|p1a: Cinderace|Will-O-Wisp|p2a: Iron Thorns
|-status|p2a: Iron Thorns|brn
|move|p2a: Iron Thorns|Dragon Dance|p2a: Iron Thorns
|-boost|p2a: Iron Thorns|atk|1
|-boost|p2a: Iron Thorns|spe|1
|
|-weather|none
|-damage|p2a: Iron Thorns|35/100 brn|[from] brn
|upkeep
|turn|17
|
|t:|1760432889
|move|p2a: Iron Thorns|Earthquake|p1a: Cinderace
|-supereffective|p1a: Cinderace
|-damage|p1a: Cinderace|0 fnt
|faint|p1a: Cinderace
|
|-damage|p2a: Iron Thorns|29/100 brn|[from] brn
|upkeep
|
|t:|1760432892
|switch|p1a: Alomomola|Alomomola, F|100/100 par
|turn|18
|
|t:|1760432896
|move|p2a: Iron Thorns|Supercell Slam|p1a: Alomomola
|-supereffective|p1a: Alomomola
|-damage|p1a: Alomomola|37/100 par
|move|p1a: Alomomola|Flip Turn|p2a: Iron Thorns
|-supereffective|p2a: Iron Thorns
|-damage|p2a: Iron Thorns|0 fnt
|faint|p2a: Iron Thorns
|-end|p2a: Iron Thorns|Quark Drive|[silent]
|
|t:|1760432899
|switch|p1a: Slowking|Slowking-Galar, M|100/100 par|[from] Flip Turn
|
|upkeep
|
|t:|1760432901
|switch|p2a: Great Tusk|Great Tusk|100/100
|-enditem|p2a: Great Tusk|Booster Energy
|-activate|p2a: Great Tusk|ability: Protosynthesis|[fromitem]
|-start|p2a: Great Tusk|protosynthesisspe
|turn|19
|j| wgw2333
|
|t:|1760432916
|move|p2a: Great Tusk|Bulk Up|p2a: Great Tusk
|-boost|p2a: Great Tusk|atk|1
|-boost|p2a: Great Tusk|def|1
|cant|p1a: Slowking|par
|
|upkeep
|turn|20
|
|t:|1760432920
|move|p2a: Great Tusk|Bulk Up|p2a: Great Tusk
|-boost|p2a: Great Tusk|atk|1
|-boost|p2a: Great Tusk|def|1
|cant|p1a: Slowking|par
|
|upkeep
|turn|21
|
|t:|1760432930
|move|p2a: Great Tusk|Headlong Rush|p1a: Slowking
|-supereffective|p1a: Slowking
|-enditem|p1a: Slowking|Shuca Berry|[eat]
|-enditem|p1a: Slowking|Shuca Berry|[weaken]
|-damage|p1a: Slowking|22/100 par
|-unboost|p2a: Great Tusk|def|1
|-unboost|p2a: Great Tusk|spd|1
|move|p1a: Slowking|Ice Beam|p2a: Great Tusk
|-supereffective|p2a: Great Tusk
|-damage|p2a: Great Tusk|10/100
|
|upkeep
|turn|22
|
|t:|1760432947
|switch|p1a: Alomomola|Alomomola, F|70/100 par
|move|p2a: Great Tusk|Headlong Rush|p1a: Alomomola
|-damage|p1a: Alomomola|0 fnt
|-unboost|p2a: Great Tusk|def|1
|-unboost|p2a: Great Tusk|spd|1
|faint|p1a: Alomomola
|
|upkeep
|
|t:|1760432950
|switch|p1a: Slowking|Slowking-Galar, M|55/100 par
|turn|23
|
|t:|1760432955
|-terastallize|p1a: Slowking|Grass
|move|p2a: Great Tusk|Headlong Rush|p1a: Slowking
|-resisted|p1a: Slowking
|-damage|p1a: Slowking|19/100 par
|-unboost|p2a: Great Tusk|def|1
|-unboost|p2a: Great Tusk|spd|1
|move|p1a: Slowking|Ice Beam|p2a: Great Tusk
|-supereffective|p2a: Great Tusk
|-damage|p2a: Great Tusk|0 fnt
|faint|p2a: Great Tusk
|-end|p2a: Great Tusk|Protosynthesis|[silent]
|
|win|henry151th
|raw|henry151th's rating: 1779 &rarr; <strong>1796</strong><br />(+17 for winning)
|raw|michaelgoalise's rating: 1732 &rarr; <strong>1715</strong><br />(-17 for losing)
|l| wgw2333
|j| OUZQ Crocodile
|l|☆michaelgoalise
|player|p2|
|j| Disscratch
|l| OUZQ Crocodile
|l| Disscratch
|j| Disscratch
|l| Disscratch
|j| OUZQ Crocodile
|l| OUZQ Crocodile
|l| iamfrhaan007
