|j|☆sathat
|j|☆Tonni stark
|t:|1760349249
|gametype|singles
|player|p1|sathat|colress|1340
|player|p2|Tonni stark|170|1380
|gen|9
|tier|[Gen 9] OU
|rated|
|rule|HP Percentage Mod: HP is shown in percentages
|rule|Endless Battle Clause: Forcing endless battles is banned
|rule|Species Clause: Limit one of each Pokémon
|rule|OHKO Clause: OHKO moves are banned
|rule|Evasion Items Clause: Evasion items are banned
|rule|Evasion Moves Clause: Evasion moves are banned
|rule|Evasion Abilities Clause: Evasion abilities are banned
|rule|Sleep Moves Clause: Sleep-inducing moves are banned
|clearpoke
|poke|p1|Cinderace, M|
|poke|p1|Corviknight, M|
|poke|p1|Garchomp, M|
|poke|p1|Ogerpon-Wellspring, F|
|poke|p1|Grimmsnarl, M|
|poke|p1|Latias, F|
|poke|p2|Pecharunt|
|poke|p2|Yanmega, F|
|poke|p2|Clefable, F|
|poke|p2|Cryogonal|
|poke|p2|Blaziken, M|
|poke|p2|Quaquaval, F|
|teampreview
|inactive|Battle timer is ON: inactive players will automatically lose when time's up. (requested by Tonni stark)
|
|t:|1760349252
|teamsize|p1|6
|teamsize|p2|6
|start
|switch|p1a: Grimmsnarl|Grimmsnarl, M|100/100
|switch|p2a: Quaquaval|Quaquaval, F, shiny|100/100
|turn|1
|
|t:|1760349255
|move|p1a: Grimmsnarl|Thunder Wave|p2a: Quaquaval
|-status|p2a: Quaquaval|par
|move|p2a: Quaquaval|Aqua Step|p1a: Grimmsnarl
|-damage|p1a: Grimmsnarl|59/100
|-boost|p2a: Quaquaval|spe|1
|
|-heal|p1a: Grimmsnarl|65/100|[from] item: Leftovers
|upkeep
|turn|2
|
|t:|1760349261
|move|p1a: Grimmsnarl|Parting Shot|p2a: Quaquaval
|-unboost|p2a: Quaquaval|atk|1
|-unboost|p2a: Quaquaval|spa|1
|
|t:|1760349266
|switch|p1a: Corviknight|Corviknight, M, shiny|100/100|[from] Parting Shot
|-ability|p1a: Corviknight|Pressure
|move|p2a: Quaquaval|Aqua Step|p1a: Corviknight
|-damage|p1a: Corviknight|77/100
|-boost|p2a: Quaquaval|spe|1
|-damage|p2a: Quaquaval|84/100 par|[from] item: Rocky Helmet|[of] p1a: Corviknight
|
|upkeep
|turn|3
|
|t:|1760349273
|switch|p2a: Pecharunt|Pecharunt|100/100
|move|p1a: Corviknight|Iron Defense|p1a: Corviknight
|-boost|p1a: Corviknight|def|2
|
|upkeep
|turn|4
|
|t:|1760349278
|move|p2a: Pecharunt|Nasty Plot|p2a: Pecharunt
|-boost|p2a: Pecharunt|spa|2
|move|p1a: Corviknight|Roost|p1a: Corviknight
|-heal|p1a: Corviknight|100/100
|-singleturn|p1a: Corviknight|move: Roost
|
|upkeep
|turn|5
|
|t:|1760349284
|switch|p1a: Grimmsnarl|Grimmsnarl, M|65/100
|move|p2a: Pecharunt|Shadow Ball|p1a: Grimmsnarl
|-resisted|p1a: Grimmsnarl
|-damage|p1a: Grimmsnarl|31/100
|
|-heal|p1a: Grimmsnarl|37/100|[from] item: Leftovers
|upkeep
|turn|6
|
|t:|1760349290
|move|p1a: Grimmsnarl|Thunder Wave|p2a: Pecharunt
|-status|p2a: Pecharunt|par
|cant|p2a: Pecharunt|par
|
|-heal|p1a: Grimmsnarl|43/100|[from] item: Leftovers
|upkeep
|turn|7
|
|t:|1760349292
|move|p1a: Grimmsnarl|Parting Shot|p2a: Pecharunt
|-unboost|p2a: Pecharunt|atk|1
|-unboost|p2a: Pecharunt|spa|1
|
|t:|1760349297
|switch|p1a: Garchomp|Garchomp, M|100/100|[from] Parting Shot
|move|p2a: Pecharunt|Malignant Chain|p1a: Garchomp
|-resisted|p1a: Garchomp
|-damage|p1a: Garchomp|69/100
|
|upkeep
|turn|8
|
|t:|1760349301
|move|p1a: Garchomp|Earthquake|p2a: Pecharunt
|-supereffective|p2a: Pecharunt
|-damage|p2a: Pecharunt|40/100 par
|cant|p2a: Pecharunt|par
|
|-heal|p2a: Pecharunt|46/100 par|[from] item: Leftovers
|upkeep
|turn|9
|
|t:|1760349306
|move|p1a: Garchomp|Earthquake|p2a: Pecharunt
|-supereffective|p2a: Pecharunt
|-damage|p2a: Pecharunt|0 fnt
|faint|p2a: Pecharunt
|
|upkeep
|
|t:|1760349308
|switch|p2a: Cryogonal|Cryogonal|100/100
|turn|10
|
|t:|1760349314
|switch|p1a: Corviknight|Corviknight, M, shiny|100/100
|-ability|p1a: Corviknight|Pressure
|move|p2a: Cryogonal|Freeze-Dry|p1a: Corviknight
|-damage|p1a: Corviknight|82/100
|
|upkeep
|turn|11
|
|t:|1760349320
|move|p2a: Cryogonal|Frost Breath|p1a: Corviknight|[miss]
|-miss|p2a: Cryogonal|p1a: Corviknight
|move|p1a: Corviknight|Iron Defense|p1a: Corviknight
|-boost|p1a: Corviknight|def|2
|
|upkeep
|turn|12
|
|t:|1760349324
|switch|p2a: Quaquaval|Quaquaval, F, shiny|84/100 par
|move|p1a: Corviknight|Body Press|p2a: Quaquaval
|-damage|p2a: Quaquaval|39/100 par
|
|upkeep
|turn|13
|
|t:|1760349327
|move|p2a: Quaquaval|Close Combat|p1a: Corviknight
|-damage|p1a: Corviknight|56/100
|-unboost|p2a: Quaquaval|def|1
|-unboost|p2a: Quaquaval|spd|1
|-damage|p2a: Quaquaval|22/100 par|[from] item: Rocky Helmet|[of] p1a: Corviknight
|move|p1a: Corviknight|Body Press|p2a: Quaquaval
|-damage|p2a: Quaquaval|0 fnt
|faint|p2a: Quaquaval
|
|upkeep
|
|t:|1760349329
|switch|p2a: Blaziken|Blaziken, M, shiny|100/100
|turn|14
|
|t:|1760349338
|switch|p1a: Grimmsnarl|Grimmsnarl, M|43/100
|move|p2a: Blaziken|Overheat|p1a: Grimmsnarl
|-damage|p1a: Grimmsnarl|0 fnt
|-unboost|p2a: Blaziken|spa|2
|faint|p1a: Grimmsnarl
|-damage|p2a: Blaziken|91/100|[from] item: Life Orb
|
|-ability|p2a: Blaziken|Speed Boost|boost
|-boost|p2a: Blaziken|spe|1
|upkeep
|
|t:|1760349343
|switch|p1a: Garchomp|Garchomp, M|69/100
|turn|15
|
|t:|1760349347
|switch|p2a: Cryogonal|Cryogonal|100/100
|move|p1a: Garchomp|Earthquake|p2a: Cryogonal
|-immune|p2a: Cryogonal|[from] ability: Levitate
|
|upkeep
|turn|16
|
|t:|1760349351
|switch|p1a: Corviknight|Corviknight, M, shiny|56/100
|-ability|p1a: Corviknight|Pressure
|move|p2a: Cryogonal|Freeze-Dry|p1a: Corviknight
|-damage|p1a: Corviknight|36/100
|
|upkeep
|turn|17
|
|t:|1760349353
|move|p2a: Cryogonal|Frost Breath|p1a: Corviknight
|-crit|p1a: Corviknight
|-damage|p1a: Corviknight|8/100
|move|p1a: Corviknight|Roost|p1a: Corviknight
|-heal|p1a: Corviknight|58/100
|-singleturn|p1a: Corviknight|move: Roost
|
|upkeep
|turn|18
|
|t:|1760349357
|move|p2a: Cryogonal|Frost Breath|p1a: Corviknight
|-crit|p1a: Corviknight
|-damage|p1a: Corviknight|33/100
|move|p1a: Corviknight|Roost|p1a: Corviknight
|-heal|p1a: Corviknight|83/100
|-singleturn|p1a: Corviknight|move: Roost
|
|upkeep
|turn|19
|
|t:|1760349360
|switch|p2a: Blaziken|Blaziken, M, shiny|91/100
|move|p1a: Corviknight|Body Press|p2a: Blaziken
|-damage|p2a: Blaziken|59/100
|
|upkeep
|turn|20
|
|t:|1760349366
|switch|p1a: Latias|Latias, F|100/100
|move|p2a: Blaziken|Aura Sphere|p1a: Latias
|-resisted|p1a: Latias
|-damage|p1a: Latias|81/100
|-damage|p2a: Blaziken|49/100|[from] item: Life Orb
|
|-heal|p1a: Latias|87/100|[from] item: Leftovers
|-ability|p2a: Blaziken|Speed Boost|boost
|-boost|p2a: Blaziken|spe|1
|upkeep
|turn|21
|
|t:|1760349372
|move|p2a: Blaziken|Knock Off|p1a: Latias
|-supereffective|p1a: Latias
|-damage|p1a: Latias|32/100
|-enditem|p1a: Latias|Leftovers|[from] move: Knock Off|[of] p2a: Blaziken
|-damage|p2a: Blaziken|39/100|[from] item: Life Orb
|move|p1a: Latias|Agility|p1a: Latias
|-boost|p1a: Latias|spe|2
|
|-ability|p2a: Blaziken|Speed Boost|boost
|-boost|p2a: Blaziken|spe|1
|upkeep
|turn|22
|
|t:|1760349383
|switch|p2a: Cryogonal|Cryogonal|100/100
|-terastallize|p1a: Latias|Poison
|move|p1a: Latias|Stored Power|p2a: Cryogonal
|-crit|p2a: Cryogonal
|-damage|p2a: Cryogonal|78/100
|
|upkeep
|turn|23
|
|t:|1760349386
|move|p1a: Latias|Calm Mind|p1a: Latias
|-boost|p1a: Latias|spa|1
|-boost|p1a: Latias|spd|1
|move|p2a: Cryogonal|Freeze-Dry|p1a: Latias
|-damage|p1a: Latias|17/100
|
|upkeep
|turn|24
|
|t:|1760349388
|move|p1a: Latias|Aura Sphere|p2a: Cryogonal
|-supereffective|p2a: Cryogonal
|-damage|p2a: Cryogonal|39/100
|move|p2a: Cryogonal|Frost Breath|p1a: Latias
|-crit|p1a: Latias
|-damage|p1a: Latias|0 fnt
|faint|p1a: Latias
|
|upkeep
|
|t:|1760349392
|switch|p1a: Cinderace|Cinderace, M, shiny|100/100
|turn|25
|
|t:|1760349395
|switch|p2a: Clefable|Clefable, F|100/100
|move|p1a: Cinderace|Pyro Ball|p2a: Clefable
|-damage|p2a: Clefable|18/100
|
|-heal|p2a: Clefable|24/100|[from] item: Leftovers
|upkeep
|turn|26
|
|t:|1760349398
|move|p1a: Cinderace|Pyro Ball|p2a: Clefable
|-damage|p2a: Clefable|0 fnt
|faint|p2a: Clefable
|
|upkeep
|
|t:|1760349400
|switch|p2a: Yanmega|Yanmega, F, shiny|100/100
|turn|27
|
|t:|1760349403
|move|p2a: Yanmega|Protect|p2a: Yanmega
|-singleturn|p2a: Yanmega|Protect
|move|p1a: Cinderace|Pyro Ball|p2a: Yanmega
|-activate|p2a: Yanmega|move: Protect
|
|-ability|p2a: Yanmega|Speed Boost|boost
|-boost|p2a: Yanmega|spe|1
|upkeep
|turn|28
|
|t:|1760349406
|-terastallize|p2a: Yanmega|Ground
|move|p2a: Yanmega|Tera Blast|p1a: Cinderace|[anim] Tera Blast Ground
|-supereffective|p1a: Cinderace
|-damage|p1a: Cinderace|0 fnt
|faint|p1a: Cinderace
|
|-ability|p2a: Yanmega|Speed Boost|boost
|-boost|p2a: Yanmega|spe|1
|upkeep
|
|t:|1760349413
|switch|p1a: Corviknight|Corviknight, M, shiny|83/100
|-ability|p1a: Corviknight|Pressure
|turn|29
|
|t:|1760349418
|move|p2a: Yanmega|Bug Buzz|p1a: Corviknight
|-resisted|p1a: Corviknight
|-damage|p1a: Corviknight|75/100
|-unboost|p1a: Corviknight|spd|1
|-enditem|p2a: Yanmega|Throat Spray
|-boost|p2a: Yanmega|spa|1|[from] item: Throat Spray
|move|p1a: Corviknight|Roost|p1a: Corviknight
|-heal|p1a: Corviknight|100/100
|-singleturn|p1a: Corviknight|move: Roost
|
|-ability|p2a: Yanmega|Speed Boost|boost
|-boost|p2a: Yanmega|spe|1
|upkeep
|turn|30
|
|t:|1760349421
|move|p2a: Yanmega|Air Slash|p1a: Corviknight
|-resisted|p1a: Corviknight
|-damage|p1a: Corviknight|70/100
|move|p1a: Corviknight|Iron Defense|p1a: Corviknight
|-boost|p1a: Corviknight|def|2
|
|-ability|p2a: Yanmega|Speed Boost|boost
|-boost|p2a: Yanmega|spe|1
|upkeep
|turn|31
|
|t:|1760349424
|move|p2a: Yanmega|Air Slash|p1a: Corviknight
|-resisted|p1a: Corviknight
|-damage|p1a: Corviknight|42/100
|move|p1a: Corviknight|Body Press|p2a: Yanmega
|-damage|p2a: Yanmega|54/100
|
|-ability|p2a: Yanmega|Speed Boost|boost
|-boost|p2a: Yanmega|spe|1
|upkeep
|turn|32
|
|t:|1760349428
|move|p2a: Yanmega|Air Slash|p1a: Corviknight
|-resisted|p1a: Corviknight
|-damage|p1a: Corviknight|11/100
|move|p1a: Corviknight|Roost|p1a: Corviknight
|-heal|p1a: Corviknight|61/100
|-singleturn|p1a: Corviknight|move: Roost
|
|-ability|p2a: Yanmega|Speed Boost|boost
|-boost|p2a: Yanmega|spe|1
|upkeep
|turn|33
|
|t:|1760349437
|move|p2a: Yanmega|Air Slash|p1a: Corviknight
|-resisted|p1a: Corviknight
|-damage|p1a: Corviknight|30/100
|move|p1a: Corviknight|Roost|p1a: Corviknight
|-heal|p1a: Corviknight|80/100
|-singleturn|p1a: Corviknight|move: Roost
|
|upkeep
|turn|34
|
|t:|1760349441
|move|p2a: Yanmega|Air Slash|p1a: Corviknight
|-resisted|p1a: Corviknight
|-damage|p1a: Corviknight|50/100
|move|p1a: Corviknight|Body Press|p2a: Yanmega
|-damage|p2a: Yanmega|9/100
|
|upkeep
|turn|35
|
|t:|1760349446
|move|p2a: Yanmega|Air Slash|p1a: Corviknight
|-resisted|p1a: Corviknight
|-crit|p1a: Corviknight
|-damage|p1a: Corviknight|4/100
|cant|p1a: Corviknight|flinch
|
|upkeep
|turn|36
|
|t:|1760349451
|move|p2a: Yanmega|Bug Buzz|p1a: Corviknight
|-resisted|p1a: Corviknight
|-damage|p1a: Corviknight|0 fnt
|faint|p1a: Corviknight
|
|upkeep
|
|t:|1760349455
|switch|p1a: Garchomp|Garchomp, M|69/100
|turn|37
|
|t:|1760349458
|move|p2a: Yanmega|Bug Buzz|p1a: Garchomp
|-damage|p1a: Garchomp|0 fnt
|faint|p1a: Garchomp
|
|upkeep
|
|t:|1760349462
|switch|p1a: Ogerpon|Ogerpon-Wellspring, F|100/100
|turn|38
|
|t:|1760349464
|move|p2a: Yanmega|Bug Buzz|p1a: Ogerpon
|-supereffective|p1a: Ogerpon
|-damage|p1a: Ogerpon|0 fnt
|faint|p1a: Ogerpon
|
|win|Tonni stark
|raw|sathat's rating: 1340 &rarr; <strong>1322</strong><br />(-18 for losing)
|raw|Tonni stark's rating: 1380 &rarr; <strong>1398</strong><br />(+18 for winning)
|l|☆sathat
|player|p1|
|l|☆Tonni stark
|player|p2|
