|j|☆geckomoriakagenomi
|j|☆esta man oe
|t:|1760382398
|gametype|singles
|player|p1|geckomoriakagenomi|dragontamer|1199
|player|p2|esta man oe|preschooler|1168
|gen|9
|tier|[Gen 9] OU
|rated|
|rule|HP Percentage Mod: HP is shown in percentages
|rule|Endless Battle Clause: Forcing endless battles is banned
|rule|Species Clause: Limit one of each Pokémon
|rule|OHKO Clause: OHKO moves are banned
|rule|Evasion Items Clause: Evasion items are banned
|rule|Evasion Moves Clause: Evasion moves are banned
|rule|Evasion Abilities Clause: Evasion abilities are banned
|rule|Sleep Moves Clause: Sleep-inducing moves are banned
|clearpoke
|poke|p1|Garganacl, M|
|poke|p1|Great Tusk|
|poke|p1|Muk-Alola, M|
|poke|p1|Gholdengo|
|poke|p1|Zamazenta-*|
|poke|p1|Primarina, M|
|poke|p2|Torkoal, M|
|poke|p2|Pelipper, M|
|poke|p2|Raging Bolt|
|poke|p2|Walking Wake|
|poke|p2|Alomomola, M|
|poke|p2|Corviknight, M|
|teampreview
|inactive|Battle timer is ON: inactive players will automatically lose when time's up. (requested by esta man oe)
|
|t:|1760382410
|teamsize|p1|6
|teamsize|p2|6
|start
|switch|p1a: H2O|Primarina, M|100/100
|switch|p2a: Pelipper|Pelipper, M|100/100
|-weather|RainDance|[from] ability: Drizzle|[of] p2a: Pelipper
|turn|1
|
|t:|1760382417
|switch|p2a: Alomomola|Alomomola, M|100/100
|move|p1a: H2O|Flip Turn|p2a: Alomomola
|-resisted|p2a: Alomomola
|-damage|p2a: Alomomola|92/100
|
|t:|1760382422
|switch|p1a: CnH2n↓+2.|Muk-Alola, M|100/100|[from] Flip Turn
|
|-weather|RainDance|[upkeep]
|upkeep
|turn|2
|
|t:|1760382427
|switch|p2a: Corviknight|Corviknight, M|100/100
|move|p1a: CnH2n↓+2.|Knock Off|p2a: Corviknight
|-damage|p2a: Corviknight|70/100
|-damage|p1a: CnH2n↓+2.|84/100|[from] item: Rocky Helmet|[of] p2a: Corviknight
|-enditem|p2a: Corviknight|Rocky Helmet|[from] move: Knock Off|[of] p1a: CnH2n↓+2.
|
|-weather|RainDance|[upkeep]
|-heal|p1a: CnH2n↓+2.|90/100|[from] item: Leftovers
|upkeep
|turn|3
|
|t:|1760382437
|switch|p1a: NaCl|Garganacl, M, shiny|100/100
|move|p2a: Corviknight|U-turn|p1a: NaCl
|-damage|p1a: NaCl|92/100
|
|t:|1760382439
|switch|p2a: Walking Wake|Walking Wake|100/100|[from] U-turn
|
|-weather|RainDance|[upkeep]
|-heal|p1a: NaCl|98/100|[from] item: Leftovers
|upkeep
|turn|4
|
|t:|1760382442
|-terastallize|p2a: Walking Wake|Water
|move|p1a: NaCl|Protect|p1a: NaCl
|-singleturn|p1a: NaCl|Protect
|move|p2a: Walking Wake|Hydro Steam|p1a: NaCl
|-activate|p1a: NaCl|move: Protect
|
|-weather|RainDance|[upkeep]
|-heal|p1a: NaCl|100/100|[from] item: Leftovers
|upkeep
|turn|5
|
|t:|1760382449
|switch|p1a: H2O|Primarina, M|100/100
|move|p2a: Walking Wake|Hydro Steam|p1a: H2O
|-resisted|p1a: H2O
|-damage|p1a: H2O|71/100
|
|-weather|RainDance|[upkeep]
|upkeep
|turn|6
|
|t:|1760382456
|-end|p2a: Walking Wake|Protosynthesis|[silent]
|switch|p2a: Alomomola|Alomomola, M|100/100
|move|p1a: H2O|Whirlpool|p2a: Alomomola
|-resisted|p2a: Alomomola
|-damage|p2a: Alomomola|90/100
|-activate|p2a: Alomomola|move: Whirlpool|[of] p1a: H2O
|
|-weather|RainDance|[upkeep]
|-damage|p2a: Alomomola|77/100|[from] move: Whirlpool|[partiallytrapped]
|upkeep
|turn|7
|
|t:|1760382458
|move|p1a: H2O|Flip Turn|p2a: Alomomola
|-resisted|p2a: Alomomola
|-damage|p2a: Alomomola|70/100
|
|t:|1760382463
|switch|p1a: CnH2n↓+2.|Muk-Alola, M|90/100|[from] Flip Turn
|move|p2a: Alomomola|Flip Turn|p1a: CnH2n↓+2.
|-crit|p1a: CnH2n↓+2.
|-damage|p1a: CnH2n↓+2.|54/100
|
|t:|1760382466
|switch|p2a: Walking Wake|Walking Wake, tera:Water|100/100|[from] Flip Turn
|
|-weather|RainDance|[upkeep]
|-heal|p1a: CnH2n↓+2.|60/100|[from] item: Leftovers
|upkeep
|turn|8
|
|t:|1760382469
|move|p1a: CnH2n↓+2.|Protect|p1a: CnH2n↓+2.
|-singleturn|p1a: CnH2n↓+2.|Protect
|move|p2a: Walking Wake|Hydro Steam|p1a: CnH2n↓+2.
|-activate|p1a: CnH2n↓+2.|move: Protect
|
|-weather|none
|-heal|p1a: CnH2n↓+2.|66/100|[from] item: Leftovers
|upkeep
|turn|9
|
|t:|1760382474
|switch|p1a: H2O|Primarina, M|71/100
|move|p2a: Walking Wake|Hydro Steam|p1a: H2O
|-resisted|p1a: H2O
|-damage|p1a: H2O|51/100
|
|upkeep
|turn|10
|
|t:|1760382487
|-end|p2a: Walking Wake|Protosynthesis|[silent]
|switch|p2a: Torkoal|Torkoal, M|100/100
|-weather|SunnyDay|[from] ability: Drought|[of] p2a: Torkoal
|move|p1a: H2O|Whirlpool|p2a: Torkoal
|-supereffective|p2a: Torkoal
|-damage|p2a: Torkoal|77/100
|-activate|p2a: Torkoal|move: Whirlpool|[of] p1a: H2O
|
|-weather|SunnyDay|[upkeep]
|-damage|p2a: Torkoal|65/100|[from] move: Whirlpool|[partiallytrapped]
|upkeep
|turn|11
|
|t:|1760382493
|move|p1a: H2O|Psychic Noise|p2a: Torkoal
|-supereffective|p2a: Torkoal
|-damage|p2a: Torkoal|9/100
|-start|p2a: Torkoal|move: Heal Block
|move|p2a: Torkoal|Stealth Rock|p1a: H2O
|-sidestart|p1: geckomoriakagenomi|move: Stealth Rock
|
|-weather|SunnyDay|[upkeep]
|-damage|p2a: Torkoal|0 fnt|[from] move: Whirlpool|[partiallytrapped]
|faint|p2a: Torkoal
|upkeep
|
|t:|1760382500
|switch|p2a: Raging Bolt|Raging Bolt|100/100
|-activate|p2a: Raging Bolt|ability: Protosynthesis
|-start|p2a: Raging Bolt|protosynthesisspa
|turn|12
|
|t:|1760382507
|switch|p1a: SiO↑(4−2x)↓− 4−x|Great Tusk|100/100
|-activate|p1a: SiO↑(4−2x)↓− 4−x|ability: Protosynthesis
|-start|p1a: SiO↑(4−2x)↓− 4−x|protosynthesisatk
|move|p2a: Raging Bolt|Draco Meteor|p1a: SiO↑(4−2x)↓− 4−x
|-damage|p1a: SiO↑(4−2x)↓− 4−x|0 fnt
|-unboost|p2a: Raging Bolt|spa|2
|faint|p1a: SiO↑(4−2x)↓− 4−x
|-end|p1a: SiO↑(4−2x)↓− 4−x|Protosynthesis|[silent]
|
|-weather|SunnyDay|[upkeep]
|upkeep
|
|t:|1760382520
|switch|p1a: NaCl|Garganacl, M, shiny|100/100
|-damage|p1a: NaCl|88/100|[from] Stealth Rock
|turn|13
|
|t:|1760382524
|-end|p2a: Raging Bolt|Protosynthesis|[silent]
|switch|p2a: Alomomola|Alomomola, M|100/100
|move|p1a: NaCl|Stealth Rock|p2a: Alomomola
|-sidestart|p2: esta man oe|move: Stealth Rock
|
|-weather|SunnyDay|[upkeep]
|-heal|p1a: NaCl|94/100|[from] item: Leftovers
|upkeep
|turn|14
|
|t:|1760382532
|switch|p2a: Walking Wake|Walking Wake, tera:Water|100/100
|-damage|p2a: Walking Wake|88/100|[from] Stealth Rock
|-activate|p2a: Walking Wake|ability: Protosynthesis
|-start|p2a: Walking Wake|protosynthesisspa
|move|p1a: NaCl|Salt Cure|p2a: Walking Wake
|-damage|p2a: Walking Wake|72/100
|-start|p2a: Walking Wake|Salt Cure
|
|-weather|SunnyDay|[upkeep]
|-heal|p1a: NaCl|100/100|[from] item: Leftovers
|-damage|p2a: Walking Wake|47/100|[from] Salt Cure
|upkeep
|turn|15
|
|t:|1760382545
|move|p1a: NaCl|Protect|p1a: NaCl
|-singleturn|p1a: NaCl|Protect
|move|p2a: Walking Wake|Hydro Steam|p1a: NaCl
|-activate|p1a: NaCl|move: Protect
|
|-weather|SunnyDay|[upkeep]
|-damage|p2a: Walking Wake|23/100|[from] Salt Cure
|upkeep
|turn|16
|
|t:|1760382554
|-end|p2a: Walking Wake|Protosynthesis|[silent]
|switch|p2a: Alomomola|Alomomola, M|100/100
|switch|p1a: H2O|Primarina, M|51/100
|-damage|p1a: H2O|39/100|[from] Stealth Rock
|
|-weather|SunnyDay|[upkeep]
|upkeep
|turn|17
|
|t:|1760382568
|move|p1a: H2O|Flip Turn|p2a: Alomomola
|-resisted|p2a: Alomomola
|-damage|p2a: Alomomola|98/100
|
|t:|1760382572
|switch|p1a: CnH2n↓+2.|Muk-Alola, M|66/100|[from] Flip Turn
|-damage|p1a: CnH2n↓+2.|54/100|[from] Stealth Rock
|move|p2a: Alomomola|Flip Turn|p1a: CnH2n↓+2.
|-damage|p1a: CnH2n↓+2.|46/100
|
|t:|1760382581
|switch|p2a: Raging Bolt|Raging Bolt|100/100|[from] Flip Turn
|-damage|p2a: Raging Bolt|88/100|[from] Stealth Rock
|-activate|p2a: Raging Bolt|ability: Protosynthesis
|-start|p2a: Raging Bolt|protosynthesisspa
|
|-weather|none
|-end|p2a: Raging Bolt|Protosynthesis
|-heal|p1a: CnH2n↓+2.|52/100|[from] item: Leftovers
|upkeep
|turn|18
|
|t:|1760382587
|move|p2a: Raging Bolt|Volt Switch|p1a: CnH2n↓+2.
|-damage|p1a: CnH2n↓+2.|20/100
|
|t:|1760382592
|-end|p2a: Raging Bolt|Protosynthesis|[silent]
|switch|p2a: Corviknight|Corviknight, M|70/100|[from] Volt Switch
|-damage|p2a: Corviknight|58/100|[from] Stealth Rock
|move|p1a: CnH2n↓+2.|Ice Punch|p2a: Corviknight
|-crit|p2a: Corviknight
|-damage|p2a: Corviknight|35/100
|
|-heal|p1a: CnH2n↓+2.|26/100|[from] item: Leftovers
|upkeep
|turn|19
|
|t:|1760382604
|move|p1a: CnH2n↓+2.|Protect|p1a: CnH2n↓+2.
|-singleturn|p1a: CnH2n↓+2.|Protect
|move|p2a: Corviknight|Roost|p2a: Corviknight
|-heal|p2a: Corviknight|85/100
|-singleturn|p2a: Corviknight|move: Roost
|
|-heal|p1a: CnH2n↓+2.|32/100|[from] item: Leftovers
|upkeep
|turn|20
|
|t:|1760382616
|move|p1a: CnH2n↓+2.|Ice Punch|p2a: Corviknight
|-damage|p2a: Corviknight|70/100
|move|p2a: Corviknight|Defog|p1a: CnH2n↓+2.
|-unboost|p1a: CnH2n↓+2.|evasion|1
|-sideend|p1: geckomoriakagenomi|Stealth Rock|[from] move: Defog|[of] p2a: Corviknight
|-sideend|p2: esta man oe|Stealth Rock|[from] move: Defog|[of] p2a: Corviknight
|
|-heal|p1a: CnH2n↓+2.|38/100|[from] item: Leftovers
|upkeep
|turn|21
|
|t:|1760382626
|move|p1a: CnH2n↓+2.|Ice Punch|p2a: Corviknight
|-damage|p2a: Corviknight|55/100
|move|p2a: Corviknight|U-turn|p1a: CnH2n↓+2.
|-damage|p1a: CnH2n↓+2.|23/100
|
|t:|1760382629
|switch|p2a: Pelipper|Pelipper, M|100/100|[from] U-turn
|-weather|RainDance|[from] ability: Drizzle|[of] p2a: Pelipper
|
|-weather|RainDance|[upkeep]
|-heal|p1a: CnH2n↓+2.|29/100|[from] item: Leftovers
|upkeep
|turn|22
|
|t:|1760382632
|switch|p2a: Corviknight|Corviknight, M|55/100
|move|p1a: CnH2n↓+2.|Knock Off|p2a: Corviknight
|-damage|p2a: Corviknight|35/100
|
|-weather|RainDance|[upkeep]
|-heal|p1a: CnH2n↓+2.|35/100|[from] item: Leftovers
|upkeep
|turn|23
|
|t:|1760382636
|move|p1a: CnH2n↓+2.|Ice Punch|p2a: Corviknight
|-damage|p2a: Corviknight|21/100
|move|p2a: Corviknight|Roost|p2a: Corviknight
|-heal|p2a: Corviknight|71/100
|-singleturn|p2a: Corviknight|move: Roost
|
|-weather|RainDance|[upkeep]
|-heal|p1a: CnH2n↓+2.|41/100|[from] item: Leftovers
|upkeep
|turn|24
|
|t:|1760382643
|move|p1a: CnH2n↓+2.|Ice Punch|p2a: Corviknight
|-damage|p2a: Corviknight|55/100
|move|p2a: Corviknight|Roost|p2a: Corviknight
|-heal|p2a: Corviknight|100/100
|-singleturn|p2a: Corviknight|move: Roost
|
|-weather|RainDance|[upkeep]
|-heal|p1a: CnH2n↓+2.|47/100|[from] item: Leftovers
|upkeep
|turn|25
|
|t:|1760382648
|move|p1a: CnH2n↓+2.|Ice Punch|p2a: Corviknight
|-damage|p2a: Corviknight|87/100
|move|p2a: Corviknight|Brave Bird|p1a: CnH2n↓+2.
|-damage|p1a: CnH2n↓+2.|7/100
|-damage|p2a: Corviknight|73/100|[from] Recoil
|
|-weather|RainDance|[upkeep]
|-heal|p1a: CnH2n↓+2.|13/100|[from] item: Leftovers
|upkeep
|turn|26
|
|t:|1760382656
|move|p1a: CnH2n↓+2.|Protect|p1a: CnH2n↓+2.
|-singleturn|p1a: CnH2n↓+2.|Protect
|move|p2a: Corviknight|U-turn|p1a: CnH2n↓+2.
|-activate|p1a: CnH2n↓+2.|move: Protect
|
|-weather|RainDance|[upkeep]
|-heal|p1a: CnH2n↓+2.|19/100|[from] item: Leftovers
|upkeep
|turn|27
|
|t:|1760382661
|move|p1a: CnH2n↓+2.|Ice Punch|p2a: Corviknight
|-damage|p2a: Corviknight|58/100
|move|p2a: Corviknight|U-turn|p1a: CnH2n↓+2.
|-damage|p1a: CnH2n↓+2.|5/100
|
|t:|1760382665
|switch|p2a: Walking Wake|Walking Wake, tera:Water|23/100|[from] U-turn
|
|-weather|RainDance|[upkeep]
|-heal|p1a: CnH2n↓+2.|11/100|[from] item: Leftovers
|upkeep
|turn|28
|
|t:|1760382669
|move|p2a: Walking Wake|Hydro Steam|p1a: CnH2n↓+2.
|-damage|p1a: CnH2n↓+2.|0 fnt
|faint|p1a: CnH2n↓+2.
|
|-weather|none
|upkeep
|
|t:|1760382671
|switch|p1a: H2O|Primarina, M|39/100
|turn|29
|
|t:|1760382675
|-end|p2a: Walking Wake|Protosynthesis|[silent]
|switch|p2a: Alomomola|Alomomola, M|100/100
|move|p1a: H2O|Moonblast|p2a: Alomomola
|-damage|p2a: Alomomola|60/100
|-unboost|p2a: Alomomola|spa|1
|
|upkeep
|turn|30
|
|t:|1760382678
|move|p1a: H2O|Flip Turn|p2a: Alomomola
|-resisted|p2a: Alomomola
|-damage|p2a: Alomomola|54/100
|
|t:|1760382689
|switch|p1a: NaCl|Garganacl, M, shiny|100/100|[from] Flip Turn
|move|p2a: Alomomola|Flip Turn|p1a: NaCl
|-supereffective|p1a: NaCl
|-damage|p1a: NaCl|81/100
|
|t:|1760382693
|switch|p2a: Pelipper|Pelipper, M|100/100|[from] Flip Turn
|-weather|RainDance|[from] ability: Drizzle|[of] p2a: Pelipper
|
|-weather|RainDance|[upkeep]
|-heal|p1a: NaCl|87/100|[from] item: Leftovers
|upkeep
|turn|31
|
|t:|1760382697
|move|p2a: Pelipper|Hydro Pump|p1a: NaCl
|-supereffective|p1a: NaCl
|-damage|p1a: NaCl|10/100
|move|p1a: NaCl|Stealth Rock|p2a: Pelipper
|-sidestart|p2: esta man oe|move: Stealth Rock
|
|-weather|RainDance|[upkeep]
|-heal|p1a: NaCl|17/100|[from] item: Leftovers
|upkeep
|turn|32
|
|t:|1760382703
|move|p1a: NaCl|Protect|p1a: NaCl
|-singleturn|p1a: NaCl|Protect
|move|p2a: Pelipper|Hurricane|p1a: NaCl
|-activate|p1a: NaCl|move: Protect
|
|-weather|RainDance|[upkeep]
|-heal|p1a: NaCl|23/100|[from] item: Leftovers
|upkeep
|turn|33
|
|t:|1760382708
|switch|p1a: H2O|Primarina, M|39/100
|move|p2a: Pelipper|Hydro Pump|p1a: H2O
|-resisted|p1a: H2O
|-damage|p1a: H2O|23/100
|
|-weather|RainDance|[upkeep]
|upkeep
|turn|34
|
|t:|1760382718
|switch|p2a: Alomomola|Alomomola, M|88/100
|move|p1a: H2O|Psychic Noise|p2a: Alomomola
|-resisted|p2a: Alomomola
|-damage|p2a: Alomomola|65/100
|-start|p2a: Alomomola|move: Heal Block
|
|-weather|RainDance|[upkeep]
|upkeep
|turn|35
|
|t:|1760382723
|move|p1a: H2O|Moonblast|p2a: Alomomola
|-damage|p2a: Alomomola|28/100
|-unboost|p2a: Alomomola|spa|1
|move|p2a: Alomomola|Flip Turn|p1a: H2O
|-resisted|p1a: H2O
|-damage|p1a: H2O|8/100
|
|t:|1760382727
|switch|p2a: Raging Bolt|Raging Bolt|88/100|[from] Flip Turn
|-damage|p2a: Raging Bolt|75/100|[from] Stealth Rock
|
|-weather|RainDance|[upkeep]
|upkeep
|turn|36
|
|t:|1760382734
|move|p2a: Raging Bolt|Volt Switch|p1a: H2O
|-supereffective|p1a: H2O
|-damage|p1a: H2O|0 fnt
|faint|p1a: H2O
|
|t:|1760382737
|-end|p2a: Raging Bolt|Protosynthesis|[silent]
|switch|p2a: Alomomola|Alomomola, M|61/100|[from] Volt Switch
|
|-weather|RainDance|[upkeep]
|upkeep
|
|t:|1760382744
|switch|p1a: NaCl|Garganacl, M, shiny|23/100
|turn|37
|
|t:|1760382752
|move|p2a: Alomomola|Wish|p2a: Alomomola
|move|p1a: NaCl|Recover|p1a: NaCl
|-heal|p1a: NaCl|73/100
|
|-weather|none
|-heal|p1a: NaCl|79/100|[from] item: Leftovers
|upkeep
|turn|38
|
|t:|1760382755
|move|p2a: Alomomola|Flip Turn|p1a: NaCl
|-supereffective|p1a: NaCl
|-damage|p1a: NaCl|58/100
|
|t:|1760382758
|switch|p2a: Pelipper|Pelipper, M|100/100|[from] Flip Turn
|-damage|p2a: Pelipper|75/100|[from] Stealth Rock
|-weather|RainDance|[from] ability: Drizzle|[of] p2a: Pelipper
|move|p1a: NaCl|Salt Cure|p2a: Pelipper
|-supereffective|p2a: Pelipper
|-damage|p2a: Pelipper|53/100
|-start|p2a: Pelipper|Salt Cure
|
|-weather|RainDance|[upkeep]
|-heal|p2a: Pelipper|100/100|[from] move: Wish|[wisher] Alomomola
|-heal|p1a: NaCl|65/100|[from] item: Leftovers
|-damage|p2a: Pelipper|75/100|[from] Salt Cure
|upkeep
|turn|39
|
|t:|1760382762
|switch|p2a: Alomomola|Alomomola, M|94/100
|move|p1a: NaCl|Recover|p1a: NaCl
|-heal|p1a: NaCl|100/100
|
|-weather|RainDance|[upkeep]
|upkeep
|turn|40
|
|t:|1760382764
|move|p2a: Alomomola|Healing Wish|p2a: Alomomola
|faint|p2a: Alomomola
|move|p1a: NaCl|Salt Cure|p2: Alomomola|[notarget]
|-fail|p1a: NaCl
|
|-weather|RainDance|[upkeep]
|upkeep
|
|t:|1760382766
|switch|p2a: Walking Wake|Walking Wake, tera:Water|23/100
|-heal|p2a: Walking Wake|100/100|[from] move: Healing Wish
|-damage|p2a: Walking Wake|88/100|[from] Stealth Rock
|turn|41
|
|t:|1760382772
|move|p2a: Walking Wake|Hydro Steam|p1a: NaCl
|-supereffective|p1a: NaCl
|-damage|p1a: NaCl|0 fnt
|faint|p1a: NaCl
|
|-weather|RainDance|[upkeep]
|upkeep
|
|t:|1760382780
|switch|p1a: Cu|Zamazenta|100/100
|-ability|p1a: Cu|Dauntless Shield|boost
|-boost|p1a: Cu|def|1
|turn|42
|
|t:|1760382784
|move|p1a: Cu|Close Combat|p2a: Walking Wake
|-damage|p2a: Walking Wake|0 fnt
|-unboost|p1a: Cu|def|1
|-unboost|p1a: Cu|spd|1
|faint|p2a: Walking Wake
|-end|p2a: Walking Wake|Protosynthesis|[silent]
|
|-weather|RainDance|[upkeep]
|upkeep
|
|t:|1760382788
|switch|p2a: Pelipper|Pelipper, M|75/100
|-damage|p2a: Pelipper|50/100|[from] Stealth Rock
|turn|43
|
|t:|1760382791
|move|p1a: Cu|Close Combat|p2a: Pelipper
|-resisted|p2a: Pelipper
|-damage|p2a: Pelipper|16/100
|-unboost|p1a: Cu|def|1
|-unboost|p1a: Cu|spd|1
|move|p2a: Pelipper|Hurricane|p1a: Cu
|-supereffective|p1a: Cu
|-damage|p1a: Cu|0 fnt
|faint|p1a: Cu
|
|-weather|RainDance|[upkeep]
|upkeep
|
|t:|1760382794
|switch|p1a: Au|Gholdengo|100/100
|turn|44
|
|t:|1760382798
|move|p1a: Au|Shadow Ball|p2a: Pelipper
|-damage|p2a: Pelipper|0 fnt
|faint|p2a: Pelipper
|
|-weather|RainDance|[upkeep]
|upkeep
|
|t:|1760382802
|switch|p2a: Corviknight|Corviknight, M|58/100
|-damage|p2a: Corviknight|46/100|[from] Stealth Rock
|turn|45
|
|t:|1760382810
|move|p1a: Au|Shadow Ball|p2a: Corviknight
|-damage|p2a: Corviknight|11/100
|move|p2a: Corviknight|U-turn|p1a: Au
|-resisted|p1a: Au
|-damage|p1a: Au|98/100
|
|t:|1760382812
|switch|p2a: Raging Bolt|Raging Bolt|75/100|[from] U-turn
|-damage|p2a: Raging Bolt|63/100|[from] Stealth Rock
|
|-weather|none
|upkeep
|turn|46
|
|t:|1760382818
|move|p2a: Raging Bolt|Volt Switch|p1a: Au
|-damage|p1a: Au|64/100
|
|t:|1760382821
|-end|p2a: Raging Bolt|Protosynthesis|[silent]
|switch|p2a: Corviknight|Corviknight, M|11/100|[from] Volt Switch
|-damage|p2a: Corviknight|0 fnt|[from] Stealth Rock
|faint|p2a: Corviknight
|move|p1a: Au|Shadow Ball|p2: Corviknight|[notarget]
|-fail|p1a: Au
|
|upkeep
|
|t:|1760382822
|switch|p2a: Raging Bolt|Raging Bolt|63/100
|-damage|p2a: Raging Bolt|50/100|[from] Stealth Rock
|turn|47
|
|t:|1760382824
|move|p2a: Raging Bolt|Volt Switch|p1a: Au
|-damage|p1a: Au|27/100
|move|p1a: Au|Shadow Ball|p2a: Raging Bolt
|-damage|p2a: Raging Bolt|20/100
|
|upkeep
|turn|48
|
|t:|1760382829
|move|p2a: Raging Bolt|Volt Switch|p1a: Au
|-damage|p1a: Au|0 fnt
|faint|p1a: Au
|
|win|esta man oe
|raw|geckomoriakagenomi's rating: 1199 &rarr; <strong>1172</strong><br />(-27 for losing)
|raw|esta man oe's rating: 1168 &rarr; <strong>1195</strong><br />(+27 for winning)
