|j|☆f3l1s
|j|☆no mind
|t:|1760329176
|gametype|singles
|player|p1|f3l1s|2|1125
|player|p2|no mind|caitlin|1183
|gen|9
|tier|[Gen 9] OU
|rated|
|rule|HP Percentage Mod: HP is shown in percentages
|rule|Endless Battle Clause: Forcing endless battles is banned
|rule|Species Clause: Limit one of each Pokémon
|rule|OHKO Clause: OHKO moves are banned
|rule|Evasion Items Clause: Evasion items are banned
|rule|Evasion Moves Clause: Evasion moves are banned
|rule|Evasion Abilities Clause: Evasion abilities are banned
|rule|Sleep Moves Clause: Sleep-inducing moves are banned
|clearpoke
|poke|p1|Greninja-*, M|
|poke|p1|Serperior, M|
|poke|p1|Cinderace, M|
|poke|p1|Corviknight, F|
|poke|p1|Ting-Lu|
|poke|p1|Ribombee, F|
|poke|p2|Weavile, M|
|poke|p2|Kingambit, F|
|poke|p2|Great Tusk|
|poke|p2|Deoxys-Speed|
|poke|p2|Iron Moth|
|poke|p2|Ogerpon-Wellspring, F|
|teampreview
|
|t:|1760329190
|teamsize|p1|6
|teamsize|p2|6
|start
|switch|p1a: Ribombee|Ribombee, F|100/100
|switch|p2a: Deoxys|Deoxys-Speed|100/100
|-ability|p2a: Deoxys|Pressure
|turn|1
|inactive|Battle timer is ON: inactive players will automatically lose when time's up. (requested by f3l1s)
|
|t:|1760329201
|move|p1a: Ribombee|Bug Buzz|p2a: Deoxys
|-supereffective|p2a: Deoxys
|-damage|p2a: Deoxys|39/100
|move|p2a: Deoxys|Spikes|p1a: Ribombee
|-sidestart|p1: f3l1s|Spikes
|
|upkeep
|turn|2
|
|t:|1760329210
|move|p1a: Ribombee|Bug Buzz|p2a: Deoxys
|-supereffective|p2a: Deoxys
|-damage|p2a: Deoxys|0 fnt
|faint|p2a: Deoxys
|
|upkeep
|
|t:|1760329220
|switch|p2a: Iron Moth|Iron Moth|100/100
|-item|p2a: Iron Moth|Air Balloon
|turn|3
|
|t:|1760329226
|move|p1a: Ribombee|Stun Spore|p2a: Iron Moth
|-status|p2a: Iron Moth|par
|move|p2a: Iron Moth|Agility|p2a: Iron Moth
|-boost|p2a: Iron Moth|spe|2
|
|upkeep
|turn|4
|
|t:|1760329236
|switch|p1a: Ting-Lu|Ting-Lu|100/100
|-damage|p1a: Ting-Lu|88/100|[from] Spikes
|-ability|p1a: Ting-Lu|Vessel of Ruin
|cant|p2a: Iron Moth|par
|
|upkeep
|turn|5
|
|t:|1760329245
|move|p2a: Iron Moth|Toxic Spikes|p1a: Ting-Lu
|-sidestart|p1: f3l1s|move: Toxic Spikes
|move|p1a: Ting-Lu|Earthquake|p2a: Iron Moth
|-immune|p2a: Iron Moth
|
|upkeep
|turn|6
|
|t:|1760329254
|move|p2a: Iron Moth|Fiery Dance|p1a: Ting-Lu
|-damage|p1a: Ting-Lu|72/100
|-boost|p2a: Iron Moth|spa|1
|move|p1a: Ting-Lu|Ruination|p2a: Iron Moth
|-damage|p2a: Iron Moth|50/100 par
|-enditem|p2a: Iron Moth|Air Balloon
|
|upkeep
|turn|7
|
|t:|1760329263
|move|p2a: Iron Moth|Fiery Dance|p1a: Ting-Lu
|-damage|p1a: Ting-Lu|47/100
|move|p1a: Ting-Lu|Earthquake|p2a: Iron Moth
|-supereffective|p2a: Iron Moth
|-damage|p2a: Iron Moth|0 fnt
|faint|p2a: Iron Moth
|-end|p2a: Iron Moth|Quark Drive|[silent]
|
|upkeep
|
|t:|1760329270
|switch|p2a: Ogerpon|Ogerpon-Wellspring, F|100/100
|turn|8
|
|t:|1760329286
|move|p2a: Ogerpon|Substitute|p2a: Ogerpon
|-start|p2a: Ogerpon|Substitute
|-damage|p2a: Ogerpon|75/100
|move|p1a: Ting-Lu|Ruination|p2a: Ogerpon
|-end|p2a: Ogerpon|Substitute
|
|upkeep
|turn|9
|
|t:|1760329296
|switch|p1a: Serperior|Serperior, M|100/100
|-damage|p1a: Serperior|88/100|[from] Spikes
|-status|p1a: Serperior|psn
|move|p2a: Ogerpon|Ivy Cudgel|p1a: Serperior|[anim] Ivy Cudgel Water
|-resisted|p1a: Serperior
|-crit|p1a: Serperior
|-damage|p1a: Serperior|45/100 psn
|
|-heal|p1a: Serperior|51/100 psn|[from] item: Leftovers
|-damage|p1a: Serperior|39/100 psn|[from] psn
|upkeep
|turn|10
|
|t:|1760329309
|move|p1a: Serperior|Leaf Storm|p2a: Ogerpon
|-damage|p2a: Ogerpon|39/100
|-boost|p1a: Serperior|spa|2
|move|p2a: Ogerpon|Ivy Cudgel|p1a: Serperior|[anim] Ivy Cudgel Water
|-resisted|p1a: Serperior
|-damage|p1a: Serperior|11/100 psn
|
|-heal|p1a: Serperior|17/100 psn|[from] item: Leftovers
|-damage|p1a: Serperior|5/100 psn|[from] psn
|upkeep
|turn|11
|
|t:|1760329322
|move|p1a: Serperior|Leaf Storm|p2a: Ogerpon
|-damage|p2a: Ogerpon|0 fnt
|-boost|p1a: Serperior|spa|2
|faint|p2a: Ogerpon
|
|-heal|p1a: Serperior|11/100 psn|[from] item: Leftovers
|-damage|p1a: Serperior|0 fnt|[from] psn
|faint|p1a: Serperior
|upkeep
|
|t:|1760329332
|switch|p1a: Corviknight|Corviknight, F|100/100
|switch|p2a: Great Tusk|Great Tusk|100/100
|-enditem|p2a: Great Tusk|Booster Energy
|-activate|p2a: Great Tusk|ability: Protosynthesis|[fromitem]
|-start|p2a: Great Tusk|protosynthesisatk
|turn|12
|
|t:|1760329342
|move|p2a: Great Tusk|Close Combat|p1a: Corviknight
|-damage|p1a: Corviknight|55/100
|-unboost|p2a: Great Tusk|def|1
|-unboost|p2a: Great Tusk|spd|1
|-damage|p2a: Great Tusk|84/100|[from] item: Rocky Helmet|[of] p1a: Corviknight
|move|p1a: Corviknight|Iron Defense|p1a: Corviknight
|-boost|p1a: Corviknight|def|2
|
|upkeep
|turn|13
|
|t:|1760329353
|move|p2a: Great Tusk|Stealth Rock|p1a: Corviknight
|-sidestart|p1: f3l1s|move: Stealth Rock
|move|p1a: Corviknight|Roost|p1a: Corviknight
|-heal|p1a: Corviknight|100/100
|-singleturn|p1a: Corviknight|move: Roost
|
|upkeep
|turn|14
|
|t:|1760329370
|-end|p2a: Great Tusk|Protosynthesis|[silent]
|switch|p2a: Weavile|Weavile, M|100/100
|move|p1a: Corviknight|Iron Defense|p1a: Corviknight
|-boost|p1a: Corviknight|def|2
|
|upkeep
|turn|15
|
|t:|1760329378
|move|p2a: Weavile|Knock Off|p1a: Corviknight
|-damage|p1a: Corviknight|85/100
|-damage|p2a: Weavile|84/100|[from] item: Rocky Helmet|[of] p1a: Corviknight
|-enditem|p1a: Corviknight|Rocky Helmet|[from] move: Knock Off|[of] p2a: Weavile
|move|p1a: Corviknight|Iron Defense|p1a: Corviknight
|-boost|p1a: Corviknight|def|2
|
|upkeep
|turn|16
|c|☆f3l1s|gg
|
|t:|1760329387
|switch|p2a: Great Tusk|Great Tusk|84/100
|move|p1a: Corviknight|Body Press|p2a: Great Tusk
|-damage|p2a: Great Tusk|6/100
|
|upkeep
|turn|17
|
|t:|1760329396
|move|p2a: Great Tusk|Close Combat|p1a: Corviknight
|-damage|p1a: Corviknight|76/100
|-unboost|p2a: Great Tusk|def|1
|-unboost|p2a: Great Tusk|spd|1
|move|p1a: Corviknight|Iron Head|p2a: Great Tusk
|-damage|p2a: Great Tusk|0 fnt
|faint|p2a: Great Tusk
|-end|p2a: Great Tusk|Protosynthesis|[silent]
|
|upkeep
|
|t:|1760329401
|switch|p2a: Weavile|Weavile, M|84/100
|turn|18
|
|t:|1760329405
|move|p2a: Weavile|Low Kick|p1a: Corviknight
|-damage|p1a: Corviknight|70/100
|move|p1a: Corviknight|Body Press|p2a: Weavile
|-supereffective|p2a: Weavile
|-damage|p2a: Weavile|0 fnt
|faint|p2a: Weavile
|
|upkeep
|
|t:|1760329411
|switch|p2a: Artoria|Kingambit, F, shiny|100/100
|-activate|p2a: Artoria|ability: Supreme Overlord
|-start|p2a: Artoria|fallen5|[silent]
|-item|p2a: Artoria|Air Balloon
|turn|19
|
|t:|1760329419
|-terastallize|p2a: Artoria|Flying
|move|p2a: Artoria|Sucker Punch|p1a: Corviknight
|-damage|p1a: Corviknight|63/100
|move|p1a: Corviknight|Body Press|p2a: Artoria
|-resisted|p2a: Artoria
|-damage|p2a: Artoria|72/100
|-enditem|p2a: Artoria|Air Balloon
|
|upkeep
|turn|20
|
|t:|1760329429
|move|p1a: Corviknight|Roost|p1a: Corviknight
|-heal|p1a: Corviknight|100/100
|-singleturn|p1a: Corviknight|move: Roost
|move|p2a: Artoria|Swords Dance|p2a: Artoria
|-boost|p2a: Artoria|atk|2
|
|upkeep
|turn|21
|
|t:|1760329439
|move|p2a: Artoria|Sucker Punch|p1a: Corviknight
|-damage|p1a: Corviknight|84/100
|move|p1a: Corviknight|Body Press|p2a: Artoria
|-resisted|p2a: Artoria
|-damage|p2a: Artoria|41/100
|
|upkeep
|turn|22
|
|t:|1760329447
|move|p2a: Artoria|Sucker Punch|p1a: Corviknight
|-damage|p1a: Corviknight|68/100
|move|p1a: Corviknight|Iron Head|p2a: Artoria
|-damage|p2a: Artoria|26/100
|
|upkeep
|turn|23
|
|t:|1760329453
|move|p2a: Artoria|Sucker Punch|p1a: Corviknight
|-damage|p1a: Corviknight|54/100
|move|p1a: Corviknight|Body Press|p2a: Artoria
|-resisted|p2a: Artoria
|-damage|p2a: Artoria|0 fnt
|faint|p2a: Artoria
|-end|p2a: Artoria|fallen5|[silent]
|
|win|f3l1s
|raw|f3l1s's rating: 1125 &rarr; <strong>1154</strong><br />(+29 for winning)
|raw|no mind's rating: 1183 &rarr; <strong>1154</strong><br />(-29 for losing)
|l|☆no mind
|player|p2|
|l|☆f3l1s
|player|p1|
