|j|☆Lenghong
|j|☆thefourdolf
|t:|1760322604
|gametype|singles
|player|p1|Lenghong|hilda|1479
|player|p2|thefourdolf|blaine|1477
|gen|9
|tier|[Gen 9] OU
|rated|
|rule|HP Percentage Mod: HP is shown in percentages
|rule|Endless Battle Clause: Forcing endless battles is banned
|rule|Species Clause: Limit one of each Pokémon
|rule|OHKO Clause: OHKO moves are banned
|rule|Evasion Items Clause: Evasion items are banned
|rule|Evasion Moves Clause: Evasion moves are banned
|rule|Evasion Abilities Clause: Evasion abilities are banned
|rule|Sleep Moves Clause: Sleep-inducing moves are banned
|clearpoke
|poke|p1|Emboar, M|
|poke|p1|Clefable, M|
|poke|p1|Excadrill, F|
|poke|p1|Hawlucha, M|
|poke|p1|Chesnaught, F|
|poke|p1|Feraligatr, M|
|poke|p2|Kyurem|
|poke|p2|Slowking-Galar, M|
|poke|p2|Tornadus-Therian, M|
|poke|p2|Alomomola, F|
|poke|p2|Great Tusk|
|poke|p2|Clefable, M|
|teampreview
|inactive|Battle timer is ON: inactive players will automatically lose when time's up. (requested by thefourdolf)
|c|☆thefourdolf|The legends za team
|c|☆thefourdolf|I respect it
|
|t:|1760322623
|teamsize|p1|6
|teamsize|p2|6
|start
|switch|p1a: Clefable|Clefable, M|100/100
|switch|p2a: Tornadus|Tornadus-Therian, M|100/100
|turn|1
|
|t:|1760322626
|move|p2a: Tornadus|Bleakwind Storm|p1a: Clefable|[miss]
|-miss|p2a: Tornadus|p1a: Clefable
|move|p1a: Clefable|Fire Blast|p2a: Tornadus
|-damage|p2a: Tornadus|72/100
|
|upkeep
|turn|2
|
|t:|1760322630
|move|p2a: Tornadus|U-turn|p1a: Clefable
|-resisted|p1a: Clefable
|-damage|p1a: Clefable|92/100
|
|t:|1760322632
|switch|p2a: Clefable|Clefable, M|100/100|[from] U-turn
|move|p1a: Clefable|Moonblast|p2a: Clefable
|-damage|p2a: Clefable|51/100
|
|-heal|p2a: Clefable|57/100|[from] item: Leftovers
|upkeep
|turn|3
|
|t:|1760322638
|switch|p2a: Slowking|Slowking-Galar, M|100/100
|move|p1a: Clefable|Moonblast|p2a: Slowking
|-resisted|p2a: Slowking
|-damage|p2a: Slowking|83/100
|-unboost|p2a: Slowking|spa|1
|
|upkeep
|turn|4
|
|t:|1760322650
|switch|p1a: Excadrill|Excadrill, F|100/100
|-ability|p1a: Excadrill|Mold Breaker
|-prepare|p2a: Slowking|Chilly Reception|[premajor]
|move|p2a: Slowking|Chilly Reception|p2a: Slowking
|-weather|Snowscape
|
|t:|1760322660
|switch|p2a: Kyurem|Kyurem|100/100|[from] Chilly Reception
|-ability|p2a: Kyurem|Pressure
|
|-weather|Snowscape|[upkeep]
|upkeep
|turn|5
|
|t:|1760322665
|move|p2a: Kyurem|Blizzard|p1a: Excadrill
|-damage|p1a: Excadrill|0 fnt
|faint|p1a: Excadrill
|
|-weather|Snowscape|[upkeep]
|upkeep
|
|t:|1760322683
|switch|p1a: Emboar|Emboar, M, shiny|100/100
|turn|6
|
|t:|1760322696
|switch|p2a: Alomomola|Alomomola, F|100/100
|move|p1a: Emboar|Head Smash|p2a: Alomomola
|-damage|p2a: Alomomola|68/100
|-damage|p1a: Emboar|77/100|[from] Recoil
|
|-weather|Snowscape|[upkeep]
|upkeep
|turn|7
|
|t:|1760322708
|switch|p1a: Chesnaught|Chesnaught, F|100/100
|move|p2a: Alomomola|Flip Turn|p1a: Chesnaught
|-resisted|p1a: Chesnaught
|-damage|p1a: Chesnaught|96/100
|
|t:|1760322718
|switch|p2a: Kyurem|Kyurem|100/100|[from] Flip Turn
|-ability|p2a: Kyurem|Pressure
|
|-weather|Snowscape|[upkeep]
|-heal|p1a: Chesnaught|100/100|[from] item: Leftovers
|upkeep
|turn|8
|
|t:|1760322732
|switch|p1a: Feraligatr|Feraligatr, M|100/100
|move|p2a: Kyurem|Freeze-Dry|p1a: Feraligatr
|-supereffective|p1a: Feraligatr
|-damage|p1a: Feraligatr|0 fnt
|faint|p1a: Feraligatr
|
|-weather|none
|upkeep
|
|t:|1760322746
|switch|p1a: Chesnaught|Chesnaught, F|100/100
|turn|9
|
|t:|1760322751
|switch|p2a: Tornadus|Tornadus-Therian, M|100/100
|-terastallize|p1a: Chesnaught|Steel
|move|p1a: Chesnaught|Substitute|p1a: Chesnaught
|-start|p1a: Chesnaught|Substitute
|-damage|p1a: Chesnaught|75/100
|
|-heal|p1a: Chesnaught|82/100|[from] item: Leftovers
|upkeep
|turn|10
|
|t:|1760322754
|move|p2a: Tornadus|Heat Wave|p1a: Chesnaught
|-supereffective|p1a: Chesnaught
|-end|p1a: Chesnaught|Substitute
|move|p1a: Chesnaught|Leech Seed|p2a: Tornadus
|-start|p2a: Tornadus|move: Leech Seed
|
|-heal|p1a: Chesnaught|88/100|[from] item: Leftovers
|-damage|p2a: Tornadus|88/100|[from] Leech Seed|[of] p1a: Chesnaught
|-heal|p1a: Chesnaught|99/100|[silent]
|upkeep
|turn|11
|
|t:|1760322760
|switch|p2a: Clefable|Clefable, M|57/100
|switch|p1a: Emboar|Emboar, M, shiny|77/100
|
|-heal|p2a: Clefable|63/100|[from] item: Leftovers
|upkeep
|turn|12
|
|t:|1760322765
|switch|p2a: Alomomola|Alomomola, F|100/100
|move|p1a: Emboar|Wild Charge|p2a: Alomomola
|-supereffective|p2a: Alomomola
|-damage|p2a: Alomomola|56/100
|-damage|p1a: Emboar|60/100|[from] Recoil
|
|upkeep
|turn|13
|
|t:|1760322774
|switch|p1a: Chesnaught|Chesnaught, F, tera:Steel|99/100
|move|p2a: Alomomola|Wish|p2a: Alomomola
|
|-heal|p1a: Chesnaught|100/100|[from] item: Leftovers
|upkeep
|turn|14
|
|t:|1760322781
|switch|p2a: Clefable|Clefable, M|63/100
|move|p1a: Chesnaught|Leech Seed|p2a: Clefable
|-start|p2a: Clefable|move: Leech Seed
|
|-heal|p2a: Clefable|100/100|[from] move: Wish|[wisher] Alomomola
|upkeep
|turn|15
|
|t:|1760322793
|switch|p1a: Emboar|Emboar, M, shiny|60/100
|move|p2a: Clefable|Cosmic Power|p2a: Clefable
|-boost|p2a: Clefable|def|1
|-boost|p2a: Clefable|spd|1
|
|upkeep
|turn|16
|
|t:|1760322797
|move|p1a: Emboar|Flare Blitz|p2a: Clefable
|-damage|p2a: Clefable|58/100
|-status|p2a: Clefable|brn
|-damage|p1a: Emboar|45/100|[from] Recoil
|move|p2a: Clefable|Cosmic Power|p2a: Clefable
|-boost|p2a: Clefable|def|1
|-boost|p2a: Clefable|spd|1
|
|-heal|p2a: Clefable|64/100 brn|[from] item: Leftovers
|upkeep
|turn|17
|
|t:|1760322800
|move|p1a: Emboar|Flare Blitz|p2a: Clefable
|-damage|p2a: Clefable|36/100 brn
|-damage|p1a: Emboar|35/100|[from] Recoil
|move|p2a: Clefable|Moonlight|p2a: Clefable
|-heal|p2a: Clefable|86/100 brn
|
|-heal|p2a: Clefable|92/100 brn|[from] item: Leftovers
|upkeep
|turn|18
|
|t:|1760322823
|switch|p1a: Hawlucha|Hawlucha, M|100/100
|move|p2a: Clefable|Moonblast|p1a: Hawlucha
|-supereffective|p1a: Hawlucha
|-damage|p1a: Hawlucha|3/100
|
|-heal|p2a: Clefable|98/100 brn|[from] item: Leftovers
|upkeep
|turn|19
|
|t:|1760322830
|move|p1a: Hawlucha|U-turn|p2a: Clefable
|-resisted|p2a: Clefable
|-damage|p2a: Clefable|95/100 brn
|
|t:|1760322832
|switch|p1a: Chesnaught|Chesnaught, F, tera:Steel|100/100|[from] U-turn
|move|p2a: Clefable|Moonblast|p1a: Chesnaught
|-resisted|p1a: Chesnaught
|-damage|p1a: Chesnaught|82/100
|
|-heal|p1a: Chesnaught|88/100|[from] item: Leftovers
|-heal|p2a: Clefable|100/100 brn|[from] item: Leftovers
|upkeep
|turn|20
|
|t:|1760322837
|move|p1a: Chesnaught|Iron Defense|p1a: Chesnaught
|-boost|p1a: Chesnaught|def|2
|move|p2a: Clefable|Cosmic Power|p2a: Clefable
|-boost|p2a: Clefable|def|1
|-boost|p2a: Clefable|spd|1
|
|-heal|p1a: Chesnaught|94/100|[from] item: Leftovers
|upkeep
|turn|21
|
|t:|1760322843
|move|p1a: Chesnaught|Iron Defense|p1a: Chesnaught
|-boost|p1a: Chesnaught|def|2
|move|p2a: Clefable|Cosmic Power|p2a: Clefable
|-boost|p2a: Clefable|def|1
|-boost|p2a: Clefable|spd|1
|
|-heal|p1a: Chesnaught|99/100|[from] item: Leftovers
|upkeep
|turn|22
|
|t:|1760322845
|move|p1a: Chesnaught|Iron Defense|p1a: Chesnaught
|-boost|p1a: Chesnaught|def|2
|move|p2a: Clefable|Cosmic Power|p2a: Clefable
|-boost|p2a: Clefable|def|1
|-boost|p2a: Clefable|spd|1
|
|-heal|p1a: Chesnaught|100/100|[from] item: Leftovers
|upkeep
|turn|23
|
|t:|1760322847
|move|p1a: Chesnaught|Body Press|p2a: Clefable
|-resisted|p2a: Clefable
|-damage|p2a: Clefable|83/100 brn
|move|p2a: Clefable|Cosmic Power|p2a: Clefable
|-boost|p2a: Clefable|def|1
|-boost|p2a: Clefable|spd|1
|
|-heal|p2a: Clefable|89/100 brn|[from] item: Leftovers
|upkeep
|turn|24
|
|t:|1760322849
|move|p1a: Chesnaught|Body Press|p2a: Clefable
|-resisted|p2a: Clefable
|-damage|p2a: Clefable|74/100 brn
|move|p2a: Clefable|Stored Power|p1a: Chesnaught
|-resisted|p1a: Chesnaught
|-damage|p1a: Chesnaught|71/100
|
|-heal|p1a: Chesnaught|77/100|[from] item: Leftovers
|-heal|p2a: Clefable|80/100 brn|[from] item: Leftovers
|upkeep
|turn|25
|
|t:|1760322853
|move|p1a: Chesnaught|Body Press|p2a: Clefable
|-resisted|p2a: Clefable
|-damage|p2a: Clefable|63/100 brn
|move|p2a: Clefable|Stored Power|p1a: Chesnaught
|-resisted|p1a: Chesnaught
|-damage|p1a: Chesnaught|43/100
|
|-heal|p1a: Chesnaught|49/100|[from] item: Leftovers
|-heal|p2a: Clefable|69/100 brn|[from] item: Leftovers
|upkeep
|turn|26
|
|t:|1760322856
|move|p1a: Chesnaught|Body Press|p2a: Clefable
|-resisted|p2a: Clefable
|-damage|p2a: Clefable|52/100 brn
|move|p2a: Clefable|Moonlight|p2a: Clefable
|-heal|p2a: Clefable|100/100 brn
|
|-heal|p1a: Chesnaught|55/100|[from] item: Leftovers
|upkeep
|turn|27
|
|t:|1760322859
|move|p1a: Chesnaught|Body Press|p2a: Clefable
|-resisted|p2a: Clefable
|-crit|p2a: Clefable
|-damage|p2a: Clefable|5/100 brn
|move|p2a: Clefable|Stored Power|p1a: Chesnaught
|-resisted|p1a: Chesnaught
|-damage|p1a: Chesnaught|23/100
|
|-heal|p1a: Chesnaught|29/100|[from] item: Leftovers
|-heal|p2a: Clefable|11/100 brn|[from] item: Leftovers
|upkeep
|turn|28
|
|t:|1760322862
|move|p1a: Chesnaught|Body Press|p2a: Clefable
|-resisted|p2a: Clefable
|-damage|p2a: Clefable|0 fnt
|faint|p2a: Clefable
|
|-heal|p1a: Chesnaught|35/100|[from] item: Leftovers
|upkeep
|
|t:|1760322869
|switch|p2a: Tornadus|Tornadus-Therian, M|100/100
|turn|29
|
|t:|1760322874
|switch|p1a: Emboar|Emboar, M, shiny|35/100
|move|p2a: Tornadus|Heat Wave|p1a: Emboar
|-resisted|p1a: Emboar
|-damage|p1a: Emboar|18/100
|
|upkeep
|turn|30
|
|t:|1760322878
|move|p2a: Tornadus|Bleakwind Storm|p1a: Emboar
|-supereffective|p1a: Emboar
|-damage|p1a: Emboar|0 fnt
|faint|p1a: Emboar
|
|upkeep
|
|t:|1760322884
|switch|p1a: Clefable|Clefable, M|92/100
|turn|31
|
|t:|1760322891
|move|p2a: Tornadus|U-turn|p1a: Clefable
|-resisted|p1a: Clefable
|-damage|p1a: Clefable|83/100
|
|t:|1760322893
|switch|p2a: Slowking|Slowking-Galar, M|100/100|[from] U-turn
|move|p1a: Clefable|Fire Blast|p2a: Slowking
|-damage|p2a: Slowking|76/100
|
|upkeep
|turn|32
|
|t:|1760322899
|switch|p1a: Chesnaught|Chesnaught, F, tera:Steel|35/100
|move|p2a: Slowking|Future Sight|p1a: Chesnaught
|-start|p2a: Slowking|move: Future Sight
|
|-heal|p1a: Chesnaught|41/100|[from] item: Leftovers
|upkeep
|turn|33
|
|t:|1760322902
|move|p1a: Chesnaught|Leech Seed|p2a: Slowking
|-start|p2a: Slowking|move: Leech Seed
|-prepare|p2a: Slowking|Chilly Reception|[premajor]
|move|p2a: Slowking|Chilly Reception|p2a: Slowking
|-weather|Snowscape
|
|t:|1760322904
|switch|p2a: Tornadus|Tornadus-Therian, M|100/100|[from] Chilly Reception
|
|-weather|Snowscape|[upkeep]
|-heal|p1a: Chesnaught|47/100|[from] item: Leftovers
|upkeep
|turn|34
|
|t:|1760322908
|switch|p1a: Clefable|Clefable, M|83/100
|move|p2a: Tornadus|Heat Wave|p1a: Clefable
|-damage|p1a: Clefable|62/100
|
|-weather|Snowscape|[upkeep]
|-end|p1a: Clefable|move: Future Sight
|-damage|p1a: Clefable|20/100
|upkeep
|turn|35
|
|t:|1760322915
|move|p2a: Tornadus|Heat Wave|p1a: Clefable
|-damage|p1a: Clefable|0 fnt
|faint|p1a: Clefable
|
|-weather|Snowscape|[upkeep]
|upkeep
|-message|Lenghong forfeited.
|
|win|thefourdolf
|raw|Lenghong's rating: 1479 &rarr; <strong>1459</strong><br />(-20 for losing)
|raw|thefourdolf's rating: 1477 &rarr; <strong>1497</strong><br />(+20 for winning)
|l|☆Lenghong
|player|p1|
|l|☆thefourdolf
|player|p2|
