|j|☆LX1987
|j|☆mimipookie
|t:|1760432005
|gametype|singles
|player|p1|LX1987|169|1442
|player|p2|mimipookie|265|1486
|gen|9
|tier|[Gen 9] OU
|rated|
|rule|HP Percentage Mod: HP is shown in percentages
|rule|Endless Battle Clause: Forcing endless battles is banned
|rule|Species Clause: Limit one of each Pokémon
|rule|OHKO Clause: OHKO moves are banned
|rule|Evasion Items Clause: Evasion items are banned
|rule|Evasion Moves Clause: Evasion moves are banned
|rule|Evasion Abilities Clause: Evasion abilities are banned
|rule|Sleep Moves Clause: Sleep-inducing moves are banned
|clearpoke
|poke|p1|Chesnaught, F|
|poke|p1|Entei|
|poke|p1|Weezing-Galar, M|
|poke|p1|Dragapult, F|
|poke|p1|Swampert, M|
|poke|p1|Glimmora, F|
|poke|p2|Ceruledge, F|
|poke|p2|Ninetales, F|
|poke|p2|Venusaur, M|
|poke|p2|Hatterene, F|
|poke|p2|Great Tusk|
|poke|p2|Walking Wake|
|teampreview
|inactive|Battle timer is ON: inactive players will automatically lose when time's up. (requested by mimipookie)
|j| TheBergentruck
|l| TheBergentruck
|
|t:|1760432020
|teamsize|p1|6
|teamsize|p2|6
|start
|switch|p1a: Glimmora|Glimmora, F|100/100
|switch|p2a: Ninetales|Ninetales, F|100/100
|-weather|SunnyDay|[from] ability: Drought|[of] p2a: Ninetales
|turn|1
|
|t:|1760432047
|switch|p2a: Great Tusk|Great Tusk|100/100
|-activate|p2a: Great Tusk|ability: Protosynthesis
|-start|p2a: Great Tusk|protosynthesisspe
|move|p1a: Glimmora|Stealth Rock|p2a: Great Tusk
|-sidestart|p2: mimipookie|move: Stealth Rock
|
|-weather|SunnyDay|[upkeep]
|upkeep
|turn|2
|
|t:|1760432058
|move|p2a: Great Tusk|Rapid Spin|p1a: Glimmora
|-resisted|p1a: Glimmora
|-damage|p1a: Glimmora|92/100
|-boost|p2a: Great Tusk|spe|1
|-activate|p1a: Glimmora|ability: Toxic Debris
|-sidestart|p2: mimipookie|move: Toxic Spikes
|-sideend|p2: mimipookie|Toxic Spikes|[from] move: Rapid Spin|[of] p2a: Great Tusk
|-sideend|p2: mimipookie|Stealth Rock|[from] move: Rapid Spin|[of] p2a: Great Tusk
|move|p1a: Glimmora|Mortal Spin|p2a: Great Tusk
|-resisted|p2a: Great Tusk
|-crit|p2a: Great Tusk
|-damage|p2a: Great Tusk|98/100
|-status|p2a: Great Tusk|psn
|-damage|p1a: Glimmora|75/100|[from] item: Rocky Helmet|[of] p2a: Great Tusk
|
|-weather|SunnyDay|[upkeep]
|-damage|p2a: Great Tusk|85/100 psn|[from] psn
|upkeep
|turn|3
|
|t:|1760432073
|switch|p1a: Weezing|Weezing-Galar, M|100/100
|-ability|p1a: Weezing|Neutralizing Gas
|move|p2a: Great Tusk|Headlong Rush|p1a: Weezing
|-supereffective|p1a: Weezing
|-damage|p1a: Weezing|30/100
|-unboost|p2a: Great Tusk|def|1
|-unboost|p2a: Great Tusk|spd|1
|
|-weather|SunnyDay|[upkeep]
|-heal|p1a: Weezing|36/100|[from] item: Black Sludge
|-damage|p2a: Great Tusk|73/100 psn|[from] psn
|upkeep
|turn|4
|
|t:|1760432087
|-end|p1a: Weezing|ability: Neutralizing Gas
|switch|p1a: Chesnaught|Chesnaught, F|100/100
|move|p2a: Great Tusk|Headlong Rush|p1a: Chesnaught
|-resisted|p1a: Chesnaught
|-damage|p1a: Chesnaught|84/100
|-unboost|p2a: Great Tusk|def|1
|-unboost|p2a: Great Tusk|spd|1
|-damage|p2a: Great Tusk|56/100 psn|[from] item: Rocky Helmet|[of] p1a: Chesnaught
|
|-weather|SunnyDay|[upkeep]
|-damage|p2a: Great Tusk|44/100 psn|[from] psn
|upkeep
|turn|5
|
|t:|1760432100
|move|p2a: Great Tusk|Stealth Rock|p1a: Chesnaught
|-sidestart|p1: LX1987|move: Stealth Rock
|move|p1a: Chesnaught|Knock Off|p2a: Great Tusk
|-resisted|p2a: Great Tusk
|-damage|p2a: Great Tusk|30/100 psn
|-damage|p1a: Chesnaught|68/100|[from] item: Rocky Helmet|[of] p2a: Great Tusk
|-enditem|p2a: Great Tusk|Rocky Helmet|[from] move: Knock Off|[of] p1a: Chesnaught
|
|-weather|SunnyDay|[upkeep]
|-damage|p2a: Great Tusk|18/100 psn|[from] psn
|upkeep
|turn|6
|
|t:|1760432112
|-end|p2a: Great Tusk|Protosynthesis|[silent]
|switch|p2a: ace|Ceruledge, F|100/100
|move|p1a: Chesnaught|Leech Seed|p2a: ace
|-start|p2a: ace|move: Leech Seed
|
|-weather|SunnyDay|[upkeep]
|-damage|p2a: ace|88/100|[from] Leech Seed|[of] p1a: Chesnaught
|-heal|p1a: Chesnaught|78/100|[silent]
|upkeep
|turn|7
|
|t:|1760432123
|move|p2a: ace|Swords Dance|p2a: ace
|-boost|p2a: ace|atk|2
|move|p1a: Chesnaught|Taunt|p2a: ace
|-start|p2a: ace|move: Taunt
|
|-weather|SunnyDay|[upkeep]
|-damage|p2a: ace|76/100|[from] Leech Seed|[of] p1a: Chesnaught
|-heal|p1a: Chesnaught|88/100|[silent]
|upkeep
|turn|8
|
|t:|1760432133
|move|p2a: ace|Bitter Blade|p1a: Chesnaught
|-supereffective|p1a: Chesnaught
|-damage|p1a: Chesnaught|0 fnt
|-heal|p2a: ace|100/100|[from] drain|[of] p1a: Chesnaught
|-damage|p2a: ace|84/100|[from] item: Rocky Helmet|[of] p1a: Chesnaught
|faint|p1a: Chesnaught
|
|-weather|none
|upkeep
|
|t:|1760432143
|switch|p1a: Swampert|Swampert, M|100/100
|-damage|p1a: Swampert|94/100|[from] Stealth Rock
|turn|9
|
|t:|1760432153
|switch|p2a: Ninetales|Ninetales, F|100/100
|-weather|SunnyDay|[from] ability: Drought|[of] p2a: Ninetales
|move|p1a: Swampert|Flip Turn|p2a: Ninetales
|-supereffective|p2a: Ninetales
|-damage|p2a: Ninetales|71/100
|
|t:|1760432162
|switch|p1a: Glimmora|Glimmora, F|75/100|[from] Flip Turn
|-damage|p1a: Glimmora|63/100|[from] Stealth Rock
|
|-weather|SunnyDay|[upkeep]
|upkeep
|turn|10
|
|t:|1760432171
|switch|p2a: Venusaur|Venusaur, M|100/100
|move|p1a: Glimmora|Mortal Spin|p2a: Venusaur
|-damage|p2a: Venusaur|93/100
|-sideend|p1: LX1987|Stealth Rock|[from] move: Mortal Spin|[of] p1a: Glimmora
|
|-weather|SunnyDay|[upkeep]
|upkeep
|turn|11
|
|t:|1760432182
|move|p2a: Venusaur|Growth|p2a: Venusaur
|-boost|p2a: Venusaur|atk|2
|-boost|p2a: Venusaur|spa|2
|move|p1a: Glimmora|Power Gem|p2a: Venusaur
|-damage|p2a: Venusaur|46/100
|
|-weather|SunnyDay|[upkeep]
|upkeep
|turn|12
|
|t:|1760432192
|move|p2a: Venusaur|Giga Drain|p1a: Glimmora
|-damage|p1a: Glimmora|0 fnt
|-heal|p2a: Venusaur|78/100|[from] drain|[of] p1a: Glimmora
|faint|p1a: Glimmora
|-damage|p2a: Venusaur|68/100|[from] item: Life Orb
|
|-weather|SunnyDay|[upkeep]
|upkeep
|
|t:|1760432201
|switch|p1a: Entei|Entei|100/100
|-ability|p1a: Entei|Pressure
|turn|13
|
|t:|1760432206
|-terastallize|p1a: Entei|Normal
|move|p1a: Entei|Extreme Speed|p2a: Venusaur
|-damage|p2a: Venusaur|18/100
|move|p2a: Venusaur|Sludge Bomb|p1a: Entei
|-crit|p1a: Entei
|-damage|p1a: Entei|0 fnt
|faint|p1a: Entei
|-damage|p2a: Venusaur|8/100|[from] item: Life Orb
|
|-weather|SunnyDay|[upkeep]
|upkeep
|
|t:|1760432220
|switch|p1a: Dragapult|Dragapult, F|100/100
|turn|14
|
|t:|1760432245
|switch|p2a: Hatterene|Hatterene, F|100/100
|move|p1a: Dragapult|Hex|p2a: Hatterene
|-supereffective|p2a: Hatterene
|-damage|p2a: Hatterene|31/100
|-enditem|p2a: Hatterene|Eject Button
|-damage|p1a: Dragapult|91/100|[from] item: Life Orb
|inactive|mimipookie has 120 seconds left.
|
|t:|1760432266
|switch|p2a: Walking Wake|Walking Wake|100/100
|-activate|p2a: Walking Wake|ability: Protosynthesis
|-start|p2a: Walking Wake|protosynthesisspa
|
|-weather|SunnyDay|[upkeep]
|upkeep
|turn|15
|
|t:|1760432274
|-terastallize|p2a: Walking Wake|Water
|move|p1a: Dragapult|Draco Meteor|p2a: Walking Wake
|-damage|p2a: Walking Wake|14/100
|-unboost|p1a: Dragapult|spa|2
|-damage|p1a: Dragapult|81/100|[from] item: Life Orb
|move|p2a: Walking Wake|Hydro Steam|p1a: Dragapult
|-resisted|p1a: Dragapult
|-damage|p1a: Dragapult|0 fnt
|faint|p1a: Dragapult
|
|-weather|SunnyDay|[upkeep]
|upkeep
|
|t:|1760432289
|switch|p1a: Weezing|Weezing-Galar, M|36/100
|-ability|p1a: Weezing|Neutralizing Gas
|turn|16
|
|t:|1760432293
|move|p2a: Walking Wake|Hydro Steam|p1a: Weezing
|-damage|p1a: Weezing|0 fnt
|faint|p1a: Weezing
|-end|p1a: Weezing|ability: Neutralizing Gas
|
|-weather|none
|-end|p2a: Walking Wake|Protosynthesis
|upkeep
|
|t:|1760432301
|switch|p1a: Swampert|Swampert, M|94/100
|turn|17
|
|t:|1760432305
|-end|p2a: Walking Wake|Protosynthesis|[silent]
|switch|p2a: Ninetales|Ninetales, F|71/100
|-weather|SunnyDay|[from] ability: Drought|[of] p2a: Ninetales
|move|p1a: Swampert|Earthquake|p2a: Ninetales
|-supereffective|p2a: Ninetales
|-damage|p2a: Ninetales|0 fnt
|faint|p2a: Ninetales
|
|-weather|SunnyDay|[upkeep]
|upkeep
|
|t:|1760432311
|switch|p2a: Hatterene|Hatterene, F|31/100
|turn|18
|
|t:|1760432319
|move|p1a: Swampert|Earthquake|p2a: Hatterene
|-damage|p2a: Hatterene|0 fnt
|faint|p2a: Hatterene
|
|-weather|SunnyDay|[upkeep]
|upkeep
|
|t:|1760432323
|switch|p2a: Venusaur|Venusaur, M|8/100
|turn|19
|
|t:|1760432327
|move|p2a: Venusaur|Giga Drain|p1a: Swampert
|-supereffective|p1a: Swampert
|-damage|p1a: Swampert|0 fnt
|-heal|p2a: Venusaur|67/100|[from] drain|[of] p1a: Swampert
|faint|p1a: Swampert
|-damage|p2a: Venusaur|57/100|[from] item: Life Orb
|
|win|mimipookie
|raw|LX1987's rating: 1442 &rarr; <strong>1425</strong><br />(-17 for losing)
|raw|mimipookie's rating: 1486 &rarr; <strong>1503</strong><br />(+17 for winning)
|c|☆mimipookie|gg
|l|☆LX1987
|player|p1|
|l|☆mimipookie
|player|p2|
