|j|☆deadlifts23
|j|☆Iagordo
|t:|1760351006
|gametype|singles
|player|p1|deadlifts23|266|1355
|player|p2|Iagordo|266|1394
|gen|9
|tier|[Gen 9] OU
|rated|
|rule|HP Percentage Mod: HP is shown in percentages
|rule|Endless Battle Clause: Forcing endless battles is banned
|rule|Species Clause: Limit one of each Pokémon
|rule|OHKO Clause: OHKO moves are banned
|rule|Evasion Items Clause: Evasion items are banned
|rule|Evasion Moves Clause: Evasion moves are banned
|rule|Evasion Abilities Clause: Evasion abilities are banned
|rule|Sleep Moves Clause: Sleep-inducing moves are banned
|clearpoke
|poke|p1|Landorus-Therian, M|
|poke|p1|Zapdos|
|poke|p1|Volcanion|
|poke|p1|Tyranitar, M|
|poke|p1|Darkrai|
|poke|p1|Cinderace, F|
|poke|p2|Serperior, M|
|poke|p2|Umbreon, M|
|poke|p2|Ditto|
|poke|p2|Greninja-*, M|
|poke|p2|Weezing-Galar, F|
|poke|p2|Arcanine-Hisui, F|
|teampreview
|inactive|Battle timer is ON: inactive players will automatically lose when time's up. (requested by deadlifts23)
|
|t:|1760351011
|teamsize|p1|6
|teamsize|p2|6
|start
|switch|p1a: Cinderace|Cinderace, F|100/100
|switch|p2a: Greninja|Greninja, M|100/100
|turn|1
|
|t:|1760351021
|switch|p1a: Tyranitar|Tyranitar, M|100/100
|-weather|Sandstorm|[from] ability: Sand Stream|[of] p1a: Tyranitar
|move|p2a: Greninja|Hydro Pump|p1a: Tyranitar|[miss]
|-miss|p2a: Greninja|p1a: Tyranitar
|
|-weather|Sandstorm|[upkeep]
|-damage|p2a: Greninja|95/100|[from] Sandstorm
|upkeep
|turn|2
|
|t:|1760351031
|move|p2a: Greninja|Hydro Pump|p1a: Tyranitar|[miss]
|-miss|p2a: Greninja|p1a: Tyranitar
|move|p1a: Tyranitar|Stone Edge|p2a: Greninja
|-damage|p2a: Greninja|0 fnt
|faint|p2a: Greninja
|
|-weather|Sandstorm|[upkeep]
|upkeep
|
|t:|1760351053
|switch|p2a: Serperior|Serperior, M|100/100
|turn|3
|inactive|Iagordo has 120 seconds left.
|
|t:|1760351098
|move|p2a: Serperior|Substitute|p2a: Serperior
|-start|p2a: Serperior|Substitute
|-damage|p2a: Serperior|76/100
|move|p1a: Tyranitar|Fire Punch|p2a: Serperior
|-supereffective|p2a: Serperior
|-end|p2a: Serperior|Substitute
|
|-weather|Sandstorm|[upkeep]
|-damage|p2a: Serperior|70/100|[from] Sandstorm
|-heal|p2a: Serperior|76/100|[from] item: Leftovers
|upkeep
|turn|4
|
|t:|1760351106
|move|p2a: Serperior|Leaf Storm|p1a: Tyranitar
|-supereffective|p1a: Tyranitar
|-damage|p1a: Tyranitar|66/100
|-boost|p2a: Serperior|spa|2
|move|p1a: Tyranitar|Fire Punch|p2a: Serperior
|-supereffective|p2a: Serperior
|-damage|p2a: Serperior|9/100
|
|-weather|Sandstorm|[upkeep]
|-damage|p2a: Serperior|3/100|[from] Sandstorm
|-heal|p2a: Serperior|9/100|[from] item: Leftovers
|upkeep
|turn|5
|
|t:|1760351116
|move|p2a: Serperior|Leaf Storm|p1a: Tyranitar
|-supereffective|p1a: Tyranitar
|-damage|p1a: Tyranitar|0 fnt
|-boost|p2a: Serperior|spa|2
|faint|p1a: Tyranitar
|
|-weather|none
|-heal|p2a: Serperior|15/100|[from] item: Leftovers
|upkeep
|
|t:|1760351119
|switch|p1a: Darkrai|Darkrai|100/100
|turn|6
|
|t:|1760351124
|move|p1a: Darkrai|Dark Pulse|p2a: Serperior
|-damage|p2a: Serperior|0 fnt
|faint|p2a: Serperior
|
|upkeep
|
|t:|1760351127
|switch|p2a: Weezing|Weezing-Galar, F|100/100
|-ability|p2a: Weezing|Neutralizing Gas
|turn|7
|inactive|deadlifts23 has 120 seconds left.
|
|t:|1760351169
|move|p1a: Darkrai|Psyshock|p2a: Weezing
|-supereffective|p2a: Weezing
|-damage|p2a: Weezing|60/100
|move|p2a: Weezing|Sludge Bomb|p1a: Darkrai
|-damage|p1a: Darkrai|67/100
|
|upkeep
|turn|8
|
|t:|1760351187
|move|p1a: Darkrai|Psyshock|p2a: Weezing
|-supereffective|p2a: Weezing
|-damage|p2a: Weezing|14/100
|move|p2a: Weezing|Pain Split|p1a: Darkrai
|-sethp|p1a: Darkrai|42/100|[from] move: Pain Split|[silent]
|-sethp|p2a: Weezing|35/100|[from] move: Pain Split
|
|upkeep
|turn|9
|
|t:|1760351193
|-end|p2a: Weezing|ability: Neutralizing Gas
|switch|p2a: Umbreon|Umbreon, M, shiny|100/100
|move|p1a: Darkrai|Psyshock|p2a: Umbreon
|-immune|p2a: Umbreon
|
|upkeep
|turn|10
|
|t:|1760351199
|switch|p1a: Landorus|Landorus-Therian, M|100/100
|-ability|p1a: Landorus|Intimidate|boost
|-unboost|p2a: Umbreon|atk|1
|move|p2a: Umbreon|Toxic|p1a: Landorus
|-status|p1a: Landorus|tox
|
|-damage|p1a: Landorus|94/100 tox|[from] psn
|upkeep
|turn|11
|
|t:|1760351205
|move|p1a: Landorus|Stealth Rock|p2a: Umbreon
|-sidestart|p2: Iagordo|move: Stealth Rock
|move|p2a: Umbreon|Wish|p2a: Umbreon
|
|-damage|p1a: Landorus|82/100 tox|[from] psn
|upkeep
|turn|12
|
|t:|1760351210
|switch|p2a: Weezing|Weezing-Galar, F|35/100
|-ability|p2a: Weezing|Neutralizing Gas
|move|p1a: Landorus|Earthquake|p2a: Weezing
|-supereffective|p2a: Weezing
|-damage|p2a: Weezing|0 fnt
|faint|p2a: Weezing
|-end|p2a: Weezing|ability: Neutralizing Gas
|
|-damage|p1a: Landorus|64/100 tox|[from] psn
|upkeep
|
|t:|1760351217
|switch|p2a: Umbreon|Umbreon, M, shiny|100/100
|-damage|p2a: Umbreon|88/100|[from] Stealth Rock
|turn|13
|
|t:|1760351220
|move|p1a: Landorus|Taunt|p2a: Umbreon
|-start|p2a: Umbreon|move: Taunt
|cant|p2a: Umbreon|move: Taunt|Wish
|
|-heal|p2a: Umbreon|94/100|[from] item: Leftovers
|-damage|p1a: Landorus|40/100 tox|[from] psn
|upkeep
|turn|14
|
|t:|1760351224
|move|p1a: Landorus|U-turn|p2a: Umbreon
|-supereffective|p2a: Umbreon
|-damage|p2a: Umbreon|59/100
|
|t:|1760351227
|switch|p1a: Volcanion|Volcanion|100/100|[from] U-turn
|move|p2a: Umbreon|Foul Play|p1a: Volcanion
|-damage|p1a: Volcanion|76/100
|
|-heal|p2a: Umbreon|65/100|[from] item: Leftovers
|upkeep
|turn|15
|
|t:|1760351234
|switch|p2a: Ditto|Ditto, shiny|100/100
|-damage|p2a: Ditto|88/100|[from] Stealth Rock
|-transform|p2a: Ditto|p1a: Volcanion|[from] ability: Imposter
|move|p1a: Volcanion|Flamethrower|p2a: Ditto
|-resisted|p2a: Ditto
|-damage|p2a: Ditto|71/100
|
|upkeep
|turn|16
|
|t:|1760351248
|move|p2a: Ditto|Earth Power|p1a: Volcanion
|-supereffective|p1a: Volcanion
|-damage|p1a: Volcanion|26/100
|move|p1a: Volcanion|Earth Power|p2a: Ditto
|-supereffective|p2a: Ditto
|-damage|p2a: Ditto|0 fnt
|faint|p2a: Ditto
|
|upkeep
|
|t:|1760351258
|switch|p2a: Umbreon|Umbreon, M, shiny|65/100
|-damage|p2a: Umbreon|52/100|[from] Stealth Rock
|turn|17
|
|t:|1760351262
|move|p1a: Volcanion|Steam Eruption|p2a: Umbreon
|-damage|p2a: Umbreon|20/100
|move|p2a: Umbreon|Wish|p2a: Umbreon
|
|-heal|p2a: Umbreon|26/100|[from] item: Leftovers
|upkeep
|turn|18
|
|t:|1760351266
|move|p2a: Umbreon|Protect|p2a: Umbreon
|-singleturn|p2a: Umbreon|Protect
|move|p1a: Volcanion|Steam Eruption|p2a: Umbreon
|-activate|p2a: Umbreon|move: Protect
|
|-heal|p2a: Umbreon|76/100|[from] move: Wish|[wisher] Umbreon
|-heal|p2a: Umbreon|82/100|[from] item: Leftovers
|upkeep
|turn|19
|
|t:|1760351272
|switch|p1a: Cinderace|Cinderace, F|100/100
|move|p2a: Umbreon|Protect||[still]
|-fail|p2a: Umbreon
|
|-heal|p2a: Umbreon|89/100|[from] item: Leftovers
|upkeep
|turn|20
|
|t:|1760351276
|move|p1a: Cinderace|U-turn|p2a: Umbreon
|-start|p1a: Cinderace|typechange|Bug|[from] ability: Libero
|-supereffective|p2a: Umbreon
|-damage|p2a: Umbreon|38/100
|
|t:|1760351280
|switch|p1a: Landorus|Landorus-Therian, M|40/100 tox|[from] U-turn
|-ability|p1a: Landorus|Intimidate|boost
|-unboost|p2a: Umbreon|atk|1
|move|p2a: Umbreon|Toxic|p1a: Landorus
|-fail|p1a: Landorus|tox
|
|-heal|p2a: Umbreon|44/100|[from] item: Leftovers
|-damage|p1a: Landorus|34/100 tox|[from] psn
|upkeep
|turn|21
|
|t:|1760351283
|move|p2a: Umbreon|Protect|p2a: Umbreon
|-singleturn|p2a: Umbreon|Protect
|move|p1a: Landorus|Taunt|p2a: Umbreon
|-activate|p2a: Umbreon|move: Protect
|
|-heal|p2a: Umbreon|50/100|[from] item: Leftovers
|-damage|p1a: Landorus|22/100 tox|[from] psn
|upkeep
|turn|22
|
|t:|1760351291
|move|p1a: Landorus|Earthquake|p2a: Umbreon
|-damage|p2a: Umbreon|10/100
|move|p2a: Umbreon|Wish|p2a: Umbreon
|
|-heal|p2a: Umbreon|16/100|[from] item: Leftovers
|-damage|p1a: Landorus|4/100 tox|[from] psn
|upkeep
|turn|23
|
|t:|1760351297
|move|p2a: Umbreon|Protect|p2a: Umbreon
|-singleturn|p2a: Umbreon|Protect
|move|p1a: Landorus|Taunt|p2a: Umbreon
|-activate|p2a: Umbreon|move: Protect
|
|-heal|p2a: Umbreon|66/100|[from] move: Wish|[wisher] Umbreon
|-heal|p2a: Umbreon|73/100|[from] item: Leftovers
|-damage|p1a: Landorus|0 fnt|[from] psn
|faint|p1a: Landorus
|upkeep
|
|t:|1760351300
|switch|p1a: Zapdos|Zapdos|100/100
|turn|24
|
|t:|1760351305
|move|p2a: Umbreon|Protect|p2a: Umbreon
|-singleturn|p2a: Umbreon|Protect
|move|p1a: Zapdos|Thunder Wave|p2a: Umbreon
|-activate|p2a: Umbreon|move: Protect
|
|-heal|p2a: Umbreon|79/100|[from] item: Leftovers
|upkeep
|turn|25
|
|t:|1760351311
|move|p1a: Zapdos|Thunder Wave|p2a: Umbreon
|-status|p2a: Umbreon|par
|-activate|p2a: Umbreon|ability: Synchronize
|-immune|p1a: Zapdos
|move|p2a: Umbreon|Toxic|p1a: Zapdos
|-status|p1a: Zapdos|tox
|
|-heal|p2a: Umbreon|85/100 par|[from] item: Leftovers
|-damage|p1a: Zapdos|94/100 tox|[from] psn
|upkeep
|turn|26
|
|t:|1760351317
|move|p1a: Zapdos|Discharge|p2a: Umbreon
|-damage|p2a: Umbreon|63/100 par
|move|p2a: Umbreon|Wish|p2a: Umbreon
|
|-heal|p1a: Zapdos|100/100 tox|[from] item: Leftovers
|-heal|p2a: Umbreon|69/100 par|[from] item: Leftovers
|-damage|p1a: Zapdos|88/100 tox|[from] psn
|upkeep
|turn|27
|
|t:|1760351321
|move|p1a: Zapdos|Discharge|p2a: Umbreon
|-damage|p2a: Umbreon|44/100 par
|move|p2a: Umbreon|Foul Play|p1a: Zapdos
|-damage|p1a: Zapdos|65/100 tox
|
|-heal|p2a: Umbreon|94/100 par|[from] move: Wish|[wisher] Umbreon
|-heal|p1a: Zapdos|72/100 tox|[from] item: Leftovers
|-heal|p2a: Umbreon|100/100 par|[from] item: Leftovers
|-damage|p1a: Zapdos|53/100 tox|[from] psn
|upkeep
|turn|28
|
|t:|1760351324
|move|p1a: Zapdos|Discharge|p2a: Umbreon
|-damage|p2a: Umbreon|77/100 par
|cant|p2a: Umbreon|par
|
|-heal|p1a: Zapdos|59/100 tox|[from] item: Leftovers
|-heal|p2a: Umbreon|83/100 par|[from] item: Leftovers
|-damage|p1a: Zapdos|34/100 tox|[from] psn
|upkeep
|turn|29
|
|t:|1760351346
|move|p1a: Zapdos|Roost|p1a: Zapdos
|-heal|p1a: Zapdos|84/100 tox
|-singleturn|p1a: Zapdos|move: Roost
|move|p2a: Umbreon|Wish|p2a: Umbreon
|
|-heal|p1a: Zapdos|90/100 tox|[from] item: Leftovers
|-heal|p2a: Umbreon|90/100 par|[from] item: Leftovers
|-damage|p1a: Zapdos|59/100 tox|[from] psn
|upkeep
|turn|30
|inactive|Iagordo has 120 seconds left.
|
|t:|1760351374
|switch|p1a: Volcanion|Volcanion|26/100
|move|p2a: Umbreon|Foul Play|p1a: Volcanion
|-damage|p1a: Volcanion|5/100
|
|-heal|p2a: Umbreon|100/100 par|[from] move: Wish|[wisher] Umbreon
|upkeep
|turn|31
|
|t:|1760351378
|move|p1a: Volcanion|Earth Power|p2a: Umbreon
|-damage|p2a: Umbreon|81/100 par
|cant|p2a: Umbreon|par
|
|-heal|p2a: Umbreon|87/100 par|[from] item: Leftovers
|upkeep
|turn|32
|
|t:|1760351382
|move|p1a: Volcanion|Earth Power|p2a: Umbreon
|-damage|p2a: Umbreon|69/100 par
|cant|p2a: Umbreon|par
|
|-heal|p2a: Umbreon|75/100 par|[from] item: Leftovers
|upkeep
|turn|33
|
|t:|1760351387
|move|p1a: Volcanion|Earth Power|p2a: Umbreon
|-damage|p2a: Umbreon|56/100 par
|move|p2a: Umbreon|Wish|p2a: Umbreon
|
|-heal|p2a: Umbreon|62/100 par|[from] item: Leftovers
|upkeep
|turn|34
|
|t:|1760351391
|move|p2a: Umbreon|Protect|p2a: Umbreon
|-singleturn|p2a: Umbreon|Protect
|move|p1a: Volcanion|Earth Power|p2a: Umbreon
|-activate|p2a: Umbreon|move: Protect
|
|-heal|p2a: Umbreon|100/100 par|[from] move: Wish|[wisher] Umbreon
|upkeep
|turn|35
|
|t:|1760351394
|move|p1a: Volcanion|Earth Power|p2a: Umbreon
|-damage|p2a: Umbreon|82/100 par
|move|p2a: Umbreon|Foul Play|p1a: Volcanion
|-damage|p1a: Volcanion|0 fnt
|faint|p1a: Volcanion
|
|-heal|p2a: Umbreon|88/100 par|[from] item: Leftovers
|upkeep
|
|t:|1760351397
|switch|p1a: Cinderace|Cinderace, F|100/100
|turn|36
|
|t:|1760351400
|move|p1a: Cinderace|Gunk Shot|p2a: Umbreon|[miss]
|-start|p1a: Cinderace|typechange|Poison|[from] ability: Libero
|-miss|p1a: Cinderace|p2a: Umbreon
|move|p2a: Umbreon|Toxic|p1a: Cinderace
|-immune|p1a: Cinderace
|
|-heal|p2a: Umbreon|94/100 par|[from] item: Leftovers
|upkeep
|turn|37
|
|t:|1760351406
|move|p1a: Cinderace|Gunk Shot|p2a: Umbreon
|-damage|p2a: Umbreon|52/100 par
|move|p2a: Umbreon|Foul Play|p1a: Cinderace
|-damage|p1a: Cinderace|36/100
|
|-heal|p1a: Cinderace|42/100|[from] item: Leftovers
|-heal|p2a: Umbreon|58/100 par|[from] item: Leftovers
|upkeep
|turn|38
|
|t:|1760351419
|move|p2a: Umbreon|Protect|p2a: Umbreon
|-singleturn|p2a: Umbreon|Protect
|move|p1a: Cinderace|Pyro Ball|p2a: Umbreon
|-activate|p2a: Umbreon|move: Protect
|
|-heal|p1a: Cinderace|48/100|[from] item: Leftovers
|-heal|p2a: Umbreon|64/100 par|[from] item: Leftovers
|upkeep
|turn|39
|
|t:|1760351426
|-terastallize|p1a: Cinderace|Fire
|move|p1a: Cinderace|Pyro Ball|p2a: Umbreon
|-damage|p2a: Umbreon|18/100 par
|move|p2a: Umbreon|Foul Play|p1a: Cinderace
|-damage|p1a: Cinderace|0 fnt
|faint|p1a: Cinderace
|
|-heal|p2a: Umbreon|24/100 par|[from] item: Leftovers
|upkeep
|
|t:|1760351431
|switch|p1a: Darkrai|Darkrai|42/100
|turn|40
|
|t:|1760351434
|move|p2a: Umbreon|Protect|p2a: Umbreon
|-singleturn|p2a: Umbreon|Protect
|move|p1a: Darkrai|Nasty Plot|p1a: Darkrai
|-boost|p1a: Darkrai|spa|2
|
|-heal|p2a: Umbreon|30/100 par|[from] item: Leftovers
|upkeep
|turn|41
|
|t:|1760351444
|-terastallize|p2a: Umbreon|Poison
|move|p1a: Darkrai|Ice Beam|p2a: Umbreon
|-damage|p2a: Umbreon|0 fnt
|faint|p2a: Umbreon
|
|upkeep
|
|t:|1760351449
|switch|p2a: Arcanine|Arcanine-Hisui, F|100/100
|-damage|p2a: Arcanine|76/100|[from] Stealth Rock
|turn|42
|
|t:|1760351451
|move|p2a: Arcanine|Extreme Speed|p1a: Darkrai
|-damage|p1a: Darkrai|0 fnt
|faint|p1a: Darkrai
|
|upkeep
|
|t:|1760351454
|switch|p1a: Zapdos|Zapdos|59/100 tox
|turn|43
|
|t:|1760351456
|move|p2a: Arcanine|Extreme Speed|p1a: Zapdos
|-damage|p1a: Zapdos|21/100 tox
|move|p1a: Zapdos|Discharge|p2a: Arcanine
|-crit|p2a: Arcanine
|-damage|p2a: Arcanine|0 fnt
|faint|p2a: Arcanine
|
|win|deadlifts23
|raw|deadlifts23's rating: 1377 &rarr; <strong>1398</strong><br />(+21 for winning)
|raw|Iagordo's rating: 1394 &rarr; <strong>1373</strong><br />(-21 for losing)
|c|☆Iagordo|no way
|c|☆Iagordo|gg
|c|☆deadlifts23|bleh
|l|☆deadlifts23
|player|p1|
|l|☆Iagordo
|player|p2|
