|j|☆wockyslush215
|j|☆ph1fan
|t:|1760377113
|gametype|singles
|player|p1|wockyslush215|169|1178
|player|p2|ph1fan|twins-gen4dp|1188
|gen|9
|tier|[Gen 9] OU
|rated|
|rule|HP Percentage Mod: HP is shown in percentages
|rule|Endless Battle Clause: Forcing endless battles is banned
|rule|Species Clause: Limit one of each Pokémon
|rule|OHKO Clause: OHKO moves are banned
|rule|Evasion Items Clause: Evasion items are banned
|rule|Evasion Moves Clause: Evasion moves are banned
|rule|Evasion Abilities Clause: Evasion abilities are banned
|rule|Sleep Moves Clause: Sleep-inducing moves are banned
|clearpoke
|poke|p1|Ursaluna, M|
|poke|p1|Cresselia, F|
|poke|p1|Iron Valiant|
|poke|p1|Hatterene, F|
|poke|p1|Keldeo-Resolute|
|poke|p1|Ogerpon, F|
|poke|p2|Araquanid, M|
|poke|p2|Cinderace, F|
|poke|p2|Enamorus, F|
|poke|p2|Serperior, F|
|poke|p2|Kingambit, F|
|poke|p2|Milotic, F|
|teampreview
|
|t:|1760377123
|teamsize|p1|6
|teamsize|p2|6
|start
|switch|p1a: Cresselia|Cresselia, F, shiny|100/100
|switch|p2a: Araquanid|Araquanid, M|100/100
|turn|1
|
|t:|1760377131
|move|p2a: Araquanid|Sticky Web|p1a: Cresselia
|-sidestart|p1: wockyslush215|move: Sticky Web
|move|p1a: Cresselia|Trick Room|p1a: Cresselia
|-fieldstart|move: Trick Room|[of] p1a: Cresselia
|
|upkeep
|turn|2
|
|t:|1760377137
|move|p2a: Araquanid|Surf|p1a: Cresselia
|-damage|p1a: Cresselia|80/100
|move|p1a: Cresselia|Psychic|p2a: Araquanid
|-damage|p2a: Araquanid|85/100
|
|upkeep
|turn|3
|
|t:|1760377166
|switch|p2a: Cinderace|Cinderace, F|100/100
|move|p1a: Cresselia|Psychic|p2a: Cinderace
|-damage|p2a: Cinderace|63/100
|
|upkeep
|turn|4
|inactive|Battle timer is ON: inactive players will automatically lose when time's up. (requested by wockyslush215)
|
|t:|1760377176
|move|p1a: Cresselia|Psychic|p2a: Cinderace
|-damage|p2a: Cinderace|25/100
|move|p2a: Cinderace|Court Change|p2a: Cinderace
|-swapsideconditions
|-activate|p2a: Cinderace|move: Court Change
|
|upkeep
|turn|5
|
|t:|1760377185
|move|p1a: Cresselia|Psychic|p2a: Cinderace
|-damage|p2a: Cinderace|0 fnt
|faint|p2a: Cinderace
|
|-fieldend|move: Trick Room
|upkeep
|
|t:|1760377191
|switch|p2a: Serperior|Serperior, F|100/100
|-activate|p2a: Serperior|move: Sticky Web
|-boost|p2a: Serperior|spe|1
|turn|6
|
|t:|1760377197
|move|p2a: Serperior|Substitute|p2a: Serperior
|-start|p2a: Serperior|Substitute
|-damage|p2a: Serperior|76/100
|move|p1a: Cresselia|Trick Room|p1a: Cresselia
|-fieldstart|move: Trick Room|[of] p1a: Cresselia
|
|-heal|p2a: Serperior|82/100|[from] item: Leftovers
|upkeep
|turn|7
|
|t:|1760377205
|move|p1a: Cresselia|Ice Beam|p2a: Serperior
|-supereffective|p2a: Serperior
|-end|p2a: Serperior|Substitute
|move|p2a: Serperior|Leaf Storm|p1a: Cresselia
|-damage|p1a: Cresselia|48/100
|-boost|p2a: Serperior|spa|2
|
|-heal|p2a: Serperior|88/100|[from] item: Leftovers
|upkeep
|turn|8
|
|t:|1760377219
|move|p1a: Cresselia|Ice Beam|p2a: Serperior
|-supereffective|p2a: Serperior
|-damage|p2a: Serperior|45/100
|move|p2a: Serperior|Glare|p1a: Cresselia
|-status|p1a: Cresselia|par
|
|-heal|p2a: Serperior|51/100|[from] item: Leftovers
|upkeep
|turn|9
|
|t:|1760377237
|move|p1a: Cresselia|Ice Beam|p2a: Serperior
|-supereffective|p2a: Serperior
|-damage|p2a: Serperior|14/100
|-status|p2a: Serperior|frz
|cant|p2a: Serperior|frz
|
|-heal|p2a: Serperior|20/100 frz|[from] item: Leftovers
|upkeep
|turn|10
|
|t:|1760377255
|move|p1a: Cresselia|Ice Beam|p2a: Serperior
|-supereffective|p2a: Serperior
|-damage|p2a: Serperior|0 fnt
|faint|p2a: Serperior
|
|-fieldend|move: Trick Room
|upkeep
|
|t:|1760377262
|switch|p2a: Enamorus|Enamorus, F|100/100
|turn|11
|
|t:|1760377266
|-terastallize|p2a: Enamorus|Fairy
|move|p2a: Enamorus|Moonblast|p1a: Cresselia
|-damage|p1a: Cresselia|0 fnt
|faint|p1a: Cresselia
|-damage|p2a: Enamorus|91/100|[from] item: Life Orb
|
|upkeep
|
|t:|1760377275
|switch|p1a: Hatterene|Hatterene, F, shiny|100/100
|turn|12
|
|t:|1760377284
|move|p2a: Enamorus|Moonblast|p1a: Hatterene
|-damage|p1a: Hatterene|3/100
|-damage|p2a: Enamorus|81/100|[from] item: Life Orb
|move|p1a: Hatterene|Trick Room|p1a: Hatterene
|-fieldstart|move: Trick Room|[of] p1a: Hatterene
|
|upkeep
|turn|13
|
|t:|1760377294
|switch|p2a: Kingambit|Kingambit, F|100/100
|-activate|p2a: Kingambit|move: Sticky Web
|-unboost|p2a: Kingambit|spe|1
|-ability|p2a: Kingambit|Defiant|boost
|-boost|p2a: Kingambit|atk|2
|move|p1a: Hatterene|Psychic Noise|p2a: Kingambit
|-immune|p2a: Kingambit
|
|upkeep
|turn|14
|
|t:|1760377307
|move|p1a: Hatterene|Dazzling Gleam|p2a: Kingambit
|-damage|p2a: Kingambit|55/100
|move|p2a: Kingambit|Kowtow Cleave|p1a: Hatterene
|-damage|p1a: Hatterene|0 fnt
|faint|p1a: Hatterene
|
|-heal|p2a: Kingambit|61/100|[from] item: Leftovers
|upkeep
|
|t:|1760377318
|switch|p1a: Ursaluna|Ursaluna, M, shiny|100/100
|turn|15
|
|t:|1760377324
|move|p2a: Kingambit|Low Kick|p1a: Ursaluna
|-supereffective|p1a: Ursaluna
|-damage|p1a: Ursaluna|0 fnt
|faint|p1a: Ursaluna
|
|-heal|p2a: Kingambit|67/100|[from] item: Leftovers
|upkeep
|inactive|wockyslush215 has 120 seconds left.
|
|t:|1760377352
|switch|p1a: Keldeo|Keldeo-Resolute|100/100
|turn|16
|
|t:|1760377365
|switch|p2a: Enamorus|Enamorus, F, tera:Fairy|81/100
|-activate|p2a: Enamorus|move: Sticky Web
|-boost|p2a: Enamorus|spe|1
|move|p1a: Keldeo|Surf|p2a: Enamorus
|-damage|p2a: Enamorus|0 fnt
|faint|p2a: Enamorus
|
|-fieldend|move: Trick Room
|upkeep
|
|t:|1760377369
|switch|p2a: Milotic|Milotic, F|100/100
|-activate|p2a: Milotic|move: Sticky Web
|-unboost|p2a: Milotic|spe|1
|-ability|p2a: Milotic|Competitive|boost
|-boost|p2a: Milotic|spa|2
|turn|17
|
|t:|1760377381
|move|p1a: Keldeo|Surf|p2a: Milotic
|-resisted|p2a: Milotic
|-damage|p2a: Milotic|73/100
|move|p2a: Milotic|Alluring Voice|p1a: Keldeo
|-supereffective|p1a: Keldeo
|-damage|p1a: Keldeo|0 fnt
|faint|p1a: Keldeo
|-damage|p2a: Milotic|63/100|[from] item: Life Orb
|
|upkeep
|
|t:|1760377391
|switch|p1a: Ogerpon|Ogerpon, F|100/100
|turn|18
|inactive|ph1fan has 120 seconds left.
|
|t:|1760377427
|switch|p2a: Kingambit|Kingambit, F|67/100
|-activate|p2a: Kingambit|move: Sticky Web
|-unboost|p2a: Kingambit|spe|1
|-ability|p2a: Kingambit|Defiant|boost
|-boost|p2a: Kingambit|atk|2
|move|p1a: Ogerpon|Ivy Cudgel|p2a: Kingambit
|-resisted|p2a: Kingambit
|-damage|p2a: Kingambit|42/100
|
|-heal|p2a: Kingambit|49/100|[from] item: Leftovers
|upkeep
|turn|19
|inactive|ph1fan has 120 seconds left.
|c|☆wockyslush215|you should try using trick  room with your sticky web
|inactive|wockyslush215 has 120 seconds left.
|
|t:|1760377465
|switch|p1a: Iron Valiant|Iron Valiant|100/100
|-enditem|p1a: Iron Valiant|Booster Energy
|-activate|p1a: Iron Valiant|ability: Quark Drive|[fromitem]
|-start|p1a: Iron Valiant|quarkdrivespe
|move|p2a: Kingambit|Kowtow Cleave|p1a: Iron Valiant
|-resisted|p1a: Iron Valiant
|-damage|p1a: Iron Valiant|66/100
|
|-heal|p2a: Kingambit|55/100|[from] item: Leftovers
|upkeep
|turn|20
|inactive|ph1fan has 120 seconds left.
|
|t:|1760377486
|switch|p2a: Araquanid|Araquanid, M|85/100
|-activate|p2a: Araquanid|move: Sticky Web
|-unboost|p2a: Araquanid|spe|1
|move|p1a: Iron Valiant|Close Combat|p2a: Araquanid
|-resisted|p2a: Araquanid
|-damage|p2a: Araquanid|56/100
|-unboost|p1a: Iron Valiant|def|1
|-unboost|p1a: Iron Valiant|spd|1
|
|upkeep
|turn|21
|
|t:|1760377507
|-end|p1a: Iron Valiant|Quark Drive|[silent]
|switch|p1a: Ogerpon|Ogerpon, F|100/100
|move|p2a: Araquanid|Surf|p1a: Ogerpon
|-resisted|p1a: Ogerpon
|-damage|p1a: Ogerpon|81/100
|
|upkeep
|turn|22
|inactive|wockyslush215 has 90 seconds left.
|
|t:|1760377539
|switch|p2a: Kingambit|Kingambit, F|55/100
|-activate|p2a: Kingambit|move: Sticky Web
|-unboost|p2a: Kingambit|spe|1
|-ability|p2a: Kingambit|Defiant|boost
|-boost|p2a: Kingambit|atk|2
|-terastallize|p1a: Ogerpon|Grass
|detailschange|p1a: Ogerpon|Ogerpon-Teal-Tera, F, tera:Grass
|-ability|p1a: Ogerpon|Embody Aspect (Teal)|boost
|-boost|p1a: Ogerpon|spe|1
|move|p1a: Ogerpon|Ivy Cudgel|p2a: Kingambit
|-resisted|p2a: Kingambit
|-damage|p2a: Kingambit|17/100
|
|-heal|p2a: Kingambit|23/100|[from] item: Leftovers
|upkeep
|turn|23
|
|t:|1760377555
|move|p2a: Kingambit|Sucker Punch|p1a: Ogerpon
|-damage|p1a: Ogerpon|0 fnt
|faint|p1a: Ogerpon
|detailschange|p1: Ogerpon|Ogerpon, F|[silent]
|
|-heal|p2a: Kingambit|29/100|[from] item: Leftovers
|upkeep
|
|t:|1760377562
|switch|p1a: Iron Valiant|Iron Valiant|66/100
|turn|24
|inactive|ph1fan has 120 seconds left.
|
|t:|1760377581
|switch|p2a: Araquanid|Araquanid, M|56/100
|-activate|p2a: Araquanid|move: Sticky Web
|-unboost|p2a: Araquanid|spe|1
|move|p1a: Iron Valiant|Moonblast|p2a: Araquanid
|-damage|p2a: Araquanid|29/100
|
|upkeep
|turn|25
|
|t:|1760377590
|move|p2a: Araquanid|Endure|p2a: Araquanid
|-singleturn|p2a: Araquanid|move: Endure
|move|p1a: Iron Valiant|Moonblast|p2a: Araquanid
|-damage|p2a: Araquanid|1/100
|
|upkeep
|turn|26
|-enditem|p2a: Araquanid|Custap Berry|[eat]
|-activate|p2a: Araquanid|item: Custap Berry|[consumed]
|
|t:|1760377598
|move|p2a: Araquanid|Endeavor|p1a: Iron Valiant
|-damage|p1a: Iron Valiant|1/100
|move|p1a: Iron Valiant|Encore|p2a: Araquanid
|-start|p2a: Araquanid|Encore
|
|upkeep
|turn|27
|inactive|wockyslush215 has 90 seconds left.
|
|t:|1760377607
|move|p1a: Iron Valiant|Moonblast|p2a: Araquanid
|-damage|p2a: Araquanid|0 fnt
|faint|p2a: Araquanid
|
|upkeep
|
|t:|1760377610
|switch|p2a: Milotic|Milotic, F|63/100
|-activate|p2a: Milotic|move: Sticky Web
|-unboost|p2a: Milotic|spe|1
|-ability|p2a: Milotic|Competitive|boost
|-boost|p2a: Milotic|spa|2
|turn|28
|
|t:|1760377619
|move|p1a: Iron Valiant|Moonblast|p2a: Milotic
|-damage|p2a: Milotic|29/100
|move|p2a: Milotic|Draining Kiss|p1a: Iron Valiant
|-supereffective|p1a: Iron Valiant
|-damage|p1a: Iron Valiant|0 fnt
|-heal|p2a: Milotic|29/100|[from] drain|[of] p1a: Iron Valiant
|faint|p1a: Iron Valiant
|-end|p1a: Iron Valiant|Quark Drive|[silent]
|-damage|p2a: Milotic|20/100|[from] item: Life Orb
|
|win|ph1fan
|raw|wockyslush215's rating: 1178 &rarr; <strong>1154</strong><br />(-24 for losing)
|raw|ph1fan's rating: 1188 &rarr; <strong>1212</strong><br />(+24 for winning)
