|j|☆kurobots
|j|☆michaelgoalise
|t:|1760442993
|gametype|singles
|player|p1|kurobots|ghetsis-gen5bw|1687
|player|p2|michaelgoalise|169|1685
|gen|9
|tier|[Gen 9] OU
|rated|
|rule|HP Percentage Mod: HP is shown in percentages
|rule|Endless Battle Clause: Forcing endless battles is banned
|rule|Species Clause: Limit one of each Pokémon
|rule|OHKO Clause: OHKO moves are banned
|rule|Evasion Items Clause: Evasion items are banned
|rule|Evasion Moves Clause: Evasion moves are banned
|rule|Evasion Abilities Clause: Evasion abilities are banned
|rule|Sleep Moves Clause: Sleep-inducing moves are banned
|clearpoke
|poke|p1|Skeledirge, M|
|poke|p1|Ogerpon-Wellspring, F|
|poke|p1|Dragapult, M|
|poke|p1|Weezing-Galar, F|
|poke|p1|Ting-Lu|
|poke|p1|Corviknight, F|
|poke|p2|Iron Thorns|
|poke|p2|Pecharunt|
|poke|p2|Samurott-Hisui, F|
|poke|p2|Hatterene, F|
|poke|p2|Enamorus, F|
|poke|p2|Great Tusk|
|teampreview
|inactive|Battle timer is ON: inactive players will automatically lose when time's up. (requested by michaelgoalise)
|inactive|michaelgoalise has 120 seconds left.
|inactive|michaelgoalise has 90 seconds left.
|inactive|michaelgoalise has 60 seconds left.
|
|t:|1760443098
|teamsize|p1|6
|teamsize|p2|6
|start
|switch|p1a: Corviknight|Corviknight, F|100/100
|switch|p2a: Samurott|Samurott-Hisui, F|100/100
|-ability|p1a: Corviknight|Pressure
|turn|1
|inactive|michaelgoalise has 90 seconds left.
|
|t:|1760443134
|switch|p2a: Hatterene|Hatterene, F|100/100
|move|p1a: Corviknight|U-turn|p2a: Hatterene
|-damage|p2a: Hatterene|83/100
|inactive|kurobots has 120 seconds left.
|
|t:|1760443182
|switch|p1a: Ogerpon|Ogerpon-Wellspring, F|100/100|[from] U-turn
|
|upkeep
|turn|2
|
|t:|1760443188
|move|p1a: Ogerpon|Ivy Cudgel|p2a: Hatterene|[anim] Ivy Cudgel Water
|-damage|p2a: Hatterene|18/100
|move|p2a: Hatterene|Nuzzle|p1a: Ogerpon
|-damage|p1a: Ogerpon|97/100
|-status|p1a: Ogerpon|par
|
|upkeep
|turn|3
|
|t:|1760443194
|switch|p2a: Pecharunt|Pecharunt|100/100
|move|p1a: Ogerpon|Ivy Cudgel|p2a: Pecharunt|[anim] Ivy Cudgel Water
|-damage|p2a: Pecharunt|64/100
|
|upkeep
|turn|4
|
|t:|1760443208
|switch|p1a: Ting-Lu|Ting-Lu, shiny|100/100
|-ability|p1a: Ting-Lu|Vessel of Ruin
|move|p2a: Pecharunt|Parting Shot|p1a: Ting-Lu
|-unboost|p1a: Ting-Lu|atk|1
|-unboost|p1a: Ting-Lu|spa|1
|
|t:|1760443214
|switch|p2a: Samurott|Samurott-Hisui, F|100/100|[from] Parting Shot
|
|upkeep
|turn|5
|
|t:|1760443217
|switch|p1a: Corviknight|Corviknight, F|100/100
|-ability|p1a: Corviknight|Pressure
|move|p2a: Samurott|Knock Off|p1a: Corviknight
|-damage|p1a: Corviknight|72/100
|-damage|p2a: Samurott|84/100|[from] item: Rocky Helmet|[of] p1a: Corviknight
|-enditem|p1a: Corviknight|Rocky Helmet|[from] move: Knock Off|[of] p2a: Samurott
|
|upkeep
|turn|6
|
|t:|1760443226
|move|p2a: Samurott|Ceaseless Edge|p1a: Corviknight
|-damage|p1a: Corviknight|48/100
|-sidestart|p1: kurobots|Spikes
|move|p1a: Corviknight|U-turn|p2a: Samurott
|-supereffective|p2a: Samurott
|-damage|p2a: Samurott|44/100
|
|t:|1760443233
|switch|p1a: Weezing|Weezing-Galar, F|100/100|[from] U-turn
|-ability|p1a: Weezing|Neutralizing Gas
|
|upkeep
|turn|7
|inactive|michaelgoalise has 120 seconds left.
|
|t:|1760443264
|switch|p2a: Pecharunt|Pecharunt|64/100
|move|p1a: Weezing|Sludge Bomb|p2a: Pecharunt
|-resisted|p2a: Pecharunt
|-damage|p2a: Pecharunt|55/100
|
|upkeep
|turn|8
|
|t:|1760443276
|move|p2a: Pecharunt|Malignant Chain|p1a: Weezing
|-damage|p1a: Weezing|49/100
|move|p1a: Weezing|Will-O-Wisp|p2a: Pecharunt
|-status|p2a: Pecharunt|brn
|
|-damage|p2a: Pecharunt|49/100 brn|[from] brn
|upkeep
|turn|9
|
|t:|1760443288
|-end|p1a: Weezing|ability: Neutralizing Gas
|switch|p1a: Ting-Lu|Ting-Lu, shiny|100/100
|-damage|p1a: Ting-Lu|88/100|[from] Spikes
|-ability|p1a: Ting-Lu|Vessel of Ruin
|move|p2a: Pecharunt|Malignant Chain|p1a: Ting-Lu
|-resisted|p1a: Ting-Lu
|-damage|p1a: Ting-Lu|79/100
|
|-heal|p1a: Ting-Lu|85/100|[from] item: Leftovers
|-damage|p2a: Pecharunt|43/100 brn|[from] brn
|upkeep
|turn|10
|
|t:|1760443297
|move|p2a: Pecharunt|Parting Shot|p1a: Ting-Lu
|-unboost|p1a: Ting-Lu|atk|1
|-unboost|p1a: Ting-Lu|spa|1
|j| Samurajen
|
|t:|1760443317
|switch|p2a: Enamorus|Enamorus, F|100/100|[from] Parting Shot
|move|p1a: Ting-Lu|Earthquake|p2a: Enamorus
|-immune|p2a: Enamorus
|
|-heal|p1a: Ting-Lu|92/100|[from] item: Leftovers
|upkeep
|turn|11
|j| lakob
|inactive|michaelgoalise has 90 seconds left.
|j| Lario
|inactive|michaelgoalise has 60 seconds left.
|
|t:|1760443377
|switch|p1a: Skeledirge|Skeledirge, M|100/100
|move|p2a: Enamorus|Moonblast|p1a: Skeledirge
|-resisted|p1a: Skeledirge
|-damage|p1a: Skeledirge|83/100
|
|upkeep
|turn|12
|
|t:|1760443390
|switch|p2a: Samurott|Samurott-Hisui, F|44/100
|move|p1a: Skeledirge|Will-O-Wisp|p2a: Samurott|[miss]
|-miss|p1a: Skeledirge|p2a: Samurott
|
|upkeep
|turn|13
|
|t:|1760443399
|switch|p1a: Weezing|Weezing-Galar, F|49/100
|-ability|p1a: Weezing|Neutralizing Gas
|move|p2a: Samurott|Knock Off|p1a: Weezing
|-resisted|p1a: Weezing
|-damage|p1a: Weezing|31/100
|-enditem|p1a: Weezing|Heavy-Duty Boots|[from] move: Knock Off|[of] p2a: Samurott
|
|upkeep
|turn|14
|
|t:|1760443405
|switch|p2a: Pecharunt|Pecharunt|43/100 brn
|move|p1a: Weezing|Will-O-Wisp|p2a: Pecharunt
|-fail|p2a: Pecharunt|brn
|
|-damage|p2a: Pecharunt|37/100 brn|[from] brn
|upkeep
|turn|15
|inactive|michaelgoalise has 60 seconds left.
|
|t:|1760443419
|-end|p1a: Weezing|ability: Neutralizing Gas
|switch|p1a: Ting-Lu|Ting-Lu, shiny|92/100
|-damage|p1a: Ting-Lu|79/100|[from] Spikes
|-ability|p1a: Ting-Lu|Vessel of Ruin
|move|p2a: Pecharunt|Malignant Chain|p1a: Ting-Lu
|-resisted|p1a: Ting-Lu
|-damage|p1a: Ting-Lu|71/100
|
|-heal|p1a: Ting-Lu|78/100|[from] item: Leftovers
|-damage|p2a: Pecharunt|31/100 brn|[from] brn
|upkeep
|turn|16
|inactive|michaelgoalise has 60 seconds left.
|j| loking87
|inactive|michaelgoalise has 30 seconds left.
|
|t:|1760443457
|move|p2a: Pecharunt|Destiny Bond|p2a: Pecharunt
|-singlemove|p2a: Pecharunt|Destiny Bond
|move|p1a: Ting-Lu|Earthquake|p2a: Pecharunt
|-supereffective|p2a: Pecharunt
|-crit|p2a: Pecharunt
|-damage|p2a: Pecharunt|0 fnt
|faint|p2a: Pecharunt
|-activate|p2a: Pecharunt|move: Destiny Bond
|faint|p1a: Ting-Lu
|
|upkeep
|inactive|michaelgoalise has 30 seconds left.
|j| Alolan Spinda
|inactive|michaelgoalise has 20 seconds left.
|inactive|michaelgoalise has 15 seconds left.
|inactive|kurobots has 120 seconds left.
|inactive|michaelgoalise has 10 seconds left.
|
|t:|1760443488
|switch|p2a: Enamorus|Enamorus, F|100/100
|switch|p1a: Corviknight|Corviknight, F|48/100
|-ability|p1a: Corviknight|Pressure
|turn|17
|inactive|michaelgoalise has 20 seconds left this turn.
|inactive|michaelgoalise has 15 seconds left.
|inactive|michaelgoalise has 10 seconds left.
|inactive|michaelgoalise has 5 seconds left.
|
|t:|1760443505
|switch|p2a: Hatterene|Hatterene, F|18/100
|switch|p1a: Skeledirge|Skeledirge, M|83/100
|
|upkeep
|turn|18
|inactive|michaelgoalise has 15 seconds left this turn.
|inactive|michaelgoalise has 10 seconds left.
|
|t:|1760443514
|switch|p2a: Samurott|Samurott-Hisui, F|44/100
|move|p1a: Skeledirge|Torch Song|p2a: Samurott
|-resisted|p2a: Samurott
|-damage|p2a: Samurott|23/100
|-boost|p1a: Skeledirge|spa|1
|
|upkeep
|turn|19
|inactive|michaelgoalise has 20 seconds left this turn.
|inactive|michaelgoalise has 15 seconds left.
|inactive|michaelgoalise has 10 seconds left.
|
|t:|1760443525
|switch|p1a: Ogerpon|Ogerpon-Wellspring, F|97/100 par
|-damage|p1a: Ogerpon|84/100 par|[from] Spikes
|move|p2a: Samurott|Razor Shell|p1a: Ogerpon
|-heal|p1a: Ogerpon|100/100 par|[from] ability: Water Absorb|[of] p2a: Samurott
|
|upkeep
|turn|20
|inactive|michaelgoalise has 20 seconds left this turn.
|
|t:|1760443536
|move|p2a: Samurott|Ceaseless Edge|p1a: Ogerpon
|-damage|p1a: Ogerpon|56/100 par
|-sidestart|p1: kurobots|Spikes
|move|p1a: Ogerpon|Ivy Cudgel|p2a: Samurott|[anim] Ivy Cudgel Water
|-resisted|p2a: Samurott
|-damage|p2a: Samurott|0 fnt
|faint|p2a: Samurott
|
|upkeep
|inactive|michaelgoalise has 25 seconds left this turn.
|inactive|michaelgoalise has 20 seconds left.
|inactive|michaelgoalise has 15 seconds left.
|
|t:|1760443550
|switch|p2a: Iron Thorns|Iron Thorns|100/100
|-enditem|p2a: Iron Thorns|Booster Energy
|-activate|p2a: Iron Thorns|ability: Quark Drive|[fromitem]
|-start|p2a: Iron Thorns|quarkdriveatk
|turn|21
|inactive|michaelgoalise has 25 seconds left this turn.
|inactive|michaelgoalise has 20 seconds left.
|
|t:|1760443559
|move|p2a: Iron Thorns|Supercell Slam|p1a: Ogerpon
|-damage|p1a: Ogerpon|0 fnt
|faint|p1a: Ogerpon
|
|upkeep
|
|t:|1760443567
|switch|p1a: Dragapult|Dragapult, M|100/100
|-damage|p1a: Dragapult|84/100|[from] Spikes
|turn|22
|inactive|michaelgoalise has 30 seconds left.
|
|t:|1760443579
|-terastallize|p2a: Iron Thorns|Fire
|move|p1a: Dragapult|U-turn|p2a: Iron Thorns
|-resisted|p2a: Iron Thorns
|-damage|p2a: Iron Thorns|92/100
|
|t:|1760443583
|switch|p1a: Weezing|Weezing-Galar, F|31/100|[from] U-turn
|-ability|p1a: Weezing|Neutralizing Gas
|-damage|p1a: Weezing|15/100|[from] Spikes
|move|p2a: Iron Thorns|Ice Punch|p1a: Weezing
|-damage|p1a: Weezing|0 fnt
|faint|p1a: Weezing
|-end|p1a: Weezing|ability: Neutralizing Gas
|
|upkeep
|inactive|kurobots has 120 seconds left.
|
|t:|1760443622
|switch|p1a: Corviknight|Corviknight, F|48/100
|-ability|p1a: Corviknight|Pressure
|turn|23
|inactive|kurobots has 120 seconds left.
|inactive|michaelgoalise has 30 seconds left.
|inactive|kurobots has 90 seconds left.
|
|t:|1760443680
|-terastallize|p1a: Corviknight|Grass
|move|p2a: Iron Thorns|Dragon Dance|p2a: Iron Thorns
|-boost|p2a: Iron Thorns|atk|1
|-boost|p2a: Iron Thorns|spe|1
|move|p1a: Corviknight|Roost|p1a: Corviknight
|-heal|p1a: Corviknight|98/100
|
|upkeep
|turn|24
|
|t:|1760443687
|move|p2a: Iron Thorns|Ice Punch|p1a: Corviknight
|-supereffective|p1a: Corviknight
|-damage|p1a: Corviknight|40/100
|move|p1a: Corviknight|Iron Defense|p1a: Corviknight
|-boost|p1a: Corviknight|def|2
|
|upkeep
|turn|25
|
|t:|1760443694
|move|p2a: Iron Thorns|Ice Punch|p1a: Corviknight
|-supereffective|p1a: Corviknight
|-damage|p1a: Corviknight|11/100
|move|p1a: Corviknight|Roost|p1a: Corviknight
|-heal|p1a: Corviknight|61/100
|
|upkeep
|turn|26
|
|t:|1760443701
|move|p2a: Iron Thorns|Ice Punch|p1a: Corviknight
|-supereffective|p1a: Corviknight
|-damage|p1a: Corviknight|28/100
|move|p1a: Corviknight|Roost|p1a: Corviknight
|-heal|p1a: Corviknight|78/100
|
|upkeep
|turn|27
|inactive|michaelgoalise has 30 seconds left.
|
|t:|1760443734
|-end|p2a: Iron Thorns|Quark Drive|[silent]
|switch|p2a: Enamorus|Enamorus, F|100/100
|move|p1a: Corviknight|Body Press|p2a: Enamorus
|-resisted|p2a: Enamorus
|-damage|p2a: Enamorus|81/100
|
|upkeep
|turn|28
|
|t:|1760443740
|switch|p1a: Skeledirge|Skeledirge, M|83/100
|move|p2a: Enamorus|Healing Wish|p2a: Enamorus
|faint|p2a: Enamorus
|
|upkeep
|inactive|michaelgoalise has 30 seconds left.
|
|t:|1760443753
|switch|p2a: Iron Thorns|Iron Thorns, tera:Fire|92/100
|-heal|p2a: Iron Thorns|100/100|[from] move: Healing Wish
|turn|29
|l| lakob
|
|t:|1760443759
|move|p2a: Iron Thorns|Dragon Dance|p2a: Iron Thorns
|-boost|p2a: Iron Thorns|atk|1
|-boost|p2a: Iron Thorns|spe|1
|move|p1a: Skeledirge|Earth Power|p2a: Iron Thorns
|-supereffective|p2a: Iron Thorns
|-damage|p2a: Iron Thorns|54/100
|
|upkeep
|turn|30
|
|t:|1760443762
|move|p2a: Iron Thorns|Earthquake|p1a: Skeledirge
|-supereffective|p1a: Skeledirge
|-damage|p1a: Skeledirge|25/100
|move|p1a: Skeledirge|Earth Power|p2a: Iron Thorns
|-supereffective|p2a: Iron Thorns
|-damage|p2a: Iron Thorns|0 fnt
|faint|p2a: Iron Thorns
|-end|p2a: Iron Thorns|Quark Drive|[silent]
|
|upkeep
|
|t:|1760443774
|switch|p2a: Great Tusk|Great Tusk|100/100
|-enditem|p2a: Great Tusk|Booster Energy
|-activate|p2a: Great Tusk|ability: Protosynthesis|[fromitem]
|-start|p2a: Great Tusk|protosynthesisspe
|turn|31
|
|t:|1760443784
|move|p2a: Great Tusk|Headlong Rush|p1a: Skeledirge
|-supereffective|p1a: Skeledirge
|-damage|p1a: Skeledirge|0 fnt
|-unboost|p2a: Great Tusk|def|1
|-unboost|p2a: Great Tusk|spd|1
|faint|p1a: Skeledirge
|
|upkeep
|
|t:|1760443787
|switch|p1a: Corviknight|Corviknight, F, tera:Grass|78/100
|-damage|p1a: Corviknight|62/100|[from] Spikes
|-ability|p1a: Corviknight|Pressure
|turn|32
|inactive|michaelgoalise has 60 seconds left.
|
|t:|1760443797
|move|p2a: Great Tusk|Ice Spinner|p1a: Corviknight
|-supereffective|p1a: Corviknight
|-damage|p1a: Corviknight|35/100
|move|p1a: Corviknight|Iron Defense|p1a: Corviknight
|-boost|p1a: Corviknight|def|2
|
|upkeep
|turn|33
|
|t:|1760443801
|move|p2a: Great Tusk|Bulk Up|p2a: Great Tusk
|-boost|p2a: Great Tusk|atk|1
|-boost|p2a: Great Tusk|def|1
|move|p1a: Corviknight|Roost|p1a: Corviknight
|-heal|p1a: Corviknight|85/100
|
|upkeep
|turn|34
|
|t:|1760443806
|move|p2a: Great Tusk|Bulk Up|p2a: Great Tusk
|-boost|p2a: Great Tusk|atk|1
|-boost|p2a: Great Tusk|def|1
|move|p1a: Corviknight|Iron Defense|p1a: Corviknight
|-boost|p1a: Corviknight|def|2
|
|upkeep
|turn|35
|
|t:|1760443810
|move|p2a: Great Tusk|Bulk Up|p2a: Great Tusk
|-boost|p2a: Great Tusk|atk|1
|-boost|p2a: Great Tusk|def|1
|move|p1a: Corviknight|Iron Defense|p1a: Corviknight
|-boost|p1a: Corviknight|def|2
|
|upkeep
|turn|36
|
|t:|1760443812
|move|p2a: Great Tusk|Bulk Up|p2a: Great Tusk
|-boost|p2a: Great Tusk|atk|1
|-boost|p2a: Great Tusk|def|1
|move|p1a: Corviknight|Body Press|p2a: Great Tusk
|-crit|p2a: Great Tusk
|-damage|p2a: Great Tusk|2/100
|
|upkeep
|turn|37
|
|t:|1760443817
|move|p2a: Great Tusk|Ice Spinner|p1a: Corviknight
|-supereffective|p1a: Corviknight
|-damage|p1a: Corviknight|63/100
|move|p1a: Corviknight|Body Press|p2a: Great Tusk
|-damage|p2a: Great Tusk|0 fnt
|faint|p2a: Great Tusk
|-end|p2a: Great Tusk|Protosynthesis|[silent]
|
|upkeep
|
|t:|1760443820
|switch|p2a: Hatterene|Hatterene, F|18/100
|turn|38
|
|t:|1760443825
|move|p1a: Corviknight|Body Press|p2a: Hatterene
|-resisted|p2a: Hatterene
|-damage|p2a: Hatterene|0 fnt
|faint|p2a: Hatterene
|
|win|kurobots
|raw|kurobots's rating: 1687 &rarr; <strong>1707</strong><br />(+20 for winning)
|raw|michaelgoalise's rating: 1685 &rarr; <strong>1665</strong><br />(-20 for losing)
|l|☆michaelgoalise
|player|p2|
|c|☆kurobots|gg
|l|☆kurobots
|player|p1|
|l| Alolan Spinda
