|j|☆Jrpartner
|j|☆Bag of Rabbits
|t:|1760306282
|gametype|singles
|player|p1|Jrpartner|169|1384
|player|p2|Bag of Rabbits|karen|1438
|gen|9
|tier|[Gen 9] OU
|rated|
|rule|HP Percentage Mod: HP is shown in percentages
|rule|Endless Battle Clause: Forcing endless battles is banned
|rule|Species Clause: Limit one of each Pokémon
|rule|OHKO Clause: OHKO moves are banned
|rule|Evasion Items Clause: Evasion items are banned
|rule|Evasion Moves Clause: Evasion moves are banned
|rule|Evasion Abilities Clause: Evasion abilities are banned
|rule|Sleep Moves Clause: Sleep-inducing moves are banned
|clearpoke
|poke|p1|Weavile, M|
|poke|p1|Hatterene, F|
|poke|p1|Iron Treads|
|poke|p1|Moltres|
|poke|p1|Gholdengo|
|poke|p1|Ogerpon-Wellspring, F|
|poke|p2|Ninetales, F|
|poke|p2|Scovillain, F|
|poke|p2|Walking Wake|
|poke|p2|Great Tusk|
|poke|p2|Hatterene, F|
|poke|p2|Scizor, M|
|teampreview
|inactive|Battle timer is ON: inactive players will automatically lose when time's up. (requested by Jrpartner)
|
|t:|1760306293
|teamsize|p1|6
|teamsize|p2|6
|start
|switch|p1a: Ogerpon|Ogerpon-Wellspring, F|100/100
|switch|p2a: Ninetales|Ninetales, F|100/100
|-weather|SunnyDay|[from] ability: Drought|[of] p2a: Ninetales
|turn|1
|
|t:|1760306306
|move|p1a: Ogerpon|U-turn|p2a: Ninetales
|-resisted|p2a: Ninetales
|-damage|p2a: Ninetales|85/100
|
|t:|1760306308
|switch|p1a: Moltres|Moltres|100/100|[from] U-turn
|move|p2a: Ninetales|Will-O-Wisp|p1a: Moltres
|-immune|p1a: Moltres
|
|-weather|SunnyDay|[upkeep]
|upkeep
|turn|2
|
|t:|1760306311
|switch|p2a: Walking Wake|Walking Wake|100/100
|-activate|p2a: Walking Wake|ability: Protosynthesis
|-start|p2a: Walking Wake|protosynthesisspa
|move|p1a: Moltres|Flamethrower|p2a: Walking Wake
|-resisted|p2a: Walking Wake
|-damage|p2a: Walking Wake|85/100
|
|-weather|SunnyDay|[upkeep]
|upkeep
|turn|3
|
|t:|1760306316
|switch|p1a: Ogerpon|Ogerpon-Wellspring, F|100/100
|move|p2a: Walking Wake|Draco Meteor|p1a: Ogerpon
|-damage|p1a: Ogerpon|0 fnt
|-unboost|p2a: Walking Wake|spa|2
|faint|p1a: Ogerpon
|
|-weather|SunnyDay|[upkeep]
|upkeep
|
|t:|1760306322
|switch|p1a: Hatterene|Hatterene, F|100/100
|turn|4
|
|t:|1760306330
|-end|p2a: Walking Wake|Protosynthesis|[silent]
|switch|p2a: Hatterene|Hatterene, F|100/100
|move|p1a: Hatterene|Mystical Fire|p2a: Hatterene
|-damage|p2a: Hatterene|68/100
|-unboost|p2a: Hatterene|spa|1
|-enditem|p2a: Hatterene|Eject Button
|
|t:|1760306340
|switch|p2a: Walking Wake|Walking Wake|85/100
|-activate|p2a: Walking Wake|ability: Protosynthesis
|-start|p2a: Walking Wake|protosynthesisspa
|
|-weather|SunnyDay|[upkeep]
|upkeep
|turn|5
|
|t:|1760306358
|move|p2a: Walking Wake|Hydro Steam|p1a: Hatterene
|-damage|p1a: Hatterene|0 fnt
|faint|p1a: Hatterene
|
|-weather|SunnyDay|[upkeep]
|upkeep
|
|t:|1760306363
|switch|p1a: Weavile|Weavile, M|100/100
|turn|6
|
|t:|1760306368
|-end|p2a: Walking Wake|Protosynthesis|[silent]
|switch|p2a: Great Tusk|Great Tusk|100/100
|-activate|p2a: Great Tusk|ability: Protosynthesis
|-start|p2a: Great Tusk|protosynthesisspe
|move|p1a: Weavile|Triple Axel|p2a: Great Tusk
|-supereffective|p2a: Great Tusk
|-damage|p2a: Great Tusk|81/100
|-supereffective|p2a: Great Tusk
|-damage|p2a: Great Tusk|43/100
|-supereffective|p2a: Great Tusk
|-damage|p2a: Great Tusk|0 fnt
|faint|p2a: Great Tusk
|-end|p2a: Great Tusk|Protosynthesis|[silent]
|-hitcount|p2: Great Tusk|3
|
|-weather|SunnyDay|[upkeep]
|upkeep
|
|t:|1760306371
|switch|p2a: Scizor|Scizor, M|100/100
|turn|7
|
|t:|1760306375
|switch|p1a: Moltres|Moltres|100/100
|move|p2a: Scizor|U-turn|p1a: Moltres
|-resisted|p1a: Moltres
|-damage|p1a: Moltres|91/100
|
|t:|1760306378
|switch|p2a: Walking Wake|Walking Wake|85/100|[from] U-turn
|-activate|p2a: Walking Wake|ability: Protosynthesis
|-start|p2a: Walking Wake|protosynthesisspa
|
|-weather|SunnyDay|[upkeep]
|upkeep
|turn|8
|
|t:|1760306387
|-terastallize|p1a: Moltres|Grass
|move|p2a: Walking Wake|Hydro Steam|p1a: Moltres
|-resisted|p1a: Moltres
|-damage|p1a: Moltres|29/100
|move|p1a: Moltres|U-turn|p2a: Walking Wake
|-damage|p2a: Walking Wake|70/100
|
|t:|1760306391
|switch|p1a: Weavile|Weavile, M|100/100|[from] U-turn
|
|-weather|none
|-end|p2a: Walking Wake|Protosynthesis
|upkeep
|turn|9
|
|t:|1760306414
|-end|p2a: Walking Wake|Protosynthesis|[silent]
|switch|p2a: Hatterene|Hatterene, F|68/100
|move|p1a: Weavile|Knock Off|p2a: Hatterene
|-damage|p2a: Hatterene|25/100
|
|upkeep
|turn|10
|
|t:|1760306422
|move|p1a: Weavile|Knock Off|p2a: Hatterene
|-damage|p2a: Hatterene|0 fnt
|faint|p2a: Hatterene
|
|upkeep
|
|t:|1760306425
|switch|p2a: Scizor|Scizor, M|100/100
|turn|11
|
|t:|1760306428
|move|p1a: Weavile|Knock Off|p2a: Scizor
|-damage|p2a: Scizor|24/100
|-enditem|p2a: Scizor|Choice Band|[from] move: Knock Off|[of] p1a: Weavile
|move|p2a: Scizor|U-turn|p1a: Weavile
|-supereffective|p1a: Weavile
|-damage|p1a: Weavile|0 fnt
|faint|p1a: Weavile
|
|t:|1760306436
|switch|p2a: Ninetales|Ninetales, F|85/100|[from] U-turn
|-weather|SunnyDay|[from] ability: Drought|[of] p2a: Ninetales
|
|-weather|SunnyDay|[upkeep]
|upkeep
|
|t:|1760306446
|switch|p1a: Moltres|Moltres, tera:Grass|29/100
|turn|12
|
|t:|1760306450
|move|p2a: Ninetales|Fire Blast|p1a: Moltres
|-supereffective|p1a: Moltres
|-damage|p1a: Moltres|0 fnt
|faint|p1a: Moltres
|
|-weather|SunnyDay|[upkeep]
|upkeep
|
|t:|1760306459
|switch|p1a: Iron Treads|Iron Treads|100/100
|turn|13
|
|t:|1760306465
|switch|p2a: Scizor|Scizor, M|24/100
|move|p1a: Iron Treads|Earthquake|p2a: Scizor
|-damage|p2a: Scizor|0 fnt
|faint|p2a: Scizor
|
|-weather|SunnyDay|[upkeep]
|upkeep
|
|t:|1760306471
|switch|p2a: Scovillain|Scovillain, F|100/100
|turn|14
|
|t:|1760306496
|move|p2a: Scovillain|Fire Blast|p1a: Iron Treads|[miss]
|-miss|p2a: Scovillain|p1a: Iron Treads
|move|p1a: Iron Treads|Knock Off|p2a: Scovillain
|-damage|p2a: Scovillain|53/100
|-enditem|p2a: Scovillain|Choice Specs|[from] move: Knock Off|[of] p1a: Iron Treads
|
|-weather|SunnyDay|[upkeep]
|upkeep
|turn|15
|
|t:|1760306507
|move|p2a: Scovillain|Fire Blast|p1a: Iron Treads
|-supereffective|p1a: Iron Treads
|-damage|p1a: Iron Treads|0 fnt
|faint|p1a: Iron Treads
|-end|p1a: Iron Treads|Quark Drive|[silent]
|
|-weather|SunnyDay|[upkeep]
|upkeep
|-message|Jrpartner forfeited.
|
|win|Bag of Rabbits
|raw|Jrpartner's rating: 1365 &rarr; <strong>1349</strong><br />(-16 for losing)
|raw|Bag of Rabbits's rating: 1438 &rarr; <strong>1454</strong><br />(+16 for winning)
|l|☆Jrpartner
|player|p1|
|l|☆Bag of Rabbits
|player|p2|
