|j|☆Malamar Hater
|j|☆Luketheidiot
|t:|1760328383
|gametype|singles
|player|p1|Malamar Hater|169|1234
|player|p2|Luketheidiot|iris-gen5bw2|1257
|gen|9
|tier|[Gen 9] OU
|rated|
|rule|HP Percentage Mod: HP is shown in percentages
|rule|Endless Battle Clause: Forcing endless battles is banned
|rule|Species Clause: Limit one of each Pokémon
|rule|OHKO Clause: OHKO moves are banned
|rule|Evasion Items Clause: Evasion items are banned
|rule|Evasion Moves Clause: Evasion moves are banned
|rule|Evasion Abilities Clause: Evasion abilities are banned
|rule|Sleep Moves Clause: Sleep-inducing moves are banned
|clearpoke
|poke|p1|Slaking, M|
|poke|p1|Pecharunt|
|poke|p1|Porygon-Z|
|poke|p1|Kingambit, M|
|poke|p1|Breloom, M|
|poke|p1|Gholdengo|
|poke|p2|Umbreon, F|
|poke|p2|Scizor, M|
|poke|p2|Suicune|
|poke|p2|Typhlosion, M|
|poke|p2|Porygon2|
|poke|p2|Ursaring, M|
|teampreview
|inactive|Battle timer is ON: inactive players will automatically lose when time's up. (requested by Malamar Hater)
|
|t:|1760328395
|teamsize|p1|6
|teamsize|p2|6
|start
|switch|p1a: Monky|Slaking, M|100/100
|switch|p2a: Umbreon|Umbreon, F|100/100
|turn|1
|
|t:|1760328401
|move|p1a: Monky|Giga Impact|p2a: Umbreon
|-damage|p2a: Umbreon|9/100
|-mustrecharge|p1a: Monky
|move|p2a: Umbreon|Toxic|p1a: Monky
|-status|p1a: Monky|tox
|
|-heal|p2a: Umbreon|15/100|[from] item: Leftovers
|-damage|p1a: Monky|94/100 tox|[from] psn
|upkeep
|turn|2
|
|t:|1760328409
|cant|p1a: Monky|recharge
|move|p2a: Umbreon|Wish|p2a: Umbreon
|
|-heal|p2a: Umbreon|21/100|[from] item: Leftovers
|-damage|p1a: Monky|82/100 tox|[from] psn
|upkeep
|turn|3
|
|t:|1760328415
|switch|p1a: Spandau Ballet|Gholdengo|100/100
|-item|p1a: Spandau Ballet|Air Balloon
|move|p2a: Umbreon|Protect||[still]
|-fail|p2a: Umbreon
|
|-heal|p2a: Umbreon|71/100|[from] move: Wish|[wisher] Umbreon
|-heal|p2a: Umbreon|77/100|[from] item: Leftovers
|upkeep
|turn|4
|
|t:|1760328422
|move|p1a: Spandau Ballet|Nasty Plot|p1a: Spandau Ballet
|-boost|p1a: Spandau Ballet|spa|2
|move|p2a: Umbreon|Foul Play|p1a: Spandau Ballet
|-supereffective|p1a: Spandau Ballet
|-damage|p1a: Spandau Ballet|70/100
|-enditem|p1a: Spandau Ballet|Air Balloon
|
|-heal|p2a: Umbreon|83/100|[from] item: Leftovers
|upkeep
|turn|5
|
|t:|1760328428
|move|p1a: Spandau Ballet|Make It Rain|p2a: Umbreon
|-damage|p2a: Umbreon|0 fnt
|-unboost|p1a: Spandau Ballet|spa|1
|faint|p2a: Umbreon
|
|upkeep
|
|t:|1760328433
|switch|p2a: Typhlosion|Typhlosion, M|100/100
|turn|6
|
|t:|1760328440
|switch|p1a: Monky|Slaking, M|82/100 tox
|move|p2a: Typhlosion|Eruption|p1a: Monky
|-damage|p1a: Monky|0 fnt
|faint|p1a: Monky
|
|upkeep
|
|t:|1760328452
|switch|p1a: Rocky Balboa|Breloom, M|100/100
|turn|7
|
|t:|1760328465
|move|p1a: Rocky Balboa|Mach Punch|p2a: Typhlosion
|-damage|p2a: Typhlosion|53/100
|move|p2a: Typhlosion|Eruption|p1a: Rocky Balboa
|-supereffective|p1a: Rocky Balboa
|-enditem|p1a: Rocky Balboa|Focus Sash
|-damage|p1a: Rocky Balboa|1/100
|
|upkeep
|turn|8
|
|t:|1760328474
|switch|p2a: Suicune|Suicune|100/100
|-ability|p2a: Suicune|Pressure
|move|p1a: Rocky Balboa|Mach Punch|p2a: Suicune
|-damage|p2a: Suicune|70/100
|
|-heal|p2a: Suicune|77/100|[from] item: Leftovers
|upkeep
|turn|9
|
|t:|1760328484
|move|p2a: Suicune|Substitute|p2a: Suicune
|-start|p2a: Suicune|Substitute
|-damage|p2a: Suicune|52/100
|move|p1a: Rocky Balboa|Bullet Seed|p2a: Suicune
|-supereffective|p2a: Suicune
|-end|p2a: Suicune|Substitute
|-supereffective|p2a: Suicune
|-damage|p2a: Suicune|20/100
|-supereffective|p2a: Suicune
|-damage|p2a: Suicune|0 fnt
|faint|p2a: Suicune
|-hitcount|p2: Suicune|3
|
|upkeep
|
|t:|1760328492
|switch|p2a: Scizor|Scizor, M|100/100
|turn|10
|
|t:|1760328517
|move|p1a: Rocky Balboa|Mach Punch|p2a: Scizor
|-damage|p2a: Scizor|65/100
|move|p2a: Scizor|Bullet Punch|p1a: Rocky Balboa
|-damage|p1a: Rocky Balboa|0 fnt
|faint|p1a: Rocky Balboa
|-damage|p2a: Scizor|55/100|[from] item: Life Orb
|
|upkeep
|
|t:|1760328532
|switch|p1a: Obey your Master!|Pecharunt|100/100
|turn|11
|
|t:|1760328537
|move|p2a: Scizor|Swords Dance|p2a: Scizor
|-boost|p2a: Scizor|atk|2
|move|p1a: Obey your Master!|Toxic|p2a: Scizor
|-immune|p2a: Scizor
|
|upkeep
|turn|12
|
|t:|1760328549
|move|p2a: Scizor|X-Scissor|p1a: Obey your Master!
|-resisted|p1a: Obey your Master!
|-damage|p1a: Obey your Master!|87/100
|-damage|p2a: Scizor|45/100|[from] item: Life Orb
|move|p1a: Obey your Master!|Night Shade|p2a: Scizor
|-damage|p2a: Scizor|10/100
|
|-heal|p1a: Obey your Master!|93/100|[from] item: Leftovers
|upkeep
|turn|13
|
|t:|1760328562
|move|p2a: Scizor|X-Scissor|p1a: Obey your Master!
|-resisted|p1a: Obey your Master!
|-damage|p1a: Obey your Master!|79/100
|-damage|p2a: Scizor|0 fnt|[from] item: Life Orb
|faint|p2a: Scizor
|move|p1a: Obey your Master!|Night Shade|p2: Scizor|[notarget]
|-fail|p1a: Obey your Master!
|
|-heal|p1a: Obey your Master!|85/100|[from] item: Leftovers
|upkeep
|
|t:|1760328566
|switch|p2a: Porygon2|Porygon2|100/100
|-ability|p2a: Porygon2|Download|boost
|-boost|p2a: Porygon2|spa|1
|turn|14
|
|t:|1760328574
|move|p1a: Obey your Master!|Toxic|p2a: Porygon2
|-status|p2a: Porygon2|tox
|-start|p2a: Porygon2|confusion|[from] ability: Poison Puppeteer|[of] p1a: Obey your Master!
|-activate|p2a: Porygon2|confusion
|-damage|p2a: Porygon2|94/100 tox|[from] confusion
|
|-heal|p1a: Obey your Master!|92/100|[from] item: Leftovers
|-damage|p2a: Porygon2|88/100 tox|[from] psn
|upkeep
|turn|15
|
|t:|1760328585
|move|p1a: Obey your Master!|Night Shade|p2a: Porygon2
|-immune|p2a: Porygon2
|-activate|p2a: Porygon2|confusion
|-damage|p2a: Porygon2|82/100 tox|[from] confusion
|
|-heal|p1a: Obey your Master!|98/100|[from] item: Leftovers
|-damage|p2a: Porygon2|70/100 tox|[from] psn
|upkeep
|turn|16
|
|t:|1760328595
|switch|p1a: Spandau Ballet|Gholdengo|70/100
|-end|p2a: Porygon2|confusion
|move|p2a: Porygon2|Thunder Wave|p1a: Spandau Ballet
|-immune|p1a: Spandau Ballet|[from] ability: Good as Gold
|
|-damage|p2a: Porygon2|51/100 tox|[from] psn
|upkeep
|turn|17
|
|t:|1760328609
|move|p1a: Spandau Ballet|Make It Rain|p2a: Porygon2
|-damage|p2a: Porygon2|3/100 tox
|-unboost|p1a: Spandau Ballet|spa|1
|move|p2a: Porygon2|Shadow Ball|p1a: Spandau Ballet
|-supereffective|p1a: Spandau Ballet
|-damage|p1a: Spandau Ballet|0 fnt
|faint|p1a: Spandau Ballet
|
|-damage|p2a: Porygon2|0 fnt|[from] psn
|faint|p2a: Porygon2
|upkeep
|
|t:|1760328628
|switch|p1a: Obey your Master!|Pecharunt|98/100
|switch|p2a: Typhlosion|Typhlosion, M|53/100
|turn|18
|
|t:|1760328639
|move|p2a: Typhlosion|Shadow Ball|p1a: Obey your Master!
|-supereffective|p1a: Obey your Master!
|-damage|p1a: Obey your Master!|41/100
|move|p1a: Obey your Master!|Toxic|p2a: Typhlosion
|-status|p2a: Typhlosion|tox
|-start|p2a: Typhlosion|confusion|[from] ability: Poison Puppeteer|[of] p1a: Obey your Master!
|
|-heal|p1a: Obey your Master!|47/100|[from] item: Leftovers
|-damage|p2a: Typhlosion|47/100 tox|[from] psn
|upkeep
|turn|19
|
|t:|1760328652
|move|p1a: Obey your Master!|Protect|p1a: Obey your Master!
|-singleturn|p1a: Obey your Master!|Protect
|-activate|p2a: Typhlosion|confusion
|move|p2a: Typhlosion|Shadow Ball|p1a: Obey your Master!
|-activate|p1a: Obey your Master!|move: Protect
|
|-heal|p1a: Obey your Master!|53/100|[from] item: Leftovers
|-damage|p2a: Typhlosion|35/100 tox|[from] psn
|upkeep
|turn|20
|
|t:|1760328657
|-activate|p2a: Typhlosion|confusion
|-damage|p2a: Typhlosion|25/100 tox|[from] confusion
|move|p1a: Obey your Master!|Recover|p1a: Obey your Master!
|-heal|p1a: Obey your Master!|100/100
|
|-damage|p2a: Typhlosion|7/100 tox|[from] psn
|upkeep
|turn|21
|
|t:|1760328664
|move|p1a: Obey your Master!|Protect|p1a: Obey your Master!
|-singleturn|p1a: Obey your Master!|Protect
|-end|p2a: Typhlosion|confusion
|move|p2a: Typhlosion|Shadow Ball|p1a: Obey your Master!
|-activate|p1a: Obey your Master!|move: Protect
|
|-damage|p2a: Typhlosion|0 fnt|[from] psn
|faint|p2a: Typhlosion
|upkeep
|
|t:|1760328668
|switch|p2a: Ursaring|Ursaring, M|100/100
|turn|22
|
|t:|1760328687
|move|p1a: Obey your Master!|Toxic|p2a: Ursaring
|-status|p2a: Ursaring|tox
|-start|p2a: Ursaring|confusion|[from] ability: Poison Puppeteer|[of] p1a: Obey your Master!
|-activate|p2a: Ursaring|confusion
|move|p2a: Ursaring|Bulk Up|p2a: Ursaring
|-boost|p2a: Ursaring|atk|1
|-boost|p2a: Ursaring|def|1
|
|-damage|p2a: Ursaring|94/100 tox|[from] psn
|upkeep
|turn|23
|
|t:|1760328697
|switch|p1a: Windows XP|Porygon-Z|100/100
|-activate|p2a: Ursaring|confusion
|move|p2a: Ursaring|Throat Chop|p1a: Windows XP
|-damage|p1a: Windows XP|39/100
|-start|p1a: Windows XP|Throat Chop|[silent]
|
|-damage|p2a: Ursaring|82/100 tox|[from] psn
|upkeep
|turn|24
|
|t:|1760328706
|move|p1a: Windows XP|Tri Attack|p2a: Ursaring
|-damage|p2a: Ursaring|17/100 tox
|-activate|p2a: Ursaring|confusion
|-damage|p2a: Ursaring|0 fnt|[from] confusion
|faint|p2a: Ursaring
|
|win|Malamar Hater
|raw|Malamar Hater's rating: 1234 &rarr; <strong>1261</strong><br />(+27 for winning)
|raw|Luketheidiot's rating: 1257 &rarr; <strong>1230</strong><br />(-27 for losing)
|l|☆Luketheidiot
|player|p2|
|l|☆Malamar Hater
|player|p1|
