|j|☆homerac
|j|☆Stalphyr
|t:|1760453301
|gametype|singles
|player|p1|homerac|265|1304
|player|p2|Stalphyr|169|1226
|gen|9
|tier|[Gen 9] OU
|rated|
|rule|HP Percentage Mod: HP is shown in percentages
|rule|Endless Battle Clause: Forcing endless battles is banned
|rule|Species Clause: Limit one of each Pokémon
|rule|OHKO Clause: OHKO moves are banned
|rule|Evasion Items Clause: Evasion items are banned
|rule|Evasion Moves Clause: Evasion moves are banned
|rule|Evasion Abilities Clause: Evasion abilities are banned
|rule|Sleep Moves Clause: Sleep-inducing moves are banned
|clearpoke
|poke|p1|Araquanid, F|
|poke|p1|Darkrai|
|poke|p1|Garchomp, F|
|poke|p1|Primarina, M|
|poke|p1|Breloom, F|
|poke|p1|Oricorio-Pom-Pom, F|
|poke|p2|Golurk|
|poke|p2|Ursaluna, M|
|poke|p2|Iron Moth|
|poke|p2|Kyurem|
|poke|p2|Scizor, M|
|poke|p2|Iron Jugulis|
|teampreview
|inactive|Battle timer is ON: inactive players will automatically lose when time's up. (requested by Stalphyr)
|inactive|homerac has 120 seconds left.
|
|t:|1760453352
|teamsize|p1|6
|teamsize|p2|6
|start
|switch|p1a: Breloom|Breloom, F|100/100
|switch|p2a: Scizor|Scizor, M|100/100
|turn|1
|
|t:|1760453359
|switch|p1a: Garchomp|Garchomp, F|100/100
|move|p2a: Scizor|Dual Wingbeat|p1a: Garchomp
|-crit|p1a: Garchomp
|-damage|p1a: Garchomp|67/100
|-damage|p2a: Scizor|88/100|[from] ability: Rough Skin|[of] p1a: Garchomp
|-damage|p2a: Scizor|72/100|[from] item: Rocky Helmet|[of] p1a: Garchomp
|-damage|p1a: Garchomp|45/100
|-damage|p2a: Scizor|59/100|[from] ability: Rough Skin|[of] p1a: Garchomp
|-damage|p2a: Scizor|43/100|[from] item: Rocky Helmet|[of] p1a: Garchomp
|-hitcount|p1a: Garchomp|2
|
|upkeep
|turn|2
|
|t:|1760453379
|switch|p2a: Golurk|Golurk, shiny|100/100
|move|p1a: Garchomp|Stealth Rock|p2a: Golurk
|-sidestart|p2: Stalphyr|move: Stealth Rock
|
|upkeep
|turn|3
|
|t:|1760453398
|switch|p1a: Oricorio|Oricorio-Pom-Pom, F|100/100
|move|p2a: Golurk|Poltergeist|p1a: Oricorio
|-activate|p1a: Oricorio|move: Poltergeist|Heavy-Duty Boots
|-damage|p1a: Oricorio|0 fnt
|faint|p1a: Oricorio
|
|upkeep
|
|t:|1760453405
|switch|p1a: Breloom|Breloom, F|100/100
|turn|4
|
|t:|1760453416
|move|p1a: Breloom|Bullet Seed|p2a: Golurk
|-supereffective|p2a: Golurk
|-damage|p2a: Golurk|58/100
|-supereffective|p2a: Golurk
|-damage|p2a: Golurk|13/100
|-supereffective|p2a: Golurk
|-damage|p2a: Golurk|0 fnt
|faint|p2a: Golurk
|-hitcount|p2: Golurk|3
|
|upkeep
|
|t:|1760453418
|switch|p2a: Scizor|Scizor, M|43/100
|-damage|p2a: Scizor|31/100|[from] Stealth Rock
|turn|5
|
|t:|1760453428
|move|p1a: Breloom|Mach Punch|p2a: Scizor
|-damage|p2a: Scizor|0 fnt
|faint|p2a: Scizor
|
|upkeep
|
|t:|1760453436
|switch|p2a: Ursaluna|Ursaluna, M|100/100
|-damage|p2a: Ursaluna|94/100|[from] Stealth Rock
|turn|6
|
|t:|1760453440
|move|p1a: Breloom|Bullet Seed|p2a: Ursaluna
|-supereffective|p2a: Ursaluna
|-damage|p2a: Ursaluna|65/100
|-supereffective|p2a: Ursaluna
|-damage|p2a: Ursaluna|35/100
|-supereffective|p2a: Ursaluna
|-damage|p2a: Ursaluna|4/100
|-supereffective|p2a: Ursaluna
|-damage|p2a: Ursaluna|0 fnt
|faint|p2a: Ursaluna
|-hitcount|p2: Ursaluna|4
|
|upkeep
|
|t:|1760453443
|switch|p2a: Iron Jugulis|Iron Jugulis|100/100
|-damage|p2a: Iron Jugulis|76/100|[from] Stealth Rock
|turn|7
|
|t:|1760453457
|switch|p1a: Garchomp|Garchomp, F|45/100
|move|p2a: Iron Jugulis|Air Slash|p1a: Garchomp
|-damage|p1a: Garchomp|0 fnt
|faint|p1a: Garchomp
|
|upkeep
|
|t:|1760453463
|switch|p1a: Primarina|Primarina, M|100/100
|turn|8
|
|t:|1760453469
|move|p2a: Iron Jugulis|Meteor Beam||[still]
|-prepare|p2a: Iron Jugulis|Meteor Beam
|-boost|p2a: Iron Jugulis|spa|1
|-enditem|p2a: Iron Jugulis|Power Herb
|-anim|p2a: Iron Jugulis|Meteor Beam|p1a: Primarina
|-damage|p1a: Primarina|70/100
|move|p1a: Primarina|Moonblast|p2a: Iron Jugulis
|-supereffective|p2a: Iron Jugulis
|-damage|p2a: Iron Jugulis|0 fnt
|faint|p2a: Iron Jugulis
|-end|p2a: Iron Jugulis|Quark Drive|[silent]
|
|upkeep
|
|t:|1760453473
|switch|p2a: Iron Moth|Iron Moth|100/100
|-damage|p2a: Iron Moth|76/100|[from] Stealth Rock
|-enditem|p2a: Iron Moth|Booster Energy
|-activate|p2a: Iron Moth|ability: Quark Drive|[fromitem]
|-start|p2a: Iron Moth|quarkdrivespa
|turn|9
|inactive|homerac has 120 seconds left.
|
|t:|1760453504
|move|p2a: Iron Moth|Sludge Wave|p1a: Primarina
|-supereffective|p1a: Primarina
|-damage|p1a: Primarina|0 fnt
|faint|p1a: Primarina
|
|upkeep
|
|t:|1760453508
|switch|p1a: Araquanid|Araquanid, F|100/100
|turn|10
|
|t:|1760453517
|move|p2a: Iron Moth|Fiery Dance|p1a: Araquanid
|-damage|p1a: Araquanid|76/100
|move|p1a: Araquanid|Liquidation|p2a: Iron Moth
|-supereffective|p2a: Iron Moth
|-damage|p2a: Iron Moth|0 fnt
|faint|p2a: Iron Moth
|-end|p2a: Iron Moth|Quark Drive|[silent]
|
|-heal|p1a: Araquanid|83/100|[from] item: Leftovers
|upkeep
|
|t:|1760453520
|switch|p2a: Kyurem|Kyurem|100/100
|-damage|p2a: Kyurem|76/100|[from] Stealth Rock
|-ability|p2a: Kyurem|Pressure
|turn|11
|
|t:|1760453529
|move|p2a: Kyurem|Dragon Dance|p2a: Kyurem
|-boost|p2a: Kyurem|atk|1
|-boost|p2a: Kyurem|spe|1
|move|p1a: Araquanid|Mirror Coat||[still]
|-fail|p1a: Araquanid
|
|-heal|p1a: Araquanid|89/100|[from] item: Leftovers
|upkeep
|turn|12
|
|t:|1760453535
|move|p2a: Kyurem|Scale Shot|p1a: Araquanid
|-damage|p1a: Araquanid|59/100
|-damage|p1a: Araquanid|28/100
|-damage|p1a: Araquanid|0 fnt
|faint|p1a: Araquanid
|-hitcount|p1: Araquanid|3
|-unboost|p2a: Kyurem|def|1
|-boost|p2a: Kyurem|spe|1
|
|upkeep
|
|t:|1760453544
|switch|p1a: Breloom|Breloom, F|100/100
|turn|13
|
|t:|1760453551
|switch|p1a: Darkrai|Darkrai|100/100
|-terastallize|p2a: Kyurem|Fire
|move|p2a: Kyurem|Icicle Spear|p1a: Darkrai
|-damage|p1a: Darkrai|71/100
|-damage|p1a: Darkrai|42/100
|-damage|p1a: Darkrai|15/100
|-damage|p1a: Darkrai|0 fnt
|faint|p1a: Darkrai
|-hitcount|p1: Darkrai|4
|
|upkeep
|
|t:|1760453561
|switch|p1a: Breloom|Breloom, F|100/100
|turn|14
|
|t:|1760453565
|move|p1a: Breloom|Mach Punch|p2a: Kyurem
|-damage|p2a: Kyurem|25/100
|move|p2a: Kyurem|Icicle Spear|p1a: Breloom
|-supereffective|p1a: Breloom
|-damage|p1a: Breloom|29/100
|-supereffective|p1a: Breloom
|-damage|p1a: Breloom|0 fnt
|faint|p1a: Breloom
|-hitcount|p1: Breloom|2
|
|win|Stalphyr
|raw|homerac's rating: 1304 &rarr; <strong>1280</strong><br />(-24 for losing)
|raw|Stalphyr's rating: 1226 &rarr; <strong>1257</strong><br />(+31 for winning)
|l|☆homerac
|player|p1|
|l|☆Stalphyr
|player|p2|
