|j|☆sirglizzi
|j|☆sublimest tobias
|t:|1760364890
|gametype|singles
|player|p1|sirglizzi|lance|1274
|player|p2|sublimest tobias|volkner-masters|1289
|gen|9
|tier|[Gen 9] OU
|rated|
|rule|HP Percentage Mod: HP is shown in percentages
|rule|Endless Battle Clause: Forcing endless battles is banned
|rule|Species Clause: Limit one of each Pokémon
|rule|OHKO Clause: OHKO moves are banned
|rule|Evasion Items Clause: Evasion items are banned
|rule|Evasion Moves Clause: Evasion moves are banned
|rule|Evasion Abilities Clause: Evasion abilities are banned
|rule|Sleep Moves Clause: Sleep-inducing moves are banned
|clearpoke
|poke|p1|Tyranitar, F|
|poke|p1|Excadrill, F|
|poke|p1|Garchomp, F|
|poke|p1|Heatran, M|
|poke|p1|Vaporeon, M|
|poke|p1|Moltres|
|poke|p2|Tyranitar, M|
|poke|p2|Gholdengo|
|poke|p2|Zamazenta-*|
|poke|p2|Rillaboom, M|
|poke|p2|Garchomp, F|
|poke|p2|Noivern, F|
|teampreview
|inactive|Battle timer is ON: inactive players will automatically lose when time's up. (requested by sirglizzi)
|
|t:|1760364895
|teamsize|p1|6
|teamsize|p2|6
|start
|switch|p1a: Vaporeon|Vaporeon, M, shiny|100/100
|switch|p2a: Noivern|Noivern, F|100/100
|-item|p1a: Vaporeon|Leftovers|[from] ability: Frisk|[of] p2a: Noivern
|turn|1
|
|t:|1760364900
|move|p2a: Noivern|Taunt|p1a: Vaporeon
|-start|p1a: Vaporeon|move: Taunt
|move|p1a: Vaporeon|Ice Beam|p2a: Noivern
|-supereffective|p2a: Noivern
|-damage|p2a: Noivern|1/100
|
|upkeep
|turn|2
|
|t:|1760364906
|move|p2a: Noivern|U-turn|p1a: Vaporeon
|-damage|p1a: Vaporeon|89/100
|
|t:|1760364907
|switch|p2a: Tyranitar|Tyranitar, M|100/100|[from] U-turn
|-weather|Sandstorm|[from] ability: Sand Stream|[of] p2a: Tyranitar
|move|p1a: Vaporeon|Ice Beam|p2a: Tyranitar
|-damage|p2a: Tyranitar|91/100
|
|-weather|Sandstorm|[upkeep]
|-damage|p1a: Vaporeon|82/100|[from] Sandstorm
|-heal|p1a: Vaporeon|89/100|[from] item: Leftovers
|upkeep
|turn|3
|
|t:|1760364917
|switch|p1a: Moltres|Moltres|100/100
|move|p2a: Tyranitar|Knock Off|p1a: Moltres
|-damage|p1a: Moltres|65/100
|-status|p2a: Tyranitar|brn|[from] ability: Flame Body|[of] p1a: Moltres
|-enditem|p1a: Moltres|Leftovers|[from] move: Knock Off|[of] p2a: Tyranitar
|
|-weather|Sandstorm|[upkeep]
|-damage|p1a: Moltres|59/100|[from] Sandstorm
|-damage|p2a: Tyranitar|85/100 brn|[from] brn
|upkeep
|turn|4
|
|t:|1760364925
|move|p2a: Tyranitar|Stone Edge|p1a: Moltres|[miss]
|-miss|p2a: Tyranitar|p1a: Moltres
|move|p1a: Moltres|Roost|p1a: Moltres
|-heal|p1a: Moltres|100/100
|-singleturn|p1a: Moltres|move: Roost
|
|-weather|Sandstorm|[upkeep]
|-damage|p1a: Moltres|94/100|[from] Sandstorm
|-damage|p2a: Tyranitar|79/100 brn|[from] brn
|upkeep
|turn|5
|
|t:|1760364927
|move|p2a: Tyranitar|Stone Edge|p1a: Moltres
|-supereffective|p1a: Moltres
|-damage|p1a: Moltres|18/100
|move|p1a: Moltres|U-turn|p2a: Tyranitar
|-supereffective|p2a: Tyranitar
|-damage|p2a: Tyranitar|53/100 brn
|
|t:|1760364932
|switch|p1a: Excadrill|Excadrill, F|100/100|[from] U-turn
|-item|p1a: Excadrill|Air Balloon
|
|-weather|Sandstorm|[upkeep]
|-damage|p2a: Tyranitar|47/100 brn|[from] brn
|upkeep
|turn|6
|
|t:|1760364938
|switch|p2a: Noivern|Noivern, F|1/100
|-item|p1a: Excadrill|Air Balloon|[from] ability: Frisk|[of] p2a: Noivern
|move|p1a: Excadrill|Earthquake|p2a: Noivern
|-immune|p2a: Noivern
|
|-weather|none
|upkeep
|turn|7
|
|t:|1760364951
|move|p2a: Noivern|Tailwind|p2a: Noivern
|-sidestart|p2: sublimest tobias|move: Tailwind
|move|p1a: Excadrill|Rapid Spin|p2a: Noivern
|-damage|p2a: Noivern|0 fnt
|-boost|p1a: Excadrill|spe|1
|faint|p2a: Noivern
|
|upkeep
|
|t:|1760364966
|switch|p2a: Rillaboom|Rillaboom, M|100/100
|-fieldstart|move: Grassy Terrain|[from] ability: Grassy Surge|[of] p2a: Rillaboom
|turn|8
|
|t:|1760364971
|switch|p1a: Moltres|Moltres|18/100
|move|p2a: Rillaboom|Wood Hammer|p1a: Moltres
|-resisted|p1a: Moltres
|-damage|p1a: Moltres|0 fnt
|faint|p1a: Moltres
|-damage|p2a: Rillaboom|94/100|[from] Recoil
|-damage|p2a: Rillaboom|84/100|[from] item: Life Orb
|
|-heal|p2a: Rillaboom|90/100|[from] Grassy Terrain
|upkeep
|
|t:|1760364982
|switch|p1a: Heatran|Heatran, M|100/100
|turn|9
|
|t:|1760364987
|switch|p2a: Garchomp|Garchomp, F|100/100
|move|p1a: Heatran|Will-O-Wisp|p2a: Garchomp
|-status|p2a: Garchomp|brn
|
|-damage|p2a: Garchomp|94/100 brn|[from] brn
|upkeep
|turn|10
|
|t:|1760364990
|move|p2a: Garchomp|Earthquake|p1a: Heatran
|-supereffective|p1a: Heatran
|-crit|p1a: Heatran
|-enditem|p1a: Heatran|Shuca Berry|[eat]
|-enditem|p1a: Heatran|Shuca Berry|[weaken]
|-damage|p1a: Heatran|70/100
|move|p1a: Heatran|Stealth Rock|p2a: Garchomp
|-sidestart|p2: sublimest tobias|move: Stealth Rock
|
|-heal|p2a: Garchomp|100/100 brn|[from] Grassy Terrain
|-heal|p1a: Heatran|76/100|[from] Grassy Terrain
|-damage|p2a: Garchomp|94/100 brn|[from] brn
|-sideend|p2: sublimest tobias|move: Tailwind
|upkeep
|turn|11
|
|t:|1760365000
|switch|p1a: Vaporeon|Vaporeon, M, shiny|89/100
|move|p2a: Garchomp|Stealth Rock|p1a: Vaporeon
|-sidestart|p1: sirglizzi|move: Stealth Rock
|
|-heal|p2a: Garchomp|100/100 brn|[from] Grassy Terrain
|-heal|p1a: Vaporeon|95/100|[from] Grassy Terrain
|-heal|p1a: Vaporeon|100/100|[from] item: Leftovers
|-damage|p2a: Garchomp|94/100 brn|[from] brn
|upkeep
|turn|12
|
|t:|1760365002
|move|p2a: Garchomp|Spikes|p1a: Vaporeon
|-sidestart|p1: sirglizzi|Spikes
|move|p1a: Vaporeon|Ice Beam|p2a: Garchomp
|-supereffective|p2a: Garchomp
|-damage|p2a: Garchomp|5/100 brn
|
|-heal|p2a: Garchomp|11/100 brn|[from] Grassy Terrain
|-damage|p2a: Garchomp|5/100 brn|[from] brn
|-fieldend|move: Grassy Terrain
|upkeep
|turn|13
|
|t:|1760365005
|move|p2a: Garchomp|Spikes|p1a: Vaporeon
|-sidestart|p1: sirglizzi|Spikes
|move|p1a: Vaporeon|Whirlpool|p2a: Garchomp|[miss]
|-miss|p1a: Vaporeon|p2a: Garchomp
|
|-damage|p2a: Garchomp|0 fnt|[from] brn
|faint|p2a: Garchomp
|upkeep
|
|t:|1760365009
|switch|p2a: Rillaboom|Rillaboom, M|90/100
|-damage|p2a: Rillaboom|78/100|[from] Stealth Rock
|-fieldstart|move: Grassy Terrain|[from] ability: Grassy Surge|[of] p2a: Rillaboom
|turn|14
|
|t:|1760365016
|-terastallize|p1a: Vaporeon|Steel
|move|p2a: Rillaboom|Wood Hammer|p1a: Vaporeon
|-resisted|p1a: Vaporeon
|-damage|p1a: Vaporeon|40/100
|-damage|p2a: Rillaboom|51/100|[from] Recoil
|-damage|p2a: Rillaboom|41/100|[from] item: Life Orb
|move|p1a: Vaporeon|Whirlpool|p2a: Rillaboom
|-resisted|p2a: Rillaboom
|-damage|p2a: Rillaboom|31/100
|-activate|p2a: Rillaboom|move: Whirlpool|[of] p1a: Vaporeon
|
|-heal|p2a: Rillaboom|38/100|[from] Grassy Terrain
|-heal|p1a: Vaporeon|46/100|[from] Grassy Terrain
|-heal|p1a: Vaporeon|52/100|[from] item: Leftovers
|-damage|p2a: Rillaboom|25/100|[from] move: Whirlpool|[partiallytrapped]
|upkeep
|turn|15
|
|t:|1760365025
|move|p2a: Rillaboom|U-turn|p1a: Vaporeon
|-resisted|p1a: Vaporeon
|-crit|p1a: Vaporeon
|-damage|p1a: Vaporeon|24/100
|-damage|p2a: Rillaboom|15/100|[from] item: Life Orb
|
|t:|1760365028
|switch|p2a: Tyranitar|Tyranitar, M|47/100 brn|[from] U-turn
|-damage|p2a: Tyranitar|34/100 brn|[from] Stealth Rock
|-weather|Sandstorm|[from] ability: Sand Stream|[of] p2a: Tyranitar
|move|p1a: Vaporeon|Wish|p1a: Vaporeon
|
|-weather|Sandstorm|[upkeep]
|-heal|p2a: Tyranitar|40/100 brn|[from] Grassy Terrain
|-heal|p1a: Vaporeon|30/100|[from] Grassy Terrain
|-heal|p1a: Vaporeon|36/100|[from] item: Leftovers
|-damage|p2a: Tyranitar|34/100 brn|[from] brn
|upkeep
|turn|16
|
|t:|1760365037
|move|p2a: Tyranitar|Knock Off|p1a: Vaporeon
|-damage|p1a: Vaporeon|8/100
|-enditem|p1a: Vaporeon|Leftovers|[from] move: Knock Off|[of] p2a: Tyranitar
|move|p1a: Vaporeon|Whirlpool|p2a: Tyranitar
|-supereffective|p2a: Tyranitar
|-damage|p2a: Tyranitar|22/100 brn
|-activate|p2a: Tyranitar|move: Whirlpool|[of] p1a: Vaporeon
|
|-weather|Sandstorm|[upkeep]
|-heal|p1a: Vaporeon|58/100|[from] move: Wish|[wisher] Vaporeon
|-heal|p2a: Tyranitar|28/100 brn|[from] Grassy Terrain
|-heal|p1a: Vaporeon|65/100|[from] Grassy Terrain
|-damage|p2a: Tyranitar|22/100 brn|[from] brn
|-damage|p2a: Tyranitar|9/100 brn|[from] move: Whirlpool|[partiallytrapped]
|upkeep
|turn|17
|
|t:|1760365058
|switch|p1a: Garchomp|Garchomp, F|100/100
|-damage|p1a: Garchomp|94/100|[from] Stealth Rock
|-damage|p1a: Garchomp|78/100|[from] Spikes
|move|p2a: Tyranitar|Low Kick|p1a: Garchomp
|-damage|p1a: Garchomp|64/100
|-damage|p2a: Tyranitar|0 fnt|[from] ability: Rough Skin|[of] p1a: Garchomp
|faint|p2a: Tyranitar
|
|-weather|Sandstorm|[upkeep]
|-heal|p1a: Garchomp|70/100|[from] Grassy Terrain
|upkeep
|
|t:|1760365074
|switch|p2a: Gholdengo|Gholdengo|100/100
|-damage|p2a: Gholdengo|94/100|[from] Stealth Rock
|-item|p2a: Gholdengo|Air Balloon
|turn|18
|
|t:|1760365078
|move|p1a: Garchomp|Fire Fang|p2a: Gholdengo
|-supereffective|p2a: Gholdengo
|-damage|p2a: Gholdengo|65/100
|-enditem|p2a: Gholdengo|Air Balloon
|move|p2a: Gholdengo|Make It Rain|p1a: Garchomp
|-damage|p1a: Garchomp|11/100
|-unboost|p2a: Gholdengo|spa|1
|
|-weather|Sandstorm|[upkeep]
|-heal|p1a: Garchomp|17/100|[from] Grassy Terrain
|-heal|p2a: Gholdengo|71/100|[from] Grassy Terrain
|-fieldend|move: Grassy Terrain
|upkeep
|turn|19
|
|t:|1760365083
|move|p1a: Garchomp|Earthquake|p2a: Gholdengo
|-supereffective|p2a: Gholdengo
|-damage|p2a: Gholdengo|3/100
|move|p2a: Gholdengo|Hex|p1a: Garchomp
|-damage|p1a: Garchomp|0 fnt
|faint|p1a: Garchomp
|
|-weather|none
|upkeep
|
|t:|1760365096
|switch|p1a: Heatran|Heatran, M|76/100
|-damage|p1a: Heatran|64/100|[from] Stealth Rock
|-damage|p1a: Heatran|47/100|[from] Spikes
|turn|20
|
|t:|1760365100
|move|p2a: Gholdengo|Hex|p1a: Heatran
|-damage|p1a: Heatran|35/100
|move|p1a: Heatran|Earth Power|p2a: Gholdengo
|-supereffective|p2a: Gholdengo
|-damage|p2a: Gholdengo|0 fnt
|faint|p2a: Gholdengo
|
|upkeep
|
|t:|1760365104
|switch|p2a: Zamazenta|Zamazenta|100/100
|-damage|p2a: Zamazenta|94/100|[from] Stealth Rock
|-ability|p2a: Zamazenta|Dauntless Shield|boost
|-boost|p2a: Zamazenta|def|1
|turn|21
|
|t:|1760365108
|move|p2a: Zamazenta|Close Combat|p1a: Heatran
|-supereffective|p1a: Heatran
|-damage|p1a: Heatran|0 fnt
|-unboost|p2a: Zamazenta|def|1
|-unboost|p2a: Zamazenta|spd|1
|-status|p2a: Zamazenta|brn|[from] ability: Flame Body|[of] p1a: Heatran
|faint|p1a: Heatran
|
|-heal|p2a: Zamazenta|100/100 brn|[from] item: Leftovers
|-damage|p2a: Zamazenta|94/100 brn|[from] brn
|upkeep
|
|t:|1760365120
|switch|p1a: Excadrill|Excadrill, F|100/100
|-damage|p1a: Excadrill|97/100|[from] Stealth Rock
|-item|p1a: Excadrill|Air Balloon
|turn|22
|
|t:|1760365124
|move|p2a: Zamazenta|Close Combat|p1a: Excadrill
|-supereffective|p1a: Excadrill
|-damage|p1a: Excadrill|13/100
|-unboost|p2a: Zamazenta|def|1
|-unboost|p2a: Zamazenta|spd|1
|-enditem|p1a: Excadrill|Air Balloon
|move|p1a: Excadrill|Rapid Spin|p2a: Zamazenta
|-damage|p2a: Zamazenta|66/100 brn
|-boost|p1a: Excadrill|spe|1
|-sideend|p1: sirglizzi|Spikes|[from] move: Rapid Spin|[of] p1a: Excadrill
|-sideend|p1: sirglizzi|Stealth Rock|[from] move: Rapid Spin|[of] p1a: Excadrill
|
|-heal|p2a: Zamazenta|72/100 brn|[from] item: Leftovers
|-damage|p2a: Zamazenta|66/100 brn|[from] brn
|upkeep
|turn|23
|
|t:|1760365131
|move|p2a: Zamazenta|Close Combat|p1a: Excadrill
|-supereffective|p1a: Excadrill
|-damage|p1a: Excadrill|0 fnt
|-unboost|p2a: Zamazenta|def|1
|-unboost|p2a: Zamazenta|spd|1
|faint|p1a: Excadrill
|
|-heal|p2a: Zamazenta|72/100 brn|[from] item: Leftovers
|-damage|p2a: Zamazenta|66/100 brn|[from] brn
|upkeep
|
|t:|1760365141
|switch|p1a: Vaporeon|Vaporeon, M, shiny, tera:Steel|65/100
|turn|24
|
|t:|1760365145
|switch|p2a: Rillaboom|Rillaboom, M|15/100
|-damage|p2a: Rillaboom|3/100|[from] Stealth Rock
|-fieldstart|move: Grassy Terrain|[from] ability: Grassy Surge|[of] p2a: Rillaboom
|move|p1a: Vaporeon|Whirlpool|p2a: Rillaboom|[miss]
|-miss|p1a: Vaporeon|p2a: Rillaboom
|
|-heal|p2a: Rillaboom|9/100|[from] Grassy Terrain
|-heal|p1a: Vaporeon|71/100|[from] Grassy Terrain
|upkeep
|turn|25
|
|t:|1760365155
|move|p2a: Rillaboom|Wood Hammer|p1a: Vaporeon
|-resisted|p1a: Vaporeon
|-damage|p1a: Vaporeon|7/100
|-damage|p2a: Rillaboom|0 fnt|[from] Recoil
|faint|p2a: Rillaboom
|move|p1a: Vaporeon|Ice Beam|p2: Rillaboom|[notarget]
|-fail|p1a: Vaporeon
|
|-heal|p1a: Vaporeon|13/100|[from] Grassy Terrain
|upkeep
|
|t:|1760365158
|switch|p2a: Zamazenta|Zamazenta|66/100 brn
|-damage|p2a: Zamazenta|60/100 brn|[from] Stealth Rock
|turn|26
|
|t:|1760365165
|move|p2a: Zamazenta|Close Combat|p1a: Vaporeon
|-supereffective|p1a: Vaporeon
|-damage|p1a: Vaporeon|0 fnt
|-unboost|p2a: Zamazenta|def|1
|-unboost|p2a: Zamazenta|spd|1
|faint|p1a: Vaporeon
|
|-heal|p2a: Zamazenta|66/100 brn|[from] Grassy Terrain
|-heal|p2a: Zamazenta|72/100 brn|[from] item: Leftovers
|-damage|p2a: Zamazenta|66/100 brn|[from] brn
|upkeep
|
|t:|1760365167
|switch|p1a: Tyranitar|Tyranitar, F|100/100
|-weather|Sandstorm|[from] ability: Sand Stream|[of] p1a: Tyranitar
|turn|27
|
|t:|1760365177
|move|p2a: Zamazenta|Close Combat|p1a: Tyranitar
|-supereffective|p1a: Tyranitar
|-damage|p1a: Tyranitar|2/100
|-unboost|p2a: Zamazenta|def|1
|-unboost|p2a: Zamazenta|spd|1
|move|p1a: Tyranitar|Stone Edge|p2a: Zamazenta
|-resisted|p2a: Zamazenta
|-crit|p2a: Zamazenta
|-damage|p2a: Zamazenta|0 fnt
|faint|p2a: Zamazenta
|
|win|sirglizzi
|raw|sirglizzi's rating: 1274 &rarr; <strong>1300</strong><br />(+26 for winning)
|raw|sublimest tobias's rating: 1289 &rarr; <strong>1263</strong><br />(-26 for losing)
|l|☆sublimest tobias
|player|p2|
|l|☆sirglizzi
|player|p1|
