|j|☆t-rectodacryl
|j|☆RNG Savage
|t:|1760384197
|gametype|singles
|player|p1|t-rectodacryl|170|1283
|player|p2|RNG Savage|giovanni-gen3|1382
|gen|9
|tier|[Gen 9] OU
|rated|
|rule|HP Percentage Mod: HP is shown in percentages
|rule|Endless Battle Clause: Forcing endless battles is banned
|rule|Species Clause: Limit one of each Pokémon
|rule|OHKO Clause: OHKO moves are banned
|rule|Evasion Items Clause: Evasion items are banned
|rule|Evasion Moves Clause: Evasion moves are banned
|rule|Evasion Abilities Clause: Evasion abilities are banned
|rule|Sleep Moves Clause: Sleep-inducing moves are banned
|clearpoke
|poke|p1|Glimmora, M|
|poke|p1|Slowking-Galar, F|
|poke|p1|Raging Bolt|
|poke|p1|Dragapult, M|
|poke|p1|Alomomola, F|
|poke|p1|Crabominable, F|
|poke|p2|Samurott-Hisui, M|
|poke|p2|Kleavor, M|
|poke|p2|Gallade, M|
|poke|p2|Latias, F|
|poke|p2|Scizor, F|
|poke|p2|Weavile, M|
|teampreview
|inactive|Battle timer is ON: inactive players will automatically lose when time's up. (requested by t-rectodacryl)
|
|t:|1760384208
|teamsize|p1|6
|teamsize|p2|6
|start
|switch|p1a: Dragapult|Dragapult, M|100/100
|switch|p2a: Kleavor|Kleavor, M|100/100
|turn|1
|
|t:|1760384214
|move|p1a: Dragapult|Dragon Darts|p2a: Kleavor
|-damage|p2a: Kleavor|67/100
|-anim|p1a: Dragapult|Dragon Darts|p2a: Kleavor
|-damage|p2a: Kleavor|35/100
|move|p2a: Kleavor|Stone Axe|p1a: Dragapult
|-damage|p1a: Dragapult|38/100
|-sidestart|p1: t-rectodacryl|move: Stealth Rock
|
|upkeep
|turn|2
|
|t:|1760384222
|move|p1a: Dragapult|Dragon Darts|p2a: Kleavor
|-damage|p2a: Kleavor|3/100
|-anim|p1a: Dragapult|Dragon Darts|p2a: Kleavor
|-damage|p2a: Kleavor|0 fnt
|faint|p2a: Kleavor
|
|upkeep
|
|t:|1760384226
|switch|p2a: Samurott|Samurott-Hisui, M|100/100
|turn|3
|
|t:|1760384231
|switch|p1a: Glimmora|Glimmora, M|100/100
|-damage|p1a: Glimmora|88/100|[from] Stealth Rock
|move|p2a: Samurott|Ceaseless Edge|p1a: Glimmora
|-damage|p1a: Glimmora|32/100
|-activate|p1a: Glimmora|ability: Toxic Debris
|-sidestart|p2: RNG Savage|move: Toxic Spikes
|-sidestart|p1: t-rectodacryl|Spikes
|
|upkeep
|turn|4
|
|t:|1760384241
|move|p2a: Samurott|Sucker Punch|p1a: Glimmora
|-damage|p1a: Glimmora|0 fnt
|-activate|p1a: Glimmora|ability: Toxic Debris
|-sidestart|p2: RNG Savage|move: Toxic Spikes
|faint|p1a: Glimmora
|
|upkeep
|
|t:|1760384247
|switch|p1a: Crabominable|Crabominable, F, shiny|100/100
|-damage|p1a: Crabominable|88/100|[from] Stealth Rock
|-damage|p1a: Crabominable|76/100|[from] Spikes
|turn|5
|
|t:|1760384254
|move|p2a: Samurott|Razor Shell|p1a: Crabominable
|-damage|p1a: Crabominable|16/100
|-unboost|p1a: Crabominable|def|1
|move|p1a: Crabominable|Drain Punch|p2a: Samurott
|-supereffective|p2a: Samurott
|-damage|p2a: Samurott|0 fnt
|-heal|p1a: Crabominable|64/100|[from] drain|[of] p2a: Samurott
|faint|p2a: Samurott
|
|upkeep
|
|t:|1760384267
|switch|p2a: Scizor|Scizor, F, shiny|100/100
|turn|6
|
|t:|1760384272
|move|p2a: Scizor|Swords Dance|p2a: Scizor
|-boost|p2a: Scizor|atk|2
|move|p1a: Crabominable|Crabhammer|p2a: Scizor
|-damage|p2a: Scizor|69/100
|
|upkeep
|turn|7
|
|t:|1760384278
|move|p2a: Scizor|Bullet Punch|p1a: Crabominable
|-supereffective|p1a: Crabominable
|-damage|p1a: Crabominable|0 fnt
|faint|p1a: Crabominable
|
|upkeep
|
|t:|1760384283
|switch|p1a: Slowking|Slowking-Galar, F|100/100
|-damage|p1a: Slowking|88/100|[from] Stealth Rock
|-damage|p1a: Slowking|76/100|[from] Spikes
|turn|8
|
|t:|1760384289
|move|p2a: Scizor|Knock Off|p1a: Slowking
|-supereffective|p1a: Slowking
|-damage|p1a: Slowking|0 fnt
|-damage|p2a: Scizor|52/100|[from] item: Rocky Helmet|[of] p1a: Slowking
|-enditem|p1a: Slowking|Rocky Helmet|[from] move: Knock Off|[of] p2a: Scizor
|faint|p1a: Slowking
|
|upkeep
|-message|t-rectodacryl forfeited.
|
|win|RNG Savage
|raw|t-rectodacryl's rating: 1283 &rarr; <strong>1265</strong><br />(-18 for losing)
|raw|RNG Savage's rating: 1382 &rarr; <strong>1396</strong><br />(+14 for winning)
|l|☆t-rectodacryl
|player|p1|
|l|☆RNG Savage
|player|p2|
