|j|☆LLBattler
|j|☆pokplayer123
|t:|1760417957
|gametype|singles
|player|p1|LLBattler|2|1103
|player|p2|pokplayer123|lance|1072
|gen|9
|tier|[Gen 9] OU
|rated|
|rule|HP Percentage Mod: HP is shown in percentages
|rule|Endless Battle Clause: Forcing endless battles is banned
|rule|Species Clause: Limit one of each Pokémon
|rule|OHKO Clause: OHKO moves are banned
|rule|Evasion Items Clause: Evasion items are banned
|rule|Evasion Moves Clause: Evasion moves are banned
|rule|Evasion Abilities Clause: Evasion abilities are banned
|rule|Sleep Moves Clause: Sleep-inducing moves are banned
|clearpoke
|poke|p1|Garganacl, F|
|poke|p1|Dragapult, F|
|poke|p1|Ogerpon-Wellspring, F|
|poke|p1|Moltres|
|poke|p1|Zamazenta-*|
|poke|p1|Iron Treads|
|poke|p2|Excadrill, F|
|poke|p2|Vikavolt, M|
|poke|p2|Ninetales-Alola, M|
|poke|p2|Necrozma|
|poke|p2|Basculegion-F, F|
|poke|p2|Kingambit, F|
|teampreview
|inactive|Battle timer is ON: inactive players will automatically lose when time's up. (requested by pokplayer123)
|
|t:|1760417979
|teamsize|p1|6
|teamsize|p2|6
|start
|switch|p1a: Dragapult|Dragapult, F|100/100
|switch|p2a: Vikavolt|Vikavolt, M|100/100
|turn|1
|
|t:|1760417988
|move|p1a: Dragapult|Will-O-Wisp|p2a: Vikavolt
|-status|p2a: Vikavolt|brn
|move|p2a: Vikavolt|Sticky Web|p1a: Dragapult
|-sidestart|p1: LLBattler|move: Sticky Web
|
|-damage|p2a: Vikavolt|94/100 brn|[from] brn
|upkeep
|turn|2
|
|t:|1760418004
|move|p1a: Dragapult|Hex|p2a: Vikavolt
|-damage|p2a: Vikavolt|21/100 brn
|move|p2a: Vikavolt|Discharge|p1a: Dragapult
|-resisted|p1a: Dragapult
|-damage|p1a: Dragapult|75/100
|
|-damage|p2a: Vikavolt|15/100 brn|[from] brn
|upkeep
|turn|3
|
|t:|1760418013
|move|p1a: Dragapult|Hex|p2a: Vikavolt
|-damage|p2a: Vikavolt|0 fnt
|faint|p2a: Vikavolt
|
|upkeep
|
|t:|1760418017
|switch|p2a: Basculegion|Basculegion-F, F|100/100
|turn|4
|
|t:|1760418028
|move|p1a: Dragapult|U-turn|p2a: Basculegion
|-resisted|p2a: Basculegion
|-damage|p2a: Basculegion|89/100
|
|t:|1760418035
|switch|p1a: Iron Treads|Iron Treads|100/100|[from] U-turn
|-activate|p1a: Iron Treads|move: Sticky Web
|-unboost|p1a: Iron Treads|spe|1
|move|p2a: Basculegion|Crunch|p1a: Iron Treads
|-damage|p1a: Iron Treads|76/100
|
|-heal|p1a: Iron Treads|82/100|[from] item: Leftovers
|upkeep
|turn|5
|
|t:|1760418046
|switch|p2a: Excadrill|Excadrill, F, shiny|100/100
|-ability|p2a: Excadrill|Mold Breaker
|-terastallize|p1a: Iron Treads|Dark
|move|p1a: Iron Treads|Rapid Spin|p2a: Excadrill
|-resisted|p2a: Excadrill
|-damage|p2a: Excadrill|92/100
|-boost|p1a: Iron Treads|spe|1
|-sideend|p1: LLBattler|Sticky Web|[from] move: Rapid Spin|[of] p1a: Iron Treads
|
|-heal|p1a: Iron Treads|88/100|[from] item: Leftovers
|upkeep
|turn|6
|
|t:|1760418064
|move|p2a: Excadrill|Earthquake|p1a: Iron Treads
|-damage|p1a: Iron Treads|55/100
|move|p1a: Iron Treads|Knock Off|p2a: Excadrill
|-damage|p2a: Excadrill|47/100
|-enditem|p2a: Excadrill|Focus Sash|[from] move: Knock Off|[of] p1a: Iron Treads
|
|-heal|p1a: Iron Treads|62/100|[from] item: Leftovers
|upkeep
|turn|7
|
|t:|1760418073
|move|p2a: Excadrill|Stealth Rock|p1a: Iron Treads
|-sidestart|p1: LLBattler|move: Stealth Rock
|move|p1a: Iron Treads|Knock Off|p2a: Excadrill
|-damage|p2a: Excadrill|14/100
|
|-heal|p1a: Iron Treads|68/100|[from] item: Leftovers
|upkeep
|turn|8
|
|t:|1760418079
|move|p2a: Excadrill|Iron Head|p1a: Iron Treads
|-damage|p1a: Iron Treads|41/100
|move|p1a: Iron Treads|Rapid Spin|p2a: Excadrill
|-resisted|p2a: Excadrill
|-damage|p2a: Excadrill|6/100
|-boost|p1a: Iron Treads|spe|1
|-sideend|p1: LLBattler|Stealth Rock|[from] move: Rapid Spin|[of] p1a: Iron Treads
|
|-heal|p1a: Iron Treads|47/100|[from] item: Leftovers
|upkeep
|turn|9
|
|t:|1760418089
|move|p1a: Iron Treads|Rapid Spin|p2a: Excadrill
|-resisted|p2a: Excadrill
|-damage|p2a: Excadrill|0 fnt
|-boost|p1a: Iron Treads|spe|1
|faint|p2a: Excadrill
|
|-heal|p1a: Iron Treads|53/100|[from] item: Leftovers
|upkeep
|
|t:|1760418096
|switch|p2a: Ninetales|Ninetales-Alola, M, shiny|100/100
|-weather|Snowscape|[from] ability: Snow Warning|[of] p2a: Ninetales
|turn|10
|
|t:|1760418101
|move|p1a: Iron Treads|Knock Off|p2a: Ninetales
|-resisted|p2a: Ninetales
|-damage|p2a: Ninetales|87/100
|-enditem|p2a: Ninetales|Light Clay|[from] move: Knock Off|[of] p1a: Iron Treads
|move|p2a: Ninetales|Aurora Veil|p2a: Ninetales
|-sidestart|p2: pokplayer123|move: Aurora Veil
|
|-weather|Snowscape|[upkeep]
|-heal|p1a: Iron Treads|59/100|[from] item: Leftovers
|upkeep
|turn|11
|
|t:|1760418113
|move|p1a: Iron Treads|Earthquake|p2a: Ninetales
|-damage|p2a: Ninetales|74/100
|move|p2a: Ninetales|Draining Kiss|p1a: Iron Treads
|-supereffective|p1a: Iron Treads
|-damage|p1a: Iron Treads|29/100
|-heal|p2a: Ninetales|100/100|[from] drain|[of] p1a: Iron Treads
|
|-weather|Snowscape|[upkeep]
|-heal|p1a: Iron Treads|35/100|[from] item: Leftovers
|upkeep
|turn|12
|
|t:|1760418122
|-end|p1a: Iron Treads|Quark Drive|[silent]
|switch|p1a: Zamazenta|Zamazenta|100/100
|-ability|p1a: Zamazenta|Dauntless Shield|boost
|-boost|p1a: Zamazenta|def|1
|move|p2a: Ninetales|Blizzard|p1a: Zamazenta
|-damage|p1a: Zamazenta|64/100
|
|-weather|Snowscape|[upkeep]
|upkeep
|turn|13
|
|t:|1760418132
|move|p1a: Zamazenta|Heavy Slam|p2a: Ninetales
|-supereffective|p2a: Ninetales
|-damage|p2a: Ninetales|31/100
|move|p2a: Ninetales|Draining Kiss|p1a: Zamazenta
|-supereffective|p1a: Zamazenta
|-damage|p1a: Zamazenta|27/100
|-heal|p2a: Ninetales|63/100|[from] drain|[of] p1a: Zamazenta
|
|-weather|Snowscape|[upkeep]
|upkeep
|turn|14
|
|t:|1760418142
|switch|p2a: Basculegion|Basculegion-F, F|89/100
|move|p1a: Zamazenta|Heavy Slam|p2a: Basculegion
|-resisted|p2a: Basculegion
|-damage|p2a: Basculegion|84/100
|
|-weather|none
|-sideend|p2: pokplayer123|move: Aurora Veil
|upkeep
|turn|15
|
|t:|1760418156
|move|p1a: Zamazenta|Close Combat|p2a: Basculegion
|-immune|p2a: Basculegion
|move|p2a: Basculegion|Flip Turn|p1a: Zamazenta
|-damage|p1a: Zamazenta|0 fnt
|faint|p1a: Zamazenta
|
|t:|1760418164
|switch|p2a: Ninetales|Ninetales-Alola, M, shiny|63/100|[from] Flip Turn
|-weather|Snowscape|[from] ability: Snow Warning|[of] p2a: Ninetales
|
|-weather|Snowscape|[upkeep]
|upkeep
|
|t:|1760418172
|switch|p1a: Ogerpon|Ogerpon-Wellspring, F|100/100
|turn|16
|
|t:|1760418177
|move|p1a: Ogerpon|Swords Dance|p1a: Ogerpon
|-boost|p1a: Ogerpon|atk|2
|move|p2a: Ninetales|Aurora Veil|p2a: Ninetales
|-sidestart|p2: pokplayer123|move: Aurora Veil
|
|-weather|Snowscape|[upkeep]
|upkeep
|turn|17
|
|t:|1760418183
|move|p1a: Ogerpon|Ivy Cudgel|p2a: Ninetales|[anim] Ivy Cudgel Water
|-damage|p2a: Ninetales|28/100
|move|p2a: Ninetales|Blizzard|p1a: Ogerpon
|-damage|p1a: Ogerpon|59/100
|
|-weather|Snowscape|[upkeep]
|upkeep
|turn|18
|
|t:|1760418189
|move|p1a: Ogerpon|Ivy Cudgel|p2a: Ninetales|[anim] Ivy Cudgel Water
|-damage|p2a: Ninetales|0 fnt
|faint|p2a: Ninetales
|
|-weather|Snowscape|[upkeep]
|upkeep
|
|t:|1760418194
|switch|p2a: Basculegion|Basculegion-F, F|84/100
|turn|19
|
|t:|1760418200
|move|p1a: Ogerpon|Trailblaze|p2a: Basculegion
|-supereffective|p2a: Basculegion
|-damage|p2a: Basculegion|14/100
|-boost|p1a: Ogerpon|spe|1
|move|p2a: Basculegion|Psychic Fangs|p1a: Ogerpon
|-damage|p1a: Ogerpon|19/100
|
|-weather|none
|upkeep
|turn|20
|
|t:|1760418209
|move|p1a: Ogerpon|Trailblaze|p2a: Basculegion
|-supereffective|p2a: Basculegion
|-damage|p2a: Basculegion|0 fnt
|-boost|p1a: Ogerpon|spe|1
|faint|p2a: Basculegion
|
|-sideend|p2: pokplayer123|move: Aurora Veil
|upkeep
|
|t:|1760418215
|switch|p2a: Kingambit|Kingambit, F|100/100
|-activate|p2a: Kingambit|ability: Supreme Overlord
|-start|p2a: Kingambit|fallen4|[silent]
|turn|21
|
|t:|1760418223
|switch|p1a: Moltres|Moltres|100/100
|move|p2a: Kingambit|Sucker Punch||[still]
|-fail|p2a: Kingambit
|
|upkeep
|turn|22
|
|t:|1760418237
|move|p1a: Moltres|Flamethrower|p2a: Kingambit
|-supereffective|p2a: Kingambit
|-damage|p2a: Kingambit|37/100
|move|p2a: Kingambit|Swords Dance|p2a: Kingambit
|-boost|p2a: Kingambit|atk|2
|
|upkeep
|turn|23
|
|t:|1760418244
|move|p2a: Kingambit|Sucker Punch|p1a: Moltres
|-damage|p1a: Moltres|30/100
|move|p1a: Moltres|Flamethrower|p2a: Kingambit
|-supereffective|p2a: Kingambit
|-damage|p2a: Kingambit|0 fnt
|faint|p2a: Kingambit
|-end|p2a: Kingambit|fallen4|[silent]
|
|upkeep
|
|t:|1760418251
|switch|p2a: Necrozma|Necrozma|100/100
|turn|24
|
|t:|1760418255
|move|p1a: Moltres|Flamethrower|p2a: Necrozma
|-damage|p2a: Necrozma|61/100
|-status|p2a: Necrozma|brn
|-enditem|p2a: Necrozma|Lum Berry|[eat]
|-curestatus|p2a: Necrozma|brn|[msg]
|move|p2a: Necrozma|Dragon Dance|p2a: Necrozma
|-boost|p2a: Necrozma|atk|1
|-boost|p2a: Necrozma|spe|1
|
|upkeep
|turn|25
|
|t:|1760418271
|move|p2a: Necrozma|Photon Geyser|p1a: Moltres
|-damage|p1a: Moltres|0 fnt
|faint|p1a: Moltres
|
|upkeep
|
|t:|1760418287
|switch|p1a: Garganacl|Garganacl, F|100/100
|turn|26
|
|t:|1760418292
|move|p2a: Necrozma|Earthquake|p1a: Garganacl
|-supereffective|p1a: Garganacl
|-damage|p1a: Garganacl|37/100
|move|p1a: Garganacl|Salt Cure|p2a: Necrozma
|-damage|p2a: Necrozma|50/100
|-start|p2a: Necrozma|Salt Cure
|
|-heal|p1a: Garganacl|43/100|[from] item: Leftovers
|-damage|p2a: Necrozma|38/100|[from] Salt Cure
|upkeep
|turn|27
|
|t:|1760418302
|move|p2a: Necrozma|Earthquake|p1a: Garganacl
|-supereffective|p1a: Garganacl
|-damage|p1a: Garganacl|0 fnt
|faint|p1a: Garganacl
|
|-damage|p2a: Necrozma|25/100|[from] Salt Cure
|upkeep
|
|t:|1760418312
|switch|p1a: Dragapult|Dragapult, F|75/100
|turn|28
|
|t:|1760418317
|-terastallize|p2a: Necrozma|Bug
|move|p1a: Dragapult|Draco Meteor|p2a: Necrozma
|-damage|p2a: Necrozma|0 fnt
|-unboost|p1a: Dragapult|spa|2
|faint|p2a: Necrozma
|
|win|LLBattler
|raw|LLBattler's rating: 1103 &rarr; <strong>1126</strong><br />(+23 for winning)
|raw|pokplayer123's rating: 1072 &rarr; <strong>1053</strong><br />(-19 for losing)
|l|☆pokplayer123
|player|p2|
