|j|☆suarezyoshi
|j|☆YMB Inc
|t:|1760454808
|gametype|singles
|player|p1|suarezyoshi|ethan|1428
|player|p2|YMB Inc|bruno-gen2|1465
|gen|9
|tier|[Gen 9] OU
|rated|
|rule|HP Percentage Mod: HP is shown in percentages
|rule|Endless Battle Clause: Forcing endless battles is banned
|rule|Species Clause: Limit one of each Pokémon
|rule|OHKO Clause: OHKO moves are banned
|rule|Evasion Items Clause: Evasion items are banned
|rule|Evasion Moves Clause: Evasion moves are banned
|rule|Evasion Abilities Clause: Evasion abilities are banned
|rule|Sleep Moves Clause: Sleep-inducing moves are banned
|clearpoke
|poke|p1|Pelipper, L99, M|
|poke|p1|Barraskewda, M|
|poke|p1|Iron Treads|
|poke|p1|Hatterene, F|
|poke|p1|Hydrapple, M|
|poke|p1|Braviary-Hisui, M|
|poke|p2|Pelipper, F|
|poke|p2|Hatterene, F|
|poke|p2|Iron Treads|
|poke|p2|Toxicroak, F|
|poke|p2|Barraskewda, F|
|poke|p2|Zapdos|
|teampreview
|inactive|Battle timer is ON: inactive players will automatically lose when time's up. (requested by YMB Inc)
|
|t:|1760454827
|teamsize|p1|6
|teamsize|p2|6
|start
|switch|p1a: Braviary|Braviary-Hisui, M, shiny|100/100
|switch|p2a: Zapdos|Zapdos|100/100
|turn|1
|
|t:|1760454839
|switch|p2a: Hatterene|Hatterene, F|100/100
|switch|p1a: Iron Treads|Iron Treads, shiny|100/100
|
|upkeep
|turn|2
|
|t:|1760454851
|move|p1a: Iron Treads|Earthquake|p2a: Hatterene
|-damage|p2a: Hatterene|66/100
|-enditem|p2a: Hatterene|Eject Button
|
|t:|1760454856
|switch|p2a: Barraskewda|Barraskewda, F|100/100
|
|upkeep
|turn|3
|
|t:|1760454861
|-end|p1a: Iron Treads|Quark Drive|[silent]
|switch|p1a: Hydrapple|Hydrapple, M, shiny|100/100
|move|p2a: Barraskewda|Flip Turn|p1a: Hydrapple
|-resisted|p1a: Hydrapple
|-damage|p1a: Hydrapple|94/100
|-damage|p2a: Barraskewda|84/100|[from] item: Rocky Helmet|[of] p1a: Hydrapple
|
|t:|1760454867
|switch|p2a: Iron Treads|Iron Treads|100/100|[from] Flip Turn
|
|upkeep
|turn|4
|
|t:|1760454876
|move|p2a: Iron Treads|Volt Switch|p1a: Hydrapple
|-resisted|p1a: Hydrapple
|-damage|p1a: Hydrapple|91/100
|
|t:|1760454880
|-end|p2a: Iron Treads|Quark Drive|[silent]
|switch|p2a: Hatterene|Hatterene, F|66/100|[from] Volt Switch
|move|p1a: Hydrapple|Nasty Plot|p1a: Hydrapple
|-boost|p1a: Hydrapple|spa|2
|
|upkeep
|turn|5
|
|t:|1760454893
|switch|p1a: Iron Treads|Iron Treads, shiny|100/100
|move|p2a: Hatterene|Draining Kiss|p1a: Iron Treads
|-resisted|p1a: Iron Treads
|-damage|p1a: Iron Treads|92/100
|-heal|p2a: Hatterene|74/100|[from] drain|[of] p1a: Iron Treads
|
|-heal|p1a: Iron Treads|98/100|[from] item: Leftovers
|upkeep
|turn|6
|
|t:|1760454899
|switch|p2a: Iron Treads|Iron Treads|100/100
|move|p1a: Iron Treads|Earthquake|p2a: Iron Treads
|-supereffective|p2a: Iron Treads
|-damage|p2a: Iron Treads|41/100
|
|-heal|p1a: Iron Treads|100/100|[from] item: Leftovers
|-heal|p2a: Iron Treads|47/100|[from] item: Leftovers
|upkeep
|turn|7
|
|t:|1760454909
|-end|p2a: Iron Treads|Quark Drive|[silent]
|switch|p2a: Pelipper|Pelipper, F|100/100
|-weather|RainDance|[from] ability: Drizzle|[of] p2a: Pelipper
|move|p1a: Iron Treads|Earthquake|p2a: Pelipper
|-immune|p2a: Pelipper
|
|-weather|RainDance|[upkeep]
|upkeep
|turn|8
|
|t:|1760454915
|switch|p2a: Hatterene|Hatterene, F|74/100
|move|p1a: Iron Treads|Stealth Rock|p2a: Hatterene
|move|p2a: Hatterene|Stealth Rock|p1a: Iron Treads|[from] ability: Magic Bounce
|-sidestart|p1: suarezyoshi|move: Stealth Rock
|
|-weather|RainDance|[upkeep]
|upkeep
|turn|9
|
|t:|1760454923
|switch|p2a: Zapdos|Zapdos|100/100
|move|p1a: Iron Treads|Rapid Spin|p2a: Zapdos
|-damage|p2a: Zapdos|84/100
|-boost|p1a: Iron Treads|spe|1
|-sideend|p1: suarezyoshi|Stealth Rock|[from] move: Rapid Spin|[of] p1a: Iron Treads
|
|-weather|RainDance|[upkeep]
|upkeep
|turn|10
|
|t:|1760454939
|-end|p1a: Iron Treads|Quark Drive|[silent]
|switch|p1a: Hydrapple|Hydrapple, M, shiny|100/100
|move|p2a: Zapdos|Weather Ball|p1a: Hydrapple
|-resisted|p1a: Hydrapple
|-damage|p1a: Hydrapple|83/100
|
|-weather|RainDance|[upkeep]
|upkeep
|turn|11
|
|t:|1760454953
|switch|p2a: Iron Treads|Iron Treads|47/100
|switch|p1a: Iron Treads|Iron Treads, shiny|100/100
|
|-weather|RainDance|[upkeep]
|-heal|p2a: Iron Treads|53/100|[from] item: Leftovers
|upkeep
|turn|12
|
|t:|1760454960
|move|p1a: Iron Treads|Stealth Rock|p2a: Iron Treads
|-sidestart|p2: YMB Inc|move: Stealth Rock
|move|p2a: Iron Treads|Stealth Rock|p1a: Iron Treads
|-sidestart|p1: suarezyoshi|move: Stealth Rock
|
|-weather|RainDance|[upkeep]
|-heal|p2a: Iron Treads|59/100|[from] item: Leftovers
|upkeep
|turn|13
|
|t:|1760454966
|move|p1a: Iron Treads|Rapid Spin|p2a: Iron Treads
|-resisted|p2a: Iron Treads
|-damage|p2a: Iron Treads|54/100
|-boost|p1a: Iron Treads|spe|1
|-sideend|p1: suarezyoshi|Stealth Rock|[from] move: Rapid Spin|[of] p1a: Iron Treads
|move|p2a: Iron Treads|Earthquake|p1a: Iron Treads
|-supereffective|p1a: Iron Treads
|-damage|p1a: Iron Treads|41/100
|
|-weather|RainDance|[upkeep]
|-heal|p1a: Iron Treads|47/100|[from] item: Leftovers
|-heal|p2a: Iron Treads|60/100|[from] item: Leftovers
|upkeep
|turn|14
|
|t:|1760454974
|-end|p1a: Iron Treads|Quark Drive|[silent]
|switch|p1a: Hydrapple|Hydrapple, M, shiny|100/100
|move|p2a: Iron Treads|Earthquake|p1a: Hydrapple
|-resisted|p1a: Hydrapple
|-damage|p1a: Hydrapple|90/100
|
|-weather|none
|-heal|p2a: Iron Treads|66/100|[from] item: Leftovers
|upkeep
|turn|15
|
|t:|1760454978
|move|p2a: Iron Treads|Stealth Rock|p1a: Hydrapple
|-sidestart|p1: suarezyoshi|move: Stealth Rock
|move|p1a: Hydrapple|Earth Power|p2a: Iron Treads
|-supereffective|p2a: Iron Treads
|-damage|p2a: Iron Treads|28/100
|
|-heal|p2a: Iron Treads|34/100|[from] item: Leftovers
|upkeep
|turn|16
|
|t:|1760454985
|move|p2a: Iron Treads|Rapid Spin|p1a: Hydrapple
|-damage|p1a: Hydrapple|82/100
|-boost|p2a: Iron Treads|spe|1
|-damage|p2a: Iron Treads|18/100|[from] item: Rocky Helmet|[of] p1a: Hydrapple
|-sideend|p2: YMB Inc|Stealth Rock|[from] move: Rapid Spin|[of] p2a: Iron Treads
|move|p1a: Hydrapple|Earth Power|p2a: Iron Treads
|-supereffective|p2a: Iron Treads
|-damage|p2a: Iron Treads|0 fnt
|faint|p2a: Iron Treads
|-end|p2a: Iron Treads|Quark Drive|[silent]
|
|upkeep
|
|t:|1760454991
|switch|p2a: Zapdos|Zapdos|84/100
|turn|17
|
|t:|1760454999
|switch|p1a: Hatterene|Hatterene, F, shiny|100/100
|-damage|p1a: Hatterene|88/100|[from] Stealth Rock
|move|p2a: Zapdos|Hurricane|p1a: Hatterene|[miss]
|-miss|p2a: Zapdos|p1a: Hatterene
|
|upkeep
|turn|18
|
|t:|1760455009
|switch|p2a: Pelipper|Pelipper, F|100/100
|-weather|RainDance|[from] ability: Drizzle|[of] p2a: Pelipper
|move|p1a: Hatterene|Psychic Noise|p2a: Pelipper
|-damage|p2a: Pelipper|68/100
|-start|p2a: Pelipper|move: Heal Block
|
|-weather|RainDance|[upkeep]
|upkeep
|turn|19
|
|t:|1760455020
|move|p2a: Pelipper|U-turn|p1a: Hatterene
|-damage|p1a: Hatterene|78/100
|-enditem|p1a: Hatterene|Eject Button
|
|t:|1760455037
|switch|p1a: Braviary|Braviary-Hisui, M, shiny|100/100
|-damage|p1a: Braviary|76/100|[from] Stealth Rock
|
|-weather|RainDance|[upkeep]
|-end|p2a: Pelipper|move: Heal Block
|upkeep
|turn|20
|
|t:|1760455047
|move|p1a: Braviary|Hurricane|p2a: Pelipper
|-damage|p2a: Pelipper|0 fnt
|faint|p2a: Pelipper
|-damage|p1a: Braviary|66/100|[from] item: Life Orb
|
|-weather|RainDance|[upkeep]
|upkeep
|
|t:|1760455050
|switch|p2a: Zapdos|Zapdos|84/100
|turn|21
|
|t:|1760455075
|switch|p1a: Pelipper|Pelipper, L99, M, shiny|100/100
|-damage|p1a: Pelipper|76/100|[from] Stealth Rock
|move|p2a: Zapdos|Hurricane|p1a: Pelipper
|-damage|p1a: Pelipper|0 fnt
|faint|p1a: Pelipper
|
|-weather|RainDance|[upkeep]
|upkeep
|inactive|suarezyoshi has 120 seconds left.
|
|t:|1760455086
|switch|p1a: Iron Treads|Iron Treads, shiny|47/100
|-damage|p1a: Iron Treads|44/100|[from] Stealth Rock
|turn|22
|
|t:|1760455093
|move|p2a: Zapdos|Hurricane|p1a: Iron Treads
|-resisted|p1a: Iron Treads
|-damage|p1a: Iron Treads|8/100
|move|p1a: Iron Treads|Rapid Spin|p2a: Zapdos
|-damage|p2a: Zapdos|69/100
|-boost|p1a: Iron Treads|spe|1
|-sideend|p1: suarezyoshi|Stealth Rock|[from] move: Rapid Spin|[of] p1a: Iron Treads
|
|-weather|RainDance|[upkeep]
|-heal|p1a: Iron Treads|14/100|[from] item: Leftovers
|upkeep
|turn|23
|
|t:|1760455107
|move|p1a: Iron Treads|Knock Off|p2a: Zapdos
|-damage|p2a: Zapdos|39/100
|-status|p1a: Iron Treads|par|[from] ability: Static|[of] p2a: Zapdos
|-enditem|p2a: Zapdos|Choice Specs|[from] move: Knock Off|[of] p1a: Iron Treads
|move|p2a: Zapdos|Hurricane|p1a: Iron Treads
|-resisted|p1a: Iron Treads
|-damage|p1a: Iron Treads|0 fnt
|faint|p1a: Iron Treads
|-end|p1a: Iron Treads|Quark Drive|[silent]
|
|-weather|RainDance|[upkeep]
|upkeep
|
|t:|1760455116
|switch|p1a: Barraskewda|Barraskewda, M, shiny|100/100
|turn|24
|
|t:|1760455119
|switch|p2a: Toxicroak|Toxicroak, F|100/100
|move|p1a: Barraskewda|Psychic Fangs|p2a: Toxicroak
|-supereffective|p2a: Toxicroak
|-damage|p2a: Toxicroak|0 fnt
|-damage|p1a: Barraskewda|84/100|[from] item: Rocky Helmet|[of] p2a: Toxicroak
|faint|p2a: Toxicroak
|
|-weather|RainDance|[upkeep]
|upkeep
|
|t:|1760455124
|switch|p2a: Hatterene|Hatterene, F|74/100
|turn|25
|
|t:|1760455140
|switch|p1a: Hatterene|Hatterene, F, shiny|78/100
|move|p2a: Hatterene|Nuzzle|p1a: Hatterene
|-damage|p1a: Hatterene|73/100
|-status|p1a: Hatterene|par
|
|-weather|none
|upkeep
|turn|26
|
|t:|1760455153
|switch|p2a: Zapdos|Zapdos|39/100
|cant|p1a: Hatterene|par
|
|upkeep
|turn|27
|
|t:|1760455158
|move|p2a: Zapdos|Volt Switch|p1a: Hatterene
|-damage|p1a: Hatterene|48/100 par
|
|t:|1760455161
|switch|p2a: Hatterene|Hatterene, F|74/100|[from] Volt Switch
|move|p1a: Hatterene|Psychic Noise|p2a: Hatterene
|-resisted|p2a: Hatterene
|-damage|p2a: Hatterene|55/100
|-start|p2a: Hatterene|move: Heal Block
|
|upkeep
|turn|28
|
|t:|1760455174
|move|p2a: Hatterene|Psychic Noise|p1a: Hatterene
|-resisted|p1a: Hatterene
|-damage|p1a: Hatterene|36/100 par
|-start|p1a: Hatterene|move: Heal Block
|cant|p1a: Hatterene|move: Heal Block|Draining Kiss
|
|-end|p2a: Hatterene|move: Heal Block
|upkeep
|turn|29
|
|t:|1760455182
|move|p2a: Hatterene|Draining Kiss|p1a: Hatterene
|-damage|p1a: Hatterene|19/100 par
|-heal|p2a: Hatterene|67/100|[from] drain|[of] p1a: Hatterene
|move|p1a: Hatterene|Nuzzle|p2a: Hatterene
|-damage|p2a: Hatterene|64/100
|-status|p2a: Hatterene|par
|
|-end|p1a: Hatterene|move: Heal Block
|upkeep
|turn|30
|
|t:|1760455194
|cant|p2a: Hatterene|par
|move|p1a: Hatterene|Draining Kiss|p2a: Hatterene
|-damage|p2a: Hatterene|38/100 par
|-heal|p1a: Hatterene|39/100 par|[from] drain|[of] p2a: Hatterene
|
|upkeep
|turn|31
|
|t:|1760455199
|move|p2a: Hatterene|Psychic Noise|p1a: Hatterene
|-resisted|p1a: Hatterene
|-damage|p1a: Hatterene|25/100 par
|-start|p1a: Hatterene|move: Heal Block
|move|p1a: Hatterene|Psychic Noise|p2a: Hatterene
|-resisted|p2a: Hatterene
|-damage|p2a: Hatterene|21/100 par
|-start|p2a: Hatterene|move: Heal Block
|
|upkeep
|turn|32
|
|t:|1760455214
|cant|p2a: Hatterene|par
|move|p1a: Hatterene|Psychic Noise|p2a: Hatterene
|-resisted|p2a: Hatterene
|-damage|p2a: Hatterene|4/100 par
|
|-end|p2a: Hatterene|move: Heal Block
|-end|p1a: Hatterene|move: Heal Block
|upkeep
|turn|33
|
|t:|1760455228
|move|p2a: Hatterene|Healing Wish|p2a: Hatterene
|faint|p2a: Hatterene
|cant|p1a: Hatterene|par
|
|upkeep
|
|t:|1760455233
|switch|p2a: Zapdos|Zapdos|39/100
|-heal|p2a: Zapdos|100/100|[from] move: Healing Wish
|turn|34
|
|t:|1760455248
|move|p2a: Zapdos|Hurricane|p1a: Hatterene|[miss]
|-miss|p2a: Zapdos|p1a: Hatterene
|move|p1a: Hatterene|Psychic Noise|p2a: Zapdos
|-damage|p2a: Zapdos|62/100
|-start|p2a: Zapdos|move: Heal Block
|
|upkeep
|turn|35
|
|t:|1760455251
|move|p2a: Zapdos|Hurricane|p1a: Hatterene
|-damage|p1a: Hatterene|0 fnt
|faint|p1a: Hatterene
|
|-end|p2a: Zapdos|move: Heal Block
|upkeep
|
|t:|1760455267
|switch|p1a: Barraskewda|Barraskewda, M, shiny|84/100
|turn|36
|
|t:|1760455273
|switch|p2a: Barraskewda|Barraskewda, F|84/100
|-terastallize|p1a: Barraskewda|Water
|move|p1a: Barraskewda|Liquidation|p2a: Barraskewda
|-resisted|p2a: Barraskewda
|-damage|p2a: Barraskewda|0 fnt
|faint|p2a: Barraskewda
|
|upkeep
|
|t:|1760455277
|switch|p2a: Zapdos|Zapdos|62/100
|turn|37
|
|t:|1760455281
|move|p1a: Barraskewda|Liquidation|p2a: Zapdos
|-damage|p2a: Zapdos|0 fnt
|faint|p2a: Zapdos
|
|win|suarezyoshi
|raw|suarezyoshi's rating: 1428 &rarr; <strong>1450</strong><br />(+22 for winning)
|raw|YMB Inc's rating: 1465 &rarr; <strong>1443</strong><br />(-22 for losing)
|l|☆YMB Inc
|player|p2|
|l|☆suarezyoshi
|player|p1|
