|j|☆Vaeszoep
|j|☆ReishiramX
|t:|1760428729
|gametype|singles
|player|p1|Vaeszoep|266|1074
|player|p2|ReishiramX|morty|1112
|gen|9
|tier|[Gen 9] OU
|rated|
|rule|HP Percentage Mod: HP is shown in percentages
|rule|Endless Battle Clause: Forcing endless battles is banned
|rule|Species Clause: Limit one of each Pokémon
|rule|OHKO Clause: OHKO moves are banned
|rule|Evasion Items Clause: Evasion items are banned
|rule|Evasion Moves Clause: Evasion moves are banned
|rule|Evasion Abilities Clause: Evasion abilities are banned
|rule|Sleep Moves Clause: Sleep-inducing moves are banned
|clearpoke
|poke|p1|Slowking-Galar, M|
|poke|p1|Rotom-Wash|
|poke|p1|Porygon2|
|poke|p1|Gallade, M|
|poke|p1|Farigiraf, M|
|poke|p1|Hitmontop, M|
|poke|p2|Trevenant, F|
|poke|p2|Heatran, M|
|poke|p2|Hitmontop, M|
|poke|p2|Toxapex, M|
|poke|p2|Gliscor, F|
|poke|p2|Whimsicott, F|
|teampreview
|
|t:|1760428736
|teamsize|p1|6
|teamsize|p2|6
|start
|switch|p1a: Porygon2|Porygon2|100/100
|switch|p2a: Trevenant|Trevenant, F|100/100
|-ability|p1a: Porygon2|Download|boost
|-boost|p1a: Porygon2|atk|1
|turn|1
|
|t:|1760428744
|move|p2a: Trevenant|Leech Seed|p1a: Porygon2|[miss]
|-miss|p2a: Trevenant|p1a: Porygon2
|move|p1a: Porygon2|Trick Room|p1a: Porygon2
|-fieldstart|move: Trick Room|[of] p1a: Porygon2
|
|upkeep
|turn|2
|
|t:|1760428751
|move|p1a: Porygon2|Ice Beam|p2a: Trevenant
|-supereffective|p2a: Trevenant
|-crit|p2a: Trevenant
|-damage|p2a: Trevenant|35/100
|-enditem|p2a: Trevenant|Sitrus Berry|[eat]
|-heal|p2a: Trevenant|60/100|[from] item: Sitrus Berry
|move|p2a: Trevenant|Leech Seed|p1a: Porygon2
|-start|p1a: Porygon2|move: Leech Seed
|
|-damage|p1a: Porygon2|88/100|[from] Leech Seed|[of] p2a: Trevenant
|-heal|p2a: Trevenant|70/100|[silent]
|upkeep
|turn|3
|
|t:|1760428763
|move|p1a: Porygon2|Ice Beam|p2a: Trevenant
|-supereffective|p2a: Trevenant
|-damage|p2a: Trevenant|26/100
|move|p2a: Trevenant|Will-O-Wisp|p1a: Porygon2
|-status|p1a: Porygon2|brn
|
|-damage|p1a: Porygon2|76/100 brn|[from] Leech Seed|[of] p2a: Trevenant
|-heal|p2a: Trevenant|37/100|[silent]
|-damage|p1a: Porygon2|70/100 brn|[from] brn
|-item|p2a: Trevenant|Sitrus Berry|[from] ability: Harvest
|upkeep
|-enditem|p2a: Trevenant|Sitrus Berry|[eat]
|-heal|p2a: Trevenant|62/100|[from] item: Sitrus Berry
|turn|4
|
|t:|1760428809
|switch|p1a: Farigiraf|Farigiraf, M|100/100
|move|p2a: Trevenant|Protect||[still]
|-fail|p2a: Trevenant
|
|upkeep
|turn|5
|
|t:|1760428830
|move|p1a: Farigiraf|Psychic Fangs|p2a: Trevenant
|-damage|p2a: Trevenant|30/100
|move|p2a: Trevenant|Leech Seed|p1a: Farigiraf
|-ability|p1a: Farigiraf|Sap Sipper|boost
|-boost|p1a: Farigiraf|atk|1
|
|-fieldend|move: Trick Room
|-item|p2a: Trevenant|Sitrus Berry|[from] ability: Harvest
|upkeep
|-enditem|p2a: Trevenant|Sitrus Berry|[eat]
|-heal|p2a: Trevenant|55/100|[from] item: Sitrus Berry
|turn|6
|
|t:|1760428843
|move|p2a: Trevenant|Protect|p2a: Trevenant
|-singleturn|p2a: Trevenant|Protect
|move|p1a: Farigiraf|Trick Room|p1a: Farigiraf
|-fieldstart|move: Trick Room|[of] p1a: Farigiraf
|
|upkeep
|turn|7
|
|t:|1760428849
|switch|p2a: Gliscor|Gliscor, F|100/100
|move|p1a: Farigiraf|Psychic Fangs|p2a: Gliscor
|-crit|p2a: Gliscor
|-damage|p2a: Gliscor|64/100
|
|-status|p2a: Gliscor|tox|[from] item: Toxic Orb
|upkeep
|turn|8
|
|t:|1760428866
|move|p1a: Farigiraf|Wish|p1a: Farigiraf
|move|p2a: Gliscor|Toxic|p1a: Farigiraf
|-status|p1a: Farigiraf|tox
|
|-damage|p1a: Farigiraf|94/100 tox|[from] psn
|-heal|p2a: Gliscor|76/100 tox|[from] ability: Poison Heal
|upkeep
|turn|9
|
|t:|1760428877
|switch|p1a: Porygon2|Porygon2|70/100 brn
|-ability|p1a: Porygon2|Download|boost
|-boost|p1a: Porygon2|spa|1
|move|p2a: Gliscor|Stealth Rock|p1a: Porygon2
|-sidestart|p1: Vaeszoep|move: Stealth Rock
|
|-heal|p1a: Porygon2|100/100 brn|[from] move: Wish|[wisher] Farigiraf
|-heal|p2a: Gliscor|89/100 tox|[from] ability: Poison Heal
|-damage|p1a: Porygon2|95/100 brn|[from] brn
|upkeep
|turn|10
|
|t:|1760428888
|move|p2a: Gliscor|Protect|p2a: Gliscor
|-singleturn|p2a: Gliscor|Protect
|move|p1a: Porygon2|Ice Beam|p2a: Gliscor
|-activate|p2a: Gliscor|move: Protect
|
|-heal|p2a: Gliscor|100/100 tox|[from] ability: Poison Heal
|-damage|p1a: Porygon2|89/100 brn|[from] brn
|-fieldend|move: Trick Room
|upkeep
|turn|11
|
|t:|1760428898
|switch|p2a: Heatran|Heatran, M|100/100
|move|p1a: Porygon2|Ice Beam|p2a: Heatran
|-resisted|p2a: Heatran
|-damage|p2a: Heatran|94/100
|
|-heal|p2a: Heatran|99/100|[from] item: Leftovers
|-damage|p1a: Porygon2|83/100 brn|[from] brn
|upkeep
|turn|12
|
|t:|1760428907
|move|p2a: Heatran|Magma Storm|p1a: Porygon2
|-damage|p1a: Porygon2|40/100 brn
|-activate|p1a: Porygon2|move: Magma Storm|[of] p2a: Heatran
|move|p1a: Porygon2|Tri Attack|p2a: Heatran
|-resisted|p2a: Heatran
|-damage|p2a: Heatran|81/100
|
|-heal|p2a: Heatran|88/100|[from] item: Leftovers
|-damage|p1a: Porygon2|34/100 brn|[from] brn
|-damage|p1a: Porygon2|21/100 brn|[from] move: Magma Storm|[partiallytrapped]
|upkeep
|turn|13
|
|t:|1760428922
|move|p2a: Heatran|Will-O-Wisp|p1a: Porygon2
|-fail|p1a: Porygon2|brn
|move|p1a: Porygon2|Recover|p1a: Porygon2
|-heal|p1a: Porygon2|71/100 brn
|
|-heal|p2a: Heatran|94/100|[from] item: Leftovers
|-damage|p1a: Porygon2|65/100 brn|[from] brn
|-damage|p1a: Porygon2|53/100 brn|[from] move: Magma Storm|[partiallytrapped]
|upkeep
|turn|14
|
|t:|1760428931
|move|p2a: Heatran|Magma Storm|p1a: Porygon2
|-damage|p1a: Porygon2|10/100 brn
|move|p1a: Porygon2|Trick Room|p1a: Porygon2
|-fieldstart|move: Trick Room|[of] p1a: Porygon2
|
|-heal|p2a: Heatran|99/100|[from] item: Leftovers
|-damage|p1a: Porygon2|4/100 brn|[from] brn
|-damage|p1a: Porygon2|0 fnt|[from] move: Magma Storm|[partiallytrapped]
|faint|p1a: Porygon2
|upkeep
|
|t:|1760428945
|switch|p1a: Rotom|Rotom-Wash|100/100
|-damage|p1a: Rotom|88/100|[from] Stealth Rock
|turn|15
|
|t:|1760428951
|move|p1a: Rotom|Hydro Pump|p2a: Heatran|[miss]
|-miss|p1a: Rotom|p2a: Heatran
|move|p2a: Heatran|Will-O-Wisp|p1a: Rotom
|-status|p1a: Rotom|brn
|
|-heal|p1a: Rotom|94/100 brn|[from] item: Leftovers
|-heal|p2a: Heatran|100/100|[from] item: Leftovers
|-damage|p1a: Rotom|88/100 brn|[from] brn
|upkeep
|turn|16
|
|t:|1760428961
|switch|p2a: Toxapex|Toxapex, M|100/100
|move|p1a: Rotom|Hydro Pump|p2a: Toxapex|[miss]
|-miss|p1a: Rotom|p2a: Toxapex
|
|-heal|p1a: Rotom|94/100 brn|[from] item: Leftovers
|-damage|p1a: Rotom|88/100 brn|[from] brn
|upkeep
|turn|17
|
|t:|1760428984
|move|p2a: Toxapex|Infestation|p1a: Rotom
|-damage|p1a: Rotom|85/100 brn
|-activate|p1a: Rotom|move: Infestation|[of] p2a: Toxapex
|move|p1a: Rotom|Will-O-Wisp|p2a: Toxapex
|-status|p2a: Toxapex|brn
|
|-heal|p1a: Rotom|91/100 brn|[from] item: Leftovers
|-damage|p2a: Toxapex|94/100 brn|[from] brn
|-damage|p1a: Rotom|85/100 brn|[from] brn
|-damage|p1a: Rotom|73/100 brn|[from] move: Infestation|[partiallytrapped]
|upkeep
|turn|18
|inactive|Battle timer is ON: inactive players will automatically lose when time's up. (requested by Vaeszoep)
|
|t:|1760429070
|move|p2a: Toxapex|Baneful Bunker|p2a: Toxapex
|-singleturn|p2a: Toxapex|move: Protect
|move|p1a: Rotom|Thunderbolt|p2a: Toxapex
|-activate|p2a: Toxapex|move: Protect
|
|-heal|p2a: Toxapex|100/100 brn|[from] item: Black Sludge
|-heal|p1a: Rotom|79/100 brn|[from] item: Leftovers
|-damage|p2a: Toxapex|94/100 brn|[from] brn
|-damage|p1a: Rotom|73/100 brn|[from] brn
|-damage|p1a: Rotom|60/100 brn|[from] move: Infestation|[partiallytrapped]
|-fieldend|move: Trick Room
|upkeep
|turn|19
|
|t:|1760429094
|move|p1a: Rotom|Pain Split|p2a: Toxapex
|-sethp|p2a: Toxapex|77/100 brn|[from] move: Pain Split|[silent]
|-sethp|p1a: Rotom|78/100 brn|[from] move: Pain Split
|move|p2a: Toxapex|Recover|p2a: Toxapex
|-heal|p2a: Toxapex|100/100 brn
|
|-heal|p1a: Rotom|84/100 brn|[from] item: Leftovers
|-damage|p1a: Rotom|78/100 brn|[from] brn
|-damage|p2a: Toxapex|94/100 brn|[from] brn
|-damage|p1a: Rotom|65/100 brn|[from] move: Infestation|[partiallytrapped]
|upkeep
|turn|20
|inactive|Vaeszoep has 120 seconds left.
|inactive|ReishiramX has 120 seconds left.
|
|t:|1760429145
|switch|p2a: Gliscor|Gliscor, F|100/100 tox
|move|p1a: Rotom|Will-O-Wisp|p2a: Gliscor|[miss]
|-miss|p1a: Rotom|p2a: Gliscor
|
|-heal|p1a: Rotom|71/100 brn|[from] item: Leftovers
|-damage|p1a: Rotom|65/100 brn|[from] brn
|-end|p1a: Rotom|Infestation|[partiallytrapped]|[silent]
|upkeep
|turn|21
|inactive|Vaeszoep has 120 seconds left.
|inactive|ReishiramX has 90 seconds left.
|
|t:|1760429169
|move|p2a: Gliscor|Protect|p2a: Gliscor
|-singleturn|p2a: Gliscor|Protect
|move|p1a: Rotom|Hydro Pump|p2a: Gliscor
|-activate|p2a: Gliscor|move: Protect
|
|-heal|p1a: Rotom|71/100 brn|[from] item: Leftovers
|-damage|p1a: Rotom|65/100 brn|[from] brn
|upkeep
|turn|22
|inactive|ReishiramX has 90 seconds left.
|inactive|Vaeszoep has 120 seconds left.
|inactive|ReishiramX has 60 seconds left.
|
|t:|1760429223
|switch|p2a: Whimsicott|Whimsicott, F|100/100
|move|p1a: Rotom|Thunderbolt|p2a: Whimsicott
|-resisted|p2a: Whimsicott
|-damage|p2a: Whimsicott|71/100
|
|-heal|p2a: Whimsicott|77/100|[from] item: Leftovers
|-heal|p1a: Rotom|71/100 brn|[from] item: Leftovers
|-damage|p1a: Rotom|65/100 brn|[from] brn
|upkeep
|turn|23
|
|t:|1760429232
|move|p2a: Whimsicott|Leech Seed|p1a: Rotom
|-start|p1a: Rotom|move: Leech Seed
|move|p1a: Rotom|Will-O-Wisp|p2a: Whimsicott
|-status|p2a: Whimsicott|brn
|
|-heal|p2a: Whimsicott|83/100 brn|[from] item: Leftovers
|-heal|p1a: Rotom|71/100 brn|[from] item: Leftovers
|-damage|p1a: Rotom|59/100 brn|[from] Leech Seed|[of] p2a: Whimsicott
|-heal|p2a: Whimsicott|95/100 brn|[silent]
|-damage|p2a: Whimsicott|89/100 brn|[from] brn
|-damage|p1a: Rotom|53/100 brn|[from] brn
|upkeep
|turn|24
|inactive|ReishiramX has 60 seconds left.
|
|t:|1760429243
|switch|p1a: Farigiraf|Farigiraf, M|94/100 tox
|-damage|p1a: Farigiraf|82/100 tox|[from] Stealth Rock
|move|p2a: Whimsicott|Substitute|p2a: Whimsicott
|-start|p2a: Whimsicott|Substitute
|-damage|p2a: Whimsicott|64/100 brn
|
|-heal|p2a: Whimsicott|70/100 brn|[from] item: Leftovers
|-heal|p1a: Farigiraf|88/100 tox|[from] item: Leftovers
|-damage|p1a: Farigiraf|82/100 tox|[from] psn
|-damage|p2a: Whimsicott|64/100 brn|[from] brn
|upkeep
|turn|25
|inactive|ReishiramX has 60 seconds left.
|
|t:|1760429258
|move|p2a: Whimsicott|Moonblast|p1a: Farigiraf
|-damage|p1a: Farigiraf|57/100 tox
|-unboost|p1a: Farigiraf|spa|1
|move|p1a: Farigiraf|Psychic Fangs|p2a: Whimsicott
|-activate|p2a: Whimsicott|move: Substitute|[damage]
|
|-heal|p2a: Whimsicott|70/100 brn|[from] item: Leftovers
|-heal|p1a: Farigiraf|63/100 tox|[from] item: Leftovers
|-damage|p1a: Farigiraf|51/100 tox|[from] psn
|-damage|p2a: Whimsicott|64/100 brn|[from] brn
|upkeep
|turn|26
|inactive|ReishiramX has 60 seconds left.
|inactive|Vaeszoep has 120 seconds left.
|
|t:|1760429273
|move|p2a: Whimsicott|Moonblast|p1a: Farigiraf
|-damage|p1a: Farigiraf|23/100 tox
|-unboost|p1a: Farigiraf|spa|1
|move|p1a: Farigiraf|Psychic Fangs|p2a: Whimsicott
|-end|p2a: Whimsicott|Substitute
|
|-heal|p2a: Whimsicott|70/100 brn|[from] item: Leftovers
|-heal|p1a: Farigiraf|30/100 tox|[from] item: Leftovers
|-damage|p1a: Farigiraf|11/100 tox|[from] psn
|-damage|p2a: Whimsicott|64/100 brn|[from] brn
|upkeep
|turn|27
|inactive|ReishiramX has 60 seconds left.
|inactive|Vaeszoep has 120 seconds left.
|inactive|Vaeszoep has 90 seconds left.
|
|t:|1760429319
|move|p2a: Whimsicott|Substitute|p2a: Whimsicott
|-start|p2a: Whimsicott|Substitute
|-damage|p2a: Whimsicott|39/100 brn
|move|p1a: Farigiraf|Hyper Beam|p2a: Whimsicott
|-end|p2a: Whimsicott|Substitute
|-mustrecharge|p1a: Farigiraf
|
|-heal|p2a: Whimsicott|45/100 brn|[from] item: Leftovers
|-heal|p1a: Farigiraf|17/100 tox|[from] item: Leftovers
|-damage|p1a: Farigiraf|0 fnt|[from] psn
|faint|p1a: Farigiraf
|-damage|p2a: Whimsicott|39/100 brn|[from] brn
|upkeep
|
|t:|1760429333
|switch|p1a: Gallade|Gallade, M|100/100
|-damage|p1a: Gallade|95/100|[from] Stealth Rock
|turn|28
|inactive|ReishiramX has 60 seconds left.
|
|t:|1760429368
|move|p2a: Whimsicott|Leech Seed|p1a: Gallade
|-start|p1a: Gallade|move: Leech Seed
|move|p1a: Gallade|Psycho Cut|p2a: Whimsicott
|-damage|p2a: Whimsicott|0 fnt
|faint|p2a: Whimsicott
|
|upkeep
|inactive|ReishiramX has 30 seconds left.
|inactive|ReishiramX has 20 seconds left.
|inactive|ReishiramX has 15 seconds left.
|
|t:|1760429401
|switch|p2a: Toxapex|Toxapex, M|100/100 brn
|turn|29
|inactive|ReishiramX has 25 seconds left this turn.
|inactive|Vaeszoep has 90 seconds left.
|
|t:|1760429413
|move|p1a: Gallade|Leaf Blade|p2a: Toxapex
|-damage|p2a: Toxapex|70/100 brn
|move|p2a: Toxapex|Infestation|p1a: Gallade
|-damage|p1a: Gallade|92/100
|-activate|p1a: Gallade|move: Infestation|[of] p2a: Toxapex
|
|-heal|p2a: Toxapex|76/100 brn|[from] item: Black Sludge
|-damage|p1a: Gallade|79/100|[from] Leech Seed|[of] p2a: Toxapex
|-heal|p2a: Toxapex|88/100 brn|[silent]
|-damage|p2a: Toxapex|82/100 brn|[from] brn
|-damage|p1a: Gallade|67/100|[from] move: Infestation|[partiallytrapped]
|upkeep
|turn|30
|inactive|ReishiramX has 30 seconds left.
|inactive|Vaeszoep has 90 seconds left.
|
|t:|1760429441
|move|p2a: Toxapex|Baneful Bunker|p2a: Toxapex
|-singleturn|p2a: Toxapex|move: Protect
|move|p1a: Gallade|Sacred Sword|p2a: Toxapex
|-activate|p2a: Toxapex|move: Protect
|-status|p1a: Gallade|psn
|
|-heal|p2a: Toxapex|88/100 brn|[from] item: Black Sludge
|-damage|p1a: Gallade|55/100 psn|[from] Leech Seed|[of] p2a: Toxapex
|-heal|p2a: Toxapex|99/100 brn|[silent]
|-damage|p1a: Gallade|42/100 psn|[from] psn
|-damage|p2a: Toxapex|94/100 brn|[from] brn
|-damage|p1a: Gallade|30/100 psn|[from] move: Infestation|[partiallytrapped]
|upkeep
|turn|31
|inactive|ReishiramX has 30 seconds left.
|inactive|ReishiramX has 20 seconds left.
|inactive|ReishiramX has 15 seconds left.
|
|t:|1760429466
|move|p2a: Toxapex|Baneful Bunker|p2a: Toxapex
|-singleturn|p2a: Toxapex|move: Protect
|move|p1a: Gallade|Sacred Sword|p2a: Toxapex
|-activate|p2a: Toxapex|move: Protect
|
|-heal|p2a: Toxapex|99/100 brn|[from] item: Black Sludge
|-damage|p1a: Gallade|18/100 psn|[from] Leech Seed|[of] p2a: Toxapex
|-heal|p2a: Toxapex|100/100 brn|[silent]
|-damage|p1a: Gallade|5/100 psn|[from] psn
|-damage|p2a: Toxapex|94/100 brn|[from] brn
|-damage|p1a: Gallade|0 fnt|[from] move: Infestation|[partiallytrapped]
|faint|p1a: Gallade
|upkeep
|inactive|Vaeszoep has 60 seconds left.
|
|t:|1760429501
|switch|p1a: Rotom|Rotom-Wash|53/100 brn
|-damage|p1a: Rotom|41/100 brn|[from] Stealth Rock
|turn|32
|inactive|ReishiramX has 30 seconds left this turn.
|
|t:|1760429516
|move|p1a: Rotom|Thunderbolt|p2a: Toxapex
|-supereffective|p2a: Toxapex
|-damage|p2a: Toxapex|23/100 brn
|move|p2a: Toxapex|Infestation|p1a: Rotom
|-damage|p1a: Rotom|38/100 brn
|-activate|p1a: Rotom|move: Infestation|[of] p2a: Toxapex
|
|-heal|p1a: Rotom|44/100 brn|[from] item: Leftovers
|-heal|p2a: Toxapex|29/100 brn|[from] item: Black Sludge
|-damage|p1a: Rotom|38/100 brn|[from] brn
|-damage|p2a: Toxapex|23/100 brn|[from] brn
|-damage|p1a: Rotom|25/100 brn|[from] move: Infestation|[partiallytrapped]
|upkeep
|turn|33
|inactive|ReishiramX has 30 seconds left.
|inactive|ReishiramX has 20 seconds left.
|
|t:|1760429535
|move|p2a: Toxapex|Baneful Bunker|p2a: Toxapex
|-singleturn|p2a: Toxapex|move: Protect
|move|p1a: Rotom|Thunderbolt|p2a: Toxapex
|-activate|p2a: Toxapex|move: Protect
|
|-heal|p1a: Rotom|31/100 brn|[from] item: Leftovers
|-heal|p2a: Toxapex|29/100 brn|[from] item: Black Sludge
|-damage|p1a: Rotom|25/100 brn|[from] brn
|-damage|p2a: Toxapex|23/100 brn|[from] brn
|-damage|p1a: Rotom|13/100 brn|[from] move: Infestation|[partiallytrapped]
|upkeep
|turn|34
|inactive|ReishiramX has 30 seconds left this turn.
|inactive|ReishiramX has 20 seconds left.
|
|t:|1760429550
|switch|p2a: Gliscor|Gliscor, F|100/100 tox
|move|p1a: Rotom|Thunderbolt|p2a: Gliscor
|-immune|p2a: Gliscor
|
|-heal|p1a: Rotom|19/100 brn|[from] item: Leftovers
|-damage|p1a: Rotom|13/100 brn|[from] brn
|-end|p1a: Rotom|Infestation|[partiallytrapped]|[silent]
|upkeep
|turn|35
|inactive|ReishiramX has 30 seconds left this turn.
|inactive|ReishiramX has 20 seconds left.
|inactive|ReishiramX has 15 seconds left.
|
|t:|1760429569
|move|p2a: Gliscor|Earthquake|p1a: Rotom
|-immune|p1a: Rotom|[from] ability: Levitate
|move|p1a: Rotom|Pain Split|p2a: Gliscor
|-sethp|p2a: Gliscor|56/100 tox|[from] move: Pain Split|[silent]
|-sethp|p1a: Rotom|66/100 brn|[from] move: Pain Split
|
|-heal|p1a: Rotom|72/100 brn|[from] item: Leftovers
|-heal|p2a: Gliscor|68/100 tox|[from] ability: Poison Heal
|-damage|p1a: Rotom|66/100 brn|[from] brn
|upkeep
|turn|36
|inactive|ReishiramX has 25 seconds left this turn.
|inactive|ReishiramX has 20 seconds left.
|inactive|ReishiramX has 15 seconds left.
|inactive|ReishiramX has 10 seconds left.
|inactive|ReishiramX has 5 seconds left.
|-message|ReishiramX lost due to inactivity.
|
|win|Vaeszoep
|raw|Vaeszoep's rating: 1074 &rarr; <strong>1106</strong><br />(+32 for winning)
|raw|ReishiramX's rating: 1112 &rarr; <strong>1084</strong><br />(-28 for losing)
|l|☆Vaeszoep
|player|p1|
