|j|☆cassidychristian
|j|☆RAGGNNAR
|t:|1760333340
|gametype|singles
|player|p1|cassidychristian|acetrainer|1178
|player|p2|RAGGNNAR|ruinmaniac|1135
|gen|9
|tier|[Gen 9] OU
|rated|
|rule|HP Percentage Mod: HP is shown in percentages
|rule|Endless Battle Clause: Forcing endless battles is banned
|rule|Species Clause: Limit one of each Pokémon
|rule|OHKO Clause: OHKO moves are banned
|rule|Evasion Items Clause: Evasion items are banned
|rule|Evasion Moves Clause: Evasion moves are banned
|rule|Evasion Abilities Clause: Evasion abilities are banned
|rule|Sleep Moves Clause: Sleep-inducing moves are banned
|clearpoke
|poke|p1|Excadrill, M|
|poke|p1|Tyranitar, M|
|poke|p1|Great Tusk|
|poke|p1|Ogerpon-Wellspring, F|
|poke|p1|Blaziken, F|
|poke|p1|Zapdos|
|poke|p2|Goodra, F|
|poke|p2|Ogerpon-Wellspring, F|
|poke|p2|Weezing, M|
|poke|p2|Muk-Alola, M|
|poke|p2|Great Tusk|
|poke|p2|Clefable, F|
|teampreview
|inactive|Battle timer is ON: inactive players will automatically lose when time's up. (requested by cassidychristian)
|
|t:|1760333364
|teamsize|p1|6
|teamsize|p2|6
|start
|switch|p1a: Zapdos|Zapdos|100/100
|switch|p2a: Ogerpon|Ogerpon-Wellspring, F|100/100
|turn|1
|
|t:|1760333373
|switch|p2a: Muk|Muk-Alola, M, shiny|100/100
|move|p1a: Zapdos|Discharge|p2a: Muk
|-damage|p2a: Muk|81/100
|-status|p2a: Muk|par
|
|upkeep
|turn|2
|
|t:|1760333382
|switch|p1a: Excadrill|Excadrill, M|100/100
|move|p2a: Muk|Knock Off|p1a: Excadrill
|-damage|p1a: Excadrill|32/100
|-enditem|p1a: Excadrill|Focus Sash|[from] move: Knock Off|[of] p2a: Muk
|
|upkeep
|turn|3
|
|t:|1760333390
|switch|p2a: Weezing|Weezing, M, shiny|100/100
|move|p1a: Excadrill|Earthquake|p2a: Weezing
|-immune|p2a: Weezing|[from] ability: Levitate
|
|upkeep
|turn|4
|
|t:|1760333397
|move|p1a: Excadrill|Iron Head|p2a: Weezing
|-damage|p2a: Weezing|71/100
|-damage|p1a: Excadrill|16/100|[from] item: Rocky Helmet|[of] p2a: Weezing
|move|p2a: Weezing|Flamethrower|p1a: Excadrill
|-supereffective|p1a: Excadrill
|-damage|p1a: Excadrill|0 fnt
|faint|p1a: Excadrill
|
|upkeep
|
|t:|1760333406
|switch|p1a: Tyranitar|Tyranitar, M|100/100
|-weather|Sandstorm|[from] ability: Sand Stream|[of] p1a: Tyranitar
|turn|5
|
|t:|1760333411
|move|p1a: Tyranitar|Stealth Rock|p2a: Weezing
|-sidestart|p2: RAGGNNAR|move: Stealth Rock
|move|p2a: Weezing|Will-O-Wisp|p1a: Tyranitar|[miss]
|-miss|p2a: Weezing|p1a: Tyranitar
|
|-weather|Sandstorm|[upkeep]
|-damage|p2a: Weezing|65/100|[from] Sandstorm
|upkeep
|turn|6
|
|t:|1760333419
|switch|p1a: Blaziken|Blaziken, F|100/100
|-item|p1a: Blaziken|Air Balloon
|move|p2a: Weezing|Sludge Bomb|p1a: Blaziken
|-damage|p1a: Blaziken|59/100
|-status|p1a: Blaziken|psn
|-enditem|p1a: Blaziken|Air Balloon
|
|-weather|Sandstorm|[upkeep]
|-damage|p1a: Blaziken|53/100 psn|[from] Sandstorm
|-damage|p2a: Weezing|59/100|[from] Sandstorm
|-damage|p1a: Blaziken|41/100 psn|[from] psn
|upkeep
|turn|7
|
|t:|1760333435
|switch|p2a: Muk|Muk-Alola, M, shiny|81/100 par
|-damage|p2a: Muk|68/100 par|[from] Stealth Rock
|move|p1a: Blaziken|Flare Blitz|p2a: Muk
|-damage|p2a: Muk|0 fnt
|faint|p2a: Muk
|-damage|p1a: Blaziken|15/100 psn|[from] Recoil
|
|-weather|Sandstorm|[upkeep]
|-damage|p1a: Blaziken|9/100 psn|[from] Sandstorm
|-damage|p1a: Blaziken|0 fnt|[from] psn
|faint|p1a: Blaziken
|upkeep
|inactive|cassidychristian has 120 seconds left.
|
|t:|1760333455
|switch|p1a: Ogerpon|Ogerpon-Wellspring, F|100/100
|switch|p2a: Great Tusk|Great Tusk, shiny|100/100
|turn|8
|inactive|cassidychristian has 120 seconds left.
|
|t:|1760333468
|-terastallize|p2a: Great Tusk|Steel
|move|p1a: Ogerpon|Ivy Cudgel|p2a: Great Tusk|[anim] Ivy Cudgel Water
|-crit|p2a: Great Tusk
|-damage|p2a: Great Tusk|36/100
|move|p2a: Great Tusk|Rapid Spin|p1a: Ogerpon
|-damage|p1a: Ogerpon|78/100
|-boost|p2a: Great Tusk|spe|1
|-sideend|p2: RAGGNNAR|Stealth Rock|[from] move: Rapid Spin|[of] p2a: Great Tusk
|
|-weather|Sandstorm|[upkeep]
|-damage|p1a: Ogerpon|72/100|[from] Sandstorm
|upkeep
|turn|9
|inactive|cassidychristian has 120 seconds left.
|
|t:|1760333480
|-end|p2a: Great Tusk|Protosynthesis|[silent]
|switch|p2a: Ogerpon|Ogerpon-Wellspring, F|100/100
|move|p1a: Ogerpon|Ivy Cudgel|p2a: Ogerpon|[anim] Ivy Cudgel Water
|-immune|p2a: Ogerpon|[from] ability: Water Absorb
|
|-weather|Sandstorm|[upkeep]
|-damage|p1a: Ogerpon|66/100|[from] Sandstorm
|-damage|p2a: Ogerpon|94/100|[from] Sandstorm
|upkeep
|turn|10
|inactive|cassidychristian has 120 seconds left.
|
|t:|1760333495
|switch|p1a: Zapdos|Zapdos|100/100
|move|p2a: Ogerpon|U-turn|p1a: Zapdos
|-resisted|p1a: Zapdos
|-damage|p1a: Zapdos|92/100
|
|t:|1760333505
|switch|p2a: Goodra|Goodra, F, shiny|100/100|[from] U-turn
|
|-weather|Sandstorm|[upkeep]
|-damage|p2a: Goodra|94/100|[from] Sandstorm
|-damage|p1a: Zapdos|86/100|[from] Sandstorm
|upkeep
|turn|11
|inactive|cassidychristian has 120 seconds left.
|
|t:|1760333518
|move|p2a: Goodra|Draco Meteor|p1a: Zapdos
|-damage|p1a: Zapdos|0 fnt
|-unboost|p2a: Goodra|spa|2
|faint|p1a: Zapdos
|
|-weather|Sandstorm|[upkeep]
|-damage|p2a: Goodra|88/100|[from] Sandstorm
|upkeep
|inactive|cassidychristian has 120 seconds left.
|
|t:|1760333530
|switch|p1a: Great Tusk|Great Tusk|100/100
|-enditem|p1a: Great Tusk|Booster Energy
|-activate|p1a: Great Tusk|ability: Protosynthesis|[fromitem]
|-start|p1a: Great Tusk|protosynthesisatk
|turn|12
|inactive|cassidychristian has 120 seconds left.
|inactive|RAGGNNAR has 120 seconds left.
|
|t:|1760333577
|switch|p2a: Weezing|Weezing, M, shiny|59/100
|move|p1a: Great Tusk|Rapid Spin|p2a: Weezing
|-damage|p2a: Weezing|47/100
|-boost|p1a: Great Tusk|spe|1
|-damage|p1a: Great Tusk|84/100|[from] item: Rocky Helmet|[of] p2a: Weezing
|
|-weather|none
|upkeep
|turn|13
|inactive|cassidychristian has 120 seconds left.
|
|t:|1760333597
|-terastallize|p1a: Great Tusk|Fighting
|move|p1a: Great Tusk|Close Combat|p2a: Weezing
|-resisted|p2a: Weezing
|-damage|p2a: Weezing|15/100
|-unboost|p1a: Great Tusk|def|1
|-unboost|p1a: Great Tusk|spd|1
|-damage|p1a: Great Tusk|67/100|[from] item: Rocky Helmet|[of] p2a: Weezing
|move|p2a: Weezing|Will-O-Wisp|p1a: Great Tusk
|-status|p1a: Great Tusk|brn
|
|-damage|p1a: Great Tusk|61/100 brn|[from] brn
|upkeep
|turn|14
|
|t:|1760333610
|move|p1a: Great Tusk|Ice Spinner|p2a: Weezing
|-damage|p2a: Weezing|6/100
|-damage|p1a: Great Tusk|45/100 brn|[from] item: Rocky Helmet|[of] p2a: Weezing
|move|p2a: Weezing|Sludge Bomb|p1a: Great Tusk
|-damage|p1a: Great Tusk|0 fnt
|faint|p1a: Great Tusk
|-end|p1a: Great Tusk|Protosynthesis|[silent]
|
|upkeep
|
|t:|1760333619
|switch|p1a: Tyranitar|Tyranitar, M|100/100
|-weather|Sandstorm|[from] ability: Sand Stream|[of] p1a: Tyranitar
|turn|15
|inactive|RAGGNNAR has 120 seconds left.
|-message|cassidychristian forfeited.
|
|win|RAGGNNAR
|raw|cassidychristian's rating: 1178 &rarr; <strong>1150</strong><br />(-28 for losing)
|raw|RAGGNNAR's rating: 1135 &rarr; <strong>1163</strong><br />(+28 for winning)
|l|☆cassidychristian
|player|p1|
|l|☆RAGGNNAR
|player|p2|
