|j|☆nwo castle
|j|☆N00BYB0Y
|t:|1760315097
|gametype|singles
|player|p1|nwo castle|2|1122
|player|p2|N00BYB0Y|cynthia-gen4|1147
|gen|9
|tier|[Gen 9] OU
|rated|
|rule|HP Percentage Mod: HP is shown in percentages
|rule|Endless Battle Clause: Forcing endless battles is banned
|rule|Species Clause: Limit one of each Pokémon
|rule|OHKO Clause: OHKO moves are banned
|rule|Evasion Items Clause: Evasion items are banned
|rule|Evasion Moves Clause: Evasion moves are banned
|rule|Evasion Abilities Clause: Evasion abilities are banned
|rule|Sleep Moves Clause: Sleep-inducing moves are banned
|clearpoke
|poke|p1|Gogoat, F|
|poke|p1|Rillaboom, M|
|poke|p1|Weezing-Galar, F|
|poke|p1|Primarina, F|
|poke|p1|Pelipper, F|
|poke|p1|Comfey, M|
|poke|p2|Barraskewda, F|
|poke|p2|Tornadus-Therian, M|
|poke|p2|Garganacl, M|
|poke|p2|Toxapex, F|
|poke|p2|Gliscor, F|
|poke|p2|Electrode-Hisui|
|teampreview
|inactive|Battle timer is ON: inactive players will automatically lose when time's up. (requested by N00BYB0Y)
|
|t:|1760315106
|teamsize|p1|6
|teamsize|p2|6
|start
|switch|p1a: Weezing|Weezing-Galar, F, shiny|100/100
|switch|p2a: Tornadus|Tornadus-Therian, M|100/100
|-ability|p1a: Weezing|Neutralizing Gas
|turn|1
|
|t:|1760315112
|move|p2a: Tornadus|Taunt|p1a: Weezing
|-start|p1a: Weezing|move: Taunt
|cant|p1a: Weezing|move: Taunt|Will-O-Wisp
|
|upkeep
|turn|2
|
|t:|1760315116
|move|p2a: Tornadus|Knock Off|p1a: Weezing
|-resisted|p1a: Weezing
|-damage|p1a: Weezing|92/100
|-damage|p2a: Tornadus|84/100|[from] item: Rocky Helmet|[of] p1a: Weezing
|-enditem|p1a: Weezing|Rocky Helmet|[from] move: Knock Off|[of] p2a: Tornadus
|move|p1a: Weezing|Strange Steam|p2a: Tornadus
|-damage|p2a: Tornadus|49/100
|
|upkeep
|turn|3
|
|t:|1760315127
|move|p2a: Tornadus|U-turn|p1a: Weezing
|-resisted|p1a: Weezing
|-damage|p1a: Weezing|89/100
|
|t:|1760315132
|switch|p2a: Toxapex|Toxapex, F|100/100|[from] U-turn
|move|p1a: Weezing|Strange Steam|p2a: Toxapex
|-resisted|p2a: Toxapex
|-damage|p2a: Toxapex|90/100
|
|-heal|p2a: Toxapex|96/100|[from] item: Leftovers
|-end|p1a: Weezing|move: Taunt
|upkeep
|turn|4
|
|t:|1760315143
|move|p1a: Weezing|Will-O-Wisp|p2a: Toxapex
|-status|p2a: Toxapex|brn
|move|p2a: Toxapex|Liquidation|p1a: Weezing
|-damage|p1a: Weezing|81/100
|-unboost|p1a: Weezing|def|1
|
|-heal|p2a: Toxapex|100/100 brn|[from] item: Leftovers
|-damage|p2a: Toxapex|94/100 brn|[from] brn
|upkeep
|turn|5
|
|t:|1760315158
|move|p1a: Weezing|Strange Steam|p2a: Toxapex
|-resisted|p2a: Toxapex
|-damage|p2a: Toxapex|84/100 brn
|-start|p2a: Toxapex|confusion
|-activate|p2a: Toxapex|confusion
|-damage|p2a: Toxapex|79/100 brn|[from] confusion
|
|-heal|p2a: Toxapex|86/100 brn|[from] item: Leftovers
|-damage|p2a: Toxapex|79/100 brn|[from] brn
|upkeep
|turn|6
|
|t:|1760315166
|-end|p1a: Weezing|ability: Neutralizing Gas
|switch|p1a: Pelipper|Pelipper, F, shiny|100/100
|-weather|RainDance|[from] ability: Drizzle|[of] p1a: Pelipper
|-end|p2a: Toxapex|confusion
|move|p2a: Toxapex|Liquidation|p1a: Pelipper
|-resisted|p1a: Pelipper
|-damage|p1a: Pelipper|93/100
|
|-weather|RainDance|[upkeep]
|-heal|p2a: Toxapex|86/100 brn|[from] item: Leftovers
|-damage|p2a: Toxapex|79/100 brn|[from] brn
|upkeep
|turn|7
|
|t:|1760315177
|switch|p2a: Tornadus|Tornadus-Therian, M|49/100
|move|p1a: Pelipper|Hurricane|p2a: Tornadus
|-damage|p2a: Tornadus|1/100
|
|-weather|RainDance|[upkeep]
|upkeep
|turn|8
|
|t:|1760315187
|move|p2a: Tornadus|Knock Off|p1a: Pelipper
|-damage|p1a: Pelipper|70/100
|-enditem|p1a: Pelipper|Heavy-Duty Boots|[from] move: Knock Off|[of] p2a: Tornadus
|move|p1a: Pelipper|Hurricane|p2a: Tornadus
|-damage|p2a: Tornadus|0 fnt
|faint|p2a: Tornadus
|
|-weather|RainDance|[upkeep]
|upkeep
|
|t:|1760315191
|switch|p2a: Electrode|Electrode-Hisui|100/100
|turn|9
|
|t:|1760315200
|switch|p1a: Rillaboom|Rillaboom, M, shiny|100/100
|-fieldstart|move: Grassy Terrain|[from] ability: Grassy Surge|[of] p1a: Rillaboom
|move|p2a: Electrode|Volt Switch|p1a: Rillaboom
|-resisted|p1a: Rillaboom
|-damage|p1a: Rillaboom|72/100
|
|t:|1760315215
|switch|p2a: Gliscor|Gliscor, F|100/100|[from] Volt Switch
|
|-weather|RainDance|[upkeep]
|-heal|p1a: Rillaboom|79/100|[from] Grassy Terrain
|-status|p2a: Gliscor|tox|[from] item: Toxic Orb
|upkeep
|turn|10
|
|t:|1760315222
|move|p1a: Rillaboom|Taunt|p2a: Gliscor
|-start|p2a: Gliscor|move: Taunt
|cant|p2a: Gliscor|move: Taunt|Stealth Rock
|
|-weather|none
|-heal|p1a: Rillaboom|85/100|[from] Grassy Terrain
|upkeep
|turn|11
|
|t:|1760315230
|move|p1a: Rillaboom|U-turn|p2a: Gliscor
|-resisted|p2a: Gliscor
|-damage|p2a: Gliscor|93/100 tox
|
|t:|1760315233
|switch|p1a: Weezing|Weezing-Galar, F, shiny|81/100|[from] U-turn
|-ability|p1a: Weezing|Neutralizing Gas
|move|p2a: Gliscor|U-turn|p1a: Weezing
|-resisted|p1a: Weezing
|-damage|p1a: Weezing|77/100
|
|t:|1760315236
|switch|p2a: Barraskewda|Barraskewda, F|100/100|[from] U-turn
|
|-heal|p1a: Weezing|83/100|[from] Grassy Terrain
|upkeep
|turn|12
|
|t:|1760315244
|move|p2a: Barraskewda|Flip Turn|p1a: Weezing
|-damage|p1a: Weezing|48/100
|
|t:|1760315248
|switch|p2a: Toxapex|Toxapex, F|100/100 brn|[from] Flip Turn
|move|p1a: Weezing|Will-O-Wisp|p2a: Toxapex
|-fail|p2a: Toxapex|brn
|
|-heal|p1a: Weezing|54/100|[from] Grassy Terrain
|-damage|p2a: Toxapex|94/100 brn|[from] brn
|upkeep
|turn|13
|
|t:|1760315257
|move|p1a: Weezing|Pain Split|p2a: Toxapex
|-sethp|p2a: Toxapex|77/100 brn|[from] move: Pain Split|[silent]
|-sethp|p1a: Weezing|70/100|[from] move: Pain Split
|move|p2a: Toxapex|Liquidation|p1a: Weezing
|-damage|p1a: Weezing|62/100
|
|-heal|p1a: Weezing|68/100|[from] Grassy Terrain
|-heal|p2a: Toxapex|83/100 brn|[from] Grassy Terrain
|-heal|p2a: Toxapex|89/100 brn|[from] item: Leftovers
|-damage|p2a: Toxapex|83/100 brn|[from] brn
|upkeep
|turn|14
|
|t:|1760315269
|-end|p1a: Weezing|ability: Neutralizing Gas
|switch|p1a: Pelipper|Pelipper, F, shiny|70/100
|-weather|RainDance|[from] ability: Drizzle|[of] p1a: Pelipper
|switch|p2a: Electrode|Electrode-Hisui|100/100
|
|-weather|RainDance|[upkeep]
|upkeep
|turn|15
|
|t:|1760315281
|switch|p1a: Gogoat|Gogoat, F, shiny|100/100
|move|p2a: Electrode|Volt Switch|p1a: Gogoat
|-resisted|p1a: Gogoat
|-damage|p1a: Gogoat|86/100
|
|t:|1760315295
|switch|p2a: Gliscor|Gliscor, F|93/100 tox|[from] Volt Switch
|
|-weather|RainDance|[upkeep]
|-heal|p1a: Gogoat|93/100|[from] Grassy Terrain
|-heal|p2a: Gliscor|100/100 tox|[from] ability: Poison Heal
|upkeep
|turn|16
|
|t:|1760315316
|switch|p1a: Primarina|Primarina, F, shiny|100/100
|move|p2a: Gliscor|Stealth Rock|p1a: Primarina
|-sidestart|p1: nwo castle|move: Stealth Rock
|
|-weather|RainDance|[upkeep]
|-fieldend|move: Grassy Terrain
|upkeep
|turn|17
|
|t:|1760315322
|move|p2a: Gliscor|U-turn|p1a: Primarina
|-resisted|p1a: Primarina
|-damage|p1a: Primarina|87/100
|
|t:|1760315328
|switch|p2a: Electrode|Electrode-Hisui|100/100|[from] U-turn
|move|p1a: Primarina|Psychic Noise|p2a: Electrode
|-resisted|p2a: Electrode
|-crit|p2a: Electrode
|-damage|p2a: Electrode|0 fnt
|faint|p2a: Electrode
|
|-weather|RainDance|[upkeep]
|upkeep
|
|t:|1760315348
|switch|p2a: Barraskewda|Barraskewda, F|100/100
|turn|18
|
|t:|1760315360
|switch|p1a: Weezing|Weezing-Galar, F, shiny|68/100
|-ability|p1a: Weezing|Neutralizing Gas
|-damage|p1a: Weezing|56/100|[from] Stealth Rock
|move|p2a: Barraskewda|Liquidation|p1a: Weezing
|-damage|p1a: Weezing|0 fnt
|faint|p1a: Weezing
|-end|p1a: Weezing|ability: Neutralizing Gas
|
|-weather|none
|upkeep
|
|t:|1760315371
|switch|p1a: Rillaboom|Rillaboom, M, shiny|85/100
|-damage|p1a: Rillaboom|72/100|[from] Stealth Rock
|-fieldstart|move: Grassy Terrain|[from] ability: Grassy Surge|[of] p1a: Rillaboom
|turn|19
|
|t:|1760315377
|switch|p2a: Toxapex|Toxapex, F|100/100 brn
|move|p1a: Rillaboom|U-turn|p2a: Toxapex
|-resisted|p2a: Toxapex
|-damage|p2a: Toxapex|94/100 brn
|
|t:|1760315383
|switch|p1a: Comfey|Comfey, M, shiny|100/100|[from] U-turn
|-damage|p1a: Comfey|88/100|[from] Stealth Rock
|
|-heal|p1a: Comfey|94/100|[from] Grassy Terrain
|-heal|p2a: Toxapex|99/100 brn|[from] Grassy Terrain
|-heal|p2a: Toxapex|100/100 brn|[from] item: Leftovers
|-damage|p2a: Toxapex|94/100 brn|[from] brn
|upkeep
|turn|20
|
|t:|1760315393
|-terastallize|p1a: Comfey|Steel
|move|p1a: Comfey|Calm Mind|p1a: Comfey
|-boost|p1a: Comfey|spa|1
|-boost|p1a: Comfey|spd|1
|move|p2a: Toxapex|Toxic|p1a: Comfey
|-immune|p1a: Comfey
|
|-heal|p1a: Comfey|100/100|[from] Grassy Terrain
|-heal|p2a: Toxapex|100/100 brn|[from] Grassy Terrain
|-damage|p2a: Toxapex|94/100 brn|[from] brn
|upkeep
|turn|21
|-message|N00BYB0Y forfeited.
|
|win|nwo castle
|raw|nwo castle's rating: 1122 &rarr; <strong>1149</strong><br />(+27 for winning)
|raw|N00BYB0Y's rating: 1147 &rarr; <strong>1120</strong><br />(-27 for losing)
|l|☆N00BYB0Y
|player|p2|
