|j|☆cml666
|j|☆ChriszGOAT
|t:|1760458893
|gametype|singles
|player|p1|cml666|102|1181
|player|p2|ChriszGOAT|crasherwake|1134
|gen|9
|tier|[Gen 9] OU
|rated|
|rule|HP Percentage Mod: HP is shown in percentages
|rule|Endless Battle Clause: Forcing endless battles is banned
|rule|Species Clause: Limit one of each Pokémon
|rule|OHKO Clause: OHKO moves are banned
|rule|Evasion Items Clause: Evasion items are banned
|rule|Evasion Moves Clause: Evasion moves are banned
|rule|Evasion Abilities Clause: Evasion abilities are banned
|rule|Sleep Moves Clause: Sleep-inducing moves are banned
|clearpoke
|poke|p1|Dragapult, F|
|poke|p1|Alomomola, F|
|poke|p1|Slowking-Galar, F|
|poke|p1|Kyurem|
|poke|p1|Heatran, M|
|poke|p1|Great Tusk|
|poke|p2|Infernape, M|
|poke|p2|Zarude-Dada|
|poke|p2|Rillaboom, F|
|poke|p2|Passimian, F|
|poke|p2|Primeape, F|
|poke|p2|Munkidori, M|
|teampreview
|
|t:|1760458927
|teamsize|p1|6
|teamsize|p2|6
|start
|switch|p1a: Kyurem|Kyurem|100/100
|switch|p2a: The ball toucher|Passimian, F|100/100
|-ability|p1a: Kyurem|Pressure
|turn|1
|
|t:|1760458938
|switch|p1a: Alomomola|Alomomola, F|100/100
|move|p2a: The ball toucher|Close Combat|p1a: Alomomola
|-damage|p1a: Alomomola|67/100
|-unboost|p2a: The ball toucher|def|1
|-unboost|p2a: The ball toucher|spd|1
|-damage|p2a: The ball toucher|84/100|[from] item: Rocky Helmet|[of] p1a: Alomomola
|
|upkeep
|turn|2
|
|t:|1760458951
|switch|p2a: Zaddyrude|Zarude-Dada|100/100
|move|p1a: Alomomola|Flip Turn|p2a: Zaddyrude
|-resisted|p2a: Zaddyrude
|-damage|p2a: Zaddyrude|95/100
|l|☆cml666
|player|p1|
|j|☆cml666
|player|p1|cml666|102|
|
|t:|1760459042
|switch|p1a: Great Tusk|Great Tusk|100/100|[from] Flip Turn
|
|upkeep
|turn|3
|inactive|Battle timer is ON: inactive players will automatically lose when time's up. (requested by ChriszGOAT)
|inactive|cml666 has 120 seconds left.
|
|t:|1760459181
|switch|p2a: 5 BIG BOOMS|Rillaboom, F|100/100
|-fieldstart|move: Grassy Terrain|[from] ability: Grassy Surge|[of] p2a: 5 BIG BOOMS
|move|p1a: Great Tusk|Close Combat|p2a: 5 BIG BOOMS
|-damage|p2a: 5 BIG BOOMS|26/100
|-unboost|p1a: Great Tusk|def|1
|-unboost|p1a: Great Tusk|spd|1
|
|-heal|p2a: 5 BIG BOOMS|32/100|[from] Grassy Terrain
|upkeep
|turn|4
|inactive|cml666 has 120 seconds left.
|
|t:|1760459218
|-end|p1a: Great Tusk|Protosynthesis|[silent]
|switch|p1a: Alomomola|Alomomola, F|100/100
|move|p2a: 5 BIG BOOMS|Knock Off|p1a: Alomomola
|-damage|p1a: Alomomola|74/100
|-damage|p2a: 5 BIG BOOMS|15/100|[from] item: Rocky Helmet|[of] p1a: Alomomola
|-enditem|p1a: Alomomola|Rocky Helmet|[from] move: Knock Off|[of] p2a: 5 BIG BOOMS
|
|-heal|p2a: 5 BIG BOOMS|22/100|[from] Grassy Terrain
|-heal|p1a: Alomomola|80/100|[from] Grassy Terrain
|upkeep
|turn|5
|
|t:|1760459233
|switch|p2a: Zaddyrude|Zarude-Dada|95/100
|move|p1a: Alomomola|Flip Turn|p2a: Zaddyrude
|-resisted|p2a: Zaddyrude
|-damage|p2a: Zaddyrude|89/100
|
|t:|1760459238
|switch|p1a: Great Tusk|Great Tusk|100/100|[from] Flip Turn
|
|-heal|p2a: Zaddyrude|95/100|[from] Grassy Terrain
|upkeep
|turn|6
|
|t:|1760459245
|switch|p2a: Munkisnorey|Munkidori, M|100/100
|move|p1a: Great Tusk|Close Combat|p2a: Munkisnorey
|-resisted|p2a: Munkisnorey
|-damage|p2a: Munkisnorey|74/100
|-unboost|p1a: Great Tusk|def|1
|-unboost|p1a: Great Tusk|spd|1
|
|-heal|p2a: Munkisnorey|80/100|[from] Grassy Terrain
|upkeep
|turn|7
|
|t:|1760459274
|-end|p1a: Great Tusk|Protosynthesis|[silent]
|switch|p1a: Slowking|Slowking-Galar, F|100/100
|move|p2a: Munkisnorey|Psychic|p1a: Slowking
|-damage|p1a: Slowking|55/100
|
|-heal|p2a: Munkisnorey|86/100|[from] Grassy Terrain
|-heal|p1a: Slowking|61/100|[from] Grassy Terrain
|-fieldend|move: Grassy Terrain
|upkeep
|turn|8
|
|t:|1760459284
|move|p2a: Munkisnorey|Psychic|p1a: Slowking
|-damage|p1a: Slowking|22/100
|move|p1a: Slowking|Future Sight|p2a: Munkisnorey
|-start|p1a: Slowking|move: Future Sight
|
|upkeep
|turn|9
|
|t:|1760459289
|switch|p1a: Heatran|Heatran, M|100/100
|move|p2a: Munkisnorey|Psychic|p1a: Heatran
|-resisted|p1a: Heatran
|-damage|p1a: Heatran|79/100
|
|-heal|p1a: Heatran|85/100|[from] item: Leftovers
|upkeep
|turn|10
|
|t:|1760459302
|switch|p2a: 5 BIG BOOMS|Rillaboom, F|22/100
|-fieldstart|move: Grassy Terrain|[from] ability: Grassy Surge|[of] p2a: 5 BIG BOOMS
|move|p1a: Heatran|Stealth Rock|p2a: 5 BIG BOOMS
|-sidestart|p2: ChriszGOAT|move: Stealth Rock
|
|-end|p2a: 5 BIG BOOMS|move: Future Sight
|-damage|p2a: 5 BIG BOOMS|0 fnt
|faint|p2a: 5 BIG BOOMS
|-heal|p1a: Heatran|91/100|[from] Grassy Terrain
|-heal|p1a: Heatran|97/100|[from] item: Leftovers
|upkeep
|
|t:|1760459311
|switch|p2a: The ball toucher|Passimian, F|84/100
|-damage|p2a: The ball toucher|78/100|[from] Stealth Rock
|turn|11
|
|t:|1760459334
|switch|p1a: Slowking|Slowking-Galar, F|55/100
|move|p2a: The ball toucher|Earthquake|p1a: Slowking
|-supereffective|p1a: Slowking
|-damage|p1a: Slowking|22/100
|
|-heal|p2a: The ball toucher|84/100|[from] Grassy Terrain
|-heal|p1a: Slowking|28/100|[from] Grassy Terrain
|upkeep
|turn|12
|inactive|cml666 has 120 seconds left.
|
|t:|1760459369
|move|p2a: The ball toucher|Earthquake|p1a: Slowking
|-supereffective|p1a: Slowking
|-damage|p1a: Slowking|0 fnt
|faint|p1a: Slowking
|
|-heal|p2a: The ball toucher|90/100|[from] Grassy Terrain
|upkeep
|
|t:|1760459374
|switch|p1a: Alomomola|Alomomola, F|100/100
|turn|13
|
|t:|1760459384
|switch|p2a: Zaddyrude|Zarude-Dada|95/100
|-damage|p2a: Zaddyrude|83/100|[from] Stealth Rock
|move|p1a: Alomomola|Flip Turn|p2a: Zaddyrude
|-resisted|p2a: Zaddyrude
|-damage|p2a: Zaddyrude|77/100
|inactive|cml666 has 120 seconds left.
|
|t:|1760459393
|switch|p1a: Great Tusk|Great Tusk|100/100|[from] Flip Turn
|
|-heal|p2a: Zaddyrude|83/100|[from] Grassy Terrain
|upkeep
|turn|14
|
|t:|1760459405
|switch|p2a: Munkisnorey|Munkidori, M|86/100
|-damage|p2a: Munkisnorey|74/100|[from] Stealth Rock
|move|p1a: Great Tusk|Earthquake|p2a: Munkisnorey
|-supereffective|p2a: Munkisnorey
|-damage|p2a: Munkisnorey|0 fnt
|faint|p2a: Munkisnorey
|
|-fieldend|move: Grassy Terrain
|upkeep
|
|t:|1760459429
|switch|p2a: Temu Annihilape|Primeape, F|100/100
|-damage|p2a: Temu Annihilape|95/100|[from] Stealth Rock
|turn|15
|
|t:|1760459442
|-end|p1a: Great Tusk|Protosynthesis|[silent]
|switch|p1a: Alomomola|Alomomola, F|100/100
|move|p2a: Temu Annihilape|Ice Punch|p1a: Alomomola
|-resisted|p1a: Alomomola
|-damage|p1a: Alomomola|94/100
|
|upkeep
|turn|16
|
|t:|1760459449
|move|p2a: Temu Annihilape|Bulk Up|p2a: Temu Annihilape
|-boost|p2a: Temu Annihilape|atk|1
|-boost|p2a: Temu Annihilape|def|1
|move|p1a: Alomomola|Flip Turn|p2a: Temu Annihilape
|-damage|p2a: Temu Annihilape|85/100
|
|t:|1760459460
|switch|p1a: Dragapult|Dragapult, F|100/100|[from] Flip Turn
|
|upkeep
|turn|17
|
|t:|1760459467
|move|p1a: Dragapult|U-turn|p2a: Temu Annihilape
|-resisted|p2a: Temu Annihilape
|-damage|p2a: Temu Annihilape|74/100
|-damage|p1a: Dragapult|91/100|[from] item: Life Orb
|
|t:|1760459471
|switch|p1a: Alomomola|Alomomola, F|100/100|[from] U-turn
|move|p2a: Temu Annihilape|Rage Fist|p1a: Alomomola
|-damage|p1a: Alomomola|61/100
|
|upkeep
|turn|18
|
|t:|1760459481
|move|p2a: Temu Annihilape|Bulk Up|p2a: Temu Annihilape
|-boost|p2a: Temu Annihilape|atk|1
|-boost|p2a: Temu Annihilape|def|1
|move|p1a: Alomomola|Flip Turn|p2a: Temu Annihilape
|-damage|p2a: Temu Annihilape|67/100
|
|t:|1760459488
|switch|p1a: Kyurem|Kyurem|100/100|[from] Flip Turn
|-ability|p1a: Kyurem|Pressure
|
|upkeep
|turn|19
|
|t:|1760459496
|-terastallize|p2a: Temu Annihilape|Ghost
|move|p1a: Kyurem|Earth Power|p2a: Temu Annihilape
|-damage|p2a: Temu Annihilape|24/100
|move|p2a: Temu Annihilape|Rage Fist|p1a: Kyurem
|-crit|p1a: Kyurem
|-damage|p1a: Kyurem|0 fnt
|faint|p1a: Kyurem
|
|upkeep
|
|t:|1760459502
|switch|p1a: Dragapult|Dragapult, F|91/100
|turn|20
|
|t:|1760459512
|switch|p2a: Zaddyrude|Zarude-Dada|83/100
|-damage|p2a: Zaddyrude|71/100|[from] Stealth Rock
|move|p1a: Dragapult|Dragon Darts|p2a: Zaddyrude
|-damage|p2a: Zaddyrude|45/100
|-anim|p1a: Dragapult|Dragon Darts|p2a: Zaddyrude
|-damage|p2a: Zaddyrude|17/100
|-damage|p1a: Dragapult|81/100|[from] item: Life Orb
|
|upkeep
|turn|21
|-message|ChriszGOAT forfeited.
|
|win|cml666
|raw|cml666's rating: 1181 &rarr; <strong>1203</strong><br />(+22 for winning)
|raw|ChriszGOAT's rating: 1134 &rarr; <strong>1112</strong><br />(-22 for losing)
|l|☆ChriszGOAT
|player|p2|
|l|☆cml666
|player|p1|
