|j|☆Dixian
|j|☆hyatobot
|t:|1760414743
|gametype|singles
|player|p1|Dixian|266|1089
|player|p2|hyatobot|169|1113
|gen|9
|tier|[Gen 9] OU
|rated|
|rule|HP Percentage Mod: HP is shown in percentages
|rule|Endless Battle Clause: Forcing endless battles is banned
|rule|Species Clause: Limit one of each Pokémon
|rule|OHKO Clause: OHKO moves are banned
|rule|Evasion Items Clause: Evasion items are banned
|rule|Evasion Moves Clause: Evasion moves are banned
|rule|Evasion Abilities Clause: Evasion abilities are banned
|rule|Sleep Moves Clause: Sleep-inducing moves are banned
|clearpoke
|poke|p1|Houndoom, F|
|poke|p1|Azumarill, F|
|poke|p1|Salamence, M|
|poke|p1|Registeel|
|poke|p1|Venusaur, M|
|poke|p1|Ursaluna, F|
|poke|p2|Kingambit, F|
|poke|p2|Cinderace, F|
|poke|p2|Landorus-Therian, M|
|poke|p2|Iron Valiant|
|poke|p2|Kyurem|
|poke|p2|Slowking-Galar, M|
|teampreview
|inactive|Battle timer is ON: inactive players will automatically lose when time's up. (requested by Dixian)
|
|t:|1760414783
|teamsize|p1|6
|teamsize|p2|6
|start
|switch|p1a: Houndoom|Houndoom, F|100/100
|switch|p2a: Kyurem|Kyurem, shiny|100/100
|-ability|p1a: Houndoom|Unnerve
|-ability|p2a: Kyurem|Pressure
|turn|1
|
|t:|1760414795
|move|p1a: Houndoom|Fire Blast|p2a: Kyurem
|-damage|p2a: Kyurem|53/100
|move|p2a: Kyurem|Substitute|p2a: Kyurem
|-start|p2a: Kyurem|Substitute
|-damage|p2a: Kyurem|28/100
|
|-heal|p2a: Kyurem|34/100|[from] item: Leftovers
|upkeep
|turn|2
|
|t:|1760414803
|move|p2a: Kyurem|Protect|p2a: Kyurem
|-singleturn|p2a: Kyurem|Protect
|move|p1a: Houndoom|Fire Blast|p2a: Kyurem
|-activate|p2a: Kyurem|move: Protect
|
|-heal|p2a: Kyurem|40/100|[from] item: Leftovers
|upkeep
|turn|3
|
|t:|1760414810
|move|p1a: Houndoom|Fire Blast|p2a: Kyurem
|-end|p2a: Kyurem|Substitute
|move|p2a: Kyurem|Earth Power|p1a: Houndoom
|-supereffective|p1a: Houndoom
|-damage|p1a: Houndoom|12/100
|
|-heal|p2a: Kyurem|47/100|[from] item: Leftovers
|upkeep
|turn|4
|
|t:|1760414818
|move|p2a: Kyurem|Protect|p2a: Kyurem
|-singleturn|p2a: Kyurem|Protect
|move|p1a: Houndoom|Fire Blast|p2a: Kyurem
|-activate|p2a: Kyurem|move: Protect
|
|-heal|p2a: Kyurem|53/100|[from] item: Leftovers
|upkeep
|turn|5
|
|t:|1760414840
|switch|p1a: Registeel|Registeel|100/100
|switch|p2a: Slowking|Slowking-Galar, M, shiny|100/100
|
|upkeep
|turn|6
|
|t:|1760414848
|move|p1a: Registeel|Thunder Wave|p2a: Slowking
|-status|p2a: Slowking|par
|move|p2a: Slowking|Thunder Wave|p1a: Registeel
|-status|p1a: Registeel|par
|
|upkeep
|turn|7
|
|t:|1760414854
|move|p1a: Registeel|Stealth Rock|p2a: Slowking
|-sidestart|p2: hyatobot|move: Stealth Rock
|-prepare|p2a: Slowking|Chilly Reception|[premajor]
|move|p2a: Slowking|Chilly Reception|p2a: Slowking
|-weather|Snowscape
|
|t:|1760414859
|switch|p2a: Cinderace|Cinderace, F, shiny|100/100|[from] Chilly Reception
|
|-weather|Snowscape|[upkeep]
|upkeep
|turn|8
|
|t:|1760414869
|switch|p1a: Houndoom|Houndoom, F|12/100
|-ability|p1a: Houndoom|Unnerve
|move|p2a: Cinderace|Court Change|p2a: Cinderace
|-swapsideconditions
|-activate|p2a: Cinderace|move: Court Change
|
|-weather|Snowscape|[upkeep]
|upkeep
|turn|9
|
|t:|1760414880
|switch|p2a: Slowking|Slowking-Galar, M, shiny|100/100 par
|move|p1a: Houndoom|Sludge Bomb|p2a: Slowking
|-resisted|p2a: Slowking
|-damage|p2a: Slowking|93/100 par
|
|-weather|Snowscape|[upkeep]
|upkeep
|turn|10
|
|t:|1760414887
|switch|p1a: Registeel|Registeel|100/100 par
|-damage|p1a: Registeel|95/100 par|[from] Stealth Rock
|cant|p2a: Slowking|par
|
|-weather|Snowscape|[upkeep]
|upkeep
|turn|11
|
|t:|1760414894
|move|p1a: Registeel|Stealth Rock|p2a: Slowking
|-sidestart|p2: hyatobot|move: Stealth Rock
|-prepare|p2a: Slowking|Chilly Reception|[premajor]
|move|p2a: Slowking|Chilly Reception|p2a: Slowking
|
|t:|1760414898
|switch|p2a: Cinderace|Cinderace, F, shiny|100/100|[from] Chilly Reception
|
|-weather|none
|upkeep
|turn|12
|
|t:|1760414905
|move|p2a: Cinderace|Pyro Ball|p1a: Registeel
|-supereffective|p1a: Registeel
|-damage|p1a: Registeel|37/100 par
|move|p1a: Registeel|Thunder Wave|p2a: Cinderace
|-status|p2a: Cinderace|par
|
|upkeep
|turn|13
|
|t:|1760414914
|move|p2a: Cinderace|Pyro Ball|p1a: Registeel
|-supereffective|p1a: Registeel
|-damage|p1a: Registeel|0 fnt
|faint|p1a: Registeel
|
|upkeep
|
|t:|1760414927
|switch|p1a: Ursaluna|Ursaluna, F|100/100
|-damage|p1a: Ursaluna|94/100|[from] Stealth Rock
|turn|14
|
|t:|1760414935
|switch|p2a: Landorus|Landorus-Therian, M, shiny|100/100
|-damage|p2a: Landorus|88/100|[from] Stealth Rock
|-ability|p2a: Landorus|Intimidate|boost
|-unboost|p1a: Ursaluna|atk|1
|move|p1a: Ursaluna|Taunt|p2a: Landorus
|-start|p2a: Landorus|move: Taunt
|
|-status|p1a: Ursaluna|brn|[from] item: Flame Orb
|upkeep
|turn|15
|
|t:|1760414950
|move|p2a: Landorus|Earthquake|p1a: Ursaluna
|-damage|p1a: Ursaluna|68/100 brn
|move|p1a: Ursaluna|Facade|p2a: Landorus
|-damage|p2a: Landorus|24/100
|-damage|p1a: Ursaluna|52/100 brn|[from] item: Rocky Helmet|[of] p2a: Landorus
|
|-damage|p1a: Ursaluna|45/100 brn|[from] brn
|upkeep
|turn|16
|
|t:|1760414961
|move|p2a: Landorus|Earthquake|p1a: Ursaluna
|-damage|p1a: Ursaluna|18/100 brn
|move|p1a: Ursaluna|Trailblaze|p2a: Landorus
|-damage|p2a: Landorus|7/100
|-boost|p1a: Ursaluna|spe|1
|-damage|p1a: Ursaluna|2/100 brn|[from] item: Rocky Helmet|[of] p2a: Landorus
|
|-damage|p1a: Ursaluna|0 fnt|[from] brn
|faint|p1a: Ursaluna
|-end|p2a: Landorus|move: Taunt
|upkeep
|
|t:|1760414977
|switch|p1a: Azumarill|Azumarill, F|100/100
|-damage|p1a: Azumarill|88/100|[from] Stealth Rock
|turn|17
|
|t:|1760414980
|move|p1a: Azumarill|Aqua Jet|p2a: Landorus
|-supereffective|p2a: Landorus
|-damage|p2a: Landorus|0 fnt
|-damage|p1a: Azumarill|72/100|[from] item: Rocky Helmet|[of] p2a: Landorus
|faint|p2a: Landorus
|
|upkeep
|
|t:|1760414995
|switch|p2a: Kyurem|Kyurem, shiny|53/100
|-damage|p2a: Kyurem|28/100|[from] Stealth Rock
|-ability|p2a: Kyurem|Pressure
|turn|18
|
|t:|1760415009
|move|p2a: Kyurem|Protect|p2a: Kyurem
|-singleturn|p2a: Kyurem|Protect
|move|p1a: Azumarill|Play Rough|p2a: Kyurem
|-activate|p2a: Kyurem|move: Protect
|
|-heal|p2a: Kyurem|34/100|[from] item: Leftovers
|upkeep
|turn|19
|
|t:|1760415016
|move|p2a: Kyurem|Freeze-Dry|p1a: Azumarill
|-supereffective|p1a: Azumarill
|-damage|p1a: Azumarill|3/100
|-enditem|p1a: Azumarill|Sitrus Berry|[eat]
|-heal|p1a: Azumarill|28/100|[from] item: Sitrus Berry
|move|p1a: Azumarill|Play Rough|p2a: Kyurem
|-supereffective|p2a: Kyurem
|-damage|p2a: Kyurem|0 fnt
|faint|p2a: Kyurem
|
|upkeep
|
|t:|1760415037
|switch|p2a: Slowking|Slowking-Galar, M, shiny|100/100 par
|turn|20
|
|t:|1760415043
|move|p1a: Azumarill|Knock Off|p2a: Slowking
|-supereffective|p2a: Slowking
|-damage|p2a: Slowking|16/100 par
|-enditem|p2a: Slowking|Heavy-Duty Boots|[from] move: Knock Off|[of] p1a: Azumarill
|move|p2a: Slowking|Sludge Bomb|p1a: Azumarill
|-supereffective|p1a: Azumarill
|-damage|p1a: Azumarill|0 fnt
|faint|p1a: Azumarill
|
|upkeep
|
|t:|1760415058
|switch|p1a: Salamence|Salamence, M|100/100
|-damage|p1a: Salamence|75/100|[from] Stealth Rock
|-ability|p1a: Salamence|Intimidate|boost
|-unboost|p2a: Slowking|atk|1
|turn|21
|
|t:|1760415066
|switch|p2a: Cinderace|Cinderace, F, shiny|100/100 par
|move|p1a: Salamence|Flamethrower|p2a: Cinderace
|-resisted|p2a: Cinderace
|-damage|p2a: Cinderace|77/100 par
|-damage|p1a: Salamence|66/100|[from] item: Life Orb
|
|upkeep
|turn|22
|
|t:|1760415074
|cant|p2a: Cinderace|par
|move|p1a: Salamence|Dragon Tail|p2a: Cinderace
|-damage|p2a: Cinderace|36/100 par
|-damage|p1a: Salamence|56/100|[from] item: Life Orb
|drag|p2a: Iron Valiant|Iron Valiant|100/100
|-damage|p2a: Iron Valiant|94/100|[from] Stealth Rock
|-enditem|p2a: Iron Valiant|Booster Energy
|-activate|p2a: Iron Valiant|ability: Quark Drive|[fromitem]
|-start|p2a: Iron Valiant|quarkdrivespe
|
|upkeep
|turn|23
|
|t:|1760415086
|-terastallize|p1a: Salamence|Steel
|move|p2a: Iron Valiant|Encore|p1a: Salamence
|-start|p1a: Salamence|Encore
|move|p1a: Salamence|Dragon Tail|p2a: Iron Valiant
|-immune|p2a: Iron Valiant
|
|upkeep
|turn|24
|
|t:|1760415093
|switch|p1a: Venusaur|Venusaur, M|100/100
|move|p2a: Iron Valiant|Calm Mind|p2a: Iron Valiant
|-boost|p2a: Iron Valiant|spa|1
|-boost|p2a: Iron Valiant|spd|1
|
|upkeep
|turn|25
|
|t:|1760415100
|-terastallize|p2a: Iron Valiant|Ghost
|move|p2a: Iron Valiant|Shadow Ball|p1a: Venusaur
|-damage|p1a: Venusaur|43/100
|move|p1a: Venusaur|Leech Seed|p2a: Iron Valiant|[miss]
|-miss|p1a: Venusaur|p2a: Iron Valiant
|
|upkeep
|turn|26
|
|t:|1760415109
|move|p2a: Iron Valiant|Shadow Ball|p1a: Venusaur
|-damage|p1a: Venusaur|0 fnt
|faint|p1a: Venusaur
|
|upkeep
|
|t:|1760415120
|switch|p1a: Houndoom|Houndoom, F|12/100
|-ability|p1a: Houndoom|Unnerve
|-damage|p1a: Houndoom|0 fnt|[from] Stealth Rock
|faint|p1a: Houndoom
|
|t:|1760415125
|switch|p1a: Salamence|Salamence, M, tera:Steel|56/100
|-damage|p1a: Salamence|50/100|[from] Stealth Rock
|-ability|p1a: Salamence|Intimidate|boost
|-unboost|p2a: Iron Valiant|atk|1
|turn|27
|
|t:|1760415133
|move|p2a: Iron Valiant|Shadow Ball|p1a: Salamence
|-damage|p1a: Salamence|0 fnt
|faint|p1a: Salamence
|
|win|hyatobot
|raw|Dixian's rating: 1089 &rarr; <strong>1067</strong><br />(-22 for losing)
|raw|hyatobot's rating: 1113 &rarr; <strong>1136</strong><br />(+23 for winning)
|l|☆Dixian
|player|p1|
|l|☆hyatobot
|player|p2|
