|j|☆Red Icigool
|j|☆psychedelic_kit
|t:|1760348988
|gametype|singles
|player|p1|Red Icigool|swimmerf-gen4|1114
|player|p2|psychedelic_kit|red|1119
|gen|9
|tier|[Gen 9] OU
|rated|
|rule|HP Percentage Mod: HP is shown in percentages
|rule|Endless Battle Clause: Forcing endless battles is banned
|rule|Species Clause: Limit one of each Pokémon
|rule|OHKO Clause: OHKO moves are banned
|rule|Evasion Items Clause: Evasion items are banned
|rule|Evasion Moves Clause: Evasion moves are banned
|rule|Evasion Abilities Clause: Evasion abilities are banned
|rule|Sleep Moves Clause: Sleep-inducing moves are banned
|clearpoke
|poke|p1|Maushold-Four|
|poke|p1|Iron Moth|
|poke|p1|Scizor, F|
|poke|p1|Lokix, F|
|poke|p1|Primarina, F|
|poke|p1|Alomomola, M|
|poke|p2|Dragonite, F|
|poke|p2|Landorus-Therian, M|
|poke|p2|Hatterene, F|
|poke|p2|Meowscarada, F|
|poke|p2|Walking Wake|
|poke|p2|Volbeat, M|
|teampreview
|
|t:|1760349004
|teamsize|p1|6
|teamsize|p2|6
|start
|switch|p1a: Delta|Lokix, F, shiny|100/100
|switch|p2a: Landorus|Landorus-Therian, M|100/100
|-ability|p2a: Landorus|Intimidate|boost
|-unboost|p1a: Delta|atk|1
|turn|1
|
|t:|1760349014
|move|p1a: Delta|U-turn|p2a: Landorus
|-resisted|p2a: Landorus
|-damage|p2a: Landorus|67/100
|-damage|p1a: Delta|84/100|[from] item: Rocky Helmet|[of] p2a: Landorus
|
|t:|1760349021
|switch|p1a: Draco|Alomomola, M|100/100|[from] U-turn
|move|p2a: Landorus|Focus Blast|p1a: Draco|[miss]
|-miss|p2a: Landorus|p1a: Draco
|
|upkeep
|turn|2
|
|t:|1760349035
|switch|p2a: Walking Wake|Walking Wake|100/100
|move|p1a: Draco|Flip Turn|p2a: Walking Wake
|-resisted|p2a: Walking Wake
|-damage|p2a: Walking Wake|97/100
|
|t:|1760349042
|switch|p1a: Chara|Primarina, F, shiny|100/100|[from] Flip Turn
|
|-heal|p2a: Walking Wake|100/100|[from] item: Leftovers
|upkeep
|turn|3
|
|t:|1760349072
|move|p2a: Walking Wake|Sunny Day|p2a: Walking Wake
|-weather|SunnyDay
|-activate|p2a: Walking Wake|ability: Protosynthesis
|-start|p2a: Walking Wake|protosynthesisspa
|move|p1a: Chara|Moonblast|p2a: Walking Wake
|-supereffective|p2a: Walking Wake
|-damage|p2a: Walking Wake|0 fnt
|faint|p2a: Walking Wake
|-end|p2a: Walking Wake|Protosynthesis|[silent]
|
|-weather|SunnyDay|[upkeep]
|upkeep
|
|t:|1760349086
|switch|p2a: Hatterene|Hatterene, F|100/100
|turn|4
|
|t:|1760349110
|move|p1a: Chara|Moonblast|p2a: Hatterene
|-damage|p2a: Hatterene|45/100
|move|p2a: Hatterene|Calm Mind|p2a: Hatterene
|-boost|p2a: Hatterene|spa|1
|-boost|p2a: Hatterene|spd|1
|
|-weather|SunnyDay|[upkeep]
|-heal|p2a: Hatterene|51/100|[from] item: Leftovers
|upkeep
|turn|5
|
|t:|1760349122
|move|p1a: Chara|Moonblast|p2a: Hatterene
|-damage|p2a: Hatterene|14/100
|move|p2a: Hatterene|Shadow Ball|p1a: Chara
|-damage|p1a: Chara|74/100
|
|-weather|SunnyDay|[upkeep]
|-heal|p2a: Hatterene|20/100|[from] item: Leftovers
|upkeep
|turn|6
|
|t:|1760349137
|move|p1a: Chara|Moonblast|p2a: Hatterene
|-damage|p2a: Hatterene|0 fnt
|faint|p2a: Hatterene
|
|-weather|SunnyDay|[upkeep]
|upkeep
|
|t:|1760349146
|switch|p2a: Volbeat|Volbeat, M|100/100
|turn|7
|
|t:|1760349166
|switch|p1a: Draco|Alomomola, M|100/100
|move|p2a: Volbeat|Thunder Wave|p1a: Draco
|-status|p1a: Draco|par
|
|-weather|none
|upkeep
|turn|8
|
|t:|1760349173
|move|p2a: Volbeat|Light Screen|p2a: Volbeat
|-sidestart|p2: psychedelic_kit|move: Light Screen
|move|p1a: Draco|Flip Turn|p2a: Volbeat
|-damage|p2a: Volbeat|80/100
|
|t:|1760349189
|switch|p1a: Delta|Lokix, F, shiny|84/100|[from] Flip Turn
|
|-heal|p2a: Volbeat|87/100|[from] item: Leftovers
|upkeep
|turn|9
|
|t:|1760349196
|move|p2a: Volbeat|Tailwind|p2a: Volbeat
|-sidestart|p2: psychedelic_kit|move: Tailwind
|move|p1a: Delta|U-turn|p2a: Volbeat
|-damage|p2a: Volbeat|30/100
|
|t:|1760349202
|switch|p1a: Draco|Alomomola, M|100/100 par|[from] U-turn
|
|-heal|p2a: Volbeat|36/100|[from] item: Leftovers
|upkeep
|turn|10
|
|t:|1760349209
|move|p2a: Volbeat|Moonlight|p2a: Volbeat
|-heal|p2a: Volbeat|86/100
|move|p1a: Draco|Wish|p1a: Draco
|
|-heal|p2a: Volbeat|92/100|[from] item: Leftovers
|upkeep
|turn|11
|
|t:|1760349231
|switch|p2a: Dragonite|Dragonite, F|100/100
|move|p1a: Draco|Flip Turn|p2a: Dragonite
|-resisted|p2a: Dragonite
|-damage|p2a: Dragonite|96/100
|
|t:|1760349244
|switch|p1a: Chara|Primarina, F, shiny|74/100|[from] Flip Turn
|
|-heal|p1a: Chara|100/100|[from] move: Wish|[wisher] Draco
|upkeep
|turn|12
|
|t:|1760349254
|switch|p2a: Volbeat|Volbeat, M|92/100
|move|p1a: Chara|Moonblast|p2a: Volbeat
|-damage|p2a: Volbeat|60/100
|-unboost|p2a: Volbeat|spa|1
|
|-heal|p2a: Volbeat|67/100|[from] item: Leftovers
|-sideend|p2: psychedelic_kit|move: Light Screen
|-sideend|p2: psychedelic_kit|move: Tailwind
|upkeep
|turn|13
|
|t:|1760349272
|switch|p1a: Draco|Alomomola, M|100/100 par
|move|p2a: Volbeat|Light Screen|p2a: Volbeat
|-sidestart|p2: psychedelic_kit|move: Light Screen
|
|-heal|p2a: Volbeat|73/100|[from] item: Leftovers
|upkeep
|turn|14
|
|t:|1760349285
|move|p2a: Volbeat|Tailwind|p2a: Volbeat
|-sidestart|p2: psychedelic_kit|move: Tailwind
|move|p1a: Draco|Flip Turn|p2a: Volbeat
|-damage|p2a: Volbeat|52/100
|
|t:|1760349292
|switch|p1a: Delta|Lokix, F, shiny|84/100|[from] Flip Turn
|
|-heal|p2a: Volbeat|58/100|[from] item: Leftovers
|upkeep
|turn|15
|
|t:|1760349300
|move|p2a: Volbeat|Moonlight|p2a: Volbeat
|-heal|p2a: Volbeat|100/100
|move|p1a: Delta|U-turn|p2a: Volbeat
|-damage|p2a: Volbeat|43/100
|
|t:|1760349306
|switch|p1a: Kita|Scizor, F, shiny|100/100|[from] U-turn
|
|-heal|p2a: Volbeat|49/100|[from] item: Leftovers
|upkeep
|turn|16
|
|t:|1760349311
|switch|p1a: Draco|Alomomola, M|100/100 par
|move|p2a: Volbeat|Moonlight|p2a: Volbeat
|-heal|p2a: Volbeat|99/100
|
|-heal|p2a: Volbeat|100/100|[from] item: Leftovers
|upkeep
|turn|17
|
|t:|1760349327
|move|p2a: Volbeat|Thunder Wave|p1a: Draco
|-fail|p1a: Draco|par
|move|p1a: Draco|Flip Turn|p2a: Volbeat
|-crit|p2a: Volbeat
|-damage|p2a: Volbeat|71/100
|
|t:|1760349338
|switch|p1a: Delta|Lokix, F, shiny|84/100|[from] Flip Turn
|
|-heal|p2a: Volbeat|77/100|[from] item: Leftovers
|-sideend|p2: psychedelic_kit|move: Light Screen
|-sideend|p2: psychedelic_kit|move: Tailwind
|upkeep
|turn|18
|
|t:|1760349361
|move|p2a: Volbeat|Light Screen|p2a: Volbeat
|-sidestart|p2: psychedelic_kit|move: Light Screen
|move|p1a: Delta|U-turn|p2a: Volbeat
|-damage|p2a: Volbeat|19/100
|
|t:|1760349369
|switch|p1a: Kita|Scizor, F, shiny|100/100|[from] U-turn
|
|-heal|p2a: Volbeat|25/100|[from] item: Leftovers
|upkeep
|turn|19
|
|t:|1760349398
|move|p2a: Volbeat|Moonlight|p2a: Volbeat
|-heal|p2a: Volbeat|75/100
|move|p1a: Kita|Bullet Punch|p2a: Volbeat
|-damage|p2a: Volbeat|34/100
|
|-heal|p2a: Volbeat|40/100|[from] item: Leftovers
|upkeep
|turn|20
|
|t:|1760349408
|switch|p1a: Draco|Alomomola, M|100/100 par
|move|p2a: Volbeat|Moonlight|p2a: Volbeat
|-heal|p2a: Volbeat|90/100
|
|-heal|p2a: Volbeat|96/100|[from] item: Leftovers
|upkeep
|turn|21
|
|t:|1760349418
|move|p2a: Volbeat|Tailwind|p2a: Volbeat
|-sidestart|p2: psychedelic_kit|move: Tailwind
|move|p1a: Draco|Flip Turn|p2a: Volbeat
|-damage|p2a: Volbeat|76/100
|
|t:|1760349424
|switch|p1a: Delta|Lokix, F, shiny|84/100|[from] Flip Turn
|
|-heal|p2a: Volbeat|82/100|[from] item: Leftovers
|upkeep
|turn|22
|
|t:|1760349431
|switch|p2a: Landorus|Landorus-Therian, M|67/100
|-ability|p2a: Landorus|Intimidate|boost
|-unboost|p1a: Delta|atk|1
|move|p1a: Delta|Knock Off|p2a: Landorus
|-damage|p2a: Landorus|14/100
|-damage|p1a: Delta|67/100|[from] item: Rocky Helmet|[of] p2a: Landorus
|-enditem|p2a: Landorus|Rocky Helmet|[from] move: Knock Off|[of] p1a: Delta
|
|-sideend|p2: psychedelic_kit|move: Light Screen
|upkeep
|turn|23
|
|t:|1760349444
|switch|p1a: Draco|Alomomola, M|100/100 par
|move|p2a: Landorus|Stealth Rock|p1a: Draco
|-sidestart|p1: Red Icigool|move: Stealth Rock
|
|upkeep
|turn|24
|
|t:|1760349451
|move|p2a: Landorus|U-turn|p1a: Draco
|-damage|p1a: Draco|88/100 par
|
|t:|1760349454
|switch|p2a: Volbeat|Volbeat, M|82/100|[from] U-turn
|move|p1a: Draco|Flip Turn|p2a: Volbeat
|-damage|p2a: Volbeat|61/100
|
|t:|1760349467
|switch|p1a: Delta|Lokix, F, shiny|67/100|[from] Flip Turn
|-damage|p1a: Delta|43/100|[from] Stealth Rock
|
|-heal|p2a: Volbeat|67/100|[from] item: Leftovers
|-sideend|p2: psychedelic_kit|move: Tailwind
|upkeep
|turn|25
|
|t:|1760349476
|move|p1a: Delta|First Impression|p2a: Volbeat
|-damage|p2a: Volbeat|0 fnt
|faint|p2a: Volbeat
|
|upkeep
|
|t:|1760349488
|switch|p2a: Meowscarada|Meowscarada, F, shiny|100/100
|turn|26
|
|t:|1760349535
|switch|p1a: Kita|Scizor, F, shiny|100/100
|-damage|p1a: Kita|88/100|[from] Stealth Rock
|move|p2a: Meowscarada|Triple Axel|p1a: Kita
|-start|p2a: Meowscarada|typechange|Ice|[from] ability: Protean
|-resisted|p1a: Kita
|-damage|p1a: Kita|81/100
|-resisted|p1a: Kita
|-damage|p1a: Kita|66/100
|-resisted|p1a: Kita
|-damage|p1a: Kita|42/100
|-hitcount|p1a: Kita|3
|
|-heal|p1a: Kita|48/100|[from] item: Leftovers
|upkeep
|turn|27
|
|t:|1760349552
|switch|p2a: Landorus|Landorus-Therian, M|14/100
|-ability|p2a: Landorus|Intimidate|boost
|-unboost|p1a: Kita|atk|1
|move|p1a: Kita|Focus Energy|p1a: Kita
|-start|p1a: Kita|move: Focus Energy
|
|-heal|p1a: Kita|55/100|[from] item: Leftovers
|upkeep
|turn|28
|
|t:|1760349587
|move|p1a: Kita|Bullet Punch|p2a: Landorus
|-damage|p2a: Landorus|0 fnt
|faint|p2a: Landorus
|
|-heal|p1a: Kita|61/100|[from] item: Leftovers
|upkeep
|
|t:|1760349596
|switch|p2a: Dragonite|Dragonite, F|96/100
|turn|29
|
|t:|1760349603
|move|p2a: Dragonite|Dragon Dance|p2a: Dragonite
|-boost|p2a: Dragonite|atk|1
|-boost|p2a: Dragonite|spe|1
|move|p1a: Kita|U-turn|p2a: Dragonite
|-resisted|p2a: Dragonite
|-damage|p2a: Dragonite|81/100
|
|t:|1760349606
|switch|p1a: Draco|Alomomola, M|100/100 par|[from] U-turn
|-damage|p1a: Draco|88/100 par|[from] Stealth Rock
|
|-heal|p1a: Draco|94/100 par|[from] item: Leftovers
|upkeep
|turn|30
|
|t:|1760349616
|-terastallize|p2a: Dragonite|Normal
|move|p2a: Dragonite|Dragon Dance|p2a: Dragonite
|-boost|p2a: Dragonite|atk|1
|-boost|p2a: Dragonite|spe|1
|move|p1a: Draco|Wish|p1a: Draco
|
|-heal|p1a: Draco|100/100 par|[from] item: Leftovers
|upkeep
|turn|31
|inactive|Battle timer is ON: inactive players will automatically lose when time's up. (requested by psychedelic_kit)
|
|t:|1760349651
|move|p2a: Dragonite|Dragon Dance|p2a: Dragonite
|-boost|p2a: Dragonite|atk|1
|-boost|p2a: Dragonite|spe|1
|cant|p1a: Draco|par
|
|upkeep
|turn|32
|
|t:|1760349667
|switch|p1a: Kita|Scizor, F, shiny|61/100
|-damage|p1a: Kita|48/100|[from] Stealth Rock
|move|p2a: Dragonite|Dragon Dance|p2a: Dragonite
|-boost|p2a: Dragonite|atk|1
|-boost|p2a: Dragonite|spe|1
|
|-heal|p1a: Kita|54/100|[from] item: Leftovers
|upkeep
|turn|33
|
|t:|1760349680
|-terastallize|p1a: Kita|Steel
|move|p2a: Dragonite|Earthquake|p1a: Kita
|-supereffective|p1a: Kita
|-damage|p1a: Kita|0 fnt
|faint|p1a: Kita
|
|upkeep
|
|t:|1760349684
|switch|p1a: Delta|Lokix, F, shiny|43/100
|-damage|p1a: Delta|18/100|[from] Stealth Rock
|turn|34
|
|t:|1760349690
|move|p2a: Dragonite|Extreme Speed|p1a: Delta
|-damage|p1a: Delta|0 fnt
|faint|p1a: Delta
|
|upkeep
|
|t:|1760349712
|switch|p1a: Chara|Primarina, F, shiny|100/100
|-damage|p1a: Chara|88/100|[from] Stealth Rock
|turn|35
|
|t:|1760349718
|move|p2a: Dragonite|Earthquake|p1a: Chara
|-damage|p1a: Chara|0 fnt
|faint|p1a: Chara
|
|upkeep
|c|☆Red Icigool|gg
|l|☆Red Icigool
|inactive|Red Icigool disconnected and has a minute to reconnect!
|player|p1|
|inactive|Red Icigool has 30 seconds to reconnect!
|inactive|Red Icigool has 20 seconds to reconnect!
|inactive|Red Icigool has 15 seconds to reconnect!
|inactive|Red Icigool has 10 seconds to reconnect!
|inactive|Red Icigool has 5 seconds to reconnect!
|-message|Red Icigool lost due to inactivity.
|
|win|psychedelic_kit
|raw|Red Icigool's rating: 1114 &rarr; <strong>1089</strong><br />(-25 for losing)
|raw|psychedelic_kit's rating: 1119 &rarr; <strong>1144</strong><br />(+25 for winning)
|l|☆psychedelic_kit
|player|p2|
