|j|☆DoDouno
|j|☆vinskuno
|t:|1760335579
|gametype|singles
|player|p1|DoDouno|psychic|1266
|player|p2|vinskuno|2|1339
|gen|9
|tier|[Gen 9] OU
|rated|
|rule|HP Percentage Mod: HP is shown in percentages
|rule|Endless Battle Clause: Forcing endless battles is banned
|rule|Species Clause: Limit one of each Pokémon
|rule|OHKO Clause: OHKO moves are banned
|rule|Evasion Items Clause: Evasion items are banned
|rule|Evasion Moves Clause: Evasion moves are banned
|rule|Evasion Abilities Clause: Evasion abilities are banned
|rule|Sleep Moves Clause: Sleep-inducing moves are banned
|clearpoke
|poke|p1|Kingambit, F|
|poke|p1|Cinderace, F|
|poke|p1|Landorus-Therian, M|
|poke|p1|Iron Valiant|
|poke|p1|Kyurem|
|poke|p1|Slowking-Galar, M|
|poke|p2|Pincurchin, M|
|poke|p2|Iron Treads|
|poke|p2|Iron Leaves|
|poke|p2|Alomomola, F|
|poke|p2|Iron Jugulis|
|poke|p2|Iron Valiant|
|teampreview
|
|t:|1760335594
|teamsize|p1|6
|teamsize|p2|6
|start
|switch|p1a: Chunk|Landorus-Therian, M, shiny|100/100
|switch|p2a: Pincurchin|Pincurchin, M|100/100
|-ability|p1a: Chunk|Intimidate|boost
|-unboost|p2a: Pincurchin|atk|1
|-fieldstart|move: Electric Terrain|[from] ability: Electric Surge|[of] p2a: Pincurchin
|turn|1
|
|t:|1760335605
|switch|p2a: Alomomola|Alomomola, F|100/100
|move|p1a: Chunk|Rock Tomb|p2a: Alomomola
|-damage|p2a: Alomomola|89/100
|-unboost|p2a: Alomomola|spe|1
|
|upkeep
|turn|2
|
|t:|1760335614
|move|p1a: Chunk|Taunt|p2a: Alomomola
|-start|p2a: Alomomola|move: Taunt
|move|p2a: Alomomola|Flip Turn|p1a: Chunk
|-supereffective|p1a: Chunk
|-damage|p1a: Chunk|69/100
|-damage|p2a: Alomomola|72/100|[from] item: Rocky Helmet|[of] p1a: Chunk
|
|t:|1760335625
|switch|p2a: Iron Leaves|Iron Leaves|100/100|[from] Flip Turn
|-activate|p2a: Iron Leaves|ability: Quark Drive
|-start|p2a: Iron Leaves|quarkdrivespe
|
|upkeep
|turn|3
|
|t:|1760335636
|switch|p1a: Dad|Kingambit, F|100/100
|-terastallize|p2a: Iron Leaves|Psychic
|move|p2a: Iron Leaves|Swords Dance|p2a: Iron Leaves
|-boost|p2a: Iron Leaves|atk|2
|
|upkeep
|turn|4
|
|t:|1760335646
|move|p2a: Iron Leaves|Sacred Sword|p1a: Dad
|-supereffective|p1a: Dad
|-damage|p1a: Dad|0 fnt
|faint|p1a: Dad
|-end|p1a: Dad|fallenundefined|[silent]
|
|upkeep
|inactive|Battle timer is ON: inactive players will automatically lose when time's up. (requested by vinskuno)
|
|t:|1760335659
|switch|p1a: Goat|Iron Valiant|100/100
|-activate|p1a: Goat|ability: Quark Drive
|-start|p1a: Goat|quarkdrivespe
|turn|5
|
|t:|1760335664
|move|p1a: Goat|Encore|p2a: Iron Leaves
|-start|p2a: Iron Leaves|Encore
|move|p2a: Iron Leaves|Sacred Sword|p1a: Goat
|-resisted|p1a: Goat
|-damage|p1a: Goat|64/100
|
|upkeep
|turn|6
|
|t:|1760335676
|-end|p2a: Iron Leaves|Quark Drive|[silent]
|switch|p2a: Alomomola|Alomomola, F|100/100
|move|p1a: Goat|Moonblast|p2a: Alomomola
|-damage|p2a: Alomomola|76/100
|-unboost|p2a: Alomomola|spa|1
|
|upkeep
|turn|7
|
|t:|1760335685
|move|p1a: Goat|Calm Mind|p1a: Goat
|-boost|p1a: Goat|spa|1
|-boost|p1a: Goat|spd|1
|move|p2a: Alomomola|Flip Turn|p1a: Goat
|-damage|p1a: Goat|43/100
|
|t:|1760335691
|switch|p2a: Iron Treads|Iron Treads|100/100|[from] Flip Turn
|-activate|p2a: Iron Treads|ability: Quark Drive
|-start|p2a: Iron Treads|quarkdriveatk
|
|upkeep
|turn|8
|
|t:|1760335704
|-end|p1a: Goat|Quark Drive|[silent]
|switch|p1a: Chunk|Landorus-Therian, M, shiny|69/100
|-ability|p1a: Chunk|Intimidate|boost
|-unboost|p2a: Iron Treads|atk|1
|move|p2a: Iron Treads|Iron Head|p1a: Chunk
|-damage|p1a: Chunk|42/100
|-damage|p2a: Iron Treads|84/100|[from] item: Rocky Helmet|[of] p1a: Chunk
|
|-fieldend|move: Electric Terrain
|-end|p2a: Iron Treads|Quark Drive
|upkeep
|turn|9
|
|t:|1760335722
|-end|p2a: Iron Treads|Quark Drive|[silent]
|switch|p2a: Alomomola|Alomomola, F|100/100
|move|p1a: Chunk|Earthquake|p2a: Alomomola
|-damage|p2a: Alomomola|68/100
|
|upkeep
|turn|10
|
|t:|1760335729
|move|p1a: Chunk|Taunt|p2a: Alomomola
|-start|p2a: Alomomola|move: Taunt
|move|p2a: Alomomola|Flip Turn|p1a: Chunk
|-supereffective|p1a: Chunk
|-damage|p1a: Chunk|10/100
|-damage|p2a: Alomomola|52/100|[from] item: Rocky Helmet|[of] p1a: Chunk
|
|t:|1760335738
|switch|p2a: Pincurchin|Pincurchin, M|100/100|[from] Flip Turn
|-fieldstart|move: Electric Terrain|[from] ability: Electric Surge|[of] p2a: Pincurchin
|
|upkeep
|turn|11
|
|t:|1760335750
|switch|p2a: Alomomola|Alomomola, F|85/100
|move|p1a: Chunk|U-turn|p2a: Alomomola
|-damage|p2a: Alomomola|69/100
|
|t:|1760335755
|switch|p1a: Icy|Kyurem, shiny|100/100|[from] U-turn
|-ability|p1a: Icy|Pressure
|
|upkeep
|turn|12
|
|t:|1760335771
|switch|p2a: Iron Leaves|Iron Leaves, tera:Psychic|100/100
|-activate|p2a: Iron Leaves|ability: Quark Drive
|-start|p2a: Iron Leaves|quarkdrivespe
|move|p1a: Icy|Substitute|p1a: Icy
|-start|p1a: Icy|Substitute
|-damage|p1a: Icy|76/100
|
|-heal|p1a: Icy|82/100|[from] item: Leftovers
|upkeep
|turn|13
|
|t:|1760335781
|move|p2a: Iron Leaves|Psyblade|p1a: Icy
|-end|p1a: Icy|Substitute
|move|p1a: Icy|Freeze-Dry|p2a: Iron Leaves
|-damage|p2a: Iron Leaves|69/100
|
|-heal|p1a: Icy|88/100|[from] item: Leftovers
|upkeep
|turn|14
|
|t:|1760335792
|switch|p1a: Chunk|Landorus-Therian, M, shiny|10/100
|-ability|p1a: Chunk|Intimidate|boost
|-unboost|p2a: Iron Leaves|atk|1
|move|p2a: Iron Leaves|Swords Dance|p2a: Iron Leaves
|-boost|p2a: Iron Leaves|atk|2
|
|upkeep
|turn|15
|
|t:|1760335803
|move|p2a: Iron Leaves|Psyblade|p1a: Chunk
|-damage|p1a: Chunk|0 fnt
|-damage|p2a: Iron Leaves|52/100|[from] item: Rocky Helmet|[of] p1a: Chunk
|faint|p1a: Chunk
|
|upkeep
|
|t:|1760335808
|switch|p1a: Pope|Cinderace, F, shiny|100/100
|turn|16
|
|t:|1760335829
|-terastallize|p1a: Pope|Bug
|move|p2a: Iron Leaves|Leaf Blade|p1a: Pope
|-resisted|p1a: Pope
|-damage|p1a: Pope|59/100
|move|p1a: Pope|U-turn|p2a: Iron Leaves
|-supereffective|p2a: Iron Leaves
|-damage|p2a: Iron Leaves|0 fnt
|faint|p2a: Iron Leaves
|-end|p2a: Iron Leaves|Quark Drive|[silent]
|
|t:|1760335838
|switch|p1a: Goat|Iron Valiant|43/100|[from] U-turn
|-activate|p1a: Goat|ability: Quark Drive
|-start|p1a: Goat|quarkdrivespe
|
|upkeep
|
|t:|1760335846
|switch|p2a: Iron Treads|Iron Treads|84/100
|-activate|p2a: Iron Treads|ability: Quark Drive
|-start|p2a: Iron Treads|quarkdriveatk
|turn|17
|
|t:|1760335857
|-end|p1a: Goat|Quark Drive|[silent]
|switch|p1a: Pope|Cinderace, F, shiny, tera:Bug|59/100
|move|p2a: Iron Treads|Iron Head|p1a: Pope
|-damage|p1a: Pope|10/100
|
|-fieldend|move: Electric Terrain
|-end|p2a: Iron Treads|Quark Drive
|upkeep
|turn|18
|
|t:|1760335865
|-end|p2a: Iron Treads|Quark Drive|[silent]
|switch|p2a: Alomomola|Alomomola, F|100/100
|move|p1a: Pope|Pyro Ball|p2a: Alomomola
|-resisted|p2a: Alomomola
|-damage|p2a: Alomomola|78/100
|
|upkeep
|turn|19
|
|t:|1760335873
|move|p1a: Pope|U-turn|p2a: Alomomola
|-damage|p2a: Alomomola|60/100
|
|t:|1760335876
|switch|p1a: Icy|Kyurem, shiny|88/100|[from] U-turn
|-ability|p1a: Icy|Pressure
|move|p2a: Alomomola|Flip Turn|p1a: Icy
|-resisted|p1a: Icy
|-damage|p1a: Icy|80/100
|
|t:|1760335887
|switch|p2a: Iron Valiant|Iron Valiant|100/100|[from] Flip Turn
|
|-heal|p1a: Icy|86/100|[from] item: Leftovers
|upkeep
|turn|20
|
|t:|1760335899
|switch|p1a: Bank|Slowking-Galar, M, shiny|100/100
|move|p2a: Iron Valiant|Moonblast|p1a: Bank
|-resisted|p1a: Bank
|-damage|p1a: Bank|81/100
|-unboost|p1a: Bank|spa|1
|
|upkeep
|turn|21
|
|t:|1760335911
|-end|p2a: Iron Valiant|Quark Drive|[silent]
|switch|p2a: Pincurchin|Pincurchin, M|100/100
|-fieldstart|move: Electric Terrain|[from] ability: Electric Surge|[of] p2a: Pincurchin
|-prepare|p1a: Bank|Chilly Reception|[premajor]
|move|p1a: Bank|Chilly Reception|p1a: Bank
|-weather|Snowscape
|
|t:|1760335918
|switch|p1a: Icy|Kyurem, shiny|86/100|[from] Chilly Reception
|-ability|p1a: Icy|Pressure
|
|-weather|Snowscape|[upkeep]
|-heal|p1a: Icy|92/100|[from] item: Leftovers
|upkeep
|turn|22
|
|t:|1760335932
|switch|p2a: Iron Treads|Iron Treads|84/100
|-activate|p2a: Iron Treads|ability: Quark Drive
|-start|p2a: Iron Treads|quarkdriveatk
|move|p1a: Icy|Substitute|p1a: Icy
|-start|p1a: Icy|Substitute
|-damage|p1a: Icy|67/100
|
|-weather|Snowscape|[upkeep]
|-heal|p1a: Icy|73/100|[from] item: Leftovers
|upkeep
|turn|23
|
|t:|1760335942
|move|p1a: Icy|Protect|p1a: Icy
|-singleturn|p1a: Icy|Protect
|move|p2a: Iron Treads|Iron Head|p1a: Icy
|-activate|p1a: Icy|move: Protect
|
|-weather|Snowscape|[upkeep]
|-heal|p1a: Icy|80/100|[from] item: Leftovers
|upkeep
|turn|24
|
|t:|1760335951
|move|p1a: Icy|Earth Power|p2a: Iron Treads
|-supereffective|p2a: Iron Treads
|-damage|p2a: Iron Treads|36/100
|move|p2a: Iron Treads|Iron Head|p1a: Icy
|-supereffective|p1a: Icy
|-end|p1a: Icy|Substitute
|
|-weather|Snowscape|[upkeep]
|-heal|p1a: Icy|86/100|[from] item: Leftovers
|upkeep
|turn|25
|
|t:|1760335961
|move|p1a: Icy|Earth Power|p2a: Iron Treads
|-supereffective|p2a: Iron Treads
|-damage|p2a: Iron Treads|0 fnt
|faint|p2a: Iron Treads
|-end|p2a: Iron Treads|Quark Drive|[silent]
|
|-weather|none
|-heal|p1a: Icy|92/100|[from] item: Leftovers
|upkeep
|
|t:|1760335971
|switch|p2a: Iron Valiant|Iron Valiant|100/100
|-activate|p2a: Iron Valiant|ability: Quark Drive
|-start|p2a: Iron Valiant|quarkdrivespe
|turn|26
|
|t:|1760335977
|-end|p2a: Iron Valiant|Quark Drive|[silent]
|switch|p2a: Iron Jugulis|Iron Jugulis|100/100
|-activate|p2a: Iron Jugulis|ability: Quark Drive
|-start|p2a: Iron Jugulis|quarkdrivespe
|move|p1a: Icy|Protect||[still]
|-fail|p1a: Icy
|
|-heal|p1a: Icy|98/100|[from] item: Leftovers
|upkeep
|turn|27
|
|t:|1760335988
|move|p2a: Iron Jugulis|Focus Energy|p2a: Iron Jugulis
|-start|p2a: Iron Jugulis|move: Focus Energy
|move|p1a: Icy|Freeze-Dry|p2a: Iron Jugulis
|-supereffective|p2a: Iron Jugulis
|-damage|p2a: Iron Jugulis|14/100
|
|-heal|p1a: Icy|100/100|[from] item: Leftovers
|upkeep
|turn|28
|
|t:|1760335997
|move|p2a: Iron Jugulis|Dark Pulse|p1a: Icy
|-crit|p1a: Icy
|-damage|p1a: Icy|43/100
|move|p1a: Icy|Freeze-Dry|p2a: Iron Jugulis
|-supereffective|p2a: Iron Jugulis
|-damage|p2a: Iron Jugulis|0 fnt
|faint|p2a: Iron Jugulis
|-end|p2a: Iron Jugulis|Quark Drive|[silent]
|
|-heal|p1a: Icy|50/100|[from] item: Leftovers
|-fieldend|move: Electric Terrain
|upkeep
|
|t:|1760336007
|switch|p2a: Iron Valiant|Iron Valiant|100/100
|turn|29
|
|t:|1760336011
|move|p1a: Icy|Protect|p1a: Icy
|-singleturn|p1a: Icy|Protect
|move|p2a: Iron Valiant|Shadow Ball|p1a: Icy
|-activate|p1a: Icy|move: Protect
|
|-heal|p1a: Icy|56/100|[from] item: Leftovers
|upkeep
|turn|30
|inactive|DoDouno has 120 seconds left.
|inactive|DoDouno has 90 seconds left.
|
|t:|1760336072
|switch|p1a: Goat|Iron Valiant|43/100
|-enditem|p1a: Goat|Booster Energy
|-activate|p1a: Goat|ability: Quark Drive|[fromitem]
|-start|p1a: Goat|quarkdrivespe
|move|p2a: Iron Valiant|Shadow Ball|p1a: Goat
|-damage|p1a: Goat|0 fnt
|faint|p1a: Goat
|-end|p1a: Goat|Quark Drive|[silent]
|
|upkeep
|inactive|DoDouno has 90 seconds left.
|
|t:|1760336080
|switch|p1a: Pope|Cinderace, F, shiny, tera:Bug|10/100
|turn|31
|
|t:|1760336093
|move|p1a: Pope|Pyro Ball|p2a: Iron Valiant
|-damage|p2a: Iron Valiant|6/100
|move|p2a: Iron Valiant|Shadow Ball|p1a: Pope
|-damage|p1a: Pope|0 fnt
|faint|p1a: Pope
|
|upkeep
|
|t:|1760336100
|switch|p1a: Bank|Slowking-Galar, M, shiny|100/100
|turn|32
|
|t:|1760336111
|move|p2a: Iron Valiant|Shadow Ball|p1a: Bank
|-supereffective|p1a: Bank
|-damage|p1a: Bank|51/100
|move|p1a: Bank|Psychic Noise|p2a: Iron Valiant
|-supereffective|p2a: Iron Valiant
|-damage|p2a: Iron Valiant|0 fnt
|faint|p2a: Iron Valiant
|-end|p2a: Iron Valiant|Quark Drive|[silent]
|
|upkeep
|-message|vinskuno forfeited.
|
|win|DoDouno
|raw|DoDouno's rating: 1266 &rarr; <strong>1296</strong><br />(+30 for winning)
|raw|vinskuno's rating: 1339 &rarr; <strong>1315</strong><br />(-24 for losing)
|l|☆vinskuno
|player|p2|
