|j|☆Twilights
|j|☆gorgeoues g
|t:|1760340370
|gametype|singles
|player|p1|Twilights|2|1387
|player|p2|gorgeoues g|artist-gen4|1324
|gen|9
|tier|[Gen 9] OU
|rated|
|rule|HP Percentage Mod: HP is shown in percentages
|rule|Endless Battle Clause: Forcing endless battles is banned
|rule|Species Clause: Limit one of each Pokémon
|rule|OHKO Clause: OHKO moves are banned
|rule|Evasion Items Clause: Evasion items are banned
|rule|Evasion Moves Clause: Evasion moves are banned
|rule|Evasion Abilities Clause: Evasion abilities are banned
|rule|Sleep Moves Clause: Sleep-inducing moves are banned
|clearpoke
|poke|p1|Deoxys-Speed|
|poke|p1|Hatterene, F|
|poke|p1|Iron Moth|
|poke|p1|Dragonite, M|
|poke|p1|Iron Treads|
|poke|p1|Cloyster, F|
|poke|p2|Raging Bolt|
|poke|p2|Serperior, M|
|poke|p2|Ribombee, F|
|poke|p2|Great Tusk|
|poke|p2|Gholdengo|
|poke|p2|Iron Valiant|
|teampreview
|
|t:|1760340378
|teamsize|p1|6
|teamsize|p2|6
|start
|switch|p1a: Hatterene|Hatterene, F|100/100
|switch|p2a: Ribombee|Ribombee, F, shiny|100/100
|turn|1
|
|t:|1760340384
|move|p2a: Ribombee|Quiver Dance|p2a: Ribombee
|-boost|p2a: Ribombee|spa|1
|-boost|p2a: Ribombee|spd|1
|-boost|p2a: Ribombee|spe|1
|move|p1a: Hatterene|Light Screen|p1a: Hatterene
|-sidestart|p1: Twilights|move: Light Screen
|
|upkeep
|turn|2
|inactive|Battle timer is ON: inactive players will automatically lose when time's up. (requested by gorgeoues g)
|
|t:|1760340390
|move|p2a: Ribombee|Quiver Dance|p2a: Ribombee
|-boost|p2a: Ribombee|spa|1
|-boost|p2a: Ribombee|spd|1
|-boost|p2a: Ribombee|spe|1
|move|p1a: Hatterene|Reflect|p1a: Hatterene
|-sidestart|p1: Twilights|Reflect
|
|upkeep
|turn|3
|
|t:|1760340395
|move|p2a: Ribombee|Quiver Dance|p2a: Ribombee
|-boost|p2a: Ribombee|spa|1
|-boost|p2a: Ribombee|spd|1
|-boost|p2a: Ribombee|spe|1
|move|p1a: Hatterene|Psychic Noise|p2a: Ribombee
|-damage|p2a: Ribombee|70/100
|
|upkeep
|turn|4
|
|t:|1760340403
|move|p2a: Ribombee|Quiver Dance|p2a: Ribombee
|-boost|p2a: Ribombee|spa|1
|-boost|p2a: Ribombee|spd|1
|-boost|p2a: Ribombee|spe|1
|move|p1a: Hatterene|Misty Explosion|p2a: Ribombee
|-damage|p2a: Ribombee|36/100
|faint|p1a: Hatterene
|
|upkeep
|
|t:|1760340411
|switch|p1a: Dragonite|Dragonite, M|100/100
|turn|5
|
|t:|1760340414
|move|p1a: Dragonite|Extreme Speed|p2a: Ribombee
|-damage|p2a: Ribombee|0 fnt
|faint|p2a: Ribombee
|
|upkeep
|
|t:|1760340425
|switch|p2a: Raging Bolt|Raging Bolt|100/100
|-enditem|p2a: Raging Bolt|Booster Energy
|-activate|p2a: Raging Bolt|ability: Protosynthesis|[fromitem]
|-start|p2a: Raging Bolt|protosynthesisspa
|turn|6
|
|t:|1760340432
|move|p1a: Dragonite|Ice Spinner|p2a: Raging Bolt
|-supereffective|p2a: Raging Bolt
|-damage|p2a: Raging Bolt|43/100
|move|p2a: Raging Bolt|Thunderbolt|p1a: Dragonite
|-damage|p1a: Dragonite|83/100
|
|upkeep
|turn|7
|
|t:|1760340442
|move|p2a: Raging Bolt|Thunderclap|p1a: Dragonite
|-damage|p1a: Dragonite|55/100
|move|p1a: Dragonite|Ice Spinner|p2a: Raging Bolt
|-supereffective|p2a: Raging Bolt
|-damage|p2a: Raging Bolt|0 fnt
|faint|p2a: Raging Bolt
|-end|p2a: Raging Bolt|Protosynthesis|[silent]
|
|upkeep
|
|t:|1760340451
|switch|p2a: Iron Valiant|Iron Valiant, shiny|100/100
|turn|8
|
|t:|1760340460
|-terastallize|p1a: Dragonite|Normal
|move|p2a: Iron Valiant|Swords Dance|p2a: Iron Valiant
|-boost|p2a: Iron Valiant|atk|2
|move|p1a: Dragonite|Dragon Dance|p1a: Dragonite
|-boost|p1a: Dragonite|atk|1
|-boost|p1a: Dragonite|spe|1
|
|-sideend|p1: Twilights|move: Light Screen
|upkeep
|turn|9
|
|t:|1760340471
|move|p1a: Dragonite|Extreme Speed|p2a: Iron Valiant
|-damage|p2a: Iron Valiant|9/100
|move|p2a: Iron Valiant|Poison Jab|p1a: Dragonite
|-damage|p1a: Dragonite|28/100
|
|-sideend|p1: Twilights|Reflect
|upkeep
|turn|10
|
|t:|1760340480
|move|p1a: Dragonite|Earthquake|p2a: Iron Valiant
|-damage|p2a: Iron Valiant|0 fnt
|faint|p2a: Iron Valiant
|-end|p2a: Iron Valiant|Quark Drive|[silent]
|
|upkeep
|
|t:|1760340483
|switch|p2a: Serperior|Serperior, M|100/100
|turn|11
|
|t:|1760340494
|-terastallize|p2a: Serperior|Electric
|move|p1a: Dragonite|Ice Spinner|p2a: Serperior
|-damage|p2a: Serperior|42/100
|move|p2a: Serperior|Leaf Storm|p1a: Dragonite
|-damage|p1a: Dragonite|0 fnt
|-boost|p2a: Serperior|spa|2
|faint|p1a: Dragonite
|
|upkeep
|
|t:|1760340500
|switch|p1a: Iron Moth|Iron Moth|100/100
|-enditem|p1a: Iron Moth|Booster Energy
|-activate|p1a: Iron Moth|ability: Quark Drive|[fromitem]
|-start|p1a: Iron Moth|quarkdrivespe
|turn|12
|
|t:|1760340508
|move|p1a: Iron Moth|Fiery Dance|p2a: Serperior
|-damage|p2a: Serperior|0 fnt
|-boost|p1a: Iron Moth|spa|1
|faint|p2a: Serperior
|
|upkeep
|
|t:|1760340513
|switch|p2a: Great Tusk|Great Tusk|100/100
|turn|13
|
|t:|1760340516
|move|p1a: Iron Moth|Energy Ball|p2a: Great Tusk
|-supereffective|p2a: Great Tusk
|-damage|p2a: Great Tusk|0 fnt
|faint|p2a: Great Tusk
|-end|p2a: Great Tusk|Protosynthesis|[silent]
|
|upkeep
|
|t:|1760340520
|switch|p2a: Gholdengo|Gholdengo, shiny|100/100
|-item|p2a: Gholdengo|Air Balloon
|turn|14
|
|t:|1760340523
|move|p1a: Iron Moth|Fiery Dance|p2a: Gholdengo
|-supereffective|p2a: Gholdengo
|-damage|p2a: Gholdengo|0 fnt
|-boost|p1a: Iron Moth|spa|1
|-enditem|p2a: Gholdengo|Air Balloon
|faint|p2a: Gholdengo
|
|win|Twilights
|raw|Twilights's rating: 1387 &rarr; <strong>1403</strong><br />(+16 for winning)
|raw|gorgeoues g's rating: 1324 &rarr; <strong>1308</strong><br />(-16 for losing)
|l|☆gorgeoues g
|player|p2|
|l|☆Twilights
|player|p1|
