|badge|p2|bronze|gen9ou|100-7
|uhtml|medal-msg|<div class="broadcast-blue">Curious what those medals under the avatar are? PS now has Ladder Seasons! For more information, check out the <a href="https://www.smogon.com/forums/threads/3740067/">thread on Smogon.</a></div>
|j|☆torvik en place
|j|☆Trainer #39
|t:|1760359968
|gametype|singles
|player|p1|torvik en place|gambler|1771
|player|p2|Trainer #39|bugsy|1938
|gen|9
|tier|[Gen 9] OU
|rated|
|rule|HP Percentage Mod: HP is shown in percentages
|rule|Endless Battle Clause: Forcing endless battles is banned
|rule|Species Clause: Limit one of each Pokémon
|rule|OHKO Clause: OHKO moves are banned
|rule|Evasion Items Clause: Evasion items are banned
|rule|Evasion Moves Clause: Evasion moves are banned
|rule|Evasion Abilities Clause: Evasion abilities are banned
|rule|Sleep Moves Clause: Sleep-inducing moves are banned
|clearpoke
|poke|p1|Garchomp, F|
|poke|p1|Rillaboom, F|
|poke|p1|Iron Crown|
|poke|p1|Darkrai|
|poke|p1|Hatterene, F|
|poke|p1|Alomomola, F|
|poke|p2|Blissey, F|
|poke|p2|Corviknight, M|
|poke|p2|Dondozo, M|
|poke|p2|Gliscor, M|
|poke|p2|Clefable, M|
|poke|p2|Slowking-Galar, M|
|teampreview
|j| Elphix
|
|t:|1760359992
|teamsize|p1|6
|teamsize|p2|6
|start
|switch|p1a: Darkrai|Darkrai|100/100
|switch|p2a: 🇮🇱=stop genocide|Gliscor, M|100/100
|turn|1
|
|t:|1760359996
|move|p2a: 🇮🇱=stop genocide|Protect|p2a: 🇮🇱=stop genocide
|-singleturn|p2a: 🇮🇱=stop genocide|Protect
|move|p1a: Darkrai|Nasty Plot|p1a: Darkrai
|-boost|p1a: Darkrai|spa|2
|
|-status|p2a: 🇮🇱=stop genocide|tox|[from] item: Toxic Orb
|upkeep
|turn|2
|
|t:|1760360003
|switch|p2a: Charli xcx|Clefable, M|100/100
|move|p1a: Darkrai|Nasty Plot|p1a: Darkrai
|-boost|p1a: Darkrai|spa|2
|
|upkeep
|turn|3
|inactive|Battle timer is ON: inactive players will automatically lose when time's up. (requested by Trainer #39)
|
|t:|1760360028
|switch|p1a: Alomomola|Alomomola, F|100/100
|move|p2a: Charli xcx|Protect||[still]
|-fail|p2a: Charli xcx
|
|upkeep
|turn|4
|
|t:|1760360039
|switch|p2a: LeJ/ovni/la lettre|Slowking-Galar, M|100/100
|move|p1a: Alomomola|Flip Turn|p2a: LeJ/ovni/la lettre
|-damage|p2a: LeJ/ovni/la lettre|80/100
|
|t:|1760360054
|switch|p1a: Garchomp|Garchomp, F|100/100|[from] Flip Turn
|
|upkeep
|turn|5
|
|t:|1760360057
|switch|p2a: 🇮🇱=stop genocide|Gliscor, M|100/100 tox
|move|p1a: Garchomp|Stealth Rock|p2a: 🇮🇱=stop genocide
|-sidestart|p2: Trainer #39|move: Stealth Rock
|
|upkeep
|turn|6
|
|t:|1760360060
|switch|p1a: Hatterene|Hatterene, F|100/100
|move|p2a: 🇮🇱=stop genocide|Earthquake|p1a: Hatterene
|-damage|p1a: Hatterene|75/100
|
|-heal|p1a: Hatterene|81/100|[from] item: Leftovers
|upkeep
|turn|7
|
|t:|1760360064
|switch|p2a: LeJ/ovni/la lettre|Slowking-Galar, M|100/100
|-damage|p2a: LeJ/ovni/la lettre|88/100|[from] Stealth Rock
|move|p1a: Hatterene|Psychic Noise|p2a: LeJ/ovni/la lettre
|-damage|p2a: LeJ/ovni/la lettre|63/100
|-start|p2a: LeJ/ovni/la lettre|move: Heal Block
|
|-heal|p1a: Hatterene|87/100|[from] item: Leftovers
|upkeep
|turn|8
|
|t:|1760360066
|move|p2a: LeJ/ovni/la lettre|Sludge Bomb|p1a: Hatterene
|-supereffective|p1a: Hatterene
|-damage|p1a: Hatterene|17/100
|-status|p1a: Hatterene|psn
|move|p1a: Hatterene|Nuzzle|p2a: LeJ/ovni/la lettre
|-damage|p2a: LeJ/ovni/la lettre|59/100
|-status|p2a: LeJ/ovni/la lettre|par
|
|-heal|p1a: Hatterene|23/100 psn|[from] item: Leftovers
|-damage|p1a: Hatterene|11/100 psn|[from] psn
|-end|p2a: LeJ/ovni/la lettre|move: Heal Block
|upkeep
|turn|9
|
|t:|1760360072
|move|p2a: LeJ/ovni/la lettre|Sludge Bomb|p1a: Hatterene
|-supereffective|p1a: Hatterene
|-damage|p1a: Hatterene|0 fnt
|faint|p1a: Hatterene
|
|upkeep
|
|t:|1760360080
|switch|p1a: Darkrai|Darkrai|100/100
|turn|10
|
|t:|1760360103
|switch|p2a: Charli xcx|Clefable, M|100/100
|move|p1a: Darkrai|Ice Beam|p2a: Charli xcx
|-crit|p2a: Charli xcx
|-damage|p2a: Charli xcx|68/100
|
|upkeep
|turn|11
|
|t:|1760360121
|switch|p1a: Iron Crown|Iron Crown|100/100
|move|p2a: Charli xcx|Wish|p2a: Charli xcx
|
|upkeep
|turn|12
|
|t:|1760360146
|move|p2a: Charli xcx|Protect|p2a: Charli xcx
|-singleturn|p2a: Charli xcx|Protect
|move|p1a: Iron Crown|Volt Switch|p2a: Charli xcx
|-activate|p2a: Charli xcx|move: Protect
|
|-heal|p2a: Charli xcx|100/100|[from] move: Wish|[wisher] Charli xcx
|upkeep
|turn|13
|
|t:|1760360151
|switch|p2a: LeJ/ovni/la lettre|Slowking-Galar, M|92/100 par
|-damage|p2a: LeJ/ovni/la lettre|79/100 par|[from] Stealth Rock
|move|p1a: Iron Crown|Volt Switch|p2a: LeJ/ovni/la lettre
|-damage|p2a: LeJ/ovni/la lettre|54/100 par
|
|t:|1760360163
|-end|p1a: Iron Crown|Quark Drive|[silent]
|switch|p1a: Darkrai|Darkrai|100/100|[from] Volt Switch
|
|upkeep
|turn|14
|
|t:|1760360165
|switch|p2a: Charli xcx|Clefable, M|100/100
|move|p1a: Darkrai|Will-O-Wisp|p2a: Charli xcx
|-status|p2a: Charli xcx|brn
|
|-damage|p2a: Charli xcx|94/100 brn|[from] brn
|upkeep
|turn|15
|
|t:|1760360172
|switch|p1a: Alomomola|Alomomola, F|100/100
|move|p2a: Charli xcx|Knock Off|p1a: Alomomola
|-damage|p1a: Alomomola|94/100
|-enditem|p1a: Alomomola|Assault Vest|[from] move: Knock Off|[of] p2a: Charli xcx
|
|-damage|p2a: Charli xcx|88/100 brn|[from] brn
|upkeep
|turn|16
|
|t:|1760360177
|move|p2a: Charli xcx|Wish|p2a: Charli xcx
|move|p1a: Alomomola|Flip Turn|p2a: Charli xcx
|-damage|p2a: Charli xcx|70/100 brn
|
|t:|1760360189
|switch|p1a: Iron Crown|Iron Crown|100/100|[from] Flip Turn
|
|-damage|p2a: Charli xcx|64/100 brn|[from] brn
|upkeep
|turn|17
|
|t:|1760360200
|move|p2a: Charli xcx|Protect|p2a: Charli xcx
|-singleturn|p2a: Charli xcx|Protect
|move|p1a: Iron Crown|Tachyon Cutter|p2a: Charli xcx
|-activate|p2a: Charli xcx|move: Protect
|
|-heal|p2a: Charli xcx|100/100 brn|[from] move: Wish|[wisher] Charli xcx
|-damage|p2a: Charli xcx|94/100 brn|[from] brn
|upkeep
|turn|18
|
|t:|1760360204
|-end|p1a: Iron Crown|Quark Drive|[silent]
|switch|p1a: Darkrai|Darkrai|100/100
|switch|p2a: LeJ/ovni/la lettre|Slowking-Galar, M|88/100 par
|-damage|p2a: LeJ/ovni/la lettre|75/100 par|[from] Stealth Rock
|
|upkeep
|turn|19
|inactive|torvik en place has 120 seconds left.
|
|t:|1760360237
|switch|p2a: brat|Blissey, F|100/100
|move|p1a: Darkrai|Dark Pulse|p2a: brat
|-damage|p2a: brat|85/100
|
|upkeep
|turn|20
|
|t:|1760360245
|switch|p1a: Garchomp|Garchomp, F|100/100
|move|p2a: brat|Stealth Rock|p1a: Garchomp
|-sidestart|p1: torvik en place|move: Stealth Rock
|
|upkeep
|turn|21
|
|t:|1760360247
|switch|p2a: 🇮🇱=stop genocide|Gliscor, M|100/100 tox
|-damage|p2a: 🇮🇱=stop genocide|88/100 tox|[from] Stealth Rock
|move|p1a: Garchomp|Spikes|p2a: 🇮🇱=stop genocide
|-sidestart|p2: Trainer #39|Spikes
|
|-heal|p2a: 🇮🇱=stop genocide|100/100 tox|[from] ability: Poison Heal
|upkeep
|turn|22
|
|t:|1760360251
|move|p2a: 🇮🇱=stop genocide|Substitute|p2a: 🇮🇱=stop genocide
|-start|p2a: 🇮🇱=stop genocide|Substitute
|-damage|p2a: 🇮🇱=stop genocide|76/100 tox
|move|p1a: Garchomp|Dragon Tail|p2a: 🇮🇱=stop genocide
|-activate|p2a: 🇮🇱=stop genocide|move: Substitute|[damage]
|
|-heal|p2a: 🇮🇱=stop genocide|88/100 tox|[from] ability: Poison Heal
|upkeep
|turn|23
|
|t:|1760360256
|switch|p1a: Alomomola|Alomomola, F|100/100
|-damage|p1a: Alomomola|88/100|[from] Stealth Rock
|move|p2a: 🇮🇱=stop genocide|Toxic|p1a: Alomomola
|-status|p1a: Alomomola|tox
|
|-heal|p2a: 🇮🇱=stop genocide|100/100 tox|[from] ability: Poison Heal
|-damage|p1a: Alomomola|82/100 tox|[from] psn
|upkeep
|turn|24
|
|t:|1760360258
|move|p2a: 🇮🇱=stop genocide|Earthquake|p1a: Alomomola
|-damage|p1a: Alomomola|58/100 tox
|move|p1a: Alomomola|Flip Turn|p2a: 🇮🇱=stop genocide
|-supereffective|p2a: 🇮🇱=stop genocide
|-end|p2a: 🇮🇱=stop genocide|Substitute
|
|t:|1760360263
|switch|p1a: Darkrai|Darkrai|100/100|[from] Flip Turn
|-damage|p1a: Darkrai|88/100|[from] Stealth Rock
|
|-heal|p1a: Darkrai|94/100|[from] item: Leftovers
|upkeep
|turn|25
|
|t:|1760360266
|switch|p2a: brat|Blissey, F|85/100
|move|p1a: Darkrai|Ice Beam|p2a: brat
|-damage|p2a: brat|73/100
|
|-heal|p1a: Darkrai|99/100|[from] item: Leftovers
|upkeep
|turn|26
|
|t:|1760360283
|switch|p1a: Alomomola|Alomomola, F|91/100 tox
|-damage|p1a: Alomomola|79/100 tox|[from] Stealth Rock
|move|p2a: brat|Shadow Ball|p1a: Alomomola
|-damage|p1a: Alomomola|68/100 tox
|
|-damage|p1a: Alomomola|62/100 tox|[from] psn
|upkeep
|turn|27
|inactive|Trainer #39 has 120 seconds left.
|
|t:|1760360316
|switch|p2a: 🇮🇱=stop genocide|Gliscor, M|100/100 tox
|-damage|p2a: 🇮🇱=stop genocide|88/100 tox|[from] Stealth Rock
|move|p1a: Alomomola|Flip Turn|p2a: 🇮🇱=stop genocide
|-supereffective|p2a: 🇮🇱=stop genocide
|-damage|p2a: 🇮🇱=stop genocide|68/100 tox
|
|t:|1760360319
|switch|p1a: Darkrai|Darkrai|99/100|[from] Flip Turn
|-damage|p1a: Darkrai|88/100|[from] Stealth Rock
|
|-heal|p1a: Darkrai|94/100|[from] item: Leftovers
|-heal|p2a: 🇮🇱=stop genocide|80/100 tox|[from] ability: Poison Heal
|upkeep
|turn|28
|
|t:|1760360324
|move|p2a: 🇮🇱=stop genocide|Protect|p2a: 🇮🇱=stop genocide
|-singleturn|p2a: 🇮🇱=stop genocide|Protect
|move|p1a: Darkrai|Nasty Plot|p1a: Darkrai
|-boost|p1a: Darkrai|spa|2
|
|-heal|p1a: Darkrai|99/100|[from] item: Leftovers
|-heal|p2a: 🇮🇱=stop genocide|93/100 tox|[from] ability: Poison Heal
|upkeep
|turn|29
|
|t:|1760360329
|switch|p2a: Charli xcx|Clefable, M|94/100 brn
|move|p1a: Darkrai|Ice Beam|p2a: Charli xcx
|-damage|p2a: Charli xcx|74/100 brn
|
|-heal|p1a: Darkrai|100/100|[from] item: Leftovers
|-damage|p2a: Charli xcx|68/100 brn|[from] brn
|upkeep
|turn|30
|
|t:|1760360343
|move|p1a: Darkrai|Dark Pulse|p2a: Charli xcx
|-resisted|p2a: Charli xcx
|-damage|p2a: Charli xcx|53/100 brn
|cant|p2a: Charli xcx|flinch
|
|-damage|p2a: Charli xcx|47/100 brn|[from] brn
|upkeep
|turn|31
|
|t:|1760360349
|move|p1a: Darkrai|Dark Pulse|p2a: Charli xcx
|-resisted|p2a: Charli xcx
|-damage|p2a: Charli xcx|33/100 brn
|move|p2a: Charli xcx|Wish|p2a: Charli xcx
|
|-damage|p2a: Charli xcx|27/100 brn|[from] brn
|upkeep
|turn|32
|
|t:|1760360359
|switch|p1a: Iron Crown|Iron Crown|100/100
|-damage|p1a: Iron Crown|94/100|[from] Stealth Rock
|move|p2a: Charli xcx|Protect||[still]
|-fail|p2a: Charli xcx
|
|-heal|p2a: Charli xcx|77/100 brn|[from] move: Wish|[wisher] Charli xcx
|-damage|p2a: Charli xcx|71/100 brn|[from] brn
|upkeep
|turn|33
|
|t:|1760360366
|switch|p2a: LeJ/ovni/la lettre|Slowking-Galar, M|100/100 par
|-damage|p2a: LeJ/ovni/la lettre|88/100 par|[from] Stealth Rock
|-damage|p2a: LeJ/ovni/la lettre|76/100 par|[from] Spikes
|move|p1a: Iron Crown|Volt Switch|p2a: LeJ/ovni/la lettre
|-damage|p2a: LeJ/ovni/la lettre|51/100 par
|
|t:|1760360370
|-end|p1a: Iron Crown|Quark Drive|[silent]
|switch|p1a: Darkrai|Darkrai|100/100|[from] Volt Switch
|-damage|p1a: Darkrai|88/100|[from] Stealth Rock
|
|-heal|p1a: Darkrai|94/100|[from] item: Leftovers
|upkeep
|turn|34
|
|t:|1760360376
|switch|p2a: brat|Blissey, F|73/100
|move|p1a: Darkrai|Ice Beam|p2a: brat
|-damage|p2a: brat|62/100
|
|-heal|p1a: Darkrai|99/100|[from] item: Leftovers
|upkeep
|turn|35
|
|t:|1760360380
|move|p1a: Darkrai|Nasty Plot|p1a: Darkrai
|-boost|p1a: Darkrai|spa|2
|move|p2a: brat|Soft-Boiled|p2a: brat
|-heal|p2a: brat|100/100
|
|-heal|p1a: Darkrai|100/100|[from] item: Leftovers
|upkeep
|turn|36
|
|t:|1760360383
|move|p1a: Darkrai|Nasty Plot|p1a: Darkrai
|-boost|p1a: Darkrai|spa|2
|move|p2a: brat|Calm Mind|p2a: brat
|-boost|p2a: brat|spa|1
|-boost|p2a: brat|spd|1
|
|upkeep
|turn|37
|
|t:|1760360385
|move|p1a: Darkrai|Nasty Plot|p1a: Darkrai
|-boost|p1a: Darkrai|spa|2
|move|p2a: brat|Calm Mind|p2a: brat
|-boost|p2a: brat|spa|1
|-boost|p2a: brat|spd|1
|
|upkeep
|turn|38
|
|t:|1760360387
|move|p1a: Darkrai|Dark Pulse|p2a: brat
|-damage|p2a: brat|72/100
|move|p2a: brat|Calm Mind|p2a: brat
|-boost|p2a: brat|spa|1
|-boost|p2a: brat|spd|1
|
|upkeep
|turn|39
|
|t:|1760360391
|move|p1a: Darkrai|Dark Pulse|p2a: brat
|-damage|p2a: brat|50/100
|cant|p2a: brat|flinch
|
|upkeep
|turn|40
|
|t:|1760360394
|move|p1a: Darkrai|Dark Pulse|p2a: brat
|-damage|p2a: brat|28/100
|move|p2a: brat|Soft-Boiled|p2a: brat
|-heal|p2a: brat|78/100
|
|upkeep
|turn|41
|
|t:|1760360398
|move|p1a: Darkrai|Dark Pulse|p2a: brat
|-damage|p2a: brat|55/100
|move|p2a: brat|Calm Mind|p2a: brat
|-boost|p2a: brat|spa|1
|-boost|p2a: brat|spd|1
|
|upkeep
|turn|42
|
|t:|1760360401
|move|p1a: Darkrai|Dark Pulse|p2a: brat
|-damage|p2a: brat|35/100
|cant|p2a: brat|flinch
|
|upkeep
|turn|43
|
|t:|1760360403
|move|p1a: Darkrai|Dark Pulse|p2a: brat
|-damage|p2a: brat|17/100
|move|p2a: brat|Soft-Boiled|p2a: brat
|-heal|p2a: brat|67/100
|
|upkeep
|turn|44
|
|t:|1760360405
|move|p1a: Darkrai|Dark Pulse|p2a: brat
|-damage|p2a: brat|46/100
|move|p2a: brat|Calm Mind|p2a: brat
|-boost|p2a: brat|spa|1
|-boost|p2a: brat|spd|1
|
|upkeep
|turn|45
|
|t:|1760360411
|move|p1a: Darkrai|Dark Pulse|p2a: brat
|-damage|p2a: brat|30/100
|move|p2a: brat|Soft-Boiled|p2a: brat
|-heal|p2a: brat|80/100
|
|upkeep
|turn|46
|
|t:|1760360413
|move|p1a: Darkrai|Dark Pulse|p2a: brat
|-damage|p2a: brat|63/100
|cant|p2a: brat|flinch
|
|upkeep
|turn|47
|
|t:|1760360416
|move|p1a: Darkrai|Dark Pulse|p2a: brat
|-damage|p2a: brat|45/100
|cant|p2a: brat|flinch
|
|upkeep
|turn|48
|
|t:|1760360420
|move|p1a: Darkrai|Dark Pulse|p2a: brat
|-damage|p2a: brat|28/100
|move|p2a: brat|Soft-Boiled|p2a: brat
|-heal|p2a: brat|78/100
|
|upkeep
|turn|49
|
|t:|1760360426
|move|p1a: Darkrai|Dark Pulse|p2a: brat
|-damage|p2a: brat|61/100
|move|p2a: brat|Shadow Ball|p1a: Darkrai
|-resisted|p1a: Darkrai
|-damage|p1a: Darkrai|66/100
|-unboost|p1a: Darkrai|spd|1
|
|-heal|p1a: Darkrai|72/100|[from] item: Leftovers
|upkeep
|turn|50
|
|t:|1760360432
|move|p1a: Darkrai|Dark Pulse|p2a: brat
|-damage|p2a: brat|45/100
|cant|p2a: brat|flinch
|
|-heal|p1a: Darkrai|78/100|[from] item: Leftovers
|upkeep
|turn|51
|
|t:|1760360435
|move|p1a: Darkrai|Dark Pulse|p2a: brat
|-damage|p2a: brat|28/100
|move|p2a: brat|Soft-Boiled|p2a: brat
|-heal|p2a: brat|78/100
|
|-heal|p1a: Darkrai|84/100|[from] item: Leftovers
|upkeep
|turn|52
|
|t:|1760360441
|move|p1a: Darkrai|Dark Pulse|p2a: brat
|-damage|p2a: brat|62/100
|cant|p2a: brat|flinch
|
|-heal|p1a: Darkrai|90/100|[from] item: Leftovers
|upkeep
|turn|53
|
|t:|1760360445
|move|p1a: Darkrai|Dark Pulse|p2a: brat
|-damage|p2a: brat|45/100
|move|p2a: brat|Shadow Ball|p1a: Darkrai
|-resisted|p1a: Darkrai
|-damage|p1a: Darkrai|39/100
|
|-heal|p1a: Darkrai|45/100|[from] item: Leftovers
|upkeep
|turn|54
|
|t:|1760360448
|move|p1a: Darkrai|Dark Pulse|p2a: brat
|-damage|p2a: brat|29/100
|cant|p2a: brat|flinch
|
|-heal|p1a: Darkrai|51/100|[from] item: Leftovers
|upkeep
|turn|55
|
|t:|1760360452
|move|p1a: Darkrai|Dark Pulse|p2a: brat
|-crit|p2a: brat
|-damage|p2a: brat|0 fnt
|faint|p2a: brat
|
|-heal|p1a: Darkrai|57/100|[from] item: Leftovers
|upkeep
|
|t:|1760360458
|switch|p2a: Charli xcx|Clefable, M|71/100 brn
|turn|56
|
|t:|1760360468
|switch|p1a: Alomomola|Alomomola, F|95/100 tox
|-damage|p1a: Alomomola|83/100 tox|[from] Stealth Rock
|move|p2a: Charli xcx|Wish|p2a: Charli xcx
|
|-damage|p1a: Alomomola|77/100 tox|[from] psn
|-damage|p2a: Charli xcx|65/100 brn|[from] brn
|upkeep
|turn|57
|
|t:|1760360471
|move|p2a: Charli xcx|Moonblast|p1a: Alomomola
|-damage|p1a: Alomomola|54/100 tox
|move|p1a: Alomomola|Flip Turn|p2a: Charli xcx
|-damage|p2a: Charli xcx|47/100 brn
|
|t:|1760360474
|switch|p1a: Iron Crown|Iron Crown|94/100|[from] Flip Turn
|-damage|p1a: Iron Crown|88/100|[from] Stealth Rock
|
|-heal|p2a: Charli xcx|97/100 brn|[from] move: Wish|[wisher] Charli xcx
|-damage|p2a: Charli xcx|91/100 brn|[from] brn
|upkeep
|turn|58
|
|t:|1760360480
|move|p2a: Charli xcx|Protect|p2a: Charli xcx
|-singleturn|p2a: Charli xcx|Protect
|move|p1a: Iron Crown|Tachyon Cutter|p2a: Charli xcx
|-activate|p2a: Charli xcx|move: Protect
|
|-damage|p2a: Charli xcx|85/100 brn|[from] brn
|upkeep
|turn|59
|
|t:|1760360486
|switch|p2a: LeJ/ovni/la lettre|Slowking-Galar, M|84/100 par
|-damage|p2a: LeJ/ovni/la lettre|71/100 par|[from] Stealth Rock
|-damage|p2a: LeJ/ovni/la lettre|59/100 par|[from] Spikes
|move|p1a: Iron Crown|Tachyon Cutter|p2a: LeJ/ovni/la lettre
|-damage|p2a: LeJ/ovni/la lettre|33/100 par
|-damage|p2a: LeJ/ovni/la lettre|3/100 par
|-hitcount|p2a: LeJ/ovni/la lettre|2
|
|upkeep
|turn|60
|
|t:|1760360507
|switch|p2a: Charlie Kirk: idc|Corviknight, M|100/100
|-damage|p2a: Charlie Kirk: idc|88/100|[from] Stealth Rock
|-ability|p2a: Charlie Kirk: idc|Pressure
|move|p1a: Iron Crown|Tachyon Cutter|p2a: Charlie Kirk: idc
|-resisted|p2a: Charlie Kirk: idc
|-damage|p2a: Charlie Kirk: idc|70/100
|-resisted|p2a: Charlie Kirk: idc
|-damage|p2a: Charlie Kirk: idc|51/100
|-hitcount|p2a: Charlie Kirk: idc|2
|
|upkeep
|turn|61
|
|t:|1760360511
|-terastallize|p1a: Iron Crown|Steel
|move|p1a: Iron Crown|Tachyon Cutter|p2a: Charlie Kirk: idc
|-resisted|p2a: Charlie Kirk: idc
|-damage|p2a: Charlie Kirk: idc|26/100
|-resisted|p2a: Charlie Kirk: idc
|-damage|p2a: Charlie Kirk: idc|2/100
|-hitcount|p2a: Charlie Kirk: idc|2
|move|p2a: Charlie Kirk: idc|Roost|p2a: Charlie Kirk: idc
|-heal|p2a: Charlie Kirk: idc|52/100
|-singleturn|p2a: Charlie Kirk: idc|move: Roost
|
|upkeep
|turn|62
|
|t:|1760360513
|move|p1a: Iron Crown|Tachyon Cutter|p2a: Charlie Kirk: idc
|-resisted|p2a: Charlie Kirk: idc
|-crit|p2a: Charlie Kirk: idc
|-damage|p2a: Charlie Kirk: idc|17/100
|-resisted|p2a: Charlie Kirk: idc
|-damage|p2a: Charlie Kirk: idc|0 fnt
|faint|p2a: Charlie Kirk: idc
|-hitcount|p2: Charlie Kirk: idc|2
|
|upkeep
|
|t:|1760360532
|switch|p2a: 🇮🇱=stop genocide|Gliscor, M|93/100 tox
|-damage|p2a: 🇮🇱=stop genocide|80/100 tox|[from] Stealth Rock
|turn|63
|
|t:|1760360536
|move|p2a: 🇮🇱=stop genocide|Protect|p2a: 🇮🇱=stop genocide
|-singleturn|p2a: 🇮🇱=stop genocide|Protect
|move|p1a: Iron Crown|Tachyon Cutter|p2a: 🇮🇱=stop genocide
|-activate|p2a: 🇮🇱=stop genocide|move: Protect
|
|-heal|p2a: 🇮🇱=stop genocide|93/100 tox|[from] ability: Poison Heal
|upkeep
|turn|64
|
|t:|1760360541
|-terastallize|p2a: 🇮🇱=stop genocide|Water
|move|p1a: Iron Crown|Tachyon Cutter|p2a: 🇮🇱=stop genocide
|-resisted|p2a: 🇮🇱=stop genocide
|-damage|p2a: 🇮🇱=stop genocide|62/100 tox
|-resisted|p2a: 🇮🇱=stop genocide
|-damage|p2a: 🇮🇱=stop genocide|33/100 tox
|-hitcount|p2a: 🇮🇱=stop genocide|2
|move|p2a: 🇮🇱=stop genocide|Earthquake|p1a: Iron Crown
|-supereffective|p1a: Iron Crown
|-damage|p1a: Iron Crown|23/100
|
|-heal|p2a: 🇮🇱=stop genocide|46/100 tox|[from] ability: Poison Heal
|upkeep
|turn|65
|
|t:|1760360552
|move|p2a: 🇮🇱=stop genocide|Protect|p2a: 🇮🇱=stop genocide
|-singleturn|p2a: 🇮🇱=stop genocide|Protect
|move|p1a: Iron Crown|Tachyon Cutter|p2a: 🇮🇱=stop genocide
|-activate|p2a: 🇮🇱=stop genocide|move: Protect
|
|-heal|p2a: 🇮🇱=stop genocide|58/100 tox|[from] ability: Poison Heal
|upkeep
|turn|66
|
|t:|1760360559
|switch|p2a: LeJ/ovni/la lettre|Slowking-Galar, M|36/100 par
|-damage|p2a: LeJ/ovni/la lettre|24/100 par|[from] Stealth Rock
|-damage|p2a: LeJ/ovni/la lettre|11/100 par|[from] Spikes
|move|p1a: Iron Crown|Tachyon Cutter|p2a: LeJ/ovni/la lettre
|-damage|p2a: LeJ/ovni/la lettre|0 fnt
|faint|p2a: LeJ/ovni/la lettre
|-hitcount|p2: LeJ/ovni/la lettre|1
|
|upkeep
|
|t:|1760360562
|switch|p2a: 808 and curses|Dondozo, M|100/100
|-damage|p2a: 808 and curses|88/100|[from] Stealth Rock
|-damage|p2a: 808 and curses|75/100|[from] Spikes
|turn|67
|
|t:|1760360571
|-end|p1a: Iron Crown|Quark Drive|[silent]
|switch|p1a: Garchomp|Garchomp, F|100/100
|-damage|p1a: Garchomp|94/100|[from] Stealth Rock
|move|p2a: 808 and curses|Curse|p2a: 808 and curses
|-unboost|p2a: 808 and curses|spe|1
|-boost|p2a: 808 and curses|atk|1
|-boost|p2a: 808 and curses|def|1
|
|-heal|p2a: 808 and curses|82/100|[from] item: Leftovers
|upkeep
|turn|68
|
|t:|1760360580
|move|p2a: 808 and curses|Waterfall|p1a: Garchomp
|-damage|p1a: Garchomp|68/100
|-damage|p2a: 808 and curses|69/100|[from] ability: Rough Skin|[of] p1a: Garchomp
|-damage|p2a: 808 and curses|52/100|[from] item: Rocky Helmet|[of] p1a: Garchomp
|move|p1a: Garchomp|Dragon Tail|p2a: 808 and curses
|-damage|p2a: 808 and curses|44/100
|drag|p2a: Charli xcx|Clefable, M|85/100 brn
|
|-damage|p2a: Charli xcx|79/100 brn|[from] brn
|upkeep
|turn|69
|
|t:|1760360586
|move|p1a: Garchomp|Spikes|p2a: Charli xcx
|-sidestart|p2: Trainer #39|Spikes
|move|p2a: Charli xcx|Wish|p2a: Charli xcx
|
|-damage|p2a: Charli xcx|73/100 brn|[from] brn
|upkeep
|turn|70
|
|t:|1760360589
|move|p1a: Garchomp|Spikes|p2a: Charli xcx
|-sidestart|p2: Trainer #39|Spikes
|move|p2a: Charli xcx|Moonblast|p1a: Garchomp
|-supereffective|p1a: Garchomp
|-damage|p1a: Garchomp|13/100
|-unboost|p1a: Garchomp|spa|1
|
|-heal|p2a: Charli xcx|100/100 brn|[from] move: Wish|[wisher] Charli xcx
|-damage|p2a: Charli xcx|94/100 brn|[from] brn
|upkeep
|turn|71
|
|t:|1760360592
|move|p1a: Garchomp|Earthquake|p2a: Charli xcx
|-damage|p2a: Charli xcx|49/100 brn
|move|p2a: Charli xcx|Wish|p2a: Charli xcx
|
|-damage|p2a: Charli xcx|43/100 brn|[from] brn
|upkeep
|turn|72
|
|t:|1760360600
|move|p2a: Charli xcx|Protect|p2a: Charli xcx
|-singleturn|p2a: Charli xcx|Protect
|move|p1a: Garchomp|Earthquake|p2a: Charli xcx
|-activate|p2a: Charli xcx|move: Protect
|
|-heal|p2a: Charli xcx|93/100 brn|[from] move: Wish|[wisher] Charli xcx
|-damage|p2a: Charli xcx|87/100 brn|[from] brn
|upkeep
|turn|73
|
|t:|1760360602
|move|p1a: Garchomp|Earthquake|p2a: Charli xcx
|-damage|p2a: Charli xcx|40/100 brn
|move|p2a: Charli xcx|Wish|p2a: Charli xcx
|
|-damage|p2a: Charli xcx|34/100 brn|[from] brn
|upkeep
|turn|74
|
|t:|1760360606
|move|p2a: Charli xcx|Protect|p2a: Charli xcx
|-singleturn|p2a: Charli xcx|Protect
|move|p1a: Garchomp|Earthquake|p2a: Charli xcx
|-activate|p2a: Charli xcx|move: Protect
|
|-heal|p2a: Charli xcx|84/100 brn|[from] move: Wish|[wisher] Charli xcx
|-damage|p2a: Charli xcx|78/100 brn|[from] brn
|upkeep
|turn|75
|
|t:|1760360609
|move|p1a: Garchomp|Earthquake|p2a: Charli xcx
|-damage|p2a: Charli xcx|25/100 brn
|move|p2a: Charli xcx|Moonblast|p1a: Garchomp
|-supereffective|p1a: Garchomp
|-damage|p1a: Garchomp|0 fnt
|faint|p1a: Garchomp
|
|-damage|p2a: Charli xcx|19/100 brn|[from] brn
|upkeep
|
|t:|1760360613
|switch|p1a: Iron Crown|Iron Crown, tera:Steel|23/100
|-damage|p1a: Iron Crown|16/100|[from] Stealth Rock
|turn|76
|
|t:|1760360615
|move|p2a: Charli xcx|Protect|p2a: Charli xcx
|-singleturn|p2a: Charli xcx|Protect
|move|p1a: Iron Crown|Tachyon Cutter|p2a: Charli xcx
|-activate|p2a: Charli xcx|move: Protect
|
|-damage|p2a: Charli xcx|13/100 brn|[from] brn
|upkeep
|turn|77
|
|t:|1760360619
|move|p1a: Iron Crown|Tachyon Cutter|p2a: Charli xcx
|-supereffective|p2a: Charli xcx
|-damage|p2a: Charli xcx|0 fnt
|faint|p2a: Charli xcx
|-hitcount|p2: Charli xcx|1
|
|upkeep
|
|t:|1760360620
|switch|p2a: 🇮🇱=stop genocide|Gliscor, M, tera:Water|58/100 tox
|-damage|p2a: 🇮🇱=stop genocide|46/100 tox|[from] Stealth Rock
|-damage|p2a: 🇮🇱=stop genocide|21/100 tox|[from] Spikes
|turn|78
|
|t:|1760360623
|-end|p1a: Iron Crown|Quark Drive|[silent]
|switch|p1a: Darkrai|Darkrai|57/100
|-damage|p1a: Darkrai|44/100|[from] Stealth Rock
|move|p2a: 🇮🇱=stop genocide|Protect||[still]
|-fail|p2a: 🇮🇱=stop genocide
|
|-heal|p1a: Darkrai|50/100|[from] item: Leftovers
|-heal|p2a: 🇮🇱=stop genocide|33/100 tox|[from] ability: Poison Heal
|upkeep
|turn|79
|
|t:|1760360627
|move|p1a: Darkrai|Nasty Plot|p1a: Darkrai
|-boost|p1a: Darkrai|spa|2
|move|p2a: 🇮🇱=stop genocide|Toxic|p1a: Darkrai
|-status|p1a: Darkrai|tox
|
|-heal|p1a: Darkrai|56/100 tox|[from] item: Leftovers
|-damage|p1a: Darkrai|50/100 tox|[from] psn
|-heal|p2a: 🇮🇱=stop genocide|46/100 tox|[from] ability: Poison Heal
|upkeep
|turn|80
|
|t:|1760360630
|move|p2a: 🇮🇱=stop genocide|Protect|p2a: 🇮🇱=stop genocide
|-singleturn|p2a: 🇮🇱=stop genocide|Protect
|move|p1a: Darkrai|Dark Pulse|p2a: 🇮🇱=stop genocide
|-activate|p2a: 🇮🇱=stop genocide|move: Protect
|
|-heal|p1a: Darkrai|56/100 tox|[from] item: Leftovers
|-damage|p1a: Darkrai|44/100 tox|[from] psn
|-heal|p2a: 🇮🇱=stop genocide|58/100 tox|[from] ability: Poison Heal
|upkeep
|turn|81
|
|t:|1760360634
|move|p1a: Darkrai|Dark Pulse|p2a: 🇮🇱=stop genocide
|-damage|p2a: 🇮🇱=stop genocide|0 fnt
|faint|p2a: 🇮🇱=stop genocide
|
|-heal|p1a: Darkrai|50/100 tox|[from] item: Leftovers
|-damage|p1a: Darkrai|32/100 tox|[from] psn
|upkeep
|
|t:|1760360636
|switch|p2a: 808 and curses|Dondozo, M|44/100
|-damage|p2a: 808 and curses|32/100|[from] Stealth Rock
|-damage|p2a: 808 and curses|7/100|[from] Spikes
|turn|82
|c|☆torvik en place|stall loser
|-message|Trainer #39 forfeited.
|
|win|torvik en place
|raw|torvik en place's rating: 1771 &rarr; <strong>1800</strong><br />(+29 for winning)
|raw|Trainer #39's rating: 1938 &rarr; <strong>1909</strong><br />(-29 for losing)
|l|☆Trainer #39
|player|p2|
|l|☆torvik en place
|player|p1|
