|j|☆China-GX-WL
|j|☆Captainskinny
|t:|1760338324
|gametype|singles
|player|p1|China-GX-WL|giovanni|1362
|player|p2|Captainskinny|red|1269
|gen|9
|tier|[Gen 9] OU
|rated|
|rule|HP Percentage Mod: HP is shown in percentages
|rule|Endless Battle Clause: Forcing endless battles is banned
|rule|Species Clause: Limit one of each Pokémon
|rule|OHKO Clause: OHKO moves are banned
|rule|Evasion Items Clause: Evasion items are banned
|rule|Evasion Moves Clause: Evasion moves are banned
|rule|Evasion Abilities Clause: Evasion abilities are banned
|rule|Sleep Moves Clause: Sleep-inducing moves are banned
|clearpoke
|poke|p1|Pelipper, M|
|poke|p1|Poliwrath, M|
|poke|p1|Zapdos|
|poke|p1|Iron Treads|
|poke|p1|Zamazenta-*|
|poke|p1|Kingambit, F|
|poke|p2|Dragonite, F|
|poke|p2|Clefable, M|
|poke|p2|Cinderace, M|
|poke|p2|Goodra-Hisui, F|
|poke|p2|Alomomola, F|
|poke|p2|Corviknight, M|
|teampreview
|inactive|Battle timer is ON: inactive players will automatically lose when time's up. (requested by Captainskinny)
|
|t:|1760338340
|teamsize|p1|6
|teamsize|p2|6
|start
|switch|p1a: Pelipper|Pelipper, M|100/100
|switch|p2a: Clefable|Clefable, M|100/100
|-weather|RainDance|[from] ability: Drizzle|[of] p1a: Pelipper
|turn|1
|
|t:|1760338357
|move|p2a: Clefable|Stealth Rock|p1a: Pelipper
|-sidestart|p1: China-GX-WL|move: Stealth Rock
|move|p1a: Pelipper|U-turn|p2a: Clefable
|-resisted|p2a: Clefable
|-damage|p2a: Clefable|95/100
|inactive|China-GX-WL has 120 seconds left.
|
|t:|1760338378
|switch|p1a: Iron Treads|Iron Treads|100/100|[from] U-turn
|-damage|p1a: Iron Treads|98/100|[from] Stealth Rock
|-enditem|p1a: Iron Treads|Booster Energy
|-activate|p1a: Iron Treads|ability: Quark Drive|[fromitem]
|-start|p1a: Iron Treads|quarkdriveatk
|
|-weather|RainDance|[upkeep]
|-heal|p2a: Clefable|100/100|[from] item: Leftovers
|upkeep
|turn|2
|inactive|China-GX-WL has 120 seconds left.
|
|t:|1760338388
|move|p1a: Iron Treads|Rapid Spin|p2a: Clefable
|-damage|p2a: Clefable|75/100
|-boost|p1a: Iron Treads|spe|1
|-sideend|p1: China-GX-WL|Stealth Rock|[from] move: Rapid Spin|[of] p1a: Iron Treads
|move|p2a: Clefable|Thunder Wave|p1a: Iron Treads
|-immune|p1a: Iron Treads
|
|-weather|RainDance|[upkeep]
|-heal|p2a: Clefable|81/100|[from] item: Leftovers
|upkeep
|turn|3
|inactive|China-GX-WL has 120 seconds left.
|
|t:|1760338400
|switch|p2a: Corviknight|Corviknight, M|100/100
|-ability|p2a: Corviknight|Pressure
|move|p1a: Iron Treads|Earthquake|p2a: Corviknight
|-immune|p2a: Corviknight
|
|-weather|RainDance|[upkeep]
|upkeep
|turn|4
|
|t:|1760338410
|move|p1a: Iron Treads|Supercell Slam|p2a: Corviknight
|-supereffective|p2a: Corviknight
|-damage|p2a: Corviknight|41/100
|-damage|p1a: Iron Treads|81/100|[from] item: Rocky Helmet|[of] p2a: Corviknight
|move|p2a: Corviknight|Bulk Up|p2a: Corviknight
|-boost|p2a: Corviknight|atk|1
|-boost|p2a: Corviknight|def|1
|
|-weather|RainDance|[upkeep]
|upkeep
|turn|5
|
|t:|1760338420
|move|p1a: Iron Treads|Supercell Slam|p2a: Corviknight
|-supereffective|p2a: Corviknight
|-damage|p2a: Corviknight|6/100
|-damage|p1a: Iron Treads|65/100|[from] item: Rocky Helmet|[of] p2a: Corviknight
|move|p2a: Corviknight|Roost|p2a: Corviknight
|-heal|p2a: Corviknight|56/100
|-singleturn|p2a: Corviknight|move: Roost
|
|-weather|RainDance|[upkeep]
|upkeep
|turn|6
|inactive|China-GX-WL has 120 seconds left.
|
|t:|1760338437
|-end|p1a: Iron Treads|Quark Drive|[silent]
|switch|p1a: Zapdos|Zapdos|100/100
|-ability|p1a: Zapdos|Pressure
|move|p2a: Corviknight|Roost|p2a: Corviknight
|-heal|p2a: Corviknight|100/100
|-singleturn|p2a: Corviknight|move: Roost
|
|-weather|RainDance|[upkeep]
|upkeep
|turn|7
|inactive|China-GX-WL has 120 seconds left.
|
|t:|1760338459
|switch|p2a: Goodra|Goodra-Hisui, F|100/100
|move|p1a: Zapdos|Hurricane|p2a: Goodra
|-resisted|p2a: Goodra
|-damage|p2a: Goodra|91/100
|
|-weather|RainDance|[upkeep]
|upkeep
|turn|8
|
|t:|1760338475
|move|p1a: Zapdos|Volt Switch|p2a: Goodra
|-resisted|p2a: Goodra
|-damage|p2a: Goodra|85/100
|
|t:|1760338480
|switch|p1a: Zamazenta|Zamazenta|100/100|[from] Volt Switch
|-ability|p1a: Zamazenta|Dauntless Shield|boost
|-boost|p1a: Zamazenta|def|1
|move|p2a: Goodra|Dragon Pulse|p1a: Zamazenta
|-damage|p1a: Zamazenta|75/100
|
|-weather|none
|-heal|p1a: Zamazenta|81/100|[from] item: Leftovers
|upkeep
|turn|9
|inactive|China-GX-WL has 90 seconds left.
|
|t:|1760338506
|switch|p2a: Alomomola|Alomomola, F|100/100
|move|p1a: Zamazenta|Close Combat|p2a: Alomomola
|-damage|p2a: Alomomola|69/100
|-unboost|p1a: Zamazenta|def|1
|-unboost|p1a: Zamazenta|spd|1
|
|-heal|p1a: Zamazenta|87/100|[from] item: Leftovers
|-heal|p2a: Alomomola|75/100|[from] item: Leftovers
|upkeep
|turn|10
|inactive|China-GX-WL has 90 seconds left.
|
|t:|1760338517
|switch|p1a: Pelipper|Pelipper, M|100/100
|-weather|RainDance|[from] ability: Drizzle|[of] p1a: Pelipper
|move|p2a: Alomomola|Wish|p2a: Alomomola
|
|-weather|RainDance|[upkeep]
|-heal|p2a: Alomomola|81/100|[from] item: Leftovers
|upkeep
|turn|11
|inactive|China-GX-WL has 90 seconds left.
|
|t:|1760338531
|switch|p2a: Clefable|Clefable, M|81/100
|move|p1a: Pelipper|U-turn|p2a: Clefable
|-resisted|p2a: Clefable
|-damage|p2a: Clefable|76/100
|inactive|China-GX-WL has 90 seconds left.
|
|t:|1760338540
|switch|p1a: Zamazenta|Zamazenta|87/100|[from] U-turn
|
|-weather|RainDance|[upkeep]
|-heal|p2a: Clefable|100/100|[from] move: Wish|[wisher] Alomomola
|-heal|p1a: Zamazenta|94/100|[from] item: Leftovers
|upkeep
|turn|12
|
|t:|1760338554
|switch|p1a: Zapdos|Zapdos|100/100
|-ability|p1a: Zapdos|Pressure
|switch|p2a: Corviknight|Corviknight, M|100/100
|-ability|p2a: Corviknight|Pressure
|
|-weather|RainDance|[upkeep]
|upkeep
|turn|13
|
|t:|1760338566
|switch|p2a: Goodra|Goodra-Hisui, F|85/100
|move|p1a: Zapdos|Volt Switch|p2a: Goodra
|-resisted|p2a: Goodra
|-damage|p2a: Goodra|78/100
|
|t:|1760338572
|switch|p1a: Poliwrath|Poliwrath, M|100/100|[from] Volt Switch
|
|-weather|RainDance|[upkeep]
|upkeep
|turn|14
|
|t:|1760338579
|switch|p2a: Alomomola|Alomomola, F|100/100
|move|p1a: Poliwrath|Belly Drum|p1a: Poliwrath
|-damage|p1a: Poliwrath|50/100
|-setboost|p1a: Poliwrath|atk|6|[from] move: Belly Drum
|-enditem|p1a: Poliwrath|Sitrus Berry|[eat]
|-heal|p1a: Poliwrath|75/100|[from] item: Sitrus Berry
|
|-weather|RainDance|[upkeep]
|upkeep
|turn|15
|
|t:|1760338595
|move|p1a: Poliwrath|Close Combat|p2a: Alomomola
|-damage|p2a: Alomomola|0 fnt
|-unboost|p1a: Poliwrath|def|1
|-unboost|p1a: Poliwrath|spd|1
|faint|p2a: Alomomola
|
|-weather|RainDance|[upkeep]
|upkeep
|
|t:|1760338602
|switch|p2a: Cinderace|Cinderace, M|100/100
|turn|16
|
|t:|1760338607
|move|p1a: Poliwrath|Earthquake|p2a: Cinderace
|-supereffective|p2a: Cinderace
|-enditem|p2a: Cinderace|Focus Sash
|-damage|p2a: Cinderace|1/100
|move|p2a: Cinderace|Counter|p1a: Poliwrath
|-start|p2a: Cinderace|typechange|Fighting|[from] ability: Libero
|-damage|p1a: Poliwrath|0 fnt
|faint|p1a: Poliwrath
|
|-weather|RainDance|[upkeep]
|upkeep
|
|t:|1760338625
|switch|p1a: Zapdos|Zapdos|100/100
|-ability|p1a: Zapdos|Pressure
|turn|17
|inactive|China-GX-WL has 90 seconds left.
|
|t:|1760338641
|move|p2a: Cinderace|Pyro Ball|p1a: Zapdos
|-damage|p1a: Zapdos|77/100
|move|p1a: Zapdos|Volt Switch|p2a: Cinderace
|-damage|p2a: Cinderace|0 fnt
|faint|p2a: Cinderace
|inactive|China-GX-WL has 90 seconds left.
|
|t:|1760338658
|switch|p1a: Iron Treads|Iron Treads|65/100|[from] Volt Switch
|
|-weather|none
|upkeep
|
|t:|1760338669
|switch|p2a: Dragonite|Dragonite, F|100/100
|turn|18
|inactive|China-GX-WL has 90 seconds left.
|
|t:|1760338689
|move|p1a: Iron Treads|Ice Spinner|p2a: Dragonite
|-supereffective|p2a: Dragonite
|-damage|p2a: Dragonite|55/100
|move|p2a: Dragonite|Dragon Dance|p2a: Dragonite
|-boost|p2a: Dragonite|atk|1
|-boost|p2a: Dragonite|spe|1
|
|-heal|p2a: Dragonite|62/100|[from] item: Leftovers
|upkeep
|turn|19
|
|t:|1760338704
|-terastallize|p2a: Dragonite|Normal
|move|p2a: Dragonite|Earthquake|p1a: Iron Treads
|-supereffective|p1a: Iron Treads
|-damage|p1a: Iron Treads|0 fnt
|faint|p1a: Iron Treads
|-end|p1a: Iron Treads|Quark Drive|[silent]
|
|-heal|p2a: Dragonite|68/100|[from] item: Leftovers
|upkeep
|
|t:|1760338713
|switch|p1a: Zamazenta|Zamazenta|94/100
|turn|20
|
|t:|1760338722
|move|p2a: Dragonite|Extreme Speed|p1a: Zamazenta
|-damage|p1a: Zamazenta|41/100
|move|p1a: Zamazenta|Iron Defense|p1a: Zamazenta
|-boost|p1a: Zamazenta|def|2
|
|-heal|p1a: Zamazenta|47/100|[from] item: Leftovers
|-heal|p2a: Dragonite|74/100|[from] item: Leftovers
|upkeep
|turn|21
|inactive|China-GX-WL has 90 seconds left.
|
|t:|1760338734
|move|p1a: Zamazenta|Body Press|p2a: Dragonite
|-supereffective|p2a: Dragonite
|-damage|p2a: Dragonite|0 fnt
|faint|p2a: Dragonite
|
|-heal|p1a: Zamazenta|53/100|[from] item: Leftovers
|upkeep
|-message|Captainskinny forfeited.
|
|win|China-GX-WL
|raw|China-GX-WL's rating: 1362 &rarr; <strong>1377</strong><br />(+15 for winning)
|raw|Captainskinny's rating: 1269 &rarr; <strong>1251</strong><br />(-18 for losing)
|l|☆Captainskinny
|player|p2|
|l|☆China-GX-WL
|player|p1|
