|j|☆lllongtoudishu
|j|☆brain off gameplay
|t:|1760362891
|gametype|singles
|player|p1|lllongtoudishu|roxie|1096
|player|p2|brain off gameplay|youngster-gen4dp|1074
|gen|9
|tier|[Gen 9] OU
|rated|
|rule|HP Percentage Mod: HP is shown in percentages
|rule|Endless Battle Clause: Forcing endless battles is banned
|rule|Species Clause: Limit one of each Pokémon
|rule|OHKO Clause: OHKO moves are banned
|rule|Evasion Items Clause: Evasion items are banned
|rule|Evasion Moves Clause: Evasion moves are banned
|rule|Evasion Abilities Clause: Evasion abilities are banned
|rule|Sleep Moves Clause: Sleep-inducing moves are banned
|clearpoke
|poke|p1|Araquanid, F|
|poke|p1|Gholdengo|
|poke|p1|Iron Treads|
|poke|p1|Raging Bolt|
|poke|p1|Iron Valiant|
|poke|p1|Dragonite, F|
|poke|p2|Ninetales, M|
|poke|p2|Scovillain, F|
|poke|p2|Great Tusk|
|poke|p2|Raging Bolt|
|poke|p2|Dragonite, F|
|poke|p2|Hatterene, F|
|teampreview
|inactive|Battle timer is ON: inactive players will automatically lose when time's up. (requested by lllongtoudishu)
|inactive|brain off gameplay has 120 seconds left.
|inactive|brain off gameplay has 90 seconds left.
|inactive|brain off gameplay has 60 seconds left.
|
|t:|1760363041
|teamsize|p1|6
|teamsize|p2|6
|start
|switch|p1a: Araquanid|Araquanid, F|100/100
|switch|p2a: Ninetales|Ninetales, M, shiny|100/100
|-weather|SunnyDay|[from] ability: Drought|[of] p2a: Ninetales
|turn|1
|inactive|brain off gameplay has 90 seconds left.
|
|t:|1760363062
|switch|p2a: Hatterene|Hatterene, F, shiny|100/100
|move|p1a: Araquanid|Surf|p2a: Hatterene
|-damage|p2a: Hatterene|72/100
|
|-weather|SunnyDay|[upkeep]
|upkeep
|turn|2
|inactive|lllongtoudishu has 120 seconds left.
|
|t:|1760363097
|move|p1a: Araquanid|Surf|p2a: Hatterene
|-damage|p2a: Hatterene|45/100
|move|p2a: Hatterene|Psychic Noise|p1a: Araquanid
|-damage|p1a: Araquanid|73/100
|-start|p1a: Araquanid|move: Heal Block
|
|-weather|SunnyDay|[upkeep]
|upkeep
|turn|3
|inactive|brain off gameplay has 90 seconds left.
|inactive|brain off gameplay has 60 seconds left.
|
|t:|1760363176
|move|p1a: Araquanid|Surf|p2a: Hatterene
|-damage|p2a: Hatterene|18/100
|move|p2a: Hatterene|Calm Mind|p2a: Hatterene
|-boost|p2a: Hatterene|spa|1
|-boost|p2a: Hatterene|spd|1
|
|-weather|SunnyDay|[upkeep]
|-end|p1a: Araquanid|move: Heal Block
|upkeep
|turn|4
|
|t:|1760363185
|move|p1a: Araquanid|Surf|p2a: Hatterene
|-damage|p2a: Hatterene|0 fnt
|faint|p2a: Hatterene
|
|-weather|SunnyDay|[upkeep]
|upkeep
|inactive|brain off gameplay has 30 seconds left.
|
|t:|1760363206
|switch|p2a: Scovillain|Scovillain, F|100/100
|turn|5
|
|t:|1760363211
|move|p2a: Scovillain|Growth|p2a: Scovillain
|-boost|p2a: Scovillain|atk|2
|-boost|p2a: Scovillain|spa|2
|move|p1a: Araquanid|Sticky Web|p2a: Scovillain
|-sidestart|p2: brain off gameplay|move: Sticky Web
|
|-weather|SunnyDay|[upkeep]
|upkeep
|turn|6
|
|t:|1760363219
|switch|p1a: Dragonite|Dragonite, F|100/100
|move|p2a: Scovillain|Solar Beam||[still]
|-prepare|p2a: Scovillain|Solar Beam
|-anim|p2a: Scovillain|Solar Beam|p1a: Dragonite
|-resisted|p1a: Dragonite
|-damage|p1a: Dragonite|81/100
|-damage|p2a: Scovillain|91/100|[from] item: Life Orb
|
|-weather|SunnyDay|[upkeep]
|upkeep
|turn|7
|
|t:|1760363230
|move|p2a: Scovillain|Flamethrower|p1a: Dragonite
|-resisted|p1a: Dragonite
|-damage|p1a: Dragonite|0 fnt
|faint|p1a: Dragonite
|-damage|p2a: Scovillain|81/100|[from] item: Life Orb
|
|-weather|SunnyDay|[upkeep]
|upkeep
|inactive|lllongtoudishu has 120 seconds left.
|
|t:|1760363282
|switch|p1a: Iron Treads|Iron Treads|100/100
|-enditem|p1a: Iron Treads|Booster Energy
|-activate|p1a: Iron Treads|ability: Quark Drive|[fromitem]
|-start|p1a: Iron Treads|quarkdriveatk
|turn|8
|inactive|brain off gameplay has 60 seconds left.
|
|t:|1760363305
|-terastallize|p1a: Iron Treads|Ghost
|move|p2a: Scovillain|Flamethrower|p1a: Iron Treads
|-damage|p1a: Iron Treads|0 fnt
|faint|p1a: Iron Treads
|-end|p1a: Iron Treads|Quark Drive|[silent]
|-damage|p2a: Scovillain|71/100|[from] item: Life Orb
|
|-weather|none
|upkeep
|
|t:|1760363315
|switch|p1a: Raging Bolt|Raging Bolt|100/100
|-enditem|p1a: Raging Bolt|Booster Energy
|-activate|p1a: Raging Bolt|ability: Protosynthesis|[fromitem]
|-start|p1a: Raging Bolt|protosynthesisspa
|turn|9
|inactive|brain off gameplay has 60 seconds left.
|
|t:|1760363332
|move|p2a: Scovillain|Stomping Tantrum|p1a: Raging Bolt
|-supereffective|p1a: Raging Bolt
|-damage|p1a: Raging Bolt|13/100
|-damage|p2a: Scovillain|61/100|[from] item: Life Orb
|move|p1a: Raging Bolt|Draco Meteor|p2a: Scovillain
|-damage|p2a: Scovillain|0 fnt
|-unboost|p1a: Raging Bolt|spa|2
|faint|p2a: Scovillain
|
|upkeep
|
|t:|1760363336
|switch|p2a: Great Tusk|Great Tusk|100/100
|turn|10
|inactive|brain off gameplay has 60 seconds left.
|
|t:|1760363358
|move|p2a: Great Tusk|Temper Flare|p1a: Raging Bolt
|-resisted|p1a: Raging Bolt
|-damage|p1a: Raging Bolt|1/100
|move|p1a: Raging Bolt|Draco Meteor|p2a: Great Tusk
|-damage|p2a: Great Tusk|24/100
|-unboost|p1a: Raging Bolt|spa|2
|
|upkeep
|turn|11
|
|t:|1760363367
|move|p2a: Great Tusk|Rapid Spin|p1a: Raging Bolt
|-damage|p1a: Raging Bolt|0 fnt
|-boost|p2a: Great Tusk|spe|1
|-sideend|p2: brain off gameplay|Sticky Web|[from] move: Rapid Spin|[of] p2a: Great Tusk
|faint|p1a: Raging Bolt
|-end|p1a: Raging Bolt|Protosynthesis|[silent]
|
|upkeep
|
|t:|1760363375
|switch|p1a: Iron Valiant|Iron Valiant|100/100
|-enditem|p1a: Iron Valiant|Booster Energy
|-activate|p1a: Iron Valiant|ability: Quark Drive|[fromitem]
|-start|p1a: Iron Valiant|quarkdrivespa
|turn|12
|
|t:|1760363381
|move|p1a: Iron Valiant|Vacuum Wave|p2a: Great Tusk
|-damage|p2a: Great Tusk|0 fnt
|faint|p2a: Great Tusk
|-end|p2a: Great Tusk|Protosynthesis|[silent]
|
|upkeep
|
|t:|1760363383
|switch|p2a: Ninetales|Ninetales, M, shiny|100/100
|-weather|SunnyDay|[from] ability: Drought|[of] p2a: Ninetales
|turn|13
|inactive|lllongtoudishu has 120 seconds left.
|
|t:|1760363399
|move|p1a: Iron Valiant|Moonblast|p2a: Ninetales
|-resisted|p2a: Ninetales
|-damage|p2a: Ninetales|59/100
|move|p2a: Ninetales|Encore|p1a: Iron Valiant
|-start|p1a: Iron Valiant|Encore
|
|-weather|SunnyDay|[upkeep]
|upkeep
|turn|14
|
|t:|1760363407
|move|p1a: Iron Valiant|Moonblast|p2a: Ninetales
|-resisted|p2a: Ninetales
|-damage|p2a: Ninetales|18/100
|move|p2a: Ninetales|Weather Ball|p1a: Iron Valiant
|-damage|p1a: Iron Valiant|0 fnt
|faint|p1a: Iron Valiant
|-end|p1a: Iron Valiant|Quark Drive|[silent]
|
|-weather|SunnyDay|[upkeep]
|upkeep
|
|t:|1760363417
|switch|p1a: Araquanid|Araquanid, F|73/100
|turn|15
|
|t:|1760363421
|move|p2a: Ninetales|Solar Beam||[still]
|-prepare|p2a: Ninetales|Solar Beam
|-anim|p2a: Ninetales|Solar Beam|p1a: Araquanid
|-damage|p1a: Araquanid|48/100
|move|p1a: Araquanid|Sticky Web|p2a: Ninetales
|-sidestart|p2: brain off gameplay|move: Sticky Web
|
|-weather|SunnyDay|[upkeep]
|upkeep
|turn|16
|
|t:|1760363429
|move|p2a: Ninetales|Encore|p1a: Araquanid
|-start|p1a: Araquanid|Encore
|move|p1a: Araquanid|Sticky Web||[still]
|-fail|p1a: Araquanid
|
|-weather|SunnyDay|[upkeep]
|upkeep
|turn|17
|
|t:|1760363436
|switch|p1a: Gholdengo|Gholdengo|100/100
|-item|p1a: Gholdengo|Air Balloon
|move|p2a: Ninetales|Weather Ball|p1a: Gholdengo
|-supereffective|p1a: Gholdengo
|-damage|p1a: Gholdengo|0 fnt
|-enditem|p1a: Gholdengo|Air Balloon
|faint|p1a: Gholdengo
|
|-weather|SunnyDay|[upkeep]
|upkeep
|-message|lllongtoudishu forfeited.
|
|win|brain off gameplay
|raw|lllongtoudishu's rating: 1096 &rarr; <strong>1070</strong><br />(-26 for losing)
|raw|brain off gameplay's rating: 1074 &rarr; <strong>1105</strong><br />(+31 for winning)
|l|☆lllongtoudishu
|player|p1|
