|j|☆ayyyyyyuhsucconme
|j|☆raskmus
|t:|1760448528
|gametype|singles
|player|p1|ayyyyyyuhsucconme|linebacker|1261
|player|p2|raskmus|169|1323
|gen|9
|tier|[Gen 9] OU
|rated|
|rule|HP Percentage Mod: HP is shown in percentages
|rule|Endless Battle Clause: Forcing endless battles is banned
|rule|Species Clause: Limit one of each Pokémon
|rule|OHKO Clause: OHKO moves are banned
|rule|Evasion Items Clause: Evasion items are banned
|rule|Evasion Moves Clause: Evasion moves are banned
|rule|Evasion Abilities Clause: Evasion abilities are banned
|rule|Sleep Moves Clause: Sleep-inducing moves are banned
|clearpoke
|poke|p1|Gholdengo|
|poke|p1|Clodsire, F|
|poke|p1|Skarmory, F|
|poke|p1|Scizor, M|
|poke|p1|Quaquaval, F|
|poke|p1|Goodra-Hisui, M|
|poke|p2|Zoroark-Hisui, M|
|poke|p2|Darkrai|
|poke|p2|Slowking-Galar, M|
|poke|p2|Great Tusk|
|poke|p2|Azumarill, M|
|poke|p2|Skarmory, M|
|teampreview
|
|t:|1760448557
|teamsize|p1|6
|teamsize|p2|6
|start
|switch|p1a: Scizor|Scizor, M|100/100
|switch|p2a: Slowking|Slowking-Galar, M|100/100
|turn|1
|
|t:|1760448582
|switch|p2a: Skarmory|Skarmory, M|100/100
|move|p1a: Scizor|Knock Off|p2a: Skarmory
|-damage|p2a: Skarmory|80/100
|-enditem|p2a: Skarmory|Heavy-Duty Boots|[from] move: Knock Off|[of] p1a: Scizor
|
|upkeep
|turn|2
|
|t:|1760448609
|move|p2a: Skarmory|Spikes|p1a: Scizor
|-sidestart|p1: ayyyyyyuhsucconme|Spikes
|move|p1a: Scizor|Close Combat|p2a: Skarmory
|-damage|p2a: Skarmory|55/100
|-unboost|p1a: Scizor|def|1
|-unboost|p1a: Scizor|spd|1
|
|upkeep
|turn|3
|
|t:|1760448623
|move|p2a: Skarmory|Roost|p2a: Skarmory
|-heal|p2a: Skarmory|100/100
|-singleturn|p2a: Skarmory|move: Roost
|move|p1a: Scizor|Swords Dance|p1a: Scizor
|-boost|p1a: Scizor|atk|2
|
|upkeep
|turn|4
|
|t:|1760448637
|move|p2a: Skarmory|Brave Bird|p1a: Scizor
|-damage|p1a: Scizor|48/100
|-damage|p2a: Skarmory|83/100|[from] Recoil
|move|p1a: Scizor|Close Combat|p2a: Skarmory
|-damage|p2a: Skarmory|30/100
|-unboost|p1a: Scizor|def|1
|-unboost|p1a: Scizor|spd|1
|
|upkeep
|turn|5
|
|t:|1760448650
|switch|p1a: Skarmory|Skarmory, F|100/100
|move|p2a: Skarmory|Roost|p2a: Skarmory
|-heal|p2a: Skarmory|80/100
|-singleturn|p2a: Skarmory|move: Roost
|
|upkeep
|turn|6
|
|t:|1760448663
|move|p1a: Skarmory|Spikes|p2a: Skarmory
|-sidestart|p2: raskmus|Spikes
|move|p2a: Skarmory|Spikes|p1a: Skarmory
|-sidestart|p1: ayyyyyyuhsucconme|Spikes
|
|upkeep
|turn|7
|
|t:|1760448669
|move|p1a: Skarmory|Spikes|p2a: Skarmory
|-sidestart|p2: raskmus|Spikes
|move|p2a: Skarmory|Spikes|p1a: Skarmory
|-sidestart|p1: ayyyyyyuhsucconme|Spikes
|
|upkeep
|turn|8
|
|t:|1760448697
|switch|p2a: Great Tusk|Great Tusk|100/100
|-damage|p2a: Great Tusk|84/100|[from] Spikes
|move|p1a: Skarmory|Spikes|p2a: Great Tusk
|-sidestart|p2: raskmus|Spikes
|
|-heal|p2a: Great Tusk|90/100|[from] item: Leftovers
|upkeep
|turn|9
|
|t:|1760448703
|-end|p2a: Great Tusk|Protosynthesis|[silent]
|switch|p2a: Darkrai|Darkrai|100/100
|-damage|p2a: Darkrai|76/100|[from] Spikes
|switch|p1a: Gholdengo|Gholdengo|100/100
|-item|p1a: Gholdengo|Air Balloon
|
|upkeep
|turn|10
|inactive|Battle timer is ON: inactive players will automatically lose when time's up. (requested by ayyyyyyuhsucconme)
|
|t:|1760448735
|switch|p1a: Goodra|Goodra-Hisui, M|100/100
|move|p2a: Darkrai|Swords Dance|p2a: Darkrai
|-boost|p2a: Darkrai|atk|2
|
|upkeep
|turn|11
|
|t:|1760448742
|move|p2a: Darkrai|Drain Punch|p1a: Goodra
|-supereffective|p1a: Goodra
|-damage|p1a: Goodra|13/100
|-heal|p2a: Darkrai|100/100|[from] drain|[of] p1a: Goodra
|-ability|p1a: Goodra|Gooey
|-unboost|p2a: Darkrai|spe|1
|move|p1a: Goodra|Dragon Tail|p2a: Darkrai
|-crit|p2a: Darkrai
|-damage|p2a: Darkrai|59/100
|drag|p2a: Slowking|Slowking-Galar, M|100/100
|-damage|p2a: Slowking|76/100|[from] Spikes
|
|upkeep
|turn|12
|
|t:|1760448764
|move|p2a: Slowking|Hyper Voice|p1a: Goodra
|-resisted|p1a: Goodra
|-damage|p1a: Goodra|0 fnt
|faint|p1a: Goodra
|
|upkeep
|
|t:|1760448768
|switch|p1a: Scizor|Scizor, M|48/100
|turn|13
|
|t:|1760448771
|move|p2a: Slowking|Hyper Voice|p1a: Scizor
|-resisted|p1a: Scizor
|-damage|p1a: Scizor|8/100
|move|p1a: Scizor|Knock Off|p2a: Slowking
|-supereffective|p2a: Slowking
|-damage|p2a: Slowking|0 fnt
|replace|p2a: Zoroark|Zoroark-Hisui, M
|-end|p2a: Zoroark|Illusion
|-enditem|p2a: Zoroark|Choice Specs|[from] move: Knock Off|[of] p1a: Scizor
|faint|p2a: Zoroark
|
|upkeep
|
|t:|1760448792
|switch|p2a: Skarmory|Skarmory, M|80/100
|turn|14
|
|t:|1760448804
|switch|p1a: Skarmory|Skarmory, F|100/100
|move|p2a: Skarmory|Brave Bird|p1a: Skarmory
|-resisted|p1a: Skarmory
|-damage|p1a: Skarmory|90/100
|-damage|p2a: Skarmory|63/100|[from] item: Rocky Helmet|[of] p1a: Skarmory
|-damage|p2a: Skarmory|60/100|[from] Recoil
|
|upkeep
|turn|15
|
|t:|1760448811
|switch|p1a: Clodsire|Clodsire, F, shiny|100/100
|move|p2a: Skarmory|Roost|p2a: Skarmory
|-heal|p2a: Skarmory|100/100
|-singleturn|p2a: Skarmory|move: Roost
|
|upkeep
|turn|16
|
|t:|1760448826
|switch|p2a: Slowking|Slowking-Galar, M|100/100
|-damage|p2a: Slowking|76/100|[from] Spikes
|move|p1a: Clodsire|Stealth Rock|p2a: Slowking
|-sidestart|p2: raskmus|move: Stealth Rock
|
|-heal|p2a: Slowking|82/100|[from] item: Leftovers
|upkeep
|turn|17
|
|t:|1760448839
|move|p2a: Slowking|Psychic Noise|p1a: Clodsire
|-supereffective|p1a: Clodsire
|-damage|p1a: Clodsire|72/100
|-start|p1a: Clodsire|move: Heal Block
|move|p1a: Clodsire|Earthquake|p2a: Slowking
|-supereffective|p2a: Slowking
|-damage|p2a: Slowking|27/100
|
|-heal|p2a: Slowking|33/100|[from] item: Leftovers
|upkeep
|turn|18
|
|t:|1760448848
|switch|p2a: Skarmory|Skarmory, M|100/100
|-damage|p2a: Skarmory|88/100|[from] Stealth Rock
|move|p1a: Clodsire|Earthquake|p2a: Skarmory
|-immune|p2a: Skarmory
|
|-end|p1a: Clodsire|move: Heal Block
|upkeep
|turn|19
|
|t:|1760448857
|switch|p1a: Skarmory|Skarmory, F|90/100
|move|p2a: Skarmory|Brave Bird|p1a: Skarmory
|-resisted|p1a: Skarmory
|-damage|p1a: Skarmory|80/100
|-damage|p2a: Skarmory|72/100|[from] item: Rocky Helmet|[of] p1a: Skarmory
|-damage|p2a: Skarmory|68/100|[from] Recoil
|
|upkeep
|turn|20
|
|t:|1760448868
|move|p2a: Skarmory|Roost|p2a: Skarmory
|-heal|p2a: Skarmory|100/100
|-singleturn|p2a: Skarmory|move: Roost
|move|p1a: Skarmory|Roar|p2a: Skarmory
|drag|p2a: Slowking|Slowking-Galar, M|66/100
|-damage|p2a: Slowking|41/100|[from] Spikes
|-damage|p2a: Slowking|29/100|[from] Stealth Rock
|
|-heal|p2a: Slowking|35/100|[from] item: Leftovers
|upkeep
|turn|21
|
|t:|1760448877
|move|p2a: Slowking|Slack Off|p2a: Slowking
|-heal|p2a: Slowking|85/100
|move|p1a: Skarmory|Roar|p2a: Slowking
|drag|p2a: Skarmory|Skarmory, M|100/100
|-damage|p2a: Skarmory|88/100|[from] Stealth Rock
|
|upkeep
|turn|22
|-message|ayyyyyyuhsucconme forfeited.
|
|win|raskmus
|raw|ayyyyyyuhsucconme's rating: 1261 &rarr; <strong>1240</strong><br />(-21 for losing)
|raw|raskmus's rating: 1323 &rarr; <strong>1339</strong><br />(+16 for winning)
|l|☆ayyyyyyuhsucconme
|player|p1|
|l|☆raskmus
|player|p2|
