|j|☆Darlyn41591
|j|☆wockyslush215
|t:|1760377740
|gametype|singles
|player|p1|Darlyn41591|169|1172
|player|p2|wockyslush215|169|1154
|gen|9
|tier|[Gen 9] OU
|rated|
|rule|HP Percentage Mod: HP is shown in percentages
|rule|Endless Battle Clause: Forcing endless battles is banned
|rule|Species Clause: Limit one of each Pokémon
|rule|OHKO Clause: OHKO moves are banned
|rule|Evasion Items Clause: Evasion items are banned
|rule|Evasion Moves Clause: Evasion moves are banned
|rule|Evasion Abilities Clause: Evasion abilities are banned
|rule|Sleep Moves Clause: Sleep-inducing moves are banned
|clearpoke
|poke|p1|Vaporeon, F|
|poke|p1|Espeon, M|
|poke|p1|Umbreon, F|
|poke|p1|Flareon, M|
|poke|p1|Jolteon, M|
|poke|p1|Sylveon, M|
|poke|p2|Ursaluna, M|
|poke|p2|Cresselia, F|
|poke|p2|Iron Valiant|
|poke|p2|Hatterene, F|
|poke|p2|Keldeo-Resolute|
|poke|p2|Ogerpon, F|
|teampreview
|
|t:|1760377753
|teamsize|p1|6
|teamsize|p2|6
|start
|switch|p1a: Flareon|Flareon, M|100/100
|switch|p2a: Cresselia|Cresselia, F, shiny|100/100
|turn|1
|
|t:|1760377760
|move|p1a: Flareon|Trailblaze|p2a: Cresselia
|-damage|p2a: Cresselia|89/100
|-boost|p1a: Flareon|spe|1
|-damage|p1a: Flareon|84/100|[from] item: Rocky Helmet|[of] p2a: Cresselia
|move|p2a: Cresselia|Trick Room|p2a: Cresselia
|-fieldstart|move: Trick Room|[of] p2a: Cresselia
|
|upkeep
|turn|2
|
|t:|1760377770
|move|p2a: Cresselia|Psychic|p1a: Flareon
|-damage|p1a: Flareon|68/100
|move|p1a: Flareon|Flare Blitz|p2a: Cresselia
|-damage|p2a: Cresselia|47/100
|-damage|p1a: Flareon|52/100|[from] item: Rocky Helmet|[of] p2a: Cresselia
|-damage|p1a: Flareon|33/100|[from] Recoil
|
|upkeep
|turn|3
|
|t:|1760377782
|switch|p2a: Ursaluna|Ursaluna, M, shiny|100/100
|switch|p1a: Umbreon|Umbreon, F|100/100
|
|-status|p2a: Ursaluna|brn|[from] item: Flame Orb
|upkeep
|turn|4
|
|t:|1760377797
|-terastallize|p2a: Ursaluna|Normal
|-terastallize|p1a: Umbreon|Poison
|move|p2a: Ursaluna|Facade|p1a: Umbreon
|-damage|p1a: Umbreon|0 fnt
|-damage|p2a: Ursaluna|84/100 brn|[from] item: Rocky Helmet|[of] p1a: Umbreon
|faint|p1a: Umbreon
|
|-damage|p2a: Ursaluna|78/100 brn|[from] brn
|upkeep
|
|t:|1760377808
|switch|p1a: Flareon|Flareon, M|33/100
|turn|5
|
|t:|1760377813
|move|p1a: Flareon|Quick Attack|p2a: Ursaluna
|-damage|p2a: Ursaluna|66/100 brn
|move|p2a: Ursaluna|Facade|p1a: Flareon
|-damage|p1a: Flareon|0 fnt
|faint|p1a: Flareon
|
|-damage|p2a: Ursaluna|60/100 brn|[from] brn
|-fieldend|move: Trick Room
|upkeep
|
|t:|1760377825
|switch|p1a: Sylveon|Sylveon, M|100/100
|turn|6
|
|t:|1760377832
|switch|p2a: Cresselia|Cresselia, F, shiny|47/100
|move|p1a: Sylveon|Trailblaze|p2a: Cresselia
|-damage|p2a: Cresselia|42/100
|-boost|p1a: Sylveon|spe|1
|-damage|p1a: Sylveon|84/100|[from] item: Rocky Helmet|[of] p2a: Cresselia
|
|upkeep
|turn|7
|
|t:|1760377842
|move|p1a: Sylveon|Hyper Voice|p2a: Cresselia
|-damage|p2a: Cresselia|11/100
|-enditem|p1a: Sylveon|Throat Spray
|-boost|p1a: Sylveon|spa|1|[from] item: Throat Spray
|move|p2a: Cresselia|Trick Room|p2a: Cresselia
|-fieldstart|move: Trick Room|[of] p2a: Cresselia
|
|upkeep
|turn|8
|
|t:|1760377851
|move|p2a: Cresselia|Lunar Dance|p2a: Cresselia
|faint|p2a: Cresselia
|move|p1a: Sylveon|Shadow Ball|p2: Cresselia|[notarget]
|-fail|p1a: Sylveon
|
|upkeep
|
|t:|1760377858
|switch|p2a: Ursaluna|Ursaluna, M, shiny, tera:Normal|60/100 brn
|-heal|p2a: Ursaluna|100/100|[from] move: Lunar Dance
|turn|9
|
|t:|1760377864
|move|p2a: Ursaluna|Facade|p1a: Sylveon
|-damage|p1a: Sylveon|9/100
|move|p1a: Sylveon|Hyper Voice|p2a: Ursaluna
|-damage|p2a: Ursaluna|25/100
|
|-status|p2a: Ursaluna|brn|[from] item: Flame Orb
|upkeep
|turn|10
|
|t:|1760377874
|move|p2a: Ursaluna|Facade|p1a: Sylveon
|-damage|p1a: Sylveon|0 fnt
|faint|p1a: Sylveon
|
|-damage|p2a: Ursaluna|19/100 brn|[from] brn
|upkeep
|
|t:|1760377888
|switch|p1a: Jolteon|Jolteon, M|100/100
|turn|11
|
|t:|1760377898
|switch|p2a: Hatterene|Hatterene, F, shiny|100/100
|move|p1a: Jolteon|Thunderbolt|p2a: Hatterene
|-damage|p2a: Hatterene|48/100
|-damage|p1a: Jolteon|91/100|[from] item: Life Orb
|
|-fieldend|move: Trick Room
|upkeep
|turn|12
|
|t:|1760377907
|move|p1a: Jolteon|Thunderbolt|p2a: Hatterene
|-damage|p2a: Hatterene|0 fnt
|faint|p2a: Hatterene
|-damage|p1a: Jolteon|81/100|[from] item: Life Orb
|
|upkeep
|
|t:|1760377916
|switch|p2a: Iron Valiant|Iron Valiant|100/100
|-enditem|p2a: Iron Valiant|Booster Energy
|-activate|p2a: Iron Valiant|ability: Quark Drive|[fromitem]
|-start|p2a: Iron Valiant|quarkdrivespe
|turn|13
|
|t:|1760377924
|switch|p1a: Vaporeon|Vaporeon, F|100/100
|move|p2a: Iron Valiant|Moonblast|p1a: Vaporeon
|-crit|p1a: Vaporeon
|-damage|p1a: Vaporeon|63/100
|-unboost|p1a: Vaporeon|spa|1
|
|-heal|p1a: Vaporeon|69/100|[from] item: Leftovers
|upkeep
|turn|14
|
|t:|1760377935
|move|p2a: Iron Valiant|Moonblast|p1a: Vaporeon
|-damage|p1a: Vaporeon|44/100
|-unboost|p1a: Vaporeon|spa|1
|move|p1a: Vaporeon|Scald|p2a: Iron Valiant
|-damage|p2a: Iron Valiant|68/100
|
|-heal|p1a: Vaporeon|50/100|[from] item: Leftovers
|upkeep
|turn|15
|
|t:|1760377946
|move|p2a: Iron Valiant|Moonblast|p1a: Vaporeon
|-damage|p1a: Vaporeon|23/100
|move|p1a: Vaporeon|Wish|p1a: Vaporeon
|
|-heal|p1a: Vaporeon|29/100|[from] item: Leftovers
|upkeep
|turn|16
|
|t:|1760377962
|move|p1a: Vaporeon|Protect|p1a: Vaporeon
|-singleturn|p1a: Vaporeon|Protect
|move|p2a: Iron Valiant|Moonblast|p1a: Vaporeon
|-activate|p1a: Vaporeon|move: Protect
|
|-heal|p1a: Vaporeon|79/100|[from] move: Wish|[wisher] Vaporeon
|-heal|p1a: Vaporeon|85/100|[from] item: Leftovers
|upkeep
|turn|17
|
|t:|1760377972
|move|p2a: Iron Valiant|Encore|p1a: Vaporeon
|-start|p1a: Vaporeon|Encore
|move|p1a: Vaporeon|Protect||[still]
|-fail|p1a: Vaporeon
|
|-heal|p1a: Vaporeon|91/100|[from] item: Leftovers
|upkeep
|turn|18
|
|t:|1760377981
|-end|p2a: Iron Valiant|Quark Drive|[silent]
|switch|p2a: Ogerpon|Ogerpon, F|100/100
|switch|p1a: Espeon|Espeon, M|100/100
|
|upkeep
|turn|19
|
|t:|1760377990
|move|p2a: Ogerpon|Knock Off|p1a: Espeon
|-supereffective|p1a: Espeon
|-damage|p1a: Espeon|0 fnt
|-enditem|p1a: Espeon|Sitrus Berry|[from] move: Knock Off|[of] p2a: Ogerpon
|faint|p1a: Espeon
|
|upkeep
|
|t:|1760377995
|switch|p1a: Jolteon|Jolteon, M|81/100
|turn|20
|
|t:|1760378008
|move|p1a: Jolteon|Alluring Voice|p2a: Ogerpon
|-damage|p2a: Ogerpon|60/100
|-damage|p1a: Jolteon|71/100|[from] item: Life Orb
|move|p2a: Ogerpon|Knock Off|p1a: Jolteon
|-damage|p1a: Jolteon|0 fnt
|-enditem|p1a: Jolteon|Life Orb|[from] move: Knock Off|[of] p2a: Ogerpon
|faint|p1a: Jolteon
|
|upkeep
|-message|Darlyn41591 forfeited.
|
|win|wockyslush215
|raw|Darlyn41591's rating: 1172 &rarr; <strong>1146</strong><br />(-26 for losing)
|raw|wockyslush215's rating: 1154 &rarr; <strong>1180</strong><br />(+26 for winning)
|l|☆Darlyn41591
|player|p1|
|l|☆wockyslush215
|player|p2|
