|j|☆Boasy
|j|☆Mist02
|t:|1760354242
|gametype|singles
|player|p1|Boasy|169|1395
|player|p2|Mist02|266|1338
|gen|9
|tier|[Gen 9] OU
|rated|
|rule|HP Percentage Mod: HP is shown in percentages
|rule|Endless Battle Clause: Forcing endless battles is banned
|rule|Species Clause: Limit one of each Pokémon
|rule|OHKO Clause: OHKO moves are banned
|rule|Evasion Items Clause: Evasion items are banned
|rule|Evasion Moves Clause: Evasion moves are banned
|rule|Evasion Abilities Clause: Evasion abilities are banned
|rule|Sleep Moves Clause: Sleep-inducing moves are banned
|clearpoke
|poke|p1|Kingambit, F|
|poke|p1|Deoxys-Speed|
|poke|p1|Great Tusk|
|poke|p1|Dragonite, F|
|poke|p1|Iron Moth|
|poke|p1|Primarina, F|
|poke|p2|Pelipper, M|
|poke|p2|Scizor, F|
|poke|p2|Overqwil, M|
|poke|p2|Goodra, F|
|poke|p2|Ludicolo, M|
|poke|p2|Great Tusk|
|teampreview
|
|t:|1760354250
|teamsize|p1|6
|teamsize|p2|6
|start
|switch|p1a: Moebius|Deoxys-Speed|100/100
|switch|p2a: Pelipper|Pelipper, M|100/100
|-ability|p1a: Moebius|Pressure
|-weather|RainDance|[from] ability: Drizzle|[of] p2a: Pelipper
|turn|1
|inactive|Battle timer is ON: inactive players will automatically lose when time's up. (requested by Boasy)
|
|t:|1760354258
|switch|p1a: Siren|Primarina, F|100/100
|move|p2a: Pelipper|U-turn|p1a: Siren
|-resisted|p1a: Siren
|-damage|p1a: Siren|95/100
|
|t:|1760354264
|switch|p2a: Overqwil|Overqwil, M|100/100|[from] U-turn
|
|-weather|RainDance|[upkeep]
|upkeep
|turn|2
|
|t:|1760354274
|-terastallize|p1a: Siren|Poison
|move|p2a: Overqwil|Gunk Shot|p1a: Siren|[miss]
|-miss|p2a: Overqwil|p1a: Siren
|move|p1a: Siren|Surf|p2a: Overqwil
|-damage|p2a: Overqwil|0 fnt
|faint|p2a: Overqwil
|
|-weather|RainDance|[upkeep]
|upkeep
|
|t:|1760354286
|switch|p2a: Goodra|Goodra, F|100/100
|turn|3
|
|t:|1760354291
|move|p1a: Siren|Moonblast|p2a: Goodra
|-supereffective|p2a: Goodra
|-crit|p2a: Goodra
|-damage|p2a: Goodra|32/100
|move|p2a: Goodra|Thunder|p1a: Siren
|-damage|p1a: Siren|70/100
|-status|p1a: Siren|par
|
|-weather|RainDance|[upkeep]
|upkeep
|turn|4
|
|t:|1760354304
|switch|p2a: Ludicolo|Ludicolo, M|100/100
|cant|p1a: Siren|par
|
|-weather|RainDance|[upkeep]
|upkeep
|turn|5
|
|t:|1760354311
|move|p2a: Ludicolo|Weather Ball|p1a: Siren
|-damage|p1a: Siren|15/100 par
|-damage|p2a: Ludicolo|91/100|[from] item: Life Orb
|move|p1a: Siren|Moonblast|p2a: Ludicolo
|-damage|p2a: Ludicolo|33/100
|-unboost|p2a: Ludicolo|spa|1
|
|-weather|RainDance|[upkeep]
|upkeep
|turn|6
|inactive|Mist02 has 120 seconds left.
|inactive|Mist02 has 90 seconds left.
|
|t:|1760354396
|move|p2a: Ludicolo|Weather Ball|p1a: Siren
|-damage|p1a: Siren|0 fnt
|faint|p1a: Siren
|-damage|p2a: Ludicolo|23/100|[from] item: Life Orb
|
|-weather|RainDance|[upkeep]
|upkeep
|
|t:|1760354399
|switch|p1a: Yoshi|Dragonite, F, shiny|100/100
|turn|7
|
|t:|1760354404
|move|p1a: Yoshi|Extreme Speed|p2a: Ludicolo
|-damage|p2a: Ludicolo|0 fnt
|faint|p2a: Ludicolo
|
|-weather|RainDance|[upkeep]
|upkeep
|
|t:|1760354411
|switch|p2a: Pelipper|Pelipper, M|100/100
|turn|8
|
|t:|1760354422
|move|p1a: Yoshi|Extreme Speed|p2a: Pelipper
|-damage|p2a: Pelipper|67/100
|move|p2a: Pelipper|Ice Beam|p1a: Yoshi
|-supereffective|p1a: Yoshi
|-damage|p1a: Yoshi|56/100
|
|-weather|none
|upkeep
|turn|9
|
|t:|1760354432
|switch|p1a: Meruem|Kingambit, F|100/100
|-activate|p1a: Meruem|ability: Supreme Overlord
|-start|p1a: Meruem|fallen1|[silent]
|move|p2a: Pelipper|Ice Beam|p1a: Meruem
|-resisted|p1a: Meruem
|-damage|p1a: Meruem|90/100
|
|-heal|p1a: Meruem|96/100|[from] item: Leftovers
|upkeep
|turn|10
|
|t:|1760354440
|switch|p2a: Great Tusk|Great Tusk|100/100
|move|p1a: Meruem|Iron Head|p2a: Great Tusk
|-damage|p2a: Great Tusk|61/100
|
|-heal|p1a: Meruem|100/100|[from] item: Leftovers
|upkeep
|turn|11
|
|t:|1760354450
|-end|p1a: Meruem|fallen1|[silent]
|switch|p1a: Anomaly|Great Tusk|100/100
|-enditem|p1a: Anomaly|Booster Energy
|-activate|p1a: Anomaly|ability: Protosynthesis|[fromitem]
|-start|p1a: Anomaly|protosynthesisatk
|move|p2a: Great Tusk|Rapid Spin|p1a: Anomaly
|-damage|p1a: Anomaly|87/100
|-boost|p2a: Great Tusk|spe|1
|
|upkeep
|turn|12
|
|t:|1760354460
|-end|p2a: Great Tusk|Protosynthesis|[silent]
|switch|p2a: Pelipper|Pelipper, M|67/100
|-weather|RainDance|[from] ability: Drizzle|[of] p2a: Pelipper
|move|p1a: Anomaly|Ice Spinner|p2a: Pelipper
|-damage|p2a: Pelipper|39/100
|
|-weather|RainDance|[upkeep]
|upkeep
|turn|13
|
|t:|1760354474
|move|p1a: Anomaly|Ice Spinner|p2a: Pelipper
|-damage|p2a: Pelipper|10/100
|move|p2a: Pelipper|U-turn|p1a: Anomaly
|-resisted|p1a: Anomaly
|-damage|p1a: Anomaly|84/100
|
|t:|1760354480
|switch|p2a: Scizor|Scizor, F|100/100|[from] U-turn
|
|-weather|RainDance|[upkeep]
|upkeep
|turn|14
|
|t:|1760354486
|move|p1a: Anomaly|Close Combat|p2a: Scizor
|-damage|p2a: Scizor|7/100
|-unboost|p1a: Anomaly|def|1
|-unboost|p1a: Anomaly|spd|1
|move|p2a: Scizor|Swords Dance|p2a: Scizor
|-boost|p2a: Scizor|atk|2
|
|-weather|RainDance|[upkeep]
|upkeep
|turn|15
|
|t:|1760354494
|move|p2a: Scizor|Bullet Punch|p1a: Anomaly
|-damage|p1a: Anomaly|0 fnt
|faint|p1a: Anomaly
|-end|p1a: Anomaly|Protosynthesis|[silent]
|-damage|p2a: Scizor|0 fnt|[from] item: Life Orb
|faint|p2a: Scizor
|
|-weather|RainDance|[upkeep]
|upkeep
|
|t:|1760354503
|switch|p1a: Moebius|Deoxys-Speed|100/100
|switch|p2a: Great Tusk|Great Tusk|61/100
|-ability|p1a: Moebius|Pressure
|turn|16
|
|t:|1760354508
|move|p1a: Moebius|Psycho Boost|p2a: Great Tusk
|-supereffective|p2a: Great Tusk
|-damage|p2a: Great Tusk|0 fnt
|-unboost|p1a: Moebius|spa|2
|faint|p2a: Great Tusk
|-end|p2a: Great Tusk|Protosynthesis|[silent]
|-damage|p1a: Moebius|91/100|[from] item: Life Orb
|
|-weather|RainDance|[upkeep]
|upkeep
|
|t:|1760354516
|switch|p2a: Goodra|Goodra, F|32/100
|turn|17
|
|t:|1760354520
|move|p1a: Moebius|Nasty Plot|p1a: Moebius
|-boost|p1a: Moebius|spa|2
|move|p2a: Goodra|Sludge Bomb|p1a: Moebius
|-damage|p1a: Moebius|41/100
|
|-weather|RainDance|[upkeep]
|upkeep
|turn|18
|
|t:|1760354527
|move|p1a: Moebius|Psycho Boost|p2a: Goodra
|-damage|p2a: Goodra|0 fnt
|-unboost|p1a: Moebius|spa|2
|faint|p2a: Goodra
|-damage|p1a: Moebius|31/100|[from] item: Life Orb
|
|-weather|RainDance|[upkeep]
|upkeep
|-message|Mist02 forfeited.
|
|win|Boasy
|raw|Boasy's rating: 1395 &rarr; <strong>1412</strong><br />(+17 for winning)
|raw|Mist02's rating: 1338 &rarr; <strong>1321</strong><br />(-17 for losing)
|l|☆Mist02
|player|p2|
|l|☆Boasy
|player|p1|
