|j|☆13537king
|j|☆Hylon2988
|t:|1760391130
|gametype|singles
|player|p1|13537king|169|1167
|player|p2|Hylon2988|acetrainer-gen4dp|1070
|gen|9
|tier|[Gen 9] OU
|rated|
|rule|HP Percentage Mod: HP is shown in percentages
|rule|Endless Battle Clause: Forcing endless battles is banned
|rule|Species Clause: Limit one of each Pokémon
|rule|OHKO Clause: OHKO moves are banned
|rule|Evasion Items Clause: Evasion items are banned
|rule|Evasion Moves Clause: Evasion moves are banned
|rule|Evasion Abilities Clause: Evasion abilities are banned
|rule|Sleep Moves Clause: Sleep-inducing moves are banned
|clearpoke
|poke|p1|Kyurem|
|poke|p1|Slowking-Galar, M|
|poke|p1|Alomomola, M|
|poke|p1|Blaziken, M|
|poke|p1|Enamorus, F|
|poke|p1|Dragonite, M|
|poke|p2|Zoroark, M|
|poke|p2|Seviper, F|
|poke|p2|Grumpig, F|
|poke|p2|Malamar, F|
|poke|p2|Scizor, F|
|poke|p2|Gengar, M|
|teampreview
|
|t:|1760391139
|teamsize|p1|6
|teamsize|p2|6
|start
|switch|p1a: Alomomola|Alomomola, M|100/100
|switch|p2a: Gengar|Gengar, M|100/100
|turn|1
|
|t:|1760391150
|move|p2a: Gengar|Sludge Bomb|p1a: Alomomola
|-damage|p1a: Alomomola|67/100
|move|p1a: Alomomola|Flip Turn|p2a: Gengar
|-damage|p2a: Gengar|69/100
|replace|p2a: Zoroark|Zoroark, M
|-end|p2a: Zoroark|Illusion
|
|t:|1760391156
|switch|p1a: Slowking|Slowking-Galar, M|100/100|[from] Flip Turn
|
|upkeep
|turn|2
|
|t:|1760391161
|move|p2a: Zoroark|Night Daze|p1a: Slowking
|-supereffective|p1a: Slowking
|-damage|p1a: Slowking|31/100
|-unboost|p1a: Slowking|accuracy|1
|-prepare|p1a: Slowking|Chilly Reception|[premajor]
|move|p1a: Slowking|Chilly Reception|p1a: Slowking
|-weather|Snowscape
|
|t:|1760391163
|switch|p1a: Blaziken|Blaziken, M, shiny|100/100|[from] Chilly Reception
|
|-weather|Snowscape|[upkeep]
|upkeep
|turn|3
|
|t:|1760391175
|move|p2a: Zoroark|Psychic|p1a: Blaziken
|-supereffective|p1a: Blaziken
|-damage|p1a: Blaziken|0 fnt
|faint|p1a: Blaziken
|
|-weather|Snowscape|[upkeep]
|upkeep
|
|t:|1760391179
|switch|p1a: Enamorus|Enamorus, F|100/100
|turn|4
|
|t:|1760391187
|move|p1a: Enamorus|Moonblast|p2a: Zoroark
|-supereffective|p2a: Zoroark
|-damage|p2a: Zoroark|0 fnt
|faint|p2a: Zoroark
|
|-weather|Snowscape|[upkeep]
|upkeep
|
|t:|1760391194
|switch|p2a: Scizor|Scizor, F|100/100
|turn|5
|
|t:|1760391197
|switch|p1a: Dragonite|Dragonite, M, shiny|100/100
|move|p2a: Scizor|Bullet Punch|p1a: Dragonite
|-damage|p1a: Dragonite|75/100
|-damage|p2a: Scizor|91/100|[from] item: Life Orb
|
|-weather|Snowscape|[upkeep]
|upkeep
|turn|6
|
|t:|1760391210
|move|p1a: Dragonite|Fire Blast|p2a: Scizor|[miss]
|-miss|p1a: Dragonite|p2a: Scizor
|move|p2a: Scizor|Aerial Ace|p1a: Dragonite
|-damage|p1a: Dragonite|27/100
|-damage|p2a: Scizor|81/100|[from] item: Life Orb
|
|-weather|none
|upkeep
|turn|7
|
|t:|1760391217
|switch|p1a: Alomomola|Alomomola, M|99/100
|move|p2a: Scizor|Bullet Punch|p1a: Alomomola
|-resisted|p1a: Alomomola
|-damage|p1a: Alomomola|88/100
|-damage|p2a: Scizor|71/100|[from] item: Life Orb
|
|upkeep
|turn|8
|
|t:|1760391241
|move|p1a: Alomomola|Wish|p1a: Alomomola
|move|p2a: Scizor|X-Scissor|p1a: Alomomola
|-damage|p1a: Alomomola|56/100
|-damage|p2a: Scizor|61/100|[from] item: Life Orb
|
|upkeep
|turn|9
|
|t:|1760391247
|move|p2a: Scizor|Aerial Ace|p1a: Alomomola
|-damage|p1a: Alomomola|31/100
|-damage|p2a: Scizor|51/100|[from] item: Life Orb
|move|p1a: Alomomola|Scald|p2a: Scizor
|-damage|p2a: Scizor|36/100
|
|-heal|p1a: Alomomola|81/100|[from] move: Wish|[wisher] Alomomola
|upkeep
|turn|10
|
|t:|1760391264
|move|p2a: Scizor|Thief|p1a: Alomomola
|-damage|p1a: Alomomola|59/100
|-damage|p2a: Scizor|26/100|[from] item: Life Orb
|move|p1a: Alomomola|Wish|p1a: Alomomola
|
|upkeep
|turn|11
|
|t:|1760391271
|switch|p2a: Gengar|Gengar, M|100/100
|move|p1a: Alomomola|Flip Turn|p2a: Gengar
|-damage|p2a: Gengar|68/100
|
|t:|1760391274
|switch|p1a: Dragonite|Dragonite, M, shiny|27/100|[from] Flip Turn
|
|-heal|p1a: Dragonite|100/100|[from] move: Wish|[wisher] Alomomola
|upkeep
|turn|12
|
|t:|1760391281
|switch|p1a: Slowking|Slowking-Galar, M|64/100
|move|p2a: Gengar|Dazzling Gleam|p1a: Slowking
|-resisted|p1a: Slowking
|-damage|p1a: Slowking|55/100
|
|upkeep
|turn|13
|
|t:|1760391286
|switch|p1a: Alomomola|Alomomola, M|92/100
|move|p2a: Gengar|Shadow Ball|p1a: Alomomola
|-damage|p1a: Alomomola|41/100
|
|upkeep
|turn|14
|
|t:|1760391297
|move|p1a: Alomomola|Protect|p1a: Alomomola
|-singleturn|p1a: Alomomola|Protect
|move|p2a: Gengar|Energy Ball|p1a: Alomomola
|-activate|p1a: Alomomola|move: Protect
|
|upkeep
|turn|15
|
|t:|1760391303
|switch|p1a: Kyurem|Kyurem|100/100
|-ability|p1a: Kyurem|Pressure
|move|p2a: Gengar|Energy Ball|p1a: Kyurem
|-resisted|p1a: Kyurem
|-damage|p1a: Kyurem|85/100
|
|upkeep
|turn|16
|
|t:|1760391312
|move|p1a: Kyurem|Earth Power|p2a: Gengar
|-supereffective|p2a: Gengar
|-damage|p2a: Gengar|0 fnt
|faint|p2a: Gengar
|
|upkeep
|
|t:|1760391318
|switch|p2a: Malamar|Malamar, F|100/100
|turn|17
|
|t:|1760391322
|switch|p1a: Slowking|Slowking-Galar, M|88/100
|move|p2a: Malamar|Superpower|p1a: Slowking
|-resisted|p1a: Slowking
|-damage|p1a: Slowking|79/100
|-boost|p2a: Malamar|atk|1
|-boost|p2a: Malamar|def|1
|
|upkeep
|turn|18
|
|t:|1760391332
|move|p2a: Malamar|Psycho Cut|p1a: Slowking
|-damage|p1a: Slowking|33/100
|move|p1a: Slowking|Thunder Wave|p2a: Malamar
|-status|p2a: Malamar|par
|
|upkeep
|turn|19
|
|t:|1760391340
|move|p2a: Malamar|Lunge|p1a: Slowking
|-damage|p1a: Slowking|0 fnt
|faint|p1a: Slowking
|
|upkeep
|
|t:|1760391345
|switch|p1a: Enamorus|Enamorus, F|100/100
|turn|20
|
|t:|1760391352
|move|p1a: Enamorus|Moonblast|p2a: Malamar
|-supereffective|p2a: Malamar
|-damage|p2a: Malamar|0 fnt
|faint|p2a: Malamar
|
|upkeep
|
|t:|1760391357
|switch|p2a: Seviper|Seviper, F|100/100
|turn|21
|
|t:|1760391362
|switch|p1a: Kyurem|Kyurem|85/100
|-ability|p1a: Kyurem|Pressure
|move|p2a: Seviper|Gunk Shot|p1a: Kyurem|[miss]
|-miss|p2a: Seviper|p1a: Kyurem
|
|upkeep
|turn|22
|
|t:|1760391369
|move|p1a: Kyurem|Earth Power|p2a: Seviper
|-supereffective|p2a: Seviper
|-damage|p2a: Seviper|6/100
|move|p2a: Seviper|Glare|p1a: Kyurem
|-status|p1a: Kyurem|par
|
|-heal|p2a: Seviper|12/100|[from] item: Leftovers
|upkeep
|turn|23
|
|t:|1760391378
|move|p1a: Kyurem|Earth Power|p2a: Seviper
|-supereffective|p2a: Seviper
|-damage|p2a: Seviper|0 fnt
|faint|p2a: Seviper
|
|upkeep
|
|t:|1760391383
|switch|p2a: Grumpig|Grumpig, F|100/100
|turn|24
|inactive|Battle timer is ON: inactive players will automatically lose when time's up. (requested by 13537king)
|
|t:|1760391389
|switch|p1a: Enamorus|Enamorus, F|100/100
|move|p2a: Grumpig|Flash Cannon|p1a: Enamorus
|-supereffective|p1a: Enamorus
|-damage|p1a: Enamorus|40/100
|
|upkeep
|turn|25
|
|t:|1760391395
|-terastallize|p1a: Enamorus|Fire
|move|p1a: Enamorus|Moonblast|p2a: Grumpig
|-damage|p2a: Grumpig|50/100
|-unboost|p2a: Grumpig|spa|1
|move|p2a: Grumpig|Power Gem|p1a: Enamorus
|-supereffective|p1a: Enamorus
|-damage|p1a: Enamorus|0 fnt
|faint|p1a: Enamorus
|
|upkeep
|
|t:|1760391401
|switch|p1a: Dragonite|Dragonite, M, shiny|100/100
|turn|26
|
|t:|1760391406
|move|p1a: Dragonite|Outrage|p2a: Grumpig
|-damage|p2a: Grumpig|0 fnt
|faint|p2a: Grumpig
|
|upkeep
|
|t:|1760391412
|switch|p2a: Scizor|Scizor, F|26/100
|turn|27
|
|t:|1760391417
|move|p2a: Scizor|Bullet Punch|p1a: Dragonite
|-damage|p1a: Dragonite|78/100
|-damage|p2a: Scizor|16/100|[from] item: Life Orb
|move|p1a: Dragonite|Outrage|p2a: Scizor|[from] lockedmove
|-resisted|p2a: Scizor
|-damage|p2a: Scizor|0 fnt
|faint|p2a: Scizor
|
|win|13537king
|raw|13537king's rating: 1167 &rarr; <strong>1185</strong><br />(+18 for winning)
|raw|Hylon2988's rating: 1070 &rarr; <strong>1055</strong><br />(-15 for losing)
|l|☆Hylon2988
|player|p2|
