|j|☆xueyueqing
|j|☆MintyCrk
|t:|1760430695
|gametype|singles
|player|p1|xueyueqing|cynthia-gen4|1156
|player|p2|MintyCrk|caitlin|1132
|gen|9
|tier|[Gen 9] OU
|rated|
|rule|HP Percentage Mod: HP is shown in percentages
|rule|Endless Battle Clause: Forcing endless battles is banned
|rule|Species Clause: Limit one of each Pokémon
|rule|OHKO Clause: OHKO moves are banned
|rule|Evasion Items Clause: Evasion items are banned
|rule|Evasion Moves Clause: Evasion moves are banned
|rule|Evasion Abilities Clause: Evasion abilities are banned
|rule|Sleep Moves Clause: Sleep-inducing moves are banned
|clearpoke
|poke|p1|Pelipper, M|
|poke|p1|Barraskewda, M|
|poke|p1|Hatterene, F|
|poke|p1|Raging Bolt|
|poke|p1|Hoopa-Unbound|
|poke|p1|Landorus-Therian, M|
|poke|p2|Gholdengo|
|poke|p2|Serperior, F|
|poke|p2|Gardevoir, M|
|poke|p2|Froslass, F|
|poke|p2|Chansey, F|
|poke|p2|Gliscor, M|
|teampreview
|inactive|Battle timer is ON: inactive players will automatically lose when time's up. (requested by xueyueqing)
|
|t:|1760430720
|teamsize|p1|6
|teamsize|p2|6
|start
|switch|p1a: Landorus|Landorus-Therian, M|100/100
|switch|p2a: Froslass|Froslass, F|100/100
|-ability|p1a: Landorus|Intimidate|boost
|-unboost|p2a: Froslass|atk|1
|turn|1
|
|t:|1760430740
|switch|p1a: Pelipper|Pelipper, M|100/100
|-weather|RainDance|[from] ability: Drizzle|[of] p1a: Pelipper
|move|p2a: Froslass|Taunt|p1a: Pelipper
|-start|p1a: Pelipper|move: Taunt
|
|-weather|RainDance|[upkeep]
|upkeep
|turn|2
|
|t:|1760430754
|switch|p2a: Chansey|Chansey, F|100/100
|move|p1a: Pelipper|Hurricane|p2a: Chansey
|-damage|p2a: Chansey|90/100
|
|-weather|RainDance|[upkeep]
|upkeep
|turn|3
|
|t:|1760430763
|switch|p1a: Hatterene|Hatterene, F|100/100
|move|p2a: Chansey|Stealth Rock|p1a: Hatterene
|move|p1a: Hatterene|Stealth Rock|p2a: Chansey|[from] ability: Magic Bounce
|-sidestart|p2: MintyCrk|move: Stealth Rock
|
|-weather|RainDance|[upkeep]
|upkeep
|turn|4
|
|t:|1760430782
|move|p2a: Chansey|Thunder Wave|p1a: Hatterene
|move|p1a: Hatterene|Thunder Wave|p2a: Chansey|[from] ability: Magic Bounce
|-status|p2a: Chansey|par
|move|p1a: Hatterene|Nuzzle|p2a: Chansey
|-damage|p2a: Chansey|87/100 par
|
|-weather|RainDance|[upkeep]
|upkeep
|turn|5
|
|t:|1760430793
|move|p1a: Hatterene|Psychic Noise|p2a: Chansey
|-damage|p2a: Chansey|78/100 par
|-start|p2a: Chansey|move: Heal Block
|cant|p2a: Chansey|par
|
|-weather|RainDance|[upkeep]
|upkeep
|turn|6
|
|t:|1760430808
|switch|p1a: Landorus|Landorus-Therian, M|100/100
|-ability|p1a: Landorus|Intimidate|boost
|-unboost|p2a: Chansey|atk|1
|move|p2a: Chansey|Seismic Toss|p1a: Landorus
|-damage|p1a: Landorus|69/100
|
|-weather|RainDance|[upkeep]
|-end|p2a: Chansey|move: Heal Block
|upkeep
|turn|7
|
|t:|1760430822
|move|p1a: Landorus|Sandsear Storm|p2a: Chansey
|-damage|p2a: Chansey|64/100 par
|move|p2a: Chansey|Stealth Rock|p1a: Landorus
|-sidestart|p1: xueyueqing|move: Stealth Rock
|
|-weather|RainDance|[upkeep]
|upkeep
|turn|8
|
|t:|1760430831
|switch|p1a: Pelipper|Pelipper, M|100/100
|-damage|p1a: Pelipper|76/100|[from] Stealth Rock
|move|p2a: Chansey|Seismic Toss|p1a: Pelipper
|-damage|p1a: Pelipper|45/100
|
|-weather|none
|upkeep
|turn|9
|-message|xueyueqing forfeited.
|
|win|MintyCrk
|raw|xueyueqing's rating: 1156 &rarr; <strong>1129</strong><br />(-27 for losing)
|raw|MintyCrk's rating: 1132 &rarr; <strong>1159</strong><br />(+27 for winning)
|l|☆xueyueqing
|player|p1|
|l|☆MintyCrk
|player|p2|
