|j|☆tijzen
|j|☆smash___bro1
|t:|1760366702
|gametype|singles
|player|p1|tijzen|worker|1247
|player|p2|smash___bro1|steven|1177
|gen|9
|tier|[Gen 9] OU
|rated|
|rule|HP Percentage Mod: HP is shown in percentages
|rule|Endless Battle Clause: Forcing endless battles is banned
|rule|Species Clause: Limit one of each Pokémon
|rule|OHKO Clause: OHKO moves are banned
|rule|Evasion Items Clause: Evasion items are banned
|rule|Evasion Moves Clause: Evasion moves are banned
|rule|Evasion Abilities Clause: Evasion abilities are banned
|rule|Sleep Moves Clause: Sleep-inducing moves are banned
|clearpoke
|poke|p1|Araquanid, M|
|poke|p1|Hoopa-Unbound|
|poke|p1|Glimmora, F|
|poke|p1|Dragapult, M|
|poke|p1|Darkrai|
|poke|p1|Corviknight, M|
|poke|p2|Toxtricity, M|
|poke|p2|Sneasel-Hisui, M|
|poke|p2|Necrozma|
|poke|p2|Magneton|
|poke|p2|Veluza, F|
|poke|p2|Morgrem, M|
|teampreview
|inactive|Battle timer is ON: inactive players will automatically lose when time's up. (requested by smash___bro1)
|
|t:|1760366714
|teamsize|p1|6
|teamsize|p2|6
|start
|switch|p1a: Araquanid|Araquanid, M|100/100
|switch|p2a: Morgrem|Morgrem, M|100/100
|turn|1
|
|t:|1760366721
|move|p2a: Morgrem|Taunt|p1a: Araquanid
|-start|p1a: Araquanid|move: Taunt
|move|p1a: Araquanid|Infestation|p2a: Morgrem
|-damage|p2a: Morgrem|96/100
|-activate|p2a: Morgrem|move: Infestation|[of] p1a: Araquanid
|
|-damage|p2a: Morgrem|84/100|[from] move: Infestation|[partiallytrapped]
|upkeep
|turn|2
|
|t:|1760366726
|move|p2a: Morgrem|Light Screen|p2a: Morgrem
|-sidestart|p2: smash___bro1|move: Light Screen
|move|p1a: Araquanid|Liquidation|p2a: Morgrem
|-damage|p2a: Morgrem|0 fnt
|faint|p2a: Morgrem
|
|upkeep
|c|☆tijzen|what a disgusting thing
|
|t:|1760366738
|switch|p2a: Necrozma|Necrozma|100/100
|turn|3
|
|t:|1760366743
|move|p2a: Necrozma|Dragon Dance|p2a: Necrozma
|-boost|p2a: Necrozma|atk|1
|-boost|p2a: Necrozma|spe|1
|move|p1a: Araquanid|Infestation|p2a: Necrozma
|-supereffective|p2a: Necrozma
|-damage|p2a: Necrozma|97/100
|-activate|p2a: Necrozma|move: Infestation|[of] p1a: Araquanid
|
|-damage|p2a: Necrozma|85/100|[from] move: Infestation|[partiallytrapped]
|-end|p1a: Araquanid|move: Taunt
|upkeep
|turn|4
|
|t:|1760366747
|move|p2a: Necrozma|Meteor Beam||[still]
|-prepare|p2a: Necrozma|Meteor Beam
|-boost|p2a: Necrozma|spa|1
|-enditem|p2a: Necrozma|Power Herb
|-anim|p2a: Necrozma|Meteor Beam|p1a: Araquanid
|-supereffective|p1a: Araquanid
|-damage|p1a: Araquanid|10/100
|move|p1a: Araquanid|Sticky Web|p2a: Necrozma
|-sidestart|p2: smash___bro1|move: Sticky Web
|
|-heal|p1a: Araquanid|16/100|[from] item: Leftovers
|-damage|p2a: Necrozma|72/100|[from] move: Infestation|[partiallytrapped]
|upkeep
|turn|5
|
|t:|1760366767
|move|p2a: Necrozma|Photon Geyser|p1a: Araquanid
|-damage|p1a: Araquanid|0 fnt
|faint|p1a: Araquanid
|
|-end|p2a: Necrozma|Infestation|[partiallytrapped]|[silent]
|upkeep
|
|t:|1760366776
|switch|p1a: Dragapult|Dragapult, M|100/100
|turn|6
|
|t:|1760366785
|-terastallize|p1a: Dragapult|Steel
|move|p1a: Dragapult|Will-O-Wisp|p2a: Necrozma
|-status|p2a: Necrozma|brn
|move|p2a: Necrozma|Dragon Dance|p2a: Necrozma
|-boost|p2a: Necrozma|atk|1
|-boost|p2a: Necrozma|spe|1
|
|-damage|p2a: Necrozma|66/100 brn|[from] brn
|upkeep
|turn|7
|
|t:|1760366793
|move|p2a: Necrozma|Photon Geyser|p1a: Dragapult
|-resisted|p1a: Dragapult
|-damage|p1a: Dragapult|39/100
|move|p1a: Dragapult|Hex|p2a: Necrozma
|-supereffective|p2a: Necrozma
|-damage|p2a: Necrozma|0 fnt
|faint|p2a: Necrozma
|
|upkeep
|
|t:|1760366807
|switch|p2a: Magneton|Magneton|100/100
|-activate|p2a: Magneton|move: Sticky Web
|-unboost|p2a: Magneton|spe|1
|turn|8
|
|t:|1760366817
|move|p1a: Dragapult|U-turn|p2a: Magneton
|-resisted|p2a: Magneton
|-crit|p2a: Magneton
|-damage|p2a: Magneton|91/100
|
|t:|1760366820
|switch|p1a: Glimmora|Glimmora, F|100/100|[from] U-turn
|move|p2a: Magneton|Charge Beam|p1a: Glimmora
|-damage|p1a: Glimmora|62/100
|-boost|p2a: Magneton|spa|1
|
|upkeep
|turn|9
|
|t:|1760366827
|move|p1a: Glimmora|Spiky Shield|p1a: Glimmora
|-singleturn|p1a: Glimmora|move: Protect
|move|p2a: Magneton|Thunderbolt|p1a: Glimmora
|-activate|p1a: Glimmora|move: Protect
|
|-sideend|p2: smash___bro1|move: Light Screen
|upkeep
|turn|10
|
|t:|1760366833
|move|p1a: Glimmora|Earth Power|p2a: Magneton
|-supereffective|p2a: Magneton
|-damage|p2a: Magneton|0 fnt
|faint|p2a: Magneton
|
|upkeep
|
|t:|1760366839
|switch|p2a: Veluza|Veluza, F|100/100
|-activate|p2a: Veluza|move: Sticky Web
|-unboost|p2a: Veluza|spe|1
|turn|11
|
|t:|1760366846
|move|p1a: Glimmora|Meteor Beam||[still]
|-prepare|p1a: Glimmora|Meteor Beam
|-boost|p1a: Glimmora|spa|1
|-enditem|p1a: Glimmora|Power Herb
|-anim|p1a: Glimmora|Meteor Beam|p2a: Veluza
|-damage|p2a: Veluza|0 fnt
|faint|p2a: Veluza
|
|upkeep
|
|t:|1760366851
|switch|p2a: Sneasel|Sneasel-Hisui, M|100/100
|-activate|p2a: Sneasel|move: Sticky Web
|-unboost|p2a: Sneasel|spe|1
|turn|12
|
|t:|1760366856
|move|p1a: Glimmora|Spiky Shield|p1a: Glimmora
|-singleturn|p1a: Glimmora|move: Protect
|move|p2a: Sneasel|Trailblaze|p1a: Glimmora
|-activate|p1a: Glimmora|move: Protect
|-damage|p2a: Sneasel|88/100|[from] Spiky Shield|[of] p1a: Glimmora
|
|upkeep
|turn|13
|
|t:|1760366861
|move|p1a: Glimmora|Earth Power|p2a: Sneasel
|-supereffective|p2a: Sneasel
|-damage|p2a: Sneasel|0 fnt
|faint|p2a: Sneasel
|
|upkeep
|
|t:|1760366875
|switch|p2a: Toxtricity|Toxtricity, M|100/100
|-activate|p2a: Toxtricity|move: Sticky Web
|-unboost|p2a: Toxtricity|spe|1
|turn|14
|
|t:|1760366880
|-terastallize|p2a: Toxtricity|Grass
|move|p1a: Glimmora|Earth Power|p2a: Toxtricity
|-resisted|p2a: Toxtricity
|-damage|p2a: Toxtricity|66/100
|move|p2a: Toxtricity|Shift Gear|p2a: Toxtricity
|-boost|p2a: Toxtricity|spe|2
|-boost|p2a: Toxtricity|atk|1
|
|upkeep
|turn|15
|
|t:|1760366889
|move|p2a: Toxtricity|Trailblaze|p1a: Glimmora
|-crit|p1a: Glimmora
|-damage|p1a: Glimmora|0 fnt
|-boost|p2a: Toxtricity|spe|1
|-activate|p1a: Glimmora|ability: Toxic Debris
|-sidestart|p2: smash___bro1|move: Toxic Spikes
|faint|p1a: Glimmora
|-damage|p2a: Toxtricity|57/100|[from] item: Life Orb
|
|upkeep
|
|t:|1760366893
|switch|p1a: Hoopa|Hoopa-Unbound|100/100
|turn|16
|
|t:|1760366899
|move|p2a: Toxtricity|Trailblaze|p1a: Hoopa
|-damage|p1a: Hoopa|0 fnt
|-boost|p2a: Toxtricity|spe|1
|faint|p1a: Hoopa
|-damage|p2a: Toxtricity|47/100|[from] item: Life Orb
|
|upkeep
|
|t:|1760366905
|switch|p1a: Darkrai|Darkrai|100/100
|turn|17
|
|t:|1760366909
|switch|p1a: Corviknight|Corviknight, M|100/100
|-ability|p1a: Corviknight|Pressure
|move|p2a: Toxtricity|Thunder Punch|p1a: Corviknight
|-supereffective|p1a: Corviknight
|-damage|p1a: Corviknight|22/100
|-damage|p2a: Toxtricity|30/100|[from] item: Rocky Helmet|[of] p1a: Corviknight
|-damage|p2a: Toxtricity|20/100|[from] item: Life Orb
|
|upkeep
|turn|18
|
|t:|1760366918
|move|p2a: Toxtricity|Boomburst|p1a: Corviknight
|-resisted|p1a: Corviknight
|-damage|p1a: Corviknight|0 fnt
|faint|p1a: Corviknight
|-damage|p2a: Toxtricity|10/100|[from] item: Life Orb
|
|upkeep
|c|☆smash___bro1|gg
|
|t:|1760366923
|switch|p1a: Dragapult|Dragapult, M, tera:Steel|39/100
|turn|19
|
|t:|1760366928
|move|p2a: Toxtricity|Thunder Punch|p1a: Dragapult
|-damage|p1a: Dragapult|0 fnt
|faint|p1a: Dragapult
|-damage|p2a: Toxtricity|0 fnt|[from] item: Life Orb
|faint|p2a: Toxtricity
|
|win|tijzen
|raw|tijzen's rating: 1247 &rarr; <strong>1267</strong><br />(+20 for winning)
|raw|smash___bro1's rating: 1177 &rarr; <strong>1157</strong><br />(-20 for losing)
|l|☆tijzen
|player|p1|
|l|☆smash___bro1
|player|p2|
