|j|☆Rin1604
|j|☆gxbas12
|t:|1760439872
|gametype|singles
|player|p1|Rin1604|miku-ghost|1211
|player|p2|gxbas12|birdkeeper-gen4dp|1193
|gen|9
|tier|[Gen 9] OU
|rated|
|rule|HP Percentage Mod: HP is shown in percentages
|rule|Endless Battle Clause: Forcing endless battles is banned
|rule|Species Clause: Limit one of each Pokémon
|rule|OHKO Clause: OHKO moves are banned
|rule|Evasion Items Clause: Evasion items are banned
|rule|Evasion Moves Clause: Evasion moves are banned
|rule|Evasion Abilities Clause: Evasion abilities are banned
|rule|Sleep Moves Clause: Sleep-inducing moves are banned
|clearpoke
|poke|p1|Pecharunt|
|poke|p1|Arcanine-Hisui, F|
|poke|p1|Vikavolt, M|
|poke|p1|Araquanid, M|
|poke|p1|Dragonite, M|
|poke|p1|Iron Treads|
|poke|p2|Serperior, M|
|poke|p2|Iron Moth|
|poke|p2|Snorlax, M|
|poke|p2|Kyurem|
|poke|p2|Revavroom, M|
|poke|p2|Inteleon, F|
|teampreview
|inactive|Battle timer is ON: inactive players will automatically lose when time's up. (requested by gxbas12)
|
|t:|1760439883
|teamsize|p1|6
|teamsize|p2|6
|start
|switch|p1a: Pecharunt|Pecharunt|100/100
|switch|p2a: Seri|Serperior, M|100/100
|-item|p1a: Pecharunt|Air Balloon
|turn|1
|
|t:|1760439889
|move|p1a: Pecharunt|Malignant Chain|p2a: Seri
|-supereffective|p2a: Seri
|-damage|p2a: Seri|29/100
|move|p2a: Seri|Glare|p1a: Pecharunt
|-status|p1a: Pecharunt|par
|
|upkeep
|turn|2
|
|t:|1760439903
|switch|p2a: Snorlax|Snorlax, M, shiny|100/100
|move|p1a: Pecharunt|Shadow Ball|p2a: Snorlax
|-immune|p2a: Snorlax
|
|upkeep
|turn|3
|
|t:|1760439916
|move|p1a: Pecharunt|Malignant Chain|p2a: Snorlax
|-damage|p2a: Snorlax|80/100
|-status|p2a: Snorlax|tox
|-start|p2a: Snorlax|confusion|[from] ability: Poison Puppeteer|[of] p1a: Pecharunt
|-activate|p2a: Snorlax|confusion
|move|p2a: Snorlax|Curse|p2a: Snorlax
|-unboost|p2a: Snorlax|spe|1
|-boost|p2a: Snorlax|atk|1
|-boost|p2a: Snorlax|def|1
|
|-heal|p2a: Snorlax|86/100 tox|[from] item: Leftovers
|-damage|p2a: Snorlax|80/100 tox|[from] psn
|upkeep
|turn|4
|
|t:|1760439927
|move|p1a: Pecharunt|Nasty Plot|p1a: Pecharunt
|-boost|p1a: Pecharunt|spa|2
|-activate|p2a: Snorlax|confusion
|move|p2a: Snorlax|Curse|p2a: Snorlax
|-unboost|p2a: Snorlax|spe|1
|-boost|p2a: Snorlax|atk|1
|-boost|p2a: Snorlax|def|1
|
|-heal|p2a: Snorlax|86/100 tox|[from] item: Leftovers
|-damage|p2a: Snorlax|74/100 tox|[from] psn
|upkeep
|turn|5
|
|t:|1760439932
|move|p1a: Pecharunt|Malignant Chain|p2a: Snorlax
|-damage|p2a: Snorlax|36/100 tox
|-activate|p2a: Snorlax|confusion
|-damage|p2a: Snorlax|28/100 tox|[from] confusion
|
|-heal|p2a: Snorlax|34/100 tox|[from] item: Leftovers
|-damage|p2a: Snorlax|16/100 tox|[from] psn
|upkeep
|turn|6
|
|t:|1760439937
|move|p1a: Pecharunt|Malignant Chain|p2a: Snorlax
|-damage|p2a: Snorlax|0 fnt
|faint|p2a: Snorlax
|
|upkeep
|-message|gxbas12 forfeited.
|
|win|Rin1604
|raw|Rin1604's rating: 1211 &rarr; <strong>1235</strong><br />(+24 for winning)
|raw|gxbas12's rating: 1193 &rarr; <strong>1169</strong><br />(-24 for losing)
|l|☆gxbas12
|player|p2|
|l|☆Rin1604
|player|p1|
