|j|☆quartzion
|j|☆antzinmypantz
|t:|1760404435
|gametype|singles
|player|p1|quartzion|101|1219
|player|p2|antzinmypantz|2|1200
|gen|9
|tier|[Gen 9] OU
|rated|
|rule|HP Percentage Mod: HP is shown in percentages
|rule|Endless Battle Clause: Forcing endless battles is banned
|rule|Species Clause: Limit one of each Pokémon
|rule|OHKO Clause: OHKO moves are banned
|rule|Evasion Items Clause: Evasion items are banned
|rule|Evasion Moves Clause: Evasion moves are banned
|rule|Evasion Abilities Clause: Evasion abilities are banned
|rule|Sleep Moves Clause: Sleep-inducing moves are banned
|clearpoke
|poke|p1|Cinccino, M|
|poke|p1|Serperior, F|
|poke|p1|Quaquaval, F|
|poke|p1|Toxapex, F|
|poke|p1|Oricorio-Pom-Pom, F|
|poke|p1|Cinderace, M|
|poke|p2|Wigglytuff, F|
|poke|p2|Lilligant-Hisui, F|
|poke|p2|Empoleon, M|
|poke|p2|Latias, F|
|poke|p2|Skeledirge, F|
|poke|p2|Mamoswine, M|
|teampreview
|inactive|Battle timer is ON: inactive players will automatically lose when time's up. (requested by quartzion)
|
|t:|1760404449
|teamsize|p1|6
|teamsize|p2|6
|start
|switch|p1a: Oricorio|Oricorio-Pom-Pom, F|100/100
|switch|p2a: Mamoswine|Mamoswine, M|100/100
|turn|1
|
|t:|1760404453
|switch|p1a: Toxapex|Toxapex, F|100/100
|move|p2a: Mamoswine|Icicle Crash|p1a: Toxapex
|-resisted|p1a: Toxapex
|-damage|p1a: Toxapex|85/100
|
|-heal|p1a: Toxapex|91/100|[from] item: Leftovers
|upkeep
|turn|2
|
|t:|1760404460
|move|p2a: Mamoswine|Earthquake|p1a: Toxapex
|-supereffective|p1a: Toxapex
|-damage|p1a: Toxapex|20/100
|move|p1a: Toxapex|Toxic|p2a: Mamoswine
|-status|p2a: Mamoswine|tox
|
|-heal|p1a: Toxapex|26/100|[from] item: Leftovers
|-damage|p2a: Mamoswine|94/100 tox|[from] psn
|upkeep
|turn|3
|
|t:|1760404466
|switch|p1a: Serperior|Serperior, F|100/100
|move|p2a: Mamoswine|Stealth Rock|p1a: Serperior
|-sidestart|p1: quartzion|move: Stealth Rock
|
|-damage|p2a: Mamoswine|82/100 tox|[from] psn
|upkeep
|turn|4
|
|t:|1760404472
|switch|p2a: Skeledirge|Skeledirge, F|100/100
|move|p1a: Serperior|Leaf Storm|p2a: Skeledirge
|-resisted|p2a: Skeledirge
|-damage|p2a: Skeledirge|83/100
|-boost|p1a: Serperior|spa|2
|
|upkeep
|turn|5
|
|t:|1760404494
|switch|p1a: Quaquaval|Quaquaval, F|100/100
|-damage|p1a: Quaquaval|94/100|[from] Stealth Rock
|move|p2a: Skeledirge|Torch Song|p1a: Quaquaval
|-resisted|p1a: Quaquaval
|-damage|p1a: Quaquaval|73/100
|-boost|p2a: Skeledirge|spa|1
|
|upkeep
|turn|6
|
|t:|1760404500
|switch|p2a: Latias|Latias, F|100/100
|move|p1a: Quaquaval|Aqua Step|p2a: Latias
|-resisted|p2a: Latias
|-damage|p2a: Latias|78/100
|-boost|p1a: Quaquaval|spe|1
|
|upkeep
|turn|7
|
|t:|1760404517
|move|p2a: Latias|Mist Ball|p1a: Quaquaval
|-supereffective|p1a: Quaquaval
|-damage|p1a: Quaquaval|0 fnt
|faint|p1a: Quaquaval
|
|upkeep
|inactive|quartzion has 120 seconds left.
|
|t:|1760404552
|switch|p1a: Cinccino|Cinccino, M|100/100
|-damage|p1a: Cinccino|88/100|[from] Stealth Rock
|turn|8
|
|t:|1760404557
|move|p2a: Latias|Mist Ball|p1a: Cinccino
|-damage|p1a: Cinccino|13/100
|-unboost|p1a: Cinccino|spa|1
|move|p1a: Cinccino|Triple Axel|p2a: Latias
|-supereffective|p2a: Latias
|-damage|p2a: Latias|57/100
|-supereffective|p2a: Latias
|-damage|p2a: Latias|13/100
|-supereffective|p2a: Latias
|-damage|p2a: Latias|0 fnt
|faint|p2a: Latias
|-hitcount|p2: Latias|3
|
|upkeep
|
|t:|1760404575
|switch|p2a: Mamoswine|Mamoswine, M|82/100 tox
|turn|9
|inactive|quartzion has 120 seconds left.
|
|t:|1760404601
|move|p1a: Cinccino|Triple Axel|p2a: Mamoswine
|-damage|p2a: Mamoswine|78/100 tox
|-damage|p2a: Mamoswine|68/100 tox
|-crit|p2a: Mamoswine
|-damage|p2a: Mamoswine|45/100 tox
|-hitcount|p2a: Mamoswine|3
|move|p2a: Mamoswine|Earthquake|p1a: Cinccino
|-damage|p1a: Cinccino|0 fnt
|faint|p1a: Cinccino
|
|-damage|p2a: Mamoswine|38/100 tox|[from] psn
|upkeep
|
|t:|1760404610
|switch|p1a: Serperior|Serperior, F|100/100
|-damage|p1a: Serperior|88/100|[from] Stealth Rock
|turn|10
|
|t:|1760404613
|switch|p2a: Skeledirge|Skeledirge, F|83/100
|move|p1a: Serperior|Leaf Storm|p2a: Skeledirge
|-resisted|p2a: Skeledirge
|-damage|p2a: Skeledirge|65/100
|-boost|p1a: Serperior|spa|2
|
|upkeep
|turn|11
|inactive|quartzion has 120 seconds left.
|
|t:|1760404628
|-terastallize|p1a: Serperior|Rock
|move|p1a: Serperior|Tera Blast|p2a: Skeledirge|[anim] Tera Blast Rock
|-supereffective|p2a: Skeledirge
|-damage|p2a: Skeledirge|15/100
|move|p2a: Skeledirge|Will-O-Wisp|p1a: Serperior
|-status|p1a: Serperior|brn
|
|-damage|p1a: Serperior|82/100 brn|[from] brn
|upkeep
|turn|12
|
|t:|1760404637
|switch|p2a: Mamoswine|Mamoswine, M|38/100 tox
|move|p1a: Serperior|Tera Blast|p2a: Mamoswine|[anim] Tera Blast Rock
|-damage|p2a: Mamoswine|0 fnt
|faint|p2a: Mamoswine
|
|-damage|p1a: Serperior|76/100 brn|[from] brn
|upkeep
|
|t:|1760404650
|switch|p2a: Lilligant|Lilligant-Hisui, F|100/100
|turn|13
|inactive|quartzion has 120 seconds left.
|
|t:|1760404675
|move|p1a: Serperior|Leaf Storm|p2a: Lilligant
|-resisted|p2a: Lilligant
|-damage|p2a: Lilligant|32/100
|-boost|p1a: Serperior|spa|2
|move|p2a: Lilligant|Victory Dance|p2a: Lilligant
|-boost|p2a: Lilligant|atk|1
|-boost|p2a: Lilligant|def|1
|-boost|p2a: Lilligant|spe|1
|
|-damage|p1a: Serperior|70/100 brn|[from] brn
|upkeep
|turn|14
|inactive|quartzion has 120 seconds left.
|
|t:|1760404687
|move|p2a: Lilligant|Leaf Blade|p1a: Serperior
|-supereffective|p1a: Serperior
|-damage|p1a: Serperior|0 fnt
|faint|p1a: Serperior
|
|upkeep
|inactive|quartzion has 120 seconds left.
|
|t:|1760404695
|switch|p1a: Oricorio|Oricorio-Pom-Pom, F|100/100
|-damage|p1a: Oricorio|76/100|[from] Stealth Rock
|turn|15
|
|t:|1760404699
|move|p2a: Lilligant|Ice Spinner|p1a: Oricorio
|-supereffective|p1a: Oricorio
|-damage|p1a: Oricorio|0 fnt
|faint|p1a: Oricorio
|
|upkeep
|
|t:|1760404701
|switch|p1a: Toxapex|Toxapex, F|59/100
|-damage|p1a: Toxapex|47/100|[from] Stealth Rock
|turn|16
|
|t:|1760404704
|move|p2a: Lilligant|Leaf Blade|p1a: Toxapex
|-damage|p1a: Toxapex|10/100
|move|p1a: Toxapex|Recover|p1a: Toxapex
|-heal|p1a: Toxapex|60/100
|
|-heal|p1a: Toxapex|66/100|[from] item: Leftovers
|upkeep
|turn|17
|
|t:|1760404711
|move|p2a: Lilligant|Victory Dance|p2a: Lilligant
|-boost|p2a: Lilligant|atk|1
|-boost|p2a: Lilligant|def|1
|-boost|p2a: Lilligant|spe|1
|move|p1a: Toxapex|Poison Jab|p2a: Lilligant
|-supereffective|p2a: Lilligant
|-damage|p2a: Lilligant|2/100
|-status|p2a: Lilligant|psn
|-enditem|p2a: Lilligant|Lum Berry|[eat]
|-curestatus|p2a: Lilligant|psn|[msg]
|
|-heal|p1a: Toxapex|72/100|[from] item: Leftovers
|upkeep
|turn|18
|
|t:|1760404715
|move|p2a: Lilligant|Leaf Blade|p1a: Toxapex
|-damage|p1a: Toxapex|18/100
|move|p1a: Toxapex|Poison Jab|p2a: Lilligant
|-supereffective|p2a: Lilligant
|-damage|p2a: Lilligant|0 fnt
|faint|p2a: Lilligant
|
|-heal|p1a: Toxapex|25/100|[from] item: Leftovers
|upkeep
|
|t:|1760404722
|switch|p2a: Wigglytuff|Wigglytuff, F|100/100
|turn|19
|
|t:|1760404726
|move|p2a: Wigglytuff|Thunderbolt|p1a: Toxapex
|-supereffective|p1a: Toxapex
|-crit|p1a: Toxapex
|-damage|p1a: Toxapex|0 fnt
|faint|p1a: Toxapex
|
|upkeep
|
|t:|1760404729
|switch|p1a: Cinderace|Cinderace, M|100/100
|turn|20
|
|t:|1760404737
|move|p1a: Cinderace|Gunk Shot|p2a: Wigglytuff
|-start|p1a: Cinderace|typechange|Poison|[from] ability: Libero
|-supereffective|p2a: Wigglytuff
|-damage|p2a: Wigglytuff|0 fnt
|faint|p2a: Wigglytuff
|
|upkeep
|
|t:|1760404740
|switch|p2a: Empoleon|Empoleon, M|100/100
|turn|21
|
|t:|1760404745
|move|p1a: Cinderace|Pyro Ball|p2a: Empoleon
|-damage|p2a: Empoleon|49/100
|move|p2a: Empoleon|Hydro Pump|p1a: Cinderace
|-damage|p1a: Cinderace|22/100
|
|upkeep
|turn|22
|
|t:|1760404753
|move|p1a: Cinderace|Pyro Ball|p2a: Empoleon
|-damage|p2a: Empoleon|0 fnt
|faint|p2a: Empoleon
|
|upkeep
|
|t:|1760404755
|switch|p2a: Skeledirge|Skeledirge, F|15/100
|turn|23
|
|t:|1760404761
|move|p1a: Cinderace|Gunk Shot|p2a: Skeledirge
|-resisted|p2a: Skeledirge
|-damage|p2a: Skeledirge|0 fnt
|faint|p2a: Skeledirge
|
|win|quartzion
|raw|quartzion's rating: 1219 &rarr; <strong>1243</strong><br />(+24 for winning)
|raw|antzinmypantz's rating: 1200 &rarr; <strong>1176</strong><br />(-24 for losing)
|l|☆quartzion
|player|p1|
|l|☆antzinmypantz
|player|p2|
