|badge|p1|bronze|gen9ru|100-7
|uhtml|medal-msg|<div class="broadcast-blue">Curious what those medals under the avatar are? PS now has Ladder Seasons! For more information, check out the <a href="https://www.smogon.com/forums/threads/3740067/">thread on Smogon.</a></div>
|j|☆3idk
|j|☆bobbydeoliscool
|t:|1760461630
|gametype|singles
|player|p1|3idk|cynthia-masters|1708
|player|p2|bobbydeoliscool|102|1603
|gen|9
|tier|[Gen 9] OU
|rated|
|rule|HP Percentage Mod: HP is shown in percentages
|rule|Endless Battle Clause: Forcing endless battles is banned
|rule|Species Clause: Limit one of each Pokémon
|rule|OHKO Clause: OHKO moves are banned
|rule|Evasion Items Clause: Evasion items are banned
|rule|Evasion Moves Clause: Evasion moves are banned
|rule|Evasion Abilities Clause: Evasion abilities are banned
|rule|Sleep Moves Clause: Sleep-inducing moves are banned
|clearpoke
|poke|p1|Pelipper, F|
|poke|p1|Tornadus-Therian, M|
|poke|p1|Iron Treads|
|poke|p1|Decidueye-Hisui, M|
|poke|p1|Barraskewda, M|
|poke|p1|Raging Bolt|
|poke|p2|Moltres|
|poke|p2|Zamazenta-*|
|poke|p2|Darkrai|
|poke|p2|Hydrapple, M|
|poke|p2|Ting-Lu|
|poke|p2|Tinkaton, F|
|teampreview
|inactive|Battle timer is ON: inactive players will automatically lose when time's up. (requested by 3idk)
|
|t:|1760461658
|teamsize|p1|6
|teamsize|p2|6
|start
|switch|p1a: Pelipper|Pelipper, F|100/100
|switch|p2a: Hydrapple|Hydrapple, M|100/100
|-weather|RainDance|[from] ability: Drizzle|[of] p1a: Pelipper
|turn|1
|
|t:|1760461665
|move|p2a: Hydrapple|Fickle Beam|p1a: Pelipper
|-damage|p1a: Pelipper|54/100
|move|p1a: Pelipper|Hurricane|p2a: Hydrapple
|-supereffective|p2a: Hydrapple
|-damage|p2a: Hydrapple|34/100
|-start|p2a: Hydrapple|confusion
|
|-weather|RainDance|[upkeep]
|upkeep
|turn|2
|
|t:|1760461671
|switch|p2a: Moltres|Moltres|100/100
|switch|p1a: Tornadus|Tornadus-Therian, M|100/100
|
|-weather|RainDance|[upkeep]
|upkeep
|turn|3
|
|t:|1760461678
|switch|p2a: Ting-Lu|Ting-Lu|100/100
|-ability|p2a: Ting-Lu|Vessel of Ruin
|move|p1a: Tornadus|Weather Ball|p2a: Ting-Lu
|-supereffective|p2a: Ting-Lu
|-damage|p2a: Ting-Lu|41/100
|
|-weather|RainDance|[upkeep]
|-heal|p2a: Ting-Lu|47/100|[from] item: Leftovers
|upkeep
|turn|4
|
|t:|1760461693
|-terastallize|p2a: Ting-Lu|Water
|move|p1a: Tornadus|Weather Ball|p2a: Ting-Lu
|-resisted|p2a: Ting-Lu
|-damage|p2a: Ting-Lu|34/100
|move|p2a: Ting-Lu|Spikes|p1a: Tornadus
|-sidestart|p1: 3idk|Spikes
|
|-weather|RainDance|[upkeep]
|-heal|p2a: Ting-Lu|40/100|[from] item: Leftovers
|upkeep
|turn|5
|
|t:|1760461698
|move|p1a: Tornadus|Weather Ball|p2a: Ting-Lu
|-resisted|p2a: Ting-Lu
|-damage|p2a: Ting-Lu|25/100
|move|p2a: Ting-Lu|Ruination|p1a: Tornadus
|-damage|p1a: Tornadus|51/100
|
|-weather|RainDance|[upkeep]
|-heal|p2a: Ting-Lu|31/100|[from] item: Leftovers
|upkeep
|turn|6
|
|t:|1760461704
|move|p1a: Tornadus|Weather Ball|p2a: Ting-Lu
|-resisted|p2a: Ting-Lu
|-damage|p2a: Ting-Lu|16/100
|move|p2a: Ting-Lu|Ruination|p1a: Tornadus
|-damage|p1a: Tornadus|26/100
|
|-weather|RainDance|[upkeep]
|-heal|p2a: Ting-Lu|23/100|[from] item: Leftovers
|upkeep
|turn|7
|
|t:|1760461708
|switch|p1a: Decidueye|Decidueye-Hisui, M|100/100
|-damage|p1a: Decidueye|88/100|[from] Spikes
|move|p2a: Ting-Lu|Whirlwind|p1a: Decidueye
|drag|p1a: Pelipper|Pelipper, F|54/100
|
|-weather|RainDance|[upkeep]
|-heal|p2a: Ting-Lu|29/100|[from] item: Leftovers
|upkeep
|turn|8
|
|t:|1760461714
|move|p2a: Ting-Lu|Ruination|p1a: Pelipper
|-damage|p1a: Pelipper|27/100
|move|p1a: Pelipper|U-turn|p2a: Ting-Lu
|-damage|p2a: Ting-Lu|24/100
|
|t:|1760461718
|switch|p1a: Decidueye|Decidueye-Hisui, M|88/100|[from] U-turn
|-damage|p1a: Decidueye|76/100|[from] Spikes
|
|-weather|none
|-heal|p2a: Ting-Lu|30/100|[from] item: Leftovers
|upkeep
|turn|9
|
|t:|1760461727
|switch|p2a: Moltres|Moltres|100/100
|move|p1a: Decidueye|Defog|p2a: Moltres
|-unboost|p2a: Moltres|evasion|1
|-sideend|p1: 3idk|Spikes|[from] move: Defog|[of] p1a: Decidueye
|
|upkeep
|turn|10
|
|t:|1760461734
|switch|p1a: Tornadus|Tornadus-Therian, M|59/100
|move|p2a: Moltres|U-turn|p1a: Tornadus
|-resisted|p1a: Tornadus
|-damage|p1a: Tornadus|49/100
|
|t:|1760461738
|switch|p2a: Tinkaton|Tinkaton, F|100/100|[from] U-turn
|-ability|p2a: Tinkaton|Mold Breaker
|
|upkeep
|turn|11
|
|t:|1760461748
|move|p1a: Tornadus|U-turn|p2a: Tinkaton
|-resisted|p2a: Tinkaton
|-damage|p2a: Tinkaton|96/100
|
|t:|1760461752
|switch|p1a: Decidueye|Decidueye-Hisui, M|76/100|[from] U-turn
|move|p2a: Tinkaton|Gigaton Hammer|p1a: Decidueye
|-damage|p1a: Decidueye|41/100
|
|upkeep
|turn|12
|
|t:|1760461759
|move|p2a: Tinkaton|Thunder Wave|p1a: Decidueye
|-status|p1a: Decidueye|par
|move|p1a: Decidueye|Roost|p1a: Decidueye
|-heal|p1a: Decidueye|91/100 par
|-singleturn|p1a: Decidueye|move: Roost
|
|upkeep
|turn|13
|
|t:|1760461766
|switch|p1a: Iron Treads|Iron Treads|100/100
|move|p2a: Tinkaton|Encore||[still]
|-fail|p2a: Tinkaton
|
|upkeep
|turn|14
|
|t:|1760461770
|switch|p2a: Moltres|Moltres|100/100
|move|p1a: Iron Treads|Stealth Rock|p2a: Moltres
|-sidestart|p2: bobbydeoliscool|move: Stealth Rock
|
|upkeep
|turn|15
|
|t:|1760461775
|move|p1a: Iron Treads|Knock Off|p2a: Moltres
|-damage|p2a: Moltres|83/100
|-enditem|p2a: Moltres|Heavy-Duty Boots|[from] move: Knock Off|[of] p1a: Iron Treads
|move|p2a: Moltres|U-turn|p1a: Iron Treads
|-resisted|p1a: Iron Treads
|-damage|p1a: Iron Treads|94/100
|
|t:|1760461780
|switch|p2a: Hydrapple|Hydrapple, M|67/100|[from] U-turn
|
|-heal|p1a: Iron Treads|100/100|[from] item: Leftovers
|upkeep
|turn|16
|
|t:|1760461784
|move|p1a: Iron Treads|Knock Off|p2a: Hydrapple
|-damage|p2a: Hydrapple|53/100
|-enditem|p2a: Hydrapple|Heavy-Duty Boots|[from] move: Knock Off|[of] p1a: Iron Treads
|move|p2a: Hydrapple|Giga Drain|p1a: Iron Treads
|-damage|p1a: Iron Treads|72/100
|-heal|p2a: Hydrapple|66/100|[from] drain|[of] p1a: Iron Treads
|
|-heal|p1a: Iron Treads|78/100|[from] item: Leftovers
|upkeep
|turn|17
|
|t:|1760461792
|-end|p1a: Iron Treads|Quark Drive|[silent]
|switch|p1a: Tornadus|Tornadus-Therian, M|82/100
|move|p2a: Hydrapple|Giga Drain|p1a: Tornadus
|-resisted|p1a: Tornadus
|-damage|p1a: Tornadus|64/100
|-heal|p2a: Hydrapple|73/100|[from] drain|[of] p1a: Tornadus
|
|upkeep
|turn|18
|
|t:|1760461797
|switch|p2a: Tinkaton|Tinkaton, F|96/100
|-ability|p2a: Tinkaton|Mold Breaker
|move|p1a: Tornadus|U-turn|p2a: Tinkaton
|-resisted|p2a: Tinkaton
|-damage|p2a: Tinkaton|93/100
|
|t:|1760461804
|switch|p1a: Iron Treads|Iron Treads|78/100|[from] U-turn
|
|-heal|p1a: Iron Treads|84/100|[from] item: Leftovers
|upkeep
|turn|19
|
|t:|1760461809
|switch|p2a: Moltres|Moltres|83/100
|-damage|p2a: Moltres|33/100|[from] Stealth Rock
|-end|p1a: Iron Treads|Quark Drive|[silent]
|switch|p1a: Tornadus|Tornadus-Therian, M|97/100
|
|upkeep
|turn|20
|
|t:|1760461813
|move|p1a: Tornadus|Hurricane|p2a: Moltres
|-damage|p2a: Moltres|0 fnt
|faint|p2a: Moltres
|
|upkeep
|
|t:|1760461816
|switch|p2a: Darkrai|Darkrai, shiny|100/100
|-damage|p2a: Darkrai|88/100|[from] Stealth Rock
|turn|21
|
|t:|1760461821
|move|p2a: Darkrai|Knock Off|p1a: Tornadus
|-damage|p1a: Tornadus|56/100
|-enditem|p1a: Tornadus|Choice Specs|[from] move: Knock Off|[of] p2a: Darkrai
|move|p1a: Tornadus|Hurricane|p2a: Darkrai
|-damage|p2a: Darkrai|45/100
|
|upkeep
|turn|22
|
|t:|1760461829
|switch|p1a: Decidueye|Decidueye-Hisui, M|91/100 par
|move|p2a: Darkrai|Ice Beam|p1a: Decidueye
|-supereffective|p1a: Decidueye
|-damage|p1a: Decidueye|31/100 par
|
|upkeep
|turn|23
|
|t:|1760461835
|switch|p1a: Iron Treads|Iron Treads|84/100
|move|p2a: Darkrai|Ice Beam|p1a: Iron Treads
|-damage|p1a: Iron Treads|58/100
|
|-heal|p1a: Iron Treads|64/100|[from] item: Leftovers
|upkeep
|turn|24
|
|t:|1760461838
|move|p2a: Darkrai|Dark Pulse|p1a: Iron Treads
|-damage|p1a: Iron Treads|32/100
|move|p1a: Iron Treads|Earthquake|p2a: Darkrai
|-damage|p2a: Darkrai|0 fnt
|faint|p2a: Darkrai
|
|-heal|p1a: Iron Treads|38/100|[from] item: Leftovers
|upkeep
|
|t:|1760461847
|switch|p2a: Zamazenta|Zamazenta|100/100
|-ability|p2a: Zamazenta|Dauntless Shield|boost
|-boost|p2a: Zamazenta|def|1
|turn|25
|
|t:|1760461852
|-end|p1a: Iron Treads|Quark Drive|[silent]
|switch|p1a: Tornadus|Tornadus-Therian, M|89/100
|move|p2a: Zamazenta|Close Combat|p1a: Tornadus
|-resisted|p1a: Tornadus
|-damage|p1a: Tornadus|48/100
|-unboost|p2a: Zamazenta|def|1
|-unboost|p2a: Zamazenta|spd|1
|
|upkeep
|turn|26
|
|t:|1760461857
|switch|p1a: Decidueye|Decidueye-Hisui, M|31/100 par
|move|p2a: Zamazenta|Stone Edge|p1a: Decidueye
|-resisted|p1a: Decidueye
|-damage|p1a: Decidueye|19/100 par
|
|upkeep
|turn|27
|
|t:|1760461862
|move|p2a: Zamazenta|Close Combat|p1a: Decidueye
|-damage|p1a: Decidueye|0 fnt
|-unboost|p2a: Zamazenta|def|1
|-unboost|p2a: Zamazenta|spd|1
|-damage|p2a: Zamazenta|84/100|[from] item: Rocky Helmet|[of] p1a: Decidueye
|faint|p1a: Decidueye
|
|upkeep
|
|t:|1760461867
|switch|p1a: Pelipper|Pelipper, F|27/100
|-weather|RainDance|[from] ability: Drizzle|[of] p1a: Pelipper
|turn|28
|
|t:|1760461871
|switch|p1a: Iron Treads|Iron Treads|38/100
|move|p2a: Zamazenta|Stone Edge|p1a: Iron Treads
|-resisted|p1a: Iron Treads
|-crit|p1a: Iron Treads
|-damage|p1a: Iron Treads|28/100
|
|-weather|RainDance|[upkeep]
|-heal|p1a: Iron Treads|34/100|[from] item: Leftovers
|upkeep
|turn|29
|
|t:|1760461877
|move|p2a: Zamazenta|Close Combat|p1a: Iron Treads
|-supereffective|p1a: Iron Treads
|-damage|p1a: Iron Treads|0 fnt
|-unboost|p2a: Zamazenta|def|1
|-unboost|p2a: Zamazenta|spd|1
|faint|p1a: Iron Treads
|-end|p1a: Iron Treads|Quark Drive|[silent]
|
|-weather|RainDance|[upkeep]
|upkeep
|
|t:|1760461881
|switch|p1a: Barraskewda|Barraskewda, M|100/100
|turn|30
|
|t:|1760461884
|switch|p2a: Hydrapple|Hydrapple, M|100/100
|-damage|p2a: Hydrapple|88/100|[from] Stealth Rock
|move|p1a: Barraskewda|Flip Turn|p2a: Hydrapple
|-resisted|p2a: Hydrapple
|-damage|p2a: Hydrapple|78/100
|-damage|p1a: Barraskewda|91/100|[from] item: Life Orb
|
|t:|1760461887
|switch|p1a: Tornadus|Tornadus-Therian, M|81/100|[from] Flip Turn
|
|-weather|RainDance|[upkeep]
|upkeep
|turn|31
|
|t:|1760461893
|switch|p2a: Ting-Lu|Ting-Lu, tera:Water|30/100
|-damage|p2a: Ting-Lu|17/100|[from] Stealth Rock
|-ability|p2a: Ting-Lu|Vessel of Ruin
|move|p1a: Tornadus|Hurricane|p2a: Ting-Lu
|-damage|p2a: Ting-Lu|0 fnt
|faint|p2a: Ting-Lu
|
|-weather|RainDance|[upkeep]
|upkeep
|
|t:|1760461896
|switch|p2a: Zamazenta|Zamazenta|84/100
|turn|32
|
|t:|1760461904
|move|p2a: Zamazenta|Stone Edge|p1a: Tornadus
|-supereffective|p1a: Tornadus
|-damage|p1a: Tornadus|0 fnt
|faint|p1a: Tornadus
|
|-weather|RainDance|[upkeep]
|upkeep
|
|t:|1760461907
|switch|p1a: Barraskewda|Barraskewda, M|91/100
|turn|33
|
|t:|1760461911
|switch|p2a: Hydrapple|Hydrapple, M|100/100
|-damage|p2a: Hydrapple|88/100|[from] Stealth Rock
|move|p1a: Barraskewda|Liquidation|p2a: Hydrapple
|-resisted|p2a: Hydrapple
|-damage|p2a: Hydrapple|75/100
|-unboost|p2a: Hydrapple|def|1
|-damage|p1a: Barraskewda|81/100|[from] item: Life Orb
|
|-weather|RainDance|[upkeep]
|upkeep
|turn|34
|
|t:|1760461918
|move|p1a: Barraskewda|Flip Turn|p2a: Hydrapple
|-resisted|p2a: Hydrapple
|-damage|p2a: Hydrapple|60/100
|-damage|p1a: Barraskewda|71/100|[from] item: Life Orb
|
|t:|1760461923
|switch|p1a: Raging Bolt|Raging Bolt|100/100|[from] Flip Turn
|-enditem|p1a: Raging Bolt|Booster Energy
|-activate|p1a: Raging Bolt|ability: Protosynthesis|[fromitem]
|-start|p1a: Raging Bolt|protosynthesisspa
|move|p2a: Hydrapple|Fickle Beam|p1a: Raging Bolt|[anim] Fickle Beam All Out
|-activate|p2a: Hydrapple|move: Fickle Beam
|-supereffective|p1a: Raging Bolt
|-damage|p1a: Raging Bolt|0 fnt
|faint|p1a: Raging Bolt
|-end|p1a: Raging Bolt|Protosynthesis|[silent]
|
|-weather|RainDance|[upkeep]
|upkeep
|
|t:|1760461926
|switch|p1a: Barraskewda|Barraskewda, M|71/100
|turn|35
|
|t:|1760461929
|switch|p2a: Tinkaton|Tinkaton, F|93/100
|-ability|p2a: Tinkaton|Mold Breaker
|move|p1a: Barraskewda|Liquidation|p2a: Tinkaton
|-damage|p2a: Tinkaton|0 fnt
|faint|p2a: Tinkaton
|-damage|p1a: Barraskewda|61/100|[from] item: Life Orb
|
|-weather|none
|upkeep
|
|t:|1760461934
|switch|p2a: Hydrapple|Hydrapple, M|93/100
|-damage|p2a: Hydrapple|81/100|[from] Stealth Rock
|turn|36
|
|t:|1760461939
|move|p1a: Barraskewda|Close Combat|p2a: Hydrapple
|-damage|p2a: Hydrapple|44/100
|-unboost|p1a: Barraskewda|def|1
|-unboost|p1a: Barraskewda|spd|1
|-damage|p1a: Barraskewda|51/100|[from] item: Life Orb
|move|p2a: Hydrapple|Fickle Beam|p1a: Barraskewda
|-damage|p1a: Barraskewda|0 fnt
|faint|p1a: Barraskewda
|
|upkeep
|
|t:|1760461944
|switch|p1a: Pelipper|Pelipper, F|27/100
|-weather|RainDance|[from] ability: Drizzle|[of] p1a: Pelipper
|turn|37
|
|t:|1760461954
|move|p2a: Hydrapple|Giga Drain|p1a: Pelipper
|-damage|p1a: Pelipper|0 fnt
|-heal|p2a: Hydrapple|54/100|[from] drain|[of] p1a: Pelipper
|faint|p1a: Pelipper
|
|win|bobbydeoliscool
|raw|3idk's rating: 1708 &rarr; <strong>1682</strong><br />(-26 for losing)
|raw|bobbydeoliscool's rating: 1603 &rarr; <strong>1629</strong><br />(+26 for winning)
|l|☆3idk
|player|p1|
|l|☆bobbydeoliscool
|player|p2|
