|j|☆Lucker testing
|j|☆arcdeberlin
|t:|1760399179
|gametype|singles
|player|p1|Lucker testing|marnie|1309
|player|p2|arcdeberlin|1|1365
|gen|9
|tier|[Gen 9] OU
|rated|
|rule|HP Percentage Mod: HP is shown in percentages
|rule|Endless Battle Clause: Forcing endless battles is banned
|rule|Species Clause: Limit one of each Pokémon
|rule|OHKO Clause: OHKO moves are banned
|rule|Evasion Items Clause: Evasion items are banned
|rule|Evasion Moves Clause: Evasion moves are banned
|rule|Evasion Abilities Clause: Evasion abilities are banned
|rule|Sleep Moves Clause: Sleep-inducing moves are banned
|clearpoke
|poke|p1|Landorus-Therian, M|
|poke|p1|Pecharunt|
|poke|p1|Ogerpon-Wellspring, F|
|poke|p1|Kingambit, M|
|poke|p1|Zamazenta-*|
|poke|p1|Blaziken, F|
|poke|p2|Samurott-Hisui, F|
|poke|p2|Tornadus-Therian, M|
|poke|p2|Pecharunt|
|poke|p2|Great Tusk|
|poke|p2|Clefable, F|
|poke|p2|Zamazenta-*|
|teampreview
|
|t:|1760399189
|teamsize|p1|6
|teamsize|p2|6
|start
|switch|p1a: Landorus|Landorus-Therian, M|100/100
|switch|p2a: Tornadus|Tornadus-Therian, M|100/100
|-ability|p1a: Landorus|Intimidate|boost
|-unboost|p2a: Tornadus|atk|1
|turn|1
|inactive|Battle timer is ON: inactive players will automatically lose when time's up. (requested by arcdeberlin)
|
|t:|1760399196
|move|p2a: Tornadus|Bleakwind Storm|p1a: Landorus
|-damage|p1a: Landorus|39/100
|-unboost|p1a: Landorus|spe|1
|-damage|p2a: Tornadus|91/100|[from] item: Life Orb
|move|p1a: Landorus|Stone Edge|p2a: Tornadus
|-supereffective|p2a: Tornadus
|-damage|p2a: Tornadus|10/100
|
|upkeep
|turn|2
|
|t:|1760399205
|switch|p2a: Pecharunt|Pecharunt|100/100
|switch|p1a: Kingambit|Kingambit, M|100/100
|
|upkeep
|turn|3
|
|t:|1760399212
|move|p2a: Pecharunt|Parting Shot|p1a: Kingambit
|-unboost|p1a: Kingambit|atk|1
|-unboost|p1a: Kingambit|spa|1
|
|t:|1760399219
|switch|p2a: Great Tusk|Great Tusk|100/100|[from] Parting Shot
|move|p1a: Kingambit|Swords Dance|p1a: Kingambit
|-boost|p1a: Kingambit|atk|2
|
|upkeep
|turn|4
|
|t:|1760399225
|-end|p1a: Kingambit|fallenundefined|[silent]
|switch|p1a: Landorus|Landorus-Therian, M|39/100
|-ability|p1a: Landorus|Intimidate|boost
|-unboost|p2a: Great Tusk|atk|1
|move|p2a: Great Tusk|Stealth Rock|p1a: Landorus
|-sidestart|p1: Lucker testing|move: Stealth Rock
|
|upkeep
|turn|5
|
|t:|1760399232
|-end|p2a: Great Tusk|Protosynthesis|[silent]
|switch|p2a: Clefable|Clefable, F|100/100
|move|p1a: Landorus|Stealth Rock|p2a: Clefable
|-sidestart|p2: arcdeberlin|move: Stealth Rock
|
|upkeep
|turn|6
|
|t:|1760399239
|move|p1a: Landorus|U-turn|p2a: Clefable
|-resisted|p2a: Clefable
|-crit|p2a: Clefable
|-damage|p2a: Clefable|88/100
|
|t:|1760399246
|switch|p1a: Pecharunt|Pecharunt|100/100|[from] U-turn
|move|p2a: Clefable|Moonblast|p1a: Pecharunt
|-resisted|p1a: Pecharunt
|-damage|p1a: Pecharunt|86/100
|
|-heal|p2a: Clefable|94/100|[from] item: Leftovers
|upkeep
|turn|7
|
|t:|1760399255
|move|p1a: Pecharunt|Malignant Chain|p2a: Clefable
|-supereffective|p2a: Clefable
|-damage|p2a: Clefable|33/100
|move|p2a: Clefable|Moonlight|p2a: Clefable
|-heal|p2a: Clefable|83/100
|
|-heal|p2a: Clefable|90/100|[from] item: Leftovers
|upkeep
|turn|8
|
|t:|1760399262
|move|p1a: Pecharunt|Malignant Chain|p2a: Clefable
|-supereffective|p2a: Clefable
|-damage|p2a: Clefable|25/100
|-status|p2a: Clefable|tox
|-start|p2a: Clefable|confusion|[from] ability: Poison Puppeteer|[of] p1a: Pecharunt
|-activate|p2a: Clefable|confusion
|-damage|p2a: Clefable|21/100 tox|[from] confusion
|
|-heal|p2a: Clefable|27/100 tox|[from] item: Leftovers
|upkeep
|turn|9
|
|t:|1760399271
|switch|p2a: Pecharunt|Pecharunt|100/100
|move|p1a: Pecharunt|Malignant Chain|p2a: Pecharunt
|-resisted|p2a: Pecharunt
|-damage|p2a: Pecharunt|92/100
|
|upkeep
|turn|10
|
|t:|1760399279
|move|p1a: Pecharunt|Parting Shot|p2a: Pecharunt
|-unboost|p2a: Pecharunt|atk|1
|-unboost|p2a: Pecharunt|spa|1
|
|t:|1760399284
|switch|p1a: Zamazenta|Zamazenta|100/100|[from] Parting Shot
|-damage|p1a: Zamazenta|94/100|[from] Stealth Rock
|-ability|p1a: Zamazenta|Dauntless Shield|boost
|-boost|p1a: Zamazenta|def|1
|move|p2a: Pecharunt|Foul Play|p1a: Zamazenta
|-resisted|p1a: Zamazenta
|-damage|p1a: Zamazenta|86/100
|
|upkeep
|turn|11
|
|t:|1760399291
|move|p1a: Zamazenta|Crunch|p2a: Pecharunt
|-supereffective|p2a: Pecharunt
|-damage|p2a: Pecharunt|66/100
|move|p2a: Pecharunt|Malignant Chain|p1a: Zamazenta
|-damage|p1a: Zamazenta|75/100
|
|upkeep
|turn|12
|
|t:|1760399300
|switch|p1a: Kingambit|Kingambit, M|100/100
|-damage|p1a: Kingambit|94/100|[from] Stealth Rock
|move|p2a: Pecharunt|Recover|p2a: Pecharunt
|-heal|p2a: Pecharunt|100/100
|
|-heal|p1a: Kingambit|100/100|[from] item: Leftovers
|upkeep
|turn|13
|
|t:|1760399309
|move|p2a: Pecharunt|Parting Shot|p1a: Kingambit
|-unboost|p1a: Kingambit|atk|1
|-unboost|p1a: Kingambit|spa|1
|
|t:|1760399316
|switch|p2a: Great Tusk|Great Tusk|100/100|[from] Parting Shot
|move|p1a: Kingambit|Kowtow Cleave|p2a: Great Tusk
|-resisted|p2a: Great Tusk
|-damage|p2a: Great Tusk|89/100
|
|upkeep
|turn|14
|
|t:|1760399327
|-end|p1a: Kingambit|fallenundefined|[silent]
|switch|p1a: Pecharunt|Pecharunt|86/100
|move|p2a: Great Tusk|Knock Off|p1a: Pecharunt
|-supereffective|p1a: Pecharunt
|-damage|p1a: Pecharunt|52/100
|-enditem|p1a: Pecharunt|Heavy-Duty Boots|[from] move: Knock Off|[of] p2a: Great Tusk
|
|upkeep
|turn|15
|
|t:|1760399335
|move|p1a: Pecharunt|Recover|p1a: Pecharunt
|-heal|p1a: Pecharunt|100/100
|move|p2a: Great Tusk|Headlong Rush|p1a: Pecharunt
|-supereffective|p1a: Pecharunt
|-damage|p1a: Pecharunt|32/100
|-unboost|p2a: Great Tusk|def|1
|-unboost|p2a: Great Tusk|spd|1
|
|upkeep
|turn|16
|
|t:|1760399343
|-terastallize|p1a: Pecharunt|Grass
|move|p1a: Pecharunt|Recover|p1a: Pecharunt
|-heal|p1a: Pecharunt|82/100
|move|p2a: Great Tusk|Headlong Rush|p1a: Pecharunt
|-resisted|p1a: Pecharunt
|-damage|p1a: Pecharunt|65/100
|-unboost|p2a: Great Tusk|def|1
|-unboost|p2a: Great Tusk|spd|1
|
|upkeep
|turn|17
|
|t:|1760399350
|-end|p2a: Great Tusk|Protosynthesis|[silent]
|switch|p2a: Samurott|Samurott-Hisui, F|100/100
|-damage|p2a: Samurott|88/100|[from] Stealth Rock
|move|p1a: Pecharunt|Shadow Ball|p2a: Samurott
|-resisted|p2a: Samurott
|-damage|p2a: Samurott|78/100
|
|upkeep
|turn|18
|
|t:|1760399357
|move|p1a: Pecharunt|Malignant Chain|p2a: Samurott
|-damage|p2a: Samurott|55/100
|move|p2a: Samurott|Ceaseless Edge|p1a: Pecharunt
|-damage|p1a: Pecharunt|39/100
|-sidestart|p1: Lucker testing|Spikes
|
|upkeep
|turn|19
|
|t:|1760399365
|move|p1a: Pecharunt|Recover|p1a: Pecharunt
|-heal|p1a: Pecharunt|89/100
|move|p2a: Samurott|Ceaseless Edge|p1a: Pecharunt
|-damage|p1a: Pecharunt|63/100
|-sidestart|p1: Lucker testing|Spikes
|
|upkeep
|turn|20
|
|t:|1760399372
|move|p1a: Pecharunt|Malignant Chain|p2a: Samurott
|-damage|p2a: Samurott|32/100
|move|p2a: Samurott|Ceaseless Edge|p1a: Pecharunt
|-damage|p1a: Pecharunt|38/100
|-sidestart|p1: Lucker testing|Spikes
|
|upkeep
|turn|21
|
|t:|1760399379
|move|p1a: Pecharunt|Recover|p1a: Pecharunt
|-heal|p1a: Pecharunt|89/100
|move|p2a: Samurott|Razor Shell|p1a: Pecharunt
|-resisted|p1a: Pecharunt
|-damage|p1a: Pecharunt|74/100
|
|upkeep
|turn|22
|
|t:|1760399386
|move|p1a: Pecharunt|Malignant Chain|p2a: Samurott
|-crit|p2a: Samurott
|-damage|p2a: Samurott|0 fnt
|faint|p2a: Samurott
|
|upkeep
|
|t:|1760399394
|switch|p2a: Tornadus|Tornadus-Therian, M|43/100
|-damage|p2a: Tornadus|18/100|[from] Stealth Rock
|turn|23
|
|t:|1760399400
|switch|p1a: Kingambit|Kingambit, M|100/100
|-damage|p1a: Kingambit|94/100|[from] Stealth Rock
|-damage|p1a: Kingambit|69/100|[from] Spikes
|move|p2a: Tornadus|Bleakwind Storm|p1a: Kingambit
|-resisted|p1a: Kingambit
|-damage|p1a: Kingambit|42/100
|-unboost|p1a: Kingambit|spe|1
|-damage|p2a: Tornadus|9/100|[from] item: Life Orb
|
|-heal|p1a: Kingambit|48/100|[from] item: Leftovers
|upkeep
|turn|24
|
|t:|1760399411
|switch|p2a: Zamazenta|Zamazenta|100/100
|-damage|p2a: Zamazenta|94/100|[from] Stealth Rock
|-ability|p2a: Zamazenta|Dauntless Shield|boost
|-boost|p2a: Zamazenta|def|1
|move|p1a: Kingambit|Sucker Punch||[still]
|-fail|p1a: Kingambit
|
|-heal|p1a: Kingambit|54/100|[from] item: Leftovers
|upkeep
|turn|25
|
|t:|1760399418
|-end|p1a: Kingambit|fallenundefined|[silent]
|switch|p1a: Landorus|Landorus-Therian, M|39/100
|-damage|p1a: Landorus|26/100|[from] Stealth Rock
|-ability|p1a: Landorus|Intimidate|boost
|-unboost|p2a: Zamazenta|atk|1
|move|p2a: Zamazenta|Close Combat|p1a: Landorus
|-resisted|p1a: Landorus
|-damage|p1a: Landorus|11/100
|-unboost|p2a: Zamazenta|def|1
|-unboost|p2a: Zamazenta|spd|1
|-damage|p2a: Zamazenta|78/100|[from] item: Rocky Helmet|[of] p1a: Landorus
|
|upkeep
|turn|26
|
|t:|1760399425
|switch|p2a: Tornadus|Tornadus-Therian, M|42/100
|-damage|p2a: Tornadus|17/100|[from] Stealth Rock
|move|p1a: Landorus|Earthquake|p2a: Tornadus
|-immune|p2a: Tornadus
|
|upkeep
|turn|27
|
|t:|1760399432
|switch|p2a: Zamazenta|Zamazenta|78/100
|-damage|p2a: Zamazenta|72/100|[from] Stealth Rock
|move|p1a: Landorus|Stone Edge|p2a: Zamazenta|[miss]
|-miss|p1a: Landorus|p2a: Zamazenta
|
|upkeep
|turn|28
|
|t:|1760399439
|move|p2a: Zamazenta|Stone Edge|p1a: Landorus
|-damage|p1a: Landorus|0 fnt
|faint|p1a: Landorus
|
|upkeep
|inactive|Lucker testing has 120 seconds left.
|
|t:|1760399473
|switch|p1a: Pecharunt|Pecharunt, tera:Grass|74/100
|-damage|p1a: Pecharunt|61/100|[from] Stealth Rock
|-damage|p1a: Pecharunt|36/100|[from] Spikes
|turn|29
|
|t:|1760399480
|-terastallize|p2a: Zamazenta|Steel
|move|p2a: Zamazenta|Heavy Slam|p1a: Pecharunt
|-crit|p1a: Pecharunt
|-damage|p1a: Pecharunt|0 fnt
|faint|p1a: Pecharunt
|
|upkeep
|inactive|Lucker testing has 120 seconds left.
|
|t:|1760399501
|switch|p1a: Blaziken|Blaziken, F|100/100
|-damage|p1a: Blaziken|88/100|[from] Stealth Rock
|-damage|p1a: Blaziken|63/100|[from] Spikes
|turn|30
|
|t:|1760399508
|move|p1a: Blaziken|Protect|p1a: Blaziken
|-singleturn|p1a: Blaziken|Protect
|move|p2a: Zamazenta|Close Combat|p1a: Blaziken
|-activate|p1a: Blaziken|move: Protect
|
|-ability|p1a: Blaziken|Speed Boost|boost
|-boost|p1a: Blaziken|spe|1
|upkeep
|turn|31
|
|t:|1760399515
|move|p1a: Blaziken|Protect|p1a: Blaziken
|-singleturn|p1a: Blaziken|Protect
|move|p2a: Zamazenta|Close Combat|p1a: Blaziken
|-activate|p1a: Blaziken|move: Protect
|
|-ability|p1a: Blaziken|Speed Boost|boost
|-boost|p1a: Blaziken|spe|1
|upkeep
|turn|32
|
|t:|1760399522
|switch|p2a: Pecharunt|Pecharunt|100/100
|move|p1a: Blaziken|Overheat|p2a: Pecharunt
|-damage|p2a: Pecharunt|37/100
|-unboost|p1a: Blaziken|spa|2
|
|-ability|p1a: Blaziken|Speed Boost|boost
|-boost|p1a: Blaziken|spe|1
|upkeep
|turn|33
|
|t:|1760399531
|move|p1a: Blaziken|Focus Energy|p1a: Blaziken
|-start|p1a: Blaziken|move: Focus Energy
|move|p2a: Pecharunt|Recover|p2a: Pecharunt
|-heal|p2a: Pecharunt|87/100
|
|-ability|p1a: Blaziken|Speed Boost|boost
|-boost|p1a: Blaziken|spe|1
|upkeep
|turn|34
|
|t:|1760399539
|move|p1a: Blaziken|Overheat|p2a: Pecharunt
|-crit|p2a: Pecharunt
|-damage|p2a: Pecharunt|0 fnt
|-unboost|p1a: Blaziken|spa|2
|faint|p2a: Pecharunt
|
|-ability|p1a: Blaziken|Speed Boost|boost
|-boost|p1a: Blaziken|spe|1
|upkeep
|
|t:|1760399547
|switch|p2a: Clefable|Clefable, F|27/100 tox
|turn|35
|
|t:|1760399554
|move|p1a: Blaziken|Overheat|p2a: Clefable
|-crit|p2a: Clefable
|-damage|p2a: Clefable|0 fnt
|-unboost|p1a: Blaziken|spa|2
|faint|p2a: Clefable
|
|-ability|p1a: Blaziken|Speed Boost|boost
|-boost|p1a: Blaziken|spe|1
|upkeep
|
|t:|1760399561
|switch|p2a: Great Tusk|Great Tusk|89/100
|turn|36
|
|t:|1760399568
|move|p1a: Blaziken|Overheat|p2a: Great Tusk
|-crit|p2a: Great Tusk
|-damage|p2a: Great Tusk|0 fnt
|faint|p2a: Great Tusk
|-end|p2a: Great Tusk|Protosynthesis|[silent]
|
|upkeep
|
|t:|1760399575
|switch|p2a: Zamazenta|Zamazenta, tera:Steel|72/100
|-damage|p2a: Zamazenta|65/100|[from] Stealth Rock
|turn|37
|
|t:|1760399581
|switch|p2a: Tornadus|Tornadus-Therian, M|50/100
|-damage|p2a: Tornadus|25/100|[from] Stealth Rock
|move|p1a: Blaziken|Overheat|p2a: Tornadus
|-crit|p2a: Tornadus
|-damage|p2a: Tornadus|0 fnt
|faint|p2a: Tornadus
|
|upkeep
|
|t:|1760399588
|switch|p2a: Zamazenta|Zamazenta, tera:Steel|65/100
|-damage|p2a: Zamazenta|59/100|[from] Stealth Rock
|turn|38
|
|t:|1760399591
|move|p1a: Blaziken|Overheat|p2a: Zamazenta
|-supereffective|p2a: Zamazenta
|-crit|p2a: Zamazenta
|-damage|p2a: Zamazenta|0 fnt
|faint|p2a: Zamazenta
|
|win|Lucker testing
|raw|Lucker testing's rating: 1309 &rarr; <strong>1332</strong><br />(+23 for winning)
|raw|arcdeberlin's rating: 1365 &rarr; <strong>1342</strong><br />(-23 for losing)
|l|☆arcdeberlin
|player|p2|
