|j|☆Hadewichj
|j|☆Lopsamax
|t:|1760452431
|gametype|singles
|player|p1|Hadewichj|clair|1129
|player|p2|Lopsamax|102|1176
|gen|9
|tier|[Gen 9] OU
|rated|
|rule|HP Percentage Mod: HP is shown in percentages
|rule|Endless Battle Clause: Forcing endless battles is banned
|rule|Species Clause: Limit one of each Pokémon
|rule|OHKO Clause: OHKO moves are banned
|rule|Evasion Items Clause: Evasion items are banned
|rule|Evasion Moves Clause: Evasion moves are banned
|rule|Evasion Abilities Clause: Evasion abilities are banned
|rule|Sleep Moves Clause: Sleep-inducing moves are banned
|clearpoke
|poke|p1|Heracross, F|
|poke|p1|Skarmory, F|
|poke|p1|Tyranitar, F|
|poke|p1|Quagsire, F|
|poke|p1|Porygon2|
|poke|p1|Noctowl, F|
|poke|p2|Ninetales, F|
|poke|p2|Walking Wake|
|poke|p2|Raging Bolt|
|poke|p2|Hatterene, F|
|poke|p2|Landorus-Therian, M|
|poke|p2|Iron Moth|
|teampreview
|inactive|Battle timer is ON: inactive players will automatically lose when time's up. (requested by Hadewichj)
|inactive|Lopsamax also wants the timer to be on.
|inactive|Hadewichj has 120 seconds left.
|
|t:|1760452467
|teamsize|p1|6
|teamsize|p2|6
|start
|switch|p1a: Noctowl|Noctowl, F, shiny|100/100
|switch|p2a: Landorus|Landorus-Therian, M|100/100
|-ability|p2a: Landorus|Intimidate|boost
|-unboost|p1a: Noctowl|atk|1
|turn|1
|
|t:|1760452477
|switch|p1a: Skarmory|Skarmory, F|100/100
|move|p2a: Landorus|Stone Edge|p1a: Skarmory
|-damage|p1a: Skarmory|80/100
|
|upkeep
|turn|2
|
|t:|1760452485
|switch|p2a: Iron Moth|Iron Moth|100/100
|-enditem|p2a: Iron Moth|Booster Energy
|-activate|p2a: Iron Moth|ability: Quark Drive|[fromitem]
|-start|p2a: Iron Moth|quarkdrivespe
|move|p1a: Skarmory|Stealth Rock|p2a: Iron Moth
|-sidestart|p2: Lopsamax|move: Stealth Rock
|
|upkeep
|turn|3
|
|t:|1760452493
|switch|p1a: Tyranitar|Tyranitar, F, shiny|100/100
|-weather|Sandstorm|[from] ability: Sand Stream|[of] p1a: Tyranitar
|move|p2a: Iron Moth|Substitute|p2a: Iron Moth
|-start|p2a: Iron Moth|Substitute
|-damage|p2a: Iron Moth|76/100
|
|-weather|Sandstorm|[upkeep]
|-damage|p2a: Iron Moth|70/100|[from] Sandstorm
|upkeep
|turn|4
|
|t:|1760452500
|move|p2a: Iron Moth|Dazzling Gleam|p1a: Tyranitar
|-supereffective|p1a: Tyranitar
|-damage|p1a: Tyranitar|62/100
|move|p1a: Tyranitar|Earthquake|p2a: Iron Moth
|-supereffective|p2a: Iron Moth
|-end|p2a: Iron Moth|Substitute
|-damage|p1a: Tyranitar|52/100|[from] item: Life Orb
|
|-weather|Sandstorm|[upkeep]
|-damage|p2a: Iron Moth|64/100|[from] Sandstorm
|upkeep
|turn|5
|
|t:|1760452514
|-end|p2a: Iron Moth|Quark Drive|[silent]
|switch|p2a: Landorus|Landorus-Therian, M|100/100
|-damage|p2a: Landorus|88/100|[from] Stealth Rock
|-ability|p2a: Landorus|Intimidate|boost
|-unboost|p1a: Tyranitar|atk|1
|move|p1a: Tyranitar|Ice Punch|p2a: Landorus
|-supereffective|p2a: Landorus
|-damage|p2a: Landorus|0 fnt
|faint|p2a: Landorus
|-damage|p1a: Tyranitar|42/100|[from] item: Life Orb
|
|-weather|Sandstorm|[upkeep]
|upkeep
|inactive|Lopsamax has 120 seconds left.
|
|t:|1760452545
|switch|p2a: Iron Moth|Iron Moth|64/100
|-damage|p2a: Iron Moth|39/100|[from] Stealth Rock
|turn|6
|
|t:|1760452553
|move|p2a: Iron Moth|Dazzling Gleam|p1a: Tyranitar
|-supereffective|p1a: Tyranitar
|-damage|p1a: Tyranitar|8/100
|move|p1a: Tyranitar|Earthquake|p2a: Iron Moth
|-supereffective|p2a: Iron Moth
|-damage|p2a: Iron Moth|0 fnt
|faint|p2a: Iron Moth
|-end|p2a: Iron Moth|Quark Drive|[silent]
|-damage|p1a: Tyranitar|0 fnt|[from] item: Life Orb
|faint|p1a: Tyranitar
|
|-weather|Sandstorm|[upkeep]
|upkeep
|
|t:|1760452564
|switch|p2a: Ninetales|Ninetales, F|100/100
|switch|p1a: Noctowl|Noctowl, F, shiny|100/100
|-damage|p2a: Ninetales|76/100|[from] Stealth Rock
|-weather|SunnyDay|[from] ability: Drought|[of] p2a: Ninetales
|turn|7
|
|t:|1760452575
|move|p2a: Ninetales|Will-O-Wisp|p1a: Noctowl
|-status|p1a: Noctowl|brn
|move|p1a: Noctowl|Calm Mind|p1a: Noctowl
|-boost|p1a: Noctowl|spa|1
|-boost|p1a: Noctowl|spd|1
|
|-weather|SunnyDay|[upkeep]
|-damage|p1a: Noctowl|94/100 brn|[from] brn
|upkeep
|turn|8
|
|t:|1760452579
|move|p2a: Ninetales|Encore|p1a: Noctowl
|-start|p1a: Noctowl|Encore
|move|p1a: Noctowl|Calm Mind|p1a: Noctowl
|-boost|p1a: Noctowl|spa|1
|-boost|p1a: Noctowl|spd|1
|
|-weather|SunnyDay|[upkeep]
|-damage|p1a: Noctowl|88/100 brn|[from] brn
|upkeep
|turn|9
|
|t:|1760452581
|switch|p2a: Walking Wake|Walking Wake|100/100
|-damage|p2a: Walking Wake|88/100|[from] Stealth Rock
|-activate|p2a: Walking Wake|ability: Protosynthesis
|-start|p2a: Walking Wake|protosynthesisspe
|move|p1a: Noctowl|Calm Mind|p1a: Noctowl
|-boost|p1a: Noctowl|spa|1
|-boost|p1a: Noctowl|spd|1
|
|-weather|SunnyDay|[upkeep]
|-damage|p1a: Noctowl|82/100 brn|[from] brn
|upkeep
|turn|10
|
|t:|1760452587
|move|p2a: Walking Wake|Hydro Steam|p1a: Noctowl
|-crit|p1a: Noctowl
|-damage|p1a: Noctowl|14/100 brn
|move|p1a: Noctowl|Calm Mind|p1a: Noctowl
|-boost|p1a: Noctowl|spa|1
|-boost|p1a: Noctowl|spd|1
|
|-weather|SunnyDay|[upkeep]
|-damage|p1a: Noctowl|8/100 brn|[from] brn
|-end|p1a: Noctowl|Encore
|upkeep
|turn|11
|c|☆Hadewichj|the crit
|c|☆Hadewichj|ob
|c|☆Hadewichj|vi
|c|☆Hadewichj|ou
|c|☆Hadewichj|sly
|
|t:|1760452602
|move|p2a: Walking Wake|Hydro Steam|p1a: Noctowl
|-damage|p1a: Noctowl|0 fnt
|faint|p1a: Noctowl
|
|-weather|SunnyDay|[upkeep]
|upkeep
|
|t:|1760452614
|switch|p1a: Heracross|Heracross, F|100/100
|turn|12
|
|t:|1760452622
|move|p2a: Walking Wake|Flamethrower|p1a: Heracross
|-supereffective|p1a: Heracross
|-damage|p1a: Heracross|0 fnt
|faint|p1a: Heracross
|
|-weather|SunnyDay|[upkeep]
|upkeep
|
|t:|1760452626
|switch|p1a: Porygon2|Porygon2, shiny|100/100
|turn|13
|
|t:|1760452631
|move|p2a: Walking Wake|Hydro Steam|p1a: Porygon2
|-damage|p1a: Porygon2|58/100
|move|p1a: Porygon2|Tri Attack|p2a: Walking Wake
|-damage|p2a: Walking Wake|33/100
|
|-weather|SunnyDay|[upkeep]
|upkeep
|turn|14
|
|t:|1760452638
|move|p2a: Walking Wake|Draco Meteor|p1a: Porygon2
|-damage|p1a: Porygon2|12/100
|-unboost|p2a: Walking Wake|spa|2
|move|p1a: Porygon2|Recover|p1a: Porygon2
|-heal|p1a: Porygon2|62/100
|
|-weather|none
|-end|p2a: Walking Wake|Protosynthesis
|upkeep
|turn|15
|
|t:|1760452644
|-end|p2a: Walking Wake|Protosynthesis|[silent]
|switch|p2a: Ninetales|Ninetales, F|76/100
|-damage|p2a: Ninetales|51/100|[from] Stealth Rock
|-weather|SunnyDay|[from] ability: Drought|[of] p2a: Ninetales
|move|p1a: Porygon2|Tri Attack|p2a: Ninetales
|-damage|p2a: Ninetales|0 fnt
|faint|p2a: Ninetales
|
|-weather|SunnyDay|[upkeep]
|upkeep
|
|t:|1760452650
|switch|p2a: Hatterene|Hatterene, F|100/100
|-damage|p2a: Hatterene|88/100|[from] Stealth Rock
|turn|16
|
|t:|1760452656
|switch|p1a: Skarmory|Skarmory, F|80/100
|move|p2a: Hatterene|Nuzzle|p1a: Skarmory
|-supereffective|p1a: Skarmory
|-damage|p1a: Skarmory|75/100
|-status|p1a: Skarmory|par
|-damage|p2a: Hatterene|72/100|[from] item: Rocky Helmet|[of] p1a: Skarmory
|
|-weather|SunnyDay|[upkeep]
|upkeep
|turn|17
|
|t:|1760452662
|move|p2a: Hatterene|Healing Wish|p2a: Hatterene
|faint|p2a: Hatterene
|cant|p1a: Skarmory|par
|
|-weather|SunnyDay|[upkeep]
|upkeep
|
|t:|1760452664
|switch|p2a: Walking Wake|Walking Wake|33/100
|-heal|p2a: Walking Wake|100/100|[from] move: Healing Wish
|-damage|p2a: Walking Wake|88/100|[from] Stealth Rock
|-activate|p2a: Walking Wake|ability: Protosynthesis
|-start|p2a: Walking Wake|protosynthesisspe
|turn|18
|
|t:|1760452669
|move|p2a: Walking Wake|Flamethrower|p1a: Skarmory
|-supereffective|p1a: Skarmory
|-damage|p1a: Skarmory|0 fnt
|faint|p1a: Skarmory
|
|-weather|SunnyDay|[upkeep]
|upkeep
|
|t:|1760452672
|switch|p1a: Quagsire|Quagsire, F|100/100
|turn|19
|
|t:|1760452685
|-end|p2a: Walking Wake|Protosynthesis|[silent]
|switch|p2a: Raging Bolt|Raging Bolt|100/100
|-damage|p2a: Raging Bolt|88/100|[from] Stealth Rock
|-activate|p2a: Raging Bolt|ability: Protosynthesis
|-start|p2a: Raging Bolt|protosynthesisspa
|-terastallize|p1a: Quagsire|Flying
|move|p1a: Quagsire|Toxic|p2a: Raging Bolt
|-status|p2a: Raging Bolt|tox
|
|-weather|SunnyDay|[upkeep]
|-damage|p2a: Raging Bolt|82/100 tox|[from] psn
|upkeep
|turn|20
|
|t:|1760452699
|move|p2a: Raging Bolt|Thunderbolt|p1a: Quagsire
|-supereffective|p1a: Quagsire
|-damage|p1a: Quagsire|0 fnt
|faint|p1a: Quagsire
|
|-weather|SunnyDay|[upkeep]
|-damage|p2a: Raging Bolt|70/100 tox|[from] psn
|upkeep
|
|t:|1760452702
|switch|p1a: Porygon2|Porygon2, shiny|62/100
|turn|21
|
|t:|1760452711
|move|p2a: Raging Bolt|Thunderbolt|p1a: Porygon2
|-damage|p1a: Porygon2|20/100
|move|p1a: Porygon2|Recover|p1a: Porygon2
|-heal|p1a: Porygon2|70/100
|
|-weather|SunnyDay|[upkeep]
|-damage|p2a: Raging Bolt|51/100 tox|[from] psn
|upkeep
|turn|22
|
|t:|1760452714
|move|p2a: Raging Bolt|Draco Meteor|p1a: Porygon2
|-damage|p1a: Porygon2|10/100
|-unboost|p2a: Raging Bolt|spa|2
|move|p1a: Porygon2|Recover|p1a: Porygon2
|-heal|p1a: Porygon2|60/100
|
|-weather|none
|-end|p2a: Raging Bolt|Protosynthesis
|-damage|p2a: Raging Bolt|27/100 tox|[from] psn
|upkeep
|-enditem|p2a: Raging Bolt|Booster Energy
|-activate|p2a: Raging Bolt|ability: Protosynthesis|[fromitem]
|-start|p2a: Raging Bolt|protosynthesisspe
|turn|23
|
|t:|1760452723
|move|p2a: Raging Bolt|Thunderbolt|p1a: Porygon2
|-damage|p1a: Porygon2|43/100
|move|p1a: Porygon2|Recover|p1a: Porygon2
|-heal|p1a: Porygon2|93/100
|
|-damage|p2a: Raging Bolt|0 fnt|[from] psn
|faint|p2a: Raging Bolt
|-end|p2a: Raging Bolt|Protosynthesis|[silent]
|upkeep
|
|t:|1760452725
|switch|p2a: Walking Wake|Walking Wake|88/100
|-damage|p2a: Walking Wake|76/100|[from] Stealth Rock
|turn|24
|
|t:|1760452732
|-terastallize|p2a: Walking Wake|Water
|move|p2a: Walking Wake|Hydro Steam|p1a: Porygon2
|-damage|p1a: Porygon2|54/100
|move|p1a: Porygon2|Recover|p1a: Porygon2
|-heal|p1a: Porygon2|100/100
|
|upkeep
|turn|25
|
|t:|1760452737
|move|p2a: Walking Wake|Hydro Steam|p1a: Porygon2
|-damage|p1a: Porygon2|61/100
|move|p1a: Porygon2|Tri Attack|p2a: Walking Wake
|-damage|p2a: Walking Wake|12/100
|
|upkeep
|turn|26
|
|t:|1760452743
|move|p2a: Walking Wake|Hydro Steam|p1a: Porygon2
|-damage|p1a: Porygon2|20/100
|move|p1a: Porygon2|Tri Attack|p2a: Walking Wake
|-damage|p2a: Walking Wake|0 fnt
|faint|p2a: Walking Wake
|-end|p2a: Walking Wake|Protosynthesis|[silent]
|
|win|Hadewichj
|raw|Hadewichj's rating: 1129 &rarr; <strong>1157</strong><br />(+28 for winning)
|raw|Lopsamax's rating: 1176 &rarr; <strong>1148</strong><br />(-28 for losing)
|l|☆Lopsamax
|player|p2|
|c|☆Hadewichj|gg
|c|☆Hadewichj|porygon the goat
