|j|☆jujuboy420
|j|☆simplegent
|t:|1760340265
|gametype|singles
|player|p1|jujuboy420|102|1150
|player|p2|simplegent|169|1117
|gen|9
|tier|[Gen 9] OU
|rated|
|rule|HP Percentage Mod: HP is shown in percentages
|rule|Endless Battle Clause: Forcing endless battles is banned
|rule|Species Clause: Limit one of each Pokémon
|rule|OHKO Clause: OHKO moves are banned
|rule|Evasion Items Clause: Evasion items are banned
|rule|Evasion Moves Clause: Evasion moves are banned
|rule|Evasion Abilities Clause: Evasion abilities are banned
|rule|Sleep Moves Clause: Sleep-inducing moves are banned
|clearpoke
|poke|p1|Thundurus, M|
|poke|p1|Tyranitar, F|
|poke|p1|Corviknight, M|
|poke|p1|Zamazenta-*|
|poke|p1|Scizor, F|
|poke|p1|Darkrai|
|poke|p2|Rotom-Wash|
|poke|p2|Dragonite, M|
|poke|p2|Clefable, M|
|poke|p2|Corviknight, F|
|poke|p2|Incineroar, M|
|poke|p2|Garchomp, F|
|teampreview
|inactive|Battle timer is ON: inactive players will automatically lose when time's up. (requested by simplegent)
|inactive|jujuboy420 also wants the timer to be on.
|
|t:|1760340288
|teamsize|p1|6
|teamsize|p2|6
|start
|switch|p1a: Thundurus|Thundurus, M|100/100
|switch|p2a: Garchomp|Garchomp, F|100/100
|turn|1
|
|t:|1760340297
|move|p1a: Thundurus|U-turn|p2a: Garchomp
|-damage|p2a: Garchomp|91/100
|-damage|p1a: Thundurus|88/100|[from] ability: Rough Skin|[of] p2a: Garchomp
|-damage|p1a: Thundurus|71/100|[from] item: Rocky Helmet|[of] p2a: Garchomp
|
|t:|1760340308
|switch|p1a: Corviknight|Corviknight, M|100/100|[from] U-turn
|move|p2a: Garchomp|Stealth Rock|p1a: Corviknight
|-sidestart|p1: jujuboy420|move: Stealth Rock
|
|upkeep
|turn|2
|
|t:|1760340323
|move|p2a: Garchomp|Spikes|p1a: Corviknight
|-sidestart|p1: jujuboy420|Spikes
|move|p1a: Corviknight|Brave Bird|p2a: Garchomp
|-damage|p2a: Garchomp|66/100
|-damage|p1a: Corviknight|88/100|[from] ability: Rough Skin|[of] p2a: Garchomp
|-damage|p1a: Corviknight|71/100|[from] item: Rocky Helmet|[of] p2a: Garchomp
|-damage|p1a: Corviknight|63/100|[from] Recoil
|
|upkeep
|turn|3
|
|t:|1760340335
|switch|p2a: Rotom|Rotom-Wash|100/100
|switch|p1a: Darkrai|Darkrai|100/100
|-damage|p1a: Darkrai|88/100|[from] Stealth Rock
|-damage|p1a: Darkrai|76/100|[from] Spikes
|
|upkeep
|turn|4
|
|t:|1760340359
|switch|p2a: Incineroar|Incineroar, M|100/100
|-ability|p2a: Incineroar|Intimidate|boost
|-unboost|p1a: Darkrai|atk|1
|move|p1a: Darkrai|Dark Pulse|p2a: Incineroar
|-resisted|p2a: Incineroar
|-damage|p2a: Incineroar|81/100
|-damage|p1a: Darkrai|66/100|[from] item: Life Orb
|
|upkeep
|turn|5
|
|t:|1760340369
|move|p1a: Darkrai|Sludge Bomb|p2a: Incineroar
|-damage|p2a: Incineroar|50/100
|-status|p2a: Incineroar|psn
|-damage|p1a: Darkrai|56/100|[from] item: Life Orb
|move|p2a: Incineroar|U-turn|p1a: Darkrai
|-supereffective|p1a: Darkrai
|-damage|p1a: Darkrai|5/100
|
|t:|1760340383
|switch|p2a: Clefable|Clefable, M|100/100|[from] U-turn
|
|upkeep
|turn|6
|
|t:|1760340389
|switch|p2a: Corviknight|Corviknight, F|100/100
|-ability|p2a: Corviknight|Pressure
|move|p1a: Darkrai|Sludge Bomb|p2a: Corviknight
|-immune|p2a: Corviknight
|
|upkeep
|turn|7
|inactive|simplegent has 120 seconds left.
|
|t:|1760340415
|switch|p2a: Clefable|Clefable, M|100/100
|move|p1a: Darkrai|Dark Pulse|p2a: Clefable
|-resisted|p2a: Clefable
|-damage|p2a: Clefable|76/100
|-damage|p1a: Darkrai|0 fnt|[from] item: Life Orb
|faint|p1a: Darkrai
|
|-heal|p2a: Clefable|82/100|[from] item: Leftovers
|upkeep
|
|t:|1760340431
|switch|p1a: Thundurus|Thundurus, M|71/100
|turn|8
|
|t:|1760340439
|move|p1a: Thundurus|Discharge|p2a: Clefable
|-damage|p2a: Clefable|43/100
|-status|p2a: Clefable|par
|move|p2a: Clefable|Calm Mind|p2a: Clefable
|-boost|p2a: Clefable|spa|1
|-boost|p2a: Clefable|spd|1
|
|-heal|p2a: Clefable|49/100 par|[from] item: Leftovers
|upkeep
|turn|9
|
|t:|1760340449
|move|p2a: Clefable|Protect|p2a: Clefable
|-singleturn|p2a: Clefable|Protect
|move|p1a: Thundurus|U-turn|p2a: Clefable
|-activate|p2a: Clefable|move: Protect
|
|-heal|p2a: Clefable|55/100 par|[from] item: Leftovers
|upkeep
|turn|10
|
|t:|1760340460
|move|p1a: Thundurus|U-turn|p2a: Clefable
|-resisted|p2a: Clefable
|-damage|p2a: Clefable|49/100 par
|
|t:|1760340463
|switch|p1a: Scizor|Scizor, F|100/100|[from] U-turn
|-damage|p1a: Scizor|88/100|[from] Stealth Rock
|-damage|p1a: Scizor|76/100|[from] Spikes
|move|p2a: Clefable|Wish|p2a: Clefable
|
|-heal|p2a: Clefable|55/100 par|[from] item: Leftovers
|upkeep
|turn|11
|
|t:|1760340489
|switch|p2a: Incineroar|Incineroar, M|50/100 psn
|-ability|p2a: Incineroar|Intimidate|boost
|-unboost|p1a: Scizor|atk|1
|move|p1a: Scizor|Bullet Punch|p2a: Incineroar
|-resisted|p2a: Incineroar
|-damage|p2a: Incineroar|35/100 psn
|
|-heal|p2a: Incineroar|85/100 psn|[from] move: Wish|[wisher] Clefable
|-damage|p2a: Incineroar|72/100 psn|[from] psn
|upkeep
|turn|12
|
|t:|1760340503
|switch|p1a: Corviknight|Corviknight, M|63/100
|-damage|p1a: Corviknight|50/100|[from] Stealth Rock
|move|p2a: Incineroar|U-turn|p1a: Corviknight
|-resisted|p1a: Corviknight
|-damage|p1a: Corviknight|48/100
|-damage|p2a: Incineroar|56/100 psn|[from] item: Rocky Helmet|[of] p1a: Corviknight
|
|t:|1760340510
|switch|p2a: Rotom|Rotom-Wash|100/100|[from] U-turn
|
|upkeep
|turn|13
|inactive|simplegent has 120 seconds left.
|
|t:|1760340537
|switch|p2a: Garchomp|Garchomp, F|66/100
|move|p1a: Corviknight|Roost|p1a: Corviknight
|-heal|p1a: Corviknight|98/100
|-singleturn|p1a: Corviknight|move: Roost
|
|upkeep
|turn|14
|
|t:|1760340552
|switch|p2a: Rotom|Rotom-Wash|100/100
|move|p1a: Corviknight|Iron Defense|p1a: Corviknight
|-boost|p1a: Corviknight|def|2
|
|upkeep
|turn|15
|
|t:|1760340561
|switch|p1a: Thundurus|Thundurus, M|71/100
|move|p2a: Rotom|Will-O-Wisp|p1a: Thundurus
|-status|p1a: Thundurus|brn
|
|-damage|p1a: Thundurus|65/100 brn|[from] brn
|upkeep
|turn|16
|inactive|simplegent has 120 seconds left.
|
|t:|1760340575
|move|p1a: Thundurus|Discharge|p2a: Rotom
|-crit|p2a: Rotom
|-damage|p2a: Rotom|37/100
|move|p2a: Rotom|Hydro Pump|p1a: Thundurus
|-damage|p1a: Thundurus|12/100 brn
|
|-heal|p2a: Rotom|43/100|[from] item: Leftovers
|-damage|p1a: Thundurus|6/100 brn|[from] brn
|upkeep
|turn|17
|inactive|simplegent has 120 seconds left.
|
|t:|1760340614
|switch|p2a: Incineroar|Incineroar, M|56/100 psn
|-ability|p2a: Incineroar|Intimidate|boost
|-unboost|p1a: Thundurus|atk|1
|move|p1a: Thundurus|Focus Blast|p2a: Incineroar|[miss]
|-miss|p1a: Thundurus|p2a: Incineroar
|
|-damage|p2a: Incineroar|43/100 psn|[from] psn
|-damage|p1a: Thundurus|0 fnt|[from] brn
|faint|p1a: Thundurus
|upkeep
|c|☆jujuboy420|of course
|inactive|jujuboy420 has 120 seconds left.
|
|t:|1760340640
|switch|p1a: Tyranitar|Tyranitar, F|100/100
|-damage|p1a: Tyranitar|88/100|[from] Stealth Rock
|-damage|p1a: Tyranitar|76/100|[from] Spikes
|-weather|Sandstorm|[from] ability: Sand Stream|[of] p1a: Tyranitar
|turn|18
|
|t:|1760340648
|move|p1a: Tyranitar|Stone Edge|p2a: Incineroar
|-supereffective|p2a: Incineroar
|-crit|p2a: Incineroar
|-damage|p2a: Incineroar|0 fnt
|faint|p2a: Incineroar
|
|-weather|Sandstorm|[upkeep]
|upkeep
|
|t:|1760340655
|switch|p2a: Garchomp|Garchomp, F|66/100
|turn|19
|
|t:|1760340660
|move|p1a: Tyranitar|Ice Punch|p2a: Garchomp
|-supereffective|p2a: Garchomp
|-damage|p2a: Garchomp|11/100
|-damage|p1a: Tyranitar|63/100|[from] ability: Rough Skin|[of] p2a: Garchomp
|-damage|p1a: Tyranitar|47/100|[from] item: Rocky Helmet|[of] p2a: Garchomp
|move|p2a: Garchomp|Dragon Tail|p1a: Tyranitar
|-damage|p1a: Tyranitar|26/100
|drag|p1a: Zamazenta|Zamazenta|100/100
|-damage|p1a: Zamazenta|94/100|[from] Stealth Rock
|-damage|p1a: Zamazenta|82/100|[from] Spikes
|-ability|p1a: Zamazenta|Dauntless Shield|boost
|-boost|p1a: Zamazenta|def|1
|
|-weather|Sandstorm|[upkeep]
|-damage|p1a: Zamazenta|76/100|[from] Sandstorm
|-heal|p1a: Zamazenta|82/100|[from] item: Leftovers
|upkeep
|turn|20
|inactive|simplegent has 120 seconds left.
|
|t:|1760340682
|move|p1a: Zamazenta|Substitute|p1a: Zamazenta
|-start|p1a: Zamazenta|Substitute
|-damage|p1a: Zamazenta|57/100
|move|p2a: Garchomp|Dragon Tail|p1a: Zamazenta
|-activate|p1a: Zamazenta|move: Substitute|[damage]
|
|-weather|Sandstorm|[upkeep]
|-damage|p1a: Zamazenta|51/100|[from] Sandstorm
|-heal|p1a: Zamazenta|57/100|[from] item: Leftovers
|upkeep
|turn|21
|
|t:|1760340691
|move|p1a: Zamazenta|Iron Defense|p1a: Zamazenta
|-boost|p1a: Zamazenta|def|2
|move|p2a: Garchomp|Spikes|p1a: Zamazenta
|-sidestart|p1: jujuboy420|Spikes
|
|-weather|Sandstorm|[upkeep]
|-damage|p1a: Zamazenta|51/100|[from] Sandstorm
|-heal|p1a: Zamazenta|57/100|[from] item: Leftovers
|upkeep
|turn|22
|
|t:|1760340705
|switch|p2a: Clefable|Clefable, M|55/100 par
|move|p1a: Zamazenta|Iron Defense|p1a: Zamazenta
|-boost|p1a: Zamazenta|def|2
|
|-weather|none
|-heal|p1a: Zamazenta|63/100|[from] item: Leftovers
|-heal|p2a: Clefable|61/100 par|[from] item: Leftovers
|upkeep
|turn|23
|
|t:|1760340713
|move|p1a: Zamazenta|Body Press|p2a: Clefable
|-resisted|p2a: Clefable
|-damage|p2a: Clefable|1/100 par
|move|p2a: Clefable|Calm Mind|p2a: Clefable
|-boost|p2a: Clefable|spa|1
|-boost|p2a: Clefable|spd|1
|
|-heal|p1a: Zamazenta|69/100|[from] item: Leftovers
|-heal|p2a: Clefable|7/100 par|[from] item: Leftovers
|upkeep
|turn|24
|inactive|simplegent has 120 seconds left.
|
|t:|1760340723
|move|p2a: Clefable|Protect|p2a: Clefable
|-singleturn|p2a: Clefable|Protect
|move|p1a: Zamazenta|Body Press|p2a: Clefable
|-activate|p2a: Clefable|move: Protect
|
|-heal|p1a: Zamazenta|75/100|[from] item: Leftovers
|-heal|p2a: Clefable|13/100 par|[from] item: Leftovers
|upkeep
|turn|25
|
|t:|1760340743
|move|p1a: Zamazenta|Body Press|p2a: Clefable
|-resisted|p2a: Clefable
|-damage|p2a: Clefable|0 fnt
|faint|p2a: Clefable
|
|-heal|p1a: Zamazenta|82/100|[from] item: Leftovers
|upkeep
|inactive|simplegent has 120 seconds left.
|
|t:|1760340758
|switch|p2a: Garchomp|Garchomp, F|11/100
|turn|26
|
|t:|1760340776
|-terastallize|p2a: Garchomp|Ghost
|move|p1a: Zamazenta|Body Press|p2a: Garchomp
|-immune|p2a: Garchomp
|move|p2a: Garchomp|Earthquake|p1a: Zamazenta
|-activate|p1a: Zamazenta|move: Substitute|[damage]
|
|-heal|p1a: Zamazenta|88/100|[from] item: Leftovers
|upkeep
|turn|27
|
|t:|1760340784
|move|p1a: Zamazenta|Crunch|p2a: Garchomp
|-supereffective|p2a: Garchomp
|-damage|p2a: Garchomp|0 fnt
|-damage|p1a: Zamazenta|75/100|[from] ability: Rough Skin|[of] p2a: Garchomp
|-damage|p1a: Zamazenta|59/100|[from] item: Rocky Helmet|[of] p2a: Garchomp
|faint|p2a: Garchomp
|
|-heal|p1a: Zamazenta|65/100|[from] item: Leftovers
|upkeep
|
|t:|1760340793
|switch|p2a: Corviknight|Corviknight, F|100/100
|-ability|p2a: Corviknight|Pressure
|turn|28
|
|t:|1760340799
|move|p1a: Zamazenta|Body Press|p2a: Corviknight
|-damage|p2a: Corviknight|16/100
|-damage|p1a: Zamazenta|49/100|[from] item: Rocky Helmet|[of] p2a: Corviknight
|move|p2a: Corviknight|Brave Bird|p1a: Zamazenta
|-supereffective|p1a: Zamazenta
|-end|p1a: Zamazenta|Substitute
|-damage|p2a: Corviknight|14/100|[from] Recoil|[of] p1a: Zamazenta
|
|-heal|p1a: Zamazenta|55/100|[from] item: Leftovers
|upkeep
|turn|29
|
|t:|1760340810
|move|p1a: Zamazenta|Substitute|p1a: Zamazenta
|-start|p1a: Zamazenta|Substitute
|-damage|p1a: Zamazenta|30/100
|move|p2a: Corviknight|Brave Bird|p1a: Zamazenta
|-supereffective|p1a: Zamazenta
|-activate|p1a: Zamazenta|move: Substitute|[damage]
|-damage|p2a: Corviknight|10/100|[from] Recoil|[of] p1a: Zamazenta
|
|-heal|p1a: Zamazenta|36/100|[from] item: Leftovers
|upkeep
|turn|30
|
|t:|1760340825
|move|p1a: Zamazenta|Body Press|p2a: Corviknight
|-damage|p2a: Corviknight|0 fnt
|-damage|p1a: Zamazenta|20/100|[from] item: Rocky Helmet|[of] p2a: Corviknight
|faint|p2a: Corviknight
|
|-heal|p1a: Zamazenta|26/100|[from] item: Leftovers
|upkeep
|
|t:|1760340832
|switch|p2a: Dragonite|Dragonite, M|100/100
|turn|31
|
|t:|1760340846
|move|p1a: Zamazenta|Body Press|p2a: Dragonite
|-resisted|p2a: Dragonite
|-damage|p2a: Dragonite|63/100
|move|p2a: Dragonite|Dragon Dance|p2a: Dragonite
|-boost|p2a: Dragonite|atk|1
|-boost|p2a: Dragonite|spe|1
|
|-heal|p1a: Zamazenta|32/100|[from] item: Leftovers
|upkeep
|turn|32
|
|t:|1760340854
|move|p2a: Dragonite|Extreme Speed|p1a: Zamazenta
|-activate|p1a: Zamazenta|move: Substitute|[damage]
|move|p1a: Zamazenta|Body Press|p2a: Dragonite
|-resisted|p2a: Dragonite
|-damage|p2a: Dragonite|0 fnt
|faint|p2a: Dragonite
|
|-heal|p1a: Zamazenta|38/100|[from] item: Leftovers
|upkeep
|-message|simplegent forfeited.
|
|win|jujuboy420
|raw|jujuboy420's rating: 1150 &rarr; <strong>1173</strong><br />(+23 for winning)
|raw|simplegent's rating: 1117 &rarr; <strong>1094</strong><br />(-23 for losing)
|l|☆simplegent
|player|p2|
|l|☆jujuboy420
|player|p1|
