|j|☆sv ou goatastic
|j|☆sgCURRY3
|t:|1760415994
|gametype|singles
|player|p1|sv ou goatastic|steven|1408
|player|p2|sgCURRY3|cynthia|1432
|gen|9
|tier|[Gen 9] OU
|rated|
|rule|HP Percentage Mod: HP is shown in percentages
|rule|Endless Battle Clause: Forcing endless battles is banned
|rule|Species Clause: Limit one of each Pokémon
|rule|OHKO Clause: OHKO moves are banned
|rule|Evasion Items Clause: Evasion items are banned
|rule|Evasion Moves Clause: Evasion moves are banned
|rule|Evasion Abilities Clause: Evasion abilities are banned
|rule|Sleep Moves Clause: Sleep-inducing moves are banned
|clearpoke
|poke|p1|Tyranitar, F|
|poke|p1|Excadrill, F|
|poke|p1|Latios, M|
|poke|p1|Ogerpon-Wellspring, F|
|poke|p1|Gliscor, F|
|poke|p1|Gholdengo|
|poke|p2|Greninja-*, M|
|poke|p2|Dragapult, M|
|poke|p2|Glimmora, F|
|poke|p2|Corviknight, F|
|poke|p2|Great Tusk|
|poke|p2|Hoopa-Unbound|
|teampreview
|inactive|Battle timer is ON: inactive players will automatically lose when time's up. (requested by sv ou goatastic)
|
|t:|1760416026
|teamsize|p1|6
|teamsize|p2|6
|start
|switch|p1a: Tyranitar|Tyranitar, F|100/100
|switch|p2a: 开出钉子就赢|Glimmora, F|100/100
|-weather|Sandstorm|[from] ability: Sand Stream|[of] p1a: Tyranitar
|turn|1
|
|t:|1760416037
|move|p2a: 开出钉子就赢|Earth Power|p1a: Tyranitar
|-supereffective|p1a: Tyranitar
|-damage|p1a: Tyranitar|68/100
|move|p1a: Tyranitar|Thunder Wave|p2a: 开出钉子就赢
|-status|p2a: 开出钉子就赢|par
|
|-weather|Sandstorm|[upkeep]
|upkeep
|turn|2
|
|t:|1760416045
|move|p1a: Tyranitar|Stealth Rock|p2a: 开出钉子就赢
|-sidestart|p2: sgCURRY3|move: Stealth Rock
|move|p2a: 开出钉子就赢|Stealth Rock|p1a: Tyranitar
|-sidestart|p1: sv ou goatastic|move: Stealth Rock
|
|-weather|Sandstorm|[upkeep]
|upkeep
|turn|3
|
|t:|1760416055
|move|p1a: Tyranitar|Knock Off|p2a: 开出钉子就赢
|-damage|p2a: 开出钉子就赢|50/100 par
|-activate|p2a: 开出钉子就赢|ability: Toxic Debris
|-sidestart|p1: sv ou goatastic|move: Toxic Spikes
|-enditem|p2a: 开出钉子就赢|Focus Sash|[from] move: Knock Off|[of] p1a: Tyranitar
|cant|p2a: 开出钉子就赢|par
|
|-weather|Sandstorm|[upkeep]
|upkeep
|turn|4
|
|t:|1760416064
|switch|p1a: Excadrill|Excadrill, F|100/100
|-damage|p1a: Excadrill|97/100|[from] Stealth Rock
|-item|p1a: Excadrill|Air Balloon
|move|p2a: 开出钉子就赢|Mortal Spin|p1a: Excadrill
|-immune|p1a: Excadrill
|
|-weather|Sandstorm|[upkeep]
|upkeep
|turn|5
|
|t:|1760416074
|switch|p2a: 黄毛|Dragapult, M, shiny|100/100
|-damage|p2a: 黄毛|88/100|[from] Stealth Rock
|move|p1a: Excadrill|Rapid Spin|p2a: 黄毛
|-immune|p2a: 黄毛
|
|-weather|Sandstorm|[upkeep]
|-damage|p2a: 黄毛|82/100|[from] Sandstorm
|upkeep
|turn|6
|
|t:|1760416091
|move|p1a: Excadrill|Earthquake|p2a: 黄毛
|-damage|p2a: 黄毛|7/100
|move|p2a: 黄毛|Flamethrower|p1a: Excadrill
|-supereffective|p1a: Excadrill
|-damage|p1a: Excadrill|0 fnt
|-enditem|p1a: Excadrill|Air Balloon
|faint|p1a: Excadrill
|
|-weather|Sandstorm|[upkeep]
|-damage|p2a: 黄毛|1/100|[from] Sandstorm
|upkeep
|
|t:|1760416109
|switch|p1a: Gliscor|Gliscor, F|100/100
|-damage|p1a: Gliscor|88/100|[from] Stealth Rock
|turn|7
|
|t:|1760416116
|switch|p2a: 开出钉子就赢|Glimmora, F|50/100 par
|-damage|p2a: 开出钉子就赢|37/100 par|[from] Stealth Rock
|move|p1a: Gliscor|Protect||[still]
|-fail|p1a: Gliscor
|
|-weather|Sandstorm|[upkeep]
|-status|p1a: Gliscor|tox|[from] item: Toxic Orb
|upkeep
|turn|8
|
|t:|1760416127
|move|p1a: Gliscor|Earthquake|p2a: 开出钉子就赢
|-supereffective|p2a: 开出钉子就赢
|-damage|p2a: 开出钉子就赢|0 fnt
|-activate|p2a: 开出钉子就赢|ability: Toxic Debris
|-sidestart|p1: sv ou goatastic|move: Toxic Spikes
|faint|p2a: 开出钉子就赢
|
|-weather|none
|-heal|p1a: Gliscor|100/100 tox|[from] ability: Poison Heal
|upkeep
|
|t:|1760416131
|switch|p2a: 猛犸象|Great Tusk, shiny|100/100
|-damage|p2a: 猛犸象|98/100|[from] Stealth Rock
|turn|9
|
|t:|1760416144
|-terastallize|p1a: Gliscor|Water
|move|p2a: 猛犸象|Rapid Spin|p1a: Gliscor
|-damage|p1a: Gliscor|91/100 tox
|-boost|p2a: 猛犸象|spe|1
|-sideend|p2: sgCURRY3|Stealth Rock|[from] move: Rapid Spin|[of] p2a: 猛犸象
|move|p1a: Gliscor|Toxic|p2a: 猛犸象
|-status|p2a: 猛犸象|tox
|
|-damage|p2a: 猛犸象|91/100 tox|[from] psn
|-heal|p1a: Gliscor|100/100 tox|[from] ability: Poison Heal
|upkeep
|turn|10
|
|t:|1760416157
|-end|p2a: 猛犸象|Protosynthesis|[silent]
|switch|p2a: 盔甲鸟|Corviknight, F|100/100
|-ability|p2a: 盔甲鸟|Pressure
|move|p1a: Gliscor|Knock Off|p2a: 盔甲鸟
|-damage|p2a: 盔甲鸟|88/100
|-damage|p1a: Gliscor|84/100 tox|[from] item: Rocky Helmet|[of] p2a: 盔甲鸟
|-enditem|p2a: 盔甲鸟|Rocky Helmet|[from] move: Knock Off|[of] p1a: Gliscor
|
|-heal|p1a: Gliscor|96/100 tox|[from] ability: Poison Heal
|upkeep
|turn|11
|
|t:|1760416169
|switch|p1a: Gholdengo|Gholdengo|100/100
|-damage|p1a: Gholdengo|94/100|[from] Stealth Rock
|move|p2a: 盔甲鸟|Iron Defense|p2a: 盔甲鸟
|-boost|p2a: 盔甲鸟|def|2
|
|upkeep
|turn|12
|
|t:|1760416179
|move|p1a: Gholdengo|Trick|p2a: 盔甲鸟
|-activate|p1a: Gholdengo|move: Trick|[of] p2a: 盔甲鸟
|-item|p2a: 盔甲鸟|Choice Scarf|[from] move: Trick
|-enditem|p1a: Gholdengo|Choice Scarf|[silent]|[from] move: Trick
|move|p2a: 盔甲鸟|U-turn|p1a: Gholdengo
|-resisted|p1a: Gholdengo
|-damage|p1a: Gholdengo|90/100
|
|t:|1760416184
|switch|p2a: 狠人|Hoopa-Unbound|100/100|[from] U-turn
|
|upkeep
|turn|13
|
|t:|1760416194
|switch|p1a: Tyranitar|Tyranitar, F|68/100
|-damage|p1a: Tyranitar|56/100|[from] Stealth Rock
|-status|p1a: Tyranitar|tox
|-weather|Sandstorm|[from] ability: Sand Stream|[of] p1a: Tyranitar
|move|p2a: 狠人|Hyperspace Fury|p1a: Tyranitar
|-resisted|p1a: Tyranitar
|-damage|p1a: Tyranitar|18/100 tox
|-unboost|p2a: 狠人|def|1
|
|-weather|Sandstorm|[upkeep]
|-damage|p2a: 狠人|94/100|[from] Sandstorm
|-damage|p1a: Tyranitar|12/100 tox|[from] psn
|upkeep
|turn|14
|
|t:|1760416209
|switch|p2a: 盔甲鸟|Corviknight, F|88/100
|-ability|p2a: 盔甲鸟|Pressure
|move|p1a: Tyranitar|Knock Off|p2a: 盔甲鸟
|-damage|p2a: 盔甲鸟|59/100
|-enditem|p2a: 盔甲鸟|Choice Scarf|[from] move: Knock Off|[of] p1a: Tyranitar
|
|-weather|Sandstorm|[upkeep]
|-damage|p1a: Tyranitar|0 fnt|[from] psn
|faint|p1a: Tyranitar
|upkeep
|
|t:|1760416221
|switch|p1a: Gholdengo|Gholdengo|90/100
|-damage|p1a: Gholdengo|84/100|[from] Stealth Rock
|turn|15
|
|t:|1760416230
|move|p1a: Gholdengo|Shadow Ball|p2a: 盔甲鸟
|-damage|p2a: 盔甲鸟|14/100
|-unboost|p2a: 盔甲鸟|spd|1
|move|p2a: 盔甲鸟|Roost|p2a: 盔甲鸟
|-heal|p2a: 盔甲鸟|64/100
|-singleturn|p2a: 盔甲鸟|move: Roost
|
|-weather|Sandstorm|[upkeep]
|upkeep
|turn|16
|
|t:|1760416240
|switch|p2a: 狠人|Hoopa-Unbound|94/100
|move|p1a: Gholdengo|Shadow Ball|p2a: 狠人
|-crit|p2a: 狠人
|-damage|p2a: 狠人|38/100
|-unboost|p2a: 狠人|spd|1
|
|-weather|Sandstorm|[upkeep]
|-damage|p2a: 狠人|32/100|[from] Sandstorm
|upkeep
|turn|17
|
|t:|1760416252
|switch|p1a: Gliscor|Gliscor, F, tera:Water|96/100 tox
|-damage|p1a: Gliscor|84/100 tox|[from] Stealth Rock
|move|p2a: 狠人|Hyperspace Fury|p1a: Gliscor
|-damage|p1a: Gliscor|23/100 tox
|-unboost|p2a: 狠人|def|1
|
|-weather|Sandstorm|[upkeep]
|-damage|p1a: Gliscor|17/100 tox|[from] Sandstorm
|-damage|p2a: 狠人|26/100|[from] Sandstorm
|-heal|p1a: Gliscor|30/100 tox|[from] ability: Poison Heal
|upkeep
|turn|18
|
|t:|1760416265
|switch|p2a: sgcurry3版忍蛙|Greninja, M|100/100
|move|p1a: Gliscor|Earthquake|p2a: sgcurry3版忍蛙
|-damage|p2a: sgcurry3版忍蛙|49/100
|
|-weather|Sandstorm|[upkeep]
|-damage|p2a: sgcurry3版忍蛙|43/100|[from] Sandstorm
|-damage|p1a: Gliscor|23/100 tox|[from] Sandstorm
|-heal|p1a: Gliscor|36/100 tox|[from] ability: Poison Heal
|upkeep
|turn|19
|
|t:|1760416276
|move|p1a: Gliscor|Protect|p1a: Gliscor
|-singleturn|p1a: Gliscor|Protect
|move|p2a: sgcurry3版忍蛙|Dark Pulse|p1a: Gliscor
|-activate|p1a: Gliscor|move: Protect
|
|-weather|Sandstorm|[upkeep]
|-damage|p2a: sgcurry3版忍蛙|37/100|[from] Sandstorm
|-damage|p1a: Gliscor|30/100 tox|[from] Sandstorm
|-heal|p1a: Gliscor|42/100 tox|[from] ability: Poison Heal
|upkeep
|turn|20
|
|t:|1760416305
|move|p2a: sgcurry3版忍蛙|Dark Pulse|p1a: Gliscor
|-damage|p1a: Gliscor|0 fnt
|faint|p1a: Gliscor
|-ability|p2a: sgcurry3版忍蛙|Battle Bond|boost
|-boost|p2a: sgcurry3版忍蛙|atk|1
|-boost|p2a: sgcurry3版忍蛙|spa|1
|-boost|p2a: sgcurry3版忍蛙|spe|1
|-activate|p2a: sgcurry3版忍蛙|ability: Battle Bond
|-damage|p2a: sgcurry3版忍蛙|27/100|[from] item: Life Orb
|
|-weather|none
|upkeep
|inactive|sv ou goatastic has 120 seconds left.
|
|t:|1760416315
|switch|p1a: Ogerpon|Ogerpon-Wellspring, F|100/100
|-damage|p1a: Ogerpon|88/100|[from] Stealth Rock
|-status|p1a: Ogerpon|tox
|turn|21
|
|t:|1760416325
|move|p2a: sgcurry3版忍蛙|Dark Pulse|p1a: Ogerpon
|-damage|p1a: Ogerpon|9/100 tox
|-damage|p2a: sgcurry3版忍蛙|18/100|[from] item: Life Orb
|move|p1a: Ogerpon|Horn Leech|p2a: sgcurry3版忍蛙
|-supereffective|p2a: sgcurry3版忍蛙
|-damage|p2a: sgcurry3版忍蛙|0 fnt
|-heal|p1a: Ogerpon|17/100 tox|[from] drain|[of] p2a: sgcurry3版忍蛙
|faint|p2a: sgcurry3版忍蛙
|
|-damage|p1a: Ogerpon|11/100 tox|[from] psn
|upkeep
|
|t:|1760416330
|switch|p2a: 黄毛|Dragapult, M, shiny|1/100
|turn|22
|
|t:|1760416340
|move|p2a: 黄毛|Shadow Ball|p1a: Ogerpon
|-damage|p1a: Ogerpon|0 fnt
|faint|p1a: Ogerpon
|
|upkeep
|
|t:|1760416345
|switch|p1a: Latios|Latios, M|100/100
|-damage|p1a: Latios|88/100|[from] Stealth Rock
|turn|23
|
|t:|1760416355
|switch|p2a: 盔甲鸟|Corviknight, F|64/100
|-ability|p2a: 盔甲鸟|Pressure
|move|p1a: Latios|Flip Turn|p2a: 盔甲鸟
|-damage|p2a: 盔甲鸟|57/100
|
|t:|1760416361
|switch|p1a: Gholdengo|Gholdengo|84/100|[from] Flip Turn
|-damage|p1a: Gholdengo|78/100|[from] Stealth Rock
|
|upkeep
|turn|24
|
|t:|1760416370
|move|p1a: Gholdengo|Shadow Ball|p2a: 盔甲鸟
|-damage|p2a: 盔甲鸟|14/100
|move|p2a: 盔甲鸟|Roost|p2a: 盔甲鸟
|-heal|p2a: 盔甲鸟|64/100
|-singleturn|p2a: 盔甲鸟|move: Roost
|
|upkeep
|turn|25
|
|t:|1760416378
|switch|p2a: 黄毛|Dragapult, M, shiny|1/100
|move|p1a: Gholdengo|Shadow Ball|p2a: 黄毛
|-supereffective|p2a: 黄毛
|-damage|p2a: 黄毛|0 fnt
|faint|p2a: 黄毛
|
|upkeep
|
|t:|1760416381
|switch|p2a: 猛犸象|Great Tusk, shiny|91/100 tox
|turn|26
|
|t:|1760416390
|move|p2a: 猛犸象|Close Combat|p1a: Gholdengo
|-immune|p1a: Gholdengo
|move|p1a: Gholdengo|Make It Rain|p2a: 猛犸象
|-damage|p2a: 猛犸象|22/100 tox
|-unboost|p1a: Gholdengo|spa|1
|
|-damage|p2a: 猛犸象|16/100 tox|[from] psn
|upkeep
|turn|27
|
|t:|1760416401
|switch|p1a: Latios|Latios, M|88/100
|-damage|p1a: Latios|76/100|[from] Stealth Rock
|move|p2a: 猛犸象|Headlong Rush|p1a: Latios
|-immune|p1a: Latios|[from] ability: Levitate
|
|-damage|p2a: 猛犸象|4/100 tox|[from] psn
|upkeep
|turn|28
|
|t:|1760416413
|-end|p2a: 猛犸象|Protosynthesis|[silent]
|switch|p2a: 盔甲鸟|Corviknight, F|64/100
|-ability|p2a: 盔甲鸟|Pressure
|move|p1a: Latios|Flip Turn|p2a: 盔甲鸟
|-damage|p2a: 盔甲鸟|57/100
|
|t:|1760416419
|switch|p1a: Gholdengo|Gholdengo|78/100|[from] Flip Turn
|-damage|p1a: Gholdengo|72/100|[from] Stealth Rock
|
|upkeep
|turn|29
|
|t:|1760416425
|move|p1a: Gholdengo|Shadow Ball|p2a: 盔甲鸟
|-damage|p2a: 盔甲鸟|14/100
|move|p2a: 盔甲鸟|U-turn|p1a: Gholdengo
|-resisted|p1a: Gholdengo
|-damage|p1a: Gholdengo|69/100
|
|t:|1760416430
|switch|p2a: 猛犸象|Great Tusk, shiny|4/100 tox|[from] U-turn
|
|-damage|p2a: 猛犸象|0 fnt|[from] psn
|faint|p2a: 猛犸象
|-end|p2a: 猛犸象|Protosynthesis|[silent]
|upkeep
|
|t:|1760416433
|switch|p2a: 狠人|Hoopa-Unbound|26/100
|turn|30
|
|t:|1760416440
|move|p1a: Gholdengo|Shadow Ball|p2a: 狠人
|-damage|p2a: 狠人|0 fnt
|faint|p2a: 狠人
|
|upkeep
|c|☆sv ou goatastic|Gg
|-message|sgCURRY3 forfeited.
|
|win|sv ou goatastic
|raw|sv ou goatastic's rating: 1408 &rarr; <strong>1429</strong><br />(+21 for winning)
|raw|sgCURRY3's rating: 1432 &rarr; <strong>1411</strong><br />(-21 for losing)
|l|☆sgCURRY3
|player|p2|
|l|☆sv ou goatastic
|player|p1|
