|inactive|Battle timer is ON: inactive players will automatically lose when time's up.
|t:|1760308279
|gametype|singles
|player|p1|clean|#scl5machines2|
|player|p2|hellom|#scl5islanders2|
|gen|9
|tier|[Gen 9] OU
|rule|HP Percentage Mod: HP is shown in percentages
|rule|Endless Battle Clause: Forcing endless battles is banned
|rule|Species Clause: Limit one of each Pokémon
|rule|OHKO Clause: OHKO moves are banned
|rule|Evasion Items Clause: Evasion items are banned
|rule|Evasion Moves Clause: Evasion moves are banned
|rule|Evasion Abilities Clause: Evasion abilities are banned
|rule|Sleep Moves Clause: Sleep-inducing moves are banned
|clearpoke
|poke|p1|Zamazenta-*|
|poke|p1|Ninetales-Alola, F|
|poke|p1|Darkrai|
|poke|p1|Ceruledge, F|
|poke|p1|Kyurem|
|poke|p1|Hatterene, F|
|poke|p2|Zamazenta-*|
|poke|p2|Moltres|
|poke|p2|Kyurem|
|poke|p2|Iron Treads|
|poke|p2|Pecharunt|
|poke|p2|Darkrai|
|teampreview
|inactive|clean also wants the timer to be on.
|c|☆hellom|hf
|c|☆clean|u2
|inactive|clean has 270 seconds left.
|inactive|hellom has 270 seconds left.
|inactive|clean has 240 seconds left.
|inactive|hellom has 240 seconds left.
|inactive|clean has 210 seconds left.
|inactive|hellom has 210 seconds left.
|
|t:|1760308373
|teamsize|p1|6
|teamsize|p2|6
|start
|switch|p1a: Sunday Morning|Ninetales-Alola, F|100/100
|switch|p2a: Darkrai|Darkrai|100/100
|-weather|Snowscape|[from] ability: Snow Warning|[of] p1a: Sunday Morning
|turn|1
|inactive|clean has 270 seconds left.
|inactive|hellom has 270 seconds left.
|inactive|clean has 240 seconds left.
|inactive|hellom has 240 seconds left.
|
|t:|1760308419
|move|p2a: Darkrai|Sludge Bomb|p1a: Sunday Morning
|-supereffective|p1a: Sunday Morning
|-damage|p1a: Sunday Morning|3/100
|-status|p1a: Sunday Morning|psn
|move|p1a: Sunday Morning|Aurora Veil|p1a: Sunday Morning
|-sidestart|p1: clean|move: Aurora Veil
|
|-weather|Snowscape|[upkeep]
|-damage|p1a: Sunday Morning|0 fnt|[from] psn
|faint|p1a: Sunday Morning
|upkeep
|inactive|clean has 210 seconds left.
|
|t:|1760308459
|switch|p1a: The Sun|Ceruledge, F|100/100
|turn|2
|
|t:|1760308465
|switch|p2a: Kyurem|Kyurem|100/100
|-ability|p2a: Kyurem|Pressure
|move|p1a: The Sun|Swords Dance|p1a: The Sun
|-boost|p1a: The Sun|atk|2
|
|-weather|Snowscape|[upkeep]
|upkeep
|turn|3
|
|t:|1760308477
|move|p1a: The Sun|Bitter Blade|p2a: Kyurem
|-damage|p2a: Kyurem|17/100
|-damage|p1a: The Sun|91/100|[from] item: Life Orb
|move|p2a: Kyurem|Dragon Tail|p1a: The Sun
|-damage|p1a: The Sun|74/100
|-ability|p1a: The Sun|Weak Armor|boost
|-unboost|p1a: The Sun|def|1
|-boost|p1a: The Sun|spe|2
|drag|p1a: Secret|Kyurem|100/100
|-ability|p1a: Secret|Pressure
|
|-weather|Snowscape|[upkeep]
|upkeep
|turn|4
|
|t:|1760308491
|move|p1a: Secret|Icicle Spear|p2a: Kyurem
|-damage|p2a: Kyurem|7/100
|-damage|p2a: Kyurem|0 fnt
|faint|p2a: Kyurem
|-hitcount|p2: Kyurem|2
|
|-weather|Snowscape|[upkeep]
|upkeep
|inactive|hellom has 240 seconds left.
|inactive|hellom has 210 seconds left.
|
|t:|1760308558
|switch|p2a: Darkrai|Darkrai|100/100
|turn|5
|inactive|clean has 210 seconds left.
|inactive|clean has 180 seconds left.
|
|t:|1760308641
|switch|p1a: Shiver|Zamazenta|100/100
|-ability|p1a: Shiver|Dauntless Shield|boost
|-boost|p1a: Shiver|def|1
|move|p2a: Darkrai|Trick|p1a: Shiver
|-activate|p2a: Darkrai|move: Trick|[of] p1a: Shiver
|-item|p1a: Shiver|Choice Specs|[from] move: Trick
|-item|p2a: Darkrai|Leftovers|[from] move: Trick
|
|-weather|none
|upkeep
|turn|6
|
|t:|1760308652
|switch|p1a: Harder To Breathe|Darkrai|100/100
|move|p2a: Darkrai|Dark Pulse|p1a: Harder To Breathe
|-resisted|p1a: Harder To Breathe
|-damage|p1a: Harder To Breathe|87/100
|
|-heal|p1a: Harder To Breathe|93/100|[from] item: Leftovers
|upkeep
|turn|7
|
|t:|1760308657
|move|p1a: Harder To Breathe|Nasty Plot|p1a: Harder To Breathe
|-boost|p1a: Harder To Breathe|spa|2
|move|p2a: Darkrai|Focus Blast|p1a: Harder To Breathe
|-supereffective|p1a: Harder To Breathe
|-damage|p1a: Harder To Breathe|33/100
|
|-heal|p1a: Harder To Breathe|39/100|[from] item: Leftovers
|upkeep
|turn|8
|inactive|clean has 150 seconds left.
|rated|Smogon Champions League
|inactive|clean has 120 seconds left.
|inactive|hellom has 210 seconds left.
|
|t:|1760308721
|move|p1a: Harder To Breathe|Focus Blast|p2a: Darkrai
|-supereffective|p2a: Darkrai
|-damage|p2a: Darkrai|0 fnt
|faint|p2a: Darkrai
|
|-heal|p1a: Harder To Breathe|45/100|[from] item: Leftovers
|-sideend|p1: clean|move: Aurora Veil
|upkeep
|
|t:|1760308738
|switch|p2a: Zamazenta|Zamazenta|100/100
|-ability|p2a: Zamazenta|Dauntless Shield|boost
|-boost|p2a: Zamazenta|def|1
|turn|9
|inactive|clean has 120 seconds left.
|inactive|hellom has 180 seconds left.
|inactive|clean has 90 seconds left.
|
|t:|1760308790
|switch|p1a: This Love|Hatterene, F|100/100
|move|p2a: Zamazenta|Body Press|p1a: This Love
|-resisted|p1a: This Love
|-damage|p1a: This Love|90/100
|
|-heal|p1a: This Love|96/100|[from] item: Leftovers
|upkeep
|turn|10
|
|t:|1760308800
|switch|p2a: Pecharunt|Pecharunt|100/100
|move|p1a: This Love|Draining Kiss|p2a: Pecharunt
|-resisted|p2a: Pecharunt
|-damage|p2a: Pecharunt|88/100
|-heal|p1a: This Love|100/100|[from] drain|[of] p2a: Pecharunt
|
|upkeep
|turn|11
|inactive|clean has 90 seconds left.
|
|t:|1760308830
|switch|p1a: Shiver|Zamazenta|100/100
|move|p2a: Pecharunt|Malignant Chain|p1a: Shiver
|-damage|p1a: Shiver|67/100
|
|upkeep
|turn|12
|
|t:|1760308836
|move|p1a: Shiver|Crunch|p2a: Pecharunt
|-supereffective|p2a: Pecharunt
|-damage|p2a: Pecharunt|56/100
|move|p2a: Pecharunt|Recover|p2a: Pecharunt
|-heal|p2a: Pecharunt|100/100
|
|upkeep
|turn|13
|
|t:|1760308840
|move|p1a: Shiver|Crunch|p2a: Pecharunt
|-supereffective|p2a: Pecharunt
|-damage|p2a: Pecharunt|69/100
|move|p2a: Pecharunt|Malignant Chain|p1a: Shiver
|-damage|p1a: Shiver|37/100
|-status|p1a: Shiver|tox
|-start|p1a: Shiver|confusion|[from] ability: Poison Puppeteer|[of] p2a: Pecharunt
|
|-damage|p1a: Shiver|31/100 tox|[from] psn
|upkeep
|turn|14
|inactive|clean has 90 seconds left.
|
|t:|1760308867
|switch|p1a: Harder To Breathe|Darkrai|45/100
|move|p2a: Pecharunt|Recover|p2a: Pecharunt
|-heal|p2a: Pecharunt|100/100
|
|-heal|p1a: Harder To Breathe|51/100|[from] item: Leftovers
|upkeep
|turn|15
|inactive|clean has 90 seconds left.
|
|t:|1760308882
|switch|p2a: Zamazenta|Zamazenta|100/100
|move|p1a: Harder To Breathe|Dark Pulse|p2a: Zamazenta
|-resisted|p2a: Zamazenta
|-damage|p2a: Zamazenta|82/100
|
|-heal|p2a: Zamazenta|88/100|[from] item: Leftovers
|-heal|p1a: Harder To Breathe|57/100|[from] item: Leftovers
|upkeep
|turn|16
|
|t:|1760308890
|switch|p1a: This Love|Hatterene, F|100/100
|move|p2a: Zamazenta|Iron Defense|p2a: Zamazenta
|-boost|p2a: Zamazenta|def|2
|
|-heal|p2a: Zamazenta|94/100|[from] item: Leftovers
|upkeep
|turn|17
|
|t:|1760308900
|switch|p2a: Pecharunt|Pecharunt|100/100
|switch|p1a: Shiver|Zamazenta|31/100 tox
|
|-damage|p1a: Shiver|25/100 tox|[from] psn
|upkeep
|turn|18
|
|t:|1760308904
|move|p1a: Shiver|Crunch|p2a: Pecharunt
|-supereffective|p2a: Pecharunt
|-damage|p2a: Pecharunt|71/100
|move|p2a: Pecharunt|Nasty Plot|p2a: Pecharunt
|-boost|p2a: Pecharunt|spa|2
|
|-damage|p1a: Shiver|13/100 tox|[from] psn
|upkeep
|turn|19
|
|t:|1760308907
|move|p1a: Shiver|Crunch|p2a: Pecharunt
|-supereffective|p2a: Pecharunt
|-damage|p2a: Pecharunt|39/100
|move|p2a: Pecharunt|Recover|p2a: Pecharunt
|-heal|p2a: Pecharunt|89/100
|
|-damage|p1a: Shiver|0 fnt|[from] psn
|faint|p1a: Shiver
|upkeep
|inactive|clean has 120 seconds left.
|inactive|clean has 90 seconds left.
|
|t:|1760308944
|switch|p1a: Harder To Breathe|Darkrai|57/100
|turn|20
|inactive|hellom has 240 seconds left.
|inactive|hellom has 210 seconds left.
|
|t:|1760309010
|-terastallize|p2a: Pecharunt|Water
|move|p1a: Harder To Breathe|Dark Pulse|p2a: Pecharunt
|-damage|p2a: Pecharunt|46/100
|move|p2a: Pecharunt|Malignant Chain|p1a: Harder To Breathe
|-damage|p1a: Harder To Breathe|0 fnt
|faint|p1a: Harder To Breathe
|
|upkeep
|inactive|clean has 90 seconds left.
|
|t:|1760309036
|switch|p1a: Secret|Kyurem|100/100
|-ability|p1a: Secret|Pressure
|turn|21
|inactive|hellom has 180 seconds left.
|
|t:|1760309064
|switch|p2a: Iron Treads|Iron Treads|100/100
|-item|p2a: Iron Treads|Air Balloon
|-terastallize|p1a: Secret|Electric
|move|p1a: Secret|Tera Blast|p2a: Iron Treads|[anim] Tera Blast Electric
|-immune|p2a: Iron Treads
|
|upkeep
|turn|22
|inactive|clean has 60 seconds left.
|
|t:|1760309103
|switch|p1a: This Love|Hatterene, F|100/100
|move|p2a: Iron Treads|Earthquake|p1a: This Love
|-damage|p1a: This Love|67/100
|
|-heal|p1a: This Love|73/100|[from] item: Leftovers
|upkeep
|turn|23
|inactive|hellom has 180 seconds left.
|inactive|hellom has 150 seconds left.
|
|t:|1760309168
|move|p2a: Iron Treads|Earthquake|p1a: This Love
|-damage|p1a: This Love|37/100
|move|p1a: This Love|Mystical Fire|p2a: Iron Treads
|-supereffective|p2a: Iron Treads
|-damage|p2a: Iron Treads|48/100
|-unboost|p2a: Iron Treads|spa|1
|-enditem|p2a: Iron Treads|Air Balloon
|
|-heal|p1a: This Love|43/100|[from] item: Leftovers
|upkeep
|turn|24
|inactive|clean has 60 seconds left.
|inactive|clean has 30 seconds left.
|inactive|clean has 20 seconds left.
|inactive|clean has 15 seconds left.
|
|t:|1760309219
|switch|p1a: The Sun|Ceruledge, F|74/100
|move|p2a: Iron Treads|Earthquake|p1a: The Sun
|-supereffective|p1a: The Sun
|-damage|p1a: The Sun|0 fnt
|faint|p1a: The Sun
|
|upkeep
|inactive|clean has 20 seconds left this turn.
|
|t:|1760309221
|switch|p1a: Secret|Kyurem, tera:Electric|100/100
|-ability|p1a: Secret|Pressure
|turn|25
|inactive|clean has 30 seconds left this turn.
|inactive|hellom has 120 seconds left.
|
|t:|1760309244
|move|p2a: Iron Treads|Earthquake|p1a: Secret
|-supereffective|p1a: Secret
|-damage|p1a: Secret|19/100
|move|p1a: Secret|Dragon Dance|p1a: Secret
|-boost|p1a: Secret|atk|1
|-boost|p1a: Secret|spe|1
|
|upkeep
|turn|26
|
|t:|1760309250
|move|p1a: Secret|Icicle Spear|p2a: Iron Treads
|-damage|p2a: Iron Treads|27/100
|-damage|p2a: Iron Treads|8/100
|-damage|p2a: Iron Treads|0 fnt
|faint|p2a: Iron Treads
|-end|p2a: Iron Treads|Quark Drive|[silent]
|-hitcount|p2: Iron Treads|3
|
|upkeep
|
|t:|1760309263
|switch|p2a: Zamazenta|Zamazenta|94/100
|turn|27
|
|t:|1760309268
|move|p1a: Secret|Icicle Spear|p2a: Zamazenta
|-damage|p2a: Zamazenta|79/100
|-damage|p2a: Zamazenta|62/100
|-damage|p2a: Zamazenta|46/100
|-damage|p2a: Zamazenta|28/100
|-damage|p2a: Zamazenta|11/100
|-hitcount|p2a: Zamazenta|5
|move|p2a: Zamazenta|Body Press|p1a: Secret
|-damage|p1a: Secret|0 fnt
|faint|p1a: Secret
|
|-heal|p2a: Zamazenta|17/100|[from] item: Leftovers
|upkeep
|
|t:|1760309277
|switch|p1a: This Love|Hatterene, F|43/100
|turn|28
|inactive|clean has 30 seconds left.
|
|t:|1760309317
|switch|p2a: Pecharunt|Pecharunt, tera:Water|46/100
|move|p1a: This Love|Calm Mind|p1a: This Love
|-boost|p1a: This Love|spa|1
|-boost|p1a: This Love|spd|1
|
|-heal|p1a: This Love|49/100|[from] item: Leftovers
|upkeep
|turn|29
|inactive|clean has 30 seconds left.
|
|t:|1760309322
|move|p2a: Pecharunt|Malignant Chain|p1a: This Love
|-supereffective|p1a: This Love
|-damage|p1a: This Love|0 fnt
|faint|p1a: This Love
|
|win|hellom
|c|☆clean|gg
|c|☆hellom|gg
