|j|☆Doomingo
|j|☆lobotomiagames
|t:|1760388626
|gametype|singles
|player|p1|Doomingo|1|1360
|player|p2|lobotomiagames|harlequin|1362
|gen|9
|tier|[Gen 9] OU
|rated|
|rule|HP Percentage Mod: HP is shown in percentages
|rule|Endless Battle Clause: Forcing endless battles is banned
|rule|Species Clause: Limit one of each Pokémon
|rule|OHKO Clause: OHKO moves are banned
|rule|Evasion Items Clause: Evasion items are banned
|rule|Evasion Moves Clause: Evasion moves are banned
|rule|Evasion Abilities Clause: Evasion abilities are banned
|rule|Sleep Moves Clause: Sleep-inducing moves are banned
|clearpoke
|poke|p1|Tyranitar, F|
|poke|p1|Sinistcha|
|poke|p1|Comfey, F|
|poke|p1|Bellibolt, F|
|poke|p1|Mamoswine, F|
|poke|p1|Scizor, F|
|poke|p2|Arcanine-Hisui, M|
|poke|p2|Gliscor, M|
|poke|p2|Hatterene, F|
|poke|p2|Zapdos|
|poke|p2|Pecharunt|
|poke|p2|Samurott-Hisui, M|
|teampreview
|inactive|Battle timer is ON: inactive players will automatically lose when time's up. (requested by lobotomiagames)
|
|t:|1760388638
|teamsize|p1|6
|teamsize|p2|6
|start
|switch|p1a: Mr. Big|Tyranitar, F|100/100
|switch|p2a: Pecharunt|Pecharunt|100/100
|-weather|Sandstorm|[from] ability: Sand Stream|[of] p1a: Mr. Big
|turn|1
|
|t:|1760388642
|move|p2a: Pecharunt|Malignant Chain|p1a: Mr. Big
|-resisted|p1a: Mr. Big
|-damage|p1a: Mr. Big|95/100
|move|p1a: Mr. Big|Knock Off|p2a: Pecharunt
|-supereffective|p2a: Pecharunt
|-damage|p2a: Pecharunt|51/100
|-enditem|p2a: Pecharunt|Heavy-Duty Boots|[from] move: Knock Off|[of] p1a: Mr. Big
|
|-weather|Sandstorm|[upkeep]
|-damage|p2a: Pecharunt|45/100|[from] Sandstorm
|upkeep
|turn|2
|
|t:|1760388648
|move|p2a: Pecharunt|Recover|p2a: Pecharunt
|-heal|p2a: Pecharunt|95/100
|move|p1a: Mr. Big|Ancient Power|p2a: Pecharunt
|-damage|p2a: Pecharunt|68/100
|
|-weather|Sandstorm|[upkeep]
|-damage|p2a: Pecharunt|62/100|[from] Sandstorm
|upkeep
|turn|3
|
|t:|1760388653
|move|p2a: Pecharunt|Malignant Chain|p1a: Mr. Big
|-resisted|p1a: Mr. Big
|-damage|p1a: Mr. Big|89/100
|-status|p1a: Mr. Big|tox
|-start|p1a: Mr. Big|confusion|[from] ability: Poison Puppeteer|[of] p2a: Pecharunt
|-activate|p1a: Mr. Big|confusion
|move|p1a: Mr. Big|Ice Beam|p2a: Pecharunt
|-damage|p2a: Pecharunt|35/100
|
|-weather|Sandstorm|[upkeep]
|-damage|p2a: Pecharunt|29/100|[from] Sandstorm
|-damage|p1a: Mr. Big|82/100 tox|[from] psn
|upkeep
|turn|4
|
|t:|1760388658
|move|p2a: Pecharunt|Recover|p2a: Pecharunt
|-heal|p2a: Pecharunt|79/100
|-activate|p1a: Mr. Big|confusion
|move|p1a: Mr. Big|Ancient Power|p2a: Pecharunt
|-damage|p2a: Pecharunt|55/100
|
|-weather|Sandstorm|[upkeep]
|-damage|p2a: Pecharunt|49/100|[from] Sandstorm
|-damage|p1a: Mr. Big|70/100 tox|[from] psn
|upkeep
|turn|5
|
|t:|1760388661
|move|p2a: Pecharunt|Parting Shot|p1a: Mr. Big
|-unboost|p1a: Mr. Big|atk|1
|-unboost|p1a: Mr. Big|spa|1
|
|t:|1760388663
|switch|p2a: Gliscor|Gliscor, M, shiny|100/100|[from] Parting Shot
|-end|p1a: Mr. Big|confusion
|move|p1a: Mr. Big|Ancient Power|p2a: Gliscor
|-crit|p2a: Gliscor
|-damage|p2a: Gliscor|58/100
|
|-weather|none
|-damage|p1a: Mr. Big|51/100 tox|[from] psn
|-status|p2a: Gliscor|tox|[from] item: Toxic Orb
|upkeep
|turn|6
|
|t:|1760388665
|move|p2a: Gliscor|Protect|p2a: Gliscor
|-singleturn|p2a: Gliscor|Protect
|move|p1a: Mr. Big|Ice Beam|p2a: Gliscor
|-activate|p2a: Gliscor|move: Protect
|
|-heal|p2a: Gliscor|71/100 tox|[from] ability: Poison Heal
|-damage|p1a: Mr. Big|27/100 tox|[from] psn
|upkeep
|turn|7
|
|t:|1760388668
|move|p2a: Gliscor|Stealth Rock|p1a: Mr. Big
|-sidestart|p1: Doomingo|move: Stealth Rock
|move|p1a: Mr. Big|Ice Beam|p2a: Gliscor
|-supereffective|p2a: Gliscor
|-damage|p2a: Gliscor|0 fnt
|faint|p2a: Gliscor
|
|-damage|p1a: Mr. Big|0 fnt|[from] psn
|faint|p1a: Mr. Big
|upkeep
|
|t:|1760388678
|switch|p2a: Arcanine|Arcanine-Hisui, M|100/100
|switch|p1a: Buzz|Scizor, F|100/100
|-damage|p1a: Buzz|88/100|[from] Stealth Rock
|turn|8
|
|t:|1760388688
|move|p1a: Buzz|Bullet Punch|p2a: Arcanine
|-damage|p2a: Arcanine|65/100
|move|p2a: Arcanine|Flare Blitz|p1a: Buzz
|-supereffective|p1a: Buzz
|-damage|p1a: Buzz|0 fnt
|faint|p1a: Buzz
|
|upkeep
|
|t:|1760388707
|switch|p1a: Charla|Sinistcha|100/100
|-damage|p1a: Charla|88/100|[from] Stealth Rock
|turn|9
|
|t:|1760388710
|move|p2a: Arcanine|Flare Blitz|p1a: Charla
|-supereffective|p1a: Charla
|-damage|p1a: Charla|32/100
|move|p1a: Charla|Strength Sap|p2a: Arcanine
|-unboost|p2a: Arcanine|atk|1
|-heal|p1a: Charla|100/100
|
|upkeep
|turn|10
|
|t:|1760388721
|switch|p2a: Hatterene|Hatterene, F|100/100
|move|p1a: Charla|Shadow Ball|p2a: Hatterene
|-supereffective|p2a: Hatterene
|-damage|p2a: Hatterene|50/100
|
|upkeep
|turn|11
|
|t:|1760388724
|move|p1a: Charla|Shadow Ball|p2a: Hatterene
|-supereffective|p2a: Hatterene
|-damage|p2a: Hatterene|0 fnt
|faint|p2a: Hatterene
|
|upkeep
|
|t:|1760388736
|switch|p2a: Pecharunt|Pecharunt|49/100
|turn|12
|
|t:|1760388738
|-terastallize|p2a: Pecharunt|Dark
|move|p2a: Pecharunt|Recover|p2a: Pecharunt
|-heal|p2a: Pecharunt|99/100
|move|p1a: Charla|Shadow Ball|p2a: Pecharunt
|-resisted|p2a: Pecharunt
|-damage|p2a: Pecharunt|76/100
|
|upkeep
|turn|13
|
|t:|1760388745
|switch|p1a: Glut|Bellibolt, F|100/100
|-damage|p1a: Glut|88/100|[from] Stealth Rock
|move|p2a: Pecharunt|Malignant Chain|p1a: Glut
|-damage|p1a: Glut|62/100
|-start|p1a: Glut|Charge|Malignant Chain|[from] ability: Electromorphosis
|
|upkeep
|turn|14
|
|t:|1760388748
|move|p2a: Pecharunt|Malignant Chain|p1a: Glut
|-damage|p1a: Glut|34/100
|-start|p1a: Glut|Charge|Malignant Chain|[from] ability: Electromorphosis
|move|p1a: Glut|Toxic|p2a: Pecharunt
|-status|p2a: Pecharunt|tox
|
|-damage|p2a: Pecharunt|70/100 tox|[from] psn
|upkeep
|turn|15
|
|t:|1760388760
|move|p2a: Pecharunt|Malignant Chain|p1a: Glut
|-damage|p1a: Glut|4/100
|-status|p1a: Glut|tox
|-start|p1a: Glut|confusion|[from] ability: Poison Puppeteer|[of] p2a: Pecharunt
|-start|p1a: Glut|Charge|Malignant Chain|[from] ability: Electromorphosis
|-activate|p1a: Glut|confusion
|move|p1a: Glut|Parabolic Charge|p2a: Pecharunt
|-damage|p2a: Pecharunt|6/100 tox
|-heal|p1a: Glut|35/100 tox|[from] drain|[of] p2a: Pecharunt
|-end|p1a: Glut|Charge|[silent]
|
|-damage|p2a: Pecharunt|0 fnt|[from] psn
|faint|p2a: Pecharunt
|-damage|p1a: Glut|28/100 tox|[from] psn
|upkeep
|
|t:|1760388766
|switch|p2a: Samurott|Samurott-Hisui, M, shiny|100/100
|turn|16
|
|t:|1760388769
|move|p2a: Samurott|Ceaseless Edge|p1a: Glut
|-damage|p1a: Glut|0 fnt
|-sidestart|p1: Doomingo|Spikes
|faint|p1a: Glut
|
|upkeep
|
|t:|1760388776
|switch|p1a: Ring A Round|Comfey, F|100/100
|-damage|p1a: Ring A Round|88/100|[from] Stealth Rock
|-damage|p1a: Ring A Round|76/100|[from] Spikes
|turn|17
|
|t:|1760388781
|switch|p2a: Arcanine|Arcanine-Hisui, M|65/100
|move|p1a: Ring A Round|Calm Mind|p1a: Ring A Round
|-boost|p1a: Ring A Round|spa|1
|-boost|p1a: Ring A Round|spd|1
|
|upkeep
|turn|18
|
|t:|1760388792
|move|p1a: Ring A Round|Draining Kiss|p2a: Arcanine
|-resisted|p2a: Arcanine
|-damage|p2a: Arcanine|46/100
|-heal|p1a: Ring A Round|91/100|[from] drain|[of] p2a: Arcanine
|move|p2a: Arcanine|Flare Blitz|p1a: Ring A Round
|-damage|p1a: Ring A Round|15/100
|-enditem|p1a: Ring A Round|Kee Berry|[eat]
|-boost|p1a: Ring A Round|def|1|[from] item: Kee Berry
|
|upkeep
|turn|19
|
|t:|1760388800
|move|p1a: Ring A Round|Synthesis|p1a: Ring A Round
|-heal|p1a: Ring A Round|65/100
|move|p2a: Arcanine|Flare Blitz|p1a: Ring A Round
|-damage|p1a: Ring A Round|11/100
|
|upkeep
|turn|20
|
|t:|1760388809
|move|p1a: Ring A Round|Synthesis|p1a: Ring A Round
|-heal|p1a: Ring A Round|61/100
|move|p2a: Arcanine|Flare Blitz|p1a: Ring A Round
|-damage|p1a: Ring A Round|7/100
|
|upkeep
|turn|21
|
|t:|1760388814
|move|p1a: Ring A Round|Draining Kiss|p2a: Arcanine
|-resisted|p2a: Arcanine
|-damage|p2a: Arcanine|26/100
|-heal|p1a: Ring A Round|23/100|[from] drain|[of] p2a: Arcanine
|move|p2a: Arcanine|Flare Blitz|p1a: Ring A Round
|-damage|p1a: Ring A Round|0 fnt
|faint|p1a: Ring A Round
|
|upkeep
|
|t:|1760388823
|switch|p1a: Charla|Sinistcha|100/100
|-damage|p1a: Charla|88/100|[from] Stealth Rock
|-damage|p1a: Charla|76/100|[from] Spikes
|turn|22
|
|t:|1760388829
|switch|p2a: Zapdos|Zapdos|100/100
|move|p1a: Charla|Matcha Gotcha|p2a: Zapdos
|-resisted|p2a: Zapdos
|-damage|p2a: Zapdos|82/100
|-heal|p1a: Charla|89/100|[from] drain|[of] p2a: Zapdos
|
|upkeep
|turn|23
|
|t:|1760388836
|move|p2a: Zapdos|Hurricane|p1a: Charla
|-supereffective|p1a: Charla
|-damage|p1a: Charla|0 fnt
|faint|p1a: Charla
|
|upkeep
|
|t:|1760388840
|switch|p1a: Mastodown!|Mamoswine, F, shiny|100/100
|-damage|p1a: Mastodown!|88/100|[from] Stealth Rock
|-damage|p1a: Mastodown!|76/100|[from] Spikes
|turn|24
|
|t:|1760388843
|move|p1a: Mastodown!|Trailblaze|p2a: Zapdos
|-resisted|p2a: Zapdos
|-damage|p2a: Zapdos|75/100
|-boost|p1a: Mastodown!|spe|1
|move|p2a: Zapdos|Heat Wave|p1a: Mastodown!|[miss]
|-miss|p2a: Zapdos|p1a: Mastodown!
|
|upkeep
|turn|25
|
|t:|1760388852
|move|p1a: Mastodown!|Icicle Crash|p2a: Zapdos
|-supereffective|p2a: Zapdos
|-damage|p2a: Zapdos|9/100
|move|p2a: Zapdos|Heat Wave|p1a: Mastodown!
|-supereffective|p1a: Mastodown!
|-damage|p1a: Mastodown!|38/100
|-enditem|p1a: Mastodown!|Weakness Policy
|-boost|p1a: Mastodown!|atk|2|[from] item: Weakness Policy
|-boost|p1a: Mastodown!|spa|2|[from] item: Weakness Policy
|
|upkeep
|turn|26
|
|t:|1760388859
|move|p1a: Mastodown!|Trailblaze|p2a: Zapdos
|-resisted|p2a: Zapdos
|-damage|p2a: Zapdos|0 fnt
|-boost|p1a: Mastodown!|spe|1
|faint|p2a: Zapdos
|
|upkeep
|
|t:|1760388862
|switch|p2a: Samurott|Samurott-Hisui, M, shiny|100/100
|turn|27
|
|t:|1760388867
|-terastallize|p1a: Mastodown!|Grass
|move|p2a: Samurott|Aqua Jet|p1a: Mastodown!
|-resisted|p1a: Mastodown!
|-damage|p1a: Mastodown!|27/100
|move|p1a: Mastodown!|Earthquake|p2a: Samurott
|-damage|p2a: Samurott|0 fnt
|faint|p2a: Samurott
|
|upkeep
|
|t:|1760388872
|switch|p2a: Arcanine|Arcanine-Hisui, M|26/100
|turn|28
|
|t:|1760388876
|move|p2a: Arcanine|Extreme Speed|p1a: Mastodown!
|-damage|p1a: Mastodown!|0 fnt
|faint|p1a: Mastodown!
|
|win|lobotomiagames
|raw|Doomingo's rating: 1360 &rarr; <strong>1340</strong><br />(-20 for losing)
|raw|lobotomiagames's rating: 1362 &rarr; <strong>1382</strong><br />(+20 for winning)
|c|☆Doomingo|gg
|l|☆Doomingo
|player|p1|
|l|☆lobotomiagames
|player|p2|
