|j|☆Team BBIO 38
|j|☆horsesbehorses
|t:|1760385807
|gametype|singles
|player|p1|Team BBIO 38|dragontamer|1390
|player|p2|horsesbehorses|169|1416
|gen|9
|tier|[Gen 9] OU
|rated|
|rule|HP Percentage Mod: HP is shown in percentages
|rule|Endless Battle Clause: Forcing endless battles is banned
|rule|Species Clause: Limit one of each Pokémon
|rule|OHKO Clause: OHKO moves are banned
|rule|Evasion Items Clause: Evasion items are banned
|rule|Evasion Moves Clause: Evasion moves are banned
|rule|Evasion Abilities Clause: Evasion abilities are banned
|rule|Sleep Moves Clause: Sleep-inducing moves are banned
|clearpoke
|poke|p1|Dusclops, M|
|poke|p1|Blissey, F|
|poke|p1|Flamigo, M|
|poke|p1|Latias, F|
|poke|p1|Darkrai|
|poke|p1|Ambipom, M|
|poke|p2|Dragonite, F|
|poke|p2|Zamazenta-*|
|poke|p2|Landorus-Therian, M|
|poke|p2|Gholdengo|
|poke|p2|Darkrai|
|poke|p2|Hatterene, F|
|teampreview
|inactive|Battle timer is ON: inactive players will automatically lose when time's up. (requested by Team BBIO 38)
|
|t:|1760385813
|teamsize|p1|6
|teamsize|p2|6
|start
|switch|p1a: Ambipom|Ambipom, M|100/100
|switch|p2a: Dragonite|Dragonite, F|100/100
|turn|1
|inactive|horsesbehorses also wants the timer to be on.
|
|t:|1760385818
|switch|p2a: Zamazenta|Zamazenta|100/100
|-ability|p2a: Zamazenta|Dauntless Shield|boost
|-boost|p2a: Zamazenta|def|1
|move|p1a: Ambipom|Triple Axel|p2a: Zamazenta|[miss]
|-miss|p1a: Ambipom|p2a: Zamazenta
|
|upkeep
|turn|2
|
|t:|1760385825
|switch|p1a: Dusclops|Dusclops, M|100/100
|-item|p2a: Zamazenta|Leftovers|[from] ability: Frisk|[of] p1a: Dusclops
|move|p2a: Zamazenta|Crunch|p1a: Dusclops
|-supereffective|p1a: Dusclops
|-damage|p1a: Dusclops|79/100
|
|upkeep
|turn|3
|
|t:|1760385832
|switch|p2a: Gholdengo|Gholdengo|100/100
|move|p1a: Dusclops|Will-O-Wisp|p2a: Gholdengo
|-immune|p2a: Gholdengo|[from] ability: Good as Gold
|
|upkeep
|turn|4
|
|t:|1760385838
|switch|p1a: Blissey|Blissey, F|100/100
|move|p2a: Gholdengo|Nasty Plot|p2a: Gholdengo
|-boost|p2a: Gholdengo|spa|2
|
|upkeep
|turn|5
|
|t:|1760385848
|switch|p1a: Ambipom|Ambipom, M|100/100
|move|p2a: Gholdengo|Nasty Plot|p2a: Gholdengo
|-boost|p2a: Gholdengo|spa|2
|
|upkeep
|turn|6
|
|t:|1760385855
|move|p1a: Ambipom|Knock Off|p2a: Gholdengo
|-supereffective|p2a: Gholdengo
|-damage|p2a: Gholdengo|13/100
|-enditem|p2a: Gholdengo|Metal Coat|[from] move: Knock Off|[of] p1a: Ambipom
|move|p2a: Gholdengo|Recover|p2a: Gholdengo
|-heal|p2a: Gholdengo|63/100
|
|upkeep
|turn|7
|
|t:|1760385863
|-terastallize|p2a: Gholdengo|Steel
|move|p1a: Ambipom|Knock Off|p2a: Gholdengo
|-damage|p2a: Gholdengo|33/100
|move|p2a: Gholdengo|Recover|p2a: Gholdengo
|-heal|p2a: Gholdengo|83/100
|
|upkeep
|turn|8
|
|t:|1760385870
|switch|p1a: Blissey|Blissey, F|100/100
|move|p2a: Gholdengo|Thunderbolt|p1a: Blissey
|-damage|p1a: Blissey|66/100
|
|-heal|p1a: Blissey|72/100|[from] item: Leftovers
|upkeep
|turn|9
|
|t:|1760385878
|move|p2a: Gholdengo|Recover|p2a: Gholdengo
|-heal|p2a: Gholdengo|100/100
|move|p1a: Blissey|Seismic Toss|p2a: Gholdengo
|-damage|p2a: Gholdengo|72/100
|
|-heal|p1a: Blissey|78/100|[from] item: Leftovers
|upkeep
|turn|10
|
|t:|1760385884
|move|p2a: Gholdengo|Make It Rain|p1a: Blissey
|-damage|p1a: Blissey|0 fnt
|-unboost|p2a: Gholdengo|spa|1
|faint|p1a: Blissey
|
|upkeep
|
|t:|1760385890
|switch|p1a: Flamigo|Flamigo, M|100/100
|turn|11
|
|t:|1760385894
|switch|p2a: Hatterene|Hatterene, F|100/100
|move|p1a: Flamigo|Close Combat|p2a: Hatterene
|-resisted|p2a: Hatterene
|-damage|p2a: Hatterene|86/100
|-unboost|p1a: Flamigo|def|1
|-unboost|p1a: Flamigo|spd|1
|
|upkeep
|turn|12
|
|t:|1760385901
|switch|p1a: Dusclops|Dusclops, M|79/100
|-item|p2a: Hatterene|Assault Vest|[from] ability: Frisk|[of] p1a: Dusclops
|move|p2a: Hatterene|Draining Kiss|p1a: Dusclops
|-damage|p1a: Dusclops|62/100
|-heal|p2a: Hatterene|97/100|[from] drain|[of] p1a: Dusclops
|
|upkeep
|turn|13
|
|t:|1760385913
|switch|p2a: Gholdengo|Gholdengo, tera:Steel|72/100
|move|p1a: Dusclops|Night Shade|p2a: Gholdengo
|-damage|p2a: Gholdengo|43/100
|
|upkeep
|turn|14
|
|t:|1760385918
|move|p2a: Gholdengo|Make It Rain|p1a: Dusclops
|-damage|p1a: Dusclops|1/100
|-unboost|p2a: Gholdengo|spa|1
|move|p1a: Dusclops|Night Shade|p2a: Gholdengo
|-damage|p2a: Gholdengo|14/100
|
|upkeep
|turn|15
|
|t:|1760385927
|move|p2a: Gholdengo|Recover|p2a: Gholdengo
|-heal|p2a: Gholdengo|64/100
|move|p1a: Dusclops|Night Shade|p2a: Gholdengo
|-damage|p2a: Gholdengo|35/100
|
|upkeep
|turn|16
|
|t:|1760385932
|move|p2a: Gholdengo|Make It Rain|p1a: Dusclops
|-damage|p1a: Dusclops|0 fnt
|-unboost|p2a: Gholdengo|spa|1
|faint|p1a: Dusclops
|
|upkeep
|
|t:|1760385938
|switch|p1a: Darkrai|Darkrai|100/100
|turn|17
|
|t:|1760385942
|switch|p2a: Zamazenta|Zamazenta|100/100
|move|p1a: Darkrai|Dark Pulse|p2a: Zamazenta
|-resisted|p2a: Zamazenta
|-damage|p2a: Zamazenta|73/100
|
|-heal|p2a: Zamazenta|79/100|[from] item: Leftovers
|upkeep
|turn|18
|
|t:|1760385949
|switch|p1a: Ambipom|Ambipom, M|100/100
|move|p2a: Zamazenta|Iron Defense|p2a: Zamazenta
|-boost|p2a: Zamazenta|def|2
|
|-heal|p2a: Zamazenta|85/100|[from] item: Leftovers
|upkeep
|turn|19
|
|t:|1760385959
|move|p2a: Zamazenta|Body Press|p1a: Ambipom
|-supereffective|p1a: Ambipom
|-damage|p1a: Ambipom|0 fnt
|faint|p1a: Ambipom
|
|-heal|p2a: Zamazenta|91/100|[from] item: Leftovers
|upkeep
|
|t:|1760385965
|switch|p1a: Darkrai|Darkrai|100/100
|turn|20
|
|t:|1760385969
|-terastallize|p1a: Darkrai|Ghost
|move|p2a: Zamazenta|Body Press|p1a: Darkrai
|-immune|p1a: Darkrai
|move|p1a: Darkrai|Psychic|p2a: Zamazenta
|-supereffective|p2a: Zamazenta
|-damage|p2a: Zamazenta|3/100
|-unboost|p2a: Zamazenta|spd|1
|
|-heal|p2a: Zamazenta|9/100|[from] item: Leftovers
|upkeep
|turn|21
|
|t:|1760385978
|move|p2a: Zamazenta|Body Press|p1a: Darkrai
|-immune|p1a: Darkrai
|move|p1a: Darkrai|Psychic|p2a: Zamazenta
|-supereffective|p2a: Zamazenta
|-damage|p2a: Zamazenta|0 fnt
|faint|p2a: Zamazenta
|
|upkeep
|
|t:|1760385982
|switch|p2a: Darkrai|Darkrai|100/100
|turn|22
|
|t:|1760385989
|switch|p1a: Flamigo|Flamigo, M|100/100
|move|p2a: Darkrai|Ice Beam|p1a: Flamigo
|-supereffective|p1a: Flamigo
|-damage|p1a: Flamigo|12/100
|
|upkeep
|turn|23
|
|t:|1760385996
|switch|p2a: Hatterene|Hatterene, F|97/100
|move|p1a: Flamigo|Close Combat|p2a: Hatterene
|-resisted|p2a: Hatterene
|-damage|p2a: Hatterene|80/100
|-unboost|p1a: Flamigo|def|1
|-unboost|p1a: Flamigo|spd|1
|
|upkeep
|turn|24
|
|t:|1760386003
|switch|p1a: Darkrai|Darkrai, tera:Ghost|100/100
|move|p2a: Hatterene|Draining Kiss|p1a: Darkrai
|-damage|p1a: Darkrai|63/100
|-heal|p2a: Hatterene|100/100|[from] drain|[of] p1a: Darkrai
|
|upkeep
|turn|25
|
|t:|1760386012
|move|p1a: Darkrai|Dark Pulse|p2a: Hatterene
|-damage|p2a: Hatterene|58/100
|move|p2a: Hatterene|Draining Kiss|p1a: Darkrai
|-damage|p1a: Darkrai|29/100
|-heal|p2a: Hatterene|81/100|[from] drain|[of] p1a: Darkrai
|
|upkeep
|turn|26
|
|t:|1760386018
|switch|p2a: Darkrai|Darkrai|100/100
|move|p1a: Darkrai|Dark Pulse|p2a: Darkrai
|-resisted|p2a: Darkrai
|-damage|p2a: Darkrai|63/100
|
|upkeep
|turn|27
|
|t:|1760386023
|move|p2a: Darkrai|Ice Beam|p1a: Darkrai
|-damage|p1a: Darkrai|0 fnt
|faint|p1a: Darkrai
|
|upkeep
|
|t:|1760386027
|switch|p1a: Flamigo|Flamigo, M|12/100
|turn|28
|
|t:|1760386031
|switch|p2a: Landorus|Landorus-Therian, M|100/100
|-ability|p2a: Landorus|Intimidate|boost
|-fail|p1a: Flamigo|unboost|Attack|[from] ability: Scrappy|[of] p1a: Flamigo
|move|p1a: Flamigo|U-turn|p2a: Landorus
|-resisted|p2a: Landorus
|-damage|p2a: Landorus|90/100
|-damage|p1a: Flamigo|0 fnt|[from] item: Rocky Helmet|[of] p2a: Landorus
|faint|p1a: Flamigo
|
|upkeep
|
|t:|1760386039
|switch|p1a: Alaric|Latias, F|100/100
|turn|29
|
|t:|1760386043
|move|p1a: Alaric|Calm Mind|p1a: Alaric
|-boost|p1a: Alaric|spa|1
|-boost|p1a: Alaric|spd|1
|move|p2a: Landorus|Taunt|p1a: Alaric
|-start|p1a: Alaric|move: Taunt
|
|upkeep
|turn|30
|
|t:|1760386048
|move|p1a: Alaric|Stored Power|p2a: Landorus
|-damage|p2a: Landorus|60/100
|move|p2a: Landorus|U-turn|p1a: Alaric
|-supereffective|p1a: Alaric
|-damage|p1a: Alaric|61/100
|
|t:|1760386054
|switch|p2a: Darkrai|Darkrai|63/100|[from] U-turn
|
|upkeep
|turn|31
|
|t:|1760386058
|move|p2a: Darkrai|Dark Pulse|p1a: Alaric
|-supereffective|p1a: Alaric
|-damage|p1a: Alaric|12/100
|move|p1a: Alaric|Aura Sphere|p2a: Darkrai
|-supereffective|p2a: Darkrai
|-damage|p2a: Darkrai|0 fnt
|faint|p2a: Darkrai
|
|upkeep
|
|t:|1760386062
|switch|p2a: Hatterene|Hatterene, F|81/100
|turn|32
|
|t:|1760386067
|move|p1a: Alaric|Stored Power|p2a: Hatterene
|-resisted|p2a: Hatterene
|-damage|p2a: Hatterene|69/100
|move|p2a: Hatterene|Psyshock|p1a: Alaric
|-resisted|p1a: Alaric
|-damage|p1a: Alaric|0 fnt
|faint|p1a: Alaric
|
|win|horsesbehorses
|raw|Team BBIO 38's rating: 1390 &rarr; <strong>1371</strong><br />(-19 for losing)
|raw|horsesbehorses's rating: 1416 &rarr; <strong>1435</strong><br />(+19 for winning)
|l|☆horsesbehorses
|player|p2|
|l|☆Team BBIO 38
|player|p1|
