|j|☆MiaTaylor612
|j|☆OUZQ Crocodile
|t:|1760433756
|gametype|singles
|player|p1|MiaTaylor612|idol|1724
|player|p2|OUZQ Crocodile|gentleman-gen4dp|1673
|gen|9
|tier|[Gen 9] OU
|rated|
|rule|HP Percentage Mod: HP is shown in percentages
|rule|Endless Battle Clause: Forcing endless battles is banned
|rule|Species Clause: Limit one of each Pokémon
|rule|OHKO Clause: OHKO moves are banned
|rule|Evasion Items Clause: Evasion items are banned
|rule|Evasion Moves Clause: Evasion moves are banned
|rule|Evasion Abilities Clause: Evasion abilities are banned
|rule|Sleep Moves Clause: Sleep-inducing moves are banned
|clearpoke
|poke|p1|Hoopa-Unbound|
|poke|p1|Pecharunt|
|poke|p1|Slowking-Galar, M|
|poke|p1|Great Tusk|
|poke|p1|Corviknight, M|
|poke|p1|Cinderace, M|
|poke|p2|Okidogi, M|
|poke|p2|Rillaboom, M|
|poke|p2|Kingambit, F|
|poke|p2|Raging Bolt|
|poke|p2|Ogerpon-Wellspring, F|
|poke|p2|Heatran, F|
|teampreview
|inactive|Battle timer is ON: inactive players will automatically lose when time's up. (requested by MiaTaylor612)
|
|t:|1760433769
|teamsize|p1|6
|teamsize|p2|6
|start
|switch|p1a: Cinderace|Cinderace, M|100/100
|switch|p2a: Rillaboom|Rillaboom, M|100/100
|-fieldstart|move: Grassy Terrain|[from] ability: Grassy Surge|[of] p2a: Rillaboom
|turn|1
|
|t:|1760433776
|switch|p2a: Heatran|Heatran, F|100/100
|move|p1a: Cinderace|U-turn|p2a: Heatran
|-start|p1a: Cinderace|typechange|Bug|[from] ability: Libero
|-resisted|p2a: Heatran
|-damage|p2a: Heatran|93/100
|
|t:|1760433789
|switch|p1a: Hoopa|Hoopa-Unbound|100/100|[from] U-turn
|
|-heal|p2a: Heatran|99/100|[from] Grassy Terrain
|-heal|p2a: Heatran|100/100|[from] item: Leftovers
|upkeep
|turn|2
|j| Rizzofreko
|
|t:|1760433796
|move|p1a: Hoopa|Knock Off|p2a: Heatran
|-damage|p2a: Heatran|51/100
|-enditem|p2a: Heatran|Leftovers|[from] move: Knock Off|[of] p1a: Hoopa
|move|p2a: Heatran|Magma Storm|p1a: Hoopa
|-damage|p1a: Hoopa|71/100
|-activate|p1a: Hoopa|move: Magma Storm|[of] p2a: Heatran
|
|-heal|p1a: Hoopa|77/100|[from] Grassy Terrain
|-heal|p2a: Heatran|57/100|[from] Grassy Terrain
|-damage|p1a: Hoopa|65/100|[from] move: Magma Storm|[partiallytrapped]
|upkeep
|turn|3
|
|t:|1760433805
|move|p1a: Hoopa|Drain Punch|p2a: Heatran
|-supereffective|p2a: Heatran
|-damage|p2a: Heatran|6/100
|-heal|p1a: Hoopa|92/100|[from] drain|[of] p2a: Heatran
|move|p2a: Heatran|Magma Storm|p1a: Hoopa
|-damage|p1a: Hoopa|57/100
|
|-heal|p1a: Hoopa|64/100|[from] Grassy Terrain
|-heal|p2a: Heatran|12/100|[from] Grassy Terrain
|-damage|p1a: Hoopa|51/100|[from] move: Magma Storm|[partiallytrapped]
|upkeep
|turn|4
|
|t:|1760433816
|switch|p2a: Ogerpon|Ogerpon-Wellspring, F|100/100
|move|p1a: Hoopa|Drain Punch|p2a: Ogerpon
|-damage|p2a: Ogerpon|69/100
|-heal|p1a: Hoopa|66/100|[from] drain|[of] p2a: Ogerpon
|
|-heal|p2a: Ogerpon|75/100|[from] Grassy Terrain
|-heal|p1a: Hoopa|72/100|[from] Grassy Terrain
|-end|p1a: Hoopa|Magma Storm|[partiallytrapped]|[silent]
|upkeep
|turn|5
|
|t:|1760433833
|switch|p1a: Corviknight|Corviknight, M|100/100
|-ability|p1a: Corviknight|Pressure
|move|p2a: Ogerpon|Ivy Cudgel|p1a: Corviknight|[anim] Ivy Cudgel Water
|-damage|p1a: Corviknight|62/100
|
|-heal|p2a: Ogerpon|81/100|[from] Grassy Terrain
|upkeep
|turn|6
|
|t:|1760433854
|switch|p2a: Raging Bolt|Raging Bolt|100/100
|-enditem|p2a: Raging Bolt|Grassy Seed
|-boost|p2a: Raging Bolt|def|1|[from] item: Grassy Seed
|move|p1a: Corviknight|U-turn|p2a: Raging Bolt
|-damage|p2a: Raging Bolt|93/100
|
|t:|1760433861
|switch|p1a: Slowking|Slowking-Galar, M|100/100|[from] U-turn
|
|-heal|p2a: Raging Bolt|99/100|[from] Grassy Terrain
|upkeep
|turn|7
|
|t:|1760433878
|move|p2a: Raging Bolt|Taunt|p1a: Slowking
|-start|p1a: Slowking|move: Taunt
|move|p1a: Slowking|Sludge Bomb|p2a: Raging Bolt
|-damage|p2a: Raging Bolt|68/100
|
|-heal|p2a: Raging Bolt|74/100|[from] Grassy Terrain
|upkeep
|turn|8
|
|t:|1760433886
|move|p2a: Raging Bolt|Calm Mind|p2a: Raging Bolt
|-boost|p2a: Raging Bolt|spa|1
|-boost|p2a: Raging Bolt|spd|1
|move|p1a: Slowking|Sludge Bomb|p2a: Raging Bolt
|-damage|p2a: Raging Bolt|54/100
|
|-heal|p2a: Raging Bolt|60/100|[from] Grassy Terrain
|-fieldend|move: Grassy Terrain
|upkeep
|turn|9
|
|t:|1760433894
|move|p2a: Raging Bolt|Calm Mind|p2a: Raging Bolt
|-boost|p2a: Raging Bolt|spa|1
|-boost|p2a: Raging Bolt|spd|1
|move|p1a: Slowking|Sludge Bomb|p2a: Raging Bolt
|-damage|p2a: Raging Bolt|43/100
|
|-end|p1a: Slowking|move: Taunt
|upkeep
|turn|10
|
|t:|1760433899
|move|p2a: Raging Bolt|Dragon Pulse|p1a: Slowking
|-damage|p1a: Slowking|52/100
|move|p1a: Slowking|Sludge Bomb|p2a: Raging Bolt
|-damage|p2a: Raging Bolt|27/100
|
|upkeep
|turn|11
|
|t:|1760433904
|move|p2a: Raging Bolt|Thunderbolt|p1a: Slowking
|-damage|p1a: Slowking|0 fnt
|faint|p1a: Slowking
|
|upkeep
|
|t:|1760433918
|switch|p1a: Great Tusk|Great Tusk|100/100
|turn|12
|
|t:|1760433922
|-terastallize|p2a: Raging Bolt|Bug
|move|p1a: Great Tusk|Ice Spinner|p2a: Raging Bolt
|-damage|p2a: Raging Bolt|12/100
|move|p2a: Raging Bolt|Dragon Pulse|p1a: Great Tusk
|-crit|p1a: Great Tusk
|-damage|p1a: Great Tusk|0 fnt
|faint|p1a: Great Tusk
|-end|p1a: Great Tusk|Protosynthesis|[silent]
|
|upkeep
|
|t:|1760433927
|switch|p1a: Cinderace|Cinderace, M|100/100
|turn|13
|
|t:|1760433930
|move|p1a: Cinderace|Sucker Punch|p2a: Raging Bolt
|-start|p1a: Cinderace|typechange|Dark|[from] ability: Libero
|-damage|p2a: Raging Bolt|0 fnt
|faint|p2a: Raging Bolt
|-end|p2a: Raging Bolt|Protosynthesis|[silent]
|
|upkeep
|
|t:|1760433941
|switch|p2a: Heatran|Heatran, F|12/100
|turn|14
|
|t:|1760433947
|move|p1a: Cinderace|U-turn|p2a: Heatran
|-resisted|p2a: Heatran
|-damage|p2a: Heatran|7/100
|
|t:|1760433950
|switch|p1a: Hoopa|Hoopa-Unbound|72/100|[from] U-turn
|move|p2a: Heatran|Magma Storm|p1a: Hoopa
|-damage|p1a: Hoopa|39/100
|-activate|p1a: Hoopa|move: Magma Storm|[of] p2a: Heatran
|
|-damage|p1a: Hoopa|26/100|[from] move: Magma Storm|[partiallytrapped]
|upkeep
|turn|15
|
|t:|1760433958
|move|p1a: Hoopa|Psychic Noise|p2a: Heatran
|-resisted|p2a: Heatran
|-damage|p2a: Heatran|0 fnt
|faint|p2a: Heatran
|
|-end|p1a: Hoopa|Magma Storm|[partiallytrapped]|[silent]
|upkeep
|
|t:|1760433965
|switch|p2a: Rillaboom|Rillaboom, M|100/100
|-fieldstart|move: Grassy Terrain|[from] ability: Grassy Surge|[of] p2a: Rillaboom
|turn|16
|
|t:|1760433968
|switch|p1a: Pecharunt|Pecharunt|100/100
|move|p2a: Rillaboom|U-turn|p1a: Pecharunt
|-resisted|p1a: Pecharunt
|-damage|p1a: Pecharunt|98/100
|
|t:|1760433988
|switch|p2a: Okidogi|Okidogi, M|100/100|[from] U-turn
|
|-heal|p1a: Pecharunt|100/100|[from] Grassy Terrain
|upkeep
|turn|17
|
|t:|1760434006
|move|p2a: Okidogi|Bulk Up|p2a: Okidogi
|-boost|p2a: Okidogi|atk|1
|-boost|p2a: Okidogi|def|1
|move|p1a: Pecharunt|Parting Shot|p2a: Okidogi
|-unboost|p2a: Okidogi|atk|1
|-unboost|p2a: Okidogi|spa|1
|
|t:|1760434010
|switch|p1a: Hoopa|Hoopa-Unbound|26/100|[from] Parting Shot
|
|-heal|p1a: Hoopa|32/100|[from] Grassy Terrain
|upkeep
|turn|18
|
|t:|1760434034
|switch|p2a: Rillaboom|Rillaboom, M|100/100
|move|p1a: Hoopa|Psychic Noise|p2a: Rillaboom
|-damage|p2a: Rillaboom|37/100
|-start|p2a: Rillaboom|move: Heal Block
|
|-heal|p1a: Hoopa|39/100|[from] Grassy Terrain
|upkeep
|turn|19
|
|t:|1760434043
|switch|p1a: Pecharunt|Pecharunt|100/100
|move|p2a: Rillaboom|U-turn|p1a: Pecharunt
|-resisted|p1a: Pecharunt
|-damage|p1a: Pecharunt|98/100
|
|t:|1760434045
|switch|p2a: Kingambit|Kingambit, F|100/100|[from] U-turn
|-activate|p2a: Kingambit|ability: Supreme Overlord
|-start|p2a: Kingambit|fallen2|[silent]
|-item|p2a: Kingambit|Air Balloon
|
|-heal|p1a: Pecharunt|100/100|[from] Grassy Terrain
|upkeep
|turn|20
|
|t:|1760434048
|move|p1a: Pecharunt|Parting Shot|p2a: Kingambit
|-unboost|p2a: Kingambit|atk|1
|-unboost|p2a: Kingambit|spa|1
|
|t:|1760434051
|switch|p1a: Corviknight|Corviknight, M|62/100|[from] Parting Shot
|-ability|p1a: Corviknight|Pressure
|move|p2a: Kingambit|Swords Dance|p2a: Kingambit
|-boost|p2a: Kingambit|atk|2
|
|upkeep
|turn|21
|
|t:|1760434055
|move|p2a: Kingambit|Kowtow Cleave|p1a: Corviknight
|-damage|p1a: Corviknight|9/100
|-damage|p2a: Kingambit|84/100|[from] item: Rocky Helmet|[of] p1a: Corviknight
|move|p1a: Corviknight|Body Press|p2a: Kingambit
|-supereffective|p2a: Kingambit
|-damage|p2a: Kingambit|2/100
|-enditem|p2a: Kingambit|Air Balloon
|
|-heal|p2a: Kingambit|9/100|[from] Grassy Terrain
|upkeep
|turn|22
|
|t:|1760434063
|move|p2a: Kingambit|Kowtow Cleave|p1a: Corviknight
|-damage|p1a: Corviknight|0 fnt
|-damage|p2a: Kingambit|0 fnt|[from] item: Rocky Helmet|[of] p1a: Corviknight
|faint|p1a: Corviknight
|faint|p2a: Kingambit
|-end|p2a: Kingambit|fallen2|[silent]
|
|upkeep
|
|t:|1760434074
|switch|p2a: Okidogi|Okidogi, M|100/100
|switch|p1a: Pecharunt|Pecharunt|100/100
|turn|23
|
|t:|1760434087
|move|p2a: Okidogi|Knock Off|p1a: Pecharunt
|-supereffective|p1a: Pecharunt
|-damage|p1a: Pecharunt|76/100
|-enditem|p1a: Pecharunt|Heavy-Duty Boots|[from] move: Knock Off|[of] p2a: Okidogi
|move|p1a: Pecharunt|Parting Shot|p2a: Okidogi
|-unboost|p2a: Okidogi|atk|1
|-unboost|p2a: Okidogi|spa|1
|
|t:|1760434090
|switch|p1a: Hoopa|Hoopa-Unbound|39/100|[from] Parting Shot
|
|-heal|p1a: Hoopa|45/100|[from] Grassy Terrain
|-fieldend|move: Grassy Terrain
|upkeep
|turn|24
|
|t:|1760434097
|switch|p2a: Rillaboom|Rillaboom, M|37/100
|-fieldstart|move: Grassy Terrain|[from] ability: Grassy Surge|[of] p2a: Rillaboom
|move|p1a: Hoopa|Psychic Noise|p2a: Rillaboom
|-damage|p2a: Rillaboom|0 fnt
|faint|p2a: Rillaboom
|
|-heal|p1a: Hoopa|51/100|[from] Grassy Terrain
|upkeep
|
|t:|1760434098
|switch|p2a: Ogerpon|Ogerpon-Wellspring, F|81/100
|turn|25
|
|t:|1760434105
|switch|p1a: Pecharunt|Pecharunt|76/100
|move|p2a: Ogerpon|Swords Dance|p2a: Ogerpon
|-boost|p2a: Ogerpon|atk|2
|
|-heal|p2a: Ogerpon|87/100|[from] Grassy Terrain
|-heal|p1a: Pecharunt|82/100|[from] Grassy Terrain
|upkeep
|turn|26
|
|t:|1760434109
|-terastallize|p1a: Pecharunt|Dark
|move|p2a: Ogerpon|Ivy Cudgel|p1a: Pecharunt|[anim] Ivy Cudgel Water
|-damage|p1a: Pecharunt|23/100
|move|p1a: Pecharunt|Foul Play|p2a: Ogerpon
|-damage|p2a: Ogerpon|0 fnt
|faint|p2a: Ogerpon
|
|-heal|p1a: Pecharunt|29/100|[from] Grassy Terrain
|upkeep
|
|t:|1760434113
|switch|p2a: Okidogi|Okidogi, M|100/100
|turn|27
|
|t:|1760434117
|move|p2a: Okidogi|Bulk Up|p2a: Okidogi
|-boost|p2a: Okidogi|atk|1
|-boost|p2a: Okidogi|def|1
|move|p1a: Pecharunt|Parting Shot|p2a: Okidogi
|-unboost|p2a: Okidogi|atk|1
|-unboost|p2a: Okidogi|spa|1
|
|t:|1760434119
|switch|p1a: Hoopa|Hoopa-Unbound|51/100|[from] Parting Shot
|
|-heal|p1a: Hoopa|57/100|[from] Grassy Terrain
|upkeep
|turn|28
|
|t:|1760434122
|move|p1a: Hoopa|Psychic Noise|p2a: Okidogi
|-supereffective|p2a: Okidogi
|-damage|p2a: Okidogi|0 fnt
|faint|p2a: Okidogi
|
|win|MiaTaylor612
|raw|MiaTaylor612's rating: 1724 &rarr; <strong>1741</strong><br />(+17 for winning)
|raw|OUZQ Crocodile's rating: 1673 &rarr; <strong>1656</strong><br />(-17 for losing)
|l|☆MiaTaylor612
|player|p1|
|l| Rizzofreko
