|j|☆kittensnax
|j|☆kurobots
|t:|1760381580
|gametype|singles
|player|p1|kittensnax|kris-gen2|1588
|player|p2|kurobots|ghetsis-gen5bw|1577
|gen|9
|tier|[Gen 9] OU
|rated|
|rule|HP Percentage Mod: HP is shown in percentages
|rule|Endless Battle Clause: Forcing endless battles is banned
|rule|Species Clause: Limit one of each Pokémon
|rule|OHKO Clause: OHKO moves are banned
|rule|Evasion Items Clause: Evasion items are banned
|rule|Evasion Moves Clause: Evasion moves are banned
|rule|Evasion Abilities Clause: Evasion abilities are banned
|rule|Sleep Moves Clause: Sleep-inducing moves are banned
|clearpoke
|poke|p1|Porygon2|
|poke|p1|Farigiraf, F|
|poke|p1|Dragonite, M|
|poke|p1|Primarina, M|
|poke|p1|Ursaluna, M|
|poke|p1|Gallade, M|
|poke|p2|Skeledirge, F|
|poke|p2|Ogerpon-Wellspring, F|
|poke|p2|Dragapult, F|
|poke|p2|Weezing-Galar, F|
|poke|p2|Ting-Lu|
|poke|p2|Corviknight, F|
|teampreview
|inactive|Battle timer is ON: inactive players will automatically lose when time's up. (requested by kurobots)
|
|t:|1760381587
|teamsize|p1|6
|teamsize|p2|6
|start
|switch|p1a: FaRiGiЯaꟻ|Farigiraf, F, shiny|100/100
|switch|p2a: Ting-Lu|Ting-Lu, shiny|100/100
|-ability|p2a: Ting-Lu|Vessel of Ruin
|turn|1
|
|t:|1760381596
|switch|p1a: Gallade|Gallade, M|100/100
|move|p2a: Ting-Lu|Throat Chop|p1a: Gallade
|-damage|p1a: Gallade|57/100
|-start|p1a: Gallade|Throat Chop|[silent]
|
|-heal|p1a: Gallade|64/100|[from] item: Leftovers
|upkeep
|turn|2
|
|t:|1760381606
|move|p1a: Gallade|Knock Off|p2a: Ting-Lu
|-resisted|p2a: Ting-Lu
|-damage|p2a: Ting-Lu|91/100
|-enditem|p2a: Ting-Lu|Leftovers|[from] move: Knock Off|[of] p1a: Gallade
|move|p2a: Ting-Lu|Stealth Rock|p1a: Gallade
|-sidestart|p1: kittensnax|move: Stealth Rock
|
|-heal|p1a: Gallade|70/100|[from] item: Leftovers
|-end|p1a: Gallade|Throat Chop|[silent]
|upkeep
|turn|3
|
|t:|1760381616
|switch|p2a: Corviknight|Corviknight, F|100/100
|-ability|p2a: Corviknight|Pressure
|move|p1a: Gallade|Sacred Sword|p2a: Corviknight
|-damage|p2a: Corviknight|57/100
|-damage|p1a: Gallade|53/100|[from] item: Rocky Helmet|[of] p2a: Corviknight
|
|-heal|p1a: Gallade|59/100|[from] item: Leftovers
|upkeep
|turn|4
|
|t:|1760381621
|move|p2a: Corviknight|Roost|p2a: Corviknight
|-heal|p2a: Corviknight|100/100
|-singleturn|p2a: Corviknight|move: Roost
|move|p1a: Gallade|Trick Room|p1a: Gallade
|-fieldstart|move: Trick Room|[of] p1a: Gallade
|
|-heal|p1a: Gallade|66/100|[from] item: Leftovers
|upkeep
|turn|5
|
|t:|1760381630
|move|p1a: Gallade|Knock Off|p2a: Corviknight
|-damage|p2a: Corviknight|77/100
|-damage|p1a: Gallade|49/100|[from] item: Rocky Helmet|[of] p2a: Corviknight
|-enditem|p2a: Corviknight|Rocky Helmet|[from] move: Knock Off|[of] p1a: Gallade
|move|p2a: Corviknight|U-turn|p1a: Gallade
|-damage|p1a: Gallade|25/100
|
|t:|1760381643
|switch|p2a: Ogerpon|Ogerpon-Wellspring, F|100/100|[from] U-turn
|
|-heal|p1a: Gallade|31/100|[from] item: Leftovers
|upkeep
|turn|6
|
|t:|1760381652
|move|p1a: Gallade|Psycho Cut|p2a: Ogerpon
|-crit|p2a: Ogerpon
|-damage|p2a: Ogerpon|7/100
|move|p2a: Ogerpon|Spikes|p1a: Gallade
|-sidestart|p1: kittensnax|Spikes
|
|-heal|p1a: Gallade|37/100|[from] item: Leftovers
|upkeep
|turn|7
|
|t:|1760381660
|switch|p2a: Corviknight|Corviknight, F|77/100
|-ability|p2a: Corviknight|Pressure
|move|p1a: Gallade|Sacred Sword|p2a: Corviknight
|-damage|p2a: Corviknight|36/100
|
|-heal|p1a: Gallade|43/100|[from] item: Leftovers
|upkeep
|turn|8
|
|t:|1760381676
|switch|p2a: Dragapult|Dragapult, F|100/100
|move|p1a: Gallade|Knock Off|p2a: Dragapult
|-supereffective|p2a: Dragapult
|-damage|p2a: Dragapult|6/100
|-enditem|p2a: Dragapult|Choice Specs|[from] move: Knock Off|[of] p1a: Gallade
|
|-heal|p1a: Gallade|49/100|[from] item: Leftovers
|-fieldend|move: Trick Room
|upkeep
|turn|9
|
|t:|1760381688
|move|p2a: Dragapult|Shadow Ball|p1a: Gallade
|-supereffective|p1a: Gallade
|-damage|p1a: Gallade|0 fnt
|faint|p1a: Gallade
|
|upkeep
|
|t:|1760381697
|switch|p1a: FaRiGiЯaꟻ|Farigiraf, F, shiny|100/100
|-damage|p1a: FaRiGiЯaꟻ|88/100|[from] Stealth Rock
|-damage|p1a: FaRiGiЯaꟻ|76/100|[from] Spikes
|turn|10
|
|t:|1760381700
|switch|p2a: Ting-Lu|Ting-Lu, shiny|91/100
|-ability|p2a: Ting-Lu|Vessel of Ruin
|move|p1a: FaRiGiЯaꟻ|Trick Room|p1a: FaRiGiЯaꟻ
|-fieldstart|move: Trick Room|[of] p1a: FaRiGiЯaꟻ
|
|upkeep
|turn|11
|
|t:|1760381707
|move|p1a: FaRiGiЯaꟻ|Tera Blast|p2a: Ting-Lu
|-damage|p2a: Ting-Lu|74/100
|move|p2a: Ting-Lu|Throat Chop|p1a: FaRiGiЯaꟻ
|-supereffective|p1a: FaRiGiЯaꟻ
|-damage|p1a: FaRiGiЯaꟻ|26/100
|-start|p1a: FaRiGiЯaꟻ|Throat Chop|[silent]
|-enditem|p1a: FaRiGiЯaꟻ|Weakness Policy
|-boost|p1a: FaRiGiЯaꟻ|atk|2|[from] item: Weakness Policy
|-boost|p1a: FaRiGiЯaꟻ|spa|2|[from] item: Weakness Policy
|
|upkeep
|turn|12
|
|t:|1760381716
|-terastallize|p1a: FaRiGiЯaꟻ|Fighting
|move|p1a: FaRiGiЯaꟻ|Tera Blast|p2a: Ting-Lu|[anim] Tera Blast Fighting
|-supereffective|p2a: Ting-Lu
|-damage|p2a: Ting-Lu|2/100
|move|p2a: Ting-Lu|Earthquake|p1a: FaRiGiЯaꟻ
|-damage|p1a: FaRiGiЯaꟻ|0 fnt
|faint|p1a: FaRiGiЯaꟻ
|
|upkeep
|
|t:|1760381734
|switch|p1a: a special boy|Porygon2|100/100
|-damage|p1a: a special boy|88/100|[from] Stealth Rock
|-damage|p1a: a special boy|76/100|[from] Spikes
|-ability|p1a: a special boy|Download|boost
|-boost|p1a: a special boy|spa|1
|turn|13
|
|t:|1760381743
|move|p2a: Ting-Lu|Throat Chop|p1a: a special boy
|-damage|p1a: a special boy|57/100
|-start|p1a: a special boy|Throat Chop|[silent]
|move|p1a: a special boy|Ice Beam|p2a: Ting-Lu
|-supereffective|p2a: Ting-Lu
|-damage|p2a: Ting-Lu|0 fnt
|faint|p2a: Ting-Lu
|
|upkeep
|
|t:|1760381769
|switch|p2a: Weezing|Weezing-Galar, F|100/100
|-ability|p2a: Weezing|Neutralizing Gas
|turn|14
|
|t:|1760381775
|move|p1a: a special boy|Recover|p1a: a special boy
|-heal|p1a: a special boy|100/100
|move|p2a: Weezing|Sludge Bomb|p1a: a special boy
|-damage|p1a: a special boy|82/100
|
|-end|p1a: a special boy|Throat Chop|[silent]
|-fieldend|move: Trick Room
|upkeep
|turn|15
|
|t:|1760381780
|move|p2a: Weezing|Sludge Bomb|p1a: a special boy
|-damage|p1a: a special boy|64/100
|move|p1a: a special boy|Tera Blast|p2a: Weezing
|-damage|p2a: Weezing|22/100
|
|upkeep
|turn|16
|
|t:|1760381786
|move|p2a: Weezing|Sludge Bomb|p1a: a special boy
|-damage|p1a: a special boy|48/100
|-status|p1a: a special boy|psn
|move|p1a: a special boy|Ice Beam|p2a: Weezing
|-damage|p2a: Weezing|0 fnt
|faint|p2a: Weezing
|-end|p2a: Weezing|ability: Neutralizing Gas
|
|-damage|p1a: a special boy|36/100 psn|[from] psn
|upkeep
|
|t:|1760381791
|switch|p2a: Ogerpon|Ogerpon-Wellspring, F|7/100
|turn|17
|
|t:|1760381794
|move|p2a: Ogerpon|Knock Off|p1a: a special boy
|-damage|p1a: a special boy|11/100 psn
|-enditem|p1a: a special boy|Eviolite|[from] move: Knock Off|[of] p2a: Ogerpon
|move|p1a: a special boy|Thunderbolt|p2a: Ogerpon
|-damage|p2a: Ogerpon|0 fnt
|faint|p2a: Ogerpon
|
|-damage|p1a: a special boy|0 fnt|[from] psn
|faint|p1a: a special boy
|upkeep
|
|t:|1760381804
|switch|p2a: Dragapult|Dragapult, F|6/100
|switch|p1a: Primarina|Primarina, M|100/100
|-damage|p1a: Primarina|88/100|[from] Stealth Rock
|-damage|p1a: Primarina|76/100|[from] Spikes
|turn|18
|
|t:|1760381813
|move|p2a: Dragapult|Shadow Ball|p1a: Primarina
|-damage|p1a: Primarina|58/100
|move|p1a: Primarina|Psychic Noise|p2a: Dragapult
|-resisted|p2a: Dragapult
|-damage|p2a: Dragapult|0 fnt
|faint|p2a: Dragapult
|
|upkeep
|
|t:|1760381818
|switch|p2a: Skeledirge|Skeledirge, F|100/100
|turn|19
|
|t:|1760381821
|-terastallize|p2a: Skeledirge|Dark
|move|p2a: Skeledirge|Torch Song|p1a: Primarina
|-resisted|p1a: Primarina
|-crit|p1a: Primarina
|-damage|p1a: Primarina|46/100
|-boost|p2a: Skeledirge|spa|1
|move|p1a: Primarina|Psychic Noise|p2a: Skeledirge
|-damage|p2a: Skeledirge|70/100
|-start|p2a: Skeledirge|move: Heal Block
|
|upkeep
|turn|20
|
|t:|1760381827
|move|p2a: Skeledirge|Torch Song|p1a: Primarina
|-resisted|p1a: Primarina
|-damage|p1a: Primarina|34/100
|-boost|p2a: Skeledirge|spa|1
|move|p1a: Primarina|Moonblast|p2a: Skeledirge
|-supereffective|p2a: Skeledirge
|-damage|p2a: Skeledirge|0 fnt
|faint|p2a: Skeledirge
|
|upkeep
|-message|kurobots forfeited.
|
|win|kittensnax
|raw|kittensnax's rating: 1588 &rarr; <strong>1607</strong><br />(+19 for winning)
|raw|kurobots's rating: 1577 &rarr; <strong>1558</strong><br />(-19 for losing)
|l|☆kurobots
|player|p2|
|l|☆kittensnax
|player|p1|
