|j|☆Phantasmagorica
|j|☆ZATUGRO
|t:|1760356897
|gametype|singles
|player|p1|Phantasmagorica|red|1381
|player|p2|ZATUGRO|alder|1350
|gen|9
|tier|[Gen 9] OU
|rated|
|rule|HP Percentage Mod: HP is shown in percentages
|rule|Endless Battle Clause: Forcing endless battles is banned
|rule|Species Clause: Limit one of each Pokémon
|rule|OHKO Clause: OHKO moves are banned
|rule|Evasion Items Clause: Evasion items are banned
|rule|Evasion Moves Clause: Evasion moves are banned
|rule|Evasion Abilities Clause: Evasion abilities are banned
|rule|Sleep Moves Clause: Sleep-inducing moves are banned
|clearpoke
|poke|p1|Landorus-Therian, M|
|poke|p1|Empoleon, M|
|poke|p1|Kingambit, M|
|poke|p1|Hoopa-Unbound|
|poke|p1|Dragapult, F|
|poke|p1|Great Tusk|
|poke|p2|Tyranitar, F|
|poke|p2|Sinistcha-Masterpiece|
|poke|p2|Hatterene, F|
|poke|p2|Grimmsnarl, M|
|poke|p2|Quaquaval, M|
|poke|p2|Garganacl, M|
|teampreview
|inactive|Battle timer is ON: inactive players will automatically lose when time's up. (requested by Phantasmagorica)
|inactive|ZATUGRO also wants the timer to be on.
|
|t:|1760356913
|teamsize|p1|6
|teamsize|p2|6
|start
|switch|p1a: Napoleon|Empoleon, M|100/100
|switch|p2a: Garganacl|Garganacl, M|100/100
|turn|1
|
|t:|1760356929
|move|p1a: Napoleon|Surf|p2a: Garganacl
|-supereffective|p2a: Garganacl
|-damage|p2a: Garganacl|0 fnt
|faint|p2a: Garganacl
|
|upkeep
|
|t:|1760356934
|switch|p2a: Sinistcha|Sinistcha-Masterpiece|100/100
|turn|2
|
|t:|1760356944
|switch|p1a: America|Dragapult, F|100/100
|move|p2a: Sinistcha|Calm Mind|p2a: Sinistcha
|-boost|p2a: Sinistcha|spa|1
|-boost|p2a: Sinistcha|spd|1
|
|upkeep
|turn|3
|
|t:|1760356955
|move|p1a: America|Dragon Darts|p2a: Sinistcha
|-damage|p2a: Sinistcha|86/100
|-anim|p1a: America|Dragon Darts|p2a: Sinistcha
|-damage|p2a: Sinistcha|72/100
|move|p2a: Sinistcha|Strength Sap|p1a: America
|-fail|p1a: America|unboost|[from] ability: Clear Body|[of] p1a: America
|-heal|p2a: Sinistcha|100/100
|
|upkeep
|turn|4
|
|t:|1760356965
|move|p1a: America|Will-O-Wisp|p2a: Sinistcha
|-status|p2a: Sinistcha|brn
|move|p2a: Sinistcha|Calm Mind|p2a: Sinistcha
|-boost|p2a: Sinistcha|spa|1
|-boost|p2a: Sinistcha|spd|1
|
|-damage|p2a: Sinistcha|98/100 brn|[from] brn
|upkeep
|turn|5
|
|t:|1760356975
|move|p1a: America|Hex|p2a: Sinistcha
|-supereffective|p2a: Sinistcha
|-damage|p2a: Sinistcha|30/100 brn
|move|p2a: Sinistcha|Calm Mind|p2a: Sinistcha
|-boost|p2a: Sinistcha|spa|1
|-boost|p2a: Sinistcha|spd|1
|
|-damage|p2a: Sinistcha|27/100 brn|[from] brn
|upkeep
|turn|6
|
|t:|1760356985
|switch|p2a: Grimmsnarl|Grimmsnarl, M, shiny|100/100
|move|p1a: America|Hex|p2a: Grimmsnarl
|-resisted|p2a: Grimmsnarl
|-damage|p2a: Grimmsnarl|86/100
|
|upkeep
|turn|7
|
|t:|1760356992
|switch|p1a: Napoleon|Empoleon, M|100/100
|move|p2a: Grimmsnarl|Thunder Wave|p1a: Napoleon
|-status|p1a: Napoleon|par
|
|upkeep
|turn|8
|
|t:|1760357001
|move|p2a: Grimmsnarl|Light Screen|p2a: Grimmsnarl
|-sidestart|p2: ZATUGRO|move: Light Screen
|move|p1a: Napoleon|Flash Cannon|p2a: Grimmsnarl
|-supereffective|p2a: Grimmsnarl
|-damage|p2a: Grimmsnarl|21/100
|
|upkeep
|turn|9
|
|t:|1760357009
|switch|p2a: Quaquaval|Quaquaval, M|100/100
|move|p1a: Napoleon|Flash Cannon|p2a: Quaquaval
|-resisted|p2a: Quaquaval
|-damage|p2a: Quaquaval|78/100
|-unboost|p2a: Quaquaval|spd|1
|
|upkeep
|turn|10
|
|t:|1760357020
|switch|p1a: America|Dragapult, F|100/100
|move|p2a: Quaquaval|Aqua Step|p1a: America
|-resisted|p1a: America
|-damage|p1a: America|74/100
|-boost|p2a: Quaquaval|spe|1
|
|upkeep
|turn|11
|
|t:|1760357027
|move|p2a: Quaquaval|Ice Spinner|p1a: America
|-supereffective|p1a: America
|-damage|p1a: America|4/100
|move|p1a: America|Will-O-Wisp|p2a: Quaquaval
|-status|p2a: Quaquaval|brn
|
|-damage|p2a: Quaquaval|72/100 brn|[from] brn
|upkeep
|turn|12
|
|t:|1760357035
|move|p2a: Quaquaval|Ice Spinner|p1a: America
|-supereffective|p1a: America
|-damage|p1a: America|0 fnt
|faint|p1a: America
|-ability|p2a: Quaquaval|Moxie|boost
|-boost|p2a: Quaquaval|atk|1
|
|-damage|p2a: Quaquaval|65/100 brn|[from] brn
|upkeep
|
|t:|1760357038
|switch|p1a: Wet dream|Hoopa-Unbound|100/100
|turn|13
|
|t:|1760357049
|move|p2a: Quaquaval|Close Combat|p1a: Wet dream
|-damage|p1a: Wet dream|48/100
|-unboost|p2a: Quaquaval|def|1
|-unboost|p2a: Quaquaval|spd|1
|move|p1a: Wet dream|Psychic Noise|p2a: Quaquaval
|-supereffective|p2a: Quaquaval
|-damage|p2a: Quaquaval|0 fnt
|faint|p2a: Quaquaval
|
|upkeep
|
|t:|1760357070
|switch|p2a: Tyranitar|Tyranitar, F|100/100
|-weather|Sandstorm|[from] ability: Sand Stream|[of] p2a: Tyranitar
|turn|14
|
|t:|1760357075
|move|p2a: Tyranitar|Dragon Dance|p2a: Tyranitar
|-boost|p2a: Tyranitar|atk|1
|-boost|p2a: Tyranitar|spe|1
|move|p1a: Wet dream|Drain Punch|p2a: Tyranitar
|-supereffective|p2a: Tyranitar
|-damage|p2a: Tyranitar|5/100
|-heal|p1a: Wet dream|92/100|[from] drain|[of] p2a: Tyranitar
|
|-weather|Sandstorm|[upkeep]
|-damage|p1a: Wet dream|86/100|[from] Sandstorm
|-heal|p2a: Tyranitar|12/100|[from] item: Leftovers
|upkeep
|turn|15
|
|t:|1760357088
|switch|p1a: Tiger Man|Landorus-Therian, M|100/100
|-ability|p1a: Tiger Man|Intimidate|boost
|-unboost|p2a: Tyranitar|atk|1
|move|p2a: Tyranitar|Knock Off|p1a: Tiger Man
|-damage|p1a: Tiger Man|49/100
|-damage|p2a: Tyranitar|0 fnt|[from] item: Rocky Helmet|[of] p1a: Tiger Man
|faint|p2a: Tyranitar
|
|-weather|Sandstorm|[upkeep]
|-sideend|p2: ZATUGRO|move: Light Screen
|upkeep
|
|t:|1760357102
|switch|p2a: Hatterene|Hatterene, F|100/100
|turn|16
|
|t:|1760357110
|move|p1a: Tiger Man|Earth Power|p2a: Hatterene
|-damage|p2a: Hatterene|66/100
|-enditem|p2a: Hatterene|Eject Button
|
|t:|1760357116
|switch|p2a: Grimmsnarl|Grimmsnarl, M, shiny|21/100
|
|-weather|Sandstorm|[upkeep]
|-damage|p2a: Grimmsnarl|15/100|[from] Sandstorm
|upkeep
|turn|17
|
|t:|1760357122
|move|p2a: Grimmsnarl|Light Screen|p2a: Grimmsnarl
|-sidestart|p2: ZATUGRO|move: Light Screen
|move|p1a: Tiger Man|Taunt|p2a: Grimmsnarl
|-start|p2a: Grimmsnarl|move: Taunt
|
|-weather|Sandstorm|[upkeep]
|-damage|p2a: Grimmsnarl|9/100|[from] Sandstorm
|upkeep
|turn|18
|
|t:|1760357130
|move|p1a: Tiger Man|Stealth Rock|p2a: Grimmsnarl
|-sidestart|p2: ZATUGRO|move: Stealth Rock
|move|p2a: Grimmsnarl|Spirit Break|p1a: Tiger Man
|-damage|p1a: Tiger Man|16/100
|-unboost|p1a: Tiger Man|spa|1
|-damage|p2a: Grimmsnarl|0 fnt|[from] item: Rocky Helmet|[of] p1a: Tiger Man
|faint|p2a: Grimmsnarl
|
|-weather|none
|upkeep
|
|t:|1760357139
|switch|p2a: Hatterene|Hatterene, F|66/100
|-damage|p2a: Hatterene|53/100|[from] Stealth Rock
|turn|19
|
|t:|1760357150
|move|p1a: Tiger Man|U-turn|p2a: Hatterene
|-damage|p2a: Hatterene|29/100
|
|t:|1760357154
|switch|p1a: Napoleon|Empoleon, M|100/100 par|[from] U-turn
|move|p2a: Hatterene|Healing Wish|p2a: Hatterene
|faint|p2a: Hatterene
|
|upkeep
|
|t:|1760357159
|switch|p2a: Sinistcha|Sinistcha-Masterpiece|27/100 brn
|-heal|p2a: Sinistcha|100/100|[from] move: Healing Wish
|turn|20
|
|t:|1760357164
|move|p2a: Sinistcha|Calm Mind|p2a: Sinistcha
|-boost|p2a: Sinistcha|spa|1
|-boost|p2a: Sinistcha|spd|1
|cant|p1a: Napoleon|par
|
|upkeep
|turn|21
|
|t:|1760357170
|move|p2a: Sinistcha|Calm Mind|p2a: Sinistcha
|-boost|p2a: Sinistcha|spa|1
|-boost|p2a: Sinistcha|spd|1
|move|p1a: Napoleon|Flash Cannon|p2a: Sinistcha
|-damage|p2a: Sinistcha|83/100
|-unboost|p2a: Sinistcha|spd|1
|
|upkeep
|turn|22
|
|t:|1760357176
|move|p2a: Sinistcha|Calm Mind|p2a: Sinistcha
|-boost|p2a: Sinistcha|spa|1
|-boost|p2a: Sinistcha|spd|1
|move|p1a: Napoleon|Flash Cannon|p2a: Sinistcha
|-damage|p2a: Sinistcha|63/100
|
|upkeep
|turn|23
|
|t:|1760357183
|move|p2a: Sinistcha|Matcha Gotcha|p1a: Napoleon
|-damage|p1a: Napoleon|8/100 par
|-heal|p2a: Sinistcha|100/100|[from] drain|[of] p1a: Napoleon
|move|p1a: Napoleon|Flash Cannon|p2a: Sinistcha
|-damage|p2a: Sinistcha|84/100
|
|upkeep
|turn|24
|
|t:|1760357193
|move|p2a: Sinistcha|Matcha Gotcha|p1a: Napoleon|[miss]
|-miss|p2a: Sinistcha|p1a: Napoleon
|move|p1a: Napoleon|Flash Cannon|p2a: Sinistcha
|-damage|p2a: Sinistcha|66/100
|
|-sideend|p2: ZATUGRO|move: Light Screen
|upkeep
|turn|25
|
|t:|1760357200
|move|p2a: Sinistcha|Strength Sap|p1a: Napoleon
|-unboost|p1a: Napoleon|atk|1
|-ability|p1a: Napoleon|Competitive|boost
|-boost|p1a: Napoleon|spa|2
|-heal|p2a: Sinistcha|100/100
|move|p1a: Napoleon|Flash Cannon|p2a: Sinistcha
|-damage|p2a: Sinistcha|28/100
|
|upkeep
|turn|26
|
|t:|1760357208
|move|p2a: Sinistcha|Matcha Gotcha|p1a: Napoleon
|-damage|p1a: Napoleon|0 fnt
|-heal|p2a: Sinistcha|32/100|[from] drain|[of] p1a: Napoleon
|faint|p1a: Napoleon
|
|upkeep
|
|t:|1760357212
|switch|p1a: Cool Jeff|Great Tusk|100/100
|turn|27
|
|t:|1760357217
|move|p1a: Cool Jeff|Ice Spinner|p2a: Sinistcha
|-supereffective|p2a: Sinistcha
|-damage|p2a: Sinistcha|0 fnt
|faint|p2a: Sinistcha
|
|win|Phantasmagorica
|raw|Phantasmagorica's rating: 1381 &rarr; <strong>1399</strong><br />(+18 for winning)
|raw|ZATUGRO's rating: 1350 &rarr; <strong>1332</strong><br />(-18 for losing)
|l|☆ZATUGRO
|player|p2|
|l|☆Phantasmagorica
|player|p1|
