|j|☆Fnaf Boi Gaming
|j|☆sook9
|t:|1760371183
|gametype|singles
|player|p1|Fnaf Boi Gaming|102|1062
|player|p2|sook9|102|1093
|gen|9
|tier|[Gen 9] OU
|rated|
|rule|HP Percentage Mod: HP is shown in percentages
|rule|Endless Battle Clause: Forcing endless battles is banned
|rule|Species Clause: Limit one of each Pokémon
|rule|OHKO Clause: OHKO moves are banned
|rule|Evasion Items Clause: Evasion items are banned
|rule|Evasion Moves Clause: Evasion moves are banned
|rule|Evasion Abilities Clause: Evasion abilities are banned
|rule|Sleep Moves Clause: Sleep-inducing moves are banned
|clearpoke
|poke|p1|Zoroark-Hisui, F|
|poke|p1|Falinks|
|poke|p1|Greninja-*, M|
|poke|p1|Rabsca, F|
|poke|p1|Murkrow, F|
|poke|p1|Eelektross, F|
|poke|p2|Zoroark, M|
|poke|p2|Shiftry, M|
|poke|p2|Gyarados, M|
|poke|p2|Incineroar, M|
|poke|p2|Lapras, F|
|poke|p2|Salamence, F|
|teampreview
|inactive|Battle timer is ON: inactive players will automatically lose when time's up. (requested by Fnaf Boi Gaming)
|
|t:|1760371203
|teamsize|p1|6
|teamsize|p2|6
|start
|switch|p1a: Eelektross|Eelektross, F, shiny|100/100
|switch|p2a: Lapras|Lapras, F|100/100
|turn|1
|
|t:|1760371213
|move|p2a: Lapras|Protect|p2a: Lapras
|-singleturn|p2a: Lapras|Protect
|move|p1a: Eelektross|Coil|p1a: Eelektross
|-boost|p1a: Eelektross|atk|1
|-boost|p1a: Eelektross|def|1
|-boost|p1a: Eelektross|accuracy|1
|
|upkeep
|turn|2
|
|t:|1760371219
|move|p2a: Lapras|Encore|p1a: Eelektross
|-start|p1a: Eelektross|Encore
|move|p1a: Eelektross|Coil|p1a: Eelektross
|-boost|p1a: Eelektross|atk|1
|-boost|p1a: Eelektross|def|1
|-boost|p1a: Eelektross|accuracy|1
|
|upkeep
|turn|3
|
|t:|1760371233
|switch|p1a: Greninja|Greninja, M|100/100
|move|p2a: Lapras|Toxic|p1a: Greninja
|-status|p1a: Greninja|tox
|
|-damage|p1a: Greninja|95/100 tox|[from] psn
|upkeep
|turn|4
|
|t:|1760371242
|move|p2a: Lapras|Protect|p2a: Lapras
|-singleturn|p2a: Lapras|Protect
|move|p1a: Greninja|Sludge Wave|p2a: Lapras
|-start|p1a: Greninja|typechange|Poison|[from] ability: Protean
|-activate|p2a: Lapras|move: Protect
|
|-damage|p1a: Greninja|83/100 tox|[from] psn
|upkeep
|turn|5
|
|t:|1760371254
|switch|p2a: Incineroar|Incineroar, M|100/100
|move|p1a: Greninja|Sludge Wave|p2a: Incineroar
|-damage|p2a: Incineroar|54/100
|
|-damage|p1a: Greninja|65/100 tox|[from] psn
|upkeep
|turn|6
|
|t:|1760371264
|move|p1a: Greninja|Water Shuriken|p2a: Incineroar
|-supereffective|p2a: Incineroar
|-damage|p2a: Incineroar|43/100
|-supereffective|p2a: Incineroar
|-damage|p2a: Incineroar|33/100
|-supereffective|p2a: Incineroar
|-damage|p2a: Incineroar|23/100
|-hitcount|p2a: Incineroar|3
|move|p2a: Incineroar|Knock Off|p1a: Greninja
|-damage|p1a: Greninja|0 fnt
|-enditem|p1a: Greninja|Weakness Policy|[from] move: Knock Off|[of] p2a: Incineroar
|faint|p1a: Greninja
|
|upkeep
|
|t:|1760371274
|switch|p1a: Murkrow|Murkrow, F|100/100
|turn|7
|
|t:|1760371279
|switch|p2a: Salamence|Salamence, F, shiny|100/100
|-ability|p2a: Salamence|Intimidate|boost
|-unboost|p1a: Murkrow|atk|1
|move|p1a: Murkrow|Air Slash|p2a: Salamence
|-damage|p2a: Salamence|64/100
|
|upkeep
|turn|8
|
|t:|1760371289
|move|p1a: Murkrow|Thunder Wave|p2a: Salamence
|-status|p2a: Salamence|par
|move|p2a: Salamence|Flamethrower|p1a: Murkrow
|-damage|p1a: Murkrow|36/100
|
|upkeep
|turn|9
|
|t:|1760371296
|move|p1a: Murkrow|Confuse Ray|p2a: Salamence
|-start|p2a: Salamence|confusion
|-activate|p2a: Salamence|confusion
|-damage|p2a: Salamence|47/100 par|[from] confusion
|
|upkeep
|turn|10
|
|t:|1760371301
|move|p1a: Murkrow|Air Slash|p2a: Salamence
|-crit|p2a: Salamence
|-damage|p2a: Salamence|0 fnt
|faint|p2a: Salamence
|
|upkeep
|
|t:|1760371312
|switch|p2a: Shiftry|Shiftry, M|100/100
|turn|11
|
|t:|1760371316
|move|p2a: Shiftry|Fake Out|p1a: Murkrow
|-damage|p1a: Murkrow|22/100
|cant|p1a: Murkrow|flinch
|
|upkeep
|turn|12
|
|t:|1760371321
|move|p1a: Murkrow|Air Slash|p2a: Shiftry
|-supereffective|p2a: Shiftry
|-damage|p2a: Shiftry|15/100
|move|p2a: Shiftry|Tailwind|p2a: Shiftry
|-sidestart|p2: sook9|move: Tailwind
|
|upkeep
|turn|13
|
|t:|1760371328
|move|p2a: Shiftry|Leech Seed|p1a: Murkrow
|-start|p1a: Murkrow|move: Leech Seed
|move|p1a: Murkrow|Air Slash|p2a: Shiftry
|-supereffective|p2a: Shiftry
|-damage|p2a: Shiftry|0 fnt
|faint|p2a: Shiftry
|
|upkeep
|
|t:|1760371336
|switch|p2a: Gyarados|Gyarados, M|100/100
|turn|14
|
|t:|1760371345
|-terastallize|p2a: Gyarados|Ground
|move|p1a: Murkrow|Thunder Wave|p2a: Gyarados
|-immune|p2a: Gyarados
|move|p2a: Gyarados|Dragon Dance|p2a: Gyarados
|-boost|p2a: Gyarados|atk|1
|-boost|p2a: Gyarados|spe|1
|
|-damage|p1a: Murkrow|9/100|[from] Leech Seed|[of] p2a: Gyarados
|upkeep
|turn|15
|
|t:|1760371353
|move|p2a: Gyarados|Waterfall|p1a: Murkrow
|-damage|p1a: Murkrow|0 fnt
|faint|p1a: Murkrow
|-ability|p2a: Gyarados|Moxie|boost
|-boost|p2a: Gyarados|atk|1
|-damage|p2a: Gyarados|91/100|[from] item: Life Orb
|
|-sideend|p2: sook9|move: Tailwind
|upkeep
|
|t:|1760371369
|switch|p1a: Falinks|Falinks|100/100
|turn|16
|
|t:|1760371375
|move|p2a: Gyarados|Earthquake|p1a: Falinks
|-enditem|p1a: Falinks|Focus Sash
|-damage|p1a: Falinks|1/100
|-damage|p2a: Gyarados|81/100|[from] item: Life Orb
|move|p1a: Falinks|No Retreat|p1a: Falinks
|-boost|p1a: Falinks|atk|1
|-boost|p1a: Falinks|def|1
|-boost|p1a: Falinks|spa|1
|-boost|p1a: Falinks|spd|1
|-boost|p1a: Falinks|spe|1
|-start|p1a: Falinks|move: No Retreat
|
|upkeep
|turn|17
|
|t:|1760371388
|move|p2a: Gyarados|Waterfall|p1a: Falinks
|-damage|p1a: Falinks|0 fnt
|faint|p1a: Falinks
|-ability|p2a: Gyarados|Moxie|boost
|-boost|p2a: Gyarados|atk|1
|-damage|p2a: Gyarados|71/100|[from] item: Life Orb
|
|upkeep
|
|t:|1760371396
|switch|p1a: Eelektross|Eelektross, F, shiny|100/100
|turn|18
|
|t:|1760371403
|move|p2a: Gyarados|Crunch|p1a: Eelektross
|-damage|p1a: Eelektross|5/100
|-damage|p2a: Gyarados|61/100|[from] item: Life Orb
|move|p1a: Eelektross|Coil|p1a: Eelektross
|-boost|p1a: Eelektross|atk|1
|-boost|p1a: Eelektross|def|1
|-boost|p1a: Eelektross|accuracy|1
|
|-heal|p1a: Eelektross|11/100|[from] item: Leftovers
|upkeep
|turn|19
|
|t:|1760371411
|move|p2a: Gyarados|Crunch|p1a: Eelektross
|-damage|p1a: Eelektross|0 fnt
|faint|p1a: Eelektross
|-ability|p2a: Gyarados|Moxie|boost
|-boost|p2a: Gyarados|atk|1
|-damage|p2a: Gyarados|51/100|[from] item: Life Orb
|
|upkeep
|
|t:|1760371414
|switch|p1a: Rabsca|Rabsca, F|100/100
|turn|20
|
|t:|1760371426
|move|p2a: Gyarados|Crunch|p1a: Rabsca
|-supereffective|p1a: Rabsca
|-enditem|p1a: Rabsca|Focus Sash
|-damage|p1a: Rabsca|1/100
|replace|p1a: Zoroark|Zoroark-Hisui, F
|-end|p1a: Zoroark|Illusion
|-damage|p2a: Gyarados|41/100|[from] item: Life Orb
|move|p1a: Zoroark|Hyper Voice|p2a: Gyarados
|-damage|p2a: Gyarados|0 fnt
|faint|p2a: Gyarados
|
|upkeep
|
|t:|1760371439
|switch|p2a: Lapras|Lapras, F|100/100
|turn|21
|
|t:|1760371444
|move|p1a: Zoroark|Hyper Voice|p2a: Lapras
|-damage|p2a: Lapras|82/100
|move|p2a: Lapras|Sparkling Aria|p1a: Zoroark
|-damage|p1a: Zoroark|0 fnt
|faint|p1a: Zoroark
|
|upkeep
|
|t:|1760371449
|switch|p1a: Rabsca|Rabsca, F|100/100
|turn|22
|
|t:|1760371454
|move|p2a: Lapras|Body Slam|p1a: Rabsca
|-damage|p1a: Rabsca|87/100
|move|p1a: Rabsca|Revival Blessing|p1a: Rabsca
|
|t:|1760371474
|-heal|p1: Eelektross|50/100|[from] move: Revival Blessing
|
|upkeep
|turn|23
|
|t:|1760371483
|switch|p2a: Incineroar|Incineroar, M|23/100
|move|p1a: Rabsca|Cosmic Power|p1a: Rabsca
|-boost|p1a: Rabsca|def|1
|-boost|p1a: Rabsca|spd|1
|
|upkeep
|turn|24
|
|t:|1760371492
|move|p2a: Incineroar|Flare Blitz|p1a: Rabsca
|-supereffective|p1a: Rabsca
|-damage|p1a: Rabsca|0 fnt
|faint|p1a: Rabsca
|-damage|p2a: Incineroar|0 fnt|[from] Recoil
|faint|p2a: Incineroar
|
|upkeep
|
|t:|1760371499
|switch|p2a: Lapras|Lapras, F|100/100
|switch|p1a: Eelektross|Eelektross, F, shiny|50/100
|turn|25
|
|t:|1760371507
|-terastallize|p1a: Eelektross|Poison
|move|p2a: Lapras|Toxic|p1a: Eelektross
|-immune|p1a: Eelektross
|move|p1a: Eelektross|Coil|p1a: Eelektross
|-boost|p1a: Eelektross|atk|1
|-boost|p1a: Eelektross|def|1
|-boost|p1a: Eelektross|accuracy|1
|
|-heal|p1a: Eelektross|57/100|[from] item: Leftovers
|upkeep
|turn|26
|
|t:|1760371517
|move|p2a: Lapras|Encore|p1a: Eelektross
|-start|p1a: Eelektross|Encore
|move|p1a: Eelektross|Coil|p1a: Eelektross
|-boost|p1a: Eelektross|atk|1
|-boost|p1a: Eelektross|def|1
|-boost|p1a: Eelektross|accuracy|1
|
|-heal|p1a: Eelektross|63/100|[from] item: Leftovers
|upkeep
|turn|27
|
|t:|1760371524
|move|p2a: Lapras|Knock Off|p1a: Eelektross
|-damage|p1a: Eelektross|47/100
|-enditem|p1a: Eelektross|Leftovers|[from] move: Knock Off|[of] p2a: Lapras
|move|p1a: Eelektross|Coil|p1a: Eelektross
|-boost|p1a: Eelektross|atk|1
|-boost|p1a: Eelektross|def|1
|-boost|p1a: Eelektross|accuracy|1
|
|upkeep
|turn|28
|
|t:|1760371530
|move|p2a: Lapras|Knock Off|p1a: Eelektross
|-damage|p1a: Eelektross|39/100
|move|p1a: Eelektross|Coil|p1a: Eelektross
|-boost|p1a: Eelektross|atk|1
|-boost|p1a: Eelektross|def|1
|-boost|p1a: Eelektross|accuracy|1
|
|-end|p1a: Eelektross|Encore
|upkeep
|turn|29
|
|t:|1760371537
|move|p2a: Lapras|Encore|p1a: Eelektross
|-start|p1a: Eelektross|Encore
|move|p1a: Eelektross|Coil|p1a: Eelektross
|-boost|p1a: Eelektross|atk|1
|-boost|p1a: Eelektross|def|1
|-boost|p1a: Eelektross|accuracy|1
|
|upkeep
|turn|30
|-message|Fnaf Boi Gaming forfeited.
|
|win|sook9
|raw|Fnaf Boi Gaming's rating: 1062 &rarr; <strong>1044</strong><br />(-18 for losing)
|raw|sook9's rating: 1093 &rarr; <strong>1117</strong><br />(+24 for winning)
|l|☆Fnaf Boi Gaming
|player|p1|
|l|☆sook9
|player|p2|
