|j|☆blizzmat
|j|☆elbows4sale
|t:|1760427996
|gametype|singles
|player|p1|blizzmat|colress|1375
|player|p2|elbows4sale|101|1418
|gen|9
|tier|[Gen 9] OU
|rated|
|rule|HP Percentage Mod: HP is shown in percentages
|rule|Endless Battle Clause: Forcing endless battles is banned
|rule|Species Clause: Limit one of each Pokémon
|rule|OHKO Clause: OHKO moves are banned
|rule|Evasion Items Clause: Evasion items are banned
|rule|Evasion Moves Clause: Evasion moves are banned
|rule|Evasion Abilities Clause: Evasion abilities are banned
|rule|Sleep Moves Clause: Sleep-inducing moves are banned
|clearpoke
|poke|p1|Gholdengo|
|poke|p1|Enamorus, F|
|poke|p1|Ogerpon-Wellspring, F|
|poke|p1|Dragapult, F|
|poke|p1|Zamazenta-*|
|poke|p1|Glimmora, F|
|poke|p2|Ninetales, M|
|poke|p2|Ceruledge, M|
|poke|p2|Venusaur, M|
|poke|p2|Hatterene, F|
|poke|p2|Great Tusk|
|poke|p2|Walking Wake|
|teampreview
|inactive|Battle timer is ON: inactive players will automatically lose when time's up. (requested by blizzmat)
|
|t:|1760428013
|teamsize|p1|6
|teamsize|p2|6
|start
|switch|p1a: Zamazenta|Zamazenta|100/100
|switch|p2a: Lynrd Spynrd|Great Tusk|100/100
|-ability|p1a: Zamazenta|Dauntless Shield|boost
|-boost|p1a: Zamazenta|def|1
|turn|1
|
|t:|1760428027
|move|p1a: Zamazenta|Body Press|p2a: Lynrd Spynrd
|-damage|p2a: Lynrd Spynrd|70/100
|-damage|p1a: Zamazenta|84/100|[from] item: Rocky Helmet|[of] p2a: Lynrd Spynrd
|move|p2a: Lynrd Spynrd|Stealth Rock|p1a: Zamazenta
|-sidestart|p1: blizzmat|move: Stealth Rock
|
|-heal|p1a: Zamazenta|90/100|[from] item: Leftovers
|upkeep
|turn|2
|inactive|elbows4sale has 120 seconds left.
|
|t:|1760428062
|move|p1a: Zamazenta|Iron Defense|p1a: Zamazenta
|-boost|p1a: Zamazenta|def|2
|move|p2a: Lynrd Spynrd|Headlong Rush|p1a: Zamazenta
|-damage|p1a: Zamazenta|75/100
|-unboost|p2a: Lynrd Spynrd|def|1
|-unboost|p2a: Lynrd Spynrd|spd|1
|
|-heal|p1a: Zamazenta|81/100|[from] item: Leftovers
|upkeep
|turn|3
|inactive|elbows4sale has 120 seconds left.
|
|t:|1760428086
|-end|p2a: Lynrd Spynrd|Protosynthesis|[silent]
|switch|p2a: Die w A Smile|Hatterene, F|100/100
|move|p1a: Zamazenta|Body Press|p2a: Die w A Smile
|-resisted|p2a: Die w A Smile
|-damage|p2a: Die w A Smile|84/100
|-enditem|p2a: Die w A Smile|Eject Button
|inactive|elbows4sale has 90 seconds left.
|
|t:|1760428127
|switch|p2a: Kurama Chakra Mode|Ninetales, M|100/100
|-weather|SunnyDay|[from] ability: Drought|[of] p2a: Kurama Chakra Mode
|
|-weather|SunnyDay|[upkeep]
|-heal|p1a: Zamazenta|88/100|[from] item: Leftovers
|upkeep
|turn|4
|
|t:|1760428134
|move|p1a: Zamazenta|Body Press|p2a: Kurama Chakra Mode
|-damage|p2a: Kurama Chakra Mode|15/100
|move|p2a: Kurama Chakra Mode|Will-O-Wisp|p1a: Zamazenta
|-status|p1a: Zamazenta|brn
|
|-weather|SunnyDay|[upkeep]
|-heal|p1a: Zamazenta|94/100 brn|[from] item: Leftovers
|-damage|p1a: Zamazenta|88/100 brn|[from] brn
|upkeep
|turn|5
|
|t:|1760428156
|switch|p2a: Dubya|Walking Wake|100/100
|-activate|p2a: Dubya|ability: Protosynthesis
|-start|p2a: Dubya|protosynthesisspa
|move|p1a: Zamazenta|Iron Defense|p1a: Zamazenta
|-boost|p1a: Zamazenta|def|2
|
|-weather|SunnyDay|[upkeep]
|-heal|p1a: Zamazenta|94/100 brn|[from] item: Leftovers
|-damage|p1a: Zamazenta|88/100 brn|[from] brn
|upkeep
|turn|6
|
|t:|1760428165
|move|p1a: Zamazenta|Body Press|p2a: Dubya
|-damage|p2a: Dubya|40/100
|move|p2a: Dubya|Hydro Steam|p1a: Zamazenta
|-damage|p1a: Zamazenta|9/100 brn
|
|-weather|SunnyDay|[upkeep]
|-heal|p1a: Zamazenta|15/100 brn|[from] item: Leftovers
|-damage|p1a: Zamazenta|9/100 brn|[from] brn
|upkeep
|turn|7
|
|t:|1760428182
|-end|p2a: Dubya|Protosynthesis|[silent]
|switch|p2a: Die w A Smile|Hatterene, F|84/100
|move|p1a: Zamazenta|Body Press|p2a: Die w A Smile
|-resisted|p2a: Die w A Smile
|-damage|p2a: Die w A Smile|73/100
|
|-weather|SunnyDay|[upkeep]
|-heal|p1a: Zamazenta|15/100 brn|[from] item: Leftovers
|-damage|p1a: Zamazenta|9/100 brn|[from] brn
|upkeep
|turn|8
|inactive|elbows4sale has 60 seconds left.
|
|t:|1760428203
|move|p1a: Zamazenta|Heavy Slam|p2a: Die w A Smile
|-supereffective|p2a: Die w A Smile
|-damage|p2a: Die w A Smile|47/100
|move|p2a: Die w A Smile|Dazzling Gleam|p1a: Zamazenta
|-supereffective|p1a: Zamazenta
|-damage|p1a: Zamazenta|0 fnt
|faint|p1a: Zamazenta
|
|-weather|SunnyDay|[upkeep]
|upkeep
|
|t:|1760428209
|switch|p1a: Glimmora|Glimmora, F|100/100
|-damage|p1a: Glimmora|88/100|[from] Stealth Rock
|turn|9
|
|t:|1760428217
|move|p1a: Glimmora|Stealth Rock|p2a: Die w A Smile
|move|p2a: Die w A Smile|Stealth Rock||[from] ability: Magic Bounce|[still]
|-fail|p2a: Die w A Smile
|move|p2a: Die w A Smile|Psychic Noise|p1a: Glimmora
|-supereffective|p1a: Glimmora
|-damage|p1a: Glimmora|2/100
|-start|p1a: Glimmora|move: Heal Block
|-enditem|p1a: Glimmora|Red Card|[of] p2a: Die w A Smile
|drag|p2a: Venu Vidi Vici|Venusaur, M|100/100
|
|-weather|SunnyDay|[upkeep]
|upkeep
|turn|10
|
|t:|1760428237
|move|p2a: Venu Vidi Vici|Giga Drain|p1a: Glimmora
|-damage|p1a: Glimmora|0 fnt
|faint|p1a: Glimmora
|-damage|p2a: Venu Vidi Vici|91/100|[from] item: Life Orb
|
|-weather|none
|upkeep
|
|t:|1760428254
|switch|p1a: Gholdengo|Gholdengo|100/100
|-damage|p1a: Gholdengo|94/100|[from] Stealth Rock
|turn|11
|inactive|elbows4sale has 60 seconds left.
|inactive|elbows4sale has 30 seconds left.
|
|t:|1760428306
|switch|p2a: Lynrd Spynrd|Great Tusk|70/100
|move|p1a: Gholdengo|Psyshock|p2a: Lynrd Spynrd
|-supereffective|p2a: Lynrd Spynrd
|-damage|p2a: Lynrd Spynrd|28/100
|
|upkeep
|turn|12
|
|t:|1760428311
|move|p2a: Lynrd Spynrd|Headlong Rush|p1a: Gholdengo
|-supereffective|p1a: Gholdengo
|-damage|p1a: Gholdengo|27/100
|-unboost|p2a: Lynrd Spynrd|def|1
|-unboost|p2a: Lynrd Spynrd|spd|1
|move|p1a: Gholdengo|Psyshock|p2a: Lynrd Spynrd
|-supereffective|p2a: Lynrd Spynrd
|-damage|p2a: Lynrd Spynrd|0 fnt
|faint|p2a: Lynrd Spynrd
|-end|p2a: Lynrd Spynrd|Protosynthesis|[silent]
|
|upkeep
|
|t:|1760428321
|switch|p2a: Kurama Chakra Mode|Ninetales, M|15/100
|-weather|SunnyDay|[from] ability: Drought|[of] p2a: Kurama Chakra Mode
|turn|13
|
|t:|1760428329
|switch|p1a: Dragapult|Dragapult, F|100/100
|move|p2a: Kurama Chakra Mode|Flamethrower|p1a: Dragapult
|-resisted|p1a: Dragapult
|-damage|p1a: Dragapult|77/100
|
|-weather|SunnyDay|[upkeep]
|upkeep
|turn|14
|
|t:|1760428344
|switch|p2a: Die w A Smile|Hatterene, F|47/100
|move|p1a: Dragapult|U-turn|p2a: Die w A Smile
|-damage|p2a: Die w A Smile|30/100
|
|t:|1760428348
|switch|p1a: Gholdengo|Gholdengo|27/100|[from] U-turn
|-damage|p1a: Gholdengo|21/100|[from] Stealth Rock
|
|-weather|SunnyDay|[upkeep]
|upkeep
|turn|15
|
|t:|1760428359
|move|p1a: Gholdengo|Shadow Ball|p2a: Die w A Smile
|-supereffective|p2a: Die w A Smile
|-damage|p2a: Die w A Smile|0 fnt
|faint|p2a: Die w A Smile
|
|-weather|SunnyDay|[upkeep]
|upkeep
|
|t:|1760428375
|switch|p2a: Slayboi Carti|Ceruledge, M|100/100
|turn|16
|
|t:|1760428382
|move|p2a: Slayboi Carti|Swords Dance|p2a: Slayboi Carti
|-boost|p2a: Slayboi Carti|atk|2
|move|p1a: Gholdengo|Shadow Ball|p2a: Slayboi Carti
|-supereffective|p2a: Slayboi Carti
|-enditem|p2a: Slayboi Carti|Focus Sash
|-damage|p2a: Slayboi Carti|1/100
|
|-weather|SunnyDay|[upkeep]
|upkeep
|turn|17
|
|t:|1760428392
|move|p2a: Slayboi Carti|Bitter Blade|p1a: Gholdengo
|-supereffective|p1a: Gholdengo
|-damage|p1a: Gholdengo|0 fnt
|-heal|p2a: Slayboi Carti|14/100|[from] drain|[of] p1a: Gholdengo
|faint|p1a: Gholdengo
|
|-weather|SunnyDay|[upkeep]
|upkeep
|
|t:|1760428422
|switch|p1a: Enamorus|Enamorus, F|100/100
|-damage|p1a: Enamorus|76/100|[from] Stealth Rock
|turn|18
|
|t:|1760428439
|switch|p2a: Venu Vidi Vici|Venusaur, M|91/100
|move|p1a: Enamorus|Earth Power|p2a: Venu Vidi Vici
|-damage|p2a: Venu Vidi Vici|54/100
|
|-weather|SunnyDay|[upkeep]
|upkeep
|turn|19
|
|t:|1760428446
|move|p2a: Venu Vidi Vici|Sludge Bomb|p1a: Enamorus
|-supereffective|p1a: Enamorus
|-damage|p1a: Enamorus|0 fnt
|faint|p1a: Enamorus
|-damage|p2a: Venu Vidi Vici|44/100|[from] item: Life Orb
|
|-weather|SunnyDay|[upkeep]
|upkeep
|
|t:|1760428450
|switch|p1a: Dragapult|Dragapult, F|77/100
|turn|20
|inactive|elbows4sale has 60 seconds left.
|
|t:|1760428459
|switch|p2a: Slayboi Carti|Ceruledge, M|14/100
|move|p1a: Dragapult|Thunder Wave|p2a: Slayboi Carti
|-status|p2a: Slayboi Carti|par
|
|-weather|none
|upkeep
|turn|21
|inactive|elbows4sale has 60 seconds left.
|
|t:|1760428472
|move|p1a: Dragapult|Dragon Darts|p2a: Slayboi Carti
|-damage|p2a: Slayboi Carti|0 fnt
|faint|p2a: Slayboi Carti
|
|upkeep
|inactive|elbows4sale has 60 seconds left.
|
|t:|1760428477
|switch|p2a: Kurama Chakra Mode|Ninetales, M|15/100
|-weather|SunnyDay|[from] ability: Drought|[of] p2a: Kurama Chakra Mode
|turn|22
|inactive|elbows4sale has 60 seconds left.
|
|t:|1760428488
|move|p1a: Dragapult|Dragon Darts|p2a: Kurama Chakra Mode
|-damage|p2a: Kurama Chakra Mode|0 fnt
|faint|p2a: Kurama Chakra Mode
|
|-weather|SunnyDay|[upkeep]
|upkeep
|inactive|elbows4sale has 60 seconds left.
|
|t:|1760428497
|switch|p2a: Venu Vidi Vici|Venusaur, M|44/100
|turn|23
|inactive|elbows4sale has 60 seconds left.
|
|t:|1760428509
|move|p2a: Venu Vidi Vici|Giga Drain|p1a: Dragapult
|-resisted|p1a: Dragapult
|-damage|p1a: Dragapult|50/100
|-heal|p2a: Venu Vidi Vici|62/100|[from] drain|[of] p1a: Dragapult
|-damage|p2a: Venu Vidi Vici|52/100|[from] item: Life Orb
|move|p1a: Dragapult|Thunder Wave|p2a: Venu Vidi Vici
|-status|p2a: Venu Vidi Vici|par
|
|-weather|SunnyDay|[upkeep]
|upkeep
|turn|24
|inactive|elbows4sale has 60 seconds left.
|
|t:|1760428522
|move|p1a: Dragapult|Dragon Darts|p2a: Venu Vidi Vici
|-damage|p2a: Venu Vidi Vici|27/100 par
|-anim|p1a: Dragapult|Dragon Darts|p2a: Venu Vidi Vici
|-damage|p2a: Venu Vidi Vici|0 fnt
|faint|p2a: Venu Vidi Vici
|
|-weather|SunnyDay|[upkeep]
|upkeep
|
|t:|1760428527
|switch|p2a: Dubya|Walking Wake|40/100
|-activate|p2a: Dubya|ability: Protosynthesis
|-start|p2a: Dubya|protosynthesisspa
|turn|25
|
|t:|1760428531
|-terastallize|p2a: Dubya|Water
|move|p1a: Dragapult|Dragon Darts|p2a: Dubya
|-damage|p2a: Dubya|19/100
|-anim|p1a: Dragapult|Dragon Darts|p2a: Dubya
|-damage|p2a: Dubya|0 fnt
|faint|p2a: Dubya
|-end|p2a: Dubya|Protosynthesis|[silent]
|
|win|blizzmat
|raw|blizzmat's rating: 1375 &rarr; <strong>1397</strong><br />(+22 for winning)
|raw|elbows4sale's rating: 1418 &rarr; <strong>1396</strong><br />(-22 for losing)
|l|☆elbows4sale
|player|p2|
