|j|☆Blast94
|j|☆yyyywwww
|t:|1760377289
|gametype|singles
|player|p1|Blast94|n|1237
|player|p2|yyyywwww|266|1261
|gen|9
|tier|[Gen 9] OU
|rated|
|rule|HP Percentage Mod: HP is shown in percentages
|rule|Endless Battle Clause: Forcing endless battles is banned
|rule|Species Clause: Limit one of each Pokémon
|rule|OHKO Clause: OHKO moves are banned
|rule|Evasion Items Clause: Evasion items are banned
|rule|Evasion Moves Clause: Evasion moves are banned
|rule|Evasion Abilities Clause: Evasion abilities are banned
|rule|Sleep Moves Clause: Sleep-inducing moves are banned
|clearpoke
|poke|p1|Hitmonlee, M|
|poke|p1|Serperior, M|
|poke|p1|Garganacl, M|
|poke|p1|Ribombee, M|
|poke|p1|Hatterene, F|
|poke|p1|Great Tusk|
|poke|p2|Primarina, F|
|poke|p2|Raging Bolt|
|poke|p2|Mabosstiff, M|
|poke|p2|Ogerpon-Wellspring, F|
|poke|p2|Iron Crown|
|poke|p2|Moltres|
|teampreview
|inactive|Battle timer is ON: inactive players will automatically lose when time's up. (requested by yyyywwww)
|
|t:|1760377302
|teamsize|p1|6
|teamsize|p2|6
|start
|switch|p1a: Ribombee|Ribombee, M|100/100
|switch|p2a: Iron Crown|Iron Crown|100/100
|turn|1
|
|t:|1760377316
|move|p2a: Iron Crown|Tachyon Cutter|p1a: Ribombee
|-supereffective|p1a: Ribombee
|-damage|p1a: Ribombee|1/100
|-supereffective|p1a: Ribombee
|-damage|p1a: Ribombee|0 fnt
|faint|p1a: Ribombee
|-hitcount|p1: Ribombee|2
|
|upkeep
|
|t:|1760377323
|switch|p1a: Hitmonlee|Hitmonlee, M|100/100
|turn|2
|
|t:|1760377329
|move|p2a: Iron Crown|Tachyon Cutter|p1a: Hitmonlee
|-damage|p1a: Hitmonlee|63/100
|-damage|p1a: Hitmonlee|28/100
|-hitcount|p1a: Hitmonlee|2
|move|p1a: Hitmonlee|Knock Off|p2a: Iron Crown
|-supereffective|p2a: Iron Crown
|-damage|p2a: Iron Crown|34/100
|-enditem|p2a: Iron Crown|Choice Scarf|[from] move: Knock Off|[of] p1a: Hitmonlee
|
|upkeep
|turn|3
|
|t:|1760377342
|-end|p2a: Iron Crown|Quark Drive|[silent]
|switch|p2a: Ogerpon|Ogerpon-Wellspring, F|100/100
|move|p1a: Hitmonlee|Endure||[still]
|-fail|p1a: Hitmonlee
|
|upkeep
|turn|4
|
|t:|1760377350
|move|p1a: Hitmonlee|Endure|p1a: Hitmonlee
|-singleturn|p1a: Hitmonlee|move: Endure
|move|p2a: Ogerpon|U-turn|p1a: Hitmonlee
|-resisted|p1a: Hitmonlee
|-crit|p1a: Hitmonlee
|-activate|p1a: Hitmonlee|move: Endure
|-damage|p1a: Hitmonlee|1/100
|-enditem|p1a: Hitmonlee|Liechi Berry|[eat]
|-boost|p1a: Hitmonlee|atk|1|[from] item: Liechi Berry
|
|t:|1760377360
|switch|p2a: Raging Bolt|Raging Bolt|100/100|[from] U-turn
|
|upkeep
|turn|5
|
|t:|1760377367
|move|p1a: Hitmonlee|Upper Hand||[still]
|-fail|p1a: Hitmonlee
|move|p2a: Raging Bolt|Volt Switch|p1a: Hitmonlee
|-damage|p1a: Hitmonlee|0 fnt
|faint|p1a: Hitmonlee
|
|t:|1760377384
|-end|p2a: Raging Bolt|Protosynthesis|[silent]
|switch|p2a: Primarina|Primarina, F|100/100|[from] Volt Switch
|
|upkeep
|
|t:|1760377392
|switch|p1a: Serperior|Serperior, M|100/100
|turn|6
|
|t:|1760377397
|-terastallize|p2a: Primarina|Fairy
|move|p1a: Serperior|Leaf Storm|p2a: Primarina
|-damage|p2a: Primarina|58/100
|-boost|p1a: Serperior|spa|2
|move|p2a: Primarina|Moonblast|p1a: Serperior
|-damage|p1a: Serperior|0 fnt
|faint|p1a: Serperior
|
|upkeep
|
|t:|1760377408
|switch|p1a: Hatterene|Hatterene, F|100/100
|turn|7
|
|t:|1760377415
|-terastallize|p1a: Hatterene|Steel
|move|p2a: Primarina|Moonblast|p1a: Hatterene
|-resisted|p1a: Hatterene
|-damage|p1a: Hatterene|48/100
|move|p1a: Hatterene|Nuzzle|p2a: Primarina
|-damage|p2a: Primarina|53/100
|-status|p2a: Primarina|par
|
|-heal|p1a: Hatterene|54/100|[from] item: Leftovers
|upkeep
|turn|8
|
|t:|1760377438
|switch|p2a: Mabosstiff|Mabosstiff, M|100/100
|move|p1a: Hatterene|Calm Mind|p1a: Hatterene
|-boost|p1a: Hatterene|spa|1
|-boost|p1a: Hatterene|spd|1
|
|-heal|p1a: Hatterene|60/100|[from] item: Leftovers
|upkeep
|turn|9
|
|t:|1760377448
|move|p2a: Mabosstiff|Crunch|p1a: Hatterene
|-damage|p1a: Hatterene|6/100
|-unboost|p1a: Hatterene|def|1
|move|p1a: Hatterene|Draining Kiss|p2a: Mabosstiff
|-supereffective|p2a: Mabosstiff
|-damage|p2a: Mabosstiff|11/100
|-heal|p1a: Hatterene|82/100|[from] drain|[of] p2a: Mabosstiff
|
|-heal|p1a: Hatterene|88/100|[from] item: Leftovers
|upkeep
|turn|10
|
|t:|1760377459
|switch|p1a: Garganacl|Garganacl, M|100/100
|move|p2a: Mabosstiff|Crunch|p1a: Garganacl
|-damage|p1a: Garganacl|20/100
|-unboost|p1a: Garganacl|def|1
|
|-heal|p1a: Garganacl|26/100|[from] item: Leftovers
|upkeep
|turn|11
|
|t:|1760377469
|move|p2a: Mabosstiff|Crunch|p1a: Garganacl
|-damage|p1a: Garganacl|0 fnt
|faint|p1a: Garganacl
|
|upkeep
|
|t:|1760377471
|switch|p1a: Great Tusk|Great Tusk|100/100
|-enditem|p1a: Great Tusk|Booster Energy
|-activate|p1a: Great Tusk|ability: Protosynthesis|[fromitem]
|-start|p1a: Great Tusk|protosynthesisatk
|turn|12
|
|t:|1760377497
|switch|p2a: Moltres|Moltres|100/100
|move|p1a: Great Tusk|Rapid Spin|p2a: Moltres
|-damage|p2a: Moltres|81/100
|-boost|p1a: Great Tusk|spe|1
|-status|p1a: Great Tusk|brn|[from] ability: Flame Body|[of] p2a: Moltres
|
|-damage|p1a: Great Tusk|94/100 brn|[from] brn
|upkeep
|turn|13
|
|t:|1760377508
|move|p1a: Great Tusk|Rock Slide|p2a: Moltres
|-supereffective|p2a: Moltres
|-damage|p2a: Moltres|22/100
|move|p2a: Moltres|Flamethrower|p1a: Great Tusk
|-damage|p1a: Great Tusk|41/100 brn
|
|-damage|p1a: Great Tusk|35/100 brn|[from] brn
|upkeep
|turn|14
|inactive|yyyywwww has 120 seconds left.
|
|t:|1760377524
|switch|p2a: Primarina|Primarina, F, tera:Fairy|53/100 par
|move|p1a: Great Tusk|Rock Slide|p2a: Primarina|[miss]
|-miss|p1a: Great Tusk|p2a: Primarina
|
|-damage|p1a: Great Tusk|29/100 brn|[from] brn
|upkeep
|turn|15
|inactive|yyyywwww has 120 seconds left.
|
|t:|1760377537
|move|p1a: Great Tusk|Earthquake|p2a: Primarina
|-damage|p2a: Primarina|8/100 par
|move|p2a: Primarina|Sparkling Aria|p1a: Great Tusk
|-supereffective|p1a: Great Tusk
|-damage|p1a: Great Tusk|0 fnt
|faint|p1a: Great Tusk
|-end|p1a: Great Tusk|Protosynthesis|[silent]
|
|upkeep
|
|t:|1760377542
|switch|p1a: Hatterene|Hatterene, F, tera:Steel|88/100
|turn|16
|
|t:|1760377550
|move|p2a: Primarina|Sparkling Aria|p1a: Hatterene
|-damage|p1a: Hatterene|0 fnt
|faint|p1a: Hatterene
|
|win|yyyywwww
|raw|Blast94's rating: 1237 &rarr; <strong>1214</strong><br />(-23 for losing)
|raw|yyyywwww's rating: 1261 &rarr; <strong>1284</strong><br />(+23 for winning)
|l|☆Blast94
|player|p1|
