|j|☆BLK DG
|j|☆Desarac
|t:|1760413338
|gametype|singles
|player|p1|BLK DG|irida|1097
|player|p2|Desarac|preschooler|1143
|gen|9
|tier|[Gen 9] OU
|rated|
|rule|HP Percentage Mod: HP is shown in percentages
|rule|Endless Battle Clause: Forcing endless battles is banned
|rule|Species Clause: Limit one of each Pokémon
|rule|OHKO Clause: OHKO moves are banned
|rule|Evasion Items Clause: Evasion items are banned
|rule|Evasion Moves Clause: Evasion moves are banned
|rule|Evasion Abilities Clause: Evasion abilities are banned
|rule|Sleep Moves Clause: Sleep-inducing moves are banned
|clearpoke
|poke|p1|Heatran, M|
|poke|p1|Rillaboom, M|
|poke|p1|Ogerpon-Wellspring, F|
|poke|p1|Dragapult, M|
|poke|p1|Great Tusk|
|poke|p1|Bronzong|
|poke|p2|Metagross|
|poke|p2|Dragapult, F|
|poke|p2|Dragonite, M|
|poke|p2|Latias, F|
|poke|p2|Zapdos|
|poke|p2|Ninetales-Alola, F|
|teampreview
|inactive|Battle timer is ON: inactive players will automatically lose when time's up. (requested by Desarac)
|
|t:|1760413363
|teamsize|p1|6
|teamsize|p2|6
|start
|switch|p1a: Stardrum|Rillaboom, M|100/100
|switch|p2a: Dragapult|Dragapult, F|100/100
|-fieldstart|move: Grassy Terrain|[from] ability: Grassy Surge|[of] p1a: Stardrum
|turn|1
|
|t:|1760413380
|move|p2a: Dragapult|Flamethrower|p1a: Stardrum
|-supereffective|p1a: Stardrum
|-damage|p1a: Stardrum|44/100
|move|p1a: Stardrum|Knock Off|p2a: Dragapult
|-supereffective|p2a: Dragapult
|-damage|p2a: Dragapult|0 fnt
|-enditem|p2a: Dragapult|Heavy-Duty Boots|[from] move: Knock Off|[of] p1a: Stardrum
|faint|p2a: Dragapult
|
|-heal|p1a: Stardrum|50/100|[from] Grassy Terrain
|upkeep
|
|t:|1760413396
|switch|p2a: Dragonite|Dragonite, M|100/100
|turn|2
|
|t:|1760413414
|move|p2a: Dragonite|Ice Spinner|p1a: Stardrum
|-supereffective|p1a: Stardrum
|-damage|p1a: Stardrum|0 fnt
|-fieldend|move: Grassy Terrain
|faint|p1a: Stardrum
|
|upkeep
|
|t:|1760413429
|switch|p1a: Starscream|Dragapult, M|100/100
|turn|3
|
|t:|1760413441
|switch|p1a: Starblaze|Heatran, M|100/100
|-terastallize|p2a: Dragonite|Normal
|move|p2a: Dragonite|Dragon Dance|p2a: Dragonite
|-boost|p2a: Dragonite|atk|1
|-boost|p2a: Dragonite|spe|1
|
|upkeep
|turn|4
|inactive|Desarac has 120 seconds left.
|
|t:|1760413474
|switch|p2a: Zapdos|Zapdos|100/100
|move|p1a: Starblaze|Magma Storm|p2a: Zapdos
|-damage|p2a: Zapdos|60/100
|-activate|p2a: Zapdos|move: Magma Storm|[of] p1a: Starblaze
|
|-damage|p2a: Zapdos|47/100|[from] move: Magma Storm|[partiallytrapped]
|upkeep
|turn|5
|inactive|Desarac has 120 seconds left.
|inactive|BLK DG has 120 seconds left.
|
|t:|1760413490
|move|p2a: Zapdos|Volt Switch|p1a: Starblaze
|-damage|p1a: Starblaze|74/100
|
|t:|1760413494
|switch|p2a: Ninetales|Ninetales-Alola, F, shiny|100/100|[from] Volt Switch
|-weather|Snowscape|[from] ability: Snow Warning|[of] p2a: Ninetales
|move|p1a: Starblaze|Magma Storm|p2a: Ninetales
|-supereffective|p2a: Ninetales
|-damage|p2a: Ninetales|2/100
|-activate|p2a: Ninetales|move: Magma Storm|[of] p1a: Starblaze
|
|-weather|Snowscape|[upkeep]
|-heal|p1a: Starblaze|81/100|[from] item: Leftovers
|-damage|p2a: Ninetales|0 fnt|[from] move: Magma Storm|[partiallytrapped]
|faint|p2a: Ninetales
|upkeep
|inactive|Desarac has 120 seconds left.
|
|t:|1760413506
|switch|p2a: Latias|Latias, F|100/100
|turn|6
|
|t:|1760413512
|move|p2a: Latias|Calm Mind|p2a: Latias
|-boost|p2a: Latias|spa|1
|-boost|p2a: Latias|spd|1
|move|p1a: Starblaze|Taunt|p2a: Latias
|-start|p2a: Latias|move: Taunt
|
|-weather|Snowscape|[upkeep]
|-heal|p1a: Starblaze|87/100|[from] item: Leftovers
|upkeep
|turn|7
|inactive|BLK DG has 120 seconds left.
|inactive|BLK DG has 90 seconds left.
|
|t:|1760413568
|switch|p1a: Starburst|Great Tusk|100/100
|move|p2a: Latias|Aura Sphere|p1a: Starburst
|-damage|p1a: Starburst|53/100
|
|-weather|Snowscape|[upkeep]
|upkeep
|turn|8
|inactive|BLK DG has 90 seconds left.
|
|t:|1760413583
|move|p2a: Latias|Stored Power|p1a: Starburst
|-supereffective|p1a: Starburst
|-damage|p1a: Starburst|0 fnt
|faint|p1a: Starburst
|-end|p1a: Starburst|Protosynthesis|[silent]
|
|-weather|Snowscape|[upkeep]
|upkeep
|inactive|BLK DG has 90 seconds left.
|
|t:|1760413596
|switch|p1a: Starscream|Dragapult, M|100/100
|turn|9
|inactive|BLK DG has 90 seconds left.
|
|t:|1760413607
|-terastallize|p1a: Starscream|Fairy
|move|p1a: Starscream|Draco Meteor|p2a: Latias
|-supereffective|p2a: Latias
|-damage|p2a: Latias|21/100
|-unboost|p1a: Starscream|spa|2
|move|p2a: Latias|Draining Kiss|p1a: Starscream
|-damage|p1a: Starscream|75/100
|-heal|p2a: Latias|38/100|[from] drain|[of] p1a: Starscream
|
|-weather|none
|-heal|p2a: Latias|44/100|[from] item: Leftovers
|-end|p2a: Latias|move: Taunt
|upkeep
|turn|10
|inactive|BLK DG has 90 seconds left.
|
|t:|1760413636
|switch|p2a: Dragonite|Dragonite, M, tera:Normal|100/100
|move|p1a: Starscream|Draco Meteor|p2a: Dragonite
|-damage|p2a: Dragonite|77/100
|-unboost|p1a: Starscream|spa|2
|
|upkeep
|turn|11
|
|t:|1760413650
|switch|p1a: Starlink|Bronzong, shiny|100/100
|move|p2a: Dragonite|Dragon Dance|p2a: Dragonite
|-boost|p2a: Dragonite|atk|1
|-boost|p2a: Dragonite|spe|1
|
|upkeep
|turn|12
|
|t:|1760413658
|move|p2a: Dragonite|Dragon Dance|p2a: Dragonite
|-boost|p2a: Dragonite|atk|1
|-boost|p2a: Dragonite|spe|1
|move|p1a: Starlink|Body Press|p2a: Dragonite
|-supereffective|p2a: Dragonite
|-damage|p2a: Dragonite|10/100
|
|upkeep
|turn|13
|inactive|BLK DG has 90 seconds left.
|
|t:|1760413668
|move|p2a: Dragonite|Dragon Claw|p1a: Starlink
|-resisted|p1a: Starlink
|-damage|p1a: Starlink|72/100
|move|p1a: Starlink|Body Press|p2a: Dragonite
|-supereffective|p2a: Dragonite
|-damage|p2a: Dragonite|0 fnt
|faint|p2a: Dragonite
|
|upkeep
|
|t:|1760413680
|switch|p2a: Zapdos|Zapdos|47/100
|turn|14
|
|t:|1760413686
|move|p2a: Zapdos|Volt Switch|p1a: Starlink
|-damage|p1a: Starlink|38/100
|
|t:|1760413700
|switch|p2a: Latias|Latias, F|44/100|[from] Volt Switch
|move|p1a: Starlink|Stealth Rock|p2a: Latias
|-sidestart|p2: Desarac|move: Stealth Rock
|
|-heal|p2a: Latias|50/100|[from] item: Leftovers
|upkeep
|turn|15
|
|t:|1760413720
|switch|p1a: Starblaze|Heatran, M|87/100
|move|p2a: Latias|Calm Mind|p2a: Latias
|-boost|p2a: Latias|spa|1
|-boost|p2a: Latias|spd|1
|
|-heal|p2a: Latias|56/100|[from] item: Leftovers
|-heal|p1a: Starblaze|93/100|[from] item: Leftovers
|upkeep
|turn|16
|inactive|BLK DG has 90 seconds left.
|inactive|BLK DG has 60 seconds left.
|inactive|BLK DG has 30 seconds left.
|inactive|BLK DG has 20 seconds left.
|inactive|BLK DG has 15 seconds left.
|inactive|BLK DG has 10 seconds left.
|
|t:|1760413820
|move|p2a: Latias|Calm Mind|p2a: Latias
|-boost|p2a: Latias|spa|1
|-boost|p2a: Latias|spd|1
|move|p1a: Starblaze|Magma Storm|p2a: Latias
|-resisted|p2a: Latias
|-damage|p2a: Latias|48/100
|-activate|p2a: Latias|move: Magma Storm|[of] p1a: Starblaze
|
|-heal|p2a: Latias|54/100|[from] item: Leftovers
|-heal|p1a: Starblaze|99/100|[from] item: Leftovers
|-damage|p2a: Latias|42/100|[from] move: Magma Storm|[partiallytrapped]
|upkeep
|turn|17
|inactive|BLK DG has 20 seconds left this turn.
|inactive|BLK DG has 15 seconds left.
|inactive|BLK DG has 10 seconds left.
|
|t:|1760413834
|move|p2a: Latias|Aura Sphere|p1a: Starblaze
|-supereffective|p1a: Starblaze
|-damage|p1a: Starblaze|52/100
|move|p1a: Starblaze|Heavy Slam|p2a: Latias
|-damage|p2a: Latias|8/100
|
|-heal|p2a: Latias|14/100|[from] item: Leftovers
|-heal|p1a: Starblaze|58/100|[from] item: Leftovers
|-damage|p2a: Latias|1/100|[from] move: Magma Storm|[partiallytrapped]
|upkeep
|turn|18
|inactive|BLK DG has 20 seconds left this turn.
|inactive|BLK DG has 15 seconds left.
|inactive|BLK DG has 10 seconds left.
|
|t:|1760413852
|switch|p1a: Starscream|Dragapult, M, tera:Fairy|75/100
|move|p2a: Latias|Aura Sphere|p1a: Starscream
|-resisted|p1a: Starscream
|-damage|p1a: Starscream|50/100
|
|-heal|p2a: Latias|7/100|[from] item: Leftovers
|-end|p2a: Latias|Magma Storm|[partiallytrapped]|[silent]
|upkeep
|turn|19
|inactive|BLK DG has 20 seconds left this turn.
|inactive|BLK DG has 15 seconds left.
|inactive|BLK DG has 10 seconds left.
|inactive|BLK DG has 5 seconds left.
|
|t:|1760413872
|move|p1a: Starscream|Tera Blast|p2a: Latias|[anim] Tera Blast Fairy
|-supereffective|p2a: Latias
|-damage|p2a: Latias|0 fnt
|faint|p2a: Latias
|
|upkeep
|
|t:|1760413877
|switch|p2a: Metagross|Metagross, shiny|100/100
|-damage|p2a: Metagross|95/100|[from] Stealth Rock
|turn|20
|inactive|BLK DG has 20 seconds left this turn.
|inactive|BLK DG has 15 seconds left.
|inactive|BLK DG has 10 seconds left.
|
|t:|1760413891
|switch|p1a: Starblaze|Heatran, M|58/100
|move|p2a: Metagross|Heavy Slam|p1a: Starblaze
|-resisted|p1a: Starblaze
|-damage|p1a: Starblaze|53/100
|
|-heal|p2a: Metagross|100/100|[from] item: Leftovers
|-heal|p1a: Starblaze|59/100|[from] item: Leftovers
|upkeep
|turn|21
|inactive|BLK DG has 20 seconds left this turn.
|inactive|BLK DG has 15 seconds left.
|
|t:|1760413900
|move|p2a: Metagross|Earthquake|p1a: Starblaze
|-supereffective|p1a: Starblaze
|-damage|p1a: Starblaze|0 fnt
|faint|p1a: Starblaze
|
|upkeep
|inactive|BLK DG has 20 seconds left this turn.
|inactive|BLK DG has 15 seconds left.
|
|t:|1760413908
|switch|p1a: Starlink|Bronzong, shiny|38/100
|turn|22
|inactive|BLK DG has 25 seconds left this turn.
|
|t:|1760413918
|move|p2a: Metagross|Psychic Fangs|p1a: Starlink
|-resisted|p1a: Starlink
|-damage|p1a: Starlink|30/100
|move|p1a: Starlink|Body Press|p2a: Metagross
|-damage|p2a: Metagross|74/100
|
|-heal|p2a: Metagross|80/100|[from] item: Leftovers
|upkeep
|turn|23
|inactive|BLK DG has 30 seconds left.
|inactive|BLK DG has 20 seconds left.
|inactive|BLK DG has 15 seconds left.
|inactive|BLK DG has 10 seconds left.
|
|t:|1760413945
|move|p2a: Metagross|Heavy Slam|p1a: Starlink
|-resisted|p1a: Starlink
|-damage|p1a: Starlink|19/100
|move|p1a: Starlink|Body Press|p2a: Metagross
|-damage|p2a: Metagross|52/100
|
|-heal|p2a: Metagross|58/100|[from] item: Leftovers
|upkeep
|turn|24
|inactive|BLK DG has 20 seconds left this turn.
|inactive|BLK DG has 15 seconds left.
|
|t:|1760413955
|move|p2a: Metagross|Heavy Slam|p1a: Starlink
|-resisted|p1a: Starlink
|-damage|p1a: Starlink|7/100
|move|p1a: Starlink|Body Press|p2a: Metagross
|-damage|p2a: Metagross|31/100
|
|-heal|p2a: Metagross|37/100|[from] item: Leftovers
|upkeep
|turn|25
|inactive|BLK DG has 25 seconds left this turn.
|inactive|BLK DG has 20 seconds left.
|
|t:|1760413965
|move|p2a: Metagross|Heavy Slam|p1a: Starlink
|-resisted|p1a: Starlink
|-damage|p1a: Starlink|0 fnt
|faint|p1a: Starlink
|
|-heal|p2a: Metagross|43/100|[from] item: Leftovers
|upkeep
|inactive|BLK DG has 25 seconds left this turn.
|inactive|BLK DG has 20 seconds left.
|
|t:|1760413974
|switch|p1a: Starscream|Dragapult, M, tera:Fairy|50/100
|turn|26
|inactive|BLK DG has 30 seconds left this turn.
|
|t:|1760413981
|move|p2a: Metagross|Bullet Punch|p1a: Starscream
|-supereffective|p1a: Starscream
|-damage|p1a: Starscream|0 fnt
|faint|p1a: Starscream
|
|-heal|p2a: Metagross|49/100|[from] item: Leftovers
|upkeep
|inactive|BLK DG has 30 seconds left this turn.
|
|t:|1760413988
|switch|p1a: Starforce|Ogerpon-Wellspring, F|100/100
|turn|27
|inactive|BLK DG has 30 seconds left.
|
|t:|1760414002
|move|p1a: Starforce|Ivy Cudgel|p2a: Metagross|[anim] Ivy Cudgel Water
|-damage|p2a: Metagross|0 fnt
|faint|p2a: Metagross
|
|upkeep
|
|t:|1760414006
|switch|p2a: Zapdos|Zapdos|47/100
|turn|28
|inactive|BLK DG has 30 seconds left.
|
|t:|1760414017
|move|p1a: Starforce|Play Rough|p2a: Zapdos
|-damage|p2a: Zapdos|5/100
|-status|p1a: Starforce|par|[from] ability: Static|[of] p2a: Zapdos
|move|p2a: Zapdos|Thunder Wave|p1a: Starforce
|-fail|p1a: Starforce|par
|
|upkeep
|turn|29
|
|t:|1760414028
|move|p2a: Zapdos|Roost|p2a: Zapdos
|-heal|p2a: Zapdos|55/100
|-singleturn|p2a: Zapdos|move: Roost
|move|p1a: Starforce|Grassy Glide|p2a: Zapdos
|-damage|p2a: Zapdos|20/100
|
|upkeep
|turn|30
|
|t:|1760414038
|move|p2a: Zapdos|Roost|p2a: Zapdos
|-heal|p2a: Zapdos|70/100
|-singleturn|p2a: Zapdos|move: Roost
|cant|p1a: Starforce|par
|
|upkeep
|turn|31
|
|t:|1760414044
|move|p2a: Zapdos|Hurricane|p1a: Starforce|[miss]
|-miss|p2a: Zapdos|p1a: Starforce
|move|p1a: Starforce|Play Rough|p2a: Zapdos
|-damage|p2a: Zapdos|33/100
|
|upkeep
|turn|32
|
|t:|1760414051
|move|p2a: Zapdos|Roost|p2a: Zapdos
|-heal|p2a: Zapdos|84/100
|-singleturn|p2a: Zapdos|move: Roost
|cant|p1a: Starforce|par
|
|upkeep
|turn|33
|
|t:|1760414058
|move|p2a: Zapdos|Hurricane|p1a: Starforce
|-supereffective|p1a: Starforce
|-damage|p1a: Starforce|0 fnt
|faint|p1a: Starforce
|
|win|Desarac
|raw|BLK DG's rating: 1097 &rarr; <strong>1076</strong><br />(-21 for losing)
|raw|Desarac's rating: 1143 &rarr; <strong>1165</strong><br />(+22 for winning)
