|j|☆Qazxcdewsf
|j|☆youjustgotnoobed
|t:|1760367108
|gametype|singles
|player|p1|Qazxcdewsf|1|1445
|player|p2|youjustgotnoobed|lady|1402
|gen|9
|tier|[Gen 9] OU
|rated|
|rule|HP Percentage Mod: HP is shown in percentages
|rule|Endless Battle Clause: Forcing endless battles is banned
|rule|Species Clause: Limit one of each Pokémon
|rule|OHKO Clause: OHKO moves are banned
|rule|Evasion Items Clause: Evasion items are banned
|rule|Evasion Moves Clause: Evasion moves are banned
|rule|Evasion Abilities Clause: Evasion abilities are banned
|rule|Sleep Moves Clause: Sleep-inducing moves are banned
|clearpoke
|poke|p1|Gliscor, M|
|poke|p1|Alomomola, F|
|poke|p1|Darkrai|
|poke|p1|Dragonite, F|
|poke|p1|Tinkaton, F|
|poke|p1|Cinderace, F|
|poke|p2|Tyranitar, M|
|poke|p2|Gholdengo|
|poke|p2|Excadrill, F|
|poke|p2|Tornadus-Therian, M|
|poke|p2|Ogerpon-Wellspring, F|
|poke|p2|Arcanine, M|
|teampreview
|inactive|Battle timer is ON: inactive players will automatically lose when time's up. (requested by youjustgotnoobed)
|
|t:|1760367133
|teamsize|p1|6
|teamsize|p2|6
|start
|switch|p1a: Tinkaton|Tinkaton, F|100/100
|switch|p2a: Tornadus|Tornadus-Therian, M|100/100
|-ability|p1a: Tinkaton|Mold Breaker
|turn|1
|inactive|youjustgotnoobed has 120 seconds left.
|
|t:|1760367181
|move|p2a: Tornadus|Knock Off|p1a: Tinkaton
|-resisted|p1a: Tinkaton
|-crit|p1a: Tinkaton
|-damage|p1a: Tinkaton|82/100
|-enditem|p1a: Tinkaton|Leftovers|[from] move: Knock Off|[of] p2a: Tornadus
|move|p1a: Tinkaton|Knock Off|p2a: Tornadus
|-damage|p2a: Tornadus|75/100
|-enditem|p2a: Tornadus|Assault Vest|[from] move: Knock Off|[of] p1a: Tinkaton
|
|upkeep
|turn|2
|
|t:|1760367205
|move|p2a: Tornadus|Heat Wave|p1a: Tinkaton
|-supereffective|p1a: Tinkaton
|-damage|p1a: Tinkaton|32/100
|move|p1a: Tinkaton|Stealth Rock|p2a: Tornadus
|-sidestart|p2: youjustgotnoobed|move: Stealth Rock
|
|upkeep
|turn|3
|
|t:|1760367219
|move|p2a: Tornadus|U-turn|p1a: Tinkaton
|-resisted|p1a: Tinkaton
|-damage|p1a: Tinkaton|27/100
|
|t:|1760367221
|switch|p2a: Arcanine|Arcanine, M|100/100|[from] U-turn
|-ability|p2a: Arcanine|Intimidate|boost
|-unboost|p1a: Tinkaton|atk|1
|move|p1a: Tinkaton|Gigaton Hammer|p2a: Arcanine
|-resisted|p2a: Arcanine
|-damage|p2a: Arcanine|81/100
|
|upkeep
|turn|4
|inactive|youjustgotnoobed has 120 seconds left.
|
|t:|1760367234
|switch|p1a: Cinderace|Cinderace, F|100/100
|switch|p2a: Tornadus|Tornadus-Therian, M|100/100
|-damage|p2a: Tornadus|76/100|[from] Stealth Rock
|
|upkeep
|turn|5
|inactive|youjustgotnoobed has 120 seconds left.
|
|t:|1760367242
|move|p2a: Tornadus|Knock Off|p1a: Cinderace
|-damage|p1a: Cinderace|70/100
|-enditem|p1a: Cinderace|Choice Band|[from] move: Knock Off|[of] p2a: Tornadus
|move|p1a: Cinderace|Pyro Ball|p2a: Tornadus
|-damage|p2a: Tornadus|5/100
|
|upkeep
|turn|6
|inactive|youjustgotnoobed has 120 seconds left.
|
|t:|1760367253
|switch|p2a: Tyranitar|Tyranitar, M|100/100
|-damage|p2a: Tyranitar|88/100|[from] Stealth Rock
|-weather|Sandstorm|[from] ability: Sand Stream|[of] p2a: Tyranitar
|move|p1a: Cinderace|Sucker Punch||[still]
|-fail|p1a: Cinderace
|
|-weather|Sandstorm|[upkeep]
|-damage|p1a: Cinderace|64/100|[from] Sandstorm
|upkeep
|turn|7
|
|t:|1760367262
|move|p1a: Cinderace|U-turn|p2a: Tyranitar
|-supereffective|p2a: Tyranitar
|-damage|p2a: Tyranitar|55/100
|
|t:|1760367266
|switch|p1a: Gliscor|Gliscor, M|100/100|[from] U-turn
|move|p2a: Tyranitar|Stone Edge|p1a: Gliscor
|-damage|p1a: Gliscor|52/100
|
|-weather|Sandstorm|[upkeep]
|-status|p1a: Gliscor|tox|[from] item: Toxic Orb
|upkeep
|turn|8
|
|t:|1760367278
|switch|p2a: Ogerpon|Ogerpon-Wellspring, F|100/100
|-damage|p2a: Ogerpon|88/100|[from] Stealth Rock
|move|p1a: Gliscor|Toxic Spikes|p2a: Ogerpon
|-sidestart|p2: youjustgotnoobed|move: Toxic Spikes
|
|-weather|Sandstorm|[upkeep]
|-damage|p2a: Ogerpon|82/100|[from] Sandstorm
|-heal|p1a: Gliscor|64/100 tox|[from] ability: Poison Heal
|upkeep
|turn|9
|
|t:|1760367288
|switch|p1a: Tinkaton|Tinkaton, F|27/100
|-ability|p1a: Tinkaton|Mold Breaker
|move|p2a: Ogerpon|Spikes|p1a: Tinkaton
|-sidestart|p1: Qazxcdewsf|Spikes
|
|-weather|Sandstorm|[upkeep]
|-damage|p2a: Ogerpon|76/100|[from] Sandstorm
|upkeep
|turn|10
|
|t:|1760367303
|move|p2a: Ogerpon|Ivy Cudgel|p1a: Tinkaton|[anim] Ivy Cudgel Water
|-damage|p1a: Tinkaton|0 fnt
|faint|p1a: Tinkaton
|
|-weather|none
|upkeep
|
|t:|1760367309
|switch|p1a: Cinderace|Cinderace, F|64/100
|-damage|p1a: Cinderace|51/100|[from] Spikes
|turn|11
|
|t:|1760367319
|switch|p2a: Arcanine|Arcanine, M|81/100
|-ability|p2a: Arcanine|Intimidate|boost
|-unboost|p1a: Cinderace|atk|1
|move|p1a: Cinderace|U-turn|p2a: Arcanine
|-resisted|p2a: Arcanine
|-damage|p2a: Arcanine|73/100
|
|t:|1760367326
|switch|p1a: Dragonite|Dragonite, F|100/100|[from] U-turn
|
|upkeep
|turn|12
|
|t:|1760367344
|switch|p1a: Gliscor|Gliscor, M|64/100 tox
|move|p2a: Arcanine|Will-O-Wisp||[still]
|-fail|p2a: Arcanine
|
|-heal|p1a: Gliscor|77/100 tox|[from] ability: Poison Heal
|upkeep
|turn|13
|
|t:|1760367357
|switch|p2a: Excadrill|Excadrill, F|100/100
|-damage|p2a: Excadrill|97/100|[from] Stealth Rock
|-item|p2a: Excadrill|Air Balloon
|move|p1a: Gliscor|Crabhammer|p2a: Excadrill
|-supereffective|p2a: Excadrill
|-crit|p2a: Excadrill
|-damage|p2a: Excadrill|0 fnt
|-enditem|p2a: Excadrill|Air Balloon
|faint|p2a: Excadrill
|
|-heal|p1a: Gliscor|89/100 tox|[from] ability: Poison Heal
|upkeep
|
|t:|1760367378
|switch|p2a: Ogerpon|Ogerpon-Wellspring, F|76/100
|-damage|p2a: Ogerpon|64/100|[from] Stealth Rock
|-status|p2a: Ogerpon|psn
|turn|14
|inactive|Qazxcdewsf has 120 seconds left.
|
|t:|1760367423
|move|p2a: Ogerpon|Ivy Cudgel|p1a: Gliscor|[anim] Ivy Cudgel Water
|-supereffective|p1a: Gliscor
|-damage|p1a: Gliscor|23/100 tox
|move|p1a: Gliscor|Earthquake|p2a: Ogerpon
|-resisted|p2a: Ogerpon
|-damage|p2a: Ogerpon|41/100 psn
|
|-damage|p2a: Ogerpon|29/100 psn|[from] psn
|-heal|p1a: Gliscor|35/100 tox|[from] ability: Poison Heal
|upkeep
|turn|15
|
|t:|1760367438
|move|p2a: Ogerpon|Synthesis|p2a: Ogerpon
|-heal|p2a: Ogerpon|79/100 psn
|move|p1a: Gliscor|Earthquake|p2a: Ogerpon
|-resisted|p2a: Ogerpon
|-damage|p2a: Ogerpon|57/100 psn
|
|-damage|p2a: Ogerpon|45/100 psn|[from] psn
|-heal|p1a: Gliscor|47/100 tox|[from] ability: Poison Heal
|upkeep
|turn|16
|
|t:|1760367448
|switch|p1a: Dragonite|Dragonite, F|100/100
|move|p2a: Ogerpon|Ivy Cudgel|p1a: Dragonite|[anim] Ivy Cudgel Water
|-resisted|p1a: Dragonite
|-damage|p1a: Dragonite|85/100
|
|-damage|p2a: Ogerpon|32/100 psn|[from] psn
|upkeep
|turn|17
|
|t:|1760367454
|switch|p2a: Arcanine|Arcanine, M|73/100
|-ability|p2a: Arcanine|Intimidate|boost
|-unboost|p1a: Dragonite|atk|1
|move|p1a: Dragonite|Dragon Dance|p1a: Dragonite
|-boost|p1a: Dragonite|atk|1
|-boost|p1a: Dragonite|spe|1
|
|upkeep
|turn|18
|inactive|Qazxcdewsf has 120 seconds left.
|
|t:|1760367462
|switch|p2a: Tyranitar|Tyranitar, M|55/100
|-damage|p2a: Tyranitar|43/100|[from] Stealth Rock
|-status|p2a: Tyranitar|psn
|-weather|Sandstorm|[from] ability: Sand Stream|[of] p2a: Tyranitar
|move|p1a: Dragonite|Earthquake|p2a: Tyranitar
|-supereffective|p2a: Tyranitar
|-damage|p2a: Tyranitar|0 fnt
|faint|p2a: Tyranitar
|
|-weather|Sandstorm|[upkeep]
|-damage|p1a: Dragonite|79/100|[from] Sandstorm
|upkeep
|-message|youjustgotnoobed forfeited.
|
|win|Qazxcdewsf
|raw|Qazxcdewsf's rating: 1445 &rarr; <strong>1463</strong><br />(+18 for winning)
|raw|youjustgotnoobed's rating: 1402 &rarr; <strong>1384</strong><br />(-18 for losing)
|l|☆youjustgotnoobed
|player|p2|
|l|☆Qazxcdewsf
|player|p1|
