|j|☆Jolly1244
|j|☆The Sword of Ruin
|t:|1760460388
|gametype|singles
|player|p1|Jolly1244|depotagent|1626
|player|p2|The Sword of Ruin|169|1636
|gen|9
|tier|[Gen 9] OU
|rated|
|rule|HP Percentage Mod: HP is shown in percentages
|rule|Endless Battle Clause: Forcing endless battles is banned
|rule|Species Clause: Limit one of each Pokémon
|rule|OHKO Clause: OHKO moves are banned
|rule|Evasion Items Clause: Evasion items are banned
|rule|Evasion Moves Clause: Evasion moves are banned
|rule|Evasion Abilities Clause: Evasion abilities are banned
|rule|Sleep Moves Clause: Sleep-inducing moves are banned
|clearpoke
|poke|p1|Glimmora, F|
|poke|p1|Dragapult, M|
|poke|p1|Kingambit, F|
|poke|p1|Ogerpon-Wellspring, F|
|poke|p1|Landorus-Therian, M|
|poke|p1|Iron Moth|
|poke|p2|Ogerpon-Wellspring, F|
|poke|p2|Kingambit, F|
|poke|p2|Moltres|
|poke|p2|Great Tusk|
|poke|p2|Slowking-Galar, M|
|poke|p2|Landorus-Therian, M|
|teampreview
|
|t:|1760460405
|teamsize|p1|6
|teamsize|p2|6
|start
|switch|p1a: Ogerpon|Ogerpon-Wellspring, F|100/100
|switch|p2a: Great Tusk|Great Tusk|100/100
|turn|1
|
|t:|1760460419
|-end|p2a: Great Tusk|Protosynthesis|[silent]
|switch|p2a: Ogerpon|Ogerpon-Wellspring, F|100/100
|move|p1a: Ogerpon|Trailblaze|p2a: Ogerpon
|-damage|p2a: Ogerpon|58/100
|-boost|p1a: Ogerpon|spe|1
|
|upkeep
|turn|2
|
|t:|1760460439
|switch|p1a: Glimmora|Glimmora, F|100/100
|move|p2a: Ogerpon|U-turn|p1a: Glimmora
|-resisted|p1a: Glimmora
|-damage|p1a: Glimmora|82/100
|-activate|p1a: Glimmora|ability: Toxic Debris
|-sidestart|p2: The Sword of Ruin|move: Toxic Spikes
|
|t:|1760460442
|switch|p2a: Slowking|Slowking-Galar, M|100/100|[from] U-turn
|-sideend|p2: The Sword of Ruin|move: Toxic Spikes|[of] p2a: Slowking
|
|upkeep
|turn|3
|
|t:|1760460462
|switch|p1a: Kingambit|Kingambit, F, shiny|100/100
|move|p2a: Slowking|Thunder Wave|p1a: Kingambit|[miss]
|-miss|p2a: Slowking|p1a: Kingambit
|
|upkeep
|turn|4
|c|☆The Sword of Ruin|bruh
|c|☆Jolly1244|rip
|
|t:|1760460480
|-end|p1a: Kingambit|fallenundefined|[silent]
|switch|p1a: Ogerpon|Ogerpon-Wellspring, F|100/100
|switch|p2a: Landorus|Landorus-Therian, M|100/100
|-ability|p2a: Landorus|Intimidate|boost
|-unboost|p1a: Ogerpon|atk|1
|
|upkeep
|turn|5
|
|t:|1760460485
|-terastallize|p1a: Ogerpon|Water
|detailschange|p1a: Ogerpon|Ogerpon-Wellspring-Tera, F, tera:Water
|-ability|p1a: Ogerpon|Embody Aspect (Wellspring)|boost
|-boost|p1a: Ogerpon|spd|1
|move|p2a: Landorus|U-turn|p1a: Ogerpon
|-damage|p1a: Ogerpon|65/100
|
|t:|1760460490
|switch|p2a: Ogerpon|Ogerpon-Wellspring, F|58/100|[from] U-turn
|move|p1a: Ogerpon|Ivy Cudgel|p2a: Ogerpon|[anim] Ivy Cudgel Water
|-heal|p2a: Ogerpon|83/100|[from] ability: Water Absorb|[of] p1a: Ogerpon
|
|upkeep
|turn|6
|
|t:|1760460498
|switch|p1a: Landorus|Landorus-Therian, M|100/100
|-ability|p1a: Landorus|Intimidate|boost
|-unboost|p2a: Ogerpon|atk|1
|move|p2a: Ogerpon|Encore||[still]
|-fail|p2a: Ogerpon
|
|upkeep
|turn|7
|
|t:|1760460506
|move|p2a: Ogerpon|Knock Off|p1a: Landorus
|-damage|p1a: Landorus|77/100
|-damage|p2a: Ogerpon|67/100|[from] item: Rocky Helmet|[of] p1a: Landorus
|-enditem|p1a: Landorus|Rocky Helmet|[from] move: Knock Off|[of] p2a: Ogerpon
|move|p1a: Landorus|U-turn|p2a: Ogerpon
|-supereffective|p2a: Ogerpon
|-damage|p2a: Ogerpon|14/100
|
|t:|1760460516
|switch|p1a: Dragapult|Dragapult, M|100/100|[from] U-turn
|
|upkeep
|turn|8
|
|t:|1760460523
|switch|p2a: Slowking|Slowking-Galar, M|100/100
|move|p1a: Dragapult|U-turn|p2a: Slowking
|-damage|p2a: Slowking|63/100
|
|t:|1760460533
|switch|p1a: Ogerpon|Ogerpon-Wellspring-Tera, F, tera:Water|65/100|[from] U-turn
|-ability|p1a: Ogerpon|Embody Aspect (Wellspring)|boost
|-boost|p1a: Ogerpon|spd|1
|
|upkeep
|turn|9
|
|t:|1760460543
|move|p1a: Ogerpon|Trailblaze|p2a: Slowking
|-resisted|p2a: Slowking
|-damage|p2a: Slowking|46/100
|-boost|p1a: Ogerpon|spe|1
|move|p2a: Slowking|Thunder Wave|p1a: Ogerpon
|-status|p1a: Ogerpon|par
|
|upkeep
|turn|10
|
|t:|1760460553
|switch|p2a: Ogerpon|Ogerpon-Wellspring, F|14/100
|cant|p1a: Ogerpon|par
|
|upkeep
|turn|11
|
|t:|1760460565
|move|p2a: Ogerpon|U-turn|p1a: Ogerpon
|-damage|p1a: Ogerpon|30/100 par
|
|t:|1760460571
|switch|p2a: Landorus|Landorus-Therian, M|100/100|[from] U-turn
|-ability|p2a: Landorus|Intimidate|boost
|-unboost|p1a: Ogerpon|atk|1
|move|p1a: Ogerpon|Knock Off|p2a: Landorus
|-damage|p2a: Landorus|69/100
|-enditem|p2a: Landorus|Choice Scarf|[from] move: Knock Off|[of] p1a: Ogerpon
|
|upkeep
|turn|12
|
|t:|1760460581
|switch|p1a: Landorus|Landorus-Therian, M|77/100
|-ability|p1a: Landorus|Intimidate|boost
|-unboost|p2a: Landorus|atk|1
|move|p2a: Landorus|U-turn|p1a: Landorus
|-resisted|p1a: Landorus
|-damage|p1a: Landorus|68/100
|
|t:|1760460587
|switch|p2a: Ogerpon|Ogerpon-Wellspring, F|14/100|[from] U-turn
|
|upkeep
|turn|13
|
|t:|1760460593
|switch|p1a: Ogerpon|Ogerpon-Wellspring-Tera, F, tera:Water|30/100 par
|-ability|p1a: Ogerpon|Embody Aspect (Wellspring)|boost
|-boost|p1a: Ogerpon|spd|1
|move|p2a: Ogerpon|Knock Off|p1a: Ogerpon
|-damage|p1a: Ogerpon|0 fnt
|faint|p1a: Ogerpon
|detailschange|p1: Ogerpon|Ogerpon-Wellspring, F|[silent]
|
|upkeep
|
|t:|1760460603
|switch|p1a: Dragapult|Dragapult, M|100/100
|turn|14
|
|t:|1760460607
|switch|p2a: Moltres|Moltres, shiny|100/100
|move|p1a: Dragapult|Dragon Darts|p2a: Moltres
|-damage|p2a: Moltres|75/100
|-anim|p1a: Dragapult|Dragon Darts|p2a: Moltres
|-damage|p2a: Moltres|49/100
|
|upkeep
|turn|15
|
|t:|1760460614
|switch|p2a: Kingambit|Kingambit, F, shiny|100/100
|move|p1a: Dragapult|Dragon Darts|p2a: Kingambit
|-resisted|p2a: Kingambit
|-damage|p2a: Kingambit|88/100
|-anim|p1a: Dragapult|Dragon Darts|p2a: Kingambit
|-resisted|p2a: Kingambit
|-damage|p2a: Kingambit|75/100
|
|-heal|p2a: Kingambit|81/100|[from] item: Leftovers
|upkeep
|turn|16
|
|t:|1760460633
|switch|p1a: Landorus|Landorus-Therian, M|68/100
|-ability|p1a: Landorus|Intimidate|boost
|-unboost|p2a: Kingambit|atk|1
|move|p2a: Kingambit|Kowtow Cleave|p1a: Landorus
|-damage|p1a: Landorus|34/100
|
|-heal|p2a: Kingambit|87/100|[from] item: Leftovers
|upkeep
|turn|17
|
|t:|1760460643
|-end|p2a: Kingambit|fallenundefined|[silent]
|switch|p2a: Great Tusk|Great Tusk|100/100
|move|p1a: Landorus|Stealth Rock|p2a: Great Tusk
|-sidestart|p2: The Sword of Ruin|move: Stealth Rock
|
|upkeep
|turn|18
|
|t:|1760460648
|move|p1a: Landorus|Earth Power|p2a: Great Tusk
|-damage|p2a: Great Tusk|57/100
|move|p2a: Great Tusk|Earthquake|p1a: Landorus
|-immune|p1a: Landorus
|
|upkeep
|turn|19
|
|t:|1760460656
|switch|p1a: Dragapult|Dragapult, M|100/100
|move|p2a: Great Tusk|Ice Spinner|p1a: Dragapult
|-supereffective|p1a: Dragapult
|-damage|p1a: Dragapult|42/100
|
|upkeep
|turn|20
|
|t:|1760460667
|move|p1a: Dragapult|Dragon Darts|p2a: Great Tusk
|-damage|p2a: Great Tusk|39/100
|-anim|p1a: Dragapult|Dragon Darts|p2a: Great Tusk
|-crit|p2a: Great Tusk
|-damage|p2a: Great Tusk|14/100
|move|p2a: Great Tusk|Ice Spinner|p1a: Dragapult
|-supereffective|p1a: Dragapult
|-damage|p1a: Dragapult|0 fnt
|faint|p1a: Dragapult
|
|upkeep
|j| JkPkmnGaming
|c|☆The Sword of Ruin|eh?
|
|t:|1760460691
|switch|p1a: Iron Moth|Iron Moth|100/100
|-enditem|p1a: Iron Moth|Booster Energy
|-activate|p1a: Iron Moth|ability: Quark Drive|[fromitem]
|-start|p1a: Iron Moth|quarkdrivespe
|turn|21
|c| JkPkmnGaming|ello
|c|☆The Sword of Ruin|hi jkpkmngaming
|
|t:|1760460702
|move|p1a: Iron Moth|Fiery Dance|p2a: Great Tusk
|-damage|p2a: Great Tusk|0 fnt
|faint|p2a: Great Tusk
|-end|p2a: Great Tusk|Protosynthesis|[silent]
|
|upkeep
|
|t:|1760460707
|switch|p2a: Slowking|Slowking-Galar, M|80/100
|turn|22
|
|t:|1760460713
|-end|p1a: Iron Moth|Quark Drive|[silent]
|switch|p1a: Kingambit|Kingambit, F, shiny|100/100
|-activate|p1a: Kingambit|ability: Supreme Overlord
|-start|p1a: Kingambit|fallen2|[silent]
|move|p2a: Slowking|Thunder Wave|p1a: Kingambit
|-status|p1a: Kingambit|par
|
|upkeep
|turn|23
|
|t:|1760460723
|switch|p2a: Ogerpon|Ogerpon-Wellspring, F|14/100
|-damage|p2a: Ogerpon|2/100|[from] Stealth Rock
|move|p1a: Kingambit|Kowtow Cleave|p2a: Ogerpon
|-damage|p2a: Ogerpon|0 fnt
|faint|p2a: Ogerpon
|
|upkeep
|
|t:|1760460727
|switch|p2a: Kingambit|Kingambit, F, shiny|87/100
|-damage|p2a: Kingambit|81/100|[from] Stealth Rock
|-activate|p2a: Kingambit|ability: Supreme Overlord
|-start|p2a: Kingambit|fallen2|[silent]
|turn|24
|
|t:|1760460734
|-end|p1a: Kingambit|fallen2|[silent]
|switch|p1a: Landorus|Landorus-Therian, M|34/100
|-ability|p1a: Landorus|Intimidate|boost
|-unboost|p2a: Kingambit|atk|1
|move|p2a: Kingambit|Low Kick|p1a: Landorus
|-resisted|p1a: Landorus
|-damage|p1a: Landorus|21/100
|
|-heal|p2a: Kingambit|87/100|[from] item: Leftovers
|upkeep
|turn|25
|
|t:|1760460744
|move|p2a: Kingambit|Sucker Punch||[still]
|-fail|p2a: Kingambit
|move|p1a: Landorus|Taunt|p2a: Kingambit
|-start|p2a: Kingambit|move: Taunt
|
|-heal|p2a: Kingambit|93/100|[from] item: Leftovers
|upkeep
|turn|26
|
|t:|1760460748
|move|p2a: Kingambit|Sucker Punch|p1a: Landorus
|-damage|p1a: Landorus|0 fnt
|faint|p1a: Landorus
|
|-heal|p2a: Kingambit|99/100|[from] item: Leftovers
|upkeep
|
|t:|1760460776
|switch|p1a: Iron Moth|Iron Moth|100/100
|turn|27
|
|t:|1760460785
|-end|p2a: Kingambit|fallen2|[silent]
|switch|p2a: Slowking|Slowking-Galar, M|100/100
|move|p1a: Iron Moth|Fiery Dance|p2a: Slowking
|-damage|p2a: Slowking|76/100
|
|upkeep
|turn|28
|
|t:|1760460790
|-end|p1a: Iron Moth|Quark Drive|[silent]
|switch|p1a: Kingambit|Kingambit, F, shiny|100/100 par
|-activate|p1a: Kingambit|ability: Supreme Overlord
|-start|p1a: Kingambit|fallen3|[silent]
|move|p2a: Slowking|Psychic Noise|p1a: Kingambit
|-immune|p1a: Kingambit
|
|upkeep
|turn|29
|
|t:|1760460798
|-end|p1a: Kingambit|fallen3|[silent]
|switch|p1a: Glimmora|Glimmora, F|82/100
|switch|p2a: Moltres|Moltres, shiny|49/100
|
|upkeep
|turn|30
|
|t:|1760460803
|move|p1a: Glimmora|Meteor Beam||[still]
|-prepare|p1a: Glimmora|Meteor Beam
|-boost|p1a: Glimmora|spa|1
|-enditem|p1a: Glimmora|Power Herb
|-anim|p1a: Glimmora|Meteor Beam|p2a: Moltres
|-supereffective|p2a: Moltres
|-damage|p2a: Moltres|0 fnt
|faint|p2a: Moltres
|
|upkeep
|
|t:|1760460810
|switch|p2a: Landorus|Landorus-Therian, M|69/100
|-damage|p2a: Landorus|57/100|[from] Stealth Rock
|-ability|p2a: Landorus|Intimidate|boost
|-unboost|p1a: Glimmora|atk|1
|turn|31
|
|t:|1760460823
|move|p2a: Landorus|Earthquake|p1a: Glimmora
|-supereffective|p1a: Glimmora
|-damage|p1a: Glimmora|0 fnt
|-activate|p1a: Glimmora|ability: Toxic Debris
|-sidestart|p2: The Sword of Ruin|move: Toxic Spikes
|faint|p1a: Glimmora
|
|upkeep
|
|t:|1760460835
|switch|p1a: Iron Moth|Iron Moth|100/100
|turn|32
|
|t:|1760460838
|move|p1a: Iron Moth|Fiery Dance|p2a: Landorus
|-damage|p2a: Landorus|5/100
|-boost|p1a: Iron Moth|spa|1
|move|p2a: Landorus|Earthquake|p1a: Iron Moth
|-supereffective|p1a: Iron Moth
|-damage|p1a: Iron Moth|0 fnt
|faint|p1a: Iron Moth
|-end|p1a: Iron Moth|Quark Drive|[silent]
|
|upkeep
|c|☆The Sword of Ruin|gg
|c|☆Jolly1244|gg
|
|t:|1760460847
|switch|p1a: Kingambit|Kingambit, F, shiny|100/100 par
|-activate|p1a: Kingambit|ability: Supreme Overlord
|-start|p1a: Kingambit|fallen5|[silent]
|turn|33
|
|t:|1760460849
|cant|p1a: Kingambit|par
|move|p2a: Landorus|Taunt|p1a: Kingambit
|-start|p1a: Kingambit|move: Taunt
|
|upkeep
|turn|34
|
|t:|1760460851
|move|p1a: Kingambit|Sucker Punch|p2a: Landorus
|-damage|p2a: Landorus|0 fnt
|faint|p2a: Landorus
|
|upkeep
|
|t:|1760460853
|switch|p2a: Kingambit|Kingambit, F, shiny|99/100
|-damage|p2a: Kingambit|93/100|[from] Stealth Rock
|-activate|p2a: Kingambit|ability: Supreme Overlord
|-start|p2a: Kingambit|fallen4|[silent]
|turn|35
|
|t:|1760460855
|move|p2a: Kingambit|Low Kick|p1a: Kingambit
|-supereffective|p1a: Kingambit
|-damage|p1a: Kingambit|0 fnt
|faint|p1a: Kingambit
|-end|p1a: Kingambit|fallen5|[silent]
|
|win|The Sword of Ruin
|raw|Jolly1244's rating: 1626 &rarr; <strong>1607</strong><br />(-19 for losing)
|raw|The Sword of Ruin's rating: 1636 &rarr; <strong>1655</strong><br />(+19 for winning)
|l|☆Jolly1244
|player|p1|
|l|☆The Sword of Ruin
|player|p2|
|l| JkPkmnGaming
