|j|☆prostitwo
|j|☆StarSmilez
|t:|1760445507
|gametype|singles
|player|p1|prostitwo|dawn|1453
|player|p2|StarSmilez|miku-ghost|1450
|gen|9
|tier|[Gen 9] OU
|rated|
|rule|HP Percentage Mod: HP is shown in percentages
|rule|Endless Battle Clause: Forcing endless battles is banned
|rule|Species Clause: Limit one of each Pokémon
|rule|OHKO Clause: OHKO moves are banned
|rule|Evasion Items Clause: Evasion items are banned
|rule|Evasion Moves Clause: Evasion moves are banned
|rule|Evasion Abilities Clause: Evasion abilities are banned
|rule|Sleep Moves Clause: Sleep-inducing moves are banned
|clearpoke
|poke|p1|Meloetta|
|poke|p1|Araquanid, F|
|poke|p1|Iron Crown|
|poke|p1|Great Tusk|
|poke|p1|Kyurem|
|poke|p1|Slither Wing|
|poke|p2|Torkoal, M|
|poke|p2|Hatterene, F|
|poke|p2|Walking Wake|
|poke|p2|Great Tusk|
|poke|p2|Dragonite, F|
|poke|p2|Cinderace, F|
|teampreview
|inactive|Battle timer is ON: inactive players will automatically lose when time's up. (requested by StarSmilez)
|
|t:|1760445518
|teamsize|p1|6
|teamsize|p2|6
|start
|switch|p1a: Araquanid|Araquanid, F|100/100
|switch|p2a: TransRights|Hatterene, F|100/100
|turn|1
|
|t:|1760445521
|move|p1a: Araquanid|Infestation|p2a: TransRights
|-damage|p2a: TransRights|96/100
|-activate|p2a: TransRights|move: Infestation|[of] p1a: Araquanid
|move|p2a: TransRights|Psyshock|p1a: Araquanid
|-damage|p1a: Araquanid|63/100
|
|-heal|p1a: Araquanid|69/100|[from] item: Leftovers
|-heal|p2a: TransRights|100/100|[from] item: Leftovers
|-damage|p2a: TransRights|88/100|[from] move: Infestation|[partiallytrapped]
|upkeep
|turn|2
|
|t:|1760445527
|-terastallize|p1a: Araquanid|Water
|move|p1a: Araquanid|Liquidation|p2a: TransRights
|-damage|p2a: TransRights|27/100
|move|p2a: TransRights|Calm Mind|p2a: TransRights
|-boost|p2a: TransRights|spa|1
|-boost|p2a: TransRights|spd|1
|
|-heal|p1a: Araquanid|75/100|[from] item: Leftovers
|-heal|p2a: TransRights|33/100|[from] item: Leftovers
|-damage|p2a: TransRights|21/100|[from] move: Infestation|[partiallytrapped]
|upkeep
|turn|3
|
|t:|1760445532
|move|p1a: Araquanid|Liquidation|p2a: TransRights
|-damage|p2a: TransRights|0 fnt
|faint|p2a: TransRights
|
|-heal|p1a: Araquanid|82/100|[from] item: Leftovers
|upkeep
|
|t:|1760445554
|switch|p2a: Hotspot|Torkoal, M|100/100
|-weather|SunnyDay|[from] ability: Drought|[of] p2a: Hotspot
|turn|4
|
|t:|1760445557
|move|p1a: Araquanid|Sticky Web|p2a: Hotspot
|-sidestart|p2: StarSmilez|move: Sticky Web
|move|p2a: Hotspot|Stealth Rock|p1a: Araquanid
|-sidestart|p1: prostitwo|move: Stealth Rock
|
|-weather|SunnyDay|[upkeep]
|-heal|p1a: Araquanid|88/100|[from] item: Leftovers
|upkeep
|turn|5
|
|t:|1760445563
|move|p1a: Araquanid|Liquidation|p2a: Hotspot
|-supereffective|p2a: Hotspot
|-damage|p2a: Hotspot|56/100
|move|p2a: Hotspot|Earth Power|p1a: Araquanid
|-damage|p1a: Araquanid|72/100
|
|-weather|SunnyDay|[upkeep]
|-heal|p1a: Araquanid|78/100|[from] item: Leftovers
|upkeep
|turn|6
|
|t:|1760445576
|switch|p2a: Moonless|Walking Wake|100/100
|-activate|p2a: Moonless|move: Sticky Web
|-unboost|p2a: Moonless|spe|1
|-activate|p2a: Moonless|ability: Protosynthesis
|-start|p2a: Moonless|protosynthesisspa
|move|p1a: Araquanid|Liquidation|p2a: Moonless
|-resisted|p2a: Moonless
|-damage|p2a: Moonless|93/100
|
|-weather|SunnyDay|[upkeep]
|-heal|p1a: Araquanid|84/100|[from] item: Leftovers
|upkeep
|turn|7
|
|t:|1760445584
|switch|p1a: Iron Crown|Iron Crown|100/100
|-damage|p1a: Iron Crown|94/100|[from] Stealth Rock
|move|p2a: Moonless|Hydro Steam|p1a: Iron Crown
|-damage|p1a: Iron Crown|15/100
|
|-weather|SunnyDay|[upkeep]
|upkeep
|turn|8
|
|t:|1760445589
|move|p1a: Iron Crown|Volt Switch|p2a: Moonless
|-damage|p2a: Moonless|64/100
|
|t:|1760445594
|-end|p1a: Iron Crown|Quark Drive|[silent]
|switch|p1a: Kyurem|Kyurem|100/100|[from] Volt Switch
|-damage|p1a: Kyurem|76/100|[from] Stealth Rock
|-ability|p1a: Kyurem|Pressure
|move|p2a: Moonless|Flamethrower|p1a: Kyurem
|-damage|p1a: Kyurem|24/100
|-status|p1a: Kyurem|brn
|
|-weather|SunnyDay|[upkeep]
|-heal|p1a: Kyurem|30/100 brn|[from] item: Leftovers
|-damage|p1a: Kyurem|24/100 brn|[from] brn
|upkeep
|turn|9
|
|t:|1760445608
|move|p1a: Kyurem|Freeze-Dry|p2a: Moonless
|-supereffective|p2a: Moonless
|-crit|p2a: Moonless
|-damage|p2a: Moonless|0 fnt
|faint|p2a: Moonless
|-end|p2a: Moonless|Protosynthesis|[silent]
|
|-weather|SunnyDay|[upkeep]
|-heal|p1a: Kyurem|30/100 brn|[from] item: Leftovers
|-damage|p1a: Kyurem|24/100 brn|[from] brn
|upkeep
|
|t:|1760445612
|switch|p2a: Tusker|Great Tusk|100/100
|-activate|p2a: Tusker|move: Sticky Web
|-unboost|p2a: Tusker|spe|1
|-activate|p2a: Tusker|ability: Protosynthesis
|-start|p2a: Tusker|protosynthesisatk
|turn|10
|
|t:|1760445623
|-terastallize|p2a: Tusker|Steel
|move|p1a: Kyurem|Protect|p1a: Kyurem
|-singleturn|p1a: Kyurem|Protect
|move|p2a: Tusker|Rapid Spin|p1a: Kyurem
|-activate|p1a: Kyurem|move: Protect
|
|-weather|SunnyDay|[upkeep]
|-heal|p1a: Kyurem|30/100 brn|[from] item: Leftovers
|-damage|p1a: Kyurem|24/100 brn|[from] brn
|upkeep
|turn|11
|
|t:|1760445627
|move|p1a: Kyurem|Earth Power|p2a: Tusker
|-supereffective|p2a: Tusker
|-damage|p2a: Tusker|51/100
|move|p2a: Tusker|Rapid Spin|p1a: Kyurem
|-damage|p1a: Kyurem|6/100 brn
|-boost|p2a: Tusker|spe|1
|-sideend|p2: StarSmilez|Sticky Web|[from] move: Rapid Spin|[of] p2a: Tusker
|
|-weather|none
|-end|p2a: Tusker|Protosynthesis
|-heal|p1a: Kyurem|13/100 brn|[from] item: Leftovers
|-damage|p1a: Kyurem|6/100 brn|[from] brn
|upkeep
|turn|12
|
|t:|1760445632
|move|p1a: Kyurem|Earth Power|p2a: Tusker
|-supereffective|p2a: Tusker
|-damage|p2a: Tusker|1/100
|move|p2a: Tusker|Rapid Spin|p1a: Kyurem
|-damage|p1a: Kyurem|0 fnt
|-boost|p2a: Tusker|spe|1
|faint|p1a: Kyurem
|
|upkeep
|
|t:|1760445640
|switch|p1a: Great Tusk|Great Tusk|100/100
|-damage|p1a: Great Tusk|98/100|[from] Stealth Rock
|turn|13
|
|t:|1760445643
|move|p2a: Tusker|Close Combat|p1a: Great Tusk
|-damage|p1a: Great Tusk|58/100
|-unboost|p2a: Tusker|def|1
|-unboost|p2a: Tusker|spd|1
|move|p1a: Great Tusk|Rapid Spin|p2a: Tusker
|-resisted|p2a: Tusker
|-damage|p2a: Tusker|0 fnt
|-boost|p1a: Great Tusk|spe|1
|-sideend|p1: prostitwo|Stealth Rock|[from] move: Rapid Spin|[of] p1a: Great Tusk
|faint|p2a: Tusker
|-end|p2a: Tusker|Protosynthesis|[silent]
|
|upkeep
|
|t:|1760445659
|switch|p2a: Hotspot|Torkoal, M|56/100
|-weather|SunnyDay|[from] ability: Drought|[of] p2a: Hotspot
|-activate|p1a: Great Tusk|ability: Protosynthesis
|-start|p1a: Great Tusk|protosynthesisspe
|turn|14
|
|t:|1760445666
|move|p1a: Great Tusk|Headlong Rush|p2a: Hotspot
|-supereffective|p2a: Hotspot
|-damage|p2a: Hotspot|0 fnt
|-unboost|p1a: Great Tusk|def|1
|-unboost|p1a: Great Tusk|spd|1
|faint|p2a: Hotspot
|
|-weather|SunnyDay|[upkeep]
|upkeep
|
|t:|1760445669
|switch|p2a: Penny|Cinderace, F|100/100
|turn|15
|
|t:|1760445676
|-end|p1a: Great Tusk|Protosynthesis|[silent]
|switch|p1a: Araquanid|Araquanid, F, tera:Water|84/100
|move|p2a: Penny|Sucker Punch||[still]
|-fail|p2a: Penny
|
|-weather|SunnyDay|[upkeep]
|-heal|p1a: Araquanid|90/100|[from] item: Leftovers
|upkeep
|turn|16
|
|t:|1760445682
|switch|p1a: Iron Crown|Iron Crown|15/100
|move|p2a: Penny|High Jump Kick|p1a: Iron Crown|[miss]
|-start|p2a: Penny|typechange|Fighting|[from] ability: Libero
|-miss|p2a: Penny|p1a: Iron Crown
|-damage|p2a: Penny|51/100|[from] highjumpkick
|
|-weather|SunnyDay|[upkeep]
|upkeep
|turn|17
|
|t:|1760445690
|-end|p1a: Iron Crown|Quark Drive|[silent]
|switch|p1a: Great Tusk|Great Tusk|58/100
|-activate|p1a: Great Tusk|ability: Protosynthesis
|-start|p1a: Great Tusk|protosynthesisatk
|move|p2a: Penny|Pyro Ball|p1a: Great Tusk
|-damage|p1a: Great Tusk|22/100
|-status|p1a: Great Tusk|brn
|
|-weather|SunnyDay|[upkeep]
|-damage|p1a: Great Tusk|16/100 brn|[from] brn
|upkeep
|turn|18
|
|t:|1760445698
|move|p2a: Penny|Pyro Ball|p1a: Great Tusk
|-damage|p1a: Great Tusk|0 fnt
|faint|p1a: Great Tusk
|-end|p1a: Great Tusk|Protosynthesis|[silent]
|
|-weather|SunnyDay|[upkeep]
|upkeep
|
|t:|1760445706
|switch|p1a: Araquanid|Araquanid, F, tera:Water|90/100
|turn|19
|
|t:|1760445708
|move|p2a: Penny|High Jump Kick|p1a: Araquanid
|-damage|p1a: Araquanid|36/100
|move|p1a: Araquanid|Liquidation|p2a: Penny
|-damage|p2a: Penny|9/100
|
|-weather|SunnyDay|[upkeep]
|-heal|p1a: Araquanid|43/100|[from] item: Leftovers
|upkeep
|turn|20
|
|t:|1760445716
|move|p2a: Penny|High Jump Kick|p1a: Araquanid|[miss]
|-miss|p2a: Penny|p1a: Araquanid
|-damage|p2a: Penny|0 fnt|[from] highjumpkick
|faint|p2a: Penny
|move|p1a: Araquanid|Liquidation|p2: Penny|[notarget]
|-fail|p1a: Araquanid
|
|-weather|SunnyDay|[upkeep]
|-heal|p1a: Araquanid|49/100|[from] item: Leftovers
|upkeep
|
|t:|1760445719
|switch|p2a: Bridget|Dragonite, F|100/100
|turn|21
|
|t:|1760445725
|switch|p1a: Slither Wing|Slither Wing|100/100
|-activate|p1a: Slither Wing|ability: Protosynthesis
|-start|p1a: Slither Wing|protosynthesisspe
|move|p2a: Bridget|Dragon Dance|p2a: Bridget
|-boost|p2a: Bridget|atk|1
|-boost|p2a: Bridget|spe|1
|
|-weather|none
|-end|p1a: Slither Wing|Protosynthesis
|upkeep
|-enditem|p1a: Slither Wing|Booster Energy
|-activate|p1a: Slither Wing|ability: Protosynthesis|[fromitem]
|-start|p1a: Slither Wing|protosynthesisspe
|turn|22
|
|t:|1760445731
|move|p1a: Slither Wing|Stun Spore|p2a: Bridget
|-status|p2a: Bridget|par
|cant|p2a: Bridget|par
|
|upkeep
|turn|23
|
|t:|1760445737
|move|p1a: Slither Wing|Flare Blitz|p2a: Bridget
|-resisted|p2a: Bridget
|-damage|p2a: Bridget|92/100 par
|-damage|p1a: Slither Wing|98/100|[from] Recoil
|move|p2a: Bridget|Scale Shot|p1a: Slither Wing
|-damage|p1a: Slither Wing|71/100
|-damage|p1a: Slither Wing|44/100
|-damage|p1a: Slither Wing|14/100
|-damage|p1a: Slither Wing|0 fnt
|faint|p1a: Slither Wing
|-end|p1a: Slither Wing|Protosynthesis|[silent]
|-hitcount|p1: Slither Wing|4
|-unboost|p2a: Bridget|def|1
|-boost|p2a: Bridget|spe|1
|
|upkeep
|
|t:|1760445742
|switch|p1a: Meloetta|Meloetta|100/100
|turn|24
|
|t:|1760445748
|move|p1a: Meloetta|Relic Song|p2a: Bridget
|-damage|p2a: Bridget|51/100 par
|-formechange|p1a: Meloetta|Meloetta-Pirouette|[msg]
|-damage|p1a: Meloetta|91/100|[from] item: Life Orb
|cant|p2a: Bridget|par
|
|upkeep
|turn|25
|
|t:|1760445754
|move|p2a: Bridget|Extreme Speed|p1a: Meloetta
|-damage|p1a: Meloetta|41/100
|move|p1a: Meloetta|Knock Off|p2a: Bridget
|-damage|p2a: Bridget|0 fnt
|-enditem|p2a: Bridget|Heavy-Duty Boots|[from] move: Knock Off|[of] p1a: Meloetta
|faint|p2a: Bridget
|-damage|p1a: Meloetta|31/100|[from] item: Life Orb
|
|win|prostitwo
|raw|prostitwo's rating: 1453 &rarr; <strong>1473</strong><br />(+20 for winning)
|raw|StarSmilez's rating: 1450 &rarr; <strong>1430</strong><br />(-20 for losing)
|l|☆StarSmilez
|player|p2|
|l|☆prostitwo
|player|p1|
