|j|‽Its bob Ross
|j|☆TheGamingPolitoed
|t:|1760458737
|gametype|singles
|player|p1|Its bob Ross|artist|1377
|player|p2|TheGamingPolitoed|cress|1371
|gen|9
|tier|[Gen 9] OU
|rated|
|rule|HP Percentage Mod: HP is shown in percentages
|rule|Endless Battle Clause: Forcing endless battles is banned
|rule|Species Clause: Limit one of each Pokémon
|rule|OHKO Clause: OHKO moves are banned
|rule|Evasion Items Clause: Evasion items are banned
|rule|Evasion Moves Clause: Evasion moves are banned
|rule|Evasion Abilities Clause: Evasion abilities are banned
|rule|Sleep Moves Clause: Sleep-inducing moves are banned
|clearpoke
|poke|p1|Lokix, F|
|poke|p1|Iron Valiant|
|poke|p1|Great Tusk|
|poke|p1|Hydrapple, F|
|poke|p1|Empoleon, F|
|poke|p1|Infernape, F|
|poke|p2|Primarina, F|
|poke|p2|Ludicolo, M|
|poke|p2|Samurott-Hisui, M|
|poke|p2|Toxapex, F|
|poke|p2|Politoed, M|
|poke|p2|Walking Wake|
|teampreview
|inactive|Battle timer is ON: inactive players will automatically lose when time's up. (requested by Its bob Ross)
|
|t:|1760458750
|teamsize|p1|6
|teamsize|p2|6
|start
|switch|p1a: Lokix|Lokix, F|100/100
|switch|p2a: Donny Ronny|Samurott-Hisui, M|100/100
|turn|1
|
|t:|1760458755
|switch|p2a: Toxatax|Toxapex, F|100/100
|move|p1a: Lokix|First Impression|p2a: Toxatax
|-resisted|p2a: Toxatax
|-damage|p2a: Toxatax|75/100
|-damage|p1a: Lokix|84/100|[from] item: Rocky Helmet|[of] p2a: Toxatax
|
|upkeep
|turn|2
|
|t:|1760458761
|move|p1a: Lokix|Taunt|p2a: Toxatax
|-start|p2a: Toxatax|move: Taunt
|cant|p2a: Toxatax|move: Taunt|Toxic Spikes
|
|upkeep
|turn|3
|
|t:|1760458766
|move|p1a: Lokix|Knock Off|p2a: Toxatax
|-damage|p2a: Toxatax|47/100
|-damage|p1a: Lokix|67/100|[from] item: Rocky Helmet|[of] p2a: Toxatax
|-enditem|p2a: Toxatax|Rocky Helmet|[from] move: Knock Off|[of] p1a: Lokix
|move|p2a: Toxatax|Surf|p1a: Lokix
|-damage|p1a: Lokix|31/100
|
|upkeep
|turn|4
|
|t:|1760458773
|move|p1a: Lokix|U-turn|p2a: Toxatax
|-resisted|p2a: Toxatax
|-damage|p2a: Toxatax|25/100
|
|t:|1760458778
|switch|p1a: Hydrapple|Hydrapple, F|100/100|[from] U-turn
|move|p2a: Toxatax|Surf|p1a: Hydrapple
|-resisted|p1a: Hydrapple
|-crit|p1a: Hydrapple
|-damage|p1a: Hydrapple|97/100
|
|-end|p2a: Toxatax|move: Taunt
|upkeep
|turn|5
|
|t:|1760458787
|switch|p2a: The King|Politoed, M|100/100
|-weather|RainDance|[from] ability: Drizzle|[of] p2a: The King
|move|p1a: Hydrapple|Giga Drain|p2a: The King
|-supereffective|p2a: The King
|-damage|p2a: The King|44/100
|-heal|p1a: Hydrapple|100/100|[from] drain|[of] p2a: The King
|
|-weather|RainDance|[upkeep]
|upkeep
|turn|6
|
|t:|1760458796
|switch|p1a: Empoleon|Empoleon, F|100/100
|move|p2a: The King|Ice Beam|p1a: Empoleon
|-resisted|p1a: Empoleon
|-damage|p1a: Empoleon|96/100
|
|-weather|RainDance|[upkeep]
|-heal|p1a: Empoleon|100/100|[from] item: Leftovers
|upkeep
|turn|7
|
|t:|1760458804
|switch|p2a: Toxatax|Toxapex, F|59/100
|move|p1a: Empoleon|Flip Turn|p2a: Toxatax
|-resisted|p2a: Toxatax
|-damage|p2a: Toxatax|52/100
|
|t:|1760458810
|switch|p1a: Great Tusk|Great Tusk|100/100|[from] Flip Turn
|-enditem|p1a: Great Tusk|Booster Energy
|-activate|p1a: Great Tusk|ability: Protosynthesis|[fromitem]
|-start|p1a: Great Tusk|protosynthesisatk
|
|-weather|RainDance|[upkeep]
|upkeep
|turn|8
|
|t:|1760458816
|switch|p2a: Walk the Dinosaur|Walking Wake|100/100
|move|p1a: Great Tusk|Headlong Rush|p2a: Walk the Dinosaur
|-damage|p2a: Walk the Dinosaur|10/100
|-unboost|p1a: Great Tusk|def|1
|-unboost|p1a: Great Tusk|spd|1
|
|-weather|RainDance|[upkeep]
|upkeep
|turn|9
|
|t:|1760458827
|-end|p1a: Great Tusk|Protosynthesis|[silent]
|switch|p1a: Empoleon|Empoleon, F|100/100
|move|p2a: Walk the Dinosaur|Draco Meteor|p1a: Empoleon
|-resisted|p1a: Empoleon
|-damage|p1a: Empoleon|63/100
|-unboost|p2a: Walk the Dinosaur|spa|2
|
|-weather|RainDance|[upkeep]
|-heal|p1a: Empoleon|69/100|[from] item: Leftovers
|upkeep
|turn|10
|
|t:|1760458836
|-end|p2a: Walk the Dinosaur|Protosynthesis|[silent]
|switch|p2a: Donny Ronny|Samurott-Hisui, M|100/100
|move|p1a: Empoleon|Flip Turn|p2a: Donny Ronny
|-resisted|p2a: Donny Ronny
|-damage|p2a: Donny Ronny|85/100
|
|t:|1760458838
|switch|p1a: Lokix|Lokix, F|31/100|[from] Flip Turn
|
|-weather|RainDance|[upkeep]
|upkeep
|turn|11
|
|t:|1760458845
|switch|p2a: Toxatax|Toxapex, F|85/100
|move|p1a: Lokix|First Impression|p2a: Toxatax
|-resisted|p2a: Toxatax
|-damage|p2a: Toxatax|59/100
|
|-weather|RainDance|[upkeep]
|upkeep
|turn|12
|
|t:|1760458859
|switch|p1a: Empoleon|Empoleon, F|69/100
|move|p2a: Toxatax|Surf|p1a: Empoleon
|-resisted|p1a: Empoleon
|-damage|p1a: Empoleon|57/100
|
|-weather|none
|-heal|p1a: Empoleon|64/100|[from] item: Leftovers
|upkeep
|turn|13
|
|t:|1760458868
|move|p1a: Empoleon|Flash Cannon|p2a: Toxatax
|-resisted|p2a: Toxatax
|-damage|p2a: Toxatax|47/100
|move|p2a: Toxatax|Toxic Spikes|p1a: Empoleon
|-sidestart|p1: Its bob Ross|move: Toxic Spikes
|
|-heal|p1a: Empoleon|70/100|[from] item: Leftovers
|upkeep
|turn|14
|
|t:|1760458874
|switch|p2a: Donny Ronny|Samurott-Hisui, M|85/100
|move|p1a: Empoleon|Flip Turn|p2a: Donny Ronny
|-resisted|p2a: Donny Ronny
|-damage|p2a: Donny Ronny|75/100
|
|t:|1760458879
|switch|p1a: Lokix|Lokix, F|31/100|[from] Flip Turn
|
|upkeep
|turn|15
|
|t:|1760458883
|switch|p2a: Toxatax|Toxapex, F|80/100
|move|p1a: Lokix|U-turn|p2a: Toxatax
|-resisted|p2a: Toxatax
|-damage|p2a: Toxatax|58/100
|
|t:|1760458885
|switch|p1a: Great Tusk|Great Tusk|100/100|[from] U-turn
|-status|p1a: Great Tusk|psn
|
|-damage|p1a: Great Tusk|88/100 psn|[from] psn
|upkeep
|turn|16
|
|t:|1760458893
|move|p1a: Great Tusk|Rapid Spin|p2a: Toxatax
|-damage|p2a: Toxatax|47/100
|-boost|p1a: Great Tusk|spe|1
|-sideend|p1: Its bob Ross|Toxic Spikes|[from] move: Rapid Spin|[of] p1a: Great Tusk
|move|p2a: Toxatax|Surf|p1a: Great Tusk
|-supereffective|p1a: Great Tusk
|-damage|p1a: Great Tusk|33/100 psn
|
|-damage|p1a: Great Tusk|21/100 psn|[from] psn
|upkeep
|turn|17
|
|t:|1760458902
|switch|p2a: Donny Ronny|Samurott-Hisui, M|75/100
|move|p1a: Great Tusk|Headlong Rush|p2a: Donny Ronny
|-damage|p2a: Donny Ronny|0 fnt
|-unboost|p1a: Great Tusk|def|1
|-unboost|p1a: Great Tusk|spd|1
|faint|p2a: Donny Ronny
|
|-damage|p1a: Great Tusk|9/100 psn|[from] psn
|upkeep
|
|t:|1760458911
|switch|p2a: Toxatax|Toxapex, F|80/100
|turn|18
|
|t:|1760458921
|-end|p1a: Great Tusk|Protosynthesis|[silent]
|switch|p1a: Lokix|Lokix, F|31/100
|move|p2a: Toxatax|Toxic Spikes|p1a: Lokix
|-sidestart|p1: Its bob Ross|move: Toxic Spikes
|
|upkeep
|turn|19
|
|t:|1760458926
|move|p1a: Lokix|Taunt|p2a: Toxatax
|-start|p2a: Toxatax|move: Taunt
|move|p2a: Toxatax|Surf|p1a: Lokix
|-damage|p1a: Lokix|0 fnt
|faint|p1a: Lokix
|
|upkeep
|
|t:|1760458930
|switch|p1a: Great Tusk|Great Tusk|9/100 psn
|turn|20
|
|t:|1760458940
|move|p1a: Great Tusk|Headlong Rush|p2a: Toxatax
|-supereffective|p2a: Toxatax
|-damage|p2a: Toxatax|1/100
|-unboost|p1a: Great Tusk|def|1
|-unboost|p1a: Great Tusk|spd|1
|move|p2a: Toxatax|Surf|p1a: Great Tusk
|-supereffective|p1a: Great Tusk
|-damage|p1a: Great Tusk|0 fnt
|faint|p1a: Great Tusk
|-end|p1a: Great Tusk|Protosynthesis|[silent]
|
|upkeep
|
|t:|1760458947
|switch|p1a: Empoleon|Empoleon, F|70/100
|turn|21
|
|t:|1760458950
|switch|p2a: Ecomare|Primarina, F|100/100
|move|p1a: Empoleon|Flip Turn|p2a: Ecomare
|-resisted|p2a: Ecomare
|-crit|p2a: Ecomare
|-damage|p2a: Ecomare|85/100
|
|t:|1760458956
|switch|p1a: Hydrapple|Hydrapple, F|100/100|[from] Flip Turn
|-status|p1a: Hydrapple|psn
|
|-heal|p2a: Ecomare|91/100|[from] item: Leftovers
|-damage|p1a: Hydrapple|88/100 psn|[from] psn
|upkeep
|turn|22
|
|t:|1760458963
|-terastallize|p1a: Hydrapple|Electric
|move|p2a: Ecomare|Substitute|p2a: Ecomare
|-start|p2a: Ecomare|Substitute
|-damage|p2a: Ecomare|66/100
|move|p1a: Hydrapple|Tera Blast|p2a: Ecomare|[anim] Tera Blast Electric
|-supereffective|p2a: Ecomare
|-end|p2a: Ecomare|Substitute
|
|-heal|p2a: Ecomare|72/100|[from] item: Leftovers
|-damage|p1a: Hydrapple|75/100 psn|[from] psn
|upkeep
|turn|23
|
|t:|1760458973
|move|p2a: Ecomare|Hydro Pump|p1a: Hydrapple
|-damage|p1a: Hydrapple|47/100 psn
|move|p1a: Hydrapple|Giga Drain|p2a: Ecomare
|-supereffective|p2a: Ecomare
|-damage|p2a: Ecomare|5/100
|-heal|p1a: Hydrapple|73/100 psn|[from] drain|[of] p2a: Ecomare
|
|-heal|p2a: Ecomare|11/100|[from] item: Leftovers
|-damage|p1a: Hydrapple|60/100 psn|[from] psn
|upkeep
|turn|24
|
|t:|1760458982
|move|p2a: Ecomare|Hydro Pump|p1a: Hydrapple|[miss]
|-miss|p2a: Ecomare|p1a: Hydrapple
|move|p1a: Hydrapple|Giga Drain|p2a: Ecomare
|-supereffective|p2a: Ecomare
|-damage|p2a: Ecomare|0 fnt
|-heal|p1a: Hydrapple|64/100 psn|[from] drain|[of] p2a: Ecomare
|faint|p2a: Ecomare
|
|-damage|p1a: Hydrapple|52/100 psn|[from] psn
|upkeep
|
|t:|1760458991
|switch|p2a: Walk the Dinosaur|Walking Wake|10/100
|turn|25
|
|t:|1760458994
|switch|p1a: Empoleon|Empoleon, F|70/100
|move|p2a: Walk the Dinosaur|Hydro Steam|p1a: Empoleon
|-resisted|p1a: Empoleon
|-damage|p1a: Empoleon|46/100
|
|-heal|p1a: Empoleon|52/100|[from] item: Leftovers
|upkeep
|turn|26
|
|t:|1760459002
|move|p2a: Walk the Dinosaur|Hydro Steam|p1a: Empoleon
|-resisted|p1a: Empoleon
|-damage|p1a: Empoleon|28/100
|move|p1a: Empoleon|Flip Turn|p2a: Walk the Dinosaur
|-resisted|p2a: Walk the Dinosaur
|-damage|p2a: Walk the Dinosaur|6/100
|
|t:|1760459005
|switch|p1a: Infernape|Infernape, F|100/100|[from] Flip Turn
|-status|p1a: Infernape|psn
|
|-damage|p1a: Infernape|88/100 psn|[from] psn
|upkeep
|turn|27
|
|t:|1760459013
|move|p1a: Infernape|Vacuum Wave|p2a: Walk the Dinosaur
|-damage|p2a: Walk the Dinosaur|0 fnt
|faint|p2a: Walk the Dinosaur
|-end|p2a: Walk the Dinosaur|Protosynthesis|[silent]
|
|-damage|p1a: Infernape|76/100 psn|[from] psn
|upkeep
|
|t:|1760459018
|switch|p2a: Toxatax|Toxapex, F|35/100
|turn|28
|
|t:|1760459023
|move|p1a: Infernape|Fire Blast|p2a: Toxatax
|-resisted|p2a: Toxatax
|-damage|p2a: Toxatax|15/100
|move|p2a: Toxatax|Recover|p2a: Toxatax
|-heal|p2a: Toxatax|65/100
|
|-damage|p1a: Infernape|64/100 psn|[from] psn
|upkeep
|turn|29
|
|t:|1760459031
|switch|p2a: The King|Politoed, M|44/100
|-weather|RainDance|[from] ability: Drizzle|[of] p2a: The King
|move|p1a: Infernape|U-turn|p2a: The King
|-damage|p2a: The King|33/100
|
|t:|1760459035
|switch|p1a: Iron Valiant|Iron Valiant|100/100|[from] U-turn
|-status|p1a: Iron Valiant|psn
|
|-weather|RainDance|[upkeep]
|-damage|p1a: Iron Valiant|88/100 psn|[from] psn
|upkeep
|turn|30
|
|t:|1760459043
|switch|p2a: Toxatax|Toxapex, F|98/100
|move|p1a: Iron Valiant|Moonblast|p2a: Toxatax
|-resisted|p2a: Toxatax
|-damage|p2a: Toxatax|79/100
|
|-weather|RainDance|[upkeep]
|-damage|p1a: Iron Valiant|76/100 psn|[from] psn
|upkeep
|turn|31
|
|t:|1760459050
|switch|p2a: Juan|Ludicolo, M|100/100
|move|p1a: Iron Valiant|Knock Off|p2a: Juan
|-damage|p2a: Juan|58/100
|-enditem|p2a: Juan|Life Orb|[from] move: Knock Off|[of] p1a: Iron Valiant
|
|-weather|RainDance|[upkeep]
|-damage|p1a: Iron Valiant|63/100 psn|[from] psn
|upkeep
|turn|32
|
|t:|1760459061
|-end|p1a: Iron Valiant|Quark Drive|[silent]
|switch|p1a: Infernape|Infernape, F|64/100 psn
|move|p2a: Juan|Giga Drain|p1a: Infernape
|-resisted|p1a: Infernape
|-damage|p1a: Infernape|40/100 psn
|-heal|p2a: Juan|70/100|[from] drain|[of] p1a: Infernape
|
|-weather|RainDance|[upkeep]
|-damage|p1a: Infernape|28/100 psn|[from] psn
|upkeep
|turn|33
|
|t:|1760459070
|move|p2a: Juan|Protect|p2a: Juan
|-singleturn|p2a: Juan|Protect
|move|p1a: Infernape|Endeavor|p2a: Juan
|-activate|p2a: Juan|move: Protect
|
|-weather|RainDance|[upkeep]
|-damage|p1a: Infernape|16/100 psn|[from] psn
|upkeep
|turn|34
|
|t:|1760459078
|switch|p2a: Toxatax|Toxapex, F|100/100
|move|p1a: Infernape|Vacuum Wave|p2a: Toxatax
|-resisted|p2a: Toxatax
|-damage|p2a: Toxatax|94/100
|
|-weather|RainDance|[upkeep]
|-damage|p1a: Infernape|4/100 psn|[from] psn
|upkeep
|turn|35
|
|t:|1760459085
|move|p1a: Infernape|Endeavor|p2a: Toxatax
|-damage|p2a: Toxatax|3/100
|move|p2a: Toxatax|Recover|p2a: Toxatax
|-heal|p2a: Toxatax|53/100
|
|-weather|RainDance|[upkeep]
|-damage|p1a: Infernape|0 fnt|[from] psn
|faint|p1a: Infernape
|upkeep
|
|t:|1760459090
|switch|p1a: Hydrapple|Hydrapple, F, tera:Electric|85/100 psn
|turn|36
|
|t:|1760459095
|move|p1a: Hydrapple|Tera Blast|p2a: Toxatax|[anim] Tera Blast Electric
|-supereffective|p2a: Toxatax
|-damage|p2a: Toxatax|0 fnt
|faint|p2a: Toxatax
|
|-weather|none
|-damage|p1a: Hydrapple|73/100 psn|[from] psn
|upkeep
|
|t:|1760459101
|switch|p2a: The King|Politoed, M|33/100
|-weather|RainDance|[from] ability: Drizzle|[of] p2a: The King
|turn|37
|
|t:|1760459104
|move|p2a: The King|Surf|p1a: Hydrapple
|-damage|p1a: Hydrapple|52/100 psn
|move|p1a: Hydrapple|Giga Drain|p2a: The King
|-supereffective|p2a: The King
|-damage|p2a: The King|0 fnt
|-heal|p1a: Hydrapple|67/100 psn|[from] drain|[of] p2a: The King
|faint|p2a: The King
|
|-weather|RainDance|[upkeep]
|-damage|p1a: Hydrapple|55/100 psn|[from] psn
|upkeep
|
|t:|1760459113
|switch|p2a: Juan|Ludicolo, M|70/100
|turn|38
|
|t:|1760459116
|switch|p1a: Empoleon|Empoleon, F|28/100
|move|p2a: Juan|Protect||[still]
|-fail|p2a: Juan
|
|-weather|RainDance|[upkeep]
|-heal|p1a: Empoleon|34/100|[from] item: Leftovers
|upkeep
|turn|39
|
|t:|1760459122
|move|p1a: Empoleon|Vacuum Wave|p2a: Juan
|-damage|p2a: Juan|58/100
|move|p2a: Juan|Giga Drain|p1a: Empoleon
|-damage|p1a: Empoleon|6/100
|-heal|p2a: Juan|75/100|[from] drain|[of] p1a: Empoleon
|
|-weather|RainDance|[upkeep]
|-heal|p1a: Empoleon|13/100|[from] item: Leftovers
|upkeep
|turn|40
|
|t:|1760459130
|move|p2a: Juan|Giga Drain|p1a: Empoleon
|-crit|p1a: Empoleon
|-damage|p1a: Empoleon|0 fnt
|-heal|p2a: Juan|83/100|[from] drain|[of] p1a: Empoleon
|faint|p1a: Empoleon
|
|-weather|RainDance|[upkeep]
|upkeep
|
|t:|1760459152
|switch|p1a: Hydrapple|Hydrapple, F, tera:Electric|88/100 psn
|turn|41
|
|t:|1760459157
|move|p2a: Juan|Protect|p2a: Juan
|-singleturn|p2a: Juan|Protect
|move|p1a: Hydrapple|Tera Blast|p2a: Juan|[anim] Tera Blast Electric
|-activate|p2a: Juan|move: Protect
|
|-weather|RainDance|[upkeep]
|-damage|p1a: Hydrapple|75/100 psn|[from] psn
|upkeep
|turn|42
|j| wobuhaole
|
|t:|1760459163
|move|p2a: Juan|Hydro Pump|p1a: Hydrapple
|-damage|p1a: Hydrapple|41/100 psn
|move|p1a: Hydrapple|Tera Blast|p2a: Juan|[anim] Tera Blast Electric
|-damage|p2a: Juan|43/100
|
|-weather|RainDance|[upkeep]
|-damage|p1a: Hydrapple|28/100 psn|[from] psn
|upkeep
|turn|43
|
|t:|1760459172
|switch|p1a: Iron Valiant|Iron Valiant|63/100 psn
|move|p2a: Juan|Hydro Pump|p1a: Iron Valiant
|-damage|p1a: Iron Valiant|0 fnt
|faint|p1a: Iron Valiant
|-end|p1a: Iron Valiant|Quark Drive|[silent]
|
|-weather|RainDance|[upkeep]
|upkeep
|
|t:|1760459177
|switch|p1a: Hydrapple|Hydrapple, F, tera:Electric|62/100 psn
|turn|44
|
|t:|1760459189
|move|p2a: Juan|Hydro Pump|p1a: Hydrapple|[miss]
|-miss|p2a: Juan|p1a: Hydrapple
|move|p1a: Hydrapple|Fickle Beam|p2a: Juan
|-damage|p2a: Juan|4/100
|
|-weather|none
|-damage|p1a: Hydrapple|49/100 psn|[from] psn
|upkeep
|turn|45
|
|t:|1760459196
|move|p2a: Juan|Protect|p2a: Juan
|-singleturn|p2a: Juan|Protect
|move|p1a: Hydrapple|Tera Blast|p2a: Juan|[anim] Tera Blast Electric
|-activate|p2a: Juan|move: Protect
|
|-damage|p1a: Hydrapple|37/100 psn|[from] psn
|upkeep
|turn|46
|
|t:|1760459206
|move|p2a: Juan|Hydro Pump|p1a: Hydrapple|[miss]
|-miss|p2a: Juan|p1a: Hydrapple
|move|p1a: Hydrapple|Tera Blast|p2a: Juan|[anim] Tera Blast Electric
|-damage|p2a: Juan|0 fnt
|faint|p2a: Juan
|
|win|Its bob Ross
|raw|Its bob Ross's rating: 1377 &rarr; <strong>1397</strong><br />(+20 for winning)
|raw|TheGamingPolitoed's rating: 1371 &rarr; <strong>1351</strong><br />(-20 for losing)
|l|‽Its bob Ross
|player|p1|
|l|☆TheGamingPolitoed
|player|p2|
