|j|☆M4 lema
|j|☆clail
|t:|1760357246
|gametype|singles
|player|p1|M4 lema|bellepa|1699
|player|p2|clail|265|1722
|gen|9
|tier|[Gen 9] OU
|rated|
|rule|HP Percentage Mod: HP is shown in percentages
|rule|Endless Battle Clause: Forcing endless battles is banned
|rule|Species Clause: Limit one of each Pokémon
|rule|OHKO Clause: OHKO moves are banned
|rule|Evasion Items Clause: Evasion items are banned
|rule|Evasion Moves Clause: Evasion moves are banned
|rule|Evasion Abilities Clause: Evasion abilities are banned
|rule|Sleep Moves Clause: Sleep-inducing moves are banned
|clearpoke
|poke|p1|Pelipper, F|
|poke|p1|Barraskewda, F|
|poke|p1|Iron Treads|
|poke|p1|Thundurus-Therian, M|
|poke|p1|Iron Crown|
|poke|p1|Dragonite, M|
|poke|p2|Ribombee, M|
|poke|p2|Ogerpon-Wellspring, F|
|poke|p2|Great Tusk|
|poke|p2|Gholdengo|
|poke|p2|Ceruledge, M|
|poke|p2|Glimmora, M|
|teampreview
|
|t:|1760357256
|teamsize|p1|6
|teamsize|p2|6
|start
|switch|p1a: Iron Treads|Iron Treads|100/100
|switch|p2a: Ogerpon|Ogerpon-Wellspring, F|100/100
|-enditem|p1a: Iron Treads|Booster Energy
|-activate|p1a: Iron Treads|ability: Quark Drive|[fromitem]
|-start|p1a: Iron Treads|quarkdrivespe
|turn|1
|
|t:|1760357262
|move|p1a: Iron Treads|Stealth Rock|p2a: Ogerpon
|-sidestart|p2: clail|move: Stealth Rock
|move|p2a: Ogerpon|Ivy Cudgel|p1a: Iron Treads|[anim] Ivy Cudgel Water
|-supereffective|p1a: Iron Treads
|-damage|p1a: Iron Treads|0 fnt
|faint|p1a: Iron Treads
|-end|p1a: Iron Treads|Quark Drive|[silent]
|
|upkeep
|
|t:|1760357269
|switch|p1a: Pelipper|Pelipper, F|100/100
|-weather|RainDance|[from] ability: Drizzle|[of] p1a: Pelipper
|turn|2
|
|t:|1760357275
|move|p2a: Ogerpon|U-turn|p1a: Pelipper
|-resisted|p1a: Pelipper
|-damage|p1a: Pelipper|89/100
|
|t:|1760357277
|switch|p2a: Glimmora|Glimmora, M|100/100|[from] U-turn
|-damage|p2a: Glimmora|88/100|[from] Stealth Rock
|move|p1a: Pelipper|Hurricane|p2a: Glimmora
|-resisted|p2a: Glimmora
|-damage|p2a: Glimmora|66/100
|
|-weather|RainDance|[upkeep]
|upkeep
|turn|3
|
|t:|1760357286
|switch|p1a: Iron Crown|Iron Crown|100/100
|-enditem|p1a: Iron Crown|Booster Energy
|-activate|p1a: Iron Crown|ability: Quark Drive|[fromitem]
|-start|p1a: Iron Crown|quarkdrivespe
|move|p2a: Glimmora|Stealth Rock|p1a: Iron Crown
|-sidestart|p1: M4 lema|move: Stealth Rock
|
|-weather|RainDance|[upkeep]
|upkeep
|turn|4
|
|t:|1760357290
|switch|p2a: Ogerpon|Ogerpon-Wellspring, F|100/100
|-damage|p2a: Ogerpon|88/100|[from] Stealth Rock
|move|p1a: Iron Crown|Calm Mind|p1a: Iron Crown
|-boost|p1a: Iron Crown|spa|1
|-boost|p1a: Iron Crown|spd|1
|
|-weather|RainDance|[upkeep]
|upkeep
|turn|5
|
|t:|1760357297
|-terastallize|p1a: Iron Crown|Fighting
|move|p1a: Iron Crown|Focus Blast|p2a: Ogerpon
|-damage|p2a: Ogerpon|0 fnt
|faint|p2a: Ogerpon
|
|-weather|RainDance|[upkeep]
|upkeep
|
|t:|1760357304
|switch|p2a: Gholdengo|Gholdengo|100/100
|-damage|p2a: Gholdengo|94/100|[from] Stealth Rock
|-item|p2a: Gholdengo|Air Balloon
|turn|6
|
|t:|1760357311
|move|p1a: Iron Crown|Calm Mind|p1a: Iron Crown
|-boost|p1a: Iron Crown|spa|1
|-boost|p1a: Iron Crown|spd|1
|move|p2a: Gholdengo|Psyshock|p1a: Iron Crown
|-supereffective|p1a: Iron Crown
|-damage|p1a: Iron Crown|48/100
|
|-weather|RainDance|[upkeep]
|upkeep
|turn|7
|
|t:|1760357316
|move|p1a: Iron Crown|Stored Power|p2a: Gholdengo
|-resisted|p2a: Gholdengo
|-damage|p2a: Gholdengo|42/100
|-enditem|p2a: Gholdengo|Air Balloon
|move|p2a: Gholdengo|Psyshock|p1a: Iron Crown
|-supereffective|p1a: Iron Crown
|-damage|p1a: Iron Crown|0 fnt
|faint|p1a: Iron Crown
|-end|p1a: Iron Crown|Quark Drive|[silent]
|
|-weather|RainDance|[upkeep]
|upkeep
|
|t:|1760357321
|switch|p1a: Barraskewda|Barraskewda, F|100/100
|-damage|p1a: Barraskewda|88/100|[from] Stealth Rock
|turn|8
|
|t:|1760357323
|move|p1a: Barraskewda|Flip Turn|p2a: Gholdengo
|-damage|p2a: Gholdengo|0 fnt
|faint|p2a: Gholdengo
|
|t:|1760357346
|switch|p1a: Dragonite|Dragonite, M|100/100|[from] Flip Turn
|-damage|p1a: Dragonite|76/100|[from] Stealth Rock
|
|-weather|RainDance|[upkeep]
|upkeep
|
|t:|1760357349
|switch|p2a: Glimmora|Glimmora, M|66/100
|-damage|p2a: Glimmora|53/100|[from] Stealth Rock
|turn|9
|
|t:|1760357363
|move|p2a: Glimmora|Meteor Beam||[still]
|-prepare|p2a: Glimmora|Meteor Beam
|-boost|p2a: Glimmora|spa|1
|-enditem|p2a: Glimmora|Power Herb
|-anim|p2a: Glimmora|Meteor Beam|p1a: Dragonite
|-supereffective|p1a: Dragonite
|-damage|p1a: Dragonite|0 fnt
|faint|p1a: Dragonite
|
|-weather|none
|upkeep
|j| Swagboss123456789
|
|t:|1760357388
|switch|p1a: Barraskewda|Barraskewda, F|88/100
|-damage|p1a: Barraskewda|76/100|[from] Stealth Rock
|turn|10
|
|t:|1760357391
|move|p1a: Barraskewda|Flip Turn|p2a: Glimmora
|-supereffective|p2a: Glimmora
|-damage|p2a: Glimmora|0 fnt
|-activate|p2a: Glimmora|ability: Toxic Debris
|-sidestart|p1: M4 lema|move: Toxic Spikes
|faint|p2a: Glimmora
|
|t:|1760357396
|switch|p1a: Pelipper|Pelipper, F|89/100|[from] Flip Turn
|-damage|p1a: Pelipper|64/100|[from] Stealth Rock
|-weather|RainDance|[from] ability: Drizzle|[of] p1a: Pelipper
|
|-weather|RainDance|[upkeep]
|upkeep
|
|t:|1760357398
|switch|p2a: Ribombee|Ribombee, M|100/100
|-damage|p2a: Ribombee|76/100|[from] Stealth Rock
|turn|11
|
|t:|1760357407
|move|p2a: Ribombee|Moonblast|p1a: Pelipper
|-damage|p1a: Pelipper|18/100
|move|p1a: Pelipper|Hurricane|p2a: Ribombee
|-supereffective|p2a: Ribombee
|-damage|p2a: Ribombee|0 fnt
|faint|p2a: Ribombee
|
|-weather|RainDance|[upkeep]
|upkeep
|
|t:|1760357411
|switch|p2a: Ceruledge|Ceruledge, M|100/100
|turn|12
|
|t:|1760357421
|move|p2a: Ceruledge|Poltergeist|p1a: Pelipper
|-activate|p1a: Pelipper|move: Poltergeist|Damp Rock
|-damage|p1a: Pelipper|0 fnt
|faint|p1a: Pelipper
|
|-weather|RainDance|[upkeep]
|upkeep
|
|t:|1760357425
|switch|p1a: Thundurus|Thundurus-Therian, M|100/100
|turn|13
|
|t:|1760357429
|switch|p2a: Great Tusk|Great Tusk|100/100
|-damage|p2a: Great Tusk|98/100|[from] Stealth Rock
|move|p1a: Thundurus|Thunder|p2a: Great Tusk
|-immune|p2a: Great Tusk
|
|-weather|RainDance|[upkeep]
|upkeep
|turn|14
|
|t:|1760357432
|move|p2a: Great Tusk|Ice Spinner|p1a: Thundurus
|-supereffective|p1a: Thundurus
|-damage|p1a: Thundurus|14/100
|move|p1a: Thundurus|Weather Ball|p2a: Great Tusk
|-supereffective|p2a: Great Tusk
|-damage|p2a: Great Tusk|0 fnt
|faint|p2a: Great Tusk
|-end|p2a: Great Tusk|Protosynthesis|[silent]
|
|-weather|RainDance|[upkeep]
|upkeep
|
|t:|1760357434
|switch|p2a: Ceruledge|Ceruledge, M|100/100
|turn|15
|
|t:|1760357443
|move|p2a: Ceruledge|Shadow Sneak|p1a: Thundurus
|-damage|p1a: Thundurus|0 fnt
|faint|p1a: Thundurus
|
|-weather|RainDance|[upkeep]
|upkeep
|
|t:|1760357446
|switch|p1a: Barraskewda|Barraskewda, F|76/100
|-damage|p1a: Barraskewda|64/100|[from] Stealth Rock
|-status|p1a: Barraskewda|psn
|turn|16
|
|t:|1760357449
|-terastallize|p2a: Ceruledge|Grass
|move|p1a: Barraskewda|Liquidation|p2a: Ceruledge
|-resisted|p2a: Ceruledge
|-damage|p2a: Ceruledge|25/100
|move|p2a: Ceruledge|Poltergeist|p1a: Barraskewda|[miss]
|-miss|p2a: Ceruledge|p1a: Barraskewda
|
|-weather|RainDance|[upkeep]
|-damage|p1a: Barraskewda|52/100 psn|[from] psn
|upkeep
|turn|17
|
|t:|1760357455
|move|p2a: Ceruledge|Shadow Sneak|p1a: Barraskewda
|-damage|p1a: Barraskewda|8/100 psn
|move|p1a: Barraskewda|Liquidation|p2a: Ceruledge
|-resisted|p2a: Ceruledge
|-damage|p2a: Ceruledge|0 fnt
|faint|p2a: Ceruledge
|
|win|M4 lema
|raw|M4 lema's rating: 1699 &rarr; <strong>1720</strong><br />(+21 for winning)
|raw|clail's rating: 1722 &rarr; <strong>1701</strong><br />(-21 for losing)
|c|☆clail|Cool
|l| Swagboss123456789
|c|☆M4 lema|mb
|l|☆M4 lema
|player|p1|
|c|☆clail|All good
|l|☆clail
|player|p2|
