|j|☆Renderfailed
|j|☆axcen
|t:|1760309284
|gametype|singles
|player|p1|Renderfailed|170|1159
|player|p2|axcen|palmer|1118
|gen|9
|tier|[Gen 9] OU
|rated|
|rule|HP Percentage Mod: HP is shown in percentages
|rule|Endless Battle Clause: Forcing endless battles is banned
|rule|Species Clause: Limit one of each Pokémon
|rule|OHKO Clause: OHKO moves are banned
|rule|Evasion Items Clause: Evasion items are banned
|rule|Evasion Moves Clause: Evasion moves are banned
|rule|Evasion Abilities Clause: Evasion abilities are banned
|rule|Sleep Moves Clause: Sleep-inducing moves are banned
|clearpoke
|poke|p1|Ninetales-Alola, F|
|poke|p1|Quaquaval, M|
|poke|p1|Landorus-Therian, M|
|poke|p1|Hawlucha, F|
|poke|p1|Basculegion, M|
|poke|p1|Delphox, F|
|poke|p2|Talonflame, M|
|poke|p2|Scovillain, M|
|poke|p2|Great Tusk|
|poke|p2|Ceruledge, F|
|poke|p2|Espeon, F|
|poke|p2|Exeggutor, F|
|teampreview
|
|t:|1760309294
|teamsize|p1|6
|teamsize|p2|6
|start
|switch|p1a: Landorus|Landorus-Therian, M|100/100
|switch|p2a: Talonflame|Talonflame, M|100/100
|-ability|p1a: Landorus|Intimidate|boost
|-unboost|p2a: Talonflame|atk|1
|turn|1
|
|t:|1760309303
|move|p2a: Talonflame|Taunt|p1a: Landorus
|-start|p1a: Landorus|move: Taunt
|cant|p1a: Landorus|move: Taunt|Stealth Rock
|
|upkeep
|turn|2
|
|t:|1760309309
|move|p2a: Talonflame|Sunny Day|p2a: Talonflame
|-weather|SunnyDay
|move|p1a: Landorus|U-turn|p2a: Talonflame
|-resisted|p2a: Talonflame
|-damage|p2a: Talonflame|90/100
|-damage|p1a: Landorus|91/100|[from] item: Life Orb
|
|t:|1760309318
|switch|p1a: Ninetales|Ninetales-Alola, F|100/100|[from] U-turn
|-weather|Snowscape|[from] ability: Snow Warning|[of] p1a: Ninetales
|
|-weather|Snowscape|[upkeep]
|upkeep
|turn|3
|
|t:|1760309326
|move|p2a: Talonflame|Sunny Day|p2a: Talonflame
|-weather|SunnyDay
|move|p1a: Ninetales|Aurora Veil||[still]
|-fail|p1a: Ninetales
|
|-weather|SunnyDay|[upkeep]
|upkeep
|turn|4
|
|t:|1760309334
|move|p2a: Talonflame|U-turn|p1a: Ninetales
|-resisted|p1a: Ninetales
|-damage|p1a: Ninetales|95/100
|
|t:|1760309338
|switch|p2a: Exeggutor|Exeggutor, F|100/100|[from] U-turn
|move|p1a: Ninetales|Freeze-Dry|p2a: Exeggutor
|-supereffective|p2a: Exeggutor
|-crit|p2a: Exeggutor
|-damage|p2a: Exeggutor|15/100
|
|-weather|SunnyDay|[upkeep]
|upkeep
|turn|5
|
|t:|1760309353
|move|p2a: Exeggutor|Giga Drain|p1a: Ninetales
|-damage|p1a: Ninetales|42/100
|-heal|p2a: Exeggutor|43/100|[from] drain|[of] p1a: Ninetales
|-damage|p2a: Exeggutor|33/100|[from] item: Life Orb
|move|p1a: Ninetales|Freeze-Dry|p2a: Exeggutor
|-supereffective|p2a: Exeggutor
|-damage|p2a: Exeggutor|0 fnt
|faint|p2a: Exeggutor
|
|-weather|SunnyDay|[upkeep]
|upkeep
|
|t:|1760309372
|switch|p2a: Ceruledge|Ceruledge, F|100/100
|turn|6
|
|t:|1760309385
|switch|p1a: Landorus|Landorus-Therian, M|91/100
|-ability|p1a: Landorus|Intimidate|boost
|-unboost|p2a: Ceruledge|atk|1
|move|p2a: Ceruledge|Swords Dance|p2a: Ceruledge
|-boost|p2a: Ceruledge|atk|2
|
|-weather|SunnyDay|[upkeep]
|upkeep
|turn|7
|
|t:|1760309399
|-terastallize|p2a: Ceruledge|Grass
|move|p1a: Landorus|Earthquake|p2a: Ceruledge
|-resisted|p2a: Ceruledge
|-damage|p2a: Ceruledge|46/100
|-ability|p2a: Ceruledge|Weak Armor|boost
|-unboost|p2a: Ceruledge|def|1
|-boost|p2a: Ceruledge|spe|2
|-damage|p1a: Landorus|81/100|[from] item: Life Orb
|move|p2a: Ceruledge|Swords Dance|p2a: Ceruledge
|-boost|p2a: Ceruledge|atk|2
|
|-weather|SunnyDay|[upkeep]
|upkeep
|turn|8
|
|t:|1760309411
|move|p2a: Ceruledge|Bitter Blade|p1a: Landorus
|-damage|p1a: Landorus|0 fnt
|-heal|p2a: Ceruledge|90/100|[from] drain|[of] p1a: Landorus
|faint|p1a: Landorus
|
|-weather|SunnyDay|[upkeep]
|upkeep
|
|t:|1760309421
|switch|p1a: Quaquaval|Quaquaval, M, shiny|100/100
|turn|9
|
|t:|1760309427
|-terastallize|p1a: Quaquaval|Water
|move|p2a: Ceruledge|Solar Blade||[still]
|-prepare|p2a: Ceruledge|Solar Blade
|-anim|p2a: Ceruledge|Solar Blade|p1a: Quaquaval
|-supereffective|p1a: Quaquaval
|-damage|p1a: Quaquaval|0 fnt
|faint|p1a: Quaquaval
|
|-weather|SunnyDay|[upkeep]
|upkeep
|
|t:|1760309433
|switch|p1a: Hawlucha|Hawlucha, F|100/100
|turn|10
|
|t:|1760309440
|move|p2a: Ceruledge|Bitter Blade|p1a: Hawlucha
|-damage|p1a: Hawlucha|0 fnt
|-heal|p2a: Ceruledge|100/100|[from] drain|[of] p1a: Hawlucha
|faint|p1a: Hawlucha
|
|-weather|none
|upkeep
|
|t:|1760309444
|switch|p1a: Delphox|Delphox, F|100/100
|turn|11
|
|t:|1760309450
|move|p2a: Ceruledge|Shadow Sneak|p1a: Delphox
|-supereffective|p1a: Delphox
|-damage|p1a: Delphox|0 fnt
|faint|p1a: Delphox
|
|upkeep
|
|t:|1760309458
|switch|p1a: Basculegion|Basculegion, M|100/100
|turn|12
|
|t:|1760309463
|move|p2a: Ceruledge|Shadow Sneak|p1a: Basculegion
|-supereffective|p1a: Basculegion
|-damage|p1a: Basculegion|0 fnt
|faint|p1a: Basculegion
|
|upkeep
|inactive|Battle timer is ON: inactive players will automatically lose when time's up. (requested by axcen)
|inactive|Renderfailed has 120 seconds left.
|l|☆Renderfailed
|inactive|Renderfailed disconnected and has a minute to reconnect!
|player|p1|
|inactive|Renderfailed has 30 seconds to reconnect!
|inactive|Renderfailed has 20 seconds to reconnect!
|inactive|Renderfailed has 15 seconds to reconnect!
|inactive|Renderfailed has 10 seconds to reconnect!
|inactive|Renderfailed has 5 seconds to reconnect!
|-message|Renderfailed lost due to inactivity.
|
|win|axcen
|raw|Renderfailed's rating: 1159 &rarr; <strong>1131</strong><br />(-28 for losing)
|raw|axcen's rating: 1118 &rarr; <strong>1146</strong><br />(+28 for winning)
|l|☆axcen
|player|p2|
