|j|☆Qbreezy
|j|☆4money
|t:|1760414394
|gametype|singles
|player|p1|Qbreezy|169|1398
|player|p2|4money|psychic|1396
|gen|9
|tier|[Gen 9] OU
|rated|
|rule|HP Percentage Mod: HP is shown in percentages
|rule|Endless Battle Clause: Forcing endless battles is banned
|rule|Species Clause: Limit one of each Pokémon
|rule|OHKO Clause: OHKO moves are banned
|rule|Evasion Items Clause: Evasion items are banned
|rule|Evasion Moves Clause: Evasion moves are banned
|rule|Evasion Abilities Clause: Evasion abilities are banned
|rule|Sleep Moves Clause: Sleep-inducing moves are banned
|clearpoke
|poke|p1|Rillaboom, M|
|poke|p1|Hawlucha, F|
|poke|p1|Hoopa-Unbound|
|poke|p1|Moltres|
|poke|p1|Pecharunt|
|poke|p1|Cinderace, M|
|poke|p2|Ribombee, M|
|poke|p2|Gholdengo|
|poke|p2|Sinistcha-Masterpiece|
|poke|p2|Iron Valiant|
|poke|p2|Kingambit, M|
|poke|p2|Raging Bolt|
|teampreview
|
|t:|1760414435
|teamsize|p1|6
|teamsize|p2|6
|start
|switch|p1a: Pecharunt|Pecharunt|100/100
|switch|p2a: Sinistcha|Sinistcha-Masterpiece|100/100
|turn|1
|
|t:|1760414448
|move|p2a: Sinistcha|Shadow Ball|p1a: Pecharunt
|-supereffective|p1a: Pecharunt
|-damage|p1a: Pecharunt|32/100
|move|p1a: Pecharunt|Malignant Chain|p2a: Sinistcha
|-damage|p2a: Sinistcha|60/100
|
|-heal|p2a: Sinistcha|66/100|[from] item: Leftovers
|-heal|p1a: Pecharunt|38/100|[from] item: Leftovers
|upkeep
|turn|2
|
|t:|1760414457
|switch|p1a: Hoopa|Hoopa-Unbound|100/100
|move|p2a: Sinistcha|Shadow Ball|p1a: Hoopa
|-damage|p1a: Hoopa|86/100
|
|-heal|p2a: Sinistcha|72/100|[from] item: Leftovers
|upkeep
|turn|3
|
|t:|1760414510
|switch|p2a: Raging Bolt|Raging Bolt|100/100
|-enditem|p2a: Raging Bolt|Booster Energy
|-activate|p2a: Raging Bolt|ability: Protosynthesis|[fromitem]
|-start|p2a: Raging Bolt|protosynthesisspa
|move|p1a: Hoopa|Knock Off|p2a: Raging Bolt
|-damage|p2a: Raging Bolt|66/100
|
|upkeep
|turn|4
|
|t:|1760414521
|move|p2a: Raging Bolt|Thunderbolt|p1a: Hoopa
|-damage|p1a: Hoopa|53/100
|move|p1a: Hoopa|Psychic Noise|p2a: Raging Bolt
|-damage|p2a: Raging Bolt|24/100
|-start|p2a: Raging Bolt|move: Heal Block
|
|upkeep
|turn|5
|
|t:|1760414529
|move|p2a: Raging Bolt|Thunderbolt|p1a: Hoopa
|-damage|p1a: Hoopa|21/100
|move|p1a: Hoopa|Hyperspace Fury|p2a: Raging Bolt
|-damage|p2a: Raging Bolt|0 fnt
|-unboost|p1a: Hoopa|def|1
|faint|p2a: Raging Bolt
|-end|p2a: Raging Bolt|Protosynthesis|[silent]
|
|upkeep
|
|t:|1760414618
|switch|p2a: Kingambit|Kingambit, M|100/100
|-activate|p2a: Kingambit|ability: Supreme Overlord
|-start|p2a: Kingambit|fallen1|[silent]
|-item|p2a: Kingambit|Air Balloon
|turn|6
|inactive|Battle timer is ON: inactive players will automatically lose when time's up. (requested by 4money)
|
|t:|1760414738
|-end|p2a: Kingambit|fallen1|[silent]
|switch|p2a: Sinistcha|Sinistcha-Masterpiece|72/100
|switch|p1a: Rillaboom|Rillaboom, M|100/100
|-fieldstart|move: Grassy Terrain|[from] ability: Grassy Surge|[of] p1a: Rillaboom
|
|-heal|p2a: Sinistcha|79/100|[from] Grassy Terrain
|-heal|p2a: Sinistcha|85/100|[from] item: Leftovers
|upkeep
|turn|7
|
|t:|1760414758
|switch|p1a: Hoopa|Hoopa-Unbound|21/100
|move|p2a: Sinistcha|Strength Sap|p1a: Hoopa
|-unboost|p1a: Hoopa|atk|1
|-heal|p2a: Sinistcha|100/100
|
|-heal|p1a: Hoopa|27/100|[from] Grassy Terrain
|upkeep
|turn|8
|inactive|Qbreezy has 120 seconds left.
|
|t:|1760414805
|move|p2a: Sinistcha|Strength Sap|p1a: Hoopa
|-unboost|p1a: Hoopa|atk|1
|move|p1a: Hoopa|Psychic Noise|p2a: Sinistcha
|-damage|p2a: Sinistcha|41/100
|-start|p2a: Sinistcha|move: Heal Block
|
|-heal|p1a: Hoopa|33/100|[from] Grassy Terrain
|upkeep
|turn|9
|
|t:|1760414817
|switch|p1a: Cinderace|Cinderace, M|100/100
|move|p2a: Sinistcha|Shadow Ball|p1a: Cinderace
|-damage|p1a: Cinderace|54/100
|
|-heal|p1a: Cinderace|60/100|[from] Grassy Terrain
|-end|p2a: Sinistcha|move: Heal Block
|upkeep
|turn|10
|
|t:|1760414835
|move|p1a: Cinderace|Swords Dance|p1a: Cinderace
|-boost|p1a: Cinderace|atk|2
|move|p2a: Sinistcha|Strength Sap|p1a: Cinderace
|-unboost|p1a: Cinderace|atk|1
|-heal|p2a: Sinistcha|100/100
|
|-heal|p1a: Cinderace|66/100|[from] Grassy Terrain
|upkeep
|turn|11
|
|t:|1760414849
|move|p1a: Cinderace|Pyro Ball|p2a: Sinistcha
|-supereffective|p2a: Sinistcha
|-damage|p2a: Sinistcha|27/100
|move|p2a: Sinistcha|Strength Sap|p1a: Cinderace
|-unboost|p1a: Cinderace|atk|1
|-heal|p2a: Sinistcha|100/100
|
|-heal|p1a: Cinderace|72/100|[from] Grassy Terrain
|upkeep
|turn|12
|
|t:|1760414861
|move|p1a: Cinderace|Swords Dance|p1a: Cinderace
|-boost|p1a: Cinderace|atk|2
|move|p2a: Sinistcha|Strength Sap|p1a: Cinderace
|-unboost|p1a: Cinderace|atk|1
|
|-heal|p1a: Cinderace|78/100|[from] Grassy Terrain
|upkeep
|turn|13
|
|t:|1760414870
|move|p1a: Cinderace|Swords Dance|p1a: Cinderace
|-boost|p1a: Cinderace|atk|2
|move|p2a: Sinistcha|Strength Sap|p1a: Cinderace
|-unboost|p1a: Cinderace|atk|1
|
|-heal|p1a: Cinderace|84/100|[from] Grassy Terrain
|-fieldend|move: Grassy Terrain
|upkeep
|turn|14
|inactive|Qbreezy has 120 seconds left.
|
|t:|1760414893
|move|p1a: Cinderace|Pyro Ball|p2a: Sinistcha
|-supereffective|p2a: Sinistcha
|-damage|p2a: Sinistcha|0 fnt
|faint|p2a: Sinistcha
|
|upkeep
|inactive|4money has 120 seconds left.
|
|t:|1760414923
|switch|p2a: Ribombee|Ribombee, M|100/100
|turn|15
|inactive|Qbreezy has 120 seconds left.
|inactive|Qbreezy has 90 seconds left.
|
|t:|1760414986
|move|p2a: Ribombee|Psychic Noise|p1a: Cinderace
|-damage|p1a: Cinderace|53/100
|-start|p1a: Cinderace|move: Heal Block
|move|p1a: Cinderace|Pyro Ball|p2a: Ribombee
|-supereffective|p2a: Ribombee
|-enditem|p2a: Ribombee|Focus Sash
|-damage|p2a: Ribombee|1/100
|
|upkeep
|turn|16
|
|t:|1760414995
|move|p2a: Ribombee|Sticky Web|p1a: Cinderace
|-sidestart|p1: Qbreezy|move: Sticky Web
|move|p1a: Cinderace|Trailblaze|p2a: Ribombee
|-resisted|p2a: Ribombee
|-damage|p2a: Ribombee|0 fnt
|-boost|p1a: Cinderace|spe|1
|faint|p2a: Ribombee
|
|-end|p1a: Cinderace|move: Heal Block
|upkeep
|
|t:|1760415003
|switch|p2a: Kingambit|Kingambit, M|100/100
|-activate|p2a: Kingambit|ability: Supreme Overlord
|-start|p2a: Kingambit|fallen3|[silent]
|-item|p2a: Kingambit|Air Balloon
|turn|17
|inactive|Qbreezy has 90 seconds left.
|
|t:|1760415015
|move|p2a: Kingambit|Sucker Punch||[still]
|-fail|p2a: Kingambit
|move|p1a: Cinderace|Swords Dance|p1a: Cinderace
|-boost|p1a: Cinderace|atk|2
|
|upkeep
|turn|18
|
|t:|1760415021
|move|p1a: Cinderace|Pyro Ball|p2a: Kingambit
|-supereffective|p2a: Kingambit
|-damage|p2a: Kingambit|0 fnt
|-enditem|p2a: Kingambit|Air Balloon
|faint|p2a: Kingambit
|-end|p2a: Kingambit|fallen3|[silent]
|
|upkeep
|
|t:|1760415035
|switch|p2a: Gholdengo|Gholdengo|100/100
|turn|19
|
|t:|1760415038
|move|p1a: Cinderace|Pyro Ball|p2a: Gholdengo|[miss]
|-miss|p1a: Cinderace|p2a: Gholdengo
|move|p2a: Gholdengo|Shadow Ball|p1a: Cinderace
|-crit|p1a: Cinderace
|-damage|p1a: Cinderace|0 fnt
|faint|p1a: Cinderace
|
|upkeep
|
|t:|1760415048
|switch|p1a: Rillaboom|Rillaboom, M|100/100
|-activate|p1a: Rillaboom|move: Sticky Web
|-unboost|p1a: Rillaboom|spe|1
|-fieldstart|move: Grassy Terrain|[from] ability: Grassy Surge|[of] p1a: Rillaboom
|turn|20
|
|t:|1760415071
|move|p2a: Gholdengo|Make It Rain|p1a: Rillaboom
|-damage|p1a: Rillaboom|4/100
|-unboost|p2a: Gholdengo|spa|1
|move|p1a: Rillaboom|Knock Off|p2a: Gholdengo
|-supereffective|p2a: Gholdengo
|-damage|p2a: Gholdengo|12/100
|-enditem|p2a: Gholdengo|Metal Coat|[from] move: Knock Off|[of] p1a: Rillaboom
|
|-heal|p2a: Gholdengo|18/100|[from] Grassy Terrain
|-heal|p1a: Rillaboom|10/100|[from] Grassy Terrain
|upkeep
|turn|21
|inactive|Qbreezy has 120 seconds left.
|inactive|Qbreezy has 90 seconds left.
|inactive|Qbreezy has 60 seconds left.
|
|t:|1760415150
|move|p1a: Rillaboom|Grassy Glide|p2a: Gholdengo
|-resisted|p2a: Gholdengo
|-damage|p2a: Gholdengo|0 fnt
|faint|p2a: Gholdengo
|
|-heal|p1a: Rillaboom|16/100|[from] Grassy Terrain
|upkeep
|
|t:|1760415154
|switch|p2a: Iron Valiant|Iron Valiant|100/100
|-enditem|p2a: Iron Valiant|Booster Energy
|-activate|p2a: Iron Valiant|ability: Quark Drive|[fromitem]
|-start|p2a: Iron Valiant|quarkdriveatk
|turn|22
|inactive|Qbreezy has 60 seconds left.
|
|t:|1760415170
|move|p1a: Rillaboom|Grassy Glide|p2a: Iron Valiant
|-damage|p2a: Iron Valiant|52/100
|move|p2a: Iron Valiant|Knock Off|p1a: Rillaboom
|-damage|p1a: Rillaboom|0 fnt
|-enditem|p1a: Rillaboom|Terrain Extender|[from] move: Knock Off|[of] p2a: Iron Valiant
|faint|p1a: Rillaboom
|
|-heal|p2a: Iron Valiant|58/100|[from] Grassy Terrain
|upkeep
|inactive|Qbreezy has 60 seconds left.
|inactive|Qbreezy has 30 seconds left.
|
|t:|1760415206
|switch|p1a: Hawlucha|Hawlucha, F|100/100
|-enditem|p1a: Hawlucha|Grassy Seed
|-boost|p1a: Hawlucha|def|1|[from] item: Grassy Seed
|turn|23
|
|t:|1760415228
|-terastallize|p2a: Iron Valiant|Dark
|move|p1a: Hawlucha|Encore|p2a: Iron Valiant
|-start|p2a: Iron Valiant|Encore
|move|p2a: Iron Valiant|Knock Off|p1a: Hawlucha
|-resisted|p1a: Hawlucha
|-damage|p1a: Hawlucha|78/100
|
|-heal|p2a: Iron Valiant|64/100|[from] Grassy Terrain
|upkeep
|turn|24
|
|t:|1760415236
|move|p1a: Hawlucha|Drain Punch|p2a: Iron Valiant
|-supereffective|p2a: Iron Valiant
|-damage|p2a: Iron Valiant|0 fnt
|-heal|p1a: Hawlucha|100/100|[from] drain|[of] p2a: Iron Valiant
|faint|p2a: Iron Valiant
|-end|p2a: Iron Valiant|Quark Drive|[silent]
|
|win|Qbreezy
|raw|Qbreezy's rating: 1398 &rarr; <strong>1418</strong><br />(+20 for winning)
|raw|4money's rating: 1396 &rarr; <strong>1376</strong><br />(-20 for losing)
|l|☆4money
|player|p2|
