|j|☆UltraGodGreninja
|j|‽HattereneUbers
|t:|1760416739
|gametype|singles
|player|p1|UltraGodGreninja|skyla|1426
|player|p2|HattereneUbers|unknownf|1450
|gen|9
|tier|[Gen 9] OU
|rated|
|rule|HP Percentage Mod: HP is shown in percentages
|rule|Endless Battle Clause: Forcing endless battles is banned
|rule|Species Clause: Limit one of each Pokémon
|rule|OHKO Clause: OHKO moves are banned
|rule|Evasion Items Clause: Evasion items are banned
|rule|Evasion Moves Clause: Evasion moves are banned
|rule|Evasion Abilities Clause: Evasion abilities are banned
|rule|Sleep Moves Clause: Sleep-inducing moves are banned
|clearpoke
|poke|p1|Greninja-*, M|
|poke|p1|Moltres|
|poke|p1|Great Tusk|
|poke|p1|Hatterene, F|
|poke|p1|Scizor, F|
|poke|p1|Pecharunt|
|poke|p2|Darkrai|
|poke|p2|Weezing-Galar, M|
|poke|p2|Jolteon, F|
|poke|p2|Hydrapple, M|
|poke|p2|Landorus-Therian, M|
|poke|p2|Scizor, M|
|teampreview
|inactive|Battle timer is ON: inactive players will automatically lose when time's up. (requested by HattereneUbers)
|
|t:|1760416756
|teamsize|p1|6
|teamsize|p2|6
|start
|switch|p1a: Greninja|Greninja, M|100/100
|switch|p2a: Scizor|Scizor, M|100/100
|turn|1
|
|t:|1760416769
|switch|p1a: Moltres|Moltres|100/100
|move|p2a: Scizor|Knock Off|p1a: Moltres
|-damage|p1a: Moltres|49/100
|-status|p2a: Scizor|brn|[from] ability: Flame Body|[of] p1a: Moltres
|-enditem|p1a: Moltres|Heavy-Duty Boots|[from] move: Knock Off|[of] p2a: Scizor
|
|-damage|p2a: Scizor|94/100 brn|[from] brn
|upkeep
|turn|2
|
|t:|1760416788
|switch|p2a: Landorus|Landorus-Therian, M|100/100
|-ability|p2a: Landorus|Intimidate|boost
|-unboost|p1a: Moltres|atk|1
|move|p1a: Moltres|Roost|p1a: Moltres
|-heal|p1a: Moltres|99/100
|-singleturn|p1a: Moltres|move: Roost
|
|upkeep
|turn|3
|
|t:|1760416795
|switch|p1a: Hatterene|Hatterene, F|100/100
|move|p2a: Landorus|Stealth Rock|p1a: Hatterene
|move|p1a: Hatterene|Stealth Rock|p2a: Landorus|[from] ability: Magic Bounce
|-sidestart|p2: HattereneUbers|move: Stealth Rock
|
|upkeep
|turn|4
|
|t:|1760416803
|move|p2a: Landorus|Earthquake|p1a: Hatterene
|-damage|p1a: Hatterene|26/100
|move|p1a: Hatterene|Psychic Noise|p2a: Landorus
|-damage|p2a: Landorus|50/100
|-start|p2a: Landorus|move: Heal Block
|
|upkeep
|turn|5
|
|t:|1760416807
|switch|p1a: Scizor|Scizor, F|100/100
|move|p2a: Landorus|Stealth Rock|p1a: Scizor
|-sidestart|p1: UltraGodGreninja|move: Stealth Rock
|
|-end|p2a: Landorus|move: Heal Block
|upkeep
|turn|6
|
|t:|1760416813
|switch|p2a: Scizor|Scizor, M|94/100 brn
|-damage|p2a: Scizor|82/100 brn|[from] Stealth Rock
|move|p1a: Scizor|Knock Off|p2a: Scizor
|-damage|p2a: Scizor|16/100 brn
|-enditem|p2a: Scizor|Choice Band|[from] move: Knock Off|[of] p1a: Scizor
|
|-damage|p2a: Scizor|10/100 brn|[from] brn
|upkeep
|turn|7
|
|t:|1760416818
|switch|p1a: Great Tusk|Great Tusk|100/100
|move|p2a: Scizor|U-turn|p1a: Great Tusk
|-resisted|p1a: Great Tusk
|-damage|p1a: Great Tusk|93/100
|
|t:|1760416838
|switch|p2a: Jolteon|Jolteon, F|100/100|[from] U-turn
|
|upkeep
|turn|8
|inactive|UltraGodGreninja has 120 seconds left.
|-message|UltraGodGreninja forfeited.
|
|win|HattereneUbers
|raw|UltraGodGreninja's rating: 1446 &rarr; <strong>1426</strong><br />(-20 for losing)
|raw|HattereneUbers's rating: 1450 &rarr; <strong>1470</strong><br />(+20 for winning)
|l|☆UltraGodGreninja
|player|p1|
|l|‽HattereneUbers
|player|p2|
