|badge|p2|bronze|gen9ou|100-7
|uhtml|medal-msg|<div class="broadcast-blue">Curious what those medals under the avatar are? PS now has Ladder Seasons! For more information, check out the <a href="https://www.smogon.com/forums/threads/3740067/">thread on Smogon.</a></div>
|j|☆nfyhsueryfgius
|j|☆ridlostar
|t:|1760405502
|gametype|singles
|player|p1|nfyhsueryfgius|ghetsis|1665
|player|p2|ridlostar|hilbert|1922
|gen|9
|tier|[Gen 9] OU
|rated|
|rule|HP Percentage Mod: HP is shown in percentages
|rule|Endless Battle Clause: Forcing endless battles is banned
|rule|Species Clause: Limit one of each Pokémon
|rule|OHKO Clause: OHKO moves are banned
|rule|Evasion Items Clause: Evasion items are banned
|rule|Evasion Moves Clause: Evasion moves are banned
|rule|Evasion Abilities Clause: Evasion abilities are banned
|rule|Sleep Moves Clause: Sleep-inducing moves are banned
|clearpoke
|poke|p1|Great Tusk|
|poke|p1|Heatran, M|
|poke|p1|Weavile, F|
|poke|p1|Primarina, F|
|poke|p1|Ogerpon, F|
|poke|p1|Pecharunt|
|poke|p2|Toedscruel, M|
|poke|p2|Darkrai|
|poke|p2|Cresselia, F|
|poke|p2|Clodsire, M|
|poke|p2|Dragonite, M|
|poke|p2|Alomomola, F|
|teampreview
|inactive|Battle timer is ON: inactive players will automatically lose when time's up. (requested by ridlostar)
|
|t:|1760405520
|teamsize|p1|6
|teamsize|p2|6
|start
|switch|p1a: Weavile|Weavile, F|100/100
|switch|p2a: Keanu Reeves|Darkrai|100/100
|-ability|p1a: Weavile|Pressure
|turn|1
|
|t:|1760405528
|move|p1a: Weavile|Low Kick|p2a: Keanu Reeves
|-supereffective|p2a: Keanu Reeves
|-crit|p2a: Keanu Reeves
|-damage|p2a: Keanu Reeves|0 fnt
|faint|p2a: Keanu Reeves
|
|upkeep
|
|t:|1760405548
|switch|p2a: Fair and Balanced|Alomomola, F|100/100
|turn|2
|
|t:|1760405564
|switch|p1a: Pecharunt|Pecharunt|100/100
|move|p2a: Fair and Balanced|Wish|p2a: Fair and Balanced
|
|upkeep
|turn|3
|
|t:|1760405579
|switch|p2a: Squidward?|Toedscruel, M|100/100
|move|p1a: Pecharunt|Malignant Chain|p2a: Squidward?
|-damage|p2a: Squidward?|73/100
|
|-heal|p2a: Squidward?|100/100|[from] move: Wish|[wisher] Fair and Balanced
|upkeep
|turn|4
|
|t:|1760405585
|move|p2a: Squidward?|Earth Power|p1a: Pecharunt
|-supereffective|p1a: Pecharunt
|-damage|p1a: Pecharunt|29/100
|-unboost|p1a: Pecharunt|spd|1
|move|p1a: Pecharunt|Malignant Chain|p2a: Squidward?
|-damage|p2a: Squidward?|70/100
|-status|p2a: Squidward?|tox
|-start|p2a: Squidward?|confusion|[from] ability: Poison Puppeteer|[of] p1a: Pecharunt
|
|-damage|p2a: Squidward?|64/100 tox|[from] psn
|upkeep
|turn|5
|
|t:|1760405591
|switch|p2a: Fair and Balanced|Alomomola, F|100/100
|move|p1a: Pecharunt|Recover|p1a: Pecharunt
|-heal|p1a: Pecharunt|79/100
|
|upkeep
|turn|6
|
|t:|1760405595
|move|p1a: Pecharunt|Malignant Chain|p2a: Fair and Balanced
|-damage|p2a: Fair and Balanced|78/100
|move|p2a: Fair and Balanced|Flip Turn|p1a: Pecharunt
|-damage|p1a: Pecharunt|71/100
|-damage|p2a: Fair and Balanced|62/100|[from] item: Rocky Helmet|[of] p1a: Pecharunt
|
|t:|1760405611
|switch|p2a: Big Man|Clodsire, M|100/100|[from] Flip Turn
|
|upkeep
|turn|7
|
|t:|1760405632
|switch|p1a: Heatran|Heatran, M|100/100
|-item|p1a: Heatran|Air Balloon
|move|p2a: Big Man|Toxic|p1a: Heatran
|-immune|p1a: Heatran
|
|upkeep
|turn|8
|
|t:|1760405636
|switch|p2a: Fair and Balanced|Alomomola, F|95/100
|move|p1a: Heatran|Stealth Rock|p2a: Fair and Balanced
|-sidestart|p2: ridlostar|move: Stealth Rock
|
|upkeep
|turn|9
|
|t:|1760405640
|switch|p1a: Ogerpon|Ogerpon, F|100/100
|move|p2a: Fair and Balanced|Flip Turn|p1a: Ogerpon
|-resisted|p1a: Ogerpon
|-damage|p1a: Ogerpon|91/100
|
|t:|1760405651
|switch|p2a: Big Man|Clodsire, M|100/100|[from] Flip Turn
|-damage|p2a: Big Man|94/100|[from] Stealth Rock
|
|-heal|p2a: Big Man|100/100|[from] item: Leftovers
|upkeep
|turn|10
|
|t:|1760405658
|move|p1a: Ogerpon|U-turn|p2a: Big Man
|-resisted|p2a: Big Man
|-damage|p2a: Big Man|89/100
|
|t:|1760405659
|switch|p1a: Heatran|Heatran, M|100/100|[from] U-turn
|-item|p1a: Heatran|Air Balloon
|move|p2a: Big Man|Toxic|p1a: Heatran
|-immune|p1a: Heatran
|
|-heal|p2a: Big Man|95/100|[from] item: Leftovers
|upkeep
|turn|11
|
|t:|1760405663
|switch|p1a: Ogerpon|Ogerpon, F|91/100
|switch|p2a: Fair and Balanced|Alomomola, F|100/100
|
|upkeep
|turn|12
|
|t:|1760405673
|switch|p2a: him|Dragonite, M|100/100
|-damage|p2a: him|76/100|[from] Stealth Rock
|move|p1a: Ogerpon|Ivy Cudgel|p2a: him
|-resisted|p2a: him
|-damage|p2a: him|57/100
|
|-heal|p2a: him|63/100|[from] item: Leftovers
|upkeep
|turn|13
|
|t:|1760405684
|switch|p1a: Great Tusk|Great Tusk|100/100
|move|p2a: him|Dragon Dance|p2a: him
|-boost|p2a: him|atk|1
|-boost|p2a: him|spe|1
|
|-heal|p2a: him|69/100|[from] item: Leftovers
|upkeep
|turn|14
|
|t:|1760405689
|move|p2a: him|Roost|p2a: him
|-heal|p2a: him|100/100
|-singleturn|p2a: him|move: Roost
|move|p1a: Great Tusk|Ice Spinner|p2a: him
|-supereffective|p2a: him
|-damage|p2a: him|70/100
|
|-heal|p2a: him|76/100|[from] item: Leftovers
|upkeep
|turn|15
|
|t:|1760405698
|switch|p2a: Fair and Balanced|Alomomola, F|100/100
|move|p1a: Great Tusk|Rapid Spin|p2a: Fair and Balanced
|-damage|p2a: Fair and Balanced|87/100
|-boost|p1a: Great Tusk|spe|1
|
|upkeep
|turn|16
|
|t:|1760405705
|-end|p1a: Great Tusk|Protosynthesis|[silent]
|switch|p1a: Ogerpon|Ogerpon, F|91/100
|move|p2a: Fair and Balanced|Flip Turn|p1a: Ogerpon
|-resisted|p1a: Ogerpon
|-damage|p1a: Ogerpon|80/100
|
|t:|1760405709
|switch|p2a: him|Dragonite, M|76/100|[from] Flip Turn
|-damage|p2a: him|51/100|[from] Stealth Rock
|
|-heal|p2a: him|57/100|[from] item: Leftovers
|upkeep
|turn|17
|
|t:|1760405711
|move|p1a: Ogerpon|Rock Tomb|p2a: him|[miss]
|-miss|p1a: Ogerpon|p2a: him
|move|p2a: him|Roost|p2a: him
|-heal|p2a: him|100/100
|-singleturn|p2a: him|move: Roost
|
|upkeep
|turn|18
|
|t:|1760405718
|switch|p1a: Great Tusk|Great Tusk|100/100
|switch|p2a: Big Man|Clodsire, M|95/100
|-damage|p2a: Big Man|89/100|[from] Stealth Rock
|
|-heal|p2a: Big Man|95/100|[from] item: Leftovers
|upkeep
|turn|19
|
|t:|1760405720
|move|p1a: Great Tusk|Headlong Rush|p2a: Big Man
|-supereffective|p2a: Big Man
|-damage|p2a: Big Man|10/100
|-unboost|p1a: Great Tusk|def|1
|-unboost|p1a: Great Tusk|spd|1
|move|p2a: Big Man|Toxic|p1a: Great Tusk
|-status|p1a: Great Tusk|tox
|
|-heal|p2a: Big Man|16/100|[from] item: Leftovers
|-damage|p1a: Great Tusk|94/100 tox|[from] psn
|upkeep
|turn|20
|
|t:|1760405739
|switch|p2a: Fair and Balanced|Alomomola, F|100/100
|move|p1a: Great Tusk|Close Combat|p2a: Fair and Balanced
|-crit|p2a: Fair and Balanced
|-damage|p2a: Fair and Balanced|35/100
|-unboost|p1a: Great Tusk|def|1
|-unboost|p1a: Great Tusk|spd|1
|
|-damage|p1a: Great Tusk|82/100 tox|[from] psn
|upkeep
|turn|21
|
|t:|1760405746
|switch|p2a: why|Cresselia, F, shiny|100/100
|-damage|p2a: why|88/100|[from] Stealth Rock
|move|p1a: Great Tusk|Close Combat|p2a: why
|-resisted|p2a: why
|-damage|p2a: why|71/100
|-unboost|p1a: Great Tusk|def|1
|-unboost|p1a: Great Tusk|spd|1
|
|-heal|p2a: why|77/100|[from] item: Leftovers
|-damage|p1a: Great Tusk|63/100 tox|[from] psn
|upkeep
|turn|22
|
|t:|1760405751
|-end|p1a: Great Tusk|Protosynthesis|[silent]
|switch|p1a: Weavile|Weavile, F|100/100
|-ability|p1a: Weavile|Pressure
|move|p2a: why|Calm Mind|p2a: why
|-boost|p2a: why|spa|1
|-boost|p2a: why|spd|1
|
|-heal|p2a: why|83/100|[from] item: Leftovers
|upkeep
|turn|23
|
|t:|1760405768
|move|p1a: Weavile|Knock Off|p2a: why
|-supereffective|p2a: why
|-damage|p2a: why|5/100
|-enditem|p2a: why|Leftovers|[from] move: Knock Off|[of] p1a: Weavile
|move|p2a: why|Moonlight|p2a: why
|-heal|p2a: why|55/100
|
|upkeep
|turn|24
|
|t:|1760405777
|move|p1a: Weavile|Knock Off|p2a: why
|-supereffective|p2a: why
|-damage|p2a: why|7/100
|move|p2a: why|Moonlight|p2a: why
|-heal|p2a: why|57/100
|
|upkeep
|turn|25
|
|t:|1760405788
|move|p1a: Weavile|Knock Off|p2a: why
|-supereffective|p2a: why
|-damage|p2a: why|8/100
|move|p2a: why|Moonlight|p2a: why
|-heal|p2a: why|58/100
|
|upkeep
|turn|26
|
|t:|1760405795
|move|p1a: Weavile|Knock Off|p2a: why
|-supereffective|p2a: why
|-damage|p2a: why|4/100
|move|p2a: why|Moonblast|p1a: Weavile
|-supereffective|p1a: Weavile
|-damage|p1a: Weavile|33/100
|
|upkeep
|turn|27
|
|t:|1760405798
|move|p1a: Weavile|Knock Off|p2a: why
|-supereffective|p2a: why
|-damage|p2a: why|0 fnt
|faint|p2a: why
|
|upkeep
|
|t:|1760405818
|switch|p2a: him|Dragonite, M|100/100
|-damage|p2a: him|76/100|[from] Stealth Rock
|turn|28
|
|t:|1760405825
|switch|p1a: Great Tusk|Great Tusk|63/100 tox
|move|p2a: him|Dragon Dance|p2a: him
|-boost|p2a: him|atk|1
|-boost|p2a: him|spe|1
|
|-heal|p2a: him|82/100|[from] item: Leftovers
|-damage|p1a: Great Tusk|57/100 tox|[from] psn
|upkeep
|turn|29
|
|t:|1760405829
|move|p2a: him|Roost|p2a: him
|-heal|p2a: him|100/100
|-singleturn|p2a: him|move: Roost
|move|p1a: Great Tusk|Rapid Spin|p2a: him
|-damage|p2a: him|90/100
|-boost|p1a: Great Tusk|spe|1
|
|-heal|p2a: him|96/100|[from] item: Leftovers
|-damage|p1a: Great Tusk|45/100 tox|[from] psn
|upkeep
|turn|30
|
|t:|1760405838
|-terastallize|p2a: him|Steel
|move|p1a: Great Tusk|Ice Spinner|p2a: him
|-resisted|p2a: him
|-damage|p2a: him|81/100
|move|p2a: him|Dragon Dance|p2a: him
|-boost|p2a: him|atk|1
|-boost|p2a: him|spe|1
|
|-heal|p2a: him|87/100|[from] item: Leftovers
|-damage|p1a: Great Tusk|26/100 tox|[from] psn
|upkeep
|turn|31
|
|t:|1760405851
|move|p2a: him|Iron Head|p1a: Great Tusk
|-damage|p1a: Great Tusk|0 fnt
|faint|p1a: Great Tusk
|-end|p1a: Great Tusk|Protosynthesis|[silent]
|
|-heal|p2a: him|93/100|[from] item: Leftovers
|upkeep
|
|t:|1760405854
|switch|p1a: Heatran|Heatran, M|100/100
|-item|p1a: Heatran|Air Balloon
|turn|32
|
|t:|1760405859
|move|p2a: him|Outrage|p1a: Heatran
|-resisted|p1a: Heatran
|-damage|p1a: Heatran|40/100
|-enditem|p1a: Heatran|Air Balloon
|move|p1a: Heatran|Magma Storm|p2a: him
|-supereffective|p2a: him
|-damage|p2a: him|0 fnt
|faint|p2a: him
|
|upkeep
|
|t:|1760405871
|switch|p2a: Fair and Balanced|Alomomola, F|68/100
|turn|33
|
|t:|1760405877
|switch|p1a: Ogerpon|Ogerpon, F|80/100
|move|p2a: Fair and Balanced|Healing Wish|p2a: Fair and Balanced
|faint|p2a: Fair and Balanced
|
|upkeep
|
|t:|1760405881
|switch|p2a: Big Man|Clodsire, M|16/100
|-heal|p2a: Big Man|100/100|[from] move: Healing Wish
|-damage|p2a: Big Man|94/100|[from] Stealth Rock
|turn|34
|
|t:|1760405889
|-terastallize|p1a: Ogerpon|Grass
|detailschange|p1a: Ogerpon|Ogerpon-Teal-Tera, F, tera:Grass
|-ability|p1a: Ogerpon|Embody Aspect (Teal)|boost
|-boost|p1a: Ogerpon|spe|1
|move|p1a: Ogerpon|Ivy Cudgel|p2a: Big Man
|-damage|p2a: Big Man|26/100
|move|p2a: Big Man|Stockpile|p2a: Big Man
|-start|p2a: Big Man|stockpile1
|-boost|p2a: Big Man|def|1
|-boost|p2a: Big Man|spd|1
|
|-heal|p2a: Big Man|32/100|[from] item: Leftovers
|upkeep
|turn|35
|-message|ridlostar forfeited.
|
|win|nfyhsueryfgius
|raw|nfyhsueryfgius's rating: 1665 &rarr; <strong>1698</strong><br />(+33 for winning)
|raw|ridlostar's rating: 1922 &rarr; <strong>1889</strong><br />(-33 for losing)
|l|☆ridlostar
|player|p2|
|l|☆nfyhsueryfgius
|player|p1|
