|badge|p1|bronze|gen9nu|100-7
|uhtml|medal-msg|<div class="broadcast-blue">Curious what those medals under the avatar are? PS now has Ladder Seasons! For more information, check out the <a href="https://www.smogon.com/forums/threads/3740067/">thread on Smogon.</a></div>
|j|☆RedemptiveSketch
|j|☆jonjon2000
|inactive|Battle timer is ON: inactive players will automatically lose when time's up.
|t:|1760459567
|gametype|singles
|player|p1|RedemptiveSketch|alec-anime|
|player|p2|jonjon2000|worker-gen4|
|gen|9
|tier|[Gen 9] OU
|rated|Tournament battle
|rule|HP Percentage Mod: HP is shown in percentages
|rule|Endless Battle Clause: Forcing endless battles is banned
|rule|Species Clause: Limit one of each Pokémon
|rule|OHKO Clause: OHKO moves are banned
|rule|Evasion Items Clause: Evasion items are banned
|rule|Evasion Moves Clause: Evasion moves are banned
|rule|Evasion Abilities Clause: Evasion abilities are banned
|rule|Sleep Moves Clause: Sleep-inducing moves are banned
|clearpoke
|poke|p1|Kyurem|
|poke|p1|Tinkaton, F|
|poke|p1|Ting-Lu|
|poke|p1|Dragonite, F|
|poke|p1|Pecharunt|
|poke|p1|Darkrai|
|poke|p2|Zamazenta-*|
|poke|p2|Volcanion|
|poke|p2|Iron Boulder|
|poke|p2|Ogerpon-Wellspring, F|
|poke|p2|Iron Valiant|
|poke|p2|Great Tusk|
|teampreview
|inactive|RedemptiveSketch also wants the timer to be on.
|j| Dark SV OU
|j| garchy 250
|c|☆jonjon2000|hf
|j| ihatepecharuntwah
|j| justatestacc888
|j| sfinch1
|c|☆RedemptiveSketch|hf
|j| clodsirebiggestfan
|j| periko29
|
|t:|1760459583
|teamsize|p1|6
|teamsize|p2|6
|start
|switch|p1a: Tinkaton|Tinkaton, F|100/100
|switch|p2a: Zamazenta|Zamazenta|100/100
|-ability|p2a: Zamazenta|Dauntless Shield|boost
|-boost|p2a: Zamazenta|def|1
|-ability|p1a: Tinkaton|Mold Breaker
|-item|p1a: Tinkaton|Air Balloon
|turn|1
|
|t:|1760459592
|move|p2a: Zamazenta|Close Combat|p1a: Tinkaton
|-damage|p1a: Tinkaton|38/100
|-unboost|p2a: Zamazenta|def|1
|-unboost|p2a: Zamazenta|spd|1
|-enditem|p1a: Tinkaton|Air Balloon
|move|p1a: Tinkaton|Thunder Wave|p2a: Zamazenta
|-status|p2a: Zamazenta|par
|
|upkeep
|turn|2
|c| clodsirebiggestfan|No offense jonjon but im rooting on your downfall
|c|☆jonjon2000|understandable
|
|t:|1760459603
|move|p1a: Tinkaton|Stealth Rock|p2a: Zamazenta
|-sidestart|p2: jonjon2000|move: Stealth Rock
|cant|p2a: Zamazenta|par
|
|upkeep
|turn|3
|j| icnincieninec
|c|☆RedemptiveSketch|atleast he accepted
|
|t:|1760459608
|switch|p2a: Great Tusk|Great Tusk|100/100
|-damage|p2a: Great Tusk|98/100|[from] Stealth Rock
|-enditem|p2a: Great Tusk|Booster Energy
|-activate|p2a: Great Tusk|ability: Protosynthesis|[fromitem]
|-start|p2a: Great Tusk|protosynthesisspe
|move|p1a: Tinkaton|Gigaton Hammer|p2a: Great Tusk
|-damage|p2a: Great Tusk|70/100
|
|upkeep
|turn|4
|c| Dark SV OU|lol
|
|t:|1760459617
|switch|p1a: Ting-Lu|Ting-Lu|100/100
|-ability|p1a: Ting-Lu|Vessel of Ruin
|move|p2a: Great Tusk|Stealth Rock|p1a: Ting-Lu
|-sidestart|p1: RedemptiveSketch|move: Stealth Rock
|
|upkeep
|turn|5
|
|t:|1760459625
|-end|p2a: Great Tusk|Protosynthesis|[silent]
|switch|p2a: Zamazenta|Zamazenta|100/100 par
|-damage|p2a: Zamazenta|94/100 par|[from] Stealth Rock
|move|p1a: Ting-Lu|Ruination|p2a: Zamazenta
|-damage|p2a: Zamazenta|47/100 par
|
|upkeep
|turn|6
|j| No_Safe_Prayer
|j| karuaan
|
|t:|1760459633
|switch|p1a: Pecharunt|Pecharunt|100/100
|move|p2a: Zamazenta|Reflect|p2a: Zamazenta
|-sidestart|p2: jonjon2000|Reflect
|
|upkeep
|turn|7
|c|☆RedemptiveSketch|screens zama ofc
|
|t:|1760459645
|move|p1a: Pecharunt|Hex|p2a: Zamazenta
|-damage|p2a: Zamazenta|11/100 par
|move|p2a: Zamazenta|Light Screen|p2a: Zamazenta
|-sidestart|p2: jonjon2000|move: Light Screen
|
|upkeep
|turn|8
|j| homerac
|
|t:|1760459651
|switch|p2a: Great Tusk|Great Tusk|70/100
|-damage|p2a: Great Tusk|67/100|[from] Stealth Rock
|move|p1a: Pecharunt|Malignant Chain|p2a: Great Tusk
|-resisted|p2a: Great Tusk
|-damage|p2a: Great Tusk|56/100
|-status|p2a: Great Tusk|tox
|-start|p2a: Great Tusk|confusion|[from] ability: Poison Puppeteer|[of] p1a: Pecharunt
|
|-damage|p2a: Great Tusk|50/100 tox|[from] psn
|upkeep
|turn|9
|
|t:|1760459655
|-activate|p2a: Great Tusk|confusion
|move|p2a: Great Tusk|Headlong Rush|p1a: Pecharunt
|-supereffective|p1a: Pecharunt
|-damage|p1a: Pecharunt|48/100
|-unboost|p2a: Great Tusk|def|1
|-unboost|p2a: Great Tusk|spd|1
|move|p1a: Pecharunt|Hex|p2a: Great Tusk
|-damage|p2a: Great Tusk|9/100 tox
|
|-damage|p2a: Great Tusk|0 fnt|[from] psn
|faint|p2a: Great Tusk
|-end|p2a: Great Tusk|Protosynthesis|[silent]
|upkeep
|
|t:|1760459663
|switch|p2a: Volcanion|Volcanion|100/100
|-damage|p2a: Volcanion|76/100|[from] Stealth Rock
|turn|10
|
|t:|1760459671
|switch|p1a: Tinkaton|Tinkaton, F|38/100
|-damage|p1a: Tinkaton|32/100|[from] Stealth Rock
|-ability|p1a: Tinkaton|Mold Breaker
|move|p2a: Volcanion|Steam Eruption|p1a: Tinkaton
|-damage|p1a: Tinkaton|0 fnt
|faint|p1a: Tinkaton
|
|upkeep
|c| clodsirebiggestfan|Me personally im also recover spamming the tusk
|
|t:|1760459682
|switch|p1a: Kyurem|Kyurem|100/100
|-ability|p1a: Kyurem|Pressure
|turn|11
|
|t:|1760459694
|move|p1a: Kyurem|Earth Power|p2a: Volcanion
|-supereffective|p2a: Volcanion
|-damage|p2a: Volcanion|25/100
|-unboost|p2a: Volcanion|spd|1
|move|p2a: Volcanion|Explosion|p1a: Kyurem
|-enditem|p2a: Volcanion|Normal Gem|[from] gem
|-damage|p1a: Kyurem|15/100
|faint|p2a: Volcanion
|
|upkeep
|c|☆RedemptiveSketch|wtf
|c| clodsirebiggestfan|Yo
|c| clodsirebiggestfan|That's kinda heat
|
|t:|1760459711
|switch|p2a: Iron Valiant|Iron Valiant|100/100
|-damage|p2a: Iron Valiant|94/100|[from] Stealth Rock
|-enditem|p2a: Iron Valiant|Booster Energy
|-activate|p2a: Iron Valiant|ability: Quark Drive|[fromitem]
|-start|p2a: Iron Valiant|quarkdrivespe
|turn|12
|j| Honourial
|
|t:|1760459715
|switch|p1a: Ting-Lu|Ting-Lu|100/100
|-damage|p1a: Ting-Lu|94/100|[from] Stealth Rock
|-ability|p1a: Ting-Lu|Vessel of Ruin
|move|p2a: Iron Valiant|Calm Mind|p2a: Iron Valiant
|-boost|p2a: Iron Valiant|spa|1
|-boost|p2a: Iron Valiant|spd|1
|
|-heal|p1a: Ting-Lu|100/100|[from] item: Leftovers
|upkeep
|turn|13
|
|t:|1760459719
|move|p2a: Iron Valiant|Moonblast|p1a: Ting-Lu
|-supereffective|p1a: Ting-Lu
|-damage|p1a: Ting-Lu|40/100
|move|p1a: Ting-Lu|Whirlwind|p2a: Iron Valiant
|-end|p2a: Iron Valiant|Quark Drive|[silent]
|drag|p2a: Ogerpon|Ogerpon-Wellspring, F|100/100
|-damage|p2a: Ogerpon|88/100|[from] Stealth Rock
|
|-heal|p1a: Ting-Lu|46/100|[from] item: Leftovers
|-sideend|p2: jonjon2000|Reflect
|upkeep
|turn|14
|c| Honourial|go sketch
|
|t:|1760459726
|move|p2a: Ogerpon|Ivy Cudgel|p1a: Ting-Lu|[anim] Ivy Cudgel Water
|-supereffective|p1a: Ting-Lu
|-damage|p1a: Ting-Lu|0 fnt
|faint|p1a: Ting-Lu
|
|-sideend|p2: jonjon2000|move: Light Screen
|upkeep
|
|t:|1760459730
|switch|p1a: Dragonite|Dragonite, F|100/100
|turn|15
|
|t:|1760459735
|switch|p2a: Iron Valiant|Iron Valiant|94/100
|-damage|p2a: Iron Valiant|88/100|[from] Stealth Rock
|move|p1a: Dragonite|Dragon Dance|p1a: Dragonite
|-boost|p1a: Dragonite|atk|1
|-boost|p1a: Dragonite|spe|1
|
|upkeep
|turn|16
|
|t:|1760459740
|-terastallize|p1a: Dragonite|Ghost
|move|p1a: Dragonite|Tera Blast|p2a: Iron Valiant|[anim] Tera Blast Ghost
|-damage|p2a: Iron Valiant|2/100
|move|p2a: Iron Valiant|Encore|p1a: Dragonite
|-start|p1a: Dragonite|Encore
|
|upkeep
|turn|17
|c| Dark SV OU|u got this RedemptiveSketch 👍👍👍
|
|t:|1760459747
|move|p1a: Dragonite|Tera Blast|p2a: Iron Valiant|[anim] Tera Blast Ghost
|-damage|p2a: Iron Valiant|0 fnt
|faint|p2a: Iron Valiant
|-end|p2a: Iron Valiant|Quark Drive|[silent]
|
|upkeep
|c| clodsirebiggestfan|YOOOO
|c|☆RedemptiveSketch|dnite sweep?
|j| Swagataka
|c| Honourial|he has boulder
|c| clodsirebiggestfan|Boulder is gonna die
|c|☆RedemptiveSketch|i have multi scale
|c| Dark SV OU|boulder aint doin shi
|c| Honourial|so you won on preview
|c|☆jonjon2000|yeah
|inactive|jonjon2000 has 120 seconds left.
|c|☆jonjon2000|gg
|c| clodsirebiggestfan|Yo no boulder disrespect
|c|☆jonjon2000|i guess i can try critting twice
|c| clodsirebiggestfan|Wont be tolerated here buddy
|
|t:|1760459792
|switch|p2a: Iron Boulder|Iron Boulder|100/100
|-damage|p2a: Iron Boulder|88/100|[from] Stealth Rock
|-enditem|p2a: Iron Boulder|Booster Energy
|-activate|p2a: Iron Boulder|ability: Quark Drive|[fromitem]
|-start|p2a: Iron Boulder|quarkdrivespe
|turn|18
|
|t:|1760459795
|-terastallize|p2a: Iron Boulder|Fairy
|move|p2a: Iron Boulder|Mighty Cleave|p1a: Dragonite
|-damage|p1a: Dragonite|75/100
|move|p1a: Dragonite|Tera Blast|p2a: Iron Boulder|[anim] Tera Blast Ghost
|-damage|p2a: Iron Boulder|5/100
|
|upkeep
|turn|19
|c| Dark SV OU|boulder ain shi
|c| Dark SV OU|he tickled him
|
|t:|1760459805
|move|p2a: Iron Boulder|Mighty Cleave|p1a: Dragonite
|-damage|p1a: Dragonite|21/100
|move|p1a: Dragonite|Tera Blast|p2a: Iron Boulder|[anim] Tera Blast Ghost
|-damage|p2a: Iron Boulder|0 fnt
|faint|p2a: Iron Boulder
|-end|p2a: Iron Boulder|Quark Drive|[silent]
|
|-end|p1a: Dragonite|Encore
|upkeep
|c| Honourial|FRUAD
|c|☆RedemptiveSketch|ggs
|c|☆jonjon2000|gg wp
|-message|jonjon2000 forfeited.
|
|win|RedemptiveSketch
|n|☆RedemptiveSketch|redemptivesketch
|n|☆jonjon2000|jonjon2000
|n| Dark SV OU|darksvou
|n| garchy 250|garchy250
|n| ihatepecharuntwah|ihatepecharuntwah
|n| justatestacc888|justatestacc888
|n| sfinch1|sfinch1
|n| clodsirebiggestfan|clodsirebiggestfan
|n| periko29|periko29
|n| icnincieninec|icnincieninec
|n| No_Safe_Prayer|nosafeprayer
|n| karuaan|karuaan
|n| homerac|homerac
|n| Honourial|honourial
|n| Swagataka|swagataka
