|j|☆Intouane
|j|☆ChessDennis
|t:|1760428725
|gametype|singles
|player|p1|Intouane|giovanni|1319
|player|p2|ChessDennis|2|1324
|gen|9
|tier|[Gen 9] OU
|rated|
|rule|HP Percentage Mod: HP is shown in percentages
|rule|Endless Battle Clause: Forcing endless battles is banned
|rule|Species Clause: Limit one of each Pokémon
|rule|OHKO Clause: OHKO moves are banned
|rule|Evasion Items Clause: Evasion items are banned
|rule|Evasion Moves Clause: Evasion moves are banned
|rule|Evasion Abilities Clause: Evasion abilities are banned
|rule|Sleep Moves Clause: Sleep-inducing moves are banned
|clearpoke
|poke|p1|Cinderace, M|
|poke|p1|Serperior, F|
|poke|p1|Bisharp, F|
|poke|p1|Empoleon, F|
|poke|p1|Primeape, F|
|poke|p1|Vikavolt, M|
|poke|p2|Walking Wake|
|poke|p2|Thundurus-Therian, M|
|poke|p2|Amoonguss, F|
|poke|p2|Ninetales-Alola, M|
|poke|p2|Corviknight, F|
|poke|p2|Garchomp, M|
|teampreview
|
|t:|1760428744
|teamsize|p1|6
|teamsize|p2|6
|start
|switch|p1a: Cinderace|Cinderace, M|100/100
|switch|p2a: Garchomp|Garchomp, M|100/100
|turn|1
|
|t:|1760428752
|move|p1a: Cinderace|U-turn|p2a: Garchomp
|-start|p1a: Cinderace|typechange|Bug|[from] ability: Libero
|-damage|p2a: Garchomp|78/100
|-damage|p1a: Cinderace|88/100|[from] ability: Rough Skin|[of] p2a: Garchomp
|-damage|p1a: Cinderace|72/100|[from] item: Rocky Helmet|[of] p2a: Garchomp
|
|t:|1760428758
|switch|p1a: Vikavolt|Vikavolt, M|100/100|[from] U-turn
|move|p2a: Garchomp|Stealth Rock|p1a: Vikavolt
|-sidestart|p1: Intouane|move: Stealth Rock
|
|upkeep
|turn|2
|
|t:|1760428765
|move|p2a: Garchomp|Spikes|p1a: Vikavolt
|-sidestart|p1: Intouane|Spikes
|move|p1a: Vikavolt|Sticky Web|p2a: Garchomp
|-sidestart|p2: ChessDennis|move: Sticky Web
|
|upkeep
|turn|3
|
|t:|1760428771
|move|p2a: Garchomp|Draco Meteor|p1a: Vikavolt
|-damage|p1a: Vikavolt|33/100
|-unboost|p2a: Garchomp|spa|2
|move|p1a: Vikavolt|Bug Buzz|p2a: Garchomp
|-damage|p2a: Garchomp|25/100
|
|upkeep
|turn|4
|
|t:|1760428783
|move|p2a: Garchomp|Draco Meteor|p1a: Vikavolt
|-damage|p1a: Vikavolt|3/100
|-unboost|p2a: Garchomp|spa|2
|move|p1a: Vikavolt|Bug Buzz|p2a: Garchomp
|-damage|p2a: Garchomp|0 fnt
|faint|p2a: Garchomp
|
|upkeep
|
|t:|1760428790
|switch|p2a: Thundurus|Thundurus-Therian, M|100/100
|turn|5
|
|t:|1760428796
|move|p2a: Thundurus|Volt Switch|p1a: Vikavolt
|-resisted|p1a: Vikavolt
|-damage|p1a: Vikavolt|0 fnt
|faint|p1a: Vikavolt
|
|t:|1760428798
|switch|p2a: Amoonguss|Amoonguss, F|100/100|[from] Volt Switch
|-activate|p2a: Amoonguss|move: Sticky Web
|-unboost|p2a: Amoonguss|spe|1
|
|upkeep
|
|t:|1760428806
|switch|p1a: Cinderace|Cinderace, M|72/100
|turn|6
|
|t:|1760428810
|move|p1a: Cinderace|Court Change|p1a: Cinderace
|-start|p1a: Cinderace|typechange|Normal|[from] ability: Libero
|-swapsideconditions
|-activate|p1a: Cinderace|move: Court Change
|move|p2a: Amoonguss|Sludge Bomb|p1a: Cinderace
|-damage|p1a: Cinderace|22/100
|-damage|p2a: Amoonguss|91/100|[from] item: Life Orb
|
|upkeep
|turn|7
|
|t:|1760428822
|move|p1a: Cinderace|Pyro Ball|p2a: Amoonguss|[miss]
|-miss|p1a: Cinderace|p2a: Amoonguss
|move|p2a: Amoonguss|Sludge Bomb|p1a: Cinderace
|-damage|p1a: Cinderace|0 fnt
|faint|p1a: Cinderace
|-damage|p2a: Amoonguss|81/100|[from] item: Life Orb
|
|upkeep
|
|t:|1760428836
|switch|p1a: Empoleon|Empoleon, F|100/100
|-activate|p1a: Empoleon|move: Sticky Web
|-unboost|p1a: Empoleon|spe|1
|-ability|p1a: Empoleon|Competitive|boost
|-boost|p1a: Empoleon|spa|2
|turn|8
|inactive|Battle timer is ON: inactive players will automatically lose when time's up. (requested by Intouane)
|
|t:|1760428851
|move|p1a: Empoleon|Ice Beam|p2a: Amoonguss
|-supereffective|p2a: Amoonguss
|-damage|p2a: Amoonguss|0 fnt
|faint|p2a: Amoonguss
|
|upkeep
|
|t:|1760428855
|switch|p2a: Thundurus|Thundurus-Therian, M|100/100
|-damage|p2a: Thundurus|76/100|[from] Stealth Rock
|turn|9
|
|t:|1760428869
|-terastallize|p1a: Empoleon|Fairy
|move|p2a: Thundurus|Volt Switch|p1a: Empoleon
|-damage|p1a: Empoleon|74/100
|
|t:|1760428872
|switch|p2a: Ninetales|Ninetales-Alola, M|100/100|[from] Volt Switch
|-damage|p2a: Ninetales|76/100|[from] Stealth Rock
|-damage|p2a: Ninetales|63/100|[from] Spikes
|-weather|Snowscape|[from] ability: Snow Warning|[of] p2a: Ninetales
|move|p1a: Empoleon|Ice Beam|p2a: Ninetales
|-resisted|p2a: Ninetales
|-damage|p2a: Ninetales|40/100
|
|-weather|Snowscape|[upkeep]
|-heal|p1a: Empoleon|80/100|[from] item: Leftovers
|upkeep
|turn|10
|
|t:|1760428887
|move|p2a: Ninetales|Blizzard|p1a: Empoleon
|-damage|p1a: Empoleon|48/100
|-status|p1a: Empoleon|frz
|cant|p1a: Empoleon|frz
|
|-weather|Snowscape|[upkeep]
|-heal|p1a: Empoleon|54/100 frz|[from] item: Leftovers
|upkeep
|turn|11
|
|t:|1760428900
|switch|p1a: Bisharp|Bisharp, F|100/100
|-activate|p1a: Bisharp|move: Sticky Web
|-unboost|p1a: Bisharp|spe|1
|-ability|p1a: Bisharp|Defiant|boost
|-boost|p1a: Bisharp|atk|2
|move|p2a: Ninetales|Blizzard|p1a: Bisharp
|-resisted|p1a: Bisharp
|-damage|p1a: Bisharp|75/100
|
|-weather|Snowscape|[upkeep]
|upkeep
|turn|12
|
|t:|1760428912
|move|p2a: Ninetales|Blizzard|p1a: Bisharp
|-resisted|p1a: Bisharp
|-damage|p1a: Bisharp|51/100
|move|p1a: Bisharp|Iron Head|p2a: Ninetales
|-supereffective|p2a: Ninetales
|-damage|p2a: Ninetales|0 fnt
|faint|p2a: Ninetales
|
|-weather|Snowscape|[upkeep]
|upkeep
|
|t:|1760428923
|switch|p2a: Thundurus|Thundurus-Therian, M|76/100
|-damage|p2a: Thundurus|51/100|[from] Stealth Rock
|turn|13
|
|t:|1760428931
|-terastallize|p2a: Thundurus|Fairy
|move|p1a: Bisharp|Sucker Punch|p2a: Thundurus
|-resisted|p2a: Thundurus
|-damage|p2a: Thundurus|6/100
|move|p2a: Thundurus|Tera Blast|p1a: Bisharp|[anim] Tera Blast Fairy
|-damage|p1a: Bisharp|3/100
|
|-weather|none
|upkeep
|turn|14
|
|t:|1760428941
|move|p1a: Bisharp|Sucker Punch|p2a: Thundurus
|-resisted|p2a: Thundurus
|-damage|p2a: Thundurus|0 fnt
|faint|p2a: Thundurus
|
|upkeep
|
|t:|1760428944
|switch|p2a: Corviknight|Corviknight, F|100/100
|-damage|p2a: Corviknight|88/100|[from] Stealth Rock
|-ability|p2a: Corviknight|Pressure
|turn|15
|
|t:|1760428953
|move|p1a: Bisharp|Sucker Punch||[still]
|-fail|p1a: Bisharp
|move|p2a: Corviknight|Agility|p2a: Corviknight
|-boost|p2a: Corviknight|spe|2
|
|upkeep
|turn|16
|
|t:|1760428960
|move|p1a: Bisharp|Sucker Punch||[still]
|-fail|p1a: Bisharp
|move|p2a: Corviknight|Bulk Up|p2a: Corviknight
|-boost|p2a: Corviknight|atk|1
|-boost|p2a: Corviknight|def|1
|
|upkeep
|turn|17
|
|t:|1760428967
|move|p2a: Corviknight|Bulk Up|p2a: Corviknight
|-boost|p2a: Corviknight|atk|1
|-boost|p2a: Corviknight|def|1
|move|p1a: Bisharp|Throat Chop|p2a: Corviknight
|-damage|p2a: Corviknight|45/100
|-start|p2a: Corviknight|Throat Chop|[silent]
|
|upkeep
|turn|18
|
|t:|1760428983
|move|p1a: Bisharp|Sucker Punch||[still]
|-fail|p1a: Bisharp
|move|p2a: Corviknight|Roost|p2a: Corviknight
|-heal|p2a: Corviknight|95/100
|-singleturn|p2a: Corviknight|move: Roost
|
|-end|p2a: Corviknight|Throat Chop|[silent]
|upkeep
|turn|19
|
|t:|1760428993
|move|p2a: Corviknight|Power Trip|p1a: Bisharp
|-resisted|p1a: Bisharp
|-damage|p1a: Bisharp|0 fnt
|faint|p1a: Bisharp
|
|upkeep
|
|t:|1760429009
|switch|p1a: Primeape|Primeape, F|100/100
|-activate|p1a: Primeape|move: Sticky Web
|-unboost|p1a: Primeape|spe|1
|-ability|p1a: Primeape|Defiant|boost
|-boost|p1a: Primeape|atk|2
|turn|20
|
|t:|1760429016
|move|p2a: Corviknight|Bulk Up|p2a: Corviknight
|-boost|p2a: Corviknight|atk|1
|-boost|p2a: Corviknight|def|1
|move|p1a: Primeape|Rage Fist|p2a: Corviknight
|-damage|p2a: Corviknight|83/100
|
|upkeep
|turn|21
|
|t:|1760429026
|move|p2a: Corviknight|Agility|p2a: Corviknight
|-boost|p2a: Corviknight|spe|2
|move|p1a: Primeape|Drain Punch|p2a: Corviknight
|-damage|p2a: Corviknight|57/100
|
|upkeep
|turn|22
|
|t:|1760429034
|move|p2a: Corviknight|Bulk Up|p2a: Corviknight
|-boost|p2a: Corviknight|atk|1
|-boost|p2a: Corviknight|def|1
|move|p1a: Primeape|Bulk Up|p1a: Primeape
|-boost|p1a: Primeape|atk|1
|-boost|p1a: Primeape|def|1
|
|upkeep
|turn|23
|
|t:|1760429045
|move|p2a: Corviknight|Bulk Up|p2a: Corviknight
|-boost|p2a: Corviknight|atk|1
|-boost|p2a: Corviknight|def|1
|move|p1a: Primeape|Drain Punch|p2a: Corviknight
|-damage|p2a: Corviknight|35/100
|
|upkeep
|turn|24
|
|t:|1760429052
|move|p2a: Corviknight|Power Trip|p1a: Primeape
|-resisted|p1a: Primeape
|-damage|p1a: Primeape|13/100
|move|p1a: Primeape|Bulk Up|p1a: Primeape
|-boost|p1a: Primeape|atk|1
|-boost|p1a: Primeape|def|1
|
|upkeep
|turn|25
|
|t:|1760429061
|move|p2a: Corviknight|Power Trip|p1a: Primeape
|-resisted|p1a: Primeape
|-damage|p1a: Primeape|0 fnt
|faint|p1a: Primeape
|
|upkeep
|
|t:|1760429074
|switch|p1a: Empoleon|Empoleon, F, tera:Fairy|54/100 frz
|-activate|p1a: Empoleon|move: Sticky Web
|-unboost|p1a: Empoleon|spe|1
|-ability|p1a: Empoleon|Competitive|boost
|-boost|p1a: Empoleon|spa|2
|turn|26
|
|t:|1760429081
|move|p2a: Corviknight|Power Trip|p1a: Empoleon
|-resisted|p1a: Empoleon
|-damage|p1a: Empoleon|0 fnt
|faint|p1a: Empoleon
|
|upkeep
|
|t:|1760429087
|switch|p1a: Serperior|Serperior, F|100/100
|-activate|p1a: Serperior|move: Sticky Web
|-boost|p1a: Serperior|spe|1
|turn|27
|
|t:|1760429098
|move|p2a: Corviknight|Power Trip|p1a: Serperior
|-damage|p1a: Serperior|0 fnt
|faint|p1a: Serperior
|
|win|ChessDennis
|raw|Intouane's rating: 1319 &rarr; <strong>1299</strong><br />(-20 for losing)
|raw|ChessDennis's rating: 1324 &rarr; <strong>1344</strong><br />(+20 for winning)
|l|☆Intouane
|player|p1|
|l|☆ChessDennis
|player|p2|
