|j|‽JinMammah
|j|☆juncanti
|t:|1760438284
|gametype|singles
|player|p1|JinMammah|rocketgruntf|1412
|player|p2|juncanti|265|1427
|gen|9
|tier|[Gen 9] OU
|rated|
|rule|HP Percentage Mod: HP is shown in percentages
|rule|Endless Battle Clause: Forcing endless battles is banned
|rule|Species Clause: Limit one of each Pokémon
|rule|OHKO Clause: OHKO moves are banned
|rule|Evasion Items Clause: Evasion items are banned
|rule|Evasion Moves Clause: Evasion moves are banned
|rule|Evasion Abilities Clause: Evasion abilities are banned
|rule|Sleep Moves Clause: Sleep-inducing moves are banned
|clearpoke
|poke|p1|Iron Treads|
|poke|p1|Empoleon, F|
|poke|p1|Iron Valiant|
|poke|p1|Latias, F|
|poke|p1|Arbok, M|
|poke|p1|Ursaluna, F|
|poke|p2|Ogerpon-Wellspring, F|
|poke|p2|Cinderace, M|
|poke|p2|Clefable, F|
|poke|p2|Corviknight, M|
|poke|p2|Iron Valiant|
|poke|p2|Sandy Shocks|
|teampreview
|
|t:|1760438297
|teamsize|p1|6
|teamsize|p2|6
|start
|switch|p1a: Arbok|Arbok, M|100/100
|switch|p2a: Cinderace|Cinderace, M|100/100
|-ability|p1a: Arbok|Intimidate|boost
|-unboost|p2a: Cinderace|atk|1
|turn|1
|inactive|Battle timer is ON: inactive players will automatically lose when time's up. (requested by JinMammah)
|inactive|juncanti has 120 seconds left.
|inactive|juncanti has 90 seconds left.
|
|t:|1760438409
|move|p2a: Cinderace|Pyro Ball|p1a: Arbok
|-damage|p1a: Arbok|45/100
|move|p1a: Arbok|Glare|p2a: Cinderace
|-status|p2a: Cinderace|par
|
|upkeep
|turn|2
|
|t:|1760438419
|move|p1a: Arbok|Knock Off|p2a: Cinderace
|-damage|p2a: Cinderace|72/100 par
|-enditem|p2a: Cinderace|Heavy-Duty Boots|[from] move: Knock Off|[of] p1a: Arbok
|move|p2a: Cinderace|Pyro Ball|p1a: Arbok
|-damage|p1a: Arbok|0 fnt
|faint|p1a: Arbok
|
|upkeep
|inactive|JinMammah has 120 seconds left.
|
|t:|1760438450
|switch|p1a: Iron Treads|Iron Treads|100/100
|turn|3
|
|t:|1760438459
|switch|p2a: Corviknight|Corviknight, M|100/100
|move|p1a: Iron Treads|Earthquake|p2a: Corviknight
|-immune|p2a: Corviknight
|
|upkeep
|turn|4
|
|t:|1760438463
|move|p1a: Iron Treads|Knock Off|p2a: Corviknight
|-damage|p2a: Corviknight|81/100
|-damage|p1a: Iron Treads|84/100|[from] item: Rocky Helmet|[of] p2a: Corviknight
|-enditem|p2a: Corviknight|Rocky Helmet|[from] move: Knock Off|[of] p1a: Iron Treads
|move|p2a: Corviknight|Bulk Up|p2a: Corviknight
|-boost|p2a: Corviknight|atk|1
|-boost|p2a: Corviknight|def|1
|
|-heal|p1a: Iron Treads|90/100|[from] item: Leftovers
|upkeep
|turn|5
|
|t:|1760438469
|-end|p1a: Iron Treads|Quark Drive|[silent]
|switch|p1a: Iron Valiant|Iron Valiant|100/100
|-enditem|p1a: Iron Valiant|Booster Energy
|-activate|p1a: Iron Valiant|ability: Quark Drive|[fromitem]
|-start|p1a: Iron Valiant|quarkdrivespe
|move|p2a: Corviknight|Bulk Up|p2a: Corviknight
|-boost|p2a: Corviknight|atk|1
|-boost|p2a: Corviknight|def|1
|
|upkeep
|turn|6
|
|t:|1760438473
|switch|p2a: Sandy Shocks|Sandy Shocks|100/100
|move|p1a: Iron Valiant|Thunderbolt|p2a: Sandy Shocks
|-immune|p2a: Sandy Shocks
|
|upkeep
|turn|7
|
|t:|1760438479
|move|p1a: Iron Valiant|Moonblast|p2a: Sandy Shocks
|-damage|p2a: Sandy Shocks|43/100
|-unboost|p2a: Sandy Shocks|spa|1
|move|p2a: Sandy Shocks|Flash Cannon|p1a: Iron Valiant
|-supereffective|p1a: Iron Valiant
|-damage|p1a: Iron Valiant|36/100
|
|-heal|p2a: Sandy Shocks|49/100|[from] item: Leftovers
|upkeep
|turn|8
|
|t:|1760438488
|-end|p2a: Sandy Shocks|Protosynthesis|[silent]
|switch|p2a: Clefable|Clefable, F|100/100
|move|p1a: Iron Valiant|Moonblast|p2a: Clefable
|-damage|p2a: Clefable|68/100
|
|upkeep
|turn|9
|
|t:|1760438493
|-end|p1a: Iron Valiant|Quark Drive|[silent]
|switch|p1a: Ursaluna|Ursaluna, F|100/100
|move|p2a: Clefable|Moonblast|p1a: Ursaluna
|-damage|p1a: Ursaluna|63/100
|-damage|p2a: Clefable|58/100|[from] item: Life Orb
|
|-status|p1a: Ursaluna|brn|[from] item: Flame Orb
|upkeep
|turn|10
|
|t:|1760438500
|switch|p2a: Corviknight|Corviknight, M|81/100
|move|p1a: Ursaluna|Facade|p2a: Corviknight
|-resisted|p2a: Corviknight
|-damage|p2a: Corviknight|42/100
|
|-damage|p1a: Ursaluna|57/100 brn|[from] brn
|upkeep
|turn|11
|
|t:|1760438506
|switch|p1a: Empoleon|Empoleon, F|100/100
|move|p2a: Corviknight|Roost|p2a: Corviknight
|-heal|p2a: Corviknight|92/100
|-singleturn|p2a: Corviknight|move: Roost
|
|upkeep
|turn|12
|
|t:|1760438511
|switch|p2a: Ogerpon|Ogerpon-Wellspring, F|100/100
|move|p1a: Empoleon|Surf|p2a: Ogerpon
|-immune|p2a: Ogerpon|[from] ability: Water Absorb
|
|upkeep
|turn|13
|
|t:|1760438517
|move|p2a: Ogerpon|Knock Off|p1a: Empoleon
|-damage|p1a: Empoleon|55/100
|-enditem|p1a: Empoleon|Focus Sash|[from] move: Knock Off|[of] p2a: Ogerpon
|move|p1a: Empoleon|Ice Beam|p2a: Ogerpon
|-damage|p2a: Ogerpon|64/100
|
|upkeep
|turn|14
|
|t:|1760438524
|move|p2a: Ogerpon|Seed Bomb|p1a: Empoleon
|-damage|p1a: Empoleon|0 fnt
|faint|p1a: Empoleon
|
|upkeep
|
|t:|1760438535
|switch|p1a: Iron Valiant|Iron Valiant|36/100
|turn|15
|
|t:|1760438540
|switch|p2a: Sandy Shocks|Sandy Shocks|49/100
|move|p1a: Iron Valiant|Thunderbolt|p2a: Sandy Shocks
|-immune|p2a: Sandy Shocks
|
|-heal|p2a: Sandy Shocks|55/100|[from] item: Leftovers
|upkeep
|turn|16
|
|t:|1760438547
|move|p1a: Iron Valiant|Moonblast|p2a: Sandy Shocks
|-damage|p2a: Sandy Shocks|0 fnt
|faint|p2a: Sandy Shocks
|-end|p2a: Sandy Shocks|Protosynthesis|[silent]
|
|upkeep
|
|t:|1760438556
|switch|p2a: Ogerpon|Ogerpon-Wellspring, F|64/100
|turn|17
|
|t:|1760438562
|-terastallize|p2a: Ogerpon|Water
|detailschange|p2a: Ogerpon|Ogerpon-Wellspring-Tera, F, tera:Water
|-ability|p2a: Ogerpon|Embody Aspect (Wellspring)|boost
|-boost|p2a: Ogerpon|spd|1
|move|p1a: Iron Valiant|Destiny Bond|p1a: Iron Valiant
|-singlemove|p1a: Iron Valiant|Destiny Bond
|move|p2a: Ogerpon|Ivy Cudgel|p1a: Iron Valiant|[anim] Ivy Cudgel Water
|-damage|p1a: Iron Valiant|0 fnt
|faint|p1a: Iron Valiant
|-activate|p1a: Iron Valiant|move: Destiny Bond
|-end|p1a: Iron Valiant|Quark Drive|[silent]
|faint|p2a: Ogerpon
|detailschange|p2: Ogerpon|Ogerpon-Wellspring, F|[silent]
|
|upkeep
|
|t:|1760438580
|switch|p1a: Latias|Latias, F|100/100
|switch|p2a: Iron Valiant|Iron Valiant|100/100
|-enditem|p2a: Iron Valiant|Booster Energy
|-activate|p2a: Iron Valiant|ability: Quark Drive|[fromitem]
|-start|p2a: Iron Valiant|quarkdrivespe
|turn|18
|
|t:|1760438586
|move|p2a: Iron Valiant|Knock Off|p1a: Latias
|-supereffective|p1a: Latias
|-damage|p1a: Latias|50/100
|-enditem|p1a: Latias|Weakness Policy
|-boost|p1a: Latias|atk|2|[from] item: Weakness Policy
|-boost|p1a: Latias|spa|2|[from] item: Weakness Policy
|move|p1a: Latias|Calm Mind|p1a: Latias
|-boost|p1a: Latias|spa|1
|-boost|p1a: Latias|spd|1
|
|upkeep
|turn|19
|
|t:|1760438605
|-terastallize|p1a: Latias|Fairy
|move|p2a: Iron Valiant|Knock Off|p1a: Latias
|-resisted|p1a: Latias
|-damage|p1a: Latias|41/100
|move|p1a: Latias|Draining Kiss|p2a: Iron Valiant
|-supereffective|p2a: Iron Valiant
|-damage|p2a: Iron Valiant|0 fnt
|-heal|p1a: Latias|100/100|[from] drain|[of] p2a: Iron Valiant
|faint|p2a: Iron Valiant
|-end|p2a: Iron Valiant|Quark Drive|[silent]
|
|upkeep
|
|t:|1760438612
|switch|p2a: Clefable|Clefable, F|58/100
|turn|20
|
|t:|1760438615
|move|p1a: Latias|Stored Power|p2a: Clefable
|-crit|p2a: Clefable
|-damage|p2a: Clefable|10/100
|move|p2a: Clefable|Thunder Wave|p1a: Latias|[miss]
|-miss|p2a: Clefable|p1a: Latias
|
|upkeep
|turn|21
|
|t:|1760438620
|move|p1a: Latias|Stored Power|p2a: Clefable
|-damage|p2a: Clefable|0 fnt
|faint|p2a: Clefable
|
|upkeep
|-message|juncanti forfeited.
|
|win|JinMammah
|raw|JinMammah's rating: 1392 &rarr; <strong>1414</strong><br />(+22 for winning)
|raw|juncanti's rating: 1427 &rarr; <strong>1405</strong><br />(-22 for losing)
|l|☆juncanti
|player|p2|
|l|‽JinMammah
|player|p1|
|j| reduxplus
