|j|☆fuiosd
|j|☆DoDouno
|t:|1760329457
|gametype|singles
|player|p1|fuiosd|dawn|1169
|player|p2|DoDouno|psychic|1202
|gen|9
|tier|[Gen 9] OU
|rated|
|rule|HP Percentage Mod: HP is shown in percentages
|rule|Endless Battle Clause: Forcing endless battles is banned
|rule|Species Clause: Limit one of each Pokémon
|rule|OHKO Clause: OHKO moves are banned
|rule|Evasion Items Clause: Evasion items are banned
|rule|Evasion Moves Clause: Evasion moves are banned
|rule|Evasion Abilities Clause: Evasion abilities are banned
|rule|Sleep Moves Clause: Sleep-inducing moves are banned
|clearpoke
|poke|p1|Pelipper, M|
|poke|p1|Basculegion-F, F|
|poke|p1|Barraskewda, F|
|poke|p1|Meowscarada, F|
|poke|p1|Great Tusk|
|poke|p1|Corviknight, M|
|poke|p2|Kingambit, F|
|poke|p2|Cinderace, F|
|poke|p2|Landorus-Therian, M|
|poke|p2|Iron Valiant|
|poke|p2|Kyurem|
|poke|p2|Slowking-Galar, M|
|teampreview
|
|t:|1760329467
|teamsize|p1|6
|teamsize|p2|6
|start
|switch|p1a: Pelipper|Pelipper, M|100/100
|switch|p2a: Icy|Kyurem, shiny|100/100
|-ability|p2a: Icy|Pressure
|-weather|RainDance|[from] ability: Drizzle|[of] p1a: Pelipper
|turn|1
|
|t:|1760329485
|switch|p1a: Corviknight|Corviknight, M|100/100
|-ability|p1a: Corviknight|Pressure
|move|p2a: Icy|Freeze-Dry|p1a: Corviknight
|-damage|p1a: Corviknight|67/100
|
|-weather|RainDance|[upkeep]
|upkeep
|turn|2
|
|t:|1760329509
|switch|p2a: Chunk|Landorus-Therian, M, shiny|100/100
|-ability|p2a: Chunk|Intimidate|boost
|-unboost|p1a: Corviknight|atk|1
|move|p1a: Corviknight|Roost|p1a: Corviknight
|-heal|p1a: Corviknight|100/100
|-singleturn|p1a: Corviknight|move: Roost
|
|-weather|RainDance|[upkeep]
|upkeep
|turn|3
|
|t:|1760329535
|move|p2a: Chunk|Taunt|p1a: Corviknight
|-start|p1a: Corviknight|move: Taunt
|move|p1a: Corviknight|U-turn|p2a: Chunk
|-resisted|p2a: Chunk
|-damage|p2a: Chunk|96/100
|-damage|p1a: Corviknight|84/100|[from] item: Rocky Helmet|[of] p2a: Chunk
|
|t:|1760329547
|switch|p1a: Barraskewda|Barraskewda, F|100/100|[from] U-turn
|
|-weather|RainDance|[upkeep]
|upkeep
|turn|4
|
|t:|1760329563
|-terastallize|p2a: Chunk|Water
|move|p1a: Barraskewda|Waterfall|p2a: Chunk
|-resisted|p2a: Chunk
|-damage|p2a: Chunk|58/100
|-damage|p1a: Barraskewda|84/100|[from] item: Rocky Helmet|[of] p2a: Chunk
|-damage|p1a: Barraskewda|74/100|[from] item: Life Orb
|move|p2a: Chunk|Earthquake|p1a: Barraskewda
|-crit|p1a: Barraskewda
|-damage|p1a: Barraskewda|0 fnt
|faint|p1a: Barraskewda
|
|-weather|RainDance|[upkeep]
|upkeep
|
|t:|1760329577
|switch|p1a: Basculegion|Basculegion-F, F|100/100
|turn|5
|
|t:|1760329604
|switch|p2a: Bank|Slowking-Galar, M, shiny|100/100
|move|p1a: Basculegion|Shadow Ball|p2a: Bank
|-supereffective|p2a: Bank
|-damage|p2a: Bank|35/100
|
|-weather|RainDance|[upkeep]
|upkeep
|turn|6
|
|t:|1760329618
|move|p1a: Basculegion|Shadow Ball|p2a: Bank
|-supereffective|p2a: Bank
|-damage|p2a: Bank|0 fnt
|faint|p2a: Bank
|
|-weather|RainDance|[upkeep]
|upkeep
|
|t:|1760329625
|switch|p2a: Dad|Kingambit, F|100/100
|-activate|p2a: Dad|ability: Supreme Overlord
|-start|p2a: Dad|fallen1|[silent]
|turn|7
|
|t:|1760329645
|switch|p1a: Great Tusk|Great Tusk|100/100
|move|p2a: Dad|Kowtow Cleave|p1a: Great Tusk
|-resisted|p1a: Great Tusk
|-damage|p1a: Great Tusk|88/100
|
|-weather|RainDance|[upkeep]
|-heal|p1a: Great Tusk|94/100|[from] item: Leftovers
|upkeep
|turn|8
|
|t:|1760329678
|-end|p2a: Dad|fallen1|[silent]
|switch|p2a: Chunk|Landorus-Therian, M, shiny, tera:Water|58/100
|-ability|p2a: Chunk|Intimidate|boost
|-unboost|p1a: Great Tusk|atk|1
|move|p1a: Great Tusk|Body Press|p2a: Chunk
|-damage|p2a: Chunk|17/100
|-damage|p1a: Great Tusk|77/100|[from] item: Rocky Helmet|[of] p2a: Chunk
|
|-weather|none
|-heal|p1a: Great Tusk|83/100|[from] item: Leftovers
|upkeep
|turn|9
|
|t:|1760329704
|-terastallize|p1a: Great Tusk|Normal
|move|p2a: Chunk|Earthquake|p1a: Great Tusk
|-damage|p1a: Great Tusk|63/100
|move|p1a: Great Tusk|Rapid Spin|p2a: Chunk
|-damage|p2a: Chunk|2/100
|-boost|p1a: Great Tusk|spe|1
|-damage|p1a: Great Tusk|46/100|[from] item: Rocky Helmet|[of] p2a: Chunk
|
|-heal|p1a: Great Tusk|52/100|[from] item: Leftovers
|upkeep
|turn|10
|
|t:|1760329716
|move|p1a: Great Tusk|Rapid Spin|p2a: Chunk
|-damage|p2a: Chunk|0 fnt
|-boost|p1a: Great Tusk|spe|1
|-damage|p1a: Great Tusk|36/100|[from] item: Rocky Helmet|[of] p2a: Chunk
|faint|p2a: Chunk
|
|-heal|p1a: Great Tusk|42/100|[from] item: Leftovers
|upkeep
|
|t:|1760329732
|switch|p2a: Dad|Kingambit, F|100/100
|-activate|p2a: Dad|ability: Supreme Overlord
|-start|p2a: Dad|fallen2|[silent]
|turn|11
|
|t:|1760329739
|move|p2a: Dad|Sucker Punch|p1a: Great Tusk
|-crit|p1a: Great Tusk
|-damage|p1a: Great Tusk|9/100
|move|p1a: Great Tusk|Body Press|p2a: Dad
|-supereffective|p2a: Dad
|-damage|p2a: Dad|0 fnt
|faint|p2a: Dad
|-end|p2a: Dad|fallen2|[silent]
|
|-heal|p1a: Great Tusk|15/100|[from] item: Leftovers
|upkeep
|
|t:|1760329750
|switch|p2a: Pope|Cinderace, F, shiny|100/100
|turn|12
|
|t:|1760329757
|move|p1a: Great Tusk|Headlong Rush|p2a: Pope
|-supereffective|p2a: Pope
|-damage|p2a: Pope|21/100
|-unboost|p1a: Great Tusk|def|1
|-unboost|p1a: Great Tusk|spd|1
|move|p2a: Pope|U-turn|p1a: Great Tusk
|-damage|p1a: Great Tusk|2/100
|
|t:|1760329766
|switch|p2a: Icy|Kyurem, shiny|100/100|[from] U-turn
|-ability|p2a: Icy|Pressure
|
|-heal|p1a: Great Tusk|8/100|[from] item: Leftovers
|upkeep
|turn|13
|
|t:|1760329778
|switch|p2a: Pope|Cinderace, F, shiny|21/100
|move|p1a: Great Tusk|Body Press|p2a: Pope
|-damage|p2a: Pope|0 fnt
|faint|p2a: Pope
|
|-heal|p1a: Great Tusk|14/100|[from] item: Leftovers
|upkeep
|
|t:|1760329786
|switch|p2a: Goat|Iron Valiant|100/100
|-enditem|p2a: Goat|Booster Energy
|-activate|p2a: Goat|ability: Quark Drive|[fromitem]
|-start|p2a: Goat|quarkdrivespe
|turn|14
|
|t:|1760329801
|move|p2a: Goat|Moonblast|p1a: Great Tusk
|-damage|p1a: Great Tusk|0 fnt
|faint|p1a: Great Tusk
|-end|p1a: Great Tusk|Protosynthesis|[silent]
|
|upkeep
|
|t:|1760329817
|switch|p1a: Pelipper|Pelipper, M|100/100
|-weather|RainDance|[from] ability: Drizzle|[of] p1a: Pelipper
|turn|15
|
|t:|1760329825
|move|p2a: Goat|Moonblast|p1a: Pelipper
|-damage|p1a: Pelipper|32/100
|move|p1a: Pelipper|Hurricane|p2a: Goat
|-supereffective|p2a: Goat
|-damage|p2a: Goat|0 fnt
|faint|p2a: Goat
|-end|p2a: Goat|Quark Drive|[silent]
|
|-weather|RainDance|[upkeep]
|upkeep
|
|t:|1760329833
|switch|p2a: Icy|Kyurem, shiny|100/100
|-ability|p2a: Icy|Pressure
|turn|16
|
|t:|1760329841
|move|p2a: Icy|Substitute|p2a: Icy
|-start|p2a: Icy|Substitute
|-damage|p2a: Icy|76/100
|move|p1a: Pelipper|Weather Ball|p2a: Icy
|-resisted|p2a: Icy
|-activate|p2a: Icy|move: Substitute|[damage]
|
|-weather|RainDance|[upkeep]
|-heal|p2a: Icy|82/100|[from] item: Leftovers
|upkeep
|turn|17
|
|t:|1760329851
|move|p2a: Icy|Protect|p2a: Icy
|-singleturn|p2a: Icy|Protect
|move|p1a: Pelipper|U-turn|p2a: Icy
|-activate|p2a: Icy|move: Protect
|
|-weather|RainDance|[upkeep]
|-heal|p2a: Icy|88/100|[from] item: Leftovers
|upkeep
|turn|18
|
|t:|1760329869
|move|p2a: Icy|Freeze-Dry|p1a: Pelipper
|-supereffective|p1a: Pelipper
|-damage|p1a: Pelipper|0 fnt
|faint|p1a: Pelipper
|
|-weather|RainDance|[upkeep]
|-heal|p2a: Icy|94/100|[from] item: Leftovers
|upkeep
|
|t:|1760329877
|switch|p1a: Corviknight|Corviknight, M|84/100
|-ability|p1a: Corviknight|Pressure
|turn|19
|
|t:|1760329891
|move|p2a: Icy|Freeze-Dry|p1a: Corviknight
|-damage|p1a: Corviknight|52/100
|move|p1a: Corviknight|Hurricane|p2a: Icy
|-end|p2a: Icy|Substitute
|
|-weather|RainDance|[upkeep]
|-heal|p2a: Icy|99/100|[from] item: Leftovers
|upkeep
|turn|20
|
|t:|1760329902
|move|p2a: Icy|Substitute|p2a: Icy
|-start|p2a: Icy|Substitute
|-damage|p2a: Icy|75/100
|move|p1a: Corviknight|Roost|p1a: Corviknight
|-heal|p1a: Corviknight|100/100
|-singleturn|p1a: Corviknight|move: Roost
|
|-weather|RainDance|[upkeep]
|-heal|p2a: Icy|81/100|[from] item: Leftovers
|upkeep
|turn|21
|
|t:|1760329912
|move|p2a: Icy|Protect|p2a: Icy
|-singleturn|p2a: Icy|Protect
|move|p1a: Corviknight|Hurricane|p2a: Icy
|-activate|p2a: Icy|move: Protect
|
|-weather|RainDance|[upkeep]
|-heal|p2a: Icy|88/100|[from] item: Leftovers
|upkeep
|turn|22
|
|t:|1760329931
|move|p2a: Icy|Freeze-Dry|p1a: Corviknight
|-crit|p1a: Corviknight
|-damage|p1a: Corviknight|51/100
|move|p1a: Corviknight|Hurricane|p2a: Icy
|-activate|p2a: Icy|move: Substitute|[damage]
|
|-weather|none
|-heal|p2a: Icy|94/100|[from] item: Leftovers
|upkeep
|turn|23
|
|t:|1760329948
|move|p2a: Icy|Freeze-Dry|p1a: Corviknight
|-damage|p1a: Corviknight|17/100
|move|p1a: Corviknight|U-turn|p2a: Icy
|-end|p2a: Icy|Substitute
|
|t:|1760329959
|switch|p1a: Meowscarada|Meowscarada, F|100/100|[from] U-turn
|
|-heal|p2a: Icy|99/100|[from] item: Leftovers
|upkeep
|turn|24
|
|t:|1760329965
|move|p1a: Meowscarada|Play Rough|p2a: Icy
|-start|p1a: Meowscarada|typechange|Fairy|[from] ability: Protean
|-supereffective|p2a: Icy
|-damage|p2a: Icy|0 fnt
|faint|p2a: Icy
|
|win|fuiosd
|raw|fuiosd's rating: 1169 &rarr; <strong>1196</strong><br />(+27 for winning)
|raw|DoDouno's rating: 1202 &rarr; <strong>1175</strong><br />(-27 for losing)
|l|☆DoDouno
|player|p2|
|l|☆fuiosd
|player|p1|
