|j|☆Team BBIO 38
|j|☆AlphaCaeli
|t:|1760328358
|gametype|singles
|player|p1|Team BBIO 38|dragontamer|1382
|player|p2|AlphaCaeli|marnie|1335
|gen|9
|tier|[Gen 9] OU
|rated|
|rule|HP Percentage Mod: HP is shown in percentages
|rule|Endless Battle Clause: Forcing endless battles is banned
|rule|Species Clause: Limit one of each Pokémon
|rule|OHKO Clause: OHKO moves are banned
|rule|Evasion Items Clause: Evasion items are banned
|rule|Evasion Moves Clause: Evasion moves are banned
|rule|Evasion Abilities Clause: Evasion abilities are banned
|rule|Sleep Moves Clause: Sleep-inducing moves are banned
|clearpoke
|poke|p1|Dusclops, M|
|poke|p1|Blissey, F|
|poke|p1|Flamigo, M|
|poke|p1|Latias, F|
|poke|p1|Darkrai|
|poke|p1|Ambipom, M|
|poke|p2|Kingambit, F|
|poke|p2|Cinderace, F|
|poke|p2|Landorus-Therian, M|
|poke|p2|Iron Valiant|
|poke|p2|Kyurem|
|poke|p2|Slowking-Galar, M|
|teampreview
|inactive|Battle timer is ON: inactive players will automatically lose when time's up. (requested by AlphaCaeli)
|inactive|Team BBIO 38 also wants the timer to be on.
|
|t:|1760328379
|teamsize|p1|6
|teamsize|p2|6
|start
|switch|p1a: Ambipom|Ambipom, M|100/100
|switch|p2a: Landorus|Landorus-Therian, M, shiny|100/100
|-ability|p2a: Landorus|Intimidate|boost
|-unboost|p1a: Ambipom|atk|1
|turn|1
|inactive|AlphaCaeli has 120 seconds left.
|
|t:|1760328411
|switch|p2a: Cinderace|Cinderace, F, shiny|100/100
|move|p1a: Ambipom|Triple Axel|p2a: Cinderace
|-resisted|p2a: Cinderace
|-damage|p2a: Cinderace|97/100
|-resisted|p2a: Cinderace
|-damage|p2a: Cinderace|88/100
|-resisted|p2a: Cinderace
|-damage|p2a: Cinderace|75/100
|-hitcount|p2a: Cinderace|3
|
|upkeep
|turn|2
|inactive|AlphaCaeli has 120 seconds left.
|
|t:|1760328426
|switch|p1a: Dusclops|Dusclops, M|100/100
|-item|p2a: Cinderace|Heavy-Duty Boots|[from] ability: Frisk|[of] p1a: Dusclops
|move|p2a: Cinderace|Will-O-Wisp|p1a: Dusclops
|-status|p1a: Dusclops|brn
|
|-damage|p1a: Dusclops|95/100 brn|[from] brn
|upkeep
|turn|3
|inactive|AlphaCaeli has 120 seconds left.
|inactive|AlphaCaeli has 90 seconds left.
|inactive|AlphaCaeli has 60 seconds left.
|
|t:|1760328496
|move|p2a: Cinderace|Pyro Ball|p1a: Dusclops|[miss]
|-miss|p2a: Cinderace|p1a: Dusclops
|move|p1a: Dusclops|Will-O-Wisp|p2a: Cinderace
|-immune|p2a: Cinderace
|
|-damage|p1a: Dusclops|89/100 brn|[from] brn
|upkeep
|turn|4
|
|t:|1760328505
|move|p2a: Cinderace|Pyro Ball|p1a: Dusclops|[miss]
|-miss|p2a: Cinderace|p1a: Dusclops
|move|p1a: Dusclops|Night Shade|p2a: Cinderace
|-damage|p2a: Cinderace|42/100
|
|-damage|p1a: Dusclops|83/100 brn|[from] brn
|upkeep
|turn|5
|
|t:|1760328520
|move|p2a: Cinderace|Pyro Ball|p1a: Dusclops
|-damage|p1a: Dusclops|53/100 brn
|move|p1a: Dusclops|Night Shade|p2a: Cinderace
|-damage|p2a: Cinderace|10/100
|
|-damage|p1a: Dusclops|47/100 brn|[from] brn
|upkeep
|turn|6
|
|t:|1760328526
|move|p2a: Cinderace|U-turn|p1a: Dusclops
|-resisted|p1a: Dusclops
|-damage|p1a: Dusclops|41/100 brn
|
|t:|1760328543
|switch|p2a: Kyurem|Kyurem, shiny|100/100|[from] U-turn
|-ability|p2a: Kyurem|Pressure
|move|p1a: Dusclops|Night Shade|p2a: Kyurem
|-damage|p2a: Kyurem|76/100
|
|-heal|p2a: Kyurem|82/100|[from] item: Leftovers
|-damage|p1a: Dusclops|35/100 brn|[from] brn
|upkeep
|turn|7
|
|t:|1760328558
|move|p2a: Kyurem|Substitute|p2a: Kyurem
|-start|p2a: Kyurem|Substitute
|-damage|p2a: Kyurem|57/100
|move|p1a: Dusclops|Pain Split||[still]
|-fail|p1a: Dusclops
|
|-heal|p2a: Kyurem|63/100|[from] item: Leftovers
|-damage|p1a: Dusclops|29/100 brn|[from] brn
|upkeep
|turn|8
|inactive|AlphaCaeli has 60 seconds left.
|
|t:|1760328575
|move|p2a: Kyurem|Freeze-Dry|p1a: Dusclops
|-damage|p1a: Dusclops|6/100 brn
|move|p1a: Dusclops|Night Shade|p2a: Kyurem
|-activate|p2a: Kyurem|move: Substitute|[damage]
|
|-heal|p2a: Kyurem|69/100|[from] item: Leftovers
|-damage|p1a: Dusclops|0 fnt|[from] brn
|faint|p1a: Dusclops
|upkeep
|
|t:|1760328585
|switch|p1a: Blissey|Blissey, F|100/100
|turn|9
|
|t:|1760328600
|move|p2a: Kyurem|Body Press|p1a: Blissey
|-supereffective|p1a: Blissey
|-damage|p1a: Blissey|69/100
|move|p1a: Blissey|Seismic Toss|p2a: Kyurem
|-end|p2a: Kyurem|Substitute
|
|-heal|p2a: Kyurem|75/100|[from] item: Leftovers
|-heal|p1a: Blissey|75/100|[from] item: Leftovers
|upkeep
|turn|10
|inactive|AlphaCaeli has 60 seconds left.
|inactive|AlphaCaeli has 30 seconds left.
|
|t:|1760328650
|switch|p2a: Slowking|Slowking-Galar, M, shiny|100/100
|move|p1a: Blissey|Seismic Toss|p2a: Slowking
|-damage|p2a: Slowking|75/100
|
|-heal|p1a: Blissey|81/100|[from] item: Leftovers
|upkeep
|turn|11
|inactive|AlphaCaeli has 30 seconds left.
|
|t:|1760328669
|move|p1a: Blissey|Seismic Toss|p2a: Slowking
|-damage|p2a: Slowking|50/100
|-prepare|p2a: Slowking|Chilly Reception|[premajor]
|move|p2a: Slowking|Chilly Reception|p2a: Slowking
|-weather|Snowscape
|inactive|AlphaCaeli has 30 seconds left this turn.
|
|t:|1760328671
|switch|p2a: Cinderace|Cinderace, F, shiny|10/100|[from] Chilly Reception
|
|-weather|Snowscape|[upkeep]
|-heal|p1a: Blissey|87/100|[from] item: Leftovers
|upkeep
|turn|12
|
|t:|1760328681
|move|p2a: Cinderace|Pyro Ball|p1a: Blissey
|-damage|p1a: Blissey|8/100
|-status|p1a: Blissey|brn
|move|p1a: Blissey|Seismic Toss|p2a: Cinderace
|-damage|p2a: Cinderace|0 fnt
|faint|p2a: Cinderace
|
|-weather|Snowscape|[upkeep]
|-heal|p1a: Blissey|14/100 brn|[from] item: Leftovers
|-damage|p1a: Blissey|8/100 brn|[from] brn
|upkeep
|inactive|AlphaCaeli has 30 seconds left.
|
|t:|1760328700
|switch|p2a: Iron Valiant|Iron Valiant|100/100
|-enditem|p2a: Iron Valiant|Booster Energy
|-activate|p2a: Iron Valiant|ability: Quark Drive|[fromitem]
|-start|p2a: Iron Valiant|quarkdrivespe
|turn|13
|inactive|AlphaCaeli has 30 seconds left.
|
|t:|1760328709
|-terastallize|p2a: Iron Valiant|Ghost
|move|p2a: Iron Valiant|Encore|p1a: Blissey
|-start|p1a: Blissey|Encore
|move|p1a: Blissey|Seismic Toss|p2a: Iron Valiant
|-immune|p2a: Iron Valiant
|
|-weather|Snowscape|[upkeep]
|-heal|p1a: Blissey|14/100 brn|[from] item: Leftovers
|-damage|p1a: Blissey|8/100 brn|[from] brn
|upkeep
|turn|14
|
|t:|1760328718
|-curestatus|p1a: Blissey|brn|[from] ability: Natural Cure
|switch|p1a: Ambipom|Ambipom, M|100/100
|move|p2a: Iron Valiant|Calm Mind|p2a: Iron Valiant
|-boost|p2a: Iron Valiant|spa|1
|-boost|p2a: Iron Valiant|spd|1
|
|-weather|Snowscape|[upkeep]
|upkeep
|turn|15
|
|t:|1760328728
|move|p2a: Iron Valiant|Moonblast|p1a: Ambipom
|-damage|p1a: Ambipom|0 fnt
|faint|p1a: Ambipom
|
|-weather|none
|upkeep
|
|t:|1760328739
|switch|p1a: Blissey|Blissey, F|8/100
|turn|16
|
|t:|1760328743
|move|p2a: Iron Valiant|Moonblast|p1a: Blissey
|-damage|p1a: Blissey|0 fnt
|faint|p1a: Blissey
|
|upkeep
|
|t:|1760328752
|switch|p1a: Darkrai|Darkrai|100/100
|turn|17
|inactive|AlphaCaeli has 60 seconds left.
|
|t:|1760328771
|-terastallize|p1a: Darkrai|Ghost
|move|p2a: Iron Valiant|Moonblast|p1a: Darkrai
|-damage|p1a: Darkrai|3/100
|-unboost|p1a: Darkrai|spa|1
|move|p1a: Darkrai|Dark Pulse|p2a: Iron Valiant
|-supereffective|p2a: Iron Valiant
|-damage|p2a: Iron Valiant|0 fnt
|faint|p2a: Iron Valiant
|-end|p2a: Iron Valiant|Quark Drive|[silent]
|
|upkeep
|inactive|AlphaCaeli has 30 seconds left.
|inactive|AlphaCaeli has 20 seconds left.
|
|t:|1760328807
|switch|p2a: Kingambit|Kingambit, F|100/100
|-activate|p2a: Kingambit|ability: Supreme Overlord
|-start|p2a: Kingambit|fallen2|[silent]
|turn|18
|inactive|AlphaCaeli has 30 seconds left this turn.
|
|t:|1760328812
|move|p1a: Darkrai|Dark Pulse|p2a: Kingambit
|-resisted|p2a: Kingambit
|-damage|p2a: Kingambit|79/100
|move|p2a: Kingambit|Swords Dance|p2a: Kingambit
|-boost|p2a: Kingambit|atk|2
|
|-heal|p2a: Kingambit|85/100|[from] item: Leftovers
|upkeep
|turn|19
|inactive|AlphaCaeli has 30 seconds left.
|
|t:|1760328824
|move|p1a: Darkrai|Dark Pulse|p2a: Kingambit
|-resisted|p2a: Kingambit
|-damage|p2a: Kingambit|64/100
|move|p2a: Kingambit|Swords Dance|p2a: Kingambit
|-boost|p2a: Kingambit|atk|2
|
|-heal|p2a: Kingambit|70/100|[from] item: Leftovers
|upkeep
|turn|20
|
|t:|1760328831
|move|p2a: Kingambit|Sucker Punch|p1a: Darkrai
|-supereffective|p1a: Darkrai
|-damage|p1a: Darkrai|0 fnt
|faint|p1a: Darkrai
|
|-heal|p2a: Kingambit|76/100|[from] item: Leftovers
|upkeep
|
|t:|1760328837
|switch|p1a: Flamigo|Flamigo, M|100/100
|turn|21
|
|t:|1760328844
|move|p1a: Flamigo|Upper Hand|p2a: Kingambit
|-supereffective|p2a: Kingambit
|-damage|p2a: Kingambit|0 fnt
|faint|p2a: Kingambit
|-end|p2a: Kingambit|fallen2|[silent]
|
|upkeep
|
|t:|1760328866
|switch|p2a: Landorus|Landorus-Therian, M, shiny|100/100
|-ability|p2a: Landorus|Intimidate|boost
|-fail|p1a: Flamigo|unboost|Attack|[from] ability: Scrappy|[of] p1a: Flamigo
|turn|22
|
|t:|1760328876
|switch|p1a: Alaric|Latias, F|100/100
|move|p2a: Landorus|Stealth Rock|p1a: Alaric
|-sidestart|p1: Team BBIO 38|move: Stealth Rock
|
|upkeep
|turn|23
|
|t:|1760328890
|move|p1a: Alaric|Calm Mind|p1a: Alaric
|-boost|p1a: Alaric|spa|1
|-boost|p1a: Alaric|spd|1
|move|p2a: Landorus|U-turn|p1a: Alaric
|-supereffective|p1a: Alaric
|-damage|p1a: Alaric|59/100
|inactive|AlphaCaeli has 30 seconds left.
|
|t:|1760328908
|switch|p2a: Slowking|Slowking-Galar, M, shiny|83/100|[from] U-turn
|
|upkeep
|turn|24
|inactive|AlphaCaeli has 30 seconds left.
|
|t:|1760328918
|move|p1a: Alaric|Calm Mind|p1a: Alaric
|-boost|p1a: Alaric|spa|1
|-boost|p1a: Alaric|spd|1
|move|p2a: Slowking|Thunder Wave|p1a: Alaric
|-status|p1a: Alaric|par
|
|upkeep
|turn|25
|
|t:|1760328927
|move|p1a: Alaric|Recover|p1a: Alaric
|-heal|p1a: Alaric|100/100 par
|-prepare|p2a: Slowking|Chilly Reception|[premajor]
|move|p2a: Slowking|Chilly Reception|p2a: Slowking
|-weather|Snowscape
|inactive|AlphaCaeli has 30 seconds left.
|inactive|AlphaCaeli has 20 seconds left.
|inactive|AlphaCaeli has 15 seconds left.
|inactive|AlphaCaeli has 10 seconds left.
|
|t:|1760328960
|switch|p2a: Landorus|Landorus-Therian, M, shiny|100/100|[from] Chilly Reception
|-ability|p2a: Landorus|Intimidate|boost
|-unboost|p1a: Alaric|atk|1
|
|-weather|Snowscape|[upkeep]
|upkeep
|turn|26
|inactive|AlphaCaeli has 20 seconds left this turn.
|
|t:|1760328966
|move|p2a: Landorus|U-turn|p1a: Alaric
|-supereffective|p1a: Alaric
|-damage|p1a: Alaric|61/100 par
|inactive|AlphaCaeli has 25 seconds left this turn.
|
|t:|1760328969
|switch|p2a: Slowking|Slowking-Galar, M, shiny|100/100|[from] U-turn
|move|p1a: Alaric|Stored Power|p2a: Slowking
|-damage|p2a: Slowking|54/100
|
|-weather|Snowscape|[upkeep]
|upkeep
|turn|27
|
|t:|1760328977
|move|p1a: Alaric|Calm Mind|p1a: Alaric
|-boost|p1a: Alaric|spa|1
|-boost|p1a: Alaric|spd|1
|move|p2a: Slowking|Future Sight|p1a: Alaric
|-start|p2a: Slowking|move: Future Sight
|
|-weather|Snowscape|[upkeep]
|upkeep
|turn|28
|
|t:|1760328982
|move|p1a: Alaric|Recover|p1a: Alaric
|-heal|p1a: Alaric|100/100 par
|-prepare|p2a: Slowking|Chilly Reception|[premajor]
|move|p2a: Slowking|Chilly Reception|p2a: Slowking
|
|t:|1760328984
|switch|p2a: Landorus|Landorus-Therian, M, shiny|100/100|[from] Chilly Reception
|-ability|p2a: Landorus|Intimidate|boost
|-unboost|p1a: Alaric|atk|1
|
|-weather|Snowscape|[upkeep]
|upkeep
|turn|29
|
|t:|1760328991
|move|p2a: Landorus|U-turn|p1a: Alaric
|-supereffective|p1a: Alaric
|-damage|p1a: Alaric|63/100 par
|
|t:|1760328994
|switch|p2a: Slowking|Slowking-Galar, M, shiny|87/100|[from] U-turn
|move|p1a: Alaric|Stored Power|p2a: Slowking
|-damage|p2a: Slowking|15/100
|
|-weather|none
|-end|p1a: Alaric|move: Future Sight
|-resisted|p1a: Alaric
|-damage|p1a: Alaric|55/100 par
|upkeep
|turn|30
|
|t:|1760329008
|move|p1a: Alaric|Recover|p1a: Alaric
|-heal|p1a: Alaric|100/100 par
|-prepare|p2a: Slowking|Chilly Reception|[premajor]
|move|p2a: Slowking|Chilly Reception|p2a: Slowking
|-weather|Snowscape
|
|t:|1760329011
|switch|p2a: Landorus|Landorus-Therian, M, shiny|100/100|[from] Chilly Reception
|-ability|p2a: Landorus|Intimidate|boost
|-unboost|p1a: Alaric|atk|1
|
|-weather|Snowscape|[upkeep]
|upkeep
|turn|31
|
|t:|1760329019
|move|p2a: Landorus|U-turn|p1a: Alaric
|-supereffective|p1a: Alaric
|-crit|p1a: Alaric
|-damage|p1a: Alaric|47/100 par
|
|t:|1760329031
|switch|p2a: Slowking|Slowking-Galar, M, shiny|49/100|[from] U-turn
|move|p1a: Alaric|Stored Power|p2a: Slowking
|-damage|p2a: Slowking|0 fnt
|faint|p2a: Slowking
|
|-weather|Snowscape|[upkeep]
|upkeep
|
|t:|1760329034
|switch|p2a: Landorus|Landorus-Therian, M, shiny|100/100
|-ability|p2a: Landorus|Intimidate|boost
|-unboost|p1a: Alaric|atk|1
|turn|32
|
|t:|1760329041
|move|p2a: Landorus|U-turn|p1a: Alaric
|-supereffective|p1a: Alaric
|-damage|p1a: Alaric|11/100 par
|
|t:|1760329044
|switch|p2a: Kyurem|Kyurem, shiny|75/100|[from] U-turn
|-ability|p2a: Kyurem|Pressure
|move|p1a: Alaric|Recover|p1a: Alaric
|-heal|p1a: Alaric|61/100 par
|
|-weather|Snowscape|[upkeep]
|-heal|p2a: Kyurem|82/100|[from] item: Leftovers
|upkeep
|turn|33
|
|t:|1760329053
|move|p2a: Kyurem|Freeze-Dry|p1a: Alaric
|-supereffective|p1a: Alaric
|-damage|p1a: Alaric|33/100 par
|move|p1a: Alaric|Stored Power|p2a: Kyurem
|-damage|p2a: Kyurem|0 fnt
|faint|p2a: Kyurem
|
|-weather|Snowscape|[upkeep]
|upkeep
|
|t:|1760329058
|switch|p2a: Landorus|Landorus-Therian, M, shiny|100/100
|-ability|p2a: Landorus|Intimidate|boost
|-unboost|p1a: Alaric|atk|1
|turn|34
|
|t:|1760329063
|move|p2a: Landorus|U-turn|p1a: Alaric
|-supereffective|p1a: Alaric
|-damage|p1a: Alaric|0 fnt
|faint|p1a: Alaric
|
|-weather|none
|upkeep
|
|t:|1760329068
|switch|p1a: Flamigo|Flamigo, M|100/100
|-damage|p1a: Flamigo|88/100|[from] Stealth Rock
|turn|35
|inactive|AlphaCaeli has 120 seconds left.
|
|t:|1760329085
|move|p1a: Flamigo|Brave Bird|p2a: Landorus
|-damage|p2a: Landorus|53/100
|-damage|p1a: Flamigo|72/100|[from] item: Rocky Helmet|[of] p2a: Landorus
|-damage|p1a: Flamigo|53/100|[from] Recoil
|move|p2a: Landorus|Psychic|p1a: Flamigo
|-supereffective|p1a: Flamigo
|-damage|p1a: Flamigo|0 fnt
|faint|p1a: Flamigo
|
|win|AlphaCaeli
|raw|Team BBIO 38's rating: 1382 &rarr; <strong>1359</strong><br />(-23 for losing)
|raw|AlphaCaeli's rating: 1335 &rarr; <strong>1358</strong><br />(+23 for winning)
|l|☆Team BBIO 38
|player|p1|
|c|☆AlphaCaeli|gg ez
