|j|☆SnowStormeV
|j|☆JohnBomb7
|t:|1760343996
|gametype|singles
|player|p1|SnowStormeV|richboy-gen4|1330
|player|p2|JohnBomb7|101|1375
|gen|9
|tier|[Gen 9] OU
|rated|
|rule|HP Percentage Mod: HP is shown in percentages
|rule|Endless Battle Clause: Forcing endless battles is banned
|rule|Species Clause: Limit one of each Pokémon
|rule|OHKO Clause: OHKO moves are banned
|rule|Evasion Items Clause: Evasion items are banned
|rule|Evasion Moves Clause: Evasion moves are banned
|rule|Evasion Abilities Clause: Evasion abilities are banned
|rule|Sleep Moves Clause: Sleep-inducing moves are banned
|clearpoke
|poke|p1|Kingambit, M|
|poke|p1|Deoxys-Speed|
|poke|p1|Great Tusk|
|poke|p1|Dragonite, M|
|poke|p1|Iron Moth|
|poke|p1|Primarina, F|
|poke|p2|Pecharunt|
|poke|p2|Ursaluna, M|
|poke|p2|Samurott-Hisui, F|
|poke|p2|Meowscarada, F|
|poke|p2|Rampardos, M|
|poke|p2|Hoopa|
|teampreview
|inactive|Battle timer is ON: inactive players will automatically lose when time's up. (requested by JohnBomb7)
|inactive|SnowStormeV has 120 seconds left.
|inactive|SnowStormeV has 90 seconds left.
|
|t:|1760344086
|teamsize|p1|6
|teamsize|p2|6
|start
|switch|p1a: Anomаly|Iron Moth|100/100
|switch|p2a: Meowscarada|Meowscarada, F, shiny|100/100
|-enditem|p1a: Anomаly|Booster Energy
|-activate|p1a: Anomаly|ability: Quark Drive|[fromitem]
|-start|p1a: Anomаly|quarkdrivespe
|turn|1
|
|t:|1760344098
|move|p1a: Anomаly|Toxic Spikes|p2a: Meowscarada
|-sidestart|p2: JohnBomb7|move: Toxic Spikes
|move|p2a: Meowscarada|Trick Room|p2a: Meowscarada
|-start|p2a: Meowscarada|typechange|Psychic|[from] ability: Protean
|-fieldstart|move: Trick Room|[of] p2a: Meowscarada
|
|upkeep
|turn|2
|
|t:|1760344106
|move|p2a: Meowscarada|U-turn|p1a: Anomаly
|-resisted|p1a: Anomаly
|-crit|p1a: Anomаly
|-damage|p1a: Anomаly|87/100
|
|t:|1760344116
|switch|p2a: Ursaluna|Ursaluna, M, shiny|100/100|[from] U-turn
|-status|p2a: Ursaluna|psn
|move|p1a: Anomаly|Fiery Dance|p2a: Ursaluna
|-damage|p2a: Ursaluna|67/100 psn
|-boost|p1a: Anomаly|spa|1
|
|-damage|p2a: Ursaluna|54/100 psn|[from] psn
|upkeep
|turn|3
|
|t:|1760344131
|-terastallize|p1a: Anomаly|Ground
|move|p2a: Ursaluna|Facade|p1a: Anomаly
|-damage|p1a: Anomаly|0 fnt
|faint|p1a: Anomаly
|-end|p1a: Anomаly|Quark Drive|[silent]
|
|-damage|p2a: Ursaluna|42/100 psn|[from] psn
|upkeep
|
|t:|1760344147
|switch|p1a: Anomaly|Great Tusk|100/100
|-enditem|p1a: Anomaly|Booster Energy
|-activate|p1a: Anomaly|ability: Protosynthesis|[fromitem]
|-start|p1a: Anomaly|protosynthesisatk
|turn|4
|
|t:|1760344159
|switch|p2a: Pecharunt|Pecharunt|100/100
|-sideend|p2: JohnBomb7|move: Toxic Spikes|[of] p2a: Pecharunt
|move|p1a: Anomaly|Ice Spinner|p2a: Pecharunt
|-damage|p2a: Pecharunt|84/100
|
|-heal|p2a: Pecharunt|90/100|[from] item: Leftovers
|upkeep
|turn|5
|
|t:|1760344166
|move|p2a: Pecharunt|Parting Shot|p1a: Anomaly
|-unboost|p1a: Anomaly|atk|1
|-unboost|p1a: Anomaly|spa|1
|inactive|JohnBomb7 has 120 seconds left.
|
|t:|1760344199
|switch|p2a: Samurott|Samurott-Hisui, F, shiny|100/100|[from] Parting Shot
|move|p1a: Anomaly|Headlong Rush|p2a: Samurott
|-crit|p2a: Samurott
|-damage|p2a: Samurott|0 fnt
|-unboost|p1a: Anomaly|def|1
|-unboost|p1a: Anomaly|spd|1
|faint|p2a: Samurott
|
|-fieldend|move: Trick Room
|upkeep
|
|t:|1760344202
|switch|p2a: Meowscarada|Meowscarada, F, shiny|100/100
|turn|6
|
|t:|1760344218
|-end|p1a: Anomaly|Protosynthesis|[silent]
|switch|p1a: Yoshi|Dragonite, M, shiny|100/100
|move|p2a: Meowscarada|Trick Room|p2a: Meowscarada
|-start|p2a: Meowscarada|typechange|Psychic|[from] ability: Protean
|-fieldstart|move: Trick Room|[of] p2a: Meowscarada
|
|upkeep
|turn|7
|
|t:|1760344230
|move|p1a: Yoshi|Fire Punch|p2a: Meowscarada
|-damage|p2a: Meowscarada|43/100
|move|p2a: Meowscarada|U-turn|p1a: Yoshi
|-resisted|p1a: Yoshi
|-damage|p1a: Yoshi|94/100
|
|t:|1760344234
|switch|p2a: Rampardos|Rampardos, M, shiny|100/100|[from] U-turn
|
|upkeep
|turn|8
|
|t:|1760344243
|switch|p1a: Anomaly|Great Tusk|100/100
|move|p2a: Rampardos|Head Smash|p1a: Anomaly
|-resisted|p1a: Anomaly
|-damage|p1a: Anomaly|80/100
|-damage|p2a: Rampardos|91/100|[from] Recoil
|
|upkeep
|turn|9
|
|t:|1760344252
|move|p2a: Rampardos|Earthquake|p1a: Anomaly
|-damage|p1a: Anomaly|45/100
|move|p1a: Anomaly|Close Combat|p2a: Rampardos
|-supereffective|p2a: Rampardos
|-damage|p2a: Rampardos|0 fnt
|-unboost|p1a: Anomaly|def|1
|-unboost|p1a: Anomaly|spd|1
|faint|p2a: Rampardos
|
|upkeep
|
|t:|1760344254
|switch|p2a: Hoopa|Hoopa|100/100
|turn|10
|
|t:|1760344275
|-end|p1a: Anomaly|Protosynthesis|[silent]
|switch|p1a: Meruem|Kingambit, M|100/100
|-activate|p1a: Meruem|ability: Supreme Overlord
|-start|p1a: Meruem|fallen1|[silent]
|move|p2a: Hoopa|Shadow Ball|p1a: Meruem
|-resisted|p1a: Meruem
|-damage|p1a: Meruem|65/100
|-unboost|p1a: Meruem|spd|1
|-damage|p2a: Hoopa|91/100|[from] item: Life Orb
|
|-heal|p1a: Meruem|71/100|[from] item: Leftovers
|-fieldend|move: Trick Room
|upkeep
|turn|11
|
|t:|1760344304
|switch|p2a: Pecharunt|Pecharunt|90/100
|move|p1a: Meruem|Swords Dance|p1a: Meruem
|-boost|p1a: Meruem|atk|2
|
|-heal|p2a: Pecharunt|96/100|[from] item: Leftovers
|-heal|p1a: Meruem|77/100|[from] item: Leftovers
|upkeep
|turn|12
|
|t:|1760344314
|move|p2a: Pecharunt|Shadow Ball|p1a: Meruem
|-resisted|p1a: Meruem
|-damage|p1a: Meruem|59/100
|-unboost|p1a: Meruem|spd|1
|move|p1a: Meruem|Kowtow Cleave|p2a: Pecharunt
|-supereffective|p2a: Pecharunt
|-damage|p2a: Pecharunt|1/100
|
|-heal|p2a: Pecharunt|7/100|[from] item: Leftovers
|-heal|p1a: Meruem|65/100|[from] item: Leftovers
|upkeep
|turn|13
|
|t:|1760344320
|move|p1a: Meruem|Sucker Punch|p2a: Pecharunt
|-supereffective|p2a: Pecharunt
|-damage|p2a: Pecharunt|0 fnt
|faint|p2a: Pecharunt
|
|-heal|p1a: Meruem|71/100|[from] item: Leftovers
|upkeep
|
|t:|1760344322
|switch|p2a: Meowscarada|Meowscarada, F, shiny|43/100
|turn|14
|
|t:|1760344332
|move|p1a: Meruem|Sucker Punch||[still]
|-fail|p1a: Meruem
|move|p2a: Meowscarada|Trick Room|p2a: Meowscarada
|-start|p2a: Meowscarada|typechange|Psychic|[from] ability: Protean
|-fieldstart|move: Trick Room|[of] p2a: Meowscarada
|
|-heal|p1a: Meruem|77/100|[from] item: Leftovers
|upkeep
|turn|15
|
|t:|1760344337
|switch|p2a: Hoopa|Hoopa|91/100
|move|p1a: Meruem|Sucker Punch||[still]
|-fail|p1a: Meruem
|
|-heal|p1a: Meruem|83/100|[from] item: Leftovers
|upkeep
|turn|16
|
|t:|1760344341
|-terastallize|p2a: Hoopa|Electric
|move|p2a: Hoopa|Tera Blast|p1a: Meruem|[anim] Tera Blast Electric
|-damage|p1a: Meruem|0 fnt
|faint|p1a: Meruem
|-end|p1a: Meruem|fallen1|[silent]
|-damage|p2a: Hoopa|81/100|[from] item: Life Orb
|
|upkeep
|
|t:|1760344366
|switch|p1a: Anomaly|Great Tusk|45/100
|turn|17
|
|t:|1760344369
|move|p2a: Hoopa|Psychic|p1a: Anomaly
|-supereffective|p1a: Anomaly
|-damage|p1a: Anomaly|0 fnt
|faint|p1a: Anomaly
|-end|p1a: Anomaly|Protosynthesis|[silent]
|-damage|p2a: Hoopa|71/100|[from] item: Life Orb
|
|upkeep
|
|t:|1760344371
|switch|p1a: Yoshi|Dragonite, M, shiny|94/100
|turn|18
|
|t:|1760344379
|move|p2a: Hoopa|Psychic|p1a: Yoshi
|-damage|p1a: Yoshi|20/100
|-damage|p2a: Hoopa|61/100|[from] item: Life Orb
|move|p1a: Yoshi|Outrage|p2a: Hoopa
|-damage|p2a: Hoopa|0 fnt
|faint|p2a: Hoopa
|
|-fieldend|move: Trick Room
|upkeep
|
|t:|1760344387
|switch|p2a: Ursaluna|Ursaluna, M, shiny|42/100 psn
|turn|19
|
|t:|1760344390
|move|p2a: Ursaluna|Protect|p2a: Ursaluna
|-singleturn|p2a: Ursaluna|Protect
|move|p1a: Yoshi|Outrage|p2a: Ursaluna|[from] lockedmove
|-activate|p2a: Ursaluna|move: Protect
|-start|p1a: Yoshi|confusion|[fatigue]
|
|-damage|p2a: Ursaluna|30/100 psn|[from] psn
|upkeep
|turn|20
|
|t:|1760344395
|-activate|p1a: Yoshi|confusion
|-damage|p1a: Yoshi|2/100|[from] confusion
|move|p2a: Ursaluna|Facade|p1a: Yoshi
|-damage|p1a: Yoshi|0 fnt
|faint|p1a: Yoshi
|
|-damage|p2a: Ursaluna|18/100 psn|[from] psn
|upkeep
|
|t:|1760344403
|switch|p1a: Moebius|Deoxys-Speed|100/100
|-ability|p1a: Moebius|Pressure
|turn|21
|
|t:|1760344407
|move|p1a: Moebius|Psychic|p2a: Ursaluna
|-damage|p2a: Ursaluna|0 fnt
|faint|p2a: Ursaluna
|-damage|p1a: Moebius|91/100|[from] item: Life Orb
|
|upkeep
|
|t:|1760344409
|switch|p2a: Meowscarada|Meowscarada, F, shiny|43/100
|turn|22
|
|t:|1760344414
|move|p1a: Moebius|Focus Blast|p2a: Meowscarada
|-supereffective|p2a: Meowscarada
|-damage|p2a: Meowscarada|0 fnt
|faint|p2a: Meowscarada
|-damage|p1a: Moebius|81/100|[from] item: Life Orb
|
|win|SnowStormeV
|raw|SnowStormeV's rating: 1330 &rarr; <strong>1353</strong><br />(+23 for winning)
|raw|JohnBomb7's rating: 1375 &rarr; <strong>1352</strong><br />(-23 for losing)
|l|☆JohnBomb7
|player|p2|
|l|☆SnowStormeV
|player|p1|
