|j|☆sixludicolos
|j|☆Javy11
|t:|1760419754
|gametype|singles
|player|p1|sixludicolos|roxie|1232
|player|p2|Javy11|shadowtriad|1265
|gen|9
|tier|[Gen 9] OU
|rated|
|rule|HP Percentage Mod: HP is shown in percentages
|rule|Endless Battle Clause: Forcing endless battles is banned
|rule|Species Clause: Limit one of each Pokémon
|rule|OHKO Clause: OHKO moves are banned
|rule|Evasion Items Clause: Evasion items are banned
|rule|Evasion Moves Clause: Evasion moves are banned
|rule|Evasion Abilities Clause: Evasion abilities are banned
|rule|Sleep Moves Clause: Sleep-inducing moves are banned
|clearpoke
|poke|p1|Pelipper, F|
|poke|p1|Hatterene, F|
|poke|p1|Iron Treads|
|poke|p1|Toxicroak, F|
|poke|p1|Barraskewda, F|
|poke|p1|Zapdos|
|poke|p2|Arcanine-Hisui, F|
|poke|p2|Darkrai|
|poke|p2|Great Tusk|
|poke|p2|Hatterene, F|
|poke|p2|Ogerpon-Wellspring, F|
|poke|p2|Zapdos|
|teampreview
|inactive|Battle timer is ON: inactive players will automatically lose when time's up. (requested by Javy11)
|
|t:|1760419766
|teamsize|p1|6
|teamsize|p2|6
|start
|switch|p1a: Pelipper|Pelipper, F|100/100
|switch|p2a: Great Tusk|Great Tusk|100/100
|-weather|RainDance|[from] ability: Drizzle|[of] p1a: Pelipper
|turn|1
|
|t:|1760419778
|-terastallize|p2a: Great Tusk|Steel
|move|p2a: Great Tusk|Stealth Rock|p1a: Pelipper
|-sidestart|p1: sixludicolos|move: Stealth Rock
|move|p1a: Pelipper|Hurricane|p2a: Great Tusk
|-resisted|p2a: Great Tusk
|-damage|p2a: Great Tusk|72/100
|
|-weather|RainDance|[upkeep]
|upkeep
|turn|2
|
|t:|1760419803
|-end|p2a: Great Tusk|Protosynthesis|[silent]
|switch|p2a: Zapdos|Zapdos|100/100
|move|p1a: Pelipper|Knock Off|p2a: Zapdos
|-damage|p2a: Zapdos|92/100
|-enditem|p2a: Zapdos|Heavy-Duty Boots|[from] move: Knock Off|[of] p1a: Pelipper
|
|-weather|RainDance|[upkeep]
|upkeep
|turn|3
|
|t:|1760419816
|switch|p1a: Iron Treads|Iron Treads|100/100
|-damage|p1a: Iron Treads|98/100|[from] Stealth Rock
|move|p2a: Zapdos|Hurricane|p1a: Iron Treads
|-resisted|p1a: Iron Treads
|-damage|p1a: Iron Treads|80/100
|-start|p1a: Iron Treads|confusion
|
|-weather|RainDance|[upkeep]
|-heal|p1a: Iron Treads|86/100|[from] item: Leftovers
|upkeep
|turn|4
|inactive|sixludicolos has 120 seconds left.
|
|t:|1760419832
|switch|p2a: Ogerpon|Ogerpon-Wellspring, F|100/100
|-activate|p1a: Iron Treads|confusion
|move|p1a: Iron Treads|Rapid Spin|p2a: Ogerpon
|-damage|p2a: Ogerpon|85/100
|-boost|p1a: Iron Treads|spe|1
|-sideend|p1: sixludicolos|Stealth Rock|[from] move: Rapid Spin|[of] p1a: Iron Treads
|
|-weather|RainDance|[upkeep]
|-heal|p1a: Iron Treads|92/100|[from] item: Leftovers
|upkeep
|turn|5
|inactive|sixludicolos has 120 seconds left.
|
|t:|1760419842
|-end|p1a: Iron Treads|Quark Drive|[silent]
|switch|p1a: Toxicroak|Toxicroak, F|100/100
|move|p2a: Ogerpon|Ivy Cudgel|p1a: Toxicroak|[anim] Ivy Cudgel Water
|-immune|p1a: Toxicroak|[from] ability: Dry Skin
|
|-weather|RainDance|[upkeep]
|upkeep
|turn|6
|
|t:|1760419849
|switch|p2a: Zapdos|Zapdos|92/100
|move|p1a: Toxicroak|Gunk Shot|p2a: Zapdos|[miss]
|-miss|p1a: Toxicroak|p2a: Zapdos
|
|-weather|RainDance|[upkeep]
|upkeep
|turn|7
|
|t:|1760419862
|switch|p1a: Iron Treads|Iron Treads|92/100
|move|p2a: Zapdos|Hurricane|p1a: Iron Treads
|-resisted|p1a: Iron Treads
|-damage|p1a: Iron Treads|74/100
|
|-weather|RainDance|[upkeep]
|-heal|p1a: Iron Treads|80/100|[from] item: Leftovers
|upkeep
|turn|8
|
|t:|1760419873
|move|p1a: Iron Treads|Stealth Rock|p2a: Zapdos
|-sidestart|p2: Javy11|move: Stealth Rock
|move|p2a: Zapdos|Hurricane|p1a: Iron Treads
|-resisted|p1a: Iron Treads
|-damage|p1a: Iron Treads|60/100
|-start|p1a: Iron Treads|confusion
|
|-weather|none
|-heal|p1a: Iron Treads|66/100|[from] item: Leftovers
|upkeep
|turn|9
|inactive|sixludicolos has 120 seconds left.
|inactive|sixludicolos has 90 seconds left.
|
|t:|1760419926
|-end|p1a: Iron Treads|Quark Drive|[silent]
|switch|p1a: Hatterene|Hatterene, F|100/100
|switch|p2a: Ogerpon|Ogerpon-Wellspring, F|85/100
|-damage|p2a: Ogerpon|73/100|[from] Stealth Rock
|
|upkeep
|turn|10
|inactive|sixludicolos has 90 seconds left.
|
|t:|1760419937
|switch|p1a: Toxicroak|Toxicroak, F|100/100
|move|p2a: Ogerpon|U-turn|p1a: Toxicroak
|-resisted|p1a: Toxicroak
|-damage|p1a: Toxicroak|94/100
|
|t:|1760419946
|switch|p2a: Zapdos|Zapdos|92/100|[from] U-turn
|-damage|p2a: Zapdos|67/100|[from] Stealth Rock
|
|-heal|p1a: Toxicroak|100/100|[from] item: Leftovers
|upkeep
|turn|11
|inactive|sixludicolos has 90 seconds left.
|
|t:|1760419961
|switch|p1a: Hatterene|Hatterene, F|100/100
|move|p2a: Zapdos|Volt Switch|p1a: Hatterene
|-damage|p1a: Hatterene|71/100
|-enditem|p1a: Hatterene|Eject Button
|inactive|sixludicolos has 90 seconds left.
|
|t:|1760419977
|switch|p1a: Pelipper|Pelipper, F|100/100
|-weather|RainDance|[from] ability: Drizzle|[of] p1a: Pelipper
|
|-weather|RainDance|[upkeep]
|upkeep
|turn|12
|
|t:|1760419995
|-terastallize|p1a: Pelipper|Normal
|move|p2a: Zapdos|Hurricane|p1a: Pelipper
|-damage|p1a: Pelipper|54/100
|-start|p1a: Pelipper|confusion
|-activate|p1a: Pelipper|confusion
|-damage|p1a: Pelipper|48/100|[from] confusion
|
|-weather|RainDance|[upkeep]
|upkeep
|turn|13
|
|t:|1760420005
|move|p2a: Zapdos|Hurricane|p1a: Pelipper
|-damage|p1a: Pelipper|5/100
|-activate|p1a: Pelipper|confusion
|move|p1a: Pelipper|U-turn|p2a: Zapdos
|-resisted|p2a: Zapdos
|-damage|p2a: Zapdos|63/100
|
|t:|1760420013
|switch|p1a: Barraskewda|Barraskewda, F|100/100|[from] U-turn
|
|-weather|RainDance|[upkeep]
|upkeep
|turn|14
|inactive|sixludicolos has 60 seconds left.
|
|t:|1760420043
|switch|p2a: Ogerpon|Ogerpon-Wellspring, F|73/100
|-damage|p2a: Ogerpon|60/100|[from] Stealth Rock
|move|p1a: Barraskewda|Close Combat|p2a: Ogerpon
|-damage|p2a: Ogerpon|0 fnt
|-unboost|p1a: Barraskewda|def|1
|-unboost|p1a: Barraskewda|spd|1
|faint|p2a: Ogerpon
|
|-weather|RainDance|[upkeep]
|upkeep
|
|t:|1760420048
|switch|p2a: Hatterene|Hatterene, F|100/100
|-damage|p2a: Hatterene|88/100|[from] Stealth Rock
|turn|15
|inactive|sixludicolos has 60 seconds left.
|
|t:|1760420064
|switch|p1a: Zapdos|Zapdos|100/100
|move|p2a: Hatterene|Nuzzle|p1a: Zapdos
|-damage|p1a: Zapdos|96/100
|
|-weather|RainDance|[upkeep]
|upkeep
|turn|16
|
|t:|1760420073
|switch|p2a: Great Tusk|Great Tusk, tera:Steel|72/100
|-damage|p2a: Great Tusk|66/100|[from] Stealth Rock
|move|p1a: Zapdos|Thunder|p2a: Great Tusk
|-damage|p2a: Great Tusk|0 fnt
|faint|p2a: Great Tusk
|-end|p2a: Great Tusk|Protosynthesis|[silent]
|
|-weather|RainDance|[upkeep]
|upkeep
|
|t:|1760420076
|switch|p2a: Arcanine|Arcanine-Hisui, F|100/100
|-damage|p2a: Arcanine|76/100|[from] Stealth Rock
|turn|17
|inactive|sixludicolos has 60 seconds left.
|
|t:|1760420103
|switch|p1a: Iron Treads|Iron Treads|66/100
|move|p2a: Arcanine|Head Smash|p1a: Iron Treads
|-resisted|p1a: Iron Treads
|-damage|p1a: Iron Treads|47/100
|
|-weather|RainDance|[upkeep]
|-heal|p1a: Iron Treads|53/100|[from] item: Leftovers
|upkeep
|turn|18
|inactive|sixludicolos has 60 seconds left.
|-message|Javy11 forfeited.
|
|win|sixludicolos
|raw|sixludicolos's rating: 1232 &rarr; <strong>1259</strong><br />(+27 for winning)
|raw|Javy11's rating: 1265 &rarr; <strong>1238</strong><br />(-27 for losing)
|l|☆Javy11
|player|p2|
