|j|☆Raequan
|j|☆Havestol
|t:|1760307788
|gametype|singles
|player|p1|Raequan|169|1420
|player|p2|Havestol|170|1444
|gen|9
|tier|[Gen 9] OU
|rated|
|rule|HP Percentage Mod: HP is shown in percentages
|rule|Endless Battle Clause: Forcing endless battles is banned
|rule|Species Clause: Limit one of each Pokémon
|rule|OHKO Clause: OHKO moves are banned
|rule|Evasion Items Clause: Evasion items are banned
|rule|Evasion Moves Clause: Evasion moves are banned
|rule|Evasion Abilities Clause: Evasion abilities are banned
|rule|Sleep Moves Clause: Sleep-inducing moves are banned
|clearpoke
|poke|p1|Slowking-Galar, F|
|poke|p1|Scream Tail|
|poke|p1|Hydrapple, F|
|poke|p1|Ursaluna, F|
|poke|p1|Corviknight, M|
|poke|p1|Azumarill, M|
|poke|p2|Gardevoir, M|
|poke|p2|Clodsire, M|
|poke|p2|Alomomola, M|
|poke|p2|Heatran, M|
|poke|p2|Mandibuzz, F|
|poke|p2|Dragapult, M|
|teampreview
|
|t:|1760307799
|teamsize|p1|6
|teamsize|p2|6
|start
|switch|p1a: Scream Tail|Scream Tail|100/100
|switch|p2a: Gardevoir|Gardevoir, M|100/100
|turn|1
|
|t:|1760307809
|move|p2a: Gardevoir|Trick|p1a: Scream Tail
|-activate|p2a: Gardevoir|move: Trick|[of] p1a: Scream Tail
|-item|p1a: Scream Tail|Toxic Orb|[from] move: Trick
|-item|p2a: Gardevoir|Leftovers|[from] move: Trick
|move|p1a: Scream Tail|Stealth Rock|p2a: Gardevoir
|-sidestart|p2: Havestol|move: Stealth Rock
|
|-status|p1a: Scream Tail|tox|[from] item: Toxic Orb
|upkeep
|turn|2
|
|t:|1760307823
|-end|p1a: Scream Tail|Protosynthesis|[silent]
|switch|p1a: Slowking|Slowking-Galar, F|100/100
|-ability|p2a: Gardevoir|Regenerator|Trace|[from] ability: Trace|[of] p1a: Slowking
|move|p2a: Gardevoir|Psychic Noise|p1a: Slowking
|-damage|p1a: Slowking|76/100
|-start|p1a: Slowking|move: Heal Block
|
|upkeep
|turn|3
|
|t:|1760307828
|switch|p2a: Heatran|Heatran, M|100/100
|-damage|p2a: Heatran|88/100|[from] Stealth Rock
|move|p1a: Slowking|Trick Room|p1a: Slowking
|-fieldstart|move: Trick Room|[of] p1a: Slowking
|
|-heal|p2a: Heatran|94/100|[from] item: Leftovers
|-end|p1a: Slowking|move: Heal Block
|upkeep
|turn|4
|
|t:|1760307832
|-prepare|p1a: Slowking|Chilly Reception|[premajor]
|move|p1a: Slowking|Chilly Reception|p1a: Slowking
|-weather|Snowscape
|
|t:|1760307840
|switch|p1a: Hydrapple|Hydrapple, F|100/100|[from] Chilly Reception
|move|p2a: Heatran|Stealth Rock|p1a: Hydrapple
|-sidestart|p1: Raequan|move: Stealth Rock
|
|-weather|Snowscape|[upkeep]
|-heal|p2a: Heatran|100/100|[from] item: Leftovers
|upkeep
|turn|5
|
|t:|1760307847
|move|p1a: Hydrapple|Earth Power|p2a: Heatran
|-supereffective|p2a: Heatran
|-damage|p2a: Heatran|2/100
|-unboost|p2a: Heatran|spd|1
|-damage|p1a: Hydrapple|91/100|[from] item: Life Orb
|move|p2a: Heatran|Magma Storm|p1a: Hydrapple
|-damage|p1a: Hydrapple|47/100
|-activate|p1a: Hydrapple|move: Magma Storm|[of] p2a: Heatran
|
|-weather|Snowscape|[upkeep]
|-heal|p2a: Heatran|8/100|[from] item: Leftovers
|-damage|p1a: Hydrapple|35/100|[from] move: Magma Storm|[partiallytrapped]
|upkeep
|turn|6
|
|t:|1760307858
|move|p1a: Hydrapple|Earth Power|p2a: Heatran
|-supereffective|p2a: Heatran
|-damage|p2a: Heatran|0 fnt
|faint|p2a: Heatran
|-damage|p1a: Hydrapple|25/100|[from] item: Life Orb
|
|-weather|Snowscape|[upkeep]
|-end|p1a: Hydrapple|Magma Storm|[partiallytrapped]|[silent]
|upkeep
|
|t:|1760307876
|switch|p2a: Mandibuzz|Mandibuzz, F|100/100
|turn|7
|
|t:|1760307885
|switch|p1a: Corviknight|Corviknight, M|100/100
|-damage|p1a: Corviknight|88/100|[from] Stealth Rock
|-ability|p1a: Corviknight|Pressure
|move|p2a: Mandibuzz|Defog|p1a: Corviknight
|-unboost|p1a: Corviknight|evasion|1
|-sideend|p1: Raequan|Stealth Rock|[from] move: Defog|[of] p2a: Mandibuzz
|-sideend|p2: Havestol|Stealth Rock|[from] move: Defog|[of] p2a: Mandibuzz
|
|-weather|Snowscape|[upkeep]
|-fieldend|move: Trick Room
|upkeep
|turn|8
|
|t:|1760307899
|switch|p2a: Gardevoir|Gardevoir, M|100/100
|-ability|p2a: Gardevoir|Pressure|Trace|[from] ability: Trace|[of] p1a: Corviknight
|-ability|p2a: Gardevoir|Pressure
|move|p1a: Corviknight|U-turn|p2a: Gardevoir
|-damage|p2a: Gardevoir|73/100
|
|t:|1760307905
|switch|p1a: Slowking|Slowking-Galar, F|100/100|[from] U-turn
|
|-weather|none
|-heal|p2a: Gardevoir|79/100|[from] item: Leftovers
|upkeep
|turn|9
|
|t:|1760307930
|switch|p2a: Dragapult|Dragapult, M|100/100
|move|p1a: Slowking|Trick Room|p1a: Slowking
|-fieldstart|move: Trick Room|[of] p1a: Slowking
|
|upkeep
|turn|10
|
|t:|1760307936
|-prepare|p1a: Slowking|Chilly Reception|[premajor]
|move|p1a: Slowking|Chilly Reception|p1a: Slowking
|-weather|Snowscape
|
|t:|1760307939
|switch|p1a: Ursaluna|Ursaluna, F|100/100|[from] Chilly Reception
|move|p2a: Dragapult|Dragon Darts|p1a: Ursaluna
|-damage|p1a: Ursaluna|72/100
|-anim|p2a: Dragapult|Dragon Darts|p1a: Ursaluna
|-damage|p1a: Ursaluna|45/100
|
|-weather|Snowscape|[upkeep]
|-status|p1a: Ursaluna|brn|[from] item: Flame Orb
|upkeep
|turn|11
|
|t:|1760307951
|switch|p2a: Mandibuzz|Mandibuzz, F|100/100
|move|p1a: Ursaluna|Headlong Rush|p2a: Mandibuzz
|-immune|p2a: Mandibuzz
|
|-weather|Snowscape|[upkeep]
|-damage|p1a: Ursaluna|38/100 brn|[from] brn
|upkeep
|turn|12
|
|t:|1760307955
|switch|p1a: Azumarill|Azumarill, M|100/100
|move|p2a: Mandibuzz|Foul Play|p1a: Azumarill
|-resisted|p1a: Azumarill
|-damage|p1a: Azumarill|86/100
|
|-weather|Snowscape|[upkeep]
|upkeep
|turn|13
|
|t:|1760307962
|switch|p2a: Alomomola|Alomomola, M|100/100
|move|p1a: Azumarill|Play Rough|p2a: Alomomola
|-damage|p2a: Alomomola|70/100
|
|-weather|Snowscape|[upkeep]
|-fieldend|move: Trick Room
|upkeep
|turn|14
|
|t:|1760307968
|move|p1a: Azumarill|Knock Off|p2a: Alomomola
|-damage|p2a: Alomomola|47/100
|-enditem|p2a: Alomomola|Heavy-Duty Boots|[from] move: Knock Off|[of] p1a: Azumarill
|move|p2a: Alomomola|Flip Turn|p1a: Azumarill
|-resisted|p1a: Azumarill
|-damage|p1a: Azumarill|78/100
|
|t:|1760307978
|switch|p2a: Gardevoir|Gardevoir, M|79/100|[from] Flip Turn
|-ability|p2a: Gardevoir|Huge Power|Trace|[from] ability: Trace|[of] p1a: Azumarill
|
|-weather|none
|-heal|p2a: Gardevoir|85/100|[from] item: Leftovers
|upkeep
|turn|15
|
|t:|1760307986
|switch|p2a: Dragapult|Dragapult, M|100/100
|move|p1a: Azumarill|Liquidation|p2a: Dragapult
|-resisted|p2a: Dragapult
|-damage|p2a: Dragapult|67/100
|
|upkeep
|turn|16
|
|t:|1760307995
|-terastallize|p2a: Dragapult|Ghost
|move|p2a: Dragapult|Tera Blast|p1a: Azumarill|[anim] Tera Blast Ghost
|-damage|p1a: Azumarill|0 fnt
|faint|p1a: Azumarill
|
|upkeep
|
|t:|1760308003
|switch|p1a: Ursaluna|Ursaluna, F|38/100 brn
|turn|17
|
|t:|1760308009
|switch|p2a: Mandibuzz|Mandibuzz, F|100/100
|move|p1a: Ursaluna|Facade|p2a: Mandibuzz
|-damage|p2a: Mandibuzz|19/100
|
|-damage|p1a: Ursaluna|32/100 brn|[from] brn
|upkeep
|turn|18
|
|t:|1760308013
|switch|p1a: Corviknight|Corviknight, M|88/100
|-ability|p1a: Corviknight|Pressure
|move|p2a: Mandibuzz|Roost|p2a: Mandibuzz
|-heal|p2a: Mandibuzz|69/100
|-singleturn|p2a: Mandibuzz|move: Roost
|
|upkeep
|turn|19
|
|t:|1760308017
|move|p2a: Mandibuzz|Roost|p2a: Mandibuzz
|-heal|p2a: Mandibuzz|100/100
|-singleturn|p2a: Mandibuzz|move: Roost
|move|p1a: Corviknight|U-turn|p2a: Mandibuzz
|-supereffective|p2a: Mandibuzz
|-damage|p2a: Mandibuzz|84/100
|
|t:|1760308024
|switch|p1a: Slowking|Slowking-Galar, F|100/100|[from] U-turn
|
|upkeep
|turn|20
|
|t:|1760308031
|switch|p2a: Alomomola|Alomomola, M|81/100
|move|p1a: Slowking|Sludge Bomb|p2a: Alomomola
|-damage|p2a: Alomomola|37/100
|
|upkeep
|turn|21
|
|t:|1760308038
|switch|p2a: Clodsire|Clodsire, M|100/100
|move|p1a: Slowking|Trick Room|p1a: Slowking
|-fieldstart|move: Trick Room|[of] p1a: Slowking
|
|upkeep
|turn|22
|
|t:|1760308043
|-prepare|p1a: Slowking|Chilly Reception|[premajor]
|move|p1a: Slowking|Chilly Reception|p1a: Slowking
|-weather|Snowscape
|
|t:|1760308046
|switch|p1a: Hydrapple|Hydrapple, F|58/100|[from] Chilly Reception
|move|p2a: Clodsire|Spikes|p1a: Hydrapple
|-sidestart|p1: Raequan|Spikes
|
|-weather|Snowscape|[upkeep]
|upkeep
|turn|23
|
|t:|1760308054
|move|p2a: Clodsire|Recover||[still]
|-fail|p2a: Clodsire|heal
|move|p1a: Hydrapple|Earth Power|p2a: Clodsire
|-supereffective|p2a: Clodsire
|-damage|p2a: Clodsire|49/100
|-damage|p1a: Hydrapple|48/100|[from] item: Life Orb
|
|-weather|Snowscape|[upkeep]
|upkeep
|turn|24
|
|t:|1760308061
|switch|p1a: Ursaluna|Ursaluna, F|32/100 brn
|-damage|p1a: Ursaluna|20/100 brn|[from] Spikes
|move|p2a: Clodsire|Recover|p2a: Clodsire
|-heal|p2a: Clodsire|99/100
|
|-weather|Snowscape|[upkeep]
|-damage|p1a: Ursaluna|13/100 brn|[from] brn
|upkeep
|turn|25
|
|t:|1760308069
|move|p2a: Clodsire|Earthquake|p1a: Ursaluna
|-damage|p1a: Ursaluna|0 fnt
|faint|p1a: Ursaluna
|
|-weather|Snowscape|[upkeep]
|-fieldend|move: Trick Room
|upkeep
|
|t:|1760308074
|switch|p1a: Hydrapple|Hydrapple, F|81/100
|-damage|p1a: Hydrapple|69/100|[from] Spikes
|turn|26
|
|t:|1760308083
|move|p1a: Hydrapple|Nasty Plot|p1a: Hydrapple
|-boost|p1a: Hydrapple|spa|2
|move|p2a: Clodsire|Toxic|p1a: Hydrapple
|-status|p1a: Hydrapple|tox
|
|-weather|none
|-damage|p1a: Hydrapple|63/100 tox|[from] psn
|upkeep
|turn|27
|
|t:|1760308092
|switch|p2a: Alomomola|Alomomola, M|71/100
|move|p1a: Hydrapple|Earth Power|p2a: Alomomola
|-damage|p2a: Alomomola|0 fnt
|faint|p2a: Alomomola
|-damage|p1a: Hydrapple|53/100 tox|[from] item: Life Orb
|
|-damage|p1a: Hydrapple|41/100 tox|[from] psn
|upkeep
|
|t:|1760308098
|switch|p2a: Dragapult|Dragapult, M, tera:Ghost|67/100
|turn|28
|
|t:|1760308101
|switch|p1a: Corviknight|Corviknight, M|88/100
|-ability|p1a: Corviknight|Pressure
|move|p2a: Dragapult|Tera Blast|p1a: Corviknight|[anim] Tera Blast Ghost
|-damage|p1a: Corviknight|39/100
|
|upkeep
|turn|29
|
|t:|1760308113
|move|p2a: Dragapult|Tera Blast|p1a: Corviknight|[anim] Tera Blast Ghost
|-damage|p1a: Corviknight|0 fnt
|faint|p1a: Corviknight
|
|upkeep
|
|t:|1760308129
|switch|p1a: Scream Tail|Scream Tail|100/100 tox
|-damage|p1a: Scream Tail|88/100 tox|[from] Spikes
|turn|30
|
|t:|1760308135
|-terastallize|p1a: Scream Tail|Steel
|move|p2a: Dragapult|Tera Blast|p1a: Scream Tail|[anim] Tera Blast Ghost
|-damage|p1a: Scream Tail|42/100 tox
|move|p1a: Scream Tail|Trick Room|p1a: Scream Tail
|-fieldstart|move: Trick Room|[of] p1a: Scream Tail
|
|-damage|p1a: Scream Tail|36/100 tox|[from] psn
|upkeep
|turn|31
|
|t:|1760308148
|switch|p2a: Mandibuzz|Mandibuzz, F|84/100
|move|p1a: Scream Tail|Misty Explosion|p2a: Mandibuzz
|-supereffective|p2a: Mandibuzz
|-damage|p2a: Mandibuzz|38/100
|faint|p1a: Scream Tail
|-end|p1a: Scream Tail|Protosynthesis|[silent]
|
|upkeep
|
|t:|1760308156
|switch|p1a: Hydrapple|Hydrapple, F|74/100 tox
|-damage|p1a: Hydrapple|62/100 tox|[from] Spikes
|turn|32
|
|t:|1760308164
|move|p1a: Hydrapple|Fickle Beam|p2a: Mandibuzz|[anim] Fickle Beam All Out
|-activate|p1a: Hydrapple|move: Fickle Beam
|-damage|p2a: Mandibuzz|0 fnt
|faint|p2a: Mandibuzz
|-damage|p1a: Hydrapple|52/100 tox|[from] item: Life Orb
|
|-damage|p1a: Hydrapple|46/100 tox|[from] psn
|upkeep
|
|t:|1760308169
|switch|p2a: Gardevoir|Gardevoir, M|85/100
|-ability|p2a: Gardevoir|Regenerator|Trace|[from] ability: Trace|[of] p1a: Hydrapple
|turn|33
|
|t:|1760308179
|switch|p1a: Slowking|Slowking-Galar, F|100/100
|move|p2a: Gardevoir|Psychic Noise|p1a: Slowking
|-damage|p1a: Slowking|75/100
|-start|p1a: Slowking|move: Heal Block
|
|-heal|p2a: Gardevoir|91/100|[from] item: Leftovers
|upkeep
|turn|34
|
|t:|1760308190
|switch|p2a: Clodsire|Clodsire, M|99/100
|move|p1a: Slowking|Sludge Bomb|p2a: Clodsire
|-resisted|p2a: Clodsire
|-damage|p2a: Clodsire|94/100
|
|-end|p1a: Slowking|move: Heal Block
|-fieldend|move: Trick Room
|upkeep
|turn|35
|
|t:|1760308197
|move|p2a: Clodsire|Earthquake|p1a: Slowking
|-supereffective|p1a: Slowking
|-damage|p1a: Slowking|24/100
|move|p1a: Slowking|Trick Room|p1a: Slowking
|-fieldstart|move: Trick Room|[of] p1a: Slowking
|
|upkeep
|turn|36
|
|t:|1760308206
|-prepare|p1a: Slowking|Chilly Reception|[premajor]
|move|p1a: Slowking|Chilly Reception|p1a: Slowking
|-weather|Snowscape
|
|t:|1760308208
|switch|p1a: Hydrapple|Hydrapple, F|80/100 tox|[from] Chilly Reception
|-damage|p1a: Hydrapple|67/100 tox|[from] Spikes
|move|p2a: Clodsire|Earthquake|p1a: Hydrapple
|-resisted|p1a: Hydrapple
|-damage|p1a: Hydrapple|57/100 tox
|
|-weather|Snowscape|[upkeep]
|-damage|p1a: Hydrapple|51/100 tox|[from] psn
|upkeep
|turn|37
|
|t:|1760308215
|move|p2a: Clodsire|Earthquake|p1a: Hydrapple
|-resisted|p1a: Hydrapple
|-damage|p1a: Hydrapple|42/100 tox
|move|p1a: Hydrapple|Nasty Plot|p1a: Hydrapple
|-boost|p1a: Hydrapple|spa|2
|
|-weather|Snowscape|[upkeep]
|-damage|p1a: Hydrapple|30/100 tox|[from] psn
|upkeep
|turn|38
|
|t:|1760308225
|switch|p2a: Gardevoir|Gardevoir, M|100/100
|-ability|p2a: Gardevoir|Regenerator|Trace|[from] ability: Trace|[of] p1a: Hydrapple
|move|p1a: Hydrapple|Earth Power|p2a: Gardevoir
|-damage|p2a: Gardevoir|11/100
|-damage|p1a: Hydrapple|20/100 tox|[from] item: Life Orb
|
|-weather|Snowscape|[upkeep]
|-heal|p2a: Gardevoir|17/100|[from] item: Leftovers
|-damage|p1a: Hydrapple|2/100 tox|[from] psn
|upkeep
|turn|39
|
|t:|1760308231
|switch|p1a: Slowking|Slowking-Galar, F|57/100
|move|p2a: Gardevoir|Psychic Noise|p1a: Slowking
|-damage|p1a: Slowking|35/100
|-start|p1a: Slowking|move: Heal Block
|
|-weather|Snowscape|[upkeep]
|-heal|p2a: Gardevoir|24/100|[from] item: Leftovers
|-fieldend|move: Trick Room
|upkeep
|turn|40
|
|t:|1760308238
|move|p2a: Gardevoir|Psychic Noise|p1a: Slowking
|-damage|p1a: Slowking|11/100
|-prepare|p1a: Slowking|Chilly Reception|[premajor]
|move|p1a: Slowking|Chilly Reception|p1a: Slowking
|
|t:|1760308240
|switch|p1a: Hydrapple|Hydrapple, F|35/100 tox|[from] Chilly Reception
|-damage|p1a: Hydrapple|23/100 tox|[from] Spikes
|
|-weather|none
|-heal|p2a: Gardevoir|30/100|[from] item: Leftovers
|-damage|p1a: Hydrapple|17/100 tox|[from] psn
|upkeep
|turn|41
|
|t:|1760308243
|switch|p1a: Slowking|Slowking-Galar, F|44/100
|move|p2a: Gardevoir|Psychic Noise|p1a: Slowking
|-damage|p1a: Slowking|21/100
|-start|p1a: Slowking|move: Heal Block
|
|-heal|p2a: Gardevoir|36/100|[from] item: Leftovers
|upkeep
|turn|42
|
|t:|1760308249
|move|p2a: Gardevoir|Psychic Noise|p1a: Slowking
|-damage|p1a: Slowking|0 fnt
|faint|p1a: Slowking
|
|-heal|p2a: Gardevoir|42/100|[from] item: Leftovers
|upkeep
|-message|Raequan forfeited.
|
|win|Havestol
|raw|Raequan's rating: 1420 &rarr; <strong>1401</strong><br />(-19 for losing)
|raw|Havestol's rating: 1444 &rarr; <strong>1463</strong><br />(+19 for winning)
|l|☆Raequan
|player|p1|
|l|☆Havestol
|player|p2|
