|j|☆Larp Legion
|j|☆Mr.X&Y97
|t:|1760401451
|gametype|singles
|player|p1|Larp Legion|artist-gen4|1766
|player|p2|Mr.X&Y97|ingo|1611
|gen|9
|tier|[Gen 9] OU
|rated|
|rule|HP Percentage Mod: HP is shown in percentages
|rule|Endless Battle Clause: Forcing endless battles is banned
|rule|Species Clause: Limit one of each Pokémon
|rule|OHKO Clause: OHKO moves are banned
|rule|Evasion Items Clause: Evasion items are banned
|rule|Evasion Moves Clause: Evasion moves are banned
|rule|Evasion Abilities Clause: Evasion abilities are banned
|rule|Sleep Moves Clause: Sleep-inducing moves are banned
|clearpoke
|poke|p1|Araquanid, F|
|poke|p1|Gholdengo|
|poke|p1|Iron Crown|
|poke|p1|Magnezone|
|poke|p1|Dragonite, F|
|poke|p1|Great Tusk|
|poke|p2|Indeedee, M|
|poke|p2|Armarouge, F|
|poke|p2|Hatterene, F|
|poke|p2|Polteageist|
|poke|p2|Hawlucha, F|
|poke|p2|Maushold|
|teampreview
|inactive|Battle timer is ON: inactive players will automatically lose when time's up. (requested by Mr.X&Y97)
|inactive|Larp Legion also wants the timer to be on.
|c|☆Larp Legion|i know this is aq
|c|☆Larp Legion|i win
|c|☆Larp Legion|ewww what tf is this
|
|t:|1760401473
|teamsize|p1|6
|teamsize|p2|6
|start
|switch|p1a: websurfer|Araquanid, F|100/100
|switch|p2a: Maushold|Maushold|100/100
|turn|1
|
|t:|1760401479
|switch|p1a: metal inspector|Magnezone|100/100
|move|p2a: Maushold|Population Bomb|p1a: metal inspector
|-resisted|p1a: metal inspector
|-damage|p1a: metal inspector|95/100
|-damage|p2a: Maushold|84/100|[from] item: Rocky Helmet|[of] p1a: metal inspector
|-resisted|p1a: metal inspector
|-damage|p1a: metal inspector|90/100
|-damage|p2a: Maushold|67/100|[from] item: Rocky Helmet|[of] p1a: metal inspector
|-resisted|p1a: metal inspector
|-damage|p1a: metal inspector|86/100
|-damage|p2a: Maushold|51/100|[from] item: Rocky Helmet|[of] p1a: metal inspector
|-resisted|p1a: metal inspector
|-damage|p1a: metal inspector|81/100
|-damage|p2a: Maushold|34/100|[from] item: Rocky Helmet|[of] p1a: metal inspector
|-resisted|p1a: metal inspector
|-damage|p1a: metal inspector|76/100
|-damage|p2a: Maushold|17/100|[from] item: Rocky Helmet|[of] p1a: metal inspector
|-resisted|p1a: metal inspector
|-damage|p1a: metal inspector|71/100
|-damage|p2a: Maushold|1/100|[from] item: Rocky Helmet|[of] p1a: metal inspector
|-resisted|p1a: metal inspector
|-damage|p1a: metal inspector|65/100
|-damage|p2a: Maushold|0 fnt|[from] item: Rocky Helmet|[of] p1a: metal inspector
|faint|p2a: Maushold
|-hitcount|p1a: metal inspector|7
|
|upkeep
|c|☆Larp Legion|why do two of our guys have an unviable move
|c|☆Larp Legion|LOL
|c|☆Larp Legion|oh
|
|t:|1760401486
|switch|p2a: Armarouge|Armarouge, F|100/100
|turn|2
|c|☆Larp Legion|see
|c|☆Larp Legion|if there was a pawmot
|
|t:|1760401490
|switch|p2a: Indeedee|Indeedee, M|100/100
|-fieldstart|move: Psychic Terrain|[from] ability: Psychic Surge|[of] p2a: Indeedee
|move|p1a: metal inspector|Thunder Wave|p2a: Indeedee
|-status|p2a: Indeedee|par
|
|upkeep
|turn|3
|c|☆Larp Legion|on this team
|c|☆Larp Legion|it would be good
|c|☆Larp Legion|theirs not urs
|c|☆Larp Legion|pawmot cant fix the shit ur running
|
|t:|1760401522
|switch|p2a: Hatterene|Hatterene, F|100/100
|move|p1a: metal inspector|Thunderbolt|p2a: Hatterene
|-damage|p2a: Hatterene|52/100
|-enditem|p2a: Hatterene|Eject Button
|
|t:|1760401534
|switch|p2a: Armarouge|Armarouge, F|100/100
|
|upkeep
|turn|4
|
|t:|1760401537
|switch|p1a: websurfer|Araquanid, F|100/100
|move|p2a: Armarouge|Armor Cannon|p1a: websurfer
|-damage|p1a: websurfer|76/100
|-unboost|p2a: Armarouge|def|1
|-unboost|p2a: Armarouge|spd|1
|
|upkeep
|turn|5
|
|t:|1760401540
|move|p2a: Armarouge|Expanding Force|p1a: websurfer
|-damage|p1a: websurfer|9/100
|move|p1a: websurfer|Surf|p2a: Armarouge
|-supereffective|p2a: Armarouge
|-damage|p2a: Armarouge|0 fnt
|faint|p2a: Armarouge
|
|upkeep
|
|t:|1760401553
|switch|p2a: Polteageist|Polteageist|100/100
|turn|6
|-enditem|p1a: websurfer|Custap Berry|[eat]
|-activate|p1a: websurfer|item: Custap Berry|[consumed]
|
|t:|1760401557
|switch|p2a: Hatterene|Hatterene, F|52/100
|move|p1a: websurfer|Surf|p2a: Hatterene
|-damage|p2a: Hatterene|0 fnt
|faint|p2a: Hatterene
|
|upkeep
|
|t:|1760401567
|switch|p2a: Hawlucha|Hawlucha, F|100/100
|-enditem|p2a: Hawlucha|Psychic Seed
|-boost|p2a: Hawlucha|spd|1|[from] item: Psychic Seed
|turn|7
|
|t:|1760401574
|move|p2a: Hawlucha|Acrobatics|p1a: websurfer
|-supereffective|p1a: websurfer
|-damage|p1a: websurfer|0 fnt
|faint|p1a: websurfer
|
|upkeep
|
|t:|1760401583
|switch|p1a: Great Tusk|Great Tusk|100/100
|-enditem|p1a: Great Tusk|Booster Energy
|-activate|p1a: Great Tusk|ability: Protosynthesis|[fromitem]
|-start|p1a: Great Tusk|protosynthesisatk
|turn|8
|
|t:|1760401592
|move|p2a: Hawlucha|Acrobatics|p1a: Great Tusk
|-supereffective|p1a: Great Tusk
|-damage|p1a: Great Tusk|21/100
|move|p1a: Great Tusk|Ice Spinner|p2a: Hawlucha
|-supereffective|p2a: Hawlucha
|-damage|p2a: Hawlucha|5/100
|-fieldend|move: Psychic Terrain
|
|upkeep
|turn|9
|
|t:|1760401600
|-end|p1a: Great Tusk|Protosynthesis|[silent]
|switch|p1a: metal inspector|Magnezone|65/100
|move|p2a: Hawlucha|Acrobatics|p1a: metal inspector
|-resisted|p1a: metal inspector
|-damage|p1a: metal inspector|55/100
|-damage|p2a: Hawlucha|0 fnt|[from] item: Rocky Helmet|[of] p1a: metal inspector
|faint|p2a: Hawlucha
|
|upkeep
|
|t:|1760401603
|switch|p2a: Indeedee|Indeedee, M|100/100 par
|-fieldstart|move: Psychic Terrain|[from] ability: Psychic Surge|[of] p2a: Indeedee
|turn|10
|
|t:|1760401607
|switch|p1a: Iron Crown|Iron Crown|100/100
|-enditem|p1a: Iron Crown|Booster Energy
|-activate|p1a: Iron Crown|ability: Quark Drive|[fromitem]
|-start|p1a: Iron Crown|quarkdrivespa
|move|p2a: Indeedee|Healing Wish|p2a: Indeedee
|faint|p2a: Indeedee
|
|upkeep
|
|t:|1760401610
|switch|p2a: Polteageist|Polteageist|100/100
|turn|11
|
|t:|1760401613
|-terastallize|p1a: Iron Crown|Steel
|move|p1a: Iron Crown|Tachyon Cutter|p2a: Polteageist
|-damage|p2a: Polteageist|51/100
|-damage|p2a: Polteageist|0 fnt
|faint|p2a: Polteageist
|-hitcount|p2: Polteageist|2
|
|win|Larp Legion
|raw|Larp Legion's rating: 1766 &rarr; <strong>1778</strong><br />(+12 for winning)
|raw|Mr.X&amp;Y97's rating: 1611 &rarr; <strong>1599</strong><br />(-12 for losing)
|l|☆Mr.X&Y97
|player|p2|
