|j|☆tounix
|j|☆NarwhalMD22
|t:|1760304604
|gametype|singles
|player|p1|tounix|hilda|1333
|player|p2|NarwhalMD22|roark|1308
|gen|9
|tier|[Gen 9] OU
|rated|
|rule|HP Percentage Mod: HP is shown in percentages
|rule|Endless Battle Clause: Forcing endless battles is banned
|rule|Species Clause: Limit one of each Pokémon
|rule|OHKO Clause: OHKO moves are banned
|rule|Evasion Items Clause: Evasion items are banned
|rule|Evasion Moves Clause: Evasion moves are banned
|rule|Evasion Abilities Clause: Evasion abilities are banned
|rule|Sleep Moves Clause: Sleep-inducing moves are banned
|clearpoke
|poke|p1|Bisharp, M|
|poke|p1|Gligar, M|
|poke|p1|Qwilfish, F|
|poke|p1|Porygon2|
|poke|p1|Scyther, M|
|poke|p1|Morgrem, M|
|poke|p2|Corviknight, M|
|poke|p2|Garchomp, M|
|poke|p2|Zoroark-Hisui, M|
|poke|p2|Kingambit, M|
|poke|p2|Primarina, M|
|poke|p2|Kleavor, M|
|teampreview
|inactive|Battle timer is ON: inactive players will automatically lose when time's up. (requested by NarwhalMD22)
|inactive|tounix also wants the timer to be on.
|
|t:|1760304616
|teamsize|p1|6
|teamsize|p2|6
|start
|switch|p1a: hehehe :3|Morgrem, M|100/100
|switch|p2a: Kleavor|Kleavor, M|100/100
|turn|1
|c|☆NarwhalMD22|i respect the team
|
|t:|1760304635
|move|p1a: hehehe :3|Reflect|p1a: hehehe :3
|-sidestart|p1: tounix|Reflect
|move|p2a: Kleavor|Stone Axe|p1a: hehehe :3
|-damage|p1a: hehehe :3|59/100
|-sidestart|p1: tounix|move: Stealth Rock
|
|upkeep
|turn|2
|
|t:|1760304651
|switch|p2a: Corviknight|Corviknight, M|100/100
|move|p1a: hehehe :3|Light Screen|p1a: hehehe :3
|-sidestart|p1: tounix|move: Light Screen
|
|upkeep
|turn|3
|
|t:|1760304657
|switch|p1a: system 348578|Porygon2|100/100
|-damage|p1a: system 348578|88/100|[from] Stealth Rock
|-ability|p1a: system 348578|Download|boost
|-boost|p1a: system 348578|atk|1
|move|p2a: Corviknight|Bulk Up|p2a: Corviknight
|-boost|p2a: Corviknight|atk|1
|-boost|p2a: Corviknight|def|1
|
|upkeep
|turn|4
|
|t:|1760304667
|move|p2a: Corviknight|Bulk Up|p2a: Corviknight
|-boost|p2a: Corviknight|atk|1
|-boost|p2a: Corviknight|def|1
|move|p1a: system 348578|Thunder Wave|p2a: Corviknight
|-status|p2a: Corviknight|par
|
|upkeep
|turn|5
|
|t:|1760304674
|move|p1a: system 348578|Shadow Ball|p2a: Corviknight
|-damage|p2a: Corviknight|78/100 par
|move|p2a: Corviknight|Bulk Up|p2a: Corviknight
|-boost|p2a: Corviknight|atk|1
|-boost|p2a: Corviknight|def|1
|
|-heal|p2a: Corviknight|85/100 par|[from] item: Leftovers
|upkeep
|turn|6
|
|t:|1760304687
|move|p1a: system 348578|Shadow Ball|p2a: Corviknight
|-damage|p2a: Corviknight|62/100 par
|move|p2a: Corviknight|Bulk Up|p2a: Corviknight
|-boost|p2a: Corviknight|atk|1
|-boost|p2a: Corviknight|def|1
|
|-heal|p2a: Corviknight|68/100 par|[from] item: Leftovers
|upkeep
|turn|7
|
|t:|1760304709
|move|p1a: system 348578|Shadow Ball|p2a: Corviknight
|-damage|p2a: Corviknight|46/100 par
|move|p2a: Corviknight|Roost|p2a: Corviknight
|-heal|p2a: Corviknight|96/100 par
|-singleturn|p2a: Corviknight|move: Roost
|
|-heal|p2a: Corviknight|100/100 par|[from] item: Leftovers
|upkeep
|turn|8
|
|t:|1760304717
|-terastallize|p1a: system 348578|Ghost
|move|p1a: system 348578|Shadow Ball|p2a: Corviknight
|-damage|p2a: Corviknight|69/100 par
|-ability|p2a: Corviknight|Mirror Armor
|-unboost|p1a: system 348578|spd|1
|move|p2a: Corviknight|Bulk Up|p2a: Corviknight
|-boost|p2a: Corviknight|atk|1
|-boost|p2a: Corviknight|def|1
|
|-heal|p2a: Corviknight|75/100 par|[from] item: Leftovers
|-sideend|p1: tounix|Reflect
|upkeep
|turn|9
|
|t:|1760304730
|move|p1a: system 348578|Shadow Ball|p2a: Corviknight
|-damage|p2a: Corviknight|42/100 par
|move|p2a: Corviknight|Brave Bird|p1a: system 348578
|-damage|p1a: system 348578|0 fnt
|faint|p1a: system 348578
|-damage|p2a: Corviknight|15/100 par|[from] Recoil
|
|-heal|p2a: Corviknight|22/100 par|[from] item: Leftovers
|-sideend|p1: tounix|move: Light Screen
|upkeep
|
|t:|1760304739
|switch|p1a: Qwilfish|Qwilfish, F|100/100
|-damage|p1a: Qwilfish|88/100|[from] Stealth Rock
|-ability|p1a: Qwilfish|Intimidate|boost
|-ability|p2a: Corviknight|Mirror Armor
|-unboost|p1a: Qwilfish|atk|1
|turn|10
|-message|tounix forfeited.
|
|win|NarwhalMD22
|raw|tounix's rating: 1333 &rarr; <strong>1312</strong><br />(-21 for losing)
|raw|NarwhalMD22's rating: 1308 &rarr; <strong>1329</strong><br />(+21 for winning)
|l|☆tounix
|player|p1|
|l|☆NarwhalMD22
|player|p2|
