|j|☆Nilesh vengurlekar
|j|☆hoa long coc
|t:|1760462189
|gametype|singles
|player|p1|Nilesh vengurlekar|chuck|1138
|player|p2|hoa long coc|clair|1086
|gen|9
|tier|[Gen 9] OU
|rated|
|rule|HP Percentage Mod: HP is shown in percentages
|rule|Endless Battle Clause: Forcing endless battles is banned
|rule|Species Clause: Limit one of each Pokémon
|rule|OHKO Clause: OHKO moves are banned
|rule|Evasion Items Clause: Evasion items are banned
|rule|Evasion Moves Clause: Evasion moves are banned
|rule|Evasion Abilities Clause: Evasion abilities are banned
|rule|Sleep Moves Clause: Sleep-inducing moves are banned
|clearpoke
|poke|p1|Forretress, M|
|poke|p1|Overqwil, M|
|poke|p1|Swampert, F|
|poke|p1|Bellibolt, F|
|poke|p1|Spiritomb, F|
|poke|p1|Snorlax, M|
|poke|p2|Garchomp, M|
|poke|p2|Cinderace, M|
|poke|p2|Rotom-Wash|
|poke|p2|Braviary, M|
|poke|p2|Mienshao, F|
|poke|p2|Zoroark-Hisui, F|
|teampreview
|
|t:|1760462197
|teamsize|p1|6
|teamsize|p2|6
|start
|switch|p1a: Spiritomb|Spiritomb, F|100/100
|switch|p2a: Garchomp|Garchomp, M, shiny|100/100
|turn|1
|
|t:|1760462205
|move|p2a: Garchomp|Nasty Plot|p2a: Garchomp
|-boost|p2a: Garchomp|spa|2
|move|p1a: Spiritomb|Dark Pulse|p2a: Garchomp
|-supereffective|p2a: Garchomp
|-enditem|p2a: Garchomp|Focus Sash
|-damage|p2a: Garchomp|1/100
|replace|p2a: Zoroark|Zoroark-Hisui, F
|-end|p2a: Zoroark|Illusion
|
|upkeep
|turn|2
|
|t:|1760462216
|move|p2a: Zoroark|Flamethrower|p1a: Spiritomb
|-damage|p1a: Spiritomb|58/100
|move|p1a: Spiritomb|Dark Pulse|p2a: Zoroark
|-supereffective|p2a: Zoroark
|-damage|p2a: Zoroark|0 fnt
|faint|p2a: Zoroark
|
|upkeep
|
|t:|1760462226
|switch|p2a: Braviary|Braviary, M|100/100
|turn|3
|
|t:|1760462235
|move|p2a: Braviary|Brave Bird|p1a: Spiritomb
|-damage|p1a: Spiritomb|0 fnt
|faint|p1a: Spiritomb
|-damage|p2a: Braviary|86/100|[from] Recoil
|
|upkeep
|
|t:|1760462242
|switch|p1a: Forretress|Forretress, M|100/100
|turn|4
|
|t:|1760462246
|switch|p2a: Cinderace|Cinderace, M|100/100
|move|p1a: Forretress|Ice Spinner|p2a: Cinderace
|-resisted|p2a: Cinderace
|-damage|p2a: Cinderace|85/100
|
|upkeep
|turn|5
|
|t:|1760462254
|switch|p1a: Swampert|Swampert, F|100/100
|move|p2a: Cinderace|High Jump Kick|p1a: Swampert
|-start|p2a: Cinderace|typechange|Fighting|[from] ability: Libero
|-damage|p1a: Swampert|44/100
|
|-heal|p1a: Swampert|50/100|[from] item: Leftovers
|upkeep
|turn|6
|
|t:|1760462265
|move|p2a: Cinderace|High Jump Kick|p1a: Swampert
|-damage|p1a: Swampert|0 fnt
|faint|p1a: Swampert
|
|upkeep
|
|t:|1760462281
|switch|p1a: Bellibolt|Bellibolt, F|100/100
|turn|7
|
|t:|1760462288
|move|p2a: Cinderace|U-turn|p1a: Bellibolt
|-damage|p1a: Bellibolt|82/100
|-start|p1a: Bellibolt|Charge|U-turn|[from] ability: Electromorphosis
|
|t:|1760462292
|switch|p2a: Garchomp|Garchomp, M, shiny|100/100|[from] U-turn
|move|p1a: Bellibolt|Chilling Water|p2a: Garchomp
|-damage|p2a: Garchomp|82/100
|-unboost|p2a: Garchomp|atk|1
|
|upkeep
|turn|8
|
|t:|1760462302
|switch|p1a: Forretress|Forretress, M|100/100
|move|p2a: Garchomp|Swords Dance|p2a: Garchomp
|-boost|p2a: Garchomp|atk|2
|
|upkeep
|turn|9
|
|t:|1760462309
|move|p2a: Garchomp|Earthquake|p1a: Forretress
|-damage|p1a: Forretress|47/100
|move|p1a: Forretress|Ice Spinner|p2a: Garchomp
|-supereffective|p2a: Garchomp
|-damage|p2a: Garchomp|0 fnt
|-damage|p1a: Forretress|35/100|[from] ability: Rough Skin|[of] p2a: Garchomp
|-damage|p1a: Forretress|18/100|[from] item: Rocky Helmet|[of] p2a: Garchomp
|faint|p2a: Garchomp
|
|upkeep
|
|t:|1760462320
|switch|p2a: Mienshao|Mienshao, F|100/100
|turn|10
|
|t:|1760462324
|move|p2a: Mienshao|High Jump Kick|p1a: Forretress
|-damage|p1a: Forretress|0 fnt
|faint|p1a: Forretress
|
|upkeep
|
|t:|1760462328
|switch|p1a: Bellibolt|Bellibolt, F|82/100
|turn|11
|
|t:|1760462332
|move|p2a: Mienshao|Triple Axel|p1a: Bellibolt
|-damage|p1a: Bellibolt|76/100
|-start|p1a: Bellibolt|Charge|Triple Axel|[from] ability: Electromorphosis
|-damage|p1a: Bellibolt|64/100
|-start|p1a: Bellibolt|Charge|Triple Axel|[from] ability: Electromorphosis
|-damage|p1a: Bellibolt|47/100
|-start|p1a: Bellibolt|Charge|Triple Axel|[from] ability: Electromorphosis
|-hitcount|p1a: Bellibolt|3
|move|p1a: Bellibolt|Parabolic Charge|p2a: Mienshao
|-damage|p2a: Mienshao|0 fnt
|-heal|p1a: Bellibolt|89/100|[from] drain|[of] p2a: Mienshao
|faint|p2a: Mienshao
|-end|p1a: Bellibolt|Charge|[silent]
|
|upkeep
|
|t:|1760462350
|switch|p2a: Braviary|Braviary, M|86/100
|turn|12
|
|t:|1760462354
|switch|p2a: Rotom|Rotom-Wash|100/100
|move|p1a: Bellibolt|Parabolic Charge|p2a: Rotom
|-damage|p2a: Rotom|68/100
|-heal|p1a: Bellibolt|100/100|[from] drain|[of] p2a: Rotom
|
|upkeep
|turn|13
|
|t:|1760462363
|move|p2a: Rotom|Hydro Pump|p1a: Bellibolt|[miss]
|-miss|p2a: Rotom|p1a: Bellibolt
|move|p1a: Bellibolt|Parabolic Charge|p2a: Rotom
|-crit|p2a: Rotom
|-damage|p2a: Rotom|19/100
|
|upkeep
|turn|14
|-message|hoa long coc forfeited.
|
|win|Nilesh vengurlekar
|raw|Nilesh vengurlekar's rating: 1138 &rarr; <strong>1159</strong><br />(+21 for winning)
|raw|hoa long coc's rating: 1086 &rarr; <strong>1067</strong><br />(-19 for losing)
|l|☆hoa long coc
|player|p2|
|l|☆Nilesh vengurlekar
|player|p1|
