|j|☆coping walrus
|j|☆zeroaryami
|t:|1760451649
|gametype|singles
|player|p1|coping walrus|wattson|1262
|player|p2|zeroaryami|dawn|1271
|gen|9
|tier|[Gen 9] OU
|rated|
|rule|HP Percentage Mod: HP is shown in percentages
|rule|Endless Battle Clause: Forcing endless battles is banned
|rule|Species Clause: Limit one of each Pokémon
|rule|OHKO Clause: OHKO moves are banned
|rule|Evasion Items Clause: Evasion items are banned
|rule|Evasion Moves Clause: Evasion moves are banned
|rule|Evasion Abilities Clause: Evasion abilities are banned
|rule|Sleep Moves Clause: Sleep-inducing moves are banned
|clearpoke
|poke|p1|Abomasnow, F|
|poke|p1|Diancie|
|poke|p1|Staraptor, F|
|poke|p1|Volcanion|
|poke|p1|Polteageist|
|poke|p1|Maushold|
|poke|p2|Darkrai|
|poke|p2|Iron Valiant|
|poke|p2|Ogerpon-Wellspring, F|
|poke|p2|Pecharunt|
|poke|p2|Raging Bolt|
|poke|p2|Dragonite, M|
|teampreview
|inactive|Battle timer is ON: inactive players will automatically lose when time's up. (requested by coping walrus)
|
|t:|1760451662
|teamsize|p1|6
|teamsize|p2|6
|start
|switch|p1a: Yukon Cornelius|Abomasnow, F, shiny|100/100
|switch|p2a: Ogerpon|Ogerpon-Wellspring, F|100/100
|-weather|Snowscape|[from] ability: Snow Warning|[of] p1a: Yukon Cornelius
|turn|1
|
|t:|1760451672
|move|p2a: Ogerpon|Play Rough|p1a: Yukon Cornelius|[miss]
|-miss|p2a: Ogerpon|p1a: Yukon Cornelius
|move|p1a: Yukon Cornelius|Blizzard|p2a: Ogerpon
|-damage|p2a: Ogerpon|47/100
|
|-weather|Snowscape|[upkeep]
|upkeep
|turn|2
|
|t:|1760451685
|-terastallize|p2a: Ogerpon|Water
|detailschange|p2a: Ogerpon|Ogerpon-Wellspring-Tera, F, tera:Water
|-ability|p2a: Ogerpon|Embody Aspect (Wellspring)|boost
|-boost|p2a: Ogerpon|spd|1
|move|p2a: Ogerpon|Encore|p1a: Yukon Cornelius
|-start|p1a: Yukon Cornelius|Encore
|move|p1a: Yukon Cornelius|Blizzard|p2a: Ogerpon
|-resisted|p2a: Ogerpon
|-damage|p2a: Ogerpon|26/100
|
|-weather|Snowscape|[upkeep]
|upkeep
|turn|3
|
|t:|1760451696
|move|p2a: Ogerpon|Play Rough|p1a: Yukon Cornelius
|-damage|p1a: Yukon Cornelius|73/100
|move|p1a: Yukon Cornelius|Blizzard|p2a: Ogerpon
|-resisted|p2a: Ogerpon
|-damage|p2a: Ogerpon|7/100
|
|-weather|Snowscape|[upkeep]
|upkeep
|turn|4
|
|t:|1760451704
|move|p2a: Ogerpon|Play Rough|p1a: Yukon Cornelius
|-crit|p1a: Yukon Cornelius
|-damage|p1a: Yukon Cornelius|33/100
|move|p1a: Yukon Cornelius|Blizzard|p2a: Ogerpon
|-resisted|p2a: Ogerpon
|-damage|p2a: Ogerpon|0 fnt
|faint|p2a: Ogerpon
|detailschange|p2: Ogerpon|Ogerpon-Wellspring, F|[silent]
|
|-weather|Snowscape|[upkeep]
|-end|p1a: Yukon Cornelius|Encore
|upkeep
|
|t:|1760451715
|switch|p2a: Dragonite|Dragonite, M|100/100
|turn|5
|
|t:|1760451730
|switch|p1a: Private Dancer|Diancie, shiny|100/100
|move|p2a: Dragonite|Scale Shot|p1a: Private Dancer
|-immune|p1a: Private Dancer
|
|-weather|none
|upkeep
|turn|6
|
|t:|1760451744
|switch|p2a: Pecharunt|Pecharunt|100/100
|move|p1a: Private Dancer|Calm Mind|p1a: Private Dancer
|-boost|p1a: Private Dancer|spa|1
|-boost|p1a: Private Dancer|spd|1
|
|upkeep
|turn|7
|
|t:|1760451771
|switch|p1a: Hawk Tuah|Staraptor, F, shiny|100/100
|move|p2a: Pecharunt|Malignant Chain|p1a: Hawk Tuah
|-damage|p1a: Hawk Tuah|45/100
|
|upkeep
|turn|8
|
|t:|1760451784
|-terastallize|p1a: Hawk Tuah|Steel
|move|p1a: Hawk Tuah|Brave Bird|p2a: Pecharunt
|-damage|p2a: Pecharunt|54/100
|-damage|p1a: Hawk Tuah|26/100|[from] Recoil
|move|p2a: Pecharunt|Malignant Chain|p1a: Hawk Tuah
|-immune|p1a: Hawk Tuah
|
|-heal|p2a: Pecharunt|60/100|[from] item: Leftovers
|upkeep
|turn|9
|
|t:|1760451794
|move|p1a: Hawk Tuah|Brave Bird|p2a: Pecharunt
|-damage|p2a: Pecharunt|11/100
|-damage|p1a: Hawk Tuah|6/100|[from] Recoil
|move|p2a: Pecharunt|Recover|p2a: Pecharunt
|-heal|p2a: Pecharunt|61/100
|
|-heal|p2a: Pecharunt|67/100|[from] item: Leftovers
|upkeep
|turn|10
|
|t:|1760451803
|move|p1a: Hawk Tuah|Brave Bird|p2a: Pecharunt
|-damage|p2a: Pecharunt|13/100
|-damage|p1a: Hawk Tuah|0 fnt|[from] Recoil
|faint|p1a: Hawk Tuah
|move|p2a: Pecharunt|Recover|p2a: Pecharunt
|-heal|p2a: Pecharunt|64/100
|
|-heal|p2a: Pecharunt|70/100|[from] item: Leftovers
|upkeep
|
|t:|1760451819
|switch|p1a: Winslow|Maushold, shiny|100/100
|turn|11
|
|t:|1760451829
|move|p1a: Winslow|Encore|p2a: Pecharunt
|-start|p2a: Pecharunt|Encore
|move|p2a: Pecharunt|Recover|p2a: Pecharunt
|-heal|p2a: Pecharunt|100/100
|
|upkeep
|turn|12
|
|t:|1760451847
|switch|p2a: Dragonite|Dragonite, M|100/100
|move|p1a: Winslow|Tidy Up|p1a: Winslow
|-boost|p1a: Winslow|atk|1
|-boost|p1a: Winslow|spe|1
|
|upkeep
|turn|13
|
|t:|1760451859
|switch|p2a: Pecharunt|Pecharunt|100/100
|move|p1a: Winslow|Population Bomb|p2a: Pecharunt
|-immune|p2a: Pecharunt
|
|upkeep
|turn|14
|
|t:|1760451868
|move|p1a: Winslow|Bite|p2a: Pecharunt
|-supereffective|p2a: Pecharunt
|-damage|p2a: Pecharunt|68/100
|move|p2a: Pecharunt|Substitute|p2a: Pecharunt
|-start|p2a: Pecharunt|Substitute
|-damage|p2a: Pecharunt|43/100
|
|-heal|p2a: Pecharunt|49/100|[from] item: Leftovers
|upkeep
|turn|15
|
|t:|1760451877
|move|p1a: Winslow|Bite|p2a: Pecharunt
|-supereffective|p2a: Pecharunt
|-end|p2a: Pecharunt|Substitute
|move|p2a: Pecharunt|Recover|p2a: Pecharunt
|-heal|p2a: Pecharunt|99/100
|
|-heal|p2a: Pecharunt|100/100|[from] item: Leftovers
|upkeep
|turn|16
|
|t:|1760451885
|switch|p2a: Dragonite|Dragonite, M|100/100
|move|p1a: Winslow|Encore||[still]
|-fail|p1a: Winslow
|
|upkeep
|turn|17
|
|t:|1760451892
|move|p1a: Winslow|Tidy Up|p1a: Winslow
|-boost|p1a: Winslow|atk|1
|-boost|p1a: Winslow|spe|1
|move|p2a: Dragonite|Scale Shot|p1a: Winslow
|-damage|p1a: Winslow|77/100
|-damage|p1a: Winslow|54/100
|-damage|p1a: Winslow|31/100
|-damage|p1a: Winslow|7/100
|-hitcount|p1a: Winslow|4
|-unboost|p2a: Dragonite|def|1
|-boost|p2a: Dragonite|spe|1
|
|upkeep
|turn|18
|
|t:|1760451908
|move|p2a: Dragonite|Extreme Speed|p1a: Winslow
|-damage|p1a: Winslow|0 fnt
|faint|p1a: Winslow
|
|upkeep
|
|t:|1760451922
|switch|p1a: Private Dancer|Diancie, shiny|100/100
|turn|19
|
|t:|1760451932
|move|p2a: Dragonite|Earthquake|p1a: Private Dancer
|-supereffective|p1a: Private Dancer
|-damage|p1a: Private Dancer|42/100
|move|p1a: Private Dancer|Diamond Storm|p2a: Dragonite
|-supereffective|p2a: Dragonite
|-damage|p2a: Dragonite|50/100
|-boost|p1a: Private Dancer|def|2
|
|-heal|p1a: Private Dancer|48/100|[from] item: Leftovers
|upkeep
|turn|20
|
|t:|1760451944
|move|p2a: Dragonite|Tailwind|p2a: Dragonite
|-sidestart|p2: zeroaryami|move: Tailwind
|move|p1a: Private Dancer|Diamond Storm|p2a: Dragonite
|-supereffective|p2a: Dragonite
|-damage|p2a: Dragonite|0 fnt
|-boost|p1a: Private Dancer|def|2
|faint|p2a: Dragonite
|
|-heal|p1a: Private Dancer|54/100|[from] item: Leftovers
|upkeep
|
|t:|1760451951
|switch|p2a: Pecharunt|Pecharunt|100/100
|turn|21
|inactive|coping walrus has 120 seconds left.
|
|t:|1760451981
|switch|p1a: Bagga Hot Cheetos|Volcanion|100/100
|move|p2a: Pecharunt|Malignant Chain|p1a: Bagga Hot Cheetos
|-damage|p1a: Bagga Hot Cheetos|59/100
|
|upkeep
|turn|22
|inactive|coping walrus has 120 seconds left.
|
|t:|1760451993
|move|p2a: Pecharunt|Parting Shot|p1a: Bagga Hot Cheetos
|-unboost|p1a: Bagga Hot Cheetos|atk|1
|-unboost|p1a: Bagga Hot Cheetos|spa|1
|
|t:|1760452004
|switch|p2a: Raging Bolt|Raging Bolt|100/100|[from] Parting Shot
|move|p1a: Bagga Hot Cheetos|Earth Power|p2a: Raging Bolt
|-supereffective|p2a: Raging Bolt
|-damage|p2a: Raging Bolt|61/100
|
|upkeep
|turn|23
|
|t:|1760452012
|switch|p1a: Private Dancer|Diancie, shiny|54/100
|move|p2a: Raging Bolt|Volt Switch|p1a: Private Dancer
|-damage|p1a: Private Dancer|0 fnt
|faint|p1a: Private Dancer
|
|t:|1760452025
|-end|p2a: Raging Bolt|Protosynthesis|[silent]
|switch|p2a: Pecharunt|Pecharunt|100/100|[from] Volt Switch
|
|-sideend|p2: zeroaryami|move: Tailwind
|upkeep
|
|t:|1760452031
|switch|p1a: Mrs. Potts|Polteageist, shiny|100/100
|turn|24
|
|t:|1760452042
|move|p1a: Mrs. Potts|Shell Smash|p1a: Mrs. Potts
|-unboost|p1a: Mrs. Potts|def|1
|-unboost|p1a: Mrs. Potts|spd|1
|-boost|p1a: Mrs. Potts|atk|2
|-boost|p1a: Mrs. Potts|spa|2
|-boost|p1a: Mrs. Potts|spe|2
|move|p2a: Pecharunt|Parting Shot|p1a: Mrs. Potts
|-unboost|p1a: Mrs. Potts|atk|1
|-unboost|p1a: Mrs. Potts|spa|1
|
|t:|1760452058
|switch|p2a: Iron Valiant|Iron Valiant|100/100|[from] Parting Shot
|-enditem|p2a: Iron Valiant|Booster Energy
|-activate|p2a: Iron Valiant|ability: Quark Drive|[fromitem]
|-start|p2a: Iron Valiant|quarkdrivespe
|
|upkeep
|turn|25
|
|t:|1760452065
|move|p2a: Iron Valiant|Shadow Ball|p1a: Mrs. Potts
|-supereffective|p1a: Mrs. Potts
|-damage|p1a: Mrs. Potts|8/100
|move|p1a: Mrs. Potts|Stored Power|p2a: Iron Valiant
|-supereffective|p2a: Iron Valiant
|-damage|p2a: Iron Valiant|0 fnt
|faint|p2a: Iron Valiant
|-end|p2a: Iron Valiant|Quark Drive|[silent]
|
|upkeep
|
|t:|1760452071
|switch|p2a: Raging Bolt|Raging Bolt|61/100
|turn|26
|
|t:|1760452076
|move|p2a: Raging Bolt|Thunderclap||[still]
|-fail|p2a: Raging Bolt
|move|p1a: Mrs. Potts|Strength Sap|p2a: Raging Bolt
|-unboost|p2a: Raging Bolt|atk|1
|-heal|p1a: Mrs. Potts|70/100
|
|upkeep
|turn|27
|
|t:|1760452088
|move|p2a: Raging Bolt|Thunderclap||[still]
|-fail|p2a: Raging Bolt
|move|p1a: Mrs. Potts|Strength Sap|p2a: Raging Bolt
|-unboost|p2a: Raging Bolt|atk|1
|-heal|p1a: Mrs. Potts|100/100
|
|upkeep
|turn|28
|
|t:|1760452096
|move|p2a: Raging Bolt|Thunderclap||[still]
|-fail|p2a: Raging Bolt
|move|p1a: Mrs. Potts|Shell Smash|p1a: Mrs. Potts
|-unboost|p1a: Mrs. Potts|def|1
|-unboost|p1a: Mrs. Potts|spd|1
|-boost|p1a: Mrs. Potts|atk|2
|-boost|p1a: Mrs. Potts|spa|2
|-boost|p1a: Mrs. Potts|spe|2
|
|upkeep
|turn|29
|
|t:|1760452105
|move|p2a: Raging Bolt|Thunderclap|p1a: Mrs. Potts
|-enditem|p1a: Mrs. Potts|Focus Sash
|-damage|p1a: Mrs. Potts|1/100
|move|p1a: Mrs. Potts|Stored Power|p2a: Raging Bolt
|-damage|p2a: Raging Bolt|0 fnt
|faint|p2a: Raging Bolt
|-end|p2a: Raging Bolt|Protosynthesis|[silent]
|
|upkeep
|
|t:|1760452117
|switch|p2a: Darkrai|Darkrai|100/100
|turn|30
|
|t:|1760452125
|move|p1a: Mrs. Potts|Shadow Ball|p2a: Darkrai
|-resisted|p2a: Darkrai
|-damage|p2a: Darkrai|17/100
|move|p2a: Darkrai|Dark Pulse|p1a: Mrs. Potts
|-supereffective|p1a: Mrs. Potts
|-damage|p1a: Mrs. Potts|0 fnt
|faint|p1a: Mrs. Potts
|-damage|p2a: Darkrai|7/100|[from] item: Life Orb
|
|upkeep
|
|t:|1760452138
|switch|p1a: Yukon Cornelius|Abomasnow, F, shiny|33/100
|-weather|Snowscape|[from] ability: Snow Warning|[of] p1a: Yukon Cornelius
|turn|31
|
|t:|1760452143
|switch|p2a: Pecharunt|Pecharunt|100/100
|move|p1a: Yukon Cornelius|Aurora Veil|p1a: Yukon Cornelius
|-sidestart|p1: coping walrus|move: Aurora Veil
|
|-weather|Snowscape|[upkeep]
|upkeep
|turn|32
|
|t:|1760452153
|move|p2a: Pecharunt|Malignant Chain|p1a: Yukon Cornelius
|-supereffective|p1a: Yukon Cornelius
|-damage|p1a: Yukon Cornelius|0 fnt
|faint|p1a: Yukon Cornelius
|
|-weather|Snowscape|[upkeep]
|upkeep
|
|t:|1760452160
|switch|p1a: Bagga Hot Cheetos|Volcanion|59/100
|turn|33
|
|t:|1760452174
|move|p1a: Bagga Hot Cheetos|Steam Eruption|p2a: Pecharunt
|-damage|p2a: Pecharunt|33/100
|move|p2a: Pecharunt|Malignant Chain|p1a: Bagga Hot Cheetos
|-damage|p1a: Bagga Hot Cheetos|39/100
|-status|p1a: Bagga Hot Cheetos|tox
|-start|p1a: Bagga Hot Cheetos|confusion|[from] ability: Poison Puppeteer|[of] p2a: Pecharunt
|
|-weather|Snowscape|[upkeep]
|-heal|p2a: Pecharunt|39/100|[from] item: Leftovers
|-damage|p1a: Bagga Hot Cheetos|33/100 tox|[from] psn
|upkeep
|turn|34
|
|t:|1760452185
|-activate|p1a: Bagga Hot Cheetos|confusion
|move|p1a: Bagga Hot Cheetos|Steam Eruption|p2a: Pecharunt
|-damage|p2a: Pecharunt|0 fnt
|faint|p2a: Pecharunt
|
|-weather|Snowscape|[upkeep]
|-damage|p1a: Bagga Hot Cheetos|21/100 tox|[from] psn
|upkeep
|
|t:|1760452188
|switch|p2a: Darkrai|Darkrai|7/100
|turn|35
|
|t:|1760452193
|move|p2a: Darkrai|Dark Pulse|p1a: Bagga Hot Cheetos
|-damage|p1a: Bagga Hot Cheetos|0 fnt
|faint|p1a: Bagga Hot Cheetos
|-damage|p2a: Darkrai|0 fnt|[from] item: Life Orb
|faint|p2a: Darkrai
|
|win|zeroaryami
|raw|coping walrus's rating: 1262 &rarr; <strong>1238</strong><br />(-24 for losing)
|raw|zeroaryami's rating: 1271 &rarr; <strong>1295</strong><br />(+24 for winning)
|l|☆zeroaryami
|player|p2|
|c|☆coping walrus|gg
