|j|☆Nomanmake
|j|☆DNU_ambassadors
|t:|1760425160
|gametype|singles
|player|p1|Nomanmake|blue-gen1rb|1692
|player|p2|DNU_ambassadors|unknown|1634
|gen|9
|tier|[Gen 9] OU
|rated|
|rule|HP Percentage Mod: HP is shown in percentages
|rule|Endless Battle Clause: Forcing endless battles is banned
|rule|Species Clause: Limit one of each Pokémon
|rule|OHKO Clause: OHKO moves are banned
|rule|Evasion Items Clause: Evasion items are banned
|rule|Evasion Moves Clause: Evasion moves are banned
|rule|Evasion Abilities Clause: Evasion abilities are banned
|rule|Sleep Moves Clause: Sleep-inducing moves are banned
|clearpoke
|poke|p1|Landorus-Therian, M|
|poke|p1|Samurott-Hisui, M|
|poke|p1|Pecharunt|
|poke|p1|Scizor, F|
|poke|p1|Latios, M|
|poke|p1|Zamazenta-*|
|poke|p2|Deoxys-Speed|
|poke|p2|Ceruledge, F|
|poke|p2|Iron Crown|
|poke|p2|Gliscor, F|
|poke|p2|Gholdengo|
|poke|p2|Ogerpon-Wellspring, F|
|teampreview
|inactive|Battle timer is ON: inactive players will automatically lose when time's up. (requested by DNU_ambassadors)
|j| iamfrhaan007
|
|t:|1760425171
|teamsize|p1|6
|teamsize|p2|6
|start
|switch|p1a: Latios|Latios, M|100/100
|switch|p2a: Ogerpon|Ogerpon-Wellspring, F|100/100
|turn|1
|
|t:|1760425194
|switch|p2a: Gholdengo|Gholdengo|100/100
|switch|p1a: Landorus|Landorus-Therian, M|100/100
|-ability|p1a: Landorus|Intimidate|boost
|-unboost|p2a: Gholdengo|atk|1
|
|upkeep
|turn|2
|
|t:|1760425207
|switch|p2a: Gliscor|Gliscor, F|100/100
|move|p1a: Landorus|Stealth Rock|p2a: Gliscor
|-sidestart|p2: DNU_ambassadors|move: Stealth Rock
|
|-status|p2a: Gliscor|tox|[from] item: Toxic Orb
|upkeep
|turn|3
|
|t:|1760425230
|switch|p1a: Samurott|Samurott-Hisui, M|100/100
|move|p2a: Gliscor|Swords Dance|p2a: Gliscor
|-boost|p2a: Gliscor|atk|2
|
|upkeep
|turn|4
|inactive|DNU_ambassadors has 120 seconds left.
|
|t:|1760425259
|move|p1a: Samurott|Razor Shell|p2a: Gliscor
|-supereffective|p2a: Gliscor
|-damage|p2a: Gliscor|12/100 tox
|-unboost|p2a: Gliscor|def|1
|move|p2a: Gliscor|Facade|p1a: Samurott
|-damage|p1a: Samurott|32/100
|
|-heal|p2a: Gliscor|24/100 tox|[from] ability: Poison Heal
|upkeep
|turn|5
|
|t:|1760425271
|move|p2a: Gliscor|Protect|p2a: Gliscor
|-singleturn|p2a: Gliscor|Protect
|move|p1a: Samurott|Ceaseless Edge|p2a: Gliscor
|-activate|p2a: Gliscor|move: Protect
|
|-heal|p2a: Gliscor|37/100 tox|[from] ability: Poison Heal
|upkeep
|turn|6
|
|t:|1760425281
|move|p1a: Samurott|Ceaseless Edge|p2a: Gliscor
|-damage|p2a: Gliscor|0 fnt
|-sidestart|p2: DNU_ambassadors|Spikes
|faint|p2a: Gliscor
|
|upkeep
|l| iamfrhaan007
|inactive|DNU_ambassadors has 120 seconds left.
|
|t:|1760425307
|switch|p2a: Deoxys|Deoxys-Speed|100/100
|-damage|p2a: Deoxys|88/100|[from] Stealth Rock
|-damage|p2a: Deoxys|76/100|[from] Spikes
|-ability|p2a: Deoxys|Pressure
|turn|7
|
|t:|1760425315
|move|p1a: Samurott|Aqua Jet|p2a: Deoxys
|-damage|p2a: Deoxys|51/100
|move|p2a: Deoxys|Reflect|p2a: Deoxys
|-sidestart|p2: DNU_ambassadors|Reflect
|
|upkeep
|turn|8
|
|t:|1760425320
|move|p2a: Deoxys|Light Screen|p2a: Deoxys
|-sidestart|p2: DNU_ambassadors|move: Light Screen
|move|p1a: Samurott|Ceaseless Edge|p2a: Deoxys
|-supereffective|p2a: Deoxys
|-damage|p2a: Deoxys|0 fnt
|-sidestart|p2: DNU_ambassadors|Spikes
|faint|p2a: Deoxys
|
|upkeep
|
|t:|1760425325
|switch|p2a: Ogerpon|Ogerpon-Wellspring, F|100/100
|-damage|p2a: Ogerpon|88/100|[from] Stealth Rock
|-damage|p2a: Ogerpon|72/100|[from] Spikes
|turn|9
|
|t:|1760425334
|move|p2a: Ogerpon|Swords Dance|p2a: Ogerpon
|-boost|p2a: Ogerpon|atk|2
|move|p1a: Samurott|Ceaseless Edge|p2a: Ogerpon
|-damage|p2a: Ogerpon|37/100
|-sidestart|p2: DNU_ambassadors|Spikes
|
|upkeep
|turn|10
|
|t:|1760425338
|move|p2a: Ogerpon|Trailblaze|p1a: Samurott
|-supereffective|p1a: Samurott
|-damage|p1a: Samurott|0 fnt
|-boost|p2a: Ogerpon|spe|1
|faint|p1a: Samurott
|
|upkeep
|
|t:|1760425349
|switch|p1a: Zamazenta|Zamazenta|100/100
|-ability|p1a: Zamazenta|Dauntless Shield|boost
|-boost|p1a: Zamazenta|def|1
|turn|11
|
|t:|1760425358
|move|p2a: Ogerpon|Ivy Cudgel|p1a: Zamazenta|[anim] Ivy Cudgel Water
|-damage|p1a: Zamazenta|43/100
|move|p1a: Zamazenta|Roar|p2a: Ogerpon
|drag|p2a: Iron Crown|Iron Crown|100/100
|-damage|p2a: Iron Crown|94/100|[from] Stealth Rock
|-damage|p2a: Iron Crown|70/100|[from] Spikes
|-enditem|p2a: Iron Crown|Booster Energy
|-activate|p2a: Iron Crown|ability: Quark Drive|[fromitem]
|-start|p2a: Iron Crown|quarkdrivespe
|
|-heal|p1a: Zamazenta|49/100|[from] item: Leftovers
|upkeep
|turn|12
|
|t:|1760425369
|move|p2a: Iron Crown|Psychic Noise|p1a: Zamazenta
|-supereffective|p1a: Zamazenta
|-damage|p1a: Zamazenta|0 fnt
|faint|p1a: Zamazenta
|
|upkeep
|
|t:|1760425374
|switch|p1a: Scizor|Scizor, F|100/100
|turn|13
|
|t:|1760425380
|move|p2a: Iron Crown|Calm Mind|p2a: Iron Crown
|-boost|p2a: Iron Crown|spa|1
|-boost|p2a: Iron Crown|spd|1
|move|p1a: Scizor|Swords Dance|p1a: Scizor
|-boost|p1a: Scizor|atk|2
|
|upkeep
|turn|14
|
|t:|1760425392
|move|p2a: Iron Crown|Tachyon Cutter|p1a: Scizor
|-resisted|p1a: Scizor
|-damage|p1a: Scizor|75/100
|-resisted|p1a: Scizor
|-crit|p1a: Scizor
|-damage|p1a: Scizor|38/100
|-hitcount|p1a: Scizor|2
|move|p1a: Scizor|Knock Off|p2a: Iron Crown
|-supereffective|p2a: Iron Crown
|-damage|p2a: Iron Crown|24/100
|
|-sideend|p2: DNU_ambassadors|Reflect
|upkeep
|turn|15
|
|t:|1760425401
|move|p1a: Scizor|Bullet Punch|p2a: Iron Crown
|-resisted|p2a: Iron Crown
|-damage|p2a: Iron Crown|0 fnt
|faint|p2a: Iron Crown
|-end|p2a: Iron Crown|Quark Drive|[silent]
|
|-sideend|p2: DNU_ambassadors|move: Light Screen
|upkeep
|
|t:|1760425412
|switch|p2a: Ceruledge|Ceruledge, F, shiny|100/100
|-damage|p2a: Ceruledge|76/100|[from] Stealth Rock
|-damage|p2a: Ceruledge|51/100|[from] Spikes
|turn|16
|
|t:|1760425418
|move|p2a: Ceruledge|Bitter Blade|p1a: Scizor
|-supereffective|p1a: Scizor
|-damage|p1a: Scizor|0 fnt
|-heal|p2a: Ceruledge|69/100|[from] drain|[of] p1a: Scizor
|faint|p1a: Scizor
|
|upkeep
|
|t:|1760425420
|switch|p1a: Landorus|Landorus-Therian, M|100/100
|-ability|p1a: Landorus|Intimidate|boost
|-unboost|p2a: Ceruledge|atk|1
|turn|17
|
|t:|1760425440
|switch|p2a: Ogerpon|Ogerpon-Wellspring, F|37/100
|-damage|p2a: Ogerpon|25/100|[from] Stealth Rock
|-damage|p2a: Ogerpon|0 fnt|[from] Spikes
|faint|p2a: Ogerpon
|move|p1a: Landorus|Earthquake|p2: Ogerpon|[notarget]
|-fail|p1a: Landorus
|
|upkeep
|
|t:|1760425453
|switch|p2a: Ceruledge|Ceruledge, F, shiny|69/100
|-damage|p2a: Ceruledge|44/100|[from] Stealth Rock
|-damage|p2a: Ceruledge|19/100|[from] Spikes
|turn|18
|inactive|DNU_ambassadors has 120 seconds left.
|
|t:|1760425489
|-terastallize|p2a: Ceruledge|Ghost
|move|p2a: Ceruledge|Shadow Sneak|p1a: Landorus
|-damage|p1a: Landorus|72/100
|-damage|p2a: Ceruledge|3/100|[from] item: Rocky Helmet|[of] p1a: Landorus
|move|p1a: Landorus|Earthquake|p2a: Ceruledge
|-damage|p2a: Ceruledge|0 fnt
|faint|p2a: Ceruledge
|
|upkeep
|
|t:|1760425494
|switch|p2a: Gholdengo|Gholdengo|100/100
|-damage|p2a: Gholdengo|94/100|[from] Stealth Rock
|-damage|p2a: Gholdengo|70/100|[from] Spikes
|turn|19
|
|t:|1760425500
|move|p2a: Gholdengo|Shadow Ball|p1a: Landorus
|-damage|p1a: Landorus|30/100
|move|p1a: Landorus|Stealth Rock||[still]
|-fail|p1a: Landorus
|
|upkeep
|turn|20
|
|t:|1760425505
|move|p2a: Gholdengo|Shadow Ball|p1a: Landorus
|-damage|p1a: Landorus|0 fnt
|faint|p1a: Landorus
|
|upkeep
|
|t:|1760425509
|switch|p1a: Pecharunt|Pecharunt|100/100
|turn|21
|
|t:|1760425512
|move|p2a: Gholdengo|Shadow Ball|p1a: Pecharunt
|-supereffective|p1a: Pecharunt
|-damage|p1a: Pecharunt|21/100
|-unboost|p1a: Pecharunt|spd|1
|move|p1a: Pecharunt|Shadow Ball|p2a: Gholdengo
|-supereffective|p2a: Gholdengo
|-damage|p2a: Gholdengo|14/100
|
|upkeep
|turn|22
|
|t:|1760425518
|move|p2a: Gholdengo|Shadow Ball|p1a: Pecharunt
|-supereffective|p1a: Pecharunt
|-damage|p1a: Pecharunt|0 fnt
|faint|p1a: Pecharunt
|
|upkeep
|
|t:|1760425520
|switch|p1a: Latios|Latios, M|100/100
|turn|23
|
|t:|1760425522
|-terastallize|p1a: Latios|Steel
|move|p2a: Gholdengo|Shadow Ball|p1a: Latios
|-damage|p1a: Latios|59/100
|move|p1a: Latios|Psychic Noise|p2a: Gholdengo
|-resisted|p2a: Gholdengo
|-damage|p2a: Gholdengo|0 fnt
|faint|p2a: Gholdengo
|
|win|Nomanmake
|raw|Nomanmake's rating: 1692 &rarr; <strong>1709</strong><br />(+17 for winning)
|raw|DNU_ambassadors's rating: 1634 &rarr; <strong>1617</strong><br />(-17 for losing)
|l|☆DNU_ambassadors
|player|p2|
|c|☆Nomanmake|!showteam
|c| Nomanmake|/raw <div class="infobox"><details><summary>View team</summary>Landorus (Landorus-Therian) (M) @ Rocky Helmet  <br />Ability: Intimidate  <br />Tera Type: Ghost  <br />EVs: 248 HP &#x2f; 8 Atk &#x2f; 252 Spe  <br />Jolly Nature  <br />- Earthquake  <br />- U-turn  <br />- Stealth Rock  <br />- Smack Down  <br /><br />Samurott (Samurott-Hisui) @ Assault Vest  <br />Ability: Sharpness  <br />Tera Type: Ground  <br />EVs: 72 HP &#x2f; 252 Atk &#x2f; 184 Spe  <br />Adamant Nature  <br />- Aqua Jet  <br />- Ceaseless Edge  <br />- Knock Off  <br />- Razor Shell  <br /><br />Pecharunt @ Heavy-Duty Boots  <br />Ability: Poison Puppeteer  <br />Tera Type: Ghost  <br />EVs: 248 HP &#x2f; 8 Def &#x2f; 252 Spe  <br />Timid Nature  <br />IVs: 0 Atk  <br />- Malignant Chain  <br />- Shadow Ball  <br />- Parting Shot  <br />- Recover  <br /><br />Scizor @ Heavy-Duty Boots  <br />Ability: Technician  <br />Tera Type: Electric  <br />EVs: 252 Atk &#x2f; 4 SpD &#x2f; 252 Spe  <br />Adamant Nature  <br />- Swords Dance  <br />- Bullet Punch  <br />- Knock Off  <br />- Tera Blast  <br /><br />Latios (M) @ Soul Dew  <br />Ability: Levitate  <br />Tera Type: Steel  <br />EVs: 4 Def &#x2f; 252 SpA &#x2f; 252 Spe  <br />IVs: 0 Atk  <br />- Draco Meteor  <br />- Psychic Noise  <br />- Recover  <br />- Calm Mind  <br /><br />Zamazenta @ Leftovers  <br />Ability: Dauntless Shield  <br />Tera Type: Fire  <br />EVs: 76 HP &#x2f; 252 Def &#x2f; 180 Spe  <br />Jolly Nature  <br />- Iron Defense  <br />- Crunch  <br />- Body Press  <br />- Roar  <br /><br /></details></div>
