|j|☆deepak johnson
|j|☆310YM4N74N3R0
|t:|1760440214
|gametype|singles
|player|p1|deepak johnson|swimmerf|1520
|player|p2|310YM4N74N3R0|pokemonrangerf|1612
|gen|9
|tier|[Gen 9] OU
|rated|
|rule|HP Percentage Mod: HP is shown in percentages
|rule|Endless Battle Clause: Forcing endless battles is banned
|rule|Species Clause: Limit one of each Pokémon
|rule|OHKO Clause: OHKO moves are banned
|rule|Evasion Items Clause: Evasion items are banned
|rule|Evasion Moves Clause: Evasion moves are banned
|rule|Evasion Abilities Clause: Evasion abilities are banned
|rule|Sleep Moves Clause: Sleep-inducing moves are banned
|clearpoke
|poke|p1|Gholdengo|
|poke|p1|Ceruledge, F|
|poke|p1|Enamorus, F|
|poke|p1|Ribombee, M|
|poke|p1|Quaquaval, F|
|poke|p1|Iron Treads|
|poke|p2|Yanmega, F|
|poke|p2|Indeedee, M|
|poke|p2|Rillaboom, F|
|poke|p2|Blaziken, M|
|poke|p2|Blastoise, M|
|poke|p2|Tyranitar, F|
|teampreview
|
|t:|1760440226
|teamsize|p1|6
|teamsize|p2|6
|start
|switch|p1a: Ribombee|Ribombee, M, shiny|100/100
|switch|p2a: Blaziken|Blaziken, M|100/100
|turn|1
|
|t:|1760440231
|switch|p2a: Indeedee|Indeedee, M|100/100
|-fieldstart|move: Psychic Terrain|[from] ability: Psychic Surge|[of] p2a: Indeedee
|move|p1a: Ribombee|Sticky Web|p2a: Indeedee
|-sidestart|p2: 310YM4N74N3R0|move: Sticky Web
|
|upkeep
|turn|2
|inactive|Battle timer is ON: inactive players will automatically lose when time's up. (requested by deepak johnson)
|
|t:|1760440238
|move|p2a: Indeedee|Expanding Force|p1a: Ribombee
|-enditem|p1a: Ribombee|Focus Sash
|-damage|p1a: Ribombee|1/100
|move|p1a: Ribombee|Moonblast|p2a: Indeedee
|-damage|p2a: Indeedee|43/100
|
|upkeep
|turn|3
|
|t:|1760440245
|move|p2a: Indeedee|Expanding Force|p1a: Ribombee
|-damage|p1a: Ribombee|0 fnt
|faint|p1a: Ribombee
|
|upkeep
|
|t:|1760440246
|switch|p1a: Iron Treads|Iron Treads|100/100
|-enditem|p1a: Iron Treads|Booster Energy
|-activate|p1a: Iron Treads|ability: Quark Drive|[fromitem]
|-start|p1a: Iron Treads|quarkdriveatk
|turn|4
|
|t:|1760440252
|switch|p2a: Yanmega|Yanmega, F|100/100
|move|p1a: Iron Treads|Rapid Spin|p2a: Yanmega
|-damage|p2a: Yanmega|70/100
|-boost|p1a: Iron Treads|spe|1
|
|upkeep
|turn|5
|
|t:|1760440257
|move|p2a: Yanmega|Protect|p2a: Yanmega
|-singleturn|p2a: Yanmega|Protect
|move|p1a: Iron Treads|Ice Spinner|p2a: Yanmega
|-activate|p2a: Yanmega|move: Protect
|
|-fieldend|move: Psychic Terrain
|-ability|p2a: Yanmega|Speed Boost|boost
|-boost|p2a: Yanmega|spe|1
|upkeep
|turn|6
|
|t:|1760440266
|move|p2a: Yanmega|Air Slash|p1a: Iron Treads
|-resisted|p1a: Iron Treads
|-damage|p1a: Iron Treads|77/100
|move|p1a: Iron Treads|Ice Spinner|p2a: Yanmega
|-supereffective|p2a: Yanmega
|-damage|p2a: Yanmega|0 fnt
|faint|p2a: Yanmega
|
|upkeep
|
|t:|1760440274
|switch|p2a: Blaziken|Blaziken, M|100/100
|-activate|p2a: Blaziken|move: Sticky Web
|-unboost|p2a: Blaziken|spe|1
|turn|7
|
|t:|1760440278
|move|p1a: Iron Treads|Earthquake|p2a: Blaziken
|-supereffective|p2a: Blaziken
|-enditem|p2a: Blaziken|Focus Sash
|-damage|p2a: Blaziken|1/100
|move|p2a: Blaziken|Close Combat|p1a: Iron Treads
|-supereffective|p1a: Iron Treads
|-damage|p1a: Iron Treads|0 fnt
|-unboost|p2a: Blaziken|def|1
|-unboost|p2a: Blaziken|spd|1
|faint|p1a: Iron Treads
|-end|p1a: Iron Treads|Quark Drive|[silent]
|
|-ability|p2a: Blaziken|Speed Boost|boost
|-boost|p2a: Blaziken|spe|1
|upkeep
|
|t:|1760440283
|switch|p1a: Ceruledge|Ceruledge, F|100/100
|turn|8
|
|t:|1760440287
|switch|p2a: Indeedee|Indeedee, M|43/100
|-activate|p2a: Indeedee|move: Sticky Web
|-unboost|p2a: Indeedee|spe|1
|-fieldstart|move: Psychic Terrain|[from] ability: Psychic Surge|[of] p2a: Indeedee
|move|p1a: Ceruledge|Shadow Sneak|p2a: Indeedee
|-activate|p2a: Indeedee|move: Psychic Terrain
|
|upkeep
|turn|9
|
|t:|1760440295
|switch|p2a: Tyranitar|Tyranitar, F, shiny|100/100
|-activate|p2a: Tyranitar|move: Sticky Web
|-unboost|p2a: Tyranitar|spe|1
|-weather|Sandstorm|[from] ability: Sand Stream|[of] p2a: Tyranitar
|switch|p1a: Gholdengo|Gholdengo|100/100
|-item|p1a: Gholdengo|Air Balloon
|
|-weather|Sandstorm|[upkeep]
|upkeep
|turn|10
|
|t:|1760440302
|switch|p1a: Quaquaval|Quaquaval, F|100/100
|move|p2a: Tyranitar|Stone Edge|p1a: Quaquaval
|-resisted|p1a: Quaquaval
|-damage|p1a: Quaquaval|64/100
|
|-weather|Sandstorm|[upkeep]
|-damage|p1a: Quaquaval|58/100|[from] Sandstorm
|upkeep
|turn|11
|
|t:|1760440314
|switch|p2a: Rillaboom|Rillaboom, F|100/100
|-activate|p2a: Rillaboom|move: Sticky Web
|-unboost|p2a: Rillaboom|spe|1
|-fieldstart|move: Grassy Terrain|[from] ability: Grassy Surge|[of] p2a: Rillaboom
|-enditem|p2a: Rillaboom|Grassy Seed
|-boost|p2a: Rillaboom|def|1|[from] item: Grassy Seed
|move|p1a: Quaquaval|Close Combat|p2a: Rillaboom
|-damage|p2a: Rillaboom|57/100
|-unboost|p1a: Quaquaval|def|1
|-unboost|p1a: Quaquaval|spd|1
|
|-weather|Sandstorm|[upkeep]
|-damage|p1a: Quaquaval|52/100|[from] Sandstorm
|-damage|p2a: Rillaboom|51/100|[from] Sandstorm
|-heal|p1a: Quaquaval|58/100|[from] Grassy Terrain
|-heal|p2a: Rillaboom|57/100|[from] Grassy Terrain
|upkeep
|turn|12
|
|t:|1760440324
|switch|p1a: Enamorus|Enamorus, F|100/100
|move|p2a: Rillaboom|Swords Dance|p2a: Rillaboom
|-boost|p2a: Rillaboom|atk|2
|
|-weather|Sandstorm|[upkeep]
|-damage|p1a: Enamorus|94/100|[from] Sandstorm
|-damage|p2a: Rillaboom|51/100|[from] Sandstorm
|-heal|p2a: Rillaboom|57/100|[from] Grassy Terrain
|upkeep
|turn|13
|
|t:|1760440330
|-terastallize|p2a: Rillaboom|Fire
|move|p1a: Enamorus|Moonblast|p2a: Rillaboom
|-resisted|p2a: Rillaboom
|-damage|p2a: Rillaboom|16/100
|-unboost|p2a: Rillaboom|spa|1
|move|p2a: Rillaboom|Acrobatics|p1a: Enamorus
|-damage|p1a: Enamorus|0 fnt
|faint|p1a: Enamorus
|
|-weather|none
|-heal|p2a: Rillaboom|22/100|[from] Grassy Terrain
|upkeep
|
|t:|1760440337
|switch|p1a: Gholdengo|Gholdengo|100/100
|-item|p1a: Gholdengo|Air Balloon
|turn|14
|
|t:|1760440344
|move|p2a: Rillaboom|Grassy Glide|p1a: Gholdengo
|-resisted|p1a: Gholdengo
|-damage|p1a: Gholdengo|56/100
|-enditem|p1a: Gholdengo|Air Balloon
|move|p1a: Gholdengo|Shadow Ball|p2a: Rillaboom
|-damage|p2a: Rillaboom|0 fnt
|faint|p2a: Rillaboom
|
|-heal|p1a: Gholdengo|62/100|[from] Grassy Terrain
|upkeep
|
|t:|1760440355
|switch|p2a: Blastoise|Blastoise, M|100/100
|-activate|p2a: Blastoise|move: Sticky Web
|-unboost|p2a: Blastoise|spe|1
|turn|15
|
|t:|1760440362
|move|p1a: Gholdengo|Shadow Ball|p2a: Blastoise
|-damage|p2a: Blastoise|46/100
|move|p2a: Blastoise|Shell Smash|p2a: Blastoise
|-unboost|p2a: Blastoise|def|1
|-unboost|p2a: Blastoise|spd|1
|-boost|p2a: Blastoise|atk|2
|-boost|p2a: Blastoise|spa|2
|-boost|p2a: Blastoise|spe|2
|
|-heal|p2a: Blastoise|52/100|[from] Grassy Terrain
|-heal|p1a: Gholdengo|68/100|[from] Grassy Terrain
|-fieldend|move: Grassy Terrain
|upkeep
|turn|16
|
|t:|1760440367
|move|p2a: Blastoise|Hydro Pump|p1a: Gholdengo|[miss]
|-miss|p2a: Blastoise|p1a: Gholdengo
|move|p1a: Gholdengo|Shadow Ball|p2a: Blastoise
|-damage|p2a: Blastoise|0 fnt
|faint|p2a: Blastoise
|
|upkeep
|
|t:|1760440373
|switch|p2a: Tyranitar|Tyranitar, F, shiny|100/100
|-activate|p2a: Tyranitar|move: Sticky Web
|-unboost|p2a: Tyranitar|spe|1
|-weather|Sandstorm|[from] ability: Sand Stream|[of] p2a: Tyranitar
|turn|17
|
|t:|1760440376
|switch|p1a: Quaquaval|Quaquaval, F|58/100
|move|p2a: Tyranitar|Dragon Dance|p2a: Tyranitar
|-boost|p2a: Tyranitar|atk|1
|-boost|p2a: Tyranitar|spe|1
|
|-weather|Sandstorm|[upkeep]
|-damage|p1a: Quaquaval|52/100|[from] Sandstorm
|upkeep
|turn|18
|
|t:|1760440385
|switch|p2a: Blaziken|Blaziken, M|1/100
|-activate|p2a: Blaziken|move: Sticky Web
|-unboost|p2a: Blaziken|spe|1
|move|p1a: Quaquaval|Close Combat|p2a: Blaziken
|-damage|p2a: Blaziken|0 fnt
|-unboost|p1a: Quaquaval|def|1
|-unboost|p1a: Quaquaval|spd|1
|faint|p2a: Blaziken
|-ability|p1a: Quaquaval|Moxie|boost
|-boost|p1a: Quaquaval|atk|1
|
|-weather|Sandstorm|[upkeep]
|-damage|p1a: Quaquaval|46/100|[from] Sandstorm
|upkeep
|
|t:|1760440388
|switch|p2a: Indeedee|Indeedee, M|43/100
|-activate|p2a: Indeedee|move: Sticky Web
|-unboost|p2a: Indeedee|spe|1
|-fieldstart|move: Psychic Terrain|[from] ability: Psychic Surge|[of] p2a: Indeedee
|turn|19
|
|t:|1760440396
|move|p1a: Quaquaval|Aqua Step|p2a: Indeedee
|-damage|p2a: Indeedee|0 fnt
|-boost|p1a: Quaquaval|spe|1
|faint|p2a: Indeedee
|-ability|p1a: Quaquaval|Moxie|boost
|-boost|p1a: Quaquaval|atk|1
|
|-weather|Sandstorm|[upkeep]
|-damage|p1a: Quaquaval|40/100|[from] Sandstorm
|upkeep
|
|t:|1760440399
|switch|p2a: Tyranitar|Tyranitar, F, shiny|100/100
|-activate|p2a: Tyranitar|move: Sticky Web
|-unboost|p2a: Tyranitar|spe|1
|turn|20
|
|t:|1760440401
|move|p1a: Quaquaval|Close Combat|p2a: Tyranitar
|-supereffective|p2a: Tyranitar
|-damage|p2a: Tyranitar|0 fnt
|-unboost|p1a: Quaquaval|def|1
|-unboost|p1a: Quaquaval|spd|1
|faint|p2a: Tyranitar
|
|win|deepak johnson
|raw|deepak johnson's rating: 1520 &rarr; <strong>1545</strong><br />(+25 for winning)
|raw|310YM4N74N3R0's rating: 1612 &rarr; <strong>1587</strong><br />(-25 for losing)
|l|☆310YM4N74N3R0
|player|p2|
|l|☆deepak johnson
|player|p1|
