|j|☆Chris6497
|j|☆Da2018
|t:|1760377184
|gametype|singles
|player|p1|Chris6497|koga|1384
|player|p2|Da2018|1|1368
|gen|9
|tier|[Gen 9] OU
|rated|
|rule|HP Percentage Mod: HP is shown in percentages
|rule|Endless Battle Clause: Forcing endless battles is banned
|rule|Species Clause: Limit one of each Pokémon
|rule|OHKO Clause: OHKO moves are banned
|rule|Evasion Items Clause: Evasion items are banned
|rule|Evasion Moves Clause: Evasion moves are banned
|rule|Evasion Abilities Clause: Evasion abilities are banned
|rule|Sleep Moves Clause: Sleep-inducing moves are banned
|clearpoke
|poke|p1|Ogerpon-Wellspring, F|
|poke|p1|Gholdengo|
|poke|p1|Moltres|
|poke|p1|Dragonite, M|
|poke|p1|Great Tusk|
|poke|p1|Slowking-Galar, F|
|poke|p2|Blaziken, M|
|poke|p2|Quaquaval, M|
|poke|p2|Wo-Chien|
|poke|p2|Clefable, M|
|poke|p2|Ceruledge, M|
|poke|p2|Dragapult, F|
|teampreview
|inactive|Battle timer is ON: inactive players will automatically lose when time's up. (requested by Chris6497)
|
|t:|1760377211
|teamsize|p1|6
|teamsize|p2|6
|start
|switch|p1a: Dragonite|Dragonite, M|100/100
|switch|p2a: Dragapult|Dragapult, F|100/100
|turn|1
|
|t:|1760377229
|switch|p1a: Slowking|Slowking-Galar, F|100/100
|move|p2a: Dragapult|Dragon Darts|p1a: Slowking
|-damage|p1a: Slowking|87/100
|-anim|p2a: Dragapult|Dragon Darts|p1a: Slowking
|-damage|p1a: Slowking|71/100
|
|upkeep
|turn|2
|
|t:|1760377233
|move|p2a: Dragapult|Substitute|p2a: Dragapult
|-start|p2a: Dragapult|Substitute
|-damage|p2a: Dragapult|76/100
|-prepare|p1a: Slowking|Chilly Reception|[premajor]
|move|p1a: Slowking|Chilly Reception|p1a: Slowking
|-weather|Snowscape
|
|t:|1760377238
|switch|p1a: Moltres|Moltres|100/100|[from] Chilly Reception
|
|-weather|Snowscape|[upkeep]
|-heal|p2a: Dragapult|82/100|[from] item: Leftovers
|upkeep
|turn|3
|
|t:|1760377240
|move|p2a: Dragapult|Dragon Darts|p1a: Moltres
|-damage|p1a: Moltres|87/100
|-anim|p2a: Dragapult|Dragon Darts|p1a: Moltres
|-damage|p1a: Moltres|71/100
|move|p1a: Moltres|Roar|p2a: Dragapult
|drag|p2a: Quaquaval|Quaquaval, M|100/100
|
|-weather|Snowscape|[upkeep]
|upkeep
|turn|4
|
|t:|1760377252
|move|p2a: Quaquaval|Close Combat|p1a: Moltres
|-resisted|p1a: Moltres
|-damage|p1a: Moltres|49/100
|-unboost|p2a: Quaquaval|def|1
|-unboost|p2a: Quaquaval|spd|1
|move|p1a: Moltres|Roost|p1a: Moltres
|-heal|p1a: Moltres|99/100
|-singleturn|p1a: Moltres|move: Roost
|
|-weather|Snowscape|[upkeep]
|upkeep
|turn|5
|
|t:|1760377258
|switch|p2a: Ceruledge|Ceruledge, M|100/100
|move|p1a: Moltres|Flamethrower|p2a: Ceruledge
|-start|p2a: Ceruledge|ability: Flash Fire
|
|-weather|Snowscape|[upkeep]
|upkeep
|turn|6
|
|t:|1760377264
|move|p2a: Ceruledge|Shadow Claw|p1a: Moltres
|-damage|p1a: Moltres|73/100
|move|p1a: Moltres|U-turn|p2a: Ceruledge
|-resisted|p2a: Ceruledge
|-damage|p2a: Ceruledge|96/100
|
|t:|1760377266
|switch|p1a: Gholdengo|Gholdengo|100/100|[from] U-turn
|
|-weather|none
|-heal|p2a: Ceruledge|100/100|[from] item: Leftovers
|upkeep
|turn|7
|
|t:|1760377281
|-terastallize|p2a: Ceruledge|Bug
|move|p1a: Gholdengo|Shadow Ball|p2a: Ceruledge
|-damage|p2a: Ceruledge|65/100
|move|p2a: Ceruledge|Bitter Blade|p1a: Gholdengo
|-supereffective|p1a: Gholdengo
|-damage|p1a: Gholdengo|0 fnt
|-heal|p2a: Ceruledge|100/100|[from] drain|[of] p1a: Gholdengo
|faint|p1a: Gholdengo
|
|upkeep
|inactive|Chris6497 has 120 seconds left.
|inactive|Chris6497 has 90 seconds left.
|
|t:|1760377342
|switch|p1a: Dragonite|Dragonite, M|100/100
|turn|8
|
|t:|1760377347
|move|p1a: Dragonite|Dragon Dance|p1a: Dragonite
|-boost|p1a: Dragonite|atk|1
|-boost|p1a: Dragonite|spe|1
|move|p2a: Ceruledge|Bulk Up|p2a: Ceruledge
|-boost|p2a: Ceruledge|atk|1
|-boost|p2a: Ceruledge|def|1
|
|upkeep
|turn|9
|
|t:|1760377350
|move|p1a: Dragonite|Dragon Dance|p1a: Dragonite
|-boost|p1a: Dragonite|atk|1
|-boost|p1a: Dragonite|spe|1
|move|p2a: Ceruledge|Bulk Up|p2a: Ceruledge
|-boost|p2a: Ceruledge|atk|1
|-boost|p2a: Ceruledge|def|1
|
|upkeep
|turn|10
|inactive|Chris6497 has 120 seconds left.
|
|t:|1760377357
|move|p1a: Dragonite|Dragon Dance|p1a: Dragonite
|-boost|p1a: Dragonite|atk|1
|-boost|p1a: Dragonite|spe|1
|move|p2a: Ceruledge|Substitute|p2a: Ceruledge
|-start|p2a: Ceruledge|Substitute
|-damage|p2a: Ceruledge|76/100
|
|-heal|p2a: Ceruledge|82/100|[from] item: Leftovers
|upkeep
|turn|11
|
|t:|1760377359
|move|p1a: Dragonite|Scale Shot|p2a: Ceruledge
|-end|p2a: Ceruledge|Substitute
|-damage|p2a: Ceruledge|59/100
|-damage|p2a: Ceruledge|36/100
|-damage|p2a: Ceruledge|12/100
|-damage|p2a: Ceruledge|0 fnt
|faint|p2a: Ceruledge
|-hitcount|p2: Ceruledge|5
|-unboost|p1a: Dragonite|def|1
|-boost|p1a: Dragonite|spe|1
|
|upkeep
|
|t:|1760377366
|switch|p2a: Clefable|Clefable, M|100/100
|turn|12
|
|t:|1760377369
|-terastallize|p1a: Dragonite|Fire
|move|p1a: Dragonite|Fire Punch|p2a: Clefable
|-damage|p2a: Clefable|0 fnt
|faint|p2a: Clefable
|
|upkeep
|-message|Da2018 forfeited.
|
|win|Chris6497
|raw|Chris6497's rating: 1384 &rarr; <strong>1403</strong><br />(+19 for winning)
|raw|Da2018's rating: 1368 &rarr; <strong>1349</strong><br />(-19 for losing)
|l|☆Da2018
|player|p2|
