|j|☆virkit
|j|☆nyh0528
|t:|1760415174
|gametype|singles
|player|p1|virkit|266|1131
|player|p2|nyh0528|dawn|1157
|gen|9
|tier|[Gen 9] OU
|rated|
|rule|HP Percentage Mod: HP is shown in percentages
|rule|Endless Battle Clause: Forcing endless battles is banned
|rule|Species Clause: Limit one of each Pokémon
|rule|OHKO Clause: OHKO moves are banned
|rule|Evasion Items Clause: Evasion items are banned
|rule|Evasion Moves Clause: Evasion moves are banned
|rule|Evasion Abilities Clause: Evasion abilities are banned
|rule|Sleep Moves Clause: Sleep-inducing moves are banned
|clearpoke
|poke|p1|Cinderace, F|
|poke|p1|Glimmora, F|
|poke|p1|Zangoose, M|
|poke|p1|Ursaluna, M|
|poke|p1|Clefable, M|
|poke|p1|Garganacl, M|
|poke|p2|Frosmoth, F|
|poke|p2|Araquanid, M|
|poke|p2|Abomasnow, F|
|poke|p2|Slowking-Galar, F|
|poke|p2|Forretress, F|
|poke|p2|Eiscue, F|
|teampreview
|inactive|Battle timer is ON: inactive players will automatically lose when time's up. (requested by nyh0528)
|
|t:|1760415182
|teamsize|p1|6
|teamsize|p2|6
|start
|switch|p1a: Glimmora|Glimmora, F|100/100
|switch|p2a: Slowking|Slowking-Galar, F|100/100
|-item|p1a: Glimmora|Air Balloon
|turn|1
|
|t:|1760415208
|move|p1a: Glimmora|Toxic Spikes|p2a: Slowking
|-sidestart|p2: nyh0528|move: Toxic Spikes
|move|p2a: Slowking|Eerie Spell|p1a: Glimmora
|-supereffective|p1a: Glimmora
|-damage|p1a: Glimmora|23/100
|-activate|p1a: Glimmora|move: Eerie Spell|Toxic Spikes|3
|-enditem|p1a: Glimmora|Air Balloon
|
|upkeep
|turn|2
|
|t:|1760415220
|move|p1a: Glimmora|Earth Power|p2a: Slowking
|-supereffective|p2a: Slowking
|-damage|p2a: Slowking|64/100
|-unboost|p2a: Slowking|spd|1
|move|p2a: Slowking|Eerie Spell|p1a: Glimmora
|-supereffective|p1a: Glimmora
|-damage|p1a: Glimmora|0 fnt
|faint|p1a: Glimmora
|
|upkeep
|
|t:|1760415230
|switch|p1a: Cinderace|Cinderace, F|100/100
|turn|3
|
|t:|1760415252
|move|p1a: Cinderace|Court Change|p1a: Cinderace
|-start|p1a: Cinderace|typechange|Normal|[from] ability: Libero
|-swapsideconditions
|-activate|p1a: Cinderace|move: Court Change
|move|p2a: Slowking|Trick Room|p2a: Slowking
|-fieldstart|move: Trick Room|[of] p2a: Slowking
|
|upkeep
|turn|4
|
|t:|1760415264
|switch|p1a: Clefable|Clefable, M|100/100
|-status|p1a: Clefable|psn
|-prepare|p2a: Slowking|Chilly Reception|[premajor]
|move|p2a: Slowking|Chilly Reception|p2a: Slowking
|-weather|Snowscape
|
|t:|1760415279
|switch|p2a: Araquanid|Araquanid, M|100/100|[from] Chilly Reception
|
|-weather|Snowscape|[upkeep]
|upkeep
|turn|5
|
|t:|1760415287
|move|p2a: Araquanid|Liquidation|p1a: Clefable
|-damage|p1a: Clefable|5/100 psn
|-damage|p2a: Araquanid|91/100|[from] item: Life Orb
|move|p1a: Clefable|Cosmic Power|p1a: Clefable
|-boost|p1a: Clefable|def|1
|-boost|p1a: Clefable|spd|1
|
|-weather|Snowscape|[upkeep]
|-heal|p1a: Clefable|11/100 psn|[from] item: Leftovers
|upkeep
|turn|6
|
|t:|1760415299
|move|p2a: Araquanid|Liquidation|p1a: Clefable
|-damage|p1a: Clefable|0 fnt
|faint|p1a: Clefable
|-damage|p2a: Araquanid|81/100|[from] item: Life Orb
|
|-weather|Snowscape|[upkeep]
|upkeep
|
|t:|1760415307
|switch|p1a: Zangoose|Zangoose, M|100/100
|-status|p1a: Zangoose|psn
|turn|7
|
|t:|1760415317
|move|p2a: Araquanid|Liquidation|p1a: Zangoose
|-damage|p1a: Zangoose|0 fnt
|faint|p1a: Zangoose
|-damage|p2a: Araquanid|71/100|[from] item: Life Orb
|
|-weather|Snowscape|[upkeep]
|-fieldend|move: Trick Room
|upkeep
|
|t:|1760415325
|switch|p1a: Ursaluna|Ursaluna, M|100/100
|-status|p1a: Ursaluna|psn
|turn|8
|
|t:|1760415333
|move|p1a: Ursaluna|Facade|p2a: Araquanid
|-damage|p2a: Araquanid|0 fnt
|faint|p2a: Araquanid
|
|-weather|none
|-damage|p1a: Ursaluna|88/100 psn|[from] psn
|upkeep
|
|t:|1760415348
|switch|p2a: Abomasnow|Abomasnow, F|100/100
|-weather|Snowscape|[from] ability: Snow Warning|[of] p2a: Abomasnow
|turn|9
|
|t:|1760415362
|move|p2a: Abomasnow|Aurora Veil|p2a: Abomasnow
|-sidestart|p2: nyh0528|move: Aurora Veil
|move|p1a: Ursaluna|Facade|p2a: Abomasnow
|-damage|p2a: Abomasnow|43/100
|
|-weather|Snowscape|[upkeep]
|-heal|p1a: Ursaluna|94/100 psn|[from] item: Leftovers
|-damage|p1a: Ursaluna|82/100 psn|[from] psn
|upkeep
|turn|10
|
|t:|1760415377
|move|p2a: Abomasnow|Earthquake|p1a: Ursaluna
|-damage|p1a: Ursaluna|62/100 psn
|move|p1a: Ursaluna|Facade|p2a: Abomasnow
|-damage|p2a: Abomasnow|0 fnt
|faint|p2a: Abomasnow
|
|-weather|Snowscape|[upkeep]
|-heal|p1a: Ursaluna|69/100 psn|[from] item: Leftovers
|-damage|p1a: Ursaluna|56/100 psn|[from] psn
|upkeep
|
|t:|1760415389
|switch|p2a: Frosmoth|Frosmoth, F|100/100
|turn|11
|
|t:|1760415396
|move|p2a: Frosmoth|Quiver Dance|p2a: Frosmoth
|-boost|p2a: Frosmoth|spa|1
|-boost|p2a: Frosmoth|spd|1
|-boost|p2a: Frosmoth|spe|1
|move|p1a: Ursaluna|Facade|p2a: Frosmoth
|-damage|p2a: Frosmoth|45/100
|
|-weather|Snowscape|[upkeep]
|-heal|p2a: Frosmoth|51/100|[from] item: Leftovers
|-heal|p1a: Ursaluna|62/100 psn|[from] item: Leftovers
|-damage|p1a: Ursaluna|50/100 psn|[from] psn
|upkeep
|turn|12
|
|t:|1760415410
|move|p2a: Frosmoth|Quiver Dance|p2a: Frosmoth
|-boost|p2a: Frosmoth|spa|1
|-boost|p2a: Frosmoth|spd|1
|-boost|p2a: Frosmoth|spe|1
|move|p1a: Ursaluna|Trailblaze|p2a: Frosmoth
|-resisted|p2a: Frosmoth
|-damage|p2a: Frosmoth|45/100
|-boost|p1a: Ursaluna|spe|1
|
|-weather|Snowscape|[upkeep]
|-heal|p2a: Frosmoth|51/100|[from] item: Leftovers
|-heal|p1a: Ursaluna|56/100 psn|[from] item: Leftovers
|-damage|p1a: Ursaluna|44/100 psn|[from] psn
|upkeep
|turn|13
|
|t:|1760415429
|move|p2a: Frosmoth|Quiver Dance|p2a: Frosmoth
|-boost|p2a: Frosmoth|spa|1
|-boost|p2a: Frosmoth|spd|1
|-boost|p2a: Frosmoth|spe|1
|move|p1a: Ursaluna|Facade|p2a: Frosmoth
|-damage|p2a: Frosmoth|0 fnt
|faint|p2a: Frosmoth
|
|-weather|none
|-heal|p1a: Ursaluna|50/100 psn|[from] item: Leftovers
|-damage|p1a: Ursaluna|37/100 psn|[from] psn
|upkeep
|
|t:|1760415442
|switch|p2a: Forretress|Forretress, F|100/100
|turn|14
|
|t:|1760415449
|move|p1a: Ursaluna|High Horsepower|p2a: Forretress
|-damage|p2a: Forretress|71/100
|move|p2a: Forretress|Substitute|p2a: Forretress
|-start|p2a: Forretress|Substitute
|-damage|p2a: Forretress|46/100
|
|-heal|p1a: Ursaluna|44/100 psn|[from] item: Leftovers
|-heal|p2a: Forretress|52/100|[from] item: Leftovers
|-damage|p1a: Ursaluna|31/100 psn|[from] psn
|upkeep
|turn|15
|
|t:|1760415466
|move|p1a: Ursaluna|Facade|p2a: Forretress
|-resisted|p2a: Forretress
|-activate|p2a: Forretress|move: Substitute|[damage]
|move|p2a: Forretress|Sand Tomb|p1a: Ursaluna
|-damage|p1a: Ursaluna|26/100 psn
|-activate|p1a: Ursaluna|move: Sand Tomb|[of] p2a: Forretress
|
|-heal|p1a: Ursaluna|32/100 psn|[from] item: Leftovers
|-heal|p2a: Forretress|58/100|[from] item: Leftovers
|-damage|p1a: Ursaluna|20/100 psn|[from] psn
|-damage|p1a: Ursaluna|7/100 psn|[from] move: Sand Tomb|[partiallytrapped]
|upkeep
|turn|16
|
|t:|1760415482
|move|p1a: Ursaluna|Facade|p2a: Forretress
|-resisted|p2a: Forretress
|-end|p2a: Forretress|Substitute
|move|p2a: Forretress|Substitute|p2a: Forretress
|-start|p2a: Forretress|Substitute
|-damage|p2a: Forretress|33/100
|
|-heal|p1a: Ursaluna|13/100 psn|[from] item: Leftovers
|-heal|p2a: Forretress|40/100|[from] item: Leftovers
|-damage|p1a: Ursaluna|1/100 psn|[from] psn
|-damage|p1a: Ursaluna|0 fnt|[from] move: Sand Tomb|[partiallytrapped]
|faint|p1a: Ursaluna
|-sideend|p2: nyh0528|move: Aurora Veil
|upkeep
|inactive|virkit has 120 seconds left.
|
|t:|1760415498
|switch|p1a: Cinderace|Cinderace, F|100/100
|-status|p1a: Cinderace|psn
|turn|17
|
|t:|1760415505
|move|p1a: Cinderace|Court Change|p1a: Cinderace
|-start|p1a: Cinderace|typechange|Normal|[from] ability: Libero
|-swapsideconditions
|-activate|p1a: Cinderace|move: Court Change
|move|p2a: Forretress|Pain Split|p1a: Cinderace
|-sethp|p1a: Cinderace|69/100 psn|[from] move: Pain Split|[silent]
|-sethp|p2a: Forretress|72/100|[from] move: Pain Split
|
|-heal|p2a: Forretress|78/100|[from] item: Leftovers
|-damage|p1a: Cinderace|57/100 psn|[from] psn
|upkeep
|turn|18
|
|t:|1760415517
|switch|p1a: Garganacl|Garganacl, M|100/100
|move|p2a: Forretress|Sand Tomb|p1a: Garganacl
|-supereffective|p1a: Garganacl
|-damage|p1a: Garganacl|92/100
|-activate|p1a: Garganacl|move: Sand Tomb|[of] p2a: Forretress
|
|-heal|p2a: Forretress|84/100|[from] item: Leftovers
|-damage|p1a: Garganacl|80/100|[from] move: Sand Tomb|[partiallytrapped]
|upkeep
|turn|19
|inactive|virkit has 120 seconds left.
|
|t:|1760415533
|move|p1a: Garganacl|Salt Cure|p2a: Forretress
|-activate|p2a: Forretress|move: Substitute|[damage]
|move|p2a: Forretress|Rapid Spin|p1a: Garganacl
|-resisted|p1a: Garganacl
|-crit|p1a: Garganacl
|-damage|p1a: Garganacl|75/100
|-boost|p2a: Forretress|spe|1
|-sideend|p2: nyh0528|Toxic Spikes|[from] move: Rapid Spin|[of] p2a: Forretress
|
|-heal|p2a: Forretress|90/100|[from] item: Leftovers
|-damage|p1a: Garganacl|63/100|[from] move: Sand Tomb|[partiallytrapped]
|upkeep
|turn|20
|inactive|virkit has 120 seconds left.
|
|t:|1760415547
|move|p2a: Forretress|Substitute|p2a: Forretress
|-fail|p2a: Forretress|move: Substitute
|move|p1a: Garganacl|Salt Cure|p2a: Forretress
|-activate|p2a: Forretress|move: Substitute|[damage]
|
|-heal|p2a: Forretress|96/100|[from] item: Leftovers
|-damage|p1a: Garganacl|51/100|[from] move: Sand Tomb|[partiallytrapped]
|upkeep
|turn|21
|inactive|virkit has 120 seconds left.
|
|t:|1760415559
|move|p2a: Forretress|Sand Tomb|p1a: Garganacl
|-supereffective|p1a: Garganacl
|-damage|p1a: Garganacl|42/100
|-enditem|p1a: Garganacl|Sitrus Berry|[eat]
|-heal|p1a: Garganacl|67/100|[from] item: Sitrus Berry
|move|p1a: Garganacl|Salt Cure|p2a: Forretress
|-end|p2a: Forretress|Substitute
|
|-heal|p2a: Forretress|100/100|[from] item: Leftovers
|-damage|p1a: Garganacl|55/100|[from] move: Sand Tomb|[partiallytrapped]
|upkeep
|turn|22
|inactive|virkit has 120 seconds left.
|
|t:|1760415572
|-terastallize|p1a: Garganacl|Ghost
|move|p2a: Forretress|Substitute|p2a: Forretress
|-start|p2a: Forretress|Substitute
|-damage|p2a: Forretress|76/100
|move|p1a: Garganacl|Curse|p2a: Forretress
|-start|p2a: Forretress|Curse|[of] p1a: Garganacl
|-damage|p1a: Garganacl|5/100
|
|-heal|p2a: Forretress|82/100|[from] item: Leftovers
|-damage|p2a: Forretress|57/100|[from] Curse
|-end|p1a: Garganacl|Sand Tomb|[partiallytrapped]
|upkeep
|turn|23
|inactive|virkit has 120 seconds left.
|
|t:|1760415588
|switch|p2a: Eiscue|Eiscue, F|100/100
|move|p1a: Garganacl|Protect||[still]
|-fail|p1a: Garganacl
|
|upkeep
|turn|24
|inactive|virkit has 120 seconds left.
|
|t:|1760415597
|move|p2a: Eiscue|Flip Turn|p1a: Garganacl
|-damage|p1a: Garganacl|0 fnt
|faint|p1a: Garganacl
|
|t:|1760415602
|switch|p2a: Slowking|Slowking-Galar, F|97/100|[from] Flip Turn
|
|upkeep
|
|t:|1760415606
|switch|p1a: Cinderace|Cinderace, F|57/100 psn
|turn|25
|
|t:|1760415612
|move|p1a: Cinderace|Pyro Ball|p2a: Slowking
|-damage|p2a: Slowking|54/100
|move|p2a: Slowking|Thunder Wave||[still]
|-fail|p2a: Slowking
|
|-damage|p1a: Cinderace|45/100 psn|[from] psn
|upkeep
|turn|26
|
|t:|1760415620
|move|p1a: Cinderace|Pyro Ball|p2a: Slowking
|-damage|p2a: Slowking|9/100
|move|p2a: Slowking|Eerie Spell|p1a: Cinderace
|-damage|p1a: Cinderace|3/100 psn
|-activate|p1a: Cinderace|move: Eerie Spell|Pyro Ball|3
|
|-damage|p1a: Cinderace|0 fnt|[from] psn
|faint|p1a: Cinderace
|
|win|nyh0528
|raw|virkit's rating: 1131 &rarr; <strong>1108</strong><br />(-23 for losing)
|raw|nyh0528's rating: 1157 &rarr; <strong>1180</strong><br />(+23 for winning)
|l|☆virkit
|player|p1|
|l|☆nyh0528
|player|p2|
