|j|☆charizardfire2
|j|☆miffyb
|t:|1760433773
|gametype|singles
|player|p1|charizardfire2|102|1526
|player|p2|miffyb|preschooler|1552
|gen|9
|tier|[Gen 9] OU
|rated|
|rule|HP Percentage Mod: HP is shown in percentages
|rule|Endless Battle Clause: Forcing endless battles is banned
|rule|Species Clause: Limit one of each Pokémon
|rule|OHKO Clause: OHKO moves are banned
|rule|Evasion Items Clause: Evasion items are banned
|rule|Evasion Moves Clause: Evasion moves are banned
|rule|Evasion Abilities Clause: Evasion abilities are banned
|rule|Sleep Moves Clause: Sleep-inducing moves are banned
|clearpoke
|poke|p1|Skeledirge, F|
|poke|p1|Ogerpon-Wellspring, F|
|poke|p1|Dragapult, F|
|poke|p1|Weezing-Galar, F|
|poke|p1|Ting-Lu|
|poke|p1|Corviknight, M|
|poke|p2|Zamazenta-*|
|poke|p2|Kingambit, M|
|poke|p2|Samurott-Hisui, F|
|poke|p2|Landorus-Therian, M|
|poke|p2|Iron Valiant|
|poke|p2|Iron Moth|
|teampreview
|inactive|Battle timer is ON: inactive players will automatically lose when time's up. (requested by miffyb)
|
|t:|1760433799
|teamsize|p1|6
|teamsize|p2|6
|start
|switch|p1a: Weezing|Weezing-Galar, F|100/100
|switch|p2a: Samurott|Samurott-Hisui, F|100/100
|-ability|p1a: Weezing|Neutralizing Gas
|turn|1
|
|t:|1760433804
|move|p2a: Samurott|Ceaseless Edge|p1a: Weezing
|-resisted|p1a: Weezing
|-damage|p1a: Weezing|88/100
|-sidestart|p1: charizardfire2|Spikes
|move|p1a: Weezing|Will-O-Wisp|p2a: Samurott
|-status|p2a: Samurott|brn
|
|-damage|p2a: Samurott|94/100 brn|[from] brn
|upkeep
|turn|2
|inactive|charizardfire2 has 120 seconds left.
|inactive|charizardfire2 has 90 seconds left.
|
|t:|1760433865
|move|p2a: Samurott|Knock Off|p1a: Weezing
|-resisted|p1a: Weezing
|-damage|p1a: Weezing|79/100
|-enditem|p1a: Weezing|Heavy-Duty Boots|[from] move: Knock Off|[of] p2a: Samurott
|move|p1a: Weezing|Defog|p2a: Samurott
|-unboost|p2a: Samurott|evasion|1
|-sideend|p1: charizardfire2|Spikes|[from] move: Defog|[of] p1a: Weezing
|
|-damage|p2a: Samurott|88/100 brn|[from] brn
|upkeep
|turn|3
|
|t:|1760433881
|-end|p1a: Weezing|ability: Neutralizing Gas
|switch|p1a: Corviknight|Corviknight, M|100/100
|-ability|p1a: Corviknight|Pressure
|move|p2a: Samurott|Ceaseless Edge|p1a: Corviknight
|-damage|p1a: Corviknight|85/100
|-damage|p2a: Samurott|72/100 brn|[from] item: Rocky Helmet|[of] p1a: Corviknight
|-sidestart|p1: charizardfire2|Spikes
|
|-damage|p2a: Samurott|65/100 brn|[from] brn
|upkeep
|turn|4
|inactive|charizardfire2 has 90 seconds left.
|inactive|charizardfire2 has 60 seconds left.
|inactive|charizardfire2 has 30 seconds left.
|
|t:|1760433964
|switch|p2a: Landorus|Landorus-Therian, M|100/100
|-ability|p2a: Landorus|Intimidate|boost
|-unboost|p1a: Corviknight|atk|1
|move|p1a: Corviknight|Body Press|p2a: Landorus
|-resisted|p2a: Landorus
|-damage|p2a: Landorus|89/100
|-damage|p1a: Corviknight|69/100|[from] item: Rocky Helmet|[of] p2a: Landorus
|
|upkeep
|turn|5
|inactive|charizardfire2 has 30 seconds left.
|
|t:|1760433971
|move|p2a: Landorus|Stealth Rock|p1a: Corviknight
|-sidestart|p1: charizardfire2|move: Stealth Rock
|move|p1a: Corviknight|Roost|p1a: Corviknight
|-heal|p1a: Corviknight|100/100
|-singleturn|p1a: Corviknight|move: Roost
|
|upkeep
|turn|6
|
|t:|1760433979
|switch|p1a: Ting-Lu|Ting-Lu, shiny|100/100
|-damage|p1a: Ting-Lu|88/100|[from] Spikes
|-damage|p1a: Ting-Lu|82/100|[from] Stealth Rock
|-ability|p1a: Ting-Lu|Vessel of Ruin
|move|p2a: Landorus|Taunt|p1a: Ting-Lu
|-start|p1a: Ting-Lu|move: Taunt
|
|-heal|p1a: Ting-Lu|88/100|[from] item: Leftovers
|upkeep
|turn|7
|
|t:|1760433986
|move|p2a: Landorus|U-turn|p1a: Ting-Lu
|-supereffective|p1a: Ting-Lu
|-damage|p1a: Ting-Lu|64/100
|
|t:|1760434004
|switch|p2a: Samurott|Samurott-Hisui, F|65/100 brn|[from] U-turn
|move|p1a: Ting-Lu|Throat Chop|p2a: Samurott
|-resisted|p2a: Samurott
|-damage|p2a: Samurott|46/100 brn
|-start|p2a: Samurott|Throat Chop|[silent]
|
|-heal|p1a: Ting-Lu|70/100|[from] item: Leftovers
|-damage|p2a: Samurott|39/100 brn|[from] brn
|upkeep
|turn|8
|inactive|charizardfire2 has 60 seconds left.
|
|t:|1760434026
|switch|p2a: Landorus|Landorus-Therian, M|89/100
|-ability|p2a: Landorus|Intimidate|boost
|-unboost|p1a: Ting-Lu|atk|1
|move|p1a: Ting-Lu|Earthquake|p2a: Landorus
|-immune|p2a: Landorus
|
|-heal|p1a: Ting-Lu|77/100|[from] item: Leftovers
|-end|p1a: Ting-Lu|move: Taunt
|upkeep
|turn|9
|
|t:|1760434039
|switch|p1a: Dragapult|Dragapult, F|100/100
|-damage|p1a: Dragapult|88/100|[from] Spikes
|-damage|p1a: Dragapult|76/100|[from] Stealth Rock
|move|p2a: Landorus|Taunt|p1a: Dragapult
|-start|p1a: Dragapult|move: Taunt
|
|upkeep
|turn|10
|
|t:|1760434052
|switch|p2a: Samurott|Samurott-Hisui, F|39/100 brn
|move|p1a: Dragapult|U-turn|p2a: Samurott
|-supereffective|p2a: Samurott
|-damage|p2a: Samurott|0 fnt
|faint|p2a: Samurott
|
|t:|1760434057
|switch|p1a: Ogerpon|Ogerpon-Wellspring, F|100/100|[from] U-turn
|-damage|p1a: Ogerpon|88/100|[from] Spikes
|-damage|p1a: Ogerpon|76/100|[from] Stealth Rock
|
|upkeep
|
|t:|1760434071
|switch|p2a: Zamazenta|Zamazenta|100/100
|-ability|p2a: Zamazenta|Dauntless Shield|boost
|-boost|p2a: Zamazenta|def|1
|turn|11
|
|t:|1760434073
|switch|p1a: Skeledirge|Skeledirge, F|100/100
|move|p2a: Zamazenta|Roar|p1a: Skeledirge
|drag|p1a: Ting-Lu|Ting-Lu, shiny|77/100
|-damage|p1a: Ting-Lu|64/100|[from] Spikes
|-damage|p1a: Ting-Lu|58/100|[from] Stealth Rock
|-ability|p1a: Ting-Lu|Vessel of Ruin
|
|-heal|p1a: Ting-Lu|64/100|[from] item: Leftovers
|upkeep
|turn|12
|
|t:|1760434080
|move|p2a: Zamazenta|Iron Defense|p2a: Zamazenta
|-boost|p2a: Zamazenta|def|2
|move|p1a: Ting-Lu|Stealth Rock|p2a: Zamazenta
|-sidestart|p2: miffyb|move: Stealth Rock
|
|-heal|p1a: Ting-Lu|70/100|[from] item: Leftovers
|upkeep
|turn|13
|
|t:|1760434084
|switch|p1a: Skeledirge|Skeledirge, F|100/100
|move|p2a: Zamazenta|Roar|p1a: Skeledirge
|drag|p1a: Dragapult|Dragapult, F|76/100
|-damage|p1a: Dragapult|64/100|[from] Spikes
|-damage|p1a: Dragapult|51/100|[from] Stealth Rock
|
|upkeep
|turn|14
|inactive|charizardfire2 has 90 seconds left.
|
|t:|1760434096
|move|p1a: Dragapult|Draco Meteor|p2a: Zamazenta|[miss]
|-miss|p1a: Dragapult|p2a: Zamazenta
|move|p2a: Zamazenta|Crunch|p1a: Dragapult
|-supereffective|p1a: Dragapult
|-damage|p1a: Dragapult|0 fnt
|faint|p1a: Dragapult
|
|upkeep
|inactive|charizardfire2 has 90 seconds left.
|
|t:|1760434103
|switch|p1a: Skeledirge|Skeledirge, F|100/100
|turn|15
|
|t:|1760434122
|-terastallize|p2a: Zamazenta|Fire
|move|p2a: Zamazenta|Crunch|p1a: Skeledirge
|-supereffective|p1a: Skeledirge
|-damage|p1a: Skeledirge|62/100
|move|p1a: Skeledirge|Will-O-Wisp|p2a: Zamazenta
|-immune|p2a: Zamazenta
|
|upkeep
|turn|16
|
|t:|1760434131
|move|p1a: Skeledirge|Earth Power|p2a: Zamazenta
|-supereffective|p2a: Zamazenta
|-crit|p2a: Zamazenta
|-damage|p2a: Zamazenta|49/100
|move|p2a: Zamazenta|Roar|p1a: Skeledirge
|drag|p1a: Corviknight|Corviknight, M|100/100
|-damage|p1a: Corviknight|88/100|[from] Stealth Rock
|-ability|p1a: Corviknight|Pressure
|
|-heal|p2a: Zamazenta|55/100|[from] item: Leftovers
|upkeep
|turn|17
|
|t:|1760434138
|move|p2a: Zamazenta|Body Press|p1a: Corviknight
|-damage|p1a: Corviknight|39/100
|-damage|p2a: Zamazenta|39/100|[from] item: Rocky Helmet|[of] p1a: Corviknight
|move|p1a: Corviknight|U-turn|p2a: Zamazenta
|-resisted|p2a: Zamazenta
|-damage|p2a: Zamazenta|36/100
|
|t:|1760434144
|switch|p1a: Weezing|Weezing-Galar, F|79/100|[from] U-turn
|-ability|p1a: Weezing|Neutralizing Gas
|-damage|p1a: Weezing|67/100|[from] Spikes
|-damage|p1a: Weezing|54/100|[from] Stealth Rock
|
|-heal|p2a: Zamazenta|43/100|[from] item: Leftovers
|upkeep
|turn|18
|
|t:|1760434157
|move|p1a: Weezing|Defog|p2a: Zamazenta
|-unboost|p2a: Zamazenta|evasion|1
|-sideend|p2: miffyb|Stealth Rock|[from] move: Defog|[of] p1a: Weezing
|-sideend|p1: charizardfire2|Spikes|[from] move: Defog|[of] p1a: Weezing
|-sideend|p1: charizardfire2|Stealth Rock|[from] move: Defog|[of] p1a: Weezing
|move|p2a: Zamazenta|Roar|p1a: Weezing
|-end|p1a: Weezing|ability: Neutralizing Gas
|drag|p1a: Ting-Lu|Ting-Lu, shiny|70/100
|-ability|p1a: Ting-Lu|Vessel of Ruin
|
|-heal|p2a: Zamazenta|49/100|[from] item: Leftovers
|-heal|p1a: Ting-Lu|77/100|[from] item: Leftovers
|upkeep
|turn|19
|
|t:|1760434162
|switch|p1a: Skeledirge|Skeledirge, F|62/100
|move|p2a: Zamazenta|Body Press|p1a: Skeledirge
|-immune|p1a: Skeledirge
|
|-heal|p2a: Zamazenta|55/100|[from] item: Leftovers
|upkeep
|turn|20
|
|t:|1760434167
|move|p2a: Zamazenta|Crunch|p1a: Skeledirge
|-supereffective|p1a: Skeledirge
|-damage|p1a: Skeledirge|23/100
|move|p1a: Skeledirge|Torch Song|p2a: Zamazenta
|-resisted|p2a: Zamazenta
|-damage|p2a: Zamazenta|43/100
|-boost|p1a: Skeledirge|spa|1
|
|-heal|p2a: Zamazenta|49/100|[from] item: Leftovers
|upkeep
|turn|21
|
|t:|1760434174
|-terastallize|p1a: Skeledirge|Dark
|move|p2a: Zamazenta|Crunch|p1a: Skeledirge
|-resisted|p1a: Skeledirge
|-damage|p1a: Skeledirge|14/100
|-unboost|p1a: Skeledirge|def|1
|move|p1a: Skeledirge|Earth Power|p2a: Zamazenta
|-supereffective|p2a: Zamazenta
|-damage|p2a: Zamazenta|0 fnt
|faint|p2a: Zamazenta
|
|upkeep
|
|t:|1760434182
|switch|p2a: Landorus|Landorus-Therian, M|89/100
|-ability|p2a: Landorus|Intimidate|boost
|-unboost|p1a: Skeledirge|atk|1
|turn|22
|
|t:|1760434186
|switch|p1a: Corviknight|Corviknight, M|39/100
|-ability|p1a: Corviknight|Pressure
|move|p2a: Landorus|U-turn|p1a: Corviknight
|-resisted|p1a: Corviknight
|-damage|p1a: Corviknight|36/100
|-damage|p2a: Landorus|72/100|[from] item: Rocky Helmet|[of] p1a: Corviknight
|
|t:|1760434190
|switch|p2a: Iron Moth|Iron Moth|100/100|[from] U-turn
|-enditem|p2a: Iron Moth|Booster Energy
|-activate|p2a: Iron Moth|ability: Quark Drive|[fromitem]
|-start|p2a: Iron Moth|quarkdrivespe
|
|upkeep
|turn|23
|
|t:|1760434193
|switch|p1a: Ting-Lu|Ting-Lu, shiny|77/100
|-ability|p1a: Ting-Lu|Vessel of Ruin
|move|p2a: Iron Moth|Fiery Dance|p1a: Ting-Lu
|-damage|p1a: Ting-Lu|59/100
|
|-heal|p1a: Ting-Lu|65/100|[from] item: Leftovers
|upkeep
|turn|24
|
|t:|1760434201
|-end|p2a: Iron Moth|Quark Drive|[silent]
|switch|p2a: Landorus|Landorus-Therian, M|72/100
|-ability|p2a: Landorus|Intimidate|boost
|-unboost|p1a: Ting-Lu|atk|1
|move|p1a: Ting-Lu|Stealth Rock|p2a: Landorus
|-sidestart|p2: miffyb|move: Stealth Rock
|
|-heal|p1a: Ting-Lu|71/100|[from] item: Leftovers
|upkeep
|turn|25
|
|t:|1760434205
|switch|p1a: Ogerpon|Ogerpon-Wellspring, F|76/100
|move|p2a: Landorus|U-turn|p1a: Ogerpon
|-supereffective|p1a: Ogerpon
|-crit|p1a: Ogerpon
|-damage|p1a: Ogerpon|5/100
|
|t:|1760434210
|switch|p2a: Kingambit|Kingambit, M|100/100|[from] U-turn
|-damage|p2a: Kingambit|94/100|[from] Stealth Rock
|-activate|p2a: Kingambit|ability: Supreme Overlord
|-start|p2a: Kingambit|fallen2|[silent]
|
|-heal|p2a: Kingambit|100/100|[from] item: Leftovers
|upkeep
|turn|26
|
|t:|1760434219
|move|p1a: Ogerpon|Spikes|p2a: Kingambit
|-sidestart|p2: miffyb|Spikes
|move|p2a: Kingambit|Kowtow Cleave|p1a: Ogerpon
|-damage|p1a: Ogerpon|0 fnt
|faint|p1a: Ogerpon
|
|upkeep
|
|t:|1760434224
|switch|p1a: Corviknight|Corviknight, M|36/100
|-ability|p1a: Corviknight|Pressure
|turn|27
|
|t:|1760434232
|-end|p2a: Kingambit|fallen2|[silent]
|switch|p2a: Landorus|Landorus-Therian, M|72/100
|-damage|p2a: Landorus|60/100|[from] Stealth Rock
|-ability|p2a: Landorus|Intimidate|boost
|-unboost|p1a: Corviknight|atk|1
|move|p1a: Corviknight|Roost|p1a: Corviknight
|-heal|p1a: Corviknight|86/100
|-singleturn|p1a: Corviknight|move: Roost
|
|upkeep
|turn|28
|
|t:|1760434238
|move|p2a: Landorus|Taunt|p1a: Corviknight
|-start|p1a: Corviknight|move: Taunt
|cant|p1a: Corviknight|move: Taunt|Iron Defense
|
|upkeep
|turn|29
|
|t:|1760434243
|switch|p1a: Weezing|Weezing-Galar, F|54/100
|-ability|p1a: Weezing|Neutralizing Gas
|move|p2a: Landorus|Stealth Rock|p1a: Weezing
|-sidestart|p1: charizardfire2|move: Stealth Rock
|
|upkeep
|turn|30
|
|t:|1760434247
|-end|p1a: Weezing|ability: Neutralizing Gas
|-ability|p2a: Landorus|Intimidate|boost
|-unboost|p1a: Weezing|atk|1
|switch|p1a: Corviknight|Corviknight, M|86/100
|-damage|p1a: Corviknight|73/100|[from] Stealth Rock
|-ability|p1a: Corviknight|Pressure
|move|p2a: Landorus|Earthquake|p1a: Corviknight
|-immune|p1a: Corviknight
|
|upkeep
|turn|31
|
|t:|1760434259
|move|p2a: Landorus|Taunt|p1a: Corviknight
|-start|p1a: Corviknight|move: Taunt
|move|p1a: Corviknight|U-turn|p2a: Landorus
|-resisted|p2a: Landorus
|-damage|p2a: Landorus|53/100
|-damage|p1a: Corviknight|57/100|[from] item: Rocky Helmet|[of] p2a: Landorus
|
|t:|1760434261
|switch|p1a: Ting-Lu|Ting-Lu, shiny|71/100|[from] U-turn
|-damage|p1a: Ting-Lu|65/100|[from] Stealth Rock
|-ability|p1a: Ting-Lu|Vessel of Ruin
|
|-heal|p1a: Ting-Lu|71/100|[from] item: Leftovers
|upkeep
|turn|32
|
|t:|1760434274
|move|p2a: Landorus|Taunt|p1a: Ting-Lu
|-start|p1a: Ting-Lu|move: Taunt
|move|p1a: Ting-Lu|Throat Chop|p2a: Landorus
|-damage|p2a: Landorus|26/100
|-start|p2a: Landorus|Throat Chop|[silent]
|-damage|p1a: Ting-Lu|55/100|[from] item: Rocky Helmet|[of] p2a: Landorus
|
|-heal|p1a: Ting-Lu|61/100|[from] item: Leftovers
|upkeep
|turn|33
|
|t:|1760434279
|move|p2a: Landorus|Earthquake|p1a: Ting-Lu
|-damage|p1a: Ting-Lu|35/100
|move|p1a: Ting-Lu|Throat Chop|p2a: Landorus
|-damage|p2a: Landorus|0 fnt
|-damage|p1a: Ting-Lu|19/100|[from] item: Rocky Helmet|[of] p2a: Landorus
|faint|p2a: Landorus
|
|-heal|p1a: Ting-Lu|25/100|[from] item: Leftovers
|upkeep
|
|t:|1760434289
|switch|p2a: Iron Valiant|Iron Valiant|100/100
|-damage|p2a: Iron Valiant|94/100|[from] Stealth Rock
|-damage|p2a: Iron Valiant|82/100|[from] Spikes
|-enditem|p2a: Iron Valiant|Booster Energy
|-activate|p2a: Iron Valiant|ability: Quark Drive|[fromitem]
|-start|p2a: Iron Valiant|quarkdrivespe
|turn|34
|inactive|charizardfire2 has 120 seconds left.
|
|t:|1760434325
|move|p2a: Iron Valiant|Calm Mind|p2a: Iron Valiant
|-boost|p2a: Iron Valiant|spa|1
|-boost|p2a: Iron Valiant|spd|1
|move|p1a: Ting-Lu|Earthquake|p2a: Iron Valiant
|-damage|p2a: Iron Valiant|36/100
|
|-heal|p1a: Ting-Lu|31/100|[from] item: Leftovers
|-end|p1a: Ting-Lu|move: Taunt
|upkeep
|turn|35
|inactive|charizardfire2 has 120 seconds left.
|
|t:|1760434331
|move|p2a: Iron Valiant|Moonblast|p1a: Ting-Lu
|-supereffective|p1a: Ting-Lu
|-damage|p1a: Ting-Lu|0 fnt
|faint|p1a: Ting-Lu
|
|upkeep
|
|t:|1760434333
|switch|p1a: Weezing|Weezing-Galar, F|54/100
|-ability|p1a: Weezing|Neutralizing Gas
|-damage|p1a: Weezing|42/100|[from] Stealth Rock
|turn|36
|
|t:|1760434341
|move|p2a: Iron Valiant|Thunderbolt|p1a: Weezing
|-damage|p1a: Weezing|0 fnt
|faint|p1a: Weezing
|-end|p1a: Weezing|ability: Neutralizing Gas
|
|upkeep
|
|t:|1760434346
|switch|p1a: Corviknight|Corviknight, M|57/100
|-damage|p1a: Corviknight|44/100|[from] Stealth Rock
|-ability|p1a: Corviknight|Pressure
|turn|37
|
|t:|1760434348
|move|p2a: Iron Valiant|Thunderbolt|p1a: Corviknight
|-supereffective|p1a: Corviknight
|-damage|p1a: Corviknight|0 fnt
|faint|p1a: Corviknight
|
|upkeep
|-message|charizardfire2 forfeited.
|
|win|miffyb
|raw|charizardfire2's rating: 1526 &rarr; <strong>1507</strong><br />(-19 for losing)
|raw|miffyb's rating: 1535 &rarr; <strong>1554</strong><br />(+19 for winning)
|l|☆charizardfire2
|player|p1|
