|j|☆Flumani
|j|☆ooo01w
|t:|1760449137
|gametype|singles
|player|p1|Flumani|leon|1367
|player|p2|ooo01w|101|1366
|gen|9
|tier|[Gen 9] OU
|rated|
|rule|HP Percentage Mod: HP is shown in percentages
|rule|Endless Battle Clause: Forcing endless battles is banned
|rule|Species Clause: Limit one of each Pokémon
|rule|OHKO Clause: OHKO moves are banned
|rule|Evasion Items Clause: Evasion items are banned
|rule|Evasion Moves Clause: Evasion moves are banned
|rule|Evasion Abilities Clause: Evasion abilities are banned
|rule|Sleep Moves Clause: Sleep-inducing moves are banned
|clearpoke
|poke|p1|Great Tusk|
|poke|p1|Polteageist|
|poke|p1|Serperior, M|
|poke|p1|Ursaluna, F|
|poke|p1|Pikachu, L1, M|
|poke|p1|Dragapult, F|
|poke|p2|Araquanid, M|
|poke|p2|Raging Bolt|
|poke|p2|Iron Moth|
|poke|p2|Great Tusk|
|poke|p2|Gholdengo|
|poke|p2|Kingambit, M|
|teampreview
|inactive|Battle timer is ON: inactive players will automatically lose when time's up. (requested by Flumani)
|
|t:|1760449168
|teamsize|p1|6
|teamsize|p2|6
|start
|switch|p1a: Dragapult|Dragapult, F|100/100
|switch|p2a: Great Tusk|Great Tusk|100/100
|-enditem|p2a: Great Tusk|Booster Energy
|-activate|p2a: Great Tusk|ability: Protosynthesis|[fromitem]
|-start|p2a: Great Tusk|protosynthesisatk
|turn|1
|
|t:|1760449176
|move|p1a: Dragapult|Will-O-Wisp|p2a: Great Tusk
|-status|p2a: Great Tusk|brn
|move|p2a: Great Tusk|Ice Spinner|p1a: Dragapult
|-supereffective|p1a: Dragapult
|-damage|p1a: Dragapult|63/100
|-start|p2a: Great Tusk|Disable|Ice Spinner|[from] ability: Cursed Body|[of] p1a: Dragapult
|
|-damage|p2a: Great Tusk|94/100 brn|[from] brn
|upkeep
|turn|2
|
|t:|1760449188
|move|p1a: Dragapult|Hex|p2a: Great Tusk
|-damage|p2a: Great Tusk|24/100 brn
|move|p2a: Great Tusk|Headlong Rush|p1a: Dragapult
|-damage|p1a: Dragapult|21/100
|-unboost|p2a: Great Tusk|def|1
|-unboost|p2a: Great Tusk|spd|1
|
|-damage|p2a: Great Tusk|17/100 brn|[from] brn
|upkeep
|turn|3
|
|t:|1760449201
|switch|p1a: Serperior|Serperior, M, shiny|100/100
|move|p2a: Great Tusk|Headlong Rush|p1a: Serperior
|-resisted|p1a: Serperior
|-damage|p1a: Serperior|78/100
|-unboost|p2a: Great Tusk|def|1
|-unboost|p2a: Great Tusk|spd|1
|
|-damage|p2a: Great Tusk|11/100 brn|[from] brn
|upkeep
|turn|4
|
|t:|1760449211
|move|p1a: Serperior|Leaf Storm|p2a: Great Tusk
|-supereffective|p2a: Great Tusk
|-damage|p2a: Great Tusk|0 fnt
|-boost|p1a: Serperior|spa|2
|faint|p2a: Great Tusk
|-end|p2a: Great Tusk|Protosynthesis|[silent]
|
|upkeep
|
|t:|1760449216
|switch|p2a: Iron Moth|Iron Moth|100/100
|-enditem|p2a: Iron Moth|Booster Energy
|-activate|p2a: Iron Moth|ability: Quark Drive|[fromitem]
|-start|p2a: Iron Moth|quarkdrivespa
|turn|5
|
|t:|1760449227
|switch|p1a: Ursaluna|Ursaluna, F|100/100
|move|p2a: Iron Moth|Fiery Dance|p1a: Ursaluna
|-damage|p1a: Ursaluna|56/100
|-boost|p2a: Iron Moth|spa|1
|
|-status|p1a: Ursaluna|brn|[from] item: Flame Orb
|upkeep
|turn|6
|
|t:|1760449236
|move|p2a: Iron Moth|Fiery Dance|p1a: Ursaluna
|-damage|p1a: Ursaluna|0 fnt
|-boost|p2a: Iron Moth|spa|1
|faint|p1a: Ursaluna
|
|upkeep
|
|t:|1760449242
|switch|p1a: Pikachu|Pikachu, L1, M|100/100
|turn|7
|
|t:|1760449247
|move|p1a: Pikachu|Fake Out|p2a: Iron Moth
|-damage|p2a: Iron Moth|99/100
|cant|p2a: Iron Moth|flinch
|
|upkeep
|turn|8
|
|t:|1760449252
|move|p2a: Iron Moth|Fiery Dance|p1a: Pikachu
|-enditem|p1a: Pikachu|Focus Sash
|-damage|p1a: Pikachu|9/100
|-boost|p2a: Iron Moth|spa|1
|move|p1a: Pikachu|Endeavor|p2a: Iron Moth
|-damage|p2a: Iron Moth|1/100
|
|upkeep
|turn|9
|
|t:|1760449263
|move|p1a: Pikachu|Quick Attack|p2a: Iron Moth
|-damage|p2a: Iron Moth|0 fnt
|faint|p2a: Iron Moth
|-end|p2a: Iron Moth|Quark Drive|[silent]
|
|upkeep
|
|t:|1760449276
|switch|p2a: Araquanid|Araquanid, M|100/100
|turn|10
|
|t:|1760449291
|move|p2a: Araquanid|Liquidation|p1a: Pikachu
|-damage|p1a: Pikachu|0 fnt
|faint|p1a: Pikachu
|
|upkeep
|
|t:|1760449304
|switch|p1a: Great Tusk|Great Tusk|100/100
|-enditem|p1a: Great Tusk|Booster Energy
|-activate|p1a: Great Tusk|ability: Protosynthesis|[fromitem]
|-start|p1a: Great Tusk|protosynthesisatk
|turn|11
|
|t:|1760449319
|-terastallize|p1a: Great Tusk|Grass
|move|p1a: Great Tusk|Bulk Up|p1a: Great Tusk
|-boost|p1a: Great Tusk|atk|1
|-boost|p1a: Great Tusk|def|1
|move|p2a: Araquanid|Liquidation|p1a: Great Tusk
|-resisted|p1a: Great Tusk
|-damage|p1a: Great Tusk|95/100
|
|upkeep
|turn|12
|
|t:|1760449326
|move|p1a: Great Tusk|Rapid Spin|p2a: Araquanid
|-damage|p2a: Araquanid|72/100
|-boost|p1a: Great Tusk|spe|1
|move|p2a: Araquanid|Lunge|p1a: Great Tusk
|-supereffective|p1a: Great Tusk
|-damage|p1a: Great Tusk|75/100
|-unboost|p1a: Great Tusk|atk|1
|
|upkeep
|turn|13
|
|t:|1760449334
|move|p1a: Great Tusk|Bulk Up|p1a: Great Tusk
|-boost|p1a: Great Tusk|atk|1
|-boost|p1a: Great Tusk|def|1
|move|p2a: Araquanid|Lunge|p1a: Great Tusk
|-supereffective|p1a: Great Tusk
|-damage|p1a: Great Tusk|59/100
|-unboost|p1a: Great Tusk|atk|1
|
|upkeep
|turn|14
|
|t:|1760449343
|move|p1a: Great Tusk|Stone Edge|p2a: Araquanid
|-supereffective|p2a: Araquanid
|-crit|p2a: Araquanid
|-damage|p2a: Araquanid|0 fnt
|faint|p2a: Araquanid
|
|upkeep
|
|t:|1760449351
|switch|p2a: Gholdengo|Gholdengo|100/100
|-item|p2a: Gholdengo|Air Balloon
|turn|15
|
|t:|1760449359
|move|p1a: Great Tusk|Stone Edge|p2a: Gholdengo
|-resisted|p2a: Gholdengo
|-damage|p2a: Gholdengo|76/100
|-enditem|p2a: Gholdengo|Air Balloon
|move|p2a: Gholdengo|Shadow Ball|p1a: Great Tusk
|-crit|p1a: Great Tusk
|-damage|p1a: Great Tusk|0 fnt
|faint|p1a: Great Tusk
|-end|p1a: Great Tusk|Protosynthesis|[silent]
|
|upkeep
|
|t:|1760449371
|switch|p1a: Dragapult|Dragapult, F|21/100
|turn|16
|
|t:|1760449376
|-terastallize|p2a: Gholdengo|Fairy
|move|p1a: Dragapult|Thunder Wave|p2a: Gholdengo
|-immune|p2a: Gholdengo|[from] ability: Good as Gold
|move|p2a: Gholdengo|Shadow Ball|p1a: Dragapult
|-supereffective|p1a: Dragapult
|-damage|p1a: Dragapult|0 fnt
|faint|p1a: Dragapult
|
|upkeep
|
|t:|1760449389
|switch|p1a: Polteageist|Polteageist, shiny|100/100
|turn|17
|
|t:|1760449393
|move|p2a: Gholdengo|Shadow Ball|p1a: Polteageist
|-supereffective|p1a: Polteageist
|-damage|p1a: Polteageist|16/100
|move|p1a: Polteageist|Shell Smash|p1a: Polteageist
|-unboost|p1a: Polteageist|def|1
|-unboost|p1a: Polteageist|spd|1
|-boost|p1a: Polteageist|atk|2
|-boost|p1a: Polteageist|spa|2
|-boost|p1a: Polteageist|spe|2
|
|upkeep
|turn|18
|
|t:|1760449402
|move|p1a: Polteageist|Stored Power|p2a: Gholdengo
|-damage|p2a: Gholdengo|0 fnt
|faint|p2a: Gholdengo
|
|upkeep
|
|t:|1760449415
|switch|p2a: Kingambit|Kingambit, M|100/100
|-activate|p2a: Kingambit|ability: Supreme Overlord
|-start|p2a: Kingambit|fallen4|[silent]
|turn|19
|
|t:|1760449420
|move|p2a: Kingambit|Sucker Punch||[still]
|-fail|p2a: Kingambit
|move|p1a: Polteageist|Strength Sap|p2a: Kingambit
|-unboost|p2a: Kingambit|atk|1
|-heal|p1a: Polteageist|100/100
|
|upkeep
|turn|20
|
|t:|1760449429
|-end|p2a: Kingambit|fallen4|[silent]
|switch|p2a: Raging Bolt|Raging Bolt|100/100
|-enditem|p2a: Raging Bolt|Booster Energy
|-activate|p2a: Raging Bolt|ability: Protosynthesis|[fromitem]
|-start|p2a: Raging Bolt|protosynthesisspa
|move|p1a: Polteageist|Shadow Ball|p2a: Raging Bolt
|-damage|p2a: Raging Bolt|29/100
|
|upkeep
|turn|21
|
|t:|1760449437
|move|p1a: Polteageist|Shadow Ball|p2a: Raging Bolt
|-damage|p2a: Raging Bolt|0 fnt
|faint|p2a: Raging Bolt
|-end|p2a: Raging Bolt|Protosynthesis|[silent]
|
|upkeep
|
|t:|1760449444
|switch|p2a: Kingambit|Kingambit, M|100/100
|-activate|p2a: Kingambit|ability: Supreme Overlord
|-start|p2a: Kingambit|fallen5|[silent]
|turn|22
|
|t:|1760449450
|move|p1a: Polteageist|Strength Sap|p2a: Kingambit
|-unboost|p2a: Kingambit|atk|1
|move|p2a: Kingambit|Kowtow Cleave|p1a: Polteageist
|-supereffective|p1a: Polteageist
|-enditem|p1a: Polteageist|Focus Sash
|-damage|p1a: Polteageist|1/100
|-ability|p1a: Polteageist|Weak Armor|boost
|-unboost|p1a: Polteageist|def|1
|-boost|p1a: Polteageist|spe|2
|
|upkeep
|turn|23
|
|t:|1760449460
|move|p1a: Polteageist|Strength Sap|p2a: Kingambit
|-unboost|p2a: Kingambit|atk|1
|-heal|p1a: Polteageist|88/100
|move|p2a: Kingambit|Kowtow Cleave|p1a: Polteageist
|-supereffective|p1a: Polteageist
|-damage|p1a: Polteageist|0 fnt
|faint|p1a: Polteageist
|
|upkeep
|
|t:|1760449467
|switch|p1a: Serperior|Serperior, M, shiny|78/100
|turn|24
|
|t:|1760449470
|move|p1a: Serperior|Protect|p1a: Serperior
|-singleturn|p1a: Serperior|Protect
|move|p2a: Kingambit|Kowtow Cleave|p1a: Serperior
|-activate|p1a: Serperior|move: Protect
|
|upkeep
|turn|25
|
|t:|1760449477
|move|p1a: Serperior|Leaf Storm|p2a: Kingambit
|-resisted|p2a: Kingambit
|-damage|p2a: Kingambit|71/100
|-boost|p1a: Serperior|spa|2
|move|p2a: Kingambit|Kowtow Cleave|p1a: Serperior
|-damage|p1a: Serperior|29/100
|
|upkeep
|turn|26
|
|t:|1760449484
|move|p1a: Serperior|Protect|p1a: Serperior
|-singleturn|p1a: Serperior|Protect
|move|p2a: Kingambit|Kowtow Cleave|p1a: Serperior
|-activate|p1a: Serperior|move: Protect
|
|upkeep
|turn|27
|
|t:|1760449489
|move|p1a: Serperior|Leaf Storm|p2a: Kingambit
|-resisted|p2a: Kingambit
|-damage|p2a: Kingambit|20/100
|-boost|p1a: Serperior|spa|2
|move|p2a: Kingambit|Kowtow Cleave|p1a: Serperior
|-damage|p1a: Serperior|0 fnt
|faint|p1a: Serperior
|
|win|ooo01w
|raw|Flumani's rating: 1367 &rarr; <strong>1347</strong><br />(-20 for losing)
|raw|ooo01w's rating: 1366 &rarr; <strong>1386</strong><br />(+20 for winning)
|l|☆Flumani
|player|p1|
|l|☆ooo01w
|player|p2|
