|j|☆Dollardasenee
|j|☆White3002
|t:|1760433582
|gametype|singles
|player|p1|Dollardasenee|cyrus|1141
|player|p2|White3002|whitney|1183
|gen|9
|tier|[Gen 9] OU
|rated|
|rule|HP Percentage Mod: HP is shown in percentages
|rule|Endless Battle Clause: Forcing endless battles is banned
|rule|Species Clause: Limit one of each Pokémon
|rule|OHKO Clause: OHKO moves are banned
|rule|Evasion Items Clause: Evasion items are banned
|rule|Evasion Moves Clause: Evasion moves are banned
|rule|Evasion Abilities Clause: Evasion abilities are banned
|rule|Sleep Moves Clause: Sleep-inducing moves are banned
|clearpoke
|poke|p1|Maushold-Four|
|poke|p1|Ninetales-Alola, M|
|poke|p1|Ceruledge, F|
|poke|p1|Gliscor, F|
|poke|p1|Darkrai|
|poke|p1|Garganacl, M|
|poke|p2|Landorus-Therian, M|
|poke|p2|Sinistcha|
|poke|p2|Tinkaton, F|
|poke|p2|Moltres|
|poke|p2|Samurott-Hisui, F|
|poke|p2|Hydreigon, F|
|teampreview
|inactive|Battle timer is ON: inactive players will automatically lose when time's up. (requested by Dollardasenee)
|
|t:|1760433609
|teamsize|p1|6
|teamsize|p2|6
|start
|switch|p1a: Ninetales|Ninetales-Alola, M|100/100
|switch|p2a: Samurott|Samurott-Hisui, F, shiny|100/100
|-weather|Snowscape|[from] ability: Snow Warning|[of] p1a: Ninetales
|turn|1
|
|t:|1760433617
|move|p1a: Ninetales|Aurora Veil|p1a: Ninetales
|-sidestart|p1: Dollardasenee|move: Aurora Veil
|move|p2a: Samurott|Ceaseless Edge|p1a: Ninetales
|-resisted|p1a: Ninetales
|-damage|p1a: Ninetales|90/100
|-sidestart|p1: Dollardasenee|Spikes
|
|-weather|Snowscape|[upkeep]
|upkeep
|turn|2
|
|t:|1760433633
|move|p1a: Ninetales|Charm|p2a: Samurott
|-unboost|p2a: Samurott|atk|2
|move|p2a: Samurott|Ceaseless Edge|p1a: Ninetales
|-resisted|p1a: Ninetales
|-damage|p1a: Ninetales|84/100
|-sidestart|p1: Dollardasenee|Spikes
|
|-weather|Snowscape|[upkeep]
|upkeep
|turn|3
|
|t:|1760433638
|switch|p1a: Maushold|Maushold-Four|100/100
|-damage|p1a: Maushold|84/100|[from] Spikes
|move|p2a: Samurott|Knock Off|p1a: Maushold
|-damage|p1a: Maushold|63/100
|-enditem|p1a: Maushold|Wide Lens|[from] move: Knock Off|[of] p2a: Samurott
|
|-weather|Snowscape|[upkeep]
|upkeep
|turn|4
|
|t:|1760433642
|move|p1a: Maushold|Tidy Up|p1a: Maushold
|-sideend|p1: Dollardasenee|Spikes
|-activate|p1a: Maushold|move: Tidy Up
|-boost|p1a: Maushold|atk|1
|-boost|p1a: Maushold|spe|1
|move|p2a: Samurott|Flip Turn|p1a: Maushold
|-damage|p1a: Maushold|52/100
|
|t:|1760433646
|switch|p2a: Moltres|Moltres|100/100|[from] Flip Turn
|
|-weather|Snowscape|[upkeep]
|upkeep
|turn|5
|
|t:|1760433653
|-terastallize|p1a: Maushold|Normal
|move|p1a: Maushold|Population Bomb|p2a: Moltres
|-crit|p2a: Moltres
|-damage|p2a: Moltres|74/100
|-damage|p2a: Moltres|56/100
|-damage|p2a: Moltres|37/100
|-damage|p2a: Moltres|17/100
|-damage|p2a: Moltres|0 fnt
|faint|p2a: Moltres
|-hitcount|p2: Moltres|5
|
|-weather|none
|upkeep
|
|t:|1760433675
|switch|p2a: Sinistcha|Sinistcha|100/100
|turn|6
|
|t:|1760433680
|move|p1a: Maushold|Bullet Seed|p2a: Sinistcha
|-resisted|p2a: Sinistcha
|-damage|p2a: Sinistcha|96/100
|-resisted|p2a: Sinistcha
|-damage|p2a: Sinistcha|91/100
|-resisted|p2a: Sinistcha
|-damage|p2a: Sinistcha|87/100
|-hitcount|p2a: Sinistcha|3
|move|p2a: Sinistcha|Calm Mind|p2a: Sinistcha
|-boost|p2a: Sinistcha|spa|1
|-boost|p2a: Sinistcha|spd|1
|
|upkeep
|turn|7
|
|t:|1760433689
|switch|p1a: Ceruledge|Ceruledge, F|100/100
|move|p2a: Sinistcha|Calm Mind|p2a: Sinistcha
|-boost|p2a: Sinistcha|spa|1
|-boost|p2a: Sinistcha|spd|1
|
|upkeep
|turn|8
|
|t:|1760433706
|move|p1a: Ceruledge|Swords Dance|p1a: Ceruledge
|-boost|p1a: Ceruledge|atk|2
|move|p2a: Sinistcha|Strength Sap|p1a: Ceruledge
|-unboost|p1a: Ceruledge|atk|1
|-heal|p2a: Sinistcha|100/100
|
|-sideend|p1: Dollardasenee|move: Aurora Veil
|upkeep
|turn|9
|
|t:|1760433711
|move|p1a: Ceruledge|Swords Dance|p1a: Ceruledge
|-boost|p1a: Ceruledge|atk|2
|move|p2a: Sinistcha|Shadow Ball|p1a: Ceruledge
|-supereffective|p1a: Ceruledge
|-enditem|p1a: Ceruledge|Focus Sash
|-damage|p1a: Ceruledge|1/100
|
|upkeep
|turn|10
|
|t:|1760433714
|move|p1a: Ceruledge|Bitter Blade|p2a: Sinistcha
|-supereffective|p2a: Sinistcha
|-damage|p2a: Sinistcha|22/100
|-heal|p1a: Ceruledge|48/100|[from] drain|[of] p2a: Sinistcha
|move|p2a: Sinistcha|Shadow Ball|p1a: Ceruledge
|-supereffective|p1a: Ceruledge
|-damage|p1a: Ceruledge|0 fnt
|faint|p1a: Ceruledge
|
|upkeep
|
|t:|1760433719
|switch|p1a: Ninetales|Ninetales-Alola, M|84/100
|-weather|Snowscape|[from] ability: Snow Warning|[of] p1a: Ninetales
|turn|11
|
|t:|1760433725
|move|p1a: Ninetales|Encore|p2a: Sinistcha
|-start|p2a: Sinistcha|Encore
|move|p2a: Sinistcha|Shadow Ball|p1a: Ninetales
|-damage|p1a: Ninetales|18/100
|
|-weather|Snowscape|[upkeep]
|upkeep
|turn|12
|
|t:|1760433729
|switch|p1a: Maushold|Maushold-Four, tera:Normal|52/100
|move|p2a: Sinistcha|Shadow Ball|p1a: Maushold
|-immune|p1a: Maushold
|
|-weather|Snowscape|[upkeep]
|upkeep
|turn|13
|
|t:|1760433736
|switch|p2a: Samurott|Samurott-Hisui, F, shiny|100/100
|move|p1a: Maushold|Tidy Up|p1a: Maushold
|-boost|p1a: Maushold|atk|1
|-boost|p1a: Maushold|spe|1
|
|-weather|Snowscape|[upkeep]
|upkeep
|turn|14
|
|t:|1760433742
|move|p1a: Maushold|Population Bomb|p2a: Samurott
|-damage|p2a: Samurott|73/100
|-damage|p2a: Samurott|46/100
|-damage|p2a: Samurott|16/100
|-damage|p2a: Samurott|0 fnt
|faint|p2a: Samurott
|-hitcount|p2: Samurott|4
|
|-weather|Snowscape|[upkeep]
|upkeep
|
|t:|1760433746
|switch|p2a: Landorus|Landorus-Therian, M|100/100
|-ability|p2a: Landorus|Intimidate|boost
|-unboost|p1a: Maushold|atk|1
|turn|15
|
|t:|1760433753
|move|p1a: Maushold|Population Bomb|p2a: Landorus
|-damage|p2a: Landorus|84/100
|-damage|p2a: Landorus|67/100
|-damage|p2a: Landorus|48/100
|-damage|p2a: Landorus|32/100
|-damage|p2a: Landorus|15/100
|-damage|p2a: Landorus|0 fnt
|faint|p2a: Landorus
|-hitcount|p2: Landorus|6
|
|-weather|none
|upkeep
|
|t:|1760433760
|switch|p2a: Sinistcha|Sinistcha|22/100
|turn|16
|
|t:|1760433767
|move|p1a: Maushold|Bullet Seed|p2a: Sinistcha
|-resisted|p2a: Sinistcha
|-damage|p2a: Sinistcha|18/100
|-resisted|p2a: Sinistcha
|-damage|p2a: Sinistcha|16/100
|-resisted|p2a: Sinistcha
|-damage|p2a: Sinistcha|13/100
|-hitcount|p2a: Sinistcha|3
|move|p2a: Sinistcha|Strength Sap|p1a: Maushold
|-unboost|p1a: Maushold|atk|1
|-heal|p2a: Sinistcha|85/100
|
|upkeep
|turn|17
|inactive|White3002 has 120 seconds left.
|
|t:|1760433808
|switch|p1a: Ninetales|Ninetales-Alola, M|18/100
|-weather|Snowscape|[from] ability: Snow Warning|[of] p1a: Ninetales
|move|p2a: Sinistcha|Matcha Gotcha|p1a: Ninetales
|-damage|p1a: Ninetales|0 fnt
|-heal|p2a: Sinistcha|94/100|[from] drain|[of] p1a: Ninetales
|faint|p1a: Ninetales
|
|-weather|Snowscape|[upkeep]
|upkeep
|
|t:|1760433813
|switch|p1a: Gliscor|Gliscor, F|100/100
|turn|18
|inactive|White3002 has 120 seconds left.
|
|t:|1760433845
|move|p1a: Gliscor|Toxic|p2a: Sinistcha
|-status|p2a: Sinistcha|tox
|move|p2a: Sinistcha|Calm Mind|p2a: Sinistcha
|-boost|p2a: Sinistcha|spa|1
|-boost|p2a: Sinistcha|spd|1
|
|-weather|Snowscape|[upkeep]
|-damage|p2a: Sinistcha|88/100 tox|[from] psn
|-status|p1a: Gliscor|tox|[from] item: Toxic Orb
|upkeep
|turn|19
|
|t:|1760433853
|move|p1a: Gliscor|Knock Off|p2a: Sinistcha
|-supereffective|p2a: Sinistcha
|-damage|p2a: Sinistcha|57/100 tox
|-enditem|p2a: Sinistcha|Heavy-Duty Boots|[from] move: Knock Off|[of] p1a: Gliscor
|move|p2a: Sinistcha|Matcha Gotcha|p1a: Gliscor
|-damage|p1a: Gliscor|42/100 tox
|-heal|p2a: Sinistcha|87/100 tox|[from] drain|[of] p1a: Gliscor
|
|-weather|Snowscape|[upkeep]
|-heal|p1a: Gliscor|54/100 tox|[from] ability: Poison Heal
|-damage|p2a: Sinistcha|75/100 tox|[from] psn
|upkeep
|turn|20
|
|t:|1760433864
|switch|p2a: Tinkaton|Tinkaton, F|100/100
|-item|p2a: Tinkaton|Air Balloon
|move|p1a: Gliscor|Protect||[still]
|-fail|p1a: Gliscor
|
|-weather|Snowscape|[upkeep]
|-heal|p1a: Gliscor|67/100 tox|[from] ability: Poison Heal
|upkeep
|turn|21
|
|t:|1760433872
|-terastallize|p2a: Tinkaton|Ice
|move|p2a: Tinkaton|Ice Hammer|p1a: Gliscor
|-supereffective|p1a: Gliscor
|-damage|p1a: Gliscor|0 fnt
|-unboost|p2a: Tinkaton|spe|1
|faint|p1a: Gliscor
|
|-weather|none
|upkeep
|
|t:|1760433881
|switch|p1a: Garganacl|Garganacl, M|100/100
|turn|22
|
|t:|1760433886
|switch|p2a: Sinistcha|Sinistcha|75/100 tox
|move|p1a: Garganacl|Salt Cure|p2a: Sinistcha
|-damage|p2a: Sinistcha|65/100 tox
|-start|p2a: Sinistcha|Salt Cure
|
|-damage|p2a: Sinistcha|59/100 tox|[from] psn
|-damage|p2a: Sinistcha|47/100 tox|[from] Salt Cure
|upkeep
|turn|23
|
|t:|1760433894
|move|p2a: Sinistcha|Matcha Gotcha|p1a: Garganacl
|-supereffective|p1a: Garganacl
|-damage|p1a: Garganacl|57/100
|-heal|p2a: Sinistcha|72/100 tox|[from] drain|[of] p1a: Garganacl
|move|p1a: Garganacl|Iron Defense|p1a: Garganacl
|-boost|p1a: Garganacl|def|2
|
|-heal|p1a: Garganacl|64/100|[from] item: Leftovers
|-damage|p2a: Sinistcha|60/100 tox|[from] psn
|-damage|p2a: Sinistcha|47/100 tox|[from] Salt Cure
|upkeep
|turn|24
|
|t:|1760433905
|move|p2a: Sinistcha|Matcha Gotcha|p1a: Garganacl
|-supereffective|p1a: Garganacl
|-damage|p1a: Garganacl|20/100
|-heal|p2a: Sinistcha|73/100 tox|[from] drain|[of] p1a: Garganacl
|move|p1a: Garganacl|Salt Cure|p2a: Sinistcha
|-damage|p2a: Sinistcha|64/100 tox
|
|-heal|p1a: Garganacl|26/100|[from] item: Leftovers
|-damage|p2a: Sinistcha|45/100 tox|[from] psn
|-damage|p2a: Sinistcha|33/100 tox|[from] Salt Cure
|upkeep
|turn|25
|
|t:|1760433911
|move|p2a: Sinistcha|Matcha Gotcha|p1a: Garganacl
|-supereffective|p1a: Garganacl
|-damage|p1a: Garganacl|0 fnt
|-heal|p2a: Sinistcha|48/100 tox|[from] drain|[of] p1a: Garganacl
|faint|p1a: Garganacl
|
|-damage|p2a: Sinistcha|24/100 tox|[from] psn
|-damage|p2a: Sinistcha|11/100 tox|[from] Salt Cure
|upkeep
|
|t:|1760433914
|switch|p1a: Darkrai|Darkrai|100/100
|turn|26
|
|t:|1760433919
|move|p1a: Darkrai|Ice Beam|p2a: Sinistcha
|-supereffective|p2a: Sinistcha
|-damage|p2a: Sinistcha|0 fnt
|faint|p2a: Sinistcha
|
|upkeep
|
|t:|1760433921
|switch|p2a: Tinkaton|Tinkaton, F, tera:Ice|100/100
|-item|p2a: Tinkaton|Air Balloon
|turn|27
|
|t:|1760433925
|move|p1a: Darkrai|Ice Beam|p2a: Tinkaton
|-resisted|p2a: Tinkaton
|-damage|p2a: Tinkaton|76/100
|-enditem|p2a: Tinkaton|Air Balloon
|move|p2a: Tinkaton|Gigaton Hammer|p1a: Darkrai
|-damage|p1a: Darkrai|25/100
|
|upkeep
|turn|28
|
|t:|1760433928
|move|p1a: Darkrai|Ice Beam|p2a: Tinkaton
|-resisted|p2a: Tinkaton
|-damage|p2a: Tinkaton|49/100
|move|p2a: Tinkaton|Ice Hammer|p1a: Darkrai
|-damage|p1a: Darkrai|0 fnt
|-unboost|p2a: Tinkaton|spe|1
|faint|p1a: Darkrai
|
|upkeep
|
|t:|1760433931
|switch|p1a: Maushold|Maushold-Four, tera:Normal|52/100
|turn|29
|
|t:|1760433943
|move|p1a: Maushold|Population Bomb|p2a: Tinkaton
|-damage|p2a: Tinkaton|28/100
|-damage|p2a: Tinkaton|9/100
|-damage|p2a: Tinkaton|0 fnt
|faint|p2a: Tinkaton
|-hitcount|p2: Tinkaton|3
|
|upkeep
|
|t:|1760433946
|switch|p2a: Hydreigon|Hydreigon, F, shiny|100/100
|turn|30
|
|t:|1760433953
|move|p1a: Maushold|Population Bomb|p2a: Hydreigon
|-damage|p2a: Hydreigon|83/100
|-damage|p2a: Hydreigon|66/100
|-hitcount|p2a: Hydreigon|2
|move|p2a: Hydreigon|Draco Meteor|p1a: Maushold
|-damage|p1a: Maushold|0 fnt
|-unboost|p2a: Hydreigon|spa|2
|faint|p1a: Maushold
|
|win|White3002
|raw|Dollardasenee's rating: 1141 &rarr; <strong>1119</strong><br />(-22 for losing)
|raw|White3002's rating: 1183 &rarr; <strong>1205</strong><br />(+22 for winning)
|l|☆White3002
|player|p2|
|l|☆Dollardasenee
|player|p1|
