|j|☆GlormbusTemples
|j|☆K-Pop-tassiumMan
|t:|1760384533
|gametype|singles
|player|p1|GlormbusTemples|pokekid|1070
|player|p2|K-Pop-tassiumMan|blaine|1110
|gen|9
|tier|[Gen 9] OU
|rated|
|rule|HP Percentage Mod: HP is shown in percentages
|rule|Endless Battle Clause: Forcing endless battles is banned
|rule|Species Clause: Limit one of each Pokémon
|rule|OHKO Clause: OHKO moves are banned
|rule|Evasion Items Clause: Evasion items are banned
|rule|Evasion Moves Clause: Evasion moves are banned
|rule|Evasion Abilities Clause: Evasion abilities are banned
|rule|Sleep Moves Clause: Sleep-inducing moves are banned
|clearpoke
|poke|p1|Zapdos|
|poke|p1|Slowking-Galar, M|
|poke|p1|Jirachi|
|poke|p1|Landorus-Therian, M|
|poke|p1|Alomomola, M|
|poke|p1|Kingambit, F|
|poke|p2|Maushold-Four|
|poke|p2|Grimmsnarl, M|
|poke|p2|Amoonguss, M|
|poke|p2|Gliscor, F|
|poke|p2|Gholdengo|
|poke|p2|Kingambit, M|
|teampreview
|inactive|Battle timer is ON: inactive players will automatically lose when time's up. (requested by K-Pop-tassiumMan)
|
|t:|1760384552
|teamsize|p1|6
|teamsize|p2|6
|start
|switch|p1a: Landorus|Landorus-Therian, M|100/100
|switch|p2a: Gliscor|Gliscor, F|100/100
|-ability|p1a: Landorus|Intimidate|boost
|-unboost|p2a: Gliscor|atk|1
|turn|1
|
|t:|1760384570
|move|p1a: Landorus|Fling|p2a: Gliscor
|-damage|p2a: Gliscor|94/100
|-status|p2a: Gliscor|par
|-enditem|p1a: Landorus|Light Ball|[from] move: Fling
|cant|p2a: Gliscor|par
|
|upkeep
|turn|2
|
|t:|1760384583
|move|p1a: Landorus|Stealth Rock|p2a: Gliscor
|-sidestart|p2: K-Pop-tassiumMan|move: Stealth Rock
|move|p2a: Gliscor|Toxic|p1a: Landorus
|-status|p1a: Landorus|tox
|
|-damage|p1a: Landorus|94/100 tox|[from] psn
|upkeep
|turn|3
|
|t:|1760384587
|move|p1a: Landorus|U-turn|p2a: Gliscor
|-resisted|p2a: Gliscor
|-damage|p2a: Gliscor|86/100 par
|
|t:|1760384594
|switch|p1a: Slowking|Slowking-Galar, M|100/100|[from] U-turn
|move|p2a: Gliscor|Knock Off|p1a: Slowking
|-supereffective|p1a: Slowking
|-damage|p1a: Slowking|73/100
|-enditem|p1a: Slowking|Heavy-Duty Boots|[from] move: Knock Off|[of] p2a: Gliscor
|
|upkeep
|turn|4
|
|t:|1760384615
|switch|p2a: Grimmsnarl|Grimmsnarl, M|100/100
|-damage|p2a: Grimmsnarl|88/100|[from] Stealth Rock
|-prepare|p1a: Slowking|Chilly Reception|[premajor]
|move|p1a: Slowking|Chilly Reception|p1a: Slowking
|-weather|Snowscape
|
|t:|1760384626
|switch|p1a: Kingambit|Kingambit, F|100/100|[from] Chilly Reception
|
|-weather|Snowscape|[upkeep]
|upkeep
|turn|5
|
|t:|1760384633
|move|p2a: Grimmsnarl|Thunder Wave|p1a: Kingambit
|-hint|Since gen 7, Dark is immune to Prankster moves.
|-immune|p1a: Kingambit
|move|p1a: Kingambit|Iron Head|p2a: Grimmsnarl
|-supereffective|p2a: Grimmsnarl
|-damage|p2a: Grimmsnarl|13/100
|
|-weather|Snowscape|[upkeep]
|upkeep
|turn|6
|
|t:|1760384640
|move|p2a: Grimmsnarl|Reflect|p2a: Grimmsnarl
|-sidestart|p2: K-Pop-tassiumMan|Reflect
|move|p1a: Kingambit|Kowtow Cleave|p2a: Grimmsnarl
|-resisted|p2a: Grimmsnarl
|-damage|p2a: Grimmsnarl|8/100
|
|-weather|Snowscape|[upkeep]
|upkeep
|turn|7
|
|t:|1760384644
|move|p2a: Grimmsnarl|Light Screen|p2a: Grimmsnarl
|-sidestart|p2: K-Pop-tassiumMan|move: Light Screen
|move|p1a: Kingambit|Kowtow Cleave|p2a: Grimmsnarl
|-resisted|p2a: Grimmsnarl
|-damage|p2a: Grimmsnarl|3/100
|
|-weather|Snowscape|[upkeep]
|upkeep
|turn|8
|
|t:|1760384670
|move|p2a: Grimmsnarl|Parting Shot|p1a: Kingambit
|-hint|Since gen 7, Dark is immune to Prankster moves.
|-immune|p1a: Kingambit
|move|p1a: Kingambit|Swords Dance|p1a: Kingambit
|-boost|p1a: Kingambit|atk|2
|
|-weather|none
|upkeep
|turn|9
|
|t:|1760384675
|switch|p2a: Gliscor|Gliscor, F|86/100 par
|-damage|p2a: Gliscor|74/100 par|[from] Stealth Rock
|move|p1a: Kingambit|Swords Dance|p1a: Kingambit
|-boost|p1a: Kingambit|atk|2
|
|upkeep
|turn|10
|
|t:|1760384678
|move|p1a: Kingambit|Swords Dance|p1a: Kingambit
|-boost|p1a: Kingambit|atk|2
|move|p2a: Gliscor|Earthquake|p1a: Kingambit
|-supereffective|p1a: Kingambit
|-damage|p1a: Kingambit|42/100
|
|-heal|p1a: Kingambit|48/100|[from] item: Leftovers
|upkeep
|turn|11
|
|t:|1760384692
|move|p1a: Kingambit|Kowtow Cleave|p2a: Gliscor
|-damage|p2a: Gliscor|1/100 par
|move|p2a: Gliscor|Earthquake|p1a: Kingambit
|-supereffective|p1a: Kingambit
|-damage|p1a: Kingambit|0 fnt
|faint|p1a: Kingambit
|-end|p1a: Kingambit|fallenundefined|[silent]
|
|upkeep
|
|t:|1760384697
|switch|p1a: Zapdos|Zapdos|100/100
|turn|12
|
|t:|1760384703
|move|p1a: Zapdos|Substitute|p1a: Zapdos
|-start|p1a: Zapdos|Substitute
|-damage|p1a: Zapdos|76/100
|move|p2a: Gliscor|Toxic||[still]
|-fail|p2a: Gliscor
|
|upkeep
|turn|13
|inactive|K-Pop-tassiumMan has 120 seconds left.
|
|t:|1760384738
|move|p1a: Zapdos|Roost|p1a: Zapdos
|-heal|p1a: Zapdos|100/100
|-singleturn|p1a: Zapdos|move: Roost
|move|p2a: Gliscor|Toxic||[still]
|-fail|p2a: Gliscor
|
|-sideend|p2: K-Pop-tassiumMan|Reflect
|upkeep
|turn|14
|inactive|K-Pop-tassiumMan has 120 seconds left.
|
|t:|1760384749
|move|p1a: Zapdos|Hurricane|p2a: Gliscor
|-damage|p2a: Gliscor|0 fnt
|faint|p2a: Gliscor
|
|-sideend|p2: K-Pop-tassiumMan|move: Light Screen
|upkeep
|inactive|K-Pop-tassiumMan has 120 seconds left.
|
|t:|1760384769
|switch|p2a: Kingambit|Kingambit, M|100/100
|-damage|p2a: Kingambit|94/100|[from] Stealth Rock
|-activate|p2a: Kingambit|ability: Supreme Overlord
|-start|p2a: Kingambit|fallen1|[silent]
|turn|15
|
|t:|1760384775
|move|p1a: Zapdos|Discharge|p2a: Kingambit
|-damage|p2a: Kingambit|64/100
|move|p2a: Kingambit|Swords Dance|p2a: Kingambit
|-boost|p2a: Kingambit|atk|2
|
|-heal|p2a: Kingambit|70/100|[from] item: Leftovers
|upkeep
|turn|16
|inactive|K-Pop-tassiumMan has 120 seconds left.
|
|t:|1760384783
|move|p1a: Zapdos|Discharge|p2a: Kingambit
|-damage|p2a: Kingambit|39/100
|move|p2a: Kingambit|Swords Dance|p2a: Kingambit
|-boost|p2a: Kingambit|atk|2
|
|-heal|p2a: Kingambit|45/100|[from] item: Leftovers
|upkeep
|turn|17
|
|t:|1760384790
|move|p2a: Kingambit|Sucker Punch|p1a: Zapdos
|-end|p1a: Zapdos|Substitute
|move|p1a: Zapdos|Discharge|p2a: Kingambit
|-damage|p2a: Kingambit|14/100
|
|-heal|p2a: Kingambit|20/100|[from] item: Leftovers
|upkeep
|turn|18
|
|t:|1760384799
|-end|p2a: Kingambit|fallen1|[silent]
|switch|p2a: Maushold|Maushold-Four|100/100
|-damage|p2a: Maushold|88/100|[from] Stealth Rock
|move|p1a: Zapdos|Substitute|p1a: Zapdos
|-start|p1a: Zapdos|Substitute
|-damage|p1a: Zapdos|76/100
|
|upkeep
|turn|19
|
|t:|1760384801
|move|p2a: Maushold|Population Bomb|p1a: Zapdos
|-activate|p1a: Zapdos|move: Substitute|[damage]
|-activate|p1a: Zapdos|move: Substitute|[damage]
|-activate|p1a: Zapdos|move: Substitute|[damage]
|-end|p1a: Zapdos|Substitute
|-damage|p1a: Zapdos|67/100
|-status|p2a: Maushold|par|[from] ability: Static|[of] p1a: Zapdos
|-damage|p1a: Zapdos|58/100
|-damage|p1a: Zapdos|50/100
|-damage|p1a: Zapdos|42/100
|-damage|p1a: Zapdos|34/100
|-damage|p1a: Zapdos|26/100
|-hitcount|p1a: Zapdos|10
|move|p1a: Zapdos|Discharge|p2a: Maushold
|-damage|p2a: Maushold|37/100 par
|
|upkeep
|turn|20
|
|t:|1760384810
|move|p1a: Zapdos|Discharge|p2a: Maushold
|-damage|p2a: Maushold|0 fnt
|faint|p2a: Maushold
|
|upkeep
|-message|K-Pop-tassiumMan forfeited.
|
|win|GlormbusTemples
|raw|GlormbusTemples's rating: 1070 &rarr; <strong>1103</strong><br />(+33 for winning)
|raw|K-Pop-tassiumMan's rating: 1110 &rarr; <strong>1082</strong><br />(-28 for losing)
|l|☆K-Pop-tassiumMan
|player|p2|
