|j|☆ImagineHavingSkill
|j|☆Voltaris33
|t:|1760308585
|gametype|singles
|player|p1|ImagineHavingSkill|fisherman-gen4|1446
|player|p2|Voltaris33|unknown|1470
|gen|9
|tier|[Gen 9] OU
|rated|
|rule|HP Percentage Mod: HP is shown in percentages
|rule|Endless Battle Clause: Forcing endless battles is banned
|rule|Species Clause: Limit one of each Pokémon
|rule|OHKO Clause: OHKO moves are banned
|rule|Evasion Items Clause: Evasion items are banned
|rule|Evasion Moves Clause: Evasion moves are banned
|rule|Evasion Abilities Clause: Evasion abilities are banned
|rule|Sleep Moves Clause: Sleep-inducing moves are banned
|clearpoke
|poke|p1|Ogerpon-Wellspring, F|
|poke|p1|Toxicroak, F|
|poke|p1|Pelipper, M|
|poke|p1|Iron Treads|
|poke|p1|Kingdra, F|
|poke|p1|Araquanid, F|
|poke|p2|Garchomp, M|
|poke|p2|Moltres-Galar|
|poke|p2|Tyranitar, M|
|poke|p2|Noivern, M|
|poke|p2|Ceruledge, F|
|poke|p2|Zapdos|
|teampreview
|inactive|Battle timer is ON: inactive players will automatically lose when time's up. (requested by Voltaris33)
|
|t:|1760308594
|teamsize|p1|6
|teamsize|p2|6
|start
|switch|p1a: Ogerpon|Ogerpon-Wellspring, F|100/100
|switch|p2a: Zapdos|Zapdos|100/100
|turn|1
|
|t:|1760308602
|switch|p1a: Iron Treads|Iron Treads|100/100
|move|p2a: Zapdos|Thunder Wave|p1a: Iron Treads
|-immune|p1a: Iron Treads
|
|upkeep
|turn|2
|
|t:|1760308616
|switch|p2a: Ceruledge|Ceruledge, F|100/100
|move|p1a: Iron Treads|Knock Off|p2a: Ceruledge
|-supereffective|p2a: Ceruledge
|-damage|p2a: Ceruledge|37/100
|-ability|p2a: Ceruledge|Weak Armor|boost
|-unboost|p2a: Ceruledge|def|1
|-boost|p2a: Ceruledge|spe|2
|-enditem|p2a: Ceruledge|Focus Sash|[from] move: Knock Off|[of] p1a: Iron Treads
|
|upkeep
|turn|3
|
|t:|1760308629
|-end|p1a: Iron Treads|Quark Drive|[silent]
|switch|p1a: Araquanid|Araquanid, F|100/100
|move|p2a: Ceruledge|Bitter Blade|p1a: Araquanid
|-damage|p1a: Araquanid|76/100
|-heal|p2a: Ceruledge|51/100|[from] drain|[of] p1a: Araquanid
|
|upkeep
|turn|4
|
|t:|1760308635
|switch|p2a: Zapdos|Zapdos|100/100
|move|p1a: Araquanid|Surf|p2a: Zapdos
|-damage|p2a: Zapdos|33/100
|
|upkeep
|turn|5
|
|t:|1760308639
|move|p2a: Zapdos|Roost|p2a: Zapdos
|-heal|p2a: Zapdos|83/100
|-singleturn|p2a: Zapdos|move: Roost
|move|p1a: Araquanid|Surf|p2a: Zapdos
|-damage|p2a: Zapdos|23/100
|
|upkeep
|turn|6
|
|t:|1760308641
|move|p2a: Zapdos|Volt Switch|p1a: Araquanid
|-supereffective|p1a: Araquanid
|-damage|p1a: Araquanid|0 fnt
|faint|p1a: Araquanid
|
|t:|1760308644
|switch|p2a: Noivern|Noivern, M|100/100|[from] Volt Switch
|
|upkeep
|
|t:|1760308647
|switch|p1a: Kingdra|Kingdra, F|100/100
|turn|7
|
|t:|1760308650
|switch|p1a: Pelipper|Pelipper, M|100/100
|-weather|RainDance|[from] ability: Drizzle|[of] p1a: Pelipper
|move|p2a: Noivern|Draco Meteor|p1a: Pelipper
|-damage|p1a: Pelipper|25/100
|-unboost|p2a: Noivern|spa|2
|
|-weather|RainDance|[upkeep]
|upkeep
|turn|8
|
|t:|1760308655
|switch|p1a: Iron Treads|Iron Treads|100/100
|move|p2a: Noivern|U-turn|p1a: Iron Treads
|-resisted|p1a: Iron Treads
|-damage|p1a: Iron Treads|97/100
|
|t:|1760308657
|switch|p2a: Tyranitar|Tyranitar, M|100/100|[from] U-turn
|-weather|Sandstorm|[from] ability: Sand Stream|[of] p2a: Tyranitar
|
|-weather|Sandstorm|[upkeep]
|upkeep
|turn|9
|
|t:|1760308661
|switch|p2a: Zapdos|Zapdos|23/100
|move|p1a: Iron Treads|Knock Off|p2a: Zapdos
|-damage|p2a: Zapdos|0 fnt
|-enditem|p2a: Zapdos|Zap Plate|[from] move: Knock Off|[of] p1a: Iron Treads
|faint|p2a: Zapdos
|
|-weather|Sandstorm|[upkeep]
|upkeep
|
|t:|1760308664
|switch|p2a: Garchomp|Garchomp, M|100/100
|turn|10
|
|t:|1760308668
|move|p2a: Garchomp|Scale Shot|p1a: Iron Treads
|-resisted|p1a: Iron Treads
|-crit|p1a: Iron Treads
|-damage|p1a: Iron Treads|89/100
|-resisted|p1a: Iron Treads
|-damage|p1a: Iron Treads|85/100
|-resisted|p1a: Iron Treads
|-damage|p1a: Iron Treads|79/100
|-resisted|p1a: Iron Treads
|-damage|p1a: Iron Treads|75/100
|-hitcount|p1a: Iron Treads|4
|-unboost|p2a: Garchomp|def|1
|-boost|p2a: Garchomp|spe|1
|move|p1a: Iron Treads|Volt Switch|p2a: Garchomp
|-immune|p2a: Garchomp
|
|-weather|Sandstorm|[upkeep]
|upkeep
|turn|11
|
|t:|1760308672
|move|p2a: Garchomp|Earthquake|p1a: Iron Treads
|-supereffective|p1a: Iron Treads
|-damage|p1a: Iron Treads|0 fnt
|faint|p1a: Iron Treads
|-end|p1a: Iron Treads|Quark Drive|[silent]
|
|-weather|Sandstorm|[upkeep]
|upkeep
|
|t:|1760308675
|switch|p1a: Pelipper|Pelipper, M|25/100
|-weather|RainDance|[from] ability: Drizzle|[of] p1a: Pelipper
|turn|12
|
|t:|1760308683
|switch|p1a: Kingdra|Kingdra, F|100/100
|move|p2a: Garchomp|Scale Shot|p1a: Kingdra
|-supereffective|p1a: Kingdra
|-damage|p1a: Kingdra|70/100
|-supereffective|p1a: Kingdra
|-damage|p1a: Kingdra|36/100
|-supereffective|p1a: Kingdra
|-damage|p1a: Kingdra|3/100
|-supereffective|p1a: Kingdra
|-damage|p1a: Kingdra|0 fnt
|faint|p1a: Kingdra
|-hitcount|p1: Kingdra|4
|-unboost|p2a: Garchomp|def|1
|-boost|p2a: Garchomp|spe|1
|
|-weather|RainDance|[upkeep]
|upkeep
|-message|ImagineHavingSkill forfeited.
|
|win|Voltaris33
|raw|ImagineHavingSkill's rating: 1446 &rarr; <strong>1427</strong><br />(-19 for losing)
|raw|Voltaris33's rating: 1470 &rarr; <strong>1489</strong><br />(+19 for winning)
|l|☆Voltaris33
|player|p2|
|l|☆ImagineHavingSkill
|player|p1|
