|j|☆LLBattler
|j|☆psychedelic_kit
|t:|1760401035
|gametype|singles
|player|p1|LLBattler|101|1150
|player|p2|psychedelic_kit|red|1123
|gen|9
|tier|[Gen 9] OU
|rated|
|rule|HP Percentage Mod: HP is shown in percentages
|rule|Endless Battle Clause: Forcing endless battles is banned
|rule|Species Clause: Limit one of each Pokémon
|rule|OHKO Clause: OHKO moves are banned
|rule|Evasion Items Clause: Evasion items are banned
|rule|Evasion Moves Clause: Evasion moves are banned
|rule|Evasion Abilities Clause: Evasion abilities are banned
|rule|Sleep Moves Clause: Sleep-inducing moves are banned
|clearpoke
|poke|p1|Garganacl, F|
|poke|p1|Dragapult, F|
|poke|p1|Ogerpon-Wellspring, F|
|poke|p1|Moltres|
|poke|p1|Zamazenta-*|
|poke|p1|Iron Treads|
|poke|p2|Glimmora, F|
|poke|p2|Meowscarada, M|
|poke|p2|Walking Wake|
|poke|p2|Volbeat, M|
|poke|p2|Kingambit, M|
|poke|p2|Gliscor, M|
|teampreview
|inactive|Battle timer is ON: inactive players will automatically lose when time's up. (requested by psychedelic_kit)
|
|t:|1760401051
|teamsize|p1|6
|teamsize|p2|6
|start
|switch|p1a: Moltres|Moltres|100/100
|switch|p2a: Glimmora|Glimmora, F|100/100
|turn|1
|
|t:|1760401057
|move|p2a: Glimmora|Power Gem|p1a: Moltres
|-supereffective|p1a: Moltres
|-damage|p1a: Moltres|0 fnt
|faint|p1a: Moltres
|
|upkeep
|
|t:|1760401064
|switch|p1a: Dragapult|Dragapult, F|100/100
|turn|2
|
|t:|1760401077
|move|p2a: Glimmora|Spiky Shield|p2a: Glimmora
|-singleturn|p2a: Glimmora|move: Protect
|move|p1a: Dragapult|Draco Meteor|p2a: Glimmora
|-activate|p2a: Glimmora|move: Protect
|
|upkeep
|turn|3
|
|t:|1760401089
|switch|p1a: Garganacl|Garganacl, F|100/100
|switch|p2a: Volbeat|Volbeat, M|100/100
|
|upkeep
|turn|4
|
|t:|1760401098
|move|p2a: Volbeat|Thunder Wave|p1a: Garganacl
|-immune|p1a: Garganacl|[from] ability: Purifying Salt
|move|p1a: Garganacl|Iron Defense|p1a: Garganacl
|-boost|p1a: Garganacl|def|2
|
|upkeep
|turn|5
|
|t:|1760401108
|switch|p2a: Gliscor|Gliscor, M|100/100
|move|p1a: Garganacl|Salt Cure|p2a: Gliscor
|-damage|p2a: Gliscor|88/100
|-start|p2a: Gliscor|Salt Cure
|
|-damage|p2a: Gliscor|75/100|[from] Salt Cure
|-status|p2a: Gliscor|tox|[from] item: Toxic Orb
|upkeep
|turn|6
|
|t:|1760401122
|switch|p2a: Volbeat|Volbeat, M|100/100
|move|p1a: Garganacl|Body Press|p2a: Volbeat
|-resisted|p2a: Volbeat
|-damage|p2a: Volbeat|73/100
|
|-heal|p2a: Volbeat|79/100|[from] item: Leftovers
|upkeep
|turn|7
|
|t:|1760401131
|switch|p2a: Gliscor|Gliscor, M|75/100 tox
|move|p1a: Garganacl|Salt Cure|p2a: Gliscor
|-damage|p2a: Gliscor|62/100 tox
|-start|p2a: Gliscor|Salt Cure
|
|-heal|p2a: Gliscor|74/100 tox|[from] ability: Poison Heal
|-damage|p2a: Gliscor|62/100 tox|[from] Salt Cure
|upkeep
|turn|8
|
|t:|1760401141
|move|p2a: Gliscor|Earthquake|p1a: Garganacl
|-supereffective|p1a: Garganacl
|-damage|p1a: Garganacl|82/100
|move|p1a: Garganacl|Salt Cure|p2a: Gliscor
|-damage|p2a: Gliscor|49/100 tox
|
|-heal|p1a: Garganacl|88/100|[from] item: Leftovers
|-heal|p2a: Gliscor|61/100 tox|[from] ability: Poison Heal
|-damage|p2a: Gliscor|49/100 tox|[from] Salt Cure
|upkeep
|turn|9
|
|t:|1760401153
|move|p2a: Gliscor|Stealth Rock|p1a: Garganacl
|-sidestart|p1: LLBattler|move: Stealth Rock
|move|p1a: Garganacl|Body Press|p2a: Gliscor
|-resisted|p2a: Gliscor
|-damage|p2a: Gliscor|28/100 tox
|
|-heal|p1a: Garganacl|95/100|[from] item: Leftovers
|-heal|p2a: Gliscor|40/100 tox|[from] ability: Poison Heal
|-damage|p2a: Gliscor|28/100 tox|[from] Salt Cure
|upkeep
|turn|10
|
|t:|1760401166
|switch|p2a: Walking Wake|Walking Wake|100/100
|-enditem|p2a: Walking Wake|Booster Energy
|-activate|p2a: Walking Wake|ability: Protosynthesis|[fromitem]
|-start|p2a: Walking Wake|protosynthesisspa
|move|p1a: Garganacl|Iron Defense|p1a: Garganacl
|-boost|p1a: Garganacl|def|2
|
|-heal|p1a: Garganacl|100/100|[from] item: Leftovers
|upkeep
|turn|11
|
|t:|1760401177
|move|p1a: Garganacl|Body Press|p2a: Walking Wake
|-damage|p2a: Walking Wake|31/100
|move|p2a: Walking Wake|Roar|p1a: Garganacl
|drag|p1a: Dragapult|Dragapult, F|100/100
|
|upkeep
|turn|12
|
|t:|1760401198
|-end|p2a: Walking Wake|Protosynthesis|[silent]
|switch|p2a: Kingambit|Kingambit, M|100/100
|move|p1a: Dragapult|Hex|p2a: Kingambit
|-resisted|p2a: Kingambit
|-damage|p2a: Kingambit|90/100
|
|upkeep
|turn|13
|
|t:|1760401209
|switch|p1a: Iron Treads|Iron Treads|100/100
|-damage|p1a: Iron Treads|98/100|[from] Stealth Rock
|move|p2a: Kingambit|Iron Head|p1a: Iron Treads
|-resisted|p1a: Iron Treads
|-crit|p1a: Iron Treads
|-damage|p1a: Iron Treads|72/100
|
|-heal|p1a: Iron Treads|78/100|[from] item: Leftovers
|upkeep
|turn|14
|
|t:|1760401223
|-end|p2a: Kingambit|fallenundefined|[silent]
|switch|p2a: Gliscor|Gliscor, M|28/100 tox
|move|p1a: Iron Treads|Rapid Spin|p2a: Gliscor
|-damage|p2a: Gliscor|16/100 tox
|-boost|p1a: Iron Treads|spe|1
|-sideend|p1: LLBattler|Stealth Rock|[from] move: Rapid Spin|[of] p1a: Iron Treads
|
|-heal|p1a: Iron Treads|84/100|[from] item: Leftovers
|-heal|p2a: Gliscor|28/100 tox|[from] ability: Poison Heal
|upkeep
|turn|15
|inactive|LLBattler has 120 seconds left.
|
|t:|1760401246
|move|p2a: Gliscor|Protect|p2a: Gliscor
|-singleturn|p2a: Gliscor|Protect
|move|p1a: Iron Treads|Earthquake|p2a: Gliscor
|-activate|p2a: Gliscor|move: Protect
|
|-heal|p1a: Iron Treads|90/100|[from] item: Leftovers
|-heal|p2a: Gliscor|41/100 tox|[from] ability: Poison Heal
|upkeep
|turn|16
|
|t:|1760401256
|move|p1a: Iron Treads|Earthquake|p2a: Gliscor
|-immune|p2a: Gliscor
|move|p2a: Gliscor|Earthquake|p1a: Iron Treads
|-supereffective|p1a: Iron Treads
|-damage|p1a: Iron Treads|47/100
|
|-heal|p1a: Iron Treads|53/100|[from] item: Leftovers
|-heal|p2a: Gliscor|53/100 tox|[from] ability: Poison Heal
|upkeep
|turn|17
|
|t:|1760401266
|-end|p1a: Iron Treads|Quark Drive|[silent]
|switch|p1a: Ogerpon|Ogerpon-Wellspring, F|100/100
|move|p2a: Gliscor|Protect||[still]
|-fail|p2a: Gliscor
|
|-heal|p2a: Gliscor|65/100 tox|[from] ability: Poison Heal
|upkeep
|turn|18
|inactive|LLBattler has 120 seconds left.
|
|t:|1760401287
|-terastallize|p1a: Ogerpon|Water
|detailschange|p1a: Ogerpon|Ogerpon-Wellspring-Tera, F, tera:Water
|-ability|p1a: Ogerpon|Embody Aspect (Wellspring)|boost
|-boost|p1a: Ogerpon|spd|1
|move|p1a: Ogerpon|Ivy Cudgel|p2a: Gliscor|[anim] Ivy Cudgel Water
|-supereffective|p2a: Gliscor
|-damage|p2a: Gliscor|0 fnt
|faint|p2a: Gliscor
|
|upkeep
|
|t:|1760401297
|switch|p2a: Volbeat|Volbeat, M|79/100
|turn|19
|
|t:|1760401306
|move|p2a: Volbeat|Thunder Wave|p1a: Ogerpon
|-status|p1a: Ogerpon|par
|cant|p1a: Ogerpon|par
|
|-heal|p2a: Volbeat|85/100|[from] item: Leftovers
|upkeep
|turn|20
|
|t:|1760401314
|move|p2a: Volbeat|Light Screen|p2a: Volbeat
|-sidestart|p2: psychedelic_kit|move: Light Screen
|move|p1a: Ogerpon|Ivy Cudgel|p2a: Volbeat|[anim] Ivy Cudgel Water
|-damage|p2a: Volbeat|0 fnt
|faint|p2a: Volbeat
|
|upkeep
|
|t:|1760401321
|switch|p2a: Meowscarada|Meowscarada, M, shiny|100/100
|turn|21
|inactive|LLBattler has 120 seconds left.
|
|t:|1760401361
|switch|p1a: Dragapult|Dragapult, F|100/100
|move|p2a: Meowscarada|Flower Trick|p1a: Dragapult
|-start|p2a: Meowscarada|typechange|Grass|[from] ability: Protean
|-resisted|p1a: Dragapult
|-crit|p1a: Dragapult
|-damage|p1a: Dragapult|49/100
|
|upkeep
|turn|22
|
|t:|1760401380
|move|p1a: Dragapult|Draco Meteor|p2a: Meowscarada
|-damage|p2a: Meowscarada|55/100
|-unboost|p1a: Dragapult|spa|2
|move|p2a: Meowscarada|Flower Trick|p1a: Dragapult
|-resisted|p1a: Dragapult
|-crit|p1a: Dragapult
|-damage|p1a: Dragapult|0 fnt
|faint|p1a: Dragapult
|
|upkeep
|
|t:|1760401392
|switch|p1a: Zamazenta|Zamazenta|100/100
|-ability|p1a: Zamazenta|Dauntless Shield|boost
|-boost|p1a: Zamazenta|def|1
|turn|23
|
|t:|1760401404
|move|p1a: Zamazenta|Ice Fang|p2a: Meowscarada
|-supereffective|p2a: Meowscarada
|-damage|p2a: Meowscarada|0 fnt
|faint|p2a: Meowscarada
|
|upkeep
|
|t:|1760401409
|switch|p2a: Kingambit|Kingambit, M|90/100
|-activate|p2a: Kingambit|ability: Supreme Overlord
|-start|p2a: Kingambit|fallen3|[silent]
|turn|24
|inactive|LLBattler has 90 seconds left.
|
|t:|1760401462
|-terastallize|p2a: Kingambit|Ghost
|move|p1a: Zamazenta|Heavy Slam|p2a: Kingambit
|-crit|p2a: Kingambit
|-damage|p2a: Kingambit|75/100
|move|p2a: Kingambit|Poison Jab|p1a: Zamazenta
|-damage|p1a: Zamazenta|73/100
|
|-sideend|p2: psychedelic_kit|move: Light Screen
|upkeep
|turn|25
|
|t:|1760401478
|move|p1a: Zamazenta|Close Combat|p2a: Kingambit
|-immune|p2a: Kingambit
|move|p2a: Kingambit|Poison Jab|p1a: Zamazenta
|-damage|p1a: Zamazenta|49/100
|
|upkeep
|turn|26
|
|t:|1760401485
|move|p1a: Zamazenta|Ice Fang|p2a: Kingambit
|-damage|p2a: Kingambit|61/100
|move|p2a: Kingambit|Poison Jab|p1a: Zamazenta
|-damage|p1a: Zamazenta|24/100
|-status|p1a: Zamazenta|psn
|
|-damage|p1a: Zamazenta|12/100 psn|[from] psn
|upkeep
|turn|27
|
|t:|1760401497
|-end|p2a: Kingambit|fallen3|[silent]
|switch|p2a: Glimmora|Glimmora, F|100/100
|move|p1a: Zamazenta|Crunch|p2a: Glimmora
|-damage|p2a: Glimmora|72/100
|-activate|p2a: Glimmora|ability: Toxic Debris
|-sidestart|p1: LLBattler|move: Toxic Spikes
|
|-heal|p2a: Glimmora|78/100|[from] item: Leftovers
|-damage|p1a: Zamazenta|0 fnt|[from] psn
|faint|p1a: Zamazenta
|upkeep
|
|t:|1760401510
|switch|p1a: Iron Treads|Iron Treads|53/100
|turn|28
|
|t:|1760401517
|-end|p1a: Iron Treads|Quark Drive|[silent]
|switch|p1a: Garganacl|Garganacl, F|100/100
|move|p2a: Glimmora|Spiky Shield||[still]
|-fail|p2a: Glimmora
|
|-heal|p2a: Glimmora|84/100|[from] item: Leftovers
|upkeep
|turn|29
|
|t:|1760401530
|move|p2a: Glimmora|Sludge Bomb|p1a: Garganacl
|-resisted|p1a: Garganacl
|-damage|p1a: Garganacl|84/100
|move|p1a: Garganacl|Salt Cure|p2a: Glimmora
|-damage|p2a: Glimmora|71/100
|-start|p2a: Glimmora|Salt Cure
|-activate|p2a: Glimmora|ability: Toxic Debris
|-sidestart|p1: LLBattler|move: Toxic Spikes
|
|-heal|p2a: Glimmora|77/100|[from] item: Leftovers
|-heal|p1a: Garganacl|90/100|[from] item: Leftovers
|-damage|p2a: Glimmora|65/100|[from] Salt Cure
|upkeep
|turn|30
|
|t:|1760401543
|move|p2a: Glimmora|Sludge Bomb|p1a: Garganacl
|-resisted|p1a: Garganacl
|-damage|p1a: Garganacl|72/100
|move|p1a: Garganacl|Iron Defense|p1a: Garganacl
|-boost|p1a: Garganacl|def|2
|
|-heal|p2a: Glimmora|71/100|[from] item: Leftovers
|-heal|p1a: Garganacl|79/100|[from] item: Leftovers
|-damage|p2a: Glimmora|59/100|[from] Salt Cure
|upkeep
|turn|31
|
|t:|1760401554
|switch|p2a: Walking Wake|Walking Wake|31/100
|move|p1a: Garganacl|Body Press|p2a: Walking Wake
|-crit|p2a: Walking Wake
|-damage|p2a: Walking Wake|0 fnt
|faint|p2a: Walking Wake
|-end|p2a: Walking Wake|Protosynthesis|[silent]
|
|-heal|p1a: Garganacl|85/100|[from] item: Leftovers
|upkeep
|
|t:|1760401565
|switch|p2a: Kingambit|Kingambit, M, tera:Ghost|61/100
|-activate|p2a: Kingambit|ability: Supreme Overlord
|-start|p2a: Kingambit|fallen4|[silent]
|turn|32
|
|t:|1760401571
|move|p2a: Kingambit|Iron Head|p1a: Garganacl
|-supereffective|p1a: Garganacl
|-damage|p1a: Garganacl|42/100
|move|p1a: Garganacl|Salt Cure|p2a: Kingambit
|-damage|p2a: Kingambit|51/100
|-start|p2a: Kingambit|Salt Cure
|
|-heal|p1a: Garganacl|48/100|[from] item: Leftovers
|-damage|p2a: Kingambit|38/100|[from] Salt Cure
|upkeep
|turn|33
|
|t:|1760401582
|move|p2a: Kingambit|Iron Head|p1a: Garganacl
|-supereffective|p1a: Garganacl
|-damage|p1a: Garganacl|6/100
|cant|p1a: Garganacl|flinch
|
|-heal|p1a: Garganacl|12/100|[from] item: Leftovers
|-damage|p2a: Kingambit|26/100|[from] Salt Cure
|upkeep
|turn|34
|inactive|LLBattler has 90 seconds left.
|
|t:|1760401598
|switch|p1a: Iron Treads|Iron Treads|53/100
|move|p2a: Kingambit|Iron Head|p1a: Iron Treads
|-resisted|p1a: Iron Treads
|-damage|p1a: Iron Treads|25/100
|
|-heal|p1a: Iron Treads|32/100|[from] item: Leftovers
|-damage|p2a: Kingambit|14/100|[from] Salt Cure
|upkeep
|turn|35
|inactive|LLBattler has 90 seconds left.
|
|t:|1760401610
|-end|p2a: Kingambit|fallen4|[silent]
|switch|p2a: Glimmora|Glimmora, F|59/100
|move|p1a: Iron Treads|Rapid Spin|p2a: Glimmora
|-resisted|p2a: Glimmora
|-damage|p2a: Glimmora|52/100
|-boost|p1a: Iron Treads|spe|1
|-sideend|p1: LLBattler|Toxic Spikes|[from] move: Rapid Spin|[of] p1a: Iron Treads
|
|-heal|p1a: Iron Treads|38/100|[from] item: Leftovers
|-heal|p2a: Glimmora|59/100|[from] item: Leftovers
|upkeep
|turn|36
|inactive|LLBattler has 90 seconds left.
|
|t:|1760401623
|-end|p1a: Iron Treads|Quark Drive|[silent]
|switch|p1a: Ogerpon|Ogerpon-Wellspring-Tera, F, tera:Water|100/100 par
|-ability|p1a: Ogerpon|Embody Aspect (Wellspring)|boost
|-boost|p1a: Ogerpon|spd|1
|move|p2a: Glimmora|Mortal Spin|p1a: Ogerpon
|-damage|p1a: Ogerpon|94/100 par
|
|-heal|p2a: Glimmora|65/100|[from] item: Leftovers
|upkeep
|turn|37
|inactive|LLBattler has 90 seconds left.
|
|t:|1760401635
|move|p2a: Glimmora|Sludge Bomb|p1a: Ogerpon
|-damage|p1a: Ogerpon|57/100 par
|move|p1a: Ogerpon|Ivy Cudgel|p2a: Glimmora|[anim] Ivy Cudgel Water
|-supereffective|p2a: Glimmora
|-damage|p2a: Glimmora|0 fnt
|-activate|p2a: Glimmora|ability: Toxic Debris
|-sidestart|p1: LLBattler|move: Toxic Spikes
|faint|p2a: Glimmora
|
|upkeep
|
|t:|1760401645
|switch|p2a: Kingambit|Kingambit, M, tera:Ghost|14/100
|-activate|p2a: Kingambit|ability: Supreme Overlord
|-start|p2a: Kingambit|fallen5|[silent]
|turn|38
|
|t:|1760401666
|cant|p1a: Ogerpon|par
|move|p2a: Kingambit|Kowtow Cleave|p1a: Ogerpon
|-damage|p1a: Ogerpon|0 fnt
|faint|p1a: Ogerpon
|detailschange|p1: Ogerpon|Ogerpon-Wellspring, F|[silent]
|
|upkeep
|
|t:|1760401677
|switch|p1a: Iron Treads|Iron Treads|38/100
|turn|39
|
|t:|1760401683
|move|p2a: Kingambit|Sucker Punch|p1a: Iron Treads
|-damage|p1a: Iron Treads|0 fnt
|faint|p1a: Iron Treads
|-end|p1a: Iron Treads|Quark Drive|[silent]
|
|upkeep
|
|t:|1760401687
|switch|p1a: Garganacl|Garganacl, F|12/100
|turn|40
|
|t:|1760401692
|move|p2a: Kingambit|Iron Head|p1a: Garganacl
|-supereffective|p1a: Garganacl
|-damage|p1a: Garganacl|0 fnt
|faint|p1a: Garganacl
|
|win|psychedelic_kit
|raw|LLBattler's rating: 1150 &rarr; <strong>1123</strong><br />(-27 for losing)
|raw|psychedelic_kit's rating: 1123 &rarr; <strong>1150</strong><br />(+27 for winning)
|c|☆psychedelic_kit|Gg
|c|☆LLBattler|gg
