|j|☆jamosb test
|j|☆Box2DaLeft
|t:|1760319520
|gametype|singles
|player|p1|jamosb test|170|1403
|player|p2|Box2DaLeft|pokefanf-gen4|1424
|gen|9
|tier|[Gen 9] OU
|rated|
|rule|HP Percentage Mod: HP is shown in percentages
|rule|Endless Battle Clause: Forcing endless battles is banned
|rule|Species Clause: Limit one of each Pokémon
|rule|OHKO Clause: OHKO moves are banned
|rule|Evasion Items Clause: Evasion items are banned
|rule|Evasion Moves Clause: Evasion moves are banned
|rule|Evasion Abilities Clause: Evasion abilities are banned
|rule|Sleep Moves Clause: Sleep-inducing moves are banned
|clearpoke
|poke|p1|Iron Boulder|
|poke|p1|Great Tusk|
|poke|p1|Slowking-Galar, M|
|poke|p1|Gholdengo|
|poke|p1|Ogerpon-Wellspring, F|
|poke|p1|Moltres-Galar|
|poke|p2|Basculegion, M|
|poke|p2|Bellibolt, M|
|poke|p2|Dragonite, M|
|poke|p2|Iron Treads|
|poke|p2|Barraskewda, F|
|poke|p2|Pelipper, F|
|teampreview
|
|t:|1760319528
|teamsize|p1|6
|teamsize|p2|6
|start
|switch|p1a: Moltres|Moltres-Galar|100/100
|switch|p2a: Pelipper|Pelipper, F|100/100
|-weather|RainDance|[from] ability: Drizzle|[of] p2a: Pelipper
|turn|1
|
|t:|1760319575
|switch|p2a: Iron Treads|Iron Treads|100/100
|move|p1a: Moltres|Substitute|p1a: Moltres
|-start|p1a: Moltres|Substitute
|-damage|p1a: Moltres|75/100
|
|-weather|RainDance|[upkeep]
|upkeep
|turn|2
|
|t:|1760319583
|move|p2a: Iron Treads|Stealth Rock|p1a: Moltres
|-sidestart|p1: jamosb test|move: Stealth Rock
|move|p1a: Moltres|Fiery Wrath|p2a: Iron Treads
|-damage|p2a: Iron Treads|51/100
|-enditem|p2a: Iron Treads|Eject Button
|
|t:|1760319596
|-end|p2a: Iron Treads|Quark Drive|[silent]
|switch|p2a: Barraskewda|Barraskewda, F|100/100
|
|-weather|RainDance|[upkeep]
|upkeep
|turn|3
|
|t:|1760319598
|move|p2a: Barraskewda|Flip Turn|p1a: Moltres
|-end|p1a: Moltres|Substitute
|
|t:|1760319600
|switch|p2a: Bellibolt|Bellibolt, M|100/100|[from] Flip Turn
|move|p1a: Moltres|Fiery Wrath|p2a: Bellibolt
|-damage|p2a: Bellibolt|78/100
|-start|p2a: Bellibolt|Charge|Fiery Wrath|[from] ability: Electromorphosis
|
|-weather|RainDance|[upkeep]
|upkeep
|turn|4
|
|t:|1760319607
|move|p1a: Moltres|Substitute|p1a: Moltres
|-start|p1a: Moltres|Substitute
|-damage|p1a: Moltres|50/100
|-enditem|p1a: Moltres|Sitrus Berry|[eat]
|-heal|p1a: Moltres|75/100|[from] item: Sitrus Berry
|move|p2a: Bellibolt|Thunder|p1a: Moltres
|-supereffective|p1a: Moltres
|-end|p1a: Moltres|Substitute
|-end|p2a: Bellibolt|Charge|[silent]
|
|-weather|RainDance|[upkeep]
|upkeep
|turn|5
|
|t:|1760319637
|switch|p1a: Great Tusk|Great Tusk|100/100
|-damage|p1a: Great Tusk|98/100|[from] Stealth Rock
|move|p2a: Bellibolt|Thunder|p1a: Great Tusk
|-immune|p1a: Great Tusk
|
|-weather|RainDance|[upkeep]
|upkeep
|turn|6
|
|t:|1760319642
|move|p1a: Great Tusk|Knock Off|p2a: Bellibolt
|-damage|p2a: Bellibolt|52/100
|-start|p2a: Bellibolt|Charge|Knock Off|[from] ability: Electromorphosis
|-enditem|p2a: Bellibolt|Assault Vest|[from] move: Knock Off|[of] p1a: Great Tusk
|move|p2a: Bellibolt|Weather Ball|p1a: Great Tusk
|-supereffective|p1a: Great Tusk
|-damage|p1a: Great Tusk|0 fnt
|faint|p1a: Great Tusk
|-end|p1a: Great Tusk|Protosynthesis|[silent]
|
|-weather|RainDance|[upkeep]
|upkeep
|
|t:|1760319657
|switch|p1a: Iron Boulder|Iron Boulder|100/100
|-damage|p1a: Iron Boulder|88/100|[from] Stealth Rock
|turn|7
|
|t:|1760319697
|move|p1a: Iron Boulder|Mighty Cleave|p2a: Bellibolt
|-damage|p2a: Bellibolt|0 fnt
|faint|p2a: Bellibolt
|
|-weather|RainDance|[upkeep]
|upkeep
|
|t:|1760319701
|switch|p2a: Barraskewda|Barraskewda, F|100/100
|turn|8
|
|t:|1760319705
|-end|p1a: Iron Boulder|Quark Drive|[silent]
|switch|p1a: Ogerpon|Ogerpon-Wellspring, F|100/100
|-damage|p1a: Ogerpon|88/100|[from] Stealth Rock
|move|p2a: Barraskewda|Close Combat|p1a: Ogerpon
|-damage|p1a: Ogerpon|2/100
|-unboost|p2a: Barraskewda|def|1
|-unboost|p2a: Barraskewda|spd|1
|
|-weather|none
|upkeep
|turn|9
|
|t:|1760319712
|switch|p1a: Gholdengo|Gholdengo|100/100
|-damage|p1a: Gholdengo|94/100|[from] Stealth Rock
|-item|p1a: Gholdengo|Air Balloon
|move|p2a: Barraskewda|Close Combat|p1a: Gholdengo
|-immune|p1a: Gholdengo
|
|upkeep
|turn|10
|
|t:|1760319719
|switch|p2a: Iron Treads|Iron Treads|51/100
|move|p1a: Gholdengo|Nasty Plot|p1a: Gholdengo
|-boost|p1a: Gholdengo|spa|2
|
|upkeep
|turn|11
|
|t:|1760319725
|move|p2a: Iron Treads|Volt Switch|p1a: Gholdengo
|-damage|p1a: Gholdengo|78/100
|-enditem|p1a: Gholdengo|Air Balloon
|
|t:|1760319740
|-end|p2a: Iron Treads|Quark Drive|[silent]
|switch|p2a: Dragonite|Dragonite, M|100/100|[from] Volt Switch
|move|p1a: Gholdengo|Shadow Ball|p2a: Dragonite
|-damage|p2a: Dragonite|54/100
|
|upkeep
|turn|12
|
|t:|1760319748
|move|p1a: Gholdengo|Shadow Ball|p2a: Dragonite
|-damage|p2a: Dragonite|0 fnt
|faint|p2a: Dragonite
|
|upkeep
|
|t:|1760319750
|switch|p2a: Pelipper|Pelipper, F|100/100
|-weather|RainDance|[from] ability: Drizzle|[of] p2a: Pelipper
|turn|13
|
|t:|1760319752
|switch|p2a: Iron Treads|Iron Treads|51/100
|move|p1a: Gholdengo|Shadow Ball|p2a: Iron Treads
|-damage|p2a: Iron Treads|0 fnt
|faint|p2a: Iron Treads
|-end|p2a: Iron Treads|Quark Drive|[silent]
|
|-weather|RainDance|[upkeep]
|upkeep
|
|t:|1760319756
|switch|p2a: Barraskewda|Barraskewda, F|100/100
|turn|14
|
|t:|1760319795
|switch|p1a: Ogerpon|Ogerpon-Wellspring, F|2/100
|-damage|p1a: Ogerpon|0 fnt|[from] Stealth Rock
|faint|p1a: Ogerpon
|move|p2a: Barraskewda|Liquidation|p1: Ogerpon|[notarget]
|-fail|p2a: Barraskewda
|
|-weather|RainDance|[upkeep]
|upkeep
|
|t:|1760319811
|switch|p1a: Slowking|Slowking-Galar, M, shiny|100/100
|turn|15
|
|t:|1760319827
|-terastallize|p1a: Slowking|Water
|move|p2a: Barraskewda|Liquidation|p1a: Slowking
|-resisted|p1a: Slowking
|-damage|p1a: Slowking|49/100
|-unboost|p1a: Slowking|def|1
|move|p1a: Slowking|Sludge Bomb|p2a: Barraskewda
|-damage|p2a: Barraskewda|29/100
|
|-weather|RainDance|[upkeep]
|upkeep
|turn|16
|
|t:|1760319843
|switch|p1a: Gholdengo|Gholdengo|78/100
|-damage|p1a: Gholdengo|72/100|[from] Stealth Rock
|move|p2a: Barraskewda|Liquidation|p1a: Gholdengo
|-damage|p1a: Gholdengo|0 fnt
|faint|p1a: Gholdengo
|
|-weather|RainDance|[upkeep]
|upkeep
|
|t:|1760319845
|switch|p1a: Slowking|Slowking-Galar, M, shiny, tera:Water|82/100
|turn|17
|
|t:|1760319862
|switch|p2a: Basculegion|Basculegion, M|100/100
|move|p1a: Slowking|Sludge Bomb|p2a: Basculegion
|-resisted|p2a: Basculegion
|-crit|p2a: Basculegion
|-damage|p2a: Basculegion|72/100
|
|-weather|RainDance|[upkeep]
|upkeep
|turn|18
|
|t:|1760319866
|move|p2a: Basculegion|Wave Crash|p1a: Slowking
|-resisted|p1a: Slowking
|-damage|p1a: Slowking|0 fnt
|faint|p1a: Slowking
|-damage|p2a: Basculegion|44/100|[from] Recoil
|
|-weather|RainDance|[upkeep]
|upkeep
|
|t:|1760319871
|switch|p1a: Moltres|Moltres-Galar|75/100
|-damage|p1a: Moltres|50/100|[from] Stealth Rock
|turn|19
|
|t:|1760319876
|move|p2a: Basculegion|Wave Crash|p1a: Moltres
|-crit|p1a: Moltres
|-damage|p1a: Moltres|0 fnt
|faint|p1a: Moltres
|-damage|p2a: Basculegion|27/100|[from] Recoil
|
|-weather|RainDance|[upkeep]
|upkeep
|
|t:|1760319878
|switch|p1a: Iron Boulder|Iron Boulder|88/100
|-damage|p1a: Iron Boulder|76/100|[from] Stealth Rock
|turn|20
|-message|jamosb test forfeited.
|
|win|Box2DaLeft
|raw|jamosb test's rating: 1403 &rarr; <strong>1384</strong><br />(-19 for losing)
|raw|Box2DaLeft's rating: 1424 &rarr; <strong>1443</strong><br />(+19 for winning)
|l|☆jamosb test
|player|p1|
|l|☆Box2DaLeft
|player|p2|
