|j|☆xV001
|j|☆Plooka
|t:|1760354942
|gametype|singles
|player|p1|xV001|102|1236
|player|p2|Plooka|lana|1227
|gen|9
|tier|[Gen 9] OU
|rated|
|rule|HP Percentage Mod: HP is shown in percentages
|rule|Endless Battle Clause: Forcing endless battles is banned
|rule|Species Clause: Limit one of each Pokémon
|rule|OHKO Clause: OHKO moves are banned
|rule|Evasion Items Clause: Evasion items are banned
|rule|Evasion Moves Clause: Evasion moves are banned
|rule|Evasion Abilities Clause: Evasion abilities are banned
|rule|Sleep Moves Clause: Sleep-inducing moves are banned
|clearpoke
|poke|p1|Ninetales-Alola, F|
|poke|p1|Manaphy|
|poke|p1|Dragonite, M|
|poke|p1|Weezing-Galar, M|
|poke|p1|Kyurem|
|poke|p1|Kingambit, F|
|poke|p2|Gengar, M|
|poke|p2|Landorus-Therian, M|
|poke|p2|Meowscarada, M|
|poke|p2|Great Tusk|
|poke|p2|Primarina, F|
|poke|p2|Deoxys-Speed|
|teampreview
|inactive|Battle timer is ON: inactive players will automatically lose when time's up. (requested by xV001)
|
|t:|1760354959
|teamsize|p1|6
|teamsize|p2|6
|start
|switch|p1a: Ninetales|Ninetales-Alola, F|100/100
|switch|p2a: Gengar|Gengar, M|100/100
|-weather|Snowscape|[from] ability: Snow Warning|[of] p1a: Ninetales
|turn|1
|
|t:|1760354964
|move|p2a: Gengar|Sludge Wave|p1a: Ninetales
|-supereffective|p1a: Ninetales
|-damage|p1a: Ninetales|0 fnt
|faint|p1a: Ninetales
|
|-weather|Snowscape|[upkeep]
|upkeep
|
|t:|1760354971
|switch|p1a: Dragonite|Dragonite, M|100/100
|turn|2
|
|t:|1760354977
|move|p2a: Gengar|Sludge Wave|p1a: Dragonite
|-damage|p1a: Dragonite|69/100
|move|p1a: Dragonite|Dragon Dance|p1a: Dragonite
|-boost|p1a: Dragonite|atk|1
|-boost|p1a: Dragonite|spe|1
|
|-weather|Snowscape|[upkeep]
|upkeep
|turn|3
|
|t:|1760354990
|switch|p2a: Landorus|Landorus-Therian, M|100/100
|-ability|p2a: Landorus|Intimidate|boost
|-unboost|p1a: Dragonite|atk|1
|move|p1a: Dragonite|Dragon Claw|p2a: Landorus
|-damage|p2a: Landorus|48/100
|
|-weather|Snowscape|[upkeep]
|upkeep
|turn|4
|
|t:|1760355000
|move|p1a: Dragonite|Dragon Claw|p2a: Landorus
|-damage|p2a: Landorus|0 fnt
|faint|p2a: Landorus
|
|-weather|Snowscape|[upkeep]
|upkeep
|
|t:|1760355003
|switch|p2a: Deoxys|Deoxys-Speed|100/100
|-ability|p2a: Deoxys|Pressure
|turn|5
|
|t:|1760355007
|move|p1a: Dragonite|Extreme Speed|p2a: Deoxys
|-damage|p2a: Deoxys|47/100
|move|p2a: Deoxys|Ice Beam|p1a: Dragonite
|-supereffective|p1a: Dragonite
|-damage|p1a: Dragonite|0 fnt
|faint|p1a: Dragonite
|
|-weather|none
|upkeep
|
|t:|1760355016
|switch|p1a: Kyurem|Kyurem|100/100
|-ability|p1a: Kyurem|Pressure
|turn|6
|
|t:|1760355020
|move|p2a: Deoxys|Superpower|p1a: Kyurem
|-supereffective|p1a: Kyurem
|-damage|p1a: Kyurem|56/100
|-unboost|p2a: Deoxys|atk|1
|-unboost|p2a: Deoxys|def|1
|move|p1a: Kyurem|Scale Shot|p2a: Deoxys
|-damage|p2a: Deoxys|13/100
|-damage|p2a: Deoxys|0 fnt
|faint|p2a: Deoxys
|-hitcount|p2: Deoxys|2
|-unboost|p1a: Kyurem|def|1
|-boost|p1a: Kyurem|spe|1
|
|upkeep
|
|t:|1760355030
|switch|p2a: Primarina|Primarina, F|100/100
|turn|7
|
|t:|1760355040
|switch|p1a: Kingambit|Kingambit, F|100/100
|-activate|p1a: Kingambit|ability: Supreme Overlord
|-start|p1a: Kingambit|fallen2|[silent]
|move|p2a: Primarina|Moonblast|p1a: Kingambit
|-damage|p1a: Kingambit|47/100
|-unboost|p1a: Kingambit|spa|1
|
|-heal|p1a: Kingambit|53/100|[from] item: Leftovers
|upkeep
|turn|8
|
|t:|1760355046
|switch|p2a: Great Tusk|Great Tusk|100/100
|move|p1a: Kingambit|Iron Head|p2a: Great Tusk
|-damage|p2a: Great Tusk|62/100
|
|-heal|p2a: Great Tusk|69/100|[from] item: Leftovers
|-heal|p1a: Kingambit|59/100|[from] item: Leftovers
|upkeep
|turn|9
|
|t:|1760355057
|-end|p2a: Great Tusk|Protosynthesis|[silent]
|switch|p2a: Gengar|Gengar, M|100/100
|-end|p1a: Kingambit|fallen2|[silent]
|switch|p1a: Manaphy|Manaphy|100/100
|
|upkeep
|turn|10
|
|t:|1760355064
|move|p2a: Gengar|Shadow Ball|p1a: Manaphy
|-damage|p1a: Manaphy|39/100
|move|p1a: Manaphy|Scald|p2a: Gengar
|-damage|p2a: Gengar|42/100
|
|-heal|p1a: Manaphy|45/100|[from] item: Leftovers
|upkeep
|turn|11
|
|t:|1760355073
|move|p2a: Gengar|Shadow Ball|p1a: Manaphy
|-damage|p1a: Manaphy|0 fnt
|faint|p1a: Manaphy
|
|upkeep
|
|t:|1760355077
|switch|p1a: Kingambit|Kingambit, F|59/100
|-activate|p1a: Kingambit|ability: Supreme Overlord
|-start|p1a: Kingambit|fallen3|[silent]
|turn|12
|
|t:|1760355084
|switch|p2a: Meowscarada|Meowscarada, M|100/100
|move|p1a: Kingambit|Iron Head|p2a: Meowscarada
|-crit|p2a: Meowscarada
|-damage|p2a: Meowscarada|0 fnt
|faint|p2a: Meowscarada
|
|-heal|p1a: Kingambit|65/100|[from] item: Leftovers
|upkeep
|
|t:|1760355086
|switch|p2a: Great Tusk|Great Tusk|69/100
|turn|13
|
|t:|1760355106
|-end|p1a: Kingambit|fallen3|[silent]
|switch|p1a: Weezing|Weezing-Galar, M|100/100
|-ability|p1a: Weezing|Neutralizing Gas
|move|p2a: Great Tusk|Close Combat|p1a: Weezing
|-resisted|p1a: Weezing
|-damage|p1a: Weezing|91/100
|-unboost|p2a: Great Tusk|def|1
|-unboost|p2a: Great Tusk|spd|1
|
|-heal|p2a: Great Tusk|75/100|[from] item: Leftovers
|-heal|p1a: Weezing|97/100|[from] item: Leftovers
|upkeep
|turn|14
|
|t:|1760355112
|-end|p2a: Great Tusk|Protosynthesis|[silent]
|switch|p2a: Gengar|Gengar, M|42/100
|move|p1a: Weezing|Strange Steam|p2a: Gengar
|-resisted|p2a: Gengar
|-damage|p2a: Gengar|19/100
|
|-heal|p1a: Weezing|100/100|[from] item: Leftovers
|upkeep
|turn|15
|
|t:|1760355116
|move|p2a: Gengar|Shadow Ball|p1a: Weezing
|-damage|p1a: Weezing|10/100
|-unboost|p1a: Weezing|spd|1
|move|p1a: Weezing|Strange Steam|p2a: Gengar
|-resisted|p2a: Gengar
|-damage|p2a: Gengar|0 fnt
|faint|p2a: Gengar
|
|-heal|p1a: Weezing|16/100|[from] item: Leftovers
|upkeep
|
|t:|1760355142
|switch|p2a: Great Tusk|Great Tusk|75/100
|turn|16
|
|t:|1760355145
|move|p2a: Great Tusk|Ice Spinner|p1a: Weezing
|-damage|p1a: Weezing|0 fnt
|faint|p1a: Weezing
|-end|p1a: Weezing|ability: Neutralizing Gas
|
|-heal|p2a: Great Tusk|81/100|[from] item: Leftovers
|upkeep
|
|t:|1760355150
|switch|p1a: Kyurem|Kyurem|56/100
|-ability|p1a: Kyurem|Pressure
|turn|17
|
|t:|1760355156
|move|p2a: Great Tusk|Close Combat|p1a: Kyurem
|-supereffective|p1a: Kyurem
|-damage|p1a: Kyurem|0 fnt
|-unboost|p2a: Great Tusk|def|1
|-unboost|p2a: Great Tusk|spd|1
|faint|p1a: Kyurem
|
|-heal|p2a: Great Tusk|87/100|[from] item: Leftovers
|upkeep
|
|t:|1760355160
|switch|p1a: Kingambit|Kingambit, F|65/100
|-activate|p1a: Kingambit|ability: Supreme Overlord
|-start|p1a: Kingambit|fallen5|[silent]
|turn|18
|
|t:|1760355166
|move|p2a: Great Tusk|Close Combat|p1a: Kingambit
|-supereffective|p1a: Kingambit
|-damage|p1a: Kingambit|0 fnt
|-unboost|p2a: Great Tusk|def|1
|-unboost|p2a: Great Tusk|spd|1
|faint|p1a: Kingambit
|-end|p1a: Kingambit|fallen5|[silent]
|
|win|Plooka
|raw|xV001's rating: 1236 &rarr; <strong>1210</strong><br />(-26 for losing)
|raw|Plooka's rating: 1227 &rarr; <strong>1253</strong><br />(+26 for winning)
|l|☆xV001
|player|p1|
|l|☆Plooka
|player|p2|
