|j|☆eros maniac
|j|☆NguyenKhoaPRO
|t:|1760447431
|gametype|singles
|player|p1|eros maniac|hilbert-wonderlauncher|1771
|player|p2|NguyenKhoaPRO|blue|1747
|gen|9
|tier|[Gen 9] OU
|rated|
|rule|HP Percentage Mod: HP is shown in percentages
|rule|Endless Battle Clause: Forcing endless battles is banned
|rule|Species Clause: Limit one of each Pokémon
|rule|OHKO Clause: OHKO moves are banned
|rule|Evasion Items Clause: Evasion items are banned
|rule|Evasion Moves Clause: Evasion moves are banned
|rule|Evasion Abilities Clause: Evasion abilities are banned
|rule|Sleep Moves Clause: Sleep-inducing moves are banned
|clearpoke
|poke|p1|Frosmoth, F|
|poke|p1|Maushold-Four|
|poke|p1|Krookodile, F|
|poke|p1|Sinistcha|
|poke|p1|Alomomola, F|
|poke|p1|Weezing-Galar, M|
|poke|p2|Kingambit, M|
|poke|p2|Rillaboom, M|
|poke|p2|Greninja-*, M|
|poke|p2|Great Tusk|
|poke|p2|Iron Moth|
|poke|p2|Deoxys-Speed|
|teampreview
|inactive|Battle timer is ON: inactive players will automatically lose when time's up. (requested by eros maniac)
|
|t:|1760447446
|teamsize|p1|6
|teamsize|p2|6
|start
|switch|p1a: Krookodile|Krookodile, F|100/100
|switch|p2a: KILLABOOM|Rillaboom, M|100/100
|-fieldstart|move: Grassy Terrain|[from] ability: Grassy Surge|[of] p2a: KILLABOOM
|-ability|p1a: Krookodile|Intimidate|boost
|-unboost|p2a: KILLABOOM|atk|1
|turn|1
|
|t:|1760447451
|switch|p1a: Weezing|Weezing-Galar, M|100/100
|-ability|p1a: Weezing|Neutralizing Gas
|move|p2a: KILLABOOM|U-turn|p1a: Weezing
|-resisted|p1a: Weezing
|-damage|p1a: Weezing|96/100
|
|t:|1760447454
|switch|p2a: MOEBIUS|Deoxys-Speed|100/100|[from] U-turn
|
|-heal|p1a: Weezing|100/100|[from] Grassy Terrain
|upkeep
|turn|2
|
|t:|1760447458
|-end|p1a: Weezing|ability: Neutralizing Gas
|-ability|p2a: MOEBIUS|Pressure
|switch|p1a: Krookodile|Krookodile, F|100/100
|-ability|p1a: Krookodile|Intimidate|boost
|-unboost|p2a: MOEBIUS|atk|1
|move|p2a: MOEBIUS|Nasty Plot|p2a: MOEBIUS
|-boost|p2a: MOEBIUS|spa|2
|
|upkeep
|turn|3
|
|t:|1760447466
|move|p2a: MOEBIUS|Focus Blast|p1a: Krookodile
|-supereffective|p1a: Krookodile
|-damage|p1a: Krookodile|0 fnt
|faint|p1a: Krookodile
|-damage|p2a: MOEBIUS|91/100|[from] item: Life Orb
|
|-heal|p2a: MOEBIUS|97/100|[from] Grassy Terrain
|upkeep
|
|t:|1760447469
|switch|p1a: Frosmoth|Frosmoth, F, shiny|100/100
|turn|4
|
|t:|1760447472
|move|p2a: MOEBIUS|Psycho Boost|p1a: Frosmoth
|-damage|p1a: Frosmoth|40/100
|-unboost|p2a: MOEBIUS|spa|2
|-damage|p2a: MOEBIUS|87/100|[from] item: Life Orb
|move|p1a: Frosmoth|Quiver Dance|p1a: Frosmoth
|-boost|p1a: Frosmoth|spa|1
|-boost|p1a: Frosmoth|spd|1
|-boost|p1a: Frosmoth|spe|1
|
|-heal|p2a: MOEBIUS|93/100|[from] Grassy Terrain
|-heal|p1a: Frosmoth|46/100|[from] Grassy Terrain
|-heal|p1a: Frosmoth|52/100|[from] item: Leftovers
|upkeep
|turn|5
|
|t:|1760447481
|switch|p2a: ALUCARD|Iron Moth|100/100
|-enditem|p2a: ALUCARD|Booster Energy
|-activate|p2a: ALUCARD|ability: Quark Drive|[fromitem]
|-start|p2a: ALUCARD|quarkdrivespe
|move|p1a: Frosmoth|Substitute|p1a: Frosmoth
|-start|p1a: Frosmoth|Substitute
|-damage|p1a: Frosmoth|27/100
|
|-heal|p1a: Frosmoth|33/100|[from] Grassy Terrain
|-heal|p1a: Frosmoth|39/100|[from] item: Leftovers
|-fieldend|move: Grassy Terrain
|upkeep
|turn|6
|
|t:|1760447484
|-terastallize|p1a: Frosmoth|Electric
|move|p2a: ALUCARD|Fiery Dance|p1a: Frosmoth
|-activate|p1a: Frosmoth|move: Substitute|[damage]
|move|p1a: Frosmoth|Quiver Dance|p1a: Frosmoth
|-boost|p1a: Frosmoth|spa|1
|-boost|p1a: Frosmoth|spd|1
|-boost|p1a: Frosmoth|spe|1
|
|-heal|p1a: Frosmoth|45/100|[from] item: Leftovers
|upkeep
|turn|7
|
|t:|1760447492
|move|p2a: ALUCARD|Sludge Wave|p1a: Frosmoth
|-activate|p1a: Frosmoth|move: Substitute|[damage]
|move|p1a: Frosmoth|Quiver Dance|p1a: Frosmoth
|-boost|p1a: Frosmoth|spa|1
|-boost|p1a: Frosmoth|spd|1
|-boost|p1a: Frosmoth|spe|1
|
|-heal|p1a: Frosmoth|51/100|[from] item: Leftovers
|upkeep
|turn|8
|
|t:|1760447496
|move|p2a: ALUCARD|Sludge Wave|p1a: Frosmoth
|-end|p1a: Frosmoth|Substitute
|move|p1a: Frosmoth|Quiver Dance|p1a: Frosmoth
|-boost|p1a: Frosmoth|spa|1
|-boost|p1a: Frosmoth|spd|1
|-boost|p1a: Frosmoth|spe|1
|
|-heal|p1a: Frosmoth|57/100|[from] item: Leftovers
|upkeep
|turn|9
|
|t:|1760447501
|move|p2a: ALUCARD|Sludge Wave|p1a: Frosmoth
|-damage|p1a: Frosmoth|51/100
|move|p1a: Frosmoth|Substitute|p1a: Frosmoth
|-start|p1a: Frosmoth|Substitute
|-damage|p1a: Frosmoth|26/100
|
|-heal|p1a: Frosmoth|32/100|[from] item: Leftovers
|upkeep
|turn|10
|
|t:|1760447505
|move|p2a: ALUCARD|Sludge Wave|p1a: Frosmoth
|-activate|p1a: Frosmoth|move: Substitute|[damage]
|move|p1a: Frosmoth|Quiver Dance|p1a: Frosmoth
|-boost|p1a: Frosmoth|spa|1
|-boost|p1a: Frosmoth|spd|1
|-boost|p1a: Frosmoth|spe|1
|
|-heal|p1a: Frosmoth|39/100|[from] item: Leftovers
|upkeep
|turn|11
|
|t:|1760447509
|move|p1a: Frosmoth|Quiver Dance|p1a: Frosmoth
|-boost|p1a: Frosmoth|spa|1
|-boost|p1a: Frosmoth|spd|1
|-boost|p1a: Frosmoth|spe|1
|move|p2a: ALUCARD|Sludge Wave|p1a: Frosmoth
|-activate|p1a: Frosmoth|move: Substitute|[damage]
|
|-heal|p1a: Frosmoth|45/100|[from] item: Leftovers
|upkeep
|turn|12
|
|t:|1760447512
|move|p1a: Frosmoth|Tera Blast|p2a: ALUCARD|[anim] Tera Blast Electric
|-damage|p2a: ALUCARD|0 fnt
|faint|p2a: ALUCARD
|-end|p2a: ALUCARD|Quark Drive|[silent]
|
|-heal|p1a: Frosmoth|51/100|[from] item: Leftovers
|upkeep
|
|t:|1760447533
|switch|p2a: IRONHIDE|Kingambit, M|100/100
|-activate|p2a: IRONHIDE|ability: Supreme Overlord
|-start|p2a: IRONHIDE|fallen1|[silent]
|turn|13
|
|t:|1760447536
|move|p2a: IRONHIDE|Sucker Punch|p1a: Frosmoth
|-end|p1a: Frosmoth|Substitute
|move|p1a: Frosmoth|Tera Blast|p2a: IRONHIDE|[anim] Tera Blast Electric
|-damage|p2a: IRONHIDE|0 fnt
|faint|p2a: IRONHIDE
|-end|p2a: IRONHIDE|fallen1|[silent]
|
|-heal|p1a: Frosmoth|57/100|[from] item: Leftovers
|upkeep
|
|t:|1760447538
|switch|p2a: KILLABOOM|Rillaboom, M|100/100
|-fieldstart|move: Grassy Terrain|[from] ability: Grassy Surge|[of] p2a: KILLABOOM
|turn|14
|
|t:|1760447541
|switch|p1a: Weezing|Weezing-Galar, M|100/100
|-ability|p1a: Weezing|Neutralizing Gas
|-terastallize|p2a: KILLABOOM|Grass
|move|p2a: KILLABOOM|Grassy Glide|p1a: Weezing
|-resisted|p1a: Weezing
|-damage|p1a: Weezing|74/100
|
|-heal|p1a: Weezing|80/100|[from] Grassy Terrain
|upkeep
|turn|15
|
|t:|1760447548
|switch|p2a: MOEBIUS|Deoxys-Speed|93/100
|-end|p1a: Weezing|ability: Neutralizing Gas
|-ability|p2a: MOEBIUS|Pressure
|switch|p1a: Alomomola|Alomomola, F, shiny|100/100
|
|-heal|p2a: MOEBIUS|99/100|[from] Grassy Terrain
|upkeep
|turn|16
|
|t:|1760447554
|move|p2a: MOEBIUS|Nasty Plot|p2a: MOEBIUS
|-boost|p2a: MOEBIUS|spa|2
|move|p1a: Alomomola|Healing Wish|p1a: Alomomola
|faint|p1a: Alomomola
|
|-heal|p2a: MOEBIUS|100/100|[from] Grassy Terrain
|upkeep
|
|t:|1760447556
|switch|p1a: Frosmoth|Frosmoth, F, shiny, tera:Electric|57/100
|-heal|p1a: Frosmoth|100/100|[from] move: Healing Wish
|turn|17
|
|t:|1760447563
|switch|p2a: KILLABOOM|Rillaboom, M, tera:Grass|100/100
|move|p1a: Frosmoth|Substitute|p1a: Frosmoth
|-start|p1a: Frosmoth|Substitute
|-damage|p1a: Frosmoth|75/100
|
|-heal|p1a: Frosmoth|82/100|[from] Grassy Terrain
|-heal|p1a: Frosmoth|88/100|[from] item: Leftovers
|upkeep
|turn|18
|
|t:|1760447569
|move|p2a: KILLABOOM|Wood Hammer|p1a: Frosmoth
|-end|p1a: Frosmoth|Substitute
|-damage|p2a: KILLABOOM|92/100|[from] Recoil|[of] p1a: Frosmoth
|move|p1a: Frosmoth|Ice Beam|p2a: KILLABOOM
|-supereffective|p2a: KILLABOOM
|-damage|p2a: KILLABOOM|0 fnt
|faint|p2a: KILLABOOM
|
|-heal|p1a: Frosmoth|94/100|[from] Grassy Terrain
|-heal|p1a: Frosmoth|99/100|[from] item: Leftovers
|-fieldend|move: Grassy Terrain
|upkeep
|
|t:|1760447579
|switch|p2a: RAGNAROCK|Great Tusk|100/100
|-enditem|p2a: RAGNAROCK|Booster Energy
|-activate|p2a: RAGNAROCK|ability: Protosynthesis|[fromitem]
|-start|p2a: RAGNAROCK|protosynthesisatk
|turn|19
|
|t:|1760447584
|switch|p1a: Weezing|Weezing-Galar, M|80/100
|-ability|p1a: Weezing|Neutralizing Gas
|move|p2a: RAGNAROCK|Ice Spinner|p1a: Weezing
|-crit|p1a: Weezing
|-damage|p1a: Weezing|50/100
|
|upkeep
|turn|20
|
|t:|1760447588
|move|p2a: RAGNAROCK|Headlong Rush|p1a: Weezing
|-supereffective|p1a: Weezing
|-enditem|p1a: Weezing|Shuca Berry|[eat]
|-enditem|p1a: Weezing|Shuca Berry|[weaken]
|-damage|p1a: Weezing|10/100
|-unboost|p2a: RAGNAROCK|def|1
|-unboost|p2a: RAGNAROCK|spd|1
|move|p1a: Weezing|Strange Steam|p2a: RAGNAROCK
|-supereffective|p2a: RAGNAROCK
|-damage|p2a: RAGNAROCK|0 fnt
|faint|p2a: RAGNAROCK
|-end|p2a: RAGNAROCK|Protosynthesis|[silent]
|
|upkeep
|
|t:|1760447592
|switch|p2a: MOEBIUS|Deoxys-Speed|100/100
|turn|21
|
|t:|1760447595
|-end|p1a: Weezing|ability: Neutralizing Gas
|-ability|p2a: MOEBIUS|Pressure
|switch|p1a: Frosmoth|Frosmoth, F, shiny, tera:Electric|99/100
|move|p2a: MOEBIUS|Nasty Plot|p2a: MOEBIUS
|-boost|p2a: MOEBIUS|spa|2
|
|-heal|p1a: Frosmoth|100/100|[from] item: Leftovers
|upkeep
|turn|22
|
|t:|1760447604
|switch|p1a: Weezing|Weezing-Galar, M|10/100
|-ability|p1a: Weezing|Neutralizing Gas
|move|p2a: MOEBIUS|Nasty Plot|p2a: MOEBIUS
|-boost|p2a: MOEBIUS|spa|2
|
|upkeep
|turn|23
|
|t:|1760447606
|move|p2a: MOEBIUS|Shadow Ball|p1a: Weezing
|-damage|p1a: Weezing|0 fnt
|faint|p1a: Weezing
|-end|p1a: Weezing|ability: Neutralizing Gas
|-ability|p2a: MOEBIUS|Pressure
|-damage|p2a: MOEBIUS|91/100|[from] item: Life Orb
|
|upkeep
|
|t:|1760447608
|switch|p1a: Frosmoth|Frosmoth, F, shiny, tera:Electric|100/100
|turn|24
|
|t:|1760447613
|move|p2a: MOEBIUS|Psycho Boost|p1a: Frosmoth
|-damage|p1a: Frosmoth|0 fnt
|-unboost|p2a: MOEBIUS|spa|2
|faint|p1a: Frosmoth
|-damage|p2a: MOEBIUS|81/100|[from] item: Life Orb
|
|upkeep
|-message|eros maniac forfeited.
|
|win|NguyenKhoaPRO
|raw|eros maniac's rating: 1771 &rarr; <strong>1750</strong><br />(-21 for losing)
|raw|NguyenKhoaPRO's rating: 1747 &rarr; <strong>1768</strong><br />(+21 for winning)
|l|☆eros maniac
|player|p1|
|l|☆NguyenKhoaPRO
|player|p2|
