|j|☆thevoard3333
|j|☆gfhfghjsgdfhj
|t:|1760361039
|gametype|singles
|player|p1|thevoard3333|265|1338
|player|p2|gfhfghjsgdfhj|rosa-pokestar2|1370
|gen|9
|tier|[Gen 9] OU
|rated|
|rule|HP Percentage Mod: HP is shown in percentages
|rule|Endless Battle Clause: Forcing endless battles is banned
|rule|Species Clause: Limit one of each Pokémon
|rule|OHKO Clause: OHKO moves are banned
|rule|Evasion Items Clause: Evasion items are banned
|rule|Evasion Moves Clause: Evasion moves are banned
|rule|Evasion Abilities Clause: Evasion abilities are banned
|rule|Sleep Moves Clause: Sleep-inducing moves are banned
|clearpoke
|poke|p1|Haxorus, M|
|poke|p1|Ninetales-Alola, F|
|poke|p1|Mamoswine, M|
|poke|p1|Corviknight, M|
|poke|p1|Frosmoth, M|
|poke|p1|Azumarill, F|
|poke|p2|Gholdengo|
|poke|p2|Ceruledge, F|
|poke|p2|Enamorus, F|
|poke|p2|Ribombee, F|
|poke|p2|Quaquaval, F|
|poke|p2|Iron Treads|
|teampreview
|inactive|Battle timer is ON: inactive players will automatically lose when time's up. (requested by gfhfghjsgdfhj)
|
|t:|1760361050
|teamsize|p1|6
|teamsize|p2|6
|start
|switch|p1a: Ninetales|Ninetales-Alola, F|100/100
|switch|p2a: Gholdengo|Gholdengo|100/100
|-weather|Snowscape|[from] ability: Snow Warning|[of] p1a: Ninetales
|-item|p2a: Gholdengo|Air Balloon
|turn|1
|
|t:|1760361059
|move|p1a: Ninetales|Aurora Veil|p1a: Ninetales
|-sidestart|p1: thevoard3333|move: Aurora Veil
|move|p2a: Gholdengo|Make It Rain|p1a: Ninetales
|-supereffective|p1a: Ninetales
|-damage|p1a: Ninetales|0 fnt
|-unboost|p2a: Gholdengo|spa|1
|faint|p1a: Ninetales
|
|-weather|Snowscape|[upkeep]
|upkeep
|
|t:|1760361071
|switch|p1a: Azumarill|Azumarill, F|100/100
|turn|2
|
|t:|1760361077
|switch|p2a: Ribombee|Ribombee, F, shiny|100/100
|move|p1a: Azumarill|Belly Drum|p1a: Azumarill
|-damage|p1a: Azumarill|50/100
|-setboost|p1a: Azumarill|atk|6|[from] move: Belly Drum
|-enditem|p1a: Azumarill|Sitrus Berry|[eat]
|-heal|p1a: Azumarill|75/100|[from] item: Sitrus Berry
|
|-weather|Snowscape|[upkeep]
|upkeep
|turn|3
|
|t:|1760361083
|move|p1a: Azumarill|Aqua Jet|p2a: Ribombee
|-enditem|p2a: Ribombee|Focus Sash
|-damage|p2a: Ribombee|1/100
|move|p2a: Ribombee|Stun Spore|p1a: Azumarill
|-status|p1a: Azumarill|par
|
|-weather|Snowscape|[upkeep]
|upkeep
|turn|4
|
|t:|1760361091
|switch|p2a: Quaquaval|Quaquaval, F|100/100
|move|p1a: Azumarill|Aqua Jet|p2a: Quaquaval
|-resisted|p2a: Quaquaval
|-damage|p2a: Quaquaval|36/100
|
|-weather|Snowscape|[upkeep]
|upkeep
|turn|5
|
|t:|1760361097
|move|p1a: Azumarill|Aqua Jet|p2a: Quaquaval
|-resisted|p2a: Quaquaval
|-damage|p2a: Quaquaval|0 fnt
|faint|p2a: Quaquaval
|
|-weather|none
|upkeep
|
|t:|1760361100
|switch|p2a: Iron Treads|Iron Treads|100/100
|-enditem|p2a: Iron Treads|Booster Energy
|-activate|p2a: Iron Treads|ability: Quark Drive|[fromitem]
|-start|p2a: Iron Treads|quarkdriveatk
|turn|6
|
|t:|1760361103
|cant|p1a: Azumarill|par
|move|p2a: Iron Treads|Supercell Slam|p1a: Azumarill
|-supereffective|p1a: Azumarill
|-damage|p1a: Azumarill|29/100 par
|
|upkeep
|turn|7
|
|t:|1760361115
|move|p1a: Azumarill|Aqua Jet|p2a: Iron Treads
|-supereffective|p2a: Iron Treads
|-damage|p2a: Iron Treads|0 fnt
|faint|p2a: Iron Treads
|-end|p2a: Iron Treads|Quark Drive|[silent]
|
|upkeep
|
|t:|1760361117
|switch|p2a: Ceruledge|Ceruledge, F|100/100
|turn|8
|
|t:|1760361121
|move|p1a: Azumarill|Aqua Jet|p2a: Ceruledge
|-supereffective|p2a: Ceruledge
|-crit|p2a: Ceruledge
|-enditem|p2a: Ceruledge|Focus Sash
|-damage|p2a: Ceruledge|1/100
|-ability|p2a: Ceruledge|Weak Armor|boost
|-unboost|p2a: Ceruledge|def|1
|-boost|p2a: Ceruledge|spe|2
|move|p2a: Ceruledge|Swords Dance|p2a: Ceruledge
|-boost|p2a: Ceruledge|atk|2
|
|-sideend|p1: thevoard3333|move: Aurora Veil
|upkeep
|turn|9
|
|t:|1760361133
|move|p2a: Ceruledge|Shadow Sneak|p1a: Azumarill
|-damage|p1a: Azumarill|0 fnt
|faint|p1a: Azumarill
|
|upkeep
|
|t:|1760361136
|switch|p1a: Mamoswine|Mamoswine, M|100/100
|turn|10
|
|t:|1760361141
|move|p2a: Ceruledge|Shadow Sneak|p1a: Mamoswine
|-damage|p1a: Mamoswine|53/100
|move|p1a: Mamoswine|Ice Shard|p2a: Ceruledge
|-resisted|p2a: Ceruledge
|-damage|p2a: Ceruledge|0 fnt
|faint|p2a: Ceruledge
|
|upkeep
|
|t:|1760361146
|switch|p2a: Gholdengo|Gholdengo|100/100
|-item|p2a: Gholdengo|Air Balloon
|turn|11
|
|t:|1760361160
|switch|p1a: Corviknight|Corviknight, M|100/100
|-ability|p1a: Corviknight|Pressure
|move|p2a: Gholdengo|Make It Rain|p1a: Corviknight
|-resisted|p1a: Corviknight
|-damage|p1a: Corviknight|72/100
|-unboost|p2a: Gholdengo|spa|1
|
|upkeep
|turn|12
|
|t:|1760361168
|switch|p2a: Enamorus|Enamorus, F|100/100
|move|p1a: Corviknight|U-turn|p2a: Enamorus
|-resisted|p2a: Enamorus
|-damage|p2a: Enamorus|95/100
|
|t:|1760361176
|switch|p1a: Frosmoth|Frosmoth, M|100/100|[from] U-turn
|
|upkeep
|turn|13
|
|t:|1760361186
|switch|p2a: Gholdengo|Gholdengo|100/100
|-item|p2a: Gholdengo|Air Balloon
|move|p1a: Frosmoth|Quiver Dance|p1a: Frosmoth
|-boost|p1a: Frosmoth|spa|1
|-boost|p1a: Frosmoth|spd|1
|-boost|p1a: Frosmoth|spe|1
|
|upkeep
|turn|14
|
|t:|1760361192
|-terastallize|p1a: Frosmoth|Electric
|move|p1a: Frosmoth|Tera Blast|p2a: Gholdengo|[anim] Tera Blast Electric
|-damage|p2a: Gholdengo|32/100
|-enditem|p2a: Gholdengo|Air Balloon
|move|p2a: Gholdengo|Make It Rain|p1a: Frosmoth
|-resisted|p1a: Frosmoth
|-damage|p1a: Frosmoth|86/100
|-unboost|p2a: Gholdengo|spa|1
|
|upkeep
|turn|15
|
|t:|1760361201
|move|p1a: Frosmoth|Tera Blast|p2a: Gholdengo|[anim] Tera Blast Electric
|-damage|p2a: Gholdengo|0 fnt
|faint|p2a: Gholdengo
|
|upkeep
|
|t:|1760361202
|switch|p2a: Ribombee|Ribombee, F, shiny|1/100
|turn|16
|
|t:|1760361206
|move|p2a: Ribombee|Stun Spore|p1a: Frosmoth
|-immune|p1a: Frosmoth
|move|p1a: Frosmoth|Tera Blast|p2a: Ribombee|[anim] Tera Blast Electric
|-damage|p2a: Ribombee|0 fnt
|faint|p2a: Ribombee
|
|upkeep
|
|t:|1760361209
|switch|p2a: Enamorus|Enamorus, F|95/100
|turn|17
|
|t:|1760361211
|move|p1a: Frosmoth|Ice Beam|p2a: Enamorus
|-supereffective|p2a: Enamorus
|-damage|p2a: Enamorus|0 fnt
|faint|p2a: Enamorus
|
|win|thevoard3333
|raw|thevoard3333's rating: 1338 &rarr; <strong>1360</strong><br />(+22 for winning)
|raw|gfhfghjsgdfhj's rating: 1370 &rarr; <strong>1348</strong><br />(-22 for losing)
|l|☆thevoard3333
|player|p1|
|l|☆gfhfghjsgdfhj
|player|p2|
