|j|☆IJFAWE
|j|☆JPodojo
|t:|1760302546
|gametype|singles
|player|p1|IJFAWE|scientist-gen4dp|1203
|player|p2|JPodojo|benga|1249
|gen|9
|tier|[Gen 9] OU
|rated|
|rule|HP Percentage Mod: HP is shown in percentages
|rule|Endless Battle Clause: Forcing endless battles is banned
|rule|Species Clause: Limit one of each Pokémon
|rule|OHKO Clause: OHKO moves are banned
|rule|Evasion Items Clause: Evasion items are banned
|rule|Evasion Moves Clause: Evasion moves are banned
|rule|Evasion Abilities Clause: Evasion abilities are banned
|rule|Sleep Moves Clause: Sleep-inducing moves are banned
|clearpoke
|poke|p1|Electivire, F|
|poke|p1|Alomomola, F|
|poke|p1|Dragapult, M|
|poke|p1|Hydrapple, F|
|poke|p1|Great Tusk|
|poke|p1|Goodra-Hisui, F|
|poke|p2|Alomomola, M|
|poke|p2|Iron Crown|
|poke|p2|Darkrai|
|poke|p2|Rillaboom, F|
|poke|p2|Garchomp, F|
|poke|p2|Hatterene, F|
|teampreview
|inactive|Battle timer is ON: inactive players will automatically lose when time's up. (requested by JPodojo)
|
|t:|1760302569
|teamsize|p1|6
|teamsize|p2|6
|start
|switch|p1a: Dragapult|Dragapult, M|100/100
|switch|p2a: Rillaboom|Rillaboom, F|100/100
|-fieldstart|move: Grassy Terrain|[from] ability: Grassy Surge|[of] p2a: Rillaboom
|turn|1
|
|t:|1760302596
|switch|p2a: Alomomola|Alomomola, M|100/100
|move|p1a: Dragapult|Shadow Ball|p2a: Alomomola
|-damage|p2a: Alomomola|73/100
|-unboost|p2a: Alomomola|spd|1
|
|-heal|p2a: Alomomola|80/100|[from] Grassy Terrain
|upkeep
|turn|2
|
|t:|1760302606
|switch|p1a: Hydrapple|Hydrapple, F|100/100
|move|p2a: Alomomola|Flip Turn|p1a: Hydrapple
|-resisted|p1a: Hydrapple
|-damage|p1a: Hydrapple|98/100
|
|t:|1760302614
|switch|p2a: Hatterene|Hatterene, F|100/100|[from] Flip Turn
|
|-heal|p1a: Hydrapple|100/100|[from] Grassy Terrain
|upkeep
|turn|3
|
|t:|1760302623
|switch|p1a: Goodra|Goodra-Hisui, F|100/100
|move|p2a: Hatterene|Draining Kiss|p1a: Goodra
|-damage|p1a: Goodra|91/100
|
|-heal|p1a: Goodra|97/100|[from] Grassy Terrain
|upkeep
|turn|4
|
|t:|1760302634
|move|p1a: Goodra|Knock Off|p2a: Hatterene
|-damage|p2a: Hatterene|75/100
|-enditem|p2a: Hatterene|Assault Vest|[from] move: Knock Off|[of] p1a: Goodra
|move|p2a: Hatterene|Mystical Fire|p1a: Goodra
|-damage|p1a: Goodra|86/100
|-unboost|p1a: Goodra|spa|1
|
|-heal|p1a: Goodra|93/100|[from] Grassy Terrain
|-heal|p2a: Hatterene|81/100|[from] Grassy Terrain
|upkeep
|turn|5
|
|t:|1760302648
|switch|p1a: Alomomola|Alomomola, F|100/100
|switch|p2a: Alomomola|Alomomola, M|100/100
|
|-fieldend|move: Grassy Terrain
|upkeep
|turn|6
|
|t:|1760302656
|move|p1a: Alomomola|Scald|p2a: Alomomola
|-resisted|p2a: Alomomola
|-damage|p2a: Alomomola|98/100
|-status|p2a: Alomomola|brn
|move|p2a: Alomomola|Flip Turn|p1a: Alomomola
|-resisted|p1a: Alomomola
|-damage|p1a: Alomomola|98/100
|
|t:|1760302661
|switch|p2a: Iron Crown|Iron Crown|100/100|[from] Flip Turn
|
|upkeep
|turn|7
|
|t:|1760302671
|switch|p1a: Great Tusk|Great Tusk|100/100
|move|p2a: Iron Crown|Volt Switch|p1a: Great Tusk
|-immune|p1a: Great Tusk
|
|upkeep
|turn|8
|
|t:|1760302683
|-end|p2a: Iron Crown|Quark Drive|[silent]
|switch|p2a: Hatterene|Hatterene, F|81/100
|move|p1a: Great Tusk|Stealth Rock|p2a: Hatterene
|move|p2a: Hatterene|Stealth Rock|p1a: Great Tusk|[from] ability: Magic Bounce
|-sidestart|p1: IJFAWE|move: Stealth Rock
|
|upkeep
|turn|9
|
|t:|1760302695
|-terastallize|p1a: Great Tusk|Steel
|move|p1a: Great Tusk|Rapid Spin|p2a: Hatterene
|-damage|p2a: Hatterene|62/100
|-boost|p1a: Great Tusk|spe|1
|-sideend|p1: IJFAWE|Stealth Rock|[from] move: Rapid Spin|[of] p1a: Great Tusk
|move|p2a: Hatterene|Mystical Fire|p1a: Great Tusk
|-supereffective|p1a: Great Tusk
|-damage|p1a: Great Tusk|12/100
|-unboost|p1a: Great Tusk|spa|1
|
|upkeep
|turn|10
|
|t:|1760302707
|move|p1a: Great Tusk|Headlong Rush|p2a: Hatterene
|-damage|p2a: Hatterene|0 fnt
|-unboost|p1a: Great Tusk|def|1
|-unboost|p1a: Great Tusk|spd|1
|faint|p2a: Hatterene
|
|upkeep
|
|t:|1760302715
|switch|p2a: Alomomola|Alomomola, M|100/100 brn
|turn|11
|
|t:|1760302719
|-end|p1a: Great Tusk|Protosynthesis|[silent]
|switch|p1a: Alomomola|Alomomola, F|100/100
|move|p2a: Alomomola|Flip Turn|p1a: Alomomola
|-resisted|p1a: Alomomola
|-damage|p1a: Alomomola|98/100
|
|t:|1760302724
|switch|p2a: Iron Crown|Iron Crown|100/100|[from] Flip Turn
|
|upkeep
|turn|12
|
|t:|1760302730
|switch|p1a: Goodra|Goodra-Hisui, F|93/100
|move|p2a: Iron Crown|Volt Switch|p1a: Goodra
|-resisted|p1a: Goodra
|-damage|p1a: Goodra|87/100
|
|t:|1760302737
|-end|p2a: Iron Crown|Quark Drive|[silent]
|switch|p2a: Garchomp|Garchomp, F|100/100|[from] Volt Switch
|
|upkeep
|turn|13
|
|t:|1760302744
|switch|p1a: Alomomola|Alomomola, F|100/100
|move|p2a: Garchomp|Earthquake|p1a: Alomomola
|-damage|p1a: Alomomola|78/100
|
|upkeep
|turn|14
|
|t:|1760302753
|move|p2a: Garchomp|Stealth Rock|p1a: Alomomola
|-sidestart|p1: IJFAWE|move: Stealth Rock
|move|p1a: Alomomola|Flip Turn|p2a: Garchomp
|-damage|p2a: Garchomp|91/100
|-damage|p1a: Alomomola|66/100|[from] ability: Rough Skin|[of] p2a: Garchomp
|-damage|p1a: Alomomola|49/100|[from] item: Rocky Helmet|[of] p2a: Garchomp
|
|t:|1760302761
|switch|p1a: Dragapult|Dragapult, M|100/100|[from] Flip Turn
|-damage|p1a: Dragapult|88/100|[from] Stealth Rock
|
|upkeep
|turn|15
|
|t:|1760302776
|switch|p2a: Alomomola|Alomomola, M|100/100 brn
|move|p1a: Dragapult|Draco Meteor|p2a: Alomomola
|-damage|p2a: Alomomola|58/100 brn
|-unboost|p1a: Dragapult|spa|2
|
|-damage|p2a: Alomomola|52/100 brn|[from] brn
|upkeep
|turn|16
|
|t:|1760302785
|move|p1a: Dragapult|Draco Meteor|p2a: Alomomola
|-damage|p2a: Alomomola|31/100 brn
|-unboost|p1a: Dragapult|spa|2
|move|p2a: Alomomola|Flip Turn|p1a: Dragapult
|-resisted|p1a: Dragapult
|-crit|p1a: Dragapult
|-damage|p1a: Dragapult|80/100
|
|t:|1760302797
|switch|p2a: Rillaboom|Rillaboom, F|100/100|[from] Flip Turn
|-fieldstart|move: Grassy Terrain|[from] ability: Grassy Surge|[of] p2a: Rillaboom
|
|-heal|p1a: Dragapult|86/100|[from] Grassy Terrain
|upkeep
|turn|17
|
|t:|1760302806
|switch|p1a: Hydrapple|Hydrapple, F|100/100
|move|p2a: Rillaboom|Knock Off|p1a: Hydrapple
|-damage|p1a: Hydrapple|79/100
|-enditem|p1a: Hydrapple|Heavy-Duty Boots|[from] move: Knock Off|[of] p2a: Rillaboom
|
|-heal|p1a: Hydrapple|85/100|[from] Grassy Terrain
|upkeep
|turn|18
|
|t:|1760302817
|switch|p2a: Alomomola|Alomomola, M|64/100 brn
|move|p1a: Hydrapple|Fickle Beam|p2a: Alomomola
|-damage|p2a: Alomomola|47/100 brn
|
|-heal|p1a: Hydrapple|91/100|[from] Grassy Terrain
|-heal|p2a: Alomomola|53/100 brn|[from] Grassy Terrain
|-damage|p2a: Alomomola|47/100 brn|[from] brn
|upkeep
|turn|19
|
|t:|1760302827
|move|p1a: Hydrapple|Nasty Plot|p1a: Hydrapple
|-boost|p1a: Hydrapple|spa|2
|move|p2a: Alomomola|Mirror Coat||[still]
|-fail|p2a: Alomomola
|
|-heal|p1a: Hydrapple|98/100|[from] Grassy Terrain
|-heal|p2a: Alomomola|53/100 brn|[from] Grassy Terrain
|-damage|p2a: Alomomola|47/100 brn|[from] brn
|upkeep
|turn|20
|
|t:|1760302837
|switch|p2a: Iron Crown|Iron Crown|100/100
|move|p1a: Hydrapple|Giga Drain|p2a: Iron Crown
|-resisted|p2a: Iron Crown
|-damage|p2a: Iron Crown|59/100
|-heal|p1a: Hydrapple|100/100|[from] drain|[of] p2a: Iron Crown
|
|-heal|p2a: Iron Crown|65/100|[from] Grassy Terrain
|-fieldend|move: Grassy Terrain
|upkeep
|turn|21
|
|t:|1760302848
|switch|p1a: Goodra|Goodra-Hisui, F|87/100
|-damage|p1a: Goodra|81/100|[from] Stealth Rock
|move|p2a: Iron Crown|Psyshock|p1a: Goodra
|-resisted|p1a: Goodra
|-damage|p1a: Goodra|50/100
|
|upkeep
|turn|22
|
|t:|1760302861
|-end|p2a: Iron Crown|Quark Drive|[silent]
|switch|p2a: Alomomola|Alomomola, M|80/100 brn
|move|p1a: Goodra|Knock Off|p2a: Alomomola
|-damage|p2a: Alomomola|62/100 brn
|-enditem|p2a: Alomomola|Assault Vest|[from] move: Knock Off|[of] p1a: Goodra
|
|-damage|p2a: Alomomola|56/100 brn|[from] brn
|upkeep
|turn|23
|
|t:|1760302871
|move|p1a: Goodra|Draco Meteor|p2a: Alomomola
|-damage|p2a: Alomomola|20/100 brn
|-unboost|p1a: Goodra|spa|2
|move|p2a: Alomomola|Flip Turn|p1a: Goodra
|-resisted|p1a: Goodra
|-damage|p1a: Goodra|47/100
|
|t:|1760302877
|switch|p2a: Garchomp|Garchomp, F|91/100|[from] Flip Turn
|
|upkeep
|turn|24
|
|t:|1760302882
|switch|p1a: Alomomola|Alomomola, F|82/100
|move|p2a: Garchomp|Spikes|p1a: Alomomola
|-sidestart|p1: IJFAWE|Spikes
|
|upkeep
|turn|25
|
|t:|1760302888
|move|p2a: Garchomp|Spikes|p1a: Alomomola
|-sidestart|p1: IJFAWE|Spikes
|move|p1a: Alomomola|Wish|p1a: Alomomola
|
|upkeep
|turn|26
|
|t:|1760302894
|move|p2a: Garchomp|Spikes|p1a: Alomomola
|-sidestart|p1: IJFAWE|Spikes
|move|p1a: Alomomola|Scald|p2a: Garchomp
|-crit|p2a: Garchomp
|-damage|p2a: Garchomp|74/100
|
|-heal|p1a: Alomomola|100/100|[from] move: Wish|[wisher] Alomomola
|upkeep
|turn|27
|
|t:|1760302903
|move|p1a: Alomomola|Wish|p1a: Alomomola
|move|p2a: Garchomp|Dragon Tail|p1a: Alomomola
|-damage|p1a: Alomomola|87/100
|drag|p1a: Dragapult|Dragapult, M|86/100
|-damage|p1a: Dragapult|74/100|[from] Stealth Rock
|-damage|p1a: Dragapult|49/100|[from] Spikes
|
|upkeep
|turn|28
|
|t:|1760302912
|switch|p2a: Alomomola|Alomomola, M|53/100 brn
|move|p1a: Dragapult|Draco Meteor|p2a: Alomomola
|-damage|p2a: Alomomola|0 fnt
|-unboost|p1a: Dragapult|spa|2
|faint|p2a: Alomomola
|
|-heal|p1a: Dragapult|100/100|[from] move: Wish|[wisher] Alomomola
|upkeep
|
|t:|1760302919
|switch|p2a: Darkrai|Darkrai|100/100
|turn|29
|
|t:|1760302933
|switch|p1a: Goodra|Goodra-Hisui, F|47/100
|-damage|p1a: Goodra|41/100|[from] Stealth Rock
|-damage|p1a: Goodra|16/100|[from] Spikes
|move|p2a: Darkrai|Ice Beam|p1a: Goodra
|-damage|p1a: Goodra|2/100
|-damage|p2a: Darkrai|91/100|[from] item: Life Orb
|
|upkeep
|turn|30
|
|t:|1760302948
|move|p2a: Darkrai|Ice Beam|p1a: Goodra
|-damage|p1a: Goodra|0 fnt
|faint|p1a: Goodra
|-damage|p2a: Darkrai|81/100|[from] item: Life Orb
|
|upkeep
|
|t:|1760302954
|switch|p1a: Dragapult|Dragapult, M|100/100
|-damage|p1a: Dragapult|88/100|[from] Stealth Rock
|-damage|p1a: Dragapult|63/100|[from] Spikes
|turn|31
|
|t:|1760302966
|switch|p2a: Garchomp|Garchomp, F|74/100
|move|p1a: Dragapult|Shadow Ball|p2a: Garchomp
|-damage|p2a: Garchomp|24/100
|
|upkeep
|turn|32
|
|t:|1760302972
|move|p1a: Dragapult|Shadow Ball|p2a: Garchomp
|-damage|p2a: Garchomp|0 fnt
|faint|p2a: Garchomp
|
|upkeep
|
|t:|1760302974
|switch|p2a: Rillaboom|Rillaboom, F|100/100
|-fieldstart|move: Grassy Terrain|[from] ability: Grassy Surge|[of] p2a: Rillaboom
|turn|33
|
|t:|1760302988
|switch|p1a: Alomomola|Alomomola, F|100/100
|move|p2a: Rillaboom|Knock Off|p1a: Alomomola
|-damage|p1a: Alomomola|80/100
|-enditem|p1a: Alomomola|Heavy-Duty Boots|[from] move: Knock Off|[of] p2a: Rillaboom
|
|-heal|p1a: Alomomola|86/100|[from] Grassy Terrain
|upkeep
|turn|34
|
|t:|1760302997
|switch|p2a: Iron Crown|Iron Crown|65/100
|move|p1a: Alomomola|Flip Turn|p2a: Iron Crown
|-damage|p2a: Iron Crown|47/100
|
|t:|1760303003
|switch|p1a: Dragapult|Dragapult, M|63/100|[from] Flip Turn
|-damage|p1a: Dragapult|51/100|[from] Stealth Rock
|-damage|p1a: Dragapult|26/100|[from] Spikes
|
|-heal|p1a: Dragapult|32/100|[from] Grassy Terrain
|-heal|p2a: Iron Crown|53/100|[from] Grassy Terrain
|upkeep
|turn|35
|
|t:|1760303025
|-terastallize|p2a: Iron Crown|Steel
|move|p1a: Dragapult|Flamethrower|p2a: Iron Crown
|-supereffective|p2a: Iron Crown
|-damage|p2a: Iron Crown|0 fnt
|faint|p2a: Iron Crown
|-end|p2a: Iron Crown|Quark Drive|[silent]
|
|-heal|p1a: Dragapult|38/100|[from] Grassy Terrain
|upkeep
|
|t:|1760303029
|switch|p2a: Rillaboom|Rillaboom, F|100/100
|turn|36
|
|t:|1760303044
|switch|p1a: Electivire|Electivire, F|100/100
|-damage|p1a: Electivire|88/100|[from] Stealth Rock
|-damage|p1a: Electivire|63/100|[from] Spikes
|move|p2a: Rillaboom|Grassy Glide|p1a: Electivire
|-damage|p1a: Electivire|0 fnt
|faint|p1a: Electivire
|
|upkeep
|
|t:|1760303054
|switch|p1a: Hydrapple|Hydrapple, F|100/100
|-damage|p1a: Hydrapple|88/100|[from] Stealth Rock
|-damage|p1a: Hydrapple|63/100|[from] Spikes
|turn|37
|
|t:|1760303065
|switch|p2a: Darkrai|Darkrai|81/100
|move|p1a: Hydrapple|Fickle Beam|p2a: Darkrai
|-damage|p2a: Darkrai|36/100
|
|-heal|p2a: Darkrai|42/100|[from] Grassy Terrain
|-heal|p1a: Hydrapple|69/100|[from] Grassy Terrain
|-fieldend|move: Grassy Terrain
|upkeep
|turn|38
|
|t:|1760303081
|switch|p1a: Great Tusk|Great Tusk, tera:Steel|12/100
|move|p2a: Darkrai|Ice Beam|p1a: Great Tusk
|-resisted|p1a: Great Tusk
|-damage|p1a: Great Tusk|0 fnt
|faint|p1a: Great Tusk
|-end|p1a: Great Tusk|Protosynthesis|[silent]
|-damage|p2a: Darkrai|32/100|[from] item: Life Orb
|
|upkeep
|
|t:|1760303096
|switch|p1a: Alomomola|Alomomola, F|100/100
|-damage|p1a: Alomomola|88/100|[from] Stealth Rock
|-damage|p1a: Alomomola|63/100|[from] Spikes
|turn|39
|
|t:|1760303102
|move|p2a: Darkrai|Sludge Bomb|p1a: Alomomola
|-damage|p1a: Alomomola|11/100
|-damage|p2a: Darkrai|22/100|[from] item: Life Orb
|move|p1a: Alomomola|Flip Turn|p2a: Darkrai
|-damage|p2a: Darkrai|0 fnt
|faint|p2a: Darkrai
|
|t:|1760303111
|switch|p1a: Dragapult|Dragapult, M|38/100|[from] Flip Turn
|-damage|p1a: Dragapult|26/100|[from] Stealth Rock
|-damage|p1a: Dragapult|1/100|[from] Spikes
|
|upkeep
|
|t:|1760303114
|switch|p2a: Rillaboom|Rillaboom, F|100/100
|-fieldstart|move: Grassy Terrain|[from] ability: Grassy Surge|[of] p2a: Rillaboom
|turn|40
|
|t:|1760303120
|move|p2a: Rillaboom|Grassy Glide|p1a: Dragapult
|-resisted|p1a: Dragapult
|-damage|p1a: Dragapult|0 fnt
|faint|p1a: Dragapult
|
|upkeep
|
|t:|1760303126
|switch|p1a: Hydrapple|Hydrapple, F|100/100
|-damage|p1a: Hydrapple|88/100|[from] Stealth Rock
|-damage|p1a: Hydrapple|63/100|[from] Spikes
|turn|41
|
|t:|1760303131
|move|p2a: Rillaboom|Grassy Glide|p1a: Hydrapple
|-resisted|p1a: Hydrapple
|-damage|p1a: Hydrapple|57/100
|move|p1a: Hydrapple|Fickle Beam|p2a: Rillaboom
|-damage|p2a: Rillaboom|58/100
|
|-heal|p2a: Rillaboom|64/100|[from] Grassy Terrain
|-heal|p1a: Hydrapple|63/100|[from] Grassy Terrain
|upkeep
|turn|42
|-message|JPodojo forfeited.
|
|win|IJFAWE
|raw|IJFAWE's rating: 1203 &rarr; <strong>1231</strong><br />(+28 for winning)
|raw|JPodojo's rating: 1249 &rarr; <strong>1221</strong><br />(-28 for losing)
|l|☆JPodojo
|player|p2|
