|j|☆emjay2306
|j|☆Asilentmusician
|t:|1760337797
|gametype|singles
|player|p1|emjay2306|cynthia|1453
|player|p2|Asilentmusician|fantina|1462
|gen|9
|tier|[Gen 9] OU
|rated|
|rule|HP Percentage Mod: HP is shown in percentages
|rule|Endless Battle Clause: Forcing endless battles is banned
|rule|Species Clause: Limit one of each Pokémon
|rule|OHKO Clause: OHKO moves are banned
|rule|Evasion Items Clause: Evasion items are banned
|rule|Evasion Moves Clause: Evasion moves are banned
|rule|Evasion Abilities Clause: Evasion abilities are banned
|rule|Sleep Moves Clause: Sleep-inducing moves are banned
|clearpoke
|poke|p1|Dragonite, M|
|poke|p1|Gholdengo|
|poke|p1|Ribombee, F|
|poke|p1|Great Tusk|
|poke|p1|Iron Moth|
|poke|p1|Weavile, F|
|poke|p2|Garchomp, F|
|poke|p2|Heatran, F|
|poke|p2|Rillaboom, F|
|poke|p2|Corviknight, F|
|poke|p2|Darkrai|
|poke|p2|Drifblim, M|
|teampreview
|inactive|Battle timer is ON: inactive players will automatically lose when time's up. (requested by emjay2306)
|
|t:|1760337806
|teamsize|p1|6
|teamsize|p2|6
|start
|switch|p1a: Great Tusk|Great Tusk|100/100
|switch|p2a: Heatran|Heatran, F|100/100
|turn|1
|
|t:|1760337816
|switch|p2a: Corviknight|Corviknight, F|100/100
|-ability|p2a: Corviknight|Pressure
|move|p1a: Great Tusk|Headlong Rush|p2a: Corviknight
|-immune|p2a: Corviknight
|
|upkeep
|turn|2
|
|t:|1760337824
|switch|p2a: Rillaboom|Rillaboom, F|100/100
|-fieldstart|move: Grassy Terrain|[from] ability: Grassy Surge|[of] p2a: Rillaboom
|move|p1a: Great Tusk|Stealth Rock|p2a: Rillaboom
|-sidestart|p2: Asilentmusician|move: Stealth Rock
|
|upkeep
|turn|3
|
|t:|1760337830
|move|p1a: Great Tusk|Ice Spinner|p2a: Rillaboom
|-supereffective|p2a: Rillaboom
|-damage|p2a: Rillaboom|49/100
|-fieldend|move: Grassy Terrain
|move|p2a: Rillaboom|Wood Hammer|p1a: Great Tusk
|-supereffective|p1a: Great Tusk
|-damage|p1a: Great Tusk|30/100
|-damage|p2a: Rillaboom|32/100|[from] item: Rocky Helmet|[of] p1a: Great Tusk
|-damage|p2a: Rillaboom|3/100|[from] Recoil
|
|upkeep
|turn|4
|
|t:|1760337841
|switch|p2a: Corviknight|Corviknight, F|100/100
|-damage|p2a: Corviknight|88/100|[from] Stealth Rock
|-ability|p2a: Corviknight|Pressure
|move|p1a: Great Tusk|Ice Spinner|p2a: Corviknight
|-damage|p2a: Corviknight|73/100
|-damage|p1a: Great Tusk|13/100|[from] item: Rocky Helmet|[of] p2a: Corviknight
|
|upkeep
|turn|5
|
|t:|1760337849
|-end|p1a: Great Tusk|Protosynthesis|[silent]
|switch|p1a: Gholdengo|Gholdengo|100/100
|-item|p1a: Gholdengo|Air Balloon
|move|p2a: Corviknight|Defog|p1a: Gholdengo
|-immune|p1a: Gholdengo|[from] ability: Good as Gold
|
|upkeep
|turn|6
|
|t:|1760337855
|switch|p1a: Great Tusk|Great Tusk|13/100
|switch|p2a: Heatran|Heatran, F|100/100
|-damage|p2a: Heatran|88/100|[from] Stealth Rock
|
|-heal|p2a: Heatran|94/100|[from] item: Leftovers
|upkeep
|turn|7
|
|t:|1760337870
|-end|p1a: Great Tusk|Protosynthesis|[silent]
|switch|p1a: Gholdengo|Gholdengo|100/100
|-item|p1a: Gholdengo|Air Balloon
|switch|p2a: Corviknight|Corviknight, F|73/100
|-damage|p2a: Corviknight|61/100|[from] Stealth Rock
|-ability|p2a: Corviknight|Pressure
|
|upkeep
|turn|8
|
|t:|1760337876
|switch|p2a: Heatran|Heatran, F|94/100
|-damage|p2a: Heatran|82/100|[from] Stealth Rock
|move|p1a: Gholdengo|Shadow Ball|p2a: Heatran
|-damage|p2a: Heatran|55/100
|
|-heal|p2a: Heatran|61/100|[from] item: Leftovers
|upkeep
|turn|9
|
|t:|1760337883
|switch|p1a: Great Tusk|Great Tusk|13/100
|move|p2a: Heatran|Lava Plume|p1a: Great Tusk
|-damage|p1a: Great Tusk|0 fnt
|faint|p1a: Great Tusk
|-end|p1a: Great Tusk|Protosynthesis|[silent]
|
|-heal|p2a: Heatran|67/100|[from] item: Leftovers
|upkeep
|
|t:|1760337899
|switch|p1a: Ribombee|Ribombee, F|100/100
|turn|10
|
|t:|1760337904
|move|p1a: Ribombee|Sticky Web|p2a: Heatran
|-sidestart|p2: Asilentmusician|move: Sticky Web
|move|p2a: Heatran|Lava Plume|p1a: Ribombee
|-supereffective|p1a: Ribombee
|-enditem|p1a: Ribombee|Focus Sash
|-damage|p1a: Ribombee|1/100
|
|-heal|p2a: Heatran|73/100|[from] item: Leftovers
|upkeep
|turn|11
|
|t:|1760337912
|move|p1a: Ribombee|Stun Spore|p2a: Heatran
|-status|p2a: Heatran|par
|cant|p2a: Heatran|par
|
|-heal|p2a: Heatran|80/100 par|[from] item: Leftovers
|upkeep
|turn|12
|
|t:|1760337919
|switch|p2a: Corviknight|Corviknight, F|61/100
|-damage|p2a: Corviknight|48/100|[from] Stealth Rock
|-ability|p2a: Corviknight|Pressure
|move|p1a: Ribombee|Psychic Noise|p2a: Corviknight
|-resisted|p2a: Corviknight
|-damage|p2a: Corviknight|37/100
|-start|p2a: Corviknight|move: Heal Block
|
|upkeep
|turn|13
|l|☆emjay2306
|inactive|emjay2306 disconnected and has a minute to reconnect!
|player|p1|
|inactive|emjay2306 has 30 seconds to reconnect!
|j|☆emjay2306
|inactive|emjay2306 reconnected and has 110 seconds left.
|player|p1|emjay2306|cynthia|
|
|t:|1760337973
|switch|p1a: Gholdengo|Gholdengo|100/100
|-item|p1a: Gholdengo|Air Balloon
|switch|p2a: Heatran|Heatran, F|80/100 par
|-damage|p2a: Heatran|67/100 par|[from] Stealth Rock
|-activate|p2a: Heatran|move: Sticky Web
|-unboost|p2a: Heatran|spe|1
|
|-heal|p2a: Heatran|73/100 par|[from] item: Leftovers
|upkeep
|turn|14
|
|t:|1760337981
|switch|p1a: Ribombee|Ribombee, F|1/100
|move|p2a: Heatran|Lava Plume|p1a: Ribombee
|-supereffective|p1a: Ribombee
|-damage|p1a: Ribombee|0 fnt
|faint|p1a: Ribombee
|
|-heal|p2a: Heatran|80/100 par|[from] item: Leftovers
|upkeep
|
|t:|1760337988
|switch|p1a: Dragonite|Dragonite, M|100/100
|turn|15
|
|t:|1760337995
|move|p1a: Dragonite|Earthquake|p2a: Heatran
|-supereffective|p2a: Heatran
|-damage|p2a: Heatran|0 fnt
|faint|p2a: Heatran
|
|upkeep
|
|t:|1760338001
|switch|p2a: Darkrai|Darkrai|100/100
|-damage|p2a: Darkrai|88/100|[from] Stealth Rock
|-activate|p2a: Darkrai|move: Sticky Web
|-unboost|p2a: Darkrai|spe|1
|turn|16
|
|t:|1760338009
|switch|p1a: Weavile|Weavile, F|100/100
|move|p2a: Darkrai|Ice Beam|p1a: Weavile
|-resisted|p1a: Weavile
|-damage|p1a: Weavile|76/100
|
|upkeep
|turn|17
|
|t:|1760338016
|switch|p2a: Rillaboom|Rillaboom, F|3/100
|-damage|p2a: Rillaboom|0 fnt|[from] Stealth Rock
|faint|p2a: Rillaboom
|move|p1a: Weavile|Knock Off|p2: Rillaboom|[notarget]
|-fail|p1a: Weavile
|
|upkeep
|
|t:|1760338022
|switch|p2a: Corviknight|Corviknight, F|37/100
|-damage|p2a: Corviknight|25/100|[from] Stealth Rock
|-ability|p2a: Corviknight|Pressure
|turn|18
|
|t:|1760338027
|move|p1a: Weavile|Knock Off|p2a: Corviknight
|-damage|p2a: Corviknight|0 fnt
|-damage|p1a: Weavile|60/100|[from] item: Rocky Helmet|[of] p2a: Corviknight
|-enditem|p2a: Corviknight|Rocky Helmet|[from] move: Knock Off|[of] p1a: Weavile
|faint|p2a: Corviknight
|
|upkeep
|
|t:|1760338037
|switch|p2a: Garchomp|Garchomp, F|100/100
|-damage|p2a: Garchomp|94/100|[from] Stealth Rock
|-activate|p2a: Garchomp|move: Sticky Web
|-unboost|p2a: Garchomp|spe|1
|turn|19
|
|t:|1760338041
|-terastallize|p2a: Garchomp|Steel
|move|p1a: Weavile|Icicle Crash|p2a: Garchomp
|-resisted|p2a: Garchomp
|-damage|p2a: Garchomp|74/100
|move|p2a: Garchomp|Scale Shot|p1a: Weavile
|-damage|p1a: Weavile|35/100
|-damage|p1a: Weavile|9/100
|-damage|p1a: Weavile|0 fnt
|faint|p1a: Weavile
|-hitcount|p1: Weavile|3
|-unboost|p2a: Garchomp|def|1
|-boost|p2a: Garchomp|spe|1
|
|upkeep
|
|t:|1760338047
|switch|p1a: Iron Moth|Iron Moth|100/100
|-enditem|p1a: Iron Moth|Booster Energy
|-activate|p1a: Iron Moth|ability: Quark Drive|[fromitem]
|-start|p1a: Iron Moth|quarkdrivespe
|turn|20
|
|t:|1760338070
|move|p1a: Iron Moth|Fiery Dance|p2a: Garchomp
|-supereffective|p2a: Garchomp
|-damage|p2a: Garchomp|0 fnt
|faint|p2a: Garchomp
|
|upkeep
|
|t:|1760338074
|switch|p2a: Darkrai|Darkrai|88/100
|-damage|p2a: Darkrai|76/100|[from] Stealth Rock
|-activate|p2a: Darkrai|move: Sticky Web
|-unboost|p2a: Darkrai|spe|1
|turn|21
|
|t:|1760338077
|move|p1a: Iron Moth|Fiery Dance|p2a: Darkrai
|-damage|p2a: Darkrai|23/100
|move|p2a: Darkrai|Dark Pulse|p1a: Iron Moth
|-damage|p1a: Iron Moth|53/100
|
|upkeep
|turn|22
|
|t:|1760338081
|move|p1a: Iron Moth|Fiery Dance|p2a: Darkrai
|-damage|p2a: Darkrai|0 fnt
|faint|p2a: Darkrai
|
|upkeep
|
|t:|1760338083
|switch|p2a: Drifblim|Drifblim, M|100/100
|-damage|p2a: Drifblim|76/100|[from] Stealth Rock
|turn|23
|
|t:|1760338087
|move|p1a: Iron Moth|Fiery Dance|p2a: Drifblim
|-damage|p2a: Drifblim|29/100
|-boost|p1a: Iron Moth|spa|1
|move|p2a: Drifblim|Calm Mind|p2a: Drifblim
|-boost|p2a: Drifblim|spa|1
|-boost|p2a: Drifblim|spd|1
|
|upkeep
|turn|24
|
|t:|1760338094
|move|p1a: Iron Moth|Fiery Dance|p2a: Drifblim
|-damage|p2a: Drifblim|0 fnt
|faint|p2a: Drifblim
|
|win|emjay2306
|raw|emjay2306's rating: 1453 &rarr; <strong>1474</strong><br />(+21 for winning)
|raw|Asilentmusician's rating: 1462 &rarr; <strong>1441</strong><br />(-21 for losing)
|l|☆Asilentmusician
|player|p2|
|l|☆emjay2306
|player|p1|
