|j|☆Fluffias
|j|☆daisyx3
|t:|1760344222
|gametype|singles
|player|p1|Fluffias|169|1129
|player|p2|daisyx3|beauty-gen4dp|1172
|gen|9
|tier|[Gen 9] OU
|rated|
|rule|HP Percentage Mod: HP is shown in percentages
|rule|Endless Battle Clause: Forcing endless battles is banned
|rule|Species Clause: Limit one of each Pokémon
|rule|OHKO Clause: OHKO moves are banned
|rule|Evasion Items Clause: Evasion items are banned
|rule|Evasion Moves Clause: Evasion moves are banned
|rule|Evasion Abilities Clause: Evasion abilities are banned
|rule|Sleep Moves Clause: Sleep-inducing moves are banned
|clearpoke
|poke|p1|Landorus-Therian, M|
|poke|p1|Cobalion|
|poke|p1|Dragonite, M|
|poke|p1|Lycanroc-Dusk, F|
|poke|p1|Weezing-Galar, F|
|poke|p1|Primarina, M|
|poke|p2|Cinderace, F|
|poke|p2|Dragapult, F|
|poke|p2|Scizor, F|
|poke|p2|Gliscor, F|
|poke|p2|Primarina, F|
|poke|p2|Zapdos|
|teampreview
|
|t:|1760344234
|teamsize|p1|6
|teamsize|p2|6
|start
|switch|p1a: JJ|Primarina, M|100/100
|switch|p2a: Glinda|Gliscor, F|100/100
|turn|1
|
|t:|1760344244
|move|p2a: Glinda|Toxic|p1a: JJ|[miss]
|-miss|p2a: Glinda|p1a: JJ
|move|p1a: JJ|Sparkling Aria|p2a: Glinda
|-supereffective|p2a: Glinda
|-damage|p2a: Glinda|0 fnt
|faint|p2a: Glinda
|
|upkeep
|
|t:|1760344251
|switch|p2a: Zapdos|Zapdos, shiny|100/100
|turn|2
|
|t:|1760344255
|switch|p1a: Flying Simba|Landorus-Therian, M|100/100
|-ability|p1a: Flying Simba|Intimidate|boost
|-unboost|p2a: Zapdos|atk|1
|move|p2a: Zapdos|Thunder Wave|p1a: Flying Simba
|-immune|p1a: Flying Simba
|
|upkeep
|turn|3
|
|t:|1760344267
|switch|p2a: Primarina|Primarina, F|100/100
|move|p1a: Flying Simba|Stealth Rock|p2a: Primarina
|-sidestart|p2: daisyx3|move: Stealth Rock
|
|upkeep
|turn|4
|
|t:|1760344275
|switch|p1a: PAULution|Weezing-Galar, F|100/100
|move|p2a: Primarina|Whirlpool|p1a: PAULution|[miss]
|-miss|p2a: Primarina|p1a: PAULution
|
|upkeep
|turn|5
|
|t:|1760344298
|-terastallize|p2a: Primarina|Poison
|move|p2a: Primarina|Whirlpool|p1a: PAULution
|-damage|p1a: PAULution|83/100
|-activate|p1a: PAULution|move: Whirlpool|[of] p2a: Primarina
|move|p1a: PAULution|Toxic|p2a: Primarina
|-immune|p2a: Primarina
|
|-heal|p1a: PAULution|89/100|[from] item: Black Sludge
|-damage|p1a: PAULution|77/100|[from] move: Whirlpool|[partiallytrapped]
|upkeep
|turn|6
|
|t:|1760344312
|move|p1a: PAULution|Will-O-Wisp|p2a: Primarina
|-status|p2a: Primarina|brn
|move|p2a: Primarina|Psychic Noise|p1a: PAULution
|-damage|p1a: PAULution|43/100
|-start|p1a: PAULution|move: Heal Block
|
|-damage|p2a: Primarina|94/100 brn|[from] brn
|-damage|p1a: PAULution|30/100|[from] move: Whirlpool|[partiallytrapped]
|upkeep
|turn|7
|
|t:|1760344328
|move|p2a: Primarina|Psychic Noise|p1a: PAULution
|-damage|p1a: PAULution|0 fnt
|faint|p1a: PAULution
|
|-damage|p2a: Primarina|88/100 brn|[from] brn
|upkeep
|
|t:|1760344336
|switch|p1a: Bambi|Cobalion|100/100
|turn|8
|
|t:|1760344344
|move|p1a: Bambi|Volt Switch|p2a: Primarina
|-damage|p2a: Primarina|76/100 brn
|
|t:|1760344353
|switch|p1a: Flying Simba|Landorus-Therian, M|100/100|[from] Volt Switch
|-ability|p1a: Flying Simba|Intimidate|boost
|-unboost|p2a: Primarina|atk|1
|move|p2a: Primarina|Whirlpool|p1a: Flying Simba|[miss]
|-miss|p2a: Primarina|p1a: Flying Simba
|
|-damage|p2a: Primarina|70/100 brn|[from] brn
|upkeep
|turn|9
|
|t:|1760344364
|move|p1a: Flying Simba|Stone Edge|p2a: Primarina
|-damage|p2a: Primarina|34/100 brn
|move|p2a: Primarina|Psychic Noise|p1a: Flying Simba
|-supereffective|p1a: Flying Simba
|-damage|p1a: Flying Simba|14/100
|-start|p1a: Flying Simba|move: Heal Block
|
|-damage|p2a: Primarina|28/100 brn|[from] brn
|upkeep
|turn|10
|
|t:|1760344378
|move|p1a: Flying Simba|Earthquake|p2a: Primarina
|-supereffective|p2a: Primarina
|-damage|p2a: Primarina|0 fnt
|faint|p2a: Primarina
|
|-end|p1a: Flying Simba|move: Heal Block
|upkeep
|
|t:|1760344387
|switch|p2a: Dierdre|Dragapult, F|100/100
|turn|11
|
|t:|1760344400
|move|p2a: Dierdre|Draco Meteor|p1a: Flying Simba
|-damage|p1a: Flying Simba|0 fnt
|-unboost|p2a: Dierdre|spa|2
|faint|p1a: Flying Simba
|
|upkeep
|
|t:|1760344406
|switch|p1a: Knuffmuff|Dragonite, M|100/100
|turn|12
|
|t:|1760344421
|-terastallize|p1a: Knuffmuff|Poison
|move|p2a: Dierdre|Will-O-Wisp|p1a: Knuffmuff
|-status|p1a: Knuffmuff|brn
|move|p1a: Knuffmuff|Substitute|p1a: Knuffmuff
|-start|p1a: Knuffmuff|Substitute
|-damage|p1a: Knuffmuff|75/100 brn
|
|-damage|p1a: Knuffmuff|69/100 brn|[from] brn
|upkeep
|turn|13
|
|t:|1760344432
|move|p2a: Dierdre|Hex|p1a: Knuffmuff
|-damage|p1a: Knuffmuff|38/100 brn
|move|p1a: Knuffmuff|Outrage|p2a: Dierdre
|-supereffective|p2a: Dierdre
|-damage|p2a: Dierdre|2/100
|
|-damage|p1a: Knuffmuff|32/100 brn|[from] brn
|upkeep
|turn|14
|
|t:|1760344445
|move|p2a: Dierdre|Hex|p1a: Knuffmuff
|-damage|p1a: Knuffmuff|3/100 brn
|move|p1a: Knuffmuff|Outrage|p2a: Dierdre|[from] lockedmove
|-supereffective|p2a: Dierdre
|-damage|p2a: Dierdre|0 fnt
|faint|p2a: Dierdre
|-start|p1a: Knuffmuff|confusion|[fatigue]
|
|-damage|p1a: Knuffmuff|0 fnt|[from] brn
|faint|p1a: Knuffmuff
|upkeep
|
|t:|1760344460
|switch|p2a: Sally|Scizor, F|100/100
|switch|p1a: Bambi|Cobalion|100/100
|turn|15
|
|t:|1760344470
|move|p1a: Bambi|Aura Sphere|p2a: Sally
|-damage|p2a: Sally|57/100
|move|p2a: Sally|Knock Off|p1a: Bambi
|-resisted|p1a: Bambi
|-damage|p1a: Bambi|86/100
|-ability|p1a: Bambi|Justified|boost
|-boost|p1a: Bambi|atk|1
|-enditem|p1a: Bambi|Expert Belt|[from] move: Knock Off|[of] p2a: Sally
|
|upkeep
|turn|16
|
|t:|1760344494
|move|p1a: Bambi|Volt Switch|p2a: Sally
|-damage|p2a: Sally|29/100
|
|t:|1760344497
|switch|p1a: JJ|Primarina, M|100/100|[from] Volt Switch
|move|p2a: Sally|U-turn|p1a: JJ
|-resisted|p1a: JJ
|-damage|p1a: JJ|65/100
|
|t:|1760344503
|switch|p2a: Zapdos|Zapdos, shiny|100/100|[from] U-turn
|
|upkeep
|turn|17
|
|t:|1760344518
|move|p2a: Zapdos|Thunder Wave|p1a: JJ|[miss]
|-miss|p2a: Zapdos|p1a: JJ
|move|p1a: JJ|Alluring Voice|p2a: Zapdos
|-damage|p2a: Zapdos|36/100
|
|upkeep
|turn|18
|
|t:|1760344527
|move|p2a: Zapdos|Thunder Wave|p1a: JJ
|-status|p1a: JJ|par
|move|p1a: JJ|Alluring Voice|p2a: Zapdos
|-damage|p2a: Zapdos|0 fnt
|faint|p2a: Zapdos
|
|upkeep
|
|t:|1760344534
|switch|p2a: Sally|Scizor, F|29/100
|turn|19
|
|t:|1760344545
|switch|p1a: Bambi|Cobalion|86/100
|move|p2a: Sally|Dual Wingbeat|p1a: Bambi|[miss]
|-miss|p2a: Sally|p1a: Bambi
|
|upkeep
|turn|20
|
|t:|1760344553
|switch|p2a: Cindy|Cinderace, F|100/100
|move|p1a: Bambi|Aura Sphere|p2a: Cindy
|-damage|p2a: Cindy|56/100
|
|upkeep
|turn|21
|
|t:|1760344561
|switch|p1a: JJ|Primarina, M|65/100 par
|move|p2a: Cindy|Court Change|p2a: Cindy
|-start|p2a: Cindy|typechange|Normal|[from] ability: Libero
|-swapsideconditions
|-activate|p2a: Cindy|move: Court Change
|
|upkeep
|turn|22
|
|t:|1760344575
|move|p2a: Cindy|U-turn|p1a: JJ
|-resisted|p1a: JJ
|-damage|p1a: JJ|47/100 par
|
|t:|1760344579
|switch|p2a: Sally|Scizor, F|29/100|[from] U-turn
|cant|p1a: JJ|par
|
|upkeep
|turn|23
|
|t:|1760344585
|move|p2a: Sally|Bullet Punch|p1a: JJ
|-damage|p1a: JJ|0 fnt
|faint|p1a: JJ
|
|upkeep
|
|t:|1760344590
|switch|p1a: Bambi|Cobalion|86/100
|-damage|p1a: Bambi|83/100|[from] Stealth Rock
|turn|24
|
|t:|1760344603
|switch|p2a: Cindy|Cinderace, F|56/100
|move|p1a: Bambi|Volt Switch|p2a: Cindy
|-damage|p2a: Cindy|29/100
|
|t:|1760344608
|switch|p1a: Lassie|Lycanroc-Dusk, F|100/100|[from] Volt Switch
|-damage|p1a: Lassie|88/100|[from] Stealth Rock
|
|upkeep
|turn|25
|
|t:|1760344617
|move|p1a: Lassie|Accelerock|p2a: Cindy
|-supereffective|p2a: Cindy
|-damage|p2a: Cindy|0 fnt
|faint|p2a: Cindy
|
|upkeep
|
|t:|1760344622
|switch|p2a: Sally|Scizor, F|29/100
|turn|26
|
|t:|1760344626
|move|p1a: Lassie|Accelerock|p2a: Sally
|-damage|p2a: Sally|0 fnt
|faint|p2a: Sally
|
|win|Fluffias
|raw|Fluffias's rating: 1129 &rarr; <strong>1157</strong><br />(+28 for winning)
|raw|daisyx3's rating: 1172 &rarr; <strong>1144</strong><br />(-28 for losing)
|l|☆Fluffias
|player|p1|
|l|☆daisyx3
|player|p2|
