|j|☆E800
|j|☆delete tera
|t:|1760440418
|gametype|singles
|player|p1|E800|ethan|1295
|player|p2|delete tera|265|1312
|gen|9
|tier|[Gen 9] OU
|rated|
|rule|HP Percentage Mod: HP is shown in percentages
|rule|Endless Battle Clause: Forcing endless battles is banned
|rule|Species Clause: Limit one of each Pokémon
|rule|OHKO Clause: OHKO moves are banned
|rule|Evasion Items Clause: Evasion items are banned
|rule|Evasion Moves Clause: Evasion moves are banned
|rule|Evasion Abilities Clause: Evasion abilities are banned
|rule|Sleep Moves Clause: Sleep-inducing moves are banned
|clearpoke
|poke|p1|Glimmora, F|
|poke|p1|Primarina, M|
|poke|p1|Ogerpon, F|
|poke|p1|Weavile, M|
|poke|p1|Cinderace, F|
|poke|p1|Great Tusk|
|poke|p2|Garchomp, F|
|poke|p2|Zamazenta-*|
|poke|p2|Iron Hands|
|poke|p2|Dragonite, F|
|poke|p2|Iron Valiant|
|poke|p2|Salazzle, F|
|teampreview
|
|t:|1760440422
|teamsize|p1|6
|teamsize|p2|6
|start
|switch|p1a: Glimmora|Glimmora, F|100/100
|switch|p2a: Salazzle|Salazzle, F, shiny|100/100
|turn|1
|inactive|Battle timer is ON: inactive players will automatically lose when time's up. (requested by E800)
|
|t:|1760440433
|move|p2a: Salazzle|Toxic|p1a: Glimmora
|-status|p1a: Glimmora|tox
|move|p1a: Glimmora|Stealth Rock|p2a: Salazzle
|-sidestart|p2: delete tera|move: Stealth Rock
|
|-damage|p1a: Glimmora|94/100 tox|[from] psn
|upkeep
|turn|2
|
|t:|1760440443
|move|p2a: Salazzle|Flamethrower|p1a: Glimmora
|-resisted|p1a: Glimmora
|-damage|p1a: Glimmora|61/100 tox
|move|p1a: Glimmora|Power Gem|p2a: Salazzle
|-supereffective|p2a: Salazzle
|-damage|p2a: Salazzle|0 fnt
|faint|p2a: Salazzle
|
|-damage|p1a: Glimmora|49/100 tox|[from] psn
|upkeep
|
|t:|1760440453
|switch|p2a: Garchomp|Garchomp, F|100/100
|-damage|p2a: Garchomp|94/100|[from] Stealth Rock
|turn|3
|
|t:|1760440476
|move|p2a: Garchomp|Swords Dance|p2a: Garchomp
|-boost|p2a: Garchomp|atk|2
|move|p1a: Glimmora|Earth Power|p2a: Garchomp
|-damage|p2a: Garchomp|61/100
|
|-damage|p1a: Glimmora|30/100 tox|[from] psn
|upkeep
|turn|4
|
|t:|1760440486
|switch|p1a: Primarina|Primarina, M|100/100
|move|p2a: Garchomp|Earthquake|p1a: Primarina
|-damage|p1a: Primarina|0 fnt
|faint|p1a: Primarina
|
|upkeep
|
|t:|1760440490
|switch|p1a: Glimmora|Glimmora, F|30/100 tox
|turn|5
|
|t:|1760440493
|move|p2a: Garchomp|Earthquake|p1a: Glimmora
|-supereffective|p1a: Glimmora
|-damage|p1a: Glimmora|0 fnt
|-activate|p1a: Glimmora|ability: Toxic Debris
|-sidestart|p2: delete tera|move: Toxic Spikes
|faint|p1a: Glimmora
|
|upkeep
|
|t:|1760440498
|switch|p1a: Weavile|Weavile, M|100/100
|turn|6
|
|t:|1760440507
|-terastallize|p2a: Garchomp|Fire
|move|p1a: Weavile|Ice Shard|p2a: Garchomp
|-resisted|p2a: Garchomp
|-damage|p2a: Garchomp|51/100
|move|p2a: Garchomp|Scale Shot|p1a: Weavile
|-damage|p1a: Weavile|54/100
|-damage|p1a: Weavile|12/100
|-damage|p1a: Weavile|0 fnt
|faint|p1a: Weavile
|-hitcount|p1: Weavile|3
|-unboost|p2a: Garchomp|def|1
|-boost|p2a: Garchomp|spe|1
|
|upkeep
|
|t:|1760440510
|switch|p1a: Great Tusk|Great Tusk|100/100
|-enditem|p1a: Great Tusk|Booster Energy
|-activate|p1a: Great Tusk|ability: Protosynthesis|[fromitem]
|-start|p1a: Great Tusk|protosynthesisatk
|turn|7
|
|t:|1760440515
|move|p2a: Garchomp|Earthquake|p1a: Great Tusk
|-damage|p1a: Great Tusk|27/100
|move|p1a: Great Tusk|Headlong Rush|p2a: Garchomp
|-supereffective|p2a: Garchomp
|-damage|p2a: Garchomp|0 fnt
|-unboost|p1a: Great Tusk|def|1
|-unboost|p1a: Great Tusk|spd|1
|-damage|p1a: Great Tusk|15/100|[from] ability: Rough Skin|[of] p2a: Garchomp
|faint|p2a: Garchomp
|
|upkeep
|
|t:|1760440522
|switch|p2a: Iron Valiant|Iron Valiant|100/100
|-damage|p2a: Iron Valiant|94/100|[from] Stealth Rock
|-status|p2a: Iron Valiant|psn
|-enditem|p2a: Iron Valiant|Booster Energy
|-activate|p2a: Iron Valiant|ability: Quark Drive|[fromitem]
|-start|p2a: Iron Valiant|quarkdrivespe
|turn|8
|
|t:|1760440529
|move|p2a: Iron Valiant|Moonblast|p1a: Great Tusk
|-supereffective|p1a: Great Tusk
|-damage|p1a: Great Tusk|0 fnt
|faint|p1a: Great Tusk
|-end|p1a: Great Tusk|Protosynthesis|[silent]
|
|-damage|p2a: Iron Valiant|82/100 psn|[from] psn
|upkeep
|
|t:|1760440531
|switch|p1a: Cinderace|Cinderace, F|100/100
|turn|9
|
|t:|1760440534
|move|p2a: Iron Valiant|Close Combat|p1a: Cinderace
|-damage|p1a: Cinderace|26/100
|-unboost|p2a: Iron Valiant|def|1
|-unboost|p2a: Iron Valiant|spd|1
|move|p1a: Cinderace|Gunk Shot|p2a: Iron Valiant
|-start|p1a: Cinderace|typechange|Poison|[from] ability: Libero
|-supereffective|p2a: Iron Valiant
|-damage|p2a: Iron Valiant|0 fnt
|faint|p2a: Iron Valiant
|-end|p2a: Iron Valiant|Quark Drive|[silent]
|
|upkeep
|-message|E800 forfeited.
|
|win|delete tera
|raw|E800's rating: 1266 &rarr; <strong>1244</strong><br />(-22 for losing)
|raw|delete tera's rating: 1312 &rarr; <strong>1329</strong><br />(+17 for winning)
|l|☆E800
|player|p1|
|l|☆delete tera
|player|p2|
