|j|☆waha8
|j|☆kok puncher
|t:|1760429044
|gametype|singles
|player|p1|waha8|169|1507
|player|p2|kok puncher|blackbelt|1463
|gen|9
|tier|[Gen 9] OU
|rated|
|rule|HP Percentage Mod: HP is shown in percentages
|rule|Endless Battle Clause: Forcing endless battles is banned
|rule|Species Clause: Limit one of each Pokémon
|rule|OHKO Clause: OHKO moves are banned
|rule|Evasion Items Clause: Evasion items are banned
|rule|Evasion Moves Clause: Evasion moves are banned
|rule|Evasion Abilities Clause: Evasion abilities are banned
|rule|Sleep Moves Clause: Sleep-inducing moves are banned
|clearpoke
|poke|p1|Iron Valiant|
|poke|p1|Ninetales-Alola, M|
|poke|p1|Indeedee, M|
|poke|p1|Dragonite, F|
|poke|p1|Slowking-Galar, F|
|poke|p1|Gallade, M|
|poke|p2|Deoxys-Speed|
|poke|p2|Hoopa-Unbound|
|poke|p2|Manaphy|
|poke|p2|Iron Valiant|
|poke|p2|Ursaluna, M|
|poke|p2|Cinderace, M|
|teampreview
|inactive|Battle timer is ON: inactive players will automatically lose when time's up. (requested by kok puncher)
|
|t:|1760429059
|teamsize|p1|6
|teamsize|p2|6
|start
|switch|p1a: Mavis|Ninetales-Alola, M|100/100
|switch|p2a: Deoxys|Deoxys-Speed|100/100
|-ability|p2a: Deoxys|Pressure
|-weather|Snowscape|[from] ability: Snow Warning|[of] p1a: Mavis
|turn|1
|
|t:|1760429081
|move|p2a: Deoxys|Taunt|p1a: Mavis
|-start|p1a: Mavis|move: Taunt
|move|p1a: Mavis|Moonblast|p2a: Deoxys
|-damage|p2a: Deoxys|57/100
|-unboost|p2a: Deoxys|spa|1
|
|-weather|Snowscape|[upkeep]
|upkeep
|turn|2
|
|t:|1760429100
|move|p2a: Deoxys|Light Screen|p2a: Deoxys
|-sidestart|p2: kok puncher|move: Light Screen
|move|p1a: Mavis|Moonblast|p2a: Deoxys
|-damage|p2a: Deoxys|34/100
|
|-weather|Snowscape|[upkeep]
|upkeep
|turn|3
|
|t:|1760429109
|move|p2a: Deoxys|Reflect|p2a: Deoxys
|-sidestart|p2: kok puncher|Reflect
|move|p1a: Mavis|Moonblast|p2a: Deoxys
|-damage|p2a: Deoxys|11/100
|
|-weather|Snowscape|[upkeep]
|-end|p1a: Mavis|move: Taunt
|upkeep
|turn|4
|
|t:|1760429122
|move|p2a: Deoxys|Taunt|p1a: Mavis
|-start|p1a: Mavis|move: Taunt
|move|p1a: Mavis|Moonblast|p2a: Deoxys
|-damage|p2a: Deoxys|0 fnt
|faint|p2a: Deoxys
|
|-weather|Snowscape|[upkeep]
|upkeep
|
|t:|1760429130
|switch|p2a: Cinderace|Cinderace, M|100/100
|turn|5
|
|t:|1760429140
|switch|p1a: D-Knight|Dragonite, F|100/100
|move|p2a: Cinderace|U-turn|p1a: D-Knight
|-start|p2a: Cinderace|typechange|Bug|[from] ability: Libero
|-resisted|p1a: D-Knight
|-damage|p1a: D-Knight|93/100
|
|t:|1760429146
|switch|p2a: Ursaluna|Ursaluna, M|100/100|[from] U-turn
|
|-weather|none
|-heal|p1a: D-Knight|99/100|[from] item: Leftovers
|-status|p2a: Ursaluna|brn|[from] item: Flame Orb
|upkeep
|turn|6
|
|t:|1760429161
|move|p1a: D-Knight|Earthquake|p2a: Ursaluna
|-damage|p2a: Ursaluna|86/100 brn
|move|p2a: Ursaluna|Facade|p1a: D-Knight
|-damage|p1a: D-Knight|0 fnt
|faint|p1a: D-Knight
|
|-damage|p2a: Ursaluna|80/100 brn|[from] brn
|upkeep
|
|t:|1760429169
|switch|p1a: Mavis|Ninetales-Alola, M|100/100
|-weather|Snowscape|[from] ability: Snow Warning|[of] p1a: Mavis
|turn|7
|
|t:|1760429173
|move|p1a: Mavis|Aurora Veil|p1a: Mavis
|-sidestart|p1: waha8|move: Aurora Veil
|move|p2a: Ursaluna|Facade|p1a: Mavis
|-damage|p1a: Mavis|40/100
|
|-weather|Snowscape|[upkeep]
|-damage|p2a: Ursaluna|74/100 brn|[from] brn
|upkeep
|turn|8
|
|t:|1760429183
|move|p1a: Mavis|Freeze-Dry|p2a: Ursaluna
|-supereffective|p2a: Ursaluna
|-damage|p2a: Ursaluna|53/100 brn
|move|p2a: Ursaluna|Facade|p1a: Mavis
|-damage|p1a: Mavis|0 fnt
|faint|p1a: Mavis
|
|-weather|Snowscape|[upkeep]
|-damage|p2a: Ursaluna|47/100 brn|[from] brn
|upkeep
|
|t:|1760429194
|switch|p1a: Lee|Gallade, M|100/100
|turn|9
|
|t:|1760429198
|move|p1a: Lee|Sacred Sword|p2a: Ursaluna
|-supereffective|p2a: Ursaluna
|-damage|p2a: Ursaluna|0 fnt
|faint|p2a: Ursaluna
|-damage|p1a: Lee|91/100|[from] item: Life Orb
|
|-weather|Snowscape|[upkeep]
|-sideend|p2: kok puncher|move: Light Screen
|upkeep
|
|t:|1760429204
|switch|p2a: Cinderace|Cinderace, M|100/100
|turn|10
|
|t:|1760429212
|switch|p1a: SageOfSixPaths|Slowking-Galar, F|100/100
|move|p2a: Cinderace|Court Change|p2a: Cinderace
|-start|p2a: Cinderace|typechange|Normal|[from] ability: Libero
|-swapsideconditions
|-activate|p2a: Cinderace|move: Court Change
|
|-weather|Snowscape|[upkeep]
|-sideend|p1: waha8|Reflect
|upkeep
|turn|11
|
|t:|1760429220
|move|p2a: Cinderace|U-turn|p1a: SageOfSixPaths
|-damage|p1a: SageOfSixPaths|79/100
|
|t:|1760429224
|switch|p2a: Hoopa|Hoopa-Unbound|100/100|[from] U-turn
|move|p1a: SageOfSixPaths|Trick Room|p1a: SageOfSixPaths
|-fieldstart|move: Trick Room|[of] p1a: SageOfSixPaths
|
|-weather|none
|upkeep
|turn|12
|
|t:|1760429232
|move|p1a: SageOfSixPaths|Sludge Wave|p2a: Hoopa
|-damage|p2a: Hoopa|86/100
|-status|p2a: Hoopa|psn
|-damage|p1a: SageOfSixPaths|69/100|[from] item: Life Orb
|move|p2a: Hoopa|Knock Off|p1a: SageOfSixPaths
|-supereffective|p1a: SageOfSixPaths
|-damage|p1a: SageOfSixPaths|0 fnt
|-enditem|p1a: SageOfSixPaths|Life Orb|[from] move: Knock Off|[of] p2a: Hoopa
|faint|p1a: SageOfSixPaths
|
|-damage|p2a: Hoopa|74/100 psn|[from] psn
|upkeep
|
|t:|1760429247
|switch|p1a: Lee|Gallade, M|91/100
|turn|13
|
|t:|1760429253
|-terastallize|p2a: Hoopa|Poison
|move|p2a: Hoopa|Psychic Noise|p1a: Lee
|-damage|p1a: Lee|34/100
|-start|p1a: Lee|move: Heal Block
|move|p1a: Lee|Sacred Sword|p2a: Hoopa
|-resisted|p2a: Hoopa
|-damage|p2a: Hoopa|33/100 psn
|-damage|p1a: Lee|24/100|[from] item: Life Orb
|
|-damage|p2a: Hoopa|21/100 psn|[from] psn
|upkeep
|turn|14
|
|t:|1760429272
|move|p2a: Hoopa|Psychic Noise|p1a: Lee
|-crit|p1a: Lee
|-damage|p1a: Lee|0 fnt
|faint|p1a: Lee
|
|-damage|p2a: Hoopa|8/100 psn|[from] psn
|-sideend|p2: kok puncher|move: Aurora Veil
|upkeep
|
|t:|1760429280
|switch|p1a: DeeDee|Indeedee, M|100/100
|-fieldstart|move: Psychic Terrain|[from] ability: Psychic Surge|[of] p1a: DeeDee
|turn|15
|
|t:|1760429287
|move|p2a: Hoopa|Knock Off|p1a: DeeDee
|-supereffective|p1a: DeeDee
|-damage|p1a: DeeDee|0 fnt
|-enditem|p1a: DeeDee|Terrain Extender|[from] move: Knock Off|[of] p2a: Hoopa
|faint|p1a: DeeDee
|
|-damage|p2a: Hoopa|0 fnt|[from] psn
|faint|p2a: Hoopa
|-fieldend|move: Trick Room
|upkeep
|
|t:|1760429298
|switch|p1a: Iron Guardian|Iron Valiant|100/100
|switch|p2a: Cinderace|Cinderace, M|100/100
|-enditem|p1a: Iron Guardian|Booster Energy
|-activate|p1a: Iron Guardian|ability: Quark Drive|[fromitem]
|-start|p1a: Iron Guardian|quarkdrivespe
|turn|16
|
|t:|1760429305
|move|p1a: Iron Guardian|Swords Dance|p1a: Iron Guardian
|-boost|p1a: Iron Guardian|atk|2
|move|p2a: Cinderace|Pyro Ball|p1a: Iron Guardian
|-damage|p1a: Iron Guardian|24/100
|
|upkeep
|turn|17
|
|t:|1760429313
|move|p2a: Cinderace|Sucker Punch|p1a: Iron Guardian
|-start|p2a: Cinderace|typechange|Dark|[from] ability: Libero
|-activate|p1a: Iron Guardian|move: Psychic Terrain
|move|p1a: Iron Guardian|Close Combat|p2a: Cinderace
|-supereffective|p2a: Cinderace
|-damage|p2a: Cinderace|0 fnt
|-unboost|p1a: Iron Guardian|def|1
|-unboost|p1a: Iron Guardian|spd|1
|faint|p2a: Cinderace
|
|upkeep
|
|t:|1760429323
|switch|p2a: Manaphy|Manaphy|100/100
|turn|18
|
|t:|1760429326
|move|p1a: Iron Guardian|Close Combat|p2a: Manaphy
|-damage|p2a: Manaphy|3/100
|-unboost|p1a: Iron Guardian|def|1
|-unboost|p1a: Iron Guardian|spd|1
|move|p2a: Manaphy|Scald|p1a: Iron Guardian
|-damage|p1a: Iron Guardian|0 fnt
|faint|p1a: Iron Guardian
|-end|p1a: Iron Guardian|Quark Drive|[silent]
|
|win|kok puncher
|raw|waha8's rating: 1507 &rarr; <strong>1484</strong><br />(-23 for losing)
|raw|kok puncher's rating: 1463 &rarr; <strong>1486</strong><br />(+23 for winning)
|c|☆waha8|gg
|c|☆kok puncher|kok
|c|☆kok puncher|punched
|l|☆kok puncher
|player|p2|
|l|☆waha8
|player|p1|
