|j|☆babycacawww
|j|☆tert_14
|inactive|Battle timer is ON: inactive players will automatically lose when time's up.
|t:|1760388011
|gametype|singles
|player|p1|babycacawww|cress|
|player|p2|tert_14|hiker|
|gen|9
|tier|[Gen 9] OU
|rated|Tournament battle
|rule|HP Percentage Mod: HP is shown in percentages
|rule|Endless Battle Clause: Forcing endless battles is banned
|rule|Species Clause: Limit one of each Pokémon
|rule|OHKO Clause: OHKO moves are banned
|rule|Evasion Items Clause: Evasion items are banned
|rule|Evasion Moves Clause: Evasion moves are banned
|rule|Evasion Abilities Clause: Evasion abilities are banned
|rule|Sleep Moves Clause: Sleep-inducing moves are banned
|raw|<div class="infobox"><details class="readmore" open><summary><strong>1 custom rule:</strong></summary> -wobbuffet</details></div>
|clearpoke
|poke|p1|Tinkaton, F|
|poke|p1|Cetoddle, F|
|poke|p1|Fraxure, M|
|poke|p2|Sewaddle, M|
|poke|p2|Wugtrio, F|
|poke|p2|Dodrio, M|
|teampreview
|j|*Lady Monita ☀
|inactive|babycacawww also wants the timer to be on.
|c|☆tert_14|gl hf
|c|☆babycacawww|gl
|
|t:|1760388020
|teamsize|p1|3
|teamsize|p2|3
|start
|switch|p1a: Cetoddle|Cetoddle, F|100/100
|switch|p2a: Wugtrio|Wugtrio, F|100/100
|turn|1
|
|t:|1760388024
|switch|p1a: Fraxure|Fraxure, M|100/100
|-ability|p1a: Fraxure|Mold Breaker
|-terastallize|p2a: Wugtrio|Water
|move|p2a: Wugtrio|Liquidation|p1a: Fraxure
|-resisted|p1a: Fraxure
|-damage|p1a: Fraxure|52/100
|
|upkeep
|turn|2
|
|t:|1760388031
|switch|p2a: Dodrio|Dodrio, M|100/100
|move|p1a: Fraxure|Dragon Claw|p2a: Dodrio
|-damage|p2a: Dodrio|32/100
|
|upkeep
|turn|3
|
|t:|1760388038
|move|p2a: Dodrio|Brave Bird|p1a: Fraxure
|-damage|p1a: Fraxure|0 fnt
|faint|p1a: Fraxure
|-damage|p2a: Dodrio|14/100|[from] Recoil
|-damage|p2a: Dodrio|4/100|[from] item: Life Orb
|
|upkeep
|
|t:|1760388040
|switch|p1a: Cetoddle|Cetoddle, F|100/100
|turn|4
|
|t:|1760388043
|switch|p2a: Wugtrio|Wugtrio, F, tera:Water|100/100
|move|p1a: Cetoddle|Ice Shard|p2a: Wugtrio
|-resisted|p2a: Wugtrio
|-damage|p2a: Wugtrio|83/100
|
|upkeep
|turn|5
|
|t:|1760388048
|move|p1a: Cetoddle|Ice Shard|p2a: Wugtrio
|-resisted|p2a: Wugtrio
|-damage|p2a: Wugtrio|66/100
|move|p2a: Wugtrio|Liquidation|p1a: Cetoddle
|-damage|p1a: Cetoddle|0 fnt
|faint|p1a: Cetoddle
|
|upkeep
|
|t:|1760388049
|switch|p1a: Tinkaton|Tinkaton, F|100/100
|turn|6
|
|t:|1760388054
|switch|p2a: Dodrio|Dodrio, M|4/100
|-terastallize|p1a: Tinkaton|Fairy
|move|p1a: Tinkaton|Play Rough|p2a: Dodrio
|-damage|p2a: Dodrio|0 fnt
|faint|p2a: Dodrio
|
|upkeep
|
|t:|1760388056
|switch|p2a: Wugtrio|Wugtrio, F, tera:Water|66/100
|turn|7
|
|t:|1760388059
|move|p1a: Tinkaton|Play Rough|p2a: Wugtrio
|-damage|p2a: Wugtrio|0 fnt
|-ability|p2a: Wugtrio|Gooey
|-unboost|p1a: Tinkaton|spe|1
|faint|p2a: Wugtrio
|
|upkeep
|
|t:|1760388063
|switch|p2a: Sewaddle|Sewaddle, M|100/100
|turn|8
|c|☆tert_14|gg
|
|t:|1760388073
|move|p1a: Tinkaton|Play Rough|p2a: Sewaddle
|-enditem|p2a: Sewaddle|Focus Sash
|-damage|p2a: Sewaddle|1/100
|move|p2a: Sewaddle|Lunge|p1a: Tinkaton
|-resisted|p1a: Tinkaton
|-damage|p1a: Tinkaton|83/100
|-unboost|p1a: Tinkaton|atk|1
|
|upkeep
|turn|9
|
|t:|1760388076
|move|p1a: Tinkaton|Play Rough|p2a: Sewaddle|[miss]
|-miss|p1a: Tinkaton|p2a: Sewaddle
|move|p2a: Sewaddle|Lunge|p1a: Tinkaton
|-resisted|p1a: Tinkaton
|-damage|p1a: Tinkaton|65/100
|-unboost|p1a: Tinkaton|atk|1
|
|upkeep
|turn|10
|
|t:|1760388078
|move|p1a: Tinkaton|Play Rough|p2a: Sewaddle
|-damage|p2a: Sewaddle|0 fnt
|faint|p2a: Sewaddle
|
|win|babycacawww
|n|☆babycacawww|babycacawww
|n|☆tert_14|tert14
|n|*Lady Monita ☀|ladymonita
