|j|☆l 3asses
|j|☆Walking Waste
|t:|1760361058
|gametype|singles
|player|p1|l 3asses|policeman-gen4|1431
|player|p2|Walking Waste|burglar-gen2|1402
|gen|9
|tier|[Gen 9] OU
|rated|
|rule|HP Percentage Mod: HP is shown in percentages
|rule|Endless Battle Clause: Forcing endless battles is banned
|rule|Species Clause: Limit one of each Pokémon
|rule|OHKO Clause: OHKO moves are banned
|rule|Evasion Items Clause: Evasion items are banned
|rule|Evasion Moves Clause: Evasion moves are banned
|rule|Evasion Abilities Clause: Evasion abilities are banned
|rule|Sleep Moves Clause: Sleep-inducing moves are banned
|clearpoke
|poke|p1|Kingambit, F|
|poke|p1|Alomomola, M|
|poke|p1|Enamorus, F|
|poke|p1|Great Tusk|
|poke|p1|Gholdengo|
|poke|p1|Ribombee, M|
|poke|p2|Dragonite, M|
|poke|p2|Deoxys-Defense|
|poke|p2|Darkrai|
|poke|p2|Great Tusk|
|poke|p2|Iron Valiant|
|poke|p2|Magnezone|
|teampreview
|inactive|Battle timer is ON: inactive players will automatically lose when time's up. (requested by Walking Waste)
|
|t:|1760361079
|teamsize|p1|6
|teamsize|p2|6
|start
|switch|p1a: Ribombee|Ribombee, M|100/100
|switch|p2a: Darkrai|Darkrai|100/100
|turn|1
|
|t:|1760361088
|move|p1a: Ribombee|Moonblast|p2a: Darkrai
|-supereffective|p2a: Darkrai
|-enditem|p2a: Darkrai|Focus Sash
|-damage|p2a: Darkrai|1/100
|-unboost|p2a: Darkrai|spa|1
|move|p2a: Darkrai|Sludge Bomb|p1a: Ribombee
|-supereffective|p1a: Ribombee
|-damage|p1a: Ribombee|25/100
|
|upkeep
|turn|2
|c|☆Walking Waste|:c
|
|t:|1760361100
|switch|p2a: PC_Music|Magnezone|100/100
|move|p1a: Ribombee|Moonblast|p2a: PC_Music
|-resisted|p2a: PC_Music
|-crit|p2a: PC_Music
|-damage|p2a: PC_Music|61/100
|-unboost|p2a: PC_Music|spa|1
|
|-heal|p2a: PC_Music|67/100|[from] item: Leftovers
|upkeep
|turn|3
|
|t:|1760361122
|switch|p1a: Great Tusk|Great Tusk|100/100
|-enditem|p1a: Great Tusk|Booster Energy
|-activate|p1a: Great Tusk|ability: Protosynthesis|[fromitem]
|-start|p1a: Great Tusk|protosynthesisspe
|switch|p2a: Darkrai|Darkrai|1/100
|
|upkeep
|turn|4
|
|t:|1760361131
|switch|p2a: GFOTY|Deoxys-Defense|100/100
|-ability|p2a: GFOTY|Pressure
|move|p1a: Great Tusk|Rapid Spin|p2a: GFOTY
|-damage|p2a: GFOTY|89/100
|-boost|p1a: Great Tusk|spe|1
|
|-heal|p2a: GFOTY|96/100|[from] item: Leftovers
|upkeep
|turn|5
|
|t:|1760361135
|move|p1a: Great Tusk|Bulk Up|p1a: Great Tusk
|-boost|p1a: Great Tusk|atk|1
|-boost|p1a: Great Tusk|def|1
|move|p2a: GFOTY|Cosmic Power|p2a: GFOTY
|-boost|p2a: GFOTY|def|1
|-boost|p2a: GFOTY|spd|1
|
|-heal|p2a: GFOTY|100/100|[from] item: Leftovers
|upkeep
|turn|6
|
|t:|1760361140
|move|p1a: Great Tusk|Bulk Up|p1a: Great Tusk
|-boost|p1a: Great Tusk|atk|1
|-boost|p1a: Great Tusk|def|1
|move|p2a: GFOTY|Cosmic Power|p2a: GFOTY
|-boost|p2a: GFOTY|def|1
|-boost|p2a: GFOTY|spd|1
|
|upkeep
|turn|7
|
|t:|1760361146
|-end|p1a: Great Tusk|Protosynthesis|[silent]
|switch|p1a: Ribombee|Ribombee, M|25/100
|move|p2a: GFOTY|Cosmic Power|p2a: GFOTY
|-boost|p2a: GFOTY|def|1
|-boost|p2a: GFOTY|spd|1
|
|upkeep
|turn|8
|
|t:|1760361150
|switch|p2a: Darkrai|Darkrai|1/100
|move|p1a: Ribombee|Switcheroo|p2a: Darkrai
|-activate|p1a: Ribombee|move: Trick|[of] p2a: Darkrai
|-item|p2a: Darkrai|Choice Scarf|[from] move: Switcheroo
|-enditem|p1a: Ribombee|Choice Scarf|[silent]|[from] move: Switcheroo
|
|upkeep
|turn|9
|
|t:|1760361158
|switch|p1a: Alomomola|Alomomola, M|100/100
|move|p2a: Darkrai|Ice Beam|p1a: Alomomola
|-resisted|p1a: Alomomola
|-damage|p1a: Alomomola|85/100
|
|upkeep
|turn|10
|
|t:|1760361162
|switch|p2a: PC_Music|Magnezone|67/100
|move|p1a: Alomomola|Flip Turn|p2a: PC_Music
|-damage|p2a: PC_Music|56/100
|
|t:|1760361183
|switch|p1a: Gholdengo|Gholdengo|100/100|[from] Flip Turn
|
|-heal|p2a: PC_Music|62/100|[from] item: Leftovers
|upkeep
|turn|11
|
|t:|1760361189
|move|p1a: Gholdengo|Shadow Ball|p2a: PC_Music
|-damage|p2a: PC_Music|0 fnt
|faint|p2a: PC_Music
|
|upkeep
|
|t:|1760361194
|switch|p2a: Darkrai|Darkrai|1/100
|turn|12
|
|t:|1760361199
|switch|p1a: Alomomola|Alomomola, M|100/100
|move|p2a: Darkrai|Dark Pulse|p1a: Alomomola
|-damage|p1a: Alomomola|57/100
|
|upkeep
|turn|13
|
|t:|1760361203
|move|p2a: Darkrai|Dark Pulse|p1a: Alomomola
|-damage|p1a: Alomomola|15/100
|move|p1a: Alomomola|Flip Turn|p2a: Darkrai
|-damage|p2a: Darkrai|0 fnt
|faint|p2a: Darkrai
|
|t:|1760361210
|switch|p1a: Ribombee|Ribombee, M|25/100|[from] Flip Turn
|
|upkeep
|
|t:|1760361214
|switch|p2a: Iron Valiant|Iron Valiant|100/100
|-enditem|p2a: Iron Valiant|Booster Energy
|-activate|p2a: Iron Valiant|ability: Quark Drive|[fromitem]
|-start|p2a: Iron Valiant|quarkdrivespe
|turn|14
|
|t:|1760361220
|switch|p1a: Gholdengo|Gholdengo|100/100
|move|p2a: Iron Valiant|Swords Dance|p2a: Iron Valiant
|-boost|p2a: Iron Valiant|atk|2
|
|upkeep
|turn|15
|
|t:|1760361227
|-terastallize|p1a: Gholdengo|Steel
|move|p2a: Iron Valiant|Destiny Bond|p2a: Iron Valiant
|-singlemove|p2a: Iron Valiant|Destiny Bond
|move|p1a: Gholdengo|Shadow Ball|p2a: Iron Valiant
|-damage|p2a: Iron Valiant|0 fnt
|faint|p2a: Iron Valiant
|-activate|p2a: Iron Valiant|move: Destiny Bond
|-end|p2a: Iron Valiant|Quark Drive|[silent]
|faint|p1a: Gholdengo
|
|upkeep
|
|t:|1760361239
|switch|p2a: Dragonite|Dragonite, M, shiny|100/100
|switch|p1a: Ribombee|Ribombee, M|25/100
|turn|16
|
|t:|1760361252
|move|p1a: Ribombee|Moonblast|p2a: Dragonite
|-supereffective|p2a: Dragonite
|-crit|p2a: Dragonite
|-damage|p2a: Dragonite|33/100
|move|p2a: Dragonite|Dragon Dance|p2a: Dragonite
|-boost|p2a: Dragonite|atk|1
|-boost|p2a: Dragonite|spe|1
|
|upkeep
|turn|17
|
|t:|1760361259
|move|p2a: Dragonite|Earthquake|p1a: Ribombee
|-resisted|p1a: Ribombee
|-damage|p1a: Ribombee|0 fnt
|faint|p1a: Ribombee
|
|upkeep
|
|t:|1760361263
|switch|p1a: Enamorus|Enamorus, F|100/100
|turn|18
|
|t:|1760361270
|-terastallize|p2a: Dragonite|Normal
|move|p2a: Dragonite|Extreme Speed|p1a: Enamorus
|-damage|p1a: Enamorus|0 fnt
|faint|p1a: Enamorus
|
|upkeep
|
|t:|1760361275
|switch|p1a: Great Tusk|Great Tusk|100/100
|turn|19
|
|t:|1760361285
|move|p2a: Dragonite|Ice Spinner|p1a: Great Tusk
|-supereffective|p1a: Great Tusk
|-damage|p1a: Great Tusk|40/100
|move|p1a: Great Tusk|Headlong Rush|p2a: Dragonite
|-damage|p2a: Dragonite|0 fnt
|-unboost|p1a: Great Tusk|def|1
|-unboost|p1a: Great Tusk|spd|1
|faint|p2a: Dragonite
|
|upkeep
|
|t:|1760361291
|switch|p2a: Great Tusk|Great Tusk|100/100
|-enditem|p2a: Great Tusk|Booster Energy
|-activate|p2a: Great Tusk|ability: Protosynthesis|[fromitem]
|-start|p2a: Great Tusk|protosynthesisspe
|turn|20
|
|t:|1760361295
|move|p2a: Great Tusk|Bulk Up|p2a: Great Tusk
|-boost|p2a: Great Tusk|atk|1
|-boost|p2a: Great Tusk|def|1
|move|p1a: Great Tusk|Ice Spinner|p2a: Great Tusk
|-supereffective|p2a: Great Tusk
|-damage|p2a: Great Tusk|79/100
|
|upkeep
|turn|21
|
|t:|1760361301
|-end|p1a: Great Tusk|Protosynthesis|[silent]
|switch|p1a: Alomomola|Alomomola, M|49/100
|move|p2a: Great Tusk|Ice Spinner|p1a: Alomomola
|-resisted|p1a: Alomomola
|-damage|p1a: Alomomola|38/100
|-damage|p2a: Great Tusk|63/100|[from] item: Rocky Helmet|[of] p1a: Alomomola
|
|upkeep
|turn|22
|
|t:|1760361307
|switch|p1a: Great Tusk|Great Tusk|40/100
|move|p2a: Great Tusk|Headlong Rush|p1a: Great Tusk
|-damage|p1a: Great Tusk|0 fnt
|-unboost|p2a: Great Tusk|def|1
|-unboost|p2a: Great Tusk|spd|1
|faint|p1a: Great Tusk
|-end|p1a: Great Tusk|Protosynthesis|[silent]
|
|upkeep
|
|t:|1760361308
|switch|p1a: Alomomola|Alomomola, M|71/100
|turn|23
|
|t:|1760361325
|-end|p2a: Great Tusk|Protosynthesis|[silent]
|switch|p2a: GFOTY|Deoxys-Defense|100/100
|-ability|p2a: GFOTY|Pressure
|move|p1a: Alomomola|Scald|p2a: GFOTY
|-damage|p2a: GFOTY|91/100
|-status|p2a: GFOTY|brn
|
|-heal|p2a: GFOTY|98/100 brn|[from] item: Leftovers
|-damage|p2a: GFOTY|91/100 brn|[from] brn
|upkeep
|turn|24
|
|t:|1760361340
|switch|p2a: Great Tusk|Great Tusk|63/100
|move|p1a: Alomomola|Flip Turn|p2a: Great Tusk
|-supereffective|p2a: Great Tusk
|-damage|p2a: Great Tusk|42/100
|
|t:|1760361346
|switch|p1a: Kingambit|Kingambit, F|100/100|[from] Flip Turn
|-activate|p1a: Kingambit|ability: Supreme Overlord
|-start|p1a: Kingambit|fallen4|[silent]
|
|upkeep
|turn|25
|
|t:|1760361349
|-end|p1a: Kingambit|fallen4|[silent]
|switch|p1a: Alomomola|Alomomola, M|100/100
|move|p2a: Great Tusk|Bulk Up|p2a: Great Tusk
|-boost|p2a: Great Tusk|atk|1
|-boost|p2a: Great Tusk|def|1
|
|upkeep
|turn|26
|
|t:|1760361363
|move|p2a: Great Tusk|Headlong Rush|p1a: Alomomola
|-damage|p1a: Alomomola|53/100
|-unboost|p2a: Great Tusk|def|1
|-unboost|p2a: Great Tusk|spd|1
|-damage|p2a: Great Tusk|25/100|[from] item: Rocky Helmet|[of] p1a: Alomomola
|move|p1a: Alomomola|Scald|p2a: Great Tusk
|-supereffective|p2a: Great Tusk
|-damage|p2a: Great Tusk|0 fnt
|faint|p2a: Great Tusk
|-end|p2a: Great Tusk|Protosynthesis|[silent]
|
|upkeep
|
|t:|1760361365
|switch|p2a: GFOTY|Deoxys-Defense|91/100 brn
|-ability|p2a: GFOTY|Pressure
|turn|27
|-message|Walking Waste forfeited.
|
|win|l 3asses
|raw|l 3asses's rating: 1431 &rarr; <strong>1449</strong><br />(+18 for winning)
|raw|Walking Waste's rating: 1402 &rarr; <strong>1384</strong><br />(-18 for losing)
|l|☆Walking Waste
|player|p2|
|l|☆l 3asses
|player|p1|
