|j|☆Steel809
|j|☆Nigthmare1452
|inactive|Battle timer is ON: inactive players will automatically lose when time's up.
|t:|1760458230
|gametype|singles
|player|p1|Steel809|lance|
|player|p2|Nigthmare1452|102|
|gen|9
|tier|[Gen 9] OU
|rated|Tournament battle
|rule|HP Percentage Mod: HP is shown in percentages
|rule|Endless Battle Clause: Forcing endless battles is banned
|rule|Species Clause: Limit one of each Pokémon
|rule|OHKO Clause: OHKO moves are banned
|rule|Evasion Items Clause: Evasion items are banned
|rule|Evasion Moves Clause: Evasion moves are banned
|rule|Evasion Abilities Clause: Evasion abilities are banned
|rule|Sleep Moves Clause: Sleep-inducing moves are banned
|raw|<div class="infobox"><details class="readmore" open><summary><strong>1 custom rule:</strong></summary> -wobbuffet</details></div>
|clearpoke
|poke|p1|Buizel, F|
|poke|p1|Duosion, M|
|poke|p1|Cloyster, F|
|poke|p2|Morgrem, M|
|poke|p2|Malamar, F|
|poke|p2|Cranidos, F|
|teampreview
|j|*Lady Monita ☀
|c|☆Steel809|Glhf
|
|t:|1760458247
|teamsize|p1|3
|teamsize|p2|3
|start
|switch|p1a: Duosion|Duosion, M|100/100
|switch|p2a: Cranidos|Cranidos, F|100/100
|-ability|p2a: Cranidos|Mold Breaker
|turn|1
|
|t:|1760458254
|move|p2a: Cranidos|Substitute|p2a: Cranidos
|-start|p2a: Cranidos|Substitute
|-damage|p2a: Cranidos|76/100
|move|p1a: Duosion|Reflect|p1a: Duosion
|-sidestart|p1: Steel809|Reflect
|
|upkeep
|turn|2
|
|t:|1760458259
|move|p2a: Cranidos|Stealth Rock|p1a: Duosion
|-sidestart|p1: Steel809|move: Stealth Rock
|move|p1a: Duosion|Psyshock|p2a: Cranidos
|-end|p2a: Cranidos|Substitute
|
|upkeep
|turn|3
|
|t:|1760458268
|move|p2a: Cranidos|Substitute|p2a: Cranidos
|-start|p2a: Cranidos|Substitute
|-damage|p2a: Cranidos|51/100
|move|p1a: Duosion|Night Shade|p2a: Cranidos
|-end|p2a: Cranidos|Substitute
|
|upkeep
|turn|4
|
|t:|1760458272
|move|p2a: Cranidos|Earthquake|p1a: Duosion
|-damage|p1a: Duosion|85/100
|move|p1a: Duosion|Light Screen|p1a: Duosion
|-sidestart|p1: Steel809|move: Light Screen
|
|upkeep
|turn|5
|
|t:|1760458279
|move|p2a: Cranidos|Protect|p2a: Cranidos
|-singleturn|p2a: Cranidos|Protect
|move|p1a: Duosion|Night Shade|p2a: Cranidos
|-activate|p2a: Cranidos|move: Protect
|
|-sideend|p1: Steel809|Reflect
|upkeep
|turn|6
|
|t:|1760458282
|move|p2a: Cranidos|Earthquake|p1a: Duosion
|-damage|p1a: Duosion|53/100
|move|p1a: Duosion|Reflect|p1a: Duosion
|-sidestart|p1: Steel809|Reflect
|
|upkeep
|turn|7
|
|t:|1760458287
|switch|p1a: Cloyster|Cloyster, F|100/100
|-damage|p1a: Cloyster|76/100|[from] Stealth Rock
|move|p2a: Cranidos|Protect||[still]
|-fail|p2a: Cranidos
|
|upkeep
|turn|8
|
|t:|1760458291
|move|p1a: Cloyster|Shell Smash|p1a: Cloyster
|-unboost|p1a: Cloyster|def|1
|-unboost|p1a: Cloyster|spd|1
|-boost|p1a: Cloyster|atk|2
|-boost|p1a: Cloyster|spa|2
|-boost|p1a: Cloyster|spe|2
|-enditem|p1a: Cloyster|White Herb
|-clearnegativeboost|p1a: Cloyster|[silent]
|move|p2a: Cranidos|Substitute|p2a: Cranidos
|-start|p2a: Cranidos|Substitute
|-damage|p2a: Cranidos|26/100
|
|-sideend|p1: Steel809|move: Light Screen
|upkeep
|turn|9
|
|t:|1760458300
|move|p1a: Cloyster|Icicle Spear|p2a: Cranidos
|-crit|p2a: Cranidos
|-end|p2a: Cranidos|Substitute
|-damage|p2a: Cranidos|7/100
|-damage|p2a: Cranidos|0 fnt
|faint|p2a: Cranidos
|-hitcount|p2: Cranidos|3
|
|upkeep
|
|t:|1760458319
|switch|p2a: Morgrem|Morgrem, M|100/100
|turn|10
|
|t:|1760458328
|move|p2a: Morgrem|Reflect|p2a: Morgrem
|-sidestart|p2: Nigthmare1452|Reflect
|move|p1a: Cloyster|Icicle Spear|p2a: Morgrem
|-damage|p2a: Morgrem|86/100
|-damage|p2a: Morgrem|74/100
|-damage|p2a: Morgrem|59/100
|-damage|p2a: Morgrem|47/100
|-damage|p2a: Morgrem|34/100
|-hitcount|p2a: Morgrem|5
|
|-sideend|p1: Steel809|Reflect
|upkeep
|turn|11
|
|t:|1760458337
|move|p2a: Morgrem|Parting Shot|p1a: Cloyster
|-unboost|p1a: Cloyster|atk|1
|-unboost|p1a: Cloyster|spa|1
|
|t:|1760458339
|switch|p2a: Malamar|Malamar, F|100/100|[from] Parting Shot
|move|p1a: Cloyster|Rock Blast|p2a: Malamar
|-damage|p2a: Malamar|93/100
|-damage|p2a: Malamar|86/100
|-damage|p2a: Malamar|80/100
|-damage|p2a: Malamar|72/100
|-damage|p2a: Malamar|65/100
|-hitcount|p2a: Malamar|5
|
|upkeep
|turn|12
|
|t:|1760458350
|move|p1a: Cloyster|Icicle Spear|p2a: Malamar
|-damage|p2a: Malamar|54/100
|-damage|p2a: Malamar|43/100
|-damage|p2a: Malamar|33/100
|-damage|p2a: Malamar|24/100
|-damage|p2a: Malamar|12/100
|-hitcount|p2a: Malamar|5
|move|p2a: Malamar|Switcheroo|p1a: Cloyster
|-activate|p2a: Malamar|move: Trick|[of] p1a: Cloyster
|-item|p1a: Cloyster|Choice Scarf|[from] move: Switcheroo
|-enditem|p2a: Malamar|Choice Scarf|[silent]|[from] move: Switcheroo
|
|upkeep
|turn|13
|
|t:|1760458360
|-terastallize|p2a: Malamar|Fighting
|move|p1a: Cloyster|Icicle Spear|p2a: Malamar
|-damage|p2a: Malamar|1/100
|-damage|p2a: Malamar|0 fnt
|faint|p2a: Malamar
|-hitcount|p2: Malamar|2
|
|upkeep
|
|t:|1760458366
|switch|p2a: Morgrem|Morgrem, M|34/100
|turn|14
|-message|Nigthmare1452 forfeited.
|
|win|Steel809
|n|☆Steel809|steel809
|n|☆Nigthmare1452|nigthmare1452
|n|*Lady Monita ☀|ladymonita
