|j|☆portobellomushroom
|j|☆lab addict
|t:|1760404060
|gametype|singles
|player|p1|portobellomushroom|turo-ai|1515
|player|p2|lab addict|colress|1570
|gen|9
|tier|[Gen 9] OU
|rated|
|rule|HP Percentage Mod: HP is shown in percentages
|rule|Endless Battle Clause: Forcing endless battles is banned
|rule|Species Clause: Limit one of each Pokémon
|rule|OHKO Clause: OHKO moves are banned
|rule|Evasion Items Clause: Evasion items are banned
|rule|Evasion Moves Clause: Evasion moves are banned
|rule|Evasion Abilities Clause: Evasion abilities are banned
|rule|Sleep Moves Clause: Sleep-inducing moves are banned
|clearpoke
|poke|p1|Glimmora, F|
|poke|p1|Enamorus, F|
|poke|p1|Deoxys-Speed|
|poke|p1|Great Tusk|
|poke|p1|Dragonite, F|
|poke|p1|Iron Valiant|
|poke|p2|Hatterene, F|
|poke|p2|Slowking-Galar, F|
|poke|p2|Raging Bolt|
|poke|p2|Great Tusk|
|poke|p2|Zapdos|
|poke|p2|Meowscarada, F|
|teampreview
|inactive|Battle timer is ON: inactive players will automatically lose when time's up. (requested by portobellomushroom)
|
|t:|1760404069
|teamsize|p1|6
|teamsize|p2|6
|start
|switch|p1a: glim glam|Glimmora, F|100/100
|switch|p2a: Raging Bolt|Raging Bolt|100/100
|turn|1
|c|☆lab addict|glhfd
|c|☆portobellomushroom|glhf
|
|t:|1760404077
|move|p1a: glim glam|Earth Power|p2a: Raging Bolt
|-supereffective|p2a: Raging Bolt
|-damage|p2a: Raging Bolt|39/100
|move|p2a: Raging Bolt|Volt Switch|p1a: glim glam
|-damage|p1a: glim glam|20/100
|
|t:|1760404080
|-end|p2a: Raging Bolt|Protosynthesis|[silent]
|switch|p2a: Meowscarada|Meowscarada, F, shiny|100/100|[from] Volt Switch
|
|upkeep
|turn|2
|
|t:|1760404087
|move|p2a: Meowscarada|Knock Off|p1a: glim glam
|-start|p2a: Meowscarada|typechange|Dark|[from] ability: Protean
|-damage|p1a: glim glam|0 fnt
|-activate|p1a: glim glam|ability: Toxic Debris
|-sidestart|p2: lab addict|move: Toxic Spikes
|-enditem|p1a: glim glam|Focus Sash|[from] move: Knock Off|[of] p2a: Meowscarada
|faint|p1a: glim glam
|
|upkeep
|
|t:|1760404104
|switch|p1a: great donphan|Great Tusk|100/100
|-enditem|p1a: great donphan|Booster Energy
|-activate|p1a: great donphan|ability: Protosynthesis|[fromitem]
|-start|p1a: great donphan|protosynthesisspe
|turn|3
|
|t:|1760404109
|switch|p2a: Great Tusk|Great Tusk|100/100
|move|p1a: great donphan|Bulk Up|p1a: great donphan
|-boost|p1a: great donphan|atk|1
|-boost|p1a: great donphan|def|1
|
|upkeep
|turn|4
|
|t:|1760404114
|move|p1a: great donphan|Bulk Up|p1a: great donphan
|-boost|p1a: great donphan|atk|1
|-boost|p1a: great donphan|def|1
|move|p2a: Great Tusk|Rapid Spin|p1a: great donphan
|-damage|p1a: great donphan|95/100
|-boost|p2a: Great Tusk|spe|1
|-sideend|p2: lab addict|Toxic Spikes|[from] move: Rapid Spin|[of] p2a: Great Tusk
|
|upkeep
|turn|5
|
|t:|1760404117
|move|p2a: Great Tusk|Ice Spinner|p1a: great donphan
|-supereffective|p1a: great donphan
|-damage|p1a: great donphan|81/100
|move|p1a: great donphan|Bulk Up|p1a: great donphan
|-boost|p1a: great donphan|atk|1
|-boost|p1a: great donphan|def|1
|
|upkeep
|turn|6
|
|t:|1760404120
|move|p2a: Great Tusk|Ice Spinner|p1a: great donphan
|-supereffective|p1a: great donphan
|-damage|p1a: great donphan|69/100
|move|p1a: great donphan|Bulk Up|p1a: great donphan
|-boost|p1a: great donphan|atk|1
|-boost|p1a: great donphan|def|1
|
|upkeep
|turn|7
|
|t:|1760404130
|-end|p2a: Great Tusk|Protosynthesis|[silent]
|switch|p2a: Zapdos|Zapdos|100/100
|move|p1a: great donphan|Headlong Rush|p2a: Zapdos
|-immune|p2a: Zapdos
|
|upkeep
|turn|8
|
|t:|1760404134
|move|p1a: great donphan|Ice Spinner|p2a: Zapdos
|-supereffective|p2a: Zapdos
|-damage|p2a: Zapdos|5/100
|-damage|p1a: great donphan|52/100|[from] item: Rocky Helmet|[of] p2a: Zapdos
|-status|p1a: great donphan|par|[from] ability: Static|[of] p2a: Zapdos
|move|p2a: Zapdos|Roost|p2a: Zapdos
|-heal|p2a: Zapdos|55/100
|-singleturn|p2a: Zapdos|move: Roost
|
|upkeep
|turn|9
|
|t:|1760404140
|switch|p2a: Hatterene|Hatterene, F|100/100
|move|p1a: great donphan|Headlong Rush|p2a: Hatterene
|-damage|p2a: Hatterene|0 fnt
|-unboost|p1a: great donphan|def|1
|-unboost|p1a: great donphan|spd|1
|faint|p2a: Hatterene
|
|upkeep
|
|t:|1760404145
|switch|p2a: Raging Bolt|Raging Bolt|39/100
|turn|10
|
|t:|1760404149
|move|p2a: Raging Bolt|Draco Meteor|p1a: great donphan
|-damage|p1a: great donphan|0 fnt
|-unboost|p2a: Raging Bolt|spa|2
|faint|p1a: great donphan
|-end|p1a: great donphan|Protosynthesis|[silent]
|
|upkeep
|j| OP Earthquakes
|
|t:|1760404169
|switch|p1a: liting mcgoo|Deoxys-Speed|100/100
|-ability|p1a: liting mcgoo|Pressure
|turn|11
|
|t:|1760404174
|-end|p2a: Raging Bolt|Protosynthesis|[silent]
|switch|p2a: Slowking|Slowking-Galar, F|100/100
|move|p1a: liting mcgoo|Nasty Plot|p1a: liting mcgoo
|-boost|p1a: liting mcgoo|spa|2
|
|upkeep
|turn|12
|
|t:|1760404179
|switch|p2a: Meowscarada|Meowscarada, F, shiny|100/100
|move|p1a: liting mcgoo|Psycho Boost|p2a: Meowscarada
|-immune|p2a: Meowscarada
|
|upkeep
|turn|13
|
|t:|1760404182
|move|p2a: Meowscarada|U-turn|p1a: liting mcgoo
|-start|p2a: Meowscarada|typechange|Bug|[from] ability: Protean
|-supereffective|p1a: liting mcgoo
|-damage|p1a: liting mcgoo|9/100
|
|t:|1760404188
|switch|p2a: Slowking|Slowking-Galar, F|100/100|[from] U-turn
|move|p1a: liting mcgoo|Focus Blast|p2a: Slowking
|-resisted|p2a: Slowking
|-damage|p2a: Slowking|87/100
|-damage|p1a: liting mcgoo|0 fnt|[from] item: Life Orb
|faint|p1a: liting mcgoo
|
|upkeep
|
|t:|1760404193
|switch|p1a: Dnite|Dragonite, F|100/100
|turn|14
|
|t:|1760404210
|move|p1a: Dnite|Dragon Dance|p1a: Dnite
|-boost|p1a: Dnite|atk|1
|-boost|p1a: Dnite|spe|1
|move|p2a: Slowking|Ice Beam|p1a: Dnite
|-supereffective|p1a: Dnite
|-damage|p1a: Dnite|62/100
|
|upkeep
|turn|15
|
|t:|1760404213
|-terastallize|p2a: Slowking|Water
|move|p1a: Dnite|Earthquake|p2a: Slowking
|-damage|p2a: Slowking|26/100
|move|p2a: Slowking|Ice Beam|p1a: Dnite
|-supereffective|p1a: Dnite
|-damage|p1a: Dnite|0 fnt
|faint|p1a: Dnite
|
|upkeep
|
|t:|1760404226
|switch|p1a: glam glim|Enamorus, F|100/100
|turn|16
|
|t:|1760404229
|switch|p2a: Zapdos|Zapdos|55/100
|move|p1a: glam glim|Moonblast|p2a: Zapdos
|-crit|p2a: Zapdos
|-damage|p2a: Zapdos|0 fnt
|faint|p2a: Zapdos
|
|upkeep
|
|t:|1760404232
|switch|p2a: Meowscarada|Meowscarada, F, shiny|100/100
|turn|17
|
|t:|1760404237
|move|p2a: Meowscarada|Triple Axel|p1a: glam glim
|-start|p2a: Meowscarada|typechange|Ice|[from] ability: Protean
|-supereffective|p1a: glam glim
|-damage|p1a: glam glim|73/100
|-supereffective|p1a: glam glim
|-damage|p1a: glam glim|12/100
|-supereffective|p1a: glam glim
|-damage|p1a: glam glim|0 fnt
|faint|p1a: glam glim
|-hitcount|p1: glam glim|3
|
|upkeep
|
|t:|1760404240
|switch|p1a: which set?|Iron Valiant|100/100
|-enditem|p1a: which set?|Booster Energy
|-activate|p1a: which set?|ability: Quark Drive|[fromitem]
|-start|p1a: which set?|quarkdrivespe
|turn|18
|
|t:|1760404246
|move|p2a: Meowscarada|Triple Axel|p1a: which set?
|-damage|p1a: which set?|88/100
|-hitcount|p1a: which set?|1
|move|p1a: which set?|Swords Dance|p1a: which set?
|-boost|p1a: which set?|atk|2
|
|upkeep
|turn|19
|
|t:|1760404251
|move|p2a: Meowscarada|Triple Axel|p1a: which set?
|-damage|p1a: which set?|76/100
|-damage|p1a: which set?|52/100
|-damage|p1a: which set?|14/100
|-hitcount|p1a: which set?|3
|move|p1a: which set?|Spirit Break|p2a: Meowscarada
|-damage|p2a: Meowscarada|0 fnt
|faint|p2a: Meowscarada
|
|upkeep
|
|t:|1760404261
|switch|p2a: Great Tusk|Great Tusk|100/100
|turn|20
|
|t:|1760404266
|move|p1a: which set?|Spirit Break|p2a: Great Tusk
|-supereffective|p2a: Great Tusk
|-damage|p2a: Great Tusk|8/100
|-unboost|p2a: Great Tusk|spa|1
|move|p2a: Great Tusk|Headlong Rush|p1a: which set?
|-damage|p1a: which set?|0 fnt
|-unboost|p2a: Great Tusk|def|1
|-unboost|p2a: Great Tusk|spd|1
|faint|p1a: which set?
|-end|p1a: which set?|Quark Drive|[silent]
|
|win|lab addict
|raw|portobellomushroom's rating: 1515 &rarr; <strong>1498</strong><br />(-17 for losing)
|raw|lab addict's rating: 1570 &rarr; <strong>1587</strong><br />(+17 for winning)
|l|☆lab addict
|player|p2|
|c|☆portobellomushroom|gg
|l|☆portobellomushroom
|player|p1|
|l| OP Earthquakes
