|j|☆god of joe
|j|‽theonlydork
|t:|1760314949
|gametype|singles
|player|p1|god of joe|psychic-gen4|1680
|player|p2|theonlydork|102|1745
|gen|9
|tier|[Gen 9] OU
|rated|
|rule|HP Percentage Mod: HP is shown in percentages
|rule|Endless Battle Clause: Forcing endless battles is banned
|rule|Species Clause: Limit one of each Pokémon
|rule|OHKO Clause: OHKO moves are banned
|rule|Evasion Items Clause: Evasion items are banned
|rule|Evasion Moves Clause: Evasion moves are banned
|rule|Evasion Abilities Clause: Evasion abilities are banned
|rule|Sleep Moves Clause: Sleep-inducing moves are banned
|clearpoke
|poke|p1|Ninetales-Alola, M|
|poke|p1|Rillaboom, F|
|poke|p1|Ogerpon-Wellspring, F|
|poke|p1|Hatterene, F|
|poke|p1|Glimmora, F|
|poke|p1|Darkrai|
|poke|p2|Zamazenta-*|
|poke|p2|Ting-Lu|
|poke|p2|Glimmora, M|
|poke|p2|Gholdengo|
|poke|p2|Ogerpon-Wellspring, F|
|poke|p2|Dragonite, M|
|teampreview
|j| KappaHalo
|
|t:|1760314978
|teamsize|p1|6
|teamsize|p2|6
|start
|switch|p1a: Ninetales|Ninetales-Alola, M|100/100
|switch|p2a: Gholdengo|Gholdengo|100/100
|-weather|Snowscape|[from] ability: Snow Warning|[of] p1a: Ninetales
|turn|1
|
|t:|1760314985
|switch|p1a: Ogerpon|Ogerpon-Wellspring, F|100/100
|move|p2a: Gholdengo|Make It Rain|p1a: Ogerpon
|-resisted|p1a: Ogerpon
|-damage|p1a: Ogerpon|63/100
|-unboost|p2a: Gholdengo|spa|1
|
|-weather|Snowscape|[upkeep]
|upkeep
|turn|2
|
|t:|1760314994
|switch|p2a: Ogerpon|Ogerpon-Wellspring, F|100/100
|switch|p1a: Ninetales|Ninetales-Alola, M|100/100
|
|-weather|Snowscape|[upkeep]
|upkeep
|turn|3
|j| ty-tyui↻
|
|t:|1760315000
|move|p2a: Ogerpon|Ivy Cudgel|p1a: Ninetales|[anim] Ivy Cudgel Water
|-damage|p1a: Ninetales|54/100
|move|p1a: Ninetales|Aurora Veil|p1a: Ninetales
|-sidestart|p1: god of joe|move: Aurora Veil
|
|-weather|Snowscape|[upkeep]
|upkeep
|turn|4
|
|t:|1760315006
|switch|p2a: Gholdengo|Gholdengo|100/100
|switch|p1a: Rillaboom|Rillaboom, F|100/100
|-fieldstart|move: Grassy Terrain|[from] ability: Grassy Surge|[of] p1a: Rillaboom
|
|-weather|Snowscape|[upkeep]
|upkeep
|turn|5
|
|t:|1760315014
|move|p2a: Gholdengo|Trick|p1a: Rillaboom
|-activate|p2a: Gholdengo|move: Trick|[of] p1a: Rillaboom
|-item|p1a: Rillaboom|Choice Scarf|[from] move: Trick
|-item|p2a: Gholdengo|Terrain Extender|[from] move: Trick
|move|p1a: Rillaboom|Swords Dance|p1a: Rillaboom
|-boost|p1a: Rillaboom|atk|2
|
|-weather|none
|upkeep
|turn|6
|inactive|Battle timer is ON: inactive players will automatically lose when time's up. (requested by theonlydork)
|
|t:|1760315043
|switch|p1a: Darkrai|Darkrai|100/100
|switch|p2a: Ogerpon|Ogerpon-Wellspring, F|100/100
|
|upkeep
|turn|7
|inactive|god of joe has 120 seconds left.
|
|t:|1760315077
|move|p1a: Darkrai|Nasty Plot|p1a: Darkrai
|-boost|p1a: Darkrai|spa|2
|move|p2a: Ogerpon|Power Whip|p1a: Darkrai
|-damage|p1a: Darkrai|38/100
|
|-heal|p1a: Darkrai|44/100|[from] Grassy Terrain
|upkeep
|turn|8
|
|t:|1760315085
|switch|p2a: Ting-Lu|Ting-Lu|100/100
|-ability|p2a: Ting-Lu|Vessel of Ruin
|move|p1a: Darkrai|Dark Pulse|p2a: Ting-Lu
|-resisted|p2a: Ting-Lu
|-damage|p2a: Ting-Lu|72/100
|
|-heal|p1a: Darkrai|50/100|[from] Grassy Terrain
|-heal|p2a: Ting-Lu|79/100|[from] Grassy Terrain
|-heal|p2a: Ting-Lu|85/100|[from] item: Leftovers
|upkeep
|turn|9
|
|t:|1760315097
|switch|p2a: Glimmora|Glimmora, M|100/100
|-terastallize|p1a: Darkrai|Fairy
|move|p1a: Darkrai|Tera Blast|p2a: Glimmora|[anim] Tera Blast Fairy
|-resisted|p2a: Glimmora
|-damage|p2a: Glimmora|50/100
|-enditem|p2a: Glimmora|Red Card|[of] p1a: Darkrai
|drag|p1a: Glimmora|Glimmora, F|100/100
|
|-heal|p2a: Glimmora|56/100|[from] Grassy Terrain
|upkeep
|turn|10
|
|t:|1760315109
|move|p1a: Glimmora|Earth Power|p2a: Glimmora
|-supereffective|p2a: Glimmora
|-damage|p2a: Glimmora|0 fnt
|faint|p2a: Glimmora
|
|-sideend|p1: god of joe|move: Aurora Veil
|upkeep
|
|t:|1760315119
|switch|p2a: Ogerpon|Ogerpon-Wellspring, F|100/100
|turn|11
|
|t:|1760315127
|switch|p1a: Ogerpon|Ogerpon-Wellspring, F|63/100
|move|p2a: Ogerpon|Power Whip|p1a: Ogerpon
|-damage|p1a: Ogerpon|0 fnt
|faint|p1a: Ogerpon
|
|-fieldend|move: Grassy Terrain
|upkeep
|
|t:|1760315129
|switch|p1a: Ninetales|Ninetales-Alola, M|54/100
|-weather|Snowscape|[from] ability: Snow Warning|[of] p1a: Ninetales
|turn|12
|
|t:|1760315140
|move|p2a: Ogerpon|Power Whip|p1a: Ninetales
|-damage|p1a: Ninetales|0 fnt
|faint|p1a: Ninetales
|
|-weather|Snowscape|[upkeep]
|upkeep
|l|☆god of joe
|inactive|god of joe disconnected and has a minute to reconnect!
|player|p1|
|j|☆god of joe
|inactive|god of joe reconnected and has 115 seconds left.
|player|p1|god of joe|psychic-gen4|
|
|t:|1760315180
|switch|p1a: Rillaboom|Rillaboom, F|100/100
|-fieldstart|move: Grassy Terrain|[from] ability: Grassy Surge|[of] p1a: Rillaboom
|turn|13
|inactive|theonlydork has 120 seconds left.
|j| fffggghhhh
|inactive|theonlydork has 90 seconds left.
|
|t:|1760315248
|move|p1a: Rillaboom|Swords Dance|p1a: Rillaboom
|-boost|p1a: Rillaboom|atk|2
|move|p2a: Ogerpon|Power Whip|p1a: Rillaboom
|-resisted|p1a: Rillaboom
|-damage|p1a: Rillaboom|48/100
|
|-weather|Snowscape|[upkeep]
|-heal|p1a: Rillaboom|54/100|[from] Grassy Terrain
|upkeep
|turn|14
|inactive|theonlydork has 90 seconds left.
|
|t:|1760315258
|switch|p1a: Darkrai|Darkrai, tera:Fairy|50/100
|move|p2a: Ogerpon|Ivy Cudgel|p1a: Darkrai|[anim] Ivy Cudgel Water
|-damage|p1a: Darkrai|0 fnt
|faint|p1a: Darkrai
|
|-weather|Snowscape|[upkeep]
|upkeep
|
|t:|1760315260
|switch|p1a: Hatterene|Hatterene, F|100/100
|-enditem|p1a: Hatterene|Grassy Seed
|-boost|p1a: Hatterene|def|1|[from] item: Grassy Seed
|turn|15
|
|t:|1760315267
|switch|p2a: Gholdengo|Gholdengo|100/100
|move|p1a: Hatterene|Agility|p1a: Hatterene
|-boost|p1a: Hatterene|spe|2
|
|-weather|Snowscape|[upkeep]
|upkeep
|turn|16
|inactive|god of joe has 120 seconds left.
|
|t:|1760315302
|-terastallize|p2a: Gholdengo|Steel
|move|p1a: Hatterene|Calm Mind|p1a: Hatterene
|-boost|p1a: Hatterene|spa|1
|-boost|p1a: Hatterene|spd|1
|move|p2a: Gholdengo|Make It Rain|p1a: Hatterene
|-supereffective|p1a: Hatterene
|-crit|p1a: Hatterene
|-damage|p1a: Hatterene|0 fnt
|-unboost|p2a: Gholdengo|spa|1
|faint|p1a: Hatterene
|
|-weather|none
|upkeep
|-message|god of joe forfeited.
|
|win|theonlydork
|raw|god of joe's rating: 1680 &rarr; <strong>1664</strong><br />(-16 for losing)
|raw|theonlydork's rating: 1745 &rarr; <strong>1761</strong><br />(+16 for winning)
|l|☆god of joe
|player|p1|
