|j|☆wysenberg
|j|☆mmhyw
|t:|1760354931
|gametype|singles
|player|p1|wysenberg|170|1003
|player|p2|mmhyw|unknownf|1064
|gen|9
|tier|[Gen 9] OU
|rated|
|rule|HP Percentage Mod: HP is shown in percentages
|rule|Endless Battle Clause: Forcing endless battles is banned
|rule|Species Clause: Limit one of each Pokémon
|rule|OHKO Clause: OHKO moves are banned
|rule|Evasion Items Clause: Evasion items are banned
|rule|Evasion Moves Clause: Evasion moves are banned
|rule|Evasion Abilities Clause: Evasion abilities are banned
|rule|Sleep Moves Clause: Sleep-inducing moves are banned
|clearpoke
|poke|p1|Alomomola, M|
|poke|p1|Iron Treads|
|poke|p1|Slowking-Galar, M|
|poke|p1|Landorus-Therian, M|
|poke|p1|Raging Bolt|
|poke|p1|Hatterene, F|
|poke|p2|Dragonite, M|
|poke|p2|Ting-Lu|
|poke|p2|Landorus-Therian, M|
|poke|p2|Gengar, M|
|poke|p2|Ogerpon, F|
|poke|p2|Jirachi|
|teampreview
|inactive|Battle timer is ON: inactive players will automatically lose when time's up. (requested by wysenberg)
|
|t:|1760354961
|teamsize|p1|6
|teamsize|p2|6
|start
|switch|p1a: Alomomola|Alomomola, M|100/100
|switch|p2a: 七星于勒|Jirachi|100/100
|turn|1
|
|t:|1760354971
|switch|p1a: Landorus|Landorus-Therian, M|100/100
|-ability|p1a: Landorus|Intimidate|boost
|-unboost|p2a: 七星于勒|atk|1
|move|p2a: 七星于勒|Metronome|p2a: 七星于勒
|move|p2a: 七星于勒|Extreme Speed|p1a: Landorus|[from] move: Metronome
|-damage|p1a: Landorus|84/100
|
|upkeep
|turn|2
|
|t:|1760354992
|move|p2a: 七星于勒|Protect|p2a: 七星于勒
|-singleturn|p2a: 七星于勒|Protect
|move|p1a: Landorus|Earthquake|p2a: 七星于勒
|-activate|p2a: 七星于勒|move: Protect
|
|upkeep
|turn|3
|
|t:|1760355000
|move|p2a: 七星于勒|Wish|p2a: 七星于勒
|move|p1a: Landorus|U-turn|p2a: 七星于勒
|-damage|p2a: 七星于勒|73/100
|
|t:|1760355005
|switch|p1a: Iron Treads|Iron Treads|100/100|[from] U-turn
|-enditem|p1a: Iron Treads|Booster Energy
|-activate|p1a: Iron Treads|ability: Quark Drive|[fromitem]
|-start|p1a: Iron Treads|quarkdrivespe
|
|-heal|p2a: 七星于勒|79/100|[from] item: Leftovers
|upkeep
|turn|4
|
|t:|1760355014
|move|p1a: Iron Treads|Stealth Rock|p2a: 七星于勒
|-sidestart|p2: mmhyw|move: Stealth Rock
|move|p2a: 七星于勒|Metronome|p2a: 七星于勒
|move|p2a: 七星于勒|Dragon Tail|p1a: Iron Treads|[from] move: Metronome
|-resisted|p1a: Iron Treads
|-damage|p1a: Iron Treads|95/100
|-end|p1a: Iron Treads|Quark Drive|[silent]
|drag|p1a: Slowking|Slowking-Galar, M|100/100
|
|-heal|p2a: 七星于勒|100/100|[from] move: Wish|[wisher] 七星于勒
|upkeep
|turn|5
|
|t:|1760355039
|move|p2a: 七星于勒|Metronome|p2a: 七星于勒
|move|p2a: 七星于勒|Razor Shell|p1a: Slowking|[from] move: Metronome
|-damage|p1a: Slowking|86/100
|-unboost|p1a: Slowking|def|1
|move|p1a: Slowking|Future Sight|p2a: 七星于勒
|-start|p1a: Slowking|move: Future Sight
|
|-heal|p1a: Slowking|92/100|[from] item: Leftovers
|upkeep
|turn|6
|
|t:|1760355049
|move|p2a: 七星于勒|Metronome|p2a: 七星于勒
|move|p2a: 七星于勒|Aeroblast|p1a: Slowking|[from] move: Metronome
|-damage|p1a: Slowking|79/100
|move|p1a: Slowking|Flamethrower|p2a: 七星于勒
|-supereffective|p2a: 七星于勒
|-damage|p2a: 七星于勒|55/100
|
|-heal|p2a: 七星于勒|61/100|[from] item: Leftovers
|-heal|p1a: Slowking|85/100|[from] item: Leftovers
|upkeep
|turn|7
|
|t:|1760355060
|move|p2a: 七星于勒|Protect|p2a: 七星于勒
|-singleturn|p2a: 七星于勒|Protect
|move|p1a: Slowking|Flamethrower|p2a: 七星于勒
|-activate|p2a: 七星于勒|move: Protect
|
|-end|p2a: 七星于勒|move: Future Sight
|-resisted|p2a: 七星于勒
|-damage|p2a: 七星于勒|50/100
|-heal|p2a: 七星于勒|56/100|[from] item: Leftovers
|-heal|p1a: Slowking|91/100|[from] item: Leftovers
|upkeep
|turn|8
|
|t:|1760355071
|move|p2a: 七星于勒|Wish|p2a: 七星于勒
|move|p1a: Slowking|Flamethrower|p2a: 七星于勒
|-supereffective|p2a: 七星于勒
|-damage|p2a: 七星于勒|13/100
|
|-heal|p2a: 七星于勒|19/100|[from] item: Leftovers
|-heal|p1a: Slowking|97/100|[from] item: Leftovers
|upkeep
|turn|9
|
|t:|1760355079
|move|p2a: 七星于勒|Protect|p2a: 七星于勒
|-singleturn|p2a: 七星于勒|Protect
|move|p1a: Slowking|Future Sight|p2a: 七星于勒
|-start|p1a: Slowking|move: Future Sight
|
|-heal|p2a: 七星于勒|69/100|[from] move: Wish|[wisher] 七星于勒
|-heal|p2a: 七星于勒|75/100|[from] item: Leftovers
|-heal|p1a: Slowking|100/100|[from] item: Leftovers
|upkeep
|turn|10
|
|t:|1760355089
|move|p2a: 七星于勒|Wish|p2a: 七星于勒
|move|p1a: Slowking|Flamethrower|p2a: 七星于勒
|-supereffective|p2a: 七星于勒
|-damage|p2a: 七星于勒|33/100
|
|-heal|p2a: 七星于勒|39/100|[from] item: Leftovers
|upkeep
|turn|11
|
|t:|1760355101
|switch|p1a: Raging Bolt|Raging Bolt|100/100
|-item|p1a: Raging Bolt|Air Balloon
|move|p2a: 七星于勒|Protect||[still]
|-fail|p2a: 七星于勒
|
|-end|p2a: 七星于勒|move: Future Sight
|-resisted|p2a: 七星于勒
|-crit|p2a: 七星于勒
|-damage|p2a: 七星于勒|23/100
|-heal|p2a: 七星于勒|73/100|[from] move: Wish|[wisher] 七星于勒
|-heal|p2a: 七星于勒|79/100|[from] item: Leftovers
|upkeep
|turn|12
|
|t:|1760355116
|move|p2a: 七星于勒|Last Resort|p1a: Raging Bolt
|-damage|p1a: Raging Bolt|79/100
|-enditem|p1a: Raging Bolt|Air Balloon
|move|p1a: Raging Bolt|Thunder Wave|p2a: 七星于勒
|-status|p2a: 七星于勒|par
|
|-heal|p2a: 七星于勒|85/100 par|[from] item: Leftovers
|upkeep
|turn|13
|
|t:|1760355130
|move|p1a: Raging Bolt|Volt Switch|p2a: 七星于勒
|-damage|p2a: 七星于勒|44/100 par
|
|t:|1760355135
|-end|p1a: Raging Bolt|Protosynthesis|[silent]
|switch|p1a: Slowking|Slowking-Galar, M|100/100|[from] Volt Switch
|cant|p2a: 七星于勒|par
|
|-heal|p2a: 七星于勒|50/100 par|[from] item: Leftovers
|upkeep
|turn|14
|
|t:|1760355145
|cant|p2a: 七星于勒|par
|move|p1a: Slowking|Future Sight|p2a: 七星于勒
|-start|p1a: Slowking|move: Future Sight
|
|-heal|p2a: 七星于勒|56/100 par|[from] item: Leftovers
|upkeep
|turn|15
|
|t:|1760355154
|switch|p1a: Alomomola|Alomomola, M|100/100
|move|p2a: 七星于勒|Wish|p2a: 七星于勒
|
|-heal|p2a: 七星于勒|62/100 par|[from] item: Leftovers
|upkeep
|turn|16
|
|t:|1760355162
|move|p1a: Alomomola|Wish|p1a: Alomomola
|move|p2a: 七星于勒|Last Resort|p1a: Alomomola
|-damage|p1a: Alomomola|80/100
|
|-end|p2a: 七星于勒|move: Future Sight
|-resisted|p2a: 七星于勒
|-damage|p2a: 七星于勒|51/100 par
|-heal|p2a: 七星于勒|100/100 par|[from] move: Wish|[wisher] 七星于勒
|-heal|p1a: Alomomola|86/100|[from] item: Leftovers
|upkeep
|turn|17
|
|t:|1760355173
|switch|p1a: Raging Bolt|Raging Bolt|79/100
|move|p2a: 七星于勒|Metronome|p2a: 七星于勒
|move|p2a: 七星于勒|Entrainment|p1a: Raging Bolt|[from] move: Metronome
|-end|p1a: Raging Bolt|Protosynthesis|[silent]
|-ability|p1a: Raging Bolt|Serene Grace|Protosynthesis|[from] move: Entrainment|[of] p2a: 七星于勒
|
|-heal|p1a: Raging Bolt|100/100|[from] move: Wish|[wisher] Alomomola
|upkeep
|turn|18
|
|t:|1760355201
|move|p1a: Raging Bolt|Volt Switch|p2a: 七星于勒
|-crit|p2a: 七星于勒
|-damage|p2a: 七星于勒|38/100 par
|
|t:|1760355206
|switch|p1a: Alomomola|Alomomola, M|100/100|[from] Volt Switch
|move|p2a: 七星于勒|Metronome|p2a: 七星于勒
|move|p2a: 七星于勒|Body Slam|p1a: Alomomola|[from] move: Metronome
|-damage|p1a: Alomomola|90/100
|
|-heal|p1a: Alomomola|96/100|[from] item: Leftovers
|-heal|p2a: 七星于勒|44/100 par|[from] item: Leftovers
|upkeep
|turn|19
|
|t:|1760355223
|move|p1a: Alomomola|Wish|p1a: Alomomola
|move|p2a: 七星于勒|Wish|p2a: 七星于勒
|
|-heal|p1a: Alomomola|100/100|[from] item: Leftovers
|-heal|p2a: 七星于勒|50/100 par|[from] item: Leftovers
|upkeep
|turn|20
|
|t:|1760355230
|switch|p1a: Landorus|Landorus-Therian, M|84/100
|-ability|p1a: Landorus|Intimidate|boost
|-unboost|p2a: 七星于勒|atk|1
|move|p2a: 七星于勒|Metronome|p2a: 七星于勒
|move|p2a: 七星于勒|Shadow Ball|p1a: Landorus|[from] move: Metronome
|-damage|p1a: Landorus|69/100
|
|-heal|p1a: Landorus|100/100|[from] move: Wish|[wisher] Alomomola
|-heal|p2a: 七星于勒|99/100 par|[from] move: Wish|[wisher] 七星于勒
|-heal|p2a: 七星于勒|100/100 par|[from] item: Leftovers
|upkeep
|turn|21
|
|t:|1760355245
|move|p1a: Landorus|U-turn|p2a: 七星于勒
|-damage|p2a: 七星于勒|73/100 par
|
|t:|1760355248
|switch|p1a: Slowking|Slowking-Galar, M|100/100|[from] U-turn
|move|p2a: 七星于勒|Metronome|p2a: 七星于勒
|move|p2a: 七星于勒|Ice Hammer|p1a: Slowking|[from] move: Metronome
|-damage|p1a: Slowking|87/100
|-unboost|p2a: 七星于勒|spe|1
|
|-heal|p2a: 七星于勒|79/100 par|[from] item: Leftovers
|-heal|p1a: Slowking|93/100|[from] item: Leftovers
|upkeep
|turn|22
|inactive|mmhyw has 120 seconds left.
|
|t:|1760355277
|switch|p2a: 提醒我了|Ting-Lu|100/100
|-damage|p2a: 提醒我了|94/100|[from] Stealth Rock
|-ability|p2a: 提醒我了|Vessel of Ruin
|move|p1a: Slowking|Future Sight|p2a: 提醒我了
|-start|p1a: Slowking|move: Future Sight
|
|-heal|p2a: 提醒我了|100/100|[from] item: Leftovers
|-heal|p1a: Slowking|99/100|[from] item: Leftovers
|upkeep
|turn|23
|inactive|mmhyw has 120 seconds left.
|
|t:|1760355293
|switch|p1a: Alomomola|Alomomola, M|100/100
|move|p2a: 提醒我了|Stealth Rock|p1a: Alomomola
|-sidestart|p1: wysenberg|move: Stealth Rock
|
|upkeep
|turn|24
|inactive|mmhyw has 120 seconds left.
|
|t:|1760355304
|move|p1a: Alomomola|Ice Beam|p2a: 提醒我了
|-supereffective|p2a: 提醒我了
|-damage|p2a: 提醒我了|89/100
|-status|p2a: 提醒我了|frz
|cant|p2a: 提醒我了|frz
|
|-end|p2a: 提醒我了|move: Future Sight
|-immune|p2a: 提醒我了
|-heal|p2a: 提醒我了|95/100 frz|[from] item: Leftovers
|upkeep
|turn|25
|
|t:|1760355315
|switch|p1a: Iron Treads|Iron Treads|95/100
|-damage|p1a: Iron Treads|92/100|[from] Stealth Rock
|cant|p2a: 提醒我了|frz
|
|-heal|p2a: 提醒我了|100/100 frz|[from] item: Leftovers
|upkeep
|turn|26
|
|t:|1760355326
|move|p1a: Iron Treads|Rapid Spin|p2a: 提醒我了
|-damage|p2a: 提醒我了|92/100 frz
|-boost|p1a: Iron Treads|spe|1
|-sideend|p1: wysenberg|Stealth Rock|[from] move: Rapid Spin|[of] p1a: Iron Treads
|cant|p2a: 提醒我了|frz
|
|-heal|p2a: 提醒我了|98/100 frz|[from] item: Leftovers
|upkeep
|turn|27
|
|t:|1760355335
|-end|p1a: Iron Treads|Quark Drive|[silent]
|switch|p1a: Raging Bolt|Raging Bolt|100/100
|-curestatus|p2a: 提醒我了|frz|[msg]
|move|p2a: 提醒我了|Stealth Rock|p1a: Raging Bolt
|-sidestart|p1: wysenberg|move: Stealth Rock
|
|-heal|p2a: 提醒我了|100/100|[from] item: Leftovers
|upkeep
|turn|28
|
|t:|1760355345
|move|p1a: Raging Bolt|Draco Meteor|p2a: 提醒我了
|-damage|p2a: 提醒我了|54/100
|-unboost|p1a: Raging Bolt|spa|2
|move|p2a: 提醒我了|Whirlwind|p1a: Raging Bolt
|-end|p1a: Raging Bolt|Protosynthesis|[silent]
|drag|p1a: Hatterene|Hatterene, F|100/100
|-damage|p1a: Hatterene|88/100|[from] Stealth Rock
|
|-heal|p2a: 提醒我了|60/100|[from] item: Leftovers
|upkeep
|turn|29
|
|t:|1760355359
|move|p2a: 提醒我了|Heavy Slam|p1a: Hatterene
|-supereffective|p1a: Hatterene
|-damage|p1a: Hatterene|0 fnt
|faint|p1a: Hatterene
|
|-heal|p2a: 提醒我了|66/100|[from] item: Leftovers
|upkeep
|-message|wysenberg forfeited.
|
|win|mmhyw
|raw|wysenberg's rating: 1003 &rarr; <strong>1000</strong><br />(-3 for losing)
|raw|mmhyw's rating: 1064 &rarr; <strong>1089</strong><br />(+25 for winning)
|l|☆wysenberg
|player|p1|
