|j|☆Ooxygen
|j|☆karuaan
|t:|1760415783
|gametype|singles
|player|p1|Ooxygen|170|1197
|player|p2|karuaan|169|1225
|gen|9
|tier|[Gen 9] OU
|rated|
|rule|HP Percentage Mod: HP is shown in percentages
|rule|Endless Battle Clause: Forcing endless battles is banned
|rule|Species Clause: Limit one of each Pokémon
|rule|OHKO Clause: OHKO moves are banned
|rule|Evasion Items Clause: Evasion items are banned
|rule|Evasion Moves Clause: Evasion moves are banned
|rule|Evasion Abilities Clause: Evasion abilities are banned
|rule|Sleep Moves Clause: Sleep-inducing moves are banned
|clearpoke
|poke|p1|Hatterene, F|
|poke|p1|Skeledirge, F|
|poke|p1|Meowscarada, F|
|poke|p1|Quaquaval, F|
|poke|p1|Kyurem|
|poke|p1|Dragonair, F|
|poke|p2|Rillaboom, F|
|poke|p2|Moltres|
|poke|p2|Primarina, F|
|poke|p2|Raging Bolt|
|poke|p2|Iron Crown|
|poke|p2|Great Tusk|
|teampreview
|
|t:|1760415791
|teamsize|p1|6
|teamsize|p2|6
|start
|switch|p1a: Jess|Hatterene, F, shiny|100/100
|switch|p2a: Moltres|Moltres|100/100
|turn|1
|l|☆Ooxygen
|player|p1|
|j|☆Ooxygen
|player|p1|Ooxygen|170|
|
|t:|1760415824
|move|p2a: Moltres|Flamethrower|p1a: Jess
|-damage|p1a: Jess|59/100
|move|p1a: Jess|Calm Mind|p1a: Jess
|-boost|p1a: Jess|spa|1
|-boost|p1a: Jess|spd|1
|
|upkeep
|turn|2
|
|t:|1760415836
|move|p2a: Moltres|U-turn|p1a: Jess
|-damage|p1a: Jess|48/100
|l|☆Ooxygen
|player|p1|
|
|t:|1760415839
|switch|p2a: Iron Crown|Iron Crown|100/100|[from] U-turn
|move|p1a: Jess|Psyshock|p2a: Iron Crown
|-resisted|p2a: Iron Crown
|-damage|p2a: Iron Crown|86/100
|
|upkeep
|turn|3
|j|☆Ooxygen
|player|p1|Ooxygen|170|
|l|☆Ooxygen
|player|p1|
|j|☆Ooxygen
|player|p1|Ooxygen|170|
|inactive|Battle timer is ON: inactive players will automatically lose when time's up. (requested by karuaan)
|
|t:|1760415889
|switch|p1a: Skeledirge|Skeledirge, F, shiny|100/100
|move|p2a: Iron Crown|Tachyon Cutter|p1a: Skeledirge
|-resisted|p1a: Skeledirge
|-damage|p1a: Skeledirge|91/100
|-resisted|p1a: Skeledirge
|-damage|p1a: Skeledirge|82/100
|-hitcount|p1a: Skeledirge|2
|
|upkeep
|turn|4
|
|t:|1760415903
|-end|p2a: Iron Crown|Quark Drive|[silent]
|switch|p2a: Moltres|Moltres|100/100
|move|p1a: Skeledirge|Torch Song|p2a: Moltres
|-resisted|p2a: Moltres
|-damage|p2a: Moltres|86/100
|-boost|p1a: Skeledirge|spa|1
|
|upkeep
|turn|5
|l|☆Ooxygen
|inactive|Ooxygen disconnected and has a minute to reconnect!
|player|p1|
|inactive|Ooxygen has 30 seconds to reconnect!
|inactive|Ooxygen has 20 seconds to reconnect!
|j|☆Ooxygen
|inactive|Ooxygen reconnected and has 105 seconds left.
|player|p1|Ooxygen|170|
|
|t:|1760415957
|move|p2a: Moltres|Flamethrower|p1a: Skeledirge
|-resisted|p1a: Skeledirge
|-damage|p1a: Skeledirge|67/100
|move|p1a: Skeledirge|Torch Song|p2a: Moltres
|-resisted|p2a: Moltres
|-damage|p2a: Moltres|64/100
|-boost|p1a: Skeledirge|spa|1
|
|upkeep
|turn|6
|
|t:|1760415968
|move|p2a: Moltres|Flamethrower|p1a: Skeledirge
|-resisted|p1a: Skeledirge
|-damage|p1a: Skeledirge|52/100
|move|p1a: Skeledirge|Torch Song|p2a: Moltres
|-resisted|p2a: Moltres
|-damage|p2a: Moltres|34/100
|-boost|p1a: Skeledirge|spa|1
|
|upkeep
|turn|7
|
|t:|1760415976
|switch|p2a: Primarina|Primarina, F|100/100
|move|p1a: Skeledirge|Slack Off|p1a: Skeledirge
|-heal|p1a: Skeledirge|100/100
|
|upkeep
|turn|8
|
|t:|1760415983
|-terastallize|p1a: Skeledirge|Fairy
|move|p2a: Primarina|Surf|p1a: Skeledirge
|-crit|p1a: Skeledirge
|-damage|p1a: Skeledirge|39/100
|move|p1a: Skeledirge|Shadow Ball|p2a: Primarina
|-damage|p2a: Primarina|53/100
|
|upkeep
|turn|9
|
|t:|1760415994
|move|p2a: Primarina|Psychic Noise|p1a: Skeledirge
|-damage|p1a: Skeledirge|18/100
|-start|p1a: Skeledirge|move: Heal Block
|move|p1a: Skeledirge|Shadow Ball|p2a: Primarina
|-damage|p2a: Primarina|1/100
|
|upkeep
|turn|10
|
|t:|1760416007
|move|p2a: Primarina|Surf|p1a: Skeledirge
|-damage|p1a: Skeledirge|0 fnt
|faint|p1a: Skeledirge
|
|upkeep
|
|t:|1760416010
|switch|p1a: Meowscarada|Meowscarada, F, shiny|100/100
|turn|11
|
|t:|1760416019
|switch|p2a: Moltres|Moltres|34/100
|move|p1a: Meowscarada|U-turn|p2a: Moltres
|-start|p1a: Meowscarada|typechange|Bug|[from] ability: Protean
|-resisted|p2a: Moltres
|-damage|p2a: Moltres|28/100
|
|t:|1760416028
|switch|p1a: Kyurem|Kyurem, shiny|100/100|[from] U-turn
|-ability|p1a: Kyurem|Pressure
|
|upkeep
|turn|12
|
|t:|1760416039
|move|p1a: Kyurem|Scale Shot|p2a: Moltres
|-damage|p2a: Moltres|19/100
|-crit|p2a: Moltres
|-damage|p2a: Moltres|5/100
|-damage|p2a: Moltres|0 fnt
|faint|p2a: Moltres
|-hitcount|p2: Moltres|3
|-unboost|p1a: Kyurem|def|1
|-boost|p1a: Kyurem|spe|1
|
|upkeep
|l|☆Ooxygen
|inactive|Ooxygen disconnected and has a minute to reconnect!
|player|p1|
|
|t:|1760416048
|switch|p2a: Iron Crown|Iron Crown|86/100
|turn|13
|j|☆Ooxygen
|inactive|Ooxygen reconnected and has 140 seconds left.
|player|p1|Ooxygen|170|
|inactive|Ooxygen has 120 seconds left.
|
|t:|1760416082
|switch|p1a: Quaquaval|Quaquaval, F|100/100
|move|p2a: Iron Crown|Tachyon Cutter|p1a: Quaquaval
|-resisted|p1a: Quaquaval
|-damage|p1a: Quaquaval|88/100
|-resisted|p1a: Quaquaval
|-damage|p1a: Quaquaval|77/100
|-hitcount|p1a: Quaquaval|2
|
|upkeep
|turn|14
|
|t:|1760416090
|-end|p2a: Iron Crown|Quark Drive|[silent]
|switch|p2a: Primarina|Primarina, F|1/100
|move|p1a: Quaquaval|Knock Off|p2a: Primarina
|-resisted|p2a: Primarina
|-damage|p2a: Primarina|0 fnt
|-enditem|p2a: Primarina|Assault Vest|[from] move: Knock Off|[of] p1a: Quaquaval
|faint|p2a: Primarina
|-ability|p1a: Quaquaval|Moxie|boost
|-boost|p1a: Quaquaval|atk|1
|
|upkeep
|
|t:|1760416099
|switch|p2a: Rillaboom|Rillaboom, F|100/100
|-fieldstart|move: Grassy Terrain|[from] ability: Grassy Surge|[of] p2a: Rillaboom
|turn|15
|c|☆Ooxygen|Breh
|
|t:|1760416107
|switch|p1a: Kyurem|Kyurem, shiny|100/100
|-ability|p1a: Kyurem|Pressure
|move|p2a: Rillaboom|U-turn|p1a: Kyurem
|-damage|p1a: Kyurem|61/100
|
|t:|1760416113
|switch|p2a: Iron Crown|Iron Crown|86/100|[from] U-turn
|
|-heal|p2a: Iron Crown|92/100|[from] Grassy Terrain
|-heal|p1a: Kyurem|68/100|[from] Grassy Terrain
|upkeep
|turn|16
|
|t:|1760416125
|move|p2a: Iron Crown|Volt Switch|p1a: Kyurem
|-resisted|p1a: Kyurem
|-damage|p1a: Kyurem|55/100
|
|t:|1760416130
|-end|p2a: Iron Crown|Quark Drive|[silent]
|switch|p2a: Raging Bolt|Raging Bolt|100/100|[from] Volt Switch
|-enditem|p2a: Raging Bolt|Booster Energy
|-activate|p2a: Raging Bolt|ability: Protosynthesis|[fromitem]
|-start|p2a: Raging Bolt|protosynthesisspa
|move|p1a: Kyurem|Scale Shot|p2a: Raging Bolt
|-supereffective|p2a: Raging Bolt
|-damage|p2a: Raging Bolt|77/100
|-supereffective|p2a: Raging Bolt
|-crit|p2a: Raging Bolt
|-damage|p2a: Raging Bolt|38/100
|-supereffective|p2a: Raging Bolt
|-damage|p2a: Raging Bolt|13/100
|-supereffective|p2a: Raging Bolt
|-damage|p2a: Raging Bolt|0 fnt
|faint|p2a: Raging Bolt
|-end|p2a: Raging Bolt|Protosynthesis|[silent]
|-hitcount|p2: Raging Bolt|4
|-unboost|p1a: Kyurem|def|1
|-boost|p1a: Kyurem|spe|1
|
|-heal|p1a: Kyurem|62/100|[from] Grassy Terrain
|upkeep
|
|t:|1760416147
|switch|p2a: Iron Crown|Iron Crown|92/100
|turn|17
|
|t:|1760416151
|switch|p1a: Quaquaval|Quaquaval, F|77/100
|move|p2a: Iron Crown|Tachyon Cutter|p1a: Quaquaval
|-resisted|p1a: Quaquaval
|-damage|p1a: Quaquaval|66/100
|-resisted|p1a: Quaquaval
|-damage|p1a: Quaquaval|55/100
|-hitcount|p1a: Quaquaval|2
|
|-heal|p2a: Iron Crown|99/100|[from] Grassy Terrain
|-heal|p1a: Quaquaval|61/100|[from] Grassy Terrain
|upkeep
|turn|18
|
|t:|1760416170
|-end|p2a: Iron Crown|Quark Drive|[silent]
|switch|p2a: Great Tusk|Great Tusk|100/100
|move|p1a: Quaquaval|Aqua Step|p2a: Great Tusk
|-supereffective|p2a: Great Tusk
|-damage|p2a: Great Tusk|42/100
|-boost|p1a: Quaquaval|spe|1
|
|-heal|p1a: Quaquaval|67/100|[from] Grassy Terrain
|-heal|p2a: Great Tusk|48/100|[from] Grassy Terrain
|upkeep
|turn|19
|c|☆Ooxygen|So
|c|☆Ooxygen|btw
|c|☆Ooxygen|ur iron crown is faster
|c|☆Ooxygen|unless you not max spees
|inactive|Ooxygen has 120 seconds left.
|c|☆karuaan|you think i dont know lol
|l|☆Ooxygen
|inactive|Ooxygen disconnected and has a minute to reconnect!
|player|p1|
|j|☆Ooxygen
|inactive|Ooxygen reconnected and has 110 seconds left.
|player|p1|Ooxygen|170|
|
|t:|1760416224
|move|p1a: Quaquaval|Aqua Step|p2a: Great Tusk
|-supereffective|p2a: Great Tusk
|-damage|p2a: Great Tusk|0 fnt
|-boost|p1a: Quaquaval|spe|1
|faint|p2a: Great Tusk
|-end|p2a: Great Tusk|Protosynthesis|[silent]
|-ability|p1a: Quaquaval|Moxie|boost
|-boost|p1a: Quaquaval|atk|1
|
|-heal|p1a: Quaquaval|73/100|[from] Grassy Terrain
|-fieldend|move: Grassy Terrain
|upkeep
|c|☆Ooxygen|Oh ok
|
|t:|1760416233
|switch|p2a: Rillaboom|Rillaboom, F|100/100
|-fieldstart|move: Grassy Terrain|[from] ability: Grassy Surge|[of] p2a: Rillaboom
|turn|20
|inactive|Ooxygen has 90 seconds left.
|c|☆karuaan|i also dont get why you stayed in on kyu
|c|☆karuaan|vs my crown
|c|☆Ooxygen|Oh
|inactive|Ooxygen has 60 seconds left.
|c|☆Ooxygen|i was like f it
|c|☆karuaan|kyu is like my biggest threat
|
|t:|1760416311
|switch|p1a: Jess|Hatterene, F, shiny|48/100
|move|p2a: Rillaboom|Knock Off|p1a: Jess
|-damage|p1a: Jess|1/100
|-enditem|p1a: Jess|Custap Berry|[from] move: Knock Off|[of] p2a: Rillaboom
|
|-heal|p1a: Jess|7/100|[from] Grassy Terrain
|upkeep
|turn|21
|c|☆karuaan|you kinda win with it if not for crown
|c|☆Ooxygen|Thats amazing
|c|☆Ooxygen|OH NO
|c|☆Ooxygen|U KNOCKED IT OFFFF
|inactive|Ooxygen has 30 seconds left.
|
|t:|1760416341
|move|p2a: Rillaboom|Knock Off|p1a: Jess
|-damage|p1a: Jess|0 fnt
|faint|p1a: Jess
|
|upkeep
|inactive|Ooxygen has 30 seconds left.
|
|t:|1760416354
|switch|p1a: Meowscarada|Meowscarada, F, shiny|100/100
|turn|22
|
|t:|1760416361
|move|p1a: Meowscarada|Triple Axel|p2a: Rillaboom
|-start|p1a: Meowscarada|typechange|Ice|[from] ability: Protean
|-supereffective|p2a: Rillaboom
|-damage|p2a: Rillaboom|78/100
|-supereffective|p2a: Rillaboom
|-damage|p2a: Rillaboom|35/100
|-supereffective|p2a: Rillaboom
|-damage|p2a: Rillaboom|0 fnt
|faint|p2a: Rillaboom
|-hitcount|p2: Rillaboom|3
|
|upkeep
|
|t:|1760416370
|switch|p2a: Iron Crown|Iron Crown|99/100
|turn|23
|
|t:|1760416379
|switch|p1a: Dragonair|Dragonair, F, shiny|100/100
|-terastallize|p2a: Iron Crown|Steel
|move|p2a: Iron Crown|Tachyon Cutter|p1a: Dragonair
|-damage|p1a: Dragonair|61/100
|-damage|p1a: Dragonair|20/100
|-hitcount|p1a: Dragonair|2
|
|-heal|p2a: Iron Crown|100/100|[from] Grassy Terrain
|-heal|p1a: Dragonair|26/100|[from] Grassy Terrain
|upkeep
|turn|24
|
|t:|1760416387
|move|p1a: Dragonair|Extreme Speed|p2a: Iron Crown
|-resisted|p2a: Iron Crown
|-damage|p2a: Iron Crown|89/100
|move|p2a: Iron Crown|Tachyon Cutter|p1a: Dragonair
|-damage|p1a: Dragonair|0 fnt
|faint|p1a: Dragonair
|-hitcount|p1: Dragonair|1
|
|-heal|p2a: Iron Crown|95/100|[from] Grassy Terrain
|-fieldend|move: Grassy Terrain
|upkeep
|
|t:|1760416401
|switch|p1a: Quaquaval|Quaquaval, F|73/100
|turn|25
|
|t:|1760416403
|move|p2a: Iron Crown|Tachyon Cutter|p1a: Quaquaval
|-resisted|p1a: Quaquaval
|-damage|p1a: Quaquaval|57/100
|-resisted|p1a: Quaquaval
|-damage|p1a: Quaquaval|43/100
|-hitcount|p1a: Quaquaval|2
|move|p1a: Quaquaval|Close Combat|p2a: Iron Crown
|-supereffective|p2a: Iron Crown
|-damage|p2a: Iron Crown|0 fnt
|-unboost|p1a: Quaquaval|def|1
|-unboost|p1a: Quaquaval|spd|1
|faint|p2a: Iron Crown
|-end|p2a: Iron Crown|Quark Drive|[silent]
|
|win|Ooxygen
|raw|Ooxygen's rating: 1197 &rarr; <strong>1224</strong><br />(+27 for winning)
|raw|karuaan's rating: 1225 &rarr; <strong>1198</strong><br />(-27 for losing)
|l|☆karuaan
|player|p2|
|c|☆Ooxygen|Ye u were fa st er
|l|☆Ooxygen
|player|p1|
