|j|☆hrt boymoder
|j|☆Auburn Hills
|t:|1760309543
|gametype|singles
|player|p1|hrt boymoder|elaine|1658
|player|p2|Auburn Hills|alder|1706
|gen|9
|tier|[Gen 9] OU
|rated|
|rule|HP Percentage Mod: HP is shown in percentages
|rule|Endless Battle Clause: Forcing endless battles is banned
|rule|Species Clause: Limit one of each Pokémon
|rule|OHKO Clause: OHKO moves are banned
|rule|Evasion Items Clause: Evasion items are banned
|rule|Evasion Moves Clause: Evasion moves are banned
|rule|Evasion Abilities Clause: Evasion abilities are banned
|rule|Sleep Moves Clause: Sleep-inducing moves are banned
|clearpoke
|poke|p1|Slowking-Galar, M|
|poke|p1|Cinderace, F|
|poke|p1|Landorus-Therian, M|
|poke|p1|Iron Valiant|
|poke|p1|Kyurem|
|poke|p1|Kingambit, F|
|poke|p2|Iron Moth|
|poke|p2|Umbreon, M|
|poke|p2|Garchomp, F|
|poke|p2|Glimmora, M|
|poke|p2|Gholdengo|
|poke|p2|Dragonite, M|
|teampreview
|inactive|Battle timer is ON: inactive players will automatically lose when time's up. (requested by hrt boymoder)
|
|t:|1760309570
|teamsize|p1|6
|teamsize|p2|6
|start
|switch|p1a: Acolyte|Kyurem|100/100
|switch|p2a: Julia Jacklin|Glimmora, M|100/100
|-ability|p1a: Acolyte|Pressure
|turn|1
|
|t:|1760309573
|move|p1a: Acolyte|Earth Power|p2a: Julia Jacklin
|-supereffective|p2a: Julia Jacklin
|-enditem|p2a: Julia Jacklin|Focus Sash
|-damage|p2a: Julia Jacklin|1/100
|move|p2a: Julia Jacklin|Mortal Spin|p1a: Acolyte
|-damage|p1a: Acolyte|95/100
|-status|p1a: Acolyte|psn
|
|-heal|p1a: Acolyte|100/100 psn|[from] item: Leftovers
|-damage|p1a: Acolyte|88/100 psn|[from] psn
|upkeep
|turn|2
|
|t:|1760309579
|switch|p2a: Alvvays|Umbreon, M|100/100
|move|p1a: Acolyte|Freeze-Dry|p2a: Alvvays
|-damage|p2a: Alvvays|81/100
|
|-heal|p1a: Acolyte|94/100 psn|[from] item: Leftovers
|-heal|p2a: Alvvays|88/100|[from] item: Leftovers
|-damage|p1a: Acolyte|82/100 psn|[from] psn
|upkeep
|turn|3
|
|t:|1760309582
|switch|p1a: Phoenix|Cinderace, F|100/100
|move|p2a: Alvvays|Foul Play|p1a: Phoenix
|-damage|p1a: Phoenix|58/100
|
|-heal|p2a: Alvvays|94/100|[from] item: Leftovers
|upkeep
|turn|4
|
|t:|1760309588
|move|p1a: Phoenix|Will-O-Wisp|p2a: Alvvays
|-status|p2a: Alvvays|brn
|move|p2a: Alvvays|Foul Play|p1a: Phoenix
|-damage|p1a: Phoenix|35/100
|
|-heal|p2a: Alvvays|99/100 brn|[from] item: Leftovers
|-damage|p2a: Alvvays|94/100 brn|[from] brn
|upkeep
|turn|5
|
|t:|1760309591
|move|p1a: Phoenix|U-turn|p2a: Alvvays
|-supereffective|p2a: Alvvays
|-damage|p2a: Alvvays|63/100 brn
|
|t:|1760309593
|switch|p1a: Strange Weather|Slowking-Galar, M|100/100|[from] U-turn
|move|p2a: Alvvays|Wish|p2a: Alvvays
|
|-heal|p2a: Alvvays|69/100 brn|[from] item: Leftovers
|-damage|p2a: Alvvays|63/100 brn|[from] brn
|upkeep
|turn|6
|
|t:|1760309596
|move|p2a: Alvvays|Thunder Wave|p1a: Strange Weather
|-status|p1a: Strange Weather|par
|-prepare|p1a: Strange Weather|Chilly Reception|[premajor]
|move|p1a: Strange Weather|Chilly Reception|p1a: Strange Weather
|-weather|Snowscape
|
|t:|1760309599
|switch|p1a: Phoenix|Cinderace, F|35/100|[from] Chilly Reception
|
|-weather|Snowscape|[upkeep]
|-heal|p2a: Alvvays|100/100 brn|[from] move: Wish|[wisher] Alvvays
|-damage|p2a: Alvvays|94/100 brn|[from] brn
|upkeep
|turn|7
|
|t:|1760309601
|move|p1a: Phoenix|U-turn|p2a: Alvvays
|-supereffective|p2a: Alvvays
|-damage|p2a: Alvvays|66/100 brn
|
|t:|1760309603
|switch|p1a: Strange Weather|Slowking-Galar, M|100/100 par|[from] U-turn
|move|p2a: Alvvays|Wish|p2a: Alvvays
|
|-weather|Snowscape|[upkeep]
|-heal|p2a: Alvvays|72/100 brn|[from] item: Leftovers
|-damage|p2a: Alvvays|66/100 brn|[from] brn
|upkeep
|turn|8
|
|t:|1760309606
|switch|p2a: Julia Jacklin|Glimmora, M|1/100
|-prepare|p1a: Strange Weather|Chilly Reception|[premajor]
|move|p1a: Strange Weather|Chilly Reception|p1a: Strange Weather
|
|t:|1760309612
|switch|p1a: Acolyte|Kyurem|82/100 psn|[from] Chilly Reception
|-ability|p1a: Acolyte|Pressure
|
|-weather|Snowscape|[upkeep]
|-heal|p2a: Julia Jacklin|64/100|[from] move: Wish|[wisher] Alvvays
|-heal|p1a: Acolyte|88/100 psn|[from] item: Leftovers
|-damage|p1a: Acolyte|76/100 psn|[from] psn
|upkeep
|turn|9
|
|t:|1760309617
|switch|p1a: Map of the Stars|Iron Valiant|100/100
|-enditem|p1a: Map of the Stars|Booster Energy
|-activate|p1a: Map of the Stars|ability: Quark Drive|[fromitem]
|-start|p1a: Map of the Stars|quarkdrivespe
|switch|p2a: Smino|Gholdengo|100/100
|
|-weather|Snowscape|[upkeep]
|upkeep
|turn|10
|
|t:|1760309622
|-end|p1a: Map of the Stars|Quark Drive|[silent]
|switch|p1a: Black Oak|Kingambit, F|100/100
|move|p2a: Smino|Make It Rain|p1a: Black Oak
|-resisted|p1a: Black Oak
|-damage|p1a: Black Oak|69/100
|-unboost|p2a: Smino|spa|1
|
|-weather|none
|-heal|p1a: Black Oak|75/100|[from] item: Leftovers
|upkeep
|turn|11
|
|t:|1760309628
|switch|p2a: Elucid|Dragonite, M|100/100
|move|p1a: Black Oak|Kowtow Cleave|p2a: Elucid
|-damage|p2a: Elucid|72/100
|
|-heal|p1a: Black Oak|81/100|[from] item: Leftovers
|upkeep
|turn|12
|
|t:|1760309641
|move|p2a: Elucid|Dragon Dance|p2a: Elucid
|-boost|p2a: Elucid|atk|1
|-boost|p2a: Elucid|spe|1
|move|p1a: Black Oak|Kowtow Cleave|p2a: Elucid
|-damage|p2a: Elucid|17/100
|
|-heal|p1a: Black Oak|87/100|[from] item: Leftovers
|upkeep
|turn|13
|
|t:|1760309645
|-end|p1a: Black Oak|fallenundefined|[silent]
|switch|p1a: Float Away|Landorus-Therian, M|100/100
|-ability|p1a: Float Away|Intimidate|boost
|-unboost|p2a: Elucid|atk|1
|move|p2a: Elucid|Extreme Speed|p1a: Float Away
|-damage|p1a: Float Away|70/100
|-damage|p2a: Elucid|0 fnt|[from] item: Rocky Helmet|[of] p1a: Float Away
|faint|p2a: Elucid
|
|upkeep
|
|t:|1760309651
|switch|p2a: Rat Tally|Garchomp, F|100/100
|turn|14
|
|t:|1760309655
|switch|p1a: Map of the Stars|Iron Valiant|100/100
|move|p2a: Rat Tally|Scale Shot|p1a: Map of the Stars
|-immune|p1a: Map of the Stars
|
|upkeep
|turn|15
|
|t:|1760309661
|switch|p2a: Smino|Gholdengo|100/100
|move|p1a: Map of the Stars|Moonblast|p2a: Smino
|-resisted|p2a: Smino
|-damage|p2a: Smino|76/100
|
|upkeep
|turn|16
|
|t:|1760309666
|-end|p1a: Map of the Stars|Quark Drive|[silent]
|switch|p1a: Black Oak|Kingambit, F|87/100
|move|p2a: Smino|Trick|p1a: Black Oak
|-activate|p2a: Smino|move: Trick|[of] p1a: Black Oak
|-item|p1a: Black Oak|Choice Scarf|[from] move: Trick
|-item|p2a: Smino|Leftovers|[from] move: Trick
|
|-heal|p2a: Smino|82/100|[from] item: Leftovers
|upkeep
|turn|17
|
|t:|1760309672
|switch|p2a: Alvvays|Umbreon, M|66/100 brn
|move|p1a: Black Oak|Iron Head|p2a: Alvvays
|-damage|p2a: Alvvays|28/100 brn
|
|-heal|p2a: Alvvays|35/100 brn|[from] item: Leftovers
|-damage|p2a: Alvvays|28/100 brn|[from] brn
|upkeep
|turn|18
|
|t:|1760309676
|move|p2a: Alvvays|Protect|p2a: Alvvays
|-singleturn|p2a: Alvvays|Protect
|move|p1a: Black Oak|Iron Head|p2a: Alvvays
|-activate|p2a: Alvvays|move: Protect
|
|-heal|p2a: Alvvays|35/100 brn|[from] item: Leftovers
|-damage|p2a: Alvvays|28/100 brn|[from] brn
|upkeep
|turn|19
|
|t:|1760309685
|switch|p2a: Smino|Gholdengo|82/100
|move|p1a: Black Oak|Iron Head|p2a: Smino
|-resisted|p2a: Smino
|-damage|p2a: Smino|58/100
|
|-heal|p2a: Smino|64/100|[from] item: Leftovers
|upkeep
|turn|20
|
|t:|1760309693
|-end|p1a: Black Oak|fallenundefined|[silent]
|switch|p1a: Strange Weather|Slowking-Galar, M|100/100 par
|move|p2a: Smino|Make It Rain|p1a: Strange Weather
|-crit|p1a: Strange Weather
|-damage|p1a: Strange Weather|41/100 par
|-unboost|p2a: Smino|spa|1
|
|-heal|p2a: Smino|70/100|[from] item: Leftovers
|upkeep
|turn|21
|
|t:|1760309697
|switch|p1a: Black Oak|Kingambit, F|87/100
|move|p2a: Smino|Shadow Ball|p1a: Black Oak
|-resisted|p1a: Black Oak
|-damage|p1a: Black Oak|73/100
|-unboost|p1a: Black Oak|spd|1
|
|-heal|p2a: Smino|76/100|[from] item: Leftovers
|upkeep
|turn|22
|
|t:|1760309706
|move|p2a: Smino|Make It Rain|p1a: Black Oak
|-resisted|p1a: Black Oak
|-damage|p1a: Black Oak|39/100
|-unboost|p2a: Smino|spa|1
|move|p1a: Black Oak|Kowtow Cleave|p2a: Smino
|-supereffective|p2a: Smino
|-damage|p2a: Smino|0 fnt
|faint|p2a: Smino
|
|upkeep
|
|t:|1760309711
|switch|p2a: Alvvays|Umbreon, M|28/100 brn
|turn|23
|
|t:|1760309716
|-end|p1a: Black Oak|fallenundefined|[silent]
|switch|p1a: Map of the Stars|Iron Valiant|100/100
|move|p2a: Alvvays|Wish|p2a: Alvvays
|
|-heal|p2a: Alvvays|35/100 brn|[from] item: Leftovers
|-damage|p2a: Alvvays|28/100 brn|[from] brn
|upkeep
|turn|24
|
|t:|1760309720
|move|p2a: Alvvays|Protect|p2a: Alvvays
|-singleturn|p2a: Alvvays|Protect
|move|p1a: Map of the Stars|Encore|p2a: Alvvays
|-activate|p2a: Alvvays|move: Protect
|
|-heal|p2a: Alvvays|78/100 brn|[from] move: Wish|[wisher] Alvvays
|-heal|p2a: Alvvays|84/100 brn|[from] item: Leftovers
|-damage|p2a: Alvvays|78/100 brn|[from] brn
|upkeep
|turn|25
|
|t:|1760309725
|move|p1a: Map of the Stars|Close Combat|p2a: Alvvays
|-supereffective|p2a: Alvvays
|-damage|p2a: Alvvays|0 fnt
|-unboost|p1a: Map of the Stars|def|1
|-unboost|p1a: Map of the Stars|spd|1
|faint|p2a: Alvvays
|
|upkeep
|
|t:|1760309731
|switch|p2a: Carly Rae|Iron Moth|100/100
|-enditem|p2a: Carly Rae|Booster Energy
|-activate|p2a: Carly Rae|ability: Quark Drive|[fromitem]
|-start|p2a: Carly Rae|quarkdrivespe
|turn|26
|
|t:|1760309742
|-end|p1a: Map of the Stars|Quark Drive|[silent]
|switch|p1a: Phoenix|Cinderace, F|35/100
|move|p2a: Carly Rae|Fiery Dance|p1a: Phoenix
|-resisted|p1a: Phoenix
|-damage|p1a: Phoenix|12/100
|
|upkeep
|turn|27
|
|t:|1760309746
|move|p2a: Carly Rae|Fiery Dance|p1a: Phoenix
|-resisted|p1a: Phoenix
|-damage|p1a: Phoenix|0 fnt
|-boost|p2a: Carly Rae|spa|1
|faint|p1a: Phoenix
|
|upkeep
|
|t:|1760309769
|switch|p1a: Acolyte|Kyurem|76/100 psn
|-ability|p1a: Acolyte|Pressure
|turn|28
|
|t:|1760309772
|-terastallize|p1a: Acolyte|Ground
|move|p2a: Carly Rae|Dazzling Gleam|p1a: Acolyte
|-damage|p1a: Acolyte|39/100 psn
|move|p1a: Acolyte|Earth Power|p2a: Carly Rae
|-supereffective|p2a: Carly Rae
|-damage|p2a: Carly Rae|0 fnt
|faint|p2a: Carly Rae
|-end|p2a: Carly Rae|Quark Drive|[silent]
|
|-heal|p1a: Acolyte|45/100 psn|[from] item: Leftovers
|-damage|p1a: Acolyte|33/100 psn|[from] psn
|upkeep
|
|t:|1760309775
|switch|p2a: Rat Tally|Garchomp, F|100/100
|turn|29
|
|t:|1760309780
|switch|p1a: Map of the Stars|Iron Valiant|100/100
|move|p2a: Rat Tally|Scale Shot|p1a: Map of the Stars
|-immune|p1a: Map of the Stars
|
|upkeep
|turn|30
|
|t:|1760309784
|switch|p2a: Julia Jacklin|Glimmora, M|64/100
|move|p1a: Map of the Stars|Moonblast|p2a: Julia Jacklin
|-resisted|p2a: Julia Jacklin
|-damage|p2a: Julia Jacklin|37/100
|-unboost|p2a: Julia Jacklin|spa|1
|
|upkeep
|turn|31
|j| Nikator98
|l| Nikator98
|
|t:|1760309791
|-terastallize|p2a: Julia Jacklin|Ghost
|move|p1a: Map of the Stars|Close Combat|p2a: Julia Jacklin
|-immune|p2a: Julia Jacklin
|move|p2a: Julia Jacklin|Sludge Wave|p1a: Map of the Stars
|-supereffective|p1a: Map of the Stars
|-damage|p1a: Map of the Stars|0 fnt
|faint|p1a: Map of the Stars
|-end|p1a: Map of the Stars|Quark Drive|[silent]
|
|upkeep
|
|t:|1760309795
|switch|p1a: Acolyte|Kyurem, tera:Ground|33/100 psn
|-ability|p1a: Acolyte|Pressure
|turn|32
|
|t:|1760309799
|move|p1a: Acolyte|Freeze-Dry|p2a: Julia Jacklin
|-damage|p2a: Julia Jacklin|0 fnt
|faint|p2a: Julia Jacklin
|
|-heal|p1a: Acolyte|39/100 psn|[from] item: Leftovers
|-damage|p1a: Acolyte|27/100 psn|[from] psn
|upkeep
|
|t:|1760309801
|switch|p2a: Rat Tally|Garchomp, F|100/100
|turn|33
|
|t:|1760309806
|move|p2a: Rat Tally|Earthquake|p1a: Acolyte
|-damage|p1a: Acolyte|0 fnt
|faint|p1a: Acolyte
|
|upkeep
|
|t:|1760309807
|switch|p1a: Float Away|Landorus-Therian, M|70/100
|-ability|p1a: Float Away|Intimidate|boost
|-unboost|p2a: Rat Tally|atk|1
|turn|34
|
|t:|1760309809
|move|p2a: Rat Tally|Swords Dance|p2a: Rat Tally
|-boost|p2a: Rat Tally|atk|2
|move|p1a: Float Away|Earthquake|p2a: Rat Tally
|-damage|p2a: Rat Tally|50/100
|
|upkeep
|turn|35
|
|t:|1760309813
|switch|p1a: Strange Weather|Slowking-Galar, M|74/100 par
|move|p2a: Rat Tally|Scale Shot|p1a: Strange Weather
|-damage|p1a: Strange Weather|55/100 par
|-damage|p1a: Strange Weather|36/100 par
|-damage|p1a: Strange Weather|17/100 par
|-damage|p1a: Strange Weather|0 fnt
|faint|p1a: Strange Weather
|-hitcount|p1: Strange Weather|4
|-unboost|p2a: Rat Tally|def|1
|-boost|p2a: Rat Tally|spe|1
|
|upkeep
|
|t:|1760309815
|switch|p1a: Float Away|Landorus-Therian, M|70/100
|-ability|p1a: Float Away|Intimidate|boost
|-unboost|p2a: Rat Tally|atk|1
|turn|36
|
|t:|1760309820
|move|p2a: Rat Tally|Scale Shot|p1a: Float Away
|-damage|p1a: Float Away|56/100
|-damage|p1a: Float Away|43/100
|-damage|p1a: Float Away|31/100
|-damage|p1a: Float Away|19/100
|-damage|p1a: Float Away|5/100
|-hitcount|p1a: Float Away|5
|-unboost|p2a: Rat Tally|def|1
|-boost|p2a: Rat Tally|spe|1
|move|p1a: Float Away|Earthquake|p2a: Rat Tally
|-damage|p2a: Rat Tally|0 fnt
|faint|p2a: Rat Tally
|
|win|hrt boymoder
|raw|hrt boymoder's rating: 1658 &rarr; <strong>1681</strong><br />(+23 for winning)
|raw|Auburn Hills's rating: 1706 &rarr; <strong>1683</strong><br />(-23 for losing)
|l|☆Auburn Hills
|player|p2|
