|j|☆icefoxc
|j|☆underperformer
|t:|1760364756
|gametype|singles
|player|p1|icefoxc|giovanni|1237
|player|p2|underperformer|colress|1272
|gen|9
|tier|[Gen 9] OU
|rated|
|rule|HP Percentage Mod: HP is shown in percentages
|rule|Endless Battle Clause: Forcing endless battles is banned
|rule|Species Clause: Limit one of each Pokémon
|rule|OHKO Clause: OHKO moves are banned
|rule|Evasion Items Clause: Evasion items are banned
|rule|Evasion Moves Clause: Evasion moves are banned
|rule|Evasion Abilities Clause: Evasion abilities are banned
|rule|Sleep Moves Clause: Sleep-inducing moves are banned
|clearpoke
|poke|p1|Meowscarada, F|
|poke|p1|Hydreigon, F|
|poke|p1|Bisharp, M|
|poke|p1|Samurott-Hisui, F|
|poke|p1|Sableye, F|
|poke|p1|Muk-Alola, M|
|poke|p2|Gengar, F|
|poke|p2|Landorus-Therian, M|
|poke|p2|Rillaboom, F|
|poke|p2|Heatran, F|
|poke|p2|Primarina, M|
|poke|p2|Forretress, F|
|teampreview
|inactive|Battle timer is ON: inactive players will automatically lose when time's up. (requested by underperformer)
|
|t:|1760364759
|teamsize|p1|6
|teamsize|p2|6
|start
|switch|p1a: Pure Dark|Samurott-Hisui, F|100/100
|switch|p2a: Landorus|Landorus-Therian, M|100/100
|-ability|p2a: Landorus|Intimidate|boost
|-unboost|p1a: Pure Dark|atk|1
|turn|1
|
|t:|1760364765
|switch|p2a: Forretress|Forretress, F|100/100
|move|p1a: Pure Dark|Ceaseless Edge|p2a: Forretress
|-damage|p2a: Forretress|81/100
|-damage|p1a: Pure Dark|84/100|[from] item: Rocky Helmet|[of] p2a: Forretress
|-sidestart|p2: underperformer|Spikes
|
|upkeep
|turn|2
|
|t:|1760364773
|switch|p1a: Hydreigon|Hydreigon, F|100/100
|move|p2a: Forretress|Rapid Spin|p1a: Hydreigon
|-damage|p1a: Hydreigon|88/100
|-boost|p2a: Forretress|spe|1
|-sideend|p2: underperformer|Spikes|[from] move: Rapid Spin|[of] p2a: Forretress
|
|upkeep
|turn|3
|
|t:|1760364778
|switch|p2a: Heatran|Heatran, F|100/100
|move|p1a: Hydreigon|Dark Pulse|p2a: Heatran
|-crit|p2a: Heatran
|-damage|p2a: Heatran|44/100
|
|-heal|p2a: Heatran|50/100|[from] item: Leftovers
|upkeep
|turn|4
|
|t:|1760364786
|move|p2a: Heatran|Protect|p2a: Heatran
|-singleturn|p2a: Heatran|Protect
|move|p1a: Hydreigon|Dark Pulse|p2a: Heatran
|-activate|p2a: Heatran|move: Protect
|
|-heal|p2a: Heatran|57/100|[from] item: Leftovers
|upkeep
|turn|5
|
|t:|1760364793
|switch|p1a: Pure Dark|Samurott-Hisui, F|84/100
|move|p2a: Heatran|Magma Storm|p1a: Pure Dark
|-resisted|p1a: Pure Dark
|-damage|p1a: Pure Dark|53/100
|-activate|p1a: Pure Dark|move: Magma Storm|[of] p2a: Heatran
|
|-heal|p2a: Heatran|63/100|[from] item: Leftovers
|-damage|p1a: Pure Dark|40/100|[from] move: Magma Storm|[partiallytrapped]
|upkeep
|turn|6
|
|t:|1760364801
|move|p2a: Heatran|Protect|p2a: Heatran
|-singleturn|p2a: Heatran|Protect
|move|p1a: Pure Dark|Ceaseless Edge|p2a: Heatran
|-activate|p2a: Heatran|move: Protect
|
|-heal|p2a: Heatran|69/100|[from] item: Leftovers
|-damage|p1a: Pure Dark|28/100|[from] move: Magma Storm|[partiallytrapped]
|upkeep
|turn|7
|
|t:|1760364810
|switch|p2a: Forretress|Forretress, F|81/100
|move|p1a: Pure Dark|Ceaseless Edge|p2a: Forretress
|-damage|p2a: Forretress|54/100
|-damage|p1a: Pure Dark|11/100|[from] item: Rocky Helmet|[of] p2a: Forretress
|-sidestart|p2: underperformer|Spikes
|
|-end|p1a: Pure Dark|Magma Storm|[partiallytrapped]|[silent]
|upkeep
|turn|8
|
|t:|1760364815
|switch|p1a: Sableye|Sableye, F|100/100
|move|p2a: Forretress|Rapid Spin|p1a: Sableye
|-immune|p1a: Sableye
|
|upkeep
|turn|9
|
|t:|1760364818
|switch|p1a: Hydreigon|Hydreigon, F|88/100
|move|p2a: Forretress|Volt Switch|p1a: Hydreigon
|-resisted|p1a: Hydreigon
|-damage|p1a: Hydreigon|81/100
|
|t:|1760364827
|switch|p2a: Primarina|Primarina, M|100/100|[from] Volt Switch
|-damage|p2a: Primarina|88/100|[from] Spikes
|
|-heal|p2a: Primarina|94/100|[from] item: Leftovers
|upkeep
|turn|10
|
|t:|1760364830
|switch|p1a: Muk|Muk-Alola, M|100/100
|move|p2a: Primarina|Substitute|p2a: Primarina
|-start|p2a: Primarina|Substitute
|-damage|p2a: Primarina|69/100
|
|-heal|p2a: Primarina|75/100|[from] item: Leftovers
|upkeep
|turn|11
|
|t:|1760364835
|move|p2a: Primarina|Psychic Noise|p1a: Muk
|-damage|p1a: Muk|84/100
|-start|p1a: Muk|move: Heal Block
|move|p1a: Muk|Poison Jab|p2a: Primarina
|-supereffective|p2a: Primarina
|-end|p2a: Primarina|Substitute
|
|-heal|p2a: Primarina|81/100|[from] item: Leftovers
|upkeep
|turn|12
|
|t:|1760364841
|switch|p2a: Forretress|Forretress, F|54/100
|-damage|p2a: Forretress|41/100|[from] Spikes
|move|p1a: Muk|Crunch|p2a: Forretress
|-damage|p2a: Forretress|26/100
|-damage|p1a: Muk|67/100|[from] item: Rocky Helmet|[of] p2a: Forretress
|
|-end|p1a: Muk|move: Heal Block
|upkeep
|turn|13
|
|t:|1760364847
|switch|p1a: Sableye|Sableye, F|100/100
|move|p2a: Forretress|Rapid Spin|p1a: Sableye
|-immune|p1a: Sableye
|
|upkeep
|turn|14
|
|t:|1760364850
|move|p1a: Sableye|Night Shade|p2a: Forretress
|-damage|p2a: Forretress|0 fnt
|faint|p2a: Forretress
|
|upkeep
|
|t:|1760364859
|switch|p2a: Gengar|Gengar, F|100/100
|-damage|p2a: Gengar|88/100|[from] Spikes
|turn|15
|
|t:|1760364864
|switch|p1a: Muk|Muk-Alola, M|67/100
|move|p2a: Gengar|Focus Blast|p1a: Muk
|-damage|p1a: Muk|50/100
|
|upkeep
|turn|16
|
|t:|1760364870
|switch|p2a: Heatran|Heatran, F|69/100
|-damage|p2a: Heatran|57/100|[from] Spikes
|move|p1a: Muk|Crunch|p2a: Heatran
|-damage|p2a: Heatran|33/100
|
|-heal|p2a: Heatran|40/100|[from] item: Leftovers
|upkeep
|turn|17
|
|t:|1760364882
|move|p2a: Heatran|Protect|p2a: Heatran
|-singleturn|p2a: Heatran|Protect
|move|p1a: Muk|Drain Punch|p2a: Heatran
|-activate|p2a: Heatran|move: Protect
|
|-heal|p2a: Heatran|46/100|[from] item: Leftovers
|upkeep
|turn|18
|
|t:|1760364887
|switch|p2a: Landorus|Landorus-Therian, M|100/100
|-ability|p2a: Landorus|Intimidate|boost
|-unboost|p1a: Muk|atk|1
|move|p1a: Muk|Drain Punch|p2a: Landorus
|-resisted|p2a: Landorus
|-damage|p2a: Landorus|94/100
|-heal|p1a: Muk|53/100|[from] drain|[of] p2a: Landorus
|-damage|p1a: Muk|37/100|[from] item: Rocky Helmet|[of] p2a: Landorus
|
|upkeep
|turn|19
|
|t:|1760364891
|switch|p1a: Sableye|Sableye, F|100/100
|move|p2a: Landorus|U-turn|p1a: Sableye
|-damage|p1a: Sableye|79/100
|
|t:|1760364897
|switch|p2a: Rillaboom|Rillaboom, F|100/100|[from] U-turn
|-damage|p2a: Rillaboom|88/100|[from] Spikes
|-fieldstart|move: Grassy Terrain|[from] ability: Grassy Surge|[of] p2a: Rillaboom
|
|-heal|p2a: Rillaboom|94/100|[from] Grassy Terrain
|-heal|p1a: Sableye|85/100|[from] Grassy Terrain
|-heal|p1a: Sableye|92/100|[from] item: Leftovers
|upkeep
|turn|20
|
|t:|1760364900
|move|p1a: Sableye|Will-O-Wisp|p2a: Rillaboom|[miss]
|-miss|p1a: Sableye|p2a: Rillaboom
|move|p2a: Rillaboom|Knock Off|p1a: Sableye
|-damage|p1a: Sableye|46/100
|-enditem|p1a: Sableye|Leftovers|[from] move: Knock Off|[of] p2a: Rillaboom
|
|-heal|p2a: Rillaboom|100/100|[from] Grassy Terrain
|-heal|p1a: Sableye|52/100|[from] Grassy Terrain
|upkeep
|turn|21
|
|t:|1760364905
|switch|p2a: Heatran|Heatran, F|46/100
|-damage|p2a: Heatran|33/100|[from] Spikes
|move|p1a: Sableye|Recover|p1a: Sableye
|-heal|p1a: Sableye|100/100
|
|-heal|p2a: Heatran|40/100|[from] Grassy Terrain
|-heal|p2a: Heatran|46/100|[from] item: Leftovers
|upkeep
|turn|22
|
|t:|1760364908
|move|p2a: Heatran|Taunt|p1a: Sableye
|-start|p1a: Sableye|move: Taunt
|move|p1a: Sableye|Night Shade|p2a: Heatran
|-damage|p2a: Heatran|20/100
|
|-heal|p2a: Heatran|26/100|[from] Grassy Terrain
|-heal|p2a: Heatran|32/100|[from] item: Leftovers
|upkeep
|turn|23
|
|t:|1760364914
|move|p2a: Heatran|Magma Storm|p1a: Sableye|[miss]
|-miss|p2a: Heatran|p1a: Sableye
|move|p1a: Sableye|Night Shade|p2a: Heatran
|-damage|p2a: Heatran|6/100
|
|-heal|p2a: Heatran|13/100|[from] Grassy Terrain
|-heal|p2a: Heatran|19/100|[from] item: Leftovers
|-fieldend|move: Grassy Terrain
|upkeep
|turn|24
|
|t:|1760364924
|move|p2a: Heatran|Magma Storm|p1a: Sableye
|-damage|p1a: Sableye|32/100
|-activate|p1a: Sableye|move: Magma Storm|[of] p2a: Heatran
|move|p1a: Sableye|Night Shade|p2a: Heatran
|-damage|p2a: Heatran|0 fnt
|faint|p2a: Heatran
|
|-end|p1a: Sableye|Magma Storm|[partiallytrapped]|[silent]
|-end|p1a: Sableye|move: Taunt
|upkeep
|
|t:|1760364927
|switch|p2a: Gengar|Gengar, F|88/100
|-damage|p2a: Gengar|76/100|[from] Spikes
|turn|25
|
|t:|1760364934
|switch|p1a: Pure Dark|Samurott-Hisui, F|11/100
|move|p2a: Gengar|Shadow Ball|p1a: Pure Dark
|-resisted|p1a: Pure Dark
|-damage|p1a: Pure Dark|0 fnt
|faint|p1a: Pure Dark
|
|upkeep
|
|t:|1760364936
|switch|p1a: Muk|Muk-Alola, M|37/100
|turn|26
|
|t:|1760364940
|switch|p2a: Landorus|Landorus-Therian, M|94/100
|-ability|p2a: Landorus|Intimidate|boost
|-unboost|p1a: Muk|atk|1
|move|p1a: Muk|Crunch|p2a: Landorus
|-damage|p2a: Landorus|75/100
|-damage|p1a: Muk|20/100|[from] item: Rocky Helmet|[of] p2a: Landorus
|-status|p2a: Landorus|psn|[from] ability: Poison Touch|[of] p1a: Muk
|
|-damage|p2a: Landorus|62/100 psn|[from] psn
|upkeep
|turn|27
|
|t:|1760364948
|move|p2a: Landorus|Stealth Rock|p1a: Muk
|-sidestart|p1: icefoxc|move: Stealth Rock
|move|p1a: Muk|Crunch|p2a: Landorus
|-damage|p2a: Landorus|43/100 psn
|-damage|p1a: Muk|3/100|[from] item: Rocky Helmet|[of] p2a: Landorus
|
|-damage|p2a: Landorus|31/100 psn|[from] psn
|upkeep
|turn|28
|
|t:|1760364952
|move|p1a: Muk|Shadow Sneak|p2a: Landorus
|-damage|p2a: Landorus|24/100 psn
|-damage|p1a: Muk|0 fnt|[from] item: Rocky Helmet|[of] p2a: Landorus
|faint|p1a: Muk
|move|p2a: Landorus|U-turn|p1: Muk|[notarget]
|-fail|p2a: Landorus
|
|-damage|p2a: Landorus|12/100 psn|[from] psn
|upkeep
|
|t:|1760364955
|switch|p1a: Sableye|Sableye, F|32/100
|-damage|p1a: Sableye|20/100|[from] Stealth Rock
|turn|29
|
|t:|1760364958
|move|p1a: Sableye|Recover|p1a: Sableye
|-heal|p1a: Sableye|70/100
|move|p2a: Landorus|Earthquake|p1a: Sableye
|-damage|p1a: Sableye|26/100
|
|-damage|p2a: Landorus|0 fnt|[from] psn
|faint|p2a: Landorus
|upkeep
|
|t:|1760364970
|switch|p2a: Rillaboom|Rillaboom, F|100/100
|-damage|p2a: Rillaboom|88/100|[from] Spikes
|-fieldstart|move: Grassy Terrain|[from] ability: Grassy Surge|[of] p2a: Rillaboom
|turn|30
|inactive|icefoxc has 120 seconds left.
|inactive|icefoxc has 90 seconds left.
|inactive|icefoxc has 60 seconds left.
|
|t:|1760365065
|move|p1a: Sableye|Recover|p1a: Sableye
|-heal|p1a: Sableye|76/100
|move|p2a: Rillaboom|U-turn|p1a: Sableye
|-damage|p1a: Sableye|43/100
|
|t:|1760365078
|switch|p2a: Gengar|Gengar, F|76/100|[from] U-turn
|-damage|p2a: Gengar|64/100|[from] Spikes
|
|-heal|p2a: Gengar|70/100|[from] Grassy Terrain
|-heal|p1a: Sableye|50/100|[from] Grassy Terrain
|upkeep
|turn|31
|
|t:|1760365084
|move|p1a: Sableye|Thunder Wave|p2a: Gengar
|-status|p2a: Gengar|par
|cant|p2a: Gengar|par
|
|-heal|p2a: Gengar|76/100 par|[from] Grassy Terrain
|-heal|p1a: Sableye|56/100|[from] Grassy Terrain
|upkeep
|turn|32
|
|t:|1760365096
|move|p2a: Gengar|Shadow Ball|p1a: Sableye
|-damage|p1a: Sableye|0 fnt
|faint|p1a: Sableye
|
|-heal|p2a: Gengar|82/100 par|[from] Grassy Terrain
|upkeep
|
|t:|1760365099
|switch|p1a: Hydreigon|Hydreigon, F|81/100
|-damage|p1a: Hydreigon|69/100|[from] Stealth Rock
|turn|33
|
|t:|1760365102
|switch|p2a: Primarina|Primarina, M|81/100
|-damage|p2a: Primarina|69/100|[from] Spikes
|move|p1a: Hydreigon|Dark Pulse|p2a: Primarina
|-resisted|p2a: Primarina
|-damage|p2a: Primarina|43/100
|
|-heal|p2a: Primarina|49/100|[from] Grassy Terrain
|-heal|p2a: Primarina|55/100|[from] item: Leftovers
|upkeep
|turn|34
|inactive|icefoxc has 90 seconds left.
|
|t:|1760365112
|switch|p1a: Bisharp|Bisharp, M, shiny|100/100
|-damage|p1a: Bisharp|94/100|[from] Stealth Rock
|move|p2a: Primarina|Draining Kiss|p1a: Bisharp
|-damage|p1a: Bisharp|69/100
|-heal|p2a: Primarina|72/100|[from] drain|[of] p1a: Bisharp
|
|-heal|p1a: Bisharp|75/100|[from] Grassy Terrain
|-heal|p2a: Primarina|78/100|[from] Grassy Terrain
|-heal|p2a: Primarina|85/100|[from] item: Leftovers
|-fieldend|move: Grassy Terrain
|upkeep
|turn|35
|
|t:|1760365125
|move|p1a: Bisharp|Iron Head|p2a: Primarina
|-damage|p2a: Primarina|38/100
|cant|p2a: Primarina|flinch
|
|-heal|p2a: Primarina|44/100|[from] item: Leftovers
|upkeep
|turn|36
|
|t:|1760365133
|move|p1a: Bisharp|Iron Head|p2a: Primarina
|-damage|p2a: Primarina|0 fnt
|faint|p2a: Primarina
|
|upkeep
|
|t:|1760365136
|switch|p2a: Rillaboom|Rillaboom, F|88/100
|-damage|p2a: Rillaboom|76/100|[from] Spikes
|-fieldstart|move: Grassy Terrain|[from] ability: Grassy Surge|[of] p2a: Rillaboom
|turn|37
|
|t:|1760365144
|move|p2a: Rillaboom|Drain Punch|p1a: Bisharp
|-supereffective|p1a: Bisharp
|-crit|p1a: Bisharp
|-damage|p1a: Bisharp|0 fnt
|-heal|p2a: Rillaboom|100/100|[from] drain|[of] p1a: Bisharp
|faint|p1a: Bisharp
|
|upkeep
|
|t:|1760365148
|switch|p1a: Meowscarada|Meowscarada, F|100/100
|-damage|p1a: Meowscarada|88/100|[from] Stealth Rock
|turn|38
|
|t:|1760365151
|move|p1a: Meowscarada|Triple Axel|p2a: Rillaboom
|-start|p1a: Meowscarada|typechange|Ice|[from] ability: Protean
|-supereffective|p2a: Rillaboom
|-damage|p2a: Rillaboom|79/100
|-supereffective|p2a: Rillaboom
|-damage|p2a: Rillaboom|30/100
|-supereffective|p2a: Rillaboom
|-damage|p2a: Rillaboom|0 fnt
|faint|p2a: Rillaboom
|-hitcount|p2: Rillaboom|3
|
|-heal|p1a: Meowscarada|94/100|[from] Grassy Terrain
|upkeep
|
|t:|1760365153
|switch|p2a: Gengar|Gengar, F|82/100 par
|-damage|p2a: Gengar|70/100 par|[from] Spikes
|turn|39
|
|t:|1760365164
|move|p1a: Meowscarada|Triple Axel|p2a: Gengar|[miss]
|-miss|p1a: Meowscarada|p2a: Gengar
|move|p2a: Gengar|Focus Blast|p1a: Meowscarada|[miss]
|-miss|p2a: Gengar|p1a: Meowscarada
|
|-heal|p1a: Meowscarada|100/100|[from] Grassy Terrain
|-heal|p2a: Gengar|76/100 par|[from] Grassy Terrain
|upkeep
|turn|40
|
|t:|1760365170
|move|p1a: Meowscarada|Triple Axel|p2a: Gengar
|-damage|p2a: Gengar|57/100 par
|-damage|p2a: Gengar|18/100 par
|-damage|p2a: Gengar|0 fnt
|faint|p2a: Gengar
|-hitcount|p2: Gengar|3
|
|win|icefoxc
|raw|icefoxc's rating: 1237 &rarr; <strong>1265</strong><br />(+28 for winning)
|raw|underperformer's rating: 1272 &rarr; <strong>1244</strong><br />(-28 for losing)
|l|☆underperformer
|player|p2|
