|j|‽bepic223
|j|☆khote
|t:|1760451734
|gametype|singles
|player|p1|bepic223|veteranf|1726
|player|p2|khote|burglar|1725
|gen|9
|tier|[Gen 9] OU
|rated|
|rule|HP Percentage Mod: HP is shown in percentages
|rule|Endless Battle Clause: Forcing endless battles is banned
|rule|Species Clause: Limit one of each Pokémon
|rule|OHKO Clause: OHKO moves are banned
|rule|Evasion Items Clause: Evasion items are banned
|rule|Evasion Moves Clause: Evasion moves are banned
|rule|Evasion Abilities Clause: Evasion abilities are banned
|rule|Sleep Moves Clause: Sleep-inducing moves are banned
|clearpoke
|poke|p1|Darkrai|
|poke|p1|Ogerpon-Wellspring, F|
|poke|p1|Hatterene, F|
|poke|p1|Slowking-Galar, F|
|poke|p1|Landorus-Therian, M|
|poke|p1|Kingambit, F|
|poke|p2|Iron Treads|
|poke|p2|Ogerpon-Wellspring, F|
|poke|p2|Zamazenta-*|
|poke|p2|Dragapult, M|
|poke|p2|Iron Valiant|
|poke|p2|Dragonite, F|
|teampreview
|inactive|Battle timer is ON: inactive players will automatically lose when time's up. (requested by bepic223)
|
|t:|1760451758
|teamsize|p1|6
|teamsize|p2|6
|start
|switch|p1a: Darkrai|Darkrai|100/100
|switch|p2a: Dragapult|Dragapult, M|100/100
|turn|1
|
|t:|1760451766
|switch|p2a: Iron Treads|Iron Treads|100/100
|switch|p1a: Hatterene|Hatterene, F|100/100
|
|upkeep
|turn|2
|
|t:|1760451774
|switch|p1a: Landorus|Landorus-Therian, M|100/100
|-ability|p1a: Landorus|Intimidate|boost
|-unboost|p2a: Iron Treads|atk|1
|move|p2a: Iron Treads|Iron Head|p1a: Landorus
|-damage|p1a: Landorus|79/100
|-damage|p2a: Iron Treads|84/100|[from] item: Rocky Helmet|[of] p1a: Landorus
|
|-heal|p2a: Iron Treads|90/100|[from] item: Leftovers
|upkeep
|turn|3
|
|t:|1760451785
|switch|p1a: Ogerpon|Ogerpon-Wellspring, F|100/100
|-end|p2a: Iron Treads|Quark Drive|[silent]
|switch|p2a: Dragapult|Dragapult, M|100/100
|
|upkeep
|turn|4
|
|t:|1760451799
|switch|p1a: Hatterene|Hatterene, F|100/100
|move|p2a: Dragapult|Will-O-Wisp|p1a: Hatterene
|move|p1a: Hatterene|Will-O-Wisp|p2a: Dragapult|[from] ability: Magic Bounce
|-status|p2a: Dragapult|brn
|
|-damage|p2a: Dragapult|95/100 brn|[from] brn
|upkeep
|turn|5
|
|t:|1760451809
|switch|p1a: Darkrai|Darkrai|100/100
|move|p2a: Dragapult|U-turn|p1a: Darkrai
|-supereffective|p1a: Darkrai
|-damage|p1a: Darkrai|78/100
|
|t:|1760451813
|switch|p2a: Iron Treads|Iron Treads|90/100|[from] U-turn
|
|-heal|p2a: Iron Treads|96/100|[from] item: Leftovers
|upkeep
|turn|6
|
|t:|1760451823
|move|p1a: Darkrai|Dark Pulse|p2a: Iron Treads
|-damage|p2a: Iron Treads|49/100
|move|p2a: Iron Treads|Earthquake|p1a: Darkrai
|-damage|p1a: Darkrai|27/100
|
|-heal|p2a: Iron Treads|55/100|[from] item: Leftovers
|upkeep
|turn|7
|
|t:|1760451836
|switch|p1a: Ogerpon|Ogerpon-Wellspring, F|100/100
|move|p2a: Iron Treads|Earthquake|p1a: Ogerpon
|-resisted|p1a: Ogerpon
|-damage|p1a: Ogerpon|78/100
|
|-heal|p2a: Iron Treads|62/100|[from] item: Leftovers
|upkeep
|turn|8
|
|t:|1760451844
|-end|p2a: Iron Treads|Quark Drive|[silent]
|switch|p2a: Dragapult|Dragapult, M|95/100 brn
|move|p1a: Ogerpon|U-turn|p2a: Dragapult
|-resisted|p2a: Dragapult
|-damage|p2a: Dragapult|75/100 brn
|
|t:|1760451851
|switch|p1a: Hatterene|Hatterene, F|100/100|[from] U-turn
|
|-damage|p2a: Dragapult|69/100 brn|[from] brn
|upkeep
|turn|9
|
|t:|1760451855
|move|p2a: Dragapult|U-turn|p1a: Hatterene
|-damage|p1a: Hatterene|94/100
|-damage|p2a: Dragapult|52/100 brn|[from] item: Rocky Helmet|[of] p1a: Hatterene
|
|t:|1760451859
|switch|p2a: Iron Treads|Iron Treads|62/100|[from] U-turn
|move|p1a: Hatterene|Mystical Fire|p2a: Iron Treads
|-supereffective|p2a: Iron Treads
|-damage|p2a: Iron Treads|27/100
|-unboost|p2a: Iron Treads|spa|1
|
|-heal|p2a: Iron Treads|34/100|[from] item: Leftovers
|upkeep
|turn|10
|
|t:|1760451869
|switch|p1a: Ogerpon|Ogerpon-Wellspring, F|78/100
|move|p2a: Iron Treads|Iron Head|p1a: Ogerpon
|-resisted|p1a: Ogerpon
|-damage|p1a: Ogerpon|57/100
|
|-heal|p2a: Iron Treads|40/100|[from] item: Leftovers
|upkeep
|turn|11
|
|t:|1760451879
|-end|p2a: Iron Treads|Quark Drive|[silent]
|switch|p2a: Dragapult|Dragapult, M|52/100 brn
|move|p1a: Ogerpon|Ivy Cudgel|p2a: Dragapult|[anim] Ivy Cudgel Water
|-resisted|p2a: Dragapult
|-damage|p2a: Dragapult|12/100 brn
|
|-damage|p2a: Dragapult|6/100 brn|[from] brn
|upkeep
|turn|12
|
|t:|1760451899
|switch|p1a: Hatterene|Hatterene, F|94/100
|move|p2a: Dragapult|Draco Meteor|p1a: Hatterene
|-immune|p1a: Hatterene
|
|-damage|p2a: Dragapult|0 fnt|[from] brn
|faint|p2a: Dragapult
|upkeep
|
|t:|1760451902
|switch|p2a: Iron Treads|Iron Treads|40/100
|turn|13
|
|t:|1760451912
|move|p2a: Iron Treads|Iron Head|p1a: Hatterene
|-supereffective|p1a: Hatterene
|-damage|p1a: Hatterene|38/100
|-damage|p2a: Iron Treads|23/100|[from] item: Rocky Helmet|[of] p1a: Hatterene
|move|p1a: Hatterene|Mystical Fire|p2a: Iron Treads
|-supereffective|p2a: Iron Treads
|-damage|p2a: Iron Treads|0 fnt
|faint|p2a: Iron Treads
|-end|p2a: Iron Treads|Quark Drive|[silent]
|
|upkeep
|
|t:|1760451918
|switch|p2a: Ogerpon|Ogerpon-Wellspring, F|100/100
|turn|14
|
|t:|1760451939
|move|p2a: Ogerpon|Horn Leech|p1a: Hatterene
|-damage|p1a: Hatterene|2/100
|-damage|p2a: Ogerpon|84/100|[from] item: Rocky Helmet|[of] p1a: Hatterene
|move|p1a: Hatterene|Psychic Noise|p2a: Ogerpon
|-damage|p2a: Ogerpon|47/100
|-start|p2a: Ogerpon|move: Heal Block
|
|upkeep
|turn|15
|
|t:|1760451949
|switch|p1a: Ogerpon|Ogerpon-Wellspring, F|57/100
|move|p2a: Ogerpon|Ivy Cudgel|p1a: Ogerpon|[anim] Ivy Cudgel Water
|-heal|p1a: Ogerpon|82/100|[from] ability: Water Absorb|[of] p2a: Ogerpon
|
|-end|p2a: Ogerpon|move: Heal Block
|upkeep
|turn|16
|
|t:|1760451953
|move|p2a: Ogerpon|Horn Leech|p1a: Ogerpon
|-damage|p1a: Ogerpon|25/100
|-heal|p2a: Ogerpon|75/100|[from] drain|[of] p1a: Ogerpon
|move|p1a: Ogerpon|U-turn|p2a: Ogerpon
|-supereffective|p2a: Ogerpon
|-damage|p2a: Ogerpon|0 fnt
|faint|p2a: Ogerpon
|
|t:|1760451963
|switch|p1a: Darkrai|Darkrai|27/100|[from] U-turn
|
|upkeep
|
|t:|1760451966
|switch|p2a: Dragonite|Dragonite, F|100/100
|turn|17
|
|t:|1760451974
|move|p1a: Darkrai|Trick|p2a: Dragonite
|-activate|p1a: Darkrai|move: Trick|[of] p2a: Dragonite
|-item|p2a: Dragonite|Choice Specs|[from] move: Trick
|-item|p1a: Darkrai|Heavy-Duty Boots|[from] move: Trick
|move|p2a: Dragonite|Earthquake|p1a: Darkrai
|-damage|p1a: Darkrai|0 fnt
|faint|p1a: Darkrai
|
|upkeep
|
|t:|1760451982
|switch|p1a: Landorus|Landorus-Therian, M|79/100
|-ability|p1a: Landorus|Intimidate|boost
|-unboost|p2a: Dragonite|atk|1
|turn|18
|
|t:|1760451989
|switch|p2a: Zamazenta|Zamazenta|100/100
|-ability|p2a: Zamazenta|Dauntless Shield|boost
|-boost|p2a: Zamazenta|def|1
|move|p1a: Landorus|Stealth Rock|p2a: Zamazenta
|-sidestart|p2: khote|move: Stealth Rock
|
|upkeep
|turn|19
|
|t:|1760452002
|move|p2a: Zamazenta|Substitute|p2a: Zamazenta
|-start|p2a: Zamazenta|Substitute
|-damage|p2a: Zamazenta|75/100
|move|p1a: Landorus|U-turn|p2a: Zamazenta
|-resisted|p2a: Zamazenta
|-activate|p2a: Zamazenta|move: Substitute|[damage]
|
|t:|1760452012
|switch|p1a: Slowking|Slowking-Galar, F|100/100|[from] U-turn
|
|-heal|p2a: Zamazenta|82/100|[from] item: Leftovers
|upkeep
|turn|20
|
|t:|1760452015
|move|p2a: Zamazenta|Crunch|p1a: Slowking
|-supereffective|p1a: Slowking
|-damage|p1a: Slowking|59/100
|-unboost|p1a: Slowking|def|1
|move|p1a: Slowking|Sludge Bomb|p2a: Zamazenta
|-end|p2a: Zamazenta|Substitute
|
|-heal|p2a: Zamazenta|88/100|[from] item: Leftovers
|upkeep
|turn|21
|
|t:|1760452028
|switch|p1a: Landorus|Landorus-Therian, M|79/100
|-ability|p1a: Landorus|Intimidate|boost
|-unboost|p2a: Zamazenta|atk|1
|move|p2a: Zamazenta|Crunch|p1a: Landorus
|-damage|p1a: Landorus|63/100
|-damage|p2a: Zamazenta|71/100|[from] item: Rocky Helmet|[of] p1a: Landorus
|
|-heal|p2a: Zamazenta|78/100|[from] item: Leftovers
|upkeep
|turn|22
|
|t:|1760452035
|move|p2a: Zamazenta|Substitute|p2a: Zamazenta
|-start|p2a: Zamazenta|Substitute
|-damage|p2a: Zamazenta|53/100
|move|p1a: Landorus|U-turn|p2a: Zamazenta
|-resisted|p2a: Zamazenta
|-activate|p2a: Zamazenta|move: Substitute|[damage]
|
|t:|1760452037
|switch|p1a: Slowking|Slowking-Galar, F|93/100|[from] U-turn
|
|-heal|p2a: Zamazenta|59/100|[from] item: Leftovers
|upkeep
|turn|23
|
|t:|1760452045
|move|p2a: Zamazenta|Crunch|p1a: Slowking
|-supereffective|p1a: Slowking
|-damage|p1a: Slowking|64/100
|move|p1a: Slowking|Sludge Bomb|p2a: Zamazenta
|-end|p2a: Zamazenta|Substitute
|
|-heal|p2a: Zamazenta|65/100|[from] item: Leftovers
|upkeep
|turn|24
|
|t:|1760452054
|switch|p2a: Dragonite|Dragonite, F|100/100
|-damage|p2a: Dragonite|76/100|[from] Stealth Rock
|move|p1a: Slowking|Sludge Bomb|p2a: Dragonite
|-damage|p2a: Dragonite|39/100
|-status|p2a: Dragonite|psn
|
|-damage|p2a: Dragonite|26/100 psn|[from] psn
|upkeep
|turn|25
|
|t:|1760452065
|switch|p1a: Ogerpon|Ogerpon-Wellspring, F|25/100
|move|p2a: Dragonite|Extreme Speed|p1a: Ogerpon
|-damage|p1a: Ogerpon|0 fnt
|faint|p1a: Ogerpon
|
|-damage|p2a: Dragonite|14/100 psn|[from] psn
|upkeep
|
|t:|1760452083
|switch|p1a: Landorus|Landorus-Therian, M|63/100
|-ability|p1a: Landorus|Intimidate|boost
|-unboost|p2a: Dragonite|atk|1
|turn|26
|j| Pikmin 13
|l| Pikmin 13
|
|t:|1760452099
|switch|p1a: Kingambit|Kingambit, F|100/100
|-activate|p1a: Kingambit|ability: Supreme Overlord
|-start|p1a: Kingambit|fallen2|[silent]
|move|p2a: Dragonite|Extreme Speed|p1a: Kingambit
|-resisted|p1a: Kingambit
|-damage|p1a: Kingambit|93/100
|
|-heal|p1a: Kingambit|99/100|[from] item: Leftovers
|-damage|p2a: Dragonite|2/100 psn|[from] psn
|upkeep
|turn|27
|
|t:|1760452106
|switch|p2a: Zamazenta|Zamazenta|65/100
|-damage|p2a: Zamazenta|59/100|[from] Stealth Rock
|move|p1a: Kingambit|Swords Dance|p1a: Kingambit
|-boost|p1a: Kingambit|atk|2
|
|-heal|p2a: Zamazenta|65/100|[from] item: Leftovers
|-heal|p1a: Kingambit|100/100|[from] item: Leftovers
|upkeep
|turn|28
|
|t:|1760452113
|-end|p1a: Kingambit|fallen2|[silent]
|switch|p1a: Landorus|Landorus-Therian, M|63/100
|-ability|p1a: Landorus|Intimidate|boost
|-unboost|p2a: Zamazenta|atk|1
|move|p2a: Zamazenta|Iron Defense|p2a: Zamazenta
|-boost|p2a: Zamazenta|def|2
|
|-heal|p2a: Zamazenta|71/100|[from] item: Leftovers
|upkeep
|turn|29
|
|t:|1760452122
|switch|p1a: Slowking|Slowking-Galar, F|97/100
|move|p2a: Zamazenta|Iron Defense|p2a: Zamazenta
|-boost|p2a: Zamazenta|def|2
|
|-heal|p2a: Zamazenta|77/100|[from] item: Leftovers
|upkeep
|turn|30
|
|t:|1760452131
|-terastallize|p2a: Zamazenta|Steel
|move|p2a: Zamazenta|Crunch|p1a: Slowking
|-supereffective|p1a: Slowking
|-damage|p1a: Slowking|70/100
|move|p1a: Slowking|Sludge Bomb|p2a: Zamazenta
|-immune|p2a: Zamazenta
|
|-heal|p2a: Zamazenta|83/100|[from] item: Leftovers
|upkeep
|turn|31
|
|t:|1760452137
|move|p2a: Zamazenta|Crunch|p1a: Slowking
|-supereffective|p1a: Slowking
|-damage|p1a: Slowking|38/100
|move|p1a: Slowking|Flamethrower|p2a: Zamazenta
|-supereffective|p2a: Zamazenta
|-damage|p2a: Zamazenta|40/100
|
|-heal|p2a: Zamazenta|46/100|[from] item: Leftovers
|upkeep
|turn|32
|j| 54 Insane Rats
|
|t:|1760452143
|switch|p1a: Landorus|Landorus-Therian, M|63/100
|-ability|p1a: Landorus|Intimidate|boost
|-unboost|p2a: Zamazenta|atk|1
|move|p2a: Zamazenta|Crunch|p1a: Landorus
|-damage|p1a: Landorus|53/100
|-damage|p2a: Zamazenta|29/100|[from] item: Rocky Helmet|[of] p1a: Landorus
|
|-heal|p2a: Zamazenta|36/100|[from] item: Leftovers
|upkeep
|turn|33
|
|t:|1760452150
|switch|p1a: Hatterene|Hatterene, F|2/100
|move|p2a: Zamazenta|Body Press|p1a: Hatterene
|-resisted|p1a: Hatterene
|-damage|p1a: Hatterene|0 fnt
|-damage|p2a: Zamazenta|19/100|[from] item: Rocky Helmet|[of] p1a: Hatterene
|faint|p1a: Hatterene
|
|-heal|p2a: Zamazenta|25/100|[from] item: Leftovers
|upkeep
|
|t:|1760452152
|switch|p1a: Slowking|Slowking-Galar, F|71/100
|turn|34
|
|t:|1760452157
|switch|p2a: Dragonite|Dragonite, F|2/100 psn
|-damage|p2a: Dragonite|0 fnt|[from] Stealth Rock
|faint|p2a: Dragonite
|move|p1a: Slowking|Flamethrower|p2: Dragonite|[notarget]
|-fail|p1a: Slowking
|
|upkeep
|
|t:|1760452163
|switch|p2a: Iron Valiant|Iron Valiant|100/100
|-damage|p2a: Iron Valiant|94/100|[from] Stealth Rock
|-enditem|p2a: Iron Valiant|Booster Energy
|-activate|p2a: Iron Valiant|ability: Quark Drive|[fromitem]
|-start|p2a: Iron Valiant|quarkdrivespe
|turn|35
|
|t:|1760452165
|move|p2a: Iron Valiant|Shadow Ball|p1a: Slowking
|-supereffective|p1a: Slowking
|-crit|p1a: Slowking
|-damage|p1a: Slowking|30/100
|move|p1a: Slowking|Sludge Bomb|p2a: Iron Valiant
|-supereffective|p2a: Iron Valiant
|-damage|p2a: Iron Valiant|0 fnt
|faint|p2a: Iron Valiant
|-end|p2a: Iron Valiant|Quark Drive|[silent]
|
|upkeep
|
|t:|1760452172
|switch|p2a: Zamazenta|Zamazenta, tera:Steel|25/100
|-damage|p2a: Zamazenta|19/100|[from] Stealth Rock
|turn|36
|
|t:|1760452177
|switch|p1a: Landorus|Landorus-Therian, M|53/100
|-ability|p1a: Landorus|Intimidate|boost
|-unboost|p2a: Zamazenta|atk|1
|move|p2a: Zamazenta|Iron Defense|p2a: Zamazenta
|-boost|p2a: Zamazenta|def|2
|
|-heal|p2a: Zamazenta|25/100|[from] item: Leftovers
|upkeep
|turn|37
|
|t:|1760452184
|move|p2a: Zamazenta|Iron Defense|p2a: Zamazenta
|-boost|p2a: Zamazenta|def|2
|move|p1a: Landorus|U-turn|p2a: Zamazenta
|-resisted|p2a: Zamazenta
|-damage|p2a: Zamazenta|22/100
|
|t:|1760452187
|switch|p1a: Slowking|Slowking-Galar, F|63/100|[from] U-turn
|
|-heal|p2a: Zamazenta|28/100|[from] item: Leftovers
|upkeep
|turn|38
|
|t:|1760452189
|move|p2a: Zamazenta|Crunch|p1a: Slowking
|-supereffective|p1a: Slowking
|-damage|p1a: Slowking|33/100
|move|p1a: Slowking|Flamethrower|p2a: Zamazenta
|-supereffective|p2a: Zamazenta
|-damage|p2a: Zamazenta|0 fnt
|faint|p2a: Zamazenta
|
|win|bepic223
|raw|bepic223's rating: 1726 &rarr; <strong>1746</strong><br />(+20 for winning)
|raw|khote's rating: 1725 &rarr; <strong>1705</strong><br />(-20 for losing)
|l|☆khote
|player|p2|
