|j|☆javiconb
|j|☆Randomizer15
|t:|1760381313
|gametype|singles
|player|p1|javiconb|2|1352
|player|p2|Randomizer15|101|1345
|gen|9
|tier|[Gen 9] OU
|rated|
|rule|HP Percentage Mod: HP is shown in percentages
|rule|Endless Battle Clause: Forcing endless battles is banned
|rule|Species Clause: Limit one of each Pokémon
|rule|OHKO Clause: OHKO moves are banned
|rule|Evasion Items Clause: Evasion items are banned
|rule|Evasion Moves Clause: Evasion moves are banned
|rule|Evasion Abilities Clause: Evasion abilities are banned
|rule|Sleep Moves Clause: Sleep-inducing moves are banned
|clearpoke
|poke|p1|Rabsca, M|
|poke|p1|Slowking-Galar, F|
|poke|p1|Ursaluna, F|
|poke|p1|Azumarill, M|
|poke|p1|Mimikyu, F|
|poke|p1|Kingambit, M|
|poke|p2|Mimikyu, F|
|poke|p2|Ting-Lu|
|poke|p2|Kingambit, F|
|poke|p2|Dragapult, M|
|poke|p2|Ninetales, M|
|poke|p2|Rotom-Wash|
|teampreview
|
|t:|1760381329
|teamsize|p1|6
|teamsize|p2|6
|start
|switch|p1a: Azumarill|Azumarill, M|100/100
|switch|p2a: Dragapult|Dragapult, M|100/100
|turn|1
|
|t:|1760381343
|move|p2a: Dragapult|Will-O-Wisp|p1a: Azumarill
|-status|p1a: Azumarill|brn
|move|p1a: Azumarill|Knock Off|p2a: Dragapult
|-supereffective|p2a: Dragapult
|-damage|p2a: Dragapult|48/100
|-enditem|p2a: Dragapult|Leftovers|[from] move: Knock Off|[of] p1a: Azumarill
|
|-damage|p1a: Azumarill|94/100 brn|[from] brn
|upkeep
|turn|2
|
|t:|1760381351
|move|p2a: Dragapult|U-turn|p1a: Azumarill
|-resisted|p1a: Azumarill
|-damage|p1a: Azumarill|83/100 brn
|
|t:|1760381353
|switch|p2a: Ninetales|Ninetales, M|100/100|[from] U-turn
|-weather|SunnyDay|[from] ability: Drought|[of] p2a: Ninetales
|-item|p2a: Ninetales|Air Balloon
|move|p1a: Azumarill|Play Rough|p2a: Ninetales
|-resisted|p2a: Ninetales
|-damage|p2a: Ninetales|85/100
|-enditem|p2a: Ninetales|Air Balloon
|
|-weather|SunnyDay|[upkeep]
|-damage|p1a: Azumarill|77/100 brn|[from] brn
|upkeep
|turn|3
|
|t:|1760381364
|move|p1a: Azumarill|Aqua Jet|p2a: Ninetales
|-supereffective|p2a: Ninetales
|-damage|p2a: Ninetales|74/100
|move|p2a: Ninetales|Flamethrower|p1a: Azumarill
|-resisted|p1a: Azumarill
|-damage|p1a: Azumarill|64/100 brn
|
|-weather|SunnyDay|[upkeep]
|-damage|p1a: Azumarill|57/100 brn|[from] brn
|upkeep
|turn|4
|
|t:|1760381368
|move|p2a: Ninetales|Psyshock|p1a: Azumarill
|-damage|p1a: Azumarill|43/100 brn
|move|p1a: Azumarill|Liquidation|p2a: Ninetales
|-supereffective|p2a: Ninetales
|-damage|p2a: Ninetales|46/100
|
|-weather|SunnyDay|[upkeep]
|-damage|p1a: Azumarill|36/100 brn|[from] brn
|upkeep
|turn|5
|
|t:|1760381373
|move|p2a: Ninetales|Psyshock|p1a: Azumarill
|-damage|p1a: Azumarill|20/100 brn
|move|p1a: Azumarill|Liquidation|p2a: Ninetales
|-supereffective|p2a: Ninetales
|-damage|p2a: Ninetales|17/100
|
|-weather|SunnyDay|[upkeep]
|-damage|p1a: Azumarill|14/100 brn|[from] brn
|upkeep
|turn|6
|
|t:|1760381379
|move|p1a: Azumarill|Aqua Jet|p2a: Ninetales
|-supereffective|p2a: Ninetales
|-damage|p2a: Ninetales|3/100
|move|p2a: Ninetales|Psyshock|p1a: Azumarill
|-damage|p1a: Azumarill|0 fnt
|faint|p1a: Azumarill
|
|-weather|none
|upkeep
|
|t:|1760381399
|switch|p1a: Slowking|Slowking-Galar, F|100/100
|turn|7
|
|t:|1760381403
|move|p2a: Ninetales|Psyshock|p1a: Slowking
|-damage|p1a: Slowking|84/100
|move|p1a: Slowking|Trick Room|p1a: Slowking
|-fieldstart|move: Trick Room|[of] p1a: Slowking
|
|upkeep
|turn|8
|
|t:|1760381407
|move|p1a: Slowking|Sludge Wave|p2a: Ninetales
|-damage|p2a: Ninetales|0 fnt
|faint|p2a: Ninetales
|-damage|p1a: Slowking|74/100|[from] item: Life Orb
|
|upkeep
|
|t:|1760381412
|switch|p2a: Kingambit|Kingambit, F|100/100
|-activate|p2a: Kingambit|ability: Supreme Overlord
|-start|p2a: Kingambit|fallen1|[silent]
|turn|9
|
|t:|1760381417
|move|p1a: Slowking|Fire Blast|p2a: Kingambit
|-supereffective|p2a: Kingambit
|-damage|p2a: Kingambit|35/100
|-damage|p1a: Slowking|64/100|[from] item: Life Orb
|move|p2a: Kingambit|Kowtow Cleave|p1a: Slowking
|-supereffective|p1a: Slowking
|-damage|p1a: Slowking|0 fnt
|faint|p1a: Slowking
|
|upkeep
|
|t:|1760381429
|switch|p1a: Ursaluna|Ursaluna, F|100/100
|turn|10
|
|t:|1760381432
|-end|p2a: Kingambit|fallen1|[silent]
|switch|p2a: Dragapult|Dragapult, M|48/100
|move|p1a: Ursaluna|Facade|p2a: Dragapult
|-immune|p2a: Dragapult
|
|-status|p1a: Ursaluna|brn|[from] item: Flame Orb
|upkeep
|turn|11
|
|t:|1760381437
|move|p1a: Ursaluna|Crunch|p2a: Dragapult
|-supereffective|p2a: Dragapult
|-damage|p2a: Dragapult|0 fnt
|faint|p2a: Dragapult
|
|-damage|p1a: Ursaluna|94/100 brn|[from] brn
|-fieldend|move: Trick Room
|upkeep
|
|t:|1760381446
|switch|p2a: Mimikyu|Mimikyu, F|100/100
|turn|12
|
|t:|1760381460
|switch|p1a: Kingambit|Kingambit, M|100/100
|-activate|p1a: Kingambit|ability: Supreme Overlord
|-start|p1a: Kingambit|fallen2|[silent]
|move|p2a: Mimikyu|Swords Dance|p2a: Mimikyu
|-boost|p2a: Mimikyu|atk|2
|
|upkeep
|turn|13
|
|t:|1760381468
|move|p2a: Mimikyu|Play Rough|p1a: Kingambit
|-damage|p1a: Kingambit|32/100
|-unboost|p1a: Kingambit|atk|1
|-damage|p2a: Mimikyu|91/100|[from] item: Life Orb
|move|p1a: Kingambit|Kowtow Cleave|p2a: Mimikyu
|-activate|p2a: Mimikyu|ability: Disguise
|-damage|p2a: Mimikyu|91/100
|detailschange|p2a: Mimikyu|Mimikyu-Busted, F
|-damage|p2a: Mimikyu|78/100|[from] pokemon: Mimikyu-Busted
|
|upkeep
|turn|14
|
|t:|1760381476
|move|p1a: Kingambit|Sucker Punch|p2a: Mimikyu
|-damage|p2a: Mimikyu|14/100
|move|p2a: Mimikyu|Play Rough|p1a: Kingambit
|-damage|p1a: Kingambit|0 fnt
|faint|p1a: Kingambit
|-end|p1a: Kingambit|fallen2|[silent]
|-damage|p2a: Mimikyu|4/100|[from] item: Life Orb
|
|upkeep
|
|t:|1760381489
|switch|p1a: Mimikyu|Mimikyu, F|100/100
|turn|15
|
|t:|1760381490
|move|p2a: Mimikyu|Shadow Sneak|p1a: Mimikyu
|-activate|p1a: Mimikyu|ability: Disguise
|-damage|p1a: Mimikyu|100/100
|detailschange|p1a: Mimikyu|Mimikyu-Busted, F
|-damage|p1a: Mimikyu|88/100|[from] pokemon: Mimikyu-Busted
|-damage|p2a: Mimikyu|0 fnt|[from] item: Life Orb
|faint|p2a: Mimikyu
|move|p1a: Mimikyu|Shadow Sneak|p2: Mimikyu|[notarget]
|-fail|p1a: Mimikyu
|
|upkeep
|
|t:|1760381496
|switch|p2a: Ting-Lu|Ting-Lu|100/100
|-ability|p2a: Ting-Lu|Vessel of Ruin
|turn|16
|
|t:|1760381502
|move|p2a: Ting-Lu|Throat Chop|p1a: Mimikyu
|-damage|p1a: Mimikyu|50/100
|-start|p1a: Mimikyu|Throat Chop|[silent]
|move|p1a: Mimikyu|Trick Room|p1a: Mimikyu
|-fieldstart|move: Trick Room|[of] p1a: Mimikyu
|
|upkeep
|turn|17
|
|t:|1760381509
|move|p2a: Ting-Lu|Ruination|p1a: Mimikyu
|-damage|p1a: Mimikyu|25/100
|move|p1a: Mimikyu|Curse|p2a: Ting-Lu
|-start|p2a: Ting-Lu|Curse|[of] p1a: Mimikyu
|-damage|p1a: Mimikyu|0 fnt
|faint|p1a: Mimikyu
|
|-damage|p2a: Ting-Lu|76/100|[from] Curse
|upkeep
|
|t:|1760381513
|switch|p1a: Ursaluna|Ursaluna, F|94/100 brn
|turn|18
|inactive|Battle timer is ON: inactive players will automatically lose when time's up. (requested by javiconb)
|
|t:|1760381524
|switch|p2a: Rotom|Rotom-Wash|100/100
|-terastallize|p1a: Ursaluna|Normal
|move|p1a: Ursaluna|Facade|p2a: Rotom
|-damage|p2a: Rotom|0 fnt
|faint|p2a: Rotom
|
|-damage|p1a: Ursaluna|88/100 brn|[from] brn
|upkeep
|
|t:|1760381529
|switch|p2a: Ting-Lu|Ting-Lu|76/100
|-ability|p2a: Ting-Lu|Vessel of Ruin
|turn|19
|
|t:|1760381535
|-terastallize|p2a: Ting-Lu|Fighting
|move|p1a: Ursaluna|Facade|p2a: Ting-Lu
|-damage|p2a: Ting-Lu|9/100
|move|p2a: Ting-Lu|Body Press|p1a: Ursaluna
|-supereffective|p1a: Ursaluna
|-damage|p1a: Ursaluna|26/100 brn
|
|-damage|p1a: Ursaluna|20/100 brn|[from] brn
|upkeep
|turn|20
|
|t:|1760381544
|move|p1a: Ursaluna|Facade|p2a: Ting-Lu
|-damage|p2a: Ting-Lu|0 fnt
|faint|p2a: Ting-Lu
|
|-damage|p1a: Ursaluna|14/100 brn|[from] brn
|-fieldend|move: Trick Room
|upkeep
|
|t:|1760381546
|switch|p2a: Kingambit|Kingambit, F|35/100
|-activate|p2a: Kingambit|ability: Supreme Overlord
|-start|p2a: Kingambit|fallen5|[silent]
|turn|21
|
|t:|1760381550
|move|p2a: Kingambit|Kowtow Cleave|p1a: Ursaluna
|-damage|p1a: Ursaluna|0 fnt
|faint|p1a: Ursaluna
|
|upkeep
|
|t:|1760381554
|switch|p1a: Rabsca|Rabsca, M|100/100
|turn|22
|
|t:|1760381556
|move|p2a: Kingambit|Kowtow Cleave|p1a: Rabsca
|-supereffective|p1a: Rabsca
|-damage|p1a: Rabsca|0 fnt
|faint|p1a: Rabsca
|
|win|Randomizer15
|raw|javiconb's rating: 1352 &rarr; <strong>1332</strong><br />(-20 for losing)
|raw|Randomizer15's rating: 1345 &rarr; <strong>1365</strong><br />(+20 for winning)
|l|☆javiconb
|player|p1|
|l|☆Randomizer15
|player|p2|
