|j|☆R1kka
|j|☆matias nk
|t:|1760449428
|gametype|singles
|player|p1|R1kka|karen|1427
|player|p2|matias nk|265|1407
|gen|9
|tier|[Gen 9] OU
|rated|
|rule|HP Percentage Mod: HP is shown in percentages
|rule|Endless Battle Clause: Forcing endless battles is banned
|rule|Species Clause: Limit one of each Pokémon
|rule|OHKO Clause: OHKO moves are banned
|rule|Evasion Items Clause: Evasion items are banned
|rule|Evasion Moves Clause: Evasion moves are banned
|rule|Evasion Abilities Clause: Evasion abilities are banned
|rule|Sleep Moves Clause: Sleep-inducing moves are banned
|clearpoke
|poke|p1|Garganacl, F|
|poke|p1|Dragapult, F|
|poke|p1|Ogerpon-Wellspring, F|
|poke|p1|Moltres|
|poke|p1|Zamazenta-*|
|poke|p1|Iron Treads|
|poke|p2|Blaziken, M|
|poke|p2|Thundurus-Therian, M|
|poke|p2|Milotic, F|
|poke|p2|Garchomp, M|
|poke|p2|Serperior, M|
|poke|p2|Grafaiai, M|
|teampreview
|inactive|Battle timer is ON: inactive players will automatically lose when time's up. (requested by matias nk)
|
|t:|1760449467
|teamsize|p1|6
|teamsize|p2|6
|start
|switch|p1a: Dragapult|Dragapult, F|100/100
|switch|p2a: Grafaiai|Grafaiai, M, shiny|100/100
|turn|1
|
|t:|1760449488
|switch|p1a: Garganacl|Garganacl, F|100/100
|move|p2a: Grafaiai|Parting Shot|p1a: Garganacl
|-unboost|p1a: Garganacl|atk|1
|-unboost|p1a: Garganacl|spa|1
|
|t:|1760449491
|switch|p2a: Serperior|Serperior, M|100/100|[from] Parting Shot
|
|upkeep
|turn|2
|
|t:|1760449494
|-terastallize|p1a: Garganacl|Electric
|move|p2a: Serperior|Leaf Storm|p1a: Garganacl|[miss]
|-miss|p2a: Serperior|p1a: Garganacl
|move|p1a: Garganacl|Salt Cure|p2a: Serperior
|-damage|p2a: Serperior|89/100
|-start|p2a: Serperior|Salt Cure
|
|-damage|p2a: Serperior|76/100|[from] Salt Cure
|upkeep
|turn|3
|
|t:|1760449504
|switch|p2a: Garchomp|Garchomp, M, shiny|100/100
|move|p1a: Garganacl|Salt Cure|p2a: Garchomp
|-resisted|p2a: Garchomp
|-damage|p2a: Garchomp|98/100
|-start|p2a: Garchomp|Salt Cure
|
|-damage|p2a: Garchomp|85/100|[from] Salt Cure
|upkeep
|turn|4
|
|t:|1760449508
|switch|p1a: Moltres|Moltres|100/100
|move|p2a: Garchomp|Stealth Rock|p1a: Moltres
|-sidestart|p1: R1kka|move: Stealth Rock
|
|-damage|p2a: Garchomp|73/100|[from] Salt Cure
|upkeep
|turn|5
|
|t:|1760449512
|switch|p2a: Milotic|Milotic, F, shiny|100/100
|move|p1a: Moltres|Will-O-Wisp|p2a: Milotic
|-status|p2a: Milotic|brn
|
|-damage|p2a: Milotic|94/100 brn|[from] brn
|upkeep
|turn|6
|
|t:|1760449535
|switch|p1a: Garganacl|Garganacl, F, tera:Electric|100/100
|-damage|p1a: Garganacl|88/100|[from] Stealth Rock
|move|p2a: Milotic|Scald|p1a: Garganacl
|-damage|p1a: Garganacl|69/100
|
|-heal|p2a: Milotic|100/100 brn|[from] item: Leftovers
|-heal|p1a: Garganacl|75/100|[from] item: Leftovers
|-damage|p2a: Milotic|94/100 brn|[from] brn
|upkeep
|turn|7
|
|t:|1760449544
|switch|p2a: Garchomp|Garchomp, M, shiny|73/100
|move|p1a: Garganacl|Iron Defense|p1a: Garganacl
|-boost|p1a: Garganacl|def|2
|
|-heal|p1a: Garganacl|82/100|[from] item: Leftovers
|upkeep
|turn|8
|
|t:|1760449555
|move|p1a: Garganacl|Iron Defense|p1a: Garganacl
|-boost|p1a: Garganacl|def|2
|move|p2a: Garchomp|Dragon Tail|p1a: Garganacl
|-damage|p1a: Garganacl|75/100
|drag|p1a: Ogerpon|Ogerpon-Wellspring, F|100/100
|-damage|p1a: Ogerpon|88/100|[from] Stealth Rock
|
|upkeep
|turn|9
|
|t:|1760449574
|switch|p1a: Moltres|Moltres|100/100
|move|p2a: Garchomp|Dragon Tail|p1a: Moltres
|-damage|p1a: Moltres|79/100
|drag|p1a: Ogerpon|Ogerpon-Wellspring, F|88/100
|-damage|p1a: Ogerpon|76/100|[from] Stealth Rock
|
|upkeep
|turn|10
|
|t:|1760449588
|move|p1a: Ogerpon|Ivy Cudgel|p2a: Garchomp|[anim] Ivy Cudgel Water
|-crit|p2a: Garchomp
|-damage|p2a: Garchomp|20/100
|move|p2a: Garchomp|Dragon Tail|p1a: Ogerpon
|-damage|p1a: Ogerpon|50/100
|drag|p1a: Zamazenta|Zamazenta|100/100
|-damage|p1a: Zamazenta|94/100|[from] Stealth Rock
|-ability|p1a: Zamazenta|Dauntless Shield|boost
|-boost|p1a: Zamazenta|def|1
|
|upkeep
|turn|11
|
|t:|1760449598
|move|p1a: Zamazenta|Ice Fang|p2a: Garchomp
|-supereffective|p2a: Garchomp
|-damage|p2a: Garchomp|0 fnt
|-damage|p1a: Zamazenta|82/100|[from] ability: Rough Skin|[of] p2a: Garchomp
|-damage|p1a: Zamazenta|65/100|[from] item: Rocky Helmet|[of] p2a: Garchomp
|faint|p2a: Garchomp
|
|upkeep
|
|t:|1760449611
|switch|p2a: Serperior|Serperior, M|76/100
|turn|12
|
|t:|1760449625
|switch|p1a: Garganacl|Garganacl, F, tera:Electric|75/100
|-damage|p1a: Garganacl|63/100|[from] Stealth Rock
|move|p2a: Serperior|Leaf Storm|p1a: Garganacl
|-damage|p1a: Garganacl|32/100
|-boost|p2a: Serperior|spa|2
|
|-heal|p1a: Garganacl|38/100|[from] item: Leftovers
|upkeep
|turn|13
|
|t:|1760449630
|move|p2a: Serperior|Leaf Storm|p1a: Garganacl|[miss]
|-miss|p2a: Serperior|p1a: Garganacl
|move|p1a: Garganacl|Recover|p1a: Garganacl
|-heal|p1a: Garganacl|88/100
|
|-heal|p1a: Garganacl|94/100|[from] item: Leftovers
|upkeep
|turn|14
|
|t:|1760449634
|move|p2a: Serperior|Leaf Storm|p1a: Garganacl
|-damage|p1a: Garganacl|36/100
|-boost|p2a: Serperior|spa|2
|move|p1a: Garganacl|Salt Cure|p2a: Serperior
|-crit|p2a: Serperior
|-damage|p2a: Serperior|49/100
|-start|p2a: Serperior|Salt Cure
|
|-heal|p1a: Garganacl|43/100|[from] item: Leftovers
|-damage|p2a: Serperior|37/100|[from] Salt Cure
|upkeep
|turn|15
|
|t:|1760449647
|switch|p1a: Moltres|Moltres|79/100
|move|p2a: Serperior|Leaf Storm|p1a: Moltres|[miss]
|-miss|p2a: Serperior|p1a: Moltres
|
|-damage|p2a: Serperior|25/100|[from] Salt Cure
|upkeep
|turn|16
|
|t:|1760449673
|move|p2a: Serperior|Dragon Pulse|p1a: Moltres
|-damage|p1a: Moltres|24/100
|move|p1a: Moltres|Roost|p1a: Moltres
|-heal|p1a: Moltres|74/100
|-singleturn|p1a: Moltres|move: Roost
|
|-damage|p2a: Serperior|12/100|[from] Salt Cure
|upkeep
|turn|17
|
|t:|1760449680
|move|p2a: Serperior|Dragon Pulse|p1a: Moltres
|-damage|p1a: Moltres|21/100
|move|p1a: Moltres|Roost|p1a: Moltres
|-heal|p1a: Moltres|71/100
|-singleturn|p1a: Moltres|move: Roost
|
|-damage|p2a: Serperior|0 fnt|[from] Salt Cure
|faint|p2a: Serperior
|upkeep
|
|t:|1760449683
|switch|p2a: Thundurus|Thundurus-Therian, M|100/100
|turn|18
|
|t:|1760449701
|switch|p1a: Iron Treads|Iron Treads|100/100
|-damage|p1a: Iron Treads|98/100|[from] Stealth Rock
|-terastallize|p2a: Thundurus|Flying
|move|p2a: Thundurus|Tera Blast|p1a: Iron Treads|[anim] Tera Blast Flying
|-resisted|p1a: Iron Treads
|-damage|p1a: Iron Treads|64/100
|
|-heal|p1a: Iron Treads|70/100|[from] item: Leftovers
|upkeep
|turn|19
|
|t:|1760449714
|move|p2a: Thundurus|Tera Blast|p1a: Iron Treads|[anim] Tera Blast Flying
|-resisted|p1a: Iron Treads
|-damage|p1a: Iron Treads|35/100
|move|p1a: Iron Treads|Rapid Spin|p2a: Thundurus
|-damage|p2a: Thundurus|80/100
|-boost|p1a: Iron Treads|spe|1
|-sideend|p1: R1kka|Stealth Rock|[from] move: Rapid Spin|[of] p1a: Iron Treads
|
|-heal|p1a: Iron Treads|41/100|[from] item: Leftovers
|upkeep
|turn|20
|
|t:|1760449720
|move|p1a: Iron Treads|Stealth Rock|p2a: Thundurus
|-sidestart|p2: matias nk|move: Stealth Rock
|move|p2a: Thundurus|Tera Blast|p1a: Iron Treads|[anim] Tera Blast Flying
|-resisted|p1a: Iron Treads
|-damage|p1a: Iron Treads|5/100
|
|-heal|p1a: Iron Treads|11/100|[from] item: Leftovers
|upkeep
|turn|21
|
|t:|1760449726
|-end|p1a: Iron Treads|Quark Drive|[silent]
|switch|p1a: Moltres|Moltres|71/100
|move|p2a: Thundurus|Tera Blast|p1a: Moltres|[anim] Tera Blast Flying
|-damage|p1a: Moltres|0 fnt
|faint|p1a: Moltres
|
|upkeep
|
|t:|1760449731
|switch|p1a: Dragapult|Dragapult, F|100/100
|turn|22
|
|t:|1760449734
|move|p1a: Dragapult|Draco Meteor|p2a: Thundurus
|-damage|p2a: Thundurus|6/100
|-unboost|p1a: Dragapult|spa|2
|move|p2a: Thundurus|Tera Blast|p1a: Dragapult|[anim] Tera Blast Flying
|-damage|p1a: Dragapult|0 fnt
|faint|p1a: Dragapult
|
|upkeep
|
|t:|1760449741
|switch|p1a: Zamazenta|Zamazenta|65/100
|turn|23
|
|t:|1760449744
|move|p1a: Zamazenta|Ice Fang|p2a: Thundurus
|-supereffective|p2a: Thundurus
|-damage|p2a: Thundurus|0 fnt
|faint|p2a: Thundurus
|
|upkeep
|
|t:|1760449754
|switch|p2a: Grafaiai|Grafaiai, M, shiny|100/100
|-damage|p2a: Grafaiai|88/100|[from] Stealth Rock
|turn|24
|inactive|R1kka has 120 seconds left.
|l|☆R1kka
|inactive|R1kka disconnected and has a minute to reconnect!
|player|p1|
|j|☆R1kka
|inactive|R1kka reconnected and has 90 seconds left.
|player|p1|R1kka|karen|
|
|t:|1760449827
|move|p2a: Grafaiai|Parting Shot|p1a: Zamazenta
|-unboost|p1a: Zamazenta|atk|1
|-unboost|p1a: Zamazenta|spa|1
|
|t:|1760449848
|switch|p2a: Milotic|Milotic, F, shiny|94/100 brn|[from] Parting Shot
|-damage|p2a: Milotic|82/100 brn|[from] Stealth Rock
|move|p1a: Zamazenta|Close Combat|p2a: Milotic
|-damage|p2a: Milotic|39/100 brn
|-unboost|p1a: Zamazenta|def|1
|-unboost|p1a: Zamazenta|spd|1
|
|-heal|p2a: Milotic|45/100 brn|[from] item: Leftovers
|-damage|p2a: Milotic|39/100 brn|[from] brn
|upkeep
|turn|25
|inactive|R1kka has 90 seconds left.
|inactive|R1kka has 60 seconds left.
|inactive|R1kka has 30 seconds left.
|inactive|R1kka has 20 seconds left.
|inactive|R1kka has 15 seconds left.
|inactive|R1kka has 10 seconds left.
|inactive|R1kka has 5 seconds left.
|-message|R1kka lost due to inactivity.
|
|win|matias nk
|raw|R1kka's rating: 1427 &rarr; <strong>1406</strong><br />(-21 for losing)
|raw|matias nk's rating: 1407 &rarr; <strong>1428</strong><br />(+21 for winning)
|l|☆R1kka
|player|p1|
|l|☆matias nk
|player|p2|
