|j|☆Jean Castex
|j|☆Cocomao7
|t:|1760442862
|gametype|singles
|player|p1|Jean Castex|swimmerm-gen2|1094
|player|p2|Cocomao7|biker-gen4|1078
|gen|9
|tier|[Gen 9] OU
|rated|
|rule|HP Percentage Mod: HP is shown in percentages
|rule|Endless Battle Clause: Forcing endless battles is banned
|rule|Species Clause: Limit one of each Pokémon
|rule|OHKO Clause: OHKO moves are banned
|rule|Evasion Items Clause: Evasion items are banned
|rule|Evasion Moves Clause: Evasion moves are banned
|rule|Evasion Abilities Clause: Evasion abilities are banned
|rule|Sleep Moves Clause: Sleep-inducing moves are banned
|clearpoke
|poke|p1|Venusaur, M|
|poke|p1|Ninetales, M|
|poke|p1|Slowking-Galar, M|
|poke|p1|Torkoal, M|
|poke|p1|Darkrai|
|poke|p1|Kyurem|
|poke|p2|Torkoal, F|
|poke|p2|Blaziken, F|
|poke|p2|Grafaiai, M|
|poke|p2|Venusaur, M|
|poke|p2|Quagsire, F|
|poke|p2|Mamoswine, M|
|teampreview
|inactive|Battle timer is ON: inactive players will automatically lose when time's up. (requested by Cocomao7)
|inactive|Jean Castex also wants the timer to be on.
|j| CharcoalLindo
|l| CharcoalLindo
|inactive|Jean Castex has 120 seconds left.
|
|t:|1760442906
|teamsize|p1|6
|teamsize|p2|6
|start
|switch|p1a: Kyurem|Kyurem|100/100
|switch|p2a: JohnnySomali|Grafaiai, M|100/100
|-ability|p1a: Kyurem|Pressure
|turn|1
|
|t:|1760442914
|move|p2a: JohnnySomali|Knock Off|p1a: Kyurem
|-damage|p1a: Kyurem|76/100
|-enditem|p1a: Kyurem|Choice Specs|[from] move: Knock Off|[of] p2a: JohnnySomali
|move|p1a: Kyurem|Earth Power|p2a: JohnnySomali
|-supereffective|p2a: JohnnySomali
|-enditem|p2a: JohnnySomali|Focus Sash
|-damage|p2a: JohnnySomali|1/100
|
|upkeep
|turn|2
|
|t:|1760442925
|move|p2a: JohnnySomali|Parting Shot|p1a: Kyurem
|-unboost|p1a: Kyurem|atk|1
|-unboost|p1a: Kyurem|spa|1
|
|t:|1760442928
|switch|p2a: ShinyVedal|Torkoal, F|100/100|[from] Parting Shot
|-weather|SunnyDay|[from] ability: Drought|[of] p2a: ShinyVedal
|move|p1a: Kyurem|Ice Beam|p2a: ShinyVedal
|-resisted|p2a: ShinyVedal
|-damage|p2a: ShinyVedal|83/100
|
|-weather|SunnyDay|[upkeep]
|upkeep
|turn|3
|
|t:|1760442938
|switch|p1a: Slowking|Slowking-Galar, M|100/100
|move|p2a: ShinyVedal|Stealth Rock|p1a: Slowking
|-sidestart|p1: Jean Castex|move: Stealth Rock
|
|-weather|SunnyDay|[upkeep]
|upkeep
|turn|4
|
|t:|1760442959
|switch|p2a: JohnnySomali|Grafaiai, M|1/100
|move|p1a: Slowking|Sludge Bomb|p2a: JohnnySomali
|-resisted|p2a: JohnnySomali
|-damage|p2a: JohnnySomali|0 fnt
|faint|p2a: JohnnySomali
|
|-weather|SunnyDay|[upkeep]
|upkeep
|
|t:|1760442969
|switch|p2a: Old Tusk|Mamoswine, M|100/100
|turn|5
|
|t:|1760442986
|move|p2a: Old Tusk|Earthquake|p1a: Slowking
|-supereffective|p1a: Slowking
|-damage|p1a: Slowking|3/100
|move|p1a: Slowking|Fire Blast|p2a: Old Tusk
|-supereffective|p2a: Old Tusk
|-damage|p2a: Old Tusk|25/100
|-enditem|p2a: Old Tusk|Weakness Policy
|-boost|p2a: Old Tusk|atk|2|[from] item: Weakness Policy
|-boost|p2a: Old Tusk|spa|2|[from] item: Weakness Policy
|
|-weather|SunnyDay|[upkeep]
|upkeep
|turn|6
|
|t:|1760442998
|move|p2a: Old Tusk|Trailblaze|p1a: Slowking
|-resisted|p1a: Slowking
|-damage|p1a: Slowking|0 fnt
|-boost|p2a: Old Tusk|spe|1
|faint|p1a: Slowking
|
|-weather|SunnyDay|[upkeep]
|upkeep
|
|t:|1760443004
|switch|p1a: Venusaur|Venusaur, M|100/100
|-damage|p1a: Venusaur|88/100|[from] Stealth Rock
|turn|7
|
|t:|1760443009
|-terastallize|p1a: Venusaur|Fire
|-terastallize|p2a: Old Tusk|Ice
|move|p2a: Old Tusk|Ice Shard|p1a: Venusaur
|-resisted|p1a: Venusaur
|-damage|p1a: Venusaur|54/100
|move|p1a: Venusaur|Solar Beam||[still]
|-prepare|p1a: Venusaur|Solar Beam
|-anim|p1a: Venusaur|Solar Beam|p2a: Old Tusk
|-damage|p2a: Old Tusk|0 fnt
|faint|p2a: Old Tusk
|-damage|p1a: Venusaur|44/100|[from] item: Life Orb
|
|-weather|SunnyDay|[upkeep]
|upkeep
|
|t:|1760443024
|switch|p2a: YourMom|Venusaur, M|100/100
|turn|8
|
|t:|1760443031
|move|p2a: YourMom|Sludge Bomb|p1a: Venusaur
|-damage|p1a: Venusaur|3/100
|-status|p1a: Venusaur|psn
|move|p1a: Venusaur|Sludge Bomb|p2a: YourMom
|-damage|p2a: YourMom|43/100
|-damage|p1a: Venusaur|0 fnt|[from] item: Life Orb
|faint|p1a: Venusaur
|
|-weather|SunnyDay|[upkeep]
|-heal|p2a: YourMom|49/100|[from] item: Black Sludge
|upkeep
|
|t:|1760443041
|switch|p1a: Torkoal|Torkoal, M|100/100
|turn|9
|
|t:|1760443049
|move|p2a: YourMom|Toxic|p1a: Torkoal
|-status|p1a: Torkoal|tox
|move|p1a: Torkoal|Rapid Spin|p2a: YourMom
|-damage|p2a: YourMom|38/100
|-boost|p1a: Torkoal|spe|1
|-sideend|p1: Jean Castex|Stealth Rock|[from] move: Rapid Spin|[of] p1a: Torkoal
|
|-weather|none
|-heal|p2a: YourMom|45/100|[from] item: Black Sludge
|-damage|p1a: Torkoal|94/100 tox|[from] psn
|upkeep
|turn|10
|
|t:|1760443061
|move|p2a: YourMom|Sludge Bomb|p1a: Torkoal
|-damage|p1a: Torkoal|49/100 tox
|move|p1a: Torkoal|Stealth Rock|p2a: YourMom
|-sidestart|p2: Cocomao7|move: Stealth Rock
|
|-heal|p2a: YourMom|51/100|[from] item: Black Sludge
|-damage|p1a: Torkoal|37/100 tox|[from] psn
|upkeep
|turn|11
|
|t:|1760443071
|move|p2a: YourMom|Sludge Bomb|p1a: Torkoal
|-damage|p1a: Torkoal|0 fnt
|faint|p1a: Torkoal
|
|-heal|p2a: YourMom|57/100|[from] item: Black Sludge
|upkeep
|
|t:|1760443075
|switch|p1a: Kyurem|Kyurem|76/100
|-ability|p1a: Kyurem|Pressure
|turn|12
|
|t:|1760443082
|switch|p2a: ShinyVedal|Torkoal, F|83/100
|-damage|p2a: ShinyVedal|58/100|[from] Stealth Rock
|-weather|SunnyDay|[from] ability: Drought|[of] p2a: ShinyVedal
|move|p1a: Kyurem|Ice Beam|p2a: ShinyVedal
|-resisted|p2a: ShinyVedal
|-damage|p2a: ShinyVedal|30/100
|
|-weather|SunnyDay|[upkeep]
|upkeep
|turn|13
|
|t:|1760443095
|move|p1a: Kyurem|Earth Power|p2a: ShinyVedal
|-supereffective|p2a: ShinyVedal
|-damage|p2a: ShinyVedal|0 fnt
|faint|p2a: ShinyVedal
|
|-weather|SunnyDay|[upkeep]
|upkeep
|
|t:|1760443105
|switch|p2a: ProtectSpeedBstMan|Blaziken, F, shiny|100/100
|-damage|p2a: ProtectSpeedBstMan|88/100|[from] Stealth Rock
|turn|14
|
|t:|1760443113
|move|p2a: ProtectSpeedBstMan|Detect|p2a: ProtectSpeedBstMan
|-singleturn|p2a: ProtectSpeedBstMan|Protect
|move|p1a: Kyurem|Earth Power|p2a: ProtectSpeedBstMan
|-activate|p2a: ProtectSpeedBstMan|move: Protect
|
|-weather|SunnyDay|[upkeep]
|-ability|p2a: ProtectSpeedBstMan|Speed Boost|boost
|-boost|p2a: ProtectSpeedBstMan|spe|1
|upkeep
|turn|15
|
|t:|1760443124
|move|p2a: ProtectSpeedBstMan|Overheat|p1a: Kyurem
|-crit|p1a: Kyurem
|-damage|p1a: Kyurem|0 fnt
|-unboost|p2a: ProtectSpeedBstMan|spa|2
|faint|p1a: Kyurem
|
|-weather|SunnyDay|[upkeep]
|-ability|p2a: ProtectSpeedBstMan|Speed Boost|boost
|-boost|p2a: ProtectSpeedBstMan|spe|1
|upkeep
|
|t:|1760443132
|switch|p1a: Ninetales|Ninetales, M|100/100
|turn|16
|
|t:|1760443137
|move|p2a: ProtectSpeedBstMan|Focus Energy|p2a: ProtectSpeedBstMan
|-start|p2a: ProtectSpeedBstMan|move: Focus Energy
|move|p1a: Ninetales|Nasty Plot|p1a: Ninetales
|-boost|p1a: Ninetales|spa|2
|
|-weather|SunnyDay|[upkeep]
|-ability|p2a: ProtectSpeedBstMan|Speed Boost|boost
|-boost|p2a: ProtectSpeedBstMan|spe|1
|upkeep
|turn|17
|
|t:|1760443160
|move|p2a: ProtectSpeedBstMan|Overheat|p1a: Ninetales
|-resisted|p1a: Ninetales
|-crit|p1a: Ninetales
|-damage|p1a: Ninetales|13/100
|-unboost|p2a: ProtectSpeedBstMan|spa|2
|move|p1a: Ninetales|Scorching Sands|p2a: ProtectSpeedBstMan
|-supereffective|p2a: ProtectSpeedBstMan
|-damage|p2a: ProtectSpeedBstMan|0 fnt
|faint|p2a: ProtectSpeedBstMan
|
|-weather|SunnyDay|[upkeep]
|upkeep
|
|t:|1760443171
|switch|p2a: YourMom|Venusaur, M|57/100
|-damage|p2a: YourMom|44/100|[from] Stealth Rock
|turn|18
|
|t:|1760443176
|move|p2a: YourMom|Sludge Bomb|p1a: Ninetales
|-damage|p1a: Ninetales|0 fnt
|faint|p1a: Ninetales
|
|-weather|SunnyDay|[upkeep]
|-heal|p2a: YourMom|50/100|[from] item: Black Sludge
|upkeep
|
|t:|1760443182
|switch|p1a: Darkrai|Darkrai|100/100
|turn|19
|
|t:|1760443187
|move|p2a: YourMom|Leech Seed|p1a: Darkrai
|-start|p1a: Darkrai|move: Leech Seed
|move|p1a: Darkrai|Nasty Plot|p1a: Darkrai
|-boost|p1a: Darkrai|spa|2
|
|-weather|none
|-heal|p2a: YourMom|56/100|[from] item: Black Sludge
|-damage|p1a: Darkrai|88/100|[from] Leech Seed|[of] p2a: YourMom
|-heal|p2a: YourMom|67/100|[silent]
|upkeep
|turn|20
|
|t:|1760443197
|move|p1a: Darkrai|Dark Pulse|p2a: YourMom
|-damage|p2a: YourMom|0 fnt
|faint|p2a: YourMom
|-damage|p1a: Darkrai|78/100|[from] item: Life Orb
|
|upkeep
|
|t:|1760443203
|switch|p2a: YourWife|Quagsire, F, shiny|100/100
|-damage|p2a: YourWife|94/100|[from] Stealth Rock
|turn|21
|
|t:|1760443209
|move|p1a: Darkrai|Dark Pulse|p2a: YourWife
|-damage|p2a: YourWife|38/100
|-damage|p1a: Darkrai|68/100|[from] item: Life Orb
|move|p2a: YourWife|Earthquake|p1a: Darkrai
|-damage|p1a: Darkrai|21/100
|
|-heal|p2a: YourWife|44/100|[from] item: Leftovers
|-damage|p1a: Darkrai|8/100|[from] Leech Seed|[of] p2a: YourWife
|-heal|p2a: YourWife|53/100|[silent]
|upkeep
|turn|22
|
|t:|1760443220
|move|p1a: Darkrai|Dark Pulse|p2a: YourWife
|-damage|p2a: YourWife|0 fnt
|faint|p2a: YourWife
|-damage|p1a: Darkrai|0 fnt|[from] item: Life Orb
|faint|p1a: Darkrai
|
|win|Jean Castex
|raw|Jean Castex's rating: 1094 &rarr; <strong>1119</strong><br />(+25 for winning)
|raw|Cocomao7's rating: 1078 &rarr; <strong>1057</strong><br />(-21 for losing)
|l|☆Cocomao7
|player|p2|
