|j|☆hautototo0
|j|☆valentin.loir
|t:|1760352988
|gametype|singles
|player|p1|hautototo0|youngster-gen4dp|1029
|player|p2|valentin.loir|265|1000
|gen|9
|tier|[Gen 9] OU
|rated|
|rule|HP Percentage Mod: HP is shown in percentages
|rule|Endless Battle Clause: Forcing endless battles is banned
|rule|Species Clause: Limit one of each Pokémon
|rule|OHKO Clause: OHKO moves are banned
|rule|Evasion Items Clause: Evasion items are banned
|rule|Evasion Moves Clause: Evasion moves are banned
|rule|Evasion Abilities Clause: Evasion abilities are banned
|rule|Sleep Moves Clause: Sleep-inducing moves are banned
|clearpoke
|poke|p1|Tepig, F|
|poke|p1|Regice|
|poke|p1|Flittle, F|
|poke|p1|Entei|
|poke|p1|Bronzong|
|poke|p1|Basculin-White-Striped, F|
|poke|p2|Comfey, F|
|poke|p2|Meganium, F|
|poke|p2|Forretress, M|
|poke|p2|Clodsire, F|
|poke|p2|Ribombee, F|
|poke|p2|Garganacl, F|
|teampreview
|
|t:|1760352994
|teamsize|p1|6
|teamsize|p2|6
|start
|switch|p1a: Flittle|Flittle, F, shiny|100/100
|switch|p2a: Ribombee|Ribombee, F|100/100
|turn|1
|
|t:|1760353000
|move|p2a: Ribombee|Sticky Web|p1a: Flittle
|-sidestart|p1: hautototo0|move: Sticky Web
|move|p1a: Flittle|Calm Mind|p1a: Flittle
|-boost|p1a: Flittle|spa|1
|-boost|p1a: Flittle|spd|1
|
|-ability|p1a: Flittle|Speed Boost|boost
|-boost|p1a: Flittle|spe|1
|upkeep
|turn|2
|
|t:|1760353009
|move|p2a: Ribombee|Light Screen|p2a: Ribombee
|-sidestart|p2: valentin.loir|move: Light Screen
|move|p1a: Flittle|Calm Mind|p1a: Flittle
|-boost|p1a: Flittle|spa|1
|-boost|p1a: Flittle|spd|1
|
|-ability|p1a: Flittle|Speed Boost|boost
|-boost|p1a: Flittle|spe|1
|upkeep
|turn|3
|
|t:|1760353017
|move|p2a: Ribombee|Reflect|p2a: Ribombee
|-sidestart|p2: valentin.loir|Reflect
|move|p1a: Flittle|Calm Mind|p1a: Flittle
|-boost|p1a: Flittle|spa|1
|-boost|p1a: Flittle|spd|1
|
|-ability|p1a: Flittle|Speed Boost|boost
|-boost|p1a: Flittle|spe|1
|upkeep
|turn|4
|
|t:|1760353025
|switch|p2a: Clodsire|Clodsire, F|100/100
|-item|p2a: Clodsire|Air Balloon
|move|p1a: Flittle|Calm Mind|p1a: Flittle
|-boost|p1a: Flittle|spa|1
|-boost|p1a: Flittle|spd|1
|
|-ability|p1a: Flittle|Speed Boost|boost
|-boost|p1a: Flittle|spe|1
|upkeep
|turn|5
|
|t:|1760353035
|move|p1a: Flittle|Stored Power|p2a: Clodsire
|-supereffective|p2a: Clodsire
|-damage|p2a: Clodsire|0 fnt
|-enditem|p2a: Clodsire|Air Balloon
|faint|p2a: Clodsire
|
|-ability|p1a: Flittle|Speed Boost|boost
|-boost|p1a: Flittle|spe|1
|upkeep
|
|t:|1760353043
|switch|p2a: Garganacl|Garganacl, F, shiny|100/100
|turn|6
|
|t:|1760353048
|move|p1a: Flittle|Stored Power|p2a: Garganacl
|-damage|p2a: Garganacl|0 fnt
|faint|p2a: Garganacl
|
|-sideend|p2: valentin.loir|move: Light Screen
|-ability|p1a: Flittle|Speed Boost|boost
|-boost|p1a: Flittle|spe|1
|upkeep
|-message|valentin.loir forfeited.
|
|win|hautototo0
|raw|hautototo0's rating: 1029 &rarr; <strong>1062</strong><br />(+33 for winning)
|raw|valentin.loir's rating: 1000 &rarr; <strong>1000</strong><br />(+0 for losing)
|l|☆valentin.loir
|player|p2|
