|j|☆Egoist N1 fan
|j|‽theonlydork
|t:|1760410036
|gametype|singles
|player|p1|Egoist N1 fan|psychicf-gen3rs|1723
|player|p2|theonlydork|1|1709
|gen|9
|tier|[Gen 9] OU
|rated|
|rule|HP Percentage Mod: HP is shown in percentages
|rule|Endless Battle Clause: Forcing endless battles is banned
|rule|Species Clause: Limit one of each Pokémon
|rule|OHKO Clause: OHKO moves are banned
|rule|Evasion Items Clause: Evasion items are banned
|rule|Evasion Moves Clause: Evasion moves are banned
|rule|Evasion Abilities Clause: Evasion abilities are banned
|rule|Sleep Moves Clause: Sleep-inducing moves are banned
|clearpoke
|poke|p1|Okidogi, M|
|poke|p1|Corviknight, F|
|poke|p1|Ogerpon-Wellspring, F|
|poke|p1|Kingambit, M|
|poke|p1|Kyurem|
|poke|p1|Ting-Lu|
|poke|p2|Garchomp, M|
|poke|p2|Darkrai|
|poke|p2|Gholdengo|
|poke|p2|Ogerpon-Wellspring, F|
|poke|p2|Iron Valiant|
|poke|p2|Iron Treads|
|teampreview
|inactive|Battle timer is ON: inactive players will automatically lose when time's up. (requested by theonlydork)
|
|t:|1760410075
|teamsize|p1|6
|teamsize|p2|6
|start
|switch|p1a: Kyurem|Kyurem|100/100
|switch|p2a: Gholdengo|Gholdengo|100/100
|-ability|p1a: Kyurem|Pressure
|-item|p2a: Gholdengo|Air Balloon
|turn|1
|inactive|theonlydork has 120 seconds left.
|inactive|theonlydork has 90 seconds left.
|
|t:|1760410153
|switch|p1a: Ting-Lu|Ting-Lu|100/100
|-ability|p1a: Ting-Lu|Vessel of Ruin
|move|p2a: Gholdengo|Make It Rain|p1a: Ting-Lu
|-damage|p1a: Ting-Lu|79/100
|-unboost|p2a: Gholdengo|spa|1
|
|-heal|p1a: Ting-Lu|86/100|[from] item: Leftovers
|upkeep
|turn|2
|
|t:|1760410163
|switch|p2a: Garchomp|Garchomp, M|100/100
|move|p1a: Ting-Lu|Stealth Rock|p2a: Garchomp
|-sidestart|p2: theonlydork|move: Stealth Rock
|
|-heal|p1a: Ting-Lu|92/100|[from] item: Leftovers
|upkeep
|turn|3
|j| Tb_cccc15
|
|t:|1760410172
|switch|p1a: Ogerpon|Ogerpon-Wellspring, F|100/100
|move|p2a: Garchomp|Stealth Rock|p1a: Ogerpon
|-sidestart|p1: Egoist N1 fan|move: Stealth Rock
|
|upkeep
|turn|4
|
|t:|1760410177
|move|p1a: Ogerpon|Ivy Cudgel|p2a: Garchomp|[anim] Ivy Cudgel Water
|-damage|p2a: Garchomp|66/100
|move|p2a: Garchomp|Dragon Tail|p1a: Ogerpon
|-damage|p1a: Ogerpon|65/100
|drag|p1a: Kingambit|Kingambit, M|100/100
|-damage|p1a: Kingambit|94/100|[from] Stealth Rock
|
|-heal|p1a: Kingambit|100/100|[from] item: Leftovers
|upkeep
|turn|5
|
|t:|1760410185
|-end|p1a: Kingambit|fallenundefined|[silent]
|switch|p1a: Corviknight|Corviknight, F|100/100
|-damage|p1a: Corviknight|88/100|[from] Stealth Rock
|-ability|p1a: Corviknight|Pressure
|move|p2a: Garchomp|Spikes|p1a: Corviknight
|-sidestart|p1: Egoist N1 fan|Spikes
|
|upkeep
|turn|6
|
|t:|1760410191
|move|p2a: Garchomp|Spikes|p1a: Corviknight
|-sidestart|p1: Egoist N1 fan|Spikes
|move|p1a: Corviknight|Defog|p2a: Garchomp
|-unboost|p2a: Garchomp|evasion|1
|-sideend|p2: theonlydork|Stealth Rock|[from] move: Defog|[of] p1a: Corviknight
|-sideend|p1: Egoist N1 fan|Spikes|[from] move: Defog|[of] p1a: Corviknight
|-sideend|p1: Egoist N1 fan|Stealth Rock|[from] move: Defog|[of] p1a: Corviknight
|
|upkeep
|turn|7
|
|t:|1760410196
|switch|p1a: Kyurem|Kyurem|100/100
|-ability|p1a: Kyurem|Pressure
|move|p2a: Garchomp|Stealth Rock|p1a: Kyurem
|-sidestart|p1: Egoist N1 fan|move: Stealth Rock
|
|upkeep
|turn|8
|
|t:|1760410203
|switch|p2a: Iron Treads|Iron Treads|100/100
|move|p1a: Kyurem|Freeze-Dry|p2a: Iron Treads
|-damage|p2a: Iron Treads|66/100
|
|-heal|p2a: Iron Treads|72/100|[from] item: Leftovers
|upkeep
|turn|9
|
|t:|1760410209
|switch|p1a: Ting-Lu|Ting-Lu|92/100
|-damage|p1a: Ting-Lu|86/100|[from] Stealth Rock
|-ability|p1a: Ting-Lu|Vessel of Ruin
|move|p2a: Iron Treads|Earthquake|p1a: Ting-Lu
|-damage|p1a: Ting-Lu|63/100
|
|-heal|p2a: Iron Treads|78/100|[from] item: Leftovers
|-heal|p1a: Ting-Lu|69/100|[from] item: Leftovers
|upkeep
|turn|10
|
|t:|1760410221
|-end|p2a: Iron Treads|Quark Drive|[silent]
|switch|p2a: Garchomp|Garchomp, M|66/100
|move|p1a: Ting-Lu|Stealth Rock|p2a: Garchomp
|-sidestart|p2: theonlydork|move: Stealth Rock
|
|-heal|p1a: Ting-Lu|76/100|[from] item: Leftovers
|upkeep
|turn|11
|
|t:|1760410225
|switch|p1a: Kyurem|Kyurem|100/100
|-damage|p1a: Kyurem|76/100|[from] Stealth Rock
|-ability|p1a: Kyurem|Pressure
|move|p2a: Garchomp|Spikes|p1a: Kyurem
|-sidestart|p1: Egoist N1 fan|Spikes
|
|upkeep
|turn|12
|
|t:|1760410230
|switch|p2a: Iron Treads|Iron Treads|78/100
|-damage|p2a: Iron Treads|75/100|[from] Stealth Rock
|move|p1a: Kyurem|Ice Beam|p2a: Iron Treads
|-damage|p2a: Iron Treads|30/100
|
|-heal|p2a: Iron Treads|36/100|[from] item: Leftovers
|upkeep
|turn|13
|
|t:|1760410233
|move|p1a: Kyurem|Ice Beam|p2a: Iron Treads
|-damage|p2a: Iron Treads|0 fnt
|faint|p2a: Iron Treads
|-end|p2a: Iron Treads|Quark Drive|[silent]
|
|upkeep
|
|t:|1760410239
|switch|p2a: Gholdengo|Gholdengo|100/100
|-damage|p2a: Gholdengo|94/100|[from] Stealth Rock
|-item|p2a: Gholdengo|Air Balloon
|turn|14
|
|t:|1760410247
|switch|p1a: Ting-Lu|Ting-Lu|76/100
|-damage|p1a: Ting-Lu|69/100|[from] Stealth Rock
|-damage|p1a: Ting-Lu|57/100|[from] Spikes
|-ability|p1a: Ting-Lu|Vessel of Ruin
|move|p2a: Gholdengo|Make It Rain|p1a: Ting-Lu
|-damage|p1a: Ting-Lu|35/100
|-unboost|p2a: Gholdengo|spa|1
|
|-heal|p1a: Ting-Lu|41/100|[from] item: Leftovers
|upkeep
|turn|15
|
|t:|1760410252
|switch|p2a: Ogerpon|Ogerpon-Wellspring, F|100/100
|-damage|p2a: Ogerpon|88/100|[from] Stealth Rock
|move|p1a: Ting-Lu|Ruination|p2a: Ogerpon
|-damage|p2a: Ogerpon|44/100
|
|-heal|p1a: Ting-Lu|47/100|[from] item: Leftovers
|upkeep
|turn|16
|
|t:|1760410258
|switch|p1a: Corviknight|Corviknight, F|88/100
|-damage|p1a: Corviknight|76/100|[from] Stealth Rock
|-ability|p1a: Corviknight|Pressure
|move|p2a: Ogerpon|Synthesis|p2a: Ogerpon
|-heal|p2a: Ogerpon|94/100
|
|upkeep
|turn|17
|
|t:|1760410262
|switch|p2a: Gholdengo|Gholdengo|94/100
|-damage|p2a: Gholdengo|88/100|[from] Stealth Rock
|-item|p2a: Gholdengo|Air Balloon
|move|p1a: Corviknight|U-turn|p2a: Gholdengo
|-resisted|p2a: Gholdengo
|-damage|p2a: Gholdengo|86/100
|-enditem|p2a: Gholdengo|Air Balloon
|
|t:|1760410270
|switch|p1a: Ogerpon|Ogerpon-Wellspring, F|65/100|[from] U-turn
|-damage|p1a: Ogerpon|53/100|[from] Stealth Rock
|-damage|p1a: Ogerpon|41/100|[from] Spikes
|
|upkeep
|turn|18
|
|t:|1760410273
|move|p1a: Ogerpon|Ivy Cudgel|p2a: Gholdengo|[anim] Ivy Cudgel Water
|-damage|p2a: Gholdengo|44/100
|move|p2a: Gholdengo|Thunder Wave|p1a: Ogerpon
|-status|p1a: Ogerpon|par
|
|upkeep
|turn|19
|
|t:|1760410277
|move|p2a: Gholdengo|Recover|p2a: Gholdengo
|-heal|p2a: Gholdengo|94/100
|move|p1a: Ogerpon|Ivy Cudgel|p2a: Gholdengo|[anim] Ivy Cudgel Water
|-crit|p2a: Gholdengo
|-damage|p2a: Gholdengo|27/100
|
|upkeep
|turn|20
|
|t:|1760410282
|move|p2a: Gholdengo|Recover|p2a: Gholdengo
|-heal|p2a: Gholdengo|77/100
|move|p1a: Ogerpon|Ivy Cudgel|p2a: Gholdengo|[anim] Ivy Cudgel Water
|-damage|p2a: Gholdengo|38/100
|
|upkeep
|turn|21
|
|t:|1760410284
|move|p2a: Gholdengo|Recover|p2a: Gholdengo
|-heal|p2a: Gholdengo|88/100
|move|p1a: Ogerpon|Ivy Cudgel|p2a: Gholdengo|[anim] Ivy Cudgel Water
|-damage|p2a: Gholdengo|48/100
|
|upkeep
|turn|22
|
|t:|1760410286
|switch|p1a: Ting-Lu|Ting-Lu|47/100
|-damage|p1a: Ting-Lu|41/100|[from] Stealth Rock
|-damage|p1a: Ting-Lu|28/100|[from] Spikes
|-ability|p1a: Ting-Lu|Vessel of Ruin
|move|p2a: Gholdengo|Recover|p2a: Gholdengo
|-heal|p2a: Gholdengo|98/100
|
|-heal|p1a: Ting-Lu|35/100|[from] item: Leftovers
|upkeep
|turn|23
|
|t:|1760410291
|switch|p2a: Ogerpon|Ogerpon-Wellspring, F|94/100
|-damage|p2a: Ogerpon|82/100|[from] Stealth Rock
|move|p1a: Ting-Lu|Earthquake|p2a: Ogerpon
|-resisted|p2a: Ogerpon
|-damage|p2a: Ogerpon|60/100
|
|-heal|p1a: Ting-Lu|41/100|[from] item: Leftovers
|upkeep
|turn|24
|l| Tb_cccc15
|
|t:|1760410297
|switch|p1a: Ogerpon|Ogerpon-Wellspring, F|41/100 par
|-damage|p1a: Ogerpon|28/100 par|[from] Stealth Rock
|-damage|p1a: Ogerpon|16/100 par|[from] Spikes
|move|p2a: Ogerpon|Ivy Cudgel|p1a: Ogerpon|[anim] Ivy Cudgel Water
|-heal|p1a: Ogerpon|41/100 par|[from] ability: Water Absorb|[of] p2a: Ogerpon
|
|upkeep
|turn|25
|
|t:|1760410301
|move|p2a: Ogerpon|Trailblaze|p1a: Ogerpon
|-crit|p1a: Ogerpon
|-damage|p1a: Ogerpon|0 fnt
|-boost|p2a: Ogerpon|spe|1
|faint|p1a: Ogerpon
|
|upkeep
|
|t:|1760410307
|switch|p1a: Corviknight|Corviknight, F|76/100
|-damage|p1a: Corviknight|64/100|[from] Stealth Rock
|-ability|p1a: Corviknight|Pressure
|turn|26
|
|t:|1760410311
|switch|p2a: Gholdengo|Gholdengo|98/100
|-damage|p2a: Gholdengo|92/100|[from] Stealth Rock
|move|p1a: Corviknight|Roost|p1a: Corviknight
|-heal|p1a: Corviknight|100/100
|-singleturn|p1a: Corviknight|move: Roost
|
|upkeep
|turn|27
|
|t:|1760410318
|switch|p1a: Ting-Lu|Ting-Lu|41/100
|-damage|p1a: Ting-Lu|35/100|[from] Stealth Rock
|-damage|p1a: Ting-Lu|22/100|[from] Spikes
|-ability|p1a: Ting-Lu|Vessel of Ruin
|move|p2a: Gholdengo|Thunder Wave|p1a: Ting-Lu
|-immune|p1a: Ting-Lu
|
|-heal|p1a: Ting-Lu|28/100|[from] item: Leftovers
|upkeep
|turn|28
|
|t:|1760410322
|switch|p2a: Ogerpon|Ogerpon-Wellspring, F|60/100
|-damage|p2a: Ogerpon|47/100|[from] Stealth Rock
|move|p1a: Ting-Lu|Ruination|p2a: Ogerpon
|-damage|p2a: Ogerpon|24/100
|
|-heal|p1a: Ting-Lu|35/100|[from] item: Leftovers
|upkeep
|turn|29
|
|t:|1760410324
|move|p2a: Ogerpon|Synthesis|p2a: Ogerpon
|-heal|p2a: Ogerpon|74/100
|move|p1a: Ting-Lu|Whirlwind|p2a: Ogerpon
|drag|p2a: Garchomp|Garchomp, M|66/100
|-damage|p2a: Garchomp|60/100|[from] Stealth Rock
|
|-heal|p1a: Ting-Lu|41/100|[from] item: Leftovers
|upkeep
|turn|30
|
|t:|1760410329
|switch|p1a: Corviknight|Corviknight, F|100/100
|-damage|p1a: Corviknight|88/100|[from] Stealth Rock
|-ability|p1a: Corviknight|Pressure
|move|p2a: Garchomp|Earthquake|p1a: Corviknight
|-immune|p1a: Corviknight
|
|upkeep
|turn|31
|
|t:|1760410332
|switch|p2a: Gholdengo|Gholdengo|92/100
|-damage|p2a: Gholdengo|86/100|[from] Stealth Rock
|move|p1a: Corviknight|Brave Bird|p2a: Gholdengo
|-resisted|p2a: Gholdengo
|-damage|p2a: Gholdengo|74/100
|-damage|p1a: Corviknight|84/100|[from] Recoil
|
|upkeep
|turn|32
|
|t:|1760410340
|move|p2a: Gholdengo|Thunder Wave|p1a: Corviknight
|-status|p1a: Corviknight|par
|cant|p1a: Corviknight|par
|
|upkeep
|turn|33
|
|t:|1760410343
|move|p2a: Gholdengo|Hex|p1a: Corviknight
|-damage|p1a: Corviknight|27/100 par
|move|p1a: Corviknight|U-turn|p2a: Gholdengo
|-resisted|p2a: Gholdengo
|-damage|p2a: Gholdengo|71/100
|
|t:|1760410348
|switch|p1a: Kingambit|Kingambit, M|100/100|[from] U-turn
|-damage|p1a: Kingambit|94/100|[from] Stealth Rock
|-damage|p1a: Kingambit|82/100|[from] Spikes
|-activate|p1a: Kingambit|ability: Supreme Overlord
|-start|p1a: Kingambit|fallen1|[silent]
|
|-heal|p1a: Kingambit|88/100|[from] item: Leftovers
|upkeep
|turn|34
|
|t:|1760410354
|move|p2a: Gholdengo|Thunder Wave|p1a: Kingambit
|-status|p1a: Kingambit|par
|move|p1a: Kingambit|Swords Dance|p1a: Kingambit
|-boost|p1a: Kingambit|atk|2
|
|-heal|p1a: Kingambit|94/100 par|[from] item: Leftovers
|upkeep
|turn|35
|
|t:|1760410363
|switch|p2a: Garchomp|Garchomp, M|60/100
|-damage|p2a: Garchomp|54/100|[from] Stealth Rock
|cant|p1a: Kingambit|par
|
|-heal|p1a: Kingambit|100/100 par|[from] item: Leftovers
|upkeep
|turn|36
|
|t:|1760410369
|move|p1a: Kingambit|Sucker Punch|p2a: Garchomp
|-damage|p2a: Garchomp|0 fnt
|-damage|p1a: Kingambit|88/100 par|[from] ability: Rough Skin|[of] p2a: Garchomp
|-damage|p1a: Kingambit|72/100 par|[from] item: Rocky Helmet|[of] p2a: Garchomp
|faint|p2a: Garchomp
|
|-heal|p1a: Kingambit|78/100 par|[from] item: Leftovers
|upkeep
|
|t:|1760410378
|switch|p2a: Iron Valiant|Iron Valiant|100/100
|-damage|p2a: Iron Valiant|94/100|[from] Stealth Rock
|-enditem|p2a: Iron Valiant|Booster Energy
|-activate|p2a: Iron Valiant|ability: Quark Drive|[fromitem]
|-start|p2a: Iron Valiant|quarkdrivespe
|turn|37
|
|t:|1760410381
|-end|p1a: Kingambit|fallen1|[silent]
|switch|p1a: Okidogi|Okidogi, M|100/100
|-damage|p1a: Okidogi|94/100|[from] Stealth Rock
|-damage|p1a: Okidogi|82/100|[from] Spikes
|move|p2a: Iron Valiant|Encore||[still]
|-fail|p2a: Iron Valiant
|
|-heal|p1a: Okidogi|88/100|[from] item: Leftovers
|upkeep
|turn|38
|
|t:|1760410401
|-terastallize|p2a: Iron Valiant|Electric
|move|p2a: Iron Valiant|Thunderbolt|p1a: Okidogi
|-damage|p1a: Okidogi|53/100
|move|p1a: Okidogi|Ice Punch|p2a: Iron Valiant
|-damage|p2a: Iron Valiant|67/100
|
|-heal|p1a: Okidogi|59/100|[from] item: Leftovers
|upkeep
|turn|39
|
|t:|1760410409
|move|p2a: Iron Valiant|Moonblast|p1a: Okidogi
|-damage|p1a: Okidogi|23/100
|move|p1a: Okidogi|Drain Punch|p2a: Iron Valiant
|-damage|p2a: Iron Valiant|28/100
|-heal|p1a: Okidogi|37/100|[from] drain|[of] p2a: Iron Valiant
|
|-heal|p1a: Okidogi|43/100|[from] item: Leftovers
|upkeep
|turn|40
|
|t:|1760410413
|move|p2a: Iron Valiant|Moonblast|p1a: Okidogi
|-damage|p1a: Okidogi|4/100
|move|p1a: Okidogi|Drain Punch|p2a: Iron Valiant
|-damage|p2a: Iron Valiant|0 fnt
|-heal|p1a: Okidogi|14/100|[from] drain|[of] p2a: Iron Valiant
|faint|p2a: Iron Valiant
|-end|p2a: Iron Valiant|Quark Drive|[silent]
|
|-heal|p1a: Okidogi|20/100|[from] item: Leftovers
|upkeep
|
|t:|1760410430
|switch|p2a: Darkrai|Darkrai|100/100
|turn|41
|
|t:|1760410437
|-terastallize|p1a: Okidogi|Water
|move|p2a: Darkrai|Ice Beam|p1a: Okidogi
|-resisted|p1a: Okidogi
|-damage|p1a: Okidogi|8/100
|-status|p1a: Okidogi|frz
|cant|p1a: Okidogi|frz
|
|-heal|p1a: Okidogi|14/100 frz|[from] item: Leftovers
|upkeep
|turn|42
|-message|Egoist N1 fan forfeited.
|
|win|theonlydork
|raw|Egoist N1 fan's rating: 1723 &rarr; <strong>1702</strong><br />(-21 for losing)
|raw|theonlydork's rating: 1709 &rarr; <strong>1730</strong><br />(+21 for winning)
|l|☆Egoist N1 fan
|player|p1|
|l|‽theonlydork
|player|p2|
