|j|☆Cocobreezy
|j|☆geobamsket
|t:|1760317677
|gametype|singles
|player|p1|Cocobreezy|yellow|1638
|player|p2|geobamsket|102|1644
|gen|9
|tier|[Gen 9] OU
|rated|
|rule|HP Percentage Mod: HP is shown in percentages
|rule|Endless Battle Clause: Forcing endless battles is banned
|rule|Species Clause: Limit one of each Pokémon
|rule|OHKO Clause: OHKO moves are banned
|rule|Evasion Items Clause: Evasion items are banned
|rule|Evasion Moves Clause: Evasion moves are banned
|rule|Evasion Abilities Clause: Evasion abilities are banned
|rule|Sleep Moves Clause: Sleep-inducing moves are banned
|clearpoke
|poke|p1|Kingdra, M|
|poke|p1|Pelipper, M|
|poke|p1|Keldeo-Resolute|
|poke|p1|Greninja-*, M|
|poke|p1|Raging Bolt|
|poke|p1|Meowscarada, F|
|poke|p2|Slowking-Galar, F|
|poke|p2|Zapdos|
|poke|p2|Zamazenta-*|
|poke|p2|Dragapult, M|
|poke|p2|Iron Treads|
|poke|p2|Hatterene, F|
|teampreview
|inactive|Battle timer is ON: inactive players will automatically lose when time's up. (requested by Cocobreezy)
|c|☆Cocobreezy|engarde?
|
|t:|1760317703
|teamsize|p1|6
|teamsize|p2|6
|start
|switch|p1a: Meowscarada|Meowscarada, F|100/100
|switch|p2a: Zapdos|Zapdos|100/100
|turn|1
|
|t:|1760317716
|move|p1a: Meowscarada|Triple Axel|p2a: Zapdos
|-start|p1a: Meowscarada|typechange|Ice|[from] ability: Protean
|-supereffective|p2a: Zapdos
|-damage|p2a: Zapdos|86/100
|-status|p1a: Meowscarada|par|[from] ability: Static|[of] p2a: Zapdos
|-supereffective|p2a: Zapdos
|-damage|p2a: Zapdos|57/100
|-supereffective|p2a: Zapdos
|-damage|p2a: Zapdos|20/100
|-hitcount|p2a: Zapdos|3
|move|p2a: Zapdos|Roost|p2a: Zapdos
|-heal|p2a: Zapdos|70/100
|-singleturn|p2a: Zapdos|move: Roost
|
|upkeep
|turn|2
|
|t:|1760317729
|move|p1a: Meowscarada|Triple Axel|p2a: Zapdos
|-supereffective|p2a: Zapdos
|-damage|p2a: Zapdos|56/100
|-supereffective|p2a: Zapdos
|-damage|p2a: Zapdos|30/100
|-hitcount|p2a: Zapdos|2
|move|p2a: Zapdos|Roost|p2a: Zapdos
|-heal|p2a: Zapdos|80/100
|-singleturn|p2a: Zapdos|move: Roost
|
|upkeep
|turn|3
|j| Nikator98
|c|☆Cocobreezy|do you know smth i dont
|l| Nikator98
|c|☆geobamsket|I dont think so
|inactive|geobamsket has 120 seconds left.
|
|t:|1760317764
|move|p1a: Meowscarada|Triple Axel|p2a: Zapdos
|-supereffective|p2a: Zapdos
|-damage|p2a: Zapdos|66/100
|-supereffective|p2a: Zapdos
|-damage|p2a: Zapdos|37/100
|-supereffective|p2a: Zapdos
|-damage|p2a: Zapdos|0 fnt
|faint|p2a: Zapdos
|-hitcount|p2: Zapdos|3
|
|upkeep
|c|☆Cocobreezy|rng is a hoe then
|
|t:|1760317783
|switch|p2a: Hatterene|Hatterene, F|100/100
|turn|4
|
|t:|1760317787
|move|p1a: Meowscarada|Triple Axel|p2a: Hatterene
|-damage|p2a: Hatterene|90/100
|-damage|p2a: Hatterene|68/100
|-damage|p2a: Hatterene|36/100
|-hitcount|p2a: Hatterene|3
|move|p2a: Hatterene|Draining Kiss|p1a: Meowscarada
|-damage|p1a: Meowscarada|53/100 par
|-heal|p2a: Hatterene|68/100|[from] drain|[of] p1a: Meowscarada
|
|upkeep
|turn|5
|inactive|geobamsket has 120 seconds left.
|
|t:|1760317799
|switch|p1a: Pelipper|Pelipper, M|100/100
|-weather|RainDance|[from] ability: Drizzle|[of] p1a: Pelipper
|move|p2a: Hatterene|Mystical Fire|p1a: Pelipper
|-resisted|p1a: Pelipper
|-damage|p1a: Pelipper|92/100
|-unboost|p1a: Pelipper|spa|1
|
|-weather|RainDance|[upkeep]
|upkeep
|turn|6
|
|t:|1760317809
|move|p1a: Pelipper|Tailwind|p1a: Pelipper
|-sidestart|p1: Cocobreezy|move: Tailwind
|move|p2a: Hatterene|Psychic Noise|p1a: Pelipper
|-damage|p1a: Pelipper|45/100
|-start|p1a: Pelipper|move: Heal Block
|
|-weather|RainDance|[upkeep]
|upkeep
|turn|7
|c|☆Cocobreezy|the cat can die i dont care
|
|t:|1760317817
|move|p1a: Pelipper|Knock Off|p2a: Hatterene
|-damage|p2a: Hatterene|54/100
|-enditem|p2a: Hatterene|Assault Vest|[from] move: Knock Off|[of] p1a: Pelipper
|move|p2a: Hatterene|Nuzzle|p1a: Pelipper
|-supereffective|p1a: Pelipper
|-damage|p1a: Pelipper|29/100
|-status|p1a: Pelipper|par
|
|-weather|RainDance|[upkeep]
|-end|p1a: Pelipper|move: Heal Block
|upkeep
|turn|8
|
|t:|1760317826
|move|p1a: Pelipper|U-turn|p2a: Hatterene
|-damage|p2a: Hatterene|43/100
|
|t:|1760317830
|switch|p1a: Meowscarada|Meowscarada, F|53/100 par|[from] U-turn
|move|p2a: Hatterene|Draining Kiss|p1a: Meowscarada
|-supereffective|p1a: Meowscarada
|-damage|p1a: Meowscarada|0 fnt
|-heal|p2a: Hatterene|79/100|[from] drain|[of] p1a: Meowscarada
|faint|p1a: Meowscarada
|
|-weather|RainDance|[upkeep]
|upkeep
|
|t:|1760317839
|switch|p1a: Kingdra|Kingdra, M|100/100
|turn|9
|
|t:|1760317847
|-terastallize|p1a: Kingdra|Steel
|move|p1a: Kingdra|Weather Ball|p2a: Hatterene
|-damage|p2a: Hatterene|0 fnt
|faint|p2a: Hatterene
|
|-weather|RainDance|[upkeep]
|-sideend|p1: Cocobreezy|move: Tailwind
|upkeep
|
|t:|1760317862
|switch|p2a: Slowking|Slowking-Galar, F|100/100
|turn|10
|
|t:|1760317869
|move|p1a: Kingdra|Weather Ball|p2a: Slowking
|-damage|p2a: Slowking|38/100
|move|p2a: Slowking|Future Sight|p1a: Kingdra
|-start|p2a: Slowking|move: Future Sight
|
|-weather|RainDance|[upkeep]
|upkeep
|turn|11
|
|t:|1760317877
|move|p1a: Kingdra|Weather Ball|p2a: Slowking
|-damage|p2a: Slowking|0 fnt
|faint|p2a: Slowking
|
|-weather|RainDance|[upkeep]
|upkeep
|c|☆Cocobreezy|why not sacrafice the dog
|
|t:|1760317895
|switch|p2a: Iron Treads|Iron Treads|100/100
|-enditem|p2a: Iron Treads|Booster Energy
|-activate|p2a: Iron Treads|ability: Quark Drive|[fromitem]
|-start|p2a: Iron Treads|quarkdrivespe
|turn|12
|
|t:|1760317902
|move|p1a: Kingdra|Weather Ball|p2a: Iron Treads
|-supereffective|p2a: Iron Treads
|-damage|p2a: Iron Treads|0 fnt
|faint|p2a: Iron Treads
|-end|p2a: Iron Treads|Quark Drive|[silent]
|
|-weather|none
|-end|p1a: Kingdra|move: Future Sight
|-resisted|p1a: Kingdra
|-damage|p1a: Kingdra|75/100
|upkeep
|
|t:|1760317910
|switch|p2a: Zamazenta|Zamazenta|100/100
|-ability|p2a: Zamazenta|Dauntless Shield|boost
|-boost|p2a: Zamazenta|def|1
|turn|13
|
|t:|1760317916
|switch|p1a: Pelipper|Pelipper, M|29/100 par
|-weather|RainDance|[from] ability: Drizzle|[of] p1a: Pelipper
|move|p2a: Zamazenta|Substitute|p2a: Zamazenta
|-start|p2a: Zamazenta|Substitute
|-damage|p2a: Zamazenta|76/100
|
|-weather|RainDance|[upkeep]
|-heal|p2a: Zamazenta|82/100|[from] item: Leftovers
|upkeep
|turn|14
|
|t:|1760317926
|move|p2a: Zamazenta|Iron Defense|p2a: Zamazenta
|-boost|p2a: Zamazenta|def|2
|cant|p1a: Pelipper|par
|
|-weather|RainDance|[upkeep]
|-heal|p2a: Zamazenta|88/100|[from] item: Leftovers
|upkeep
|turn|15
|
|t:|1760317935
|move|p2a: Zamazenta|Body Press|p1a: Pelipper
|-resisted|p1a: Pelipper
|-damage|p1a: Pelipper|0 fnt
|faint|p1a: Pelipper
|
|-weather|RainDance|[upkeep]
|-heal|p2a: Zamazenta|94/100|[from] item: Leftovers
|upkeep
|c|☆Cocobreezy|ouuuu the dog is strong
|
|t:|1760317946
|switch|p1a: Keldeo|Keldeo-Resolute|100/100
|turn|16
|
|t:|1760317954
|move|p1a: Keldeo|Vacuum Wave|p2a: Zamazenta
|-activate|p2a: Zamazenta|move: Substitute|[damage]
|move|p2a: Zamazenta|Body Press|p1a: Keldeo
|-damage|p1a: Keldeo|5/100
|
|-weather|RainDance|[upkeep]
|-heal|p2a: Zamazenta|100/100|[from] item: Leftovers
|upkeep
|turn|17
|
|t:|1760317962
|move|p2a: Zamazenta|Substitute|p2a: Zamazenta
|-fail|p2a: Zamazenta|move: Substitute
|move|p1a: Keldeo|Calm Mind|p1a: Keldeo
|-boost|p1a: Keldeo|spa|1
|-boost|p1a: Keldeo|spd|1
|
|-weather|RainDance|[upkeep]
|upkeep
|turn|18
|
|t:|1760317969
|move|p1a: Keldeo|Vacuum Wave|p2a: Zamazenta
|-crit|p2a: Zamazenta
|-end|p2a: Zamazenta|Substitute
|move|p2a: Zamazenta|Body Press|p1a: Keldeo
|-damage|p1a: Keldeo|0 fnt
|faint|p1a: Keldeo
|
|-weather|RainDance|[upkeep]
|upkeep
|
|t:|1760317974
|switch|p1a: Kingdra|Kingdra, M, tera:Steel|75/100
|turn|19
|
|t:|1760317985
|-terastallize|p2a: Zamazenta|Steel
|move|p1a: Kingdra|Hurricane|p2a: Zamazenta
|-resisted|p2a: Zamazenta
|-damage|p2a: Zamazenta|81/100
|move|p2a: Zamazenta|Body Press|p1a: Kingdra
|-supereffective|p1a: Kingdra
|-damage|p1a: Kingdra|0 fnt
|faint|p1a: Kingdra
|
|-weather|RainDance|[upkeep]
|-heal|p2a: Zamazenta|87/100|[from] item: Leftovers
|upkeep
|c|☆Cocobreezy|propo gana
|
|t:|1760317991
|switch|p1a: Greninja|Greninja, M|100/100
|turn|20
|
|t:|1760317998
|move|p1a: Greninja|Water Shuriken|p2a: Zamazenta
|-crit|p2a: Zamazenta
|-damage|p2a: Zamazenta|74/100
|-crit|p2a: Zamazenta
|-damage|p2a: Zamazenta|62/100
|-damage|p2a: Zamazenta|53/100
|-damage|p2a: Zamazenta|44/100
|-hitcount|p2a: Zamazenta|4
|move|p2a: Zamazenta|Body Press|p1a: Greninja
|-supereffective|p1a: Greninja
|-damage|p1a: Greninja|0 fnt
|faint|p1a: Greninja
|
|-weather|none
|-heal|p2a: Zamazenta|50/100|[from] item: Leftovers
|upkeep
|
|t:|1760318006
|switch|p1a: Bolt|Raging Bolt|100/100
|-enditem|p1a: Bolt|Booster Energy
|-activate|p1a: Bolt|ability: Protosynthesis|[fromitem]
|-start|p1a: Bolt|protosynthesisspa
|turn|21
|c|☆Cocobreezy|lost to the dog
|c|☆Cocobreezy|goddam it
|
|t:|1760318038
|move|p1a: Bolt|Thunderclap|p2a: Zamazenta
|-damage|p2a: Zamazenta|6/100
|move|p2a: Zamazenta|Body Press|p1a: Bolt
|-damage|p1a: Bolt|32/100
|
|-heal|p2a: Zamazenta|12/100|[from] item: Leftovers
|upkeep
|turn|22
|
|t:|1760318049
|move|p2a: Zamazenta|Iron Defense|p2a: Zamazenta
|-boost|p2a: Zamazenta|def|2
|move|p1a: Bolt|Dragon Pulse|p2a: Zamazenta
|-resisted|p2a: Zamazenta
|-damage|p2a: Zamazenta|0 fnt
|faint|p2a: Zamazenta
|
|upkeep
|
|t:|1760318055
|switch|p2a: Dragapult|Dragapult, M|100/100
|turn|23
|
|t:|1760318060
|move|p1a: Bolt|Thunderclap|p2a: Dragapult
|-resisted|p2a: Dragapult
|-damage|p2a: Dragapult|61/100
|move|p2a: Dragapult|Shadow Ball|p1a: Bolt
|-damage|p1a: Bolt|0 fnt
|faint|p1a: Bolt
|-end|p1a: Bolt|Protosynthesis|[silent]
|
|win|geobamsket
|raw|Cocobreezy's rating: 1638 &rarr; <strong>1618</strong><br />(-20 for losing)
|raw|geobamsket's rating: 1644 &rarr; <strong>1664</strong><br />(+20 for winning)
|c|☆geobamsket|gg
|l|☆Cocobreezy
|player|p1|
|l|☆geobamsket
|player|p2|
