|j|☆Fifo drummer
|j|☆Agent01 M
|t:|1760439414
|gametype|singles
|player|p1|Fifo drummer|unknown|1351
|player|p2|Agent01 M|acetrainer|1274
|gen|9
|tier|[Gen 9] OU
|rated|
|rule|HP Percentage Mod: HP is shown in percentages
|rule|Endless Battle Clause: Forcing endless battles is banned
|rule|Species Clause: Limit one of each Pokémon
|rule|OHKO Clause: OHKO moves are banned
|rule|Evasion Items Clause: Evasion items are banned
|rule|Evasion Moves Clause: Evasion moves are banned
|rule|Evasion Abilities Clause: Evasion abilities are banned
|rule|Sleep Moves Clause: Sleep-inducing moves are banned
|clearpoke
|poke|p1|Crawdaunt, M|
|poke|p1|Krookodile, M|
|poke|p1|Goodra-Hisui, F|
|poke|p1|Haxorus, M|
|poke|p1|Espeon, F|
|poke|p1|Corviknight, F|
|poke|p2|Enamorus, F|
|poke|p2|Gholdengo|
|poke|p2|Dragapult, M|
|poke|p2|Scizor, M|
|poke|p2|Cinderace, M|
|poke|p2|Ogerpon-Wellspring, F|
|teampreview
|inactive|Battle timer is ON: inactive players will automatically lose when time's up. (requested by Fifo drummer)
|j| Bulma's Panties
|
|t:|1760439424
|teamsize|p1|6
|teamsize|p2|6
|start
|switch|p1a: Shrimpboat Capt.|Crawdaunt, M|100/100
|switch|p2a: Cinderace|Cinderace, M|100/100
|turn|1
|
|t:|1760439432
|move|p1a: Shrimpboat Capt.|Aqua Jet|p2a: Cinderace
|-supereffective|p2a: Cinderace
|-damage|p2a: Cinderace|18/100
|move|p2a: Cinderace|U-turn|p1a: Shrimpboat Capt.
|-start|p2a: Cinderace|typechange|Bug|[from] ability: Libero
|-supereffective|p1a: Shrimpboat Capt.
|-damage|p1a: Shrimpboat Capt.|5/100
|l| Bulma's Panties
|
|t:|1760439447
|switch|p2a: Scizor|Scizor, M, shiny|100/100|[from] U-turn
|
|upkeep
|turn|2
|
|t:|1760439455
|switch|p1a: Mrs Raven|Corviknight, F, shiny|100/100
|move|p2a: Scizor|Bullet Punch|p1a: Mrs Raven
|-resisted|p1a: Mrs Raven
|-damage|p1a: Mrs Raven|82/100
|-damage|p2a: Scizor|84/100|[from] item: Rocky Helmet|[of] p1a: Mrs Raven
|
|upkeep
|turn|3
|
|t:|1760439469
|switch|p2a: Enamorus|Enamorus, F|100/100
|move|p1a: Mrs Raven|Brave Bird|p2a: Enamorus
|-damage|p2a: Enamorus|32/100
|-damage|p1a: Mrs Raven|62/100|[from] Recoil
|
|upkeep
|turn|4
|
|t:|1760439478
|move|p2a: Enamorus|Mystical Fire|p1a: Mrs Raven
|-supereffective|p1a: Mrs Raven
|-damage|p1a: Mrs Raven|12/100
|-ability|p1a: Mrs Raven|Mirror Armor
|-boost|p2a: Enamorus|spa|1
|move|p1a: Mrs Raven|Brave Bird|p2a: Enamorus
|-damage|p2a: Enamorus|0 fnt
|faint|p2a: Enamorus
|-damage|p1a: Mrs Raven|3/100|[from] Recoil
|
|upkeep
|
|t:|1760439490
|switch|p2a: Scizor|Scizor, M, shiny|84/100
|turn|5
|
|t:|1760439494
|move|p2a: Scizor|Bullet Punch|p1a: Mrs Raven
|-resisted|p1a: Mrs Raven
|-damage|p1a: Mrs Raven|0 fnt
|-damage|p2a: Scizor|68/100|[from] item: Rocky Helmet|[of] p1a: Mrs Raven
|faint|p1a: Mrs Raven
|
|upkeep
|
|t:|1760439500
|switch|p1a: Badra|Goodra-Hisui, F|100/100
|turn|6
|
|t:|1760439516
|switch|p2a: Ogerpon|Ogerpon-Wellspring, F|100/100
|move|p1a: Badra|Thunderbolt|p2a: Ogerpon
|-damage|p2a: Ogerpon|62/100
|
|upkeep
|turn|7
|
|t:|1760439525
|move|p2a: Ogerpon|U-turn|p1a: Badra
|-resisted|p1a: Badra
|-damage|p1a: Badra|88/100
|-ability|p1a: Badra|Gooey
|-unboost|p2a: Ogerpon|spe|1
|
|t:|1760439536
|switch|p2a: Scizor|Scizor, M, shiny|68/100|[from] U-turn
|move|p1a: Badra|Dragon Pulse|p2a: Scizor
|-resisted|p2a: Scizor
|-damage|p2a: Scizor|40/100
|
|upkeep
|turn|8
|
|t:|1760439549
|-terastallize|p1a: Badra|Flying
|move|p2a: Scizor|Knock Off|p1a: Badra
|-damage|p1a: Badra|39/100
|-ability|p1a: Badra|Gooey
|-unboost|p2a: Scizor|spe|1
|-enditem|p1a: Badra|Assault Vest|[from] move: Knock Off|[of] p2a: Scizor
|move|p1a: Badra|Thunderbolt|p2a: Scizor
|-damage|p2a: Scizor|1/100
|
|upkeep
|turn|9
|
|t:|1760439562
|move|p1a: Badra|Dragon Pulse|p2a: Scizor
|-resisted|p2a: Scizor
|-damage|p2a: Scizor|0 fnt
|faint|p2a: Scizor
|
|upkeep
|
|t:|1760439569
|switch|p2a: Gholdengo|Gholdengo|100/100
|-item|p2a: Gholdengo|Air Balloon
|turn|10
|
|t:|1760439584
|-terastallize|p2a: Gholdengo|Steel
|move|p2a: Gholdengo|Thunderbolt|p1a: Badra
|-supereffective|p1a: Badra
|-damage|p1a: Badra|0 fnt
|faint|p1a: Badra
|
|upkeep
|
|t:|1760439591
|switch|p1a: I don't give a fox|Espeon, F, shiny|100/100
|turn|11
|
|t:|1760439598
|move|p1a: I don't give a fox|Psychic|p2a: Gholdengo
|-resisted|p2a: Gholdengo
|-damage|p2a: Gholdengo|69/100
|-enditem|p2a: Gholdengo|Air Balloon
|move|p2a: Gholdengo|Nasty Plot|p2a: Gholdengo
|-boost|p2a: Gholdengo|spa|2
|
|upkeep
|turn|12
|
|t:|1760439612
|move|p1a: I don't give a fox|Psychic|p2a: Gholdengo
|-resisted|p2a: Gholdengo
|-damage|p2a: Gholdengo|37/100
|move|p2a: Gholdengo|Make It Rain|p1a: I don't give a fox
|-damage|p1a: I don't give a fox|0 fnt
|-unboost|p2a: Gholdengo|spa|1
|faint|p1a: I don't give a fox
|
|upkeep
|
|t:|1760439623
|switch|p1a: AXE Bodyspray|Haxorus, M, shiny|100/100
|-ability|p1a: AXE Bodyspray|Mold Breaker
|turn|13
|
|t:|1760439639
|move|p1a: AXE Bodyspray|Earthquake|p2a: Gholdengo
|-supereffective|p2a: Gholdengo
|-damage|p2a: Gholdengo|0 fnt
|faint|p2a: Gholdengo
|
|upkeep
|
|t:|1760439644
|switch|p2a: Dragapult|Dragapult, M|100/100
|turn|14
|
|t:|1760439650
|move|p2a: Dragapult|Dragon Darts|p1a: AXE Bodyspray
|-supereffective|p1a: AXE Bodyspray
|-damage|p1a: AXE Bodyspray|19/100
|-anim|p2a: Dragapult|Dragon Darts|p1a: AXE Bodyspray
|-supereffective|p1a: AXE Bodyspray
|-damage|p1a: AXE Bodyspray|0 fnt
|faint|p1a: AXE Bodyspray
|
|upkeep
|
|t:|1760439657
|switch|p1a: Son of a Krook|Krookodile, M, shiny|100/100
|turn|15
|
|t:|1760439662
|switch|p2a: Cinderace|Cinderace, M|18/100
|move|p1a: Son of a Krook|Knock Off|p2a: Cinderace
|-damage|p2a: Cinderace|0 fnt
|-enditem|p2a: Cinderace|Heavy-Duty Boots|[from] move: Knock Off|[of] p1a: Son of a Krook
|faint|p2a: Cinderace
|-ability|p1a: Son of a Krook|Moxie|boost
|-boost|p1a: Son of a Krook|atk|1
|
|upkeep
|
|t:|1760439672
|switch|p2a: Ogerpon|Ogerpon-Wellspring, F|62/100
|turn|16
|
|t:|1760439676
|move|p1a: Son of a Krook|Knock Off|p2a: Ogerpon
|-damage|p2a: Ogerpon|0 fnt
|faint|p2a: Ogerpon
|-ability|p1a: Son of a Krook|Moxie|boost
|-boost|p1a: Son of a Krook|atk|1
|
|upkeep
|
|t:|1760439682
|switch|p2a: Dragapult|Dragapult, M|100/100
|turn|17
|
|t:|1760439692
|move|p1a: Son of a Krook|Knock Off|p2a: Dragapult
|-supereffective|p2a: Dragapult
|-damage|p2a: Dragapult|0 fnt
|-enditem|p2a: Dragapult|Choice Band|[from] move: Knock Off|[of] p1a: Son of a Krook
|faint|p2a: Dragapult
|
|win|Fifo drummer
|raw|Fifo drummer's rating: 1351 &rarr; <strong>1367</strong><br />(+16 for winning)
|raw|Agent01 M's rating: 1274 &rarr; <strong>1254</strong><br />(-20 for losing)
|l|☆Agent01 M
|player|p2|
|l|☆Fifo drummer
|player|p1|
