|j|☆ohlookarock3
|j|☆bigtestsofbig
|t:|1760446709
|gametype|singles
|player|p1|ohlookarock3|geeta|1562
|player|p2|bigtestsofbig|1|1564
|gen|9
|tier|[Gen 9] OU
|rated|
|rule|HP Percentage Mod: HP is shown in percentages
|rule|Endless Battle Clause: Forcing endless battles is banned
|rule|Species Clause: Limit one of each Pokémon
|rule|OHKO Clause: OHKO moves are banned
|rule|Evasion Items Clause: Evasion items are banned
|rule|Evasion Moves Clause: Evasion moves are banned
|rule|Evasion Abilities Clause: Evasion abilities are banned
|rule|Sleep Moves Clause: Sleep-inducing moves are banned
|clearpoke
|poke|p1|Latias, F|
|poke|p1|Ninetales-Alola, F|
|poke|p1|Ceruledge, F|
|poke|p1|Weavile, F|
|poke|p1|Great Tusk|
|poke|p1|Gholdengo|
|poke|p2|Garchomp, F|
|poke|p2|Iron Moth|
|poke|p2|Rotom-Wash|
|poke|p2|Corviknight, M|
|poke|p2|Dragonite, M|
|poke|p2|Garganacl, F|
|teampreview
|inactive|Battle timer is ON: inactive players will automatically lose when time's up. (requested by ohlookarock3)
|inactive|ohlookarock3 has 120 seconds left.
|inactive|ohlookarock3 has 90 seconds left.
|
|t:|1760446774
|teamsize|p1|6
|teamsize|p2|6
|start
|switch|p1a: Great Tusk|Great Tusk|100/100
|switch|p2a: Iron Moth|Iron Moth|100/100
|turn|1
|inactive|bigtestsofbig has 120 seconds left.
|j| hadtomakesomebands
|
|t:|1760446813
|move|p2a: Iron Moth|Overheat|p1a: Great Tusk
|-damage|p1a: Great Tusk|0 fnt
|-unboost|p2a: Iron Moth|spa|2
|faint|p1a: Great Tusk
|-end|p1a: Great Tusk|Protosynthesis|[silent]
|
|upkeep
|
|t:|1760446825
|switch|p1a: Ceruledge|Ceruledge, F|100/100
|turn|2
|
|t:|1760446831
|-end|p2a: Iron Moth|Quark Drive|[silent]
|switch|p2a: Garganacl|Garganacl, F|100/100
|move|p1a: Ceruledge|Taunt|p2a: Garganacl
|-start|p2a: Garganacl|move: Taunt
|
|upkeep
|turn|3
|
|t:|1760446837
|switch|p1a: Ninetales|Ninetales-Alola, F|100/100
|-weather|Snowscape|[from] ability: Snow Warning|[of] p1a: Ninetales
|switch|p2a: Rotom|Rotom-Wash|100/100
|
|-weather|Snowscape|[upkeep]
|upkeep
|turn|4
|
|t:|1760446843
|move|p2a: Rotom|Volt Switch|p1a: Ninetales
|-crit|p1a: Ninetales
|-damage|p1a: Ninetales|56/100
|
|t:|1760446845
|switch|p2a: Iron Moth|Iron Moth|100/100|[from] Volt Switch
|move|p1a: Ninetales|Aurora Veil|p1a: Ninetales
|-sidestart|p1: ohlookarock3|move: Aurora Veil
|
|-weather|Snowscape|[upkeep]
|upkeep
|turn|5
|
|t:|1760446849
|switch|p1a: Ceruledge|Ceruledge, F|100/100
|move|p2a: Iron Moth|Fiery Dance|p1a: Ceruledge
|-start|p1a: Ceruledge|ability: Flash Fire
|
|-weather|Snowscape|[upkeep]
|upkeep
|turn|6
|
|t:|1760446860
|-end|p2a: Iron Moth|Quark Drive|[silent]
|switch|p2a: Rotom|Rotom-Wash|100/100
|-end|p1a: Ceruledge|ability: Flash Fire|[silent]
|switch|p1a: Weavile|Weavile, F|100/100
|-ability|p1a: Weavile|Pressure
|
|-weather|Snowscape|[upkeep]
|upkeep
|turn|7
|
|t:|1760446867
|move|p2a: Rotom|Volt Switch|p1a: Weavile
|-damage|p1a: Weavile|80/100
|
|t:|1760446874
|switch|p2a: Corviknight|Corviknight, M|100/100|[from] Volt Switch
|-ability|p2a: Corviknight|Pressure
|move|p1a: Weavile|Knock Off|p2a: Corviknight
|-damage|p2a: Corviknight|58/100
|-damage|p1a: Weavile|63/100|[from] item: Rocky Helmet|[of] p2a: Corviknight
|-enditem|p2a: Corviknight|Rocky Helmet|[from] move: Knock Off|[of] p1a: Weavile
|
|-weather|none
|upkeep
|turn|8
|
|t:|1760446884
|switch|p1a: Ceruledge|Ceruledge, F|100/100
|move|p2a: Corviknight|Roost|p2a: Corviknight
|-heal|p2a: Corviknight|100/100
|-singleturn|p2a: Corviknight|move: Roost
|
|upkeep
|turn|9
|
|t:|1760446894
|switch|p1a: Latias|Latias, F|100/100
|move|p2a: Corviknight|Defog|p1a: Latias
|-unboost|p1a: Latias|evasion|1
|-sideend|p1: ohlookarock3|move: Aurora Veil
|
|upkeep
|turn|10
|
|t:|1760446904
|move|p1a: Latias|Agility|p1a: Latias
|-boost|p1a: Latias|spe|2
|move|p2a: Corviknight|U-turn|p1a: Latias
|-supereffective|p1a: Latias
|-damage|p1a: Latias|76/100
|-enditem|p1a: Latias|Weakness Policy
|-boost|p1a: Latias|atk|2|[from] item: Weakness Policy
|-boost|p1a: Latias|spa|2|[from] item: Weakness Policy
|
|t:|1760446907
|switch|p2a: Garganacl|Garganacl, F|100/100|[from] U-turn
|
|upkeep
|turn|11
|
|t:|1760446914
|move|p1a: Latias|Calm Mind|p1a: Latias
|-boost|p1a: Latias|spa|1
|-boost|p1a: Latias|spd|1
|move|p2a: Garganacl|Salt Cure|p1a: Latias
|-damage|p1a: Latias|64/100
|-start|p1a: Latias|Salt Cure
|
|-damage|p1a: Latias|52/100|[from] Salt Cure
|upkeep
|turn|12
|
|t:|1760446921
|move|p1a: Latias|Stored Power|p2a: Garganacl
|-damage|p2a: Garganacl|0 fnt
|faint|p2a: Garganacl
|
|-damage|p1a: Latias|39/100|[from] Salt Cure
|upkeep
|
|t:|1760446945
|switch|p2a: Dragonite|Dragonite, M|100/100
|turn|13
|
|t:|1760446949
|-terastallize|p2a: Dragonite|Fairy
|move|p1a: Latias|Stored Power|p2a: Dragonite
|-damage|p2a: Dragonite|14/100
|move|p2a: Dragonite|Tera Blast|p1a: Latias|[anim] Tera Blast Fairy
|-supereffective|p1a: Latias
|-damage|p1a: Latias|0 fnt
|faint|p1a: Latias
|
|upkeep
|
|t:|1760446960
|switch|p1a: Ninetales|Ninetales-Alola, F|56/100
|-weather|Snowscape|[from] ability: Snow Warning|[of] p1a: Ninetales
|turn|14
|
|t:|1760446980
|move|p1a: Ninetales|Aurora Veil|p1a: Ninetales
|-sidestart|p1: ohlookarock3|move: Aurora Veil
|move|p2a: Dragonite|Dragon Dance|p2a: Dragonite
|-boost|p2a: Dragonite|atk|1
|-boost|p2a: Dragonite|spe|1
|
|-weather|Snowscape|[upkeep]
|upkeep
|turn|15
|
|t:|1760446988
|move|p2a: Dragonite|Encore|p1a: Ninetales
|-start|p1a: Ninetales|Encore
|move|p1a: Ninetales|Aurora Veil||[still]
|-fail|p1a: Ninetales
|
|-weather|Snowscape|[upkeep]
|upkeep
|turn|16
|
|t:|1760446999
|switch|p1a: Ceruledge|Ceruledge, F|100/100
|move|p2a: Dragonite|Dragon Dance|p2a: Dragonite
|-boost|p2a: Dragonite|atk|1
|-boost|p2a: Dragonite|spe|1
|
|-weather|Snowscape|[upkeep]
|upkeep
|turn|17
|
|t:|1760447004
|-terastallize|p1a: Ceruledge|Bug
|move|p2a: Dragonite|Earthquake|p1a: Ceruledge
|-resisted|p1a: Ceruledge
|-damage|p1a: Ceruledge|79/100
|move|p1a: Ceruledge|Bulk Up|p1a: Ceruledge
|-boost|p1a: Ceruledge|atk|1
|-boost|p1a: Ceruledge|def|1
|
|-weather|Snowscape|[upkeep]
|upkeep
|turn|18
|
|t:|1760447009
|move|p1a: Ceruledge|Shadow Sneak|p2a: Dragonite
|-damage|p2a: Dragonite|0 fnt
|faint|p2a: Dragonite
|
|-weather|none
|upkeep
|
|t:|1760447035
|switch|p2a: Rotom|Rotom-Wash|100/100
|turn|19
|
|t:|1760447047
|move|p1a: Ceruledge|Shadow Sneak|p2a: Rotom
|-damage|p2a: Rotom|66/100
|move|p2a: Rotom|Trick|p1a: Ceruledge
|-activate|p2a: Rotom|move: Trick|[of] p1a: Ceruledge
|-item|p1a: Ceruledge|Choice Scarf|[from] move: Trick
|-item|p2a: Rotom|Heavy-Duty Boots|[from] move: Trick
|
|upkeep
|turn|20
|
|t:|1760447061
|move|p1a: Ceruledge|Shadow Sneak|p2a: Rotom
|-damage|p2a: Rotom|35/100
|move|p2a: Rotom|Hydro Pump|p1a: Ceruledge
|-damage|p1a: Ceruledge|60/100
|
|upkeep
|turn|21
|
|t:|1760447068
|move|p1a: Ceruledge|Shadow Sneak|p2a: Rotom
|-damage|p2a: Rotom|2/100
|move|p2a: Rotom|Hydro Pump|p1a: Ceruledge
|-damage|p1a: Ceruledge|41/100
|
|-sideend|p1: ohlookarock3|move: Aurora Veil
|upkeep
|turn|22
|
|t:|1760447075
|move|p1a: Ceruledge|Shadow Sneak|p2a: Rotom
|-damage|p2a: Rotom|0 fnt
|faint|p2a: Rotom
|
|upkeep
|
|t:|1760447088
|switch|p2a: Iron Moth|Iron Moth|100/100
|turn|23
|
|t:|1760447092
|move|p1a: Ceruledge|Shadow Sneak|p2a: Iron Moth
|-damage|p2a: Iron Moth|59/100
|move|p2a: Iron Moth|Sludge Wave|p1a: Ceruledge
|-damage|p1a: Ceruledge|0 fnt
|faint|p1a: Ceruledge
|
|upkeep
|
|t:|1760447103
|switch|p1a: Weavile|Weavile, F|63/100
|-ability|p1a: Weavile|Pressure
|turn|24
|
|t:|1760447107
|-end|p2a: Iron Moth|Quark Drive|[silent]
|switch|p2a: Corviknight|Corviknight, M|100/100
|-ability|p2a: Corviknight|Pressure
|move|p1a: Weavile|Knock Off|p2a: Corviknight
|-damage|p2a: Corviknight|67/100
|
|upkeep
|turn|25
|
|t:|1760447112
|switch|p1a: Ninetales|Ninetales-Alola, F|56/100
|-weather|Snowscape|[from] ability: Snow Warning|[of] p1a: Ninetales
|move|p2a: Corviknight|U-turn|p1a: Ninetales
|-resisted|p1a: Ninetales
|-damage|p1a: Ninetales|50/100
|
|t:|1760447114
|switch|p2a: Iron Moth|Iron Moth|59/100|[from] U-turn
|
|-weather|Snowscape|[upkeep]
|upkeep
|turn|26
|
|t:|1760447118
|move|p2a: Iron Moth|Fiery Dance|p1a: Ninetales
|-supereffective|p1a: Ninetales
|-damage|p1a: Ninetales|0 fnt
|faint|p1a: Ninetales
|
|-weather|Snowscape|[upkeep]
|upkeep
|
|t:|1760447124
|switch|p1a: Weavile|Weavile, F|63/100
|-ability|p1a: Weavile|Pressure
|turn|27
|inactive|bigtestsofbig has 120 seconds left.
|inactive|bigtestsofbig has 90 seconds left.
|
|t:|1760447200
|-end|p2a: Iron Moth|Quark Drive|[silent]
|switch|p2a: Garchomp|Garchomp, F|100/100
|move|p1a: Weavile|Knock Off|p2a: Garchomp
|-damage|p2a: Garchomp|25/100
|-damage|p1a: Weavile|51/100|[from] ability: Rough Skin|[of] p2a: Garchomp
|-enditem|p2a: Garchomp|Life Orb|[from] move: Knock Off|[of] p1a: Weavile
|
|-weather|Snowscape|[upkeep]
|upkeep
|turn|28
|
|t:|1760447215
|move|p1a: Weavile|Knock Off|p2a: Garchomp
|-damage|p2a: Garchomp|0 fnt
|-damage|p1a: Weavile|39/100|[from] ability: Rough Skin|[of] p2a: Garchomp
|faint|p2a: Garchomp
|
|-weather|Snowscape|[upkeep]
|upkeep
|
|t:|1760447220
|switch|p2a: Corviknight|Corviknight, M|67/100
|-ability|p2a: Corviknight|Pressure
|turn|29
|
|t:|1760447225
|move|p1a: Weavile|Knock Off|p2a: Corviknight
|-damage|p2a: Corviknight|39/100
|move|p2a: Corviknight|U-turn|p1a: Weavile
|-supereffective|p1a: Weavile
|-damage|p1a: Weavile|3/100
|
|t:|1760447232
|switch|p2a: Iron Moth|Iron Moth|59/100|[from] U-turn
|
|-weather|none
|upkeep
|turn|30
|inactive|bigtestsofbig has 90 seconds left.
|
|t:|1760447243
|-end|p2a: Iron Moth|Quark Drive|[silent]
|switch|p2a: Corviknight|Corviknight, M|39/100
|-ability|p2a: Corviknight|Pressure
|move|p1a: Weavile|Knock Off|p2a: Corviknight
|-damage|p2a: Corviknight|8/100
|
|upkeep
|turn|31
|
|t:|1760447247
|move|p1a: Weavile|Knock Off|p2a: Corviknight
|-damage|p2a: Corviknight|0 fnt
|faint|p2a: Corviknight
|
|upkeep
|
|t:|1760447248
|switch|p2a: Iron Moth|Iron Moth|59/100
|turn|32
|
|t:|1760447250
|move|p1a: Weavile|Knock Off|p2a: Iron Moth
|-damage|p2a: Iron Moth|0 fnt
|-enditem|p2a: Iron Moth|Choice Specs|[from] move: Knock Off|[of] p1a: Weavile
|faint|p2a: Iron Moth
|-end|p2a: Iron Moth|Quark Drive|[silent]
|
|win|ohlookarock3
|raw|ohlookarock3's rating: 1562 &rarr; <strong>1582</strong><br />(+20 for winning)
|raw|bigtestsofbig's rating: 1564 &rarr; <strong>1544</strong><br />(-20 for losing)
|l|☆bigtestsofbig
|player|p2|
|l|☆ohlookarock3
|player|p1|
