|j|☆Des4
|j|☆justiceforjessie
|t:|1760390498
|gametype|singles
|player|p1|Des4|caitlin|1425
|player|p2|justiceforjessie|170|1422
|gen|9
|tier|[Gen 9] OU
|rated|
|rule|HP Percentage Mod: HP is shown in percentages
|rule|Endless Battle Clause: Forcing endless battles is banned
|rule|Species Clause: Limit one of each Pokémon
|rule|OHKO Clause: OHKO moves are banned
|rule|Evasion Items Clause: Evasion items are banned
|rule|Evasion Moves Clause: Evasion moves are banned
|rule|Evasion Abilities Clause: Evasion abilities are banned
|rule|Sleep Moves Clause: Sleep-inducing moves are banned
|clearpoke
|poke|p1|Articuno|
|poke|p1|Slowking-Galar, F|
|poke|p1|Iron Treads|
|poke|p1|Primarina, F|
|poke|p1|Mandibuzz, F|
|poke|p1|Dragapult, F|
|poke|p2|Torkoal, M|
|poke|p2|Great Tusk|
|poke|p2|Walking Wake|
|poke|p2|Comfey, M|
|poke|p2|Venusaur, M|
|poke|p2|Gholdengo|
|teampreview
|inactive|Battle timer is ON: inactive players will automatically lose when time's up. (requested by Des4)
|inactive|Des4 has 120 seconds left.
|inactive|justiceforjessie has 120 seconds left.
|
|t:|1760390549
|teamsize|p1|6
|teamsize|p2|6
|start
|switch|p1a: Primarina|Primarina, F|100/100
|switch|p2a: Torkoal|Torkoal, M|100/100
|-weather|SunnyDay|[from] ability: Drought|[of] p2a: Torkoal
|turn|1
|
|t:|1760390559
|switch|p2a: VenuSOROS.|Venusaur, M|100/100
|move|p1a: Primarina|Flip Turn|p2a: VenuSOROS.
|-resisted|p2a: VenuSOROS.
|-damage|p2a: VenuSOROS.|97/100
|
|t:|1760390565
|switch|p1a: Slowking|Slowking-Galar, F|100/100|[from] Flip Turn
|
|-weather|SunnyDay|[upkeep]
|upkeep
|turn|2
|
|t:|1760390572
|-terastallize|p2a: VenuSOROS.|Fire
|move|p2a: VenuSOROS.|Growth|p2a: VenuSOROS.
|-boost|p2a: VenuSOROS.|atk|2
|-boost|p2a: VenuSOROS.|spa|2
|move|p1a: Slowking|Future Sight|p2a: VenuSOROS.
|-start|p1a: Slowking|move: Future Sight
|
|-weather|SunnyDay|[upkeep]
|upkeep
|turn|3
|
|t:|1760390579
|move|p2a: VenuSOROS.|Earthquake|p1a: Slowking
|-supereffective|p1a: Slowking
|-damage|p1a: Slowking|0 fnt
|faint|p1a: Slowking
|-damage|p2a: VenuSOROS.|87/100|[from] item: Life Orb
|
|-weather|SunnyDay|[upkeep]
|upkeep
|
|t:|1760390584
|switch|p1a: Mandibuzz|Mandibuzz, F|100/100
|turn|4
|
|t:|1760390588
|move|p2a: VenuSOROS.|Weather Ball|p1a: Mandibuzz
|-damage|p1a: Mandibuzz|0 fnt
|faint|p1a: Mandibuzz
|-damage|p2a: VenuSOROS.|77/100|[from] item: Life Orb
|
|-weather|SunnyDay|[upkeep]
|-end|p2a: VenuSOROS.|move: Future Sight
|-damage|p2a: VenuSOROS.|21/100
|upkeep
|
|t:|1760390591
|switch|p1a: Dragapult|Dragapult, F|100/100
|turn|5
|
|t:|1760390598
|move|p2a: VenuSOROS.|Giga Drain|p1a: Dragapult
|-resisted|p1a: Dragapult
|-damage|p1a: Dragapult|46/100
|-heal|p2a: VenuSOROS.|50/100|[from] drain|[of] p1a: Dragapult
|-damage|p2a: VenuSOROS.|40/100|[from] item: Life Orb
|move|p1a: Dragapult|Dragon Darts|p2a: VenuSOROS.
|-damage|p2a: VenuSOROS.|9/100
|-anim|p1a: Dragapult|Dragon Darts|p2a: VenuSOROS.
|-damage|p2a: VenuSOROS.|0 fnt
|faint|p2a: VenuSOROS.
|
|-weather|SunnyDay|[upkeep]
|upkeep
|
|t:|1760390612
|switch|p2a: Walking WOKE.|Walking Wake|100/100
|-activate|p2a: Walking WOKE.|ability: Protosynthesis
|-start|p2a: Walking WOKE.|protosynthesisspe
|turn|6
|
|t:|1760390618
|switch|p1a: Primarina|Primarina, F|100/100
|move|p2a: Walking WOKE.|Hydro Steam|p1a: Primarina
|-resisted|p1a: Primarina
|-damage|p1a: Primarina|60/100
|
|-weather|SunnyDay|[upkeep]
|upkeep
|turn|7
|
|t:|1760390634
|move|p2a: Walking WOKE.|Hydro Steam|p1a: Primarina
|-resisted|p1a: Primarina
|-damage|p1a: Primarina|21/100
|move|p1a: Primarina|Moonblast|p2a: Walking WOKE.
|-supereffective|p2a: Walking WOKE.
|-damage|p2a: Walking WOKE.|0 fnt
|faint|p2a: Walking WOKE.
|-end|p2a: Walking WOKE.|Protosynthesis|[silent]
|
|-weather|SunnyDay|[upkeep]
|upkeep
|
|t:|1760390643
|switch|p2a: Great THEY/THEM.|Great Tusk|100/100
|-activate|p2a: Great THEY/THEM.|ability: Protosynthesis
|-start|p2a: Great THEY/THEM.|protosynthesisatk
|turn|8
|
|t:|1760390652
|switch|p1a: Articuno|Articuno|100/100
|-ability|p1a: Articuno|Pressure
|move|p2a: Great THEY/THEM.|Headlong Rush|p1a: Articuno
|-immune|p1a: Articuno
|
|-weather|none
|-end|p2a: Great THEY/THEM.|Protosynthesis
|upkeep
|turn|9
|
|t:|1760390661
|-end|p2a: Great THEY/THEM.|Protosynthesis|[silent]
|switch|p2a: Torkoal|Torkoal, M|100/100
|-weather|SunnyDay|[from] ability: Drought|[of] p2a: Torkoal
|move|p1a: Articuno|Substitute|p1a: Articuno
|-start|p1a: Articuno|Substitute
|-damage|p1a: Articuno|76/100
|
|-weather|SunnyDay|[upkeep]
|-heal|p1a: Articuno|82/100|[from] item: Leftovers
|upkeep
|turn|10
|
|t:|1760390671
|-terastallize|p1a: Articuno|Ground
|move|p1a: Articuno|Tera Blast|p2a: Torkoal|[anim] Tera Blast Ground
|-supereffective|p2a: Torkoal
|-damage|p2a: Torkoal|41/100
|move|p2a: Torkoal|Lava Plume|p1a: Articuno
|-end|p1a: Articuno|Substitute
|
|-weather|SunnyDay|[upkeep]
|-heal|p1a: Articuno|88/100|[from] item: Leftovers
|upkeep
|turn|11
|
|t:|1760390684
|switch|p2a: Comfey|Comfey, M|100/100
|move|p1a: Articuno|Tera Blast|p2a: Comfey|[anim] Tera Blast Ground
|-damage|p2a: Comfey|63/100
|
|-weather|SunnyDay|[upkeep]
|-heal|p1a: Articuno|94/100|[from] item: Leftovers
|upkeep
|turn|12
|
|t:|1760390691
|switch|p1a: Iron Treads|Iron Treads|100/100
|move|p2a: Comfey|Growth|p2a: Comfey
|-boost|p2a: Comfey|atk|2
|-boost|p2a: Comfey|spa|2
|
|-weather|SunnyDay|[upkeep]
|upkeep
|turn|13
|
|t:|1760390698
|move|p2a: Comfey|Draining Kiss|p1a: Iron Treads
|-resisted|p1a: Iron Treads
|-damage|p1a: Iron Treads|64/100
|-heal|p2a: Comfey|92/100|[from] drain|[of] p1a: Iron Treads
|-damage|p2a: Comfey|82/100|[from] item: Life Orb
|move|p1a: Iron Treads|Earthquake|p2a: Comfey
|-damage|p2a: Comfey|26/100
|
|-weather|SunnyDay|[upkeep]
|-heal|p1a: Iron Treads|70/100|[from] item: Leftovers
|upkeep
|turn|14
|
|t:|1760390708
|move|p2a: Comfey|Draining Kiss|p1a: Iron Treads
|-resisted|p1a: Iron Treads
|-damage|p1a: Iron Treads|29/100
|-heal|p2a: Comfey|59/100|[from] drain|[of] p1a: Iron Treads
|-damage|p2a: Comfey|49/100|[from] item: Life Orb
|move|p1a: Iron Treads|Earthquake|p2a: Comfey
|-crit|p2a: Comfey
|-damage|p2a: Comfey|0 fnt
|faint|p2a: Comfey
|
|-weather|SunnyDay|[upkeep]
|-heal|p1a: Iron Treads|35/100|[from] item: Leftovers
|upkeep
|
|t:|1760390719
|switch|p2a: Great THEY/THEM.|Great Tusk|100/100
|-activate|p2a: Great THEY/THEM.|ability: Protosynthesis
|-start|p2a: Great THEY/THEM.|protosynthesisatk
|turn|15
|
|t:|1760390728
|move|p2a: Great THEY/THEM.|Headlong Rush|p1a: Iron Treads
|-supereffective|p1a: Iron Treads
|-damage|p1a: Iron Treads|0 fnt
|-unboost|p2a: Great THEY/THEM.|def|1
|-unboost|p2a: Great THEY/THEM.|spd|1
|faint|p1a: Iron Treads
|-end|p1a: Iron Treads|Quark Drive|[silent]
|
|-weather|SunnyDay|[upkeep]
|upkeep
|
|t:|1760390735
|switch|p1a: Primarina|Primarina, F|21/100
|turn|16
|
|t:|1760390739
|move|p2a: Great THEY/THEM.|Headlong Rush|p1a: Primarina
|-damage|p1a: Primarina|0 fnt
|-unboost|p2a: Great THEY/THEM.|def|1
|-unboost|p2a: Great THEY/THEM.|spd|1
|faint|p1a: Primarina
|
|-weather|none
|-end|p2a: Great THEY/THEM.|Protosynthesis
|upkeep
|
|t:|1760390741
|switch|p1a: Articuno|Articuno, tera:Ground|94/100
|-ability|p1a: Articuno|Pressure
|turn|17
|
|t:|1760390750
|-end|p2a: Great THEY/THEM.|Protosynthesis|[silent]
|switch|p2a: Torkoal|Torkoal, M|41/100
|-weather|SunnyDay|[from] ability: Drought|[of] p2a: Torkoal
|move|p1a: Articuno|Freeze-Dry|p2a: Torkoal
|-resisted|p2a: Torkoal
|-damage|p2a: Torkoal|27/100
|
|-weather|SunnyDay|[upkeep]
|-heal|p1a: Articuno|100/100|[from] item: Leftovers
|upkeep
|turn|18
|
|t:|1760390760
|move|p1a: Articuno|Substitute|p1a: Articuno
|-start|p1a: Articuno|Substitute
|-damage|p1a: Articuno|76/100
|move|p2a: Torkoal|Lava Plume|p1a: Articuno
|-end|p1a: Articuno|Substitute
|
|-weather|SunnyDay|[upkeep]
|-heal|p1a: Articuno|82/100|[from] item: Leftovers
|upkeep
|turn|19
|
|t:|1760390769
|move|p1a: Articuno|Substitute|p1a: Articuno
|-start|p1a: Articuno|Substitute
|-damage|p1a: Articuno|57/100
|move|p2a: Torkoal|Lava Plume|p1a: Articuno
|-end|p1a: Articuno|Substitute
|
|-weather|SunnyDay|[upkeep]
|-heal|p1a: Articuno|63/100|[from] item: Leftovers
|upkeep
|turn|20
|
|t:|1760390778
|move|p1a: Articuno|Substitute|p1a: Articuno
|-start|p1a: Articuno|Substitute
|-damage|p1a: Articuno|38/100
|move|p2a: Torkoal|Lava Plume|p1a: Articuno
|-end|p1a: Articuno|Substitute
|
|-weather|SunnyDay|[upkeep]
|-heal|p1a: Articuno|45/100|[from] item: Leftovers
|upkeep
|turn|21
|
|t:|1760390786
|move|p1a: Articuno|Roost|p1a: Articuno
|-heal|p1a: Articuno|95/100
|move|p2a: Torkoal|Lava Plume|p1a: Articuno
|-damage|p1a: Articuno|63/100
|-status|p1a: Articuno|brn
|
|-weather|SunnyDay|[upkeep]
|-heal|p1a: Articuno|69/100 brn|[from] item: Leftovers
|-damage|p1a: Articuno|63/100 brn|[from] brn
|upkeep
|turn|22
|
|t:|1760390796
|move|p1a: Articuno|Substitute|p1a: Articuno
|-start|p1a: Articuno|Substitute
|-damage|p1a: Articuno|38/100 brn
|move|p2a: Torkoal|Earth Power|p1a: Articuno
|-activate|p1a: Articuno|move: Substitute|[damage]
|
|-weather|SunnyDay|[upkeep]
|-heal|p1a: Articuno|44/100 brn|[from] item: Leftovers
|-damage|p1a: Articuno|38/100 brn|[from] brn
|upkeep
|turn|23
|
|t:|1760390810
|switch|p2a: GholDEIngo.|Gholdengo|100/100
|-item|p2a: GholDEIngo.|Air Balloon
|move|p1a: Articuno|Tera Blast|p2a: GholDEIngo.|[anim] Tera Blast Ground
|-immune|p2a: GholDEIngo.
|
|-weather|SunnyDay|[upkeep]
|-heal|p1a: Articuno|44/100 brn|[from] item: Leftovers
|-damage|p1a: Articuno|38/100 brn|[from] brn
|upkeep
|turn|24
|
|t:|1760390822
|move|p1a: Articuno|Freeze-Dry|p2a: GholDEIngo.
|-resisted|p2a: GholDEIngo.
|-damage|p2a: GholDEIngo.|84/100
|-enditem|p2a: GholDEIngo.|Air Balloon
|move|p2a: GholDEIngo.|Shadow Ball|p1a: Articuno
|-end|p1a: Articuno|Substitute
|
|-weather|none
|-heal|p1a: Articuno|44/100 brn|[from] item: Leftovers
|-damage|p1a: Articuno|38/100 brn|[from] brn
|upkeep
|turn|25
|
|t:|1760390833
|move|p1a: Articuno|Roost|p1a: Articuno
|-heal|p1a: Articuno|88/100 brn
|move|p2a: GholDEIngo.|Make It Rain|p1a: Articuno
|-damage|p1a: Articuno|27/100 brn
|-unboost|p2a: GholDEIngo.|spa|1
|
|-heal|p1a: Articuno|33/100 brn|[from] item: Leftovers
|-damage|p1a: Articuno|27/100 brn|[from] brn
|upkeep
|turn|26
|
|t:|1760390844
|move|p1a: Articuno|Roost|p1a: Articuno
|-heal|p1a: Articuno|77/100 brn
|move|p2a: GholDEIngo.|Nasty Plot|p2a: GholDEIngo.
|-boost|p2a: GholDEIngo.|spa|2
|
|-heal|p1a: Articuno|83/100 brn|[from] item: Leftovers
|-damage|p1a: Articuno|77/100 brn|[from] brn
|upkeep
|turn|27
|
|t:|1760390852
|move|p1a: Articuno|Tera Blast|p2a: GholDEIngo.|[anim] Tera Blast Ground
|-supereffective|p2a: GholDEIngo.
|-damage|p2a: GholDEIngo.|2/100
|move|p2a: GholDEIngo.|Make It Rain|p1a: Articuno
|-damage|p1a: Articuno|0 fnt
|-unboost|p2a: GholDEIngo.|spa|1
|faint|p1a: Articuno
|
|upkeep
|
|t:|1760390857
|switch|p1a: Dragapult|Dragapult, F|46/100
|turn|28
|
|t:|1760390863
|move|p1a: Dragapult|Hex|p2a: GholDEIngo.
|-supereffective|p2a: GholDEIngo.
|-damage|p2a: GholDEIngo.|0 fnt
|faint|p2a: GholDEIngo.
|
|upkeep
|
|t:|1760390868
|switch|p2a: Torkoal|Torkoal, M|27/100
|-weather|SunnyDay|[from] ability: Drought|[of] p2a: Torkoal
|turn|29
|
|t:|1760390872
|move|p1a: Dragapult|Hex|p2a: Torkoal
|-damage|p2a: Torkoal|1/100
|move|p2a: Torkoal|Lava Plume|p1a: Dragapult
|-resisted|p1a: Dragapult
|-damage|p1a: Dragapult|18/100
|
|-weather|SunnyDay|[upkeep]
|upkeep
|turn|30
|
|t:|1760390879
|move|p1a: Dragapult|Dragon Darts|p2a: Torkoal
|-damage|p2a: Torkoal|0 fnt
|faint|p2a: Torkoal
|
|-weather|SunnyDay|[upkeep]
|upkeep
|-message|Des4 forfeited.
|
|win|justiceforjessie
|raw|Des4's rating: 1425 &rarr; <strong>1406</strong><br />(-19 for losing)
|raw|justiceforjessie's rating: 1441 &rarr; <strong>1460</strong><br />(+19 for winning)
|l|☆Des4
|player|p1|
|c|☆justiceforjessie|gg
