|j|☆pantlsg
|j|☆EITAFG
|t:|1760322331
|gametype|singles
|player|p1|pantlsg|101|1039
|player|p2|EITAFG|scientist-gen4dp|1000
|gen|9
|tier|[Gen 9] OU
|rated|
|rule|HP Percentage Mod: HP is shown in percentages
|rule|Endless Battle Clause: Forcing endless battles is banned
|rule|Species Clause: Limit one of each Pokémon
|rule|OHKO Clause: OHKO moves are banned
|rule|Evasion Items Clause: Evasion items are banned
|rule|Evasion Moves Clause: Evasion moves are banned
|rule|Evasion Abilities Clause: Evasion abilities are banned
|rule|Sleep Moves Clause: Sleep-inducing moves are banned
|clearpoke
|poke|p1|Pikachu-Kalos, M|
|poke|p1|Meditite, M|
|poke|p1|Wartortle, F|
|poke|p1|Sneasel-Hisui, M|
|poke|p1|Glimmet, F|
|poke|p1|Fletchinder, F|
|poke|p2|Electivire, F|
|poke|p2|Alomomola, M|
|poke|p2|Dragapult, M|
|poke|p2|Hydrapple, M|
|poke|p2|Great Tusk|
|poke|p2|Goodra-Hisui, F|
|teampreview
|inactive|Battle timer is ON: inactive players will automatically lose when time's up. (requested by pantlsg)
|
|t:|1760322339
|teamsize|p1|6
|teamsize|p2|6
|start
|switch|p1a: Meditite|Meditite, M|100/100
|switch|p2a: Great Tusk|Great Tusk|100/100
|turn|1
|
|t:|1760322348
|move|p2a: Great Tusk|Stealth Rock|p1a: Meditite
|-sidestart|p1: pantlsg|move: Stealth Rock
|move|p1a: Meditite|Trailblaze|p2a: Great Tusk
|-supereffective|p2a: Great Tusk
|-damage|p2a: Great Tusk|71/100
|-boost|p1a: Meditite|spe|1
|
|upkeep
|turn|2
|
|t:|1760322362
|-end|p2a: Great Tusk|Protosynthesis|[silent]
|switch|p2a: Hydrapple|Hydrapple, M|100/100
|move|p1a: Meditite|Bulk Up|p1a: Meditite
|-boost|p1a: Meditite|atk|1
|-boost|p1a: Meditite|def|1
|
|upkeep
|turn|3
|
|t:|1760322374
|move|p1a: Meditite|Bulk Up|p1a: Meditite
|-boost|p1a: Meditite|atk|1
|-boost|p1a: Meditite|def|1
|move|p2a: Hydrapple|Nasty Plot|p2a: Hydrapple
|-boost|p2a: Hydrapple|spa|2
|
|upkeep
|turn|4
|
|t:|1760322384
|move|p1a: Meditite|Bulk Up|p1a: Meditite
|-boost|p1a: Meditite|atk|1
|-boost|p1a: Meditite|def|1
|move|p2a: Hydrapple|Giga Drain|p1a: Meditite
|-enditem|p1a: Meditite|Focus Sash
|-damage|p1a: Meditite|1/100
|
|upkeep
|turn|5
|
|t:|1760322393
|-terastallize|p1a: Meditite|Stellar
|move|p1a: Meditite|Close Combat|p2a: Hydrapple
|-damage|p2a: Hydrapple|0 fnt
|-unboost|p1a: Meditite|def|1
|-unboost|p1a: Meditite|spd|1
|faint|p2a: Hydrapple
|
|upkeep
|
|t:|1760322410
|switch|p2a: Alomomola|Alomomola, M|100/100
|turn|6
|
|t:|1760322418
|-terastallize|p2a: Alomomola|Fairy
|move|p1a: Meditite|Trailblaze|p2a: Alomomola
|-damage|p2a: Alomomola|66/100
|-boost|p1a: Meditite|spe|1
|move|p2a: Alomomola|Flip Turn|p1a: Meditite
|-damage|p1a: Meditite|0 fnt
|faint|p1a: Meditite
|
|t:|1760322428
|switch|p2a: Electivire|Electivire, F|100/100|[from] Flip Turn
|
|upkeep
|
|t:|1760322434
|switch|p1a: Fletchinder|Fletchinder, F|100/100
|turn|7
|
|t:|1760322443
|move|p1a: Fletchinder|Defog|p2a: Electivire
|-unboost|p2a: Electivire|evasion|1
|-sideend|p1: pantlsg|Stealth Rock|[from] move: Defog|[of] p1a: Fletchinder
|move|p2a: Electivire|Thunderbolt|p1a: Fletchinder
|-supereffective|p1a: Fletchinder
|-damage|p1a: Fletchinder|0 fnt
|faint|p1a: Fletchinder
|-damage|p2a: Electivire|91/100|[from] item: Life Orb
|
|upkeep
|
|t:|1760322468
|switch|p1a: Wartortle|Wartortle, F|100/100
|turn|8
|
|t:|1760322475
|switch|p1a: Pikachu|Pikachu-Kalos, M|100/100
|move|p2a: Electivire|Thunderbolt|p1a: Pikachu
|-ability|p1a: Pikachu|Lightning Rod|boost
|-boost|p1a: Pikachu|spa|1
|
|upkeep
|turn|9
|
|t:|1760322485
|move|p2a: Electivire|Earthquake|p1a: Pikachu
|-supereffective|p1a: Pikachu
|-damage|p1a: Pikachu|0 fnt
|faint|p1a: Pikachu
|-damage|p2a: Electivire|81/100|[from] item: Life Orb
|
|upkeep
|-message|pantlsg forfeited.
|
|win|EITAFG
|raw|pantlsg's rating: 1039 &rarr; <strong>1023</strong><br />(-16 for losing)
|raw|EITAFG's rating: 1045 &rarr; <strong>1078</strong><br />(+33 for winning)
|l|☆pantlsg
|player|p1|
