|j|☆BigPnkPig
|t:|1760437888
|gametype|singles
|player|p1|fizziesoupjr|harlequin|1083
|player|p2|BigPnkPig|266|1000
|gen|9
|tier|[Gen 9] OU
|rated|
|rule|HP Percentage Mod: HP is shown in percentages
|rule|Endless Battle Clause: Forcing endless battles is banned
|rule|Species Clause: Limit one of each Pokémon
|rule|OHKO Clause: OHKO moves are banned
|rule|Evasion Items Clause: Evasion items are banned
|rule|Evasion Moves Clause: Evasion moves are banned
|rule|Evasion Abilities Clause: Evasion abilities are banned
|rule|Sleep Moves Clause: Sleep-inducing moves are banned
|clearpoke
|poke|p1|Regidrago|
|poke|p1|Breloom, F|
|poke|p1|Empoleon, F|
|poke|p1|Lycanroc, F|
|poke|p1|Granbull, F|
|poke|p1|Komala, F|
|poke|p2|Glimmora, F|
|poke|p2|Alomomola, M|
|poke|p2|Ting-Lu|
|poke|p2|Gholdengo|
|poke|p2|Great Tusk|
|poke|p2|Kingambit, M|
|teampreview
|j|☆fizziesoupjr
|player|p1|fizziesoupjr|harlequin|
|inactive|Battle timer is ON: inactive players will automatically lose when time's up. (requested by BigPnkPig)
|
|t:|1760437909
|teamsize|p1|6
|teamsize|p2|6
|start
|switch|p1a: Komala|Komala, F|100/100
|switch|p2a: Glimmora|Glimmora, F|100/100
|-ability|p1a: Komala|Comatose
|turn|1
|
|t:|1760437937
|move|p2a: Glimmora|Power Gem|p1a: Komala
|-damage|p1a: Komala|53/100
|move|p1a: Komala|Earthquake|p2a: Glimmora
|-supereffective|p2a: Glimmora
|-enditem|p2a: Glimmora|Focus Sash
|-damage|p2a: Glimmora|1/100
|-activate|p2a: Glimmora|ability: Toxic Debris
|-sidestart|p1: fizziesoupjr|move: Toxic Spikes
|
|-heal|p1a: Komala|59/100|[from] item: Leftovers
|upkeep
|turn|2
|inactive|BigPnkPig has 120 seconds left.
|
|t:|1760437971
|-terastallize|p2a: Glimmora|Ghost
|move|p2a: Glimmora|Stealth Rock|p1a: Komala
|-sidestart|p1: fizziesoupjr|move: Stealth Rock
|move|p1a: Komala|Rapid Spin|p2a: Glimmora
|-immune|p2a: Glimmora
|
|-heal|p1a: Komala|65/100|[from] item: Leftovers
|upkeep
|turn|3
|
|t:|1760437995
|switch|p1a: Empoleon|Empoleon, F|100/100
|-damage|p1a: Empoleon|94/100|[from] Stealth Rock
|move|p2a: Glimmora|Power Gem|p1a: Empoleon
|-resisted|p1a: Empoleon
|-damage|p1a: Empoleon|71/100
|
|upkeep
|turn|4
|
|t:|1760438011
|move|p2a: Glimmora|Earth Power|p1a: Empoleon
|-supereffective|p1a: Empoleon
|-damage|p1a: Empoleon|1/100
|move|p1a: Empoleon|Ice Beam|p2a: Glimmora
|-damage|p2a: Glimmora|0 fnt
|faint|p2a: Glimmora
|
|upkeep
|inactive|BigPnkPig has 90 seconds left.
|
|t:|1760438052
|switch|p2a: Great Tusk|Great Tusk|100/100
|turn|5
|
|t:|1760438057
|move|p2a: Great Tusk|Rapid Spin|p1a: Empoleon
|-resisted|p1a: Empoleon
|-damage|p1a: Empoleon|0 fnt
|-boost|p2a: Great Tusk|spe|1
|faint|p1a: Empoleon
|
|upkeep
|
|t:|1760438061
|switch|p1a: Granbull|Granbull, F|100/100
|-status|p1a: Granbull|psn
|-damage|p1a: Granbull|88/100 psn|[from] Stealth Rock
|-ability|p1a: Granbull|Intimidate|boost
|-unboost|p2a: Great Tusk|atk|1
|turn|6
|inactive|BigPnkPig has 90 seconds left.
|
|t:|1760438080
|-end|p2a: Great Tusk|Protosynthesis|[silent]
|switch|p2a: Alomomola|Alomomola, M|100/100
|move|p1a: Granbull|Earthquake|p2a: Alomomola
|-damage|p2a: Alomomola|80/100
|
|-damage|p1a: Granbull|76/100 psn|[from] psn
|upkeep
|turn|7
|
|t:|1760438087
|switch|p1a: Komala|Komala, F|65/100
|-damage|p1a: Komala|53/100|[from] Stealth Rock
|-ability|p1a: Komala|Comatose
|move|p2a: Alomomola|Flip Turn|p1a: Komala
|-damage|p1a: Komala|28/100
|
|t:|1760438095
|switch|p2a: Gholdengo|Gholdengo|100/100|[from] Flip Turn
|
|-heal|p1a: Komala|34/100|[from] item: Leftovers
|upkeep
|turn|8
|inactive|BigPnkPig has 90 seconds left.
|
|t:|1760438100
|move|p2a: Gholdengo|Make It Rain|p1a: Komala
|-damage|p1a: Komala|0 fnt
|-unboost|p2a: Gholdengo|spa|1
|faint|p1a: Komala
|
|upkeep
|
|t:|1760438113
|switch|p1a: Breloom|Breloom, F|100/100
|-status|p1a: Breloom|psn
|-damage|p1a: Breloom|94/100 psn|[from] Stealth Rock
|turn|9
|inactive|BigPnkPig has 90 seconds left.
|
|t:|1760438130
|move|p2a: Gholdengo|Make It Rain|p1a: Breloom
|-damage|p1a: Breloom|22/100 psn
|-unboost|p2a: Gholdengo|spa|1
|move|p1a: Breloom|Leech Seed|p2a: Gholdengo
|-immune|p2a: Gholdengo|[from] ability: Good as Gold
|
|-heal|p1a: Breloom|35/100 psn|[from] ability: Poison Heal
|upkeep
|turn|10
|-message|fizziesoupjr forfeited.
|
|win|BigPnkPig
|raw|fizziesoupjr's rating: 1083 &rarr; <strong>1055</strong><br />(-28 for losing)
|raw|BigPnkPig's rating: 1000 &rarr; <strong>1049</strong><br />(+49 for winning)
|l|☆fizziesoupjr
|player|p1|
