|j|☆clumsy_phanpy
|j|☆usucklatias
|t:|1760315846
|gametype|singles
|player|p1|clumsy_phanpy|2|1227
|player|p2|usucklatias|102|1263
|gen|9
|tier|[Gen 9] OU
|rated|
|rule|HP Percentage Mod: HP is shown in percentages
|rule|Endless Battle Clause: Forcing endless battles is banned
|rule|Species Clause: Limit one of each Pokémon
|rule|OHKO Clause: OHKO moves are banned
|rule|Evasion Items Clause: Evasion items are banned
|rule|Evasion Moves Clause: Evasion moves are banned
|rule|Evasion Abilities Clause: Evasion abilities are banned
|rule|Sleep Moves Clause: Sleep-inducing moves are banned
|clearpoke
|poke|p1|Gliscor, M|
|poke|p1|Ogerpon-Wellspring, F|
|poke|p1|Rillaboom, M|
|poke|p1|Iron Moth|
|poke|p1|Grimmsnarl, M|
|poke|p1|Goodra-Hisui, M|
|poke|p2|Glimmora, F|
|poke|p2|Ogerpon-Wellspring, F|
|poke|p2|Hatterene, F|
|poke|p2|Iron Moth|
|poke|p2|Dragonite, F|
|poke|p2|Kingambit, F|
|teampreview
|c|☆clumsy_phanpy|i see we have some similar tastes in sweepers
|c|☆usucklatias|shutr the fuck up
|
|t:|1760315893
|teamsize|p1|6
|teamsize|p2|6
|start
|switch|p1a: Slaid|Grimmsnarl, M|100/100
|switch|p2a: Hidan|Glimmora, F, shiny|100/100
|turn|1
|c|☆clumsy_phanpy|damn
|c|☆clumsy_phanpy|whats the hostility for
|
|t:|1760315906
|move|p1a: Slaid|Light Screen|p1a: Slaid
|-sidestart|p1: clumsy_phanpy|move: Light Screen
|move|p2a: Hidan|Stealth Rock|p1a: Slaid
|-sidestart|p1: clumsy_phanpy|move: Stealth Rock
|
|upkeep
|turn|2
|
|t:|1760315911
|move|p1a: Slaid|Reflect|p1a: Slaid
|-sidestart|p1: clumsy_phanpy|Reflect
|move|p2a: Hidan|Mortal Spin|p1a: Slaid
|-supereffective|p1a: Slaid
|-damage|p1a: Slaid|93/100
|-status|p1a: Slaid|psn
|
|-damage|p1a: Slaid|81/100 psn|[from] psn
|upkeep
|turn|3
|
|t:|1760315933
|move|p1a: Slaid|Parting Shot|p2a: Hidan
|-unboost|p2a: Hidan|atk|1
|-unboost|p2a: Hidan|spa|1
|
|t:|1760315943
|switch|p1a: Sheldon|Goodra-Hisui, M, shiny|100/100|[from] Parting Shot
|-damage|p1a: Sheldon|94/100|[from] Stealth Rock
|move|p2a: Hidan|Power Gem|p1a: Sheldon
|-resisted|p1a: Sheldon
|-damage|p1a: Sheldon|91/100
|
|-heal|p1a: Sheldon|97/100|[from] item: Leftovers
|upkeep
|turn|4
|
|t:|1760315953
|switch|p2a: I hate stall|Iron Moth|100/100
|-enditem|p2a: I hate stall|Booster Energy
|-activate|p2a: I hate stall|ability: Quark Drive|[fromitem]
|-start|p2a: I hate stall|quarkdrivespe
|move|p1a: Sheldon|Acid Armor|p1a: Sheldon
|-boost|p1a: Sheldon|def|2
|
|-heal|p1a: Sheldon|100/100|[from] item: Leftovers
|upkeep
|turn|5
|c|☆clumsy_phanpy|oh
|c|☆clumsy_phanpy|you think this is stall
|c|☆usucklatias|HURRY UP NOOB
|c|☆clumsy_phanpy|i think its a mix of sweeping and support for the team all together
|inactive|Battle timer is ON: inactive players will automatically lose when time's up. (requested by usucklatias)
|c|☆clumsy_phanpy|not a noob if i beat you wouldnt ya say
|
|t:|1760316016
|switch|p1a: M.A.B.E|Iron Moth|100/100
|-damage|p1a: M.A.B.E|76/100|[from] Stealth Rock
|move|p2a: I hate stall|Fiery Dance|p1a: M.A.B.E
|-resisted|p1a: M.A.B.E
|-damage|p1a: M.A.B.E|66/100
|
|upkeep
|turn|6
|c|☆usucklatias|SURE W.E.
|
|t:|1760316027
|move|p2a: I hate stall|Substitute|p2a: I hate stall
|-start|p2a: I hate stall|Substitute
|-damage|p2a: I hate stall|76/100
|move|p1a: M.A.B.E|Psychic|p2a: I hate stall
|-supereffective|p2a: I hate stall
|-end|p2a: I hate stall|Substitute
|
|upkeep
|turn|7
|
|t:|1760316039
|-end|p2a: I hate stall|Quark Drive|[silent]
|switch|p2a: Hidan|Glimmora, F, shiny|100/100
|move|p1a: M.A.B.E|Psychic|p2a: Hidan
|-supereffective|p2a: Hidan
|-damage|p2a: Hidan|12/100
|-unboost|p2a: Hidan|spd|1
|
|upkeep
|turn|8
|
|t:|1760316046
|move|p1a: M.A.B.E|Psychic|p2a: Hidan
|-supereffective|p2a: Hidan
|-damage|p2a: Hidan|0 fnt
|faint|p2a: Hidan
|
|-sideend|p1: clumsy_phanpy|move: Light Screen
|upkeep
|
|t:|1760316054
|switch|p2a: me|Dragonite, F|100/100
|turn|9
|
|t:|1760316063
|-end|p1a: M.A.B.E|Quark Drive|[silent]
|switch|p1a: Slaid|Grimmsnarl, M|81/100 psn
|-damage|p1a: Slaid|68/100 psn|[from] Stealth Rock
|move|p2a: me|Dragon Dance|p2a: me
|-boost|p2a: me|atk|1
|-boost|p2a: me|spe|1
|
|-damage|p1a: Slaid|56/100 psn|[from] psn
|-sideend|p1: clumsy_phanpy|Reflect
|upkeep
|turn|10
|
|t:|1760316073
|move|p1a: Slaid|Reflect|p1a: Slaid
|-sidestart|p1: clumsy_phanpy|Reflect
|move|p2a: me|Earthquake|p1a: Slaid
|-damage|p1a: Slaid|23/100 psn
|
|-damage|p1a: Slaid|10/100 psn|[from] psn
|upkeep
|turn|11
|
|t:|1760316100
|move|p2a: me|Extreme Speed|p1a: Slaid
|-damage|p1a: Slaid|0 fnt
|faint|p1a: Slaid
|
|upkeep
|inactive|clumsy_phanpy has 120 seconds left.
|
|t:|1760316111
|switch|p1a: Sheldon|Goodra-Hisui, M, shiny|100/100
|-damage|p1a: Sheldon|94/100|[from] Stealth Rock
|turn|12
|
|t:|1760316117
|-terastallize|p2a: me|Normal
|move|p2a: me|Dragon Dance|p2a: me
|-boost|p2a: me|atk|1
|-boost|p2a: me|spe|1
|move|p1a: Sheldon|Acid Armor|p1a: Sheldon
|-boost|p1a: Sheldon|def|2
|
|-heal|p1a: Sheldon|100/100|[from] item: Leftovers
|upkeep
|turn|13
|
|t:|1760316125
|move|p2a: me|Dragon Dance|p2a: me
|-boost|p2a: me|atk|1
|-boost|p2a: me|spe|1
|move|p1a: Sheldon|Acid Armor|p1a: Sheldon
|-boost|p1a: Sheldon|def|2
|
|upkeep
|turn|14
|
|t:|1760316141
|move|p2a: me|Dragon Dance|p2a: me
|-boost|p2a: me|atk|1
|-boost|p2a: me|spe|1
|move|p1a: Sheldon|Acid Armor|p1a: Sheldon
|-boost|p1a: Sheldon|def|2
|
|upkeep
|turn|15
|
|t:|1760316147
|move|p2a: me|Dragon Dance|p2a: me
|-boost|p2a: me|atk|1
|-boost|p2a: me|spe|1
|move|p1a: Sheldon|Body Press|p2a: me
|-supereffective|p2a: me
|-damage|p2a: me|21/100
|
|upkeep
|turn|16
|
|t:|1760316155
|move|p2a: me|Earthquake|p1a: Sheldon
|-supereffective|p1a: Sheldon
|-damage|p1a: Sheldon|67/100
|move|p1a: Sheldon|Body Press|p2a: me
|-supereffective|p2a: me
|-damage|p2a: me|0 fnt
|faint|p2a: me
|
|-heal|p1a: Sheldon|73/100|[from] item: Leftovers
|upkeep
|c|☆clumsy_phanpy|noob
|
|t:|1760316164
|switch|p2a: I hate stall|Iron Moth|76/100
|turn|17
|c|☆clumsy_phanpy|set up sweeping in front of bpdy press smh
|
|t:|1760316177
|move|p2a: I hate stall|Fiery Dance|p1a: Sheldon
|-damage|p1a: Sheldon|49/100
|-boost|p2a: I hate stall|spa|1
|move|p1a: Sheldon|Body Press|p2a: I hate stall
|-resisted|p2a: I hate stall
|-damage|p2a: I hate stall|23/100
|
|-heal|p1a: Sheldon|56/100|[from] item: Leftovers
|-sideend|p1: clumsy_phanpy|Reflect
|upkeep
|turn|18
|
|t:|1760316195
|move|p1a: Sheldon|Protect|p1a: Sheldon
|-singleturn|p1a: Sheldon|Protect
|move|p2a: I hate stall|Dazzling Gleam|p1a: Sheldon
|-activate|p1a: Sheldon|move: Protect
|
|-heal|p1a: Sheldon|62/100|[from] item: Leftovers
|upkeep
|turn|19
|
|t:|1760316203
|move|p2a: I hate stall|Dazzling Gleam|p1a: Sheldon
|-damage|p1a: Sheldon|40/100
|move|p1a: Sheldon|Body Press|p2a: I hate stall
|-resisted|p2a: I hate stall
|-damage|p2a: I hate stall|0 fnt
|faint|p2a: I hate stall
|-end|p2a: I hate stall|Quark Drive|[silent]
|
|-heal|p1a: Sheldon|46/100|[from] item: Leftovers
|upkeep
|
|t:|1760316212
|switch|p2a: I hate healing|Hatterene, F, shiny|100/100
|turn|20
|
|t:|1760316227
|move|p1a: Sheldon|Flash Cannon|p2a: I hate healing
|-supereffective|p2a: I hate healing
|-damage|p2a: I hate healing|38/100
|move|p2a: I hate healing|Calm Mind|p2a: I hate healing
|-boost|p2a: I hate healing|spa|1
|-boost|p2a: I hate healing|spd|1
|
|-heal|p1a: Sheldon|52/100|[from] item: Leftovers
|-heal|p2a: I hate healing|44/100|[from] item: Leftovers
|upkeep
|turn|21
|
|t:|1760316235
|move|p1a: Sheldon|Flash Cannon|p2a: I hate healing
|-supereffective|p2a: I hate healing
|-damage|p2a: I hate healing|0 fnt
|faint|p2a: I hate healing
|
|-heal|p1a: Sheldon|58/100|[from] item: Leftovers
|upkeep
|
|t:|1760316241
|switch|p2a: ZUCKERBERG|Kingambit, F, shiny|100/100
|-activate|p2a: ZUCKERBERG|ability: Supreme Overlord
|-start|p2a: ZUCKERBERG|fallen4|[silent]
|turn|22
|
|t:|1760316247
|move|p2a: ZUCKERBERG|Swords Dance|p2a: ZUCKERBERG
|-boost|p2a: ZUCKERBERG|atk|2
|move|p1a: Sheldon|Body Press|p2a: ZUCKERBERG
|-supereffective|p2a: ZUCKERBERG
|-damage|p2a: ZUCKERBERG|0 fnt
|faint|p2a: ZUCKERBERG
|-end|p2a: ZUCKERBERG|fallen4|[silent]
|
|-heal|p1a: Sheldon|64/100|[from] item: Leftovers
|upkeep
|c|☆clumsy_phanpy|5-0d
|
|t:|1760316255
|switch|p2a: Chad|Ogerpon-Wellspring, F|100/100
|turn|23
|
|t:|1760316259
|move|p2a: Chad|Knock Off|p1a: Sheldon
|-damage|p1a: Sheldon|55/100
|-enditem|p1a: Sheldon|Leftovers|[from] move: Knock Off|[of] p2a: Chad
|move|p1a: Sheldon|Body Press|p2a: Chad
|-damage|p2a: Chad|0 fnt
|faint|p2a: Chad
|
|win|clumsy_phanpy
