|j|☆Joker33
|j|☆mj9964
|t:|1760414695
|gametype|singles
|player|p1|Joker33|265|1367
|player|p2|mj9964|266|1346
|gen|9
|tier|[Gen 9] OU
|rated|
|rule|HP Percentage Mod: HP is shown in percentages
|rule|Endless Battle Clause: Forcing endless battles is banned
|rule|Species Clause: Limit one of each Pokémon
|rule|OHKO Clause: OHKO moves are banned
|rule|Evasion Items Clause: Evasion items are banned
|rule|Evasion Moves Clause: Evasion moves are banned
|rule|Evasion Abilities Clause: Evasion abilities are banned
|rule|Sleep Moves Clause: Sleep-inducing moves are banned
|clearpoke
|poke|p1|Pelipper, M|
|poke|p1|Barraskewda, F|
|poke|p1|Hoopa-Unbound|
|poke|p1|Ogerpon-Wellspring, F|
|poke|p1|Great Tusk|
|poke|p1|Raging Bolt|
|poke|p2|Ursaluna, M|
|poke|p2|Ting-Lu|
|poke|p2|Iron Moth|
|poke|p2|Corviknight, M|
|poke|p2|Rotom-Wash|
|poke|p2|Rillaboom, F|
|teampreview
|inactive|Battle timer is ON: inactive players will automatically lose when time's up. (requested by mj9964)
|
|t:|1760414711
|teamsize|p1|6
|teamsize|p2|6
|start
|switch|p1a: Pelipper|Pelipper, M|100/100
|switch|p2a: Rillaboom|Rillaboom, F|100/100
|-fieldstart|move: Grassy Terrain|[from] ability: Grassy Surge|[of] p2a: Rillaboom
|-weather|RainDance|[from] ability: Drizzle|[of] p1a: Pelipper
|turn|1
|
|t:|1760414719
|move|p2a: Rillaboom|U-turn|p1a: Pelipper
|-resisted|p1a: Pelipper
|-damage|p1a: Pelipper|87/100
|
|t:|1760414724
|switch|p2a: Rotom|Rotom-Wash|100/100|[from] U-turn
|move|p1a: Pelipper|Hurricane|p2a: Rotom
|-resisted|p2a: Rotom
|-damage|p2a: Rotom|76/100
|
|-weather|RainDance|[upkeep]
|upkeep
|turn|2
|
|t:|1760414738
|switch|p1a: Trek|Raging Bolt|100/100
|move|p2a: Rotom|Trick|p1a: Trek
|-activate|p2a: Rotom|move: Trick|[of] p1a: Trek
|-item|p1a: Trek|Choice Scarf|[from] move: Trick
|-item|p2a: Rotom|Assault Vest|[from] move: Trick
|
|-weather|RainDance|[upkeep]
|upkeep
|turn|3
|inactive|Joker33 has 120 seconds left.
|
|t:|1760414771
|move|p2a: Rotom|Volt Switch|p1a: Trek
|-resisted|p1a: Trek
|-damage|p1a: Trek|94/100
|
|t:|1760414779
|switch|p2a: Ting-Lu|Ting-Lu|100/100|[from] Volt Switch
|-ability|p2a: Ting-Lu|Vessel of Ruin
|move|p1a: Trek|Dragon Pulse|p2a: Ting-Lu
|-damage|p2a: Ting-Lu|84/100
|
|-weather|RainDance|[upkeep]
|-heal|p1a: Trek|99/100|[from] Grassy Terrain
|-heal|p2a: Ting-Lu|90/100|[from] Grassy Terrain
|upkeep
|turn|4
|
|t:|1760414789
|-end|p1a: Trek|Protosynthesis|[silent]
|switch|p1a: Ogerpon|Ogerpon-Wellspring, F|100/100
|move|p2a: Ting-Lu|Stone Edge|p1a: Ogerpon
|-damage|p1a: Ogerpon|58/100
|
|-weather|RainDance|[upkeep]
|-heal|p1a: Ogerpon|64/100|[from] Grassy Terrain
|-heal|p2a: Ting-Lu|96/100|[from] Grassy Terrain
|upkeep
|turn|5
|
|t:|1760414798
|switch|p2a: Corviknight|Corviknight, M|100/100
|move|p1a: Ogerpon|Ivy Cudgel|p2a: Corviknight|[anim] Ivy Cudgel Water
|-damage|p2a: Corviknight|51/100
|
|-weather|RainDance|[upkeep]
|-heal|p1a: Ogerpon|70/100|[from] Grassy Terrain
|-fieldend|move: Grassy Terrain
|upkeep
|turn|6
|
|t:|1760414813
|move|p1a: Ogerpon|Ivy Cudgel|p2a: Corviknight|[anim] Ivy Cudgel Water
|-damage|p2a: Corviknight|0 fnt
|faint|p2a: Corviknight
|
|-weather|RainDance|[upkeep]
|upkeep
|
|t:|1760414824
|switch|p2a: Iron Moth|Iron Moth|100/100
|-enditem|p2a: Iron Moth|Booster Energy
|-activate|p2a: Iron Moth|ability: Quark Drive|[fromitem]
|-start|p2a: Iron Moth|quarkdrivespe
|turn|7
|
|t:|1760414831
|move|p2a: Iron Moth|Energy Ball|p1a: Ogerpon
|-damage|p1a: Ogerpon|37/100
|move|p1a: Ogerpon|Ivy Cudgel|p2a: Iron Moth|[anim] Ivy Cudgel Water
|-supereffective|p2a: Iron Moth
|-crit|p2a: Iron Moth
|-damage|p2a: Iron Moth|0 fnt
|faint|p2a: Iron Moth
|-end|p2a: Iron Moth|Quark Drive|[silent]
|
|-weather|RainDance|[upkeep]
|upkeep
|
|t:|1760414835
|switch|p2a: Rillaboom|Rillaboom, F|100/100
|-fieldstart|move: Grassy Terrain|[from] ability: Grassy Surge|[of] p2a: Rillaboom
|turn|8
|
|t:|1760414840
|move|p2a: Rillaboom|Grassy Glide|p1a: Ogerpon
|-damage|p1a: Ogerpon|0 fnt
|faint|p1a: Ogerpon
|
|-weather|none
|upkeep
|
|t:|1760414847
|switch|p1a: Pelipper|Pelipper, M|87/100
|-weather|RainDance|[from] ability: Drizzle|[of] p1a: Pelipper
|turn|9
|
|t:|1760414850
|move|p2a: Rillaboom|Grassy Glide|p1a: Pelipper
|-damage|p1a: Pelipper|43/100
|move|p1a: Pelipper|Hurricane|p2a: Rillaboom
|-supereffective|p2a: Rillaboom
|-damage|p2a: Rillaboom|7/100
|-start|p2a: Rillaboom|confusion
|
|-weather|RainDance|[upkeep]
|-heal|p2a: Rillaboom|13/100|[from] Grassy Terrain
|upkeep
|turn|10
|
|t:|1760414862
|-activate|p2a: Rillaboom|confusion
|move|p2a: Rillaboom|Grassy Glide|p1a: Pelipper
|-damage|p1a: Pelipper|0 fnt
|faint|p1a: Pelipper
|
|-weather|RainDance|[upkeep]
|-heal|p2a: Rillaboom|20/100|[from] Grassy Terrain
|upkeep
|inactive|Joker33 has 120 seconds left.
|
|t:|1760414891
|switch|p1a: Trek|Raging Bolt|99/100
|turn|11
|inactive|Joker33 has 120 seconds left.
|
|t:|1760414904
|switch|p2a: Ting-Lu|Ting-Lu|96/100
|-ability|p2a: Ting-Lu|Vessel of Ruin
|move|p1a: Trek|Dragon Pulse|p2a: Ting-Lu
|-damage|p2a: Ting-Lu|79/100
|
|-weather|RainDance|[upkeep]
|-heal|p1a: Trek|100/100|[from] Grassy Terrain
|-heal|p2a: Ting-Lu|85/100|[from] Grassy Terrain
|upkeep
|turn|12
|inactive|Joker33 has 120 seconds left.
|
|t:|1760414914
|move|p1a: Trek|Dragon Pulse|p2a: Ting-Lu
|-damage|p2a: Ting-Lu|70/100
|move|p2a: Ting-Lu|Earthquake|p1a: Trek
|-supereffective|p1a: Trek
|-damage|p1a: Trek|63/100
|
|-weather|RainDance|[upkeep]
|-heal|p1a: Trek|69/100|[from] Grassy Terrain
|-heal|p2a: Ting-Lu|76/100|[from] Grassy Terrain
|-fieldend|move: Grassy Terrain
|upkeep
|turn|13
|inactive|Joker33 has 120 seconds left.
|
|t:|1760414936
|-end|p1a: Trek|Protosynthesis|[silent]
|switch|p1a: Great Tusk|Great Tusk|100/100
|move|p2a: Ting-Lu|Earthquake|p1a: Great Tusk
|-crit|p1a: Great Tusk
|-damage|p1a: Great Tusk|49/100
|
|-weather|RainDance|[upkeep]
|upkeep
|turn|14
|inactive|Joker33 has 120 seconds left.
|
|t:|1760414953
|move|p1a: Great Tusk|Stealth Rock|p2a: Ting-Lu
|-sidestart|p2: mj9964|move: Stealth Rock
|move|p2a: Ting-Lu|Earthquake|p1a: Great Tusk
|-damage|p1a: Great Tusk|17/100
|
|-weather|RainDance|[upkeep]
|upkeep
|turn|15
|inactive|mj9964 has 120 seconds left.
|
|t:|1760414986
|-terastallize|p2a: Ting-Lu|Fairy
|move|p1a: Great Tusk|Headlong Rush|p2a: Ting-Lu
|-damage|p2a: Ting-Lu|35/100
|-unboost|p1a: Great Tusk|def|1
|-unboost|p1a: Great Tusk|spd|1
|move|p2a: Ting-Lu|Earthquake|p1a: Great Tusk
|-damage|p1a: Great Tusk|0 fnt
|faint|p1a: Great Tusk
|-end|p1a: Great Tusk|Protosynthesis|[silent]
|
|-weather|RainDance|[upkeep]
|upkeep
|inactive|Joker33 has 90 seconds left.
|
|t:|1760415008
|switch|p1a: Barraskewda|Barraskewda, F|100/100
|turn|16
|inactive|mj9964 has 120 seconds left.
|
|t:|1760415022
|-terastallize|p1a: Barraskewda|Water
|move|p1a: Barraskewda|Liquidation|p2a: Ting-Lu
|-damage|p2a: Ting-Lu|0 fnt
|faint|p2a: Ting-Lu
|
|-weather|none
|upkeep
|inactive|mj9964 has 120 seconds left.
|
|t:|1760415042
|switch|p2a: Rotom|Rotom-Wash|76/100
|-damage|p2a: Rotom|64/100|[from] Stealth Rock
|turn|17
|
|t:|1760415047
|switch|p1a: Hoopa|Hoopa-Unbound|100/100
|move|p2a: Rotom|Discharge|p1a: Hoopa
|-damage|p1a: Hoopa|71/100
|-status|p1a: Hoopa|par
|
|upkeep
|turn|18
|inactive|mj9964 has 120 seconds left.
|
|t:|1760415065
|move|p2a: Rotom|Discharge|p1a: Hoopa
|-damage|p1a: Hoopa|36/100 par
|move|p1a: Hoopa|Dark Pulse|p2a: Rotom
|-damage|p2a: Rotom|19/100
|
|upkeep
|turn|19
|
|t:|1760415069
|move|p2a: Rotom|Discharge|p1a: Hoopa
|-damage|p1a: Hoopa|4/100 par
|move|p1a: Hoopa|Dark Pulse|p2a: Rotom
|-damage|p2a: Rotom|0 fnt
|faint|p2a: Rotom
|
|upkeep
|
|t:|1760415073
|switch|p2a: Ursaluna|Ursaluna, M|100/100
|-damage|p2a: Ursaluna|94/100|[from] Stealth Rock
|turn|20
|
|t:|1760415076
|move|p2a: Ursaluna|Trailblaze|p1a: Hoopa
|-damage|p1a: Hoopa|0 fnt
|-boost|p2a: Ursaluna|spe|1
|faint|p1a: Hoopa
|
|-status|p2a: Ursaluna|brn|[from] item: Flame Orb
|upkeep
|
|t:|1760415084
|switch|p1a: Barraskewda|Barraskewda, F, tera:Water|100/100
|turn|21
|
|t:|1760415100
|move|p1a: Barraskewda|Liquidation|p2a: Ursaluna
|-supereffective|p2a: Ursaluna
|-damage|p2a: Ursaluna|0 fnt
|faint|p2a: Ursaluna
|
|upkeep
|
|t:|1760415103
|switch|p2a: Rillaboom|Rillaboom, F|20/100
|-damage|p2a: Rillaboom|7/100|[from] Stealth Rock
|-fieldstart|move: Grassy Terrain|[from] ability: Grassy Surge|[of] p2a: Rillaboom
|turn|22
|
|t:|1760415107
|switch|p1a: Trek|Raging Bolt|69/100
|move|p2a: Rillaboom|Grassy Glide|p1a: Trek
|-resisted|p1a: Trek
|-damage|p1a: Trek|47/100
|
|-heal|p2a: Rillaboom|13/100|[from] Grassy Terrain
|-heal|p1a: Trek|53/100|[from] Grassy Terrain
|upkeep
|turn|23
|
|t:|1760415113
|move|p2a: Rillaboom|Grassy Glide|p1a: Trek
|-resisted|p1a: Trek
|-damage|p1a: Trek|33/100
|move|p1a: Trek|Thunderclap||[still]
|-fail|p1a: Trek
|
|-heal|p2a: Rillaboom|20/100|[from] Grassy Terrain
|-heal|p1a: Trek|39/100|[from] Grassy Terrain
|upkeep
|turn|24
|
|t:|1760415126
|-end|p1a: Trek|Protosynthesis|[silent]
|switch|p1a: Barraskewda|Barraskewda, F, tera:Water|100/100
|move|p2a: Rillaboom|Grassy Glide|p1a: Barraskewda
|-supereffective|p1a: Barraskewda
|-damage|p1a: Barraskewda|0 fnt
|faint|p1a: Barraskewda
|
|-heal|p2a: Rillaboom|26/100|[from] Grassy Terrain
|upkeep
|
|t:|1760415128
|switch|p1a: Trek|Raging Bolt|39/100
|turn|25
|
|t:|1760415142
|move|p2a: Rillaboom|Grassy Glide|p1a: Trek
|-resisted|p1a: Trek
|-damage|p1a: Trek|15/100
|move|p1a: Trek|Dragon Pulse|p2a: Rillaboom
|-damage|p2a: Rillaboom|0 fnt
|faint|p2a: Rillaboom
|
|win|Joker33
|raw|Joker33's rating: 1367 &rarr; <strong>1386</strong><br />(+19 for winning)
|raw|mj9964's rating: 1346 &rarr; <strong>1327</strong><br />(-19 for losing)
|c|☆Joker33|gg
|l|☆mj9964
|player|p2|
|l|☆Joker33
|player|p1|
