|j|☆Gjilly
|j|☆Mr.Vcard
|t:|1760390724
|gametype|singles
|player|p1|Gjilly|giovanni|1511
|player|p2|Mr.Vcard|101|1487
|gen|9
|tier|[Gen 9] OU
|rated|
|rule|HP Percentage Mod: HP is shown in percentages
|rule|Endless Battle Clause: Forcing endless battles is banned
|rule|Species Clause: Limit one of each Pokémon
|rule|OHKO Clause: OHKO moves are banned
|rule|Evasion Items Clause: Evasion items are banned
|rule|Evasion Moves Clause: Evasion moves are banned
|rule|Evasion Abilities Clause: Evasion abilities are banned
|rule|Sleep Moves Clause: Sleep-inducing moves are banned
|clearpoke
|poke|p1|Dragapult, M|
|poke|p1|Ogerpon-Wellspring, F|
|poke|p1|Moltres|
|poke|p1|Iron Treads|
|poke|p1|Gholdengo|
|poke|p1|Lokix, M|
|poke|p2|Landorus-Therian, M|
|poke|p2|Sinistcha|
|poke|p2|Tinkaton, F|
|poke|p2|Moltres|
|poke|p2|Samurott-Hisui, M|
|poke|p2|Hydreigon, M|
|teampreview
|inactive|Battle timer is ON: inactive players will automatically lose when time's up. (requested by Mr.Vcard)
|inactive|Gjilly has 120 seconds left.
|
|t:|1760390779
|teamsize|p1|6
|teamsize|p2|6
|start
|switch|p1a: Iron Treads|Iron Treads|100/100
|switch|p2a: Enten|Landorus-Therian, M, shiny|100/100
|-ability|p2a: Enten|Intimidate|boost
|-unboost|p1a: Iron Treads|atk|1
|-enditem|p1a: Iron Treads|Booster Energy
|-activate|p1a: Iron Treads|ability: Quark Drive|[fromitem]
|-start|p1a: Iron Treads|quarkdrivespe
|turn|1
|
|t:|1760390787
|switch|p2a: Sagittarius|Sinistcha, shiny|100/100
|move|p1a: Iron Treads|Stealth Rock|p2a: Sagittarius
|-sidestart|p2: Mr.Vcard|move: Stealth Rock
|
|upkeep
|turn|2
|
|t:|1760390799
|move|p1a: Iron Treads|Knock Off|p2a: Sagittarius
|-supereffective|p2a: Sagittarius
|-damage|p2a: Sagittarius|72/100
|-enditem|p2a: Sagittarius|Heavy-Duty Boots|[from] move: Knock Off|[of] p1a: Iron Treads
|move|p2a: Sagittarius|Shadow Ball|p1a: Iron Treads
|-damage|p1a: Iron Treads|55/100
|
|upkeep
|turn|3
|
|t:|1760390808
|-end|p1a: Iron Treads|Quark Drive|[silent]
|switch|p1a: Lokix|Lokix, M|100/100
|move|p2a: Sagittarius|Strength Sap|p1a: Lokix
|-unboost|p1a: Lokix|atk|1
|-heal|p2a: Sagittarius|100/100
|
|upkeep
|turn|4
|
|t:|1760390813
|switch|p2a: Phoenix|Moltres, shiny|100/100
|move|p1a: Lokix|U-turn|p2a: Phoenix
|-resisted|p2a: Phoenix
|-damage|p2a: Phoenix|87/100
|
|t:|1760390829
|switch|p1a: Ogerpon|Ogerpon-Wellspring, F|100/100|[from] U-turn
|
|upkeep
|turn|5
|
|t:|1760390838
|switch|p2a: Sagittarius|Sinistcha, shiny|100/100
|-damage|p2a: Sagittarius|88/100|[from] Stealth Rock
|move|p1a: Ogerpon|Spikes|p2a: Sagittarius
|-sidestart|p2: Mr.Vcard|Spikes
|
|upkeep
|turn|6
|
|t:|1760390843
|move|p1a: Ogerpon|U-turn|p2a: Sagittarius
|-damage|p2a: Sagittarius|71/100
|
|t:|1760390851
|switch|p1a: Gholdengo|Gholdengo|100/100|[from] U-turn
|-item|p1a: Gholdengo|Air Balloon
|move|p2a: Sagittarius|Shadow Ball|p1a: Gholdengo
|-supereffective|p1a: Gholdengo
|-damage|p1a: Gholdengo|18/100
|-enditem|p1a: Gholdengo|Air Balloon
|
|upkeep
|turn|7
|
|t:|1760390871
|switch|p2a: Phoenix|Moltres, shiny|87/100
|move|p1a: Gholdengo|Make It Rain|p2a: Phoenix
|-resisted|p2a: Phoenix
|-damage|p2a: Phoenix|61/100
|-unboost|p1a: Gholdengo|spa|1
|
|upkeep
|turn|8
|
|t:|1760390879
|switch|p1a: Iron Treads|Iron Treads|55/100
|move|p2a: Phoenix|U-turn|p1a: Iron Treads
|-resisted|p1a: Iron Treads
|-damage|p1a: Iron Treads|48/100
|
|t:|1760390886
|switch|p2a: Jack Sparrow|Samurott-Hisui, M, shiny|100/100|[from] U-turn
|
|upkeep
|turn|9
|
|t:|1760390896
|move|p1a: Iron Treads|Earthquake|p2a: Jack Sparrow
|-damage|p2a: Jack Sparrow|37/100
|move|p2a: Jack Sparrow|Ceaseless Edge|p1a: Iron Treads
|-damage|p1a: Iron Treads|2/100
|-sidestart|p1: Gjilly|Spikes
|
|upkeep
|turn|10
|
|t:|1760390904
|move|p2a: Jack Sparrow|Sucker Punch|p1a: Iron Treads
|-damage|p1a: Iron Treads|0 fnt
|faint|p1a: Iron Treads
|-end|p1a: Iron Treads|Quark Drive|[silent]
|
|upkeep
|
|t:|1760390909
|switch|p1a: Ogerpon|Ogerpon-Wellspring, F|100/100
|-damage|p1a: Ogerpon|88/100|[from] Spikes
|turn|11
|
|t:|1760390920
|switch|p2a: Sagittarius|Sinistcha, shiny|71/100
|-damage|p2a: Sagittarius|59/100|[from] Stealth Rock
|-damage|p2a: Sagittarius|46/100|[from] Spikes
|move|p1a: Ogerpon|U-turn|p2a: Sagittarius
|-damage|p2a: Sagittarius|30/100
|
|t:|1760390929
|switch|p1a: Gholdengo|Gholdengo|18/100|[from] U-turn
|-damage|p1a: Gholdengo|6/100|[from] Spikes
|
|upkeep
|turn|12
|
|t:|1760390939
|switch|p2a: Phoenix|Moltres, shiny|61/100
|move|p1a: Gholdengo|Shadow Ball|p2a: Phoenix
|-damage|p2a: Phoenix|28/100
|
|upkeep
|turn|13
|
|t:|1760390952
|move|p1a: Gholdengo|Shadow Ball|p2a: Phoenix
|-damage|p2a: Phoenix|0 fnt
|faint|p2a: Phoenix
|
|upkeep
|
|t:|1760390959
|switch|p2a: Jack Sparrow|Samurott-Hisui, M, shiny|37/100
|turn|14
|
|t:|1760390967
|move|p1a: Gholdengo|Make It Rain|p2a: Jack Sparrow
|-resisted|p2a: Jack Sparrow
|-damage|p2a: Jack Sparrow|0 fnt
|-unboost|p1a: Gholdengo|spa|1
|faint|p2a: Jack Sparrow
|
|upkeep
|
|t:|1760390980
|switch|p2a: Smile.exe|Tinkaton, F, shiny|100/100
|-damage|p2a: Smile.exe|94/100|[from] Stealth Rock
|-item|p2a: Smile.exe|Air Balloon
|turn|15
|
|t:|1760390985
|move|p2a: Smile.exe|Stealth Rock|p1a: Gholdengo
|-sidestart|p1: Gjilly|move: Stealth Rock
|move|p1a: Gholdengo|Make It Rain|p2a: Smile.exe
|-damage|p2a: Smile.exe|46/100
|-unboost|p1a: Gholdengo|spa|1
|-enditem|p2a: Smile.exe|Air Balloon
|
|upkeep
|turn|16
|
|t:|1760391005
|switch|p1a: Moltres|Moltres|100/100
|move|p2a: Smile.exe|Gigaton Hammer|p1a: Moltres
|-resisted|p1a: Moltres
|-damage|p1a: Moltres|82/100
|
|upkeep
|turn|17
|inactive|Gjilly has 120 seconds left.
|
|t:|1760391053
|move|p2a: Smile.exe|Encore||[still]
|-fail|p2a: Smile.exe
|move|p1a: Moltres|Flamethrower|p2a: Smile.exe
|-supereffective|p2a: Smile.exe
|-damage|p2a: Smile.exe|0 fnt
|faint|p2a: Smile.exe
|
|upkeep
|
|t:|1760391060
|switch|p2a: Hybrid|Hydreigon, M, shiny|100/100
|-damage|p2a: Hybrid|88/100|[from] Stealth Rock
|turn|18
|
|t:|1760391065
|move|p2a: Hybrid|Dark Pulse|p1a: Moltres
|-damage|p1a: Moltres|22/100
|move|p1a: Moltres|U-turn|p2a: Hybrid
|-supereffective|p2a: Hybrid
|-damage|p2a: Hybrid|53/100
|
|t:|1760391069
|switch|p1a: Lokix|Lokix, M|100/100|[from] U-turn
|-damage|p1a: Lokix|88/100|[from] Spikes
|-damage|p1a: Lokix|63/100|[from] Stealth Rock
|
|upkeep
|turn|19
|inactive|Gjilly has 120 seconds left.
|
|t:|1760391096
|switch|p2a: Sagittarius|Sinistcha, shiny|30/100
|-damage|p2a: Sagittarius|17/100|[from] Stealth Rock
|-damage|p2a: Sagittarius|5/100|[from] Spikes
|move|p1a: Lokix|First Impression|p2a: Sagittarius
|-damage|p2a: Sagittarius|0 fnt
|faint|p2a: Sagittarius
|
|upkeep
|
|t:|1760391099
|switch|p2a: Enten|Landorus-Therian, M, shiny|100/100
|-damage|p2a: Enten|88/100|[from] Stealth Rock
|-ability|p2a: Enten|Intimidate|boost
|-unboost|p1a: Lokix|atk|1
|turn|20
|
|t:|1760391105
|switch|p1a: Gholdengo|Gholdengo|6/100
|-damage|p1a: Gholdengo|0 fnt|[from] Spikes
|faint|p1a: Gholdengo
|move|p2a: Enten|Stone Edge|p1: Gholdengo|[notarget]
|-fail|p2a: Enten
|
|upkeep
|
|t:|1760391124
|switch|p1a: Ogerpon|Ogerpon-Wellspring, F|88/100
|-damage|p1a: Ogerpon|76/100|[from] Spikes
|-damage|p1a: Ogerpon|64/100|[from] Stealth Rock
|turn|21
|
|t:|1760391130
|move|p2a: Enten|Stone Edge|p1a: Ogerpon
|-damage|p1a: Ogerpon|14/100
|move|p1a: Ogerpon|Ivy Cudgel|p2a: Enten|[anim] Ivy Cudgel Water
|-supereffective|p2a: Enten
|-damage|p2a: Enten|0 fnt
|faint|p2a: Enten
|
|upkeep
|
|t:|1760391135
|switch|p2a: Hybrid|Hydreigon, M, shiny|53/100
|-damage|p2a: Hybrid|41/100|[from] Stealth Rock
|turn|22
|
|t:|1760391140
|move|p1a: Ogerpon|U-turn|p2a: Hybrid
|-supereffective|p2a: Hybrid
|-damage|p2a: Hybrid|0 fnt
|faint|p2a: Hybrid
|
|win|Gjilly
|raw|Gjilly's rating: 1511 &rarr; <strong>1530</strong><br />(+19 for winning)
|raw|Mr.Vcard's rating: 1487 &rarr; <strong>1468</strong><br />(-19 for losing)
|l|☆Mr.Vcard
|player|p2|
|l|☆Gjilly
|player|p1|
