|j|☆lykatuchi
|j|☆SillyScallop
|t:|1760383477
|gametype|singles
|player|p1|lykatuchi|ethan|1450
|player|p2|SillyScallop|maid|1485
|gen|9
|tier|[Gen 9] OU
|rated|
|rule|HP Percentage Mod: HP is shown in percentages
|rule|Endless Battle Clause: Forcing endless battles is banned
|rule|Species Clause: Limit one of each Pokémon
|rule|OHKO Clause: OHKO moves are banned
|rule|Evasion Items Clause: Evasion items are banned
|rule|Evasion Moves Clause: Evasion moves are banned
|rule|Evasion Abilities Clause: Evasion abilities are banned
|rule|Sleep Moves Clause: Sleep-inducing moves are banned
|clearpoke
|poke|p1|Ogerpon-Wellspring, F|
|poke|p1|Dragapult, M|
|poke|p1|Zapdos|
|poke|p1|Iron Treads|
|poke|p1|Iron Valiant|
|poke|p1|Primarina, F|
|poke|p2|Slowking-Galar, F|
|poke|p2|Great Tusk|
|poke|p2|Iron Boulder|
|poke|p2|Kingambit, F|
|poke|p2|Tornadus-Therian, M|
|poke|p2|Hydrapple, M|
|teampreview
|inactive|Battle timer is ON: inactive players will automatically lose when time's up. (requested by SillyScallop)
|
|t:|1760383488
|teamsize|p1|6
|teamsize|p2|6
|start
|switch|p1a: Primarina|Primarina, F|100/100
|switch|p2a: Tornadus|Tornadus-Therian, M|100/100
|turn|1
|
|t:|1760383495
|move|p2a: Tornadus|Knock Off|p1a: Primarina
|-resisted|p1a: Primarina
|-damage|p1a: Primarina|87/100
|-enditem|p1a: Primarina|Leftovers|[from] move: Knock Off|[of] p2a: Tornadus
|move|p1a: Primarina|Surf|p2a: Tornadus
|-damage|p2a: Tornadus|52/100
|
|upkeep
|turn|2
|
|t:|1760383502
|move|p2a: Tornadus|U-turn|p1a: Primarina
|-resisted|p1a: Primarina
|-damage|p1a: Primarina|78/100
|
|t:|1760383503
|switch|p2a: Slowking|Slowking-Galar, F|100/100|[from] U-turn
|move|p1a: Primarina|Psychic Noise|p2a: Slowking
|-damage|p2a: Slowking|83/100
|-start|p2a: Slowking|move: Heal Block
|
|upkeep
|turn|3
|
|t:|1760383508
|switch|p1a: Iron Treads|Iron Treads|100/100
|-prepare|p2a: Slowking|Chilly Reception|[premajor]
|move|p2a: Slowking|Chilly Reception|p2a: Slowking
|-weather|Snowscape
|inactive|SillyScallop has 120 seconds left.
|
|t:|1760383560
|switch|p2a: Hercules|Iron Boulder|100/100|[from] Chilly Reception
|
|-weather|Snowscape|[upkeep]
|upkeep
|turn|4
|
|t:|1760383568
|move|p2a: Hercules|Close Combat|p1a: Iron Treads
|-supereffective|p1a: Iron Treads
|-damage|p1a: Iron Treads|0 fnt
|-unboost|p2a: Hercules|def|1
|-unboost|p2a: Hercules|spd|1
|faint|p1a: Iron Treads
|-end|p1a: Iron Treads|Quark Drive|[silent]
|
|-weather|Snowscape|[upkeep]
|upkeep
|
|t:|1760383578
|switch|p1a: Ogerpon|Ogerpon-Wellspring, F|100/100
|turn|5
|inactive|SillyScallop has 120 seconds left.
|
|t:|1760383593
|-end|p2a: Hercules|Quark Drive|[silent]
|switch|p2a: Hydrapple|Hydrapple, M|100/100
|move|p1a: Ogerpon|Ivy Cudgel|p2a: Hydrapple|[anim] Ivy Cudgel Water
|-resisted|p2a: Hydrapple
|-damage|p2a: Hydrapple|91/100
|
|-weather|Snowscape|[upkeep]
|upkeep
|turn|6
|inactive|SillyScallop has 120 seconds left.
|
|t:|1760383604
|switch|p1a: Zapdos|Zapdos|100/100
|move|p2a: Hydrapple|Infestation|p1a: Zapdos
|-resisted|p1a: Zapdos
|-damage|p1a: Zapdos|98/100
|-activate|p1a: Zapdos|move: Infestation|[of] p2a: Hydrapple
|
|-weather|Snowscape|[upkeep]
|-damage|p1a: Zapdos|85/100|[from] move: Infestation|[partiallytrapped]
|upkeep
|turn|7
|
|t:|1760383610
|switch|p2a: Slowking|Slowking-Galar, F|100/100
|move|p1a: Zapdos|Volt Switch|p2a: Slowking
|-damage|p2a: Slowking|83/100
|
|t:|1760383618
|switch|p1a: Dragapult|Dragapult, M|100/100|[from] Volt Switch
|
|-weather|none
|upkeep
|turn|8
|
|t:|1760383624
|move|p1a: Dragapult|Will-O-Wisp|p2a: Slowking
|-status|p2a: Slowking|brn
|move|p2a: Slowking|Thunder Wave|p1a: Dragapult
|-status|p1a: Dragapult|par
|
|-damage|p2a: Slowking|77/100 brn|[from] brn
|upkeep
|turn|9
|
|t:|1760383629
|move|p1a: Dragapult|Hex|p2a: Slowking
|-supereffective|p2a: Slowking
|-damage|p2a: Slowking|8/100 brn
|-prepare|p2a: Slowking|Chilly Reception|[premajor]
|move|p2a: Slowking|Chilly Reception|p2a: Slowking
|-weather|Snowscape
|
|t:|1760383636
|switch|p2a: Tornadus|Tornadus-Therian, M|85/100|[from] Chilly Reception
|
|-weather|Snowscape|[upkeep]
|upkeep
|turn|10
|
|t:|1760383641
|move|p2a: Tornadus|Knock Off|p1a: Dragapult
|-supereffective|p1a: Dragapult
|-damage|p1a: Dragapult|51/100 par
|-enditem|p1a: Dragapult|Heavy-Duty Boots|[from] move: Knock Off|[of] p2a: Tornadus
|cant|p1a: Dragapult|par
|
|-weather|Snowscape|[upkeep]
|upkeep
|turn|11
|
|t:|1760383647
|move|p2a: Tornadus|Bleakwind Storm|p1a: Dragapult|[miss]
|-miss|p2a: Tornadus|p1a: Dragapult
|move|p1a: Dragapult|Thunder Wave|p2a: Tornadus
|-status|p2a: Tornadus|par
|
|-weather|Snowscape|[upkeep]
|upkeep
|turn|12
|
|t:|1760383653
|move|p1a: Dragapult|Hex|p2a: Tornadus
|-damage|p2a: Tornadus|31/100 par
|move|p2a: Tornadus|Bleakwind Storm|p1a: Dragapult
|-damage|p1a: Dragapult|0 fnt
|faint|p1a: Dragapult
|
|-weather|Snowscape|[upkeep]
|upkeep
|
|t:|1760383662
|switch|p1a: Zapdos|Zapdos|85/100
|turn|13
|
|t:|1760383668
|switch|p2a: Hydrapple|Hydrapple, M|100/100
|move|p1a: Zapdos|Discharge|p2a: Hydrapple
|-resisted|p2a: Hydrapple
|-damage|p2a: Hydrapple|95/100
|
|-weather|none
|upkeep
|turn|14
|
|t:|1760383678
|move|p1a: Zapdos|Hurricane|p2a: Hydrapple|[miss]
|-miss|p1a: Zapdos|p2a: Hydrapple
|move|p2a: Hydrapple|Fickle Beam|p1a: Zapdos
|-damage|p1a: Zapdos|51/100
|
|upkeep
|turn|15
|
|t:|1760383682
|switch|p2a: Slowking|Slowking-Galar, F|41/100 brn
|move|p1a: Zapdos|Roost|p1a: Zapdos
|-heal|p1a: Zapdos|100/100
|-singleturn|p1a: Zapdos|move: Roost
|
|-damage|p2a: Slowking|35/100 brn|[from] brn
|upkeep
|turn|16
|
|t:|1760383686
|switch|p2a: Hydrapple|Hydrapple, M|100/100
|move|p1a: Zapdos|Hurricane|p2a: Hydrapple
|-supereffective|p2a: Hydrapple
|-damage|p2a: Hydrapple|44/100
|
|upkeep
|turn|17
|
|t:|1760383695
|switch|p2a: Slowking|Slowking-Galar, F|68/100 brn
|move|p1a: Zapdos|Volt Switch|p2a: Slowking
|-damage|p2a: Slowking|50/100 brn
|
|t:|1760383712
|switch|p1a: Ogerpon|Ogerpon-Wellspring, F|100/100|[from] Volt Switch
|
|-damage|p2a: Slowking|44/100 brn|[from] brn
|upkeep
|turn|18
|
|t:|1760383726
|switch|p2a: Hydrapple|Hydrapple, M|77/100
|move|p1a: Ogerpon|Ivy Cudgel|p2a: Hydrapple|[anim] Ivy Cudgel Water
|-resisted|p2a: Hydrapple
|-damage|p2a: Hydrapple|69/100
|
|upkeep
|turn|19
|
|t:|1760383732
|switch|p1a: Zapdos|Zapdos|100/100
|move|p2a: Hydrapple|Infestation|p1a: Zapdos
|-resisted|p1a: Zapdos
|-damage|p1a: Zapdos|97/100
|-activate|p1a: Zapdos|move: Infestation|[of] p2a: Hydrapple
|
|-damage|p1a: Zapdos|85/100|[from] move: Infestation|[partiallytrapped]
|upkeep
|turn|20
|
|t:|1760383736
|switch|p2a: Slowking|Slowking-Galar, F|77/100 brn
|move|p1a: Zapdos|Hurricane|p2a: Slowking|[miss]
|-miss|p1a: Zapdos|p2a: Slowking
|
|-damage|p2a: Slowking|71/100 brn|[from] brn
|-end|p1a: Zapdos|Infestation|[partiallytrapped]|[silent]
|upkeep
|turn|21
|
|t:|1760383743
|move|p1a: Zapdos|Discharge|p2a: Slowking
|-damage|p2a: Slowking|52/100 brn
|-prepare|p2a: Slowking|Chilly Reception|[premajor]
|move|p2a: Slowking|Chilly Reception|p2a: Slowking
|-weather|Snowscape
|
|t:|1760383746
|switch|p2a: Hercules|Iron Boulder|100/100|[from] Chilly Reception
|
|-weather|Snowscape|[upkeep]
|upkeep
|turn|22
|
|t:|1760383751
|switch|p1a: Iron Valiant|Iron Valiant|100/100
|-enditem|p1a: Iron Valiant|Booster Energy
|-activate|p1a: Iron Valiant|ability: Quark Drive|[fromitem]
|-start|p1a: Iron Valiant|quarkdrivespe
|move|p2a: Hercules|Mighty Cleave|p1a: Iron Valiant
|-resisted|p1a: Iron Valiant
|-damage|p1a: Iron Valiant|57/100
|
|-weather|Snowscape|[upkeep]
|upkeep
|turn|23
|
|t:|1760383767
|-end|p2a: Hercules|Quark Drive|[silent]
|switch|p2a: Slowking|Slowking-Galar, F|85/100 brn
|move|p1a: Iron Valiant|Knock Off|p2a: Slowking
|-supereffective|p2a: Slowking
|-damage|p2a: Slowking|31/100 brn
|-enditem|p2a: Slowking|Heavy-Duty Boots|[from] move: Knock Off|[of] p1a: Iron Valiant
|
|-weather|Snowscape|[upkeep]
|-damage|p2a: Slowking|25/100 brn|[from] brn
|upkeep
|turn|24
|inactive|SillyScallop has 120 seconds left.
|
|t:|1760383805
|switch|p2a: Kingambit|Kingambit, F|100/100
|move|p1a: Iron Valiant|Moonblast|p2a: Kingambit
|-damage|p2a: Kingambit|57/100
|
|-weather|Snowscape|[upkeep]
|-heal|p2a: Kingambit|63/100|[from] item: Leftovers
|upkeep
|turn|25
|
|t:|1760383813
|-terastallize|p2a: Kingambit|Fairy
|move|p1a: Iron Valiant|Close Combat|p2a: Kingambit
|-resisted|p2a: Kingambit
|-damage|p2a: Kingambit|44/100
|-unboost|p1a: Iron Valiant|def|1
|-unboost|p1a: Iron Valiant|spd|1
|move|p2a: Kingambit|Tera Blast|p1a: Iron Valiant|[anim] Tera Blast Fairy
|-supereffective|p1a: Iron Valiant
|-damage|p1a: Iron Valiant|0 fnt
|faint|p1a: Iron Valiant
|-end|p1a: Iron Valiant|Quark Drive|[silent]
|
|-weather|none
|-heal|p2a: Kingambit|50/100|[from] item: Leftovers
|upkeep
|
|t:|1760383820
|switch|p1a: Primarina|Primarina, F|78/100
|turn|26
|
|t:|1760383824
|-end|p2a: Kingambit|fallenundefined|[silent]
|switch|p2a: Slowking|Slowking-Galar, F|58/100 brn
|move|p1a: Primarina|Surf|p2a: Slowking
|-crit|p2a: Slowking
|-damage|p2a: Slowking|11/100 brn
|
|-damage|p2a: Slowking|5/100 brn|[from] brn
|upkeep
|turn|27
|
|t:|1760383830
|switch|p2a: Hydrapple|Hydrapple, M|100/100
|move|p1a: Primarina|Surf|p2a: Hydrapple
|-resisted|p2a: Hydrapple
|-damage|p2a: Hydrapple|92/100
|
|upkeep
|turn|28
|
|t:|1760383832
|move|p1a: Primarina|Moonblast|p2a: Hydrapple
|-supereffective|p2a: Hydrapple
|-damage|p2a: Hydrapple|28/100
|-unboost|p2a: Hydrapple|spa|1
|move|p2a: Hydrapple|Giga Drain|p1a: Primarina
|-supereffective|p1a: Primarina
|-damage|p1a: Primarina|38/100
|-heal|p2a: Hydrapple|43/100|[from] drain|[of] p1a: Primarina
|
|upkeep
|turn|29
|
|t:|1760383850
|move|p1a: Primarina|Surf|p2a: Hydrapple
|-resisted|p2a: Hydrapple
|-damage|p2a: Hydrapple|35/100
|move|p2a: Hydrapple|Giga Drain|p1a: Primarina
|-supereffective|p1a: Primarina
|-damage|p1a: Primarina|0 fnt
|-heal|p2a: Hydrapple|50/100|[from] drain|[of] p1a: Primarina
|faint|p1a: Primarina
|
|upkeep
|
|t:|1760383853
|switch|p1a: Ogerpon|Ogerpon-Wellspring, F|100/100
|turn|30
|
|t:|1760383857
|move|p1a: Ogerpon|Swords Dance|p1a: Ogerpon
|-boost|p1a: Ogerpon|atk|2
|move|p2a: Hydrapple|Giga Drain|p1a: Ogerpon
|-damage|p1a: Ogerpon|73/100
|-heal|p2a: Hydrapple|60/100|[from] drain|[of] p1a: Ogerpon
|
|upkeep
|turn|31
|
|t:|1760383866
|switch|p2a: Tornadus|Tornadus-Therian, M|65/100 par
|move|p1a: Ogerpon|Swords Dance|p1a: Ogerpon
|-boost|p1a: Ogerpon|atk|2
|
|upkeep
|turn|32
|
|t:|1760383870
|move|p1a: Ogerpon|Ivy Cudgel|p2a: Tornadus|[anim] Ivy Cudgel Water
|-damage|p2a: Tornadus|0 fnt
|faint|p2a: Tornadus
|
|upkeep
|
|t:|1760383871
|switch|p2a: Hercules|Iron Boulder|100/100
|turn|33
|
|t:|1760383874
|move|p2a: Hercules|Mighty Cleave|p1a: Ogerpon
|-damage|p1a: Ogerpon|0 fnt
|faint|p1a: Ogerpon
|
|upkeep
|
|t:|1760383876
|switch|p1a: Zapdos|Zapdos|85/100
|turn|34
|-message|lykatuchi forfeited.
|
|win|SillyScallop
|raw|lykatuchi's rating: 1450 &rarr; <strong>1432</strong><br />(-18 for losing)
|raw|SillyScallop's rating: 1485 &rarr; <strong>1503</strong><br />(+18 for winning)
|l|☆lykatuchi
|player|p1|
