|j|☆deepak johnson
|j|☆Semelene3
|t:|1760429665
|gametype|singles
|player|p1|deepak johnson|swimmerf|1607
|player|p2|Semelene3|pokemonrangerf-gen4|1603
|gen|9
|tier|[Gen 9] OU
|rated|
|rule|HP Percentage Mod: HP is shown in percentages
|rule|Endless Battle Clause: Forcing endless battles is banned
|rule|Species Clause: Limit one of each Pokémon
|rule|OHKO Clause: OHKO moves are banned
|rule|Evasion Items Clause: Evasion items are banned
|rule|Evasion Moves Clause: Evasion moves are banned
|rule|Evasion Abilities Clause: Evasion abilities are banned
|rule|Sleep Moves Clause: Sleep-inducing moves are banned
|clearpoke
|poke|p1|Gholdengo|
|poke|p1|Ceruledge, F|
|poke|p1|Enamorus, F|
|poke|p1|Ribombee, F|
|poke|p1|Quaquaval, F|
|poke|p1|Iron Treads|
|poke|p2|Pelipper, M|
|poke|p2|Barraskewda, M|
|poke|p2|Zapdos|
|poke|p2|Corviknight, F|
|poke|p2|Clodsire, M|
|poke|p2|Incineroar, M|
|teampreview
|inactive|Battle timer is ON: inactive players will automatically lose when time's up. (requested by Semelene3)
|
|t:|1760429688
|teamsize|p1|6
|teamsize|p2|6
|start
|switch|p1a: Ribombee|Ribombee, F, shiny|100/100
|switch|p2a: Pelipper|Pelipper, M|100/100
|-weather|RainDance|[from] ability: Drizzle|[of] p2a: Pelipper
|turn|1
|inactive|deepak johnson has 120 seconds left.
|
|t:|1760429727
|move|p1a: Ribombee|Sticky Web|p2a: Pelipper
|-sidestart|p2: Semelene3|move: Sticky Web
|move|p2a: Pelipper|U-turn|p1a: Ribombee
|-resisted|p1a: Ribombee
|-damage|p1a: Ribombee|92/100
|
|t:|1760429731
|switch|p2a: Barraskewda|Barraskewda, M|100/100|[from] U-turn
|-activate|p2a: Barraskewda|move: Sticky Web
|-unboost|p2a: Barraskewda|spe|1
|
|-weather|RainDance|[upkeep]
|upkeep
|turn|2
|inactive|deepak johnson has 120 seconds left.
|
|t:|1760429767
|-terastallize|p2a: Barraskewda|Water
|move|p2a: Barraskewda|Liquidation|p1a: Ribombee
|-damage|p1a: Ribombee|0 fnt
|faint|p1a: Ribombee
|
|-weather|RainDance|[upkeep]
|upkeep
|inactive|deepak johnson has 90 seconds left.
|
|t:|1760429777
|switch|p1a: Ceruledge|Ceruledge, F|100/100
|turn|3
|
|t:|1760429784
|switch|p2a: Incineroar|Incineroar, M, shiny|100/100
|-ability|p2a: Incineroar|Intimidate|boost
|-unboost|p1a: Ceruledge|atk|1
|move|p1a: Ceruledge|Poltergeist|p2a: Incineroar
|-activate|p2a: Incineroar|move: Poltergeist|Heavy-Duty Boots
|-resisted|p2a: Incineroar
|-damage|p2a: Incineroar|86/100
|
|-weather|RainDance|[upkeep]
|upkeep
|turn|4
|
|t:|1760429793
|switch|p1a: Quaquaval|Quaquaval, F|100/100
|move|p2a: Incineroar|Parting Shot|p1a: Quaquaval
|-unboost|p1a: Quaquaval|atk|1
|-unboost|p1a: Quaquaval|spa|1
|
|t:|1760429797
|switch|p2a: Zapdos|Zapdos, shiny|100/100|[from] Parting Shot
|
|-weather|RainDance|[upkeep]
|upkeep
|turn|5
|inactive|deepak johnson has 120 seconds left.
|
|t:|1760429802
|switch|p1a: Iron Treads|Iron Treads|100/100
|-enditem|p1a: Iron Treads|Booster Energy
|-activate|p1a: Iron Treads|ability: Quark Drive|[fromitem]
|-start|p1a: Iron Treads|quarkdriveatk
|move|p2a: Zapdos|Hurricane|p1a: Iron Treads
|-resisted|p1a: Iron Treads
|-damage|p1a: Iron Treads|66/100
|-start|p1a: Iron Treads|confusion
|
|-weather|RainDance|[upkeep]
|upkeep
|turn|6
|
|t:|1760429805
|move|p2a: Zapdos|Weather Ball|p1a: Iron Treads
|-supereffective|p1a: Iron Treads
|-damage|p1a: Iron Treads|0 fnt
|faint|p1a: Iron Treads
|-end|p1a: Iron Treads|Quark Drive|[silent]
|
|-weather|RainDance|[upkeep]
|upkeep
|
|t:|1760429811
|switch|p1a: Gholdengo|Gholdengo|100/100
|-item|p1a: Gholdengo|Air Balloon
|turn|7
|
|t:|1760429815
|move|p2a: Zapdos|Volt Switch|p1a: Gholdengo
|-damage|p1a: Gholdengo|60/100
|-enditem|p1a: Gholdengo|Air Balloon
|
|t:|1760429822
|switch|p2a: Clodsire|Clodsire, M|100/100|[from] Volt Switch
|-activate|p2a: Clodsire|move: Sticky Web
|-unboost|p2a: Clodsire|spe|1
|move|p1a: Gholdengo|Shadow Ball|p2a: Clodsire
|-damage|p2a: Clodsire|75/100
|
|-weather|RainDance|[upkeep]
|-heal|p2a: Clodsire|81/100|[from] item: Leftovers
|upkeep
|turn|8
|
|t:|1760429830
|switch|p1a: Enamorus|Enamorus, F|100/100
|move|p2a: Clodsire|Earthquake|p1a: Enamorus
|-immune|p1a: Enamorus
|
|-weather|none
|-heal|p2a: Clodsire|87/100|[from] item: Leftovers
|upkeep
|turn|9
|
|t:|1760429837
|move|p1a: Enamorus|Earth Power|p2a: Clodsire
|-supereffective|p2a: Clodsire
|-damage|p2a: Clodsire|47/100
|move|p2a: Clodsire|Toxic|p1a: Enamorus
|-status|p1a: Enamorus|tox
|
|-heal|p2a: Clodsire|53/100|[from] item: Leftovers
|-damage|p1a: Enamorus|94/100 tox|[from] psn
|upkeep
|turn|10
|
|t:|1760429841
|move|p1a: Enamorus|Moonblast|p2a: Clodsire
|-resisted|p2a: Clodsire
|-damage|p2a: Clodsire|37/100
|move|p2a: Clodsire|Recover|p2a: Clodsire
|-heal|p2a: Clodsire|87/100
|
|-heal|p2a: Clodsire|93/100|[from] item: Leftovers
|-damage|p1a: Enamorus|82/100 tox|[from] psn
|upkeep
|turn|11
|
|t:|1760429844
|move|p1a: Enamorus|Earth Power|p2a: Clodsire
|-supereffective|p2a: Clodsire
|-damage|p2a: Clodsire|58/100
|move|p2a: Clodsire|Stealth Rock|p1a: Enamorus
|-sidestart|p1: deepak johnson|move: Stealth Rock
|
|-heal|p2a: Clodsire|64/100|[from] item: Leftovers
|-damage|p1a: Enamorus|63/100 tox|[from] psn
|upkeep
|turn|12
|
|t:|1760429848
|move|p1a: Enamorus|Earth Power|p2a: Clodsire
|-supereffective|p2a: Clodsire
|-damage|p2a: Clodsire|24/100
|move|p2a: Clodsire|Recover|p2a: Clodsire
|-heal|p2a: Clodsire|74/100
|
|-heal|p2a: Clodsire|80/100|[from] item: Leftovers
|-damage|p1a: Enamorus|38/100 tox|[from] psn
|upkeep
|turn|13
|
|t:|1760429853
|switch|p1a: Quaquaval|Quaquaval, F|100/100
|-damage|p1a: Quaquaval|94/100|[from] Stealth Rock
|move|p2a: Clodsire|Recover|p2a: Clodsire
|-heal|p2a: Clodsire|100/100
|
|upkeep
|turn|14
|
|t:|1760429858
|move|p1a: Quaquaval|Rapid Spin|p2a: Clodsire
|-damage|p2a: Clodsire|81/100
|-boost|p1a: Quaquaval|spe|1
|-sideend|p1: deepak johnson|Stealth Rock|[from] move: Rapid Spin|[of] p1a: Quaquaval
|move|p2a: Clodsire|Toxic|p1a: Quaquaval
|-status|p1a: Quaquaval|tox
|
|-heal|p2a: Clodsire|87/100|[from] item: Leftovers
|-damage|p1a: Quaquaval|88/100 tox|[from] psn
|upkeep
|turn|15
|
|t:|1760429865
|move|p1a: Quaquaval|Knock Off|p2a: Clodsire
|-damage|p2a: Clodsire|54/100
|-enditem|p2a: Clodsire|Leftovers|[from] move: Knock Off|[of] p1a: Quaquaval
|move|p2a: Clodsire|Stealth Rock|p1a: Quaquaval
|-sidestart|p1: deepak johnson|move: Stealth Rock
|
|-damage|p1a: Quaquaval|76/100 tox|[from] psn
|upkeep
|turn|16
|
|t:|1760429868
|move|p1a: Quaquaval|Rapid Spin|p2a: Clodsire
|-damage|p2a: Clodsire|37/100
|-boost|p1a: Quaquaval|spe|1
|-sideend|p1: deepak johnson|Stealth Rock|[from] move: Rapid Spin|[of] p1a: Quaquaval
|move|p2a: Clodsire|Recover|p2a: Clodsire
|-heal|p2a: Clodsire|87/100
|
|-damage|p1a: Quaquaval|58/100 tox|[from] psn
|upkeep
|turn|17
|j| hoverhawk
|
|t:|1760429876
|switch|p1a: Enamorus|Enamorus, F|38/100 tox
|move|p2a: Clodsire|Stealth Rock|p1a: Enamorus
|-sidestart|p1: deepak johnson|move: Stealth Rock
|
|-damage|p1a: Enamorus|32/100 tox|[from] psn
|upkeep
|turn|18
|
|t:|1760429880
|move|p1a: Enamorus|Superpower|p2a: Clodsire
|-resisted|p2a: Clodsire
|-damage|p2a: Clodsire|69/100
|-boost|p1a: Enamorus|atk|1
|-boost|p1a: Enamorus|def|1
|move|p2a: Clodsire|Recover|p2a: Clodsire
|-heal|p2a: Clodsire|100/100
|
|-damage|p1a: Enamorus|20/100 tox|[from] psn
|upkeep
|turn|19
|
|t:|1760429886
|move|p1a: Enamorus|Earth Power|p2a: Clodsire
|-supereffective|p2a: Clodsire
|-damage|p2a: Clodsire|64/100
|move|p2a: Clodsire|Recover|p2a: Clodsire
|-heal|p2a: Clodsire|100/100
|
|-damage|p1a: Enamorus|1/100 tox|[from] psn
|upkeep
|turn|20
|
|t:|1760429892
|switch|p2a: Pelipper|Pelipper, M|100/100
|-weather|RainDance|[from] ability: Drizzle|[of] p2a: Pelipper
|move|p1a: Enamorus|Superpower|p2a: Pelipper
|-resisted|p2a: Pelipper
|-damage|p2a: Pelipper|82/100
|-boost|p1a: Enamorus|atk|1
|-boost|p1a: Enamorus|def|1
|
|-weather|RainDance|[upkeep]
|-damage|p1a: Enamorus|0 fnt|[from] psn
|faint|p1a: Enamorus
|upkeep
|
|t:|1760429894
|switch|p1a: Quaquaval|Quaquaval, F|58/100 tox
|-damage|p1a: Quaquaval|52/100 tox|[from] Stealth Rock
|turn|21
|
|t:|1760429898
|move|p1a: Quaquaval|Rapid Spin|p2a: Pelipper
|-damage|p2a: Pelipper|69/100
|-boost|p1a: Quaquaval|spe|1
|-sideend|p1: deepak johnson|Stealth Rock|[from] move: Rapid Spin|[of] p1a: Quaquaval
|move|p2a: Pelipper|Hurricane|p1a: Quaquaval
|-supereffective|p1a: Quaquaval
|-damage|p1a: Quaquaval|0 fnt
|faint|p1a: Quaquaval
|
|-weather|RainDance|[upkeep]
|upkeep
|
|t:|1760429901
|switch|p1a: Gholdengo|Gholdengo|60/100
|turn|22
|
|t:|1760429906
|switch|p2a: Corviknight|Corviknight, F, shiny|100/100
|-ability|p2a: Corviknight|Pressure
|move|p1a: Gholdengo|Shadow Ball|p2a: Corviknight
|-damage|p2a: Corviknight|54/100
|
|-weather|RainDance|[upkeep]
|upkeep
|turn|23
|
|t:|1760429912
|move|p1a: Gholdengo|Shadow Ball|p2a: Corviknight
|-damage|p2a: Corviknight|11/100
|-unboost|p2a: Corviknight|spd|1
|move|p2a: Corviknight|U-turn|p1a: Gholdengo
|-resisted|p1a: Gholdengo
|-damage|p1a: Gholdengo|56/100
|
|t:|1760429915
|switch|p2a: Barraskewda|Barraskewda, M, tera:Water|100/100|[from] U-turn
|-activate|p2a: Barraskewda|move: Sticky Web
|-unboost|p2a: Barraskewda|spe|1
|
|-weather|RainDance|[upkeep]
|upkeep
|turn|24
|
|t:|1760429917
|move|p2a: Barraskewda|Flip Turn|p1a: Gholdengo
|-damage|p1a: Gholdengo|0 fnt
|faint|p1a: Gholdengo
|
|t:|1760429921
|switch|p2a: Zapdos|Zapdos, shiny|100/100|[from] Flip Turn
|
|-weather|RainDance|[upkeep]
|upkeep
|
|t:|1760429924
|switch|p1a: Ceruledge|Ceruledge, F|100/100
|turn|25
|
|t:|1760429931
|move|p2a: Zapdos|Weather Ball|p1a: Ceruledge
|-supereffective|p1a: Ceruledge
|-enditem|p1a: Ceruledge|Focus Sash
|-damage|p1a: Ceruledge|1/100
|move|p1a: Ceruledge|Poltergeist|p2a: Zapdos
|-activate|p2a: Zapdos|move: Poltergeist|Heavy-Duty Boots
|-damage|p2a: Zapdos|24/100
|
|-weather|RainDance|[upkeep]
|upkeep
|turn|26
|
|t:|1760429938
|move|p1a: Ceruledge|Shadow Sneak|p2a: Zapdos
|-damage|p2a: Zapdos|0 fnt
|faint|p2a: Zapdos
|
|-weather|RainDance|[upkeep]
|upkeep
|
|t:|1760429941
|switch|p2a: Barraskewda|Barraskewda, M, tera:Water|100/100
|-activate|p2a: Barraskewda|move: Sticky Web
|-unboost|p2a: Barraskewda|spe|1
|turn|27
|
|t:|1760429943
|move|p2a: Barraskewda|Aqua Jet|p1a: Ceruledge
|-supereffective|p1a: Ceruledge
|-damage|p1a: Ceruledge|0 fnt
|faint|p1a: Ceruledge
|
|win|Semelene3
|raw|deepak johnson's rating: 1607 &rarr; <strong>1587</strong><br />(-20 for losing)
|raw|Semelene3's rating: 1603 &rarr; <strong>1623</strong><br />(+20 for winning)
|l|☆deepak johnson
|player|p1|
|l| hoverhawk
