|j|☆Barronmaster
|j|☆clail
|t:|1760357678
|gametype|singles
|player|p1|Barronmaster|palmer|1651
|player|p2|clail|265|1713
|gen|9
|tier|[Gen 9] OU
|rated|
|rule|HP Percentage Mod: HP is shown in percentages
|rule|Endless Battle Clause: Forcing endless battles is banned
|rule|Species Clause: Limit one of each Pokémon
|rule|OHKO Clause: OHKO moves are banned
|rule|Evasion Items Clause: Evasion items are banned
|rule|Evasion Moves Clause: Evasion moves are banned
|rule|Evasion Abilities Clause: Evasion abilities are banned
|rule|Sleep Moves Clause: Sleep-inducing moves are banned
|clearpoke
|poke|p1|Hoopa-Unbound|
|poke|p1|Ninetales-Alola, M|
|poke|p1|Slowking-Galar, F|
|poke|p1|Cloyster, F|
|poke|p1|Zoroark, F|
|poke|p1|Indeedee, M|
|poke|p2|Ribombee, F|
|poke|p2|Ogerpon-Wellspring, F|
|poke|p2|Great Tusk|
|poke|p2|Gholdengo|
|poke|p2|Ceruledge, F|
|poke|p2|Glimmora, M|
|teampreview
|l|☆clail
|player|p2|
|j|☆clail
|player|p2|clail|265|
|
|t:|1760357725
|teamsize|p1|6
|teamsize|p2|6
|start
|switch|p1a: Ninetales|Ninetales-Alola, M|100/100
|switch|p2a: Ribombee|Ribombee, F|100/100
|-weather|Snowscape|[from] ability: Snow Warning|[of] p1a: Ninetales
|turn|1
|
|t:|1760357733
|move|p2a: Ribombee|Sticky Web|p1a: Ninetales
|-sidestart|p1: Barronmaster|move: Sticky Web
|move|p1a: Ninetales|Aurora Veil|p1a: Ninetales
|-sidestart|p1: Barronmaster|move: Aurora Veil
|
|-weather|Snowscape|[upkeep]
|upkeep
|turn|2
|l|☆clail
|player|p2|
|inactive|Battle timer is ON: inactive players will automatically lose when time's up. (requested by Barronmaster)
|j|☆clail
|inactive|clail reconnected and has 125 seconds left.
|player|p2|clail|265|
|
|t:|1760357806
|switch|p1a: Slowking|Slowking-Galar, F|100/100
|-activate|p1a: Slowking|move: Sticky Web
|-unboost|p1a: Slowking|spe|1
|move|p2a: Ribombee|Stun Spore|p1a: Slowking|[miss]
|-miss|p2a: Ribombee|p1a: Slowking
|
|-weather|Snowscape|[upkeep]
|upkeep
|turn|3
|j| dionysos
|
|t:|1760357832
|switch|p2a: Ceruledge|Ceruledge, F|100/100
|move|p1a: Slowking|Nasty Plot|p1a: Slowking
|-boost|p1a: Slowking|spa|2
|
|-weather|Snowscape|[upkeep]
|upkeep
|turn|4
|l| dionysos
|
|t:|1760357842
|move|p2a: Ceruledge|Poltergeist|p1a: Slowking
|-activate|p1a: Slowking|move: Poltergeist|Leftovers
|-supereffective|p1a: Slowking
|-damage|p1a: Slowking|37/100
|move|p1a: Slowking|Trick Room|p1a: Slowking
|-fieldstart|move: Trick Room|[of] p1a: Slowking
|
|-weather|Snowscape|[upkeep]
|-heal|p1a: Slowking|43/100|[from] item: Leftovers
|upkeep
|turn|5
|l|☆clail
|inactive|clail disconnected and has a minute to reconnect!
|player|p2|
|inactive|clail has 30 seconds to reconnect!
|j|☆clail
|inactive|clail reconnected and has 105 seconds left.
|player|p2|clail|265|
|
|t:|1760357894
|-terastallize|p1a: Slowking|Flying
|move|p1a: Slowking|Psychic Noise|p2a: Ceruledge
|-damage|p2a: Ceruledge|7/100
|-start|p2a: Ceruledge|move: Heal Block
|move|p2a: Ceruledge|Poltergeist|p1a: Slowking
|-activate|p1a: Slowking|move: Poltergeist|Leftovers
|-damage|p1a: Slowking|9/100
|
|-weather|none
|-heal|p1a: Slowking|15/100|[from] item: Leftovers
|upkeep
|turn|6
|
|t:|1760357904
|move|p2a: Ceruledge|Shadow Sneak|p1a: Slowking
|-damage|p1a: Slowking|4/100
|move|p1a: Slowking|Psychic Noise|p2a: Ceruledge
|-damage|p2a: Ceruledge|0 fnt
|faint|p2a: Ceruledge
|
|-heal|p1a: Slowking|10/100|[from] item: Leftovers
|upkeep
|
|t:|1760357915
|switch|p2a: Ribombee|Ribombee, F|100/100
|turn|7
|
|t:|1760357927
|switch|p1a: Ninetales|Ninetales-Alola, M|100/100
|-activate|p1a: Ninetales|move: Sticky Web
|-unboost|p1a: Ninetales|spe|1
|-weather|Snowscape|[from] ability: Snow Warning|[of] p1a: Ninetales
|move|p2a: Ribombee|Moonblast|p1a: Ninetales
|-damage|p1a: Ninetales|77/100
|-unboost|p1a: Ninetales|spa|1
|
|-weather|Snowscape|[upkeep]
|upkeep
|turn|8
|
|t:|1760357940
|switch|p2a: Glimmora|Glimmora, M|100/100
|move|p1a: Ninetales|Blizzard|p2a: Glimmora
|-damage|p2a: Glimmora|61/100
|
|-weather|Snowscape|[upkeep]
|-sideend|p1: Barronmaster|move: Aurora Veil
|-fieldend|move: Trick Room
|upkeep
|turn|9
|
|t:|1760357947
|switch|p1a: Hoopa|Hoopa-Unbound|100/100
|-activate|p1a: Hoopa|move: Sticky Web
|-unboost|p1a: Hoopa|spe|1
|move|p2a: Glimmora|Meteor Beam||[still]
|-prepare|p2a: Glimmora|Meteor Beam
|-boost|p2a: Glimmora|spa|1
|-enditem|p2a: Glimmora|Power Herb
|-anim|p2a: Glimmora|Meteor Beam|p1a: Hoopa
|-damage|p1a: Hoopa|50/100
|
|-weather|Snowscape|[upkeep]
|upkeep
|turn|10
|
|t:|1760357952
|move|p2a: Glimmora|Dazzling Gleam|p1a: Hoopa
|-supereffective|p1a: Hoopa
|-damage|p1a: Hoopa|8/100
|move|p1a: Hoopa|Psychic Noise|p2a: Glimmora
|-supereffective|p2a: Glimmora
|-damage|p2a: Glimmora|0 fnt
|faint|p2a: Glimmora
|
|-weather|Snowscape|[upkeep]
|upkeep
|
|t:|1760357956
|switch|p2a: Ogerpon|Ogerpon-Wellspring, F|100/100
|turn|11
|
|t:|1760357964
|move|p2a: Ogerpon|Ivy Cudgel|p1a: Hoopa|[anim] Ivy Cudgel Water
|-damage|p1a: Hoopa|0 fnt
|faint|p1a: Hoopa
|
|-weather|none
|upkeep
|
|t:|1760357968
|switch|p1a: Ninetales|Ninetales-Alola, M|77/100
|-activate|p1a: Ninetales|move: Sticky Web
|-unboost|p1a: Ninetales|spe|1
|-weather|Snowscape|[from] ability: Snow Warning|[of] p1a: Ninetales
|turn|12
|
|t:|1760357970
|move|p2a: Ogerpon|Ivy Cudgel|p1a: Ninetales|[anim] Ivy Cudgel Water
|-damage|p1a: Ninetales|19/100
|move|p1a: Ninetales|Aurora Veil|p1a: Ninetales
|-sidestart|p1: Barronmaster|move: Aurora Veil
|
|-weather|Snowscape|[upkeep]
|upkeep
|turn|13
|
|t:|1760357974
|switch|p1a: Cloyster|Cloyster, F|100/100
|move|p2a: Ogerpon|Ivy Cudgel|p1a: Cloyster|[anim] Ivy Cudgel Water
|-resisted|p1a: Cloyster
|-crit|p1a: Cloyster
|-damage|p1a: Cloyster|77/100
|
|-weather|Snowscape|[upkeep]
|upkeep
|turn|14
|
|t:|1760357977
|move|p2a: Ogerpon|Power Whip|p1a: Cloyster
|-supereffective|p1a: Cloyster
|-damage|p1a: Cloyster|38/100
|move|p1a: Cloyster|Shell Smash|p1a: Cloyster
|-unboost|p1a: Cloyster|def|1
|-unboost|p1a: Cloyster|spd|1
|-boost|p1a: Cloyster|atk|2
|-boost|p1a: Cloyster|spa|2
|-boost|p1a: Cloyster|spe|2
|
|-weather|Snowscape|[upkeep]
|upkeep
|turn|15
|
|t:|1760357980
|move|p1a: Cloyster|Icicle Spear|p2a: Ogerpon
|-damage|p2a: Ogerpon|70/100
|-damage|p2a: Ogerpon|37/100
|-damage|p2a: Ogerpon|4/100
|-damage|p2a: Ogerpon|0 fnt
|faint|p2a: Ogerpon
|-hitcount|p2: Ogerpon|4
|
|-weather|Snowscape|[upkeep]
|upkeep
|
|t:|1760357983
|switch|p2a: Great Tusk|Great Tusk|100/100
|turn|16
|
|t:|1760357990
|-terastallize|p2a: Great Tusk|Steel
|move|p2a: Great Tusk|Close Combat|p1a: Cloyster
|-supereffective|p1a: Cloyster
|-damage|p1a: Cloyster|0 fnt
|-unboost|p2a: Great Tusk|def|1
|-unboost|p2a: Great Tusk|spd|1
|faint|p1a: Cloyster
|
|-weather|none
|upkeep
|inactive|Barronmaster has 120 seconds left.
|
|t:|1760358022
|switch|p1a: Slowking|Slowking-Galar, F, tera:Flying|43/100
|turn|17
|
|t:|1760358026
|-end|p2a: Great Tusk|Protosynthesis|[silent]
|switch|p2a: Ribombee|Ribombee, F|100/100
|move|p1a: Slowking|Trick Room|p1a: Slowking
|-fieldstart|move: Trick Room|[of] p1a: Slowking
|
|-heal|p1a: Slowking|49/100|[from] item: Leftovers
|upkeep
|turn|18
|
|t:|1760358033
|switch|p1a: Ninetales|Ninetales-Alola, M|19/100
|-activate|p1a: Ninetales|move: Sticky Web
|-unboost|p1a: Ninetales|spe|1
|-weather|Snowscape|[from] ability: Snow Warning|[of] p1a: Ninetales
|move|p2a: Ribombee|Moonblast|p1a: Ninetales
|-damage|p1a: Ninetales|0 fnt
|faint|p1a: Ninetales
|
|-weather|Snowscape|[upkeep]
|upkeep
|
|t:|1760358043
|switch|p1a: Slowking|Slowking-Galar, F, tera:Flying|82/100
|turn|19
|
|t:|1760358048
|move|p1a: Slowking|Nasty Plot|p1a: Slowking
|-boost|p1a: Slowking|spa|2
|move|p2a: Ribombee|Moonblast|p1a: Slowking
|-damage|p1a: Slowking|67/100
|
|-weather|Snowscape|[upkeep]
|-heal|p1a: Slowking|73/100|[from] item: Leftovers
|-sideend|p1: Barronmaster|move: Aurora Veil
|upkeep
|turn|20
|
|t:|1760358055
|move|p2a: Ribombee|Stun Spore|p1a: Slowking
|-status|p1a: Slowking|par
|move|p1a: Slowking|Trick Room|p1a: Slowking
|-fieldend|move: Trick Room
|
|-weather|Snowscape|[upkeep]
|-heal|p1a: Slowking|79/100 par|[from] item: Leftovers
|upkeep
|turn|21
|
|t:|1760358058
|move|p2a: Ribombee|Moonblast|p1a: Slowking
|-damage|p1a: Slowking|47/100 par
|move|p1a: Slowking|Trick Room|p1a: Slowking
|-fieldstart|move: Trick Room|[of] p1a: Slowking
|
|-weather|Snowscape|[upkeep]
|-heal|p1a: Slowking|53/100 par|[from] item: Leftovers
|upkeep
|turn|22
|
|t:|1760358061
|move|p1a: Slowking|Psychic Noise|p2a: Ribombee
|-enditem|p2a: Ribombee|Focus Sash
|-damage|p2a: Ribombee|1/100
|move|p2a: Ribombee|Moonblast|p1a: Slowking
|-damage|p1a: Slowking|22/100 par
|
|-weather|none
|-heal|p1a: Slowking|28/100 par|[from] item: Leftovers
|upkeep
|turn|23
|
|t:|1760358070
|switch|p2a: Great Tusk|Great Tusk, tera:Steel|100/100
|move|p1a: Slowking|Psychic Noise|p2a: Great Tusk
|-resisted|p2a: Great Tusk
|-damage|p2a: Great Tusk|39/100
|-start|p2a: Great Tusk|move: Heal Block
|
|-heal|p1a: Slowking|34/100 par|[from] item: Leftovers
|upkeep
|turn|24
|
|t:|1760358075
|-end|p2a: Great Tusk|Protosynthesis|[silent]
|switch|p2a: Ribombee|Ribombee, F|1/100
|cant|p1a: Slowking|par
|
|-heal|p1a: Slowking|40/100 par|[from] item: Leftovers
|upkeep
|turn|25
|
|t:|1760358086
|move|p1a: Slowking|Psychic Noise|p2a: Ribombee
|-damage|p2a: Ribombee|0 fnt
|faint|p2a: Ribombee
|
|-heal|p1a: Slowking|47/100 par|[from] item: Leftovers
|-fieldend|move: Trick Room
|upkeep
|
|t:|1760358091
|switch|p2a: Gholdengo|Gholdengo|100/100
|-item|p2a: Gholdengo|Air Balloon
|turn|26
|
|t:|1760358094
|move|p2a: Gholdengo|Shadow Ball|p1a: Slowking
|-damage|p1a: Slowking|16/100 par
|cant|p1a: Slowking|par
|
|-heal|p1a: Slowking|22/100 par|[from] item: Leftovers
|upkeep
|turn|27
|
|t:|1760358097
|switch|p1a: Indeedee|Indeedee, M|100/100
|-activate|p1a: Indeedee|move: Sticky Web
|-unboost|p1a: Indeedee|spe|1
|-fieldstart|move: Psychic Terrain|[from] ability: Psychic Surge|[of] p1a: Indeedee
|move|p2a: Gholdengo|Shadow Ball|p1a: Indeedee
|-immune|p1a: Indeedee
|
|upkeep
|turn|28
|-message|clail forfeited.
|
|win|Barronmaster
|raw|Barronmaster's rating: 1651 &rarr; <strong>1675</strong><br />(+24 for winning)
|raw|clail's rating: 1713 &rarr; <strong>1689</strong><br />(-24 for losing)
|c|☆Barronmaster|Gg
|l|☆clail
|player|p2|
|j|☆clail
|player|p2|clail|265|
|l|☆clail
|player|p2|
|j|☆clail
|player|p2|clail|265|
|l|☆clail
|player|p2|
