|j|☆dylanmimir
|j|☆Sun Yp
|t:|1760348061
|gametype|singles
|player|p1|dylanmimir|ethan|1011
|player|p2|Sun Yp|170|1007
|gen|9
|tier|[Gen 9] OU
|rated|
|rule|HP Percentage Mod: HP is shown in percentages
|rule|Endless Battle Clause: Forcing endless battles is banned
|rule|Species Clause: Limit one of each Pokémon
|rule|OHKO Clause: OHKO moves are banned
|rule|Evasion Items Clause: Evasion items are banned
|rule|Evasion Moves Clause: Evasion moves are banned
|rule|Evasion Abilities Clause: Evasion abilities are banned
|rule|Sleep Moves Clause: Sleep-inducing moves are banned
|clearpoke
|poke|p1|Chandelure, M|
|poke|p1|Snorlax, M|
|poke|p1|Iron Valiant|
|poke|p1|Lokix, M|
|poke|p1|Porygon2|
|poke|p1|Raichu-Alola, F|
|poke|p2|Indeedee, M|
|poke|p2|Primarina, F|
|poke|p2|Lokix, F|
|poke|p2|Ogerpon-Wellspring, F|
|poke|p2|Deoxys-Defense|
|poke|p2|Corviknight, F|
|teampreview
|
|t:|1760348088
|teamsize|p1|6
|teamsize|p2|6
|start
|switch|p1a: Porygon2|Porygon2, shiny|100/100
|switch|p2a: Lokix|Lokix, F|100/100
|-ability|p1a: Porygon2|Download|boost
|-boost|p1a: Porygon2|spa|1
|turn|1
|
|t:|1760348094
|move|p2a: Lokix|First Impression|p1a: Porygon2
|-damage|p1a: Porygon2|59/100
|-damage|p2a: Lokix|91/100|[from] item: Life Orb
|move|p1a: Porygon2|Ice Beam|p2a: Lokix
|-damage|p2a: Lokix|22/100
|
|upkeep
|turn|2
|
|t:|1760348109
|move|p2a: Lokix|Sucker Punch|p1a: Porygon2
|-damage|p1a: Porygon2|29/100
|-damage|p2a: Lokix|12/100|[from] item: Life Orb
|move|p1a: Porygon2|Ice Beam|p2a: Lokix
|-damage|p2a: Lokix|0 fnt
|faint|p2a: Lokix
|
|upkeep
|
|t:|1760348124
|switch|p2a: Deoxys|Deoxys-Defense|100/100
|-ability|p2a: Deoxys|Pressure
|turn|3
|
|t:|1760348130
|move|p2a: Deoxys|Knock Off|p1a: Porygon2
|-damage|p1a: Porygon2|17/100
|-enditem|p1a: Porygon2|Eviolite|[from] move: Knock Off|[of] p2a: Deoxys
|move|p1a: Porygon2|Recover|p1a: Porygon2
|-heal|p1a: Porygon2|67/100
|
|upkeep
|turn|4
|
|t:|1760348137
|move|p2a: Deoxys|Stealth Rock|p1a: Porygon2
|-sidestart|p1: dylanmimir|move: Stealth Rock
|move|p1a: Porygon2|Shadow Ball|p2a: Deoxys
|-supereffective|p2a: Deoxys
|-damage|p2a: Deoxys|54/100
|
|upkeep
|turn|5
|
|t:|1760348144
|move|p1a: Porygon2|Shadow Ball|p2a: Deoxys
|-supereffective|p2a: Deoxys
|-damage|p2a: Deoxys|8/100
|-unboost|p2a: Deoxys|spd|1
|move|p2a: Deoxys|Trick Room|p2a: Deoxys
|-fieldstart|move: Trick Room|[of] p2a: Deoxys
|
|upkeep
|turn|6
|
|t:|1760348150
|move|p1a: Porygon2|Ice Beam|p2a: Deoxys
|-damage|p2a: Deoxys|0 fnt
|faint|p2a: Deoxys
|
|upkeep
|
|t:|1760348154
|switch|p2a: Primarina|Primarina, F, shiny|100/100
|turn|7
|
|t:|1760348177
|move|p2a: Primarina|Shadow Ball|p1a: Porygon2
|-immune|p1a: Porygon2
|move|p1a: Porygon2|Tri Attack|p2a: Primarina
|-damage|p2a: Primarina|61/100
|
|upkeep
|turn|8
|
|t:|1760348187
|move|p2a: Primarina|Sparkling Aria|p1a: Porygon2
|-damage|p1a: Porygon2|19/100
|-enditem|p2a: Primarina|Throat Spray
|-boost|p2a: Primarina|spa|1|[from] item: Throat Spray
|move|p1a: Porygon2|Tri Attack|p2a: Primarina
|-damage|p2a: Primarina|21/100
|
|upkeep
|turn|9
|
|t:|1760348207
|move|p2a: Primarina|Sparkling Aria|p1a: Porygon2
|-damage|p1a: Porygon2|0 fnt
|faint|p1a: Porygon2
|
|-fieldend|move: Trick Room
|upkeep
|
|t:|1760348215
|switch|p1a: Lokix|Lokix, M|100/100
|-damage|p1a: Lokix|76/100|[from] Stealth Rock
|turn|10
|
|t:|1760348219
|switch|p2a: Indeedee|Indeedee, M|100/100
|-fieldstart|move: Psychic Terrain|[from] ability: Psychic Surge|[of] p2a: Indeedee
|move|p1a: Lokix|First Impression|p2a: Indeedee
|-activate|p2a: Indeedee|move: Psychic Terrain
|
|upkeep
|turn|11
|
|t:|1760348235
|switch|p1a: Chandelure|Chandelure, M|100/100
|-damage|p1a: Chandelure|76/100|[from] Stealth Rock
|-terastallize|p2a: Indeedee|Psychic
|move|p2a: Indeedee|Expanding Force|p1a: Chandelure
|-damage|p1a: Chandelure|0 fnt
|faint|p1a: Chandelure
|
|upkeep
|
|t:|1760348248
|switch|p1a: Raichu|Raichu-Alola, F|100/100
|-damage|p1a: Raichu|88/100|[from] Stealth Rock
|turn|12
|
|t:|1760348256
|move|p2a: Indeedee|Expanding Force|p1a: Raichu
|-resisted|p1a: Raichu
|-damage|p1a: Raichu|25/100
|move|p1a: Raichu|Rain Dance|p1a: Raichu
|-weather|RainDance
|
|-weather|RainDance|[upkeep]
|upkeep
|turn|13
|
|t:|1760348261
|move|p2a: Indeedee|Expanding Force|p1a: Raichu
|-resisted|p1a: Raichu
|-damage|p1a: Raichu|0 fnt
|faint|p1a: Raichu
|
|-weather|RainDance|[upkeep]
|upkeep
|
|t:|1760348265
|switch|p1a: Iron Valiant|Iron Valiant|100/100
|-damage|p1a: Iron Valiant|94/100|[from] Stealth Rock
|turn|14
|
|t:|1760348273
|-terastallize|p1a: Iron Valiant|Fairy
|move|p2a: Indeedee|Expanding Force|p1a: Iron Valiant
|-damage|p1a: Iron Valiant|0 fnt
|faint|p1a: Iron Valiant
|-end|p1a: Iron Valiant|Quark Drive|[silent]
|
|-weather|RainDance|[upkeep]
|-fieldend|move: Psychic Terrain
|upkeep
|
|t:|1760348276
|switch|p1a: Snorlax|Snorlax, M|100/100
|-damage|p1a: Snorlax|88/100|[from] Stealth Rock
|turn|15
|
|t:|1760348282
|move|p2a: Indeedee|Expanding Force|p1a: Snorlax
|-damage|p1a: Snorlax|60/100
|move|p1a: Snorlax|Earthquake|p2a: Indeedee
|-damage|p2a: Indeedee|39/100
|
|-weather|RainDance|[upkeep]
|-heal|p1a: Snorlax|66/100|[from] item: Leftovers
|upkeep
|turn|16
|
|t:|1760348289
|switch|p2a: Corviknight|Corviknight, F|100/100
|move|p1a: Snorlax|Earthquake|p2a: Corviknight
|-immune|p2a: Corviknight
|
|-weather|none
|-heal|p1a: Snorlax|73/100|[from] item: Leftovers
|upkeep
|turn|17
|
|t:|1760348296
|move|p2a: Corviknight|Iron Defense|p2a: Corviknight
|-boost|p2a: Corviknight|def|2
|move|p1a: Snorlax|Supercell Slam|p2a: Corviknight
|-supereffective|p2a: Corviknight
|-damage|p2a: Corviknight|83/100
|-enditem|p2a: Corviknight|Red Card|[of] p1a: Snorlax
|drag|p1a: Lokix|Lokix, M|76/100
|-damage|p1a: Lokix|51/100|[from] Stealth Rock
|
|upkeep
|turn|18
|
|t:|1760348306
|move|p1a: Lokix|Axe Kick|p2a: Corviknight
|-damage|p2a: Corviknight|72/100
|move|p2a: Corviknight|Iron Defense|p2a: Corviknight
|-boost|p2a: Corviknight|def|2
|
|upkeep
|turn|19
|
|t:|1760348311
|move|p1a: Lokix|Axe Kick|p2a: Corviknight
|-damage|p2a: Corviknight|64/100
|move|p2a: Corviknight|Iron Defense|p2a: Corviknight
|-boost|p2a: Corviknight|def|2
|
|upkeep
|turn|20
|
|t:|1760348317
|move|p1a: Lokix|Axe Kick|p2a: Corviknight
|-damage|p2a: Corviknight|58/100
|-start|p2a: Corviknight|confusion
|-activate|p2a: Corviknight|confusion
|move|p2a: Corviknight|Iron Defense|p2a: Corviknight
|-boost|p2a: Corviknight|def|0
|
|upkeep
|turn|21
|
|t:|1760348325
|move|p1a: Lokix|Axe Kick|p2a: Corviknight
|-damage|p2a: Corviknight|52/100
|-activate|p2a: Corviknight|confusion
|move|p2a: Corviknight|Roost|p2a: Corviknight
|-heal|p2a: Corviknight|100/100
|-singleturn|p2a: Corviknight|move: Roost
|
|upkeep
|turn|22
|
|t:|1760348332
|move|p1a: Lokix|Lash Out|p2a: Corviknight
|-damage|p2a: Corviknight|95/100
|-activate|p2a: Corviknight|confusion
|move|p2a: Corviknight|Body Press|p1a: Lokix
|-damage|p1a: Lokix|0 fnt
|faint|p1a: Lokix
|
|upkeep
|
|t:|1760348335
|switch|p1a: Snorlax|Snorlax, M|73/100
|-damage|p1a: Snorlax|60/100|[from] Stealth Rock
|turn|23
|
|t:|1760348341
|-end|p2a: Corviknight|confusion
|move|p2a: Corviknight|Body Press|p1a: Snorlax
|-supereffective|p1a: Snorlax
|-damage|p1a: Snorlax|0 fnt
|faint|p1a: Snorlax
|
|win|Sun Yp
|raw|dylanmimir's rating: 1011 &rarr; <strong>1000</strong><br />(-11 for losing)
|raw|Sun Yp's rating: 1007 &rarr; <strong>1046</strong><br />(+39 for winning)
|l|☆dylanmimir
|player|p1|
