|j|☆bebeyorbed
|j|☆StrifePK
|t:|1760393857
|gametype|singles
|player|p1|bebeyorbed|parasollady|1095
|player|p2|StrifePK|266|1051
|gen|9
|tier|[Gen 9] OU
|rated|
|rule|HP Percentage Mod: HP is shown in percentages
|rule|Endless Battle Clause: Forcing endless battles is banned
|rule|Species Clause: Limit one of each Pokémon
|rule|OHKO Clause: OHKO moves are banned
|rule|Evasion Items Clause: Evasion items are banned
|rule|Evasion Moves Clause: Evasion moves are banned
|rule|Evasion Abilities Clause: Evasion abilities are banned
|rule|Sleep Moves Clause: Sleep-inducing moves are banned
|clearpoke
|poke|p1|Tornadus-Therian, M|
|poke|p1|Garganacl, M|
|poke|p1|Dragapult, M|
|poke|p1|Lanturn, F|
|poke|p1|Quaquaval, F|
|poke|p1|Moltres|
|poke|p2|Maushold-Four|
|poke|p2|Corviknight, F|
|poke|p2|Ribombee, M|
|poke|p2|Rillaboom, F|
|poke|p2|Dragapult, F|
|poke|p2|Toxapex, F|
|teampreview
|inactive|Battle timer is ON: inactive players will automatically lose when time's up. (requested by bebeyorbed)
|
|t:|1760393866
|teamsize|p1|6
|teamsize|p2|6
|start
|switch|p1a: Dragapult|Dragapult, M, shiny|100/100
|switch|p2a: نسيم|Ribombee, M|100/100
|turn|1
|
|t:|1760393886
|move|p1a: Dragapult|U-turn|p2a: نسيم
|-resisted|p2a: نسيم
|-damage|p2a: نسيم|79/100
|
|t:|1760393892
|switch|p1a: Moltres|Moltres, shiny|100/100|[from] U-turn
|move|p2a: نسيم|Sticky Web|p1a: Moltres
|-sidestart|p1: bebeyorbed|move: Sticky Web
|
|upkeep
|turn|2
|
|t:|1760393898
|move|p2a: نسيم|U-turn|p1a: Moltres
|-resisted|p1a: Moltres
|-damage|p1a: Moltres|98/100
|
|t:|1760393900
|switch|p2a: ماردحديد|Toxapex, F|100/100|[from] U-turn
|move|p1a: Moltres|Flamethrower|p2a: ماردحديد
|-resisted|p2a: ماردحديد
|-damage|p2a: ماردحديد|85/100
|
|-heal|p2a: ماردحديد|91/100|[from] item: Black Sludge
|upkeep
|turn|3
|
|t:|1760393905
|switch|p1a: Garganacl|Garganacl, M, shiny|100/100
|-activate|p1a: Garganacl|move: Sticky Web
|-unboost|p1a: Garganacl|spe|1
|move|p2a: ماردحديد|Toxic Spikes|p1a: Garganacl
|-sidestart|p1: bebeyorbed|move: Toxic Spikes
|
|-heal|p2a: ماردحديد|97/100|[from] item: Black Sludge
|upkeep
|turn|4
|
|t:|1760393912
|move|p2a: ماردحديد|Toxic Spikes|p1a: Garganacl
|-sidestart|p1: bebeyorbed|move: Toxic Spikes
|move|p1a: Garganacl|Salt Cure|p2a: ماردحديد
|-damage|p2a: ماردحديد|89/100
|-start|p2a: ماردحديد|Salt Cure
|
|-heal|p2a: ماردحديد|95/100|[from] item: Black Sludge
|-damage|p2a: ماردحديد|70/100|[from] Salt Cure
|upkeep
|turn|5
|
|t:|1760393941
|move|p2a: ماردحديد|Liquidation|p1a: Garganacl
|-supereffective|p1a: Garganacl
|-damage|p1a: Garganacl|77/100
|move|p1a: Garganacl|Iron Defense|p1a: Garganacl
|-boost|p1a: Garganacl|def|2
|
|-heal|p2a: ماردحديد|76/100|[from] item: Black Sludge
|-heal|p1a: Garganacl|83/100|[from] item: Leftovers
|-damage|p2a: ماردحديد|51/100|[from] Salt Cure
|upkeep
|turn|6
|
|t:|1760393949
|move|p2a: ماردحديد|Liquidation|p1a: Garganacl
|-supereffective|p1a: Garganacl
|-damage|p1a: Garganacl|71/100
|move|p1a: Garganacl|Iron Defense|p1a: Garganacl
|-boost|p1a: Garganacl|def|2
|
|-heal|p2a: ماردحديد|58/100|[from] item: Black Sludge
|-heal|p1a: Garganacl|77/100|[from] item: Leftovers
|-damage|p2a: ماردحديد|33/100|[from] Salt Cure
|upkeep
|turn|7
|
|t:|1760393955
|move|p2a: ماردحديد|Recover|p2a: ماردحديد
|-heal|p2a: ماردحديد|83/100
|move|p1a: Garganacl|Salt Cure|p2a: ماردحديد
|-damage|p2a: ماردحديد|75/100
|
|-heal|p2a: ماردحديد|81/100|[from] item: Black Sludge
|-heal|p1a: Garganacl|83/100|[from] item: Leftovers
|-damage|p2a: ماردحديد|56/100|[from] Salt Cure
|upkeep
|turn|8
|
|t:|1760393964
|move|p2a: ماردحديد|Baneful Bunker|p2a: ماردحديد
|-singleturn|p2a: ماردحديد|move: Protect
|move|p1a: Garganacl|Protect||[still]
|-fail|p1a: Garganacl
|
|-heal|p2a: ماردحديد|62/100|[from] item: Black Sludge
|-heal|p1a: Garganacl|89/100|[from] item: Leftovers
|-damage|p2a: ماردحديد|37/100|[from] Salt Cure
|upkeep
|turn|9
|
|t:|1760393970
|move|p2a: ماردحديد|Liquidation|p1a: Garganacl
|-supereffective|p1a: Garganacl
|-damage|p1a: Garganacl|80/100
|move|p1a: Garganacl|Iron Defense|p1a: Garganacl
|-boost|p1a: Garganacl|def|2
|
|-heal|p2a: ماردحديد|43/100|[from] item: Black Sludge
|-heal|p1a: Garganacl|86/100|[from] item: Leftovers
|-damage|p2a: ماردحديد|18/100|[from] Salt Cure
|upkeep
|turn|10
|
|t:|1760393980
|move|p2a: ماردحديد|Recover|p2a: ماردحديد
|-heal|p2a: ماردحديد|68/100
|move|p1a: Garganacl|Salt Cure|p2a: ماردحديد
|-damage|p2a: ماردحديد|60/100
|
|-heal|p2a: ماردحديد|66/100|[from] item: Black Sludge
|-heal|p1a: Garganacl|92/100|[from] item: Leftovers
|-damage|p2a: ماردحديد|41/100|[from] Salt Cure
|upkeep
|turn|11
|
|t:|1760393984
|move|p2a: ماردحديد|Baneful Bunker|p2a: ماردحديد
|-singleturn|p2a: ماردحديد|move: Protect
|move|p1a: Garganacl|Iron Defense|p1a: Garganacl
|-boost|p1a: Garganacl|def|0
|
|-heal|p2a: ماردحديد|48/100|[from] item: Black Sludge
|-heal|p1a: Garganacl|98/100|[from] item: Leftovers
|-damage|p2a: ماردحديد|23/100|[from] Salt Cure
|upkeep
|turn|12
|
|t:|1760394010
|move|p2a: ماردحديد|Recover|p2a: ماردحديد
|-heal|p2a: ماردحديد|73/100
|move|p1a: Garganacl|Iron Defense|p1a: Garganacl
|-boost|p1a: Garganacl|def|0
|
|-heal|p2a: ماردحديد|79/100|[from] item: Black Sludge
|-heal|p1a: Garganacl|100/100|[from] item: Leftovers
|-damage|p2a: ماردحديد|54/100|[from] Salt Cure
|upkeep
|turn|13
|
|t:|1760394021
|move|p2a: ماردحديد|Baneful Bunker|p2a: ماردحديد
|-singleturn|p2a: ماردحديد|move: Protect
|move|p1a: Garganacl|Iron Defense|p1a: Garganacl
|-boost|p1a: Garganacl|def|0
|
|-heal|p2a: ماردحديد|60/100|[from] item: Black Sludge
|-damage|p2a: ماردحديد|35/100|[from] Salt Cure
|upkeep
|turn|14
|
|t:|1760394035
|switch|p2a: Ryūmon Hōzukimaru|Dragapult, F|100/100
|move|p1a: Garganacl|Iron Defense|p1a: Garganacl
|-boost|p1a: Garganacl|def|0
|
|upkeep
|turn|15
|
|t:|1760394040
|move|p2a: Ryūmon Hōzukimaru|Dragon Pulse|p1a: Garganacl
|-damage|p1a: Garganacl|71/100
|-damage|p2a: Ryūmon Hōzukimaru|91/100|[from] item: Life Orb
|move|p1a: Garganacl|Salt Cure|p2a: Ryūmon Hōzukimaru
|-damage|p2a: Ryūmon Hōzukimaru|72/100
|-start|p2a: Ryūmon Hōzukimaru|Salt Cure
|
|-heal|p1a: Garganacl|77/100|[from] item: Leftovers
|-damage|p2a: Ryūmon Hōzukimaru|59/100|[from] Salt Cure
|upkeep
|turn|16
|
|t:|1760394044
|move|p1a: Garganacl|Protect|p1a: Garganacl
|-singleturn|p1a: Garganacl|Protect
|move|p2a: Ryūmon Hōzukimaru|Dragon Pulse|p1a: Garganacl
|-activate|p1a: Garganacl|move: Protect
|
|-heal|p1a: Garganacl|84/100|[from] item: Leftovers
|-damage|p2a: Ryūmon Hōzukimaru|47/100|[from] Salt Cure
|upkeep
|turn|17
|
|t:|1760394052
|move|p2a: Ryūmon Hōzukimaru|Dragon Pulse|p1a: Garganacl
|-damage|p1a: Garganacl|54/100
|-damage|p2a: Ryūmon Hōzukimaru|37/100|[from] item: Life Orb
|move|p1a: Garganacl|Recover|p1a: Garganacl
|-heal|p1a: Garganacl|100/100
|
|-damage|p2a: Ryūmon Hōzukimaru|25/100|[from] Salt Cure
|upkeep
|turn|18
|
|t:|1760394079
|move|p1a: Garganacl|Protect|p1a: Garganacl
|-singleturn|p1a: Garganacl|Protect
|move|p2a: Ryūmon Hōzukimaru|Dragon Pulse|p1a: Garganacl
|-activate|p1a: Garganacl|move: Protect
|
|-damage|p2a: Ryūmon Hōzukimaru|13/100|[from] Salt Cure
|upkeep
|turn|19
|inactive|StrifePK has 120 seconds left.
|
|t:|1760394110
|move|p2a: Ryūmon Hōzukimaru|Dragon Pulse|p1a: Garganacl
|-damage|p1a: Garganacl|70/100
|-damage|p2a: Ryūmon Hōzukimaru|3/100|[from] item: Life Orb
|move|p1a: Garganacl|Recover|p1a: Garganacl
|-heal|p1a: Garganacl|100/100
|
|-damage|p2a: Ryūmon Hōzukimaru|0 fnt|[from] Salt Cure
|faint|p2a: Ryūmon Hōzukimaru
|upkeep
|
|t:|1760394114
|switch|p2a: Tokoyami|Corviknight, F|100/100
|turn|20
|
|t:|1760394117
|move|p2a: Tokoyami|Substitute|p2a: Tokoyami
|-start|p2a: Tokoyami|Substitute
|-damage|p2a: Tokoyami|75/100
|move|p1a: Garganacl|Salt Cure|p2a: Tokoyami
|-activate|p2a: Tokoyami|move: Substitute|[damage]
|
|-heal|p2a: Tokoyami|82/100|[from] item: Leftovers
|upkeep
|turn|21
|
|t:|1760394125
|switch|p1a: Moltres|Moltres, shiny|98/100
|move|p2a: Tokoyami|Iron Defense|p2a: Tokoyami
|-boost|p2a: Tokoyami|def|2
|
|-heal|p2a: Tokoyami|88/100|[from] item: Leftovers
|upkeep
|turn|22
|
|t:|1760394133
|-terastallize|p2a: Tokoyami|Fighting
|move|p1a: Moltres|Flamethrower|p2a: Tokoyami
|-end|p2a: Tokoyami|Substitute
|move|p2a: Tokoyami|Iron Defense|p2a: Tokoyami
|-boost|p2a: Tokoyami|def|2
|
|-heal|p2a: Tokoyami|94/100|[from] item: Leftovers
|upkeep
|turn|23
|
|t:|1760394140
|move|p2a: Tokoyami|Substitute|p2a: Tokoyami
|-start|p2a: Tokoyami|Substitute
|-damage|p2a: Tokoyami|69/100
|move|p1a: Moltres|Roar|p2a: Tokoyami
|drag|p2a: نسيم|Ribombee, M|79/100
|
|upkeep
|turn|24
|
|t:|1760394149
|move|p2a: نسيم|Quiver Dance|p2a: نسيم
|-boost|p2a: نسيم|spa|1
|-boost|p2a: نسيم|spd|1
|-boost|p2a: نسيم|spe|1
|move|p1a: Moltres|Flamethrower|p2a: نسيم
|-supereffective|p2a: نسيم
|-damage|p2a: نسيم|3/100
|
|upkeep
|turn|25
|
|t:|1760394153
|move|p2a: نسيم|Moonblast|p1a: Moltres
|-resisted|p1a: Moltres
|-damage|p1a: Moltres|76/100
|move|p1a: Moltres|U-turn|p2a: نسيم
|-resisted|p2a: نسيم
|-damage|p2a: نسيم|0 fnt
|faint|p2a: نسيم
|
|t:|1760394158
|switch|p1a: Quaquaval|Quaquaval, F, shiny|100/100|[from] U-turn
|
|upkeep
|
|t:|1760394163
|switch|p2a: جبلطوفان|Rillaboom, F|100/100
|-fieldstart|move: Grassy Terrain|[from] ability: Grassy Surge|[of] p2a: جبلطوفان
|turn|26
|
|t:|1760394168
|switch|p1a: Moltres|Moltres, shiny|76/100
|move|p2a: جبلطوفان|Wood Hammer|p1a: Moltres
|-resisted|p1a: Moltres
|-damage|p1a: Moltres|62/100
|-damage|p2a: جبلطوفان|96/100|[from] Recoil
|
|-heal|p2a: جبلطوفان|100/100|[from] Grassy Terrain
|upkeep
|turn|27
|
|t:|1760394175
|move|p2a: جبلطوفان|Knock Off|p1a: Moltres
|-damage|p1a: Moltres|37/100
|-enditem|p1a: Moltres|Heavy-Duty Boots|[from] move: Knock Off|[of] p2a: جبلطوفان
|move|p1a: Moltres|Roost|p1a: Moltres
|-heal|p1a: Moltres|87/100
|-singleturn|p1a: Moltres|move: Roost
|
|-heal|p1a: Moltres|93/100|[from] Grassy Terrain
|upkeep
|turn|28
|
|t:|1760394183
|move|p2a: جبلطوفان|Drain Punch|p1a: Moltres
|-resisted|p1a: Moltres
|-damage|p1a: Moltres|83/100
|move|p1a: Moltres|Flamethrower|p2a: جبلطوفان
|-supereffective|p2a: جبلطوفان
|-damage|p2a: جبلطوفان|7/100
|
|-heal|p2a: جبلطوفان|13/100|[from] Grassy Terrain
|-heal|p2a: جبلطوفان|19/100|[from] item: Leftovers
|upkeep
|turn|29
|
|t:|1760394192
|move|p2a: جبلطوفان|Knock Off|p1a: Moltres
|-damage|p1a: Moltres|66/100
|move|p1a: Moltres|U-turn|p2a: جبلطوفان
|-supereffective|p2a: جبلطوفان
|-damage|p2a: جبلطوفان|0 fnt
|faint|p2a: جبلطوفان
|
|t:|1760394195
|switch|p1a: Quaquaval|Quaquaval, F, shiny|100/100|[from] U-turn
|
|upkeep
|
|t:|1760394199
|switch|p2a: Muscle Mice|Maushold-Four|100/100
|turn|30
|
|t:|1760394207
|switch|p1a: Garganacl|Garganacl, M, shiny|100/100
|-activate|p1a: Garganacl|move: Sticky Web
|-unboost|p1a: Garganacl|spe|1
|move|p2a: Muscle Mice|Population Bomb|p1a: Garganacl
|-resisted|p1a: Garganacl
|-damage|p1a: Garganacl|97/100
|-resisted|p1a: Garganacl
|-damage|p1a: Garganacl|93/100
|-resisted|p1a: Garganacl
|-damage|p1a: Garganacl|89/100
|-resisted|p1a: Garganacl
|-damage|p1a: Garganacl|86/100
|-hitcount|p1a: Garganacl|4
|
|-heal|p1a: Garganacl|92/100|[from] Grassy Terrain
|-heal|p1a: Garganacl|98/100|[from] item: Leftovers
|-fieldend|move: Grassy Terrain
|upkeep
|turn|31
|
|t:|1760394226
|move|p2a: Muscle Mice|Bite|p1a: Garganacl
|-damage|p1a: Garganacl|84/100
|move|p1a: Garganacl|Salt Cure|p2a: Muscle Mice
|-damage|p2a: Muscle Mice|79/100
|-start|p2a: Muscle Mice|Salt Cure
|
|-heal|p1a: Garganacl|90/100|[from] item: Leftovers
|-damage|p2a: Muscle Mice|66/100|[from] Salt Cure
|upkeep
|turn|32
|
|t:|1760394232
|move|p2a: Muscle Mice|Population Bomb|p1a: Garganacl
|-resisted|p1a: Garganacl
|-damage|p1a: Garganacl|86/100
|-resisted|p1a: Garganacl
|-damage|p1a: Garganacl|83/100
|-resisted|p1a: Garganacl
|-damage|p1a: Garganacl|79/100
|-resisted|p1a: Garganacl
|-damage|p1a: Garganacl|75/100
|-resisted|p1a: Garganacl
|-damage|p1a: Garganacl|72/100
|-resisted|p1a: Garganacl
|-damage|p1a: Garganacl|68/100
|-resisted|p1a: Garganacl
|-damage|p1a: Garganacl|64/100
|-resisted|p1a: Garganacl
|-damage|p1a: Garganacl|60/100
|-resisted|p1a: Garganacl
|-damage|p1a: Garganacl|57/100
|-resisted|p1a: Garganacl
|-damage|p1a: Garganacl|53/100
|-hitcount|p1a: Garganacl|10
|move|p1a: Garganacl|Iron Defense|p1a: Garganacl
|-boost|p1a: Garganacl|def|2
|
|-heal|p1a: Garganacl|59/100|[from] item: Leftovers
|-damage|p2a: Muscle Mice|54/100|[from] Salt Cure
|upkeep
|turn|33
|
|t:|1760394254
|move|p2a: Muscle Mice|Population Bomb|p1a: Garganacl
|-resisted|p1a: Garganacl
|-damage|p1a: Garganacl|57/100
|-resisted|p1a: Garganacl
|-damage|p1a: Garganacl|56/100
|-resisted|p1a: Garganacl
|-damage|p1a: Garganacl|54/100
|-resisted|p1a: Garganacl
|-damage|p1a: Garganacl|52/100
|-resisted|p1a: Garganacl
|-damage|p1a: Garganacl|50/100
|-resisted|p1a: Garganacl
|-damage|p1a: Garganacl|48/100
|-resisted|p1a: Garganacl
|-damage|p1a: Garganacl|47/100
|-resisted|p1a: Garganacl
|-damage|p1a: Garganacl|45/100
|-resisted|p1a: Garganacl
|-damage|p1a: Garganacl|43/100
|-resisted|p1a: Garganacl
|-damage|p1a: Garganacl|41/100
|-hitcount|p1a: Garganacl|10
|move|p1a: Garganacl|Recover|p1a: Garganacl
|-heal|p1a: Garganacl|91/100
|
|-heal|p1a: Garganacl|97/100|[from] item: Leftovers
|-damage|p2a: Muscle Mice|41/100|[from] Salt Cure
|upkeep
|turn|34
|
|t:|1760394278
|move|p1a: Garganacl|Protect|p1a: Garganacl
|-singleturn|p1a: Garganacl|Protect
|move|p2a: Muscle Mice|Population Bomb|p1a: Garganacl
|-activate|p1a: Garganacl|move: Protect
|
|-heal|p1a: Garganacl|100/100|[from] item: Leftovers
|-damage|p2a: Muscle Mice|29/100|[from] Salt Cure
|upkeep
|turn|35
|
|t:|1760394288
|move|p2a: Muscle Mice|Encore|p1a: Garganacl
|-start|p1a: Garganacl|Encore
|move|p1a: Garganacl|Protect||[still]
|-fail|p1a: Garganacl
|
|-damage|p2a: Muscle Mice|16/100|[from] Salt Cure
|upkeep
|turn|36
|inactive|StrifePK has 120 seconds left.
|
|t:|1760394326
|move|p1a: Garganacl|Protect|p1a: Garganacl
|-singleturn|p1a: Garganacl|Protect
|move|p2a: Muscle Mice|Population Bomb|p1a: Garganacl
|-activate|p1a: Garganacl|move: Protect
|
|-damage|p2a: Muscle Mice|4/100|[from] Salt Cure
|upkeep
|turn|37
|inactive|StrifePK has 120 seconds left.
|
|t:|1760394334
|move|p1a: Garganacl|Protect||[still]
|-fail|p1a: Garganacl
|move|p2a: Muscle Mice|Population Bomb|p1a: Garganacl
|-resisted|p1a: Garganacl
|-damage|p1a: Garganacl|99/100
|-resisted|p1a: Garganacl
|-damage|p1a: Garganacl|97/100
|-resisted|p1a: Garganacl
|-damage|p1a: Garganacl|94/100
|-resisted|p1a: Garganacl
|-damage|p1a: Garganacl|92/100
|-resisted|p1a: Garganacl
|-damage|p1a: Garganacl|90/100
|-resisted|p1a: Garganacl
|-damage|p1a: Garganacl|89/100
|-resisted|p1a: Garganacl
|-damage|p1a: Garganacl|87/100
|-resisted|p1a: Garganacl
|-damage|p1a: Garganacl|85/100
|-resisted|p1a: Garganacl
|-damage|p1a: Garganacl|83/100
|-resisted|p1a: Garganacl
|-damage|p1a: Garganacl|81/100
|-hitcount|p1a: Garganacl|10
|
|-heal|p1a: Garganacl|87/100|[from] item: Leftovers
|-damage|p2a: Muscle Mice|0 fnt|[from] Salt Cure
|faint|p2a: Muscle Mice
|-end|p1a: Garganacl|Encore
|upkeep
|inactive|StrifePK has 120 seconds left.
|
|t:|1760394343
|switch|p2a: Tokoyami|Corviknight, F, tera:Fighting|69/100
|turn|38
|
|t:|1760394348
|switch|p1a: Moltres|Moltres, shiny|66/100
|move|p2a: Tokoyami|Substitute|p2a: Tokoyami
|-start|p2a: Tokoyami|Substitute
|-damage|p2a: Tokoyami|44/100
|
|-heal|p2a: Tokoyami|50/100|[from] item: Leftovers
|upkeep
|turn|39
|
|t:|1760394354
|move|p1a: Moltres|Flamethrower|p2a: Tokoyami
|-end|p2a: Tokoyami|Substitute
|move|p2a: Tokoyami|Iron Defense|p2a: Tokoyami
|-boost|p2a: Tokoyami|def|2
|
|-heal|p2a: Tokoyami|57/100|[from] item: Leftovers
|upkeep
|turn|40
|
|t:|1760394358
|move|p1a: Moltres|Flamethrower|p2a: Tokoyami
|-damage|p2a: Tokoyami|18/100
|-status|p2a: Tokoyami|brn
|move|p2a: Tokoyami|Iron Defense|p2a: Tokoyami
|-boost|p2a: Tokoyami|def|2
|
|-heal|p2a: Tokoyami|24/100 brn|[from] item: Leftovers
|-damage|p2a: Tokoyami|18/100 brn|[from] brn
|upkeep
|turn|41
|
|t:|1760394362
|move|p1a: Moltres|Roost|p1a: Moltres
|-heal|p1a: Moltres|100/100
|-singleturn|p1a: Moltres|move: Roost
|move|p2a: Tokoyami|Roost|p2a: Tokoyami
|-heal|p2a: Tokoyami|68/100 brn
|
|-heal|p2a: Tokoyami|74/100 brn|[from] item: Leftovers
|-damage|p2a: Tokoyami|68/100 brn|[from] brn
|upkeep
|turn|42
|
|t:|1760394368
|move|p1a: Moltres|Flamethrower|p2a: Tokoyami
|-damage|p2a: Tokoyami|30/100 brn
|move|p2a: Tokoyami|Iron Defense|p2a: Tokoyami
|-boost|p2a: Tokoyami|def|2
|
|-heal|p2a: Tokoyami|37/100 brn|[from] item: Leftovers
|-damage|p2a: Tokoyami|30/100 brn|[from] brn
|upkeep
|turn|43
|
|t:|1760394371
|move|p1a: Moltres|Flamethrower|p2a: Tokoyami
|-damage|p2a: Tokoyami|0 fnt
|faint|p2a: Tokoyami
|
|upkeep
|
|t:|1760394374
|switch|p2a: ماردحديد|Toxapex, F|68/100
|turn|44
|-message|StrifePK forfeited.
|
|win|bebeyorbed
|raw|bebeyorbed's rating: 1095 &rarr; <strong>1118</strong><br />(+23 for winning)
|raw|StrifePK's rating: 1051 &rarr; <strong>1036</strong><br />(-15 for losing)
|l|☆StrifePK
|player|p2|
