|j|☆ethanwayneooo
|j|☆OdinGX
|t:|1760342643
|gametype|singles
|player|p1|ethanwayneooo|1|1113
|player|p2|OdinGX|will|1102
|gen|9
|tier|[Gen 9] OU
|rated|
|rule|HP Percentage Mod: HP is shown in percentages
|rule|Endless Battle Clause: Forcing endless battles is banned
|rule|Species Clause: Limit one of each Pokémon
|rule|OHKO Clause: OHKO moves are banned
|rule|Evasion Items Clause: Evasion items are banned
|rule|Evasion Moves Clause: Evasion moves are banned
|rule|Evasion Abilities Clause: Evasion abilities are banned
|rule|Sleep Moves Clause: Sleep-inducing moves are banned
|clearpoke
|poke|p1|Garganacl, M|
|poke|p1|Zapdos|
|poke|p1|Weezing-Galar, M|
|poke|p1|Alomomola, F|
|poke|p1|Ceruledge, F|
|poke|p1|Rillaboom, F|
|poke|p2|Hitmonlee, M|
|poke|p2|Hitmonchan, M|
|poke|p2|Zoroark, F|
|poke|p2|Heatran, M|
|poke|p2|Skeledirge, F|
|poke|p2|Quaquaval, F|
|teampreview
|inactive|Battle timer is ON: inactive players will automatically lose when time's up. (requested by OdinGX)
|
|t:|1760342670
|teamsize|p1|6
|teamsize|p2|6
|start
|switch|p1a: Zapdos|Zapdos|100/100
|switch|p2a: Hitmonchan|Hitmonchan, M|100/100
|turn|1
|
|t:|1760342679
|switch|p2a: Heatran|Heatran, M|100/100
|-item|p2a: Heatran|Air Balloon
|move|p1a: Zapdos|Thunder Wave|p2a: Heatran
|-status|p2a: Heatran|par
|
|upkeep
|turn|2
|
|t:|1760342689
|move|p1a: Zapdos|Acrobatics|p2a: Heatran
|-resisted|p2a: Heatran
|-damage|p2a: Heatran|80/100 par
|-enditem|p2a: Heatran|Air Balloon
|cant|p2a: Heatran|par
|
|upkeep
|turn|3
|inactive|OdinGX has 120 seconds left.
|
|t:|1760342729
|switch|p1a: Ceruledge|Ceruledge, F|100/100
|move|p2a: Heatran|Stealth Rock|p1a: Ceruledge
|-sidestart|p1: ethanwayneooo|move: Stealth Rock
|
|upkeep
|turn|4
|
|t:|1760342736
|move|p1a: Ceruledge|Swords Dance|p1a: Ceruledge
|-boost|p1a: Ceruledge|atk|2
|cant|p2a: Heatran|par
|
|upkeep
|turn|5
|inactive|OdinGX has 120 seconds left.
|
|t:|1760342751
|switch|p2a: Skeledirge|Skeledirge, F|100/100
|move|p1a: Ceruledge|Close Combat|p2a: Skeledirge
|-immune|p2a: Skeledirge
|
|upkeep
|turn|6
|
|t:|1760342759
|move|p1a: Ceruledge|Poltergeist|p2a: Skeledirge
|-activate|p2a: Skeledirge|move: Poltergeist|Heavy-Duty Boots
|-supereffective|p2a: Skeledirge
|-damage|p2a: Skeledirge|10/100
|-damage|p1a: Ceruledge|91/100|[from] item: Life Orb
|move|p2a: Skeledirge|Hex|p1a: Ceruledge
|-supereffective|p1a: Ceruledge
|-damage|p1a: Ceruledge|39/100
|
|upkeep
|turn|7
|inactive|ethanwayneooo has 120 seconds left.
|
|t:|1760342794
|move|p1a: Ceruledge|Bitter Blade|p2a: Skeledirge
|-resisted|p2a: Skeledirge
|-damage|p2a: Skeledirge|0 fnt
|-heal|p1a: Ceruledge|45/100|[from] drain|[of] p2a: Skeledirge
|faint|p2a: Skeledirge
|-damage|p1a: Ceruledge|36/100|[from] item: Life Orb
|
|upkeep
|
|t:|1760342804
|switch|p2a: Heatran|Heatran, M|100/100
|turn|8
|
|t:|1760342814
|switch|p1a: Alomomola|Alomomola, F|100/100
|-damage|p1a: Alomomola|88/100|[from] Stealth Rock
|move|p2a: Heatran|Knock Off|p1a: Alomomola
|-damage|p1a: Alomomola|56/100
|-damage|p2a: Heatran|84/100|[from] item: Rocky Helmet|[of] p1a: Alomomola
|-enditem|p1a: Alomomola|Rocky Helmet|[from] move: Knock Off|[of] p2a: Heatran
|
|upkeep
|turn|9
|
|t:|1760342825
|switch|p2a: Hitmonchan|Hitmonchan, M|100/100
|move|p1a: Alomomola|Wish|p1a: Alomomola
|
|upkeep
|turn|10
|
|t:|1760342833
|move|p2a: Hitmonchan|Drain Punch|p1a: Alomomola
|-damage|p1a: Alomomola|32/100
|move|p1a: Alomomola|Flip Turn|p2a: Hitmonchan
|-damage|p2a: Hitmonchan|74/100
|
|t:|1760342845
|switch|p1a: Zapdos|Zapdos|100/100|[from] Flip Turn
|-damage|p1a: Zapdos|76/100|[from] Stealth Rock
|
|-heal|p1a: Zapdos|100/100|[from] move: Wish|[wisher] Alomomola
|upkeep
|turn|11
|
|t:|1760342855
|switch|p2a: Heatran|Heatran, M|80/100 par
|move|p1a: Zapdos|Thunder Wave|p2a: Heatran
|-fail|p2a: Heatran|par
|
|upkeep
|turn|12
|-message|ethanwayneooo forfeited.
|
|win|OdinGX
|raw|ethanwayneooo's rating: 1113 &rarr; <strong>1087</strong><br />(-26 for losing)
|raw|OdinGX's rating: 1102 &rarr; <strong>1128</strong><br />(+26 for winning)
|l|☆ethanwayneooo
|player|p1|
|l|☆OdinGX
|player|p2|
