|j|☆skypiaisland
|j|☆wrinkledmonke
|t:|1760405991
|gametype|singles
|player|p1|skypiaisland|101|1547
|player|p2|wrinkledmonke|psychic-gen4|1530
|gen|9
|tier|[Gen 9] OU
|rated|
|rule|HP Percentage Mod: HP is shown in percentages
|rule|Endless Battle Clause: Forcing endless battles is banned
|rule|Species Clause: Limit one of each Pokémon
|rule|OHKO Clause: OHKO moves are banned
|rule|Evasion Items Clause: Evasion items are banned
|rule|Evasion Moves Clause: Evasion moves are banned
|rule|Evasion Abilities Clause: Evasion abilities are banned
|rule|Sleep Moves Clause: Sleep-inducing moves are banned
|clearpoke
|poke|p1|Samurott-Hisui, F|
|poke|p1|Deoxys-Speed|
|poke|p1|Indeedee, M|
|poke|p1|Polteageist-Antique|
|poke|p1|Hatterene, F|
|poke|p1|Iron Treads|
|poke|p2|Ogerpon, F|
|poke|p2|Cinderace, F|
|poke|p2|Kyurem|
|poke|p2|Slowking, M|
|poke|p2|Gliscor, F|
|poke|p2|Darkrai|
|teampreview
|inactive|Battle timer is ON: inactive players will automatically lose when time's up. (requested by wrinkledmonke)
|
|t:|1760406005
|teamsize|p1|6
|teamsize|p2|6
|start
|switch|p1a: Samurott|Samurott-Hisui, F|100/100
|switch|p2a: Darkrai|Darkrai|100/100
|turn|1
|
|t:|1760406009
|move|p1a: Samurott|Ceaseless Edge|p2a: Darkrai
|-resisted|p2a: Darkrai
|-damage|p2a: Darkrai|65/100
|-sidestart|p2: wrinkledmonke|Spikes
|move|p2a: Darkrai|Focus Blast|p1a: Samurott|[miss]
|-miss|p2a: Darkrai|p1a: Samurott
|
|upkeep
|turn|2
|
|t:|1760406018
|switch|p1a: Polteageist|Polteageist-Antique|100/100
|move|p2a: Darkrai|Focus Blast|p1a: Polteageist
|-immune|p1a: Polteageist
|
|upkeep
|turn|3
|
|t:|1760406029
|switch|p1a: Samurott|Samurott-Hisui, F|100/100
|move|p2a: Darkrai|Dark Pulse|p1a: Samurott
|-resisted|p1a: Samurott
|-damage|p1a: Samurott|65/100
|
|upkeep
|turn|4
|
|t:|1760406033
|move|p1a: Samurott|Aqua Cutter|p2a: Darkrai
|-damage|p2a: Darkrai|0 fnt
|faint|p2a: Darkrai
|
|upkeep
|
|t:|1760406040
|switch|p2a: Ogerpon|Ogerpon, F|100/100
|-damage|p2a: Ogerpon|88/100|[from] Spikes
|turn|5
|
|t:|1760406047
|switch|p1a: Hatterene|Hatterene, F|100/100
|-terastallize|p2a: Ogerpon|Grass
|detailschange|p2a: Ogerpon|Ogerpon-Teal-Tera, F, tera:Grass
|-ability|p2a: Ogerpon|Embody Aspect (Teal)|boost
|-boost|p2a: Ogerpon|spe|1
|move|p2a: Ogerpon|Ivy Cudgel|p1a: Hatterene
|-damage|p1a: Hatterene|13/100
|
|upkeep
|turn|6
|
|t:|1760406052
|move|p2a: Ogerpon|Ivy Cudgel|p1a: Hatterene
|-crit|p1a: Hatterene
|-damage|p1a: Hatterene|0 fnt
|faint|p1a: Hatterene
|
|upkeep
|
|t:|1760406072
|switch|p1a: Iron Treads|Iron Treads|100/100
|turn|7
|
|t:|1760406095
|move|p2a: Ogerpon|Ivy Cudgel|p1a: Iron Treads
|-crit|p1a: Iron Treads
|-damage|p1a: Iron Treads|0 fnt
|faint|p1a: Iron Treads
|-end|p1a: Iron Treads|Quark Drive|[silent]
|
|upkeep
|
|t:|1760406100
|switch|p1a: Indeedee|Indeedee, M|100/100
|-fieldstart|move: Psychic Terrain|[from] ability: Psychic Surge|[of] p1a: Indeedee
|turn|8
|
|t:|1760406112
|switch|p2a: Slowking|Slowking, M|100/100
|move|p1a: Indeedee|Expanding Force|p2a: Slowking
|-resisted|p2a: Slowking
|-damage|p2a: Slowking|81/100
|
|upkeep
|turn|9
|
|t:|1760406118
|switch|p1a: Samurott|Samurott-Hisui, F|65/100
|move|p2a: Slowking|Thunder Wave|p1a: Samurott
|-status|p1a: Samurott|par
|
|upkeep
|turn|10
|
|t:|1760406128
|switch|p2a: Gliscor|Gliscor, F|100/100
|cant|p1a: Samurott|par
|
|-status|p2a: Gliscor|tox|[from] item: Toxic Orb
|upkeep
|turn|11
|
|t:|1760406135
|move|p2a: Gliscor|Protect|p2a: Gliscor
|-singleturn|p2a: Gliscor|Protect
|move|p1a: Samurott|Ceaseless Edge|p2a: Gliscor
|-activate|p2a: Gliscor|move: Protect
|
|upkeep
|turn|12
|
|t:|1760406140
|move|p2a: Gliscor|Earthquake|p1a: Samurott
|-damage|p1a: Samurott|18/100 par
|move|p1a: Samurott|Ceaseless Edge|p2a: Gliscor
|-damage|p2a: Gliscor|67/100 tox
|-sidestart|p2: wrinkledmonke|Spikes
|
|-heal|p2a: Gliscor|80/100 tox|[from] ability: Poison Heal
|upkeep
|turn|13
|
|t:|1760406143
|move|p2a: Gliscor|Earthquake|p1a: Samurott
|-damage|p1a: Samurott|0 fnt
|faint|p1a: Samurott
|
|-heal|p2a: Gliscor|92/100 tox|[from] ability: Poison Heal
|upkeep
|
|t:|1760406144
|switch|p1a: Deoxys|Deoxys-Speed|100/100
|-ability|p1a: Deoxys|Pressure
|turn|14
|
|t:|1760406151
|move|p2a: Gliscor|Protect|p2a: Gliscor
|-singleturn|p2a: Gliscor|Protect
|move|p1a: Deoxys|Nasty Plot|p1a: Deoxys
|-boost|p1a: Deoxys|spa|2
|
|-heal|p2a: Gliscor|100/100 tox|[from] ability: Poison Heal
|upkeep
|turn|15
|
|t:|1760406155
|move|p1a: Deoxys|Expanding Force|p2a: Gliscor
|-damage|p2a: Gliscor|0 fnt
|faint|p2a: Gliscor
|
|-fieldend|move: Psychic Terrain
|upkeep
|
|t:|1760406159
|switch|p2a: Ogerpon|Ogerpon-Teal-Tera, F, tera:Grass|88/100
|-damage|p2a: Ogerpon|72/100|[from] Spikes
|-ability|p2a: Ogerpon|Embody Aspect (Teal)|boost
|-boost|p2a: Ogerpon|spe|1
|turn|16
|
|t:|1760406161
|switch|p1a: Indeedee|Indeedee, M|100/100
|-fieldstart|move: Psychic Terrain|[from] ability: Psychic Surge|[of] p1a: Indeedee
|move|p2a: Ogerpon|Ivy Cudgel|p1a: Indeedee
|-damage|p1a: Indeedee|0 fnt
|faint|p1a: Indeedee
|
|upkeep
|
|t:|1760406163
|switch|p1a: Polteageist|Polteageist-Antique|100/100
|turn|17
|
|t:|1760406168
|move|p2a: Ogerpon|Ivy Cudgel|p1a: Polteageist
|-crit|p1a: Polteageist
|-enditem|p1a: Polteageist|Focus Sash
|-damage|p1a: Polteageist|1/100
|-ability|p1a: Polteageist|Weak Armor|boost
|-unboost|p1a: Polteageist|def|1
|-boost|p1a: Polteageist|spe|2
|move|p1a: Polteageist|Shell Smash|p1a: Polteageist
|-unboost|p1a: Polteageist|def|1
|-unboost|p1a: Polteageist|spd|1
|-boost|p1a: Polteageist|atk|2
|-boost|p1a: Polteageist|spa|2
|-boost|p1a: Polteageist|spe|2
|
|upkeep
|turn|18
|
|t:|1760406172
|move|p1a: Polteageist|Stored Power|p2a: Ogerpon
|-damage|p2a: Ogerpon|0 fnt
|faint|p2a: Ogerpon
|detailschange|p2: Ogerpon|Ogerpon, F|[silent]
|
|upkeep
|
|t:|1760406176
|switch|p2a: Slowking|Slowking, M|100/100
|turn|19
|
|t:|1760406180
|move|p1a: Polteageist|Shadow Ball|p2a: Slowking
|-supereffective|p2a: Slowking
|-damage|p2a: Slowking|0 fnt
|faint|p2a: Slowking
|
|upkeep
|
|t:|1760406186
|switch|p2a: Cinderace|Cinderace, F|100/100
|turn|20
|
|t:|1760406189
|move|p1a: Polteageist|Stored Power|p2a: Cinderace
|-damage|p2a: Cinderace|0 fnt
|faint|p2a: Cinderace
|
|upkeep
|
|t:|1760406191
|switch|p2a: Kyurem|Kyurem|100/100
|-damage|p2a: Kyurem|84/100|[from] Spikes
|-ability|p2a: Kyurem|Pressure
|turn|21
|
|t:|1760406194
|move|p1a: Polteageist|Stored Power|p2a: Kyurem
|-damage|p2a: Kyurem|0 fnt
|faint|p2a: Kyurem
|
|win|skypiaisland
|raw|skypiaisland's rating: 1547 &rarr; <strong>1566</strong><br />(+19 for winning)
|raw|wrinkledmonke's rating: 1530 &rarr; <strong>1511</strong><br />(-19 for losing)
|l|☆wrinkledmonke
|player|p2|
|l|☆skypiaisland
|player|p1|
