|j|☆henry151th
|j|☆Hummusgrubbus
|t:|1760343242
|gametype|singles
|player|p1|henry151th|wallace|1653
|player|p2|Hummusgrubbus|170|1599
|gen|9
|tier|[Gen 9] OU
|rated|
|rule|HP Percentage Mod: HP is shown in percentages
|rule|Endless Battle Clause: Forcing endless battles is banned
|rule|Species Clause: Limit one of each Pokémon
|rule|OHKO Clause: OHKO moves are banned
|rule|Evasion Items Clause: Evasion items are banned
|rule|Evasion Moves Clause: Evasion moves are banned
|rule|Evasion Abilities Clause: Evasion abilities are banned
|rule|Sleep Moves Clause: Sleep-inducing moves are banned
|clearpoke
|poke|p1|Dragapult, M|
|poke|p1|Excadrill, M|
|poke|p1|Tyranitar, M|
|poke|p1|Slowking-Galar, M|
|poke|p1|Rotom-Wash|
|poke|p1|Iron Valiant|
|poke|p2|Blaziken, M|
|poke|p2|Great Tusk|
|poke|p2|Dragonite, M|
|poke|p2|Slowking-Galar, F|
|poke|p2|Kyurem|
|poke|p2|Weezing-Galar, F|
|teampreview
|
|t:|1760343260
|teamsize|p1|6
|teamsize|p2|6
|start
|switch|p1a: Phantom|Rotom-Wash, shiny|100/100
|switch|p2a: Great Tusk|Great Tusk|100/100
|turn|1
|
|t:|1760343265
|-end|p2a: Great Tusk|Protosynthesis|[silent]
|switch|p2a: Slowking|Slowking-Galar, F|100/100
|move|p1a: Phantom|Trick|p2a: Slowking
|-activate|p1a: Phantom|move: Trick|[of] p2a: Slowking
|-item|p2a: Slowking|Choice Scarf|[from] move: Trick
|-item|p1a: Phantom|Leftovers|[from] move: Trick
|
|upkeep
|turn|2
|
|t:|1760343272
|move|p1a: Phantom|Volt Switch|p2a: Slowking
|-damage|p2a: Slowking|82/100
|
|t:|1760343274
|switch|p1a: Impaler|Excadrill, M, shiny|100/100|[from] Volt Switch
|-prepare|p2a: Slowking|Chilly Reception|[premajor]
|move|p2a: Slowking|Chilly Reception|p2a: Slowking
|-weather|Snowscape
|
|t:|1760343278
|switch|p2a: Blaziken|Blaziken, M|100/100|[from] Chilly Reception
|
|-weather|Snowscape|[upkeep]
|upkeep
|turn|3
|
|t:|1760343281
|move|p2a: Blaziken|Protect|p2a: Blaziken
|-singleturn|p2a: Blaziken|Protect
|move|p1a: Impaler|Earthquake|p2a: Blaziken
|-activate|p2a: Blaziken|move: Protect
|
|-weather|Snowscape|[upkeep]
|-ability|p2a: Blaziken|Speed Boost|boost
|-boost|p2a: Blaziken|spe|1
|upkeep
|turn|4
|
|t:|1760343286
|switch|p1a: Mantra|Slowking-Galar, M, shiny|100/100
|move|p2a: Blaziken|Flare Blitz|p1a: Mantra
|-damage|p1a: Mantra|41/100
|-status|p1a: Mantra|brn
|-damage|p2a: Blaziken|75/100|[from] Recoil
|-damage|p2a: Blaziken|65/100|[from] item: Life Orb
|
|-weather|Snowscape|[upkeep]
|-damage|p1a: Mantra|35/100 brn|[from] brn
|-ability|p2a: Blaziken|Speed Boost|boost
|-boost|p2a: Blaziken|spe|1
|upkeep
|turn|5
|j| 54 insane rats
|
|t:|1760343295
|move|p2a: Blaziken|Flare Blitz|p1a: Mantra
|-damage|p1a: Mantra|0 fnt
|faint|p1a: Mantra
|-damage|p2a: Blaziken|50/100|[from] Recoil
|-damage|p2a: Blaziken|40/100|[from] item: Life Orb
|
|-weather|Snowscape|[upkeep]
|-ability|p2a: Blaziken|Speed Boost|boost
|-boost|p2a: Blaziken|spe|1
|upkeep
|
|t:|1760343298
|switch|p1a: Sahara|Iron Valiant, shiny|100/100
|turn|6
|
|t:|1760343308
|move|p1a: Sahara|Vacuum Wave|p2a: Blaziken
|-damage|p2a: Blaziken|0 fnt
|faint|p2a: Blaziken
|
|-weather|none
|upkeep
|
|t:|1760343313
|switch|p2a: Slowking|Slowking-Galar, F|100/100
|turn|7
|
|t:|1760343317
|-end|p1a: Sahara|Quark Drive|[silent]
|switch|p1a: Impaler|Excadrill, M, shiny|100/100
|-prepare|p2a: Slowking|Chilly Reception|[premajor]
|move|p2a: Slowking|Chilly Reception|p2a: Slowking
|-weather|Snowscape
|
|t:|1760343320
|switch|p2a: Dragonite|Dragonite, M|100/100|[from] Chilly Reception
|
|-weather|Snowscape|[upkeep]
|upkeep
|turn|8
|
|t:|1760343323
|switch|p1a: Rex|Tyranitar, M, shiny|100/100
|-weather|Sandstorm|[from] ability: Sand Stream|[of] p1a: Rex
|move|p2a: Dragonite|Extreme Speed|p1a: Rex
|-resisted|p1a: Rex
|-damage|p1a: Rex|87/100
|
|-weather|Sandstorm|[upkeep]
|-damage|p2a: Dragonite|94/100|[from] Sandstorm
|upkeep
|turn|9
|
|t:|1760343330
|move|p2a: Dragonite|Earthquake|p1a: Rex
|-supereffective|p1a: Rex
|-damage|p1a: Rex|16/100
|move|p1a: Rex|Ice Punch|p2a: Dragonite
|-supereffective|p2a: Dragonite
|-damage|p2a: Dragonite|0 fnt
|faint|p2a: Dragonite
|
|-weather|Sandstorm|[upkeep]
|upkeep
|
|t:|1760343337
|switch|p2a: Kyurem|Kyurem|100/100
|-ability|p2a: Kyurem|Pressure
|turn|10
|
|t:|1760343341
|move|p2a: Kyurem|Freeze-Dry|p1a: Rex
|-damage|p1a: Rex|0 fnt
|faint|p1a: Rex
|
|-weather|Sandstorm|[upkeep]
|-damage|p2a: Kyurem|94/100|[from] Sandstorm
|upkeep
|
|t:|1760343346
|switch|p1a: Sahara|Iron Valiant, shiny|100/100
|turn|11
|
|t:|1760343350
|switch|p2a: Slowking|Slowking-Galar, F|100/100
|-end|p1a: Sahara|Quark Drive|[silent]
|switch|p1a: Impaler|Excadrill, M, shiny|100/100
|
|-weather|Sandstorm|[upkeep]
|-damage|p2a: Slowking|94/100|[from] Sandstorm
|upkeep
|turn|12
|
|t:|1760343356
|switch|p2a: Great Tusk|Great Tusk|100/100
|-terastallize|p1a: Impaler|Steel
|move|p1a: Impaler|Iron Head|p2a: Great Tusk
|-damage|p2a: Great Tusk|70/100
|
|-weather|Sandstorm|[upkeep]
|-heal|p2a: Great Tusk|76/100|[from] item: Leftovers
|upkeep
|turn|13
|
|t:|1760343365
|move|p1a: Impaler|Iron Head|p2a: Great Tusk
|-damage|p2a: Great Tusk|44/100
|move|p2a: Great Tusk|Knock Off|p1a: Impaler
|-damage|p1a: Impaler|63/100
|-enditem|p1a: Impaler|Leftovers|[from] move: Knock Off|[of] p2a: Great Tusk
|
|-weather|Sandstorm|[upkeep]
|-heal|p2a: Great Tusk|50/100|[from] item: Leftovers
|upkeep
|turn|14
|
|t:|1760343369
|switch|p1a: Phantom|Rotom-Wash, shiny|100/100
|move|p2a: Great Tusk|Body Press|p1a: Phantom
|-damage|p1a: Phantom|40/100
|
|-weather|Sandstorm|[upkeep]
|-damage|p1a: Phantom|34/100|[from] Sandstorm
|-heal|p1a: Phantom|40/100|[from] item: Leftovers
|-heal|p2a: Great Tusk|56/100|[from] item: Leftovers
|upkeep
|turn|15
|
|t:|1760343373
|-end|p2a: Great Tusk|Protosynthesis|[silent]
|switch|p2a: Slowking|Slowking-Galar, F|100/100
|move|p1a: Phantom|Pain Split|p2a: Slowking
|-sethp|p2a: Slowking|63/100|[from] move: Pain Split|[silent]
|-sethp|p1a: Phantom|100/100|[from] move: Pain Split
|
|-weather|none
|upkeep
|turn|16
|
|t:|1760343406
|move|p1a: Phantom|Hydro Pump|p2a: Slowking
|-damage|p2a: Slowking|31/100
|move|p2a: Slowking|Future Sight|p1a: Phantom
|-start|p2a: Slowking|move: Future Sight
|
|upkeep
|turn|17
|
|t:|1760343412
|switch|p2a: Kyurem|Kyurem|94/100
|-ability|p2a: Kyurem|Pressure
|move|p1a: Phantom|Volt Switch|p2a: Kyurem
|-resisted|p2a: Kyurem
|-damage|p2a: Kyurem|80/100
|
|t:|1760343414
|switch|p1a: Sahara|Iron Valiant, shiny|100/100|[from] Volt Switch
|
|upkeep
|turn|18
|j| Narwhale37
|
|t:|1760343423
|switch|p2a: Slowking|Slowking-Galar, F|64/100
|-end|p1a: Sahara|Quark Drive|[silent]
|switch|p1a: Impaler|Excadrill, M, shiny, tera:Steel|63/100
|
|-end|p1a: Impaler|move: Future Sight
|-resisted|p1a: Impaler
|-damage|p1a: Impaler|32/100
|upkeep
|turn|19
|
|t:|1760343429
|move|p1a: Impaler|Iron Head|p2a: Slowking
|-damage|p2a: Slowking|0 fnt
|faint|p2a: Slowking
|
|upkeep
|
|t:|1760343433
|switch|p2a: Kyurem|Kyurem|80/100
|-ability|p2a: Kyurem|Pressure
|turn|20
|
|t:|1760343437
|switch|p1a: Phantom|Rotom-Wash, shiny|100/100
|move|p2a: Kyurem|Ice Beam|p1a: Phantom
|-resisted|p1a: Phantom
|-damage|p1a: Phantom|64/100
|
|-heal|p1a: Phantom|70/100|[from] item: Leftovers
|upkeep
|turn|21
|
|t:|1760343472
|switch|p2a: Weezing|Weezing-Galar, F|100/100
|-ability|p2a: Weezing|Neutralizing Gas
|move|p1a: Phantom|Volt Switch|p2a: Weezing
|-damage|p2a: Weezing|55/100
|
|t:|1760343475
|switch|p1a: Impaler|Excadrill, M, shiny, tera:Steel|32/100|[from] Volt Switch
|
|-heal|p2a: Weezing|61/100|[from] item: Leftovers
|upkeep
|turn|22
|
|t:|1760343486
|-end|p2a: Weezing|ability: Neutralizing Gas
|switch|p2a: Great Tusk|Great Tusk|56/100
|move|p1a: Impaler|Iron Head|p2a: Great Tusk
|-damage|p2a: Great Tusk|27/100
|
|-heal|p2a: Great Tusk|34/100|[from] item: Leftovers
|upkeep
|turn|23
|
|t:|1760343491
|move|p1a: Impaler|Iron Head|p2a: Great Tusk
|-damage|p2a: Great Tusk|5/100
|cant|p2a: Great Tusk|flinch
|
|-heal|p2a: Great Tusk|11/100|[from] item: Leftovers
|upkeep
|turn|24
|
|t:|1760343496
|move|p1a: Impaler|Iron Head|p2a: Great Tusk
|-damage|p2a: Great Tusk|0 fnt
|faint|p2a: Great Tusk
|-end|p2a: Great Tusk|Protosynthesis|[silent]
|
|upkeep
|
|t:|1760343499
|switch|p2a: Kyurem|Kyurem|80/100
|-ability|p2a: Kyurem|Pressure
|turn|25
|
|t:|1760343502
|move|p2a: Kyurem|Freeze-Dry|p1a: Impaler
|-resisted|p1a: Impaler
|-damage|p1a: Impaler|7/100
|move|p1a: Impaler|Iron Head|p2a: Kyurem
|-supereffective|p2a: Kyurem
|-damage|p2a: Kyurem|0 fnt
|faint|p2a: Kyurem
|
|upkeep
|
|t:|1760343507
|switch|p2a: Weezing|Weezing-Galar, F|61/100
|-ability|p2a: Weezing|Neutralizing Gas
|turn|26
|
|t:|1760343509
|move|p1a: Impaler|Iron Head|p2a: Weezing
|-supereffective|p2a: Weezing
|-damage|p2a: Weezing|0 fnt
|faint|p2a: Weezing
|-end|p2a: Weezing|ability: Neutralizing Gas
|
|win|henry151th
|raw|henry151th's rating: 1653 &rarr; <strong>1670</strong><br />(+17 for winning)
|raw|Hummusgrubbus's rating: 1599 &rarr; <strong>1582</strong><br />(-17 for losing)
|l|☆Hummusgrubbus
|player|p2|
|l| Narwhale37
