|j|☆the ou godfather
|j|☆Overgame00
|t:|1760379868
|gametype|singles
|player|p1|the ou godfather|pokemonranger|1433
|player|p2|Overgame00|baker|1459
|gen|9
|tier|[Gen 9] OU
|rated|
|rule|HP Percentage Mod: HP is shown in percentages
|rule|Endless Battle Clause: Forcing endless battles is banned
|rule|Species Clause: Limit one of each Pokémon
|rule|OHKO Clause: OHKO moves are banned
|rule|Evasion Items Clause: Evasion items are banned
|rule|Evasion Moves Clause: Evasion moves are banned
|rule|Evasion Abilities Clause: Evasion abilities are banned
|rule|Sleep Moves Clause: Sleep-inducing moves are banned
|clearpoke
|poke|p1|Pawniard, F|
|poke|p1|Bisharp, M|
|poke|p1|Kingambit, M|
|poke|p1|Pecharunt|
|poke|p1|Latias, F|
|poke|p1|Gholdengo|
|poke|p2|Revavroom, F|
|poke|p2|Enamorus, F|
|poke|p2|Cinderace, M|
|poke|p2|Ting-Lu|
|poke|p2|Ogerpon-Wellspring, F|
|poke|p2|Raging Bolt|
|teampreview
|c|☆Overgame00|Holy defiant
|c|☆Overgame00|Glhf
|
|t:|1760379901
|teamsize|p1|6
|teamsize|p2|6
|start
|switch|p1a: Pawniard|Pawniard, F|100/100
|switch|p2a: Ting-Lu|Ting-Lu|100/100
|-ability|p2a: Ting-Lu|Vessel of Ruin
|turn|1
|c|☆the ou godfather|familuy gathering
|
|t:|1760379914
|move|p1a: Pawniard|Stealth Rock|p2a: Ting-Lu
|-sidestart|p2: Overgame00|move: Stealth Rock
|move|p2a: Ting-Lu|Whirlwind|p1a: Pawniard
|drag|p1a: Bisharp|Bisharp, M|100/100
|
|upkeep
|turn|2
|
|t:|1760379918
|move|p1a: Bisharp|Low Kick|p2a: Ting-Lu
|-supereffective|p2a: Ting-Lu
|-damage|p2a: Ting-Lu|56/100
|move|p2a: Ting-Lu|Earthquake|p1a: Bisharp
|-supereffective|p1a: Bisharp
|-damage|p1a: Bisharp|53/100
|
|-heal|p2a: Ting-Lu|62/100|[from] item: Leftovers
|upkeep
|turn|3
|
|t:|1760379928
|move|p1a: Bisharp|Swords Dance|p1a: Bisharp
|-boost|p1a: Bisharp|atk|2
|move|p2a: Ting-Lu|Earthquake|p1a: Bisharp
|-supereffective|p1a: Bisharp
|-damage|p1a: Bisharp|4/100
|
|-heal|p2a: Ting-Lu|68/100|[from] item: Leftovers
|upkeep
|turn|4
|
|t:|1760379936
|move|p1a: Bisharp|Iron Head|p2a: Ting-Lu
|-damage|p2a: Ting-Lu|26/100
|move|p2a: Ting-Lu|Whirlwind|p1a: Bisharp
|drag|p1a: Pawniard|Pawniard, F|100/100
|
|-heal|p2a: Ting-Lu|32/100|[from] item: Leftovers
|upkeep
|turn|5
|
|t:|1760379941
|move|p1a: Pawniard|Iron Head|p2a: Ting-Lu
|-damage|p2a: Ting-Lu|17/100
|move|p2a: Ting-Lu|Earthquake|p1a: Pawniard
|-supereffective|p1a: Pawniard
|-enditem|p1a: Pawniard|Focus Sash
|-damage|p1a: Pawniard|1/100
|
|-heal|p2a: Ting-Lu|23/100|[from] item: Leftovers
|upkeep
|turn|6
|
|t:|1760379945
|move|p1a: Pawniard|Iron Head|p2a: Ting-Lu
|-damage|p2a: Ting-Lu|7/100
|move|p2a: Ting-Lu|Whirlwind|p1a: Pawniard
|drag|p1a: Bisharp|Bisharp, M|4/100
|
|-heal|p2a: Ting-Lu|13/100|[from] item: Leftovers
|upkeep
|turn|7
|
|t:|1760379949
|move|p1a: Bisharp|Low Kick|p2a: Ting-Lu
|-supereffective|p2a: Ting-Lu
|-damage|p2a: Ting-Lu|0 fnt
|faint|p2a: Ting-Lu
|
|upkeep
|
|t:|1760379954
|switch|p2a: Cinderace|Cinderace, M|100/100
|turn|8
|
|t:|1760379963
|move|p2a: Cinderace|Sucker Punch||[still]
|-fail|p2a: Cinderace
|move|p1a: Bisharp|Swords Dance|p1a: Bisharp
|-boost|p1a: Bisharp|atk|2
|
|upkeep
|turn|9
|
|t:|1760379966
|move|p2a: Cinderace|Sucker Punch|p1a: Bisharp
|-start|p2a: Cinderace|typechange|Dark|[from] ability: Libero
|-resisted|p1a: Bisharp
|-damage|p1a: Bisharp|0 fnt
|faint|p1a: Bisharp
|
|upkeep
|
|t:|1760379969
|switch|p1a: Latias|Latias, F|100/100
|turn|10
|
|t:|1760379974
|move|p2a: Cinderace|Court Change|p2a: Cinderace
|-swapsideconditions
|-activate|p2a: Cinderace|move: Court Change
|move|p1a: Latias|Agility|p1a: Latias
|-boost|p1a: Latias|spe|2
|
|upkeep
|turn|11
|
|t:|1760379976
|move|p1a: Latias|Calm Mind|p1a: Latias
|-boost|p1a: Latias|spa|1
|-boost|p1a: Latias|spd|1
|move|p2a: Cinderace|U-turn|p1a: Latias
|-supereffective|p1a: Latias
|-damage|p1a: Latias|61/100
|-enditem|p1a: Latias|Weakness Policy
|-boost|p1a: Latias|atk|2|[from] item: Weakness Policy
|-boost|p1a: Latias|spa|2|[from] item: Weakness Policy
|c|☆the ou godfather|gg
|
|t:|1760379993
|switch|p2a: Raging Bolt|Raging Bolt|100/100|[from] U-turn
|-enditem|p2a: Raging Bolt|Booster Energy
|-activate|p2a: Raging Bolt|ability: Protosynthesis|[fromitem]
|-start|p2a: Raging Bolt|protosynthesisspa
|
|upkeep
|turn|12
|
|t:|1760380000
|-terastallize|p1a: Latias|Fairy
|move|p1a: Latias|Draining Kiss|p2a: Raging Bolt
|-supereffective|p2a: Raging Bolt
|-damage|p2a: Raging Bolt|13/100
|-heal|p1a: Latias|100/100|[from] drain|[of] p2a: Raging Bolt
|move|p2a: Raging Bolt|Draco Meteor|p1a: Latias
|-immune|p1a: Latias
|
|upkeep
|turn|13
|
|t:|1760380008
|move|p1a: Latias|Draining Kiss|p2a: Raging Bolt
|-supereffective|p2a: Raging Bolt
|-damage|p2a: Raging Bolt|0 fnt
|faint|p2a: Raging Bolt
|-end|p2a: Raging Bolt|Protosynthesis|[silent]
|
|upkeep
|c|☆Overgame00|Oof
|
|t:|1760380028
|switch|p2a: Revavroom|Revavroom, F|100/100
|turn|14
|
|t:|1760380032
|move|p1a: Latias|Stored Power|p2a: Revavroom
|-damage|p2a: Revavroom|0 fnt
|faint|p2a: Revavroom
|
|upkeep
|c|☆Overgame00|Yep everything dies
|c|☆Overgame00|Gg
|c|☆the ou godfather|gg
|-message|Overgame00 forfeited.
|
|win|the ou godfather
|raw|the ou godfather's rating: 1433 &rarr; <strong>1454</strong><br />(+21 for winning)
|raw|Overgame00's rating: 1459 &rarr; <strong>1438</strong><br />(-21 for losing)
|l|☆the ou godfather
|player|p1|
|l|☆Overgame00
|player|p2|
