|j|☆Super Pecora
|j|☆ILoveAdaWong22
|t:|1760392403
|gametype|singles
|player|p1|Super Pecora|shauntal|1100
|player|p2|ILoveAdaWong22|volkner|1143
|gen|9
|tier|[Gen 9] OU
|rated|
|rule|HP Percentage Mod: HP is shown in percentages
|rule|Endless Battle Clause: Forcing endless battles is banned
|rule|Species Clause: Limit one of each Pokémon
|rule|OHKO Clause: OHKO moves are banned
|rule|Evasion Items Clause: Evasion items are banned
|rule|Evasion Moves Clause: Evasion moves are banned
|rule|Evasion Abilities Clause: Evasion abilities are banned
|rule|Sleep Moves Clause: Sleep-inducing moves are banned
|clearpoke
|poke|p1|Pecharunt|
|poke|p1|Alomomola, F|
|poke|p1|Shaymin|
|poke|p1|Hydreigon, F|
|poke|p1|Ditto|
|poke|p1|Scizor, M|
|poke|p2|Mismagius, F|
|poke|p2|Regigigas|
|poke|p2|Iron Valiant|
|poke|p2|Iron Boulder|
|poke|p2|Weezing-Galar, M|
|poke|p2|Dusclops, M|
|teampreview
|inactive|Battle timer is ON: inactive players will automatically lose when time's up. (requested by ILoveAdaWong22)
|
|t:|1760392412
|teamsize|p1|6
|teamsize|p2|6
|start
|switch|p1a: Hydreigon|Hydreigon, F, shiny|100/100
|switch|p2a: Weezing|Weezing-Galar, M|100/100
|turn|1
|
|t:|1760392423
|-terastallize|p1a: Hydreigon|Fairy
|move|p1a: Hydreigon|Substitute|p1a: Hydreigon
|-start|p1a: Hydreigon|Substitute
|-damage|p1a: Hydreigon|76/100
|move|p2a: Weezing|Toxic||[still]
|-fail|p2a: Weezing
|
|-heal|p1a: Hydreigon|82/100|[from] item: Leftovers
|upkeep
|turn|2
|
|t:|1760392432
|move|p1a: Hydreigon|Nasty Plot|p1a: Hydreigon
|-boost|p1a: Hydreigon|spa|2
|move|p2a: Weezing|Gunk Shot|p1a: Hydreigon
|-supereffective|p1a: Hydreigon
|-end|p1a: Hydreigon|Substitute
|
|-heal|p1a: Hydreigon|88/100|[from] item: Leftovers
|upkeep
|turn|3
|
|t:|1760392440
|move|p1a: Hydreigon|Flash Cannon|p2a: Weezing
|-supereffective|p2a: Weezing
|-damage|p2a: Weezing|0 fnt
|faint|p2a: Weezing
|
|-heal|p1a: Hydreigon|94/100|[from] item: Leftovers
|upkeep
|
|t:|1760392451
|switch|p2a: Iron Valiant|Iron Valiant|100/100
|turn|4
|
|t:|1760392458
|move|p2a: Iron Valiant|Poison Jab|p1a: Hydreigon
|-supereffective|p1a: Hydreigon
|-damage|p1a: Hydreigon|19/100
|-damage|p2a: Iron Valiant|91/100|[from] item: Life Orb
|move|p1a: Hydreigon|Flash Cannon|p2a: Iron Valiant
|-supereffective|p2a: Iron Valiant
|-damage|p2a: Iron Valiant|0 fnt
|faint|p2a: Iron Valiant
|-end|p2a: Iron Valiant|Quark Drive|[silent]
|
|-heal|p1a: Hydreigon|25/100|[from] item: Leftovers
|upkeep
|
|t:|1760392463
|switch|p2a: Dusclops|Dusclops, M, shiny|100/100
|-ability|p2a: Dusclops|Pressure
|turn|5
|
|t:|1760392481
|switch|p1a: Alomomola|Alomomola, F, shiny|100/100
|move|p2a: Dusclops|Night Shade|p1a: Alomomola
|-damage|p1a: Alomomola|82/100
|
|upkeep
|turn|6
|
|t:|1760392488
|move|p1a: Alomomola|Scald|p2a: Dusclops
|-damage|p2a: Dusclops|93/100
|move|p2a: Dusclops|Night Shade|p1a: Alomomola
|-damage|p1a: Alomomola|63/100
|
|upkeep
|turn|7
|
|t:|1760392495
|move|p2a: Dusclops|Protect|p2a: Dusclops
|-singleturn|p2a: Dusclops|Protect
|move|p1a: Alomomola|Scald|p2a: Dusclops
|-activate|p2a: Dusclops|move: Protect
|
|upkeep
|turn|8
|
|t:|1760392507
|move|p1a: Alomomola|Wish|p1a: Alomomola
|move|p2a: Dusclops|Thief|p1a: Alomomola
|-crit|p1a: Alomomola
|-damage|p1a: Alomomola|53/100
|
|upkeep
|turn|9
|
|t:|1760392521
|move|p1a: Alomomola|Flip Turn|p2a: Dusclops
|-damage|p2a: Dusclops|84/100
|
|t:|1760392526
|switch|p1a: Hydreigon|Hydreigon, F, shiny, tera:Fairy|25/100|[from] Flip Turn
|move|p2a: Dusclops|Night Shade|p1a: Hydreigon
|-damage|p1a: Hydreigon|0 fnt
|faint|p1a: Hydreigon
|
|upkeep
|
|t:|1760392536
|switch|p1a: Pecharunt|Pecharunt|100/100
|turn|10
|
|t:|1760392548
|move|p1a: Pecharunt|Foul Play|p2a: Dusclops
|-supereffective|p2a: Dusclops
|-damage|p2a: Dusclops|61/100
|move|p2a: Dusclops|Thief|p1a: Pecharunt
|-supereffective|p1a: Pecharunt
|-damage|p1a: Pecharunt|90/100
|
|upkeep
|turn|11
|
|t:|1760392559
|move|p2a: Dusclops|Protect|p2a: Dusclops
|-singleturn|p2a: Dusclops|Protect
|move|p1a: Pecharunt|Malignant Chain|p2a: Dusclops
|-activate|p2a: Dusclops|move: Protect
|
|upkeep
|turn|12
|
|t:|1760392567
|switch|p2a: Iron Boulder|Iron Boulder|100/100
|-enditem|p2a: Iron Boulder|Booster Energy
|-activate|p2a: Iron Boulder|ability: Quark Drive|[fromitem]
|-start|p2a: Iron Boulder|quarkdrivespe
|move|p1a: Pecharunt|Malignant Chain|p2a: Iron Boulder
|-resisted|p2a: Iron Boulder
|-damage|p2a: Iron Boulder|86/100
|-status|p2a: Iron Boulder|tox
|-start|p2a: Iron Boulder|confusion|[from] ability: Poison Puppeteer|[of] p1a: Pecharunt
|
|-damage|p2a: Iron Boulder|79/100 tox|[from] psn
|upkeep
|turn|13
|
|t:|1760392580
|-activate|p2a: Iron Boulder|confusion
|-damage|p2a: Iron Boulder|63/100 tox|[from] confusion
|move|p1a: Pecharunt|Foul Play|p2a: Iron Boulder
|-supereffective|p2a: Iron Boulder
|-damage|p2a: Iron Boulder|0 fnt
|faint|p2a: Iron Boulder
|-end|p2a: Iron Boulder|Quark Drive|[silent]
|
|upkeep
|
|t:|1760392583
|switch|p2a: Mismagius|Mismagius, F|100/100
|turn|14
|
|t:|1760392597
|move|p2a: Mismagius|Thunder Wave|p1a: Pecharunt
|-status|p1a: Pecharunt|par
|move|p1a: Pecharunt|Foul Play|p2a: Mismagius
|-supereffective|p2a: Mismagius
|-damage|p2a: Mismagius|68/100
|
|-heal|p2a: Mismagius|74/100|[from] item: Leftovers
|upkeep
|turn|15
|
|t:|1760392606
|move|p2a: Mismagius|Calm Mind|p2a: Mismagius
|-boost|p2a: Mismagius|spa|1
|-boost|p2a: Mismagius|spd|1
|move|p1a: Pecharunt|Malignant Chain|p2a: Mismagius
|-resisted|p2a: Mismagius
|-damage|p2a: Mismagius|66/100
|
|-heal|p2a: Mismagius|72/100|[from] item: Leftovers
|upkeep
|turn|16
|
|t:|1760392618
|move|p2a: Mismagius|Hex|p1a: Pecharunt
|-supereffective|p1a: Pecharunt
|-damage|p1a: Pecharunt|0 fnt
|faint|p1a: Pecharunt
|
|-heal|p2a: Mismagius|78/100|[from] item: Leftovers
|upkeep
|
|t:|1760392625
|switch|p1a: Ditto|Ditto, shiny|100/100
|-transform|p1a: Ditto|p2a: Mismagius|[from] ability: Imposter
|turn|17
|
|t:|1760392638
|move|p1a: Ditto|Hex|p2a: Mismagius
|-supereffective|p2a: Mismagius
|-damage|p2a: Mismagius|25/100
|move|p2a: Mismagius|Thunder Wave|p1a: Ditto
|-status|p1a: Ditto|par
|
|-heal|p2a: Mismagius|31/100|[from] item: Leftovers
|upkeep
|turn|18
|
|t:|1760392646
|move|p2a: Mismagius|Hex|p1a: Ditto
|-supereffective|p1a: Ditto
|-damage|p1a: Ditto|6/100 par
|move|p1a: Ditto|Hex|p2a: Mismagius
|-supereffective|p2a: Mismagius
|-damage|p2a: Mismagius|0 fnt
|faint|p2a: Mismagius
|
|upkeep
|
|t:|1760392652
|switch|p2a: Regigigas|Regigigas, shiny|100/100
|-start|p2a: Regigigas|ability: Slow Start
|turn|19
|
|t:|1760392665
|switch|p1a: Scizor|Scizor, M|100/100
|move|p2a: Regigigas|Protect||[still]
|-fail|p2a: Regigigas
|
|upkeep
|turn|20
|
|t:|1760392672
|move|p1a: Scizor|Knock Off|p2a: Regigigas
|-damage|p2a: Regigigas|64/100
|-enditem|p2a: Regigigas|Chesto Berry|[from] move: Knock Off|[of] p1a: Scizor
|move|p2a: Regigigas|Body Slam|p1a: Scizor
|-resisted|p1a: Scizor
|-damage|p1a: Scizor|84/100
|
|upkeep
|turn|21
|
|t:|1760392681
|switch|p1a: Shaymin|Shaymin, shiny|100/100
|move|p2a: Regigigas|Knock Off|p1a: Shaymin
|-damage|p1a: Shaymin|81/100
|-enditem|p1a: Shaymin|Leftovers|[from] move: Knock Off|[of] p2a: Regigigas
|
|upkeep
|turn|22
|
|t:|1760392688
|switch|p2a: Dusclops|Dusclops, M, shiny|61/100
|-ability|p2a: Dusclops|Pressure
|move|p1a: Shaymin|Leech Seed|p2a: Dusclops
|-start|p2a: Dusclops|move: Leech Seed
|
|-damage|p2a: Dusclops|49/100|[from] Leech Seed|[of] p1a: Shaymin
|-heal|p1a: Shaymin|91/100|[silent]
|upkeep
|turn|23
|
|t:|1760392697
|move|p1a: Shaymin|Substitute|p1a: Shaymin
|-start|p1a: Shaymin|Substitute
|-damage|p1a: Shaymin|66/100
|move|p2a: Dusclops|Curse|p1a: Shaymin
|-start|p1a: Shaymin|Curse|[of] p2a: Dusclops
|-damage|p2a: Dusclops|0 fnt
|faint|p2a: Dusclops
|
|-damage|p1a: Shaymin|41/100|[from] Curse
|upkeep
|
|t:|1760392702
|switch|p2a: Regigigas|Regigigas, shiny|64/100
|-start|p2a: Regigigas|ability: Slow Start
|turn|24
|
|t:|1760392708
|move|p2a: Regigigas|Protect|p2a: Regigigas
|-singleturn|p2a: Regigigas|Protect
|move|p1a: Shaymin|Leech Seed|p2a: Regigigas
|-activate|p2a: Regigigas|move: Protect
|
|-damage|p1a: Shaymin|16/100|[from] Curse
|upkeep
|turn|25
|
|t:|1760392716
|move|p2a: Regigigas|Protect||[still]
|-fail|p2a: Regigigas
|move|p1a: Shaymin|Leech Seed|p2a: Regigigas
|-start|p2a: Regigigas|move: Leech Seed
|
|-damage|p2a: Regigigas|52/100|[from] Leech Seed|[of] p1a: Shaymin
|-heal|p1a: Shaymin|28/100|[silent]
|-damage|p1a: Shaymin|3/100|[from] Curse
|upkeep
|turn|26
|
|t:|1760392728
|switch|p1a: Scizor|Scizor, M|84/100
|move|p2a: Regigigas|Rest|p2a: Regigigas
|-status|p2a: Regigigas|slp|[from] move: Rest
|-heal|p2a: Regigigas|100/100 slp|[silent]
|
|-damage|p2a: Regigigas|88/100 slp|[from] Leech Seed|[of] p1a: Scizor
|-heal|p1a: Scizor|99/100|[silent]
|upkeep
|turn|27
|
|t:|1760392736
|-terastallize|p2a: Regigigas|Normal
|move|p1a: Scizor|Close Combat|p2a: Regigigas
|-supereffective|p2a: Regigigas
|-damage|p2a: Regigigas|0 fnt
|-unboost|p1a: Scizor|def|1
|-unboost|p1a: Scizor|spd|1
|faint|p2a: Regigigas
|
|win|Super Pecora
|raw|Super Pecora's rating: 1100 &rarr; <strong>1128</strong><br />(+28 for winning)
|raw|ILoveAdaWong22's rating: 1143 &rarr; <strong>1115</strong><br />(-28 for losing)
|l|☆ILoveAdaWong22
|player|p2|
|l|☆Super Pecora
|player|p1|
