|j|☆Chris6497
|j|☆Bobthenoivern
|t:|1760377463
|gametype|singles
|player|p1|Chris6497|koga|1403
|player|p2|Bobthenoivern|pokemaniac|1382
|gen|9
|tier|[Gen 9] OU
|rated|
|rule|HP Percentage Mod: HP is shown in percentages
|rule|Endless Battle Clause: Forcing endless battles is banned
|rule|Species Clause: Limit one of each Pokémon
|rule|OHKO Clause: OHKO moves are banned
|rule|Evasion Items Clause: Evasion items are banned
|rule|Evasion Moves Clause: Evasion moves are banned
|rule|Evasion Abilities Clause: Evasion abilities are banned
|rule|Sleep Moves Clause: Sleep-inducing moves are banned
|clearpoke
|poke|p1|Ogerpon-Wellspring, F|
|poke|p1|Gholdengo|
|poke|p1|Moltres|
|poke|p1|Dragonite, M|
|poke|p1|Great Tusk|
|poke|p1|Slowking-Galar, M|
|poke|p2|Hydrapple, F|
|poke|p2|Slowking-Galar, F|
|poke|p2|Samurott-Hisui, M|
|poke|p2|Gholdengo|
|poke|p2|Great Tusk|
|poke|p2|Dragapult, F|
|teampreview
|inactive|Battle timer is ON: inactive players will automatically lose when time's up. (requested by Chris6497)
|
|t:|1760377474
|teamsize|p1|6
|teamsize|p2|6
|start
|switch|p1a: Dragonite|Dragonite, M|100/100
|switch|p2a: Hydrapple|Hydrapple, F, shiny|100/100
|turn|1
|
|t:|1760377477
|move|p1a: Dragonite|Dragon Dance|p1a: Dragonite
|-boost|p1a: Dragonite|atk|1
|-boost|p1a: Dragonite|spe|1
|move|p2a: Hydrapple|Fickle Beam|p1a: Dragonite
|-supereffective|p1a: Dragonite
|-damage|p1a: Dragonite|52/100
|
|upkeep
|turn|2
|
|t:|1760377487
|move|p1a: Dragonite|Scale Shot|p2a: Hydrapple
|-supereffective|p2a: Hydrapple
|-damage|p2a: Hydrapple|65/100
|-supereffective|p2a: Hydrapple
|-damage|p2a: Hydrapple|33/100
|-supereffective|p2a: Hydrapple
|-damage|p2a: Hydrapple|0 fnt
|faint|p2a: Hydrapple
|-hitcount|p2: Hydrapple|3
|-unboost|p1a: Dragonite|def|1
|-boost|p1a: Dragonite|spe|1
|
|upkeep
|
|t:|1760377500
|switch|p2a: Great Tusk|Great Tusk|100/100
|turn|3
|
|t:|1760377511
|switch|p1a: Great Tusk|Great Tusk|100/100
|move|p2a: Great Tusk|Knock Off|p1a: Great Tusk
|-resisted|p1a: Great Tusk
|-damage|p1a: Great Tusk|90/100
|-enditem|p1a: Great Tusk|Heavy-Duty Boots|[from] move: Knock Off|[of] p2a: Great Tusk
|
|upkeep
|turn|4
|
|t:|1760377518
|move|p1a: Great Tusk|Stealth Rock|p2a: Great Tusk
|-sidestart|p2: Bobthenoivern|move: Stealth Rock
|move|p2a: Great Tusk|Rapid Spin|p1a: Great Tusk
|-damage|p1a: Great Tusk|79/100
|-boost|p2a: Great Tusk|spe|1
|-sideend|p2: Bobthenoivern|Stealth Rock|[from] move: Rapid Spin|[of] p2a: Great Tusk
|
|upkeep
|turn|5
|
|t:|1760377525
|move|p2a: Great Tusk|Earthquake|p1a: Great Tusk
|-crit|p1a: Great Tusk
|-damage|p1a: Great Tusk|30/100
|move|p1a: Great Tusk|Close Combat|p2a: Great Tusk
|-damage|p2a: Great Tusk|59/100
|-unboost|p1a: Great Tusk|def|1
|-unboost|p1a: Great Tusk|spd|1
|
|-heal|p2a: Great Tusk|65/100|[from] item: Leftovers
|upkeep
|turn|6
|
|t:|1760377534
|-end|p1a: Great Tusk|Protosynthesis|[silent]
|switch|p1a: Dragonite|Dragonite, M|52/100
|move|p2a: Great Tusk|Body Press|p1a: Dragonite
|-resisted|p1a: Dragonite
|-crit|p1a: Dragonite
|-damage|p1a: Dragonite|15/100
|
|-heal|p2a: Great Tusk|72/100|[from] item: Leftovers
|upkeep
|turn|7
|
|t:|1760377540
|move|p2a: Great Tusk|Body Press|p1a: Dragonite
|-resisted|p1a: Dragonite
|-damage|p1a: Dragonite|0 fnt
|faint|p1a: Dragonite
|
|-heal|p2a: Great Tusk|78/100|[from] item: Leftovers
|upkeep
|
|t:|1760377544
|switch|p1a: Ogerpon|Ogerpon-Wellspring, F|100/100
|turn|8
|
|t:|1760377559
|-terastallize|p2a: Great Tusk|Fighting
|move|p2a: Great Tusk|Body Press|p1a: Ogerpon
|-damage|p1a: Ogerpon|30/100
|move|p1a: Ogerpon|Trailblaze|p2a: Great Tusk
|-crit|p2a: Great Tusk
|-damage|p2a: Great Tusk|50/100
|-boost|p1a: Ogerpon|spe|1
|
|-heal|p2a: Great Tusk|56/100|[from] item: Leftovers
|upkeep
|turn|9
|
|t:|1760377566
|switch|p1a: Moltres|Moltres|100/100
|move|p2a: Great Tusk|Body Press|p1a: Moltres
|-resisted|p1a: Moltres
|-damage|p1a: Moltres|82/100
|
|-heal|p2a: Great Tusk|62/100|[from] item: Leftovers
|upkeep
|turn|10
|
|t:|1760377576
|-end|p2a: Great Tusk|Protosynthesis|[silent]
|switch|p2a: Slowking|Slowking-Galar, F|100/100
|move|p1a: Moltres|Flamethrower|p2a: Slowking
|-damage|p2a: Slowking|70/100
|
|-heal|p2a: Slowking|76/100|[from] item: Leftovers
|upkeep
|turn|11
|
|t:|1760377581
|move|p1a: Moltres|U-turn|p2a: Slowking
|-damage|p2a: Slowking|62/100
|
|t:|1760377583
|switch|p1a: Great Tusk|Great Tusk|30/100|[from] U-turn
|move|p2a: Slowking|Thunder Wave|p1a: Great Tusk
|-immune|p1a: Great Tusk
|
|-heal|p2a: Slowking|68/100|[from] item: Leftovers
|upkeep
|turn|12
|
|t:|1760377591
|switch|p2a: Great Tusk|Great Tusk, tera:Fighting|62/100
|move|p1a: Great Tusk|Headlong Rush|p2a: Great Tusk
|-crit|p2a: Great Tusk
|-damage|p2a: Great Tusk|5/100
|-unboost|p1a: Great Tusk|def|1
|-unboost|p1a: Great Tusk|spd|1
|
|-heal|p2a: Great Tusk|11/100|[from] item: Leftovers
|upkeep
|turn|13
|
|t:|1760377601
|move|p2a: Great Tusk|Earthquake|p1a: Great Tusk
|-damage|p1a: Great Tusk|0 fnt
|faint|p1a: Great Tusk
|-end|p1a: Great Tusk|Protosynthesis|[silent]
|
|-heal|p2a: Great Tusk|17/100|[from] item: Leftovers
|upkeep
|
|t:|1760377605
|switch|p1a: Ogerpon|Ogerpon-Wellspring, F|30/100
|turn|14
|
|t:|1760377614
|move|p1a: Ogerpon|Trailblaze|p2a: Great Tusk
|-damage|p2a: Great Tusk|0 fnt
|-boost|p1a: Ogerpon|spe|1
|faint|p2a: Great Tusk
|-end|p2a: Great Tusk|Protosynthesis|[silent]
|
|upkeep
|
|t:|1760377619
|switch|p2a: Samurott|Samurott-Hisui, M|100/100
|turn|15
|
|t:|1760377621
|move|p2a: Samurott|Sucker Punch||[still]
|-fail|p2a: Samurott
|move|p1a: Ogerpon|Synthesis|p1a: Ogerpon
|-heal|p1a: Ogerpon|80/100
|
|upkeep
|turn|16
|
|t:|1760377625
|move|p2a: Samurott|Sucker Punch|p1a: Ogerpon
|-damage|p1a: Ogerpon|35/100
|move|p1a: Ogerpon|Trailblaze|p2a: Samurott
|-supereffective|p2a: Samurott
|-damage|p2a: Samurott|33/100
|-boost|p1a: Ogerpon|spe|1
|
|upkeep
|turn|17
|
|t:|1760377631
|move|p2a: Samurott|Sucker Punch||[still]
|-fail|p2a: Samurott
|move|p1a: Ogerpon|Synthesis|p1a: Ogerpon
|-heal|p1a: Ogerpon|85/100
|
|upkeep
|turn|18
|
|t:|1760377633
|move|p2a: Samurott|Sucker Punch||[still]
|-fail|p2a: Samurott
|move|p1a: Ogerpon|Swords Dance|p1a: Ogerpon
|-boost|p1a: Ogerpon|atk|2
|
|upkeep
|turn|19
|
|t:|1760377636
|move|p2a: Samurott|Sucker Punch||[still]
|-fail|p2a: Samurott
|move|p1a: Ogerpon|Swords Dance|p1a: Ogerpon
|-boost|p1a: Ogerpon|atk|2
|
|upkeep
|turn|20
|
|t:|1760377638
|move|p2a: Samurott|Sucker Punch||[still]
|-fail|p2a: Samurott
|move|p1a: Ogerpon|Swords Dance|p1a: Ogerpon
|-boost|p1a: Ogerpon|atk|2
|
|upkeep
|turn|21
|c|☆Chris6497|Gg
|c|☆Chris6497|easy game
|
|t:|1760377645
|move|p2a: Samurott|Sucker Punch||[still]
|-fail|p2a: Samurott
|move|p1a: Ogerpon|Synthesis|p1a: Ogerpon
|-heal|p1a: Ogerpon|100/100
|
|upkeep
|turn|22
|
|t:|1760377649
|move|p2a: Samurott|Sucker Punch||[still]
|-fail|p2a: Samurott
|move|p1a: Ogerpon|Swords Dance|p1a: Ogerpon
|-boost|p1a: Ogerpon|atk|0
|
|upkeep
|turn|23
|
|t:|1760377650
|move|p1a: Ogerpon|Trailblaze|p2a: Samurott
|-supereffective|p2a: Samurott
|-damage|p2a: Samurott|0 fnt
|-boost|p1a: Ogerpon|spe|1
|faint|p2a: Samurott
|
|upkeep
|
|t:|1760377656
|switch|p2a: Dragapult|Dragapult, F, shiny|100/100
|turn|24
|
|t:|1760377660
|-terastallize|p1a: Ogerpon|Water
|detailschange|p1a: Ogerpon|Ogerpon-Wellspring-Tera, F, tera:Water
|-ability|p1a: Ogerpon|Embody Aspect (Wellspring)|boost
|-boost|p1a: Ogerpon|spd|1
|move|p1a: Ogerpon|Ivy Cudgel|p2a: Dragapult|[anim] Ivy Cudgel Water
|-resisted|p2a: Dragapult
|-damage|p2a: Dragapult|0 fnt
|faint|p2a: Dragapult
|
|upkeep
|-message|Bobthenoivern forfeited.
|
|win|Chris6497
|raw|Chris6497's rating: 1403 &rarr; <strong>1422</strong><br />(+19 for winning)
|raw|Bobthenoivern's rating: 1382 &rarr; <strong>1363</strong><br />(-19 for losing)
|l|☆Bobthenoivern
|player|p2|
