|j|☆K13XD
|j|☆EgyptianJobber
|t:|1760329391
|gametype|singles
|player|p1|K13XD|bellelba|1069
|player|p2|EgyptianJobber|theroyal|1089
|gen|9
|tier|[Gen 9] OU
|rated|
|rule|HP Percentage Mod: HP is shown in percentages
|rule|Endless Battle Clause: Forcing endless battles is banned
|rule|Species Clause: Limit one of each Pokémon
|rule|OHKO Clause: OHKO moves are banned
|rule|Evasion Items Clause: Evasion items are banned
|rule|Evasion Moves Clause: Evasion moves are banned
|rule|Evasion Abilities Clause: Evasion abilities are banned
|rule|Sleep Moves Clause: Sleep-inducing moves are banned
|clearpoke
|poke|p1|Gardevoir, F|
|poke|p1|Meowscarada, F|
|poke|p1|Vaporeon, F|
|poke|p1|Iron Valiant|
|poke|p1|Maushold|
|poke|p1|Ditto|
|poke|p2|Slowking-Galar, F|
|poke|p2|Ogerpon-Wellspring, F|
|poke|p2|Great Tusk|
|poke|p2|Corviknight, M|
|poke|p2|Gholdengo|
|poke|p2|Cinderace, M|
|teampreview
|inactive|Battle timer is ON: inactive players will automatically lose when time's up. (requested by EgyptianJobber)
|j| Nomad0_0
|c| Nomad0_0|HE HAD THE RUNNOVER COMING YOUR HONOUR
|c|☆EgyptianJobber|LMAOJEGARFENKLms:a
|inactive|EgyptianJobber has 120 seconds left.
|inactive|EgyptianJobber has 90 seconds left.
|
|t:|1760329457
|teamsize|p1|6
|teamsize|p2|6
|start
|switch|p1a: Ditto|Ditto, shiny|100/100
|switch|p2a: EdganAllenCo-Poe|Corviknight, M|100/100
|-transform|p1a: Ditto|p2a: EdganAllenCo-Poe|[from] ability: Imposter
|-ability|p1a: Ditto|Pressure
|-ability|p2a: EdganAllenCo-Poe|Pressure
|turn|1
|
|t:|1760329467
|move|p1a: Ditto|U-turn|p2a: EdganAllenCo-Poe
|-resisted|p2a: EdganAllenCo-Poe
|-damage|p2a: EdganAllenCo-Poe|98/100
|-damage|p1a: Ditto|84/100|[from] item: Rocky Helmet|[of] p2a: EdganAllenCo-Poe
|
|t:|1760329473
|switch|p1a: Vaporeon|Vaporeon, F, shiny|100/100|[from] U-turn
|move|p2a: EdganAllenCo-Poe|U-turn|p1a: Vaporeon
|-damage|p1a: Vaporeon|91/100
|-damage|p2a: EdganAllenCo-Poe|82/100|[from] item: Rocky Helmet|[of] p1a: Vaporeon
|
|t:|1760329495
|switch|p2a: Oger-pwnd|Ogerpon-Wellspring, F|100/100|[from] U-turn
|
|upkeep
|turn|2
|c| Nomad0_0|get PWND
|
|t:|1760329506
|switch|p1a: Meowscarada|Meowscarada, F, shiny|100/100
|move|p2a: Oger-pwnd|Power Whip|p1a: Meowscarada
|-resisted|p1a: Meowscarada
|-damage|p1a: Meowscarada|43/100
|
|upkeep
|turn|3
|
|t:|1760329518
|switch|p2a: EdganAllenCo-Poe|Corviknight, M|82/100
|-ability|p2a: EdganAllenCo-Poe|Pressure
|move|p1a: Meowscarada|Flower Trick|p2a: EdganAllenCo-Poe
|-start|p1a: Meowscarada|typechange|Grass|[from] ability: Protean
|-resisted|p2a: EdganAllenCo-Poe
|-crit|p2a: EdganAllenCo-Poe
|-damage|p2a: EdganAllenCo-Poe|74/100
|
|upkeep
|turn|4
|
|t:|1760329530
|move|p1a: Meowscarada|U-turn|p2a: EdganAllenCo-Poe
|-resisted|p2a: EdganAllenCo-Poe
|-damage|p2a: EdganAllenCo-Poe|71/100
|-damage|p1a: Meowscarada|27/100|[from] item: Rocky Helmet|[of] p2a: EdganAllenCo-Poe
|
|t:|1760329534
|switch|p1a: Vaporeon|Vaporeon, F, shiny|91/100|[from] U-turn
|move|p2a: EdganAllenCo-Poe|U-turn|p1a: Vaporeon
|-crit|p1a: Vaporeon
|-damage|p1a: Vaporeon|74/100
|-damage|p2a: EdganAllenCo-Poe|54/100|[from] item: Rocky Helmet|[of] p1a: Vaporeon
|
|t:|1760329538
|switch|p2a: Oger-pwnd|Ogerpon-Wellspring, F|100/100|[from] U-turn
|
|upkeep
|turn|5
|
|t:|1760329543
|move|p2a: Oger-pwnd|Power Whip|p1a: Vaporeon
|-supereffective|p1a: Vaporeon
|-damage|p1a: Vaporeon|0 fnt
|-damage|p2a: Oger-pwnd|84/100|[from] item: Rocky Helmet|[of] p1a: Vaporeon
|faint|p1a: Vaporeon
|
|upkeep
|
|t:|1760329549
|switch|p1a: Ditto|Ditto, shiny|84/100
|-transform|p1a: Ditto|p2a: Oger-pwnd|[from] ability: Imposter
|turn|6
|
|t:|1760329565
|switch|p2a: EdganAllenCo-Poe|Corviknight, M|54/100
|-ability|p2a: EdganAllenCo-Poe|Pressure
|move|p1a: Ditto|Power Whip|p2a: EdganAllenCo-Poe
|-resisted|p2a: EdganAllenCo-Poe
|-damage|p2a: EdganAllenCo-Poe|45/100
|-damage|p1a: Ditto|67/100|[from] item: Rocky Helmet|[of] p2a: EdganAllenCo-Poe
|
|upkeep
|turn|7
|
|t:|1760329576
|move|p1a: Ditto|Ivy Cudgel|p2a: EdganAllenCo-Poe|[anim] Ivy Cudgel Water
|-damage|p2a: EdganAllenCo-Poe|18/100
|move|p2a: EdganAllenCo-Poe|Roost|p2a: EdganAllenCo-Poe
|-heal|p2a: EdganAllenCo-Poe|68/100
|-singleturn|p2a: EdganAllenCo-Poe|move: Roost
|
|upkeep
|turn|8
|c| Nomad0_0|oooo
|c| Nomad0_0|no Cor Poe
|
|t:|1760329585
|switch|p1a: Gardevoir|Gardevoir, F, shiny|100/100
|-ability|p1a: Gardevoir|Pressure|Trace|[from] ability: Trace|[of] p2a: EdganAllenCo-Poe
|-ability|p1a: Gardevoir|Pressure
|move|p2a: EdganAllenCo-Poe|Brave Bird|p1a: Gardevoir
|-damage|p1a: Gardevoir|38/100
|-damage|p2a: EdganAllenCo-Poe|54/100|[from] Recoil
|
|upkeep
|turn|9
|
|t:|1760329598
|move|p1a: Gardevoir|Mystical Fire|p2a: EdganAllenCo-Poe
|-supereffective|p2a: EdganAllenCo-Poe
|-damage|p2a: EdganAllenCo-Poe|4/100
|-unboost|p2a: EdganAllenCo-Poe|spa|1
|move|p2a: EdganAllenCo-Poe|Brave Bird|p1a: Gardevoir
|-damage|p1a: Gardevoir|0 fnt
|faint|p1a: Gardevoir
|-damage|p2a: EdganAllenCo-Poe|0 fnt|[from] Recoil
|faint|p2a: EdganAllenCo-Poe
|
|upkeep
|inactive|EgyptianJobber has 120 seconds left.
|
|t:|1760329624
|switch|p1a: Maushold|Maushold, shiny|100/100
|switch|p2a: King of YO MAMMA|Slowking-Galar, F|100/100
|turn|10
|
|t:|1760329632
|move|p1a: Maushold|Tidy Up|p1a: Maushold
|-boost|p1a: Maushold|atk|1
|-boost|p1a: Maushold|spe|1
|move|p2a: King of YO MAMMA|Thunder Wave|p1a: Maushold
|-status|p1a: Maushold|par
|
|upkeep
|turn|11
|
|t:|1760329644
|move|p1a: Maushold|Population Bomb|p2a: King of YO MAMMA
|-damage|p2a: King of YO MAMMA|83/100
|-damage|p2a: King of YO MAMMA|62/100
|-damage|p2a: King of YO MAMMA|43/100
|-damage|p2a: King of YO MAMMA|24/100
|-damage|p2a: King of YO MAMMA|6/100
|-damage|p2a: King of YO MAMMA|0 fnt
|faint|p2a: King of YO MAMMA
|-hitcount|p2: King of YO MAMMA|6
|
|upkeep
|l| Nomad0_0
|inactive|EgyptianJobber has 120 seconds left.
|j| Nomad0_0
|
|t:|1760329664
|switch|p2a: Roman Reigns|Gholdengo|100/100
|-item|p2a: Roman Reigns|Air Balloon
|turn|12
|
|t:|1760329670
|move|p2a: Roman Reigns|Focus Blast|p1a: Maushold|[miss]
|-miss|p2a: Roman Reigns|p1a: Maushold
|cant|p1a: Maushold|par
|
|upkeep
|turn|13
|
|t:|1760329676
|-terastallize|p1a: Maushold|Ghost
|move|p2a: Roman Reigns|Focus Blast|p1a: Maushold
|-immune|p1a: Maushold
|move|p1a: Maushold|Shadow Claw|p2a: Roman Reigns
|-supereffective|p2a: Roman Reigns
|-damage|p2a: Roman Reigns|5/100
|-enditem|p2a: Roman Reigns|Air Balloon
|
|upkeep
|turn|14
|
|t:|1760329685
|move|p2a: Roman Reigns|Shadow Ball|p1a: Maushold
|-supereffective|p1a: Maushold
|-damage|p1a: Maushold|0 fnt
|faint|p1a: Maushold
|
|upkeep
|
|t:|1760329690
|switch|p1a: Ditto|Ditto, shiny|67/100
|-transform|p1a: Ditto|p2a: Roman Reigns|[from] ability: Imposter
|turn|15
|c| Nomad0_0|GET HELD MAUS
|
|t:|1760329703
|move|p1a: Ditto|Shadow Ball|p2a: Roman Reigns
|-supereffective|p2a: Roman Reigns
|-damage|p2a: Roman Reigns|0 fnt
|faint|p2a: Roman Reigns
|
|upkeep
|
|t:|1760329717
|switch|p2a: Ted Bunn(d)y|Cinderace, M|100/100
|turn|16
|
|t:|1760329741
|move|p2a: Ted Bunn(d)y|Pyro Ball|p1a: Ditto
|-supereffective|p1a: Ditto
|-damage|p1a: Ditto|0 fnt
|faint|p1a: Ditto
|
|upkeep
|
|t:|1760329746
|switch|p1a: Iron Valiant|Iron Valiant, shiny|100/100
|-enditem|p1a: Iron Valiant|Booster Energy
|-activate|p1a: Iron Valiant|ability: Quark Drive|[fromitem]
|-start|p1a: Iron Valiant|quarkdrivespe
|turn|17
|inactive|EgyptianJobber has 120 seconds left.
|
|t:|1760329782
|move|p1a: Iron Valiant|Close Combat|p2a: Ted Bunn(d)y
|-damage|p2a: Ted Bunn(d)y|15/100
|-unboost|p1a: Iron Valiant|def|1
|-unboost|p1a: Iron Valiant|spd|1
|move|p2a: Ted Bunn(d)y|Pyro Ball|p1a: Iron Valiant
|-damage|p1a: Iron Valiant|0 fnt
|faint|p1a: Iron Valiant
|-end|p1a: Iron Valiant|Quark Drive|[silent]
|
|upkeep
|
|t:|1760329791
|switch|p1a: Meowscarada|Meowscarada, F, shiny|27/100
|turn|18
|inactive|EgyptianJobber has 120 seconds left.
|
|t:|1760329801
|move|p1a: Meowscarada|Flower Trick|p2a: Ted Bunn(d)y
|-start|p1a: Meowscarada|typechange|Grass|[from] ability: Protean
|-resisted|p2a: Ted Bunn(d)y
|-crit|p2a: Ted Bunn(d)y
|-damage|p2a: Ted Bunn(d)y|0 fnt
|faint|p2a: Ted Bunn(d)y
|
|upkeep
|
|t:|1760329805
|switch|p2a: Oger-pwnd|Ogerpon-Wellspring, F|84/100
|turn|19
|
|t:|1760329811
|move|p1a: Meowscarada|Flower Trick|p2a: Oger-pwnd
|-crit|p2a: Oger-pwnd
|-damage|p2a: Oger-pwnd|15/100
|move|p2a: Oger-pwnd|Ivy Cudgel|p1a: Meowscarada|[anim] Ivy Cudgel Water
|-resisted|p1a: Meowscarada
|-crit|p1a: Meowscarada
|-damage|p1a: Meowscarada|0 fnt
|faint|p1a: Meowscarada
|
|win|EgyptianJobber
|raw|K13XD's rating: 1069 &rarr; <strong>1050</strong><br />(-19 for losing)
|raw|EgyptianJobber's rating: 1089 &rarr; <strong>1114</strong><br />(+25 for winning)
|c|☆EgyptianJobber|gg
|c|☆K13XD|gg
|l|☆EgyptianJobber
|player|p2|
|l|☆K13XD
|player|p1|
|j|☆EgyptianJobber
|player|p2|EgyptianJobber|theroyal|
|l|☆EgyptianJobber
|player|p2|
|l| Nomad0_0
