|j|☆ollierob1
|j|☆Forever1507
|t:|1760438546
|gametype|singles
|player|p1|ollierob1|hoopster|1666
|player|p2|Forever1507|youngster-gen4dp|1706
|gen|9
|tier|[Gen 9] OU
|rated|
|rule|HP Percentage Mod: HP is shown in percentages
|rule|Endless Battle Clause: Forcing endless battles is banned
|rule|Species Clause: Limit one of each Pokémon
|rule|OHKO Clause: OHKO moves are banned
|rule|Evasion Items Clause: Evasion items are banned
|rule|Evasion Moves Clause: Evasion moves are banned
|rule|Evasion Abilities Clause: Evasion abilities are banned
|rule|Sleep Moves Clause: Sleep-inducing moves are banned
|clearpoke
|poke|p1|Garchomp, F|
|poke|p1|Hatterene, F|
|poke|p1|Kingambit, F|
|poke|p1|Kyurem|
|poke|p1|Zamazenta-*|
|poke|p1|Tornadus-Therian, M|
|poke|p2|Dragapult, M|
|poke|p2|Incineroar, F|
|poke|p2|Zapdos|
|poke|p2|Great Tusk|
|poke|p2|Slowking-Galar, F|
|poke|p2|Iron Valiant|
|teampreview
|
|t:|1760438566
|teamsize|p1|6
|teamsize|p2|6
|start
|switch|p1a: Kyurem|Kyurem|100/100
|switch|p2a: Dragapult|Dragapult, M|100/100
|-ability|p1a: Kyurem|Pressure
|turn|1
|
|t:|1760438581
|switch|p1a: Tornadus|Tornadus-Therian, M|100/100
|move|p2a: Dragapult|U-turn|p1a: Tornadus
|-resisted|p1a: Tornadus
|-damage|p1a: Tornadus|81/100
|
|t:|1760438584
|switch|p2a: Incineroar|Incineroar, F|100/100|[from] U-turn
|-ability|p2a: Incineroar|Intimidate|boost
|-unboost|p1a: Tornadus|atk|1
|
|upkeep
|turn|2
|inactive|Battle timer is ON: inactive players will automatically lose when time's up. (requested by Forever1507)
|inactive|ollierob1 has 120 seconds left.
|
|t:|1760438620
|move|p1a: Tornadus|Knock Off|p2a: Incineroar
|-resisted|p2a: Incineroar
|-damage|p2a: Incineroar|95/100
|-enditem|p2a: Incineroar|Heavy-Duty Boots|[from] move: Knock Off|[of] p1a: Tornadus
|move|p2a: Incineroar|Will-O-Wisp|p1a: Tornadus
|-status|p1a: Tornadus|brn
|
|-damage|p1a: Tornadus|75/100 brn|[from] brn
|upkeep
|turn|3
|
|t:|1760438629
|move|p1a: Tornadus|U-turn|p2a: Incineroar
|-damage|p2a: Incineroar|91/100
|
|t:|1760438632
|switch|p1a: Hatterene|Hatterene, F|100/100|[from] U-turn
|move|p2a: Incineroar|Knock Off|p1a: Hatterene
|-damage|p1a: Hatterene|71/100
|-damage|p2a: Incineroar|75/100|[from] item: Rocky Helmet|[of] p1a: Hatterene
|-enditem|p1a: Hatterene|Rocky Helmet|[from] move: Knock Off|[of] p2a: Incineroar
|
|upkeep
|turn|4
|
|t:|1760438651
|switch|p2a: Slowking|Slowking-Galar, F|100/100
|move|p1a: Hatterene|Pain Split|p2a: Slowking
|-sethp|p2a: Slowking|79/100|[from] move: Pain Split|[silent]
|-sethp|p1a: Hatterene|98/100|[from] move: Pain Split
|
|upkeep
|turn|5
|
|t:|1760438657
|switch|p1a: Tornadus|Tornadus-Therian, M|100/100 brn
|move|p2a: Slowking|Flamethrower|p1a: Tornadus
|-damage|p1a: Tornadus|82/100 brn
|
|-damage|p1a: Tornadus|76/100 brn|[from] brn
|upkeep
|turn|6
|
|t:|1760438663
|switch|p2a: Incineroar|Incineroar, F|75/100
|-ability|p2a: Incineroar|Intimidate|boost
|-unboost|p1a: Tornadus|atk|1
|move|p1a: Tornadus|Knock Off|p2a: Incineroar
|-resisted|p2a: Incineroar
|-damage|p2a: Incineroar|73/100
|
|-damage|p1a: Tornadus|70/100 brn|[from] brn
|upkeep
|turn|7
|
|t:|1760438669
|move|p1a: Tornadus|U-turn|p2a: Incineroar
|-damage|p2a: Incineroar|69/100
|
|t:|1760438677
|switch|p1a: Hatterene|Hatterene, F|98/100|[from] U-turn
|move|p2a: Incineroar|Flare Blitz|p1a: Hatterene
|-damage|p1a: Hatterene|60/100
|-damage|p2a: Incineroar|59/100|[from] Recoil
|
|upkeep
|turn|8
|
|t:|1760438687
|move|p2a: Incineroar|Parting Shot|p1a: Hatterene
|move|p1a: Hatterene|Parting Shot|p2a: Incineroar|[from] ability: Magic Bounce
|-unboost|p2a: Incineroar|atk|1
|-unboost|p2a: Incineroar|spa|1
|
|t:|1760438710
|switch|p1a: Garchomp|Garchomp, F|100/100|[from] Parting Shot
|
|upkeep
|turn|9
|
|t:|1760438721
|move|p1a: Garchomp|Stealth Rock|p2a: Incineroar
|-sidestart|p2: Forever1507|move: Stealth Rock
|move|p2a: Incineroar|Will-O-Wisp|p1a: Garchomp
|-status|p1a: Garchomp|brn
|
|-damage|p1a: Garchomp|94/100 brn|[from] brn
|upkeep
|turn|10
|
|t:|1760438725
|move|p1a: Garchomp|Earthquake|p2a: Incineroar
|-supereffective|p2a: Incineroar
|-damage|p2a: Incineroar|25/100
|move|p2a: Incineroar|Parting Shot|p1a: Garchomp
|-unboost|p1a: Garchomp|atk|1
|-unboost|p1a: Garchomp|spa|1
|
|t:|1760438728
|switch|p2a: Great Tusk|Great Tusk|100/100|[from] Parting Shot
|
|-damage|p1a: Garchomp|88/100 brn|[from] brn
|upkeep
|turn|11
|
|t:|1760438733
|move|p2a: Great Tusk|Rapid Spin|p1a: Garchomp
|-damage|p1a: Garchomp|76/100 brn
|-boost|p2a: Great Tusk|spe|1
|-damage|p2a: Great Tusk|88/100|[from] ability: Rough Skin|[of] p1a: Garchomp
|-sideend|p2: Forever1507|Stealth Rock|[from] move: Rapid Spin|[of] p2a: Great Tusk
|move|p1a: Garchomp|Fling|p2a: Great Tusk
|-resisted|p2a: Great Tusk
|-damage|p2a: Great Tusk|87/100
|-status|p2a: Great Tusk|par
|-enditem|p1a: Garchomp|Light Ball|[from] move: Fling
|
|-damage|p1a: Garchomp|70/100 brn|[from] brn
|upkeep
|turn|12
|
|t:|1760438753
|switch|p1a: Hatterene|Hatterene, F|60/100
|move|p2a: Great Tusk|Ice Spinner|p1a: Hatterene
|-damage|p1a: Hatterene|35/100
|
|upkeep
|turn|13
|
|t:|1760438761
|switch|p1a: Tornadus|Tornadus-Therian, M|100/100 brn
|move|p2a: Great Tusk|Headlong Rush|p1a: Tornadus
|-immune|p1a: Tornadus
|
|-damage|p1a: Tornadus|94/100 brn|[from] brn
|upkeep
|turn|14
|
|t:|1760438764
|-end|p2a: Great Tusk|Protosynthesis|[silent]
|switch|p2a: Zapdos|Zapdos|100/100
|move|p1a: Tornadus|Bleakwind Storm|p2a: Zapdos
|-resisted|p2a: Zapdos
|-damage|p2a: Zapdos|84/100
|-unboost|p2a: Zapdos|spe|1
|
|-damage|p1a: Tornadus|88/100 brn|[from] brn
|upkeep
|turn|15
|
|t:|1760438781
|move|p1a: Tornadus|U-turn|p2a: Zapdos
|-resisted|p2a: Zapdos
|-damage|p2a: Zapdos|81/100
|
|t:|1760438783
|switch|p1a: Kyurem|Kyurem|100/100|[from] U-turn
|-ability|p1a: Kyurem|Pressure
|move|p2a: Zapdos|Volt Switch|p1a: Kyurem
|-resisted|p1a: Kyurem
|-damage|p1a: Kyurem|93/100
|
|t:|1760438803
|switch|p2a: Iron Valiant|Iron Valiant|100/100|[from] Volt Switch
|
|upkeep
|turn|16
|
|t:|1760438809
|switch|p1a: Tornadus|Tornadus-Therian, M|100/100 brn
|move|p2a: Iron Valiant|Moonblast|p1a: Tornadus
|-crit|p1a: Tornadus
|-damage|p1a: Tornadus|35/100 brn
|-unboost|p1a: Tornadus|spa|1
|
|-damage|p1a: Tornadus|29/100 brn|[from] brn
|upkeep
|turn|17
|
|t:|1760438820
|switch|p1a: Hatterene|Hatterene, F|35/100
|-terastallize|p2a: Iron Valiant|Fairy
|move|p2a: Iron Valiant|Moonblast|p1a: Hatterene
|-damage|p1a: Hatterene|0 fnt
|faint|p1a: Hatterene
|
|upkeep
|inactive|ollierob1 has 120 seconds left.
|inactive|ollierob1 has 90 seconds left.
|inactive|ollierob1 has 60 seconds left.
|
|t:|1760438932
|switch|p1a: Tornadus|Tornadus-Therian, M|63/100 brn
|turn|18
|
|t:|1760438943
|move|p1a: Tornadus|Knock Off|p2a: Iron Valiant
|-resisted|p2a: Iron Valiant
|-damage|p2a: Iron Valiant|94/100
|-enditem|p2a: Iron Valiant|Choice Specs|[from] move: Knock Off|[of] p1a: Tornadus
|move|p2a: Iron Valiant|Moonblast|p1a: Tornadus
|-damage|p1a: Tornadus|24/100 brn
|
|-damage|p1a: Tornadus|18/100 brn|[from] brn
|upkeep
|turn|19
|
|t:|1760438952
|move|p1a: Tornadus|Bleakwind Storm|p2a: Iron Valiant|[miss]
|-miss|p1a: Tornadus|p2a: Iron Valiant
|move|p2a: Iron Valiant|Trick|p1a: Tornadus
|-activate|p2a: Iron Valiant|move: Trick|[of] p1a: Tornadus
|-enditem|p1a: Tornadus|Assault Vest|[silent]|[from] move: Trick
|-item|p2a: Iron Valiant|Assault Vest|[from] move: Trick
|
|-damage|p1a: Tornadus|12/100 brn|[from] brn
|upkeep
|turn|20
|
|t:|1760438965
|move|p2a: Iron Valiant|Vacuum Wave|p1a: Tornadus
|-resisted|p1a: Tornadus
|-damage|p1a: Tornadus|1/100 brn
|move|p1a: Tornadus|Bleakwind Storm|p2a: Iron Valiant
|-damage|p2a: Iron Valiant|49/100
|-unboost|p2a: Iron Valiant|spe|1
|
|-damage|p1a: Tornadus|0 fnt|[from] brn
|faint|p1a: Tornadus
|upkeep
|inactive|ollierob1 has 30 seconds left.
|
|t:|1760438992
|switch|p1a: Kyurem|Kyurem|93/100
|-ability|p1a: Kyurem|Pressure
|turn|21
|
|t:|1760439000
|-end|p2a: Iron Valiant|Quark Drive|[silent]
|switch|p2a: Slowking|Slowking-Galar, F|100/100
|move|p1a: Kyurem|Ice Beam|p2a: Slowking
|-damage|p2a: Slowking|74/100
|
|upkeep
|turn|22
|
|t:|1760439009
|move|p1a: Kyurem|Earth Power|p2a: Slowking
|-supereffective|p2a: Slowking
|-damage|p2a: Slowking|39/100
|-unboost|p2a: Slowking|spd|1
|move|p2a: Slowking|Flamethrower|p1a: Kyurem
|-damage|p1a: Kyurem|77/100
|
|upkeep
|turn|23
|
|t:|1760439029
|switch|p2a: Dragapult|Dragapult, M|100/100
|move|p1a: Kyurem|Scale Shot|p2a: Dragapult|[miss]
|-miss|p1a: Kyurem|p2a: Dragapult
|
|upkeep
|turn|24
|c|☆ollierob1|lol
|
|t:|1760439045
|switch|p1a: Garchomp|Garchomp, F|70/100 brn
|move|p2a: Dragapult|Dragon Darts|p1a: Garchomp
|-supereffective|p1a: Garchomp
|-damage|p1a: Garchomp|27/100 brn
|-anim|p2a: Dragapult|Dragon Darts|p1a: Garchomp
|-supereffective|p1a: Garchomp
|-damage|p1a: Garchomp|0 fnt
|faint|p1a: Garchomp
|
|upkeep
|inactive|ollierob1 has 30 seconds left.
|
|t:|1760439065
|switch|p1a: Kingambit|Kingambit, F|100/100
|-activate|p1a: Kingambit|ability: Supreme Overlord
|-start|p1a: Kingambit|fallen3|[silent]
|turn|25
|
|t:|1760439075
|switch|p2a: Incineroar|Incineroar, F|25/100
|-ability|p2a: Incineroar|Intimidate|boost
|-unboost|p1a: Kingambit|atk|1
|-end|p1a: Kingambit|fallen3|[silent]
|switch|p1a: Kyurem|Kyurem|77/100
|-ability|p1a: Kyurem|Pressure
|
|upkeep
|turn|26
|
|t:|1760439082
|switch|p2a: Zapdos|Zapdos|81/100
|move|p1a: Kyurem|Earth Power|p2a: Zapdos
|-immune|p2a: Zapdos
|
|upkeep
|turn|27
|
|t:|1760439097
|switch|p2a: Slowking|Slowking-Galar, F|72/100
|move|p1a: Kyurem|Ice Beam|p2a: Slowking
|-damage|p2a: Slowking|47/100
|
|upkeep
|turn|28
|
|t:|1760439104
|move|p1a: Kyurem|Scale Shot|p2a: Slowking
|-damage|p2a: Slowking|38/100
|-damage|p2a: Slowking|28/100
|-hitcount|p2a: Slowking|2
|-unboost|p1a: Kyurem|def|1
|-boost|p1a: Kyurem|spe|1
|move|p2a: Slowking|Sludge Bomb|p1a: Kyurem
|-damage|p1a: Kyurem|53/100
|
|upkeep
|turn|29
|inactive|ollierob1 has 60 seconds left.
|
|t:|1760439113
|switch|p2a: Iron Valiant|Iron Valiant, tera:Fairy|49/100
|move|p1a: Kyurem|Scale Shot|p2a: Iron Valiant
|-immune|p2a: Iron Valiant
|
|upkeep
|turn|30
|
|t:|1760439122
|move|p2a: Iron Valiant|Vacuum Wave|p1a: Kyurem
|-supereffective|p1a: Kyurem
|-damage|p1a: Kyurem|30/100
|move|p1a: Kyurem|Ice Beam|p2a: Iron Valiant
|-damage|p2a: Iron Valiant|0 fnt
|faint|p2a: Iron Valiant
|-end|p2a: Iron Valiant|Quark Drive|[silent]
|
|upkeep
|
|t:|1760439129
|switch|p2a: Dragapult|Dragapult, M|100/100
|turn|31
|inactive|ollierob1 has 60 seconds left.
|
|t:|1760439155
|switch|p1a: Kingambit|Kingambit, F|100/100
|-activate|p1a: Kingambit|ability: Supreme Overlord
|-start|p1a: Kingambit|fallen3|[silent]
|move|p2a: Dragapult|Sucker Punch||[still]
|-fail|p2a: Dragapult
|
|upkeep
|turn|32
|
|t:|1760439180
|switch|p2a: Incineroar|Incineroar, F|25/100
|-ability|p2a: Incineroar|Intimidate|boost
|-unboost|p1a: Kingambit|atk|1
|-end|p1a: Kingambit|fallen3|[silent]
|switch|p1a: Kyurem|Kyurem|30/100
|-ability|p1a: Kyurem|Pressure
|
|upkeep
|turn|33
|
|t:|1760439193
|move|p1a: Kyurem|Ice Beam|p2a: Incineroar
|-resisted|p2a: Incineroar
|-damage|p2a: Incineroar|6/100
|move|p2a: Incineroar|Flare Blitz|p1a: Kyurem
|-damage|p1a: Kyurem|0 fnt
|faint|p1a: Kyurem
|-damage|p2a: Incineroar|0 fnt|[from] Recoil
|faint|p2a: Incineroar
|
|upkeep
|inactive|ollierob1 has 60 seconds left.
|inactive|Forever1507 has 120 seconds left.
|
|t:|1760439218
|switch|p1a: Kingambit|Kingambit, F|100/100
|switch|p2a: Slowking|Slowking-Galar, F|62/100
|-activate|p1a: Kingambit|ability: Supreme Overlord
|-start|p1a: Kingambit|fallen4|[silent]
|turn|34
|
|t:|1760439225
|move|p1a: Kingambit|Kowtow Cleave|p2a: Slowking
|-supereffective|p2a: Slowking
|-damage|p2a: Slowking|0 fnt
|faint|p2a: Slowking
|
|upkeep
|
|t:|1760439228
|switch|p2a: Zapdos|Zapdos|81/100
|turn|35
|inactive|ollierob1 has 60 seconds left.
|j| dndjdjdjd
|
|t:|1760439255
|move|p2a: Zapdos|Heat Wave|p1a: Kingambit
|-supereffective|p1a: Kingambit
|-damage|p1a: Kingambit|48/100
|-status|p1a: Kingambit|brn
|move|p1a: Kingambit|Swords Dance|p1a: Kingambit
|-boost|p1a: Kingambit|atk|2
|
|-heal|p1a: Kingambit|54/100 brn|[from] item: Leftovers
|-damage|p1a: Kingambit|48/100 brn|[from] brn
|upkeep
|turn|36
|c|☆ollierob1|Come on man
|inactive|ollierob1 has 30 seconds left.
|
|t:|1760439282
|move|p1a: Kingambit|Sucker Punch||[still]
|-fail|p1a: Kingambit
|move|p2a: Zapdos|Roost|p2a: Zapdos
|-heal|p2a: Zapdos|100/100
|-singleturn|p2a: Zapdos|move: Roost
|
|-heal|p1a: Kingambit|54/100 brn|[from] item: Leftovers
|-damage|p1a: Kingambit|48/100 brn|[from] brn
|upkeep
|turn|37
|
|t:|1760439289
|move|p1a: Kingambit|Sucker Punch|p2a: Zapdos
|-damage|p2a: Zapdos|62/100
|move|p2a: Zapdos|Heat Wave|p1a: Kingambit
|-supereffective|p1a: Kingambit
|-damage|p1a: Kingambit|0 fnt
|faint|p1a: Kingambit
|-end|p1a: Kingambit|fallen4|[silent]
|
|upkeep
|
|t:|1760439298
|switch|p1a: Zamazenta|Zamazenta|100/100
|-ability|p1a: Zamazenta|Dauntless Shield|boost
|-boost|p1a: Zamazenta|def|1
|turn|38
|
|t:|1760439304
|move|p1a: Zamazenta|Iron Defense|p1a: Zamazenta
|-boost|p1a: Zamazenta|def|2
|move|p2a: Zapdos|Roost|p2a: Zapdos
|-heal|p2a: Zapdos|100/100
|-singleturn|p2a: Zapdos|move: Roost
|
|upkeep
|turn|39
|
|t:|1760439310
|-terastallize|p1a: Zamazenta|Steel
|move|p1a: Zamazenta|Iron Defense|p1a: Zamazenta
|-boost|p1a: Zamazenta|def|2
|move|p2a: Zapdos|Hurricane|p1a: Zamazenta
|-resisted|p1a: Zamazenta
|-damage|p1a: Zamazenta|80/100
|-start|p1a: Zamazenta|confusion
|
|-heal|p1a: Zamazenta|86/100|[from] item: Leftovers
|upkeep
|turn|40
|
|t:|1760439317
|-activate|p1a: Zamazenta|confusion
|move|p1a: Zamazenta|Body Press|p2a: Zapdos
|-resisted|p2a: Zapdos
|-damage|p2a: Zapdos|57/100
|move|p2a: Zapdos|Heat Wave|p1a: Zamazenta
|-supereffective|p1a: Zamazenta
|-damage|p1a: Zamazenta|40/100
|
|-heal|p1a: Zamazenta|46/100|[from] item: Leftovers
|upkeep
|turn|41
|inactive|ollierob1 has 60 seconds left.
|
|t:|1760439326
|-activate|p1a: Zamazenta|confusion
|-damage|p1a: Zamazenta|43/100|[from] confusion
|move|p2a: Zapdos|Roost|p2a: Zapdos
|-heal|p2a: Zapdos|100/100
|-singleturn|p2a: Zapdos|move: Roost
|
|-heal|p1a: Zamazenta|49/100|[from] item: Leftovers
|upkeep
|turn|42
|c|☆ollierob1|Just hax every turn
|inactive|ollierob1 has 60 seconds left.
|c|☆ollierob1|cba
|-message|ollierob1 forfeited.
|
|win|Forever1507
|raw|ollierob1's rating: 1666 &rarr; <strong>1649</strong><br />(-17 for losing)
|raw|Forever1507's rating: 1722 &rarr; <strong>1739</strong><br />(+17 for winning)
|l|☆Forever1507
|player|p2|
|l|☆ollierob1
|player|p1|
