|j|‽A Regular Plumbus
|j|‽RainebowValiant
|t:|1760372975
|gametype|singles
|player|p1|A Regular Plumbus|baker|1626
|player|p2|RainebowValiant|bellelba|1620
|gen|9
|tier|[Gen 9] OU
|rated|
|rule|HP Percentage Mod: HP is shown in percentages
|rule|Endless Battle Clause: Forcing endless battles is banned
|rule|Species Clause: Limit one of each Pokémon
|rule|OHKO Clause: OHKO moves are banned
|rule|Evasion Items Clause: Evasion items are banned
|rule|Evasion Moves Clause: Evasion moves are banned
|rule|Evasion Abilities Clause: Evasion abilities are banned
|rule|Sleep Moves Clause: Sleep-inducing moves are banned
|clearpoke
|poke|p1|Arcanine-Hisui, M|
|poke|p1|Quaquaval, F|
|poke|p1|Hydrapple, M|
|poke|p1|Iron Treads|
|poke|p1|Golem-Alola, M|
|poke|p1|Dragonite, M|
|poke|p2|Araquanid, F|
|poke|p2|Gholdengo|
|poke|p2|Iron Moth|
|poke|p2|Iron Valiant|
|poke|p2|Raging Bolt|
|poke|p2|Kingambit, F|
|teampreview
|inactive|Battle timer is ON: inactive players will automatically lose when time's up. (requested by RainebowValiant)
|inactive|A Regular Plumbus also wants the timer to be on.
|
|t:|1760372992
|teamsize|p1|6
|teamsize|p2|6
|start
|switch|p1a: Golem|Golem-Alola, M|100/100
|switch|p2a: Araquanid|Araquanid, F|100/100
|turn|1
|
|t:|1760373001
|switch|p2a: Raging Bolt|Raging Bolt|100/100
|-enditem|p2a: Raging Bolt|Booster Energy
|-activate|p2a: Raging Bolt|ability: Protosynthesis|[fromitem]
|-start|p2a: Raging Bolt|protosynthesisspa
|move|p1a: Golem|Stealth Rock|p2a: Raging Bolt
|-sidestart|p2: RainebowValiant|move: Stealth Rock
|
|upkeep
|turn|2
|
|t:|1760373011
|switch|p1a: Iron Treads|Iron Treads|100/100
|move|p2a: Raging Bolt|Calm Mind|p2a: Raging Bolt
|-boost|p2a: Raging Bolt|spa|1
|-boost|p2a: Raging Bolt|spd|1
|
|upkeep
|turn|3
|
|t:|1760373015
|move|p1a: Iron Treads|Earthquake|p2a: Raging Bolt
|-supereffective|p2a: Raging Bolt
|-damage|p2a: Raging Bolt|21/100
|move|p2a: Raging Bolt|Dragon Pulse|p1a: Iron Treads
|-resisted|p1a: Iron Treads
|-damage|p1a: Iron Treads|41/100
|
|-heal|p1a: Iron Treads|47/100|[from] item: Leftovers
|upkeep
|turn|4
|
|t:|1760373020
|move|p1a: Iron Treads|Megahorn|p2a: Raging Bolt
|-damage|p2a: Raging Bolt|0 fnt
|faint|p2a: Raging Bolt
|-end|p2a: Raging Bolt|Protosynthesis|[silent]
|
|-heal|p1a: Iron Treads|53/100|[from] item: Leftovers
|upkeep
|
|t:|1760373033
|switch|p2a: Araquanid|Araquanid, F|100/100
|-damage|p2a: Araquanid|75/100|[from] Stealth Rock
|turn|5
|
|t:|1760373037
|-end|p1a: Iron Treads|Quark Drive|[silent]
|switch|p1a: Arcanine|Arcanine-Hisui, M|100/100
|move|p2a: Araquanid|Sticky Web|p1a: Arcanine
|-sidestart|p1: A Regular Plumbus|move: Sticky Web
|
|upkeep
|turn|6
|
|t:|1760373041
|move|p1a: Arcanine|Head Smash|p2a: Araquanid
|-supereffective|p2a: Araquanid
|-damage|p2a: Araquanid|0 fnt
|faint|p2a: Araquanid
|
|upkeep
|
|t:|1760373056
|switch|p2a: Iron Moth|Iron Moth|100/100
|-damage|p2a: Iron Moth|76/100|[from] Stealth Rock
|-enditem|p2a: Iron Moth|Booster Energy
|-activate|p2a: Iron Moth|ability: Quark Drive|[fromitem]
|-start|p2a: Iron Moth|quarkdrivespa
|turn|7
|
|t:|1760373060
|move|p2a: Iron Moth|Energy Ball|p1a: Arcanine
|-damage|p1a: Arcanine|44/100
|move|p1a: Arcanine|Head Smash|p2a: Iron Moth
|-supereffective|p2a: Iron Moth
|-damage|p2a: Iron Moth|0 fnt
|faint|p2a: Iron Moth
|-end|p2a: Iron Moth|Quark Drive|[silent]
|
|upkeep
|
|t:|1760373062
|switch|p2a: Iron Valiant|Iron Valiant|100/100
|-damage|p2a: Iron Valiant|94/100|[from] Stealth Rock
|-enditem|p2a: Iron Valiant|Booster Energy
|-activate|p2a: Iron Valiant|ability: Quark Drive|[fromitem]
|-start|p2a: Iron Valiant|quarkdrivespa
|turn|8
|
|t:|1760373075
|switch|p1a: Iron Treads|Iron Treads|53/100
|-activate|p1a: Iron Treads|move: Sticky Web
|-unboost|p1a: Iron Treads|spe|1
|move|p2a: Iron Valiant|Vacuum Wave|p1a: Iron Treads
|-supereffective|p1a: Iron Treads
|-damage|p1a: Iron Treads|0 fnt
|faint|p1a: Iron Treads
|-end|p1a: Iron Treads|Quark Drive|[silent]
|
|upkeep
|
|t:|1760373077
|switch|p1a: Golem|Golem-Alola, M|100/100
|-activate|p1a: Golem|move: Sticky Web
|-unboost|p1a: Golem|spe|1
|turn|9
|
|t:|1760373088
|move|p2a: Iron Valiant|Moonblast|p1a: Golem
|-damage|p1a: Golem|5/100
|-unboost|p1a: Golem|spa|1
|move|p1a: Golem|Explosion|p2a: Iron Valiant
|-damage|p2a: Iron Valiant|0 fnt
|faint|p1a: Golem
|faint|p2a: Iron Valiant
|-end|p2a: Iron Valiant|Quark Drive|[silent]
|
|upkeep
|
|t:|1760373099
|switch|p2a: Gholdengo|Gholdengo|100/100
|switch|p1a: Quaquaval|Quaquaval, F|100/100
|-activate|p1a: Quaquaval|move: Sticky Web
|-unboost|p1a: Quaquaval|spe|1
|-damage|p2a: Gholdengo|94/100|[from] Stealth Rock
|-item|p2a: Gholdengo|Air Balloon
|turn|10
|
|t:|1760373106
|move|p2a: Gholdengo|Nasty Plot|p2a: Gholdengo
|-boost|p2a: Gholdengo|spa|2
|move|p1a: Quaquaval|Aqua Step|p2a: Gholdengo
|-damage|p2a: Gholdengo|27/100
|-boost|p1a: Quaquaval|spe|1
|-enditem|p2a: Gholdengo|Air Balloon
|
|upkeep
|turn|11
|
|t:|1760373110
|move|p1a: Quaquaval|Aqua Step|p2a: Gholdengo
|-damage|p2a: Gholdengo|0 fnt
|-boost|p1a: Quaquaval|spe|1
|faint|p2a: Gholdengo
|-ability|p1a: Quaquaval|Moxie|boost
|-boost|p1a: Quaquaval|atk|1
|
|upkeep
|-message|RainebowValiant forfeited.
|
|win|A Regular Plumbus
|raw|A Regular Plumbus's rating: 1626 &rarr; <strong>1646</strong><br />(+20 for winning)
|raw|RainebowValiant's rating: 1620 &rarr; <strong>1600</strong><br />(-20 for losing)
|l|‽RainebowValiant
|player|p2|
