|j|☆mio3777
|j|☆big clif
|t:|1760458378
|gametype|singles
|player|p1|mio3777|266|1591
|player|p2|big clif|cynthia-gen4|1621
|gen|9
|tier|[Gen 9] OU
|rated|
|rule|HP Percentage Mod: HP is shown in percentages
|rule|Endless Battle Clause: Forcing endless battles is banned
|rule|Species Clause: Limit one of each Pokémon
|rule|OHKO Clause: OHKO moves are banned
|rule|Evasion Items Clause: Evasion items are banned
|rule|Evasion Moves Clause: Evasion moves are banned
|rule|Evasion Abilities Clause: Evasion abilities are banned
|rule|Sleep Moves Clause: Sleep-inducing moves are banned
|clearpoke
|poke|p1|Indeedee, M|
|poke|p1|Polteageist-Antique|
|poke|p1|Cinderace, M|
|poke|p1|Armarouge, F|
|poke|p1|Hawlucha, M|
|poke|p1|Hatterene, F|
|poke|p2|Zoroark-Hisui, F|
|poke|p2|Hatterene, F|
|poke|p2|Kingambit, M|
|poke|p2|Landorus-Therian, M|
|poke|p2|Samurott-Hisui, M|
|poke|p2|Iron Crown|
|teampreview
|inactive|Battle timer is ON: inactive players will automatically lose when time's up. (requested by big clif)
|c|☆big clif|glhf
|
|t:|1760458397
|teamsize|p1|6
|teamsize|p2|6
|start
|switch|p1a: Indeedee|Indeedee, M|100/100
|switch|p2a: Samurott|Samurott-Hisui, M|100/100
|-fieldstart|move: Psychic Terrain|[from] ability: Psychic Surge|[of] p1a: Indeedee
|turn|1
|
|t:|1760458407
|switch|p1a: Armarouge|Armarouge, F|100/100
|move|p2a: Samurott|Ceaseless Edge|p1a: Armarouge|[miss]
|-miss|p2a: Samurott|p1a: Armarouge
|
|upkeep
|turn|2
|
|t:|1760458418
|move|p2a: Samurott|Ceaseless Edge|p1a: Armarouge
|-supereffective|p1a: Armarouge
|-enditem|p1a: Armarouge|Focus Sash
|-damage|p1a: Armarouge|1/100
|-ability|p1a: Armarouge|Weak Armor|boost
|-unboost|p1a: Armarouge|def|1
|-boost|p1a: Armarouge|spe|2
|-sidestart|p1: mio3777|Spikes
|move|p1a: Armarouge|Armor Cannon|p2a: Samurott
|-resisted|p2a: Samurott
|-damage|p2a: Samurott|46/100
|-unboost|p1a: Armarouge|def|1
|-unboost|p1a: Armarouge|spd|1
|
|upkeep
|turn|3
|
|t:|1760458441
|move|p1a: Armarouge|Armor Cannon|p2a: Samurott
|-resisted|p2a: Samurott
|-damage|p2a: Samurott|0 fnt
|-unboost|p1a: Armarouge|def|1
|-unboost|p1a: Armarouge|spd|1
|faint|p2a: Samurott
|
|upkeep
|inactive|big clif has 120 seconds left.
|
|t:|1760458456
|switch|p2a: Iron Crown|Iron Crown|100/100
|turn|4
|
|t:|1760458462
|-terastallize|p2a: Iron Crown|Fairy
|move|p1a: Armarouge|Armor Cannon|p2a: Iron Crown
|-damage|p2a: Iron Crown|55/100
|-unboost|p1a: Armarouge|def|1
|-unboost|p1a: Armarouge|spd|1
|move|p2a: Iron Crown|Tachyon Cutter|p1a: Armarouge
|-resisted|p1a: Armarouge
|-damage|p1a: Armarouge|0 fnt
|faint|p1a: Armarouge
|-hitcount|p1: Armarouge|1
|
|upkeep
|
|t:|1760458472
|switch|p1a: Cinderace|Cinderace, M|100/100
|turn|5
|
|t:|1760458481
|move|p1a: Cinderace|Pyro Ball|p2a: Iron Crown
|-damage|p2a: Iron Crown|7/100
|move|p2a: Iron Crown|Psychic Noise|p1a: Cinderace
|-crit|p1a: Cinderace
|-damage|p1a: Cinderace|10/100
|-start|p1a: Cinderace|move: Heal Block
|
|upkeep
|turn|6
|
|t:|1760458489
|move|p1a: Cinderace|Pyro Ball|p2a: Iron Crown
|-damage|p2a: Iron Crown|0 fnt
|faint|p2a: Iron Crown
|-end|p2a: Iron Crown|Quark Drive|[silent]
|
|-end|p1a: Cinderace|move: Heal Block
|upkeep
|
|t:|1760458495
|switch|p2a: Landorus|Landorus-Therian, M|100/100
|-ability|p2a: Landorus|Intimidate|boost
|-unboost|p1a: Cinderace|atk|1
|turn|7
|
|t:|1760458501
|move|p1a: Cinderace|Court Change|p1a: Cinderace
|-start|p1a: Cinderace|typechange|Normal|[from] ability: Libero
|-swapsideconditions
|-activate|p1a: Cinderace|move: Court Change
|move|p2a: Landorus|Earth Power|p1a: Cinderace
|-crit|p1a: Cinderace
|-damage|p1a: Cinderace|0 fnt
|faint|p1a: Cinderace
|
|upkeep
|
|t:|1760458508
|switch|p1a: Hatterene|Hatterene, F|100/100
|turn|8
|
|t:|1760458512
|move|p2a: Landorus|U-turn|p1a: Hatterene
|-damage|p1a: Hatterene|76/100
|
|t:|1760458514
|switch|p2a: Hatterene|Hatterene, F|100/100|[from] U-turn
|-damage|p2a: Hatterene|88/100|[from] Spikes
|move|p1a: Hatterene|Mystical Fire|p2a: Hatterene
|-damage|p2a: Hatterene|59/100
|-unboost|p2a: Hatterene|spa|1
|
|-heal|p2a: Hatterene|65/100|[from] item: Leftovers
|-heal|p1a: Hatterene|82/100|[from] item: Leftovers
|-fieldend|move: Psychic Terrain
|upkeep
|turn|9
|
|t:|1760458524
|move|p2a: Hatterene|Calm Mind|p2a: Hatterene
|-boost|p2a: Hatterene|spa|1
|-boost|p2a: Hatterene|spd|1
|move|p1a: Hatterene|Calm Mind|p1a: Hatterene
|-boost|p1a: Hatterene|spa|1
|-boost|p1a: Hatterene|spd|1
|
|-heal|p2a: Hatterene|71/100|[from] item: Leftovers
|-heal|p1a: Hatterene|88/100|[from] item: Leftovers
|upkeep
|turn|10
|
|t:|1760458532
|move|p2a: Hatterene|Calm Mind|p2a: Hatterene
|-boost|p2a: Hatterene|spa|1
|-boost|p2a: Hatterene|spd|1
|move|p1a: Hatterene|Calm Mind|p1a: Hatterene
|-boost|p1a: Hatterene|spa|1
|-boost|p1a: Hatterene|spd|1
|
|-heal|p2a: Hatterene|77/100|[from] item: Leftovers
|-heal|p1a: Hatterene|94/100|[from] item: Leftovers
|upkeep
|turn|11
|
|t:|1760458539
|move|p2a: Hatterene|Calm Mind|p2a: Hatterene
|-boost|p2a: Hatterene|spa|1
|-boost|p2a: Hatterene|spd|1
|move|p1a: Hatterene|Calm Mind|p1a: Hatterene
|-boost|p1a: Hatterene|spa|1
|-boost|p1a: Hatterene|spd|1
|
|-heal|p2a: Hatterene|83/100|[from] item: Leftovers
|-heal|p1a: Hatterene|99/100|[from] item: Leftovers
|upkeep
|turn|12
|
|t:|1760458548
|move|p2a: Hatterene|Calm Mind|p2a: Hatterene
|-boost|p2a: Hatterene|spa|1
|-boost|p2a: Hatterene|spd|1
|move|p1a: Hatterene|Mystical Fire|p2a: Hatterene
|-damage|p2a: Hatterene|57/100
|-unboost|p2a: Hatterene|spa|1
|
|-heal|p2a: Hatterene|63/100|[from] item: Leftovers
|-heal|p1a: Hatterene|100/100|[from] item: Leftovers
|upkeep
|turn|13
|
|t:|1760458557
|move|p2a: Hatterene|Psyshock|p1a: Hatterene
|-resisted|p1a: Hatterene
|-damage|p1a: Hatterene|64/100
|move|p1a: Hatterene|Mystical Fire|p2a: Hatterene
|-damage|p2a: Hatterene|38/100
|-unboost|p2a: Hatterene|spa|1
|
|-heal|p2a: Hatterene|44/100|[from] item: Leftovers
|-heal|p1a: Hatterene|70/100|[from] item: Leftovers
|upkeep
|turn|14
|
|t:|1760458566
|move|p2a: Hatterene|Calm Mind|p2a: Hatterene
|-boost|p2a: Hatterene|spa|1
|-boost|p2a: Hatterene|spd|1
|move|p1a: Hatterene|Mystical Fire|p2a: Hatterene
|-damage|p2a: Hatterene|20/100
|-unboost|p2a: Hatterene|spa|1
|
|-heal|p2a: Hatterene|26/100|[from] item: Leftovers
|-heal|p1a: Hatterene|76/100|[from] item: Leftovers
|upkeep
|turn|15
|
|t:|1760458575
|move|p2a: Hatterene|Mystical Fire|p1a: Hatterene
|-crit|p1a: Hatterene
|-damage|p1a: Hatterene|19/100
|-unboost|p1a: Hatterene|spa|1
|move|p1a: Hatterene|Mystical Fire|p2a: Hatterene
|-damage|p2a: Hatterene|9/100
|-unboost|p2a: Hatterene|spa|1
|
|-heal|p2a: Hatterene|15/100|[from] item: Leftovers
|-heal|p1a: Hatterene|25/100|[from] item: Leftovers
|upkeep
|turn|16
|
|t:|1760458585
|move|p2a: Hatterene|Psyshock|p1a: Hatterene
|-resisted|p1a: Hatterene
|-damage|p1a: Hatterene|4/100
|move|p1a: Hatterene|Mystical Fire|p2a: Hatterene
|-damage|p2a: Hatterene|0 fnt
|faint|p2a: Hatterene
|
|-heal|p1a: Hatterene|10/100|[from] item: Leftovers
|upkeep
|
|t:|1760458597
|switch|p2a: Kingambit|Kingambit, M|100/100
|-damage|p2a: Kingambit|88/100|[from] Spikes
|-activate|p2a: Kingambit|ability: Supreme Overlord
|-start|p2a: Kingambit|fallen3|[silent]
|turn|17
|
|t:|1760458606
|switch|p1a: Indeedee|Indeedee, M|100/100
|-fieldstart|move: Psychic Terrain|[from] ability: Psychic Surge|[of] p1a: Indeedee
|move|p2a: Kingambit|Kowtow Cleave|p1a: Indeedee
|-supereffective|p1a: Indeedee
|-damage|p1a: Indeedee|0 fnt
|faint|p1a: Indeedee
|
|upkeep
|
|t:|1760458614
|switch|p1a: Polteageist|Polteageist-Antique|100/100
|turn|18
|
|t:|1760458622
|move|p1a: Polteageist|Shell Smash|p1a: Polteageist
|-unboost|p1a: Polteageist|def|1
|-unboost|p1a: Polteageist|spd|1
|-boost|p1a: Polteageist|atk|2
|-boost|p1a: Polteageist|spa|2
|-boost|p1a: Polteageist|spe|2
|move|p2a: Kingambit|Kowtow Cleave|p1a: Polteageist
|-supereffective|p1a: Polteageist
|-enditem|p1a: Polteageist|Focus Sash
|-damage|p1a: Polteageist|1/100
|-ability|p1a: Polteageist|Weak Armor|boost
|-unboost|p1a: Polteageist|def|1
|-boost|p1a: Polteageist|spe|2
|
|upkeep
|turn|19
|
|t:|1760458635
|-end|p2a: Kingambit|fallen3|[silent]
|switch|p2a: Landorus|Landorus-Therian, M|100/100
|-ability|p2a: Landorus|Intimidate|boost
|-unboost|p1a: Polteageist|atk|1
|-terastallize|p1a: Polteageist|Fighting
|move|p1a: Polteageist|Tera Blast|p2a: Landorus|[anim] Tera Blast Fighting
|-resisted|p2a: Landorus
|-damage|p2a: Landorus|53/100
|
|upkeep
|turn|20
|
|t:|1760458644
|move|p1a: Polteageist|Shadow Ball|p2a: Landorus
|-damage|p2a: Landorus|0 fnt
|faint|p2a: Landorus
|
|upkeep
|
|t:|1760458647
|switch|p2a: Kingambit|Kingambit, M|100/100
|-damage|p2a: Kingambit|88/100|[from] Spikes
|turn|21
|
|t:|1760458656
|move|p1a: Polteageist|Stored Power|p2a: Kingambit
|-damage|p2a: Kingambit|0 fnt
|replace|p2a: Zoroark|Zoroark-Hisui, F
|-end|p2a: Zoroark|Illusion
|faint|p2a: Zoroark
|
|upkeep
|
|t:|1760458659
|switch|p2a: Kingambit|Kingambit, M|88/100
|-damage|p2a: Kingambit|76/100|[from] Spikes
|-activate|p2a: Kingambit|ability: Supreme Overlord
|-start|p2a: Kingambit|fallen5|[silent]
|turn|22
|
|t:|1760458665
|move|p1a: Polteageist|Tera Blast|p2a: Kingambit|[anim] Tera Blast Fighting
|-supereffective|p2a: Kingambit
|-damage|p2a: Kingambit|0 fnt
|faint|p2a: Kingambit
|-end|p2a: Kingambit|fallen5|[silent]
|
|win|mio3777
|raw|mio3777's rating: 1591 &rarr; <strong>1613</strong><br />(+22 for winning)
|raw|big clif's rating: 1621 &rarr; <strong>1599</strong><br />(-22 for losing)
|l|☆big clif
|player|p2|
|l|☆mio3777
|player|p1|
