|j|☆Spyro190 testing
|j|☆ivon_neeeeeee
|t:|1760360277
|gametype|singles
|player|p1|Spyro190 testing|bugcatcher-gen4dp|1626
|player|p2|ivon_neeeeeee|acetrainerf|1601
|gen|9
|tier|[Gen 9] OU
|rated|
|rule|HP Percentage Mod: HP is shown in percentages
|rule|Endless Battle Clause: Forcing endless battles is banned
|rule|Species Clause: Limit one of each Pokémon
|rule|OHKO Clause: OHKO moves are banned
|rule|Evasion Items Clause: Evasion items are banned
|rule|Evasion Moves Clause: Evasion moves are banned
|rule|Evasion Abilities Clause: Evasion abilities are banned
|rule|Sleep Moves Clause: Sleep-inducing moves are banned
|clearpoke
|poke|p1|Enamorus, F|
|poke|p1|Slowking-Galar, F|
|poke|p1|Cinderace, F|
|poke|p1|Alomomola, F|
|poke|p1|Lokix, M|
|poke|p1|Great Tusk|
|poke|p2|Iron Valiant|
|poke|p2|Klefki, F|
|poke|p2|Alomomola, F|
|poke|p2|Kingambit, F|
|poke|p2|Gliscor, M|
|poke|p2|Slowking-Galar, F|
|teampreview
|inactive|Battle timer is ON: inactive players will automatically lose when time's up. (requested by Spyro190 testing)
|
|t:|1760360286
|teamsize|p1|6
|teamsize|p2|6
|start
|switch|p1a: Slowking|Slowking-Galar, F|100/100
|switch|p2a: Klefki|Klefki, F|100/100
|turn|1
|
|t:|1760360291
|move|p2a: Klefki|Spikes|p1a: Slowking
|-sidestart|p1: Spyro190 testing|Spikes
|move|p1a: Slowking|Future Sight|p2a: Klefki
|-start|p1a: Slowking|move: Future Sight
|
|upkeep
|turn|2
|
|t:|1760360300
|move|p2a: Klefki|Spikes|p1a: Slowking
|-sidestart|p1: Spyro190 testing|Spikes
|-prepare|p1a: Slowking|Chilly Reception|[premajor]
|move|p1a: Slowking|Chilly Reception|p1a: Slowking
|-weather|Snowscape
|
|t:|1760360307
|switch|p1a: Great Tusk|Great Tusk|100/100|[from] Chilly Reception
|-damage|p1a: Great Tusk|84/100|[from] Spikes
|
|-weather|Snowscape|[upkeep]
|-heal|p1a: Great Tusk|90/100|[from] item: Leftovers
|upkeep
|turn|3
|
|t:|1760360314
|move|p2a: Klefki|Magnet Rise|p2a: Klefki
|-start|p2a: Klefki|Magnet Rise
|move|p1a: Great Tusk|Knock Off|p2a: Klefki
|-resisted|p2a: Klefki
|-damage|p2a: Klefki|89/100
|-damage|p1a: Great Tusk|74/100|[from] item: Rocky Helmet|[of] p2a: Klefki
|-enditem|p2a: Klefki|Rocky Helmet|[from] move: Knock Off|[of] p1a: Great Tusk
|
|-weather|Snowscape|[upkeep]
|-end|p2a: Klefki|move: Future Sight
|-resisted|p2a: Klefki
|-damage|p2a: Klefki|62/100
|-heal|p1a: Great Tusk|80/100|[from] item: Leftovers
|upkeep
|turn|4
|
|t:|1760360328
|move|p2a: Klefki|Spikes|p1a: Great Tusk
|-sidestart|p1: Spyro190 testing|Spikes
|move|p1a: Great Tusk|Rapid Spin|p2a: Klefki
|-resisted|p2a: Klefki
|-damage|p2a: Klefki|56/100
|-boost|p1a: Great Tusk|spe|1
|-sideend|p1: Spyro190 testing|Spikes|[from] move: Rapid Spin|[of] p1a: Great Tusk
|
|-weather|Snowscape|[upkeep]
|-heal|p1a: Great Tusk|86/100|[from] item: Leftovers
|upkeep
|turn|5
|
|t:|1760360340
|-end|p1a: Great Tusk|Protosynthesis|[silent]
|switch|p1a: Slowking|Slowking-Galar, F|100/100
|switch|p2a: Alomomola|Alomomola, F|100/100
|
|-weather|Snowscape|[upkeep]
|upkeep
|turn|6
|
|t:|1760360346
|move|p2a: Alomomola|Wish|p2a: Alomomola
|-prepare|p1a: Slowking|Chilly Reception|[premajor]
|move|p1a: Slowking|Chilly Reception|p1a: Slowking
|
|t:|1760360352
|switch|p1a: Cinderace|Cinderace, F|100/100|[from] Chilly Reception
|
|-weather|none
|upkeep
|turn|7
|
|t:|1760360357
|move|p1a: Cinderace|Will-O-Wisp|p2a: Alomomola
|-status|p2a: Alomomola|brn
|move|p2a: Alomomola|Flip Turn|p1a: Cinderace
|-supereffective|p1a: Cinderace
|-damage|p1a: Cinderace|82/100
|
|t:|1760360362
|switch|p2a: Klefki|Klefki, F|56/100|[from] Flip Turn
|
|-heal|p2a: Klefki|100/100|[from] move: Wish|[wisher] Alomomola
|upkeep
|turn|8
|
|t:|1760360368
|switch|p2a: Alomomola|Alomomola, F|100/100 brn
|move|p1a: Cinderace|Pyro Ball|p2a: Alomomola
|-resisted|p2a: Alomomola
|-damage|p2a: Alomomola|88/100 brn
|
|-damage|p2a: Alomomola|82/100 brn|[from] brn
|upkeep
|turn|9
|
|t:|1760360376
|move|p1a: Cinderace|U-turn|p2a: Alomomola
|-damage|p2a: Alomomola|71/100 brn
|
|t:|1760360380
|switch|p1a: Slowking|Slowking-Galar, F|100/100|[from] U-turn
|move|p2a: Alomomola|Flip Turn|p1a: Slowking
|-damage|p1a: Slowking|95/100
|
|t:|1760360386
|switch|p2a: Kingambit|Kingambit, F|100/100|[from] Flip Turn
|
|upkeep
|turn|10
|
|t:|1760360390
|switch|p1a: Great Tusk|Great Tusk|86/100
|move|p2a: Kingambit|Iron Head|p1a: Great Tusk
|-damage|p1a: Great Tusk|60/100
|
|-heal|p1a: Great Tusk|66/100|[from] item: Leftovers
|upkeep
|turn|11
|
|t:|1760360398
|-end|p2a: Kingambit|fallenundefined|[silent]
|switch|p2a: Alomomola|Alomomola, F|100/100 brn
|move|p1a: Great Tusk|Knock Off|p2a: Alomomola
|-damage|p2a: Alomomola|86/100 brn
|-enditem|p2a: Alomomola|Heavy-Duty Boots|[from] move: Knock Off|[of] p1a: Great Tusk
|
|-heal|p1a: Great Tusk|72/100|[from] item: Leftovers
|-damage|p2a: Alomomola|80/100 brn|[from] brn
|upkeep
|turn|12
|
|t:|1760360407
|-end|p1a: Great Tusk|Protosynthesis|[silent]
|switch|p1a: Alomomola|Alomomola, F|100/100
|move|p2a: Alomomola|Flip Turn|p1a: Alomomola
|-resisted|p1a: Alomomola
|-damage|p1a: Alomomola|98/100
|
|t:|1760360413
|switch|p2a: Iron Valiant|Iron Valiant|100/100|[from] Flip Turn
|
|upkeep
|turn|13
|
|t:|1760360417
|move|p2a: Iron Valiant|Thunderbolt|p1a: Alomomola
|-supereffective|p1a: Alomomola
|-damage|p1a: Alomomola|68/100
|move|p1a: Alomomola|Flip Turn|p2a: Iron Valiant
|-damage|p2a: Iron Valiant|78/100
|
|t:|1760360436
|switch|p1a: Slowking|Slowking-Galar, F|100/100|[from] Flip Turn
|
|upkeep
|turn|14
|
|t:|1760360441
|move|p2a: Iron Valiant|Knock Off|p1a: Slowking
|-supereffective|p1a: Slowking
|-damage|p1a: Slowking|58/100
|-enditem|p1a: Slowking|Shuca Berry|[from] move: Knock Off|[of] p2a: Iron Valiant
|move|p1a: Slowking|Future Sight|p2a: Iron Valiant
|-start|p1a: Slowking|move: Future Sight
|
|upkeep
|turn|15
|
|t:|1760360450
|-end|p2a: Iron Valiant|Quark Drive|[silent]
|switch|p2a: Kingambit|Kingambit, F|100/100
|-prepare|p1a: Slowking|Chilly Reception|[premajor]
|move|p1a: Slowking|Chilly Reception|p1a: Slowking
|-weather|Snowscape
|
|t:|1760360458
|switch|p1a: Cinderace|Cinderace, F|82/100|[from] Chilly Reception
|
|-weather|Snowscape|[upkeep]
|upkeep
|turn|16
|
|t:|1760360464
|-end|p2a: Kingambit|fallenundefined|[silent]
|switch|p2a: Alomomola|Alomomola, F|100/100 brn
|move|p1a: Cinderace|U-turn|p2a: Alomomola
|-damage|p2a: Alomomola|91/100 brn
|
|t:|1760360467
|switch|p1a: Slowking|Slowking-Galar, F|92/100|[from] U-turn
|
|-weather|Snowscape|[upkeep]
|-end|p2a: Alomomola|move: Future Sight
|-damage|p2a: Alomomola|38/100 brn
|-damage|p2a: Alomomola|31/100 brn|[from] brn
|upkeep
|turn|17
|
|t:|1760360477
|move|p2a: Alomomola|Wish|p2a: Alomomola
|move|p1a: Slowking|Future Sight|p2a: Alomomola
|-start|p1a: Slowking|move: Future Sight
|
|-weather|Snowscape|[upkeep]
|-damage|p2a: Alomomola|25/100 brn|[from] brn
|upkeep
|turn|18
|
|t:|1760360483
|move|p2a: Alomomola|Protect|p2a: Alomomola
|-singleturn|p2a: Alomomola|Protect
|-prepare|p1a: Slowking|Chilly Reception|[premajor]
|move|p1a: Slowking|Chilly Reception|p1a: Slowking
|
|t:|1760360490
|switch|p1a: Lokix|Lokix, M|100/100|[from] Chilly Reception
|
|-weather|Snowscape|[upkeep]
|-heal|p2a: Alomomola|75/100 brn|[from] move: Wish|[wisher] Alomomola
|-damage|p2a: Alomomola|69/100 brn|[from] brn
|upkeep
|turn|19
|
|t:|1760360498
|switch|p2a: Klefki|Klefki, F|100/100
|-terastallize|p1a: Lokix|Bug
|move|p1a: Lokix|U-turn|p2a: Klefki
|-resisted|p2a: Klefki
|-damage|p2a: Klefki|75/100
|
|t:|1760360502
|switch|p1a: Cinderace|Cinderace, F|82/100|[from] U-turn
|
|-weather|none
|-end|p2a: Klefki|move: Future Sight
|-resisted|p2a: Klefki
|-damage|p2a: Klefki|50/100
|upkeep
|turn|20
|
|t:|1760360509
|move|p2a: Klefki|Thunder Wave|p1a: Cinderace
|-status|p1a: Cinderace|par
|cant|p1a: Cinderace|par
|
|upkeep
|turn|21
|
|t:|1760360514
|move|p2a: Klefki|Foul Play|p1a: Cinderace
|-damage|p1a: Cinderace|49/100 par
|move|p1a: Cinderace|U-turn|p2a: Klefki
|-resisted|p2a: Klefki
|-damage|p2a: Klefki|46/100
|
|t:|1760360521
|switch|p1a: Great Tusk|Great Tusk|72/100|[from] U-turn
|
|-heal|p1a: Great Tusk|78/100|[from] item: Leftovers
|upkeep
|turn|22
|
|t:|1760360526
|-end|p1a: Great Tusk|Protosynthesis|[silent]
|switch|p1a: Slowking|Slowking-Galar, F|100/100
|switch|p2a: Iron Valiant|Iron Valiant|78/100
|
|upkeep
|turn|23
|
|t:|1760360532
|-end|p2a: Iron Valiant|Quark Drive|[silent]
|switch|p2a: Klefki|Klefki, F|46/100
|-prepare|p1a: Slowking|Chilly Reception|[premajor]
|move|p1a: Slowking|Chilly Reception|p1a: Slowking
|-weather|Snowscape
|
|t:|1760360536
|switch|p1a: Cinderace|Cinderace, F|49/100 par|[from] Chilly Reception
|
|-weather|Snowscape|[upkeep]
|upkeep
|turn|24
|
|t:|1760360541
|move|p2a: Klefki|Magnet Rise|p2a: Klefki
|-start|p2a: Klefki|Magnet Rise
|move|p1a: Cinderace|Pyro Ball|p2a: Klefki
|-supereffective|p2a: Klefki
|-damage|p2a: Klefki|0 fnt
|faint|p2a: Klefki
|
|-weather|Snowscape|[upkeep]
|upkeep
|
|t:|1760360549
|switch|p2a: Gliscor|Gliscor, M|100/100
|turn|25
|
|t:|1760360552
|move|p2a: Gliscor|Knock Off|p1a: Cinderace
|-damage|p1a: Cinderace|23/100 par
|-enditem|p1a: Cinderace|Heavy-Duty Boots|[from] move: Knock Off|[of] p2a: Gliscor
|move|p1a: Cinderace|Will-O-Wisp|p2a: Gliscor
|-status|p2a: Gliscor|brn
|
|-weather|Snowscape|[upkeep]
|-damage|p2a: Gliscor|94/100 brn|[from] brn
|upkeep
|turn|26
|
|t:|1760360561
|move|p2a: Gliscor|U-turn|p1a: Cinderace
|-resisted|p1a: Cinderace
|-damage|p1a: Cinderace|19/100 par
|
|t:|1760360564
|switch|p2a: Alomomola|Alomomola, F|100/100 brn|[from] U-turn
|move|p1a: Cinderace|U-turn|p2a: Alomomola
|-damage|p2a: Alomomola|90/100 brn
|
|t:|1760360568
|switch|p1a: Lokix|Lokix, M, tera:Bug|100/100|[from] U-turn
|
|-weather|Snowscape|[upkeep]
|-damage|p2a: Alomomola|84/100 brn|[from] brn
|upkeep
|turn|27
|
|t:|1760360574
|move|p1a: Lokix|Leech Life|p2a: Alomomola
|-damage|p2a: Alomomola|42/100 brn
|move|p2a: Alomomola|Flip Turn|p1a: Lokix
|-crit|p1a: Lokix
|-damage|p1a: Lokix|82/100
|
|t:|1760360582
|switch|p2a: Iron Valiant|Iron Valiant|78/100|[from] Flip Turn
|
|-weather|none
|upkeep
|turn|28
|
|t:|1760360587
|-end|p2a: Iron Valiant|Quark Drive|[silent]
|switch|p2a: Kingambit|Kingambit, F|100/100
|-activate|p2a: Kingambit|ability: Supreme Overlord
|-start|p2a: Kingambit|fallen1|[silent]
|switch|p1a: Slowking|Slowking-Galar, F|100/100
|
|upkeep
|turn|29
|
|t:|1760360594
|switch|p1a: Great Tusk|Great Tusk|78/100
|move|p2a: Kingambit|Swords Dance|p2a: Kingambit
|-boost|p2a: Kingambit|atk|2
|
|-heal|p1a: Great Tusk|85/100|[from] item: Leftovers
|upkeep
|turn|30
|
|t:|1760360602
|-terastallize|p2a: Kingambit|Dark
|move|p1a: Great Tusk|Bulk Up|p1a: Great Tusk
|-boost|p1a: Great Tusk|atk|1
|-boost|p1a: Great Tusk|def|1
|move|p2a: Kingambit|Swords Dance|p2a: Kingambit
|-boost|p2a: Kingambit|atk|2
|
|-heal|p1a: Great Tusk|91/100|[from] item: Leftovers
|upkeep
|turn|31
|
|t:|1760360614
|move|p1a: Great Tusk|Earthquake|p2a: Kingambit
|-damage|p2a: Kingambit|50/100
|move|p2a: Kingambit|Iron Head|p1a: Great Tusk
|-damage|p1a: Great Tusk|40/100
|
|-heal|p1a: Great Tusk|46/100|[from] item: Leftovers
|upkeep
|turn|32
|
|t:|1760360622
|move|p1a: Great Tusk|Earthquake|p2a: Kingambit
|-damage|p2a: Kingambit|0 fnt
|faint|p2a: Kingambit
|-end|p2a: Kingambit|fallen1|[silent]
|
|-heal|p1a: Great Tusk|53/100|[from] item: Leftovers
|upkeep
|
|t:|1760360627
|switch|p2a: Iron Valiant|Iron Valiant|78/100
|turn|33
|
|t:|1760360635
|-end|p1a: Great Tusk|Protosynthesis|[silent]
|switch|p1a: Slowking|Slowking-Galar, F|100/100
|move|p2a: Iron Valiant|Moonblast|p1a: Slowking
|-resisted|p1a: Slowking
|-damage|p1a: Slowking|80/100
|
|upkeep
|turn|34
|-message|ivon_neeeeeee forfeited.
|
|win|Spyro190 testing
|raw|Spyro190 testing's rating: 1626 &rarr; <strong>1645</strong><br />(+19 for winning)
|raw|ivon_neeeeeee's rating: 1601 &rarr; <strong>1582</strong><br />(-19 for losing)
|l|☆ivon_neeeeeee
|player|p2|
|l|☆Spyro190 testing
|player|p1|
