|badge|p1|bronze|gen9ou|100-7
|uhtml|medal-msg|<div class="broadcast-blue">Curious what those medals under the avatar are? PS now has Ladder Seasons! For more information, check out the <a href="https://www.smogon.com/forums/threads/3740067/">thread on Smogon.</a></div>
|j|☆MooFarmer
|j|☆LT124YH Prav33n
|t:|1760329914
|gametype|singles
|player|p1|MooFarmer|2|1826
|player|p2|LT124YH Prav33n|koga|1857
|gen|9
|tier|[Gen 9] OU
|rated|
|rule|HP Percentage Mod: HP is shown in percentages
|rule|Endless Battle Clause: Forcing endless battles is banned
|rule|Species Clause: Limit one of each Pokémon
|rule|OHKO Clause: OHKO moves are banned
|rule|Evasion Items Clause: Evasion items are banned
|rule|Evasion Moves Clause: Evasion moves are banned
|rule|Evasion Abilities Clause: Evasion abilities are banned
|rule|Sleep Moves Clause: Sleep-inducing moves are banned
|clearpoke
|poke|p1|Kyurem|
|poke|p1|Corviknight, M|
|poke|p1|Ting-Lu|
|poke|p1|Dondozo, M|
|poke|p1|Slowking-Galar, L99, F|
|poke|p1|Cinderace, M|
|poke|p2|Primarina, F|
|poke|p2|Moltres|
|poke|p2|Darkrai|
|poke|p2|Ogerpon, F|
|poke|p2|Great Tusk|
|poke|p2|Gholdengo|
|teampreview
|inactive|Battle timer is ON: inactive players will automatically lose when time's up. (requested by LT124YH Prav33n)
|j| ulisesdiogenes
|inactive|MooFarmer has 120 seconds left.
|
|t:|1760329962
|teamsize|p1|6
|teamsize|p2|6
|start
|switch|p1a: Ting-Lu|Ting-Lu|100/100
|switch|p2a: Darkrai|Darkrai|100/100
|-ability|p1a: Ting-Lu|Vessel of Ruin
|turn|1
|inactive|MooFarmer also wants the timer to be on.
|inactive|MooFarmer has 120 seconds left.
|
|t:|1760330009
|move|p2a: Darkrai|Will-O-Wisp|p1a: Ting-Lu
|-status|p1a: Ting-Lu|brn
|move|p1a: Ting-Lu|Earthquake|p2a: Darkrai
|-damage|p2a: Darkrai|76/100
|
|-damage|p1a: Ting-Lu|94/100 brn|[from] brn
|upkeep
|turn|2
|inactive|MooFarmer has 90 seconds left.
|j| ZeroIQ McGoo
|j| HuaiYi0923
|
|t:|1760330055
|move|p2a: Darkrai|Knock Off|p1a: Ting-Lu
|-resisted|p1a: Ting-Lu
|-damage|p1a: Ting-Lu|87/100 brn
|-enditem|p1a: Ting-Lu|Leftovers|[from] move: Knock Off|[of] p2a: Darkrai
|move|p1a: Ting-Lu|Rest|p1a: Ting-Lu
|-status|p1a: Ting-Lu|slp|[from] move: Rest
|-heal|p1a: Ting-Lu|100/100 slp|[silent]
|
|-damage|p1a: Ting-Lu|88/100 slp|[from] ability: Bad Dreams|[of] p2a: Darkrai
|upkeep
|turn|3
|inactive|MooFarmer has 60 seconds left.
|
|t:|1760330102
|move|p2a: Darkrai|Ice Beam|p1a: Ting-Lu
|-supereffective|p1a: Ting-Lu
|-damage|p1a: Ting-Lu|60/100 slp
|cant|p1a: Ting-Lu|slp
|move|p1a: Ting-Lu|Sleep Talk|p1a: Ting-Lu
|move|p1a: Ting-Lu|Payback|p2a: Darkrai|[from] move: Sleep Talk
|-resisted|p2a: Darkrai
|-damage|p2a: Darkrai|53/100
|
|-damage|p1a: Ting-Lu|47/100 slp|[from] ability: Bad Dreams|[of] p2a: Darkrai
|upkeep
|turn|4
|j| Supa Dupa Hoopa
|
|t:|1760330116
|move|p2a: Darkrai|Ice Beam|p1a: Ting-Lu
|-supereffective|p1a: Ting-Lu
|-damage|p1a: Ting-Lu|21/100 slp
|cant|p1a: Ting-Lu|slp
|move|p1a: Ting-Lu|Sleep Talk|p1a: Ting-Lu
|move|p1a: Ting-Lu|Earthquake|p2a: Darkrai|[from] move: Sleep Talk
|-damage|p2a: Darkrai|0 fnt
|faint|p2a: Darkrai
|
|upkeep
|
|t:|1760330120
|switch|p2a: Gholdengo|Gholdengo|100/100
|turn|5
|
|t:|1760330128
|-terastallize|p1a: Ting-Lu|Water
|move|p2a: Gholdengo|Make It Rain|p1a: Ting-Lu
|-resisted|p1a: Ting-Lu
|-damage|p1a: Ting-Lu|3/100 slp
|-unboost|p2a: Gholdengo|spa|1
|-curestatus|p1a: Ting-Lu|slp|[msg]
|move|p1a: Ting-Lu|Rest|p1a: Ting-Lu
|-status|p1a: Ting-Lu|slp|[from] move: Rest
|-heal|p1a: Ting-Lu|100/100 slp|[silent]
|
|upkeep
|turn|6
|
|t:|1760330140
|switch|p2a: Ogerpon|Ogerpon, F|100/100
|cant|p1a: Ting-Lu|slp
|move|p1a: Ting-Lu|Sleep Talk|p1a: Ting-Lu
|move|p1a: Ting-Lu|Payback|p2a: Ogerpon|[from] move: Sleep Talk
|-crit|p2a: Ogerpon
|-damage|p2a: Ogerpon|65/100
|
|upkeep
|turn|7
|inactive|MooFarmer has 60 seconds left.
|
|t:|1760330149
|switch|p1a: Corviknight|Corviknight, M|100/100
|-ability|p1a: Corviknight|Pressure
|move|p2a: Ogerpon|Knock Off|p1a: Corviknight
|-damage|p1a: Corviknight|82/100
|-damage|p2a: Ogerpon|49/100|[from] item: Rocky Helmet|[of] p1a: Corviknight
|-enditem|p1a: Corviknight|Rocky Helmet|[from] move: Knock Off|[of] p2a: Ogerpon
|
|upkeep
|turn|8
|
|t:|1760330158
|switch|p2a: Moltres|Moltres|100/100
|move|p1a: Corviknight|U-turn|p2a: Moltres
|-resisted|p2a: Moltres
|-damage|p2a: Moltres|97/100
|l| ulisesdiogenes
|
|t:|1760330168
|switch|p1a: Kyurem|Kyurem|100/100|[from] U-turn
|-ability|p1a: Kyurem|Pressure
|
|upkeep
|turn|9
|
|t:|1760330177
|move|p1a: Kyurem|Freeze-Dry|p2a: Moltres
|-damage|p2a: Moltres|72/100
|move|p2a: Moltres|Flamethrower|p1a: Kyurem
|-damage|p1a: Kyurem|64/100
|
|-heal|p1a: Kyurem|70/100|[from] item: Leftovers
|upkeep
|turn|10
|
|t:|1760330187
|move|p1a: Kyurem|Freeze-Dry|p2a: Moltres
|-damage|p2a: Moltres|44/100
|move|p2a: Moltres|Flamethrower|p1a: Kyurem
|-damage|p1a: Kyurem|35/100
|
|-heal|p1a: Kyurem|41/100|[from] item: Leftovers
|upkeep
|turn|11
|
|t:|1760330196
|move|p1a: Kyurem|Freeze-Dry|p2a: Moltres
|-damage|p2a: Moltres|17/100
|move|p2a: Moltres|Roost|p2a: Moltres
|-heal|p2a: Moltres|68/100
|-singleturn|p2a: Moltres|move: Roost
|
|-heal|p1a: Kyurem|48/100|[from] item: Leftovers
|upkeep
|turn|12
|
|t:|1760330205
|move|p1a: Kyurem|Freeze-Dry|p2a: Moltres
|-damage|p2a: Moltres|43/100
|move|p2a: Moltres|Flamethrower|p1a: Kyurem
|-crit|p1a: Kyurem
|-damage|p1a: Kyurem|0 fnt
|faint|p1a: Kyurem
|
|upkeep
|inactive|MooFarmer has 60 seconds left.
|
|t:|1760330251
|switch|p1a: Ting-Lu|Ting-Lu, tera:Water|100/100 slp
|-ability|p1a: Ting-Lu|Vessel of Ruin
|turn|13
|j| heatraniac
|l| heatraniac
|inactive|MooFarmer has 30 seconds left.
|j| OUHF Foenem
|inactive|MooFarmer has 20 seconds left.
|inactive|MooFarmer has 15 seconds left.
|l| OUHF Foenem
|inactive|MooFarmer has 10 seconds left.
|
|t:|1760330296
|move|p2a: Moltres|Roost|p2a: Moltres
|-heal|p2a: Moltres|93/100
|-singleturn|p2a: Moltres|move: Roost
|cant|p1a: Ting-Lu|slp
|move|p1a: Ting-Lu|Sleep Talk|p1a: Ting-Lu
|move|p1a: Ting-Lu|Payback|p2a: Moltres|[from] move: Sleep Talk
|-damage|p2a: Moltres|56/100
|
|upkeep
|turn|14
|inactive|MooFarmer has 20 seconds left this turn.
|inactive|MooFarmer has 15 seconds left.
|
|t:|1760330305
|move|p2a: Moltres|U-turn|p1a: Ting-Lu
|-damage|p1a: Ting-Lu|93/100 slp
|
|t:|1760330306
|switch|p2a: Ogerpon|Ogerpon, F|49/100|[from] U-turn
|-curestatus|p1a: Ting-Lu|slp|[msg]
|move|p1a: Ting-Lu|Earthquake|p2a: Ogerpon
|-resisted|p2a: Ogerpon
|-damage|p2a: Ogerpon|24/100
|
|upkeep
|turn|15
|inactive|MooFarmer has 30 seconds left this turn.
|
|t:|1760330315
|move|p2a: Ogerpon|U-turn|p1a: Ting-Lu
|-damage|p1a: Ting-Lu|80/100
|
|t:|1760330319
|switch|p2a: Primarina|Primarina, F|100/100|[from] U-turn
|move|p1a: Ting-Lu|Payback|p2a: Primarina
|-resisted|p2a: Primarina
|-damage|p2a: Primarina|88/100
|
|upkeep
|turn|16
|
|t:|1760330329
|move|p2a: Primarina|Moonblast|p1a: Ting-Lu
|-damage|p1a: Ting-Lu|59/100
|move|p1a: Ting-Lu|Payback|p2a: Primarina
|-resisted|p2a: Primarina
|-damage|p2a: Primarina|64/100
|
|upkeep
|turn|17
|
|t:|1760330339
|move|p2a: Primarina|Moonblast|p1a: Ting-Lu
|-damage|p1a: Ting-Lu|35/100
|-unboost|p1a: Ting-Lu|spa|1
|move|p1a: Ting-Lu|Earthquake|p2a: Primarina
|-damage|p2a: Primarina|11/100
|
|upkeep
|turn|18
|
|t:|1760330351
|move|p2a: Primarina|Psychic Noise|p1a: Ting-Lu
|-resisted|p1a: Ting-Lu
|-damage|p1a: Ting-Lu|26/100
|-start|p1a: Ting-Lu|move: Heal Block
|cant|p1a: Ting-Lu|move: Heal Block|Rest
|
|upkeep
|turn|19
|
|t:|1760330360
|move|p2a: Primarina|Whirlpool|p1a: Ting-Lu
|-resisted|p1a: Ting-Lu
|-damage|p1a: Ting-Lu|22/100
|-activate|p1a: Ting-Lu|move: Whirlpool|[of] p2a: Primarina
|move|p1a: Ting-Lu|Earthquake|p2a: Primarina
|-damage|p2a: Primarina|0 fnt
|faint|p2a: Primarina
|
|-end|p1a: Ting-Lu|Whirlpool|[partiallytrapped]|[silent]
|-end|p1a: Ting-Lu|move: Heal Block
|upkeep
|
|t:|1760330368
|switch|p2a: Ogerpon|Ogerpon, F|24/100
|turn|20
|
|t:|1760330376
|switch|p1a: Cinderace|Cinderace, M|100/100
|move|p2a: Ogerpon|Ivy Cudgel|p1a: Cinderace
|-resisted|p1a: Cinderace
|-damage|p1a: Cinderace|69/100
|
|upkeep
|turn|21
|inactive|MooFarmer has 60 seconds left.
|
|t:|1760330389
|switch|p2a: Great Tusk|Great Tusk|100/100
|move|p1a: Cinderace|U-turn|p2a: Great Tusk
|-resisted|p2a: Great Tusk
|-damage|p2a: Great Tusk|94/100
|inactive|MooFarmer has 60 seconds left.
|
|t:|1760330398
|switch|p1a: Dondozo|Dondozo, M|100/100|[from] U-turn
|
|upkeep
|turn|22
|
|t:|1760330408
|move|p2a: Great Tusk|Stealth Rock|p1a: Dondozo
|-sidestart|p1: MooFarmer|move: Stealth Rock
|move|p1a: Dondozo|Waterfall|p2a: Great Tusk
|-supereffective|p2a: Great Tusk
|-damage|p2a: Great Tusk|53/100
|
|upkeep
|turn|23
|
|t:|1760330420
|-end|p2a: Great Tusk|Protosynthesis|[silent]
|switch|p2a: Gholdengo|Gholdengo|100/100
|move|p1a: Dondozo|Waterfall|p2a: Gholdengo
|-damage|p2a: Gholdengo|73/100
|
|upkeep
|turn|24
|l| Supa Dupa Hoopa
|
|t:|1760330428
|switch|p1a: Ting-Lu|Ting-Lu, tera:Water|22/100
|-damage|p1a: Ting-Lu|9/100|[from] Stealth Rock
|-ability|p1a: Ting-Lu|Vessel of Ruin
|move|p2a: Gholdengo|Shadow Ball|p1a: Ting-Lu
|-damage|p1a: Ting-Lu|0 fnt
|faint|p1a: Ting-Lu
|
|upkeep
|
|t:|1760330437
|switch|p1a: Cinderace|Cinderace, M|69/100
|turn|25
|
|t:|1760330447
|switch|p2a: Great Tusk|Great Tusk|53/100
|move|p1a: Cinderace|Pyro Ball|p2a: Great Tusk
|-damage|p2a: Great Tusk|18/100
|
|upkeep
|turn|26
|
|t:|1760330455
|move|p1a: Cinderace|Pyro Ball|p2a: Great Tusk
|-crit|p2a: Great Tusk
|-damage|p2a: Great Tusk|0 fnt
|faint|p2a: Great Tusk
|-end|p2a: Great Tusk|Protosynthesis|[silent]
|
|upkeep
|
|t:|1760330460
|switch|p2a: Gholdengo|Gholdengo|73/100
|turn|27
|inactive|MooFarmer has 90 seconds left.
|j| Supa Dupa Hoopa
|l| Supa Dupa Hoopa
|inactive|MooFarmer has 60 seconds left.
|
|t:|1760330505
|switch|p2a: Moltres|Moltres|56/100
|move|p1a: Cinderace|Pyro Ball|p2a: Moltres
|-resisted|p2a: Moltres
|-damage|p2a: Moltres|34/100
|
|upkeep
|turn|28
|
|t:|1760330517
|move|p1a: Cinderace|Court Change|p1a: Cinderace
|-swapsideconditions
|-activate|p1a: Cinderace|move: Court Change
|move|p2a: Moltres|Roost|p2a: Moltres
|-heal|p2a: Moltres|84/100
|-singleturn|p2a: Moltres|move: Roost
|
|upkeep
|turn|29
|
|t:|1760330525
|move|p1a: Cinderace|Pyro Ball|p2a: Moltres
|-resisted|p2a: Moltres
|-damage|p2a: Moltres|59/100
|move|p2a: Moltres|Scorching Sands|p1a: Cinderace
|-supereffective|p1a: Cinderace
|-damage|p1a: Cinderace|23/100
|
|upkeep
|turn|30
|
|t:|1760330535
|move|p1a: Cinderace|Pyro Ball|p2a: Moltres
|-resisted|p2a: Moltres
|-damage|p2a: Moltres|27/100
|move|p2a: Moltres|U-turn|p1a: Cinderace
|-resisted|p1a: Cinderace
|-damage|p1a: Cinderace|13/100
|
|t:|1760330538
|switch|p2a: Ogerpon|Ogerpon, F|24/100|[from] U-turn
|
|upkeep
|turn|31
|
|t:|1760330546
|switch|p2a: Moltres|Moltres|27/100
|move|p1a: Cinderace|Pyro Ball|p2a: Moltres
|-resisted|p2a: Moltres
|-damage|p2a: Moltres|0 fnt
|faint|p2a: Moltres
|
|upkeep
|
|t:|1760330550
|switch|p2a: Ogerpon|Ogerpon, F|24/100
|turn|32
|
|t:|1760330558
|-terastallize|p2a: Ogerpon|Grass
|detailschange|p2a: Ogerpon|Ogerpon-Teal-Tera, F, tera:Grass
|-ability|p2a: Ogerpon|Embody Aspect (Teal)|boost
|-boost|p2a: Ogerpon|spe|1
|move|p2a: Ogerpon|Ivy Cudgel|p1a: Cinderace
|-resisted|p1a: Cinderace
|-damage|p1a: Cinderace|0 fnt
|faint|p1a: Cinderace
|
|upkeep
|
|t:|1760330567
|switch|p1a: Dondozo|Dondozo, M|100/100
|turn|33
|
|t:|1760330575
|switch|p1a: Corviknight|Corviknight, M|82/100
|-ability|p1a: Corviknight|Pressure
|move|p2a: Ogerpon|Ivy Cudgel|p1a: Corviknight
|-resisted|p1a: Corviknight
|-crit|p1a: Corviknight
|-damage|p1a: Corviknight|69/100
|
|upkeep
|turn|34
|
|t:|1760330585
|switch|p2a: Gholdengo|Gholdengo|73/100
|-damage|p2a: Gholdengo|66/100|[from] Stealth Rock
|move|p1a: Corviknight|Roost|p1a: Corviknight
|-heal|p1a: Corviknight|100/100
|-singleturn|p1a: Corviknight|move: Roost
|
|upkeep
|turn|35
|inactive|MooFarmer has 90 seconds left.
|
|t:|1760330630
|move|p2a: Gholdengo|Recover|p2a: Gholdengo
|-heal|p2a: Gholdengo|100/100
|move|p1a: Corviknight|Roost||[still]
|-fail|p1a: Corviknight|heal
|
|upkeep
|turn|36
|
|t:|1760330639
|move|p2a: Gholdengo|Nasty Plot|p2a: Gholdengo
|-boost|p2a: Gholdengo|spa|2
|move|p1a: Corviknight|U-turn|p2a: Gholdengo
|-resisted|p2a: Gholdengo
|-damage|p2a: Gholdengo|97/100
|
|t:|1760330648
|switch|p1a: Dondozo|Dondozo, M|100/100|[from] U-turn
|
|upkeep
|turn|37
|
|t:|1760330658
|move|p2a: Gholdengo|Shadow Ball|p1a: Dondozo
|-damage|p1a: Dondozo|54/100
|-unboost|p1a: Dondozo|spd|1
|move|p1a: Dondozo|Waterfall|p2a: Gholdengo
|-damage|p2a: Gholdengo|65/100
|
|-heal|p1a: Dondozo|60/100|[from] item: Leftovers
|upkeep
|turn|38
|j| CyborgParrot127
|
|t:|1760330667
|switch|p1a: Corviknight|Corviknight, M|100/100
|-ability|p1a: Corviknight|Pressure
|move|p2a: Gholdengo|Shadow Ball|p1a: Corviknight
|-damage|p1a: Corviknight|14/100
|
|upkeep
|turn|39
|inactive|MooFarmer has 90 seconds left.
|
|t:|1760330675
|move|p2a: Gholdengo|Recover|p2a: Gholdengo
|-heal|p2a: Gholdengo|100/100
|move|p1a: Corviknight|Roost|p1a: Corviknight
|-heal|p1a: Corviknight|64/100
|-singleturn|p1a: Corviknight|move: Roost
|
|upkeep
|turn|40
|
|t:|1760330684
|move|p2a: Gholdengo|Shadow Ball|p1a: Corviknight
|-damage|p1a: Corviknight|0 fnt
|faint|p1a: Corviknight
|
|upkeep
|
|t:|1760330693
|switch|p1a: Dondozo|Dondozo, M|60/100
|turn|41
|
|t:|1760330701
|move|p2a: Gholdengo|Shadow Ball|p1a: Dondozo
|-damage|p1a: Dondozo|14/100
|move|p1a: Dondozo|Rest|p1a: Dondozo
|-status|p1a: Dondozo|slp|[from] move: Rest
|-heal|p1a: Dondozo|100/100 slp|[silent]
|
|upkeep
|turn|42
|
|t:|1760330709
|move|p2a: Gholdengo|Shadow Ball|p1a: Dondozo
|-damage|p1a: Dondozo|56/100 slp
|cant|p1a: Dondozo|slp
|
|-heal|p1a: Dondozo|63/100 slp|[from] item: Leftovers
|upkeep
|turn|43
|
|t:|1760330717
|move|p2a: Gholdengo|Shadow Ball|p1a: Dondozo
|-damage|p1a: Dondozo|18/100 slp
|cant|p1a: Dondozo|slp
|
|-heal|p1a: Dondozo|24/100 slp|[from] item: Leftovers
|upkeep
|turn|44
|
|t:|1760330723
|move|p2a: Gholdengo|Shadow Ball|p1a: Dondozo
|-damage|p1a: Dondozo|0 fnt
|faint|p1a: Dondozo
|
|upkeep
|
|t:|1760330729
|switch|p1a: Slowking|Slowking-Galar, L99, F|100/100
|turn|45
|
|t:|1760330733
|move|p2a: Gholdengo|Make It Rain|p1a: Slowking
|-damage|p1a: Slowking|2/100
|-unboost|p2a: Gholdengo|spa|1
|move|p1a: Slowking|Toxic|p2a: Gholdengo
|-immune|p2a: Gholdengo|[from] ability: Good as Gold
|
|upkeep
|turn|46
|
|t:|1760330737
|move|p2a: Gholdengo|Make It Rain|p1a: Slowking
|-damage|p1a: Slowking|0 fnt
|-unboost|p2a: Gholdengo|spa|1
|faint|p1a: Slowking
|
|win|LT124YH Prav33n
|raw|MooFarmer's rating: 1826 &rarr; <strong>1808</strong><br />(-18 for losing)
|raw|LT124YH Prav33n's rating: 1857 &rarr; <strong>1875</strong><br />(+18 for winning)
|l|☆MooFarmer
|player|p1|
|l| CyborgParrot127
|l| HuaiYi0923
|l|☆LT124YH Prav33n
|player|p2|
|j|☆LT124YH Prav33n
|player|p2|LT124YH Prav33n|koga|
|l|☆LT124YH Prav33n
|player|p2|
|j|☆LT124YH Prav33n
|player|p2|LT124YH Prav33n|koga|
|l|☆LT124YH Prav33n
|player|p2|
